{
  "id": "gen9championsvgc2026regma-2586074843",
  "format": "[Gen 9 Champions] VGC 2026 Reg M-A",
  "players": [
    "catpotatt",
    "Bonaban"
  ],
  "log": "|j|\u2606catpotatt\n|j|\u2606Bonaban\n|t:|1776396275\n|gametype|doubles\n|player|p1|catpotatt|roxie|1354\n|player|p2|Bonaban|169|1272\n|gen|9\n|tier|[Gen 9 Champions] VGC 2026 Reg M-A\n|rated|\n|rule|Species Clause: Limit one of each Pok\u00e9mon\n|rule|Item Clause: Limit 1 of each item\n|clearpoke\n|poke|p1|Basculegion, L50, M|\n|poke|p1|Floette-Eternal, L50, F|\n|poke|p1|Talonflame, L50, M|\n|poke|p1|Garchomp, L50, F|\n|poke|p1|Gardevoir, L50, M|\n|poke|p1|Rotom-Heat, L50|\n|poke|p2|Torkoal, L50, M|\n|poke|p2|Garchomp, L50, F|\n|poke|p2|Sneasler, L50, M|\n|poke|p2|Aegislash, L50, F|\n|poke|p2|Rotom-Wash, L50|\n|poke|p2|Chimecho, L50, M|\n|teampreview|4\n|inactive|Battle timer is ON: inactive players will automatically lose when time's up. (requested by Bonaban)\n|\n|t:|1776396310\n|teamsize|p1|4\n|teamsize|p2|4\n|start\n|switch|p1a: Talonflame|Talonflame, L50, M|100/100\n|switch|p1b: Garchomp|Garchomp, L50, F|100/100\n|switch|p2a: Rotom|Rotom-Wash, L50|100/100\n|switch|p2b: Chimecho|Chimecho, L50, M|100/100\n|turn|1\n|inactive|Bonaban has 30 seconds left.\n|\n|t:|1776396339\n|detailschange|p2b: Chimecho|Chimecho-Mega, L50, M\n|-mega|p2b: Chimecho|Chimecho|Chimechite\n|move|p1a: Talonflame|Protect|p1a: Talonflame\n|-singleturn|p1a: Talonflame|Protect\n|move|p2a: Rotom|Will-O-Wisp|p1b: Garchomp\n|-status|p1b: Garchomp|brn\n|move|p1b: Garchomp|Dragon Claw|p2a: Rotom\n|-damage|p2a: Rotom|75/100\n|move|p2b: Chimecho|Trick Room|p2b: Chimecho\n|-fieldstart|move: Trick Room|[of] p2b: Chimecho\n|\n|-damage|p1b: Garchomp|94/100 brn|[from] brn\n|upkeep\n|turn|2\n|inactive|catpotatt has 30 seconds left.\n|inactive|Bonaban has 30 seconds left.\n|\n|t:|1776396372\n|switch|p1b: Rotom|Rotom-Heat, L50|100/100\n|switch|p2a: Sneasler|Sneasler, L50, M|100/100\n|move|p2b: Chimecho|Skill Swap|p2a: Sneasler\n|-activate|p2b: Chimecho|Skill Swap|||[of] p2a: Sneasler\n|move|p1a: Talonflame|Overheat|p2b: Chimecho\n|-supereffective|p2b: Chimecho|1\n|-damage|p2b: Chimecho|41/100\n|-unboost|p1a: Talonflame|spa|2\n|\n|upkeep\n|turn|3\n|inactive|Bonaban has 30 seconds left.\n|\n|t:|1776396400\n|switch|p2b: Rotom|Rotom-Wash, L50|75/100\n|move|p2a: Sneasler|Fake Out|p1b: Rotom\n|-damage|p1b: Rotom|86/100\n|move|p1a: Talonflame|Dual Wingbeat|p2a: Sneasler\n|-supereffective|p2a: Sneasler|1\n|-damage|p2a: Sneasler|32/100\n|-supereffective|p2a: Sneasler|1\n|-damage|p2a: Sneasler|0 fnt\n|faint|p2a: Sneasler\n|-hitcount|p2: Sneasler|2\n|cant|p1b: Rotom|flinch\n|\n|upkeep\n|\n|t:|1776396408\n|switch|p2a: Chimecho|Chimecho-Mega, L50, M|41/100\n|turn|4\n|inactive|Bonaban has 30 seconds left.\n|inactive|Bonaban has 20 seconds left.\n|inactive|catpotatt has 30 seconds left.\n|\n|t:|1776396450\n|switch|p1b: Garchomp|Garchomp, L50, F|94/100 brn\n|move|p2a: Chimecho|Flash Cannon|p1b: Garchomp\n|-damage|p1b: Garchomp|46/100 brn\n|move|p1a: Talonflame|Overheat|p2a: Chimecho\n|-supereffective|p2a: Chimecho|1\n|-damage|p2a: Chimecho|8/100\n|-unboost|p1a: Talonflame|spa|2\n|move|p2b: Rotom|Hydro Pump|p1b: Garchomp\n|-damage|p1b: Garchomp|0 fnt\n|faint|p1b: Garchomp\n|\n|upkeep\n|\n|t:|1776396460\n|switch|p1b: Rotom|Rotom-Heat, L50|86/100\n|turn|5\n|\n|t:|1776396483\n|move|p1a: Talonflame|Dual Wingbeat|p2a: Chimecho\n|-resisted|p2a: Chimecho|1\n|-damage|p2a: Chimecho|0 fnt\n|faint|p2a: Chimecho\n|-hitcount|p2: Chimecho|1\n|move|p1b: Rotom|Thunderbolt|p2b: Rotom\n|-damage|p2b: Rotom|38/100\n|move|p2b: Rotom|Hydro Pump|p1a: Talonflame\n|-supereffective|p1a: Talonflame|1\n|-damage|p1a: Talonflame|0 fnt\n|faint|p1a: Talonflame\n|\n|-fieldend|move: Trick Room\n|upkeep\n|\n|t:|1776396492\n|switch|p1a: Basculegion|Basculegion, L50, M|100/100\n|switch|p2a: Aegislash|Aegislash, L50, F|100/100\n|turn|6\n|\n|t:|1776396509\n|move|p2b: Rotom|Hydro Pump|p1b: Rotom\n|-supereffective|p1b: Rotom|1\n|-damage|p1b: Rotom|3/100\n|-enditem|p1b: Rotom|Sitrus Berry|[eat]\n|-heal|p1b: Rotom|28/100|[from] item: Sitrus Berry\n|move|p1a: Basculegion|Last Respects|p2b: Rotom\n|-damage|p2b: Rotom|0 fnt\n|faint|p2b: Rotom\n|move|p1b: Rotom|Thunderbolt|p2a: Aegislash\n|-damage|p2a: Aegislash|75/100\n|-formechange|p2a: Aegislash|Aegislash-Blade|\n|move|p2a: Aegislash|Poltergeist|p1a: Basculegion\n|-activate|p1a: Basculegion|move: Poltergeist|Choice Scarf\n|-supereffective|p1a: Basculegion|1\n|-damage|p1a: Basculegion|0 fnt\n|faint|p1a: Basculegion\n|\n|-heal|p2a: Aegislash|81/100|[from] item: Leftovers\n|upkeep\n|turn|7\n|\n|t:|1776396522\n|move|p2a: Aegislash|Shadow Sneak|p1b: Rotom\n|-damage|p1b: Rotom|4/100\n|move|p1b: Rotom|Overheat|p2a: Aegislash\n|-supereffective|p2a: Aegislash|1\n|-damage|p2a: Aegislash|0 fnt\n|-unboost|p1b: Rotom|spa|2\n|faint|p2a: Aegislash\n|\n|win|catpotatt\n|raw|catpotatt's rating: 1354 &rarr; <strong>1369</strong><br />(+15 for winning)\n|raw|Bonaban's rating: 1272 &rarr; <strong>1253</strong><br />(-19 for losing)\n|c|\u2606catpotatt|gg\n|c|\u2606Bonaban|gg\n",
  "uploadtime": 1776396530,
  "views": 41,
  "formatid": "gen9championsvgc2026regma",
  "rating": 1253,
  "private": 0,
  "password": null
}