{
  "id": "gen9championsvgc2026regma-2588146966",
  "format": "[Gen 9 Champions] VGC 2026 Reg M-A",
  "players": [
    "e4mence",
    "YeehawWorkGaming"
  ],
  "log": "|j|\u2606e4mence\n|j|\u2606YeehawWorkGaming\n|t:|1776609031\n|gametype|doubles\n|player|p1|e4mence|2|1136\n|player|p2|YeehawWorkGaming|265|1086\n|gen|9\n|tier|[Gen 9 Champions] VGC 2026 Reg M-A\n|rated|\n|rule|Species Clause: Limit one of each Pok\u00e9mon\n|rule|Item Clause: Limit 1 of each item\n|clearpoke\n|poke|p1|Scovillain, L50, F|\n|poke|p1|Hydreigon, L50, M|\n|poke|p1|Aegislash, L50, F|\n|poke|p1|Gyarados, L50, M|\n|poke|p1|Sneasler, L50, M|\n|poke|p1|Aerodactyl, L50, F|\n|poke|p2|Golurk, L50|\n|poke|p2|Farigiraf, L50, M|\n|poke|p2|Torkoal, L50, M|\n|poke|p2|Incineroar, L50, F|\n|poke|p2|Aggron, L50, F|\n|poke|p2|Milotic, L50, F|\n|teampreview|4\n|inactive|Battle timer is ON: inactive players will automatically lose when time's up. (requested by e4mence)\n|\n|t:|1776609072\n|teamsize|p1|4\n|teamsize|p2|4\n|start\n|switch|p1a: Scovillain|Scovillain, L50, F|100/100\n|switch|p1b: Hydreigon|Hydreigon, L50, M|100/100\n|switch|p2a: Milotic|Milotic, L50, F|100/100\n|switch|p2b: Incineroar|Incineroar, L50, F|100/100\n|-ability|p2b: Incineroar|Intimidate|boost\n|-unboost|p1a: Scovillain|atk|1\n|-unboost|p1b: Hydreigon|atk|1\n|turn|1\n|inactive|YeehawWorkGaming has 30 seconds left.\n|\n|t:|1776609100\n|move|p1b: Hydreigon|Protect|p1b: Hydreigon\n|-singleturn|p1b: Hydreigon|Protect\n|move|p1a: Scovillain|Protect|p1a: Scovillain\n|-singleturn|p1a: Scovillain|Protect\n|move|p2b: Incineroar|Fake Out|p1a: Scovillain\n|-activate|p1a: Scovillain|move: Protect\n|move|p2a: Milotic|Ice Beam|p1b: Hydreigon\n|-activate|p1b: Hydreigon|move: Protect\n|\n|-ability|p1a: Scovillain|Moody|boost\n|-boost|p1a: Scovillain|spd|2\n|-unboost|p1a: Scovillain|def|1\n|upkeep\n|turn|2\n|inactive|YeehawWorkGaming has 30 seconds left.\n|\n|t:|1776609134\n|detailschange|p1a: Scovillain|Scovillain-Mega, L50, F\n|-mega|p1a: Scovillain|Scovillain|Scovillainite\n|move|p1b: Hydreigon|Draco Meteor|p2a: Milotic\n|-damage|p2a: Milotic|51/100\n|-unboost|p1b: Hydreigon|spa|2\n|move|p1a: Scovillain|Leech Seed|p2a: Milotic\n|-start|p2a: Milotic|move: Leech Seed\n|move|p2a: Milotic|Ice Beam|p1b: Hydreigon\n|-supereffective|p1b: Hydreigon|1\n|-damage|p1b: Hydreigon|39/100\n|move|p2b: Incineroar|Parting Shot|p1a: Scovillain\n|-unboost|p1a: Scovillain|atk|1\n|-unboost|p1a: Scovillain|spa|1\n|\n|t:|1776609150\n|switch|p2b: Farigiraf|Farigiraf, L50, M|100/100|[from] Parting Shot\n|\n|-heal|p2a: Milotic|57/100|[from] item: Leftovers\n|-damage|p2a: Milotic|45/100|[from] Leech Seed|[of] p1a: Scovillain\n|upkeep\n|turn|3\n|\n|t:|1776609163\n|switch|p1b: Aegislash|Aegislash, L50, F|100/100\n|move|p1a: Scovillain|Rage Powder|p1a: Scovillain\n|-singleturn|p1a: Scovillain|move: Rage Powder\n|move|p2a: Milotic|Ice Beam|p1a: Scovillain\n|-crit|p1a: Scovillain\n|-damage|p1a: Scovillain|63/100\n|-status|p2a: Milotic|brn|[from] ability: Spicy Spray|[of] p1a: Scovillain\n|move|p2b: Farigiraf|Trick Room|p2b: Farigiraf\n|-fieldstart|move: Trick Room|[of] p2b: Farigiraf\n|\n|-heal|p2a: Milotic|51/100 brn|[from] item: Leftovers\n|-damage|p2a: Milotic|39/100 brn|[from] Leech Seed|[of] p1a: Scovillain\n|-heal|p1a: Scovillain|77/100|[silent]\n|-damage|p2a: Milotic|33/100 brn|[from] brn\n|upkeep\n|turn|4\n|\n|t:|1776609181\n|move|p2b: Farigiraf|Hyper Voice|p1a: Scovillain|[spread] p1a\n|-immune|p1b: Aegislash\n|-damage|p1a: Scovillain|64/100\n|-status|p2b: Farigiraf|brn|[from] ability: Spicy Spray|[of] p1a: Scovillain\n|-formechange|p1b: Aegislash|Aegislash-Blade|\n|move|p1b: Aegislash|Shadow Ball|p2a: Milotic\n|-damage|p2a: Milotic|0 fnt\n|faint|p2a: Milotic\n|move|p1a: Scovillain|Leech Seed|p2b: Farigiraf\n|-start|p2b: Farigiraf|move: Leech Seed\n|\n|-damage|p2b: Farigiraf|88/100 brn|[from] Leech Seed|[of] p1a: Scovillain\n|-heal|p1a: Scovillain|81/100|[silent]\n|-damage|p2b: Farigiraf|82/100 brn|[from] brn\n|upkeep\n|\n|t:|1776609197\n|switch|p2a: Torkoal|Torkoal, L50, M|100/100\n|-weather|SunnyDay|[from] ability: Drought|[of] p2a: Torkoal\n|turn|5\n|\n|t:|1776609206\n|move|p1b: Aegislash|Wide Guard|p1b: Aegislash\n|-singleturn|p1b: Aegislash|Wide Guard\n|move|p2a: Torkoal|Earth Power|p1b: Aegislash\n|-supereffective|p1b: Aegislash|1\n|-damage|p1b: Aegislash|13/100\n|-unboost|p1b: Aegislash|spd|1\n|move|p2b: Farigiraf|Hyper Voice|p1a: Scovillain|[spread] \n|-activate|p1a: Scovillain|move: Wide Guard\n|-activate|p1b: Aegislash|move: Wide Guard\n|move|p1a: Scovillain|Leech Seed|p2a: Torkoal\n|-start|p2a: Torkoal|move: Leech Seed\n|\n|-weather|SunnyDay|[upkeep]\n|-damage|p2a: Torkoal|88/100|[from] Leech Seed|[of] p1a: Scovillain\n|-heal|p1a: Scovillain|94/100|[silent]\n|-damage|p2b: Farigiraf|70/100 brn|[from] Leech Seed|[of] p1a: Scovillain\n|-heal|p1a: Scovillain|100/100|[silent]\n|-damage|p2b: Farigiraf|63/100 brn|[from] brn\n|upkeep\n|turn|6\n|\n|t:|1776609227\n|-formechange|p1b: Aegislash|Aegislash|\n|move|p1b: Aegislash|King's Shield|p1b: Aegislash\n|-singleturn|p1b: Aegislash|Protect\n|move|p2a: Torkoal|Heat Wave|p1a: Scovillain|[spread] p1a\n|-activate|p1b: Aegislash|move: Protect\n|-damage|p1a: Scovillain|69/100\n|-immune|p2a: Torkoal\n|move|p2b: Farigiraf|Twin Beam|p1b: Aegislash\n|-activate|p1b: Aegislash|move: Protect\n|move|p1a: Scovillain|Overheat|p2b: Farigiraf\n|-damage|p2b: Farigiraf|4/100 brn\n|-unboost|p1a: Scovillain|spa|2\n|-enditem|p2b: Farigiraf|Sitrus Berry|[eat]\n|-heal|p2b: Farigiraf|28/100 brn|[from] item: Sitrus Berry\n|\n|-weather|SunnyDay|[upkeep]\n|-damage|p2a: Torkoal|76/100|[from] Leech Seed|[of] p1a: Scovillain\n|-heal|p1a: Scovillain|81/100|[silent]\n|-damage|p2b: Farigiraf|16/100 brn|[from] Leech Seed|[of] p1a: Scovillain\n|-heal|p1a: Scovillain|98/100|[silent]\n|-damage|p2b: Farigiraf|10/100 brn|[from] brn\n|upkeep\n|turn|7\n|inactive|e4mence has 30 seconds left.\n|inactive|YeehawWorkGaming has 30 seconds left.\n|\n|t:|1776609261\n|switch|p2b: Incineroar|Incineroar, L50, F|100/100\n|-ability|p2b: Incineroar|Intimidate|boost\n|-unboost|p1a: Scovillain|atk|1\n|-unboost|p1b: Aegislash|atk|1\n|switch|p1b: Hydreigon|Hydreigon, L50, M|39/100\n|move|p1a: Scovillain|Protect|p1a: Scovillain\n|-singleturn|p1a: Scovillain|Protect\n|move|p2a: Torkoal|Eruption|p1a: Scovillain|[spread] p1b\n|-activate|p1a: Scovillain|move: Protect\n|-resisted|p1b: Hydreigon|1\n|-damage|p1b: Hydreigon|3/100\n|\n|-weather|SunnyDay|[upkeep]\n|-damage|p2a: Torkoal|63/100|[from] Leech Seed|[of] p1a: Scovillain\n|-heal|p1a: Scovillain|100/100|[silent]\n|-fieldend|move: Trick Room\n|upkeep\n|turn|8\n|\n|t:|1776609283\n|switch|p2a: Farigiraf|Farigiraf, L50, M|10/100 brn\n|move|p1b: Hydreigon|Protect|p1b: Hydreigon\n|-singleturn|p1b: Hydreigon|Protect\n|move|p1a: Scovillain|Leech Seed|p2b: Incineroar\n|-start|p2b: Incineroar|move: Leech Seed\n|move|p2b: Incineroar|Flare Blitz|p1a: Scovillain\n|-damage|p1a: Scovillain|0 fnt\n|-immune|p2b: Incineroar\n|faint|p1a: Scovillain\n|-damage|p2b: Incineroar|70/100|[from] Recoil\n|\n|-weather|SunnyDay|[upkeep]\n|-damage|p2a: Farigiraf|4/100 brn|[from] brn\n|upkeep\n|\n|t:|1776609299\n|switch|p1a: Sneasler|Sneasler, L50, M|100/100\n|turn|9\n|\n|t:|1776609309\n|move|p1a: Sneasler|Close Combat|p2b: Incineroar\n|-supereffective|p2b: Incineroar|1\n|-damage|p2b: Incineroar|0 fnt\n|-unboost|p1a: Sneasler|def|1\n|-unboost|p1a: Sneasler|spd|1\n|faint|p2b: Incineroar\n|-enditem|p1a: Sneasler|White Herb\n|-clearnegativeboost|p1a: Sneasler|[silent]\n|move|p1b: Hydreigon|Dark Pulse|p2a: Farigiraf\n|-supereffective|p2a: Farigiraf|1\n|-damage|p2a: Farigiraf|0 fnt\n|faint|p2a: Farigiraf\n|\n|-weather|none\n|upkeep\n|-message|YeehawWorkGaming forfeited.\n|\n|win|e4mence\n|raw|e4mence's rating: 1136 &rarr; <strong>1157</strong><br />(+21 for winning)\n|raw|YeehawWorkGaming's rating: 1086 &rarr; <strong>1066</strong><br />(-20 for losing)\n",
  "uploadtime": 1776609325,
  "views": 8,
  "formatid": "gen9championsvgc2026regma",
  "rating": 1066,
  "private": 0,
  "password": null
}