{
  "id": "gen9championsvgc2026regma-2585649872",
  "format": "[Gen 9 Champions] VGC 2026 Reg M-A",
  "players": [
    "skyerss_",
    "Offthaheezy"
  ],
  "log": "|j|\u2606skyerss_\n|j|\u2606Offthaheezy\n|t:|1776361240\n|gametype|doubles\n|player|p1|skyerss_|flannery|1146\n|player|p2|Offthaheezy|170|1106\n|gen|9\n|tier|[Gen 9 Champions] VGC 2026 Reg M-A\n|rated|\n|rule|Species Clause: Limit one of each Pok\u00e9mon\n|rule|Item Clause: Limit 1 of each item\n|clearpoke\n|poke|p1|Floette-Eternal, L50, F|\n|poke|p1|Sneasler, L50, M|\n|poke|p1|Garchomp, L50, M|\n|poke|p1|Milotic, L50, F|\n|poke|p1|Talonflame, L50, F|\n|poke|p1|Froslass, L50, F|\n|poke|p2|Froslass, L50, F|\n|poke|p2|Garchomp, L50, M|\n|poke|p2|Rotom-Frost, L50|\n|poke|p2|Empoleon, L50, M|\n|poke|p2|Incineroar, L50, M|\n|poke|p2|Kingambit, L50, F|\n|teampreview|4\n|\n|t:|1776361304\n|teamsize|p1|4\n|teamsize|p2|4\n|start\n|switch|p1a: mermaid|Milotic, L50, F|100/100\n|switch|p1b: weasley|Sneasler, L50, M|100/100\n|switch|p2a: Froslass|Froslass, L50, F|100/100\n|switch|p2b: Rotom|Rotom-Frost, L50|100/100\n|turn|1\n|\n|t:|1776361341\n|detailschange|p2a: Froslass|Froslass-Mega, L50, F\n|-mega|p2a: Froslass|Froslass|Froslassite\n|-weather|Snowscape|[from] ability: Snow Warning|[of] p2a: Froslass\n|move|p1a: mermaid|Protect|p1a: mermaid\n|-singleturn|p1a: mermaid|Protect\n|move|p2b: Rotom|Electroweb|p1a: mermaid|[spread] p1b\n|-activate|p1a: mermaid|move: Protect\n|-damage|p1b: weasley|75/100\n|-unboost|p1b: weasley|spe|1\n|-enditem|p1b: weasley|White Herb\n|-clearnegativeboost|p1b: weasley|[silent]\n|move|p1b: weasley|Close Combat|p2b: Rotom\n|-supereffective|p2b: Rotom|1\n|-damage|p2b: Rotom|0 fnt\n|-unboost|p1b: weasley|def|1\n|-unboost|p1b: weasley|spd|1\n|faint|p2b: Rotom\n|move|p2a: Froslass|Aurora Veil|p2a: Froslass\n|-sidestart|p2: Offthaheezy|move: Aurora Veil\n|\n|-weather|Snowscape|[upkeep]\n|upkeep\n|\n|t:|1776361364\n|switch|p2b: Garchomp|Garchomp, L50, M|100/100\n|turn|2\n|\n|t:|1776361405\n|move|p1b: weasley|Close Combat|p2b: Garchomp\n|-damage|p2b: Garchomp|52/100\n|-unboost|p1b: weasley|def|1\n|-unboost|p1b: weasley|spd|1\n|-damage|p1b: weasley|62/100|[from] ability: Rough Skin|[of] p2b: Garchomp\n|move|p2a: Froslass|Blizzard|p1a: mermaid|[spread] p1a,p1b\n|-resisted|p1a: mermaid|1\n|-damage|p1a: mermaid|82/100\n|-damage|p1b: weasley|0 fnt\n|faint|p1b: weasley\n|move|p2b: Garchomp|Rock Slide|p1a: mermaid\n|-damage|p1a: mermaid|58/100\n|move|p1a: mermaid|Icy Wind|p2a: Froslass|[spread] p2a,p2b\n|-resisted|p2a: Froslass|1\n|-supereffective|p2b: Garchomp|2\n|-damage|p2a: Froslass|96/100\n|-damage|p2b: Garchomp|14/100\n|-unboost|p2a: Froslass|spe|1\n|-unboost|p2b: Garchomp|spe|1\n|-enditem|p2b: Garchomp|White Herb\n|-clearnegativeboost|p2b: Garchomp|[silent]\n|\n|-weather|Snowscape|[upkeep]\n|-heal|p1a: mermaid|64/100|[from] item: Leftovers\n|upkeep\n|\n|t:|1776361436\n|switch|p1b: parrot|Talonflame, L50, F|100/100\n|turn|3\n|\n|t:|1776361461\n|switch|p2b: Kingambit|Kingambit, L50, F|100/100\n|move|p1b: parrot|Tailwind|p1b: parrot\n|-sidestart|p1: skyerss_|move: Tailwind\n|move|p1a: mermaid|Icy Wind|p2b: Kingambit|[spread] p2a,p2b\n|-resisted|p2a: Froslass|1\n|-resisted|p2b: Kingambit|1\n|-crit|p2b: Kingambit\n|-damage|p2a: Froslass|91/100\n|-damage|p2b: Kingambit|92/100\n|-unboost|p2a: Froslass|spe|1\n|-unboost|p2b: Kingambit|spe|1\n|-ability|p2b: Kingambit|Defiant|boost\n|-boost|p2b: Kingambit|atk|2\n|move|p2a: Froslass|Blizzard|p1a: mermaid|[spread] p1a,p1b\n|-resisted|p1a: mermaid|1\n|-damage|p1a: mermaid|45/100\n|-damage|p1b: parrot|23/100\n|\n|-weather|Snowscape|[upkeep]\n|-heal|p1a: mermaid|51/100|[from] item: Leftovers\n|upkeep\n|turn|4\n|\n|t:|1776361489\n|move|p2b: Kingambit|Sucker Punch||[still]\n|-fail|p2b: Kingambit\n|move|p1b: parrot|Will-O-Wisp|p2b: Kingambit\n|-status|p2b: Kingambit|brn\n|move|p1a: mermaid|Scald|p2b: Kingambit\n|-damage|p2b: Kingambit|68/100 brn\n|move|p2a: Froslass|Blizzard|p1a: mermaid|[spread] p1a,p1b\n|-resisted|p1a: mermaid|1\n|-damage|p1a: mermaid|31/100\n|-damage|p1b: parrot|0 fnt\n|faint|p1b: parrot\n|\n|-weather|Snowscape|[upkeep]\n|-heal|p1a: mermaid|37/100|[from] item: Leftovers\n|-damage|p2b: Kingambit|62/100 brn|[from] brn\n|upkeep\n|\n|t:|1776361508\n|switch|p1b: misty|Froslass, L50, F, shiny|100/100\n|turn|5\n|\n|t:|1776361528\n|detailschange|p1b: misty|Froslass-Mega, L50, F, shiny\n|-mega|p1b: misty|Froslass|Froslassite\n|move|p2b: Kingambit|Sucker Punch|p1b: misty\n|-supereffective|p1b: misty|1\n|-damage|p1b: misty|21/100\n|move|p1b: misty|Shadow Ball|p2a: Froslass\n|-supereffective|p2a: Froslass|1\n|-damage|p2a: Froslass|22/100\n|move|p1a: mermaid|Recover|p1a: mermaid\n|-heal|p1a: mermaid|87/100\n|move|p2a: Froslass|Shadow Ball|p1b: misty\n|-supereffective|p1b: misty|1\n|-damage|p1b: misty|0 fnt\n|faint|p1b: misty\n|\n|-weather|none\n|-heal|p1a: mermaid|93/100|[from] item: Leftovers\n|-damage|p2b: Kingambit|56/100 brn|[from] brn\n|-sideend|p2: Offthaheezy|move: Aurora Veil\n|upkeep\n|turn|6\n|\n|t:|1776361562\n|move|p2a: Froslass|Protect|p2a: Froslass\n|-singleturn|p2a: Froslass|Protect\n|move|p1a: mermaid|Scald|p2b: Kingambit\n|-damage|p2b: Kingambit|16/100 brn\n|move|p2b: Kingambit|Iron Head|p1a: mermaid\n|-resisted|p1a: mermaid|1\n|-damage|p1a: mermaid|76/100\n|\n|-heal|p1a: mermaid|82/100|[from] item: Leftovers\n|-damage|p2b: Kingambit|11/100 brn|[from] brn\n|-sideend|p1: skyerss_|move: Tailwind\n|upkeep\n|turn|7\n|\n|t:|1776361593\n|switch|p2b: Garchomp|Garchomp, L50, M|14/100\n|move|p1a: mermaid|Scald|p2b: Garchomp\n|-damage|p2b: Garchomp|0 fnt\n|faint|p2b: Garchomp\n|move|p2a: Froslass|Blizzard|p1a: mermaid\n|-resisted|p1a: mermaid|1\n|-damage|p1a: mermaid|56/100\n|\n|-heal|p1a: mermaid|62/100|[from] item: Leftovers\n|upkeep\n|\n|t:|1776361606\n|switch|p2b: Kingambit|Kingambit, L50, F|11/100 brn\n|turn|8\n|\n|t:|1776361636\n|move|p2b: Kingambit|Sucker Punch|p1a: mermaid\n|-damage|p1a: mermaid|44/100\n|move|p1a: mermaid|Scald|p2a: Froslass\n|-damage|p2a: Froslass|0 fnt\n|faint|p2a: Froslass\n|\n|-heal|p1a: mermaid|50/100|[from] item: Leftovers\n|-damage|p2b: Kingambit|5/100 brn|[from] brn\n|upkeep\n|turn|9\n|\n|t:|1776361657\n|move|p1a: mermaid|Protect|p1a: mermaid\n|-singleturn|p1a: mermaid|Protect\n|move|p2b: Kingambit|Low Kick|p1a: mermaid\n|-activate|p1a: mermaid|move: Protect\n|\n|-heal|p1a: mermaid|57/100|[from] item: Leftovers\n|-damage|p2b: Kingambit|0 fnt|[from] brn\n|faint|p2b: Kingambit\n|\n|win|skyerss_\n|raw|skyerss_'s rating: 1146 &rarr; <strong>1168</strong><br />(+22 for winning)\n|raw|Offthaheezy's rating: 1106 &rarr; <strong>1084</strong><br />(-22 for losing)\n",
  "uploadtime": 1776361672,
  "views": 21,
  "formatid": "gen9championsvgc2026regma",
  "rating": 1084,
  "private": 0,
  "password": null
}