{
  "id": "gen9championsvgc2026regma-2585405058",
  "format": "[Gen 9 Champions] VGC 2026 Reg M-A",
  "players": [
    "testdigi",
    "Gbmasterball"
  ],
  "log": "|j|\u2606testdigi\n|j|\u2606Gbmasterball\n|t:|1776344912\n|gametype|doubles\n|player|p1|testdigi|170|1079\n|player|p2|Gbmasterball|102|1140\n|gen|9\n|tier|[Gen 9 Champions] VGC 2026 Reg M-A\n|rated|\n|rule|Species Clause: Limit one of each Pok\u00e9mon\n|rule|Item Clause: Limit 1 of each item\n|clearpoke\n|poke|p1|Mimikyu, L50, F|\n|poke|p1|Floette-Eternal, L50, F|\n|poke|p1|Sneasler, L50, F|\n|poke|p1|Incineroar, L50, F|\n|poke|p1|Tyranitar, L50, M|\n|poke|p1|Corviknight, L50, F|\n|poke|p2|Meganium, L50, M|\n|poke|p2|Dragapult, L50, F|\n|poke|p2|Clefable, L50, M|\n|poke|p2|Arcanine, L50, F|\n|poke|p2|Sneasler, L50, M|\n|poke|p2|Milotic, L50, M|\n|teampreview|4\n|inactive|Battle timer is ON: inactive players will automatically lose when time's up. (requested by Gbmasterball)\n|\n|t:|1776344960\n|teamsize|p1|4\n|teamsize|p2|4\n|start\n|switch|p1a: Corviknight|Corviknight, L50, F, shiny|100/100\n|switch|p1b: Tyranitar|Tyranitar, L50, M|100/100\n|switch|p2a: Arcanine|Arcanine, L50, F|100/100\n|switch|p2b: Milotic|Milotic, L50, M|100/100\n|-ability|p2a: Arcanine|Intimidate|boost\n|-ability|p1a: Corviknight|Mirror Armor\n|-unboost|p2a: Arcanine|atk|1\n|-unboost|p1b: Tyranitar|atk|1\n|-weather|Sandstorm|[from] ability: Sand Stream|[of] p1b: Tyranitar\n|turn|1\n|\n|t:|1776344984\n|move|p1b: Tyranitar|Protect|p1b: Tyranitar\n|-singleturn|p1b: Tyranitar|Protect\n|move|p1a: Corviknight|Tailwind|p1a: Corviknight\n|-sidestart|p1: testdigi|move: Tailwind\n|move|p2a: Arcanine|Will-O-Wisp|p1b: Tyranitar\n|-activate|p1b: Tyranitar|move: Protect\n|move|p2b: Milotic|Icy Wind|p1a: Corviknight|[spread] p1a\n|-activate|p1b: Tyranitar|move: Protect\n|-damage|p1a: Corviknight|91/100\n|-ability|p1a: Corviknight|Mirror Armor\n|-unboost|p2b: Milotic|spe|1\n|-ability|p2b: Milotic|Competitive|boost\n|-boost|p2b: Milotic|spa|2\n|\n|-weather|Sandstorm|[upkeep]\n|-damage|p2a: Arcanine|95/100|[from] Sandstorm\n|-damage|p2b: Milotic|95/100|[from] Sandstorm\n|upkeep\n|turn|2\n|inactive|testdigi has 30 seconds left.\n|\n|t:|1776345013\n|detailschange|p1b: Tyranitar|Tyranitar-Mega, L50, M\n|-mega|p1b: Tyranitar|Tyranitar|Tyranitarite\n|move|p1a: Corviknight|Brave Bird|p2b: Milotic\n|-damage|p2b: Milotic|67/100\n|-damage|p1a: Corviknight|82/100|[from] Recoil\n|move|p1b: Tyranitar|Rock Slide|p2b: Milotic|[spread] p2b\n|-miss|p1b: Tyranitar|p2a: Arcanine\n|-damage|p2b: Milotic|50/100\n|move|p2a: Arcanine|Flamethrower|p1a: Corviknight\n|-supereffective|p1a: Corviknight|1\n|-enditem|p1a: Corviknight|Occa Berry|[eat]\n|-enditem|p1a: Corviknight|Occa Berry|[weaken]\n|-damage|p1a: Corviknight|52/100\n|move|p2b: Milotic|Scald|p1b: Tyranitar\n|-supereffective|p1b: Tyranitar|1\n|-damage|p1b: Tyranitar|33/100\n|-status|p1b: Tyranitar|brn\n|\n|-weather|Sandstorm|[upkeep]\n|-damage|p2a: Arcanine|89/100|[from] Sandstorm\n|-damage|p2b: Milotic|44/100|[from] Sandstorm\n|-damage|p1b: Tyranitar|28/100 brn|[from] brn\n|upkeep\n|turn|3\n|inactive|testdigi has 30 seconds left.\n|\n|t:|1776345048\n|move|p1a: Corviknight|Brave Bird|p2b: Milotic\n|-damage|p2b: Milotic|15/100\n|-damage|p1a: Corviknight|42/100|[from] Recoil\n|move|p1b: Tyranitar|Knock Off|p2a: Arcanine\n|-crit|p2a: Arcanine\n|-damage|p2a: Arcanine|46/100\n|-enditem|p2a: Arcanine|Sitrus Berry|[from] move: Knock Off|[of] p1b: Tyranitar\n|move|p2a: Arcanine|Flamethrower|p1a: Corviknight\n|-supereffective|p1a: Corviknight|1\n|-damage|p1a: Corviknight|0 fnt\n|faint|p1a: Corviknight\n|move|p2b: Milotic|Recover|p2b: Milotic\n|-heal|p2b: Milotic|65/100\n|\n|-weather|Sandstorm|[upkeep]\n|-damage|p2a: Arcanine|40/100|[from] Sandstorm\n|-damage|p2b: Milotic|59/100|[from] Sandstorm\n|-damage|p1b: Tyranitar|22/100 brn|[from] brn\n|upkeep\n|\n|t:|1776345062\n|switch|p1a: Sneasler|Sneasler, L50, F, shiny|100/100\n|turn|4\n|\n|t:|1776345086\n|move|p2a: Arcanine|Protect|p2a: Arcanine\n|-singleturn|p2a: Arcanine|Protect\n|move|p2b: Milotic|Protect|p2b: Milotic\n|-singleturn|p2b: Milotic|Protect\n|move|p1a: Sneasler|Dire Claw|p2b: Milotic\n|-activate|p2b: Milotic|move: Protect\n|move|p1b: Tyranitar|Rock Slide|p2a: Arcanine|[spread] \n|-activate|p2a: Arcanine|move: Protect\n|-activate|p2b: Milotic|move: Protect\n|\n|-weather|Sandstorm|[upkeep]\n|-damage|p1a: Sneasler|95/100|[from] Sandstorm\n|-damage|p2a: Arcanine|35/100|[from] Sandstorm\n|-damage|p2b: Milotic|53/100|[from] Sandstorm\n|-damage|p1b: Tyranitar|16/100 brn|[from] brn\n|-sideend|p1: testdigi|move: Tailwind\n|upkeep\n|turn|5\n|\n|t:|1776345103\n|move|p1a: Sneasler|Close Combat|p2b: Milotic\n|-damage|p2b: Milotic|14/100\n|-unboost|p1a: Sneasler|def|1\n|-unboost|p1a: Sneasler|spd|1\n|-enditem|p1a: Sneasler|White Herb\n|-clearnegativeboost|p1a: Sneasler|[silent]\n|move|p2a: Arcanine|Will-O-Wisp|p1a: Sneasler\n|-status|p1a: Sneasler|brn\n|move|p1b: Tyranitar|Rock Slide|p2a: Arcanine|[spread] p2a,p2b\n|-supereffective|p2a: Arcanine|1\n|-damage|p2a: Arcanine|10/100\n|-damage|p2b: Milotic|6/100\n|move|p2b: Milotic|Scald|p1a: Sneasler\n|-crit|p1a: Sneasler\n|-damage|p1a: Sneasler|0 fnt\n|faint|p1a: Sneasler\n|\n|-weather|none\n|-damage|p1b: Tyranitar|10/100 brn|[from] brn\n|upkeep\n|\n|t:|1776345122\n|switch|p1a: Mimikyu|Mimikyu, L50, F|100/100\n|turn|6\n|\n|t:|1776345135\n|move|p2a: Arcanine|Will-O-Wisp|p1a: Mimikyu\n|-status|p1a: Mimikyu|brn\n|move|p1a: Mimikyu|Shadow Claw|p2b: Milotic\n|-damage|p2b: Milotic|0 fnt\n|faint|p2b: Milotic\n|move|p1b: Tyranitar|Knock Off|p2a: Arcanine\n|-damage|p2a: Arcanine|0 fnt\n|faint|p2a: Arcanine\n|\n|-damage|p1a: Mimikyu|94/100 brn|[from] brn\n|-damage|p1b: Tyranitar|5/100 brn|[from] brn\n|upkeep\n|\n|t:|1776345141\n|switch|p2a: Meganium|Meganium, L50, M|100/100\n|switch|p2b: Sneasler|Sneasler, L50, M, shiny|100/100\n|turn|7\n|\n|t:|1776345153\n|detailschange|p2a: Meganium|Meganium-Mega, L50, M\n|-mega|p2a: Meganium|Meganium|Meganiumite\n|move|p2b: Sneasler|Dire Claw|p1a: Mimikyu\n|-activate|p1a: Mimikyu|ability: Disguise\n|-damage|p1a: Mimikyu|94/100 brn\n|detailschange|p1a: Mimikyu|Mimikyu-Busted, L50, F\n|-damage|p1a: Mimikyu|82/100 brn|[from] pokemon: Mimikyu-Busted\n|move|p1a: Mimikyu|Swords Dance|p1a: Mimikyu\n|-boost|p1a: Mimikyu|atk|2\n|move|p2a: Meganium|Dazzling Gleam|p1a: Mimikyu|[spread] p1a,p1b\n|-supereffective|p1b: Tyranitar|1\n|-damage|p1a: Mimikyu|39/100 brn\n|-damage|p1b: Tyranitar|0 fnt\n|faint|p1b: Tyranitar\n|\n|-damage|p1a: Mimikyu|33/100 brn|[from] brn\n|upkeep\n|turn|8\n|-message|testdigi forfeited.\n|\n|win|Gbmasterball\n",
  "uploadtime": 1776344915,
  "views": 18,
  "formatid": "gen9championsvgc2026regma",
  "rating": null,
  "private": 0,
  "password": null
}