{
  "id": "gen9championsvgc2026regma-2588569269",
  "format": "[Gen 9 Champions] VGC 2026 Reg M-A",
  "players": [
    "OyamaLama",
    "seattleseadrasfpl"
  ],
  "log": "|j|\u2606OyamaLama\n|j|\u2606seattleseadrasfpl\n|t:|1776645898\n|gametype|doubles\n|player|p1|OyamaLama|2|1413\n|player|p2|seattleseadrasfpl|fisherman-gen4|1460\n|gen|9\n|tier|[Gen 9 Champions] VGC 2026 Reg M-A\n|rated|\n|rule|Species Clause: Limit one of each Pok\u00e9mon\n|rule|Item Clause: Limit 1 of each item\n|clearpoke\n|poke|p1|Floette-Eternal, L50, F|\n|poke|p1|Corviknight, L50, F|\n|poke|p1|Basculegion, L50, M|\n|poke|p1|Kingambit, L50, F|\n|poke|p1|Sinistcha-Masterpiece, L50|\n|poke|p1|Incineroar, L50, M|\n|poke|p2|Aerodactyl, L50, M|\n|poke|p2|Kingambit, L50, F|\n|poke|p2|Sinistcha, L50|\n|poke|p2|Sneasler, L50, F|\n|poke|p2|Floette-Eternal, L50, F|\n|poke|p2|Basculegion, L50, M|\n|teampreview|4\n|inactive|Battle timer is ON: inactive players will automatically lose when time's up. (requested by OyamaLama)\n|j| Wiselugia\n|inactive|seattleseadrasfpl has 60 seconds left.\n|j| Scarret\n|inactive|seattleseadrasfpl has 30 seconds left.\n|inactive|seattleseadrasfpl has 20 seconds left.\n|\n|t:|1776645975\n|teamsize|p1|4\n|teamsize|p2|4\n|start\n|switch|p1a: Floette|Floette-Eternal, L50, F|100/100\n|switch|p1b: Basculegion|Basculegion, L50, M|100/100\n|switch|p2a: Ghostbuster|Kingambit, L50, F|100/100\n|switch|p2b: Auradactyl|Aerodactyl, L50, M|100/100\n|-ability|p2b: Auradactyl|Unnerve\n|turn|1\n|inactive|OyamaLama has 30 seconds left.\n|inactive|seattleseadrasfpl has 30 seconds left.\n|inactive|OyamaLama has 20 seconds left.\n|inactive|OyamaLama has 15 seconds left.\n|\n|t:|1776646015\n|switch|p1b: Kingambit|Kingambit, L50, F|100/100\n|detailschange|p1a: Floette|Floette-Mega, L50, F\n|-mega|p1a: Floette|Floette|Floettite\n|-ability|p1a: Floette|Fairy Aura\n|move|p2b: Auradactyl|Tailwind|p2b: Auradactyl\n|-sidestart|p2: seattleseadrasfpl|move: Tailwind\n|move|p1a: Floette|Moonblast|p2a: Ghostbuster\n|-damage|p2a: Ghostbuster|22/100\n|move|p2a: Ghostbuster|Kowtow Cleave|p1b: Kingambit\n|-resisted|p1b: Kingambit|1\n|-damage|p1b: Kingambit|80/100\n|\n|upkeep\n|turn|2\n|inactive|seattleseadrasfpl has 30 seconds left.\n|\n|t:|1776646046\n|move|p2b: Auradactyl|Rock Slide|p1a: Floette|[spread] p1a,p1b\n|-resisted|p1b: Kingambit|1\n|-damage|p1a: Floette|65/100\n|-damage|p1b: Kingambit|70/100\n|move|p1a: Floette|Dazzling Gleam|p2a: Ghostbuster|[spread] p2a,p2b\n|-damage|p2a: Ghostbuster|0 fnt\n|-damage|p2b: Auradactyl|29/100\n|faint|p2a: Ghostbuster\n|move|p1b: Kingambit|Swords Dance|p1b: Kingambit\n|-boost|p1b: Kingambit|atk|2\n|\n|upkeep\n|\n|t:|1776646059\n|switch|p2a: AZ Tier 1 Sub|Floette-Eternal, L50, F|100/100\n|turn|3\n|inactive|OyamaLama has 30 seconds left.\n|\n|t:|1776646093\n|detailschange|p2a: AZ Tier 1 Sub|Floette-Mega, L50, F\n|-mega|p2a: AZ Tier 1 Sub|Floette|Floettite\n|-ability|p2a: AZ Tier 1 Sub|Fairy Aura\n|move|p1a: Floette|Protect|p1a: Floette\n|-singleturn|p1a: Floette|Protect\n|move|p1b: Kingambit|Sucker Punch|p2b: Auradactyl\n|-damage|p2b: Auradactyl|0 fnt\n|faint|p2b: Auradactyl\n|move|p2a: AZ Tier 1 Sub|Moonblast|p1a: Floette\n|-activate|p1a: Floette|move: Protect\n|\n|upkeep\n|\n|t:|1776646100\n|switch|p2b: 400M Dead Carps|Basculegion, L50, M|100/100\n|turn|4\n|\n|t:|1776646115\n|switch|p1a: Sinistcha|Sinistcha-Masterpiece, L50|100/100\n|-heal|p1b: Kingambit|95/100|[from] ability: Hospitality|[of] p1a: Sinistcha\n|move|p2b: 400M Dead Carps|Aqua Jet|p1a: Sinistcha\n|-resisted|p1a: Sinistcha|1\n|-damage|p1a: Sinistcha|89/100\n|move|p1b: Kingambit|Sucker Punch||[still]\n|-fail|p1b: Kingambit\n|move|p2a: AZ Tier 1 Sub|Moonblast|p1a: Sinistcha\n|-crit|p1a: Sinistcha\n|-damage|p1a: Sinistcha|0 fnt\n|faint|p1a: Sinistcha\n|\n|-sideend|p2: seattleseadrasfpl|move: Tailwind\n|upkeep\n|\n|t:|1776646131\n|switch|p1a: Floette|Floette-Mega, L50, F|65/100\n|-ability|p1a: Floette|Fairy Aura\n|turn|5\n|\n|t:|1776646150\n|move|p1a: Floette|Protect|p1a: Floette\n|-singleturn|p1a: Floette|Protect\n|move|p2b: 400M Dead Carps|Aqua Jet|p1b: Kingambit\n|-damage|p1b: Kingambit|74/100\n|move|p1b: Kingambit|Sucker Punch|p2a: AZ Tier 1 Sub\n|-resisted|p2a: AZ Tier 1 Sub|1\n|-damage|p2a: AZ Tier 1 Sub|51/100\n|move|p2a: AZ Tier 1 Sub|Moonblast|p1b: Kingambit\n|-damage|p1b: Kingambit|0 fnt\n|faint|p1b: Kingambit\n|\n|upkeep\n|\n|t:|1776646163\n|switch|p1b: Basculegion|Basculegion, L50, M|100/100\n|turn|6\n|inactive|seattleseadrasfpl has 30 seconds left.\n|inactive|seattleseadrasfpl has 20 seconds left.\n|\n|t:|1776646203\n|move|p2b: 400M Dead Carps|Aqua Jet|p1a: Floette\n|-damage|p1a: Floette|32/100\n|move|p1b: Basculegion|Last Respects|p2a: AZ Tier 1 Sub\n|-damage|p2a: AZ Tier 1 Sub|0 fnt\n|faint|p2a: AZ Tier 1 Sub\n|move|p1a: Floette|Moonblast|p2b: 400M Dead Carps\n|-damage|p2b: 400M Dead Carps|15/100\n|\n|upkeep\n|turn|7\n|\n|t:|1776646215\n|move|p2b: 400M Dead Carps|Aqua Jet|p1a: Floette\n|-damage|p1a: Floette|0 fnt\n|faint|p1a: Floette\n|move|p1b: Basculegion|Last Respects|p2b: 400M Dead Carps\n|-supereffective|p2b: 400M Dead Carps|1\n|-damage|p2b: 400M Dead Carps|0 fnt\n|faint|p2b: 400M Dead Carps\n|\n|win|OyamaLama\n|raw|OyamaLama's rating: 1413 &rarr; <strong>1436</strong><br />(+23 for winning)\n|raw|seattleseadrasfpl's rating: 1460 &rarr; <strong>1437</strong><br />(-23 for losing)\n|l|\u2606seattleseadrasfpl\n|player|p2|\n|l|\u2606OyamaLama\n|player|p1|\n|l| Wiselugia\n|l| Scarret\n",
  "uploadtime": 1776646953,
  "views": 9,
  "formatid": "gen9championsvgc2026regma",
  "rating": 1436,
  "private": 0,
  "password": null
}