{
  "id": "gen9championsvgc2026regma-2586233802",
  "format": "[Gen 9 Champions] VGC 2026 Reg M-A",
  "players": [
    "nd40",
    "thejabbar"
  ],
  "log": "|j|\u2606nd40\n|j|\u2606thejabbar\n|t:|1776415485\n|gametype|doubles\n|player|p1|nd40|gentleman-gen4|1088\n|player|p2|thejabbar|1|1081\n|gen|9\n|tier|[Gen 9 Champions] VGC 2026 Reg M-A\n|rated|\n|rule|Species Clause: Limit one of each Pok\u00e9mon\n|rule|Item Clause: Limit 1 of each item\n|clearpoke\n|poke|p1|Camerupt, L50, F|\n|poke|p1|Hatterene, L50, F|\n|poke|p1|Scizor, L50, F|\n|poke|p1|Venusaur, L50, F|\n|poke|p1|Avalugg, L50, M|\n|poke|p1|Clefable, L50, F|\n|poke|p2|Gengar, L50, M|\n|poke|p2|Incineroar, L50, F|\n|poke|p2|Gardevoir, L50, M|\n|poke|p2|Whimsicott, L50, M|\n|poke|p2|Dragonite, L50, F|\n|poke|p2|Aegislash, L50, M|\n|teampreview|4\n|inactive|Battle timer is ON: inactive players will automatically lose when time's up. (requested by thejabbar)\n|\n|t:|1776415511\n|teamsize|p1|4\n|teamsize|p2|4\n|start\n|switch|p1a: Hatterene|Hatterene, L50, F|100/100\n|switch|p1b: Clefable|Clefable, L50, F, shiny|100/100\n|switch|p2a: Gengar|Gengar, L50, M|100/100\n|switch|p2b: Whimsicott|Whimsicott, L50, M|100/100\n|turn|1\n|inactive|thejabbar has 30 seconds left.\n|\n|t:|1776415537\n|detailschange|p2a: Gengar|Gengar-Mega, L50, M\n|-mega|p2a: Gengar|Gengar|Gengarite\n|move|p2b: Whimsicott|Protect|p2b: Whimsicott\n|-singleturn|p2b: Whimsicott|Protect\n|move|p1a: Hatterene|Protect|p1a: Hatterene\n|-singleturn|p1a: Hatterene|Protect\n|move|p2a: Gengar|Perish Song|p2a: Gengar\n|-start|p1a: Hatterene|perish3|[silent]\n|-start|p1b: Clefable|perish3|[silent]\n|-start|p2a: Gengar|perish3|[silent]\n|-start|p2b: Whimsicott|perish3|[silent]\n|-fieldactivate|move: Perish Song\n|move|p1b: Clefable|Tri Attack|p2b: Whimsicott\n|-activate|p2b: Whimsicott|move: Protect\n|\n|-start|p2a: Gengar|perish3\n|-start|p2b: Whimsicott|perish3\n|-start|p1b: Clefable|perish3\n|-start|p1a: Hatterene|perish3\n|upkeep\n|turn|2\n|\n|t:|1776415557\n|move|p1b: Clefable|Follow Me|p1b: Clefable\n|-singleturn|p1b: Clefable|move: Follow Me\n|move|p2b: Whimsicott|Encore|p1b: Clefable\n|-start|p1b: Clefable|Encore\n|move|p2a: Gengar|Disable|p1b: Clefable\n|-start|p1b: Clefable|Disable|Follow Me\n|move|p1a: Hatterene|Trick Room|p1a: Hatterene\n|-fieldstart|move: Trick Room|[of] p1a: Hatterene\n|\n|-start|p1a: Hatterene|perish2\n|-start|p1b: Clefable|perish2\n|-start|p2b: Whimsicott|perish2\n|-start|p2a: Gengar|perish2\n|upkeep\n|turn|3\n|\n|t:|1776415577\n|move|p2b: Whimsicott|Encore|p1a: Hatterene\n|move|p1a: Hatterene|Encore||[from] ability: Magic Bounce|[still]\n|-fail|p1a: Hatterene\n|move|p1a: Hatterene|Dark Pulse|p2a: Gengar\n|-supereffective|p2a: Gengar|1\n|-damage|p2a: Gengar|35/100\n|-activate|p1b: Clefable|move: Struggle\n|move|p1b: Clefable|Struggle|p2b: Whimsicott\n|-damage|p2b: Whimsicott|91/100\n|-damage|p1b: Clefable|75/100|[from] recoil\n|move|p2a: Gengar|Disable|p1a: Hatterene\n|move|p1a: Hatterene|Disable|p2a: Gengar|[from] ability: Magic Bounce\n|-start|p2a: Gengar|Disable|Disable\n|\n|-start|p1a: Hatterene|perish1\n|-start|p1b: Clefable|perish1\n|-start|p2b: Whimsicott|perish1\n|-start|p2a: Gengar|perish1\n|upkeep\n|turn|4\n|inactive|nd40 has 30 seconds left.\n|\n|t:|1776415609\n|switch|p2b: Gardevoir|Gardevoir, L50, M|100/100\n|-ability|p2b: Gardevoir|Magic Bounce|Trace|[from] ability: Trace|[of] p1a: Hatterene\n|switch|p2a: Aegislash|Aegislash, L50, M|100/100\n|move|p1a: Hatterene|Dark Pulse|p2a: Aegislash\n|-supereffective|p2a: Aegislash|1\n|-damage|p2a: Aegislash|62/100\n|-activate|p1b: Clefable|move: Struggle\n|move|p1b: Clefable|Struggle|p2b: Gardevoir\n|-damage|p2b: Gardevoir|85/100\n|-damage|p1b: Clefable|50/100|[from] recoil\n|\n|-start|p1a: Hatterene|perish0\n|-start|p1b: Clefable|perish0\n|faint|p1a: Hatterene\n|faint|p1b: Clefable\n|upkeep\n|\n|t:|1776415617\n|switch|p1a: Camerupt|Camerupt, L50, F|100/100\n|switch|p1b: Avalugg|Avalugg, L50, M|100/100\n|turn|5\n|\n|t:|1776415638\n|detailschange|p1a: Camerupt|Camerupt-Mega, L50, F\n|-mega|p1a: Camerupt|Camerupt|Cameruptite\n|move|p2a: Aegislash|King's Shield|p2a: Aegislash\n|-singleturn|p2a: Aegislash|Protect\n|move|p2b: Gardevoir|Protect|p2b: Gardevoir\n|-singleturn|p2b: Gardevoir|Protect\n|move|p1a: Camerupt|Eruption|p2b: Gardevoir|[spread] \n|-activate|p2a: Aegislash|move: Protect\n|-activate|p2b: Gardevoir|move: Protect\n|move|p1b: Avalugg|Rock Slide|p2b: Gardevoir|[spread] \n|-activate|p2a: Aegislash|move: Protect\n|-activate|p2b: Gardevoir|move: Protect\n|\n|upkeep\n|turn|6\n|inactive|thejabbar has 30 seconds left.\n|\n|t:|1776415673\n|switch|p2b: Whimsicott|Whimsicott, L50, M|91/100\n|move|p1a: Camerupt|Eruption|p2b: Whimsicott|[spread] p2a,p2b\n|-supereffective|p2a: Aegislash|1\n|-supereffective|p2b: Whimsicott|1\n|-damage|p2a: Aegislash|0 fnt\n|-damage|p2b: Whimsicott|0 fnt\n|faint|p2a: Aegislash\n|faint|p2b: Whimsicott\n|move|p1b: Avalugg|Rock Slide|p2: Aegislash|[notarget]\n|-fail|p1b: Avalugg\n|\n|-fieldend|move: Trick Room\n|upkeep\n|\n|t:|1776415683\n|switch|p2b: Gardevoir|Gardevoir, L50, M|85/100\n|switch|p2a: Gengar|Gengar-Mega, L50, M|35/100\n|-ability|p2b: Gardevoir|Sturdy|Trace|[from] ability: Trace|[of] p1b: Avalugg\n|turn|7\n|\n|t:|1776415695\n|move|p2b: Gardevoir|Hyper Voice|p1b: Avalugg|[spread] p1a,p1b\n|-damage|p1a: Camerupt|78/100\n|-damage|p1b: Avalugg|63/100\n|move|p2a: Gengar|Disable|p1a: Camerupt\n|-start|p1a: Camerupt|Disable|Eruption\n|move|p1b: Avalugg|Rock Slide|p2b: Gardevoir|[spread] p2a,p2b\n|-damage|p2a: Gengar|5/100\n|-damage|p2b: Gardevoir|56/100\n|move|p1a: Camerupt|Flash Cannon|p2a: Gengar\n|-damage|p2a: Gengar|0 fnt\n|faint|p2a: Gengar\n|\n|upkeep\n|turn|8\n|\n|t:|1776415714\n|move|p2b: Gardevoir|Hyper Voice|p1b: Avalugg|[spread] p1a,p1b\n|-damage|p1a: Camerupt|58/100\n|-damage|p1b: Avalugg|27/100\n|move|p1b: Avalugg|Icicle Crash|p2b: Gardevoir\n|-damage|p2b: Gardevoir|0 fnt\n|faint|p2b: Gardevoir\n|\n|win|nd40\n|raw|nd40's rating: 1088 &rarr; <strong>1114</strong><br />(+26 for winning)\n|raw|thejabbar's rating: 1081 &rarr; <strong>1059</strong><br />(-22 for losing)\n|l|\u2606thejabbar\n|player|p2|\n",
  "uploadtime": 1776415723,
  "views": 17,
  "formatid": "gen9championsvgc2026regma",
  "rating": 1059,
  "private": 0,
  "password": null
}