{
  "id": "gen9championsvgc2026regma-2581086615",
  "format": "[Gen 9 Champions] VGC 2026 Reg M-A",
  "players": [
    "sanic123dx",
    "GodAldo24"
  ],
  "log": "|j|\u2606sanic123dx\n|j|\u2606GodAldo24\n|t:|1775958561\n|gametype|doubles\n|player|p1|sanic123dx|policeman-gen4|1058\n|player|p2|GodAldo24|170|1080\n|gen|9\n|tier|[Gen 9 Champions] VGC 2026 Reg M-A\n|rated|\n|rule|Species Clause: Limit one of each Pok\u00e9mon\n|rule|Item Clause: Limit 1 of each item\n|clearpoke\n|poke|p1|Primarina, L50, F|\n|poke|p1|Abomasnow, L50, M|\n|poke|p1|Runerigus, L50, M|\n|poke|p1|Incineroar, L50, M|\n|poke|p1|Hydrapple, L50, M|\n|poke|p1|Glaceon, L50, F|\n|poke|p2|Aerodactyl, L50, F|\n|poke|p2|Tyranitar, L50, F|\n|poke|p2|Rotom-Wash, L50|\n|poke|p2|Dragonite, L50, F|\n|poke|p2|Incineroar, L50, M|\n|poke|p2|Garchomp, L50, M|\n|teampreview|4\n|inactive|Battle timer is ON: inactive players will automatically lose when time's up. (requested by sanic123dx)\n|\n|t:|1775958591\n|teamsize|p1|4\n|teamsize|p2|4\n|start\n|switch|p1a: Runerigus|Runerigus, L50, M, shiny|100/100\n|switch|p1b: Incineroar|Incineroar, L50, M|100/100\n|switch|p2a: Rotom|Rotom-Wash, L50|100/100\n|switch|p2b: Garchomp|Garchomp, L50, M|100/100\n|-ability|p1b: Incineroar|Intimidate|boost\n|-unboost|p2a: Rotom|atk|1\n|-unboost|p2b: Garchomp|atk|1\n|turn|1\n|\n|t:|1775958618\n|move|p1b: Incineroar|Fake Out|p2b: Garchomp\n|-damage|p2b: Garchomp|84/100\n|-damage|p1b: Incineroar|88/100|[from] ability: Rough Skin|[of] p2b: Garchomp\n|cant|p2b: Garchomp|flinch\n|move|p2a: Rotom|Hydro Pump|p1a: Runerigus\n|-supereffective|p1a: Runerigus|1\n|-damage|p1a: Runerigus|13/100\n|move|p1a: Runerigus|Trick Room|p1a: Runerigus\n|-fieldstart|move: Trick Room|[of] p1a: Runerigus\n|\n|upkeep\n|turn|2\n|\n|t:|1775958637\n|move|p1a: Runerigus|Poltergeist|p2b: Garchomp\n|-activate|p2b: Garchomp|move: Poltergeist|Choice Scarf\n|-damage|p2b: Garchomp|44/100\n|move|p1b: Incineroar|Darkest Lariat|p2b: Garchomp\n|-damage|p2b: Garchomp|0 fnt\n|-damage|p1b: Incineroar|76/100|[from] ability: Rough Skin|[of] p2b: Garchomp\n|faint|p2b: Garchomp\n|move|p2a: Rotom|Hydro Pump|p1b: Incineroar\n|-supereffective|p1b: Incineroar|1\n|-damage|p1b: Incineroar|0 fnt\n|faint|p1b: Incineroar\n|\n|upkeep\n|\n|t:|1775958652\n|switch|p1b: Abomasnow|Abomasnow, L50, M, shiny|100/100\n|switch|p2b: Aerodactyl|Aerodactyl, L50, F, shiny|100/100\n|-weather|Snowscape|[from] ability: Snow Warning|[of] p1b: Abomasnow\n|turn|3\n|\n|t:|1775958670\n|switch|p2b: Tyranitar|Tyranitar, L50, F|100/100\n|-weather|Sandstorm|[from] ability: Sand Stream|[of] p2b: Tyranitar\n|detailschange|p1b: Abomasnow|Abomasnow-Mega, L50, M, shiny\n|-mega|p1b: Abomasnow|Abomasnow|Abomasite\n|-weather|Snowscape|[from] ability: Snow Warning|[of] p1b: Abomasnow\n|move|p1a: Runerigus|Poltergeist|p2a: Rotom\n|-activate|p2a: Rotom|move: Poltergeist|Leftovers\n|-damage|p2a: Rotom|64/100\n|move|p1b: Abomasnow|Blizzard|p2b: Tyranitar|[spread] p2a,p2b\n|-resisted|p2a: Rotom|1\n|-damage|p2a: Rotom|44/100\n|-damage|p2b: Tyranitar|56/100\n|move|p2a: Rotom|Hydro Pump|p1a: Runerigus|[miss]\n|-miss|p2a: Rotom|p1a: Runerigus\n|\n|-weather|Snowscape|[upkeep]\n|-heal|p2a: Rotom|50/100|[from] item: Leftovers\n|upkeep\n|turn|4\n|\n|t:|1775958692\n|move|p2b: Tyranitar|Protect|p2b: Tyranitar\n|-singleturn|p2b: Tyranitar|Protect\n|move|p1a: Runerigus|Body Press|p2b: Tyranitar\n|-activate|p2b: Tyranitar|move: Protect\n|move|p1b: Abomasnow|Aurora Veil|p1b: Abomasnow\n|-sidestart|p1: sanic123dx|move: Aurora Veil\n|move|p2a: Rotom|Pain Split|p1b: Abomasnow\n|-sethp|p1b: Abomasnow|70/100|[from] move: Pain Split|[silent]\n|-sethp|p2a: Rotom|88/100|[from] move: Pain Split\n|\n|-weather|Snowscape|[upkeep]\n|-heal|p2a: Rotom|93/100|[from] item: Leftovers\n|upkeep\n|turn|5\n|\n|t:|1775958707\n|switch|p2b: Aerodactyl|Aerodactyl, L50, F, shiny|100/100\n|move|p1a: Runerigus|Body Press|p2b: Aerodactyl\n|-damage|p2b: Aerodactyl|50/100\n|move|p1b: Abomasnow|Giga Drain|p2a: Rotom\n|-supereffective|p2a: Rotom|1\n|-damage|p2a: Rotom|9/100\n|-heal|p1b: Abomasnow|100/100|[from] drain|[of] p2a: Rotom\n|move|p2a: Rotom|Thunder Wave|p1b: Abomasnow\n|-status|p1b: Abomasnow|par\n|\n|-weather|Snowscape|[upkeep]\n|-heal|p2a: Rotom|15/100|[from] item: Leftovers\n|-fieldend|move: Trick Room\n|upkeep\n|turn|6\n|\n|t:|1775958729\n|detailschange|p2b: Aerodactyl|Aerodactyl-Mega, L50, F, shiny\n|-mega|p2b: Aerodactyl|Aerodactyl|Aerodactylite\n|move|p2b: Aerodactyl|Dual Wingbeat|p1a: Runerigus\n|-damage|p1a: Runerigus|1/100\n|-activate|p2b: Aerodactyl|Skill Swap|Wandering Spirit|Tough Claws|[of] p1a: Runerigus\n|-damage|p1a: Runerigus|0 fnt\n|faint|p1a: Runerigus\n|-hitcount|p1: Runerigus|2\n|move|p2a: Rotom|Pain Split|p1b: Abomasnow\n|-sethp|p1b: Abomasnow|56/100 par|[from] move: Pain Split|[silent]\n|-sethp|p2a: Rotom|71/100|[from] move: Pain Split\n|cant|p1b: Abomasnow|par\n|\n|-weather|Snowscape|[upkeep]\n|-heal|p2a: Rotom|76/100|[from] item: Leftovers\n|upkeep\n|\n|t:|1775958743\n|switch|p1a: Primarina|Primarina, L50, F, shiny|100/100\n|turn|7\n|\n|t:|1775958753\n|switch|p2b: Tyranitar|Tyranitar, L50, F|56/100\n|-weather|Sandstorm|[from] ability: Sand Stream|[of] p2b: Tyranitar\n|move|p2a: Rotom|Thunder Wave|p1a: Primarina\n|-status|p1a: Primarina|par\n|move|p1a: Primarina|Hyper Voice|p2b: Tyranitar|[spread] p2a,p2b\n|-resisted|p2a: Rotom|1\n|-supereffective|p2b: Tyranitar|1\n|-damage|p2a: Rotom|58/100\n|-damage|p2b: Tyranitar|4/100\n|-enditem|p2b: Tyranitar|Sitrus Berry|[eat]\n|-heal|p2b: Tyranitar|28/100|[from] item: Sitrus Berry\n|move|p1b: Abomasnow|Giga Drain|p2a: Rotom\n|-supereffective|p2a: Rotom|1\n|-damage|p2a: Rotom|0 fnt\n|-heal|p1b: Abomasnow|80/100 par|[from] drain|[of] p2a: Rotom\n|faint|p2a: Rotom\n|\n|-weather|Sandstorm|[upkeep]\n|-damage|p1a: Primarina|95/100 par|[from] Sandstorm\n|-damage|p1b: Abomasnow|74/100 par|[from] Sandstorm\n|upkeep\n|\n|t:|1775958767\n|switch|p2a: Aerodactyl|Aerodactyl-Mega, L50, F, shiny|50/100\n|turn|8\n|\n|t:|1775958776\n|move|p2a: Aerodactyl|Dual Wingbeat|p1b: Abomasnow\n|-supereffective|p1b: Abomasnow|1\n|-damage|p1b: Abomasnow|37/100 par\n|-supereffective|p1b: Abomasnow|1\n|-damage|p1b: Abomasnow|7/100 par\n|-hitcount|p1b: Abomasnow|2\n|move|p2b: Tyranitar|Rock Slide|p1a: Primarina|[spread] p1a\n|-miss|p2b: Tyranitar|p1b: Abomasnow\n|-damage|p1a: Primarina|71/100 par\n|move|p1a: Primarina|Hyper Voice|p2a: Aerodactyl|[spread] p2a,p2b\n|-supereffective|p2a: Aerodactyl|1\n|-supereffective|p2b: Tyranitar|1\n|-damage|p2a: Aerodactyl|0 fnt\n|-damage|p2b: Tyranitar|0 fnt\n|faint|p2a: Aerodactyl\n|faint|p2b: Tyranitar\n|\n|win|sanic123dx\n|raw|sanic123dx's rating: 1058 &rarr; <strong>1091</strong><br />(+33 for winning)\n|raw|GodAldo24's rating: 1080 &rarr; <strong>1057</strong><br />(-23 for losing)\n|l|\u2606GodAldo24\n|player|p2|\n",
  "uploadtime": 1775958798,
  "views": 41,
  "formatid": "gen9championsvgc2026regma",
  "rating": 1057,
  "private": 0,
  "password": null
}