{
  "id": "gen9championsvgc2026regma-2582288742",
  "format": "[Gen 9 Champions] VGC 2026 Reg M-A",
  "players": [
    "rudolfkalman",
    "theilldigi"
  ],
  "log": "|j|\u2606rudolfkalman\n|j|\u2606theilldigi\n|t:|1776080127\n|gametype|doubles\n|player|p1|rudolfkalman|rocketgrunt|1032\n|player|p2|theilldigi|101|1084\n|gen|9\n|tier|[Gen 9 Champions] VGC 2026 Reg M-A\n|rated|\n|rule|Species Clause: Limit one of each Pok\u00e9mon\n|rule|Item Clause: Limit 1 of each item\n|clearpoke\n|poke|p1|Meganium, L50, F|\n|poke|p1|Dragonite, L50, F|\n|poke|p1|Archaludon, L50, M|\n|poke|p1|Pelipper, L50, F|\n|poke|p1|Basculegion, L50, M|\n|poke|p1|Sneasler, L50, F|\n|poke|p2|Lopunny, L50, M|\n|poke|p2|Incineroar, L50, M|\n|poke|p2|Primarina, L50, M|\n|poke|p2|Sneasler, L50, F|\n|poke|p2|Typhlosion-Hisui, L50, M|\n|poke|p2|Tsareena, L50, F|\n|teampreview|4\n|\n|t:|1776080181\n|teamsize|p1|4\n|teamsize|p2|4\n|start\n|switch|p1a: Basculegion|Basculegion, L50, M|100/100\n|switch|p1b: Archaludon|Archaludon, L50, M|100/100\n|switch|p2a: Tsareena|Tsareena, L50, F|100/100\n|switch|p2b: Lopunny|Lopunny, L50, M, shiny|100/100\n|turn|1\n|inactive|Battle timer is ON: inactive players will automatically lose when time's up. (requested by rudolfkalman)\n|inactive|theilldigi has 60 seconds left.\n|\n|t:|1776080217\n|switch|p1a: Pelipper|Pelipper, L50, F|100/100\n|-weather|RainDance|[from] ability: Drizzle|[of] p1a: Pelipper\n|detailschange|p2b: Lopunny|Lopunny-Mega, L50, M, shiny\n|-mega|p2b: Lopunny|Lopunny|Lopunnite\n|move|p2b: Lopunny|Fake Out|p1a: Pelipper\n|-damage|p1a: Pelipper|82/100\n|move|p1b: Archaludon|Electro Shot||[still]\n|-prepare|p1b: Archaludon|Electro Shot\n|-boost|p1b: Archaludon|spa|1\n|-anim|p1b: Archaludon|Electro Shot|p2b: Lopunny\n|-damage|p2b: Lopunny|22/100\n|move|p2a: Tsareena|Sunny Day|p2a: Tsareena\n|-weather|SunnyDay\n|\n|-weather|SunnyDay|[upkeep]\n|upkeep\n|turn|2\n|inactive|rudolfkalman has 30 seconds left.\n|inactive|rudolfkalman has 20 seconds left.\n|inactive|rudolfkalman has 15 seconds left.\n|inactive|rudolfkalman has 10 seconds left.\n|inactive|rudolfkalman has 5 seconds left.\n|\n|t:|1776080272\n|move|p2b: Lopunny|Close Combat|p1b: Archaludon\n|-supereffective|p1b: Archaludon|1\n|-ability|p1b: Archaludon|Sturdy\n|-damage|p1b: Archaludon|1/100\n|-unboost|p2b: Lopunny|def|1\n|-unboost|p2b: Lopunny|spd|1\n|move|p1b: Archaludon|Electro Shot||[still]\n|-prepare|p1b: Archaludon|Electro Shot\n|-boost|p1b: Archaludon|spa|1\n|move|p2a: Tsareena|Trop Kick|p1a: Pelipper\n|-damage|p1a: Pelipper|51/100\n|-unboost|p1a: Pelipper|atk|1\n|move|p1a: Pelipper|Weather Ball|p2a: Tsareena\n|-supereffective|p2a: Tsareena|1\n|-damage|p2a: Tsareena|37/100\n|-enditem|p2a: Tsareena|Sitrus Berry|[eat]\n|-heal|p2a: Tsareena|62/100|[from] item: Sitrus Berry\n|\n|-weather|SunnyDay|[upkeep]\n|-heal|p1b: Archaludon|7/100|[from] item: Leftovers\n|upkeep\n|turn|3\n|inactive|rudolfkalman has 30 seconds left.\n|inactive|rudolfkalman has 20 seconds left.\n|inactive|rudolfkalman has 15 seconds left.\n|inactive|rudolfkalman has 10 seconds left.\n|\n|t:|1776080321\n|move|p2b: Lopunny|Close Combat|p1b: Archaludon\n|-supereffective|p1b: Archaludon|1\n|-crit|p1b: Archaludon\n|-damage|p1b: Archaludon|0 fnt\n|-unboost|p2b: Lopunny|def|1\n|-unboost|p2b: Lopunny|spd|1\n|faint|p1b: Archaludon\n|move|p2a: Tsareena|Trop Kick|p1a: Pelipper\n|-damage|p1a: Pelipper|21/100\n|-unboost|p1a: Pelipper|atk|1\n|move|p1a: Pelipper|Weather Ball|p2a: Tsareena\n|-supereffective|p2a: Tsareena|1\n|-damage|p2a: Tsareena|2/100\n|\n|-weather|SunnyDay|[upkeep]\n|upkeep\n|\n|t:|1776080337\n|switch|p1b: Basculegion|Basculegion, L50, M|100/100\n|turn|4\n|\n|t:|1776080351\n|move|p2a: Tsareena|Protect|p2a: Tsareena\n|-singleturn|p2a: Tsareena|Protect\n|move|p1a: Pelipper|Protect|p1a: Pelipper\n|-singleturn|p1a: Pelipper|Protect\n|move|p1b: Basculegion|Aqua Jet||[still]\n|cant|p2a: Tsareena|ability: Queenly Majesty|Aqua Jet|[of] p1b: Basculegion\n|move|p2b: Lopunny|Close Combat|p1b: Basculegion\n|-damage|p1b: Basculegion|11/100\n|-unboost|p2b: Lopunny|def|1\n|-unboost|p2b: Lopunny|spd|1\n|\n|-weather|SunnyDay|[upkeep]\n|upkeep\n|turn|5\n|inactive|rudolfkalman has 30 seconds left.\n|inactive|rudolfkalman has 20 seconds left.\n|\n|t:|1776080391\n|switch|p1b: Meganium|Meganium, L50, F|100/100\n|switch|p2a: Primarina|Primarina, L50, M|100/100\n|move|p2b: Lopunny|U-turn|p1b: Meganium\n|-supereffective|p1b: Meganium|1\n|-damage|p1b: Meganium|57/100\n|\n|t:|1776080402\n|switch|p2b: Tsareena|Tsareena, L50, F|2/100|[from] U-turn\n|move|p1a: Pelipper|Weather Ball|p2a: Primarina\n|-resisted|p2a: Primarina|1\n|-damage|p2a: Primarina|87/100\n|\n|-weather|none\n|-heal|p2a: Primarina|92/100|[from] item: Leftovers\n|upkeep\n|turn|6\n|-message|rudolfkalman forfeited.\n|\n|win|theilldigi\n|raw|rudolfkalman's rating: 1032 &rarr; <strong>1019</strong><br />(-13 for losing)\n|raw|theilldigi's rating: 1084 &rarr; <strong>1107</strong><br />(+23 for winning)\n|l|\u2606rudolfkalman\n|player|p1|\n",
  "uploadtime": 1776080129,
  "views": 10,
  "formatid": "gen9championsvgc2026regma",
  "rating": 1019,
  "private": 0,
  "password": null
}