{
  "id": "gen9championsvgc2026regma-2580845996",
  "format": "[Gen 9 Champions] VGC 2026 Reg M-A",
  "players": [
    "the xpurt",
    "ploknessterio"
  ],
  "log": "|j|\u2606the xpurt\n|j|\u2606ploknessterio\n|t:|1775937242\n|gametype|doubles\n|player|p1|the xpurt|harlequin|1054\n|player|p2|ploknessterio|1|1049\n|gen|9\n|tier|[Gen 9 Champions] VGC 2026 Reg M-A\n|rated|\n|rule|Species Clause: Limit one of each Pok\u00e9mon\n|rule|Item Clause: Limit 1 of each item\n|clearpoke\n|poke|p1|Crabominable, L50, M|\n|poke|p1|Sinistcha, L50|\n|poke|p1|Ninetales-Alola, L50, M|\n|poke|p1|Hydrapple, L50, F|\n|poke|p1|Maushold-Four, L50|\n|poke|p1|Kingambit, L50, M|\n|poke|p2|Hawlucha, L50, M|\n|poke|p2|Glalie, L50, M|\n|poke|p2|Sinistcha, L50|\n|poke|p2|Maushold-Four, L50|\n|poke|p2|Armarouge, L50, F|\n|poke|p2|Alakazam, L50, M|\n|teampreview|4\n|inactive|Battle timer is ON: inactive players will automatically lose when time's up. (requested by ploknessterio)\n|\n|t:|1775937257\n|teamsize|p1|4\n|teamsize|p2|4\n|start\n|switch|p1a: Sinistcha|Sinistcha, L50, shiny|100/100\n|switch|p1b: Ninetales|Ninetales-Alola, L50, M, shiny|100/100\n|switch|p2a: Hawlucha|Hawlucha, L50, M, shiny|100/100\n|switch|p2b: Glalie|Glalie, L50, M, shiny|100/100\n|-ability|p2a: Hawlucha|Mold Breaker\n|-weather|Snowscape|[from] ability: Snow Warning|[of] p1b: Ninetales\n|turn|1\n|\n|t:|1775937275\n|detailschange|p2a: Hawlucha|Hawlucha-Mega, L50, M, shiny\n|-mega|p2a: Hawlucha|Hawlucha|Hawluchanite\n|move|p2a: Hawlucha|Entrainment|p2b: Glalie\n|-ability|p2b: Glalie|No Guard|Inner Focus|[from] move: Entrainment|[of] p2a: Hawlucha\n|move|p2b: Glalie|Sheer Cold|p1a: Sinistcha\n|-damage|p1a: Sinistcha|0 fnt\n|faint|p1a: Sinistcha\n|-ohko\n|move|p1b: Ninetales|Blizzard|p2a: Hawlucha|[spread] p2a,p2b\n|-supereffective|p2a: Hawlucha|1\n|-crit|p2a: Hawlucha\n|-resisted|p2b: Glalie|1\n|-damage|p2a: Hawlucha|0 fnt\n|-damage|p2b: Glalie|83/100\n|faint|p2a: Hawlucha\n|\n|-weather|Snowscape|[upkeep]\n|upkeep\n|\n|t:|1775937293\n|switch|p2a: Maushold|Maushold-Four, L50|100/100\n|switch|p1a: Kingambit|Kingambit, L50, M, shiny|100/100\n|turn|2\n|\n|t:|1775937307\n|move|p2a: Maushold|Follow Me|p2a: Maushold\n|-singleturn|p2a: Maushold|move: Follow Me\n|move|p1a: Kingambit|Sucker Punch||[still]\n|-fail|p1a: Kingambit\n|move|p2b: Glalie|Sheer Cold|p1a: Kingambit\n|-damage|p1a: Kingambit|0 fnt\n|faint|p1a: Kingambit\n|-ohko\n|move|p1b: Ninetales|Moonblast|p2a: Maushold\n|-damage|p2a: Maushold|54/100\n|\n|-weather|Snowscape|[upkeep]\n|upkeep\n|inactive|the xpurt has 30 seconds left.\n|inactive|the xpurt has 20 seconds left.\n|c|\u2606the xpurt|did follow me redirect suckerpunch, or sheer cold not activate because it doesnt damage...\n|inactive|the xpurt has 15 seconds left.\n|\n|t:|1775937349\n|switch|p1a: Crabominable|Crabominable, L50, M|100/100\n|turn|3\n|c|\u2606ploknessterio|Redirected sucker I think\n|c|\u2606the xpurt|ty\n|c|\u2606ploknessterio|Mhm ofc\n|\n|t:|1775937370\n|detailschange|p1a: Crabominable|Crabominable-Mega, L50, M\n|-mega|p1a: Crabominable|Crabominable|Crabominite\n|move|p1a: Crabominable|Protect|p1a: Crabominable\n|-singleturn|p1a: Crabominable|Protect\n|move|p2a: Maushold|Follow Me|p2a: Maushold\n|-singleturn|p2a: Maushold|move: Follow Me\n|move|p2b: Glalie|Sheer Cold|p1a: Crabominable\n|-activate|p1a: Crabominable|move: Protect\n|move|p1b: Ninetales|Blizzard|p2a: Maushold|[spread] p2a,p2b\n|-resisted|p2b: Glalie|1\n|-damage|p2a: Maushold|5/100\n|-damage|p2b: Glalie|69/100\n|\n|-weather|Snowscape|[upkeep]\n|upkeep\n|turn|4\n|\n|t:|1775937386\n|move|p1a: Crabominable|Protect|p1a: Crabominable\n|-singleturn|p1a: Crabominable|Protect\n|move|p2a: Maushold|Follow Me|p2a: Maushold\n|-singleturn|p2a: Maushold|move: Follow Me\n|move|p2b: Glalie|Sheer Cold|p1a: Crabominable\n|-activate|p1a: Crabominable|move: Protect\n|move|p1b: Ninetales|Blizzard|p2b: Glalie|[spread] p2a,p2b\n|-resisted|p2b: Glalie|1\n|-damage|p2a: Maushold|0 fnt\n|-damage|p2b: Glalie|57/100\n|faint|p2a: Maushold\n|\n|-weather|Snowscape|[upkeep]\n|upkeep\n|\n|t:|1775937389\n|switch|p2a: Sinistcha|Sinistcha, L50|100/100\n|-heal|p2b: Glalie|81/100|[from] ability: Hospitality|[of] p2a: Sinistcha\n|turn|5\n|\n|t:|1775937409\n|move|p2a: Sinistcha|Rage Powder|p2a: Sinistcha\n|-singleturn|p2a: Sinistcha|move: Rage Powder\n|move|p2b: Glalie|Sheer Cold|p1a: Crabominable\n|-immune|p1a: Crabominable|[ohko]\n|move|p1b: Ninetales|Blizzard|p2a: Sinistcha|[spread] p2a,p2b\n|-supereffective|p2a: Sinistcha|1\n|-resisted|p2b: Glalie|1\n|-damage|p2a: Sinistcha|8/100\n|-damage|p2b: Glalie|64/100\n|move|p1a: Crabominable|Drain Punch|p2a: Sinistcha\n|-immune|p2a: Sinistcha\n|\n|-weather|none\n|-heal|p2a: Sinistcha|15/100|[from] item: Leftovers\n|upkeep\n|turn|6\n|c|\u2606ploknessterio|Oooh ice types are immune to sheer cold\n|c|\u2606ploknessterio|Oopsiw\n|inactive|the xpurt has 30 seconds left.\n|inactive|ploknessterio has 30 seconds left.\n|c|\u2606the xpurt|im learning so much\n|c|\u2606the xpurt|lol\n|inactive|the xpurt has 20 seconds left.\n|inactive|ploknessterio has 20 seconds left.\n|c|\u2606ploknessterio|Umm I lose I think\n|inactive|ploknessterio has 15 seconds left.\n|c|\u2606ploknessterio|Ggs\n|c|\u2606the xpurt|idk\n|-message|ploknessterio forfeited.\n|\n|win|the xpurt\n|raw|the xpurt's rating: 1054 &rarr; <strong>1085</strong><br />(+31 for winning)\n|raw|ploknessterio's rating: 1049 &rarr; <strong>1032</strong><br />(-17 for losing)\n|c|\u2606the xpurt|gg\n|l|\u2606ploknessterio\n|player|p2|\n|l|\u2606the xpurt\n|player|p1|\n|j|\u2606the xpurt\n|player|p1|the xpurt|harlequin|\n",
  "uploadtime": 1775937482,
  "views": 26,
  "formatid": "gen9championsvgc2026regma",
  "rating": 1032,
  "private": 0,
  "password": null
}