{
  "id": "gen9championsvgc2026regma-2589565486",
  "format": "[Gen 9 Champions] VGC 2026 Reg M-A",
  "players": [
    "duvay",
    "Filipe lllll"
  ],
  "log": "|j|\u2606duvay\n|j|\u2606Filipe lllll\n|t:|1776734669\n|gametype|doubles\n|player|p1|duvay|102|1181\n|player|p2|Filipe lllll|169|1118\n|gen|9\n|tier|[Gen 9 Champions] VGC 2026 Reg M-A\n|rated|\n|rule|Species Clause: Limit one of each Pok\u00e9mon\n|rule|Item Clause: Limit 1 of each item\n|clearpoke\n|poke|p1|Tyrantrum, L50, F|\n|poke|p1|Talonflame, L50, M|\n|poke|p1|Sinistcha, L50|\n|poke|p1|Milotic, L50, F|\n|poke|p1|Gardevoir, L50, M|\n|poke|p1|Sneasler, L50, F|\n|poke|p2|Empoleon, L50, F|\n|poke|p2|Farigiraf, L50, F|\n|poke|p2|Camerupt, L50, M|\n|poke|p2|Tyranitar, L50, F|\n|poke|p2|Cofagrigus, L50, F|\n|poke|p2|Garchomp, L50, F|\n|teampreview|4\n|inactive|Battle timer is ON: inactive players will automatically lose when time's up. (requested by duvay)\nduvay rejected open team sheets.\n|inactive|duvay has 60 seconds left.\n|inactive|duvay has 30 seconds left.\n|inactive|duvay has 20 seconds left.\n|\n|t:|1776734744\n|teamsize|p1|4\n|teamsize|p2|4\n|start\n|switch|p1a: Tyrantrum|Tyrantrum, L50, F|100/100\n|switch|p1b: Sinistcha|Sinistcha, L50|100/100\n|switch|p2a: Tyranitar|Tyranitar, L50, F|100/100\n|switch|p2b: Farigiraf|Farigiraf, L50, F|100/100\n|-weather|Sandstorm|[from] ability: Sand Stream|[of] p2a: Tyranitar\n|turn|1\n|\n|t:|1776734766\n|detailschange|p2a: Tyranitar|Tyranitar-Mega, L50, F\n|-mega|p2a: Tyranitar|Tyranitar|Tyranitarite\n|move|p1b: Sinistcha|Matcha Gotcha|p2a: Tyranitar|[spread] p2a,p2b\n|-supereffective|p2a: Tyranitar|1\n|-damage|p2a: Tyranitar|76/100\n|-damage|p2b: Farigiraf|75/100\n|move|p2a: Tyranitar|Taunt|p1b: Sinistcha\n|-start|p1b: Sinistcha|move: Taunt\n|move|p1a: Tyrantrum|Head Smash|p2b: Farigiraf\n|-damage|p2b: Farigiraf|12/100\n|move|p2b: Farigiraf|Trick Room|p2b: Farigiraf\n|-fieldstart|move: Trick Room|[of] p2b: Farigiraf\n|\n|-weather|Sandstorm|[upkeep]\n|-damage|p2b: Farigiraf|6/100|[from] Sandstorm\n|-damage|p1b: Sinistcha|94/100|[from] Sandstorm\n|upkeep\n|turn|2\n|inactive|Filipe lllll has 30 seconds left.\n|\n|t:|1776734794\n|move|p2b: Farigiraf|Helping Hand|p2a: Tyranitar\n|-singleturn|p2a: Tyranitar|Helping Hand|[of] p2b: Farigiraf\n|move|p1a: Tyrantrum|Protect|p1a: Tyrantrum\n|-singleturn|p1a: Tyrantrum|Protect\n|move|p2a: Tyranitar|Ice Punch|p1a: Tyrantrum\n|-activate|p1a: Tyrantrum|move: Protect\n|move|p1b: Sinistcha|Matcha Gotcha|p2b: Farigiraf|[spread] p2a,p2b\n|-supereffective|p2a: Tyranitar|1\n|-damage|p2a: Tyranitar|52/100\n|-heal|p1b: Sinistcha|100/100|[from] drain|[of] p2a: Tyranitar\n|-damage|p2b: Farigiraf|0 fnt\n|faint|p2b: Farigiraf\n|\n|-weather|Sandstorm|[upkeep]\n|-damage|p1b: Sinistcha|94/100|[from] Sandstorm\n|upkeep\n|\n|t:|1776734811\n|switch|p2b: Cofagrigus|Cofagrigus, L50, F|100/100\n|turn|3\n|\n|t:|1776734837\n|switch|p1a: Milotic|Milotic, L50, F|100/100\n|switch|p1b: Sneasler|Sneasler, L50, F|100/100\n|move|p2b: Cofagrigus|Body Press|p1a: Milotic\n|-damage|p1a: Milotic|67/100\n|move|p2a: Tyranitar|Low Kick|p1a: Milotic\n|-damage|p1a: Milotic|20/100\n|\n|-weather|Sandstorm|[upkeep]\n|-damage|p2b: Cofagrigus|94/100|[from] Sandstorm\n|-damage|p1a: Milotic|14/100|[from] Sandstorm\n|-damage|p1b: Sneasler|95/100|[from] Sandstorm\n|-heal|p1a: Milotic|20/100|[from] item: Leftovers\n|upkeep\n|turn|4\n|inactive|duvay has 30 seconds left.\n|\n|t:|1776734869\n|switch|p2a: Empoleon|Empoleon, L50, F|100/100\n|switch|p1a: Sinistcha|Sinistcha, L50|94/100\n|-heal|p1b: Sneasler|100/100|[from] ability: Hospitality|[of] p1a: Sinistcha\n|move|p1b: Sneasler|Fake Out|p2a: Empoleon\n|-resisted|p2a: Empoleon|1\n|-damage|p2a: Empoleon|94/100\n|move|p2b: Cofagrigus|Body Press|p1a: Sinistcha\n|-immune|p1a: Sinistcha\n|\n|-weather|Sandstorm|[upkeep]\n|-damage|p2b: Cofagrigus|88/100|[from] Sandstorm\n|-damage|p1a: Sinistcha|88/100|[from] Sandstorm\n|-damage|p1b: Sneasler|95/100|[from] Sandstorm\n|upkeep\n|turn|5\n|inactive|duvay has 30 seconds left.\n|\n|t:|1776734903\n|switch|p1a: Milotic|Milotic, L50, F|20/100\n|move|p2b: Cofagrigus|Night Shade|p1a: Milotic\n|-damage|p1a: Milotic|0 fnt\n|faint|p1a: Milotic\n|move|p2a: Empoleon|Ice Beam|p1b: Sneasler\n|-damage|p1b: Sneasler|49/100\n|move|p1b: Sneasler|Close Combat|p2a: Empoleon\n|-supereffective|p2a: Empoleon|1\n|-damage|p2a: Empoleon|0 fnt\n|-unboost|p1b: Sneasler|def|1\n|-unboost|p1b: Sneasler|spd|1\n|faint|p2a: Empoleon\n|\n|-weather|none\n|-fieldend|move: Trick Room\n|upkeep\n|\n|t:|1776734920\n|switch|p1a: Sinistcha|Sinistcha, L50|88/100\n|switch|p2a: Tyranitar|Tyranitar-Mega, L50, F|52/100\n|-weather|Sandstorm|[from] ability: Sand Stream|[of] p2a: Tyranitar\n|-heal|p1b: Sneasler|74/100|[from] ability: Hospitality|[of] p1a: Sinistcha\n|turn|6\n|\n|t:|1776734937\n|move|p1b: Sneasler|Dire Claw|p2b: Cofagrigus\n|-resisted|p2b: Cofagrigus|1\n|-damage|p2b: Cofagrigus|76/100\n|-status|p2b: Cofagrigus|psn\n|-activate|p2b: Cofagrigus|ability: Mummy|p1b: Sneasler|[ability] Poison Touch\n|move|p1a: Sinistcha|Shadow Ball|p2b: Cofagrigus\n|-supereffective|p2b: Cofagrigus|1\n|-damage|p2b: Cofagrigus|7/100 psn\n|move|p2a: Tyranitar|Ice Punch|p1a: Sinistcha\n|-supereffective|p1a: Sinistcha|1\n|-damage|p1a: Sinistcha|39/100\n|-status|p1a: Sinistcha|frz\n|-enditem|p1a: Sinistcha|Sitrus Berry|[eat]\n|-heal|p1a: Sinistcha|63/100 frz|[from] item: Sitrus Berry\n|move|p2b: Cofagrigus|Trick Room|p2b: Cofagrigus\n|-fieldstart|move: Trick Room|[of] p2b: Cofagrigus\n|\n|-weather|Sandstorm|[upkeep]\n|-damage|p2b: Cofagrigus|1/100 psn|[from] Sandstorm\n|-damage|p1a: Sinistcha|57/100 frz|[from] Sandstorm\n|-damage|p1b: Sneasler|68/100|[from] Sandstorm\n|-damage|p2b: Cofagrigus|0 fnt|[from] psn\n|faint|p2b: Cofagrigus\n|upkeep\n|turn|7\n|inactive|duvay has 30 seconds left.\n|inactive|Filipe lllll has 30 seconds left.\n|inactive|duvay has 20 seconds left.\n|\n|t:|1776734973\n|move|p2a: Tyranitar|Ice Punch|p1b: Sneasler\n|-damage|p1b: Sneasler|0 fnt\n|-activate|p1b: Sneasler|ability: Mummy|p2a: Tyranitar|[ability] Sand Stream\n|faint|p1b: Sneasler\n|-curestatus|p1a: Sinistcha|frz|[from] move: Matcha Gotcha\n|move|p1a: Sinistcha|Matcha Gotcha|p2a: Tyranitar\n|-supereffective|p2a: Tyranitar|1\n|-damage|p2a: Tyranitar|20/100\n|-heal|p1a: Sinistcha|76/100|[from] drain|[of] p2a: Tyranitar\n|\n|-weather|Sandstorm|[upkeep]\n|-damage|p1a: Sinistcha|70/100|[from] Sandstorm\n|upkeep\n|\n|t:|1776734984\n|switch|p1b: Tyrantrum|Tyrantrum, L50, F|100/100\n|turn|8\n|\n|t:|1776734991\n|move|p2a: Tyranitar|Ice Punch|p1a: Sinistcha\n|-supereffective|p1a: Sinistcha|1\n|-damage|p1a: Sinistcha|15/100\n|move|p1b: Tyrantrum|Close Combat|p2a: Tyranitar\n|-supereffective|p2a: Tyranitar|2\n|-damage|p2a: Tyranitar|0 fnt\n|-unboost|p1b: Tyrantrum|def|1\n|-unboost|p1b: Tyrantrum|spd|1\n|-activate|p2a: Tyranitar|ability: Mummy|p1b: Tyrantrum|[ability] Rock Head\n|faint|p2a: Tyranitar\n|\n|win|duvay\n|raw|duvay's rating: 1181 &rarr; <strong>1202</strong><br />(+21 for winning)\n|raw|Filipe lllll's rating: 1118 &rarr; <strong>1097</strong><br />(-21 for losing)\n|l|\u2606Filipe lllll\n|player|p2|\n",
  "uploadtime": 1776735006,
  "views": 3,
  "formatid": "gen9championsvgc2026regma",
  "rating": 1097,
  "private": 0,
  "password": null
}