{
  "id": "gen9championsvgc2026regma-2583561408",
  "format": "[Gen 9 Champions] VGC 2026 Reg M-A",
  "players": [
    "melon storme",
    "alejandro_l38"
  ],
  "log": "|j|\u2606melon storme\n|j|\u2606alejandro_l38\n|t:|1776183412\n|gametype|doubles\n|player|p1|melon storme|kieran-festival|1428\n|player|p2|alejandro_l38|lance|1417\n|gen|9\n|tier|[Gen 9 Champions] VGC 2026 Reg M-A\n|rated|\n|rule|Species Clause: Limit one of each Pok\u00e9mon\n|rule|Item Clause: Limit 1 of each item\n|clearpoke\n|poke|p1|Torkoal, L50, M|\n|poke|p1|Crabominable, L50, M|\n|poke|p1|Farigiraf, L50, M|\n|poke|p1|Kingambit, L50, M|\n|poke|p1|Golurk, L50|\n|poke|p1|Aegislash, L50, F|\n|poke|p2|Kingambit, L50, M|\n|poke|p2|Dragonite, L50, M|\n|poke|p2|Sneasler, L50, F|\n|poke|p2|Incineroar, L50, F|\n|poke|p2|Torkoal, L50, F|\n|poke|p2|Farigiraf, L50, F|\n|teampreview|4\n|\n|t:|1776183440\n|teamsize|p1|4\n|teamsize|p2|4\n|start\n|switch|p1a: Can Of Beans|Farigiraf, L50, M, shiny|100/100\n|switch|p1b: Carl Gambino|Kingambit, L50, M, shiny|100/100\n|switch|p2a: Sneasler|Sneasler, L50, F|100/100\n|switch|p2b: Dragonite|Dragonite, L50, M|100/100\n|turn|1\n|\n|t:|1776183456\n|detailschange|p2b: Dragonite|Dragonite-Mega, L50, M\n|-mega|p2b: Dragonite|Dragonite|Dragoninite\n|move|p2a: Sneasler|Rock Tomb|p1a: Can Of Beans\n|-damage|p1a: Can Of Beans|83/100\n|-unboost|p1a: Can Of Beans|spe|1\n|move|p2b: Dragonite|Dragon Pulse|p1a: Can Of Beans\n|-damage|p1a: Can Of Beans|30/100\n|-enditem|p1a: Can Of Beans|Sitrus Berry|[eat]\n|-heal|p1a: Can Of Beans|55/100|[from] item: Sitrus Berry\n|move|p1b: Carl Gambino|Swords Dance|p1b: Carl Gambino\n|-boost|p1b: Carl Gambino|atk|2\n|move|p1a: Can Of Beans|Trick Room|p1a: Can Of Beans\n|-fieldstart|move: Trick Room|[of] p1a: Can Of Beans\n|\n|upkeep\n|turn|2\n|\n|t:|1776183517\n|switch|p2a: Kingambit|Kingambit, L50, M|100/100\n|move|p1a: Can Of Beans|Psychic|p2a: Kingambit\n|-immune|p2a: Kingambit\n|move|p1b: Carl Gambino|Kowtow Cleave|p2b: Dragonite\n|-damage|p2b: Dragonite|55/100\n|move|p2b: Dragonite|Heat Wave|p1b: Carl Gambino|[spread] p1a,p1b\n|-supereffective|p1b: Carl Gambino|1\n|-damage|p1a: Can Of Beans|27/100\n|-damage|p1b: Carl Gambino|48/100\n|\n|upkeep\n|turn|3\n|\n|t:|1776183557\n|move|p2b: Dragonite|Protect|p2b: Dragonite\n|-singleturn|p2b: Dragonite|Protect\n|move|p1a: Can Of Beans|Hyper Voice|p2b: Dragonite|[spread] p2a\n|-activate|p2b: Dragonite|move: Protect\n|-resisted|p2a: Kingambit|1\n|-damage|p2a: Kingambit|86/100\n|move|p1b: Carl Gambino|Kowtow Cleave|p2a: Kingambit\n|-resisted|p2a: Kingambit|1\n|-damage|p2a: Kingambit|43/100\n|move|p2a: Kingambit|Kowtow Cleave|p1a: Can Of Beans\n|-supereffective|p1a: Can Of Beans|1\n|-damage|p1a: Can Of Beans|0 fnt\n|faint|p1a: Can Of Beans\n|\n|upkeep\n|\n|t:|1776183569\n|switch|p1a: Evil Ravioli|Crabominable, L50, M|100/100\n|turn|4\n|\n|t:|1776183591\n|switch|p2b: Sneasler|Sneasler, L50, F|100/100\n|detailschange|p1a: Evil Ravioli|Crabominable-Mega, L50, M\n|-mega|p1a: Evil Ravioli|Crabominable|Crabominite\n|move|p1a: Evil Ravioli|Ice Hammer|p2b: Sneasler\n|-enditem|p2b: Sneasler|Focus Sash\n|-damage|p2b: Sneasler|1/100\n|-unboost|p1a: Evil Ravioli|spe|1\n|move|p1b: Carl Gambino|Kowtow Cleave|p2a: Kingambit\n|-resisted|p2a: Kingambit|1\n|-damage|p2a: Kingambit|0 fnt\n|faint|p2a: Kingambit\n|\n|upkeep\n|\n|t:|1776183609\n|switch|p2a: Dragonite|Dragonite-Mega, L50, M|55/100\n|turn|5\n|\n|t:|1776183618\n|move|p1a: Evil Ravioli|Protect|p1a: Evil Ravioli\n|-singleturn|p1a: Evil Ravioli|Protect\n|move|p2a: Dragonite|Protect|p2a: Dragonite\n|-singleturn|p2a: Dragonite|Protect\n|move|p2b: Sneasler|Protect|p2b: Sneasler\n|-singleturn|p2b: Sneasler|Protect\n|move|p1b: Carl Gambino|Kowtow Cleave|p2a: Dragonite\n|-activate|p2a: Dragonite|move: Protect\n|\n|-fieldend|move: Trick Room\n|upkeep\n|turn|6\n|j| Vaporeon1021\n|\n|t:|1776183632\n|move|p1b: Carl Gambino|Sucker Punch|p2a: Dragonite\n|-damage|p2a: Dragonite|0 fnt\n|faint|p2a: Dragonite\n|move|p1a: Evil Ravioli|Mach Punch|p2b: Sneasler\n|-resisted|p2b: Sneasler|1\n|-damage|p2b: Sneasler|0 fnt\n|faint|p2b: Sneasler\n|\n|upkeep\n|\n|t:|1776183640\n|switch|p2b: Incineroar|Incineroar, L50, F|100/100\n|-ability|p2b: Incineroar|Intimidate|boost\n|-unboost|p1a: Evil Ravioli|atk|1\n|-unboost|p1b: Carl Gambino|atk|1\n|-ability|p1b: Carl Gambino|Defiant|boost\n|-boost|p1b: Carl Gambino|atk|2\n|turn|7\n|\n|t:|1776183653\n|move|p1b: Carl Gambino|Protect|p1b: Carl Gambino\n|-singleturn|p1b: Carl Gambino|Protect\n|move|p1a: Evil Ravioli|Protect|p1a: Evil Ravioli\n|-singleturn|p1a: Evil Ravioli|Protect\n|move|p2b: Incineroar|Flare Blitz|p1a: Evil Ravioli\n|-activate|p1a: Evil Ravioli|move: Protect\n|\n|upkeep\n|turn|8\n|\n|t:|1776183663\n|move|p1b: Carl Gambino|Sucker Punch|p2b: Incineroar\n|-resisted|p2b: Incineroar|1\n|-damage|p2b: Incineroar|56/100\n|move|p1a: Evil Ravioli|Mach Punch|p2b: Incineroar\n|-supereffective|p2b: Incineroar|1\n|-damage|p2b: Incineroar|24/100\n|move|p2b: Incineroar|Flare Blitz|p1a: Evil Ravioli\n|-supereffective|p1a: Evil Ravioli|1\n|-damage|p1a: Evil Ravioli|31/100\n|-damage|p2b: Incineroar|3/100|[from] Recoil\n|\n|upkeep\n|turn|9\n|-message|alejandro_l38 forfeited.\n|\n|win|melon storme\n|raw|melon storme's rating: 1428 &rarr; <strong>1447</strong><br />(+19 for winning)\n|raw|alejandro_l38's rating: 1417 &rarr; <strong>1398</strong><br />(-19 for losing)\n|l|\u2606alejandro_l38\n|player|p2|\n|c|\u2606melon storme|ggs\n|l| Vaporeon1021\n",
  "uploadtime": 1776183823,
  "views": 28,
  "formatid": "gen9championsvgc2026regma",
  "rating": 1398,
  "private": 0,
  "password": null
}