{
  "id": "gen9championsvgc2026regma-2587612602",
  "format": "[Gen 9 Champions] VGC 2026 Reg M-A",
  "players": [
    "xfgfgdgfdsgfgf",
    "buddy01820"
  ],
  "log": "|j|\u2606xfgfgdgfdsgfgf\n|j|\u2606buddy01820\n|t:|1776546945\n|gametype|doubles\n|player|p1|xfgfgdgfdsgfgf|scientist|1458\n|player|p2|buddy01820|170|1412\n|gen|9\n|tier|[Gen 9 Champions] VGC 2026 Reg M-A\n|rated|\n|rule|Species Clause: Limit one of each Pok\u00e9mon\n|rule|Item Clause: Limit 1 of each item\n|clearpoke\n|poke|p1|Floette-Eternal, L50, F|\n|poke|p1|Garchomp, L50, M|\n|poke|p1|Sneasler, L50, F|\n|poke|p1|Aerodactyl, L50, M|\n|poke|p1|Rotom-Wash, L50|\n|poke|p1|Incineroar, L50, F|\n|poke|p2|Floette-Eternal, L50, F|\n|poke|p2|Maushold, L50, shiny|\n|poke|p2|Garchomp, L50, F, shiny|\n|poke|p2|Talonflame, L50, F, shiny|\n|poke|p2|Rotom-Wash, L50, shiny|\n|poke|p2|Aegislash, L50, F, shiny|\n|teampreview|4\n|inactive|Battle timer is ON: inactive players will automatically lose when time's up. (requested by xfgfgdgfdsgfgf)\n|j| Bayern72915\n|inactive|xfgfgdgfdsgfgf has 60 seconds left.\n|inactive|buddy01820 has 60 seconds left.\n|\n|t:|1776546992\n|teamsize|p1|4\n|teamsize|p2|4\n|start\n|switch|p1a: Incineroar|Incineroar, L50, F|100/100\n|switch|p1b: Aerodactyl|Aerodactyl, L50, M|100/100\n|switch|p2a: Rotom|Rotom-Wash, L50, shiny|100/100\n|switch|p2b: Talonflame|Talonflame, L50, F, shiny|100/100\n|-ability|p1b: Aerodactyl|Unnerve\n|-ability|p1a: Incineroar|Intimidate|boost\n|-unboost|p2a: Rotom|atk|1\n|-unboost|p2b: Talonflame|atk|1\n|turn|1\n|\n|t:|1776547004\n|move|p2b: Talonflame|Protect|p2b: Talonflame\n|-singleturn|p2b: Talonflame|Protect\n|move|p1a: Incineroar|Fake Out|p2a: Rotom\n|-damage|p2a: Rotom|89/100\n|move|p1b: Aerodactyl|Rock Slide|p2b: Talonflame|[spread] \n|-activate|p2b: Talonflame|move: Protect\n|-miss|p1b: Aerodactyl|p2a: Rotom\n|cant|p2a: Rotom|flinch\n|\n|upkeep\n|turn|2\n|\n|t:|1776547021\n|move|p2b: Talonflame|Tailwind|p2b: Talonflame\n|-sidestart|p2: buddy01820|move: Tailwind\n|move|p2a: Rotom|Thunderbolt|p1b: Aerodactyl\n|-supereffective|p1b: Aerodactyl|1\n|-enditem|p1b: Aerodactyl|Focus Sash\n|-damage|p1b: Aerodactyl|1/100\n|move|p1b: Aerodactyl|Rock Slide|p2a: Rotom|[spread] p2a\n|-miss|p1b: Aerodactyl|p2b: Talonflame\n|-damage|p2a: Rotom|62/100\n|move|p1a: Incineroar|Parting Shot|p2a: Rotom\n|-unboost|p2a: Rotom|atk|1\n|-unboost|p2a: Rotom|spa|1\n|\n|t:|1776547033\n|switch|p1a: Sneasler|Sneasler, L50, F|100/100|[from] Parting Shot\n|\n|upkeep\n|turn|3\n|\n|t:|1776547051\n|switch|p2b: Aegislash|Aegislash, L50, F, shiny|100/100\n|move|p1b: Aerodactyl|Protect|p1b: Aerodactyl\n|-singleturn|p1b: Aerodactyl|Protect\n|move|p2a: Rotom|Volt Switch|p1a: Sneasler\n|-damage|p1a: Sneasler|71/100\n|\n|t:|1776547062\n|switch|p2a: Talonflame|Talonflame, L50, F, shiny|100/100|[from] Volt Switch\n|move|p1a: Sneasler|Close Combat|p2a: Talonflame\n|-resisted|p2a: Talonflame|1\n|-damage|p2a: Talonflame|54/100\n|-unboost|p1a: Sneasler|def|1\n|-unboost|p1a: Sneasler|spd|1\n|-enditem|p1a: Sneasler|White Herb\n|-clearnegativeboost|p1a: Sneasler|[silent]\n|\n|upkeep\n|turn|4\n|\n|t:|1776547075\n|switch|p1b: Incineroar|Incineroar, L50, F|100/100\n|-ability|p1b: Incineroar|Intimidate|boost\n|-unboost|p2a: Talonflame|atk|1\n|-unboost|p2b: Aegislash|atk|1\n|move|p1a: Sneasler|Protect|p1a: Sneasler\n|-singleturn|p1a: Sneasler|Protect\n|-formechange|p2b: Aegislash|Aegislash-Blade|\n|move|p2b: Aegislash|Shadow Sneak|p1b: Incineroar\n|-resisted|p1b: Incineroar|1\n|-damage|p1b: Incineroar|93/100\n|move|p2a: Talonflame|Acrobatics|p1a: Sneasler\n|-activate|p1a: Sneasler|move: Protect\n|\n|upkeep\n|turn|5\n|\n|t:|1776547098\n|switch|p1a: Aerodactyl|Aerodactyl, L50, M|1/100\n|-ability|p1a: Aerodactyl|Unnerve\n|switch|p2b: Rotom|Rotom-Wash, L50, shiny|62/100\n|move|p2a: Talonflame|Acrobatics|p1a: Aerodactyl\n|-resisted|p1a: Aerodactyl|1\n|-damage|p1a: Aerodactyl|0 fnt\n|faint|p1a: Aerodactyl\n|move|p1b: Incineroar|Parting Shot|p2b: Rotom\n|-unboost|p2b: Rotom|atk|1\n|-unboost|p2b: Rotom|spa|1\n|\n|t:|1776547108\n|switch|p1b: Floette|Floette-Eternal, L50, F|100/100|[from] Parting Shot\n|\n|-sideend|p2: buddy01820|move: Tailwind\n|upkeep\n|\n|t:|1776547112\n|switch|p1a: Incineroar|Incineroar, L50, F|93/100\n|-ability|p1a: Incineroar|Intimidate|boost\n|-unboost|p2a: Talonflame|atk|1\n|-unboost|p2b: Rotom|atk|1\n|turn|6\n|inactive|xfgfgdgfdsgfgf has 30 seconds left.\n|\n|t:|1776547140\n|detailschange|p1b: Floette|Floette-Mega, L50, F\n|-mega|p1b: Floette|Floette|Floettite\n|-ability|p1b: Floette|Fairy Aura\n|move|p2a: Talonflame|Tailwind|p2a: Talonflame\n|-sidestart|p2: buddy01820|move: Tailwind\n|move|p2b: Rotom|Volt Switch|p1b: Floette\n|-damage|p1b: Floette|83/100\n|\n|t:|1776547149\n|switch|p2b: Aegislash|Aegislash, L50, F, shiny|100/100|[from] Volt Switch\n|move|p1b: Floette|Calm Mind|p1b: Floette\n|-boost|p1b: Floette|spa|1\n|-boost|p1b: Floette|spd|1\n|move|p1a: Incineroar|Throat Chop|p2b: Aegislash\n|-supereffective|p2b: Aegislash|1\n|-damage|p2b: Aegislash|49/100\n|-start|p2b: Aegislash|Throat Chop|[silent]\n|\n|upkeep\n|turn|7\n|\n|t:|1776547171\n|move|p2b: Aegislash|King's Shield|p2b: Aegislash\n|-singleturn|p2b: Aegislash|Protect\n|move|p1b: Floette|Protect|p1b: Floette\n|-singleturn|p1b: Floette|Protect\n|move|p2a: Talonflame|Acrobatics|p1a: Incineroar\n|-damage|p1a: Incineroar|78/100\n|move|p1a: Incineroar|Parting Shot|p2b: Aegislash\n|-unboost|p2b: Aegislash|atk|1\n|-unboost|p2b: Aegislash|spa|1\n|\n|t:|1776547179\n|switch|p1a: Sneasler|Sneasler, L50, F|71/100|[from] Parting Shot\n|\n|-end|p2b: Aegislash|Throat Chop|[silent]\n|upkeep\n|turn|8\n|\n|t:|1776547191\n|switch|p2a: Rotom|Rotom-Wash, L50, shiny|62/100\n|switch|p1a: Incineroar|Incineroar, L50, F|78/100\n|-ability|p1a: Incineroar|Intimidate|boost\n|-unboost|p2a: Rotom|atk|1\n|-unboost|p2b: Aegislash|atk|1\n|-formechange|p2b: Aegislash|Aegislash-Blade|\n|move|p2b: Aegislash|Iron Head|p1b: Floette\n|-supereffective|p1b: Floette|1\n|-damage|p1b: Floette|36/100\n|move|p1b: Floette|Dazzling Gleam|p2a: Rotom|[spread] p2a,p2b\n|-resisted|p2b: Aegislash|1\n|-crit|p2b: Aegislash\n|-damage|p2a: Rotom|0 fnt\n|-damage|p2b: Aegislash|0 fnt\n|faint|p2a: Rotom\n|faint|p2b: Aegislash\n|\n|upkeep\n|\n|t:|1776547196\n|switch|p2a: Floette|Floette-Eternal, L50, F|100/100\n|switch|p2b: Talonflame|Talonflame, L50, F, shiny|54/100\n|turn|9\n|inactive|xfgfgdgfdsgfgf has 30 seconds left.\n|\n|t:|1776547221\n|detailschange|p2a: Floette|Floette-Mega, L50, F\n|-mega|p2a: Floette|Floette|Floettite\n|-ability|p2a: Floette|Fairy Aura\n|move|p1a: Incineroar|Fake Out|p2b: Talonflame\n|-damage|p2b: Talonflame|37/100\n|cant|p2b: Talonflame|flinch\n|move|p2a: Floette|Calm Mind|p2a: Floette\n|-boost|p2a: Floette|spa|1\n|-boost|p2a: Floette|spd|1\n|move|p1b: Floette|Dazzling Gleam|p2a: Floette|[spread] p2a,p2b\n|-resisted|p2b: Talonflame|1\n|-damage|p2a: Floette|66/100\n|-damage|p2b: Talonflame|0 fnt\n|faint|p2b: Talonflame\n|\n|-sideend|p2: buddy01820|move: Tailwind\n|upkeep\n|turn|10\n|\n|t:|1776547234\n|move|p1b: Floette|Moonblast|p2a: Floette\n|-damage|p2a: Floette|16/100\n|move|p2a: Floette|Moonblast|p1b: Floette\n|-damage|p1b: Floette|0 fnt\n|faint|p1b: Floette\n|move|p1a: Incineroar|Flare Blitz|p2a: Floette\n|-damage|p2a: Floette|0 fnt\n|faint|p2a: Floette\n|-damage|p1a: Incineroar|73/100|[from] Recoil\n|\n|win|xfgfgdgfdsgfgf\n|raw|xfgfgdgfdsgfgf's rating: 1458 &rarr; <strong>1475</strong><br />(+17 for winning)\n|raw|buddy01820's rating: 1412 &rarr; <strong>1395</strong><br />(-17 for losing)\n|l|\u2606buddy01820\n|player|p2|\n|l| Bayern72915\n|l|\u2606xfgfgdgfdsgfgf\n|player|p1|\n",
  "uploadtime": 1776547272,
  "views": 17,
  "formatid": "gen9championsvgc2026regma",
  "rating": 1395,
  "private": 0,
  "password": null
}