{
  "id": "gen9championsvgc2026regma-2585135360",
  "format": "[Gen 9 Champions] VGC 2026 Reg M-A",
  "players": [
    "MoBamba16594",
    "chilidogtimee"
  ],
  "log": "|j|\u2606MoBamba16594\n|j|\u203dchilidogtimee\n|t:|1776316015\n|gametype|doubles\n|player|p1|MoBamba16594|101|1090\n|player|p2|chilidogtimee|byron|1000\n|gen|9\n|tier|[Gen 9 Champions] VGC 2026 Reg M-A\n|rated|\n|rule|Species Clause: Limit one of each Pok\u00e9mon\n|rule|Item Clause: Limit 1 of each item\n|clearpoke\n|poke|p1|Scovillain, L50, F|\n|poke|p1|Mimikyu, L50, M|\n|poke|p1|Incineroar, L50, M|\n|poke|p1|Rotom-Wash, L50|\n|poke|p1|Noivern, L50, M|\n|poke|p1|Excadrill, L50, M|\n|poke|p2|Starmie, L50|\n|poke|p2|Kingambit, L50, F|\n|poke|p2|Sneasler, L50, F|\n|poke|p2|Pelipper, L50, M|\n|poke|p2|Sinistcha, L50|\n|poke|p2|Dragonite, L50, M|\n|teampreview|4\n|\n|t:|1776316076\n|teamsize|p1|4\n|teamsize|p2|4\n|start\n|switch|p1a: Rotom|Rotom-Wash, L50|100/100\n|switch|p1b: Scovillain|Scovillain, L50, F|100/100\n|switch|p2a: Pelipper|Pelipper, L50, M|100/100\n|switch|p2b: Dragonite|Dragonite, L50, M, shiny|100/100\n|-weather|RainDance|[from] ability: Drizzle|[of] p2a: Pelipper\n|turn|1\n|inactive|Battle timer is ON: inactive players will automatically lose when time's up. (requested by chilidogtimee)\n|\n|t:|1776316110\n|switch|p1a: Mimikyu|Mimikyu, L50, M|100/100\n|detailschange|p1b: Scovillain|Scovillain-Mega, L50, F\n|-mega|p1b: Scovillain|Scovillain|Scovillainite\n|move|p1b: Scovillain|Rage Powder|p1b: Scovillain\n|-singleturn|p1b: Scovillain|move: Rage Powder\n|move|p2a: Pelipper|Hurricane|p1b: Scovillain\n|-supereffective|p1b: Scovillain|1\n|-damage|p1b: Scovillain|34/100\n|-status|p2a: Pelipper|brn|[from] ability: Spicy Spray|[of] p1b: Scovillain\n|move|p2b: Dragonite|Dragon Claw|p1b: Scovillain\n|-damage|p1b: Scovillain|0 fnt\n|-status|p2b: Dragonite|brn|[from] ability: Spicy Spray|[of] p1b: Scovillain\n|-enditem|p2b: Dragonite|Lum Berry|[eat]\n|-curestatus|p2b: Dragonite|brn|[msg]\n|faint|p1b: Scovillain\n|\n|-weather|RainDance|[upkeep]\n|-damage|p2a: Pelipper|95/100 brn|[from] brn\n|upkeep\n|\n|t:|1776316131\n|switch|p1b: Rotom|Rotom-Wash, L50|100/100\n|turn|2\n|\n|t:|1776316142\n|move|p1b: Rotom|Protect|p1b: Rotom\n|-singleturn|p1b: Rotom|Protect\n|move|p2b: Dragonite|Extreme Speed|p1a: Mimikyu\n|-immune|p1a: Mimikyu\n|move|p2a: Pelipper|Tailwind|p2a: Pelipper\n|-sidestart|p2: chilidogtimee|move: Tailwind\n|move|p1a: Mimikyu|Trick Room|p1a: Mimikyu\n|-fieldstart|move: Trick Room|[of] p1a: Mimikyu\n|\n|-weather|RainDance|[upkeep]\n|-damage|p2a: Pelipper|89/100 brn|[from] brn\n|upkeep\n|turn|3\n|inactive|MoBamba16594 has 30 seconds left.\n|\n|t:|1776316175\n|switch|p2a: Sinistcha|Sinistcha, L50|100/100\n|move|p2b: Dragonite|Extreme Speed|p1b: Rotom\n|-damage|p1b: Rotom|66/100\n|move|p1a: Mimikyu|Play Rough|p2b: Dragonite\n|-supereffective|p2b: Dragonite|1\n|-damage|p2b: Dragonite|59/100\n|move|p1b: Rotom|Thunderbolt|p2b: Dragonite\n|-damage|p2b: Dragonite|17/100\n|\n|-weather|RainDance|[upkeep]\n|-heal|p1b: Rotom|72/100|[from] item: Leftovers\n|upkeep\n|turn|4\n|inactive|chilidogtimee has 30 seconds left.\n|\n|t:|1776316203\n|move|p2a: Sinistcha|Rage Powder|p2a: Sinistcha\n|-singleturn|p2a: Sinistcha|move: Rage Powder\n|move|p1a: Mimikyu|Play Rough|p2a: Sinistcha\n|-damage|p2a: Sinistcha|64/100\n|move|p1b: Rotom|Volt Switch|p2a: Sinistcha\n|-resisted|p2a: Sinistcha|1\n|-damage|p2a: Sinistcha|50/100\n|-enditem|p2a: Sinistcha|Sitrus Berry|[eat]\n|-heal|p2a: Sinistcha|75/100|[from] item: Sitrus Berry\n|\n|t:|1776316213\n|switch|p1b: Incineroar|Incineroar, L50, M|100/100|[from] Volt Switch\n|-ability|p1b: Incineroar|Intimidate|boost\n|-unboost|p2a: Sinistcha|atk|1\n|-unboost|p2b: Dragonite|atk|1\n|move|p2b: Dragonite|Dragon Claw|p1b: Incineroar\n|-damage|p1b: Incineroar|80/100\n|\n|-weather|RainDance|[upkeep]\n|upkeep\n|turn|5\n|inactive|MoBamba16594 has 30 seconds left.\n|\n|t:|1776316239\n|move|p2a: Sinistcha|Protect|p2a: Sinistcha\n|-singleturn|p2a: Sinistcha|Protect\n|move|p1b: Incineroar|Darkest Lariat|p2a: Sinistcha\n|-activate|p2a: Sinistcha|move: Protect\n|move|p1a: Mimikyu|Play Rough|p2b: Dragonite|[miss]\n|-miss|p1a: Mimikyu|p2b: Dragonite\n|move|p2b: Dragonite|Earthquake|p1a: Mimikyu|[spread] p1a,p1b\n|-activate|p2a: Sinistcha|move: Protect\n|-supereffective|p1b: Incineroar|1\n|-activate|p1a: Mimikyu|ability: Disguise\n|-damage|p1a: Mimikyu|100/100\n|-damage|p1b: Incineroar|53/100\n|detailschange|p1a: Mimikyu|Mimikyu-Busted, L50, M\n|-damage|p1a: Mimikyu|88/100|[from] pokemon: Mimikyu-Busted\n|\n|-weather|none\n|-sideend|p2: chilidogtimee|move: Tailwind\n|upkeep\n|turn|6\n|inactive|MoBamba16594 has 30 seconds left.\n|inactive|chilidogtimee has 30 seconds left.\n|\n|t:|1776316271\n|move|p2a: Sinistcha|Rage Powder|p2a: Sinistcha\n|-singleturn|p2a: Sinistcha|move: Rage Powder\n|move|p1b: Incineroar|Darkest Lariat|p2a: Sinistcha\n|-supereffective|p2a: Sinistcha|1\n|-damage|p2a: Sinistcha|20/100\n|move|p2b: Dragonite|Dragon Claw|p1b: Incineroar\n|-crit|p1b: Incineroar\n|-damage|p1b: Incineroar|5/100\n|-enditem|p1b: Incineroar|Sitrus Berry|[eat]\n|-heal|p1b: Incineroar|30/100|[from] item: Sitrus Berry\n|move|p1a: Mimikyu|Play Rough|p2a: Sinistcha\n|-damage|p2a: Sinistcha|0 fnt\n|faint|p2a: Sinistcha\n|\n|-fieldend|move: Trick Room\n|upkeep\n|\n|t:|1776316288\n|switch|p2a: Pelipper|Pelipper, L50, M|89/100 brn\n|-weather|RainDance|[from] ability: Drizzle|[of] p2a: Pelipper\n|turn|7\n|\n|t:|1776316308\n|switch|p1b: Rotom|Rotom-Wash, L50|72/100\n|move|p2b: Dragonite|Extreme Speed|p1b: Rotom\n|-damage|p1b: Rotom|48/100\n|move|p2a: Pelipper|Hurricane|p1a: Mimikyu\n|-damage|p1a: Mimikyu|51/100\n|-start|p1a: Mimikyu|confusion\n|-activate|p1a: Mimikyu|confusion\n|move|p1a: Mimikyu|Trick Room|p1a: Mimikyu\n|-fieldstart|move: Trick Room|[of] p1a: Mimikyu\n|\n|-weather|RainDance|[upkeep]\n|-heal|p1b: Rotom|54/100|[from] item: Leftovers\n|-damage|p2a: Pelipper|83/100 brn|[from] brn\n|upkeep\n|turn|8\n|inactive|MoBamba16594 has 30 seconds left.\n|inactive|chilidogtimee has 30 seconds left.\n|\n|t:|1776316342\n|-activate|p1a: Mimikyu|confusion\n|-damage|p1a: Mimikyu|35/100|[from] confusion\n|move|p2a: Pelipper|Protect|p2a: Pelipper\n|-singleturn|p2a: Pelipper|Protect\n|move|p2b: Dragonite|Extreme Speed|p1b: Rotom\n|-damage|p1b: Rotom|31/100\n|move|p1b: Rotom|Volt Switch|p2a: Pelipper\n|-activate|p2a: Pelipper|move: Protect\n|\n|-weather|RainDance|[upkeep]\n|-heal|p1b: Rotom|37/100|[from] item: Leftovers\n|-damage|p2a: Pelipper|77/100 brn|[from] brn\n|upkeep\n|turn|9\n|inactive|chilidogtimee has 30 seconds left.\n|\n|t:|1776316369\n|move|p1b: Rotom|Protect|p1b: Rotom\n|-singleturn|p1b: Rotom|Protect\n|move|p2b: Dragonite|Extreme Speed|p1b: Rotom\n|-activate|p1b: Rotom|move: Protect\n|-activate|p1a: Mimikyu|confusion\n|move|p1a: Mimikyu|Play Rough|p2b: Dragonite\n|-supereffective|p2b: Dragonite|1\n|-damage|p2b: Dragonite|0 fnt\n|faint|p2b: Dragonite\n|move|p2a: Pelipper|Hurricane|p1b: Rotom\n|-activate|p1b: Rotom|move: Protect\n|\n|-weather|RainDance|[upkeep]\n|-heal|p1b: Rotom|43/100|[from] item: Leftovers\n|-damage|p2a: Pelipper|71/100 brn|[from] brn\n|upkeep\n|\n|t:|1776316386\n|switch|p2b: Starmie|Starmie, L50, shiny|100/100\n|turn|10\n|\n|t:|1776316408\n|switch|p1a: Incineroar|Incineroar, L50, M|30/100\n|-ability|p1a: Incineroar|Intimidate|boost\n|-unboost|p2a: Pelipper|atk|1\n|-unboost|p2b: Starmie|atk|1\n|detailschange|p2b: Starmie|Starmie-Mega, L50, shiny\n|-mega|p2b: Starmie|Starmie|Starminite\n|move|p2b: Starmie|Protect|p2b: Starmie\n|-singleturn|p2b: Starmie|Protect\n|move|p1b: Rotom|Thunderbolt|p2b: Starmie\n|-activate|p2b: Starmie|move: Protect\n|move|p2a: Pelipper|Surf|p1a: Incineroar|[spread] p1a,p1b\n|-activate|p2b: Starmie|move: Protect\n|-supereffective|p1a: Incineroar|1\n|-resisted|p1b: Rotom|1\n|-damage|p1a: Incineroar|0 fnt\n|-damage|p1b: Rotom|25/100\n|faint|p1a: Incineroar\n|\n|-weather|RainDance|[upkeep]\n|-heal|p1b: Rotom|31/100|[from] item: Leftovers\n|-damage|p2a: Pelipper|65/100 brn|[from] brn\n|upkeep\n|\n|t:|1776316429\n|switch|p1a: Mimikyu|Mimikyu-Busted, L50, M|35/100\n|turn|11\n|\n|t:|1776316442\n|move|p2a: Pelipper|Protect|p2a: Pelipper\n|-singleturn|p2a: Pelipper|Protect\n|move|p1a: Mimikyu|Shadow Sneak|p2b: Starmie\n|-supereffective|p2b: Starmie|1\n|-damage|p2b: Starmie|56/100\n|move|p1b: Rotom|Thunderbolt|p2b: Starmie\n|-supereffective|p2b: Starmie|1\n|-damage|p2b: Starmie|0 fnt\n|faint|p2b: Starmie\n|\n|-weather|none\n|-heal|p1b: Rotom|37/100|[from] item: Leftovers\n|-damage|p2a: Pelipper|59/100 brn|[from] brn\n|-fieldend|move: Trick Room\n|upkeep\n|turn|12\n|-message|chilidogtimee forfeited.\n|\n|win|MoBamba16594\n|raw|MoBamba16594's rating: 1090 &rarr; <strong>1110</strong><br />(+20 for winning)\n|raw|chilidogtimee's rating: 1000 &rarr; <strong>1000</strong><br />(+0 for losing)\n|l|\u203dchilidogtimee\n|player|p2|\n",
  "uploadtime": 1776316459,
  "views": 18,
  "formatid": "gen9championsvgc2026regma",
  "rating": 1000,
  "private": 0,
  "password": null
}