{
  "id": "gen9championsvgc2026regma-2587929387",
  "format": "[Gen 9 Champions] VGC 2026 Reg M-A",
  "players": [
    "W0kMeDed",
    "Tepig_nNz_498"
  ],
  "log": "|j|\u2606W0kMeDed\n|j|\u2606Tepig_nNz_498\n|t:|1776580498\n|gametype|doubles\n|player|p1|W0kMeDed|palmer|1483\n|player|p2|Tepig_nNz_498|169|1603\n|gen|9\n|tier|[Gen 9 Champions] VGC 2026 Reg M-A\n|rated|\n|rule|Species Clause: Limit one of each Pok\u00e9mon\n|rule|Item Clause: Limit 1 of each item\n|clearpoke\n|poke|p1|Espathra, L50, F|\n|poke|p1|Chandelure, L50, F|\n|poke|p1|Aerodactyl, L50, M|\n|poke|p1|Kingambit, L50, M|\n|poke|p1|Sneasler, L50, M|\n|poke|p1|Rotom-Wash, L50|\n|poke|p2|Politoed, L50, M|\n|poke|p2|Archaludon, L50, M|\n|poke|p2|Pelipper, L50, M|\n|poke|p2|Dragonite, L50, M|\n|poke|p2|Whimsicott, L50, F|\n|poke|p2|Basculegion, L50, M|\n|teampreview|4\n|j| sdfsfgh\n|\n|t:|1776580542\n|teamsize|p1|4\n|teamsize|p2|4\n|start\n|switch|p1a: Lavash|Espathra, L50, F|100/100\n|switch|p1b: Vega|Sneasler, L50, M|100/100\n|switch|p2a: Basculegion|Basculegion, L50, M|100/100\n|switch|p2b: Pelipper|Pelipper, L50, M|100/100\n|-weather|RainDance|[from] ability: Drizzle|[of] p2b: Pelipper\n|turn|1\n|\n|t:|1776580569\n|move|p1a: Lavash|Protect|p1a: Lavash\n|-singleturn|p1a: Lavash|Protect\n|move|p1b: Vega|Fake Out|p2b: Pelipper\n|-damage|p2b: Pelipper|86/100\n|move|p2a: Basculegion|Wave Crash|p1b: Vega\n|-damage|p1b: Vega|0 fnt\n|faint|p1b: Vega\n|-damage|p2a: Basculegion|77/100|[from] Recoil\n|cant|p2b: Pelipper|flinch\n|\n|-weather|RainDance|[upkeep]\n|-ability|p1a: Lavash|Speed Boost|boost\n|-boost|p1a: Lavash|spe|1\n|upkeep\n|\n|t:|1776580577\n|switch|p1b: Elgee|Rotom-Wash, L50|100/100\n|turn|2\n|\n|t:|1776580592\n|move|p1a: Lavash|Lumina Crash|p2b: Pelipper\n|-damage|p2b: Pelipper|33/100\n|-unboost|p2b: Pelipper|spd|2\n|-enditem|p2b: Pelipper|Sitrus Berry|[eat]\n|-heal|p2b: Pelipper|58/100|[from] item: Sitrus Berry\n|move|p2a: Basculegion|Flip Turn|p1a: Lavash\n|-damage|p1a: Lavash|16/100\n|\n|t:|1776580601\n|switch|p2a: Archaludon|Archaludon, L50, M|100/100|[from] Flip Turn\n|move|p1b: Elgee|Thunderbolt|p2b: Pelipper\n|-supereffective|p2b: Pelipper|2\n|-damage|p2b: Pelipper|0 fnt\n|faint|p2b: Pelipper\n|\n|-weather|RainDance|[upkeep]\n|-ability|p1a: Lavash|Speed Boost|boost\n|-boost|p1a: Lavash|spe|1\n|upkeep\n|\n|t:|1776580608\n|switch|p2b: Dragonite|Dragonite, L50, M|100/100\n|turn|3\n|\n|t:|1776580621\n|detailschange|p2b: Dragonite|Dragonite-Mega, L50, M\n|-mega|p2b: Dragonite|Dragonite|Dragoninite\n|move|p1a: Lavash|Lumina Crash|p2a: Archaludon\n|-resisted|p2a: Archaludon|1\n|-damage|p2a: Archaludon|77/100\n|-unboost|p2a: Archaludon|spd|2\n|-ability|p2a: Archaludon|Stamina|boost\n|-boost|p2a: Archaludon|def|1\n|move|p1b: Elgee|Thunderbolt|p2a: Archaludon\n|-resisted|p2a: Archaludon|1\n|-damage|p2a: Archaludon|28/100\n|-ability|p2a: Archaludon|Stamina|boost\n|-boost|p2a: Archaludon|def|1\n|move|p2b: Dragonite|Tailwind|p2b: Dragonite\n|-sidestart|p2: Tepig_nNz_498|move: Tailwind\n|move|p2a: Archaludon|Electro Shot||[still]\n|-prepare|p2a: Archaludon|Electro Shot\n|-boost|p2a: Archaludon|spa|1\n|-anim|p2a: Archaludon|Electro Shot|p1b: Elgee\n|-damage|p1b: Elgee|21/100\n|\n|-weather|RainDance|[upkeep]\n|-heal|p2a: Archaludon|35/100|[from] item: Leftovers\n|-ability|p1a: Lavash|Speed Boost|boost\n|-boost|p1a: Lavash|spe|1\n|upkeep\n|turn|4\n|\n|t:|1776580648\n|move|p1a: Lavash|Dazzling Gleam|p2a: Archaludon|[spread] p2a,p2b\n|-supereffective|p2b: Dragonite|1\n|-damage|p2a: Archaludon|0 fnt\n|-damage|p2b: Dragonite|85/100\n|faint|p2a: Archaludon\n|move|p2b: Dragonite|Hurricane|p1a: Lavash\n|-damage|p1a: Lavash|0 fnt\n|faint|p1a: Lavash\n|move|p1b: Elgee|Thunderbolt|p2b: Dragonite\n|-damage|p2b: Dragonite|52/100\n|\n|-weather|RainDance|[upkeep]\n|upkeep\n|\n|t:|1776580657\n|switch|p1a: Mishima H.|Kingambit, L50, M|100/100\n|switch|p2a: Basculegion|Basculegion, L50, M|77/100\n|turn|5\n|\n|t:|1776580664\n|move|p2a: Basculegion|Aqua Jet|p1a: Mishima H.\n|-damage|p1a: Mishima H.|70/100\n|move|p1a: Mishima H.|Sucker Punch||[still]\n|-fail|p1a: Mishima H.\n|move|p2b: Dragonite|Dragon Pulse|p1b: Elgee\n|-damage|p1b: Elgee|0 fnt\n|faint|p1b: Elgee\n|\n|-weather|none\n|upkeep\n|turn|6\n|\n|t:|1776580675\n|move|p2b: Dragonite|Hurricane|p1a: Mishima H.|[miss]\n|-miss|p2b: Dragonite|p1a: Mishima H.\n|move|p2a: Basculegion|Wave Crash|p1a: Mishima H.\n|-damage|p1a: Mishima H.|1/100\n|-damage|p2a: Basculegion|58/100|[from] Recoil\n|move|p1a: Mishima H.|Kowtow Cleave|p2b: Dragonite\n|-damage|p2b: Dragonite|0 fnt\n|faint|p2b: Dragonite\n|\n|-sideend|p2: Tepig_nNz_498|move: Tailwind\n|upkeep\n|turn|7\n|\n|t:|1776580685\n|move|p2a: Basculegion|Aqua Jet|p1a: Mishima H.\n|-damage|p1a: Mishima H.|0 fnt\n|faint|p1a: Mishima H.\n|\n|win|Tepig_nNz_498\n|raw|W0kMeDed's rating: 1483 &rarr; <strong>1470</strong><br />(-13 for losing)\n|raw|Tepig_nNz_498's rating: 1603 &rarr; <strong>1616</strong><br />(+13 for winning)\n|l|\u2606Tepig_nNz_498\n|player|p2|\n|l|\u2606W0kMeDed\n|player|p1|\n",
  "uploadtime": 1776580693,
  "views": 13,
  "formatid": "gen9championsvgc2026regma",
  "rating": 1470,
  "private": 0,
  "password": null
}