{
  "id": "gen9championsvgc2026regma-2584678990",
  "format": "[Gen 9 Champions] VGC 2026 Reg M-A",
  "players": [
    "Barbie120",
    "reneuve"
  ],
  "log": "|j|\u2606Barbie120\n|j|\u2606reneuve\n|t:|1776276281\n|gametype|doubles\n|player|p1|Barbie120|265|1066\n|player|p2|reneuve|benga|1086\n|gen|9\n|tier|[Gen 9 Champions] VGC 2026 Reg M-A\n|rated|\n|rule|Species Clause: Limit one of each Pok\u00e9mon\n|rule|Item Clause: Limit 1 of each item\n|clearpoke\n|poke|p1|Dragapult, L50, F|\n|poke|p1|Lucario, L50, F|\n|poke|p1|Volcarona, L50, M|\n|poke|p1|Goodra, L50, M|\n|poke|p1|Rotom-Wash, L50|\n|poke|p1|Sneasler, L50, M|\n|poke|p2|Tyranitar, L50, M|\n|poke|p2|Garchomp, L50, F|\n|poke|p2|Excadrill, L50, M|\n|poke|p2|Gengar, L50, F|\n|poke|p2|Archaludon, L50, F|\n|poke|p2|Rotom-Wash, L50|\n|teampreview|4\n|j| DJ UB RONIN\nreneuve rejected open team sheets.\n|l| DJ UB RONIN\n|\n|t:|1776276308\n|teamsize|p1|4\n|teamsize|p2|4\n|start\n|switch|p1a: Dragapult|Dragapult, L50, F|100/100\n|switch|p1b: Lucario|Lucario, L50, F|100/100\n|switch|p2a: Tyranitar|Tyranitar, L50, M|100/100\n|switch|p2b: Garchomp|Garchomp, L50, F|100/100\n|-weather|Sandstorm|[from] ability: Sand Stream|[of] p2a: Tyranitar\n|turn|1\n|\n|t:|1776276326\n|detailschange|p2a: Tyranitar|Tyranitar-Mega, L50, M\n|-mega|p2a: Tyranitar|Tyranitar|Tyranitarite\n|move|p2a: Tyranitar|Protect|p2a: Tyranitar\n|-singleturn|p2a: Tyranitar|Protect\n|move|p1a: Dragapult|Beat Up|p1b: Lucario\n|-resisted|p1b: Lucario|1\n|-damage|p1b: Lucario|98/100\n|-ability|p1b: Lucario|Justified|boost\n|-boost|p1b: Lucario|atk|1\n|-resisted|p1b: Lucario|1\n|-damage|p1b: Lucario|95/100\n|-ability|p1b: Lucario|Justified|boost\n|-boost|p1b: Lucario|atk|1\n|-resisted|p1b: Lucario|1\n|-damage|p1b: Lucario|92/100\n|-ability|p1b: Lucario|Justified|boost\n|-boost|p1b: Lucario|atk|1\n|-resisted|p1b: Lucario|1\n|-damage|p1b: Lucario|90/100\n|-ability|p1b: Lucario|Justified|boost\n|-boost|p1b: Lucario|atk|1\n|-hitcount|p1b: Lucario|4\n|move|p2b: Garchomp|Dragon Claw|p1a: Dragapult\n|-supereffective|p1a: Dragapult|1\n|-enditem|p1a: Dragapult|Focus Sash\n|-damage|p1a: Dragapult|1/100\n|move|p1b: Lucario|Trailblaze|p2a: Tyranitar\n|-activate|p2a: Tyranitar|move: Protect\n|\n|-weather|Sandstorm|[upkeep]\n|-damage|p1a: Dragapult|0 fnt|[from] Sandstorm\n|faint|p1a: Dragapult\n|upkeep\n|\n|t:|1776276359\n|switch|p1a: Sneasler|Sneasler, L50, M|100/100\n|turn|2\n|inactive|Battle timer is ON: inactive players will automatically lose when time's up. (requested by Barbie120)\n|\n|t:|1776276374\n|switch|p2a: Archaludon|Archaludon, L50, F|100/100\n|detailschange|p1b: Lucario|Lucario-Mega, L50, F\n|-mega|p1b: Lucario|Lucario|Lucarionite\n|move|p1a: Sneasler|Fake Out|p2b: Garchomp\n|-damage|p2b: Garchomp|85/100\n|move|p1b: Lucario|Drain Punch|p2b: Garchomp\n|-damage|p2b: Garchomp|0 fnt\n|-heal|p1b: Lucario|100/100|[from] drain|[of] p2b: Garchomp\n|faint|p2b: Garchomp\n|\n|-weather|Sandstorm|[upkeep]\n|-damage|p1a: Sneasler|95/100|[from] Sandstorm\n|upkeep\n|\n|t:|1776276386\n|switch|p2b: Tyranitar|Tyranitar-Mega, L50, M|100/100\n|turn|3\n|\n|t:|1776276400\n|switch|p1a: Goodra|Goodra, L50, M|100/100\n|move|p1b: Lucario|Drain Punch|p2a: Archaludon\n|-supereffective|p2a: Archaludon|1\n|-damage|p2a: Archaludon|0 fnt\n|faint|p2a: Archaludon\n|move|p2b: Tyranitar|Earthquake|p1a: Goodra|[spread] p1a,p1b\n|-supereffective|p1b: Lucario|1\n|-damage|p1a: Goodra|68/100\n|-damage|p1b: Lucario|30/100\n|\n|-weather|Sandstorm|[upkeep]\n|-damage|p1a: Goodra|61/100|[from] Sandstorm\n|-heal|p1a: Goodra|68/100|[from] item: Leftovers\n|upkeep\n|\n|t:|1776276412\n|switch|p2a: Excadrill|Excadrill, L50, M|100/100\n|turn|4\n|\n|t:|1776276424\n|move|p1b: Lucario|Detect|p1b: Lucario\n|-singleturn|p1b: Lucario|Protect\n|move|p2b: Tyranitar|Protect|p2b: Tyranitar\n|-singleturn|p2b: Tyranitar|Protect\n|move|p2a: Excadrill|Earthquake|p1a: Goodra|[spread] p1a\n|-activate|p2b: Tyranitar|move: Protect\n|-activate|p1b: Lucario|move: Protect\n|-damage|p1a: Goodra|25/100\n|move|p1a: Goodra|Dragon Claw|p2b: Tyranitar\n|-activate|p2b: Tyranitar|move: Protect\n|\n|-weather|Sandstorm|[upkeep]\n|-damage|p1a: Goodra|19/100|[from] Sandstorm\n|-heal|p1a: Goodra|25/100|[from] item: Leftovers\n|upkeep\n|turn|5\n|\n|t:|1776276447\n|move|p1a: Goodra|Protect|p1a: Goodra\n|-singleturn|p1a: Goodra|Protect\n|move|p1b: Lucario|Bullet Punch|p2b: Tyranitar\n|-supereffective|p2b: Tyranitar|1\n|-damage|p2b: Tyranitar|0 fnt\n|faint|p2b: Tyranitar\n|move|p2a: Excadrill|Earthquake|p1b: Lucario|[spread] p1b\n|-activate|p1a: Goodra|move: Protect\n|-supereffective|p1b: Lucario|1\n|-damage|p1b: Lucario|0 fnt\n|faint|p1b: Lucario\n|\n|-weather|none\n|-heal|p1a: Goodra|32/100|[from] item: Leftovers\n|upkeep\n|\n|t:|1776276454\n|switch|p1b: Sneasler|Sneasler, L50, M|95/100\n|turn|6\n|\n|t:|1776276460\n|move|p1b: Sneasler|Fake Out|p2a: Excadrill\n|-resisted|p2a: Excadrill|1\n|-damage|p2a: Excadrill|90/100\n|cant|p2a: Excadrill|flinch\n|move|p1a: Goodra|Dragon Claw|p2a: Excadrill\n|-resisted|p2a: Excadrill|1\n|-damage|p2a: Excadrill|70/100\n|\n|-heal|p1a: Goodra|38/100|[from] item: Leftovers\n|upkeep\n|turn|7\n|\n|t:|1776276469\n|move|p1a: Goodra|Feint|p2a: Excadrill\n|-resisted|p2a: Excadrill|1\n|-damage|p2a: Excadrill|65/100\n|move|p1b: Sneasler|Close Combat|p2a: Excadrill\n|-supereffective|p2a: Excadrill|1\n|-damage|p2a: Excadrill|0 fnt\n|-unboost|p1b: Sneasler|def|1\n|-unboost|p1b: Sneasler|spd|1\n|faint|p2a: Excadrill\n|\n|win|Barbie120\n|raw|Barbie120's rating: 1066 &rarr; <strong>1098</strong><br />(+32 for winning)\n|raw|reneuve's rating: 1086 &rarr; <strong>1062</strong><br />(-24 for losing)\n|l|\u2606reneuve\n|player|p2|\n",
  "uploadtime": 1776276493,
  "views": 28,
  "formatid": "gen9championsvgc2026regma",
  "rating": 1062,
  "private": 0,
  "password": null
}