{
  "id": "gen9championsvgc2026regma-2585444882",
  "format": "[Gen 9 Champions] VGC 2026 Reg M-A",
  "players": [
    "SCPRafael",
    "zoronette"
  ],
  "log": "|j|\u2606SCPRafael\n|j|\u2606zoronette\n|t:|1776347755\n|gametype|doubles\n|player|p1|SCPRafael|169|1240\n|player|p2|zoronette|n-masters2|1299\n|gen|9\n|tier|[Gen 9 Champions] VGC 2026 Reg M-A\n|rated|\n|rule|Species Clause: Limit one of each Pok\u00e9mon\n|rule|Item Clause: Limit 1 of each item\n|clearpoke\n|poke|p1|Aegislash, L50, F|\n|poke|p1|Sneasler, L50, M|\n|poke|p1|Froslass, L50, F|\n|poke|p1|Sinistcha-Masterpiece, L50|\n|poke|p1|Araquanid, L50, F|\n|poke|p1|Garchomp, L50, M|\n|poke|p2|Pelipper, L50, F|\n|poke|p2|Archaludon, L50, F|\n|poke|p2|Basculegion, L50, M|\n|poke|p2|Incineroar, L50, F|\n|poke|p2|Gengar, L50, F|\n|poke|p2|Meganium, L50, F|\n|teampreview|4\n|inactive|Battle timer is ON: inactive players will automatically lose when time's up. (requested by zoronette)\n|inactive|SCPRafael has 60 seconds left.\n|\n|t:|1776347796\n|teamsize|p1|4\n|teamsize|p2|4\n|start\n|switch|p1a: Sneasler|Sneasler, L50, M, shiny|100/100\n|switch|p1b: Froslass|Froslass, L50, F, shiny|100/100\n|switch|p2a: Gengar|Gengar, L50, F, shiny|100/100\n|switch|p2b: Basculegion|Basculegion, L50, M, shiny|100/100\n|turn|1\n|\n|t:|1776347819\n|switch|p1a: Araquanid|Araquanid, L50, F, shiny|100/100\n|detailschange|p2a: Gengar|Gengar-Mega, L50, F, shiny\n|-mega|p2a: Gengar|Gengar|Gengarite\n|move|p1b: Froslass|Protect|p1b: Froslass\n|-singleturn|p1b: Froslass|Protect\n|move|p2a: Gengar|Shadow Ball|p1b: Froslass\n|-activate|p1b: Froslass|move: Protect\n|move|p2b: Basculegion|Wave Crash|p1a: Araquanid\n|-resisted|p1a: Araquanid|1\n|-damage|p1a: Araquanid|69/100\n|-damage|p2b: Basculegion|92/100|[from] Recoil\n|\n|upkeep\n|turn|2\n|inactive|SCPRafael has 30 seconds left.\n|inactive|zoronette has 30 seconds left.\n|inactive|zoronette has 20 seconds left.\n|\n|t:|1776347856\n|switch|p1b: Sneasler|Sneasler, L50, M, shiny|100/100\n|switch|p2b: Archaludon|Archaludon, L50, F, shiny|100/100\n|move|p2a: Gengar|Sludge Bomb|p1a: Araquanid\n|-damage|p1a: Araquanid|23/100\n|move|p1a: Araquanid|Liquidation|p2a: Gengar\n|-damage|p2a: Gengar|0 fnt\n|faint|p2a: Gengar\n|\n|upkeep\n|\n|t:|1776347866\n|switch|p2a: Pelipper|Pelipper, L50, F, shiny|100/100\n|-weather|RainDance|[from] ability: Drizzle|[of] p2a: Pelipper\n|turn|3\n|\n|t:|1776347886\n|switch|p1a: Froslass|Froslass, L50, F, shiny|100/100\n|move|p2b: Archaludon|Protect|p2b: Archaludon\n|-singleturn|p2b: Archaludon|Protect\n|move|p1b: Sneasler|Fake Out|p2a: Pelipper\n|-crit|p2a: Pelipper\n|-damage|p2a: Pelipper|73/100\n|cant|p2a: Pelipper|flinch\n|\n|-weather|RainDance|[upkeep]\n|upkeep\n|turn|4\n|\n|t:|1776347905\n|switch|p2b: Basculegion|Basculegion, L50, M, shiny|92/100\n|detailschange|p1a: Froslass|Froslass-Mega, L50, F, shiny\n|-mega|p1a: Froslass|Froslass|Froslassite\n|-weather|Snowscape|[from] ability: Snow Warning|[of] p1a: Froslass\n|move|p1b: Sneasler|Close Combat|p2b: Basculegion\n|-immune|p2b: Basculegion\n|move|p1a: Froslass|Blizzard|p2b: Basculegion|[spread] p2a,p2b\n|-resisted|p2b: Basculegion|1\n|-damage|p2a: Pelipper|0 fnt\n|-damage|p2b: Basculegion|69/100\n|faint|p2a: Pelipper\n|\n|-weather|Snowscape|[upkeep]\n|upkeep\n|\n|t:|1776347908\n|switch|p2a: Archaludon|Archaludon, L50, F, shiny|100/100\n|turn|5\n|-message|zoronette forfeited.\n|\n|win|SCPRafael\n|raw|SCPRafael's rating: 1240 &rarr; <strong>1269</strong><br />(+29 for winning)\n|raw|zoronette's rating: 1299 &rarr; <strong>1270</strong><br />(-29 for losing)\n|l|\u2606zoronette\n|player|p2|\n",
  "uploadtime": 1776347917,
  "views": 37,
  "formatid": "gen9championsvgc2026regma",
  "rating": 1269,
  "private": 0,
  "password": null
}