{
  "id": "gen9championsvgc2026regma-2580723958",
  "format": "[Gen 9 Champions] VGC 2026 Reg M-A",
  "players": [
    "Ramingo",
    "WhiteBoySharia"
  ],
  "log": "|j|\u2606Ramingo\n|j|\u2606WhiteBoySharia\n|t:|1775927286\n|gametype|doubles\n|player|p1|Ramingo|266|1134\n|player|p2|WhiteBoySharia|kieran|1208\n|gen|9\n|tier|[Gen 9 Champions] VGC 2026 Reg M-A\n|rated|\n|rule|Species Clause: Limit one of each Pok\u00e9mon\n|rule|Item Clause: Limit 1 of each item\n|clearpoke\n|poke|p1|Froslass, L50, F|\n|poke|p1|Sneasler, L50, F|\n|poke|p1|Volcarona, L50, F|\n|poke|p1|Glaceon, L50, F|\n|poke|p1|Garchomp, L50, F|\n|poke|p1|Aerodactyl, L50, F|\n|poke|p2|Incineroar, L50, M|\n|poke|p2|Charizard, L50, M|\n|poke|p2|Venusaur, L50, F|\n|poke|p2|Whimsicott, L50, F|\n|poke|p2|Archaludon, L50, M|\n|poke|p2|Garchomp, L50, F|\n|teampreview|4\n|inactive|Battle timer is ON: inactive players will automatically lose when time's up. (requested by WhiteBoySharia)\n|\n|t:|1775927307\n|teamsize|p1|4\n|teamsize|p2|4\n|start\n|switch|p1a: Sneasler|Sneasler, L50, F|100/100\n|switch|p1b: Aerodactyl|Aerodactyl, L50, F|100/100\n|switch|p2a: Charizard|Charizard, L50, M|100/100\n|switch|p2b: Whimsicott|Whimsicott, L50, F, shiny|100/100\n|-ability|p1b: Aerodactyl|Unnerve\n|turn|1\n|inactive|WhiteBoySharia has 30 seconds left.\n|inactive|WhiteBoySharia has 20 seconds left.\n|\n|t:|1775927343\n|move|p2a: Charizard|Protect|p2a: Charizard\n|-singleturn|p2a: Charizard|Protect\n|move|p1a: Sneasler|Fake Out|p2a: Charizard\n|-activate|p2a: Charizard|move: Protect\n|move|p1b: Aerodactyl|Dual Wingbeat|p2b: Whimsicott\n|-supereffective|p2b: Whimsicott|1\n|-damage|p2b: Whimsicott|57/100\n|-supereffective|p2b: Whimsicott|1\n|-damage|p2b: Whimsicott|14/100\n|-hitcount|p2b: Whimsicott|2\n|move|p2b: Whimsicott|Moonblast|p1b: Aerodactyl\n|-damage|p1b: Aerodactyl|60/100\n|\n|upkeep\n|turn|2\n|\n|t:|1775927362\n|detailschange|p2a: Charizard|Charizard-Mega-Y, L50, M\n|-mega|p2a: Charizard|Charizard|Charizardite Y\n|-weather|SunnyDay|[from] ability: Drought|[of] p2a: Charizard\n|move|p2b: Whimsicott|Tailwind|p2b: Whimsicott\n|-sidestart|p2: WhiteBoySharia|move: Tailwind\n|move|p2a: Charizard|Heat Wave|p1a: Sneasler|[spread] p1a,p1b\n|-resisted|p1b: Aerodactyl|1\n|-damage|p1a: Sneasler|6/100\n|-damage|p1b: Aerodactyl|15/100\n|-status|p1a: Sneasler|brn\n|move|p1b: Aerodactyl|Rock Slide|p2b: Whimsicott|[spread] p2a,p2b\n|-supereffective|p2a: Charizard|2\n|-damage|p2a: Charizard|0 fnt\n|-damage|p2b: Whimsicott|0 fnt\n|faint|p2a: Charizard\n|faint|p2b: Whimsicott\n|move|p1a: Sneasler|Dire Claw|p2: Charizard|[notarget]\n|-fail|p1a: Sneasler\n|\n|-weather|SunnyDay|[upkeep]\n|-damage|p1a: Sneasler|0 fnt|[from] brn\n|faint|p1a: Sneasler\n|upkeep\n|\n|t:|1775927379\n|switch|p1a: Froslass|Froslass, L50, F|100/100\n|switch|p2a: Venusaur|Venusaur, L50, F|100/100\n|switch|p2b: Incineroar|Incineroar, L50, M|100/100\n|-ability|p2b: Incineroar|Intimidate|boost\n|-unboost|p1a: Froslass|atk|1\n|-unboost|p1b: Aerodactyl|atk|1\n|turn|3\n|\n|t:|1775927402\n|detailschange|p1a: Froslass|Froslass-Mega, L50, F\n|-mega|p1a: Froslass|Froslass|Froslassite\n|-weather|Snowscape|[from] ability: Snow Warning|[of] p1a: Froslass\n|move|p1b: Aerodactyl|Protect|p1b: Aerodactyl\n|-singleturn|p1b: Aerodactyl|Protect\n|move|p2a: Venusaur|Sleep Powder|p1a: Froslass\n|-status|p1a: Froslass|slp|[from] move: Sleep Powder\n|cant|p1a: Froslass|slp\n|move|p2b: Incineroar|Flare Blitz|p1b: Aerodactyl\n|-activate|p1b: Aerodactyl|move: Protect\n|\n|-weather|Snowscape|[upkeep]\n|upkeep\n|turn|4\n|\n|t:|1775927422\n|switch|p1a: Glaceon|Glaceon, L50, F|100/100\n|move|p2a: Venusaur|Weather Ball|p1b: Aerodactyl\n|-supereffective|p1b: Aerodactyl|1\n|-damage|p1b: Aerodactyl|0 fnt\n|faint|p1b: Aerodactyl\n|move|p2b: Incineroar|Flare Blitz|p1a: Glaceon\n|-supereffective|p1a: Glaceon|1\n|-damage|p1a: Glaceon|33/100\n|-damage|p2b: Incineroar|82/100|[from] Recoil\n|\n|-weather|Snowscape|[upkeep]\n|upkeep\n|\n|t:|1775927428\n|switch|p1b: Froslass|Froslass-Mega, L50, F|100/100 slp\n|turn|5\n|\n|t:|1775927437\n|move|p2a: Venusaur|Sleep Powder|p1a: Glaceon|[miss]\n|-miss|p2a: Venusaur|p1a: Glaceon\n|cant|p1b: Froslass|slp\n|move|p2b: Incineroar|Flare Blitz|p1b: Froslass\n|-supereffective|p1b: Froslass|1\n|-damage|p1b: Froslass|0 fnt\n|faint|p1b: Froslass\n|-damage|p2b: Incineroar|57/100|[from] Recoil\n|move|p1a: Glaceon|Blizzard|p2a: Venusaur|[spread] p2a,p2b\n|-supereffective|p2a: Venusaur|1\n|-resisted|p2b: Incineroar|1\n|-enditem|p2a: Venusaur|Focus Sash\n|-damage|p2a: Venusaur|1/100\n|-damage|p2b: Incineroar|35/100\n|-status|p2b: Incineroar|frz\n|-enditem|p2b: Incineroar|Sitrus Berry|[eat]\n|-heal|p2b: Incineroar|60/100 frz|[from] item: Sitrus Berry\n|\n|-weather|Snowscape|[upkeep]\n|-sideend|p2: WhiteBoySharia|move: Tailwind\n|upkeep\n|turn|6\n|\n|t:|1775927453\n|move|p2a: Venusaur|Protect|p2a: Venusaur\n|-singleturn|p2a: Venusaur|Protect\n|move|p1a: Glaceon|Ice Shard|p2a: Venusaur\n|-activate|p2a: Venusaur|move: Protect\n|-curestatus|p2b: Incineroar|frz|[from] move: Flare Blitz\n|move|p2b: Incineroar|Flare Blitz|p1a: Glaceon|[miss]\n|-miss|p2b: Incineroar|p1a: Glaceon\n|\n|-weather|Snowscape|[upkeep]\n|upkeep\n|turn|7\n|\n|t:|1775927465\n|move|p1a: Glaceon|Ice Shard|p2a: Venusaur\n|-supereffective|p2a: Venusaur|1\n|-damage|p2a: Venusaur|0 fnt\n|faint|p2a: Venusaur\n|move|p2b: Incineroar|Flare Blitz|p1a: Glaceon|[miss]\n|-miss|p2b: Incineroar|p1a: Glaceon\n|\n|-weather|none\n|upkeep\n|turn|8\n|\n|t:|1775927475\n|move|p1a: Glaceon|Blizzard|p2b: Incineroar\n|-resisted|p2b: Incineroar|1\n|-damage|p2b: Incineroar|30/100\n|move|p2b: Incineroar|Flare Blitz|p1a: Glaceon\n|-supereffective|p1a: Glaceon|1\n|-damage|p1a: Glaceon|0 fnt\n|faint|p1a: Glaceon\n|-damage|p2b: Incineroar|21/100|[from] Recoil\n|\n|win|WhiteBoySharia\n|raw|Ramingo's rating: 1134 &rarr; <strong>1114</strong><br />(-20 for losing)\n|raw|WhiteBoySharia's rating: 1208 &rarr; <strong>1228</strong><br />(+20 for winning)\n",
  "uploadtime": 1775927478,
  "views": 13,
  "formatid": "gen9championsvgc2026regma",
  "rating": 1114,
  "private": 0,
  "password": null
}