{
  "id": "gen9championsvgc2026regma-2587372334",
  "format": "[Gen 9 Champions] VGC 2026 Reg M-A",
  "players": [
    "FreezeNx",
    "JZ21"
  ],
  "log": "|j|\u2606FreezeNx\n|j|\u2606JZ21\n|t:|1776526281\n|gametype|doubles\n|player|p1|FreezeNx|169|1065\n|player|p2|JZ21|brendan-e|1000\n|gen|9\n|tier|[Gen 9 Champions] VGC 2026 Reg M-A\n|rated|\n|rule|Species Clause: Limit one of each Pok\u00e9mon\n|rule|Item Clause: Limit 1 of each item\n|clearpoke\n|poke|p1|Aerodactyl, L50, F|\n|poke|p1|Charizard, L50, F, shiny|\n|poke|p1|Aegislash, L50, M|\n|poke|p1|Garchomp, L50, F|\n|poke|p1|Kingambit, L50, F|\n|poke|p1|Primarina, L50, F|\n|poke|p2|Froslass, L50, F, shiny|\n|poke|p2|Sneasler, L50, M, shiny|\n|poke|p2|Kingambit, L50, M, shiny|\n|poke|p2|Milotic, L50, F, shiny|\n|poke|p2|Aerodactyl, L50, M, shiny|\n|poke|p2|Sinistcha, L50, shiny|\n|teampreview|4\nFreezeNx rejected open team sheets.\n|inactive|Battle timer is ON: inactive players will automatically lose when time's up. (requested by FreezeNx)\n|\n|t:|1776526345\n|teamsize|p1|4\n|teamsize|p2|4\n|start\n|switch|p1a: Aerodactyl|Aerodactyl, L50, F|100/100\n|switch|p1b: Primarina|Primarina, L50, F|100/100\n|switch|p2a: Milothicc|Milotic, L50, F, shiny|100/100\n|switch|p2b: yesKing|Kingambit, L50, M, shiny|100/100\n|-ability|p1a: Aerodactyl|Unnerve\n|turn|1\n|\n|t:|1776526366\n|move|p1a: Aerodactyl|Tailwind|p1a: Aerodactyl\n|-sidestart|p1: FreezeNx|move: Tailwind\n|move|p1b: Primarina|Calm Mind|p1b: Primarina\n|-boost|p1b: Primarina|spa|1\n|-boost|p1b: Primarina|spd|1\n|move|p2a: Milothicc|Icy Wind|p1a: Aerodactyl|[spread] p1a,p1b\n|-supereffective|p1a: Aerodactyl|1\n|-resisted|p1b: Primarina|1\n|-damage|p1a: Aerodactyl|67/100\n|-damage|p1b: Primarina|98/100\n|-unboost|p1a: Aerodactyl|spe|1\n|-unboost|p1b: Primarina|spe|1\n|move|p2b: yesKing|Iron Head|p1b: Primarina\n|-damage|p1b: Primarina|37/100\n|\n|upkeep\n|turn|2\n|inactive|FreezeNx has 30 seconds left.\n|\n|t:|1776526392\n|move|p1a: Aerodactyl|Rock Slide|p2b: yesKing|[spread] p2a,p2b\n|-resisted|p2b: yesKing|1\n|-damage|p2a: Milothicc|78/100\n|-damage|p2b: yesKing|91/100\n|move|p1b: Primarina|Moonblast|p2b: yesKing\n|-damage|p2b: yesKing|14/100\n|move|p2a: Milothicc|Icy Wind|p1b: Primarina|[spread] p1a,p1b\n|-supereffective|p1a: Aerodactyl|1\n|-resisted|p1b: Primarina|1\n|-damage|p1a: Aerodactyl|34/100\n|-damage|p1b: Primarina|33/100\n|-unboost|p1a: Aerodactyl|spe|1\n|-unboost|p1b: Primarina|spe|1\n|move|p2b: yesKing|Iron Head|p1b: Primarina\n|-damage|p1b: Primarina|0 fnt\n|faint|p1b: Primarina\n|\n|-heal|p2a: Milothicc|84/100|[from] item: Leftovers\n|upkeep\n|\n|t:|1776526401\n|switch|p1b: Garchomp|Garchomp, L50, F|100/100\n|turn|3\n|\n|t:|1776526416\n|move|p2b: yesKing|Protect|p2b: yesKing\n|-singleturn|p2b: yesKing|Protect\n|move|p1b: Garchomp|Dragon Claw|p2a: Milothicc\n|-damage|p2a: Milothicc|49/100\n|move|p1a: Aerodactyl|Rock Slide|p2a: Milothicc|[spread] \n|-activate|p2b: yesKing|move: Protect\n|-miss|p1a: Aerodactyl|p2a: Milothicc\n|move|p2a: Milothicc|Icy Wind|p1a: Aerodactyl|[spread] p1a,p1b\n|-supereffective|p1a: Aerodactyl|1\n|-supereffective|p1b: Garchomp|2\n|-damage|p1a: Aerodactyl|5/100\n|-damage|p1b: Garchomp|50/100\n|-unboost|p1a: Aerodactyl|spe|1\n|-unboost|p1b: Garchomp|spe|1\n|\n|-heal|p2a: Milothicc|54/100|[from] item: Leftovers\n|upkeep\n|turn|4\n|inactive|JZ21 has 30 seconds left.\n|\n|t:|1776526442\n|move|p2a: Milothicc|Protect|p2a: Milothicc\n|-singleturn|p2a: Milothicc|Protect\n|move|p2b: yesKing|Sucker Punch|p1a: Aerodactyl\n|-damage|p1a: Aerodactyl|0 fnt\n|faint|p1a: Aerodactyl\n|move|p1b: Garchomp|Earthquake|p2b: yesKing|[spread] p2b\n|-activate|p2a: Milothicc|move: Protect\n|-supereffective|p2b: yesKing|1\n|-damage|p2b: yesKing|0 fnt\n|faint|p2b: yesKing\n|\n|-heal|p2a: Milothicc|60/100|[from] item: Leftovers\n|-sideend|p1: FreezeNx|move: Tailwind\n|upkeep\n|inactive|JZ21 has 30 seconds left.\n|\n|t:|1776526470\n|switch|p1a: Charizard|Charizard, L50, F, shiny|100/100\n|switch|p2b: Aeroduck|Aerodactyl, L50, M, shiny|100/100\n|-ability|p2b: Aeroduck|Unnerve\n|turn|5\n|\n|t:|1776526486\n|detailschange|p1a: Charizard|Charizard-Mega-Y, L50, F, shiny\n|-mega|p1a: Charizard|Charizard|Charizardite Y\n|-weather|SunnyDay|[from] ability: Drought|[of] p1a: Charizard\n|move|p2b: Aeroduck|Protect|p2b: Aeroduck\n|-singleturn|p2b: Aeroduck|Protect\n|move|p1a: Charizard|Air Slash|p2a: Milothicc\n|-damage|p2a: Milothicc|21/100\n|move|p1b: Garchomp|Rock Slide|p2a: Milothicc|[spread] p2a\n|-activate|p2b: Aeroduck|move: Protect\n|-damage|p2a: Milothicc|2/100\n|move|p2a: Milothicc|Icy Wind|p1b: Garchomp|[spread] p1a,p1b\n|-supereffective|p1b: Garchomp|2\n|-damage|p1a: Charizard|89/100\n|-damage|p1b: Garchomp|2/100\n|-unboost|p1a: Charizard|spe|1\n|-unboost|p1b: Garchomp|spe|1\n|\n|-weather|SunnyDay|[upkeep]\n|-heal|p2a: Milothicc|8/100|[from] item: Leftovers\n|upkeep\n|turn|6\n|-message|FreezeNx forfeited.\n|\n|win|JZ21\n|raw|FreezeNx's rating: 1065 &rarr; <strong>1042</strong><br />(-23 for losing)\n|raw|JZ21's rating: 1000 &rarr; <strong>1047</strong><br />(+47 for winning)\n|l|\u2606FreezeNx\n|player|p1|\n",
  "uploadtime": 1776526612,
  "views": 17,
  "formatid": "gen9championsvgc2026regma",
  "rating": 1042,
  "private": 0,
  "password": null
}