{
  "id": "gen9championsvgc2026regma-2587167979",
  "format": "[Gen 9 Champions] VGC 2026 Reg M-A",
  "players": [
    "JPARKDAB",
    "itzcrossx_x"
  ],
  "log": "|j|\u2606JPARKDAB\n|j|\u2606itzcrossx_x\n|html|<table width=\"100%\"><tr><td align=\"left\">JPARKDAB</td><td align=\"right\">itzcrossx_x</tr><tr><td align=\"left\"><i class=\"fa fa-circle-o\"></i> <i class=\"fa fa-circle-o\"></i> </td><td align=\"right\"><i class=\"fa fa-circle-o\"></i> <i class=\"fa fa-circle\"></i> </tr></table>\n|uhtml|bestof|<h2><strong>Game 2</strong> of <a href=\"/game-bestof3-gen9championsvgc2026regma-2587166562\">a best-of-3</a></h2>\n|t:|1776503391\n|gametype|doubles\n|player|p1|JPARKDAB|ingo|\n|player|p2|itzcrossx_x|swimmer-gen4|\n|gen|9\n|tier|[Gen 9 Champions] VGC 2026 Reg M-A\n|rule|Species Clause: Limit one of each Pok\u00e9mon\n|rule|Item Clause: Limit 1 of each item\n|raw|<div class=\"infobox\"><details class=\"readmore\" open><summary><strong>1 custom rule:</strong></summary> Best of = 3</details></div>\n|clearpoke\n|poke|p1|Primarina, L50, F|\n|poke|p1|Froslass, L50, F, shiny|\n|poke|p1|Meowscarada, L50, M, shiny|\n|poke|p1|Sinistcha, L50|\n|poke|p1|Altaria, L50, M, shiny|\n|poke|p1|Aurorus, L50, M, shiny|\n|poke|p2|Beedrill, L50, F|\n|poke|p2|Glimmora, L50, M|\n|poke|p2|Garganacl, L50, M, shiny|\n|poke|p2|Aegislash, L50, M, shiny|\n|poke|p2|Sinistcha-Masterpiece, L50|\n|poke|p2|Sneasler, L50, M|\n|teampreview|4\nitzcrossx_x rejected open team sheets.\n|inactive|Battle timer is ON: inactive players will automatically lose when time's up. (requested by itzcrossx_x)\n|\n|t:|1776503425\n|teamsize|p1|4\n|teamsize|p2|4\n|start\n|switch|p1a: Frosty|Froslass, L50, F, shiny|100/100\n|switch|p1b: GOATorus|Aurorus, L50, M, shiny|100/100\n|switch|p2a: manicure|Sneasler, L50, M|100/100\n|switch|p2b: desert temple|Garganacl, L50, M, shiny|100/100\n|turn|1\n|\n|t:|1776503446\n|detailschange|p1a: Frosty|Froslass-Mega, L50, F, shiny\n|-mega|p1a: Frosty|Froslass|Froslassite\n|-weather|Snowscape|[from] ability: Snow Warning|[of] p1a: Frosty\n|move|p2a: manicure|Fake Out|p1b: GOATorus\n|-resisted|p1b: GOATorus|1\n|-damage|p1b: GOATorus|95/100\n|move|p1a: Frosty|Blizzard|p2a: manicure|[spread] p2a,p2b\n|-damage|p2a: manicure|28/100\n|-damage|p2b: desert temple|54/100\n|cant|p1b: GOATorus|flinch\n|move|p2b: desert temple|Salt Cure|p1a: Frosty\n|-supereffective|p1a: Frosty|1\n|-damage|p1a: Frosty|77/100\n|-start|p1a: Frosty|Salt Cure\n|\n|-weather|Snowscape|[upkeep]\n|-heal|p2b: desert temple|60/100|[from] item: Leftovers\n|-damage|p1a: Frosty|71/100|[from] Salt Cure\n|upkeep\n|turn|2\n|\n|t:|1776503467\n|move|p1a: Frosty|Protect|p1a: Frosty\n|-singleturn|p1a: Frosty|Protect\n|move|p2a: manicure|Close Combat|p1b: GOATorus\n|-supereffective|p1b: GOATorus|2\n|-damage|p1b: GOATorus|0 fnt\n|-unboost|p2a: manicure|def|1\n|-unboost|p2a: manicure|spd|1\n|faint|p1b: GOATorus\n|-enditem|p2a: manicure|White Herb\n|-clearnegativeboost|p2a: manicure|[silent]\n|move|p2b: desert temple|Iron Defense|p2b: desert temple\n|-boost|p2b: desert temple|def|2\n|\n|-weather|Snowscape|[upkeep]\n|-heal|p2b: desert temple|66/100|[from] item: Leftovers\n|-damage|p1a: Frosty|65/100|[from] Salt Cure\n|upkeep\n|\n|t:|1776503483\n|switch|p1b: Fern|Meowscarada, L50, M, shiny|100/100\n|turn|3\n|inactive|itzcrossx_x has 30 seconds left.\n|inactive|itzcrossx_x has 20 seconds left.\n|\n|t:|1776503521\n|move|p2a: manicure|Close Combat|p1b: Fern\n|-supereffective|p1b: Fern|1\n|-damage|p1b: Fern|0 fnt\n|-unboost|p2a: manicure|def|1\n|-unboost|p2a: manicure|spd|1\n|faint|p1b: Fern\n|move|p1a: Frosty|Blizzard|p2a: manicure|[spread] p2a,p2b\n|-damage|p2a: manicure|0 fnt\n|-damage|p2b: desert temple|25/100\n|faint|p2a: manicure\n|move|p2b: desert temple|Iron Defense|p2b: desert temple\n|-boost|p2b: desert temple|def|2\n|\n|-weather|Snowscape|[upkeep]\n|-heal|p2b: desert temple|31/100|[from] item: Leftovers\n|-damage|p1a: Frosty|59/100|[from] Salt Cure\n|upkeep\n|\n|t:|1776503535\n|switch|p1b: Ramen|Sinistcha, L50|100/100\n|switch|p2a: RAHHHHHHHHHH|Aegislash, L50, M, shiny|100/100\n|-heal|p1a: Frosty|83/100|[from] ability: Hospitality|[of] p1b: Ramen\n|turn|4\n|\n|t:|1776503550\n|move|p1b: Ramen|Rage Powder|p1b: Ramen\n|-singleturn|p1b: Ramen|move: Rage Powder\n|move|p1a: Frosty|Blizzard|p2b: desert temple|[spread] p2a,p2b\n|-resisted|p2a: RAHHHHHHHHHH|1\n|-damage|p2a: RAHHHHHHHHHH|76/100\n|-damage|p2b: desert temple|0 fnt\n|faint|p2b: desert temple\n|move|p2a: RAHHHHHHHHHH|Swords Dance|p2a: RAHHHHHHHHHH\n|-boost|p2a: RAHHHHHHHHHH|atk|2\n|\n|-weather|Snowscape|[upkeep]\n|-damage|p1a: Frosty|77/100|[from] Salt Cure\n|upkeep\n|\n|t:|1776503560\n|switch|p2b: POTENTIAL-MON|Beedrill, L50, F|100/100\n|turn|5\n|\n|t:|1776503573\n|detailschange|p2b: POTENTIAL-MON|Beedrill-Mega, L50, F\n|-mega|p2b: POTENTIAL-MON|Beedrill|Beedrillite\n|move|p2a: RAHHHHHHHHHH|King's Shield|p2a: RAHHHHHHHHHH\n|-singleturn|p2a: RAHHHHHHHHHH|Protect\n|move|p2b: POTENTIAL-MON|Pin Missile|p1b: Ramen\n|-damage|p1b: Ramen|84/100\n|-damage|p1b: Ramen|67/100\n|-damage|p1b: Ramen|51/100\n|-hitcount|p1b: Ramen|3\n|move|p1a: Frosty|Blizzard|p2b: POTENTIAL-MON|[spread] p2b\n|-activate|p2a: RAHHHHHHHHHH|move: Protect\n|-damage|p2b: POTENTIAL-MON|30/100\n|move|p1b: Ramen|Life Dew|p1b: Ramen|[spread] p1a,p1b\n|-heal|p1a: Frosty|100/100\n|-heal|p1b: Ramen|76/100\n|\n|-weather|none\n|-damage|p1a: Frosty|94/100|[from] Salt Cure\n|upkeep\n|turn|6\n|inactive|itzcrossx_x has 30 seconds left.\n|\n|t:|1776503602\n|move|p1b: Ramen|Rage Powder|p1b: Ramen\n|-singleturn|p1b: Ramen|move: Rage Powder\n|move|p2b: POTENTIAL-MON|Poison Jab|p1b: Ramen\n|-damage|p1b: Ramen|28/100\n|move|p1a: Frosty|Nasty Plot|p1a: Frosty\n|-boost|p1a: Frosty|spa|2\n|move|p2a: RAHHHHHHHHHH|Swords Dance|p2a: RAHHHHHHHHHH\n|-boost|p2a: RAHHHHHHHHHH|atk|2\n|\n|-damage|p1a: Frosty|88/100|[from] Salt Cure\n|upkeep\n|turn|7\n|\n|t:|1776503623\n|move|p2a: RAHHHHHHHHHH|King's Shield|p2a: RAHHHHHHHHHH\n|-singleturn|p2a: RAHHHHHHHHHH|Protect\n|move|p1b: Ramen|Rage Powder|p1b: Ramen\n|-singleturn|p1b: Ramen|move: Rage Powder\n|move|p2b: POTENTIAL-MON|Pin Missile|p1b: Ramen\n|-damage|p1b: Ramen|11/100\n|-damage|p1b: Ramen|0 fnt\n|faint|p1b: Ramen\n|-hitcount|p1: Ramen|2\n|move|p1a: Frosty|Nasty Plot|p1a: Frosty\n|-boost|p1a: Frosty|spa|2\n|\n|-damage|p1a: Frosty|82/100|[from] Salt Cure\n|upkeep\n|turn|8\n|\n|t:|1776503638\n|move|p2b: POTENTIAL-MON|Fell Stinger|p1a: Frosty\n|-resisted|p1a: Frosty|1\n|-damage|p1a: Frosty|57/100\n|move|p1a: Frosty|Blizzard|p2b: POTENTIAL-MON|[spread] p2a\n|-miss|p1a: Frosty|p2b: POTENTIAL-MON\n|-resisted|p2a: RAHHHHHHHHHH|1\n|-damage|p2a: RAHHHHHHHHHH|13/100\n|move|p2a: RAHHHHHHHHHH|Destiny Bond|p2a: RAHHHHHHHHHH\n|-singlemove|p2a: RAHHHHHHHHHH|Destiny Bond\n|\n|-damage|p1a: Frosty|50/100|[from] Salt Cure\n|upkeep\n|turn|9\n|\n|t:|1776503660\n|move|p2b: POTENTIAL-MON|Poison Jab|p1a: Frosty\n|-resisted|p1a: Frosty|1\n|-damage|p1a: Frosty|14/100\n|move|p1a: Frosty|Blizzard|p2b: POTENTIAL-MON|[spread] p2a\n|-miss|p1a: Frosty|p2b: POTENTIAL-MON\n|-resisted|p2a: RAHHHHHHHHHH|1\n|-damage|p2a: RAHHHHHHHHHH|0 fnt\n|faint|p2a: RAHHHHHHHHHH\n|-activate|p2a: RAHHHHHHHHHH|move: Destiny Bond\n|faint|p1a: Frosty\n|\n|win|itzcrossx_x\n",
  "uploadtime": 1776503678,
  "views": 16,
  "formatid": "gen9championsvgc2026regma",
  "rating": null,
  "private": 0,
  "password": null
}