{
  "id": "gen9championsvgc2026regma-2580703473",
  "format": "[Gen 9 Champions] VGC 2026 Reg M-A",
  "players": [
    "jloooooooo",
    "FunnyOwl27"
  ],
  "log": "|j|\u2606jloooooooo\n|j|\u2606FunnyOwl27\n|t:|1775925616\n|gametype|doubles\n|player|p1|jloooooooo|2|1004\n|player|p2|FunnyOwl27|265|1044\n|gen|9\n|tier|[Gen 9 Champions] VGC 2026 Reg M-A\n|rated|\n|rule|Species Clause: Limit one of each Pok\u00e9mon\n|rule|Item Clause: Limit 1 of each item\n|clearpoke\n|poke|p1|Beedrill, L50, F|\n|poke|p1|Maushold, L50|\n|poke|p1|Incineroar, L50, M|\n|poke|p1|Serperior, L50, M|\n|poke|p1|Vaporeon, L50, M|\n|poke|p1|Pelipper, L50, F|\n|poke|p2|Froslass, L50, F|\n|poke|p2|Kangaskhan, L50, F|\n|poke|p2|Sinistcha-Masterpiece, L50|\n|poke|p2|Arcanine-Hisui, L50, F|\n|poke|p2|Dragapult, L50, F|\n|poke|p2|Primarina, L50, M|\n|teampreview|4\n|\n|t:|1775925655\n|teamsize|p1|4\n|teamsize|p2|4\n|start\n|switch|p1a: Beedrill|Beedrill, L50, F|100/100\n|switch|p1b: Serperior|Serperior, L50, M|100/100\n|switch|p2a: Froslass|Froslass, L50, F|100/100\n|switch|p2b: Dragapult|Dragapult, L50, F|100/100\n|turn|1\n|\n|t:|1775925680\n|detailschange|p1a: Beedrill|Beedrill-Mega, L50, F\n|-mega|p1a: Beedrill|Beedrill|Beedrillite\n|detailschange|p2a: Froslass|Froslass-Mega, L50, F\n|-mega|p2a: Froslass|Froslass|Froslassite\n|-weather|Snowscape|[from] ability: Snow Warning|[of] p2a: Froslass\n|move|p1a: Beedrill|Poison Jab|p2a: Froslass\n|-resisted|p2a: Froslass|1\n|-damage|p2a: Froslass|78/100\n|move|p2b: Dragapult|Will-O-Wisp|p1a: Beedrill\n|-status|p1a: Beedrill|brn\n|move|p1b: Serperior|Glare|p2b: Dragapult\n|-status|p2b: Dragapult|par\n|move|p2a: Froslass|Blizzard|p1a: Beedrill|[spread] p1a,p1b\n|-supereffective|p1b: Serperior|1\n|-damage|p1a: Beedrill|31/100 brn\n|-damage|p1b: Serperior|0 fnt\n|faint|p1b: Serperior\n|\n|-weather|Snowscape|[upkeep]\n|-damage|p1a: Beedrill|25/100 brn|[from] brn\n|upkeep\n|\n|t:|1775925703\n|switch|p1b: Vaporeon|Vaporeon, L50, M|100/100\n|turn|2\n|\n|t:|1775925721\n|move|p1a: Beedrill|U-turn|p2a: Froslass\n|-resisted|p2a: Froslass|1\n|-damage|p2a: Froslass|69/100\n|\n|t:|1775925724\n|switch|p1a: Incineroar|Incineroar, L50, M|100/100|[from] U-turn\n|-ability|p1a: Incineroar|Intimidate|boost\n|-unboost|p2a: Froslass|atk|1\n|-fail|p2b: Dragapult|unboost|[from] ability: Clear Body|[of] p2b: Dragapult\n|move|p2a: Froslass|Blizzard|p1a: Incineroar|[spread] p1a,p1b\n|-resisted|p1a: Incineroar|1\n|-resisted|p1b: Vaporeon|1\n|-damage|p1a: Incineroar|81/100\n|-damage|p1b: Vaporeon|84/100\n|move|p2b: Dragapult|Dragon Darts|p1b: Vaporeon\n|-crit|p1b: Vaporeon\n|-damage|p1b: Vaporeon|53/100\n|-anim|p2b: Dragapult|Dragon Darts|p1a: Incineroar\n|-damage|p1a: Incineroar|54/100\n|move|p1b: Vaporeon|Ice Beam|p2b: Dragapult\n|-supereffective|p2b: Dragapult|1\n|-damage|p2b: Dragapult|42/100 par\n|\n|-weather|Snowscape|[upkeep]\n|-heal|p1b: Vaporeon|59/100|[from] item: Leftovers\n|upkeep\n|turn|3\n|\n|t:|1775925754\n|move|p2b: Dragapult|Protect|p2b: Dragapult\n|-singleturn|p2b: Dragapult|Protect\n|move|p1b: Vaporeon|Protect|p1b: Vaporeon\n|-singleturn|p1b: Vaporeon|Protect\n|move|p2a: Froslass|Aurora Veil|p2a: Froslass\n|-sidestart|p2: FunnyOwl27|move: Aurora Veil\n|move|p1a: Incineroar|Darkest Lariat|p2a: Froslass\n|-supereffective|p2a: Froslass|1\n|-damage|p2a: Froslass|24/100\n|\n|-weather|Snowscape|[upkeep]\n|-heal|p1b: Vaporeon|65/100|[from] item: Leftovers\n|upkeep\n|turn|4\n|\n|t:|1775925790\n|switch|p2a: Sinistcha|Sinistcha-Masterpiece, L50|100/100\n|-heal|p2b: Dragapult|67/100 par|[from] ability: Hospitality|[of] p2a: Sinistcha\n|move|p2b: Dragapult|Dragon Darts|p1a: Incineroar\n|-damage|p1a: Incineroar|30/100\n|-anim|p2b: Dragapult|Dragon Darts|p1b: Vaporeon\n|-damage|p1b: Vaporeon|43/100\n|move|p1b: Vaporeon|Ice Beam|p2b: Dragapult\n|-supereffective|p2b: Dragapult|1\n|-damage|p2b: Dragapult|24/100 par\n|move|p1a: Incineroar|Darkest Lariat|p2a: Sinistcha\n|-supereffective|p2a: Sinistcha|1\n|-damage|p2a: Sinistcha|53/100\n|\n|-weather|Snowscape|[upkeep]\n|-heal|p2a: Sinistcha|59/100|[from] item: Leftovers\n|-heal|p1b: Vaporeon|49/100|[from] item: Leftovers\n|upkeep\n|turn|5\n|\n|t:|1775925814\n|move|p2b: Dragapult|Dragon Darts|p1b: Vaporeon\n|-damage|p1b: Vaporeon|26/100\n|-anim|p2b: Dragapult|Dragon Darts|p1a: Incineroar\n|-damage|p1a: Incineroar|5/100\n|move|p2a: Sinistcha|Strength Sap|p1a: Incineroar\n|-unboost|p1a: Incineroar|atk|1\n|-heal|p2a: Sinistcha|100/100\n|move|p1b: Vaporeon|Ice Beam|p2b: Dragapult\n|-supereffective|p2b: Dragapult|1\n|-damage|p2b: Dragapult|0 fnt\n|faint|p2b: Dragapult\n|move|p1a: Incineroar|Parting Shot|p2a: Sinistcha\n|-unboost|p2a: Sinistcha|atk|1\n|-unboost|p2a: Sinistcha|spa|1\n|\n|t:|1775925830\n|switch|p1a: Beedrill|Beedrill-Mega, L50, F|25/100 brn|[from] Parting Shot\n|\n|-weather|none\n|-heal|p1b: Vaporeon|32/100|[from] item: Leftovers\n|-damage|p1a: Beedrill|20/100 brn|[from] brn\n|upkeep\n|\n|t:|1775925842\n|switch|p2b: Arcanine|Arcanine-Hisui, L50, F|100/100\n|-ability|p2b: Arcanine|Intimidate|boost\n|-unboost|p1a: Beedrill|atk|1\n|-unboost|p1b: Vaporeon|atk|1\n|turn|6\n|\n|t:|1775925852\n|move|p1b: Vaporeon|Protect|p1b: Vaporeon\n|-singleturn|p1b: Vaporeon|Protect\n|move|p2b: Arcanine|Extreme Speed|p1a: Beedrill\n|-damage|p1a: Beedrill|0 fnt\n|faint|p1a: Beedrill\n|move|p2a: Sinistcha|Matcha Gotcha|p1b: Vaporeon\n|-activate|p1b: Vaporeon|move: Protect\n|\n|-heal|p1b: Vaporeon|38/100|[from] item: Leftovers\n|upkeep\n|\n|t:|1775925865\n|switch|p1a: Incineroar|Incineroar, L50, M|5/100\n|-ability|p1a: Incineroar|Intimidate|boost\n|-unboost|p2a: Sinistcha|atk|1\n|-unboost|p2b: Arcanine|atk|1\n|turn|7\n|\n|t:|1775925878\n|move|p2b: Arcanine|Protect|p2b: Arcanine\n|-singleturn|p2b: Arcanine|Protect\n|move|p1a: Incineroar|Fake Out|p2b: Arcanine\n|-activate|p2b: Arcanine|move: Protect\n|move|p2a: Sinistcha|Matcha Gotcha|p1b: Vaporeon|[spread] p1a,p1b\n|-resisted|p1a: Incineroar|1\n|-supereffective|p1b: Vaporeon|1\n|-damage|p1a: Incineroar|0 fnt\n|-damage|p1b: Vaporeon|10/100\n|faint|p1a: Incineroar\n|move|p1b: Vaporeon|Scald|p2b: Arcanine\n|-activate|p2b: Arcanine|move: Protect\n|\n|-heal|p1b: Vaporeon|16/100|[from] item: Leftovers\n|-sideend|p2: FunnyOwl27|move: Aurora Veil\n|upkeep\n|turn|8\n|\n|t:|1775925896\n|move|p2b: Arcanine|Extreme Speed|p1b: Vaporeon\n|-damage|p1b: Vaporeon|0 fnt\n|faint|p1b: Vaporeon\n|\n|win|FunnyOwl27\n|raw|jloooooooo's rating: 1004 &rarr; <strong>1000</strong><br />(-4 for losing)\n|raw|FunnyOwl27's rating: 1044 &rarr; <strong>1074</strong><br />(+30 for winning)\n",
  "uploadtime": 1775925901,
  "views": 12,
  "formatid": "gen9championsvgc2026regma",
  "rating": 1000,
  "private": 0,
  "password": null
}