{
  "id": "gen9championsvgc2026regma-2585823111",
  "format": "[Gen 9 Champions] VGC 2026 Reg M-A",
  "players": [
    "zhipiy",
    "YoYutta"
  ],
  "log": "|j|\u2606zhipiy\n|j|\u2606YoYutta\n|t:|1776373275\n|gametype|doubles\n|player|p1|zhipiy|101|1199\n|player|p2|YoYutta|170|1127\n|gen|9\n|tier|[Gen 9 Champions] VGC 2026 Reg M-A\n|rated|\n|rule|Species Clause: Limit one of each Pok\u00e9mon\n|rule|Item Clause: Limit 1 of each item\n|clearpoke\n|poke|p1|Lopunny, L50, F|\n|poke|p1|Aegislash, L50, M|\n|poke|p1|Milotic, L50, F|\n|poke|p1|Incineroar, L50, F|\n|poke|p1|Sinistcha, L50|\n|poke|p1|Glimmora, L50, M|\n|poke|p2|Floette-Eternal, L50, F|\n|poke|p2|Orthworm, L50, F|\n|poke|p2|Garchomp, L50, M|\n|poke|p2|Whimsicott, L50, F|\n|poke|p2|Rotom-Heat, L50|\n|poke|p2|Tauros-Paldea-Aqua, L50, M|\n|teampreview|4\n|inactive|Battle timer is ON: inactive players will automatically lose when time's up. (requested by zhipiy)\n|\n|t:|1776373352\n|teamsize|p1|4\n|teamsize|p2|4\n|start\n|switch|p1a: Glimmora|Glimmora, L50, M|100/100\n|switch|p1b: Aegislash|Aegislash, L50, M|100/100\n|switch|p2a: Whimsicott|Whimsicott, L50, F|100/100\n|switch|p2b: Orthworm|Orthworm, L50, F|100/100\n|turn|1\n|\n|t:|1776373377\n|detailschange|p1a: Glimmora|Glimmora-Mega, L50, M\n|-mega|p1a: Glimmora|Glimmora|Glimmoranite\n|move|p2a: Whimsicott|Protect|p2a: Whimsicott\n|-singleturn|p2a: Whimsicott|Protect\n|move|p1a: Glimmora|Sludge Bomb|p2a: Whimsicott\n|-activate|p2a: Whimsicott|move: Protect\n|-formechange|p1b: Aegislash|Aegislash-Blade|\n|move|p1b: Aegislash|Sacred Sword|p2a: Whimsicott\n|-activate|p2a: Whimsicott|move: Protect\n|move|p2b: Orthworm|Shed Tail|p2b: Orthworm\n|-start|p2b: Orthworm|Substitute|[from] move: Shed Tail\n|-damage|p2b: Orthworm|50/100\n|-enditem|p2b: Orthworm|Sitrus Berry|[eat]\n|-heal|p2b: Orthworm|75/100|[from] item: Sitrus Berry\n|\n|t:|1776373398\n|switch|p2b: Tauros|Tauros-Paldea-Aqua, L50, M|100/100|[from] Shed Tail\n|-ability|p2b: Tauros|Intimidate|boost\n|-unboost|p1a: Glimmora|atk|1\n|-unboost|p1b: Aegislash|atk|1\n|\n|upkeep\n|turn|2\n|inactive|YoYutta has 30 seconds left.\n|\n|t:|1776373425\n|switch|p2a: Orthworm|Orthworm, L50, F|75/100\n|switch|p1a: Milotic|Milotic, L50, F|100/100\n|-formechange|p1b: Aegislash|Aegislash|\n|move|p1b: Aegislash|King's Shield|p1b: Aegislash\n|-singleturn|p1b: Aegislash|Protect\n|move|p2b: Tauros|Wave Crash|p1a: Milotic\n|-resisted|p1a: Milotic|1\n|-damage|p1a: Milotic|75/100\n|-damage|p2b: Tauros|90/100|[from] Recoil\n|\n|-heal|p1a: Milotic|81/100|[from] item: Leftovers\n|upkeep\n|turn|3\n|inactive|zhipiy has 30 seconds left.\n|inactive|YoYutta has 30 seconds left.\n|\n|t:|1776373457\n|switch|p1b: Incineroar|Incineroar, L50, F|100/100\n|-ability|p1b: Incineroar|Intimidate|boost\n|-unboost|p2a: Orthworm|atk|1\n|-immune|p2b: Tauros\n|move|p2b: Tauros|Wild Charge|p1a: Milotic\n|-supereffective|p1a: Milotic|1\n|-damage|p1a: Milotic|29/100\n|-damage|p2b: Tauros|74/100|[from] Recoil\n|move|p1a: Milotic|Scald|p2a: Orthworm\n|-damage|p2a: Orthworm|37/100\n|move|p2a: Orthworm|Shed Tail|p2a: Orthworm\n|-fail|p2a: Orthworm|move: Shed Tail|[weak]\n|\n|-heal|p1a: Milotic|35/100|[from] item: Leftovers\n|upkeep\n|turn|4\n|inactive|zhipiy has 30 seconds left.\n|\n|t:|1776373489\n|move|p1a: Milotic|Protect|p1a: Milotic\n|-singleturn|p1a: Milotic|Protect\n|move|p2a: Orthworm|Protect|p2a: Orthworm\n|-singleturn|p2a: Orthworm|Protect\n|move|p2b: Tauros|Wave Crash|p1b: Incineroar\n|-supereffective|p1b: Incineroar|1\n|-damage|p1b: Incineroar|0 fnt\n|faint|p1b: Incineroar\n|-damage|p2b: Tauros|31/100|[from] Recoil\n|\n|-heal|p1a: Milotic|42/100|[from] item: Leftovers\n|upkeep\n|\n|t:|1776373498\n|switch|p1b: Aegislash|Aegislash, L50, M|100/100\n|turn|5\n|inactive|YoYutta has 30 seconds left.\n|\n|t:|1776373531\n|switch|p1a: Glimmora|Glimmora-Mega, L50, M|100/100\n|switch|p2a: Whimsicott|Whimsicott, L50, F|100/100\n|move|p2b: Tauros|Wild Charge|p1a: Glimmora\n|-crit|p1a: Glimmora\n|-damage|p1a: Glimmora|53/100\n|-damage|p2b: Tauros|19/100|[from] Recoil\n|-formechange|p1b: Aegislash|Aegislash-Blade|\n|move|p1b: Aegislash|Poltergeist|p2b: Tauros\n|-activate|p2b: Tauros|move: Poltergeist|White Herb\n|-end|p2b: Tauros|Substitute\n|\n|upkeep\n|turn|6\n|inactive|YoYutta has 30 seconds left.\n|\n|t:|1776373557\n|move|p1a: Glimmora|Protect|p1a: Glimmora\n|-singleturn|p1a: Glimmora|Protect\n|move|p2b: Tauros|Protect|p2b: Tauros\n|-singleturn|p2b: Tauros|Protect\n|move|p2a: Whimsicott|Encore|p1b: Aegislash\n|-start|p1b: Aegislash|Encore\n|move|p1b: Aegislash|Poltergeist|p2b: Tauros\n|-activate|p2b: Tauros|move: Protect\n|\n|upkeep\n|turn|7\n|inactive|YoYutta has 30 seconds left.\n|\n|t:|1776373582\n|switch|p1a: Milotic|Milotic, L50, F|42/100\n|move|p2a: Whimsicott|Encore||[still]\n|-fail|p2a: Whimsicott\n|move|p2b: Tauros|Wave Crash|p1a: Milotic\n|-resisted|p1a: Milotic|1\n|-damage|p1a: Milotic|13/100\n|-damage|p2b: Tauros|7/100|[from] Recoil\n|move|p1b: Aegislash|Poltergeist|p2b: Tauros|[miss]\n|-miss|p1b: Aegislash|p2b: Tauros\n|\n|-heal|p1a: Milotic|19/100|[from] item: Leftovers\n|upkeep\n|turn|8\n|inactive|zhipiy has 30 seconds left.\n|\n|t:|1776373608\n|switch|p2a: Floette|Floette-Eternal, L50, F|100/100\n|move|p1a: Milotic|Protect|p1a: Milotic\n|-singleturn|p1a: Milotic|Protect\n|move|p2b: Tauros|Wild Charge|p1a: Milotic\n|-activate|p1a: Milotic|move: Protect\n|move|p1b: Aegislash|Poltergeist|p2b: Tauros\n|-activate|p2b: Tauros|move: Poltergeist|White Herb\n|-damage|p2b: Tauros|0 fnt\n|faint|p2b: Tauros\n|\n|-heal|p1a: Milotic|25/100|[from] item: Leftovers\n|-end|p1b: Aegislash|Encore\n|upkeep\n|\n|t:|1776373616\n|switch|p2b: Whimsicott|Whimsicott, L50, F|100/100\n|turn|9\n|inactive|zhipiy has 30 seconds left.\n|\n|t:|1776373650\n|detailschange|p2a: Floette|Floette-Mega, L50, F\n|-mega|p2a: Floette|Floette|Floettite\n|-ability|p2a: Floette|Fairy Aura\n|move|p1b: Aegislash|Wide Guard|p1b: Aegislash\n|-singleturn|p1b: Aegislash|Wide Guard\n|move|p2b: Whimsicott|Encore|p1b: Aegislash\n|-start|p1b: Aegislash|Encore\n|move|p2a: Floette|Calm Mind|p2a: Floette\n|-boost|p2a: Floette|spa|1\n|-boost|p2a: Floette|spd|1\n|move|p1a: Milotic|Ice Beam|p2b: Whimsicott\n|-supereffective|p2b: Whimsicott|1\n|-damage|p2b: Whimsicott|4/100\n|\n|-heal|p1a: Milotic|32/100|[from] item: Leftovers\n|upkeep\n|turn|10\n|inactive|zhipiy has 30 seconds left.\n|inactive|YoYutta has 30 seconds left.\n|inactive|YoYutta has 20 seconds left.\n|\n|t:|1776373701\n|move|p1b: Aegislash|Wide Guard|p1b: Aegislash\n|-singleturn|p1b: Aegislash|Wide Guard\n|move|p2b: Whimsicott|Tailwind|p2b: Whimsicott\n|-sidestart|p2: YoYutta|move: Tailwind\n|move|p2a: Floette|Moonblast|p1a: Milotic\n|-damage|p1a: Milotic|0 fnt\n|faint|p1a: Milotic\n|\n|upkeep\n|\n|t:|1776373710\n|switch|p1a: Glimmora|Glimmora-Mega, L50, M|53/100\n|turn|11\n|inactive|YoYutta has 30 seconds left.\n|\n|t:|1776373742\n|switch|p2b: Orthworm|Orthworm, L50, F|37/100\n|move|p1b: Aegislash|Wide Guard|p1b: Aegislash\n|-singleturn|p1b: Aegislash|Wide Guard\n|move|p2a: Floette|Moonblast|p1a: Glimmora\n|-resisted|p1a: Glimmora|1\n|-damage|p1a: Glimmora|0 fnt\n|faint|p1a: Glimmora\n|\n|upkeep\n|turn|12\n|-message|zhipiy forfeited.\n|\n|win|YoYutta\n|raw|zhipiy's rating: 1199 &rarr; <strong>1169</strong><br />(-30 for losing)\n|raw|YoYutta's rating: 1127 &rarr; <strong>1157</strong><br />(+30 for winning)\n",
  "uploadtime": 1776373760,
  "views": 18,
  "formatid": "gen9championsvgc2026regma",
  "rating": 1157,
  "private": 0,
  "password": null
}