{
  "id": "gen9championsvgc2026regma-2586938622",
  "format": "[Gen 9 Champions] VGC 2026 Reg M-A",
  "players": [
    "Erntsu",
    "Sceptilicious"
  ],
  "log": "|j|\u2606Erntsu\n|j|\u2606Sceptilicious\n|t:|1776473684\n|gametype|doubles\n|player|p1|Erntsu|102|1283\n|player|p2|Sceptilicious|1|1261\n|gen|9\n|tier|[Gen 9 Champions] VGC 2026 Reg M-A\n|rated|\n|rule|Species Clause: Limit one of each Pok\u00e9mon\n|rule|Item Clause: Limit 1 of each item\n|clearpoke\n|poke|p1|Chesnaught, L50, M|\n|poke|p1|Archaludon, L50, M|\n|poke|p1|Pelipper, L50, M|\n|poke|p1|Basculegion, L50, M|\n|poke|p1|Kingambit, L50, M|\n|poke|p1|Sinistcha-Masterpiece, L50|\n|poke|p2|Sinistcha, L50|\n|poke|p2|Incineroar, L50, M|\n|poke|p2|Gyarados, L50, M|\n|poke|p2|Kommo-o, L50, F|\n|poke|p2|Gengar, L50, M|\n|poke|p2|Tinkaton, L50, F|\n|teampreview|4\n|inactive|Battle timer is ON: inactive players will automatically lose when time's up. (requested by Erntsu)\n|\n|t:|1776473742\n|teamsize|p1|4\n|teamsize|p2|4\n|start\n|switch|p1a: Law|Basculegion, L50, M|100/100\n|switch|p1b: Check Please|Pelipper, L50, M|100/100\n|switch|p2a: Kommo-o|Kommo-o, L50, F|100/100\n|switch|p2b: Gyarados|Gyarados, L50, M|100/100\n|-ability|p2b: Gyarados|Intimidate|boost\n|-unboost|p1a: Law|atk|1\n|-unboost|p1b: Check Please|atk|1\n|-weather|RainDance|[from] ability: Drizzle|[of] p1b: Check Please\n|turn|1\n|\n|t:|1776473767\n|move|p1a: Law|Flip Turn|p2a: Kommo-o\n|-resisted|p2a: Kommo-o|1\n|-damage|p2a: Kommo-o|82/100\n|\n|t:|1776473772\n|switch|p1a: Julius Ceasar|Chesnaught, L50, M|100/100|[from] Flip Turn\n|move|p2a: Kommo-o|Clangorous Soul|p2a: Kommo-o\n|-boost|p2a: Kommo-o|atk|1\n|-boost|p2a: Kommo-o|def|1\n|-boost|p2a: Kommo-o|spa|1\n|-boost|p2a: Kommo-o|spd|1\n|-boost|p2a: Kommo-o|spe|1\n|-damage|p2a: Kommo-o|49/100\n|move|p2b: Gyarados|Dragon Dance|p2b: Gyarados\n|-boost|p2b: Gyarados|atk|1\n|-boost|p2b: Gyarados|spe|1\n|move|p1b: Check Please|Hurricane|p2a: Kommo-o\n|-supereffective|p2a: Kommo-o|1\n|-damage|p2a: Kommo-o|0 fnt\n|faint|p2a: Kommo-o\n|\n|-weather|RainDance|[upkeep]\n|upkeep\n|\n|t:|1776473789\n|switch|p2a: Sinistcha|Sinistcha, L50|100/100\n|turn|2\n|\n|t:|1776473803\n|detailschange|p2b: Gyarados|Gyarados-Mega, L50, M\n|-mega|p2b: Gyarados|Gyarados|Gyaradosite\n|-ability|p2b: Gyarados|Mold Breaker\n|detailschange|p1a: Julius Ceasar|Chesnaught-Mega, L50, M\n|-mega|p1a: Julius Ceasar|Chesnaught|Chesnaughtite\n|move|p1a: Julius Ceasar|Spiky Shield|p1a: Julius Ceasar\n|-singleturn|p1a: Julius Ceasar|move: Protect\n|move|p2b: Gyarados|Crunch|p1b: Check Please\n|-crit|p1b: Check Please\n|-enditem|p1b: Check Please|Focus Sash\n|-damage|p1b: Check Please|1/100\n|move|p1b: Check Please|Hurricane|p2b: Gyarados\n|-damage|p2b: Gyarados|62/100\n|-start|p2b: Gyarados|confusion\n|move|p2a: Sinistcha|Matcha Gotcha|p1a: Julius Ceasar|[spread] p1b\n|-activate|p1a: Julius Ceasar|move: Protect\n|-damage|p1b: Check Please|0 fnt\n|faint|p1b: Check Please\n|\n|-weather|RainDance|[upkeep]\n|upkeep\n|\n|t:|1776473827\n|switch|p1b: Law|Basculegion, L50, M|100/100\n|turn|3\n|\n|t:|1776473838\n|-activate|p2b: Gyarados|confusion\n|move|p2b: Gyarados|Crunch|p1b: Law\n|-supereffective|p1b: Law|1\n|-damage|p1b: Law|0 fnt\n|faint|p1b: Law\n|move|p2a: Sinistcha|Matcha Gotcha|p1a: Julius Ceasar\n|-resisted|p1a: Julius Ceasar|1\n|-damage|p1a: Julius Ceasar|83/100\n|move|p1a: Julius Ceasar|Body Press|p2b: Gyarados\n|-supereffective|p2b: Gyarados|1\n|-damage|p2b: Gyarados|0 fnt\n|faint|p2b: Gyarados\n|\n|-weather|RainDance|[upkeep]\n|upkeep\n|\n|t:|1776473854\n|switch|p2b: Tinkaton|Tinkaton, L50, F|100/100\n|switch|p1b: Matcha|Sinistcha-Masterpiece, L50|100/100\n|-heal|p1a: Julius Ceasar|100/100|[from] ability: Hospitality|[of] p1b: Matcha\n|turn|4\n|inactive|Erntsu has 30 seconds left.\n|\n|t:|1776473881\n|move|p2b: Tinkaton|Gigaton Hammer|p1b: Matcha\n|-damage|p1b: Matcha|58/100\n|move|p1b: Matcha|Matcha Gotcha|p2b: Tinkaton|[spread] p2a,p2b\n|-resisted|p2a: Sinistcha|1\n|-resisted|p2b: Tinkaton|1\n|-damage|p2a: Sinistcha|89/100\n|-heal|p1b: Matcha|63/100|[from] drain|[of] p2a: Sinistcha\n|-damage|p2b: Tinkaton|89/100\n|-heal|p1b: Matcha|68/100|[from] drain|[of] p2b: Tinkaton\n|move|p2a: Sinistcha|Matcha Gotcha|p1b: Matcha|[spread] p1a,p1b\n|-resisted|p1a: Julius Ceasar|1\n|-resisted|p1b: Matcha|1\n|-damage|p1a: Julius Ceasar|89/100\n|-heal|p2a: Sinistcha|97/100|[from] drain|[of] p1a: Julius Ceasar\n|-damage|p1b: Matcha|51/100\n|-heal|p2a: Sinistcha|100/100|[from] drain|[of] p1b: Matcha\n|-status|p1b: Matcha|brn\n|move|p1a: Julius Ceasar|Leech Seed|p2b: Tinkaton\n|-start|p2b: Tinkaton|move: Leech Seed\n|\n|-weather|RainDance|[upkeep]\n|-damage|p2b: Tinkaton|76/100|[from] Leech Seed|[of] p1a: Julius Ceasar\n|-heal|p1a: Julius Ceasar|99/100|[silent]\n|-damage|p1b: Matcha|45/100 brn|[from] brn\n|upkeep\n|-enditem|p1b: Matcha|Sitrus Berry|[eat]\n|-heal|p1b: Matcha|70/100 brn|[from] item: Sitrus Berry\n|turn|5\n|inactive|Erntsu has 30 seconds left.\n|inactive|Sceptilicious has 30 seconds left.\n|\n|t:|1776473912\n|move|p2b: Tinkaton|Play Rough|p1a: Julius Ceasar\n|-supereffective|p1a: Julius Ceasar|1\n|-damage|p1a: Julius Ceasar|67/100\n|-heal|p2b: Tinkaton|80/100|[from] item: Shell Bell|[of] p1a: Julius Ceasar\n|move|p1b: Matcha|Matcha Gotcha|p2b: Tinkaton|[spread] p2a,p2b\n|-resisted|p2a: Sinistcha|1\n|-resisted|p2b: Tinkaton|1\n|-damage|p2a: Sinistcha|89/100\n|-heal|p1b: Matcha|75/100 brn|[from] drain|[of] p2a: Sinistcha\n|-damage|p2b: Tinkaton|70/100\n|-heal|p1b: Matcha|80/100 brn|[from] drain|[of] p2b: Tinkaton\n|-status|p2a: Sinistcha|brn\n|move|p2a: Sinistcha|Matcha Gotcha|p1a: Julius Ceasar|[spread] p1a,p1b\n|-resisted|p1a: Julius Ceasar|1\n|-resisted|p1b: Matcha|1\n|-damage|p1a: Julius Ceasar|55/100\n|-heal|p2a: Sinistcha|97/100 brn|[from] drain|[of] p1a: Julius Ceasar\n|-damage|p1b: Matcha|64/100 brn\n|-heal|p2a: Sinistcha|100/100 brn|[from] drain|[of] p1b: Matcha\n|move|p1a: Julius Ceasar|Wood Hammer|p2a: Sinistcha\n|-resisted|p2a: Sinistcha|1\n|-damage|p2a: Sinistcha|76/100 brn\n|-damage|p1a: Julius Ceasar|49/100|[from] Recoil\n|\n|-weather|none\n|-damage|p2b: Tinkaton|57/100|[from] Leech Seed|[of] p1a: Julius Ceasar\n|-heal|p1a: Julius Ceasar|59/100|[silent]\n|-damage|p1b: Matcha|58/100 brn|[from] brn\n|-damage|p2a: Sinistcha|70/100 brn|[from] brn\n|upkeep\n|turn|6\n|inactive|Sceptilicious has 30 seconds left.\n|inactive|Sceptilicious has 20 seconds left.\n|\n|t:|1776473948\n|move|p1a: Julius Ceasar|Spiky Shield|p1a: Julius Ceasar\n|-singleturn|p1a: Julius Ceasar|move: Protect\n|move|p2b: Tinkaton|Gigaton Hammer|p1b: Matcha\n|-damage|p1b: Matcha|16/100 brn\n|-heal|p2b: Tinkaton|63/100|[from] item: Shell Bell|[of] p1b: Matcha\n|move|p1b: Matcha|Matcha Gotcha|p2a: Sinistcha|[spread] p2a,p2b\n|-resisted|p2a: Sinistcha|1\n|-resisted|p2b: Tinkaton|1\n|-damage|p2a: Sinistcha|57/100 brn\n|-heal|p1b: Matcha|22/100 brn|[from] drain|[of] p2a: Sinistcha\n|-damage|p2b: Tinkaton|50/100\n|-heal|p1b: Matcha|28/100 brn|[from] drain|[of] p2b: Tinkaton\n|move|p2a: Sinistcha|Matcha Gotcha|p1b: Matcha|[spread] p1b\n|-activate|p1a: Julius Ceasar|move: Protect\n|-resisted|p1b: Matcha|1\n|-crit|p1b: Matcha\n|-damage|p1b: Matcha|3/100 brn\n|-heal|p2a: Sinistcha|72/100 brn|[from] drain|[of] p1b: Matcha\n|\n|-damage|p2b: Tinkaton|38/100|[from] Leech Seed|[of] p1a: Julius Ceasar\n|-heal|p1a: Julius Ceasar|69/100|[silent]\n|-damage|p1b: Matcha|0 fnt|[from] brn\n|faint|p1b: Matcha\n|-damage|p2a: Sinistcha|66/100 brn|[from] brn\n|upkeep\n|turn|7\n|inactive|Erntsu has 30 seconds left.\n|inactive|Sceptilicious has 30 seconds left.\n|\n|t:|1776473976\n|move|p2b: Tinkaton|Play Rough|p1a: Julius Ceasar|[miss]\n|-miss|p2b: Tinkaton|p1a: Julius Ceasar\n|move|p2a: Sinistcha|Matcha Gotcha|p1a: Julius Ceasar\n|-resisted|p1a: Julius Ceasar|1\n|-damage|p1a: Julius Ceasar|53/100\n|-heal|p2a: Sinistcha|77/100 brn|[from] drain|[of] p1a: Julius Ceasar\n|-status|p1a: Julius Ceasar|brn\n|move|p1a: Julius Ceasar|Wood Hammer|p2b: Tinkaton\n|-resisted|p2b: Tinkaton|1\n|-damage|p2b: Tinkaton|23/100\n|-damage|p1a: Julius Ceasar|49/100 brn|[from] Recoil\n|\n|-damage|p2b: Tinkaton|10/100|[from] Leech Seed|[of] p1a: Julius Ceasar\n|-heal|p1a: Julius Ceasar|59/100 brn|[silent]\n|-damage|p2a: Sinistcha|71/100 brn|[from] brn\n|-damage|p1a: Julius Ceasar|53/100 brn|[from] brn\n|upkeep\n|turn|8\n|\n|t:|1776473995\n|move|p1a: Julius Ceasar|Spiky Shield|p1a: Julius Ceasar\n|-singleturn|p1a: Julius Ceasar|move: Protect\n|move|p2b: Tinkaton|Play Rough|p1a: Julius Ceasar\n|-activate|p1a: Julius Ceasar|move: Protect\n|-damage|p2b: Tinkaton|0 fnt|[from] Spiky Shield|[of] p1a: Julius Ceasar\n|faint|p2b: Tinkaton\n|move|p2a: Sinistcha|Matcha Gotcha|p1a: Julius Ceasar\n|-activate|p1a: Julius Ceasar|move: Protect\n|\n|-damage|p2a: Sinistcha|65/100 brn|[from] brn\n|-damage|p1a: Julius Ceasar|47/100 brn|[from] brn\n|upkeep\n|turn|9\n|\n|t:|1776474012\n|move|p2a: Sinistcha|Matcha Gotcha|p1a: Julius Ceasar\n|-resisted|p1a: Julius Ceasar|1\n|-damage|p1a: Julius Ceasar|32/100 brn\n|-heal|p2a: Sinistcha|75/100 brn|[from] drain|[of] p1a: Julius Ceasar\n|move|p1a: Julius Ceasar|Wood Hammer|p2a: Sinistcha\n|-resisted|p2a: Sinistcha|1\n|-damage|p2a: Sinistcha|63/100 brn\n|-damage|p1a: Julius Ceasar|29/100 brn|[from] Recoil\n|\n|-damage|p2a: Sinistcha|57/100 brn|[from] brn\n|-damage|p1a: Julius Ceasar|23/100 brn|[from] brn\n|upkeep\n|turn|10\n|\n|t:|1776474025\n|move|p2a: Sinistcha|Matcha Gotcha|p1a: Julius Ceasar\n|-resisted|p1a: Julius Ceasar|1\n|-damage|p1a: Julius Ceasar|7/100 brn\n|-heal|p2a: Sinistcha|67/100 brn|[from] drain|[of] p1a: Julius Ceasar\n|move|p1a: Julius Ceasar|Wood Hammer|p2a: Sinistcha\n|-resisted|p2a: Sinistcha|1\n|-damage|p2a: Sinistcha|54/100 brn\n|-damage|p1a: Julius Ceasar|4/100 brn|[from] Recoil\n|\n|-damage|p2a: Sinistcha|48/100 brn|[from] brn\n|-damage|p1a: Julius Ceasar|0 fnt|[from] brn\n|faint|p1a: Julius Ceasar\n|\n|win|Sceptilicious\n|raw|Erntsu's rating: 1283 &rarr; <strong>1256</strong><br />(-27 for losing)\n|raw|Sceptilicious's rating: 1261 &rarr; <strong>1288</strong><br />(+27 for winning)\n|l|\u2606Erntsu\n|player|p1|\n",
  "uploadtime": 1776474037,
  "views": 25,
  "formatid": "gen9championsvgc2026regma",
  "rating": 1256,
  "private": 0,
  "password": null
}