{
  "id": "gen9championsvgc2026regma-2585912923",
  "format": "[Gen 9 Champions] VGC 2026 Reg M-A",
  "players": [
    "Alexanthony",
    "Hellothisisatest"
  ],
  "log": "|j|\u2606Alexanthony\n|j|\u2606Hellothisisatest\n|t:|1776380868\n|gametype|doubles\n|player|p1|Alexanthony|101|1106\n|player|p2|Hellothisisatest|lucas|1147\n|gen|9\n|tier|[Gen 9 Champions] VGC 2026 Reg M-A\n|rated|\n|rule|Species Clause: Limit one of each Pok\u00e9mon\n|rule|Item Clause: Limit 1 of each item\n|clearpoke\n|poke|p1|Ceruledge, L50, M|\n|poke|p1|Farigiraf, L50, M|\n|poke|p1|Charizard, L50, M|\n|poke|p1|Whimsicott, L50, F|\n|poke|p1|Incineroar, L50, M|\n|poke|p1|Meganium, L50, M|\n|poke|p2|Meganium, L50, F|\n|poke|p2|Archaludon, L50, M|\n|poke|p2|Politoed, L50, F|\n|poke|p2|Aerodactyl, L50, M|\n|poke|p2|Tinkaton, L50, F|\n|poke|p2|Basculegion, L50, M|\n|teampreview|4\n|inactive|Battle timer is ON: inactive players will automatically lose when time's up. (requested by Hellothisisatest)\n|inactive|Alexanthony has 60 seconds left.\n|\n|t:|1776380900\n|teamsize|p1|4\n|teamsize|p2|4\n|start\n|switch|p1a: Charizard|Charizard, L50, M|100/100\n|switch|p1b: Whimsicott|Whimsicott, L50, F|100/100\n|switch|p2a: RockDino|Aerodactyl, L50, M, shiny|100/100\n|switch|p2b: Basculegion|Basculegion, L50, M|100/100\n|turn|1\n|inactive|Alexanthony has 30 seconds left.\n|\n|t:|1776380926\n|detailschange|p2a: RockDino|Aerodactyl-Mega, L50, M, shiny\n|-mega|p2a: RockDino|Aerodactyl|Aerodactylite\n|move|p1a: Charizard|Protect|p1a: Charizard\n|-singleturn|p1a: Charizard|Protect\n|move|p2a: RockDino|Stone Edge|p1a: Charizard\n|-activate|p1a: Charizard|move: Protect\n|move|p1b: Whimsicott|Giga Drain|p2b: Basculegion\n|-supereffective|p2b: Basculegion|1\n|-damage|p2b: Basculegion|32/100\n|move|p2b: Basculegion|Last Respects|p1b: Whimsicott\n|-damage|p1b: Whimsicott|60/100\n|\n|upkeep\n|turn|2\n|inactive|Alexanthony has 30 seconds left.\n|\n|t:|1776380954\n|switch|p1a: Incineroar|Incineroar, L50, M|100/100\n|-ability|p1a: Incineroar|Intimidate|boost\n|-unboost|p2a: RockDino|atk|1\n|-unboost|p2b: Basculegion|atk|1\n|move|p2a: RockDino|Stone Edge|p1a: Incineroar|[miss]\n|-miss|p2a: RockDino|p1a: Incineroar\n|move|p1b: Whimsicott|Giga Drain|p2b: Basculegion\n|-supereffective|p2b: Basculegion|1\n|-damage|p2b: Basculegion|0 fnt\n|-heal|p1b: Whimsicott|83/100|[from] drain|[of] p2b: Basculegion\n|faint|p2b: Basculegion\n|\n|upkeep\n|\n|t:|1776380965\n|switch|p2b: Stapler|Archaludon, L50, M|100/100\n|turn|3\n|\n|t:|1776380980\n|move|p1a: Incineroar|Fake Out|p2b: Stapler\n|-resisted|p2b: Stapler|1\n|-damage|p2b: Stapler|97/100\n|move|p2a: RockDino|Stone Edge|p1a: Incineroar|[miss]\n|-miss|p2a: RockDino|p1a: Incineroar\n|move|p1b: Whimsicott|Giga Drain|p2a: RockDino\n|-damage|p2a: RockDino|69/100\n|-heal|p1b: Whimsicott|100/100|[from] drain|[of] p2a: RockDino\n|cant|p2b: Stapler|flinch\n|\n|upkeep\n|turn|4\n|\n|t:|1776381001\n|move|p2a: RockDino|Stone Edge|p1a: Incineroar|[miss]\n|-miss|p2a: RockDino|p1a: Incineroar\n|move|p1b: Whimsicott|Giga Drain|p2a: RockDino\n|-damage|p2a: RockDino|38/100\n|move|p2b: Stapler|Flash Cannon|p1b: Whimsicott\n|-supereffective|p1b: Whimsicott|1\n|-enditem|p1b: Whimsicott|Focus Sash\n|-damage|p1b: Whimsicott|1/100\n|move|p1a: Incineroar|Parting Shot|p2b: Stapler\n|-unboost|p2b: Stapler|atk|1\n|-unboost|p2b: Stapler|spa|1\n|\n|t:|1776381016\n|switch|p1a: Charizard|Charizard, L50, M|100/100|[from] Parting Shot\n|\n|upkeep\n|turn|5\n|c|\u2606Alexanthony|bright powder on incin btw you're not just super super unlucky, just really unlucky\n|\n|t:|1776381038\n|move|p1b: Whimsicott|Tailwind|p1b: Whimsicott\n|-sidestart|p1: Alexanthony|move: Tailwind\n|move|p1a: Charizard|Dragon Pulse|p2b: Stapler\n|-damage|p2b: Stapler|70/100\n|move|p2a: RockDino|Stone Edge|p1a: Charizard\n|-supereffective|p1a: Charizard|2\n|-damage|p1a: Charizard|0 fnt\n|faint|p1a: Charizard\n|move|p2b: Stapler|Flash Cannon|p1b: Whimsicott\n|-supereffective|p1b: Whimsicott|1\n|-damage|p1b: Whimsicott|0 fnt\n|faint|p1b: Whimsicott\n|\n|upkeep\n|\n|t:|1776381049\n|switch|p1b: Ceruledge|Ceruledge, L50, M|100/100\n|switch|p1a: Incineroar|Incineroar, L50, M|100/100\n|-ability|p1a: Incineroar|Intimidate|boost\n|-unboost|p2a: RockDino|atk|1\n|-unboost|p2b: Stapler|atk|1\n|turn|6\n|\n|t:|1776381067\n|move|p1a: Incineroar|Fake Out|p2a: RockDino\n|-resisted|p2a: RockDino|1\n|-damage|p2a: RockDino|31/100\n|move|p1b: Ceruledge|Bulk Up|p1b: Ceruledge\n|-boost|p1b: Ceruledge|atk|1\n|-boost|p1b: Ceruledge|def|1\n|cant|p2a: RockDino|flinch\n|move|p2b: Stapler|Aura Sphere|p1a: Incineroar\n|-supereffective|p1a: Incineroar|1\n|-damage|p1a: Incineroar|67/100\n|\n|upkeep\n|turn|7\n|\n|t:|1776381089\n|switch|p2a: LaGrenouille|Politoed, L50, F, shiny|100/100\n|-weather|RainDance|[from] ability: Drizzle|[of] p2a: LaGrenouille\n|move|p1b: Ceruledge|Bulk Up|p1b: Ceruledge\n|-boost|p1b: Ceruledge|atk|1\n|-boost|p1b: Ceruledge|def|1\n|move|p1a: Incineroar|Parting Shot|p2b: Stapler\n|-unboost|p2b: Stapler|atk|1\n|-unboost|p2b: Stapler|spa|1\n|move|p2b: Stapler|Electro Shot||[still]\n|-prepare|p2b: Stapler|Electro Shot\n|-boost|p2b: Stapler|spa|1\n|-anim|p2b: Stapler|Electro Shot|p1a: Incineroar\n|-damage|p1a: Incineroar|40/100\n|\n|-weather|RainDance|[upkeep]\n|upkeep\n|turn|8\n|inactive|Alexanthony has 30 seconds left.\n|\n|t:|1776381114\n|move|p1b: Ceruledge|Bitter Blade|p2a: LaGrenouille\n|-resisted|p2a: LaGrenouille|1\n|-damage|p2a: LaGrenouille|84/100\n|move|p1a: Incineroar|Throat Chop|p2a: LaGrenouille\n|-crit|p2a: LaGrenouille\n|-damage|p2a: LaGrenouille|45/100\n|-start|p2a: LaGrenouille|Throat Chop|[silent]\n|move|p2b: Stapler|Electro Shot||[still]\n|-prepare|p2b: Stapler|Electro Shot\n|-boost|p2b: Stapler|spa|1\n|-anim|p2b: Stapler|Electro Shot|p1a: Incineroar\n|-damage|p1a: Incineroar|0 fnt\n|faint|p1a: Incineroar\n|move|p2a: LaGrenouille|Hydro Pump|p1b: Ceruledge\n|-supereffective|p1b: Ceruledge|1\n|-damage|p1b: Ceruledge|0 fnt\n|faint|p1b: Ceruledge\n|\n|win|Hellothisisatest\n|raw|Alexanthony's rating: 1106 &rarr; <strong>1084</strong><br />(-22 for losing)\n|raw|Hellothisisatest's rating: 1147 &rarr; <strong>1169</strong><br />(+22 for winning)\n|c|\u2606Alexanthony|gg\n|l|\u2606Alexanthony\n|player|p1|\n|c|\u2606Hellothisisatest|gg\n",
  "uploadtime": 1776381158,
  "views": 15,
  "formatid": "gen9championsvgc2026regma",
  "rating": 1084,
  "private": 0,
  "password": null
}