{
  "id": "gen9championsvgc2026regma-2581909573",
  "format": "[Gen 9 Champions] VGC 2026 Reg M-A",
  "players": [
    "JasmineThia",
    "utdkytc"
  ],
  "log": "|j|\u2606JasmineThia\n|j|\u2606utdkytc\n|t:|1776038868\n|gametype|doubles\n|player|p1|JasmineThia|selene-masters2|1130\n|player|p2|utdkytc|steven|1042\n|gen|9\n|tier|[Gen 9 Champions] VGC 2026 Reg M-A\n|rated|\n|rule|Species Clause: Limit one of each Pok\u00e9mon\n|rule|Item Clause: Limit 1 of each item\n|clearpoke\n|poke|p1|Meowscarada, L50, M|\n|poke|p1|Kommo-o, L50, F|\n|poke|p1|Rotom-Wash, L50|\n|poke|p1|Gengar, L50, F|\n|poke|p1|Whimsicott, L50, M|\n|poke|p1|Arcanine-Hisui, L50, F|\n|poke|p2|Golurk, L50|\n|poke|p2|Farigiraf, L50, M|\n|poke|p2|Torkoal, L50, F|\n|poke|p2|Sneasler, L50, F|\n|poke|p2|Incineroar, L50, M|\n|poke|p2|Venusaur, L50, F|\n|teampreview|4\n|inactive|Battle timer is ON: inactive players will automatically lose when time's up. (requested by JasmineThia)\n|\n|t:|1776038897\n|teamsize|p1|4\n|teamsize|p2|4\n|start\n|switch|p1a: Meowscarada|Meowscarada, L50, M|100/100\n|switch|p1b: Arcanine|Arcanine-Hisui, L50, F|100/100\n|switch|p2a: Golurk|Golurk, L50, shiny|100/100\n|switch|p2b: Farigiraf|Farigiraf, L50, M|100/100\n|-ability|p1b: Arcanine|Intimidate|boost\n|-unboost|p2a: Golurk|atk|1\n|-unboost|p2b: Farigiraf|atk|1\n|turn|1\n|inactive|utdkytc has 30 seconds left.\n|\n|t:|1776038927\n|switch|p2b: Sneasler|Sneasler, L50, F|100/100\n|switch|p2a: Incineroar|Incineroar, L50, M|100/100\n|-ability|p2a: Incineroar|Intimidate|boost\n|-unboost|p1a: Meowscarada|atk|1\n|-unboost|p1b: Arcanine|atk|1\n|move|p1b: Arcanine|Flare Blitz|p2b: Sneasler\n|-damage|p2b: Sneasler|35/100\n|-damage|p1b: Arcanine|81/100|[from] Recoil\n|move|p1a: Meowscarada|Throat Chop|p2b: Sneasler\n|-resisted|p2b: Sneasler|1\n|-crit|p2b: Sneasler\n|-damage|p2b: Sneasler|0 fnt\n|faint|p2b: Sneasler\n|\n|upkeep\n|\n|t:|1776038943\n|switch|p2b: Farigiraf|Farigiraf, L50, M|100/100\n|turn|2\n|\n|t:|1776038954\n|switch|p1b: Rotom|Rotom-Wash, L50|100/100\n|move|p1a: Meowscarada|Protect|p1a: Meowscarada\n|-singleturn|p1a: Meowscarada|Protect\n|move|p2a: Incineroar|Fake Out|p1a: Meowscarada\n|-activate|p1a: Meowscarada|move: Protect\n|move|p2b: Farigiraf|Trick Room|p2b: Farigiraf\n|-fieldstart|move: Trick Room|[of] p2b: Farigiraf\n|\n|upkeep\n|turn|3\n|\n|t:|1776038973\n|switch|p1a: Arcanine|Arcanine-Hisui, L50, F|81/100\n|-ability|p1a: Arcanine|Intimidate|boost\n|-unboost|p2a: Incineroar|atk|1\n|-unboost|p2b: Farigiraf|atk|1\n|move|p2b: Farigiraf|Hyper Voice|p1a: Arcanine|[spread] p1a,p1b\n|-resisted|p1a: Arcanine|1\n|-damage|p1a: Arcanine|63/100\n|-damage|p1b: Rotom|69/100\n|move|p2a: Incineroar|Parting Shot|p1b: Rotom\n|-unboost|p1b: Rotom|atk|1\n|-unboost|p1b: Rotom|spa|1\n|\n|t:|1776038983\n|switch|p2a: Golurk|Golurk, L50, shiny|100/100|[from] Parting Shot\n|move|p1b: Rotom|Hydro Pump|p2a: Golurk\n|-supereffective|p2a: Golurk|1\n|-damage|p2a: Golurk|31/100\n|\n|upkeep\n|turn|4\n|\n|t:|1776039006\n|detailschange|p2a: Golurk|Golurk-Mega, L50, shiny\n|-mega|p2a: Golurk|Golurk|Golurkite\n|move|p2b: Farigiraf|Helping Hand|p2a: Golurk\n|-singleturn|p2a: Golurk|Helping Hand|[of] p2b: Farigiraf\n|move|p2a: Golurk|Poltergeist|p1b: Rotom\n|-activate|p1b: Rotom|move: Poltergeist|Sitrus Berry\n|-damage|p1b: Rotom|0 fnt\n|faint|p1b: Rotom\n|move|p1a: Arcanine|Flare Blitz|p2a: Golurk\n|-damage|p2a: Golurk|0 fnt\n|faint|p2a: Golurk\n|-damage|p1a: Arcanine|52/100|[from] Recoil\n|\n|upkeep\n|\n|t:|1776039019\n|switch|p2a: Incineroar|Incineroar, L50, M|100/100\n|switch|p1b: Meowscarada|Meowscarada, L50, M|100/100\n|-ability|p2a: Incineroar|Intimidate|boost\n|-unboost|p1a: Arcanine|atk|1\n|-unboost|p1b: Meowscarada|atk|1\n|turn|5\n|inactive|utdkytc has 30 seconds left.\n|\n|t:|1776039053\n|move|p2b: Farigiraf|Helping Hand|p2a: Incineroar\n|-singleturn|p2a: Incineroar|Helping Hand|[of] p2b: Farigiraf\n|move|p1b: Meowscarada|Protect|p1b: Meowscarada\n|-singleturn|p1b: Meowscarada|Protect\n|move|p2a: Incineroar|Throat Chop|p1a: Arcanine\n|-damage|p1a: Arcanine|0 fnt\n|faint|p1a: Arcanine\n|\n|upkeep\n|l|\u2606JasmineThia\n|inactive|JasmineThia disconnected and has a minute to reconnect!\n|player|p1|\n|j|\u2606JasmineThia\n|inactive|JasmineThia reconnected and has 40 seconds left.\n|player|p1|JasmineThia|selene-masters2|\n|\n|t:|1776039070\n|switch|p1a: Gengar|Gengar, L50, F|100/100\n|turn|6\n|\n|t:|1776039084\n|detailschange|p1a: Gengar|Gengar-Mega, L50, F\n|-mega|p1a: Gengar|Gengar|Gengarite\n|move|p2b: Farigiraf|Twin Beam|p1a: Gengar\n|-supereffective|p1a: Gengar|1\n|-damage|p1a: Gengar|52/100\n|-supereffective|p1a: Gengar|1\n|-damage|p1a: Gengar|3/100\n|-hitcount|p1a: Gengar|2\n|move|p2a: Incineroar|Flare Blitz|p1b: Meowscarada\n|-supereffective|p1b: Meowscarada|1\n|-enditem|p1b: Meowscarada|Focus Sash\n|-damage|p1b: Meowscarada|1/100\n|-damage|p2a: Incineroar|76/100|[from] Recoil\n|move|p1b: Meowscarada|Throat Chop|p2b: Farigiraf\n|-supereffective|p2b: Farigiraf|1\n|-damage|p2b: Farigiraf|54/100\n|-start|p2b: Farigiraf|Throat Chop|[silent]\n|move|p1a: Gengar|Sludge Bomb|p2b: Farigiraf\n|-damage|p2b: Farigiraf|0 fnt\n|faint|p2b: Farigiraf\n|\n|-fieldend|move: Trick Room\n|upkeep\n|turn|7\n|\n|t:|1776039103\n|move|p1a: Gengar|Sludge Bomb|p2a: Incineroar\n|-damage|p2a: Incineroar|29/100\n|move|p1b: Meowscarada|Flower Trick|p2a: Incineroar\n|-resisted|p2a: Incineroar|1\n|-crit|p2a: Incineroar\n|-damage|p2a: Incineroar|0 fnt\n|faint|p2a: Incineroar\n|\n|win|JasmineThia\n|raw|JasmineThia's rating: 1130 &rarr; <strong>1149</strong><br />(+19 for winning)\n|raw|utdkytc's rating: 1042 &rarr; <strong>1030</strong><br />(-12 for losing)\n",
  "uploadtime": 1776039108,
  "views": 11,
  "formatid": "gen9championsvgc2026regma",
  "rating": 1030,
  "private": 0,
  "password": null
}