{
  "id": "gen9championsvgc2026regma-2584306017",
  "format": "[Gen 9 Champions] VGC 2026 Reg M-A",
  "players": [
    "N0tAL1V3",
    "Jerry Judewong"
  ],
  "log": "|j|\u2606N0tAL1V3\n|j|\u2606Jerry Judewong\n|t:|1776249401\n|gametype|doubles\n|player|p1|N0tAL1V3|266|1000\n|player|p2|Jerry Judewong|hilbert|1066\n|gen|9\n|tier|[Gen 9 Champions] VGC 2026 Reg M-A\n|rated|\n|rule|Species Clause: Limit one of each Pok\u00e9mon\n|rule|Item Clause: Limit 1 of each item\n|clearpoke\n|poke|p1|Orthworm, L50, F|\n|poke|p1|Basculegion, L50, M|\n|poke|p1|Incineroar, L50, M|\n|poke|p1|Rotom-Frost, L50|\n|poke|p1|Garchomp, L50, F|\n|poke|p1|Froslass, L50, F|\n|poke|p2|Arcanine, L50, M|\n|poke|p2|Kangaskhan, L50, F|\n|poke|p2|Archaludon, L50, M|\n|poke|p2|Meganium, L50, M|\n|poke|p2|Aerodactyl, L50, F|\n|poke|p2|Pelipper, L50, M|\n|teampreview|4\n|\n|t:|1776249447\n|teamsize|p1|4\n|teamsize|p2|4\n|start\n|switch|p1a: Incineroar|Incineroar, L50, M|100/100\n|switch|p1b: Orthworm|Orthworm, L50, F|100/100\n|switch|p2a: Kangaskhan|Kangaskhan, L50, F|100/100\n|switch|p2b: Archaludon|Archaludon, L50, M|100/100\n|-ability|p1a: Incineroar|Intimidate|boost\n|-fail|p2a: Kangaskhan|unboost|Attack|[from] ability: Scrappy|[of] p2a: Kangaskhan\n|-unboost|p2b: Archaludon|atk|1\n|turn|1\n|\n|t:|1776249487\n|detailschange|p2a: Kangaskhan|Kangaskhan-Mega, L50, F\n|-mega|p2a: Kangaskhan|Kangaskhan|Kangaskhanite\n|move|p2a: Kangaskhan|Fake Out|p1b: Orthworm\n|-resisted|p1b: Orthworm|1\n|-damage|p1b: Orthworm|92/100\n|-resisted|p1b: Orthworm|1\n|-damage|p1b: Orthworm|91/100\n|-hitcount|p1b: Orthworm|2\n|move|p1a: Incineroar|Fake Out|p2a: Kangaskhan\n|-damage|p2a: Kangaskhan|89/100\n|cant|p1b: Orthworm|flinch\n|move|p2b: Archaludon|Dragon Pulse|p1a: Incineroar\n|-damage|p1a: Incineroar|56/100\n|\n|upkeep\n|turn|2\n|\n|t:|1776249528\n|switch|p2b: Arcanine|Arcanine, L50, M|100/100\n|-ability|p2b: Arcanine|Intimidate|boost\n|-unboost|p1a: Incineroar|atk|1\n|-unboost|p1b: Orthworm|atk|1\n|move|p2a: Kangaskhan|Drain Punch|p1a: Incineroar\n|-supereffective|p1a: Incineroar|1\n|-damage|p1a: Incineroar|5/100\n|-heal|p2a: Kangaskhan|100/100|[from] drain|[of] p1a: Incineroar\n|-supereffective|p1a: Incineroar|1\n|-damage|p1a: Incineroar|0 fnt\n|faint|p1a: Incineroar\n|-hitcount|p1: Incineroar|2\n|move|p1b: Orthworm|Shed Tail|p1b: Orthworm\n|-start|p1b: Orthworm|Substitute|[from] move: Shed Tail\n|-damage|p1b: Orthworm|41/100\n|-enditem|p1b: Orthworm|Sitrus Berry|[eat]\n|-heal|p1b: Orthworm|65/100|[from] item: Sitrus Berry\n|\n|t:|1776249543\n|switch|p1b: Froslass|Froslass, L50, F|100/100|[from] Shed Tail\n|\n|upkeep\n|\n|t:|1776249553\n|switch|p1a: Garchomp|Garchomp, L50, F|100/100\n|turn|3\n|\n|t:|1776249581\n|switch|p2a: Pelipper|Pelipper, L50, M|100/100\n|-weather|RainDance|[from] ability: Drizzle|[of] p2a: Pelipper\n|detailschange|p1b: Froslass|Froslass-Mega, L50, F\n|-mega|p1b: Froslass|Froslass|Froslassite\n|-weather|Snowscape|[from] ability: Snow Warning|[of] p1b: Froslass\n|move|p1b: Froslass|Blizzard|p2a: Pelipper|[spread] p2a,p2b\n|-resisted|p2b: Arcanine|1\n|-damage|p2a: Pelipper|17/100\n|-damage|p2b: Arcanine|78/100\n|move|p2b: Arcanine|Snarl|p1b: Froslass|[spread] p1a,p1b\n|-supereffective|p1b: Froslass|1\n|-damage|p1a: Garchomp|92/100\n|-damage|p1b: Froslass|79/100\n|-unboost|p1a: Garchomp|spa|1\n|-unboost|p1b: Froslass|spa|1\n|move|p1a: Garchomp|Rock Slide|p2a: Pelipper|[spread] p2a\n|-miss|p1a: Garchomp|p2b: Arcanine\n|-supereffective|p2a: Pelipper|1\n|-damage|p2a: Pelipper|0 fnt\n|faint|p2a: Pelipper\n|\n|-weather|Snowscape|[upkeep]\n|upkeep\n|\n|t:|1776249610\n|switch|p2a: Kangaskhan|Kangaskhan-Mega, L50, F|100/100\n|turn|4\n|\n|t:|1776249621\n|switch|p1b: Orthworm|Orthworm, L50, F|65/100\n|move|p2a: Kangaskhan|Fake Out|p1a: Garchomp\n|-damage|p1a: Garchomp|69/100\n|-damage|p2a: Kangaskhan|88/100|[from] ability: Rough Skin|[of] p1a: Garchomp\n|-damage|p1a: Garchomp|63/100\n|-damage|p2a: Kangaskhan|76/100|[from] ability: Rough Skin|[of] p1a: Garchomp\n|-hitcount|p1a: Garchomp|2\n|move|p2b: Arcanine|Howl|p2b: Arcanine|[spread] p2a,p2b\n|-boost|p2a: Kangaskhan|atk|1\n|-boost|p2b: Arcanine|atk|1\n|cant|p1a: Garchomp|flinch\n|\n|-weather|Snowscape|[upkeep]\n|upkeep\n|turn|5\n|\n|t:|1776249650\n|move|p2b: Arcanine|Flare Blitz|p1b: Orthworm\n|-supereffective|p1b: Orthworm|1\n|-damage|p1b: Orthworm|0 fnt\n|faint|p1b: Orthworm\n|-damage|p2b: Arcanine|62/100|[from] Recoil\n|move|p1a: Garchomp|Earthquake|p2a: Kangaskhan|[spread] p2a,p2b\n|-supereffective|p2b: Arcanine|1\n|-damage|p2a: Kangaskhan|37/100\n|-damage|p2b: Arcanine|0 fnt\n|faint|p2b: Arcanine\n|move|p2a: Kangaskhan|Double-Edge|p1a: Garchomp\n|-damage|p1a: Garchomp|0 fnt\n|-damage|p2a: Kangaskhan|25/100|[from] ability: Rough Skin|[of] p1a: Garchomp\n|faint|p1a: Garchomp\n|-hitcount|p1: Garchomp|1\n|-damage|p2a: Kangaskhan|4/100|[from] Recoil\n|\n|-weather|Snowscape|[upkeep]\n|upkeep\n|\n|t:|1776249667\n|switch|p2b: Archaludon|Archaludon, L50, M|100/100\n|switch|p1b: Froslass|Froslass-Mega, L50, F|79/100\n|turn|6\n|\n|t:|1776249678\n|move|p2a: Kangaskhan|Sucker Punch|p1b: Froslass\n|-supereffective|p1b: Froslass|1\n|-damage|p1b: Froslass|1/100\n|-supereffective|p1b: Froslass|1\n|-damage|p1b: Froslass|0 fnt\n|faint|p1b: Froslass\n|-hitcount|p1: Froslass|2\n|\n|win|Jerry Judewong\n|raw|N0tAL1V3's rating: 1000 &rarr; <strong>1000</strong><br />(+0 for losing)\n|raw|Jerry Judewong's rating: 1066 &rarr; <strong>1090</strong><br />(+24 for winning)\n|l|\u2606N0tAL1V3\n|player|p1|\n",
  "uploadtime": 1776249689,
  "views": 23,
  "formatid": "gen9championsvgc2026regma",
  "rating": 1000,
  "private": 0,
  "password": null
}