{
  "id": "gen9championsvgc2026regma-2583089497",
  "format": "[Gen 9 Champions] VGC 2026 Reg M-A",
  "players": [
    "maxdeesevgc",
    "holdingb"
  ],
  "log": "|j|\u2606maxdeesevgc\n|j|\u2606holdingb\n|t:|1776140765\n|gametype|doubles\n|player|p1|maxdeesevgc|170|\n|player|p2|holdingb|anabel-gen7|\n|gen|9\n|tier|[Gen 9 Champions] VGC 2026 Reg M-A\n|rated|Tournament battle\n|rule|Species Clause: Limit one of each Pok\u00e9mon\n|rule|Item Clause: Limit 1 of each item\n|clearpoke\n|poke|p1|Pikachu, L50, M|\n|poke|p1|Gengar, L50, F|\n|poke|p1|Sylveon, L50, M|\n|poke|p1|Basculegion, L50, M|\n|poke|p1|Tsareena, L50, F|\n|poke|p1|Aerodactyl, L50, M|\n|poke|p2|Clefable, L50, M|\n|poke|p2|Starmie, L50|\n|poke|p2|Meowstic, L50, M|\n|poke|p2|Sneasler, L50, F|\n|poke|p2|Talonflame, L50, M|\n|poke|p2|Garchomp, L50, M|\n|teampreview|4\n|inactive|Battle timer is ON: inactive players will automatically lose when time's up. (requested by holdingb)\n|inactive|maxdeesevgc also wants the timer to be on.\n|j| pouring in la\n|j|+Fayz Sharpie\n|j| Tealnotsu\n|j| Perhaps Perish?\n|c|\u2606maxdeesevgc|glhf\n|j| Luigi Magnezone\n|c|\u2606holdingb|u2\n|j|+Disorient\n|j| Thogi_\n|j| Mydreamfever\n|c|+Fayz Sharpie|REGULATION MIDASSSSS\n|l| Luigi Magnezone\n|l| pouring in la\n|inactive|maxdeesevgc has 60 seconds left.\n|inactive|holdingb has 60 seconds left.\n|j| Person_McSomeone\n|j| xalviss\n|j| OnToTheOther\n|c| Person_McSomeone|max please win\n|j| Avi 2007\n|inactive|holdingb has 30 seconds left.\n|\n|t:|1776140836\n|teamsize|p1|4\n|teamsize|p2|4\n|start\n|switch|p1a: Pikachu|Pikachu, L50, M, shiny|100/100\n|switch|p1b: Aerodactyl|Aerodactyl, L50, M|100/100\n|switch|p2a: Talonflame|Talonflame, L50, M|100/100\n|switch|p2b: Garchomp|Garchomp, L50, M|100/100\n|-ability|p1b: Aerodactyl|Unnerve\n|turn|1\n|\n|t:|1776140859\n|move|p2a: Talonflame|Quick Guard|p2a: Talonflame\n|-singleturn|p2a: Talonflame|Quick Guard\n|move|p1a: Pikachu|Fake Out|p2b: Garchomp\n|-activate|p2b: Garchomp|move: Quick Guard\n|move|p1b: Aerodactyl|Tailwind|p1b: Aerodactyl\n|-sidestart|p1: maxdeesevgc|move: Tailwind\n|move|p2b: Garchomp|Earthquake|p1b: Aerodactyl|[spread] p1a\n|-immune|p2a: Talonflame\n|-immune|p1b: Aerodactyl\n|-supereffective|p1a: Pikachu|1\n|-crit|p1a: Pikachu\n|-damage|p1a: Pikachu|0 fnt\n|faint|p1a: Pikachu\n|\n|upkeep\n|l| Person_McSomeone\n|j| magicalarcher57\n|j| chumba03mmm\n|\n|t:|1776140866\n|switch|p1a: Basculegion|Basculegion, L50, M, shiny|100/100\n|turn|2\n|j|+Hobbit\n|j| SpikeMike\n|l| SpikeMike\n|j| SpikeMike\n|inactive|holdingb has 30 seconds left.\n|inactive|holdingb has 20 seconds left.\n|inactive|holdingb has 15 seconds left.\n|\n|t:|1776140909\n|move|p1a: Basculegion|Aqua Jet|p2a: Talonflame\n|-supereffective|p2a: Talonflame|1\n|-damage|p2a: Talonflame|18/100\n|move|p1b: Aerodactyl|Dual Wingbeat|p2a: Talonflame\n|-damage|p2a: Talonflame|0 fnt\n|faint|p2a: Talonflame\n|-hitcount|p2: Talonflame|1\n|move|p2b: Garchomp|Rock Slide|p1a: Basculegion|[spread] p1a,p1b\n|-supereffective|p1b: Aerodactyl|1\n|-damage|p1a: Basculegion|75/100\n|-damage|p1b: Aerodactyl|27/100\n|\n|upkeep\n|j| viaaaaaan\n|\n|t:|1776140923\n|switch|p2a: Starmie|Starmie, L50|100/100\n|turn|3\n|\n|t:|1776140930\n|switch|p1a: Sylveon|Sylveon, L50, M|100/100\n|move|p1b: Aerodactyl|Wide Guard|p1b: Aerodactyl\n|-singleturn|p1b: Aerodactyl|Wide Guard\n|move|p2b: Garchomp|Rock Slide|p1a: Sylveon|[spread] \n|-activate|p1a: Sylveon|move: Wide Guard\n|-activate|p1b: Aerodactyl|move: Wide Guard\n|move|p2a: Starmie|Minimize|p2a: Starmie\n|-boost|p2a: Starmie|evasion|2\n|\n|upkeep\n|turn|4\n|c|\u2606maxdeesevgc|oh no\n|\n|t:|1776140945\n|move|p2b: Garchomp|Protect|p2b: Garchomp\n|-singleturn|p2b: Garchomp|Protect\n|move|p1b: Aerodactyl|Rock Slide|p2a: Starmie|[spread] p2a\n|-activate|p2b: Garchomp|move: Protect\n|-damage|p2a: Starmie|73/100\n|move|p1a: Sylveon|Hyper Voice|p2b: Garchomp|[spread] \n|-activate|p2b: Garchomp|move: Protect\n|-miss|p1a: Sylveon|p2a: Starmie\n|move|p2a: Starmie|Minimize|p2a: Starmie\n|-boost|p2a: Starmie|evasion|2\n|\n|-heal|p2a: Starmie|79/100|[from] item: Leftovers\n|-sideend|p1: maxdeesevgc|move: Tailwind\n|upkeep\n|turn|5\n|c| chumba03mmm|thats evil haha\n|\n|t:|1776140964\n|move|p1b: Aerodactyl|Tailwind|p1b: Aerodactyl\n|-sidestart|p1: maxdeesevgc|move: Tailwind\n|move|p1a: Sylveon|Moonblast|p2b: Garchomp\n|-supereffective|p2b: Garchomp|1\n|-damage|p2b: Garchomp|0 fnt\n|faint|p2b: Garchomp\n|move|p2a: Starmie|Cosmic Power|p2a: Starmie\n|-boost|p2a: Starmie|def|1\n|-boost|p2a: Starmie|spd|1\n|\n|-heal|p2a: Starmie|85/100|[from] item: Leftovers\n|upkeep\n|\n|t:|1776140968\n|switch|p2b: Meowstic|Meowstic, L50, M|100/100\n|turn|6\n|c|\u2606maxdeesevgc|I'm scared lmao\n|\n|t:|1776140983\n|move|p2b: Meowstic|Psych Up|p2a: Starmie\n|-copyboost|p2b: Meowstic|p2a: Starmie|[from] move: Psych Up\n|move|p1b: Aerodactyl|Dual Wingbeat|p2b: Meowstic\n|-damage|p2b: Meowstic|87/100\n|-damage|p2b: Meowstic|73/100\n|-hitcount|p2b: Meowstic|2\n|move|p1a: Sylveon|Moonblast|p2b: Meowstic\n|-damage|p2b: Meowstic|38/100\n|move|p2a: Starmie|Cosmic Power|p2a: Starmie\n|-boost|p2a: Starmie|def|1\n|-boost|p2a: Starmie|spd|1\n|\n|-heal|p2a: Starmie|91/100|[from] item: Leftovers\n|upkeep\n|turn|7\n|c|\u2606holdingb|uh oh\n|c|\u2606holdingb|don't scroll up in the chat\n|c| magicalarcher57|WTF\n|c|\u2606holdingb|you did say \"good luck, have fun\" ://///\n|c|\u2606holdingb|big mistake\n|c|\u2606maxdeesevgc|fair\n|j| Person_McSomeone\n|inactive|maxdeesevgc has 30 seconds left.\n|inactive|holdingb has 30 seconds left.\n|c| OnToTheOther|!! FUN DETECTED !!\n|\n|t:|1776141017\n|move|p2b: Meowstic|Rest|p2b: Meowstic\n|-status|p2b: Meowstic|slp|[from] move: Rest\n|-heal|p2b: Meowstic|100/100 slp|[silent]\n|move|p1b: Aerodactyl|Rock Slide|p2b: Meowstic|[spread] p2b\n|-miss|p1b: Aerodactyl|p2a: Starmie\n|-damage|p2b: Meowstic|84/100 slp\n|move|p1a: Sylveon|Hyper Voice|p2a: Starmie|[spread] p2a,p2b\n|-damage|p2a: Starmie|69/100\n|-damage|p2b: Meowstic|51/100 slp\n|move|p2a: Starmie|Minimize|p2a: Starmie\n|-boost|p2a: Starmie|evasion|2\n|\n|-heal|p2a: Starmie|75/100|[from] item: Leftovers\n|upkeep\n|turn|8\n|c|\u2606holdingb|TRUE!!!!\n|c|+Fayz Sharpie|wait what do you mean starmie gets evasion boosting\n|l| Person_McSomeone\n|c|\u2606holdingb|it always has\n|c|\u2606holdingb|doesn't misty's starmie always minimize\n|inactive|holdingb has 30 seconds left.\n|c| chumba03mmm|the only thing that could stop this would be incin\n|j|%llefface\n|\n|t:|1776141051\n|cant|p2b: Meowstic|slp\n|move|p1b: Aerodactyl|Rock Slide|p2a: Starmie|[spread] \n|-miss|p1b: Aerodactyl|p2a: Starmie\n|-miss|p1b: Aerodactyl|p2b: Meowstic\n|move|p1a: Sylveon|Moonblast|p2b: Meowstic|[miss]\n|-miss|p1a: Sylveon|p2b: Meowstic\n|move|p2a: Starmie|Cosmic Power|p2a: Starmie\n|-boost|p2a: Starmie|def|1\n|-boost|p2a: Starmie|spd|1\n|\n|-heal|p2a: Starmie|81/100|[from] item: Leftovers\n|-sideend|p1: maxdeesevgc|move: Tailwind\n|upkeep\n|turn|9\n|c| SpikeMike|this is the evilest shit i've ever seen\n|c| xalviss|I need this team\n|\n|t:|1776141064\n|cant|p2b: Meowstic|slp\n|move|p1b: Aerodactyl|Tailwind|p1b: Aerodactyl\n|-sidestart|p1: maxdeesevgc|move: Tailwind\n|move|p1a: Sylveon|Hyper Voice|p2b: Meowstic|[spread] \n|-miss|p1a: Sylveon|p2a: Starmie\n|-miss|p1a: Sylveon|p2b: Meowstic\n|move|p2a: Starmie|Cosmic Power|p2a: Starmie\n|-boost|p2a: Starmie|def|1\n|-boost|p2a: Starmie|spd|1\n|\n|-heal|p2a: Starmie|87/100|[from] item: Leftovers\n|upkeep\n|turn|10\n|c|%llefface|nah wtf is this\n|c| xalviss|who's the mega?\n|c|\u2606holdingb|clefable\n|c|\u2606holdingb|this is a team from @clefablepoke on twitter\n|c|+Fayz Sharpie|moody muck never left\n|c| OnToTheOther|this team made me put crunch on my aerodactyl :)\n|c|+Fayz Sharpie|it just transitioned to starfish\n|\n|t:|1776141089\n|-curestatus|p2b: Meowstic|slp|[msg]\n|move|p2b: Meowstic|Psych Up|p2a: Starmie\n|-copyboost|p2b: Meowstic|p2a: Starmie|[from] move: Psych Up\n|move|p1b: Aerodactyl|Rock Slide|p2b: Meowstic|[spread] p2b\n|-miss|p1b: Aerodactyl|p2a: Starmie\n|-damage|p2b: Meowstic|42/100\n|move|p1a: Sylveon|Moonblast|p1b: Aerodactyl\n|-damage|p1b: Aerodactyl|0 fnt\n|faint|p1b: Aerodactyl\n|move|p2a: Starmie|Scald|p1a: Sylveon\n|-damage|p1a: Sylveon|69/100\n|\n|-heal|p2a: Starmie|93/100|[from] item: Leftovers\n|upkeep\n|\n|t:|1776141095\n|switch|p1b: Basculegion|Basculegion, L50, M, shiny|75/100\n|turn|11\n|c| chumba03mmm|yo ngl this team should never be allowed to get out\n|c| magicalarcher57|SELF BLAST??\n|c| SpikeMike|LMAO\n|c| SpikeMike|THE TECH IS CRAZY\n|c| xalviss|do you ever use clef to moonblast?\n|\n|t:|1776141111\n|move|p2b: Meowstic|Rest|p2b: Meowstic\n|-status|p2b: Meowstic|slp|[from] move: Rest\n|-heal|p2b: Meowstic|100/100 slp|[silent]\n|-enditem|p2b: Meowstic|Chesto Berry|[eat]\n|-curestatus|p2b: Meowstic|slp|[msg]\n|move|p1b: Basculegion|Last Respects|p2b: Meowstic|[miss]\n|-miss|p1b: Basculegion|p2b: Meowstic\n|move|p1a: Sylveon|Hyper Voice|p2a: Starmie|[spread] \n|-miss|p1a: Sylveon|p2a: Starmie\n|-miss|p1a: Sylveon|p2b: Meowstic\n|move|p2a: Starmie|Scald|p1a: Sylveon\n|-damage|p1a: Sylveon|40/100\n|-status|p1a: Sylveon|brn\n|\n|-heal|p2a: Starmie|99/100|[from] item: Leftovers\n|-damage|p1a: Sylveon|34/100 brn|[from] brn\n|upkeep\n|turn|12\n|c| xalviss|or just follow me?\n|l| Avi 2007\n|c|\u2606holdingb|i'll post the paste\n|c| xalviss|PLS\n|\n|t:|1776141128\n|move|p1b: Basculegion|Last Respects|p2a: Starmie|[miss]\n|-miss|p1b: Basculegion|p2a: Starmie\n|move|p1a: Sylveon|Hyper Voice|p2a: Starmie|[spread] p2a\n|-miss|p1a: Sylveon|p2b: Meowstic\n|-damage|p2a: Starmie|85/100\n|move|p2a: Starmie|Scald|p1a: Sylveon\n|-damage|p1a: Sylveon|11/100 brn\n|move|p2b: Meowstic|Stored Power|p1b: Basculegion\n|-damage|p1b: Basculegion|0 fnt\n|faint|p1b: Basculegion\n|\n|-heal|p2a: Starmie|91/100|[from] item: Leftovers\n|-damage|p1a: Sylveon|5/100 brn|[from] brn\n|-sideend|p1: maxdeesevgc|move: Tailwind\n|upkeep\n|turn|13\n|c| xalviss|PLS\n|c| chumba03mmm|DONT YOU DARE\n|c| xalviss|DM ME AT LEAST\n|c|\u2606maxdeesevgc|gg wp\n|\n|t:|1776141147\n|move|p2a: Starmie|Minimize|p2a: Starmie\n|-boost|p2a: Starmie|evasion|0\n|move|p2b: Meowstic|Charge Beam|p1a: Sylveon|[miss]\n|-miss|p2b: Meowstic|p1a: Sylveon\n|move|p1a: Sylveon|Hyper Voice|p2b: Meowstic|[spread] p2a\n|-miss|p1a: Sylveon|p2b: Meowstic\n|-damage|p2a: Starmie|78/100\n|\n|-heal|p2a: Starmie|84/100|[from] item: Leftovers\n|-damage|p1a: Sylveon|0 fnt|[from] brn\n|faint|p1a: Sylveon\n|\n|win|holdingb\n|n|\u2606maxdeesevgc|maxdeesevgc\n|n|\u2606holdingb|holdingb\n|n| Fayz Sharpie|fayzsharpie\n|n| Tealnotsu|tealnotsu\n|n| Perhaps Perish?|perhapsperish\n|n|+Disorient|disorient\n|n| Thogi_|thogi\n|n| Mydreamfever|mydreamfever\n|n| xalviss|xalviss\n|n| OnToTheOther|ontotheother\n|n| magicalarcher57|magicalarcher57\n|n| chumba03mmm|chumba03mmm\n|n| Hobbit|hobbit\n|n| SpikeMike|spikemike\n|n| viaaaaaan|viaaaaaan\n|n| llefface|llefface\n|c|\u2606holdingb|ggs\n|c|\u2606holdingb|sorry that happened to you\n|j| shocccco\u2764\n|l| Hobbit\n|l| viaaaaaan\n|c| SpikeMike|this is fucking evil\n|l| Fayz Sharpie\n|l| Thogi_\n|l| Tealnotsu\n|l| SpikeMike\n|c| chumba03mmm|does incin scare you?\n|l| OnToTheOther\n|c|\u2606holdingb|not really\n|c|\u2606holdingb|the more passive the better\n|l|\u2606maxdeesevgc\n|player|p1|\n|l| llefface\n|l| chumba03mmm\n|l| magicalarcher57\n|l| Perhaps Perish?\n|l| Mydreamfever\n|j| AceeeVGC\n|l|\u2606holdingb\n|player|p2|\n",
  "uploadtime": 1776141147,
  "views": 34,
  "formatid": "gen9championsvgc2026regma",
  "rating": null,
  "private": 0,
  "password": null
}