{
  "id": "gen9championsvgc2026regma-2588203155",
  "format": "[Gen 9 Champions] VGC 2026 Reg M-A",
  "players": [
    "lilcienaga",
    "StrengPengu"
  ],
  "log": "|j|\u2606lilcienaga\n|j|\u2606StrengPengu\n|t:|1776614068\n|gametype|doubles\n|player|p1|lilcienaga|flint|1099\n|player|p2|StrengPengu|ivor|1165\n|gen|9\n|tier|[Gen 9 Champions] VGC 2026 Reg M-A\n|rated|\n|rule|Species Clause: Limit one of each Pok\u00e9mon\n|rule|Item Clause: Limit 1 of each item\n|clearpoke\n|poke|p1|Basculegion, L50, M|\n|poke|p1|Kingambit, L50, M|\n|poke|p1|Rotom-Heat, L50, shiny|\n|poke|p1|Froslass, L50, F, shiny|\n|poke|p1|Sneasler, L50, F, shiny|\n|poke|p1|Clefable, L50, M, shiny|\n|poke|p2|Torkoal, L50, F|\n|poke|p2|Farigiraf, L50, M|\n|poke|p2|Gardevoir, L50, F|\n|poke|p2|Golurk, L50|\n|poke|p2|Kingambit, L50, F|\n|poke|p2|Sneasler, L50, F|\n|teampreview|4\n|inactive|Battle timer is ON: inactive players will automatically lose when time's up. (requested by lilcienaga)\n|\n|t:|1776614104\n|teamsize|p1|4\n|teamsize|p2|4\n|start\n|switch|p1a: Basculegion|Basculegion, L50, M|100/100\n|switch|p1b: Froslass|Froslass, L50, F, shiny|100/100\n|switch|p2a: Farigiraf|Farigiraf, L50, M|100/100\n|switch|p2b: Kingambit|Kingambit, L50, F|100/100\n|turn|1\n|\n|t:|1776614129\n|switch|p1a: Sneasler|Sneasler, L50, F, shiny|100/100\n|switch|p1b: Rotom|Rotom-Heat, L50, shiny|100/100\n|move|p2b: Kingambit|Sucker Punch||[still]\n|-fail|p2b: Kingambit\n|move|p2a: Farigiraf|Trick Room|p2a: Farigiraf\n|-fieldstart|move: Trick Room|[of] p2a: Farigiraf\n|\n|upkeep\n|turn|2\n|\n|t:|1776614147\n|switch|p2b: Torkoal|Torkoal, L50, F|100/100\n|-weather|SunnyDay|[from] ability: Drought|[of] p2b: Torkoal\n|move|p1a: Sneasler|Protect|p1a: Sneasler\n|-singleturn|p1a: Sneasler|Protect\n|move|p2a: Farigiraf|Twin Beam|p1a: Sneasler\n|-activate|p1a: Sneasler|move: Protect\n|move|p1b: Rotom|Overheat|p2b: Torkoal\n|-resisted|p2b: Torkoal|1\n|-damage|p2b: Torkoal|46/100\n|-unboost|p1b: Rotom|spa|2\n|\n|-weather|SunnyDay|[upkeep]\n|upkeep\n|turn|3\n|\n|t:|1776614170\n|switch|p1b: Basculegion|Basculegion, L50, M|100/100\n|switch|p1a: Froslass|Froslass, L50, F, shiny|100/100\n|move|p2b: Torkoal|Protect|p2b: Torkoal\n|-singleturn|p2b: Torkoal|Protect\n|move|p2a: Farigiraf|Twin Beam|p1a: Froslass\n|-damage|p1a: Froslass|71/100\n|-damage|p1a: Froslass|41/100\n|-hitcount|p1a: Froslass|2\n|\n|-weather|SunnyDay|[upkeep]\n|upkeep\n|turn|4\n|\n|t:|1776614193\n|switch|p2b: Gardevoir|Gardevoir, L50, F|100/100\n|-ability|p2b: Gardevoir|Snow Cloak|Trace|[from] ability: Trace|[of] p1a: Froslass\n|switch|p2a: Kingambit|Kingambit, L50, F|100/100\n|detailschange|p1a: Froslass|Froslass-Mega, L50, F, shiny\n|-mega|p1a: Froslass|Froslass|Froslassite\n|-weather|Snowscape|[from] ability: Snow Warning|[of] p1a: Froslass\n|move|p1a: Froslass|Protect|p1a: Froslass\n|-singleturn|p1a: Froslass|Protect\n|move|p1b: Basculegion|Wave Crash|p2a: Kingambit\n|-damage|p2a: Kingambit|44/100\n|-damage|p1b: Basculegion|81/100|[from] Recoil\n|\n|-weather|Snowscape|[upkeep]\n|upkeep\n|turn|5\n|\n|t:|1776614216\n|switch|p1a: Rotom|Rotom-Heat, L50, shiny|100/100\n|detailschange|p2b: Gardevoir|Gardevoir-Mega, L50, F\n|-mega|p2b: Gardevoir|Gardevoir|Gardevoirite\n|move|p2a: Kingambit|Sucker Punch||[still]\n|-fail|p2a: Kingambit\n|move|p2b: Gardevoir|Hyper Voice|p1a: Rotom|[spread] p1a,p1b\n|-resisted|p1a: Rotom|1\n|-damage|p1a: Rotom|71/100\n|-damage|p1b: Basculegion|12/100\n|move|p1b: Basculegion|Wave Crash|p2a: Kingambit\n|-damage|p2a: Kingambit|0 fnt\n|faint|p2a: Kingambit\n|-damage|p1b: Basculegion|0 fnt|[from] Recoil\n|faint|p1b: Basculegion\n|\n|-weather|Snowscape|[upkeep]\n|-heal|p1a: Rotom|76/100|[from] item: Leftovers\n|-fieldend|move: Trick Room\n|upkeep\n|\n|t:|1776614232\n|switch|p1b: Sneasler|Sneasler, L50, F, shiny|100/100\n|switch|p2a: Farigiraf|Farigiraf, L50, M|100/100\n|turn|6\n|\n|t:|1776614249\n|move|p2b: Gardevoir|Protect|p2b: Gardevoir\n|-singleturn|p2b: Gardevoir|Protect\n|move|p1b: Sneasler|Dire Claw|p2a: Farigiraf\n|-damage|p2a: Farigiraf|62/100\n|move|p1a: Rotom|Overheat|p2a: Farigiraf\n|-damage|p2a: Farigiraf|13/100\n|-unboost|p1a: Rotom|spa|2\n|-enditem|p2a: Farigiraf|Sitrus Berry|[eat]\n|-heal|p2a: Farigiraf|38/100|[from] item: Sitrus Berry\n|move|p2a: Farigiraf|Trick Room|p2a: Farigiraf\n|-fieldstart|move: Trick Room|[of] p2a: Farigiraf\n|\n|-weather|Snowscape|[upkeep]\n|-heal|p1a: Rotom|82/100|[from] item: Leftovers\n|upkeep\n|turn|7\n|inactive|lilcienaga has 30 seconds left.\n|\n|t:|1776614274\n|move|p1b: Sneasler|Protect|p1b: Sneasler\n|-singleturn|p1b: Sneasler|Protect\n|move|p2a: Farigiraf|Hyper Voice|p1a: Rotom|[spread] p1a\n|-activate|p1b: Sneasler|move: Protect\n|-damage|p1a: Rotom|51/100\n|move|p1a: Rotom|Thunderbolt|p2a: Farigiraf\n|-damage|p2a: Farigiraf|19/100\n|-status|p2a: Farigiraf|par\n|move|p2b: Gardevoir|Hyper Voice|p1b: Sneasler|[spread] p1a\n|-activate|p1b: Sneasler|move: Protect\n|-resisted|p1a: Rotom|1\n|-damage|p1a: Rotom|20/100\n|\n|-weather|Snowscape|[upkeep]\n|-heal|p1a: Rotom|26/100|[from] item: Leftovers\n|upkeep\n|turn|8\n|\n|t:|1776614296\n|switch|p1b: Froslass|Froslass-Mega, L50, F, shiny|41/100\n|move|p2a: Farigiraf|Twin Beam|p1b: Froslass\n|-damage|p1b: Froslass|16/100\n|-damage|p1b: Froslass|0 fnt\n|faint|p1b: Froslass\n|-hitcount|p1: Froslass|2\n|move|p1a: Rotom|Overheat|p2a: Farigiraf\n|-damage|p2a: Farigiraf|0 fnt\n|-unboost|p1a: Rotom|spa|2\n|faint|p2a: Farigiraf\n|move|p2b: Gardevoir|Psychic|p1a: Rotom\n|-damage|p1a: Rotom|0 fnt\n|faint|p1a: Rotom\n|\n|-weather|none\n|upkeep\n|\n|t:|1776614313\n|switch|p2a: Torkoal|Torkoal, L50, F|46/100\n|switch|p1a: Sneasler|Sneasler, L50, F, shiny|100/100\n|-weather|SunnyDay|[from] ability: Drought|[of] p2a: Torkoal\n|turn|9\n|\n|t:|1776614329\n|move|p2a: Torkoal|Weather Ball|p1a: Sneasler\n|-crit|p1a: Sneasler\n|-enditem|p1a: Sneasler|Focus Sash\n|-damage|p1a: Sneasler|1/100\n|move|p2b: Gardevoir|Psychic|p1a: Sneasler\n|-supereffective|p1a: Sneasler|2\n|-damage|p1a: Sneasler|0 fnt\n|faint|p1a: Sneasler\n|\n|win|StrengPengu\n|raw|lilcienaga's rating: 1099 &rarr; <strong>1079</strong><br />(-20 for losing)\n|raw|StrengPengu's rating: 1165 &rarr; <strong>1185</strong><br />(+20 for winning)\n|l|\u2606lilcienaga\n|player|p1|\n",
  "uploadtime": 1776614337,
  "views": 10,
  "formatid": "gen9championsvgc2026regma",
  "rating": 1079,
  "private": 0,
  "password": null
}