{
  "id": "gen9championsvgc2026regma-2582940838",
  "format": "[Gen 9 Champions] VGC 2026 Reg M-A",
  "players": [
    "freddop",
    "Tinen"
  ],
  "log": "|j|\u2606freddop\n|j|\u2606Tinen\n|t:|1776126920\n|gametype|doubles\n|player|p1|freddop|iris-gen5bw2|1000\n|player|p2|Tinen|dancer|1015\n|gen|9\n|tier|[Gen 9 Champions] VGC 2026 Reg M-A\n|rated|\n|rule|Species Clause: Limit one of each Pok\u00e9mon\n|rule|Item Clause: Limit 1 of each item\n|clearpoke\n|poke|p1|Whimsicott, L50, M|\n|poke|p1|Arcanine-Hisui, L50, F|\n|poke|p1|Charizard, L50, M|\n|poke|p1|Sneasler, L50, F|\n|poke|p1|Incineroar, L50, F|\n|poke|p1|Rotom-Mow, L50|\n|poke|p2|Dragonite, L50, F|\n|poke|p2|Scizor, L50, M|\n|poke|p2|Pelipper, L50, M|\n|poke|p2|Basculegion, L50, M|\n|poke|p2|Sinistcha, L50|\n|poke|p2|Umbreon, L50, M|\n|teampreview|4\n|inactive|Battle timer is ON: inactive players will automatically lose when time's up. (requested by freddop)\nfreddop rejected open team sheets.\n|inactive|freddop has 60 seconds left.\n|\n|t:|1776126983\n|teamsize|p1|4\n|teamsize|p2|4\n|start\n|switch|p1a: Whimsicott|Whimsicott, L50, M|100/100\n|switch|p1b: Arcanine|Arcanine-Hisui, L50, F|100/100\n|switch|p2a: Pelipper|Pelipper, L50, M|100/100\n|switch|p2b: Dragonite|Dragonite, L50, F, shiny|100/100\n|-weather|RainDance|[from] ability: Drizzle|[of] p2a: Pelipper\n|turn|1\n|inactive|Tinen has 30 seconds left.\n|\n|t:|1776127010\n|detailschange|p2b: Dragonite|Dragonite-Mega, L50, F, shiny\n|-mega|p2b: Dragonite|Dragonite|Dragoninite\n|move|p2a: Pelipper|Protect|p2a: Pelipper\n|-singleturn|p2a: Pelipper|Protect\n|move|p1a: Whimsicott|Tailwind|p1a: Whimsicott\n|-sidestart|p1: freddop|move: Tailwind\n|move|p1b: Arcanine|Head Smash|p2a: Pelipper\n|-activate|p2a: Pelipper|move: Protect\n|move|p2b: Dragonite|Weather Ball|p1b: Arcanine\n|-supereffective|p1b: Arcanine|2\n|-enditem|p1b: Arcanine|Focus Sash\n|-damage|p1b: Arcanine|1/100\n|\n|-weather|RainDance|[upkeep]\n|upkeep\n|turn|2\n|inactive|freddop has 30 seconds left.\n|inactive|freddop has 20 seconds left.\n|\n|t:|1776127046\n|move|p1a: Whimsicott|Helping Hand|p1b: Arcanine\n|-singleturn|p1b: Arcanine|Helping Hand|[of] p1a: Whimsicott\n|move|p1b: Arcanine|Rock Slide|p2a: Pelipper|[spread] p2a,p2b\n|-supereffective|p2a: Pelipper|1\n|-supereffective|p2b: Dragonite|1\n|-damage|p2a: Pelipper|16/100\n|-damage|p2b: Dragonite|63/100\n|cant|p2b: Dragonite|flinch\n|cant|p2a: Pelipper|flinch\n|\n|-weather|RainDance|[upkeep]\n|upkeep\n|turn|3\n|\n|t:|1776127066\n|switch|p2a: Sinistcha|Sinistcha, L50|100/100\n|-heal|p2b: Dragonite|88/100|[from] ability: Hospitality|[of] p2a: Sinistcha\n|move|p1b: Arcanine|Head Smash|p2b: Dragonite\n|-supereffective|p2b: Dragonite|1\n|-crit|p2b: Dragonite\n|-damage|p2b: Dragonite|0 fnt\n|faint|p2b: Dragonite\n|move|p1a: Whimsicott|Dazzling Gleam|p2a: Sinistcha\n|-damage|p2a: Sinistcha|63/100\n|\n|-weather|RainDance|[upkeep]\n|upkeep\n|inactive|Tinen has 30 seconds left.\n|inactive|Tinen has 20 seconds left.\n|\n|t:|1776127103\n|switch|p2b: Basculegion|Basculegion, L50, M|100/100\n|turn|4\n|inactive|freddop has 30 seconds left.\n|inactive|freddop has 20 seconds left.\n|inactive|freddop has 15 seconds left.\n|\n|t:|1776127145\n|move|p1a: Whimsicott|Protect|p1a: Whimsicott\n|-singleturn|p1a: Whimsicott|Protect\n|move|p2a: Sinistcha|Rage Powder|p2a: Sinistcha\n|-singleturn|p2a: Sinistcha|move: Rage Powder\n|move|p1b: Arcanine|Head Smash|p2a: Sinistcha\n|-damage|p2a: Sinistcha|0 fnt\n|faint|p2a: Sinistcha\n|move|p2b: Basculegion|Waterfall|p1b: Arcanine\n|-supereffective|p1b: Arcanine|2\n|-damage|p1b: Arcanine|0 fnt\n|faint|p1b: Arcanine\n|\n|-weather|RainDance|[upkeep]\n|-sideend|p1: freddop|move: Tailwind\n|upkeep\n|inactive|freddop has 30 seconds left.\n|\n|t:|1776127174\n|switch|p1b: Charizard|Charizard, L50, M, shiny|100/100\n|switch|p2a: Pelipper|Pelipper, L50, M|16/100\n|turn|5\n|\n|t:|1776127198\n|detailschange|p1b: Charizard|Charizard-Mega-Y, L50, M, shiny\n|-mega|p1b: Charizard|Charizard|Charizardite Y\n|-weather|SunnyDay|[from] ability: Drought|[of] p1b: Charizard\n|move|p1b: Charizard|Solar Beam||[still]\n|-prepare|p1b: Charizard|Solar Beam\n|-anim|p1b: Charizard|Solar Beam|p2b: Basculegion\n|-supereffective|p2b: Basculegion|1\n|-damage|p2b: Basculegion|0 fnt\n|faint|p2b: Basculegion\n|move|p1a: Whimsicott|Dazzling Gleam|p2a: Pelipper\n|-damage|p2a: Pelipper|0 fnt\n|faint|p2a: Pelipper\n|\n|win|freddop\n|raw|freddop's rating: 1000 &rarr; <strong>1040</strong><br />(+40 for winning)\n|raw|Tinen's rating: 1003 &rarr; <strong>1000</strong><br />(-3 for losing)\n",
  "uploadtime": 1776127198,
  "views": 9,
  "formatid": "gen9championsvgc2026regma",
  "rating": 1000,
  "private": 0,
  "password": null
}