{
  "id": "gen9championsvgc2026regma-2584992776",
  "format": "[Gen 9 Champions] VGC 2026 Reg M-A",
  "players": [
    "Reln",
    "Zzzzuwu"
  ],
  "log": "|j|\u2606Reln\n|j|\u2606Zzzzuwu\n|t:|1776301398\n|gametype|doubles\n|player|p1|Reln|psychic-gen4|\n|player|p2|Zzzzuwu|iris-gen5bw2|\n|gen|9\n|tier|[Gen 9 Champions] VGC 2026 Reg M-A\n|rule|Species Clause: Limit one of each Pok\u00e9mon\n|rule|Item Clause: Limit 1 of each item\n|clearpoke\n|poke|p1|Ariados, L50, M|\n|poke|p1|Scovillain, L50, M|\n|poke|p1|Aegislash, L50, F|\n|poke|p1|Emboar, L50, F|\n|poke|p1|Heracross, L50, F|\n|poke|p1|Talonflame, L50, M|\n|poke|p2|Scovillain, L50, M|\n|poke|p2|Ariados, L50, M|\n|poke|p2|Torkoal, L50, F|\n|poke|p2|Avalugg-Hisui, L50, F|\n|poke|p2|Espathra, L50, F|\n|poke|p2|Drampa, L50, M|\n|teampreview|4\n|inactive|Battle timer is ON: inactive players will automatically lose when time's up. (requested by Reln)\n|\n|t:|1776301409\n|teamsize|p1|4\n|teamsize|p2|4\n|start\n|switch|p1a: Yowzaaaa|Scovillain, L50, M|100/100\n|switch|p1b: Like my sword?|Aegislash, L50, F|100/100\n|switch|p2a: yeowch|Scovillain, L50, M|100/100\n|switch|p2b: local lesbian|Espathra, L50, F|100/100\n|turn|1\n|\n|t:|1776301419\n|move|p1a: Yowzaaaa|Spicy Extract|p1b: Like my sword?\n|-boost|p1b: Like my sword?|atk|2\n|-unboost|p1b: Like my sword?|def|2\n|move|p2b: local lesbian|Psychic Terrain|p2b: local lesbian\n|-fieldstart|move: Psychic Terrain\n|move|p2a: yeowch|Swagger|p1a: Yowzaaaa\n|-boost|p1a: Yowzaaaa|atk|2\n|-start|p1a: Yowzaaaa|confusion\n|move|p1b: Like my sword?|Swords Dance|p1b: Like my sword?\n|-boost|p1b: Like my sword?|atk|2\n|\n|-ability|p2b: local lesbian|Speed Boost|boost\n|-boost|p2b: local lesbian|spe|1\n|-ability|p2a: yeowch|Moody|boost\n|-boost|p2a: yeowch|spe|2\n|-unboost|p2a: yeowch|spa|1\n|upkeep\n|turn|2\n|inactive|Zzzzuwu has 30 seconds left.\n|\n|t:|1776301451\n|switch|p2b: good day sir|Drampa, L50, M|100/100\n|-ability|p2b: good day sir|Cloud Nine\n|-activate|p1a: Yowzaaaa|confusion\n|move|p1a: Yowzaaaa|Rage Powder|p1a: Yowzaaaa\n|-singleturn|p1a: Yowzaaaa|move: Rage Powder\n|move|p2a: yeowch|Swagger|p1b: Like my sword?|[miss]\n|-miss|p2a: yeowch|p1b: Like my sword?\n|-formechange|p1b: Like my sword?|Aegislash-Blade|\n|move|p1b: Like my sword?|Sacred Sword|p2a: yeowch\n|-damage|p2a: yeowch|0 fnt\n|faint|p2a: yeowch\n|\n|upkeep\n|\n|t:|1776301464\n|switch|p2a: HES BACK|Torkoal, L50, F|100/100\n|turn|3\n|\n|t:|1776301486\n|detailschange|p2b: good day sir|Drampa-Mega, L50, M\n|-mega|p2b: good day sir|Drampa|Drampanite\n|-activate|p1a: Yowzaaaa|confusion\n|-damage|p1a: Yowzaaaa|74/100|[from] confusion\n|move|p1b: Like my sword?|Sacred Sword|p2a: HES BACK\n|-damage|p2a: HES BACK|43/100\n|move|p2b: good day sir|Tri Attack|p1a: Yowzaaaa\n|-damage|p1a: Yowzaaaa|2/100\n|move|p2a: HES BACK|Eruption|p1a: Yowzaaaa|[spread] p1a,p1b\n|-supereffective|p1b: Like my sword?|1\n|-damage|p1a: Yowzaaaa|0 fnt\n|-damage|p1b: Like my sword?|53/100\n|faint|p1a: Yowzaaaa\n|\n|-heal|p1b: Like my sword?|59/100|[from] item: Leftovers\n|upkeep\n|\n|t:|1776301503\n|switch|p1a: Orro|Emboar, L50, F|100/100\n|turn|4\n|-activate|p2a: HES BACK|item: Quick Claw\n|\n|t:|1776301518\n|move|p2a: HES BACK|Eruption|p1b: Like my sword?|[spread] p1a,p1b\n|-resisted|p1a: Orro|1\n|-supereffective|p1b: Like my sword?|1\n|-damage|p1a: Orro|94/100\n|-damage|p1b: Like my sword?|12/100\n|move|p1a: Orro|Sunny Day|p1a: Orro\n|-weather|SunnyDay\n|move|p1b: Like my sword?|Sacred Sword|p2b: good day sir\n|-supereffective|p2b: good day sir|1\n|-damage|p2b: good day sir|0 fnt\n|faint|p2b: good day sir\n|\n|-weather|SunnyDay|[upkeep]\n|-heal|p1b: Like my sword?|18/100|[from] item: Leftovers\n|upkeep\n|\n|t:|1776301529\n|switch|p2b: local lesbian|Espathra, L50, F|100/100\n|turn|5\n|\n|t:|1776301537\n|detailschange|p1a: Orro|Emboar-Mega, L50, F\n|-mega|p1a: Orro|Emboar|Emboarite\n|-ability|p1a: Orro|Mold Breaker\n|move|p2b: local lesbian|Expanding Force|p1a: Orro|[spread] p1a,p1b\n|-supereffective|p1a: Orro|1\n|-resisted|p1b: Like my sword?|1\n|-damage|p1a: Orro|25/100\n|-damage|p1b: Like my sword?|0 fnt\n|faint|p1b: Like my sword?\n|move|p1a: Orro|Flare Blitz|p2b: local lesbian\n|-damage|p2b: local lesbian|0 fnt\n|faint|p2b: local lesbian\n|-damage|p1a: Orro|0 fnt|[from] Recoil\n|faint|p1a: Orro\n|move|p2a: HES BACK|Eruption|p1: Orro|[notarget]\n|-fail|p2a: HES BACK\n|\n|-weather|SunnyDay|[upkeep]\n|-fieldend|move: Psychic Terrain\n|upkeep\n|\n|t:|1776301552\n|switch|p1b: Isseni|Ariados, L50, M|100/100\n|turn|6\n|\n|t:|1776301560\n|move|p1b: Isseni|Protect|p1b: Isseni\n|-singleturn|p1b: Isseni|Protect\n|move|p2a: HES BACK|Eruption|p1b: Isseni\n|-activate|p1b: Isseni|move: Protect\n|\n|-weather|SunnyDay|[upkeep]\n|upkeep\n|turn|7\n|\n|t:|1776301566\n|move|p1b: Isseni|Cross Poison|p2a: HES BACK\n|-damage|p2a: HES BACK|24/100\n|move|p2a: HES BACK|Eruption|p1b: Isseni\n|-supereffective|p1b: Isseni|1\n|-crit|p1b: Isseni\n|-damage|p1b: Isseni|18/100\n|\n|-weather|SunnyDay|[upkeep]\n|upkeep\n|turn|8\n|-activate|p2a: HES BACK|item: Quick Claw\n|\n|t:|1776301575\n|move|p1b: Isseni|Protect|p1b: Isseni\n|-singleturn|p1b: Isseni|Protect\n|move|p2a: HES BACK|Eruption|p1b: Isseni\n|-activate|p1b: Isseni|move: Protect\n|\n|-weather|none\n|upkeep\n|turn|9\n|\n|t:|1776301582\n|move|p1b: Isseni|Cross Poison|p2a: HES BACK\n|-damage|p2a: HES BACK|3/100\n|move|p2a: HES BACK|Eruption|p1b: Isseni\n|-supereffective|p1b: Isseni|1\n|-damage|p1b: Isseni|12/100\n|\n|upkeep\n|turn|10\n|-activate|p2a: HES BACK|item: Quick Claw\n|\n|t:|1776301596\n|move|p1b: Isseni|Shadow Sneak|p2a: HES BACK\n|-damage|p2a: HES BACK|0 fnt\n|faint|p2a: HES BACK\n|\n|win|Reln\n|l|\u2606Reln\n|player|p1|\n|l|\u2606Zzzzuwu\n|player|p2|\n|j|\u2606Reln\n|player|p1|Reln|psychic-gen4|\n",
  "uploadtime": 1776301641,
  "views": 20,
  "formatid": "gen9championsvgc2026regma",
  "rating": null,
  "private": 0,
  "password": null
}