{
  "id": "gen9championsvgc2026regma-2582195900",
  "format": "[Gen 9 Champions] VGC 2026 Reg M-A",
  "players": [
    "Fefepokeman",
    "Rengas"
  ],
  "log": "|j|\u2606Fefepokeman\n|j|\u2606Rengas\n|t:|1776069987\n|gametype|doubles\n|player|p1|Fefepokeman|pokemaniac|\n|player|p2|Rengas|266|\n|gen|9\n|tier|[Gen 9 Champions] VGC 2026 Reg M-A\n|rule|Species Clause: Limit one of each Pok\u00e9mon\n|rule|Item Clause: Limit 1 of each item\n|clearpoke\n|poke|p1|Incineroar, L50, F|\n|poke|p1|Gengar, L50, F|\n|poke|p1|Sinistcha, L50|\n|poke|p1|Kingambit, L50, M|\n|poke|p1|Tyranitar, L50, F|\n|poke|p1|Kommo-o, L50, F|\n|poke|p2|Lopunny, L50, F|\n|poke|p2|Gardevoir, L50, F|\n|poke|p2|Tinkaton, L50, F|\n|poke|p2|Meowscarada, L50, F|\n|poke|p2|Noivern, L50, M|\n|poke|p2|Umbreon, L50, M|\n|teampreview|4\nRengas has agreed to open team sheets.\n|\n|t:|1776070049\n|teamsize|p1|4\n|teamsize|p2|4\n|start\n|switch|p1a: Gengar|Gengar, L50, F, shiny|100/100\n|switch|p1b: Sinistcha|Sinistcha, L50|100/100\n|switch|p2a: Lopunny|Lopunny, L50, F, shiny|100/100\n|switch|p2b: Tinkaton|Tinkaton, L50, F, shiny|100/100\n|turn|1\n|\n|t:|1776070172\n|detailschange|p1a: Gengar|Gengar-Mega, L50, F, shiny\n|-mega|p1a: Gengar|Gengar|Gengarite\n|detailschange|p2a: Lopunny|Lopunny-Mega, L50, F, shiny\n|-mega|p2a: Lopunny|Lopunny|Lopunnite\n|move|p2a: Lopunny|Triple Axel|p1b: Sinistcha\n|-supereffective|p1b: Sinistcha|1\n|-damage|p1b: Sinistcha|86/100\n|-supereffective|p1b: Sinistcha|1\n|-damage|p1b: Sinistcha|59/100\n|-supereffective|p1b: Sinistcha|1\n|-damage|p1b: Sinistcha|21/100\n|-enditem|p1b: Sinistcha|Sitrus Berry|[eat]\n|-heal|p1b: Sinistcha|46/100|[from] item: Sitrus Berry\n|-hitcount|p1b: Sinistcha|3\n|move|p1a: Gengar|Perish Song|p1a: Gengar\n|-start|p1a: Gengar|perish3|[silent]\n|-start|p1b: Sinistcha|perish3|[silent]\n|-start|p2a: Lopunny|perish3|[silent]\n|-start|p2b: Tinkaton|perish3|[silent]\n|-fieldactivate|move: Perish Song\n|move|p2b: Tinkaton|Gigaton Hammer|p1a: Gengar\n|-crit|p1a: Gengar\n|-damage|p1a: Gengar|3/100\n|move|p1b: Sinistcha|Matcha Gotcha|p2a: Lopunny|[spread] p2a,p2b\n|-resisted|p2b: Tinkaton|1\n|-damage|p2a: Lopunny|68/100\n|-heal|p1b: Sinistcha|60/100|[from] drain|[of] p2a: Lopunny\n|-damage|p2b: Tinkaton|87/100\n|-heal|p1b: Sinistcha|66/100|[from] drain|[of] p2b: Tinkaton\n|\n|-start|p2a: Lopunny|perish3\n|-start|p1a: Gengar|perish3\n|-start|p2b: Tinkaton|perish3\n|-start|p1b: Sinistcha|perish3\n|upkeep\n|turn|2\n|\n|t:|1776070227\n|switch|p1b: Kingambit|Kingambit, L50, M|100/100\n|move|p1a: Gengar|Protect|p1a: Gengar\n|-singleturn|p1a: Gengar|Protect\n|move|p2b: Tinkaton|Feint|p1a: Gengar\n|-immune|p1a: Gengar\n|move|p2a: Lopunny|Triple Axel|p1b: Kingambit\n|-resisted|p1b: Kingambit|1\n|-damage|p1b: Kingambit|98/100\n|-resisted|p1b: Kingambit|1\n|-damage|p1b: Kingambit|92/100\n|-hitcount|p1b: Kingambit|2\n|\n|-start|p2a: Lopunny|perish2\n|-start|p1a: Gengar|perish2\n|-start|p2b: Tinkaton|perish2\n|upkeep\n|turn|3\n|\n|t:|1776070266\n|switch|p1a: Sinistcha|Sinistcha, L50|66/100\n|-heal|p1b: Kingambit|100/100|[from] ability: Hospitality|[of] p1a: Sinistcha\n|move|p1b: Kingambit|Protect|p1b: Kingambit\n|-singleturn|p1b: Kingambit|Protect\n|move|p2a: Lopunny|Close Combat|p1b: Kingambit\n|-activate|p1b: Kingambit|move: Protect\n|move|p2b: Tinkaton|Gigaton Hammer|p1a: Sinistcha\n|-damage|p1a: Sinistcha|17/100\n|\n|-start|p2a: Lopunny|perish1\n|-start|p2b: Tinkaton|perish1\n|upkeep\n|turn|4\n|\n|t:|1776070306\n|switch|p2a: Gardevoir|Gardevoir, L50, F, shiny|100/100\n|-ability|p2a: Gardevoir|Hospitality|Trace|[from] ability: Trace|[of] p1a: Sinistcha\n|-heal|p2b: Tinkaton|100/100|[from] ability: Hospitality|[of] p2a: Gardevoir\n|switch|p2b: Umbreon|Umbreon, L50, M, shiny|100/100\n|switch|p1b: Gengar|Gengar-Mega, L50, F, shiny|3/100\n|move|p1a: Sinistcha|Life Dew|p1a: Sinistcha|[spread] p1a,p1b\n|-heal|p1a: Sinistcha|42/100\n|-heal|p1b: Gengar|28/100\n|\n|upkeep\n|turn|5\n|\n|t:|1776070368\n|move|p1a: Sinistcha|Rage Powder|p1a: Sinistcha\n|-singleturn|p1a: Sinistcha|move: Rage Powder\n|move|p2a: Gardevoir|Icy Wind|p1a: Sinistcha|[spread] p1a,p1b\n|-supereffective|p1a: Sinistcha|1\n|-damage|p1a: Sinistcha|11/100\n|-damage|p1b: Gengar|11/100\n|-unboost|p1a: Sinistcha|spe|1\n|-unboost|p1b: Gengar|spe|1\n|move|p1b: Gengar|Perish Song|p1b: Gengar\n|-start|p1a: Sinistcha|perish3|[silent]\n|-start|p1b: Gengar|perish3|[silent]\n|-start|p2a: Gardevoir|perish3|[silent]\n|-start|p2b: Umbreon|perish3|[silent]\n|-fieldactivate|move: Perish Song\n|move|p2b: Umbreon|Light Screen|p2b: Umbreon\n|-sidestart|p2: Rengas|move: Light Screen\n|\n|-start|p2a: Gardevoir|perish3\n|-start|p1b: Gengar|perish3\n|-start|p2b: Umbreon|perish3\n|-start|p1a: Sinistcha|perish3\n|upkeep\n|turn|6\n|\n|t:|1776070394\n|switch|p1a: Kingambit|Kingambit, L50, M|100/100\n|move|p1b: Gengar|Protect|p1b: Gengar\n|-singleturn|p1b: Gengar|Protect\n|move|p2a: Gardevoir|Icy Wind|p1b: Gengar|[spread] p1a\n|-activate|p1b: Gengar|move: Protect\n|-resisted|p1a: Kingambit|1\n|-damage|p1a: Kingambit|93/100\n|-unboost|p1a: Kingambit|spe|1\n|-ability|p1a: Kingambit|Defiant|boost\n|-boost|p1a: Kingambit|atk|2\n|move|p2b: Umbreon|Foul Play|p1a: Kingambit\n|-resisted|p1a: Kingambit|1\n|-damage|p1a: Kingambit|57/100\n|\n|-start|p2a: Gardevoir|perish2\n|-start|p1b: Gengar|perish2\n|-start|p2b: Umbreon|perish2\n|upkeep\n|turn|7\n|\n|t:|1776070444\n|switch|p1b: Sinistcha|Sinistcha, L50|11/100\n|-heal|p1a: Kingambit|81/100|[from] ability: Hospitality|[of] p1b: Sinistcha\n|move|p2a: Gardevoir|Icy Wind|p1a: Kingambit|[spread] p1b\n|-miss|p2a: Gardevoir|p1a: Kingambit\n|-supereffective|p1b: Sinistcha|1\n|-damage|p1b: Sinistcha|0 fnt\n|faint|p1b: Sinistcha\n|move|p2b: Umbreon|Foul Play|p1a: Kingambit\n|-resisted|p1a: Kingambit|1\n|-damage|p1a: Kingambit|42/100\n|move|p1a: Kingambit|Low Kick|p2b: Umbreon\n|-supereffective|p2b: Umbreon|1\n|-damage|p2b: Umbreon|28/100\n|-enditem|p2b: Umbreon|Sitrus Berry|[eat]\n|-heal|p2b: Umbreon|53/100|[from] item: Sitrus Berry\n|\n|-start|p2a: Gardevoir|perish1\n|-start|p2b: Umbreon|perish1\n|upkeep\n|\n|t:|1776070458\n|switch|p1b: Gengar|Gengar-Mega, L50, F, shiny|11/100\n|turn|8\n|\n|t:|1776070489\n|move|p1b: Gengar|Protect|p1b: Gengar\n|-singleturn|p1b: Gengar|Protect\n|move|p1a: Kingambit|Protect|p1a: Kingambit\n|-singleturn|p1a: Kingambit|Protect\n|move|p2a: Gardevoir|Icy Wind|p1a: Kingambit|[spread] \n|-activate|p1a: Kingambit|move: Protect\n|-activate|p1b: Gengar|move: Protect\n|move|p2b: Umbreon|Foul Play|p1a: Kingambit\n|-activate|p1a: Kingambit|move: Protect\n|\n|-start|p2a: Gardevoir|perish0\n|-start|p2b: Umbreon|perish0\n|faint|p2a: Gardevoir\n|faint|p2b: Umbreon\n|upkeep\n|\n|t:|1776070502\n|switch|p2a: Tinkaton|Tinkaton, L50, F, shiny|100/100\n|switch|p2b: Lopunny|Lopunny-Mega, L50, F, shiny|68/100\n|turn|9\n|\n|t:|1776070560\n|switch|p1b: Kommo-o|Kommo-o, L50, F|100/100\n|move|p2a: Tinkaton|Fake Out|p1b: Kommo-o\n|-damage|p1b: Kommo-o|91/100\n|move|p2b: Lopunny|Close Combat|p1a: Kingambit\n|-supereffective|p1a: Kingambit|2\n|-enditem|p1a: Kingambit|Chople Berry|[eat]\n|-enditem|p1a: Kingambit|Chople Berry|[weaken]\n|-damage|p1a: Kingambit|0 fnt\n|-unboost|p2b: Lopunny|def|1\n|-unboost|p2b: Lopunny|spd|1\n|faint|p1a: Kingambit\n|\n|-heal|p1b: Kommo-o|97/100|[from] item: Leftovers\n|-sideend|p2: Rengas|move: Light Screen\n|upkeep\n|\n|t:|1776070569\n|switch|p1a: Gengar|Gengar-Mega, L50, F, shiny|11/100\n|turn|10\n|\n|t:|1776070632\n|move|p1a: Gengar|Protect|p1a: Gengar\n|-singleturn|p1a: Gengar|Protect\n|move|p2b: Lopunny|Triple Axel|p1b: Kommo-o\n|-supereffective|p1b: Kommo-o|1\n|-damage|p1b: Kommo-o|81/100\n|-supereffective|p1b: Kommo-o|1\n|-damage|p1b: Kommo-o|51/100\n|-supereffective|p1b: Kommo-o|1\n|-damage|p1b: Kommo-o|10/100\n|-hitcount|p1b: Kommo-o|3\n|move|p2a: Tinkaton|Gigaton Hammer|p1a: Gengar\n|-activate|p1a: Gengar|move: Protect\n|move|p1b: Kommo-o|Aura Sphere|p2b: Lopunny\n|-supereffective|p2b: Lopunny|1\n|-damage|p2b: Lopunny|0 fnt\n|faint|p2b: Lopunny\n|\n|-heal|p1b: Kommo-o|16/100|[from] item: Leftovers\n|upkeep\n|turn|11\n|\n|t:|1776070706\n|move|p2a: Tinkaton|Feint|p1b: Kommo-o\n|-damage|p1b: Kommo-o|8/100\n|move|p1a: Gengar|Perish Song|p1a: Gengar\n|-start|p1a: Gengar|perish3|[silent]\n|-immune|p1b: Kommo-o|[from] ability: Soundproof\n|-start|p2a: Tinkaton|perish3|[silent]\n|-fieldactivate|move: Perish Song\n|move|p1b: Kommo-o|Aura Sphere|p2a: Tinkaton\n|-damage|p2a: Tinkaton|57/100\n|\n|-heal|p1b: Kommo-o|14/100|[from] item: Leftovers\n|-start|p1a: Gengar|perish3\n|-start|p2a: Tinkaton|perish3\n|upkeep\n|turn|12\n|\n|t:|1776070726\n|move|p1a: Gengar|Protect|p1a: Gengar\n|-singleturn|p1a: Gengar|Protect\n|move|p1b: Kommo-o|Protect|p1b: Kommo-o\n|-singleturn|p1b: Kommo-o|Protect\n|move|p2a: Tinkaton|Feint|p1b: Kommo-o\n|-activate|p1b: Kommo-o|move: Feint\n|-damage|p1b: Kommo-o|6/100\n|\n|-heal|p1b: Kommo-o|12/100|[from] item: Leftovers\n|-start|p1a: Gengar|perish2\n|-start|p2a: Tinkaton|perish2\n|upkeep\n|turn|13\n|\n|t:|1776070741\n|move|p1a: Gengar|Shadow Ball|p2a: Tinkaton\n|-damage|p2a: Tinkaton|11/100\n|move|p2a: Tinkaton|Gigaton Hammer|p1a: Gengar\n|-damage|p1a: Gengar|0 fnt\n|faint|p1a: Gengar\n|move|p1b: Kommo-o|Aura Sphere|p2a: Tinkaton\n|-damage|p2a: Tinkaton|0 fnt\n|faint|p2a: Tinkaton\n|\n|win|Fefepokeman\n",
  "uploadtime": 1776070758,
  "views": 17,
  "formatid": "gen9championsvgc2026regma",
  "rating": null,
  "private": 0,
  "password": null
}