{
  "id": "gen9championsvgc2026regma-2582419087",
  "format": "[Gen 9 Champions] VGC 2026 Reg M-A",
  "players": [
    "blackred123",
    "iccr"
  ],
  "log": "|j|\u2606blackred123\n|j|\u2606iccr\n|t:|1776090444\n|gametype|doubles\n|player|p1|blackred123|iono-masters|1122\n|player|p2|iccr|1|1046\n|gen|9\n|tier|[Gen 9 Champions] VGC 2026 Reg M-A\n|rated|\n|rule|Species Clause: Limit one of each Pok\u00e9mon\n|rule|Item Clause: Limit 1 of each item\n|clearpoke\n|poke|p1|Tyranitar, L50, F|\n|poke|p1|Excadrill, L50, F|\n|poke|p1|Conkeldurr, L50, M|\n|poke|p1|Kingambit, L50, M|\n|poke|p1|Milotic, L50, M|\n|poke|p1|Arcanine-Hisui, L50, F|\n|poke|p2|Pelipper, L50, M|\n|poke|p2|Basculegion-F, L50, F|\n|poke|p2|Starmie, L50|\n|poke|p2|Dragonite, L50, M|\n|poke|p2|Archaludon, L50, M|\n|poke|p2|Sneasler, L50, M|\n|teampreview|4\n|inactive|Battle timer is ON: inactive players will automatically lose when time's up. (requested by iccr)\n|inactive|blackred123 also wants the timer to be on.\n|inactive|blackred123 has 60 seconds left.\n|\n|t:|1776090504\n|teamsize|p1|4\n|teamsize|p2|4\n|start\n|switch|p1a: Conkeldurr|Conkeldurr, L50, M|100/100\n|switch|p1b: Arcanine|Arcanine-Hisui, L50, F|100/100\n|switch|p2a: Archaludon|Archaludon, L50, M|100/100\n|switch|p2b: Sneasler|Sneasler, L50, M|100/100\n|-ability|p1b: Arcanine|Intimidate|boost\n|-unboost|p2a: Archaludon|atk|1\n|-unboost|p2b: Sneasler|atk|1\n|-enditem|p2b: Sneasler|White Herb\n|-clearnegativeboost|p2b: Sneasler|[silent]\n|turn|1\n|\n|t:|1776090515\n|move|p1b: Arcanine|Protect|p1b: Arcanine\n|-singleturn|p1b: Arcanine|Protect\n|move|p2b: Sneasler|Fake Out|p1a: Conkeldurr\n|-damage|p1a: Conkeldurr|88/100\n|move|p2a: Archaludon|Flash Cannon|p1b: Arcanine\n|-activate|p1b: Arcanine|move: Protect\n|cant|p1a: Conkeldurr|flinch\n|\n|upkeep\n|turn|2\n|\n|t:|1776090536\n|move|p2a: Archaludon|Protect|p2a: Archaludon\n|-singleturn|p2a: Archaludon|Protect\n|move|p2b: Sneasler|Close Combat|p1b: Arcanine\n|-supereffective|p1b: Arcanine|1\n|-damage|p1b: Arcanine|0 fnt\n|-unboost|p2b: Sneasler|def|1\n|-unboost|p2b: Sneasler|spd|1\n|faint|p1b: Arcanine\n|move|p1a: Conkeldurr|Hammer Arm|p2b: Sneasler\n|-resisted|p2b: Sneasler|1\n|-damage|p2b: Sneasler|15/100\n|-unboost|p1a: Conkeldurr|spe|1\n|\n|upkeep\n|\n|t:|1776090542\n|switch|p1b: Tyranitar|Tyranitar, L50, F|100/100\n|-weather|Sandstorm|[from] ability: Sand Stream|[of] p1b: Tyranitar\n|turn|3\n|inactive|blackred123 has 30 seconds left.\n|inactive|iccr has 30 seconds left.\n|\n|t:|1776090569\n|switch|p2b: Pelipper|Pelipper, L50, M|100/100\n|-weather|RainDance|[from] ability: Drizzle|[of] p2b: Pelipper\n|detailschange|p1b: Tyranitar|Tyranitar-Mega, L50, F\n|-mega|p1b: Tyranitar|Tyranitar|Tyranitarite\n|-weather|Sandstorm|[from] ability: Sand Stream|[of] p1b: Tyranitar\n|move|p2a: Archaludon|Flash Cannon|p1b: Tyranitar\n|-supereffective|p1b: Tyranitar|1\n|-damage|p1b: Tyranitar|62/100\n|-unboost|p1b: Tyranitar|spd|1\n|move|p1b: Tyranitar|Rock Slide|p2b: Pelipper|[spread] p2a,p2b\n|-resisted|p2a: Archaludon|1\n|-supereffective|p2b: Pelipper|1\n|-damage|p2a: Archaludon|84/100\n|-enditem|p2b: Pelipper|Focus Sash\n|-damage|p2b: Pelipper|1/100\n|move|p1a: Conkeldurr|Hammer Arm|p2a: Archaludon\n|-supereffective|p2a: Archaludon|1\n|-damage|p2a: Archaludon|0 fnt\n|-unboost|p1a: Conkeldurr|spe|1\n|faint|p2a: Archaludon\n|\n|-weather|Sandstorm|[upkeep]\n|-damage|p2b: Pelipper|0 fnt|[from] Sandstorm\n|-damage|p1a: Conkeldurr|82/100|[from] Sandstorm\n|faint|p2b: Pelipper\n|upkeep\n|\n|t:|1776090584\n|switch|p2a: Starmie|Starmie, L50, shiny|100/100\n|switch|p2b: Sneasler|Sneasler, L50, M|15/100\n|turn|4\n|\n|t:|1776090598\n|switch|p1b: Excadrill|Excadrill, L50, F|100/100\n|detailschange|p2a: Starmie|Starmie-Mega, L50, shiny\n|-mega|p2a: Starmie|Starmie|Starminite\n|move|p2b: Sneasler|Fake Out|p1a: Conkeldurr\n|-damage|p1a: Conkeldurr|70/100\n|move|p2a: Starmie|Liquidation|p1b: Excadrill\n|-supereffective|p1b: Excadrill|1\n|-enditem|p1b: Excadrill|Focus Sash\n|-damage|p1b: Excadrill|1/100\n|cant|p1a: Conkeldurr|flinch\n|\n|-weather|Sandstorm|[upkeep]\n|-damage|p2b: Sneasler|10/100|[from] Sandstorm\n|-damage|p2a: Starmie|95/100|[from] Sandstorm\n|-damage|p1a: Conkeldurr|64/100|[from] Sandstorm\n|upkeep\n|turn|5\n|\n|t:|1776090614\n|move|p2a: Starmie|Aqua Jet|p1b: Excadrill\n|-supereffective|p1b: Excadrill|1\n|-damage|p1b: Excadrill|0 fnt\n|faint|p1b: Excadrill\n|move|p2b: Sneasler|Acrobatics|p1a: Conkeldurr\n|-supereffective|p1a: Conkeldurr|1\n|-damage|p1a: Conkeldurr|0 fnt\n|faint|p1a: Conkeldurr\n|\n|-weather|Sandstorm|[upkeep]\n|-damage|p2b: Sneasler|4/100|[from] Sandstorm\n|-damage|p2a: Starmie|89/100|[from] Sandstorm\n|upkeep\n|\n|t:|1776090619\n|switch|p1b: Tyranitar|Tyranitar-Mega, L50, F|62/100\n|turn|6\n|\n|t:|1776090624\n|move|p1b: Tyranitar|Protect|p1b: Tyranitar\n|-singleturn|p1b: Tyranitar|Protect\n|move|p2b: Sneasler|Close Combat|p1b: Tyranitar\n|-activate|p1b: Tyranitar|move: Protect\n|move|p2a: Starmie|Liquidation|p1b: Tyranitar\n|-activate|p1b: Tyranitar|move: Protect\n|\n|-weather|Sandstorm|[upkeep]\n|-damage|p2b: Sneasler|0 fnt|[from] Sandstorm\n|-damage|p2a: Starmie|83/100|[from] Sandstorm\n|faint|p2b: Sneasler\n|upkeep\n|turn|7\n|\n|t:|1776090635\n|move|p2a: Starmie|Liquidation|p1b: Tyranitar\n|-supereffective|p1b: Tyranitar|1\n|-damage|p1b: Tyranitar|0 fnt\n|faint|p1b: Tyranitar\n|\n|win|iccr\n|raw|blackred123's rating: 1122 &rarr; <strong>1092</strong><br />(-30 for losing)\n|raw|iccr's rating: 1046 &rarr; <strong>1086</strong><br />(+40 for winning)\n",
  "uploadtime": 1776090641,
  "views": 17,
  "formatid": "gen9championsvgc2026regma",
  "rating": 1086,
  "private": 0,
  "password": null
}