{
  "id": "gen9championsvgc2026regma-2588080036",
  "format": "[Gen 9 Champions] VGC 2026 Reg M-A",
  "players": [
    "kourba",
    "thewincondition"
  ],
  "log": "|j|\u2606kourba\n|j|\u2606thewincondition\n|t:|1776601930\n|gametype|doubles\n|player|p1|kourba|170|1035\n|player|p2|thewincondition|iris-gen5bw2|1000\n|gen|9\n|tier|[Gen 9 Champions] VGC 2026 Reg M-A\n|rated|\n|rule|Species Clause: Limit one of each Pok\u00e9mon\n|rule|Item Clause: Limit 1 of each item\n|clearpoke\n|poke|p1|Incineroar, L50, M, shiny|\n|poke|p1|Oranguru, L50, F, shiny|\n|poke|p1|Toucannon, L50, F, shiny|\n|poke|p1|Drampa, L50, F, shiny|\n|poke|p1|Araquanid, L50, M, shiny|\n|poke|p1|Audino, L50, F, shiny|\n|poke|p2|Floette-Eternal, L50, F|\n|poke|p2|Whimsicott, L50, M|\n|poke|p2|Incineroar, L50, F|\n|poke|p2|Sneasler, L50, F|\n|poke|p2|Sinistcha, L50|\n|poke|p2|Gengar, L50, M|\n|teampreview|4\n|inactive|Battle timer is ON: inactive players will automatically lose when time's up. (requested by thewincondition)\nthewincondition has agreed to open team sheets.\n|\n|t:|1776601944\n|teamsize|p1|4\n|teamsize|p2|4\n|start\n|switch|p1a: Manke|Oranguru, L50, F, shiny|100/100\n|switch|p1b: Hrissa|Incineroar, L50, M, shiny|100/100\n|switch|p2a: Whimsicott|Whimsicott, L50, M|100/100\n|switch|p2b: Incineroar|Incineroar, L50, F|100/100\n|-ability|p2b: Incineroar|Intimidate|boost\n|-fail|p1a: Manke|unboost|Attack|[from] ability: Inner Focus|[of] p1a: Manke\n|-unboost|p1b: Hrissa|atk|1\n|-ability|p1b: Hrissa|Intimidate|boost\n|-unboost|p2a: Whimsicott|atk|1\n|-unboost|p2b: Incineroar|atk|1\n|turn|1\n|\n|t:|1776601956\n|move|p2b: Incineroar|Fake Out|p1a: Manke\n|-damage|p1a: Manke|93/100\n|move|p1b: Hrissa|Fake Out|p2b: Incineroar\n|-damage|p2b: Incineroar|94/100\n|move|p2a: Whimsicott|Tailwind|p2a: Whimsicott\n|-sidestart|p2: thewincondition|move: Tailwind\n|move|p1a: Manke|Trick Room|p1a: Manke\n|-fieldstart|move: Trick Room|[of] p1a: Manke\n|\n|upkeep\n|turn|2\n|\n|t:|1776601967\n|move|p1a: Manke|Protect|p1a: Manke\n|-singleturn|p1a: Manke|Protect\n|move|p2a: Whimsicott|Encore|p1a: Manke\n|-activate|p1a: Manke|move: Protect\n|move|p1b: Hrissa|Flare Blitz|p2a: Whimsicott\n|-supereffective|p2a: Whimsicott|1\n|-damage|p2a: Whimsicott|32/100\n|-damage|p1b: Hrissa|82/100|[from] Recoil\n|move|p2b: Incineroar|Parting Shot|p1b: Hrissa\n|-unboost|p1b: Hrissa|atk|1\n|-unboost|p1b: Hrissa|spa|1\n|\n|t:|1776601975\n|switch|p2b: Floette|Floette-Eternal, L50, F|100/100|[from] Parting Shot\n|\n|upkeep\n|turn|3\n|\n|t:|1776601991\n|switch|p1a: Araquanid|Araquanid, L50, M, shiny|100/100\n|detailschange|p2b: Floette|Floette-Mega, L50, F\n|-mega|p2b: Floette|Floette|Floettite\n|-ability|p2b: Floette|Fairy Aura\n|move|p2a: Whimsicott|Encore||[still]\n|-fail|p2a: Whimsicott\n|move|p1b: Hrissa|Parting Shot|p2b: Floette\n|-unboost|p2b: Floette|atk|1\n|-unboost|p2b: Floette|spa|1\n|\n|t:|1776602003\n|switch|p1b: Manke|Oranguru, L50, F, shiny|93/100|[from] Parting Shot\n|move|p2b: Floette|Dazzling Gleam|p1b: Manke|[spread] p1a,p1b\n|-damage|p1a: Araquanid|74/100\n|-damage|p1b: Manke|74/100\n|\n|upkeep\n|turn|4\n|\n|t:|1776602020\n|move|p1a: Araquanid|Liquidation|p2b: Floette\n|-damage|p2b: Floette|0 fnt\n|faint|p2b: Floette\n|move|p1b: Manke|Instruct|p1a: Araquanid\n|-singleturn|p1a: Araquanid|move: Instruct|[of] p1b: Manke\n|move|p1a: Araquanid|Liquidation|p2a: Whimsicott\n|-resisted|p2a: Whimsicott|1\n|-damage|p2a: Whimsicott|0 fnt\n|faint|p2a: Whimsicott\n|\n|-sideend|p2: thewincondition|move: Tailwind\n|upkeep\n|\n|t:|1776602025\n|switch|p2a: Incineroar|Incineroar, L50, F|94/100\n|switch|p2b: Sneasler|Sneasler, L50, F|100/100\n|-ability|p2a: Incineroar|Intimidate|boost\n|-unboost|p1a: Araquanid|atk|1\n|-fail|p1b: Manke|unboost|Attack|[from] ability: Inner Focus|[of] p1b: Manke\n|turn|5\n|\n|t:|1776602041\n|move|p1a: Araquanid|Protect|p1a: Araquanid\n|-singleturn|p1a: Araquanid|Protect\n|move|p1b: Manke|Protect|p1b: Manke\n|-singleturn|p1b: Manke|Protect\n|move|p2a: Incineroar|Parting Shot|p1b: Manke\n|-activate|p1b: Manke|move: Protect\n|move|p2b: Sneasler|Swords Dance|p2b: Sneasler\n|-boost|p2b: Sneasler|atk|2\n|\n|-fieldend|move: Trick Room\n|upkeep\n|turn|6\n|\n|t:|1776602060\n|switch|p1a: Hrissa|Incineroar, L50, M, shiny|82/100\n|-ability|p1a: Hrissa|Intimidate|boost\n|-unboost|p2a: Incineroar|atk|1\n|-unboost|p2b: Sneasler|atk|1\n|move|p2b: Sneasler|Close Combat|p1b: Manke\n|-damage|p1b: Manke|0 fnt\n|-unboost|p2b: Sneasler|def|1\n|-unboost|p2b: Sneasler|spd|1\n|faint|p1b: Manke\n|move|p2a: Incineroar|Parting Shot|p1a: Hrissa\n|-unboost|p1a: Hrissa|atk|1\n|-unboost|p1a: Hrissa|spa|1\n|\n|upkeep\n|\n|t:|1776602068\n|switch|p1b: Araquanid|Araquanid, L50, M, shiny|74/100\n|turn|7\n|\n|t:|1776602077\n|move|p1a: Hrissa|Fake Out|p2b: Sneasler\n|-damage|p2b: Sneasler|79/100\n|cant|p2b: Sneasler|flinch\n|move|p2a: Incineroar|Parting Shot|p1b: Araquanid\n|-unboost|p1b: Araquanid|atk|1\n|-unboost|p1b: Araquanid|spa|1\n|move|p1b: Araquanid|Liquidation|p2a: Incineroar\n|-supereffective|p2a: Incineroar|1\n|-damage|p2a: Incineroar|24/100\n|\n|upkeep\n|turn|8\n|\n|t:|1776602093\n|switch|p1a: Audino|Audino, L50, F, shiny|100/100\n|move|p1b: Araquanid|Protect|p1b: Araquanid\n|-singleturn|p1b: Araquanid|Protect\n|move|p2b: Sneasler|Acrobatics|p1b: Araquanid\n|-activate|p1b: Araquanid|move: Protect\n|move|p2a: Incineroar|Flare Blitz|p1a: Audino\n|-damage|p1a: Audino|74/100\n|-damage|p2a: Incineroar|16/100|[from] Recoil\n|\n|upkeep\n|turn|9\n|\n|t:|1776602109\n|switch|p1a: Hrissa|Incineroar, L50, M, shiny|82/100\n|-ability|p1a: Hrissa|Intimidate|boost\n|-unboost|p2a: Incineroar|atk|1\n|-unboost|p2b: Sneasler|atk|1\n|move|p2b: Sneasler|Acrobatics|p1b: Araquanid\n|-supereffective|p1b: Araquanid|1\n|-damage|p1b: Araquanid|36/100\n|move|p2a: Incineroar|Flare Blitz|p1a: Hrissa\n|-resisted|p1a: Hrissa|1\n|-damage|p1a: Hrissa|71/100\n|-damage|p2a: Incineroar|12/100|[from] Recoil\n|move|p1b: Araquanid|Liquidation|p2b: Sneasler\n|-damage|p2b: Sneasler|0 fnt\n|faint|p2b: Sneasler\n|\n|upkeep\n|turn|10\n|-message|thewincondition forfeited.\n|\n|win|kourba\n|raw|kourba's rating: 1035 &rarr; <strong>1066</strong><br />(+31 for winning)\n|raw|thewincondition's rating: 1000 &rarr; <strong>1000</strong><br />(+0 for losing)\n|l|\u2606thewincondition\n|player|p2|\n",
  "uploadtime": 1776602130,
  "views": 20,
  "formatid": "gen9championsvgc2026regma",
  "rating": 1000,
  "private": 0,
  "password": null
}