{
  "id": "gen9championsvgc2026regma-2582004936",
  "format": "[Gen 9 Champions] VGC 2026 Reg M-A",
  "players": [
    "CisxixDY",
    "ToranVGC"
  ],
  "log": "|j|\u2606CisxixDY\n|j|\u2606ToranVGC\n|t:|1776047548\n|gametype|doubles\n|player|p1|CisxixDY|2|1125\n|player|p2|ToranVGC|supernerd|1105\n|gen|9\n|tier|[Gen 9 Champions] VGC 2026 Reg M-A\n|rated|\n|rule|Species Clause: Limit one of each Pok\u00e9mon\n|rule|Item Clause: Limit 1 of each item\n|clearpoke\n|poke|p1|Whimsicott, L50, F|\n|poke|p1|Sneasler, L50, F|\n|poke|p1|Milotic, L50, M|\n|poke|p1|Incineroar, L50, M|\n|poke|p1|Ninetales-Alola, L50, M|\n|poke|p1|Gallade, L50, M|\n|poke|p2|Floette-Eternal, L50, F|\n|poke|p2|Maushold-Four, L50|\n|poke|p2|Aerodactyl, L50, F|\n|poke|p2|Incineroar, L50, F|\n|poke|p2|Garchomp, L50, M|\n|poke|p2|Delphox, L50, M|\n|teampreview|4\n|c|\u2606ToranVGC|did we play earlier?\n|c|\u2606ToranVGC|or is this a team thats prevalent?\n|\n|t:|1776047622\n|teamsize|p1|4\n|teamsize|p2|4\n|start\n|switch|p1a: Milotic|Milotic, L50, M|100/100\n|switch|p1b: Sneasler|Sneasler, L50, F|100/100\n|switch|p2a: Floette|Floette-Eternal, L50, F|100/100\n|switch|p2b: Maushold|Maushold-Four, L50|100/100\n|turn|1\n|inactive|Battle timer is ON: inactive players will automatically lose when time's up. (requested by CisxixDY)\n|\n|t:|1776047642\n|move|p2b: Maushold|Protect|p2b: Maushold\n|-singleturn|p2b: Maushold|Protect\n|move|p2a: Floette|Protect|p2a: Floette\n|-singleturn|p2a: Floette|Protect\n|move|p1b: Sneasler|Close Combat|p2b: Maushold\n|-activate|p2b: Maushold|move: Protect\n|move|p1a: Milotic|Scald|p2a: Floette\n|-activate|p2a: Floette|move: Protect\n|\n|upkeep\n|turn|2\n|inactive|ToranVGC has 30 seconds left.\n|inactive|ToranVGC has 20 seconds left.\n|inactive|ToranVGC has 15 seconds left.\n|inactive|ToranVGC has 10 seconds left.\n|\n|t:|1776047687\n|detailschange|p2a: Floette|Floette-Mega, L50, F\n|-mega|p2a: Floette|Floette|Floettite\n|-ability|p2a: Floette|Fairy Aura\n|move|p2b: Maushold|Follow Me|p2b: Maushold\n|-singleturn|p2b: Maushold|move: Follow Me\n|move|p1b: Sneasler|Close Combat|p2b: Maushold\n|-supereffective|p2b: Maushold|1\n|-enditem|p2b: Maushold|Chople Berry|[eat]\n|-enditem|p2b: Maushold|Chople Berry|[weaken]\n|-damage|p2b: Maushold|10/100\n|-unboost|p1b: Sneasler|def|1\n|-unboost|p1b: Sneasler|spd|1\n|-enditem|p1b: Sneasler|White Herb\n|-clearnegativeboost|p1b: Sneasler|[silent]\n|move|p2a: Floette|Calm Mind|p2a: Floette\n|-boost|p2a: Floette|spa|1\n|-boost|p2a: Floette|spd|1\n|move|p1a: Milotic|Ice Beam|p2b: Maushold\n|-damage|p2b: Maushold|0 fnt\n|faint|p2b: Maushold\n|\n|upkeep\n|\n|t:|1776047698\n|switch|p2b: Incineroar|Incineroar, L50, F|100/100\n|-ability|p2b: Incineroar|Intimidate|boost\n|-unboost|p1a: Milotic|atk|1\n|-ability|p1a: Milotic|Competitive|boost\n|-boost|p1a: Milotic|spa|2\n|-unboost|p1b: Sneasler|atk|1\n|turn|3\n|inactive|CisxixDY has 30 seconds left.\n|inactive|ToranVGC has 30 seconds left.\n|inactive|CisxixDY has 20 seconds left.\n|inactive|CisxixDY has 15 seconds left.\n|inactive|CisxixDY has 10 seconds left.\n|\n|t:|1776047744\n|switch|p1b: Incineroar|Incineroar, L50, M|100/100\n|-ability|p1b: Incineroar|Intimidate|boost\n|-unboost|p2a: Floette|atk|1\n|-unboost|p2b: Incineroar|atk|1\n|move|p2b: Incineroar|Fake Out|p1b: Incineroar\n|-damage|p1b: Incineroar|94/100\n|move|p2a: Floette|Moonblast|p1b: Incineroar\n|-damage|p1b: Incineroar|0 fnt\n|faint|p1b: Incineroar\n|move|p1a: Milotic|Scald|p2b: Incineroar\n|-supereffective|p2b: Incineroar|1\n|-damage|p2b: Incineroar|0 fnt\n|faint|p2b: Incineroar\n|\n|upkeep\n|inactive|CisxixDY has 30 seconds left.\n|\n|t:|1776047774\n|switch|p1b: Sneasler|Sneasler, L50, F|100/100\n|switch|p2b: Aerodactyl|Aerodactyl, L50, F|100/100\n|-ability|p2b: Aerodactyl|Unnerve\n|turn|4\n|inactive|CisxixDY has 30 seconds left.\n|\n|t:|1776047800\n|move|p2b: Aerodactyl|Protect|p2b: Aerodactyl\n|-singleturn|p2b: Aerodactyl|Protect\n|move|p2a: Floette|Protect|p2a: Floette\n|-singleturn|p2a: Floette|Protect\n|move|p1b: Sneasler|Dire Claw|p2a: Floette\n|-activate|p2a: Floette|move: Protect\n|move|p1a: Milotic|Scald|p2b: Aerodactyl\n|-activate|p2b: Aerodactyl|move: Protect\n|\n|upkeep\n|turn|5\n|inactive|CisxixDY has 30 seconds left.\n|\n|t:|1776047828\n|move|p1b: Sneasler|Protect|p1b: Sneasler\n|-singleturn|p1b: Sneasler|Protect\n|move|p1a: Milotic|Protect|p1a: Milotic\n|-singleturn|p1a: Milotic|Protect\n|move|p2b: Aerodactyl|Dual Wingbeat|p1b: Sneasler\n|-activate|p1b: Sneasler|move: Protect\n|move|p2a: Floette|Moonblast|p1a: Milotic\n|-activate|p1a: Milotic|move: Protect\n|\n|upkeep\n|turn|6\n|inactive|ToranVGC has 30 seconds left.\n|inactive|ToranVGC has 20 seconds left.\n|\n|t:|1776047865\n|switch|p1b: Ninetales|Ninetales-Alola, L50, M|100/100\n|-weather|Snowscape|[from] ability: Snow Warning|[of] p1b: Ninetales\n|move|p2b: Aerodactyl|Protect|p2b: Aerodactyl\n|-singleturn|p2b: Aerodactyl|Protect\n|move|p2a: Floette|Calm Mind|p2a: Floette\n|-boost|p2a: Floette|spa|1\n|-boost|p2a: Floette|spd|1\n|move|p1a: Milotic|Scald|p2b: Aerodactyl\n|-activate|p2b: Aerodactyl|move: Protect\n|\n|-weather|Snowscape|[upkeep]\n|upkeep\n|turn|7\n|\n|t:|1776047887\n|move|p2b: Aerodactyl|Tailwind|p2b: Aerodactyl\n|-sidestart|p2: ToranVGC|move: Tailwind\n|move|p2a: Floette|Moonblast|p1a: Milotic\n|-damage|p1a: Milotic|6/100\n|move|p1b: Ninetales|Aurora Veil|p1b: Ninetales\n|-sidestart|p1: CisxixDY|move: Aurora Veil\n|move|p1a: Milotic|Scald|p2b: Aerodactyl\n|-supereffective|p2b: Aerodactyl|1\n|-enditem|p2b: Aerodactyl|Focus Sash\n|-damage|p2b: Aerodactyl|1/100\n|\n|-weather|Snowscape|[upkeep]\n|-heal|p1a: Milotic|12/100|[from] item: Leftovers\n|upkeep\n|turn|8\n|inactive|CisxixDY has 30 seconds left.\n|inactive|ToranVGC has 30 seconds left.\n|\n|t:|1776047925\n|move|p1b: Ninetales|Protect|p1b: Ninetales\n|-singleturn|p1b: Ninetales|Protect\n|move|p1a: Milotic|Protect|p1a: Milotic\n|-singleturn|p1a: Milotic|Protect\n|move|p2b: Aerodactyl|Rock Slide|p1a: Milotic|[spread] \n|-activate|p1a: Milotic|move: Protect\n|-activate|p1b: Ninetales|move: Protect\n|move|p2a: Floette|Moonblast|p1b: Ninetales\n|-activate|p1b: Ninetales|move: Protect\n|\n|-weather|Snowscape|[upkeep]\n|-heal|p1a: Milotic|18/100|[from] item: Leftovers\n|upkeep\n|turn|9\n|inactive|CisxixDY has 30 seconds left.\n|inactive|ToranVGC has 30 seconds left.\n|inactive|ToranVGC has 20 seconds left.\n|inactive|ToranVGC has 15 seconds left.\n|inactive|ToranVGC has 10 seconds left.\n|\n|t:|1776047970\n|move|p2b: Aerodactyl|Protect|p2b: Aerodactyl\n|-singleturn|p2b: Aerodactyl|Protect\n|move|p2a: Floette|Calm Mind|p2a: Floette\n|-boost|p2a: Floette|spa|1\n|-boost|p2a: Floette|spd|1\n|move|p1b: Ninetales|Moonblast|p2b: Aerodactyl\n|-activate|p2b: Aerodactyl|move: Protect\n|move|p1a: Milotic|Scald|p2b: Aerodactyl\n|-activate|p2b: Aerodactyl|move: Protect\n|\n|-weather|Snowscape|[upkeep]\n|-heal|p1a: Milotic|24/100|[from] item: Leftovers\n|upkeep\n|turn|10\n|j| uioyhgtz\n|\n|t:|1776047987\n|move|p1b: Ninetales|Protect|p1b: Ninetales\n|-singleturn|p1b: Ninetales|Protect\n|move|p1a: Milotic|Protect|p1a: Milotic\n|-singleturn|p1a: Milotic|Protect\n|move|p2b: Aerodactyl|Rock Slide|p1a: Milotic|[spread] \n|-activate|p1a: Milotic|move: Protect\n|-activate|p1b: Ninetales|move: Protect\n|move|p2a: Floette|Dazzling Gleam|p1b: Ninetales|[spread] \n|-activate|p1a: Milotic|move: Protect\n|-activate|p1b: Ninetales|move: Protect\n|\n|-weather|none\n|-heal|p1a: Milotic|30/100|[from] item: Leftovers\n|-sideend|p2: ToranVGC|move: Tailwind\n|upkeep\n|turn|11\n|l|\u2606CisxixDY\n|inactive|CisxixDY disconnected and has a minute to reconnect!\n|player|p1|\n|inactive|CisxixDY has 30 seconds left.\n|j|\u2606CisxixDY\n|inactive|CisxixDY reconnected and has 30 seconds left.\n|player|p1|CisxixDY|2|\n|\n|t:|1776048019\n|move|p2b: Aerodactyl|Tailwind|p2b: Aerodactyl\n|-sidestart|p2: ToranVGC|move: Tailwind\n|move|p2a: Floette|Dazzling Gleam|p1b: Ninetales|[spread] p1a,p1b\n|-damage|p1a: Milotic|0 fnt\n|-damage|p1b: Ninetales|4/100\n|faint|p1a: Milotic\n|move|p1b: Ninetales|Moonblast|p2b: Aerodactyl\n|-crit|p2b: Aerodactyl\n|-damage|p2b: Aerodactyl|0 fnt\n|faint|p2b: Aerodactyl\n|\n|-sideend|p1: CisxixDY|move: Aurora Veil\n|upkeep\n|\n|t:|1776048032\n|switch|p1a: Sneasler|Sneasler, L50, F|100/100\n|turn|12\n|\n|t:|1776048047\n|move|p1a: Sneasler|Protect|p1a: Sneasler\n|-singleturn|p1a: Sneasler|Protect\n|move|p1b: Ninetales|Protect|p1b: Ninetales\n|-singleturn|p1b: Ninetales|Protect\n|move|p2a: Floette|Dazzling Gleam|p1b: Ninetales|[spread] \n|-activate|p1a: Sneasler|move: Protect\n|-activate|p1b: Ninetales|move: Protect\n|\n|upkeep\n|turn|13\n|\n|t:|1776048058\n|move|p2a: Floette|Moonblast|p1a: Sneasler\n|-damage|p1a: Sneasler|0 fnt\n|faint|p1a: Sneasler\n|move|p1b: Ninetales|Moonblast|p2a: Floette\n|-damage|p2a: Floette|85/100\n|\n|upkeep\n|turn|14\n|-message|CisxixDY forfeited.\n|\n|win|ToranVGC\n|raw|CisxixDY's rating: 1125 &rarr; <strong>1099</strong><br />(-26 for losing)\n|raw|ToranVGC's rating: 1105 &rarr; <strong>1131</strong><br />(+26 for winning)\n|l|\u2606CisxixDY\n|player|p1|\n|c|\u2606ToranVGC|ggs\n",
  "uploadtime": 1776048069,
  "views": 9,
  "formatid": "gen9championsvgc2026regma",
  "rating": 1099,
  "private": 0,
  "password": null
}