{
  "id": "gen9championsvgc2026regma-2583931691",
  "format": "[Gen 9 Champions] VGC 2026 Reg M-A",
  "players": [
    "Astral Legionis",
    "oldbangeroldbanger"
  ],
  "log": "|j|\u2606Astral Legionis\n|j|\u2606oldbangeroldbanger\n|t:|1776209397\n|gametype|doubles\n|player|p1|Astral Legionis|1|1245\n|player|p2|oldbangeroldbanger|169|1327\n|gen|9\n|tier|[Gen 9 Champions] VGC 2026 Reg M-A\n|rated|\n|rule|Species Clause: Limit one of each Pok\u00e9mon\n|rule|Item Clause: Limit 1 of each item\n|clearpoke\n|poke|p1|Reuniclus, L50, F|\n|poke|p1|Archaludon, L50, F|\n|poke|p1|Pelipper, L50, F|\n|poke|p1|Sinistcha, L50|\n|poke|p1|Meganium, L50, M|\n|poke|p1|Incineroar, L50, M|\n|poke|p2|Gengar, L50, F|\n|poke|p2|Garchomp, L50, F|\n|poke|p2|Incineroar, L50, M|\n|poke|p2|Aerodactyl, L50, M|\n|poke|p2|Goodra-Hisui, L50, M|\n|poke|p2|Manectric, L50, F|\n|teampreview|4\n|inactive|Battle timer is ON: inactive players will automatically lose when time's up. (requested by oldbangeroldbanger)\n|\n|t:|1776209444\n|teamsize|p1|4\n|teamsize|p2|4\n|start\n|switch|p1a: dripping tears|Pelipper, L50, F|100/100\n|switch|p1b: golden bell|Archaludon, L50, F|100/100\n|switch|p2a: Manectric|Manectric, L50, F|100/100\n|switch|p2b: Gengar|Gengar, L50, F|100/100\n|-weather|RainDance|[from] ability: Drizzle|[of] p1a: dripping tears\n|turn|1\n|inactive|oldbangeroldbanger has 30 seconds left.\n|inactive|oldbangeroldbanger has 20 seconds left.\n|inactive|oldbangeroldbanger has 15 seconds left.\n|\n|t:|1776209488\n|move|p1b: golden bell|Protect|p1b: golden bell\n|-singleturn|p1b: golden bell|Protect\n|move|p1a: dripping tears|Protect|p1a: dripping tears\n|-singleturn|p1a: dripping tears|Protect\n|move|p2a: Manectric|Thunderbolt|p1a: dripping tears\n|-activate|p1a: dripping tears|move: Protect\n|move|p2b: Gengar|Shadow Ball|p1a: dripping tears\n|-activate|p1a: dripping tears|move: Protect\n|\n|-weather|RainDance|[upkeep]\n|upkeep\n|turn|2\n|\n|t:|1776209505\n|switch|p1a: chicken bone|Incineroar, L50, M|100/100\n|-ability|p1a: chicken bone|Intimidate|boost\n|-unboost|p2a: Manectric|atk|1\n|-unboost|p2b: Gengar|atk|1\n|move|p2a: Manectric|Thunderbolt|p1a: chicken bone\n|-crit|p1a: chicken bone\n|-damage|p1a: chicken bone|50/100\n|move|p2b: Gengar|Sludge Bomb|p1a: chicken bone\n|-damage|p1a: chicken bone|16/100\n|move|p1b: golden bell|Dragon Pulse|p2b: Gengar\n|-damage|p2b: Gengar|30/100\n|\n|-weather|RainDance|[upkeep]\n|upkeep\n|turn|3\n|inactive|oldbangeroldbanger has 30 seconds left.\n|inactive|oldbangeroldbanger has 20 seconds left.\n|inactive|oldbangeroldbanger has 15 seconds left.\n|\n|t:|1776209549\n|move|p2a: Manectric|Protect|p2a: Manectric\n|-singleturn|p2a: Manectric|Protect\n|move|p1a: chicken bone|Fake Out|p2a: Manectric\n|-activate|p2a: Manectric|move: Protect\n|move|p2b: Gengar|Sludge Bomb|p1a: chicken bone\n|-damage|p1a: chicken bone|0 fnt\n|faint|p1a: chicken bone\n|move|p1b: golden bell|Dragon Pulse|p2b: Gengar\n|-damage|p2b: Gengar|0 fnt\n|faint|p2b: Gengar\n|\n|-weather|RainDance|[upkeep]\n|upkeep\n|inactive|oldbangeroldbanger has 30 seconds left.\n|\n|t:|1776209575\n|switch|p2b: Goodra|Goodra-Hisui, L50, M|100/100\n|switch|p1a: roots pulled up|Meganium, L50, M|100/100\n|turn|4\n|\n|t:|1776209594\n|detailschange|p2a: Manectric|Manectric-Mega, L50, F\n|-mega|p2a: Manectric|Manectric|Manectite\n|-ability|p2a: Manectric|Intimidate|boost\n|-unboost|p1a: roots pulled up|atk|1\n|-unboost|p1b: golden bell|atk|1\n|detailschange|p1a: roots pulled up|Meganium-Mega, L50, M\n|-mega|p1a: roots pulled up|Meganium|Meganiumite\n|move|p2a: Manectric|Snarl|p1a: roots pulled up|[spread] p1a,p1b\n|-resisted|p1a: roots pulled up|1\n|-damage|p1a: roots pulled up|95/100\n|-damage|p1b: golden bell|83/100\n|-unboost|p1a: roots pulled up|spa|1\n|-unboost|p1b: golden bell|spa|1\n|-ability|p1b: golden bell|Stamina|boost\n|-boost|p1b: golden bell|def|1\n|move|p1b: golden bell|Dragon Pulse|p2b: Goodra\n|-damage|p2b: Goodra|78/100\n|move|p1a: roots pulled up|Weather Ball|p2b: Goodra\n|-damage|p2b: Goodra|50/100\n|move|p2b: Goodra|Shelter|p2b: Goodra\n|-boost|p2b: Goodra|def|2\n|\n|-weather|RainDance|[upkeep]\n|-heal|p2b: Goodra|56/100|[from] item: Leftovers\n|upkeep\n|turn|5\n|inactive|oldbangeroldbanger has 30 seconds left.\n|inactive|Astral Legionis has 30 seconds left.\n|inactive|oldbangeroldbanger has 20 seconds left.\n|inactive|oldbangeroldbanger has 15 seconds left.\n|inactive|oldbangeroldbanger has 10 seconds left.\n|\n|t:|1776209641\n|move|p2a: Manectric|Snarl|p1a: roots pulled up|[spread] p1a,p1b\n|-resisted|p1a: roots pulled up|1\n|-damage|p1a: roots pulled up|89/100\n|-damage|p1b: golden bell|63/100\n|-unboost|p1a: roots pulled up|spa|1\n|-unboost|p1b: golden bell|spa|1\n|-ability|p1b: golden bell|Stamina|boost\n|-boost|p1b: golden bell|def|1\n|move|p1b: golden bell|Dragon Pulse|p2b: Goodra\n|-damage|p2b: Goodra|40/100\n|move|p1a: roots pulled up|Dazzling Gleam|p2a: Manectric|[spread] p2a,p2b\n|-damage|p2a: Manectric|72/100\n|-damage|p2b: Goodra|27/100\n|move|p2b: Goodra|Body Press|p1b: golden bell\n|-supereffective|p1b: golden bell|1\n|-damage|p1b: golden bell|32/100\n|-ability|p1b: golden bell|Stamina|boost\n|-boost|p1b: golden bell|def|1\n|-enditem|p1b: golden bell|Sitrus Berry|[eat]\n|-heal|p1b: golden bell|57/100|[from] item: Sitrus Berry\n|\n|-weather|none\n|-heal|p2b: Goodra|33/100|[from] item: Leftovers\n|upkeep\n|turn|6\n|inactive|oldbangeroldbanger has 30 seconds left.\n|\n|t:|1776209672\n|move|p2a: Manectric|Thunderbolt|p1b: golden bell\n|-resisted|p1b: golden bell|1\n|-damage|p1b: golden bell|28/100\n|-ability|p1b: golden bell|Stamina|boost\n|-boost|p1b: golden bell|def|1\n|move|p1b: golden bell|Dragon Pulse|p2b: Goodra\n|-damage|p2b: Goodra|15/100\n|move|p1a: roots pulled up|Dazzling Gleam|p2a: Manectric|[spread] p2a,p2b\n|-crit|p2a: Manectric\n|-damage|p2a: Manectric|0 fnt\n|-damage|p2b: Goodra|1/100\n|faint|p2a: Manectric\n|move|p2b: Goodra|Body Press|p1b: golden bell\n|-supereffective|p1b: golden bell|1\n|-damage|p1b: golden bell|4/100\n|-ability|p1b: golden bell|Stamina|boost\n|-boost|p1b: golden bell|def|1\n|\n|-heal|p2b: Goodra|7/100|[from] item: Leftovers\n|upkeep\n|\n|t:|1776209688\n|switch|p2a: Incineroar|Incineroar, L50, M|100/100\n|-ability|p2a: Incineroar|Intimidate|boost\n|-unboost|p1a: roots pulled up|atk|1\n|-unboost|p1b: golden bell|atk|1\n|turn|7\n|\n|t:|1776209707\n|move|p2a: Incineroar|Fake Out|p1b: golden bell\n|-resisted|p1b: golden bell|1\n|-damage|p1b: golden bell|3/100\n|-ability|p1b: golden bell|Stamina|boost\n|-boost|p1b: golden bell|def|1\n|cant|p1b: golden bell|flinch\n|move|p1a: roots pulled up|Dazzling Gleam|p2b: Goodra|[spread] p2a,p2b\n|-damage|p2a: Incineroar|84/100\n|-damage|p2b: Goodra|0 fnt\n|faint|p2b: Goodra\n|\n|upkeep\n|turn|8\n|-message|oldbangeroldbanger forfeited.\n|\n|win|Astral Legionis\n|raw|Astral Legionis's rating: 1245 &rarr; <strong>1276</strong><br />(+31 for winning)\n|raw|oldbangeroldbanger's rating: 1327 &rarr; <strong>1302</strong><br />(-25 for losing)\n|l|\u2606oldbangeroldbanger\n|player|p2|\n",
  "uploadtime": 1776209721,
  "views": 23,
  "formatid": "gen9championsvgc2026regma",
  "rating": 1276,
  "private": 0,
  "password": null
}