{
  "id": "gen9championsvgc2026regma-2585148878",
  "format": "[Gen 9 Champions] VGC 2026 Reg M-A",
  "players": [
    "novaloquendo",
    "Riset1"
  ],
  "log": "|j|\u2606novaloquendo\n|j|\u2606Riset1\n|t:|1776317773\n|gametype|doubles\n|player|p1|novaloquendo|bellelba|1109\n|player|p2|Riset1|266|1117\n|gen|9\n|tier|[Gen 9 Champions] VGC 2026 Reg M-A\n|rated|\n|rule|Species Clause: Limit one of each Pok\u00e9mon\n|rule|Item Clause: Limit 1 of each item\n|clearpoke\n|poke|p1|Gallade, L50, M|\n|poke|p1|Incineroar, L50, F|\n|poke|p1|Heracross, L50, F|\n|poke|p1|Rotom-Wash, L50|\n|poke|p1|Machamp, L50, M|\n|poke|p1|Whimsicott, L50, M|\n|poke|p2|Scovillain, L50, F|\n|poke|p2|Kingambit, L50, M|\n|poke|p2|Aerodactyl, L50, F|\n|poke|p2|Sneasler, L50, M|\n|poke|p2|Sinistcha, L50|\n|poke|p2|Meowstic, L50, M|\n|teampreview|4\n|\n|t:|1776317816\n|teamsize|p1|4\n|teamsize|p2|4\n|start\n|switch|p1a: Whimsicott|Whimsicott, L50, M|100/100\n|switch|p1b: Incineroar|Incineroar, L50, F|100/100\n|switch|p2a: Meowstic|Meowstic, L50, M|100/100\n|switch|p2b: Sneasler|Sneasler, L50, M|100/100\n|-ability|p1b: Incineroar|Intimidate|boost\n|-unboost|p2a: Meowstic|atk|1\n|-unboost|p2b: Sneasler|atk|1\n|-enditem|p2b: Sneasler|White Herb\n|-clearnegativeboost|p2b: Sneasler|[silent]\n|turn|1\n|\n|t:|1776317836\n|move|p2b: Sneasler|Protect|p2b: Sneasler\n|-singleturn|p2b: Sneasler|Protect\n|move|p1b: Incineroar|Fake Out|p2b: Sneasler\n|-activate|p2b: Sneasler|move: Protect\n|move|p1a: Whimsicott|Tailwind|p1a: Whimsicott\n|-sidestart|p1: novaloquendo|move: Tailwind\n|move|p2a: Meowstic|Reflect|p2a: Meowstic\n|-sidestart|p2: Riset1|Reflect\n|\n|upkeep\n|turn|2\n|\n|t:|1776317852\n|switch|p1a: Gallade|Gallade, L50, M|100/100\n|switch|p1b: Rotom|Rotom-Wash, L50|100/100\n|move|p2a: Meowstic|Light Screen|p2a: Meowstic\n|-sidestart|p2: Riset1|move: Light Screen\n|move|p2b: Sneasler|Close Combat|p1b: Rotom\n|-damage|p1b: Rotom|47/100\n|-unboost|p2b: Sneasler|def|1\n|-unboost|p2b: Sneasler|spd|1\n|\n|-heal|p1b: Rotom|53/100|[from] item: Leftovers\n|upkeep\n|turn|3\n|\n|t:|1776317879\n|move|p2b: Sneasler|Dire Claw|p1a: Gallade\n|-crit|p1a: Gallade\n|-damage|p1a: Gallade|0 fnt\n|faint|p1a: Gallade\n|move|p1b: Rotom|Hydro Pump|p2a: Meowstic\n|-damage|p2a: Meowstic|78/100\n|move|p2a: Meowstic|Psychic|p1b: Rotom\n|-damage|p1b: Rotom|24/100\n|\n|-heal|p1b: Rotom|30/100|[from] item: Leftovers\n|upkeep\n|\n|t:|1776317895\n|switch|p1a: Incineroar|Incineroar, L50, F|100/100\n|-ability|p1a: Incineroar|Intimidate|boost\n|-unboost|p2a: Meowstic|atk|1\n|-unboost|p2b: Sneasler|atk|1\n|turn|4\n|\n|t:|1776317909\n|switch|p2a: Scovillain|Scovillain, L50, F|100/100\n|move|p1a: Incineroar|Fake Out|p2a: Scovillain\n|-damage|p2a: Scovillain|90/100\n|move|p2b: Sneasler|Close Combat|p1a: Incineroar\n|-supereffective|p1a: Incineroar|1\n|-enditem|p1a: Incineroar|Chople Berry|[eat]\n|-enditem|p1a: Incineroar|Chople Berry|[weaken]\n|-damage|p1a: Incineroar|68/100\n|-unboost|p2b: Sneasler|def|1\n|-unboost|p2b: Sneasler|spd|1\n|move|p1b: Rotom|Pain Split|p2b: Sneasler\n|-sethp|p2b: Sneasler|65/100|[from] move: Pain Split|[silent]\n|-sethp|p1b: Rotom|64/100|[from] move: Pain Split\n|\n|-heal|p1b: Rotom|70/100|[from] item: Leftovers\n|-sideend|p1: novaloquendo|move: Tailwind\n|upkeep\n|turn|5\n|\n|t:|1776317941\n|detailschange|p2a: Scovillain|Scovillain-Mega, L50, F\n|-mega|p2a: Scovillain|Scovillain|Scovillainite\n|move|p2b: Sneasler|Close Combat|p1a: Incineroar\n|-supereffective|p1a: Incineroar|1\n|-damage|p1a: Incineroar|7/100\n|-unboost|p2b: Sneasler|def|1\n|-unboost|p2b: Sneasler|spd|1\n|move|p1b: Rotom|Hydro Pump|p2b: Sneasler\n|-damage|p2b: Sneasler|0 fnt\n|faint|p2b: Sneasler\n|move|p2a: Scovillain|Leech Seed|p1b: Rotom\n|-start|p1b: Rotom|move: Leech Seed\n|move|p1a: Incineroar|Drain Punch|p2a: Scovillain\n|-damage|p2a: Scovillain|74/100\n|-heal|p1a: Incineroar|14/100|[from] drain|[of] p2a: Scovillain\n|-immune|p1a: Incineroar\n|\n|-heal|p1b: Rotom|76/100|[from] item: Leftovers\n|-damage|p1b: Rotom|64/100|[from] Leech Seed|[of] p2a: Scovillain\n|-heal|p2a: Scovillain|85/100|[silent]\n|-sideend|p2: Riset1|Reflect\n|upkeep\n|\n|t:|1776317961\n|switch|p2b: Meowstic|Meowstic, L50, M|78/100\n|turn|6\n|\n|t:|1776317976\n|move|p2b: Meowstic|Fake Out|p1a: Incineroar\n|-damage|p1a: Incineroar|10/100\n|move|p1b: Rotom|Pain Split|p1a: Incineroar\n|-sethp|p1a: Incineroar|30/100|[from] move: Pain Split|[silent]\n|-sethp|p1b: Rotom|38/100|[from] move: Pain Split\n|move|p2a: Scovillain|Leech Seed|p1a: Incineroar\n|-start|p1a: Incineroar|move: Leech Seed\n|cant|p1a: Incineroar|flinch\n|\n|-heal|p1b: Rotom|44/100|[from] item: Leftovers\n|-damage|p1b: Rotom|32/100|[from] Leech Seed|[of] p2a: Scovillain\n|-heal|p2a: Scovillain|96/100|[silent]\n|-damage|p1a: Incineroar|17/100|[from] Leech Seed|[of] p2a: Scovillain\n|-heal|p2a: Scovillain|100/100|[silent]\n|-sideend|p2: Riset1|move: Light Screen\n|upkeep\n|turn|7\n|\n|t:|1776318016\n|switch|p1a: Whimsicott|Whimsicott, L50, M|100/100\n|move|p2a: Scovillain|Rage Powder|p2a: Scovillain\n|-singleturn|p2a: Scovillain|move: Rage Powder\n|move|p2b: Meowstic|Light Screen|p2b: Meowstic\n|-sidestart|p2: Riset1|move: Light Screen\n|move|p1b: Rotom|Pain Split|p2a: Scovillain\n|-sethp|p2a: Scovillain|64/100|[from] move: Pain Split|[silent]\n|-sethp|p1b: Rotom|71/100|[from] move: Pain Split\n|\n|-heal|p1b: Rotom|76/100|[from] item: Leftovers\n|-damage|p1b: Rotom|64/100|[from] Leech Seed|[of] p2a: Scovillain\n|-heal|p2a: Scovillain|75/100|[silent]\n|upkeep\n|turn|8\n|\n|t:|1776318042\n|switch|p1b: Incineroar|Incineroar, L50, F|17/100\n|-ability|p1b: Incineroar|Intimidate|boost\n|-unboost|p2a: Scovillain|atk|1\n|-unboost|p2b: Meowstic|atk|1\n|move|p2b: Meowstic|Reflect|p2b: Meowstic\n|-sidestart|p2: Riset1|Reflect\n|move|p1a: Whimsicott|Dazzling Gleam|p2b: Meowstic|[spread] p2a,p2b\n|-resisted|p2a: Scovillain|1\n|-damage|p2a: Scovillain|69/100\n|-damage|p2b: Meowstic|65/100\n|-status|p1a: Whimsicott|brn|[from] ability: Spicy Spray|[of] p2a: Scovillain\n|move|p2a: Scovillain|Flamethrower|p1a: Whimsicott\n|-supereffective|p1a: Whimsicott|1\n|-enditem|p1a: Whimsicott|Focus Sash\n|-damage|p1a: Whimsicott|1/100 brn\n|\n|-damage|p1a: Whimsicott|0 fnt|[from] brn\n|faint|p1a: Whimsicott\n|upkeep\n|\n|t:|1776318057\n|switch|p1a: Rotom|Rotom-Wash, L50|64/100\n|turn|9\n|\n|t:|1776318072\n|switch|p2b: Aerodactyl|Aerodactyl, L50, F|100/100\n|-ability|p2b: Aerodactyl|Unnerve\n|move|p2a: Scovillain|Rage Powder|p2a: Scovillain\n|-singleturn|p2a: Scovillain|move: Rage Powder\n|move|p1a: Rotom|Hydro Pump|p2a: Scovillain\n|-damage|p2a: Scovillain|43/100\n|-status|p1a: Rotom|brn|[from] ability: Spicy Spray|[of] p2a: Scovillain\n|move|p1b: Incineroar|Drain Punch|p2a: Scovillain\n|-crit|p2a: Scovillain\n|-damage|p2a: Scovillain|8/100\n|-heal|p1b: Incineroar|32/100|[from] drain|[of] p2a: Scovillain\n|-immune|p1b: Incineroar\n|\n|-heal|p1a: Rotom|70/100 brn|[from] item: Leftovers\n|-damage|p1a: Rotom|64/100 brn|[from] brn\n|upkeep\n|turn|10\n|\n|t:|1776318095\n|move|p2a: Scovillain|Protect|p2a: Scovillain\n|-singleturn|p2a: Scovillain|Protect\n|move|p2b: Aerodactyl|Rock Slide|p1a: Rotom|[spread] p1a,p1b\n|-supereffective|p1b: Incineroar|1\n|-damage|p1a: Rotom|39/100 brn\n|-damage|p1b: Incineroar|0 fnt\n|faint|p1b: Incineroar\n|move|p1a: Rotom|Thunderbolt|p2b: Aerodactyl\n|-supereffective|p2b: Aerodactyl|1\n|-crit|p2b: Aerodactyl\n|-enditem|p2b: Aerodactyl|Focus Sash\n|-damage|p2b: Aerodactyl|1/100\n|\n|-heal|p1a: Rotom|44/100 brn|[from] item: Leftovers\n|-damage|p1a: Rotom|39/100 brn|[from] brn\n|upkeep\n|turn|11\n|\n|t:|1776318118\n|move|p2b: Aerodactyl|Dual Wingbeat|p1a: Rotom\n|-resisted|p1a: Rotom|1\n|-damage|p1a: Rotom|30/100 brn\n|-resisted|p1a: Rotom|1\n|-damage|p1a: Rotom|23/100 brn\n|-hitcount|p1a: Rotom|2\n|move|p1a: Rotom|Hydro Pump|p2a: Scovillain|[miss]\n|-miss|p1a: Rotom|p2a: Scovillain\n|move|p2a: Scovillain|Leech Seed|p1a: Rotom\n|-start|p1a: Rotom|move: Leech Seed\n|\n|-heal|p1a: Rotom|29/100 brn|[from] item: Leftovers\n|-damage|p1a: Rotom|16/100 brn|[from] Leech Seed|[of] p2a: Scovillain\n|-heal|p2a: Scovillain|19/100|[silent]\n|-damage|p1a: Rotom|11/100 brn|[from] brn\n|-sideend|p2: Riset1|move: Light Screen\n|upkeep\n|turn|12\n|-message|novaloquendo forfeited.\n|\n|win|Riset1\n|raw|novaloquendo's rating: 1109 &rarr; <strong>1085</strong><br />(-24 for losing)\n|raw|Riset1's rating: 1117 &rarr; <strong>1141</strong><br />(+24 for winning)\n|l|\u2606novaloquendo\n|player|p1|\n",
  "uploadtime": 1776318142,
  "views": 18,
  "formatid": "gen9championsvgc2026regma",
  "rating": 1085,
  "private": 0,
  "password": null
}