{
  "id": "gen9championsvgc2026regma-2585079166",
  "format": "[Gen 9 Champions] VGC 2026 Reg M-A",
  "players": [
    "dinomon10",
    "Rocket Bear"
  ],
  "log": "|j|\u2606dinomon10\n|j|\u2606Rocket Bear\n|t:|1776309564\n|gametype|doubles\n|player|p1|dinomon10|101|1165\n|player|p2|Rocket Bear|265|1130\n|gen|9\n|tier|[Gen 9 Champions] VGC 2026 Reg M-A\n|rated|\n|rule|Species Clause: Limit one of each Pok\u00e9mon\n|rule|Item Clause: Limit 1 of each item\n|clearpoke\n|poke|p1|Aegislash, L50, M|\n|poke|p1|Farigiraf, L50, M|\n|poke|p1|Drampa, L50, M|\n|poke|p1|Sinistcha, L50|\n|poke|p1|Arcanine-Hisui, L50, M|\n|poke|p1|Primarina, L50, F|\n|poke|p2|Whimsicott, L50, F|\n|poke|p2|Garchomp, L50, M|\n|poke|p2|Charizard, L50, F|\n|poke|p2|Orthworm, L50, F|\n|poke|p2|Gyarados, L50, M|\n|poke|p2|Basculegion, L50, M|\n|teampreview|4\n|inactive|Battle timer is ON: inactive players will automatically lose when time's up. (requested by dinomon10)\ndinomon10 rejected open team sheets.\n|inactive|Rocket Bear has 60 seconds left.\n|\n|t:|1776309596\n|teamsize|p1|4\n|teamsize|p2|4\n|start\n|switch|p1a: Arcanine|Arcanine-Hisui, L50, M, shiny|100/100\n|switch|p1b: Farigiraf|Farigiraf, L50, M|100/100\n|switch|p2a: Whimsicott|Whimsicott, L50, F|100/100\n|switch|p2b: Garchomp|Garchomp, L50, M|100/100\n|-ability|p1a: Arcanine|Intimidate|boost\n|-unboost|p2a: Whimsicott|atk|1\n|-unboost|p2b: Garchomp|atk|1\n|turn|1\n|inactive|Rocket Bear has 30 seconds left.\n|\n|t:|1776309622\n|switch|p2b: Gyarados|Gyarados, L50, M|100/100\n|-ability|p2b: Gyarados|Intimidate|boost\n|-unboost|p1a: Arcanine|atk|1\n|-unboost|p1b: Farigiraf|atk|1\n|switch|p1a: Primarina|Primarina, L50, F, shiny|100/100\n|move|p2a: Whimsicott|Tailwind|p2a: Whimsicott\n|-sidestart|p2: Rocket Bear|move: Tailwind\n|move|p1b: Farigiraf|Trick Room|p1b: Farigiraf\n|-fieldstart|move: Trick Room|[of] p1b: Farigiraf\n|\n|upkeep\n|turn|2\n|inactive|Rocket Bear has 30 seconds left.\n|\n|t:|1776309652\n|move|p1a: Primarina|Moonblast|p2b: Gyarados\n|-damage|p2b: Gyarados|73/100\n|move|p1b: Farigiraf|Hyper Voice|p2b: Gyarados|[spread] p2a,p2b\n|-damage|p2a: Whimsicott|49/100\n|-damage|p2b: Gyarados|51/100\n|move|p2b: Gyarados|Thunder Wave|p1a: Primarina\n|-status|p1a: Primarina|par\n|move|p2a: Whimsicott|Moonblast|p1b: Farigiraf\n|-damage|p1b: Farigiraf|68/100\n|\n|-heal|p1b: Farigiraf|74/100|[from] item: Leftovers\n|upkeep\n|turn|3\n|\n|t:|1776309672\n|move|p2a: Whimsicott|Protect|p2a: Whimsicott\n|-singleturn|p2a: Whimsicott|Protect\n|move|p1a: Primarina|Flip Turn|p2a: Whimsicott\n|-activate|p2a: Whimsicott|move: Protect\n|move|p1b: Farigiraf|Hyper Voice|p2b: Gyarados|[spread] p2b\n|-activate|p2a: Whimsicott|move: Protect\n|-damage|p2b: Gyarados|30/100\n|-enditem|p2b: Gyarados|Sitrus Berry|[eat]\n|-heal|p2b: Gyarados|55/100|[from] item: Sitrus Berry\n|move|p2b: Gyarados|Crunch|p1b: Farigiraf\n|-supereffective|p1b: Farigiraf|1\n|-crit|p1b: Farigiraf\n|-damage|p1b: Farigiraf|7/100\n|-unboost|p1b: Farigiraf|def|1\n|\n|-heal|p1b: Farigiraf|13/100|[from] item: Leftovers\n|upkeep\n|turn|4\n|inactive|Rocket Bear has 30 seconds left.\n|inactive|Rocket Bear has 20 seconds left.\n|inactive|Rocket Bear has 15 seconds left.\n|\n|t:|1776309714\n|move|p1b: Farigiraf|Protect|p1b: Farigiraf\n|-singleturn|p1b: Farigiraf|Protect\n|move|p2b: Gyarados|Protect|p2b: Gyarados\n|-singleturn|p2b: Gyarados|Protect\n|move|p1a: Primarina|Flip Turn|p2a: Whimsicott\n|-resisted|p2a: Whimsicott|1\n|-damage|p2a: Whimsicott|35/100\n|\n|t:|1776309728\n|switch|p1a: Arcanine|Arcanine-Hisui, L50, M, shiny|100/100|[from] Flip Turn\n|-ability|p1a: Arcanine|Intimidate|boost\n|-unboost|p2a: Whimsicott|atk|1\n|-unboost|p2b: Gyarados|atk|1\n|move|p2a: Whimsicott|Moonblast|p1b: Farigiraf\n|-activate|p1b: Farigiraf|move: Protect\n|\n|-heal|p1b: Farigiraf|19/100|[from] item: Leftovers\n|-sideend|p2: Rocket Bear|move: Tailwind\n|upkeep\n|turn|5\n|inactive|Rocket Bear has 30 seconds left.\n|\n|t:|1776309755\n|switch|p2b: Orthworm|Orthworm, L50, F|100/100\n|move|p1b: Farigiraf|Helping Hand|p1a: Arcanine\n|-singleturn|p1a: Arcanine|Helping Hand|[of] p1b: Farigiraf\n|move|p2a: Whimsicott|Tailwind|p2a: Whimsicott\n|-sidestart|p2: Rocket Bear|move: Tailwind\n|move|p1a: Arcanine|Rock Slide|p2b: Orthworm|[spread] p2a,p2b\n|-resisted|p2b: Orthworm|1\n|-damage|p2a: Whimsicott|0 fnt\n|-damage|p2b: Orthworm|89/100\n|faint|p2a: Whimsicott\n|\n|-heal|p1b: Farigiraf|26/100|[from] item: Leftovers\n|-heal|p2b: Orthworm|95/100|[from] item: Leftovers\n|-fieldend|move: Trick Room\n|upkeep\n|\n|t:|1776309771\n|switch|p2a: Garchomp|Garchomp, L50, M|100/100\n|turn|6\n|\n|t:|1776309787\n|move|p1b: Farigiraf|Protect|p1b: Farigiraf\n|-singleturn|p1b: Farigiraf|Protect\n|move|p2a: Garchomp|Earthquake|p1a: Arcanine|[spread] p1a\n|-activate|p1b: Farigiraf|move: Protect\n|-heal|p2b: Orthworm|100/100|[from] ability: Earth Eater|[of] p2a: Garchomp\n|-supereffective|p1a: Arcanine|2\n|-enditem|p1a: Arcanine|Focus Sash\n|-damage|p1a: Arcanine|1/100\n|move|p2b: Orthworm|Iron Defense|p2b: Orthworm\n|-boost|p2b: Orthworm|def|2\n|move|p1a: Arcanine|Flare Blitz|p2b: Orthworm\n|-supereffective|p2b: Orthworm|1\n|-damage|p2b: Orthworm|63/100\n|-damage|p1a: Arcanine|0 fnt|[from] Recoil\n|faint|p1a: Arcanine\n|\n|-heal|p2b: Orthworm|69/100|[from] item: Leftovers\n|-heal|p1b: Farigiraf|32/100|[from] item: Leftovers\n|upkeep\n|\n|t:|1776309805\n|switch|p1a: Primarina|Primarina, L50, F, shiny|100/100 par\n|turn|7\n|\n|t:|1776309819\n|move|p2a: Garchomp|Earthquake|p1b: Farigiraf|[spread] p1a,p1b\n|-heal|p2b: Orthworm|94/100|[from] ability: Earth Eater|[of] p2a: Garchomp\n|-damage|p1a: Primarina|51/100 par\n|-damage|p1b: Farigiraf|0 fnt\n|faint|p1b: Farigiraf\n|move|p2b: Orthworm|Heavy Slam|p1a: Primarina\n|-damage|p1a: Primarina|16/100 par\n|move|p1a: Primarina|Haze|p1a: Primarina\n|-clearallboost\n|\n|-heal|p2b: Orthworm|100/100|[from] item: Leftovers\n|upkeep\n|\n|t:|1776309830\n|switch|p1b: Drampa|Drampa, L50, M, shiny|100/100\n|-ability|p1b: Drampa|Cloud Nine\n|turn|8\n|inactive|Rocket Bear has 30 seconds left.\n|\n|t:|1776309859\n|detailschange|p1b: Drampa|Drampa-Mega, L50, M, shiny\n|-mega|p1b: Drampa|Drampa|Drampanite\n|move|p2a: Garchomp|Earthquake|p1b: Drampa|[spread] p1a,p1b\n|-immune|p2b: Orthworm|[from] ability: Earth Eater\n|-damage|p1a: Primarina|0 fnt\n|-damage|p1b: Drampa|63/100\n|faint|p1a: Primarina\n|move|p2b: Orthworm|Iron Defense|p2b: Orthworm\n|-boost|p2b: Orthworm|def|2\n|move|p1b: Drampa|Draco Meteor|p2a: Garchomp\n|-supereffective|p2a: Garchomp|1\n|-damage|p2a: Garchomp|0 fnt\n|-unboost|p1b: Drampa|spa|2\n|faint|p2a: Garchomp\n|\n|-sideend|p2: Rocket Bear|move: Tailwind\n|upkeep\n|\n|t:|1776309875\n|switch|p2a: Gyarados|Gyarados, L50, M|55/100\n|-ability|p2a: Gyarados|Intimidate|boost\n|-unboost|p1b: Drampa|atk|1\n|turn|9\n|\n|t:|1776309884\n|move|p2a: Gyarados|Crunch|p1b: Drampa\n|-crit|p1b: Drampa\n|-damage|p1b: Drampa|38/100\n|-unboost|p1b: Drampa|def|1\n|-ability|p1b: Drampa|Berserk|boost\n|-boost|p1b: Drampa|spa|1\n|move|p2b: Orthworm|Body Press|p1b: Drampa\n|-supereffective|p1b: Drampa|1\n|-damage|p1b: Drampa|0 fnt\n|faint|p1b: Drampa\n|\n|win|Rocket Bear\n|raw|dinomon10's rating: 1165 &rarr; <strong>1137</strong><br />(-28 for losing)\n|raw|Rocket Bear's rating: 1130 &rarr; <strong>1158</strong><br />(+28 for winning)\n|l|\u2606dinomon10\n|player|p1|\n",
  "uploadtime": 1776309908,
  "views": 21,
  "formatid": "gen9championsvgc2026regma",
  "rating": 1137,
  "private": 0,
  "password": null
}