{
  "id": "gen9championsvgc2026regma-2585408930",
  "format": "[Gen 9 Champions] VGC 2026 Reg M-A",
  "players": [
    "ChimechoLover77",
    "glesnan"
  ],
  "log": "|j|\u2606ChimechoLover77\n|j|\u2606glesnan\n|t:|1776345209\n|gametype|doubles\n|player|p1|ChimechoLover77|miku-psychic|1042\n|player|p2|glesnan|steven|1000\n|gen|9\n|tier|[Gen 9 Champions] VGC 2026 Reg M-A\n|rated|\n|rule|Species Clause: Limit one of each Pok\u00e9mon\n|rule|Item Clause: Limit 1 of each item\n|clearpoke\n|poke|p1|Manectric, L50, M|\n|poke|p1|Slowbro, L50, F|\n|poke|p1|Chimecho, L50, M|\n|poke|p1|Sneasler, L50, F|\n|poke|p1|Floette-Eternal, L50, F|\n|poke|p1|Raichu, L50, M|\n|poke|p2|Conkeldurr, L50, M|\n|poke|p2|Scovillain, L50, F|\n|poke|p2|Aerodactyl, L50, F|\n|poke|p2|Garchomp, L50, F|\n|poke|p2|Sinistcha, L50|\n|poke|p2|Primarina, L50, F|\n|teampreview|4\n|\n|t:|1776345232\n|teamsize|p1|4\n|teamsize|p2|4\n|start\n|switch|p1a: \u26a0\ufe0fPLS NO TIMER\u26a0\ufe0f|Raichu, L50, M|100/100\n|switch|p1b: \ud83d\ude1fPLS NO FORFEIT\ud83d\ude1f|Manectric, L50, M|100/100\n|switch|p2a: Sinistcha|Sinistcha, L50|100/100\n|switch|p2b: Scovillain|Scovillain, L50, F|100/100\n|turn|1\n|\n|t:|1776345252\n|detailschange|p2b: Scovillain|Scovillain-Mega, L50, F\n|-mega|p2b: Scovillain|Scovillain|Scovillainite\n|move|p2b: Scovillain|Protect|p2b: Scovillain\n|-singleturn|p2b: Scovillain|Protect\n|move|p1a: \u26a0\ufe0fPLS NO TIMER\u26a0\ufe0f|Discharge|p2a: Sinistcha|[spread] p2a\n|-activate|p2b: Scovillain|move: Protect\n|-ability|p1b: \ud83d\ude1fPLS NO FORFEIT\ud83d\ude1f|Lightning Rod|boost\n|-boost|p1b: \ud83d\ude1fPLS NO FORFEIT\ud83d\ude1f|spa|1\n|-resisted|p2a: Sinistcha|1\n|-damage|p2a: Sinistcha|88/100\n|move|p1b: \ud83d\ude1fPLS NO FORFEIT\ud83d\ude1f|Discharge|p2b: Scovillain|[spread] p2a\n|-activate|p2b: Scovillain|move: Protect\n|-ability|p1a: \u26a0\ufe0fPLS NO TIMER\u26a0\ufe0f|Lightning Rod|boost\n|-boost|p1a: \u26a0\ufe0fPLS NO TIMER\u26a0\ufe0f|spa|1\n|-resisted|p2a: Sinistcha|1\n|-damage|p2a: Sinistcha|70/100\n|move|p2a: Sinistcha|Trick Room|p2a: Sinistcha\n|-fieldstart|move: Trick Room|[of] p2a: Sinistcha\n|\n|upkeep\n|turn|2\n|\n|t:|1776345276\n|switch|p2a: Conkeldurr|Conkeldurr, L50, M|100/100\n|move|p2b: Scovillain|Leech Seed|p1b: \ud83d\ude1fPLS NO FORFEIT\ud83d\ude1f\n|-start|p1b: \ud83d\ude1fPLS NO FORFEIT\ud83d\ude1f|move: Leech Seed\n|move|p1b: \ud83d\ude1fPLS NO FORFEIT\ud83d\ude1f|Discharge|p2b: Scovillain|[spread] p2a,p2b\n|-ability|p1a: \u26a0\ufe0fPLS NO TIMER\u26a0\ufe0f|Lightning Rod|boost\n|-boost|p1a: \u26a0\ufe0fPLS NO TIMER\u26a0\ufe0f|spa|1\n|-resisted|p2b: Scovillain|1\n|-damage|p2a: Conkeldurr|52/100\n|-damage|p2b: Scovillain|77/100\n|-status|p1b: \ud83d\ude1fPLS NO FORFEIT\ud83d\ude1f|brn|[from] ability: Spicy Spray|[of] p2b: Scovillain\n|move|p1a: \u26a0\ufe0fPLS NO TIMER\u26a0\ufe0f|Discharge|p2b: Scovillain|[spread] p2a,p2b\n|-ability|p1b: \ud83d\ude1fPLS NO FORFEIT\ud83d\ude1f|Lightning Rod|boost\n|-boost|p1b: \ud83d\ude1fPLS NO FORFEIT\ud83d\ude1f|spa|1\n|-resisted|p2b: Scovillain|1\n|-damage|p2a: Conkeldurr|0 fnt\n|-damage|p2b: Scovillain|52/100\n|-status|p1a: \u26a0\ufe0fPLS NO TIMER\u26a0\ufe0f|brn|[from] ability: Spicy Spray|[of] p2b: Scovillain\n|faint|p2a: Conkeldurr\n|\n|-damage|p1b: \ud83d\ude1fPLS NO FORFEIT\ud83d\ude1f|88/100 brn|[from] Leech Seed|[of] p2b: Scovillain\n|-heal|p2b: Scovillain|63/100|[silent]\n|-damage|p1b: \ud83d\ude1fPLS NO FORFEIT\ud83d\ude1f|82/100 brn|[from] brn\n|-damage|p1a: \u26a0\ufe0fPLS NO TIMER\u26a0\ufe0f|95/100 brn|[from] brn\n|upkeep\n|\n|t:|1776345297\n|switch|p2a: Garchomp|Garchomp, L50, F|100/100\n|turn|3\n|\n|t:|1776345305\n|move|p2b: Scovillain|Protect|p2b: Scovillain\n|-singleturn|p2b: Scovillain|Protect\n|move|p2a: Garchomp|Earthquake|p1b: \ud83d\ude1fPLS NO FORFEIT\ud83d\ude1f|[spread] p1a,p1b\n|-activate|p2b: Scovillain|move: Protect\n|-supereffective|p1a: \u26a0\ufe0fPLS NO TIMER\u26a0\ufe0f|1\n|-supereffective|p1b: \ud83d\ude1fPLS NO FORFEIT\ud83d\ude1f|1\n|-enditem|p1b: \ud83d\ude1fPLS NO FORFEIT\ud83d\ude1f|Shuca Berry|[eat]\n|-enditem|p1b: \ud83d\ude1fPLS NO FORFEIT\ud83d\ude1f|Shuca Berry|[weaken]\n|-damage|p1a: \u26a0\ufe0fPLS NO TIMER\u26a0\ufe0f|0 fnt\n|-damage|p1b: \ud83d\ude1fPLS NO FORFEIT\ud83d\ude1f|6/100 brn\n|faint|p1a: \u26a0\ufe0fPLS NO TIMER\u26a0\ufe0f\n|move|p1b: \ud83d\ude1fPLS NO FORFEIT\ud83d\ude1f|Hyper Voice|p2b: Scovillain|[spread] p2a\n|-activate|p2b: Scovillain|move: Protect\n|-damage|p2a: Garchomp|59/100\n|\n|-damage|p1b: \ud83d\ude1fPLS NO FORFEIT\ud83d\ude1f|0 fnt|[from] Leech Seed|[of] p2b: Scovillain\n|-heal|p2b: Scovillain|67/100|[silent]\n|faint|p1b: \ud83d\ude1fPLS NO FORFEIT\ud83d\ude1f\n|upkeep\n|\n|t:|1776345308\n|switch|p1b: (\u3065\u1d17 _\u1d17)\u3065\u26f0\ufe0fSisyphus|Chimecho, L50, M, shiny|100/100\n|switch|p1a: \ud83c\udfcb\ufe0fNO GIVE UP\ud83c\udfcb\ufe0f|Slowbro, L50, F|100/100\n|turn|4\n|\n|t:|1776345335\n|detailschange|p1a: \ud83c\udfcb\ufe0fNO GIVE UP\ud83c\udfcb\ufe0f|Slowbro-Mega, L50, F\n|-mega|p1a: \ud83c\udfcb\ufe0fNO GIVE UP\ud83c\udfcb\ufe0f|Slowbro|Slowbronite\n|move|p2b: Scovillain|Rage Powder|p2b: Scovillain\n|-singleturn|p2b: Scovillain|move: Rage Powder\n|move|p1a: \ud83c\udfcb\ufe0fNO GIVE UP\ud83c\udfcb\ufe0f|Skill Swap|p2b: Scovillain\n|-activate|p1a: \ud83c\udfcb\ufe0fNO GIVE UP\ud83c\udfcb\ufe0f|Skill Swap|Spicy Spray|Shell Armor|[of] p2b: Scovillain\n|move|p1b: (\u3065\u1d17 _\u1d17)\u3065\u26f0\ufe0fSisyphus|Cosmic Power|p1b: (\u3065\u1d17 _\u1d17)\u3065\u26f0\ufe0fSisyphus\n|-boost|p1b: (\u3065\u1d17 _\u1d17)\u3065\u26f0\ufe0fSisyphus|def|1\n|-boost|p1b: (\u3065\u1d17 _\u1d17)\u3065\u26f0\ufe0fSisyphus|spd|1\n|move|p2a: Garchomp|Rock Slide|p1b: (\u3065\u1d17 _\u1d17)\u3065\u26f0\ufe0fSisyphus|[spread] p1a\n|-miss|p2a: Garchomp|p1b: (\u3065\u1d17 _\u1d17)\u3065\u26f0\ufe0fSisyphus\n|-damage|p1a: \ud83c\udfcb\ufe0fNO GIVE UP\ud83c\udfcb\ufe0f|92/100\n|-status|p2a: Garchomp|brn|[from] ability: Spicy Spray|[of] p1a: \ud83c\udfcb\ufe0fNO GIVE UP\ud83c\udfcb\ufe0f\n|\n|-damage|p2a: Garchomp|53/100 brn|[from] brn\n|upkeep\n|turn|5\n|\n|t:|1776345369\n|switch|p2a: Sinistcha|Sinistcha, L50|70/100\n|-heal|p2b: Scovillain|92/100|[from] ability: Hospitality|[of] p2a: Sinistcha\n|move|p1a: \ud83c\udfcb\ufe0fNO GIVE UP\ud83c\udfcb\ufe0f|Skill Swap|p2b: Scovillain\n|-activate|p1a: \ud83c\udfcb\ufe0fNO GIVE UP\ud83c\udfcb\ufe0f|Skill Swap|Shell Armor|Spicy Spray|[of] p2b: Scovillain\n|move|p1b: (\u3065\u1d17 _\u1d17)\u3065\u26f0\ufe0fSisyphus|Cosmic Power|p1b: (\u3065\u1d17 _\u1d17)\u3065\u26f0\ufe0fSisyphus\n|-boost|p1b: (\u3065\u1d17 _\u1d17)\u3065\u26f0\ufe0fSisyphus|def|1\n|-boost|p1b: (\u3065\u1d17 _\u1d17)\u3065\u26f0\ufe0fSisyphus|spd|1\n|move|p2b: Scovillain|Leech Seed|p1a: \ud83c\udfcb\ufe0fNO GIVE UP\ud83c\udfcb\ufe0f\n|-start|p1a: \ud83c\udfcb\ufe0fNO GIVE UP\ud83c\udfcb\ufe0f|move: Leech Seed\n|\n|-damage|p1a: \ud83c\udfcb\ufe0fNO GIVE UP\ud83c\udfcb\ufe0f|79/100|[from] Leech Seed|[of] p2b: Scovillain\n|-heal|p2b: Scovillain|100/100|[silent]\n|-fieldend|move: Trick Room\n|upkeep\n|turn|6\n|\n|t:|1776345387\n|move|p2b: Scovillain|Flamethrower|p1b: (\u3065\u1d17 _\u1d17)\u3065\u26f0\ufe0fSisyphus\n|-damage|p1b: (\u3065\u1d17 _\u1d17)\u3065\u26f0\ufe0fSisyphus|79/100\n|move|p2a: Sinistcha|Matcha Gotcha|p1b: (\u3065\u1d17 _\u1d17)\u3065\u26f0\ufe0fSisyphus|[spread] p1a,p1b\n|-supereffective|p1a: \ud83c\udfcb\ufe0fNO GIVE UP\ud83c\udfcb\ufe0f|1\n|-damage|p1a: \ud83c\udfcb\ufe0fNO GIVE UP\ud83c\udfcb\ufe0f|41/100\n|-heal|p2a: Sinistcha|92/100|[from] drain|[of] p1a: \ud83c\udfcb\ufe0fNO GIVE UP\ud83c\udfcb\ufe0f\n|-damage|p1b: (\u3065\u1d17 _\u1d17)\u3065\u26f0\ufe0fSisyphus|66/100\n|-heal|p2a: Sinistcha|98/100|[from] drain|[of] p1b: (\u3065\u1d17 _\u1d17)\u3065\u26f0\ufe0fSisyphus\n|-status|p1a: \ud83c\udfcb\ufe0fNO GIVE UP\ud83c\udfcb\ufe0f|brn\n|-status|p1b: (\u3065\u1d17 _\u1d17)\u3065\u26f0\ufe0fSisyphus|brn\n|move|p1b: (\u3065\u1d17 _\u1d17)\u3065\u26f0\ufe0fSisyphus|Cosmic Power|p1b: (\u3065\u1d17 _\u1d17)\u3065\u26f0\ufe0fSisyphus\n|-boost|p1b: (\u3065\u1d17 _\u1d17)\u3065\u26f0\ufe0fSisyphus|def|1\n|-boost|p1b: (\u3065\u1d17 _\u1d17)\u3065\u26f0\ufe0fSisyphus|spd|1\n|move|p1a: \ud83c\udfcb\ufe0fNO GIVE UP\ud83c\udfcb\ufe0f|Skill Swap|p1b: (\u3065\u1d17 _\u1d17)\u3065\u26f0\ufe0fSisyphus\n|-activate|p1a: \ud83c\udfcb\ufe0fNO GIVE UP\ud83c\udfcb\ufe0f|Skill Swap|||[of] p1b: (\u3065\u1d17 _\u1d17)\u3065\u26f0\ufe0fSisyphus\n|\n|-damage|p1a: \ud83c\udfcb\ufe0fNO GIVE UP\ud83c\udfcb\ufe0f|28/100 brn|[from] Leech Seed|[of] p2b: Scovillain\n|-damage|p1b: (\u3065\u1d17 _\u1d17)\u3065\u26f0\ufe0fSisyphus|60/100 brn|[from] brn\n|-damage|p1a: \ud83c\udfcb\ufe0fNO GIVE UP\ud83c\udfcb\ufe0f|22/100 brn|[from] brn\n|upkeep\n|turn|7\n|\n|t:|1776345425\n|move|p2a: Sinistcha|Rage Powder|p2a: Sinistcha\n|-singleturn|p2a: Sinistcha|move: Rage Powder\n|move|p2b: Scovillain|Leech Seed|p1b: (\u3065\u1d17 _\u1d17)\u3065\u26f0\ufe0fSisyphus\n|-start|p1b: (\u3065\u1d17 _\u1d17)\u3065\u26f0\ufe0fSisyphus|move: Leech Seed\n|move|p1b: (\u3065\u1d17 _\u1d17)\u3065\u26f0\ufe0fSisyphus|Recover|p1b: (\u3065\u1d17 _\u1d17)\u3065\u26f0\ufe0fSisyphus\n|-heal|p1b: (\u3065\u1d17 _\u1d17)\u3065\u26f0\ufe0fSisyphus|100/100 brn\n|move|p1a: \ud83c\udfcb\ufe0fNO GIVE UP\ud83c\udfcb\ufe0f|Slack Off|p1a: \ud83c\udfcb\ufe0fNO GIVE UP\ud83c\udfcb\ufe0f\n|-heal|p1a: \ud83c\udfcb\ufe0fNO GIVE UP\ud83c\udfcb\ufe0f|72/100 brn\n|\n|-damage|p1b: (\u3065\u1d17 _\u1d17)\u3065\u26f0\ufe0fSisyphus|88/100 brn|[from] Leech Seed|[of] p2b: Scovillain\n|-damage|p1a: \ud83c\udfcb\ufe0fNO GIVE UP\ud83c\udfcb\ufe0f|60/100 brn|[from] Leech Seed|[of] p2b: Scovillain\n|-damage|p1b: (\u3065\u1d17 _\u1d17)\u3065\u26f0\ufe0fSisyphus|82/100 brn|[from] brn\n|-damage|p1a: \ud83c\udfcb\ufe0fNO GIVE UP\ud83c\udfcb\ufe0f|54/100 brn|[from] brn\n|upkeep\n|turn|8\n|\n|t:|1776345439\n|move|p2b: Scovillain|Flamethrower|p1b: (\u3065\u1d17 _\u1d17)\u3065\u26f0\ufe0fSisyphus\n|-damage|p1b: (\u3065\u1d17 _\u1d17)\u3065\u26f0\ufe0fSisyphus|64/100 brn\n|move|p2a: Sinistcha|Matcha Gotcha|p1a: \ud83c\udfcb\ufe0fNO GIVE UP\ud83c\udfcb\ufe0f|[spread] p1a,p1b\n|-supereffective|p1a: \ud83c\udfcb\ufe0fNO GIVE UP\ud83c\udfcb\ufe0f|1\n|-crit|p1a: \ud83c\udfcb\ufe0fNO GIVE UP\ud83c\udfcb\ufe0f\n|-damage|p1a: \ud83c\udfcb\ufe0fNO GIVE UP\ud83c\udfcb\ufe0f|0 fnt\n|-heal|p2a: Sinistcha|100/100|[from] drain|[of] p1a: \ud83c\udfcb\ufe0fNO GIVE UP\ud83c\udfcb\ufe0f\n|-damage|p1b: (\u3065\u1d17 _\u1d17)\u3065\u26f0\ufe0fSisyphus|54/100 brn\n|faint|p1a: \ud83c\udfcb\ufe0fNO GIVE UP\ud83c\udfcb\ufe0f\n|move|p1b: (\u3065\u1d17 _\u1d17)\u3065\u26f0\ufe0fSisyphus|Cosmic Power|p1b: (\u3065\u1d17 _\u1d17)\u3065\u26f0\ufe0fSisyphus\n|-boost|p1b: (\u3065\u1d17 _\u1d17)\u3065\u26f0\ufe0fSisyphus|def|1\n|-boost|p1b: (\u3065\u1d17 _\u1d17)\u3065\u26f0\ufe0fSisyphus|spd|1\n|\n|-damage|p1b: (\u3065\u1d17 _\u1d17)\u3065\u26f0\ufe0fSisyphus|42/100 brn|[from] Leech Seed|[of] p2b: Scovillain\n|-damage|p1b: (\u3065\u1d17 _\u1d17)\u3065\u26f0\ufe0fSisyphus|36/100 brn|[from] brn\n|upkeep\n|turn|9\n|\n|t:|1776345457\n|move|p2b: Scovillain|Flamethrower|p1b: (\u3065\u1d17 _\u1d17)\u3065\u26f0\ufe0fSisyphus\n|-damage|p1b: (\u3065\u1d17 _\u1d17)\u3065\u26f0\ufe0fSisyphus|21/100 brn\n|move|p2a: Sinistcha|Matcha Gotcha|p1b: (\u3065\u1d17 _\u1d17)\u3065\u26f0\ufe0fSisyphus\n|-damage|p1b: (\u3065\u1d17 _\u1d17)\u3065\u26f0\ufe0fSisyphus|10/100 brn\n|move|p1b: (\u3065\u1d17 _\u1d17)\u3065\u26f0\ufe0fSisyphus|Recover|p1b: (\u3065\u1d17 _\u1d17)\u3065\u26f0\ufe0fSisyphus\n|-heal|p1b: (\u3065\u1d17 _\u1d17)\u3065\u26f0\ufe0fSisyphus|60/100 brn\n|\n|-damage|p1b: (\u3065\u1d17 _\u1d17)\u3065\u26f0\ufe0fSisyphus|48/100 brn|[from] Leech Seed|[of] p2b: Scovillain\n|-damage|p1b: (\u3065\u1d17 _\u1d17)\u3065\u26f0\ufe0fSisyphus|42/100 brn|[from] brn\n|upkeep\n|turn|10\n|\n|t:|1776345473\n|move|p2b: Scovillain|Flamethrower|p1b: (\u3065\u1d17 _\u1d17)\u3065\u26f0\ufe0fSisyphus\n|-damage|p1b: (\u3065\u1d17 _\u1d17)\u3065\u26f0\ufe0fSisyphus|27/100 brn\n|move|p2a: Sinistcha|Matcha Gotcha|p1b: (\u3065\u1d17 _\u1d17)\u3065\u26f0\ufe0fSisyphus\n|-damage|p1b: (\u3065\u1d17 _\u1d17)\u3065\u26f0\ufe0fSisyphus|15/100 brn\n|move|p1b: (\u3065\u1d17 _\u1d17)\u3065\u26f0\ufe0fSisyphus|Recover|p1b: (\u3065\u1d17 _\u1d17)\u3065\u26f0\ufe0fSisyphus\n|-heal|p1b: (\u3065\u1d17 _\u1d17)\u3065\u26f0\ufe0fSisyphus|65/100 brn\n|\n|-damage|p1b: (\u3065\u1d17 _\u1d17)\u3065\u26f0\ufe0fSisyphus|53/100 brn|[from] Leech Seed|[of] p2b: Scovillain\n|-damage|p1b: (\u3065\u1d17 _\u1d17)\u3065\u26f0\ufe0fSisyphus|47/100 brn|[from] brn\n|upkeep\n|turn|11\n|\n|t:|1776345490\n|move|p2b: Scovillain|Flamethrower|p1b: (\u3065\u1d17 _\u1d17)\u3065\u26f0\ufe0fSisyphus\n|-damage|p1b: (\u3065\u1d17 _\u1d17)\u3065\u26f0\ufe0fSisyphus|32/100 brn\n|move|p2a: Sinistcha|Matcha Gotcha|p1b: (\u3065\u1d17 _\u1d17)\u3065\u26f0\ufe0fSisyphus\n|-damage|p1b: (\u3065\u1d17 _\u1d17)\u3065\u26f0\ufe0fSisyphus|20/100 brn\n|move|p1b: (\u3065\u1d17 _\u1d17)\u3065\u26f0\ufe0fSisyphus|Recover|p1b: (\u3065\u1d17 _\u1d17)\u3065\u26f0\ufe0fSisyphus\n|-heal|p1b: (\u3065\u1d17 _\u1d17)\u3065\u26f0\ufe0fSisyphus|70/100 brn\n|\n|-damage|p1b: (\u3065\u1d17 _\u1d17)\u3065\u26f0\ufe0fSisyphus|58/100 brn|[from] Leech Seed|[of] p2b: Scovillain\n|-damage|p1b: (\u3065\u1d17 _\u1d17)\u3065\u26f0\ufe0fSisyphus|52/100 brn|[from] brn\n|upkeep\n|turn|12\n|\n|t:|1776345516\n|switch|p2b: Garchomp|Garchomp, L50, F|53/100 brn\n|move|p2a: Sinistcha|Strength Sap|p1b: (\u3065\u1d17 _\u1d17)\u3065\u26f0\ufe0fSisyphus\n|-unboost|p1b: (\u3065\u1d17 _\u1d17)\u3065\u26f0\ufe0fSisyphus|atk|1\n|move|p1b: (\u3065\u1d17 _\u1d17)\u3065\u26f0\ufe0fSisyphus|Recover|p1b: (\u3065\u1d17 _\u1d17)\u3065\u26f0\ufe0fSisyphus\n|-heal|p1b: (\u3065\u1d17 _\u1d17)\u3065\u26f0\ufe0fSisyphus|100/100 brn\n|\n|-damage|p1b: (\u3065\u1d17 _\u1d17)\u3065\u26f0\ufe0fSisyphus|88/100 brn|[from] Leech Seed|[of] p2b: Garchomp\n|-heal|p2b: Garchomp|65/100 brn|[silent]\n|-damage|p2b: Garchomp|59/100 brn|[from] brn\n|-damage|p1b: (\u3065\u1d17 _\u1d17)\u3065\u26f0\ufe0fSisyphus|82/100 brn|[from] brn\n|upkeep\n|turn|13\n|\n|t:|1776345534\n|move|p2b: Garchomp|Dragon Claw|p1b: (\u3065\u1d17 _\u1d17)\u3065\u26f0\ufe0fSisyphus\n|-damage|p1b: (\u3065\u1d17 _\u1d17)\u3065\u26f0\ufe0fSisyphus|76/100 brn\n|move|p2a: Sinistcha|Matcha Gotcha|p1b: (\u3065\u1d17 _\u1d17)\u3065\u26f0\ufe0fSisyphus\n|-damage|p1b: (\u3065\u1d17 _\u1d17)\u3065\u26f0\ufe0fSisyphus|64/100 brn\n|move|p1b: (\u3065\u1d17 _\u1d17)\u3065\u26f0\ufe0fSisyphus|Cosmic Power|p1b: (\u3065\u1d17 _\u1d17)\u3065\u26f0\ufe0fSisyphus\n|-boost|p1b: (\u3065\u1d17 _\u1d17)\u3065\u26f0\ufe0fSisyphus|def|1\n|-boost|p1b: (\u3065\u1d17 _\u1d17)\u3065\u26f0\ufe0fSisyphus|spd|1\n|\n|-damage|p1b: (\u3065\u1d17 _\u1d17)\u3065\u26f0\ufe0fSisyphus|52/100 brn|[from] Leech Seed|[of] p2b: Garchomp\n|-heal|p2b: Garchomp|71/100 brn|[silent]\n|-damage|p2b: Garchomp|65/100 brn|[from] brn\n|-damage|p1b: (\u3065\u1d17 _\u1d17)\u3065\u26f0\ufe0fSisyphus|46/100 brn|[from] brn\n|upkeep\n|turn|14\n|\n|t:|1776345552\n|move|p2b: Garchomp|Dragon Claw|p1b: (\u3065\u1d17 _\u1d17)\u3065\u26f0\ufe0fSisyphus\n|-damage|p1b: (\u3065\u1d17 _\u1d17)\u3065\u26f0\ufe0fSisyphus|41/100 brn\n|move|p2a: Sinistcha|Matcha Gotcha|p1b: (\u3065\u1d17 _\u1d17)\u3065\u26f0\ufe0fSisyphus|[miss]\n|-miss|p2a: Sinistcha|p1b: (\u3065\u1d17 _\u1d17)\u3065\u26f0\ufe0fSisyphus\n|move|p1b: (\u3065\u1d17 _\u1d17)\u3065\u26f0\ufe0fSisyphus|Recover|p1b: (\u3065\u1d17 _\u1d17)\u3065\u26f0\ufe0fSisyphus\n|-heal|p1b: (\u3065\u1d17 _\u1d17)\u3065\u26f0\ufe0fSisyphus|91/100 brn\n|\n|-damage|p1b: (\u3065\u1d17 _\u1d17)\u3065\u26f0\ufe0fSisyphus|79/100 brn|[from] Leech Seed|[of] p2b: Garchomp\n|-heal|p2b: Garchomp|77/100 brn|[silent]\n|-damage|p2b: Garchomp|71/100 brn|[from] brn\n|-damage|p1b: (\u3065\u1d17 _\u1d17)\u3065\u26f0\ufe0fSisyphus|72/100 brn|[from] brn\n|upkeep\n|turn|15\n|\n|t:|1776345567\n|switch|p2b: Scovillain|Scovillain-Mega, L50, F|100/100\n|move|p2a: Sinistcha|Matcha Gotcha|p1b: (\u3065\u1d17 _\u1d17)\u3065\u26f0\ufe0fSisyphus|[miss]\n|-miss|p2a: Sinistcha|p1b: (\u3065\u1d17 _\u1d17)\u3065\u26f0\ufe0fSisyphus\n|move|p1b: (\u3065\u1d17 _\u1d17)\u3065\u26f0\ufe0fSisyphus|Cosmic Power|p1b: (\u3065\u1d17 _\u1d17)\u3065\u26f0\ufe0fSisyphus\n|-boost|p1b: (\u3065\u1d17 _\u1d17)\u3065\u26f0\ufe0fSisyphus|def|1\n|-boost|p1b: (\u3065\u1d17 _\u1d17)\u3065\u26f0\ufe0fSisyphus|spd|1\n|\n|-damage|p1b: (\u3065\u1d17 _\u1d17)\u3065\u26f0\ufe0fSisyphus|60/100 brn|[from] Leech Seed|[of] p2b: Scovillain\n|-damage|p1b: (\u3065\u1d17 _\u1d17)\u3065\u26f0\ufe0fSisyphus|54/100 brn|[from] brn\n|upkeep\n|turn|16\n|\n|t:|1776345583\n|move|p2b: Scovillain|Flamethrower|p1b: (\u3065\u1d17 _\u1d17)\u3065\u26f0\ufe0fSisyphus\n|-damage|p1b: (\u3065\u1d17 _\u1d17)\u3065\u26f0\ufe0fSisyphus|43/100 brn\n|move|p2a: Sinistcha|Matcha Gotcha|p1b: (\u3065\u1d17 _\u1d17)\u3065\u26f0\ufe0fSisyphus\n|-damage|p1b: (\u3065\u1d17 _\u1d17)\u3065\u26f0\ufe0fSisyphus|33/100 brn\n|move|p1b: (\u3065\u1d17 _\u1d17)\u3065\u26f0\ufe0fSisyphus|Recover|p1b: (\u3065\u1d17 _\u1d17)\u3065\u26f0\ufe0fSisyphus\n|-heal|p1b: (\u3065\u1d17 _\u1d17)\u3065\u26f0\ufe0fSisyphus|83/100 brn\n|\n|-damage|p1b: (\u3065\u1d17 _\u1d17)\u3065\u26f0\ufe0fSisyphus|71/100 brn|[from] Leech Seed|[of] p2b: Scovillain\n|-damage|p1b: (\u3065\u1d17 _\u1d17)\u3065\u26f0\ufe0fSisyphus|65/100 brn|[from] brn\n|upkeep\n|turn|17\n|\n|t:|1776345601\n|move|p2b: Scovillain|Flamethrower|p1b: (\u3065\u1d17 _\u1d17)\u3065\u26f0\ufe0fSisyphus\n|-damage|p1b: (\u3065\u1d17 _\u1d17)\u3065\u26f0\ufe0fSisyphus|54/100 brn\n|move|p2a: Sinistcha|Strength Sap|p1b: (\u3065\u1d17 _\u1d17)\u3065\u26f0\ufe0fSisyphus\n|-unboost|p1b: (\u3065\u1d17 _\u1d17)\u3065\u26f0\ufe0fSisyphus|atk|1\n|move|p1b: (\u3065\u1d17 _\u1d17)\u3065\u26f0\ufe0fSisyphus|Recover|p1b: (\u3065\u1d17 _\u1d17)\u3065\u26f0\ufe0fSisyphus\n|-heal|p1b: (\u3065\u1d17 _\u1d17)\u3065\u26f0\ufe0fSisyphus|100/100 brn\n|-enditem|p1b: (\u3065\u1d17 _\u1d17)\u3065\u26f0\ufe0fSisyphus|Leppa Berry|[eat]\n|-activate|p1b: (\u3065\u1d17 _\u1d17)\u3065\u26f0\ufe0fSisyphus|item: Leppa Berry|Recover|[consumed]\n|\n|-damage|p1b: (\u3065\u1d17 _\u1d17)\u3065\u26f0\ufe0fSisyphus|88/100 brn|[from] Leech Seed|[of] p2b: Scovillain\n|-damage|p1b: (\u3065\u1d17 _\u1d17)\u3065\u26f0\ufe0fSisyphus|82/100 brn|[from] brn\n|upkeep\n|turn|18\n|\n|t:|1776345616\n|move|p2b: Scovillain|Flamethrower|p1b: (\u3065\u1d17 _\u1d17)\u3065\u26f0\ufe0fSisyphus\n|-damage|p1b: (\u3065\u1d17 _\u1d17)\u3065\u26f0\ufe0fSisyphus|72/100 brn\n|move|p2a: Sinistcha|Matcha Gotcha|p1b: (\u3065\u1d17 _\u1d17)\u3065\u26f0\ufe0fSisyphus\n|-damage|p1b: (\u3065\u1d17 _\u1d17)\u3065\u26f0\ufe0fSisyphus|64/100 brn\n|move|p1b: (\u3065\u1d17 _\u1d17)\u3065\u26f0\ufe0fSisyphus|Recycle|p1b: (\u3065\u1d17 _\u1d17)\u3065\u26f0\ufe0fSisyphus\n|-item|p1b: (\u3065\u1d17 _\u1d17)\u3065\u26f0\ufe0fSisyphus|Leppa Berry|[from] move: Recycle\n|\n|-damage|p1b: (\u3065\u1d17 _\u1d17)\u3065\u26f0\ufe0fSisyphus|52/100 brn|[from] Leech Seed|[of] p2b: Scovillain\n|-damage|p1b: (\u3065\u1d17 _\u1d17)\u3065\u26f0\ufe0fSisyphus|46/100 brn|[from] brn\n|upkeep\n|turn|19\n|\n|t:|1776345629\n|move|p2b: Scovillain|Flamethrower|p1b: (\u3065\u1d17 _\u1d17)\u3065\u26f0\ufe0fSisyphus\n|-damage|p1b: (\u3065\u1d17 _\u1d17)\u3065\u26f0\ufe0fSisyphus|33/100 brn\n|move|p2a: Sinistcha|Matcha Gotcha|p1b: (\u3065\u1d17 _\u1d17)\u3065\u26f0\ufe0fSisyphus\n|-damage|p1b: (\u3065\u1d17 _\u1d17)\u3065\u26f0\ufe0fSisyphus|25/100 brn\n|move|p1b: (\u3065\u1d17 _\u1d17)\u3065\u26f0\ufe0fSisyphus|Recover|p1b: (\u3065\u1d17 _\u1d17)\u3065\u26f0\ufe0fSisyphus\n|-heal|p1b: (\u3065\u1d17 _\u1d17)\u3065\u26f0\ufe0fSisyphus|75/100 brn\n|\n|-damage|p1b: (\u3065\u1d17 _\u1d17)\u3065\u26f0\ufe0fSisyphus|63/100 brn|[from] Leech Seed|[of] p2b: Scovillain\n|-damage|p1b: (\u3065\u1d17 _\u1d17)\u3065\u26f0\ufe0fSisyphus|57/100 brn|[from] brn\n|upkeep\n|turn|20\n|\n|t:|1776345643\n|move|p2b: Scovillain|Flamethrower|p1b: (\u3065\u1d17 _\u1d17)\u3065\u26f0\ufe0fSisyphus\n|-damage|p1b: (\u3065\u1d17 _\u1d17)\u3065\u26f0\ufe0fSisyphus|46/100 brn\n|move|p2a: Sinistcha|Matcha Gotcha|p1b: (\u3065\u1d17 _\u1d17)\u3065\u26f0\ufe0fSisyphus\n|-damage|p1b: (\u3065\u1d17 _\u1d17)\u3065\u26f0\ufe0fSisyphus|37/100 brn\n|move|p1b: (\u3065\u1d17 _\u1d17)\u3065\u26f0\ufe0fSisyphus|Recover|p1b: (\u3065\u1d17 _\u1d17)\u3065\u26f0\ufe0fSisyphus\n|-heal|p1b: (\u3065\u1d17 _\u1d17)\u3065\u26f0\ufe0fSisyphus|87/100 brn\n|\n|-damage|p1b: (\u3065\u1d17 _\u1d17)\u3065\u26f0\ufe0fSisyphus|75/100 brn|[from] Leech Seed|[of] p2b: Scovillain\n|-damage|p1b: (\u3065\u1d17 _\u1d17)\u3065\u26f0\ufe0fSisyphus|69/100 brn|[from] brn\n|upkeep\n|turn|21\n|c|\u2606glesnan|WAHAHAHAHAHAHAHHAHA\n|\n|t:|1776345666\n|move|p2b: Scovillain|Flamethrower|p1b: (\u3065\u1d17 _\u1d17)\u3065\u26f0\ufe0fSisyphus\n|-damage|p1b: (\u3065\u1d17 _\u1d17)\u3065\u26f0\ufe0fSisyphus|59/100 brn\n|move|p2a: Sinistcha|Matcha Gotcha|p1b: (\u3065\u1d17 _\u1d17)\u3065\u26f0\ufe0fSisyphus\n|-damage|p1b: (\u3065\u1d17 _\u1d17)\u3065\u26f0\ufe0fSisyphus|49/100 brn\n|move|p1b: (\u3065\u1d17 _\u1d17)\u3065\u26f0\ufe0fSisyphus|Recover|p1b: (\u3065\u1d17 _\u1d17)\u3065\u26f0\ufe0fSisyphus\n|-heal|p1b: (\u3065\u1d17 _\u1d17)\u3065\u26f0\ufe0fSisyphus|99/100 brn\n|\n|-damage|p1b: (\u3065\u1d17 _\u1d17)\u3065\u26f0\ufe0fSisyphus|87/100 brn|[from] Leech Seed|[of] p2b: Scovillain\n|-damage|p1b: (\u3065\u1d17 _\u1d17)\u3065\u26f0\ufe0fSisyphus|81/100 brn|[from] brn\n|upkeep\n|turn|22\n|\n|t:|1776345683\n|move|p2a: Sinistcha|Rage Powder|p2a: Sinistcha\n|-singleturn|p2a: Sinistcha|move: Rage Powder\n|move|p2b: Scovillain|Flamethrower|p1b: (\u3065\u1d17 _\u1d17)\u3065\u26f0\ufe0fSisyphus\n|-damage|p1b: (\u3065\u1d17 _\u1d17)\u3065\u26f0\ufe0fSisyphus|69/100 brn\n|move|p1b: (\u3065\u1d17 _\u1d17)\u3065\u26f0\ufe0fSisyphus|Recover|p1b: (\u3065\u1d17 _\u1d17)\u3065\u26f0\ufe0fSisyphus\n|-heal|p1b: (\u3065\u1d17 _\u1d17)\u3065\u26f0\ufe0fSisyphus|100/100 brn\n|\n|-damage|p1b: (\u3065\u1d17 _\u1d17)\u3065\u26f0\ufe0fSisyphus|88/100 brn|[from] Leech Seed|[of] p2b: Scovillain\n|-damage|p1b: (\u3065\u1d17 _\u1d17)\u3065\u26f0\ufe0fSisyphus|82/100 brn|[from] brn\n|upkeep\n|turn|23\n|c|\u2606ChimechoLover77|pls dont forfeit\n|\n|t:|1776345700\n|switch|p2b: Garchomp|Garchomp, L50, F|71/100 brn\n|move|p2a: Sinistcha|Rage Powder|p2a: Sinistcha\n|-singleturn|p2a: Sinistcha|move: Rage Powder\n|move|p1b: (\u3065\u1d17 _\u1d17)\u3065\u26f0\ufe0fSisyphus|Recover|p1b: (\u3065\u1d17 _\u1d17)\u3065\u26f0\ufe0fSisyphus\n|-heal|p1b: (\u3065\u1d17 _\u1d17)\u3065\u26f0\ufe0fSisyphus|100/100 brn\n|\n|-damage|p1b: (\u3065\u1d17 _\u1d17)\u3065\u26f0\ufe0fSisyphus|88/100 brn|[from] Leech Seed|[of] p2b: Garchomp\n|-heal|p2b: Garchomp|83/100 brn|[silent]\n|-damage|p2b: Garchomp|77/100 brn|[from] brn\n|-damage|p1b: (\u3065\u1d17 _\u1d17)\u3065\u26f0\ufe0fSisyphus|82/100 brn|[from] brn\n|upkeep\n|turn|24\n|c|\u2606glesnan|i wont\n|c|\u2606ChimechoLover77|<3\n|\n|t:|1776345726\n|move|p2a: Sinistcha|Rage Powder|p2a: Sinistcha\n|-singleturn|p2a: Sinistcha|move: Rage Powder\n|move|p2b: Garchomp|Dragon Claw|p1b: (\u3065\u1d17 _\u1d17)\u3065\u26f0\ufe0fSisyphus\n|-damage|p1b: (\u3065\u1d17 _\u1d17)\u3065\u26f0\ufe0fSisyphus|77/100 brn\n|move|p1b: (\u3065\u1d17 _\u1d17)\u3065\u26f0\ufe0fSisyphus|Recover|p1b: (\u3065\u1d17 _\u1d17)\u3065\u26f0\ufe0fSisyphus\n|-heal|p1b: (\u3065\u1d17 _\u1d17)\u3065\u26f0\ufe0fSisyphus|100/100 brn\n|\n|-damage|p1b: (\u3065\u1d17 _\u1d17)\u3065\u26f0\ufe0fSisyphus|88/100 brn|[from] Leech Seed|[of] p2b: Garchomp\n|-heal|p2b: Garchomp|89/100 brn|[silent]\n|-damage|p2b: Garchomp|83/100 brn|[from] brn\n|-damage|p1b: (\u3065\u1d17 _\u1d17)\u3065\u26f0\ufe0fSisyphus|82/100 brn|[from] brn\n|upkeep\n|turn|25\n|c|\u2606glesnan|it is getting a lil annoying ngl WAAHAHAHA\n|\n|t:|1776345746\n|move|p2a: Sinistcha|Rage Powder|p2a: Sinistcha\n|-singleturn|p2a: Sinistcha|move: Rage Powder\n|move|p2b: Garchomp|Dragon Claw|p1b: (\u3065\u1d17 _\u1d17)\u3065\u26f0\ufe0fSisyphus\n|-damage|p1b: (\u3065\u1d17 _\u1d17)\u3065\u26f0\ufe0fSisyphus|77/100 brn\n|move|p1b: (\u3065\u1d17 _\u1d17)\u3065\u26f0\ufe0fSisyphus|Recover|p1b: (\u3065\u1d17 _\u1d17)\u3065\u26f0\ufe0fSisyphus\n|-heal|p1b: (\u3065\u1d17 _\u1d17)\u3065\u26f0\ufe0fSisyphus|100/100 brn\n|\n|-damage|p1b: (\u3065\u1d17 _\u1d17)\u3065\u26f0\ufe0fSisyphus|88/100 brn|[from] Leech Seed|[of] p2b: Garchomp\n|-heal|p2b: Garchomp|95/100 brn|[silent]\n|-damage|p2b: Garchomp|89/100 brn|[from] brn\n|-damage|p1b: (\u3065\u1d17 _\u1d17)\u3065\u26f0\ufe0fSisyphus|82/100 brn|[from] brn\n|upkeep\n|turn|26\n|c|\u2606ChimechoLover77|its fun :}\n|\n|t:|1776345774\n|move|p2a: Sinistcha|Rage Powder|p2a: Sinistcha\n|-singleturn|p2a: Sinistcha|move: Rage Powder\n|move|p2b: Garchomp|Dragon Claw|p1b: (\u3065\u1d17 _\u1d17)\u3065\u26f0\ufe0fSisyphus\n|-damage|p1b: (\u3065\u1d17 _\u1d17)\u3065\u26f0\ufe0fSisyphus|77/100 brn\n|move|p1b: (\u3065\u1d17 _\u1d17)\u3065\u26f0\ufe0fSisyphus|Recover|p1b: (\u3065\u1d17 _\u1d17)\u3065\u26f0\ufe0fSisyphus\n|-heal|p1b: (\u3065\u1d17 _\u1d17)\u3065\u26f0\ufe0fSisyphus|100/100 brn\n|-enditem|p1b: (\u3065\u1d17 _\u1d17)\u3065\u26f0\ufe0fSisyphus|Leppa Berry|[eat]\n|-activate|p1b: (\u3065\u1d17 _\u1d17)\u3065\u26f0\ufe0fSisyphus|item: Leppa Berry|Recover|[consumed]\n|\n|-damage|p1b: (\u3065\u1d17 _\u1d17)\u3065\u26f0\ufe0fSisyphus|88/100 brn|[from] Leech Seed|[of] p2b: Garchomp\n|-heal|p2b: Garchomp|100/100 brn|[silent]\n|-damage|p2b: Garchomp|95/100 brn|[from] brn\n|-damage|p1b: (\u3065\u1d17 _\u1d17)\u3065\u26f0\ufe0fSisyphus|82/100 brn|[from] brn\n|upkeep\n|turn|27\n|\n|t:|1776345797\n|move|p2a: Sinistcha|Rage Powder|p2a: Sinistcha\n|-singleturn|p2a: Sinistcha|move: Rage Powder\n|move|p2b: Garchomp|Dragon Claw|p1b: (\u3065\u1d17 _\u1d17)\u3065\u26f0\ufe0fSisyphus\n|-damage|p1b: (\u3065\u1d17 _\u1d17)\u3065\u26f0\ufe0fSisyphus|78/100 brn\n|move|p1b: (\u3065\u1d17 _\u1d17)\u3065\u26f0\ufe0fSisyphus|Recycle|p1b: (\u3065\u1d17 _\u1d17)\u3065\u26f0\ufe0fSisyphus\n|-item|p1b: (\u3065\u1d17 _\u1d17)\u3065\u26f0\ufe0fSisyphus|Leppa Berry|[from] move: Recycle\n|\n|-damage|p1b: (\u3065\u1d17 _\u1d17)\u3065\u26f0\ufe0fSisyphus|66/100 brn|[from] Leech Seed|[of] p2b: Garchomp\n|-heal|p2b: Garchomp|100/100 brn|[silent]\n|-damage|p2b: Garchomp|95/100 brn|[from] brn\n|-damage|p1b: (\u3065\u1d17 _\u1d17)\u3065\u26f0\ufe0fSisyphus|60/100 brn|[from] brn\n|upkeep\n|turn|28\n|\n|t:|1776345841\n|move|p2a: Sinistcha|Rage Powder|p2a: Sinistcha\n|-singleturn|p2a: Sinistcha|move: Rage Powder\n|move|p2b: Garchomp|Earthquake|p1b: (\u3065\u1d17 _\u1d17)\u3065\u26f0\ufe0fSisyphus|[spread] p2a,p1b\n|-resisted|p2a: Sinistcha|1\n|-damage|p2a: Sinistcha|92/100\n|-damage|p1b: (\u3065\u1d17 _\u1d17)\u3065\u26f0\ufe0fSisyphus|56/100 brn\n|move|p1b: (\u3065\u1d17 _\u1d17)\u3065\u26f0\ufe0fSisyphus|Recover|p1b: (\u3065\u1d17 _\u1d17)\u3065\u26f0\ufe0fSisyphus\n|-heal|p1b: (\u3065\u1d17 _\u1d17)\u3065\u26f0\ufe0fSisyphus|100/100 brn\n|\n|-damage|p1b: (\u3065\u1d17 _\u1d17)\u3065\u26f0\ufe0fSisyphus|88/100 brn|[from] Leech Seed|[of] p2b: Garchomp\n|-heal|p2b: Garchomp|100/100 brn|[silent]\n|-damage|p2b: Garchomp|95/100 brn|[from] brn\n|-damage|p1b: (\u3065\u1d17 _\u1d17)\u3065\u26f0\ufe0fSisyphus|82/100 brn|[from] brn\n|upkeep\n|turn|29\n|\n|t:|1776345854\n|move|p2a: Sinistcha|Rage Powder|p2a: Sinistcha\n|-singleturn|p2a: Sinistcha|move: Rage Powder\n|move|p2b: Garchomp|Earthquake|p1b: (\u3065\u1d17 _\u1d17)\u3065\u26f0\ufe0fSisyphus|[spread] p2a,p1b\n|-resisted|p2a: Sinistcha|1\n|-damage|p2a: Sinistcha|83/100\n|-damage|p1b: (\u3065\u1d17 _\u1d17)\u3065\u26f0\ufe0fSisyphus|79/100 brn\n|move|p1b: (\u3065\u1d17 _\u1d17)\u3065\u26f0\ufe0fSisyphus|Recover|p1b: (\u3065\u1d17 _\u1d17)\u3065\u26f0\ufe0fSisyphus\n|-heal|p1b: (\u3065\u1d17 _\u1d17)\u3065\u26f0\ufe0fSisyphus|100/100 brn\n|\n|-damage|p1b: (\u3065\u1d17 _\u1d17)\u3065\u26f0\ufe0fSisyphus|88/100 brn|[from] Leech Seed|[of] p2b: Garchomp\n|-heal|p2b: Garchomp|100/100 brn|[silent]\n|-damage|p2b: Garchomp|95/100 brn|[from] brn\n|-damage|p1b: (\u3065\u1d17 _\u1d17)\u3065\u26f0\ufe0fSisyphus|82/100 brn|[from] brn\n|upkeep\n|turn|30\n|\n|t:|1776345869\n|move|p2a: Sinistcha|Rage Powder|p2a: Sinistcha\n|-singleturn|p2a: Sinistcha|move: Rage Powder\n|move|p2b: Garchomp|Earthquake|p1b: (\u3065\u1d17 _\u1d17)\u3065\u26f0\ufe0fSisyphus|[spread] p2a,p1b\n|-resisted|p2a: Sinistcha|1\n|-damage|p2a: Sinistcha|75/100\n|-damage|p1b: (\u3065\u1d17 _\u1d17)\u3065\u26f0\ufe0fSisyphus|79/100 brn\n|move|p1b: (\u3065\u1d17 _\u1d17)\u3065\u26f0\ufe0fSisyphus|Recover|p1b: (\u3065\u1d17 _\u1d17)\u3065\u26f0\ufe0fSisyphus\n|-heal|p1b: (\u3065\u1d17 _\u1d17)\u3065\u26f0\ufe0fSisyphus|100/100 brn\n|\n|-damage|p1b: (\u3065\u1d17 _\u1d17)\u3065\u26f0\ufe0fSisyphus|88/100 brn|[from] Leech Seed|[of] p2b: Garchomp\n|-heal|p2b: Garchomp|100/100 brn|[silent]\n|-damage|p2b: Garchomp|95/100 brn|[from] brn\n|-damage|p1b: (\u3065\u1d17 _\u1d17)\u3065\u26f0\ufe0fSisyphus|82/100 brn|[from] brn\n|upkeep\n|turn|31\n|\n|t:|1776345884\n|move|p2b: Garchomp|Dragon Claw|p1b: (\u3065\u1d17 _\u1d17)\u3065\u26f0\ufe0fSisyphus\n|-damage|p1b: (\u3065\u1d17 _\u1d17)\u3065\u26f0\ufe0fSisyphus|77/100 brn\n|move|p2a: Sinistcha|Strength Sap|p1b: (\u3065\u1d17 _\u1d17)\u3065\u26f0\ufe0fSisyphus\n|-unboost|p1b: (\u3065\u1d17 _\u1d17)\u3065\u26f0\ufe0fSisyphus|atk|1\n|-heal|p2a: Sinistcha|93/100\n|move|p1b: (\u3065\u1d17 _\u1d17)\u3065\u26f0\ufe0fSisyphus|Recover|p1b: (\u3065\u1d17 _\u1d17)\u3065\u26f0\ufe0fSisyphus\n|-heal|p1b: (\u3065\u1d17 _\u1d17)\u3065\u26f0\ufe0fSisyphus|100/100 brn\n|\n|-damage|p1b: (\u3065\u1d17 _\u1d17)\u3065\u26f0\ufe0fSisyphus|88/100 brn|[from] Leech Seed|[of] p2b: Garchomp\n|-heal|p2b: Garchomp|100/100 brn|[silent]\n|-damage|p2b: Garchomp|95/100 brn|[from] brn\n|-damage|p1b: (\u3065\u1d17 _\u1d17)\u3065\u26f0\ufe0fSisyphus|82/100 brn|[from] brn\n|upkeep\n|turn|32\n|\n|t:|1776345899\n|move|p2a: Sinistcha|Rage Powder|p2a: Sinistcha\n|-singleturn|p2a: Sinistcha|move: Rage Powder\n|move|p2b: Garchomp|Rock Slide|p1b: (\u3065\u1d17 _\u1d17)\u3065\u26f0\ufe0fSisyphus\n|-damage|p1b: (\u3065\u1d17 _\u1d17)\u3065\u26f0\ufe0fSisyphus|80/100 brn\n|cant|p1b: (\u3065\u1d17 _\u1d17)\u3065\u26f0\ufe0fSisyphus|flinch\n|\n|-damage|p1b: (\u3065\u1d17 _\u1d17)\u3065\u26f0\ufe0fSisyphus|68/100 brn|[from] Leech Seed|[of] p2b: Garchomp\n|-heal|p2b: Garchomp|100/100 brn|[silent]\n|-damage|p2b: Garchomp|95/100 brn|[from] brn\n|-damage|p1b: (\u3065\u1d17 _\u1d17)\u3065\u26f0\ufe0fSisyphus|61/100 brn|[from] brn\n|upkeep\n|turn|33\n|\n|t:|1776345914\n|move|p2b: Garchomp|Rock Slide|p1b: (\u3065\u1d17 _\u1d17)\u3065\u26f0\ufe0fSisyphus\n|-damage|p1b: (\u3065\u1d17 _\u1d17)\u3065\u26f0\ufe0fSisyphus|59/100 brn\n|move|p2a: Sinistcha|Matcha Gotcha|p1b: (\u3065\u1d17 _\u1d17)\u3065\u26f0\ufe0fSisyphus\n|-damage|p1b: (\u3065\u1d17 _\u1d17)\u3065\u26f0\ufe0fSisyphus|48/100 brn\n|-heal|p2a: Sinistcha|98/100|[from] drain|[of] p1b: (\u3065\u1d17 _\u1d17)\u3065\u26f0\ufe0fSisyphus\n|move|p1b: (\u3065\u1d17 _\u1d17)\u3065\u26f0\ufe0fSisyphus|Recover|p1b: (\u3065\u1d17 _\u1d17)\u3065\u26f0\ufe0fSisyphus\n|-heal|p1b: (\u3065\u1d17 _\u1d17)\u3065\u26f0\ufe0fSisyphus|98/100 brn\n|\n|-damage|p1b: (\u3065\u1d17 _\u1d17)\u3065\u26f0\ufe0fSisyphus|86/100 brn|[from] Leech Seed|[of] p2b: Garchomp\n|-heal|p2b: Garchomp|100/100 brn|[silent]\n|-damage|p2b: Garchomp|95/100 brn|[from] brn\n|-damage|p1b: (\u3065\u1d17 _\u1d17)\u3065\u26f0\ufe0fSisyphus|80/100 brn|[from] brn\n|upkeep\n|turn|34\n|\n|t:|1776345935\n|switch|p2a: Scovillain|Scovillain-Mega, L50, F|100/100\n|move|p2b: Garchomp|Rock Slide|p1b: (\u3065\u1d17 _\u1d17)\u3065\u26f0\ufe0fSisyphus\n|-damage|p1b: (\u3065\u1d17 _\u1d17)\u3065\u26f0\ufe0fSisyphus|77/100 brn\n|move|p1b: (\u3065\u1d17 _\u1d17)\u3065\u26f0\ufe0fSisyphus|Recover|p1b: (\u3065\u1d17 _\u1d17)\u3065\u26f0\ufe0fSisyphus\n|-heal|p1b: (\u3065\u1d17 _\u1d17)\u3065\u26f0\ufe0fSisyphus|100/100 brn\n|\n|-damage|p1b: (\u3065\u1d17 _\u1d17)\u3065\u26f0\ufe0fSisyphus|88/100 brn|[from] Leech Seed|[of] p2b: Garchomp\n|-heal|p2b: Garchomp|100/100 brn|[silent]\n|-damage|p2b: Garchomp|95/100 brn|[from] brn\n|-damage|p1b: (\u3065\u1d17 _\u1d17)\u3065\u26f0\ufe0fSisyphus|82/100 brn|[from] brn\n|upkeep\n|turn|35\n|\n|t:|1776345951\n|move|p2b: Garchomp|Rock Slide|p1b: (\u3065\u1d17 _\u1d17)\u3065\u26f0\ufe0fSisyphus\n|-damage|p1b: (\u3065\u1d17 _\u1d17)\u3065\u26f0\ufe0fSisyphus|80/100 brn\n|move|p2a: Scovillain|Flamethrower|p1b: (\u3065\u1d17 _\u1d17)\u3065\u26f0\ufe0fSisyphus\n|-damage|p1b: (\u3065\u1d17 _\u1d17)\u3065\u26f0\ufe0fSisyphus|69/100 brn\n|move|p1b: (\u3065\u1d17 _\u1d17)\u3065\u26f0\ufe0fSisyphus|Recover|p1b: (\u3065\u1d17 _\u1d17)\u3065\u26f0\ufe0fSisyphus\n|-heal|p1b: (\u3065\u1d17 _\u1d17)\u3065\u26f0\ufe0fSisyphus|100/100 brn\n|\n|-damage|p1b: (\u3065\u1d17 _\u1d17)\u3065\u26f0\ufe0fSisyphus|88/100 brn|[from] Leech Seed|[of] p2b: Garchomp\n|-heal|p2b: Garchomp|100/100 brn|[silent]\n|-damage|p2b: Garchomp|95/100 brn|[from] brn\n|-damage|p1b: (\u3065\u1d17 _\u1d17)\u3065\u26f0\ufe0fSisyphus|82/100 brn|[from] brn\n|upkeep\n|turn|36\n|\n|t:|1776345968\n|move|p2a: Scovillain|Rage Powder|p2a: Scovillain\n|-singleturn|p2a: Scovillain|move: Rage Powder\n|move|p2b: Garchomp|Rock Slide|p1b: (\u3065\u1d17 _\u1d17)\u3065\u26f0\ufe0fSisyphus\n|-damage|p1b: (\u3065\u1d17 _\u1d17)\u3065\u26f0\ufe0fSisyphus|80/100 brn\n|move|p1b: (\u3065\u1d17 _\u1d17)\u3065\u26f0\ufe0fSisyphus|Recover|p1b: (\u3065\u1d17 _\u1d17)\u3065\u26f0\ufe0fSisyphus\n|-heal|p1b: (\u3065\u1d17 _\u1d17)\u3065\u26f0\ufe0fSisyphus|100/100 brn\n|-enditem|p1b: (\u3065\u1d17 _\u1d17)\u3065\u26f0\ufe0fSisyphus|Leppa Berry|[eat]\n|-activate|p1b: (\u3065\u1d17 _\u1d17)\u3065\u26f0\ufe0fSisyphus|item: Leppa Berry|Recover|[consumed]\n|\n|-damage|p1b: (\u3065\u1d17 _\u1d17)\u3065\u26f0\ufe0fSisyphus|88/100 brn|[from] Leech Seed|[of] p2b: Garchomp\n|-heal|p2b: Garchomp|100/100 brn|[silent]\n|-damage|p2b: Garchomp|95/100 brn|[from] brn\n|-damage|p1b: (\u3065\u1d17 _\u1d17)\u3065\u26f0\ufe0fSisyphus|82/100 brn|[from] brn\n|upkeep\n|turn|37\n|-message|glesnan forfeited.\n|\n|win|ChimechoLover77\n|raw|ChimechoLover77's rating: 1042 &rarr; <strong>1072</strong><br />(+30 for winning)\n|raw|glesnan's rating: 1000 &rarr; <strong>1000</strong><br />(+0 for losing)\n|l|\u2606glesnan\n|player|p2|\n|c|\u2606ChimechoLover77|D:\n",
  "uploadtime": 1776346006,
  "views": 25,
  "formatid": "gen9championsvgc2026regma",
  "rating": 1000,
  "private": 0,
  "password": null
}