{
  "id": "gen9championsvgc2026regma-2583417043",
  "format": "[Gen 9 Champions] VGC 2026 Reg M-A",
  "players": [
    "unvalued customer",
    "VariAble55"
  ],
  "log": "|j|\u2606unvalued customer\n|j|\u2606VariAble55\n|t:|1776174246\n|gametype|doubles\n|player|p1|unvalued customer|101|1000\n|player|p2|VariAble55|dana|1048\n|gen|9\n|tier|[Gen 9 Champions] VGC 2026 Reg M-A\n|rated|\n|rule|Species Clause: Limit one of each Pok\u00e9mon\n|rule|Item Clause: Limit 1 of each item\n|clearpoke\n|poke|p1|Empoleon, L50, F|\n|poke|p1|Alakazam, L50, M|\n|poke|p1|Golurk, L50|\n|poke|p1|Sinistcha, L50|\n|poke|p1|Aggron, L50, M|\n|poke|p1|Rotom-Wash, L50|\n|poke|p2|Froslass, L50, F|\n|poke|p2|Incineroar, L50, M|\n|poke|p2|Sneasler, L50, F|\n|poke|p2|Empoleon, L50, M|\n|poke|p2|Chandelure, L50, F|\n|poke|p2|Ninetales-Alola, L50, F|\n|teampreview|4\n|inactive|Battle timer is ON: inactive players will automatically lose when time's up. (requested by VariAble55)\n|\n|t:|1776174275\n|teamsize|p1|4\n|teamsize|p2|4\n|start\n|switch|p1a: Alakazam|Alakazam, L50, M|100/100\n|switch|p1b: Golurk|Golurk, L50|100/100\n|switch|p2a: Froslass|Froslass, L50, F|100/100\n|switch|p2b: Sneasler|Sneasler, L50, F|100/100\n|turn|1\n|inactive|VariAble55 has 30 seconds left.\n|\n|t:|1776174303\n|detailschange|p2a: Froslass|Froslass-Mega, L50, F\n|-mega|p2a: Froslass|Froslass|Froslassite\n|-weather|Snowscape|[from] ability: Snow Warning|[of] p2a: Froslass\n|move|p1b: Golurk|Protect|p1b: Golurk\n|-singleturn|p1b: Golurk|Protect\n|move|p2a: Froslass|Blizzard|p1b: Golurk|[spread] p1a\n|-activate|p1b: Golurk|move: Protect\n|-damage|p1a: Alakazam|49/100\n|move|p1a: Alakazam|Light Screen|p1a: Alakazam\n|-sidestart|p1: unvalued customer|move: Light Screen\n|move|p2b: Sneasler|Acrobatics|p1b: Golurk\n|-activate|p1b: Golurk|move: Protect\n|\n|-weather|Snowscape|[upkeep]\n|upkeep\n|turn|2\n|inactive|unvalued customer has 30 seconds left.\n|\n|t:|1776174335\n|detailschange|p1b: Golurk|Golurk-Mega, L50\n|-mega|p1b: Golurk|Golurk|Golurkite\n|move|p1a: Alakazam|Speed Swap|p1b: Golurk\n|-activate|p1a: Alakazam|move: Speed Swap|[of] p1b: Golurk\n|move|p1b: Golurk|Poltergeist|p2a: Froslass\n|-activate|p2a: Froslass|move: Poltergeist|Froslassite\n|-supereffective|p2a: Froslass|1\n|-damage|p2a: Froslass|0 fnt\n|faint|p2a: Froslass\n|move|p2b: Sneasler|Acrobatics|p1b: Golurk\n|-damage|p1b: Golurk|82/100\n|\n|-weather|Snowscape|[upkeep]\n|upkeep\n|\n|t:|1776174347\n|switch|p2a: Ninetales|Ninetales-Alola, L50, F|100/100\n|turn|3\n|\n|t:|1776174359\n|switch|p1a: Sinistcha|Sinistcha, L50|100/100\n|-heal|p1b: Golurk|100/100|[from] ability: Hospitality|[of] p1a: Sinistcha\n|move|p1b: Golurk|Headlong Rush|p2a: Ninetales\n|-damage|p2a: Ninetales|28/100\n|-unboost|p1b: Golurk|def|1\n|-unboost|p1b: Golurk|spd|1\n|move|p2a: Ninetales|Blizzard|p1b: Golurk|[spread] p1a,p1b\n|-supereffective|p1a: Sinistcha|1\n|-supereffective|p1b: Golurk|1\n|-damage|p1a: Sinistcha|60/100\n|-damage|p1b: Golurk|49/100\n|move|p2b: Sneasler|Dire Claw|p1a: Sinistcha\n|-damage|p1a: Sinistcha|19/100\n|\n|-weather|Snowscape|[upkeep]\n|upkeep\n|turn|4\n|\n|t:|1776174378\n|move|p1b: Golurk|Headlong Rush|p2b: Sneasler\n|-supereffective|p2b: Sneasler|1\n|-damage|p2b: Sneasler|0 fnt\n|-unboost|p1b: Golurk|def|1\n|-unboost|p1b: Golurk|spd|1\n|faint|p2b: Sneasler\n|move|p2a: Ninetales|Blizzard|p1a: Sinistcha|[spread] p1a,p1b\n|-supereffective|p1a: Sinistcha|1\n|-supereffective|p1b: Golurk|1\n|-damage|p1a: Sinistcha|0 fnt\n|-damage|p1b: Golurk|0 fnt\n|faint|p1a: Sinistcha\n|faint|p1b: Golurk\n|\n|-weather|Snowscape|[upkeep]\n|upkeep\n|\n|t:|1776174384\n|switch|p2b: Empoleon|Empoleon, L50, M|100/100\n|switch|p1a: Rotom|Rotom-Wash, L50|100/100\n|switch|p1b: Alakazam|Alakazam, L50, M|49/100\n|turn|5\n|\n|t:|1776174398\n|move|p1a: Rotom|Electroweb|p2a: Ninetales|[spread] p2a,p2b\n|-supereffective|p2b: Empoleon|1\n|-damage|p2a: Ninetales|9/100\n|-damage|p2b: Empoleon|74/100\n|-unboost|p2a: Ninetales|spe|1\n|-unboost|p2b: Empoleon|spe|1\n|-ability|p2b: Empoleon|Competitive|boost\n|-boost|p2b: Empoleon|spa|2\n|move|p1b: Alakazam|Psychic|p2a: Ninetales\n|-damage|p2a: Ninetales|0 fnt\n|faint|p2a: Ninetales\n|move|p2b: Empoleon|Hydro Pump|p1b: Alakazam\n|-damage|p1b: Alakazam|0 fnt\n|faint|p1b: Alakazam\n|\n|-weather|none\n|-heal|p2b: Empoleon|80/100|[from] item: Leftovers\n|-sideend|p1: unvalued customer|move: Light Screen\n|upkeep\n|turn|6\n|\n|t:|1776174409\n|move|p1a: Rotom|Electroweb|p2b: Empoleon\n|-supereffective|p2b: Empoleon|1\n|-damage|p2b: Empoleon|46/100\n|-unboost|p2b: Empoleon|spe|1\n|-ability|p2b: Empoleon|Competitive|boost\n|-boost|p2b: Empoleon|spa|2\n|move|p2b: Empoleon|Hydro Pump|p1a: Rotom\n|-resisted|p1a: Rotom|1\n|-damage|p1a: Rotom|25/100\n|\n|-heal|p2b: Empoleon|51/100|[from] item: Leftovers\n|upkeep\n|turn|7\n|\n|t:|1776174419\n|move|p1a: Rotom|Electroweb|p2b: Empoleon\n|-supereffective|p2b: Empoleon|1\n|-damage|p2b: Empoleon|17/100\n|-unboost|p2b: Empoleon|spe|1\n|-ability|p2b: Empoleon|Competitive|boost\n|-boost|p2b: Empoleon|spa|2\n|move|p2b: Empoleon|Flash Cannon|p1a: Rotom\n|-resisted|p1a: Rotom|2\n|-damage|p1a: Rotom|0 fnt\n|faint|p1a: Rotom\n|\n|win|VariAble55\n|raw|unvalued customer's rating: 1000 &rarr; <strong>1000</strong><br />(+0 for losing)\n|raw|VariAble55's rating: 1048 &rarr; <strong>1076</strong><br />(+28 for winning)\n",
  "uploadtime": 1776174421,
  "views": 21,
  "formatid": "gen9championsvgc2026regma",
  "rating": 1000,
  "private": 0,
  "password": null
}