{
  "id": "gen9championsvgc2026regma-2582070461",
  "format": "[Gen 9 Champions] VGC 2026 Reg M-A",
  "players": [
    "xlent",
    "BigPurplePops"
  ],
  "log": "|j|\u2606xlent\n|j|\u2606BigPurplePops\n|t:|1776054232\n|gametype|doubles\n|player|p1|xlent|101|1107\n|player|p2|BigPurplePops|marshal|1044\n|gen|9\n|tier|[Gen 9 Champions] VGC 2026 Reg M-A\n|rated|\n|rule|Species Clause: Limit one of each Pok\u00e9mon\n|rule|Item Clause: Limit 1 of each item\n|clearpoke\n|poke|p1|Incineroar, L50, F|\n|poke|p1|Hatterene, L50, F|\n|poke|p1|Farigiraf, L50, F|\n|poke|p1|Torkoal, L50, F|\n|poke|p1|Kingambit, L50, M|\n|poke|p1|Lopunny, L50, M|\n|poke|p2|Crabominable, L50, M|\n|poke|p2|Slowking, L50, F|\n|poke|p2|Incineroar, L50, M|\n|poke|p2|Krookodile, L50, M|\n|poke|p2|Clefable, L50, F|\n|poke|p2|Glimmora, L50, M|\n|teampreview|4\n|c|\u2606BigPurplePops|glhf\n|\n|t:|1776054255\n|teamsize|p1|4\n|teamsize|p2|4\n|start\n|switch|p1a: Farigiraf|Farigiraf, L50, F, shiny|100/100\n|switch|p1b: Incineroar|Incineroar, L50, F|100/100\n|switch|p2a: Glimmora|Glimmora, L50, M|100/100\n|switch|p2b: Slowking|Slowking, L50, F|100/100\n|-ability|p1b: Incineroar|Intimidate|boost\n|-unboost|p2a: Glimmora|atk|1\n|-unboost|p2b: Slowking|atk|1\n|turn|1\n|\n|t:|1776054271\n|move|p1b: Incineroar|Fake Out|p2a: Glimmora\n|-resisted|p2a: Glimmora|1\n|-damage|p2a: Glimmora|92/100\n|-activate|p2a: Glimmora|ability: Toxic Debris\n|-sidestart|p1: xlent|move: Toxic Spikes\n|cant|p2a: Glimmora|flinch\n|move|p2b: Slowking|Scald|p1b: Incineroar\n|-supereffective|p1b: Incineroar|1\n|-damage|p1b: Incineroar|55/100\n|move|p1a: Farigiraf|Trick Room|p1a: Farigiraf\n|-fieldstart|move: Trick Room|[of] p1a: Farigiraf\n|\n|upkeep\n|turn|2\n|\n|t:|1776054288\n|switch|p2a: Incineroar|Incineroar, L50, M|100/100\n|-ability|p2a: Incineroar|Intimidate|boost\n|-unboost|p1a: Farigiraf|atk|1\n|-unboost|p1b: Incineroar|atk|1\n|-prepare|p2b: Slowking|Chilly Reception|[premajor]\n|move|p2b: Slowking|Chilly Reception|p2b: Slowking\n|-weather|Snowscape\n|\n|t:|1776054298\n|switch|p2b: Crabominable|Crabominable, L50, M|100/100|[from] Chilly Reception\n|move|p1b: Incineroar|Darkest Lariat|p2b: Crabominable\n|-resisted|p2b: Crabominable|1\n|-damage|p2b: Crabominable|90/100\n|move|p1a: Farigiraf|Psychic|p2a: Incineroar\n|-immune|p2a: Incineroar\n|\n|-weather|Snowscape|[upkeep]\n|upkeep\n|turn|3\n|\n|t:|1776054320\n|switch|p1b: Torkoal|Torkoal, L50, F|100/100\n|-status|p1b: Torkoal|psn\n|-weather|SunnyDay|[from] ability: Drought|[of] p1b: Torkoal\n|detailschange|p2b: Crabominable|Crabominable-Mega, L50, M\n|-mega|p2b: Crabominable|Crabominable|Crabominite\n|move|p2b: Crabominable|Drain Punch|p1a: Farigiraf\n|-damage|p1a: Farigiraf|39/100\n|-heal|p2b: Crabominable|100/100|[from] drain|[of] p1a: Farigiraf\n|move|p2a: Incineroar|Flare Blitz|p1a: Farigiraf\n|-damage|p1a: Farigiraf|0 fnt\n|faint|p1a: Farigiraf\n|-damage|p2a: Incineroar|87/100|[from] Recoil\n|\n|-weather|SunnyDay|[upkeep]\n|-heal|p2a: Incineroar|93/100|[from] item: Leftovers\n|-damage|p1b: Torkoal|88/100 psn|[from] psn\n|upkeep\n|\n|t:|1776054340\n|switch|p1a: Incineroar|Incineroar, L50, F|55/100\n|-status|p1a: Incineroar|psn\n|-ability|p1a: Incineroar|Intimidate|boost\n|-unboost|p2a: Incineroar|atk|1\n|-unboost|p2b: Crabominable|atk|1\n|turn|4\n|\n|t:|1776054364\n|switch|p2b: Slowking|Slowking, L50, F|100/100\n|switch|p2a: Glimmora|Glimmora, L50, M|92/100\n|move|p1a: Incineroar|Fake Out|p2a: Glimmora\n|-resisted|p2a: Glimmora|1\n|-damage|p2a: Glimmora|83/100\n|-activate|p2a: Glimmora|ability: Toxic Debris\n|-sidestart|p1: xlent|move: Toxic Spikes\n|move|p1b: Torkoal|Eruption|p2a: Glimmora|[spread] p2a,p2b\n|-resisted|p2a: Glimmora|1\n|-resisted|p2b: Slowking|1\n|-damage|p2a: Glimmora|32/100\n|-damage|p2b: Slowking|77/100\n|\n|-weather|SunnyDay|[upkeep]\n|-damage|p1b: Torkoal|76/100 psn|[from] psn\n|-damage|p1a: Incineroar|43/100 psn|[from] psn\n|upkeep\n|-enditem|p1a: Incineroar|Sitrus Berry|[eat]\n|-heal|p1a: Incineroar|67/100 psn|[from] item: Sitrus Berry\n|turn|5\n|\n|t:|1776054391\n|switch|p2b: Incineroar|Incineroar, L50, M|93/100\n|-ability|p2b: Incineroar|Intimidate|boost\n|-unboost|p1a: Incineroar|atk|1\n|-unboost|p1b: Torkoal|atk|1\n|move|p2a: Glimmora|Spiky Shield|p2a: Glimmora\n|-singleturn|p2a: Glimmora|move: Protect\n|move|p1b: Torkoal|Earth Power|p2a: Glimmora\n|-activate|p2a: Glimmora|move: Protect\n|move|p1a: Incineroar|Darkest Lariat|p2b: Incineroar\n|-resisted|p2b: Incineroar|1\n|-damage|p2b: Incineroar|79/100\n|\n|-weather|SunnyDay|[upkeep]\n|-heal|p2b: Incineroar|85/100|[from] item: Leftovers\n|-damage|p1b: Torkoal|63/100 psn|[from] psn\n|-damage|p1a: Incineroar|55/100 psn|[from] psn\n|-fieldend|move: Trick Room\n|upkeep\n|turn|6\n|\n|t:|1776054423\n|move|p2b: Incineroar|Fake Out|p1a: Incineroar\n|-damage|p1a: Incineroar|45/100 psn\n|move|p2a: Glimmora|Power Gem|p1b: Torkoal\n|-supereffective|p1b: Torkoal|1\n|-damage|p1b: Torkoal|0 fnt\n|faint|p1b: Torkoal\n|cant|p1a: Incineroar|flinch\n|\n|-weather|SunnyDay|[upkeep]\n|-heal|p2b: Incineroar|91/100|[from] item: Leftovers\n|-damage|p1a: Incineroar|32/100 psn|[from] psn\n|upkeep\n|\n|t:|1776054429\n|switch|p1b: Kingambit|Kingambit, L50, M|100/100\n|turn|7\n|\n|t:|1776054455\n|move|p2a: Glimmora|Earth Power|p1b: Kingambit\n|-supereffective|p1b: Kingambit|1\n|-damage|p1b: Kingambit|46/100\n|move|p2b: Incineroar|Flare Blitz|p1b: Kingambit\n|-supereffective|p1b: Kingambit|1\n|-damage|p1b: Kingambit|0 fnt\n|faint|p1b: Kingambit\n|-damage|p2b: Incineroar|76/100|[from] Recoil\n|move|p1a: Incineroar|Darkest Lariat|p2a: Glimmora\n|-damage|p2a: Glimmora|0 fnt\n|faint|p2a: Glimmora\n|\n|-weather|none\n|-heal|p2b: Incineroar|82/100|[from] item: Leftovers\n|-damage|p1a: Incineroar|20/100 psn|[from] psn\n|upkeep\n|-message|xlent forfeited.\n|\n|win|BigPurplePops\n|raw|xlent's rating: 1107 &rarr; <strong>1078</strong><br />(-29 for losing)\n|raw|BigPurplePops's rating: 1044 &rarr; <strong>1083</strong><br />(+39 for winning)\n|l|\u2606xlent\n|player|p1|\n",
  "uploadtime": 1776054476,
  "views": 10,
  "formatid": "gen9championsvgc2026regma",
  "rating": 1078,
  "private": 0,
  "password": null
}