{
  "id": "gen9championsvgc2026regma-2586730606",
  "format": "[Gen 9 Champions] VGC 2026 Reg M-A",
  "players": [
    "isthis6thgood",
    "Sceptilicious"
  ],
  "log": "|j|\u2606isthis6thgood\n|j|\u2606Sceptilicious\n|t:|1776455464\n|gametype|doubles\n|player|p1|isthis6thgood|101|1247\n|player|p2|Sceptilicious|266|1267\n|gen|9\n|tier|[Gen 9 Champions] VGC 2026 Reg M-A\n|rated|\n|rule|Species Clause: Limit one of each Pok\u00e9mon\n|rule|Item Clause: Limit 1 of each item\n|clearpoke\n|poke|p1|Scovillain, L50, F|\n|poke|p1|Sneasler, L50, F|\n|poke|p1|Garchomp, L50, M|\n|poke|p1|Dragapult, L50, M|\n|poke|p1|Tyranitar, L50, F|\n|poke|p1|Volcarona, L50, F|\n|poke|p2|Sinistcha, L50|\n|poke|p2|Incineroar, L50, M|\n|poke|p2|Gyarados, L50, M|\n|poke|p2|Kommo-o, L50, M|\n|poke|p2|Gengar, L50, F|\n|poke|p2|Tinkaton, L50, F|\n|teampreview|4\n|inactive|Battle timer is ON: inactive players will automatically lose when time's up. (requested by isthis6thgood)\nisthis6thgood rejected open team sheets.\n|inactive|Sceptilicious has 60 seconds left.\n|\n|t:|1776455517\n|teamsize|p1|4\n|teamsize|p2|4\n|start\n|switch|p1a: Scovillain|Scovillain, L50, F|100/100\n|switch|p1b: Sneasler|Sneasler, L50, F|100/100\n|switch|p2a: Incineroar|Incineroar, L50, M|100/100\n|switch|p2b: Gyarados|Gyarados, L50, M|100/100\n|-ability|p2b: Gyarados|Intimidate|boost\n|-unboost|p1a: Scovillain|atk|1\n|-unboost|p1b: Sneasler|atk|1\n|-ability|p2a: Incineroar|Intimidate|boost\n|-unboost|p1a: Scovillain|atk|1\n|-unboost|p1b: Sneasler|atk|1\n|-enditem|p1b: Sneasler|White Herb\n|-clearnegativeboost|p1b: Sneasler|[silent]\n|turn|1\n|inactive|Sceptilicious has 30 seconds left.\n|\n|t:|1776455548\n|switch|p1b: Dragapult|Dragapult, L50, M|100/100\n|detailschange|p2b: Gyarados|Gyarados-Mega, L50, M\n|-mega|p2b: Gyarados|Gyarados|Gyaradosite\n|-ability|p2b: Gyarados|Mold Breaker\n|detailschange|p1a: Scovillain|Scovillain-Mega, L50, F\n|-mega|p1a: Scovillain|Scovillain|Scovillainite\n|move|p2a: Incineroar|Fake Out|p1a: Scovillain\n|-damage|p1a: Scovillain|90/100\n|-immune|p2a: Incineroar\n|move|p2b: Gyarados|Waterfall|p1b: Dragapult\n|-resisted|p1b: Dragapult|1\n|-damage|p1b: Dragapult|74/100\n|cant|p1a: Scovillain|flinch\n|\n|upkeep\n|turn|2\n|inactive|isthis6thgood has 30 seconds left.\n|inactive|Sceptilicious has 30 seconds left.\n|\n|t:|1776455578\n|switch|p2b: Tinkaton|Tinkaton, L50, F|100/100\n|move|p1b: Dragapult|Dragon Darts|p2a: Incineroar\n|-damage|p2a: Incineroar|79/100\n|-anim|p1b: Dragapult|Dragon Darts|p2a: Incineroar\n|-damage|p2a: Incineroar|54/100\n|move|p1a: Scovillain|Spicy Extract|p1b: Dragapult\n|-fail|p1b: Dragapult|unboost|[from] ability: Clear Body|[of] p1b: Dragapult\n|-boost|p1b: Dragapult|atk|2\n|move|p2a: Incineroar|Throat Chop|p1b: Dragapult\n|-supereffective|p1b: Dragapult|1\n|-damage|p1b: Dragapult|0 fnt\n|faint|p1b: Dragapult\n|\n|upkeep\n|\n|t:|1776455598\n|switch|p1b: Garchomp|Garchomp, L50, M|100/100\n|turn|3\n|\n|t:|1776455617\n|move|p2b: Tinkaton|Protect|p2b: Tinkaton\n|-singleturn|p2b: Tinkaton|Protect\n|move|p1a: Scovillain|Rage Powder|p1a: Scovillain\n|-singleturn|p1a: Scovillain|move: Rage Powder\n|move|p1b: Garchomp|Stomping Tantrum|p2a: Incineroar\n|-supereffective|p2a: Incineroar|1\n|-damage|p2a: Incineroar|0 fnt\n|faint|p2a: Incineroar\n|\n|upkeep\n|\n|t:|1776455628\n|switch|p2a: Sinistcha|Sinistcha, L50|100/100\n|turn|4\n|\n|t:|1776455647\n|move|p1a: Scovillain|Rage Powder|p1a: Scovillain\n|-singleturn|p1a: Scovillain|move: Rage Powder\n|move|p1b: Garchomp|Stomping Tantrum|p2b: Tinkaton\n|-supereffective|p2b: Tinkaton|1\n|-crit|p2b: Tinkaton\n|-damage|p2b: Tinkaton|0 fnt\n|faint|p2b: Tinkaton\n|move|p2a: Sinistcha|Matcha Gotcha|p1b: Garchomp|[spread] p1a,p1b\n|-resisted|p1a: Scovillain|2\n|-damage|p1a: Scovillain|81/100\n|-damage|p1b: Garchomp|68/100\n|-status|p2a: Sinistcha|brn|[from] ability: Spicy Spray|[of] p1a: Scovillain\n|\n|-damage|p2a: Sinistcha|94/100 brn|[from] brn\n|upkeep\n|\n|t:|1776455659\n|switch|p2b: Gyarados|Gyarados-Mega, L50, M|100/100\n|-ability|p2b: Gyarados|Mold Breaker\n|turn|5\n|\n|t:|1776455676\n|move|p1b: Garchomp|Stomping Tantrum|p2a: Sinistcha\n|-resisted|p2a: Sinistcha|1\n|-damage|p2a: Sinistcha|72/100 brn\n|move|p2b: Gyarados|Crunch|p1b: Garchomp\n|-damage|p1b: Garchomp|22/100\n|-damage|p2b: Gyarados|88/100|[from] ability: Rough Skin|[of] p1b: Garchomp\n|move|p1a: Scovillain|Overheat|p2a: Sinistcha\n|-supereffective|p2a: Sinistcha|1\n|-damage|p2a: Sinistcha|0 fnt\n|-unboost|p1a: Scovillain|spa|2\n|faint|p2a: Sinistcha\n|\n|upkeep\n|turn|6\n|\n|t:|1776455692\n|move|p1a: Scovillain|Rage Powder|p1a: Scovillain\n|-singleturn|p1a: Scovillain|move: Rage Powder\n|move|p1b: Garchomp|Stomping Tantrum|p2b: Gyarados\n|-damage|p2b: Gyarados|49/100\n|move|p2b: Gyarados|Earthquake|p1a: Scovillain|[spread] p1a,p1b\n|-damage|p1a: Scovillain|58/100\n|-damage|p1b: Garchomp|0 fnt\n|-status|p2b: Gyarados|brn|[from] ability: Spicy Spray|[of] p1a: Scovillain\n|faint|p1b: Garchomp\n|\n|-damage|p2b: Gyarados|43/100 brn|[from] brn\n|upkeep\n|\n|t:|1776455705\n|switch|p1b: Sneasler|Sneasler, L50, F|100/100\n|turn|7\n|c|\u2606Sceptilicious|gg wp\n|\n|t:|1776455713\n|move|p1a: Scovillain|Rage Powder|p1a: Scovillain\n|-singleturn|p1a: Scovillain|move: Rage Powder\n|move|p1b: Sneasler|Close Combat|p2b: Gyarados\n|-supereffective|p2b: Gyarados|1\n|-damage|p2b: Gyarados|0 fnt\n|-unboost|p1b: Sneasler|def|1\n|-unboost|p1b: Sneasler|spd|1\n|faint|p2b: Gyarados\n|\n|win|isthis6thgood\n|raw|isthis6thgood's rating: 1247 &rarr; <strong>1273</strong><br />(+26 for winning)\n|raw|Sceptilicious's rating: 1267 &rarr; <strong>1241</strong><br />(-26 for losing)\n",
  "uploadtime": 1776455721,
  "views": 41,
  "formatid": "gen9championsvgc2026regma",
  "rating": 1241,
  "private": 0,
  "password": null
}