{
  "id": "gen9championsvgc2026regma-2582625030",
  "format": "[Gen 9 Champions] VGC 2026 Reg M-A",
  "players": [
    "PokeMooney",
    "SGambler"
  ],
  "log": "|j|\u2606PokeMooney\n|j|\u2606SGambler\n|t:|1776103394\n|gametype|doubles\n|player|p1|PokeMooney|giovanni|1093\n|player|p2|SGambler|101|1055\n|gen|9\n|tier|[Gen 9 Champions] VGC 2026 Reg M-A\n|rated|\n|rule|Species Clause: Limit one of each Pok\u00e9mon\n|rule|Item Clause: Limit 1 of each item\n|clearpoke\n|poke|p1|Charizard, L50, M|\n|poke|p1|Aegislash, L50, F|\n|poke|p1|Garchomp, L50, M|\n|poke|p1|Venusaur, L50, F|\n|poke|p1|Incineroar, L50, F|\n|poke|p1|Rotom-Wash, L50|\n|poke|p2|Milotic, L50, F|\n|poke|p2|Garchomp, L50, F|\n|poke|p2|Kangaskhan, L50, F|\n|poke|p2|Sneasler, L50, F|\n|poke|p2|Sinistcha, L50|\n|poke|p2|Talonflame, L50, M|\n|teampreview|4\n|\n|t:|1776103417\n|teamsize|p1|4\n|teamsize|p2|4\n|start\n|switch|p1a: Charizard|Charizard, L50, M|100/100\n|switch|p1b: Venusaur|Venusaur, L50, F|100/100\n|switch|p2a: Garchomp|Garchomp, L50, F|100/100\n|switch|p2b: Talonflame|Talonflame, L50, M|100/100\n|turn|1\n|\n|t:|1776103449\n|switch|p1b: Rotom|Rotom-Wash, L50|100/100\n|detailschange|p1a: Charizard|Charizard-Mega-Y, L50, M\n|-mega|p1a: Charizard|Charizard|Charizardite Y\n|-weather|SunnyDay|[from] ability: Drought|[of] p1a: Charizard\n|move|p2a: Garchomp|Protect|p2a: Garchomp\n|-singleturn|p2a: Garchomp|Protect\n|move|p1a: Charizard|Protect|p1a: Charizard\n|-singleturn|p1a: Charizard|Protect\n|move|p2b: Talonflame|Tailwind|p2b: Talonflame\n|-sidestart|p2: SGambler|move: Tailwind\n|\n|-weather|SunnyDay|[upkeep]\n|upkeep\n|turn|2\n|\n|t:|1776103474\n|switch|p1a: Incineroar|Incineroar, L50, F|100/100\n|-ability|p1a: Incineroar|Intimidate|boost\n|-unboost|p2a: Garchomp|atk|1\n|-unboost|p2b: Talonflame|atk|1\n|move|p2b: Talonflame|Will-O-Wisp|p1b: Rotom\n|-status|p1b: Rotom|brn\n|move|p2a: Garchomp|Rock Slide|p1b: Rotom|[spread] p1a,p1b\n|-supereffective|p1a: Incineroar|1\n|-damage|p1a: Incineroar|79/100\n|-damage|p1b: Rotom|86/100 brn\n|cant|p1b: Rotom|flinch\n|\n|-weather|SunnyDay|[upkeep]\n|-damage|p1b: Rotom|81/100 brn|[from] brn\n|upkeep\n|turn|3\n|\n|t:|1776103502\n|switch|p2b: Kangaskhan|Kangaskhan, L50, F|100/100\n|move|p1a: Incineroar|Fake Out|p2a: Garchomp\n|-damage|p2a: Garchomp|90/100\n|cant|p2a: Garchomp|flinch\n|move|p1b: Rotom|Will-O-Wisp|p2a: Garchomp\n|-status|p2a: Garchomp|brn\n|\n|-weather|SunnyDay|[upkeep]\n|-damage|p2a: Garchomp|84/100 brn|[from] brn\n|-damage|p1b: Rotom|75/100 brn|[from] brn\n|upkeep\n|turn|4\n|\n|t:|1776103521\n|switch|p1a: Venusaur|Venusaur, L50, F|100/100\n|detailschange|p2b: Kangaskhan|Kangaskhan-Mega, L50, F\n|-mega|p2b: Kangaskhan|Kangaskhan|Kangaskhanite\n|move|p2a: Garchomp|Rock Slide|p1b: Rotom|[spread] p1a,p1b\n|-damage|p1a: Venusaur|93/100\n|-damage|p1b: Rotom|68/100 brn\n|move|p2b: Kangaskhan|Double-Edge|p1b: Rotom\n|-damage|p1b: Rotom|4/100 brn\n|-enditem|p1b: Rotom|Sitrus Berry|[eat]\n|-heal|p1b: Rotom|29/100 brn|[from] item: Sitrus Berry\n|-damage|p1b: Rotom|12/100 brn\n|-hitcount|p1b: Rotom|2\n|-damage|p2b: Kangaskhan|79/100|[from] Recoil\n|cant|p1b: Rotom|flinch\n|\n|-weather|SunnyDay|[upkeep]\n|-damage|p2a: Garchomp|78/100 brn|[from] brn\n|-damage|p1b: Rotom|6/100 brn|[from] brn\n|-sideend|p2: SGambler|move: Tailwind\n|upkeep\n|turn|5\n|c|\u2606PokeMooney|Man, fuck\n|\n|t:|1776103559\n|switch|p1b: Incineroar|Incineroar, L50, F|79/100\n|-ability|p1b: Incineroar|Intimidate|boost\n|-unboost|p2a: Garchomp|atk|1\n|-unboost|p2b: Kangaskhan|atk|1\n|move|p2a: Garchomp|Protect|p2a: Garchomp\n|-singleturn|p2a: Garchomp|Protect\n|move|p2b: Kangaskhan|Protect|p2b: Kangaskhan\n|-singleturn|p2b: Kangaskhan|Protect\n|move|p1a: Venusaur|Sleep Powder|p2b: Kangaskhan\n|-activate|p2b: Kangaskhan|move: Protect\n|\n|-weather|none\n|-damage|p2a: Garchomp|72/100 brn|[from] brn\n|upkeep\n|turn|6\n|\n|t:|1776103580\n|switch|p2b: Talonflame|Talonflame, L50, M|100/100\n|move|p1b: Incineroar|Fake Out|p2b: Talonflame\n|-damage|p2b: Talonflame|87/100\n|move|p2a: Garchomp|Rock Slide|p1a: Venusaur|[spread] p1a,p1b\n|-supereffective|p1b: Incineroar|1\n|-damage|p1a: Venusaur|86/100\n|-damage|p1b: Incineroar|71/100\n|move|p1a: Venusaur|Sleep Powder|p2b: Talonflame\n|-status|p2b: Talonflame|slp|[from] move: Sleep Powder\n|\n|-damage|p2a: Garchomp|66/100 brn|[from] brn\n|upkeep\n|turn|7\n|\n|t:|1776103610\n|cant|p2b: Talonflame|slp\n|move|p2a: Garchomp|Earthquake|p1a: Venusaur|[spread] p1a,p1b\n|-immune|p2b: Talonflame\n|-crit|p1a: Venusaur\n|-supereffective|p1b: Incineroar|1\n|-enditem|p1b: Incineroar|Shuca Berry|[eat]\n|-enditem|p1b: Incineroar|Shuca Berry|[weaken]\n|-damage|p1a: Venusaur|47/100\n|-damage|p1b: Incineroar|64/100\n|move|p1a: Venusaur|Leaf Storm|p2a: Garchomp|[miss]\n|-miss|p1a: Venusaur|p2a: Garchomp\n|move|p1b: Incineroar|Parting Shot|p2a: Garchomp\n|-unboost|p2a: Garchomp|atk|1\n|-unboost|p2a: Garchomp|spa|1\n|\n|t:|1776103625\n|switch|p1b: Charizard|Charizard-Mega-Y, L50, M|100/100|[from] Parting Shot\n|-weather|SunnyDay|[from] ability: Drought|[of] p1b: Charizard\n|\n|-weather|SunnyDay|[upkeep]\n|-damage|p2a: Garchomp|60/100 brn|[from] brn\n|upkeep\n|turn|8\n|\n|t:|1776103643\n|move|p1a: Venusaur|Sludge Bomb|p2b: Talonflame\n|-damage|p2b: Talonflame|33/100 slp\n|cant|p2b: Talonflame|slp\n|move|p2a: Garchomp|Rock Slide|p1b: Charizard|[spread] p1a,p1b\n|-supereffective|p1b: Charizard|2\n|-damage|p1a: Venusaur|42/100\n|-damage|p1b: Charizard|77/100\n|cant|p1b: Charizard|flinch\n|\n|-weather|SunnyDay|[upkeep]\n|-damage|p2a: Garchomp|54/100 brn|[from] brn\n|upkeep\n|turn|9\n|\n|t:|1776103661\n|move|p1a: Venusaur|Leaf Storm|p2a: Garchomp\n|-damage|p2a: Garchomp|0 fnt\n|-unboost|p1a: Venusaur|spa|2\n|faint|p2a: Garchomp\n|-curestatus|p2b: Talonflame|slp|[msg]\n|move|p2b: Talonflame|Tailwind|p2b: Talonflame\n|-sidestart|p2: SGambler|move: Tailwind\n|move|p1b: Charizard|Heat Wave|p2b: Talonflame\n|-resisted|p2b: Talonflame|1\n|-damage|p2b: Talonflame|0 fnt\n|faint|p2b: Talonflame\n|\n|-weather|SunnyDay|[upkeep]\n|upkeep\n|c|\u2606PokeMooney|Thank you\n|\n|t:|1776103676\n|switch|p2b: Kangaskhan|Kangaskhan-Mega, L50, F|79/100\n|switch|p2a: Milotic|Milotic, L50, F|100/100\n|turn|10\n|\n|t:|1776103692\n|move|p1a: Venusaur|Protect|p1a: Venusaur\n|-singleturn|p1a: Venusaur|Protect\n|move|p1b: Charizard|Protect|p1b: Charizard\n|-singleturn|p1b: Charizard|Protect\n|move|p2b: Kangaskhan|Sucker Punch||[still]\n|-fail|p2b: Kangaskhan\n|move|p2a: Milotic|Scald|p1b: Charizard\n|-activate|p1b: Charizard|move: Protect\n|\n|-weather|SunnyDay|[upkeep]\n|upkeep\n|turn|11\n|\n|t:|1776103709\n|switch|p1b: Rotom|Rotom-Wash, L50|6/100 brn\n|move|p2b: Kangaskhan|Sucker Punch||[still]\n|-fail|p2b: Kangaskhan\n|move|p1a: Venusaur|Sleep Powder|p2a: Milotic|[miss]\n|-miss|p1a: Venusaur|p2a: Milotic\n|move|p2a: Milotic|Scald|p1b: Rotom\n|-resisted|p1b: Rotom|1\n|-damage|p1b: Rotom|0 fnt\n|faint|p1b: Rotom\n|\n|-weather|none\n|upkeep\n|\n|t:|1776103723\n|switch|p1b: Charizard|Charizard-Mega-Y, L50, M|77/100\n|-weather|SunnyDay|[from] ability: Drought|[of] p1b: Charizard\n|turn|12\n|\n|t:|1776103739\n|move|p1a: Venusaur|Sleep Powder|p2b: Kangaskhan\n|-status|p2b: Kangaskhan|slp|[from] move: Sleep Powder\n|cant|p2b: Kangaskhan|slp\n|move|p2a: Milotic|Scald|p1b: Charizard\n|-supereffective|p1b: Charizard|1\n|-crit|p1b: Charizard\n|-damage|p1b: Charizard|23/100\n|move|p1b: Charizard|Solar Beam||[still]\n|-prepare|p1b: Charizard|Solar Beam\n|-anim|p1b: Charizard|Solar Beam|p2a: Milotic\n|-supereffective|p2a: Milotic|1\n|-damage|p2a: Milotic|25/100\n|\n|-weather|SunnyDay|[upkeep]\n|-heal|p2a: Milotic|31/100|[from] item: Leftovers\n|-sideend|p2: SGambler|move: Tailwind\n|upkeep\n|turn|13\n|\n|t:|1776103762\n|move|p2a: Milotic|Protect|p2a: Milotic\n|-singleturn|p2a: Milotic|Protect\n|move|p1a: Venusaur|Leaf Storm|p2a: Milotic\n|-activate|p2a: Milotic|move: Protect\n|move|p1b: Charizard|Weather Ball|p2b: Kangaskhan\n|-damage|p2b: Kangaskhan|0 fnt\n|faint|p2b: Kangaskhan\n|\n|-weather|SunnyDay|[upkeep]\n|-heal|p2a: Milotic|37/100|[from] item: Leftovers\n|upkeep\n|turn|14\n|\n|t:|1776103779\n|move|p1b: Charizard|Protect|p1b: Charizard\n|-singleturn|p1b: Charizard|Protect\n|move|p1a: Venusaur|Leaf Storm|p2a: Milotic\n|-supereffective|p2a: Milotic|1\n|-damage|p2a: Milotic|0 fnt\n|-unboost|p1a: Venusaur|spa|2\n|faint|p2a: Milotic\n|\n|win|PokeMooney\n|raw|PokeMooney's rating: 1093 &rarr; <strong>1116</strong><br />(+23 for winning)\n|raw|SGambler's rating: 1055 &rarr; <strong>1039</strong><br />(-16 for losing)\n",
  "uploadtime": 1776103790,
  "views": 14,
  "formatid": "gen9championsvgc2026regma",
  "rating": 1039,
  "private": 0,
  "password": null
}