{
  "id": "gen9championsvgc2026regma-2583807431",
  "format": "[Gen 9 Champions] VGC 2026 Reg M-A",
  "players": [
    "AVGNmasterr",
    "ZeroPops"
  ],
  "log": "|j|\u2606AVGNmasterr\n|j|\u2606ZeroPops\n|t:|1776199142\n|gametype|doubles\n|player|p1|AVGNmasterr|blackbelt-gen4dp|1196\n|player|p2|ZeroPops|266|1297\n|gen|9\n|tier|[Gen 9 Champions] VGC 2026 Reg M-A\n|rated|\n|rule|Species Clause: Limit one of each Pok\u00e9mon\n|rule|Item Clause: Limit 1 of each item\n|clearpoke\n|poke|p1|Farigiraf, L50, F|\n|poke|p1|Aerodactyl, L50, F|\n|poke|p1|Floette-Eternal, L50, F|\n|poke|p1|Sinistcha, L50|\n|poke|p1|Incineroar, L50, F|\n|poke|p1|Garchomp, L50, F|\n|poke|p2|Floette-Eternal, L50, F|\n|poke|p2|Aerodactyl, L50, F|\n|poke|p2|Sneasler, L50, M|\n|poke|p2|Incineroar, L50, M|\n|poke|p2|Kingambit, L50, F|\n|poke|p2|Basculegion, L50, M|\n|teampreview|4\n|inactive|Battle timer is ON: inactive players will automatically lose when time's up. (requested by AVGNmasterr)\n|inactive|AVGNmasterr has 60 seconds left.\n|inactive|ZeroPops has 60 seconds left.\nZeroPops rejected open team sheets.\n|\n|t:|1776199200\n|teamsize|p1|4\n|teamsize|p2|4\n|start\n|switch|p1a: Aerodactyl|Aerodactyl, L50, F|100/100\n|switch|p1b: Garchomp|Garchomp, L50, F|100/100\n|switch|p2a: Floette|Floette-Eternal, L50, F|100/100\n|switch|p2b: Kingambit|Kingambit, L50, F|100/100\n|-ability|p1a: Aerodactyl|Unnerve\n|turn|1\n|inactive|ZeroPops has 30 seconds left.\n|inactive|ZeroPops has 20 seconds left.\n|\n|t:|1776199237\n|detailschange|p2a: Floette|Floette-Mega, L50, F\n|-mega|p2a: Floette|Floette|Floettite\n|-ability|p2a: Floette|Fairy Aura\n|move|p1a: Aerodactyl|Rock Slide|p2b: Kingambit|[spread] p2a,p2b\n|-resisted|p2b: Kingambit|1\n|-damage|p2a: Floette|75/100\n|-damage|p2b: Kingambit|91/100\n|move|p1b: Garchomp|Earthquake|p2a: Floette|[spread] p2a,p2b\n|-immune|p1a: Aerodactyl\n|-supereffective|p2b: Kingambit|1\n|-damage|p2a: Floette|35/100\n|-damage|p2b: Kingambit|27/100\n|cant|p2a: Floette|flinch\n|move|p2b: Kingambit|Kowtow Cleave|p1a: Aerodactyl\n|-enditem|p1a: Aerodactyl|Focus Sash\n|-damage|p1a: Aerodactyl|1/100\n|\n|upkeep\n|turn|2\n|\n|t:|1776199258\n|switch|p2b: Incineroar|Incineroar, L50, M|100/100\n|-ability|p2b: Incineroar|Intimidate|boost\n|-unboost|p1a: Aerodactyl|atk|1\n|-unboost|p1b: Garchomp|atk|1\n|-enditem|p1b: Garchomp|White Herb\n|-clearnegativeboost|p1b: Garchomp|[silent]\n|move|p1a: Aerodactyl|Tailwind|p1a: Aerodactyl\n|-sidestart|p1: AVGNmasterr|move: Tailwind\n|move|p1b: Garchomp|Earthquake|p2a: Floette|[spread] p2a,p2b\n|-immune|p1a: Aerodactyl\n|-supereffective|p2b: Incineroar|1\n|-damage|p2a: Floette|0 fnt\n|-damage|p2b: Incineroar|26/100\n|faint|p2a: Floette\n|\n|upkeep\n|\n|t:|1776199270\n|switch|p2a: Kingambit|Kingambit, L50, F|27/100\n|turn|3\n|\n|t:|1776199277\n|move|p1a: Aerodactyl|Protect|p1a: Aerodactyl\n|-singleturn|p1a: Aerodactyl|Protect\n|move|p1b: Garchomp|Protect|p1b: Garchomp\n|-singleturn|p1b: Garchomp|Protect\n|move|p2b: Incineroar|Fake Out|p1b: Garchomp\n|-activate|p1b: Garchomp|move: Protect\n|move|p2a: Kingambit|Kowtow Cleave|p1b: Garchomp\n|-activate|p1b: Garchomp|move: Protect\n|\n|upkeep\n|turn|4\n|\n|t:|1776199295\n|switch|p1a: Floette|Floette-Eternal, L50, F|100/100\n|move|p2a: Kingambit|Sucker Punch||[still]\n|-fail|p2a: Kingambit\n|move|p1b: Garchomp|Earthquake|p2b: Incineroar|[spread] p1a,p2a,p2b\n|-supereffective|p2a: Kingambit|1\n|-crit|p2a: Kingambit\n|-supereffective|p2b: Incineroar|1\n|-damage|p1a: Floette|62/100\n|-damage|p2a: Kingambit|0 fnt\n|-damage|p2b: Incineroar|0 fnt\n|faint|p2a: Kingambit\n|faint|p2b: Incineroar\n|\n|upkeep\n|\n|t:|1776199300\n|switch|p2b: Basculegion|Basculegion, L50, M|100/100\n|turn|5\n|-message|ZeroPops forfeited.\n|\n|win|AVGNmasterr\n|raw|AVGNmasterr's rating: 1196 &rarr; <strong>1228</strong><br />(+32 for winning)\n|raw|ZeroPops's rating: 1297 &rarr; <strong>1265</strong><br />(-32 for losing)\n",
  "uploadtime": 1776199307,
  "views": 88,
  "formatid": "gen9championsvgc2026regma",
  "rating": 1228,
  "private": 0,
  "password": null
}