{
  "id": "gen9championsvgc2026regma-2585223691",
  "format": "[Gen 9 Champions] VGC 2026 Reg M-A",
  "players": [
    "mrfelicia",
    "Munchlaxxxed"
  ],
  "log": "|j|\u2606mrfelicia\n|j|\u2606Munchlaxxxed\n|t:|1776326937\n|gametype|doubles\n|player|p1|mrfelicia|266|1260\n|player|p2|Munchlaxxxed|170|1260\n|gen|9\n|tier|[Gen 9 Champions] VGC 2026 Reg M-A\n|rated|\n|rule|Species Clause: Limit one of each Pok\u00e9mon\n|rule|Item Clause: Limit 1 of each item\n|clearpoke\n|poke|p1|Archaludon, L50, M|\n|poke|p1|Aerodactyl, L50, M|\n|poke|p1|Tauros-Paldea-Aqua, L50, M|\n|poke|p1|Kangaskhan, L50, F|\n|poke|p1|Floette-Eternal, L50, F|\n|poke|p1|Sinistcha, L50|\n|poke|p2|Aerodactyl, L50, M|\n|poke|p2|Charizard, L50, M|\n|poke|p2|Venusaur, L50, M|\n|poke|p2|Aegislash, L50, F|\n|poke|p2|Sneasler, L50, F|\n|poke|p2|Milotic, L50, M|\n|teampreview|4\n|\n|t:|1776326975\n|teamsize|p1|4\n|teamsize|p2|4\n|start\n|switch|p1a: Aerodactyl|Aerodactyl, L50, M|100/100\n|switch|p1b: Archaludon|Archaludon, L50, M|100/100\n|switch|p2a: Sneasler|Sneasler, L50, F|100/100\n|switch|p2b: Aerodactyl|Aerodactyl, L50, M|100/100\n|-ability|p1a: Aerodactyl|Unnerve\n|turn|1\n|\n|t:|1776327019\n|move|p2b: Aerodactyl|Tailwind|p2b: Aerodactyl\n|-sidestart|p2: Munchlaxxxed|move: Tailwind\n|move|p2a: Sneasler|Close Combat|p1b: Archaludon\n|-supereffective|p1b: Archaludon|1\n|-ability|p1b: Archaludon|Sturdy\n|-damage|p1b: Archaludon|1/100\n|-unboost|p2a: Sneasler|def|1\n|-unboost|p2a: Sneasler|spd|1\n|-enditem|p2a: Sneasler|White Herb\n|-clearnegativeboost|p2a: Sneasler|[silent]\n|move|p1a: Aerodactyl|Tailwind|p1a: Aerodactyl\n|-sidestart|p1: mrfelicia|move: Tailwind\n|move|p1b: Archaludon|Flash Cannon|p2b: Aerodactyl\n|-supereffective|p2b: Aerodactyl|1\n|-damage|p2b: Aerodactyl|0 fnt\n|faint|p2b: Aerodactyl\n|\n|-heal|p1b: Archaludon|7/100|[from] item: Leftovers\n|upkeep\n|\n|t:|1776327026\n|switch|p2b: Aegislash|Aegislash, L50, F|100/100\n|turn|2\n|\n|t:|1776327044\n|move|p1b: Archaludon|Protect|p1b: Archaludon\n|-singleturn|p1b: Archaludon|Protect\n|-formechange|p2b: Aegislash|Aegislash-Blade|\n|move|p2b: Aegislash|Shadow Sneak|p1a: Aerodactyl\n|-damage|p1a: Aerodactyl|64/100\n|move|p2a: Sneasler|Close Combat|p1a: Aerodactyl\n|-damage|p1a: Aerodactyl|0 fnt\n|-unboost|p2a: Sneasler|def|1\n|-unboost|p2a: Sneasler|spd|1\n|faint|p1a: Aerodactyl\n|\n|-heal|p1b: Archaludon|13/100|[from] item: Leftovers\n|upkeep\n|\n|t:|1776327057\n|switch|p1a: Sinistcha|Sinistcha, L50|100/100\n|-heal|p1b: Archaludon|38/100|[from] ability: Hospitality|[of] p1a: Sinistcha\n|turn|3\n|\n|t:|1776327083\n|move|p2a: Sneasler|Dire Claw|p1a: Sinistcha\n|-damage|p1a: Sinistcha|58/100\n|-status|p1a: Sinistcha|psn\n|move|p1b: Archaludon|Dragon Pulse|p2a: Sneasler\n|-damage|p2a: Sneasler|4/100\n|move|p1a: Sinistcha|Shadow Ball|p2b: Aegislash\n|-supereffective|p2b: Aegislash|1\n|-damage|p2b: Aegislash|0 fnt\n|faint|p2b: Aegislash\n|\n|-heal|p1b: Archaludon|44/100|[from] item: Leftovers\n|-damage|p1a: Sinistcha|45/100 psn|[from] psn\n|upkeep\n|-enditem|p1a: Sinistcha|Sitrus Berry|[eat]\n|-heal|p1a: Sinistcha|70/100 psn|[from] item: Sitrus Berry\n|\n|t:|1776327094\n|switch|p2b: Charizard|Charizard, L50, M|100/100\n|turn|4\n|\n|t:|1776327112\n|detailschange|p2b: Charizard|Charizard-Mega-Y, L50, M\n|-mega|p2b: Charizard|Charizard|Charizardite Y\n|-weather|SunnyDay|[from] ability: Drought|[of] p2b: Charizard\n|move|p2a: Sneasler|Dire Claw|p1a: Sinistcha\n|-damage|p1a: Sinistcha|25/100 psn\n|move|p2b: Charizard|Heat Wave|p1a: Sinistcha|[spread] p1a,p1b\n|-supereffective|p1a: Sinistcha|1\n|-damage|p1a: Sinistcha|0 fnt\n|-damage|p1b: Archaludon|0 fnt\n|faint|p1a: Sinistcha\n|faint|p1b: Archaludon\n|\n|-weather|SunnyDay|[upkeep]\n|-sideend|p1: mrfelicia|move: Tailwind\n|-sideend|p2: Munchlaxxxed|move: Tailwind\n|upkeep\n|\n|t:|1776327124\n|switch|p1b: Kangaskhan|Kangaskhan, L50, F|100/100\n|turn|5\n|\n|t:|1776327131\n|detailschange|p1b: Kangaskhan|Kangaskhan-Mega, L50, F\n|-mega|p1b: Kangaskhan|Kangaskhan|Kangaskhanite\n|move|p1b: Kangaskhan|Fake Out|p2a: Sneasler\n|-damage|p2a: Sneasler|0 fnt\n|faint|p2a: Sneasler\n|-hitcount|p2: Sneasler|1\n|move|p2b: Charizard|Fire Blast|p1b: Kangaskhan\n|-damage|p1b: Kangaskhan|16/100\n|\n|-weather|SunnyDay|[upkeep]\n|upkeep\n|turn|6\n|\n|t:|1776327142\n|move|p2b: Charizard|Protect|p2b: Charizard\n|-singleturn|p2b: Charizard|Protect\n|move|p1b: Kangaskhan|Double-Edge|p2b: Charizard\n|-activate|p2b: Charizard|move: Protect\n|\n|-weather|SunnyDay|[upkeep]\n|upkeep\n|turn|7\n|\n|t:|1776327150\n|move|p1b: Kangaskhan|Sucker Punch|p2b: Charizard\n|-damage|p2b: Charizard|61/100\n|-damage|p2b: Charizard|53/100\n|-hitcount|p2b: Charizard|2\n|move|p2b: Charizard|Solar Beam||[still]\n|-prepare|p2b: Charizard|Solar Beam\n|-anim|p2b: Charizard|Solar Beam|p1b: Kangaskhan\n|-damage|p1b: Kangaskhan|0 fnt\n|faint|p1b: Kangaskhan\n|\n|win|Munchlaxxxed\n|raw|mrfelicia's rating: 1260 &rarr; <strong>1235</strong><br />(-25 for losing)\n|raw|Munchlaxxxed's rating: 1260 &rarr; <strong>1285</strong><br />(+25 for winning)\n",
  "uploadtime": 1776327150,
  "views": 24,
  "formatid": "gen9championsvgc2026regma",
  "rating": 1235,
  "private": 0,
  "password": null
}