{
  "id": "gen9championsvgc2026regma-2586539707",
  "format": "[Gen 9 Champions] VGC 2026 Reg M-A",
  "players": [
    "Lugugamer14",
    "marcusragz"
  ],
  "log": "|j|\u2606Lugugamer14\n|j|\u2606marcusragz\n|t:|1776441657\n|gametype|doubles\n|player|p1|Lugugamer14|101|1030\n|player|p2|marcusragz|ivor|1000\n|gen|9\n|tier|[Gen 9 Champions] VGC 2026 Reg M-A\n|rated|\n|rule|Species Clause: Limit one of each Pok\u00e9mon\n|rule|Item Clause: Limit 1 of each item\n|clearpoke\n|poke|p1|Gengar, L50, M|\n|poke|p1|Pelipper, L50, F|\n|poke|p1|Incineroar, L50, M|\n|poke|p1|Maushold-Four, L50|\n|poke|p1|Politoed, L50, F|\n|poke|p1|Archaludon, L50, M|\n|poke|p2|Excadrill, L50, M|\n|poke|p2|Incineroar, L50, M|\n|poke|p2|Whimsicott, L50, F|\n|poke|p2|Dragonite, L50, M|\n|poke|p2|Politoed, L50, M|\n|poke|p2|Sinistcha-Masterpiece, L50|\n|teampreview|4\n|inactive|Battle timer is ON: inactive players will automatically lose when time's up. (requested by marcusragz)\nmarcusragz rejected open team sheets.\n|inactive|marcusragz has 60 seconds left.\n|\n|t:|1776441704\n|teamsize|p1|4\n|teamsize|p2|4\n|start\n|switch|p1a: Gengar|Gengar, L50, M|100/100\n|switch|p1b: Maushold|Maushold-Four, L50|100/100\n|switch|p2a: Whimsicott|Whimsicott, L50, F, shiny|100/100\n|switch|p2b: Incineroar|Incineroar, L50, M, shiny|100/100\n|-ability|p2b: Incineroar|Intimidate|boost\n|-unboost|p1a: Gengar|atk|1\n|-unboost|p1b: Maushold|atk|1\n|turn|1\n|\n|t:|1776441730\n|detailschange|p1a: Gengar|Gengar-Mega, L50, M\n|-mega|p1a: Gengar|Gengar|Gengarite\n|move|p2a: Whimsicott|Protect|p2a: Whimsicott\n|-singleturn|p2a: Whimsicott|Protect\n|move|p2b: Incineroar|Fake Out|p1b: Maushold\n|-damage|p1b: Maushold|87/100\n|cant|p1b: Maushold|flinch\n|move|p1a: Gengar|Perish Song|p1a: Gengar\n|-start|p1a: Gengar|perish3|[silent]\n|-start|p1b: Maushold|perish3|[silent]\n|-start|p2a: Whimsicott|perish3|[silent]\n|-start|p2b: Incineroar|perish3|[silent]\n|-fieldactivate|move: Perish Song\n|\n|-start|p1b: Maushold|perish3\n|-start|p1a: Gengar|perish3\n|-start|p2a: Whimsicott|perish3\n|-start|p2b: Incineroar|perish3\n|upkeep\n|turn|2\n|inactive|Lugugamer14 has 30 seconds left.\n|inactive|marcusragz has 30 seconds left.\n|inactive|Lugugamer14 has 20 seconds left.\n|inactive|Lugugamer14 has 15 seconds left.\n|inactive|Lugugamer14 has 10 seconds left.\n|inactive|Lugugamer14 has 5 seconds left.\n|\n|t:|1776441785\n|move|p1b: Maushold|Protect|p1b: Maushold\n|-singleturn|p1b: Maushold|Protect\n|move|p1a: Gengar|Protect|p1a: Gengar\n|-singleturn|p1a: Gengar|Protect\n|move|p2a: Whimsicott|Tailwind|p2a: Whimsicott\n|-sidestart|p2: marcusragz|move: Tailwind\n|move|p2b: Incineroar|Darkest Lariat|p1a: Gengar\n|-activate|p1a: Gengar|move: Protect\n|\n|-start|p2a: Whimsicott|perish2\n|-start|p1b: Maushold|perish2\n|-start|p2b: Incineroar|perish2\n|-start|p1a: Gengar|perish2\n|upkeep\n|turn|3\n|\n|t:|1776441801\n|move|p1b: Maushold|Follow Me|p1b: Maushold\n|-singleturn|p1b: Maushold|move: Follow Me\n|move|p2a: Whimsicott|Encore|p1b: Maushold\n|-start|p1b: Maushold|Encore\n|-enditem|p1b: Maushold|Mental Herb\n|-end|p1b: Maushold|Encore\n|move|p2b: Incineroar|Darkest Lariat|p1b: Maushold\n|-damage|p1b: Maushold|40/100\n|move|p1a: Gengar|Disable|p2b: Incineroar\n|-start|p2b: Incineroar|Disable|Darkest Lariat\n|\n|-start|p2a: Whimsicott|perish1\n|-start|p1b: Maushold|perish1\n|-start|p2b: Incineroar|perish1\n|-start|p1a: Gengar|perish1\n|upkeep\n|turn|4\n|\n|t:|1776441825\n|switch|p1b: Politoed|Politoed, L50, F|100/100\n|-weather|RainDance|[from] ability: Drizzle|[of] p1b: Politoed\n|switch|p1a: Incineroar|Incineroar, L50, M|100/100\n|-ability|p1a: Incineroar|Intimidate|boost\n|-unboost|p2a: Whimsicott|atk|1\n|-unboost|p2b: Incineroar|atk|1\n|move|p2a: Whimsicott|Moonblast|p1b: Politoed\n|-damage|p1b: Politoed|76/100\n|move|p2b: Incineroar|Parting Shot|p1b: Politoed\n|-unboost|p1b: Politoed|atk|1\n|-unboost|p1b: Politoed|spa|1\n|\n|t:|1776441831\n|switch|p2b: Dragonite|Dragonite, L50, M|100/100|[from] Parting Shot\n|\n|-weather|RainDance|[upkeep]\n|-start|p2a: Whimsicott|perish0\n|faint|p2a: Whimsicott\n|upkeep\n|\n|t:|1776441835\n|switch|p2a: Incineroar|Incineroar, L50, M, shiny|100/100\n|-ability|p2a: Incineroar|Intimidate|boost\n|-unboost|p1a: Incineroar|atk|1\n|-unboost|p1b: Politoed|atk|1\n|turn|5\n|inactive|Lugugamer14 has 30 seconds left.\n|\n|t:|1776441870\n|switch|p1b: Gengar|Gengar-Mega, L50, M|100/100\n|detailschange|p2b: Dragonite|Dragonite-Mega, L50, M\n|-mega|p2b: Dragonite|Dragonite|Dragoninite\n|move|p2a: Incineroar|Fake Out|p1a: Incineroar\n|-damage|p1a: Incineroar|93/100\n|cant|p1a: Incineroar|flinch\n|move|p2b: Dragonite|Thunder|p1b: Gengar\n|-damage|p1b: Gengar|50/100\n|\n|-weather|RainDance|[upkeep]\n|-sideend|p2: marcusragz|move: Tailwind\n|upkeep\n|turn|6\n|inactive|Lugugamer14 has 30 seconds left.\n|\n|t:|1776441898\n|move|p1b: Gengar|Protect|p1b: Gengar\n|-singleturn|p1b: Gengar|Protect\n|move|p2b: Dragonite|Hurricane|p1a: Incineroar\n|-damage|p1a: Incineroar|37/100\n|move|p2a: Incineroar|Darkest Lariat|p1b: Gengar\n|-activate|p1b: Gengar|move: Protect\n|move|p1a: Incineroar|Parting Shot|p2b: Dragonite\n|-unboost|p2b: Dragonite|atk|1\n|-unboost|p2b: Dragonite|spa|1\n|\n|t:|1776441913\n|switch|p1a: Politoed|Politoed, L50, F|76/100|[from] Parting Shot\n|\n|-weather|RainDance|[upkeep]\n|upkeep\n|turn|7\n|\n|t:|1776441927\n|move|p2b: Dragonite|Thunder|p1a: Politoed\n|-supereffective|p1a: Politoed|1\n|-damage|p1a: Politoed|23/100\n|-status|p1a: Politoed|par\n|-enditem|p1a: Politoed|Sitrus Berry|[eat]\n|-heal|p1a: Politoed|48/100 par|[from] item: Sitrus Berry\n|move|p1b: Gengar|Perish Song|p1b: Gengar\n|-start|p1a: Politoed|perish3|[silent]\n|-start|p1b: Gengar|perish3|[silent]\n|-start|p2a: Incineroar|perish3|[silent]\n|-start|p2b: Dragonite|perish3|[silent]\n|-fieldactivate|move: Perish Song\n|move|p2a: Incineroar|Darkest Lariat|p1b: Gengar\n|-supereffective|p1b: Gengar|1\n|-damage|p1b: Gengar|0 fnt\n|faint|p1b: Gengar\n|move|p1a: Politoed|Weather Ball|p2a: Incineroar\n|-supereffective|p2a: Incineroar|1\n|-damage|p2a: Incineroar|17/100\n|\n|-weather|RainDance|[upkeep]\n|-start|p2b: Dragonite|perish3\n|-start|p2a: Incineroar|perish3\n|-start|p1a: Politoed|perish3\n|upkeep\n|\n|t:|1776441949\n|switch|p1b: Maushold|Maushold-Four, L50|40/100\n|turn|8\n|inactive|marcusragz has 30 seconds left.\n|inactive|marcusragz has 20 seconds left.\n|inactive|marcusragz has 15 seconds left.\n|\n|t:|1776441990\n|cant|p1a: Politoed|par\n|move|p1b: Maushold|Follow Me|p1b: Maushold\n|-singleturn|p1b: Maushold|move: Follow Me\n|move|p2b: Dragonite|Thunder|p1b: Maushold\n|-damage|p1b: Maushold|4/100\n|-status|p1b: Maushold|par\n|move|p2a: Incineroar|Parting Shot|p1b: Maushold\n|-unboost|p1b: Maushold|atk|1\n|-unboost|p1b: Maushold|spa|1\n|\n|t:|1776441995\n|switch|p2a: Sinistcha|Sinistcha-Masterpiece, L50|100/100|[from] Parting Shot\n|\n|-weather|none\n|-start|p2b: Dragonite|perish2\n|-start|p1a: Politoed|perish2\n|upkeep\n|turn|9\n|inactive|Lugugamer14 has 30 seconds left.\n|inactive|Lugugamer14 has 20 seconds left.\n|inactive|Lugugamer14 has 15 seconds left.\n|\n|t:|1776442037\n|switch|p2b: Incineroar|Incineroar, L50, M, shiny|17/100\n|-ability|p2b: Incineroar|Intimidate|boost\n|-unboost|p1a: Politoed|atk|1\n|-unboost|p1b: Maushold|atk|1\n|move|p1b: Maushold|Follow Me|p1b: Maushold\n|-singleturn|p1b: Maushold|move: Follow Me\n|move|p2a: Sinistcha|Matcha Gotcha|p1a: Politoed|[spread] p1a,p1b\n|-supereffective|p1a: Politoed|1\n|-damage|p1a: Politoed|18/100 par\n|-damage|p1b: Maushold|0 fnt\n|faint|p1b: Maushold\n|move|p1a: Politoed|Perish Song|p1a: Politoed\n|-start|p2a: Sinistcha|perish3|[silent]\n|-start|p2b: Incineroar|perish3|[silent]\n|-fieldactivate|move: Perish Song\n|\n|-start|p2a: Sinistcha|perish3\n|-start|p2b: Incineroar|perish3\n|-start|p1a: Politoed|perish1\n|upkeep\n|-message|Lugugamer14 forfeited.\n|\n|win|marcusragz\n|raw|Lugugamer14's rating: 1030 &rarr; <strong>1014</strong><br />(-16 for losing)\n|raw|marcusragz's rating: 1000 &rarr; <strong>1043</strong><br />(+43 for winning)\n|l|\u2606Lugugamer14\n|player|p1|\n",
  "uploadtime": 1776442057,
  "views": 31,
  "formatid": "gen9championsvgc2026regma",
  "rating": 1014,
  "private": 0,
  "password": null
}