{
  "id": "gen9championsvgc2026regma-2583142735",
  "format": "[Gen 9 Champions] VGC 2026 Reg M-A",
  "players": [
    "caustic soda",
    "Thefastpig"
  ],
  "log": "|j|\u2606caustic soda\n|j|\u2606Thefastpig\n|t:|1776147210\n|gametype|doubles\n|player|p1|caustic soda|102|1151\n|player|p2|Thefastpig|colress|1150\n|gen|9\n|tier|[Gen 9 Champions] VGC 2026 Reg M-A\n|rated|\n|rule|Species Clause: Limit one of each Pok\u00e9mon\n|rule|Item Clause: Limit 1 of each item\n|clearpoke\n|poke|p1|Tyranitar, L50, M|\n|poke|p1|Excadrill, L50, M|\n|poke|p1|Garchomp, L50, M|\n|poke|p1|Aerodactyl, L50, F|\n|poke|p1|Gardevoir, L50, M|\n|poke|p1|Incineroar, L50, M|\n|poke|p2|Kangaskhan, L50, F|\n|poke|p2|Gengar, L50, F|\n|poke|p2|Incineroar, L50, F|\n|poke|p2|Sinistcha, L50|\n|poke|p2|Garchomp, L50, F|\n|poke|p2|Farigiraf, L50, M|\n|teampreview|4\n|inactive|Battle timer is ON: inactive players will automatically lose when time's up. (requested by Thefastpig)\n|inactive|caustic soda has 60 seconds left.\n|\n|t:|1776147258\n|teamsize|p1|4\n|teamsize|p2|4\n|start\n|switch|p1a: Incineroar|Incineroar, L50, M|100/100\n|switch|p1b: Garchomp|Garchomp, L50, M|100/100\n|switch|p2a: Kangaskhan|Kangaskhan, L50, F|100/100\n|switch|p2b: Incineroar|Incineroar, L50, F|100/100\n|-ability|p1a: Incineroar|Intimidate|boost\n|-fail|p2a: Kangaskhan|unboost|Attack|[from] ability: Inner Focus|[of] p2a: Kangaskhan\n|-unboost|p2b: Incineroar|atk|1\n|-ability|p2b: Incineroar|Intimidate|boost\n|-unboost|p1a: Incineroar|atk|1\n|-unboost|p1b: Garchomp|atk|1\n|turn|1\n|\n|t:|1776147280\n|switch|p1b: Tyranitar|Tyranitar, L50, M|100/100\n|-weather|Sandstorm|[from] ability: Sand Stream|[of] p1b: Tyranitar\n|move|p2a: Kangaskhan|Protect|p2a: Kangaskhan\n|-singleturn|p2a: Kangaskhan|Protect\n|move|p1a: Incineroar|Fake Out|p2b: Incineroar\n|-damage|p2b: Incineroar|95/100\n|cant|p2b: Incineroar|flinch\n|\n|-weather|Sandstorm|[upkeep]\n|-damage|p2a: Kangaskhan|94/100|[from] Sandstorm\n|-damage|p1a: Incineroar|95/100|[from] Sandstorm\n|-damage|p2b: Incineroar|89/100|[from] Sandstorm\n|upkeep\n|turn|2\n|\n|t:|1776147301\n|detailschange|p2a: Kangaskhan|Kangaskhan-Mega, L50, F\n|-mega|p2a: Kangaskhan|Kangaskhan|Kangaskhanite\n|move|p2a: Kangaskhan|Double-Edge|p1a: Incineroar\n|-damage|p1a: Incineroar|50/100\n|-enditem|p1a: Incineroar|Sitrus Berry|[eat]\n|-heal|p1a: Incineroar|75/100|[from] item: Sitrus Berry\n|-damage|p1a: Incineroar|64/100\n|-hitcount|p1a: Incineroar|2\n|-damage|p2a: Kangaskhan|77/100|[from] Recoil\n|move|p1b: Tyranitar|Rock Slide|p2b: Incineroar|[spread] p2a,p2b\n|-supereffective|p2b: Incineroar|1\n|-damage|p2a: Kangaskhan|52/100\n|-damage|p2b: Incineroar|47/100\n|move|p1a: Incineroar|Parting Shot|p2a: Kangaskhan\n|-unboost|p2a: Kangaskhan|atk|1\n|-unboost|p2a: Kangaskhan|spa|1\n|\n|t:|1776147324\n|switch|p1a: Gardevoir|Gardevoir, L50, M|100/100|[from] Parting Shot\n|move|p2b: Incineroar|Will-O-Wisp|p1b: Tyranitar\n|-status|p1b: Tyranitar|brn\n|\n|-weather|Sandstorm|[upkeep]\n|-damage|p1a: Gardevoir|95/100|[from] Sandstorm\n|-damage|p2a: Kangaskhan|46/100|[from] Sandstorm\n|-damage|p2b: Incineroar|41/100|[from] Sandstorm\n|-damage|p1b: Tyranitar|95/100 brn|[from] brn\n|upkeep\n|turn|3\n|\n|t:|1776147342\n|switch|p2a: Sinistcha|Sinistcha, L50|100/100\n|-heal|p2b: Incineroar|66/100|[from] ability: Hospitality|[of] p2a: Sinistcha\n|move|p1a: Gardevoir|Moonblast|p2b: Incineroar\n|-crit|p2b: Incineroar\n|-damage|p2b: Incineroar|0 fnt\n|faint|p2b: Incineroar\n|move|p1b: Tyranitar|Rock Slide|p2a: Sinistcha\n|-damage|p2a: Sinistcha|83/100\n|\n|-weather|Sandstorm|[upkeep]\n|-damage|p1a: Gardevoir|89/100|[from] Sandstorm\n|-damage|p2a: Sinistcha|77/100|[from] Sandstorm\n|-damage|p1b: Tyranitar|89/100 brn|[from] brn\n|upkeep\n|\n|t:|1776147356\n|switch|p2b: Kangaskhan|Kangaskhan-Mega, L50, F|46/100\n|turn|4\n|\n|t:|1776147365\n|switch|p1a: Incineroar|Incineroar, L50, M|64/100\n|-ability|p1a: Incineroar|Intimidate|boost\n|-unboost|p2a: Sinistcha|atk|1\n|-unboost|p2b: Kangaskhan|atk|1\n|switch|p2a: Garchomp|Garchomp, L50, F|100/100\n|move|p2b: Kangaskhan|Protect|p2b: Kangaskhan\n|-singleturn|p2b: Kangaskhan|Protect\n|move|p1b: Tyranitar|Protect||[still]\n|-fail|p1b: Tyranitar\n|\n|-weather|Sandstorm|[upkeep]\n|-damage|p2b: Kangaskhan|40/100|[from] Sandstorm\n|-damage|p1a: Incineroar|58/100|[from] Sandstorm\n|-damage|p1b: Tyranitar|83/100 brn|[from] brn\n|upkeep\n|turn|5\n|inactive|Thefastpig has 30 seconds left.\n|\n|t:|1776147392\n|switch|p2a: Sinistcha|Sinistcha, L50|77/100\n|-heal|p2b: Kangaskhan|65/100|[from] ability: Hospitality|[of] p2a: Sinistcha\n|move|p1a: Incineroar|Fake Out|p2a: Sinistcha\n|-immune|p2a: Sinistcha\n|move|p2b: Kangaskhan|Double-Edge|p1a: Incineroar\n|-damage|p1a: Incineroar|27/100\n|-damage|p1a: Incineroar|19/100\n|-hitcount|p1a: Incineroar|2\n|-damage|p2b: Kangaskhan|53/100|[from] Recoil\n|move|p1b: Tyranitar|Knock Off|p2a: Sinistcha\n|-supereffective|p2a: Sinistcha|1\n|-damage|p2a: Sinistcha|33/100\n|-enditem|p2a: Sinistcha|Sitrus Berry|[from] move: Knock Off|[of] p1b: Tyranitar\n|\n|-weather|none\n|-damage|p1b: Tyranitar|77/100 brn|[from] brn\n|upkeep\n|turn|6\n|\n|t:|1776147409\n|move|p2b: Kangaskhan|Double-Edge|p1a: Incineroar\n|-damage|p1a: Incineroar|0 fnt\n|faint|p1a: Incineroar\n|-hitcount|p1: Incineroar|1\n|-damage|p2b: Kangaskhan|47/100|[from] Recoil\n|move|p1b: Tyranitar|Rock Slide|p2b: Kangaskhan|[spread] p2a,p2b\n|-crit|p2b: Kangaskhan\n|-damage|p2a: Sinistcha|19/100\n|-damage|p2b: Kangaskhan|29/100\n|move|p2a: Sinistcha|Matcha Gotcha|p1b: Tyranitar\n|-supereffective|p1b: Tyranitar|1\n|-damage|p1b: Tyranitar|15/100 brn\n|-heal|p2a: Sinistcha|54/100|[from] drain|[of] p1b: Tyranitar\n|\n|-damage|p1b: Tyranitar|9/100 brn|[from] brn\n|upkeep\n|\n|t:|1776147416\n|switch|p1a: Garchomp|Garchomp, L50, M|100/100\n|turn|7\n|\n|t:|1776147436\n|move|p2b: Kangaskhan|Protect|p2b: Kangaskhan\n|-singleturn|p2b: Kangaskhan|Protect\n|move|p1a: Garchomp|Dragon Claw|p2a: Sinistcha\n|-damage|p2a: Sinistcha|16/100\n|move|p1b: Tyranitar|Rock Slide|p2a: Sinistcha|[spread] p2a\n|-activate|p2b: Kangaskhan|move: Protect\n|-damage|p2a: Sinistcha|2/100\n|move|p2a: Sinistcha|Strength Sap|p1a: Garchomp\n|-unboost|p1a: Garchomp|atk|1\n|-heal|p2a: Sinistcha|100/100\n|\n|-damage|p1b: Tyranitar|3/100 brn|[from] brn\n|upkeep\n|turn|8\n|inactive|caustic soda has 30 seconds left.\n|inactive|Thefastpig has 30 seconds left.\n|\n|t:|1776147469\n|switch|p2b: Garchomp|Garchomp, L50, F|100/100\n|move|p1a: Garchomp|Dragon Claw|p2b: Garchomp\n|-supereffective|p2b: Garchomp|1\n|-damage|p2b: Garchomp|56/100\n|-damage|p1a: Garchomp|88/100|[from] ability: Rough Skin|[of] p2b: Garchomp\n|move|p1b: Tyranitar|Rock Slide|p2b: Garchomp|[spread] p2a,p2b\n|-resisted|p2b: Garchomp|1\n|-crit|p2b: Garchomp\n|-damage|p2a: Sinistcha|88/100\n|-damage|p2b: Garchomp|47/100\n|move|p2a: Sinistcha|Matcha Gotcha|p1b: Tyranitar|[spread] p1a,p1b\n|-supereffective|p1b: Tyranitar|1\n|-damage|p1a: Garchomp|62/100\n|-heal|p2a: Sinistcha|100/100|[from] drain|[of] p1a: Garchomp\n|-damage|p1b: Tyranitar|0 fnt\n|faint|p1b: Tyranitar\n|\n|-heal|p2b: Garchomp|53/100|[from] item: Leftovers\n|upkeep\n|\n|t:|1776147493\n|switch|p1b: Gardevoir|Gardevoir, L50, M|89/100\n|turn|9\n|\n|t:|1776147503\n|detailschange|p1b: Gardevoir|Gardevoir-Mega, L50, M\n|-mega|p1b: Gardevoir|Gardevoir|Gardevoirite\n|move|p2a: Sinistcha|Rage Powder|p2a: Sinistcha\n|-singleturn|p2a: Sinistcha|move: Rage Powder\n|move|p1a: Garchomp|Dragon Claw|p2a: Sinistcha\n|-damage|p2a: Sinistcha|78/100\n|move|p1b: Gardevoir|Hyper Voice|p2a: Sinistcha|[spread] p2a,p2b\n|-supereffective|p2b: Garchomp|1\n|-damage|p2a: Sinistcha|34/100\n|-damage|p2b: Garchomp|0 fnt\n|faint|p2b: Garchomp\n|\n|upkeep\n|\n|t:|1776147511\n|switch|p2b: Kangaskhan|Kangaskhan-Mega, L50, F|29/100\n|turn|10\n|\n|t:|1776147532\n|move|p1b: Gardevoir|Protect|p1b: Gardevoir\n|-singleturn|p1b: Gardevoir|Protect\n|move|p2b: Kangaskhan|Fake Out|p1b: Gardevoir\n|-activate|p1b: Gardevoir|move: Protect\n|move|p1a: Garchomp|Dragon Claw|p2a: Sinistcha\n|-damage|p2a: Sinistcha|11/100\n|move|p2a: Sinistcha|Strength Sap|p1a: Garchomp\n|-unboost|p1a: Garchomp|atk|1\n|-heal|p2a: Sinistcha|79/100\n|\n|upkeep\n|turn|11\n|\n|t:|1776147547\n|move|p2b: Kangaskhan|Sucker Punch|p1b: Gardevoir\n|-damage|p1b: Gardevoir|46/100\n|-damage|p1b: Gardevoir|35/100\n|-hitcount|p1b: Gardevoir|2\n|move|p1a: Garchomp|Dragon Claw|p2a: Sinistcha\n|-crit|p2a: Sinistcha\n|-damage|p2a: Sinistcha|26/100\n|move|p1b: Gardevoir|Hyper Voice|p2a: Sinistcha|[spread] p2a,p2b\n|-damage|p2a: Sinistcha|0 fnt\n|-damage|p2b: Kangaskhan|0 fnt\n|faint|p2a: Sinistcha\n|faint|p2b: Kangaskhan\n|\n|win|caustic soda\n|raw|caustic soda's rating: 1151 &rarr; <strong>1176</strong><br />(+25 for winning)\n|raw|Thefastpig's rating: 1150 &rarr; <strong>1125</strong><br />(-25 for losing)\n|l|\u2606Thefastpig\n|player|p2|\n",
  "uploadtime": 1776147559,
  "views": 20,
  "formatid": "gen9championsvgc2026regma",
  "rating": 1125,
  "private": 0,
  "password": null
}