{
  "id": "gen9championsvgc2026regma-2580628398",
  "format": "[Gen 9 Champions] VGC 2026 Reg M-A",
  "players": [
    "nyuladraws",
    "stupidonome"
  ],
  "log": "|j|\u2606nyuladraws\n|j|\u2606stupidonome\n|t:|1775919454\n|gametype|doubles\n|player|p1|nyuladraws|102|1117\n|player|p2|stupidonome|clown|1143\n|gen|9\n|tier|[Gen 9 Champions] VGC 2026 Reg M-A\n|rated|\n|rule|Species Clause: Limit one of each Pok\u00e9mon\n|rule|Item Clause: Limit 1 of each item\n|clearpoke\n|poke|p1|Floette-Eternal, L50, F|\n|poke|p1|Aerodactyl, L50, M|\n|poke|p1|Garchomp, L50, F|\n|poke|p1|Sneasler, L50, F|\n|poke|p1|Basculegion, L50, M|\n|poke|p1|Incineroar, L50, F|\n|poke|p2|Victreebel, L50, M|\n|poke|p2|Garchomp, L50, F|\n|poke|p2|Zoroark-Hisui, L50, M|\n|poke|p2|Orthworm, L50, M|\n|poke|p2|Delphox, L50, F|\n|poke|p2|Sneasler, L50, F|\n|teampreview|4\n|c|\u2606stupidonome|hf\n|c|\u2606nyuladraws|same, gl\n|inactive|Battle timer is ON: inactive players will automatically lose when time's up. (requested by nyuladraws)\n|\n|t:|1775919491\n|teamsize|p1|4\n|teamsize|p2|4\n|start\n|switch|p1a: Aerodactyl|Aerodactyl, L50, M, shiny|100/100\n|switch|p1b: Sneasler|Sneasler, L50, F|100/100\n|switch|p2a: Delphox|Delphox, L50, F|100/100\n|switch|p2b: Sneasler|Sneasler, L50, F|100/100\n|-ability|p1a: Aerodactyl|Unnerve\n|turn|1\n|inactive|stupidonome has 30 seconds left.\n|\n|t:|1775919521\n|detailschange|p2a: Delphox|Delphox-Mega, L50, F\n|-mega|p2a: Delphox|Delphox|Delphoxite\n|move|p2a: Delphox|Protect|p2a: Delphox\n|-singleturn|p2a: Delphox|Protect\n|move|p1a: Aerodactyl|Rock Slide|p2b: Sneasler|[spread] p2b\n|-activate|p2a: Delphox|move: Protect\n|-damage|p2b: Sneasler|50/100\n|replace|p2b: Zoroark|Zoroark-Hisui, L50, M\n|-end|p2b: Zoroark|Illusion\n|move|p2b: Zoroark|Icy Wind|p1a: Aerodactyl|[spread] p1a,p1b\n|-supereffective|p1a: Aerodactyl|1\n|-crit|p1a: Aerodactyl\n|-damage|p1a: Aerodactyl|34/100\n|-damage|p1b: Sneasler|82/100\n|-unboost|p1a: Aerodactyl|spe|1\n|-unboost|p1b: Sneasler|spe|1\n|-enditem|p1b: Sneasler|White Herb\n|-clearnegativeboost|p1b: Sneasler|[silent]\n|move|p1b: Sneasler|Rock Tomb|p2a: Delphox\n|-activate|p2a: Delphox|move: Protect\n|\n|upkeep\n|turn|2\n|inactive|nyuladraws has 30 seconds left.\n|\n|t:|1775919548\n|switch|p2a: Sneasler|Sneasler, L50, F|100/100\n|switch|p1a: Floette|Floette-Eternal, L50, F|100/100\n|move|p1b: Sneasler|Rock Tomb|p2a: Sneasler\n|-resisted|p2a: Sneasler|1\n|-damage|p2a: Sneasler|80/100\n|-unboost|p2a: Sneasler|spe|1\n|-enditem|p2a: Sneasler|White Herb\n|-clearnegativeboost|p2a: Sneasler|[silent]\n|move|p2b: Zoroark|Bitter Malice|p1a: Floette\n|-damage|p1a: Floette|70/100\n|-unboost|p1a: Floette|atk|1\n|\n|upkeep\n|turn|3\n|inactive|nyuladraws has 30 seconds left.\n|\n|t:|1775919577\n|detailschange|p1a: Floette|Floette-Mega, L50, F\n|-mega|p1a: Floette|Floette|Floettite\n|-ability|p1a: Floette|Fairy Aura\n|move|p1a: Floette|Protect|p1a: Floette\n|-singleturn|p1a: Floette|Protect\n|move|p2a: Sneasler|Dire Claw|p1a: Floette\n|-activate|p1a: Floette|move: Protect\n|move|p1b: Sneasler|Dire Claw|p2b: Zoroark\n|-resisted|p2b: Zoroark|1\n|-damage|p2b: Zoroark|2/100\n|move|p2b: Zoroark|Icy Wind|p1b: Sneasler|[spread] p1b\n|-activate|p1a: Floette|move: Protect\n|-damage|p1b: Sneasler|65/100\n|-unboost|p1b: Sneasler|spe|1\n|\n|upkeep\n|turn|4\n|inactive|nyuladraws has 30 seconds left.\n|\n|t:|1775919605\n|switch|p1a: Basculegion|Basculegion, L50, M|100/100\n|move|p2a: Sneasler|Protect|p2a: Sneasler\n|-singleturn|p2a: Sneasler|Protect\n|move|p2b: Zoroark|Protect|p2b: Zoroark\n|-singleturn|p2b: Zoroark|Protect\n|move|p1b: Sneasler|Dire Claw|p2a: Sneasler\n|-activate|p2a: Sneasler|move: Protect\n|\n|upkeep\n|turn|5\n|inactive|nyuladraws has 30 seconds left.\n|\n|t:|1775919631\n|move|p1b: Sneasler|Protect|p1b: Sneasler\n|-singleturn|p1b: Sneasler|Protect\n|move|p2a: Sneasler|Dire Claw|p1b: Sneasler\n|-activate|p1b: Sneasler|move: Protect\n|move|p1a: Basculegion|Flip Turn|p2b: Zoroark\n|-damage|p2b: Zoroark|0 fnt\n|faint|p2b: Zoroark\n|\n|t:|1775919640\n|switch|p1a: Aerodactyl|Aerodactyl, L50, M, shiny|34/100|[from] Flip Turn\n|-ability|p1a: Aerodactyl|Unnerve\n|\n|upkeep\n|\n|t:|1775919644\n|switch|p2b: Delphox|Delphox-Mega, L50, F|100/100\n|turn|6\n|\n|t:|1775919665\n|switch|p1b: Basculegion|Basculegion, L50, M|100/100\n|move|p1a: Aerodactyl|Protect|p1a: Aerodactyl\n|-singleturn|p1a: Aerodactyl|Protect\n|move|p2a: Sneasler|Close Combat|p1a: Aerodactyl\n|-activate|p1a: Aerodactyl|move: Protect\n|move|p2b: Delphox|Psychic|p1b: Basculegion\n|-damage|p1b: Basculegion|48/100\n|\n|upkeep\n|turn|7\n|inactive|nyuladraws has 30 seconds left.\n|\n|t:|1775919698\n|move|p2b: Delphox|Protect|p2b: Delphox\n|-singleturn|p2b: Delphox|Protect\n|move|p2a: Sneasler|Close Combat|p1a: Aerodactyl\n|-damage|p1a: Aerodactyl|0 fnt\n|-unboost|p2a: Sneasler|def|1\n|-unboost|p2a: Sneasler|spd|1\n|faint|p1a: Aerodactyl\n|move|p1b: Basculegion|Wave Crash|p2b: Delphox\n|-activate|p2b: Delphox|move: Protect\n|\n|upkeep\n|\n|t:|1775919705\n|switch|p1a: Sneasler|Sneasler, L50, F|65/100\n|turn|8\n|\n|t:|1775919717\n|switch|p2b: Garchomp|Garchomp, L50, F|100/100\n|move|p2a: Sneasler|Dire Claw|p1b: Basculegion\n|-resisted|p1b: Basculegion|1\n|-damage|p1b: Basculegion|19/100\n|move|p1b: Basculegion|Wave Crash|p2a: Sneasler\n|-crit|p2a: Sneasler\n|-damage|p2a: Sneasler|0 fnt\n|faint|p2a: Sneasler\n|-damage|p1b: Basculegion|0 fnt|[from] Recoil\n|faint|p1b: Basculegion\n|move|p1a: Sneasler|Rock Tomb|p2b: Garchomp\n|-resisted|p2b: Garchomp|1\n|-damage|p2b: Garchomp|91/100\n|-unboost|p2b: Garchomp|spe|1\n|\n|-heal|p2b: Garchomp|97/100|[from] item: Leftovers\n|upkeep\n|\n|t:|1775919733\n|switch|p2a: Delphox|Delphox-Mega, L50, F|100/100\n|switch|p1b: Floette|Floette-Mega, L50, F|70/100\n|-ability|p1b: Floette|Fairy Aura\n|turn|9\n|\n|t:|1775919745\n|move|p2a: Delphox|Psychic|p1a: Sneasler\n|-supereffective|p1a: Sneasler|2\n|-damage|p1a: Sneasler|0 fnt\n|faint|p1a: Sneasler\n|move|p1b: Floette|Dazzling Gleam|p2a: Delphox|[spread] p2a,p2b\n|-resisted|p2a: Delphox|1\n|-supereffective|p2b: Garchomp|1\n|-damage|p2a: Delphox|82/100\n|-damage|p2b: Garchomp|12/100\n|move|p2b: Garchomp|Earthquake|p1b: Floette|[spread] p1b\n|-immune|p2a: Delphox|[from] ability: Levitate\n|-damage|p1b: Floette|37/100\n|\n|-heal|p2b: Garchomp|18/100|[from] item: Leftovers\n|upkeep\n|turn|10\n|\n|t:|1775919759\n|move|p2a: Delphox|Psychic|p1b: Floette\n|-damage|p1b: Floette|0 fnt\n|faint|p1b: Floette\n|\n|win|stupidonome\n|raw|nyuladraws's rating: 1117 &rarr; <strong>1094</strong><br />(-23 for losing)\n|raw|stupidonome's rating: 1143 &rarr; <strong>1166</strong><br />(+23 for winning)\n",
  "uploadtime": 1775919768,
  "views": 10,
  "formatid": "gen9championsvgc2026regma",
  "rating": 1094,
  "private": 0,
  "password": null
}