{
  "id": "gen9championsvgc2026regma-2581976464",
  "format": "[Gen 9 Champions] VGC 2026 Reg M-A",
  "players": [
    "tryson69",
    "Misstaken Magic"
  ],
  "log": "|j|\u2606tryson69\n|j|\u2606Misstaken Magic\n|t:|1776044898\n|gametype|doubles\n|player|p1|tryson69|crasherwake|\n|player|p2|Misstaken Magic|psychic-gen4|\n|gen|9\n|tier|[Gen 9 Champions] VGC 2026 Reg M-A\n|rated|Tournament battle\n|rule|Species Clause: Limit one of each Pok\u00e9mon\n|rule|Item Clause: Limit 1 of each item\n|clearpoke\n|poke|p1|Aggron, L50, F|\n|poke|p1|Incineroar, L50, F|\n|poke|p1|Tyranitar, L50, M|\n|poke|p1|Rotom-Wash, L50|\n|poke|p1|Sinistcha, L50|\n|poke|p1|Garchomp, L50, M|\n|poke|p2|Delphox, L50, F|\n|poke|p2|Basculegion, L50, M|\n|poke|p2|Whimsicott, L50, M|\n|poke|p2|Sneasler, L50, F|\n|poke|p2|Garchomp, L50, M|\n|poke|p2|Kingambit, L50, M|\n|teampreview|4\n|inactive|Battle timer is ON: inactive players will automatically lose when time's up. (requested by Misstaken Magic)\n|c|\u2606Misstaken Magic|glhf\nMisstaken Magic rejected open team sheets.\n|j| mayheem\n|\n|t:|1776044926\n|teamsize|p1|4\n|teamsize|p2|4\n|start\n|switch|p1a: Rotom|Rotom-Wash, L50|100/100\n|switch|p1b: Aggron|Aggron, L50, F|100/100\n|switch|p2a: Basculegion|Basculegion, L50, M|100/100\n|switch|p2b: Kingambit|Kingambit, L50, M|100/100\n|turn|1\n|\n|t:|1776044943\n|detailschange|p1b: Aggron|Aggron-Mega, L50, F\n|-mega|p1b: Aggron|Aggron|Aggronite\n|move|p2a: Basculegion|Flip Turn|p1b: Aggron\n|-damage|p1b: Aggron|82/100\n|j| coolguy58213\n|j| ShiroeCL\n|\n|t:|1776044962\n|switch|p2a: Sneasler|Sneasler, L50, F|100/100|[from] Flip Turn\n|move|p1a: Rotom|Will-O-Wisp|p2b: Kingambit\n|-status|p2b: Kingambit|brn\n|move|p2b: Kingambit|Kowtow Cleave|p1a: Rotom\n|-damage|p1a: Rotom|78/100\n|move|p1b: Aggron|Iron Defense|p1b: Aggron\n|-boost|p1b: Aggron|def|2\n|\n|-damage|p2b: Kingambit|95/100 brn|[from] brn\n|upkeep\n|turn|2\n|l| ShiroeCL\n|\n|t:|1776044980\n|move|p2a: Sneasler|Close Combat|p1a: Rotom\n|-damage|p1a: Rotom|9/100\n|-unboost|p2a: Sneasler|def|1\n|-unboost|p2a: Sneasler|spd|1\n|-enditem|p1a: Rotom|Sitrus Berry|[eat]\n|-heal|p1a: Rotom|34/100|[from] item: Sitrus Berry\n|-enditem|p2a: Sneasler|White Herb\n|-clearnegativeboost|p2a: Sneasler|[silent]\n|move|p1a: Rotom|Will-O-Wisp|p2a: Sneasler\n|-status|p2a: Sneasler|brn\n|move|p2b: Kingambit|Kowtow Cleave|p1a: Rotom\n|-damage|p1a: Rotom|13/100\n|move|p1b: Aggron|Body Press|p2b: Kingambit\n|-supereffective|p2b: Kingambit|2\n|-enditem|p2b: Kingambit|Chople Berry|[eat]\n|-enditem|p2b: Kingambit|Chople Berry|[weaken]\n|-damage|p2b: Kingambit|0 fnt\n|faint|p2b: Kingambit\n|\n|-damage|p2a: Sneasler|95/100 brn|[from] brn\n|upkeep\n|\n|t:|1776044995\n|switch|p2b: Delphox|Delphox, L50, F|100/100\n|turn|3\n|inactive|tryson69 has 30 seconds left.\n|inactive|tryson69 has 20 seconds left.\n|inactive|tryson69 has 15 seconds left.\n|inactive|tryson69 has 10 seconds left.\n|\n|t:|1776045045\n|switch|p1a: Tyranitar|Tyranitar, L50, M|100/100\n|-weather|Sandstorm|[from] ability: Sand Stream|[of] p1a: Tyranitar\n|detailschange|p2b: Delphox|Delphox-Mega, L50, F\n|-mega|p2b: Delphox|Delphox|Delphoxite\n|move|p2a: Sneasler|Dire Claw|p1a: Tyranitar\n|-resisted|p1a: Tyranitar|1\n|-damage|p1a: Tyranitar|92/100\n|move|p2b: Delphox|Heat Wave|p1a: Tyranitar|[spread] p1a\n|-miss|p2b: Delphox|p1b: Aggron\n|-resisted|p1a: Tyranitar|1\n|-damage|p1a: Tyranitar|79/100\n|move|p1b: Aggron|Body Press|p2a: Sneasler\n|-resisted|p2a: Sneasler|1\n|-damage|p2a: Sneasler|33/100 brn\n|\n|-weather|Sandstorm|[upkeep]\n|-damage|p2a: Sneasler|27/100 brn|[from] Sandstorm\n|-damage|p2b: Delphox|94/100|[from] Sandstorm\n|-damage|p2a: Sneasler|21/100 brn|[from] brn\n|upkeep\n|turn|4\n|inactive|tryson69 has 30 seconds left.\n|\n|t:|1776045070\n|move|p1a: Tyranitar|Protect|p1a: Tyranitar\n|-singleturn|p1a: Tyranitar|Protect\n|move|p2a: Sneasler|Close Combat|p1a: Tyranitar\n|-activate|p1a: Tyranitar|move: Protect\n|move|p2b: Delphox|Substitute|p2b: Delphox\n|-start|p2b: Delphox|Substitute\n|-damage|p2b: Delphox|70/100\n|move|p1b: Aggron|Body Press|p2a: Sneasler\n|-resisted|p2a: Sneasler|1\n|-damage|p2a: Sneasler|0 fnt\n|faint|p2a: Sneasler\n|\n|-weather|Sandstorm|[upkeep]\n|-damage|p2b: Delphox|64/100|[from] Sandstorm\n|upkeep\n|\n|t:|1776045079\n|switch|p2a: Basculegion|Basculegion, L50, M|100/100\n|turn|5\n|\n|t:|1776045089\n|switch|p1a: Rotom|Rotom-Wash, L50|13/100\n|move|p2a: Basculegion|Wave Crash|p1a: Rotom\n|-resisted|p1a: Rotom|1\n|-damage|p1a: Rotom|0 fnt\n|faint|p1a: Rotom\n|-damage|p2a: Basculegion|97/100|[from] Recoil\n|move|p2b: Delphox|Heat Wave|p1b: Aggron\n|-supereffective|p1b: Aggron|1\n|-damage|p1b: Aggron|6/100\n|move|p1b: Aggron|Body Press|p2b: Delphox\n|-resisted|p2b: Delphox|1\n|-end|p2b: Delphox|Substitute\n|\n|-weather|Sandstorm|[upkeep]\n|-damage|p2a: Basculegion|91/100|[from] Sandstorm\n|-damage|p2b: Delphox|58/100|[from] Sandstorm\n|upkeep\n|\n|t:|1776045103\n|switch|p1a: Tyranitar|Tyranitar, L50, M|79/100\n|turn|6\n|\n|t:|1776045110\n|switch|p1b: Sinistcha|Sinistcha, L50|100/100\n|-heal|p1a: Tyranitar|100/100|[from] ability: Hospitality|[of] p1b: Sinistcha\n|move|p2a: Basculegion|Wave Crash|p1a: Tyranitar\n|-supereffective|p1a: Tyranitar|1\n|-damage|p1a: Tyranitar|0 fnt\n|faint|p1a: Tyranitar\n|-damage|p2a: Basculegion|57/100|[from] Recoil\n|move|p2b: Delphox|Heat Wave|p1b: Sinistcha\n|-supereffective|p1b: Sinistcha|1\n|-damage|p1b: Sinistcha|2/100\n|\n|-weather|Sandstorm|[upkeep]\n|-damage|p2a: Basculegion|51/100|[from] Sandstorm\n|-damage|p2b: Delphox|52/100|[from] Sandstorm\n|-damage|p1b: Sinistcha|0 fnt|[from] Sandstorm\n|faint|p1b: Sinistcha\n|upkeep\n|-message|tryson69 forfeited.\n|\n|win|Misstaken Magic\n|n|\u2606tryson69|tryson69\n|n|\u2606Misstaken Magic|misstakenmagic\n|n| mayheem|mayheem\n|n| coolguy58213|coolguy58213\n|c|\u2606Misstaken Magic|ggs\n",
  "uploadtime": 1776045133,
  "views": 13,
  "formatid": "gen9championsvgc2026regma",
  "rating": null,
  "private": 0,
  "password": null
}