{
  "id": "gen9championsvgc2026regma-2585959015",
  "format": "[Gen 9 Champions] VGC 2026 Reg M-A",
  "players": [
    "dem0n2011",
    "Witchcornelia"
  ],
  "log": "|j|\u203ddem0n2011\n|j|\u2606Witchcornelia\n|t:|1776385166\n|gametype|doubles\n|player|p1|dem0n2011|benga|1129\n|player|p2|Witchcornelia|parasollady|1110\n|gen|9\n|tier|[Gen 9 Champions] VGC 2026 Reg M-A\n|rated|\n|rule|Species Clause: Limit one of each Pok\u00e9mon\n|rule|Item Clause: Limit 1 of each item\n|clearpoke\n|poke|p1|Abomasnow, L50, F|\n|poke|p1|Farigiraf, L50, F|\n|poke|p1|Gyarados, L50, F|\n|poke|p1|Feraligatr, L50, M|\n|poke|p1|Sneasler, L50, M|\n|poke|p1|Kingambit, L50, F|\n|poke|p2|Blastoise, L50, M|\n|poke|p2|Whimsicott, L50, F|\n|poke|p2|Politoed, L50, M|\n|poke|p2|Ceruledge, L50, F|\n|poke|p2|Aggron, L50, F|\n|poke|p2|Clefable, L50, M|\n|teampreview|4\n|inactive|Battle timer is ON: inactive players will automatically lose when time's up. (requested by Witchcornelia)\n|inactive|Witchcornelia has 60 seconds left.\n|inactive|Witchcornelia has 30 seconds left.\n|\n|t:|1776385241\n|teamsize|p1|4\n|teamsize|p2|4\n|start\n|switch|p1a: Farigiraf|Farigiraf, L50, F|100/100\n|switch|p1b: Abomasnow|Abomasnow, L50, F, shiny|100/100\n|switch|p2a: Blastoise|Blastoise, L50, M|100/100\n|switch|p2b: Clefable|Clefable, L50, M|100/100\n|-weather|Snowscape|[from] ability: Snow Warning|[of] p1b: Abomasnow\n|turn|1\n|\n|t:|1776385260\n|detailschange|p2a: Blastoise|Blastoise-Mega, L50, M\n|-mega|p2a: Blastoise|Blastoise|Blastoisinite\n|move|p1b: Abomasnow|Protect|p1b: Abomasnow\n|-singleturn|p1b: Abomasnow|Protect\n|move|p2b: Clefable|Follow Me|p2b: Clefable\n|-singleturn|p2b: Clefable|move: Follow Me\n|move|p2a: Blastoise|Shell Smash|p2a: Blastoise\n|-unboost|p2a: Blastoise|def|1\n|-unboost|p2a: Blastoise|spd|1\n|-boost|p2a: Blastoise|atk|2\n|-boost|p2a: Blastoise|spa|2\n|-boost|p2a: Blastoise|spe|2\n|move|p1a: Farigiraf|Trick Room|p1a: Farigiraf\n|-fieldstart|move: Trick Room|[of] p1a: Farigiraf\n|\n|-weather|Snowscape|[upkeep]\n|upkeep\n|turn|2\n|inactive|dem0n2011 has 30 seconds left.\n|inactive|Witchcornelia has 30 seconds left.\n|inactive|Witchcornelia has 20 seconds left.\n|inactive|Witchcornelia has 15 seconds left.\n|inactive|Witchcornelia has 10 seconds left.\n|\n|t:|1776385308\n|detailschange|p1b: Abomasnow|Abomasnow-Mega, L50, F, shiny\n|-mega|p1b: Abomasnow|Abomasnow|Abomasite\n|move|p1a: Farigiraf|Helping Hand|p1b: Abomasnow\n|-singleturn|p1b: Abomasnow|Helping Hand|[of] p1a: Farigiraf\n|move|p2b: Clefable|Follow Me|p2b: Clefable\n|-singleturn|p2b: Clefable|move: Follow Me\n|move|p1b: Abomasnow|Blizzard|p2a: Blastoise|[spread] p2a,p2b\n|-resisted|p2a: Blastoise|1\n|-damage|p2a: Blastoise|42/100\n|-damage|p2b: Clefable|36/100\n|-status|p2a: Blastoise|frz\n|cant|p2a: Blastoise|frz\n|\n|-weather|Snowscape|[upkeep]\n|-heal|p2b: Clefable|42/100|[from] item: Leftovers\n|upkeep\n|turn|3\n|\n|t:|1776385331\n|move|p1a: Farigiraf|Helping Hand|p1b: Abomasnow\n|-singleturn|p1b: Abomasnow|Helping Hand|[of] p1a: Farigiraf\n|move|p2b: Clefable|Protect|p2b: Clefable\n|-singleturn|p2b: Clefable|Protect\n|move|p1b: Abomasnow|Blizzard|p2b: Clefable|[spread] p2a\n|-activate|p2b: Clefable|move: Protect\n|-resisted|p2a: Blastoise|1\n|-crit|p2a: Blastoise\n|-damage|p2a: Blastoise|0 fnt\n|faint|p2a: Blastoise\n|\n|-weather|Snowscape|[upkeep]\n|-heal|p2b: Clefable|48/100|[from] item: Leftovers\n|upkeep\n|\n|t:|1776385336\n|switch|p2a: Politoed|Politoed, L50, M|100/100\n|-weather|RainDance|[from] ability: Drizzle|[of] p2a: Politoed\n|turn|4\n|\n|t:|1776385349\n|move|p1a: Farigiraf|Helping Hand|p1b: Abomasnow\n|-singleturn|p1b: Abomasnow|Helping Hand|[of] p1a: Farigiraf\n|move|p2b: Clefable|Protect||[still]\n|-fail|p2b: Clefable\n|move|p2a: Politoed|Protect|p2a: Politoed\n|-singleturn|p2a: Politoed|Protect\n|move|p1b: Abomasnow|Blizzard|p2a: Politoed|[spread] p2b\n|-activate|p2a: Politoed|move: Protect\n|-damage|p2b: Clefable|0 fnt\n|faint|p2b: Clefable\n|\n|-weather|RainDance|[upkeep]\n|upkeep\n|\n|t:|1776385351\n|switch|p2b: Whimsicott|Whimsicott, L50, F|100/100\n|turn|5\n|\n|t:|1776385367\n|move|p1a: Farigiraf|Helping Hand|p1b: Abomasnow\n|-singleturn|p1b: Abomasnow|Helping Hand|[of] p1a: Farigiraf\n|move|p1b: Abomasnow|Giga Drain|p2a: Politoed\n|-supereffective|p2a: Politoed|1\n|-damage|p2a: Politoed|0 fnt\n|faint|p2a: Politoed\n|move|p2b: Whimsicott|Moonblast|p1b: Abomasnow\n|-damage|p1b: Abomasnow|70/100\n|\n|-weather|RainDance|[upkeep]\n|-fieldend|move: Trick Room\n|upkeep\n|turn|6\n|\n|t:|1776385379\n|move|p2b: Whimsicott|Moonblast|p1b: Abomasnow\n|-damage|p1b: Abomasnow|41/100\n|-unboost|p1b: Abomasnow|spa|1\n|move|p1b: Abomasnow|Blizzard|p2b: Whimsicott|[miss]\n|-miss|p1b: Abomasnow|p2b: Whimsicott\n|move|p1a: Farigiraf|Trick Room|p1a: Farigiraf\n|-fieldstart|move: Trick Room|[of] p1a: Farigiraf\n|\n|-weather|RainDance|[upkeep]\n|upkeep\n|turn|7\n|inactive|dem0n2011 has 30 seconds left.\n|\n|t:|1776385406\n|move|p1a: Farigiraf|Helping Hand|p1b: Abomasnow\n|-singleturn|p1b: Abomasnow|Helping Hand|[of] p1a: Farigiraf\n|move|p2b: Whimsicott|Encore||[still]\n|cant|p1a: Farigiraf|ability: Armor Tail|Encore|[of] p2b: Whimsicott\n|move|p1b: Abomasnow|Blizzard|p2b: Whimsicott|[miss]\n|-miss|p1b: Abomasnow|p2b: Whimsicott\n|\n|-weather|RainDance|[upkeep]\n|upkeep\n|turn|8\n|\n|t:|1776385418\n|move|p2b: Whimsicott|Protect|p2b: Whimsicott\n|-singleturn|p2b: Whimsicott|Protect\n|move|p1b: Abomasnow|Giga Drain|p2b: Whimsicott\n|-activate|p2b: Whimsicott|move: Protect\n|move|p1a: Farigiraf|Psychic|p2b: Whimsicott\n|-activate|p2b: Whimsicott|move: Protect\n|\n|-weather|none\n|upkeep\n|turn|9\n|\n|t:|1776385426\n|switch|p1b: Kingambit|Kingambit, L50, F|100/100\n|switch|p1a: Feraligatr|Feraligatr, L50, M|100/100\n|move|p2b: Whimsicott|Moonblast|p1b: Kingambit\n|-damage|p1b: Kingambit|67/100\n|\n|upkeep\n|turn|10\n|\n|t:|1776385438\n|switch|p1b: Abomasnow|Abomasnow-Mega, L50, F, shiny|41/100\n|-weather|Snowscape|[from] ability: Snow Warning|[of] p1b: Abomasnow\n|move|p1a: Feraligatr|Ice Punch|p2b: Whimsicott\n|-supereffective|p2b: Whimsicott|1\n|-damage|p2b: Whimsicott|26/100\n|move|p2b: Whimsicott|Moonblast|p1b: Abomasnow\n|-damage|p1b: Abomasnow|9/100\n|\n|-weather|Snowscape|[upkeep]\n|-fieldend|move: Trick Room\n|upkeep\n|turn|11\n|\n|t:|1776385446\n|move|p2b: Whimsicott|Moonblast|p1b: Abomasnow\n|-damage|p1b: Abomasnow|0 fnt\n|faint|p1b: Abomasnow\n|move|p1a: Feraligatr|Ice Punch|p2b: Whimsicott\n|-supereffective|p2b: Whimsicott|1\n|-damage|p2b: Whimsicott|0 fnt\n|faint|p2b: Whimsicott\n|\n|win|dem0n2011\n|raw|dem0n2011's rating: 1129 &rarr; <strong>1153</strong><br />(+24 for winning)\n|raw|Witchcornelia's rating: 1110 &rarr; <strong>1086</strong><br />(-24 for losing)\n|l|\u2606Witchcornelia\n|player|p2|\n",
  "uploadtime": 1776385453,
  "views": 17,
  "formatid": "gen9championsvgc2026regma",
  "rating": 1086,
  "private": 0,
  "password": null
}