{
  "id": "gen9championsvgc2026regma-2587672103",
  "format": "[Gen 9 Champions] VGC 2026 Reg M-A",
  "players": [
    "Jorjjj",
    "PM77Switch"
  ],
  "log": "|j|\u2606Jorjjj\n|j|\u2606PM77Switch\n|t:|1776552442\n|gametype|doubles\n|player|p1|Jorjjj|101|1390\n|player|p2|PM77Switch|may-masters3|1343\n|gen|9\n|tier|[Gen 9 Champions] VGC 2026 Reg M-A\n|rated|\n|rule|Species Clause: Limit one of each Pok\u00e9mon\n|rule|Item Clause: Limit 1 of each item\n|clearpoke\n|poke|p1|Floette-Eternal, L50, F|\n|poke|p1|Garchomp, L50, M|\n|poke|p1|Kingambit, L50, F|\n|poke|p1|Basculegion, L50, M|\n|poke|p1|Sneasler, L50, F|\n|poke|p1|Froslass, L50, F|\n|poke|p2|Blastoise, L50, M|\n|poke|p2|Kingambit, L50, F|\n|poke|p2|Sneasler, L50, F|\n|poke|p2|Aerodactyl, L50, F|\n|poke|p2|Sinistcha, L50|\n|poke|p2|Incineroar, L50, F|\n|teampreview|4\n|inactive|Battle timer is ON: inactive players will automatically lose when time's up. (requested by PM77Switch)\n|inactive|Jorjjj has 60 seconds left.\n|\n|t:|1776552485\n|teamsize|p1|4\n|teamsize|p2|4\n|start\n|switch|p1a: Kingambit|Kingambit, L50, F|100/100\n|switch|p1b: Sneasler|Sneasler, L50, F|100/100\n|switch|p2a: Aerodactyl|Aerodactyl, L50, F|100/100\n|switch|p2b: Blastoise|Blastoise, L50, M|100/100\n|-ability|p2a: Aerodactyl|Unnerve\n|turn|1\n|\n|t:|1776552510\n|detailschange|p2b: Blastoise|Blastoise-Mega, L50, M\n|-mega|p2b: Blastoise|Blastoise|Blastoisinite\n|move|p2a: Aerodactyl|Protect|p2a: Aerodactyl\n|-singleturn|p2a: Aerodactyl|Protect\n|move|p2b: Blastoise|Protect|p2b: Blastoise\n|-singleturn|p2b: Blastoise|Protect\n|move|p1b: Sneasler|Fake Out|p2a: Aerodactyl\n|-activate|p2a: Aerodactyl|move: Protect\n|move|p1a: Kingambit|Kowtow Cleave|p2b: Blastoise\n|-activate|p2b: Blastoise|move: Protect\n|\n|upkeep\n|turn|2\n|\n|t:|1776552523\n|switch|p1b: Basculegion|Basculegion, L50, M|100/100\n|move|p2a: Aerodactyl|Dual Wingbeat|p1b: Basculegion|[miss]\n|-miss|p2a: Aerodactyl|p1b: Basculegion\n|move|p2b: Blastoise|Aura Sphere|p1a: Kingambit\n|-supereffective|p1a: Kingambit|2\n|-crit|p1a: Kingambit\n|-damage|p1a: Kingambit|0 fnt\n|faint|p1a: Kingambit\n|\n|upkeep\n|\n|t:|1776552534\n|switch|p1a: Floette|Floette-Eternal, L50, F|100/100\n|turn|3\n|\n|t:|1776552552\n|detailschange|p1a: Floette|Floette-Mega, L50, F\n|-mega|p1a: Floette|Floette|Floettite\n|-ability|p1a: Floette|Fairy Aura\n|move|p2a: Aerodactyl|Protect|p2a: Aerodactyl\n|-singleturn|p2a: Aerodactyl|Protect\n|move|p2b: Blastoise|Protect|p2b: Blastoise\n|-singleturn|p2b: Blastoise|Protect\n|move|p1a: Floette|Dazzling Gleam|p2b: Blastoise|[spread] \n|-activate|p2a: Aerodactyl|move: Protect\n|-activate|p2b: Blastoise|move: Protect\n|move|p1b: Basculegion|Last Respects|p2b: Blastoise\n|-activate|p2b: Blastoise|move: Protect\n|\n|upkeep\n|turn|4\n|\n|t:|1776552575\n|move|p2a: Aerodactyl|Tailwind|p2a: Aerodactyl\n|-sidestart|p2: PM77Switch|move: Tailwind\n|move|p2b: Blastoise|Water Spout|p1a: Floette|[spread] p1a,p1b\n|-crit|p1a: Floette\n|-resisted|p1b: Basculegion|1\n|-damage|p1a: Floette|35/100\n|-damage|p1b: Basculegion|70/100\n|move|p1a: Floette|Dazzling Gleam|p2b: Blastoise|[spread] p2a,p2b\n|-damage|p2a: Aerodactyl|28/100\n|-damage|p2b: Blastoise|61/100\n|move|p1b: Basculegion|Wave Crash|p2b: Blastoise\n|-resisted|p2b: Blastoise|1\n|-damage|p2b: Blastoise|28/100\n|-damage|p1b: Basculegion|60/100|[from] Recoil\n|\n|upkeep\n|turn|5\n|\n|t:|1776552597\n|move|p1a: Floette|Protect|p1a: Floette\n|-singleturn|p1a: Floette|Protect\n|move|p1b: Basculegion|Aqua Jet|p2a: Aerodactyl\n|-supereffective|p2a: Aerodactyl|1\n|-damage|p2a: Aerodactyl|0 fnt\n|faint|p2a: Aerodactyl\n|move|p2b: Blastoise|Ice Beam|p1a: Floette\n|-activate|p1a: Floette|move: Protect\n|\n|upkeep\n|\n|t:|1776552601\n|switch|p2a: Kingambit|Kingambit, L50, F|100/100\n|turn|6\n|\n|t:|1776552607\n|switch|p1a: Sneasler|Sneasler, L50, F|100/100\n|move|p1b: Basculegion|Protect|p1b: Basculegion\n|-singleturn|p1b: Basculegion|Protect\n|move|p2b: Blastoise|Ice Beam|p1a: Sneasler\n|-damage|p1a: Sneasler|54/100\n|move|p2a: Kingambit|Kowtow Cleave|p1b: Basculegion\n|-activate|p1b: Basculegion|move: Protect\n|\n|upkeep\n|turn|7\n|\n|t:|1776552622\n|move|p2b: Blastoise|Protect|p2b: Blastoise\n|-singleturn|p2b: Blastoise|Protect\n|move|p2a: Kingambit|Protect|p2a: Kingambit\n|-singleturn|p2a: Kingambit|Protect\n|move|p1a: Sneasler|Fake Out|p2a: Kingambit\n|-activate|p2a: Kingambit|move: Protect\n|move|p1b: Basculegion|Last Respects|p2b: Blastoise\n|-activate|p2b: Blastoise|move: Protect\n|\n|-sideend|p2: PM77Switch|move: Tailwind\n|upkeep\n|turn|8\n|\n|t:|1776552636\n|switch|p1b: Floette|Floette-Mega, L50, F|35/100\n|-ability|p1b: Floette|Fairy Aura\n|move|p2a: Kingambit|Sucker Punch||[still]\n|-fail|p2a: Kingambit\n|move|p1a: Sneasler|Dire Claw|p2b: Blastoise\n|-damage|p2b: Blastoise|0 fnt\n|faint|p2b: Blastoise\n|\n|upkeep\n|\n|t:|1776552644\n|switch|p2b: Sneasler|Sneasler, L50, F|100/100\n|turn|9\n|\n|t:|1776552655\n|move|p1a: Sneasler|Protect|p1a: Sneasler\n|-singleturn|p1a: Sneasler|Protect\n|move|p1b: Floette|Protect|p1b: Floette\n|-singleturn|p1b: Floette|Protect\n|move|p2b: Sneasler|Fake Out|p1a: Sneasler\n|-activate|p1a: Sneasler|move: Protect\n|move|p2a: Kingambit|Iron Head|p1b: Floette\n|-activate|p1b: Floette|move: Protect\n|\n|upkeep\n|turn|10\n|\n|t:|1776552667\n|move|p2b: Sneasler|Dire Claw|p1b: Floette\n|-supereffective|p1b: Floette|1\n|-damage|p1b: Floette|0 fnt\n|faint|p1b: Floette\n|move|p1a: Sneasler|Close Combat|p2a: Kingambit\n|-supereffective|p2a: Kingambit|2\n|-enditem|p2a: Kingambit|Chople Berry|[eat]\n|-enditem|p2a: Kingambit|Chople Berry|[weaken]\n|-damage|p2a: Kingambit|0 fnt\n|-unboost|p1a: Sneasler|def|1\n|-unboost|p1a: Sneasler|spd|1\n|faint|p2a: Kingambit\n|\n|upkeep\n|\n|t:|1776552676\n|switch|p1b: Basculegion|Basculegion, L50, M|60/100\n|turn|11\n|\n|t:|1776552682\n|move|p2b: Sneasler|Dire Claw|p1b: Basculegion\n|-resisted|p1b: Basculegion|1\n|-damage|p1b: Basculegion|39/100\n|-status|p1b: Basculegion|slp\n|-enditem|p1b: Basculegion|Sitrus Berry|[eat]\n|-heal|p1b: Basculegion|64/100 slp|[from] item: Sitrus Berry\n|move|p1a: Sneasler|Close Combat|p2b: Sneasler\n|-resisted|p2b: Sneasler|1\n|-damage|p2b: Sneasler|42/100\n|-unboost|p1a: Sneasler|def|1\n|-unboost|p1a: Sneasler|spd|1\n|cant|p1b: Basculegion|slp\n|\n|upkeep\n|turn|12\n|\n|t:|1776552692\n|move|p2b: Sneasler|Close Combat|p1a: Sneasler\n|-resisted|p1a: Sneasler|1\n|-damage|p1a: Sneasler|0 fnt\n|-unboost|p2b: Sneasler|def|1\n|-unboost|p2b: Sneasler|spd|1\n|faint|p1a: Sneasler\n|-enditem|p2b: Sneasler|White Herb\n|-clearnegativeboost|p2b: Sneasler|[silent]\n|-curestatus|p1b: Basculegion|slp|[msg]\n|move|p1b: Basculegion|Last Respects|p2b: Sneasler\n|-damage|p2b: Sneasler|0 fnt\n|faint|p2b: Sneasler\n|\n|win|Jorjjj\n|raw|Jorjjj's rating: 1390 &rarr; <strong>1407</strong><br />(+17 for winning)\n|raw|PM77Switch's rating: 1343 &rarr; <strong>1326</strong><br />(-17 for losing)\n",
  "uploadtime": 1776552698,
  "views": 19,
  "formatid": "gen9championsvgc2026regma",
  "rating": 1326,
  "private": 0,
  "password": null
}