{
  "id": "gen9championsvgc2026regma-2585846970",
  "format": "[Gen 9 Champions] VGC 2026 Reg M-A",
  "players": [
    "Azure-Saffron",
    "youngbriks"
  ],
  "log": "|j|\u2606Azure-Saffron\n|j|\u2606youngbriks\n|t:|1776375156\n|gametype|doubles\n|player|p1|Azure-Saffron|jacinthe|1208\n|player|p2|youngbriks|palmer|1231\n|gen|9\n|tier|[Gen 9 Champions] VGC 2026 Reg M-A\n|rated|\n|rule|Species Clause: Limit one of each Pok\u00e9mon\n|rule|Item Clause: Limit 1 of each item\n|clearpoke\n|poke|p1|Froslass, L50, F|\n|poke|p1|Rotom-Frost, L50|\n|poke|p1|Garchomp, L50, M|\n|poke|p1|Incineroar, L50, M|\n|poke|p1|Primarina, L50, M|\n|poke|p1|Sinistcha, L50|\n|poke|p2|Milotic, L50, M|\n|poke|p2|Gardevoir, L50, M|\n|poke|p2|Charizard, L50, F|\n|poke|p2|Venusaur, L50, M|\n|poke|p2|Incineroar, L50, M|\n|poke|p2|Garchomp, L50, F|\n|teampreview|4\n|inactive|Battle timer is ON: inactive players will automatically lose when time's up. (requested by Azure-Saffron)\n|inactive|youngbriks has 60 seconds left.\n|\n|t:|1776375200\n|teamsize|p1|4\n|teamsize|p2|4\n|start\n|switch|p1a: Froslass|Froslass, L50, F|100/100\n|switch|p1b: Rotom|Rotom-Frost, L50|100/100\n|switch|p2a: Charizard|Charizard, L50, F, shiny|100/100\n|switch|p2b: Gardevoir|Gardevoir, L50, M|100/100\n|turn|1\n|inactive|youngbriks has 30 seconds left.\n|\n|t:|1776375231\n|detailschange|p2a: Charizard|Charizard-Mega-Y, L50, F, shiny\n|-mega|p2a: Charizard|Charizard|Charizardite Y\n|-weather|SunnyDay|[from] ability: Drought|[of] p2a: Charizard\n|move|p1a: Froslass|Protect|p1a: Froslass\n|-singleturn|p1a: Froslass|Protect\n|move|p1b: Rotom|Volt Switch|p2a: Charizard\n|-supereffective|p2a: Charizard|1\n|-damage|p2a: Charizard|39/100\n|\n|t:|1776375243\n|switch|p1b: Primarina|Primarina, L50, M|100/100|[from] Volt Switch\n|move|p2b: Gardevoir|Dazzling Gleam|p1b: Primarina|[spread] p1b\n|-activate|p1a: Froslass|move: Protect\n|-damage|p1b: Primarina|75/100\n|move|p2a: Charizard|Heat Wave|p1b: Primarina|[spread] p1b\n|-activate|p1a: Froslass|move: Protect\n|-resisted|p1b: Primarina|1\n|-damage|p1b: Primarina|50/100\n|-status|p1b: Primarina|brn\n|\n|-weather|SunnyDay|[upkeep]\n|-damage|p1b: Primarina|44/100 brn|[from] brn\n|upkeep\n|turn|2\n|\n|t:|1776375264\n|switch|p2a: Milotic|Milotic, L50, M|100/100\n|detailschange|p1a: Froslass|Froslass-Mega, L50, F\n|-mega|p1a: Froslass|Froslass|Froslassite\n|-weather|Snowscape|[from] ability: Snow Warning|[of] p1a: Froslass\n|move|p2b: Gardevoir|Dazzling Gleam|p1b: Primarina|[spread] p1a,p1b\n|-damage|p1a: Froslass|59/100\n|-damage|p1b: Primarina|18/100 brn\n|move|p1a: Froslass|Aurora Veil|p1a: Froslass\n|-sidestart|p1: Azure-Saffron|move: Aurora Veil\n|move|p1b: Primarina|Hyper Voice|p2b: Gardevoir|[spread] p2a,p2b\n|-resisted|p2a: Milotic|1\n|-damage|p2a: Milotic|87/100\n|-damage|p2b: Gardevoir|56/100\n|\n|-weather|Snowscape|[upkeep]\n|-heal|p2a: Milotic|93/100|[from] item: Leftovers\n|-damage|p1b: Primarina|12/100 brn|[from] brn\n|upkeep\n|turn|3\n|\n|t:|1776375286\n|switch|p2b: Charizard|Charizard-Mega-Y, L50, F, shiny|39/100\n|-weather|SunnyDay|[from] ability: Drought|[of] p2b: Charizard\n|switch|p1b: Rotom|Rotom-Frost, L50|100/100\n|move|p1a: Froslass|Blizzard|p2b: Charizard|[spread] p2a\n|-miss|p1a: Froslass|p2b: Charizard\n|-resisted|p2a: Milotic|1\n|-damage|p2a: Milotic|77/100\n|move|p2a: Milotic|Life Dew|p2a: Milotic|[spread] p2a,p2b\n|-heal|p2a: Milotic|100/100\n|-heal|p2b: Charizard|64/100\n|\n|-weather|SunnyDay|[upkeep]\n|upkeep\n|turn|4\n|inactive|Azure-Saffron has 30 seconds left.\n|inactive|youngbriks has 30 seconds left.\n|inactive|Azure-Saffron has 20 seconds left.\n|\n|t:|1776375322\n|move|p1b: Rotom|Thunderbolt|p2a: Milotic\n|-supereffective|p2a: Milotic|1\n|-damage|p2a: Milotic|44/100\n|move|p1a: Froslass|Blizzard|p2a: Milotic|[spread] p2a,p2b\n|-resisted|p2a: Milotic|1\n|-damage|p2a: Milotic|27/100\n|-damage|p2b: Charizard|17/100\n|move|p2b: Charizard|Heat Wave|p1a: Froslass|[spread] p1a\n|-miss|p2b: Charizard|p1b: Rotom\n|-supereffective|p1a: Froslass|1\n|-damage|p1a: Froslass|0 fnt\n|faint|p1a: Froslass\n|move|p2a: Milotic|Scald|p1b: Rotom\n|-damage|p1b: Rotom|89/100\n|\n|-weather|SunnyDay|[upkeep]\n|-heal|p2a: Milotic|33/100|[from] item: Leftovers\n|upkeep\n|\n|t:|1776375325\n|switch|p1a: Garchomp|Garchomp, L50, M|100/100\n|turn|5\n|\n|t:|1776375350\n|move|p2b: Charizard|Protect|p2b: Charizard\n|-singleturn|p2b: Charizard|Protect\n|move|p1b: Rotom|Thunderbolt|p2b: Charizard\n|-activate|p2b: Charizard|move: Protect\n|move|p1a: Garchomp|Scale Shot|p2a: Milotic\n|-damage|p2a: Milotic|21/100\n|-damage|p2a: Milotic|8/100\n|-damage|p2a: Milotic|0 fnt\n|faint|p2a: Milotic\n|-hitcount|p2: Milotic|3\n|-unboost|p1a: Garchomp|def|1\n|-boost|p1a: Garchomp|spe|1\n|\n|-weather|SunnyDay|[upkeep]\n|upkeep\n|\n|t:|1776375374\n|switch|p2a: Gardevoir|Gardevoir, L50, M|56/100\n|turn|6\n|\n|t:|1776375397\n|switch|p2b: Venusaur|Venusaur, L50, M|100/100\n|move|p1a: Garchomp|Earthquake|p2b: Venusaur|[spread] p2a,p2b\n|-immune|p1b: Rotom|[from] ability: Levitate\n|-damage|p2a: Gardevoir|0 fnt\n|-damage|p2b: Venusaur|52/100\n|faint|p2a: Gardevoir\n|move|p1b: Rotom|Thunderbolt|p2b: Venusaur\n|-resisted|p2b: Venusaur|1\n|-damage|p2b: Venusaur|29/100\n|\n|-weather|SunnyDay|[upkeep]\n|-sideend|p1: Azure-Saffron|move: Aurora Veil\n|upkeep\n|\n|t:|1776375410\n|switch|p2a: Charizard|Charizard-Mega-Y, L50, F, shiny|17/100\n|turn|7\n|\n|t:|1776375425\n|move|p1a: Garchomp|Protect|p1a: Garchomp\n|-singleturn|p1a: Garchomp|Protect\n|move|p2a: Charizard|Protect|p2a: Charizard\n|-singleturn|p2a: Charizard|Protect\n|move|p2b: Venusaur|Sleep Powder|p1a: Garchomp\n|-activate|p1a: Garchomp|move: Protect\n|move|p1b: Rotom|Thunderbolt|p2a: Charizard\n|-activate|p2a: Charizard|move: Protect\n|\n|-weather|none\n|upkeep\n|turn|8\n|\n|t:|1776375440\n|move|p1a: Garchomp|Dragon Claw|p2b: Venusaur\n|-damage|p2b: Venusaur|0 fnt\n|faint|p2b: Venusaur\n|move|p1b: Rotom|Thunderbolt|p2a: Charizard\n|-supereffective|p2a: Charizard|1\n|-damage|p2a: Charizard|0 fnt\n|faint|p2a: Charizard\n|\n|win|Azure-Saffron\n|raw|Azure-Saffron's rating: 1208 &rarr; <strong>1235</strong><br />(+27 for winning)\n|raw|youngbriks's rating: 1231 &rarr; <strong>1204</strong><br />(-27 for losing)\n",
  "uploadtime": 1776375443,
  "views": 22,
  "formatid": "gen9championsvgc2026regma",
  "rating": 1204,
  "private": 0,
  "password": null
}