{
  "id": "gen9championsvgc2026regma-2585571162",
  "format": "[Gen 9 Champions] VGC 2026 Reg M-A",
  "players": [
    "coldaudio",
    "soudess"
  ],
  "log": "|j|\u2606coldaudio\n|j|\u2606soudess\n|t:|1776356248\n|gametype|doubles\n|player|p1|coldaudio|102|1175\n|player|p2|soudess|harlequin|1191\n|gen|9\n|tier|[Gen 9 Champions] VGC 2026 Reg M-A\n|rated|\n|rule|Species Clause: Limit one of each Pok\u00e9mon\n|rule|Item Clause: Limit 1 of each item\n|clearpoke\n|poke|p1|Hatterene, L50, F|\n|poke|p1|Heracross, L50, F|\n|poke|p1|Farigiraf, L50, F|\n|poke|p1|Incineroar, L50, F|\n|poke|p1|Kingambit, L50, M|\n|poke|p1|Aerodactyl, L50, M|\n|poke|p2|Tyranitar, L50, F|\n|poke|p2|Excadrill, L50, F|\n|poke|p2|Incineroar, L50, F|\n|poke|p2|Corviknight, L50, F|\n|poke|p2|Rotom-Wash, L50|\n|poke|p2|Clefable, L50, M|\n|teampreview|4\n|inactive|Battle timer is ON: inactive players will automatically lose when time's up. (requested by soudess)\n|inactive|coldaudio also wants the timer to be on.\n|inactive|soudess has 60 seconds left.\n|\n|t:|1776356292\n|teamsize|p1|4\n|teamsize|p2|4\n|start\n|switch|p1a: Incineroar|Incineroar, L50, F|100/100\n|switch|p1b: Farigiraf|Farigiraf, L50, F|100/100\n|switch|p2a: Rotom|Rotom-Wash, L50|100/100\n|switch|p2b: Clefable|Clefable, L50, M|100/100\n|-ability|p1a: Incineroar|Intimidate|boost\n|-unboost|p2a: Rotom|atk|1\n|-unboost|p2b: Clefable|atk|1\n|turn|1\n|\n|t:|1776356313\n|move|p1a: Incineroar|Fake Out|p2a: Rotom\n|-damage|p2a: Rotom|88/100\n|cant|p2a: Rotom|flinch\n|move|p2b: Clefable|Moonblast|p1a: Incineroar\n|-damage|p1a: Incineroar|77/100\n|move|p1b: Farigiraf|Trick Room|p1b: Farigiraf\n|-fieldstart|move: Trick Room|[of] p1b: Farigiraf\n|\n|upkeep\n|turn|2\n|inactive|soudess has 30 seconds left.\n|\n|t:|1776356341\n|move|p1b: Farigiraf|Hyper Voice|p2a: Rotom|[spread] p2a,p2b\n|-damage|p2a: Rotom|53/100\n|-damage|p2b: Clefable|74/100\n|move|p1a: Incineroar|Parting Shot|p2a: Rotom\n|-unboost|p2a: Rotom|atk|1\n|-unboost|p2a: Rotom|spa|1\n|\n|t:|1776356355\n|switch|p1a: Kingambit|Kingambit, L50, M|100/100|[from] Parting Shot\n|move|p2b: Clefable|Moonblast|p1a: Kingambit\n|-damage|p1a: Kingambit|70/100\n|move|p2a: Rotom|Trick|p1b: Farigiraf\n|-activate|p2a: Rotom|move: Trick|[of] p1b: Farigiraf\n|-item|p1b: Farigiraf|Choice Scarf|[from] move: Trick\n|-item|p2a: Rotom|Silk Scarf|[from] move: Trick\n|\n|upkeep\n|turn|3\n|\n|t:|1776356383\n|move|p2b: Clefable|Protect|p2b: Clefable\n|-singleturn|p2b: Clefable|Protect\n|move|p1a: Kingambit|Iron Head|p2b: Clefable\n|-activate|p2b: Clefable|move: Protect\n|move|p1b: Farigiraf|Hyper Voice|p2b: Clefable|[spread] p2a\n|-activate|p2b: Clefable|move: Protect\n|-damage|p2a: Rotom|23/100\n|move|p2a: Rotom|Will-O-Wisp|p1b: Farigiraf\n|-status|p1b: Farigiraf|brn\n|\n|-damage|p1b: Farigiraf|94/100 brn|[from] brn\n|upkeep\n|turn|4\n|\n|t:|1776356407\n|switch|p2b: Corviknight|Corviknight, L50, F|100/100\n|move|p1a: Kingambit|Iron Head|p2b: Corviknight\n|-resisted|p2b: Corviknight|1\n|-damage|p2b: Corviknight|84/100\n|move|p1b: Farigiraf|Hyper Voice|p2a: Rotom|[spread] p2a,p2b\n|-resisted|p2b: Corviknight|1\n|-damage|p2a: Rotom|0 fnt\n|-damage|p2b: Corviknight|69/100\n|faint|p2a: Rotom\n|\n|-heal|p2b: Corviknight|75/100|[from] item: Leftovers\n|-damage|p1b: Farigiraf|88/100 brn|[from] brn\n|upkeep\n|\n|t:|1776356422\n|switch|p2a: Tyranitar|Tyranitar, L50, F|100/100\n|-weather|Sandstorm|[from] ability: Sand Stream|[of] p2a: Tyranitar\n|turn|5\n|\n|t:|1776356443\n|switch|p1b: Incineroar|Incineroar, L50, F|77/100\n|-ability|p1b: Incineroar|Intimidate|boost\n|-unboost|p2a: Tyranitar|atk|1\n|-ability|p2b: Corviknight|Mirror Armor\n|-unboost|p1b: Incineroar|atk|1\n|move|p2a: Tyranitar|Protect|p2a: Tyranitar\n|-singleturn|p2a: Tyranitar|Protect\n|move|p1a: Kingambit|Iron Head|p2a: Tyranitar\n|-activate|p2a: Tyranitar|move: Protect\n|move|p2b: Corviknight|Body Press|p1a: Kingambit\n|-supereffective|p1a: Kingambit|2\n|-damage|p1a: Kingambit|0 fnt\n|faint|p1a: Kingambit\n|\n|-weather|Sandstorm|[upkeep]\n|-damage|p1b: Incineroar|71/100|[from] Sandstorm\n|-heal|p2b: Corviknight|81/100|[from] item: Leftovers\n|-fieldend|move: Trick Room\n|upkeep\n|\n|t:|1776356454\n|switch|p1a: Farigiraf|Farigiraf, L50, F|88/100 brn\n|turn|6\n|inactive|soudess has 30 seconds left.\n|\n|t:|1776356489\n|detailschange|p2a: Tyranitar|Tyranitar-Mega, L50, F\n|-mega|p2a: Tyranitar|Tyranitar|Tyranitarite\n|move|p2a: Tyranitar|Rock Slide|p1b: Incineroar|[spread] p1a,p1b\n|-supereffective|p1b: Incineroar|1\n|-damage|p1a: Farigiraf|67/100 brn\n|-damage|p1b: Incineroar|20/100\n|-enditem|p1b: Incineroar|Sitrus Berry|[eat]\n|-heal|p1b: Incineroar|45/100|[from] item: Sitrus Berry\n|move|p2b: Corviknight|Bulk Up|p2b: Corviknight\n|-boost|p2b: Corviknight|atk|1\n|-boost|p2b: Corviknight|def|1\n|cant|p1b: Incineroar|flinch\n|move|p1a: Farigiraf|Trick Room|p1a: Farigiraf\n|-fieldstart|move: Trick Room|[of] p1a: Farigiraf\n|\n|-weather|Sandstorm|[upkeep]\n|-damage|p1b: Incineroar|39/100|[from] Sandstorm\n|-damage|p1a: Farigiraf|60/100 brn|[from] Sandstorm\n|-heal|p2b: Corviknight|87/100|[from] item: Leftovers\n|-damage|p1a: Farigiraf|54/100 brn|[from] brn\n|upkeep\n|turn|7\n|inactive|soudess has 30 seconds left.\n|\n|t:|1776356517\n|switch|p1a: Heracross|Heracross, L50, F|100/100\n|move|p1b: Incineroar|Flare Blitz|p2b: Corviknight\n|-supereffective|p2b: Corviknight|1\n|-damage|p2b: Corviknight|54/100\n|-damage|p1b: Incineroar|28/100|[from] Recoil\n|move|p2b: Corviknight|Brave Bird|p1a: Heracross\n|-supereffective|p1a: Heracross|2\n|-damage|p1a: Heracross|0 fnt\n|faint|p1a: Heracross\n|-damage|p2b: Corviknight|23/100|[from] Recoil\n|move|p2a: Tyranitar|Rock Slide|p1b: Incineroar\n|-supereffective|p1b: Incineroar|1\n|-damage|p1b: Incineroar|0 fnt\n|faint|p1b: Incineroar\n|\n|-weather|Sandstorm|[upkeep]\n|-heal|p2b: Corviknight|29/100|[from] item: Leftovers\n|upkeep\n|\n|t:|1776356528\n|switch|p1a: Farigiraf|Farigiraf, L50, F|54/100 brn\n|turn|8\n|-message|coldaudio forfeited.\n|\n|win|soudess\n|raw|coldaudio's rating: 1175 &rarr; <strong>1151</strong><br />(-24 for losing)\n|raw|soudess's rating: 1191 &rarr; <strong>1215</strong><br />(+24 for winning)\n|l|\u2606coldaudio\n|player|p1|\n",
  "uploadtime": 1776356549,
  "views": 17,
  "formatid": "gen9championsvgc2026regma",
  "rating": 1151,
  "private": 0,
  "password": null
}