{
  "id": "gen9championsvgc2026regma-2588083156",
  "format": "[Gen 9 Champions] VGC 2026 Reg M-A",
  "players": [
    "everlol",
    "Joel_mon"
  ],
  "log": "|j|\u2606everlol\n|j|\u2606Joel_mon\n|html|<table width=\"100%\"><tr><td align=\"left\">everlol</td><td align=\"right\">Joel_mon</tr><tr><td align=\"left\"><i class=\"fa fa-circle-o\"></i> <i class=\"fa fa-circle-o\"></i> </td><td align=\"right\"><i class=\"fa fa-circle-o\"></i> <i class=\"fa fa-circle-o\"></i> </tr></table>\n|uhtml|bestof|<h2><strong>Game 1</strong> of <a href=\"/game-bestof3-gen9championsvgc2026regma-2588083155\">a best-of-3</a></h2>\n|t:|1776602303\n|gametype|doubles\n|player|p1|everlol|2|\n|player|p2|Joel_mon|hoopster|\n|gen|9\n|tier|[Gen 9 Champions] VGC 2026 Reg M-A\n|rated|Tournament battle\n|rule|Species Clause: Limit one of each Pok\u00e9mon\n|rule|Item Clause: Limit 1 of each item\n|raw|<div class=\"infobox\"><details class=\"readmore\" open><summary><strong>2 custom rules:</strong></summary> Force Open Team Sheets, Best of = 3</details></div>\n|clearpoke\n|poke|p1|Sneasler, L50, M|\n|poke|p1|Whimsicott, L50, F|\n|poke|p1|Floette-Eternal, L50, F|\n|poke|p1|Kingambit, L50, M|\n|poke|p1|Garchomp, L50, M|\n|poke|p1|Charizard, L50, F|\n|poke|p2|Froslass, L50, F|\n|poke|p2|Sneasler, L50, F|\n|poke|p2|Aerodactyl, L50, F|\n|poke|p2|Garchomp, L50, M|\n|poke|p2|Kingambit, L50, F|\n|poke|p2|Rotom-Wash, L50|\n|teampreview|4\n|showteam|p1|Sneasler||WhiteHerb|Unburden|FakeOut,CloseCombat,DireClaw,RockSlide|||M|||50|]Whimsicott||FocusSash|Prankster|Tailwind,Encore,Moonblast,Protect|||F|||50|]Floette-Eternal||Floettite|FlowerVeil|Moonblast,LightofRuin,DazzlingGleam,Protect|||F|||50|]Kingambit||ChopleBerry|Defiant|KowtowCleave,SuckerPunch,IronHead,Protect|||M|||50|]Garchomp||ChoiceScarf|RoughSkin|RockSlide,DragonClaw,Earthquake,StompingTantrum|||M|||50|]Charizard||CharizarditeY|SolarPower|HeatWave,Overheat,SolarBeam,Protect|||F|||50|\n|showteam|p2|Froslass||Froslassite|SnowCloak|Blizzard,ShadowBall,Protect,AuroraVeil|||F|||50|]Sneasler||FocusSash|Unburden|FakeOut,Protect,DireClaw,CloseCombat|||F|||50|]Aerodactyl||LumBerry|Unnerve|RockSlide,DualWingbeat,Tailwind,Protect|||F|||50|]Garchomp||WhiteHerb|RoughSkin|Earthquake,DragonClaw,StompingTantrum,Protect|||M|||50|]Kingambit||ChopleBerry|Defiant|LowKick,KowtowCleave,SuckerPunch,Protect|||F|||50|]Rotom-Wash||ChoiceScarf|Levitate|VoltSwitch,Thunderbolt,HydroPump,Electroweb||||||50|\n|inactive|Battle timer is ON: inactive players will automatically lose when time's up. (requested by everlol)\n|inactive|everlol has 60 seconds left.\n|inactive|Joel_mon has 60 seconds left.\n|\n|t:|1776602356\n|teamsize|p1|4\n|teamsize|p2|4\n|start\n|switch|p1a: Whimsicott|Whimsicott, L50, F|100/100\n|switch|p1b: Garchomp|Garchomp, L50, M|100/100\n|switch|p2a: Froslass|Froslass, L50, F|100/100\n|switch|p2b: Rotom|Rotom-Wash, L50|100/100\n|turn|1\n|inactive|Joel_mon has 30 seconds left.\n|inactive|Joel_mon has 20 seconds left.\n|\n|t:|1776602395\n|switch|p1b: Kingambit|Kingambit, L50, M|100/100\n|detailschange|p2a: Froslass|Froslass-Mega, L50, F\n|-mega|p2a: Froslass|Froslass|Froslassite\n|-weather|Snowscape|[from] ability: Snow Warning|[of] p2a: Froslass\n|move|p1a: Whimsicott|Protect|p1a: Whimsicott\n|-singleturn|p1a: Whimsicott|Protect\n|move|p2b: Rotom|Volt Switch|p1a: Whimsicott\n|-activate|p1a: Whimsicott|move: Protect\n|move|p2a: Froslass|Blizzard|p1a: Whimsicott|[spread] p1b\n|-activate|p1a: Whimsicott|move: Protect\n|-resisted|p1b: Kingambit|1\n|-damage|p1b: Kingambit|80/100\n|\n|-weather|Snowscape|[upkeep]\n|upkeep\n|turn|2\n|\n|t:|1776602414\n|switch|p2a: Kingambit|Kingambit, L50, F|100/100\n|move|p1b: Kingambit|Sucker Punch||[still]\n|-fail|p1b: Kingambit\n|move|p2b: Rotom|Volt Switch|p1a: Whimsicott\n|-resisted|p1a: Whimsicott|1\n|-damage|p1a: Whimsicott|75/100\n|inactive|Joel_mon has 30 seconds left.\n|\n|t:|1776602440\n|switch|p2b: Sneasler|Sneasler, L50, F|100/100|[from] Volt Switch\n|move|p1a: Whimsicott|Moonblast|p2b: Sneasler\n|-damage|p2b: Sneasler|56/100\n|\n|-weather|Snowscape|[upkeep]\n|upkeep\n|turn|3\n|inactive|Joel_mon has 30 seconds left.\n|\n|t:|1776602475\n|move|p1a: Whimsicott|Protect|p1a: Whimsicott\n|-singleturn|p1a: Whimsicott|Protect\n|move|p1b: Kingambit|Sucker Punch|p2a: Kingambit\n|-resisted|p2a: Kingambit|1\n|-damage|p2a: Kingambit|86/100\n|move|p2b: Sneasler|Dire Claw|p1a: Whimsicott\n|-activate|p1a: Whimsicott|move: Protect\n|move|p2a: Kingambit|Low Kick|p1b: Kingambit\n|-supereffective|p1b: Kingambit|2\n|-enditem|p1b: Kingambit|Chople Berry|[eat]\n|-enditem|p1b: Kingambit|Chople Berry|[weaken]\n|-damage|p1b: Kingambit|27/100\n|\n|-weather|Snowscape|[upkeep]\n|upkeep\n|turn|4\n|inactive|everlol has 30 seconds left.\n|inactive|Joel_mon has 30 seconds left.\n|\n|t:|1776602506\n|switch|p1a: Garchomp|Garchomp, L50, M|100/100\n|move|p1b: Kingambit|Protect|p1b: Kingambit\n|-singleturn|p1b: Kingambit|Protect\n|move|p2b: Sneasler|Dire Claw|p1a: Garchomp\n|-resisted|p1a: Garchomp|1\n|-damage|p1a: Garchomp|75/100\n|-damage|p2b: Sneasler|44/100|[from] ability: Rough Skin|[of] p1a: Garchomp\n|move|p2a: Kingambit|Low Kick|p1b: Kingambit\n|-activate|p1b: Kingambit|move: Protect\n|\n|-weather|Snowscape|[upkeep]\n|upkeep\n|turn|5\n|inactive|Joel_mon has 30 seconds left.\n|inactive|everlol has 30 seconds left.\n|inactive|Joel_mon has 20 seconds left.\n|inactive|Joel_mon has 15 seconds left.\n|inactive|Joel_mon has 10 seconds left.\n|\n|t:|1776602554\n|switch|p2a: Rotom|Rotom-Wash, L50|100/100\n|switch|p1b: Whimsicott|Whimsicott, L50, F|75/100\n|move|p2b: Sneasler|Protect|p2b: Sneasler\n|-singleturn|p2b: Sneasler|Protect\n|move|p1a: Garchomp|Stomping Tantrum|p2a: Rotom\n|-immune|p2a: Rotom|[from] ability: Levitate\n|\n|-weather|none\n|upkeep\n|turn|6\n|inactive|Joel_mon has 30 seconds left.\n|inactive|Joel_mon has 20 seconds left.\n|inactive|Joel_mon has 15 seconds left.\n|\n|t:|1776602599\n|move|p1a: Garchomp|Stomping Tantrum|p2b: Sneasler\n|-supereffective|p2b: Sneasler|1\n|-damage|p2b: Sneasler|0 fnt\n|faint|p2b: Sneasler\n|move|p2a: Rotom|Volt Switch|p1b: Whimsicott\n|-resisted|p1b: Whimsicott|1\n|-damage|p1b: Whimsicott|48/100\n|\n|t:|1776602606\n|switch|p2a: Kingambit|Kingambit, L50, F|86/100|[from] Volt Switch\n|move|p1b: Whimsicott|Moonblast|p2a: Kingambit\n|-damage|p2a: Kingambit|51/100\n|\n|upkeep\n|\n|t:|1776602612\n|switch|p2b: Froslass|Froslass-Mega, L50, F|100/100\n|-weather|Snowscape|[from] ability: Snow Warning|[of] p2b: Froslass\n|turn|7\n|\n|t:|1776602627\n|switch|p1a: Kingambit|Kingambit, L50, M|27/100\n|switch|p2a: Rotom|Rotom-Wash, L50|100/100\n|move|p1b: Whimsicott|Tailwind|p1b: Whimsicott\n|-sidestart|p1: everlol|move: Tailwind\n|move|p2b: Froslass|Blizzard|p1b: Whimsicott|[spread] p1a,p1b\n|-resisted|p1a: Kingambit|1\n|-supereffective|p1b: Whimsicott|1\n|-damage|p1a: Kingambit|8/100\n|-damage|p1b: Whimsicott|0 fnt\n|faint|p1b: Whimsicott\n|\n|-weather|Snowscape|[upkeep]\n|upkeep\n|\n|t:|1776602633\n|switch|p1b: Floette|Floette-Eternal, L50, F|100/100\n|turn|8\n|j| VegitoSKBEST\n|inactive|Joel_mon has 30 seconds left.\n|inactive|Joel_mon has 20 seconds left.\n|inactive|Joel_mon has 15 seconds left.\n|\n|t:|1776602675\n|detailschange|p1b: Floette|Floette-Mega, L50, F\n|-mega|p1b: Floette|Floette|Floettite\n|-ability|p1b: Floette|Fairy Aura\n|move|p1a: Kingambit|Sucker Punch|p2b: Froslass\n|-supereffective|p2b: Froslass|1\n|-damage|p2b: Froslass|16/100\n|move|p1b: Floette|Light of Ruin|p2a: Rotom\n|-damage|p2a: Rotom|0 fnt\n|faint|p2a: Rotom\n|-damage|p1b: Floette|58/100|[from] Recoil\n|move|p2b: Froslass|Blizzard|p1b: Floette|[spread] p1a,p1b\n|-resisted|p1a: Kingambit|1\n|-damage|p1a: Kingambit|0 fnt\n|-damage|p1b: Floette|27/100\n|faint|p1a: Kingambit\n|\n|-weather|Snowscape|[upkeep]\n|upkeep\n|\n|t:|1776602690\n|switch|p2a: Kingambit|Kingambit, L50, F|51/100\n|switch|p1a: Garchomp|Garchomp, L50, M|75/100\n|turn|9\n|inactive|Joel_mon has 30 seconds left.\n|inactive|Joel_mon has 20 seconds left.\n|inactive|Joel_mon has 15 seconds left.\n|\n|t:|1776602730\n|move|p1b: Floette|Protect|p1b: Floette\n|-singleturn|p1b: Floette|Protect\n|move|p2b: Froslass|Protect|p2b: Froslass\n|-singleturn|p2b: Froslass|Protect\n|move|p2a: Kingambit|Sucker Punch||[still]\n|-fail|p2a: Kingambit\n|move|p1a: Garchomp|Earthquake|p2a: Kingambit|[spread] p2a\n|-activate|p1b: Floette|move: Protect\n|-activate|p2b: Froslass|move: Protect\n|-supereffective|p2a: Kingambit|1\n|-damage|p2a: Kingambit|0 fnt\n|faint|p2a: Kingambit\n|\n|-weather|Snowscape|[upkeep]\n|upkeep\n|turn|10\n|\n|t:|1776602744\n|move|p2b: Froslass|Protect|p2b: Froslass\n|-singleturn|p2b: Froslass|Protect\n|move|p1a: Garchomp|Earthquake|p2b: Froslass|[spread] p1b\n|-activate|p2b: Froslass|move: Protect\n|-damage|p1b: Floette|0 fnt\n|faint|p1b: Floette\n|\n|-weather|Snowscape|[upkeep]\n|-sideend|p1: everlol|move: Tailwind\n|upkeep\n|turn|11\n|\n|t:|1776602757\n|move|p1a: Garchomp|Earthquake|p2b: Froslass\n|-damage|p2b: Froslass|0 fnt\n|faint|p2b: Froslass\n|\n|win|everlol\n||everlol is ready for game 2.\n||Joel_mon is ready for game 2.\n|uhtml|next|Next: <a href=\"/battle-gen9championsvgc2026regma-2588086991\"><strong>Game 2 of 3</strong></a>\n|l|\u2606Joel_mon\n|player|p2|\n",
  "uploadtime": 1776603021,
  "views": 10,
  "formatid": "gen9championsvgc2026regma",
  "rating": null,
  "private": 0,
  "password": null
}