{
  "id": "gen9championsvgc2026regma-2585111019",
  "format": "[Gen 9 Champions] VGC 2026 Reg M-A",
  "players": [
    "colfox",
    "BDElizabeth"
  ],
  "log": "|j|\u203dcolfox\n|j|\u2606BDElizabeth\n|t:|1776312999\n|gametype|doubles\n|player|p1|colfox|1|1259\n|player|p2|BDElizabeth|pokemonrangerf|1170\n|gen|9\n|tier|[Gen 9 Champions] VGC 2026 Reg M-A\n|rated|\n|rule|Species Clause: Limit one of each Pok\u00e9mon\n|rule|Item Clause: Limit 1 of each item\n|clearpoke\n|poke|p1|Sylveon, L50, M|\n|poke|p1|Garchomp, L50, F|\n|poke|p1|Milotic, L50, M|\n|poke|p1|Ninetales, L50, F|\n|poke|p1|Raichu, L50, F|\n|poke|p1|Scizor, L50, M|\n|poke|p2|Meganium, L50, F|\n|poke|p2|Basculegion, L50, M|\n|poke|p2|Pelipper, L50, F|\n|poke|p2|Sneasler, L50, F|\n|poke|p2|Archaludon, L50, M|\n|poke|p2|Incineroar, L50, M|\n|teampreview|4\n|inactive|Battle timer is ON: inactive players will automatically lose when time's up. (requested by BDElizabeth)\n|\n|t:|1776313027\n|teamsize|p1|4\n|teamsize|p2|4\n|start\n|switch|p1a: Raichu|Raichu, L50, F|100/100\n|switch|p1b: Milotic|Milotic, L50, M|100/100\n|switch|p2a: TsundeRuby|Pelipper, L50, F|100/100\n|switch|p2b: Elizabeth|Meganium, L50, F, shiny|100/100\n|-weather|RainDance|[from] ability: Drizzle|[of] p2a: TsundeRuby\n|turn|1\n|inactive|colfox has 30 seconds left.\n|inactive|BDElizabeth has 30 seconds left.\n|\n|t:|1776313059\n|detailschange|p2b: Elizabeth|Meganium-Mega, L50, F, shiny\n|-mega|p2b: Elizabeth|Meganium|Meganiumite\n|move|p1b: Milotic|Protect|p1b: Milotic\n|-singleturn|p1b: Milotic|Protect\n|move|p1a: Raichu|Thunderbolt|p2a: TsundeRuby\n|-supereffective|p2a: TsundeRuby|2\n|-enditem|p2a: TsundeRuby|Focus Sash\n|-damage|p2a: TsundeRuby|1/100\n|move|p2b: Elizabeth|Solar Beam||[still]\n|-prepare|p2b: Elizabeth|Solar Beam\n|-activate|p2b: Elizabeth|ability: Mega Sol\n|-anim|p2b: Elizabeth|Solar Beam|p1b: Milotic\n|-activate|p1b: Milotic|move: Protect\n|move|p2a: TsundeRuby|Tailwind|p2a: TsundeRuby\n|-sidestart|p2: BDElizabeth|move: Tailwind\n|\n|-weather|RainDance|[upkeep]\n|upkeep\n|turn|2\n|inactive|colfox has 30 seconds left.\n|\n|t:|1776313086\n|switch|p1b: Ninetales|Ninetales, L50, F|100/100\n|-weather|SunnyDay|[from] ability: Drought|[of] p1b: Ninetales\n|move|p2a: TsundeRuby|Protect|p2a: TsundeRuby\n|-singleturn|p2a: TsundeRuby|Protect\n|move|p2b: Elizabeth|Solar Beam||[still]\n|-prepare|p2b: Elizabeth|Solar Beam\n|-anim|p2b: Elizabeth|Solar Beam|p1b: Ninetales\n|-resisted|p1b: Ninetales|1\n|-damage|p1b: Ninetales|67/100\n|move|p1a: Raichu|Volt Switch|p2b: Elizabeth\n|-resisted|p2b: Elizabeth|1\n|-damage|p2b: Elizabeth|86/100\n|\n|t:|1776313102\n|switch|p1a: Garchomp|Garchomp, L50, F|100/100|[from] Volt Switch\n|\n|-weather|SunnyDay|[upkeep]\n|upkeep\n|turn|3\n|\n|t:|1776313120\n|switch|p2a: Rose|Incineroar, L50, M, shiny|100/100\n|-ability|p2a: Rose|Intimidate|boost\n|-unboost|p1a: Garchomp|atk|1\n|-unboost|p1b: Ninetales|atk|1\n|move|p2b: Elizabeth|Protect|p2b: Elizabeth\n|-singleturn|p2b: Elizabeth|Protect\n|move|p1a: Garchomp|Protect|p1a: Garchomp\n|-singleturn|p1a: Garchomp|Protect\n|move|p1b: Ninetales|Protect||[still]\n|-fail|p1b: Ninetales\n|\n|-weather|SunnyDay|[upkeep]\n|upkeep\n|turn|4\n|inactive|BDElizabeth has 30 seconds left.\n|\n|t:|1776313154\n|move|p2a: Rose|Fake Out|p1b: Ninetales\n|-damage|p1b: Ninetales|55/100\n|move|p2b: Elizabeth|Dazzling Gleam|p1b: Ninetales|[spread] p1a,p1b\n|-supereffective|p1a: Garchomp|1\n|-resisted|p1b: Ninetales|1\n|-damage|p1a: Garchomp|15/100\n|-damage|p1b: Ninetales|35/100\n|move|p1a: Garchomp|Rock Slide|p2b: Elizabeth|[spread] p2a,p2b\n|-supereffective|p2a: Rose|1\n|-crit|p2b: Elizabeth\n|-damage|p2a: Rose|78/100\n|-damage|p2b: Elizabeth|60/100\n|cant|p1b: Ninetales|flinch\n|\n|-weather|SunnyDay|[upkeep]\n|-sideend|p2: BDElizabeth|move: Tailwind\n|upkeep\n|turn|5\n|inactive|BDElizabeth has 30 seconds left.\n|\n|t:|1776313185\n|switch|p2b: TsundeRuby|Pelipper, L50, F|1/100\n|-weather|RainDance|[from] ability: Drizzle|[of] p2b: TsundeRuby\n|move|p1b: Ninetales|Protect|p1b: Ninetales\n|-singleturn|p1b: Ninetales|Protect\n|move|p1a: Garchomp|Earthquake|p2a: Rose|[spread] p2a\n|-activate|p1b: Ninetales|move: Protect\n|-immune|p2b: TsundeRuby\n|-supereffective|p2a: Rose|1\n|-damage|p2a: Rose|35/100\n|-enditem|p2a: Rose|Sitrus Berry|[eat]\n|-heal|p2a: Rose|60/100|[from] item: Sitrus Berry\n|move|p2a: Rose|Parting Shot|p1b: Ninetales\n|-activate|p1b: Ninetales|move: Protect\n|\n|-weather|RainDance|[upkeep]\n|upkeep\n|turn|6\n|inactive|colfox has 30 seconds left.\n|inactive|BDElizabeth has 30 seconds left.\n|\n|t:|1776313217\n|move|p1b: Ninetales|Helping Hand|p1a: Garchomp\n|-singleturn|p1a: Garchomp|Helping Hand|[of] p1b: Ninetales\n|move|p2b: TsundeRuby|Protect|p2b: TsundeRuby\n|-singleturn|p2b: TsundeRuby|Protect\n|move|p1a: Garchomp|Rock Slide|p2a: Rose|[spread] p2a\n|-activate|p2b: TsundeRuby|move: Protect\n|-supereffective|p2a: Rose|1\n|-damage|p2a: Rose|29/100\n|cant|p2a: Rose|flinch\n|\n|-weather|RainDance|[upkeep]\n|upkeep\n|turn|7\n|inactive|BDElizabeth has 30 seconds left.\n|\n|t:|1776313245\n|switch|p2a: The Great Yu|Basculegion, L50, M, shiny|100/100\n|move|p1b: Ninetales|Helping Hand|p1a: Garchomp\n|-singleturn|p1a: Garchomp|Helping Hand|[of] p1b: Ninetales\n|move|p1a: Garchomp|Rock Slide|p2a: The Great Yu|[spread] p2a,p2b\n|-supereffective|p2b: TsundeRuby|1\n|-damage|p2a: The Great Yu|74/100\n|-damage|p2b: TsundeRuby|0 fnt\n|faint|p2b: TsundeRuby\n|\n|-weather|RainDance|[upkeep]\n|upkeep\n|\n|t:|1776313256\n|switch|p2b: Elizabeth|Meganium-Mega, L50, F, shiny|60/100\n|turn|8\n|\n|t:|1776313276\n|switch|p1b: Milotic|Milotic, L50, M|100/100\n|move|p1a: Garchomp|Protect|p1a: Garchomp\n|-singleturn|p1a: Garchomp|Protect\n|move|p2b: Elizabeth|Protect|p2b: Elizabeth\n|-singleturn|p2b: Elizabeth|Protect\n|move|p2a: The Great Yu|Flip Turn|p1a: Garchomp\n|-activate|p1a: Garchomp|move: Protect\n|\n|-weather|RainDance|[upkeep]\n|upkeep\n|turn|9\n|inactive|colfox has 30 seconds left.\n|\n|t:|1776313306\n|switch|p1a: Raichu|Raichu, L50, F|100/100\n|move|p2a: The Great Yu|Flip Turn|p1a: Raichu\n|-damage|p1a: Raichu|0 fnt\n|faint|p1a: Raichu\n|\n|t:|1776313312\n|switch|p2a: Rose|Incineroar, L50, M, shiny|29/100|[from] Flip Turn\n|-ability|p2a: Rose|Intimidate|boost\n|-unboost|p1b: Milotic|atk|1\n|-ability|p1b: Milotic|Competitive|boost\n|-boost|p1b: Milotic|spa|2\n|move|p1b: Milotic|Icy Wind|p2a: Rose|[spread] p2a,p2b\n|-resisted|p2a: Rose|1\n|-supereffective|p2b: Elizabeth|1\n|-damage|p2a: Rose|18/100\n|-damage|p2b: Elizabeth|18/100\n|-unboost|p2a: Rose|spe|1\n|-unboost|p2b: Elizabeth|spe|1\n|move|p2b: Elizabeth|Solar Beam||[still]\n|-prepare|p2b: Elizabeth|Solar Beam\n|-activate|p2b: Elizabeth|ability: Mega Sol\n|-anim|p2b: Elizabeth|Solar Beam|p1b: Milotic\n|-supereffective|p1b: Milotic|1\n|-damage|p1b: Milotic|0 fnt\n|faint|p1b: Milotic\n|\n|-weather|none\n|upkeep\n|\n|t:|1776313333\n|switch|p1a: Ninetales|Ninetales, L50, F|35/100\n|switch|p1b: Garchomp|Garchomp, L50, F|15/100\n|-weather|SunnyDay|[from] ability: Drought|[of] p1a: Ninetales\n|turn|10\n|inactive|BDElizabeth has 30 seconds left.\n|\n|t:|1776313364\n|move|p1b: Garchomp|Protect|p1b: Garchomp\n|-singleturn|p1b: Garchomp|Protect\n|move|p1a: Ninetales|Protect|p1a: Ninetales\n|-singleturn|p1a: Ninetales|Protect\n|move|p2a: Rose|Fake Out|p1a: Ninetales\n|-activate|p1a: Ninetales|move: Protect\n|move|p2b: Elizabeth|Dazzling Gleam|p1a: Ninetales|[spread] \n|-activate|p1a: Ninetales|move: Protect\n|-activate|p1b: Garchomp|move: Protect\n|\n|-weather|SunnyDay|[upkeep]\n|upkeep\n|turn|11\n|inactive|BDElizabeth has 30 seconds left.\n|\n|t:|1776313394\n|switch|p2a: The Great Yu|Basculegion, L50, M, shiny|74/100\n|move|p2b: Elizabeth|Protect|p2b: Elizabeth\n|-singleturn|p2b: Elizabeth|Protect\n|move|p1b: Garchomp|Rock Slide|p2a: The Great Yu|[spread] p2a\n|-activate|p2b: Elizabeth|move: Protect\n|-damage|p2a: The Great Yu|47/100\n|move|p1a: Ninetales|Heat Wave|p2a: The Great Yu|[spread] p2a\n|-activate|p2b: Elizabeth|move: Protect\n|-resisted|p2a: The Great Yu|1\n|-damage|p2a: The Great Yu|28/100\n|\n|-weather|SunnyDay|[upkeep]\n|upkeep\n|turn|12\n|inactive|BDElizabeth has 30 seconds left.\n|\n|t:|1776313420\n|switch|p2b: Rose|Incineroar, L50, M, shiny|18/100\n|-ability|p2b: Rose|Intimidate|boost\n|-unboost|p1a: Ninetales|atk|1\n|-unboost|p1b: Garchomp|atk|1\n|move|p2a: The Great Yu|Aqua Jet|p1a: Ninetales\n|-supereffective|p1a: Ninetales|1\n|-damage|p1a: Ninetales|8/100\n|move|p1b: Garchomp|Rock Slide|p2b: Rose|[spread] p2a\n|-miss|p1b: Garchomp|p2b: Rose\n|-damage|p2a: The Great Yu|12/100\n|move|p1a: Ninetales|Heat Wave|p2b: Rose|[spread] p2a,p2b\n|-resisted|p2a: The Great Yu|1\n|-resisted|p2b: Rose|1\n|-damage|p2a: The Great Yu|0 fnt\n|-damage|p2b: Rose|3/100\n|faint|p2a: The Great Yu\n|\n|-weather|SunnyDay|[upkeep]\n|upkeep\n|\n|t:|1776313435\n|switch|p2a: Elizabeth|Meganium-Mega, L50, F, shiny|18/100\n|turn|13\n|\n|t:|1776313450\n|move|p1b: Garchomp|Protect|p1b: Garchomp\n|-singleturn|p1b: Garchomp|Protect\n|move|p1a: Ninetales|Protect|p1a: Ninetales\n|-singleturn|p1a: Ninetales|Protect\n|move|p2b: Rose|Fake Out|p1a: Ninetales\n|-activate|p1a: Ninetales|move: Protect\n|move|p2a: Elizabeth|Dazzling Gleam|p1a: Ninetales|[spread] \n|-activate|p1a: Ninetales|move: Protect\n|-activate|p1b: Garchomp|move: Protect\n|\n|-weather|SunnyDay|[upkeep]\n|upkeep\n|turn|14\n|c|\u2606BDElizabeth|zzzzzzzzzzzzzz\n|\n|t:|1776313470\n|move|p1a: Ninetales|Helping Hand|p1b: Garchomp\n|-singleturn|p1b: Garchomp|Helping Hand|[of] p1a: Ninetales\n|move|p1b: Garchomp|Earthquake|p2a: Elizabeth|[spread] p1a,p2a,p2b\n|-supereffective|p1a: Ninetales|1\n|-resisted|p2a: Elizabeth|1\n|-supereffective|p2b: Rose|1\n|-damage|p1a: Ninetales|0 fnt\n|-damage|p2a: Elizabeth|0 fnt\n|-damage|p2b: Rose|0 fnt\n|faint|p1a: Ninetales\n|faint|p2a: Elizabeth\n|faint|p2b: Rose\n|\n|win|colfox\n|raw|colfox's rating: 1259 &rarr; <strong>1278</strong><br />(+19 for winning)\n|raw|BDElizabeth's rating: 1170 &rarr; <strong>1151</strong><br />(-19 for losing)\n|l|\u2606BDElizabeth\n|player|p2|\n",
  "uploadtime": 1776313499,
  "views": 56,
  "formatid": "gen9championsvgc2026regma",
  "rating": 1151,
  "private": 0,
  "password": null
}