{
  "id": "gen9championsvgc2026regma-2588191587",
  "format": "[Gen 9 Champions] VGC 2026 Reg M-A",
  "players": [
    "sneedjak",
    "burntime"
  ],
  "log": "|j|\u2606sneedjak\n|j|\u2606burntime\n|t:|1776613043\n|gametype|doubles\n|player|p1|sneedjak|102|1129\n|player|p2|burntime|265|1075\n|gen|9\n|tier|[Gen 9 Champions] VGC 2026 Reg M-A\n|rated|\n|rule|Species Clause: Limit one of each Pok\u00e9mon\n|rule|Item Clause: Limit 1 of each item\n|clearpoke\n|poke|p1|Incineroar, L50, F|\n|poke|p1|Kingambit, L50, F|\n|poke|p1|Sinistcha, L50|\n|poke|p1|Basculegion, L50, M|\n|poke|p1|Floette-Eternal, L50, F|\n|poke|p1|Whimsicott, L50, M|\n|poke|p2|Altaria, L50, F|\n|poke|p2|Milotic, L50, M|\n|poke|p2|Infernape, L50, M|\n|poke|p2|Arbok, L50, F|\n|poke|p2|Rotom-Mow, L50|\n|poke|p2|Runerigus, L50, M|\n|teampreview|4\n|\n|t:|1776613080\n|teamsize|p1|4\n|teamsize|p2|4\n|start\n|switch|p1a: Kingambit|Kingambit, L50, F|100/100\n|switch|p1b: Basculegion|Basculegion, L50, M|100/100\n|switch|p2a: Milotic|Milotic, L50, M|100/100\n|switch|p2b: Arbok|Arbok, L50, F|100/100\n|-ability|p2b: Arbok|Intimidate|boost\n|-unboost|p1a: Kingambit|atk|1\n|-ability|p1a: Kingambit|Defiant|boost\n|-boost|p1a: Kingambit|atk|2\n|-unboost|p1b: Basculegion|atk|1\n|turn|1\n|\n|t:|1776613113\n|move|p1b: Basculegion|Flip Turn|p2a: Milotic\n|-resisted|p2a: Milotic|1\n|-damage|p2a: Milotic|87/100\n|\n|t:|1776613120\n|switch|p1b: Sinistcha|Sinistcha, L50|100/100|[from] Flip Turn\n|move|p2a: Milotic|Scald|p1a: Kingambit\n|-damage|p1a: Kingambit|62/100\n|-status|p1a: Kingambit|brn\n|move|p2b: Arbok|Glare|p1b: Sinistcha\n|-status|p1b: Sinistcha|par\n|move|p1a: Kingambit|Iron Head|p2b: Arbok\n|-damage|p2b: Arbok|41/100\n|-enditem|p2b: Arbok|Sitrus Berry|[eat]\n|-heal|p2b: Arbok|65/100|[from] item: Sitrus Berry\n|\n|-heal|p2a: Milotic|93/100|[from] item: Leftovers\n|-damage|p1a: Kingambit|56/100 brn|[from] brn\n|upkeep\n|turn|2\n|\n|t:|1776613158\n|switch|p2a: Rotom|Rotom-Mow, L50|100/100\n|move|p2b: Arbok|Poison Jab|p1b: Sinistcha\n|-damage|p1b: Sinistcha|75/100 par\n|move|p1a: Kingambit|Iron Head|p2b: Arbok\n|-damage|p2b: Arbok|8/100\n|move|p1b: Sinistcha|Matcha Gotcha|p2b: Arbok|[spread] p2a,p2b\n|-resisted|p2a: Rotom|1\n|-resisted|p2b: Arbok|1\n|-damage|p2a: Rotom|82/100\n|-heal|p1b: Sinistcha|84/100 par|[from] drain|[of] p2a: Rotom\n|-damage|p2b: Arbok|0 fnt\n|-heal|p1b: Sinistcha|88/100 par|[from] drain|[of] p2b: Arbok\n|-status|p2a: Rotom|brn\n|faint|p2b: Arbok\n|\n|-heal|p1b: Sinistcha|94/100 par|[from] item: Leftovers\n|-damage|p2a: Rotom|76/100 brn|[from] brn\n|-damage|p1a: Kingambit|51/100 brn|[from] brn\n|upkeep\n|\n|t:|1776613183\n|switch|p2b: Infernape|Infernape, L50, M|100/100\n|turn|3\n|\n|t:|1776613206\n|move|p1b: Sinistcha|Rage Powder|p1b: Sinistcha\n|-singleturn|p1b: Sinistcha|move: Rage Powder\n|move|p1a: Kingambit|Sucker Punch|p2a: Rotom\n|-damage|p2a: Rotom|40/100 brn\n|move|p2b: Infernape|Overheat|p1b: Sinistcha|[miss]\n|-miss|p2b: Infernape|p1b: Sinistcha\n|move|p2a: Rotom|Thunderbolt|p1a: Kingambit\n|-damage|p1a: Kingambit|0 fnt\n|faint|p1a: Kingambit\n|\n|-heal|p1b: Sinistcha|100/100 par|[from] item: Leftovers\n|-damage|p2a: Rotom|34/100 brn|[from] brn\n|upkeep\n|\n|t:|1776613225\n|switch|p1a: Basculegion|Basculegion, L50, M|100/100\n|turn|4\n|\n|t:|1776613244\n|switch|p2b: Milotic|Milotic, L50, M|93/100\n|move|p2a: Rotom|Protect|p2a: Rotom\n|-singleturn|p2a: Rotom|Protect\n|move|p1a: Basculegion|Wave Crash|p2a: Rotom\n|-activate|p2a: Rotom|move: Protect\n|move|p1b: Sinistcha|Strength Sap|p2b: Milotic\n|-unboost|p2b: Milotic|atk|1\n|-ability|p2b: Milotic|Competitive|boost\n|-boost|p2b: Milotic|spa|2\n|\n|-heal|p2b: Milotic|99/100|[from] item: Leftovers\n|-damage|p2a: Rotom|29/100 brn|[from] brn\n|upkeep\n|turn|5\n|\n|t:|1776613267\n|move|p1a: Basculegion|Wave Crash|p2a: Rotom\n|-resisted|p2a: Rotom|1\n|-damage|p2a: Rotom|0 fnt\n|faint|p2a: Rotom\n|-damage|p1a: Basculegion|94/100|[from] Recoil\n|move|p2b: Milotic|Icy Wind|p1a: Basculegion|[spread] p1a,p1b\n|-resisted|p1a: Basculegion|1\n|-supereffective|p1b: Sinistcha|1\n|-damage|p1a: Basculegion|82/100\n|-damage|p1b: Sinistcha|37/100 par\n|-unboost|p1a: Basculegion|spe|1\n|-unboost|p1b: Sinistcha|spe|1\n|cant|p1b: Sinistcha|par\n|\n|-heal|p2b: Milotic|100/100|[from] item: Leftovers\n|-heal|p1b: Sinistcha|43/100 par|[from] item: Leftovers\n|upkeep\n|\n|t:|1776613284\n|switch|p2a: Infernape|Infernape, L50, M|100/100\n|turn|6\n|\n|t:|1776613297\n|move|p2a: Infernape|Protect|p2a: Infernape\n|-singleturn|p2a: Infernape|Protect\n|move|p1b: Sinistcha|Rage Powder|p1b: Sinistcha\n|-singleturn|p1b: Sinistcha|move: Rage Powder\n|move|p1a: Basculegion|Wave Crash|p2a: Infernape\n|-activate|p2a: Infernape|move: Protect\n|move|p2b: Milotic|Icy Wind|p1a: Basculegion|[spread] p1a,p1b\n|-resisted|p1a: Basculegion|1\n|-supereffective|p1b: Sinistcha|1\n|-damage|p1a: Basculegion|71/100\n|-damage|p1b: Sinistcha|0 fnt\n|-unboost|p1a: Basculegion|spe|1\n|faint|p1b: Sinistcha\n|\n|upkeep\n|\n|t:|1776613304\n|switch|p1b: Floette|Floette-Eternal, L50, F|100/100\n|turn|7\n|\n|t:|1776613328\n|detailschange|p1b: Floette|Floette-Mega, L50, F\n|-mega|p1b: Floette|Floette|Floettite\n|-ability|p1b: Floette|Fairy Aura\n|move|p2a: Infernape|Overheat|p1b: Floette\n|-damage|p1b: Floette|58/100\n|-unboost|p2a: Infernape|spa|2\n|move|p1b: Floette|Energy Ball|p2b: Milotic\n|-supereffective|p2b: Milotic|1\n|-damage|p2b: Milotic|59/100\n|move|p1a: Basculegion|Wave Crash|p2a: Infernape\n|-supereffective|p2a: Infernape|1\n|-enditem|p2a: Infernape|Focus Sash\n|-damage|p2a: Infernape|1/100\n|-damage|p1a: Basculegion|46/100|[from] Recoil\n|move|p2b: Milotic|Scald|p1b: Floette\n|-damage|p1b: Floette|8/100\n|\n|-heal|p2b: Milotic|65/100|[from] item: Leftovers\n|upkeep\n|turn|8\n|\n|t:|1776613367\n|move|p2a: Infernape|Drain Punch|p1b: Floette\n|-resisted|p1b: Floette|1\n|-damage|p1b: Floette|0 fnt\n|-heal|p2a: Infernape|5/100|[from] drain|[of] p1b: Floette\n|faint|p1b: Floette\n|move|p1a: Basculegion|Wave Crash|p2a: Infernape\n|-supereffective|p2a: Infernape|1\n|-crit|p2a: Infernape\n|-damage|p2a: Infernape|0 fnt\n|faint|p2a: Infernape\n|-damage|p1a: Basculegion|45/100|[from] Recoil\n|move|p2b: Milotic|Recover|p2b: Milotic\n|-heal|p2b: Milotic|100/100\n|\n|upkeep\n|turn|9\n|\n|t:|1776613387\n|move|p1a: Basculegion|Wave Crash|p2b: Milotic\n|-resisted|p2b: Milotic|1\n|-damage|p2b: Milotic|56/100\n|-damage|p1a: Basculegion|30/100|[from] Recoil\n|move|p2b: Milotic|Scald|p1a: Basculegion\n|-resisted|p1a: Basculegion|1\n|-damage|p1a: Basculegion|0 fnt\n|faint|p1a: Basculegion\n|\n|win|burntime\n|raw|sneedjak's rating: 1129 &rarr; <strong>1100</strong><br />(-29 for losing)\n|raw|burntime's rating: 1075 &rarr; <strong>1108</strong><br />(+33 for winning)\n|l|\u2606burntime\n|player|p2|\n|j|\u2606burntime\n|player|p2|burntime|265|\n",
  "uploadtime": 1776613478,
  "views": 13,
  "formatid": "gen9championsvgc2026regma",
  "rating": 1100,
  "private": 0,
  "password": null
}