{
  "id": "gen9championsvgc2026regma-2585134859",
  "format": "[Gen 9 Champions] VGC 2026 Reg M-A",
  "players": [
    "LovelyLizardLad",
    "fallacy277"
  ],
  "log": "|j|\u2606LovelyLizardLad\n|j|\u2606fallacy277\n|t:|1776315955\n|gametype|doubles\n|player|p1|LovelyLizardLad|red|1439\n|player|p2|fallacy277|1|1421\n|gen|9\n|tier|[Gen 9 Champions] VGC 2026 Reg M-A\n|rated|\n|rule|Species Clause: Limit one of each Pok\u00e9mon\n|rule|Item Clause: Limit 1 of each item\n|clearpoke\n|poke|p1|Kingambit, L50, F|\n|poke|p1|Kangaskhan, L50, F|\n|poke|p1|Blastoise, L50, M|\n|poke|p1|Sinistcha, L50|\n|poke|p1|Aerodactyl, L50, F|\n|poke|p1|Farigiraf, L50, F|\n|poke|p2|Gardevoir, L50, M|\n|poke|p2|Incineroar, L50, M|\n|poke|p2|Pelipper, L50, F|\n|poke|p2|Basculegion, L50, M|\n|poke|p2|Kingambit, L50, M|\n|poke|p2|Tinkaton, L50, F|\n|teampreview|4\n|inactive|Battle timer is ON: inactive players will automatically lose when time's up. (requested by fallacy277)\n|inactive|fallacy277 has 60 seconds left.\n|\n|t:|1776315992\n|teamsize|p1|4\n|teamsize|p2|4\n|start\n|switch|p1a: Kangaskhan|Kangaskhan, L50, F|100/100\n|switch|p1b: Farigiraf|Farigiraf, L50, F|100/100\n|switch|p2a: Gardevoir|Gardevoir, L50, M|100/100\n|switch|p2b: Incineroar|Incineroar, L50, M|100/100\n|-ability|p2a: Gardevoir|Armor Tail|Trace|[from] ability: Trace|[of] p1b: Farigiraf\n|-ability|p2b: Incineroar|Intimidate|boost\n|-fail|p1a: Kangaskhan|unboost|Attack|[from] ability: Scrappy|[of] p1a: Kangaskhan\n|-unboost|p1b: Farigiraf|atk|1\n|turn|1\n|\n|t:|1776316010\n|detailschange|p2a: Gardevoir|Gardevoir-Mega, L50, M\n|-mega|p2a: Gardevoir|Gardevoir|Gardevoirite\n|move|p1a: Kangaskhan|Fake Out|p2b: Incineroar\n|-damage|p2b: Incineroar|78/100\n|move|p2a: Gardevoir|Hyper Voice|p1b: Farigiraf|[spread] p1a,p1b\n|-damage|p1a: Kangaskhan|55/100\n|-damage|p1b: Farigiraf|57/100\n|cant|p2b: Incineroar|flinch\n|move|p1b: Farigiraf|Trick Room|p1b: Farigiraf\n|-fieldstart|move: Trick Room|[of] p1b: Farigiraf\n|\n|upkeep\n|turn|2\n|\n|t:|1776316021\n|move|p2b: Incineroar|Close Combat|p1a: Kangaskhan\n|-supereffective|p1a: Kangaskhan|1\n|-damage|p1a: Kangaskhan|0 fnt\n|-unboost|p2b: Incineroar|def|1\n|-unboost|p2b: Incineroar|spd|1\n|faint|p1a: Kangaskhan\n|move|p1b: Farigiraf|Rain Dance|p1b: Farigiraf\n|-weather|RainDance\n|move|p2a: Gardevoir|Hyper Voice|p1b: Farigiraf\n|-damage|p1b: Farigiraf|0 fnt\n|faint|p1b: Farigiraf\n|\n|-weather|RainDance|[upkeep]\n|upkeep\n|\n|t:|1776316026\n|switch|p1b: Sinistcha|Sinistcha, L50|100/100\n|switch|p1a: Blastoise|Blastoise, L50, M|100/100\n|turn|3\n|\n|t:|1776316044\n|detailschange|p1a: Blastoise|Blastoise-Mega, L50, M\n|-mega|p1a: Blastoise|Blastoise|Blastoisinite\n|move|p1b: Sinistcha|Rage Powder|p1b: Sinistcha\n|-singleturn|p1b: Sinistcha|move: Rage Powder\n|move|p2b: Incineroar|Throat Chop|p1b: Sinistcha\n|-supereffective|p1b: Sinistcha|1\n|-enditem|p1b: Sinistcha|Colbur Berry|[eat]\n|-enditem|p1b: Sinistcha|Colbur Berry|[weaken]\n|-damage|p1b: Sinistcha|70/100\n|-start|p1b: Sinistcha|Throat Chop|[silent]\n|move|p1a: Blastoise|Water Spout|p2a: Gardevoir|[spread] p2a,p2b\n|-supereffective|p2b: Incineroar|1\n|-damage|p2a: Gardevoir|18/100\n|-damage|p2b: Incineroar|0 fnt\n|faint|p2b: Incineroar\n|move|p2a: Gardevoir|Hyper Voice|p1a: Blastoise|[spread] p1a,p1b\n|-crit|p1b: Sinistcha\n|-damage|p1a: Blastoise|56/100\n|-damage|p1b: Sinistcha|0 fnt\n|faint|p1b: Sinistcha\n|\n|-weather|RainDance|[upkeep]\n|upkeep\n|\n|t:|1776316060\n|switch|p2b: Pelipper|Pelipper, L50, F|100/100\n|turn|4\n|j| huhyuhyuhyuh\n|\n|t:|1776316066\n|move|p2b: Pelipper|Hurricane|p1a: Blastoise\n|-damage|p1a: Blastoise|20/100\n|move|p1a: Blastoise|Water Pulse|p2a: Gardevoir\n|-damage|p2a: Gardevoir|0 fnt\n|faint|p2a: Gardevoir\n|\n|-weather|RainDance|[upkeep]\n|upkeep\n|\n|t:|1776316068\n|switch|p2a: Kingambit|Kingambit, L50, M|100/100\n|turn|5\n|\n|t:|1776316072\n|move|p2a: Kingambit|Sucker Punch|p1a: Blastoise\n|-damage|p1a: Blastoise|0 fnt\n|faint|p1a: Blastoise\n|\n|win|fallacy277\n|raw|LovelyLizardLad's rating: 1439 &rarr; <strong>1418</strong><br />(-21 for losing)\n|raw|fallacy277's rating: 1421 &rarr; <strong>1442</strong><br />(+21 for winning)\n",
  "uploadtime": 1776316073,
  "views": 31,
  "formatid": "gen9championsvgc2026regma",
  "rating": 1418,
  "private": 0,
  "password": null
}