{
  "id": "gen9championsvgc2026regma-2586095596",
  "format": "[Gen 9 Champions] VGC 2026 Reg M-A",
  "players": [
    "pigronauta",
    "Alcamaster10"
  ],
  "log": "|j|\u2606pigronauta\n|j|\u2606Alcamaster10\n|html|<table width=\"100%\"><tr><td align=\"left\">pigronauta</td><td align=\"right\">Alcamaster10</tr><tr><td align=\"left\"><i class=\"fa fa-circle\"></i> <i class=\"fa fa-circle-o\"></i> </td><td align=\"right\"><i class=\"fa fa-circle-o\"></i> <i class=\"fa fa-circle\"></i> </tr></table>\n|uhtml|bestof|<h2><strong>Game 3</strong> of <a href=\"/game-bestof3-gen9championsvgc2026regma-2586089150\">a best-of-3</a></h2>\n|t:|1776398482\n|gametype|doubles\n|player|p1|pigronauta|169|\n|player|p2|Alcamaster10|marlon|\n|gen|9\n|tier|[Gen 9 Champions] VGC 2026 Reg M-A\n|rule|Species Clause: Limit one of each Pok\u00e9mon\n|rule|Item Clause: Limit 1 of each item\n|raw|<div class=\"infobox\"><details class=\"readmore\" open><summary><strong>1 custom rule:</strong></summary> Best of = 3</details></div>\n|clearpoke\n|poke|p1|Charizard, L50, M|\n|poke|p1|Whimsicott, L50, F|\n|poke|p1|Garchomp, L50, M|\n|poke|p1|Sneasler, L50, F|\n|poke|p1|Gallade, L50, M|\n|poke|p1|Incineroar, L50, F|\n|poke|p2|Excadrill, L50, F|\n|poke|p2|Aerodactyl, L50, M|\n|poke|p2|Palafin, L50, M|\n|poke|p2|Arcanine, L50, F|\n|poke|p2|Jolteon, L50, M|\n|poke|p2|Dragonite, L50, M|\n|teampreview|4\nAlcamaster10 has agreed to open team sheets.\npigronauta has agreed to open team sheets.\n|showteam|p1|Charizard||CharizarditeY|SolarPower|HeatWave,SolarBeam,WeatherBall,Protect|||M|||50|]Whimsicott||FocusSash|Prankster|Moonblast,SunnyDay,Encore,Tailwind|||F|||50|]Garchomp||ChoiceScarf|RoughSkin|Earthquake,DragonClaw,StompingTantrum,RockSlide|||M|||50|]Sneasler||WhiteHerb|Unburden|FakeOut,CloseCombat,DireClaw,Protect|||F|||50|]Gallade||Galladite|Sharpness|SacredSword,ThunderPunch,IcePunch,Protect|||M|||50|]Incineroar||SitrusBerry|Intimidate|FlareBlitz,DarkestLariat,PartingShot,FakeOut|||F|||50|\n|showteam|p2|Excadrill||FocusSash|SandForce|Earthquake,Protect,IronHead,RockSlide|||F|||50|]Aerodactyl||Aerodactylite|Unnerve|Earthquake,RockSlide,Tailwind,Protect|||M|||50|]Palafin||WhiteHerb|ZerotoHero|Haze,IcePunch,JetPunch,Protect|||M|||50|]Arcanine||Leftovers|Intimidate|WillOWisp,FlareBlitz,ExtremeSpeed,Protect|||F|||50|]Jolteon||ShucaBerry|VoltAbsorb|Electroweb,MetalSound,Protect,Discharge|||M|||50|]Dragonite||Dragoninite|Multiscale|Roost,DracoMeteor,IceBeam,Thunder|||M|||50|\n|\n|t:|1776398524\n|teamsize|p1|4\n|teamsize|p2|4\n|start\n|switch|p1a: Charizard|Charizard, L50, M|100/100\n|switch|p1b: Incineroar|Incineroar, L50, F|100/100\n|switch|p2a: Chocman|Palafin, L50, M|100/100\n|switch|p2b: Arcanine|Arcanine, L50, F|100/100\n|-ability|p2b: Arcanine|Intimidate|boost\n|-unboost|p1a: Charizard|atk|1\n|-unboost|p1b: Incineroar|atk|1\n|-ability|p1b: Incineroar|Intimidate|boost\n|-unboost|p2a: Chocman|atk|1\n|-unboost|p2b: Arcanine|atk|1\n|-enditem|p2a: Chocman|White Herb\n|-clearnegativeboost|p2a: Chocman|[silent]\n|turn|1\n|\n|t:|1776398557\n|detailschange|p2a: Chocman|Palafin-Hero, L50, M\n|switch|p2a: PIERO|Dragonite, L50, M, shiny|100/100\n|detailschange|p1a: Charizard|Charizard-Mega-Y, L50, M\n|-mega|p1a: Charizard|Charizard|Charizardite Y\n|-weather|SunnyDay|[from] ability: Drought|[of] p1a: Charizard\n|move|p2b: Arcanine|Protect|p2b: Arcanine\n|-singleturn|p2b: Arcanine|Protect\n|move|p1b: Incineroar|Fake Out|p2b: Arcanine\n|-activate|p2b: Arcanine|move: Protect\n|move|p1a: Charizard|Solar Beam||[still]\n|-prepare|p1a: Charizard|Solar Beam\n|-anim|p1a: Charizard|Solar Beam|p2a: PIERO\n|-resisted|p2a: PIERO|2\n|-damage|p2a: PIERO|95/100\n|\n|-weather|SunnyDay|[upkeep]\n|upkeep\n|turn|2\n|\n|t:|1776398599\n|move|p2b: Arcanine|Flare Blitz|p1b: Incineroar\n|-resisted|p1b: Incineroar|1\n|-damage|p1b: Incineroar|77/100\n|-damage|p2b: Arcanine|93/100|[from] Recoil\n|move|p1a: Charizard|Weather Ball|p2a: PIERO\n|-resisted|p2a: PIERO|1\n|-damage|p2a: PIERO|45/100\n|move|p2a: PIERO|Roost|p2a: PIERO\n|-heal|p2a: PIERO|95/100\n|-singleturn|p2a: PIERO|move: Roost\n|move|p1b: Incineroar|Flare Blitz|p2a: PIERO\n|-resisted|p2a: PIERO|1\n|-damage|p2a: PIERO|68/100\n|-damage|p1b: Incineroar|69/100|[from] Recoil\n|\n|-weather|SunnyDay|[upkeep]\n|-heal|p2b: Arcanine|99/100|[from] item: Leftovers\n|upkeep\n|turn|3\n|\n|t:|1776398640\n|detailschange|p2a: PIERO|Dragonite-Mega, L50, M, shiny\n|-mega|p2a: PIERO|Dragonite|Dragoninite\n|move|p2b: Arcanine|Flare Blitz|p1a: Charizard\n|-resisted|p1a: Charizard|1\n|-damage|p1a: Charizard|71/100\n|-damage|p2b: Arcanine|90/100|[from] Recoil\n|move|p1a: Charizard|Weather Ball|p2a: PIERO\n|-resisted|p2a: PIERO|1\n|-damage|p2a: PIERO|28/100\n|move|p2a: PIERO|Roost|p2a: PIERO\n|-heal|p2a: PIERO|78/100\n|-singleturn|p2a: PIERO|move: Roost\n|move|p1b: Incineroar|Parting Shot|p2a: PIERO\n|-unboost|p2a: PIERO|atk|1\n|-unboost|p2a: PIERO|spa|1\n|\n|t:|1776398656\n|switch|p1b: Garchomp|Garchomp, L50, M|100/100|[from] Parting Shot\n|\n|-weather|SunnyDay|[upkeep]\n|-heal|p2b: Arcanine|96/100|[from] item: Leftovers\n|upkeep\n|turn|4\n|\n|t:|1776398675\n|switch|p2a: Chocman|Palafin-Hero, L50, M|100/100\n|-activate|p2a: Chocman|ability: Zero to Hero\n|move|p1a: Charizard|Protect|p1a: Charizard\n|-singleturn|p1a: Charizard|Protect\n|move|p1b: Garchomp|Dragon Claw|p2a: Chocman\n|-damage|p2a: Chocman|54/100\n|move|p2b: Arcanine|Will-O-Wisp|p1b: Garchomp\n|-status|p1b: Garchomp|brn\n|\n|-weather|SunnyDay|[upkeep]\n|-heal|p2b: Arcanine|100/100|[from] item: Leftovers\n|-damage|p1b: Garchomp|95/100 brn|[from] brn\n|upkeep\n|turn|5\n|\n|t:|1776398722\n|switch|p1b: Gallade|Gallade, L50, M|100/100\n|switch|p1a: Incineroar|Incineroar, L50, F|69/100\n|-ability|p1a: Incineroar|Intimidate|boost\n|-unboost|p2a: Chocman|atk|1\n|-unboost|p2b: Arcanine|atk|1\n|move|p2a: Chocman|Protect|p2a: Chocman\n|-singleturn|p2a: Chocman|Protect\n|move|p2b: Arcanine|Flare Blitz|p1a: Incineroar\n|-resisted|p1a: Incineroar|1\n|-damage|p1a: Incineroar|52/100\n|-damage|p2b: Arcanine|95/100|[from] Recoil\n|\n|-weather|none\n|-heal|p2b: Arcanine|100/100|[from] item: Leftovers\n|upkeep\n|turn|6\n|\n|t:|1776398741\n|move|p1a: Incineroar|Fake Out|p2a: Chocman\n|-damage|p2a: Chocman|42/100\n|move|p2b: Arcanine|Will-O-Wisp|p1b: Gallade\n|-status|p1b: Gallade|brn\n|cant|p2a: Chocman|flinch\n|move|p1b: Gallade|Ice Punch|p2a: Chocman\n|-resisted|p2a: Chocman|1\n|-damage|p2a: Chocman|37/100\n|\n|-damage|p1b: Gallade|94/100 brn|[from] brn\n|upkeep\n|turn|7\n|\n|t:|1776398780\n|switch|p2a: Jolteon|Jolteon, L50, M|100/100\n|move|p2b: Arcanine|Flare Blitz|p1b: Gallade\n|-damage|p1b: Gallade|56/100 brn\n|-damage|p2b: Arcanine|91/100|[from] Recoil\n|move|p1b: Gallade|Thunder Punch|p2b: Arcanine\n|-damage|p2b: Arcanine|76/100\n|move|p1a: Incineroar|Darkest Lariat|p2a: Jolteon\n|-damage|p2a: Jolteon|28/100\n|\n|-heal|p2b: Arcanine|83/100|[from] item: Leftovers\n|-damage|p1b: Gallade|50/100 brn|[from] brn\n|upkeep\n|turn|8\n|\n|t:|1776398814\n|move|p2a: Jolteon|Discharge|p1a: Incineroar|[spread] p2b,p1a,p1b\n|-damage|p2b: Arcanine|55/100\n|-damage|p1a: Incineroar|26/100\n|-damage|p1b: Gallade|22/100 brn\n|-status|p2b: Arcanine|par\n|-enditem|p1a: Incineroar|Sitrus Berry|[eat]\n|-heal|p1a: Incineroar|51/100|[from] item: Sitrus Berry\n|move|p1b: Gallade|Sacred Sword|p2b: Arcanine\n|-damage|p2b: Arcanine|19/100 par\n|move|p1a: Incineroar|Darkest Lariat|p2a: Jolteon\n|-damage|p2a: Jolteon|0 fnt\n|faint|p2a: Jolteon\n|move|p2b: Arcanine|Flare Blitz|p1b: Gallade\n|-damage|p1b: Gallade|0 fnt\n|faint|p1b: Gallade\n|-damage|p2b: Arcanine|13/100 par|[from] Recoil\n|\n|-heal|p2b: Arcanine|19/100 par|[from] item: Leftovers\n|upkeep\n|\n|t:|1776398831\n|switch|p2a: Chocman|Palafin-Hero, L50, M|37/100\n|switch|p1b: Charizard|Charizard-Mega-Y, L50, M|71/100\n|-weather|SunnyDay|[from] ability: Drought|[of] p1b: Charizard\n|turn|9\n|\n|t:|1776398852\n|move|p2b: Arcanine|Protect|p2b: Arcanine\n|-singleturn|p2b: Arcanine|Protect\n|move|p2a: Chocman|Jet Punch|p1a: Incineroar\n|-supereffective|p1a: Incineroar|1\n|-damage|p1a: Incineroar|12/100\n|move|p1b: Charizard|Solar Beam||[still]\n|-prepare|p1b: Charizard|Solar Beam\n|-anim|p1b: Charizard|Solar Beam|p2a: Chocman\n|-supereffective|p2a: Chocman|1\n|-damage|p2a: Chocman|0 fnt\n|faint|p2a: Chocman\n|move|p1a: Incineroar|Darkest Lariat|p2b: Arcanine\n|-activate|p2b: Arcanine|move: Protect\n|\n|-weather|SunnyDay|[upkeep]\n|-heal|p2b: Arcanine|26/100 par|[from] item: Leftovers\n|upkeep\n|\n|t:|1776398863\n|switch|p2a: PIERO|Dragonite-Mega, L50, M, shiny|78/100\n|turn|10\n|\n|t:|1776398873\n|cant|p2b: Arcanine|par\n|move|p1b: Charizard|Weather Ball|p2a: PIERO\n|-resisted|p2a: PIERO|1\n|-damage|p2a: PIERO|41/100\n|move|p2a: PIERO|Thunder|p1b: Charizard|[miss]\n|-miss|p2a: PIERO|p1b: Charizard\n|move|p1a: Incineroar|Darkest Lariat|p2b: Arcanine\n|-damage|p2b: Arcanine|0 fnt\n|faint|p2b: Arcanine\n|\n|-weather|SunnyDay|[upkeep]\n|upkeep\n|turn|11\n|\n|t:|1776398890\n|move|p1b: Charizard|Weather Ball|p2a: PIERO\n|-resisted|p2a: PIERO|1\n|-damage|p2a: PIERO|5/100\n|move|p2a: PIERO|Roost|p2a: PIERO\n|-heal|p2a: PIERO|55/100\n|-singleturn|p2a: PIERO|move: Roost\n|move|p1a: Incineroar|Darkest Lariat|p2a: PIERO\n|-damage|p2a: PIERO|24/100\n|\n|-weather|SunnyDay|[upkeep]\n|upkeep\n|turn|12\n|\n|t:|1776398904\n|move|p1b: Charizard|Weather Ball|p2a: PIERO\n|-resisted|p2a: PIERO|1\n|-damage|p2a: PIERO|0 fnt\n|faint|p2a: PIERO\n|\n|win|pigronauta\n",
  "uploadtime": 1776398926,
  "views": 12,
  "formatid": "gen9championsvgc2026regma",
  "rating": null,
  "private": 0,
  "password": null
}