{
  "id": "gen9championsvgc2026regma-2580379650",
  "format": "[Gen 9 Champions] VGC 2026 Reg M-A",
  "players": [
    "Cabin6",
    "Sean"
  ],
  "log": "|j|\u2606Cabin6\n|j|\u2606Sean\n|t:|1775887815\n|gametype|doubles\n|player|p1|Cabin6|leon|1045\n|player|p2|Sean|170|1130\n|gen|9\n|tier|[Gen 9 Champions] VGC 2026 Reg M-A\n|rated|\n|rule|Species Clause: Limit one of each Pok\u00e9mon\n|rule|Item Clause: Limit 1 of each item\n|clearpoke\n|poke|p1|Maushold, L50|\n|poke|p1|Floette-Eternal, L50, F|\n|poke|p1|Garchomp, L50, M|\n|poke|p1|Talonflame, L50, F|\n|poke|p1|Rotom-Wash, L50|\n|poke|p1|Aegislash, L50, M|\n|poke|p2|Tyranitar, L50, F|\n|poke|p2|Excadrill, L50, M|\n|poke|p2|Gyarados, L50, M|\n|poke|p2|Basculegion, L50, M|\n|poke|p2|Sinistcha, L50|\n|poke|p2|Rotom-Wash, L50|\n|teampreview|4\n|inactive|Battle timer is ON: inactive players will automatically lose when time's up. (requested by Cabin6)\n|j| blobside\n|l| blobside\n|\n|t:|1775887852\n|teamsize|p1|4\n|teamsize|p2|4\n|start\n|switch|p1a: Garchomp|Garchomp, L50, M|100/100\n|switch|p1b: Aegislash|Aegislash, L50, M|100/100\n|switch|p2a: Tyranitar|Tyranitar, L50, F, shiny|100/100\n|switch|p2b: Gyarados|Gyarados, L50, M|100/100\n|-ability|p2b: Gyarados|Intimidate|boost\n|-unboost|p1a: Garchomp|atk|1\n|-unboost|p1b: Aegislash|atk|1\n|-weather|Sandstorm|[from] ability: Sand Stream|[of] p2a: Tyranitar\n|turn|1\n|inactive|Sean has 30 seconds left.\n|\n|t:|1775887883\n|detailschange|p2a: Tyranitar|Tyranitar-Mega, L50, F, shiny\n|-mega|p2a: Tyranitar|Tyranitar|Tyranitarite\n|move|p1a: Garchomp|Stomping Tantrum|p2a: Tyranitar\n|-supereffective|p2a: Tyranitar|1\n|-damage|p2a: Tyranitar|52/100\n|move|p2b: Gyarados|Thunder Wave|p1b: Aegislash\n|-status|p1b: Aegislash|par\n|move|p2a: Tyranitar|Ice Punch|p1a: Garchomp\n|-supereffective|p1a: Garchomp|2\n|-damage|p1a: Garchomp|0 fnt\n|-damage|p2a: Tyranitar|40/100|[from] ability: Rough Skin|[of] p1a: Garchomp\n|faint|p1a: Garchomp\n|-formechange|p1b: Aegislash|Aegislash-Blade|\n|move|p1b: Aegislash|Iron Head|p2a: Tyranitar\n|-supereffective|p2a: Tyranitar|1\n|-damage|p2a: Tyranitar|0 fnt\n|faint|p2a: Tyranitar\n|\n|-weather|Sandstorm|[upkeep]\n|-damage|p2b: Gyarados|95/100|[from] Sandstorm\n|upkeep\n|\n|t:|1775887905\n|switch|p1a: Rotom|Rotom-Wash, L50|100/100\n|switch|p2a: Excadrill|Excadrill, L50, M|100/100\n|turn|2\n|inactive|Sean has 30 seconds left.\n|\n|t:|1775887934\n|move|p2b: Gyarados|Protect|p2b: Gyarados\n|-singleturn|p2b: Gyarados|Protect\n|-formechange|p1b: Aegislash|Aegislash|\n|move|p1b: Aegislash|King's Shield|p1b: Aegislash\n|-singleturn|p1b: Aegislash|Protect\n|move|p2a: Excadrill|Earthquake|p1b: Aegislash|[spread] \n|-activate|p2b: Gyarados|move: Protect\n|-activate|p1b: Aegislash|move: Protect\n|-immune|p1a: Rotom|[from] ability: Levitate\n|move|p1a: Rotom|Hydro Pump|p2a: Excadrill\n|-supereffective|p2a: Excadrill|1\n|-enditem|p2a: Excadrill|Focus Sash\n|-damage|p2a: Excadrill|1/100\n|\n|-weather|Sandstorm|[upkeep]\n|-damage|p2b: Gyarados|89/100|[from] Sandstorm\n|-damage|p1a: Rotom|95/100|[from] Sandstorm\n|upkeep\n|turn|3\n|inactive|Cabin6 has 30 seconds left.\n|inactive|Sean has 30 seconds left.\n|inactive|Sean has 20 seconds left.\n|\n|t:|1775887970\n|cant|p1b: Aegislash|par\n|move|p2a: Excadrill|Earthquake|p1b: Aegislash|[spread] p1b\n|-immune|p2b: Gyarados\n|-immune|p1a: Rotom|[from] ability: Levitate\n|-supereffective|p1b: Aegislash|1\n|-damage|p1b: Aegislash|31/100 par\n|move|p2b: Gyarados|Taunt|p1b: Aegislash\n|-start|p1b: Aegislash|move: Taunt\n|move|p1a: Rotom|Thunderbolt|p2b: Gyarados\n|-supereffective|p2b: Gyarados|2\n|-damage|p2b: Gyarados|0 fnt\n|faint|p2b: Gyarados\n|\n|-weather|Sandstorm|[upkeep]\n|-damage|p1a: Rotom|89/100|[from] Sandstorm\n|upkeep\n|\n|t:|1775887986\n|switch|p2b: Basculegion|Basculegion, L50, M|100/100\n|turn|4\n|\n|t:|1775888010\n|move|p2a: Excadrill|Protect|p2a: Excadrill\n|-singleturn|p2a: Excadrill|Protect\n|-formechange|p1b: Aegislash|Aegislash-Blade|\n|move|p1b: Aegislash|Shadow Sneak|p2a: Excadrill\n|-activate|p2a: Excadrill|move: Protect\n|move|p2b: Basculegion|Last Respects|p1a: Rotom\n|-damage|p1a: Rotom|0 fnt\n|faint|p1a: Rotom\n|\n|-weather|Sandstorm|[upkeep]\n|-damage|p2b: Basculegion|94/100|[from] Sandstorm\n|upkeep\n|\n|t:|1775888020\n|switch|p1a: Floette|Floette-Eternal, L50, F|100/100\n|turn|5\n|inactive|Cabin6 has 30 seconds left.\n|inactive|Cabin6 has 20 seconds left.\n|inactive|Cabin6 has 15 seconds left.\n|inactive|Cabin6 has 10 seconds left.\n|\n|t:|1775888067\n|detailschange|p1a: Floette|Floette-Mega, L50, F\n|-mega|p1a: Floette|Floette|Floettite\n|-ability|p1a: Floette|Fairy Aura\n|move|p1a: Floette|Protect|p1a: Floette\n|-singleturn|p1a: Floette|Protect\n|move|p1b: Aegislash|Shadow Sneak|p2a: Excadrill\n|-damage|p2a: Excadrill|0 fnt\n|faint|p2a: Excadrill\n|move|p2b: Basculegion|Last Respects|p1a: Floette\n|-activate|p1a: Floette|move: Protect\n|\n|-weather|none\n|upkeep\n|turn|6\n|\n|t:|1775888087\n|move|p2b: Basculegion|Last Respects|p1a: Floette\n|-damage|p1a: Floette|0 fnt\n|faint|p1a: Floette\n|move|p1b: Aegislash|Poltergeist|p2b: Basculegion\n|-activate|p2b: Basculegion|move: Poltergeist|Choice Scarf\n|-supereffective|p2b: Basculegion|1\n|-damage|p2b: Basculegion|0 fnt\n|faint|p2b: Basculegion\n|\n|win|Cabin6\n|raw|Cabin6's rating: 1045 &rarr; <strong>1086</strong><br />(+41 for winning)\n|raw|Sean's rating: 1130 &rarr; <strong>1099</strong><br />(-31 for losing)\n",
  "uploadtime": 1775888158,
  "views": 21,
  "formatid": "gen9championsvgc2026regma",
  "rating": 1086,
  "private": 0,
  "password": null
}