{
  "id": "gen9championsvgc2026regma-2580999913",
  "format": "[Gen 9 Champions] VGC 2026 Reg M-A",
  "players": [
    "tourettediccoes",
    "Stelazine"
  ],
  "log": "|j|\u2606tourettediccoes\n|j|\u2606Stelazine\n|t:|1775950462\n|gametype|doubles\n|player|p1|tourettediccoes|102|1043\n|player|p2|Stelazine|benga|1040\n|gen|9\n|tier|[Gen 9 Champions] VGC 2026 Reg M-A\n|rated|\n|rule|Species Clause: Limit one of each Pok\u00e9mon\n|rule|Item Clause: Limit 1 of each item\n|clearpoke\n|poke|p1|Venusaur, L50, F|\n|poke|p1|Meganium, L50, M|\n|poke|p1|Archaludon, L50, F|\n|poke|p1|Charizard, L50, F|\n|poke|p1|Sableye, L50, M|\n|poke|p1|Pelipper, L50, M|\n|poke|p2|Hawlucha, L50, F|\n|poke|p2|Glalie, L50, M|\n|poke|p2|Clefable, L50, M|\n|poke|p2|Incineroar, L50, M|\n|poke|p2|Sneasler, L50, F|\n|poke|p2|Camerupt, L50, M|\n|teampreview|4\n|inactive|Battle timer is ON: inactive players will automatically lose when time's up. (requested by Stelazine)\nStelazine has agreed to open team sheets.\ntourettediccoes rejected open team sheets.\n|\n|t:|1775950489\n|teamsize|p1|4\n|teamsize|p2|4\n|start\n|switch|p1a: Pelipper|Pelipper, L50, M|100/100\n|switch|p1b: Archaludon|Archaludon, L50, F|100/100\n|switch|p2a: Hawlucha|Hawlucha, L50, F|100/100\n|switch|p2b: Incineroar|Incineroar, L50, M|100/100\n|-weather|RainDance|[from] ability: Drizzle|[of] p1a: Pelipper\n|-ability|p2b: Incineroar|Intimidate|boost\n|-unboost|p1a: Pelipper|atk|1\n|-unboost|p1b: Archaludon|atk|1\n|turn|1\n|\n|t:|1775950507\n|switch|p2b: Glalie|Glalie, L50, M|100/100\n|detailschange|p2a: Hawlucha|Hawlucha-Mega, L50, F\n|-mega|p2a: Hawlucha|Hawlucha|Hawluchanite\n|move|p1a: Pelipper|Protect|p1a: Pelipper\n|-singleturn|p1a: Pelipper|Protect\n|move|p1b: Archaludon|Protect|p1b: Archaludon\n|-singleturn|p1b: Archaludon|Protect\n|move|p2a: Hawlucha|Entrainment|p2b: Glalie\n|-ability|p2b: Glalie|No Guard|Inner Focus|[from] move: Entrainment|[of] p2a: Hawlucha\n|\n|-weather|RainDance|[upkeep]\n|upkeep\n|turn|2\n|inactive|tourettediccoes has 30 seconds left.\n|\n|t:|1775950534\n|switch|p2a: Clefable|Clefable, L50, M|100/100\n|move|p1a: Pelipper|Helping Hand|p1b: Archaludon\n|-singleturn|p1b: Archaludon|Helping Hand|[of] p1a: Pelipper\n|move|p2b: Glalie|Sheer Cold|p1b: Archaludon\n|-damage|p1b: Archaludon|0 fnt\n|faint|p1b: Archaludon\n|-ohko\n|\n|-weather|RainDance|[upkeep]\n|upkeep\n|\n|t:|1775950543\n|switch|p1b: Charizard|Charizard, L50, F|100/100\n|turn|3\n|\n|t:|1775950555\n|move|p1a: Pelipper|Helping Hand|p1b: Charizard\n|-singleturn|p1b: Charizard|Helping Hand|[of] p1a: Pelipper\n|move|p2a: Clefable|Follow Me|p2a: Clefable\n|-singleturn|p2a: Clefable|move: Follow Me\n|move|p2b: Glalie|Sheer Cold|p1b: Charizard\n|-damage|p1b: Charizard|0 fnt\n|faint|p1b: Charizard\n|-ohko\n|\n|-weather|RainDance|[upkeep]\n|upkeep\n|\n|t:|1775950569\n|switch|p1b: Sableye|Sableye, L50, M|100/100\n|turn|4\n|\n|t:|1775950578\n|move|p2a: Clefable|Follow Me|p2a: Clefable\n|-singleturn|p2a: Clefable|move: Follow Me\n|move|p1b: Sableye|Sunny Day|p1b: Sableye\n|-weather|SunnyDay\n|move|p2b: Glalie|Sheer Cold|p1b: Sableye\n|-damage|p1b: Sableye|0 fnt\n|faint|p1b: Sableye\n|-ohko\n|move|p1a: Pelipper|Weather Ball|p2a: Clefable\n|-damage|p2a: Clefable|70/100\n|\n|-weather|SunnyDay|[upkeep]\n|-heal|p2a: Clefable|76/100|[from] item: Leftovers\n|upkeep\n|turn|5\n|\n|t:|1775950586\n|move|p2a: Clefable|Follow Me|p2a: Clefable\n|-singleturn|p2a: Clefable|move: Follow Me\n|move|p2b: Glalie|Sheer Cold|p1a: Pelipper\n|-enditem|p1a: Pelipper|Focus Sash\n|-damage|p1a: Pelipper|1/100\n|move|p1a: Pelipper|Weather Ball|p2a: Clefable\n|-damage|p2a: Clefable|45/100\n|\n|-weather|SunnyDay|[upkeep]\n|-heal|p2a: Clefable|51/100|[from] item: Leftovers\n|upkeep\n|turn|6\n|inactive|tourettediccoes has 30 seconds left.\n|inactive|tourettediccoes has 20 seconds left.\n|inactive|tourettediccoes has 15 seconds left.\n|inactive|tourettediccoes has 10 seconds left.\n|inactive|tourettediccoes has 5 seconds left.\n|\n|t:|1775950641\n|move|p1a: Pelipper|Helping Hand|null|[notarget]\n|-fail|p1a: Pelipper\n|move|p2a: Clefable|Follow Me|p2a: Clefable\n|-singleturn|p2a: Clefable|move: Follow Me\n|move|p2b: Glalie|Sheer Cold|p1a: Pelipper\n|-damage|p1a: Pelipper|0 fnt\n|faint|p1a: Pelipper\n|-ohko\n|\n|win|Stelazine\n|raw|tourettediccoes's rating: 1043 &rarr; <strong>1026</strong><br />(-17 for losing)\n|raw|Stelazine's rating: 1040 &rarr; <strong>1074</strong><br />(+34 for winning)\n",
  "uploadtime": 1775950657,
  "views": 22,
  "formatid": "gen9championsvgc2026regma",
  "rating": 1026,
  "private": 0,
  "password": null
}