{
  "id": "gen9championsvgc2026regma-2589427159",
  "format": "[Gen 9 Champions] VGC 2026 Reg M-A",
  "players": [
    "NEONxTOKYO",
    "anton4747"
  ],
  "log": "|j|\u2606NEONxTOKYO\n|j|\u2606anton4747\n|t:|1776722031\n|gametype|doubles\n|player|p1|NEONxTOKYO|unknown|1243\n|player|p2|anton4747|169|1322\n|gen|9\n|tier|[Gen 9 Champions] VGC 2026 Reg M-A\n|rated|\n|rule|Species Clause: Limit one of each Pok\u00e9mon\n|rule|Item Clause: Limit 1 of each item\n|clearpoke\n|poke|p1|Garchomp, L50, M|\n|poke|p1|Tyranitar, L50, M|\n|poke|p1|Excadrill, L50, M|\n|poke|p1|Corviknight, L50, F|\n|poke|p1|Rotom-Wash, L50|\n|poke|p1|Archaludon, L50, M|\n|poke|p2|Lucario, L50, M|\n|poke|p2|Aerodactyl, L50, F|\n|poke|p2|Sinistcha, L50|\n|poke|p2|Delphox, L50, F|\n|poke|p2|Garchomp, L50, M|\n|poke|p2|Rotom-Wash, L50|\n|teampreview|4\n|inactive|Battle timer is ON: inactive players will automatically lose when time's up. (requested by NEONxTOKYO)\n|\n|t:|1776722078\n|teamsize|p1|4\n|teamsize|p2|4\n|start\n|switch|p1a: Rotom|Rotom-Wash, L50|100/100\n|switch|p1b: Archaludon|Archaludon, L50, M|100/100\n|switch|p2a: Lucario|Lucario, L50, M|100/100\n|switch|p2b: Aerodactyl|Aerodactyl, L50, F|100/100\n|-ability|p2b: Aerodactyl|Unnerve\n|turn|1\n|inactive|anton4747 has 30 seconds left.\n|\n|t:|1776722109\n|move|p2b: Aerodactyl|Protect|p2b: Aerodactyl\n|-singleturn|p2b: Aerodactyl|Protect\n|move|p2a: Lucario|Protect|p2a: Lucario\n|-singleturn|p2a: Lucario|Protect\n|move|p1a: Rotom|Will-O-Wisp|p2a: Lucario\n|-activate|p2a: Lucario|move: Protect\n|move|p1b: Archaludon|Flash Cannon|p2b: Aerodactyl\n|-activate|p2b: Aerodactyl|move: Protect\n|\n|upkeep\n|turn|2\n|\n|t:|1776722131\n|detailschange|p2a: Lucario|Lucario-Mega, L50, M\n|-mega|p2a: Lucario|Lucario|Lucarionite\n|move|p2b: Aerodactyl|Rock Slide|p1a: Rotom|[spread] p1b\n|-miss|p2b: Aerodactyl|p1a: Rotom\n|-resisted|p1b: Archaludon|1\n|-damage|p1b: Archaludon|92/100\n|-ability|p1b: Archaludon|Stamina|boost\n|-boost|p1b: Archaludon|def|1\n|move|p2a: Lucario|Close Combat|p1a: Rotom\n|-damage|p1a: Rotom|0 fnt\n|-unboost|p2a: Lucario|def|1\n|-unboost|p2a: Lucario|spd|1\n|faint|p1a: Rotom\n|move|p1b: Archaludon|Flash Cannon|p2b: Aerodactyl\n|-supereffective|p2b: Aerodactyl|1\n|-enditem|p2b: Aerodactyl|Focus Sash\n|-damage|p2b: Aerodactyl|1/100\n|\n|upkeep\n|\n|t:|1776722152\n|switch|p1a: Tyranitar|Tyranitar, L50, M|100/100\n|-weather|Sandstorm|[from] ability: Sand Stream|[of] p1a: Tyranitar\n|turn|3\n|inactive|anton4747 has 30 seconds left.\n|\n|t:|1776722182\n|move|p2a: Lucario|Protect|p2a: Lucario\n|-singleturn|p2a: Lucario|Protect\n|move|p1a: Tyranitar|Protect|p1a: Tyranitar\n|-singleturn|p1a: Tyranitar|Protect\n|move|p2b: Aerodactyl|Tailwind|p2b: Aerodactyl\n|-sidestart|p2: anton4747|move: Tailwind\n|move|p1b: Archaludon|Flash Cannon|p2b: Aerodactyl\n|-supereffective|p2b: Aerodactyl|1\n|-crit|p2b: Aerodactyl\n|-damage|p2b: Aerodactyl|0 fnt\n|faint|p2b: Aerodactyl\n|\n|-weather|Sandstorm|[upkeep]\n|upkeep\n|\n|t:|1776722190\n|switch|p2b: Rotom|Rotom-Wash, L50|100/100\n|turn|4\n|inactive|NEONxTOKYO has 30 seconds left.\n|inactive|NEONxTOKYO has 20 seconds left.\n|inactive|NEONxTOKYO has 15 seconds left.\n|\n|t:|1776722232\n|detailschange|p1a: Tyranitar|Tyranitar-Mega, L50, M\n|-mega|p1a: Tyranitar|Tyranitar|Tyranitarite\n|move|p2b: Rotom|Will-O-Wisp|p1a: Tyranitar\n|-status|p1a: Tyranitar|brn\n|move|p2a: Lucario|Close Combat|p1b: Archaludon\n|-supereffective|p1b: Archaludon|1\n|-damage|p1b: Archaludon|0 fnt\n|-unboost|p2a: Lucario|def|1\n|-unboost|p2a: Lucario|spd|1\n|faint|p1b: Archaludon\n|move|p1a: Tyranitar|Low Kick|p2a: Lucario\n|-supereffective|p2a: Lucario|1\n|-crit|p2a: Lucario\n|-damage|p2a: Lucario|0 fnt\n|faint|p2a: Lucario\n|\n|-weather|Sandstorm|[upkeep]\n|-damage|p2b: Rotom|95/100|[from] Sandstorm\n|-damage|p1a: Tyranitar|95/100 brn|[from] brn\n|upkeep\n|\n|t:|1776722247\n|switch|p2a: Sinistcha|Sinistcha, L50|100/100\n|switch|p1b: Excadrill|Excadrill, L50, M|100/100\n|-heal|p2b: Rotom|100/100|[from] ability: Hospitality|[of] p2a: Sinistcha\n|turn|5\n|\n|t:|1776722261\n|move|p2b: Rotom|Will-O-Wisp|p1b: Excadrill|[miss]\n|-miss|p2b: Rotom|p1b: Excadrill\n|move|p1b: Excadrill|Rock Slide|p2b: Rotom|[spread] p2a,p2b\n|-damage|p2a: Sinistcha|86/100\n|-damage|p2b: Rotom|74/100\n|move|p2a: Sinistcha|Matcha Gotcha|p1b: Excadrill|[spread] p1a,p1b\n|-supereffective|p1a: Tyranitar|1\n|-damage|p1a: Tyranitar|69/100 brn\n|-heal|p2a: Sinistcha|100/100|[from] drain|[of] p1a: Tyranitar\n|-damage|p1b: Excadrill|69/100\n|move|p1a: Tyranitar|Knock Off|p2a: Sinistcha\n|-supereffective|p2a: Sinistcha|1\n|-damage|p2a: Sinistcha|53/100\n|-enditem|p2a: Sinistcha|Sitrus Berry|[from] move: Knock Off|[of] p1a: Tyranitar\n|\n|-weather|Sandstorm|[upkeep]\n|-damage|p2b: Rotom|68/100|[from] Sandstorm\n|-damage|p2a: Sinistcha|47/100|[from] Sandstorm\n|-damage|p1a: Tyranitar|63/100 brn|[from] brn\n|upkeep\n|turn|6\n|\n|t:|1776722280\n|move|p2b: Rotom|Will-O-Wisp|p1b: Excadrill|[miss]\n|-miss|p2b: Rotom|p1b: Excadrill\n|move|p1b: Excadrill|Rock Slide|p2b: Rotom|[spread] p2a,p2b\n|-damage|p2a: Sinistcha|31/100\n|-damage|p2b: Rotom|44/100\n|move|p2a: Sinistcha|Matcha Gotcha|p1a: Tyranitar|[spread] p1a,p1b\n|-supereffective|p1a: Tyranitar|1\n|-damage|p1a: Tyranitar|40/100 brn\n|-heal|p2a: Sinistcha|45/100|[from] drain|[of] p1a: Tyranitar\n|-damage|p1b: Excadrill|35/100\n|-heal|p2a: Sinistcha|63/100|[from] drain|[of] p1b: Excadrill\n|move|p1a: Tyranitar|Knock Off|p2b: Rotom\n|-damage|p2b: Rotom|0 fnt\n|-enditem|p2b: Rotom|Choice Scarf|[from] move: Knock Off|[of] p1a: Tyranitar\n|faint|p2b: Rotom\n|\n|-weather|Sandstorm|[upkeep]\n|-damage|p2a: Sinistcha|57/100|[from] Sandstorm\n|-damage|p1a: Tyranitar|34/100 brn|[from] brn\n|-sideend|p2: anton4747|move: Tailwind\n|upkeep\n|turn|7\n|inactive|NEONxTOKYO has 30 seconds left.\n|\n|t:|1776722306\n|move|p1b: Excadrill|Iron Head|p2a: Sinistcha\n|-damage|p2a: Sinistcha|21/100\n|move|p1a: Tyranitar|Knock Off|p2a: Sinistcha\n|-supereffective|p2a: Sinistcha|1\n|-damage|p2a: Sinistcha|0 fnt\n|faint|p2a: Sinistcha\n|\n|win|NEONxTOKYO\n|raw|NEONxTOKYO's rating: 1243 &rarr; <strong>1274</strong><br />(+31 for winning)\n|raw|anton4747's rating: 1322 &rarr; <strong>1298</strong><br />(-24 for losing)\n",
  "uploadtime": 1776722307,
  "views": 5,
  "formatid": "gen9championsvgc2026regma",
  "rating": 1274,
  "private": 0,
  "password": null
}