{
  "id": "gen9championsvgc2026regma-2586960765",
  "format": "[Gen 9 Champions] VGC 2026 Reg M-A",
  "players": [
    "RavenTCrow",
    "lord wolfeyaim777"
  ],
  "log": "|j|\u2606RavenTCrow\n|j|\u2606lord wolfeyaim777\n|t:|1776475880\n|gametype|doubles\n|player|p1|RavenTCrow|1|1125\n|player|p2|lord wolfeyaim777|baker|1158\n|gen|9\n|tier|[Gen 9 Champions] VGC 2026 Reg M-A\n|rated|\n|rule|Species Clause: Limit one of each Pok\u00e9mon\n|rule|Item Clause: Limit 1 of each item\n|clearpoke\n|poke|p1|Gengar, L50, M|\n|poke|p1|Politoed, L50, M|\n|poke|p1|Basculegion, L50, M|\n|poke|p1|Incineroar, L50, M|\n|poke|p1|Whimsicott, L50, F|\n|poke|p1|Sneasler, L50, F|\n|poke|p2|Sableye, L50, M|\n|poke|p2|Flapple, L50, F|\n|poke|p2|Incineroar, L50, M|\n|poke|p2|Golurk, L50|\n|poke|p2|Farigiraf, L50, M|\n|poke|p2|Garchomp, L50, F|\n|teampreview|4\nRavenTCrow rejected open team sheets.\n|\n|t:|1776475944\n|teamsize|p1|4\n|teamsize|p2|4\n|start\n|switch|p1a: Sinatra|Politoed, L50, M|100/100\n|switch|p1b: El Audaz|Incineroar, L50, M|100/100\n|switch|p2a: Sableye|Sableye, L50, M|100/100\n|switch|p2b: Golurk|Golurk, L50|100/100\n|-ability|p1b: El Audaz|Intimidate|boost\n|-unboost|p2a: Sableye|atk|1\n|-unboost|p2b: Golurk|atk|1\n|-weather|RainDance|[from] ability: Drizzle|[of] p1a: Sinatra\n|turn|1\n|inactive|Battle timer is ON: inactive players will automatically lose when time's up. (requested by RavenTCrow)\n|inactive|lord wolfeyaim777 has 60 seconds left.\n|\n|t:|1776475985\n|switch|p2b: Flapple|Flapple, L50, F|100/100\n|move|p2a: Sableye|Gravity|p2a: Sableye\n|-fieldstart|move: Gravity\n|move|p1b: El Audaz|Throat Chop|p2b: Flapple\n|-damage|p2b: Flapple|52/100\n|-start|p2b: Flapple|Throat Chop|[silent]\n|move|p1a: Sinatra|Weather Ball|p2b: Flapple\n|-resisted|p2b: Flapple|2\n|-damage|p2b: Flapple|26/100\n|\n|-weather|RainDance|[upkeep]\n|upkeep\n|turn|2\n|inactive|lord wolfeyaim777 has 30 seconds left.\n|\n|t:|1776476013\n|move|p1a: Sinatra|Protect|p1a: Sinatra\n|-singleturn|p1a: Sinatra|Protect\n|move|p2a: Sableye|Thunder Wave|p1a: Sinatra\n|-activate|p1a: Sinatra|move: Protect\n|move|p2b: Flapple|U-turn|p1a: Sinatra\n|-activate|p1a: Sinatra|move: Protect\n|move|p1b: El Audaz|Parting Shot|p2a: Sableye\n|-unboost|p2a: Sableye|atk|1\n|-unboost|p2a: Sableye|spa|1\n|\n|t:|1776476028\n|switch|p1b: Jackson|Gengar, L50, M, shiny|100/100|[from] Parting Shot\n|\n|-weather|RainDance|[upkeep]\n|-end|p2b: Flapple|Throat Chop|[silent]\n|upkeep\n|turn|3\n|\n|t:|1776476040\n|detailschange|p1b: Jackson|Gengar-Mega, L50, M, shiny\n|-mega|p1b: Jackson|Gengar|Gengarite\n|move|p1b: Jackson|Protect|p1b: Jackson\n|-singleturn|p1b: Jackson|Protect\n|move|p2a: Sableye|Thunder Wave|p1b: Jackson\n|-activate|p1b: Jackson|move: Protect\n|move|p2b: Flapple|Grav Apple|p1a: Sinatra\n|-supereffective|p1a: Sinatra|1\n|-damage|p1a: Sinatra|0 fnt\n|faint|p1a: Sinatra\n|\n|-weather|RainDance|[upkeep]\n|upkeep\n|\n|t:|1776476051\n|switch|p1a: El Audaz|Incineroar, L50, M|100/100\n|-ability|p1a: El Audaz|Intimidate|boost\n|-unboost|p2a: Sableye|atk|1\n|-unboost|p2b: Flapple|atk|1\n|turn|4\n|\n|t:|1776476069\n|move|p2b: Flapple|Protect|p2b: Flapple\n|-singleturn|p2b: Flapple|Protect\n|move|p2a: Sableye|Thunder Wave|p1b: Jackson\n|-status|p1b: Jackson|par\n|move|p1a: El Audaz|Throat Chop|p2b: Flapple\n|-activate|p2b: Flapple|move: Protect\n|move|p1b: Jackson|Perish Song|p1b: Jackson\n|-start|p1a: El Audaz|perish3|[silent]\n|-start|p1b: Jackson|perish3|[silent]\n|-start|p2a: Sableye|perish3|[silent]\n|-start|p2b: Flapple|perish3|[silent]\n|-fieldactivate|move: Perish Song\n|\n|-weather|RainDance|[upkeep]\n|-start|p2b: Flapple|perish3\n|-start|p1a: El Audaz|perish3\n|-start|p1b: Jackson|perish3\n|-start|p2a: Sableye|perish3\n|upkeep\n|turn|5\n|\n|t:|1776476086\n|move|p1b: Jackson|Protect|p1b: Jackson\n|-singleturn|p1b: Jackson|Protect\n|move|p2a: Sableye|Quash|p1b: Jackson\n|-activate|p1b: Jackson|move: Protect\n|move|p2b: Flapple|Dragon Rush|p1b: Jackson\n|-activate|p1b: Jackson|move: Protect\n|move|p1a: El Audaz|Throat Chop|p2b: Flapple\n|-damage|p2b: Flapple|0 fnt\n|faint|p2b: Flapple\n|\n|-weather|none\n|-start|p1a: El Audaz|perish2\n|-start|p1b: Jackson|perish2\n|-start|p2a: Sableye|perish2\n|-fieldend|move: Gravity\n|upkeep\n|\n|t:|1776476091\n|switch|p2b: Garchomp|Garchomp, L50, F|100/100\n|turn|6\n|\n|t:|1776476114\n|move|p2a: Sableye|Thunder Wave|p1a: El Audaz\n|-hint|Since gen 7, Dark is immune to Prankster moves.\n|-immune|p1a: El Audaz\n|move|p2b: Garchomp|Earthquake|p1b: Jackson|[spread] p2a,p1a,p1b\n|-supereffective|p1a: El Audaz|1\n|-supereffective|p1b: Jackson|1\n|-damage|p2a: Sableye|58/100\n|-damage|p1a: El Audaz|40/100\n|-damage|p1b: Jackson|9/100 par\n|-enditem|p1a: El Audaz|Sitrus Berry|[eat]\n|-heal|p1a: El Audaz|65/100|[from] item: Sitrus Berry\n|move|p1a: El Audaz|Parting Shot|p2a: Sableye\n|-unboost|p2a: Sableye|atk|1\n|-unboost|p2a: Sableye|spa|1\n|\n|t:|1776476125\n|switch|p1a: Billy Bass|Basculegion, L50, M|100/100|[from] Parting Shot\n|move|p1b: Jackson|Disable|p2a: Sableye\n|-start|p2a: Sableye|Disable|Thunder Wave\n|-enditem|p2a: Sableye|Mental Herb\n|-end|p2a: Sableye|Disable\n|\n|-start|p1b: Jackson|perish1\n|-start|p2a: Sableye|perish1\n|upkeep\n|turn|7\n|\n|t:|1776476140\n|switch|p1b: El Audaz|Incineroar, L50, M|65/100\n|-ability|p1b: El Audaz|Intimidate|boost\n|-unboost|p2a: Sableye|atk|1\n|-unboost|p2b: Garchomp|atk|1\n|move|p2a: Sableye|Quash|p1a: Billy Bass\n|-activate|p1a: Billy Bass|move: Quash\n|move|p2b: Garchomp|Earthquake|p1a: Billy Bass|[spread] p2a,p1a,p1b\n|-supereffective|p1b: El Audaz|1\n|-damage|p2a: Sableye|30/100\n|-damage|p1a: Billy Bass|65/100\n|-damage|p1b: El Audaz|20/100\n|move|p1a: Billy Bass|Wave Crash|p2b: Garchomp\n|-damage|p2b: Garchomp|4/100\n|-damage|p1a: Billy Bass|53/100|[from] ability: Rough Skin|[of] p2b: Garchomp\n|-damage|p1a: Billy Bass|22/100|[from] Recoil\n|\n|-start|p2a: Sableye|perish0\n|upkeep\n|faint|p2a: Sableye\n|\n|t:|1776476143\n|switch|p2a: Golurk|Golurk, L50|100/100\n|turn|8\n|\n|t:|1776476161\n|detailschange|p2a: Golurk|Golurk-Mega, L50\n|-mega|p2a: Golurk|Golurk|Golurkite\n|move|p1b: El Audaz|Fake Out|p2b: Garchomp\n|-damage|p2b: Garchomp|0 fnt\n|-damage|p1b: El Audaz|8/100|[from] ability: Rough Skin|[of] p2b: Garchomp\n|faint|p2b: Garchomp\n|move|p1a: Billy Bass|Aqua Jet|p2a: Golurk\n|-supereffective|p2a: Golurk|1\n|-damage|p2a: Golurk|43/100\n|move|p2a: Golurk|Poltergeist|p1a: Billy Bass|[miss]\n|-miss|p2a: Golurk|p1a: Billy Bass\n|\n|upkeep\n|turn|9\n|-message|lord wolfeyaim777 forfeited.\n|\n|win|RavenTCrow\n|raw|RavenTCrow's rating: 1125 &rarr; <strong>1152</strong><br />(+27 for winning)\n|raw|lord wolfeyaim777's rating: 1158 &rarr; <strong>1131</strong><br />(-27 for losing)\n|l|\u2606lord wolfeyaim777\n|player|p2|\n",
  "uploadtime": 1776476180,
  "views": 27,
  "formatid": "gen9championsvgc2026regma",
  "rating": 1131,
  "private": 0,
  "password": null
}