{
  "id": "gen9championsvgc2026regma-2584723588",
  "format": "[Gen 9 Champions] VGC 2026 Reg M-A",
  "players": [
    "vanniwa",
    "DoctorGrizzman"
  ],
  "log": "|j|\u2606vanniwa\n|j|\u2606DoctorGrizzman\n|t:|1776279171\n|gametype|doubles\n|player|p1|vanniwa|266|1158\n|player|p2|DoctorGrizzman|cynthia|1250\n|gen|9\n|tier|[Gen 9 Champions] VGC 2026 Reg M-A\n|rated|\n|rule|Species Clause: Limit one of each Pok\u00e9mon\n|rule|Item Clause: Limit 1 of each item\n|clearpoke\n|poke|p1|Charizard, L50, M|\n|poke|p1|Venusaur, L50, F|\n|poke|p1|Garchomp, L50, F|\n|poke|p1|Rotom-Wash, L50|\n|poke|p1|Sneasler, L50, M|\n|poke|p1|Incineroar, L50, F|\n|poke|p2|Runerigus, L50, F|\n|poke|p2|Incineroar, L50, M|\n|poke|p2|Kingambit, L50, F|\n|poke|p2|Ampharos, L50, F|\n|poke|p2|Aerodactyl, L50, F|\n|poke|p2|Primarina, L50, M|\n|teampreview|4\n|\n|t:|1776279194\n|teamsize|p1|4\n|teamsize|p2|4\n|start\n|switch|p1a: Rotom|Rotom-Wash, L50|100/100\n|switch|p1b: Sneasler|Sneasler, L50, M|100/100\n|switch|p2a: Runerigus|Runerigus, L50, F|100/100\n|switch|p2b: Incineroar|Incineroar, L50, M, shiny|100/100\n|-ability|p2b: Incineroar|Intimidate|boost\n|-unboost|p1a: Rotom|atk|1\n|-unboost|p1b: Sneasler|atk|1\n|-enditem|p1b: Sneasler|White Herb\n|-clearnegativeboost|p1b: Sneasler|[silent]\n|turn|1\n|inactive|Battle timer is ON: inactive players will automatically lose when time's up. (requested by vanniwa)\n|\n|t:|1776279215\n|move|p1b: Sneasler|Fake Out|p2b: Incineroar\n|-damage|p2b: Incineroar|87/100\n|move|p1a: Rotom|Hydro Pump|p2b: Incineroar\n|-supereffective|p2b: Incineroar|1\n|-damage|p2b: Incineroar|21/100\n|-enditem|p2b: Incineroar|Sitrus Berry|[eat]\n|-heal|p2b: Incineroar|46/100|[from] item: Sitrus Berry\n|cant|p2b: Incineroar|flinch\n|move|p2a: Runerigus|Trick Room|p2a: Runerigus\n|-fieldstart|move: Trick Room|[of] p2a: Runerigus\n|\n|upkeep\n|turn|2\n|inactive|vanniwa has 30 seconds left.\n|\n|t:|1776279244\n|switch|p1b: Charizard|Charizard, L50, M|100/100\n|move|p2a: Runerigus|Will-O-Wisp|p1b: Charizard\n|-immune|p1b: Charizard\n|move|p2b: Incineroar|Parting Shot|p1a: Rotom\n|-unboost|p1a: Rotom|atk|1\n|-unboost|p1a: Rotom|spa|1\n|\n|t:|1776279252\n|switch|p2b: Ampharos|Ampharos, L50, F|100/100|[from] Parting Shot\n|move|p1a: Rotom|Hydro Pump|p2b: Ampharos\n|-damage|p2b: Ampharos|73/100\n|\n|upkeep\n|turn|3\n|\n|t:|1776279265\n|detailschange|p2b: Ampharos|Ampharos-Mega, L50, F\n|-mega|p2b: Ampharos|Ampharos|Ampharosite\n|-ability|p2b: Ampharos|Mold Breaker\n|move|p1a: Rotom|Protect|p1a: Rotom\n|-singleturn|p1a: Rotom|Protect\n|move|p1b: Charizard|Protect|p1b: Charizard\n|-singleturn|p1b: Charizard|Protect\n|move|p2a: Runerigus|Fake Tears|p1a: Rotom\n|-activate|p1a: Rotom|move: Protect\n|move|p2b: Ampharos|Parabolic Charge|p1b: Charizard|[spread] \n|-activate|p1a: Rotom|move: Protect\n|-activate|p1b: Charizard|move: Protect\n|-immune|p2a: Runerigus\n|\n|upkeep\n|turn|4\n|inactive|vanniwa has 30 seconds left.\n|\n|t:|1776279297\n|switch|p1b: Garchomp|Garchomp, L50, F|100/100\n|move|p2a: Runerigus|Fake Tears|p1a: Rotom\n|-unboost|p1a: Rotom|spd|2\n|move|p2b: Ampharos|Parabolic Charge|p1b: Garchomp|[spread] p1a\n|-immune|p2a: Runerigus\n|-immune|p1b: Garchomp\n|-damage|p1a: Rotom|29/100\n|-heal|p2b: Ampharos|100/100|[from] drain|[of] p1a: Rotom\n|move|p1a: Rotom|Hydro Pump|p2b: Ampharos\n|-resisted|p2b: Ampharos|1\n|-damage|p2b: Ampharos|88/100\n|\n|-heal|p1a: Rotom|35/100|[from] item: Leftovers\n|upkeep\n|turn|5\n|\n|t:|1776279319\n|move|p1a: Rotom|Protect|p1a: Rotom\n|-singleturn|p1a: Rotom|Protect\n|move|p2a: Runerigus|Destiny Bond|p2a: Runerigus\n|-singlemove|p2a: Runerigus|Destiny Bond\n|move|p2b: Ampharos|Dragon Pulse|p1b: Garchomp\n|-supereffective|p1b: Garchomp|1\n|-damage|p1b: Garchomp|0 fnt\n|faint|p1b: Garchomp\n|\n|-heal|p1a: Rotom|41/100|[from] item: Leftovers\n|-fieldend|move: Trick Room\n|upkeep\n|\n|t:|1776279330\n|switch|p1b: Charizard|Charizard, L50, M|100/100\n|turn|6\n|\n|t:|1776279338\n|detailschange|p1b: Charizard|Charizard-Mega-Y, L50, M\n|-mega|p1b: Charizard|Charizard|Charizardite Y\n|-weather|SunnyDay|[from] ability: Drought|[of] p1b: Charizard\n|move|p2b: Ampharos|Protect|p2b: Ampharos\n|-singleturn|p2b: Ampharos|Protect\n|move|p1b: Charizard|Solar Beam||[still]\n|-prepare|p1b: Charizard|Solar Beam\n|-anim|p1b: Charizard|Solar Beam|p2a: Runerigus\n|-supereffective|p2a: Runerigus|1\n|-damage|p2a: Runerigus|20/100\n|move|p1a: Rotom|Hydro Pump|p2a: Runerigus\n|-supereffective|p2a: Runerigus|1\n|-crit|p2a: Runerigus\n|-damage|p2a: Runerigus|0 fnt\n|faint|p2a: Runerigus\n|-activate|p2a: Runerigus|move: Destiny Bond\n|faint|p1a: Rotom\n|\n|-weather|SunnyDay|[upkeep]\n|upkeep\n|\n|t:|1776279353\n|switch|p1a: Sneasler|Sneasler, L50, M|100/100\n|switch|p2a: Incineroar|Incineroar, L50, M, shiny|46/100\n|-ability|p2a: Incineroar|Intimidate|boost\n|-unboost|p1a: Sneasler|atk|1\n|-unboost|p1b: Charizard|atk|1\n|turn|7\n|\n|t:|1776279364\n|move|p1a: Sneasler|Fake Out|p2a: Incineroar\n|-damage|p2a: Incineroar|38/100\n|cant|p2a: Incineroar|flinch\n|move|p1b: Charizard|Weather Ball|p2b: Ampharos\n|-resisted|p2b: Ampharos|1\n|-damage|p2b: Ampharos|50/100\n|move|p2b: Ampharos|Parabolic Charge|p1b: Charizard|[spread] p2a,p1a,p1b\n|-supereffective|p1b: Charizard|1\n|-damage|p2a: Incineroar|13/100\n|-heal|p2b: Ampharos|63/100|[from] drain|[of] p2a: Incineroar\n|-damage|p1a: Sneasler|56/100\n|-heal|p2b: Ampharos|81/100|[from] drain|[of] p1a: Sneasler\n|-damage|p1b: Charizard|33/100\n|-heal|p2b: Ampharos|100/100|[from] drain|[of] p1b: Charizard\n|\n|-weather|SunnyDay|[upkeep]\n|upkeep\n|turn|8\n|\n|t:|1776279386\n|move|p1a: Sneasler|Dire Claw|p2b: Ampharos\n|-damage|p2b: Ampharos|78/100\n|move|p1b: Charizard|Heat Wave|p2b: Ampharos|[spread] p2a,p2b\n|-resisted|p2a: Incineroar|1\n|-resisted|p2b: Ampharos|1\n|-damage|p2a: Incineroar|0 fnt\n|-damage|p2b: Ampharos|53/100\n|faint|p2a: Incineroar\n|move|p2b: Ampharos|Parabolic Charge|p1b: Charizard|[spread] p1a,p1b\n|-supereffective|p1b: Charizard|1\n|-damage|p1a: Sneasler|11/100\n|-heal|p2b: Ampharos|71/100|[from] drain|[of] p1a: Sneasler\n|-damage|p1b: Charizard|0 fnt\n|-heal|p2b: Ampharos|83/100|[from] drain|[of] p1b: Charizard\n|faint|p1b: Charizard\n|\n|-weather|SunnyDay|[upkeep]\n|upkeep\n|\n|t:|1776279399\n|switch|p2a: Primarina|Primarina, L50, M|100/100\n|turn|9\n|-message|vanniwa forfeited.\n|\n|win|DoctorGrizzman\n|raw|vanniwa's rating: 1158 &rarr; <strong>1139</strong><br />(-19 for losing)\n|raw|DoctorGrizzman's rating: 1250 &rarr; <strong>1269</strong><br />(+19 for winning)\n|l|\u2606vanniwa\n|player|p1|\n",
  "uploadtime": 1776279409,
  "views": 26,
  "formatid": "gen9championsvgc2026regma",
  "rating": 1139,
  "private": 0,
  "password": null
}