{
  "id": "gen9championsvgc2026regma-2580381882",
  "format": "[Gen 9 Champions] VGC 2026 Reg M-A",
  "players": [
    "yamzinyobooty",
    "saraf122007"
  ],
  "log": "|j|\u2606yamzinyobooty\n|j|\u2606saraf122007\n|t:|1775888142\n|gametype|doubles\n|player|p1|yamzinyobooty|170|1182\n|player|p2|saraf122007|102|1110\n|gen|9\n|tier|[Gen 9 Champions] VGC 2026 Reg M-A\n|rated|\n|rule|Species Clause: Limit one of each Pok\u00e9mon\n|rule|Item Clause: Limit 1 of each item\n|clearpoke\n|poke|p1|Tyranitar, L50, M|\n|poke|p1|Excadrill, L50, F|\n|poke|p1|Rotom-Wash, L50|\n|poke|p1|Basculegion, L50, M|\n|poke|p1|Meganium, L50, M|\n|poke|p1|Talonflame, L50, M|\n|poke|p2|Charizard, L50, F|\n|poke|p2|Venusaur, L50, M|\n|poke|p2|Torkoal, L50, M|\n|poke|p2|Incineroar, L50, F|\n|poke|p2|Whimsicott, L50, F|\n|poke|p2|Garchomp, L50, M|\n|teampreview|4\n|inactive|Battle timer is ON: inactive players will automatically lose when time's up. (requested by saraf122007)\n|inactive|yamzinyobooty also wants the timer to be on.\n|\n|t:|1775888155\n|teamsize|p1|4\n|teamsize|p2|4\n|start\n|switch|p1a: Rotom|Rotom-Wash, L50, shiny|100/100\n|switch|p1b: Basculegion|Basculegion, L50, M|100/100\n|switch|p2a: Charizard|Charizard, L50, F|100/100\n|switch|p2b: Whimsicott|Whimsicott, L50, F|100/100\n|turn|1\n|\n|t:|1775888171\n|detailschange|p2a: Charizard|Charizard-Mega-Y, L50, F\n|-mega|p2a: Charizard|Charizard|Charizardite Y\n|-weather|SunnyDay|[from] ability: Drought|[of] p2a: Charizard\n|move|p2b: Whimsicott|Tailwind|p2b: Whimsicott\n|-sidestart|p2: saraf122007|move: Tailwind\n|move|p2a: Charizard|Solar Beam||[still]\n|-prepare|p2a: Charizard|Solar Beam\n|-anim|p2a: Charizard|Solar Beam|p1b: Basculegion\n|-supereffective|p1b: Basculegion|1\n|-damage|p1b: Basculegion|0 fnt\n|faint|p1b: Basculegion\n|move|p1a: Rotom|Volt Switch|p2a: Charizard\n|-supereffective|p2a: Charizard|1\n|-damage|p2a: Charizard|50/100\n|\n|t:|1775888180\n|switch|p1a: Tyranitar|Tyranitar, L50, M|100/100|[from] Volt Switch\n|-weather|Sandstorm|[from] ability: Sand Stream|[of] p1a: Tyranitar\n|\n|-weather|Sandstorm|[upkeep]\n|-damage|p2b: Whimsicott|95/100|[from] Sandstorm\n|-damage|p2a: Charizard|44/100|[from] Sandstorm\n|upkeep\n|\n|t:|1775888182\n|switch|p1b: Excadrill|Excadrill, L50, F|100/100\n|turn|2\n|\n|t:|1775888196\n|switch|p2a: Venusaur|Venusaur, L50, M|100/100\n|move|p2b: Whimsicott|Moonblast|p1a: Tyranitar\n|-supereffective|p1a: Tyranitar|1\n|-damage|p1a: Tyranitar|69/100\n|move|p1b: Excadrill|Iron Head|p2b: Whimsicott\n|-supereffective|p2b: Whimsicott|1\n|-damage|p2b: Whimsicott|0 fnt\n|faint|p2b: Whimsicott\n|move|p1a: Tyranitar|Rock Slide|p2a: Venusaur\n|-damage|p2a: Venusaur|49/100\n|\n|-weather|Sandstorm|[upkeep]\n|-damage|p2a: Venusaur|43/100|[from] Sandstorm\n|-heal|p2a: Venusaur|49/100|[from] item: Leftovers\n|upkeep\n|\n|t:|1775888201\n|switch|p2b: Charizard|Charizard-Mega-Y, L50, F|44/100\n|-weather|SunnyDay|[from] ability: Drought|[of] p2b: Charizard\n|turn|3\n|inactive|yamzinyobooty has 30 seconds left.\n|inactive|yamzinyobooty has 20 seconds left.\n|inactive|yamzinyobooty has 15 seconds left.\n|inactive|yamzinyobooty has 10 seconds left.\n|inactive|yamzinyobooty has 5 seconds left.\n|\n|t:|1775888256\n|move|p2a: Venusaur|Solar Beam||[still]\n|-prepare|p2a: Venusaur|Solar Beam\n|-anim|p2a: Venusaur|Solar Beam|p1a: Tyranitar\n|-supereffective|p1a: Tyranitar|1\n|-damage|p1a: Tyranitar|0 fnt\n|faint|p1a: Tyranitar\n|move|p2b: Charizard|Heat Wave|p1b: Excadrill\n|-supereffective|p1b: Excadrill|1\n|-enditem|p1b: Excadrill|Focus Sash\n|-damage|p1b: Excadrill|1/100\n|move|p1b: Excadrill|Earthquake|p2b: Charizard|[spread] p2a\n|-immune|p2b: Charizard\n|-damage|p2a: Venusaur|0 fnt\n|faint|p2a: Venusaur\n|\n|-weather|SunnyDay|[upkeep]\n|upkeep\n|\n|t:|1775888265\n|switch|p2a: Garchomp|Garchomp, L50, M|100/100\n|switch|p1a: Rotom|Rotom-Wash, L50, shiny|100/100\n|turn|4\n|\n|t:|1775888273\n|move|p1b: Excadrill|Protect|p1b: Excadrill\n|-singleturn|p1b: Excadrill|Protect\n|move|p1a: Rotom|Protect|p1a: Rotom\n|-singleturn|p1a: Rotom|Protect\n|move|p2a: Garchomp|Rock Slide|p1b: Excadrill|[spread] \n|-activate|p1a: Rotom|move: Protect\n|-activate|p1b: Excadrill|move: Protect\n|move|p2b: Charizard|Solar Beam||[still]\n|-prepare|p2b: Charizard|Solar Beam\n|-anim|p2b: Charizard|Solar Beam|p1a: Rotom\n|-activate|p1a: Rotom|move: Protect\n|\n|-weather|SunnyDay|[upkeep]\n|-sideend|p2: saraf122007|move: Tailwind\n|upkeep\n|turn|5\n|\n|t:|1775888295\n|move|p2a: Garchomp|Rock Slide|p1a: Rotom|[spread] p1a\n|-miss|p2a: Garchomp|p1b: Excadrill\n|-damage|p1a: Rotom|80/100\n|move|p2b: Charizard|Solar Beam||[still]\n|-prepare|p2b: Charizard|Solar Beam\n|-anim|p2b: Charizard|Solar Beam|p1a: Rotom\n|-supereffective|p1a: Rotom|1\n|-damage|p1a: Rotom|0 fnt\n|faint|p1a: Rotom\n|move|p1b: Excadrill|Earthquake|p2b: Charizard|[spread] p2a\n|-immune|p2b: Charizard\n|-damage|p2a: Garchomp|59/100\n|\n|-weather|SunnyDay|[upkeep]\n|upkeep\n|turn|6\n|\n|t:|1775888306\n|move|p2a: Garchomp|Earthquake|p1b: Excadrill|[spread] p1b\n|-immune|p2b: Charizard\n|-supereffective|p1b: Excadrill|1\n|-damage|p1b: Excadrill|0 fnt\n|faint|p1b: Excadrill\n|\n|win|saraf122007\n|raw|yamzinyobooty's rating: 1182 &rarr; <strong>1152</strong><br />(-30 for losing)\n|raw|saraf122007's rating: 1110 &rarr; <strong>1140</strong><br />(+30 for winning)\n",
  "uploadtime": 1775888307,
  "views": 14,
  "formatid": "gen9championsvgc2026regma",
  "rating": 1140,
  "private": 0,
  "password": null
}