{
  "id": "gen9championsvgc2026regma-2583385769",
  "format": "[Gen 9 Champions] VGC 2026 Reg M-A",
  "players": [
    "NikISkiE",
    "Zapdos79"
  ],
  "log": "|j|\u2606NikISkiE\n|j|\u2606Zapdos79\n|t:|1776172024\n|gametype|doubles\n|player|p1|NikISkiE|102|1218\n|player|p2|Zapdos79|flannery|1156\n|gen|9\n|tier|[Gen 9 Champions] VGC 2026 Reg M-A\n|rated|\n|rule|Species Clause: Limit one of each Pok\u00e9mon\n|rule|Item Clause: Limit 1 of each item\n|clearpoke\n|poke|p1|Gallade, L50, M|\n|poke|p1|Farigiraf, L50, F|\n|poke|p1|Garchomp, L50, F|\n|poke|p1|Corviknight, L50, M|\n|poke|p1|Delphox, L50, F|\n|poke|p1|Meowscarada, L50, F|\n|poke|p2|Tyranitar, L50, M|\n|poke|p2|Basculegion, L50, M|\n|poke|p2|Excadrill, L50, F|\n|poke|p2|Meganium, L50, M|\n|poke|p2|Farigiraf, L50, F|\n|poke|p2|Incineroar, L50, F|\n|teampreview|4\n|\n|t:|1776172120\n|teamsize|p1|4\n|teamsize|p2|4\n|start\n|switch|p1a: Gallade|Gallade, L50, M|100/100\n|switch|p1b: Farigiraf|Farigiraf, L50, F|100/100\n|switch|p2a: Incineroar|Incineroar, L50, F|100/100\n|switch|p2b: Meganium|Meganium, L50, M|100/100\n|-ability|p2a: Incineroar|Intimidate|boost\n|-unboost|p1a: Gallade|atk|1\n|-unboost|p1b: Farigiraf|atk|1\n|-enditem|p1a: Gallade|White Herb\n|-clearnegativeboost|p1a: Gallade|[silent]\n|turn|1\n|\n|t:|1776172151\n|detailschange|p2b: Meganium|Meganium-Mega, L50, M\n|-mega|p2b: Meganium|Meganium|Meganiumite\n|move|p2a: Incineroar|Protect|p2a: Incineroar\n|-singleturn|p2a: Incineroar|Protect\n|move|p2b: Meganium|Dazzling Gleam|p1a: Gallade|[spread] p1a,p1b\n|-supereffective|p1a: Gallade|1\n|-damage|p1a: Gallade|39/100\n|-damage|p1b: Farigiraf|60/100\n|move|p1a: Gallade|Sacred Sword|p2a: Incineroar\n|-activate|p2a: Incineroar|move: Protect\n|move|p1b: Farigiraf|Trick Room|p1b: Farigiraf\n|-fieldstart|move: Trick Room|[of] p1b: Farigiraf\n|\n|upkeep\n|turn|2\n|\n|t:|1776172176\n|move|p1a: Gallade|Wide Guard|p1a: Gallade\n|-singleturn|p1a: Gallade|Wide Guard\n|move|p2a: Incineroar|Flare Blitz|p1a: Gallade\n|-damage|p1a: Gallade|0 fnt\n|faint|p1a: Gallade\n|-damage|p2a: Incineroar|90/100|[from] Recoil\n|move|p1b: Farigiraf|Psychic Terrain|p1b: Farigiraf\n|-fieldstart|move: Psychic Terrain\n|move|p2b: Meganium|Solar Beam||[still]\n|-prepare|p2b: Meganium|Solar Beam\n|-activate|p2b: Meganium|ability: Mega Sol\n|-anim|p2b: Meganium|Solar Beam|p1b: Farigiraf\n|-damage|p1b: Farigiraf|0 fnt\n|faint|p1b: Farigiraf\n|\n|upkeep\n|\n|t:|1776172190\n|switch|p1b: Garchomp|Garchomp, L50, F|100/100\n|switch|p1a: Corviknight|Corviknight, L50, M|100/100\n|-ability|p1a: Corviknight|Unnerve\n|turn|3\n|\n|t:|1776172209\n|detailschange|p1b: Garchomp|Garchomp-Mega, L50, F\n|-mega|p1b: Garchomp|Garchomp|Garchompite\n|move|p1b: Garchomp|Protect|p1b: Garchomp\n|-singleturn|p1b: Garchomp|Protect\n|move|p2a: Incineroar|Flare Blitz|p1a: Corviknight\n|-supereffective|p1a: Corviknight|1\n|-damage|p1a: Corviknight|10/100\n|-damage|p2a: Incineroar|59/100|[from] Recoil\n|move|p1a: Corviknight|Brave Bird|p2b: Meganium\n|-supereffective|p2b: Meganium|1\n|-damage|p2b: Meganium|28/100\n|-damage|p1a: Corviknight|0 fnt|[from] Recoil\n|faint|p1a: Corviknight\n|move|p2b: Meganium|Dazzling Gleam|p1b: Garchomp\n|-activate|p1b: Garchomp|move: Protect\n|\n|upkeep\n|turn|4\n|\n|t:|1776172229\n|move|p2a: Incineroar|Parting Shot|p1b: Garchomp\n|-unboost|p1b: Garchomp|atk|1\n|-unboost|p1b: Garchomp|spa|1\n|\n|t:|1776172233\n|switch|p2a: Farigiraf|Farigiraf, L50, F|100/100|[from] Parting Shot\n|move|p1b: Garchomp|Earthquake|p2b: Meganium|[spread] p2a,p2b\n|-resisted|p2b: Meganium|1\n|-damage|p2a: Farigiraf|62/100\n|-damage|p2b: Meganium|11/100\n|move|p2b: Meganium|Dazzling Gleam|p1b: Garchomp\n|-supereffective|p1b: Garchomp|1\n|-damage|p1b: Garchomp|12/100\n|\n|upkeep\n|turn|5\n|-message|NikISkiE forfeited.\n|\n|win|Zapdos79\n|raw|NikISkiE's rating: 1218 &rarr; <strong>1189</strong><br />(-29 for losing)\n|raw|Zapdos79's rating: 1156 &rarr; <strong>1185</strong><br />(+29 for winning)\n|l|\u2606NikISkiE\n|player|p1|\n|c|\u2606Zapdos79|gg\n",
  "uploadtime": 1776172248,
  "views": 12,
  "formatid": "gen9championsvgc2026regma",
  "rating": 1185,
  "private": 0,
  "password": null
}