{
  "id": "gen9championsvgc2026regma-2585226751",
  "format": "[Gen 9 Champions] VGC 2026 Reg M-A",
  "players": [
    "ffaow",
    "buh cat vgc"
  ],
  "log": "|j|\u2606ffaow\n|j|\u2606buh cat vgc\n|t:|1776327293\n|gametype|doubles\n|player|p1|ffaow|102|1250\n|player|p2|buh cat vgc|169|1275\n|gen|9\n|tier|[Gen 9 Champions] VGC 2026 Reg M-A\n|rated|\n|rule|Species Clause: Limit one of each Pok\u00e9mon\n|rule|Item Clause: Limit 1 of each item\n|clearpoke\n|poke|p1|Charizard, L50, M|\n|poke|p1|Incineroar, L50, F|\n|poke|p1|Kingambit, L50, F|\n|poke|p1|Whimsicott, L50, M|\n|poke|p1|Sneasler, L50, M|\n|poke|p1|Garchomp, L50, F|\n|poke|p2|Floette-Eternal, L50, F|\n|poke|p2|Aerodactyl, L50, M|\n|poke|p2|Sneasler, L50, M|\n|poke|p2|Kingambit, L50, M|\n|poke|p2|Basculegion, L50, M|\n|poke|p2|Delphox, L50, M|\n|teampreview|4\n|inactive|Battle timer is ON: inactive players will automatically lose when time's up. (requested by buh cat vgc)\n|\n|t:|1776327358\n|teamsize|p1|4\n|teamsize|p2|4\n|start\n|switch|p1a: Sneasler|Sneasler, L50, M|100/100\n|switch|p1b: Kingambit|Kingambit, L50, F|100/100\n|switch|p2a: Aerodactyl|Aerodactyl, L50, M|100/100\n|switch|p2b: Floette|Floette-Eternal, L50, F|100/100\n|-ability|p2a: Aerodactyl|Unnerve\n|turn|1\n|inactive|ffaow has 30 seconds left.\n|inactive|buh cat vgc has 30 seconds left.\n|\n|t:|1776327389\n|detailschange|p2b: Floette|Floette-Mega, L50, F\n|-mega|p2b: Floette|Floette|Floettite\n|-ability|p2b: Floette|Fairy Aura\n|move|p1a: Sneasler|Fake Out|p2a: Aerodactyl\n|-resisted|p2a: Aerodactyl|1\n|-crit|p2a: Aerodactyl\n|-damage|p2a: Aerodactyl|84/100\n|cant|p2a: Aerodactyl|flinch\n|move|p2b: Floette|Light of Ruin|p1b: Kingambit\n|-crit|p1b: Kingambit\n|-damage|p1b: Kingambit|0 fnt\n|faint|p1b: Kingambit\n|-damage|p2b: Floette|37/100|[from] Recoil\n|\n|upkeep\n|\n|t:|1776327402\n|switch|p1b: Charizard|Charizard, L50, M|100/100\n|turn|2\n|inactive|ffaow has 30 seconds left.\n|\n|t:|1776327434\n|detailschange|p1b: Charizard|Charizard-Mega-Y, L50, M\n|-mega|p1b: Charizard|Charizard|Charizardite Y\n|-weather|SunnyDay|[from] ability: Drought|[of] p1b: Charizard\n|move|p2a: Aerodactyl|Tailwind|p2a: Aerodactyl\n|-sidestart|p2: buh cat vgc|move: Tailwind\n|move|p2b: Floette|Light of Ruin|p1a: Sneasler|[miss]\n|-miss|p2b: Floette|p1a: Sneasler\n|move|p1a: Sneasler|Close Combat|p2a: Aerodactyl\n|-damage|p2a: Aerodactyl|0 fnt\n|-unboost|p1a: Sneasler|def|1\n|-unboost|p1a: Sneasler|spd|1\n|faint|p2a: Aerodactyl\n|-enditem|p1a: Sneasler|White Herb\n|-clearnegativeboost|p1a: Sneasler|[silent]\n|move|p1b: Charizard|Solar Beam||[still]\n|-prepare|p1b: Charizard|Solar Beam\n|-anim|p1b: Charizard|Solar Beam|p2b: Floette\n|-damage|p2b: Floette|2/100\n|\n|-weather|SunnyDay|[upkeep]\n|upkeep\n|c|\u2606buh cat vgc|wp\n|\n|t:|1776327457\n|switch|p2a: Sneasler|Sneasler, L50, M|100/100\n|turn|3\n|\n|t:|1776327465\n|move|p1a: Sneasler|Dire Claw|p2b: Floette\n|-supereffective|p2b: Floette|1\n|-damage|p2b: Floette|0 fnt\n|faint|p2b: Floette\n|move|p2a: Sneasler|Dire Claw|p1b: Charizard\n|-damage|p1b: Charizard|50/100\n|-status|p1b: Charizard|slp\n|cant|p1b: Charizard|slp\n|\n|-weather|SunnyDay|[upkeep]\n|upkeep\n|\n|t:|1776327468\n|switch|p2b: Basculegion|Basculegion, L50, M|100/100\n|turn|4\n|\n|t:|1776327482\n|move|p1a: Sneasler|Dire Claw|p2b: Basculegion\n|-resisted|p2b: Basculegion|1\n|-damage|p2b: Basculegion|77/100\n|move|p2a: Sneasler|Dire Claw|p1b: Charizard\n|-damage|p1b: Charizard|0 fnt\n|faint|p1b: Charizard\n|move|p2b: Basculegion|Last Respects|p1a: Sneasler\n|-damage|p1a: Sneasler|0 fnt\n|faint|p1a: Sneasler\n|\n|-weather|SunnyDay|[upkeep]\n|upkeep\n|\n|t:|1776327494\n|switch|p1b: Garchomp|Garchomp, L50, F|100/100\n|turn|5\n|\n|t:|1776327502\n|move|p2a: Sneasler|Close Combat|p1b: Garchomp\n|-damage|p1b: Garchomp|37/100\n|-unboost|p2a: Sneasler|def|1\n|-unboost|p2a: Sneasler|spd|1\n|-damage|p2a: Sneasler|88/100|[from] ability: Rough Skin|[of] p1b: Garchomp\n|-enditem|p2a: Sneasler|White Herb\n|-clearnegativeboost|p2a: Sneasler|[silent]\n|move|p1b: Garchomp|Earthquake|p2b: Basculegion|[spread] p2a,p2b\n|-supereffective|p2a: Sneasler|1\n|-damage|p2a: Sneasler|0 fnt\n|-damage|p2b: Basculegion|25/100\n|-enditem|p2b: Basculegion|Sitrus Berry|[eat]\n|-heal|p2b: Basculegion|49/100|[from] item: Sitrus Berry\n|faint|p2a: Sneasler\n|move|p2b: Basculegion|Last Respects|p1b: Garchomp\n|-damage|p1b: Garchomp|0 fnt\n|faint|p1b: Garchomp\n|\n|win|buh cat vgc\n|raw|ffaow's rating: 1250 &rarr; <strong>1227</strong><br />(-23 for losing)\n|raw|buh cat vgc's rating: 1275 &rarr; <strong>1298</strong><br />(+23 for winning)\n|l|\u2606ffaow\n|player|p1|\n",
  "uploadtime": 1776327664,
  "views": 24,
  "formatid": "gen9championsvgc2026regma",
  "rating": 1227,
  "private": 0,
  "password": null
}