{
  "id": "gen9championsvgc2026regma-2584729571",
  "format": "[Gen 9 Champions] VGC 2026 Reg M-A",
  "players": [
    "mattnot3",
    "King L5"
  ],
  "log": "|j|\u2606mattnot3\n|j|\u2606King L5\n|t:|1776279566\n|gametype|doubles\n|player|p1|mattnot3|pokemonbreeder-gen4|1436\n|player|p2|King L5|#dcliiinfernalarmory|1378\n|gen|9\n|tier|[Gen 9 Champions] VGC 2026 Reg M-A\n|rated|\n|rule|Species Clause: Limit one of each Pok\u00e9mon\n|rule|Item Clause: Limit 1 of each item\n|clearpoke\n|poke|p1|Kommo-o, L50, F|\n|poke|p1|Scizor, L50, M|\n|poke|p1|Sinistcha, L50|\n|poke|p1|Aerodactyl, L50, M|\n|poke|p1|Incineroar, L50, F|\n|poke|p1|Primarina, L50, F|\n|poke|p2|Floette-Eternal, L50, F|\n|poke|p2|Incineroar, L50, M|\n|poke|p2|Sinistcha, L50|\n|poke|p2|Basculegion, L50, M|\n|poke|p2|Aerodactyl, L50, M|\n|poke|p2|Garchomp, L50, M|\n|teampreview|4\n|inactive|Battle timer is ON: inactive players will automatically lose when time's up. (requested by mattnot3)\n|\n|t:|1776279596\n|teamsize|p1|4\n|teamsize|p2|4\n|start\n|switch|p1a: Sinistcha|Sinistcha, L50|100/100\n|switch|p1b: Primarina|Primarina, L50, F|100/100\n|switch|p2a: Floette|Floette-Eternal, L50, F|100/100\n|switch|p2b: Incineroar|Incineroar, L50, M|100/100\n|-ability|p2b: Incineroar|Intimidate|boost\n|-unboost|p1a: Sinistcha|atk|1\n|-unboost|p1b: Primarina|atk|1\n|turn|1\n|\n|t:|1776279604\n|detailschange|p2a: Floette|Floette-Mega, L50, F\n|-mega|p2a: Floette|Floette|Floettite\n|-ability|p2a: Floette|Fairy Aura\n|move|p2b: Incineroar|Fake Out|p1b: Primarina\n|-damage|p1b: Primarina|87/100\n|move|p2a: Floette|Calm Mind|p2a: Floette\n|-boost|p2a: Floette|spa|1\n|-boost|p2a: Floette|spd|1\n|cant|p1b: Primarina|flinch\n|move|p1a: Sinistcha|Trick Room|p1a: Sinistcha\n|-fieldstart|move: Trick Room|[of] p1a: Sinistcha\n|\n|-heal|p1b: Primarina|92/100|[from] item: Leftovers\n|upkeep\n|turn|2\n|\n|t:|1776279622\n|switch|p1a: Incineroar|Incineroar, L50, F|100/100\n|-ability|p1a: Incineroar|Intimidate|boost\n|-unboost|p2a: Floette|atk|1\n|-unboost|p2b: Incineroar|atk|1\n|switch|p2b: Sinistcha|Sinistcha, L50|100/100\n|move|p1b: Primarina|Calm Mind|p1b: Primarina\n|-boost|p1b: Primarina|spa|1\n|-boost|p1b: Primarina|spd|1\n|move|p2a: Floette|Calm Mind|p2a: Floette\n|-boost|p2a: Floette|spa|1\n|-boost|p2a: Floette|spd|1\n|\n|-heal|p1b: Primarina|98/100|[from] item: Leftovers\n|upkeep\n|turn|3\n|inactive|mattnot3 has 30 seconds left.\n|\n|t:|1776279650\n|move|p1a: Incineroar|Darkest Lariat|p2b: Sinistcha\n|-supereffective|p2b: Sinistcha|1\n|-damage|p2b: Sinistcha|50/100\n|move|p2b: Sinistcha|Matcha Gotcha|p1b: Primarina|[spread] p1a,p1b\n|-resisted|p1a: Incineroar|1\n|-supereffective|p1b: Primarina|1\n|-damage|p1a: Incineroar|91/100\n|-heal|p2b: Sinistcha|56/100|[from] drain|[of] p1a: Incineroar\n|-damage|p1b: Primarina|70/100\n|-heal|p2b: Sinistcha|69/100|[from] drain|[of] p1b: Primarina\n|move|p1b: Primarina|Hyper Voice|p2b: Sinistcha|[spread] p2a,p2b\n|-resisted|p2b: Sinistcha|1\n|-damage|p2a: Floette|79/100\n|-damage|p2b: Sinistcha|39/100\n|move|p2a: Floette|Draining Kiss|p1a: Incineroar\n|-damage|p1a: Incineroar|27/100\n|-heal|p2a: Floette|100/100|[from] drain|[of] p1a: Incineroar\n|-enditem|p1a: Incineroar|Sitrus Berry|[eat]\n|-heal|p1a: Incineroar|52/100|[from] item: Sitrus Berry\n|\n|-heal|p2b: Sinistcha|45/100|[from] item: Leftovers\n|-heal|p1b: Primarina|76/100|[from] item: Leftovers\n|upkeep\n|turn|4\n|\n|t:|1776279675\n|move|p2b: Sinistcha|Protect|p2b: Sinistcha\n|-singleturn|p2b: Sinistcha|Protect\n|move|p1a: Incineroar|Parting Shot|p2a: Floette\n|-unboost|p2a: Floette|atk|1\n|-unboost|p2a: Floette|spa|1\n|\n|t:|1776279678\n|switch|p1a: Scizor|Scizor, L50, M|100/100|[from] Parting Shot\n|move|p1b: Primarina|Moonblast|p2b: Sinistcha\n|-activate|p2b: Sinistcha|move: Protect\n|move|p2a: Floette|Draining Kiss|p1a: Scizor\n|-resisted|p1a: Scizor|1\n|-damage|p1a: Scizor|60/100\n|\n|-heal|p2b: Sinistcha|51/100|[from] item: Leftovers\n|-heal|p1b: Primarina|82/100|[from] item: Leftovers\n|upkeep\n|turn|5\n|inactive|King L5 has 30 seconds left.\n|\n|t:|1776279710\n|switch|p2b: Incineroar|Incineroar, L50, M|100/100\n|-ability|p2b: Incineroar|Intimidate|boost\n|-unboost|p1a: Scizor|atk|1\n|-unboost|p1b: Primarina|atk|1\n|detailschange|p1a: Scizor|Scizor-Mega, L50, M\n|-mega|p1a: Scizor|Scizor|Scizorite\n|move|p1b: Primarina|Calm Mind|p1b: Primarina\n|-boost|p1b: Primarina|spa|1\n|-boost|p1b: Primarina|spd|1\n|move|p1a: Scizor|Bug Bite|p2b: Incineroar\n|-damage|p2b: Incineroar|63/100\n|-enditem|p2b: Incineroar|Sitrus Berry|[from] stealeat|[move] Bug Bite|[of] p1a: Scizor\n|-heal|p1a: Scizor|85/100|[from] item: Sitrus Berry\n|move|p2a: Floette|Moonblast|p1b: Primarina\n|-damage|p1b: Primarina|34/100\n|\n|-heal|p1b: Primarina|40/100|[from] item: Leftovers\n|-fieldend|move: Trick Room\n|upkeep\n|turn|6\n|\n|t:|1776279732\n|switch|p1a: Incineroar|Incineroar, L50, F|52/100\n|-ability|p1a: Incineroar|Intimidate|boost\n|-unboost|p2a: Floette|atk|1\n|-unboost|p2b: Incineroar|atk|1\n|move|p1b: Primarina|Protect|p1b: Primarina\n|-singleturn|p1b: Primarina|Protect\n|move|p2b: Incineroar|Fake Out|p1a: Incineroar\n|-damage|p1a: Incineroar|45/100\n|move|p2a: Floette|Calm Mind|p2a: Floette\n|-boost|p2a: Floette|spa|1\n|-boost|p2a: Floette|spd|1\n|\n|-heal|p1b: Primarina|46/100|[from] item: Leftovers\n|upkeep\n|turn|7\n|inactive|King L5 has 30 seconds left.\n|inactive|King L5 has 20 seconds left.\n|inactive|King L5 has 15 seconds left.\n|inactive|King L5 has 10 seconds left.\n|inactive|King L5 has 5 seconds left.\n|\n|t:|1776279786\n|move|p2a: Floette|Protect|p2a: Floette\n|-singleturn|p2a: Floette|Protect\n|move|p1a: Incineroar|Fake Out|p2a: Floette\n|-activate|p2a: Floette|move: Protect\n|move|p1b: Primarina|Moonblast|p2b: Incineroar\n|-damage|p2b: Incineroar|0 fnt\n|faint|p2b: Incineroar\n|\n|-heal|p1b: Primarina|52/100|[from] item: Leftovers\n|upkeep\n|\n|t:|1776279796\n|switch|p2b: Basculegion|Basculegion, L50, M|100/100\n|turn|8\n|\n|t:|1776279809\n|move|p1b: Primarina|Protect|p1b: Primarina\n|-singleturn|p1b: Primarina|Protect\n|move|p2b: Basculegion|Flip Turn|p1a: Incineroar\n|-supereffective|p1a: Incineroar|1\n|-damage|p1a: Incineroar|0 fnt\n|faint|p1a: Incineroar\n|\n|t:|1776279814\n|switch|p2b: Sinistcha|Sinistcha, L50|51/100|[from] Flip Turn\n|move|p2a: Floette|Moonblast|p1b: Primarina\n|-activate|p1b: Primarina|move: Protect\n|\n|-heal|p1b: Primarina|57/100|[from] item: Leftovers\n|-heal|p2b: Sinistcha|57/100|[from] item: Leftovers\n|upkeep\n|\n|t:|1776279824\n|switch|p1a: Sinistcha|Sinistcha, L50|100/100\n|-heal|p1b: Primarina|82/100|[from] ability: Hospitality|[of] p1a: Sinistcha\n|turn|9\n|\n|t:|1776279840\n|move|p2b: Sinistcha|Protect|p2b: Sinistcha\n|-singleturn|p2b: Sinistcha|Protect\n|move|p1a: Sinistcha|Rage Powder|p1a: Sinistcha\n|-singleturn|p1a: Sinistcha|move: Rage Powder\n|move|p2a: Floette|Moonblast|p1a: Sinistcha|[miss]\n|-miss|p2a: Floette|p1a: Sinistcha\n|move|p1b: Primarina|Moonblast|p2b: Sinistcha\n|-activate|p2b: Sinistcha|move: Protect\n|\n|-heal|p1b: Primarina|88/100|[from] item: Leftovers\n|-heal|p2b: Sinistcha|63/100|[from] item: Leftovers\n|upkeep\n|turn|10\n|\n|t:|1776279859\n|move|p1a: Sinistcha|Rage Powder|p1a: Sinistcha\n|-singleturn|p1a: Sinistcha|move: Rage Powder\n|move|p2a: Floette|Moonblast|p1a: Sinistcha\n|-crit|p1a: Sinistcha\n|-damage|p1a: Sinistcha|0 fnt\n|faint|p1a: Sinistcha\n|move|p1b: Primarina|Moonblast|p2b: Sinistcha\n|-damage|p2b: Sinistcha|0 fnt\n|faint|p2b: Sinistcha\n|\n|-heal|p1b: Primarina|94/100|[from] item: Leftovers\n|upkeep\n|\n|t:|1776279867\n|switch|p2b: Basculegion|Basculegion, L50, M|100/100\n|switch|p1a: Scizor|Scizor-Mega, L50, M|85/100\n|turn|11\n|inactive|King L5 has 30 seconds left.\n|\n|t:|1776279897\n|move|p1b: Primarina|Protect|p1b: Primarina\n|-singleturn|p1b: Primarina|Protect\n|move|p2b: Basculegion|Last Respects|p1b: Primarina\n|-activate|p1b: Primarina|move: Protect\n|move|p2a: Floette|Moonblast|p1a: Scizor\n|-resisted|p1a: Scizor|1\n|-damage|p1a: Scizor|12/100\n|move|p1a: Scizor|Bug Bite|p2b: Basculegion\n|-resisted|p2b: Basculegion|1\n|-damage|p2b: Basculegion|64/100\n|\n|-heal|p1b: Primarina|99/100|[from] item: Leftovers\n|upkeep\n|turn|12\n|\n|t:|1776279916\n|move|p1a: Scizor|Protect|p1a: Scizor\n|-singleturn|p1a: Scizor|Protect\n|move|p2b: Basculegion|Last Respects|p1b: Primarina\n|-damage|p1b: Primarina|0 fnt\n|faint|p1b: Primarina\n|move|p2a: Floette|Moonblast|p1a: Scizor\n|-activate|p1a: Scizor|move: Protect\n|\n|upkeep\n|turn|13\n|\n|t:|1776279925\n|move|p1a: Scizor|Bullet Punch|p2a: Floette\n|-supereffective|p2a: Floette|1\n|-damage|p2a: Floette|26/100\n|move|p2b: Basculegion|Last Respects|p1a: Scizor\n|-damage|p1a: Scizor|0 fnt\n|faint|p1a: Scizor\n|\n|win|King L5\n|raw|mattnot3's rating: 1436 &rarr; <strong>1413</strong><br />(-23 for losing)\n|raw|King L5's rating: 1378 &rarr; <strong>1401</strong><br />(+23 for winning)\n|c|\u2606mattnot3|gg wp\n",
  "uploadtime": 1776279937,
  "views": 36,
  "formatid": "gen9championsvgc2026regma",
  "rating": 1401,
  "private": 0,
  "password": null
}