{
  "id": "gen9championsvgc2026regma-2584389125",
  "format": "[Gen 9 Champions] VGC 2026 Reg M-A",
  "players": [
    "ForFunPlayer999",
    "Manpreet Squidwho"
  ],
  "log": "|j|\u2606ForFunPlayer999\n|j|\u2606Manpreet Squidwho\n|t:|1776257215\n|gametype|doubles\n|player|p1|ForFunPlayer999|1|1115\n|player|p2|Manpreet Squidwho|169|1129\n|gen|9\n|tier|[Gen 9 Champions] VGC 2026 Reg M-A\n|rated|\n|rule|Species Clause: Limit one of each Pok\u00e9mon\n|rule|Item Clause: Limit 1 of each item\n|clearpoke\n|poke|p1|Tyranitar, L50, M|\n|poke|p1|Primarina, L50, F|\n|poke|p1|Talonflame, L50, F|\n|poke|p1|Sneasler, L50, M|\n|poke|p1|Sinistcha-Masterpiece, L50|\n|poke|p1|Aegislash, L50, M|\n|poke|p2|Slowbro, L50, F|\n|poke|p2|Alcremie, L50, F|\n|poke|p2|Sinistcha, L50|\n|poke|p2|Incineroar, L50, M|\n|poke|p2|Sneasler, L50, M|\n|poke|p2|Skarmory, L50, M|\n|teampreview|4\n|inactive|Battle timer is ON: inactive players will automatically lose when time's up. (requested by Manpreet Squidwho)\n|\n|t:|1776257256\n|teamsize|p1|4\n|teamsize|p2|4\n|start\n|switch|p1a: Jean Grey|Talonflame, L50, F, shiny|100/100\n|switch|p1b: Wolverine|Sneasler, L50, M, shiny|100/100\n|switch|p2a: Slowbro|Slowbro, L50, F|100/100\n|switch|p2b: Sneasler|Sneasler, L50, M|100/100\n|turn|1\n|\n|t:|1776257272\n|detailschange|p2a: Slowbro|Slowbro-Mega, L50, F\n|-mega|p2a: Slowbro|Slowbro|Slowbronite\n|move|p1b: Wolverine|Quick Guard|p1b: Wolverine\n|-singleturn|p1b: Wolverine|Quick Guard\n|move|p1a: Jean Grey|Dual Wingbeat|p2b: Sneasler\n|-supereffective|p2b: Sneasler|1\n|-damage|p2b: Sneasler|28/100\n|-supereffective|p2b: Sneasler|1\n|-damage|p2b: Sneasler|0 fnt\n|faint|p2b: Sneasler\n|-hitcount|p2: Sneasler|2\n|move|p2a: Slowbro|Calm Mind|p2a: Slowbro\n|-boost|p2a: Slowbro|spa|1\n|-boost|p2a: Slowbro|spd|1\n|\n|upkeep\n|\n|t:|1776257280\n|switch|p2b: Incineroar|Incineroar, L50, M|100/100\n|-ability|p2b: Incineroar|Intimidate|boost\n|-unboost|p1a: Jean Grey|atk|1\n|-unboost|p1b: Wolverine|atk|1\n|-enditem|p1b: Wolverine|White Herb\n|-clearnegativeboost|p1b: Wolverine|[silent]\n|turn|2\n|inactive|ForFunPlayer999 has 30 seconds left.\n|\n|t:|1776257306\n|move|p2b: Incineroar|Fake Out|p1b: Wolverine\n|-damage|p1b: Wolverine|83/100\n|move|p1a: Jean Grey|Tailwind|p1a: Jean Grey\n|-sidestart|p1: ForFunPlayer999|move: Tailwind\n|cant|p1b: Wolverine|flinch\n|move|p2a: Slowbro|Calm Mind|p2a: Slowbro\n|-boost|p2a: Slowbro|spa|1\n|-boost|p2a: Slowbro|spd|1\n|\n|upkeep\n|turn|3\n|inactive|ForFunPlayer999 has 30 seconds left.\n|\n|t:|1776257340\n|move|p1a: Jean Grey|Dual Wingbeat|p2a: Slowbro\n|-damage|p2a: Slowbro|95/100\n|-damage|p2a: Slowbro|87/100\n|-hitcount|p2a: Slowbro|2\n|move|p1b: Wolverine|Dire Claw|p2a: Slowbro\n|-damage|p2a: Slowbro|66/100\n|move|p2b: Incineroar|Parting Shot|p1a: Jean Grey\n|-unboost|p1a: Jean Grey|atk|1\n|-unboost|p1a: Jean Grey|spa|1\n|\n|t:|1776257347\n|switch|p2b: Sinistcha|Sinistcha, L50|100/100|[from] Parting Shot\n|-heal|p2a: Slowbro|91/100|[from] ability: Hospitality|[of] p2b: Sinistcha\n|move|p2a: Slowbro|Stored Power|p1b: Wolverine\n|-supereffective|p1b: Wolverine|2\n|-damage|p1b: Wolverine|0 fnt\n|faint|p1b: Wolverine\n|\n|upkeep\n|\n|t:|1776257371\n|switch|p1b: Rockzilla|Tyranitar, L50, M, shiny|100/100\n|-weather|Sandstorm|[from] ability: Sand Stream|[of] p1b: Rockzilla\n|turn|4\n|\n|t:|1776257382\n|detailschange|p1b: Rockzilla|Tyranitar-Mega, L50, M, shiny\n|-mega|p1b: Rockzilla|Tyranitar|Tyranitarite\n|move|p1a: Jean Grey|Dual Wingbeat|p2a: Slowbro\n|-damage|p2a: Slowbro|86/100\n|-damage|p2a: Slowbro|81/100\n|-hitcount|p2a: Slowbro|2\n|move|p1b: Rockzilla|Knock Off|p2a: Slowbro\n|-supereffective|p2a: Slowbro|1\n|-damage|p2a: Slowbro|39/100\n|move|p2a: Slowbro|Drain Punch|p1b: Rockzilla\n|-supereffective|p1b: Rockzilla|2\n|-damage|p1b: Rockzilla|65/100\n|-heal|p2a: Slowbro|56/100|[from] drain|[of] p1b: Rockzilla\n|move|p2b: Sinistcha|Trick Room|p2b: Sinistcha\n|-fieldstart|move: Trick Room|[of] p2b: Sinistcha\n|\n|-weather|Sandstorm|[upkeep]\n|-damage|p2a: Slowbro|50/100|[from] Sandstorm\n|-damage|p2b: Sinistcha|94/100|[from] Sandstorm\n|-damage|p1a: Jean Grey|95/100|[from] Sandstorm\n|upkeep\n|turn|5\n|inactive|ForFunPlayer999 has 30 seconds left.\n|inactive|ForFunPlayer999 has 20 seconds left.\n|inactive|ForFunPlayer999 has 15 seconds left.\n|\n|t:|1776257423\n|switch|p1a: Hexcalibur|Aegislash, L50, M, shiny|100/100\n|move|p2a: Slowbro|Drain Punch|p1b: Rockzilla\n|-supereffective|p1b: Rockzilla|2\n|-damage|p1b: Rockzilla|27/100\n|-heal|p2a: Slowbro|68/100|[from] drain|[of] p1b: Rockzilla\n|move|p2b: Sinistcha|Life Dew|p2b: Sinistcha|[spread] p2a,p2b\n|-heal|p2a: Slowbro|93/100\n|-heal|p2b: Sinistcha|100/100\n|move|p1b: Rockzilla|Knock Off|p2a: Slowbro\n|-supereffective|p2a: Slowbro|1\n|-damage|p2a: Slowbro|53/100\n|\n|-weather|Sandstorm|[upkeep]\n|-damage|p2a: Slowbro|48/100|[from] Sandstorm\n|-damage|p2b: Sinistcha|94/100|[from] Sandstorm\n|-sideend|p1: ForFunPlayer999|move: Tailwind\n|upkeep\n|turn|6\n|inactive|ForFunPlayer999 has 30 seconds left.\n|inactive|ForFunPlayer999 has 20 seconds left.\n|\n|t:|1776257460\n|switch|p2b: Incineroar|Incineroar, L50, M|100/100\n|-ability|p2b: Incineroar|Intimidate|boost\n|-unboost|p1a: Hexcalibur|atk|1\n|-unboost|p1b: Rockzilla|atk|1\n|move|p1b: Rockzilla|Protect|p1b: Rockzilla\n|-singleturn|p1b: Rockzilla|Protect\n|move|p2a: Slowbro|Slack Off|p2a: Slowbro\n|-heal|p2a: Slowbro|98/100\n|-formechange|p1a: Hexcalibur|Aegislash-Blade|\n|move|p1a: Hexcalibur|Shadow Ball|p2a: Slowbro\n|-supereffective|p2a: Slowbro|1\n|-damage|p2a: Slowbro|46/100\n|\n|-weather|Sandstorm|[upkeep]\n|-damage|p2a: Slowbro|40/100|[from] Sandstorm\n|-damage|p2b: Incineroar|95/100|[from] Sandstorm\n|upkeep\n|turn|7\n|-message|ForFunPlayer999 forfeited.\n|\n|win|Manpreet Squidwho\n|raw|ForFunPlayer999's rating: 1115 &rarr; <strong>1091</strong><br />(-24 for losing)\n|raw|Manpreet Squidwho's rating: 1129 &rarr; <strong>1153</strong><br />(+24 for winning)\n|l|\u2606ForFunPlayer999\n|player|p1|\n",
  "uploadtime": 1776257495,
  "views": 28,
  "formatid": "gen9championsvgc2026regma",
  "rating": 1091,
  "private": 0,
  "password": null
}