{
  "id": "gen9championsvgc2026regma-2587267660",
  "format": "[Gen 9 Champions] VGC 2026 Reg M-A",
  "players": [
    "orcapie",
    "hide on whimscott"
  ],
  "log": "|j|\u2606orcapie\n|j|\u2606hide on whimscott\n|t:|1776516413\n|gametype|doubles\n|player|p1|orcapie|170|1315\n|player|p2|hide on whimscott|artist-gen4|1382\n|gen|9\n|tier|[Gen 9 Champions] VGC 2026 Reg M-A\n|rated|\n|rule|Species Clause: Limit one of each Pok\u00e9mon\n|rule|Item Clause: Limit 1 of each item\n|clearpoke\n|poke|p1|Garchomp, L50, M|\n|poke|p1|Rotom-Wash, L50|\n|poke|p1|Glimmora, L50, M|\n|poke|p1|Orthworm, L50, F|\n|poke|p1|Sableye, L50, M|\n|poke|p1|Gyarados, L50, F|\n|poke|p2|Venusaur, L50, F|\n|poke|p2|Sneasler, L50, M|\n|poke|p2|Kingambit, L50, M|\n|poke|p2|Incineroar, L50, F|\n|poke|p2|Basculegion, L50, M|\n|poke|p2|Charizard, L50, M|\n|teampreview|4\n|inactive|Battle timer is ON: inactive players will automatically lose when time's up. (requested by hide on whimscott)\nhide on whimscott rejected open team sheets.\n|\n|t:|1776516457\n|teamsize|p1|4\n|teamsize|p2|4\n|start\n|switch|p1a: Garchomp|Garchomp, L50, M|100/100\n|switch|p1b: Orthworm|Orthworm, L50, F|100/100\n|switch|p2a: Kingambit|Kingambit, L50, M|100/100\n|switch|p2b: Charizard|Charizard, L50, M|100/100\n|turn|1\n|inactive|orcapie has 30 seconds left.\n|inactive|orcapie has 20 seconds left.\n|\n|t:|1776516495\n|switch|p2a: Incineroar|Incineroar, L50, F|100/100\n|-ability|p2a: Incineroar|Intimidate|boost\n|-unboost|p1a: Garchomp|atk|1\n|-unboost|p1b: Orthworm|atk|1\n|detailschange|p2b: Charizard|Charizard-Mega-X, L50, M\n|-mega|p2b: Charizard|Charizard|Charizardite X\n|move|p2b: Charizard|Flare Blitz|p1b: Orthworm\n|-supereffective|p1b: Orthworm|1\n|-damage|p1b: Orthworm|11/100\n|-enditem|p1b: Orthworm|Sitrus Berry|[eat]\n|-heal|p1b: Orthworm|36/100|[from] item: Sitrus Berry\n|-damage|p2b: Charizard|72/100|[from] Recoil\n|move|p1a: Garchomp|Rock Slide|p2b: Charizard|[spread] p2a,p2b\n|-supereffective|p2a: Incineroar|1\n|-supereffective|p2b: Charizard|1\n|-damage|p2a: Incineroar|80/100\n|-damage|p2b: Charizard|48/100\n|move|p1b: Orthworm|Shed Tail|p1b: Orthworm\n|-fail|p1b: Orthworm|move: Shed Tail|[weak]\n|\n|upkeep\n|turn|2\n|inactive|orcapie has 30 seconds left.\n|\n|t:|1776516521\n|switch|p1b: Gyarados|Gyarados, L50, F|100/100\n|-ability|p1b: Gyarados|Intimidate|boost\n|-unboost|p2a: Incineroar|atk|1\n|-unboost|p2b: Charizard|atk|1\n|move|p1a: Garchomp|Protect|p1a: Garchomp\n|-singleturn|p1a: Garchomp|Protect\n|move|p2b: Charizard|Dragon Claw|p1a: Garchomp\n|-activate|p1a: Garchomp|move: Protect\n|move|p2a: Incineroar|Parting Shot|p1b: Gyarados\n|-unboost|p1b: Gyarados|atk|1\n|-unboost|p1b: Gyarados|spa|1\n|inactive|hide on whimscott has 30 seconds left.\n|inactive|hide on whimscott has 20 seconds left.\n|\n|t:|1776516561\n|switch|p2a: Kingambit|Kingambit, L50, M|100/100|[from] Parting Shot\n|\n|upkeep\n|turn|3\n|\n|t:|1776516573\n|switch|p1b: Orthworm|Orthworm, L50, F|36/100\n|switch|p2b: Incineroar|Incineroar, L50, F|80/100\n|-ability|p2b: Incineroar|Intimidate|boost\n|-unboost|p1a: Garchomp|atk|1\n|-unboost|p1b: Orthworm|atk|1\n|move|p1a: Garchomp|Earthquake|p2a: Kingambit|[spread] p2a,p2b\n|-heal|p1b: Orthworm|61/100|[from] ability: Earth Eater|[of] p1a: Garchomp\n|-supereffective|p2a: Kingambit|1\n|-supereffective|p2b: Incineroar|1\n|-damage|p2a: Kingambit|72/100\n|-damage|p2b: Incineroar|49/100\n|-enditem|p2b: Incineroar|Sitrus Berry|[eat]\n|-heal|p2b: Incineroar|74/100|[from] item: Sitrus Berry\n|move|p2a: Kingambit|Swords Dance|p2a: Kingambit\n|-boost|p2a: Kingambit|atk|2\n|\n|upkeep\n|turn|4\n|inactive|orcapie has 30 seconds left.\n|inactive|hide on whimscott has 30 seconds left.\n|inactive|orcapie has 20 seconds left.\n|inactive|hide on whimscott has 20 seconds left.\n|\n|t:|1776516613\n|move|p2b: Incineroar|Fake Out|p1a: Garchomp\n|-damage|p1a: Garchomp|90/100\n|-damage|p2b: Incineroar|61/100|[from] ability: Rough Skin|[of] p1a: Garchomp\n|cant|p1a: Garchomp|flinch\n|move|p2a: Kingambit|Kowtow Cleave|p1b: Orthworm\n|-damage|p1b: Orthworm|6/100\n|move|p1b: Orthworm|Body Press|p2a: Kingambit\n|-supereffective|p2a: Kingambit|2\n|-enditem|p2a: Kingambit|Chople Berry|[eat]\n|-enditem|p2a: Kingambit|Chople Berry|[weaken]\n|-damage|p2a: Kingambit|20/100\n|\n|-heal|p1a: Garchomp|97/100|[from] item: Leftovers\n|upkeep\n|turn|5\n|inactive|orcapie has 30 seconds left.\n|\n|t:|1776516638\n|move|p2a: Kingambit|Sucker Punch|p1a: Garchomp\n|-damage|p1a: Garchomp|26/100\n|-damage|p2a: Kingambit|8/100|[from] ability: Rough Skin|[of] p1a: Garchomp\n|move|p1a: Garchomp|Earthquake|p2b: Incineroar|[spread] p2a,p2b\n|-heal|p1b: Orthworm|31/100|[from] ability: Earth Eater|[of] p1a: Garchomp\n|-supereffective|p2a: Kingambit|1\n|-supereffective|p2b: Incineroar|1\n|-damage|p2a: Kingambit|0 fnt\n|-damage|p2b: Incineroar|28/100\n|faint|p2a: Kingambit\n|move|p2b: Incineroar|Flare Blitz|p1b: Orthworm\n|-supereffective|p1b: Orthworm|1\n|-crit|p1b: Orthworm\n|-damage|p1b: Orthworm|0 fnt\n|faint|p1b: Orthworm\n|-damage|p2b: Incineroar|19/100|[from] Recoil\n|\n|-heal|p1a: Garchomp|33/100|[from] item: Leftovers\n|upkeep\n|\n|t:|1776516658\n|switch|p1b: Gyarados|Gyarados, L50, F|100/100\n|switch|p2a: Basculegion|Basculegion, L50, M|100/100\n|-ability|p1b: Gyarados|Intimidate|boost\n|-unboost|p2a: Basculegion|atk|1\n|-unboost|p2b: Incineroar|atk|1\n|turn|6\n|inactive|orcapie has 30 seconds left.\n|\n|t:|1776516689\n|switch|p1a: Sableye|Sableye, L50, M|100/100\n|detailschange|p1b: Gyarados|Gyarados-Mega, L50, F\n|-mega|p1b: Gyarados|Gyarados|Gyaradosite\n|-ability|p1b: Gyarados|Mold Breaker\n|move|p2a: Basculegion|Flip Turn|p1a: Sableye\n|-damage|p1a: Sableye|74/100\n|\n|t:|1776516696\n|switch|p2a: Charizard|Charizard-Mega-X, L50, M|48/100|[from] Flip Turn\n|move|p1b: Gyarados|Dragon Dance|p1b: Gyarados\n|-boost|p1b: Gyarados|atk|1\n|-boost|p1b: Gyarados|spe|1\n|move|p2b: Incineroar|Parting Shot|p1b: Gyarados\n|-unboost|p1b: Gyarados|atk|1\n|-unboost|p1b: Gyarados|spa|1\n|\n|t:|1776516704\n|switch|p2b: Basculegion|Basculegion, L50, M|100/100|[from] Parting Shot\n|\n|upkeep\n|turn|7\n|inactive|orcapie has 30 seconds left.\n|\n|t:|1776516733\n|move|p1a: Sableye|Fake Out|p2a: Charizard\n|-damage|p2a: Charizard|41/100\n|move|p1b: Gyarados|Dragon Dance|p1b: Gyarados\n|-boost|p1b: Gyarados|atk|1\n|-boost|p1b: Gyarados|spe|1\n|move|p2b: Basculegion|Flip Turn|p1a: Sableye\n|-damage|p1a: Sableye|29/100\n|\n|t:|1776516740\n|switch|p2b: Incineroar|Incineroar, L50, F|19/100|[from] Flip Turn\n|-ability|p2b: Incineroar|Intimidate|boost\n|-unboost|p1a: Sableye|atk|1\n|-unboost|p1b: Gyarados|atk|1\n|cant|p2a: Charizard|flinch\n|\n|upkeep\n|turn|8\n|\n|t:|1776516763\n|switch|p1a: Garchomp|Garchomp, L50, M|33/100\n|move|p1b: Gyarados|Earthquake|p2a: Charizard|[spread] p1a,p2a,p2b\n|-supereffective|p2a: Charizard|1\n|-supereffective|p2b: Incineroar|1\n|-damage|p1a: Garchomp|4/100\n|-damage|p2a: Charizard|0 fnt\n|-damage|p2b: Incineroar|0 fnt\n|faint|p2a: Charizard\n|faint|p2b: Incineroar\n|\n|-heal|p1a: Garchomp|11/100|[from] item: Leftovers\n|upkeep\n|-message|hide on whimscott forfeited.\n|\n|win|orcapie\n|raw|orcapie's rating: 1315 &rarr; <strong>1339</strong><br />(+24 for winning)\n|raw|hide on whimscott's rating: 1382 &rarr; <strong>1358</strong><br />(-24 for losing)\n",
  "uploadtime": 1776516771,
  "views": 23,
  "formatid": "gen9championsvgc2026regma",
  "rating": 1339,
  "private": 0,
  "password": null
}