{
  "id": "gen9championsvgc2026regma-2582615244",
  "format": "[Gen 9 Champions] VGC 2026 Reg M-A",
  "players": [
    "Nerumy07",
    "delteross"
  ],
  "log": "|j|\u2606Nerumy07\n|j|\u2606delteross\n|t:|1776102780\n|gametype|doubles\n|player|p1|Nerumy07|acetrainer|1265\n|player|p2|delteross|steven|1264\n|gen|9\n|tier|[Gen 9 Champions] VGC 2026 Reg M-A\n|rated|\n|rule|Species Clause: Limit one of each Pok\u00e9mon\n|rule|Item Clause: Limit 1 of each item\n|clearpoke\n|poke|p1|Dragonite, L50, M|\n|poke|p1|Politoed, L50, M|\n|poke|p1|Archaludon, L50, F|\n|poke|p1|Sneasler, L50, M|\n|poke|p1|Sinistcha, L50|\n|poke|p1|Talonflame, L50, F|\n|poke|p2|Venusaur, L50, F|\n|poke|p2|Incineroar, L50, M|\n|poke|p2|Charizard, L50, M|\n|poke|p2|Garchomp, L50, F|\n|poke|p2|Rotom-Wash, L50|\n|poke|p2|Sneasler, L50, F|\n|teampreview|4\n|inactive|Battle timer is ON: inactive players will automatically lose when time's up. (requested by delteross)\n|\n|t:|1776102799\n|teamsize|p1|4\n|teamsize|p2|4\n|start\n|switch|p1a: Talonflame|Talonflame, L50, F|100/100\n|switch|p1b: Dragonite|Dragonite, L50, M|100/100\n|switch|p2a: Venusaur|Venusaur, L50, F|100/100\n|switch|p2b: Charizard|Charizard, L50, M|100/100\n|turn|1\n|inactive|Nerumy07 has 30 seconds left.\n|\n|t:|1776102827\n|detailschange|p1b: Dragonite|Dragonite-Mega, L50, M\n|-mega|p1b: Dragonite|Dragonite|Dragoninite\n|detailschange|p2b: Charizard|Charizard-Mega-Y, L50, M\n|-mega|p2b: Charizard|Charizard|Charizardite Y\n|-weather|SunnyDay|[from] ability: Drought|[of] p2b: Charizard\n|move|p1a: Talonflame|Brave Bird|p2a: Venusaur\n|-supereffective|p2a: Venusaur|1\n|-damage|p2a: Venusaur|4/100\n|-damage|p1a: Talonflame|73/100|[from] Recoil\n|move|p2a: Venusaur|Sleep Powder|p1b: Dragonite\n|-status|p1b: Dragonite|slp|[from] move: Sleep Powder\n|cant|p1b: Dragonite|slp\n|move|p2b: Charizard|Heat Wave|p1a: Talonflame|[spread] p1a,p1b\n|-resisted|p1a: Talonflame|1\n|-resisted|p1b: Dragonite|1\n|-damage|p1a: Talonflame|38/100\n|-damage|p1b: Dragonite|88/100 slp\n|\n|-weather|SunnyDay|[upkeep]\n|upkeep\n|turn|2\n|inactive|delteross has 30 seconds left.\n|\n|t:|1776102853\n|switch|p2a: Rotom|Rotom-Wash, L50|100/100\n|switch|p1a: Politoed|Politoed, L50, M, shiny|100/100\n|-weather|RainDance|[from] ability: Drizzle|[of] p1a: Politoed\n|switch|p2b: Garchomp|Garchomp, L50, F|100/100\n|cant|p1b: Dragonite|slp\n|\n|-weather|RainDance|[upkeep]\n|upkeep\n|turn|3\n|\n|t:|1776102871\n|-curestatus|p1b: Dragonite|slp|[msg]\n|move|p1b: Dragonite|Protect|p1b: Dragonite\n|-singleturn|p1b: Dragonite|Protect\n|move|p2b: Garchomp|Rock Slide|p1a: Politoed|[spread] p1a\n|-activate|p1b: Dragonite|move: Protect\n|-damage|p1a: Politoed|83/100\n|move|p2a: Rotom|Volt Switch|p1a: Politoed\n|-supereffective|p1a: Politoed|1\n|-damage|p1a: Politoed|38/100\n|-enditem|p1a: Politoed|Sitrus Berry|[eat]\n|-heal|p1a: Politoed|62/100|[from] item: Sitrus Berry\n|\n|t:|1776102883\n|switch|p2a: Charizard|Charizard-Mega-Y, L50, M|100/100|[from] Volt Switch\n|-weather|SunnyDay|[from] ability: Drought|[of] p2a: Charizard\n|move|p1a: Politoed|Icy Wind|p2a: Charizard|[spread] p2a,p2b\n|-supereffective|p2b: Garchomp|2\n|-damage|p2a: Charizard|92/100\n|-damage|p2b: Garchomp|62/100\n|-unboost|p2a: Charizard|spe|1\n|-unboost|p2b: Garchomp|spe|1\n|\n|-weather|SunnyDay|[upkeep]\n|upkeep\n|turn|4\n|inactive|Nerumy07 has 30 seconds left.\n|inactive|Nerumy07 has 20 seconds left.\n|\n|t:|1776102921\n|switch|p2b: Rotom|Rotom-Wash, L50|100/100\n|move|p1a: Politoed|Protect|p1a: Politoed\n|-singleturn|p1a: Politoed|Protect\n|move|p1b: Dragonite|Dragon Pulse|p2b: Rotom\n|-damage|p2b: Rotom|49/100\n|move|p2a: Charizard|Solar Beam||[still]\n|-prepare|p2a: Charizard|Solar Beam\n|-anim|p2a: Charizard|Solar Beam|p1a: Politoed\n|-activate|p1a: Politoed|move: Protect\n|\n|-weather|SunnyDay|[upkeep]\n|-heal|p2b: Rotom|54/100|[from] item: Leftovers\n|upkeep\n|turn|5\n|inactive|delteross has 30 seconds left.\n|\n|t:|1776102954\n|switch|p1a: Talonflame|Talonflame, L50, F|38/100\n|move|p2b: Rotom|Protect|p2b: Rotom\n|-singleturn|p2b: Rotom|Protect\n|move|p1b: Dragonite|Tailwind|p1b: Dragonite\n|-sidestart|p1: Nerumy07|move: Tailwind\n|move|p2a: Charizard|Solar Beam||[still]\n|-prepare|p2a: Charizard|Solar Beam\n|-anim|p2a: Charizard|Solar Beam|p1a: Talonflame\n|-resisted|p1a: Talonflame|2\n|-damage|p1a: Talonflame|22/100\n|\n|-weather|SunnyDay|[upkeep]\n|-heal|p2b: Rotom|60/100|[from] item: Leftovers\n|upkeep\n|turn|6\n|inactive|Nerumy07 has 30 seconds left.\n|inactive|delteross has 30 seconds left.\n|inactive|delteross has 20 seconds left.\n|\n|t:|1776102995\n|switch|p2a: Garchomp|Garchomp, L50, F|62/100\n|move|p1a: Talonflame|Rain Dance|p1a: Talonflame\n|-weather|RainDance\n|move|p1b: Dragonite|Hurricane|p2a: Garchomp\n|-damage|p2a: Garchomp|0 fnt\n|faint|p2a: Garchomp\n|move|p2b: Rotom|Volt Switch|p1a: Talonflame\n|-supereffective|p1a: Talonflame|1\n|-damage|p1a: Talonflame|0 fnt\n|faint|p1a: Talonflame\n|\n|t:|1776103003\n|switch|p2b: Venusaur|Venusaur, L50, F|4/100|[from] Volt Switch\n|\n|-weather|RainDance|[upkeep]\n|upkeep\n|\n|t:|1776103008\n|switch|p1a: Sneasler|Sneasler, L50, M, shiny|100/100\n|switch|p2a: Charizard|Charizard-Mega-Y, L50, M|92/100\n|-weather|SunnyDay|[from] ability: Drought|[of] p2a: Charizard\n|turn|7\n|c|\u2606delteross|gg\n|-message|delteross forfeited.\n|\n|win|Nerumy07\n|raw|Nerumy07's rating: 1265 &rarr; <strong>1290</strong><br />(+25 for winning)\n|raw|delteross's rating: 1264 &rarr; <strong>1239</strong><br />(-25 for losing)\n|l|\u2606delteross\n|player|p2|\n",
  "uploadtime": 1776103051,
  "views": 21,
  "formatid": "gen9championsvgc2026regma",
  "rating": 1239,
  "private": 0,
  "password": null
}