{
  "id": "gen9championsvgc2026regma-2584109863",
  "format": "[Gen 9 Champions] VGC 2026 Reg M-A",
  "players": [
    "galawal",
    "Yab0ner"
  ],
  "log": "|j|\u2606galawal\n|j|\u2606Yab0ner\n|t:|1776226186\n|gametype|doubles\n|player|p1|galawal|170|1152\n|player|p2|Yab0ner|crasherwake|1101\n|gen|9\n|tier|[Gen 9 Champions] VGC 2026 Reg M-A\n|rated|\n|rule|Species Clause: Limit one of each Pok\u00e9mon\n|rule|Item Clause: Limit 1 of each item\n|clearpoke\n|poke|p1|Meganium, L50, M|\n|poke|p1|Tyranitar, L50, F|\n|poke|p1|Excadrill, L50, M|\n|poke|p1|Rotom-Wash, L50|\n|poke|p1|Dragapult, L50, M|\n|poke|p1|Sneasler, L50, M|\n|poke|p2|Gengar, L50, F|\n|poke|p2|Primarina, L50, F|\n|poke|p2|Politoed, L50, M|\n|poke|p2|Kommo-o, L50, M|\n|poke|p2|Raichu, L50, F|\n|poke|p2|Incineroar, L50, M|\n|teampreview|4\n|inactive|Battle timer is ON: inactive players will automatically lose when time's up. (requested by Yab0ner)\n|inactive|galawal has 60 seconds left.\n|\n|t:|1776226219\n|teamsize|p1|4\n|teamsize|p2|4\n|start\n|switch|p1a: Dragapult|Dragapult, L50, M|100/100\n|switch|p1b: Meganium|Meganium, L50, M|100/100\n|switch|p2a: Incineroar|Incineroar, L50, M, shiny|100/100\n|switch|p2b: Primarina|Primarina, L50, F|100/100\n|-ability|p2a: Incineroar|Intimidate|boost\n|-fail|p1a: Dragapult|unboost|[from] ability: Clear Body|[of] p1a: Dragapult\n|-unboost|p1b: Meganium|atk|1\n|turn|1\n|\n|t:|1776226242\n|switch|p1a: Excadrill|Excadrill, L50, M|100/100\n|move|p1b: Meganium|Protect|p1b: Meganium\n|-singleturn|p1b: Meganium|Protect\n|move|p2a: Incineroar|Fake Out|p1b: Meganium\n|-activate|p1b: Meganium|move: Protect\n|move|p2b: Primarina|Moonblast|p1a: Excadrill\n|-resisted|p1a: Excadrill|1\n|-damage|p1a: Excadrill|63/100\n|\n|upkeep\n|turn|2\n|inactive|Yab0ner has 30 seconds left.\n|inactive|galawal has 30 seconds left.\n|\n|t:|1776226279\n|switch|p2a: Politoed|Politoed, L50, M|100/100\n|-weather|RainDance|[from] ability: Drizzle|[of] p2a: Politoed\n|detailschange|p1b: Meganium|Meganium-Mega, L50, M\n|-mega|p1b: Meganium|Meganium|Meganiumite\n|move|p1a: Excadrill|High Horsepower|p2a: Politoed\n|-damage|p2a: Politoed|41/100\n|move|p1b: Meganium|Solar Beam||[still]\n|-prepare|p1b: Meganium|Solar Beam\n|-activate|p1b: Meganium|ability: Mega Sol\n|-anim|p1b: Meganium|Solar Beam|p2b: Primarina\n|-supereffective|p2b: Primarina|1\n|-crit|p2b: Primarina\n|-damage|p2b: Primarina|0 fnt\n|faint|p2b: Primarina\n|\n|-weather|RainDance|[upkeep]\n|-heal|p2a: Politoed|47/100|[from] item: Leftovers\n|upkeep\n|\n|t:|1776226303\n|switch|p2b: Incineroar|Incineroar, L50, M, shiny|100/100\n|-ability|p2b: Incineroar|Intimidate|boost\n|-unboost|p1a: Excadrill|atk|1\n|-unboost|p1b: Meganium|atk|1\n|turn|3\n|\n|t:|1776226319\n|switch|p1a: Dragapult|Dragapult, L50, M|100/100\n|move|p1b: Meganium|Protect|p1b: Meganium\n|-singleturn|p1b: Meganium|Protect\n|move|p2a: Politoed|Perish Song|p2a: Politoed\n|-start|p1a: Dragapult|perish3|[silent]\n|-start|p1b: Meganium|perish3|[silent]\n|-start|p2a: Politoed|perish3|[silent]\n|-start|p2b: Incineroar|perish3|[silent]\n|-fieldactivate|move: Perish Song\n|move|p2b: Incineroar|Parting Shot|p1b: Meganium\n|-activate|p1b: Meganium|move: Protect\n|\n|-weather|RainDance|[upkeep]\n|-heal|p2a: Politoed|53/100|[from] item: Leftovers\n|-start|p1a: Dragapult|perish3\n|-start|p1b: Meganium|perish3\n|-start|p2a: Politoed|perish3\n|-start|p2b: Incineroar|perish3\n|upkeep\n|turn|4\n|\n|t:|1776226343\n|move|p2a: Politoed|Protect|p2a: Politoed\n|-singleturn|p2a: Politoed|Protect\n|move|p1a: Dragapult|Dragon Darts|p2b: Incineroar\n|-damage|p2b: Incineroar|81/100\n|-anim|p1a: Dragapult|Dragon Darts|p2b: Incineroar\n|-damage|p2b: Incineroar|62/100\n|move|p1b: Meganium|Solar Beam||[still]\n|-prepare|p1b: Meganium|Solar Beam\n|-activate|p1b: Meganium|ability: Mega Sol\n|-anim|p1b: Meganium|Solar Beam|p2a: Politoed\n|-activate|p2a: Politoed|move: Protect\n|move|p2b: Incineroar|Parting Shot|p1b: Meganium\n|-unboost|p1b: Meganium|atk|1\n|-unboost|p1b: Meganium|spa|1\n|\n|t:|1776226359\n|switch|p2b: Gengar|Gengar, L50, F, shiny|100/100|[from] Parting Shot\n|\n|-weather|RainDance|[upkeep]\n|-heal|p2a: Politoed|59/100|[from] item: Leftovers\n|-start|p1a: Dragapult|perish2\n|-start|p1b: Meganium|perish2\n|-start|p2a: Politoed|perish2\n|upkeep\n|turn|5\n|inactive|galawal has 30 seconds left.\n|inactive|Yab0ner has 30 seconds left.\n|\n|t:|1776226390\n|switch|p1a: Tyranitar|Tyranitar, L50, F|100/100\n|-weather|Sandstorm|[from] ability: Sand Stream|[of] p1a: Tyranitar\n|switch|p1b: Excadrill|Excadrill, L50, M|63/100\n|detailschange|p2b: Gengar|Gengar-Mega, L50, F, shiny\n|-mega|p2b: Gengar|Gengar|Gengarite\n|move|p2a: Politoed|Helping Hand|p2b: Gengar\n|-singleturn|p2b: Gengar|Helping Hand|[of] p2a: Politoed\n|move|p2b: Gengar|Sludge Bomb|p1b: Excadrill\n|-immune|p1b: Excadrill\n|\n|-weather|Sandstorm|[upkeep]\n|-damage|p2b: Gengar|95/100|[from] Sandstorm\n|-damage|p2a: Politoed|53/100|[from] Sandstorm\n|-heal|p2a: Politoed|59/100|[from] item: Leftovers\n|-start|p2a: Politoed|perish1\n|upkeep\n|turn|6\n|-message|Yab0ner forfeited.\n|\n|win|galawal\n|raw|galawal's rating: 1152 &rarr; <strong>1173</strong><br />(+21 for winning)\n|raw|Yab0ner's rating: 1101 &rarr; <strong>1080</strong><br />(-21 for losing)\n|l|\u2606Yab0ner\n|player|p2|\n",
  "uploadtime": 1776226410,
  "views": 21,
  "formatid": "gen9championsvgc2026regma",
  "rating": 1080,
  "private": 0,
  "password": null
}