{
  "id": "gen9championsvgc2026regma-2587393649",
  "format": "[Gen 9 Champions] VGC 2026 Reg M-A",
  "players": [
    "WTsxsy",
    "Zenakuss17"
  ],
  "log": "|j|\u2606WTsxsy\n|j|\u2606Zenakuss17\n|t:|1776528117\n|gametype|doubles\n|player|p1|WTsxsy|1|1070\n|player|p2|Zenakuss17|benga|1040\n|gen|9\n|tier|[Gen 9 Champions] VGC 2026 Reg M-A\n|rated|\n|rule|Species Clause: Limit one of each Pok\u00e9mon\n|rule|Item Clause: Limit 1 of each item\n|clearpoke\n|poke|p1|Abomasnow, L50, M|\n|poke|p1|Armarouge, L50, M|\n|poke|p1|Farigiraf, L50, M|\n|poke|p1|Conkeldurr, L50, M|\n|poke|p1|Incineroar, L50, M|\n|poke|p1|Araquanid, L50, F|\n|poke|p2|Palafin, L50, M|\n|poke|p2|Pelipper, L50, M|\n|poke|p2|Archaludon, L50, F|\n|poke|p2|Incineroar, L50, M|\n|poke|p2|Sinistcha, L50|\n|poke|p2|Basculegion, L50, M|\n|teampreview|4\n|\n|t:|1776528149\n|teamsize|p1|4\n|teamsize|p2|4\n|start\n|switch|p1a: Farigiraf|Farigiraf, L50, M|100/100\n|switch|p1b: Abomasnow|Abomasnow, L50, M|100/100\n|switch|p2a: Pelipper|Pelipper, L50, M|100/100\n|switch|p2b: Palafin|Palafin, L50, M|100/100\n|-weather|RainDance|[from] ability: Drizzle|[of] p2a: Pelipper\n|-weather|Snowscape|[from] ability: Snow Warning|[of] p1b: Abomasnow\n|turn|1\n|\n|t:|1776528176\n|detailschange|p2b: Palafin|Palafin-Hero, L50, M\n|switch|p2b: Basculegion|Basculegion, L50, M|100/100\n|switch|p2a: Incineroar|Incineroar, L50, M|100/100\n|-ability|p2a: Incineroar|Intimidate|boost\n|-unboost|p1a: Farigiraf|atk|1\n|-unboost|p1b: Abomasnow|atk|1\n|detailschange|p1b: Abomasnow|Abomasnow-Mega, L50, M\n|-mega|p1b: Abomasnow|Abomasnow|Abomasite\n|move|p1b: Abomasnow|Aurora Veil|p1b: Abomasnow\n|-sidestart|p1: WTsxsy|move: Aurora Veil\n|move|p1a: Farigiraf|Trick Room|p1a: Farigiraf\n|-fieldstart|move: Trick Room|[of] p1a: Farigiraf\n|\n|-weather|Snowscape|[upkeep]\n|upkeep\n|turn|2\n|\n|t:|1776528200\n|switch|p1a: Incineroar|Incineroar, L50, M|100/100\n|-ability|p1a: Incineroar|Intimidate|boost\n|-unboost|p2a: Incineroar|atk|1\n|-unboost|p2b: Basculegion|atk|1\n|move|p2b: Basculegion|Protect|p2b: Basculegion\n|-singleturn|p2b: Basculegion|Protect\n|move|p1b: Abomasnow|Giga Drain|p2b: Basculegion\n|-activate|p2b: Basculegion|move: Protect\n|move|p2a: Incineroar|Parting Shot|p1a: Incineroar\n|-unboost|p1a: Incineroar|atk|1\n|-unboost|p1a: Incineroar|spa|1\n|\n|t:|1776528214\n|switch|p2a: Pelipper|Pelipper, L50, M|100/100|[from] Parting Shot\n|-weather|RainDance|[from] ability: Drizzle|[of] p2a: Pelipper\n|\n|-weather|RainDance|[upkeep]\n|upkeep\n|turn|3\n|\n|t:|1776528235\n|switch|p2b: Incineroar|Incineroar, L50, M|100/100\n|-ability|p2b: Incineroar|Intimidate|boost\n|-unboost|p1a: Incineroar|atk|1\n|-unboost|p1b: Abomasnow|atk|1\n|move|p1a: Incineroar|Fake Out|p2a: Pelipper\n|-damage|p2a: Pelipper|95/100\n|move|p1b: Abomasnow|Giga Drain|p2b: Incineroar\n|-resisted|p2b: Incineroar|1\n|-damage|p2b: Incineroar|81/100\n|cant|p2a: Pelipper|flinch\n|\n|-weather|RainDance|[upkeep]\n|upkeep\n|turn|4\n|\n|t:|1776528259\n|switch|p1b: Araquanid|Araquanid, L50, F|100/100\n|move|p1a: Incineroar|Parting Shot|p2a: Pelipper\n|-unboost|p2a: Pelipper|atk|1\n|-unboost|p2a: Pelipper|spa|1\n|\n|t:|1776528273\n|switch|p1a: Abomasnow|Abomasnow-Mega, L50, M|100/100|[from] Parting Shot\n|-weather|Snowscape|[from] ability: Snow Warning|[of] p1a: Abomasnow\n|move|p2a: Pelipper|Hurricane|p1b: Araquanid\n|-supereffective|p1b: Araquanid|1\n|-damage|p1b: Araquanid|59/100\n|move|p2b: Incineroar|Throat Chop|p1a: Abomasnow\n|-damage|p1a: Abomasnow|85/100\n|-start|p1a: Abomasnow|Throat Chop|[silent]\n|\n|-weather|Snowscape|[upkeep]\n|upkeep\n|turn|5\n|\n|t:|1776528316\n|switch|p1b: Farigiraf|Farigiraf, L50, M|100/100\n|switch|p2a: Basculegion|Basculegion, L50, M|100/100\n|move|p1a: Abomasnow|Blizzard|p2b: Incineroar|[spread] p2a,p2b\n|-resisted|p2a: Basculegion|1\n|-resisted|p2b: Incineroar|1\n|-crit|p2b: Incineroar\n|-damage|p2a: Basculegion|75/100\n|-damage|p2b: Incineroar|50/100\n|-enditem|p2b: Incineroar|Sitrus Berry|[eat]\n|-heal|p2b: Incineroar|75/100|[from] item: Sitrus Berry\n|move|p2b: Incineroar|Parting Shot|p1a: Abomasnow\n|-unboost|p1a: Abomasnow|atk|1\n|-unboost|p1a: Abomasnow|spa|1\n|\n|t:|1776528331\n|switch|p2b: Pelipper|Pelipper, L50, M|95/100|[from] Parting Shot\n|-weather|RainDance|[from] ability: Drizzle|[of] p2b: Pelipper\n|\n|-weather|RainDance|[upkeep]\n|-end|p1a: Abomasnow|Throat Chop|[silent]\n|-sideend|p1: WTsxsy|move: Aurora Veil\n|-fieldend|move: Trick Room\n|upkeep\n|turn|6\n|\n|t:|1776528348\n|switch|p1b: Araquanid|Araquanid, L50, F|59/100\n|move|p2a: Basculegion|Wave Crash|p1b: Araquanid\n|-resisted|p1b: Araquanid|1\n|-damage|p1b: Araquanid|4/100\n|-damage|p2a: Basculegion|59/100|[from] Recoil\n|move|p2b: Pelipper|Hurricane|p1b: Araquanid\n|-supereffective|p1b: Araquanid|1\n|-damage|p1b: Araquanid|0 fnt\n|faint|p1b: Araquanid\n|move|p1a: Abomasnow|Giga Drain|p2a: Basculegion\n|-supereffective|p2a: Basculegion|1\n|-damage|p2a: Basculegion|0 fnt\n|-heal|p1a: Abomasnow|100/100|[from] drain|[of] p2a: Basculegion\n|faint|p2a: Basculegion\n|\n|-weather|RainDance|[upkeep]\n|upkeep\n|\n|t:|1776528368\n|switch|p2a: Incineroar|Incineroar, L50, M|75/100\n|switch|p1b: Farigiraf|Farigiraf, L50, M|100/100\n|-ability|p2a: Incineroar|Intimidate|boost\n|-unboost|p1a: Abomasnow|atk|1\n|-unboost|p1b: Farigiraf|atk|1\n|turn|7\n|\n|t:|1776528380\n|switch|p1a: Incineroar|Incineroar, L50, M|100/100\n|-ability|p1a: Incineroar|Intimidate|boost\n|-unboost|p2a: Incineroar|atk|1\n|-unboost|p2b: Pelipper|atk|1\n|move|p1b: Farigiraf|Protect|p1b: Farigiraf\n|-singleturn|p1b: Farigiraf|Protect\n|move|p2a: Incineroar|Throat Chop|p1b: Farigiraf\n|-activate|p1b: Farigiraf|move: Protect\n|move|p2b: Pelipper|Hurricane|p1b: Farigiraf\n|-activate|p1b: Farigiraf|move: Protect\n|\n|-weather|RainDance|[upkeep]\n|upkeep\n|turn|8\n|\n|t:|1776528397\n|move|p2a: Incineroar|Protect|p2a: Incineroar\n|-singleturn|p2a: Incineroar|Protect\n|move|p1a: Incineroar|Fake Out|p2b: Pelipper\n|-damage|p2b: Pelipper|84/100\n|cant|p2b: Pelipper|flinch\n|move|p1b: Farigiraf|Trick Room|p1b: Farigiraf\n|-fieldstart|move: Trick Room|[of] p1b: Farigiraf\n|\n|-weather|RainDance|[upkeep]\n|upkeep\n|turn|9\n|\n|t:|1776528415\n|switch|p2b: Palafin|Palafin-Hero, L50, M|100/100\n|-activate|p2b: Palafin|ability: Zero to Hero\n|move|p1b: Farigiraf|Psychic|p2b: Palafin\n|-damage|p2b: Palafin|65/100\n|move|p1a: Incineroar|Parting Shot|p2a: Incineroar\n|-unboost|p2a: Incineroar|atk|1\n|-unboost|p2a: Incineroar|spa|1\n|\n|t:|1776528423\n|switch|p1a: Abomasnow|Abomasnow-Mega, L50, M|100/100|[from] Parting Shot\n|-weather|Snowscape|[from] ability: Snow Warning|[of] p1a: Abomasnow\n|move|p2a: Incineroar|Parting Shot|p1b: Farigiraf\n|-unboost|p1b: Farigiraf|atk|1\n|-unboost|p1b: Farigiraf|spa|1\n|\n|t:|1776528433\n|switch|p2a: Pelipper|Pelipper, L50, M|84/100|[from] Parting Shot\n|-weather|RainDance|[from] ability: Drizzle|[of] p2a: Pelipper\n|\n|-weather|RainDance|[upkeep]\n|upkeep\n|turn|10\n|\n|t:|1776528453\n|switch|p2b: Incineroar|Incineroar, L50, M|75/100\n|-ability|p2b: Incineroar|Intimidate|boost\n|-unboost|p1a: Abomasnow|atk|1\n|-unboost|p1b: Farigiraf|atk|1\n|move|p1b: Farigiraf|Helping Hand|p1a: Abomasnow\n|-singleturn|p1a: Abomasnow|Helping Hand|[of] p1b: Farigiraf\n|move|p1a: Abomasnow|Blizzard|p2b: Incineroar|[spread] p2b\n|-miss|p1a: Abomasnow|p2a: Pelipper\n|-resisted|p2b: Incineroar|1\n|-damage|p2b: Incineroar|43/100\n|-status|p2b: Incineroar|frz\n|move|p2a: Pelipper|Hydro Pump|p1b: Farigiraf\n|-damage|p1b: Farigiraf|27/100\n|\n|-weather|RainDance|[upkeep]\n|upkeep\n|turn|11\n|\n|t:|1776528503\n|switch|p1a: Incineroar|Incineroar, L50, M|100/100\n|-ability|p1a: Incineroar|Intimidate|boost\n|-unboost|p2a: Pelipper|atk|1\n|-unboost|p2b: Incineroar|atk|1\n|move|p1b: Farigiraf|Protect|p1b: Farigiraf\n|-singleturn|p1b: Farigiraf|Protect\n|move|p2a: Pelipper|Hurricane|p1a: Incineroar\n|-damage|p1a: Incineroar|64/100\n|cant|p2b: Incineroar|frz\n|\n|-weather|RainDance|[upkeep]\n|upkeep\n|turn|12\n|\n|t:|1776528545\n|switch|p1b: Abomasnow|Abomasnow-Mega, L50, M|100/100\n|-weather|Snowscape|[from] ability: Snow Warning|[of] p1b: Abomasnow\n|switch|p2a: Palafin|Palafin-Hero, L50, M|65/100\n|move|p1a: Incineroar|Parting Shot|p2a: Palafin\n|-unboost|p2a: Palafin|atk|1\n|-unboost|p2a: Palafin|spa|1\n|\n|t:|1776528553\n|switch|p1a: Farigiraf|Farigiraf, L50, M|27/100|[from] Parting Shot\n|cant|p2b: Incineroar|frz\n|\n|-weather|Snowscape|[upkeep]\n|-fieldend|move: Trick Room\n|upkeep\n|turn|13\n|\n|t:|1776528566\n|switch|p2a: Pelipper|Pelipper, L50, M|84/100\n|-weather|RainDance|[from] ability: Drizzle|[of] p2a: Pelipper\n|-curestatus|p2b: Incineroar|frz|[msg]\n|move|p2b: Incineroar|Parting Shot|p1a: Farigiraf\n|-unboost|p1a: Farigiraf|atk|1\n|-unboost|p1a: Farigiraf|spa|1\n|\n|t:|1776528574\n|switch|p2b: Palafin|Palafin-Hero, L50, M|65/100|[from] Parting Shot\n|move|p1b: Abomasnow|Giga Drain|p2a: Pelipper\n|-damage|p2a: Pelipper|18/100\n|move|p1a: Farigiraf|Trick Room|p1a: Farigiraf\n|-fieldstart|move: Trick Room|[of] p1a: Farigiraf\n|\n|-weather|RainDance|[upkeep]\n|upkeep\n|turn|14\n|\n|t:|1776528591\n|move|p1b: Abomasnow|Giga Drain|p2b: Palafin\n|-supereffective|p2b: Palafin|1\n|-enditem|p2b: Palafin|Rindo Berry|[eat]\n|-enditem|p2b: Palafin|Rindo Berry|[weaken]\n|-damage|p2b: Palafin|21/100\n|move|p1a: Farigiraf|Psychic|p2a: Pelipper\n|-damage|p2a: Pelipper|0 fnt\n|faint|p2a: Pelipper\n|move|p2b: Palafin|Flip Turn|p1a: Farigiraf\n|-damage|p1a: Farigiraf|0 fnt\n|faint|p1a: Farigiraf\n|\n|t:|1776528602\n|switch|p2b: Incineroar|Incineroar, L50, M|43/100|[from] Flip Turn\n|-ability|p2b: Incineroar|Intimidate|boost\n|-unboost|p1b: Abomasnow|atk|1\n|\n|-weather|RainDance|[upkeep]\n|upkeep\n|\n|t:|1776528609\n|switch|p1a: Incineroar|Incineroar, L50, M|64/100\n|switch|p2a: Palafin|Palafin-Hero, L50, M|21/100\n|-ability|p1a: Incineroar|Intimidate|boost\n|-unboost|p2a: Palafin|atk|1\n|-unboost|p2b: Incineroar|atk|1\n|turn|15\n|\n|t:|1776528630\n|move|p1a: Incineroar|Fake Out|p2b: Incineroar\n|-damage|p2b: Incineroar|30/100\n|cant|p2b: Incineroar|flinch\n|move|p2a: Palafin|Jet Punch|p1a: Incineroar\n|-supereffective|p1a: Incineroar|1\n|-damage|p1a: Incineroar|0 fnt\n|faint|p1a: Incineroar\n|move|p1b: Abomasnow|Giga Drain|p2a: Palafin\n|-supereffective|p2a: Palafin|1\n|-damage|p2a: Palafin|0 fnt\n|faint|p2a: Palafin\n|\n|-weather|RainDance|[upkeep]\n|upkeep\n|turn|16\n|\n|t:|1776528657\n|move|p2b: Incineroar|Protect|p2b: Incineroar\n|-singleturn|p2b: Incineroar|Protect\n|move|p1b: Abomasnow|Blizzard|p2b: Incineroar\n|-activate|p2b: Incineroar|move: Protect\n|\n|-weather|RainDance|[upkeep]\n|upkeep\n|turn|17\n|\n|t:|1776528667\n|move|p1b: Abomasnow|Aurora Veil||[still]\n|-fail|p1b: Abomasnow\n|move|p2b: Incineroar|Throat Chop|p1b: Abomasnow\n|-damage|p1b: Abomasnow|79/100\n|-start|p1b: Abomasnow|Throat Chop|[silent]\n|\n|-weather|none\n|-fieldend|move: Trick Room\n|upkeep\n|turn|18\n|\n|t:|1776528675\n|move|p2b: Incineroar|Throat Chop|p1b: Abomasnow\n|-damage|p1b: Abomasnow|57/100\n|move|p1b: Abomasnow|Blizzard|p2b: Incineroar|[miss]\n|-miss|p1b: Abomasnow|p2b: Incineroar\n|\n|-end|p1b: Abomasnow|Throat Chop|[silent]\n|upkeep\n|turn|19\n|\n|t:|1776528690\n|move|p2b: Incineroar|Throat Chop|p1b: Abomasnow\n|-crit|p1b: Abomasnow\n|-damage|p1b: Abomasnow|7/100\n|-start|p1b: Abomasnow|Throat Chop|[silent]\n|move|p1b: Abomasnow|Giga Drain|p2b: Incineroar\n|-resisted|p2b: Incineroar|1\n|-damage|p2b: Incineroar|10/100\n|-heal|p1b: Abomasnow|15/100|[from] drain|[of] p2b: Incineroar\n|\n|upkeep\n|turn|20\n|\n|t:|1776528696\n|move|p2b: Incineroar|Throat Chop|p1b: Abomasnow\n|-damage|p1b: Abomasnow|0 fnt\n|faint|p1b: Abomasnow\n|\n|win|Zenakuss17\n|raw|WTsxsy's rating: 1070 &rarr; <strong>1048</strong><br />(-22 for losing)\n|raw|Zenakuss17's rating: 1040 &rarr; <strong>1077</strong><br />(+37 for winning)\n|l|\u2606WTsxsy\n|player|p1|\n|c|\u2606Zenakuss17|Gg\n",
  "uploadtime": 1776528994,
  "views": 15,
  "formatid": "gen9championsvgc2026regma",
  "rating": 1048,
  "private": 0,
  "password": null
}