{
  "id": "gen9championsvgc2026regma-2587486906",
  "format": "[Gen 9 Champions] VGC 2026 Reg M-A",
  "players": [
    "mochuelo70",
    "Johten"
  ],
  "log": "|j|\u2606mochuelo70\n|j|\u2606Johten\n|t:|1776535945\n|gametype|doubles\n|player|p1|mochuelo70|170|1145\n|player|p2|Johten|veteran|1139\n|gen|9\n|tier|[Gen 9 Champions] VGC 2026 Reg M-A\n|rated|\n|rule|Species Clause: Limit one of each Pok\u00e9mon\n|rule|Item Clause: Limit 1 of each item\n|clearpoke\n|poke|p1|Charizard, L50, M|\n|poke|p1|Venusaur, L50, M|\n|poke|p1|Whimsicott, L50, M|\n|poke|p1|Garchomp, L50, M|\n|poke|p1|Torkoal, L50, F|\n|poke|p1|Incineroar, L50, M|\n|poke|p2|Aggron, L50, F|\n|poke|p2|Farigiraf, L50, F|\n|poke|p2|Gallade, L50, M|\n|poke|p2|Luxray, L50, M|\n|poke|p2|Aerodactyl, L50, F|\n|poke|p2|Milotic, L50, F|\n|teampreview|4\n|inactive|Battle timer is ON: inactive players will automatically lose when time's up. (requested by Johten)\n|inactive|mochuelo70 has 60 seconds left.\n|\n|t:|1776536003\n|teamsize|p1|4\n|teamsize|p2|4\n|start\n|switch|p1a: Venusaur|Venusaur, L50, M|100/100\n|switch|p1b: Garchomp|Garchomp, L50, M|100/100\n|switch|p2a: Farigiraf|Farigiraf, L50, F|100/100\n|switch|p2b: Luxray|Luxray, L50, M|100/100\n|-ability|p2b: Luxray|Intimidate|boost\n|-unboost|p1a: Venusaur|atk|1\n|-unboost|p1b: Garchomp|atk|1\n|turn|1\n|\n|t:|1776536023\n|move|p2b: Luxray|Protect|p2b: Luxray\n|-singleturn|p2b: Luxray|Protect\n|move|p1b: Garchomp|Stomping Tantrum|p2a: Farigiraf\n|-damage|p2a: Farigiraf|77/100\n|move|p1a: Venusaur|Energy Ball|p2a: Farigiraf\n|-damage|p2a: Farigiraf|38/100\n|move|p2a: Farigiraf|Thunder Wave|p1a: Venusaur\n|-status|p1a: Venusaur|par\n|\n|upkeep\n|turn|2\n|inactive|Johten has 30 seconds left.\n|\n|t:|1776536053\n|move|p1b: Garchomp|Stomping Tantrum|p2b: Luxray\n|-supereffective|p2b: Luxray|1\n|-enditem|p2b: Luxray|Shuca Berry|[eat]\n|-enditem|p2b: Luxray|Shuca Berry|[weaken]\n|-damage|p2b: Luxray|75/100\n|move|p2b: Luxray|Volt Switch|p1a: Venusaur\n|-resisted|p1a: Venusaur|1\n|-damage|p1a: Venusaur|86/100 par\n|\n|t:|1776536060\n|switch|p2b: Gallade|Gallade, L50, M|100/100|[from] Volt Switch\n|move|p2a: Farigiraf|Beat Up|p2b: Gallade\n|-crit|p2b: Gallade\n|-damage|p2b: Gallade|94/100\n|-ability|p2b: Gallade|Justified|boost\n|-boost|p2b: Gallade|atk|1\n|-damage|p2b: Gallade|89/100\n|-ability|p2b: Gallade|Justified|boost\n|-boost|p2b: Gallade|atk|1\n|-damage|p2b: Gallade|84/100\n|-ability|p2b: Gallade|Justified|boost\n|-boost|p2b: Gallade|atk|1\n|-damage|p2b: Gallade|79/100\n|-ability|p2b: Gallade|Justified|boost\n|-boost|p2b: Gallade|atk|1\n|-hitcount|p2b: Gallade|4\n|cant|p1a: Venusaur|par\n|\n|upkeep\n|turn|3\n|inactive|mochuelo70 has 30 seconds left.\n|inactive|Johten has 30 seconds left.\n|\n|t:|1776536092\n|switch|p1b: Torkoal|Torkoal, L50, F|100/100\n|-weather|SunnyDay|[from] ability: Drought|[of] p1b: Torkoal\n|switch|p2a: Luxray|Luxray, L50, M|75/100\n|-ability|p2a: Luxray|Intimidate|boost\n|-unboost|p1a: Venusaur|atk|1\n|-unboost|p1b: Torkoal|atk|1\n|detailschange|p2b: Gallade|Gallade-Mega, L50, M\n|-mega|p2b: Gallade|Gallade|Galladite\n|move|p2b: Gallade|Psycho Cut|p1a: Venusaur\n|-supereffective|p1a: Venusaur|1\n|-crit|p1a: Venusaur\n|-damage|p1a: Venusaur|0 fnt\n|faint|p1a: Venusaur\n|\n|-weather|SunnyDay|[upkeep]\n|upkeep\n|\n|t:|1776536110\n|switch|p1a: Garchomp|Garchomp, L50, M|100/100\n|turn|4\n|\n|t:|1776536122\n|move|p2b: Gallade|Protect|p2b: Gallade\n|-singleturn|p2b: Gallade|Protect\n|move|p1a: Garchomp|Dragon Claw|p2b: Gallade\n|-activate|p2b: Gallade|move: Protect\n|move|p2a: Luxray|Volt Switch|p1b: Torkoal\n|-damage|p1b: Torkoal|67/100\n|\n|t:|1776536132\n|switch|p2a: Farigiraf|Farigiraf, L50, F|38/100|[from] Volt Switch\n|move|p1b: Torkoal|Flamethrower|p2b: Gallade\n|-activate|p2b: Gallade|move: Protect\n|\n|-weather|SunnyDay|[upkeep]\n|upkeep\n|turn|5\n|\n|t:|1776536142\n|switch|p2a: Luxray|Luxray, L50, M|75/100\n|-ability|p2a: Luxray|Intimidate|boost\n|-unboost|p1a: Garchomp|atk|1\n|-unboost|p1b: Torkoal|atk|1\n|move|p1a: Garchomp|Dragon Claw|p2b: Gallade\n|-damage|p2b: Gallade|47/100\n|move|p2b: Gallade|Ice Punch|p1a: Garchomp\n|-supereffective|p1a: Garchomp|2\n|-damage|p1a: Garchomp|0 fnt\n|-damage|p2b: Gallade|34/100|[from] ability: Rough Skin|[of] p1a: Garchomp\n|faint|p1a: Garchomp\n|move|p1b: Torkoal|Flamethrower|p2b: Gallade\n|-damage|p2b: Gallade|0 fnt\n|faint|p2b: Gallade\n|\n|-weather|SunnyDay|[upkeep]\n|upkeep\n|\n|t:|1776536157\n|switch|p2b: Aerodactyl|Aerodactyl, L50, F|100/100\n|switch|p1a: Charizard|Charizard, L50, M|100/100\n|-ability|p2b: Aerodactyl|Unnerve\n|turn|6\n|\n|t:|1776536180\n|detailschange|p1a: Charizard|Charizard-Mega-Y, L50, M\n|-mega|p1a: Charizard|Charizard|Charizardite Y\n|move|p2b: Aerodactyl|Protect|p2b: Aerodactyl\n|-singleturn|p2b: Aerodactyl|Protect\n|move|p1a: Charizard|Heat Wave|p2b: Aerodactyl|[spread] p2a\n|-activate|p2b: Aerodactyl|move: Protect\n|-damage|p2a: Luxray|0 fnt\n|faint|p2a: Luxray\n|move|p1b: Torkoal|Flamethrower|p2b: Aerodactyl\n|-activate|p2b: Aerodactyl|move: Protect\n|\n|-weather|SunnyDay|[upkeep]\n|upkeep\n|\n|t:|1776536191\n|switch|p2a: Farigiraf|Farigiraf, L50, F|38/100\n|turn|7\n|\n|t:|1776536205\n|move|p2a: Farigiraf|Helping Hand|p2b: Aerodactyl\n|-singleturn|p2b: Aerodactyl|Helping Hand|[of] p2a: Farigiraf\n|move|p2b: Aerodactyl|Rock Slide|p1b: Torkoal|[spread] p1a,p1b\n|-supereffective|p1a: Charizard|2\n|-supereffective|p1b: Torkoal|1\n|-damage|p1a: Charizard|0 fnt\n|-damage|p1b: Torkoal|6/100\n|faint|p1a: Charizard\n|cant|p1b: Torkoal|flinch\n|\n|-weather|none\n|upkeep\n|turn|8\n|inactive|mochuelo70 has 30 seconds left.\n|inactive|mochuelo70 has 20 seconds left.\n|inactive|mochuelo70 has 15 seconds left.\n|inactive|mochuelo70 has 10 seconds left.\n|inactive|mochuelo70 has 5 seconds left.\n|\n|t:|1776536260\n|move|p2b: Aerodactyl|Rock Slide|p1b: Torkoal\n|-supereffective|p1b: Torkoal|1\n|-damage|p1b: Torkoal|0 fnt\n|faint|p1b: Torkoal\n|\n|win|Johten\n|raw|mochuelo70's rating: 1145 &rarr; <strong>1120</strong><br />(-25 for losing)\n|raw|Johten's rating: 1139 &rarr; <strong>1164</strong><br />(+25 for winning)\n",
  "uploadtime": 1776536276,
  "views": 28,
  "formatid": "gen9championsvgc2026regma",
  "rating": 1120,
  "private": 0,
  "password": null
}