{
  "id": "gen9championsvgc2026regma-2584813952",
  "format": "[Gen 9 Champions] VGC 2026 Reg M-A",
  "players": [
    "sydden1",
    "campeondelfitness"
  ],
  "log": "|j|\u2606sydden1\n|j|\u2606campeondelfitness\n|t:|1776285624\n|gametype|doubles\n|player|p1|sydden1|steven|1058\n|player|p2|campeondelfitness|swimmer|1055\n|gen|9\n|tier|[Gen 9 Champions] VGC 2026 Reg M-A\n|rated|\n|rule|Species Clause: Limit one of each Pok\u00e9mon\n|rule|Item Clause: Limit 1 of each item\n|clearpoke\n|poke|p1|Floette-Eternal, L50, F|\n|poke|p1|Maushold, L50|\n|poke|p1|Garchomp, L50, M|\n|poke|p1|Aerodactyl, L50, F|\n|poke|p1|Rotom-Wash, L50|\n|poke|p1|Sneasler, L50, M|\n|poke|p2|Tyranitar, L50, F|\n|poke|p2|Excadrill, L50, M|\n|poke|p2|Garchomp, L50, M|\n|poke|p2|Heliolisk, L50, F|\n|poke|p2|Rotom-Heat, L50|\n|poke|p2|Orthworm, L50, F|\n|teampreview|4\n|inactive|Battle timer is ON: inactive players will automatically lose when time's up. (requested by campeondelfitness)\n|inactive|sydden1 has 60 seconds left.\n|inactive|campeondelfitness has 60 seconds left.\n|\n|t:|1776285673\n|teamsize|p1|4\n|teamsize|p2|4\n|start\n|switch|p1a: Garchomp|Garchomp, L50, M|100/100\n|switch|p1b: Aerodactyl|Aerodactyl, L50, F|100/100\n|switch|p2a: Heliolisk|Heliolisk, L50, F|100/100\n|switch|p2b: Orthworm|Orthworm, L50, F|100/100\n|-ability|p1b: Aerodactyl|Unnerve\n|turn|1\n|inactive|campeondelfitness has 30 seconds left.\n|\n|t:|1776285699\n|move|p1b: Aerodactyl|Tailwind|p1b: Aerodactyl\n|-sidestart|p1: sydden1|move: Tailwind\n|move|p1a: Garchomp|Earthquake|p2b: Orthworm|[spread] p2a\n|-immune|p2b: Orthworm|[from] ability: Earth Eater\n|-immune|p1b: Aerodactyl\n|-supereffective|p2a: Heliolisk|1\n|-damage|p2a: Heliolisk|0 fnt\n|faint|p2a: Heliolisk\n|move|p2b: Orthworm|Iron Head|p1b: Aerodactyl\n|-supereffective|p1b: Aerodactyl|1\n|-damage|p1b: Aerodactyl|18/100\n|\n|-heal|p1b: Aerodactyl|24/100|[from] item: Leftovers\n|upkeep\n|\n|t:|1776285715\n|switch|p2a: Garchomp|Garchomp, L50, M|100/100\n|turn|2\n|\n|t:|1776285723\n|move|p1b: Aerodactyl|Protect|p1b: Aerodactyl\n|-singleturn|p1b: Aerodactyl|Protect\n|move|p2a: Garchomp|Protect|p2a: Garchomp\n|-singleturn|p2a: Garchomp|Protect\n|move|p1a: Garchomp|Dragon Claw|p2a: Garchomp\n|-activate|p2a: Garchomp|move: Protect\n|move|p2b: Orthworm|Shed Tail|p2b: Orthworm\n|-start|p2b: Orthworm|Substitute|[from] move: Shed Tail\n|-damage|p2b: Orthworm|50/100\n|\n|t:|1776285732\n|switch|p2b: Tyranitar|Tyranitar, L50, F|100/100|[from] Shed Tail\n|-weather|Sandstorm|[from] ability: Sand Stream|[of] p2b: Tyranitar\n|\n|-weather|Sandstorm|[upkeep]\n|-heal|p1b: Aerodactyl|30/100|[from] item: Leftovers\n|upkeep\n|turn|3\n|inactive|campeondelfitness has 30 seconds left.\n|\n|t:|1776285761\n|switch|p2a: Orthworm|Orthworm, L50, F|50/100\n|move|p1b: Aerodactyl|Tailwind||[still]\n|-fail|p1b: Aerodactyl\n|move|p1a: Garchomp|Dragon Claw|p2a: Orthworm\n|-resisted|p2a: Orthworm|1\n|-crit|p2a: Orthworm\n|-damage|p2a: Orthworm|30/100\n|move|p2b: Tyranitar|Icy Wind|p1b: Aerodactyl|[spread] p1a,p1b\n|-supereffective|p1a: Garchomp|2\n|-supereffective|p1b: Aerodactyl|1\n|-damage|p1a: Garchomp|61/100\n|-damage|p1b: Aerodactyl|11/100\n|-unboost|p1a: Garchomp|spe|1\n|-unboost|p1b: Aerodactyl|spe|1\n|\n|-weather|Sandstorm|[upkeep]\n|-heal|p1b: Aerodactyl|17/100|[from] item: Leftovers\n|-heal|p2a: Orthworm|37/100|[from] item: Leftovers\n|upkeep\n|turn|4\n|inactive|sydden1 has 30 seconds left.\n|inactive|sydden1 has 20 seconds left.\n|inactive|sydden1 has 15 seconds left.\n|inactive|sydden1 has 10 seconds left.\n|inactive|sydden1 has 5 seconds left.\n|\n|t:|1776285812\n|move|p2b: Tyranitar|Protect|p2b: Tyranitar\n|-singleturn|p2b: Tyranitar|Protect\n|move|p1b: Aerodactyl|Tailwind||[still]\n|-fail|p1b: Aerodactyl\n|move|p1a: Garchomp|Stomping Tantrum|p2b: Tyranitar\n|-activate|p2b: Tyranitar|move: Protect\n|move|p2a: Orthworm|Iron Defense|p2a: Orthworm\n|-boost|p2a: Orthworm|def|2\n|\n|-weather|Sandstorm|[upkeep]\n|-heal|p1b: Aerodactyl|23/100|[from] item: Leftovers\n|-heal|p2a: Orthworm|43/100|[from] item: Leftovers\n|-sideend|p1: sydden1|move: Tailwind\n|upkeep\n|turn|5\n|\n|t:|1776285832\n|move|p1b: Aerodactyl|Tailwind|p1b: Aerodactyl\n|-sidestart|p1: sydden1|move: Tailwind\n|move|p1a: Garchomp|Earthquake|p2b: Tyranitar|[spread] p2b\n|-heal|p2a: Orthworm|68/100|[from] ability: Earth Eater|[of] p1a: Garchomp\n|-immune|p1b: Aerodactyl\n|-supereffective|p2b: Tyranitar|1\n|-end|p2b: Tyranitar|Substitute\n|move|p2a: Orthworm|Iron Defense|p2a: Orthworm\n|-boost|p2a: Orthworm|def|2\n|move|p2b: Tyranitar|Icy Wind|p1b: Aerodactyl|[spread] p1a\n|-miss|p2b: Tyranitar|p1b: Aerodactyl\n|-supereffective|p1a: Garchomp|2\n|-damage|p1a: Garchomp|23/100\n|-unboost|p1a: Garchomp|spe|1\n|\n|-weather|Sandstorm|[upkeep]\n|-heal|p1b: Aerodactyl|29/100|[from] item: Leftovers\n|-heal|p2a: Orthworm|74/100|[from] item: Leftovers\n|upkeep\n|turn|6\n|inactive|sydden1 has 30 seconds left.\n|\n|t:|1776285862\n|move|p1b: Aerodactyl|Protect|p1b: Aerodactyl\n|-singleturn|p1b: Aerodactyl|Protect\n|move|p2b: Tyranitar|Protect|p2b: Tyranitar\n|-singleturn|p2b: Tyranitar|Protect\n|move|p1a: Garchomp|Stomping Tantrum|p2b: Tyranitar\n|-activate|p2b: Tyranitar|move: Protect\n|move|p2a: Orthworm|Body Press|p1a: Garchomp\n|-damage|p1a: Garchomp|0 fnt\n|-damage|p2a: Orthworm|62/100|[from] ability: Rough Skin|[of] p1a: Garchomp\n|faint|p1a: Garchomp\n|\n|-weather|none\n|-heal|p1b: Aerodactyl|35/100|[from] item: Leftovers\n|-heal|p2a: Orthworm|68/100|[from] item: Leftovers\n|upkeep\n|\n|t:|1776285878\n|switch|p1a: Rotom|Rotom-Wash, L50|100/100\n|turn|7\n|\n|t:|1776285903\n|move|p1b: Aerodactyl|Dual Wingbeat|p2a: Orthworm\n|-resisted|p2a: Orthworm|1\n|-damage|p2a: Orthworm|66/100\n|-resisted|p2a: Orthworm|1\n|-damage|p2a: Orthworm|64/100\n|-hitcount|p2a: Orthworm|2\n|move|p1a: Rotom|Hydro Pump|p2a: Orthworm\n|-damage|p2a: Orthworm|0 fnt\n|faint|p2a: Orthworm\n|move|p2b: Tyranitar|Knock Off|p1a: Rotom\n|-damage|p1a: Rotom|57/100\n|-enditem|p1a: Rotom|Magnet|[from] move: Knock Off|[of] p2b: Tyranitar\n|\n|-heal|p1b: Aerodactyl|40/100|[from] item: Leftovers\n|upkeep\n|\n|t:|1776285915\n|switch|p2a: Garchomp|Garchomp, L50, M|100/100\n|turn|8\n|\n|t:|1776285932\n|detailschange|p2a: Garchomp|Garchomp-Mega, L50, M\n|-mega|p2a: Garchomp|Garchomp|Garchompite\n|move|p2a: Garchomp|Protect|p2a: Garchomp\n|-singleturn|p2a: Garchomp|Protect\n|move|p2b: Tyranitar|Protect|p2b: Tyranitar\n|-singleturn|p2b: Tyranitar|Protect\n|move|p1b: Aerodactyl|Dual Wingbeat|p2a: Garchomp\n|-activate|p2a: Garchomp|move: Protect\n|move|p1a: Rotom|Hydro Pump|p2a: Garchomp\n|-activate|p2a: Garchomp|move: Protect\n|\n|-heal|p1b: Aerodactyl|46/100|[from] item: Leftovers\n|-sideend|p1: sydden1|move: Tailwind\n|upkeep\n|turn|9\n|\n|t:|1776285954\n|move|p2a: Garchomp|Dragon Claw|p1a: Rotom\n|-damage|p1a: Rotom|5/100\n|move|p1b: Aerodactyl|Tailwind|p1b: Aerodactyl\n|-sidestart|p1: sydden1|move: Tailwind\n|move|p1a: Rotom|Hydro Pump|p2a: Garchomp|[miss]\n|-miss|p1a: Rotom|p2a: Garchomp\n|move|p2b: Tyranitar|Knock Off|p1b: Aerodactyl\n|-damage|p1b: Aerodactyl|0 fnt\n|-enditem|p1b: Aerodactyl|Leftovers|[from] move: Knock Off|[of] p2b: Tyranitar\n|faint|p1b: Aerodactyl\n|\n|upkeep\n|\n|t:|1776285965\n|switch|p1b: Sneasler|Sneasler, L50, M|100/100\n|turn|10\n|inactive|campeondelfitness has 30 seconds left.\n|inactive|campeondelfitness has 20 seconds left.\n|\n|t:|1776286000\n|move|p1b: Sneasler|Fake Out|p2a: Garchomp\n|-damage|p2a: Garchomp|88/100\n|move|p1a: Rotom|Hydro Pump|p2a: Garchomp|[miss]\n|-miss|p1a: Rotom|p2a: Garchomp\n|cant|p2a: Garchomp|flinch\n|move|p2b: Tyranitar|Icy Wind|p1b: Sneasler|[spread] p1a,p1b\n|-resisted|p1a: Rotom|1\n|-damage|p1a: Rotom|0 fnt\n|-damage|p1b: Sneasler|89/100\n|-unboost|p1b: Sneasler|spe|1\n|faint|p1a: Rotom\n|-enditem|p1b: Sneasler|White Herb\n|-clearnegativeboost|p1b: Sneasler|[silent]\n|\n|upkeep\n|turn|11\n|inactive|campeondelfitness has 30 seconds left.\n|\n|t:|1776286025\n|move|p2a: Garchomp|Protect|p2a: Garchomp\n|-singleturn|p2a: Garchomp|Protect\n|move|p1b: Sneasler|Close Combat|p2b: Tyranitar\n|-supereffective|p2b: Tyranitar|2\n|-enditem|p2b: Tyranitar|Focus Sash\n|-damage|p2b: Tyranitar|1/100\n|-unboost|p1b: Sneasler|def|1\n|-unboost|p1b: Sneasler|spd|1\n|move|p2b: Tyranitar|Icy Wind|p1b: Sneasler\n|-damage|p1b: Sneasler|65/100\n|-unboost|p1b: Sneasler|spe|1\n|\n|upkeep\n|turn|12\n|\n|t:|1776286050\n|move|p1b: Sneasler|Close Combat|p2a: Garchomp\n|-damage|p2a: Garchomp|34/100\n|-unboost|p1b: Sneasler|def|1\n|-unboost|p1b: Sneasler|spd|1\n|move|p2a: Garchomp|Dragon Claw|p1b: Sneasler\n|-damage|p1b: Sneasler|0 fnt\n|faint|p1b: Sneasler\n|\n|win|campeondelfitness\n|raw|sydden1's rating: 1058 &rarr; <strong>1039</strong><br />(-19 for losing)\n|raw|campeondelfitness's rating: 1055 &rarr; <strong>1087</strong><br />(+32 for winning)\n|l|\u2606sydden1\n|player|p1|\n",
  "uploadtime": 1776286060,
  "views": 29,
  "formatid": "gen9championsvgc2026regma",
  "rating": 1039,
  "private": 0,
  "password": null
}