{
  "id": "gen9championsvgc2026regma-2587123863",
  "format": "[Gen 9 Champions] VGC 2026 Reg M-A",
  "players": [
    "W!5t testing 1",
    "TheBallistic1"
  ],
  "log": "|j|\u2606W!5t testing 1\n|j|\u2606TheBallistic1\n|html|<table width=\"100%\"><tr><td align=\"left\">W!5t testing 1</td><td align=\"right\">TheBallistic1</tr><tr><td align=\"left\"><i class=\"fa fa-circle-o\"></i> <i class=\"fa fa-circle-o\"></i> </td><td align=\"right\"><i class=\"fa fa-circle-o\"></i> <i class=\"fa fa-circle-o\"></i> </tr></table>\n|uhtml|bestof|<h2><strong>Game 1</strong> of <a href=\"/game-bestof3-gen9championsvgc2026regma-2587123862\">a best-of-3</a></h2>\n|t:|1776496805\n|gametype|doubles\n|player|p1|W!5t testing 1|hilbert-wonderlauncher|\n|player|p2|TheBallistic1|colress|\n|gen|9\n|tier|[Gen 9 Champions] VGC 2026 Reg M-A\n|rated|Tournament battle\n|rule|Species Clause: Limit one of each Pok\u00e9mon\n|rule|Item Clause: Limit 1 of each item\n|raw|<div class=\"infobox\"><details class=\"readmore\" open><summary><strong>2 custom rules:</strong></summary> Force Open Team Sheets, Best of = 3</details></div>\n|clearpoke\n|poke|p1|Delphox, L50, M|\n|poke|p1|Torkoal, L50, M|\n|poke|p1|Venusaur, L50, F|\n|poke|p1|Sneasler, L50, F|\n|poke|p1|Milotic, L50, F|\n|poke|p1|Aromatisse, L50, M|\n|poke|p2|Floette-Eternal, L50, F|\n|poke|p2|Sneasler, L50, M|\n|poke|p2|Milotic, L50, F|\n|poke|p2|Incineroar, L50, F|\n|poke|p2|Sinistcha, L50|\n|poke|p2|Garchomp, L50, M|\n|teampreview|4\n|showteam|p1|Delphox||Delphoxite|Blaze|HeatWave,NastyPlot,Protect,Psychic|||M|||50|]Torkoal||SitrusBerry|Drought|Eruption,Protect,SolarBeam,WeatherBall|||M|||50|]Venusaur||FocusSash|Chlorophyll|LeafStorm,Protect,SleepPowder,SludgeBomb|||F|||50|]Sneasler||WhiteHerb|Unburden|CloseCombat,DireClaw,FakeOut,RockTomb|||F|||50|]Milotic||MysticWater|Competitive|IceBeam,IcyWind,Protect,Scald|||F|||50|]Aromatisse||FairyFeather|AromaVeil|Moonblast,Protect,SunnyDay,TrickRoom|||M|||50|\n|showteam|p2|Floette-Eternal||Floettite|FlowerVeil|Protect,CalmMind,Moonblast,DazzlingGleam|||F|||50|]Sneasler||WhiteHerb|Unburden|FakeOut,Uturn,CloseCombat,DireClaw|||M|||50|]Milotic||Leftovers|Competitive|Protect,Haze,Scald,IceBeam|||F|||50|]Incineroar||SitrusBerry|Intimidate|FakeOut,PartingShot,FlareBlitz,DarkestLariat|||F|||50|]Sinistcha||MentalHerb|Hospitality|Protect,RagePowder,MatchaGotcha,StrengthSap||||||50|]Garchomp||ChoiceScarf|RoughSkin|DragonClaw,StompingTantrum,IronHead,Earthquake|||M|||50|\n|c|\u2606W!5t testing 1|Good luck!\n|inactive|Battle timer is ON: inactive players will automatically lose when time's up. (requested by TheBallistic1)\n|\n|t:|1776496922\n|teamsize|p1|4\n|teamsize|p2|4\n|start\n|switch|p1a: Aromatisse|Aromatisse, L50, M|100/100\n|switch|p1b: Milotic|Milotic, L50, F|100/100\n|switch|p2a: Garchomp|Garchomp, L50, M|100/100\n|switch|p2b: Sinistcha|Sinistcha, L50|100/100\n|turn|1\n|inactive|W!5t testing 1 has 30 seconds left.\n|\n|t:|1776496948\n|switch|p1b: Torkoal|Torkoal, L50, M|100/100\n|-weather|SunnyDay|[from] ability: Drought|[of] p1b: Torkoal\n|move|p2a: Garchomp|Iron Head|p1a: Aromatisse\n|-supereffective|p1a: Aromatisse|1\n|-damage|p1a: Aromatisse|51/100\n|move|p2b: Sinistcha|Matcha Gotcha|p1b: Torkoal|[spread] p1b\n|-miss|p2b: Sinistcha|p1a: Aromatisse\n|-resisted|p1b: Torkoal|1\n|-damage|p1b: Torkoal|83/100\n|move|p1a: Aromatisse|Trick Room|p1a: Aromatisse\n|-fieldstart|move: Trick Room|[of] p1a: Aromatisse\n|\n|-weather|SunnyDay|[upkeep]\n|upkeep\n|turn|2\n|inactive|W!5t testing 1 has 30 seconds left.\n|\n|t:|1776496975\n|move|p2b: Sinistcha|Protect|p2b: Sinistcha\n|-singleturn|p2b: Sinistcha|Protect\n|move|p1a: Aromatisse|Moonblast|p2a: Garchomp\n|-supereffective|p2a: Garchomp|1\n|-damage|p2a: Garchomp|17/100\n|move|p1b: Torkoal|Eruption|p2a: Garchomp|[spread] p2a\n|-activate|p2b: Sinistcha|move: Protect\n|-resisted|p2a: Garchomp|1\n|-crit|p2a: Garchomp\n|-damage|p2a: Garchomp|0 fnt\n|faint|p2a: Garchomp\n|\n|-weather|SunnyDay|[upkeep]\n|upkeep\n|\n|t:|1776496986\n|switch|p2a: Milotic|Milotic, L50, F|100/100\n|turn|3\n|\n|t:|1776496995\n|move|p2b: Sinistcha|Rage Powder|p2b: Sinistcha\n|-singleturn|p2b: Sinistcha|move: Rage Powder\n|move|p1a: Aromatisse|Moonblast|p2b: Sinistcha\n|-damage|p2b: Sinistcha|54/100\n|move|p1b: Torkoal|Eruption|p2b: Sinistcha|[spread] p2a,p2b\n|-resisted|p2a: Milotic|1\n|-supereffective|p2b: Sinistcha|1\n|-damage|p2a: Milotic|74/100\n|-damage|p2b: Sinistcha|0 fnt\n|faint|p2b: Sinistcha\n|move|p2a: Milotic|Scald|p1b: Torkoal\n|-supereffective|p1b: Torkoal|1\n|-damage|p1b: Torkoal|35/100\n|-enditem|p1b: Torkoal|Sitrus Berry|[eat]\n|-heal|p1b: Torkoal|60/100|[from] item: Sitrus Berry\n|\n|-weather|SunnyDay|[upkeep]\n|-heal|p2a: Milotic|80/100|[from] item: Leftovers\n|upkeep\n|\n|t:|1776497006\n|switch|p2b: Floette|Floette-Eternal, L50, F|100/100\n|turn|4\n|\n|t:|1776497028\n|detailschange|p2b: Floette|Floette-Mega, L50, F\n|-mega|p2b: Floette|Floette|Floettite\n|-ability|p2b: Floette|Fairy Aura\n|move|p1a: Aromatisse|Moonblast|p2a: Milotic\n|-damage|p2a: Milotic|35/100\n|move|p1b: Torkoal|Solar Beam||[still]\n|-prepare|p1b: Torkoal|Solar Beam\n|-anim|p1b: Torkoal|Solar Beam|p2a: Milotic\n|-supereffective|p2a: Milotic|1\n|-damage|p2a: Milotic|0 fnt\n|faint|p2a: Milotic\n|move|p2b: Floette|Calm Mind|p2b: Floette\n|-boost|p2b: Floette|spa|1\n|-boost|p2b: Floette|spd|1\n|\n|-weather|SunnyDay|[upkeep]\n|upkeep\n|turn|5\n|\n|t:|1776497050\n|move|p2b: Floette|Protect|p2b: Floette\n|-singleturn|p2b: Floette|Protect\n|move|p1a: Aromatisse|Moonblast|p2b: Floette\n|-activate|p2b: Floette|move: Protect\n|move|p1b: Torkoal|Weather Ball|p2b: Floette\n|-activate|p2b: Floette|move: Protect\n|\n|-weather|none\n|-fieldend|move: Trick Room\n|upkeep\n|turn|6\n|\n|t:|1776497069\n|move|p2b: Floette|Dazzling Gleam|p1b: Torkoal|[spread] p1a,p1b\n|-resisted|p1b: Torkoal|1\n|-damage|p1a: Aromatisse|0 fnt\n|-damage|p1b: Torkoal|9/100\n|faint|p1a: Aromatisse\n|move|p1b: Torkoal|Eruption|p2b: Floette\n|-damage|p2b: Floette|96/100\n|\n|upkeep\n|\n|t:|1776497087\n|switch|p1a: Milotic|Milotic, L50, F|100/100\n|turn|7\n|\n|t:|1776497099\n|switch|p1b: Delphox|Delphox, L50, M|100/100\n|move|p2b: Floette|Dazzling Gleam|p1b: Delphox|[spread] p1a,p1b\n|-resisted|p1b: Delphox|1\n|-damage|p1a: Milotic|50/100\n|-damage|p1b: Delphox|68/100\n|move|p1a: Milotic|Icy Wind|p2b: Floette\n|-damage|p2b: Floette|86/100\n|-unboost|p2b: Floette|spe|1\n|\n|upkeep\n|turn|8\n|\n|t:|1776497123\n|detailschange|p1b: Delphox|Delphox-Mega, L50, M\n|-mega|p1b: Delphox|Delphox|Delphoxite\n|move|p1b: Delphox|Psychic|p2b: Floette\n|-damage|p2b: Floette|60/100\n|move|p1a: Milotic|Scald|p2b: Floette\n|-damage|p2b: Floette|33/100\n|move|p2b: Floette|Dazzling Gleam|p1b: Delphox|[spread] p1a,p1b\n|-resisted|p1b: Delphox|1\n|-damage|p1a: Milotic|0 fnt\n|-damage|p1b: Delphox|38/100\n|faint|p1a: Milotic\n|\n|upkeep\n|\n|t:|1776497133\n|switch|p1a: Torkoal|Torkoal, L50, M|9/100\n|-weather|SunnyDay|[from] ability: Drought|[of] p1a: Torkoal\n|turn|9\n|\n|t:|1776497141\n|move|p1b: Delphox|Heat Wave|p2b: Floette|[miss]\n|-miss|p1b: Delphox|p2b: Floette\n|move|p2b: Floette|Dazzling Gleam|p1a: Torkoal|[spread] p1a,p1b\n|-resisted|p1a: Torkoal|1\n|-resisted|p1b: Delphox|1\n|-damage|p1a: Torkoal|0 fnt\n|-damage|p1b: Delphox|10/100\n|faint|p1a: Torkoal\n|\n|-weather|SunnyDay|[upkeep]\n|upkeep\n|turn|10\n|\n|t:|1776497147\n|move|p1b: Delphox|Heat Wave|p2b: Floette\n|-damage|p2b: Floette|0 fnt\n|faint|p2b: Floette\n|\n|win|W!5t testing 1\n",
  "uploadtime": 1776497151,
  "views": 21,
  "formatid": "gen9championsvgc2026regma",
  "rating": null,
  "private": 0,
  "password": null
}