{
  "id": "gen9championsvgc2026regma-2580694740",
  "format": "[Gen 9 Champions] VGC 2026 Reg M-A",
  "players": [
    "Ikiu",
    "magic 561"
  ],
  "log": "|j|\u2606Ikiu\n|j|\u2606magic 561\n|t:|1775924905\n|gametype|doubles\n|player|p1|Ikiu|n|1305\n|player|p2|magic 561|colress|1324\n|gen|9\n|tier|[Gen 9 Champions] VGC 2026 Reg M-A\n|rated|\n|rule|Species Clause: Limit one of each Pok\u00e9mon\n|rule|Item Clause: Limit 1 of each item\n|clearpoke\n|poke|p1|Kangaskhan, L50, F|\n|poke|p1|Aegislash, L50, F|\n|poke|p1|Aerodactyl, L50, F|\n|poke|p1|Sinistcha, L50|\n|poke|p1|Hydreigon, L50, F|\n|poke|p1|Palafin, L50, M|\n|poke|p2|Glimmora, L50, F|\n|poke|p2|Basculegion, L50, M|\n|poke|p2|Talonflame, L50, F|\n|poke|p2|Aegislash, L50, F|\n|poke|p2|Clefable, L50, F|\n|poke|p2|Hydreigon, L50, F|\n|teampreview|4\n|inactive|Battle timer is ON: inactive players will automatically lose when time's up. (requested by magic 561)\n|j| gE1xjZRtuhW2DdT0AK\n|l| gE1xjZRtuhW2DdT0AK\n|inactive|magic 561 has 60 seconds left.\n|inactive|magic 561 has 30 seconds left.\n|inactive|magic 561 has 20 seconds left.\n|inactive|magic 561 has 15 seconds left.\n|inactive|magic 561 has 10 seconds left.\n|\n|t:|1775924989\n|teamsize|p1|4\n|teamsize|p2|4\n|start\n|switch|p1a: Hydreigon|Hydreigon, L50, F|100/100\n|switch|p1b: Kangaskhan|Kangaskhan, L50, F|100/100\n|switch|p2a: Talonflame|Talonflame, L50, F|100/100\n|switch|p2b: Glimmora|Glimmora, L50, F|100/100\n|turn|1\n|\n|t:|1775925009\n|detailschange|p1b: Kangaskhan|Kangaskhan-Mega, L50, F\n|-mega|p1b: Kangaskhan|Kangaskhan|Kangaskhanite\n|detailschange|p2b: Glimmora|Glimmora-Mega, L50, F\n|-mega|p2b: Glimmora|Glimmora|Glimmoranite\n|move|p2a: Talonflame|Protect|p2a: Talonflame\n|-singleturn|p2a: Talonflame|Protect\n|move|p1b: Kangaskhan|Fake Out|p2a: Talonflame\n|-activate|p2a: Talonflame|move: Protect\n|move|p1a: Hydreigon|Dark Pulse|p2a: Talonflame\n|-activate|p2a: Talonflame|move: Protect\n|move|p2b: Glimmora|Sludge Bomb|p1a: Hydreigon\n|-damage|p1a: Hydreigon|8/100\n|-status|p1a: Hydreigon|psn\n|\n|-damage|p1a: Hydreigon|0 fnt|[from] psn\n|faint|p1a: Hydreigon\n|upkeep\n|\n|t:|1775925016\n|switch|p1a: Palafin|Palafin, L50, M|100/100\n|turn|2\n|\n|t:|1775925030\n|move|p2a: Talonflame|Tailwind|p2a: Talonflame\n|-sidestart|p2: magic 561|move: Tailwind\n|move|p2b: Glimmora|Sludge Bomb|p1b: Kangaskhan\n|-damage|p1b: Kangaskhan|34/100\n|move|p1b: Kangaskhan|Drain Punch|p2b: Glimmora\n|-damage|p2b: Glimmora|72/100\n|-heal|p1b: Kangaskhan|46/100|[from] drain|[of] p2b: Glimmora\n|-damage|p2b: Glimmora|66/100\n|-heal|p1b: Kangaskhan|49/100|[from] drain|[of] p2b: Glimmora\n|-hitcount|p2b: Glimmora|2\n|move|p1a: Palafin|Flip Turn|p2a: Talonflame\n|-supereffective|p2a: Talonflame|1\n|-damage|p2a: Talonflame|10/100\n|\n|t:|1775925040\n|detailschange|p1a: Palafin|Palafin-Hero, L50, M\n|switch|p1a: Sinistcha|Sinistcha, L50|100/100|[from] Flip Turn\n|-heal|p1b: Kangaskhan|73/100|[from] ability: Hospitality|[of] p1a: Sinistcha\n|\n|upkeep\n|turn|3\n|\n|t:|1775925056\n|switch|p1b: Palafin|Palafin-Hero, L50, M|100/100\n|-activate|p1b: Palafin|ability: Zero to Hero\n|move|p2a: Talonflame|Flare Blitz|p1a: Sinistcha\n|-supereffective|p1a: Sinistcha|1\n|-damage|p1a: Sinistcha|18/100\n|-enditem|p1a: Sinistcha|Sitrus Berry|[eat]\n|-heal|p1a: Sinistcha|43/100|[from] item: Sitrus Berry\n|-damage|p2a: Talonflame|0 fnt|[from] Recoil\n|faint|p2a: Talonflame\n|move|p2b: Glimmora|Sludge Bomb|p1a: Sinistcha\n|-damage|p1a: Sinistcha|0 fnt\n|faint|p1a: Sinistcha\n|\n|upkeep\n|\n|t:|1775925070\n|switch|p2a: Basculegion|Basculegion, L50, M|100/100\n|switch|p1a: Kangaskhan|Kangaskhan-Mega, L50, F|73/100\n|turn|4\n|\n|t:|1775925092\n|switch|p2b: Hydreigon|Hydreigon, L50, F|100/100\n|move|p1a: Kangaskhan|Sucker Punch|p2a: Basculegion\n|-supereffective|p2a: Basculegion|1\n|-damage|p2a: Basculegion|33/100\n|-supereffective|p2a: Basculegion|1\n|-damage|p2a: Basculegion|17/100\n|-hitcount|p2a: Basculegion|2\n|move|p1b: Palafin|Jet Punch|p2b: Hydreigon\n|-resisted|p2b: Hydreigon|1\n|-damage|p2b: Hydreigon|76/100\n|move|p2a: Basculegion|Last Respects|p1b: Palafin\n|-damage|p1b: Palafin|32/100\n|\n|upkeep\n|turn|5\n|\n|t:|1775925109\n|move|p2a: Basculegion|Aqua Jet|p1a: Kangaskhan\n|-damage|p1a: Kangaskhan|43/100\n|move|p1b: Palafin|Jet Punch|p2a: Basculegion\n|-resisted|p2a: Basculegion|1\n|-damage|p2a: Basculegion|0 fnt\n|faint|p2a: Basculegion\n|move|p2b: Hydreigon|Dark Pulse|p1b: Palafin\n|-damage|p1b: Palafin|0 fnt\n|faint|p1b: Palafin\n|move|p1a: Kangaskhan|Drain Punch|p2b: Hydreigon\n|-supereffective|p2b: Hydreigon|1\n|-damage|p2b: Hydreigon|22/100\n|-heal|p1a: Kangaskhan|69/100|[from] drain|[of] p2b: Hydreigon\n|-supereffective|p2b: Hydreigon|1\n|-damage|p2b: Hydreigon|9/100\n|-heal|p1a: Kangaskhan|76/100|[from] drain|[of] p2b: Hydreigon\n|-hitcount|p2b: Hydreigon|2\n|\n|-sideend|p2: magic 561|move: Tailwind\n|upkeep\n|\n|t:|1775925116\n|switch|p2a: Glimmora|Glimmora-Mega, L50, F|66/100\n|turn|6\n|\n|t:|1775925134\n|move|p2a: Glimmora|Sludge Bomb|p1a: Kangaskhan\n|-damage|p1a: Kangaskhan|10/100\n|move|p1a: Kangaskhan|Drain Punch|p2a: Glimmora\n|-damage|p2a: Glimmora|36/100\n|-heal|p1a: Kangaskhan|23/100|[from] drain|[of] p2a: Glimmora\n|-damage|p2a: Glimmora|29/100\n|-heal|p1a: Kangaskhan|26/100|[from] drain|[of] p2a: Glimmora\n|-hitcount|p2a: Glimmora|2\n|move|p2b: Hydreigon|Draco Meteor|p1a: Kangaskhan|[miss]\n|-miss|p2b: Hydreigon|p1a: Kangaskhan\n|\n|upkeep\n|turn|7\n|\n|t:|1775925150\n|move|p2a: Glimmora|Spiky Shield|p2a: Glimmora\n|-singleturn|p2a: Glimmora|move: Protect\n|move|p2b: Hydreigon|Protect|p2b: Hydreigon\n|-singleturn|p2b: Hydreigon|Protect\n|move|p1a: Kangaskhan|Sucker Punch||[still]\n|-fail|p1a: Kangaskhan\n|\n|upkeep\n|turn|8\n|\n|t:|1775925165\n|move|p1a: Kangaskhan|Sucker Punch|p2a: Glimmora\n|-damage|p2a: Glimmora|6/100\n|-damage|p2a: Glimmora|0 fnt\n|faint|p2a: Glimmora\n|-hitcount|p2: Glimmora|2\n|move|p2b: Hydreigon|Draco Meteor|p1a: Kangaskhan\n|-damage|p1a: Kangaskhan|0 fnt\n|-unboost|p2b: Hydreigon|spa|2\n|faint|p1a: Kangaskhan\n|\n|win|magic 561\n|raw|Ikiu's rating: 1305 &rarr; <strong>1286</strong><br />(-19 for losing)\n|raw|magic 561's rating: 1324 &rarr; <strong>1343</strong><br />(+19 for winning)\n|l|\u2606magic 561\n|player|p2|\n|l|\u2606Ikiu\n|player|p1|\n",
  "uploadtime": 1775925179,
  "views": 30,
  "formatid": "gen9championsvgc2026regma",
  "rating": 1286,
  "private": 0,
  "password": null
}