{
  "id": "gen9championsvgc2026regma-2585515342",
  "format": "[Gen 9 Champions] VGC 2026 Reg M-A",
  "players": [
    "Tamejo",
    "DiamondDagger47"
  ],
  "log": "|j|\u2606Tamejo\n|j|\u2606DiamondDagger47\n|t:|1776352705\n|gametype|doubles\n|player|p1|Tamejo|caitlin|1092\n|player|p2|DiamondDagger47|265|1000\n|gen|9\n|tier|[Gen 9 Champions] VGC 2026 Reg M-A\n|rated|\n|rule|Species Clause: Limit one of each Pok\u00e9mon\n|rule|Item Clause: Limit 1 of each item\n|clearpoke\n|poke|p1|Dragapult, L50, M|\n|poke|p1|Corviknight, L50, F|\n|poke|p1|Sylveon, L50, F|\n|poke|p1|Whimsicott, L50, F|\n|poke|p1|Glimmora, L50, F|\n|poke|p1|Incineroar, L50, M|\n|poke|p2|Zoroark-Hisui, L50, F|\n|poke|p2|Sinistcha, L50|\n|poke|p2|Scovillain, L50, M|\n|poke|p2|Drampa, L50, F|\n|poke|p2|Rotom-Frost, L50|\n|poke|p2|Sneasler, L50, M|\n|teampreview|4\nDiamondDagger47 rejected open team sheets.\n|\n|t:|1776352746\n|teamsize|p1|4\n|teamsize|p2|4\n|start\n|switch|p1a: Incineroar|Incineroar, L50, M|100/100\n|switch|p1b: Sylveon|Sylveon, L50, F|100/100\n|switch|p2a: Scovillain|Scovillain, L50, M|100/100\n|switch|p2b: Sinistcha|Sinistcha, L50|100/100\n|-ability|p1a: Incineroar|Intimidate|boost\n|-unboost|p2a: Scovillain|atk|1\n|-unboost|p2b: Sinistcha|atk|1\n|turn|1\n|\n|t:|1776352780\n|move|p2a: Scovillain|Taunt|p1a: Incineroar\n|-start|p1a: Incineroar|move: Taunt\n|move|p1a: Incineroar|Darkest Lariat|p2b: Sinistcha\n|-supereffective|p2b: Sinistcha|1\n|-damage|p2b: Sinistcha|37/100\n|-enditem|p2b: Sinistcha|Sitrus Berry|[eat]\n|-heal|p2b: Sinistcha|62/100|[from] item: Sitrus Berry\n|move|p1b: Sylveon|Calm Mind|p1b: Sylveon\n|-boost|p1b: Sylveon|spa|1\n|-boost|p1b: Sylveon|spd|1\n|move|p2b: Sinistcha|Trick Room|p2b: Sinistcha\n|-fieldstart|move: Trick Room|[of] p2b: Sinistcha\n|\n|upkeep\n|turn|2\n|\n|t:|1776352807\n|switch|p2a: Scovillain|Scovillain, L50, M|100/100\n|move|p1b: Sylveon|Hyper Voice|p2a: Scovillain|[spread] p2a,p2b\n|-resisted|p2a: Scovillain|1\n|-damage|p2a: Scovillain|59/100\n|-damage|p2b: Sinistcha|0 fnt\n|faint|p2b: Sinistcha\n|move|p1a: Incineroar|Darkest Lariat|p2a: Scovillain\n|-damage|p2a: Scovillain|6/100\n|\n|-ability|p2a: Scovillain|Moody|boost\n|-boost|p2a: Scovillain|spd|2\n|-unboost|p2a: Scovillain|spe|1\n|upkeep\n|\n|t:|1776352816\n|switch|p2b: Drampa|Drampa, L50, F|100/100\n|turn|3\n|\n|t:|1776352842\n|detailschange|p2a: Scovillain|Scovillain-Mega, L50, M\n|-mega|p2a: Scovillain|Scovillain|Scovillainite\n|move|p1b: Sylveon|Protect|p1b: Sylveon\n|-singleturn|p1b: Sylveon|Protect\n|move|p2a: Scovillain|Flare Blitz|p1b: Sylveon\n|-activate|p1b: Sylveon|move: Protect\n|move|p1a: Incineroar|Darkest Lariat|p2a: Scovillain\n|-damage|p2a: Scovillain|0 fnt\n|-immune|p1a: Incineroar\n|faint|p2a: Scovillain\n|move|p2b: Drampa|Hex|p1a: Incineroar\n|-resisted|p1a: Incineroar|1\n|-damage|p1a: Incineroar|84/100\n|\n|-end|p1a: Incineroar|move: Taunt\n|upkeep\n|\n|t:|1776352852\n|switch|p2a: Drampa|Drampa, L50, F|100/100\n|-ability|p2a: Drampa|Cloud Nine\n|turn|4\n|\n|t:|1776352863\n|move|p2b: Drampa|Protect|p2b: Drampa\n|-singleturn|p2b: Drampa|Protect\n|move|p2a: Drampa|Dragon Dance|p2a: Drampa\n|-boost|p2a: Drampa|atk|1\n|-boost|p2a: Drampa|spe|1\n|move|p1b: Sylveon|Hyper Voice|p2b: Drampa|[spread] p2a\n|-activate|p2b: Drampa|move: Protect\n|-supereffective|p2a: Drampa|1\n|-damage|p2a: Drampa|0 fnt\n|faint|p2a: Drampa\n|move|p1a: Incineroar|Darkest Lariat|p2b: Drampa\n|-activate|p2b: Drampa|move: Protect\n|\n|upkeep\n|turn|5\n|-message|DiamondDagger47 forfeited.\n|\n|win|Tamejo\n|raw|Tamejo's rating: 1092 &rarr; <strong>1111</strong><br />(+19 for winning)\n|raw|DiamondDagger47's rating: 1000 &rarr; <strong>1000</strong><br />(+0 for losing)\n|l|\u2606DiamondDagger47\n|player|p2|\n",
  "uploadtime": 1776352878,
  "views": 18,
  "formatid": "gen9championsvgc2026regma",
  "rating": 1000,
  "private": 0,
  "password": null
}