{
  "id": "gen9championsvgc2026regma-2587136387",
  "format": "[Gen 9 Champions] VGC 2026 Reg M-A",
  "players": [
    "MilkTeaWayGalaxy",
    "xfgfgdgfdsgfgf"
  ],
  "log": "|j|\u2606MilkTeaWayGalaxy\n|j|\u2606xfgfgdgfdsgfgf\n|t:|1776498671\n|gametype|doubles\n|player|p1|MilkTeaWayGalaxy|rosa-pokestar3|1326\n|player|p2|xfgfgdgfdsgfgf|scientist|1336\n|gen|9\n|tier|[Gen 9 Champions] VGC 2026 Reg M-A\n|rated|\n|rule|Species Clause: Limit one of each Pok\u00e9mon\n|rule|Item Clause: Limit 1 of each item\n|clearpoke\n|poke|p1|Milotic, L50, M|\n|poke|p1|Froslass, L50, F|\n|poke|p1|Sneasler, L50, M|\n|poke|p1|Gyarados, L50, M|\n|poke|p1|Incineroar, L50, F|\n|poke|p1|Sinistcha, L50|\n|poke|p2|Floette-Eternal, L50, F|\n|poke|p2|Garchomp, L50, F|\n|poke|p2|Sneasler, L50, F|\n|poke|p2|Aerodactyl, L50, F|\n|poke|p2|Rotom-Wash, L50|\n|poke|p2|Incineroar, L50, F|\n|teampreview|4\n|inactive|Battle timer is ON: inactive players will automatically lose when time's up. (requested by xfgfgdgfdsgfgf)\n|inactive|MilkTeaWayGalaxy has 60 seconds left.\n|inactive|xfgfgdgfdsgfgf has 60 seconds left.\n|\n|t:|1776498715\n|teamsize|p1|4\n|teamsize|p2|4\n|start\n|switch|p1a: Froslass|Froslass, L50, F|100/100\n|switch|p1b: Incineroar|Incineroar, L50, F|100/100\n|switch|p2a: Floette|Floette-Eternal, L50, F|100/100\n|switch|p2b: Rotom|Rotom-Wash, L50|100/100\n|-ability|p1b: Incineroar|Intimidate|boost\n|-unboost|p2a: Floette|atk|1\n|-unboost|p2b: Rotom|atk|1\n|turn|1\n|\n|t:|1776498728\n|detailschange|p1a: Froslass|Froslass-Mega, L50, F\n|-mega|p1a: Froslass|Froslass|Froslassite\n|-weather|Snowscape|[from] ability: Snow Warning|[of] p1a: Froslass\n|detailschange|p2a: Floette|Floette-Mega, L50, F\n|-mega|p2a: Floette|Floette|Floettite\n|-ability|p2a: Floette|Fairy Aura\n|move|p2b: Rotom|Hydro Pump|p1b: Incineroar|[miss]\n|-miss|p2b: Rotom|p1b: Incineroar\n|move|p1a: Froslass|Aurora Veil|p1a: Froslass\n|-sidestart|p1: MilkTeaWayGalaxy|move: Aurora Veil\n|move|p2a: Floette|Calm Mind|p2a: Floette\n|-boost|p2a: Floette|spa|1\n|-boost|p2a: Floette|spd|1\n|move|p1b: Incineroar|Parting Shot|p2a: Floette\n|-unboost|p2a: Floette|atk|1\n|-unboost|p2a: Floette|spa|1\n|\n|t:|1776498742\n|switch|p1b: Milotic|Milotic, L50, M|100/100|[from] Parting Shot\n|\n|-weather|Snowscape|[upkeep]\n|upkeep\n|turn|2\n|\n|t:|1776498756\n|switch|p2b: Aerodactyl|Aerodactyl, L50, F|100/100\n|-ability|p2b: Aerodactyl|Unnerve\n|move|p1a: Froslass|Shadow Ball|p2b: Aerodactyl\n|-damage|p2b: Aerodactyl|46/100\n|move|p2a: Floette|Calm Mind|p2a: Floette\n|-boost|p2a: Floette|spa|1\n|-boost|p2a: Floette|spd|1\n|move|p1b: Milotic|Scald|p2a: Floette\n|-damage|p2a: Floette|89/100\n|-status|p2a: Floette|brn\n|\n|-weather|Snowscape|[upkeep]\n|-damage|p2a: Floette|83/100 brn|[from] brn\n|upkeep\n|turn|3\n|\n|t:|1776498776\n|move|p2b: Aerodactyl|Rock Slide|p1a: Froslass|[spread] p1a,p1b\n|-supereffective|p1a: Froslass|1\n|-damage|p1a: Froslass|68/100\n|-damage|p1b: Milotic|85/100\n|move|p1a: Froslass|Blizzard|p2b: Aerodactyl|[spread] p2a,p2b\n|-supereffective|p2b: Aerodactyl|1\n|-damage|p2a: Floette|70/100 brn\n|-damage|p2b: Aerodactyl|0 fnt\n|faint|p2b: Aerodactyl\n|move|p2a: Floette|Calm Mind|p2a: Floette\n|-boost|p2a: Floette|spa|1\n|-boost|p2a: Floette|spd|1\n|move|p1b: Milotic|Icy Wind|p2a: Floette\n|-damage|p2a: Floette|66/100 brn\n|-unboost|p2a: Floette|spe|1\n|\n|-weather|Snowscape|[upkeep]\n|-damage|p2a: Floette|60/100 brn|[from] brn\n|upkeep\n|\n|t:|1776498795\n|switch|p2b: Rotom|Rotom-Wash, L50|100/100\n|turn|4\n|\n|t:|1776498807\n|move|p2b: Rotom|Volt Switch|p1b: Milotic\n|-supereffective|p1b: Milotic|1\n|-damage|p1b: Milotic|64/100\n|\n|t:|1776498811\n|switch|p2b: Incineroar|Incineroar, L50, F|100/100|[from] Volt Switch\n|-ability|p2b: Incineroar|Intimidate|boost\n|-unboost|p1a: Froslass|atk|1\n|-unboost|p1b: Milotic|atk|1\n|-ability|p1b: Milotic|Competitive|boost\n|-boost|p1b: Milotic|spa|2\n|move|p1a: Froslass|Shadow Ball|p2b: Incineroar\n|-resisted|p2b: Incineroar|1\n|-damage|p2b: Incineroar|83/100\n|move|p1b: Milotic|Icy Wind|p2a: Floette|[spread] p2a,p2b\n|-resisted|p2b: Incineroar|1\n|-damage|p2a: Floette|55/100 brn\n|-damage|p2b: Incineroar|75/100\n|-unboost|p2a: Floette|spe|1\n|-unboost|p2b: Incineroar|spe|1\n|move|p2a: Floette|Moonblast|p1b: Milotic\n|-damage|p1b: Milotic|4/100\n|-enditem|p1b: Milotic|Sitrus Berry|[eat]\n|-heal|p1b: Milotic|28/100|[from] item: Sitrus Berry\n|\n|-weather|Snowscape|[upkeep]\n|-damage|p2a: Floette|49/100 brn|[from] brn\n|upkeep\n|turn|5\n|-message|xfgfgdgfdsgfgf forfeited.\n|\n|win|MilkTeaWayGalaxy\n|raw|MilkTeaWayGalaxy's rating: 1326 &rarr; <strong>1347</strong><br />(+21 for winning)\n|raw|xfgfgdgfdsgfgf's rating: 1336 &rarr; <strong>1315</strong><br />(-21 for losing)\n|l|\u2606xfgfgdgfdsgfgf\n|player|p2|\n",
  "uploadtime": 1776498838,
  "views": 30,
  "formatid": "gen9championsvgc2026regma",
  "rating": 1315,
  "private": 0,
  "password": null
}