{
  "id": "gen9championsvgc2026regma-2588722808",
  "format": "[Gen 9 Champions] VGC 2026 Reg M-A",
  "players": [
    "problamatic",
    "slionapollo"
  ],
  "log": "|j|\u2606problamatic\n|j|\u2606slionapollo\n|t:|1776662116\n|gametype|doubles\n|player|p1|problamatic|hugh|1414\n|player|p2|slionapollo|101|1512\n|gen|9\n|tier|[Gen 9 Champions] VGC 2026 Reg M-A\n|rated|\n|rule|Species Clause: Limit one of each Pok\u00e9mon\n|rule|Item Clause: Limit 1 of each item\n|clearpoke\n|poke|p1|Scizor, L50, F|\n|poke|p1|Dragonite, L50, M|\n|poke|p1|Pelipper, L50, F|\n|poke|p1|Basculegion, L50, M, shiny|\n|poke|p1|Archaludon, L50, F|\n|poke|p1|Sinistcha, L50|\n|poke|p2|Charizard, L50, M|\n|poke|p2|Whimsicott, L50, F|\n|poke|p2|Farigiraf, L50, M|\n|poke|p2|Sneasler, L50, M|\n|poke|p2|Garchomp, L50, M|\n|poke|p2|Kingambit, L50, M|\n|teampreview|4\n|inactive|Battle timer is ON: inactive players will automatically lose when time's up. (requested by problamatic)\n|inactive|slionapollo has 60 seconds left.\n|\n|t:|1776662168\n|teamsize|p1|4\n|teamsize|p2|4\n|start\n|switch|p1a: Dragonite|Dragonite, L50, M|100/100\n|switch|p1b: Archaludon|Archaludon, L50, F|100/100\n|switch|p2a: Garchomp|Garchomp, L50, M|100/100\n|switch|p2b: Whimsicott|Whimsicott, L50, F|100/100\n|turn|1\n|inactive|problamatic has 30 seconds left.\n|\n|t:|1776662194\n|switch|p1b: Pelipper|Pelipper, L50, F|100/100\n|-weather|RainDance|[from] ability: Drizzle|[of] p1b: Pelipper\n|detailschange|p1a: Dragonite|Dragonite-Mega, L50, M\n|-mega|p1a: Dragonite|Dragonite|Dragoninite\n|move|p2a: Garchomp|Dragon Claw|p1a: Dragonite\n|-supereffective|p1a: Dragonite|1\n|-damage|p1a: Dragonite|65/100\n|move|p2b: Whimsicott|Moonblast|p1a: Dragonite\n|-supereffective|p1a: Dragonite|1\n|-damage|p1a: Dragonite|25/100\n|move|p1a: Dragonite|Hurricane|p2b: Whimsicott\n|-supereffective|p2b: Whimsicott|1\n|-enditem|p2b: Whimsicott|Focus Sash\n|-damage|p2b: Whimsicott|1/100\n|\n|-weather|RainDance|[upkeep]\n|upkeep\n|turn|2\n|inactive|problamatic has 30 seconds left.\n|inactive|slionapollo has 30 seconds left.\n|inactive|problamatic has 20 seconds left.\n|inactive|slionapollo has 20 seconds left.\n|inactive|problamatic has 15 seconds left.\n|inactive|problamatic has 10 seconds left.\n|\n|t:|1776662239\n|move|p1a: Dragonite|Protect|p1a: Dragonite\n|-singleturn|p1a: Dragonite|Protect\n|move|p2a: Garchomp|Dragon Claw|p1b: Pelipper\n|-damage|p1b: Pelipper|45/100\n|move|p2b: Whimsicott|Moonblast|p1a: Dragonite\n|-activate|p1a: Dragonite|move: Protect\n|move|p1b: Pelipper|Tailwind|p1b: Pelipper\n|-sidestart|p1: problamatic|move: Tailwind\n|\n|-weather|RainDance|[upkeep]\n|upkeep\n|turn|3\n|inactive|problamatic has 30 seconds left.\n|inactive|problamatic has 20 seconds left.\n|\n|t:|1776662276\n|move|p2b: Whimsicott|Tailwind|p2b: Whimsicott\n|-sidestart|p2: slionapollo|move: Tailwind\n|move|p2a: Garchomp|Dragon Claw|p1a: Dragonite\n|-supereffective|p1a: Dragonite|1\n|-damage|p1a: Dragonite|0 fnt\n|faint|p1a: Dragonite\n|move|p1b: Pelipper|Hurricane|p2b: Whimsicott\n|-supereffective|p2b: Whimsicott|1\n|-damage|p2b: Whimsicott|0 fnt\n|faint|p2b: Whimsicott\n|\n|-weather|RainDance|[upkeep]\n|upkeep\n|\n|t:|1776662287\n|switch|p2b: Charizard|Charizard, L50, M|100/100\n|switch|p1a: Basculegion|Basculegion, L50, M, shiny|100/100\n|turn|4\n|\n|t:|1776662305\n|switch|p1b: Archaludon|Archaludon, L50, F|100/100\n|detailschange|p2b: Charizard|Charizard-Mega-Y, L50, M\n|-mega|p2b: Charizard|Charizard|Charizardite Y\n|-weather|SunnyDay|[from] ability: Drought|[of] p2b: Charizard\n|move|p2a: Garchomp|Dragon Claw|p1b: Archaludon\n|-damage|p1b: Archaludon|71/100\n|-ability|p1b: Archaludon|Stamina|boost\n|-boost|p1b: Archaludon|def|1\n|move|p1a: Basculegion|Flip Turn|p2a: Garchomp\n|-damage|p2a: Garchomp|81/100\n|-damage|p1a: Basculegion|88/100|[from] ability: Rough Skin|[of] p2a: Garchomp\n|\n|t:|1776662315\n|switch|p1a: Pelipper|Pelipper, L50, F|45/100|[from] Flip Turn\n|-weather|RainDance|[from] ability: Drizzle|[of] p1a: Pelipper\n|move|p2b: Charizard|Solar Beam||[still]\n|-prepare|p2b: Charizard|Solar Beam\n|\n|-weather|RainDance|[upkeep]\n|-heal|p1b: Archaludon|77/100|[from] item: Leftovers\n|upkeep\n|turn|5\n|\n|t:|1776662340\n|move|p1a: Pelipper|Wide Guard|p1a: Pelipper\n|-singleturn|p1a: Pelipper|Wide Guard\n|move|p2a: Garchomp|Dragon Claw|p1b: Archaludon\n|-damage|p1b: Archaludon|54/100\n|-ability|p1b: Archaludon|Stamina|boost\n|-boost|p1b: Archaludon|def|1\n|move|p2b: Charizard|Solar Beam|p1a: Pelipper|[from] lockedmove\n|-damage|p1a: Pelipper|6/100\n|move|p1b: Archaludon|Electro Shot||[still]\n|-prepare|p1b: Archaludon|Electro Shot\n|-boost|p1b: Archaludon|spa|1\n|-anim|p1b: Archaludon|Electro Shot|p2b: Charizard\n|-supereffective|p2b: Charizard|1\n|-damage|p2b: Charizard|0 fnt\n|faint|p2b: Charizard\n|\n|-weather|RainDance|[upkeep]\n|-heal|p1b: Archaludon|60/100|[from] item: Leftovers\n|-sideend|p1: problamatic|move: Tailwind\n|upkeep\n|\n|t:|1776662350\n|switch|p2b: Kingambit|Kingambit, L50, M|100/100\n|turn|6\n|\n|t:|1776662366\n|move|p1a: Pelipper|Wide Guard|p1a: Pelipper\n|-singleturn|p1a: Pelipper|Wide Guard\n|move|p2a: Garchomp|Dragon Claw|p1b: Archaludon\n|-damage|p1b: Archaludon|44/100\n|-ability|p1b: Archaludon|Stamina|boost\n|-boost|p1b: Archaludon|def|1\n|move|p2b: Kingambit|Low Kick|p1b: Archaludon\n|-supereffective|p1b: Archaludon|1\n|-damage|p1b: Archaludon|25/100\n|-ability|p1b: Archaludon|Stamina|boost\n|-boost|p1b: Archaludon|def|1\n|move|p1b: Archaludon|Aura Sphere|p2b: Kingambit\n|-supereffective|p2b: Kingambit|2\n|-damage|p2b: Kingambit|0 fnt\n|faint|p2b: Kingambit\n|\n|-weather|RainDance|[upkeep]\n|-heal|p1b: Archaludon|31/100|[from] item: Leftovers\n|-sideend|p2: slionapollo|move: Tailwind\n|upkeep\n|turn|7\n|inactive|slionapollo has 30 seconds left.\n|\n|t:|1776662394\n|move|p1a: Pelipper|Wide Guard|p1a: Pelipper\n|-singleturn|p1a: Pelipper|Wide Guard\n|move|p2a: Garchomp|Dragon Claw|p1b: Archaludon\n|-damage|p1b: Archaludon|21/100\n|-ability|p1b: Archaludon|Stamina|boost\n|-boost|p1b: Archaludon|def|1\n|move|p1b: Archaludon|Draco Meteor|p2a: Garchomp\n|-supereffective|p2a: Garchomp|1\n|-damage|p2a: Garchomp|0 fnt\n|-unboost|p1b: Archaludon|spa|2\n|faint|p2a: Garchomp\n|\n|win|problamatic\n|raw|problamatic's rating: 1414 &rarr; <strong>1439</strong><br />(+25 for winning)\n|raw|slionapollo's rating: 1512 &rarr; <strong>1487</strong><br />(-25 for losing)\n|l|\u2606slionapollo\n|player|p2|\n",
  "uploadtime": 1776663119,
  "views": 18,
  "formatid": "gen9championsvgc2026regma",
  "rating": 1439,
  "private": 0,
  "password": null
}