{
  "id": "gen9championsvgc2026regma-2583572417",
  "format": "[Gen 9 Champions] VGC 2026 Reg M-A",
  "players": [
    "M2P Mikey",
    "irfanlol"
  ],
  "log": "|j|\u2606M2P Mikey\n|j|\u2606irfanlol\n|t:|1776184087\n|gametype|doubles\n|player|p1|M2P Mikey|scientist|1096\n|player|p2|irfanlol|n|1000\n|gen|9\n|tier|[Gen 9 Champions] VGC 2026 Reg M-A\n|rated|\n|rule|Species Clause: Limit one of each Pok\u00e9mon\n|rule|Item Clause: Limit 1 of each item\n|clearpoke\n|poke|p1|Sableye, L50, F|\n|poke|p1|Glimmora, L50, M|\n|poke|p1|Corviknight, L50, F|\n|poke|p1|Incineroar, L50, F|\n|poke|p1|Milotic, L50, F|\n|poke|p1|Sinistcha-Masterpiece, L50|\n|poke|p2|Golurk, L50|\n|poke|p2|Farigiraf, L50, F|\n|poke|p2|Primarina, L50, M|\n|poke|p2|Talonflame, L50, M|\n|poke|p2|Sinistcha-Masterpiece, L50|\n|poke|p2|Rotom-Heat, L50|\n|teampreview|4\nM2P Mikey rejected open team sheets.\n|\n|t:|1776184116\n|teamsize|p1|4\n|teamsize|p2|4\n|start\n|switch|p1a: Sableye|Sableye, L50, F|100/100\n|switch|p1b: Incineroar|Incineroar, L50, F|100/100\n|switch|p2a: Golurk|Golurk, L50|100/100\n|switch|p2b: Farigiraf|Farigiraf, L50, F|100/100\n|-ability|p1b: Incineroar|Intimidate|boost\n|-unboost|p2a: Golurk|atk|1\n|-unboost|p2b: Farigiraf|atk|1\n|turn|1\n|c|\u2606irfanlol|glhf\n|\n|t:|1776184131\n|move|p2a: Golurk|Protect|p2a: Golurk\n|-singleturn|p2a: Golurk|Protect\n|move|p1a: Sableye|Reflect|p1a: Sableye\n|-sidestart|p1: M2P Mikey|Reflect\n|move|p1b: Incineroar|Throat Chop|p2a: Golurk\n|-activate|p2a: Golurk|move: Protect\n|move|p2b: Farigiraf|Trick Room|p2b: Farigiraf\n|-fieldstart|move: Trick Room|[of] p2b: Farigiraf\n|\n|upkeep\n|turn|2\n|\n|t:|1776184163\n|switch|p2b: Rotom|Rotom-Heat, L50|100/100\n|switch|p1b: Milotic|Milotic, L50, F|100/100\n|move|p1a: Sableye|Light Screen|p1a: Sableye\n|-sidestart|p1: M2P Mikey|move: Light Screen\n|move|p2a: Golurk|Headlong Rush|p1b: Milotic\n|-damage|p1b: Milotic|66/100\n|-unboost|p2a: Golurk|def|1\n|-unboost|p2a: Golurk|spd|1\n|\n|upkeep\n|turn|3\n|\n|t:|1776184179\n|move|p1a: Sableye|Rain Dance|p1a: Sableye\n|-weather|RainDance\n|move|p2a: Golurk|Thunder Punch|p1b: Milotic\n|-supereffective|p1b: Milotic|1\n|-damage|p1b: Milotic|40/100\n|-status|p1b: Milotic|par\n|move|p1b: Milotic|Scald|p2a: Golurk\n|-supereffective|p2a: Golurk|1\n|-damage|p2a: Golurk|0 fnt\n|faint|p2a: Golurk\n|move|p2b: Rotom|Thunderbolt|p1b: Milotic\n|-supereffective|p1b: Milotic|1\n|-damage|p1b: Milotic|0 fnt\n|faint|p1b: Milotic\n|\n|-weather|RainDance|[upkeep]\n|upkeep\n|\n|t:|1776184191\n|switch|p2a: Primarina|Primarina, L50, M|100/100\n|switch|p1b: Incineroar|Incineroar, L50, F|100/100\n|-ability|p1b: Incineroar|Intimidate|boost\n|-unboost|p2a: Primarina|atk|1\n|-unboost|p2b: Rotom|atk|1\n|-enditem|p2b: Rotom|White Herb\n|-clearnegativeboost|p2b: Rotom|[silent]\n|turn|4\n|\n|t:|1776184208\n|move|p2a: Primarina|Protect|p2a: Primarina\n|-singleturn|p2a: Primarina|Protect\n|move|p2b: Rotom|Protect|p2b: Rotom\n|-singleturn|p2b: Rotom|Protect\n|move|p1a: Sableye|Quash|p2a: Primarina\n|-activate|p2a: Primarina|move: Protect\n|move|p1b: Incineroar|Throat Chop|p2a: Primarina\n|-activate|p2a: Primarina|move: Protect\n|\n|-weather|RainDance|[upkeep]\n|upkeep\n|turn|5\n|\n|t:|1776184215\n|move|p1a: Sableye|Quash|p2a: Primarina\n|-activate|p2a: Primarina|move: Quash\n|move|p1b: Incineroar|Throat Chop|p2a: Primarina\n|-resisted|p2a: Primarina|1\n|-damage|p2a: Primarina|80/100\n|-start|p2a: Primarina|Throat Chop|[silent]\n|move|p2b: Rotom|Thunderbolt|p1a: Sableye\n|-damage|p1a: Sableye|62/100\n|cant|p2a: Primarina|move: Throat Chop\n|\n|-weather|RainDance|[upkeep]\n|-sideend|p1: M2P Mikey|Reflect\n|-fieldend|move: Trick Room\n|upkeep\n|turn|6\n|\n|t:|1776184232\n|switch|p1a: Glimmora|Glimmora, L50, M|100/100\n|move|p2b: Rotom|Protect|p2b: Rotom\n|-singleturn|p2b: Rotom|Protect\n|move|p2a: Primarina|Protect|p2a: Primarina\n|-singleturn|p2a: Primarina|Protect\n|move|p1b: Incineroar|Parting Shot|p2b: Rotom\n|-activate|p2b: Rotom|move: Protect\n|\n|-weather|RainDance|[upkeep]\n|-end|p2a: Primarina|Throat Chop|[silent]\n|-sideend|p1: M2P Mikey|move: Light Screen\n|upkeep\n|turn|7\n|\n|t:|1776184245\n|detailschange|p1a: Glimmora|Glimmora-Mega, L50, M\n|-mega|p1a: Glimmora|Glimmora|Glimmoranite\n|move|p1a: Glimmora|Sludge Bomb|p2a: Primarina\n|-supereffective|p2a: Primarina|1\n|-crit|p2a: Primarina\n|-damage|p2a: Primarina|0 fnt\n|faint|p2a: Primarina\n|move|p2b: Rotom|Volt Switch|p1b: Incineroar\n|-damage|p1b: Incineroar|72/100\n|\n|t:|1776184253\n|switch|p2b: Farigiraf|Farigiraf, L50, F|100/100|[from] Volt Switch\n|move|p1b: Incineroar|Parting Shot|p2b: Farigiraf\n|-unboost|p2b: Farigiraf|atk|1\n|-unboost|p2b: Farigiraf|spa|1\n|\n|t:|1776184259\n|switch|p1b: Sableye|Sableye, L50, F|62/100|[from] Parting Shot\n|\n|-weather|none\n|upkeep\n|-message|irfanlol forfeited.\n|\n|win|M2P Mikey\n|raw|M2P Mikey's rating: 1096 &rarr; <strong>1115</strong><br />(+19 for winning)\n|raw|irfanlol's rating: 1000 &rarr; <strong>1000</strong><br />(+0 for losing)\n|l|\u2606irfanlol\n|player|p2|\n",
  "uploadtime": 1776184264,
  "views": 16,
  "formatid": "gen9championsvgc2026regma",
  "rating": 1000,
  "private": 0,
  "password": null
}