{
  "id": "gen9championsvgc2026regma-2582914358",
  "format": "[Gen 9 Champions] VGC 2026 Reg M-A",
  "players": [
    "loklastaji",
    "fa32"
  ],
  "log": "|j|\u2606loklastaji\n|j|\u2606fa32\n|t:|1776124547\n|gametype|doubles\n|player|p1|loklastaji|102|1251\n|player|p2|fa32|1|1199\n|gen|9\n|tier|[Gen 9 Champions] VGC 2026 Reg M-A\n|rated|\n|rule|Species Clause: Limit one of each Pok\u00e9mon\n|rule|Item Clause: Limit 1 of each item\n|clearpoke\n|poke|p1|Samurott-Hisui, L50, F|\n|poke|p1|Mamoswine, L50, M|\n|poke|p1|Delphox, L50, M|\n|poke|p1|Tsareena, L50, F|\n|poke|p1|Corviknight, L50, F|\n|poke|p1|Altaria, L50, F|\n|poke|p2|Sylveon, L50, M|\n|poke|p2|Froslass, L50, F|\n|poke|p2|Rotom-Frost, L50|\n|poke|p2|Empoleon, L50, M|\n|poke|p2|Sneasler, L50, M|\n|poke|p2|Dragapult, L50, M|\n|teampreview|4\n|\n|t:|1776124578\n|teamsize|p1|4\n|teamsize|p2|4\n|start\n|switch|p1a: Tsareena|Tsareena, L50, F|100/100\n|switch|p1b: Mamoswine|Mamoswine, L50, M|100/100\n|switch|p2a: Dragapult|Dragapult, L50, M|100/100\n|switch|p2b: Sneasler|Sneasler, L50, M|100/100\n|turn|1\n|\n|t:|1776124614\n|move|p1a: Tsareena|Protect|p1a: Tsareena\n|-singleturn|p1a: Tsareena|Protect\n|move|p2b: Sneasler|Fake Out||[still]\n|cant|p1a: Tsareena|ability: Queenly Majesty|Fake Out|[of] p2b: Sneasler\n|move|p2a: Dragapult|U-turn|p1a: Tsareena\n|-activate|p1a: Tsareena|move: Protect\n|move|p1b: Mamoswine|Earthquake|p2a: Dragapult|[spread] p2a,p2b\n|-activate|p1a: Tsareena|move: Protect\n|-supereffective|p2b: Sneasler|1\n|-damage|p2a: Dragapult|51/100\n|-enditem|p2b: Sneasler|Focus Sash\n|-damage|p2b: Sneasler|1/100\n|\n|upkeep\n|turn|2\n|\n|t:|1776124644\n|move|p2b: Sneasler|Close Combat|p1b: Mamoswine\n|-supereffective|p1b: Mamoswine|1\n|-damage|p1b: Mamoswine|0 fnt\n|-unboost|p2b: Sneasler|def|1\n|-unboost|p2b: Sneasler|spd|1\n|faint|p1b: Mamoswine\n|move|p2a: Dragapult|U-turn|p1a: Tsareena\n|-supereffective|p1a: Tsareena|1\n|-damage|p1a: Tsareena|39/100\n|\n|t:|1776124653\n|switch|p2a: Rotom|Rotom-Frost, L50|100/100|[from] U-turn\n|move|p1a: Tsareena|Power Whip|p2a: Rotom\n|-damage|p2a: Rotom|10/100\n|\n|upkeep\n|\n|t:|1776124668\n|switch|p1b: Delphox|Delphox, L50, M|100/100\n|turn|3\n|\n|t:|1776124683\n|detailschange|p1b: Delphox|Delphox-Mega, L50, M\n|-mega|p1b: Delphox|Delphox|Delphoxite\n|move|p1a: Tsareena|Protect|p1a: Tsareena\n|-singleturn|p1a: Tsareena|Protect\n|move|p2b: Sneasler|Throat Chop|p1b: Delphox\n|-supereffective|p1b: Delphox|1\n|-damage|p1b: Delphox|24/100\n|-start|p1b: Delphox|Throat Chop|[silent]\n|move|p1b: Delphox|Heat Wave|p2a: Rotom|[spread] p2a,p2b\n|-supereffective|p2a: Rotom|1\n|-damage|p2a: Rotom|0 fnt\n|-damage|p2b: Sneasler|0 fnt\n|faint|p2a: Rotom\n|faint|p2b: Sneasler\n|\n|upkeep\n|\n|t:|1776124695\n|switch|p2b: Froslass|Froslass, L50, F, shiny|100/100\n|switch|p2a: Dragapult|Dragapult, L50, M|51/100\n|turn|4\n|\n|t:|1776124709\n|switch|p1b: Samurott|Samurott-Hisui, L50, F|100/100\n|detailschange|p2b: Froslass|Froslass-Mega, L50, F, shiny\n|-mega|p2b: Froslass|Froslass|Froslassite\n|-weather|Snowscape|[from] ability: Snow Warning|[of] p2b: Froslass\n|move|p2a: Dragapult|Sucker Punch||[still]\n|cant|p1a: Tsareena|ability: Queenly Majesty|Sucker Punch|[of] p2a: Dragapult\n|move|p2b: Froslass|Blizzard|p1a: Tsareena|[spread] p1a,p1b\n|-supereffective|p1a: Tsareena|1\n|-resisted|p1b: Samurott|1\n|-damage|p1a: Tsareena|0 fnt\n|-damage|p1b: Samurott|61/100\n|faint|p1a: Tsareena\n|\n|-weather|Snowscape|[upkeep]\n|upkeep\n|\n|t:|1776124725\n|switch|p1a: Delphox|Delphox-Mega, L50, M|24/100\n|turn|5\n|\n|t:|1776124741\n|move|p1a: Delphox|Protect|p1a: Delphox\n|-singleturn|p1a: Delphox|Protect\n|move|p1b: Samurott|Sucker Punch|p2a: Dragapult\n|-supereffective|p2a: Dragapult|1\n|-damage|p2a: Dragapult|0 fnt\n|faint|p2a: Dragapult\n|move|p2b: Froslass|Blizzard|p1a: Delphox|[spread] p1b\n|-activate|p1a: Delphox|move: Protect\n|-resisted|p1b: Samurott|1\n|-damage|p1b: Samurott|24/100\n|\n|-weather|Snowscape|[upkeep]\n|upkeep\n|turn|6\n|inactive|Battle timer is ON: inactive players will automatically lose when time's up. (requested by loklastaji)\n|\n|t:|1776124778\n|move|p1b: Samurott|Sucker Punch||[still]\n|-fail|p1b: Samurott\n|move|p1a: Delphox|Heat Wave|p2b: Froslass\n|-supereffective|p2b: Froslass|1\n|-damage|p2b: Froslass|0 fnt\n|faint|p2b: Froslass\n|\n|win|loklastaji\n|raw|loklastaji's rating: 1251 &rarr; <strong>1272</strong><br />(+21 for winning)\n|raw|fa32's rating: 1199 &rarr; <strong>1178</strong><br />(-21 for losing)\n|l|\u2606fa32\n|player|p2|\n",
  "uploadtime": 1776124786,
  "views": 20,
  "formatid": "gen9championsvgc2026regma",
  "rating": 1178,
  "private": 0,
  "password": null
}