{
  "id": "gen9championsvgc2026regma-2584988964",
  "format": "[Gen 9 Champions] VGC 2026 Reg M-A",
  "players": [
    "Scoriox",
    "Otterz"
  ],
  "log": "|j|\u2606Scoriox\n|j|\u2606Otterz\n|t:|1776301036\n|gametype|doubles\n|player|p1|Scoriox|169|1394\n|player|p2|Otterz|backpacker|1406\n|gen|9\n|tier|[Gen 9 Champions] VGC 2026 Reg M-A\n|rated|\n|rule|Species Clause: Limit one of each Pok\u00e9mon\n|rule|Item Clause: Limit 1 of each item\n|clearpoke\n|poke|p1|Farigiraf, L50, F|\n|poke|p1|Sinistcha, L50|\n|poke|p1|Incineroar, L50, M|\n|poke|p1|Blastoise, L50, F|\n|poke|p1|Sylveon, L50, F|\n|poke|p1|Golurk, L50|\n|poke|p2|Meganium, L50, M|\n|poke|p2|Aegislash, L50, F|\n|poke|p2|Charizard, L50, M|\n|poke|p2|Sneasler, L50, M|\n|poke|p2|Aerodactyl, L50, M|\n|poke|p2|Rotom-Wash, L50|\n|teampreview|4\n|inactive|Battle timer is ON: inactive players will automatically lose when time's up. (requested by Scoriox)\nScoriox rejected open team sheets.\n|\n|t:|1776301067\n|teamsize|p1|4\n|teamsize|p2|4\n|start\n|switch|p1a: Farigiraf|Farigiraf, L50, F|100/100\n|switch|p1b: Incineroar|Incineroar, L50, M|100/100\n|switch|p2a: Meganium|Meganium, L50, M|100/100\n|switch|p2b: Aegislash|Aegislash, L50, F|100/100\n|-ability|p1b: Incineroar|Intimidate|boost\n|-unboost|p2a: Meganium|atk|1\n|-unboost|p2b: Aegislash|atk|1\n|turn|1\n|\n|t:|1776301091\n|switch|p2b: Rotom|Rotom-Wash, L50|100/100\n|detailschange|p2a: Meganium|Meganium-Mega, L50, M\n|-mega|p2a: Meganium|Meganium|Meganiumite\n|move|p1b: Incineroar|Fake Out|p2a: Meganium\n|-damage|p2a: Meganium|88/100\n|cant|p2a: Meganium|flinch\n|move|p1a: Farigiraf|Trick Room|p1a: Farigiraf\n|-fieldstart|move: Trick Room|[of] p1a: Farigiraf\n|\n|upkeep\n|turn|2\n|\n|t:|1776301103\n|move|p2a: Meganium|Protect|p2a: Meganium\n|-singleturn|p2a: Meganium|Protect\n|move|p1a: Farigiraf|Light Screen|p1a: Farigiraf\n|-sidestart|p1: Scoriox|move: Light Screen\n|move|p1b: Incineroar|Parting Shot|p2a: Meganium\n|-activate|p2a: Meganium|move: Protect\n|move|p2b: Rotom|Volt Switch|p1a: Farigiraf\n|-damage|p1a: Farigiraf|86/100\n|\n|t:|1776301114\n|switch|p2b: Aegislash|Aegislash, L50, F|100/100|[from] Volt Switch\n|\n|upkeep\n|turn|3\n|\n|t:|1776301128\n|move|p2b: Aegislash|King's Shield|p2b: Aegislash\n|-singleturn|p2b: Aegislash|Protect\n|move|p1a: Farigiraf|Psychic|p2a: Meganium\n|-damage|p2a: Meganium|58/100\n|move|p1b: Incineroar|Flare Blitz|p2a: Meganium\n|-supereffective|p2a: Meganium|1\n|-damage|p2a: Meganium|0 fnt\n|faint|p2a: Meganium\n|-damage|p1b: Incineroar|84/100|[from] Recoil\n|\n|upkeep\n|\n|t:|1776301138\n|switch|p2a: Rotom|Rotom-Wash, L50|100/100\n|turn|4\n|inactive|Scoriox has 30 seconds left.\n|\n|t:|1776301164\n|switch|p1a: Sinistcha|Sinistcha, L50|100/100\n|-heal|p1b: Incineroar|100/100|[from] ability: Hospitality|[of] p1a: Sinistcha\n|move|p1b: Incineroar|Parting Shot|p2a: Rotom\n|-unboost|p2a: Rotom|atk|1\n|-unboost|p2a: Rotom|spa|1\n|j| Choklit Milk\n|\n|t:|1776301171\n|switch|p1b: Blastoise|Blastoise, L50, F|100/100|[from] Parting Shot\n|move|p2b: Aegislash|Substitute|p2b: Aegislash\n|-start|p2b: Aegislash|Substitute\n|-damage|p2b: Aegislash|75/100\n|move|p2a: Rotom|Volt Switch|p1a: Sinistcha\n|-resisted|p1a: Sinistcha|1\n|-damage|p1a: Sinistcha|91/100\n|\n|t:|1776301173\n|switch|p2a: Sneasler|Sneasler, L50, M|100/100|[from] Volt Switch\n|\n|-heal|p2b: Aegislash|82/100|[from] item: Leftovers\n|-heal|p1a: Sinistcha|97/100|[from] item: Leftovers\n|upkeep\n|turn|5\n|l| Choklit Milk\n|\n|t:|1776301193\n|switch|p1a: Farigiraf|Farigiraf, L50, F|86/100\n|detailschange|p1b: Blastoise|Blastoise-Mega, L50, F\n|-mega|p1b: Blastoise|Blastoise|Blastoisinite\n|move|p2a: Sneasler|Fake Out||[still]\n|cant|p1a: Farigiraf|ability: Armor Tail|Fake Out|[of] p2a: Sneasler\n|-formechange|p2b: Aegislash|Aegislash-Blade|\n|move|p2b: Aegislash|Shadow Ball|p1a: Farigiraf\n|-immune|p1a: Farigiraf\n|move|p1b: Blastoise|Water Spout|p2a: Sneasler|[spread] p2a,p2b\n|-end|p2b: Aegislash|Substitute\n|-damage|p2a: Sneasler|18/100\n|\n|-heal|p2b: Aegislash|88/100|[from] item: Leftovers\n|-fieldend|move: Trick Room\n|upkeep\n|turn|6\n|-message|Otterz forfeited.\n|\n|win|Scoriox\n|raw|Scoriox's rating: 1394 &rarr; <strong>1415</strong><br />(+21 for winning)\n|raw|Otterz's rating: 1406 &rarr; <strong>1385</strong><br />(-21 for losing)\n|l|\u2606Otterz\n|player|p2|\n|c|\u2606Scoriox|gg\n|l|\u2606Scoriox\n|player|p1|\n",
  "uploadtime": 1776302052,
  "views": 32,
  "formatid": "gen9championsvgc2026regma",
  "rating": 1385,
  "private": 0,
  "password": null
}