{
  "id": "gen9championsvgc2026regma-2584338103",
  "format": "[Gen 9 Champions] VGC 2026 Reg M-A",
  "players": [
    "adarefixwillfixit",
    "daikenhc"
  ],
  "log": "|j|\u2606adarefixwillfixit\n|j|\u2606daikenhc\n|t:|1776252711\n|gametype|doubles\n|player|p1|adarefixwillfixit|169|1279\n|player|p2|daikenhc|170|1317\n|gen|9\n|tier|[Gen 9 Champions] VGC 2026 Reg M-A\n|rated|\n|rule|Species Clause: Limit one of each Pok\u00e9mon\n|rule|Item Clause: Limit 1 of each item\n|clearpoke\n|poke|p1|Floette-Eternal, L50, F|\n|poke|p1|Sinistcha, L50|\n|poke|p1|Kingambit, L50, M|\n|poke|p1|Milotic, L50, F|\n|poke|p1|Whimsicott, L50, M|\n|poke|p1|Delphox, L50, M|\n|poke|p2|Chandelure, L50, M|\n|poke|p2|Torkoal, L50, M|\n|poke|p2|Hatterene, L50, F|\n|poke|p2|Incineroar, L50, M|\n|poke|p2|Farigiraf, L50, M|\n|poke|p2|Milotic, L50, M|\n|teampreview|4\n|inactive|Battle timer is ON: inactive players will automatically lose when time's up. (requested by adarefixwillfixit)\n|inactive|adarefixwillfixit has 60 seconds left.\n|\n|t:|1776252745\n|teamsize|p1|4\n|teamsize|p2|4\n|start\n|switch|p1a: Kingambit|Kingambit, L50, M|100/100\n|switch|p1b: Delphox|Delphox, L50, M|100/100\n|switch|p2a: Farigiraf|Farigiraf, L50, M|100/100\n|switch|p2b: Hatterene|Hatterene, L50, F|100/100\n|turn|1\n|j| eheueheu\n|l| eheueheu\n|\n|t:|1776252763\n|detailschange|p1b: Delphox|Delphox-Mega, L50, M\n|-mega|p1b: Delphox|Delphox|Delphoxite\n|move|p1b: Delphox|Calm Mind|p1b: Delphox\n|-boost|p1b: Delphox|spa|1\n|-boost|p1b: Delphox|spd|1\n|move|p1a: Kingambit|Kowtow Cleave|p2a: Farigiraf\n|-supereffective|p2a: Farigiraf|1\n|-damage|p2a: Farigiraf|2/100\n|move|p2b: Hatterene|Dazzling Gleam|p1a: Kingambit|[spread] p1a,p1b\n|-resisted|p1b: Delphox|1\n|-damage|p1a: Kingambit|67/100\n|-damage|p1b: Delphox|90/100\n|move|p2a: Farigiraf|Trick Room|p2a: Farigiraf\n|-fieldstart|move: Trick Room|[of] p2a: Farigiraf\n|\n|upkeep\n|turn|2\n|inactive|daikenhc has 30 seconds left.\n|\n|t:|1776252790\n|move|p2b: Hatterene|Dazzling Gleam|p1b: Delphox|[spread] p1a,p1b\n|-resisted|p1b: Delphox|1\n|-crit|p1b: Delphox\n|-damage|p1a: Kingambit|33/100\n|-damage|p1b: Delphox|69/100\n|move|p1a: Kingambit|Swords Dance|p1a: Kingambit\n|-boost|p1a: Kingambit|atk|2\n|move|p2a: Farigiraf|Hyper Voice|p1a: Kingambit|[spread] p1a,p1b\n|-resisted|p1a: Kingambit|1\n|-crit|p1b: Delphox\n|-damage|p1a: Kingambit|15/100\n|-damage|p1b: Delphox|13/100\n|move|p1b: Delphox|Heat Wave|p2a: Farigiraf|[spread] p2a\n|-miss|p1b: Delphox|p2b: Hatterene\n|-damage|p2a: Farigiraf|0 fnt\n|faint|p2a: Farigiraf\n|\n|upkeep\n|\n|t:|1776252808\n|switch|p2a: Torkoal|Torkoal, L50, M|100/100\n|-weather|SunnyDay|[from] ability: Drought|[of] p2a: Torkoal\n|turn|3\n|\n|t:|1776252816\n|move|p1b: Delphox|Protect|p1b: Delphox\n|-singleturn|p1b: Delphox|Protect\n|move|p1a: Kingambit|Sucker Punch|p2a: Torkoal\n|-damage|p2a: Torkoal|41/100\n|move|p2a: Torkoal|Eruption|p1b: Delphox|[spread] p1a\n|-activate|p1b: Delphox|move: Protect\n|-supereffective|p1a: Kingambit|1\n|-damage|p1a: Kingambit|0 fnt\n|faint|p1a: Kingambit\n|move|p2b: Hatterene|Dazzling Gleam|p1b: Delphox\n|-activate|p1b: Delphox|move: Protect\n|\n|-weather|SunnyDay|[upkeep]\n|upkeep\n|\n|t:|1776252819\n|switch|p1a: Sinistcha|Sinistcha, L50|100/100\n|-heal|p1b: Delphox|38/100|[from] ability: Hospitality|[of] p1a: Sinistcha\n|turn|4\n|inactive|daikenhc has 30 seconds left.\n|\n|t:|1776252845\n|switch|p1b: Milotic|Milotic, L50, F|100/100\n|move|p2a: Torkoal|Overheat|p1b: Milotic\n|-resisted|p1b: Milotic|1\n|-damage|p1b: Milotic|71/100\n|-unboost|p2a: Torkoal|spa|2\n|-enditem|p2a: Torkoal|White Herb\n|-clearnegativeboost|p2a: Torkoal|[silent]\n|move|p2b: Hatterene|Dazzling Gleam|p1b: Milotic|[spread] p1a,p1b\n|-damage|p1a: Sinistcha|70/100\n|-damage|p1b: Milotic|44/100\n|move|p1a: Sinistcha|Trick Room|p1a: Sinistcha\n|-fieldend|move: Trick Room\n|\n|-weather|SunnyDay|[upkeep]\n|-heal|p1b: Milotic|50/100|[from] item: Leftovers\n|upkeep\n|turn|5\n|\n|t:|1776252867\n|move|p1b: Milotic|Scald|p2a: Torkoal\n|-supereffective|p2a: Torkoal|1\n|-damage|p2a: Torkoal|0 fnt\n|faint|p2a: Torkoal\n|move|p1a: Sinistcha|Matcha Gotcha|p2b: Hatterene\n|-damage|p2b: Hatterene|68/100\n|-heal|p1a: Sinistcha|85/100|[from] drain|[of] p2b: Hatterene\n|-status|p2b: Hatterene|brn\n|move|p2b: Hatterene|Trick Room|p2b: Hatterene\n|-fieldstart|move: Trick Room|[of] p2b: Hatterene\n|\n|-weather|SunnyDay|[upkeep]\n|-heal|p1b: Milotic|56/100|[from] item: Leftovers\n|-damage|p2b: Hatterene|61/100 brn|[from] brn\n|upkeep\n|\n|t:|1776252882\n|switch|p2a: Chandelure|Chandelure, L50, M|100/100\n|turn|6\n|\n|t:|1776252890\n|detailschange|p2a: Chandelure|Chandelure-Mega, L50, M\n|-mega|p2a: Chandelure|Chandelure|Chandelurite\n|move|p2b: Hatterene|Dazzling Gleam|p1a: Sinistcha|[spread] p1a,p1b\n|-damage|p1a: Sinistcha|49/100\n|-damage|p1b: Milotic|30/100\n|-enditem|p1a: Sinistcha|Sitrus Berry|[eat]\n|-heal|p1a: Sinistcha|74/100|[from] item: Sitrus Berry\n|move|p2a: Chandelure|Heat Wave|p1b: Milotic|[spread] p1a,p1b\n|-supereffective|p1a: Sinistcha|1\n|-resisted|p1b: Milotic|1\n|-damage|p1a: Sinistcha|0 fnt\n|-damage|p1b: Milotic|3/100\n|-status|p1b: Milotic|brn\n|faint|p1a: Sinistcha\n|move|p1b: Milotic|Scald|p2a: Chandelure\n|-supereffective|p2a: Chandelure|1\n|-damage|p2a: Chandelure|75/100\n|\n|-weather|SunnyDay|[upkeep]\n|-heal|p1b: Milotic|9/100 brn|[from] item: Leftovers\n|-damage|p2b: Hatterene|55/100 brn|[from] brn\n|-damage|p1b: Milotic|3/100 brn|[from] brn\n|upkeep\n|\n|t:|1776252901\n|switch|p1a: Delphox|Delphox-Mega, L50, M|38/100\n|turn|7\n|\n|t:|1776252910\n|move|p2b: Hatterene|Dazzling Gleam|p1a: Delphox|[spread] p1a,p1b\n|-resisted|p1a: Delphox|1\n|-crit|p1b: Milotic\n|-damage|p1a: Delphox|23/100\n|-damage|p1b: Milotic|0 fnt\n|faint|p1b: Milotic\n|move|p2a: Chandelure|Heat Wave|p1a: Delphox\n|-resisted|p1a: Delphox|1\n|-damage|p1a: Delphox|0 fnt\n|faint|p1a: Delphox\n|\n|win|daikenhc\n|raw|adarefixwillfixit's rating: 1279 &rarr; <strong>1257</strong><br />(-22 for losing)\n|raw|daikenhc's rating: 1317 &rarr; <strong>1335</strong><br />(+18 for winning)\n|l|\u2606adarefixwillfixit\n|player|p1|\n",
  "uploadtime": 1776252945,
  "views": 30,
  "formatid": "gen9championsvgc2026regma",
  "rating": 1257,
  "private": 0,
  "password": null
}