{
  "id": "gen9championsvgc2026regma-2582455162",
  "format": "[Gen 9 Champions] VGC 2026 Reg M-A",
  "players": [
    "knhvtfsdv",
    "Planthony"
  ],
  "log": "|j|\u2606knhvtfsdv\n|j|\u2606Planthony\n|t:|1776092797\n|gametype|doubles\n|player|p1|knhvtfsdv|170|1000\n|player|p2|Planthony|266|1065\n|gen|9\n|tier|[Gen 9 Champions] VGC 2026 Reg M-A\n|rated|\n|rule|Species Clause: Limit one of each Pok\u00e9mon\n|rule|Item Clause: Limit 1 of each item\n|clearpoke\n|poke|p1|Tyranitar, L50, M|\n|poke|p1|Excadrill, L50, M|\n|poke|p1|Hydreigon, L50, M|\n|poke|p1|Maushold-Four, L50|\n|poke|p1|Incineroar, L50, F|\n|poke|p1|Clawitzer, L50, F|\n|poke|p2|Delphox, L50, F|\n|poke|p2|Gardevoir, L50, F|\n|poke|p2|Incineroar, L50, M|\n|poke|p2|Meowscarada, L50, M|\n|poke|p2|Sneasler, L50, M|\n|poke|p2|Kingambit, L50, F|\n|teampreview|4\n|\n|t:|1776092841\n|teamsize|p1|4\n|teamsize|p2|4\n|start\n|switch|p1a: Tyranitar|Tyranitar, L50, M|100/100\n|switch|p1b: Excadrill|Excadrill, L50, M|100/100\n|switch|p2a: Incineroar|Incineroar, L50, M|100/100\n|switch|p2b: Meowscarada|Meowscarada, L50, M|100/100\n|-weather|Sandstorm|[from] ability: Sand Stream|[of] p1a: Tyranitar\n|-ability|p2a: Incineroar|Intimidate|boost\n|-unboost|p1a: Tyranitar|atk|1\n|-unboost|p1b: Excadrill|atk|1\n|turn|1\n|\n|t:|1776092861\n|move|p1a: Tyranitar|Protect|p1a: Tyranitar\n|-singleturn|p1a: Tyranitar|Protect\n|move|p2a: Incineroar|Fake Out|p1b: Excadrill\n|-resisted|p1b: Excadrill|1\n|-damage|p1b: Excadrill|94/100\n|cant|p1b: Excadrill|flinch\n|move|p2b: Meowscarada|Low Kick|p1a: Tyranitar\n|-start|p2b: Meowscarada|typechange|Fighting|[from] ability: Protean\n|-activate|p1a: Tyranitar|move: Protect\n|\n|-weather|Sandstorm|[upkeep]\n|-damage|p2b: Meowscarada|95/100|[from] Sandstorm\n|-damage|p2a: Incineroar|95/100|[from] Sandstorm\n|upkeep\n|turn|2\n|\n|t:|1776092876\n|switch|p1a: Hydreigon|Hydreigon, L50, M|100/100\n|move|p1b: Excadrill|Earthquake|p2b: Meowscarada|[spread] p2a,p2b\n|-immune|p1a: Hydreigon|[from] ability: Levitate\n|-supereffective|p2a: Incineroar|1\n|-damage|p2a: Incineroar|43/100\n|-damage|p2b: Meowscarada|45/100\n|-enditem|p2a: Incineroar|Sitrus Berry|[eat]\n|-heal|p2a: Incineroar|68/100|[from] item: Sitrus Berry\n|move|p2b: Meowscarada|Low Kick|p1b: Excadrill\n|-supereffective|p1b: Excadrill|1\n|-damage|p1b: Excadrill|10/100\n|move|p2a: Incineroar|Parting Shot|p1a: Hydreigon\n|-unboost|p1a: Hydreigon|atk|1\n|-unboost|p1a: Hydreigon|spa|1\n|\n|t:|1776092890\n|switch|p2a: Sneasler|Sneasler, L50, M|100/100|[from] Parting Shot\n|-enditem|p1a: Hydreigon|White Herb\n|-clearnegativeboost|p1a: Hydreigon|[silent]\n|\n|-weather|Sandstorm|[upkeep]\n|-damage|p2b: Meowscarada|39/100|[from] Sandstorm\n|-damage|p2a: Sneasler|95/100|[from] Sandstorm\n|-damage|p1a: Hydreigon|95/100|[from] Sandstorm\n|upkeep\n|turn|3\n|\n|t:|1776092910\n|switch|p2a: Incineroar|Incineroar, L50, M|68/100\n|-ability|p2a: Incineroar|Intimidate|boost\n|-unboost|p1a: Hydreigon|atk|1\n|-unboost|p1b: Excadrill|atk|1\n|move|p1b: Excadrill|Earthquake|p2a: Incineroar|[spread] p2a,p2b\n|-immune|p1a: Hydreigon|[from] ability: Levitate\n|-supereffective|p2a: Incineroar|1\n|-damage|p2a: Incineroar|26/100\n|-damage|p2b: Meowscarada|7/100\n|move|p2b: Meowscarada|Low Kick|p1a: Hydreigon\n|-supereffective|p1a: Hydreigon|1\n|-damage|p1a: Hydreigon|0 fnt\n|faint|p1a: Hydreigon\n|\n|-weather|Sandstorm|[upkeep]\n|-damage|p2b: Meowscarada|1/100|[from] Sandstorm\n|-damage|p2a: Incineroar|20/100|[from] Sandstorm\n|upkeep\n|\n|t:|1776092927\n|switch|p1a: Tyranitar|Tyranitar, L50, M|100/100\n|turn|4\n|\n|t:|1776092951\n|switch|p2b: Delphox|Delphox, L50, F|100/100\n|detailschange|p1a: Tyranitar|Tyranitar-Mega, L50, M\n|-mega|p1a: Tyranitar|Tyranitar|Tyranitarite\n|move|p1b: Excadrill|Protect|p1b: Excadrill\n|-singleturn|p1b: Excadrill|Protect\n|move|p1a: Tyranitar|Protect|p1a: Tyranitar\n|-singleturn|p1a: Tyranitar|Protect\n|move|p2a: Incineroar|Fake Out|p1b: Excadrill\n|-activate|p1b: Excadrill|move: Protect\n|\n|-weather|Sandstorm|[upkeep]\n|-damage|p2b: Delphox|95/100|[from] Sandstorm\n|-damage|p2a: Incineroar|14/100|[from] Sandstorm\n|upkeep\n|turn|5\n|\n|t:|1776092984\n|switch|p2a: Meowscarada|Meowscarada, L50, M|1/100\n|detailschange|p2b: Delphox|Delphox-Mega, L50, F\n|-mega|p2b: Delphox|Delphox|Delphoxite\n|move|p2b: Delphox|Protect|p2b: Delphox\n|-singleturn|p2b: Delphox|Protect\n|move|p1b: Excadrill|Poison Jab|p2a: Meowscarada\n|-supereffective|p2a: Meowscarada|1\n|-damage|p2a: Meowscarada|0 fnt\n|faint|p2a: Meowscarada\n|move|p1a: Tyranitar|Dragon Dance|p1a: Tyranitar\n|-boost|p1a: Tyranitar|atk|1\n|-boost|p1a: Tyranitar|spe|1\n|\n|-weather|none\n|upkeep\n|\n|t:|1776092997\n|switch|p2a: Incineroar|Incineroar, L50, M|14/100\n|-ability|p2a: Incineroar|Intimidate|boost\n|-unboost|p1a: Tyranitar|atk|1\n|-unboost|p1b: Excadrill|atk|1\n|turn|6\n|\n|t:|1776093014\n|move|p2a: Incineroar|Fake Out|p1a: Tyranitar\n|-resisted|p1a: Tyranitar|1\n|-damage|p1a: Tyranitar|97/100\n|move|p2b: Delphox|Substitute|p2b: Delphox\n|-start|p2b: Delphox|Substitute\n|-damage|p2b: Delphox|70/100\n|cant|p1a: Tyranitar|flinch\n|move|p1b: Excadrill|Poison Jab|p2a: Incineroar\n|-damage|p2a: Incineroar|2/100\n|\n|upkeep\n|turn|7\n|\n|t:|1776093032\n|move|p1b: Excadrill|Protect|p1b: Excadrill\n|-singleturn|p1b: Excadrill|Protect\n|move|p2b: Delphox|Heat Wave|p1a: Tyranitar|[spread] p1a\n|-activate|p1b: Excadrill|move: Protect\n|-resisted|p1a: Tyranitar|1\n|-damage|p1a: Tyranitar|80/100\n|move|p1a: Tyranitar|Rock Slide|p2b: Delphox|[spread] p2a,p2b\n|-supereffective|p2b: Delphox|1\n|-end|p2b: Delphox|Substitute\n|-supereffective|p2a: Incineroar|1\n|-damage|p2a: Incineroar|0 fnt\n|faint|p2a: Incineroar\n|\n|upkeep\n|\n|t:|1776093042\n|switch|p2a: Sneasler|Sneasler, L50, M|95/100\n|turn|8\n|\n|t:|1776093058\n|switch|p1a: Clawitzer|Clawitzer, L50, F|100/100\n|move|p1b: Excadrill|Protect||[still]\n|-fail|p1b: Excadrill\n|move|p2b: Delphox|Heat Wave|p1a: Clawitzer|[spread] p1a,p1b\n|-resisted|p1a: Clawitzer|1\n|-supereffective|p1b: Excadrill|1\n|-damage|p1a: Clawitzer|73/100\n|-damage|p1b: Excadrill|0 fnt\n|faint|p1b: Excadrill\n|move|p2a: Sneasler|Close Combat|p1a: Clawitzer\n|-damage|p1a: Clawitzer|0 fnt\n|-unboost|p2a: Sneasler|def|1\n|-unboost|p2a: Sneasler|spd|1\n|faint|p1a: Clawitzer\n|-enditem|p2a: Sneasler|White Herb\n|-clearnegativeboost|p2a: Sneasler|[silent]\n|\n|upkeep\n|\n|t:|1776093068\n|switch|p1b: Tyranitar|Tyranitar-Mega, L50, M|80/100\n|-weather|Sandstorm|[from] ability: Sand Stream|[of] p1b: Tyranitar\n|turn|9\n|\n|t:|1776093075\n|move|p1b: Tyranitar|Protect|p1b: Tyranitar\n|-singleturn|p1b: Tyranitar|Protect\n|move|p2a: Sneasler|Close Combat|p1b: Tyranitar\n|-activate|p1b: Tyranitar|move: Protect\n|move|p2b: Delphox|Substitute|p2b: Delphox\n|-start|p2b: Delphox|Substitute\n|-damage|p2b: Delphox|46/100\n|\n|-weather|Sandstorm|[upkeep]\n|-damage|p2a: Sneasler|89/100|[from] Sandstorm\n|-damage|p2b: Delphox|40/100|[from] Sandstorm\n|upkeep\n|turn|10\n|\n|t:|1776093085\n|move|p2a: Sneasler|Close Combat|p1b: Tyranitar\n|-supereffective|p1b: Tyranitar|2\n|-damage|p1b: Tyranitar|0 fnt\n|-unboost|p2a: Sneasler|def|1\n|-unboost|p2a: Sneasler|spd|1\n|faint|p1b: Tyranitar\n|\n|win|Planthony\n|raw|knhvtfsdv's rating: 1000 &rarr; <strong>1000</strong><br />(+0 for losing)\n|raw|Planthony's rating: 1065 &rarr; <strong>1090</strong><br />(+25 for winning)\n|l|\u2606knhvtfsdv\n|player|p1|\n",
  "uploadtime": 1776093090,
  "views": 22,
  "formatid": "gen9championsvgc2026regma",
  "rating": 1000,
  "private": 0,
  "password": null
}