{
  "id": "gen9championsvgc2026regma-2585338865",
  "format": "[Gen 9 Champions] VGC 2026 Reg M-A",
  "players": [
    "AkinoTenshi",
    "colfox"
  ],
  "log": "|j|\u2606AkinoTenshi\n|j|\u203dcolfox\n|t:|1776339282\n|gametype|doubles\n|player|p1|AkinoTenshi|schoolkidf|1205\n|player|p2|colfox|2|1243\n|gen|9\n|tier|[Gen 9 Champions] VGC 2026 Reg M-A\n|rated|\n|rule|Species Clause: Limit one of each Pok\u00e9mon\n|rule|Item Clause: Limit 1 of each item\n|clearpoke\n|poke|p1|Froslass, L50, F|\n|poke|p1|Garchomp, L50, M|\n|poke|p1|Rotom-Frost, L50|\n|poke|p1|Empoleon, L50, F|\n|poke|p1|Incineroar, L50, F|\n|poke|p1|Kingambit, L50, M|\n|poke|p2|Sylveon, L50, M|\n|poke|p2|Garchomp, L50, M|\n|poke|p2|Milotic, L50, F|\n|poke|p2|Ninetales, L50, M|\n|poke|p2|Raichu, L50, F|\n|poke|p2|Scizor, L50, F|\n|teampreview|4\n|\n|t:|1776339318\n|teamsize|p1|4\n|teamsize|p2|4\n|start\n|switch|p1a: Froslass|Froslass, L50, F|100/100\n|switch|p1b: Rotom|Rotom-Frost, L50|100/100\n|switch|p2a: Raichu|Raichu, L50, F|100/100\n|switch|p2b: Sylveon|Sylveon, L50, M|100/100\n|turn|1\n|\n|t:|1776339344\n|detailschange|p1a: Froslass|Froslass-Mega, L50, F\n|-mega|p1a: Froslass|Froslass|Froslassite\n|-weather|Snowscape|[from] ability: Snow Warning|[of] p1a: Froslass\n|move|p2a: Raichu|Fake Out|p1b: Rotom\n|-damage|p1b: Rotom|93/100\n|cant|p1b: Rotom|flinch\n|move|p1a: Froslass|Blizzard|p2a: Raichu|[spread] p2a,p2b\n|-damage|p2a: Raichu|29/100\n|-damage|p2b: Sylveon|64/100\n|move|p2b: Sylveon|Mystical Fire|p1a: Froslass\n|-supereffective|p1a: Froslass|1\n|-damage|p1a: Froslass|43/100\n|-unboost|p1a: Froslass|spa|1\n|\n|-weather|Snowscape|[upkeep]\n|upkeep\n|turn|2\n|\n|t:|1776339387\n|move|p1a: Froslass|Protect|p1a: Froslass\n|-singleturn|p1a: Froslass|Protect\n|move|p1b: Rotom|Volt Switch|p2a: Raichu\n|-activate|p2a: Raichu|ability: Lightning Rod\n|-ability|p2a: Raichu|Lightning Rod|boost\n|-boost|p2a: Raichu|spa|1\n|move|p2a: Raichu|Thunderbolt|p1a: Froslass\n|-activate|p1a: Froslass|move: Protect\n|move|p2b: Sylveon|Hyper Voice|p1b: Rotom|[spread] p1b\n|-activate|p1a: Froslass|move: Protect\n|-damage|p1b: Rotom|27/100\n|\n|-weather|Snowscape|[upkeep]\n|upkeep\n|turn|3\n|\n|t:|1776339416\n|switch|p1b: Incineroar|Incineroar, L50, F|100/100\n|-ability|p1b: Incineroar|Intimidate|boost\n|-unboost|p2a: Raichu|atk|1\n|-unboost|p2b: Sylveon|atk|1\n|move|p2a: Raichu|Volt Switch|p1a: Froslass\n|-damage|p1a: Froslass|0 fnt\n|faint|p1a: Froslass\n|\n|t:|1776339426\n|switch|p2a: Ninetales|Ninetales, L50, M|100/100|[from] Volt Switch\n|-weather|SunnyDay|[from] ability: Drought|[of] p2a: Ninetales\n|move|p2b: Sylveon|Hyper Voice|p1b: Incineroar\n|-damage|p1b: Incineroar|38/100\n|-enditem|p1b: Incineroar|Sitrus Berry|[eat]\n|-heal|p1b: Incineroar|62/100|[from] item: Sitrus Berry\n|\n|-weather|SunnyDay|[upkeep]\n|upkeep\n|\n|t:|1776339443\n|switch|p1a: Rotom|Rotom-Frost, L50|27/100\n|turn|4\n|\n|t:|1776339471\n|move|p1b: Incineroar|Fake Out|p2a: Ninetales\n|-damage|p2a: Ninetales|83/100\n|move|p1a: Rotom|Electroweb|p2a: Ninetales|[spread] p2a,p2b\n|-damage|p2a: Ninetales|66/100\n|-damage|p2b: Sylveon|52/100\n|-unboost|p2a: Ninetales|spe|1\n|-unboost|p2b: Sylveon|spe|1\n|cant|p2a: Ninetales|flinch\n|move|p2b: Sylveon|Hyper Voice|p1b: Incineroar|[spread] p1a,p1b\n|-crit|p1a: Rotom\n|-damage|p1a: Rotom|0 fnt\n|-damage|p1b: Incineroar|15/100\n|faint|p1a: Rotom\n|\n|-weather|SunnyDay|[upkeep]\n|upkeep\n|\n|t:|1776339486\n|switch|p1a: Garchomp|Garchomp, L50, M|100/100\n|turn|5\n|\n|t:|1776339507\n|move|p2a: Ninetales|Helping Hand|p2b: Sylveon\n|-singleturn|p2b: Sylveon|Helping Hand|[of] p2a: Ninetales\n|move|p1a: Garchomp|Rock Slide|p2b: Sylveon|[spread] p2a,p2b\n|-supereffective|p2a: Ninetales|1\n|-damage|p2a: Ninetales|22/100\n|-damage|p2b: Sylveon|27/100\n|move|p1b: Incineroar|Darkest Lariat|p2a: Ninetales\n|-damage|p2a: Ninetales|0 fnt\n|faint|p2a: Ninetales\n|move|p2b: Sylveon|Hyper Voice|p1a: Garchomp|[spread] p1a,p1b\n|-supereffective|p1a: Garchomp|1\n|-damage|p1a: Garchomp|0 fnt\n|-damage|p1b: Incineroar|0 fnt\n|faint|p1a: Garchomp\n|faint|p1b: Incineroar\n|\n|win|colfox\n|raw|AkinoTenshi's rating: 1205 &rarr; <strong>1183</strong><br />(-22 for losing)\n|raw|colfox's rating: 1243 &rarr; <strong>1265</strong><br />(+22 for winning)\n",
  "uploadtime": 1776339526,
  "views": 44,
  "formatid": "gen9championsvgc2026regma",
  "rating": 1183,
  "private": 0,
  "password": null
}