{
  "id": "gen9championsvgc2026regma-2588333161",
  "format": "[Gen 9 Champions] VGC 2026 Reg M-A",
  "players": [
    "justluke7750",
    "flygonair"
  ],
  "log": "|j|\u2606justluke7750\n|j|\u2606flygonair\n|t:|1776624884\n|gametype|doubles\n|player|p1|justluke7750|2|1162\n|player|p2|flygonair|colress|1163\n|gen|9\n|tier|[Gen 9 Champions] VGC 2026 Reg M-A\n|rated|\n|rule|Species Clause: Limit one of each Pok\u00e9mon\n|rule|Item Clause: Limit 1 of each item\n|clearpoke\n|poke|p1|Charizard, L50, M|\n|poke|p1|Whimsicott, L50, M|\n|poke|p1|Farigiraf, L50, F|\n|poke|p1|Sneasler, L50, M|\n|poke|p1|Garchomp, L50, F|\n|poke|p1|Kingambit, L50, F|\n|poke|p2|Froslass, L50, F|\n|poke|p2|Incineroar, L50, M|\n|poke|p2|Goodra-Hisui, L50, M|\n|poke|p2|Volcarona, L50, F|\n|poke|p2|Rotom-Wash, L50|\n|poke|p2|Sinistcha, L50|\n|teampreview|4\n|inactive|Battle timer is ON: inactive players will automatically lose when time's up. (requested by flygonair)\njustluke7750 has agreed to open team sheets.\n|inactive|flygonair has 60 seconds left.\n|\n|t:|1776624941\n|teamsize|p1|4\n|teamsize|p2|4\n|start\n|switch|p1a: Charizard|Charizard, L50, M|100/100\n|switch|p1b: Whimsicott|Whimsicott, L50, M|100/100\n|switch|p2a: Froslass|Froslass, L50, F|100/100\n|switch|p2b: Rotom|Rotom-Wash, L50|100/100\n|turn|1\n|inactive|flygonair has 30 seconds left.\n|\n|t:|1776624968\n|move|p2a: Froslass|Protect|p2a: Froslass\n|-singleturn|p2a: Froslass|Protect\n|move|p1a: Charizard|Protect|p1a: Charizard\n|-singleturn|p1a: Charizard|Protect\n|move|p1b: Whimsicott|Tailwind|p1b: Whimsicott\n|-sidestart|p1: justluke7750|move: Tailwind\n|move|p2b: Rotom|Thunderbolt|p1a: Charizard\n|-activate|p1a: Charizard|move: Protect\n|\n|upkeep\n|turn|2\n|inactive|justluke7750 has 30 seconds left.\n|\n|t:|1776625002\n|switch|p2a: Incineroar|Incineroar, L50, M|100/100\n|-ability|p2a: Incineroar|Intimidate|boost\n|-unboost|p1a: Charizard|atk|1\n|-unboost|p1b: Whimsicott|atk|1\n|detailschange|p1a: Charizard|Charizard-Mega-Y, L50, M\n|-mega|p1a: Charizard|Charizard|Charizardite Y\n|-weather|SunnyDay|[from] ability: Drought|[of] p1a: Charizard\n|move|p1b: Whimsicott|Encore|p2a: Incineroar\n|-hint|Since gen 7, Dark is immune to Prankster moves.\n|-immune|p2a: Incineroar\n|move|p1a: Charizard|Heat Wave|p2b: Rotom|[spread] p2a,p2b\n|-resisted|p2a: Incineroar|1\n|-resisted|p2b: Rotom|1\n|-damage|p2a: Incineroar|78/100\n|-damage|p2b: Rotom|56/100\n|move|p2b: Rotom|Thunderbolt|p1a: Charizard\n|-supereffective|p1a: Charizard|1\n|-damage|p1a: Charizard|19/100\n|\n|-weather|SunnyDay|[upkeep]\n|upkeep\n|turn|3\n|inactive|flygonair has 30 seconds left.\n|inactive|flygonair has 20 seconds left.\n|inactive|flygonair has 15 seconds left.\n|inactive|flygonair has 10 seconds left.\n|\n|t:|1776625051\n|switch|p2b: Volcarona|Volcarona, L50, F|100/100\n|move|p1b: Whimsicott|Protect|p1b: Whimsicott\n|-singleturn|p1b: Whimsicott|Protect\n|move|p1a: Charizard|Protect|p1a: Charizard\n|-singleturn|p1a: Charizard|Protect\n|move|p2a: Incineroar|Flare Blitz|p1b: Whimsicott\n|-activate|p1b: Whimsicott|move: Protect\n|\n|-weather|SunnyDay|[upkeep]\n|upkeep\n|turn|4\n|\n|t:|1776625074\n|move|p2b: Volcarona|Protect|p2b: Volcarona\n|-singleturn|p2b: Volcarona|Protect\n|move|p1a: Charizard|Heat Wave|p2a: Incineroar|[spread] p2a\n|-activate|p2b: Volcarona|move: Protect\n|-resisted|p2a: Incineroar|1\n|-damage|p2a: Incineroar|57/100\n|move|p1b: Whimsicott|Moonblast|p2a: Incineroar\n|-damage|p2a: Incineroar|39/100\n|-enditem|p2a: Incineroar|Sitrus Berry|[eat]\n|-heal|p2a: Incineroar|64/100|[from] item: Sitrus Berry\n|move|p2a: Incineroar|Flare Blitz|p1b: Whimsicott\n|-supereffective|p1b: Whimsicott|1\n|-enditem|p1b: Whimsicott|Focus Sash\n|-damage|p1b: Whimsicott|1/100\n|-damage|p2a: Incineroar|42/100|[from] Recoil\n|\n|-weather|SunnyDay|[upkeep]\n|-sideend|p1: justluke7750|move: Tailwind\n|upkeep\n|turn|5\n|inactive|flygonair has 30 seconds left.\n|inactive|flygonair has 20 seconds left.\n|inactive|flygonair has 15 seconds left.\n|\n|t:|1776625114\n|switch|p2b: Rotom|Rotom-Wash, L50|56/100\n|move|p1b: Whimsicott|Tailwind|p1b: Whimsicott\n|-sidestart|p1: justluke7750|move: Tailwind\n|move|p1a: Charizard|Heat Wave|p2a: Incineroar|[spread] p2a,p2b\n|-resisted|p2a: Incineroar|1\n|-resisted|p2b: Rotom|1\n|-damage|p2a: Incineroar|20/100\n|-damage|p2b: Rotom|16/100\n|move|p2a: Incineroar|Flare Blitz|p1a: Charizard\n|-resisted|p1a: Charizard|1\n|-damage|p1a: Charizard|0 fnt\n|faint|p1a: Charizard\n|-damage|p2a: Incineroar|15/100|[from] Recoil\n|\n|-weather|SunnyDay|[upkeep]\n|upkeep\n|inactive|justluke7750 has 30 seconds left.\n|\n|t:|1776625140\n|switch|p1a: Garchomp|Garchomp, L50, F|100/100\n|turn|6\n|\n|t:|1776625162\n|switch|p2a: Volcarona|Volcarona, L50, F|100/100\n|move|p1b: Whimsicott|Protect|p1b: Whimsicott\n|-singleturn|p1b: Whimsicott|Protect\n|move|p1a: Garchomp|Rock Slide|p2b: Rotom|[spread] p2a,p2b\n|-supereffective|p2a: Volcarona|2\n|-damage|p2a: Volcarona|28/100\n|-damage|p2b: Rotom|0 fnt\n|faint|p2b: Rotom\n|\n|-weather|none\n|upkeep\n|\n|t:|1776625176\n|switch|p2b: Froslass|Froslass, L50, F|100/100\n|turn|7\n|\n|t:|1776625187\n|switch|p1b: Sneasler|Sneasler, L50, M|100/100\n|detailschange|p2b: Froslass|Froslass-Mega, L50, F\n|-mega|p2b: Froslass|Froslass|Froslassite\n|-weather|Snowscape|[from] ability: Snow Warning|[of] p2b: Froslass\n|move|p2a: Volcarona|Protect|p2a: Volcarona\n|-singleturn|p2a: Volcarona|Protect\n|move|p1a: Garchomp|Rock Slide|p2b: Froslass|[spread] p2b\n|-activate|p2a: Volcarona|move: Protect\n|-supereffective|p2b: Froslass|1\n|-damage|p2b: Froslass|67/100\n|cant|p2b: Froslass|flinch\n|\n|-weather|Snowscape|[upkeep]\n|upkeep\n|turn|8\n|inactive|justluke7750 has 30 seconds left.\n|\n|t:|1776625217\n|switch|p2a: Incineroar|Incineroar, L50, M|15/100\n|-ability|p2a: Incineroar|Intimidate|boost\n|-unboost|p1a: Garchomp|atk|1\n|-unboost|p1b: Sneasler|atk|1\n|-enditem|p1b: Sneasler|White Herb\n|-clearnegativeboost|p1b: Sneasler|[silent]\n|move|p1b: Sneasler|Protect|p1b: Sneasler\n|-singleturn|p1b: Sneasler|Protect\n|move|p2b: Froslass|Protect|p2b: Froslass\n|-singleturn|p2b: Froslass|Protect\n|move|p1a: Garchomp|Rock Slide|p2a: Incineroar|[spread] p2a\n|-activate|p2b: Froslass|move: Protect\n|-supereffective|p2a: Incineroar|1\n|-damage|p2a: Incineroar|0 fnt\n|faint|p2a: Incineroar\n|\n|-weather|Snowscape|[upkeep]\n|-sideend|p1: justluke7750|move: Tailwind\n|upkeep\n|\n|t:|1776625232\n|switch|p2a: Volcarona|Volcarona, L50, F|28/100\n|turn|9\n|\n|t:|1776625247\n|switch|p1b: Whimsicott|Whimsicott, L50, M|1/100\n|move|p1a: Garchomp|Rock Slide|p2a: Volcarona|[spread] p2a,p2b\n|-supereffective|p2a: Volcarona|2\n|-supereffective|p2b: Froslass|1\n|-damage|p2a: Volcarona|0 fnt\n|-damage|p2b: Froslass|43/100\n|faint|p2a: Volcarona\n|cant|p2b: Froslass|flinch\n|\n|-weather|Snowscape|[upkeep]\n|upkeep\n|turn|10\n|-message|flygonair forfeited.\n|\n|win|justluke7750\n|raw|justluke7750's rating: 1162 &rarr; <strong>1187</strong><br />(+25 for winning)\n|raw|flygonair's rating: 1163 &rarr; <strong>1138</strong><br />(-25 for losing)\n|l|\u2606flygonair\n|player|p2|\n",
  "uploadtime": 1776625314,
  "views": 20,
  "formatid": "gen9championsvgc2026regma",
  "rating": 1138,
  "private": 0,
  "password": null
}