{
  "id": "gen9championsvgc2026regma-2588348194",
  "format": "[Gen 9 Champions] VGC 2026 Reg M-A",
  "players": [
    "DamaniWarrior",
    "sintist"
  ],
  "log": "|j|\u2606DamaniWarrior\n|j|\u2606sintist\n|t:|1776626106\n|gametype|doubles\n|player|p1|DamaniWarrior|pokemaniac|1202\n|player|p2|sintist|265|1116\n|gen|9\n|tier|[Gen 9 Champions] VGC 2026 Reg M-A\n|rated|\n|rule|Species Clause: Limit one of each Pok\u00e9mon\n|rule|Item Clause: Limit 1 of each item\n|clearpoke\n|poke|p1|Charizard, L50, M, shiny|\n|poke|p1|Venusaur, L50, F|\n|poke|p1|Garchomp, L50, M|\n|poke|p1|Whimsicott, L50, M, shiny|\n|poke|p1|Milotic, L50, F|\n|poke|p1|Kingambit, L50, M|\n|poke|p2|Farigiraf, L50, F|\n|poke|p2|Sinistcha-Masterpiece, L50|\n|poke|p2|Excadrill, L50, M|\n|poke|p2|Camerupt, L50, F|\n|poke|p2|Torkoal, L50, F|\n|poke|p2|Garchomp, L50, M|\n|teampreview|4\n|\n|t:|1776626140\n|teamsize|p1|4\n|teamsize|p2|4\n|start\n|switch|p1a: Milotic|Milotic, L50, F|100/100\n|switch|p1b: Big Poe|Kingambit, L50, M|100/100\n|switch|p2a: Farigiraf|Farigiraf, L50, F|100/100\n|switch|p2b: Sinistcha|Sinistcha-Masterpiece, L50|100/100\n|turn|1\n|inactive|Battle timer is ON: inactive players will automatically lose when time's up. (requested by DamaniWarrior)\n|\n|t:|1776626163\n|move|p1a: Milotic|Protect|p1a: Milotic\n|-singleturn|p1a: Milotic|Protect\n|move|p2b: Sinistcha|Rage Powder|p2b: Sinistcha\n|-singleturn|p2b: Sinistcha|move: Rage Powder\n|move|p1b: Big Poe|Kowtow Cleave|p2b: Sinistcha\n|-supereffective|p2b: Sinistcha|1\n|-enditem|p2b: Sinistcha|Colbur Berry|[eat]\n|-enditem|p2b: Sinistcha|Colbur Berry|[weaken]\n|-damage|p2b: Sinistcha|56/100\n|move|p2a: Farigiraf|Trick Room|p2a: Farigiraf\n|-fieldstart|move: Trick Room|[of] p2a: Farigiraf\n|\n|upkeep\n|turn|2\n|inactive|DamaniWarrior has 30 seconds left.\n|inactive|sintist has 30 seconds left.\n|inactive|DamaniWarrior has 20 seconds left.\n|inactive|DamaniWarrior has 15 seconds left.\n|inactive|DamaniWarrior has 10 seconds left.\n|inactive|DamaniWarrior has 5 seconds left.\n|\n|t:|1776626218\n|move|p2a: Farigiraf|Sunny Day|p2a: Farigiraf\n|-weather|SunnyDay\n|move|p2b: Sinistcha|Matcha Gotcha|p1a: Milotic|[spread] p1a,p1b\n|-supereffective|p1a: Milotic|1\n|-resisted|p1b: Big Poe|1\n|-damage|p1a: Milotic|64/100\n|-heal|p2b: Sinistcha|77/100|[from] drain|[of] p1a: Milotic\n|-damage|p1b: Big Poe|88/100\n|-heal|p2b: Sinistcha|84/100|[from] drain|[of] p1b: Big Poe\n|-status|p1a: Milotic|brn\n|move|p1a: Milotic|Icy Wind|p2a: Farigiraf|[spread] p2a,p2b\n|-supereffective|p2b: Sinistcha|1\n|-damage|p2a: Farigiraf|91/100\n|-damage|p2b: Sinistcha|61/100\n|-unboost|p2a: Farigiraf|spe|1\n|-unboost|p2b: Sinistcha|spe|1\n|move|p1b: Big Poe|Kowtow Cleave|p2a: Farigiraf\n|-supereffective|p2a: Farigiraf|1\n|-damage|p2a: Farigiraf|0 fnt\n|faint|p2a: Farigiraf\n|\n|-weather|SunnyDay|[upkeep]\n|-heal|p1a: Milotic|70/100 brn|[from] item: Leftovers\n|-damage|p1a: Milotic|64/100 brn|[from] brn\n|upkeep\n|inactive|sintist has 30 seconds left.\n|\n|t:|1776626249\n|switch|p2a: Torkoal|Torkoal, L50, F|100/100\n|turn|3\n|\n|t:|1776626256\n|move|p2b: Sinistcha|Rage Powder|p2b: Sinistcha\n|-singleturn|p2b: Sinistcha|move: Rage Powder\n|move|p1b: Big Poe|Sucker Punch||[still]\n|-fail|p1b: Big Poe\n|move|p2a: Torkoal|Eruption|p1a: Milotic|[spread] p1a,p1b\n|-resisted|p1a: Milotic|1\n|-supereffective|p1b: Big Poe|1\n|-damage|p1a: Milotic|30/100 brn\n|-damage|p1b: Big Poe|0 fnt\n|faint|p1b: Big Poe\n|move|p1a: Milotic|Scald|p2b: Sinistcha\n|-resisted|p2b: Sinistcha|1\n|-damage|p2b: Sinistcha|53/100\n|-status|p2b: Sinistcha|brn\n|\n|-weather|SunnyDay|[upkeep]\n|-heal|p1a: Milotic|36/100 brn|[from] item: Leftovers\n|-damage|p2b: Sinistcha|47/100 brn|[from] brn\n|-damage|p1a: Milotic|30/100 brn|[from] brn\n|upkeep\n|\n|t:|1776626264\n|switch|p1b: Jeff|Garchomp, L50, M|100/100\n|turn|4\n|\n|t:|1776626281\n|move|p2a: Torkoal|Eruption|p1a: Milotic|[spread] p1a,p1b\n|-resisted|p1a: Milotic|1\n|-resisted|p1b: Jeff|1\n|-damage|p1a: Milotic|0 fnt\n|-damage|p1b: Jeff|53/100\n|faint|p1a: Milotic\n|move|p2b: Sinistcha|Matcha Gotcha|p1b: Jeff\n|-damage|p1b: Jeff|19/100\n|-heal|p2b: Sinistcha|65/100 brn|[from] drain|[of] p1b: Jeff\n|-status|p1b: Jeff|brn\n|move|p1b: Jeff|Earthquake|p2a: Torkoal|[spread] p2a,p2b\n|-supereffective|p2a: Torkoal|1\n|-resisted|p2b: Sinistcha|1\n|-damage|p2a: Torkoal|68/100\n|-damage|p2b: Sinistcha|58/100 brn\n|\n|-weather|SunnyDay|[upkeep]\n|-damage|p2b: Sinistcha|52/100 brn|[from] brn\n|-damage|p1b: Jeff|13/100 brn|[from] brn\n|upkeep\n|\n|t:|1776626294\n|switch|p1a: W Chud|Charizard, L50, M, shiny|100/100\n|turn|5\n|inactive|sintist has 30 seconds left.\n|inactive|sintist has 20 seconds left.\n|\n|t:|1776626332\n|switch|p2b: Camerupt|Camerupt, L50, F|100/100\n|detailschange|p1a: W Chud|Charizard-Mega-Y, L50, M, shiny\n|-mega|p1a: W Chud|Charizard|Charizardite Y\n|move|p2a: Torkoal|Eruption|p1a: W Chud|[spread] p1a,p1b\n|-resisted|p1a: W Chud|1\n|-resisted|p1b: Jeff|1\n|-damage|p1a: W Chud|73/100\n|-damage|p1b: Jeff|0 fnt\n|faint|p1b: Jeff\n|move|p1a: W Chud|Weather Ball|p2b: Camerupt\n|-resisted|p2b: Camerupt|1\n|-damage|p2b: Camerupt|39/100\n|\n|-weather|SunnyDay|[upkeep]\n|-fieldend|move: Trick Room\n|upkeep\n|turn|6\n|\n|t:|1776626351\n|switch|p2a: Sinistcha|Sinistcha-Masterpiece, L50|52/100 brn\n|-heal|p2b: Camerupt|64/100|[from] ability: Hospitality|[of] p2a: Sinistcha\n|detailschange|p2b: Camerupt|Camerupt-Mega, L50, F\n|-mega|p2b: Camerupt|Camerupt|Cameruptite\n|move|p1a: W Chud|Weather Ball|p2b: Camerupt\n|-resisted|p2b: Camerupt|1\n|-damage|p2b: Camerupt|23/100\n|move|p2b: Camerupt|Ancient Power|p1a: W Chud\n|-supereffective|p1a: W Chud|2\n|-damage|p1a: W Chud|0 fnt\n|faint|p1a: W Chud\n|\n|win|sintist\n|raw|DamaniWarrior's rating: 1202 &rarr; <strong>1171</strong><br />(-31 for losing)\n|raw|sintist's rating: 1116 &rarr; <strong>1147</strong><br />(+31 for winning)\n",
  "uploadtime": 1776626365,
  "views": 30,
  "formatid": "gen9championsvgc2026regma",
  "rating": 1147,
  "private": 0,
  "password": null
}