{
  "id": "gen9championsvgc2026regma-2580376403",
  "format": "[Gen 9 Champions] VGC 2026 Reg M-A",
  "players": [
    "Oreo_Stars",
    "MegaArmarougeWhen"
  ],
  "log": "|j|\u2606Oreo_Stars\n|j|\u203dMegaArmarougeWhen\n|t:|1775887350\n|gametype|doubles\n|player|p1|Oreo_Stars|1|1040\n|player|p2|MegaArmarougeWhen|1|1110\n|gen|9\n|tier|[Gen 9 Champions] VGC 2026 Reg M-A\n|rated|\n|rule|Species Clause: Limit one of each Pok\u00e9mon\n|rule|Item Clause: Limit 1 of each item\n|clearpoke\n|poke|p1|Incineroar, L50, F|\n|poke|p1|Corviknight, L50, F|\n|poke|p1|Sinistcha, L50|\n|poke|p1|Maushold, L50|\n|poke|p1|Froslass, L50, F|\n|poke|p1|Gardevoir, L50, F|\n|poke|p2|Dragapult, L50, F|\n|poke|p2|Aerodactyl, L50, M|\n|poke|p2|Sinistcha, L50|\n|poke|p2|Lucario, L50, M|\n|poke|p2|Farigiraf, L50, M|\n|poke|p2|Charizard, L50, F|\n|teampreview|4\n|inactive|Battle timer is ON: inactive players will automatically lose when time's up. (requested by Oreo_Stars)\n|l|\u2606Oreo_Stars\n|inactive|Oreo_Stars disconnected and has a minute to reconnect!\n|player|p1|\n|j|\u2606Oreo_Stars\n|inactive|Oreo_Stars reconnected and has 80 seconds left.\n|player|p1|Oreo_Stars|1|\n|inactive|Oreo_Stars has 60 seconds left.\n|\n|t:|1775887394\n|teamsize|p1|4\n|teamsize|p2|4\n|start\n|switch|p1a: Incineroar|Incineroar, L50, F|100/100\n|switch|p1b: Corviknight|Corviknight, L50, F|100/100\n|switch|p2a: Dragapult|Dragapult, L50, F|100/100\n|switch|p2b: Lucario|Lucario, L50, M|100/100\n|-ability|p1a: Incineroar|Intimidate|boost\n|-unboost|p2a: Dragapult|atk|1\n|-unboost|p2b: Lucario|atk|1\n|turn|1\n|inactive|Oreo_Stars has 30 seconds left.\n|inactive|Oreo_Stars has 20 seconds left.\n|\n|t:|1775887431\n|move|p2a: Dragapult|Beat Up|p2b: Lucario\n|-resisted|p2b: Lucario|1\n|-damage|p2b: Lucario|98/100\n|-ability|p2b: Lucario|Justified|boost\n|-boost|p2b: Lucario|atk|1\n|-resisted|p2b: Lucario|1\n|-damage|p2b: Lucario|95/100\n|-ability|p2b: Lucario|Justified|boost\n|-boost|p2b: Lucario|atk|1\n|-resisted|p2b: Lucario|1\n|-damage|p2b: Lucario|93/100\n|-ability|p2b: Lucario|Justified|boost\n|-boost|p2b: Lucario|atk|1\n|-resisted|p2b: Lucario|1\n|-damage|p2b: Lucario|91/100\n|-ability|p2b: Lucario|Justified|boost\n|-boost|p2b: Lucario|atk|1\n|-hitcount|p2b: Lucario|4\n|move|p2b: Lucario|Drain Punch|p1a: Incineroar\n|-supereffective|p1a: Incineroar|1\n|-damage|p1a: Incineroar|0 fnt\n|-heal|p2b: Lucario|100/100|[from] drain|[of] p1a: Incineroar\n|faint|p1a: Incineroar\n|move|p1b: Corviknight|Bulk Up|p1b: Corviknight\n|-boost|p1b: Corviknight|atk|1\n|-boost|p1b: Corviknight|def|1\n|\n|upkeep\n|\n|t:|1775887446\n|switch|p1a: Sinistcha|Sinistcha, L50|100/100\n|turn|2\n|\n|t:|1775887456\n|detailschange|p2b: Lucario|Lucario-Mega, L50, M\n|-mega|p2b: Lucario|Lucario|Lucarionite\n|move|p2a: Dragapult|Shadow Ball|p1a: Sinistcha\n|-supereffective|p1a: Sinistcha|1\n|-damage|p1a: Sinistcha|39/100\n|move|p2b: Lucario|Drain Punch|p1b: Corviknight\n|-damage|p1b: Corviknight|36/100\n|move|p1b: Corviknight|Brave Bird|p2b: Lucario\n|-damage|p2b: Lucario|27/100\n|-damage|p1b: Corviknight|19/100|[from] Recoil\n|move|p1a: Sinistcha|Trick Room|p1a: Sinistcha\n|-fieldstart|move: Trick Room|[of] p1a: Sinistcha\n|\n|-heal|p1b: Corviknight|24/100|[from] item: Leftovers\n|upkeep\n|turn|3\n|\n|t:|1775887475\n|switch|p1a: Froslass|Froslass, L50, F|100/100\n|move|p2b: Lucario|Protect|p2b: Lucario\n|-singleturn|p2b: Lucario|Protect\n|move|p1b: Corviknight|Body Press|p2b: Lucario\n|-activate|p2b: Lucario|move: Protect\n|move|p2a: Dragapult|Flamethrower|p1b: Corviknight\n|-supereffective|p1b: Corviknight|1\n|-damage|p1b: Corviknight|0 fnt\n|faint|p1b: Corviknight\n|\n|upkeep\n|\n|t:|1775887478\n|switch|p1b: Sinistcha|Sinistcha, L50|39/100\n|turn|4\n|\n|t:|1775887497\n|detailschange|p1a: Froslass|Froslass-Mega, L50, F\n|-mega|p1a: Froslass|Froslass|Froslassite\n|-weather|Snowscape|[from] ability: Snow Warning|[of] p1a: Froslass\n|move|p2b: Lucario|Protect||[still]\n|-fail|p2b: Lucario\n|move|p1b: Sinistcha|Matcha Gotcha|p2a: Dragapult|[spread] p2a,p2b\n|-resisted|p2a: Dragapult|1\n|-resisted|p2b: Lucario|1\n|-damage|p2a: Dragapult|82/100\n|-heal|p1b: Sinistcha|47/100|[from] drain|[of] p2a: Dragapult\n|-damage|p2b: Lucario|8/100\n|-heal|p1b: Sinistcha|56/100|[from] drain|[of] p2b: Lucario\n|move|p1a: Froslass|Blizzard|p2b: Lucario|[spread] p2a,p2b\n|-supereffective|p2a: Dragapult|1\n|-resisted|p2b: Lucario|1\n|-damage|p2a: Dragapult|0 fnt\n|-damage|p2b: Lucario|0 fnt\n|faint|p2a: Dragapult\n|faint|p2b: Lucario\n|\n|-weather|Snowscape|[upkeep]\n|upkeep\n|\n|t:|1775887505\n|switch|p2b: Charizard|Charizard, L50, F|100/100\n|switch|p2a: Aerodactyl|Aerodactyl, L50, M|100/100\n|-ability|p2a: Aerodactyl|Pressure\n|turn|5\n|\n|t:|1775887514\n|move|p2b: Charizard|Protect|p2b: Charizard\n|-singleturn|p2b: Charizard|Protect\n|move|p2a: Aerodactyl|Protect|p2a: Aerodactyl\n|-singleturn|p2a: Aerodactyl|Protect\n|move|p1b: Sinistcha|Shadow Ball|p2b: Charizard\n|-activate|p2b: Charizard|move: Protect\n|move|p1a: Froslass|Blizzard|p2a: Aerodactyl|[spread] \n|-activate|p2a: Aerodactyl|move: Protect\n|-activate|p2b: Charizard|move: Protect\n|\n|-weather|Snowscape|[upkeep]\n|upkeep\n|turn|6\n|\n|t:|1775887520\n|move|p1b: Sinistcha|Shadow Ball|p2b: Charizard\n|-damage|p2b: Charizard|60/100\n|move|p1a: Froslass|Blizzard|p2b: Charizard|[spread] p2a,p2b\n|-supereffective|p2a: Aerodactyl|1\n|-enditem|p2a: Aerodactyl|Focus Sash\n|-damage|p2a: Aerodactyl|1/100\n|-damage|p2b: Charizard|0 fnt\n|faint|p2b: Charizard\n|move|p2a: Aerodactyl|Rock Slide|p1a: Froslass|[spread] p1a\n|-miss|p2a: Aerodactyl|p1b: Sinistcha\n|-supereffective|p1a: Froslass|1\n|-damage|p1a: Froslass|55/100\n|\n|-weather|Snowscape|[upkeep]\n|-fieldend|move: Trick Room\n|upkeep\n|turn|7\n|\n|t:|1775887531\n|move|p2a: Aerodactyl|Rock Slide|p1a: Froslass|[spread] p1a,p1b\n|-supereffective|p1a: Froslass|1\n|-damage|p1a: Froslass|7/100\n|-damage|p1b: Sinistcha|35/100\n|cant|p1a: Froslass|flinch\n|cant|p1b: Sinistcha|flinch\n|\n|-weather|Snowscape|[upkeep]\n|upkeep\n|turn|8\n|\n|t:|1775887539\n|move|p2a: Aerodactyl|Rock Slide|p1b: Sinistcha|[spread] p1a,p1b\n|-supereffective|p1a: Froslass|1\n|-damage|p1a: Froslass|0 fnt\n|-damage|p1b: Sinistcha|15/100\n|faint|p1a: Froslass\n|move|p1b: Sinistcha|Shadow Ball|p2a: Aerodactyl\n|-damage|p2a: Aerodactyl|0 fnt\n|faint|p2a: Aerodactyl\n|\n|win|Oreo_Stars\n|raw|Oreo_Stars's rating: 1040 &rarr; <strong>1081</strong><br />(+41 for winning)\n|raw|MegaArmarougeWhen's rating: 1110 &rarr; <strong>1080</strong><br />(-30 for losing)\n|l|\u203dMegaArmarougeWhen\n|player|p2|\n",
  "uploadtime": 1775887546,
  "views": 12,
  "formatid": "gen9championsvgc2026regma",
  "rating": 1080,
  "private": 0,
  "password": null
}