{
  "id": "gen9championsvgc2026regma-2586981449",
  "format": "[Gen 9 Champions] VGC 2026 Reg M-A",
  "players": [
    "MEETCH",
    "Boline"
  ],
  "log": "|j|\u2606MEETCH\n|j|\u2606Boline\n|t:|1776477970\n|gametype|doubles\n|player|p1|MEETCH|li|1184\n|player|p2|Boline|veteran|1258\n|gen|9\n|tier|[Gen 9 Champions] VGC 2026 Reg M-A\n|rated|\n|rule|Species Clause: Limit one of each Pok\u00e9mon\n|rule|Item Clause: Limit 1 of each item\n|clearpoke\n|poke|p1|Feraligatr, L50, M|\n|poke|p1|Sneasler, L50, F|\n|poke|p1|Pelipper, L50, M|\n|poke|p1|Archaludon, L50, M|\n|poke|p1|Incineroar, L50, M|\n|poke|p1|Sinistcha, L50|\n|poke|p2|Golurk, L50|\n|poke|p2|Farigiraf, L50, F|\n|poke|p2|Incineroar, L50, M|\n|poke|p2|Torkoal, L50, M|\n|poke|p2|Sneasler, L50, F|\n|poke|p2|Venusaur, L50, M|\n|teampreview|4\n|inactive|Battle timer is ON: inactive players will automatically lose when time's up. (requested by Boline)\nMEETCH rejected open team sheets.\n|inactive|Boline has 60 seconds left.\n|\n|t:|1776478011\n|teamsize|p1|4\n|teamsize|p2|4\n|start\n|switch|p1a: Pelipper|Pelipper, L50, M, shiny|100/100\n|switch|p1b: Archaludon|Archaludon, L50, M, shiny|100/100\n|switch|p2a: Incineroar|Incineroar, L50, M|100/100\n|switch|p2b: Farigiraf|Farigiraf, L50, F|100/100\n|-weather|RainDance|[from] ability: Drizzle|[of] p1a: Pelipper\n|-ability|p2a: Incineroar|Intimidate|boost\n|-unboost|p1a: Pelipper|atk|1\n|-unboost|p1b: Archaludon|atk|1\n|turn|1\n|\n|t:|1776478029\n|move|p2a: Incineroar|Fake Out|p1b: Archaludon\n|-resisted|p1b: Archaludon|1\n|-crit|p1b: Archaludon\n|-damage|p1b: Archaludon|93/100\n|-ability|p1b: Archaludon|Stamina|boost\n|-boost|p1b: Archaludon|def|1\n|cant|p1b: Archaludon|flinch\n|move|p1a: Pelipper|Hurricane|p2a: Incineroar\n|-damage|p2a: Incineroar|57/100\n|move|p2b: Farigiraf|Trick Room|p2b: Farigiraf\n|-fieldstart|move: Trick Room|[of] p2b: Farigiraf\n|\n|-weather|RainDance|[upkeep]\n|-heal|p1b: Archaludon|99/100|[from] item: Leftovers\n|upkeep\n|turn|2\n|inactive|Boline has 30 seconds left.\n|inactive|Boline has 20 seconds left.\n|inactive|Boline has 15 seconds left.\n|\n|t:|1776478071\n|switch|p2b: Golurk|Golurk, L50|100/100\n|move|p2a: Incineroar|Parting Shot|p1b: Archaludon\n|-unboost|p1b: Archaludon|atk|1\n|-unboost|p1b: Archaludon|spa|1\n|\n|t:|1776478077\n|switch|p2a: Torkoal|Torkoal, L50, M|100/100|[from] Parting Shot\n|-weather|SunnyDay|[from] ability: Drought|[of] p2a: Torkoal\n|move|p1a: Pelipper|U-turn|p2b: Golurk\n|-resisted|p2b: Golurk|1\n|-damage|p2b: Golurk|97/100\n|\n|t:|1776478086\n|switch|p1a: Sinistcha|Sinistcha, L50, shiny|100/100|[from] U-turn\n|-heal|p1b: Archaludon|100/100|[from] ability: Hospitality|[of] p1a: Sinistcha\n|move|p1b: Archaludon|Electro Shot||[still]\n|-prepare|p1b: Archaludon|Electro Shot\n|-boost|p1b: Archaludon|spa|1\n|\n|-weather|SunnyDay|[upkeep]\n|upkeep\n|turn|3\n|inactive|Boline has 30 seconds left.\n|\n|t:|1776478121\n|switch|p1a: Pelipper|Pelipper, L50, M, shiny|100/100\n|-weather|RainDance|[from] ability: Drizzle|[of] p1a: Pelipper\n|detailschange|p2b: Golurk|Golurk-Mega, L50\n|-mega|p2b: Golurk|Golurk|Golurkite\n|move|p2a: Torkoal|Eruption|p1b: Archaludon|[spread] p1a,p1b\n|-resisted|p1a: Pelipper|1\n|-damage|p1a: Pelipper|75/100\n|-damage|p1b: Archaludon|67/100\n|-ability|p1b: Archaludon|Stamina|boost\n|-boost|p1b: Archaludon|def|1\n|move|p2b: Golurk|Headlong Rush|p1b: Archaludon\n|-supereffective|p1b: Archaludon|1\n|-damage|p1b: Archaludon|4/100\n|-unboost|p2b: Golurk|def|1\n|-unboost|p2b: Golurk|spd|1\n|-ability|p1b: Archaludon|Stamina|boost\n|-boost|p1b: Archaludon|def|1\n|move|p1b: Archaludon|Electro Shot|p2a: Torkoal|[from] lockedmove\n|-damage|p2a: Torkoal|43/100\n|\n|-weather|RainDance|[upkeep]\n|-heal|p1b: Archaludon|10/100|[from] item: Leftovers\n|upkeep\n|turn|4\n|inactive|MEETCH has 30 seconds left.\n|inactive|Boline has 30 seconds left.\n|\n|t:|1776478156\n|switch|p1a: Sinistcha|Sinistcha, L50, shiny|100/100\n|-heal|p1b: Archaludon|35/100|[from] ability: Hospitality|[of] p1a: Sinistcha\n|move|p1b: Archaludon|Protect|p1b: Archaludon\n|-singleturn|p1b: Archaludon|Protect\n|move|p2a: Torkoal|Heat Wave|p1a: Sinistcha|[spread] p1a\n|-activate|p1b: Archaludon|move: Protect\n|-supereffective|p1a: Sinistcha|1\n|-damage|p1a: Sinistcha|70/100\n|move|p2b: Golurk|Poltergeist|p1a: Sinistcha\n|-activate|p1a: Sinistcha|move: Poltergeist|Mental Herb\n|-supereffective|p1a: Sinistcha|1\n|-damage|p1a: Sinistcha|0 fnt\n|faint|p1a: Sinistcha\n|\n|-weather|RainDance|[upkeep]\n|-heal|p1b: Archaludon|41/100|[from] item: Leftovers\n|upkeep\n|\n|t:|1776478175\n|switch|p1a: Feraligatr|Feraligatr, L50, M, shiny|100/100\n|turn|5\n|\n|t:|1776478197\n|switch|p2a: Farigiraf|Farigiraf, L50, F|100/100\n|detailschange|p1a: Feraligatr|Feraligatr-Mega, L50, M, shiny\n|-mega|p1a: Feraligatr|Feraligatr|Feraligite\n|move|p2b: Golurk|Protect|p2b: Golurk\n|-singleturn|p2b: Golurk|Protect\n|move|p1b: Archaludon|Electro Shot||[still]\n|-prepare|p1b: Archaludon|Electro Shot\n|-boost|p1b: Archaludon|spa|1\n|-anim|p1b: Archaludon|Electro Shot|p2a: Farigiraf\n|-damage|p2a: Farigiraf|34/100\n|-enditem|p2a: Farigiraf|Sitrus Berry|[eat]\n|-heal|p2a: Farigiraf|59/100|[from] item: Sitrus Berry\n|move|p1a: Feraligatr|Double-Edge|p2b: Golurk\n|-activate|p2b: Golurk|move: Protect\n|\n|-weather|RainDance|[upkeep]\n|-heal|p1b: Archaludon|47/100|[from] item: Leftovers\n|-fieldend|move: Trick Room\n|upkeep\n|turn|6\n|inactive|MEETCH has 30 seconds left.\n|inactive|Boline has 30 seconds left.\n|inactive|Boline has 20 seconds left.\n|inactive|Boline has 15 seconds left.\n|inactive|Boline has 10 seconds left.\n|inactive|Boline has 5 seconds left.\n|\n|t:|1776478250\n|move|p2a: Farigiraf|Helping Hand|p2b: Golurk\n|-singleturn|p2b: Golurk|Helping Hand|[of] p2a: Farigiraf\n|move|p1a: Feraligatr|Double-Edge|p2a: Farigiraf\n|-damage|p2a: Farigiraf|0 fnt\n|faint|p2a: Farigiraf\n|-damage|p1a: Feraligatr|74/100|[from] Recoil\n|move|p1b: Archaludon|Electro Shot||[still]\n|-prepare|p1b: Archaludon|Electro Shot\n|-boost|p1b: Archaludon|spa|1\n|-anim|p1b: Archaludon|Electro Shot|p2b: Golurk\n|-immune|p2b: Golurk\n|move|p2b: Golurk|Headlong Rush|p1a: Feraligatr\n|-damage|p1a: Feraligatr|0 fnt\n|-unboost|p2b: Golurk|def|1\n|-unboost|p2b: Golurk|spd|1\n|faint|p1a: Feraligatr\n|\n|-weather|RainDance|[upkeep]\n|-heal|p1b: Archaludon|53/100|[from] item: Leftovers\n|upkeep\n|\n|t:|1776478268\n|switch|p1a: Pelipper|Pelipper, L50, M, shiny|75/100\n|switch|p2a: Torkoal|Torkoal, L50, M|43/100\n|-weather|SunnyDay|[from] ability: Drought|[of] p2a: Torkoal\n|turn|7\n|\n|t:|1776478290\n|move|p2a: Torkoal|Protect|p2a: Torkoal\n|-singleturn|p2a: Torkoal|Protect\n|move|p1a: Pelipper|Wide Guard|p1a: Pelipper\n|-singleturn|p1a: Pelipper|Wide Guard\n|move|p1b: Archaludon|Dragon Pulse|p2a: Torkoal\n|-activate|p2a: Torkoal|move: Protect\n|move|p2b: Golurk|Headlong Rush|p1b: Archaludon\n|-supereffective|p1b: Archaludon|1\n|-damage|p1b: Archaludon|0 fnt\n|-unboost|p2b: Golurk|def|1\n|-unboost|p2b: Golurk|spd|1\n|faint|p1b: Archaludon\n|\n|-weather|SunnyDay|[upkeep]\n|upkeep\n|turn|8\n|-message|MEETCH forfeited.\n|\n|win|Boline\n|raw|MEETCH's rating: 1184 &rarr; <strong>1164</strong><br />(-20 for losing)\n|raw|Boline's rating: 1258 &rarr; <strong>1278</strong><br />(+20 for winning)\n|l|\u2606MEETCH\n|player|p1|\n|c|\u2606Boline|Gg\n",
  "uploadtime": 1776478310,
  "views": 14,
  "formatid": "gen9championsvgc2026regma",
  "rating": 1164,
  "private": 0,
  "password": null
}