{
  "id": "gen9championsvgc2026regma-2587644930",
  "format": "[Gen 9 Champions] VGC 2026 Reg M-A",
  "players": [
    "Da1mon!",
    "disciple of blahaj"
  ],
  "log": "|j|\u2606Da1mon!\n|j|\u2606disciple of blahaj\n|t:|1776549921\n|gametype|doubles\n|player|p1|Da1mon!|ghetsis|1243\n|player|p2|disciple of blahaj|jacinthe|1297\n|gen|9\n|tier|[Gen 9 Champions] VGC 2026 Reg M-A\n|rated|\n|rule|Species Clause: Limit one of each Pok\u00e9mon\n|rule|Item Clause: Limit 1 of each item\n|clearpoke\n|poke|p1|Chesnaught, L50, M, shiny|\n|poke|p1|Slowking-Galar, L50, M|\n|poke|p1|Kingambit, L50, M|\n|poke|p1|Armarouge, L50, F|\n|poke|p1|Oranguru, L50, F|\n|poke|p1|Primarina, L50, M|\n|poke|p2|Lopunny, L50, F, shiny|\n|poke|p2|Basculegion, L50, M|\n|poke|p2|Klefki, L50, M, shiny|\n|poke|p2|Pelipper, L50, M|\n|poke|p2|Garchomp, L50, F|\n|poke|p2|Aegislash, L50, M|\n|teampreview|4\n|inactive|Battle timer is ON: inactive players will automatically lose when time's up. (requested by disciple of blahaj)\n|inactive|Da1mon! has 60 seconds left.\n|inactive|disciple of blahaj has 60 seconds left.\n|\n|t:|1776549975\n|teamsize|p1|4\n|teamsize|p2|4\n|start\n|switch|p1a: Kingambit|Kingambit, L50, M|100/100\n|switch|p1b: Oranguru|Oranguru, L50, F|100/100\n|switch|p2a: Klefki|Klefki, L50, M, shiny|100/100\n|switch|p2b: Pelipper|Pelipper, L50, M|100/100\n|-weather|RainDance|[from] ability: Drizzle|[of] p2b: Pelipper\n|turn|1\n|\n|t:|1776549998\n|move|p2a: Klefki|Torment|p1b: Oranguru\n|-start|p1b: Oranguru|Torment\n|move|p2b: Pelipper|Weather Ball|p1a: Kingambit\n|-damage|p1a: Kingambit|29/100\n|move|p1a: Kingambit|Iron Head|p2a: Klefki\n|-damage|p2a: Klefki|58/100\n|move|p1b: Oranguru|Trick Room|p1b: Oranguru\n|-fieldstart|move: Trick Room|[of] p1b: Oranguru\n|\n|-weather|RainDance|[upkeep]\n|upkeep\n|turn|2\n|\n|t:|1776550012\n|move|p2a: Klefki|Substitute|p2a: Klefki\n|-start|p2a: Klefki|Substitute\n|-damage|p2a: Klefki|34/100\n|move|p1a: Kingambit|Kowtow Cleave|p2b: Pelipper\n|-damage|p2b: Pelipper|39/100\n|-enditem|p2b: Pelipper|Sitrus Berry|[eat]\n|-heal|p2b: Pelipper|64/100|[from] item: Sitrus Berry\n|move|p1b: Oranguru|Instruct|p1a: Kingambit\n|-singleturn|p1a: Kingambit|move: Instruct|[of] p1b: Oranguru\n|move|p1a: Kingambit|Kowtow Cleave|p2b: Pelipper\n|-damage|p2b: Pelipper|3/100\n|move|p2b: Pelipper|Muddy Water|p1a: Kingambit|[spread] p1a,p1b\n|-damage|p1a: Kingambit|0 fnt\n|-damage|p1b: Oranguru|63/100\n|faint|p1a: Kingambit\n|\n|-weather|RainDance|[upkeep]\n|upkeep\n|\n|t:|1776550023\n|switch|p1a: Primarina|Primarina, L50, M|100/100\n|turn|3\n|\n|t:|1776550040\n|switch|p1b: Chesnaught|Chesnaught, L50, M, shiny|100/100\n|move|p2b: Pelipper|Protect|p2b: Pelipper\n|-singleturn|p2b: Pelipper|Protect\n|move|p1a: Primarina|Hyper Voice|p2b: Pelipper|[spread] p2a\n|-activate|p2b: Pelipper|move: Protect\n|-damage|p2a: Klefki|0 fnt\n|faint|p2a: Klefki\n|\n|-weather|RainDance|[upkeep]\n|upkeep\n|\n|t:|1776550054\n|switch|p2a: Lopunny|Lopunny, L50, F, shiny|100/100\n|turn|4\n|inactive|Da1mon! has 30 seconds left.\n|inactive|Da1mon! has 20 seconds left.\n|\n|t:|1776550091\n|detailschange|p1b: Chesnaught|Chesnaught-Mega, L50, M, shiny\n|-mega|p1b: Chesnaught|Chesnaught|Chesnaughtite\n|detailschange|p2a: Lopunny|Lopunny-Mega, L50, F, shiny\n|-mega|p2a: Lopunny|Lopunny|Lopunnite\n|move|p1b: Chesnaught|Spiky Shield|p1b: Chesnaught\n|-singleturn|p1b: Chesnaught|move: Protect\n|move|p2a: Lopunny|Fake Out|p1a: Primarina\n|-damage|p1a: Primarina|75/100\n|cant|p1a: Primarina|flinch\n|move|p2b: Pelipper|Hurricane|p1a: Primarina\n|-crit|p1a: Primarina\n|-damage|p1a: Primarina|13/100\n|-start|p1a: Primarina|confusion\n|\n|-weather|RainDance|[upkeep]\n|-heal|p1a: Primarina|19/100|[from] item: Leftovers\n|upkeep\n|turn|5\n|inactive|Da1mon! has 30 seconds left.\n|\n|t:|1776550117\n|switch|p2a: Garchomp|Garchomp, L50, F|100/100\n|move|p2b: Pelipper|Protect|p2b: Pelipper\n|-singleturn|p2b: Pelipper|Protect\n|move|p1b: Chesnaught|Body Press|p2a: Garchomp\n|-damage|p2a: Garchomp|61/100\n|-damage|p1b: Chesnaught|88/100|[from] ability: Rough Skin|[of] p2a: Garchomp\n|-activate|p1a: Primarina|confusion\n|-damage|p1a: Primarina|10/100|[from] confusion\n|\n|-weather|none\n|-heal|p1a: Primarina|16/100|[from] item: Leftovers\n|-fieldend|move: Trick Room\n|upkeep\n|turn|6\n|inactive|Da1mon! has 30 seconds left.\n|inactive|disciple of blahaj has 30 seconds left.\n|\n|t:|1776550147\n|-activate|p1a: Primarina|confusion\n|-damage|p1a: Primarina|6/100|[from] confusion\n|move|p2a: Garchomp|Stomping Tantrum|p1a: Primarina\n|-damage|p1a: Primarina|0 fnt\n|faint|p1a: Primarina\n|move|p2b: Pelipper|Hurricane|p1b: Chesnaught\n|-supereffective|p1b: Chesnaught|2\n|-damage|p1b: Chesnaught|0 fnt\n|faint|p1b: Chesnaught\n|\n|upkeep\n|-message|Da1mon! forfeited.\n|\n|win|disciple of blahaj\n|raw|Da1mon!'s rating: 1243 &rarr; <strong>1222</strong><br />(-21 for losing)\n|raw|disciple of blahaj's rating: 1297 &rarr; <strong>1318</strong><br />(+21 for winning)\n|l|\u2606Da1mon!\n|player|p1|\n",
  "uploadtime": 1776550164,
  "views": 15,
  "formatid": "gen9championsvgc2026regma",
  "rating": 1222,
  "private": 0,
  "password": null
}