{
  "id": "gen9championsvgc2026regma-2582173191",
  "format": "[Gen 9 Champions] VGC 2026 Reg M-A",
  "players": [
    "GK SHOWDOWN",
    "sertwentygoodman"
  ],
  "log": "|j|\u2606GK SHOWDOWN\n|j|\u2606sertwentygoodman\n|t:|1776067273\n|gametype|doubles\n|player|p1|GK SHOWDOWN|266|1107\n|player|p2|sertwentygoodman|266|1034\n|gen|9\n|tier|[Gen 9 Champions] VGC 2026 Reg M-A\n|rated|\n|rule|Species Clause: Limit one of each Pok\u00e9mon\n|rule|Item Clause: Limit 1 of each item\n|clearpoke\n|poke|p1|Crabominable, L50, M|\n|poke|p1|Hatterene, L50, F|\n|poke|p1|Farigiraf, L50, M|\n|poke|p1|Dragonite, L50, M|\n|poke|p1|Incineroar, L50, M|\n|poke|p1|Torkoal, L50, M|\n|poke|p2|Primarina, L50, M|\n|poke|p2|Gengar, L50, M|\n|poke|p2|Kommo-o, L50, F|\n|poke|p2|Aerodactyl, L50, M|\n|poke|p2|Armarouge, L50, M|\n|poke|p2|Sinistcha, L50|\n|teampreview|4\n|\n|t:|1776067287\n|teamsize|p1|4\n|teamsize|p2|4\n|start\n|switch|p1a: Farigiraf|Farigiraf, L50, M|100/100\n|switch|p1b: Incineroar|Incineroar, L50, M|100/100\n|switch|p2a: Primarina|Primarina, L50, M|100/100\n|switch|p2b: Sinistcha|Sinistcha, L50|100/100\n|-ability|p1b: Incineroar|Intimidate|boost\n|-unboost|p2a: Primarina|atk|1\n|-unboost|p2b: Sinistcha|atk|1\n|turn|1\n|\n|t:|1776067301\n|move|p1b: Incineroar|Fake Out|p2a: Primarina\n|-damage|p2a: Primarina|85/100\n|move|p2b: Sinistcha|Rage Powder|p2b: Sinistcha\n|-singleturn|p2b: Sinistcha|move: Rage Powder\n|cant|p2a: Primarina|flinch\n|move|p1a: Farigiraf|Trick Room|p1a: Farigiraf\n|-fieldstart|move: Trick Room|[of] p1a: Farigiraf\n|\n|-heal|p2a: Primarina|91/100|[from] item: Leftovers\n|upkeep\n|turn|2\n|\n|t:|1776067328\n|move|p2b: Sinistcha|Rage Powder|p2b: Sinistcha\n|-singleturn|p2b: Sinistcha|move: Rage Powder\n|move|p2a: Primarina|Hyper Voice|p1b: Incineroar|[spread] p1a,p1b\n|-supereffective|p1b: Incineroar|1\n|-crit|p1b: Incineroar\n|-damage|p1a: Farigiraf|74/100\n|-damage|p1b: Incineroar|20/100\n|-enditem|p1b: Incineroar|Sitrus Berry|[eat]\n|-heal|p1b: Incineroar|45/100|[from] item: Sitrus Berry\n|move|p1a: Farigiraf|Psychic|p2b: Sinistcha\n|-damage|p2b: Sinistcha|68/100\n|move|p1b: Incineroar|Parting Shot|p2b: Sinistcha\n|-unboost|p2b: Sinistcha|atk|1\n|-unboost|p2b: Sinistcha|spa|1\n|\n|t:|1776067350\n|switch|p1b: Crabominable|Crabominable, L50, M|100/100|[from] Parting Shot\n|\n|-heal|p2a: Primarina|97/100|[from] item: Leftovers\n|upkeep\n|turn|3\n|\n|t:|1776067370\n|detailschange|p1b: Crabominable|Crabominable-Mega, L50, M\n|-mega|p1b: Crabominable|Crabominable|Crabominite\n|move|p1a: Farigiraf|Helping Hand|p1b: Crabominable\n|-singleturn|p1b: Crabominable|Helping Hand|[of] p1a: Farigiraf\n|move|p2a: Primarina|Protect|p2a: Primarina\n|-singleturn|p2a: Primarina|Protect\n|move|p1b: Crabominable|Ice Hammer|p2b: Sinistcha\n|-supereffective|p2b: Sinistcha|1\n|-damage|p2b: Sinistcha|0 fnt\n|-unboost|p1b: Crabominable|spe|1\n|faint|p2b: Sinistcha\n|\n|-heal|p2a: Primarina|100/100|[from] item: Leftovers\n|upkeep\n|\n|t:|1776067397\n|switch|p2b: Kommo-o|Kommo-o, L50, F, shiny|100/100\n|turn|4\n|\n|t:|1776067409\n|move|p1b: Crabominable|Close Combat|p2a: Primarina\n|-resisted|p2a: Primarina|1\n|-damage|p2a: Primarina|44/100\n|-unboost|p1b: Crabominable|def|1\n|-unboost|p1b: Crabominable|spd|1\n|move|p1a: Farigiraf|Psychic|p2b: Kommo-o\n|-supereffective|p2b: Kommo-o|1\n|-damage|p2b: Kommo-o|23/100\n|move|p2a: Primarina|Moonblast|p1b: Crabominable\n|-supereffective|p1b: Crabominable|1\n|-damage|p1b: Crabominable|0 fnt\n|faint|p1b: Crabominable\n|move|p2b: Kommo-o|Body Press|p1a: Farigiraf\n|-damage|p1a: Farigiraf|34/100\n|\n|-heal|p2a: Primarina|50/100|[from] item: Leftovers\n|upkeep\n|\n|t:|1776067422\n|switch|p1b: Torkoal|Torkoal, L50, M|100/100\n|-weather|SunnyDay|[from] ability: Drought|[of] p1b: Torkoal\n|turn|5\n|\n|t:|1776067438\n|move|p2a: Primarina|Protect|p2a: Primarina\n|-singleturn|p2a: Primarina|Protect\n|move|p2b: Kommo-o|Protect|p2b: Kommo-o\n|-singleturn|p2b: Kommo-o|Protect\n|move|p1b: Torkoal|Eruption|p2b: Kommo-o|[spread] \n|-activate|p2a: Primarina|move: Protect\n|-activate|p2b: Kommo-o|move: Protect\n|move|p1a: Farigiraf|Hyper Voice|p2a: Primarina|[spread] \n|-activate|p2a: Primarina|move: Protect\n|-activate|p2b: Kommo-o|move: Protect\n|\n|-weather|SunnyDay|[upkeep]\n|-heal|p2a: Primarina|56/100|[from] item: Leftovers\n|-fieldend|move: Trick Room\n|upkeep\n|turn|6\n|\n|t:|1776067472\n|move|p2b: Kommo-o|Dragon Claw|p1a: Farigiraf\n|-damage|p1a: Farigiraf|4/100\n|move|p2a: Primarina|Hyper Voice|p1a: Farigiraf|[spread] p1a,p1b\n|-supereffective|p1b: Torkoal|1\n|-damage|p1a: Farigiraf|0 fnt\n|-damage|p1b: Torkoal|52/100\n|faint|p1a: Farigiraf\n|move|p1b: Torkoal|Eruption|p2b: Kommo-o|[spread] p2a,p2b\n|-resisted|p2a: Primarina|1\n|-crit|p2a: Primarina\n|-resisted|p2b: Kommo-o|1\n|-damage|p2a: Primarina|33/100\n|-damage|p2b: Kommo-o|0 fnt\n|faint|p2b: Kommo-o\n|\n|-weather|SunnyDay|[upkeep]\n|-heal|p2a: Primarina|39/100|[from] item: Leftovers\n|upkeep\n|\n|t:|1776067485\n|switch|p2b: Gengar|Gengar, L50, M, shiny|100/100\n|switch|p1a: Incineroar|Incineroar, L50, M|45/100\n|-ability|p1a: Incineroar|Intimidate|boost\n|-unboost|p2a: Primarina|atk|1\n|-unboost|p2b: Gengar|atk|1\n|turn|7\n|\n|t:|1776067535\n|detailschange|p2b: Gengar|Gengar-Mega, L50, M, shiny\n|-mega|p2b: Gengar|Gengar|Gengarite\n|move|p1a: Incineroar|Fake Out|p2a: Primarina\n|-damage|p2a: Primarina|24/100\n|move|p2b: Gengar|Sludge Bomb|p1a: Incineroar\n|-damage|p1a: Incineroar|2/100\n|cant|p2a: Primarina|flinch\n|move|p1b: Torkoal|Earth Power|p2b: Gengar\n|-supereffective|p2b: Gengar|1\n|-damage|p2b: Gengar|31/100\n|-unboost|p2b: Gengar|spd|1\n|\n|-weather|SunnyDay|[upkeep]\n|-heal|p2a: Primarina|30/100|[from] item: Leftovers\n|upkeep\n|turn|8\n|\n|t:|1776067575\n|move|p1a: Incineroar|Protect|p1a: Incineroar\n|-singleturn|p1a: Incineroar|Protect\n|move|p2b: Gengar|Shadow Ball|p1b: Torkoal\n|-damage|p1b: Torkoal|0 fnt\n|faint|p1b: Torkoal\n|move|p2a: Primarina|Hyper Voice|p1a: Incineroar\n|-activate|p1a: Incineroar|move: Protect\n|\n|-weather|SunnyDay|[upkeep]\n|-heal|p2a: Primarina|35/100|[from] item: Leftovers\n|upkeep\n|turn|9\n|\n|t:|1776067591\n|move|p2b: Gengar|Sludge Bomb|p1a: Incineroar\n|-damage|p1a: Incineroar|0 fnt\n|faint|p1a: Incineroar\n|\n|win|sertwentygoodman\n|raw|GK SHOWDOWN's rating: 1107 &rarr; <strong>1077</strong><br />(-30 for losing)\n|raw|sertwentygoodman's rating: 1034 &rarr; <strong>1076</strong><br />(+42 for winning)\n|c|\u2606sertwentygoodman|gg\n",
  "uploadtime": 1776067595,
  "views": 13,
  "formatid": "gen9championsvgc2026regma",
  "rating": 1076,
  "private": 0,
  "password": null
}