{
  "id": "gen9championsvgc2026regma-2580934552",
  "format": "[Gen 9 Champions] VGC 2026 Reg M-A",
  "players": [
    "kingbriddz",
    "yeanxy"
  ],
  "log": "|j|\u2606kingbriddz\n|j|\u2606yeanxy\n|t:|1775944636\n|gametype|doubles\n|player|p1|kingbriddz|265|1077\n|player|p2|yeanxy|101|1000\n|gen|9\n|tier|[Gen 9 Champions] VGC 2026 Reg M-A\n|rated|\n|rule|Species Clause: Limit one of each Pok\u00e9mon\n|rule|Item Clause: Limit 1 of each item\n|clearpoke\n|poke|p1|Hawlucha, L50, M|\n|poke|p1|Snorlax, L50, F|\n|poke|p1|Sinistcha-Masterpiece, L50|\n|poke|p1|Rotom-Wash, L50|\n|poke|p1|Incineroar, L50, F|\n|poke|p1|Aerodactyl, L50, M|\n|poke|p2|Golurk, L50|\n|poke|p2|Farigiraf, L50, F|\n|poke|p2|Incineroar, L50, M|\n|poke|p2|Sneasler, L50, F|\n|poke|p2|Torkoal, L50, F|\n|poke|p2|Venusaur, L50, M|\n|teampreview|4\n|\n|t:|1775944668\n|teamsize|p1|4\n|teamsize|p2|4\n|start\n|switch|p1a: Hawlucha|Hawlucha, L50, M|100/100\n|switch|p1b: Snorlax|Snorlax, L50, F, shiny|100/100\n|switch|p2a: Sneasler|Sneasler, L50, F|100/100\n|switch|p2b: Farigiraf|Farigiraf, L50, F, shiny|100/100\n|-ability|p1a: Hawlucha|Mold Breaker\n|turn|1\n|\n|t:|1775944700\n|move|p1a: Hawlucha|Protect|p1a: Hawlucha\n|-singleturn|p1a: Hawlucha|Protect\n|move|p1b: Snorlax|Protect|p1b: Snorlax\n|-singleturn|p1b: Snorlax|Protect\n|move|p2a: Sneasler|Fake Out|p1a: Hawlucha\n|-activate|p1a: Hawlucha|move: Protect\n|move|p2b: Farigiraf|Psychic|p1a: Hawlucha\n|-activate|p1a: Hawlucha|move: Protect\n|\n|upkeep\n|turn|2\n|\n|t:|1775944730\n|detailschange|p1a: Hawlucha|Hawlucha-Mega, L50, M\n|-mega|p1a: Hawlucha|Hawlucha|Hawluchanite\n|move|p2a: Sneasler|Close Combat|p1b: Snorlax\n|-supereffective|p1b: Snorlax|1\n|-damage|p1b: Snorlax|23/100\n|-unboost|p2a: Sneasler|def|1\n|-unboost|p2a: Sneasler|spd|1\n|-enditem|p2a: Sneasler|White Herb\n|-clearnegativeboost|p2a: Sneasler|[silent]\n|move|p1a: Hawlucha|Entrainment|p1b: Snorlax\n|-ability|p1b: Snorlax|No Guard|Thick Fat|[from] move: Entrainment|[of] p1a: Hawlucha\n|move|p2b: Farigiraf|Psychic|p1a: Hawlucha\n|-supereffective|p1a: Hawlucha|1\n|-damage|p1a: Hawlucha|21/100\n|move|p1b: Snorlax|Fissure|p2a: Sneasler\n|-damage|p2a: Sneasler|0 fnt\n|faint|p2a: Sneasler\n|-ohko\n|\n|-heal|p1b: Snorlax|29/100|[from] item: Leftovers\n|upkeep\n|\n|t:|1775944752\n|switch|p2a: Golurk|Golurk, L50, shiny|100/100\n|turn|3\n|inactive|Battle timer is ON: inactive players will automatically lose when time's up. (requested by kingbriddz)\n|\n|t:|1775944802\n|switch|p1a: Sinistcha|Sinistcha-Masterpiece, L50|100/100\n|-heal|p1b: Snorlax|53/100|[from] ability: Hospitality|[of] p1a: Sinistcha\n|detailschange|p2a: Golurk|Golurk-Mega, L50, shiny\n|-mega|p2a: Golurk|Golurk|Golurkite\n|move|p1b: Snorlax|Protect|p1b: Snorlax\n|-singleturn|p1b: Snorlax|Protect\n|move|p2a: Golurk|Headlong Rush|p1b: Snorlax\n|-damage|p1b: Snorlax|40/100\n|-unboost|p2a: Golurk|def|1\n|-unboost|p2a: Golurk|spd|1\n|move|p2b: Farigiraf|Hyper Voice|p1a: Sinistcha|[spread] \n|-activate|p1b: Snorlax|move: Protect\n|-immune|p1a: Sinistcha\n|\n|-heal|p1b: Snorlax|46/100|[from] item: Leftovers\n|upkeep\n|turn|4\n|inactive|kingbriddz has 30 seconds left.\n|inactive|yeanxy has 30 seconds left.\n|\n|t:|1775944831\n|switch|p2a: Torkoal|Torkoal, L50, F|100/100\n|-weather|SunnyDay|[from] ability: Drought|[of] p2a: Torkoal\n|move|p1a: Sinistcha|Rage Powder|p1a: Sinistcha\n|-singleturn|p1a: Sinistcha|move: Rage Powder\n|move|p1b: Snorlax|Fissure|p2a: Torkoal\n|-damage|p2a: Torkoal|0 fnt\n|faint|p2a: Torkoal\n|-ohko\n|move|p2b: Farigiraf|Trick Room|p2b: Farigiraf\n|-fieldstart|move: Trick Room|[of] p2b: Farigiraf\n|\n|-weather|SunnyDay|[upkeep]\n|-heal|p1b: Snorlax|52/100|[from] item: Leftovers\n|upkeep\n|\n|t:|1775944845\n|switch|p2a: Golurk|Golurk-Mega, L50, shiny|100/100\n|turn|5\n|\n|t:|1775944858\n|move|p2a: Golurk|Protect|p2a: Golurk\n|-singleturn|p2a: Golurk|Protect\n|move|p1a: Sinistcha|Rage Powder|p1a: Sinistcha\n|-singleturn|p1a: Sinistcha|move: Rage Powder\n|move|p1b: Snorlax|Fissure|p2a: Golurk\n|-activate|p2a: Golurk|move: Protect\n|move|p2b: Farigiraf|Psychic|p1a: Sinistcha\n|-damage|p1a: Sinistcha|56/100\n|\n|-weather|SunnyDay|[upkeep]\n|-heal|p1b: Snorlax|58/100|[from] item: Leftovers\n|upkeep\n|turn|6\n|\n|t:|1775944879\n|move|p2b: Farigiraf|Helping Hand|p2a: Golurk\n|-singleturn|p2a: Golurk|Helping Hand|[of] p2b: Farigiraf\n|move|p1a: Sinistcha|Rage Powder|p1a: Sinistcha\n|-singleturn|p1a: Sinistcha|move: Rage Powder\n|move|p1b: Snorlax|Fissure|p2a: Golurk\n|-damage|p2a: Golurk|0 fnt\n|faint|p2a: Golurk\n|-ohko\n|\n|-weather|SunnyDay|[upkeep]\n|-heal|p1b: Snorlax|64/100|[from] item: Leftovers\n|upkeep\n|turn|7\n|\n|t:|1775944899\n|switch|p1a: Incineroar|Incineroar, L50, F|100/100\n|-ability|p1a: Incineroar|Intimidate|boost\n|-unboost|p2b: Farigiraf|atk|1\n|move|p1b: Snorlax|Protect|p1b: Snorlax\n|-singleturn|p1b: Snorlax|Protect\n|move|p2b: Farigiraf|Psychic|p1a: Incineroar\n|-immune|p1a: Incineroar\n|\n|-weather|SunnyDay|[upkeep]\n|-heal|p1b: Snorlax|70/100|[from] item: Leftovers\n|upkeep\n|turn|8\n|c|\u2606kingbriddz|Gg\n|\n|t:|1775944915\n|move|p1b: Snorlax|Fissure|p2b: Farigiraf\n|-damage|p2b: Farigiraf|0 fnt\n|faint|p2b: Farigiraf\n|-ohko\n|\n|win|kingbriddz\n|raw|kingbriddz's rating: 1077 &rarr; <strong>1099</strong><br />(+22 for winning)\n|raw|yeanxy's rating: 1000 &rarr; <strong>1000</strong><br />(+0 for losing)\n|l|\u2606yeanxy\n|player|p2|\n",
  "uploadtime": 1775944927,
  "views": 12,
  "formatid": "gen9championsvgc2026regma",
  "rating": 1000,
  "private": 0,
  "password": null
}