{
  "id": "gen9championsvgc2026regma-2588556478",
  "format": "[Gen 9 Champions] VGC 2026 Reg M-A",
  "players": [
    "TridungTang",
    "autiorez"
  ],
  "log": "|j|\u2606TridungTang\n|j|\u2606autiorez\n|t:|1776644656\n|gametype|doubles\n|player|p1|TridungTang|n|1194\n|player|p2|autiorez|youngn|1244\n|gen|9\n|tier|[Gen 9 Champions] VGC 2026 Reg M-A\n|rated|\n|rule|Species Clause: Limit one of each Pok\u00e9mon\n|rule|Item Clause: Limit 1 of each item\n|clearpoke\n|poke|p1|Incineroar, L50, M, shiny|\n|poke|p1|Sinistcha, L50, shiny|\n|poke|p1|Farigiraf, L50, F|\n|poke|p1|Ampharos, L50, M|\n|poke|p1|Gallade, L50, M, shiny|\n|poke|p1|Scizor, L50, F|\n|poke|p2|Froslass, L50, F|\n|poke|p2|Jolteon, L50, M|\n|poke|p2|Zoroark-Hisui, L50, F|\n|poke|p2|Aerodactyl, L50, M|\n|poke|p2|Milotic, L50, M|\n|poke|p2|Slowking-Galar, L50, F|\n|teampreview|4\n|inactive|Battle timer is ON: inactive players will automatically lose when time's up. (requested by autiorez)\n|l|\u2606autiorez\n|inactive|autiorez disconnected and has a minute to reconnect!\n|player|p2|\n|\n|t:|1776644679\n|teamsize|p1|4\n|teamsize|p2|4\n|start\n|switch|p1a: Ampharos|Ampharos, L50, M|100/100\n|switch|p1b: Gallade|Gallade, L50, M, shiny|100/100\n|switch|p2a: Aerodactyl|Aerodactyl, L50, M|100/100\n|switch|p2b: Milotic|Milotic, L50, M|100/100\n|-ability|p2a: Aerodactyl|Pressure\n|turn|1\n|j|\u2606autiorez\n|inactive|autiorez reconnected and has 55 seconds left.\n|player|p2|autiorez|youngn|\n|\n|t:|1776644700\n|detailschange|p1a: Ampharos|Ampharos-Mega, L50, M\n|-mega|p1a: Ampharos|Ampharos|Ampharosite\n|-ability|p1a: Ampharos|Mold Breaker\n|move|p1b: Gallade|Wide Guard|p1b: Gallade\n|-singleturn|p1b: Gallade|Wide Guard\n|move|p2a: Aerodactyl|Dual Wingbeat|p1b: Gallade\n|-supereffective|p1b: Gallade|1\n|-damage|p1b: Gallade|55/100\n|-supereffective|p1b: Gallade|1\n|-damage|p1b: Gallade|4/100\n|-hitcount|p1b: Gallade|2\n|move|p2b: Milotic|Muddy Water|p1a: Ampharos|[spread] \n|-activate|p1a: Ampharos|move: Wide Guard\n|-activate|p1b: Gallade|move: Wide Guard\n|move|p1a: Ampharos|Thunderbolt|p2b: Milotic\n|-supereffective|p2b: Milotic|1\n|-damage|p2b: Milotic|23/100\n|-status|p2b: Milotic|par\n|\n|-heal|p2b: Milotic|29/100 par|[from] item: Leftovers\n|upkeep\n|turn|2\n|inactive|TridungTang has 30 seconds left.\n|\n|t:|1776644726\n|switch|p1b: Farigiraf|Farigiraf, L50, F|100/100\n|switch|p2b: Jolteon|Jolteon, L50, M|100/100\n|move|p2a: Aerodactyl|Stealth Rock|p1b: Farigiraf\n|-sidestart|p1: TridungTang|move: Stealth Rock\n|move|p1a: Ampharos|Dazzling Gleam|p2b: Jolteon|[spread] p2a,p2b\n|-damage|p2a: Aerodactyl|64/100\n|-damage|p2b: Jolteon|66/100\n|\n|upkeep\n|turn|3\n|\n|t:|1776644748\n|move|p2a: Aerodactyl|Rock Slide|p1b: Farigiraf|[spread] p1a,p1b\n|-damage|p1a: Ampharos|78/100\n|-damage|p1b: Farigiraf|81/100\n|move|p2b: Jolteon|Thunderbolt|p1b: Farigiraf\n|-damage|p1b: Farigiraf|44/100\n|move|p1a: Ampharos|Dazzling Gleam|p2b: Jolteon|[spread] p2a,p2b\n|-crit|p2a: Aerodactyl\n|-damage|p2a: Aerodactyl|6/100\n|-damage|p2b: Jolteon|30/100\n|-enditem|p2a: Aerodactyl|Sitrus Berry|[eat]\n|-heal|p2a: Aerodactyl|30/100|[from] item: Sitrus Berry\n|move|p1b: Farigiraf|Trick Room|p1b: Farigiraf\n|-fieldstart|move: Trick Room|[of] p1b: Farigiraf\n|\n|-heal|p1b: Farigiraf|50/100|[from] item: Leftovers\n|upkeep\n|turn|4\n|\n|t:|1776644770\n|switch|p1b: Incineroar|Incineroar, L50, M, shiny|100/100\n|-damage|p1b: Incineroar|76/100|[from] Stealth Rock\n|-ability|p1b: Incineroar|Intimidate|boost\n|-unboost|p2a: Aerodactyl|atk|1\n|-unboost|p2b: Jolteon|atk|1\n|move|p1a: Ampharos|Dazzling Gleam|p2a: Aerodactyl|[spread] p2a,p2b\n|-damage|p2a: Aerodactyl|0 fnt\n|-damage|p2b: Jolteon|0 fnt\n|faint|p2a: Aerodactyl\n|faint|p2b: Jolteon\n|\n|upkeep\n|\n|t:|1776644775\n|switch|p2b: Milotic|Milotic, L50, M|29/100 par\n|switch|p2a: Froslass|Froslass, L50, F|100/100\n|turn|5\n|c|\u2606autiorez|#KILLALLTRICKROOMPLAYERS\n|c|\u2606autiorez|#KILLALLINCINEROARPLAYERS\n|inactive|autiorez has 30 seconds left.\n|c|\u2606autiorez|#KILLALLFARIGARAF PLAYERS\n|\n|t:|1776644808\n|move|p2a: Froslass|Protect|p2a: Froslass\n|-singleturn|p2a: Froslass|Protect\n|move|p2b: Milotic|Muddy Water|p1a: Ampharos|[spread] p1a,p1b\n|-resisted|p1a: Ampharos|1\n|-supereffective|p1b: Incineroar|1\n|-damage|p1a: Ampharos|64/100\n|-damage|p1b: Incineroar|21/100\n|-enditem|p1b: Incineroar|Sitrus Berry|[eat]\n|-heal|p1b: Incineroar|46/100|[from] item: Sitrus Berry\n|move|p1a: Ampharos|Dazzling Gleam|p2a: Froslass|[spread] p2b\n|-activate|p2a: Froslass|move: Protect\n|-damage|p2b: Milotic|10/100 par\n|move|p1b: Incineroar|Throat Chop|p2a: Froslass\n|-activate|p2a: Froslass|move: Protect\n|\n|-heal|p2b: Milotic|16/100 par|[from] item: Leftovers\n|upkeep\n|turn|6\n|\n|t:|1776644828\n|detailschange|p2a: Froslass|Froslass-Mega, L50, F\n|-mega|p2a: Froslass|Froslass|Froslassite\n|-weather|Snowscape|[from] ability: Snow Warning|[of] p2a: Froslass\n|move|p2b: Milotic|Muddy Water|p1b: Incineroar|[spread] p1a,p1b\n|-resisted|p1a: Ampharos|1\n|-supereffective|p1b: Incineroar|1\n|-damage|p1a: Ampharos|51/100\n|-damage|p1b: Incineroar|0 fnt\n|-unboost|p1a: Ampharos|accuracy|1\n|faint|p1b: Incineroar\n|move|p1a: Ampharos|Dazzling Gleam|p2a: Froslass|[spread] p2a,p2b\n|-damage|p2a: Froslass|65/100\n|-damage|p2b: Milotic|0 fnt\n|faint|p2b: Milotic\n|move|p2a: Froslass|Blizzard|p1a: Ampharos\n|-supereffective|p1a: Ampharos|1\n|-damage|p1a: Ampharos|0 fnt\n|faint|p1a: Ampharos\n|\n|-weather|Snowscape|[upkeep]\n|upkeep\n|\n|t:|1776644844\n|switch|p1a: Farigiraf|Farigiraf, L50, F|50/100\n|switch|p1b: Gallade|Gallade, L50, M, shiny|4/100\n|-damage|p1a: Farigiraf|37/100|[from] Stealth Rock\n|-damage|p1b: Gallade|0 fnt|[from] Stealth Rock\n|faint|p1b: Gallade\n|turn|7\n|\n|t:|1776644853\n|move|p2a: Froslass|Protect|p2a: Froslass\n|-singleturn|p2a: Froslass|Protect\n|move|p1a: Farigiraf|Psychic|p2a: Froslass\n|-activate|p2a: Froslass|move: Protect\n|\n|-weather|Snowscape|[upkeep]\n|-heal|p1a: Farigiraf|44/100|[from] item: Leftovers\n|-fieldend|move: Trick Room\n|upkeep\n|turn|8\n|\n|t:|1776644857\n|move|p2a: Froslass|Blizzard|p1a: Farigiraf\n|-damage|p1a: Farigiraf|0 fnt\n|faint|p1a: Farigiraf\n|\n|win|autiorez\n|raw|TridungTang's rating: 1194 &rarr; <strong>1173</strong><br />(-21 for losing)\n|raw|autiorez's rating: 1244 &rarr; <strong>1265</strong><br />(+21 for winning)\n|c|\u2606autiorez|#KILLFARIGIRAF2026\n",
  "uploadtime": 1776644866,
  "views": 6,
  "formatid": "gen9championsvgc2026regma",
  "rating": 1173,
  "private": 0,
  "password": null
}