{
  "id": "gen9championsvgc2026regma-2582603501",
  "format": "[Gen 9 Champions] VGC 2026 Reg M-A",
  "players": [
    "j4ce",
    "falphin4"
  ],
  "log": "|j|\u2606j4ce\n|j|\u2606falphin4\n|t:|1776102066\n|gametype|doubles\n|player|p1|j4ce|265|1106\n|player|p2|falphin4|smasher|1068\n|gen|9\n|tier|[Gen 9 Champions] VGC 2026 Reg M-A\n|rated|\n|rule|Species Clause: Limit one of each Pok\u00e9mon\n|rule|Item Clause: Limit 1 of each item\n|clearpoke\n|poke|p1|Incineroar, L50, M|\n|poke|p1|Basculegion, L50, M|\n|poke|p1|Meowstic, L50, M|\n|poke|p1|Sneasler, L50, F|\n|poke|p1|Alakazam, L50, M|\n|poke|p1|Primarina, L50, M|\n|poke|p2|Tyranitar, L50, M|\n|poke|p2|Aerodactyl, L50, F|\n|poke|p2|Basculegion-F, L50, F|\n|poke|p2|Clefable, L50, F|\n|poke|p2|Dragapult, L50, F|\n|poke|p2|Weavile, L50, M|\n|teampreview|4\n|inactive|Battle timer is ON: inactive players will automatically lose when time's up. (requested by falphin4)\n|inactive|j4ce has 60 seconds left.\n|\n|t:|1776102109\n|teamsize|p1|4\n|teamsize|p2|4\n|start\n|switch|p1a: Gatops\u00edquica|Meowstic, L50, M|100/100\n|switch|p1b: Gatocuchara|Alakazam, L50, M|100/100\n|switch|p2a: Aerodactyl|Aerodactyl, L50, F|100/100\n|switch|p2b: Basculegion|Basculegion-F, L50, F|100/100\n|-ability|p2a: Aerodactyl|Unnerve\n|turn|1\n|\n|t:|1776102129\n|detailschange|p2a: Aerodactyl|Aerodactyl-Mega, L50, F\n|-mega|p2a: Aerodactyl|Aerodactyl|Aerodactylite\n|detailschange|p1b: Gatocuchara|Alakazam-Mega, L50, M\n|-mega|p1b: Gatocuchara|Alakazam|Alakazite\n|-ability|p1b: Gatocuchara|Adaptability|Trace|[from] ability: Trace|[of] p2b: Basculegion\n|move|p1a: Gatops\u00edquica|Psychic Terrain|p1a: Gatops\u00edquica\n|-fieldstart|move: Psychic Terrain\n|move|p1b: Gatocuchara|Expanding Force|p2a: Aerodactyl|[spread] p2a,p2b\n|-damage|p2a: Aerodactyl|0 fnt\n|-damage|p2b: Basculegion|0 fnt\n|faint|p2a: Aerodactyl\n|faint|p2b: Basculegion\n|\n|upkeep\n|\n|t:|1776102140\n|switch|p2a: Weavile|Weavile, L50, M|100/100\n|switch|p2b: Dragapult|Dragapult, L50, F|100/100\n|-ability|p2a: Weavile|Pressure\n|turn|2\n|\n|t:|1776102161\n|move|p1b: Gatocuchara|Focus Blast|p2a: Weavile\n|-supereffective|p2a: Weavile|2\n|-damage|p2a: Weavile|0 fnt\n|faint|p2a: Weavile\n|move|p2b: Dragapult|Phantom Force||[still]\n|-prepare|p2b: Dragapult|Phantom Force\n|move|p1a: Gatops\u00edquica|Expanding Force|p2b: Dragapult|[miss]\n|-miss|p1a: Gatops\u00edquica|p2b: Dragapult\n|\n|upkeep\n|turn|3\n|\n|t:|1776102170\n|move|p1b: Gatocuchara|Expanding Force|p2b: Dragapult|[miss]\n|-miss|p1b: Gatocuchara|p2b: Dragapult\n|move|p2b: Dragapult|Phantom Force|p1b: Gatocuchara|[from] lockedmove\n|-supereffective|p1b: Gatocuchara|1\n|-damage|p1b: Gatocuchara|0 fnt\n|faint|p1b: Gatocuchara\n|move|p1a: Gatops\u00edquica|Expanding Force|p2b: Dragapult\n|-crit|p2b: Dragapult\n|-enditem|p2b: Dragapult|Focus Sash\n|-damage|p2b: Dragapult|1/100\n|\n|upkeep\n|\n|t:|1776102182\n|switch|p1b: LightInThePiazza|Primarina, L50, M|100/100\n|turn|4\n|\n|t:|1776102187\n|move|p2b: Dragapult|Phantom Force||[still]\n|-prepare|p2b: Dragapult|Phantom Force\n|move|p1a: Gatops\u00edquica|Expanding Force|p2b: Dragapult|[miss]\n|-miss|p1a: Gatops\u00edquica|p2b: Dragapult\n|move|p1b: LightInThePiazza|Hyper Voice|p2b: Dragapult|[miss]\n|-miss|p1b: LightInThePiazza|p2b: Dragapult\n|\n|upkeep\n|turn|5\n|\n|t:|1776102195\n|move|p2b: Dragapult|Phantom Force|p1b: LightInThePiazza|[from] lockedmove\n|-damage|p1b: LightInThePiazza|45/100\n|move|p1a: Gatops\u00edquica|Expanding Force|p2b: Dragapult\n|-damage|p2b: Dragapult|0 fnt\n|faint|p2b: Dragapult\n|\n|win|j4ce\n|raw|j4ce's rating: 1106 &rarr; <strong>1128</strong><br />(+22 for winning)\n|raw|falphin4's rating: 1068 &rarr; <strong>1050</strong><br />(-18 for losing)\n",
  "uploadtime": 1776102197,
  "views": 43,
  "formatid": "gen9championsvgc2026regma",
  "rating": 1050,
  "private": 0,
  "password": null
}