{
  "id": "gen9championsvgc2026regma-2584946487",
  "format": "[Gen 9 Champions] VGC 2026 Reg M-A",
  "players": [
    "Vincially",
    "driumip"
  ],
  "log": "|j|\u2606Vincially\n|j|\u2606driumip\n|html|<table width=\"100%\"><tr><td align=\"left\">Vincially</td><td align=\"right\">driumip</tr><tr><td align=\"left\"><i class=\"fa fa-circle-o\"></i> <i class=\"fa fa-circle-o\"></i> </td><td align=\"right\"><i class=\"fa fa-circle-o\"></i> <i class=\"fa fa-circle-o\"></i> </tr></table>\n|uhtml|bestof|<h2><strong>Game 1</strong> of <a href=\"/game-bestof3-gen9championsvgc2026regma-2584946486\">a best-of-3</a></h2>\n|t:|1776297049\n|gametype|doubles\n|player|p1|Vincially|ethan|\n|player|p2|driumip|169|\n|gen|9\n|tier|[Gen 9 Champions] VGC 2026 Reg M-A\n|rule|Species Clause: Limit one of each Pok\u00e9mon\n|rule|Item Clause: Limit 1 of each item\n|raw|<div class=\"infobox\"><details class=\"readmore\" open><summary><strong>1 custom rule:</strong></summary> Best of = 3</details></div>\n|clearpoke\n|poke|p1|Aerodactyl, L50, M|\n|poke|p1|Garchomp, L50, F|\n|poke|p1|Drampa, L50, M|\n|poke|p1|Sinistcha-Masterpiece, L50|\n|poke|p1|Primarina, L50, M|\n|poke|p1|Incineroar, L50, F|\n|poke|p2|Pelipper, L50, F|\n|poke|p2|Basculegion, L50, M|\n|poke|p2|Dragonite, L50, F|\n|poke|p2|Archaludon, L50, M|\n|poke|p2|Farigiraf, L50, M|\n|poke|p2|Garchomp, L50, M|\n|teampreview|4\nVincially has agreed to open team sheets.\n|inactive|Battle timer is ON: inactive players will automatically lose when time's up. (requested by Vincially)\n|\n|t:|1776297138\n|teamsize|p1|4\n|teamsize|p2|4\n|start\n|switch|p1a: Incineroar|Incineroar, L50, F|100/100\n|switch|p1b: Aerodactyl|Aerodactyl, L50, M|100/100\n|switch|p2a: Pelipper|Pelipper, L50, F|100/100\n|switch|p2b: Basculegion|Basculegion, L50, M|100/100\n|-ability|p1b: Aerodactyl|Unnerve\n|-weather|RainDance|[from] ability: Drizzle|[of] p2a: Pelipper\n|-ability|p1a: Incineroar|Intimidate|boost\n|-unboost|p2a: Pelipper|atk|1\n|-unboost|p2b: Basculegion|atk|1\n|turn|1\n|inactive|Vincially has 30 seconds left.\n|inactive|driumip has 30 seconds left.\n|\n|t:|1776297172\n|switch|p1a: Drampa|Drampa, L50, M|100/100\n|-ability|p1a: Drampa|Cloud Nine\n|move|p1b: Aerodactyl|Protect|p1b: Aerodactyl\n|-singleturn|p1b: Aerodactyl|Protect\n|move|p2b: Basculegion|Wave Crash|p1b: Aerodactyl\n|-activate|p1b: Aerodactyl|move: Protect\n|move|p2a: Pelipper|Tailwind|p2a: Pelipper\n|-sidestart|p2: driumip|move: Tailwind\n|\n|-weather|RainDance|[upkeep]\n|upkeep\n|turn|2\n|\n|t:|1776297194\n|switch|p2a: Archaludon|Archaludon, L50, M|100/100\n|detailschange|p1b: Aerodactyl|Aerodactyl-Mega, L50, M\n|-mega|p1b: Aerodactyl|Aerodactyl|Aerodactylite\n|move|p2b: Basculegion|Wave Crash|p1b: Aerodactyl\n|-supereffective|p1b: Aerodactyl|1\n|-damage|p1b: Aerodactyl|0 fnt\n|faint|p1b: Aerodactyl\n|-damage|p2b: Basculegion|72/100|[from] Recoil\n|move|p1a: Drampa|Snarl|p2b: Basculegion|[spread] p2a,p2b\n|-supereffective|p2b: Basculegion|1\n|-damage|p2a: Archaludon|85/100\n|-damage|p2b: Basculegion|34/100\n|-unboost|p2a: Archaludon|spa|1\n|-unboost|p2b: Basculegion|spa|1\n|-ability|p2a: Archaludon|Stamina|boost\n|-boost|p2a: Archaludon|def|1\n|\n|-weather|RainDance|[upkeep]\n|-heal|p2a: Archaludon|91/100|[from] item: Leftovers\n|upkeep\n|\n|t:|1776297216\n|switch|p1b: Primarina|Primarina, L50, M|100/100\n|turn|3\n|inactive|Vincially has 30 seconds left.\n|inactive|driumip has 30 seconds left.\n|inactive|driumip has 20 seconds left.\n|inactive|driumip has 15 seconds left.\n|inactive|driumip has 10 seconds left.\n|\n|t:|1776297261\n|move|p2b: Basculegion|Protect|p2b: Basculegion\n|-singleturn|p2b: Basculegion|Protect\n|move|p2a: Archaludon|Protect|p2a: Archaludon\n|-singleturn|p2a: Archaludon|Protect\n|move|p1b: Primarina|Moonblast|p2a: Archaludon\n|-activate|p2a: Archaludon|move: Protect\n|move|p1a: Drampa|Snarl|p2a: Archaludon|[spread] \n|-activate|p2a: Archaludon|move: Protect\n|-activate|p2b: Basculegion|move: Protect\n|\n|-weather|RainDance|[upkeep]\n|-heal|p2a: Archaludon|97/100|[from] item: Leftovers\n|upkeep\n|turn|4\n|inactive|driumip has 30 seconds left.\n|\n|t:|1776297289\n|move|p1b: Primarina|Protect|p1b: Primarina\n|-singleturn|p1b: Primarina|Protect\n|move|p1a: Drampa|Protect|p1a: Drampa\n|-singleturn|p1a: Drampa|Protect\n|move|p2b: Basculegion|Wave Crash|p1b: Primarina\n|-activate|p1b: Primarina|move: Protect\n|move|p2a: Archaludon|Flash Cannon|p1b: Primarina\n|-activate|p1b: Primarina|move: Protect\n|\n|-weather|RainDance|[upkeep]\n|-heal|p2a: Archaludon|100/100|[from] item: Leftovers\n|-sideend|p2: driumip|move: Tailwind\n|upkeep\n|turn|5\n|inactive|Vincially has 30 seconds left.\n|inactive|driumip has 30 seconds left.\n|inactive|driumip has 20 seconds left.\n|inactive|driumip has 15 seconds left.\n|\n|t:|1776297332\n|move|p2b: Basculegion|Wave Crash|p1b: Primarina\n|-resisted|p1b: Primarina|1\n|-damage|p1b: Primarina|75/100\n|-damage|p2b: Basculegion|26/100|[from] Recoil\n|move|p2a: Archaludon|Flash Cannon|p1b: Primarina\n|-damage|p1b: Primarina|55/100\n|move|p1b: Primarina|Moonblast|p2a: Archaludon\n|-damage|p2a: Archaludon|33/100\n|-ability|p2a: Archaludon|Stamina|boost\n|-boost|p2a: Archaludon|def|1\n|move|p1a: Drampa|Draco Meteor|p2b: Basculegion\n|-damage|p2b: Basculegion|0 fnt\n|-unboost|p1a: Drampa|spa|2\n|faint|p2b: Basculegion\n|\n|-weather|none\n|-heal|p2a: Archaludon|40/100|[from] item: Leftovers\n|upkeep\n|\n|t:|1776297354\n|switch|p2b: Pelipper|Pelipper, L50, F|100/100\n|-weather|RainDance|[from] ability: Drizzle|[of] p2b: Pelipper\n|turn|6\n|inactive|Vincially has 30 seconds left.\n|\n|t:|1776297382\n|move|p2b: Pelipper|Tailwind|p2b: Pelipper\n|-sidestart|p2: driumip|move: Tailwind\n|move|p2a: Archaludon|Draco Meteor|p1a: Drampa|[miss]\n|-miss|p2a: Archaludon|p1a: Drampa\n|move|p1b: Primarina|Moonblast|p2a: Archaludon\n|-damage|p2a: Archaludon|0 fnt\n|faint|p2a: Archaludon\n|move|p1a: Drampa|Draco Meteor|p2b: Pelipper\n|-damage|p2b: Pelipper|34/100\n|-unboost|p1a: Drampa|spa|2\n|\n|-weather|RainDance|[upkeep]\n|upkeep\n|\n|t:|1776297398\n|switch|p2a: Garchomp|Garchomp, L50, M|100/100\n|turn|7\n|inactive|Vincially has 30 seconds left.\n|inactive|Vincially has 20 seconds left.\n|\n|t:|1776297433\n|move|p2a: Garchomp|Earthquake|p1a: Drampa|[spread] p1a,p1b\n|-immune|p2b: Pelipper\n|-damage|p1a: Drampa|44/100\n|-damage|p1b: Primarina|0 fnt\n|faint|p1b: Primarina\n|move|p2b: Pelipper|Hurricane|p1a: Drampa\n|-damage|p1a: Drampa|0 fnt\n|faint|p1a: Drampa\n|\n|-weather|RainDance|[upkeep]\n|upkeep\n|\n|t:|1776297448\n|switch|p1b: Incineroar|Incineroar, L50, F|100/100\n|-ability|p1b: Incineroar|Intimidate|boost\n|-unboost|p2a: Garchomp|atk|1\n|-unboost|p2b: Pelipper|atk|1\n|turn|8\n|\n|t:|1776297456\n|move|p2a: Garchomp|Protect|p2a: Garchomp\n|-singleturn|p2a: Garchomp|Protect\n|move|p2b: Pelipper|Protect|p2b: Pelipper\n|-singleturn|p2b: Pelipper|Protect\n|move|p1b: Incineroar|Fake Out|p2a: Garchomp\n|-activate|p2a: Garchomp|move: Protect\n|\n|-weather|RainDance|[upkeep]\n|upkeep\n|turn|9\n|\n|t:|1776297473\n|move|p2a: Garchomp|Earthquake|p1b: Incineroar|[spread] p1b\n|-immune|p2b: Pelipper\n|-supereffective|p1b: Incineroar|1\n|-damage|p1b: Incineroar|50/100\n|-enditem|p1b: Incineroar|Sitrus Berry|[eat]\n|-heal|p1b: Incineroar|75/100|[from] item: Sitrus Berry\n|move|p2b: Pelipper|Hydro Pump|p1b: Incineroar|[miss]\n|-miss|p2b: Pelipper|p1b: Incineroar\n|move|p1b: Incineroar|Flare Blitz|p2a: Garchomp\n|-resisted|p2a: Garchomp|1\n|-damage|p2a: Garchomp|90/100\n|-damage|p1b: Incineroar|62/100|[from] ability: Rough Skin|[of] p2a: Garchomp\n|-damage|p1b: Incineroar|59/100|[from] Recoil\n|\n|-weather|RainDance|[upkeep]\n|-sideend|p2: driumip|move: Tailwind\n|upkeep\n|turn|10\n|\n|t:|1776297494\n|move|p2a: Garchomp|Earthquake|p1b: Incineroar|[spread] p1b\n|-immune|p2b: Pelipper\n|-supereffective|p1b: Incineroar|1\n|-damage|p1b: Incineroar|8/100\n|move|p2b: Pelipper|Hydro Pump|p1b: Incineroar\n|-supereffective|p1b: Incineroar|1\n|-damage|p1b: Incineroar|0 fnt\n|faint|p1b: Incineroar\n|\n|win|driumip\n|inactive|Vincially has 30 seconds to confirm battle start!\n|inactive|driumip has 30 seconds to confirm battle start!\n",
  "uploadtime": 1776297504,
  "views": 16,
  "formatid": "gen9championsvgc2026regma",
  "rating": null,
  "private": 0,
  "password": null
}