{
  "id": "gen9championsvgc2026regma-2584223899",
  "format": "[Gen 9 Champions] VGC 2026 Reg M-A",
  "players": [
    "Francy03",
    "zeimei"
  ],
  "log": "|j|\u2606Francy03\n|j|\u2606zeimei\n|t:|1776240198\n|gametype|doubles\n|player|p1|Francy03|hilbert-wonderlauncher|1329\n|player|p2|zeimei|265|1389\n|gen|9\n|tier|[Gen 9 Champions] VGC 2026 Reg M-A\n|rated|\n|rule|Species Clause: Limit one of each Pok\u00e9mon\n|rule|Item Clause: Limit 1 of each item\n|clearpoke\n|poke|p1|Tsareena, L50, F|\n|poke|p1|Talonflame, L50, F|\n|poke|p1|Tyranitar, L50, F|\n|poke|p1|Aegislash, L50, M|\n|poke|p1|Garchomp, L50, F|\n|poke|p1|Heliolisk, L50, F|\n|poke|p2|Sinistcha, L50|\n|poke|p2|Incineroar, L50, F|\n|poke|p2|Aggron, L50, M|\n|poke|p2|Dragapult, L50, F|\n|poke|p2|Rotom-Wash, L50|\n|poke|p2|Floette-Eternal, L50, F|\n|teampreview|4\n|inactive|Battle timer is ON: inactive players will automatically lose when time's up. (requested by Francy03)\n|l|\u2606zeimei\n|inactive|zeimei disconnected and has a minute to reconnect!\n|player|p2|\n|j|\u2606zeimei\n|inactive|zeimei reconnected and has 75 seconds left.\n|player|p2|zeimei|265|\n|inactive|Francy03 has 60 seconds left.\n|inactive|zeimei has 60 seconds left.\n|inactive|Francy03 has 30 seconds left.\n|inactive|Francy03 has 20 seconds left.\n|inactive|Francy03 has 15 seconds left.\n|\n|t:|1776240276\n|teamsize|p1|4\n|teamsize|p2|4\n|start\n|switch|p1a: Talonflame|Talonflame, L50, F|100/100\n|switch|p1b: Tsareena|Tsareena, L50, F|100/100\n|switch|p2a: Dragapult|Dragapult, L50, F|100/100\n|switch|p2b: Incineroar|Incineroar, L50, F|100/100\n|-ability|p2b: Incineroar|Intimidate|boost\n|-unboost|p1a: Talonflame|atk|1\n|-unboost|p1b: Tsareena|atk|1\n|turn|1\n|\n|t:|1776240295\n|move|p1a: Talonflame|Tailwind|p1a: Talonflame\n|-sidestart|p1: Francy03|move: Tailwind\n|move|p1b: Tsareena|Triple Axel|p2a: Dragapult\n|-supereffective|p2a: Dragapult|1\n|-damage|p2a: Dragapult|86/100\n|-supereffective|p2a: Dragapult|1\n|-damage|p2a: Dragapult|55/100\n|-supereffective|p2a: Dragapult|1\n|-damage|p2a: Dragapult|13/100\n|-hitcount|p2a: Dragapult|3\n|move|p2a: Dragapult|Will-O-Wisp|p1b: Tsareena\n|-status|p1b: Tsareena|brn\n|move|p2b: Incineroar|Parting Shot|p1a: Talonflame\n|-unboost|p1a: Talonflame|atk|1\n|-unboost|p1a: Talonflame|spa|1\n|\n|t:|1776240310\n|switch|p2b: Aggron|Aggron, L50, M|100/100|[from] Parting Shot\n|\n|-damage|p1b: Tsareena|94/100 brn|[from] brn\n|upkeep\n|turn|2\n|\n|t:|1776240329\n|switch|p2a: Incineroar|Incineroar, L50, F|100/100\n|-ability|p2a: Incineroar|Intimidate|boost\n|-unboost|p1a: Talonflame|atk|1\n|-unboost|p1b: Tsareena|atk|1\n|detailschange|p2b: Aggron|Aggron-Mega, L50, M\n|-mega|p2b: Aggron|Aggron|Aggronite\n|move|p1a: Talonflame|Taunt|p2b: Aggron\n|-start|p2b: Aggron|move: Taunt\n|move|p1b: Tsareena|Triple Axel|p2a: Incineroar\n|-resisted|p2a: Incineroar|1\n|-damage|p2a: Incineroar|99/100\n|-resisted|p2a: Incineroar|1\n|-damage|p2a: Incineroar|99/100\n|-resisted|p2a: Incineroar|1\n|-damage|p2a: Incineroar|97/100\n|-hitcount|p2a: Incineroar|3\n|cant|p2b: Aggron|move: Taunt|Iron Defense\n|\n|-damage|p1b: Tsareena|88/100 brn|[from] brn\n|upkeep\n|turn|3\n|inactive|Francy03 has 30 seconds left.\n|inactive|Francy03 has 20 seconds left.\n|\n|t:|1776240366\n|switch|p1a: Tyranitar|Tyranitar, L50, F|100/100\n|-weather|Sandstorm|[from] ability: Sand Stream|[of] p1a: Tyranitar\n|move|p1b: Tsareena|Low Kick|p2b: Aggron\n|-supereffective|p2b: Aggron|1\n|-damage|p2b: Aggron|93/100\n|move|p2a: Incineroar|Throat Chop|p1b: Tsareena\n|-damage|p1b: Tsareena|56/100 brn\n|-start|p1b: Tsareena|Throat Chop|[silent]\n|move|p2b: Aggron|Body Press|p1b: Tsareena\n|-damage|p1b: Tsareena|11/100 brn\n|\n|-weather|Sandstorm|[upkeep]\n|-damage|p1b: Tsareena|5/100 brn|[from] Sandstorm\n|-damage|p2a: Incineroar|91/100|[from] Sandstorm\n|-damage|p1b: Tsareena|0 fnt|[from] brn\n|faint|p1b: Tsareena\n|upkeep\n|\n|t:|1776240381\n|switch|p1b: Talonflame|Talonflame, L50, F|100/100\n|turn|4\n|\n|t:|1776240396\n|switch|p2a: Dragapult|Dragapult, L50, F|13/100\n|detailschange|p1a: Tyranitar|Tyranitar-Mega, L50, F\n|-mega|p1a: Tyranitar|Tyranitar|Tyranitarite\n|move|p1b: Talonflame|Flare Blitz|p2b: Aggron\n|-supereffective|p2b: Aggron|1\n|-damage|p2b: Aggron|65/100\n|-status|p2b: Aggron|brn\n|-damage|p1b: Talonflame|90/100|[from] Recoil\n|move|p1a: Tyranitar|Low Kick|p2b: Aggron\n|-supereffective|p2b: Aggron|1\n|-damage|p2b: Aggron|34/100 brn\n|move|p2b: Aggron|Body Press|p1a: Tyranitar\n|-supereffective|p1a: Tyranitar|2\n|-damage|p1a: Tyranitar|45/100\n|\n|-weather|Sandstorm|[upkeep]\n|-damage|p1b: Talonflame|84/100|[from] Sandstorm\n|-damage|p2a: Dragapult|7/100|[from] Sandstorm\n|-damage|p2b: Aggron|28/100 brn|[from] brn\n|-end|p2b: Aggron|move: Taunt\n|-sideend|p1: Francy03|move: Tailwind\n|upkeep\n|turn|5\n|inactive|Francy03 has 30 seconds left.\n|\n|t:|1776240429\n|switch|p2b: Incineroar|Incineroar, L50, F|91/100\n|-ability|p2b: Incineroar|Intimidate|boost\n|-unboost|p1a: Tyranitar|atk|1\n|-unboost|p1b: Talonflame|atk|1\n|move|p1a: Tyranitar|Protect|p1a: Tyranitar\n|-singleturn|p1a: Tyranitar|Protect\n|move|p2a: Dragapult|Will-O-Wisp|p1a: Tyranitar\n|-activate|p1a: Tyranitar|move: Protect\n|move|p1b: Talonflame|Dual Wingbeat|p2a: Dragapult\n|-damage|p2a: Dragapult|0 fnt\n|faint|p2a: Dragapult\n|-hitcount|p2: Dragapult|1\n|\n|-weather|Sandstorm|[upkeep]\n|-damage|p1b: Talonflame|78/100|[from] Sandstorm\n|-damage|p2b: Incineroar|85/100|[from] Sandstorm\n|upkeep\n|\n|t:|1776240448\n|switch|p2a: Rotom|Rotom-Wash, L50|100/100\n|turn|6\n|\n|t:|1776240454\n|switch|p1a: Aegislash|Aegislash, L50, M|100/100\n|move|p2b: Incineroar|Fake Out|p1b: Talonflame\n|-damage|p1b: Talonflame|63/100\n|cant|p1b: Talonflame|flinch\n|move|p2a: Rotom|Will-O-Wisp|p1a: Aegislash\n|-status|p1a: Aegislash|brn\n|\n|-weather|Sandstorm|[upkeep]\n|-damage|p1b: Talonflame|57/100|[from] Sandstorm\n|-damage|p2a: Rotom|95/100|[from] Sandstorm\n|-damage|p2b: Incineroar|79/100|[from] Sandstorm\n|-heal|p2a: Rotom|100/100|[from] item: Leftovers\n|-damage|p1a: Aegislash|95/100 brn|[from] brn\n|upkeep\n|turn|7\n|inactive|Francy03 has 30 seconds left.\n|\n|t:|1776240481\n|move|p1b: Talonflame|Tailwind|p1b: Talonflame\n|-sidestart|p1: Francy03|move: Tailwind\n|-formechange|p1a: Aegislash|Aegislash-Blade|\n|move|p1a: Aegislash|Poltergeist|p2a: Rotom\n|-activate|p2a: Rotom|move: Poltergeist|Leftovers\n|-damage|p2a: Rotom|64/100\n|move|p2a: Rotom|Thunderbolt|p1b: Talonflame\n|-supereffective|p1b: Talonflame|1\n|-damage|p1b: Talonflame|0 fnt\n|faint|p1b: Talonflame\n|move|p2b: Incineroar|Parting Shot|p1a: Aegislash\n|-unboost|p1a: Aegislash|atk|1\n|-unboost|p1a: Aegislash|spa|1\n|\n|t:|1776240494\n|switch|p2b: Aggron|Aggron-Mega, L50, M|28/100 brn|[from] Parting Shot\n|\n|-weather|none\n|-heal|p2a: Rotom|70/100|[from] item: Leftovers\n|-damage|p1a: Aegislash|89/100 brn|[from] brn\n|-damage|p2b: Aggron|22/100 brn|[from] brn\n|upkeep\n|\n|t:|1776240497\n|switch|p1b: Tyranitar|Tyranitar-Mega, L50, F|45/100\n|-weather|Sandstorm|[from] ability: Sand Stream|[of] p1b: Tyranitar\n|turn|8\n|\n|t:|1776240513\n|move|p2a: Rotom|Protect|p2a: Rotom\n|-singleturn|p2a: Rotom|Protect\n|move|p1b: Tyranitar|Knock Off|p2a: Rotom\n|-activate|p2a: Rotom|move: Protect\n|move|p1a: Aegislash|Poltergeist|p2b: Aggron\n|-activate|p2b: Aggron|move: Poltergeist|Aggronite\n|-damage|p2b: Aggron|13/100 brn\n|move|p2b: Aggron|Body Press|p1b: Tyranitar\n|-supereffective|p1b: Tyranitar|2\n|-damage|p1b: Tyranitar|0 fnt\n|faint|p1b: Tyranitar\n|\n|-weather|Sandstorm|[upkeep]\n|-damage|p2a: Rotom|64/100|[from] Sandstorm\n|-heal|p2a: Rotom|70/100|[from] item: Leftovers\n|-damage|p1a: Aegislash|83/100 brn|[from] brn\n|-damage|p2b: Aggron|7/100 brn|[from] brn\n|upkeep\n|turn|9\n|-message|Francy03 forfeited.\n|\n|win|zeimei\n|raw|Francy03's rating: 1329 &rarr; <strong>1312</strong><br />(-17 for losing)\n|raw|zeimei's rating: 1389 &rarr; <strong>1406</strong><br />(+17 for winning)\n|l|\u2606Francy03\n|player|p1|\n",
  "uploadtime": 1776240540,
  "views": 36,
  "formatid": "gen9championsvgc2026regma",
  "rating": 1312,
  "private": 0,
  "password": null
}