{
  "id": "gen9championsvgc2026regma-2584500754",
  "format": "[Gen 9 Champions] VGC 2026 Reg M-A",
  "players": [
    "Uncreative7452",
    "TweXD"
  ],
  "log": "|j|\u2606Uncreative7452\n|j|\u2606TweXD\n|t:|1776264987\n|gametype|doubles\n|player|p1|Uncreative7452|tuber|1126\n|player|p2|TweXD|blue|1040\n|gen|9\n|tier|[Gen 9 Champions] VGC 2026 Reg M-A\n|rated|\n|rule|Species Clause: Limit one of each Pok\u00e9mon\n|rule|Item Clause: Limit 1 of each item\n|clearpoke\n|poke|p1|Charizard, L50, F|\n|poke|p1|Venusaur, L50, F|\n|poke|p1|Sneasler, L50, M|\n|poke|p1|Dragonite, L50, F|\n|poke|p1|Incineroar, L50, M|\n|poke|p1|Rhyperior, L50, M|\n|poke|p2|Floette-Eternal, L50, F|\n|poke|p2|Gyarados, L50, F|\n|poke|p2|Incineroar, L50, M|\n|poke|p2|Sneasler, L50, F|\n|poke|p2|Tyranitar, L50, M|\n|poke|p2|Aegislash, L50, F|\n|teampreview|4\n|inactive|Battle timer is ON: inactive players will automatically lose when time's up. (requested by TweXD)\n|\n|t:|1776265034\n|teamsize|p1|4\n|teamsize|p2|4\n|start\n|switch|p1a: Sneasler|Sneasler, L50, M|100/100\n|switch|p1b: Rhyperior|Rhyperior, L50, M|100/100\n|switch|p2a: Aegislash|Aegislash, L50, F|100/100\n|switch|p2b: Incineroar|Incineroar, L50, M|100/100\n|-ability|p2b: Incineroar|Intimidate|boost\n|-unboost|p1a: Sneasler|atk|1\n|-unboost|p1b: Rhyperior|atk|1\n|-enditem|p1a: Sneasler|White Herb\n|-clearnegativeboost|p1a: Sneasler|[silent]\n|turn|1\n|inactive|TweXD has 30 seconds left.\n|\n|t:|1776265064\n|move|p1a: Sneasler|Protect|p1a: Sneasler\n|-singleturn|p1a: Sneasler|Protect\n|move|p2a: Aegislash|King's Shield|p2a: Aegislash\n|-singleturn|p2a: Aegislash|Protect\n|move|p2b: Incineroar|Fake Out|p1b: Rhyperior\n|-resisted|p1b: Rhyperior|1\n|-damage|p1b: Rhyperior|97/100\n|cant|p1b: Rhyperior|flinch\n|\n|upkeep\n|turn|2\n|\n|t:|1776265078\n|move|p1a: Sneasler|Close Combat|p2b: Incineroar\n|-supereffective|p2b: Incineroar|1\n|-damage|p2b: Incineroar|0 fnt\n|-unboost|p1a: Sneasler|def|1\n|-unboost|p1a: Sneasler|spd|1\n|faint|p2b: Incineroar\n|move|p2a: Aegislash|Swords Dance|p2a: Aegislash\n|-boost|p2a: Aegislash|atk|2\n|move|p1b: Rhyperior|High Horsepower|p2a: Aegislash\n|-supereffective|p2a: Aegislash|1\n|-damage|p2a: Aegislash|35/100\n|\n|-heal|p2a: Aegislash|41/100|[from] item: Leftovers\n|upkeep\n|\n|t:|1776265095\n|switch|p2b: Sneasler|Sneasler, L50, F|100/100\n|turn|3\n|\n|t:|1776265108\n|move|p1a: Sneasler|Protect|p1a: Sneasler\n|-singleturn|p1a: Sneasler|Protect\n|move|p2a: Aegislash|King's Shield|p2a: Aegislash\n|-singleturn|p2a: Aegislash|Protect\n|move|p2b: Sneasler|Close Combat|p1b: Rhyperior\n|-supereffective|p1b: Rhyperior|1\n|-damage|p1b: Rhyperior|32/100\n|-unboost|p2b: Sneasler|def|1\n|-unboost|p2b: Sneasler|spd|1\n|move|p1b: Rhyperior|Earthquake|p2a: Aegislash|[spread] p2b\n|-activate|p1a: Sneasler|move: Protect\n|-activate|p2a: Aegislash|move: Protect\n|-supereffective|p2b: Sneasler|1\n|-enditem|p2b: Sneasler|Focus Sash\n|-damage|p2b: Sneasler|1/100\n|\n|-heal|p2a: Aegislash|47/100|[from] item: Leftovers\n|upkeep\n|turn|4\n|inactive|TweXD has 30 seconds left.\n|inactive|TweXD has 20 seconds left.\n|\n|t:|1776265144\n|move|p2b: Sneasler|Protect|p2b: Sneasler\n|-singleturn|p2b: Sneasler|Protect\n|-formechange|p2a: Aegislash|Aegislash-Blade|\n|move|p2a: Aegislash|Shadow Sneak|p1b: Rhyperior\n|-damage|p1b: Rhyperior|2/100\n|move|p1a: Sneasler|Acrobatics|p2b: Sneasler\n|-activate|p2b: Sneasler|move: Protect\n|move|p1b: Rhyperior|High Horsepower|p2a: Aegislash\n|-supereffective|p2a: Aegislash|1\n|-damage|p2a: Aegislash|0 fnt\n|faint|p2a: Aegislash\n|\n|upkeep\n|\n|t:|1776265156\n|switch|p2a: Floette|Floette-Eternal, L50, F|100/100\n|turn|5\n|\n|t:|1776265174\n|detailschange|p2a: Floette|Floette-Mega, L50, F\n|-mega|p2a: Floette|Floette|Floettite\n|-ability|p2a: Floette|Fairy Aura\n|move|p1a: Sneasler|Dire Claw|p2a: Floette\n|-supereffective|p2a: Floette|1\n|-damage|p2a: Floette|0 fnt\n|faint|p2a: Floette\n|move|p2b: Sneasler|Rock Slide|p1a: Sneasler|[spread] p1a,p1b\n|-resisted|p1a: Sneasler|1\n|-resisted|p1b: Rhyperior|1\n|-damage|p1a: Sneasler|73/100\n|-damage|p1b: Rhyperior|0 fnt\n|faint|p1b: Rhyperior\n|\n|upkeep\n|\n|t:|1776265185\n|switch|p1b: Venusaur|Venusaur, L50, F, shiny|100/100\n|turn|6\n|\n|t:|1776265196\n|move|p2b: Sneasler|Protect|p2b: Sneasler\n|-singleturn|p2b: Sneasler|Protect\n|move|p1a: Sneasler|Acrobatics|p2b: Sneasler\n|-activate|p2b: Sneasler|move: Protect\n|move|p1b: Venusaur|Sludge Bomb|p2b: Sneasler\n|-activate|p2b: Sneasler|move: Protect\n|\n|upkeep\n|turn|7\n|\n|t:|1776265211\n|move|p1a: Sneasler|Acrobatics|p2b: Sneasler\n|-supereffective|p2b: Sneasler|1\n|-damage|p2b: Sneasler|0 fnt\n|faint|p2b: Sneasler\n|\n|win|Uncreative7452\n|raw|Uncreative7452's rating: 1126 &rarr; <strong>1145</strong><br />(+19 for winning)\n|raw|TweXD's rating: 1040 &rarr; <strong>1028</strong><br />(-12 for losing)\n|l|\u2606TweXD\n|player|p2|\n",
  "uploadtime": 1776265213,
  "views": 24,
  "formatid": "gen9championsvgc2026regma",
  "rating": 1028,
  "private": 0,
  "password": null
}