{
  "id": "gen9championsvgc2026regma-2580822115",
  "format": "[Gen 9 Champions] VGC 2026 Reg M-A",
  "players": [
    "Suplich",
    "Jah_08"
  ],
  "log": "|j|\u2606Suplich\n|j|\u2606Jah_08\n|t:|1775935284\n|gametype|doubles\n|player|p1|Suplich|harlequin|1000\n|player|p2|Jah_08|2|1000\n|gen|9\n|tier|[Gen 9 Champions] VGC 2026 Reg M-A\n|rated|\n|rule|Species Clause: Limit one of each Pok\u00e9mon\n|rule|Item Clause: Limit 1 of each item\n|clearpoke\n|poke|p1|Meganium, L50, F|\n|poke|p1|Pelipper, L50, F|\n|poke|p1|Basculegion, L50, M|\n|poke|p1|Archaludon, L50, F|\n|poke|p1|Toxicroak, L50, M|\n|poke|p1|Kingambit, L50, F|\n|poke|p2|Vanilluxe, L50, F|\n|poke|p2|Krookodile, L50, F|\n|poke|p2|Chandelure, L50, F|\n|poke|p2|Whimsicott, L50, M|\n|poke|p2|Conkeldurr, L50, M|\n|poke|p2|Zoroark-Hisui, L50, M|\n|teampreview|4\n|inactive|Battle timer is ON: inactive players will automatically lose when time's up. (requested by Jah_08)\n|inactiveoff|Battle timer is now OFF.\n|inactive|Battle timer is ON: inactive players will automatically lose when time's up. (requested by Jah_08)\n|\n|t:|1775935417\n|teamsize|p1|4\n|teamsize|p2|4\n|start\n|switch|p1a: Pelipper|Pelipper, L50, F|100/100\n|switch|p1b: Archaludon|Archaludon, L50, F|100/100\n|switch|p2a: Krookodile|Krookodile, L50, F|100/100\n|switch|p2b: Conkeldurr|Conkeldurr, L50, M|100/100\n|-weather|RainDance|[from] ability: Drizzle|[of] p1a: Pelipper\n|-ability|p2a: Krookodile|Intimidate|boost\n|-unboost|p1a: Pelipper|atk|1\n|-unboost|p1b: Archaludon|atk|1\n|turn|1\n|inactive|Jah_08 has 30 seconds left.\n|inactive|Jah_08 has 20 seconds left.\n|inactive|Jah_08 has 15 seconds left.\n|inactive|Jah_08 has 10 seconds left.\n|inactive|Jah_08 has 5 seconds left.\n|\n|t:|1775935467\n|switch|p2a: Vanilluxe|Vanilluxe, L50, F|100/100\n|-weather|Snowscape|[from] ability: Snow Warning|[of] p2a: Vanilluxe\n|move|p1a: Pelipper|Weather Ball|p2a: Vanilluxe\n|-resisted|p2a: Vanilluxe|1\n|-damage|p2a: Vanilluxe|89/100\n|move|p1b: Archaludon|Electro Shot||[still]\n|-prepare|p1b: Archaludon|Electro Shot\n|-boost|p1b: Archaludon|spa|1\n|move|p2b: Conkeldurr|Drain Punch|p1b: Archaludon\n|-supereffective|p1b: Archaludon|1\n|-enditem|p1b: Archaludon|Chople Berry|[eat]\n|-enditem|p1b: Archaludon|Chople Berry|[weaken]\n|-damage|p1b: Archaludon|59/100\n|-ability|p1b: Archaludon|Stamina|boost\n|-boost|p1b: Archaludon|def|1\n|\n|-weather|Snowscape|[upkeep]\n|upkeep\n|turn|2\n|inactive|Suplich has 30 seconds left.\n|inactive|Jah_08 has 30 seconds left.\n|\n|t:|1775935494\n|switch|p1a: Kingambit|Kingambit, L50, F|100/100\n|move|p1b: Archaludon|Electro Shot|p2b: Conkeldurr|[from] lockedmove\n|-damage|p2b: Conkeldurr|15/100\n|move|p2a: Vanilluxe|Blizzard|p1b: Archaludon|[spread] p1a,p1b\n|-resisted|p1a: Kingambit|1\n|-damage|p1a: Kingambit|81/100\n|-damage|p1b: Archaludon|9/100\n|-ability|p1b: Archaludon|Stamina|boost\n|-boost|p1b: Archaludon|def|1\n|move|p2b: Conkeldurr|Drain Punch|p1b: Archaludon\n|-supereffective|p1b: Archaludon|1\n|-damage|p1b: Archaludon|0 fnt\n|-heal|p2b: Conkeldurr|19/100|[from] drain|[of] p1b: Archaludon\n|faint|p1b: Archaludon\n|\n|-weather|Snowscape|[upkeep]\n|-heal|p1a: Kingambit|87/100|[from] item: Leftovers\n|upkeep\n|\n|t:|1775935506\n|switch|p1b: Pelipper|Pelipper, L50, F|100/100\n|-weather|RainDance|[from] ability: Drizzle|[of] p1b: Pelipper\n|turn|3\n|\n|t:|1775935525\n|move|p2b: Conkeldurr|Mach Punch|p1a: Kingambit\n|-supereffective|p1a: Kingambit|2\n|-damage|p1a: Kingambit|4/100\n|move|p1b: Pelipper|Hurricane|p2b: Conkeldurr\n|-supereffective|p2b: Conkeldurr|1\n|-crit|p2b: Conkeldurr\n|-damage|p2b: Conkeldurr|0 fnt\n|faint|p2b: Conkeldurr\n|move|p2a: Vanilluxe|Freeze-Dry|p1b: Pelipper\n|-supereffective|p1b: Pelipper|2\n|-damage|p1b: Pelipper|0 fnt\n|faint|p1b: Pelipper\n|move|p1a: Kingambit|Swords Dance|p1a: Kingambit\n|-boost|p1a: Kingambit|atk|2\n|\n|-weather|RainDance|[upkeep]\n|-heal|p1a: Kingambit|10/100|[from] item: Leftovers\n|upkeep\n|inactive|Jah_08 has 30 seconds left.\n|\n|t:|1775935552\n|switch|p1b: Toxicroak|Toxicroak, L50, M|100/100\n|switch|p2b: Krookodile|Krookodile, L50, F|100/100\n|turn|4\n|inactive|Jah_08 has 30 seconds left.\n|inactive|Suplich has 30 seconds left.\n|inactive|Jah_08 has 20 seconds left.\n|\n|t:|1775935588\n|move|p1b: Toxicroak|Fake Out|p2a: Vanilluxe\n|-damage|p2a: Vanilluxe|75/100\n|move|p1a: Kingambit|Sucker Punch||[still]\n|-fail|p1a: Kingambit\n|move|p2b: Krookodile|Will-O-Wisp|p1b: Toxicroak\n|-status|p1b: Toxicroak|brn\n|cant|p2a: Vanilluxe|flinch\n|\n|-weather|RainDance|[upkeep]\n|-heal|p1a: Kingambit|15/100|[from] item: Leftovers\n|-damage|p1b: Toxicroak|95/100 brn|[from] brn\n|upkeep\n|turn|5\n|\n|t:|1775935608\n|move|p1a: Kingambit|Sucker Punch|p2a: Vanilluxe\n|-damage|p2a: Vanilluxe|0 fnt\n|faint|p2a: Vanilluxe\n|move|p2b: Krookodile|Will-O-Wisp|p1a: Kingambit\n|-status|p1a: Kingambit|brn\n|move|p1b: Toxicroak|Close Combat|p2b: Krookodile\n|-immune|p2b: Krookodile\n|\n|-weather|RainDance|[upkeep]\n|-heal|p1a: Kingambit|21/100 brn|[from] item: Leftovers\n|-damage|p1b: Toxicroak|89/100 brn|[from] brn\n|-damage|p1a: Kingambit|15/100 brn|[from] brn\n|upkeep\n|\n|t:|1775935624\n|switch|p2a: Krookodile|Krookodile, L50, F|100/100\n|-ability|p2a: Krookodile|Intimidate|boost\n|-unboost|p1a: Kingambit|atk|1\n|-ability|p1a: Kingambit|Defiant|boost\n|-boost|p1a: Kingambit|atk|2\n|-unboost|p1b: Toxicroak|atk|1\n|turn|6\n|-message|Suplich forfeited.\n|\n|win|Jah_08\n|raw|Suplich's rating: 1000 &rarr; <strong>1000</strong><br />(+0 for losing)\n|raw|Jah_08's rating: 1000 &rarr; <strong>1040</strong><br />(+40 for winning)\n|l|\u2606Suplich\n|player|p1|\n",
  "uploadtime": 1775935642,
  "views": 11,
  "formatid": "gen9championsvgc2026regma",
  "rating": 1000,
  "private": 0,
  "password": null
}