{
  "id": "gen9championsvgc2026regma-2584452496",
  "format": "[Gen 9 Champions] VGC 2026 Reg M-A",
  "players": [
    "gonvo",
    "mumu2"
  ],
  "log": "|j|\u2606gonvo\n|j|\u2606mumu2\n|t:|1776261866\n|gametype|doubles\n|player|p1|gonvo|2|1324\n|player|p2|mumu2|102|1328\n|gen|9\n|tier|[Gen 9 Champions] VGC 2026 Reg M-A\n|rated|\n|rule|Species Clause: Limit one of each Pok\u00e9mon\n|rule|Item Clause: Limit 1 of each item\n|clearpoke\n|poke|p1|Incineroar, L50, M|\n|poke|p1|Kommo-o, L50, M|\n|poke|p1|Rotom-Wash, L50|\n|poke|p1|Floette-Eternal, L50, F|\n|poke|p1|Aegislash, L50, M|\n|poke|p1|Sneasler, L50, M|\n|poke|p2|Goodra-Hisui, L50, M|\n|poke|p2|Gengar, L50, M|\n|poke|p2|Sinistcha, L50|\n|poke|p2|Floette-Eternal, L50, F|\n|poke|p2|Incineroar, L50, F|\n|poke|p2|Aerodactyl, L50, M|\n|teampreview|4\n|inactive|Battle timer is ON: inactive players will automatically lose when time's up. (requested by gonvo)\n|j| LemmonEggd\n|\n|t:|1776261894\n|teamsize|p1|4\n|teamsize|p2|4\n|start\n|switch|p1a: Aegislash|Aegislash, L50, M|100/100\n|switch|p1b: Rotom|Rotom-Wash, L50|100/100\n|switch|p2a: Trick|Gengar, L50, M|100/100\n|switch|p2b: Treats|Goodra-Hisui, L50, M, shiny|100/100\n|turn|1\n|\n|t:|1776261913\n|detailschange|p2a: Trick|Gengar-Mega, L50, M\n|-mega|p2a: Trick|Gengar|Gengarite\n|-formechange|p1a: Aegislash|Aegislash-Blade|\n|move|p1a: Aegislash|Shadow Sneak|p2a: Trick\n|-supereffective|p2a: Trick|1\n|-damage|p2a: Trick|16/100\n|move|p1b: Rotom|Electroweb|p2a: Trick|[spread] p2a,p2b\n|-resisted|p2b: Treats|1\n|-damage|p2a: Trick|0 fnt\n|-damage|p2b: Treats|96/100\n|-unboost|p2b: Treats|spe|1\n|faint|p2a: Trick\n|move|p2b: Treats|Shelter|p2b: Treats\n|-boost|p2b: Treats|def|2\n|\n|-heal|p2b: Treats|100/100|[from] item: Leftovers\n|upkeep\n|\n|t:|1776261928\n|switch|p2a: Incineroar|Incineroar, L50, F|100/100\n|-ability|p2a: Incineroar|Intimidate|boost\n|-unboost|p1a: Aegislash|atk|1\n|-unboost|p1b: Rotom|atk|1\n|turn|2\n|\n|t:|1776261948\n|move|p1b: Rotom|Electroweb|p2a: Incineroar|[spread] p2a,p2b\n|-resisted|p2b: Treats|1\n|-damage|p2a: Incineroar|88/100\n|-damage|p2b: Treats|96/100\n|-unboost|p2a: Incineroar|spe|1\n|-unboost|p2b: Treats|spe|1\n|move|p1a: Aegislash|Poltergeist|p2b: Treats\n|-activate|p2b: Treats|move: Poltergeist|Leftovers\n|-damage|p2b: Treats|72/100\n|move|p2a: Incineroar|Will-O-Wisp|p1a: Aegislash\n|-status|p1a: Aegislash|brn\n|move|p2b: Treats|Shelter|p2b: Treats\n|-boost|p2b: Treats|def|2\n|\n|-heal|p2b: Treats|78/100|[from] item: Leftovers\n|-damage|p1a: Aegislash|94/100 brn|[from] brn\n|upkeep\n|turn|3\n|\n|t:|1776261964\n|switch|p1a: Floette|Floette-Eternal, L50, F|100/100\n|move|p1b: Rotom|Electroweb|p2a: Incineroar|[spread] p2a\n|-miss|p1b: Rotom|p2b: Treats\n|-damage|p2a: Incineroar|75/100\n|-unboost|p2a: Incineroar|spe|1\n|move|p2a: Incineroar|Parting Shot|p1a: Floette\n|-unboost|p1a: Floette|atk|1\n|-unboost|p1a: Floette|spa|1\n|\n|t:|1776261970\n|switch|p2a: Rose|Sinistcha, L50|100/100|[from] Parting Shot\n|-heal|p2b: Treats|100/100|[from] ability: Hospitality|[of] p2a: Rose\n|move|p2b: Treats|Shelter|p2b: Treats\n|-boost|p2b: Treats|def|2\n|\n|upkeep\n|turn|4\n|\n|t:|1776261987\n|detailschange|p1a: Floette|Floette-Mega, L50, F\n|-mega|p1a: Floette|Floette|Floettite\n|-ability|p1a: Floette|Fairy Aura\n|move|p1b: Rotom|Electroweb|p2b: Treats|[spread] p2a,p2b\n|-resisted|p2a: Rose|1\n|-resisted|p2b: Treats|1\n|-damage|p2a: Rose|89/100\n|-damage|p2b: Treats|95/100\n|-unboost|p2a: Rose|spe|1\n|-unboost|p2b: Treats|spe|1\n|move|p1a: Floette|Moonblast|p2b: Treats\n|-damage|p2b: Treats|73/100\n|move|p2b: Treats|Body Press|p1a: Floette\n|-resisted|p1a: Floette|1\n|-damage|p1a: Floette|63/100\n|move|p2a: Rose|Trick Room|p2a: Rose\n|-fieldstart|move: Trick Room|[of] p2a: Rose\n|\n|-heal|p2b: Treats|79/100|[from] item: Leftovers\n|upkeep\n|turn|5\n|inactive|gonvo has 30 seconds left.\n|\n|t:|1776262017\n|switch|p1b: Aegislash|Aegislash, L50, M|94/100 brn\n|move|p1a: Floette|Protect|p1a: Floette\n|-singleturn|p1a: Floette|Protect\n|move|p2b: Treats|Body Press|p1a: Floette\n|-activate|p1a: Floette|move: Protect\n|move|p2a: Rose|Life Dew|p2a: Rose|[spread] p2a,p2b\n|-heal|p2a: Rose|100/100\n|-heal|p2b: Treats|100/100\n|\n|-damage|p1b: Aegislash|88/100 brn|[from] brn\n|upkeep\n|turn|6\n|\n|t:|1776262040\n|switch|p2a: Incineroar|Incineroar, L50, F|75/100\n|-ability|p2a: Incineroar|Intimidate|boost\n|-unboost|p1a: Floette|atk|1\n|-unboost|p1b: Aegislash|atk|1\n|move|p2b: Treats|Body Press|p1a: Floette\n|-resisted|p1a: Floette|1\n|-damage|p1a: Floette|24/100\n|-formechange|p1b: Aegislash|Aegislash-Blade|\n|move|p1b: Aegislash|Iron Head|p2a: Incineroar\n|-resisted|p2a: Incineroar|1\n|-damage|p2a: Incineroar|67/100\n|move|p1a: Floette|Moonblast|p2a: Incineroar\n|-damage|p2a: Incineroar|36/100\n|\n|-damage|p1b: Aegislash|82/100 brn|[from] brn\n|upkeep\n|turn|7\n|inactive|gonvo has 30 seconds left.\n|inactive|mumu2 has 30 seconds left.\n|inactive|gonvo has 20 seconds left.\n|\n|t:|1776262077\n|move|p1a: Floette|Protect|p1a: Floette\n|-singleturn|p1a: Floette|Protect\n|move|p2b: Treats|Body Press|p1a: Floette\n|-activate|p1a: Floette|move: Protect\n|move|p2a: Incineroar|Parting Shot|p1b: Aegislash\n|-unboost|p1b: Aegislash|atk|1\n|-unboost|p1b: Aegislash|spa|1\n|\n|t:|1776262080\n|switch|p2a: Rose|Sinistcha, L50|100/100|[from] Parting Shot\n|move|p1b: Aegislash|Poltergeist|p2a: Rose\n|-activate|p2a: Rose|move: Poltergeist|Sitrus Berry\n|-supereffective|p2a: Rose|1\n|-damage|p2a: Rose|70/100\n|\n|-damage|p1b: Aegislash|76/100 brn|[from] brn\n|upkeep\n|turn|8\n|\n|t:|1776262100\n|switch|p1b: Rotom|Rotom-Wash, L50|100/100\n|move|p2b: Treats|Body Press|p1a: Floette\n|-resisted|p1a: Floette|1\n|-damage|p1a: Floette|0 fnt\n|faint|p1a: Floette\n|move|p2a: Rose|Life Dew||[still]|[spread] p2a,p2b\n|-heal|p2a: Rose|95/100\n|-fail|p2b: Treats|heal\n|\n|-fieldend|move: Trick Room\n|upkeep\n|\n|t:|1776262107\n|switch|p1a: Kommo-o|Kommo-o, L50, M|100/100\n|turn|9\n|\n|t:|1776262131\n|move|p1b: Rotom|Will-O-Wisp|p2b: Treats\n|-status|p2b: Treats|brn\n|move|p1a: Kommo-o|Aura Sphere|p2b: Treats\n|-supereffective|p2b: Treats|1\n|-damage|p2b: Treats|61/100 brn\n|move|p2b: Treats|Body Press|p1a: Kommo-o\n|-damage|p1a: Kommo-o|64/100\n|move|p2a: Rose|Trick Room|p2a: Rose\n|-fieldstart|move: Trick Room|[of] p2a: Rose\n|\n|-heal|p2b: Treats|67/100 brn|[from] item: Leftovers\n|-heal|p1a: Kommo-o|70/100|[from] item: Leftovers\n|-damage|p2b: Treats|61/100 brn|[from] brn\n|upkeep\n|turn|10\n|\n|t:|1776262154\n|move|p1a: Kommo-o|Protect|p1a: Kommo-o\n|-singleturn|p1a: Kommo-o|Protect\n|move|p2a: Rose|Rage Powder|p2a: Rose\n|-singleturn|p2a: Rose|move: Rage Powder\n|move|p2b: Treats|Body Press|p1a: Kommo-o\n|-activate|p1a: Kommo-o|move: Protect\n|move|p1b: Rotom|Will-O-Wisp|p2a: Rose|[miss]\n|-miss|p1b: Rotom|p2a: Rose\n|\n|-heal|p2b: Treats|67/100 brn|[from] item: Leftovers\n|-heal|p1a: Kommo-o|75/100|[from] item: Leftovers\n|-damage|p2b: Treats|61/100 brn|[from] brn\n|upkeep\n|turn|11\n|inactive|gonvo has 30 seconds left.\n|\n|t:|1776262186\n|switch|p1b: Aegislash|Aegislash, L50, M|76/100 brn\n|move|p2a: Rose|Rage Powder|p2a: Rose\n|-singleturn|p2a: Rose|move: Rage Powder\n|move|p2b: Treats|Body Press|p1a: Kommo-o\n|-damage|p1a: Kommo-o|41/100\n|move|p1a: Kommo-o|Clanging Scales|p2b: Treats|[spread] p2a,p2b\n|-damage|p2a: Rose|51/100\n|-damage|p2b: Treats|43/100 brn\n|-unboost|p1a: Kommo-o|def|1\n|\n|-heal|p2b: Treats|49/100 brn|[from] item: Leftovers\n|-heal|p1a: Kommo-o|47/100|[from] item: Leftovers\n|-damage|p2b: Treats|43/100 brn|[from] brn\n|-damage|p1b: Aegislash|70/100 brn|[from] brn\n|upkeep\n|turn|12\n|\n|t:|1776262209\n|move|p2b: Treats|Body Press|p1a: Kommo-o\n|-damage|p1a: Kommo-o|0 fnt\n|faint|p1a: Kommo-o\n|move|p2a: Rose|Life Dew|p2a: Rose|[spread] p2a,p2b\n|-heal|p2a: Rose|76/100\n|-heal|p2b: Treats|68/100 brn\n|-formechange|p1b: Aegislash|Aegislash-Blade|\n|move|p1b: Aegislash|Poltergeist|p2a: Rose\n|-activate|p2a: Rose|move: Poltergeist|Sitrus Berry\n|-supereffective|p2a: Rose|1\n|-crit|p2a: Rose\n|-damage|p2a: Rose|0 fnt\n|faint|p2a: Rose\n|\n|-heal|p2b: Treats|74/100 brn|[from] item: Leftovers\n|-damage|p2b: Treats|68/100 brn|[from] brn\n|-damage|p1b: Aegislash|64/100 brn|[from] brn\n|upkeep\n|-message|gonvo forfeited.\n|\n|win|mumu2\n|raw|gonvo's rating: 1324 &rarr; <strong>1304</strong><br />(-20 for losing)\n|raw|mumu2's rating: 1328 &rarr; <strong>1348</strong><br />(+20 for winning)\n|l|\u2606gonvo\n|player|p1|\n",
  "uploadtime": 1776262250,
  "views": 35,
  "formatid": "gen9championsvgc2026regma",
  "rating": 1304,
  "private": 0,
  "password": null
}