{
  "id": "gen9championsvgc2026regma-2587953481",
  "format": "[Gen 9 Champions] VGC 2026 Reg M-A",
  "players": [
    "literaldog121212",
    "rs3512"
  ],
  "log": "|j|\u2606literaldog121212\n|j|\u2606rs3512\n|t:|1776584094\n|gametype|doubles\n|player|p1|literaldog121212|hanbei-conquest|1053\n|player|p2|rs3512|265|1143\n|gen|9\n|tier|[Gen 9 Champions] VGC 2026 Reg M-A\n|rated|\n|rule|Species Clause: Limit one of each Pok\u00e9mon\n|rule|Item Clause: Limit 1 of each item\n|clearpoke\n|poke|p1|Typhlosion-Hisui, L50, M|\n|poke|p1|Gengar, L50, M|\n|poke|p1|Sinistcha, L50|\n|poke|p1|Sableye, L50, F|\n|poke|p1|Basculegion, L50, M|\n|poke|p1|Aegislash, L50, M, shiny|\n|poke|p2|Tyranitar, L50, F|\n|poke|p2|Meganium, L50, M|\n|poke|p2|Basculegion, L50, M|\n|poke|p2|Garchomp, L50, M|\n|poke|p2|Sneasler, L50, M|\n|poke|p2|Aerodactyl, L50, M|\n|teampreview|4\n|inactive|Battle timer is ON: inactive players will automatically lose when time's up. (requested by literaldog121212)\n|\n|t:|1776584113\n|teamsize|p1|4\n|teamsize|p2|4\n|start\n|switch|p1a: blythe|Sableye, L50, F|100/100\n|switch|p1b: Gengar|Gengar, L50, M|100/100\n|switch|p2a: Aerodactyl|Aerodactyl, L50, M|100/100\n|switch|p2b: Garchomp|Garchomp, L50, M|100/100\n|-ability|p2a: Aerodactyl|Unnerve\n|turn|1\n|\n|t:|1776584122\n|detailschange|p1b: Gengar|Gengar-Mega, L50, M\n|-mega|p1b: Gengar|Gengar|Gengarite\n|move|p1a: blythe|Fake Out|p2b: Garchomp\n|-damage|p2b: Garchomp|94/100\n|-damage|p1a: blythe|88/100|[from] ability: Rough Skin|[of] p2b: Garchomp\n|move|p1b: Gengar|Icy Wind|p2b: Garchomp|[spread] p2a,p2b\n|-supereffective|p2a: Aerodactyl|1\n|-supereffective|p2b: Garchomp|2\n|-damage|p2a: Aerodactyl|57/100\n|-damage|p2b: Garchomp|27/100\n|-unboost|p2a: Aerodactyl|spe|1\n|-unboost|p2b: Garchomp|spe|1\n|move|p2a: Aerodactyl|Rock Slide|p1a: blythe|[spread] p1a,p1b\n|-damage|p1a: blythe|59/100\n|-damage|p1b: Gengar|63/100\n|cant|p2b: Garchomp|flinch\n|\n|upkeep\n|turn|2\n|\n|t:|1776584141\n|move|p2b: Garchomp|Protect|p2b: Garchomp\n|-singleturn|p2b: Garchomp|Protect\n|move|p1a: blythe|Taunt|p2a: Aerodactyl\n|-start|p2a: Aerodactyl|move: Taunt\n|move|p1b: Gengar|Icy Wind|p2b: Garchomp|[spread] p2a\n|-activate|p2b: Garchomp|move: Protect\n|-supereffective|p2a: Aerodactyl|1\n|-damage|p2a: Aerodactyl|10/100\n|-unboost|p2a: Aerodactyl|spe|1\n|cant|p2a: Aerodactyl|move: Taunt|Tailwind\n|\n|upkeep\n|turn|3\n|\n|t:|1776584153\n|move|p1a: blythe|Encore|p2b: Garchomp\n|-start|p2b: Garchomp|Encore\n|move|p2b: Garchomp|Protect|p2b: Garchomp\n|-singleturn|p2b: Garchomp|Protect\n|move|p1b: Gengar|Icy Wind|p2a: Aerodactyl|[spread] p2a\n|-activate|p2b: Garchomp|move: Protect\n|-supereffective|p2a: Aerodactyl|1\n|-damage|p2a: Aerodactyl|0 fnt\n|faint|p2a: Aerodactyl\n|\n|upkeep\n|\n|t:|1776584161\n|switch|p2a: Basculegion|Basculegion, L50, M|100/100\n|turn|4\n|\n|t:|1776584176\n|move|p2b: Garchomp|Protect||[still]\n|-fail|p2b: Garchomp\n|move|p1a: blythe|Will-O-Wisp|p2a: Basculegion\n|-status|p2a: Basculegion|brn\n|move|p2a: Basculegion|Last Respects|p1a: blythe\n|-damage|p1a: blythe|23/100\n|move|p1b: Gengar|Energy Ball|p2a: Basculegion\n|-supereffective|p2a: Basculegion|1\n|-damage|p2a: Basculegion|5/100 brn\n|\n|-damage|p2a: Basculegion|0 fnt|[from] brn\n|faint|p2a: Basculegion\n|upkeep\n|\n|t:|1776584185\n|switch|p2a: Meganium|Meganium, L50, M|100/100\n|turn|5\n|\n|t:|1776584191\n|detailschange|p2a: Meganium|Meganium-Mega, L50, M\n|-mega|p2a: Meganium|Meganium|Meganiumite\n|move|p2b: Garchomp|Protect|p2b: Garchomp\n|-singleturn|p2b: Garchomp|Protect\n|move|p1a: blythe|Will-O-Wisp|p2a: Meganium\n|-status|p2a: Meganium|brn\n|move|p1b: Gengar|Icy Wind|p2a: Meganium|[spread] \n|-activate|p2b: Garchomp|move: Protect\n|-miss|p1b: Gengar|p2a: Meganium\n|move|p2a: Meganium|Solar Beam||[still]\n|-prepare|p2a: Meganium|Solar Beam\n|-activate|p2a: Meganium|ability: Mega Sol\n|-anim|p2a: Meganium|Solar Beam|p1b: Gengar\n|-resisted|p1b: Gengar|1\n|-damage|p1b: Gengar|14/100\n|\n|-damage|p2a: Meganium|95/100 brn|[from] brn\n|-end|p2b: Garchomp|Encore\n|upkeep\n|turn|6\n|\n|t:|1776584211\n|move|p1a: blythe|Encore|p2b: Garchomp\n|-start|p2b: Garchomp|Encore\n|move|p2b: Garchomp|Protect||[still]\n|-fail|p2b: Garchomp\n|move|p1b: Gengar|Icy Wind|p2b: Garchomp|[spread] p2a,p2b\n|-supereffective|p2a: Meganium|1\n|-supereffective|p2b: Garchomp|2\n|-damage|p2a: Meganium|63/100 brn\n|-damage|p2b: Garchomp|0 fnt\n|-unboost|p2a: Meganium|spe|1\n|faint|p2b: Garchomp\n|move|p2a: Meganium|Dazzling Gleam|p1b: Gengar|[spread] p1a,p1b\n|-supereffective|p1a: blythe|1\n|-resisted|p1b: Gengar|1\n|-damage|p1a: blythe|0 fnt\n|-damage|p1b: Gengar|0 fnt\n|faint|p1a: blythe\n|faint|p1b: Gengar\n|\n|-damage|p2a: Meganium|57/100 brn|[from] brn\n|upkeep\n|\n|t:|1776584214\n|switch|p1b: 2 flow son|Typhlosion-Hisui, L50, M|100/100\n|switch|p1a: legs|Basculegion, L50, M|100/100\n|-item|p2a: Meganium|Meganiumite|[from] ability: Frisk|[of] p1b: 2 flow son\n|turn|7\n|l|\u2606rs3512\n|inactive|rs3512 disconnected and has a minute to reconnect!\n|player|p2|\n|inactive|rs3512 has 30 seconds left.\n|inactive|rs3512 has 20 seconds left.\n|inactive|rs3512 has 15 seconds left.\n|inactive|rs3512 has 10 seconds left.\n|inactive|rs3512 has 5 seconds left.\n|-message|rs3512 lost due to inactivity.\n|\n|win|literaldog121212\n|raw|literaldog121212's rating: 1053 &rarr; <strong>1093</strong><br />(+40 for winning)\n|raw|rs3512's rating: 1143 &rarr; <strong>1112</strong><br />(-31 for losing)\n",
  "uploadtime": 1776584311,
  "views": 7,
  "formatid": "gen9championsvgc2026regma",
  "rating": 1093,
  "private": 0,
  "password": null
}