{
  "id": "gen9championsvgc2026regma-2585342534",
  "format": "[Gen 9 Champions] VGC 2026 Reg M-A",
  "players": [
    "crazyshit14",
    "gonvo"
  ],
  "log": "|j|\u2606crazyshit14\n|j|\u2606gonvo\n|t:|1776339625\n|gametype|doubles\n|player|p1|crazyshit14|266|1213\n|player|p2|gonvo|265|1144\n|gen|9\n|tier|[Gen 9 Champions] VGC 2026 Reg M-A\n|rated|\n|rule|Species Clause: Limit one of each Pok\u00e9mon\n|rule|Item Clause: Limit 1 of each item\n|clearpoke\n|poke|p1|Banette, L50, M|\n|poke|p1|Diggersby, L50, M|\n|poke|p1|Azumarill, L50, M|\n|poke|p1|Maushold-Four, L50|\n|poke|p1|Incineroar, L50, F|\n|poke|p1|Sinistcha, L50|\n|poke|p2|Incineroar, L50, F|\n|poke|p2|Kommo-o, L50, M|\n|poke|p2|Rotom-Wash, L50|\n|poke|p2|Floette-Eternal, L50, F|\n|poke|p2|Aegislash, L50, M|\n|poke|p2|Sneasler, L50, M|\n|teampreview|4\n|inactive|Battle timer is ON: inactive players will automatically lose when time's up. (requested by gonvo)\n|inactive|gonvo has 60 seconds left.\n|\n|t:|1776339674\n|teamsize|p1|4\n|teamsize|p2|4\n|start\n|switch|p1a: Azumarill|Azumarill, L50, M|100/100\n|switch|p1b: Maushold|Maushold-Four, L50|100/100\n|switch|p2a: Rotom|Rotom-Wash, L50|100/100\n|switch|p2b: Aegislash|Aegislash, L50, M|100/100\n|turn|1\n|\n|t:|1776339683\n|move|p1b: Maushold|Follow Me|p1b: Maushold\n|-singleturn|p1b: Maushold|move: Follow Me\n|move|p2a: Rotom|Electroweb|p1a: Azumarill|[spread] p1a\n|-miss|p2a: Rotom|p1b: Maushold\n|-supereffective|p1a: Azumarill|1\n|-damage|p1a: Azumarill|76/100\n|-unboost|p1a: Azumarill|spe|1\n|-formechange|p2b: Aegislash|Aegislash-Blade|\n|move|p2b: Aegislash|Iron Head|p1b: Maushold\n|-damage|p1b: Maushold|46/100\n|move|p1a: Azumarill|Belly Drum|p1a: Azumarill\n|-damage|p1a: Azumarill|26/100\n|-setboost|p1a: Azumarill|atk|6|[from] move: Belly Drum\n|-enditem|p1a: Azumarill|Sitrus Berry|[eat]\n|-heal|p1a: Azumarill|50/100|[from] item: Sitrus Berry\n|\n|upkeep\n|turn|2\n|\n|t:|1776339704\n|-formechange|p2b: Aegislash|Aegislash|\n|move|p2b: Aegislash|King's Shield|p2b: Aegislash\n|-singleturn|p2b: Aegislash|Protect\n|move|p1b: Maushold|Follow Me|p1b: Maushold\n|-singleturn|p1b: Maushold|move: Follow Me\n|move|p2a: Rotom|Electroweb|p1b: Maushold|[spread] p1a,p1b\n|-supereffective|p1a: Azumarill|1\n|-damage|p1a: Azumarill|24/100\n|-damage|p1b: Maushold|29/100\n|-unboost|p1a: Azumarill|spe|1\n|-unboost|p1b: Maushold|spe|1\n|move|p1a: Azumarill|Play Rough|p2a: Rotom\n|-damage|p2a: Rotom|0 fnt\n|faint|p2a: Rotom\n|\n|upkeep\n|\n|t:|1776339724\n|switch|p2a: Sneasler|Sneasler, L50, M|100/100\n|turn|3\n|\n|t:|1776339732\n|switch|p1b: Sinistcha|Sinistcha, L50|100/100\n|-heal|p1a: Azumarill|49/100|[from] ability: Hospitality|[of] p1b: Sinistcha\n|move|p1a: Azumarill|Protect|p1a: Azumarill\n|-singleturn|p1a: Azumarill|Protect\n|move|p2a: Sneasler|Fake Out|p1a: Azumarill\n|-activate|p1a: Azumarill|move: Protect\n|-formechange|p2b: Aegislash|Aegislash-Blade|\n|move|p2b: Aegislash|Iron Head|p1a: Azumarill\n|-activate|p1a: Azumarill|move: Protect\n|\n|upkeep\n|turn|4\n|\n|t:|1776339748\n|move|p2a: Sneasler|Protect|p2a: Sneasler\n|-singleturn|p2a: Sneasler|Protect\n|-formechange|p2b: Aegislash|Aegislash|\n|move|p2b: Aegislash|King's Shield|p2b: Aegislash\n|-singleturn|p2b: Aegislash|Protect\n|move|p1b: Sinistcha|Rage Powder|p1b: Sinistcha\n|-singleturn|p1b: Sinistcha|move: Rage Powder\n|move|p1a: Azumarill|Aqua Jet|p2a: Sneasler\n|-activate|p2a: Sneasler|move: Protect\n|\n|upkeep\n|turn|5\n|\n|t:|1776339766\n|move|p1b: Sinistcha|Rage Powder|p1b: Sinistcha\n|-singleturn|p1b: Sinistcha|move: Rage Powder\n|-formechange|p2b: Aegislash|Aegislash-Blade|\n|move|p2b: Aegislash|Shadow Sneak|p1b: Sinistcha\n|-supereffective|p1b: Sinistcha|1\n|-damage|p1b: Sinistcha|52/100\n|move|p1a: Azumarill|Aqua Jet|p2a: Sneasler\n|-damage|p2a: Sneasler|0 fnt\n|faint|p2a: Sneasler\n|\n|upkeep\n|\n|t:|1776339774\n|switch|p2a: Kommo-o|Kommo-o, L50, M|100/100\n|turn|6\n|\n|t:|1776339783\n|move|p2a: Kommo-o|Protect|p2a: Kommo-o\n|-singleturn|p2a: Kommo-o|Protect\n|move|p1b: Sinistcha|Rage Powder|p1b: Sinistcha\n|-singleturn|p1b: Sinistcha|move: Rage Powder\n|move|p2b: Aegislash|Poltergeist|p1b: Sinistcha\n|-activate|p1b: Sinistcha|move: Poltergeist|Occa Berry\n|-supereffective|p1b: Sinistcha|1\n|-damage|p1b: Sinistcha|0 fnt\n|faint|p1b: Sinistcha\n|move|p1a: Azumarill|Play Rough|p2a: Kommo-o\n|-activate|p2a: Kommo-o|move: Protect\n|\n|upkeep\n|\n|t:|1776339799\n|switch|p1b: Maushold|Maushold-Four, L50|29/100\n|turn|7\n|\n|t:|1776339813\n|move|p1b: Maushold|Follow Me|p1b: Maushold\n|-singleturn|p1b: Maushold|move: Follow Me\n|move|p2a: Kommo-o|Aura Sphere|p1b: Maushold\n|-supereffective|p1b: Maushold|1\n|-damage|p1b: Maushold|0 fnt\n|faint|p1b: Maushold\n|move|p2b: Aegislash|Iron Head|p1a: Azumarill\n|-damage|p1a: Azumarill|4/100\n|move|p1a: Azumarill|Play Rough|p2a: Kommo-o\n|-supereffective|p2a: Kommo-o|2\n|-damage|p2a: Kommo-o|0 fnt\n|faint|p2a: Kommo-o\n|\n|upkeep\n|\n|t:|1776339829\n|switch|p1b: Banette|Banette, L50, M|100/100\n|turn|8\n|\n|t:|1776339838\n|detailschange|p1b: Banette|Banette-Mega, L50, M\n|-mega|p1b: Banette|Banette|Banettite\n|-formechange|p2b: Aegislash|Aegislash|\n|move|p2b: Aegislash|King's Shield|p2b: Aegislash\n|-singleturn|p2b: Aegislash|Protect\n|move|p1b: Banette|Psych Up|p1a: Azumarill\n|-copyboost|p1b: Banette|p1a: Azumarill|[from] move: Psych Up\n|move|p1a: Azumarill|Aqua Jet|p2b: Aegislash\n|-activate|p2b: Aegislash|move: Protect\n|-unboost|p1a: Azumarill|atk|1\n|\n|upkeep\n|turn|9\n|\n|t:|1776339855\n|move|p1b: Banette|Shadow Sneak|p2b: Aegislash\n|-supereffective|p2b: Aegislash|1\n|-damage|p2b: Aegislash|0 fnt\n|faint|p2b: Aegislash\n|\n|win|crazyshit14\n|raw|crazyshit14's rating: 1213 &rarr; <strong>1233</strong><br />(+20 for winning)\n|raw|gonvo's rating: 1144 &rarr; <strong>1124</strong><br />(-20 for losing)\n|l|\u2606gonvo\n|player|p2|\n",
  "uploadtime": 1776339882,
  "views": 23,
  "formatid": "gen9championsvgc2026regma",
  "rating": 1124,
  "private": 0,
  "password": null
}