{
  "id": "gen9championsvgc2026regma-2582446313",
  "format": "[Gen 9 Champions] VGC 2026 Reg M-A",
  "players": [
    "jojojohhh",
    "Jadedragon61"
  ],
  "log": "|j|\u2606jojojohhh\n|j|\u2606Jadedragon61\n|t:|1776092218\n|gametype|doubles\n|player|p1|jojojohhh|102|1033\n|player|p2|Jadedragon61|beni-ninja|1116\n|gen|9\n|tier|[Gen 9 Champions] VGC 2026 Reg M-A\n|rated|\n|rule|Species Clause: Limit one of each Pok\u00e9mon\n|rule|Item Clause: Limit 1 of each item\n|clearpoke\n|poke|p1|Banette, L50, M|\n|poke|p1|Pangoro, L50, M|\n|poke|p1|Drampa, L50, M|\n|poke|p1|Chesnaught, L50, M|\n|poke|p1|Milotic, L50, F|\n|poke|p1|Hatterene, L50, F|\n|poke|p2|Talonflame, L50, F|\n|poke|p2|Tyranitar, L50, F|\n|poke|p2|Floette-Eternal, L50, F|\n|poke|p2|Garchomp, L50, F|\n|poke|p2|Rotom-Wash, L50|\n|poke|p2|Sneasler, L50, F|\n|teampreview|4\n|inactive|Battle timer is ON: inactive players will automatically lose when time's up. (requested by Jadedragon61)\n|inactive|Jadedragon61 has 60 seconds left.\n|\n|t:|1776092269\n|teamsize|p1|4\n|teamsize|p2|4\n|start\n|switch|p1a: Banette|Banette, L50, M, shiny|100/100\n|switch|p1b: Chesnaught|Chesnaught, L50, M|100/100\n|switch|p2a: Floette|Floette-Eternal, L50, F|100/100\n|switch|p2b: Sneasler|Sneasler, L50, F|100/100\n|turn|1\n|inactive|jojojohhh has 30 seconds left.\n|\n|t:|1776092295\n|detailschange|p2a: Floette|Floette-Mega, L50, F\n|-mega|p2a: Floette|Floette|Floettite\n|-ability|p2a: Floette|Fairy Aura\n|move|p1a: Banette|Protect|p1a: Banette\n|-singleturn|p1a: Banette|Protect\n|move|p2b: Sneasler|Dire Claw|p1b: Chesnaught\n|-supereffective|p1b: Chesnaught|1\n|-damage|p1b: Chesnaught|41/100\n|-status|p1b: Chesnaught|psn\n|move|p2a: Floette|Moonblast|p1a: Banette\n|-activate|p1a: Banette|move: Protect\n|move|p1b: Chesnaught|Coaching|p1a: Banette\n|-boost|p1a: Banette|atk|1\n|-boost|p1a: Banette|def|1\n|\n|-heal|p1b: Chesnaught|47/100 psn|[from] item: Leftovers\n|-damage|p1b: Chesnaught|35/100 psn|[from] psn\n|upkeep\n|turn|2\n|inactive|jojojohhh has 30 seconds left.\n|inactive|jojojohhh has 20 seconds left.\n|\n|t:|1776092335\n|detailschange|p1a: Banette|Banette-Mega, L50, M, shiny\n|-mega|p1a: Banette|Banette|Banettite\n|move|p1b: Chesnaught|Spiky Shield|p1b: Chesnaught\n|-singleturn|p1b: Chesnaught|move: Protect\n|move|p2b: Sneasler|Close Combat|p1b: Chesnaught\n|-activate|p1b: Chesnaught|move: Protect\n|-damage|p2b: Sneasler|88/100|[from] Spiky Shield|[of] p1b: Chesnaught\n|move|p2a: Floette|Light of Ruin|p1a: Banette|[miss]\n|-miss|p2a: Floette|p1a: Banette\n|move|p1a: Banette|Trick Room|p1a: Banette\n|-fieldstart|move: Trick Room|[of] p1a: Banette\n|\n|-heal|p1b: Chesnaught|41/100 psn|[from] item: Leftovers\n|-damage|p1b: Chesnaught|29/100 psn|[from] psn\n|upkeep\n|turn|3\n|inactive|Jadedragon61 has 30 seconds left.\n|\n|t:|1776092361\n|move|p1b: Chesnaught|Wood Hammer|p2a: Floette\n|-damage|p2a: Floette|41/100\n|-damage|p1b: Chesnaught|14/100 psn|[from] Recoil\n|move|p1a: Banette|Knock Off|p2a: Floette\n|-resisted|p2a: Floette|1\n|-damage|p2a: Floette|11/100\n|move|p2a: Floette|Moonblast|p1a: Banette\n|-damage|p1a: Banette|9/100\n|move|p2b: Sneasler|Dire Claw|p1b: Chesnaught\n|-supereffective|p1b: Chesnaught|1\n|-damage|p1b: Chesnaught|0 fnt\n|faint|p1b: Chesnaught\n|\n|upkeep\n|\n|t:|1776092377\n|switch|p1b: Drampa|Drampa, L50, M|100/100\n|-ability|p1b: Drampa|Cloud Nine\n|turn|4\n|\n|t:|1776092389\n|switch|p2a: Rotom|Rotom-Wash, L50|100/100\n|move|p2b: Sneasler|Protect|p2b: Sneasler\n|-singleturn|p2b: Sneasler|Protect\n|move|p1a: Banette|Will-O-Wisp|p2b: Sneasler\n|-activate|p2b: Sneasler|move: Protect\n|move|p1b: Drampa|Hyper Voice|p2b: Sneasler|[spread] p2a\n|-activate|p2b: Sneasler|move: Protect\n|-damage|p2a: Rotom|57/100\n|\n|-heal|p2a: Rotom|62/100|[from] item: Leftovers\n|upkeep\n|turn|5\n|\n|t:|1776092405\n|move|p1b: Drampa|Hyper Voice|p2b: Sneasler|[spread] p2a,p2b\n|-damage|p2a: Rotom|20/100\n|-damage|p2b: Sneasler|32/100\n|move|p1a: Banette|Knock Off|p2a: Rotom\n|-damage|p2a: Rotom|0 fnt\n|-enditem|p2a: Rotom|Leftovers|[from] move: Knock Off|[of] p1a: Banette\n|faint|p2a: Rotom\n|move|p2b: Sneasler|Close Combat|p1b: Drampa\n|-supereffective|p1b: Drampa|1\n|-damage|p1b: Drampa|0 fnt\n|-unboost|p2b: Sneasler|def|1\n|-unboost|p2b: Sneasler|spd|1\n|faint|p1b: Drampa\n|-enditem|p2b: Sneasler|White Herb\n|-clearnegativeboost|p2b: Sneasler|[silent]\n|\n|upkeep\n|\n|t:|1776092418\n|switch|p1b: Hatterene|Hatterene, L50, F|100/100\n|switch|p2a: Talonflame|Talonflame, L50, F|100/100\n|turn|6\n|\n|t:|1776092429\n|move|p2b: Sneasler|Protect|p2b: Sneasler\n|-singleturn|p2b: Sneasler|Protect\n|move|p2a: Talonflame|Brave Bird|p1a: Banette\n|-damage|p1a: Banette|0 fnt\n|faint|p1a: Banette\n|-damage|p2a: Talonflame|97/100|[from] Recoil\n|move|p1b: Hatterene|Draining Kiss|p2b: Sneasler\n|-activate|p2b: Sneasler|move: Protect\n|\n|-fieldend|move: Trick Room\n|upkeep\n|turn|7\n|-message|jojojohhh forfeited.\n|\n|win|Jadedragon61\n|raw|jojojohhh's rating: 1033 &rarr; <strong>1022</strong><br />(-11 for losing)\n|raw|Jadedragon61's rating: 1116 &rarr; <strong>1135</strong><br />(+19 for winning)\n|l|\u2606jojojohhh\n|player|p1|\n",
  "uploadtime": 1776092439,
  "views": 9,
  "formatid": "gen9championsvgc2026regma",
  "rating": 1022,
  "private": 0,
  "password": null
}