{
  "id": "gen9championsvgc2026regma-2588757764",
  "format": "[Gen 9 Champions] VGC 2026 Reg M-A",
  "players": [
    "Sapphire39",
    "XJP8964"
  ],
  "log": "|j|\u2606Sapphire39\n|j|\u2606XJP8964\n|html|<table width=\"100%\"><tr><td align=\"left\">Sapphire39</td><td align=\"right\">XJP8964</tr><tr><td align=\"left\"><i class=\"fa fa-circle\"></i> <i class=\"fa fa-circle-o\"></i> </td><td align=\"right\"><i class=\"fa fa-circle-o\"></i> <i class=\"fa fa-circle\"></i> </tr></table>\n|uhtml|bestof|<h2><strong>Game 3</strong> of <a href=\"/game-bestof3-gen9championsvgc2026regma-2588751631\">a best-of-3</a></h2>\n|t:|1776666892\n|gametype|doubles\n|player|p1|Sapphire39|1|\n|player|p2|XJP8964|will|\n|gen|9\n|tier|[Gen 9 Champions] VGC 2026 Reg M-A\n|rule|Species Clause: Limit one of each Pok\u00e9mon\n|rule|Item Clause: Limit 1 of each item\n|raw|<div class=\"infobox\"><details class=\"readmore\" open><summary><strong>1 custom rule:</strong></summary> Best of = 3</details></div>\n|clearpoke\n|poke|p1|Incineroar, L50, M|\n|poke|p1|Garchomp, L50, F|\n|poke|p1|Aerodactyl, L50, M|\n|poke|p1|Floette-Eternal, L50, F|\n|poke|p1|Sneasler, L50, M|\n|poke|p1|Rotom-Wash, L50|\n|poke|p2|Gengar, L50, F|\n|poke|p2|Incineroar, L50, M|\n|poke|p2|Kommo-o, L50, F|\n|poke|p2|Sinistcha-Masterpiece, L50|\n|poke|p2|Kingambit, L50, M|\n|poke|p2|Blastoise, L50, M|\n|teampreview|4\n|inactive|Battle timer is ON: inactive players will automatically lose when time's up. (requested by XJP8964)\n|\n|t:|1776666950\n|teamsize|p1|4\n|teamsize|p2|4\n|start\n|switch|p1a: Incineroar|Incineroar, L50, M|100/100\n|switch|p1b: Rotom|Rotom-Wash, L50|100/100\n|switch|p2a: Gengar|Gengar, L50, F|100/100\n|switch|p2b: Kingambit|Kingambit, L50, M|100/100\n|-ability|p1a: Incineroar|Intimidate|boost\n|-unboost|p2a: Gengar|atk|1\n|-unboost|p2b: Kingambit|atk|1\n|-ability|p2b: Kingambit|Defiant|boost\n|-boost|p2b: Kingambit|atk|2\n|turn|1\n|inactive|XJP8964 has 30 seconds left.\n|inactive|XJP8964 has 20 seconds left.\n|\n|t:|1776666988\n|detailschange|p2a: Gengar|Gengar-Mega, L50, F\n|-mega|p2a: Gengar|Gengar|Gengarite\n|move|p1b: Rotom|Volt Switch|p2a: Gengar\n|-damage|p2a: Gengar|73/100\n|\n|t:|1776666996\n|switch|p1b: Aerodactyl|Aerodactyl, L50, M|100/100|[from] Volt Switch\n|-ability|p1b: Aerodactyl|Unnerve\n|move|p2a: Gengar|Sludge Bomb|p1a: Incineroar\n|-damage|p1a: Incineroar|57/100\n|move|p1a: Incineroar|Throat Chop|p2a: Gengar\n|-supereffective|p2a: Gengar|1\n|-damage|p2a: Gengar|15/100\n|-start|p2a: Gengar|Throat Chop|[silent]\n|move|p2b: Kingambit|Low Kick|p1a: Incineroar\n|-supereffective|p1a: Incineroar|1\n|-damage|p1a: Incineroar|0 fnt\n|faint|p1a: Incineroar\n|\n|upkeep\n|inactive|Sapphire39 has 30 seconds left.\n|\n|t:|1776667021\n|switch|p1a: Rotom|Rotom-Wash, L50|100/100\n|turn|2\n|\n|t:|1776667046\n|switch|p2a: Incineroar|Incineroar, L50, M|100/100\n|-ability|p2a: Incineroar|Intimidate|boost\n|-unboost|p1a: Rotom|atk|1\n|-unboost|p1b: Aerodactyl|atk|1\n|move|p2b: Kingambit|Protect|p2b: Kingambit\n|-singleturn|p2b: Kingambit|Protect\n|move|p1a: Rotom|Volt Switch|p2b: Kingambit\n|-activate|p2b: Kingambit|move: Protect\n|move|p1b: Aerodactyl|Rock Slide|p2a: Incineroar|[spread] p2a\n|-activate|p2b: Kingambit|move: Protect\n|-supereffective|p2a: Incineroar|1\n|-damage|p2a: Incineroar|73/100\n|\n|upkeep\n|turn|3\n|inactive|Sapphire39 has 30 seconds left.\n|\n|t:|1776667078\n|switch|p1b: Floette|Floette-Eternal, L50, F|100/100\n|move|p2a: Incineroar|Fake Out|p1b: Floette\n|-damage|p1b: Floette|87/100\n|move|p1a: Rotom|Volt Switch|p2b: Kingambit\n|-damage|p2b: Kingambit|74/100\n|\n|t:|1776667086\n|switch|p1a: Aerodactyl|Aerodactyl, L50, M|100/100|[from] Volt Switch\n|-ability|p1a: Aerodactyl|Unnerve\n|move|p2b: Kingambit|Iron Head|p1a: Aerodactyl\n|-supereffective|p1a: Aerodactyl|1\n|-enditem|p1a: Aerodactyl|Focus Sash\n|-damage|p1a: Aerodactyl|1/100\n|\n|upkeep\n|turn|4\n|\n|t:|1776667110\n|detailschange|p1b: Floette|Floette-Mega, L50, F\n|-mega|p1b: Floette|Floette|Floettite\n|-ability|p1b: Floette|Fairy Aura\n|move|p1a: Aerodactyl|Rock Slide|p2a: Incineroar|[spread] p2a,p2b\n|-supereffective|p2a: Incineroar|1\n|-resisted|p2b: Kingambit|1\n|-damage|p2a: Incineroar|24/100\n|-damage|p2b: Kingambit|65/100\n|move|p1b: Floette|Moonblast|p2b: Kingambit\n|-damage|p2b: Kingambit|0 fnt\n|faint|p2b: Kingambit\n|move|p2a: Incineroar|Parting Shot|p1b: Floette\n|-unboost|p1b: Floette|atk|1\n|-unboost|p1b: Floette|spa|1\n|\n|t:|1776667128\n|switch|p2a: Gengar|Gengar-Mega, L50, F|15/100|[from] Parting Shot\n|\n|upkeep\n|\n|t:|1776667133\n|switch|p2b: Incineroar|Incineroar, L50, M|24/100\n|-ability|p2b: Incineroar|Intimidate|boost\n|-unboost|p1a: Aerodactyl|atk|1\n|-unboost|p1b: Floette|atk|1\n|turn|5\n|\n|t:|1776667150\n|switch|p2b: Sinistcha|Sinistcha-Masterpiece, L50|100/100\n|-heal|p2a: Gengar|40/100|[from] ability: Hospitality|[of] p2b: Sinistcha\n|move|p1a: Aerodactyl|Protect|p1a: Aerodactyl\n|-singleturn|p1a: Aerodactyl|Protect\n|move|p2a: Gengar|Sludge Bomb|p1b: Floette\n|-supereffective|p1b: Floette|1\n|-damage|p1b: Floette|14/100\n|move|p1b: Floette|Dazzling Gleam|p2b: Sinistcha|[spread] p2a,p2b\n|-resisted|p2a: Gengar|1\n|-damage|p2a: Gengar|22/100\n|-damage|p2b: Sinistcha|70/100\n|\n|upkeep\n|turn|6\n|inactive|Sapphire39 has 30 seconds left.\n|inactive|Sapphire39 has 20 seconds left.\n|\n|t:|1776667186\n|move|p2a: Gengar|Protect|p2a: Gengar\n|-singleturn|p2a: Gengar|Protect\n|move|p1a: Aerodactyl|Dual Wingbeat|p2b: Sinistcha\n|-supereffective|p2b: Sinistcha|1\n|-damage|p2b: Sinistcha|49/100\n|-supereffective|p2b: Sinistcha|1\n|-damage|p2b: Sinistcha|27/100\n|-hitcount|p2b: Sinistcha|2\n|move|p1b: Floette|Dazzling Gleam|p2a: Gengar|[spread] p2b\n|-activate|p2a: Gengar|move: Protect\n|-damage|p2b: Sinistcha|0 fnt\n|faint|p2b: Sinistcha\n|\n|upkeep\n|\n|t:|1776667198\n|switch|p2b: Incineroar|Incineroar, L50, M|24/100\n|-ability|p2b: Incineroar|Intimidate|boost\n|-unboost|p1a: Aerodactyl|atk|1\n|-unboost|p1b: Floette|atk|1\n|turn|7\n|\n|t:|1776667208\n|move|p1a: Aerodactyl|Protect|p1a: Aerodactyl\n|-singleturn|p1a: Aerodactyl|Protect\n|move|p1b: Floette|Protect|p1b: Floette\n|-singleturn|p1b: Floette|Protect\n|move|p2b: Incineroar|Fake Out|p1a: Aerodactyl\n|-activate|p1a: Aerodactyl|move: Protect\n|move|p2a: Gengar|Icy Wind|p1a: Aerodactyl|[spread] \n|-activate|p1a: Aerodactyl|move: Protect\n|-activate|p1b: Floette|move: Protect\n|\n|upkeep\n|turn|8\n|inactive|XJP8964 has 30 seconds left.\n|\n|t:|1776667238\n|move|p1a: Aerodactyl|Rock Slide|p2b: Incineroar|[spread] p2a,p2b\n|-supereffective|p2b: Incineroar|1\n|-damage|p2a: Gengar|9/100\n|-damage|p2b: Incineroar|2/100\n|cant|p2a: Gengar|flinch\n|move|p1b: Floette|Dazzling Gleam|p2a: Gengar|[spread] p2a,p2b\n|-resisted|p2a: Gengar|1\n|-damage|p2a: Gengar|0 fnt\n|-damage|p2b: Incineroar|0 fnt\n|faint|p2a: Gengar\n|faint|p2b: Incineroar\n|\n|win|Sapphire39\n",
  "uploadtime": 1776667252,
  "views": 11,
  "formatid": "gen9championsvgc2026regma",
  "rating": null,
  "private": 0,
  "password": null
}