{
  "id": "gen9championsvgc2026regma-2586125155",
  "format": "[Gen 9 Champions] VGC 2026 Reg M-A",
  "players": [
    "potentvapors",
    "nguyennico"
  ],
  "log": "|j|\u2606potentvapors\n|j|\u2606nguyennico\n|t:|1776402034\n|gametype|doubles\n|player|p1|potentvapors|flannery|1086\n|player|p2|nguyennico|102|1157\n|gen|9\n|tier|[Gen 9 Champions] VGC 2026 Reg M-A\n|rated|\n|rule|Species Clause: Limit one of each Pok\u00e9mon\n|rule|Item Clause: Limit 1 of each item\n|clearpoke\n|poke|p1|Manectric, L50, M|\n|poke|p1|Jolteon, L50, F|\n|poke|p1|Slowking-Galar, L50, M|\n|poke|p1|Umbreon, L50, F|\n|poke|p1|Typhlosion, L50, F|\n|poke|p1|Raichu, L50, M|\n|poke|p2|Sneasler, L50, M|\n|poke|p2|Floette-Eternal, L50, F|\n|poke|p2|Aerodactyl, L50, M|\n|poke|p2|Maushold, L50|\n|poke|p2|Kingambit, L50, F|\n|poke|p2|Delphox, L50, M|\n|teampreview|4\n|\n|t:|1776402060\n|teamsize|p1|4\n|teamsize|p2|4\n|start\n|switch|p1a: Manectric|Manectric, L50, M, shiny|100/100\n|switch|p1b: Raichu|Raichu, L50, M|100/100\n|switch|p2a: Maushold|Maushold, L50|100/100\n|switch|p2b: Floette|Floette-Eternal, L50, F|100/100\n|turn|1\n|\n|t:|1776402093\n|detailschange|p1a: Manectric|Manectric-Mega, L50, M, shiny\n|-mega|p1a: Manectric|Manectric|Manectite\n|-ability|p1a: Manectric|Intimidate|boost\n|-unboost|p2a: Maushold|atk|1\n|-unboost|p2b: Floette|atk|1\n|detailschange|p2b: Floette|Floette-Mega, L50, F\n|-mega|p2b: Floette|Floette|Floettite\n|-ability|p2b: Floette|Fairy Aura\n|move|p2a: Maushold|Follow Me|p2a: Maushold\n|-singleturn|p2a: Maushold|move: Follow Me\n|move|p1a: Manectric|Discharge|p2b: Floette|[spread] p2a,p2b\n|-ability|p1b: Raichu|Lightning Rod|boost\n|-boost|p1b: Raichu|spa|1\n|-crit|p2a: Maushold\n|-damage|p2a: Maushold|32/100\n|-damage|p2b: Floette|84/100\n|move|p1b: Raichu|Focus Blast|p2a: Maushold\n|-supereffective|p2a: Maushold|1\n|-enditem|p2a: Maushold|Chople Berry|[eat]\n|-enditem|p2a: Maushold|Chople Berry|[weaken]\n|-damage|p2a: Maushold|0 fnt\n|faint|p2a: Maushold\n|move|p2b: Floette|Calm Mind|p2b: Floette\n|-boost|p2b: Floette|spa|1\n|-boost|p2b: Floette|spd|1\n|\n|upkeep\n|\n|t:|1776402118\n|switch|p2a: Sneasler|Sneasler, L50, M|100/100\n|turn|2\n|\n|t:|1776402131\n|switch|p1b: Slowking|Slowking-Galar, L50, M|100/100\n|move|p1a: Manectric|Protect|p1a: Manectric\n|-singleturn|p1a: Manectric|Protect\n|move|p2a: Sneasler|Fake Out|p1a: Manectric\n|-activate|p1a: Manectric|move: Protect\n|move|p2b: Floette|Calm Mind|p2b: Floette\n|-boost|p2b: Floette|spa|1\n|-boost|p2b: Floette|spd|1\n|\n|upkeep\n|turn|3\n|\n|t:|1776402165\n|move|p2b: Floette|Protect|p2b: Floette\n|-singleturn|p2b: Floette|Protect\n|move|p2a: Sneasler|Close Combat|p1a: Manectric\n|-damage|p1a: Manectric|9/100\n|-unboost|p2a: Sneasler|def|1\n|-unboost|p2a: Sneasler|spd|1\n|-enditem|p2a: Sneasler|White Herb\n|-clearnegativeboost|p2a: Sneasler|[silent]\n|move|p1a: Manectric|Hyper Voice|p2b: Floette|[spread] p2a\n|-activate|p2b: Floette|move: Protect\n|-damage|p2a: Sneasler|60/100\n|move|p1b: Slowking|Sludge Bomb|p2b: Floette\n|-activate|p2b: Floette|move: Protect\n|\n|upkeep\n|turn|4\n|\n|t:|1776402200\n|switch|p1b: Typhlosion|Typhlosion, L50, F, shiny|100/100\n|move|p1a: Manectric|Protect|p1a: Manectric\n|-singleturn|p1a: Manectric|Protect\n|move|p2a: Sneasler|Dire Claw|p1b: Typhlosion\n|-damage|p1b: Typhlosion|42/100\n|move|p2b: Floette|Dazzling Gleam|p1a: Manectric|[spread] p1b\n|-activate|p1a: Manectric|move: Protect\n|-resisted|p1b: Typhlosion|1\n|-damage|p1b: Typhlosion|0 fnt\n|faint|p1b: Typhlosion\n|\n|upkeep\n|\n|t:|1776402215\n|switch|p1b: Raichu|Raichu, L50, M|100/100\n|turn|5\n|\n|t:|1776402224\n|move|p1b: Raichu|Fake Out|p2a: Sneasler\n|-damage|p2a: Sneasler|47/100\n|cant|p2a: Sneasler|flinch\n|move|p1a: Manectric|Discharge|p2a: Sneasler|[spread] p2a,p2b\n|-ability|p1b: Raichu|Lightning Rod|boost\n|-boost|p1b: Raichu|spa|1\n|-damage|p2a: Sneasler|0 fnt\n|-damage|p2b: Floette|73/100\n|faint|p2a: Sneasler\n|move|p2b: Floette|Dazzling Gleam|p1a: Manectric|[spread] p1a,p1b\n|-damage|p1a: Manectric|0 fnt\n|-enditem|p1b: Raichu|Focus Sash\n|-damage|p1b: Raichu|1/100\n|faint|p1a: Manectric\n|\n|upkeep\n|\n|t:|1776402240\n|switch|p2a: Kingambit|Kingambit, L50, F|100/100\n|switch|p1a: Slowking|Slowking-Galar, L50, M|100/100\n|turn|6\n|\n|t:|1776402256\n|move|p2a: Kingambit|Sucker Punch||[still]\n|-fail|p2a: Kingambit\n|move|p1b: Raichu|Focus Blast|p2a: Kingambit\n|-supereffective|p2a: Kingambit|2\n|-damage|p2a: Kingambit|0 fnt\n|faint|p2a: Kingambit\n|move|p2b: Floette|Dazzling Gleam|p1a: Slowking|[spread] p1a,p1b\n|-resisted|p1a: Slowking|1\n|-damage|p1a: Slowking|72/100\n|-damage|p1b: Raichu|0 fnt\n|faint|p1b: Raichu\n|move|p1a: Slowking|Yawn|p2b: Floette\n|-start|p2b: Floette|move: Yawn|[of] p1a: Slowking\n|\n|-heal|p1a: Slowking|78/100|[from] item: Leftovers\n|upkeep\n|turn|7\n|\n|t:|1776402272\n|move|p2b: Floette|Moonblast|p1a: Slowking\n|-resisted|p1a: Slowking|1\n|-damage|p1a: Slowking|37/100\n|move|p1a: Slowking|Sludge Bomb|p2b: Floette\n|-supereffective|p2b: Floette|1\n|-damage|p2b: Floette|49/100\n|\n|-heal|p1a: Slowking|43/100|[from] item: Leftovers\n|-end|p2b: Floette|move: Yawn|[silent]\n|-status|p2b: Floette|slp\n|upkeep\n|turn|8\n|\n|t:|1776402284\n|cant|p2b: Floette|slp\n|move|p1a: Slowking|Sludge Bomb|p2b: Floette\n|-supereffective|p2b: Floette|1\n|-damage|p2b: Floette|28/100 slp\n|\n|-heal|p1a: Slowking|49/100|[from] item: Leftovers\n|upkeep\n|turn|9\n|\n|t:|1776402295\n|cant|p2b: Floette|slp\n|move|p1a: Slowking|Slack Off|p1a: Slowking\n|-heal|p1a: Slowking|99/100\n|\n|-heal|p1a: Slowking|100/100|[from] item: Leftovers\n|upkeep\n|turn|10\n|\n|t:|1776402302\n|-curestatus|p2b: Floette|slp|[msg]\n|move|p2b: Floette|Moonblast|p1a: Slowking\n|-resisted|p1a: Slowking|1\n|-damage|p1a: Slowking|56/100\n|move|p1a: Slowking|Sludge Bomb|p2b: Floette\n|-supereffective|p2b: Floette|1\n|-crit|p2b: Floette\n|-damage|p2b: Floette|0 fnt\n|faint|p2b: Floette\n|\n|win|potentvapors\n|raw|potentvapors's rating: 1086 &rarr; <strong>1119</strong><br />(+33 for winning)\n|raw|nguyennico's rating: 1157 &rarr; <strong>1127</strong><br />(-30 for losing)\n",
  "uploadtime": 1776402324,
  "views": 20,
  "formatid": "gen9championsvgc2026regma",
  "rating": 1119,
  "private": 0,
  "password": null
}