{
  "id": "gen9championsvgc2026regma-2585516675",
  "format": "[Gen 9 Champions] VGC 2026 Reg M-A",
  "players": [
    "senorpotatono",
    "sete_de_sinnoh"
  ],
  "log": "|j|\u2606senorpotatono\n|j|\u2606sete_de_sinnoh\n|t:|1776352790\n|gametype|doubles\n|player|p1|senorpotatono|elesa|1037\n|player|p2|sete_de_sinnoh|169|1074\n|gen|9\n|tier|[Gen 9 Champions] VGC 2026 Reg M-A\n|rated|\n|rule|Species Clause: Limit one of each Pok\u00e9mon\n|rule|Item Clause: Limit 1 of each item\n|clearpoke\n|poke|p1|Incineroar, L50, M|\n|poke|p1|Scizor, L50, M|\n|poke|p1|Sinistcha, L50|\n|poke|p1|Pelipper, L50, M|\n|poke|p1|Basculegion, L50, M|\n|poke|p1|Aegislash, L50, M|\n|poke|p2|Meganium, L50, F|\n|poke|p2|Corviknight, L50, M|\n|poke|p2|Milotic, L50, F|\n|poke|p2|Raichu, L50, M|\n|poke|p2|Incineroar, L50, M|\n|poke|p2|Tyranitar, L50, F|\n|teampreview|4\n|inactive|Battle timer is ON: inactive players will automatically lose when time's up. (requested by senorpotatono)\n|\n|t:|1776352829\n|teamsize|p1|4\n|teamsize|p2|4\n|start\n|switch|p1a: Scizor|Scizor, L50, M|100/100\n|switch|p1b: Pelipper|Pelipper, L50, M|100/100\n|switch|p2a: Grayson|Corviknight, L50, M, shiny|100/100\n|switch|p2b: Jerry|Raichu, L50, M|100/100\n|-weather|RainDance|[from] ability: Drizzle|[of] p1b: Pelipper\n|turn|1\n|\n|t:|1776352848\n|detailschange|p1a: Scizor|Scizor-Mega, L50, M\n|-mega|p1a: Scizor|Scizor|Scizorite\n|move|p1a: Scizor|Protect|p1a: Scizor\n|-singleturn|p1a: Scizor|Protect\n|move|p1b: Pelipper|Protect|p1b: Pelipper\n|-singleturn|p1b: Pelipper|Protect\n|move|p2b: Jerry|Fake Out|p1b: Pelipper\n|-activate|p1b: Pelipper|move: Protect\n|move|p2a: Grayson|Tailwind|p2a: Grayson\n|-sidestart|p2: sete_de_sinnoh|move: Tailwind\n|\n|-weather|RainDance|[upkeep]\n|upkeep\n|turn|2\n|\n|t:|1776352872\n|switch|p1b: Incineroar|Incineroar, L50, M|100/100\n|-ability|p1b: Incineroar|Intimidate|boost\n|-ability|p2a: Grayson|Mirror Armor\n|-unboost|p1b: Incineroar|atk|1\n|-unboost|p2b: Jerry|atk|1\n|move|p2b: Jerry|Nuzzle|p1b: Incineroar\n|-damage|p1b: Incineroar|94/100\n|-status|p1b: Incineroar|par\n|move|p2a: Grayson|Brave Bird|p1a: Scizor\n|-damage|p1a: Scizor|67/100\n|-damage|p2a: Grayson|91/100|[from] Recoil\n|move|p1a: Scizor|U-turn|p2b: Jerry\n|-damage|p2b: Jerry|22/100\n|\n|t:|1776352887\n|switch|p1a: Basculegion|Basculegion, L50, M|100/100|[from] U-turn\n|\n|-weather|RainDance|[upkeep]\n|-heal|p2a: Grayson|97/100|[from] item: Leftovers\n|upkeep\n|turn|3\n|inactive|sete_de_sinnoh has 30 seconds left.\n|\n|t:|1776352917\n|switch|p2b: Lauren|Milotic, L50, F, shiny|100/100\n|move|p1a: Basculegion|Protect|p1a: Basculegion\n|-singleturn|p1a: Basculegion|Protect\n|move|p2a: Grayson|Brave Bird|p1a: Basculegion\n|-activate|p1a: Basculegion|move: Protect\n|move|p1b: Incineroar|Darkest Lariat|p2b: Lauren\n|-damage|p2b: Lauren|70/100\n|\n|-weather|RainDance|[upkeep]\n|-heal|p2a: Grayson|100/100|[from] item: Leftovers\n|upkeep\n|turn|4\n|\n|t:|1776352942\n|move|p2b: Lauren|Scald|p1b: Incineroar\n|-supereffective|p1b: Incineroar|1\n|-damage|p1b: Incineroar|0 fnt\n|faint|p1b: Incineroar\n|move|p1a: Basculegion|Wave Crash|p2a: Grayson\n|-damage|p2a: Grayson|21/100\n|-damage|p1a: Basculegion|77/100|[from] Recoil\n|move|p2a: Grayson|Brave Bird|p1a: Basculegion\n|-damage|p1a: Basculegion|32/100\n|-enditem|p1a: Basculegion|Sitrus Berry|[eat]\n|-heal|p1a: Basculegion|56/100|[from] item: Sitrus Berry\n|-damage|p2a: Grayson|5/100|[from] Recoil\n|\n|-weather|RainDance|[upkeep]\n|-heal|p2a: Grayson|11/100|[from] item: Leftovers\n|-sideend|p2: sete_de_sinnoh|move: Tailwind\n|upkeep\n|\n|t:|1776352958\n|switch|p1b: Scizor|Scizor-Mega, L50, M|67/100\n|turn|5\n|\n|t:|1776352975\n|move|p1b: Scizor|Bullet Punch|p2a: Grayson\n|-resisted|p2a: Grayson|1\n|-damage|p2a: Grayson|0 fnt\n|faint|p2a: Grayson\n|move|p1a: Basculegion|Last Respects|p2b: Lauren\n|-damage|p2b: Lauren|3/100\n|move|p2b: Lauren|Icy Wind|p1b: Scizor|[spread] p1a,p1b\n|-resisted|p1a: Basculegion|1\n|-resisted|p1b: Scizor|1\n|-damage|p1a: Basculegion|50/100\n|-damage|p1b: Scizor|62/100\n|-unboost|p1a: Basculegion|spe|1\n|-unboost|p1b: Scizor|spe|1\n|\n|-weather|none\n|upkeep\n|\n|t:|1776352999\n|switch|p2a: Jerry|Raichu, L50, M|22/100\n|turn|6\n|\n|t:|1776353013\n|switch|p2b: Lotus|Meganium, L50, F|100/100\n|move|p1a: Basculegion|Protect|p1a: Basculegion\n|-singleturn|p1a: Basculegion|Protect\n|move|p1b: Scizor|Bullet Punch|p2a: Jerry\n|-resisted|p2a: Jerry|1\n|-damage|p2a: Jerry|0 fnt\n|faint|p2a: Jerry\n|\n|upkeep\n|\n|t:|1776353023\n|switch|p2a: Lauren|Milotic, L50, F, shiny|3/100\n|turn|7\n|\n|t:|1776353031\n|switch|p1a: Pelipper|Pelipper, L50, M|100/100\n|-weather|RainDance|[from] ability: Drizzle|[of] p1a: Pelipper\n|detailschange|p2b: Lotus|Meganium-Mega, L50, F\n|-mega|p2b: Lotus|Meganium|Meganiumite\n|move|p2a: Lauren|Protect|p2a: Lauren\n|-singleturn|p2a: Lauren|Protect\n|move|p1b: Scizor|Protect|p1b: Scizor\n|-singleturn|p1b: Scizor|Protect\n|move|p2b: Lotus|Solar Beam||[still]\n|-prepare|p2b: Lotus|Solar Beam\n|-activate|p2b: Lotus|ability: Mega Sol\n|-anim|p2b: Lotus|Solar Beam|p1a: Pelipper\n|-damage|p1a: Pelipper|27/100\n|\n|-weather|RainDance|[upkeep]\n|upkeep\n|turn|8\n|inactive|sete_de_sinnoh has 30 seconds left.\n|inactive|senorpotatono has 30 seconds left.\n|inactive|sete_de_sinnoh has 20 seconds left.\n|inactive|sete_de_sinnoh has 15 seconds left.\n|\n|t:|1776353075\n|move|p1b: Scizor|Bullet Punch|p2b: Lotus\n|-supereffective|p2b: Lotus|1\n|-damage|p2b: Lotus|26/100\n|move|p2b: Lotus|Earth Power|p1b: Scizor\n|-damage|p1b: Scizor|30/100\n|-unboost|p1b: Scizor|spd|1\n|move|p2a: Lauren|Scald|p1b: Scizor\n|-damage|p1b: Scizor|0 fnt\n|faint|p1b: Scizor\n|move|p1a: Pelipper|Hurricane|p2b: Lotus\n|-supereffective|p2b: Lotus|1\n|-damage|p2b: Lotus|0 fnt\n|faint|p2b: Lotus\n|\n|-weather|RainDance|[upkeep]\n|upkeep\n|\n|t:|1776353089\n|switch|p1b: Basculegion|Basculegion, L50, M|50/100\n|turn|9\n|\n|t:|1776353094\n|move|p1b: Basculegion|Last Respects|p2a: Lauren\n|-damage|p2a: Lauren|0 fnt\n|faint|p2a: Lauren\n|\n|win|senorpotatono\n|raw|senorpotatono's rating: 1037 &rarr; <strong>1075</strong><br />(+38 for winning)\n|raw|sete_de_sinnoh's rating: 1074 &rarr; <strong>1051</strong><br />(-23 for losing)\n",
  "uploadtime": 1776353099,
  "views": 23,
  "formatid": "gen9championsvgc2026regma",
  "rating": 1051,
  "private": 0,
  "password": null
}