{
  "id": "gen9championsvgc2026regma-2587398729",
  "format": "[Gen 9 Champions] VGC 2026 Reg M-A",
  "players": [
    "colbyy",
    "Frostburnnn"
  ],
  "log": "|j|\u2606colbyy\n|j|\u2606Frostburnnn\n|t:|1776528544\n|gametype|doubles\n|player|p1|colbyy|170|1087\n|player|p2|Frostburnnn|perrin|1087\n|gen|9\n|tier|[Gen 9 Champions] VGC 2026 Reg M-A\n|rated|\n|rule|Species Clause: Limit one of each Pok\u00e9mon\n|rule|Item Clause: Limit 1 of each item\n|clearpoke\n|poke|p1|Delphox, L50, F|\n|poke|p1|Kingambit, L50, F|\n|poke|p1|Clefable, L50, M|\n|poke|p1|Sneasler, L50, F|\n|poke|p1|Basculegion, L50, M|\n|poke|p1|Aerodactyl, L50, M|\n|poke|p2|Delphox, L50, F|\n|poke|p2|Garchomp, L50, M|\n|poke|p2|Whimsicott, L50, F|\n|poke|p2|Alcremie, L50, F|\n|poke|p2|Kingambit, L50, F|\n|poke|p2|Rotom-Heat, L50|\n|teampreview|4\n|inactive|Battle timer is ON: inactive players will automatically lose when time's up. (requested by Frostburnnn)\n|inactive|Frostburnnn has 60 seconds left.\n|\n|t:|1776528587\n|teamsize|p1|4\n|teamsize|p2|4\n|start\n|switch|p1a: Aerodactyl|Aerodactyl, L50, M|100/100\n|switch|p1b: Sneasler|Sneasler, L50, F|100/100\n|switch|p2a: Garchomp|Garchomp, L50, M|100/100\n|switch|p2b: Delphox|Delphox, L50, F|100/100\n|-ability|p1a: Aerodactyl|Unnerve\n|turn|1\n|inactive|colbyy has 30 seconds left.\n|inactive|Frostburnnn has 30 seconds left.\n|\n|t:|1776528619\n|detailschange|p2b: Delphox|Delphox-Mega, L50, F\n|-mega|p2b: Delphox|Delphox|Delphoxite\n|move|p1b: Sneasler|Fake Out|p2b: Delphox\n|-damage|p2b: Delphox|80/100\n|move|p1a: Aerodactyl|Tailwind|p1a: Aerodactyl\n|-sidestart|p1: colbyy|move: Tailwind\n|cant|p2b: Delphox|flinch\n|move|p2a: Garchomp|Rock Slide|p1a: Aerodactyl|[spread] p1a,p1b\n|-supereffective|p1a: Aerodactyl|1\n|-resisted|p1b: Sneasler|1\n|-damage|p1a: Aerodactyl|36/100\n|-damage|p1b: Sneasler|82/100\n|\n|upkeep\n|turn|2\n|inactive|Frostburnnn has 30 seconds left.\n|\n|t:|1776528645\n|move|p2b: Delphox|Protect|p2b: Delphox\n|-singleturn|p2b: Delphox|Protect\n|move|p1a: Aerodactyl|Rock Slide|p2a: Garchomp|[spread] p2a\n|-activate|p2b: Delphox|move: Protect\n|-resisted|p2a: Garchomp|1\n|-damage|p2a: Garchomp|87/100\n|move|p1b: Sneasler|Close Combat|p2a: Garchomp\n|-damage|p2a: Garchomp|26/100\n|-unboost|p1b: Sneasler|def|1\n|-unboost|p1b: Sneasler|spd|1\n|-damage|p1b: Sneasler|70/100|[from] ability: Rough Skin|[of] p2a: Garchomp\n|-enditem|p1b: Sneasler|White Herb\n|-clearnegativeboost|p1b: Sneasler|[silent]\n|move|p2a: Garchomp|Rock Slide|p1b: Sneasler|[spread] p1a,p1b\n|-supereffective|p1a: Aerodactyl|1\n|-resisted|p1b: Sneasler|1\n|-damage|p1a: Aerodactyl|0 fnt\n|-damage|p1b: Sneasler|54/100\n|faint|p1a: Aerodactyl\n|\n|upkeep\n|\n|t:|1776528662\n|switch|p1a: Basculegion|Basculegion, L50, M|100/100\n|turn|3\n|\n|t:|1776528678\n|switch|p2b: Kingambit|Kingambit, L50, F|100/100\n|switch|p2a: Whimsicott|Whimsicott, L50, F|100/100\n|move|p1b: Sneasler|Close Combat|p2a: Whimsicott\n|-resisted|p2a: Whimsicott|1\n|-damage|p2a: Whimsicott|56/100\n|-unboost|p1b: Sneasler|def|1\n|-unboost|p1b: Sneasler|spd|1\n|move|p1a: Basculegion|Flip Turn|p2b: Kingambit\n|-damage|p2b: Kingambit|67/100\n|\n|t:|1776528688\n|switch|p1a: Delphox|Delphox, L50, F|100/100|[from] Flip Turn\n|\n|upkeep\n|turn|4\n|\n|t:|1776528696\n|switch|p1b: Basculegion|Basculegion, L50, M|100/100\n|detailschange|p1a: Delphox|Delphox-Mega, L50, F\n|-mega|p1a: Delphox|Delphox|Delphoxite\n|move|p2a: Whimsicott|Protect|p2a: Whimsicott\n|-singleturn|p2a: Whimsicott|Protect\n|move|p2b: Kingambit|Protect|p2b: Kingambit\n|-singleturn|p2b: Kingambit|Protect\n|move|p1a: Delphox|Heat Wave|p2b: Kingambit|[spread] \n|-activate|p2a: Whimsicott|move: Protect\n|-activate|p2b: Kingambit|move: Protect\n|\n|-sideend|p1: colbyy|move: Tailwind\n|upkeep\n|turn|5\n|\n|t:|1776528714\n|move|p2a: Whimsicott|Tailwind|p2a: Whimsicott\n|-sidestart|p2: Frostburnnn|move: Tailwind\n|move|p2b: Kingambit|Sucker Punch||[still]\n|-fail|p2b: Kingambit\n|move|p1a: Delphox|Substitute|p1a: Delphox\n|-start|p1a: Delphox|Substitute\n|-damage|p1a: Delphox|76/100\n|move|p1b: Basculegion|Last Respects|p2b: Kingambit\n|-resisted|p2b: Kingambit|1\n|-damage|p2b: Kingambit|40/100\n|\n|upkeep\n|turn|6\n|\n|t:|1776528735\n|switch|p1b: Sneasler|Sneasler, L50, F|54/100\n|move|p2b: Kingambit|Sucker Punch||[still]\n|-fail|p2b: Kingambit\n|move|p2a: Whimsicott|Moonblast|p1a: Delphox\n|-resisted|p1a: Delphox|1\n|-activate|p1a: Delphox|move: Substitute|[damage]\n|move|p1a: Delphox|Heat Wave|p2b: Kingambit|[spread] p2a\n|-miss|p1a: Delphox|p2b: Kingambit\n|-supereffective|p2a: Whimsicott|1\n|-damage|p2a: Whimsicott|0 fnt\n|faint|p2a: Whimsicott\n|\n|upkeep\n|\n|t:|1776528740\n|switch|p2a: Garchomp|Garchomp, L50, M|26/100\n|turn|7\n|\n|t:|1776528757\n|move|p2a: Garchomp|Protect|p2a: Garchomp\n|-singleturn|p2a: Garchomp|Protect\n|move|p1b: Sneasler|Fake Out|p2a: Garchomp\n|-activate|p2a: Garchomp|move: Protect\n|move|p1a: Delphox|Heat Wave|p2b: Kingambit|[spread] p2b\n|-activate|p2a: Garchomp|move: Protect\n|-supereffective|p2b: Kingambit|1\n|-damage|p2b: Kingambit|0 fnt\n|faint|p2b: Kingambit\n|\n|upkeep\n|\n|t:|1776528766\n|switch|p2b: Delphox|Delphox-Mega, L50, F|80/100\n|turn|8\n|\n|t:|1776528780\n|move|p1a: Delphox|Protect|p1a: Delphox\n|-singleturn|p1a: Delphox|Protect\n|move|p2b: Delphox|Psychic|p1a: Delphox\n|-activate|p1a: Delphox|move: Protect\n|move|p2a: Garchomp|Earthquake|p1b: Sneasler|[spread] p1b\n|-activate|p1a: Delphox|move: Protect\n|-immune|p2b: Delphox|[from] ability: Levitate\n|-supereffective|p1b: Sneasler|1\n|-damage|p1b: Sneasler|0 fnt\n|faint|p1b: Sneasler\n|\n|-sideend|p2: Frostburnnn|move: Tailwind\n|upkeep\n|\n|t:|1776528789\n|switch|p1b: Basculegion|Basculegion, L50, M|100/100\n|turn|9\n|\n|t:|1776528812\n|move|p1a: Delphox|Psychic|p2b: Delphox\n|-resisted|p2b: Delphox|1\n|-crit|p2b: Delphox\n|-damage|p2b: Delphox|42/100\n|move|p1b: Basculegion|Flip Turn|p2a: Garchomp\n|-damage|p2a: Garchomp|0 fnt\n|-damage|p1b: Basculegion|88/100|[from] ability: Rough Skin|[of] p2a: Garchomp\n|faint|p2a: Garchomp\n|move|p2b: Delphox|Psychic|p1b: Basculegion\n|-damage|p1b: Basculegion|17/100\n|\n|upkeep\n|turn|10\n|-message|Frostburnnn forfeited.\n|\n|win|colbyy\n|raw|colbyy's rating: 1087 &rarr; <strong>1114</strong><br />(+27 for winning)\n|raw|Frostburnnn's rating: 1087 &rarr; <strong>1064</strong><br />(-23 for losing)\n|l|\u2606Frostburnnn\n|player|p2|\n",
  "uploadtime": 1776529095,
  "views": 21,
  "formatid": "gen9championsvgc2026regma",
  "rating": 1064,
  "private": 0,
  "password": null
}