{
  "id": "gen9championsvgc2026regma-2583892780",
  "format": "[Gen 9 Champions] VGC 2026 Reg M-A",
  "players": [
    "fwoompie",
    "EDJPP"
  ],
  "log": "|j|\u2606fwoompie\n|j|\u2606EDJPP\n|t:|1776206042\n|gametype|doubles\n|player|p1|fwoompie|hiker-gen4|\n|player|p2|EDJPP|volkner|\n|gen|9\n|tier|[Gen 9 Champions] VGC 2026 Reg M-A\n|rated|Tournament battle\n|rule|Species Clause: Limit one of each Pok\u00e9mon\n|rule|Item Clause: Limit 1 of each item\n|raw|<div class=\"infobox\"><details class=\"readmore\" open><summary><strong>1 custom rule:</strong></summary> Force Open Team Sheets</details></div>\n|clearpoke\n|poke|p1|Froslass, L50, F|\n|poke|p1|Beartic, L50, F|\n|poke|p1|Volcarona, L50, F|\n|poke|p1|Rotom-Wash, L50|\n|poke|p1|Whimsicott, L50, F|\n|poke|p1|Glimmora, L50, M|\n|poke|p2|Garganacl, L50, F|\n|poke|p2|Sinistcha, L50|\n|poke|p2|Primarina, L50, M|\n|poke|p2|Incineroar, L50, F|\n|poke|p2|Froslass, L50, F|\n|poke|p2|Aerodactyl, L50, F|\n|teampreview|4\n|showteam|p1|Froslass||Froslassite|SnowCloak|Blizzard,AuroraVeil,ShadowBall,Protect|||F|||50|]Beartic||NeverMeltIce|SlushRush|IcicleCrash,IcyWind,Liquidation,Protect|||F|||50|]Volcarona||Leftovers|FlameBody|FieryDance,GigaDrain,QuiverDance,Protect|||F|||50|]Rotom-Wash||SitrusBerry|Levitate|Electroweb,VoltSwitch,HydroPump,Protect||||||50|]Whimsicott||FocusSash|Prankster|Tailwind,Moonblast,Encore,Protect|||F|||50|]Glimmora||Glimmoranite|ToxicDebris|SludgeBomb,PowerGem,EarthPower,SpikyShield|||M|||50|\n|showteam|p2|Garganacl||Leftovers|ClearBody|SaltCure,RockTomb,BodyPress,HeavySlam|||F|||50|]Sinistcha||SitrusBerry|Hospitality|LifeDew,MatchaGotcha,TrickRoom,RagePowder||||||50|]Primarina||FairyFeather|LiquidVoice|HyperVoice,Moonblast,DazzlingGleam,Protect|||M|||50|]Incineroar||Charcoal|Intimidate|FakeOut,HelpingHand,FlareBlitz,DarkestLariat|||F|||50|]Froslass||Froslassite|CursedBody|AuroraVeil,Blizzard,ShadowBall,NastyPlot|||F|||50|]Aerodactyl||FocusSash|RockHead|Tailwind,DualWingbeat,RockSlide,Protect|||F|||50|\n|inactive|Battle timer is ON: inactive players will automatically lose when time's up. (requested by fwoompie)\n|inactive|EDJPP also wants the timer to be on.\n|c|\u2606fwoompie|Good luck\n|c|\u2606EDJPP|glhf\n|\n|t:|1776206068\n|teamsize|p1|4\n|teamsize|p2|4\n|start\n|switch|p1a: Glimmora|Glimmora, L50, M|100/100\n|switch|p1b: Whimsicott|Whimsicott, L50, F|100/100\n|switch|p2a: Aerodactyl|Aerodactyl, L50, F|100/100\n|switch|p2b: Garganacl|Garganacl, L50, F|100/100\n|turn|1\n|\n|t:|1776206086\n|move|p1b: Whimsicott|Tailwind|p1b: Whimsicott\n|-sidestart|p1: fwoompie|move: Tailwind\n|move|p1a: Glimmora|Power Gem|p2a: Aerodactyl\n|-supereffective|p2a: Aerodactyl|1\n|-enditem|p2a: Aerodactyl|Focus Sash\n|-damage|p2a: Aerodactyl|1/100\n|move|p2a: Aerodactyl|Tailwind|p2a: Aerodactyl\n|-sidestart|p2: EDJPP|move: Tailwind\n|move|p2b: Garganacl|Heavy Slam|p1a: Glimmora\n|-supereffective|p1a: Glimmora|1\n|-damage|p1a: Glimmora|23/100\n|-activate|p1a: Glimmora|ability: Toxic Debris\n|-sidestart|p2: EDJPP|move: Toxic Spikes\n|\n|upkeep\n|turn|2\n|\n|t:|1776206098\n|detailschange|p1a: Glimmora|Glimmora-Mega, L50, M\n|-mega|p1a: Glimmora|Glimmora|Glimmoranite\n|move|p2a: Aerodactyl|Rock Slide|p1a: Glimmora|[spread] p1a,p1b\n|-damage|p1a: Glimmora|0 fnt\n|-damage|p1b: Whimsicott|60/100\n|faint|p1a: Glimmora\n|move|p1b: Whimsicott|Moonblast|p2b: Garganacl\n|-damage|p2b: Garganacl|74/100\n|move|p2b: Garganacl|Heavy Slam|p1b: Whimsicott\n|-supereffective|p1b: Whimsicott|1\n|-damage|p1b: Whimsicott|0 fnt\n|faint|p1b: Whimsicott\n|\n|-heal|p2b: Garganacl|80/100|[from] item: Leftovers\n|upkeep\n|c|\u2606fwoompie|Oh shoot\n|c|\u2606fwoompie|I've lost\n|\n|t:|1776206110\n|switch|p1b: Volcarona|Volcarona, L50, F|100/100\n|switch|p1a: Rotom|Rotom-Wash, L50, shiny|100/100\n|turn|3\n|inactive|EDJPP has 30 seconds left.\n|inactive|EDJPP has 20 seconds left.\n|\n|t:|1776206146\n|move|p1b: Volcarona|Protect|p1b: Volcarona\n|-singleturn|p1b: Volcarona|Protect\n|move|p2a: Aerodactyl|Rock Slide|p1b: Volcarona|[spread] p1a\n|-activate|p1b: Volcarona|move: Protect\n|-damage|p1a: Rotom|76/100\n|move|p1a: Rotom|Electroweb|p2a: Aerodactyl|[spread] p2a,p2b\n|-supereffective|p2a: Aerodactyl|1\n|-damage|p2a: Aerodactyl|0 fnt\n|-damage|p2b: Garganacl|65/100\n|faint|p2a: Aerodactyl\n|move|p2b: Garganacl|Salt Cure|p1a: Rotom\n|-damage|p1a: Rotom|58/100\n|-start|p1a: Rotom|Salt Cure\n|\n|-heal|p2b: Garganacl|71/100|[from] item: Leftovers\n|-damage|p1a: Rotom|46/100|[from] Salt Cure\n|upkeep\n|-enditem|p1a: Rotom|Sitrus Berry|[eat]\n|-heal|p1a: Rotom|71/100|[from] item: Sitrus Berry\n|\n|t:|1776206159\n|switch|p2a: Matcha|Sinistcha, L50|100/100\n|-status|p2a: Matcha|psn\n|-heal|p2b: Garganacl|95/100|[from] ability: Hospitality|[of] p2a: Matcha\n|turn|4\n|\n|t:|1776206165\n|move|p2a: Matcha|Rage Powder|p2a: Matcha\n|-singleturn|p2a: Matcha|move: Rage Powder\n|move|p1b: Volcarona|Quiver Dance|p1b: Volcarona\n|-boost|p1b: Volcarona|spa|1\n|-boost|p1b: Volcarona|spd|1\n|-boost|p1b: Volcarona|spe|1\n|move|p1a: Rotom|Hydro Pump|p2a: Matcha\n|-resisted|p2a: Matcha|1\n|-crit|p2a: Matcha\n|-damage|p2a: Matcha|64/100 psn\n|move|p2b: Garganacl|Salt Cure|p1b: Volcarona\n|-supereffective|p1b: Volcarona|2\n|-damage|p1b: Volcarona|18/100\n|-start|p1b: Volcarona|Salt Cure\n|\n|-heal|p1b: Volcarona|24/100|[from] item: Leftovers\n|-heal|p2b: Garganacl|100/100|[from] item: Leftovers\n|-damage|p2a: Matcha|52/100 psn|[from] psn\n|-damage|p1b: Volcarona|18/100|[from] Salt Cure\n|-damage|p1a: Rotom|58/100|[from] Salt Cure\n|-sideend|p2: EDJPP|move: Tailwind\n|-sideend|p1: fwoompie|move: Tailwind\n|upkeep\n|turn|5\n|c|\u2606fwoompie|Yeah gg\n|inactive|EDJPP has 30 seconds left.\n|\n|t:|1776206192\n|move|p1b: Volcarona|Fiery Dance|p2a: Matcha\n|-supereffective|p2a: Matcha|1\n|-damage|p2a: Matcha|0 fnt\n|faint|p2a: Matcha\n|move|p1a: Rotom|Hydro Pump|p2b: Garganacl\n|-supereffective|p2b: Garganacl|1\n|-damage|p2b: Garganacl|19/100\n|move|p2b: Garganacl|Body Press|p1a: Rotom\n|-damage|p1a: Rotom|32/100\n|\n|-heal|p1b: Volcarona|24/100|[from] item: Leftovers\n|-heal|p2b: Garganacl|25/100|[from] item: Leftovers\n|-damage|p1b: Volcarona|18/100|[from] Salt Cure\n|-damage|p1a: Rotom|20/100|[from] Salt Cure\n|upkeep\n|\n|t:|1776206194\n|switch|p2a: Primarina|Primarina, L50, M|100/100\n|-status|p2a: Primarina|psn\n|turn|6\n|c|\u2606fwoompie|That salt cure isn't doing anything\n|c|\u2606fwoompie|Did they nerf it\n|\n|t:|1776206215\n|move|p1b: Volcarona|Giga Drain|p2a: Primarina\n|-supereffective|p2a: Primarina|1\n|-damage|p2a: Primarina|32/100 psn\n|-heal|p1b: Volcarona|58/100|[from] drain|[of] p2a: Primarina\n|move|p1a: Rotom|Volt Switch|p2b: Garganacl\n|-damage|p2b: Garganacl|0 fnt\n|faint|p2b: Garganacl\n|move|p2a: Primarina|Hyper Voice|p1b: Volcarona|[spread] p1a,p1b\n|-resisted|p1a: Rotom|1\n|-supereffective|p1b: Volcarona|1\n|-damage|p1a: Rotom|2/100\n|-damage|p1b: Volcarona|13/100\n|\n|-heal|p1b: Volcarona|19/100|[from] item: Leftovers\n|-damage|p2a: Primarina|20/100 psn|[from] psn\n|-damage|p1b: Volcarona|13/100|[from] Salt Cure\n|-damage|p1a: Rotom|0 fnt|[from] Salt Cure\n|faint|p1a: Rotom\n|upkeep\n|turn|7\n|\n|t:|1776206237\n|move|p1b: Volcarona|Giga Drain|p2a: Primarina\n|-supereffective|p2a: Primarina|1\n|-damage|p2a: Primarina|0 fnt\n|-heal|p1b: Volcarona|24/100|[from] drain|[of] p2a: Primarina\n|faint|p2a: Primarina\n|\n|win|fwoompie\n|n|\u2606fwoompie|fwoompie\n|n|\u2606EDJPP|edjpp\n",
  "uploadtime": 1776206243,
  "views": 17,
  "formatid": "gen9championsvgc2026regma",
  "rating": null,
  "private": 0,
  "password": null
}