{
  "id": "gen9championsvgc2026regma-2582742033",
  "format": "[Gen 9 Champions] VGC 2026 Reg M-A",
  "players": [
    "harrybxrry",
    "fizixes"
  ],
  "log": "|j|\u2606harrybxrry\n|j|\u2606fizixes\n|t:|1776110946\n|gametype|doubles\n|player|p1|harrybxrry|li|1215\n|player|p2|fizixes|266|1266\n|gen|9\n|tier|[Gen 9 Champions] VGC 2026 Reg M-A\n|rated|\n|rule|Species Clause: Limit one of each Pok\u00e9mon\n|rule|Item Clause: Limit 1 of each item\n|clearpoke\n|poke|p1|Scovillain, L50, M|\n|poke|p1|Kingambit, L50, M|\n|poke|p1|Dragonite, L50, M|\n|poke|p1|Primarina, L50, F|\n|poke|p1|Sneasler, L50, M|\n|poke|p1|Garchomp, L50, M|\n|poke|p2|Weavile, L50, M|\n|poke|p2|Lucario, L50, F|\n|poke|p2|Gallade, L50, M|\n|poke|p2|Kleavor, L50, M|\n|poke|p2|Quaquaval, L50, F|\n|poke|p2|Gengar, L50, M|\n|teampreview|4\n|inactive|Battle timer is ON: inactive players will automatically lose when time's up. (requested by fizixes)\n|inactive|harrybxrry has 60 seconds left.\n|\n|t:|1776110980\n|teamsize|p1|4\n|teamsize|p2|4\n|start\n|switch|p1a: Scovillain|Scovillain, L50, M|100/100\n|switch|p1b: Sneasler|Sneasler, L50, M, shiny|100/100\n|switch|p2a: Weavile|Weavile, L50, M|100/100\n|switch|p2b: Kleavor|Kleavor, L50, M|100/100\n|-ability|p2a: Weavile|Pressure\n|turn|1\n|\n|t:|1776110993\n|move|p1b: Sneasler|Protect|p1b: Sneasler\n|-singleturn|p1b: Sneasler|Protect\n|move|p1a: Scovillain|Protect|p1a: Scovillain\n|-singleturn|p1a: Scovillain|Protect\n|move|p2a: Weavile|Fake Out|p1b: Sneasler\n|-activate|p1b: Sneasler|move: Protect\n|move|p2b: Kleavor|Stone Axe|p1a: Scovillain\n|-activate|p1a: Scovillain|move: Protect\n|\n|-ability|p1a: Scovillain|Moody|boost\n|-boost|p1a: Scovillain|atk|2\n|-unboost|p1a: Scovillain|spe|1\n|upkeep\n|turn|2\n|inactive|harrybxrry has 30 seconds left.\n|\n|t:|1776111019\n|detailschange|p1a: Scovillain|Scovillain-Mega, L50, M\n|-mega|p1a: Scovillain|Scovillain|Scovillainite\n|move|p1a: Scovillain|Rage Powder|p1a: Scovillain\n|-singleturn|p1a: Scovillain|move: Rage Powder\n|move|p2b: Kleavor|Stone Axe|p1a: Scovillain\n|-supereffective|p1a: Scovillain|1\n|-damage|p1a: Scovillain|0 fnt\n|-status|p2b: Kleavor|brn|[from] ability: Spicy Spray|[of] p1a: Scovillain\n|-sidestart|p1: harrybxrry|move: Stealth Rock\n|faint|p1a: Scovillain\n|move|p2a: Weavile|Triple Axel|p1b: Sneasler\n|-damage|p1b: Sneasler|83/100\n|-hitcount|p1b: Sneasler|1\n|move|p1b: Sneasler|Close Combat|p2a: Weavile\n|-supereffective|p2a: Weavile|2\n|-enditem|p2a: Weavile|Focus Sash\n|-damage|p2a: Weavile|1/100\n|-unboost|p1b: Sneasler|def|1\n|-unboost|p1b: Sneasler|spd|1\n|\n|-damage|p2b: Kleavor|94/100 brn|[from] brn\n|upkeep\n|inactive|harrybxrry has 30 seconds left.\n|\n|t:|1776111050\n|switch|p1a: Dragonite|Dragonite, L50, M|100/100\n|-damage|p1a: Dragonite|76/100|[from] Stealth Rock\n|turn|3\n|\n|t:|1776111057\n|move|p2a: Weavile|Protect|p2a: Weavile\n|-singleturn|p2a: Weavile|Protect\n|move|p1a: Dragonite|Protect|p1a: Dragonite\n|-singleturn|p1a: Dragonite|Protect\n|move|p2b: Kleavor|Stone Axe|p1a: Dragonite\n|-activate|p1a: Dragonite|move: Protect\n|move|p1b: Sneasler|Dire Claw|p2a: Weavile\n|-activate|p2a: Weavile|move: Protect\n|\n|-damage|p2b: Kleavor|88/100 brn|[from] brn\n|upkeep\n|turn|4\n|\n|t:|1776111078\n|switch|p2a: Gengar|Gengar, L50, M|100/100\n|move|p1a: Dragonite|Extreme Speed|p2a: Gengar\n|-immune|p2a: Gengar\n|move|p2b: Kleavor|Stone Axe|p1a: Dragonite\n|-supereffective|p1a: Dragonite|1\n|-damage|p1a: Dragonite|13/100\n|move|p1b: Sneasler|Close Combat|p2b: Kleavor\n|-damage|p2b: Kleavor|3/100 brn\n|-unboost|p1b: Sneasler|def|1\n|-unboost|p1b: Sneasler|spd|1\n|\n|-damage|p2b: Kleavor|0 fnt|[from] brn\n|faint|p2b: Kleavor\n|upkeep\n|\n|t:|1776111092\n|switch|p2b: Weavile|Weavile, L50, M|1/100\n|-ability|p2b: Weavile|Pressure\n|turn|5\n|\n|t:|1776111104\n|switch|p1b: Garchomp|Garchomp, L50, M|100/100\n|-damage|p1b: Garchomp|95/100|[from] Stealth Rock\n|detailschange|p2a: Gengar|Gengar-Mega, L50, M\n|-mega|p2a: Gengar|Gengar|Gengarite\n|move|p2b: Weavile|Fake Out|p1a: Dragonite\n|-damage|p1a: Dragonite|0 fnt\n|faint|p1a: Dragonite\n|move|p2a: Gengar|Shadow Ball|p1b: Garchomp\n|-damage|p1b: Garchomp|31/100\n|\n|upkeep\n|\n|t:|1776111115\n|switch|p1a: Sneasler|Sneasler, L50, M, shiny|83/100\n|-damage|p1a: Sneasler|78/100|[from] Stealth Rock\n|turn|6\n|\n|t:|1776111123\n|move|p2b: Weavile|Protect|p2b: Weavile\n|-singleturn|p2b: Weavile|Protect\n|move|p1a: Sneasler|Dire Claw|p2b: Weavile\n|-activate|p2b: Weavile|move: Protect\n|move|p2a: Gengar|Shadow Ball|p1b: Garchomp\n|-damage|p1b: Garchomp|0 fnt\n|faint|p1b: Garchomp\n|\n|upkeep\n|turn|7\n|-message|harrybxrry forfeited.\n|\n|win|fizixes\n|raw|harrybxrry's rating: 1215 &rarr; <strong>1194</strong><br />(-21 for losing)\n|raw|fizixes's rating: 1266 &rarr; <strong>1287</strong><br />(+21 for winning)\n|l|\u2606harrybxrry\n|player|p1|\n",
  "uploadtime": 1776111143,
  "views": 27,
  "formatid": "gen9championsvgc2026regma",
  "rating": 1194,
  "private": 0,
  "password": null
}