{
  "id": "gen9championsvgc2026regma-2582685076",
  "format": "[Gen 9 Champions] VGC 2026 Reg M-A",
  "players": [
    "PlayfulHaruDummy",
    "NotTheRealAdo"
  ],
  "log": "|j|\u2606PlayfulHaruDummy\n|j|\u2606NotTheRealAdo\n|t:|1776107169\n|gametype|doubles\n|player|p1|PlayfulHaruDummy|169|1062\n|player|p2|NotTheRealAdo|karen|1035\n|gen|9\n|tier|[Gen 9 Champions] VGC 2026 Reg M-A\n|rated|\n|rule|Species Clause: Limit one of each Pok\u00e9mon\n|rule|Item Clause: Limit 1 of each item\n|clearpoke\n|poke|p1|Garchomp, L50, M|\n|poke|p1|Charizard, L50, F|\n|poke|p1|Venusaur, L50, F|\n|poke|p1|Aerodactyl, L50, M|\n|poke|p1|Basculegion, L50, M|\n|poke|p1|Greninja-*, L50, M|\n|poke|p2|Floette-Eternal, L50, F|\n|poke|p2|Incineroar, L50, F|\n|poke|p2|Garchomp, L50, F|\n|poke|p2|Sneasler, L50, F|\n|poke|p2|Rotom-Wash, L50|\n|poke|p2|Aerodactyl, L50, M|\n|teampreview|4\n|\n|t:|1776107247\n|teamsize|p1|4\n|teamsize|p2|4\n|start\n|switch|p1a: Basculegion|Basculegion, L50, M, shiny|100/100\n|switch|p1b: Charizard|Charizard, L50, F, shiny|100/100\n|switch|p2a: Rotom|Rotom-Wash, L50|100/100\n|switch|p2b: Aerodactyl|Aerodactyl, L50, M|100/100\n|-ability|p2b: Aerodactyl|Unnerve\n|turn|1\n|\n|t:|1776107296\n|move|p2b: Aerodactyl|Protect|p2b: Aerodactyl\n|-singleturn|p2b: Aerodactyl|Protect\n|move|p1b: Charizard|Protect|p1b: Charizard\n|-singleturn|p1b: Charizard|Protect\n|move|p2a: Rotom|Electroweb|p1b: Charizard|[spread] p1a\n|-activate|p1b: Charizard|move: Protect\n|-supereffective|p1a: Basculegion|1\n|-damage|p1a: Basculegion|64/100\n|-unboost|p1a: Basculegion|spe|1\n|move|p1a: Basculegion|Flip Turn|p2b: Aerodactyl\n|-activate|p2b: Aerodactyl|move: Protect\n|\n|upkeep\n|turn|2\n|inactive|Battle timer is ON: inactive players will automatically lose when time's up. (requested by NotTheRealAdo)\n|\n|t:|1776107373\n|switch|p1b: Venusaur|Venusaur, L50, F|100/100\n|move|p2a: Rotom|Electroweb|p1a: Basculegion|[spread] p1a,p1b\n|-supereffective|p1a: Basculegion|1\n|-resisted|p1b: Venusaur|1\n|-damage|p1a: Basculegion|24/100\n|-damage|p1b: Venusaur|91/100\n|-unboost|p1a: Basculegion|spe|1\n|-unboost|p1b: Venusaur|spe|1\n|move|p2b: Aerodactyl|Rock Slide|p1a: Basculegion|[spread] p1b\n|-miss|p2b: Aerodactyl|p1a: Basculegion\n|-damage|p1b: Venusaur|66/100\n|move|p1a: Basculegion|Flip Turn|p2b: Aerodactyl\n|-supereffective|p2b: Aerodactyl|1\n|-enditem|p2b: Aerodactyl|Focus Sash\n|-damage|p2b: Aerodactyl|1/100\n|\n|t:|1776107390\n|switch|p1a: Charizard|Charizard, L50, F, shiny|100/100|[from] Flip Turn\n|\n|-heal|p1b: Venusaur|72/100|[from] item: Leftovers\n|upkeep\n|turn|3\n|\n|t:|1776107408\n|detailschange|p1a: Charizard|Charizard-Mega-Y, L50, F, shiny\n|-mega|p1a: Charizard|Charizard|Charizardite Y\n|-weather|SunnyDay|[from] ability: Drought|[of] p1a: Charizard\n|move|p1a: Charizard|Protect|p1a: Charizard\n|-singleturn|p1a: Charizard|Protect\n|move|p2a: Rotom|Electroweb|p1a: Charizard|[spread] p1b\n|-activate|p1a: Charizard|move: Protect\n|-resisted|p1b: Venusaur|1\n|-damage|p1b: Venusaur|64/100\n|-unboost|p1b: Venusaur|spe|1\n|move|p2b: Aerodactyl|Tailwind|p2b: Aerodactyl\n|-sidestart|p2: NotTheRealAdo|move: Tailwind\n|move|p1b: Venusaur|Solar Beam||[still]\n|-prepare|p1b: Venusaur|Solar Beam\n|-anim|p1b: Venusaur|Solar Beam|p2a: Rotom\n|-supereffective|p2a: Rotom|1\n|-damage|p2a: Rotom|0 fnt\n|faint|p2a: Rotom\n|\n|-weather|SunnyDay|[upkeep]\n|-heal|p1b: Venusaur|70/100|[from] item: Leftovers\n|upkeep\n|\n|t:|1776107430\n|switch|p2a: Mary Poppins|Floette-Eternal, L50, F|100/100\n|turn|4\n|\n|t:|1776107441\n|switch|p1a: Basculegion|Basculegion, L50, M, shiny|24/100\n|detailschange|p2a: Mary Poppins|Floette-Mega, L50, F\n|-mega|p2a: Mary Poppins|Floette|Floettite\n|-ability|p2a: Mary Poppins|Fairy Aura\n|move|p2b: Aerodactyl|Rock Slide|p1b: Venusaur|[spread] p1a,p1b\n|-damage|p1a: Basculegion|0 fnt\n|-damage|p1b: Venusaur|46/100\n|faint|p1a: Basculegion\n|move|p2a: Mary Poppins|Calm Mind|p2a: Mary Poppins\n|-boost|p2a: Mary Poppins|spa|1\n|-boost|p2a: Mary Poppins|spd|1\n|move|p1b: Venusaur|Sludge Bomb|p2a: Mary Poppins\n|-supereffective|p2a: Mary Poppins|1\n|-damage|p2a: Mary Poppins|66/100\n|-status|p2a: Mary Poppins|psn\n|\n|-weather|SunnyDay|[upkeep]\n|-heal|p1b: Venusaur|51/100|[from] item: Leftovers\n|-damage|p2a: Mary Poppins|54/100 psn|[from] psn\n|upkeep\n|inactive|PlayfulHaruDummy has 30 seconds left.\n|\n|t:|1776107472\n|switch|p1a: Greninja|Greninja, L50, M, shiny|100/100\n|turn|5\n|inactive|PlayfulHaruDummy has 30 seconds left.\n|inactive|NotTheRealAdo has 30 seconds left.\n|\n|t:|1776107508\n|move|p2b: Aerodactyl|Rock Slide|p1b: Venusaur|[spread] p1a,p1b\n|-damage|p1a: Greninja|54/100\n|-damage|p1b: Venusaur|28/100\n|move|p2a: Mary Poppins|Dazzling Gleam|p1a: Greninja|[spread] p1a,p1b\n|-supereffective|p1a: Greninja|1\n|-resisted|p1b: Venusaur|1\n|-damage|p1a: Greninja|0 fnt\n|-damage|p1b: Venusaur|0 fnt\n|faint|p1a: Greninja\n|faint|p1b: Venusaur\n|\n|-weather|SunnyDay|[upkeep]\n|-damage|p2a: Mary Poppins|42/100 psn|[from] psn\n|upkeep\n|\n|t:|1776107522\n|switch|p1a: Charizard|Charizard-Mega-Y, L50, F, shiny|100/100\n|turn|6\n|\n|t:|1776107530\n|move|p1a: Charizard|Protect|p1a: Charizard\n|-singleturn|p1a: Charizard|Protect\n|move|p2b: Aerodactyl|Rock Slide|p1a: Charizard\n|-activate|p1a: Charizard|move: Protect\n|move|p2a: Mary Poppins|Moonblast|p1a: Charizard\n|-activate|p1a: Charizard|move: Protect\n|\n|-weather|SunnyDay|[upkeep]\n|-damage|p2a: Mary Poppins|30/100 psn|[from] psn\n|-sideend|p2: NotTheRealAdo|move: Tailwind\n|upkeep\n|turn|7\n|\n|t:|1776107544\n|move|p2a: Mary Poppins|Protect|p2a: Mary Poppins\n|-singleturn|p2a: Mary Poppins|Protect\n|move|p2b: Aerodactyl|Tailwind|p2b: Aerodactyl\n|-sidestart|p2: NotTheRealAdo|move: Tailwind\n|move|p1a: Charizard|Heat Wave|p2a: Mary Poppins|[spread] p2b\n|-activate|p2a: Mary Poppins|move: Protect\n|-resisted|p2b: Aerodactyl|1\n|-damage|p2b: Aerodactyl|0 fnt\n|faint|p2b: Aerodactyl\n|\n|-weather|none\n|-damage|p2a: Mary Poppins|18/100 psn|[from] psn\n|upkeep\n|\n|t:|1776107552\n|switch|p2b: Incineroar|Incineroar, L50, F|100/100\n|-ability|p2b: Incineroar|Intimidate|boost\n|-unboost|p1a: Charizard|atk|1\n|turn|8\n|\n|t:|1776107562\n|move|p1a: Charizard|Protect|p1a: Charizard\n|-singleturn|p1a: Charizard|Protect\n|move|p2b: Incineroar|Fake Out|p1a: Charizard\n|-activate|p1a: Charizard|move: Protect\n|move|p2a: Mary Poppins|Moonblast|p1a: Charizard\n|-activate|p1a: Charizard|move: Protect\n|\n|-damage|p2a: Mary Poppins|5/100 psn|[from] psn\n|upkeep\n|turn|9\n|\n|t:|1776107575\n|move|p2a: Mary Poppins|Moonblast|p1a: Charizard\n|-resisted|p1a: Charizard|1\n|-crit|p1a: Charizard\n|-damage|p1a: Charizard|12/100\n|move|p2b: Incineroar|Flare Blitz|p1a: Charizard\n|-resisted|p1a: Charizard|1\n|-damage|p1a: Charizard|0 fnt\n|faint|p1a: Charizard\n|-damage|p2b: Incineroar|98/100|[from] Recoil\n|\n|win|NotTheRealAdo\n|raw|PlayfulHaruDummy's rating: 1062 &rarr; <strong>1041</strong><br />(-21 for losing)\n|raw|NotTheRealAdo's rating: 1035 &rarr; <strong>1072</strong><br />(+37 for winning)\n|l|\u2606PlayfulHaruDummy\n|player|p1|\n",
  "uploadtime": 1776107585,
  "views": 14,
  "formatid": "gen9championsvgc2026regma",
  "rating": 1041,
  "private": 0,
  "password": null
}