{
  "id": "gen9championsvgc2026regma-2585125652",
  "format": "[Gen 9 Champions] VGC 2026 Reg M-A",
  "players": [
    "Riset1",
    "PokeMasterEN"
  ],
  "log": "|j|\u2606Riset1\n|j|\u2606PokeMasterEN\n|t:|1776314784\n|gametype|doubles\n|player|p1|Riset1|266|1114\n|player|p2|PokeMasterEN|firebreather|1090\n|gen|9\n|tier|[Gen 9 Champions] VGC 2026 Reg M-A\n|rated|\n|rule|Species Clause: Limit one of each Pok\u00e9mon\n|rule|Item Clause: Limit 1 of each item\n|clearpoke\n|poke|p1|Scovillain, L50, F|\n|poke|p1|Kingambit, L50, M|\n|poke|p1|Incineroar, L50, F|\n|poke|p1|Aerodactyl, L50, F|\n|poke|p1|Sneasler, L50, F|\n|poke|p1|Sinistcha, L50|\n|poke|p2|Froslass, L50, F|\n|poke|p2|Rotom-Frost, L50|\n|poke|p2|Garchomp, L50, F|\n|poke|p2|Empoleon, L50, F|\n|poke|p2|Incineroar, L50, F|\n|poke|p2|Kingambit, L50, M|\n|teampreview|4\n|inactive|Battle timer is ON: inactive players will automatically lose when time's up. (requested by PokeMasterEN)\n|inactive|Riset1 has 60 seconds left.\n|inactive|PokeMasterEN has 60 seconds left.\nRiset1 rejected open team sheets.\n|\n|t:|1776314839\n|teamsize|p1|4\n|teamsize|p2|4\n|start\n|switch|p1a: Scovillain|Scovillain, L50, F|100/100\n|switch|p1b: Aerodactyl|Aerodactyl, L50, F|100/100\n|switch|p2a: Empoleon|Empoleon, L50, F|100/100\n|switch|p2b: Incineroar|Incineroar, L50, F|100/100\n|-ability|p1b: Aerodactyl|Unnerve\n|-ability|p2b: Incineroar|Intimidate|boost\n|-unboost|p1a: Scovillain|atk|1\n|-unboost|p1b: Aerodactyl|atk|1\n|turn|1\n|\n|t:|1776314860\n|detailschange|p1a: Scovillain|Scovillain-Mega, L50, F\n|-mega|p1a: Scovillain|Scovillain|Scovillainite\n|move|p1a: Scovillain|Protect|p1a: Scovillain\n|-singleturn|p1a: Scovillain|Protect\n|move|p2b: Incineroar|Fake Out|p1b: Aerodactyl\n|-resisted|p1b: Aerodactyl|1\n|-damage|p1b: Aerodactyl|90/100\n|cant|p1b: Aerodactyl|flinch\n|move|p2a: Empoleon|Water Pulse|p1b: Aerodactyl\n|-supereffective|p1b: Aerodactyl|1\n|-damage|p1b: Aerodactyl|1/100\n|\n|upkeep\n|turn|2\n|inactive|PokeMasterEN has 30 seconds left.\n|inactive|PokeMasterEN has 20 seconds left.\n|\n|t:|1776314895\n|move|p1a: Scovillain|Rage Powder|p1a: Scovillain\n|-singleturn|p1a: Scovillain|move: Rage Powder\n|move|p1b: Aerodactyl|Tailwind|p1b: Aerodactyl\n|-sidestart|p1: Riset1|move: Tailwind\n|move|p2b: Incineroar|Flare Blitz|p1a: Scovillain\n|-damage|p1a: Scovillain|37/100\n|-immune|p2b: Incineroar\n|-damage|p2b: Incineroar|83/100|[from] Recoil\n|move|p2a: Empoleon|Roar|p1a: Scovillain\n|drag|p1a: Sneasler|Sneasler, L50, F|100/100\n|-ability|p1a: Sneasler|Pressure\n|\n|upkeep\n|turn|3\n|\n|t:|1776314918\n|move|p2a: Empoleon|Protect|p2a: Empoleon\n|-singleturn|p2a: Empoleon|Protect\n|move|p1a: Sneasler|Close Combat|p2a: Empoleon\n|-activate|p2a: Empoleon|move: Protect\n|move|p1b: Aerodactyl|Rock Slide|p2b: Incineroar|[spread] p2b\n|-activate|p2a: Empoleon|move: Protect\n|-supereffective|p2b: Incineroar|1\n|-damage|p2b: Incineroar|44/100\n|move|p2b: Incineroar|Flare Blitz|p1a: Sneasler\n|-damage|p1a: Sneasler|0 fnt\n|faint|p1a: Sneasler\n|-damage|p2b: Incineroar|19/100|[from] Recoil\n|\n|upkeep\n|\n|t:|1776314931\n|switch|p1a: Kingambit|Kingambit, L50, M|100/100\n|turn|4\n|\n|t:|1776314943\n|move|p1b: Aerodactyl|Rock Slide|p2a: Empoleon|[spread] p2a,p2b\n|-resisted|p2a: Empoleon|1\n|-supereffective|p2b: Incineroar|1\n|-damage|p2a: Empoleon|91/100\n|-damage|p2b: Incineroar|0 fnt\n|faint|p2b: Incineroar\n|move|p1a: Kingambit|Swords Dance|p1a: Kingambit\n|-boost|p1a: Kingambit|atk|2\n|cant|p2a: Empoleon|flinch\n|\n|-heal|p2a: Empoleon|96/100|[from] item: Leftovers\n|upkeep\n|\n|t:|1776314952\n|switch|p2b: Rotom|Rotom-Frost, L50|100/100\n|turn|5\n|\n|t:|1776314967\n|move|p2a: Empoleon|Protect|p2a: Empoleon\n|-singleturn|p2a: Empoleon|Protect\n|move|p1a: Kingambit|Sucker Punch|p2b: Rotom\n|-damage|p2b: Rotom|0 fnt\n|faint|p2b: Rotom\n|move|p1b: Aerodactyl|Rock Slide|p2a: Empoleon\n|-activate|p2a: Empoleon|move: Protect\n|\n|-heal|p2a: Empoleon|100/100|[from] item: Leftovers\n|-sideend|p1: Riset1|move: Tailwind\n|upkeep\n|\n|t:|1776314973\n|switch|p2b: Froslass|Froslass, L50, F|100/100\n|turn|6\n|\n|t:|1776314987\n|move|p2b: Froslass|Protect|p2b: Froslass\n|-singleturn|p2b: Froslass|Protect\n|move|p1b: Aerodactyl|Wide Guard|p1b: Aerodactyl\n|-singleturn|p1b: Aerodactyl|Wide Guard\n|move|p1a: Kingambit|Sucker Punch||[still]\n|-fail|p1a: Kingambit\n|move|p2a: Empoleon|Roar|p1a: Kingambit\n|drag|p1a: Scovillain|Scovillain-Mega, L50, F|37/100\n|\n|upkeep\n|turn|7\n|inactive|Riset1 has 30 seconds left.\n|inactive|PokeMasterEN has 30 seconds left.\n|\n|t:|1776315021\n|detailschange|p2b: Froslass|Froslass-Mega, L50, F\n|-mega|p2b: Froslass|Froslass|Froslassite\n|-weather|Snowscape|[from] ability: Snow Warning|[of] p2b: Froslass\n|move|p1b: Aerodactyl|Tailwind|p1b: Aerodactyl\n|-sidestart|p1: Riset1|move: Tailwind\n|move|p1a: Scovillain|Flamethrower|p2b: Froslass\n|-supereffective|p2b: Froslass|1\n|-damage|p2b: Froslass|0 fnt\n|faint|p2b: Froslass\n|move|p2a: Empoleon|Water Pulse|p1a: Scovillain\n|-damage|p1a: Scovillain|13/100\n|-status|p2a: Empoleon|brn|[from] ability: Spicy Spray|[of] p1a: Scovillain\n|\n|-weather|Snowscape|[upkeep]\n|-damage|p2a: Empoleon|95/100 brn|[from] brn\n|upkeep\n|turn|8\n|-message|PokeMasterEN forfeited.\n|\n|win|Riset1\n|raw|Riset1's rating: 1114 &rarr; <strong>1137</strong><br />(+23 for winning)\n|raw|PokeMasterEN's rating: 1090 &rarr; <strong>1068</strong><br />(-22 for losing)\n|l|\u2606PokeMasterEN\n|player|p2|\n|l|\u2606Riset1\n|player|p1|\n|j|\u2606Riset1\n|player|p1|Riset1|266|\n",
  "uploadtime": 1776315119,
  "views": 20,
  "formatid": "gen9championsvgc2026regma",
  "rating": 1068,
  "private": 0,
  "password": null
}