{
  "id": "gen9championsvgc2026regma-2584400206",
  "format": "[Gen 9 Champions] VGC 2026 Reg M-A",
  "players": [
    "dkapflzksh",
    "htotoT"
  ],
  "log": "|j|\u2606dkapflzksh\n|j|\u2606htotoT\n|t:|1776258112\n|gametype|doubles\n|player|p1|dkapflzksh|scientist-gen4dp|1343\n|player|p2|htotoT|265|1269\n|gen|9\n|tier|[Gen 9 Champions] VGC 2026 Reg M-A\n|rated|\n|rule|Species Clause: Limit one of each Pok\u00e9mon\n|rule|Item Clause: Limit 1 of each item\n|clearpoke\n|poke|p1|Pelipper, L50, F|\n|poke|p1|Basculegion, L50, M|\n|poke|p1|Dragonite, L50, M|\n|poke|p1|Archaludon, L50, F|\n|poke|p1|Incineroar, L50, M|\n|poke|p1|Sinistcha-Masterpiece, L50|\n|poke|p2|Sneasler, L50, F|\n|poke|p2|Incineroar, L50, M|\n|poke|p2|Charizard, L50, F|\n|poke|p2|Maushold-Four, L50|\n|poke|p2|Basculegion, L50, M|\n|poke|p2|Sylveon, L50, M|\n|teampreview|4\n|inactive|Battle timer is ON: inactive players will automatically lose when time's up. (requested by htotoT)\n|inactive|htotoT has 60 seconds left.\n|\n|t:|1776258154\n|teamsize|p1|4\n|teamsize|p2|4\n|start\n|switch|p1a: Pelipper|Pelipper, L50, F, shiny|100/100\n|switch|p1b: Basculegion|Basculegion, L50, M, shiny|100/100\n|switch|p2a: Maushold|Maushold-Four, L50|100/100\n|switch|p2b: Sylveon|Sylveon, L50, M|100/100\n|-weather|RainDance|[from] ability: Drizzle|[of] p1a: Pelipper\n|turn|1\n|inactive|dkapflzksh has 30 seconds left.\n|\n|t:|1776258183\n|move|p2a: Maushold|Follow Me|p2a: Maushold\n|-singleturn|p2a: Maushold|move: Follow Me\n|move|p1b: Basculegion|Flip Turn|p2a: Maushold\n|-damage|p2a: Maushold|47/100\n|\n|t:|1776258191\n|switch|p1b: Archaludon|Archaludon, L50, F, shiny|100/100|[from] Flip Turn\n|move|p1a: Pelipper|Weather Ball|p2a: Maushold\n|-damage|p2a: Maushold|0 fnt\n|faint|p2a: Maushold\n|move|p2b: Sylveon|Hyper Voice|p1a: Pelipper|[spread] p1a,p1b\n|-damage|p1a: Pelipper|15/100\n|-damage|p1b: Archaludon|52/100\n|-ability|p1b: Archaludon|Stamina|boost\n|-boost|p1b: Archaludon|def|1\n|\n|-weather|RainDance|[upkeep]\n|-heal|p1b: Archaludon|58/100|[from] item: Leftovers\n|upkeep\n|\n|t:|1776258200\n|switch|p2a: Sneasler|Sneasler, L50, F|100/100\n|turn|2\n|\n|t:|1776258208\n|switch|p1a: Sinistcha|Sinistcha-Masterpiece, L50|100/100\n|-heal|p1b: Archaludon|83/100|[from] ability: Hospitality|[of] p1a: Sinistcha\n|move|p1b: Archaludon|Protect|p1b: Archaludon\n|-singleturn|p1b: Archaludon|Protect\n|move|p2b: Sylveon|Quick Attack|p1a: Sinistcha\n|-damage|p1a: Sinistcha|87/100\n|move|p2a: Sneasler|Close Combat|p1b: Archaludon\n|-activate|p1b: Archaludon|move: Protect\n|\n|-weather|RainDance|[upkeep]\n|-heal|p1b: Archaludon|89/100|[from] item: Leftovers\n|upkeep\n|turn|3\n|\n|t:|1776258231\n|move|p1a: Sinistcha|Rage Powder|p1a: Sinistcha\n|-singleturn|p1a: Sinistcha|move: Rage Powder\n|move|p2a: Sneasler|Dire Claw|p1a: Sinistcha\n|-damage|p1a: Sinistcha|45/100\n|-enditem|p1a: Sinistcha|Sitrus Berry|[eat]\n|-heal|p1a: Sinistcha|70/100|[from] item: Sitrus Berry\n|move|p1b: Archaludon|Electro Shot||[still]\n|-prepare|p1b: Archaludon|Electro Shot\n|-boost|p1b: Archaludon|spa|1\n|-anim|p1b: Archaludon|Electro Shot|p2b: Sylveon\n|-damage|p2b: Sylveon|57/100\n|move|p2b: Sylveon|Hyper Voice|p1b: Archaludon|[spread] p1a,p1b\n|-crit|p1b: Archaludon\n|-damage|p1a: Sinistcha|25/100\n|-damage|p1b: Archaludon|16/100\n|-ability|p1b: Archaludon|Stamina|boost\n|-boost|p1b: Archaludon|def|1\n|\n|-weather|RainDance|[upkeep]\n|-heal|p1b: Archaludon|22/100|[from] item: Leftovers\n|upkeep\n|turn|4\n|inactive|dkapflzksh has 30 seconds left.\n|inactive|dkapflzksh has 20 seconds left.\n|inactive|dkapflzksh has 15 seconds left.\n|inactive|dkapflzksh has 10 seconds left.\n|\n|t:|1776258281\n|move|p1b: Archaludon|Protect|p1b: Archaludon\n|-singleturn|p1b: Archaludon|Protect\n|move|p2a: Sneasler|Dire Claw|p1a: Sinistcha\n|-damage|p1a: Sinistcha|0 fnt\n|faint|p1a: Sinistcha\n|move|p2b: Sylveon|Hyper Voice|p1b: Archaludon\n|-activate|p1b: Archaludon|move: Protect\n|\n|-weather|RainDance|[upkeep]\n|-heal|p1b: Archaludon|28/100|[from] item: Leftovers\n|upkeep\n|\n|t:|1776258291\n|switch|p1a: Pelipper|Pelipper, L50, F, shiny|15/100\n|turn|5\n|\n|t:|1776258296\n|move|p2b: Sylveon|Quick Attack|p1a: Pelipper\n|-damage|p1a: Pelipper|0 fnt\n|faint|p1a: Pelipper\n|move|p2a: Sneasler|Close Combat|p1b: Archaludon\n|-supereffective|p1b: Archaludon|1\n|-damage|p1b: Archaludon|0 fnt\n|-unboost|p2a: Sneasler|def|1\n|-unboost|p2a: Sneasler|spd|1\n|faint|p1b: Archaludon\n|-enditem|p2a: Sneasler|White Herb\n|-clearnegativeboost|p2a: Sneasler|[silent]\n|\n|-weather|none\n|upkeep\n|-message|dkapflzksh forfeited.\n|\n|win|htotoT\n|raw|dkapflzksh's rating: 1343 &rarr; <strong>1319</strong><br />(-24 for losing)\n|raw|htotoT's rating: 1269 &rarr; <strong>1299</strong><br />(+30 for winning)\n",
  "uploadtime": 1776258308,
  "views": 41,
  "formatid": "gen9championsvgc2026regma",
  "rating": 1299,
  "private": 0,
  "password": null
}