{
  "id": "gen9championsvgc2026regma-2583931764",
  "format": "[Gen 9 Champions] VGC 2026 Reg M-A",
  "players": [
    "The Carkol Rider",
    "DashingSceptile"
  ],
  "log": "|j|\u2606The Carkol Rider\n|j|\u2606DashingSceptile\n|html|<table width=\"100%\"><tr><td align=\"left\">The Carkol Rider</td><td align=\"right\">DashingSceptile</tr><tr><td align=\"left\"><i class=\"fa fa-circle-o\"></i> <i class=\"fa fa-circle-o\"></i> </td><td align=\"right\"><i class=\"fa fa-circle-o\"></i> <i class=\"fa fa-circle-o\"></i> </tr></table>\n|uhtml|bestof|<h2><strong>Game 1</strong> of <a href=\"/game-bestof3-gen9championsvgc2026regma-2583931763\">a best-of-3</a></h2>\n|t:|1776209404\n|gametype|doubles\n|player|p1|The Carkol Rider|grimsley|\n|player|p2|DashingSceptile|kieran-champion|\n|gen|9\n|tier|[Gen 9 Champions] VGC 2026 Reg M-A\n|rule|Species Clause: Limit one of each Pok\u00e9mon\n|rule|Item Clause: Limit 1 of each item\n|raw|<div class=\"infobox\"><details class=\"readmore\" open><summary><strong>1 custom rule:</strong></summary> Best of = 3</details></div>\n|clearpoke\n|poke|p1|Floette-Eternal, L50, F|\n|poke|p1|Maushold, L50|\n|poke|p1|Garchomp, L50, M|\n|poke|p1|Talonflame, L50, M|\n|poke|p1|Rotom-Wash, L50|\n|poke|p1|Aegislash, L50, M|\n|poke|p2|Kingambit, L50, M|\n|poke|p2|Dragonite, L50, F|\n|poke|p2|Pelipper, L50, M|\n|poke|p2|Basculegion, L50, M|\n|poke|p2|Archaludon, L50, M|\n|poke|p2|Sneasler, L50, F|\n|teampreview|4\nThe Carkol Rider has agreed to open team sheets.\nDashingSceptile has agreed to open team sheets.\n|showteam|p1|Floette-Eternal||Floettite|FlowerVeil|Moonblast,DazzlingGleam,Protect,CalmMind|||F|||50|]Maushold||FocusSash|FriendGuard|SuperFang,Taunt,Protect,FollowMe||||||50|]Garchomp||ChoiceScarf|RoughSkin|Earthquake,DragonClaw,RockSlide,StompingTantrum|||M|||50|]Talonflame|||GaleWings|Acrobatics,FlareBlitz,Tailwind,Protect|||M|||50|]Rotom-Wash||SitrusBerry|Levitate|HydroPump,Electroweb,Thunderbolt,HelpingHand||||||50|]Aegislash||SpellTag|StanceChange|Poltergeist,ShadowSneak,IronHead,KingsShield|||M|||50|\n|showteam|p2|Kingambit||ChopleBerry|Defiant|SuckerPunch,LowKick,IronHead,KowtowCleave|||M|||50|]Dragonite||Dragoninite|InnerFocus|Protect,DracoMeteor,Hurricane,Thunder|||F|||50|]Pelipper||FocusSash|Drizzle|WeatherBall,Tailwind,WideGuard,HelpingHand|||M|||50|]Basculegion||ColburBerry|SwiftSwim|LastRespects,WaveCrash,FlipTurn,Protect|||M|||50|]Archaludon||SitrusBerry|Stamina|ElectroShot,Protect,FlashCannon,DragonPulse|||M|||50|]Sneasler||WhiteHerb|Unburden|FakeOut,CloseCombat,DireClaw,Protect|||F|||50|\n|j| CloudySkies17695\n|j| LanternComic\n|\n|t:|1776209569\n|teamsize|p1|4\n|teamsize|p2|4\n|start\n|switch|p1a: Floette|Floette-Eternal, L50, F|100/100\n|switch|p1b: Talonflame|Talonflame, L50, M|100/100\n|switch|p2a: Sapphire|Dragonite, L50, F, shiny|100/100\n|switch|p2b: Ruth|Sneasler, L50, F, shiny|100/100\n|turn|1\n|\n|t:|1776209606\n|switch|p1a: Garchomp|Garchomp, L50, M|100/100\n|detailschange|p2a: Sapphire|Dragonite-Mega, L50, F, shiny\n|-mega|p2a: Sapphire|Dragonite|Dragoninite\n|move|p1b: Talonflame|Acrobatics|p2b: Ruth\n|-supereffective|p2b: Ruth|1\n|-damage|p2b: Ruth|0 fnt\n|faint|p2b: Ruth\n|move|p2a: Sapphire|Hurricane|p1b: Talonflame\n|-damage|p1b: Talonflame|0 fnt\n|faint|p1b: Talonflame\n|\n|upkeep\n|\n|t:|1776209632\n|switch|p1b: Floette|Floette-Eternal, L50, F|100/100\n|switch|p2b: Peeko|Pelipper, L50, M, shiny|100/100\n|-weather|RainDance|[from] ability: Drizzle|[of] p2b: Peeko\n|turn|2\n|\n|t:|1776209653\n|detailschange|p1b: Floette|Floette-Mega, L50, F\n|-mega|p1b: Floette|Floette|Floettite\n|-ability|p1b: Floette|Fairy Aura\n|move|p2a: Sapphire|Protect|p2a: Sapphire\n|-singleturn|p2a: Sapphire|Protect\n|move|p1a: Garchomp|Rock Slide|p2a: Sapphire|[spread] p2b\n|-activate|p2a: Sapphire|move: Protect\n|-supereffective|p2b: Peeko|1\n|-crit|p2b: Peeko\n|-damage|p2b: Peeko|35/100\n|move|p1b: Floette|Moonblast|p2a: Sapphire\n|-activate|p2a: Sapphire|move: Protect\n|move|p2b: Peeko|Tailwind|p2b: Peeko\n|-sidestart|p2: DashingSceptile|move: Tailwind\n|\n|-weather|RainDance|[upkeep]\n|upkeep\n|turn|3\n|\n|t:|1776209678\n|move|p2b: Peeko|Wide Guard|p2b: Peeko\n|-singleturn|p2b: Peeko|Wide Guard\n|move|p2a: Sapphire|Draco Meteor|p1a: Garchomp|[miss]\n|-miss|p2a: Sapphire|p1a: Garchomp\n|move|p1a: Garchomp|Rock Slide|p2a: Sapphire|[spread] \n|-activate|p2a: Sapphire|move: Wide Guard\n|-activate|p2b: Peeko|move: Wide Guard\n|move|p1b: Floette|Moonblast|p2a: Sapphire\n|-supereffective|p2a: Sapphire|1\n|-damage|p2a: Sapphire|39/100\n|\n|-weather|RainDance|[upkeep]\n|upkeep\n|turn|4\n|\n|t:|1776209702\n|switch|p1a: Rotom|Rotom-Wash, L50|100/100\n|move|p2b: Peeko|Helping Hand|p2a: Sapphire\n|-singleturn|p2a: Sapphire|Helping Hand|[of] p2b: Peeko\n|move|p2a: Sapphire|Hurricane|p1b: Floette\n|-damage|p1b: Floette|33/100\n|move|p1b: Floette|Moonblast|p2b: Peeko\n|-damage|p2b: Peeko|0 fnt\n|faint|p2b: Peeko\n|\n|-weather|RainDance|[upkeep]\n|upkeep\n|\n|t:|1776209711\n|switch|p2b: STAPLES|Archaludon, L50, M, shiny|100/100\n|turn|5\n|\n|t:|1776209723\n|move|p1b: Floette|Protect|p1b: Floette\n|-singleturn|p1b: Floette|Protect\n|move|p2a: Sapphire|Hurricane|p1b: Floette\n|-activate|p1b: Floette|move: Protect\n|move|p2b: STAPLES|Electro Shot||[still]\n|-prepare|p2b: STAPLES|Electro Shot\n|-boost|p2b: STAPLES|spa|1\n|-anim|p2b: STAPLES|Electro Shot|p1a: Rotom\n|-damage|p1a: Rotom|41/100\n|-enditem|p1a: Rotom|Sitrus Berry|[eat]\n|-heal|p1a: Rotom|65/100|[from] item: Sitrus Berry\n|move|p1a: Rotom|Electroweb|p2a: Sapphire|[spread] p2a\n|-miss|p1a: Rotom|p2b: STAPLES\n|-damage|p2a: Sapphire|23/100\n|-unboost|p2a: Sapphire|spe|1\n|\n|-weather|RainDance|[upkeep]\n|-sideend|p2: DashingSceptile|move: Tailwind\n|upkeep\n|turn|6\n|\n|t:|1776209749\n|move|p1b: Floette|Moonblast|p2b: STAPLES\n|-damage|p2b: STAPLES|28/100\n|-ability|p2b: STAPLES|Stamina|boost\n|-boost|p2b: STAPLES|def|1\n|-enditem|p2b: STAPLES|Sitrus Berry|[eat]\n|-heal|p2b: STAPLES|53/100|[from] item: Sitrus Berry\n|move|p1a: Rotom|Thunderbolt|p2a: Sapphire\n|-damage|p2a: Sapphire|0 fnt\n|faint|p2a: Sapphire\n|move|p2b: STAPLES|Electro Shot||[still]\n|-prepare|p2b: STAPLES|Electro Shot\n|-boost|p2b: STAPLES|spa|1\n|-anim|p2b: STAPLES|Electro Shot|p1a: Rotom\n|-damage|p1a: Rotom|0 fnt\n|faint|p1a: Rotom\n|\n|-weather|none\n|upkeep\n|\n|t:|1776209753\n|switch|p1a: Garchomp|Garchomp, L50, M|100/100\n|turn|7\n|\n|t:|1776209761\n|move|p1a: Garchomp|Stomping Tantrum|p2b: STAPLES\n|-supereffective|p2b: STAPLES|1\n|-damage|p2b: STAPLES|11/100\n|-ability|p2b: STAPLES|Stamina|boost\n|-boost|p2b: STAPLES|def|1\n|move|p1b: Floette|Moonblast|p2b: STAPLES\n|-crit|p2b: STAPLES\n|-damage|p2b: STAPLES|0 fnt\n|faint|p2b: STAPLES\n|\n|win|The Carkol Rider\n||DashingSceptile is ready for game 2.\n||The Carkol Rider is ready for game 2.\n|uhtml|next|Next: <a href=\"/battle-gen9championsvgc2026regma-2583935834\"><strong>Game 2 of 3</strong></a>\n|l| LanternComic\n|l|\u2606DashingSceptile\n|player|p2|\n|l|\u2606The Carkol Rider\n|player|p1|\n",
  "uploadtime": 1776211410,
  "views": 20,
  "formatid": "gen9championsvgc2026regma",
  "rating": null,
  "private": 0,
  "password": null
}