{
  "id": "gen9championsvgc2026regma-2585409577",
  "format": "[Gen 9 Champions] VGC 2026 Reg M-A",
  "players": [
    "nivek55",
    "DawnS14"
  ],
  "log": "|j|\u2606nivek55\n|j|\u2606DawnS14\n|t:|1776345257\n|gametype|doubles\n|player|p1|nivek55|blue|1097\n|player|p2|DawnS14|lance|1000\n|gen|9\n|tier|[Gen 9 Champions] VGC 2026 Reg M-A\n|rated|\n|rule|Species Clause: Limit one of each Pok\u00e9mon\n|rule|Item Clause: Limit 1 of each item\n|clearpoke\n|poke|p1|Meganium, L50, F|\n|poke|p1|Dragonite, L50, F|\n|poke|p1|Archaludon, L50, F|\n|poke|p1|Basculegion, L50, M|\n|poke|p1|Pelipper, L50, M|\n|poke|p1|Ditto, L50|\n|poke|p2|Basculegion, L50, M|\n|poke|p2|Archaludon, L50, F|\n|poke|p2|Incineroar, L50, M|\n|poke|p2|Sneasler, L50, F|\n|poke|p2|Pelipper, L50, F|\n|poke|p2|Dragonite, L50, F|\n|teampreview|4\n|c|\u2606nivek55|glhf\nDawnS14 has agreed to open team sheets.\n|inactive|Battle timer is ON: inactive players will automatically lose when time's up. (requested by nivek55)\nnivek55 has agreed to open team sheets.\n|showteam|p1|Meganium||Meganiumite|Overgrow|SolarBeam,DazzlingGleam,WeatherBall,Protect|||F|||50|]Dragonite||Dragoninite|Multiscale|ExtremeSpeed,Hurricane,Thunder,Protect|||F|||50|]Archaludon||Leftovers|Stamina|DracoMeteor,Protect,FlashCannon,ElectroShot|||F|||50|]Basculegion||MysticWater|SwiftSwim|LastRespects,WaveCrash,AquaJet,FlipTurn|||M|||50|]Pelipper||FocusSash|Drizzle|Hurricane,Protect,Tailwind,WeatherBall|||M|||50|]Ditto||SitrusBerry|Imposter|Transform||||||50|\n|showteam|p2|Basculegion||MysticWater|Adaptability|WaveCrash,FlipTurn,AquaJet,LastRespects|||M|||50|]Archaludon||Leftovers|Stamina|FlashCannon,DracoMeteor,ElectroShot,Protect|||F|||50|]Incineroar||SitrusBerry|Intimidate|FlareBlitz,PartingShot,FakeOut,HelpingHand|||M|||50|]Sneasler||WhiteHerb|Unburden|CloseCombat,DireClaw,ThroatChop,Protect|||F|||50|]Pelipper||FocusSash|Drizzle|Hurricane,WeatherBall,Tailwind,Protect|||F|||50|]Dragonite||Dragoninite|InnerFocus|Hurricane,DragonPulse,Thunder,Protect|||F|||50|\n|inactive|nivek55 has 60 seconds left.\n|inactive|DawnS14 has 60 seconds left.\n|\n|t:|1776345319\n|teamsize|p1|4\n|teamsize|p2|4\n|start\n|switch|p1a: Pelipper|Pelipper, L50, M, shiny|100/100\n|switch|p1b: Archaludon|Archaludon, L50, F, shiny|100/100\n|switch|p2a: Incineroar|Incineroar, L50, M|100/100\n|switch|p2b: Archaludon|Archaludon, L50, F|100/100\n|-weather|RainDance|[from] ability: Drizzle|[of] p1a: Pelipper\n|-ability|p2a: Incineroar|Intimidate|boost\n|-unboost|p1a: Pelipper|atk|1\n|-unboost|p1b: Archaludon|atk|1\n|turn|1\n|inactive|DawnS14 has 30 seconds left.\n|\n|t:|1776345349\n|move|p1b: Archaludon|Protect|p1b: Archaludon\n|-singleturn|p1b: Archaludon|Protect\n|move|p1a: Pelipper|Protect|p1a: Pelipper\n|-singleturn|p1a: Pelipper|Protect\n|move|p2b: Archaludon|Electro Shot||[still]\n|-prepare|p2b: Archaludon|Electro Shot\n|-boost|p2b: Archaludon|spa|1\n|-anim|p2b: Archaludon|Electro Shot|p1a: Pelipper\n|-activate|p1a: Pelipper|move: Protect\n|move|p2a: Incineroar|Parting Shot|p1b: Archaludon\n|-activate|p1b: Archaludon|move: Protect\n|\n|-weather|RainDance|[upkeep]\n|upkeep\n|turn|2\n|inactive|nivek55 has 30 seconds left.\n|\n|t:|1776345379\n|move|p1b: Archaludon|Draco Meteor|p2b: Archaludon\n|-damage|p2b: Archaludon|24/100\n|-unboost|p1b: Archaludon|spa|2\n|-ability|p2b: Archaludon|Stamina|boost\n|-boost|p2b: Archaludon|def|1\n|move|p2b: Archaludon|Electro Shot||[still]\n|-prepare|p2b: Archaludon|Electro Shot\n|-boost|p2b: Archaludon|spa|1\n|-anim|p2b: Archaludon|Electro Shot|p1a: Pelipper\n|-supereffective|p1a: Pelipper|2\n|-enditem|p1a: Pelipper|Focus Sash\n|-damage|p1a: Pelipper|1/100\n|move|p1a: Pelipper|Tailwind|p1a: Pelipper\n|-sidestart|p1: nivek55|move: Tailwind\n|move|p2a: Incineroar|Parting Shot|p1b: Archaludon\n|-unboost|p1b: Archaludon|atk|1\n|-unboost|p1b: Archaludon|spa|1\n|\n|t:|1776345398\n|switch|p2a: Dragonite|Dragonite, L50, F|100/100|[from] Parting Shot\n|\n|-weather|RainDance|[upkeep]\n|-heal|p2b: Archaludon|30/100|[from] item: Leftovers\n|upkeep\n|turn|3\n|inactive|nivek55 has 30 seconds left.\n|inactive|DawnS14 has 30 seconds left.\n|inactive|nivek55 has 20 seconds left.\n|\n|t:|1776345434\n|detailschange|p2a: Dragonite|Dragonite-Mega, L50, F\n|-mega|p2a: Dragonite|Dragonite|Dragoninite\n|move|p1a: Pelipper|Protect|p1a: Pelipper\n|-singleturn|p1a: Pelipper|Protect\n|move|p1b: Archaludon|Draco Meteor|p2b: Archaludon\n|-damage|p2b: Archaludon|2/100\n|-unboost|p1b: Archaludon|spa|2\n|-ability|p2b: Archaludon|Stamina|boost\n|-boost|p2b: Archaludon|def|1\n|move|p2a: Dragonite|Dragon Pulse|p1b: Archaludon\n|-damage|p1b: Archaludon|42/100\n|-ability|p1b: Archaludon|Stamina|boost\n|-boost|p1b: Archaludon|def|1\n|move|p2b: Archaludon|Draco Meteor|p1b: Archaludon\n|-damage|p1b: Archaludon|0 fnt\n|-unboost|p2b: Archaludon|spa|2\n|faint|p1b: Archaludon\n|\n|-weather|RainDance|[upkeep]\n|-heal|p2b: Archaludon|8/100|[from] item: Leftovers\n|upkeep\n|\n|t:|1776345442\n|switch|p1b: Ditto|Ditto, L50, shiny|100/100\n|-transform|p1b: Ditto|p2a: Dragonite|[from] ability: Imposter\n|turn|4\n|\n|t:|1776345463\n|move|p1b: Ditto|Dragon Pulse|p2a: Dragonite\n|-supereffective|p2a: Dragonite|1\n|-damage|p2a: Dragonite|55/100\n|move|p1a: Pelipper|Hurricane|p2b: Archaludon\n|-resisted|p2b: Archaludon|1\n|-damage|p2b: Archaludon|0 fnt\n|faint|p2b: Archaludon\n|move|p2a: Dragonite|Dragon Pulse|p1b: Ditto\n|-supereffective|p1b: Ditto|1\n|-damage|p1b: Ditto|52/100\n|\n|-weather|RainDance|[upkeep]\n|upkeep\n|\n|t:|1776345474\n|switch|p2b: Incineroar|Incineroar, L50, M|100/100\n|-ability|p2b: Incineroar|Intimidate|boost\n|-unboost|p1a: Pelipper|atk|1\n|-unboost|p1b: Ditto|atk|1\n|turn|5\n|\n|t:|1776345493\n|move|p1b: Ditto|Protect|p1b: Ditto\n|-singleturn|p1b: Ditto|Protect\n|move|p2b: Incineroar|Fake Out|p1a: Pelipper\n|-crit|p1a: Pelipper\n|-damage|p1a: Pelipper|0 fnt\n|faint|p1a: Pelipper\n|move|p2a: Dragonite|Dragon Pulse|p1b: Ditto\n|-activate|p1b: Ditto|move: Protect\n|\n|-weather|none\n|-sideend|p1: nivek55|move: Tailwind\n|upkeep\n|\n|t:|1776345498\n|switch|p1a: Meganium|Meganium, L50, F, shiny|100/100\n|turn|6\n|inactive|DawnS14 has 30 seconds left.\n|\n|t:|1776345525\n|detailschange|p1a: Meganium|Meganium-Mega, L50, F, shiny\n|-mega|p1a: Meganium|Meganium|Meganiumite\n|move|p2b: Incineroar|Helping Hand|p2a: Dragonite\n|-singleturn|p2a: Dragonite|Helping Hand|[of] p2b: Incineroar\n|move|p1b: Ditto|Dragon Pulse|p2a: Dragonite\n|-supereffective|p2a: Dragonite|1\n|-damage|p2a: Dragonite|0 fnt\n|faint|p2a: Dragonite\n|move|p1a: Meganium|Dazzling Gleam|p2b: Incineroar\n|-damage|p2b: Incineroar|70/100\n|\n|upkeep\n|j| porygon-epilepz\n|\n|t:|1776345534\n|switch|p2a: Pelipper|Pelipper, L50, F|100/100\n|-weather|RainDance|[from] ability: Drizzle|[of] p2a: Pelipper\n|turn|7\n|l| porygon-epilepz\n|\n|t:|1776345550\n|move|p1b: Ditto|Thunder|p2a: Pelipper\n|-supereffective|p2a: Pelipper|2\n|-enditem|p2a: Pelipper|Focus Sash\n|-damage|p2a: Pelipper|1/100\n|-status|p2a: Pelipper|par\n|move|p1a: Meganium|Dazzling Gleam|p2a: Pelipper|[spread] p2a,p2b\n|-damage|p2a: Pelipper|0 fnt\n|-damage|p2b: Incineroar|47/100\n|-enditem|p2b: Incineroar|Sitrus Berry|[eat]\n|-heal|p2b: Incineroar|71/100|[from] item: Sitrus Berry\n|faint|p2a: Pelipper\n|move|p2b: Incineroar|Flare Blitz|p1a: Meganium\n|-supereffective|p1a: Meganium|1\n|-damage|p1a: Meganium|57/100\n|-damage|p2b: Incineroar|59/100|[from] Recoil\n|\n|-weather|RainDance|[upkeep]\n|upkeep\n|turn|8\n|\n|t:|1776345568\n|move|p1b: Ditto|Hurricane|p2b: Incineroar\n|-damage|p2b: Incineroar|13/100\n|move|p1a: Meganium|Dazzling Gleam|p2b: Incineroar\n|-damage|p2b: Incineroar|0 fnt\n|faint|p2b: Incineroar\n|\n|win|nivek55\n",
  "uploadtime": 1776345535,
  "views": 21,
  "formatid": "gen9championsvgc2026regma",
  "rating": null,
  "private": 0,
  "password": null
}