{
  "id": "gen9championsvgc2026regma-2585787627",
  "format": "[Gen 9 Champions] VGC 2026 Reg M-A",
  "players": [
    "1#MiraidonHater",
    "Askurmommy"
  ],
  "log": "|j|\u26061#MiraidonHater\n|j|\u2606Askurmommy\n|t:|1776370636\n|gametype|doubles\n|player|p1|1#MiraidonHater|266|1315\n|player|p2|Askurmommy|2|1240\n|gen|9\n|tier|[Gen 9 Champions] VGC 2026 Reg M-A\n|rated|\n|rule|Species Clause: Limit one of each Pok\u00e9mon\n|rule|Item Clause: Limit 1 of each item\n|clearpoke\n|poke|p1|Gardevoir, L50, M|\n|poke|p1|Basculegion, L50, M|\n|poke|p1|Tsareena, L50, F|\n|poke|p1|Incineroar, L50, F|\n|poke|p1|Pelipper, L50, M|\n|poke|p1|Archaludon, L50, F|\n|poke|p2|Maushold-Four, L50|\n|poke|p2|Delphox, L50, F|\n|poke|p2|Floette-Eternal, L50, F|\n|poke|p2|Incineroar, L50, F|\n|poke|p2|Aerodactyl, L50, F|\n|poke|p2|Garchomp, L50, M|\n|teampreview|4\n|inactive|Battle timer is ON: inactive players will automatically lose when time's up. (requested by Askurmommy)\n|\n|t:|1776370657\n|teamsize|p1|4\n|teamsize|p2|4\n|start\n|switch|p1a: Pelipper|Pelipper, L50, M|100/100\n|switch|p1b: EVERY LAST DROP|Archaludon, L50, F|100/100\n|switch|p2a: Floette|Floette-Eternal, L50, F|100/100\n|switch|p2b: Aerodactyl|Aerodactyl, L50, F|100/100\n|-ability|p2b: Aerodactyl|Unnerve\n|-weather|RainDance|[from] ability: Drizzle|[of] p1a: Pelipper\n|turn|1\n|\n|t:|1776370669\n|move|p2a: Floette|Protect|p2a: Floette\n|-singleturn|p2a: Floette|Protect\n|move|p2b: Aerodactyl|Tailwind|p2b: Aerodactyl\n|-sidestart|p2: Askurmommy|move: Tailwind\n|move|p1b: EVERY LAST DROP|Flash Cannon|p2a: Floette\n|-activate|p2a: Floette|move: Protect\n|move|p1a: Pelipper|Tailwind|p1a: Pelipper\n|-sidestart|p1: 1#MiraidonHater|move: Tailwind\n|\n|-weather|RainDance|[upkeep]\n|upkeep\n|turn|2\n|inactive|Askurmommy has 30 seconds left.\n|\n|t:|1776370694\n|switch|p2b: Maushold|Maushold-Four, L50|100/100\n|detailschange|p2a: Floette|Floette-Mega, L50, F\n|-mega|p2a: Floette|Floette|Floettite\n|-ability|p2a: Floette|Fairy Aura\n|move|p1a: Pelipper|Wide Guard|p1a: Pelipper\n|-singleturn|p1a: Pelipper|Wide Guard\n|move|p2a: Floette|Calm Mind|p2a: Floette\n|-boost|p2a: Floette|spa|1\n|-boost|p2a: Floette|spd|1\n|move|p1b: EVERY LAST DROP|Flash Cannon|p2a: Floette\n|-supereffective|p2a: Floette|1\n|-damage|p2a: Floette|68/100\n|\n|-weather|RainDance|[upkeep]\n|upkeep\n|turn|3\n|\n|t:|1776370707\n|move|p1a: Pelipper|Wide Guard|p1a: Pelipper\n|-singleturn|p1a: Pelipper|Wide Guard\n|move|p2b: Maushold|Follow Me|p2b: Maushold\n|-singleturn|p2b: Maushold|move: Follow Me\n|move|p2a: Floette|Moonblast|p1a: Pelipper\n|-enditem|p1a: Pelipper|Focus Sash\n|-damage|p1a: Pelipper|1/100\n|move|p1b: EVERY LAST DROP|Electro Shot||[still]\n|-prepare|p1b: EVERY LAST DROP|Electro Shot\n|-boost|p1b: EVERY LAST DROP|spa|1\n|-anim|p1b: EVERY LAST DROP|Electro Shot|p2b: Maushold\n|-damage|p2b: Maushold|0 fnt\n|faint|p2b: Maushold\n|\n|-weather|RainDance|[upkeep]\n|upkeep\n|\n|t:|1776370712\n|switch|p2b: Aerodactyl|Aerodactyl, L50, F|100/100\n|-ability|p2b: Aerodactyl|Unnerve\n|turn|4\n|\n|t:|1776370727\n|move|p1a: Pelipper|Wide Guard|p1a: Pelipper\n|-singleturn|p1a: Pelipper|Wide Guard\n|move|p2b: Aerodactyl|Dual Wingbeat|p1a: Pelipper\n|-damage|p1a: Pelipper|0 fnt\n|faint|p1a: Pelipper\n|-hitcount|p1: Pelipper|1\n|move|p2a: Floette|Moonblast|p1b: EVERY LAST DROP\n|-ability|p1b: EVERY LAST DROP|Sturdy\n|-damage|p1b: EVERY LAST DROP|1/100\n|move|p1b: EVERY LAST DROP|Flash Cannon|p2a: Floette\n|-supereffective|p2a: Floette|1\n|-damage|p2a: Floette|3/100\n|\n|-weather|RainDance|[upkeep]\n|-sideend|p2: Askurmommy|move: Tailwind\n|-sideend|p1: 1#MiraidonHater|move: Tailwind\n|upkeep\n|\n|t:|1776370745\n|switch|p1a: Basculegion|Basculegion, L50, M|100/100\n|turn|5\n|\n|t:|1776370753\n|move|p2a: Floette|Protect|p2a: Floette\n|-singleturn|p2a: Floette|Protect\n|move|p1a: Basculegion|Aqua Jet|p2a: Floette\n|-activate|p2a: Floette|move: Protect\n|move|p2b: Aerodactyl|Tailwind|p2b: Aerodactyl\n|-sidestart|p2: Askurmommy|move: Tailwind\n|move|p1b: EVERY LAST DROP|Electro Shot||[still]\n|-prepare|p1b: EVERY LAST DROP|Electro Shot\n|-boost|p1b: EVERY LAST DROP|spa|1\n|-anim|p1b: EVERY LAST DROP|Electro Shot|p2b: Aerodactyl\n|-supereffective|p2b: Aerodactyl|1\n|-enditem|p2b: Aerodactyl|Focus Sash\n|-damage|p2b: Aerodactyl|1/100\n|\n|-weather|none\n|upkeep\n|turn|6\n|\n|t:|1776370769\n|switch|p2a: Garchomp|Garchomp, L50, M|100/100\n|move|p1a: Basculegion|Aqua Jet|p2a: Garchomp\n|-damage|p2a: Garchomp|78/100\n|-damage|p1a: Basculegion|88/100|[from] ability: Rough Skin|[of] p2a: Garchomp\n|move|p2b: Aerodactyl|Rock Slide|p1a: Basculegion|[spread] p1b\n|-miss|p2b: Aerodactyl|p1a: Basculegion\n|-resisted|p1b: EVERY LAST DROP|1\n|-damage|p1b: EVERY LAST DROP|0 fnt\n|faint|p1b: EVERY LAST DROP\n|\n|upkeep\n|\n|t:|1776370778\n|switch|p1b: Tsareena|Tsareena, L50, F|100/100\n|turn|7\n|\n|t:|1776370788\n|move|p1a: Basculegion|Aqua Jet|p2b: Aerodactyl\n|-supereffective|p2b: Aerodactyl|1\n|-damage|p2b: Aerodactyl|0 fnt\n|faint|p2b: Aerodactyl\n|move|p2a: Garchomp|Dragon Claw|p1a: Basculegion\n|-damage|p1a: Basculegion|33/100\n|move|p1b: Tsareena|Triple Axel|p2a: Garchomp\n|-supereffective|p2a: Garchomp|2\n|-damage|p2a: Garchomp|57/100\n|-damage|p1b: Tsareena|88/100|[from] ability: Rough Skin|[of] p2a: Garchomp\n|-supereffective|p2a: Garchomp|2\n|-damage|p2a: Garchomp|15/100\n|-damage|p1b: Tsareena|76/100|[from] ability: Rough Skin|[of] p2a: Garchomp\n|-supereffective|p2a: Garchomp|2\n|-damage|p2a: Garchomp|0 fnt\n|-damage|p1b: Tsareena|64/100|[from] ability: Rough Skin|[of] p2a: Garchomp\n|faint|p2a: Garchomp\n|-hitcount|p2: Garchomp|3\n|\n|upkeep\n|inactive|Askurmommy has 30 seconds left.\n|l|\u2606Askurmommy\n|inactive|Askurmommy disconnected and has a minute to reconnect!\n|player|p2|\n|inactive|Askurmommy has 20 seconds left.\n|inactive|Askurmommy has 15 seconds left.\n|inactive|Askurmommy has 10 seconds left.\n|inactive|Askurmommy has 5 seconds left.\n|-message|Askurmommy lost due to inactivity.\n|\n|win|1#MiraidonHater\n|raw|1#MiraidonHater's rating: 1315 &rarr; <strong>1331</strong><br />(+16 for winning)\n|raw|Askurmommy's rating: 1240 &rarr; <strong>1220</strong><br />(-20 for losing)\n|j| porygon-epilepz\n",
  "uploadtime": 1776370848,
  "views": 37,
  "formatid": "gen9championsvgc2026regma",
  "rating": 1220,
  "private": 0,
  "password": null
}