{
  "id": "gen9championsvgc2026regma-2585633206",
  "format": "[Gen 9 Champions] VGC 2026 Reg M-A",
  "players": [
    "alexesmo5",
    "CLA76"
  ],
  "log": "|j|\u2606alexesmo5\n|j|\u2606CLA76\n|t:|1776360185\n|gametype|doubles\n|player|p1|alexesmo5|266|1292\n|player|p2|CLA76|1|1244\n|gen|9\n|tier|[Gen 9 Champions] VGC 2026 Reg M-A\n|rated|\n|rule|Species Clause: Limit one of each Pok\u00e9mon\n|rule|Item Clause: Limit 1 of each item\n|clearpoke\n|poke|p1|Floette-Eternal, L50, F|\n|poke|p1|Aegislash, L50, M|\n|poke|p1|Talonflame, L50, M|\n|poke|p1|Incineroar, L50, F|\n|poke|p1|Garchomp, L50, M|\n|poke|p1|Rotom-Wash, L50|\n|poke|p2|Floette-Eternal, L50, F|\n|poke|p2|Incineroar, L50, M|\n|poke|p2|Sneasler, L50, M|\n|poke|p2|Aerodactyl, L50, F|\n|poke|p2|Rotom-Wash, L50|\n|poke|p2|Garchomp, L50, M|\n|teampreview|4\n|\n|t:|1776360212\n|teamsize|p1|4\n|teamsize|p2|4\n|start\n|switch|p1a: Rotom|Rotom-Wash, L50|100/100\n|switch|p1b: Incineroar|Incineroar, L50, F|100/100\n|switch|p2a: Rotom|Rotom-Wash, L50|100/100\n|switch|p2b: Incineroar|Incineroar, L50, M|100/100\n|-ability|p2b: Incineroar|Intimidate|boost\n|-unboost|p1a: Rotom|atk|1\n|-unboost|p1b: Incineroar|atk|1\n|-ability|p1b: Incineroar|Intimidate|boost\n|-unboost|p2a: Rotom|atk|1\n|-unboost|p2b: Incineroar|atk|1\n|turn|1\n|\n|t:|1776360228\n|move|p2b: Incineroar|Fake Out|p1b: Incineroar\n|-damage|p1b: Incineroar|94/100\n|cant|p1b: Incineroar|flinch\n|move|p2a: Rotom|Volt Switch|p1b: Incineroar\n|-damage|p1b: Incineroar|74/100\n|\n|t:|1776360237\n|switch|p2a: Sneasler|Sneasler, L50, M|100/100|[from] Volt Switch\n|move|p1a: Rotom|Hydro Pump|p2b: Incineroar\n|-supereffective|p2b: Incineroar|1\n|-damage|p2b: Incineroar|16/100\n|-enditem|p2b: Incineroar|Sitrus Berry|[eat]\n|-heal|p2b: Incineroar|41/100|[from] item: Sitrus Berry\n|\n|-heal|p1b: Incineroar|80/100|[from] item: Leftovers\n|upkeep\n|turn|2\n|\n|t:|1776360251\n|move|p2a: Sneasler|Close Combat|p1b: Incineroar\n|-supereffective|p1b: Incineroar|1\n|-damage|p1b: Incineroar|0 fnt\n|-unboost|p2a: Sneasler|def|1\n|-unboost|p2a: Sneasler|spd|1\n|faint|p1b: Incineroar\n|-enditem|p2a: Sneasler|White Herb\n|-clearnegativeboost|p2a: Sneasler|[silent]\n|move|p1a: Rotom|Will-O-Wisp|p2a: Sneasler\n|-status|p2a: Sneasler|brn\n|move|p2b: Incineroar|Flare Blitz|p1a: Rotom\n|-resisted|p1a: Rotom|1\n|-damage|p1a: Rotom|85/100\n|-damage|p2b: Incineroar|37/100|[from] Recoil\n|\n|-damage|p2a: Sneasler|94/100 brn|[from] brn\n|upkeep\n|\n|t:|1776360270\n|switch|p1b: Floette|Floette-Eternal, L50, F|100/100\n|turn|3\n|\n|t:|1776360287\n|detailschange|p1b: Floette|Floette-Mega, L50, F\n|-mega|p1b: Floette|Floette|Floettite\n|-ability|p1b: Floette|Fairy Aura\n|move|p2a: Sneasler|Dire Claw|p1b: Floette\n|-supereffective|p1b: Floette|1\n|-damage|p1b: Floette|63/100\n|-status|p1b: Floette|par\n|move|p1a: Rotom|Thunderbolt|p2a: Sneasler\n|-damage|p2a: Sneasler|44/100 brn\n|move|p2b: Incineroar|Parting Shot|p1a: Rotom\n|-unboost|p1a: Rotom|atk|1\n|-unboost|p1a: Rotom|spa|1\n|\n|t:|1776360300\n|switch|p2b: Floette|Floette-Eternal, L50, F|100/100|[from] Parting Shot\n|move|p1b: Floette|Dazzling Gleam|p2a: Sneasler|[spread] p2a,p2b\n|-damage|p2a: Sneasler|0 fnt\n|-damage|p2b: Floette|61/100\n|faint|p2a: Sneasler\n|\n|upkeep\n|\n|t:|1776360308\n|switch|p2a: Incineroar|Incineroar, L50, M|37/100\n|-ability|p2a: Incineroar|Intimidate|boost\n|-unboost|p1a: Rotom|atk|1\n|-unboost|p1b: Floette|atk|1\n|turn|4\n|\n|t:|1776360323\n|switch|p1a: Aegislash|Aegislash, L50, M|100/100\n|move|p1b: Floette|Protect|p1b: Floette\n|-singleturn|p1b: Floette|Protect\n|move|p2a: Incineroar|Fake Out|p1a: Aegislash\n|-immune|p1a: Aegislash\n|move|p2b: Floette|Calm Mind|p2b: Floette\n|-boost|p2b: Floette|spa|1\n|-boost|p2b: Floette|spd|1\n|\n|upkeep\n|turn|5\n|\n|t:|1776360342\n|move|p2b: Floette|Protect|p2b: Floette\n|-singleturn|p2b: Floette|Protect\n|move|p2a: Incineroar|Parting Shot|p1a: Aegislash\n|-unboost|p1a: Aegislash|atk|1\n|-unboost|p1a: Aegislash|spa|1\n|\n|t:|1776360348\n|switch|p2a: Rotom|Rotom-Wash, L50|100/100|[from] Parting Shot\n|-formechange|p1a: Aegislash|Aegislash-Blade|\n|move|p1a: Aegislash|Iron Head|p2b: Floette\n|-activate|p2b: Floette|move: Protect\n|move|p1b: Floette|Dazzling Gleam|p2a: Rotom|[spread] p2a\n|-activate|p2b: Floette|move: Protect\n|-crit|p2a: Rotom\n|-damage|p2a: Rotom|28/100\n|\n|upkeep\n|turn|6\n|\n|t:|1776360363\n|switch|p1a: Rotom|Rotom-Wash, L50|85/100\n|detailschange|p2b: Floette|Floette-Mega, L50, F\n|-mega|p2b: Floette|Floette|Floettite\n|-ability|p2b: Floette|Fairy Aura\n|move|p2a: Rotom|Electroweb|p1a: Rotom|[spread] p1a,p1b\n|-damage|p1a: Rotom|69/100\n|-damage|p1b: Floette|51/100 par\n|-unboost|p1a: Rotom|spe|1\n|-unboost|p1b: Floette|spe|1\n|move|p2b: Floette|Dazzling Gleam|p1b: Floette|[spread] p1a,p1b\n|-damage|p1a: Rotom|0 fnt\n|-damage|p1b: Floette|0 fnt\n|faint|p1a: Rotom\n|faint|p1b: Floette\n|\n|upkeep\n|\n|t:|1776360377\n|switch|p1b: Aegislash|Aegislash, L50, M|100/100\n|turn|7\n|\n|t:|1776360386\n|switch|p2a: Incineroar|Incineroar, L50, M|37/100\n|-ability|p2a: Incineroar|Intimidate|boost\n|-unboost|p1b: Aegislash|atk|1\n|move|p2b: Floette|Protect|p2b: Floette\n|-singleturn|p2b: Floette|Protect\n|-formechange|p1b: Aegislash|Aegislash-Blade|\n|move|p1b: Aegislash|Poltergeist||[still]\n|-fail|p1b: Aegislash\n|\n|upkeep\n|turn|8\n|l|\u2606alexesmo5\n|player|p1|\n|inactive|Battle timer is ON: inactive players will automatically lose when time's up. (requested by CLA76)\n|j|\u2606alexesmo5\n|inactive|alexesmo5 reconnected and has 70 seconds left.\n|player|p1|alexesmo5|266|\n|inactive|alexesmo5 has 60 seconds left.\n|\n|t:|1776360476\n|-formechange|p1b: Aegislash|Aegislash|\n|move|p1b: Aegislash|King's Shield|p1b: Aegislash\n|-singleturn|p1b: Aegislash|Protect\n|move|p2b: Floette|Moonblast|p1b: Aegislash\n|-activate|p1b: Aegislash|move: Protect\n|move|p2a: Incineroar|Parting Shot|p1b: Aegislash\n|-unboost|p1b: Aegislash|atk|1\n|-unboost|p1b: Aegislash|spa|1\n|\n|t:|1776360484\n|switch|p2a: Rotom|Rotom-Wash, L50|28/100|[from] Parting Shot\n|\n|upkeep\n|turn|9\n|inactive|alexesmo5 has 30 seconds left.\n|inactive|alexesmo5 has 20 seconds left.\n|\n|t:|1776360524\n|-formechange|p1b: Aegislash|Aegislash-Blade|\n|move|p1b: Aegislash|Shadow Sneak|p2a: Rotom\n|-damage|p2a: Rotom|13/100\n|move|p2a: Rotom|Volt Switch|p1b: Aegislash\n|-damage|p1b: Aegislash|50/100\n|\n|t:|1776360530\n|switch|p2a: Incineroar|Incineroar, L50, M|37/100|[from] Volt Switch\n|-ability|p2a: Incineroar|Intimidate|boost\n|-unboost|p1b: Aegislash|atk|1\n|move|p2b: Floette|Moonblast|p1b: Aegislash\n|-resisted|p1b: Aegislash|1\n|-damage|p1b: Aegislash|0 fnt\n|faint|p1b: Aegislash\n|\n|win|CLA76\n|raw|alexesmo5's rating: 1292 &rarr; <strong>1264</strong><br />(-28 for losing)\n|raw|CLA76's rating: 1244 &rarr; <strong>1272</strong><br />(+28 for winning)\n",
  "uploadtime": 1776360539,
  "views": 23,
  "formatid": "gen9championsvgc2026regma",
  "rating": 1264,
  "private": 0,
  "password": null
}