{
  "id": "gen9championsvgc2026regma-2580292750",
  "format": "[Gen 9 Champions] VGC 2026 Reg M-A",
  "players": [
    "lolgz",
    "lilJesus07"
  ],
  "log": "|j|\u2606lolgz\n|j|\u2606lilJesus07\n|t:|1775876743\n|gametype|doubles\n|player|p1|lolgz|265|1070\n|player|p2|lilJesus07|brawly|1040\n|gen|9\n|tier|[Gen 9 Champions] VGC 2026 Reg M-A\n|rated|\n|rule|Species Clause: Limit one of each Pok\u00e9mon\n|rule|Item Clause: Limit 1 of each item\n|clearpoke\n|poke|p1|Kingambit, L50, M|\n|poke|p1|Incineroar, L50, M|\n|poke|p1|Sneasler, L50, F|\n|poke|p1|Floette-Eternal, L50, F|\n|poke|p1|Delphox, L50, M|\n|poke|p1|Aerodactyl, L50, F|\n|poke|p2|Corviknight, L50, F|\n|poke|p2|Arcanine-Hisui, L50, F|\n|poke|p2|Sableye, L50, M|\n|poke|p2|Drampa, L50, F|\n|poke|p2|Farigiraf, L50, F|\n|poke|p2|Charizard, L50, F|\n|teampreview|4\n|inactive|Battle timer is ON: inactive players will automatically lose when time's up. (requested by lilJesus07)\n|inactive|lolgz has 60 seconds left.\n|inactive|lilJesus07 has 60 seconds left.\n|\n|t:|1775876794\n|teamsize|p1|4\n|teamsize|p2|4\n|start\n|switch|p1a: Incineroar|Incineroar, L50, M|100/100\n|switch|p1b: Floette|Floette-Eternal, L50, F|100/100\n|switch|p2a: Farigiraf|Farigiraf, L50, F|100/100\n|switch|p2b: Corviknight|Corviknight, L50, F, shiny|100/100\n|-ability|p2b: Corviknight|Unnerve\n|turn|1\n|\n|t:|1775876813\n|switch|p2b: Drampa|Drampa, L50, F|100/100\n|detailschange|p1b: Floette|Floette-Mega, L50, F\n|-mega|p1b: Floette|Floette|Floettite\n|-ability|p1b: Floette|Fairy Aura\n|move|p1b: Floette|Moonblast|p2a: Farigiraf\n|-damage|p2a: Farigiraf|33/100\n|move|p1a: Incineroar|Flare Blitz|p2a: Farigiraf\n|-damage|p2a: Farigiraf|0 fnt\n|faint|p2a: Farigiraf\n|-damage|p1a: Incineroar|89/100|[from] Recoil\n|\n|upkeep\n|\n|t:|1775876825\n|switch|p2a: Corviknight|Corviknight, L50, F, shiny|100/100\n|-ability|p2a: Corviknight|Unnerve\n|turn|2\n|\n|t:|1775876849\n|switch|p2b: Arcanine|Arcanine-Hisui, L50, F, shiny|100/100\n|-ability|p2b: Arcanine|Intimidate|boost\n|-unboost|p1a: Incineroar|atk|1\n|-unboost|p1b: Floette|atk|1\n|move|p1b: Floette|Calm Mind|p1b: Floette\n|-boost|p1b: Floette|spa|1\n|-boost|p1b: Floette|spd|1\n|move|p2a: Corviknight|Brave Bird|p1b: Floette\n|-damage|p1b: Floette|46/100\n|-damage|p2a: Corviknight|87/100|[from] Recoil\n|move|p1a: Incineroar|Flare Blitz|p2a: Corviknight\n|-supereffective|p2a: Corviknight|1\n|-damage|p2a: Corviknight|29/100\n|-damage|p1a: Incineroar|69/100|[from] Recoil\n|\n|-heal|p2a: Corviknight|35/100|[from] item: Leftovers\n|upkeep\n|turn|3\n|j| doremy\n|l| doremy\n|inactive|lilJesus07 has 30 seconds left.\n|\n|t:|1775876883\n|move|p1b: Floette|Protect|p1b: Floette\n|-singleturn|p1b: Floette|Protect\n|move|p2b: Arcanine|Rock Slide|p1b: Floette|[spread] p1a\n|-activate|p1b: Floette|move: Protect\n|-supereffective|p1a: Incineroar|1\n|-damage|p1a: Incineroar|23/100\n|move|p2a: Corviknight|Body Press|p1a: Incineroar\n|-supereffective|p1a: Incineroar|1\n|-damage|p1a: Incineroar|0 fnt\n|faint|p1a: Incineroar\n|\n|-heal|p2a: Corviknight|40/100|[from] item: Leftovers\n|upkeep\n|\n|t:|1775876898\n|switch|p1a: Sneasler|Sneasler, L50, F|100/100\n|turn|4\n|\n|t:|1775876909\n|move|p2b: Arcanine|Rock Slide|p1b: Floette|[spread] p1a,p1b\n|-resisted|p1a: Sneasler|1\n|-damage|p1a: Sneasler|77/100\n|-damage|p1b: Floette|8/100\n|move|p1a: Sneasler|Close Combat|p2b: Arcanine\n|-supereffective|p2b: Arcanine|1\n|-crit|p2b: Arcanine\n|-damage|p2b: Arcanine|0 fnt\n|-unboost|p1a: Sneasler|def|1\n|-unboost|p1a: Sneasler|spd|1\n|faint|p2b: Arcanine\n|-enditem|p1a: Sneasler|White Herb\n|-clearnegativeboost|p1a: Sneasler|[silent]\n|move|p1b: Floette|Dazzling Gleam|p2a: Corviknight\n|-resisted|p2a: Corviknight|1\n|-damage|p2a: Corviknight|1/100\n|move|p2a: Corviknight|Brave Bird|p1a: Sneasler\n|-supereffective|p1a: Sneasler|1\n|-damage|p1a: Sneasler|0 fnt\n|faint|p1a: Sneasler\n|-damage|p2a: Corviknight|0 fnt|[from] Recoil\n|faint|p2a: Corviknight\n|\n|upkeep\n|\n|t:|1775876927\n|switch|p1a: Delphox|Delphox, L50, M|100/100\n|switch|p2b: Drampa|Drampa, L50, F|100/100\n|turn|5\n|\n|t:|1775876939\n|detailschange|p2b: Drampa|Drampa-Mega, L50, F\n|-mega|p2b: Drampa|Drampa|Drampanite\n|move|p1a: Delphox|Psychic|p2b: Drampa\n|-crit|p2b: Drampa\n|-damage|p2b: Drampa|49/100\n|-ability|p2b: Drampa|Berserk|boost\n|-boost|p2b: Drampa|spa|1\n|move|p1b: Floette|Dazzling Gleam|p2b: Drampa\n|-supereffective|p2b: Drampa|1\n|-damage|p2b: Drampa|0 fnt\n|faint|p2b: Drampa\n|\n|win|lolgz\n|raw|lolgz's rating: 1070 &rarr; <strong>1097</strong><br />(+27 for winning)\n|raw|lilJesus07's rating: 1040 &rarr; <strong>1025</strong><br />(-15 for losing)\n",
  "uploadtime": 1775876939,
  "views": 15,
  "formatid": "gen9championsvgc2026regma",
  "rating": 1025,
  "private": 0,
  "password": null
}