{
  "id": "gen9championsvgc2026regma-2583377863",
  "format": "[Gen 9 Champions] VGC 2026 Reg M-A",
  "players": [
    "rocci",
    "Deathku"
  ],
  "log": "|j|\u2606rocci\n|j|\u2606Deathku\n|t:|1776171416\n|gametype|doubles\n|player|p1|rocci|beauty-gen4dp|1040\n|player|p2|Deathku|266|1072\n|gen|9\n|tier|[Gen 9 Champions] VGC 2026 Reg M-A\n|rated|\n|rule|Species Clause: Limit one of each Pok\u00e9mon\n|rule|Item Clause: Limit 1 of each item\n|clearpoke\n|poke|p1|Sylveon, L50, M|\n|poke|p1|Slowbro, L50, F|\n|poke|p1|Tyranitar, L50, M|\n|poke|p1|Farigiraf, L50, F|\n|poke|p1|Clefable, L50, M|\n|poke|p1|Conkeldurr, L50, M|\n|poke|p2|Torterra, L50, M|\n|poke|p2|Farigiraf, L50, M|\n|poke|p2|Charizard, L50, F|\n|poke|p2|Milotic, L50, M|\n|poke|p2|Sneasler, L50, M|\n|poke|p2|Incineroar, L50, F|\n|teampreview|4\n|inactive|Battle timer is ON: inactive players will automatically lose when time's up. (requested by Deathku)\n|inactive|rocci has 60 seconds left.\n|inactive|rocci has 30 seconds left.\n|inactive|rocci has 20 seconds left.\n|inactive|rocci has 15 seconds left.\n|\n|t:|1776171496\n|teamsize|p1|4\n|teamsize|p2|4\n|start\n|switch|p1a: Farigiraf|Farigiraf, L50, F|100/100\n|switch|p1b: Tyranitar|Tyranitar, L50, M|100/100\n|switch|p2a: Torterra|Torterra, L50, M|100/100\n|switch|p2b: Sneasler|Sneasler, L50, M|100/100\n|-weather|Sandstorm|[from] ability: Sand Stream|[of] p1b: Tyranitar\n|turn|1\n|inactive|Deathku has 30 seconds left.\n|\n|t:|1776171523\n|move|p1b: Tyranitar|Protect|p1b: Tyranitar\n|-singleturn|p1b: Tyranitar|Protect\n|move|p2b: Sneasler|Fake Out||[still]\n|cant|p1a: Farigiraf|ability: Armor Tail|Fake Out|[of] p2b: Sneasler\n|move|p2a: Torterra|Wood Hammer|p1b: Tyranitar\n|-activate|p1b: Tyranitar|move: Protect\n|move|p1a: Farigiraf|Trick Room|p1a: Farigiraf\n|-fieldstart|move: Trick Room|[of] p1a: Farigiraf\n|\n|-weather|Sandstorm|[upkeep]\n|-damage|p1a: Farigiraf|94/100|[from] Sandstorm\n|-damage|p2b: Sneasler|95/100|[from] Sandstorm\n|upkeep\n|turn|2\n|\n|t:|1776171544\n|move|p2b: Sneasler|Protect|p2b: Sneasler\n|-singleturn|p2b: Sneasler|Protect\n|move|p1b: Tyranitar|Rock Slide|p2b: Sneasler|[spread] p2a\n|-activate|p2b: Sneasler|move: Protect\n|-resisted|p2a: Torterra|1\n|-damage|p2a: Torterra|85/100\n|move|p1a: Farigiraf|Psychic|p2b: Sneasler\n|-activate|p2b: Sneasler|move: Protect\n|move|p2a: Torterra|Wood Hammer|p1b: Tyranitar\n|-supereffective|p1b: Tyranitar|1\n|-damage|p1b: Tyranitar|0 fnt\n|faint|p1b: Tyranitar\n|-damage|p2a: Torterra|45/100|[from] Recoil\n|\n|-weather|Sandstorm|[upkeep]\n|-damage|p1a: Farigiraf|88/100|[from] Sandstorm\n|-damage|p2b: Sneasler|89/100|[from] Sandstorm\n|upkeep\n|\n|t:|1776171549\n|switch|p1b: Sylveon|Sylveon, L50, M|100/100\n|turn|3\n|\n|t:|1776171564\n|move|p1b: Sylveon|Hyper Voice|p2b: Sneasler|[spread] p2a,p2b\n|-damage|p2a: Torterra|0 fnt\n|-damage|p2b: Sneasler|25/100\n|faint|p2a: Torterra\n|move|p1a: Farigiraf|Psychic|p2b: Sneasler\n|-supereffective|p2b: Sneasler|2\n|-damage|p2b: Sneasler|0 fnt\n|faint|p2b: Sneasler\n|\n|-weather|Sandstorm|[upkeep]\n|-damage|p1b: Sylveon|95/100|[from] Sandstorm\n|-damage|p1a: Farigiraf|82/100|[from] Sandstorm\n|upkeep\n|\n|t:|1776171570\n|switch|p2a: Incineroar|Incineroar, L50, F|100/100\n|switch|p2b: Charizard|Charizard, L50, F|100/100\n|-ability|p2a: Incineroar|Intimidate|boost\n|-unboost|p1a: Farigiraf|atk|1\n|-unboost|p1b: Sylveon|atk|1\n|turn|4\n|\n|t:|1776171593\n|detailschange|p2b: Charizard|Charizard-Mega-Y, L50, F\n|-mega|p2b: Charizard|Charizard|Charizardite Y\n|-weather|SunnyDay|[from] ability: Drought|[of] p2b: Charizard\n|move|p1a: Farigiraf|Helping Hand|p1b: Sylveon\n|-singleturn|p1b: Sylveon|Helping Hand|[of] p1a: Farigiraf\n|move|p2b: Charizard|Protect|p2b: Charizard\n|-singleturn|p2b: Charizard|Protect\n|move|p1b: Sylveon|Hyper Voice|p2a: Incineroar|[spread] p2a\n|-activate|p2b: Charizard|move: Protect\n|-damage|p2a: Incineroar|48/100\n|-enditem|p2a: Incineroar|Sitrus Berry|[eat]\n|-heal|p2a: Incineroar|73/100|[from] item: Sitrus Berry\n|move|p2a: Incineroar|Flare Blitz|p1b: Sylveon\n|-damage|p1b: Sylveon|1/100\n|-damage|p2a: Incineroar|42/100|[from] Recoil\n|\n|-weather|SunnyDay|[upkeep]\n|upkeep\n|turn|5\n|inactive|Deathku has 30 seconds left.\n|\n|t:|1776171622\n|move|p1a: Farigiraf|Helping Hand|p1b: Sylveon\n|-singleturn|p1b: Sylveon|Helping Hand|[of] p1a: Farigiraf\n|move|p1b: Sylveon|Hyper Voice|p2b: Charizard|[spread] p2a,p2b\n|-resisted|p2b: Charizard|1\n|-damage|p2a: Incineroar|0 fnt\n|-damage|p2b: Charizard|63/100\n|faint|p2a: Incineroar\n|move|p2b: Charizard|Heat Wave|p1b: Sylveon|[spread] p1a,p1b\n|-damage|p1a: Farigiraf|20/100\n|-damage|p1b: Sylveon|0 fnt\n|-enditem|p1a: Farigiraf|Sitrus Berry|[eat]\n|-heal|p1a: Farigiraf|45/100|[from] item: Sitrus Berry\n|faint|p1b: Sylveon\n|\n|-weather|SunnyDay|[upkeep]\n|-fieldend|move: Trick Room\n|upkeep\n|\n|t:|1776171629\n|switch|p1b: Conkeldurr|Conkeldurr, L50, M|100/100\n|turn|6\n|\n|t:|1776171641\n|move|p1b: Conkeldurr|Wide Guard|p1b: Conkeldurr\n|-singleturn|p1b: Conkeldurr|Wide Guard\n|move|p2b: Charizard|Heat Wave|p1a: Farigiraf|[spread] \n|-activate|p1a: Farigiraf|move: Wide Guard\n|-activate|p1b: Conkeldurr|move: Wide Guard\n|move|p1a: Farigiraf|Trick Room|p1a: Farigiraf\n|-fieldstart|move: Trick Room|[of] p1a: Farigiraf\n|\n|-weather|SunnyDay|[upkeep]\n|upkeep\n|turn|7\n|\n|t:|1776171648\n|move|p1b: Conkeldurr|Rock Slide|p2b: Charizard\n|-supereffective|p2b: Charizard|2\n|-damage|p2b: Charizard|0 fnt\n|faint|p2b: Charizard\n|\n|win|rocci\n|raw|rocci's rating: 1040 &rarr; <strong>1077</strong><br />(+37 for winning)\n|raw|Deathku's rating: 1072 &rarr; <strong>1049</strong><br />(-23 for losing)\n",
  "uploadtime": 1776171651,
  "views": 30,
  "formatid": "gen9championsvgc2026regma",
  "rating": 1049,
  "private": 0,
  "password": null
}