{
  "id": "gen9championsvgc2026regma-2582832060",
  "format": "[Gen 9 Champions] VGC 2026 Reg M-A",
  "players": [
    "Gin06134",
    "JeanPierre693"
  ],
  "log": "|j|\u203dGin06134\n|j|\u2606JeanPierre693\n|t:|1776117516\n|gametype|doubles\n|player|p1|Gin06134|red|1049\n|player|p2|JeanPierre693|elio|1106\n|gen|9\n|tier|[Gen 9 Champions] VGC 2026 Reg M-A\n|rated|\n|rule|Species Clause: Limit one of each Pok\u00e9mon\n|rule|Item Clause: Limit 1 of each item\n|clearpoke\n|poke|p1|Gengar, L50, M|\n|poke|p1|Whimsicott, L50, M|\n|poke|p1|Rotom-Heat, L50|\n|poke|p1|Politoed, L50, M|\n|poke|p1|Archaludon, L50, M|\n|poke|p1|Sneasler, L50, F|\n|poke|p2|Froslass, L50, F|\n|poke|p2|Glaceon, L50, F|\n|poke|p2|Mamoswine, L50, M|\n|poke|p2|Milotic, L50, F|\n|poke|p2|Hatterene, L50, F|\n|poke|p2|Aurorus, L50, F|\n|teampreview|4\n|inactive|Battle timer is ON: inactive players will automatically lose when time's up. (requested by Gin06134)\n|inactive|Gin06134 has 60 seconds left.\n|inactive|JeanPierre693 has 60 seconds left.\n|\n|t:|1776117558\n|teamsize|p1|4\n|teamsize|p2|4\n|start\n|switch|p1a: Archaludon|Archaludon, L50, M|100/100\n|switch|p1b: Gengar|Gengar, L50, M, shiny|100/100\n|switch|p2a: Froslass|Froslass, L50, F|100/100\n|switch|p2b: Mamoswine|Mamoswine, L50, M|100/100\n|turn|1\n|\n|t:|1776117577\n|detailschange|p2a: Froslass|Froslass-Mega, L50, F\n|-mega|p2a: Froslass|Froslass|Froslassite\n|-weather|Snowscape|[from] ability: Snow Warning|[of] p2a: Froslass\n|detailschange|p1b: Gengar|Gengar-Mega, L50, M, shiny\n|-mega|p1b: Gengar|Gengar|Gengarite\n|move|p1b: Gengar|Protect|p1b: Gengar\n|-singleturn|p1b: Gengar|Protect\n|move|p1a: Archaludon|Protect|p1a: Archaludon\n|-singleturn|p1a: Archaludon|Protect\n|move|p2a: Froslass|Aurora Veil|p2a: Froslass\n|-sidestart|p2: JeanPierre693|move: Aurora Veil\n|move|p2b: Mamoswine|High Horsepower|p1a: Archaludon\n|-activate|p1a: Archaludon|move: Protect\n|\n|-weather|Snowscape|[upkeep]\n|upkeep\n|turn|2\n|inactive|Gin06134 has 30 seconds left.\n|\n|t:|1776117605\n|switch|p1a: Politoed|Politoed, L50, M|100/100\n|-weather|RainDance|[from] ability: Drizzle|[of] p1a: Politoed\n|move|p1b: Gengar|Disable|p2b: Mamoswine\n|-start|p2b: Mamoswine|Disable|High Horsepower\n|move|p2a: Froslass|Blizzard|p1b: Gengar|[spread] p1a\n|-miss|p2a: Froslass|p1b: Gengar\n|-resisted|p1a: Politoed|1\n|-damage|p1a: Politoed|82/100\n|cant|p2b: Mamoswine|Disable|High Horsepower\n|\n|-weather|RainDance|[upkeep]\n|upkeep\n|turn|3\n|\n|t:|1776117628\n|move|p1b: Gengar|Protect|p1b: Gengar\n|-singleturn|p1b: Gengar|Protect\n|move|p2b: Mamoswine|Ice Shard|p1b: Gengar\n|-activate|p1b: Gengar|move: Protect\n|move|p2a: Froslass|Shadow Ball|p1b: Gengar\n|-activate|p1b: Gengar|move: Protect\n|move|p1a: Politoed|Perish Song|p1a: Politoed\n|-start|p1a: Politoed|perish3|[silent]\n|-start|p1b: Gengar|perish3|[silent]\n|-start|p2a: Froslass|perish3|[silent]\n|-start|p2b: Mamoswine|perish3|[silent]\n|-fieldactivate|move: Perish Song\n|\n|-weather|RainDance|[upkeep]\n|-start|p1b: Gengar|perish3\n|-start|p2a: Froslass|perish3\n|-start|p2b: Mamoswine|perish3\n|-start|p1a: Politoed|perish3\n|upkeep\n|turn|4\n|inactive|Gin06134 has 30 seconds left.\n|\n|t:|1776117660\n|switch|p1a: Archaludon|Archaludon, L50, M|100/100\n|move|p2b: Mamoswine|Ice Shard|p1b: Gengar\n|-damage|p1b: Gengar|69/100\n|move|p1b: Gengar|Disable|p2a: Froslass\n|-start|p2a: Froslass|Disable|Shadow Ball\n|cant|p2a: Froslass|Disable|Shadow Ball\n|\n|-weather|RainDance|[upkeep]\n|-start|p1b: Gengar|perish2\n|-start|p2a: Froslass|perish2\n|-start|p2b: Mamoswine|perish2\n|upkeep\n|turn|5\n|inactive|JeanPierre693 has 30 seconds left.\n|\n|t:|1776117692\n|move|p1b: Gengar|Protect|p1b: Gengar\n|-singleturn|p1b: Gengar|Protect\n|move|p2a: Froslass|Blizzard|p1b: Gengar|[spread] p1a\n|-activate|p1b: Gengar|move: Protect\n|-damage|p1a: Archaludon|41/100\n|-ability|p1a: Archaludon|Stamina|boost\n|-boost|p1a: Archaludon|def|1\n|move|p1a: Archaludon|Electro Shot||[still]\n|-prepare|p1a: Archaludon|Electro Shot\n|-boost|p1a: Archaludon|spa|1\n|-anim|p1a: Archaludon|Electro Shot|p2a: Froslass\n|-damage|p2a: Froslass|41/100\n|move|p2b: Mamoswine|Avalanche|p1a: Archaludon\n|-damage|p1a: Archaludon|24/100\n|-ability|p1a: Archaludon|Stamina|boost\n|-boost|p1a: Archaludon|def|1\n|\n|-weather|RainDance|[upkeep]\n|-heal|p1a: Archaludon|30/100|[from] item: Leftovers\n|-end|p2b: Mamoswine|Disable\n|-start|p1b: Gengar|perish1\n|-start|p2a: Froslass|perish1\n|-start|p2b: Mamoswine|perish1\n|-sideend|p2: JeanPierre693|move: Aurora Veil\n|upkeep\n|turn|6\n|inactive|Gin06134 has 30 seconds left.\n|inactive|JeanPierre693 has 30 seconds left.\n|\n|t:|1776117725\n|switch|p1b: Politoed|Politoed, L50, M|82/100\n|move|p1a: Archaludon|Protect|p1a: Archaludon\n|-singleturn|p1a: Archaludon|Protect\n|move|p2a: Froslass|Blizzard|p1b: Politoed|[spread] \n|-activate|p1a: Archaludon|move: Protect\n|-miss|p2a: Froslass|p1b: Politoed\n|move|p2b: Mamoswine|High Horsepower|p1b: Politoed\n|-crit|p1b: Politoed\n|-damage|p1b: Politoed|0 fnt\n|faint|p1b: Politoed\n|\n|-weather|none\n|-heal|p1a: Archaludon|36/100|[from] item: Leftovers\n|-start|p2a: Froslass|perish0\n|-start|p2b: Mamoswine|perish0\n|faint|p2a: Froslass\n|faint|p2b: Mamoswine\n|upkeep\n|\n|t:|1776117747\n|switch|p2a: Milotic|Milotic, L50, F|100/100\n|switch|p2b: Glaceon|Glaceon, L50, F, shiny|100/100\n|switch|p1b: Whimsicott|Whimsicott, L50, M|100/100\n|turn|7\n|inactive|Gin06134 has 30 seconds left.\n|\n|t:|1776117775\n|move|p1b: Whimsicott|Fake Tears|p2b: Glaceon\n|-unboost|p2b: Glaceon|spd|2\n|move|p1a: Archaludon|Aura Sphere|p2b: Glaceon\n|-supereffective|p2b: Glaceon|1\n|-damage|p2b: Glaceon|0 fnt\n|faint|p2b: Glaceon\n|move|p2a: Milotic|Ice Beam|p1a: Archaludon\n|-damage|p1a: Archaludon|7/100\n|-ability|p1a: Archaludon|Stamina|boost\n|-boost|p1a: Archaludon|def|1\n|\n|-heal|p1a: Archaludon|13/100|[from] item: Leftovers\n|upkeep\n|turn|8\n|\n|t:|1776117795\n|move|p1b: Whimsicott|Fake Tears|p2a: Milotic\n|-unboost|p2a: Milotic|spd|2\n|-ability|p2a: Milotic|Competitive|boost\n|-boost|p2a: Milotic|spa|2\n|move|p1a: Archaludon|Draco Meteor|p2a: Milotic\n|-damage|p2a: Milotic|0 fnt\n|-unboost|p1a: Archaludon|spa|2\n|faint|p2a: Milotic\n|\n|win|Gin06134\n|raw|Gin06134's rating: 1029 &rarr; <strong>1072</strong><br />(+43 for winning)\n|raw|JeanPierre693's rating: 1106 &rarr; <strong>1076</strong><br />(-30 for losing)\n|l|\u203dGin06134\n|player|p1|\n",
  "uploadtime": 1776117804,
  "views": 30,
  "formatid": "gen9championsvgc2026regma",
  "rating": 1072,
  "private": 0,
  "password": null
}