{
  "id": "gen9championsvgc2026regma-2584493626",
  "format": "[Gen 9 Champions] VGC 2026 Reg M-A",
  "players": [
    "Shadowflamepkm",
    "Jubilife03"
  ],
  "log": "|j|\u2606Shadowflamepkm\n|j|\u2606Jubilife03\n|t:|1776264526\n|gametype|doubles\n|player|p1|Shadowflamepkm|red|1194\n|player|p2|Jubilife03|lucas|1290\n|gen|9\n|tier|[Gen 9 Champions] VGC 2026 Reg M-A\n|rated|\n|rule|Species Clause: Limit one of each Pok\u00e9mon\n|rule|Item Clause: Limit 1 of each item\n|clearpoke\n|poke|p1|Charizard, L50, F|\n|poke|p1|Venusaur, L50, M|\n|poke|p1|Sneasler, L50, F|\n|poke|p1|Incineroar, L50, F|\n|poke|p1|Farigiraf, L50, M|\n|poke|p1|Torkoal, L50, M|\n|poke|p2|Gardevoir, L50, M|\n|poke|p2|Maushold, L50|\n|poke|p2|Rotom-Wash, L50|\n|poke|p2|Basculegion, L50, M|\n|poke|p2|Whimsicott, L50, M|\n|poke|p2|Tauros-Paldea-Blaze, L50, M|\n|teampreview|4\n|c|\u2606Shadowflamepkm|Glhf\n|inactive|Battle timer is ON: inactive players will automatically lose when time's up. (requested by Shadowflamepkm)\nShadowflamepkm rejected open team sheets.\n|c|\u2606Jubilife03|u2\n|\n|t:|1776264567\n|teamsize|p1|4\n|teamsize|p2|4\n|start\n|switch|p1a: Farigiraf|Farigiraf, L50, M|100/100\n|switch|p1b: Sneasler|Sneasler, L50, F|100/100\n|switch|p2a: Gardevoir|Gardevoir, L50, M|100/100\n|switch|p2b: Rotom|Rotom-Wash, L50|100/100\n|turn|1\n|\n|t:|1776264592\n|move|p2a: Gardevoir|Protect|p2a: Gardevoir\n|-singleturn|p2a: Gardevoir|Protect\n|move|p1b: Sneasler|Fake Out|p2b: Rotom\n|-damage|p2b: Rotom|85/100\n|cant|p2b: Rotom|flinch\n|move|p1a: Farigiraf|Trick Room|p1a: Farigiraf\n|-fieldstart|move: Trick Room|[of] p1a: Farigiraf\n|\n|-heal|p2b: Rotom|91/100|[from] item: Leftovers\n|upkeep\n|turn|2\n|\n|t:|1776264608\n|detailschange|p2a: Gardevoir|Gardevoir-Mega, L50, M\n|-mega|p2a: Gardevoir|Gardevoir|Gardevoirite\n|move|p1a: Farigiraf|Psychic|p2b: Rotom\n|-damage|p2b: Rotom|51/100\n|move|p2a: Gardevoir|Psyshock|p1b: Sneasler\n|-supereffective|p1b: Sneasler|2\n|-enditem|p1b: Sneasler|Focus Sash\n|-damage|p1b: Sneasler|1/100\n|move|p2b: Rotom|Hydro Pump|p1b: Sneasler|[miss]\n|-miss|p2b: Rotom|p1b: Sneasler\n|move|p1b: Sneasler|Dire Claw|p2a: Gardevoir\n|-supereffective|p2a: Gardevoir|1\n|-damage|p2a: Gardevoir|20/100\n|\n|-heal|p2b: Rotom|57/100|[from] item: Leftovers\n|upkeep\n|turn|3\n|inactive|Jubilife03 has 30 seconds left.\n|\n|t:|1776264639\n|move|p1a: Farigiraf|Hyper Voice|p2a: Gardevoir|[spread] p2a,p2b\n|-damage|p2a: Gardevoir|2/100\n|-damage|p2b: Rotom|28/100\n|move|p2a: Gardevoir|Hyper Voice|p1a: Farigiraf|[spread] p1a,p1b\n|-crit|p1a: Farigiraf\n|-damage|p1a: Farigiraf|45/100\n|-damage|p1b: Sneasler|0 fnt\n|faint|p1b: Sneasler\n|move|p2b: Rotom|Electroweb|p1a: Farigiraf\n|-damage|p1a: Farigiraf|30/100\n|-unboost|p1a: Farigiraf|spe|1\n|\n|-heal|p2b: Rotom|34/100|[from] item: Leftovers\n|upkeep\n|\n|t:|1776264645\n|switch|p1b: Torkoal|Torkoal, L50, M|100/100\n|-weather|SunnyDay|[from] ability: Drought|[of] p1b: Torkoal\n|turn|4\n|\n|t:|1776264656\n|move|p2a: Gardevoir|Protect|p2a: Gardevoir\n|-singleturn|p2a: Gardevoir|Protect\n|move|p1b: Torkoal|Eruption|p2a: Gardevoir|[spread] p2b\n|-activate|p2a: Gardevoir|move: Protect\n|-resisted|p2b: Rotom|1\n|-damage|p2b: Rotom|0 fnt\n|faint|p2b: Rotom\n|move|p1a: Farigiraf|Hyper Voice|p2a: Gardevoir\n|-activate|p2a: Gardevoir|move: Protect\n|\n|-weather|SunnyDay|[upkeep]\n|upkeep\n|\n|t:|1776264666\n|switch|p2b: Basculegion|Basculegion, L50, M|100/100\n|turn|5\n|\n|t:|1776264673\n|switch|p2a: Tauros|Tauros-Paldea-Blaze, L50, M|100/100\n|-ability|p2a: Tauros|Intimidate|boost\n|-unboost|p1a: Farigiraf|atk|1\n|-unboost|p1b: Torkoal|atk|1\n|move|p1b: Torkoal|Eruption|p2b: Basculegion|[spread] p2a,p2b\n|-resisted|p2a: Tauros|1\n|-resisted|p2b: Basculegion|1\n|-damage|p2a: Tauros|38/100\n|-damage|p2b: Basculegion|49/100\n|move|p1a: Farigiraf|Psychic|p2b: Basculegion\n|-damage|p2b: Basculegion|10/100\n|move|p2b: Basculegion|Wave Crash|p1b: Torkoal\n|-supereffective|p1b: Torkoal|1\n|-damage|p1b: Torkoal|49/100\n|-damage|p2b: Basculegion|0 fnt|[from] Recoil\n|faint|p2b: Basculegion\n|\n|-weather|SunnyDay|[upkeep]\n|-fieldend|move: Trick Room\n|upkeep\n|\n|t:|1776264686\n|switch|p2b: Gardevoir|Gardevoir-Mega, L50, M|2/100\n|turn|6\n|l|\u2606Shadowflamepkm\n|inactive|Shadowflamepkm disconnected and has a minute to reconnect!\n|player|p1|\n|j|\u2606Shadowflamepkm\n|inactive|Shadowflamepkm reconnected and has 45 seconds left.\n|player|p1|Shadowflamepkm|red|\n|inactive|Shadowflamepkm has 30 seconds left.\n|\n|t:|1776264711\n|move|p2a: Tauros|Close Combat|p1b: Torkoal\n|-damage|p1b: Torkoal|0 fnt\n|-unboost|p2a: Tauros|def|1\n|-unboost|p2a: Tauros|spd|1\n|faint|p1b: Torkoal\n|move|p2b: Gardevoir|Hyper Voice|p1a: Farigiraf\n|-damage|p1a: Farigiraf|0 fnt\n|faint|p1a: Farigiraf\n|\n|-weather|SunnyDay|[upkeep]\n|upkeep\n|\n|t:|1776264715\n|switch|p1b: Charizard|Charizard, L50, F|100/100\n|turn|7\n|\n|t:|1776264731\n|detailschange|p1b: Charizard|Charizard-Mega-Y, L50, F\n|-mega|p1b: Charizard|Charizard|Charizardite Y\n|move|p2a: Tauros|Rock Slide|p1b: Charizard\n|-supereffective|p1b: Charizard|2\n|-damage|p1b: Charizard|0 fnt\n|faint|p1b: Charizard\n|\n|win|Jubilife03\n|raw|Shadowflamepkm's rating: 1194 &rarr; <strong>1176</strong><br />(-18 for losing)\n|raw|Jubilife03's rating: 1290 &rarr; <strong>1308</strong><br />(+18 for winning)\n|l|\u2606Jubilife03\n|player|p2|\n",
  "uploadtime": 1776264773,
  "views": 24,
  "formatid": "gen9championsvgc2026regma",
  "rating": 1176,
  "private": 0,
  "password": null
}