{
  "id": "gen9championsvgc2026regma-2587633128",
  "format": "[Gen 9 Champions] VGC 2026 Reg M-A",
  "players": [
    "Alexander 365",
    "yuriimon"
  ],
  "log": "|j|\u2606Alexander 365\n|j|\u2606yuriimon\n|t:|1776548803\n|gametype|doubles\n|player|p1|Alexander 365|hilbert|1341\n|player|p2|yuriimon|waitress-gen4|1309\n|gen|9\n|tier|[Gen 9 Champions] VGC 2026 Reg M-A\n|rated|\n|rule|Species Clause: Limit one of each Pok\u00e9mon\n|rule|Item Clause: Limit 1 of each item\n|clearpoke\n|poke|p1|Greninja, L50, M|\n|poke|p1|Dragapult, L50, M|\n|poke|p1|Sneasler, L50, M|\n|poke|p1|Tsareena, L50, F|\n|poke|p1|Tyranitar, L50, M|\n|poke|p1|Excadrill, L50, M|\n|poke|p2|Glimmora, L50, F|\n|poke|p2|Incineroar, L50, M|\n|poke|p2|Politoed, L50, M|\n|poke|p2|Basculegion, L50, M|\n|poke|p2|Chesnaught, L50, F|\n|poke|p2|Dragapult, L50, F|\n|teampreview|4\n|inactive|Battle timer is ON: inactive players will automatically lose when time's up. (requested by yuriimon)\n|inactive|Alexander 365 also wants the timer to be on.\n|inactive|Alexander 365 has 60 seconds left.\n|inactive|yuriimon has 60 seconds left.\n|inactive|Alexander 365 has 30 seconds left.\n|inactive|Alexander 365 has 20 seconds left.\n|inactive|Alexander 365 has 15 seconds left.\n|inactive|Alexander 365 has 10 seconds left.\n|inactive|Alexander 365 has 5 seconds left.\n|\n|t:|1776548892\n|teamsize|p1|4\n|teamsize|p2|4\n|start\n|switch|p1a: Greninja|Greninja, L50, M|100/100\n|switch|p1b: Sneasler|Sneasler, L50, M|100/100\n|switch|p2a: Chesnaught|Chesnaught, L50, F|100/100\n|switch|p2b: Basculegion|Basculegion, L50, M|100/100\n|turn|1\n|inactive|yuriimon has 30 seconds left.\n|inactive|Alexander 365 has 30 seconds left.\n|\n|t:|1776548928\n|switch|p2a: Politoed|Politoed, L50, M|100/100\n|-weather|RainDance|[from] ability: Drizzle|[of] p2a: Politoed\n|detailschange|p1a: Greninja|Greninja-Mega, L50, M\n|-mega|p1a: Greninja|Greninja|Greninjite\n|move|p2b: Basculegion|Psychic Fangs|p1b: Sneasler\n|-supereffective|p1b: Sneasler|2\n|-damage|p1b: Sneasler|0 fnt\n|faint|p1b: Sneasler\n|move|p1a: Greninja|Ice Beam|p2a: Politoed\n|-start|p1a: Greninja|typechange|Ice|[from] ability: Protean\n|-resisted|p2a: Politoed|1\n|-damage|p2a: Politoed|78/100\n|\n|-weather|RainDance|[upkeep]\n|upkeep\n|\n|t:|1776548938\n|switch|p1b: Tsareena|Tsareena, L50, F|100/100\n|turn|2\n|inactive|yuriimon has 30 seconds left.\n|\n|t:|1776548965\n|move|p2a: Politoed|Helping Hand|p2b: Basculegion\n|-singleturn|p2b: Basculegion|Helping Hand|[of] p2a: Politoed\n|move|p1a: Greninja|Protect|p1a: Greninja\n|-singleturn|p1a: Greninja|Protect\n|move|p2b: Basculegion|Wave Crash|p1a: Greninja\n|-activate|p1a: Greninja|move: Protect\n|move|p1b: Tsareena|Power Whip|p2a: Politoed\n|-supereffective|p2a: Politoed|1\n|-damage|p2a: Politoed|0 fnt\n|faint|p2a: Politoed\n|\n|-weather|RainDance|[upkeep]\n|upkeep\n|\n|t:|1776548977\n|switch|p2a: Chesnaught|Chesnaught, L50, F|100/100\n|turn|3\n|\n|t:|1776548989\n|switch|p1a: Dragapult|Dragapult, L50, M|100/100\n|detailschange|p2a: Chesnaught|Chesnaught-Mega, L50, F\n|-mega|p2a: Chesnaught|Chesnaught|Chesnaughtite\n|move|p2b: Basculegion|Wave Crash|p1a: Dragapult\n|-resisted|p1a: Dragapult|1\n|-damage|p1a: Dragapult|33/100\n|-damage|p2b: Basculegion|78/100|[from] Recoil\n|move|p1b: Tsareena|Power Whip|p2b: Basculegion\n|-supereffective|p2b: Basculegion|1\n|-damage|p2b: Basculegion|0 fnt\n|faint|p2b: Basculegion\n|move|p2a: Chesnaught|Iron Defense|p2a: Chesnaught\n|-boost|p2a: Chesnaught|def|2\n|\n|-weather|RainDance|[upkeep]\n|upkeep\n|\n|t:|1776548999\n|switch|p2b: Incineroar|Incineroar, L50, M|100/100\n|-ability|p2b: Incineroar|Intimidate|boost\n|-unboost|p1a: Dragapult|atk|1\n|-unboost|p1b: Tsareena|atk|1\n|turn|4\n|inactive|Alexander 365 has 30 seconds left.\n|-activate|p1b: Tsareena|item: Quick Claw\n|\n|t:|1776549025\n|move|p1b: Tsareena|Protect|p1b: Tsareena\n|-singleturn|p1b: Tsareena|Protect\n|move|p1a: Dragapult|Dragon Pulse|p2b: Incineroar\n|-damage|p2b: Incineroar|65/100\n|move|p2b: Incineroar|Darkest Lariat|p1a: Dragapult\n|-supereffective|p1a: Dragapult|1\n|-damage|p1a: Dragapult|0 fnt\n|faint|p1a: Dragapult\n|move|p2a: Chesnaught|Body Press|p1b: Tsareena\n|-activate|p1b: Tsareena|move: Protect\n|\n|-weather|RainDance|[upkeep]\n|upkeep\n|\n|t:|1776549038\n|switch|p1a: Greninja|Greninja-Mega, L50, M|100/100\n|turn|5\n|inactive|Alexander 365 has 30 seconds left.\n|inactive|Alexander 365 has 20 seconds left.\n|-activate|p1b: Tsareena|item: Quick Claw\n|\n|t:|1776549074\n|move|p1b: Tsareena|Low Kick|p2b: Incineroar\n|-supereffective|p2b: Incineroar|1\n|-damage|p2b: Incineroar|34/100\n|-enditem|p2b: Incineroar|Sitrus Berry|[eat]\n|-heal|p2b: Incineroar|59/100|[from] item: Sitrus Berry\n|move|p1a: Greninja|Ice Beam|p2a: Chesnaught\n|-start|p1a: Greninja|typechange|Ice|[from] ability: Protean\n|-supereffective|p2a: Chesnaught|1\n|-damage|p2a: Chesnaught|12/100\n|move|p2b: Incineroar|Flare Blitz|p1b: Tsareena\n|-supereffective|p1b: Tsareena|1\n|-damage|p1b: Tsareena|46/100\n|-damage|p2b: Incineroar|44/100|[from] Recoil\n|move|p2a: Chesnaught|Body Press|p1a: Greninja\n|-supereffective|p1a: Greninja|1\n|-damage|p1a: Greninja|0 fnt\n|faint|p1a: Greninja\n|\n|-weather|none\n|upkeep\n|turn|6\n|inactive|yuriimon has 30 seconds left.\n|\n|t:|1776549101\n|move|p1b: Tsareena|Triple Axel|p2a: Chesnaught\n|-supereffective|p2a: Chesnaught|1\n|-damage|p2a: Chesnaught|8/100\n|-supereffective|p2a: Chesnaught|1\n|-damage|p2a: Chesnaught|2/100\n|-supereffective|p2a: Chesnaught|1\n|-damage|p2a: Chesnaught|0 fnt\n|faint|p2a: Chesnaught\n|-hitcount|p2: Chesnaught|3\n|move|p2b: Incineroar|Flare Blitz|p1b: Tsareena\n|-supereffective|p1b: Tsareena|1\n|-damage|p1b: Tsareena|0 fnt\n|faint|p1b: Tsareena\n|-damage|p2b: Incineroar|32/100|[from] Recoil\n|\n|win|yuriimon\n|raw|Alexander 365's rating: 1341 &rarr; <strong>1319</strong><br />(-22 for losing)\n|raw|yuriimon's rating: 1309 &rarr; <strong>1331</strong><br />(+22 for winning)\n|l|\u2606Alexander 365\n|player|p1|\n|c|\u2606yuriimon|gg\n",
  "uploadtime": 1776549115,
  "views": 17,
  "formatid": "gen9championsvgc2026regma",
  "rating": 1319,
  "private": 0,
  "password": null
}