{
  "id": "gen9championsvgc2026regma-2582719355",
  "format": "[Gen 9 Champions] VGC 2026 Reg M-A",
  "players": [
    "DrAlphaStone",
    "TurnAGaming"
  ],
  "log": "|j|\u2606DrAlphaStone\n|j|\u2606TurnAGaming\n|t:|1776109425\n|gametype|doubles\n|player|p1|DrAlphaStone|karen|1438\n|player|p2|TurnAGaming|lucas|1334\n|gen|9\n|tier|[Gen 9 Champions] VGC 2026 Reg M-A\n|rated|\n|rule|Species Clause: Limit one of each Pok\u00e9mon\n|rule|Item Clause: Limit 1 of each item\n|clearpoke\n|poke|p1|Floette-Eternal, L50, F|\n|poke|p1|Dragapult, L50, M|\n|poke|p1|Maushold, L50|\n|poke|p1|Sneasler, L50, F|\n|poke|p1|Incineroar, L50, F|\n|poke|p1|Aerodactyl, L50, M|\n|poke|p2|Tyranitar, L50, M|\n|poke|p2|Excadrill, L50, M|\n|poke|p2|Clefable, L50, M|\n|poke|p2|Corviknight, L50, M|\n|poke|p2|Rotom-Wash, L50|\n|poke|p2|Scovillain, L50, F|\n|teampreview|4\n|\n|t:|1776109454\n|teamsize|p1|4\n|teamsize|p2|4\n|start\n|switch|p1a: Sneasler|Sneasler, L50, F|100/100\n|switch|p1b: Dragapult|Dragapult, L50, M|100/100\n|switch|p2a: Tyranitar|Tyranitar, L50, M|100/100\n|switch|p2b: Excadrill|Excadrill, L50, M|100/100\n|-weather|Sandstorm|[from] ability: Sand Stream|[of] p2a: Tyranitar\n|turn|1\n|\n|t:|1776109471\n|move|p1a: Sneasler|Fake Out|p2b: Excadrill\n|-resisted|p2b: Excadrill|1\n|-crit|p2b: Excadrill\n|-damage|p2b: Excadrill|84/100\n|cant|p2b: Excadrill|flinch\n|move|p1b: Dragapult|Reflect|p1b: Dragapult\n|-sidestart|p1: DrAlphaStone|Reflect\n|move|p2a: Tyranitar|Dragon Dance|p2a: Tyranitar\n|-boost|p2a: Tyranitar|atk|1\n|-boost|p2a: Tyranitar|spe|1\n|\n|-weather|Sandstorm|[upkeep]\n|-damage|p1b: Dragapult|94/100|[from] Sandstorm\n|-damage|p1a: Sneasler|95/100|[from] Sandstorm\n|-heal|p1b: Dragapult|100/100|[from] item: Leftovers\n|upkeep\n|turn|2\n|\n|t:|1776109487\n|move|p2a: Tyranitar|Protect|p2a: Tyranitar\n|-singleturn|p2a: Tyranitar|Protect\n|move|p2b: Excadrill|Drill Run|p1a: Sneasler\n|-supereffective|p1a: Sneasler|1\n|-damage|p1a: Sneasler|0 fnt\n|faint|p1a: Sneasler\n|move|p1b: Dragapult|Will-O-Wisp|p2b: Excadrill\n|-status|p2b: Excadrill|brn\n|\n|-weather|Sandstorm|[upkeep]\n|-damage|p1b: Dragapult|94/100|[from] Sandstorm\n|-heal|p1b: Dragapult|100/100|[from] item: Leftovers\n|-damage|p2b: Excadrill|79/100 brn|[from] brn\n|upkeep\n|\n|t:|1776109506\n|switch|p1a: Floette|Floette-Eternal, L50, F|100/100\n|turn|3\n|\n|t:|1776109517\n|switch|p1b: Maushold|Maushold, L50|100/100\n|switch|p2a: Corviknight|Corviknight, L50, M|100/100\n|detailschange|p1a: Floette|Floette-Mega, L50, F\n|-mega|p1a: Floette|Floette|Floettite\n|-ability|p1a: Floette|Fairy Aura\n|move|p2b: Excadrill|Iron Head|p1a: Floette\n|-supereffective|p1a: Floette|1\n|-damage|p1a: Floette|80/100\n|move|p1a: Floette|Dazzling Gleam|p2b: Excadrill|[spread] p2a,p2b\n|-resisted|p2a: Corviknight|1\n|-resisted|p2b: Excadrill|1\n|-damage|p2a: Corviknight|83/100\n|-damage|p2b: Excadrill|48/100 brn\n|\n|-weather|Sandstorm|[upkeep]\n|-damage|p1b: Maushold|94/100|[from] Sandstorm\n|-damage|p1a: Floette|74/100|[from] Sandstorm\n|-heal|p2a: Corviknight|89/100|[from] item: Leftovers\n|-damage|p2b: Excadrill|42/100 brn|[from] brn\n|upkeep\n|turn|4\n|\n|t:|1776109539\n|move|p2b: Excadrill|Rock Slide|p1a: Floette|[spread] p1a,p1b\n|-damage|p1a: Floette|70/100\n|-damage|p1b: Maushold|86/100\n|move|p1b: Maushold|Super Fang|p2a: Corviknight\n|-damage|p2a: Corviknight|45/100\n|move|p1a: Floette|Calm Mind|p1a: Floette\n|-boost|p1a: Floette|spa|1\n|-boost|p1a: Floette|spd|1\n|move|p2a: Corviknight|Bulk Up|p2a: Corviknight\n|-boost|p2a: Corviknight|atk|1\n|-boost|p2a: Corviknight|def|1\n|\n|-weather|Sandstorm|[upkeep]\n|-damage|p1b: Maushold|80/100|[from] Sandstorm\n|-damage|p1a: Floette|64/100|[from] Sandstorm\n|-heal|p2a: Corviknight|51/100|[from] item: Leftovers\n|-damage|p2b: Excadrill|36/100 brn|[from] brn\n|upkeep\n|turn|5\n|j| CARtu348rjf90\n|\n|t:|1776109553\n|move|p2b: Excadrill|Iron Head|p1a: Floette\n|-supereffective|p1a: Floette|1\n|-damage|p1a: Floette|43/100\n|move|p1b: Maushold|Super Fang|p2a: Corviknight\n|-damage|p2a: Corviknight|26/100\n|move|p1a: Floette|Dazzling Gleam|p2b: Excadrill|[spread] p2a,p2b\n|-resisted|p2a: Corviknight|1\n|-resisted|p2b: Excadrill|1\n|-damage|p2a: Corviknight|0 fnt\n|-damage|p2b: Excadrill|0 fnt\n|faint|p2a: Corviknight\n|faint|p2b: Excadrill\n|\n|-weather|none\n|-sideend|p1: DrAlphaStone|Reflect\n|upkeep\n|\n|t:|1776109562\n|switch|p2b: Tyranitar|Tyranitar, L50, M|100/100\n|switch|p2a: Scovillain|Scovillain, L50, F|100/100\n|-weather|Sandstorm|[from] ability: Sand Stream|[of] p2b: Tyranitar\n|turn|6\n|\n|t:|1776109576\n|detailschange|p2b: Tyranitar|Tyranitar-Mega, L50, M\n|-mega|p2b: Tyranitar|Tyranitar|Tyranitarite\n|move|p1b: Maushold|Follow Me|p1b: Maushold\n|-singleturn|p1b: Maushold|move: Follow Me\n|move|p1a: Floette|Moonblast|p2b: Tyranitar\n|-supereffective|p2b: Tyranitar|1\n|-damage|p2b: Tyranitar|0 fnt\n|faint|p2b: Tyranitar\n|move|p2a: Scovillain|Giga Drain|p1b: Maushold\n|-damage|p1b: Maushold|41/100\n|\n|-weather|Sandstorm|[upkeep]\n|-damage|p1b: Maushold|35/100|[from] Sandstorm\n|-damage|p1a: Floette|38/100|[from] Sandstorm\n|-damage|p2a: Scovillain|95/100|[from] Sandstorm\n|-ability|p2a: Scovillain|Moody|boost\n|-boost|p2a: Scovillain|def|2\n|-unboost|p2a: Scovillain|spd|1\n|upkeep\n|turn|7\n|\n|t:|1776109588\n|move|p2a: Scovillain|Protect|p2a: Scovillain\n|-singleturn|p2a: Scovillain|Protect\n|move|p1b: Maushold|Encore|p2a: Scovillain\n|-activate|p2a: Scovillain|move: Protect\n|move|p1a: Floette|Moonblast|p2a: Scovillain\n|-activate|p2a: Scovillain|move: Protect\n|\n|-weather|Sandstorm|[upkeep]\n|-damage|p1b: Maushold|29/100|[from] Sandstorm\n|-damage|p1a: Floette|32/100|[from] Sandstorm\n|-damage|p2a: Scovillain|89/100|[from] Sandstorm\n|-ability|p2a: Scovillain|Moody|boost\n|-boost|p2a: Scovillain|spa|2\n|-unboost|p2a: Scovillain|spe|1\n|upkeep\n|turn|8\n|\n|t:|1776109595\n|move|p1b: Maushold|Encore|p2a: Scovillain\n|-start|p2a: Scovillain|Encore\n|move|p2a: Scovillain|Protect|p2a: Scovillain\n|-singleturn|p2a: Scovillain|Protect\n|move|p1a: Floette|Moonblast|p2a: Scovillain\n|-activate|p2a: Scovillain|move: Protect\n|\n|-weather|Sandstorm|[upkeep]\n|-damage|p1b: Maushold|23/100|[from] Sandstorm\n|-damage|p1a: Floette|26/100|[from] Sandstorm\n|-damage|p2a: Scovillain|83/100|[from] Sandstorm\n|-ability|p2a: Scovillain|Moody|boost\n|-boost|p2a: Scovillain|spd|2\n|-unboost|p2a: Scovillain|atk|1\n|upkeep\n|turn|9\n|\n|t:|1776109600\n|move|p2a: Scovillain|Protect||[still]\n|-fail|p2a: Scovillain\n|move|p1b: Maushold|Super Fang|p2a: Scovillain\n|-damage|p2a: Scovillain|42/100\n|move|p1a: Floette|Moonblast|p2a: Scovillain\n|-resisted|p2a: Scovillain|1\n|-damage|p2a: Scovillain|0 fnt\n|faint|p2a: Scovillain\n|\n|win|DrAlphaStone\n|raw|DrAlphaStone's rating: 1438 &rarr; <strong>1452</strong><br />(+14 for winning)\n|raw|TurnAGaming's rating: 1334 &rarr; <strong>1320</strong><br />(-14 for losing)\n|l|\u2606TurnAGaming\n|player|p2|\n|l|\u2606DrAlphaStone\n|player|p1|\n",
  "uploadtime": 1776109607,
  "views": 25,
  "formatid": "gen9championsvgc2026regma",
  "rating": 1320,
  "private": 0,
  "password": null
}