{
  "id": "gen9championsvgc2026regma-2588005844",
  "format": "[Gen 9 Champions] VGC 2026 Reg M-A",
  "players": [
    "luna99993",
    "lynnax"
  ],
  "log": "|j|\u2606luna99993\n|j|\u2606lynnax\n|t:|1776591854\n|gametype|doubles\n|player|p1|luna99993|266|1127\n|player|p2|lynnax|266|1208\n|gen|9\n|tier|[Gen 9 Champions] VGC 2026 Reg M-A\n|rated|\n|rule|Species Clause: Limit one of each Pok\u00e9mon\n|rule|Item Clause: Limit 1 of each item\n|clearpoke\n|poke|p1|Scovillain, L50, F|\n|poke|p1|Basculegion, L50, M|\n|poke|p1|Kingambit, L50, F|\n|poke|p1|Weavile, L50, F|\n|poke|p1|Dragonite, L50, F|\n|poke|p1|Talonflame, L50, M|\n|poke|p2|Incineroar, L50, F|\n|poke|p2|Sneasler, L50, M|\n|poke|p2|Pelipper, L50, F|\n|poke|p2|Sinistcha-Masterpiece, L50|\n|poke|p2|Gengar, L50, F, shiny|\n|poke|p2|Basculegion, L50, M, shiny|\n|teampreview|4\n|inactive|Battle timer is ON: inactive players will automatically lose when time's up. (requested by luna99993)\n|inactive|lynnax has 60 seconds left.\n|\n|t:|1776591903\n|teamsize|p1|4\n|teamsize|p2|4\n|start\n|switch|p1a: Weavile|Weavile, L50, F|100/100\n|switch|p1b: Talonflame|Talonflame, L50, M|100/100\n|switch|p2a: Incineroar|Incineroar, L50, F|100/100\n|switch|p2b: Sneasler|Sneasler, L50, M|100/100\n|-ability|p1a: Weavile|Pressure\n|-ability|p2a: Incineroar|Intimidate|boost\n|-unboost|p1a: Weavile|atk|1\n|-unboost|p1b: Talonflame|atk|1\n|turn|1\n|inactive|lynnax has 30 seconds left.\n|inactive|lynnax has 20 seconds left.\n|inactive|lynnax has 15 seconds left.\n|\n|t:|1776591946\n|switch|p2b: Pelipper|Pelipper, L50, F|100/100\n|-weather|RainDance|[from] ability: Drizzle|[of] p2b: Pelipper\n|move|p1a: Weavile|Fake Out|p2b: Pelipper\n|-damage|p2b: Pelipper|91/100\n|move|p2a: Incineroar|Fake Out|p1a: Weavile\n|-damage|p1a: Weavile|83/100\n|move|p1b: Talonflame|Tailwind|p1b: Talonflame\n|-sidestart|p1: luna99993|move: Tailwind\n|\n|-weather|RainDance|[upkeep]\n|-heal|p2b: Pelipper|97/100|[from] item: Leftovers\n|upkeep\n|turn|2\n|inactive|lynnax has 30 seconds left.\n|\n|t:|1776591975\n|move|p2b: Pelipper|Protect|p2b: Pelipper\n|-singleturn|p2b: Pelipper|Protect\n|move|p1b: Talonflame|Acrobatics|p2b: Pelipper\n|-activate|p2b: Pelipper|move: Protect\n|move|p1a: Weavile|Knock Off|p2b: Pelipper\n|-activate|p2b: Pelipper|move: Protect\n|move|p2a: Incineroar|Parting Shot|p1a: Weavile\n|-unboost|p1a: Weavile|atk|1\n|-unboost|p1a: Weavile|spa|1\n|\n|t:|1776591994\n|switch|p2a: Sneasler|Sneasler, L50, M|100/100|[from] Parting Shot\n|\n|-weather|RainDance|[upkeep]\n|-heal|p2b: Pelipper|100/100|[from] item: Leftovers\n|upkeep\n|turn|3\n|\n|t:|1776592014\n|switch|p1a: Basculegion|Basculegion, L50, M|100/100\n|switch|p2b: Incineroar|Incineroar, L50, F|100/100\n|-ability|p2b: Incineroar|Intimidate|boost\n|-unboost|p1a: Basculegion|atk|1\n|-unboost|p1b: Talonflame|atk|1\n|move|p2a: Sneasler|Fake Out|p1b: Talonflame\n|-damage|p1b: Talonflame|75/100\n|cant|p1b: Talonflame|flinch\n|\n|-weather|RainDance|[upkeep]\n|upkeep\n|turn|4\n|inactive|lynnax has 30 seconds left.\n|\n|t:|1776592039\n|move|p2b: Incineroar|Fake Out|p1b: Talonflame\n|-damage|p1b: Talonflame|59/100\n|move|p1a: Basculegion|Wave Crash|p2b: Incineroar\n|-supereffective|p2b: Incineroar|1\n|-damage|p2b: Incineroar|0 fnt\n|faint|p2b: Incineroar\n|-damage|p1a: Basculegion|66/100|[from] Recoil\n|cant|p1b: Talonflame|flinch\n|move|p2a: Sneasler|Dire Claw|p1a: Basculegion\n|-resisted|p1a: Basculegion|1\n|-damage|p1a: Basculegion|38/100\n|-status|p1a: Basculegion|psn\n|\n|-weather|RainDance|[upkeep]\n|-damage|p1a: Basculegion|26/100 psn|[from] psn\n|-sideend|p1: luna99993|move: Tailwind\n|upkeep\n|inactive|lynnax has 30 seconds left.\n|\n|t:|1776592067\n|switch|p2b: Pelipper|Pelipper, L50, F|100/100\n|turn|5\n|\n|t:|1776592078\n|move|p2a: Sneasler|Protect|p2a: Sneasler\n|-singleturn|p2a: Sneasler|Protect\n|move|p2b: Pelipper|Protect|p2b: Pelipper\n|-singleturn|p2b: Pelipper|Protect\n|move|p1a: Basculegion|Wave Crash|p2b: Pelipper\n|-activate|p2b: Pelipper|move: Protect\n|move|p1b: Talonflame|Acrobatics|p2a: Sneasler\n|-activate|p2a: Sneasler|move: Protect\n|\n|-weather|none\n|-damage|p1a: Basculegion|13/100 psn|[from] psn\n|upkeep\n|turn|6\n|inactive|lynnax has 30 seconds left.\n|inactive|lynnax has 20 seconds left.\n|\n|t:|1776592117\n|move|p2a: Sneasler|Protect||[still]\n|-fail|p2a: Sneasler\n|move|p1a: Basculegion|Wave Crash|p2b: Pelipper\n|-resisted|p2b: Pelipper|1\n|-damage|p2b: Pelipper|75/100\n|-damage|p1a: Basculegion|6/100 psn|[from] Recoil\n|move|p1b: Talonflame|Acrobatics|p2a: Sneasler\n|-supereffective|p2a: Sneasler|1\n|-damage|p2a: Sneasler|24/100\n|move|p2b: Pelipper|Tailwind|p2b: Pelipper\n|-sidestart|p2: lynnax|move: Tailwind\n|\n|-heal|p2b: Pelipper|81/100|[from] item: Leftovers\n|-damage|p1a: Basculegion|0 fnt|[from] psn\n|faint|p1a: Basculegion\n|upkeep\n|\n|t:|1776592131\n|switch|p1a: Weavile|Weavile, L50, F|83/100\n|-ability|p1a: Weavile|Pressure\n|turn|7\n|\n|t:|1776592150\n|move|p1b: Talonflame|Protect|p1b: Talonflame\n|-singleturn|p1b: Talonflame|Protect\n|move|p1a: Weavile|Ice Shard|p2a: Sneasler\n|-damage|p2a: Sneasler|0 fnt\n|faint|p2a: Sneasler\n|move|p2b: Pelipper|Surf|p1b: Talonflame|[spread] p1a\n|-activate|p1b: Talonflame|move: Protect\n|-crit|p1a: Weavile\n|-damage|p1a: Weavile|37/100\n|\n|-heal|p2b: Pelipper|87/100|[from] item: Leftovers\n|upkeep\n|\n|t:|1776592163\n|switch|p2a: Gengar|Gengar, L50, F, shiny|100/100\n|turn|8\n|inactive|luna99993 has 30 seconds left.\n|\n|t:|1776592190\n|switch|p1b: Kingambit|Kingambit, L50, F|100/100\n|detailschange|p2a: Gengar|Gengar-Mega, L50, F, shiny\n|-mega|p2a: Gengar|Gengar|Gengarite\n|move|p2a: Gengar|Dazzling Gleam|p1b: Kingambit|[spread] p1a,p1b\n|-supereffective|p1a: Weavile|1\n|-damage|p1a: Weavile|0 fnt\n|-damage|p1b: Kingambit|73/100\n|faint|p1a: Weavile\n|move|p2b: Pelipper|Surf|p1b: Kingambit|[spread] p2a,p1b\n|-damage|p2a: Gengar|72/100\n|-damage|p1b: Kingambit|49/100\n|\n|-heal|p2b: Pelipper|93/100|[from] item: Leftovers\n|upkeep\n|\n|t:|1776592202\n|switch|p1a: Talonflame|Talonflame, L50, M|59/100\n|turn|9\n|\n|t:|1776592223\n|move|p1b: Kingambit|Sucker Punch|p2a: Gengar\n|-supereffective|p2a: Gengar|1\n|-damage|p2a: Gengar|0 fnt\n|faint|p2a: Gengar\n|move|p1a: Talonflame|Tailwind|p1a: Talonflame\n|-sidestart|p1: luna99993|move: Tailwind\n|move|p2b: Pelipper|Hurricane|p1a: Talonflame|[miss]\n|-miss|p2b: Pelipper|p1a: Talonflame\n|\n|-heal|p2b: Pelipper|99/100|[from] item: Leftovers\n|-sideend|p2: lynnax|move: Tailwind\n|upkeep\n|turn|10\n|inactive|luna99993 has 30 seconds left.\n|inactive|lynnax has 30 seconds left.\n|inactive|lynnax has 20 seconds left.\n|inactive|lynnax has 15 seconds left.\n|inactive|lynnax has 10 seconds left.\n|\n|t:|1776592273\n|move|p1a: Talonflame|Acrobatics|p2b: Pelipper\n|-damage|p2b: Pelipper|56/100\n|move|p1b: Kingambit|Kowtow Cleave|p2b: Pelipper\n|-damage|p2b: Pelipper|0 fnt\n|faint|p2b: Pelipper\n|\n|win|luna99993\n|raw|luna99993's rating: 1127 &rarr; <strong>1158</strong><br />(+31 for winning)\n|raw|lynnax's rating: 1208 &rarr; <strong>1177</strong><br />(-31 for losing)\n|l|\u2606luna99993\n|player|p1|\n",
  "uploadtime": 1776592296,
  "views": 27,
  "formatid": "gen9championsvgc2026regma",
  "rating": 1158,
  "private": 0,
  "password": null
}