{
  "id": "gen9championsvgc2026regma-2582433973",
  "format": "[Gen 9 Champions] VGC 2026 Reg M-A",
  "players": [
    "blog2",
    "Jsuwydysisi"
  ],
  "log": "|j|\u2606blog2\n|j|\u2606Jsuwydysisi\n|t:|1776091415\n|gametype|doubles\n|player|p1|blog2|169|1000\n|player|p2|Jsuwydysisi|2|1084\n|gen|9\n|tier|[Gen 9 Champions] VGC 2026 Reg M-A\n|rated|\n|rule|Species Clause: Limit one of each Pok\u00e9mon\n|rule|Item Clause: Limit 1 of each item\n|clearpoke\n|poke|p1|Alakazam, L50, M|\n|poke|p1|Meowstic, L50, M|\n|poke|p1|Incineroar, L50, F|\n|poke|p1|Zoroark-Hisui, L50, M|\n|poke|p1|Dragonite, L50, F|\n|poke|p1|Whimsicott, L50, M|\n|poke|p2|Abomasnow, L50, M|\n|poke|p2|Sinistcha, L50|\n|poke|p2|Farigiraf, L50, F|\n|poke|p2|Glaceon, L50, M|\n|poke|p2|Goodra-Hisui, L50, F|\n|poke|p2|Chandelure, L50, F|\n|teampreview|4\nblog2 rejected open team sheets.\n|\n|t:|1776091466\n|teamsize|p1|4\n|teamsize|p2|4\n|start\n|switch|p1a: Alakazam|Alakazam, L50, M|100/100\n|switch|p1b: Meowstic|Meowstic, L50, M|100/100\n|switch|p2a: Chandelure|Chandelure, L50, F|100/100\n|switch|p2b: Farigiraf|Farigiraf, L50, F|100/100\n|turn|1\n|\n|t:|1776091485\n|detailschange|p1a: Alakazam|Alakazam-Mega, L50, M\n|-mega|p1a: Alakazam|Alakazam|Alakazite\n|-ability|p1a: Alakazam|Armor Tail|Trace|[from] ability: Trace|[of] p2b: Farigiraf\n|move|p1b: Meowstic|Psychic Terrain|p1b: Meowstic\n|-fieldstart|move: Psychic Terrain\n|move|p1a: Alakazam|Expanding Force|p2b: Farigiraf|[spread] p2a,p2b\n|-resisted|p2b: Farigiraf|1\n|-damage|p2a: Chandelure|0 fnt\n|-damage|p2b: Farigiraf|59/100\n|faint|p2a: Chandelure\n|move|p2b: Farigiraf|Trick Room|p2b: Farigiraf\n|-fieldstart|move: Trick Room|[of] p2b: Farigiraf\n|\n|upkeep\n|inactive|Battle timer is ON: inactive players will automatically lose when time's up. (requested by blog2)\n|\n|t:|1776091496\n|switch|p2a: Abomasnow|Abomasnow, L50, M|100/100\n|-weather|Snowscape|[from] ability: Snow Warning|[of] p2a: Abomasnow\n|turn|2\n|\n|t:|1776091504\n|detailschange|p2a: Abomasnow|Abomasnow-Mega, L50, M\n|-mega|p2a: Abomasnow|Abomasnow|Abomasite\n|move|p2b: Farigiraf|Helping Hand|p2a: Abomasnow\n|-singleturn|p2a: Abomasnow|Helping Hand|[of] p2b: Farigiraf\n|move|p1b: Meowstic|Protect|p1b: Meowstic\n|-singleturn|p1b: Meowstic|Protect\n|move|p1a: Alakazam|Protect|p1a: Alakazam\n|-singleturn|p1a: Alakazam|Protect\n|move|p2a: Abomasnow|Blizzard|p1a: Alakazam|[spread] \n|-activate|p1a: Alakazam|move: Protect\n|-activate|p1b: Meowstic|move: Protect\n|\n|-weather|Snowscape|[upkeep]\n|upkeep\n|turn|3\n|\n|t:|1776091526\n|switch|p1a: Incineroar|Incineroar, L50, F|100/100\n|-ability|p1a: Incineroar|Intimidate|boost\n|-unboost|p2a: Abomasnow|atk|1\n|-unboost|p2b: Farigiraf|atk|1\n|move|p2b: Farigiraf|Helping Hand|p2a: Abomasnow\n|-singleturn|p2a: Abomasnow|Helping Hand|[of] p2b: Farigiraf\n|move|p2a: Abomasnow|Blizzard|p1a: Incineroar|[spread] p1a,p1b\n|-resisted|p1a: Incineroar|1\n|-damage|p1a: Incineroar|66/100\n|-damage|p1b: Meowstic|15/100\n|move|p1b: Meowstic|Expanding Force|p2a: Abomasnow|[spread] p2a,p2b\n|-resisted|p2b: Farigiraf|1\n|-damage|p2a: Abomasnow|58/100\n|-damage|p2b: Farigiraf|34/100\n|\n|-weather|Snowscape|[upkeep]\n|upkeep\n|turn|4\n|inactive|Jsuwydysisi has 30 seconds left.\n|\n|t:|1776091553\n|move|p2b: Farigiraf|Helping Hand|p2a: Abomasnow\n|-singleturn|p2a: Abomasnow|Helping Hand|[of] p2b: Farigiraf\n|move|p1b: Meowstic|Protect|p1b: Meowstic\n|-singleturn|p1b: Meowstic|Protect\n|move|p2a: Abomasnow|Blizzard|p1a: Incineroar|[spread] p1a\n|-activate|p1b: Meowstic|move: Protect\n|-resisted|p1a: Incineroar|1\n|-damage|p1a: Incineroar|31/100\n|-enditem|p1a: Incineroar|Sitrus Berry|[eat]\n|-heal|p1a: Incineroar|55/100|[from] item: Sitrus Berry\n|move|p1a: Incineroar|Parting Shot|p2a: Abomasnow\n|-unboost|p2a: Abomasnow|atk|1\n|-unboost|p2a: Abomasnow|spa|1\n|\n|t:|1776091569\n|switch|p1a: Dragonite|Dragonite, L50, F|100/100|[from] Parting Shot\n|\n|-weather|Snowscape|[upkeep]\n|upkeep\n|turn|5\n|\n|t:|1776091582\n|move|p2b: Farigiraf|Helping Hand|p2a: Abomasnow\n|-singleturn|p2a: Abomasnow|Helping Hand|[of] p2b: Farigiraf\n|move|p1a: Dragonite|Protect|p1a: Dragonite\n|-singleturn|p1a: Dragonite|Protect\n|move|p2a: Abomasnow|Blizzard|p1b: Meowstic|[spread] p1b\n|-activate|p1a: Dragonite|move: Protect\n|-damage|p1b: Meowstic|0 fnt\n|faint|p1b: Meowstic\n|\n|-weather|Snowscape|[upkeep]\n|-fieldend|move: Trick Room\n|-fieldend|move: Psychic Terrain\n|upkeep\n|\n|t:|1776091589\n|switch|p1b: Alakazam|Alakazam-Mega, L50, M|100/100\n|-ability|p1b: Alakazam|Armor Tail|Trace|[from] ability: Trace|[of] p2b: Farigiraf\n|turn|6\n|\n|t:|1776091608\n|move|p2a: Abomasnow|Protect|p2a: Abomasnow\n|-singleturn|p2a: Abomasnow|Protect\n|move|p1b: Alakazam|Dazzling Gleam|p2b: Farigiraf|[spread] p2b\n|-activate|p2a: Abomasnow|move: Protect\n|-damage|p2b: Farigiraf|8/100\n|move|p1a: Dragonite|Flamethrower|p2a: Abomasnow\n|-activate|p2a: Abomasnow|move: Protect\n|move|p2b: Farigiraf|Trick Room|p2b: Farigiraf\n|-fieldstart|move: Trick Room|[of] p2b: Farigiraf\n|\n|-weather|none\n|upkeep\n|turn|7\n|\n|t:|1776091622\n|move|p2b: Farigiraf|Helping Hand|p2a: Abomasnow\n|-singleturn|p2a: Abomasnow|Helping Hand|[of] p2b: Farigiraf\n|move|p2a: Abomasnow|Blizzard|p1a: Dragonite|[spread] \n|-miss|p2a: Abomasnow|p1a: Dragonite\n|-miss|p2a: Abomasnow|p1b: Alakazam\n|move|p1a: Dragonite|Flamethrower|p2a: Abomasnow\n|-supereffective|p2a: Abomasnow|2\n|-damage|p2a: Abomasnow|0 fnt\n|faint|p2a: Abomasnow\n|move|p1b: Alakazam|Dazzling Gleam|p2b: Farigiraf\n|-damage|p2b: Farigiraf|0 fnt\n|faint|p2b: Farigiraf\n|\n|upkeep\n|\n|t:|1776091632\n|switch|p2b: Goodra|Goodra-Hisui, L50, F|100/100\n|turn|8\n|\n|t:|1776091646\n|switch|p1b: Incineroar|Incineroar, L50, F|55/100\n|-ability|p1b: Incineroar|Intimidate|boost\n|-unboost|p2b: Goodra|atk|1\n|move|p2b: Goodra|Heavy Slam|p1b: Incineroar\n|-resisted|p1b: Incineroar|1\n|-damage|p1b: Incineroar|45/100\n|move|p1a: Dragonite|Flamethrower|p2b: Goodra\n|-damage|p2b: Goodra|87/100\n|\n|-heal|p2b: Goodra|92/100|[from] item: Leftovers\n|upkeep\n|turn|9\n|\n|t:|1776091658\n|move|p1b: Incineroar|Fake Out|p2b: Goodra\n|-resisted|p2b: Goodra|1\n|-damage|p2b: Goodra|86/100\n|cant|p2b: Goodra|flinch\n|move|p1a: Dragonite|Flamethrower|p2b: Goodra\n|-damage|p2b: Goodra|72/100\n|\n|-heal|p2b: Goodra|78/100|[from] item: Leftovers\n|upkeep\n|turn|10\n|\n|t:|1776091663\n|move|p2b: Goodra|Body Press|p1b: Incineroar\n|-supereffective|p1b: Incineroar|1\n|-damage|p1b: Incineroar|9/100\n|move|p1b: Incineroar|Parting Shot|p2b: Goodra\n|-unboost|p2b: Goodra|atk|1\n|-unboost|p2b: Goodra|spa|1\n|\n|t:|1776091665\n|switch|p1b: Alakazam|Alakazam-Mega, L50, M|100/100|[from] Parting Shot\n|-ability|p1b: Alakazam|Sap Sipper|Trace|[from] ability: Trace|[of] p2b: Goodra\n|move|p1a: Dragonite|Flamethrower|p2b: Goodra\n|-damage|p2b: Goodra|62/100\n|\n|-heal|p2b: Goodra|68/100|[from] item: Leftovers\n|-fieldend|move: Trick Room\n|upkeep\n|turn|11\n|\n|t:|1776091671\n|move|p1b: Alakazam|Dazzling Gleam|p2b: Goodra\n|-crit|p2b: Goodra\n|-damage|p2b: Goodra|41/100\n|move|p1a: Dragonite|Flamethrower|p2b: Goodra\n|-damage|p2b: Goodra|26/100\n|move|p2b: Goodra|Heavy Slam|p1b: Alakazam\n|-damage|p1b: Alakazam|61/100\n|\n|-heal|p2b: Goodra|32/100|[from] item: Leftovers\n|upkeep\n|turn|12\n|\n|t:|1776091680\n|switch|p1b: Incineroar|Incineroar, L50, F|9/100\n|-ability|p1b: Incineroar|Intimidate|boost\n|-unboost|p2b: Goodra|atk|1\n|move|p1a: Dragonite|Flamethrower|p2b: Goodra\n|-damage|p2b: Goodra|18/100\n|move|p2b: Goodra|Heavy Slam|p1b: Incineroar\n|-resisted|p1b: Incineroar|1\n|-damage|p1b: Incineroar|3/100\n|\n|-heal|p2b: Goodra|23/100|[from] item: Leftovers\n|upkeep\n|turn|13\n|\n|t:|1776091687\n|move|p2b: Goodra|Protect|p2b: Goodra\n|-singleturn|p2b: Goodra|Protect\n|move|p1a: Dragonite|Flamethrower|p2b: Goodra\n|-activate|p2b: Goodra|move: Protect\n|move|p1b: Incineroar|Parting Shot|p2b: Goodra\n|-activate|p2b: Goodra|move: Protect\n|\n|-heal|p2b: Goodra|29/100|[from] item: Leftovers\n|upkeep\n|turn|14\n|\n|t:|1776091692\n|move|p1a: Dragonite|Flamethrower|p2b: Goodra\n|-damage|p2b: Goodra|13/100\n|move|p1b: Incineroar|Parting Shot|p2b: Goodra\n|-unboost|p2b: Goodra|atk|1\n|-unboost|p2b: Goodra|spa|1\n|\n|t:|1776091694\n|switch|p1b: Alakazam|Alakazam-Mega, L50, M|61/100|[from] Parting Shot\n|-ability|p1b: Alakazam|Sap Sipper|Trace|[from] ability: Trace|[of] p2b: Goodra\n|move|p2b: Goodra|Body Press|p1b: Alakazam\n|-resisted|p1b: Alakazam|1\n|-damage|p1b: Alakazam|42/100\n|\n|-heal|p2b: Goodra|19/100|[from] item: Leftovers\n|upkeep\n|turn|15\n|\n|t:|1776091699\n|move|p1b: Alakazam|Dazzling Gleam|p2b: Goodra\n|-damage|p2b: Goodra|0 fnt\n|faint|p2b: Goodra\n|\n|win|blog2\n|raw|blog2's rating: 1000 &rarr; <strong>1049</strong><br />(+49 for winning)\n|raw|Jsuwydysisi's rating: 1084 &rarr; <strong>1056</strong><br />(-28 for losing)\n|l|\u2606Jsuwydysisi\n|player|p2|\n",
  "uploadtime": 1776091701,
  "views": 24,
  "formatid": "gen9championsvgc2026regma",
  "rating": 1049,
  "private": 0,
  "password": null
}