{
  "id": "gen9championsvgc2026regma-2585588061",
  "format": "[Gen 9 Champions] VGC 2026 Reg M-A",
  "players": [
    "luis.sd",
    "luiz red"
  ],
  "log": "|j|\u2606luis.sd\n|j|\u2606luiz red\n|t:|1776357319\n|gametype|doubles\n|player|p1|luis.sd|170|1105\n|player|p2|luiz red|veteran|1104\n|gen|9\n|tier|[Gen 9 Champions] VGC 2026 Reg M-A\n|rated|\n|rule|Species Clause: Limit one of each Pok\u00e9mon\n|rule|Item Clause: Limit 1 of each item\n|clearpoke\n|poke|p1|Vivillon-Jungle, L50, M|\n|poke|p1|Espeon, L50, F|\n|poke|p1|Meganium, L50, F|\n|poke|p1|Empoleon, L50, F|\n|poke|p1|Kangaskhan, L50, F|\n|poke|p1|Clefable, L50, F|\n|poke|p2|Infernape, L50, F|\n|poke|p2|Sinistcha, L50|\n|poke|p2|Empoleon, L50, M|\n|poke|p2|Hippowdon, L50, M|\n|poke|p2|Garchomp, L50, F|\n|poke|p2|Corviknight, L50, F|\n|teampreview|4\nluiz red rejected open team sheets.\n|\n|t:|1776357399\n|teamsize|p1|4\n|teamsize|p2|4\n|start\n|switch|p1a: Vivillon|Vivillon-Jungle, L50, M|100/100\n|switch|p1b: Meganium|Meganium, L50, F, shiny|100/100\n|switch|p2a: Corviknight|Corviknight, L50, F, shiny|100/100\n|switch|p2b: Hippowdon|Hippowdon, L50, M|100/100\n|-weather|Sandstorm|[from] ability: Sand Stream|[of] p2b: Hippowdon\n|turn|1\n|inactive|Battle timer is ON: inactive players will automatically lose when time's up. (requested by luis.sd)\n|\n|t:|1776357418\n|detailschange|p1b: Meganium|Meganium-Mega, L50, F, shiny\n|-mega|p1b: Meganium|Meganium|Meganiumite\n|move|p1a: Vivillon|Sleep Powder|p2b: Hippowdon\n|-status|p2b: Hippowdon|slp|[from] move: Sleep Powder\n|move|p1b: Meganium|Weather Ball|p2a: Corviknight\n|-supereffective|p2a: Corviknight|1\n|-damage|p2a: Corviknight|9/100\n|move|p2a: Corviknight|Iron Defense|p2a: Corviknight\n|-boost|p2a: Corviknight|def|2\n|cant|p2b: Hippowdon|slp\n|\n|-weather|Sandstorm|[upkeep]\n|-damage|p1a: Vivillon|95/100|[from] Sandstorm\n|-damage|p1b: Meganium|95/100|[from] Sandstorm\n|-heal|p2a: Corviknight|15/100|[from] item: Leftovers\n|upkeep\n|turn|2\n|\n|t:|1776357436\n|move|p2a: Corviknight|Protect|p2a: Corviknight\n|-singleturn|p2a: Corviknight|Protect\n|move|p1a: Vivillon|Tailwind|p1a: Vivillon\n|-sidestart|p1: luis.sd|move: Tailwind\n|move|p1b: Meganium|Solar Beam||[still]\n|-prepare|p1b: Meganium|Solar Beam\n|-activate|p1b: Meganium|ability: Mega Sol\n|-anim|p1b: Meganium|Solar Beam|p2b: Hippowdon\n|-supereffective|p2b: Hippowdon|1\n|-crit|p2b: Hippowdon\n|-damage|p2b: Hippowdon|0 fnt\n|faint|p2b: Hippowdon\n|\n|-weather|Sandstorm|[upkeep]\n|-damage|p1a: Vivillon|89/100|[from] Sandstorm\n|-damage|p1b: Meganium|89/100|[from] Sandstorm\n|-heal|p2a: Corviknight|21/100|[from] item: Leftovers\n|upkeep\n|\n|t:|1776357450\n|switch|p2b: Infernape|Infernape, L50, F|100/100\n|turn|3\n|\n|t:|1776357457\n|switch|p2a: Empoleon|Empoleon, L50, M|100/100\n|move|p1a: Vivillon|Protect|p1a: Vivillon\n|-singleturn|p1a: Vivillon|Protect\n|move|p1b: Meganium|Protect|p1b: Meganium\n|-singleturn|p1b: Meganium|Protect\n|move|p2b: Infernape|Heat Wave|p1a: Vivillon|[spread] \n|-activate|p1a: Vivillon|move: Protect\n|-activate|p1b: Meganium|move: Protect\n|\n|-weather|Sandstorm|[upkeep]\n|-damage|p1a: Vivillon|83/100|[from] Sandstorm\n|-damage|p2b: Infernape|94/100|[from] Sandstorm\n|-damage|p1b: Meganium|83/100|[from] Sandstorm\n|upkeep\n|turn|4\n|\n|t:|1776357474\n|move|p1a: Vivillon|Sleep Powder|p2b: Infernape\n|-status|p2b: Infernape|slp|[from] move: Sleep Powder\n|cant|p2b: Infernape|slp\n|move|p1b: Meganium|Solar Beam||[still]\n|-prepare|p1b: Meganium|Solar Beam\n|-activate|p1b: Meganium|ability: Mega Sol\n|-anim|p1b: Meganium|Solar Beam|p2a: Empoleon\n|-crit|p2a: Empoleon\n|-damage|p2a: Empoleon|0 fnt\n|faint|p2a: Empoleon\n|\n|-weather|Sandstorm|[upkeep]\n|-damage|p1a: Vivillon|78/100|[from] Sandstorm\n|-damage|p2b: Infernape|88/100 slp|[from] Sandstorm\n|-damage|p1b: Meganium|77/100|[from] Sandstorm\n|upkeep\n|\n|t:|1776357490\n|switch|p2a: Corviknight|Corviknight, L50, F, shiny|21/100\n|turn|5\n|\n|t:|1776357497\n|move|p1a: Vivillon|Hurricane|p2b: Infernape\n|-supereffective|p2b: Infernape|1\n|-damage|p2b: Infernape|0 fnt\n|faint|p2b: Infernape\n|move|p1b: Meganium|Weather Ball|p2a: Corviknight\n|-supereffective|p2a: Corviknight|1\n|-damage|p2a: Corviknight|0 fnt\n|faint|p2a: Corviknight\n|\n|win|luis.sd\n|raw|luis.sd's rating: 1105 &rarr; <strong>1130</strong><br />(+25 for winning)\n|raw|luiz red's rating: 1104 &rarr; <strong>1079</strong><br />(-25 for losing)\n",
  "uploadtime": 1776357505,
  "views": 18,
  "formatid": "gen9championsvgc2026regma",
  "rating": 1079,
  "private": 0,
  "password": null
}