{
  "id": "gen9championsvgc2026regma-2580443433",
  "format": "[Gen 9 Champions] VGC 2026 Reg M-A",
  "players": [
    "Tubandchubb",
    "matthematical"
  ],
  "log": "|j|\u2606Tubandchubb\n|j|\u2606matthematical\n|t:|1775897364\n|gametype|doubles\n|player|p1|Tubandchubb|giovanni|1040\n|player|p2|matthematical|red|1106\n|gen|9\n|tier|[Gen 9 Champions] VGC 2026 Reg M-A\n|rated|\n|rule|Species Clause: Limit one of each Pok\u00e9mon\n|rule|Item Clause: Limit 1 of each item\n|clearpoke\n|poke|p1|Alakazam, L50, M|\n|poke|p1|Meowstic, L50, M|\n|poke|p1|Maushold, L50|\n|poke|p1|Sneasler, L50, F|\n|poke|p1|Rotom-Heat, L50|\n|poke|p1|Aerodactyl, L50, M|\n|poke|p2|Charizard, L50, M|\n|poke|p2|Heliolisk, L50, M|\n|poke|p2|Whimsicott, L50, M|\n|poke|p2|Scizor, L50, F|\n|poke|p2|Sneasler, L50, M|\n|poke|p2|Politoed, L50, F|\n|teampreview|4\n|inactive|Battle timer is ON: inactive players will automatically lose when time's up. (requested by matthematical)\n|\n|t:|1775897387\n|teamsize|p1|4\n|teamsize|p2|4\n|start\n|switch|p1a: Aerodactyl|Aerodactyl, L50, M|100/100\n|switch|p1b: Meowstic|Meowstic, L50, M|100/100\n|switch|p2a: Charizard|Charizard, L50, M|100/100\n|switch|p2b: Heliolisk|Heliolisk, L50, M|100/100\n|turn|1\n|inactive|matthematical has 30 seconds left.\n|inactive|matthematical has 20 seconds left.\n|\n|t:|1775897422\n|detailschange|p2a: Charizard|Charizard-Mega-Y, L50, M\n|-mega|p2a: Charizard|Charizard|Charizardite Y\n|-weather|SunnyDay|[from] ability: Drought|[of] p2a: Charizard\n|move|p2a: Charizard|Protect|p2a: Charizard\n|-singleturn|p2a: Charizard|Protect\n|move|p1b: Meowstic|Fake Out|p2b: Heliolisk\n|-damage|p2b: Heliolisk|90/100\n|move|p1a: Aerodactyl|Rock Slide|p2a: Charizard|[spread] p2b\n|-activate|p2a: Charizard|move: Protect\n|-damage|p2b: Heliolisk|35/100\n|cant|p2b: Heliolisk|flinch\n|\n|-weather|SunnyDay|[upkeep]\n|-damage|p2b: Heliolisk|23/100|[from] ability: Solar Power|[of] p2b: Heliolisk\n|upkeep\n|turn|2\n|\n|t:|1775897445\n|switch|p2a: Scizor|Scizor, L50, F, shiny|100/100\n|move|p2b: Heliolisk|Protect|p2b: Heliolisk\n|-singleturn|p2b: Heliolisk|Protect\n|move|p1b: Meowstic|Psychic Terrain|p1b: Meowstic\n|-fieldstart|move: Psychic Terrain\n|move|p1a: Aerodactyl|Rock Slide|p2b: Heliolisk|[spread] p2a\n|-activate|p2b: Heliolisk|move: Protect\n|-damage|p2a: Scizor|76/100\n|\n|-weather|SunnyDay|[upkeep]\n|-damage|p2b: Heliolisk|11/100|[from] ability: Solar Power|[of] p2b: Heliolisk\n|upkeep\n|turn|3\n|\n|t:|1775897466\n|switch|p2b: Politoed|Politoed, L50, F|100/100\n|-weather|RainDance|[from] ability: Drizzle|[of] p2b: Politoed\n|switch|p1b: Rotom|Rotom-Heat, L50|100/100\n|move|p1a: Aerodactyl|Tailwind|p1a: Aerodactyl\n|-sidestart|p1: Tubandchubb|move: Tailwind\n|move|p2a: Scizor|Hard Press|p1a: Aerodactyl\n|-supereffective|p1a: Aerodactyl|1\n|-damage|p1a: Aerodactyl|0 fnt\n|faint|p1a: Aerodactyl\n|\n|-weather|RainDance|[upkeep]\n|upkeep\n|\n|t:|1775897478\n|switch|p1a: Alakazam|Alakazam, L50, M|100/100\n|turn|4\n|\n|t:|1775897501\n|detailschange|p1a: Alakazam|Alakazam-Mega, L50, M\n|-mega|p1a: Alakazam|Alakazam|Alakazite\n|-ability|p1a: Alakazam|Technician|Trace|[from] ability: Trace|[of] p2a: Scizor\n|move|p1b: Rotom|Overheat|p2a: Scizor\n|-supereffective|p2a: Scizor|2\n|-damage|p2a: Scizor|0 fnt\n|-unboost|p1b: Rotom|spa|2\n|faint|p2a: Scizor\n|move|p1a: Alakazam|Nasty Plot|p1a: Alakazam\n|-boost|p1a: Alakazam|spa|2\n|move|p2b: Politoed|Weather Ball|p1b: Rotom\n|-supereffective|p1b: Rotom|1\n|-damage|p1b: Rotom|0 fnt\n|faint|p1b: Rotom\n|\n|-weather|RainDance|[upkeep]\n|upkeep\n|inactive|matthematical has 30 seconds left.\n|\n|t:|1775897527\n|switch|p1b: Meowstic|Meowstic, L50, M|100/100\n|switch|p2a: Charizard|Charizard-Mega-Y, L50, M|100/100\n|-weather|SunnyDay|[from] ability: Drought|[of] p2a: Charizard\n|turn|5\n|\n|t:|1775897547\n|move|p1b: Meowstic|Fake Out|p2a: Charizard\n|-hint|Psychic Terrain doesn't affect airborne Pok\u00e9mon.\n|-damage|p2a: Charizard|94/100\n|move|p1a: Alakazam|Expanding Force|p2b: Politoed|[spread] p2a,p2b\n|-damage|p2a: Charizard|0 fnt\n|-damage|p2b: Politoed|0 fnt\n|faint|p2a: Charizard\n|faint|p2b: Politoed\n|\n|-weather|SunnyDay|[upkeep]\n|upkeep\n|-message|matthematical forfeited.\n|\n|win|Tubandchubb\n|raw|Tubandchubb's rating: 1040 &rarr; <strong>1080</strong><br />(+40 for winning)\n|raw|matthematical's rating: 1106 &rarr; <strong>1076</strong><br />(-30 for losing)\n|l|\u2606matthematical\n|player|p2|\n",
  "uploadtime": 1775897559,
  "views": 27,
  "formatid": "gen9championsvgc2026regma",
  "rating": 1076,
  "private": 0,
  "password": null
}