{
  "id": "gen9championsvgc2026regma-2585989384",
  "format": "[Gen 9 Champions] VGC 2026 Reg M-A",
  "players": [
    "capacete5",
    "DAVID867"
  ],
  "log": "|j|\u2606capacete5\n|j|\u2606DAVID867\n|t:|1776388016\n|gametype|doubles\n|player|p1|capacete5|byron|\n|player|p2|DAVID867|1|\n|gen|9\n|tier|[Gen 9 Champions] VGC 2026 Reg M-A\n|rule|Species Clause: Limit one of each Pok\u00e9mon\n|rule|Item Clause: Limit 1 of each item\n|clearpoke\n|poke|p1|Pelipper, L50, M|\n|poke|p1|Archaludon, L50, F|\n|poke|p1|Sneasler, L50, M|\n|poke|p1|Floette-Eternal, L50, F|\n|poke|p1|Sinistcha, L50|\n|poke|p1|Basculegion, L50, M|\n|poke|p2|Incineroar, L50, F|\n|poke|p2|Gengar, L50, M|\n|poke|p2|Sinistcha, L50|\n|poke|p2|Kingambit, L50, M|\n|poke|p2|Tyranitar, L50, M|\n|poke|p2|Kommo-o, L50, M|\n|teampreview|4\n|inactive|Battle timer is ON: inactive players will automatically lose when time's up. (requested by capacete5)\ncapacete5 has agreed to open team sheets.\nDAVID867 has agreed to open team sheets.\n|showteam|p1|Pelipper||QuickClaw|Drizzle|WeatherBall,Hurricane,Tailwind,Protect|||M|||50|]Archaludon||ChopleBerry|Stamina|ElectroShot,FlashCannon,DragonPulse,Protect|||F|||50|]Sneasler||FocusSash|Unburden|FakeOut,DireClaw,CloseCombat,Protect|||M|||50|]Floette-Eternal||Floettite|FlowerVeil|DazzlingGleam,LightofRuin,CalmMind,Protect|||F|||50|]Sinistcha||SitrusBerry|Hospitality|MatchaGotcha,TrickRoom,RagePowder,Protect||||||50|]Basculegion||MysticWater|SwiftSwim|WaveCrash,LastRespects,AquaJet,Protect|||M|||50|\n|showteam|p2|Incineroar||ShucaBerry|Intimidate|PartingShot,DarkestLariat,FakeOut,Protect|||F|||50|]Gengar||Gengarite|CursedBody|ShadowBall,PerishSong,Protect,Substitute|||M|||50|]Sinistcha||SitrusBerry|Hospitality|MatchaGotcha,RagePowder,Protect,LifeDew||||||50|]Kingambit||ChopleBerry|Defiant|IronHead,Protect,LowKick,SuckerPunch|||M|||50|]Tyranitar||ChoiceScarf|SandStream|StoneEdge,IcePunch,LowKick,RockSlide|||M|||50|]Kommo-o||Leftovers|Soundproof|ClangingScales,ClangorousSoul,AuraSphere,Protect|||M|||50|\n|\n|t:|1776388042\n|teamsize|p1|4\n|teamsize|p2|4\n|start\n|switch|p1a: Archaludon|Archaludon, L50, F|100/100\n|switch|p1b: Basculegion|Basculegion, L50, M|100/100\n|switch|p2a: Sinistcha|Sinistcha, L50|100/100\n|switch|p2b: Gengar|Gengar, L50, M|100/100\n|turn|1\n|inactive|DAVID867 has 30 seconds left.\n|\n|t:|1776388070\n|switch|p1b: Pelipper|Pelipper, L50, M|100/100\n|-weather|RainDance|[from] ability: Drizzle|[of] p1b: Pelipper\n|detailschange|p2b: Gengar|Gengar-Mega, L50, M\n|-mega|p2b: Gengar|Gengar|Gengarite\n|move|p2b: Gengar|Protect|p2b: Gengar\n|-singleturn|p2b: Gengar|Protect\n|move|p1a: Archaludon|Electro Shot||[still]\n|-prepare|p1a: Archaludon|Electro Shot\n|-boost|p1a: Archaludon|spa|1\n|-anim|p1a: Archaludon|Electro Shot|p2b: Gengar\n|-activate|p2b: Gengar|move: Protect\n|move|p2a: Sinistcha|Matcha Gotcha|p1b: Pelipper|[spread] p1a\n|-miss|p2a: Sinistcha|p1b: Pelipper\n|-resisted|p1a: Archaludon|2\n|-damage|p1a: Archaludon|94/100\n|-ability|p1a: Archaludon|Stamina|boost\n|-boost|p1a: Archaludon|def|1\n|\n|-weather|RainDance|[upkeep]\n|upkeep\n|turn|2\n|inactive|DAVID867 has 30 seconds left.\n|-activate|p1b: Pelipper|item: Quick Claw\n|\n|t:|1776388097\n|move|p2a: Sinistcha|Rage Powder|p2a: Sinistcha\n|-singleturn|p2a: Sinistcha|move: Rage Powder\n|move|p1b: Pelipper|Hurricane|p2a: Sinistcha\n|-supereffective|p2a: Sinistcha|1\n|-damage|p2a: Sinistcha|21/100\n|-enditem|p2a: Sinistcha|Sitrus Berry|[eat]\n|-heal|p2a: Sinistcha|46/100|[from] item: Sitrus Berry\n|move|p2b: Gengar|Perish Song|p2b: Gengar\n|-start|p1a: Archaludon|perish3|[silent]\n|-start|p1b: Pelipper|perish3|[silent]\n|-start|p2a: Sinistcha|perish3|[silent]\n|-start|p2b: Gengar|perish3|[silent]\n|-fieldactivate|move: Perish Song\n|move|p1a: Archaludon|Electro Shot||[still]\n|-prepare|p1a: Archaludon|Electro Shot\n|-boost|p1a: Archaludon|spa|1\n|-anim|p1a: Archaludon|Electro Shot|p2a: Sinistcha\n|-resisted|p2a: Sinistcha|1\n|-damage|p2a: Sinistcha|9/100\n|\n|-weather|RainDance|[upkeep]\n|-start|p2b: Gengar|perish3\n|-start|p1a: Archaludon|perish3\n|-start|p1b: Pelipper|perish3\n|-start|p2a: Sinistcha|perish3\n|upkeep\n|turn|3\n|inactive|capacete5 has 30 seconds left.\n|\n|t:|1776388132\n|move|p2b: Gengar|Protect|p2b: Gengar\n|-singleturn|p2b: Gengar|Protect\n|move|p2a: Sinistcha|Protect|p2a: Sinistcha\n|-singleturn|p2a: Sinistcha|Protect\n|move|p1a: Archaludon|Electro Shot||[still]\n|-prepare|p1a: Archaludon|Electro Shot\n|-boost|p1a: Archaludon|spa|1\n|-anim|p1a: Archaludon|Electro Shot|p2b: Gengar\n|-activate|p2b: Gengar|move: Protect\n|move|p1b: Pelipper|Tailwind|p1b: Pelipper\n|-sidestart|p1: capacete5|move: Tailwind\n|\n|-weather|RainDance|[upkeep]\n|-start|p1a: Archaludon|perish2\n|-start|p2b: Gengar|perish2\n|-start|p1b: Pelipper|perish2\n|-start|p2a: Sinistcha|perish2\n|upkeep\n|turn|4\n|\n|t:|1776388157\n|move|p2a: Sinistcha|Rage Powder|p2a: Sinistcha\n|-singleturn|p2a: Sinistcha|move: Rage Powder\n|move|p1a: Archaludon|Electro Shot||[still]\n|-prepare|p1a: Archaludon|Electro Shot\n|-boost|p1a: Archaludon|spa|1\n|-anim|p1a: Archaludon|Electro Shot|p2a: Sinistcha\n|-resisted|p2a: Sinistcha|1\n|-damage|p2a: Sinistcha|0 fnt\n|faint|p2a: Sinistcha\n|move|p2b: Gengar|Substitute|p2b: Gengar\n|-start|p2b: Gengar|Substitute\n|-damage|p2b: Gengar|76/100\n|move|p1b: Pelipper|Hurricane|p2b: Gengar\n|-end|p2b: Gengar|Substitute\n|\n|-weather|RainDance|[upkeep]\n|-start|p1a: Archaludon|perish1\n|-start|p2b: Gengar|perish1\n|-start|p1b: Pelipper|perish1\n|upkeep\n|\n|t:|1776388175\n|switch|p2a: Incineroar|Incineroar, L50, F|100/100\n|-ability|p2a: Incineroar|Intimidate|boost\n|-unboost|p1a: Archaludon|atk|1\n|-unboost|p1b: Pelipper|atk|1\n|turn|5\n|\n|t:|1776388188\n|switch|p2b: Kommo-o|Kommo-o, L50, M|100/100\n|move|p2a: Incineroar|Protect|p2a: Incineroar\n|-singleturn|p2a: Incineroar|Protect\n|move|p1a: Archaludon|Electro Shot||[still]\n|-prepare|p1a: Archaludon|Electro Shot\n|-boost|p1a: Archaludon|spa|1\n|-anim|p1a: Archaludon|Electro Shot|p2a: Incineroar\n|-activate|p2a: Incineroar|move: Protect\n|move|p1b: Pelipper|Weather Ball|p2a: Incineroar\n|-activate|p2a: Incineroar|move: Protect\n|\n|-weather|none\n|-start|p1a: Archaludon|perish0\n|-start|p1b: Pelipper|perish0\n|faint|p1a: Archaludon\n|faint|p1b: Pelipper\n|upkeep\n|\n|t:|1776388205\n|switch|p1a: Basculegion|Basculegion, L50, M|100/100\n|switch|p1b: Floette|Floette-Eternal, L50, F|100/100\n|turn|6\n|\n|t:|1776388219\n|detailschange|p1b: Floette|Floette-Mega, L50, F\n|-mega|p1b: Floette|Floette|Floettite\n|-ability|p1b: Floette|Fairy Aura\n|move|p2b: Kommo-o|Protect|p2b: Kommo-o\n|-singleturn|p2b: Kommo-o|Protect\n|move|p1a: Basculegion|Wave Crash|p2a: Incineroar\n|-supereffective|p2a: Incineroar|1\n|-damage|p2a: Incineroar|0 fnt\n|faint|p2a: Incineroar\n|-damage|p1a: Basculegion|67/100|[from] Recoil\n|move|p1b: Floette|Dazzling Gleam|p2b: Kommo-o\n|-activate|p2b: Kommo-o|move: Protect\n|\n|-sideend|p1: capacete5|move: Tailwind\n|upkeep\n|\n|t:|1776388231\n|switch|p2a: Gengar|Gengar-Mega, L50, M|76/100\n|turn|7\n|inactive|DAVID867 has 30 seconds left.\n|\n|t:|1776388263\n|move|p2a: Gengar|Shadow Ball|p1b: Floette\n|-damage|p1b: Floette|69/100\n|move|p2b: Kommo-o|Clanging Scales|p1b: Floette|[spread] p1a\n|-immune|p1b: Floette\n|-damage|p1a: Basculegion|22/100\n|-unboost|p2b: Kommo-o|def|1\n|move|p1a: Basculegion|Last Respects|p2a: Gengar\n|-supereffective|p2a: Gengar|1\n|-damage|p2a: Gengar|0 fnt\n|faint|p2a: Gengar\n|move|p1b: Floette|Dazzling Gleam|p2b: Kommo-o\n|-supereffective|p2b: Kommo-o|2\n|-damage|p2b: Kommo-o|0 fnt\n|faint|p2b: Kommo-o\n|\n|win|capacete5\n",
  "uploadtime": 1776388264,
  "views": 16,
  "formatid": "gen9championsvgc2026regma",
  "rating": null,
  "private": 0,
  "password": null
}