{
  "id": "gen9championsvgc2026regma-2583082536",
  "format": "[Gen 9 Champions] VGC 2026 Reg M-A",
  "players": [
    "The hoe battle",
    "shyzn"
  ],
  "log": "|j|\u2606The hoe battle\n|j|\u2606shyzn\n|t:|1776139993\n|gametype|doubles\n|player|p1|The hoe battle|elesa|1167\n|player|p2|shyzn|clown|1113\n|gen|9\n|tier|[Gen 9 Champions] VGC 2026 Reg M-A\n|rated|\n|rule|Species Clause: Limit one of each Pok\u00e9mon\n|rule|Item Clause: Limit 1 of each item\n|clearpoke\n|poke|p1|Garchomp, L50, M|\n|poke|p1|Sneasler, L50, F|\n|poke|p1|Incineroar, L50, F|\n|poke|p1|Charizard, L50, F|\n|poke|p1|Venusaur, L50, M|\n|poke|p1|Whimsicott, L50, M|\n|poke|p2|Skarmory, L50, M|\n|poke|p2|Sinistcha, L50|\n|poke|p2|Rotom-Wash, L50|\n|poke|p2|Oranguru, L50, M|\n|poke|p2|Tyranitar, L50, M|\n|poke|p2|Garchomp, L50, F|\n|teampreview|4\n|inactive|Battle timer is ON: inactive players will automatically lose when time's up. (requested by The hoe battle)\n|inactive|shyzn has 60 seconds left.\n|\n|t:|1776140053\n|teamsize|p1|4\n|teamsize|p2|4\n|start\n|switch|p1a: Charizard|Charizard, L50, F|100/100\n|switch|p1b: Whimsicott|Whimsicott, L50, M|100/100\n|switch|p2a: Tyranitar|Tyranitar, L50, M|100/100\n|switch|p2b: Skarmory|Skarmory, L50, M|100/100\n|-weather|Sandstorm|[from] ability: Sand Stream|[of] p2a: Tyranitar\n|turn|1\n|inactive|The hoe battle has 30 seconds left.\n|inactive|shyzn has 30 seconds left.\n|inactive|shyzn has 20 seconds left.\n|inactive|The hoe battle has 20 seconds left.\n|\n|t:|1776140096\n|switch|p1a: Venusaur|Venusaur, L50, M|100/100\n|detailschange|p2a: Tyranitar|Tyranitar-Mega, L50, M\n|-mega|p2a: Tyranitar|Tyranitar|Tyranitarite\n|move|p2b: Skarmory|Protect|p2b: Skarmory\n|-singleturn|p2b: Skarmory|Protect\n|move|p1b: Whimsicott|Moonblast|p2a: Tyranitar\n|-supereffective|p2a: Tyranitar|1\n|-damage|p2a: Tyranitar|73/100\n|move|p2a: Tyranitar|Rock Slide|p1a: Venusaur|[spread] p1a,p1b\n|-damage|p1a: Venusaur|47/100\n|-damage|p1b: Whimsicott|62/100\n|\n|-weather|Sandstorm|[upkeep]\n|-damage|p1b: Whimsicott|56/100|[from] Sandstorm\n|-damage|p1a: Venusaur|41/100|[from] Sandstorm\n|upkeep\n|turn|2\n|inactive|shyzn has 30 seconds left.\n|inactive|shyzn has 20 seconds left.\n|inactive|shyzn has 15 seconds left.\n|inactive|shyzn has 10 seconds left.\n|inactive|shyzn has 5 seconds left.\n|\n|t:|1776140148\n|switch|p2a: Garchomp|Garchomp, L50, F|100/100\n|move|p1b: Whimsicott|Tailwind|p1b: Whimsicott\n|-sidestart|p1: The hoe battle|move: Tailwind\n|move|p1a: Venusaur|Sleep Powder|p2b: Skarmory\n|-status|p2b: Skarmory|slp|[from] move: Sleep Powder\n|cant|p2b: Skarmory|slp\n|\n|-weather|Sandstorm|[upkeep]\n|-damage|p1b: Whimsicott|50/100|[from] Sandstorm\n|-damage|p1a: Venusaur|36/100|[from] Sandstorm\n|upkeep\n|turn|3\n|\n|t:|1776140166\n|move|p1b: Whimsicott|Moonblast|p2a: Garchomp\n|-supereffective|p2a: Garchomp|1\n|-damage|p2a: Garchomp|39/100\n|move|p1a: Venusaur|Sleep Powder|p2a: Garchomp\n|-status|p2a: Garchomp|slp|[from] move: Sleep Powder\n|cant|p2a: Garchomp|slp\n|cant|p2b: Skarmory|slp\n|\n|-weather|Sandstorm|[upkeep]\n|-damage|p1b: Whimsicott|44/100|[from] Sandstorm\n|-damage|p1a: Venusaur|30/100|[from] Sandstorm\n|upkeep\n|turn|4\n|\n|t:|1776140182\n|switch|p1a: Charizard|Charizard, L50, F|100/100\n|move|p1b: Whimsicott|Moonblast|p2a: Garchomp|[miss]\n|-miss|p1b: Whimsicott|p2a: Garchomp\n|-curestatus|p2a: Garchomp|slp|[msg]\n|move|p2a: Garchomp|Earthquake|p1b: Whimsicott|[spread] p1b\n|-immune|p2b: Skarmory\n|-immune|p1a: Charizard\n|-resisted|p1b: Whimsicott|1\n|-damage|p1b: Whimsicott|24/100\n|-curestatus|p2b: Skarmory|slp|[msg]\n|move|p2b: Skarmory|Brave Bird|p1a: Charizard\n|-damage|p1a: Charizard|33/100\n|-damage|p2b: Skarmory|77/100|[from] Recoil\n|\n|-weather|Sandstorm|[upkeep]\n|-damage|p1a: Charizard|27/100|[from] Sandstorm\n|-damage|p1b: Whimsicott|18/100|[from] Sandstorm\n|upkeep\n|turn|5\n|\n|t:|1776140204\n|detailschange|p1a: Charizard|Charizard-Mega-Y, L50, F\n|-mega|p1a: Charizard|Charizard|Charizardite Y\n|-weather|SunnyDay|[from] ability: Drought|[of] p1a: Charizard\n|move|p2a: Garchomp|Protect|p2a: Garchomp\n|-singleturn|p2a: Garchomp|Protect\n|move|p2b: Skarmory|Protect|p2b: Skarmory\n|-singleturn|p2b: Skarmory|Protect\n|move|p1a: Charizard|Heat Wave|p2a: Garchomp|[spread] \n|-activate|p2a: Garchomp|move: Protect\n|-activate|p2b: Skarmory|move: Protect\n|move|p1b: Whimsicott|Moonblast|p2a: Garchomp\n|-activate|p2a: Garchomp|move: Protect\n|\n|-weather|SunnyDay|[upkeep]\n|-sideend|p1: The hoe battle|move: Tailwind\n|upkeep\n|turn|6\n|\n|t:|1776140226\n|switch|p2a: Tyranitar|Tyranitar-Mega, L50, M|73/100\n|-weather|Sandstorm|[from] ability: Sand Stream|[of] p2a: Tyranitar\n|move|p1b: Whimsicott|Tailwind|p1b: Whimsicott\n|-sidestart|p1: The hoe battle|move: Tailwind\n|move|p1a: Charizard|Heat Wave|p2a: Tyranitar|[spread] p2b\n|-miss|p1a: Charizard|p2a: Tyranitar\n|-supereffective|p2b: Skarmory|1\n|-crit|p2b: Skarmory\n|-damage|p2b: Skarmory|0 fnt\n|faint|p2b: Skarmory\n|\n|-weather|Sandstorm|[upkeep]\n|-damage|p1a: Charizard|21/100|[from] Sandstorm\n|-damage|p1b: Whimsicott|12/100|[from] Sandstorm\n|upkeep\n|\n|t:|1776140241\n|switch|p2b: Garchomp|Garchomp, L50, F|39/100\n|turn|7\n|\n|t:|1776140264\n|move|p2b: Garchomp|Protect|p2b: Garchomp\n|-singleturn|p2b: Garchomp|Protect\n|move|p1b: Whimsicott|Sunny Day|p1b: Whimsicott\n|-weather|SunnyDay\n|move|p1a: Charizard|Heat Wave|p2b: Garchomp|[spread] p2a\n|-activate|p2b: Garchomp|move: Protect\n|-resisted|p2a: Tyranitar|1\n|-damage|p2a: Tyranitar|50/100\n|move|p2a: Tyranitar|Rock Slide|p1a: Charizard|[spread] p1a\n|-miss|p2a: Tyranitar|p1b: Whimsicott\n|-supereffective|p1a: Charizard|2\n|-damage|p1a: Charizard|0 fnt\n|faint|p1a: Charizard\n|\n|-weather|SunnyDay|[upkeep]\n|upkeep\n|\n|t:|1776140272\n|switch|p1a: Venusaur|Venusaur, L50, M|30/100\n|turn|8\n|\n|t:|1776140292\n|move|p1a: Venusaur|Energy Ball|p2a: Tyranitar\n|-supereffective|p2a: Tyranitar|1\n|-damage|p2a: Tyranitar|0 fnt\n|faint|p2a: Tyranitar\n|move|p1b: Whimsicott|Moonblast|p2b: Garchomp\n|-supereffective|p2b: Garchomp|1\n|-damage|p2b: Garchomp|0 fnt\n|faint|p2b: Garchomp\n|\n|-weather|SunnyDay|[upkeep]\n|upkeep\n|\n|t:|1776140305\n|switch|p2a: Sinistcha|Sinistcha, L50|100/100\n|turn|9\n|\n|t:|1776140311\n|move|p1a: Venusaur|Sludge Bomb|p2a: Sinistcha\n|-damage|p2a: Sinistcha|48/100\n|move|p1b: Whimsicott|Moonblast|p2a: Sinistcha\n|-damage|p2a: Sinistcha|14/100\n|move|p2a: Sinistcha|Matcha Gotcha|p1b: Whimsicott|[spread] p1a,p1b\n|-resisted|p1a: Venusaur|2\n|-resisted|p1b: Whimsicott|1\n|-damage|p1a: Venusaur|22/100\n|-heal|p2a: Sinistcha|17/100|[from] drain|[of] p1a: Venusaur\n|-damage|p1b: Whimsicott|0 fnt\n|-heal|p2a: Sinistcha|23/100|[from] drain|[of] p1b: Whimsicott\n|-status|p1a: Venusaur|brn\n|faint|p1b: Whimsicott\n|\n|-weather|SunnyDay|[upkeep]\n|-heal|p2a: Sinistcha|29/100|[from] item: Leftovers\n|-damage|p1a: Venusaur|16/100 brn|[from] brn\n|-sideend|p1: The hoe battle|move: Tailwind\n|upkeep\n|\n|t:|1776140320\n|switch|p1b: Sneasler|Sneasler, L50, F|100/100\n|turn|10\n|\n|t:|1776140328\n|move|p2a: Sinistcha|Protect|p2a: Sinistcha\n|-singleturn|p2a: Sinistcha|Protect\n|move|p1a: Venusaur|Sludge Bomb|p2a: Sinistcha\n|-activate|p2a: Sinistcha|move: Protect\n|move|p1b: Sneasler|Dire Claw|p2a: Sinistcha\n|-activate|p2a: Sinistcha|move: Protect\n|\n|-weather|SunnyDay|[upkeep]\n|-heal|p2a: Sinistcha|35/100|[from] item: Leftovers\n|-damage|p1a: Venusaur|11/100 brn|[from] brn\n|upkeep\n|turn|11\n|\n|t:|1776140333\n|move|p1a: Venusaur|Sludge Bomb|p2a: Sinistcha\n|-damage|p2a: Sinistcha|0 fnt\n|faint|p2a: Sinistcha\n|\n|win|The hoe battle\n|raw|The hoe battle's rating: 1167 &rarr; <strong>1188</strong><br />(+21 for winning)\n|raw|shyzn's rating: 1113 &rarr; <strong>1092</strong><br />(-21 for losing)\n",
  "uploadtime": 1776140335,
  "views": 9,
  "formatid": "gen9championsvgc2026regma",
  "rating": 1092,
  "private": 0,
  "password": null
}