{
  "id": "gen9championsvgc2026regma-2580654060",
  "format": "[Gen 9 Champions] VGC 2026 Reg M-A",
  "players": [
    "nobeigar",
    "2fq1ql"
  ],
  "log": "|j|\u2606nobeigar\n|j|\u26062fq1ql\n|t:|1775921626\n|gametype|doubles\n|player|p1|nobeigar|169|1070\n|player|p2|2fq1ql|2|1045\n|gen|9\n|tier|[Gen 9 Champions] VGC 2026 Reg M-A\n|rated|\n|rule|Species Clause: Limit one of each Pok\u00e9mon\n|rule|Item Clause: Limit 1 of each item\n|clearpoke\n|poke|p1|Starmie, L50|\n|poke|p1|Pelipper, L50, M|\n|poke|p1|Kingambit, L50, F|\n|poke|p1|Incineroar, L50, F|\n|poke|p1|Archaludon, L50, M|\n|poke|p1|Whimsicott, L50, F|\n|poke|p2|Tyranitar, L50, M|\n|poke|p2|Excadrill, L50, M|\n|poke|p2|Corviknight, L50, F|\n|poke|p2|Rotom-Heat, L50|\n|poke|p2|Dragapult, L50, M|\n|poke|p2|Primarina, L50, F|\n|teampreview|4\n|j| doozymeow\n|\n|t:|1775921652\n|teamsize|p1|4\n|teamsize|p2|4\n|start\n|switch|p1a: Buche|Pelipper, L50, M|100/100\n|switch|p1b: H\u00e9lix|Kingambit, L50, F|100/100\n|switch|p2a: Corviknight|Corviknight, L50, F|100/100\n|switch|p2b: Rotom|Rotom-Heat, L50|100/100\n|-weather|RainDance|[from] ability: Drizzle|[of] p1a: Buche\n|turn|1\n|\n|t:|1775921680\n|move|p1a: Buche|Protect|p1a: Buche\n|-singleturn|p1a: Buche|Protect\n|move|p2b: Rotom|Trick|p1b: H\u00e9lix\n|-activate|p2b: Rotom|move: Trick|[of] p1b: H\u00e9lix\n|-item|p1b: H\u00e9lix|Choice Scarf|[from] move: Trick\n|-item|p2b: Rotom|Chople Berry|[from] move: Trick\n|move|p1b: H\u00e9lix|Kowtow Cleave|p2a: Corviknight\n|-damage|p2a: Corviknight|61/100\n|move|p2a: Corviknight|Tailwind|p2a: Corviknight\n|-sidestart|p2: 2fq1ql|move: Tailwind\n|\n|-weather|RainDance|[upkeep]\n|upkeep\n|turn|2\n|\n|t:|1775921702\n|switch|p1a: Fransancisco|Archaludon, L50, M|100/100\n|move|p2b: Rotom|Volt Switch|p1a: Fransancisco\n|-resisted|p1a: Fransancisco|1\n|-damage|p1a: Fransancisco|82/100\n|\n|t:|1775921716\n|switch|p2b: Tyranitar|Tyranitar, L50, M|100/100|[from] Volt Switch\n|-weather|Sandstorm|[from] ability: Sand Stream|[of] p2b: Tyranitar\n|move|p2a: Corviknight|Brave Bird|p1a: Fransancisco\n|-resisted|p1a: Fransancisco|1\n|-damage|p1a: Fransancisco|64/100\n|-damage|p2a: Corviknight|55/100|[from] Recoil\n|move|p1b: H\u00e9lix|Kowtow Cleave|p2a: Corviknight\n|-damage|p2a: Corviknight|18/100\n|-enditem|p2a: Corviknight|Sitrus Berry|[eat]\n|-heal|p2a: Corviknight|42/100|[from] item: Sitrus Berry\n|\n|-weather|Sandstorm|[upkeep]\n|-heal|p1a: Fransancisco|71/100|[from] item: Leftovers\n|upkeep\n|turn|3\n|l| doozymeow\n|\n|t:|1775921748\n|switch|p2b: Rotom|Rotom-Heat, L50|100/100\n|switch|p1b: Buche|Pelipper, L50, M|100/100\n|-weather|RainDance|[from] ability: Drizzle|[of] p1b: Buche\n|move|p2a: Corviknight|Bulk Up|p2a: Corviknight\n|-boost|p2a: Corviknight|atk|1\n|-boost|p2a: Corviknight|def|1\n|move|p1a: Fransancisco|Electro Shot||[still]\n|-prepare|p1a: Fransancisco|Electro Shot\n|-boost|p1a: Fransancisco|spa|1\n|-anim|p1a: Fransancisco|Electro Shot|p2a: Corviknight\n|-supereffective|p2a: Corviknight|1\n|-damage|p2a: Corviknight|0 fnt\n|faint|p2a: Corviknight\n|\n|-weather|RainDance|[upkeep]\n|-heal|p1a: Fransancisco|77/100|[from] item: Leftovers\n|upkeep\n|\n|t:|1775921768\n|switch|p2a: Excadrill|Excadrill, L50, M|100/100\n|turn|4\n|\n|t:|1775921788\n|switch|p2b: Tyranitar|Tyranitar, L50, M|100/100\n|-weather|Sandstorm|[from] ability: Sand Stream|[of] p2b: Tyranitar\n|move|p1b: Buche|Protect|p1b: Buche\n|-singleturn|p1b: Buche|Protect\n|move|p2a: Excadrill|High Horsepower|p1a: Fransancisco\n|-supereffective|p1a: Fransancisco|1\n|-damage|p1a: Fransancisco|0 fnt\n|faint|p1a: Fransancisco\n|\n|-weather|Sandstorm|[upkeep]\n|-damage|p1b: Buche|95/100|[from] Sandstorm\n|-sideend|p2: 2fq1ql|move: Tailwind\n|upkeep\n|\n|t:|1775921800\n|switch|p1a: Patotas|Starmie, L50, shiny|100/100\n|turn|5\n|\n|t:|1775921820\n|switch|p2b: Rotom|Rotom-Heat, L50|100/100\n|switch|p1b: H\u00e9lix|Kingambit, L50, F|100/100\n|detailschange|p1a: Patotas|Starmie-Mega, L50, shiny\n|-mega|p1a: Patotas|Starmie|Starminite\n|move|p1a: Patotas|Protect|p1a: Patotas\n|-singleturn|p1a: Patotas|Protect\n|move|p2a: Excadrill|Earthquake|p1a: Patotas|[spread] p1b\n|-activate|p1a: Patotas|move: Protect\n|-immune|p2b: Rotom|[from] ability: Levitate\n|-supereffective|p1b: H\u00e9lix|1\n|-damage|p1b: H\u00e9lix|43/100\n|\n|-weather|Sandstorm|[upkeep]\n|-damage|p1a: Patotas|95/100|[from] Sandstorm\n|-damage|p2b: Rotom|95/100|[from] Sandstorm\n|upkeep\n|turn|6\n|\n|t:|1775921880\n|move|p1b: H\u00e9lix|Sucker Punch|p2a: Excadrill\n|-damage|p2a: Excadrill|45/100\n|move|p2a: Excadrill|Earthquake|p1a: Patotas|[spread] p1a,p1b\n|-immune|p2b: Rotom|[from] ability: Levitate\n|-supereffective|p1b: H\u00e9lix|1\n|-damage|p1a: Patotas|44/100\n|-damage|p1b: H\u00e9lix|0 fnt\n|faint|p1b: H\u00e9lix\n|move|p1a: Patotas|Waterfall|p2b: Rotom\n|-supereffective|p2b: Rotom|1\n|-damage|p2b: Rotom|0 fnt\n|faint|p2b: Rotom\n|\n|-weather|Sandstorm|[upkeep]\n|-damage|p1a: Patotas|38/100|[from] Sandstorm\n|upkeep\n|\n|t:|1775921896\n|switch|p2b: Tyranitar|Tyranitar, L50, M|100/100\n|switch|p1b: Buche|Pelipper, L50, M|95/100\n|-weather|RainDance|[from] ability: Drizzle|[of] p1b: Buche\n|turn|7\n|\n|t:|1775921930\n|detailschange|p2b: Tyranitar|Tyranitar-Mega, L50, M\n|-mega|p2b: Tyranitar|Tyranitar|Tyranitarite\n|-weather|Sandstorm|[from] ability: Sand Stream|[of] p2b: Tyranitar\n|move|p1a: Patotas|Protect|p1a: Patotas\n|-singleturn|p1a: Patotas|Protect\n|move|p2a: Excadrill|High Horsepower|p1a: Patotas\n|-activate|p1a: Patotas|move: Protect\n|move|p2b: Tyranitar|Rock Slide|p1a: Patotas|[spread] p1b\n|-activate|p1a: Patotas|move: Protect\n|-supereffective|p1b: Buche|1\n|-damage|p1b: Buche|19/100\n|cant|p1b: Buche|flinch\n|\n|-weather|Sandstorm|[upkeep]\n|-damage|p1a: Patotas|32/100|[from] Sandstorm\n|-damage|p1b: Buche|13/100|[from] Sandstorm\n|upkeep\n|turn|8\n|\n|t:|1775921960\n|move|p1a: Patotas|Aqua Jet|p2a: Excadrill\n|-supereffective|p2a: Excadrill|1\n|-damage|p2a: Excadrill|0 fnt\n|faint|p2a: Excadrill\n|move|p2b: Tyranitar|Rock Slide|p1b: Buche|[spread] p1a,p1b\n|-supereffective|p1b: Buche|1\n|-damage|p1a: Patotas|0 fnt\n|-damage|p1b: Buche|0 fnt\n|faint|p1a: Patotas\n|faint|p1b: Buche\n|\n|win|2fq1ql\n|raw|nobeigar's rating: 1070 &rarr; <strong>1048</strong><br />(-22 for losing)\n|raw|2fq1ql's rating: 1045 &rarr; <strong>1081</strong><br />(+36 for winning)\n|l|\u2606nobeigar\n|player|p1|\n",
  "uploadtime": 1775921971,
  "views": 16,
  "formatid": "gen9championsvgc2026regma",
  "rating": 1048,
  "private": 0,
  "password": null
}