{
  "id": "gen9championsvgc2026regma-2582968653",
  "format": "[Gen 9 Champions] VGC 2026 Reg M-A",
  "players": [
    "ShirtlessRayRizzo",
    "Kamusito98"
  ],
  "log": "|j|\u2606ShirtlessRayRizzo\n|j|\u2606Kamusito98\n|t:|1776129376\n|gametype|doubles\n|player|p1|ShirtlessRayRizzo|giovanni-gen1|\n|player|p2|Kamusito98|101|\n|gen|9\n|tier|[Gen 9 Champions] VGC 2026 Reg M-A\n|rated|Tournament battle\n|rule|Species Clause: Limit one of each Pok\u00e9mon\n|rule|Item Clause: Limit 1 of each item\n|raw|<div class=\"infobox\"><details class=\"readmore\" open><summary><strong>1 custom rule:</strong></summary> Force Open Team Sheets</details></div>\n|clearpoke\n|poke|p1|Charizard, L50, F|\n|poke|p1|Venusaur, L50, M|\n|poke|p1|Whimsicott, L50, F|\n|poke|p1|Kingambit, L50, M|\n|poke|p1|Sneasler, L50, F|\n|poke|p1|Chesnaught, L50, F|\n|poke|p2|Araquanid, L50, F|\n|poke|p2|Medicham, L50, F|\n|poke|p2|Talonflame, L50, F|\n|poke|p2|Tyranitar, L50, F|\n|poke|p2|Farigiraf, L50, F|\n|poke|p2|Sneasler, L50, M|\n|teampreview|4\n|showteam|p1|Charizard||CharizarditeY|Blaze|Protect,SolarBeam,HeatWave,Overheat|||F|||50|]Venusaur||FocusSash|Chlorophyll|SleepPowder,SludgeBomb,EnergyBall,Protect|||M|||50|]Whimsicott||OccaBerry|Prankster|Tailwind,Encore,Moonblast,HelpingHand|||F|||50|]Kingambit||BlackGlasses|Defiant|SwordsDance,SuckerPunch,IronHead,Protect|||M|||50|]Sneasler||WhiteHerb|Unburden|FakeOut,CloseCombat,DireClaw,Protect|||F|||50|]Chesnaught||Chesnaughtite|Bulletproof|IronDefense,BodyPress,SpikyShield,LeechSeed|||F|||50|\n|showteam|p2|Araquanid||MysticWater|WaterBubble|Liquidation,LeechLife,WideGuard,Trailblaze|||F|||50|]Medicham||Medichamite|PurePower|DrainPunch,IcePunch,PsychoCut,Protect|||F|||50|]Talonflame||SharpBeak|GaleWings|QuickGuard,BraveBird,FlareBlitz,Tailwind|||F|||50|]Tyranitar||Tyranitarite|SandStream|RockSlide,IcePunch,Crunch,Protect|||F|||50|]Farigiraf||MentalHerb|ArmorTail|TrickRoom,HyperVoice,Psychic,Protect|||F|||50|]Sneasler||WhiteHerb|PoisonTouch|FakeOut,CloseCombat,DireClaw,Protect|||M|||50|\n|inactive|Battle timer is ON: inactive players will automatically lose when time's up. (requested by Kamusito98)\n|inactive|ShirtlessRayRizzo has 60 seconds left.\n|inactive|Kamusito98 has 60 seconds left.\n|inactive|ShirtlessRayRizzo has 30 seconds left.\n|inactive|ShirtlessRayRizzo has 20 seconds left.\n|inactive|ShirtlessRayRizzo has 15 seconds left.\n|inactive|ShirtlessRayRizzo has 10 seconds left.\n|\n|t:|1776129461\n|teamsize|p1|4\n|teamsize|p2|4\n|start\n|switch|p1a: Sneasler|Sneasler, L50, F, shiny|100/100\n|switch|p1b: Charizard|Charizard, L50, F, shiny|100/100\n|switch|p2a: Farigiraf|Farigiraf, L50, F|100/100\n|switch|p2b: Talonflame|Talonflame, L50, F|100/100\n|turn|1\n|inactive|Kamusito98 has 30 seconds left.\n|inactive|Kamusito98 has 20 seconds left.\n|inactive|Kamusito98 has 15 seconds left.\n|inactive|Kamusito98 has 10 seconds left.\n|\n|t:|1776129510\n|detailschange|p1b: Charizard|Charizard-Mega-Y, L50, F, shiny\n|-mega|p1b: Charizard|Charizard|Charizardite Y\n|-weather|SunnyDay|[from] ability: Drought|[of] p1b: Charizard\n|move|p1a: Sneasler|Protect|p1a: Sneasler\n|-singleturn|p1a: Sneasler|Protect\n|move|p2b: Talonflame|Brave Bird|p1a: Sneasler\n|-activate|p1a: Sneasler|move: Protect\n|move|p1b: Charizard|Overheat|p2a: Farigiraf\n|-damage|p2a: Farigiraf|0 fnt\n|-unboost|p1b: Charizard|spa|2\n|faint|p2a: Farigiraf\n|\n|-weather|SunnyDay|[upkeep]\n|upkeep\n|\n|t:|1776129519\n|switch|p2a: Tyranitar|Tyranitar, L50, F|100/100\n|-weather|Sandstorm|[from] ability: Sand Stream|[of] p2a: Tyranitar\n|turn|2\n|\n|t:|1776129533\n|switch|p1a: Venusaur|Venusaur, L50, M, shiny|100/100\n|switch|p1b: Chesnaught|Chesnaught, L50, F|100/100\n|move|p2a: Tyranitar|Protect|p2a: Tyranitar\n|-singleturn|p2a: Tyranitar|Protect\n|move|p2b: Talonflame|Tailwind|p2b: Talonflame\n|-sidestart|p2: Kamusito98|move: Tailwind\n|\n|-weather|Sandstorm|[upkeep]\n|-damage|p2b: Talonflame|95/100|[from] Sandstorm\n|-damage|p1a: Venusaur|95/100|[from] Sandstorm\n|-damage|p1b: Chesnaught|94/100|[from] Sandstorm\n|upkeep\n|turn|3\n|\n|t:|1776129556\n|switch|p2a: Araquanid|Araquanid, L50, F|100/100\n|switch|p1b: Charizard|Charizard-Mega-Y, L50, F, shiny|100/100\n|-weather|SunnyDay|[from] ability: Drought|[of] p1b: Charizard\n|move|p2b: Talonflame|Brave Bird|p1a: Venusaur\n|-supereffective|p1a: Venusaur|1\n|-damage|p1a: Venusaur|0 fnt\n|faint|p1a: Venusaur\n|-damage|p2b: Talonflame|62/100|[from] Recoil\n|\n|-weather|SunnyDay|[upkeep]\n|upkeep\n|\n|t:|1776129566\n|switch|p1a: Sneasler|Sneasler, L50, F, shiny|100/100\n|turn|4\n|inactive|ShirtlessRayRizzo has 30 seconds left.\n|inactive|Kamusito98 has 30 seconds left.\n|\n|t:|1776129600\n|move|p1a: Sneasler|Fake Out|p2b: Talonflame\n|-damage|p2b: Talonflame|39/100\n|move|p2a: Araquanid|Wide Guard|p2a: Araquanid\n|-singleturn|p2a: Araquanid|Wide Guard\n|cant|p2b: Talonflame|flinch\n|move|p1b: Charizard|Overheat|p2a: Araquanid\n|-damage|p2a: Araquanid|59/100\n|-unboost|p1b: Charizard|spa|2\n|\n|-weather|SunnyDay|[upkeep]\n|upkeep\n|turn|5\n|inactive|ShirtlessRayRizzo has 30 seconds left.\n|\n|t:|1776129626\n|switch|p2b: Tyranitar|Tyranitar, L50, F|100/100\n|-weather|Sandstorm|[from] ability: Sand Stream|[of] p2b: Tyranitar\n|switch|p1b: Chesnaught|Chesnaught, L50, F|94/100\n|move|p1a: Sneasler|Dire Claw|p2b: Tyranitar\n|-resisted|p2b: Tyranitar|1\n|-damage|p2b: Tyranitar|84/100\n|-status|p2b: Tyranitar|psn\n|move|p2a: Araquanid|Liquidation|p1a: Sneasler\n|-damage|p1a: Sneasler|0 fnt\n|faint|p1a: Sneasler\n|\n|-weather|Sandstorm|[upkeep]\n|-damage|p2a: Araquanid|53/100|[from] Sandstorm\n|-damage|p1b: Chesnaught|88/100|[from] Sandstorm\n|-damage|p2b: Tyranitar|72/100 psn|[from] psn\n|-sideend|p2: Kamusito98|move: Tailwind\n|upkeep\n|\n|t:|1776129638\n|switch|p1a: Charizard|Charizard-Mega-Y, L50, F, shiny|100/100\n|-weather|SunnyDay|[from] ability: Drought|[of] p1a: Charizard\n|turn|6\n|l|\u2606Kamusito98\n|inactive|Kamusito98 disconnected and has a minute to reconnect!\n|player|p2|\n|j| yoshi pokemon nerd\n|l| yoshi pokemon nerd\n|inactive|Kamusito98 has 30 seconds left.\n|c|\u2606ShirtlessRayRizzo|!pick sukuna, gojo\n|c| ShirtlessRayRizzo|/raw <div class=\"infobox\"><em>We randomly picked:</em> sukuna</div>\n|j|\u2606Kamusito98\n|inactive|Kamusito98 reconnected and has 25 seconds left.\n|player|p2|Kamusito98|101|\n|inactive|Kamusito98 has 20 seconds left.\n|inactive|Kamusito98 has 15 seconds left.\n|inactive|Kamusito98 has 10 seconds left.\n|\n|t:|1776129685\n|switch|p2b: Talonflame|Talonflame, L50, F|39/100\n|move|p1a: Charizard|Solar Beam||[still]\n|-prepare|p1a: Charizard|Solar Beam\n|-anim|p1a: Charizard|Solar Beam|p2b: Talonflame\n|-resisted|p2b: Talonflame|2\n|-damage|p2b: Talonflame|20/100\n|move|p1b: Chesnaught|Iron Defense|p1b: Chesnaught\n|-boost|p1b: Chesnaught|def|2\n|move|p2a: Araquanid|Liquidation|p1a: Charizard\n|-supereffective|p1a: Charizard|1\n|-damage|p1a: Charizard|6/100\n|-unboost|p1a: Charizard|def|1\n|\n|-weather|SunnyDay|[upkeep]\n|upkeep\n|turn|7\n|\n|t:|1776129704\n|switch|p2a: Tyranitar|Tyranitar, L50, F|72/100 psn\n|-weather|Sandstorm|[from] ability: Sand Stream|[of] p2a: Tyranitar\n|move|p1b: Chesnaught|Spiky Shield|p1b: Chesnaught\n|-singleturn|p1b: Chesnaught|move: Protect\n|move|p2b: Talonflame|Brave Bird|p1b: Chesnaught\n|-activate|p1b: Chesnaught|move: Protect\n|-damage|p2b: Talonflame|8/100|[from] Spiky Shield|[of] p1b: Chesnaught\n|move|p1a: Charizard|Heat Wave|p2a: Tyranitar|[spread] p2a,p2b\n|-resisted|p2a: Tyranitar|1\n|-resisted|p2b: Talonflame|1\n|-damage|p2a: Tyranitar|59/100 psn\n|-damage|p2b: Talonflame|0 fnt\n|faint|p2b: Talonflame\n|\n|-weather|Sandstorm|[upkeep]\n|-damage|p1a: Charizard|0 fnt|[from] Sandstorm\n|-damage|p1b: Chesnaught|82/100|[from] Sandstorm\n|faint|p1a: Charizard\n|-damage|p2a: Tyranitar|47/100 psn|[from] psn\n|upkeep\n|j| patisaluzr\n|\n|t:|1776129710\n|switch|p2b: Araquanid|Araquanid, L50, F|53/100\n|turn|8\n|c| patisaluzr|real asf name btw\n|\n|t:|1776129725\n|move|p2a: Tyranitar|Protect|p2a: Tyranitar\n|-singleturn|p2a: Tyranitar|Protect\n|move|p1b: Chesnaught|Leech Seed|p2b: Araquanid\n|-start|p2b: Araquanid|move: Leech Seed\n|move|p2b: Araquanid|Leech Life|p1b: Chesnaught\n|-damage|p1b: Chesnaught|70/100\n|-heal|p2b: Araquanid|60/100|[from] drain|[of] p1b: Chesnaught\n|\n|-weather|Sandstorm|[upkeep]\n|-damage|p1b: Chesnaught|64/100|[from] Sandstorm\n|-damage|p2b: Araquanid|54/100|[from] Sandstorm\n|-damage|p2b: Araquanid|42/100|[from] Leech Seed|[of] p1b: Chesnaught\n|-heal|p1b: Chesnaught|74/100|[silent]\n|-damage|p2a: Tyranitar|35/100 psn|[from] psn\n|upkeep\n|turn|9\n|\n|t:|1776129734\n|detailschange|p2a: Tyranitar|Tyranitar-Mega, L50, F\n|-mega|p2a: Tyranitar|Tyranitar|Tyranitarite\n|move|p1b: Chesnaught|Spiky Shield|p1b: Chesnaught\n|-singleturn|p1b: Chesnaught|move: Protect\n|move|p2a: Tyranitar|Ice Punch|p1b: Chesnaught\n|-activate|p1b: Chesnaught|move: Protect\n|-damage|p2a: Tyranitar|23/100 psn|[from] Spiky Shield|[of] p1b: Chesnaught\n|move|p2b: Araquanid|Leech Life|p1b: Chesnaught\n|-activate|p1b: Chesnaught|move: Protect\n|-damage|p2b: Araquanid|30/100|[from] Spiky Shield|[of] p1b: Chesnaught\n|\n|-weather|Sandstorm|[upkeep]\n|-damage|p1b: Chesnaught|68/100|[from] Sandstorm\n|-damage|p2b: Araquanid|24/100|[from] Sandstorm\n|-damage|p2b: Araquanid|12/100|[from] Leech Seed|[of] p1b: Chesnaught\n|-heal|p1b: Chesnaught|79/100|[silent]\n|-damage|p2a: Tyranitar|10/100 psn|[from] psn\n|upkeep\n|turn|10\n|\n|t:|1776129744\n|move|p1b: Chesnaught|Body Press|p2a: Tyranitar\n|-supereffective|p2a: Tyranitar|2\n|-damage|p2a: Tyranitar|0 fnt\n|faint|p2a: Tyranitar\n|move|p2b: Araquanid|Leech Life|p1b: Chesnaught\n|-damage|p1b: Chesnaught|66/100\n|-heal|p2b: Araquanid|20/100|[from] drain|[of] p1b: Chesnaught\n|\n|-weather|Sandstorm|[upkeep]\n|-damage|p1b: Chesnaught|60/100|[from] Sandstorm\n|-damage|p2b: Araquanid|14/100|[from] Sandstorm\n|-damage|p2b: Araquanid|2/100|[from] Leech Seed|[of] p1b: Chesnaught\n|-heal|p1b: Chesnaught|71/100|[silent]\n|upkeep\n|turn|11\n|\n|t:|1776129753\n|move|p1b: Chesnaught|Body Press|p2b: Araquanid\n|-resisted|p2b: Araquanid|1\n|-damage|p2b: Araquanid|0 fnt\n|faint|p2b: Araquanid\n|\n|win|ShirtlessRayRizzo\n|n|\u2606ShirtlessRayRizzo|shirtlessrayrizzo\n|n|\u2606Kamusito98|kamusito98\n|n| patisaluzr|patisaluzr\n",
  "uploadtime": 1776129782,
  "views": 21,
  "formatid": "gen9championsvgc2026regma",
  "rating": null,
  "private": 0,
  "password": null
}