{
  "id": "gen9championsvgc2026regma-2584161444",
  "format": "[Gen 9 Champions] VGC 2026 Reg M-A",
  "players": [
    "Brasilian Flygon",
    "soten soten"
  ],
  "log": "|j|\u2606Brasilian Flygon\n|j|\u2606soten soten\n|t:|1776232549\n|gametype|doubles\n|player|p1|Brasilian Flygon|101|1308\n|player|p2|soten soten|hilbert|1320\n|gen|9\n|tier|[Gen 9 Champions] VGC 2026 Reg M-A\n|rated|\n|rule|Species Clause: Limit one of each Pok\u00e9mon\n|rule|Item Clause: Limit 1 of each item\n|clearpoke\n|poke|p1|Sinistcha, L50|\n|poke|p1|Aerodactyl, L50, F|\n|poke|p1|Aggron, L50, M|\n|poke|p1|Arcanine, L50, M|\n|poke|p1|Basculegion, L50, M|\n|poke|p1|Hydreigon, L50, F|\n|poke|p2|Gallade, L50, M|\n|poke|p2|Floette-Eternal, L50, F|\n|poke|p2|Incineroar, L50, M|\n|poke|p2|Sinistcha, L50|\n|poke|p2|Aegislash, L50, M|\n|poke|p2|Palafin, L50, F|\n|teampreview|4\n|inactive|Battle timer is ON: inactive players will automatically lose when time's up. (requested by soten soten)\n|inactive|Brasilian Flygon has 60 seconds left.\n|\n|t:|1776232608\n|teamsize|p1|4\n|teamsize|p2|4\n|start\n|switch|p1a: Aerodactyl|Aerodactyl, L50, F|100/100\n|switch|p1b: Basculegion|Basculegion, L50, M|100/100\n|switch|p2a: Floette|Floette-Eternal, L50, F|100/100\n|switch|p2b: Palafin|Palafin, L50, F|100/100\n|-ability|p1a: Aerodactyl|Unnerve\n|turn|1\n|\n|t:|1776232615\n|detailschange|p2b: Palafin|Palafin-Hero, L50, F\n|switch|p2b: Incineroar|Incineroar, L50, M|100/100\n|-ability|p2b: Incineroar|Intimidate|boost\n|-unboost|p1a: Aerodactyl|atk|1\n|-unboost|p1b: Basculegion|atk|1\n|detailschange|p2a: Floette|Floette-Mega, L50, F\n|-mega|p2a: Floette|Floette|Floettite\n|-ability|p2a: Floette|Fairy Aura\n|move|p1a: Aerodactyl|Tailwind|p1a: Aerodactyl\n|-sidestart|p1: Brasilian Flygon|move: Tailwind\n|move|p1b: Basculegion|Wave Crash|p2a: Floette\n|-damage|p2a: Floette|41/100\n|-damage|p1b: Basculegion|82/100|[from] Recoil\n|move|p2a: Floette|Draining Kiss|p1b: Basculegion\n|-damage|p1b: Basculegion|33/100\n|-heal|p2a: Floette|81/100|[from] drain|[of] p1b: Basculegion\n|\n|upkeep\n|turn|2\n|\n|t:|1776232633\n|switch|p1a: Sinistcha|Sinistcha, L50|100/100\n|-heal|p1b: Basculegion|58/100|[from] ability: Hospitality|[of] p1a: Sinistcha\n|switch|p2b: Sinistcha|Sinistcha, L50|100/100\n|-heal|p2a: Floette|100/100|[from] ability: Hospitality|[of] p2b: Sinistcha\n|move|p1b: Basculegion|Flip Turn|p2a: Floette\n|-damage|p2a: Floette|72/100\n|\n|t:|1776232643\n|switch|p1b: Aggron|Aggron, L50, M|100/100|[from] Flip Turn\n|move|p2a: Floette|Dazzling Gleam|p1a: Sinistcha|[spread] p1a,p1b\n|-resisted|p1b: Aggron|1\n|-damage|p1a: Sinistcha|53/100\n|-damage|p1b: Aggron|78/100\n|\n|upkeep\n|turn|3\n|\n|t:|1776232655\n|detailschange|p1b: Aggron|Aggron-Mega, L50, M\n|-mega|p1b: Aggron|Aggron|Aggronite\n|move|p2b: Sinistcha|Rage Powder|p2b: Sinistcha\n|-singleturn|p2b: Sinistcha|move: Rage Powder\n|move|p1a: Sinistcha|Shadow Ball|p2b: Sinistcha\n|-supereffective|p2b: Sinistcha|1\n|-damage|p2b: Sinistcha|29/100\n|move|p1b: Aggron|Heavy Slam|p2b: Sinistcha\n|-damage|p2b: Sinistcha|0 fnt\n|faint|p2b: Sinistcha\n|move|p2a: Floette|Calm Mind|p2a: Floette\n|-boost|p2a: Floette|spa|1\n|-boost|p2a: Floette|spd|1\n|\n|upkeep\n|\n|t:|1776232662\n|switch|p2b: Incineroar|Incineroar, L50, M|100/100\n|-ability|p2b: Incineroar|Intimidate|boost\n|-unboost|p1a: Sinistcha|atk|1\n|-unboost|p1b: Aggron|atk|1\n|turn|4\n|\n|t:|1776232670\n|move|p1b: Aggron|Protect|p1b: Aggron\n|-singleturn|p1b: Aggron|Protect\n|move|p1a: Sinistcha|Life Dew|p1a: Sinistcha|[spread] p1a,p1b\n|-heal|p1a: Sinistcha|78/100\n|-heal|p1b: Aggron|100/100\n|move|p2a: Floette|Draining Kiss|p1a: Sinistcha\n|-damage|p1a: Sinistcha|12/100\n|-heal|p2a: Floette|100/100|[from] drain|[of] p1a: Sinistcha\n|move|p2b: Incineroar|Will-O-Wisp|p1b: Aggron\n|-activate|p1b: Aggron|move: Protect\n|\n|-sideend|p1: Brasilian Flygon|move: Tailwind\n|upkeep\n|turn|5\n|\n|t:|1776232695\n|switch|p1b: Basculegion|Basculegion, L50, M|58/100\n|move|p2a: Floette|Protect|p2a: Floette\n|-singleturn|p2a: Floette|Protect\n|move|p1a: Sinistcha|Rage Powder|p1a: Sinistcha\n|-singleturn|p1a: Sinistcha|move: Rage Powder\n|move|p2b: Incineroar|Will-O-Wisp|p1a: Sinistcha\n|-status|p1a: Sinistcha|brn\n|\n|-damage|p1a: Sinistcha|6/100 brn|[from] brn\n|upkeep\n|turn|6\n|\n|t:|1776232709\n|switch|p2b: Palafin|Palafin-Hero, L50, F|100/100\n|-activate|p2b: Palafin|ability: Zero to Hero\n|move|p1b: Basculegion|Aqua Jet|p2b: Palafin\n|-resisted|p2b: Palafin|1\n|-damage|p2b: Palafin|86/100\n|move|p2a: Floette|Dazzling Gleam|p1a: Sinistcha|[spread] p1a,p1b\n|-crit|p1b: Basculegion\n|-damage|p1a: Sinistcha|0 fnt\n|-damage|p1b: Basculegion|0 fnt\n|faint|p1a: Sinistcha\n|faint|p1b: Basculegion\n|\n|upkeep\n|\n|t:|1776232711\n|switch|p1b: Aggron|Aggron-Mega, L50, M|100/100\n|switch|p1a: Aerodactyl|Aerodactyl, L50, F|100/100\n|-ability|p1a: Aerodactyl|Unnerve\n|turn|7\n|inactive|Brasilian Flygon has 30 seconds left.\n|\n|t:|1776232739\n|move|p1a: Aerodactyl|Protect|p1a: Aerodactyl\n|-singleturn|p1a: Aerodactyl|Protect\n|move|p1b: Aggron|Protect|p1b: Aggron\n|-singleturn|p1b: Aggron|Protect\n|move|p2b: Palafin|Flip Turn|p1b: Aggron\n|-activate|p1b: Aggron|move: Protect\n|move|p2a: Floette|Draining Kiss|p1a: Aerodactyl\n|-activate|p1a: Aerodactyl|move: Protect\n|\n|upkeep\n|turn|8\n|\n|t:|1776232753\n|move|p1a: Aerodactyl|Tailwind|p1a: Aerodactyl\n|-sidestart|p1: Brasilian Flygon|move: Tailwind\n|move|p1b: Aggron|Heavy Slam|p2a: Floette\n|-supereffective|p2a: Floette|1\n|-damage|p2a: Floette|41/100\n|move|p2b: Palafin|Flip Turn|p1a: Aerodactyl\n|-supereffective|p1a: Aerodactyl|1\n|-enditem|p1a: Aerodactyl|Focus Sash\n|-damage|p1a: Aerodactyl|1/100\n|\n|t:|1776232757\n|switch|p2b: Incineroar|Incineroar, L50, M|100/100|[from] Flip Turn\n|-ability|p2b: Incineroar|Intimidate|boost\n|-unboost|p1a: Aerodactyl|atk|1\n|-unboost|p1b: Aggron|atk|1\n|move|p2a: Floette|Draining Kiss|p1a: Aerodactyl\n|-damage|p1a: Aerodactyl|0 fnt\n|-heal|p2a: Floette|41/100|[from] drain|[of] p1a: Aerodactyl\n|faint|p1a: Aerodactyl\n|\n|upkeep\n|turn|9\n|\n|t:|1776232765\n|move|p1b: Aggron|Protect|p1b: Aggron\n|-singleturn|p1b: Aggron|Protect\n|move|p2b: Incineroar|Fake Out|p1b: Aggron\n|-activate|p1b: Aggron|move: Protect\n|move|p2a: Floette|Calm Mind|p2a: Floette\n|-boost|p2a: Floette|spa|1\n|-boost|p2a: Floette|spd|1\n|\n|upkeep\n|turn|10\n|\n|t:|1776232770\n|switch|p2b: Palafin|Palafin-Hero, L50, F|86/100\n|move|p2a: Floette|Protect|p2a: Floette\n|-singleturn|p2a: Floette|Protect\n|move|p1b: Aggron|Heavy Slam|p2a: Floette\n|-activate|p2a: Floette|move: Protect\n|\n|upkeep\n|turn|11\n|\n|t:|1776232793\n|switch|p2b: Incineroar|Incineroar, L50, M|100/100\n|-ability|p2b: Incineroar|Intimidate|boost\n|-unboost|p1b: Aggron|atk|1\n|move|p1b: Aggron|Heavy Slam|p2a: Floette\n|-supereffective|p2a: Floette|1\n|-damage|p2a: Floette|14/100\n|move|p2a: Floette|Draining Kiss|p1b: Aggron\n|-resisted|p1b: Aggron|1\n|-damage|p1b: Aggron|67/100\n|-heal|p2a: Floette|39/100|[from] drain|[of] p1b: Aggron\n|\n|-sideend|p1: Brasilian Flygon|move: Tailwind\n|upkeep\n|turn|12\n|\n|t:|1776232802\n|move|p2b: Incineroar|Fake Out|p1b: Aggron\n|-resisted|p1b: Aggron|1\n|-damage|p1b: Aggron|64/100\n|move|p2a: Floette|Calm Mind|p2a: Floette\n|-boost|p2a: Floette|spa|1\n|-boost|p2a: Floette|spd|1\n|cant|p1b: Aggron|flinch\n|\n|upkeep\n|turn|13\n|\n|t:|1776232808\n|move|p2a: Floette|Draining Kiss|p1b: Aggron\n|-resisted|p1b: Aggron|1\n|-damage|p1b: Aggron|22/100\n|-heal|p2a: Floette|70/100|[from] drain|[of] p1b: Aggron\n|move|p2b: Incineroar|Will-O-Wisp|p1b: Aggron\n|-status|p1b: Aggron|brn\n|move|p1b: Aggron|Iron Defense|p1b: Aggron\n|-boost|p1b: Aggron|def|2\n|\n|-damage|p1b: Aggron|16/100 brn|[from] brn\n|upkeep\n|turn|14\n|-message|Brasilian Flygon forfeited.\n|\n|win|soten soten\n|raw|Brasilian Flygon's rating: 1308 &rarr; <strong>1289</strong><br />(-19 for losing)\n|raw|soten soten's rating: 1320 &rarr; <strong>1339</strong><br />(+19 for winning)\n|l|\u2606Brasilian Flygon\n|player|p1|\n",
  "uploadtime": 1776232816,
  "views": 31,
  "formatid": "gen9championsvgc2026regma",
  "rating": 1289,
  "private": 0,
  "password": null
}