{
  "id": "gen9championsvgc2026regma-2588799016",
  "format": "[Gen 9 Champions] VGC 2026 Reg M-A",
  "players": [
    "niuniu123",
    "blonkus"
  ],
  "log": "|j|\u2606niuniu123\n|j|\u2606blonkus\n|t:|1776672256\n|gametype|doubles\n|player|p1|niuniu123|cynthia|1000\n|player|p2|blonkus|bugsy|1037\n|gen|9\n|tier|[Gen 9 Champions] VGC 2026 Reg M-A\n|rated|\n|rule|Species Clause: Limit one of each Pok\u00e9mon\n|rule|Item Clause: Limit 1 of each item\n|clearpoke\n|poke|p1|Charizard, L50, M|\n|poke|p1|Venusaur, L50, F|\n|poke|p1|Torkoal, L50, F|\n|poke|p1|Drampa, L50, F|\n|poke|p1|Oranguru, L50, F|\n|poke|p1|Basculegion, L50, M|\n|poke|p2|Milotic, L50, F|\n|poke|p2|Altaria, L50, M|\n|poke|p2|Slowking, L50, F|\n|poke|p2|Sneasler, L50, M|\n|poke|p2|Chandelure, L50, M|\n|poke|p2|Tsareena, L50, F|\n|teampreview|4\nblonkus rejected open team sheets.\n|\n|t:|1776672293\n|teamsize|p1|4\n|teamsize|p2|4\n|start\n|switch|p1a: Charizard|Charizard, L50, M|100/100\n|switch|p1b: Venusaur|Venusaur, L50, F|100/100\n|switch|p2a: Sneasler|Sneasler, L50, M|100/100\n|switch|p2b: Slowking|Slowking, L50, F|100/100\n|turn|1\n|inactive|Battle timer is ON: inactive players will automatically lose when time's up. (requested by blonkus)\n|\n|t:|1776672306\n|move|p1a: Charizard|Protect|p1a: Charizard\n|-singleturn|p1a: Charizard|Protect\n|move|p1b: Venusaur|Protect|p1b: Venusaur\n|-singleturn|p1b: Venusaur|Protect\n|move|p2a: Sneasler|Fake Out|p1b: Venusaur\n|-activate|p1b: Venusaur|move: Protect\n|move|p2b: Slowking|Trick Room|p2b: Slowking\n|-fieldstart|move: Trick Room|[of] p2b: Slowking\n|\n|upkeep\n|turn|2\n|inactive|niuniu123 has 30 seconds left.\n|inactive|niuniu123 has 20 seconds left.\n|\n|t:|1776672346\n|switch|p1a: Torkoal|Torkoal, L50, F|100/100\n|-weather|SunnyDay|[from] ability: Drought|[of] p1a: Torkoal\n|switch|p2a: Milotic|Milotic, L50, F|100/100\n|-prepare|p2b: Slowking|Chilly Reception|[premajor]\n|move|p2b: Slowking|Chilly Reception|p2b: Slowking\n|-weather|Snowscape\n|\n|t:|1776672355\n|switch|p2b: Altaria|Altaria, L50, M|100/100|[from] Chilly Reception\n|move|p1b: Venusaur|Sleep Powder|p2a: Milotic\n|-status|p2a: Milotic|slp|[from] move: Sleep Powder\n|\n|-weather|Snowscape|[upkeep]\n|upkeep\n|turn|3\n|\n|t:|1776672377\n|detailschange|p2b: Altaria|Altaria-Mega, L50, M\n|-mega|p2b: Altaria|Altaria|Altarianite\n|move|p1a: Torkoal|Weather Ball|p2b: Altaria\n|-supereffective|p2b: Altaria|1\n|-damage|p2b: Altaria|43/100\n|cant|p2a: Milotic|slp\n|move|p2b: Altaria|Draco Meteor|p1b: Venusaur\n|-damage|p1b: Venusaur|28/100\n|-unboost|p2b: Altaria|spa|2\n|move|p1b: Venusaur|Sleep Powder|p2b: Altaria\n|-status|p2b: Altaria|slp|[from] move: Sleep Powder\n|\n|-weather|Snowscape|[upkeep]\n|upkeep\n|turn|4\n|\n|t:|1776672398\n|switch|p2b: Slowking|Slowking, L50, F|100/100\n|move|p1a: Torkoal|Eruption|p2a: Milotic|[spread] p2a,p2b\n|-resisted|p2a: Milotic|1\n|-resisted|p2b: Slowking|1\n|-damage|p2a: Milotic|84/100 slp\n|-damage|p2b: Slowking|85/100\n|cant|p2a: Milotic|slp\n|move|p1b: Venusaur|Energy Ball|p2a: Milotic\n|-supereffective|p2a: Milotic|1\n|-enditem|p2a: Milotic|Rindo Berry|[eat]\n|-enditem|p2a: Milotic|Rindo Berry|[weaken]\n|-damage|p2a: Milotic|63/100 slp\n|\n|-weather|Snowscape|[upkeep]\n|upkeep\n|turn|5\n|inactive|niuniu123 has 30 seconds left.\n|inactive|niuniu123 has 20 seconds left.\n|\n|t:|1776672436\n|move|p1b: Venusaur|Protect|p1b: Venusaur\n|-singleturn|p1b: Venusaur|Protect\n|move|p1a: Torkoal|Earth Power|p2a: Milotic\n|-damage|p2a: Milotic|50/100 slp\n|move|p2b: Slowking|Muddy Water|p1a: Torkoal|[spread] p1a\n|-activate|p1b: Venusaur|move: Protect\n|-supereffective|p1a: Torkoal|1\n|-damage|p1a: Torkoal|39/100\n|-curestatus|p2a: Milotic|slp|[msg]\n|move|p2a: Milotic|Muddy Water|p1b: Venusaur|[spread] \n|-activate|p1b: Venusaur|move: Protect\n|-miss|p2a: Milotic|p1a: Torkoal\n|\n|-weather|Snowscape|[upkeep]\n|-fieldend|move: Trick Room\n|upkeep\n|turn|6\n|inactive|niuniu123 has 30 seconds left.\n|inactive|blonkus has 30 seconds left.\n|\n|t:|1776672467\n|move|p1b: Venusaur|Energy Ball|p2a: Milotic\n|-supereffective|p2a: Milotic|1\n|-damage|p2a: Milotic|8/100\n|move|p2a: Milotic|Muddy Water|p1a: Torkoal|[spread] p1a,p1b\n|-supereffective|p1a: Torkoal|1\n|-resisted|p1b: Venusaur|1\n|-damage|p1a: Torkoal|0 fnt\n|-damage|p1b: Venusaur|15/100\n|faint|p1a: Torkoal\n|move|p2b: Slowking|Muddy Water|p1b: Venusaur\n|-resisted|p1b: Venusaur|1\n|-damage|p1b: Venusaur|0 fnt\n|faint|p1b: Venusaur\n|\n|-weather|none\n|upkeep\n|\n|t:|1776672483\n|switch|p1b: Basculegion|Basculegion, L50, M|100/100\n|switch|p1a: Charizard|Charizard, L50, M|100/100\n|turn|7\n|\n|t:|1776672495\n|move|p1a: Charizard|Protect|p1a: Charizard\n|-singleturn|p1a: Charizard|Protect\n|move|p2a: Milotic|Protect|p2a: Milotic\n|-singleturn|p2a: Milotic|Protect\n|move|p1b: Basculegion|Last Respects|p2b: Slowking\n|-supereffective|p2b: Slowking|1\n|-damage|p2b: Slowking|0 fnt\n|faint|p2b: Slowking\n|\n|upkeep\n|\n|t:|1776672504\n|switch|p2b: Sneasler|Sneasler, L50, M|100/100\n|turn|8\n|\n|t:|1776672522\n|detailschange|p1a: Charizard|Charizard-Mega-Y, L50, M\n|-mega|p1a: Charizard|Charizard|Charizardite Y\n|-weather|SunnyDay|[from] ability: Drought|[of] p1a: Charizard\n|move|p2b: Sneasler|Fake Out|p1a: Charizard\n|-damage|p1a: Charizard|82/100\n|move|p1b: Basculegion|Last Respects|p2a: Milotic\n|-damage|p2a: Milotic|0 fnt\n|faint|p2a: Milotic\n|cant|p1a: Charizard|flinch\n|\n|-weather|SunnyDay|[upkeep]\n|upkeep\n|\n|t:|1776672533\n|switch|p2a: Altaria|Altaria-Mega, L50, M|43/100 slp\n|turn|9\n|\n|t:|1776672543\n|cant|p2a: Altaria|slp\n|move|p1b: Basculegion|Last Respects|p2a: Altaria\n|-crit|p2a: Altaria\n|-damage|p2a: Altaria|0 fnt\n|faint|p2a: Altaria\n|move|p2b: Sneasler|Dire Claw|p1b: Basculegion\n|-resisted|p1b: Basculegion|1\n|-damage|p1b: Basculegion|75/100\n|move|p1a: Charizard|Air Slash|p2b: Sneasler\n|-supereffective|p2b: Sneasler|1\n|-enditem|p2b: Sneasler|Focus Sash\n|-damage|p2b: Sneasler|1/100\n|\n|-weather|SunnyDay|[upkeep]\n|upkeep\n|turn|10\n|\n|t:|1776672560\n|move|p2b: Sneasler|Dire Claw|p1b: Basculegion\n|-resisted|p1b: Basculegion|1\n|-damage|p1b: Basculegion|48/100\n|-status|p1b: Basculegion|par\n|move|p1a: Charizard|Air Slash|p2b: Sneasler\n|-supereffective|p2b: Sneasler|1\n|-damage|p2b: Sneasler|0 fnt\n|faint|p2b: Sneasler\n|\n|win|niuniu123\n|raw|niuniu123's rating: 1000 &rarr; <strong>1044</strong><br />(+44 for winning)\n|raw|blonkus's rating: 1037 &rarr; <strong>1020</strong><br />(-17 for losing)\n|l|\u2606blonkus\n|player|p2|\n",
  "uploadtime": 1776672582,
  "views": 13,
  "formatid": "gen9championsvgc2026regma",
  "rating": 1020,
  "private": 0,
  "password": null
}