{
  "id": "gen9championsvgc2026regma-2582539083",
  "format": "[Gen 9 Champions] VGC 2026 Reg M-A",
  "players": [
    "Remy&Henny",
    "Houseplantish"
  ],
  "log": "|j|\u2606Remy&Henny\n|j|\u2606Houseplantish\n|t:|1776098097\n|gametype|doubles\n|player|p1|Remy&Henny|scientist-gen4dp|1082\n|player|p2|Houseplantish|rocketgruntf|1141\n|gen|9\n|tier|[Gen 9 Champions] VGC 2026 Reg M-A\n|rated|\n|rule|Species Clause: Limit one of each Pok\u00e9mon\n|rule|Item Clause: Limit 1 of each item\n|clearpoke\n|poke|p1|Aerodactyl, L50, F|\n|poke|p1|Charizard, L50, F|\n|poke|p1|Venusaur, L50, F|\n|poke|p1|Rotom-Heat, L50|\n|poke|p1|Tauros-Paldea-Blaze, L50, M|\n|poke|p1|Gourgeist-*, L50, F|\n|poke|p2|Absol, L50, F|\n|poke|p2|Espathra, L50, M|\n|poke|p2|Meowscarada, L50, F|\n|poke|p2|Scizor, L50, F|\n|poke|p2|Archaludon, L50, M|\n|poke|p2|Sylveon, L50, M|\n|teampreview|4\n|inactive|Battle timer is ON: inactive players will automatically lose when time's up. (requested by Houseplantish)\n|j| SENSHOO\n|inactive|Houseplantish has 60 seconds left.\n|inactive|Remy&Henny has 60 seconds left.\n|\n|t:|1776098156\n|teamsize|p1|4\n|teamsize|p2|4\n|start\n|switch|p1a: Aerodactyl|Aerodactyl, L50, F|100/100\n|switch|p1b: Charizard|Charizard, L50, F|100/100\n|switch|p2a: Espathra|Espathra, L50, M|100/100\n|switch|p2b: Meowscarada|Meowscarada, L50, F|100/100\n|-ability|p1a: Aerodactyl|Unnerve\n|turn|1\n|inactive|Remy&Henny has 30 seconds left.\n|\n|t:|1776098190\n|detailschange|p1b: Charizard|Charizard-Mega-Y, L50, F\n|-mega|p1b: Charizard|Charizard|Charizardite Y\n|-weather|SunnyDay|[from] ability: Drought|[of] p1b: Charizard\n|move|p1b: Charizard|Protect|p1b: Charizard\n|-singleturn|p1b: Charizard|Protect\n|move|p2b: Meowscarada|Trick|p1a: Aerodactyl\n|-activate|p2b: Meowscarada|move: Trick|[of] p1a: Aerodactyl\n|-item|p1a: Aerodactyl|Choice Scarf|[from] move: Trick\n|-item|p2b: Meowscarada|Focus Sash|[from] move: Trick\n|move|p1a: Aerodactyl|Tailwind|p1a: Aerodactyl\n|-sidestart|p1: Remy&Henny|move: Tailwind\n|move|p2a: Espathra|Calm Mind|p2a: Espathra\n|-boost|p2a: Espathra|spa|1\n|-boost|p2a: Espathra|spd|1\n|\n|-weather|SunnyDay|[upkeep]\n|-ability|p2a: Espathra|Speed Boost|boost\n|-boost|p2a: Espathra|spe|1\n|upkeep\n|turn|2\n|\n|t:|1776098210\n|switch|p1a: Venusaur|Venusaur, L50, F|100/100\n|move|p2a: Espathra|Protect|p2a: Espathra\n|-singleturn|p2a: Espathra|Protect\n|move|p1b: Charizard|Heat Wave|p2a: Espathra|[spread] p2b\n|-activate|p2a: Espathra|move: Protect\n|-supereffective|p2b: Meowscarada|1\n|-enditem|p2b: Meowscarada|Focus Sash\n|-damage|p2b: Meowscarada|1/100\n|move|p2b: Meowscarada|Flower Trick|p1a: Venusaur\n|-resisted|p1a: Venusaur|2\n|-crit|p1a: Venusaur\n|-damage|p1a: Venusaur|78/100\n|\n|-weather|SunnyDay|[upkeep]\n|-ability|p2a: Espathra|Speed Boost|boost\n|-boost|p2a: Espathra|spe|1\n|upkeep\n|turn|3\n|inactive|Remy&Henny has 30 seconds left.\n|\n|t:|1776098243\n|move|p1a: Venusaur|Sleep Powder|p2a: Espathra\n|-status|p2a: Espathra|slp|[from] move: Sleep Powder\n|move|p1b: Charizard|Heat Wave|p2a: Espathra|[spread] p2a,p2b\n|-supereffective|p2b: Meowscarada|1\n|-damage|p2a: Espathra|41/100 slp\n|-damage|p2b: Meowscarada|0 fnt\n|faint|p2b: Meowscarada\n|cant|p2a: Espathra|slp\n|\n|-weather|SunnyDay|[upkeep]\n|-ability|p2a: Espathra|Speed Boost|boost\n|-boost|p2a: Espathra|spe|1\n|upkeep\n|\n|t:|1776098251\n|switch|p2b: Scizor|Scizor, L50, F|100/100\n|turn|4\n|inactive|Remy&Henny has 30 seconds left.\n|inactive|Remy&Henny has 20 seconds left.\n|\n|t:|1776098288\n|detailschange|p2b: Scizor|Scizor-Mega, L50, F\n|-mega|p2b: Scizor|Scizor|Scizorite\n|cant|p2a: Espathra|slp\n|move|p2b: Scizor|Bullet Punch|p1a: Venusaur\n|-damage|p1a: Venusaur|25/100\n|move|p1a: Venusaur|Giga Drain|p2a: Espathra\n|-damage|p2a: Espathra|6/100 slp\n|-heal|p1a: Venusaur|47/100|[from] drain|[of] p2a: Espathra\n|move|p1b: Charizard|Heat Wave|p2a: Espathra|[spread] p2a,p2b\n|-supereffective|p2b: Scizor|2\n|-damage|p2a: Espathra|0 fnt\n|-damage|p2b: Scizor|0 fnt\n|faint|p2a: Espathra\n|faint|p2b: Scizor\n|\n|-weather|SunnyDay|[upkeep]\n|-sideend|p1: Remy&Henny|move: Tailwind\n|upkeep\n|\n|t:|1776098292\n|switch|p2b: Sylveon|Sylveon, L50, M|100/100\n|turn|5\n|-message|Houseplantish forfeited.\n|\n|win|Remy&Henny\n|raw|Remy&amp;Henny's rating: 1082 &rarr; <strong>1114</strong><br />(+32 for winning)\n|raw|Houseplantish's rating: 1141 &rarr; <strong>1112</strong><br />(-29 for losing)\n",
  "uploadtime": 1776098296,
  "views": 12,
  "formatid": "gen9championsvgc2026regma",
  "rating": 1112,
  "private": 0,
  "password": null
}