{
  "id": "gen9championsvgc2026regma-2589460795",
  "format": "[Gen 9 Champions] VGC 2026 Reg M-A",
  "players": [
    "hariett",
    "mamdani"
  ],
  "log": "|j|\u2606hariett\n|j|\u2606mamdani\n|t:|1776724971\n|gametype|doubles\n|player|p1|hariett|266|1103\n|player|p2|mamdani|clerk|1073\n|gen|9\n|tier|[Gen 9 Champions] VGC 2026 Reg M-A\n|rated|\n|rule|Species Clause: Limit one of each Pok\u00e9mon\n|rule|Item Clause: Limit 1 of each item\n|clearpoke\n|poke|p1|Kommo-o, L50, F|\n|poke|p1|Corviknight, L50, M|\n|poke|p1|Whimsicott, L50, F|\n|poke|p1|Arcanine-Hisui, L50, M|\n|poke|p1|Basculegion, L50, M|\n|poke|p1|Sinistcha, L50|\n|poke|p2|Drampa, L50, F|\n|poke|p2|Slowking-Galar, L50, F|\n|poke|p2|Conkeldurr, L50, F|\n|poke|p2|Aggron, L50, M|\n|poke|p2|Cofagrigus, L50, F|\n|poke|p2|Sinistcha, L50|\n|teampreview|4\n|\n|t:|1776725014\n|teamsize|p1|4\n|teamsize|p2|4\n|start\n|switch|p1a: Kommo-o|Kommo-o, L50, F|100/100\n|switch|p1b: Corviknight|Corviknight, L50, M|100/100\n|switch|p2a: Cofagrigus|Cofagrigus, L50, F|100/100\n|switch|p2b: Aggron|Aggron, L50, M|100/100\n|turn|1\n|\n|t:|1776725026\n|move|p1a: Kommo-o|Aura Sphere|p2b: Aggron\n|-supereffective|p2b: Aggron|2\n|-damage|p2b: Aggron|0 fnt\n|faint|p2b: Aggron\n|move|p1b: Corviknight|Iron Defense|p1b: Corviknight\n|-boost|p1b: Corviknight|def|2\n|move|p2a: Cofagrigus|Trick Room|p2a: Cofagrigus\n|-fieldstart|move: Trick Room|[of] p2a: Cofagrigus\n|\n|upkeep\n|\n|t:|1776725036\n|switch|p2b: Drampa|Drampa, L50, F|100/100\n|-ability|p2b: Drampa|Cloud Nine\n|turn|2\n|\n|t:|1776725054\n|detailschange|p2b: Drampa|Drampa-Mega, L50, F\n|-mega|p2b: Drampa|Drampa|Drampanite\n|move|p1a: Kommo-o|Protect|p1a: Kommo-o\n|-singleturn|p1a: Kommo-o|Protect\n|move|p2a: Cofagrigus|Nasty Plot|p2a: Cofagrigus\n|-boost|p2a: Cofagrigus|spa|2\n|move|p2b: Drampa|Dragon Pulse|p1a: Kommo-o\n|-activate|p1a: Kommo-o|move: Protect\n|move|p1b: Corviknight|Body Press|p2b: Drampa\n|-supereffective|p2b: Drampa|1\n|-damage|p2b: Drampa|26/100\n|-ability|p2b: Drampa|Berserk|boost\n|-boost|p2b: Drampa|spa|1\n|\n|upkeep\n|turn|3\n|\n|t:|1776725084\n|move|p2a: Cofagrigus|Shadow Ball|p1b: Corviknight\n|-damage|p1b: Corviknight|37/100\n|-ability|p1b: Corviknight|Mirror Armor\n|-unboost|p2a: Cofagrigus|spd|1\n|move|p2b: Drampa|Dragon Pulse|p1a: Kommo-o\n|-supereffective|p1a: Kommo-o|1\n|-damage|p1a: Kommo-o|0 fnt\n|faint|p1a: Kommo-o\n|move|p1b: Corviknight|Body Press|p2b: Drampa\n|-supereffective|p2b: Drampa|1\n|-damage|p2b: Drampa|0 fnt\n|faint|p2b: Drampa\n|\n|-heal|p1b: Corviknight|43/100|[from] item: Leftovers\n|upkeep\n|\n|t:|1776725098\n|switch|p2b: Slowking|Slowking-Galar, L50, F|100/100\n|switch|p1a: Sinistcha|Sinistcha, L50|100/100\n|-heal|p1b: Corviknight|68/100|[from] ability: Hospitality|[of] p1a: Sinistcha\n|turn|4\n|\n|t:|1776725120\n|move|p1a: Sinistcha|Protect|p1a: Sinistcha\n|-singleturn|p1a: Sinistcha|Protect\n|move|p2b: Slowking|Sludge Bomb|p1a: Sinistcha\n|-activate|p1a: Sinistcha|move: Protect\n|move|p2a: Cofagrigus|Nasty Plot|p2a: Cofagrigus\n|-boost|p2a: Cofagrigus|spa|2\n|move|p1b: Corviknight|Iron Head|p2a: Cofagrigus\n|-damage|p2a: Cofagrigus|80/100\n|-activate|p2a: Cofagrigus|ability: Mummy|p1b: Corviknight|[ability] Mirror Armor\n|\n|-heal|p1b: Corviknight|74/100|[from] item: Leftovers\n|upkeep\n|turn|5\n|\n|t:|1776725147\n|move|p2a: Cofagrigus|Shadow Ball|p1a: Sinistcha\n|-supereffective|p1a: Sinistcha|1\n|-damage|p1a: Sinistcha|0 fnt\n|faint|p1a: Sinistcha\n|move|p2b: Slowking|Yawn|p1b: Corviknight\n|-start|p1b: Corviknight|move: Yawn|[of] p2b: Slowking\n|move|p1b: Corviknight|Iron Head|p2b: Slowking\n|-damage|p2b: Slowking|78/100\n|\n|-heal|p2b: Slowking|83/100|[from] item: Leftovers\n|-heal|p1b: Corviknight|80/100|[from] item: Leftovers\n|-fieldend|move: Trick Room\n|upkeep\n|\n|t:|1776725158\n|switch|p1a: Arcanine|Arcanine-Hisui, L50, M|100/100\n|-ability|p1a: Arcanine|Intimidate|boost\n|-unboost|p2a: Cofagrigus|atk|1\n|-unboost|p2b: Slowking|atk|1\n|turn|6\n|\n|t:|1776725170\n|move|p1a: Arcanine|Flare Blitz|p2a: Cofagrigus\n|-damage|p2a: Cofagrigus|33/100\n|-activate|p2a: Cofagrigus|ability: Mummy|p1a: Arcanine|[ability] Intimidate\n|-damage|p1a: Arcanine|85/100|[from] Recoil\n|move|p1b: Corviknight|Iron Head|p2a: Cofagrigus\n|-damage|p2a: Cofagrigus|13/100\n|move|p2a: Cofagrigus|Shadow Ball|p1a: Arcanine\n|-damage|p1a: Arcanine|0 fnt\n|faint|p1a: Arcanine\n|move|p2b: Slowking|Trick Room|p2b: Slowking\n|-fieldstart|move: Trick Room|[of] p2b: Slowking\n|\n|-heal|p2b: Slowking|89/100|[from] item: Leftovers\n|-heal|p1b: Corviknight|85/100|[from] item: Leftovers\n|-end|p1b: Corviknight|move: Yawn|[silent]\n|-status|p1b: Corviknight|slp\n|upkeep\n|turn|7\n|\n|t:|1776725192\n|move|p2a: Cofagrigus|Shadow Ball|p1b: Corviknight\n|-crit|p1b: Corviknight\n|-damage|p1b: Corviknight|0 fnt\n|faint|p1b: Corviknight\n|\n|win|mamdani\n|raw|hariett's rating: 1103 &rarr; <strong>1076</strong><br />(-27 for losing)\n|raw|mamdani's rating: 1073 &rarr; <strong>1105</strong><br />(+32 for winning)\n|l|\u2606hariett\n|player|p1|\n",
  "uploadtime": 1776725198,
  "views": 4,
  "formatid": "gen9championsvgc2026regma",
  "rating": 1076,
  "private": 0,
  "password": null
}