{
  "id": "gen9championsvgc2026regma-2584443900",
  "format": "[Gen 9 Champions] VGC 2026 Reg M-A",
  "players": [
    "Megamoehre",
    "Underclass_Zero"
  ],
  "log": "|j|\u2606Megamoehre\n|j|\u2606Underclass_Zero\n|t:|1776261274\n|gametype|doubles\n|player|p1|Megamoehre|blackbelt-gen4dp|1132\n|player|p2|Underclass_Zero|roxie|1090\n|gen|9\n|tier|[Gen 9 Champions] VGC 2026 Reg M-A\n|rated|\n|rule|Species Clause: Limit one of each Pok\u00e9mon\n|rule|Item Clause: Limit 1 of each item\n|clearpoke\n|poke|p1|Glimmora, L50, F|\n|poke|p1|Froslass, L50, F|\n|poke|p1|Incineroar, L50, M|\n|poke|p1|Sneasler, L50, F|\n|poke|p1|Aerodactyl, L50, M|\n|poke|p1|Sinistcha, L50|\n|poke|p2|Castform, L50, M|\n|poke|p2|Pelipper, L50, F|\n|poke|p2|Torkoal, L50, F|\n|poke|p2|Abomasnow, L50, M|\n|poke|p2|Tyranitar, L50, M|\n|poke|p2|Scizor, L50, M|\n|teampreview|4\n|\n|t:|1776261298\n|teamsize|p1|4\n|teamsize|p2|4\n|start\n|switch|p1a: Sneasler|Sneasler, L50, F|100/100\n|switch|p1b: Aerodactyl|Aerodactyl, L50, M, shiny|100/100\n|switch|p2a: Skittles|Castform, L50, M|100/100\n|switch|p2b: Toilet|Pelipper, L50, F|100/100\n|-ability|p1b: Aerodactyl|Unnerve\n|-weather|RainDance|[from] ability: Drizzle|[of] p2b: Toilet\n|-formechange|p2a: Skittles|Castform-Rainy|[msg]|[from] ability: Forecast\n|turn|1\n|\n|t:|1776261337\n|move|p1a: Sneasler|Fake Out|p2a: Skittles\n|-damage|p2a: Skittles|75/100\n|move|p1b: Aerodactyl|Tailwind|p1b: Aerodactyl\n|-sidestart|p1: Megamoehre|move: Tailwind\n|cant|p2a: Skittles|flinch\n|move|p2b: Toilet|Hurricane|p1a: Sneasler\n|-supereffective|p1a: Sneasler|1\n|-damage|p1a: Sneasler|0 fnt\n|faint|p1a: Sneasler\n|\n|-weather|RainDance|[upkeep]\n|upkeep\n|\n|t:|1776261353\n|switch|p1a: Glimmora|Glimmora, L50, F, shiny|100/100\n|turn|2\n|\n|t:|1776261382\n|detailschange|p1a: Glimmora|Glimmora-Mega, L50, F, shiny\n|-mega|p1a: Glimmora|Glimmora|Glimmoranite\n|move|p2b: Toilet|Wide Guard|p2b: Toilet\n|-singleturn|p2b: Toilet|Wide Guard\n|move|p1b: Aerodactyl|Rock Slide|p2b: Toilet|[spread] \n|-activate|p2a: Skittles|move: Wide Guard\n|-activate|p2b: Toilet|move: Wide Guard\n|move|p1a: Glimmora|Power Gem|p2b: Toilet\n|-supereffective|p2b: Toilet|1\n|-damage|p2b: Toilet|0 fnt\n|faint|p2b: Toilet\n|move|p2a: Skittles|Weather Ball|p1b: Aerodactyl\n|-supereffective|p1b: Aerodactyl|1\n|-enditem|p1b: Aerodactyl|Focus Sash\n|-damage|p1b: Aerodactyl|1/100\n|\n|-weather|RainDance|[upkeep]\n|upkeep\n|\n|t:|1776261398\n|switch|p2b: Red 40|Scizor, L50, M|100/100\n|turn|3\n|\n|t:|1776261409\n|switch|p1b: Incineroar|Incineroar, L50, M|100/100\n|-ability|p1b: Incineroar|Intimidate|boost\n|-unboost|p2a: Skittles|atk|1\n|-unboost|p2b: Red 40|atk|1\n|move|p2b: Red 40|Bullet Punch|p1b: Incineroar\n|-resisted|p1b: Incineroar|1\n|-damage|p1b: Incineroar|89/100\n|move|p1a: Glimmora|Power Gem|p2b: Red 40\n|-damage|p2b: Red 40|11/100\n|move|p2a: Skittles|Weather Ball|p1a: Glimmora\n|-supereffective|p1a: Glimmora|1\n|-damage|p1a: Glimmora|0 fnt\n|faint|p1a: Glimmora\n|\n|-weather|RainDance|[upkeep]\n|upkeep\n|\n|t:|1776261423\n|switch|p1a: Aerodactyl|Aerodactyl, L50, M, shiny|1/100\n|-ability|p1a: Aerodactyl|Unnerve\n|turn|4\n|\n|t:|1776261440\n|move|p1b: Incineroar|Fake Out|p2b: Red 40\n|-resisted|p2b: Red 40|1\n|-damage|p2b: Red 40|4/100\n|cant|p2b: Red 40|flinch\n|move|p1a: Aerodactyl|Rock Slide|p2b: Red 40|[spread] p2b\n|-miss|p1a: Aerodactyl|p2a: Skittles\n|-damage|p2b: Red 40|0 fnt\n|faint|p2b: Red 40\n|move|p2a: Skittles|Weather Ball|p1b: Incineroar\n|-supereffective|p1b: Incineroar|1\n|-damage|p1b: Incineroar|0 fnt\n|faint|p1b: Incineroar\n|\n|-weather|RainDance|[upkeep]\n|-sideend|p1: Megamoehre|move: Tailwind\n|upkeep\n|\n|t:|1776261454\n|switch|p2b: Yart|Torkoal, L50, F|100/100\n|-weather|SunnyDay|[from] ability: Drought|[of] p2b: Yart\n|-formechange|p2a: Skittles|Castform-Sunny|[msg]|[from] ability: Forecast\n|turn|5\n|\n|t:|1776261464\n|move|p1a: Aerodactyl|Rock Slide|p2b: Yart|[spread] p2a,p2b\n|-supereffective|p2a: Skittles|1\n|-supereffective|p2b: Yart|1\n|-damage|p2a: Skittles|0 fnt\n|-damage|p2b: Yart|69/100\n|faint|p2a: Skittles\n|move|p2b: Yart|Rapid Spin|p1a: Aerodactyl\n|-resisted|p1a: Aerodactyl|1\n|-damage|p1a: Aerodactyl|0 fnt\n|-boost|p2b: Yart|spe|1\n|faint|p1a: Aerodactyl\n|\n|win|Underclass_Zero\n|raw|Megamoehre's rating: 1132 &rarr; <strong>1104</strong><br />(-28 for losing)\n|raw|Underclass_Zero's rating: 1090 &rarr; <strong>1120</strong><br />(+30 for winning)\n|l|\u2606Megamoehre\n|player|p1|\n|c|\u2606Underclass_Zero|gg\n",
  "uploadtime": 1776261484,
  "views": 28,
  "formatid": "gen9championsvgc2026regma",
  "rating": 1104,
  "private": 0,
  "password": null
}