{
  "id": "gen9championsvgc2026regma-2580853155",
  "format": "[Gen 9 Champions] VGC 2026 Reg M-A",
  "players": [
    "yuriimon",
    "WhatTheOink"
  ],
  "log": "|j|\u2606yuriimon\n|j|\u2606WhatTheOink\n|t:|1775937834\n|gametype|doubles\n|player|p1|yuriimon|waitress-gen4|1081\n|player|p2|WhatTheOink|pokekid|1126\n|gen|9\n|tier|[Gen 9 Champions] VGC 2026 Reg M-A\n|rated|\n|rule|Species Clause: Limit one of each Pok\u00e9mon\n|rule|Item Clause: Limit 1 of each item\n|clearpoke\n|poke|p1|Feraligatr, L50, M|\n|poke|p1|Gallade, L50, M|\n|poke|p1|Politoed, L50, M|\n|poke|p1|Raichu, L50, F|\n|poke|p1|Arcanine-Hisui, L50, F|\n|poke|p1|Clefable, L50, F|\n|poke|p2|Venusaur, L50, M|\n|poke|p2|Charizard, L50, F|\n|poke|p2|Kingambit, L50, F|\n|poke|p2|Sneasler, L50, F|\n|poke|p2|Whimsicott, L50, F|\n|poke|p2|Rotom-Wash, L50|\n|teampreview|4\n|inactive|Battle timer is ON: inactive players will automatically lose when time's up. (requested by yuriimon)\n|inactive|WhatTheOink has 60 seconds left.\nWhatTheOink has agreed to open team sheets.\n|\n|t:|1775937880\n|teamsize|p1|4\n|teamsize|p2|4\n|start\n|switch|p1a: Raichu|Raichu, L50, F|100/100\n|switch|p1b: Gallade|Gallade, L50, M|100/100\n|switch|p2a: Rotom|Rotom-Wash, L50|100/100\n|switch|p2b: Sneasler|Sneasler, L50, F|100/100\n|turn|1\n|inactive|WhatTheOink has 30 seconds left.\n|\n|t:|1775937907\n|move|p2b: Sneasler|Protect|p2b: Sneasler\n|-singleturn|p2b: Sneasler|Protect\n|move|p1a: Raichu|Upper Hand||[still]\n|-fail|p1a: Raichu\n|move|p2a: Rotom|Trick|p1a: Raichu\n|-activate|p2a: Rotom|move: Trick|[of] p1a: Raichu\n|-item|p1a: Raichu|Choice Scarf|[from] move: Trick\n|-item|p2a: Rotom|Focus Sash|[from] move: Trick\n|move|p1b: Gallade|Trick Room|p1b: Gallade\n|-fieldstart|move: Trick Room|[of] p1b: Gallade\n|\n|upkeep\n|turn|2\n|inactive|WhatTheOink has 30 seconds left.\n|\n|t:|1775937935\n|move|p1b: Gallade|Psycho Cut|p2b: Sneasler\n|-supereffective|p2b: Sneasler|2\n|-damage|p2b: Sneasler|0 fnt\n|faint|p2b: Sneasler\n|move|p2a: Rotom|Hydro Pump|p1b: Gallade\n|-damage|p1b: Gallade|64/100\n|move|p1a: Raichu|Volt Switch|p2a: Rotom\n|-damage|p2a: Rotom|75/100\n|\n|t:|1775937947\n|switch|p1a: Feraligatr|Feraligatr, L50, M|100/100|[from] Volt Switch\n|\n|upkeep\n|\n|t:|1775937958\n|switch|p2b: Venusaur|Venusaur, L50, M|100/100\n|turn|3\n|\n|t:|1775937969\n|detailschange|p1a: Feraligatr|Feraligatr-Mega, L50, M\n|-mega|p1a: Feraligatr|Feraligatr|Feraligite\n|move|p1b: Gallade|Sacred Sword|p2b: Venusaur\n|-resisted|p2b: Venusaur|1\n|-damage|p2b: Venusaur|62/100\n|move|p1a: Feraligatr|Body Slam|p2b: Venusaur\n|-damage|p2b: Venusaur|0 fnt\n|faint|p2b: Venusaur\n|move|p2a: Rotom|Volt Switch|p1a: Feraligatr\n|-damage|p1a: Feraligatr|77/100\n|\n|t:|1775937976\n|switch|p2a: Charizard|Charizard, L50, F|100/100|[from] Volt Switch\n|\n|upkeep\n|\n|t:|1775937978\n|switch|p2b: Rotom|Rotom-Wash, L50|75/100\n|turn|4\n|inactive|yuriimon has 30 seconds left.\n|\n|t:|1775938011\n|detailschange|p2a: Charizard|Charizard-Mega-Y, L50, F\n|-mega|p2a: Charizard|Charizard|Charizardite Y\n|-weather|SunnyDay|[from] ability: Drought|[of] p2a: Charizard\n|move|p2a: Charizard|Protect|p2a: Charizard\n|-singleturn|p2a: Charizard|Protect\n|move|p2b: Rotom|Protect|p2b: Rotom\n|-singleturn|p2b: Rotom|Protect\n|move|p1b: Gallade|Psycho Cut|p2a: Charizard\n|-activate|p2a: Charizard|move: Protect\n|move|p1a: Feraligatr|Liquidation|p2a: Charizard\n|-activate|p2a: Charizard|move: Protect\n|\n|-weather|SunnyDay|[upkeep]\n|upkeep\n|turn|5\n|\n|t:|1775938031\n|move|p1b: Gallade|Psycho Cut|p2a: Charizard\n|-damage|p2a: Charizard|47/100\n|move|p1a: Feraligatr|Liquidation|p2a: Charizard\n|-supereffective|p2a: Charizard|1\n|-damage|p2a: Charizard|0 fnt\n|faint|p2a: Charizard\n|move|p2b: Rotom|Volt Switch|p1a: Feraligatr\n|-damage|p1a: Feraligatr|53/100\n|\n|-weather|SunnyDay|[upkeep]\n|-fieldend|move: Trick Room\n|upkeep\n|turn|6\n|-message|WhatTheOink forfeited.\n|\n|win|yuriimon\n|raw|yuriimon's rating: 1081 &rarr; <strong>1112</strong><br />(+31 for winning)\n|raw|WhatTheOink's rating: 1126 &rarr; <strong>1098</strong><br />(-28 for losing)\n|l|\u2606WhatTheOink\n|player|p2|\n",
  "uploadtime": 1775938040,
  "views": 14,
  "formatid": "gen9championsvgc2026regma",
  "rating": 1098,
  "private": 0,
  "password": null
}