{
  "id": "gen9championsvgc2026regma-2584994508",
  "format": "[Gen 9 Champions] VGC 2026 Reg M-A",
  "players": [
    "reisquaza1",
    "zac5224666"
  ],
  "log": "|j|\u2606reisquaza1\n|j|\u2606zac5224666\n|t:|1776301568\n|gametype|doubles\n|player|p1|reisquaza1|flannery|1359\n|player|p2|zac5224666|170|1314\n|gen|9\n|tier|[Gen 9 Champions] VGC 2026 Reg M-A\n|rated|\n|rule|Species Clause: Limit one of each Pok\u00e9mon\n|rule|Item Clause: Limit 1 of each item\n|clearpoke\n|poke|p1|Floette-Eternal, L50, F|\n|poke|p1|Kingambit, L50, M|\n|poke|p1|Delphox, L50, F|\n|poke|p1|Incineroar, L50, M|\n|poke|p1|Sneasler, L50, F|\n|poke|p1|Garchomp, L50, F|\n|poke|p2|Primarina, L50, F|\n|poke|p2|Scovillain, L50, F|\n|poke|p2|Garchomp, L50, M|\n|poke|p2|Kingambit, L50, M|\n|poke|p2|Aerodactyl, L50, M|\n|poke|p2|Sneasler, L50, M|\n|teampreview|4\n|inactive|Battle timer is ON: inactive players will automatically lose when time's up. (requested by zac5224666)\n|inactive|reisquaza1 has 60 seconds left.\n|inactive|zac5224666 has 60 seconds left.\n|inactive|reisquaza1 has 30 seconds left.\n|inactive|reisquaza1 has 20 seconds left.\n|inactive|reisquaza1 has 15 seconds left.\n|inactive|reisquaza1 has 10 seconds left.\n|\n|t:|1776301658\n|teamsize|p1|4\n|teamsize|p2|4\n|start\n|switch|p1a: Sneasler|Sneasler, L50, F|100/100\n|switch|p1b: Garchomp|Garchomp, L50, F|100/100\n|switch|p2a: Primarina|Primarina, L50, F, shiny|100/100\n|switch|p2b: Scovillain|Scovillain, L50, F, shiny|100/100\n|turn|1\n|inactive|reisquaza1 has 30 seconds left.\n|inactive|zac5224666 has 30 seconds left.\n|inactive|zac5224666 has 20 seconds left.\n|inactive|zac5224666 has 15 seconds left.\n|\n|t:|1776301702\n|switch|p1b: Floette|Floette-Eternal, L50, F|100/100\n|detailschange|p2b: Scovillain|Scovillain-Mega, L50, F, shiny\n|-mega|p2b: Scovillain|Scovillain|Scovillainite\n|move|p2a: Primarina|Protect|p2a: Primarina\n|-singleturn|p2a: Primarina|Protect\n|move|p1a: Sneasler|Fake Out|p2a: Primarina\n|-activate|p2a: Primarina|move: Protect\n|move|p2b: Scovillain|Leech Seed|p1b: Floette\n|-start|p1b: Floette|move: Leech Seed\n|\n|-damage|p1b: Floette|88/100|[from] Leech Seed|[of] p2b: Scovillain\n|upkeep\n|turn|2\n|\n|t:|1776301724\n|detailschange|p1b: Floette|Floette-Mega, L50, F\n|-mega|p1b: Floette|Floette|Floettite\n|-ability|p1b: Floette|Fairy Aura\n|move|p2b: Scovillain|Rage Powder|p2b: Scovillain\n|-singleturn|p2b: Scovillain|move: Rage Powder\n|move|p1a: Sneasler|Dire Claw|p2b: Scovillain\n|-supereffective|p2b: Scovillain|1\n|-damage|p2b: Scovillain|8/100\n|-status|p1a: Sneasler|brn|[from] ability: Spicy Spray|[of] p2b: Scovillain\n|move|p1b: Floette|Calm Mind|p1b: Floette\n|-boost|p1b: Floette|spa|1\n|-boost|p1b: Floette|spd|1\n|move|p2a: Primarina|Calm Mind|p2a: Primarina\n|-boost|p2a: Primarina|spa|1\n|-boost|p2a: Primarina|spd|1\n|\n|-damage|p1b: Floette|76/100|[from] Leech Seed|[of] p2b: Scovillain\n|-heal|p2b: Scovillain|21/100|[silent]\n|-damage|p1a: Sneasler|95/100 brn|[from] brn\n|upkeep\n|turn|3\n|inactive|reisquaza1 has 30 seconds left.\n|inactive|zac5224666 has 30 seconds left.\n|inactive|zac5224666 has 20 seconds left.\n|\n|t:|1776301760\n|move|p1a: Sneasler|Protect|p1a: Sneasler\n|-singleturn|p1a: Sneasler|Protect\n|move|p2b: Scovillain|Rage Powder|p2b: Scovillain\n|-singleturn|p2b: Scovillain|move: Rage Powder\n|move|p1b: Floette|Draining Kiss|p2b: Scovillain\n|-resisted|p2b: Scovillain|1\n|-damage|p2b: Scovillain|0 fnt\n|-heal|p1b: Floette|91/100|[from] drain|[of] p2b: Scovillain\n|-status|p1b: Floette|brn|[from] ability: Spicy Spray|[of] p2b: Scovillain\n|faint|p2b: Scovillain\n|move|p2a: Primarina|Hyper Voice|p1a: Sneasler|[spread] p1b\n|-activate|p1a: Sneasler|move: Protect\n|-damage|p1b: Floette|68/100 brn\n|\n|-damage|p1a: Sneasler|89/100 brn|[from] brn\n|-damage|p1b: Floette|62/100 brn|[from] brn\n|upkeep\n|\n|t:|1776301785\n|switch|p2b: Sneasler|Sneasler, L50, M, shiny|100/100\n|turn|4\n|\n|t:|1776301811\n|move|p1a: Sneasler|Dire Claw|p2a: Primarina\n|-supereffective|p2a: Primarina|1\n|-damage|p2a: Primarina|53/100\n|move|p2b: Sneasler|Dire Claw|p1b: Floette\n|-supereffective|p1b: Floette|1\n|-damage|p1b: Floette|0 fnt\n|faint|p1b: Floette\n|move|p2a: Primarina|Hyper Voice|p1a: Sneasler\n|-damage|p1a: Sneasler|0 fnt\n|faint|p1a: Sneasler\n|\n|-heal|p2a: Primarina|59/100|[from] item: Leftovers\n|upkeep\n|\n|t:|1776301820\n|switch|p1a: Incineroar|Incineroar, L50, M|100/100\n|switch|p1b: Garchomp|Garchomp, L50, F|100/100\n|-ability|p1a: Incineroar|Intimidate|boost\n|-unboost|p2a: Primarina|atk|1\n|-unboost|p2b: Sneasler|atk|1\n|-enditem|p2b: Sneasler|White Herb\n|-clearnegativeboost|p2b: Sneasler|[silent]\n|turn|5\n|inactive|reisquaza1 has 30 seconds left.\n|inactive|reisquaza1 has 20 seconds left.\n|\n|t:|1776301856\n|switch|p2b: Garchomp|Garchomp, L50, M, shiny|100/100\n|move|p1b: Garchomp|Dragon Claw|p2b: Garchomp\n|-supereffective|p2b: Garchomp|1\n|-enditem|p2b: Garchomp|Haban Berry|[eat]\n|-enditem|p2b: Garchomp|Haban Berry|[weaken]\n|-damage|p2b: Garchomp|57/100\n|-damage|p1b: Garchomp|88/100|[from] ability: Rough Skin|[of] p2b: Garchomp\n|move|p1a: Incineroar|Throat Chop|p2a: Primarina\n|-resisted|p2a: Primarina|1\n|-damage|p2a: Primarina|43/100\n|-start|p2a: Primarina|Throat Chop|[silent]\n|cant|p2a: Primarina|move: Throat Chop\n|\n|-heal|p2a: Primarina|49/100|[from] item: Leftovers\n|upkeep\n|turn|6\n|inactive|reisquaza1 has 30 seconds left.\n|inactive|zac5224666 has 30 seconds left.\n|\n|t:|1776301888\n|move|p2a: Primarina|Protect|p2a: Primarina\n|-singleturn|p2a: Primarina|Protect\n|move|p2b: Garchomp|Earthquake|p1a: Incineroar|[spread] p1a,p1b\n|-activate|p2a: Primarina|move: Protect\n|-supereffective|p1a: Incineroar|1\n|-damage|p1a: Incineroar|41/100\n|-damage|p1b: Garchomp|54/100\n|move|p1b: Garchomp|Dragon Claw|p2b: Garchomp\n|-supereffective|p2b: Garchomp|1\n|-damage|p2b: Garchomp|0 fnt\n|-damage|p1b: Garchomp|41/100|[from] ability: Rough Skin|[of] p2b: Garchomp\n|-enditem|p1b: Garchomp|Sitrus Berry|[eat]\n|-heal|p1b: Garchomp|66/100|[from] item: Sitrus Berry\n|faint|p2b: Garchomp\n|move|p1a: Incineroar|Flare Blitz|p2a: Primarina\n|-activate|p2a: Primarina|move: Protect\n|\n|-heal|p1a: Incineroar|47/100|[from] item: Leftovers\n|-heal|p2a: Primarina|55/100|[from] item: Leftovers\n|-end|p2a: Primarina|Throat Chop|[silent]\n|upkeep\n|\n|t:|1776301905\n|switch|p2b: Sneasler|Sneasler, L50, M, shiny|100/100\n|turn|7\n|\n|t:|1776301919\n|move|p2b: Sneasler|Fake Out|p1b: Garchomp\n|-damage|p1b: Garchomp|54/100\n|-damage|p2b: Sneasler|88/100|[from] ability: Rough Skin|[of] p1b: Garchomp\n|cant|p1b: Garchomp|flinch\n|move|p1a: Incineroar|Throat Chop|p2a: Primarina\n|-resisted|p2a: Primarina|1\n|-damage|p2a: Primarina|39/100\n|-start|p2a: Primarina|Throat Chop|[silent]\n|move|p2a: Primarina|Moonblast|p1b: Garchomp\n|-supereffective|p1b: Garchomp|1\n|-damage|p1b: Garchomp|0 fnt\n|faint|p1b: Garchomp\n|\n|-heal|p1a: Incineroar|53/100|[from] item: Leftovers\n|-heal|p2a: Primarina|45/100|[from] item: Leftovers\n|upkeep\n|turn|8\n|-message|reisquaza1 forfeited.\n|\n|win|zac5224666\n|raw|reisquaza1's rating: 1359 &rarr; <strong>1336</strong><br />(-23 for losing)\n|raw|zac5224666's rating: 1314 &rarr; <strong>1337</strong><br />(+23 for winning)\n",
  "uploadtime": 1776301932,
  "views": 33,
  "formatid": "gen9championsvgc2026regma",
  "rating": 1336,
  "private": 0,
  "password": null
}