{
  "id": "gen9championsvgc2026regma-2587629069",
  "format": "[Gen 9 Champions] VGC 2026 Reg M-A",
  "players": [
    "galmic",
    "lolgz"
  ],
  "log": "|j|\u2606galmic\n|j|\u2606lolgz\n|t:|1776548428\n|gametype|doubles\n|player|p1|galmic|steven|1425\n|player|p2|lolgz|dawn|1499\n|gen|9\n|tier|[Gen 9 Champions] VGC 2026 Reg M-A\n|rated|\n|rule|Species Clause: Limit one of each Pok\u00e9mon\n|rule|Item Clause: Limit 1 of each item\n|clearpoke\n|poke|p1|Froslass, L50, F, shiny|\n|poke|p1|Pelipper, L50, F|\n|poke|p1|Basculegion, L50, M, shiny|\n|poke|p1|Archaludon, L50, F, shiny|\n|poke|p1|Incineroar, L50, F, shiny|\n|poke|p1|Sneasler, L50, F|\n|poke|p2|Charizard, L50, M|\n|poke|p2|Basculegion, L50, M|\n|poke|p2|Garchomp, L50, M|\n|poke|p2|Floette-Eternal, L50, F|\n|poke|p2|Aerodactyl, L50, F|\n|poke|p2|Sinistcha, L50|\n|teampreview|4\n|inactive|Battle timer is ON: inactive players will automatically lose when time's up. (requested by galmic)\n|\n|t:|1776548452\n|teamsize|p1|4\n|teamsize|p2|4\n|start\n|switch|p1a: Sneasler|Sneasler, L50, F|100/100\n|switch|p1b: Basculegion|Basculegion, L50, M, shiny|100/100\n|switch|p2a: Aerodactyl|Aerodactyl, L50, F|100/100\n|switch|p2b: Garchomp|Garchomp, L50, M|100/100\n|-ability|p2a: Aerodactyl|Unnerve\n|turn|1\n|\n|t:|1776548466\n|move|p1a: Sneasler|Fake Out|p2a: Aerodactyl\n|-resisted|p2a: Aerodactyl|1\n|-damage|p2a: Aerodactyl|88/100\n|move|p1b: Basculegion|Flip Turn|p2a: Aerodactyl\n|-supereffective|p2a: Aerodactyl|1\n|-damage|p2a: Aerodactyl|0 fnt\n|faint|p2a: Aerodactyl\n|\n|t:|1776548477\n|switch|p1b: Pelipper|Pelipper, L50, F|100/100|[from] Flip Turn\n|-weather|RainDance|[from] ability: Drizzle|[of] p1b: Pelipper\n|move|p2b: Garchomp|Earthquake|p1b: Pelipper|[spread] p1a\n|-immune|p1b: Pelipper\n|-supereffective|p1a: Sneasler|1\n|-damage|p1a: Sneasler|0 fnt\n|faint|p1a: Sneasler\n|\n|-weather|RainDance|[upkeep]\n|upkeep\n|\n|t:|1776548487\n|switch|p2a: Charizard|Charizard, L50, M|100/100\n|switch|p1a: Basculegion|Basculegion, L50, M, shiny|100/100\n|turn|2\n|\n|t:|1776548496\n|detailschange|p2a: Charizard|Charizard-Mega-Y, L50, M\n|-mega|p2a: Charizard|Charizard|Charizardite Y\n|-weather|SunnyDay|[from] ability: Drought|[of] p2a: Charizard\n|move|p1a: Basculegion|Wave Crash|p2a: Charizard\n|-supereffective|p2a: Charizard|1\n|-damage|p2a: Charizard|0 fnt\n|faint|p2a: Charizard\n|-damage|p1a: Basculegion|75/100|[from] Recoil\n|move|p2b: Garchomp|Dragon Claw|p1b: Pelipper\n|-damage|p1b: Pelipper|58/100\n|move|p1b: Pelipper|Tailwind|p1b: Pelipper\n|-sidestart|p1: galmic|move: Tailwind\n|\n|-weather|SunnyDay|[upkeep]\n|upkeep\n|\n|t:|1776548502\n|switch|p2a: Basculegion|Basculegion, L50, M|100/100\n|turn|3\n|\n|t:|1776548517\n|switch|p1a: Archaludon|Archaludon, L50, F, shiny|100/100\n|move|p1b: Pelipper|Protect|p1b: Pelipper\n|-singleturn|p1b: Pelipper|Protect\n|move|p2a: Basculegion|Last Respects|p1a: Archaludon\n|-damage|p1a: Archaludon|31/100\n|-ability|p1a: Archaludon|Stamina|boost\n|-boost|p1a: Archaludon|def|1\n|move|p2b: Garchomp|Dragon Claw|p1b: Pelipper\n|-activate|p1b: Pelipper|move: Protect\n|\n|-weather|SunnyDay|[upkeep]\n|-heal|p1a: Archaludon|38/100|[from] item: Leftovers\n|upkeep\n|turn|4\n|\n|t:|1776548536\n|switch|p1b: Basculegion|Basculegion, L50, M, shiny|75/100\n|move|p1a: Archaludon|Protect|p1a: Archaludon\n|-singleturn|p1a: Archaludon|Protect\n|move|p2a: Basculegion|Last Respects|p1a: Archaludon\n|-activate|p1a: Archaludon|move: Protect\n|move|p2b: Garchomp|Dragon Claw|p1b: Basculegion\n|-damage|p1b: Basculegion|17/100\n|\n|-weather|SunnyDay|[upkeep]\n|-heal|p1a: Archaludon|44/100|[from] item: Leftovers\n|upkeep\n|turn|5\n|\n|t:|1776548550\n|move|p1b: Basculegion|Last Respects|p2a: Basculegion\n|-supereffective|p2a: Basculegion|1\n|-damage|p2a: Basculegion|0 fnt\n|faint|p2a: Basculegion\n|move|p1a: Archaludon|Draco Meteor|p2b: Garchomp\n|-supereffective|p2b: Garchomp|1\n|-damage|p2b: Garchomp|0 fnt\n|-unboost|p1a: Archaludon|spa|2\n|faint|p2b: Garchomp\n|\n|win|galmic\n|raw|galmic's rating: 1425 &rarr; <strong>1448</strong><br />(+23 for winning)\n|raw|lolgz's rating: 1479 &rarr; <strong>1456</strong><br />(-23 for losing)\n",
  "uploadtime": 1776548550,
  "views": 19,
  "formatid": "gen9championsvgc2026regma",
  "rating": 1448,
  "private": 0,
  "password": null
}