{
  "id": "gen9championsvgc2026regma-2588546428",
  "format": "[Gen 9 Champions] VGC 2026 Reg M-A",
  "players": [
    "Jojo_Hero",
    "itachi1993"
  ],
  "log": "|j|\u2606Jojo_Hero\n|j|\u2606itachi1993\n|t:|1776643657\n|gametype|doubles\n|player|p1|Jojo_Hero|youngcouple|1141\n|player|p2|itachi1993|koga|1060\n|gen|9\n|tier|[Gen 9 Champions] VGC 2026 Reg M-A\n|rated|\n|rule|Species Clause: Limit one of each Pok\u00e9mon\n|rule|Item Clause: Limit 1 of each item\n|clearpoke\n|poke|p1|Blastoise, L50, M|\n|poke|p1|Basculegion, L50, M|\n|poke|p1|Pelipper, L50, M|\n|poke|p1|Sinistcha-Masterpiece, L50|\n|poke|p1|Archaludon, L50, M, shiny|\n|poke|p1|Aerodactyl, L50, F|\n|poke|p2|Charizard, L50, M, shiny|\n|poke|p2|Venusaur, L50, M, shiny|\n|poke|p2|Rotom-Wash, L50, shiny|\n|poke|p2|Whimsicott, L50, F, shiny|\n|poke|p2|Skeledirge, L50, F, shiny|\n|poke|p2|Garchomp, L50, M, shiny|\n|teampreview|4\n|inactive|Battle timer is ON: inactive players will automatically lose when time's up. (requested by itachi1993)\nJojo_Hero rejected open team sheets.\n|inactive|itachi1993 has 60 seconds left.\n|\n|t:|1776643691\n|teamsize|p1|4\n|teamsize|p2|4\n|start\n|switch|p1a: Pelipper|Pelipper, L50, M|100/100\n|switch|p1b: Aerodactyl|Aerodactyl, L50, F|100/100\n|switch|p2a: Rotom|Rotom-Wash, L50, shiny|100/100\n|switch|p2b: Garchomp|Garchomp, L50, M, shiny|100/100\n|-weather|RainDance|[from] ability: Drizzle|[of] p1a: Pelipper\n|turn|1\n|inactive|itachi1993 has 30 seconds left.\n|\n|t:|1776643720\n|move|p1b: Aerodactyl|Protect|p1b: Aerodactyl\n|-singleturn|p1b: Aerodactyl|Protect\n|move|p2b: Garchomp|Rock Slide|p1b: Aerodactyl|[spread] p1a\n|-activate|p1b: Aerodactyl|move: Protect\n|-supereffective|p1a: Pelipper|1\n|-damage|p1a: Pelipper|57/100\n|move|p2a: Rotom|Discharge|p1a: Pelipper|[spread] p1a\n|-activate|p1b: Aerodactyl|move: Protect\n|-immune|p2b: Garchomp\n|-supereffective|p1a: Pelipper|2\n|-damage|p1a: Pelipper|0 fnt\n|faint|p1a: Pelipper\n|\n|-weather|RainDance|[upkeep]\n|upkeep\n|\n|t:|1776643734\n|switch|p1a: Blastoise|Blastoise, L50, M|100/100\n|turn|2\n|\n|t:|1776643750\n|detailschange|p1a: Blastoise|Blastoise-Mega, L50, M\n|-mega|p1a: Blastoise|Blastoise|Blastoisinite\n|move|p2b: Garchomp|Protect|p2b: Garchomp\n|-singleturn|p2b: Garchomp|Protect\n|move|p1b: Aerodactyl|Rock Slide|p2b: Garchomp|[spread] p2a\n|-activate|p2b: Garchomp|move: Protect\n|-damage|p2a: Rotom|67/100\n|move|p2a: Rotom|Discharge|p1a: Blastoise|[spread] p1a,p1b\n|-activate|p2b: Garchomp|move: Protect\n|-supereffective|p1a: Blastoise|1\n|-supereffective|p1b: Aerodactyl|1\n|-damage|p1a: Blastoise|45/100\n|-damage|p1b: Aerodactyl|8/100\n|move|p1a: Blastoise|Shell Smash|p1a: Blastoise\n|-unboost|p1a: Blastoise|def|1\n|-unboost|p1a: Blastoise|spd|1\n|-boost|p1a: Blastoise|atk|2\n|-boost|p1a: Blastoise|spa|2\n|-boost|p1a: Blastoise|spe|2\n|\n|-weather|RainDance|[upkeep]\n|upkeep\n|turn|3\n|\n|t:|1776643773\n|move|p1a: Blastoise|Ice Beam|p2b: Garchomp\n|-supereffective|p2b: Garchomp|2\n|-enditem|p2b: Garchomp|Yache Berry|[eat]\n|-enditem|p2b: Garchomp|Yache Berry|[weaken]\n|-damage|p2b: Garchomp|0 fnt\n|faint|p2b: Garchomp\n|move|p1b: Aerodactyl|Rock Slide|p2a: Rotom\n|-crit|p2a: Rotom\n|-damage|p2a: Rotom|0 fnt\n|faint|p2a: Rotom\n|\n|-weather|RainDance|[upkeep]\n|upkeep\n|\n|t:|1776643786\n|switch|p2b: Venusaur|Venusaur, L50, M, shiny|100/100\n|switch|p2a: Charizard|Charizard, L50, M, shiny|100/100\n|turn|4\n|inactive|Jojo_Hero has 30 seconds left.\n|\n|t:|1776643811\n|detailschange|p2a: Charizard|Charizard-Mega-Y, L50, M, shiny\n|-mega|p2a: Charizard|Charizard|Charizardite Y\n|-weather|SunnyDay|[from] ability: Drought|[of] p2a: Charizard\n|move|p2a: Charizard|Protect|p2a: Charizard\n|-singleturn|p2a: Charizard|Protect\n|move|p2b: Venusaur|Sleep Powder|p1a: Blastoise|[miss]\n|-miss|p2b: Venusaur|p1a: Blastoise\n|move|p1a: Blastoise|Ice Beam|p2b: Venusaur\n|-supereffective|p2b: Venusaur|1\n|-crit|p2b: Venusaur\n|-damage|p2b: Venusaur|0 fnt\n|faint|p2b: Venusaur\n|move|p1b: Aerodactyl|Dual Wingbeat|p2a: Charizard\n|-activate|p2a: Charizard|move: Protect\n|\n|-weather|SunnyDay|[upkeep]\n|upkeep\n|turn|5\n|-message|itachi1993 forfeited.\n|\n|win|Jojo_Hero\n|raw|Jojo_Hero's rating: 1141 &rarr; <strong>1160</strong><br />(+19 for winning)\n|raw|itachi1993's rating: 1060 &rarr; <strong>1045</strong><br />(-15 for losing)\n|l|\u2606itachi1993\n|player|p2|\n",
  "uploadtime": 1776643829,
  "views": 7,
  "formatid": "gen9championsvgc2026regma",
  "rating": 1045,
  "private": 0,
  "password": null
}