{
  "id": "gen9championsvgc2026regma-2587872876",
  "format": "[Gen 9 Champions] VGC 2026 Reg M-A",
  "players": [
    "Nictendooo",
    "Superelectivire"
  ],
  "log": "|j|\u2606Nictendooo\n|j|\u2606Superelectivire\n|t:|1776573076\n|gametype|doubles\n|player|p1|Nictendooo|hilbert-wonderlauncher|1000\n|player|p2|Superelectivire|volkner|1028\n|gen|9\n|tier|[Gen 9 Champions] VGC 2026 Reg M-A\n|rated|\n|rule|Species Clause: Limit one of each Pok\u00e9mon\n|rule|Item Clause: Limit 1 of each item\n|clearpoke\n|poke|p1|Scizor, L50, M, shiny|\n|poke|p1|Basculegion, L50, M, shiny|\n|poke|p1|Whimsicott, L50, F, shiny|\n|poke|p1|Chandelure, L50, F, shiny|\n|poke|p1|Toxicroak, L50, M, shiny|\n|poke|p1|Pelipper, L50, F|\n|poke|p2|Aerodactyl, L50, F|\n|poke|p2|Incineroar, L50, F|\n|poke|p2|Floette-Eternal, L50, F|\n|poke|p2|Basculegion, L50, M|\n|poke|p2|Garchomp, L50, F|\n|poke|p2|Sneasler, L50, M|\n|teampreview|4\n|\n|t:|1776573140\n|teamsize|p1|4\n|teamsize|p2|4\n|start\n|switch|p1a: DeDeDe|Pelipper, L50, F|100/100\n|switch|p1b: Platinum|Whimsicott, L50, F, shiny|100/100\n|switch|p2a: Aerodactyl|Aerodactyl, L50, F|100/100\n|switch|p2b: Garchomp|Garchomp, L50, F|100/100\n|-ability|p2a: Aerodactyl|Unnerve\n|-weather|RainDance|[from] ability: Drizzle|[of] p1a: DeDeDe\n|turn|1\n|\n|t:|1776573174\n|move|p1b: Platinum|Tailwind|p1b: Platinum\n|-sidestart|p1: Nictendooo|move: Tailwind\n|move|p2a: Aerodactyl|Dual Wingbeat|p1b: Platinum\n|-supereffective|p1b: Platinum|1\n|-damage|p1b: Platinum|60/100\n|-supereffective|p1b: Platinum|1\n|-damage|p1b: Platinum|23/100\n|-hitcount|p1b: Platinum|2\n|move|p1a: DeDeDe|Icy Wind|p2a: Aerodactyl|[spread] p2a,p2b\n|-supereffective|p2a: Aerodactyl|1\n|-crit|p2a: Aerodactyl\n|-supereffective|p2b: Garchomp|2\n|-damage|p2a: Aerodactyl|58/100\n|-damage|p2b: Garchomp|52/100\n|-unboost|p2a: Aerodactyl|spe|1\n|-unboost|p2b: Garchomp|spe|1\n|move|p2b: Garchomp|Rock Slide|p1a: DeDeDe|[spread] p1a\n|-miss|p2b: Garchomp|p1b: Platinum\n|-supereffective|p1a: DeDeDe|1\n|-damage|p1a: DeDeDe|60/100\n|\n|-weather|RainDance|[upkeep]\n|upkeep\n|turn|2\n|\n|t:|1776573207\n|move|p1b: Platinum|Protect|p1b: Platinum\n|-singleturn|p1b: Platinum|Protect\n|move|p2b: Garchomp|Protect|p2b: Garchomp\n|-singleturn|p2b: Garchomp|Protect\n|move|p1a: DeDeDe|Icy Wind|p2b: Garchomp|[spread] p2a\n|-activate|p2b: Garchomp|move: Protect\n|-supereffective|p2a: Aerodactyl|1\n|-damage|p2a: Aerodactyl|28/100\n|-unboost|p2a: Aerodactyl|spe|1\n|move|p2a: Aerodactyl|Tailwind|p2a: Aerodactyl\n|-sidestart|p2: Superelectivire|move: Tailwind\n|\n|-weather|RainDance|[upkeep]\n|upkeep\n|turn|3\n|\n|t:|1776573246\n|move|p2a: Aerodactyl|Protect|p2a: Aerodactyl\n|-singleturn|p2a: Aerodactyl|Protect\n|move|p1b: Platinum|Moonblast|p2b: Garchomp\n|-supereffective|p2b: Garchomp|1\n|-crit|p2b: Garchomp\n|-damage|p2b: Garchomp|0 fnt\n|faint|p2b: Garchomp\n|move|p1a: DeDeDe|Icy Wind|p2a: Aerodactyl\n|-activate|p2a: Aerodactyl|move: Protect\n|\n|-weather|RainDance|[upkeep]\n|upkeep\n|\n|t:|1776573257\n|switch|p2b: Floette|Floette-Eternal, L50, F|100/100\n|turn|4\n|\n|t:|1776573286\n|switch|p1a: Uzuki|Basculegion, L50, M, shiny|100/100\n|detailschange|p2b: Floette|Floette-Mega, L50, F\n|-mega|p2b: Floette|Floette|Floettite\n|-ability|p2b: Floette|Fairy Aura\n|move|p1b: Platinum|Protect|p1b: Platinum\n|-singleturn|p1b: Platinum|Protect\n|move|p2b: Floette|Moonblast|p1a: Uzuki\n|-damage|p1a: Uzuki|10/100\n|move|p2a: Aerodactyl|Rock Slide|p1a: Uzuki|[spread] p1a\n|-activate|p1b: Platinum|move: Protect\n|-damage|p1a: Uzuki|0 fnt\n|faint|p1a: Uzuki\n|\n|-weather|RainDance|[upkeep]\n|-sideend|p1: Nictendooo|move: Tailwind\n|upkeep\n|\n|t:|1776573302\n|switch|p1a: Dio|Scizor, L50, M, shiny|100/100\n|turn|5\n|\n|t:|1776573340\n|switch|p2a: Incineroar|Incineroar, L50, F|100/100\n|-ability|p2a: Incineroar|Intimidate|boost\n|-unboost|p1a: Dio|atk|1\n|-unboost|p1b: Platinum|atk|1\n|detailschange|p1a: Dio|Scizor-Mega, L50, M, shiny\n|-mega|p1a: Dio|Scizor|Scizorite\n|move|p1b: Platinum|Tailwind|p1b: Platinum\n|-sidestart|p1: Nictendooo|move: Tailwind\n|move|p1a: Dio|Bullet Punch|p2b: Floette\n|-supereffective|p2b: Floette|1\n|-damage|p2b: Floette|36/100\n|move|p2b: Floette|Light of Ruin|p1a: Dio\n|-resisted|p1a: Dio|1\n|-damage|p1a: Dio|40/100\n|-damage|p2b: Floette|6/100|[from] Recoil\n|\n|-weather|none\n|-sideend|p2: Superelectivire|move: Tailwind\n|upkeep\n|turn|6\n|\n|t:|1776573381\n|switch|p1b: DeDeDe|Pelipper, L50, F|60/100\n|-weather|RainDance|[from] ability: Drizzle|[of] p1b: DeDeDe\n|move|p1a: Dio|Protect|p1a: Dio\n|-singleturn|p1a: Dio|Protect\n|move|p2b: Floette|Protect|p2b: Floette\n|-singleturn|p2b: Floette|Protect\n|move|p2a: Incineroar|Fake Out|p1a: Dio\n|-activate|p1a: Dio|move: Protect\n|\n|-weather|RainDance|[upkeep]\n|upkeep\n|turn|7\n|\n|t:|1776573400\n|switch|p1a: Platinum|Whimsicott, L50, F, shiny|23/100\n|move|p1b: DeDeDe|Hurricane|p2a: Incineroar\n|-damage|p2a: Incineroar|75/100\n|-start|p2a: Incineroar|confusion\n|move|p2b: Floette|Dazzling Gleam|p1b: DeDeDe|[spread] p1a,p1b\n|-damage|p1a: Platinum|0 fnt\n|-damage|p1b: DeDeDe|2/100\n|faint|p1a: Platinum\n|-activate|p2a: Incineroar|confusion\n|move|p2a: Incineroar|Flare Blitz|p1b: DeDeDe\n|-resisted|p1b: DeDeDe|1\n|-damage|p1b: DeDeDe|0 fnt\n|faint|p1b: DeDeDe\n|-damage|p2a: Incineroar|74/100|[from] Recoil\n|\n|-weather|RainDance|[upkeep]\n|upkeep\n|\n|t:|1776573416\n|switch|p1a: Dio|Scizor-Mega, L50, M, shiny|40/100\n|turn|8\n|\n|t:|1776573422\n|switch|p2a: Aerodactyl|Aerodactyl, L50, F|28/100\n|-ability|p2a: Aerodactyl|Unnerve\n|move|p2b: Floette|Protect|p2b: Floette\n|-singleturn|p2b: Floette|Protect\n|move|p1a: Dio|Bullet Punch|p2b: Floette\n|-activate|p2b: Floette|move: Protect\n|\n|-weather|RainDance|[upkeep]\n|-sideend|p1: Nictendooo|move: Tailwind\n|upkeep\n|turn|9\n|\n|t:|1776573446\n|move|p1a: Dio|Protect|p1a: Dio\n|-singleturn|p1a: Dio|Protect\n|move|p2a: Aerodactyl|Dual Wingbeat|p1a: Dio\n|-activate|p1a: Dio|move: Protect\n|move|p2b: Floette|Moonblast|p1a: Dio\n|-activate|p1a: Dio|move: Protect\n|\n|-weather|RainDance|[upkeep]\n|upkeep\n|turn|10\n|\n|t:|1776573469\n|move|p2b: Floette|Protect|p2b: Floette\n|-singleturn|p2b: Floette|Protect\n|move|p2a: Aerodactyl|Dual Wingbeat|p1a: Dio\n|-damage|p1a: Dio|24/100\n|-damage|p1a: Dio|9/100\n|-hitcount|p1a: Dio|2\n|move|p1a: Dio|Bug Bite|p2a: Aerodactyl\n|-resisted|p2a: Aerodactyl|1\n|-damage|p2a: Aerodactyl|0 fnt\n|faint|p2a: Aerodactyl\n|\n|-weather|none\n|upkeep\n|\n|t:|1776573479\n|switch|p2a: Incineroar|Incineroar, L50, F|74/100\n|-ability|p2a: Incineroar|Intimidate|boost\n|-unboost|p1a: Dio|atk|1\n|turn|11\n|\n|t:|1776573487\n|move|p1a: Dio|Protect|p1a: Dio\n|-singleturn|p1a: Dio|Protect\n|move|p2b: Floette|Moonblast|p1a: Dio\n|-activate|p1a: Dio|move: Protect\n|move|p2a: Incineroar|Flare Blitz|p1a: Dio\n|-activate|p1a: Dio|move: Protect\n|\n|upkeep\n|turn|12\n|\n|t:|1776573504\n|move|p2b: Floette|Moonblast|p1a: Dio\n|-resisted|p1a: Dio|1\n|-damage|p1a: Dio|0 fnt\n|faint|p1a: Dio\n|\n|win|Superelectivire\n|raw|Nictendooo's rating: 1000 &rarr; <strong>1000</strong><br />(+0 for losing)\n|raw|Superelectivire's rating: 1028 &rarr; <strong>1061</strong><br />(+33 for winning)\n|c|\u2606Superelectivire|gg\n|l|\u2606Nictendooo\n|player|p1|\n",
  "uploadtime": 1776573518,
  "views": 9,
  "formatid": "gen9championsvgc2026regma",
  "rating": 1000,
  "private": 0,
  "password": null
}