{
  "id": "gen9championsvgc2026regma-2580983709",
  "format": "[Gen 9 Champions] VGC 2026 Reg M-A",
  "players": [
    "Sr.Mclovin",
    "HIBAM"
  ],
  "log": "|j|\u2606Sr.Mclovin\n|j|\u2606HIBAM\n|t:|1775948968\n|gametype|doubles\n|player|p1|Sr.Mclovin|zinnia|1083\n|player|p2|HIBAM|worker|1039\n|gen|9\n|tier|[Gen 9 Champions] VGC 2026 Reg M-A\n|rated|\n|rule|Species Clause: Limit one of each Pok\u00e9mon\n|rule|Item Clause: Limit 1 of each item\n|clearpoke\n|poke|p1|Gallade, L50, M|\n|poke|p1|Ninetales, L50, F|\n|poke|p1|Arcanine-Hisui, L50, F|\n|poke|p1|Venusaur, L50, M|\n|poke|p1|Primarina, L50, F|\n|poke|p1|Sneasler, L50, M|\n|poke|p2|Arcanine, L50, M|\n|poke|p2|Venusaur, L50, F|\n|poke|p2|Rotom-Wash, L50|\n|poke|p2|Garchomp, L50, F|\n|poke|p2|Corviknight, L50, M|\n|poke|p2|Sneasler, L50, M|\n|teampreview|4\n|inactive|Battle timer is ON: inactive players will automatically lose when time's up. (requested by Sr.Mclovin)\nSr.Mclovin rejected open team sheets.\n|inactive|Sr.Mclovin has 60 seconds left.\n|inactive|HIBAM has 60 seconds left.\n|\n|t:|1775949010\n|teamsize|p1|4\n|teamsize|p2|4\n|start\n|switch|p1a: Primarina|Primarina, L50, F|100/100\n|switch|p1b: Sneasler|Sneasler, L50, M|100/100\n|switch|p2a: Venusaur|Venusaur, L50, F|100/100\n|switch|p2b: Corviknight|Corviknight, L50, M|100/100\n|turn|1\n|inactive|Sr.Mclovin has 30 seconds left.\n|\n|t:|1775949036\n|detailschange|p2a: Venusaur|Venusaur-Mega, L50, F\n|-mega|p2a: Venusaur|Venusaur|Venusaurite\n|move|p2a: Venusaur|Protect|p2a: Venusaur\n|-singleturn|p2a: Venusaur|Protect\n|move|p1b: Sneasler|Fake Out|p2a: Venusaur\n|-activate|p2a: Venusaur|move: Protect\n|move|p2b: Corviknight|Tailwind|p2b: Corviknight\n|-sidestart|p2: HIBAM|move: Tailwind\n|move|p1a: Primarina|Psychic|p2a: Venusaur\n|-activate|p2a: Venusaur|move: Protect\n|\n|upkeep\n|turn|2\n|inactive|Sr.Mclovin has 30 seconds left.\n|\n|t:|1775949066\n|move|p2a: Venusaur|Giga Drain|p1a: Primarina\n|-supereffective|p1a: Primarina|1\n|-damage|p1a: Primarina|49/100\n|move|p2b: Corviknight|Iron Head|p1a: Primarina\n|-damage|p1a: Primarina|3/100\n|move|p1b: Sneasler|Close Combat|p2b: Corviknight\n|-damage|p2b: Corviknight|47/100\n|-unboost|p1b: Sneasler|def|1\n|-unboost|p1b: Sneasler|spd|1\n|-enditem|p1b: Sneasler|White Herb\n|-clearnegativeboost|p1b: Sneasler|[silent]\n|move|p1a: Primarina|Psychic|p2a: Venusaur\n|-supereffective|p2a: Venusaur|1\n|-damage|p2a: Venusaur|53/100\n|\n|-heal|p2b: Corviknight|53/100|[from] item: Leftovers\n|upkeep\n|turn|3\n|inactive|HIBAM has 30 seconds left.\n|inactive|Sr.Mclovin has 30 seconds left.\n|\n|t:|1775949098\n|move|p1a: Primarina|Protect|p1a: Primarina\n|-singleturn|p1a: Primarina|Protect\n|move|p1b: Sneasler|Close Combat|p2b: Corviknight\n|-damage|p2b: Corviknight|0 fnt\n|-unboost|p1b: Sneasler|def|1\n|-unboost|p1b: Sneasler|spd|1\n|faint|p2b: Corviknight\n|move|p2a: Venusaur|Giga Drain|p1b: Sneasler\n|-resisted|p1b: Sneasler|1\n|-damage|p1b: Sneasler|65/100\n|-heal|p2a: Venusaur|68/100|[from] drain|[of] p1b: Sneasler\n|\n|upkeep\n|\n|t:|1775949110\n|switch|p2b: Sneasler|Sneasler, L50, M, shiny|100/100\n|turn|4\n|inactive|HIBAM has 30 seconds left.\n|\n|t:|1775949137\n|move|p2b: Sneasler|Fake Out|p1a: Primarina\n|-damage|p1a: Primarina|0 fnt\n|faint|p1a: Primarina\n|move|p1b: Sneasler|Dire Claw|p2a: Venusaur\n|-damage|p2a: Venusaur|32/100\n|move|p2a: Venusaur|Leech Seed|p1b: Sneasler\n|-start|p1b: Sneasler|move: Leech Seed\n|\n|-damage|p1b: Sneasler|53/100|[from] Leech Seed|[of] p2a: Venusaur\n|-heal|p2a: Venusaur|42/100|[silent]\n|-sideend|p2: HIBAM|move: Tailwind\n|upkeep\n|\n|t:|1775949149\n|switch|p1a: Gallade|Gallade, L50, M, shiny|100/100\n|turn|5\n|inactive|HIBAM has 30 seconds left.\n|inactive|HIBAM has 20 seconds left.\n|\n|t:|1775949184\n|switch|p1b: Venusaur|Venusaur, L50, M|100/100\n|detailschange|p1a: Gallade|Gallade-Mega, L50, M, shiny\n|-mega|p1a: Gallade|Gallade|Galladite\n|move|p2a: Venusaur|Protect|p2a: Venusaur\n|-singleturn|p2a: Venusaur|Protect\n|move|p2b: Sneasler|Coaching|p2a: Venusaur\n|-boost|p2a: Venusaur|atk|1\n|-boost|p2a: Venusaur|def|1\n|move|p1a: Gallade|Psycho Cut|p2b: Sneasler\n|-supereffective|p2b: Sneasler|2\n|-crit|p2b: Sneasler\n|-enditem|p2b: Sneasler|Focus Sash\n|-damage|p2b: Sneasler|1/100\n|\n|upkeep\n|turn|6\n|inactive|HIBAM has 30 seconds left.\n|inactive|HIBAM has 20 seconds left.\n|inactive|HIBAM has 15 seconds left.\n|inactive|HIBAM has 10 seconds left.\n|\n|t:|1775949234\n|move|p1b: Venusaur|Earth Power|p2b: Sneasler\n|-supereffective|p2b: Sneasler|1\n|-damage|p2b: Sneasler|0 fnt\n|faint|p2b: Sneasler\n|move|p1a: Gallade|Psycho Cut|p2a: Venusaur\n|-supereffective|p2a: Venusaur|1\n|-damage|p2a: Venusaur|0 fnt\n|faint|p2a: Venusaur\n|\n|upkeep\n|\n|t:|1775949243\n|switch|p2b: Rotom|Rotom-Wash, L50|100/100\n|turn|7\n|\n|t:|1775949262\n|switch|p1b: Sneasler|Sneasler, L50, M|53/100\n|move|p2b: Rotom|Discharge|p1b: Sneasler|[spread] p1a,p1b\n|-damage|p1a: Gallade|78/100\n|-damage|p1b: Sneasler|13/100\n|move|p1a: Gallade|Solar Blade||[still]\n|-prepare|p1a: Gallade|Solar Blade\n|\n|upkeep\n|turn|8\n|\n|t:|1775949272\n|move|p1b: Sneasler|Fake Out|p2b: Rotom\n|-damage|p2b: Rotom|79/100\n|cant|p2b: Rotom|flinch\n|move|p1a: Gallade|Solar Blade|p2b: Rotom|[from] lockedmove\n|-supereffective|p2b: Rotom|1\n|-damage|p2b: Rotom|0 fnt\n|faint|p2b: Rotom\n|\n|win|Sr.Mclovin\n|raw|Sr.Mclovin's rating: 1083 &rarr; <strong>1107</strong><br />(+24 for winning)\n|raw|HIBAM's rating: 1039 &rarr; <strong>1025</strong><br />(-14 for losing)\n|l|\u2606HIBAM\n|player|p2|\n",
  "uploadtime": 1775949324,
  "views": 18,
  "formatid": "gen9championsvgc2026regma",
  "rating": 1025,
  "private": 0,
  "password": null
}