{
  "id": "gen9championsvgc2026regma-2581870436",
  "format": "[Gen 9 Champions] VGC 2026 Reg M-A",
  "players": [
    "skymin<3",
    "nngf\u9b3c\u8749\u4fa0"
  ],
  "log": "|j|\u2606skymin<3\n|j|\u2606nngf\u9b3c\u8749\u4fa0\n|t:|1776035349\n|gametype|doubles\n|player|p1|skymin<3|#skymin3|\n|player|p2|nngf\u9b3c\u8749\u4fa0|bugsy|\n|gen|9\n|tier|[Gen 9 Champions] VGC 2026 Reg M-A\n|rated|Tournament battle\n|rule|Species Clause: Limit one of each Pok\u00e9mon\n|rule|Item Clause: Limit 1 of each item\n|clearpoke\n|poke|p1|Garchomp, L50, M|\n|poke|p1|Delphox, L50, M|\n|poke|p1|Rotom-Wash, L50|\n|poke|p1|Sneasler, L50, M|\n|poke|p1|Aerodactyl, L50, F|\n|poke|p1|Kingambit, L50, F|\n|poke|p2|Sinistcha-Masterpiece, L50|\n|poke|p2|Ampharos, L50, F|\n|poke|p2|Kangaskhan, L50, F|\n|poke|p2|Basculegion, L50, M|\n|poke|p2|Politoed, L50, M|\n|poke|p2|Whimsicott, L50, M|\n|teampreview|4\n|j| mrcool94\nskymin<3 has agreed to open team sheets.\n|j|@thacrow\n|l|@thacrow\nnngf\u9b3c\u8749\u4fa0 has agreed to open team sheets.\n|showteam|p1|Garchomp||SoftSand|RoughSkin|Earthquake,DragonClaw,RockSlide,Protect|||M|||50|]Delphox||Delphoxite|Blaze|Encore,HeatWave,Psychic,Protect|||M|||50|]Rotom-Wash||ChoiceScarf|Levitate|HydroPump,Thunderbolt,WillOWisp,Electroweb||||||50|]Sneasler||MentalHerb|Unburden|CloseCombat,DireClaw,FakeOut,Protect|||M|||50|]Aerodactyl||FocusSash|Unnerve|DualWingbeat,RockSlide,Tailwind,Protect|||F|||50|]Kingambit||ChopleBerry|Defiant|LowKick,Protect,SuckerPunch,IronHead|||F|||50|\n|showteam|p2|Sinistcha-Masterpiece||Leftovers|Hospitality|CalmMind,Reflect,TrickRoom,ShadowBall||||||50|]Ampharos||Ampharosite|Static|DragonPulse,Thunder,FocusBlast,Protect|||F|||50|]Kangaskhan||Kangaskhanite|Scrappy|LastResort,FakeOut|||F|||50|]Basculegion||ChoiceScarf|SwiftSwim|WaveCrash,DoubleEdge,LastRespects,AquaJet|||M|||50|]Politoed||SitrusBerry|Drizzle|Protect,WeatherBall,RainDance,HelpingHand|||M|||50|]Whimsicott||FocusSash|Prankster|Encore,Endeavor,Moonblast,Tailwind|||M|||50|\n|j| Carrielis\n|l| Carrielis\n|j| Carrielis\n|c|\u2606skymin<3|hf\n|c|\u2606nngf\u9b3c\u8749\u4fa0|hf\n|\n|t:|1776035443\n|teamsize|p1|4\n|teamsize|p2|4\n|start\n|switch|p1a: Aerodactyl|Aerodactyl, L50, F|100/100\n|switch|p1b: Kingambit|Kingambit, L50, F|100/100\n|switch|p2a: Whimsicott|Whimsicott, L50, M|100/100\n|switch|p2b: Ampharos|Ampharos, L50, F|100/100\n|-ability|p1a: Aerodactyl|Unnerve\n|turn|1\n|\n|t:|1776035465\n|move|p2b: Ampharos|Protect|p2b: Ampharos\n|-singleturn|p2b: Ampharos|Protect\n|move|p2a: Whimsicott|Tailwind|p2a: Whimsicott\n|-sidestart|p2: nngf\u9b3c\u8749\u4fa0|move: Tailwind\n|move|p1b: Kingambit|Sucker Punch||[still]\n|-fail|p1b: Kingambit\n|move|p1a: Aerodactyl|Tailwind|p1a: Aerodactyl\n|-sidestart|p1: skymin<3|move: Tailwind\n|\n|upkeep\n|turn|2\n|\n|t:|1776035486\n|switch|p1a: Delphox|Delphox, L50, M|100/100\n|switch|p2a: Politoed|Politoed, L50, M|100/100\n|-weather|RainDance|[from] ability: Drizzle|[of] p2a: Politoed\n|detailschange|p2b: Ampharos|Ampharos-Mega, L50, F\n|-mega|p2b: Ampharos|Ampharos|Ampharosite\n|-ability|p2b: Ampharos|Mold Breaker\n|move|p1b: Kingambit|Sucker Punch|p2b: Ampharos\n|-damage|p2b: Ampharos|66/100\n|move|p2b: Ampharos|Thunder|p1a: Delphox\n|-damage|p1a: Delphox|19/100\n|\n|-weather|RainDance|[upkeep]\n|upkeep\n|turn|3\n|\n|t:|1776035525\n|move|p1a: Delphox|Protect|p1a: Delphox\n|-singleturn|p1a: Delphox|Protect\n|move|p1b: Kingambit|Sucker Punch|p2b: Ampharos\n|-damage|p2b: Ampharos|28/100\n|move|p2a: Politoed|Weather Ball|p1a: Delphox\n|-activate|p1a: Delphox|move: Protect\n|move|p2b: Ampharos|Focus Blast|p1b: Kingambit\n|-supereffective|p1b: Kingambit|2\n|-enditem|p1b: Kingambit|Chople Berry|[eat]\n|-enditem|p1b: Kingambit|Chople Berry|[weaken]\n|-damage|p1b: Kingambit|0 fnt\n|faint|p1b: Kingambit\n|\n|-weather|RainDance|[upkeep]\n|upkeep\n|\n|t:|1776035533\n|switch|p1b: Sneasler|Sneasler, L50, M|100/100\n|turn|4\n|\n|t:|1776035546\n|detailschange|p1a: Delphox|Delphox-Mega, L50, M\n|-mega|p1a: Delphox|Delphox|Delphoxite\n|move|p2b: Ampharos|Protect|p2b: Ampharos\n|-singleturn|p2b: Ampharos|Protect\n|move|p1a: Delphox|Psychic|p2a: Politoed\n|-damage|p2a: Politoed|57/100\n|move|p1b: Sneasler|Close Combat|p2a: Politoed\n|-damage|p2a: Politoed|0 fnt\n|-unboost|p1b: Sneasler|def|1\n|-unboost|p1b: Sneasler|spd|1\n|faint|p2a: Politoed\n|\n|-weather|RainDance|[upkeep]\n|-sideend|p1: skymin<3|move: Tailwind\n|-sideend|p2: nngf\u9b3c\u8749\u4fa0|move: Tailwind\n|upkeep\n|\n|t:|1776035555\n|switch|p2a: Whimsicott|Whimsicott, L50, M|100/100\n|turn|5\n|\n|t:|1776035583\n|move|p2a: Whimsicott|Tailwind|p2a: Whimsicott\n|-sidestart|p2: nngf\u9b3c\u8749\u4fa0|move: Tailwind\n|move|p1a: Delphox|Psychic|p2a: Whimsicott\n|-damage|p2a: Whimsicott|47/100\n|move|p1b: Sneasler|Dire Claw|p2b: Ampharos\n|-damage|p2b: Ampharos|0 fnt\n|faint|p2b: Ampharos\n|\n|-weather|RainDance|[upkeep]\n|upkeep\n|\n|t:|1776035592\n|switch|p2b: Basculegion|Basculegion, L50, M|100/100\n|turn|6\n|\n|t:|1776035656\n|switch|p1a: Aerodactyl|Aerodactyl, L50, F|100/100\n|-ability|p1a: Aerodactyl|Unnerve\n|move|p1b: Sneasler|Protect|p1b: Sneasler\n|-singleturn|p1b: Sneasler|Protect\n|move|p2b: Basculegion|Last Respects|p1b: Sneasler\n|-activate|p1b: Sneasler|move: Protect\n|move|p2a: Whimsicott|Moonblast|p1a: Aerodactyl\n|-damage|p1a: Aerodactyl|60/100\n|\n|-weather|none\n|upkeep\n|turn|7\n|\n|t:|1776035691\n|switch|p1b: Delphox|Delphox-Mega, L50, M|19/100\n|move|p1a: Aerodactyl|Protect|p1a: Aerodactyl\n|-singleturn|p1a: Aerodactyl|Protect\n|move|p2a: Whimsicott|Encore||[still]\n|-fail|p2a: Whimsicott\n|move|p2b: Basculegion|Last Respects|p1a: Aerodactyl\n|-activate|p1a: Aerodactyl|move: Protect\n|\n|upkeep\n|turn|8\n|\n|t:|1776035765\n|move|p2b: Basculegion|Last Respects|p1a: Aerodactyl\n|-damage|p1a: Aerodactyl|0 fnt\n|faint|p1a: Aerodactyl\n|move|p2a: Whimsicott|Moonblast|p1b: Delphox\n|-resisted|p1b: Delphox|1\n|-damage|p1b: Delphox|7/100\n|move|p1b: Delphox|Psychic|p2a: Whimsicott\n|-damage|p2a: Whimsicott|0 fnt\n|faint|p2a: Whimsicott\n|\n|-sideend|p2: nngf\u9b3c\u8749\u4fa0|move: Tailwind\n|upkeep\n|\n|t:|1776035768\n|switch|p1a: Sneasler|Sneasler, L50, M|100/100\n|turn|9\n|\n|t:|1776035784\n|move|p1b: Delphox|Psychic|p2b: Basculegion\n|-damage|p2b: Basculegion|50/100\n|move|p1a: Sneasler|Dire Claw|p2b: Basculegion\n|-resisted|p2b: Basculegion|1\n|-damage|p2b: Basculegion|23/100\n|move|p2b: Basculegion|Last Respects|p1b: Delphox\n|-supereffective|p1b: Delphox|1\n|-damage|p1b: Delphox|0 fnt\n|faint|p1b: Delphox\n|\n|upkeep\n|turn|10\n|c|\u2606skymin<3|masterclass\n|c|\u2606skymin<3|by me\n|c|\u2606skymin<3|im ngl\n|\n|t:|1776035804\n|move|p1a: Sneasler|Dire Claw|p2b: Basculegion\n|-resisted|p2b: Basculegion|1\n|-damage|p2b: Basculegion|0 fnt\n|faint|p2b: Basculegion\n|\n|win|skymin<3\n|n|\u2606skymin<3|skymin3\n|n|\u2606nngf\u9b3c\u8749\u4fa0|nngf\n|n| mrcool94|mrcool94\n|n| Carrielis|carrielis\n|c|\u2606skymin<3|gg\n",
  "uploadtime": 1776035812,
  "views": 8,
  "formatid": "gen9championsvgc2026regma",
  "rating": null,
  "private": 0,
  "password": null
}