{
  "id": "gen9championsvgc2026regma-2581904098",
  "format": "[Gen 9 Champions] VGC 2026 Reg M-A",
  "players": [
    "Grey Cadillac",
    "Ceykan_78"
  ],
  "log": "|j|\u2606Grey Cadillac\n|j|\u2606Ceykan_78\n|t:|1776038372\n|gametype|doubles\n|player|p1|Grey Cadillac|gardenia-masters|1121\n|player|p2|Ceykan_78|steven|1124\n|gen|9\n|tier|[Gen 9 Champions] VGC 2026 Reg M-A\n|rated|\n|rule|Species Clause: Limit one of each Pok\u00e9mon\n|rule|Item Clause: Limit 1 of each item\n|clearpoke\n|poke|p1|Froslass, L50, F|\n|poke|p1|Garchomp, L50, M|\n|poke|p1|Rotom-Frost, L50|\n|poke|p1|Empoleon, L50, F|\n|poke|p1|Kingambit, L50, M|\n|poke|p1|Incineroar, L50, F|\n|poke|p2|Garchomp, L50, F|\n|poke|p2|Tyranitar, L50, F|\n|poke|p2|Aerodactyl, L50, F|\n|poke|p2|Incineroar, L50, M|\n|poke|p2|Sableye, L50, F|\n|poke|p2|Corviknight, L50, M|\n|teampreview|4\n|c|\u2606Ceykan_78|hello againxd\n|c|\u2606Grey Cadillac|hihi\nGrey Cadillac has agreed to open team sheets.\n|c|\u2606Grey Cadillac|hf\n|c|\u2606Ceykan_78|u2\n|\n|t:|1776038427\n|teamsize|p1|4\n|teamsize|p2|4\n|start\n|switch|p1a: Empoleon|Empoleon, L50, F|100/100\n|switch|p1b: Incineroar|Incineroar, L50, F|100/100\n|switch|p2a: Tyranitar|Tyranitar, L50, F, shiny|100/100\n|switch|p2b: Aerodactyl|Aerodactyl, L50, F|100/100\n|-ability|p2b: Aerodactyl|Unnerve\n|-weather|Sandstorm|[from] ability: Sand Stream|[of] p2a: Tyranitar\n|-ability|p1b: Incineroar|Intimidate|boost\n|-unboost|p2a: Tyranitar|atk|1\n|-unboost|p2b: Aerodactyl|atk|1\n|turn|1\n|\n|t:|1776038455\n|switch|p2a: Garchomp|Garchomp, L50, F|100/100\n|move|p2b: Aerodactyl|Protect|p2b: Aerodactyl\n|-singleturn|p2b: Aerodactyl|Protect\n|move|p1b: Incineroar|Fake Out|p2b: Aerodactyl\n|-activate|p2b: Aerodactyl|move: Protect\n|move|p1a: Empoleon|Flash Cannon|p2a: Garchomp|[miss]\n|-miss|p1a: Empoleon|p2a: Garchomp\n|\n|-weather|Sandstorm|[upkeep]\n|-damage|p1b: Incineroar|95/100|[from] Sandstorm\n|upkeep\n|turn|2\n|\n|t:|1776038469\n|switch|p1b: Rotom|Rotom-Frost, L50|100/100\n|detailschange|p2a: Garchomp|Garchomp-Mega, L50, F\n|-mega|p2a: Garchomp|Garchomp|Garchompite\n|move|p1a: Empoleon|Protect|p1a: Empoleon\n|-singleturn|p1a: Empoleon|Protect\n|move|p2b: Aerodactyl|Tailwind|p2b: Aerodactyl\n|-sidestart|p2: Ceykan_78|move: Tailwind\n|move|p2a: Garchomp|Earthquake|p1b: Rotom|[spread] \n|-activate|p1a: Empoleon|move: Protect\n|-immune|p2b: Aerodactyl\n|-immune|p1b: Rotom|[from] ability: Levitate\n|\n|-weather|Sandstorm|[upkeep]\n|-damage|p1b: Rotom|95/100|[from] Sandstorm\n|upkeep\n|turn|3\n|\n|t:|1776038482\n|switch|p1a: Incineroar|Incineroar, L50, F|95/100\n|-ability|p1a: Incineroar|Intimidate|boost\n|-unboost|p2a: Garchomp|atk|1\n|-unboost|p2b: Aerodactyl|atk|1\n|move|p2b: Aerodactyl|Rock Slide|p1a: Incineroar|[spread] p1a\n|-miss|p2b: Aerodactyl|p1b: Rotom\n|-supereffective|p1a: Incineroar|1\n|-damage|p1a: Incineroar|71/100\n|move|p2a: Garchomp|Earthquake|p1b: Rotom|[spread] p1a\n|-immune|p2b: Aerodactyl\n|-immune|p1b: Rotom|[from] ability: Levitate\n|-supereffective|p1a: Incineroar|1\n|-damage|p1a: Incineroar|0 fnt\n|faint|p1a: Incineroar\n|move|p1b: Rotom|Blizzard|p2a: Garchomp|[spread] \n|-miss|p1b: Rotom|p2a: Garchomp\n|-miss|p1b: Rotom|p2b: Aerodactyl\n|\n|-weather|Sandstorm|[upkeep]\n|-damage|p1b: Rotom|89/100|[from] Sandstorm\n|upkeep\n|c|\u2606Ceykan_78|unlucky with the blizz\n|\n|t:|1776038501\n|switch|p1a: Froslass|Froslass, L50, F|100/100\n|turn|4\n|c|\u2606Grey Cadillac|thats pokemon for ya\n|\n|t:|1776038515\n|detailschange|p1a: Froslass|Froslass-Mega, L50, F\n|-mega|p1a: Froslass|Froslass|Froslassite\n|-weather|Snowscape|[from] ability: Snow Warning|[of] p1a: Froslass\n|move|p1a: Froslass|Protect|p1a: Froslass\n|-singleturn|p1a: Froslass|Protect\n|move|p2b: Aerodactyl|Rock Slide|p1b: Rotom|[spread] p1b\n|-activate|p1a: Froslass|move: Protect\n|-supereffective|p1b: Rotom|1\n|-damage|p1b: Rotom|69/100\n|move|p2a: Garchomp|Rock Slide|p1a: Froslass|[spread] p1b\n|-activate|p1a: Froslass|move: Protect\n|-supereffective|p1b: Rotom|1\n|-damage|p1b: Rotom|36/100\n|cant|p1b: Rotom|flinch\n|\n|-weather|Snowscape|[upkeep]\n|upkeep\n|turn|5\n|c|\u2606Ceykan_78|wtf does this thing tank\n|\n|t:|1776038542\n|switch|p1a: Empoleon|Empoleon, L50, F|100/100\n|move|p2b: Aerodactyl|Rock Slide|p1b: Rotom|[spread] p1a,p1b\n|-resisted|p1a: Empoleon|1\n|-supereffective|p1b: Rotom|1\n|-damage|p1a: Empoleon|94/100\n|-damage|p1b: Rotom|15/100\n|move|p2a: Garchomp|Rock Slide|p1a: Empoleon|[spread] p1b\n|-miss|p2a: Garchomp|p1a: Empoleon\n|-supereffective|p1b: Rotom|1\n|-damage|p1b: Rotom|0 fnt\n|faint|p1b: Rotom\n|\n|-weather|Snowscape|[upkeep]\n|-heal|p1a: Empoleon|99/100|[from] item: Leftovers\n|-sideend|p2: Ceykan_78|move: Tailwind\n|upkeep\n|\n|t:|1776038556\n|switch|p1b: Froslass|Froslass-Mega, L50, F|100/100\n|turn|6\n|c|\u2606Grey Cadillac|intimidate moment\n|c|\u2606Ceykan_78|oh bruh I forgot\n|\n|t:|1776038569\n|move|p2b: Aerodactyl|Tailwind|p2b: Aerodactyl\n|-sidestart|p2: Ceykan_78|move: Tailwind\n|move|p2a: Garchomp|Rock Slide|p1a: Empoleon|[spread] p1a,p1b\n|-resisted|p1a: Empoleon|1\n|-supereffective|p1b: Froslass|1\n|-crit|p1b: Froslass\n|-damage|p1a: Empoleon|91/100\n|-damage|p1b: Froslass|13/100\n|cant|p1b: Froslass|flinch\n|cant|p1a: Empoleon|flinch\n|\n|-weather|Snowscape|[upkeep]\n|-heal|p1a: Empoleon|97/100|[from] item: Leftovers\n|upkeep\n|turn|7\n|c|\u2606Ceykan_78|omg\n|c|\u2606Grey Cadillac|welp LOL\n|c|\u2606Grey Cadillac|gg\n|c|\u2606Ceykan_78|naaaah bro im so sry\n|c|\u2606Grey Cadillac|Im lucky in real life dw\n|\n|t:|1776038591\n|move|p2b: Aerodactyl|Rock Slide|p1b: Froslass|[spread] p1a,p1b\n|-resisted|p1a: Empoleon|1\n|-supereffective|p1b: Froslass|1\n|-damage|p1a: Empoleon|90/100\n|-damage|p1b: Froslass|0 fnt\n|faint|p1b: Froslass\n|move|p2a: Garchomp|Earthquake|p1a: Empoleon|[spread] p1a\n|-immune|p2b: Aerodactyl\n|-supereffective|p1a: Empoleon|1\n|-damage|p1a: Empoleon|20/100\n|move|p1a: Empoleon|Water Pulse|p2b: Aerodactyl\n|-supereffective|p2b: Aerodactyl|1\n|-crit|p2b: Aerodactyl\n|-enditem|p2b: Aerodactyl|Focus Sash\n|-damage|p2b: Aerodactyl|1/100\n|-start|p2b: Aerodactyl|confusion\n|\n|-weather|Snowscape|[upkeep]\n|-heal|p1a: Empoleon|26/100|[from] item: Leftovers\n|upkeep\n|turn|8\n|\n|t:|1776038613\n|-activate|p2b: Aerodactyl|confusion\n|-damage|p2b: Aerodactyl|0 fnt|[from] confusion\n|faint|p2b: Aerodactyl\n|move|p2a: Garchomp|Earthquake|p1a: Empoleon\n|-supereffective|p1a: Empoleon|1\n|-damage|p1a: Empoleon|0 fnt\n|faint|p1a: Empoleon\n|\n|win|Ceykan_78\n|raw|Grey Cadillac's rating: 1121 &rarr; <strong>1096</strong><br />(-25 for losing)\n|raw|Ceykan_78's rating: 1124 &rarr; <strong>1149</strong><br />(+25 for winning)\n",
  "uploadtime": 1776038621,
  "views": 16,
  "formatid": "gen9championsvgc2026regma",
  "rating": 1096,
  "private": 0,
  "password": null
}