{
  "id": "gen9championsvgc2026regma-2588563936",
  "format": "[Gen 9 Champions] VGC 2026 Reg M-A",
  "players": [
    "xflashy23",
    "lessa_ped"
  ],
  "log": "|j|\u2606xflashy23\n|j|\u2606lessa_ped\n|t:|1776645384\n|gametype|doubles\n|player|p1|xflashy23|1|1255\n|player|p2|lessa_ped|101|1216\n|gen|9\n|tier|[Gen 9 Champions] VGC 2026 Reg M-A\n|rated|\n|rule|Species Clause: Limit one of each Pok\u00e9mon\n|rule|Item Clause: Limit 1 of each item\n|clearpoke\n|poke|p1|Froslass, L50, F|\n|poke|p1|Garchomp, L50, M|\n|poke|p1|Basculegion, L50, M|\n|poke|p1|Kingambit, L50, M|\n|poke|p1|Sneasler, L50, M|\n|poke|p1|Floette-Eternal, L50, F|\n|poke|p2|Sinistcha, L50|\n|poke|p2|Sneasler, L50, F|\n|poke|p2|Kingambit, L50, F, shiny|\n|poke|p2|Incineroar, L50, M|\n|poke|p2|Politoed, L50, M|\n|poke|p2|Gengar, L50, F|\n|teampreview|4\n|\n|t:|1776645449\n|teamsize|p1|4\n|teamsize|p2|4\n|start\n|switch|p1a: Basculegion|Basculegion, L50, M|100/100\n|switch|p1b: Kingambit|Kingambit, L50, M|100/100\n|switch|p2a: Gengar|Gengar, L50, F|100/100\n|switch|p2b: Sneasler|Sneasler, L50, F|100/100\n|turn|1\n|inactive|Battle timer is ON: inactive players will automatically lose when time's up. (requested by xflashy23)\n|\n|t:|1776645476\n|detailschange|p2a: Gengar|Gengar-Mega, L50, F\n|-mega|p2a: Gengar|Gengar|Gengarite\n|move|p2b: Sneasler|Fake Out|p1b: Kingambit\n|-resisted|p1b: Kingambit|1\n|-damage|p1b: Kingambit|95/100\n|move|p2a: Gengar|Shadow Ball|p1a: Basculegion\n|-supereffective|p1a: Basculegion|1\n|-damage|p1a: Basculegion|0 fnt\n|faint|p1a: Basculegion\n|cant|p1b: Kingambit|flinch\n|\n|upkeep\n|\n|t:|1776645491\n|switch|p1a: Sneasler|Sneasler, L50, M|100/100\n|turn|2\n|\n|t:|1776645506\n|move|p2b: Sneasler|Protect|p2b: Sneasler\n|-singleturn|p2b: Sneasler|Protect\n|move|p1a: Sneasler|Fake Out|p2b: Sneasler\n|-activate|p2b: Sneasler|move: Protect\n|move|p2a: Gengar|Perish Song|p2a: Gengar\n|-start|p1a: Sneasler|perish3|[silent]\n|-start|p1b: Kingambit|perish3|[silent]\n|-start|p2a: Gengar|perish3|[silent]\n|-start|p2b: Sneasler|perish3|[silent]\n|-fieldactivate|move: Perish Song\n|move|p1b: Kingambit|Kowtow Cleave|p2a: Gengar\n|-supereffective|p2a: Gengar|1\n|-damage|p2a: Gengar|0 fnt\n|faint|p2a: Gengar\n|\n|-start|p1a: Sneasler|perish3\n|-start|p2b: Sneasler|perish3\n|-start|p1b: Kingambit|perish3\n|upkeep\n|\n|t:|1776645521\n|switch|p2a: Kingambit|Kingambit, L50, F, shiny|100/100\n|turn|3\n|\n|t:|1776645533\n|switch|p1b: Floette|Floette-Eternal, L50, F|100/100\n|move|p2a: Kingambit|Protect|p2a: Kingambit\n|-singleturn|p2a: Kingambit|Protect\n|move|p1a: Sneasler|Close Combat|p2a: Kingambit\n|-activate|p2a: Kingambit|move: Protect\n|move|p2b: Sneasler|Dire Claw|p1a: Sneasler\n|-resisted|p1a: Sneasler|1\n|-damage|p1a: Sneasler|58/100\n|\n|-start|p1a: Sneasler|perish2\n|-start|p2b: Sneasler|perish2\n|upkeep\n|turn|4\n|\n|t:|1776645553\n|switch|p2a: Politoed|Politoed, L50, M|100/100\n|-weather|RainDance|[from] ability: Drizzle|[of] p2a: Politoed\n|detailschange|p1b: Floette|Floette-Mega, L50, F\n|-mega|p1b: Floette|Floette|Floettite\n|-ability|p1b: Floette|Fairy Aura\n|move|p2b: Sneasler|Protect|p2b: Sneasler\n|-singleturn|p2b: Sneasler|Protect\n|move|p1a: Sneasler|Close Combat|p2a: Politoed\n|-crit|p2a: Politoed\n|-damage|p2a: Politoed|0 fnt\n|-unboost|p1a: Sneasler|def|1\n|-unboost|p1a: Sneasler|spd|1\n|faint|p2a: Politoed\n|move|p1b: Floette|Moonblast|p2b: Sneasler\n|-activate|p2b: Sneasler|move: Protect\n|\n|-weather|RainDance|[upkeep]\n|-start|p1a: Sneasler|perish1\n|-start|p2b: Sneasler|perish1\n|upkeep\n|\n|t:|1776645569\n|switch|p2a: Kingambit|Kingambit, L50, F, shiny|100/100\n|turn|5\n|\n|t:|1776645586\n|switch|p1a: Kingambit|Kingambit, L50, M|95/100\n|move|p2b: Sneasler|Close Combat|p1a: Kingambit\n|-supereffective|p1a: Kingambit|2\n|-enditem|p1a: Kingambit|Chople Berry|[eat]\n|-enditem|p1a: Kingambit|Chople Berry|[weaken]\n|-damage|p1a: Kingambit|0 fnt\n|-unboost|p2b: Sneasler|def|1\n|-unboost|p2b: Sneasler|spd|1\n|faint|p1a: Kingambit\n|-enditem|p2b: Sneasler|White Herb\n|-clearnegativeboost|p2b: Sneasler|[silent]\n|move|p1b: Floette|Moonblast|p2a: Kingambit\n|-damage|p2a: Kingambit|28/100\n|move|p2a: Kingambit|Iron Head|p1b: Floette\n|-supereffective|p1b: Floette|1\n|-damage|p1b: Floette|1/100\n|\n|-weather|RainDance|[upkeep]\n|-start|p2b: Sneasler|perish0\n|upkeep\n|faint|p2b: Sneasler\n|\n|t:|1776645603\n|switch|p1a: Sneasler|Sneasler, L50, M|58/100\n|turn|6\n|\n|t:|1776645614\n|move|p1a: Sneasler|Close Combat|p2a: Kingambit\n|-supereffective|p2a: Kingambit|2\n|-damage|p2a: Kingambit|0 fnt\n|-unboost|p1a: Sneasler|def|1\n|-unboost|p1a: Sneasler|spd|1\n|faint|p2a: Kingambit\n|\n|win|xflashy23\n|raw|xflashy23's rating: 1255 &rarr; <strong>1277</strong><br />(+22 for winning)\n|raw|lessa_ped's rating: 1216 &rarr; <strong>1194</strong><br />(-22 for losing)\n",
  "uploadtime": 1776645616,
  "views": 9,
  "formatid": "gen9championsvgc2026regma",
  "rating": 1194,
  "private": 0,
  "password": null
}