{
  "id": "gen9championsvgc2026regma-2584913066",
  "format": "[Gen 9 Champions] VGC 2026 Reg M-A",
  "players": [
    "FlutterGainz",
    "mitosisbaby"
  ],
  "log": "|j|\u2606FlutterGainz\n|j|\u2606mitosisbaby\n|t:|1776293947\n|gametype|doubles\n|player|p1|FlutterGainz|ninjaboy|1347\n|player|p2|mitosisbaby|n|1373\n|gen|9\n|tier|[Gen 9 Champions] VGC 2026 Reg M-A\n|rated|\n|rule|Species Clause: Limit one of each Pok\u00e9mon\n|rule|Item Clause: Limit 1 of each item\n|clearpoke\n|poke|p1|Gengar, L50, F|\n|poke|p1|Kangaskhan, L50, F|\n|poke|p1|Palafin, L50, F|\n|poke|p1|Incineroar, L50, M|\n|poke|p1|Kommo-o, L50, M|\n|poke|p1|Whimsicott, L50, F|\n|poke|p2|Floette-Eternal, L50, F|\n|poke|p2|Kingambit, L50, M|\n|poke|p2|Tyranitar, L50, M|\n|poke|p2|Excadrill, L50, M|\n|poke|p2|Sneasler, L50, F|\n|poke|p2|Volcarona, L50, M|\n|teampreview|4\n|inactive|Battle timer is ON: inactive players will automatically lose when time's up. (requested by mitosisbaby)\n|\n|t:|1776293972\n|teamsize|p1|4\n|teamsize|p2|4\n|start\n|switch|p1a: Kangaskhan|Kangaskhan, L50, F|100/100\n|switch|p1b: Palafin|Palafin, L50, F|100/100\n|switch|p2a: Tyranitar|Tyranitar, L50, M|100/100\n|switch|p2b: Excadrill|Excadrill, L50, M|100/100\n|-weather|Sandstorm|[from] ability: Sand Stream|[of] p2a: Tyranitar\n|turn|1\n|\n|t:|1776293980\n|detailschange|p1a: Kangaskhan|Kangaskhan-Mega, L50, F\n|-mega|p1a: Kangaskhan|Kangaskhan|Kangaskhanite\n|move|p2b: Excadrill|Protect|p2b: Excadrill\n|-singleturn|p2b: Excadrill|Protect\n|move|p2a: Tyranitar|Protect|p2a: Tyranitar\n|-singleturn|p2a: Tyranitar|Protect\n|move|p1a: Kangaskhan|Fake Out|p2b: Excadrill\n|-activate|p2b: Excadrill|move: Protect\n|move|p1b: Palafin|Flip Turn|p2a: Tyranitar\n|-activate|p2a: Tyranitar|move: Protect\n|\n|-weather|Sandstorm|[upkeep]\n|-damage|p1a: Kangaskhan|95/100|[from] Sandstorm\n|-damage|p1b: Palafin|95/100|[from] Sandstorm\n|upkeep\n|turn|2\n|inactive|FlutterGainz has 30 seconds left.\n|\n|t:|1776294007\n|detailschange|p1b: Palafin|Palafin-Hero, L50, F\n|switch|p1b: Incineroar|Incineroar, L50, M|100/100\n|-ability|p1b: Incineroar|Intimidate|boost\n|-unboost|p2a: Tyranitar|atk|1\n|-unboost|p2b: Excadrill|atk|1\n|switch|p2a: Volcarona|Volcarona, L50, M|100/100\n|move|p2b: Excadrill|High Horsepower|p1b: Incineroar\n|-supereffective|p1b: Incineroar|1\n|-damage|p1b: Incineroar|32/100\n|-enditem|p1b: Incineroar|Sitrus Berry|[eat]\n|-heal|p1b: Incineroar|57/100|[from] item: Sitrus Berry\n|move|p1a: Kangaskhan|Low Kick|p2a: Volcarona\n|-resisted|p2a: Volcarona|1\n|-damage|p2a: Volcarona|91/100\n|-resisted|p2a: Volcarona|1\n|-crit|p2a: Volcarona\n|-damage|p2a: Volcarona|87/100\n|-hitcount|p2a: Volcarona|2\n|\n|-weather|Sandstorm|[upkeep]\n|-damage|p1a: Kangaskhan|89/100|[from] Sandstorm\n|-damage|p2a: Volcarona|81/100|[from] Sandstorm\n|-damage|p1b: Incineroar|51/100|[from] Sandstorm\n|upkeep\n|turn|3\n|inactive|mitosisbaby has 30 seconds left.\n|\n|t:|1776294033\n|switch|p1a: Palafin|Palafin-Hero, L50, F|95/100\n|-activate|p1a: Palafin|ability: Zero to Hero\n|move|p2b: Excadrill|Protect|p2b: Excadrill\n|-singleturn|p2b: Excadrill|Protect\n|move|p2a: Volcarona|Heat Wave|p1a: Palafin|[spread] p1a,p1b\n|-resisted|p1a: Palafin|1\n|-resisted|p1b: Incineroar|1\n|-damage|p1a: Palafin|79/100\n|-damage|p1b: Incineroar|39/100\n|move|p1b: Incineroar|Parting Shot|p2a: Volcarona\n|-unboost|p2a: Volcarona|atk|1\n|-unboost|p2a: Volcarona|spa|1\n|\n|t:|1776294041\n|switch|p1b: Kangaskhan|Kangaskhan-Mega, L50, F|89/100|[from] Parting Shot\n|\n|-weather|Sandstorm|[upkeep]\n|-damage|p1b: Kangaskhan|83/100|[from] Sandstorm\n|-damage|p1a: Palafin|73/100|[from] Sandstorm\n|-damage|p2a: Volcarona|74/100|[from] Sandstorm\n|upkeep\n|turn|4\n|\n|t:|1776294058\n|switch|p2b: Tyranitar|Tyranitar, L50, M|100/100\n|move|p1b: Kangaskhan|Fake Out|p2b: Tyranitar\n|-resisted|p2b: Tyranitar|1\n|-damage|p2b: Tyranitar|93/100\n|-resisted|p2b: Tyranitar|1\n|-damage|p2b: Tyranitar|92/100\n|-hitcount|p2b: Tyranitar|2\n|move|p1a: Palafin|Flip Turn|p2a: Volcarona\n|-supereffective|p2a: Volcarona|1\n|-damage|p2a: Volcarona|0 fnt\n|faint|p2a: Volcarona\n|\n|t:|1776294071\n|switch|p1a: Incineroar|Incineroar, L50, M|39/100|[from] Flip Turn\n|-ability|p1a: Incineroar|Intimidate|boost\n|-unboost|p2b: Tyranitar|atk|1\n|\n|-weather|Sandstorm|[upkeep]\n|-damage|p1b: Kangaskhan|77/100|[from] Sandstorm\n|-damage|p1a: Incineroar|33/100|[from] Sandstorm\n|-heal|p2b: Tyranitar|98/100|[from] item: Leftovers\n|upkeep\n|\n|t:|1776294079\n|switch|p2a: Excadrill|Excadrill, L50, M|100/100\n|turn|5\n|\n|t:|1776294091\n|move|p1a: Incineroar|Fake Out|p2a: Excadrill\n|-resisted|p2a: Excadrill|1\n|-damage|p2a: Excadrill|94/100\n|cant|p2a: Excadrill|flinch\n|move|p1b: Kangaskhan|Double-Edge|p2b: Tyranitar\n|-resisted|p2b: Tyranitar|1\n|-damage|p2b: Tyranitar|76/100\n|-resisted|p2b: Tyranitar|1\n|-damage|p2b: Tyranitar|71/100\n|-hitcount|p2b: Tyranitar|2\n|-damage|p1b: Kangaskhan|68/100|[from] Recoil\n|move|p2b: Tyranitar|High Horsepower|p1a: Incineroar\n|-supereffective|p1a: Incineroar|1\n|-damage|p1a: Incineroar|0 fnt\n|faint|p1a: Incineroar\n|\n|-weather|none\n|-heal|p2b: Tyranitar|76/100|[from] item: Leftovers\n|upkeep\n|\n|t:|1776294094\n|switch|p1a: Palafin|Palafin-Hero, L50, F|73/100\n|turn|6\n|inactive|mitosisbaby has 30 seconds left.\n|\n|t:|1776294127\n|move|p1a: Palafin|Jet Punch|p2a: Excadrill\n|-supereffective|p2a: Excadrill|1\n|-damage|p2a: Excadrill|0 fnt\n|faint|p2a: Excadrill\n|move|p1b: Kangaskhan|Low Kick|p2b: Tyranitar\n|-supereffective|p2b: Tyranitar|2\n|-damage|p2b: Tyranitar|0 fnt\n|faint|p2b: Tyranitar\n|-hitcount|p2: Tyranitar|1\n|\n|upkeep\n|\n|t:|1776294135\n|switch|p2b: Floette|Floette-Eternal, L50, F|100/100\n|turn|7\n|\n|t:|1776294141\n|detailschange|p2b: Floette|Floette-Mega, L50, F\n|-mega|p2b: Floette|Floette|Floettite\n|-ability|p2b: Floette|Fairy Aura\n|move|p1a: Palafin|Jet Punch|p2b: Floette\n|-damage|p2b: Floette|49/100\n|move|p1b: Kangaskhan|Double-Edge|p2b: Floette\n|-damage|p2b: Floette|0 fnt\n|faint|p2b: Floette\n|-hitcount|p2: Floette|1\n|-damage|p1b: Kangaskhan|54/100|[from] Recoil\n|\n|win|FlutterGainz\n|raw|FlutterGainz's rating: 1347 &rarr; <strong>1368</strong><br />(+21 for winning)\n|raw|mitosisbaby's rating: 1373 &rarr; <strong>1352</strong><br />(-21 for losing)\n|c|\u2606mitosisbaby|ggs\n|c|\u2606FlutterGainz|gg\n|l|\u2606mitosisbaby\n|player|p2|\n",
  "uploadtime": 1776294152,
  "views": 34,
  "formatid": "gen9championsvgc2026regma",
  "rating": 1352,
  "private": 0,
  "password": null
}