{
  "id": "gen9championsvgc2026regma-2585248613",
  "format": "[Gen 9 Champions] VGC 2026 Reg M-A",
  "players": [
    "jontar gurning",
    "Kilipokefan"
  ],
  "log": "|j|\u2606jontar gurning\n|j|\u2606Kilipokefan\n|t:|1776329764\n|gametype|doubles\n|player|p1|jontar gurning|swimmerf-gen4dp|1203\n|player|p2|Kilipokefan|crasherwake|1254\n|gen|9\n|tier|[Gen 9 Champions] VGC 2026 Reg M-A\n|rated|\n|rule|Species Clause: Limit one of each Pok\u00e9mon\n|rule|Item Clause: Limit 1 of each item\n|clearpoke\n|poke|p1|Gengar, L50, M|\n|poke|p1|Archaludon, L50, F|\n|poke|p1|Incineroar, L50, M|\n|poke|p1|Gardevoir, L50, F|\n|poke|p1|Whimsicott, L50, M|\n|poke|p1|Politoed, L50, M|\n|poke|p2|Whimsicott, L50, F|\n|poke|p2|Scizor, L50, M|\n|poke|p2|Typhlosion-Hisui, L50, M|\n|poke|p2|Archaludon, L50, F|\n|poke|p2|Rotom-Wash, L50|\n|poke|p2|Gallade, L50, M|\n|teampreview|4\n|\n|t:|1776329788\n|teamsize|p1|4\n|teamsize|p2|4\n|start\n|switch|p1a: Gengar|Gengar, L50, M|100/100\n|switch|p1b: Whimsicott|Whimsicott, L50, M|100/100\n|switch|p2a: Scizor|Scizor, L50, M|100/100\n|switch|p2b: Whimsicott|Whimsicott, L50, F|100/100\n|turn|1\n|inactive|Battle timer is ON: inactive players will automatically lose when time's up. (requested by jontar gurning)\n|\n|t:|1776329807\n|detailschange|p1a: Gengar|Gengar-Mega, L50, M\n|-mega|p1a: Gengar|Gengar|Gengarite\n|detailschange|p2a: Scizor|Scizor-Mega, L50, M\n|-mega|p2a: Scizor|Scizor|Scizorite\n|move|p1b: Whimsicott|Tailwind|p1b: Whimsicott\n|-sidestart|p1: jontar gurning|move: Tailwind\n|move|p2b: Whimsicott|Tailwind|p2b: Whimsicott\n|-sidestart|p2: Kilipokefan|move: Tailwind\n|move|p1a: Gengar|Perish Song|p1a: Gengar\n|-start|p1a: Gengar|perish3|[silent]\n|-start|p1b: Whimsicott|perish3|[silent]\n|-start|p2a: Scizor|perish3|[silent]\n|-start|p2b: Whimsicott|perish3|[silent]\n|-fieldactivate|move: Perish Song\n|move|p2a: Scizor|Assurance|p1a: Gengar\n|-supereffective|p1a: Gengar|1\n|-damage|p1a: Gengar|13/100\n|\n|-start|p1a: Gengar|perish3\n|-start|p2b: Whimsicott|perish3\n|-start|p1b: Whimsicott|perish3\n|-start|p2a: Scizor|perish3\n|upkeep\n|turn|2\n|\n|t:|1776329830\n|switch|p1b: Incineroar|Incineroar, L50, M|100/100\n|-ability|p1b: Incineroar|Intimidate|boost\n|-unboost|p2a: Scizor|atk|1\n|-unboost|p2b: Whimsicott|atk|1\n|move|p1a: Gengar|Protect|p1a: Gengar\n|-singleturn|p1a: Gengar|Protect\n|move|p2a: Scizor|Bullet Punch|p1a: Gengar\n|-activate|p1a: Gengar|move: Protect\n|move|p2b: Whimsicott|Moonblast|p1b: Incineroar\n|-damage|p1b: Incineroar|72/100\n|\n|-start|p1a: Gengar|perish2\n|-start|p2b: Whimsicott|perish2\n|-start|p2a: Scizor|perish2\n|upkeep\n|turn|3\n|\n|t:|1776329851\n|switch|p1a: Politoed|Politoed, L50, M|100/100\n|-weather|RainDance|[from] ability: Drizzle|[of] p1a: Politoed\n|move|p2a: Scizor|Protect|p2a: Scizor\n|-singleturn|p2a: Scizor|Protect\n|move|p2b: Whimsicott|Moonblast|p1a: Politoed\n|-damage|p1a: Politoed|70/100\n|move|p1b: Incineroar|Parting Shot|p2b: Whimsicott\n|-unboost|p2b: Whimsicott|atk|1\n|-unboost|p2b: Whimsicott|spa|1\n|\n|t:|1776329865\n|switch|p1b: Gengar|Gengar-Mega, L50, M|13/100|[from] Parting Shot\n|\n|-weather|RainDance|[upkeep]\n|-start|p2b: Whimsicott|perish1\n|-start|p2a: Scizor|perish1\n|upkeep\n|turn|4\n|\n|t:|1776329873\n|move|p1b: Gengar|Protect|p1b: Gengar\n|-singleturn|p1b: Gengar|Protect\n|move|p1a: Politoed|Protect|p1a: Politoed\n|-singleturn|p1a: Politoed|Protect\n|move|p2b: Whimsicott|Moonblast|p1a: Politoed\n|-activate|p1a: Politoed|move: Protect\n|move|p2a: Scizor|Bug Bite|p1a: Politoed\n|-activate|p1a: Politoed|move: Protect\n|\n|-weather|RainDance|[upkeep]\n|-start|p2b: Whimsicott|perish0\n|-start|p2a: Scizor|perish0\n|-sideend|p1: jontar gurning|move: Tailwind\n|-sideend|p2: Kilipokefan|move: Tailwind\n|faint|p2b: Whimsicott\n|faint|p2a: Scizor\n|upkeep\n|\n|t:|1776329876\n|switch|p2b: Gallade|Gallade, L50, M|100/100\n|switch|p2a: Rotom|Rotom-Wash, L50|100/100\n|turn|5\n|\n|t:|1776329891\n|switch|p1b: Incineroar|Incineroar, L50, M|72/100\n|-ability|p1b: Incineroar|Intimidate|boost\n|-unboost|p2a: Rotom|atk|1\n|-unboost|p2b: Gallade|atk|1\n|move|p2b: Gallade|Aqua Cutter|p1b: Incineroar\n|-supereffective|p1b: Incineroar|1\n|-damage|p1b: Incineroar|10/100\n|move|p2a: Rotom|Thunderbolt|p1a: Politoed\n|-supereffective|p1a: Politoed|1\n|-crit|p1a: Politoed\n|-damage|p1a: Politoed|0 fnt\n|faint|p1a: Politoed\n|\n|-weather|RainDance|[upkeep]\n|upkeep\n|\n|t:|1776329908\n|switch|p1a: Gengar|Gengar-Mega, L50, M|13/100\n|turn|6\n|\n|t:|1776329925\n|move|p1b: Incineroar|Fake Out|p2a: Rotom\n|-damage|p2a: Rotom|88/100\n|move|p1a: Gengar|Perish Song|p1a: Gengar\n|-start|p1a: Gengar|perish3|[silent]\n|-start|p1b: Incineroar|perish3|[silent]\n|-start|p2a: Rotom|perish3|[silent]\n|-start|p2b: Gallade|perish3|[silent]\n|-fieldactivate|move: Perish Song\n|move|p2b: Gallade|Aqua Cutter|p1b: Incineroar\n|-supereffective|p1b: Incineroar|1\n|-damage|p1b: Incineroar|0 fnt\n|faint|p1b: Incineroar\n|cant|p2a: Rotom|flinch\n|\n|-weather|RainDance|[upkeep]\n|-start|p1a: Gengar|perish3\n|-start|p2b: Gallade|perish3\n|-start|p2a: Rotom|perish3\n|upkeep\n|\n|t:|1776329930\n|switch|p1b: Whimsicott|Whimsicott, L50, M|100/100\n|turn|7\n|\n|t:|1776329947\n|move|p1b: Whimsicott|Encore|p2b: Gallade\n|-start|p2b: Gallade|Encore\n|move|p1a: Gengar|Disable|p2b: Gallade\n|-start|p2b: Gallade|Disable|Aqua Cutter\n|cant|p2b: Gallade|Disable|Aqua Cutter\n|move|p2a: Rotom|Thunderbolt|p1b: Whimsicott\n|-resisted|p1b: Whimsicott|1\n|-damage|p1b: Whimsicott|70/100\n|\n|-weather|none\n|-start|p1a: Gengar|perish2\n|-start|p2b: Gallade|perish2\n|-start|p2a: Rotom|perish2\n|upkeep\n|turn|8\n|\n|t:|1776329966\n|move|p1b: Whimsicott|Encore|p2a: Rotom\n|-start|p2a: Rotom|Encore\n|move|p1a: Gengar|Disable|p2a: Rotom\n|-start|p2a: Rotom|Disable|Thunderbolt\n|-activate|p2b: Gallade|move: Struggle\n|move|p2b: Gallade|Struggle|p1b: Whimsicott\n|-damage|p1b: Whimsicott|52/100\n|-damage|p2b: Gallade|75/100|[from] recoil\n|cant|p2a: Rotom|Disable|Thunderbolt\n|\n|-start|p1a: Gengar|perish1\n|-start|p2b: Gallade|perish1\n|-start|p2a: Rotom|perish1\n|upkeep\n|turn|9\n|-message|Kilipokefan forfeited.\n|\n|win|jontar gurning\n|raw|jontar gurning's rating: 1203 &rarr; <strong>1232</strong><br />(+29 for winning)\n|raw|Kilipokefan's rating: 1254 &rarr; <strong>1225</strong><br />(-29 for losing)\n|l|\u2606Kilipokefan\n|player|p2|\n",
  "uploadtime": 1776329991,
  "views": 37,
  "formatid": "gen9championsvgc2026regma",
  "rating": 1225,
  "private": 0,
  "password": null
}