{
  "id": "gen9championsvgc2026regma-2584006103",
  "format": "[Gen 9 Champions] VGC 2026 Reg M-A",
  "players": [
    "JasmineThia",
    "Terp09"
  ],
  "log": "|j|\u2606JasmineThia\n|j|\u2606Terp09\n|t:|1776216106\n|gametype|doubles\n|player|p1|JasmineThia|selene-masters2|1135\n|player|p2|Terp09|170|1076\n|gen|9\n|tier|[Gen 9 Champions] VGC 2026 Reg M-A\n|rated|\n|rule|Species Clause: Limit one of each Pok\u00e9mon\n|rule|Item Clause: Limit 1 of each item\n|clearpoke\n|poke|p1|Dedenne, L50, F|\n|poke|p1|Chandelure, L50, F|\n|poke|p1|Whimsicott, L50, F|\n|poke|p1|Quaquaval, L50, F|\n|poke|p1|Orthworm, L50, M|\n|poke|p1|Garchomp, L50, M|\n|poke|p2|Froslass, L50, F|\n|poke|p2|Incineroar, L50, M|\n|poke|p2|Rotom-Frost, L50|\n|poke|p2|Kingambit, L50, F|\n|poke|p2|Basculegion, L50, M|\n|poke|p2|Whimsicott, L50, F|\n|teampreview|4\n|inactive|Battle timer is ON: inactive players will automatically lose when time's up. (requested by JasmineThia)\n|\n|t:|1776216141\n|teamsize|p1|4\n|teamsize|p2|4\n|start\n|switch|p1a: Whimsicott|Whimsicott, L50, F|100/100\n|switch|p1b: Orthworm|Orthworm, L50, M|100/100\n|switch|p2a: Basculegion|Basculegion, L50, M|100/100\n|switch|p2b: Rotom|Rotom-Frost, L50|100/100\n|turn|1\n|inactive|JasmineThia has 30 seconds left.\n|inactive|JasmineThia has 20 seconds left.\n|inactive|JasmineThia has 15 seconds left.\n|inactive|JasmineThia has 10 seconds left.\n|inactive|JasmineThia has 5 seconds left.\n|\n|t:|1776216196\n|move|p1a: Whimsicott|Tailwind|p1a: Whimsicott\n|-sidestart|p1: JasmineThia|move: Tailwind\n|move|p2a: Basculegion|Wave Crash|p1b: Orthworm\n|-damage|p1b: Orthworm|52/100\n|-damage|p2a: Basculegion|86/100|[from] Recoil\n|move|p1b: Orthworm|Shed Tail|p1b: Orthworm\n|-start|p1b: Orthworm|Substitute|[from] move: Shed Tail\n|-damage|p1b: Orthworm|2/100\n|-enditem|p1b: Orthworm|Sitrus Berry|[eat]\n|-heal|p1b: Orthworm|26/100|[from] item: Sitrus Berry\n|\n|t:|1776216209\n|switch|p1b: Chandelure|Chandelure, L50, F|100/100|[from] Shed Tail\n|move|p2b: Rotom|Electroweb|p1a: Whimsicott|[spread] p1a,p1b\n|-activate|p1b: Chandelure|move: Substitute|[damage]\n|-resisted|p1a: Whimsicott|1\n|-crit|p1a: Whimsicott\n|-damage|p1a: Whimsicott|86/100\n|-unboost|p1a: Whimsicott|spe|1\n|\n|upkeep\n|turn|2\n|\n|t:|1776216228\n|switch|p2a: Incineroar|Incineroar, L50, M|100/100\n|-ability|p2a: Incineroar|Intimidate|boost\n|-unboost|p1a: Whimsicott|atk|1\n|-immune|p1b: Chandelure\n|detailschange|p1b: Chandelure|Chandelure-Mega, L50, F\n|-mega|p1b: Chandelure|Chandelure|Chandelurite\n|move|p1a: Whimsicott|Encore|p2b: Rotom\n|-start|p2b: Rotom|Encore\n|move|p1b: Chandelure|Shadow Ball|p2a: Incineroar\n|-resisted|p2a: Incineroar|1\n|-damage|p2a: Incineroar|81/100\n|move|p2b: Rotom|Electroweb|p1b: Chandelure|[spread] p1a,p1b\n|-end|p1b: Chandelure|Substitute\n|-resisted|p1a: Whimsicott|1\n|-damage|p1a: Whimsicott|75/100\n|-unboost|p1a: Whimsicott|spe|1\n|\n|upkeep\n|turn|3\n|\n|t:|1776216254\n|switch|p2b: Basculegion|Basculegion, L50, M|86/100\n|move|p2a: Incineroar|Fake Out|p1a: Whimsicott\n|-crit|p1a: Whimsicott\n|-damage|p1a: Whimsicott|57/100\n|move|p1b: Chandelure|Substitute|p1b: Chandelure\n|-start|p1b: Chandelure|Substitute\n|-damage|p1b: Chandelure|76/100\n|cant|p1a: Whimsicott|flinch\n|\n|upkeep\n|turn|4\n|\n|t:|1776216276\n|switch|p2b: Rotom|Rotom-Frost, L50|100/100\n|switch|p1a: Quaquaval|Quaquaval, L50, F|100/100\n|move|p1b: Chandelure|Shadow Ball|p2b: Rotom\n|-damage|p2b: Rotom|51/100\n|move|p2a: Incineroar|Flare Blitz|p1a: Quaquaval\n|-resisted|p1a: Quaquaval|1\n|-damage|p1a: Quaquaval|66/100\n|-damage|p2a: Incineroar|72/100|[from] Recoil\n|\n|-heal|p2b: Rotom|57/100|[from] item: Leftovers\n|-sideend|p1: JasmineThia|move: Tailwind\n|upkeep\n|turn|5\n|inactive|Terp09 has 30 seconds left.\n|\n|t:|1776216302\n|move|p1b: Chandelure|Heat Wave|p2b: Rotom|[spread] p2b\n|-miss|p1b: Chandelure|p2a: Incineroar\n|-supereffective|p2b: Rotom|1\n|-damage|p2b: Rotom|0 fnt\n|faint|p2b: Rotom\n|move|p1a: Quaquaval|Aqua Step|p2a: Incineroar\n|-supereffective|p2a: Incineroar|1\n|-damage|p2a: Incineroar|0 fnt\n|-boost|p1a: Quaquaval|spe|1\n|faint|p2a: Incineroar\n|-ability|p1a: Quaquaval|Moxie|boost\n|-boost|p1a: Quaquaval|atk|1\n|\n|upkeep\n|\n|t:|1776216312\n|switch|p2b: Basculegion|Basculegion, L50, M|86/100\n|switch|p2a: Froslass|Froslass, L50, F|100/100\n|turn|6\n|\n|t:|1776216328\n|detailschange|p2a: Froslass|Froslass-Mega, L50, F\n|-mega|p2a: Froslass|Froslass|Froslassite\n|-weather|Snowscape|[from] ability: Snow Warning|[of] p2a: Froslass\n|move|p1b: Chandelure|Protect|p1b: Chandelure\n|-singleturn|p1b: Chandelure|Protect\n|move|p1a: Quaquaval|Aqua Step|p2a: Froslass\n|-damage|p2a: Froslass|34/100\n|-boost|p1a: Quaquaval|spe|1\n|move|p2b: Basculegion|Last Respects|p1b: Chandelure\n|-activate|p1b: Chandelure|move: Protect\n|move|p2a: Froslass|Blizzard|p1b: Chandelure|[spread] p1a\n|-activate|p1b: Chandelure|move: Protect\n|-resisted|p1a: Quaquaval|1\n|-damage|p1a: Quaquaval|29/100\n|\n|-weather|Snowscape|[upkeep]\n|upkeep\n|turn|7\n|-message|Terp09 forfeited.\n|\n|win|JasmineThia\n|raw|JasmineThia's rating: 1135 &rarr; <strong>1156</strong><br />(+21 for winning)\n|raw|Terp09's rating: 1076 &rarr; <strong>1058</strong><br />(-18 for losing)\n|l|\u2606Terp09\n|player|p2|\n",
  "uploadtime": 1776216350,
  "views": 16,
  "formatid": "gen9championsvgc2026regma",
  "rating": 1058,
  "private": 0,
  "password": null
}