{
  "id": "gen9championsvgc2026regma-2585236319",
  "format": "[Gen 9 Champions] VGC 2026 Reg M-A",
  "players": [
    "asakusax",
    "Aircraft Ape"
  ],
  "log": "|j|\u2606asakusax\n|j|\u2606Aircraft Ape\n|t:|1776328388\n|gametype|doubles\n|player|p1|asakusax|n|1085\n|player|p2|Aircraft Ape|veteran-gen4|1136\n|gen|9\n|tier|[Gen 9 Champions] VGC 2026 Reg M-A\n|rated|\n|rule|Species Clause: Limit one of each Pok\u00e9mon\n|rule|Item Clause: Limit 1 of each item\n|clearpoke\n|poke|p1|Tyranitar, L50, M|\n|poke|p1|Basculegion, L50, M|\n|poke|p1|Arcanine, L50, M|\n|poke|p1|Sinistcha, L50|\n|poke|p1|Scizor, L50, M|\n|poke|p1|Sneasler, L50, M|\n|poke|p2|Chesnaught, L50, F|\n|poke|p2|Whimsicott, L50, M|\n|poke|p2|Gengar, L50, M|\n|poke|p2|Sinistcha, L50|\n|poke|p2|Incineroar, L50, M|\n|poke|p2|Garchomp, L50, M|\n|teampreview|4\n|inactive|Battle timer is ON: inactive players will automatically lose when time's up. (requested by Aircraft Ape)\nasakusax rejected open team sheets.\n|inactive|Aircraft Ape has 60 seconds left.\n|\n|t:|1776328425\n|teamsize|p1|4\n|teamsize|p2|4\n|start\n|switch|p1a: Sneasler|Sneasler, L50, M|100/100\n|switch|p1b: Scizor|Scizor, L50, M|100/100\n|switch|p2a: Chesnaught|Chesnaught, L50, F|100/100\n|switch|p2b: Incineroar|Incineroar, L50, M|100/100\n|-ability|p2b: Incineroar|Intimidate|boost\n|-unboost|p1a: Sneasler|atk|1\n|-unboost|p1b: Scizor|atk|1\n|turn|1\n|\n|t:|1776328439\n|detailschange|p1b: Scizor|Scizor-Mega, L50, M\n|-mega|p1b: Scizor|Scizor|Scizorite\n|move|p2a: Chesnaught|Protect|p2a: Chesnaught\n|-singleturn|p2a: Chesnaught|Protect\n|move|p1a: Sneasler|Fake Out|p2b: Incineroar\n|-damage|p2b: Incineroar|94/100\n|move|p1b: Scizor|Swords Dance|p1b: Scizor\n|-boost|p1b: Scizor|atk|2\n|cant|p2b: Incineroar|flinch\n|\n|upkeep\n|turn|2\n|\n|t:|1776328464\n|detailschange|p2a: Chesnaught|Chesnaught-Mega, L50, F\n|-mega|p2a: Chesnaught|Chesnaught|Chesnaughtite\n|move|p1a: Sneasler|Close Combat|p2b: Incineroar\n|-supereffective|p2b: Incineroar|1\n|-damage|p2b: Incineroar|29/100\n|-unboost|p1a: Sneasler|def|1\n|-unboost|p1a: Sneasler|spd|1\n|-enditem|p2b: Incineroar|Sitrus Berry|[eat]\n|-heal|p2b: Incineroar|53/100|[from] item: Sitrus Berry\n|move|p1b: Scizor|Dual Wingbeat|p2b: Incineroar\n|-damage|p2b: Incineroar|27/100\n|-damage|p2b: Incineroar|0 fnt\n|faint|p2b: Incineroar\n|-hitcount|p2: Incineroar|2\n|move|p2a: Chesnaught|Iron Defense|p2a: Chesnaught\n|-boost|p2a: Chesnaught|def|2\n|\n|upkeep\n|\n|t:|1776328479\n|switch|p2b: Garchomp|Garchomp, L50, M|100/100\n|turn|3\n|\n|t:|1776328493\n|switch|p1a: Arcanine|Arcanine, L50, M|100/100\n|-ability|p1a: Arcanine|Intimidate|boost\n|-unboost|p2a: Chesnaught|atk|1\n|-unboost|p2b: Garchomp|atk|1\n|move|p1b: Scizor|Protect|p1b: Scizor\n|-singleturn|p1b: Scizor|Protect\n|move|p2b: Garchomp|Rock Slide|p1b: Scizor|[spread] p1a\n|-activate|p1b: Scizor|move: Protect\n|-supereffective|p1a: Arcanine|1\n|-damage|p1a: Arcanine|69/100\n|move|p2a: Chesnaught|Body Press|p1b: Scizor\n|-activate|p1b: Scizor|move: Protect\n|\n|upkeep\n|turn|4\n|\n|t:|1776328511\n|move|p2b: Garchomp|Rock Slide|p1b: Scizor|[spread] p1a,p1b\n|-supereffective|p1a: Arcanine|1\n|-damage|p1a: Arcanine|33/100\n|-damage|p1b: Scizor|88/100\n|move|p1a: Arcanine|Burn Up|p2a: Chesnaught\n|-supereffective|p2a: Chesnaught|1\n|-damage|p2a: Chesnaught|32/100\n|-start|p1a: Arcanine|typechange|???|[from] move: Burn Up\n|move|p1b: Scizor|Swords Dance|p1b: Scizor\n|-boost|p1b: Scizor|atk|2\n|move|p2a: Chesnaught|Body Press|p1b: Scizor\n|-damage|p1b: Scizor|0 fnt\n|faint|p1b: Scizor\n|\n|upkeep\n|\n|t:|1776328525\n|switch|p1b: Sneasler|Sneasler, L50, M|100/100\n|turn|5\n|\n|t:|1776328546\n|switch|p2b: Sinistcha|Sinistcha, L50|100/100\n|-heal|p2a: Chesnaught|56/100|[from] ability: Hospitality|[of] p2b: Sinistcha\n|move|p2a: Chesnaught|Protect|p2a: Chesnaught\n|-singleturn|p2a: Chesnaught|Protect\n|move|p1b: Sneasler|Fake Out|p2a: Chesnaught\n|-activate|p2a: Chesnaught|move: Protect\n|move|p1a: Arcanine|Will-O-Wisp|p2b: Sinistcha\n|-status|p2b: Sinistcha|brn\n|\n|-damage|p2b: Sinistcha|94/100 brn|[from] brn\n|upkeep\n|turn|6\n|inactive|Aircraft Ape has 30 seconds left.\n|\n|t:|1776328577\n|move|p2b: Sinistcha|Rage Powder|p2b: Sinistcha\n|-singleturn|p2b: Sinistcha|move: Rage Powder\n|move|p1b: Sneasler|Dire Claw|p2b: Sinistcha\n|-damage|p2b: Sinistcha|63/100 brn\n|move|p1a: Arcanine|Snarl|p2b: Sinistcha|[spread] p2a,p2b\n|-resisted|p2a: Chesnaught|1\n|-supereffective|p2b: Sinistcha|1\n|-damage|p2a: Chesnaught|53/100\n|-damage|p2b: Sinistcha|38/100 brn\n|-unboost|p2a: Chesnaught|spa|1\n|-unboost|p2b: Sinistcha|spa|1\n|move|p2a: Chesnaught|Body Press|p1a: Arcanine\n|-damage|p1a: Arcanine|0 fnt\n|faint|p1a: Arcanine\n|\n|-heal|p2b: Sinistcha|44/100 brn|[from] item: Leftovers\n|-damage|p2b: Sinistcha|38/100 brn|[from] brn\n|upkeep\n|\n|t:|1776328592\n|switch|p1a: Basculegion|Basculegion, L50, M|100/100\n|turn|7\n|\n|t:|1776328611\n|move|p2b: Sinistcha|Rage Powder|p2b: Sinistcha\n|-singleturn|p2b: Sinistcha|move: Rage Powder\n|move|p1a: Basculegion|Last Respects|p2b: Sinistcha\n|-supereffective|p2b: Sinistcha|1\n|-damage|p2b: Sinistcha|0 fnt\n|faint|p2b: Sinistcha\n|move|p1b: Sneasler|Dire Claw|p2a: Chesnaught\n|-supereffective|p2a: Chesnaught|1\n|-damage|p2a: Chesnaught|30/100\n|move|p2a: Chesnaught|Knock Off|p1a: Basculegion\n|-supereffective|p1a: Basculegion|1\n|-damage|p1a: Basculegion|46/100\n|-enditem|p1a: Basculegion|Choice Scarf|[from] move: Knock Off|[of] p2a: Chesnaught\n|\n|upkeep\n|\n|t:|1776328624\n|switch|p2b: Garchomp|Garchomp, L50, M|100/100\n|turn|8\n|\n|t:|1776328631\n|move|p2b: Garchomp|Dragon Claw|p1a: Basculegion\n|-damage|p1a: Basculegion|0 fnt\n|faint|p1a: Basculegion\n|move|p1b: Sneasler|Dire Claw|p2a: Chesnaught\n|-supereffective|p2a: Chesnaught|1\n|-crit|p2a: Chesnaught\n|-damage|p2a: Chesnaught|0 fnt\n|faint|p2a: Chesnaught\n|\n|upkeep\n|turn|9\n|\n|t:|1776328639\n|move|p2b: Garchomp|Dragon Claw|p1b: Sneasler\n|-damage|p1b: Sneasler|24/100\n|move|p1b: Sneasler|Dire Claw|p2b: Garchomp\n|-resisted|p2b: Garchomp|1\n|-damage|p2b: Garchomp|79/100\n|-damage|p1b: Sneasler|12/100|[from] ability: Rough Skin|[of] p2b: Garchomp\n|\n|upkeep\n|turn|10\n|-message|asakusax forfeited.\n|\n|win|Aircraft Ape\n|raw|asakusax's rating: 1085 &rarr; <strong>1066</strong><br />(-19 for losing)\n|raw|Aircraft Ape's rating: 1136 &rarr; <strong>1157</strong><br />(+21 for winning)\n|l|\u2606asakusax\n|player|p1|\n",
  "uploadtime": 1776328749,
  "views": 25,
  "formatid": "gen9championsvgc2026regma",
  "rating": 1066,
  "private": 0,
  "password": null
}