{
  "id": "gen9championsvgc2026regma-2588750542",
  "format": "[Gen 9 Champions] VGC 2026 Reg M-A",
  "players": [
    "steven he vgc",
    "speedyturtle87"
  ],
  "log": "|j|\u2606steven he vgc\n|j|\u2606speedyturtle87\n|t:|1776665901\n|gametype|doubles\n|player|p1|steven he vgc|101|1733\n|player|p2|speedyturtle87|canari|1599\n|gen|9\n|tier|[Gen 9 Champions] VGC 2026 Reg M-A\n|rated|\n|rule|Species Clause: Limit one of each Pok\u00e9mon\n|rule|Item Clause: Limit 1 of each item\n|clearpoke\n|poke|p1|Floette-Eternal, L50, F|\n|poke|p1|Sneasler, L50, F|\n|poke|p1|Incineroar, L50, F|\n|poke|p1|Kingambit, L50, M|\n|poke|p1|Palafin, L50, M|\n|poke|p1|Garchomp, L50, M|\n|poke|p2|Aerodactyl, L50, M|\n|poke|p2|Meganium, L50, M|\n|poke|p2|Diggersby, L50, F|\n|poke|p2|Kingambit, L50, M|\n|poke|p2|Rotom-Wash, L50|\n|poke|p2|Sneasler, L50, F|\n|teampreview|4\n|inactive|Battle timer is ON: inactive players will automatically lose when time's up. (requested by speedyturtle87)\n|inactive|speedyturtle87 has 60 seconds left.\n|\n|t:|1776665939\n|teamsize|p1|4\n|teamsize|p2|4\n|start\n|switch|p1a: Floette|Floette-Eternal, L50, F|100/100\n|switch|p1b: Sneasler|Sneasler, L50, F|100/100\n|switch|p2a: Sneasler|Sneasler, L50, F|100/100\n|switch|p2b: Aerodactyl|Aerodactyl, L50, M|100/100\n|-ability|p2b: Aerodactyl|Unnerve\n|turn|1\n|\n|t:|1776665947\n|detailschange|p1a: Floette|Floette-Mega, L50, F\n|-mega|p1a: Floette|Floette|Floettite\n|-ability|p1a: Floette|Fairy Aura\n|move|p1b: Sneasler|Fake Out|p2a: Sneasler\n|-damage|p2a: Sneasler|74/100\n|-immune|p2a: Sneasler\n|cant|p2a: Sneasler|flinch\n|move|p2b: Aerodactyl|Tailwind|p2b: Aerodactyl\n|-sidestart|p2: speedyturtle87|move: Tailwind\n|move|p1a: Floette|Dazzling Gleam|p2b: Aerodactyl|[spread] p2a,p2b\n|-damage|p2a: Sneasler|22/100\n|-damage|p2b: Aerodactyl|37/100\n|\n|upkeep\n|turn|2\n|\n|t:|1776665958\n|switch|p1b: Incineroar|Incineroar, L50, F|100/100\n|-ability|p1b: Incineroar|Intimidate|boost\n|-unboost|p2a: Sneasler|atk|1\n|-unboost|p2b: Aerodactyl|atk|1\n|-enditem|p2a: Sneasler|White Herb\n|-clearnegativeboost|p2a: Sneasler|[silent]\n|move|p1a: Floette|Protect|p1a: Floette\n|-singleturn|p1a: Floette|Protect\n|move|p2a: Sneasler|Close Combat|p1b: Incineroar\n|-supereffective|p1b: Incineroar|1\n|-damage|p1b: Incineroar|0 fnt\n|-unboost|p2a: Sneasler|def|1\n|-unboost|p2a: Sneasler|spd|1\n|faint|p1b: Incineroar\n|move|p2b: Aerodactyl|Dual Wingbeat|p1a: Floette\n|-activate|p1a: Floette|move: Protect\n|\n|upkeep\n|\n|t:|1776665960\n|switch|p1b: Kingambit|Kingambit, L50, M|100/100\n|turn|3\n|\n|t:|1776665971\n|move|p2a: Sneasler|Protect|p2a: Sneasler\n|-singleturn|p2a: Sneasler|Protect\n|move|p1b: Kingambit|Sucker Punch||[still]\n|-fail|p1b: Kingambit\n|move|p2b: Aerodactyl|Rock Slide|p1b: Kingambit|[spread] p1a,p1b\n|-resisted|p1b: Kingambit|1\n|-damage|p1a: Floette|87/100\n|-damage|p1b: Kingambit|94/100\n|move|p1a: Floette|Calm Mind|p1a: Floette\n|-boost|p1a: Floette|spa|1\n|-boost|p1a: Floette|spd|1\n|\n|upkeep\n|turn|4\n|\n|t:|1776665985\n|switch|p2a: Kingambit|Kingambit, L50, M|100/100\n|move|p2b: Aerodactyl|Protect|p2b: Aerodactyl\n|-singleturn|p2b: Aerodactyl|Protect\n|move|p1b: Kingambit|Sucker Punch||[still]\n|-fail|p1b: Kingambit\n|move|p1a: Floette|Draining Kiss|p2b: Aerodactyl\n|-activate|p2b: Aerodactyl|move: Protect\n|\n|-sideend|p2: speedyturtle87|move: Tailwind\n|upkeep\n|turn|5\n|\n|t:|1776665993\n|move|p2a: Kingambit|Protect|p2a: Kingambit\n|-singleturn|p2a: Kingambit|Protect\n|move|p2b: Aerodactyl|Tailwind|p2b: Aerodactyl\n|-sidestart|p2: speedyturtle87|move: Tailwind\n|move|p1a: Floette|Dazzling Gleam|p2a: Kingambit|[spread] p2b\n|-activate|p2a: Kingambit|move: Protect\n|-damage|p2b: Aerodactyl|0 fnt\n|faint|p2b: Aerodactyl\n|move|p1b: Kingambit|Kowtow Cleave|p2a: Kingambit\n|-activate|p2a: Kingambit|move: Protect\n|\n|upkeep\n|\n|t:|1776666002\n|switch|p2b: Sneasler|Sneasler, L50, F|22/100\n|turn|6\n|\n|t:|1776666009\n|move|p1a: Floette|Protect|p1a: Floette\n|-singleturn|p1a: Floette|Protect\n|move|p1b: Kingambit|Protect|p1b: Kingambit\n|-singleturn|p1b: Kingambit|Protect\n|move|p2b: Sneasler|Fake Out|p1b: Kingambit\n|-activate|p1b: Kingambit|move: Protect\n|move|p2a: Kingambit|Iron Head|p1b: Kingambit\n|-activate|p1b: Kingambit|move: Protect\n|\n|upkeep\n|turn|7\n|\n|t:|1776666024\n|move|p1b: Kingambit|Sucker Punch|p2b: Sneasler\n|-resisted|p2b: Sneasler|1\n|-damage|p2b: Sneasler|0 fnt\n|faint|p2b: Sneasler\n|move|p2a: Kingambit|Iron Head|p1a: Floette\n|-supereffective|p1a: Floette|1\n|-damage|p1a: Floette|14/100\n|move|p1a: Floette|Draining Kiss|p2a: Kingambit\n|-damage|p2a: Kingambit|52/100\n|-heal|p1a: Floette|55/100|[from] drain|[of] p2a: Kingambit\n|\n|upkeep\n|\n|t:|1776666028\n|switch|p2b: Meganium|Meganium, L50, M|100/100\n|turn|8\n|\n|t:|1776666039\n|detailschange|p2b: Meganium|Meganium-Mega, L50, M\n|-mega|p2b: Meganium|Meganium|Meganiumite\n|move|p1a: Floette|Protect|p1a: Floette\n|-singleturn|p1a: Floette|Protect\n|move|p1b: Kingambit|Sucker Punch|p2a: Kingambit\n|-resisted|p2a: Kingambit|1\n|-damage|p2a: Kingambit|34/100\n|move|p2b: Meganium|Weather Ball|p1b: Kingambit\n|-supereffective|p1b: Kingambit|1\n|-damage|p1b: Kingambit|0 fnt\n|faint|p1b: Kingambit\n|move|p2a: Kingambit|Iron Head|p1a: Floette\n|-activate|p1a: Floette|move: Protect\n|\n|-sideend|p2: speedyturtle87|move: Tailwind\n|upkeep\n|\n|t:|1776666045\n|switch|p1b: Sneasler|Sneasler, L50, F|100/100\n|turn|9\n|c|\u2606speedyturtle87|well played\n|-message|speedyturtle87 forfeited.\n|\n|win|steven he vgc\n|raw|steven he vgc's rating: 1733 &rarr; <strong>1746</strong><br />(+13 for winning)\n|raw|speedyturtle87's rating: 1599 &rarr; <strong>1586</strong><br />(-13 for losing)\n|c|\u2606steven he vgc|ty ggs\n|l|\u2606speedyturtle87\n|player|p2|\n",
  "uploadtime": 1776666055,
  "views": 24,
  "formatid": "gen9championsvgc2026regma",
  "rating": 1586,
  "private": 0,
  "password": null
}