{
  "id": "gen9championsvgc2026regma-2583760879",
  "format": "[Gen 9 Champions] VGC 2026 Reg M-A",
  "players": [
    "HamBucket",
    "sirae"
  ],
  "log": "|j|\u2606HamBucket\n|j|\u2606sirae\n|t:|1776195889\n|gametype|doubles\n|player|p1|HamBucket|169|1140\n|player|p2|sirae|caitlin|1173\n|gen|9\n|tier|[Gen 9 Champions] VGC 2026 Reg M-A\n|rated|\n|rule|Species Clause: Limit one of each Pok\u00e9mon\n|rule|Item Clause: Limit 1 of each item\n|clearpoke\n|poke|p1|Incineroar, L50, F|\n|poke|p1|Milotic, L50, M|\n|poke|p1|Kommo-o, L50, F|\n|poke|p1|Skarmory, L50, F|\n|poke|p1|Glimmora, L50, M|\n|poke|p1|Mamoswine, L50, F|\n|poke|p2|Glimmora, L50, M|\n|poke|p2|Lopunny, L50, F|\n|poke|p2|Farigiraf, L50, F|\n|poke|p2|Talonflame, L50, F|\n|poke|p2|Sinistcha, L50|\n|poke|p2|Feraligatr, L50, F|\n|teampreview|4\n|inactive|Battle timer is ON: inactive players will automatically lose when time's up. (requested by sirae)\n|inactive|HamBucket has 60 seconds left.\n|inactive|HamBucket has 30 seconds left.\n|inactive|HamBucket has 20 seconds left.\n|\n|t:|1776195962\n|teamsize|p1|4\n|teamsize|p2|4\n|start\n|switch|p1a: Kommo-o|Kommo-o, L50, F|100/100\n|switch|p1b: Incineroar|Incineroar, L50, F|100/100\n|switch|p2a: Talonflame|Talonflame, L50, F|100/100\n|switch|p2b: Feraligatr|Feraligatr, L50, F|100/100\n|-ability|p1b: Incineroar|Intimidate|boost\n|-unboost|p2a: Talonflame|atk|1\n|-unboost|p2b: Feraligatr|atk|1\n|-enditem|p2a: Talonflame|White Herb\n|-clearnegativeboost|p2a: Talonflame|[silent]\n|turn|1\n|\n|t:|1776195985\n|switch|p2b: Farigiraf|Farigiraf, L50, F|100/100\n|move|p1b: Incineroar|Fake Out||[still]\n|cant|p2b: Farigiraf|ability: Armor Tail|Fake Out|[of] p1b: Incineroar\n|move|p2a: Talonflame|Tailwind|p2a: Talonflame\n|-sidestart|p2: sirae|move: Tailwind\n|move|p1a: Kommo-o|Clanging Scales|p2b: Farigiraf|[spread] p2a,p2b\n|-damage|p2a: Talonflame|24/100\n|-damage|p2b: Farigiraf|55/100\n|-unboost|p1a: Kommo-o|def|1\n|\n|upkeep\n|turn|2\n|inactive|HamBucket has 30 seconds left.\n|inactive|HamBucket has 20 seconds left.\n|\n|t:|1776196022\n|move|p2a: Talonflame|Protect|p2a: Talonflame\n|-singleturn|p2a: Talonflame|Protect\n|move|p1a: Kommo-o|Protect|p1a: Kommo-o\n|-singleturn|p1a: Kommo-o|Protect\n|move|p2b: Farigiraf|Imprison|p2b: Farigiraf\n|-start|p2b: Farigiraf|move: Imprison\n|move|p1b: Incineroar|Flare Blitz|p2a: Talonflame\n|-activate|p2a: Talonflame|move: Protect\n|\n|upkeep\n|turn|3\n|\n|t:|1776196046\n|switch|p2a: Feraligatr|Feraligatr, L50, F|100/100\n|switch|p1a: Mamoswine|Mamoswine, L50, F|100/100\n|move|p2b: Farigiraf|Hyper Voice|p1a: Mamoswine|[spread] p1a,p1b\n|-crit|p1a: Mamoswine\n|-damage|p1a: Mamoswine|35/100\n|-damage|p1b: Incineroar|78/100\n|move|p1b: Incineroar|Flare Blitz|p2a: Feraligatr\n|-resisted|p2a: Feraligatr|1\n|-damage|p2a: Feraligatr|73/100\n|-damage|p1b: Incineroar|70/100|[from] Recoil\n|\n|upkeep\n|turn|4\n|\n|t:|1776196068\n|switch|p1a: Skarmory|Skarmory, L50, F|100/100\n|move|p2a: Feraligatr|Dragon Dance|p2a: Feraligatr\n|-boost|p2a: Feraligatr|atk|1\n|-boost|p2a: Feraligatr|spe|1\n|move|p2b: Farigiraf|Hyper Voice|p1b: Incineroar|[spread] p1a,p1b\n|-resisted|p1a: Skarmory|1\n|-damage|p1a: Skarmory|78/100\n|-damage|p1b: Incineroar|44/100\n|move|p1b: Incineroar|Parting Shot|p2a: Feraligatr\n|-unboost|p2a: Feraligatr|atk|1\n|-unboost|p2a: Feraligatr|spa|1\n|\n|t:|1776196079\n|switch|p1b: Kommo-o|Kommo-o, L50, F|100/100|[from] Parting Shot\n|\n|-sideend|p2: sirae|move: Tailwind\n|upkeep\n|turn|5\n|\n|t:|1776196096\n|switch|p1b: Incineroar|Incineroar, L50, F|44/100\n|-ability|p1b: Incineroar|Intimidate|boost\n|-unboost|p2a: Feraligatr|atk|1\n|-unboost|p2b: Farigiraf|atk|1\n|detailschange|p2a: Feraligatr|Feraligatr-Mega, L50, F\n|-mega|p2a: Feraligatr|Feraligatr|Feraligite\n|move|p2a: Feraligatr|Facade|p1b: Incineroar\n|-damage|p1b: Incineroar|18/100\n|move|p1a: Skarmory|Tailwind|p1a: Skarmory\n|-sidestart|p1: HamBucket|move: Tailwind\n|move|p2b: Farigiraf|Hyper Voice|p1a: Skarmory|[spread] p1a,p1b\n|-resisted|p1a: Skarmory|1\n|-damage|p1a: Skarmory|55/100\n|-damage|p1b: Incineroar|0 fnt\n|faint|p1b: Incineroar\n|\n|upkeep\n|\n|t:|1776196099\n|switch|p1b: Kommo-o|Kommo-o, L50, F|100/100\n|turn|6\n|inactive|HamBucket has 30 seconds left.\n|\n|t:|1776196130\n|switch|p2a: Sinistcha|Sinistcha, L50|100/100\n|-heal|p2b: Farigiraf|80/100|[from] ability: Hospitality|[of] p2a: Sinistcha\n|detailschange|p1a: Skarmory|Skarmory-Mega, L50, F\n|-mega|p1a: Skarmory|Skarmory|Skarmorite\n|move|p1a: Skarmory|Iron Head|p2b: Farigiraf\n|-damage|p2b: Farigiraf|36/100\n|-enditem|p2b: Farigiraf|Sitrus Berry|[eat]\n|-heal|p2b: Farigiraf|61/100|[from] item: Sitrus Berry\n|move|p1b: Kommo-o|Clanging Scales|p2a: Sinistcha|[spread] p2a,p2b\n|-damage|p2a: Sinistcha|58/100\n|-damage|p2b: Farigiraf|19/100\n|-unboost|p1b: Kommo-o|def|1\n|cant|p2b: Farigiraf|flinch\n|\n|-heal|p2a: Sinistcha|64/100|[from] item: Leftovers\n|upkeep\n|turn|7\n|inactive|sirae has 30 seconds left.\n|\n|t:|1776196157\n|move|p2b: Farigiraf|Protect|p2b: Farigiraf\n|-singleturn|p2b: Farigiraf|Protect\n|move|p1a: Skarmory|Brave Bird|p2a: Sinistcha\n|-supereffective|p2a: Sinistcha|1\n|-damage|p2a: Sinistcha|0 fnt\n|faint|p2a: Sinistcha\n|-damage|p1a: Skarmory|30/100|[from] Recoil\n|move|p1b: Kommo-o|Clanging Scales|p2b: Farigiraf\n|-activate|p2b: Farigiraf|move: Protect\n|\n|upkeep\n|\n|t:|1776196167\n|switch|p2a: Feraligatr|Feraligatr-Mega, L50, F|73/100\n|turn|8\n|inactive|HamBucket has 30 seconds left.\n|inactive|HamBucket has 20 seconds left.\n|\n|t:|1776196203\n|switch|p1a: Mamoswine|Mamoswine, L50, F|35/100\n|move|p2a: Feraligatr|Protect|p2a: Feraligatr\n|-singleturn|p2a: Feraligatr|Protect\n|move|p1b: Kommo-o|Clanging Scales|p2a: Feraligatr|[spread] p2b\n|-activate|p2a: Feraligatr|move: Protect\n|-damage|p2b: Farigiraf|0 fnt\n|faint|p2b: Farigiraf\n|-unboost|p1b: Kommo-o|def|1\n|\n|-sideend|p1: HamBucket|move: Tailwind\n|upkeep\n|\n|t:|1776196212\n|switch|p2b: Talonflame|Talonflame, L50, F|24/100\n|turn|9\n|\n|t:|1776196230\n|move|p2a: Feraligatr|Aqua Jet|p1a: Mamoswine\n|-supereffective|p1a: Mamoswine|1\n|-damage|p1a: Mamoswine|0 fnt\n|faint|p1a: Mamoswine\n|move|p2b: Talonflame|Brave Bird|p1b: Kommo-o\n|-supereffective|p1b: Kommo-o|1\n|-damage|p1b: Kommo-o|0 fnt\n|faint|p1b: Kommo-o\n|-damage|p2b: Talonflame|0 fnt|[from] Recoil\n|faint|p2b: Talonflame\n|\n|upkeep\n|\n|t:|1776196233\n|switch|p1b: Skarmory|Skarmory-Mega, L50, F|30/100\n|turn|10\n|\n|t:|1776196244\n|move|p1b: Skarmory|Brave Bird|p2a: Feraligatr\n|-damage|p2a: Feraligatr|8/100\n|-damage|p1b: Skarmory|7/100|[from] Recoil\n|move|p2a: Feraligatr|Dragon Dance|p2a: Feraligatr\n|-boost|p2a: Feraligatr|atk|1\n|-boost|p2a: Feraligatr|spe|1\n|\n|upkeep\n|turn|11\n|\n|t:|1776196250\n|move|p2a: Feraligatr|Aqua Jet|p1b: Skarmory\n|-damage|p1b: Skarmory|0 fnt\n|faint|p1b: Skarmory\n|\n|win|sirae\n|raw|HamBucket's rating: 1140 &rarr; <strong>1117</strong><br />(-23 for losing)\n|raw|sirae's rating: 1173 &rarr; <strong>1196</strong><br />(+23 for winning)\n",
  "uploadtime": 1776196252,
  "views": 17,
  "formatid": "gen9championsvgc2026regma",
  "rating": 1117,
  "private": 0,
  "password": null
}