{
  "id": "gen9championsvgc2026regma-2589511454",
  "format": "[Gen 9 Champions] VGC 2026 Reg M-A",
  "players": [
    "thekirkwork",
    "MajorT45"
  ],
  "log": "|j|\u2606thekirkwork\n|j|\u2606MajorT45\n|t:|1776729633\n|gametype|doubles\n|player|p1|thekirkwork|2|1081\n|player|p2|MajorT45|roughneck|1164\n|gen|9\n|tier|[Gen 9 Champions] VGC 2026 Reg M-A\n|rated|\n|rule|Species Clause: Limit one of each Pok\u00e9mon\n|rule|Item Clause: Limit 1 of each item\n|clearpoke\n|poke|p1|Simisage, L50, M, shiny|\n|poke|p1|Sneasler, L50, M|\n|poke|p1|Incineroar, L50, M|\n|poke|p1|Venusaur, L50, F|\n|poke|p1|Tyranitar, L50, M|\n|poke|p1|Archaludon, L50, M|\n|poke|p2|Raichu, L50, M|\n|poke|p2|Pelipper, L50, M|\n|poke|p2|Dragonite, L50, M|\n|poke|p2|Basculegion, L50, M|\n|poke|p2|Tauros-Paldea-Combat, L50, M|\n|poke|p2|Archaludon, L50, F|\n|teampreview|4\n|\n|t:|1776729660\n|teamsize|p1|4\n|teamsize|p2|4\n|start\n|switch|p1a: Incineroar|Incineroar, L50, M|100/100\n|switch|p1b: Tyranitar|Tyranitar, L50, M|100/100\n|switch|p2a: Pelipper|Pelipper, L50, M|100/100\n|switch|p2b: Dragonite|Dragonite, L50, M|100/100\n|-weather|Sandstorm|[from] ability: Sand Stream|[of] p1b: Tyranitar\n|-weather|RainDance|[from] ability: Drizzle|[of] p2a: Pelipper\n|-ability|p1a: Incineroar|Intimidate|boost\n|-unboost|p2a: Pelipper|atk|1\n|-fail|p2b: Dragonite|unboost|Attack|[from] ability: Inner Focus|[of] p2b: Dragonite\n|turn|1\n|\n|t:|1776729695\n|detailschange|p2b: Dragonite|Dragonite-Mega, L50, M\n|-mega|p2b: Dragonite|Dragonite|Dragoninite\n|detailschange|p1b: Tyranitar|Tyranitar-Mega, L50, M\n|-mega|p1b: Tyranitar|Tyranitar|Tyranitarite\n|-weather|Sandstorm|[from] ability: Sand Stream|[of] p1b: Tyranitar\n|move|p1a: Incineroar|Fake Out|p2b: Dragonite\n|-damage|p2b: Dragonite|95/100\n|cant|p2b: Dragonite|flinch\n|move|p1b: Tyranitar|Ice Punch|p2b: Dragonite\n|-supereffective|p2b: Dragonite|2\n|-damage|p2b: Dragonite|0 fnt\n|faint|p2b: Dragonite\n|move|p2a: Pelipper|Weather Ball|p1a: Incineroar\n|-supereffective|p1a: Incineroar|1\n|-damage|p1a: Incineroar|55/100\n|\n|-weather|Sandstorm|[upkeep]\n|-damage|p2a: Pelipper|95/100|[from] Sandstorm\n|-damage|p1a: Incineroar|49/100|[from] Sandstorm\n|upkeep\n|\n|t:|1776729718\n|switch|p2b: Raichu|Raichu, L50, M|100/100\n|turn|2\n|\n|t:|1776729731\n|switch|p2a: Tauros|Tauros-Paldea-Combat, L50, M|100/100\n|-ability|p2a: Tauros|Intimidate|boost\n|-unboost|p1a: Incineroar|atk|1\n|-unboost|p1b: Tyranitar|atk|1\n|move|p2b: Raichu|Fake Out|p1b: Tyranitar\n|-resisted|p1b: Tyranitar|1\n|-damage|p1b: Tyranitar|98/100\n|cant|p1b: Tyranitar|flinch\n|move|p1a: Incineroar|Parting Shot|p2b: Raichu\n|-unboost|p2b: Raichu|atk|1\n|-unboost|p2b: Raichu|spa|1\n|\n|t:|1776729745\n|switch|p1a: Jane Early|Simisage, L50, M, shiny|100/100|[from] Parting Shot\n|\n|-weather|Sandstorm|[upkeep]\n|-damage|p2b: Raichu|95/100|[from] Sandstorm\n|-damage|p1a: Jane Early|94/100|[from] Sandstorm\n|-damage|p2a: Tauros|94/100|[from] Sandstorm\n|upkeep\n|turn|3\n|\n|t:|1776729755\n|move|p1a: Jane Early|Fake Out|p2a: Tauros\n|-damage|p2a: Tauros|83/100\n|move|p2b: Raichu|Volt Switch|p1a: Jane Early|[miss]\n|-miss|p2b: Raichu|p1a: Jane Early\n|cant|p2a: Tauros|flinch\n|move|p1b: Tyranitar|Rock Slide|p2a: Tauros|[spread] p2a,p2b\n|-resisted|p2a: Tauros|1\n|-crit|p2a: Tauros\n|-damage|p2a: Tauros|52/100\n|-damage|p2b: Raichu|38/100\n|\n|-weather|Sandstorm|[upkeep]\n|-damage|p2b: Raichu|32/100|[from] Sandstorm\n|-damage|p1a: Jane Early|88/100|[from] Sandstorm\n|-damage|p2a: Tauros|46/100|[from] Sandstorm\n|upkeep\n|turn|4\n|\n|t:|1776729793\n|move|p2b: Raichu|Volt Switch|p1a: Jane Early\n|-resisted|p1a: Jane Early|1\n|-damage|p1a: Jane Early|72/100\n|\n|t:|1776729797\n|switch|p2b: Pelipper|Pelipper, L50, M|95/100|[from] Volt Switch\n|-weather|RainDance|[from] ability: Drizzle|[of] p2b: Pelipper\n|move|p1a: Jane Early|Leaf Storm|p2a: Tauros\n|-damage|p2a: Tauros|0 fnt\n|-unboost|p1a: Jane Early|spa|2\n|faint|p2a: Tauros\n|move|p1b: Tyranitar|Rock Slide|p2b: Pelipper\n|-supereffective|p2b: Pelipper|1\n|-damage|p2b: Pelipper|20/100\n|-enditem|p2b: Pelipper|Sitrus Berry|[eat]\n|-heal|p2b: Pelipper|44/100|[from] item: Sitrus Berry\n|\n|-weather|RainDance|[upkeep]\n|upkeep\n|\n|t:|1776729811\n|switch|p2a: Raichu|Raichu, L50, M|32/100\n|turn|5\n|\n|t:|1776729825\n|switch|p1b: Incineroar|Incineroar, L50, M|49/100\n|-ability|p1b: Incineroar|Intimidate|boost\n|-unboost|p2a: Raichu|atk|1\n|-unboost|p2b: Pelipper|atk|1\n|move|p2a: Raichu|Thunder|p1a: Jane Early\n|-resisted|p1a: Jane Early|1\n|-damage|p1a: Jane Early|36/100\n|-status|p1a: Jane Early|par\n|move|p2b: Pelipper|Weather Ball|p1b: Incineroar\n|-supereffective|p1b: Incineroar|1\n|-damage|p1b: Incineroar|0 fnt\n|faint|p1b: Incineroar\n|move|p1a: Jane Early|Rock Slide|p2a: Raichu|[spread] p2a,p2b\n|-supereffective|p2b: Pelipper|1\n|-damage|p2a: Raichu|4/100\n|-damage|p2b: Pelipper|8/100\n|\n|-weather|RainDance|[upkeep]\n|upkeep\n|\n|t:|1776729842\n|switch|p1b: Tyranitar|Tyranitar-Mega, L50, M|98/100\n|-weather|Sandstorm|[from] ability: Sand Stream|[of] p1b: Tyranitar\n|turn|6\n|\n|t:|1776729848\n|move|p2a: Raichu|Nuzzle|p1b: Tyranitar\n|-damage|p1b: Tyranitar|94/100\n|-status|p1b: Tyranitar|par\n|move|p2b: Pelipper|Surf|p1a: Jane Early|[spread] p2a,p1a,p1b\n|-resisted|p1a: Jane Early|1\n|-supereffective|p1b: Tyranitar|1\n|-damage|p2a: Raichu|0 fnt\n|-damage|p1a: Jane Early|10/100 par\n|-damage|p1b: Tyranitar|62/100 par\n|faint|p2a: Raichu\n|move|p1a: Jane Early|Rock Slide|p2b: Pelipper\n|-supereffective|p2b: Pelipper|1\n|-damage|p2b: Pelipper|0 fnt\n|faint|p2b: Pelipper\n|\n|win|thekirkwork\n|raw|thekirkwork's rating: 1081 &rarr; <strong>1115</strong><br />(+34 for winning)\n|raw|MajorT45's rating: 1164 &rarr; <strong>1133</strong><br />(-31 for losing)\n|l|\u2606MajorT45\n|player|p2|\n",
  "uploadtime": 1776729872,
  "views": 11,
  "formatid": "gen9championsvgc2026regma",
  "rating": 1115,
  "private": 0,
  "password": null
}