{
  "id": "gen9championsvgc2026regma-2582504399",
  "format": "[Gen 9 Champions] VGC 2026 Reg M-A",
  "players": [
    "Gone2Flavortown",
    "Joel_mon"
  ],
  "log": "|j|\u2606Gone2Flavortown\n|j|\u2606Joel_mon\n|t:|1776095915\n|gametype|doubles\n|player|p1|Gone2Flavortown|266|\n|player|p2|Joel_mon|hoopster|\n|gen|9\n|tier|[Gen 9 Champions] VGC 2026 Reg M-A\n|rated|Tournament battle\n|rule|Species Clause: Limit one of each Pok\u00e9mon\n|rule|Item Clause: Limit 1 of each item\n|raw|<div class=\"infobox\"><details class=\"readmore\" open><summary><strong>1 custom rule:</strong></summary> Force Open Team Sheets</details></div>\n|clearpoke\n|poke|p1|Tyranitar, L50, F|\n|poke|p1|Garchomp, L50, F|\n|poke|p1|Corviknight, L50, M|\n|poke|p1|Sylveon, L50, M|\n|poke|p1|Orthworm, L50, F|\n|poke|p1|Sinistcha, L50|\n|poke|p2|Floette-Eternal, L50, F|\n|poke|p2|Delphox, L50, F|\n|poke|p2|Garchomp, L50, M|\n|poke|p2|Aerodactyl, L50, M|\n|poke|p2|Toxicroak, L50, M|\n|poke|p2|Milotic, L50, M|\n|teampreview|4\n|showteam|p1|Tyranitar||Tyranitarite|SandStream|RockSlide,KnockOff,BrickBreak,Protect|||F|||50|]Garchomp||BrightPowder|SandVeil|Earthquake,RockSlide,Substitute,Protect|||F|||50|]Corviknight||Leftovers|MirrorArmor|BraveBird,IronHead,Tailwind,Roost|||M|||50|]Sylveon||FairyFeather|Pixilate|HyperVoice,Moonblast,Yawn,Protect|||M|||50|]Orthworm||SitrusBerry|EarthEater|BodyPress,HeavySlam,IronDefense,Protect|||F|||50|]Sinistcha||LumBerry|Hospitality|MatchaGotcha,ShadowBall,TrickRoom,Protect||||||50|\n|showteam|p2|Floette-Eternal||Floettite|FlowerVeil|DazzlingGleam,Moonblast,CalmMind,Protect|||F|||50|]Delphox||Delphoxite|Blaze|Psychic,HeatWave,Substitute,Protect|||F|||50|]Garchomp||WhiteHerb|RoughSkin|StompingTantrum,Earthquake,DragonClaw,Protect|||M|||50|]Aerodactyl||LumBerry|Unnerve|Tailwind,RockSlide,DualWingbeat,Protect|||M|||50|]Toxicroak||FocusSash|DrySkin|FakeOut,SuckerPunch,PoisonJab,CloseCombat|||M|||50|]Milotic||Leftovers|Competitive|Scald,IcyWind,LifeDew,Protect|||M|||50|\n|inactive|Battle timer is ON: inactive players will automatically lose when time's up. (requested by Gone2Flavortown)\n|j| Mircat222\n|c|\u2606Joel_mon|glhf\n|c|\u2606Gone2Flavortown|you too gamer\n|inactive|Gone2Flavortown has 60 seconds left.\n|inactive|Joel_mon has 60 seconds left.\n|inactive|Joel_mon has 30 seconds left.\n|\n|t:|1776095983\n|teamsize|p1|4\n|teamsize|p2|4\n|start\n|switch|p1a: Corviknight|Corviknight, L50, M|100/100\n|switch|p1b: Garchomp|Garchomp, L50, F|100/100\n|switch|p2a: Toxicroak|Toxicroak, L50, M|100/100\n|switch|p2b: Milotic|Milotic, L50, M|100/100\n|turn|1\n|\n|t:|1776096000\n|move|p1b: Garchomp|Protect|p1b: Garchomp\n|-singleturn|p1b: Garchomp|Protect\n|move|p2a: Toxicroak|Fake Out|p1b: Garchomp\n|-activate|p1b: Garchomp|move: Protect\n|move|p2b: Milotic|Icy Wind|p1a: Corviknight|[spread] p1a\n|-activate|p1b: Garchomp|move: Protect\n|-damage|p1a: Corviknight|93/100\n|-ability|p1a: Corviknight|Mirror Armor\n|-unboost|p2b: Milotic|spe|1\n|-ability|p2b: Milotic|Competitive|boost\n|-boost|p2b: Milotic|spa|2\n|move|p1a: Corviknight|Brave Bird|p2a: Toxicroak\n|-supereffective|p2a: Toxicroak|1\n|-enditem|p2a: Toxicroak|Focus Sash\n|-damage|p2a: Toxicroak|1/100\n|-damage|p1a: Corviknight|67/100|[from] Recoil\n|\n|-heal|p1a: Corviknight|73/100|[from] item: Leftovers\n|upkeep\n|turn|2\n|\n|t:|1776096025\n|move|p1b: Garchomp|Earthquake|p2b: Milotic|[spread] p2a,p2b\n|-immune|p1a: Corviknight\n|-supereffective|p2a: Toxicroak|1\n|-damage|p2a: Toxicroak|0 fnt\n|-damage|p2b: Milotic|63/100\n|faint|p2a: Toxicroak\n|move|p1a: Corviknight|Tailwind|p1a: Corviknight\n|-sidestart|p1: Gone2Flavortown|move: Tailwind\n|move|p2b: Milotic|Icy Wind|p1b: Garchomp|[spread] p1a,p1b\n|-supereffective|p1b: Garchomp|2\n|-damage|p1a: Corviknight|56/100\n|-damage|p1b: Garchomp|15/100\n|-ability|p1a: Corviknight|Mirror Armor\n|-unboost|p2b: Milotic|spe|1\n|-ability|p2b: Milotic|Competitive|boost\n|-boost|p2b: Milotic|spa|2\n|-unboost|p1b: Garchomp|spe|1\n|\n|-heal|p1a: Corviknight|62/100|[from] item: Leftovers\n|-heal|p2b: Milotic|69/100|[from] item: Leftovers\n|upkeep\n|\n|t:|1776096042\n|switch|p2a: Delphox|Delphox, L50, F|100/100\n|turn|3\n|inactive|Joel_mon has 30 seconds left.\n|inactive|Joel_mon has 20 seconds left.\n|\n|t:|1776096081\n|detailschange|p2a: Delphox|Delphox-Mega, L50, F\n|-mega|p2a: Delphox|Delphox|Delphoxite\n|move|p2a: Delphox|Heat Wave|p1a: Corviknight|[spread] p1a,p1b\n|-supereffective|p1a: Corviknight|1\n|-resisted|p1b: Garchomp|1\n|-damage|p1a: Corviknight|0 fnt\n|-damage|p1b: Garchomp|0 fnt\n|faint|p1a: Corviknight\n|faint|p1b: Garchomp\n|move|p2b: Milotic|Life Dew||[still]|[spread] p2a,p2b\n|-fail|p2a: Delphox|heal\n|-heal|p2b: Milotic|95/100\n|\n|-heal|p2b: Milotic|100/100|[from] item: Leftovers\n|upkeep\n|j| SeulClef\n|\n|t:|1776096093\n|switch|p1b: Orthworm|Orthworm, L50, F, shiny|100/100\n|switch|p1a: Tyranitar|Tyranitar, L50, F|100/100\n|-weather|Sandstorm|[from] ability: Sand Stream|[of] p1a: Tyranitar\n|turn|4\n|inactive|Joel_mon has 30 seconds left.\n|inactive|Joel_mon has 20 seconds left.\n|\n|t:|1776096129\n|detailschange|p1a: Tyranitar|Tyranitar-Mega, L50, F\n|-mega|p1a: Tyranitar|Tyranitar|Tyranitarite\n|move|p1b: Orthworm|Protect|p1b: Orthworm\n|-singleturn|p1b: Orthworm|Protect\n|move|p2a: Delphox|Substitute|p2a: Delphox\n|-start|p2a: Delphox|Substitute\n|-damage|p2a: Delphox|76/100\n|move|p1a: Tyranitar|Rock Slide|p2a: Delphox|[spread] p2a\n|-miss|p1a: Tyranitar|p2b: Milotic\n|-supereffective|p2a: Delphox|1\n|-end|p2a: Delphox|Substitute\n|move|p2b: Milotic|Scald|p1a: Tyranitar\n|-supereffective|p1a: Tyranitar|1\n|-damage|p1a: Tyranitar|10/100\n|\n|-weather|Sandstorm|[upkeep]\n|-damage|p2a: Delphox|70/100|[from] Sandstorm\n|-damage|p2b: Milotic|95/100|[from] Sandstorm\n|-heal|p2b: Milotic|100/100|[from] item: Leftovers\n|upkeep\n|turn|5\n|inactive|Joel_mon has 30 seconds left.\n|\n|t:|1776096163\n|move|p2a: Delphox|Heat Wave|p1b: Orthworm|[spread] p1a\n|-miss|p2a: Delphox|p1b: Orthworm\n|-resisted|p1a: Tyranitar|1\n|-damage|p1a: Tyranitar|0 fnt\n|faint|p1a: Tyranitar\n|move|p1b: Orthworm|Body Press|p2b: Milotic\n|-damage|p2b: Milotic|76/100\n|move|p2b: Milotic|Scald|p1b: Orthworm\n|-damage|p1b: Orthworm|7/100\n|-status|p1b: Orthworm|brn\n|-enditem|p1b: Orthworm|Sitrus Berry|[eat]\n|-heal|p1b: Orthworm|32/100 brn|[from] item: Sitrus Berry\n|\n|-weather|Sandstorm|[upkeep]\n|-damage|p2a: Delphox|64/100|[from] Sandstorm\n|-damage|p2b: Milotic|70/100|[from] Sandstorm\n|-heal|p2b: Milotic|76/100|[from] item: Leftovers\n|-damage|p1b: Orthworm|26/100 brn|[from] brn\n|-sideend|p1: Gone2Flavortown|move: Tailwind\n|upkeep\n|turn|6\n|-message|Gone2Flavortown forfeited.\n|\n|win|Joel_mon\n|n|\u2606Gone2Flavortown|gone2flavortown\n|n|\u2606Joel_mon|joelmon\n|n| Mircat222|mircat222\n|n| SeulClef|seulclef\n|l|\u2606Gone2Flavortown\n|player|p1|\n|l| SeulClef\n|l| Mircat222\n",
  "uploadtime": 1776097263,
  "views": 12,
  "formatid": "gen9championsvgc2026regma",
  "rating": null,
  "private": 0,
  "password": null
}