{
  "id": "gen9championsvgc2026regma-2580890677",
  "format": "[Gen 9 Champions] VGC 2026 Reg M-A",
  "players": [
    "crepitans",
    "Greningram"
  ],
  "log": "|j|\u2606crepitans\n|j|\u2606Greningram\n|t:|1775940915\n|gametype|doubles\n|player|p1|crepitans|aetherfoundation2|1096\n|player|p2|Greningram|lance|1049\n|gen|9\n|tier|[Gen 9 Champions] VGC 2026 Reg M-A\n|rated|\n|rule|Species Clause: Limit one of each Pok\u00e9mon\n|rule|Item Clause: Limit 1 of each item\n|clearpoke\n|poke|p1|Alakazam, L50, M|\n|poke|p1|Meowstic, L50, M|\n|poke|p1|Tyranitar, L50, M|\n|poke|p1|Excadrill, L50, F|\n|poke|p1|Corviknight, L50, F|\n|poke|p1|Incineroar, L50, F|\n|poke|p2|Scovillain, L50, M|\n|poke|p2|Meowscarada, L50, F|\n|poke|p2|Ninetales, L50, F|\n|poke|p2|Armarouge, L50, M|\n|poke|p2|Meowstic, L50, M|\n|poke|p2|Whimsicott, L50, F|\n|teampreview|4\n|\n|t:|1775940934\n|teamsize|p1|4\n|teamsize|p2|4\n|start\n|switch|p1a: Meowstic|Meowstic, L50, M|100/100\n|switch|p1b: indeedee please|Alakazam, L50, M|100/100\n|switch|p2a: Meowstic|Meowstic, L50, M, shiny|100/100\n|switch|p2b: Whimsicott|Whimsicott, L50, F|100/100\n|turn|1\n|c|\u2606crepitans|spiderman meme\n|c|\u2606Greningram|lol\n|\n|t:|1775940966\n|detailschange|p1b: indeedee please|Alakazam-Mega, L50, M\n|-mega|p1b: indeedee please|Alakazam|Alakazite\n|-ability|p1b: indeedee please|Prankster|Trace|[from] ability: Trace|[of] p2b: Whimsicott\n|move|p2a: Meowstic|Fake Out|p1b: indeedee please\n|-damage|p1b: indeedee please|90/100\n|move|p1a: Meowstic|Fake Out|p2b: Whimsicott\n|-damage|p2b: Whimsicott|93/100\n|cant|p1b: indeedee please|flinch\n|cant|p2b: Whimsicott|flinch\n|\n|upkeep\n|turn|2\n|c|\u2606crepitans|good turn bro\n|c|\u2606Greningram|same, bro\n|\n|t:|1775940994\n|switch|p2b: Armarouge|Armarouge, L50, M|100/100\n|move|p2a: Meowstic|Psychic Terrain|p2a: Meowstic\n|-fieldstart|move: Psychic Terrain\n|move|p1a: Meowstic|Psychic Terrain||[still]\n|-fail|p1a: Meowstic\n|move|p1b: indeedee please|Expanding Force|p2a: Meowstic|[spread] p2a,p2b\n|-resisted|p2a: Meowstic|1\n|-crit|p2a: Meowstic\n|-resisted|p2b: Armarouge|1\n|-damage|p2a: Meowstic|14/100\n|-damage|p2b: Armarouge|54/100\n|\n|upkeep\n|turn|3\n|c|\u2606crepitans|spiderman meme\n|c|\u2606Greningram|omg lol\n|\n|t:|1775941032\n|switch|p2a: Whimsicott|Whimsicott, L50, F|93/100\n|move|p1a: Meowstic|Helping Hand|p1b: indeedee please\n|-singleturn|p1b: indeedee please|Helping Hand|[of] p1a: Meowstic\n|move|p2b: Armarouge|Protect|p2b: Armarouge\n|-singleturn|p2b: Armarouge|Protect\n|move|p1b: indeedee please|Expanding Force|p2b: Armarouge|[spread] p2a\n|-activate|p2b: Armarouge|move: Protect\n|-damage|p2a: Whimsicott|0 fnt\n|faint|p2a: Whimsicott\n|\n|upkeep\n|\n|t:|1775941051\n|switch|p2a: Meowstic|Meowstic, L50, M, shiny|14/100\n|turn|4\n|c|\u2606crepitans|look at what we need to mimic a fraction of indeedee\n|c|\u2606Greningram|i miss her\n|\n|t:|1775941074\n|move|p1a: Meowstic|Helping Hand|p1b: indeedee please\n|-singleturn|p1b: indeedee please|Helping Hand|[of] p1a: Meowstic\n|move|p2a: Meowstic|Light Screen|p2a: Meowstic\n|-sidestart|p2: Greningram|move: Light Screen\n|move|p1b: indeedee please|Expanding Force|p2a: Meowstic|[spread] p2a,p2b\n|-resisted|p2a: Meowstic|1\n|-resisted|p2b: Armarouge|1\n|-crit|p2b: Armarouge\n|-damage|p2a: Meowstic|0 fnt\n|-damage|p2b: Armarouge|0 fnt\n|faint|p2a: Meowstic\n|faint|p2b: Armarouge\n|\n|upkeep\n|c|\u2606crepitans|my bad\n|\n|t:|1775941087\n|switch|p2b: Scovillain|Scovillain, L50, M, shiny|100/100\n|turn|5\n|c|\u2606crepitans|dude they need to bring tapu lele back\n|c|\u2606crepitans|and give it expanding force\n|c|\u2606crepitans|think about how funny it would be\n|c|\u2606Greningram|i think it will be scary\n|c|\u2606crepitans|it would be mad funny bro\n|\n|t:|1775941122\n|detailschange|p2b: Scovillain|Scovillain-Mega, L50, M, shiny\n|-mega|p2b: Scovillain|Scovillain|Scovillainite\n|move|p1b: indeedee please|Expanding Force|p2b: Scovillain\n|-damage|p2b: Scovillain|24/100\n|-status|p1b: indeedee please|brn|[from] ability: Spicy Spray|[of] p2b: Scovillain\n|move|p1a: Meowstic|Expanding Force|p2b: Scovillain\n|-damage|p2b: Scovillain|0 fnt\n|-status|p1a: Meowstic|brn|[from] ability: Spicy Spray|[of] p2b: Scovillain\n|faint|p2b: Scovillain\n|\n|win|crepitans\n|raw|crepitans's rating: 1096 &rarr; <strong>1118</strong><br />(+22 for winning)\n|raw|Greningram's rating: 1049 &rarr; <strong>1034</strong><br />(-15 for losing)\n|c|\u2606crepitans|gg\n|c|\u2606Greningram|nice game\n",
  "uploadtime": 1775941149,
  "views": 13,
  "formatid": "gen9championsvgc2026regma",
  "rating": 1034,
  "private": 0,
  "password": null
}