{
  "id": "gen9championsvgc2026regma-2580874147",
  "format": "[Gen 9 Champions] VGC 2026 Reg M-A",
  "players": [
    "Jah_08",
    "Rollingdynamite"
  ],
  "log": "|j|\u2606Jah_08\n|j|\u2606Rollingdynamite\n|t:|1775939561\n|gametype|doubles\n|player|p1|Jah_08|2|1094\n|player|p2|Rollingdynamite|102|1000\n|gen|9\n|tier|[Gen 9 Champions] VGC 2026 Reg M-A\n|rated|\n|rule|Species Clause: Limit one of each Pok\u00e9mon\n|rule|Item Clause: Limit 1 of each item\n|clearpoke\n|poke|p1|Vanilluxe, L50, M|\n|poke|p1|Krookodile, L50, M|\n|poke|p1|Chandelure, L50, M|\n|poke|p1|Whimsicott, L50, M|\n|poke|p1|Conkeldurr, L50, M|\n|poke|p1|Zoroark-Hisui, L50, M|\n|poke|p2|Gengar, L50, F|\n|poke|p2|Sneasler, L50, F|\n|poke|p2|Incineroar, L50, F|\n|poke|p2|Sinistcha, L50|\n|poke|p2|Basculegion, L50, M|\n|poke|p2|Orthworm, L50, F|\n|teampreview|4\n|\n|t:|1775939620\n|teamsize|p1|4\n|teamsize|p2|4\n|start\n|switch|p1a: Krookodile|Krookodile, L50, M|100/100\n|switch|p1b: Chandelure|Chandelure, L50, M|100/100\n|switch|p2a: Orthworm|Orthworm, L50, F|100/100\n|switch|p2b: Incineroar|Incineroar, L50, F, shiny|100/100\n|-ability|p2b: Incineroar|Intimidate|boost\n|-unboost|p1a: Krookodile|atk|1\n|-unboost|p1b: Chandelure|atk|1\n|turn|1\n|inactive|Battle timer is ON: inactive players will automatically lose when time's up. (requested by Jah_08)\n|\n|t:|1775939664\n|move|p2a: Orthworm|Protect|p2a: Orthworm\n|-singleturn|p2a: Orthworm|Protect\n|move|p1b: Chandelure|Overheat|p2a: Orthworm\n|-activate|p2a: Orthworm|move: Protect\n|move|p1a: Krookodile|Sludge Bomb|p2b: Incineroar\n|-damage|p2b: Incineroar|78/100\n|move|p2b: Incineroar|Throat Chop|p1b: Chandelure\n|-supereffective|p1b: Chandelure|1\n|-damage|p1b: Chandelure|20/100\n|-start|p1b: Chandelure|Throat Chop|[silent]\n|\n|upkeep\n|turn|2\n|inactive|Rollingdynamite has 30 seconds left.\n|inactive|Rollingdynamite has 20 seconds left.\n|inactive|Rollingdynamite has 15 seconds left.\n|\n|t:|1775939707\n|move|p1b: Chandelure|Overheat|p2a: Orthworm\n|-supereffective|p2a: Orthworm|1\n|-damage|p2a: Orthworm|0 fnt\n|-unboost|p1b: Chandelure|spa|2\n|faint|p2a: Orthworm\n|move|p1a: Krookodile|Sludge Bomb|p2b: Incineroar\n|-damage|p2b: Incineroar|59/100\n|move|p2b: Incineroar|Throat Chop|p1b: Chandelure\n|-supereffective|p1b: Chandelure|1\n|-damage|p1b: Chandelure|0 fnt\n|faint|p1b: Chandelure\n|\n|upkeep\n|\n|t:|1775939729\n|switch|p1b: Krookodile|Krookodile, L50, M|100/100\n|switch|p2a: Gengar|Gengar, L50, F|100/100\n|-ability|p1b: Krookodile|Intimidate|boost\n|-unboost|p2a: Gengar|atk|1\n|-unboost|p2b: Incineroar|atk|1\n|turn|3\n|\n|t:|1775939752\n|move|p2a: Gengar|Protect|p2a: Gengar\n|-singleturn|p2a: Gengar|Protect\n|move|p1a: Krookodile|Bitter Malice|p2a: Gengar\n|-activate|p2a: Gengar|move: Protect\n|move|p1b: Krookodile|High Horsepower|p2b: Incineroar\n|-supereffective|p2b: Incineroar|1\n|-damage|p2b: Incineroar|0 fnt\n|faint|p2b: Incineroar\n|\n|upkeep\n|\n|t:|1775939762\n|switch|p2b: Sinistcha|Sinistcha, L50|100/100\n|turn|4\n|\n|t:|1775939774\n|detailschange|p2a: Gengar|Gengar-Mega, L50, F\n|-mega|p2a: Gengar|Gengar|Gengarite\n|move|p2b: Sinistcha|Rage Powder|p2b: Sinistcha\n|-singleturn|p2b: Sinistcha|move: Rage Powder\n|move|p1a: Krookodile|Bitter Malice|p2b: Sinistcha\n|-supereffective|p2b: Sinistcha|1\n|-damage|p2b: Sinistcha|39/100\n|-unboost|p2b: Sinistcha|atk|1\n|move|p1b: Krookodile|Knock Off|p2b: Sinistcha\n|-supereffective|p2b: Sinistcha|1\n|-damage|p2b: Sinistcha|0 fnt\n|-enditem|p2b: Sinistcha|Mental Herb|[from] move: Knock Off|[of] p1b: Krookodile\n|faint|p2b: Sinistcha\n|move|p2a: Gengar|Shadow Ball|p1a: Krookodile\n|-immune|p1a: Krookodile\n|\n|upkeep\n|turn|5\n|inactive|Rollingdynamite has 30 seconds left.\n|\n|t:|1775939802\n|move|p1a: Krookodile|Bitter Malice|p2a: Gengar\n|-supereffective|p2a: Gengar|1\n|-damage|p2a: Gengar|25/100\n|-unboost|p2a: Gengar|atk|1\n|move|p1b: Krookodile|Knock Off|p2a: Gengar\n|-supereffective|p2a: Gengar|1\n|-damage|p2a: Gengar|0 fnt\n|faint|p2a: Gengar\n|\n|win|Jah_08\n|raw|Jah_08's rating: 1094 &rarr; <strong>1113</strong><br />(+19 for winning)\n|raw|Rollingdynamite's rating: 1000 &rarr; <strong>1000</strong><br />(+0 for losing)\n|l|\u2606Rollingdynamite\n|player|p2|\n|c|\u2606Jah_08|Gg\n",
  "uploadtime": 1775939820,
  "views": 14,
  "formatid": "gen9championsvgc2026regma",
  "rating": 1000,
  "private": 0,
  "password": null
}