{
  "id": "gen9championsvgc2026regma-2588875722",
  "format": "[Gen 9 Champions] VGC 2026 Reg M-A",
  "players": [
    "bmbrvr",
    "bulbinatrix"
  ],
  "log": "|j|\u2606bmbrvr\n|j|\u2606bulbinatrix\n|t:|1776681309\n|gametype|doubles\n|player|p1|bmbrvr|silver|1097\n|player|p2|bulbinatrix|170|1131\n|gen|9\n|tier|[Gen 9 Champions] VGC 2026 Reg M-A\n|rated|\n|rule|Species Clause: Limit one of each Pok\u00e9mon\n|rule|Item Clause: Limit 1 of each item\n|clearpoke\n|poke|p1|Floette-Eternal, L50, F|\n|poke|p1|Delphox, L50, F|\n|poke|p1|Garchomp, L50, M|\n|poke|p1|Talonflame, L50, M|\n|poke|p1|Zoroark-Hisui, L50, F|\n|poke|p1|Whimsicott, L50, M|\n|poke|p2|Wyrdeer, L50, M|\n|poke|p2|Empoleon, L50, M|\n|poke|p2|Sinistcha, L50|\n|poke|p2|Aggron, L50, M|\n|poke|p2|Incineroar, L50, M|\n|poke|p2|Gardevoir, L50, F|\n|teampreview|4\n|inactive|Battle timer is ON: inactive players will automatically lose when time's up. (requested by bmbrvr)\n|\n|t:|1776681324\n|teamsize|p1|4\n|teamsize|p2|4\n|start\n|switch|p1a: Talonflame|Talonflame, L50, M|100/100\n|switch|p1b: Garchomp|Garchomp, L50, M|100/100\n|switch|p2a: Wyrdeer|Wyrdeer, L50, M|100/100\n|switch|p2b: Empoleon|Empoleon, L50, M|100/100\n|-ability|p2a: Wyrdeer|Intimidate|boost\n|-unboost|p1a: Talonflame|atk|1\n|-unboost|p1b: Garchomp|atk|1\n|turn|1\n|inactive|bmbrvr has 30 seconds left.\n|inactive|bmbrvr has 20 seconds left.\n|\n|t:|1776681363\n|move|p2b: Empoleon|Protect|p2b: Empoleon\n|-singleturn|p2b: Empoleon|Protect\n|move|p1a: Talonflame|Dual Wingbeat|p2a: Wyrdeer|[miss]\n|-miss|p1a: Talonflame|p2a: Wyrdeer\n|move|p1b: Garchomp|Taunt|p2a: Wyrdeer\n|-start|p2a: Wyrdeer|move: Taunt\n|cant|p2a: Wyrdeer|move: Taunt|Trick Room\n|\n|upkeep\n|turn|2\n|inactive|bmbrvr has 30 seconds left.\n|\n|t:|1776681391\n|switch|p2a: Gardevoir|Gardevoir, L50, F|100/100\n|move|p1a: Talonflame|Sunny Day|p1a: Talonflame\n|-weather|SunnyDay\n|move|p1b: Garchomp|Bitter Malice|p2b: Empoleon\n|-damage|p2b: Empoleon|65/100\n|-unboost|p2b: Empoleon|atk|1\n|-ability|p2b: Empoleon|Competitive|boost\n|-boost|p2b: Empoleon|spa|2\n|move|p2b: Empoleon|Ice Beam|p1b: Garchomp\n|-enditem|p1b: Garchomp|Focus Sash\n|-damage|p1b: Garchomp|1/100\n|replace|p1b: Zoroark|Zoroark-Hisui, L50, F\n|-end|p1b: Zoroark|Illusion\n|\n|-weather|SunnyDay|[upkeep]\n|upkeep\n|turn|3\n|inactive|bulbinatrix has 30 seconds left.\n|\n|t:|1776681422\n|switch|p2a: Wyrdeer|Wyrdeer, L50, M|100/100\n|-ability|p2a: Wyrdeer|Intimidate|boost\n|-unboost|p1a: Talonflame|atk|1\n|-unboost|p1b: Zoroark|atk|1\n|move|p1a: Talonflame|Dual Wingbeat|p2a: Wyrdeer\n|-damage|p2a: Wyrdeer|91/100\n|-damage|p2a: Wyrdeer|81/100\n|-hitcount|p2a: Wyrdeer|2\n|move|p1b: Zoroark|Bitter Malice|p2a: Wyrdeer\n|-immune|p2a: Wyrdeer\n|move|p2b: Empoleon|Surf|p1a: Talonflame|[spread] p2a,p1a,p1b\n|-supereffective|p1a: Talonflame|1\n|-damage|p2a: Wyrdeer|49/100\n|-damage|p1a: Talonflame|0 fnt\n|-damage|p1b: Zoroark|0 fnt\n|faint|p1a: Talonflame\n|faint|p1b: Zoroark\n|\n|-weather|SunnyDay|[upkeep]\n|-heal|p2a: Wyrdeer|55/100|[from] item: Leftovers\n|upkeep\n|\n|t:|1776681426\n|switch|p1a: Delphox|Delphox, L50, F|100/100\n|switch|p1b: Garchomp|Garchomp, L50, M|100/100\n|turn|4\n|\n|t:|1776681449\n|detailschange|p1a: Delphox|Delphox-Mega, L50, F\n|-mega|p1a: Delphox|Delphox|Delphoxite\n|move|p1a: Delphox|Nasty Plot|p1a: Delphox\n|-boost|p1a: Delphox|spa|2\n|move|p1b: Garchomp|Earthquake|p2b: Empoleon|[spread] p2a,p2b\n|-immune|p1a: Delphox|[from] ability: Levitate\n|-supereffective|p2b: Empoleon|1\n|-crit|p2b: Empoleon\n|-damage|p2a: Wyrdeer|9/100\n|-damage|p2b: Empoleon|0 fnt\n|faint|p2b: Empoleon\n|move|p2a: Wyrdeer|Trick Room|p2a: Wyrdeer\n|-fieldstart|move: Trick Room|[of] p2a: Wyrdeer\n|\n|-weather|SunnyDay|[upkeep]\n|-heal|p2a: Wyrdeer|15/100|[from] item: Leftovers\n|upkeep\n|\n|t:|1776681452\n|switch|p2b: Aggron|Aggron, L50, M|100/100\n|turn|5\n|inactive|bulbinatrix has 30 seconds left.\n|\n|t:|1776681484\n|detailschange|p2b: Aggron|Aggron-Mega, L50, M\n|-mega|p2b: Aggron|Aggron|Aggronite\n|move|p2b: Aggron|Protect|p2b: Aggron\n|-singleturn|p2b: Aggron|Protect\n|move|p2a: Wyrdeer|Skill Swap|p1a: Delphox\n|-activate|p2a: Wyrdeer|Skill Swap|Levitate|Intimidate|[of] p1a: Delphox\n|-ability|p1a: Delphox|Intimidate|boost\n|-unboost|p2a: Wyrdeer|atk|1\n|-unboost|p2b: Aggron|atk|1\n|move|p1b: Garchomp|Earthquake|p2b: Aggron|[spread] p1a\n|-activate|p2b: Aggron|move: Protect\n|-immune|p2a: Wyrdeer|[from] ability: Levitate\n|-supereffective|p1a: Delphox|1\n|-damage|p1a: Delphox|0 fnt\n|faint|p1a: Delphox\n|\n|-weather|SunnyDay|[upkeep]\n|-heal|p2a: Wyrdeer|21/100|[from] item: Leftovers\n|upkeep\n|turn|6\n|-message|bmbrvr forfeited.\n|\n|win|bulbinatrix\n|raw|bmbrvr's rating: 1097 &rarr; <strong>1075</strong><br />(-22 for losing)\n|raw|bulbinatrix's rating: 1131 &rarr; <strong>1154</strong><br />(+23 for winning)\n|l|\u2606bmbrvr\n|player|p1|\n",
  "uploadtime": 1776681510,
  "views": 22,
  "formatid": "gen9championsvgc2026regma",
  "rating": 1075,
  "private": 0,
  "password": null
}