{
  "id": "gen9championsvgc2026regma-2586934936",
  "format": "[Gen 9 Champions] VGC 2026 Reg M-A",
  "players": [
    "prollyabadtrainer",
    "lakeandbake"
  ],
  "log": "|j|\u2606prollyabadtrainer\n|j|\u203dlakeandbake\n|t:|1776473331\n|gametype|doubles\n|player|p1|prollyabadtrainer|zinzolin|1113\n|player|p2|lakeandbake|iono-masters|1112\n|gen|9\n|tier|[Gen 9 Champions] VGC 2026 Reg M-A\n|rated|\n|rule|Species Clause: Limit one of each Pok\u00e9mon\n|rule|Item Clause: Limit 1 of each item\n|clearpoke\n|poke|p1|Victreebel, L50, M|\n|poke|p1|Basculegion, L50, M|\n|poke|p1|Rotom-Heat, L50|\n|poke|p1|Krookodile, L50, F|\n|poke|p1|Sinistcha-Masterpiece, L50|\n|poke|p1|Dragonite, L50, F|\n|poke|p2|Incineroar, L50, M|\n|poke|p2|Floette-Eternal, L50, F|\n|poke|p2|Delphox, L50, F|\n|poke|p2|Garchomp, L50, M|\n|poke|p2|Aerodactyl, L50, F|\n|poke|p2|Maushold, L50|\n|teampreview|4\n|inactive|Battle timer is ON: inactive players will automatically lose when time's up. (requested by lakeandbake)\n|\n|t:|1776473347\n|teamsize|p1|4\n|teamsize|p2|4\n|start\n|switch|p1a: Pardner|Victreebel, L50, M|100/100\n|switch|p1b: Bread Maker|Rotom-Heat, L50|100/100\n|switch|p2a: Delphox|Delphox, L50, F|100/100\n|switch|p2b: Garchomp|Garchomp, L50, M|100/100\n|turn|1\n|inactive|lakeandbake has 30 seconds left.\n|\n|t:|1776473373\n|detailschange|p2a: Delphox|Delphox-Mega, L50, F\n|-mega|p2a: Delphox|Delphox|Delphoxite\n|detailschange|p1a: Pardner|Victreebel-Mega, L50, M\n|-mega|p1a: Pardner|Victreebel|Victreebelite\n|move|p2a: Delphox|Heat Wave|p1b: Bread Maker|[spread] p1b\n|-miss|p2a: Delphox|p1a: Pardner\n|-resisted|p1b: Bread Maker|1\n|-damage|p1b: Bread Maker|77/100\n|move|p1b: Bread Maker|Volt Switch|p2a: Delphox\n|-damage|p2a: Delphox|72/100\n|\n|t:|1776473384\n|switch|p1b: SetMatcha|Sinistcha-Masterpiece, L50|100/100|[from] Volt Switch\n|move|p2b: Garchomp|Rock Slide|p1b: SetMatcha|[spread] p1a,p1b\n|-damage|p1a: Pardner|81/100\n|-damage|p1b: SetMatcha|88/100\n|move|p1a: Pardner|Strength Sap|p2b: Garchomp\n|-unboost|p2b: Garchomp|atk|1\n|-heal|p1a: Pardner|100/100\n|-enditem|p2b: Garchomp|White Herb\n|-clearnegativeboost|p2b: Garchomp|[silent]\n|\n|upkeep\n|turn|2\n|inactive|lakeandbake has 30 seconds left.\n|\n|t:|1776473411\n|switch|p2a: Maushold|Maushold, L50|100/100\n|switch|p1b: Bread Maker|Rotom-Heat, L50|77/100\n|move|p1a: Pardner|Protect|p1a: Pardner\n|-singleturn|p1a: Pardner|Protect\n|move|p2b: Garchomp|Rock Slide|p1a: Pardner|[spread] p1b\n|-activate|p1a: Pardner|move: Protect\n|-supereffective|p1b: Bread Maker|1\n|-damage|p1b: Bread Maker|23/100\n|\n|upkeep\n|turn|3\n|inactive|prollyabadtrainer has 30 seconds left.\n|\n|t:|1776473438\n|move|p2a: Maushold|Follow Me|p2a: Maushold\n|-singleturn|p2a: Maushold|move: Follow Me\n|move|p1b: Bread Maker|Overheat|p2a: Maushold\n|-damage|p2a: Maushold|25/100\n|-unboost|p1b: Bread Maker|spa|2\n|-enditem|p1b: Bread Maker|White Herb\n|-clearnegativeboost|p1b: Bread Maker|[silent]\n|move|p2b: Garchomp|Rock Slide|p1a: Pardner|[spread] p1a,p1b\n|-supereffective|p1b: Bread Maker|1\n|-damage|p1a: Pardner|79/100\n|-damage|p1b: Bread Maker|0 fnt\n|faint|p1b: Bread Maker\n|move|p1a: Pardner|Strength Sap|p2a: Maushold\n|-unboost|p2a: Maushold|atk|1\n|-heal|p1a: Pardner|100/100\n|\n|upkeep\n|\n|t:|1776473455\n|switch|p1b: Blam|Basculegion, L50, M|100/100\n|turn|4\n|\n|t:|1776473476\n|move|p2a: Maushold|Protect|p2a: Maushold\n|-singleturn|p2a: Maushold|Protect\n|move|p2b: Garchomp|Protect|p2b: Garchomp\n|-singleturn|p2b: Garchomp|Protect\n|move|p1b: Blam|Wave Crash|p2a: Maushold\n|-activate|p2a: Maushold|move: Protect\n|move|p1a: Pardner|Strength Sap|p2b: Garchomp\n|-activate|p2b: Garchomp|move: Protect\n|\n|upkeep\n|turn|5\n|\n|t:|1776473498\n|move|p1b: Blam|Wave Crash|p2a: Maushold\n|-damage|p2a: Maushold|0 fnt\n|faint|p2a: Maushold\n|-damage|p1b: Blam|93/100|[from] Recoil\n|move|p2b: Garchomp|Earthquake|p1b: Blam|[spread] p1a,p1b\n|-damage|p1a: Pardner|56/100\n|-damage|p1b: Blam|43/100\n|move|p1a: Pardner|Strength Sap|p2b: Garchomp\n|-unboost|p2b: Garchomp|atk|1\n|-heal|p1a: Pardner|100/100\n|\n|upkeep\n|\n|t:|1776473511\n|switch|p2a: Aerodactyl|Aerodactyl, L50, F|100/100\n|-ability|p2a: Aerodactyl|Unnerve\n|turn|6\n|\n|t:|1776473523\n|move|p1b: Blam|Wave Crash|p2a: Aerodactyl\n|-supereffective|p2a: Aerodactyl|1\n|-enditem|p2a: Aerodactyl|Focus Sash\n|-damage|p2a: Aerodactyl|1/100\n|-damage|p1b: Blam|17/100|[from] Recoil\n|move|p2a: Aerodactyl|Dual Wingbeat|p1a: Pardner\n|-supereffective|p1a: Pardner|1\n|-damage|p1a: Pardner|58/100\n|-supereffective|p1a: Pardner|1\n|-damage|p1a: Pardner|19/100\n|-hitcount|p1a: Pardner|2\n|move|p2b: Garchomp|Rock Slide|p1a: Pardner|[spread] p1a,p1b\n|-damage|p1a: Pardner|6/100\n|-damage|p1b: Blam|0 fnt\n|faint|p1b: Blam\n|move|p1a: Pardner|Strength Sap|p2a: Aerodactyl\n|-unboost|p2a: Aerodactyl|atk|1\n|-heal|p1a: Pardner|90/100\n|\n|upkeep\n|\n|t:|1776473540\n|switch|p1b: SetMatcha|Sinistcha-Masterpiece, L50|88/100\n|-heal|p1a: Pardner|100/100|[from] ability: Hospitality|[of] p1b: SetMatcha\n|turn|7\n|\n|t:|1776473562\n|switch|p2a: Delphox|Delphox-Mega, L50, F|72/100\n|move|p1b: SetMatcha|Rage Powder|p1b: SetMatcha\n|-singleturn|p1b: SetMatcha|move: Rage Powder\n|move|p2b: Garchomp|Rock Slide|p1a: Pardner|[spread] p1a\n|-miss|p2b: Garchomp|p1b: SetMatcha\n|-damage|p1a: Pardner|87/100\n|move|p1a: Pardner|Giga Drain|p2b: Garchomp\n|-damage|p2b: Garchomp|67/100\n|-heal|p1a: Pardner|100/100|[from] drain|[of] p2b: Garchomp\n|\n|upkeep\n|turn|8\n|\n|t:|1776473585\n|switch|p2b: Aerodactyl|Aerodactyl, L50, F|1/100\n|-ability|p2b: Aerodactyl|Unnerve\n|move|p1b: SetMatcha|Rage Powder|p1b: SetMatcha\n|-singleturn|p1b: SetMatcha|move: Rage Powder\n|move|p2a: Delphox|Heat Wave|p1b: SetMatcha|[spread] p1a,p1b\n|-supereffective|p1a: Pardner|1\n|-supereffective|p1b: SetMatcha|1\n|-damage|p1a: Pardner|14/100\n|-damage|p1b: SetMatcha|0 fnt\n|faint|p1b: SetMatcha\n|move|p1a: Pardner|Sludge Bomb|p2a: Delphox\n|-damage|p2a: Delphox|36/100\n|\n|upkeep\n|turn|9\n|\n|t:|1776473600\n|move|p1a: Pardner|Protect|p1a: Pardner\n|-singleturn|p1a: Pardner|Protect\n|move|p2a: Delphox|Psyshock|p1a: Pardner\n|-activate|p1a: Pardner|move: Protect\n|move|p2b: Aerodactyl|Dual Wingbeat|p1a: Pardner\n|-activate|p1a: Pardner|move: Protect\n|\n|upkeep\n|turn|10\n|\n|t:|1776473609\n|move|p2a: Delphox|Psyshock|p1a: Pardner\n|-supereffective|p1a: Pardner|1\n|-damage|p1a: Pardner|0 fnt\n|-damage|p2a: Delphox|21/100|[from] ability: Innards Out|[of] p1a: Pardner\n|faint|p1a: Pardner\n|\n|win|lakeandbake\n|raw|prollyabadtrainer's rating: 1113 &rarr; <strong>1088</strong><br />(-25 for losing)\n|raw|lakeandbake's rating: 1112 &rarr; <strong>1137</strong><br />(+25 for winning)\n",
  "uploadtime": 1776473609,
  "views": 17,
  "formatid": "gen9championsvgc2026regma",
  "rating": 1088,
  "private": 0,
  "password": null
}