{
  "id": "gen9championsvgc2026regma-2583867585",
  "format": "[Gen 9 Champions] VGC 2026 Reg M-A",
  "players": [
    "Gugagames",
    "JoseSkywalker"
  ],
  "log": "|j|\u2606Gugagames\n|j|\u2606JoseSkywalker\n|t:|1776203961\n|gametype|doubles\n|player|p1|Gugagames|swimmer|1132\n|player|p2|JoseSkywalker|ethan|1149\n|gen|9\n|tier|[Gen 9 Champions] VGC 2026 Reg M-A\n|rated|\n|rule|Species Clause: Limit one of each Pok\u00e9mon\n|rule|Item Clause: Limit 1 of each item\n|clearpoke\n|poke|p1|Tyranitar, L50, M|\n|poke|p1|Garchomp, L50, M|\n|poke|p1|Sinistcha, L50|\n|poke|p1|Aerodactyl, L50, F|\n|poke|p1|Clefable, L50, M|\n|poke|p1|Skarmory, L50, F|\n|poke|p2|Mudsdale, L50, M|\n|poke|p2|Sableye, L50, F|\n|poke|p2|Milotic, L50, F|\n|poke|p2|Incineroar, L50, M|\n|poke|p2|Dragonite, L50, M|\n|poke|p2|Farigiraf, L50, F|\n|teampreview|4\n|\n|t:|1776204004\n|teamsize|p1|4\n|teamsize|p2|4\n|start\n|switch|p1a: Tyranitar|Tyranitar, L50, M|100/100\n|switch|p1b: Garchomp|Garchomp, L50, M|100/100\n|switch|p2a: Incineroar|Incineroar, L50, M|100/100\n|switch|p2b: Farigiraf|Farigiraf, L50, F|100/100\n|-weather|Sandstorm|[from] ability: Sand Stream|[of] p1a: Tyranitar\n|-ability|p2a: Incineroar|Intimidate|boost\n|-unboost|p1a: Tyranitar|atk|1\n|-unboost|p1b: Garchomp|atk|1\n|turn|1\n|\n|t:|1776204020\n|move|p2a: Incineroar|Fake Out|p1a: Tyranitar\n|-resisted|p1a: Tyranitar|1\n|-damage|p1a: Tyranitar|95/100\n|cant|p1a: Tyranitar|flinch\n|move|p1b: Garchomp|Swords Dance|p1b: Garchomp\n|-boost|p1b: Garchomp|atk|2\n|move|p2b: Farigiraf|Trick Room|p2b: Farigiraf\n|-fieldstart|move: Trick Room|[of] p2b: Farigiraf\n|\n|-weather|Sandstorm|[upkeep]\n|-damage|p2a: Incineroar|95/100|[from] Sandstorm\n|-damage|p2b: Farigiraf|94/100|[from] Sandstorm\n|upkeep\n|turn|2\n|\n|t:|1776204075\n|move|p2a: Incineroar|Parting Shot|p1b: Garchomp\n|-unboost|p1b: Garchomp|atk|1\n|-unboost|p1b: Garchomp|spa|1\n|\n|t:|1776204086\n|switch|p2a: Milotic|Milotic, L50, F|100/100|[from] Parting Shot\n|move|p2b: Farigiraf|Hyper Voice|p1b: Garchomp|[spread] p1a,p1b\n|-resisted|p1a: Tyranitar|1\n|-damage|p1a: Tyranitar|84/100\n|-damage|p1b: Garchomp|62/100\n|move|p1b: Garchomp|Rock Slide|p2b: Farigiraf|[spread] p2a\n|-miss|p1b: Garchomp|p2b: Farigiraf\n|-damage|p2a: Milotic|80/100\n|move|p1a: Tyranitar|Knock Off|p2b: Farigiraf\n|-supereffective|p2b: Farigiraf|1\n|-damage|p2b: Farigiraf|36/100\n|-enditem|p2b: Farigiraf|Silk Scarf|[from] move: Knock Off|[of] p1a: Tyranitar\n|\n|-weather|Sandstorm|[upkeep]\n|-damage|p2b: Farigiraf|30/100|[from] Sandstorm\n|-damage|p2a: Milotic|74/100|[from] Sandstorm\n|-heal|p2a: Milotic|80/100|[from] item: Leftovers\n|upkeep\n|turn|3\n|\n|t:|1776204130\n|switch|p1b: Skarmory|Skarmory, L50, F|100/100\n|move|p2b: Farigiraf|Hyper Voice|p1b: Skarmory|[spread] p1a,p1b\n|-resisted|p1a: Tyranitar|1\n|-resisted|p1b: Skarmory|1\n|-damage|p1a: Tyranitar|76/100\n|-damage|p1b: Skarmory|79/100\n|move|p2a: Milotic|Scald|p1a: Tyranitar\n|-supereffective|p1a: Tyranitar|1\n|-damage|p1a: Tyranitar|20/100\n|move|p1a: Tyranitar|Knock Off|p2a: Milotic\n|-damage|p2a: Milotic|45/100\n|-enditem|p2a: Milotic|Leftovers|[from] move: Knock Off|[of] p1a: Tyranitar\n|\n|-weather|Sandstorm|[upkeep]\n|-damage|p2b: Farigiraf|24/100|[from] Sandstorm\n|-damage|p2a: Milotic|39/100|[from] Sandstorm\n|upkeep\n|turn|4\n|\n|t:|1776204159\n|switch|p2b: Incineroar|Incineroar, L50, M|95/100\n|-ability|p2b: Incineroar|Intimidate|boost\n|-unboost|p1a: Tyranitar|atk|1\n|-unboost|p1b: Skarmory|atk|1\n|switch|p1a: Sinistcha|Sinistcha, L50|100/100\n|-heal|p1b: Skarmory|100/100|[from] ability: Hospitality|[of] p1a: Sinistcha\n|detailschange|p1b: Skarmory|Skarmory-Mega, L50, F\n|-mega|p1b: Skarmory|Skarmory|Skarmorite\n|move|p2a: Milotic|Recover|p2a: Milotic\n|-heal|p2a: Milotic|89/100\n|move|p1b: Skarmory|Iron Head|p2b: Incineroar\n|-resisted|p2b: Incineroar|1\n|-damage|p2b: Incineroar|82/100\n|\n|-weather|Sandstorm|[upkeep]\n|-damage|p2b: Incineroar|76/100|[from] Sandstorm\n|-damage|p1a: Sinistcha|94/100|[from] Sandstorm\n|-damage|p2a: Milotic|83/100|[from] Sandstorm\n|-heal|p1a: Sinistcha|100/100|[from] item: Leftovers\n|upkeep\n|turn|5\n|\n|t:|1776204197\n|switch|p1b: Garchomp|Garchomp, L50, M|62/100\n|move|p2b: Incineroar|Fake Out|p1b: Garchomp\n|-damage|p1b: Garchomp|52/100\n|move|p1a: Sinistcha|Strength Sap|p2b: Incineroar\n|-unboost|p2b: Incineroar|atk|1\n|move|p2a: Milotic|Ice Beam|p1a: Sinistcha\n|-supereffective|p1a: Sinistcha|1\n|-damage|p1a: Sinistcha|39/100\n|\n|-weather|none\n|-heal|p1a: Sinistcha|45/100|[from] item: Leftovers\n|-fieldend|move: Trick Room\n|upkeep\n|turn|6\n|\n|t:|1776204216\n|switch|p1a: Tyranitar|Tyranitar, L50, M|20/100\n|-weather|Sandstorm|[from] ability: Sand Stream|[of] p1a: Tyranitar\n|move|p1b: Garchomp|Rock Slide|p2b: Incineroar|[spread] p2a,p2b\n|-supereffective|p2b: Incineroar|1\n|-damage|p2a: Milotic|63/100\n|-damage|p2b: Incineroar|47/100\n|-enditem|p2b: Incineroar|Sitrus Berry|[eat]\n|-heal|p2b: Incineroar|72/100|[from] item: Sitrus Berry\n|move|p2a: Milotic|Ice Beam|p1b: Garchomp\n|-supereffective|p1b: Garchomp|2\n|-damage|p1b: Garchomp|0 fnt\n|faint|p1b: Garchomp\n|cant|p2b: Incineroar|flinch\n|\n|-weather|Sandstorm|[upkeep]\n|-damage|p2a: Milotic|57/100|[from] Sandstorm\n|-damage|p2b: Incineroar|66/100|[from] Sandstorm\n|upkeep\n|\n|t:|1776204233\n|switch|p1b: Skarmory|Skarmory-Mega, L50, F|100/100\n|turn|7\n|\n|t:|1776204258\n|move|p1a: Tyranitar|Rock Slide|p2b: Incineroar|[spread] p2a,p2b\n|-supereffective|p2b: Incineroar|1\n|-damage|p2a: Milotic|27/100\n|-damage|p2b: Incineroar|20/100\n|move|p1b: Skarmory|Substitute|p1b: Skarmory\n|-start|p1b: Skarmory|Substitute\n|-damage|p1b: Skarmory|75/100\n|move|p2a: Milotic|Recover|p2a: Milotic\n|-heal|p2a: Milotic|77/100\n|move|p2b: Incineroar|Parting Shot|p1b: Skarmory\n|-unboost|p1b: Skarmory|atk|1\n|-unboost|p1b: Skarmory|spa|1\n|\n|t:|1776204280\n|switch|p2b: Farigiraf|Farigiraf, L50, F|24/100|[from] Parting Shot\n|\n|-weather|Sandstorm|[upkeep]\n|-damage|p2a: Milotic|71/100|[from] Sandstorm\n|-damage|p2b: Farigiraf|18/100|[from] Sandstorm\n|upkeep\n|turn|8\n|\n|t:|1776204292\n|move|p1a: Tyranitar|Rock Slide|p2a: Milotic|[spread] \n|-miss|p1a: Tyranitar|p2a: Milotic\n|-miss|p1a: Tyranitar|p2b: Farigiraf\n|move|p1b: Skarmory|Brave Bird|p2a: Milotic\n|-damage|p2a: Milotic|25/100\n|-damage|p1b: Skarmory|53/100|[from] Recoil\n|move|p2a: Milotic|Scald|p1b: Skarmory\n|-end|p1b: Skarmory|Substitute\n|move|p2b: Farigiraf|Trick Room|p2b: Farigiraf\n|-fieldstart|move: Trick Room|[of] p2b: Farigiraf\n|\n|-weather|Sandstorm|[upkeep]\n|-damage|p2b: Farigiraf|12/100|[from] Sandstorm\n|-damage|p2a: Milotic|19/100|[from] Sandstorm\n|upkeep\n|turn|9\n|\n|t:|1776204325\n|switch|p1b: Sinistcha|Sinistcha, L50|45/100\n|-heal|p1a: Tyranitar|44/100|[from] ability: Hospitality|[of] p1b: Sinistcha\n|move|p2b: Farigiraf|Hyper Voice|p1b: Sinistcha|[spread] p1a\n|-immune|p1b: Sinistcha\n|-resisted|p1a: Tyranitar|1\n|-damage|p1a: Tyranitar|36/100\n|move|p2a: Milotic|Recover|p2a: Milotic\n|-heal|p2a: Milotic|69/100\n|move|p1a: Tyranitar|Rock Slide|p2a: Milotic|[spread] p2a,p2b\n|-damage|p2a: Milotic|36/100\n|-damage|p2b: Farigiraf|0 fnt\n|faint|p2b: Farigiraf\n|\n|-weather|Sandstorm|[upkeep]\n|-damage|p1b: Sinistcha|39/100|[from] Sandstorm\n|-damage|p2a: Milotic|30/100|[from] Sandstorm\n|-heal|p1b: Sinistcha|45/100|[from] item: Leftovers\n|upkeep\n|\n|t:|1776204334\n|switch|p2b: Incineroar|Incineroar, L50, M|20/100\n|-ability|p2b: Incineroar|Intimidate|boost\n|-unboost|p1a: Tyranitar|atk|1\n|-unboost|p1b: Sinistcha|atk|1\n|turn|10\n|\n|t:|1776204356\n|move|p2b: Incineroar|Flare Blitz|p1b: Sinistcha\n|-supereffective|p1b: Sinistcha|1\n|-damage|p1b: Sinistcha|0 fnt\n|faint|p1b: Sinistcha\n|-damage|p2b: Incineroar|7/100|[from] Recoil\n|move|p2a: Milotic|Recover|p2a: Milotic\n|-heal|p2a: Milotic|80/100\n|move|p1a: Tyranitar|Rock Slide|p2b: Incineroar|[spread] p2a\n|-miss|p1a: Tyranitar|p2b: Incineroar\n|-damage|p2a: Milotic|60/100\n|\n|-weather|none\n|upkeep\n|\n|t:|1776204366\n|switch|p1b: Skarmory|Skarmory-Mega, L50, F|53/100\n|turn|11\n|\n|t:|1776204384\n|move|p2b: Incineroar|Parting Shot|p1b: Skarmory\n|-unboost|p1b: Skarmory|atk|1\n|-unboost|p1b: Skarmory|spa|1\n|\n|t:|1776204387\n|switch|p2b: Mudsdale|Mudsdale, L50, M|100/100|[from] Parting Shot\n|move|p2a: Milotic|Recover|p2a: Milotic\n|-heal|p2a: Milotic|100/100\n|move|p1b: Skarmory|Brave Bird|p2a: Milotic\n|-damage|p2a: Milotic|58/100\n|-damage|p1b: Skarmory|33/100|[from] Recoil\n|move|p1a: Tyranitar|Rock Slide|p2a: Milotic|[spread] p2a\n|-miss|p1a: Tyranitar|p2b: Mudsdale\n|-damage|p2a: Milotic|38/100\n|\n|upkeep\n|turn|12\n|\n|t:|1776204413\n|move|p2b: Mudsdale|High Horsepower|p1a: Tyranitar\n|-supereffective|p1a: Tyranitar|1\n|-damage|p1a: Tyranitar|0 fnt\n|faint|p1a: Tyranitar\n|move|p2a: Milotic|Ice Beam|p1b: Skarmory\n|-damage|p1b: Skarmory|0 fnt\n|faint|p1b: Skarmory\n|\n|win|JoseSkywalker\n|raw|Gugagames's rating: 1132 &rarr; <strong>1108</strong><br />(-24 for losing)\n|raw|JoseSkywalker's rating: 1149 &rarr; <strong>1173</strong><br />(+24 for winning)\n|c|\u2606JoseSkywalker|GG\n|l|\u2606JoseSkywalker\n|player|p2|\n",
  "uploadtime": 1776204707,
  "views": 17,
  "formatid": "gen9championsvgc2026regma",
  "rating": 1108,
  "private": 0,
  "password": null
}