{
  "id": "gen9championsvgc2026regma-2582617856",
  "format": "[Gen 9 Champions] VGC 2026 Reg M-A",
  "players": [
    "heroplayer2026",
    "Gustavo027"
  ],
  "log": "|j|\u2606heroplayer2026\n|j|\u2606Gustavo027\n|t:|1776102942\n|gametype|doubles\n|player|p1|heroplayer2026|fisherman-gen4|1081\n|player|p2|Gustavo027|266|1094\n|gen|9\n|tier|[Gen 9 Champions] VGC 2026 Reg M-A\n|rated|\n|rule|Species Clause: Limit one of each Pok\u00e9mon\n|rule|Item Clause: Limit 1 of each item\n|clearpoke\n|poke|p1|Torkoal, L50, F|\n|poke|p1|Incineroar, L50, M|\n|poke|p1|Farigiraf, L50, F|\n|poke|p1|Golurk, L50|\n|poke|p1|Conkeldurr, L50, M|\n|poke|p1|Garchomp, L50, F|\n|poke|p2|Orthworm, L50, F|\n|poke|p2|Incineroar, L50, F|\n|poke|p2|Froslass, L50, F|\n|poke|p2|Basculegion, L50, M|\n|poke|p2|Rotom-Frost, L50|\n|poke|p2|Garchomp, L50, F|\n|teampreview|4\n|\n|t:|1776102996\n|teamsize|p1|4\n|teamsize|p2|4\n|start\n|switch|p1a: Farigiraf|Farigiraf, L50, F|100/100\n|switch|p1b: Incineroar|Incineroar, L50, M|100/100\n|switch|p2a: Orthworm|Orthworm, L50, F|100/100\n|switch|p2b: Garchomp|Garchomp, L50, F|100/100\n|-ability|p1b: Incineroar|Intimidate|boost\n|-unboost|p2a: Orthworm|atk|1\n|-unboost|p2b: Garchomp|atk|1\n|turn|1\n|\n|t:|1776103014\n|move|p2b: Garchomp|Earthquake|p1b: Incineroar|[spread] p1a,p1b\n|-immune|p2a: Orthworm|[from] ability: Earth Eater\n|-supereffective|p1b: Incineroar|1\n|-crit|p1b: Incineroar\n|-damage|p1a: Farigiraf|79/100\n|-damage|p1b: Incineroar|4/100\n|-enditem|p1b: Incineroar|Sitrus Berry|[eat]\n|-heal|p1b: Incineroar|29/100|[from] item: Sitrus Berry\n|move|p1b: Incineroar|Will-O-Wisp|p2a: Orthworm\n|-status|p2a: Orthworm|brn\n|move|p2a: Orthworm|Shed Tail|p2a: Orthworm\n|-start|p2a: Orthworm|Substitute|[from] move: Shed Tail\n|-damage|p2a: Orthworm|50/100 brn\n|-enditem|p2a: Orthworm|Sitrus Berry|[eat]\n|-heal|p2a: Orthworm|75/100 brn|[from] item: Sitrus Berry\n|\n|t:|1776103029\n|switch|p2a: Froslass|Froslass, L50, F|100/100|[from] Shed Tail\n|move|p1a: Farigiraf|Trick Room|p1a: Farigiraf\n|-fieldstart|move: Trick Room|[of] p1a: Farigiraf\n|\n|upkeep\n|turn|2\n|\n|t:|1776103043\n|detailschange|p2a: Froslass|Froslass-Mega, L50, F\n|-mega|p2a: Froslass|Froslass|Froslassite\n|-weather|Snowscape|[from] ability: Snow Warning|[of] p2a: Froslass\n|move|p1b: Incineroar|Will-O-Wisp|p2b: Garchomp\n|-status|p2b: Garchomp|brn\n|move|p1a: Farigiraf|Hyper Voice|p2b: Garchomp|[spread] p2b\n|-immune|p2a: Froslass\n|-damage|p2b: Garchomp|73/100 brn\n|move|p2b: Garchomp|Rock Slide|p1b: Incineroar|[spread] \n|-miss|p2b: Garchomp|p1a: Farigiraf\n|-miss|p2b: Garchomp|p1b: Incineroar\n|move|p2a: Froslass|Nasty Plot|p2a: Froslass\n|-boost|p2a: Froslass|spa|2\n|\n|-weather|Snowscape|[upkeep]\n|-damage|p2b: Garchomp|67/100 brn|[from] brn\n|upkeep\n|turn|3\n|\n|t:|1776103061\n|move|p2a: Froslass|Protect|p2a: Froslass\n|-singleturn|p2a: Froslass|Protect\n|move|p1a: Farigiraf|Hyper Voice|p2a: Froslass|[spread] p2b\n|-activate|p2a: Froslass|move: Protect\n|-damage|p2b: Garchomp|38/100 brn\n|move|p1b: Incineroar|Flare Blitz|p2a: Froslass\n|-activate|p2a: Froslass|move: Protect\n|move|p2b: Garchomp|Rock Slide|p1a: Farigiraf|[spread] p1a,p1b\n|-supereffective|p1b: Incineroar|1\n|-damage|p1a: Farigiraf|74/100\n|-damage|p1b: Incineroar|17/100\n|\n|-weather|Snowscape|[upkeep]\n|-damage|p2b: Garchomp|32/100 brn|[from] brn\n|upkeep\n|turn|4\n|\n|t:|1776103082\n|move|p2b: Garchomp|Protect|p2b: Garchomp\n|-singleturn|p2b: Garchomp|Protect\n|move|p1b: Incineroar|Flare Blitz|p2a: Froslass\n|-supereffective|p2a: Froslass|1\n|-crit|p2a: Froslass\n|-end|p2a: Froslass|Substitute\n|-damage|p1b: Incineroar|10/100|[from] Recoil|[of] p2a: Froslass\n|move|p1a: Farigiraf|Hyper Voice|p2a: Froslass|[spread] \n|-activate|p2b: Garchomp|move: Protect\n|-immune|p2a: Froslass\n|move|p2a: Froslass|Blizzard|p1b: Incineroar|[spread] p1a,p1b\n|-resisted|p1b: Incineroar|1\n|-damage|p1a: Farigiraf|0 fnt\n|-damage|p1b: Incineroar|0 fnt\n|faint|p1a: Farigiraf\n|faint|p1b: Incineroar\n|\n|-weather|Snowscape|[upkeep]\n|-damage|p2b: Garchomp|26/100 brn|[from] brn\n|upkeep\n|\n|t:|1776103097\n|switch|p1a: Torkoal|Torkoal, L50, F|100/100\n|switch|p1b: Golurk|Golurk, L50|100/100\n|-weather|SunnyDay|[from] ability: Drought|[of] p1a: Torkoal\n|turn|5\n|\n|t:|1776103108\n|detailschange|p1b: Golurk|Golurk-Mega, L50\n|-mega|p1b: Golurk|Golurk|Golurkite\n|move|p2a: Froslass|Protect|p2a: Froslass\n|-singleturn|p2a: Froslass|Protect\n|move|p1a: Torkoal|Eruption|p2b: Garchomp|[spread] p2b\n|-activate|p2a: Froslass|move: Protect\n|-resisted|p2b: Garchomp|1\n|-damage|p2b: Garchomp|0 fnt\n|faint|p2b: Garchomp\n|move|p1b: Golurk|Gyro Ball|p2a: Froslass\n|-supereffective|p2a: Froslass|1\n|-ability|p1b: Golurk|Unseen Fist\n|-zbroken|p2a: Froslass\n|-damage|p2a: Froslass|74/100\n|\n|-weather|SunnyDay|[upkeep]\n|-fieldend|move: Trick Room\n|upkeep\n|\n|t:|1776103124\n|switch|p2b: Incineroar|Incineroar, L50, F|100/100\n|-ability|p2b: Incineroar|Intimidate|boost\n|-unboost|p1a: Torkoal|atk|1\n|-unboost|p1b: Golurk|atk|1\n|turn|6\n|\n|t:|1776103150\n|switch|p2a: Orthworm|Orthworm, L50, F|75/100 brn\n|move|p2b: Incineroar|Parting Shot|p1a: Torkoal\n|-unboost|p1a: Torkoal|atk|1\n|-unboost|p1a: Torkoal|spa|1\n|\n|t:|1776103168\n|switch|p2b: Froslass|Froslass-Mega, L50, F|74/100|[from] Parting Shot\n|-weather|Snowscape|[from] ability: Snow Warning|[of] p2b: Froslass\n|move|p1b: Golurk|Drain Punch|p2b: Froslass\n|-immune|p2b: Froslass\n|move|p1a: Torkoal|Flamethrower|p2a: Orthworm\n|-supereffective|p2a: Orthworm|1\n|-damage|p2a: Orthworm|0 fnt\n|faint|p2a: Orthworm\n|\n|-weather|Snowscape|[upkeep]\n|upkeep\n|\n|t:|1776103180\n|switch|p2a: Incineroar|Incineroar, L50, F|100/100\n|-ability|p2a: Incineroar|Intimidate|boost\n|-unboost|p1a: Torkoal|atk|1\n|-unboost|p1b: Golurk|atk|1\n|turn|7\n|\n|t:|1776103191\n|move|p1b: Golurk|Protect|p1b: Golurk\n|-singleturn|p1b: Golurk|Protect\n|move|p1a: Torkoal|Protect|p1a: Torkoal\n|-singleturn|p1a: Torkoal|Protect\n|move|p2a: Incineroar|Fake Out|p1a: Torkoal\n|-activate|p1a: Torkoal|move: Protect\n|move|p2b: Froslass|Blizzard|p1a: Torkoal|[spread] \n|-activate|p1a: Torkoal|move: Protect\n|-activate|p1b: Golurk|move: Protect\n|\n|-weather|Snowscape|[upkeep]\n|upkeep\n|turn|8\n|\n|t:|1776103214\n|move|p2b: Froslass|Blizzard|p1b: Golurk|[spread] p1a,p1b\n|-resisted|p1a: Torkoal|1\n|-supereffective|p1b: Golurk|1\n|-damage|p1a: Torkoal|73/100\n|-damage|p1b: Golurk|26/100\n|move|p2a: Incineroar|Darkest Lariat|p1b: Golurk\n|-supereffective|p1b: Golurk|1\n|-damage|p1b: Golurk|0 fnt\n|faint|p1b: Golurk\n|move|p1a: Torkoal|Flamethrower|p2b: Froslass\n|-supereffective|p2b: Froslass|1\n|-damage|p2b: Froslass|0 fnt\n|faint|p2b: Froslass\n|\n|-weather|Snowscape|[upkeep]\n|upkeep\n|turn|9\n|\n|t:|1776103234\n|move|p2a: Incineroar|Parting Shot|p1a: Torkoal\n|-unboost|p1a: Torkoal|atk|1\n|-unboost|p1a: Torkoal|spa|1\n|move|p1a: Torkoal|Flamethrower|p2a: Incineroar\n|-resisted|p2a: Incineroar|1\n|-damage|p2a: Incineroar|92/100\n|\n|-weather|Snowscape|[upkeep]\n|upkeep\n|turn|10\n|\n|t:|1776103243\n|move|p2a: Incineroar|Darkest Lariat|p1a: Torkoal\n|-damage|p1a: Torkoal|47/100\n|move|p1a: Torkoal|Eruption|p2a: Incineroar\n|-resisted|p2a: Incineroar|1\n|-damage|p2a: Incineroar|84/100\n|\n|-weather|none\n|upkeep\n|turn|11\n|\n|t:|1776103253\n|move|p2a: Incineroar|Darkest Lariat|p1a: Torkoal\n|-damage|p1a: Torkoal|23/100\n|move|p1a: Torkoal|Flamethrower|p2a: Incineroar\n|-resisted|p2a: Incineroar|1\n|-damage|p2a: Incineroar|75/100\n|\n|upkeep\n|turn|12\n|-message|heroplayer2026 forfeited.\n|\n|win|Gustavo027\n|raw|heroplayer2026's rating: 1081 &rarr; <strong>1060</strong><br />(-21 for losing)\n|raw|Gustavo027's rating: 1094 &rarr; <strong>1119</strong><br />(+25 for winning)\n",
  "uploadtime": 1776103260,
  "views": 12,
  "formatid": "gen9championsvgc2026regma",
  "rating": 1060,
  "private": 0,
  "password": null
}