{
  "id": "gen9championsvgc2026regma-2587474774",
  "format": "[Gen 9 Champions] VGC 2026 Reg M-A",
  "players": [
    "joosesooto01",
    "Thoranopolis"
  ],
  "log": "|j|\u2606joosesooto01\n|j|\u2606Thoranopolis\n|t:|1776534909\n|gametype|doubles\n|player|p1|joosesooto01|169|1100\n|player|p2|Thoranopolis|170|1080\n|gen|9\n|tier|[Gen 9 Champions] VGC 2026 Reg M-A\n|rated|\n|rule|Species Clause: Limit one of each Pok\u00e9mon\n|rule|Item Clause: Limit 1 of each item\n|clearpoke\n|poke|p1|Floette-Eternal, L50, F, shiny|\n|poke|p1|Garchomp, L50, F, shiny|\n|poke|p1|Kingambit, L50, M, shiny|\n|poke|p1|Basculegion, L50, M, shiny|\n|poke|p1|Sneasler, L50, F, shiny|\n|poke|p1|Froslass, L50, F, shiny|\n|poke|p2|Tyranitar, L50, F|\n|poke|p2|Sinistcha-Masterpiece, L50|\n|poke|p2|Excadrill, L50, M|\n|poke|p2|Incineroar, L50, F, shiny|\n|poke|p2|Rotom-Wash, L50, shiny|\n|poke|p2|Corviknight, L50, F|\n|teampreview|4\njoosesooto01 has agreed to open team sheets.\n|inactive|Battle timer is ON: inactive players will automatically lose when time's up. (requested by joosesooto01)\n|inactive|Thoranopolis also wants the timer to be on.\n|\n|t:|1776534936\n|teamsize|p1|4\n|teamsize|p2|4\n|start\n|switch|p1a: Kingambit|Kingambit, L50, M, shiny|100/100\n|switch|p1b: Froslass|Froslass, L50, F, shiny|100/100\n|switch|p2a: Incineroar|Incineroar, L50, F, shiny|100/100\n|switch|p2b: Tyranitar|Tyranitar, L50, F|100/100\n|-weather|Sandstorm|[from] ability: Sand Stream|[of] p2b: Tyranitar\n|-ability|p2a: Incineroar|Intimidate|boost\n|-unboost|p1a: Kingambit|atk|1\n|-ability|p1a: Kingambit|Defiant|boost\n|-boost|p1a: Kingambit|atk|2\n|-unboost|p1b: Froslass|atk|1\n|turn|1\n|inactive|Thoranopolis has 30 seconds left.\n|inactive|Thoranopolis has 20 seconds left.\n|\n|t:|1776534974\n|detailschange|p1b: Froslass|Froslass-Mega, L50, F, shiny\n|-mega|p1b: Froslass|Froslass|Froslassite\n|-weather|Snowscape|[from] ability: Snow Warning|[of] p1b: Froslass\n|detailschange|p2b: Tyranitar|Tyranitar-Mega, L50, F\n|-mega|p2b: Tyranitar|Tyranitar|Tyranitarite\n|-weather|Sandstorm|[from] ability: Sand Stream|[of] p2b: Tyranitar\n|move|p1b: Froslass|Protect|p1b: Froslass\n|-singleturn|p1b: Froslass|Protect\n|move|p1a: Kingambit|Protect|p1a: Kingambit\n|-singleturn|p1a: Kingambit|Protect\n|move|p2a: Incineroar|Fake Out|p1a: Kingambit\n|-activate|p1a: Kingambit|move: Protect\n|move|p2b: Tyranitar|Rock Slide|p1a: Kingambit|[spread] \n|-activate|p1a: Kingambit|move: Protect\n|-activate|p1b: Froslass|move: Protect\n|\n|-weather|Sandstorm|[upkeep]\n|-damage|p1b: Froslass|95/100|[from] Sandstorm\n|-damage|p2a: Incineroar|95/100|[from] Sandstorm\n|upkeep\n|turn|2\n|inactive|joosesooto01 has 30 seconds left.\n|inactive|Thoranopolis has 30 seconds left.\n|\n|t:|1776535003\n|switch|p1b: Basculegion|Basculegion, L50, M, shiny|100/100\n|move|p2b: Tyranitar|Protect|p2b: Tyranitar\n|-singleturn|p2b: Tyranitar|Protect\n|move|p2a: Incineroar|Parting Shot|p1b: Basculegion\n|-unboost|p1b: Basculegion|atk|1\n|-unboost|p1b: Basculegion|spa|1\n|\n|t:|1776535013\n|switch|p2a: Sinistcha|Sinistcha-Masterpiece, L50|100/100|[from] Parting Shot\n|move|p1a: Kingambit|Low Kick|p2b: Tyranitar\n|-activate|p2b: Tyranitar|move: Protect\n|\n|-weather|Sandstorm|[upkeep]\n|-damage|p1b: Basculegion|94/100|[from] Sandstorm\n|-damage|p2a: Sinistcha|94/100|[from] Sandstorm\n|upkeep\n|turn|3\n|\n|t:|1776535028\n|switch|p1b: Garchomp|Garchomp, L50, F, shiny|100/100\n|move|p2a: Sinistcha|Rage Powder|p2a: Sinistcha\n|-singleturn|p2a: Sinistcha|move: Rage Powder\n|move|p2b: Tyranitar|Knock Off|p1b: Garchomp\n|-damage|p1b: Garchomp|46/100\n|-damage|p2b: Tyranitar|88/100|[from] ability: Rough Skin|[of] p1b: Garchomp\n|-enditem|p1b: Garchomp|Haban Berry|[from] move: Knock Off|[of] p2b: Tyranitar\n|move|p1a: Kingambit|Low Kick|p2a: Sinistcha\n|-immune|p2a: Sinistcha\n|\n|-weather|Sandstorm|[upkeep]\n|-damage|p2a: Sinistcha|88/100|[from] Sandstorm\n|upkeep\n|turn|4\n|\n|t:|1776535046\n|move|p2a: Sinistcha|Rage Powder|p2a: Sinistcha\n|-singleturn|p2a: Sinistcha|move: Rage Powder\n|move|p1b: Garchomp|Earthquake|p2b: Tyranitar|[spread] p1a,p2a,p2b\n|-supereffective|p1a: Kingambit|1\n|-resisted|p2a: Sinistcha|1\n|-supereffective|p2b: Tyranitar|1\n|-damage|p1a: Kingambit|51/100\n|-damage|p2a: Sinistcha|76/100\n|-damage|p2b: Tyranitar|47/100\n|move|p2b: Tyranitar|Low Kick|p1a: Kingambit\n|-supereffective|p1a: Kingambit|2\n|-enditem|p1a: Kingambit|Chople Berry|[eat]\n|-enditem|p1a: Kingambit|Chople Berry|[weaken]\n|-damage|p1a: Kingambit|0 fnt\n|faint|p1a: Kingambit\n|\n|-weather|Sandstorm|[upkeep]\n|-damage|p2a: Sinistcha|70/100|[from] Sandstorm\n|upkeep\n|\n|t:|1776535057\n|switch|p1a: Froslass|Froslass-Mega, L50, F, shiny|95/100\n|-weather|Snowscape|[from] ability: Snow Warning|[of] p1a: Froslass\n|turn|5\n|\n|t:|1776535074\n|move|p1a: Froslass|Protect|p1a: Froslass\n|-singleturn|p1a: Froslass|Protect\n|move|p2a: Sinistcha|Rage Powder|p2a: Sinistcha\n|-singleturn|p2a: Sinistcha|move: Rage Powder\n|move|p1b: Garchomp|Earthquake|p2b: Tyranitar|[spread] p2a,p2b\n|-activate|p1a: Froslass|move: Protect\n|-resisted|p2a: Sinistcha|1\n|-supereffective|p2b: Tyranitar|1\n|-damage|p2a: Sinistcha|57/100\n|-damage|p2b: Tyranitar|2/100\n|move|p2b: Tyranitar|Knock Off|p1a: Froslass\n|-activate|p1a: Froslass|move: Protect\n|\n|-weather|Snowscape|[upkeep]\n|upkeep\n|turn|6\n|\n|t:|1776535099\n|switch|p2b: Incineroar|Incineroar, L50, F, shiny|95/100\n|-ability|p2b: Incineroar|Intimidate|boost\n|-unboost|p1a: Froslass|atk|1\n|-unboost|p1b: Garchomp|atk|1\n|move|p1a: Froslass|Blizzard|p2a: Sinistcha|[spread] p2a,p2b\n|-supereffective|p2a: Sinistcha|1\n|-resisted|p2b: Incineroar|1\n|-damage|p2a: Sinistcha|0 fnt\n|-damage|p2b: Incineroar|80/100\n|faint|p2a: Sinistcha\n|move|p1b: Garchomp|Rock Slide|p2b: Incineroar\n|-supereffective|p2b: Incineroar|1\n|-damage|p2b: Incineroar|48/100\n|-enditem|p2b: Incineroar|Sitrus Berry|[eat]\n|-heal|p2b: Incineroar|72/100|[from] item: Sitrus Berry\n|\n|-weather|Snowscape|[upkeep]\n|upkeep\n|\n|t:|1776535113\n|switch|p2a: Tyranitar|Tyranitar-Mega, L50, F|2/100\n|-weather|Sandstorm|[from] ability: Sand Stream|[of] p2a: Tyranitar\n|turn|7\n|\n|t:|1776535130\n|move|p1a: Froslass|Protect|p1a: Froslass\n|-singleturn|p1a: Froslass|Protect\n|move|p2b: Incineroar|Fake Out|p1b: Garchomp\n|-damage|p1b: Garchomp|36/100\n|-damage|p2b: Incineroar|60/100|[from] ability: Rough Skin|[of] p1b: Garchomp\n|cant|p1b: Garchomp|flinch\n|move|p2a: Tyranitar|Knock Off|p1a: Froslass\n|-activate|p1a: Froslass|move: Protect\n|\n|-weather|Sandstorm|[upkeep]\n|-damage|p1a: Froslass|89/100|[from] Sandstorm\n|-damage|p2b: Incineroar|54/100|[from] Sandstorm\n|upkeep\n|turn|8\n|\n|t:|1776535148\n|move|p2a: Tyranitar|Protect|p2a: Tyranitar\n|-singleturn|p2a: Tyranitar|Protect\n|move|p1a: Froslass|Substitute|p1a: Froslass\n|-start|p1a: Froslass|Substitute\n|-damage|p1a: Froslass|64/100\n|move|p1b: Garchomp|Earthquake|p2a: Tyranitar|[spread] p1a,p2b\n|-activate|p2a: Tyranitar|move: Protect\n|-end|p1a: Froslass|Substitute\n|-supereffective|p2b: Incineroar|1\n|-damage|p2b: Incineroar|2/100\n|move|p2b: Incineroar|Flare Blitz|p1a: Froslass\n|-supereffective|p1a: Froslass|1\n|-damage|p1a: Froslass|0 fnt\n|faint|p1a: Froslass\n|-damage|p2b: Incineroar|0 fnt|[from] Recoil\n|faint|p2b: Incineroar\n|\n|-weather|Sandstorm|[upkeep]\n|upkeep\n|\n|t:|1776535165\n|switch|p1a: Basculegion|Basculegion, L50, M, shiny|94/100\n|switch|p2b: Excadrill|Excadrill, L50, M|100/100\n|turn|9\n|\n|t:|1776535186\n|move|p1a: Basculegion|Protect|p1a: Basculegion\n|-singleturn|p1a: Basculegion|Protect\n|move|p1b: Garchomp|Earthquake|p2a: Tyranitar|[spread] p2a,p2b\n|-activate|p1a: Basculegion|move: Protect\n|-supereffective|p2a: Tyranitar|1\n|-supereffective|p2b: Excadrill|1\n|-damage|p2a: Tyranitar|0 fnt\n|-damage|p2b: Excadrill|42/100\n|faint|p2a: Tyranitar\n|move|p2b: Excadrill|Earthquake|p1a: Basculegion|[spread] p1b\n|-activate|p1a: Basculegion|move: Protect\n|-damage|p1b: Garchomp|0 fnt\n|faint|p1b: Garchomp\n|\n|-weather|Sandstorm|[upkeep]\n|-damage|p1a: Basculegion|88/100|[from] Sandstorm\n|upkeep\n|turn|10\n|inactive|joosesooto01 has 30 seconds left.\n|inactive|Thoranopolis has 30 seconds left.\n|inactive|joosesooto01 has 20 seconds left.\n|\n|t:|1776535224\n|move|p1a: Basculegion|Aqua Jet|p2b: Excadrill\n|-supereffective|p2b: Excadrill|1\n|-damage|p2b: Excadrill|0 fnt\n|faint|p2b: Excadrill\n|\n|win|joosesooto01\n|raw|joosesooto01's rating: 1100 &rarr; <strong>1124</strong><br />(+24 for winning)\n|raw|Thoranopolis's rating: 1080 &rarr; <strong>1059</strong><br />(-21 for losing)\n|l|\u2606Thoranopolis\n|player|p2|\n",
  "uploadtime": 1776535234,
  "views": 20,
  "formatid": "gen9championsvgc2026regma",
  "rating": 1059,
  "private": 0,
  "password": null
}