{
  "id": "gen9championsvgc2026regma-2583522567",
  "format": "[Gen 9 Champions] VGC 2026 Reg M-A",
  "players": [
    "1#miraidonhater",
    "Villixy"
  ],
  "log": "|j|\u26061#miraidonhater\n|j|\u2606Villixy\n|t:|1776180985\n|gametype|doubles\n|player|p1|1#miraidonhater|n|1160\n|player|p2|Villixy|swimmerf|1103\n|gen|9\n|tier|[Gen 9 Champions] VGC 2026 Reg M-A\n|rated|\n|rule|Species Clause: Limit one of each Pok\u00e9mon\n|rule|Item Clause: Limit 1 of each item\n|clearpoke\n|poke|p1|Aggron, L50, M|\n|poke|p1|Sinistcha, L50|\n|poke|p1|Tyranitar, L50, M|\n|poke|p1|Reuniclus, L50, F|\n|poke|p2|Sneasler, L50, M|\n|poke|p2|Delphox, L50, F|\n|poke|p2|Whimsicott, L50, M|\n|poke|p2|Maushold-Four, L50|\n|poke|p2|Chandelure, L50, M|\n|poke|p2|Aerodactyl, L50, F|\n|teampreview|4\n|j| porygon-epilepz\n|inactive|Battle timer is ON: inactive players will automatically lose when time's up. (requested by Villixy)\n|\n|t:|1776181032\n|teamsize|p1|4\n|teamsize|p2|4\n|start\n|switch|p1a: Aggron|Aggron, L50, M|100/100\n|switch|p1b: Sinistcha|Sinistcha, L50|100/100\n|switch|p2a: Maushold|Maushold-Four, L50|100/100\n|switch|p2b: Wicked Witch|Delphox, L50, F, shiny|100/100\n|turn|1\n|\n|t:|1776181048\n|switch|p1a: Tyranitar|Tyranitar, L50, M|100/100\n|-weather|Sandstorm|[from] ability: Sand Stream|[of] p1a: Tyranitar\n|detailschange|p2b: Wicked Witch|Delphox-Mega, L50, F, shiny\n|-mega|p2b: Wicked Witch|Delphox|Delphoxite\n|move|p2b: Wicked Witch|Heat Wave|p1a: Tyranitar|[spread] p1a,p1b\n|-resisted|p1a: Tyranitar|1\n|-supereffective|p1b: Sinistcha|1\n|-crit|p1b: Sinistcha\n|-damage|p1a: Tyranitar|88/100\n|-damage|p1b: Sinistcha|0 fnt\n|faint|p1b: Sinistcha\n|move|p2a: Maushold|Taunt|p1a: Tyranitar\n|-start|p1a: Tyranitar|move: Taunt\n|\n|-weather|Sandstorm|[upkeep]\n|-damage|p2b: Wicked Witch|94/100|[from] Sandstorm\n|-damage|p2a: Maushold|94/100|[from] Sandstorm\n|upkeep\n|\n|t:|1776181065\n|switch|p1b: Reuniclus|Reuniclus, L50, F|100/100\n|turn|2\n|\n|t:|1776181070\n|move|p2b: Wicked Witch|Protect|p2b: Wicked Witch\n|-singleturn|p2b: Wicked Witch|Protect\n|move|p2a: Maushold|Taunt|p1b: Reuniclus\n|-start|p1b: Reuniclus|move: Taunt\n|move|p1a: Tyranitar|Rock Slide|p2a: Maushold|[spread] p2a\n|-activate|p2b: Wicked Witch|move: Protect\n|-damage|p2a: Maushold|55/100\n|cant|p1b: Reuniclus|move: Taunt|Trick Room\n|\n|-weather|Sandstorm|[upkeep]\n|-damage|p2b: Wicked Witch|88/100|[from] Sandstorm\n|-damage|p2a: Maushold|49/100|[from] Sandstorm\n|upkeep\n|turn|3\n|inactive|Villixy has 30 seconds left.\n|\n|t:|1776181097\n|switch|p2b: Whimsicott|Whimsicott, L50, M|100/100\n|move|p2a: Maushold|Protect|p2a: Maushold\n|-singleturn|p2a: Maushold|Protect\n|move|p1a: Tyranitar|Rock Slide|p2b: Whimsicott|[spread] p2b\n|-activate|p2a: Maushold|move: Protect\n|-damage|p2b: Whimsicott|80/100\n|move|p1b: Reuniclus|Psychic|p2b: Whimsicott\n|-damage|p2b: Whimsicott|34/100\n|\n|-weather|Sandstorm|[upkeep]\n|-damage|p2a: Maushold|42/100|[from] Sandstorm\n|-damage|p2b: Whimsicott|28/100|[from] Sandstorm\n|-end|p1a: Tyranitar|move: Taunt\n|upkeep\n|turn|4\n|\n|t:|1776181119\n|move|p2b: Whimsicott|Sunny Day|p2b: Whimsicott\n|-weather|SunnyDay\n|move|p2a: Maushold|Super Fang|p1a: Tyranitar\n|-damage|p1a: Tyranitar|44/100\n|move|p1a: Tyranitar|Rock Slide|p2a: Maushold|[spread] p2a,p2b\n|-damage|p2a: Maushold|0 fnt\n|-damage|p2b: Whimsicott|8/100\n|faint|p2a: Maushold\n|move|p1b: Reuniclus|Psychic|p2b: Whimsicott\n|-damage|p2b: Whimsicott|0 fnt\n|faint|p2b: Whimsicott\n|\n|-weather|SunnyDay|[upkeep]\n|-end|p1b: Reuniclus|move: Taunt\n|upkeep\n|\n|t:|1776181128\n|switch|p2a: Wicked Witch|Delphox-Mega, L50, F, shiny|88/100\n|switch|p2b: Sneasler|Sneasler, L50, M|100/100\n|turn|5\n|\n|t:|1776181143\n|move|p1a: Tyranitar|Protect|p1a: Tyranitar\n|-singleturn|p1a: Tyranitar|Protect\n|move|p2b: Sneasler|Fake Out|p1b: Reuniclus\n|-damage|p1b: Reuniclus|86/100\n|move|p2a: Wicked Witch|Solar Beam||[still]\n|-prepare|p2a: Wicked Witch|Solar Beam\n|-anim|p2a: Wicked Witch|Solar Beam|p1a: Tyranitar\n|-activate|p1a: Tyranitar|move: Protect\n|cant|p1b: Reuniclus|flinch\n|\n|-weather|SunnyDay|[upkeep]\n|-heal|p1b: Reuniclus|92/100|[from] item: Leftovers\n|upkeep\n|turn|6\n|\n|t:|1776181160\n|switch|p1a: Aggron|Aggron, L50, M|100/100\n|move|p2a: Wicked Witch|Heat Wave|p1b: Reuniclus|[spread] p1a\n|-miss|p2a: Wicked Witch|p1b: Reuniclus\n|-damage|p1a: Aggron|34/100\n|move|p2b: Sneasler|Close Combat|p1a: Aggron\n|-supereffective|p1a: Aggron|2\n|-damage|p1a: Aggron|0 fnt\n|-unboost|p2b: Sneasler|def|1\n|-unboost|p2b: Sneasler|spd|1\n|faint|p1a: Aggron\n|-enditem|p2b: Sneasler|White Herb\n|-clearnegativeboost|p2b: Sneasler|[silent]\n|move|p1b: Reuniclus|Trick Room|p1b: Reuniclus\n|-fieldstart|move: Trick Room|[of] p1b: Reuniclus\n|\n|-weather|SunnyDay|[upkeep]\n|-heal|p1b: Reuniclus|98/100|[from] item: Leftovers\n|upkeep\n|\n|t:|1776181175\n|switch|p1a: Tyranitar|Tyranitar, L50, M|44/100\n|-weather|Sandstorm|[from] ability: Sand Stream|[of] p1a: Tyranitar\n|turn|7\n|\n|t:|1776181192\n|move|p2a: Wicked Witch|Protect|p2a: Wicked Witch\n|-singleturn|p2a: Wicked Witch|Protect\n|move|p1b: Reuniclus|Psychic|p2b: Sneasler\n|-supereffective|p2b: Sneasler|2\n|-damage|p2b: Sneasler|0 fnt\n|faint|p2b: Sneasler\n|move|p1a: Tyranitar|Rock Slide|p2a: Wicked Witch\n|-activate|p2a: Wicked Witch|move: Protect\n|\n|-weather|Sandstorm|[upkeep]\n|-damage|p2a: Wicked Witch|82/100|[from] Sandstorm\n|-heal|p1b: Reuniclus|100/100|[from] item: Leftovers\n|upkeep\n|turn|8\n|-message|Villixy forfeited.\n|\n|win|1#miraidonhater\n",
  "uploadtime": 1776180988,
  "views": 16,
  "formatid": "gen9championsvgc2026regma",
  "rating": null,
  "private": 0,
  "password": null
}