{
  "id": "gen9championsvgc2026regma-2584399847",
  "format": "[Gen 9 Champions] VGC 2026 Reg M-A",
  "players": [
    "qwe1l00",
    "Murphy's kitchen"
  ],
  "log": "|j|\u2606qwe1l00\n|j|\u2606Murphy's kitchen\n|t:|1776258082\n|gametype|doubles\n|player|p1|qwe1l00|102|1149\n|player|p2|Murphy's kitchen|102|1190\n|gen|9\n|tier|[Gen 9 Champions] VGC 2026 Reg M-A\n|rated|\n|rule|Species Clause: Limit one of each Pok\u00e9mon\n|rule|Item Clause: Limit 1 of each item\n|clearpoke\n|poke|p1|Scizor, L50, M|\n|poke|p1|Basculegion, L50, M|\n|poke|p1|Serperior, L50, F|\n|poke|p1|Rotom-Heat, L50|\n|poke|p1|Tyranitar, L50, F|\n|poke|p1|Aerodactyl, L50, M|\n|poke|p2|Ninetales-Alola, L50, M|\n|poke|p2|Glimmora, L50, M|\n|poke|p2|Aegislash, L50, M|\n|poke|p2|Gyarados, L50, M|\n|poke|p2|Kommo-o, L50, F|\n|poke|p2|Scovillain, L50, M|\n|teampreview|4\n|inactive|Battle timer is ON: inactive players will automatically lose when time's up. (requested by qwe1l00)\n|\n|t:|1776258145\n|teamsize|p1|4\n|teamsize|p2|4\n|start\n|switch|p1a: Aerodactyl|Aerodactyl, L50, M|100/100\n|switch|p1b: Basculegion|Basculegion, L50, M|100/100\n|switch|p2a: Gyarados|Gyarados, L50, M|100/100\n|switch|p2b: Kommo-o|Kommo-o, L50, F|100/100\n|-ability|p1a: Aerodactyl|Unnerve\n|-ability|p2a: Gyarados|Intimidate|boost\n|-unboost|p1a: Aerodactyl|atk|1\n|-unboost|p1b: Basculegion|atk|1\n|turn|1\n|\n|t:|1776258169\n|move|p1a: Aerodactyl|Protect|p1a: Aerodactyl\n|-singleturn|p1a: Aerodactyl|Protect\n|move|p1b: Basculegion|Flip Turn|p2b: Kommo-o\n|-resisted|p2b: Kommo-o|1\n|-damage|p2b: Kommo-o|88/100\n|\n|t:|1776258174\n|switch|p1b: Rotom|Rotom-Heat, L50|100/100|[from] Flip Turn\n|move|p2b: Kommo-o|Clangorous Soul|p2b: Kommo-o\n|-boost|p2b: Kommo-o|atk|1\n|-boost|p2b: Kommo-o|def|1\n|-boost|p2b: Kommo-o|spa|1\n|-boost|p2b: Kommo-o|spd|1\n|-boost|p2b: Kommo-o|spe|1\n|-damage|p2b: Kommo-o|55/100\n|move|p2a: Gyarados|Thunder Wave|p1a: Aerodactyl\n|-activate|p1a: Aerodactyl|move: Protect\n|\n|-heal|p2b: Kommo-o|61/100|[from] item: Leftovers\n|upkeep\n|turn|2\n|inactive|Murphy's kitchen has 30 seconds left.\n|inactive|Murphy's kitchen has 20 seconds left.\n|inactive|Murphy's kitchen has 15 seconds left.\n|\n|t:|1776258214\n|switch|p2a: Scovillain|Scovillain, L50, M|100/100\n|move|p2b: Kommo-o|Clanging Scales|p1a: Aerodactyl|[spread] p1a,p1b\n|-damage|p1a: Aerodactyl|29/100\n|-damage|p1b: Rotom|43/100\n|-unboost|p2b: Kommo-o|def|1\n|move|p1a: Aerodactyl|Dual Wingbeat|p2b: Kommo-o|[miss]\n|-miss|p1a: Aerodactyl|p2b: Kommo-o\n|move|p1b: Rotom|Volt Switch|p2a: Scovillain\n|-resisted|p2a: Scovillain|1\n|-crit|p2a: Scovillain\n|-damage|p2a: Scovillain|73/100\n|\n|t:|1776258233\n|switch|p1b: Basculegion|Basculegion, L50, M|100/100|[from] Volt Switch\n|\n|-heal|p2b: Kommo-o|67/100|[from] item: Leftovers\n|upkeep\n|turn|3\n|inactive|qwe1l00 has 30 seconds left.\n|\n|t:|1776258266\n|detailschange|p2a: Scovillain|Scovillain-Mega, L50, M\n|-mega|p2a: Scovillain|Scovillain|Scovillainite\n|move|p2a: Scovillain|Rage Powder|p2a: Scovillain\n|-singleturn|p2a: Scovillain|move: Rage Powder\n|move|p2b: Kommo-o|Clanging Scales|p1b: Basculegion|[spread] p1a,p1b\n|-damage|p1a: Aerodactyl|0 fnt\n|-damage|p1b: Basculegion|39/100\n|faint|p1a: Aerodactyl\n|-unboost|p2b: Kommo-o|def|1\n|move|p1b: Basculegion|Wave Crash|p2a: Scovillain\n|-damage|p2a: Scovillain|11/100\n|-status|p1b: Basculegion|brn|[from] ability: Spicy Spray|[of] p2a: Scovillain\n|-damage|p1b: Basculegion|21/100 brn|[from] Recoil\n|\n|-heal|p2b: Kommo-o|73/100|[from] item: Leftovers\n|-damage|p1b: Basculegion|15/100 brn|[from] brn\n|upkeep\n|\n|t:|1776258283\n|switch|p1a: Scizor|Scizor, L50, M|100/100\n|turn|4\n|\n|t:|1776258304\n|switch|p2a: Gyarados|Gyarados, L50, M|100/100\n|-ability|p2a: Gyarados|Intimidate|boost\n|-unboost|p1a: Scizor|atk|1\n|-unboost|p1b: Basculegion|atk|1\n|detailschange|p1a: Scizor|Scizor-Mega, L50, M\n|-mega|p1a: Scizor|Scizor|Scizorite\n|move|p2b: Kommo-o|Aura Sphere|p1a: Scizor\n|-damage|p1a: Scizor|48/100\n|move|p1b: Basculegion|Wave Crash|p2a: Gyarados\n|-resisted|p2a: Gyarados|1\n|-damage|p2a: Gyarados|88/100\n|-damage|p1b: Basculegion|11/100 brn|[from] Recoil\n|move|p1a: Scizor|Swords Dance|p1a: Scizor\n|-boost|p1a: Scizor|atk|2\n|\n|-heal|p2b: Kommo-o|79/100|[from] item: Leftovers\n|-damage|p1b: Basculegion|5/100 brn|[from] brn\n|upkeep\n|turn|5\n|inactive|qwe1l00 has 30 seconds left.\n|inactive|Murphy's kitchen has 30 seconds left.\n|-message|qwe1l00 forfeited.\n|\n|win|Murphy's kitchen\n|raw|qwe1l00's rating: 1149 &rarr; <strong>1127</strong><br />(-22 for losing)\n|raw|Murphy&apos;s kitchen's rating: 1190 &rarr; <strong>1212</strong><br />(+22 for winning)\n|l|\u2606qwe1l00\n|player|p1|\n",
  "uploadtime": 1776258341,
  "views": 29,
  "formatid": "gen9championsvgc2026regma",
  "rating": 1127,
  "private": 0,
  "password": null
}