{
  "id": "gen9championsvgc2026regma-2587450178",
  "format": "[Gen 9 Champions] VGC 2026 Reg M-A",
  "players": [
    "blueyduey",
    "ShinyHoney1"
  ],
  "log": "|j|\u2606blueyduey\n|j|\u2606ShinyHoney1\n|t:|1776532831\n|gametype|doubles\n|player|p1|blueyduey|169|1015\n|player|p2|ShinyHoney1|winona|1038\n|gen|9\n|tier|[Gen 9 Champions] VGC 2026 Reg M-A\n|rated|\n|rule|Species Clause: Limit one of each Pok\u00e9mon\n|rule|Item Clause: Limit 1 of each item\n|clearpoke\n|poke|p1|Alakazam, L50, M|\n|poke|p1|Meowstic, L50, M|\n|poke|p1|Sneasler, L50, M|\n|poke|p1|Aerodactyl, L50, F|\n|poke|p1|Incineroar, L50, F|\n|poke|p1|Rotom-Wash, L50|\n|poke|p2|Charizard, L50, M, shiny|\n|poke|p2|Venusaur, L50, M, shiny|\n|poke|p2|Whimsicott, L50, M, shiny|\n|poke|p2|Milotic, L50, F, shiny|\n|poke|p2|Sneasler, L50, F, shiny|\n|poke|p2|Archaludon, L50, M, shiny|\n|teampreview|4\n|inactive|Battle timer is ON: inactive players will automatically lose when time's up. (requested by ShinyHoney1)\n|\n|t:|1776532879\n|teamsize|p1|4\n|teamsize|p2|4\n|start\n|switch|p1a: Aerodactyl|Aerodactyl, L50, F|100/100\n|switch|p1b: Sneasler|Sneasler, L50, M|100/100\n|switch|p2a: Charizard|Charizard, L50, M, shiny|100/100\n|switch|p2b: Sneasler|Sneasler, L50, F, shiny|100/100\n|-ability|p1a: Aerodactyl|Unnerve\n|turn|1\n|inactive|ShinyHoney1 has 30 seconds left.\n|\n|t:|1776532905\n|switch|p2b: Whimsicott|Whimsicott, L50, M, shiny|100/100\n|move|p1b: Sneasler|Fake Out|p2b: Whimsicott\n|-damage|p2b: Whimsicott|77/100\n|move|p1a: Aerodactyl|Tailwind|p1a: Aerodactyl\n|-sidestart|p1: blueyduey|move: Tailwind\n|move|p2a: Charizard|Dragon Dance|p2a: Charizard\n|-boost|p2a: Charizard|atk|1\n|-boost|p2a: Charizard|spe|1\n|\n|upkeep\n|turn|2\n|inactive|ShinyHoney1 has 30 seconds left.\n|\n|t:|1776532940\n|detailschange|p2a: Charizard|Charizard-Mega-X, L50, M, shiny\n|-mega|p2a: Charizard|Charizard|Charizardite X\n|move|p2b: Whimsicott|Tailwind|p2b: Whimsicott\n|-sidestart|p2: ShinyHoney1|move: Tailwind\n|move|p2a: Charizard|Dragon Claw|p1a: Aerodactyl\n|-enditem|p1a: Aerodactyl|Focus Sash\n|-damage|p1a: Aerodactyl|1/100\n|move|p1a: Aerodactyl|Rock Slide|p2b: Whimsicott|[spread] \n|-miss|p1a: Aerodactyl|p2a: Charizard\n|-miss|p1a: Aerodactyl|p2b: Whimsicott\n|move|p1b: Sneasler|Dire Claw|p2b: Whimsicott\n|-supereffective|p2b: Whimsicott|2\n|-damage|p2b: Whimsicott|0 fnt\n|faint|p2b: Whimsicott\n|\n|upkeep\n|c|\u2606blueyduey|nah\n|\n|t:|1776532953\n|switch|p2b: Sneasler|Sneasler, L50, F, shiny|100/100\n|turn|3\n|c|\u2606ShinyHoney1|what nah\n|\n|t:|1776532975\n|move|p2b: Sneasler|Fake Out|p1b: Sneasler\n|-damage|p1b: Sneasler|75/100\n|move|p2a: Charizard|Dragon Claw|p1a: Aerodactyl\n|-damage|p1a: Aerodactyl|0 fnt\n|faint|p1a: Aerodactyl\n|cant|p1b: Sneasler|flinch\n|\n|upkeep\n|c|\u2606ShinyHoney1|you are using rock slide\n|\n|t:|1776532983\n|switch|p1a: Meowstic|Meowstic, L50, M|100/100\n|turn|4\n|c|\u2606ShinyHoney1|you deserve to miss\n|\n|t:|1776533003\n|move|p1a: Meowstic|Fake Out|p2a: Charizard\n|-damage|p2a: Charizard|95/100\n|cant|p2a: Charizard|flinch\n|move|p2b: Sneasler|Coaching|p2a: Charizard\n|-boost|p2a: Charizard|atk|1\n|-boost|p2a: Charizard|def|1\n|move|p1b: Sneasler|Close Combat|p2a: Charizard\n|-damage|p2a: Charizard|56/100\n|-unboost|p1b: Sneasler|def|1\n|-unboost|p1b: Sneasler|spd|1\n|-enditem|p1b: Sneasler|White Herb\n|-clearnegativeboost|p1b: Sneasler|[silent]\n|\n|-sideend|p1: blueyduey|move: Tailwind\n|upkeep\n|turn|5\n|\n|t:|1776533018\n|move|p1b: Sneasler|Protect|p1b: Sneasler\n|-singleturn|p1b: Sneasler|Protect\n|move|p1a: Meowstic|Psychic Terrain|p1a: Meowstic\n|-fieldstart|move: Psychic Terrain\n|move|p2a: Charizard|Dragon Claw|p1a: Meowstic\n|-damage|p1a: Meowstic|0 fnt\n|faint|p1a: Meowstic\n|move|p2b: Sneasler|Coaching|p2a: Charizard\n|-boost|p2a: Charizard|atk|1\n|-boost|p2a: Charizard|def|1\n|\n|-sideend|p2: ShinyHoney1|move: Tailwind\n|upkeep\n|\n|t:|1776533025\n|switch|p1a: Alakazam|Alakazam, L50, M|100/100\n|turn|6\n|inactive|blueyduey has 30 seconds left.\n|\n|t:|1776533054\n|detailschange|p1a: Alakazam|Alakazam-Mega, L50, M\n|-mega|p1a: Alakazam|Alakazam|Alakazite\n|-ability|p1a: Alakazam|Tough Claws|Trace|[from] ability: Trace|[of] p2a: Charizard\n|move|p1b: Sneasler|Dire Claw|p2b: Sneasler\n|-resisted|p2b: Sneasler|1\n|-damage|p2b: Sneasler|64/100\n|move|p1a: Alakazam|Expanding Force|p2a: Charizard|[spread] p2a,p2b\n|-supereffective|p2b: Sneasler|2\n|-damage|p2a: Charizard|0 fnt\n|-damage|p2b: Sneasler|0 fnt\n|faint|p2a: Charizard\n|faint|p2b: Sneasler\n|\n|upkeep\n|\n|t:|1776533065\n|switch|p2b: Milotic|Milotic, L50, F, shiny|100/100\n|turn|7\n|c|\u2606blueyduey|get fucked\n|c|\u2606blueyduey|asshole\n|c|\u2606ShinyHoney1|and you lose 70% of games running that\n|inactive|ShinyHoney1 has 30 seconds left.\n|c|\u2606blueyduey|oh no\n|inactive|ShinyHoney1 has 20 seconds left.\n|inactive|ShinyHoney1 has 15 seconds left.\n|c|\u2606blueyduey|timmy tuff nuckles\n|inactive|ShinyHoney1 has 10 seconds left.\n|c|\u2606ShinyHoney1|poopy poop\n|inactive|ShinyHoney1 has 5 seconds left.\n|\n|t:|1776533118\n|move|p2b: Milotic|Protect|p2b: Milotic\n|-singleturn|p2b: Milotic|Protect\n|move|p1b: Sneasler|Dire Claw|p2b: Milotic\n|-activate|p2b: Milotic|move: Protect\n|move|p1a: Alakazam|Expanding Force|p2b: Milotic\n|-activate|p2b: Milotic|move: Protect\n|\n|upkeep\n|turn|8\n|inactive|ShinyHoney1 has 30 seconds left.\n|inactive|ShinyHoney1 has 20 seconds left.\n|inactive|ShinyHoney1 has 15 seconds left.\n|inactive|ShinyHoney1 has 10 seconds left.\n|c|\u2606blueyduey|good use of time\n|inactive|ShinyHoney1 has 5 seconds left.\n|c|\u2606blueyduey|btw\n|\n|t:|1776533172\n|move|p2b: Milotic|Protect||[still]\n|-fail|p2b: Milotic\n|move|p1b: Sneasler|Dire Claw|p2b: Milotic\n|-damage|p2b: Milotic|49/100\n|-status|p2b: Milotic|psn\n|move|p1a: Alakazam|Expanding Force|p2b: Milotic\n|-damage|p2b: Milotic|0 fnt\n|faint|p2b: Milotic\n|\n|win|blueyduey\n",
  "uploadtime": 1776533066,
  "views": 11,
  "formatid": "gen9championsvgc2026regma",
  "rating": null,
  "private": 0,
  "password": null
}