{
  "id": "gen9championsvgc2026regma-2580859171",
  "format": "[Gen 9 Champions] VGC 2026 Reg M-A",
  "players": [
    "airtest4",
    "bwahacough"
  ],
  "log": "|j|\u2606airtest4\n|j|\u2606bwahacough\n|t:|1775938340\n|gametype|doubles\n|player|p1|airtest4|2|1305\n|player|p2|bwahacough|102|1403\n|gen|9\n|tier|[Gen 9 Champions] VGC 2026 Reg M-A\n|rated|\n|rule|Species Clause: Limit one of each Pok\u00e9mon\n|rule|Item Clause: Limit 1 of each item\n|clearpoke\n|poke|p1|Pelipper, L50, F|\n|poke|p1|Archaludon, L50, F|\n|poke|p1|Basculegion, L50, M|\n|poke|p1|Manectric, L50, M|\n|poke|p1|Sneasler, L50, M|\n|poke|p1|Incineroar, L50, F|\n|poke|p2|Lycanroc, L50, M|\n|poke|p2|Tyranitar, L50, F|\n|poke|p2|Farigiraf, L50, M|\n|poke|p2|Meganium, L50, F|\n|poke|p2|Garchomp, L50, F|\n|poke|p2|Whimsicott, L50, F|\n|teampreview|4\n|inactive|Battle timer is ON: inactive players will automatically lose when time's up. (requested by bwahacough)\nbwahacough has agreed to open team sheets.\n|inactive|airtest4 has 60 seconds left.\nairtest4 has agreed to open team sheets.\n|showteam|p1|Pelipper||FocusSash|Drizzle|WeatherBall,Hurricane,WideGuard,Tailwind|||F|||50|]Archaludon||Leftovers|Stamina|AuraSphere,DracoMeteor,ElectroShot,Protect|||F|||50|]Basculegion||ChoiceScarf|Adaptability|WaveCrash,FlipTurn,AquaJet,LastRespects|||M|||50|]Manectric||Manectite|LightningRod|VoltSwitch,Overheat,Snarl,Protect|||M|||50|]Sneasler||WhiteHerb|Unburden|DireClaw,CloseCombat,Coaching,FakeOut|||M|||50|]Incineroar||SitrusBerry|Intimidate|ThroatChop,FlareBlitz,PartingShot,FakeOut|||F|||50|\n|showteam|p2|Lycanroc||FocusSash|SandRush|RockSlide,CloseCombat,Protect,PsychicFangs|||M|||50|]Tyranitar||ChopleBerry|SandStream|RockSlide,KnockOff,Protect,IcePunch|||F|||50|]Farigiraf||SitrusBerry|ArmorTail|Psychic,Imprison,Protect,TrickRoom|||M|||50|]Meganium||Meganiumite|Overgrow|SolarBeam,DazzlingGleam,WeatherBall,Protect|||F|||50|]Garchomp||BrightPowder|SandVeil|Earthquake,DragonClaw,Protect,SwordsDance|||F|||50|]Whimsicott||MentalHerb|Prankster|Moonblast,Tailwind,Encore,Protect|||F|||50|\n|inactive|airtest4 has 30 seconds left.\n|inactive|airtest4 has 20 seconds left.\n|inactive|airtest4 has 15 seconds left.\n|inactive|airtest4 has 10 seconds left.\n|\n|t:|1775938462\n|teamsize|p1|4\n|teamsize|p2|4\n|start\n|switch|p1a: Incineroar|Incineroar, L50, F|100/100\n|switch|p1b: Basculegion|Basculegion, L50, M|100/100\n|switch|p2a: Lycanroc|Lycanroc, L50, M|100/100\n|switch|p2b: Tyranitar|Tyranitar, L50, F|100/100\n|-weather|Sandstorm|[from] ability: Sand Stream|[of] p2b: Tyranitar\n|-ability|p1a: Incineroar|Intimidate|boost\n|-unboost|p2a: Lycanroc|atk|1\n|-unboost|p2b: Tyranitar|atk|1\n|turn|1\n|inactive|airtest4 has 30 seconds left.\n|inactive|airtest4 has 20 seconds left.\n|inactive|airtest4 has 15 seconds left.\n|inactive|airtest4 has 10 seconds left.\n|inactive|airtest4 has 5 seconds left.\n|j| VProfugus\n|\n|t:|1775938515\n|switch|p1a: Archaludon|Archaludon, L50, F|100/100\n|move|p2a: Lycanroc|Protect|p2a: Lycanroc\n|-singleturn|p2a: Lycanroc|Protect\n|move|p2b: Tyranitar|Protect|p2b: Tyranitar\n|-singleturn|p2b: Tyranitar|Protect\n|move|p1b: Basculegion|Aqua Jet|p2a: Lycanroc\n|-activate|p2a: Lycanroc|move: Protect\n|\n|-weather|Sandstorm|[upkeep]\n|-damage|p1b: Basculegion|94/100|[from] Sandstorm\n|upkeep\n|turn|2\n|inactive|airtest4 has 30 seconds left.\n|l| VProfugus\n|inactive|airtest4 has 20 seconds left.\n|inactive|airtest4 has 15 seconds left.\n|j| zane121\n|inactive|airtest4 has 10 seconds left.\n|\n|t:|1775938563\n|switch|p2a: Farigiraf|Farigiraf, L50, M, shiny|100/100\n|switch|p1b: Incineroar|Incineroar, L50, F|100/100\n|-ability|p1b: Incineroar|Intimidate|boost\n|-unboost|p2a: Farigiraf|atk|1\n|-unboost|p2b: Tyranitar|atk|1\n|move|p1a: Archaludon|Aura Sphere|p2a: Farigiraf\n|-damage|p2a: Farigiraf|73/100\n|move|p2b: Tyranitar|Knock Off|p1b: Incineroar\n|-resisted|p1b: Incineroar|1\n|-damage|p1b: Incineroar|89/100\n|-enditem|p1b: Incineroar|Sitrus Berry|[from] move: Knock Off|[of] p2b: Tyranitar\n|\n|-weather|Sandstorm|[upkeep]\n|-damage|p1b: Incineroar|83/100|[from] Sandstorm\n|-damage|p2a: Farigiraf|67/100|[from] Sandstorm\n|upkeep\n|turn|3\n|inactive|airtest4 has 30 seconds left.\n|\n|t:|1775938598\n|move|p2a: Farigiraf|Protect|p2a: Farigiraf\n|-singleturn|p2a: Farigiraf|Protect\n|move|p1a: Archaludon|Aura Sphere|p2b: Tyranitar\n|-supereffective|p2b: Tyranitar|2\n|-enditem|p2b: Tyranitar|Chople Berry|[eat]\n|-enditem|p2b: Tyranitar|Chople Berry|[weaken]\n|-damage|p2b: Tyranitar|69/100\n|move|p2b: Tyranitar|Knock Off|p1a: Archaludon\n|-damage|p1a: Archaludon|83/100\n|-ability|p1a: Archaludon|Stamina|boost\n|-boost|p1a: Archaludon|def|1\n|-enditem|p1a: Archaludon|Leftovers|[from] move: Knock Off|[of] p2b: Tyranitar\n|move|p1b: Incineroar|Throat Chop|p2a: Farigiraf\n|-activate|p2a: Farigiraf|move: Protect\n|\n|-weather|Sandstorm|[upkeep]\n|-damage|p1b: Incineroar|77/100|[from] Sandstorm\n|-damage|p2a: Farigiraf|61/100|[from] Sandstorm\n|upkeep\n|turn|4\n|j| Mega Delibird X\n|inactive|airtest4 has 30 seconds left.\n|inactive|airtest4 has 20 seconds left.\n|inactive|airtest4 has 15 seconds left.\n|inactive|airtest4 has 10 seconds left.\n|inactive|airtest4 has 5 seconds left.\n|\n|t:|1775938648\n|move|p1a: Archaludon|Aura Sphere|p2a: Farigiraf\n|-damage|p2a: Farigiraf|36/100\n|-enditem|p2a: Farigiraf|Sitrus Berry|[eat]\n|-heal|p2a: Farigiraf|61/100|[from] item: Sitrus Berry\n|move|p2b: Tyranitar|Rock Slide|p1b: Incineroar|[spread] p1a,p1b\n|-resisted|p1a: Archaludon|1\n|-supereffective|p1b: Incineroar|1\n|-damage|p1a: Archaludon|79/100\n|-damage|p1b: Incineroar|50/100\n|-ability|p1a: Archaludon|Stamina|boost\n|-boost|p1a: Archaludon|def|1\n|move|p1b: Incineroar|Throat Chop|p2a: Farigiraf\n|-supereffective|p2a: Farigiraf|1\n|-damage|p2a: Farigiraf|16/100\n|-start|p2a: Farigiraf|Throat Chop|[silent]\n|move|p2a: Farigiraf|Imprison|p2a: Farigiraf\n|-start|p2a: Farigiraf|move: Imprison\n|\n|-weather|Sandstorm|[upkeep]\n|-damage|p1b: Incineroar|44/100|[from] Sandstorm\n|-damage|p2a: Farigiraf|10/100|[from] Sandstorm\n|upkeep\n|turn|5\n|inactive|airtest4 has 30 seconds left.\n|inactive|airtest4 has 20 seconds left.\n|inactive|airtest4 has 15 seconds left.\n|inactive|airtest4 has 10 seconds left.\n|\n|t:|1775938696\n|switch|p2b: Meganium|Meganium, L50, F, shiny|100/100\n|move|p2a: Farigiraf|Protect|p2a: Farigiraf\n|-singleturn|p2a: Farigiraf|Protect\n|move|p1a: Archaludon|Aura Sphere|p2b: Meganium\n|-damage|p2b: Meganium|79/100\n|move|p1b: Incineroar|Flare Blitz|p2b: Meganium\n|-supereffective|p2b: Meganium|1\n|-damage|p2b: Meganium|2/100\n|-damage|p1b: Incineroar|20/100|[from] Recoil\n|\n|-weather|none\n|-end|p2a: Farigiraf|Throat Chop|[silent]\n|upkeep\n|turn|6\n|inactive|airtest4 has 30 seconds left.\n|inactive|airtest4 has 20 seconds left.\n|\n|t:|1775938735\n|detailschange|p2b: Meganium|Meganium-Mega, L50, F, shiny\n|-mega|p2b: Meganium|Meganium|Meganiumite\n|move|p2a: Farigiraf|Protect|p2a: Farigiraf\n|-singleturn|p2a: Farigiraf|Protect\n|move|p1a: Archaludon|Aura Sphere|p2a: Farigiraf\n|-activate|p2a: Farigiraf|move: Protect\n|move|p2b: Meganium|Dazzling Gleam|p1a: Archaludon|[spread] p1a,p1b\n|-damage|p1a: Archaludon|46/100\n|-damage|p1b: Incineroar|0 fnt\n|-ability|p1a: Archaludon|Stamina|boost\n|-boost|p1a: Archaludon|def|1\n|faint|p1b: Incineroar\n|\n|upkeep\n|\n|t:|1775938750\n|switch|p1b: Basculegion|Basculegion, L50, M|94/100\n|turn|7\n|inactive|airtest4 has 30 seconds left.\n|inactive|airtest4 has 20 seconds left.\n|inactive|airtest4 has 15 seconds left.\n|\n|t:|1775938791\n|move|p2a: Farigiraf|Protect||[still]\n|-fail|p2a: Farigiraf\n|move|p1b: Basculegion|Flip Turn|p2a: Farigiraf\n|-damage|p2a: Farigiraf|0 fnt\n|faint|p2a: Farigiraf\n|\n|t:|1775938798\n|switch|p1b: Sneasler|Sneasler, L50, M|100/100|[from] Flip Turn\n|move|p1a: Archaludon|Aura Sphere|p2b: Meganium\n|-resisted|p2b: Meganium|1\n|-damage|p2b: Meganium|0 fnt\n|faint|p2b: Meganium\n|\n|upkeep\n|\n|t:|1775938800\n|switch|p2b: Lycanroc|Lycanroc, L50, M|100/100\n|switch|p2a: Tyranitar|Tyranitar, L50, F|69/100\n|-weather|Sandstorm|[from] ability: Sand Stream|[of] p2a: Tyranitar\n|turn|8\n|inactive|airtest4 has 30 seconds left.\n|\n|t:|1775938830\n|switch|p1b: Basculegion|Basculegion, L50, M|94/100\n|move|p2b: Lycanroc|Protect|p2b: Lycanroc\n|-singleturn|p2b: Lycanroc|Protect\n|move|p2a: Tyranitar|Protect|p2a: Tyranitar\n|-singleturn|p2a: Tyranitar|Protect\n|move|p1a: Archaludon|Aura Sphere|p2a: Tyranitar\n|-activate|p2a: Tyranitar|move: Protect\n|\n|-weather|Sandstorm|[upkeep]\n|-damage|p1b: Basculegion|88/100|[from] Sandstorm\n|upkeep\n|turn|9\n|\n|t:|1775938853\n|move|p1b: Basculegion|Aqua Jet|p2b: Lycanroc\n|-supereffective|p2b: Lycanroc|1\n|-damage|p2b: Lycanroc|10/100\n|move|p2b: Lycanroc|Close Combat|p1a: Archaludon\n|-supereffective|p1a: Archaludon|1\n|-damage|p1a: Archaludon|20/100\n|-unboost|p2b: Lycanroc|def|1\n|-unboost|p2b: Lycanroc|spd|1\n|-ability|p1a: Archaludon|Stamina|boost\n|-boost|p1a: Archaludon|def|1\n|move|p1a: Archaludon|Aura Sphere|p2b: Lycanroc\n|-supereffective|p2b: Lycanroc|1\n|-damage|p2b: Lycanroc|0 fnt\n|faint|p2b: Lycanroc\n|move|p2a: Tyranitar|Knock Off|p1b: Basculegion\n|-supereffective|p1b: Basculegion|1\n|-damage|p1b: Basculegion|0 fnt\n|-enditem|p1b: Basculegion|Choice Scarf|[from] move: Knock Off|[of] p2a: Tyranitar\n|faint|p1b: Basculegion\n|\n|-weather|Sandstorm|[upkeep]\n|upkeep\n|\n|t:|1775938869\n|switch|p1b: Sneasler|Sneasler, L50, M|100/100\n|turn|10\n|-message|bwahacough forfeited.\n|\n|win|airtest4\n|raw|airtest4's rating: 1305 &rarr; <strong>1331</strong><br />(+26 for winning)\n|raw|bwahacough's rating: 1405 &rarr; <strong>1379</strong><br />(-26 for losing)\n|l|\u2606bwahacough\n|player|p2|\n|l| Mega Delibird X\n",
  "uploadtime": 1775938882,
  "views": 95,
  "formatid": "gen9championsvgc2026regma",
  "rating": 1331,
  "private": 0,
  "password": null
}