{
  "id": "gen9championsvgc2026regma-2586500117",
  "format": "[Gen 9 Champions] VGC 2026 Reg M-A",
  "players": [
    "IdealZekrm",
    "Loplerait"
  ],
  "log": "|j|\u2606IdealZekrm\n|j|\u2606Loplerait\n|t:|1776438953\n|gametype|doubles\n|player|p1|IdealZekrm|red-masters|1000\n|player|p2|Loplerait|cyrus|1000\n|gen|9\n|tier|[Gen 9 Champions] VGC 2026 Reg M-A\n|rated|\n|rule|Species Clause: Limit one of each Pok\u00e9mon\n|rule|Item Clause: Limit 1 of each item\n|clearpoke\n|poke|p1|Charizard, L50, F|\n|poke|p1|Venusaur, L50, F|\n|poke|p1|Pelipper, L50, F|\n|poke|p1|Sinistcha-Masterpiece, L50|\n|poke|p1|Torkoal, L50, F|\n|poke|p1|Incineroar, L50, F|\n|poke|p2|Basculegion, L50, M|\n|poke|p2|Archaludon, L50, M|\n|poke|p2|Sneasler, L50, M|\n|poke|p2|Torterra, L50, F|\n|poke|p2|Chandelure, L50, F|\n|poke|p2|Zoroark-Hisui, L50, M|\n|teampreview|4\n|l|\u2606Loplerait\n|player|p2|\nIdealZekrm rejected open team sheets.\n|j|\u2606Loplerait\n|player|p2|Loplerait|cyrus|\n|inactive|Battle timer is ON: inactive players will automatically lose when time's up. (requested by IdealZekrm)\n|\n|t:|1776439018\n|teamsize|p1|4\n|teamsize|p2|4\n|start\n|switch|p1a: Charizard|Charizard, L50, F, shiny|100/100\n|switch|p1b: Torkoal|Torkoal, L50, F|100/100\n|switch|p2a: Lumiere|Chandelure, L50, F, shiny|100/100\n|switch|p2b: San Francisco|Archaludon, L50, M|100/100\n|-weather|SunnyDay|[from] ability: Drought|[of] p1b: Torkoal\n|turn|1\n|inactive|Loplerait has 30 seconds left.\n|inactive|Loplerait has 20 seconds left.\n|inactive|Loplerait has 15 seconds left.\n|\n|t:|1776439064\n|detailschange|p1a: Charizard|Charizard-Mega-Y, L50, F, shiny\n|-mega|p1a: Charizard|Charizard|Charizardite Y\n|detailschange|p2a: Lumiere|Chandelure-Mega, L50, F, shiny\n|-mega|p2a: Lumiere|Chandelure|Chandelurite\n|move|p2a: Lumiere|Shadow Ball|p1b: Torkoal\n|-damage|p1b: Torkoal|21/100\n|move|p1a: Charizard|Heat Wave|p2b: San Francisco|[spread] p2a,p2b\n|-resisted|p2a: Lumiere|1\n|-damage|p2a: Lumiere|55/100\n|-damage|p2b: San Francisco|0 fnt\n|faint|p2b: San Francisco\n|move|p1b: Torkoal|Earth Power|p2a: Lumiere\n|-supereffective|p2a: Lumiere|1\n|-damage|p2a: Lumiere|3/100\n|\n|-weather|SunnyDay|[upkeep]\n|upkeep\n|\n|t:|1776439080\n|switch|p2b: Manicuri|Sneasler, L50, M|100/100\n|turn|2\n|\n|t:|1776439098\n|switch|p1a: Pelipper|Pelipper, L50, F|100/100\n|-weather|RainDance|[from] ability: Drizzle|[of] p1a: Pelipper\n|move|p1b: Torkoal|Protect|p1b: Torkoal\n|-singleturn|p1b: Torkoal|Protect\n|move|p2b: Manicuri|Dire Claw|p1a: Pelipper\n|-damage|p1a: Pelipper|44/100\n|move|p2a: Lumiere|Shadow Ball|p1a: Pelipper\n|-damage|p1a: Pelipper|0 fnt\n|faint|p1a: Pelipper\n|\n|-weather|RainDance|[upkeep]\n|upkeep\n|\n|t:|1776439115\n|switch|p1a: Charizard|Charizard-Mega-Y, L50, F, shiny|100/100\n|-weather|SunnyDay|[from] ability: Drought|[of] p1a: Charizard\n|turn|3\n|\n|t:|1776439129\n|move|p2b: Manicuri|Dire Claw|p1a: Charizard\n|-damage|p1a: Charizard|36/100\n|-status|p1a: Charizard|psn\n|move|p2a: Lumiere|Shadow Ball|p1b: Torkoal\n|-damage|p1b: Torkoal|0 fnt\n|faint|p1b: Torkoal\n|move|p1a: Charizard|Heat Wave|p2b: Manicuri|[spread] p2a,p2b\n|-resisted|p2a: Lumiere|1\n|-damage|p2a: Lumiere|0 fnt\n|-damage|p2b: Manicuri|6/100\n|faint|p2a: Lumiere\n|\n|-weather|SunnyDay|[upkeep]\n|-damage|p1a: Charizard|24/100 psn|[from] psn\n|upkeep\n|\n|t:|1776439147\n|switch|p2a: Manicuri|Sneasler, L50, M|100/100\n|switch|p1b: Sinistcha|Sinistcha-Masterpiece, L50|100/100\n|-heal|p1a: Charizard|48/100 psn|[from] ability: Hospitality|[of] p1b: Sinistcha\n|turn|4\n|inactive|Loplerait has 30 seconds left.\n|\n|t:|1776439172\n|move|p1b: Sinistcha|Protect|p1b: Sinistcha\n|-singleturn|p1b: Sinistcha|Protect\n|move|p2b: Manicuri|Dire Claw|p1a: Charizard\n|-damage|p1a: Charizard|0 fnt\n|faint|p1a: Charizard\n|move|p2a: Manicuri|Flamethrower|p1b: Sinistcha\n|-activate|p1b: Sinistcha|move: Protect\n|\n|-weather|SunnyDay|[upkeep]\n|upkeep\n|turn|5\n|\n|t:|1776439188\n|move|p2b: Manicuri|Dire Claw|p1b: Sinistcha\n|-damage|p1b: Sinistcha|67/100\n|move|p2a: Manicuri|Flamethrower|p1b: Sinistcha\n|-supereffective|p1b: Sinistcha|1\n|-damage|p1b: Sinistcha|0 fnt\n|faint|p1b: Sinistcha\n|\n|win|Loplerait\n|raw|IdealZekrm's rating: 1000 &rarr; <strong>1000</strong><br />(+0 for losing)\n|raw|Loplerait's rating: 1000 &rarr; <strong>1040</strong><br />(+40 for winning)\n|l|\u2606IdealZekrm\n|player|p1|\n",
  "uploadtime": 1776439207,
  "views": 21,
  "formatid": "gen9championsvgc2026regma",
  "rating": 1000,
  "private": 0,
  "password": null
}