{
  "id": "gen9championsvgc2026regma-2582679984",
  "format": "[Gen 9 Champions] VGC 2026 Reg M-A",
  "players": [
    "Tryranitart",
    "scrambledegg6"
  ],
  "log": "|j|\u2606Tryranitart\n|j|\u2606scrambledegg6\n|t:|1776106837\n|gametype|doubles\n|player|p1|Tryranitart|ghetsis-gen5bw|1086\n|player|p2|scrambledegg6|lance|1078\n|gen|9\n|tier|[Gen 9 Champions] VGC 2026 Reg M-A\n|rated|\n|rule|Species Clause: Limit one of each Pok\u00e9mon\n|rule|Item Clause: Limit 1 of each item\n|clearpoke\n|poke|p1|Sneasler, L50, M|\n|poke|p1|Meowstic, L50, M|\n|poke|p1|Garchomp, L50, F|\n|poke|p1|Pelipper, L50, F|\n|poke|p1|Incineroar, L50, M|\n|poke|p1|Dragonite, L50, M|\n|poke|p2|Aerodactyl, L50, F|\n|poke|p2|Sneasler, L50, F|\n|poke|p2|Floette-Eternal, L50, F|\n|poke|p2|Kingambit, L50, F|\n|poke|p2|Maushold-Four, L50|\n|poke|p2|Basculegion, L50, M|\n|teampreview|4\n|inactive|Battle timer is ON: inactive players will automatically lose when time's up. (requested by scrambledegg6)\nscrambledegg6 has agreed to open team sheets.\n|inactive|Tryranitart has 60 seconds left.\n|\n|t:|1776106872\n|teamsize|p1|4\n|teamsize|p2|4\n|start\n|switch|p1a: Garchomp|Garchomp, L50, F|100/100\n|switch|p1b: Meowstic|Meowstic, L50, M|100/100\n|switch|p2a: Aerodactyl|Aerodactyl, L50, F, shiny|100/100\n|switch|p2b: Sneasler|Sneasler, L50, F|100/100\n|-ability|p2a: Aerodactyl|Unnerve\n|turn|1\n|inactive|Tryranitart has 30 seconds left.\n|\n|t:|1776106899\n|move|p2b: Sneasler|Protect|p2b: Sneasler\n|-singleturn|p2b: Sneasler|Protect\n|move|p1b: Meowstic|Thunder Wave|p2b: Sneasler\n|-activate|p2b: Sneasler|move: Protect\n|move|p2a: Aerodactyl|Tailwind|p2a: Aerodactyl\n|-sidestart|p2: scrambledegg6|move: Tailwind\n|move|p1a: Garchomp|Iron Head|p2a: Aerodactyl\n|-supereffective|p2a: Aerodactyl|1\n|-damage|p2a: Aerodactyl|5/100\n|\n|upkeep\n|turn|2\n|inactive|scrambledegg6 has 30 seconds left.\n|\n|t:|1776106929\n|switch|p1b: Sneasler|Sneasler, L50, M|100/100\n|move|p1a: Garchomp|Protect|p1a: Garchomp\n|-singleturn|p1a: Garchomp|Protect\n|move|p2a: Aerodactyl|Rock Slide|p1a: Garchomp|[spread] p1b\n|-activate|p1a: Garchomp|move: Protect\n|-resisted|p1b: Sneasler|1\n|-damage|p1b: Sneasler|79/100\n|move|p2b: Sneasler|Close Combat|p1a: Garchomp\n|-activate|p1a: Garchomp|move: Protect\n|\n|upkeep\n|turn|3\n|\n|t:|1776106947\n|move|p2a: Aerodactyl|Protect|p2a: Aerodactyl\n|-singleturn|p2a: Aerodactyl|Protect\n|move|p2b: Sneasler|Protect|p2b: Sneasler\n|-singleturn|p2b: Sneasler|Protect\n|move|p1b: Sneasler|Protect|p1b: Sneasler\n|-singleturn|p1b: Sneasler|Protect\n|move|p1a: Garchomp|Earthquake|p2b: Sneasler|[spread] \n|-activate|p1b: Sneasler|move: Protect\n|-activate|p2a: Aerodactyl|move: Protect\n|-activate|p2b: Sneasler|move: Protect\n|\n|upkeep\n|turn|4\n|\n|t:|1776106969\n|move|p2a: Aerodactyl|Dual Wingbeat|p1b: Sneasler\n|-supereffective|p1b: Sneasler|1\n|-damage|p1b: Sneasler|16/100\n|-supereffective|p1b: Sneasler|1\n|-damage|p1b: Sneasler|0 fnt\n|faint|p1b: Sneasler\n|-hitcount|p1: Sneasler|2\n|move|p2b: Sneasler|Close Combat|p1a: Garchomp\n|-damage|p1a: Garchomp|40/100\n|-unboost|p2b: Sneasler|def|1\n|-unboost|p2b: Sneasler|spd|1\n|-damage|p2b: Sneasler|88/100|[from] ability: Rough Skin|[of] p1a: Garchomp\n|-enditem|p2b: Sneasler|White Herb\n|-clearnegativeboost|p2b: Sneasler|[silent]\n|move|p1a: Garchomp|Dragon Claw|p2b: Sneasler\n|-damage|p2b: Sneasler|20/100\n|\n|-sideend|p2: scrambledegg6|move: Tailwind\n|upkeep\n|\n|t:|1776106986\n|switch|p1b: Incineroar|Incineroar, L50, M|100/100\n|-ability|p1b: Incineroar|Intimidate|boost\n|-unboost|p2a: Aerodactyl|atk|1\n|-unboost|p2b: Sneasler|atk|1\n|turn|5\n|inactive|Tryranitart has 30 seconds left.\n|\n|t:|1776107020\n|move|p2b: Sneasler|Protect|p2b: Sneasler\n|-singleturn|p2b: Sneasler|Protect\n|move|p2a: Aerodactyl|Protect|p2a: Aerodactyl\n|-singleturn|p2a: Aerodactyl|Protect\n|move|p1b: Incineroar|Fake Out|p2b: Sneasler\n|-activate|p2b: Sneasler|move: Protect\n|move|p1a: Garchomp|Iron Head|p2a: Aerodactyl\n|-activate|p2a: Aerodactyl|move: Protect\n|\n|upkeep\n|turn|6\n|\n|t:|1776107040\n|move|p2b: Sneasler|Close Combat|p1b: Incineroar\n|-supereffective|p1b: Incineroar|1\n|-damage|p1b: Incineroar|16/100\n|-unboost|p2b: Sneasler|def|1\n|-unboost|p2b: Sneasler|spd|1\n|move|p2a: Aerodactyl|Tailwind|p2a: Aerodactyl\n|-sidestart|p2: scrambledegg6|move: Tailwind\n|move|p1a: Garchomp|Earthquake|p2a: Aerodactyl|[spread] p1b,p2b\n|-immune|p2a: Aerodactyl\n|-supereffective|p1b: Incineroar|1\n|-supereffective|p2b: Sneasler|1\n|-damage|p1b: Incineroar|0 fnt\n|-damage|p2b: Sneasler|0 fnt\n|faint|p1b: Incineroar\n|faint|p2b: Sneasler\n|\n|upkeep\n|\n|t:|1776107054\n|switch|p2b: Floette|Floette-Eternal, L50, F|100/100\n|switch|p1b: Meowstic|Meowstic, L50, M|100/100\n|turn|7\n|inactive|scrambledegg6 has 30 seconds left.\n|\n|t:|1776107080\n|detailschange|p2b: Floette|Floette-Mega, L50, F\n|-mega|p2b: Floette|Floette|Floettite\n|-ability|p2b: Floette|Fairy Aura\n|move|p1b: Meowstic|Thunder Wave|p2b: Floette|[miss]\n|-miss|p1b: Meowstic|p2b: Floette\n|move|p2a: Aerodactyl|Dual Wingbeat|p1b: Meowstic\n|-crit|p1b: Meowstic\n|-damage|p1b: Meowstic|69/100\n|-damage|p1b: Meowstic|54/100\n|-hitcount|p1b: Meowstic|2\n|move|p2b: Floette|Dazzling Gleam|p1b: Meowstic|[spread] p1a,p1b\n|-supereffective|p1a: Garchomp|1\n|-damage|p1a: Garchomp|0 fnt\n|-damage|p1b: Meowstic|9/100\n|faint|p1a: Garchomp\n|\n|upkeep\n|turn|8\n|-message|Tryranitart forfeited.\n|\n|win|scrambledegg6\n|raw|Tryranitart's rating: 1086 &rarr; <strong>1063</strong><br />(-23 for losing)\n|raw|scrambledegg6's rating: 1078 &rarr; <strong>1107</strong><br />(+29 for winning)\n",
  "uploadtime": 1776107093,
  "views": 10,
  "formatid": "gen9championsvgc2026regma",
  "rating": 1063,
  "private": 0,
  "password": null
}