{
  "id": "gen9championsvgc2026regma-2582022942",
  "format": "[Gen 9 Champions] VGC 2026 Reg M-A",
  "players": [
    "DMAngel",
    "Gaby Glytxii"
  ],
  "log": "|j|\u2606DMAngel\n|j|\u2606Gaby Glytxii\n|t:|1776049265\n|gametype|doubles\n|player|p1|DMAngel|ginchiyo-conquest|1137\n|player|p2|Gaby Glytxii|265|1167\n|gen|9\n|tier|[Gen 9 Champions] VGC 2026 Reg M-A\n|rated|\n|rule|Species Clause: Limit one of each Pok\u00e9mon\n|rule|Item Clause: Limit 1 of each item\n|clearpoke\n|poke|p1|Dragonite, L50, M|\n|poke|p1|Dragapult, L50, M|\n|poke|p1|Goodra-Hisui, L50, F|\n|poke|p1|Kommo-o, L50, M|\n|poke|p1|Noivern, L50, M|\n|poke|p1|Garchomp, L50, M|\n|poke|p2|Tyranitar, L50, M|\n|poke|p2|Spiritomb, L50, F|\n|poke|p2|Tsareena, L50, F|\n|poke|p2|Goodra-Hisui, L50, F|\n|poke|p2|Empoleon, L50, F|\n|poke|p2|Hippowdon, L50, F|\n|teampreview|4\n|\n|t:|1776049306\n|teamsize|p1|4\n|teamsize|p2|4\n|start\n|switch|p1a: Goodra|Goodra-Hisui, L50, F|100/100\n|switch|p1b: Kommo-o|Kommo-o, L50, M|100/100\n|switch|p2a: Spiritomb|Spiritomb, L50, F|100/100\n|switch|p2b: Hippowdon|Hippowdon, L50, F, shiny|100/100\n|turn|1\n|\n|t:|1776049322\n|move|p1b: Kommo-o|Clangorous Soul|p1b: Kommo-o\n|-boost|p1b: Kommo-o|atk|1\n|-boost|p1b: Kommo-o|def|1\n|-boost|p1b: Kommo-o|spa|1\n|-boost|p1b: Kommo-o|spd|1\n|-boost|p1b: Kommo-o|spe|1\n|-damage|p1b: Kommo-o|68/100\n|move|p1a: Goodra|Rain Dance|p1a: Goodra\n|-weather|RainDance\n|move|p2b: Hippowdon|Curse|p2b: Hippowdon\n|-unboost|p2b: Hippowdon|spe|1\n|-boost|p2b: Hippowdon|atk|1\n|-boost|p2b: Hippowdon|def|1\n|move|p2a: Spiritomb|Trick Room|p2a: Spiritomb\n|-fieldstart|move: Trick Room|[of] p2a: Spiritomb\n|\n|-weather|RainDance|[upkeep]\n|upkeep\n|turn|2\n|\n|t:|1776049340\n|move|p2b: Hippowdon|Earthquake|p1a: Goodra|[spread] p2a,p1a,p1b\n|-supereffective|p1a: Goodra|1\n|-crit|p1a: Goodra\n|-damage|p2a: Spiritomb|39/100\n|-damage|p1a: Goodra|0 fnt\n|-damage|p1b: Kommo-o|36/100\n|-enditem|p1b: Kommo-o|Sitrus Berry|[eat]\n|-heal|p1b: Kommo-o|60/100|[from] item: Sitrus Berry\n|faint|p1a: Goodra\n|move|p2a: Spiritomb|Psychic|p1b: Kommo-o\n|-supereffective|p1b: Kommo-o|1\n|-damage|p1b: Kommo-o|32/100\n|move|p1b: Kommo-o|Clanging Scales|p2b: Hippowdon|[spread] p2a,p2b\n|-damage|p2a: Spiritomb|0 fnt\n|-damage|p2b: Hippowdon|50/100\n|faint|p2a: Spiritomb\n|-unboost|p1b: Kommo-o|def|1\n|\n|-weather|RainDance|[upkeep]\n|upkeep\n|\n|t:|1776049355\n|switch|p2a: Tyranitar|Tyranitar, L50, M|100/100\n|switch|p1a: Dragonite|Dragonite, L50, M|100/100\n|-weather|Sandstorm|[from] ability: Sand Stream|[of] p2a: Tyranitar\n|turn|3\n|\n|t:|1776049369\n|detailschange|p2a: Tyranitar|Tyranitar-Mega, L50, M\n|-mega|p2a: Tyranitar|Tyranitar|Tyranitarite\n|detailschange|p1a: Dragonite|Dragonite-Mega, L50, M\n|-mega|p1a: Dragonite|Dragonite|Dragoninite\n|move|p2b: Hippowdon|Rock Slide|p1b: Kommo-o|[spread] p1a,p1b\n|-supereffective|p1a: Dragonite|1\n|-resisted|p1b: Kommo-o|1\n|-damage|p1a: Dragonite|65/100\n|-damage|p1b: Kommo-o|17/100\n|move|p2a: Tyranitar|Rock Slide|p1a: Dragonite|[spread] \n|-miss|p2a: Tyranitar|p1a: Dragonite\n|-miss|p2a: Tyranitar|p1b: Kommo-o\n|move|p1a: Dragonite|Hurricane|p2b: Hippowdon\n|-damage|p2b: Hippowdon|0 fnt\n|faint|p2b: Hippowdon\n|cant|p1b: Kommo-o|flinch\n|\n|-weather|Sandstorm|[upkeep]\n|-damage|p1a: Dragonite|59/100|[from] Sandstorm\n|-damage|p1b: Kommo-o|11/100|[from] Sandstorm\n|upkeep\n|\n|t:|1776049381\n|switch|p2b: Goodra|Goodra-Hisui, L50, F|100/100\n|turn|4\n|\n|t:|1776049391\n|move|p2b: Goodra|Ice Beam|p1b: Kommo-o\n|-supereffective|p1b: Kommo-o|1\n|-damage|p1b: Kommo-o|0 fnt\n|faint|p1b: Kommo-o\n|move|p2a: Tyranitar|Ice Punch|p1a: Dragonite\n|-supereffective|p1a: Dragonite|2\n|-damage|p1a: Dragonite|0 fnt\n|faint|p1a: Dragonite\n|\n|-weather|Sandstorm|[upkeep]\n|upkeep\n|\n|t:|1776049397\n|switch|p1b: Garchomp|Garchomp, L50, M|100/100\n|turn|5\n|\n|t:|1776049402\n|move|p2b: Goodra|Ice Beam|p1b: Garchomp\n|-supereffective|p1b: Garchomp|2\n|-damage|p1b: Garchomp|0 fnt\n|faint|p1b: Garchomp\n|\n|win|Gaby Glytxii\n|raw|DMAngel's rating: 1137 &rarr; <strong>1114</strong><br />(-23 for losing)\n|raw|Gaby Glytxii's rating: 1167 &rarr; <strong>1190</strong><br />(+23 for winning)\n|l|\u2606DMAngel\n|player|p1|\n",
  "uploadtime": 1776049407,
  "views": 16,
  "formatid": "gen9championsvgc2026regma",
  "rating": 1114,
  "private": 0,
  "password": null
}