{
  "id": "gen9championsvgc2026regma-2583745726",
  "format": "[Gen 9 Champions] VGC 2026 Reg M-A",
  "players": [
    "RodrigoElMarino",
    "chichinitz"
  ],
  "log": "|j|\u2606RodrigoElMarino\n|j|\u2606chichinitz\n|t:|1776194849\n|gametype|doubles\n|player|p1|RodrigoElMarino|veteran|1127\n|player|p2|chichinitz|psychic-gen4|1105\n|gen|9\n|tier|[Gen 9 Champions] VGC 2026 Reg M-A\n|rated|\n|rule|Species Clause: Limit one of each Pok\u00e9mon\n|rule|Item Clause: Limit 1 of each item\n|clearpoke\n|poke|p1|Charizard, L50, M|\n|poke|p1|Sneasler, L50, M|\n|poke|p1|Garchomp, L50, M|\n|poke|p1|Basculegion, L50, M|\n|poke|p1|Incineroar, L50, F|\n|poke|p1|Venusaur, L50, M|\n|poke|p2|Meganium, L50, F|\n|poke|p2|Pelipper, L50, M|\n|poke|p2|Basculegion, L50, M|\n|poke|p2|Archaludon, L50, F|\n|poke|p2|Aerodactyl, L50, M|\n|poke|p2|Kangaskhan, L50, F|\n|teampreview|4\n|inactive|Battle timer is ON: inactive players will automatically lose when time's up. (requested by RodrigoElMarino)\n|\n|t:|1776194878\n|teamsize|p1|4\n|teamsize|p2|4\n|start\n|switch|p1a: Sneasler|Sneasler, L50, M|100/100\n|switch|p1b: Incineroar|Incineroar, L50, F|100/100\n|switch|p2a: Aerodactyl|Aerodactyl, L50, M|100/100\n|switch|p2b: Kangaskhan|Kangaskhan, L50, F|100/100\n|-ability|p2a: Aerodactyl|Unnerve\n|-ability|p1b: Incineroar|Intimidate|boost\n|-unboost|p2a: Aerodactyl|atk|1\n|-fail|p2b: Kangaskhan|unboost|Attack|[from] ability: Inner Focus|[of] p2b: Kangaskhan\n|turn|1\n|inactive|chichinitz has 30 seconds left.\n|\n|t:|1776194903\n|detailschange|p2b: Kangaskhan|Kangaskhan-Mega, L50, F\n|-mega|p2b: Kangaskhan|Kangaskhan|Kangaskhanite\n|move|p2b: Kangaskhan|Fake Out|p1b: Incineroar\n|-damage|p1b: Incineroar|80/100\n|-damage|p1b: Incineroar|75/100\n|-hitcount|p1b: Incineroar|2\n|cant|p1b: Incineroar|flinch\n|move|p2a: Aerodactyl|Tailwind|p2a: Aerodactyl\n|-sidestart|p2: chichinitz|move: Tailwind\n|move|p1a: Sneasler|Rock Slide|p2a: Aerodactyl|[spread] p2a,p2b\n|-supereffective|p2a: Aerodactyl|1\n|-damage|p2a: Aerodactyl|33/100\n|-damage|p2b: Kangaskhan|77/100\n|\n|upkeep\n|turn|2\n|inactive|chichinitz has 30 seconds left.\n|\n|t:|1776194932\n|move|p1a: Sneasler|Protect|p1a: Sneasler\n|-singleturn|p1a: Sneasler|Protect\n|move|p1b: Incineroar|Protect|p1b: Incineroar\n|-singleturn|p1b: Incineroar|Protect\n|move|p2a: Aerodactyl|Dual Wingbeat|p1a: Sneasler\n|-activate|p1a: Sneasler|move: Protect\n|move|p2b: Kangaskhan|Double-Edge|p1b: Incineroar\n|-activate|p1b: Incineroar|move: Protect\n|\n|upkeep\n|turn|3\n|inactive|chichinitz has 30 seconds left.\n|\n|t:|1776194958\n|switch|p1a: Garchomp|Garchomp, L50, M|100/100\n|move|p2a: Aerodactyl|Dual Wingbeat|p1a: Garchomp|[miss]\n|-miss|p2a: Aerodactyl|p1a: Garchomp\n|move|p2b: Kangaskhan|Double-Edge|p1a: Garchomp\n|-damage|p1a: Garchomp|35/100\n|-damage|p2b: Kangaskhan|65/100|[from] ability: Rough Skin|[of] p1a: Garchomp\n|-damage|p1a: Garchomp|19/100\n|-damage|p2b: Kangaskhan|53/100|[from] ability: Rough Skin|[of] p1a: Garchomp\n|-hitcount|p1a: Garchomp|2\n|-damage|p2b: Kangaskhan|26/100|[from] Recoil\n|move|p1b: Incineroar|Parting Shot|p2b: Kangaskhan\n|-unboost|p2b: Kangaskhan|atk|1\n|-unboost|p2b: Kangaskhan|spa|1\n|\n|t:|1776194980\n|switch|p1b: Sneasler|Sneasler, L50, M|100/100|[from] Parting Shot\n|\n|upkeep\n|turn|4\n|inactive|chichinitz has 30 seconds left.\n|inactive|chichinitz has 20 seconds left.\n|\n|t:|1776195015\n|move|p2a: Aerodactyl|Protect|p2a: Aerodactyl\n|-singleturn|p2a: Aerodactyl|Protect\n|move|p1b: Sneasler|Protect|p1b: Sneasler\n|-singleturn|p1b: Sneasler|Protect\n|move|p1a: Garchomp|Protect|p1a: Garchomp\n|-singleturn|p1a: Garchomp|Protect\n|move|p2b: Kangaskhan|Double-Edge|p1b: Sneasler\n|-activate|p1b: Sneasler|move: Protect\n|\n|-sideend|p2: chichinitz|move: Tailwind\n|upkeep\n|turn|5\n|\n|t:|1776195039\n|move|p2a: Aerodactyl|Tailwind|p2a: Aerodactyl\n|-sidestart|p2: chichinitz|move: Tailwind\n|move|p2b: Kangaskhan|Double-Edge|p1b: Sneasler\n|-damage|p1b: Sneasler|24/100\n|-damage|p1b: Sneasler|7/100\n|-hitcount|p1b: Sneasler|2\n|-damage|p2b: Kangaskhan|0 fnt|[from] Recoil\n|faint|p2b: Kangaskhan\n|move|p1b: Sneasler|Dire Claw|p2a: Aerodactyl\n|-resisted|p2a: Aerodactyl|1\n|-damage|p2a: Aerodactyl|0 fnt\n|faint|p2a: Aerodactyl\n|move|p1a: Garchomp|Rock Slide|p2: Aerodactyl|[notarget]\n|-fail|p1a: Garchomp\n|\n|upkeep\n|\n|t:|1776195051\n|switch|p2a: Pelipper|Pelipper, L50, M|100/100\n|switch|p2b: Basculegion|Basculegion, L50, M|100/100\n|-weather|RainDance|[from] ability: Drizzle|[of] p2a: Pelipper\n|turn|6\n|inactive|chichinitz has 30 seconds left.\n|\n|t:|1776195076\n|move|p2b: Basculegion|Last Respects|p1b: Sneasler\n|-damage|p1b: Sneasler|0 fnt\n|faint|p1b: Sneasler\n|move|p2a: Pelipper|Hurricane|p1a: Garchomp\n|-damage|p1a: Garchomp|0 fnt\n|faint|p1a: Garchomp\n|\n|-weather|RainDance|[upkeep]\n|upkeep\n|\n|t:|1776195084\n|switch|p1b: Incineroar|Incineroar, L50, F|75/100\n|switch|p1a: Charizard|Charizard, L50, M|100/100\n|-ability|p1b: Incineroar|Intimidate|boost\n|-unboost|p2a: Pelipper|atk|1\n|-unboost|p2b: Basculegion|atk|1\n|turn|7\n|\n|t:|1776195098\n|detailschange|p1a: Charizard|Charizard-Mega-Y, L50, M\n|-mega|p1a: Charizard|Charizard|Charizardite Y\n|-weather|SunnyDay|[from] ability: Drought|[of] p1a: Charizard\n|move|p1a: Charizard|Protect|p1a: Charizard\n|-singleturn|p1a: Charizard|Protect\n|move|p2a: Pelipper|Wide Guard|p2a: Pelipper\n|-singleturn|p2a: Pelipper|Wide Guard\n|move|p1b: Incineroar|Fake Out|p2a: Pelipper\n|-damage|p2a: Pelipper|89/100\n|move|p2b: Basculegion|Head Smash|p1a: Charizard\n|-activate|p1a: Charizard|move: Protect\n|\n|-weather|SunnyDay|[upkeep]\n|upkeep\n|turn|8\n|inactive|chichinitz has 30 seconds left.\n|\n|t:|1776195123\n|move|p2a: Pelipper|Wide Guard|p2a: Pelipper\n|-singleturn|p2a: Pelipper|Wide Guard\n|move|p2b: Basculegion|Head Smash|p1a: Charizard\n|-supereffective|p1a: Charizard|2\n|-damage|p1a: Charizard|0 fnt\n|faint|p1a: Charizard\n|-damage|p2b: Basculegion|61/100|[from] Recoil\n|move|p1b: Incineroar|Parting Shot|p2b: Basculegion\n|-unboost|p2b: Basculegion|atk|1\n|-unboost|p2b: Basculegion|spa|1\n|\n|-weather|SunnyDay|[upkeep]\n|-sideend|p2: chichinitz|move: Tailwind\n|upkeep\n|turn|9\n|\n|t:|1776195145\n|move|p2b: Basculegion|Head Smash|p1b: Incineroar\n|-supereffective|p1b: Incineroar|1\n|-damage|p1b: Incineroar|29/100\n|-enditem|p1b: Incineroar|Sitrus Berry|[eat]\n|-heal|p1b: Incineroar|54/100|[from] item: Sitrus Berry\n|-damage|p2b: Basculegion|41/100|[from] Recoil\n|move|p2a: Pelipper|Hurricane|p1b: Incineroar\n|-damage|p1b: Incineroar|3/100\n|-start|p1b: Incineroar|confusion\n|-activate|p1b: Incineroar|confusion\n|move|p1b: Incineroar|Flare Blitz|p2b: Basculegion\n|-resisted|p2b: Basculegion|1\n|-damage|p2b: Basculegion|0 fnt\n|faint|p2b: Basculegion\n|-damage|p1b: Incineroar|0 fnt|[from] Recoil\n|faint|p1b: Incineroar\n|\n|win|chichinitz\n|raw|RodrigoElMarino's rating: 1127 &rarr; <strong>1100</strong><br />(-27 for losing)\n|raw|chichinitz's rating: 1105 &rarr; <strong>1132</strong><br />(+27 for winning)\n|l|\u2606RodrigoElMarino\n|player|p1|\n|c|\u2606chichinitz|gg\n",
  "uploadtime": 1776195164,
  "views": 25,
  "formatid": "gen9championsvgc2026regma",
  "rating": 1100,
  "private": 0,
  "password": null
}