{
  "id": "gen9championsvgc2026regma-2589475221",
  "format": "[Gen 9 Champions] VGC 2026 Reg M-A",
  "players": [
    "Zhm/r",
    "seeitallinbloom"
  ],
  "log": "|j|\u2606Zhm/r\n|j|\u2606seeitallinbloom\n|t:|1776726289\n|gametype|doubles\n|player|p1|Zhm/r|clown|1167\n|player|p2|seeitallinbloom|lady-gen4|1244\n|gen|9\n|tier|[Gen 9 Champions] VGC 2026 Reg M-A\n|rated|\n|rule|Species Clause: Limit one of each Pok\u00e9mon\n|rule|Item Clause: Limit 1 of each item\n|clearpoke\n|poke|p1|Meganium, L50, M|\n|poke|p1|Charizard, L50, M|\n|poke|p1|Aerodactyl, L50, F|\n|poke|p1|Sinistcha, L50|\n|poke|p1|Milotic, L50, M|\n|poke|p1|Sneasler, L50, F|\n|poke|p2|Whimsicott, L50, M|\n|poke|p2|Gengar, L50, M|\n|poke|p2|Kommo-o, L50, F|\n|poke|p2|Rotom-Wash, L50|\n|poke|p2|Corviknight, L50, F|\n|poke|p2|Tyrantrum, L50, M|\n|teampreview|4\n|\n|t:|1776726319\n|teamsize|p1|4\n|teamsize|p2|4\n|start\n|switch|p1a: Aerodactyl|Aerodactyl, L50, F|100/100\n|switch|p1b: Meganium|Meganium, L50, M|100/100\n|switch|p2a: Whimsicott|Whimsicott, L50, M|100/100\n|switch|p2b: Corviknight|Corviknight, L50, F|100/100\n|-ability|p1a: Aerodactyl|Unnerve\n|turn|1\n|\n|t:|1776726332\n|detailschange|p1b: Meganium|Meganium-Mega, L50, M\n|-mega|p1b: Meganium|Meganium|Meganiumite\n|move|p2a: Whimsicott|Tailwind|p2a: Whimsicott\n|-sidestart|p2: seeitallinbloom|move: Tailwind\n|move|p1a: Aerodactyl|Tailwind|p1a: Aerodactyl\n|-sidestart|p1: Zhm/r|move: Tailwind\n|move|p1b: Meganium|Weather Ball|p2b: Corviknight\n|-supereffective|p2b: Corviknight|1\n|-damage|p2b: Corviknight|0 fnt\n|faint|p2b: Corviknight\n|\n|upkeep\n|\n|t:|1776726344\n|switch|p2b: Gengar|Gengar, L50, M|100/100\n|turn|2\n|\n|t:|1776726359\n|detailschange|p2b: Gengar|Gengar-Mega, L50, M\n|-mega|p2b: Gengar|Gengar|Gengarite\n|move|p1b: Meganium|Protect|p1b: Meganium\n|-singleturn|p1b: Meganium|Protect\n|move|p2b: Gengar|Sludge Bomb|p1b: Meganium\n|-activate|p1b: Meganium|move: Protect\n|move|p1a: Aerodactyl|Dual Wingbeat|p2a: Whimsicott\n|-supereffective|p2a: Whimsicott|1\n|-damage|p2a: Whimsicott|46/100\n|-supereffective|p2a: Whimsicott|1\n|-damage|p2a: Whimsicott|0 fnt\n|faint|p2a: Whimsicott\n|-hitcount|p2: Whimsicott|2\n|\n|upkeep\n|\n|t:|1776726371\n|switch|p2a: Rotom|Rotom-Wash, L50|100/100\n|turn|3\n|\n|t:|1776726402\n|move|p1b: Meganium|Protect||[still]\n|-fail|p1b: Meganium\n|move|p1a: Aerodactyl|Rock Slide|p2b: Gengar|[spread] p2a\n|-miss|p1a: Aerodactyl|p2b: Gengar\n|-damage|p2a: Rotom|76/100\n|move|p2b: Gengar|Sludge Bomb|p1b: Meganium\n|-supereffective|p1b: Meganium|2\n|-damage|p1b: Meganium|0 fnt\n|faint|p1b: Meganium\n|move|p2a: Rotom|Thunderbolt|p1a: Aerodactyl\n|-supereffective|p1a: Aerodactyl|1\n|-damage|p1a: Aerodactyl|2/100\n|\n|upkeep\n|\n|t:|1776726428\n|switch|p1b: Milotic|Milotic, L50, M|100/100\n|turn|4\n|inactive|Battle timer is ON: inactive players will automatically lose when time's up. (requested by seeitallinbloom)\n|\n|t:|1776726439\n|move|p2b: Gengar|Sludge Bomb|p1b: Milotic\n|-damage|p1b: Milotic|57/100\n|-status|p1b: Milotic|psn\n|move|p1a: Aerodactyl|Dual Wingbeat|p2b: Gengar\n|-damage|p2b: Gengar|73/100\n|-crit|p2b: Gengar\n|-damage|p2b: Gengar|32/100\n|-hitcount|p2b: Gengar|2\n|move|p2a: Rotom|Thunderbolt|p1b: Milotic\n|-supereffective|p1b: Milotic|1\n|-damage|p1b: Milotic|9/100 psn\n|move|p1b: Milotic|Scald|p2b: Gengar\n|-damage|p2b: Gengar|0 fnt\n|faint|p2b: Gengar\n|\n|-heal|p1b: Milotic|15/100 psn|[from] item: Leftovers\n|-damage|p1b: Milotic|2/100 psn|[from] psn\n|-sideend|p1: Zhm/r|move: Tailwind\n|-sideend|p2: seeitallinbloom|move: Tailwind\n|upkeep\n|turn|5\n|inactive|Zhm/r has 30 seconds left.\n|inactive|Zhm/r has 20 seconds left.\n|\n|t:|1776726475\n|move|p1a: Aerodactyl|Rock Slide|p2a: Rotom\n|-damage|p2a: Rotom|37/100\n|move|p2a: Rotom|Thunderbolt|p1a: Aerodactyl\n|-supereffective|p1a: Aerodactyl|1\n|-damage|p1a: Aerodactyl|0 fnt\n|-enditem|p2a: Rotom|Sitrus Berry|[eat]\n|-heal|p2a: Rotom|62/100|[from] item: Sitrus Berry\n|faint|p1a: Aerodactyl\n|move|p1b: Milotic|Scald|p2a: Rotom\n|-resisted|p2a: Rotom|1\n|-damage|p2a: Rotom|48/100\n|-status|p2a: Rotom|brn\n|\n|-heal|p1b: Milotic|8/100 psn|[from] item: Leftovers\n|-damage|p1b: Milotic|0 fnt|[from] psn\n|faint|p1b: Milotic\n|-damage|p2a: Rotom|42/100 brn|[from] brn\n|upkeep\n|\n|t:|1776726494\n|switch|p1b: Sinistcha|Sinistcha, L50|100/100\n|turn|6\n|\n|t:|1776726500\n|move|p2a: Rotom|Foul Play|p1b: Sinistcha\n|-supereffective|p1b: Sinistcha|1\n|-damage|p1b: Sinistcha|88/100\n|move|p1b: Sinistcha|Matcha Gotcha|p2a: Rotom\n|-supereffective|p2a: Rotom|1\n|-damage|p2a: Rotom|0 fnt\n|-heal|p1b: Sinistcha|100/100|[from] drain|[of] p2a: Rotom\n|faint|p2a: Rotom\n|\n|win|Zhm/r\n|raw|Zhm&#x2f;r's rating: 1167 &rarr; <strong>1197</strong><br />(+30 for winning)\n|raw|seeitallinbloom's rating: 1244 &rarr; <strong>1214</strong><br />(-30 for losing)\n|l|\u2606seeitallinbloom\n|player|p2|\n",
  "uploadtime": 1776726525,
  "views": 7,
  "formatid": "gen9championsvgc2026regma",
  "rating": 1197,
  "private": 0,
  "password": null
}