{
  "id": "gen9championsvgc2026regma-2587539935",
  "format": "[Gen 9 Champions] VGC 2026 Reg M-A",
  "players": [
    "f43w",
    "Raposooso"
  ],
  "log": "|j|\u2606f43w\n|j|\u2606Raposooso\n|t:|1776540554\n|gametype|doubles\n|player|p1|f43w|170|1186\n|player|p2|Raposooso|waiter-gen4dp|1164\n|gen|9\n|tier|[Gen 9 Champions] VGC 2026 Reg M-A\n|rated|\n|rule|Species Clause: Limit one of each Pok\u00e9mon\n|rule|Item Clause: Limit 1 of each item\n|clearpoke\n|poke|p1|Scizor, L50, M|\n|poke|p1|Primarina, L50, M|\n|poke|p1|Kommo-o, L50, F|\n|poke|p1|Sinistcha, L50|\n|poke|p1|Incineroar, L50, M|\n|poke|p1|Tyranitar, L50, F|\n|poke|p2|Delphox, L50, M|\n|poke|p2|Sableye, L50, F|\n|poke|p2|Corviknight, L50, M|\n|poke|p2|Tauros-Paldea-Aqua, L50, M|\n|poke|p2|Rotom-Wash, L50|\n|poke|p2|Garchomp, L50, F|\n|teampreview|4\n|\n|t:|1776540620\n|teamsize|p1|4\n|teamsize|p2|4\n|start\n|switch|p1a: Kommo-o|Kommo-o, L50, F|100/100\n|switch|p1b: Incineroar|Incineroar, L50, M|100/100\n|switch|p2a: Sableye|Sableye, L50, F|100/100\n|switch|p2b: Corviknight|Corviknight, L50, M|100/100\n|-ability|p1b: Incineroar|Intimidate|boost\n|-unboost|p2a: Sableye|atk|1\n|-ability|p2b: Corviknight|Mirror Armor\n|-unboost|p1b: Incineroar|atk|1\n|turn|1\n|\n|t:|1776540634\n|move|p2a: Sableye|Detect|p2a: Sableye\n|-singleturn|p2a: Sableye|Protect\n|move|p2b: Corviknight|Protect|p2b: Corviknight\n|-singleturn|p2b: Corviknight|Protect\n|move|p1b: Incineroar|Fake Out|p2b: Corviknight\n|-activate|p2b: Corviknight|move: Protect\n|move|p1a: Kommo-o|Clangorous Soul|p1a: Kommo-o\n|-boost|p1a: Kommo-o|atk|1\n|-boost|p1a: Kommo-o|def|1\n|-boost|p1a: Kommo-o|spa|1\n|-boost|p1a: Kommo-o|spd|1\n|-boost|p1a: Kommo-o|spe|1\n|-damage|p1a: Kommo-o|68/100\n|\n|-heal|p1a: Kommo-o|74/100|[from] item: Leftovers\n|upkeep\n|turn|2\n|\n|t:|1776540655\n|move|p1a: Kommo-o|Protect|p1a: Kommo-o\n|-singleturn|p1a: Kommo-o|Protect\n|move|p2a: Sableye|Encore|p1a: Kommo-o\n|-activate|p1a: Kommo-o|move: Protect\n|move|p2b: Corviknight|Iron Defense|p2b: Corviknight\n|-boost|p2b: Corviknight|def|2\n|move|p1b: Incineroar|Parting Shot|p2a: Sableye\n|-unboost|p2a: Sableye|atk|1\n|-unboost|p2a: Sableye|spa|1\n|\n|t:|1776540665\n|switch|p1b: Sinistcha|Sinistcha, L50|100/100|[from] Parting Shot\n|-heal|p1a: Kommo-o|99/100|[from] ability: Hospitality|[of] p1b: Sinistcha\n|\n|-heal|p1a: Kommo-o|100/100|[from] item: Leftovers\n|upkeep\n|turn|3\n|\n|t:|1776540677\n|move|p1b: Sinistcha|Rage Powder|p1b: Sinistcha\n|-singleturn|p1b: Sinistcha|move: Rage Powder\n|move|p2a: Sableye|Encore|p1b: Sinistcha\n|-start|p1b: Sinistcha|Encore\n|move|p1a: Kommo-o|Clangorous Soul|p1a: Kommo-o\n|-boost|p1a: Kommo-o|atk|1\n|-boost|p1a: Kommo-o|def|1\n|-boost|p1a: Kommo-o|spa|1\n|-boost|p1a: Kommo-o|spd|1\n|-boost|p1a: Kommo-o|spe|1\n|-damage|p1a: Kommo-o|68/100\n|move|p2b: Corviknight|Iron Defense|p2b: Corviknight\n|-boost|p2b: Corviknight|def|2\n|\n|-heal|p1a: Kommo-o|74/100|[from] item: Leftovers\n|upkeep\n|turn|4\n|\n|t:|1776540712\n|move|p2b: Corviknight|Protect|p2b: Corviknight\n|-singleturn|p2b: Corviknight|Protect\n|move|p1b: Sinistcha|Rage Powder|p1b: Sinistcha\n|-singleturn|p1b: Sinistcha|move: Rage Powder\n|move|p2a: Sableye|Disable|p1b: Sinistcha\n|-start|p1b: Sinistcha|Disable|Rage Powder\n|move|p1a: Kommo-o|Clanging Scales|p2b: Corviknight|[spread] p2a\n|-activate|p2b: Corviknight|move: Protect\n|-damage|p2a: Sableye|12/100\n|-unboost|p1a: Kommo-o|def|1\n|\n|-heal|p1a: Kommo-o|80/100|[from] item: Leftovers\n|upkeep\n|turn|5\n|\n|t:|1776540748\n|switch|p1b: Incineroar|Incineroar, L50, M|100/100\n|-ability|p1b: Incineroar|Intimidate|boost\n|-unboost|p2a: Sableye|atk|1\n|-ability|p2b: Corviknight|Mirror Armor\n|-unboost|p1b: Incineroar|atk|1\n|move|p2a: Sableye|Disable|p1a: Kommo-o\n|-start|p1a: Kommo-o|Disable|Clanging Scales\n|move|p1a: Kommo-o|Aura Sphere|p2b: Corviknight\n|-damage|p2b: Corviknight|21/100\n|move|p2b: Corviknight|Body Press|p1a: Kommo-o\n|-damage|p1a: Kommo-o|39/100\n|\n|-heal|p1a: Kommo-o|45/100|[from] item: Leftovers\n|-heal|p2b: Corviknight|27/100|[from] item: Leftovers\n|upkeep\n|turn|6\n|\n|t:|1776540781\n|move|p1a: Kommo-o|Protect|p1a: Kommo-o\n|-singleturn|p1a: Kommo-o|Protect\n|move|p2b: Corviknight|Protect|p2b: Corviknight\n|-singleturn|p2b: Corviknight|Protect\n|move|p2a: Sableye|Disable|p1a: Kommo-o\n|-activate|p1a: Kommo-o|move: Protect\n|move|p1b: Incineroar|Taunt|p2a: Sableye\n|-start|p2a: Sableye|move: Taunt\n|-enditem|p2a: Sableye|Mental Herb\n|-end|p2a: Sableye|move: Taunt\n|\n|-heal|p1a: Kommo-o|51/100|[from] item: Leftovers\n|-heal|p2b: Corviknight|33/100|[from] item: Leftovers\n|upkeep\n|turn|7\n|\n|t:|1776540803\n|switch|p1b: Tyranitar|Tyranitar, L50, F|100/100\n|-weather|Sandstorm|[from] ability: Sand Stream|[of] p1b: Tyranitar\n|move|p2a: Sableye|Encore|p1a: Kommo-o\n|-start|p1a: Kommo-o|Encore\n|move|p1a: Kommo-o|Protect|p1a: Kommo-o\n|-singleturn|p1a: Kommo-o|Protect\n|move|p2b: Corviknight|Body Press|p1b: Tyranitar\n|-supereffective|p1b: Tyranitar|2\n|-enditem|p1b: Tyranitar|Focus Sash\n|-damage|p1b: Tyranitar|1/100\n|\n|-weather|Sandstorm|[upkeep]\n|-damage|p2a: Sableye|6/100|[from] Sandstorm\n|-heal|p1a: Kommo-o|57/100|[from] item: Leftovers\n|-heal|p2b: Corviknight|40/100|[from] item: Leftovers\n|upkeep\n|turn|8\n|\n|t:|1776540838\n|switch|p1b: Sinistcha|Sinistcha, L50|100/100\n|-heal|p1a: Kommo-o|82/100|[from] ability: Hospitality|[of] p1b: Sinistcha\n|move|p1a: Kommo-o|Protect||[still]\n|-fail|p1a: Kommo-o\n|move|p2a: Sableye|Sunny Day|p2a: Sableye\n|-weather|SunnyDay\n|move|p2b: Corviknight|Body Press|p1a: Kommo-o\n|-damage|p1a: Kommo-o|40/100\n|\n|-weather|SunnyDay|[upkeep]\n|-heal|p1a: Kommo-o|47/100|[from] item: Leftovers\n|-heal|p2b: Corviknight|46/100|[from] item: Leftovers\n|-end|p1a: Kommo-o|Disable\n|upkeep\n|turn|9\n|\n|t:|1776540870\n|move|p1a: Kommo-o|Protect|p1a: Kommo-o\n|-singleturn|p1a: Kommo-o|Protect\n|move|p2a: Sableye|Disable|p1a: Kommo-o\n|-activate|p1a: Kommo-o|move: Protect\n|move|p2b: Corviknight|Body Press|p1a: Kommo-o\n|-activate|p1a: Kommo-o|move: Protect\n|move|p1b: Sinistcha|Life Dew||[still]|[spread] p1a,p1b\n|-heal|p1a: Kommo-o|72/100\n|-fail|p1b: Sinistcha|heal\n|\n|-weather|SunnyDay|[upkeep]\n|-heal|p1a: Kommo-o|78/100|[from] item: Leftovers\n|-heal|p2b: Corviknight|52/100|[from] item: Leftovers\n|-end|p1a: Kommo-o|Encore\n|upkeep\n|turn|10\n|\n|t:|1776540905\n|move|p1b: Sinistcha|Rage Powder|p1b: Sinistcha\n|-singleturn|p1b: Sinistcha|move: Rage Powder\n|move|p2a: Sableye|Encore|p1b: Sinistcha\n|-start|p1b: Sinistcha|Encore\n|move|p1a: Kommo-o|Clangorous Soul|p1a: Kommo-o\n|-boost|p1a: Kommo-o|atk|1\n|-boost|p1a: Kommo-o|def|1\n|-boost|p1a: Kommo-o|spa|1\n|-boost|p1a: Kommo-o|spd|1\n|-boost|p1a: Kommo-o|spe|1\n|-damage|p1a: Kommo-o|45/100\n|move|p2b: Corviknight|Tailwind|p2b: Corviknight\n|-sidestart|p2: Raposooso|move: Tailwind\n|\n|-weather|SunnyDay|[upkeep]\n|-heal|p1a: Kommo-o|51/100|[from] item: Leftovers\n|-heal|p2b: Corviknight|58/100|[from] item: Leftovers\n|upkeep\n|turn|11\n|\n|t:|1776540951\n|move|p2b: Corviknight|Protect|p2b: Corviknight\n|-singleturn|p2b: Corviknight|Protect\n|move|p1b: Sinistcha|Rage Powder|p1b: Sinistcha\n|-singleturn|p1b: Sinistcha|move: Rage Powder\n|move|p2a: Sableye|Disable|p1b: Sinistcha\n|-start|p1b: Sinistcha|Disable|Rage Powder\n|move|p1a: Kommo-o|Clanging Scales|p2b: Corviknight|[spread] p2a\n|-activate|p2b: Corviknight|move: Protect\n|-damage|p2a: Sableye|0 fnt\n|faint|p2a: Sableye\n|-unboost|p1a: Kommo-o|def|1\n|\n|-weather|SunnyDay|[upkeep]\n|-heal|p1a: Kommo-o|57/100|[from] item: Leftovers\n|-heal|p2b: Corviknight|64/100|[from] item: Leftovers\n|upkeep\n|\n|t:|1776540971\n|switch|p2a: Garchomp|Garchomp, L50, F|100/100\n|turn|12\n|\n|t:|1776540982\n|switch|p1b: Incineroar|Incineroar, L50, M|100/100\n|-ability|p1b: Incineroar|Intimidate|boost\n|-unboost|p2a: Garchomp|atk|1\n|-ability|p2b: Corviknight|Mirror Armor\n|-unboost|p1b: Incineroar|atk|1\n|move|p1a: Kommo-o|Protect|p1a: Kommo-o\n|-singleturn|p1a: Kommo-o|Protect\n|move|p2a: Garchomp|Dragon Claw|p1a: Kommo-o\n|-activate|p1a: Kommo-o|move: Protect\n|move|p2b: Corviknight|Iron Defense|p2b: Corviknight\n|-boost|p2b: Corviknight|def|2\n|\n|-weather|none\n|-heal|p1a: Kommo-o|64/100|[from] item: Leftovers\n|-heal|p2b: Corviknight|70/100|[from] item: Leftovers\n|upkeep\n|turn|13\n|\n|t:|1776541006\n|switch|p1b: Sinistcha|Sinistcha, L50|100/100\n|-heal|p1a: Kommo-o|89/100|[from] ability: Hospitality|[of] p1b: Sinistcha\n|move|p2a: Garchomp|Dragon Claw|p1a: Kommo-o\n|-supereffective|p1a: Kommo-o|1\n|-damage|p1a: Kommo-o|58/100\n|move|p1a: Kommo-o|Clanging Scales|p2b: Corviknight|[spread] p2a,p2b\n|-supereffective|p2a: Garchomp|1\n|-resisted|p2b: Corviknight|1\n|-damage|p2a: Garchomp|0 fnt\n|-damage|p2b: Corviknight|19/100\n|faint|p2a: Garchomp\n|-unboost|p1a: Kommo-o|def|1\n|move|p2b: Corviknight|Body Press|p1a: Kommo-o\n|-damage|p1a: Kommo-o|0 fnt\n|faint|p1a: Kommo-o\n|\n|-heal|p2b: Corviknight|25/100|[from] item: Leftovers\n|-sideend|p2: Raposooso|move: Tailwind\n|upkeep\n|\n|t:|1776541023\n|switch|p2a: Delphox|Delphox, L50, M|100/100\n|switch|p1a: Incineroar|Incineroar, L50, M|100/100\n|-ability|p1a: Incineroar|Intimidate|boost\n|-unboost|p2a: Delphox|atk|1\n|-ability|p2b: Corviknight|Mirror Armor\n|-unboost|p1a: Incineroar|atk|1\n|turn|14\n|\n|t:|1776541049\n|move|p2a: Delphox|Protect|p2a: Delphox\n|-singleturn|p2a: Delphox|Protect\n|move|p2b: Corviknight|Protect|p2b: Corviknight\n|-singleturn|p2b: Corviknight|Protect\n|move|p1a: Incineroar|Flare Blitz|p2b: Corviknight\n|-activate|p2b: Corviknight|move: Protect\n|move|p1b: Sinistcha|Matcha Gotcha|p2b: Corviknight|[spread] \n|-activate|p2a: Delphox|move: Protect\n|-activate|p2b: Corviknight|move: Protect\n|\n|-heal|p2b: Corviknight|31/100|[from] item: Leftovers\n|upkeep\n|turn|15\n|\n|t:|1776541089\n|detailschange|p2a: Delphox|Delphox-Mega, L50, M\n|-mega|p2a: Delphox|Delphox|Delphoxite\n|move|p1b: Sinistcha|Rage Powder|p1b: Sinistcha\n|-singleturn|p1b: Sinistcha|move: Rage Powder\n|move|p2a: Delphox|Heat Wave|p1a: Incineroar|[spread] p1a,p1b\n|-resisted|p1a: Incineroar|1\n|-supereffective|p1b: Sinistcha|1\n|-crit|p1b: Sinistcha\n|-damage|p1a: Incineroar|84/100\n|-damage|p1b: Sinistcha|0 fnt\n|faint|p1b: Sinistcha\n|move|p2b: Corviknight|Body Press|p1a: Incineroar\n|-supereffective|p1a: Incineroar|1\n|-damage|p1a: Incineroar|0 fnt\n|faint|p1a: Incineroar\n|\n|-heal|p2b: Corviknight|37/100|[from] item: Leftovers\n|upkeep\n|-message|f43w forfeited.\n|\n|win|Raposooso\n|raw|f43w's rating: 1186 &rarr; <strong>1159</strong><br />(-27 for losing)\n|raw|Raposooso's rating: 1164 &rarr; <strong>1191</strong><br />(+27 for winning)\n|l|\u2606f43w\n|player|p1|\n|c|\u2606Raposooso|gg\n",
  "uploadtime": 1776541474,
  "views": 17,
  "formatid": "gen9championsvgc2026regma",
  "rating": 1159,
  "private": 0,
  "password": null
}