{
  "id": "gen9championsvgc2026regma-2581809792",
  "format": "[Gen 9 Champions] VGC 2026 Reg M-A",
  "players": [
    "pardellini",
    "testhan92"
  ],
  "log": "|j|\u2606pardellini\n|j|\u2606testhan92\n|t:|1776030206\n|gametype|doubles\n|player|p1|pardellini|265|1000\n|player|p2|testhan92|101|1041\n|gen|9\n|tier|[Gen 9 Champions] VGC 2026 Reg M-A\n|rated|\n|rule|Species Clause: Limit one of each Pok\u00e9mon\n|rule|Item Clause: Limit 1 of each item\n|clearpoke\n|poke|p1|Sneasler, L50, M|\n|poke|p1|Whimsicott, L50, F|\n|poke|p1|Charizard, L50, F|\n|poke|p1|Primarina, L50, M|\n|poke|p1|Raichu, L50, F|\n|poke|p1|Meganium, L50, F|\n|poke|p2|Charizard, L50, M|\n|poke|p2|Tyranitar, L50, F|\n|poke|p2|Aegislash, L50, M|\n|poke|p2|Floette-Eternal, L50, F|\n|poke|p2|Sinistcha, L50|\n|poke|p2|Gyarados, L50, M|\n|teampreview|4\n|inactive|Battle timer is ON: inactive players will automatically lose when time's up. (requested by pardellini)\n|\n|t:|1776030251\n|teamsize|p1|4\n|teamsize|p2|4\n|start\n|switch|p1a: Whimsicott|Whimsicott, L50, F|100/100\n|switch|p1b: Charizard|Charizard, L50, F|100/100\n|switch|p2a: Gyarados|Gyarados, L50, M|100/100\n|switch|p2b: Tyranitar|Tyranitar, L50, F|100/100\n|-weather|Sandstorm|[from] ability: Sand Stream|[of] p2b: Tyranitar\n|-ability|p2a: Gyarados|Intimidate|boost\n|-unboost|p1a: Whimsicott|atk|1\n|-unboost|p1b: Charizard|atk|1\n|turn|1\n|inactive|pardellini has 30 seconds left.\n|\n|t:|1776030277\n|detailschange|p1b: Charizard|Charizard-Mega-Y, L50, F\n|-mega|p1b: Charizard|Charizard|Charizardite Y\n|-weather|SunnyDay|[from] ability: Drought|[of] p1b: Charizard\n|move|p1a: Whimsicott|Tailwind|p1a: Whimsicott\n|-sidestart|p1: pardellini|move: Tailwind\n|move|p1b: Charizard|Solar Beam||[still]\n|-prepare|p1b: Charizard|Solar Beam\n|-anim|p1b: Charizard|Solar Beam|p2b: Tyranitar\n|-supereffective|p2b: Tyranitar|1\n|-damage|p2b: Tyranitar|1/100\n|move|p2b: Tyranitar|Rock Slide|p1a: Whimsicott|[spread] p1a,p1b\n|-supereffective|p1b: Charizard|2\n|-crit|p1b: Charizard\n|-damage|p1a: Whimsicott|58/100\n|-damage|p1b: Charizard|0 fnt\n|faint|p1b: Charizard\n|move|p2a: Gyarados|Taunt|p1a: Whimsicott\n|-start|p1a: Whimsicott|move: Taunt\n|\n|-weather|SunnyDay|[upkeep]\n|upkeep\n|\n|t:|1776030293\n|switch|p1b: Sneasler|Sneasler, L50, M|100/100\n|turn|2\n|\n|t:|1776030309\n|switch|p2b: Aegislash|Aegislash, L50, M|100/100\n|move|p1b: Sneasler|Fake Out|p2a: Gyarados\n|-damage|p2a: Gyarados|86/100\n|move|p1a: Whimsicott|Moonblast|p2b: Aegislash\n|-resisted|p2b: Aegislash|1\n|-damage|p2b: Aegislash|85/100\n|cant|p2a: Gyarados|flinch\n|\n|-weather|SunnyDay|[upkeep]\n|upkeep\n|turn|3\n|inactive|pardellini has 30 seconds left.\n|\n|t:|1776030335\n|move|p1b: Sneasler|U-turn|p2b: Aegislash\n|-resisted|p2b: Aegislash|2\n|-damage|p2b: Aegislash|81/100\n|\n|t:|1776030340\n|switch|p1b: Raichu|Raichu, L50, F|100/100|[from] U-turn\n|move|p1a: Whimsicott|Giga Drain|p2a: Gyarados\n|-damage|p2a: Gyarados|60/100\n|-heal|p1a: Whimsicott|77/100|[from] drain|[of] p2a: Gyarados\n|move|p2a: Gyarados|Thunder Wave|p1b: Raichu\n|-ability|p1b: Raichu|Lightning Rod|boost\n|-boost|p1b: Raichu|spa|1\n|-formechange|p2b: Aegislash|Aegislash-Blade|\n|move|p2b: Aegislash|Iron Head|p1a: Whimsicott\n|-supereffective|p1a: Whimsicott|1\n|-damage|p1a: Whimsicott|0 fnt\n|faint|p1a: Whimsicott\n|\n|-weather|SunnyDay|[upkeep]\n|upkeep\n|\n|t:|1776030353\n|switch|p1a: Sneasler|Sneasler, L50, M|100/100\n|turn|4\n|\n|t:|1776030375\n|switch|p2b: Tyranitar|Tyranitar, L50, F|1/100\n|-weather|Sandstorm|[from] ability: Sand Stream|[of] p2b: Tyranitar\n|move|p2a: Gyarados|Protect|p2a: Gyarados\n|-singleturn|p2a: Gyarados|Protect\n|move|p1a: Sneasler|Fake Out|p2a: Gyarados\n|-activate|p2a: Gyarados|move: Protect\n|move|p1b: Raichu|Thunderbolt|p2b: Tyranitar\n|-damage|p2b: Tyranitar|0 fnt\n|faint|p2b: Tyranitar\n|\n|-weather|Sandstorm|[upkeep]\n|-damage|p1a: Sneasler|95/100|[from] Sandstorm\n|-damage|p1b: Raichu|95/100|[from] Sandstorm\n|-damage|p2a: Gyarados|54/100|[from] Sandstorm\n|-sideend|p1: pardellini|move: Tailwind\n|upkeep\n|\n|t:|1776030396\n|switch|p2b: Charizard|Charizard, L50, M|100/100\n|turn|5\n|\n|t:|1776030415\n|detailschange|p2b: Charizard|Charizard-Mega-X, L50, M\n|-mega|p2b: Charizard|Charizard|Charizardite X\n|move|p1a: Sneasler|Dire Claw|p2a: Gyarados\n|-damage|p2a: Gyarados|14/100\n|move|p1b: Raichu|Thunderbolt|p2b: Charizard\n|-resisted|p2b: Charizard|1\n|-damage|p2b: Charizard|61/100\n|move|p2b: Charizard|Flare Blitz|p1b: Raichu\n|-damage|p1b: Raichu|0 fnt\n|faint|p1b: Raichu\n|-damage|p2b: Charizard|38/100|[from] Recoil\n|move|p2a: Gyarados|Waterfall|p1a: Sneasler\n|-damage|p1a: Sneasler|29/100\n|\n|-weather|Sandstorm|[upkeep]\n|-damage|p1a: Sneasler|23/100|[from] Sandstorm\n|-damage|p2b: Charizard|32/100|[from] Sandstorm\n|-damage|p2a: Gyarados|8/100|[from] Sandstorm\n|upkeep\n|turn|6\n|-message|pardellini forfeited.\n|\n|win|testhan92\n|raw|pardellini's rating: 1000 &rarr; <strong>1000</strong><br />(+0 for losing)\n|raw|testhan92's rating: 1041 &rarr; <strong>1071</strong><br />(+30 for winning)\n|l|\u2606pardellini\n|player|p1|\n",
  "uploadtime": 1776030431,
  "views": 16,
  "formatid": "gen9championsvgc2026regma",
  "rating": 1000,
  "private": 0,
  "password": null
}