{
  "id": "gen9championsvgc2026regma-2587636395",
  "format": "[Gen 9 Champions] VGC 2026 Reg M-A",
  "players": [
    "ASilentDragon",
    "Boredrake2"
  ],
  "log": "|j|\u2606ASilentDragon\n|j|\u2606Boredrake2\n|t:|1776549113\n|gametype|doubles\n|player|p1|ASilentDragon|cynthia-gen4|1412\n|player|p2|Boredrake2|steven|1516\n|gen|9\n|tier|[Gen 9 Champions] VGC 2026 Reg M-A\n|rated|\n|rule|Species Clause: Limit one of each Pok\u00e9mon\n|rule|Item Clause: Limit 1 of each item\n|clearpoke\n|poke|p1|Meganium, L50, M|\n|poke|p1|Politoed, L50, F|\n|poke|p1|Aerodactyl, L50, F|\n|poke|p1|Archaludon, L50, M|\n|poke|p1|Sinistcha, L50|\n|poke|p1|Corviknight, L50, M|\n|poke|p2|Milotic, L50, F|\n|poke|p2|Farigiraf, L50, M|\n|poke|p2|Altaria, L50, F|\n|poke|p2|Volcarona, L50, F|\n|poke|p2|Aegislash, L50, F|\n|poke|p2|Garchomp, L50, M|\n|teampreview|4\n|inactive|Battle timer is ON: inactive players will automatically lose when time's up. (requested by Boredrake2)\n|\n|t:|1776549135\n|teamsize|p1|4\n|teamsize|p2|4\n|start\n|switch|p1a: Politoed|Politoed, L50, F|100/100\n|switch|p1b: Meganium|Meganium, L50, M|100/100\n|switch|p2a: Milotic|Milotic, L50, F|100/100\n|switch|p2b: Volcarona|Volcarona, L50, F|100/100\n|-weather|RainDance|[from] ability: Drizzle|[of] p1a: Politoed\n|turn|1\n|\n|t:|1776549154\n|detailschange|p1b: Meganium|Meganium-Mega, L50, M\n|-mega|p1b: Meganium|Meganium|Meganiumite\n|move|p2b: Volcarona|Struggle Bug|p1a: Politoed|[spread] p1a,p1b\n|-crit|p1b: Meganium\n|-damage|p1a: Politoed|87/100\n|-damage|p1b: Meganium|66/100\n|-unboost|p1a: Politoed|spa|1\n|-unboost|p1b: Meganium|spa|1\n|move|p1b: Meganium|Solar Beam||[still]\n|-prepare|p1b: Meganium|Solar Beam\n|-activate|p1b: Meganium|ability: Mega Sol\n|-anim|p1b: Meganium|Solar Beam|p2a: Milotic\n|-supereffective|p2a: Milotic|1\n|-damage|p2a: Milotic|38/100\n|-enditem|p2a: Milotic|Sitrus Berry|[eat]\n|-heal|p2a: Milotic|63/100|[from] item: Sitrus Berry\n|move|p2a: Milotic|Ice Beam|p1b: Meganium\n|-supereffective|p1b: Meganium|1\n|-damage|p1b: Meganium|6/100\n|move|p1a: Politoed|Weather Ball|p2b: Volcarona\n|-supereffective|p2b: Volcarona|1\n|-damage|p2b: Volcarona|28/100\n|\n|-weather|RainDance|[upkeep]\n|-heal|p1a: Politoed|93/100|[from] item: Leftovers\n|upkeep\n|turn|2\n|inactive|Boredrake2 has 30 seconds left.\n|inactive|Boredrake2 has 20 seconds left.\n|inactive|Boredrake2 has 15 seconds left.\n|\n|t:|1776549197\n|switch|p2a: Altaria|Altaria, L50, F|100/100\n|-ability|p2a: Altaria|Cloud Nine\n|move|p1b: Meganium|Protect|p1b: Meganium\n|-singleturn|p1b: Meganium|Protect\n|move|p2b: Volcarona|Struggle Bug|p1a: Politoed|[spread] p1a\n|-activate|p1b: Meganium|move: Protect\n|-damage|p1a: Politoed|80/100\n|-unboost|p1a: Politoed|spa|1\n|move|p1a: Politoed|Weather Ball|p2b: Volcarona\n|-damage|p2b: Volcarona|22/100\n|\n|-weather|RainDance|[upkeep]\n|-heal|p1a: Politoed|86/100|[from] item: Leftovers\n|upkeep\n|turn|3\n|inactive|Boredrake2 has 30 seconds left.\n|\n|t:|1776549223\n|switch|p1b: Archaludon|Archaludon, L50, M|100/100\n|switch|p1a: Sinistcha|Sinistcha, L50|100/100\n|move|p2b: Volcarona|Struggle Bug|p1a: Sinistcha|[spread] p1a,p1b\n|-resisted|p1b: Archaludon|1\n|-damage|p1a: Sinistcha|77/100\n|-damage|p1b: Archaludon|88/100\n|-unboost|p1a: Sinistcha|spa|1\n|-unboost|p1b: Archaludon|spa|1\n|-ability|p1b: Archaludon|Stamina|boost\n|-boost|p1b: Archaludon|def|1\n|move|p2a: Altaria|Tailwind|p2a: Altaria\n|-sidestart|p2: Boredrake2|move: Tailwind\n|\n|-weather|RainDance|[upkeep]\n|upkeep\n|turn|4\n|inactive|Boredrake2 has 30 seconds left.\n|\n|t:|1776549251\n|move|p2a: Altaria|Protect|p2a: Altaria\n|-singleturn|p2a: Altaria|Protect\n|move|p2b: Volcarona|Flamethrower|p1a: Sinistcha\n|-supereffective|p1a: Sinistcha|1\n|-damage|p1a: Sinistcha|0 fnt\n|faint|p1a: Sinistcha\n|move|p1b: Archaludon|Electro Shot||[still]\n|-prepare|p1b: Archaludon|Electro Shot\n|-boost|p1b: Archaludon|spa|1\n|\n|-weather|RainDance|[upkeep]\n|upkeep\n|\n|t:|1776549258\n|switch|p1a: Meganium|Meganium-Mega, L50, M|6/100\n|turn|5\n|\n|t:|1776549280\n|switch|p2a: Aegislash|Aegislash, L50, F|100/100\n|move|p2b: Volcarona|Protect|p2b: Volcarona\n|-singleturn|p2b: Volcarona|Protect\n|move|p1a: Meganium|Protect|p1a: Meganium\n|-singleturn|p1a: Meganium|Protect\n|move|p1b: Archaludon|Electro Shot|p2b: Volcarona|[from] lockedmove\n|-activate|p2b: Volcarona|move: Protect\n|\n|-weather|none\n|upkeep\n|turn|6\n|\n|t:|1776549297\n|move|p2b: Volcarona|Struggle Bug|p1b: Archaludon|[spread] p1a,p1b\n|-crit|p1a: Meganium\n|-resisted|p1b: Archaludon|1\n|-damage|p1a: Meganium|0 fnt\n|-damage|p1b: Archaludon|76/100\n|-unboost|p1b: Archaludon|spa|1\n|-ability|p1b: Archaludon|Stamina|boost\n|-boost|p1b: Archaludon|def|1\n|faint|p1a: Meganium\n|-formechange|p2a: Aegislash|Aegislash-Blade|\n|move|p2a: Aegislash|Sacred Sword|p1b: Archaludon\n|-supereffective|p1b: Archaludon|1\n|-damage|p1b: Archaludon|27/100\n|-ability|p1b: Archaludon|Stamina|boost\n|-boost|p1b: Archaludon|def|1\n|move|p1b: Archaludon|Dragon Pulse|p2b: Volcarona\n|-damage|p2b: Volcarona|0 fnt\n|faint|p2b: Volcarona\n|\n|-sideend|p2: Boredrake2|move: Tailwind\n|upkeep\n|\n|t:|1776549313\n|switch|p2b: Milotic|Milotic, L50, F|63/100\n|switch|p1a: Politoed|Politoed, L50, F|86/100\n|-weather|RainDance|[from] ability: Drizzle|[of] p1a: Politoed\n|turn|7\n|\n|t:|1776549321\n|move|p2b: Milotic|Protect|p2b: Milotic\n|-singleturn|p2b: Milotic|Protect\n|-formechange|p2a: Aegislash|Aegislash|\n|move|p2a: Aegislash|King's Shield|p2a: Aegislash\n|-singleturn|p2a: Aegislash|Protect\n|move|p1b: Archaludon|Electro Shot||[still]\n|-prepare|p1b: Archaludon|Electro Shot\n|-boost|p1b: Archaludon|spa|1\n|-anim|p1b: Archaludon|Electro Shot|p2b: Milotic\n|-activate|p2b: Milotic|move: Protect\n|move|p1a: Politoed|Weather Ball|p2a: Aegislash\n|-activate|p2a: Aegislash|move: Protect\n|\n|-weather|RainDance|[upkeep]\n|-heal|p1a: Politoed|92/100|[from] item: Leftovers\n|upkeep\n|turn|8\n|\n|t:|1776549341\n|switch|p2b: Altaria|Altaria, L50, F|100/100\n|-ability|p2b: Altaria|Cloud Nine\n|move|p1b: Archaludon|Electro Shot||[still]\n|-prepare|p1b: Archaludon|Electro Shot\n|-boost|p1b: Archaludon|spa|1\n|move|p1a: Politoed|Weather Ball|p2a: Aegislash\n|-immune|p2a: Aegislash\n|-formechange|p2a: Aegislash|Aegislash-Blade|\n|move|p2a: Aegislash|Sacred Sword|p1b: Archaludon\n|-supereffective|p1b: Archaludon|1\n|-damage|p1b: Archaludon|0 fnt\n|faint|p1b: Archaludon\n|\n|-weather|RainDance|[upkeep]\n|-heal|p1a: Politoed|98/100|[from] item: Leftovers\n|upkeep\n|turn|9\n|\n|t:|1776549360\n|detailschange|p2b: Altaria|Altaria-Mega, L50, F\n|-mega|p2b: Altaria|Altaria|Altarianite\n|move|p2b: Altaria|Hyper Voice|p1a: Politoed\n|-damage|p1a: Politoed|70/100\n|move|p1a: Politoed|Ice Beam|p2b: Altaria\n|-supereffective|p2b: Altaria|1\n|-damage|p2b: Altaria|59/100\n|move|p2a: Aegislash|Poltergeist|p1a: Politoed\n|-activate|p1a: Politoed|move: Poltergeist|Leftovers\n|-damage|p1a: Politoed|0 fnt\n|faint|p1a: Politoed\n|\n|win|Boredrake2\n|raw|ASilentDragon's rating: 1412 &rarr; <strong>1398</strong><br />(-14 for losing)\n|raw|Boredrake2's rating: 1516 &rarr; <strong>1530</strong><br />(+14 for winning)\n|l|\u2606ASilentDragon\n|player|p1|\n",
  "uploadtime": 1776549372,
  "views": 17,
  "formatid": "gen9championsvgc2026regma",
  "rating": 1398,
  "private": 0,
  "password": null
}