{
  "id": "gen9championsvgc2026regma-2582544796",
  "format": "[Gen 9 Champions] VGC 2026 Reg M-A",
  "players": [
    "Mask4M",
    "speedwagon03"
  ],
  "log": "|j|\u2606Mask4M\n|j|\u2606speedwagon03\n|t:|1776098443\n|gametype|doubles\n|player|p1|Mask4M|101|1205\n|player|p2|speedwagon03|hilbert|1120\n|gen|9\n|tier|[Gen 9 Champions] VGC 2026 Reg M-A\n|rated|\n|rule|Species Clause: Limit one of each Pok\u00e9mon\n|rule|Item Clause: Limit 1 of each item\n|clearpoke\n|poke|p1|Glimmora, L50, M|\n|poke|p1|Meganium, L50, F|\n|poke|p1|Sneasler, L50, F|\n|poke|p1|Incineroar, L50, F|\n|poke|p1|Whimsicott, L50, M|\n|poke|p1|Gyarados, L50, F|\n|poke|p2|Floette-Eternal, L50, F|\n|poke|p2|Delphox, L50, F|\n|poke|p2|Kingambit, L50, M|\n|poke|p2|Garchomp, L50, M|\n|poke|p2|Sinistcha, L50|\n|poke|p2|Milotic, L50, M|\n|teampreview|4\n|inactive|Battle timer is ON: inactive players will automatically lose when time's up. (requested by Mask4M)\nMask4M has agreed to open team sheets.\n|\n|t:|1776098472\n|teamsize|p1|4\n|teamsize|p2|4\n|start\n|switch|p1a: Glimmora|Glimmora, L50, M|100/100\n|switch|p1b: Whimsicott|Whimsicott, L50, M|100/100\n|switch|p2a: Delphox|Delphox, L50, F|100/100\n|switch|p2b: Kingambit|Kingambit, L50, M|100/100\n|turn|1\n|inactive|Mask4M has 30 seconds left.\n|inactive|Mask4M has 20 seconds left.\n|\n|t:|1776098512\n|detailschange|p2a: Delphox|Delphox-Mega, L50, F\n|-mega|p2a: Delphox|Delphox|Delphoxite\n|move|p1a: Glimmora|Spiky Shield|p1a: Glimmora\n|-singleturn|p1a: Glimmora|move: Protect\n|move|p1b: Whimsicott|Tailwind|p1b: Whimsicott\n|-sidestart|p1: Mask4M|move: Tailwind\n|move|p2a: Delphox|Psychic|p1a: Glimmora\n|-activate|p1a: Glimmora|move: Protect\n|move|p2b: Kingambit|Iron Head|p1b: Whimsicott\n|-supereffective|p1b: Whimsicott|1\n|-enditem|p1b: Whimsicott|Focus Sash\n|-damage|p1b: Whimsicott|1/100\n|\n|upkeep\n|turn|2\n|inactive|Mask4M has 30 seconds left.\n|\n|t:|1776098541\n|detailschange|p1a: Glimmora|Glimmora-Mega, L50, M\n|-mega|p1a: Glimmora|Glimmora|Glimmoranite\n|move|p2a: Delphox|Protect|p2a: Delphox\n|-singleturn|p2a: Delphox|Protect\n|move|p2b: Kingambit|Sucker Punch|p1a: Glimmora\n|-damage|p1a: Glimmora|52/100\n|move|p1a: Glimmora|Power Gem|p2a: Delphox\n|-activate|p2a: Delphox|move: Protect\n|move|p1b: Whimsicott|Moonblast|p2b: Kingambit\n|-damage|p2b: Kingambit|66/100\n|\n|upkeep\n|turn|3\n|\n|t:|1776098566\n|move|p1b: Whimsicott|Encore|p2a: Delphox\n|-start|p2a: Delphox|Encore\n|move|p2a: Delphox|Protect||[still]\n|-fail|p2a: Delphox\n|move|p2b: Kingambit|Sucker Punch|p1a: Glimmora\n|-damage|p1a: Glimmora|6/100\n|move|p1a: Glimmora|Earth Power|p2b: Kingambit\n|-supereffective|p2b: Kingambit|1\n|-damage|p2b: Kingambit|4/100\n|\n|upkeep\n|turn|4\n|\n|t:|1776098589\n|switch|p2a: Milotic|Milotic, L50, M|100/100\n|move|p1a: Glimmora|Spiky Shield|p1a: Glimmora\n|-singleturn|p1a: Glimmora|move: Protect\n|move|p2b: Kingambit|Sucker Punch||[still]\n|-fail|p2b: Kingambit\n|move|p1b: Whimsicott|Moonblast|p2b: Kingambit\n|-damage|p2b: Kingambit|0 fnt\n|faint|p2b: Kingambit\n|\n|-sideend|p1: Mask4M|move: Tailwind\n|upkeep\n|\n|t:|1776098603\n|switch|p2b: Sinistcha|Sinistcha, L50|100/100\n|turn|5\n|\n|t:|1776098626\n|switch|p1a: Gyarados|Gyarados, L50, F|100/100\n|-ability|p1a: Gyarados|Intimidate|boost\n|-unboost|p2a: Milotic|atk|1\n|-ability|p2a: Milotic|Competitive|boost\n|-boost|p2a: Milotic|spa|2\n|-unboost|p2b: Sinistcha|atk|1\n|move|p1b: Whimsicott|Tailwind|p1b: Whimsicott\n|-sidestart|p1: Mask4M|move: Tailwind\n|move|p2b: Sinistcha|Matcha Gotcha|p1a: Gyarados|[spread] p1a\n|-miss|p2b: Sinistcha|p1b: Whimsicott\n|-damage|p1a: Gyarados|81/100\n|move|p2a: Milotic|Icy Wind|p1b: Whimsicott|[spread] p1b\n|-miss|p2a: Milotic|p1a: Gyarados\n|-supereffective|p1b: Whimsicott|1\n|-crit|p1b: Whimsicott\n|-damage|p1b: Whimsicott|0 fnt\n|faint|p1b: Whimsicott\n|\n|-heal|p1a: Gyarados|87/100|[from] item: Leftovers\n|upkeep\n|\n|t:|1776098644\n|switch|p1b: Sneasler|Sneasler, L50, F|100/100\n|turn|6\n|\n|t:|1776098654\n|move|p1b: Sneasler|Fake Out|p2a: Milotic\n|-damage|p2a: Milotic|82/100\n|move|p2b: Sinistcha|Rage Powder|p2b: Sinistcha\n|-singleturn|p2b: Sinistcha|move: Rage Powder\n|move|p1a: Gyarados|Taunt|p2b: Sinistcha\n|-start|p2b: Sinistcha|move: Taunt\n|cant|p2a: Milotic|flinch\n|\n|-heal|p1a: Gyarados|93/100|[from] item: Leftovers\n|-heal|p2a: Milotic|88/100|[from] item: Leftovers\n|upkeep\n|turn|7\n|\n|t:|1776098674\n|move|p1b: Sneasler|Close Combat|p2a: Milotic\n|-damage|p2a: Milotic|5/100\n|-unboost|p1b: Sneasler|def|1\n|-unboost|p1b: Sneasler|spd|1\n|-enditem|p1b: Sneasler|White Herb\n|-clearnegativeboost|p1b: Sneasler|[silent]\n|move|p1a: Gyarados|Waterfall|p2a: Milotic\n|-resisted|p2a: Milotic|1\n|-damage|p2a: Milotic|0 fnt\n|faint|p2a: Milotic\n|move|p2b: Sinistcha|Matcha Gotcha|p1b: Sneasler|[spread] p1a,p1b\n|-resisted|p1b: Sneasler|1\n|-damage|p1a: Gyarados|73/100\n|-damage|p1b: Sneasler|83/100\n|\n|-heal|p1a: Gyarados|79/100|[from] item: Leftovers\n|upkeep\n|\n|t:|1776098689\n|switch|p2a: Delphox|Delphox-Mega, L50, F|100/100\n|turn|8\n|\n|t:|1776098713\n|move|p2a: Delphox|Protect|p2a: Delphox\n|-singleturn|p2a: Delphox|Protect\n|move|p1a: Gyarados|Protect|p1a: Gyarados\n|-singleturn|p1a: Gyarados|Protect\n|move|p1b: Sneasler|Dire Claw|p2a: Delphox\n|-activate|p2a: Delphox|move: Protect\n|move|p2b: Sinistcha|Matcha Gotcha|p1b: Sneasler|[spread] p1b\n|-activate|p1a: Gyarados|move: Protect\n|-resisted|p1b: Sneasler|1\n|-damage|p1b: Sneasler|64/100\n|\n|-heal|p1a: Gyarados|85/100|[from] item: Leftovers\n|-sideend|p1: Mask4M|move: Tailwind\n|upkeep\n|turn|9\n|\n|t:|1776098737\n|move|p1b: Sneasler|Dire Claw|p2a: Delphox\n|-damage|p2a: Delphox|34/100\n|move|p2a: Delphox|Psychic|p1b: Sneasler\n|-supereffective|p1b: Sneasler|2\n|-damage|p1b: Sneasler|0 fnt\n|faint|p1b: Sneasler\n|move|p1a: Gyarados|Waterfall|p2a: Delphox\n|-supereffective|p2a: Delphox|1\n|-damage|p2a: Delphox|0 fnt\n|faint|p2a: Delphox\n|move|p2b: Sinistcha|Matcha Gotcha|p1a: Gyarados\n|-damage|p1a: Gyarados|58/100\n|-status|p1a: Gyarados|brn\n|\n|-heal|p1a: Gyarados|64/100 brn|[from] item: Leftovers\n|-damage|p1a: Gyarados|58/100 brn|[from] brn\n|-end|p2b: Sinistcha|move: Taunt\n|upkeep\n|\n|t:|1776098745\n|switch|p1b: Glimmora|Glimmora-Mega, L50, M|6/100\n|turn|10\n|\n|t:|1776098759\n|move|p1a: Gyarados|Helping Hand|p1b: Glimmora\n|-singleturn|p1b: Glimmora|Helping Hand|[of] p1a: Gyarados\n|move|p1b: Glimmora|Sludge Bomb|p2b: Sinistcha\n|-damage|p2b: Sinistcha|0 fnt\n|faint|p2b: Sinistcha\n|\n|win|Mask4M\n|raw|Mask4M's rating: 1205 &rarr; <strong>1224</strong><br />(+19 for winning)\n|raw|speedwagon03's rating: 1120 &rarr; <strong>1101</strong><br />(-19 for losing)\n|l|\u2606speedwagon03\n|player|p2|\n|c|\u2606Mask4M|gg\n",
  "uploadtime": 1776098772,
  "views": 17,
  "formatid": "gen9championsvgc2026regma",
  "rating": 1101,
  "private": 0,
  "password": null
}