{
  "id": "gen9championsvgc2026regma-2582605304",
  "format": "[Gen 9 Champions] VGC 2026 Reg M-A",
  "players": [
    "JD20shoots3s",
    "Krisg94"
  ],
  "log": "|j|\u2606JD20shoots3s\n|j|\u2606Krisg94\n|t:|1776102177\n|gametype|doubles\n|player|p1|JD20shoots3s|hoopster|1072\n|player|p2|Krisg94|102|1010\n|gen|9\n|tier|[Gen 9 Champions] VGC 2026 Reg M-A\n|rated|\n|rule|Species Clause: Limit one of each Pok\u00e9mon\n|rule|Item Clause: Limit 1 of each item\n|clearpoke\n|poke|p1|Incineroar, L50, M|\n|poke|p1|Klefki, L50, M|\n|poke|p1|Crabominable, L50, F|\n|poke|p1|Garganacl, L50, F|\n|poke|p1|Araquanid, L50, M|\n|poke|p1|Camerupt, L50, F|\n|poke|p2|Aegislash, L50, F|\n|poke|p2|Kommo-o, L50, F|\n|poke|p2|Dragapult, L50, M|\n|poke|p2|Whimsicott, L50, M|\n|poke|p2|Meowstic, L50, M|\n|poke|p2|Garchomp, L50, F|\n|teampreview|4\n|inactive|Battle timer is ON: inactive players will automatically lose when time's up. (requested by JD20shoots3s)\n|\n|t:|1776102207\n|teamsize|p1|4\n|teamsize|p2|4\n|start\n|switch|p1a: Incineroar|Incineroar, L50, M|100/100\n|switch|p1b: Klefki|Klefki, L50, M|100/100\n|switch|p2a: Whimsicott|Whimsicott, L50, M|100/100\n|switch|p2b: Meowstic|Meowstic, L50, M|100/100\n|-ability|p1a: Incineroar|Intimidate|boost\n|-unboost|p2a: Whimsicott|atk|1\n|-unboost|p2b: Meowstic|atk|1\n|turn|1\n|\n|t:|1776102230\n|detailschange|p2b: Meowstic|Meowstic-M-Mega, L50, M\n|-mega|p2b: Meowstic|Meowstic|Meowsticite\n|-ability|p2b: Meowstic|Prankster|Trace|[from] ability: Trace|[of] p1b: Klefki\n|move|p2b: Meowstic|Fake Out|p1a: Incineroar\n|-damage|p1a: Incineroar|98/100\n|cant|p1a: Incineroar|flinch\n|move|p2a: Whimsicott|Taunt|p1b: Klefki\n|-start|p1b: Klefki|move: Taunt\n|cant|p1b: Klefki|move: Taunt|Trick Room\n|\n|upkeep\n|turn|2\n|inactive|Krisg94 has 30 seconds left.\n|\n|t:|1776102265\n|switch|p1b: Camerupt|Camerupt, L50, F|100/100\n|move|p2a: Whimsicott|Helping Hand|p2b: Meowstic\n|-singleturn|p2b: Meowstic|Helping Hand|[of] p2a: Whimsicott\n|move|p2b: Meowstic|Thunderbolt|p1b: Camerupt\n|-immune|p1b: Camerupt\n|move|p1a: Incineroar|Darkest Lariat|p2b: Meowstic\n|-supereffective|p2b: Meowstic|1\n|-damage|p2b: Meowstic|0 fnt\n|faint|p2b: Meowstic\n|\n|upkeep\n|\n|t:|1776102277\n|switch|p2b: Kommo-o|Kommo-o, L50, F|100/100\n|turn|3\n|\n|t:|1776102295\n|detailschange|p1b: Camerupt|Camerupt-Mega, L50, F\n|-mega|p1b: Camerupt|Camerupt|Cameruptite\n|move|p2a: Whimsicott|Tailwind|p2a: Whimsicott\n|-sidestart|p2: Krisg94|move: Tailwind\n|move|p2b: Kommo-o|Close Combat|p1a: Incineroar\n|-supereffective|p1a: Incineroar|1\n|-damage|p1a: Incineroar|0 fnt\n|-unboost|p2b: Kommo-o|def|1\n|-unboost|p2b: Kommo-o|spd|1\n|faint|p1a: Incineroar\n|move|p1b: Camerupt|Eruption|p2a: Whimsicott|[spread] p2a,p2b\n|-supereffective|p2a: Whimsicott|1\n|-resisted|p2b: Kommo-o|1\n|-damage|p2a: Whimsicott|0 fnt\n|-damage|p2b: Kommo-o|50/100\n|faint|p2a: Whimsicott\n|\n|upkeep\n|\n|t:|1776102308\n|switch|p2a: Aegislash|Aegislash, L50, F|100/100\n|switch|p1a: Klefki|Klefki, L50, M|100/100\n|turn|4\n|\n|t:|1776102326\n|move|p1b: Camerupt|Protect|p1b: Camerupt\n|-singleturn|p1b: Camerupt|Protect\n|move|p2a: Aegislash|Wide Guard|p2a: Aegislash\n|-singleturn|p2a: Aegislash|Wide Guard\n|move|p2b: Kommo-o|Close Combat|p1a: Klefki\n|-damage|p1a: Klefki|52/100\n|-unboost|p2b: Kommo-o|def|1\n|-unboost|p2b: Kommo-o|spd|1\n|move|p1a: Klefki|Trick Room|p1a: Klefki\n|-fieldstart|move: Trick Room|[of] p1a: Klefki\n|\n|upkeep\n|turn|5\n|\n|t:|1776102351\n|move|p1a: Klefki|Sunny Day|p1a: Klefki\n|-weather|SunnyDay\n|move|p1b: Camerupt|Earth Power|p2a: Aegislash\n|-supereffective|p2a: Aegislash|1\n|-damage|p2a: Aegislash|2/100\n|-formechange|p2a: Aegislash|Aegislash-Blade|\n|move|p2a: Aegislash|Sacred Sword|p1a: Klefki\n|-damage|p1a: Klefki|23/100\n|move|p2b: Kommo-o|Close Combat|p1b: Camerupt\n|-damage|p1b: Camerupt|39/100\n|-unboost|p2b: Kommo-o|def|1\n|-unboost|p2b: Kommo-o|spd|1\n|\n|-weather|SunnyDay|[upkeep]\n|-heal|p2a: Aegislash|8/100|[from] item: Leftovers\n|upkeep\n|turn|6\n|inactive|JD20shoots3s has 30 seconds left.\n|inactive|JD20shoots3s has 20 seconds left.\n|\n|t:|1776102387\n|move|p1a: Klefki|Protect|p1a: Klefki\n|-singleturn|p1a: Klefki|Protect\n|move|p2b: Kommo-o|Protect|p2b: Kommo-o\n|-singleturn|p2b: Kommo-o|Protect\n|move|p2a: Aegislash|Wide Guard|p2a: Aegislash\n|-singleturn|p2a: Aegislash|Wide Guard\n|move|p1b: Camerupt|Earth Power|p2a: Aegislash\n|-supereffective|p2a: Aegislash|1\n|-damage|p2a: Aegislash|0 fnt\n|faint|p2a: Aegislash\n|\n|-weather|SunnyDay|[upkeep]\n|-sideend|p2: Krisg94|move: Tailwind\n|upkeep\n|turn|7\n|\n|t:|1776102408\n|switch|p1a: Araquanid|Araquanid, L50, M|100/100\n|move|p1b: Camerupt|Eruption|p2b: Kommo-o\n|-resisted|p2b: Kommo-o|1\n|-damage|p2b: Kommo-o|0 fnt\n|faint|p2b: Kommo-o\n|\n|win|JD20shoots3s\n|raw|JD20shoots3s's rating: 1072 &rarr; <strong>1096</strong><br />(+24 for winning)\n|raw|Krisg94's rating: 1010 &rarr; <strong>1001</strong><br />(-9 for losing)\n|l|\u2606Krisg94\n|player|p2|\n",
  "uploadtime": 1776102418,
  "views": 11,
  "formatid": "gen9championsvgc2026regma",
  "rating": 1001,
  "private": 0,
  "password": null
}