{
  "id": "gen9championsvgc2026regma-2587270843",
  "format": "[Gen 9 Champions] VGC 2026 Reg M-A",
  "players": [
    "hide on whimscott",
    "mr brewster"
  ],
  "log": "|j|\u2606hide on whimscott\n|j|\u2606mr brewster\n|t:|1776516775\n|gametype|doubles\n|player|p1|hide on whimscott|artist-gen4|1358\n|player|p2|mr brewster|169|1369\n|gen|9\n|tier|[Gen 9 Champions] VGC 2026 Reg M-A\n|rated|\n|rule|Species Clause: Limit one of each Pok\u00e9mon\n|rule|Item Clause: Limit 1 of each item\n|clearpoke\n|poke|p1|Venusaur, L50, M|\n|poke|p1|Sneasler, L50, M|\n|poke|p1|Kingambit, L50, M|\n|poke|p1|Incineroar, L50, M|\n|poke|p1|Basculegion, L50, M|\n|poke|p1|Charizard, L50, F|\n|poke|p2|Excadrill, L50, M|\n|poke|p2|Tyranitar, L50, M|\n|poke|p2|Gardevoir, L50, F|\n|poke|p2|Gyarados, L50, F|\n|poke|p2|Sinistcha, L50|\n|poke|p2|Rotom-Heat, L50|\n|teampreview|4\n|inactive|Battle timer is ON: inactive players will automatically lose when time's up. (requested by mr brewster)\n|\n|t:|1776516817\n|teamsize|p1|4\n|teamsize|p2|4\n|start\n|switch|p1a: Venusaur|Venusaur, L50, M|100/100\n|switch|p1b: Basculegion|Basculegion, L50, M|100/100\n|switch|p2a: Rotom|Rotom-Heat, L50|100/100\n|switch|p2b: Excadrill|Excadrill, L50, M|100/100\n|turn|1\n|\n|t:|1776516828\n|switch|p1b: Incineroar|Incineroar, L50, M|100/100\n|-ability|p1b: Incineroar|Intimidate|boost\n|-unboost|p2a: Rotom|atk|1\n|-unboost|p2b: Excadrill|atk|1\n|detailschange|p1a: Venusaur|Venusaur-Mega, L50, M\n|-mega|p1a: Venusaur|Venusaur|Venusaurite\n|move|p2a: Rotom|Discharge|p1b: Incineroar|[spread] p1a,p1b\n|-immune|p2b: Excadrill\n|-resisted|p1a: Venusaur|1\n|-crit|p1a: Venusaur\n|-damage|p1a: Venusaur|84/100\n|-damage|p1b: Incineroar|81/100\n|-status|p1b: Incineroar|par\n|move|p2b: Excadrill|Earthquake|p1b: Incineroar|[spread] p1a,p1b\n|-immune|p2a: Rotom|[from] ability: Levitate\n|-supereffective|p1b: Incineroar|1\n|-damage|p1a: Venusaur|63/100\n|-damage|p1b: Incineroar|36/100 par\n|-enditem|p1b: Incineroar|Sitrus Berry|[eat]\n|-heal|p1b: Incineroar|60/100 par|[from] item: Sitrus Berry\n|move|p1a: Venusaur|Earth Power|p2b: Excadrill\n|-supereffective|p2b: Excadrill|1\n|-damage|p2b: Excadrill|37/100\n|-unboost|p2b: Excadrill|spd|1\n|\n|upkeep\n|turn|2\n|inactive|hide on whimscott has 30 seconds left.\n|inactive|mr brewster has 30 seconds left.\n|\n|t:|1776516856\n|move|p1b: Incineroar|Fake Out|p2a: Rotom\n|-damage|p2a: Rotom|87/100\n|cant|p2a: Rotom|flinch\n|move|p2b: Excadrill|Earthquake|p1b: Incineroar|[spread] p1a,p1b\n|-immune|p2a: Rotom|[from] ability: Levitate\n|-supereffective|p1b: Incineroar|1\n|-damage|p1a: Venusaur|44/100\n|-damage|p1b: Incineroar|15/100 par\n|move|p1a: Venusaur|Leech Seed|p2a: Rotom\n|-start|p2a: Rotom|move: Leech Seed\n|\n|-damage|p2a: Rotom|75/100|[from] Leech Seed|[of] p1a: Venusaur\n|-heal|p1a: Venusaur|52/100|[silent]\n|upkeep\n|turn|3\n|inactive|hide on whimscott has 30 seconds left.\n|\n|t:|1776516885\n|switch|p2a: Tyranitar|Tyranitar, L50, M|100/100\n|-weather|Sandstorm|[from] ability: Sand Stream|[of] p2a: Tyranitar\n|cant|p1b: Incineroar|par\n|move|p2b: Excadrill|Earthquake|p1a: Venusaur|[spread] p2a,p1a,p1b\n|-supereffective|p2a: Tyranitar|1\n|-supereffective|p1b: Incineroar|1\n|-damage|p2a: Tyranitar|60/100\n|-damage|p1a: Venusaur|34/100\n|-damage|p1b: Incineroar|0 fnt\n|faint|p1b: Incineroar\n|move|p1a: Venusaur|Earth Power|p2b: Excadrill\n|-supereffective|p2b: Excadrill|1\n|-crit|p2b: Excadrill\n|-damage|p2b: Excadrill|0 fnt\n|faint|p2b: Excadrill\n|\n|-weather|Sandstorm|[upkeep]\n|-damage|p1a: Venusaur|28/100|[from] Sandstorm\n|upkeep\n|\n|t:|1776516902\n|switch|p2b: Rotom|Rotom-Heat, L50|75/100\n|switch|p1b: Sneasler|Sneasler, L50, M|100/100\n|turn|4\n|\n|t:|1776516914\n|move|p2b: Rotom|Volt Switch|p1b: Sneasler\n|-damage|p1b: Sneasler|57/100\n|\n|t:|1776516918\n|switch|p2b: Gardevoir|Gardevoir, L50, F|100/100|[from] Volt Switch\n|move|p1b: Sneasler|Close Combat|p2a: Tyranitar\n|-supereffective|p2a: Tyranitar|2\n|-damage|p2a: Tyranitar|0 fnt\n|-unboost|p1b: Sneasler|def|1\n|-unboost|p1b: Sneasler|spd|1\n|faint|p2a: Tyranitar\n|move|p1a: Venusaur|Sludge Bomb|p2b: Gardevoir\n|-supereffective|p2b: Gardevoir|1\n|-damage|p2b: Gardevoir|31/100\n|-status|p2b: Gardevoir|psn\n|\n|-weather|Sandstorm|[upkeep]\n|-damage|p1b: Sneasler|51/100|[from] Sandstorm\n|-damage|p2b: Gardevoir|25/100 psn|[from] Sandstorm\n|-damage|p1a: Venusaur|22/100|[from] Sandstorm\n|-damage|p2b: Gardevoir|13/100 psn|[from] psn\n|upkeep\n|\n|t:|1776516927\n|switch|p2a: Rotom|Rotom-Heat, L50|75/100\n|turn|5\n|\n|t:|1776516944\n|move|p1b: Sneasler|Protect|p1b: Sneasler\n|-singleturn|p1b: Sneasler|Protect\n|move|p2b: Gardevoir|Protect|p2b: Gardevoir\n|-singleturn|p2b: Gardevoir|Protect\n|move|p1a: Venusaur|Protect|p1a: Venusaur\n|-singleturn|p1a: Venusaur|Protect\n|move|p2a: Rotom|Discharge|p1b: Sneasler|[spread] \n|-activate|p2b: Gardevoir|move: Protect\n|-activate|p1a: Venusaur|move: Protect\n|-activate|p1b: Sneasler|move: Protect\n|\n|-weather|Sandstorm|[upkeep]\n|-damage|p2a: Rotom|70/100|[from] Sandstorm\n|-damage|p1b: Sneasler|46/100|[from] Sandstorm\n|-damage|p2b: Gardevoir|7/100 psn|[from] Sandstorm\n|-damage|p1a: Venusaur|16/100|[from] Sandstorm\n|-damage|p2b: Gardevoir|0 fnt|[from] psn\n|faint|p2b: Gardevoir\n|upkeep\n|turn|6\n|\n|t:|1776516966\n|move|p2a: Rotom|Discharge|p1a: Venusaur|[spread] p1a,p1b\n|-resisted|p1a: Venusaur|1\n|-crit|p1a: Venusaur\n|-damage|p1a: Venusaur|2/100\n|-damage|p1b: Sneasler|0 fnt\n|-status|p1a: Venusaur|par\n|faint|p1b: Sneasler\n|move|p1a: Venusaur|Sludge Bomb|p2a: Rotom\n|-damage|p2a: Rotom|24/100\n|-status|p2a: Rotom|psn\n|\n|-weather|Sandstorm|[upkeep]\n|-damage|p2a: Rotom|19/100 psn|[from] Sandstorm\n|-damage|p1a: Venusaur|0 fnt|[from] Sandstorm\n|faint|p1a: Venusaur\n|-damage|p2a: Rotom|7/100 psn|[from] psn\n|upkeep\n|\n|t:|1776516973\n|switch|p1b: Basculegion|Basculegion, L50, M|100/100\n|turn|7\n|\n|t:|1776516976\n|move|p1b: Basculegion|Aqua Jet|p2a: Rotom\n|-supereffective|p2a: Rotom|1\n|-damage|p2a: Rotom|0 fnt\n|faint|p2a: Rotom\n|\n|win|hide on whimscott\n|raw|hide on whimscott's rating: 1358 &rarr; <strong>1379</strong><br />(+21 for winning)\n|raw|mr brewster's rating: 1369 &rarr; <strong>1348</strong><br />(-21 for losing)\n",
  "uploadtime": 1776516977,
  "views": 40,
  "formatid": "gen9championsvgc2026regma",
  "rating": 1348,
  "private": 0,
  "password": null
}