{
  "id": "gen9championsvgc2026regma-2588951153",
  "format": "[Gen 9 Champions] VGC 2026 Reg M-A",
  "players": [
    "gundi8",
    "karlaputa"
  ],
  "log": "|j|\u2606gundi8\n|j|\u2606karlaputa\n|t:|1776688857\n|gametype|doubles\n|player|p1|gundi8|ethan|1156\n|player|p2|karlaputa|clair|1153\n|gen|9\n|tier|[Gen 9 Champions] VGC 2026 Reg M-A\n|rated|\n|rule|Species Clause: Limit one of each Pok\u00e9mon\n|rule|Item Clause: Limit 1 of each item\n|clearpoke\n|poke|p1|Venusaur, L50, M, shiny|\n|poke|p1|Incineroar, L50, M, shiny|\n|poke|p1|Tyranitar, L50, F|\n|poke|p1|Garchomp, L50, M|\n|poke|p1|Rotom-Wash, L50|\n|poke|p1|Gardevoir, L50, F|\n|poke|p2|Tyranitar, L50, F|\n|poke|p2|Excadrill, L50, M|\n|poke|p2|Sneasler, L50, F|\n|poke|p2|Aerodactyl, L50, F|\n|poke|p2|Gardevoir, L50, M, shiny|\n|poke|p2|Sinistcha, L50|\n|teampreview|4\n|inactive|Battle timer is ON: inactive players will automatically lose when time's up. (requested by gundi8)\n|inactive|gundi8 has 60 seconds left.\n|inactive|gundi8 has 30 seconds left.\n|inactive|gundi8 has 20 seconds left.\n|inactive|gundi8 has 15 seconds left.\n|inactive|gundi8 has 10 seconds left.\n|inactive|gundi8 has 5 seconds left.\n|\n|t:|1776688948\n|teamsize|p1|4\n|teamsize|p2|4\n|start\n|switch|p1a: Venusaur|Venusaur, L50, M, shiny|100/100\n|switch|p1b: Incineroar|Incineroar, L50, M, shiny|100/100\n|switch|p2a: Sneasler|Sneasler, L50, F|100/100\n|switch|p2b: Aerodactyl|Aerodactyl, L50, F|100/100\n|-ability|p1b: Incineroar|Intimidate|boost\n|-unboost|p2a: Sneasler|atk|1\n|-unboost|p2b: Aerodactyl|atk|1\n|-enditem|p2a: Sneasler|White Herb\n|-clearnegativeboost|p2a: Sneasler|[silent]\n|turn|1\n|inactive|gundi8 has 30 seconds left.\n|inactive|gundi8 has 20 seconds left.\n|\n|t:|1776688985\n|switch|p1b: Garchomp|Garchomp, L50, M|100/100\n|detailschange|p1a: Venusaur|Venusaur-Mega, L50, M, shiny\n|-mega|p1a: Venusaur|Venusaur|Venusaurite\n|move|p2a: Sneasler|Fake Out|p1b: Garchomp\n|-damage|p1b: Garchomp|88/100\n|-damage|p2a: Sneasler|88/100|[from] ability: Rough Skin|[of] p1b: Garchomp\n|move|p2b: Aerodactyl|Dual Wingbeat|p1a: Venusaur\n|-supereffective|p1a: Venusaur|1\n|-damage|p1a: Venusaur|81/100\n|-supereffective|p1a: Venusaur|1\n|-damage|p1a: Venusaur|62/100\n|-hitcount|p1a: Venusaur|2\n|move|p1a: Venusaur|Earth Power|p2a: Sneasler\n|-supereffective|p2a: Sneasler|1\n|-damage|p2a: Sneasler|3/100\n|\n|upkeep\n|turn|2\n|\n|t:|1776689006\n|switch|p1a: Incineroar|Incineroar, L50, M, shiny|100/100\n|-ability|p1a: Incineroar|Intimidate|boost\n|-unboost|p2a: Sneasler|atk|1\n|-unboost|p2b: Aerodactyl|atk|1\n|move|p2a: Sneasler|Protect|p2a: Sneasler\n|-singleturn|p2a: Sneasler|Protect\n|move|p2b: Aerodactyl|Tailwind|p2b: Aerodactyl\n|-sidestart|p2: karlaputa|move: Tailwind\n|move|p1b: Garchomp|Stone Edge|p2b: Aerodactyl|[miss]\n|-miss|p1b: Garchomp|p2b: Aerodactyl\n|\n|upkeep\n|turn|3\n|inactive|gundi8 has 30 seconds left.\n|inactive|gundi8 has 20 seconds left.\n|inactive|gundi8 has 15 seconds left.\n|\n|t:|1776689050\n|move|p2a: Sneasler|Close Combat|p1a: Incineroar\n|-supereffective|p1a: Incineroar|1\n|-damage|p1a: Incineroar|22/100\n|-unboost|p2a: Sneasler|def|1\n|-unboost|p2a: Sneasler|spd|1\n|move|p2b: Aerodactyl|Rock Slide|p1b: Garchomp|[spread] p1a,p1b\n|-supereffective|p1a: Incineroar|1\n|-resisted|p1b: Garchomp|1\n|-damage|p1a: Incineroar|0 fnt\n|-damage|p1b: Garchomp|82/100\n|faint|p1a: Incineroar\n|cant|p1b: Garchomp|flinch\n|\n|upkeep\n|\n|t:|1776689067\n|switch|p1a: Tyranitar|Tyranitar, L50, F|100/100\n|-weather|Sandstorm|[from] ability: Sand Stream|[of] p1a: Tyranitar\n|turn|4\n|\n|t:|1776689080\n|switch|p2b: Sinistcha|Sinistcha, L50|100/100\n|-heal|p2a: Sneasler|28/100|[from] ability: Hospitality|[of] p2b: Sinistcha\n|switch|p1b: Venusaur|Venusaur-Mega, L50, M, shiny|62/100\n|move|p1a: Tyranitar|Protect|p1a: Tyranitar\n|-singleturn|p1a: Tyranitar|Protect\n|move|p2a: Sneasler|Close Combat|p1a: Tyranitar\n|-activate|p1a: Tyranitar|move: Protect\n|\n|-weather|Sandstorm|[upkeep]\n|-damage|p2a: Sneasler|22/100|[from] Sandstorm\n|-damage|p2b: Sinistcha|94/100|[from] Sandstorm\n|-damage|p1b: Venusaur|56/100|[from] Sandstorm\n|upkeep\n|turn|5\n|\n|t:|1776689100\n|switch|p1a: Garchomp|Garchomp, L50, M|82/100\n|move|p2a: Sneasler|Close Combat|p1a: Garchomp\n|-damage|p1a: Garchomp|43/100\n|-unboost|p2a: Sneasler|def|1\n|-unboost|p2a: Sneasler|spd|1\n|-damage|p2a: Sneasler|10/100|[from] ability: Rough Skin|[of] p1a: Garchomp\n|move|p2b: Sinistcha|Matcha Gotcha|p1a: Garchomp|[spread] p1a,p1b\n|-resisted|p1b: Venusaur|2\n|-damage|p1a: Garchomp|17/100\n|-heal|p2b: Sinistcha|100/100|[from] drain|[of] p1a: Garchomp\n|-damage|p1b: Venusaur|51/100\n|-status|p1a: Garchomp|brn\n|move|p1b: Venusaur|Sludge Bomb|p2b: Sinistcha\n|-damage|p2b: Sinistcha|56/100\n|-status|p2b: Sinistcha|psn\n|\n|-weather|Sandstorm|[upkeep]\n|-damage|p2a: Sneasler|4/100|[from] Sandstorm\n|-damage|p2b: Sinistcha|50/100 psn|[from] Sandstorm\n|-damage|p1b: Venusaur|45/100|[from] Sandstorm\n|-enditem|p2b: Sinistcha|Sitrus Berry|[eat]\n|-heal|p2b: Sinistcha|75/100 psn|[from] item: Sitrus Berry\n|-damage|p2b: Sinistcha|62/100 psn|[from] psn\n|-damage|p1a: Garchomp|11/100 brn|[from] brn\n|-sideend|p2: karlaputa|move: Tailwind\n|upkeep\n|turn|6\n|inactive|gundi8 has 30 seconds left.\n|inactive|karlaputa has 30 seconds left.\n|\n|t:|1776689130\n|move|p1a: Garchomp|Protect|p1a: Garchomp\n|-singleturn|p1a: Garchomp|Protect\n|move|p2b: Sinistcha|Rage Powder|p2b: Sinistcha\n|-singleturn|p2b: Sinistcha|move: Rage Powder\n|move|p2a: Sneasler|Dire Claw|p1b: Venusaur\n|-damage|p1b: Venusaur|22/100\n|move|p1b: Venusaur|Sludge Bomb|p2a: Sneasler\n|-resisted|p2a: Sneasler|1\n|-damage|p2a: Sneasler|0 fnt\n|faint|p2a: Sneasler\n|\n|-weather|Sandstorm|[upkeep]\n|-damage|p1b: Venusaur|17/100|[from] Sandstorm\n|-damage|p2b: Sinistcha|56/100 psn|[from] Sandstorm\n|-damage|p2b: Sinistcha|44/100 psn|[from] psn\n|-damage|p1a: Garchomp|5/100 brn|[from] brn\n|upkeep\n|\n|t:|1776689153\n|switch|p2a: Gardevoir|Gardevoir, L50, M, shiny|100/100\n|turn|7\n|inactive|gundi8 has 30 seconds left.\n|\n|t:|1776689183\n|switch|p1b: Tyranitar|Tyranitar, L50, F|100/100\n|move|p2a: Gardevoir|Protect|p2a: Gardevoir\n|-singleturn|p2a: Gardevoir|Protect\n|move|p1a: Garchomp|Dragon Claw|p2b: Sinistcha\n|-damage|p2b: Sinistcha|28/100 psn\n|move|p2b: Sinistcha|Matcha Gotcha|p1a: Garchomp|[spread] p1a,p1b\n|-supereffective|p1b: Tyranitar|1\n|-damage|p1a: Garchomp|0 fnt\n|-heal|p2b: Sinistcha|31/100 psn|[from] drain|[of] p1a: Garchomp\n|-damage|p1b: Tyranitar|74/100\n|-heal|p2b: Sinistcha|46/100 psn|[from] drain|[of] p1b: Tyranitar\n|faint|p1a: Garchomp\n|\n|-weather|Sandstorm|[upkeep]\n|-damage|p2a: Gardevoir|95/100|[from] Sandstorm\n|-damage|p2b: Sinistcha|40/100 psn|[from] Sandstorm\n|-damage|p2b: Sinistcha|27/100 psn|[from] psn\n|upkeep\n|\n|t:|1776689195\n|switch|p1a: Venusaur|Venusaur-Mega, L50, M, shiny|17/100\n|turn|8\n|\n|t:|1776689207\n|detailschange|p2a: Gardevoir|Gardevoir-Mega, L50, M, shiny\n|-mega|p2a: Gardevoir|Gardevoir|Gardevoirite\n|move|p2b: Sinistcha|Rage Powder|p2b: Sinistcha\n|-singleturn|p2b: Sinistcha|move: Rage Powder\n|move|p2a: Gardevoir|Dazzling Gleam|p1a: Venusaur|[spread] p1a,p1b\n|-resisted|p1a: Venusaur|1\n|-supereffective|p1b: Tyranitar|1\n|-damage|p1a: Venusaur|2/100\n|-damage|p1b: Tyranitar|25/100\n|move|p1a: Venusaur|Sludge Bomb|p2a: Gardevoir\n|-supereffective|p2a: Gardevoir|1\n|-damage|p2a: Gardevoir|0 fnt\n|faint|p2a: Gardevoir\n|move|p1b: Tyranitar|Rock Slide|p2b: Sinistcha\n|-damage|p2b: Sinistcha|0 fnt\n|faint|p2b: Sinistcha\n|\n|-weather|none\n|upkeep\n|\n|t:|1776689226\n|switch|p2a: Aerodactyl|Aerodactyl, L50, F|100/100\n|turn|9\n|\n|t:|1776689242\n|move|p1a: Venusaur|Protect|p1a: Venusaur\n|-singleturn|p1a: Venusaur|Protect\n|move|p2a: Aerodactyl|Rock Slide|p1b: Tyranitar|[spread] p1b\n|-activate|p1a: Venusaur|move: Protect\n|-damage|p1b: Tyranitar|6/100\n|cant|p1b: Tyranitar|flinch\n|\n|upkeep\n|turn|10\n|\n|t:|1776689260\n|move|p2a: Aerodactyl|Rock Slide|p1b: Tyranitar|[spread] \n|-miss|p2a: Aerodactyl|p1a: Venusaur\n|-miss|p2a: Aerodactyl|p1b: Tyranitar\n|move|p1a: Venusaur|Sludge Bomb|p2a: Aerodactyl\n|-resisted|p2a: Aerodactyl|1\n|-damage|p2a: Aerodactyl|66/100\n|move|p1b: Tyranitar|Rock Slide|p2a: Aerodactyl\n|-supereffective|p2a: Aerodactyl|1\n|-damage|p2a: Aerodactyl|0 fnt\n|faint|p2a: Aerodactyl\n|\n|win|gundi8\n|raw|gundi8's rating: 1156 &rarr; <strong>1181</strong><br />(+25 for winning)\n|raw|karlaputa's rating: 1153 &rarr; <strong>1128</strong><br />(-25 for losing)\n",
  "uploadtime": 1776689260,
  "views": 6,
  "formatid": "gen9championsvgc2026regma",
  "rating": 1128,
  "private": 0,
  "password": null
}