{
  "id": "gen9championsvgc2026regma-2586536839",
  "format": "[Gen 9 Champions] VGC 2026 Reg M-A",
  "players": [
    "Cheezar",
    "Phillip Blevin"
  ],
  "log": "|j|\u2606Cheezar\n|j|\u2606Phillip Blevin\n|t:|1776441462\n|gametype|doubles\n|player|p1|Cheezar|plasmagrunt-gen5bw|1268\n|player|p2|Phillip Blevin|cynthia-masters4|1335\n|gen|9\n|tier|[Gen 9 Champions] VGC 2026 Reg M-A\n|rated|\n|rule|Species Clause: Limit one of each Pok\u00e9mon\n|rule|Item Clause: Limit 1 of each item\n|clearpoke\n|poke|p1|Serperior, L50, M|\n|poke|p1|Gyarados, L50, F|\n|poke|p1|Delphox, L50, F|\n|poke|p1|Farigiraf, L50, F|\n|poke|p1|Maushold, L50|\n|poke|p1|Dragonite, L50, F|\n|poke|p2|Froslass, L50, F|\n|poke|p2|Corviknight, L50, M|\n|poke|p2|Arcanine-Hisui, L50, F|\n|poke|p2|Rotom-Wash, L50|\n|poke|p2|Sneasler, L50, M|\n|poke|p2|Garchomp, L50, F|\n|teampreview|4\n|inactive|Battle timer is ON: inactive players will automatically lose when time's up. (requested by Phillip Blevin)\n|inactive|Cheezar also wants the timer to be on.\nPhillip Blevin has agreed to open team sheets.\n|j| I love womennn\n|inactive|Cheezar has 60 seconds left.\n|c| I love womennn|hmmm\n|\n|t:|1776441512\n|teamsize|p1|4\n|teamsize|p2|4\n|start\n|switch|p1a: Delphox|Delphox, L50, F|100/100\n|switch|p1b: Farigiraf|Farigiraf, L50, F|100/100\n|switch|p2a: Rotom|Rotom-Wash, L50|100/100\n|switch|p2b: Arcanine|Arcanine-Hisui, L50, F|100/100\n|-ability|p2b: Arcanine|Intimidate|boost\n|-unboost|p1a: Delphox|atk|1\n|-unboost|p1b: Farigiraf|atk|1\n|turn|1\n|\n|t:|1776441530\n|switch|p1a: Serperior|Serperior, L50, M|100/100\n|move|p2a: Rotom|Hydro Pump|p1b: Farigiraf\n|-damage|p1b: Farigiraf|67/100\n|move|p2b: Arcanine|Flare Blitz|p1b: Farigiraf\n|-damage|p1b: Farigiraf|19/100\n|-enditem|p1b: Farigiraf|Sitrus Berry|[eat]\n|-heal|p1b: Farigiraf|44/100|[from] item: Sitrus Berry\n|-damage|p2b: Arcanine|80/100|[from] Recoil\n|move|p1b: Farigiraf|Bulldoze|p2a: Rotom|[spread] p1a,p2b\n|-immune|p2a: Rotom|[from] ability: Levitate\n|-resisted|p1a: Serperior|1\n|-supereffective|p2b: Arcanine|2\n|-damage|p1a: Serperior|97/100\n|-damage|p2b: Arcanine|47/100\n|-boost|p1a: Serperior|spe|1\n|-unboost|p2b: Arcanine|spe|1\n|-enditem|p2b: Arcanine|White Herb\n|-clearnegativeboost|p2b: Arcanine|[silent]\n|\n|upkeep\n|turn|2\n|inactive|Cheezar has 30 seconds left.\n|\n|t:|1776441564\n|switch|p2a: Corviknight|Corviknight, L50, M|100/100\n|switch|p1b: Gyarados|Gyarados, L50, F|100/100\n|-ability|p1b: Gyarados|Intimidate|boost\n|-ability|p2a: Corviknight|Mirror Armor\n|-unboost|p1b: Gyarados|atk|1\n|-unboost|p2b: Arcanine|atk|1\n|move|p1a: Serperior|Leaf Storm|p2b: Arcanine\n|-damage|p2b: Arcanine|0 fnt\n|-boost|p1a: Serperior|spa|2\n|faint|p2b: Arcanine\n|\n|upkeep\n|\n|t:|1776441571\n|switch|p2b: Froslass|Froslass, L50, F|100/100\n|turn|3\n|\n|t:|1776441594\n|move|p2b: Froslass|Protect|p2b: Froslass\n|-singleturn|p2b: Froslass|Protect\n|move|p1a: Serperior|Leaf Storm|p2b: Froslass\n|-activate|p2b: Froslass|move: Protect\n|move|p1b: Gyarados|Scald|p2a: Corviknight\n|-damage|p2a: Corviknight|81/100\n|move|p2a: Corviknight|Brave Bird|p1a: Serperior\n|-supereffective|p1a: Serperior|1\n|-damage|p1a: Serperior|19/100\n|-damage|p2a: Corviknight|59/100|[from] Recoil\n|\n|-heal|p2a: Corviknight|64/100|[from] item: Leftovers\n|upkeep\n|turn|4\n|\n|t:|1776441613\n|detailschange|p2b: Froslass|Froslass-Mega, L50, F\n|-mega|p2b: Froslass|Froslass|Froslassite\n|-weather|Snowscape|[from] ability: Snow Warning|[of] p2b: Froslass\n|move|p1a: Serperior|Leaf Storm|p2b: Froslass\n|-damage|p2b: Froslass|0 fnt\n|-boost|p1a: Serperior|spa|2\n|faint|p2b: Froslass\n|move|p1b: Gyarados|Bulldoze|p2a: Corviknight|[spread] p1a\n|-immune|p2a: Corviknight\n|-resisted|p1a: Serperior|1\n|-damage|p1a: Serperior|15/100\n|-boost|p1a: Serperior|spe|1\n|move|p2a: Corviknight|Brave Bird|p1a: Serperior\n|-supereffective|p1a: Serperior|1\n|-damage|p1a: Serperior|0 fnt\n|faint|p1a: Serperior\n|-damage|p2a: Corviknight|60/100|[from] Recoil\n|\n|-weather|Snowscape|[upkeep]\n|-heal|p2a: Corviknight|66/100|[from] item: Leftovers\n|upkeep\n|\n|t:|1776441636\n|switch|p2b: Rotom|Rotom-Wash, L50|100/100\n|switch|p1a: Farigiraf|Farigiraf, L50, F|44/100\n|turn|5\n|inactive|Cheezar has 30 seconds left.\n|\n|t:|1776441664\n|move|p1b: Gyarados|Protect|p1b: Gyarados\n|-singleturn|p1b: Gyarados|Protect\n|move|p2b: Rotom|Hydro Pump|p1a: Farigiraf|[miss]\n|-miss|p2b: Rotom|p1a: Farigiraf\n|move|p2a: Corviknight|Bulk Up|p2a: Corviknight\n|-boost|p2a: Corviknight|atk|1\n|-boost|p2a: Corviknight|def|1\n|move|p1a: Farigiraf|Psychic|p2b: Rotom\n|-damage|p2b: Rotom|62/100\n|-unboost|p2b: Rotom|spd|1\n|\n|-weather|Snowscape|[upkeep]\n|-heal|p2a: Corviknight|72/100|[from] item: Leftovers\n|upkeep\n|turn|6\n|\n|t:|1776441684\n|move|p2b: Rotom|Hydro Pump|p1b: Gyarados\n|-resisted|p1b: Gyarados|1\n|-damage|p1b: Gyarados|82/100\n|move|p1b: Gyarados|Ice Beam|p2a: Corviknight\n|-damage|p2a: Corviknight|57/100\n|move|p2a: Corviknight|Brave Bird|p1a: Farigiraf\n|-damage|p1a: Farigiraf|0 fnt\n|faint|p1a: Farigiraf\n|-damage|p2a: Corviknight|40/100|[from] Recoil\n|\n|-weather|Snowscape|[upkeep]\n|-heal|p1b: Gyarados|88/100|[from] item: Leftovers\n|-heal|p2a: Corviknight|46/100|[from] item: Leftovers\n|upkeep\n|\n|t:|1776441693\n|switch|p1a: Delphox|Delphox, L50, F|100/100\n|turn|7\n|\n|t:|1776441713\n|detailschange|p1a: Delphox|Delphox-Mega, L50, F\n|-mega|p1a: Delphox|Delphox|Delphoxite\n|move|p2b: Rotom|Hydro Pump|p1a: Delphox|[miss]\n|-miss|p2b: Rotom|p1a: Delphox\n|move|p1a: Delphox|Heat Wave|p2b: Rotom|[spread] p2b\n|-miss|p1a: Delphox|p2a: Corviknight\n|-resisted|p2b: Rotom|1\n|-damage|p2b: Rotom|26/100\n|move|p1b: Gyarados|Scald|p2b: Rotom\n|-resisted|p2b: Rotom|1\n|-damage|p2b: Rotom|9/100\n|move|p2a: Corviknight|Brave Bird|p1a: Delphox\n|-damage|p1a: Delphox|9/100\n|-damage|p2a: Corviknight|24/100|[from] Recoil\n|\n|-weather|Snowscape|[upkeep]\n|-heal|p1b: Gyarados|94/100|[from] item: Leftovers\n|-heal|p2a: Corviknight|30/100|[from] item: Leftovers\n|upkeep\n|turn|8\n|\n|t:|1776441731\n|move|p1a: Delphox|Protect|p1a: Delphox\n|-singleturn|p1a: Delphox|Protect\n|move|p2b: Rotom|Hydro Pump|p1a: Delphox\n|-activate|p1a: Delphox|move: Protect\n|move|p1b: Gyarados|Scald|p2b: Rotom\n|-resisted|p2b: Rotom|1\n|-damage|p2b: Rotom|0 fnt\n|faint|p2b: Rotom\n|move|p2a: Corviknight|Brave Bird|p1b: Gyarados\n|-damage|p1b: Gyarados|32/100\n|-damage|p2a: Corviknight|9/100|[from] Recoil\n|\n|-weather|none\n|-heal|p1b: Gyarados|38/100|[from] item: Leftovers\n|-heal|p2a: Corviknight|15/100|[from] item: Leftovers\n|upkeep\n|turn|9\n|\n|t:|1776441744\n|move|p1a: Delphox|Heat Wave|p2a: Corviknight\n|-supereffective|p2a: Corviknight|1\n|-damage|p2a: Corviknight|0 fnt\n|faint|p2a: Corviknight\n|\n|win|Cheezar\n|raw|Cheezar's rating: 1268 &rarr; <strong>1298</strong><br />(+30 for winning)\n|raw|Phillip Blevin's rating: 1335 &rarr; <strong>1311</strong><br />(-24 for losing)\n",
  "uploadtime": 1776441744,
  "views": 35,
  "formatid": "gen9championsvgc2026regma",
  "rating": 1298,
  "private": 0,
  "password": null
}