{
  "id": "gen9championsvgc2026regma-2583744241",
  "format": "[Gen 9 Champions] VGC 2026 Reg M-A",
  "players": [
    "TGinge",
    "IndigoDancer"
  ],
  "log": "|j|\u2606TGinge\n|j|\u2606IndigoDancer\n|t:|1776194750\n|gametype|doubles\n|player|p1|TGinge|rocketgrunt|1233\n|player|p2|IndigoDancer|miku-ground|1137\n|gen|9\n|tier|[Gen 9 Champions] VGC 2026 Reg M-A\n|rated|\n|rule|Species Clause: Limit one of each Pok\u00e9mon\n|rule|Item Clause: Limit 1 of each item\n|clearpoke\n|poke|p1|Chandelure, L50, F|\n|poke|p1|Hydrapple, L50, M|\n|poke|p1|Whimsicott, L50, F|\n|poke|p1|Incineroar, L50, F|\n|poke|p1|Basculegion, L50, M|\n|poke|p1|Kingambit, L50, F|\n|poke|p2|Tyranitar, L50, M|\n|poke|p2|Excadrill, L50, M|\n|poke|p2|Aerodactyl, L50, M|\n|poke|p2|Incineroar, L50, M|\n|poke|p2|Delphox, L50, M|\n|poke|p2|Garchomp, L50, M|\n|teampreview|4\n|inactive|Battle timer is ON: inactive players will automatically lose when time's up. (requested by TGinge)\n|inactive|TGinge has 60 seconds left.\n|\n|t:|1776194802\n|teamsize|p1|4\n|teamsize|p2|4\n|start\n|switch|p1a: Basculegion|Basculegion, L50, M|100/100\n|switch|p1b: Whimsicott|Whimsicott, L50, F|100/100\n|switch|p2a: Aerodactyl|Aerodactyl, L50, M|100/100\n|switch|p2b: Incineroar|Incineroar, L50, M|100/100\n|-ability|p2a: Aerodactyl|Unnerve\n|-ability|p2b: Incineroar|Intimidate|boost\n|-unboost|p1a: Basculegion|atk|1\n|-unboost|p1b: Whimsicott|atk|1\n|turn|1\n|\n|t:|1776194811\n|move|p2a: Aerodactyl|Protect|p2a: Aerodactyl\n|-singleturn|p2a: Aerodactyl|Protect\n|move|p2b: Incineroar|Fake Out|p1b: Whimsicott\n|-damage|p1b: Whimsicott|79/100\n|move|p1a: Basculegion|Wave Crash|p2b: Incineroar\n|-supereffective|p2b: Incineroar|1\n|-crit|p2b: Incineroar\n|-damage|p2b: Incineroar|0 fnt\n|faint|p2b: Incineroar\n|-damage|p1a: Basculegion|66/100|[from] Recoil\n|cant|p1b: Whimsicott|flinch\n|\n|upkeep\n|\n|t:|1776194821\n|switch|p2b: Tyranitar|Tyranitar, L50, M|100/100\n|-weather|Sandstorm|[from] ability: Sand Stream|[of] p2b: Tyranitar\n|turn|2\n|\n|t:|1776194838\n|move|p2b: Tyranitar|Protect|p2b: Tyranitar\n|-singleturn|p2b: Tyranitar|Protect\n|move|p1b: Whimsicott|Tailwind|p1b: Whimsicott\n|-sidestart|p1: TGinge|move: Tailwind\n|move|p1a: Basculegion|Wave Crash|p2a: Aerodactyl\n|-supereffective|p2a: Aerodactyl|1\n|-enditem|p2a: Aerodactyl|Focus Sash\n|-damage|p2a: Aerodactyl|1/100\n|-damage|p1a: Basculegion|41/100|[from] Recoil\n|move|p2a: Aerodactyl|Tailwind|p2a: Aerodactyl\n|-sidestart|p2: IndigoDancer|move: Tailwind\n|\n|-weather|Sandstorm|[upkeep]\n|-damage|p1a: Basculegion|35/100|[from] Sandstorm\n|-damage|p1b: Whimsicott|73/100|[from] Sandstorm\n|upkeep\n|turn|3\n|inactive|IndigoDancer has 30 seconds left.\n|\n|t:|1776194872\n|switch|p1a: Hydrapple|Hydrapple, L50, M|100/100\n|move|p1b: Whimsicott|Sunny Day|p1b: Whimsicott\n|-weather|SunnyDay\n|move|p2a: Aerodactyl|Dual Wingbeat|p1a: Hydrapple\n|-supereffective|p1a: Hydrapple|1\n|-damage|p1a: Hydrapple|72/100\n|-supereffective|p1a: Hydrapple|1\n|-damage|p1a: Hydrapple|43/100\n|-hitcount|p1a: Hydrapple|2\n|move|p2b: Tyranitar|Dragon Dance|p2b: Tyranitar\n|-boost|p2b: Tyranitar|atk|1\n|-boost|p2b: Tyranitar|spe|1\n|\n|-weather|SunnyDay|[upkeep]\n|-heal|p1a: Hydrapple|49/100|[from] item: Leftovers\n|upkeep\n|turn|4\n|inactive|TGinge has 30 seconds left.\n|inactive|IndigoDancer has 30 seconds left.\n|\n|t:|1776194901\n|switch|p1a: Kingambit|Kingambit, L50, F|100/100\n|move|p2a: Aerodactyl|Protect|p2a: Aerodactyl\n|-singleturn|p2a: Aerodactyl|Protect\n|move|p2b: Tyranitar|Protect|p2b: Tyranitar\n|-singleturn|p2b: Tyranitar|Protect\n|move|p1b: Whimsicott|Trick Room|p1b: Whimsicott\n|-fieldstart|move: Trick Room|[of] p1b: Whimsicott\n|\n|-weather|SunnyDay|[upkeep]\n|upkeep\n|turn|5\n|\n|t:|1776194920\n|move|p1a: Kingambit|Low Kick|p2b: Tyranitar\n|-supereffective|p2b: Tyranitar|2\n|-damage|p2b: Tyranitar|0 fnt\n|faint|p2b: Tyranitar\n|move|p1b: Whimsicott|Moonblast|p2a: Aerodactyl\n|-damage|p2a: Aerodactyl|0 fnt\n|faint|p2a: Aerodactyl\n|\n|-weather|SunnyDay|[upkeep]\n|-sideend|p2: IndigoDancer|move: Tailwind\n|-sideend|p1: TGinge|move: Tailwind\n|upkeep\n|\n|t:|1776194924\n|switch|p2a: Excadrill|Excadrill, L50, M|100/100\n|turn|6\n|\n|t:|1776194929\n|detailschange|p2a: Excadrill|Excadrill-Mega, L50, M\n|-mega|p2a: Excadrill|Excadrill|Excadrite\n|move|p1a: Kingambit|Low Kick|p2a: Excadrill\n|-supereffective|p2a: Excadrill|1\n|-damage|p2a: Excadrill|40/100\n|move|p2a: Excadrill|Drill Run|p1a: Kingambit\n|-supereffective|p1a: Kingambit|1\n|-crit|p1a: Kingambit\n|-damage|p1a: Kingambit|0 fnt\n|faint|p1a: Kingambit\n|move|p1b: Whimsicott|Moonblast|p2a: Excadrill\n|-resisted|p2a: Excadrill|1\n|-damage|p2a: Excadrill|19/100\n|\n|-weather|SunnyDay|[upkeep]\n|upkeep\n|\n|t:|1776194940\n|switch|p1a: Hydrapple|Hydrapple, L50, M|82/100\n|turn|7\n|\n|t:|1776194948\n|move|p2a: Excadrill|Protect|p2a: Excadrill\n|-singleturn|p2a: Excadrill|Protect\n|move|p1a: Hydrapple|Solar Beam||[still]\n|-prepare|p1a: Hydrapple|Solar Beam\n|-anim|p1a: Hydrapple|Solar Beam|p2a: Excadrill\n|-activate|p2a: Excadrill|move: Protect\n|move|p1b: Whimsicott|Moonblast|p2a: Excadrill\n|-activate|p2a: Excadrill|move: Protect\n|\n|-weather|none\n|-heal|p1a: Hydrapple|88/100|[from] item: Leftovers\n|upkeep\n|turn|8\n|\n|t:|1776194959\n|move|p2a: Excadrill|Protect||[still]\n|-fail|p2a: Excadrill\n|move|p1b: Whimsicott|Sunny Day|p1b: Whimsicott\n|-weather|SunnyDay\n|move|p1a: Hydrapple|Solar Beam||[still]\n|-prepare|p1a: Hydrapple|Solar Beam\n|-anim|p1a: Hydrapple|Solar Beam|p2a: Excadrill\n|-damage|p2a: Excadrill|0 fnt\n|faint|p2a: Excadrill\n|\n|win|TGinge\n|raw|TGinge's rating: 1233 &rarr; <strong>1251</strong><br />(+18 for winning)\n|raw|IndigoDancer's rating: 1137 &rarr; <strong>1119</strong><br />(-18 for losing)\n|l|\u2606IndigoDancer\n|player|p2|\n",
  "uploadtime": 1776194964,
  "views": 18,
  "formatid": "gen9championsvgc2026regma",
  "rating": 1119,
  "private": 0,
  "password": null
}