{
  "id": "gen9championsvgc2026regma-2586151726",
  "format": "[Gen 9 Champions] VGC 2026 Reg M-A",
  "players": [
    "loklastaji",
    "Kukino"
  ],
  "log": "|j|\u2606loklastaji\n|j|\u2606Kukino\n|t:|1776405553\n|gametype|doubles\n|player|p1|loklastaji|170|1119\n|player|p2|Kukino|wattson|1121\n|gen|9\n|tier|[Gen 9 Champions] VGC 2026 Reg M-A\n|rated|\n|rule|Species Clause: Limit one of each Pok\u00e9mon\n|rule|Item Clause: Limit 1 of each item\n|clearpoke\n|poke|p1|Samurott-Hisui, L50, M|\n|poke|p1|Delphox, L50, F|\n|poke|p1|Tinkaton, L50, F|\n|poke|p1|Decidueye-Hisui, L50, M|\n|poke|p1|Dragonite, L50, M|\n|poke|p1|Farigiraf, L50, M|\n|poke|p2|Farigiraf, L50, F|\n|poke|p2|Incineroar, L50, F|\n|poke|p2|Meowscarada, L50, M|\n|poke|p2|Pelipper, L50, F|\n|poke|p2|Drampa, L50, F|\n|poke|p2|Gallade, L50, M|\n|teampreview|4\n|inactive|Battle timer is ON: inactive players will automatically lose when time's up. (requested by Kukino)\n|inactive|loklastaji has 60 seconds left.\n|inactive|Kukino has 60 seconds left.\n|inactive|Kukino has 30 seconds left.\n|\n|t:|1776405624\n|teamsize|p1|4\n|teamsize|p2|4\n|start\n|switch|p1a: Tinkaton|Tinkaton, L50, F|100/100\n|switch|p1b: Samurott|Samurott-Hisui, L50, M|100/100\n|switch|p2a: Farigiraf|Farigiraf, L50, F|100/100\n|switch|p2b: Incineroar|Incineroar, L50, F|100/100\n|-ability|p2b: Incineroar|Intimidate|boost\n|-fail|p1a: Tinkaton|unboost|Attack|[from] ability: Own Tempo|[of] p1a: Tinkaton\n|-unboost|p1b: Samurott|atk|1\n|-enditem|p1b: Samurott|White Herb\n|-clearnegativeboost|p1b: Samurott|[silent]\n|turn|1\n|inactive|loklastaji has 30 seconds left.\n|\n|t:|1776405651\n|move|p2b: Incineroar|Fake Out|p1b: Samurott\n|-damage|p1b: Samurott|86/100\n|move|p1a: Tinkaton|Gigaton Hammer|p2a: Farigiraf\n|-damage|p2a: Farigiraf|43/100\n|cant|p1b: Samurott|flinch\n|move|p2a: Farigiraf|Trick Room|p2a: Farigiraf\n|-fieldstart|move: Trick Room|[of] p2a: Farigiraf\n|\n|upkeep\n|turn|2\n|\n|t:|1776405674\n|switch|p1a: Dragonite|Dragonite, L50, M|100/100\n|move|p2a: Farigiraf|Psychic|p1a: Dragonite\n|-damage|p1a: Dragonite|59/100\n|move|p2b: Incineroar|Parting Shot|p1b: Samurott\n|-unboost|p1b: Samurott|atk|1\n|-unboost|p1b: Samurott|spa|1\n|\n|t:|1776405686\n|switch|p2b: Drampa|Drampa, L50, F|100/100|[from] Parting Shot\n|-ability|p2b: Drampa|Cloud Nine\n|move|p1b: Samurott|Ceaseless Edge|p2a: Farigiraf\n|-supereffective|p2a: Farigiraf|1\n|-damage|p2a: Farigiraf|0 fnt\n|-sidestart|p2: Kukino|Spikes\n|faint|p2a: Farigiraf\n|\n|upkeep\n|\n|t:|1776405698\n|switch|p2a: Incineroar|Incineroar, L50, F|100/100\n|-damage|p2a: Incineroar|88/100|[from] Spikes\n|-ability|p2a: Incineroar|Intimidate|boost\n|-fail|p1a: Dragonite|unboost|Attack|[from] ability: Inner Focus|[of] p1a: Dragonite\n|-unboost|p1b: Samurott|atk|1\n|turn|3\n|\n|t:|1776405713\n|switch|p1b: Tinkaton|Tinkaton, L50, F|100/100\n|detailschange|p2b: Drampa|Drampa-Mega, L50, F\n|-mega|p2b: Drampa|Drampa|Drampanite\n|move|p1a: Dragonite|Protect|p1a: Dragonite\n|-singleturn|p1a: Dragonite|Protect\n|move|p2b: Drampa|Hyper Voice|p1a: Dragonite|[spread] p1b\n|-activate|p1a: Dragonite|move: Protect\n|-resisted|p1b: Tinkaton|1\n|-damage|p1b: Tinkaton|79/100\n|move|p2a: Incineroar|Will-O-Wisp|p1a: Dragonite\n|-activate|p1a: Dragonite|move: Protect\n|\n|upkeep\n|turn|4\n|inactive|loklastaji has 30 seconds left.\n|\n|t:|1776405747\n|detailschange|p1a: Dragonite|Dragonite-Mega, L50, M\n|-mega|p1a: Dragonite|Dragonite|Dragoninite\n|move|p1b: Tinkaton|Fake Out|p2b: Drampa\n|-damage|p2b: Drampa|92/100\n|cant|p2b: Drampa|flinch\n|move|p2a: Incineroar|Will-O-Wisp|p1b: Tinkaton\n|-status|p1b: Tinkaton|brn\n|move|p1a: Dragonite|Ice Beam|p2b: Drampa\n|-supereffective|p2b: Drampa|1\n|-damage|p2b: Drampa|39/100\n|-ability|p2b: Drampa|Berserk|boost\n|-boost|p2b: Drampa|spa|1\n|\n|-damage|p1b: Tinkaton|73/100 brn|[from] brn\n|upkeep\n|turn|5\n|inactive|loklastaji has 30 seconds left.\n|inactive|Kukino has 30 seconds left.\n|\n|t:|1776405774\n|switch|p1b: Samurott|Samurott-Hisui, L50, M|86/100\n|move|p1a: Dragonite|Protect|p1a: Dragonite\n|-singleturn|p1a: Dragonite|Protect\n|move|p2b: Drampa|Hyper Voice|p1a: Dragonite|[spread] p1b\n|-activate|p1a: Dragonite|move: Protect\n|-damage|p1b: Samurott|0 fnt\n|faint|p1b: Samurott\n|move|p2a: Incineroar|Parting Shot|p1a: Dragonite\n|-activate|p1a: Dragonite|move: Protect\n|\n|-fieldend|move: Trick Room\n|upkeep\n|\n|t:|1776405789\n|switch|p1b: Decidueye|Decidueye-Hisui, L50, M|100/100\n|turn|6\n|\n|t:|1776405806\n|move|p2b: Drampa|Protect|p2b: Drampa\n|-singleturn|p2b: Drampa|Protect\n|move|p1b: Decidueye|Close Combat|p2a: Incineroar\n|-supereffective|p2a: Incineroar|1\n|-damage|p2a: Incineroar|0 fnt\n|-unboost|p1b: Decidueye|def|1\n|-unboost|p1b: Decidueye|spd|1\n|faint|p2a: Incineroar\n|move|p1a: Dragonite|Ice Beam|p2b: Drampa\n|-activate|p2b: Drampa|move: Protect\n|\n|upkeep\n|\n|t:|1776405818\n|switch|p2a: Gallade|Gallade, L50, M|100/100\n|-damage|p2a: Gallade|88/100|[from] Spikes\n|turn|7\n|\n|t:|1776405828\n|move|p1b: Decidueye|Close Combat|p2b: Drampa\n|-supereffective|p2b: Drampa|1\n|-damage|p2b: Drampa|0 fnt\n|-unboost|p1b: Decidueye|def|1\n|-unboost|p1b: Decidueye|spd|1\n|faint|p2b: Drampa\n|move|p1a: Dragonite|Air Slash|p2a: Gallade\n|-supereffective|p2a: Gallade|1\n|-damage|p2a: Gallade|10/100\n|cant|p2a: Gallade|flinch\n|\n|upkeep\n|turn|8\n|-message|Kukino forfeited.\n|\n|win|loklastaji\n|raw|loklastaji's rating: 1119 &rarr; <strong>1144</strong><br />(+25 for winning)\n|raw|Kukino's rating: 1121 &rarr; <strong>1096</strong><br />(-25 for losing)\n|l|\u2606Kukino\n|player|p2|\n",
  "uploadtime": 1776405844,
  "views": 19,
  "formatid": "gen9championsvgc2026regma",
  "rating": 1096,
  "private": 0,
  "password": null
}