{
  "id": "gen9championsvgc2026regma-2581003100",
  "format": "[Gen 9 Champions] VGC 2026 Reg M-A",
  "players": [
    "DrAlphaStone",
    "bluefire6"
  ],
  "log": "|j|\u2606DrAlphaStone\n|j|\u2606bluefire6\n|t:|1775950752\n|gametype|doubles\n|player|p1|DrAlphaStone|karen|1032\n|player|p2|bluefire6|ethan|1041\n|gen|9\n|tier|[Gen 9 Champions] VGC 2026 Reg M-A\n|rated|\n|rule|Species Clause: Limit one of each Pok\u00e9mon\n|rule|Item Clause: Limit 1 of each item\n|clearpoke\n|poke|p1|Floette-Eternal, L50, F|\n|poke|p1|Dragapult, L50, M|\n|poke|p1|Maushold, L50|\n|poke|p1|Sneasler, L50, M|\n|poke|p1|Incineroar, L50, F|\n|poke|p1|Aerodactyl, L50, F|\n|poke|p2|Aggron, L50, F|\n|poke|p2|Sableye, L50, M|\n|poke|p2|Sinistcha, L50|\n|poke|p2|Gallade, L50, M|\n|poke|p2|Kingambit, L50, F|\n|poke|p2|Aerodactyl, L50, F|\n|teampreview|4\n|\n|t:|1775950811\n|teamsize|p1|4\n|teamsize|p2|4\n|start\n|switch|p1a: Incineroar|Incineroar, L50, F|100/100\n|switch|p1b: Dragapult|Dragapult, L50, M|100/100\n|switch|p2a: Aggron|Aggron, L50, F, shiny|100/100\n|switch|p2b: Sableye|Sableye, L50, M, shiny|100/100\n|-ability|p1a: Incineroar|Intimidate|boost\n|-unboost|p2a: Aggron|atk|1\n|-unboost|p2b: Sableye|atk|1\n|turn|1\n|\n|t:|1775950836\n|detailschange|p2a: Aggron|Aggron-Mega, L50, F, shiny\n|-mega|p2a: Aggron|Aggron|Aggronite\n|move|p1a: Incineroar|Fake Out|p2a: Aggron\n|-resisted|p2a: Aggron|1\n|-damage|p2a: Aggron|98/100\n|move|p2b: Sableye|Fake Out|p1a: Incineroar\n|-damage|p1a: Incineroar|97/100\n|move|p1b: Dragapult|Reflect|p1b: Dragapult\n|-sidestart|p1: DrAlphaStone|Reflect\n|cant|p2a: Aggron|flinch\n|\n|upkeep\n|turn|2\n|\n|t:|1775950859\n|switch|p1b: Sneasler|Sneasler, L50, M|100/100\n|move|p2b: Sableye|Light Screen|p2b: Sableye\n|-sidestart|p2: bluefire6|move: Light Screen\n|move|p1a: Incineroar|Parting Shot|p2a: Aggron\n|-unboost|p2a: Aggron|atk|1\n|-unboost|p2a: Aggron|spa|1\n|\n|t:|1775950865\n|switch|p1a: Dragapult|Dragapult, L50, M|100/100|[from] Parting Shot\n|move|p2a: Aggron|Iron Defense|p2a: Aggron\n|-boost|p2a: Aggron|def|2\n|\n|upkeep\n|turn|3\n|\n|t:|1775950877\n|switch|p1b: Incineroar|Incineroar, L50, F|97/100\n|-ability|p1b: Incineroar|Intimidate|boost\n|-unboost|p2a: Aggron|atk|1\n|-unboost|p2b: Sableye|atk|1\n|move|p2b: Sableye|Will-O-Wisp|p1b: Incineroar\n|-immune|p1b: Incineroar\n|move|p1a: Dragapult|Will-O-Wisp|p2a: Aggron\n|-status|p2a: Aggron|brn\n|move|p2a: Aggron|Iron Defense|p2a: Aggron\n|-boost|p2a: Aggron|def|2\n|\n|-damage|p2a: Aggron|91/100 brn|[from] brn\n|upkeep\n|turn|4\n|\n|t:|1775950905\n|move|p1b: Incineroar|Fake Out|p2a: Aggron\n|-resisted|p2a: Aggron|1\n|-damage|p2a: Aggron|90/100 brn\n|move|p2b: Sableye|Taunt|p1a: Dragapult\n|-start|p1a: Dragapult|move: Taunt\n|move|p1a: Dragapult|Dragon Darts|p2b: Sableye\n|-crit|p2b: Sableye\n|-damage|p2b: Sableye|62/100\n|-anim|p1a: Dragapult|Dragon Darts|p2a: Aggron\n|-resisted|p2a: Aggron|1\n|-damage|p2a: Aggron|89/100 brn\n|cant|p2a: Aggron|flinch\n|\n|-damage|p2a: Aggron|82/100 brn|[from] brn\n|upkeep\n|turn|5\n|\n|t:|1775950928\n|switch|p2b: Gallade|Gallade, L50, M, shiny|100/100\n|move|p1a: Dragapult|Dragon Darts|p2b: Gallade\n|-damage|p2b: Gallade|70/100\n|-anim|p1a: Dragapult|Dragon Darts|p2a: Aggron\n|-resisted|p2a: Aggron|1\n|-damage|p2a: Aggron|81/100 brn\n|move|p1b: Incineroar|Parting Shot|p2a: Aggron\n|-unboost|p2a: Aggron|atk|1\n|-unboost|p2a: Aggron|spa|1\n|\n|t:|1775950937\n|switch|p1b: Sneasler|Sneasler, L50, M|100/100|[from] Parting Shot\n|move|p2a: Aggron|Iron Defense|p2a: Aggron\n|-boost|p2a: Aggron|def|2\n|\n|-damage|p2a: Aggron|75/100 brn|[from] brn\n|-sideend|p1: DrAlphaStone|Reflect\n|upkeep\n|turn|6\n|\n|t:|1775950957\n|move|p2a: Aggron|Protect|p2a: Aggron\n|-singleturn|p2a: Aggron|Protect\n|move|p1b: Sneasler|Fake Out|p2a: Aggron\n|-activate|p2a: Aggron|move: Protect\n|move|p1a: Dragapult|Dragon Darts|p2b: Gallade\n|-damage|p2b: Gallade|40/100\n|-enditem|p2b: Gallade|Sitrus Berry|[eat]\n|-heal|p2b: Gallade|65/100|[from] item: Sitrus Berry\n|-anim|p1a: Dragapult|Dragon Darts|p2b: Gallade\n|-damage|p2b: Gallade|38/100\n|move|p2b: Gallade|Psycho Cut|p1b: Sneasler\n|-supereffective|p1b: Sneasler|2\n|-damage|p1b: Sneasler|0 fnt\n|faint|p1b: Sneasler\n|\n|-damage|p2a: Aggron|68/100 brn|[from] brn\n|-end|p1a: Dragapult|move: Taunt\n|-sideend|p2: bluefire6|move: Light Screen\n|upkeep\n|\n|t:|1775950971\n|switch|p1b: Floette|Floette-Eternal, L50, F|100/100\n|turn|7\n|\n|t:|1775950993\n|detailschange|p1b: Floette|Floette-Mega, L50, F\n|-mega|p1b: Floette|Floette|Floettite\n|-ability|p1b: Floette|Fairy Aura\n|move|p1a: Dragapult|Reflect|p1a: Dragapult\n|-sidestart|p1: DrAlphaStone|Reflect\n|move|p2b: Gallade|Psycho Cut|p1b: Floette\n|-damage|p1b: Floette|71/100\n|move|p1b: Floette|Dazzling Gleam|p2a: Aggron|[spread] p2a,p2b\n|-resisted|p2a: Aggron|1\n|-supereffective|p2b: Gallade|1\n|-damage|p2a: Aggron|48/100 brn\n|-damage|p2b: Gallade|0 fnt\n|faint|p2b: Gallade\n|move|p2a: Aggron|Iron Head|p1b: Floette\n|-supereffective|p1b: Floette|1\n|-damage|p1b: Floette|62/100\n|\n|-damage|p2a: Aggron|42/100 brn|[from] brn\n|upkeep\n|\n|t:|1775951010\n|switch|p2b: Kingambit|Kingambit, L50, F, shiny|100/100\n|turn|8\n|\n|t:|1775951026\n|move|p2b: Kingambit|Sucker Punch|p1b: Floette\n|-resisted|p1b: Floette|1\n|-damage|p1b: Floette|48/100\n|move|p1a: Dragapult|Will-O-Wisp|p2b: Kingambit\n|-status|p2b: Kingambit|brn\n|move|p1b: Floette|Moonblast|p2b: Kingambit\n|-damage|p2b: Kingambit|27/100 brn\n|move|p2a: Aggron|Iron Head|p1b: Floette\n|-supereffective|p1b: Floette|1\n|-damage|p1b: Floette|39/100\n|\n|-damage|p2b: Kingambit|21/100 brn|[from] brn\n|-damage|p2a: Aggron|36/100 brn|[from] brn\n|upkeep\n|turn|9\n|\n|t:|1775951054\n|move|p2b: Kingambit|Sucker Punch|p1b: Floette\n|-resisted|p1b: Floette|1\n|-damage|p1b: Floette|31/100\n|move|p1a: Dragapult|Dragon Darts|p2a: Aggron\n|-resisted|p2a: Aggron|1\n|-damage|p2a: Aggron|34/100 brn\n|-anim|p1a: Dragapult|Dragon Darts|p2b: Kingambit\n|-resisted|p2b: Kingambit|1\n|-damage|p2b: Kingambit|13/100 brn\n|move|p1b: Floette|Dazzling Gleam|p2a: Aggron|[spread] p2a,p2b\n|-resisted|p2a: Aggron|1\n|-damage|p2a: Aggron|14/100 brn\n|-damage|p2b: Kingambit|0 fnt\n|faint|p2b: Kingambit\n|move|p2a: Aggron|Iron Head|p1b: Floette\n|-supereffective|p1b: Floette|1\n|-crit|p1b: Floette\n|-damage|p1b: Floette|0 fnt\n|faint|p1b: Floette\n|\n|-damage|p2a: Aggron|8/100 brn|[from] brn\n|upkeep\n|\n|t:|1775951072\n|switch|p1b: Incineroar|Incineroar, L50, F|97/100\n|switch|p2b: Sableye|Sableye, L50, M, shiny|62/100\n|-ability|p1b: Incineroar|Intimidate|boost\n|-unboost|p2a: Aggron|atk|1\n|-unboost|p2b: Sableye|atk|1\n|turn|10\n|\n|t:|1775951099\n|move|p1b: Incineroar|Fake Out|p2a: Aggron\n|-resisted|p2a: Aggron|1\n|-damage|p2a: Aggron|7/100 brn\n|move|p2b: Sableye|Taunt|p1a: Dragapult\n|-start|p1a: Dragapult|move: Taunt\n|move|p1a: Dragapult|Dragon Darts|p2a: Aggron\n|-resisted|p2a: Aggron|1\n|-damage|p2a: Aggron|6/100 brn\n|-anim|p1a: Dragapult|Dragon Darts|p2b: Sableye\n|-damage|p2b: Sableye|39/100\n|cant|p2a: Aggron|flinch\n|\n|-damage|p2a: Aggron|0 fnt|[from] brn\n|faint|p2a: Aggron\n|upkeep\n|turn|11\n|\n|t:|1775951115\n|move|p2b: Sableye|Will-O-Wisp|p1a: Dragapult\n|-status|p1a: Dragapult|brn\n|move|p1a: Dragapult|Dragon Darts|p2b: Sableye\n|-damage|p2b: Sableye|28/100\n|-anim|p1a: Dragapult|Dragon Darts|p2b: Sableye\n|-damage|p2b: Sableye|16/100\n|move|p1b: Incineroar|Flare Blitz|p2b: Sableye\n|-damage|p2b: Sableye|0 fnt\n|faint|p2b: Sableye\n|-damage|p1b: Incineroar|93/100|[from] Recoil\n|\n|win|DrAlphaStone\n|raw|DrAlphaStone's rating: 1032 &rarr; <strong>1068</strong><br />(+36 for winning)\n|raw|bluefire6's rating: 1041 &rarr; <strong>1024</strong><br />(-17 for losing)\n",
  "uploadtime": 1775951120,
  "views": 16,
  "formatid": "gen9championsvgc2026regma",
  "rating": 1024,
  "private": 0,
  "password": null
}