{
  "id": "gen9championsvgc2026regma-2583721845",
  "format": "[Gen 9 Champions] VGC 2026 Reg M-A",
  "players": [
    "justplaywhatulike",
    "Shwammy2"
  ],
  "log": "|j|\u2606justplaywhatulike\n|j|\u2606Shwammy2\n|t:|1776193218\n|gametype|doubles\n|player|p1|justplaywhatulike|doubleteam|1136\n|player|p2|Shwammy2|acetrainer-gen4dp|1083\n|gen|9\n|tier|[Gen 9 Champions] VGC 2026 Reg M-A\n|rated|\n|rule|Species Clause: Limit one of each Pok\u00e9mon\n|rule|Item Clause: Limit 1 of each item\n|clearpoke\n|poke|p1|Lopunny, L50, F|\n|poke|p1|Sinistcha, L50|\n|poke|p1|Talonflame, L50, F|\n|poke|p1|Basculegion, L50, M|\n|poke|p1|Garchomp, L50, M|\n|poke|p1|Kingambit, L50, F|\n|poke|p2|Golurk, L50|\n|poke|p2|Sneasler, L50, M|\n|poke|p2|Dragapult, L50, F|\n|poke|p2|Whimsicott, L50, F|\n|poke|p2|Ninetales, L50, F|\n|poke|p2|Rotom-Wash, L50|\n|teampreview|4\n|inactive|Battle timer is ON: inactive players will automatically lose when time's up. (requested by Shwammy2)\njustplaywhatulike has agreed to open team sheets.\n|c|\u2606justplaywhatulike|Glhf\n|c|\u2606Shwammy2|glhf\nShwammy2 has agreed to open team sheets.\n|showteam|p1|Lopunny||Lopunnite|Limber|CloseCombat,FakeOut,TripleAxel,Protect|||F|||50|]Sinistcha||Leftovers|Hospitality|MatchaGotcha,RagePowder,TrickRoom,LifeDew||||||50|]Talonflame||FocusSash|GaleWings|BraveBird,Taunt,Tailwind,WillOWisp|||F|||50|]Basculegion||ChoiceScarf|Adaptability|WaveCrash,LastRespects,AquaJet,FlipTurn|||M|||50|]Garchomp||WhiteHerb|RoughSkin|Earthquake,DragonClaw,RockSlide,Protect|||M|||50|]Kingambit||ChopleBerry|Defiant|KowtowCleave,IronHead,SuckerPunch,Protect|||F|||50|\n|showteam|p2|Golurk||Golurkite|NoGuard|Poltergeist,HeadlongRush,StoneEdge,Protect||||||50|]Sneasler||WhiteHerb|Unburden|DireClaw,CloseCombat,FakeOut,Protect|||M|||50|]Dragapult||FocusSash|ClearBody|DragonDarts,SuckerPunch,PhantomForce,Uturn|||F|||50|]Whimsicott||MentalHerb|Prankster|Moonblast,Tailwind,HelpingHand,SunnyDay|||F|||50|]Ninetales||Charcoal|Drought|MysticalFire,Encore,HelpingHand,Protect|||F|||50|]Rotom-Wash||Leftovers|Levitate|HydroPump,Protect,WillOWisp,Electroweb||||||50|\n|inactive|justplaywhatulike has 60 seconds left.\n|inactive|Shwammy2 has 60 seconds left.\n|inactive|Shwammy2 has 30 seconds left.\n|inactive|Shwammy2 has 20 seconds left.\n|\n|t:|1776193289\n|teamsize|p1|4\n|teamsize|p2|4\n|start\n|switch|p1a: Lopunny|Lopunny, L50, F|100/100\n|switch|p1b: Talonflame|Talonflame, L50, F|100/100\n|switch|p2a: Golurk|Golurk, L50|100/100\n|switch|p2b: Whimsicott|Whimsicott, L50, F|100/100\n|turn|1\n|inactive|justplaywhatulike has 30 seconds left.\n|\n|t:|1776193318\n|detailschange|p1a: Lopunny|Lopunny-Mega, L50, F\n|-mega|p1a: Lopunny|Lopunny|Lopunnite\n|move|p2a: Golurk|Protect|p2a: Golurk\n|-singleturn|p2a: Golurk|Protect\n|move|p1a: Lopunny|Fake Out|p2b: Whimsicott\n|-damage|p2b: Whimsicott|65/100\n|cant|p2b: Whimsicott|flinch\n|move|p1b: Talonflame|Will-O-Wisp|p2a: Golurk\n|-activate|p2a: Golurk|move: Protect\n|\n|upkeep\n|turn|2\n|\n|t:|1776193334\n|move|p2b: Whimsicott|Tailwind|p2b: Whimsicott\n|-sidestart|p2: Shwammy2|move: Tailwind\n|move|p1a: Lopunny|Triple Axel|p2b: Whimsicott\n|-supereffective|p2b: Whimsicott|1\n|-damage|p2b: Whimsicott|44/100\n|-supereffective|p2b: Whimsicott|1\n|-damage|p2b: Whimsicott|0 fnt\n|faint|p2b: Whimsicott\n|-hitcount|p2: Whimsicott|2\n|move|p1b: Talonflame|Will-O-Wisp|p2a: Golurk\n|-status|p2a: Golurk|brn\n|move|p2a: Golurk|Stone Edge|p1b: Talonflame\n|-supereffective|p1b: Talonflame|2\n|-enditem|p1b: Talonflame|Focus Sash\n|-damage|p1b: Talonflame|1/100\n|\n|-damage|p2a: Golurk|94/100 brn|[from] brn\n|upkeep\n|\n|t:|1776193338\n|switch|p2b: Sneasler|Sneasler, L50, M|100/100\n|turn|3\n|\n|t:|1776193357\n|switch|p1b: Kingambit|Kingambit, L50, F|100/100\n|detailschange|p2a: Golurk|Golurk-Mega, L50\n|-mega|p2a: Golurk|Golurk|Golurkite\n|move|p1a: Lopunny|Protect|p1a: Lopunny\n|-singleturn|p1a: Lopunny|Protect\n|move|p2b: Sneasler|Fake Out|p1b: Kingambit\n|-resisted|p1b: Kingambit|1\n|-damage|p1b: Kingambit|95/100\n|move|p2a: Golurk|Headlong Rush|p1a: Lopunny\n|-ability|p2a: Golurk|Unseen Fist\n|-zbroken|p1a: Lopunny\n|-damage|p1a: Lopunny|88/100\n|-unboost|p2a: Golurk|def|1\n|-unboost|p2a: Golurk|spd|1\n|\n|-damage|p2a: Golurk|88/100 brn|[from] brn\n|upkeep\n|turn|4\n|inactive|justplaywhatulike has 30 seconds left.\n|\n|t:|1776193392\n|switch|p1a: Garchomp|Garchomp, L50, M|100/100\n|move|p2a: Golurk|Protect|p2a: Golurk\n|-singleturn|p2a: Golurk|Protect\n|move|p1b: Kingambit|Protect|p1b: Kingambit\n|-singleturn|p1b: Kingambit|Protect\n|move|p2b: Sneasler|Close Combat|p1a: Garchomp\n|-damage|p1a: Garchomp|33/100\n|-unboost|p2b: Sneasler|def|1\n|-unboost|p2b: Sneasler|spd|1\n|-damage|p2b: Sneasler|88/100|[from] ability: Rough Skin|[of] p1a: Garchomp\n|-enditem|p2b: Sneasler|White Herb\n|-clearnegativeboost|p2b: Sneasler|[silent]\n|\n|-damage|p2a: Golurk|82/100 brn|[from] brn\n|upkeep\n|turn|5\n|\n|t:|1776193408\n|move|p1a: Garchomp|Protect|p1a: Garchomp\n|-singleturn|p1a: Garchomp|Protect\n|move|p1b: Kingambit|Sucker Punch|p2a: Golurk\n|-supereffective|p2a: Golurk|1\n|-damage|p2a: Golurk|0 fnt\n|faint|p2a: Golurk\n|move|p2b: Sneasler|Close Combat|p1b: Kingambit\n|-supereffective|p1b: Kingambit|2\n|-enditem|p1b: Kingambit|Chople Berry|[eat]\n|-enditem|p1b: Kingambit|Chople Berry|[weaken]\n|-damage|p1b: Kingambit|0 fnt\n|-unboost|p2b: Sneasler|def|1\n|-unboost|p2b: Sneasler|spd|1\n|faint|p1b: Kingambit\n|\n|-sideend|p2: Shwammy2|move: Tailwind\n|upkeep\n|\n|t:|1776193422\n|switch|p2a: B-2|Dragapult, L50, F, shiny|100/100\n|switch|p1b: Lopunny|Lopunny-Mega, L50, F|88/100\n|turn|6\n|\n|t:|1776193438\n|move|p1b: Lopunny|Fake Out|p2b: Sneasler\n|-damage|p2b: Sneasler|36/100\n|cant|p2b: Sneasler|flinch\n|move|p2a: B-2|Dragon Darts|p1b: Lopunny\n|-damage|p1b: Lopunny|58/100\n|-anim|p2a: B-2|Dragon Darts|p1a: Garchomp\n|-supereffective|p1a: Garchomp|1\n|-damage|p1a: Garchomp|0 fnt\n|faint|p1a: Garchomp\n|\n|upkeep\n|\n|t:|1776193448\n|switch|p1a: Talonflame|Talonflame, L50, F|1/100\n|turn|7\n|\n|t:|1776193457\n|move|p2b: Sneasler|Close Combat|p1b: Lopunny\n|-supereffective|p1b: Lopunny|1\n|-damage|p1b: Lopunny|0 fnt\n|-unboost|p2b: Sneasler|def|1\n|-unboost|p2b: Sneasler|spd|1\n|faint|p1b: Lopunny\n|move|p2a: B-2|Dragon Darts|p1a: Talonflame\n|-damage|p1a: Talonflame|0 fnt\n|faint|p1a: Talonflame\n|\n|win|Shwammy2\n|raw|justplaywhatulike's rating: 1136 &rarr; <strong>1107</strong><br />(-29 for losing)\n|raw|Shwammy2's rating: 1083 &rarr; <strong>1115</strong><br />(+32 for winning)\n|c|\u2606Shwammy2|ggwp\n|c|\u2606justplaywhatulike|Ggs wp\n",
  "uploadtime": 1776193467,
  "views": 18,
  "formatid": "gen9championsvgc2026regma",
  "rating": 1107,
  "private": 0,
  "password": null
}