{
  "id": "gen9championsvgc2026regma-2588677532",
  "format": "[Gen 9 Champions] VGC 2026 Reg M-A",
  "players": [
    "Sublamb",
    "sethwell"
  ],
  "log": "|j|\u2606Sublamb\n|j|\u2606sethwell\n|t:|1776656700\n|gametype|doubles\n|player|p1|Sublamb|266|1472\n|player|p2|sethwell|blue|1471\n|gen|9\n|tier|[Gen 9 Champions] VGC 2026 Reg M-A\n|rated|\n|rule|Species Clause: Limit one of each Pok\u00e9mon\n|rule|Item Clause: Limit 1 of each item\n|clearpoke\n|poke|p1|Basculegion, L50, M|\n|poke|p1|Gyarados, L50, F|\n|poke|p1|Archaludon, L50, M|\n|poke|p1|Milotic, L50, M|\n|poke|p1|Banette, L50, M|\n|poke|p1|Sinistcha, L50|\n|poke|p2|Sinistcha, L50|\n|poke|p2|Tyranitar, L50, F|\n|poke|p2|Excadrill, L50, F|\n|poke|p2|Blastoise, L50, F|\n|poke|p2|Sneasler, L50, F|\n|poke|p2|Noivern, L50, M|\n|teampreview|4\n|inactive|Battle timer is ON: inactive players will automatically lose when time's up. (requested by sethwell)\n|inactive|sethwell has 60 seconds left.\n|inactive|sethwell has 30 seconds left.\n|inactive|sethwell has 20 seconds left.\n|inactive|sethwell has 15 seconds left.\n|inactive|sethwell has 10 seconds left.\n|\n|t:|1776656789\n|teamsize|p1|4\n|teamsize|p2|4\n|start\n|switch|p1a: Gyarados|Gyarados, L50, F|100/100\n|switch|p1b: Banette|Banette, L50, M|100/100\n|switch|p2a: Sinistcha|Sinistcha, L50|100/100\n|switch|p2b: Blastoise|Blastoise, L50, F|100/100\n|-ability|p1a: Gyarados|Intimidate|boost\n|-unboost|p2a: Sinistcha|atk|1\n|-unboost|p2b: Blastoise|atk|1\n|-item|p2a: Sinistcha|Colbur Berry|[from] ability: Frisk|[of] p1b: Banette\n|-item|p2b: Blastoise|Blastoisinite|[from] ability: Frisk|[of] p1b: Banette\n|turn|1\n|inactive|Sublamb has 30 seconds left.\n|\n|t:|1776656820\n|detailschange|p2b: Blastoise|Blastoise-Mega, L50, F\n|-mega|p2b: Blastoise|Blastoise|Blastoisinite\n|detailschange|p1b: Banette|Banette-Mega, L50, M\n|-mega|p1b: Banette|Banette|Banettite\n|move|p2a: Sinistcha|Rage Powder|p2a: Sinistcha\n|-singleturn|p2a: Sinistcha|move: Rage Powder\n|move|p1a: Gyarados|Power Whip|p2a: Sinistcha\n|-resisted|p2a: Sinistcha|1\n|-damage|p2a: Sinistcha|84/100\n|move|p1b: Banette|Poltergeist|p2a: Sinistcha\n|-activate|p2a: Sinistcha|move: Poltergeist|Colbur Berry\n|-supereffective|p2a: Sinistcha|1\n|-damage|p2a: Sinistcha|0 fnt\n|faint|p2a: Sinistcha\n|move|p2b: Blastoise|Shell Smash|p2b: Blastoise\n|-unboost|p2b: Blastoise|def|1\n|-unboost|p2b: Blastoise|spd|1\n|-boost|p2b: Blastoise|atk|2\n|-boost|p2b: Blastoise|spa|2\n|-boost|p2b: Blastoise|spe|2\n|\n|upkeep\n|inactive|sethwell has 30 seconds left.\n|\n|t:|1776656845\n|switch|p2a: Excadrill|Excadrill, L50, F|100/100\n|turn|2\n|\n|t:|1776656851\n|move|p2b: Blastoise|Protect|p2b: Blastoise\n|-singleturn|p2b: Blastoise|Protect\n|move|p1a: Gyarados|Protect|p1a: Gyarados\n|-singleturn|p1a: Gyarados|Protect\n|move|p1b: Banette|Destiny Bond|p1b: Banette\n|-singlemove|p1b: Banette|Destiny Bond\n|move|p2a: Excadrill|Rock Slide|p1b: Banette|[spread] p1b\n|-activate|p1a: Gyarados|move: Protect\n|-damage|p1b: Banette|64/100\n|\n|upkeep\n|turn|3\n|inactive|sethwell has 30 seconds left.\n|\n|t:|1776656883\n|switch|p1a: Sinistcha|Sinistcha, L50|100/100\n|-heal|p1b: Banette|88/100|[from] ability: Hospitality|[of] p1a: Sinistcha\n|move|p1b: Banette|Will-O-Wisp|p2a: Excadrill\n|-status|p2a: Excadrill|brn\n|move|p2b: Blastoise|Dark Pulse|p1a: Sinistcha\n|-supereffective|p1a: Sinistcha|1\n|-damage|p1a: Sinistcha|0 fnt\n|faint|p1a: Sinistcha\n|move|p2a: Excadrill|High Horsepower|p1b: Banette\n|-crit|p1b: Banette\n|-damage|p1b: Banette|25/100\n|\n|-damage|p2a: Excadrill|95/100 brn|[from] brn\n|upkeep\n|\n|t:|1776656901\n|switch|p1a: Gyarados|Gyarados, L50, F|100/100\n|-ability|p1a: Gyarados|Intimidate|boost\n|-unboost|p2a: Excadrill|atk|1\n|-unboost|p2b: Blastoise|atk|1\n|turn|4\n|\n|t:|1776656919\n|move|p1b: Banette|Destiny Bond|p1b: Banette\n|-singlemove|p1b: Banette|Destiny Bond\n|move|p2b: Blastoise|Dark Pulse|p1a: Gyarados\n|-damage|p1a: Gyarados|5/100\n|move|p1a: Gyarados|Dragon Dance|p1a: Gyarados\n|-boost|p1a: Gyarados|atk|1\n|-boost|p1a: Gyarados|spe|1\n|move|p2a: Excadrill|High Horsepower|p1b: Banette\n|-damage|p1b: Banette|0 fnt\n|faint|p1b: Banette\n|-activate|p1b: Banette|move: Destiny Bond\n|faint|p2a: Excadrill\n|\n|upkeep\n|\n|t:|1776656932\n|switch|p2a: Tyranitar|Tyranitar, L50, F|100/100\n|switch|p1b: Archaludon|Archaludon, L50, M|100/100\n|-weather|Sandstorm|[from] ability: Sand Stream|[of] p2a: Tyranitar\n|turn|5\n|\n|t:|1776656945\n|move|p2b: Blastoise|Protect|p2b: Blastoise\n|-singleturn|p2b: Blastoise|Protect\n|move|p2a: Tyranitar|Protect|p2a: Tyranitar\n|-singleturn|p2a: Tyranitar|Protect\n|move|p1a: Gyarados|Power Whip|p2b: Blastoise\n|-activate|p2b: Blastoise|move: Protect\n|move|p1b: Archaludon|Aura Sphere|p2a: Tyranitar\n|-activate|p2a: Tyranitar|move: Protect\n|\n|-weather|Sandstorm|[upkeep]\n|-damage|p2b: Blastoise|95/100|[from] Sandstorm\n|-damage|p1a: Gyarados|0 fnt|[from] Sandstorm\n|faint|p1a: Gyarados\n|upkeep\n|turn|6\n|-message|Sublamb forfeited.\n|\n|win|sethwell\n|raw|Sublamb's rating: 1472 &rarr; <strong>1452</strong><br />(-20 for losing)\n|raw|sethwell's rating: 1471 &rarr; <strong>1491</strong><br />(+20 for winning)\n|l|\u2606Sublamb\n|player|p1|\n|l|\u2606sethwell\n|player|p2|\n",
  "uploadtime": 1776657141,
  "views": 7,
  "formatid": "gen9championsvgc2026regma",
  "rating": 1452,
  "private": 0,
  "password": null
}