{
  "id": "gen9championsvgc2026regma-2589549824",
  "format": "[Gen 9 Champions] VGC 2026 Reg M-A",
  "players": [
    "Inconspicuous Lamp",
    "alvarriderr"
  ],
  "log": "|j|\u2606Inconspicuous Lamp\n|j|\u2606alvarriderr\n|t:|1776733217\n|gametype|doubles\n|player|p1|Inconspicuous Lamp|depotagent|1195\n|player|p2|alvarriderr|hilbert-wonderlauncher|1290\n|gen|9\n|tier|[Gen 9 Champions] VGC 2026 Reg M-A\n|rated|\n|rule|Species Clause: Limit one of each Pok\u00e9mon\n|rule|Item Clause: Limit 1 of each item\n|clearpoke\n|poke|p1|Cofagrigus, L50, M|\n|poke|p1|Emboar, L50, F, shiny|\n|poke|p1|Kingambit, L50, M, shiny|\n|poke|p1|Sinistcha-Masterpiece, L50, shiny|\n|poke|p1|Sneasler, L50, M, shiny|\n|poke|p1|Primarina, L50, M, shiny|\n|poke|p2|Hawlucha, L50, M|\n|poke|p2|Excadrill, L50, M|\n|poke|p2|Tyranitar, L50, F|\n|poke|p2|Sinistcha, L50|\n|poke|p2|Gardevoir, L50, M|\n|poke|p2|Volcarona, L50, M|\n|teampreview|4\n|inactive|Battle timer is ON: inactive players will automatically lose when time's up. (requested by Inconspicuous Lamp)\nalvarriderr has agreed to open team sheets.\n|inactive|Inconspicuous Lamp has 60 seconds left.\n|inactive|alvarriderr has 60 seconds left.\n|inactive|alvarriderr has 30 seconds left.\n|\n|t:|1776733282\n|teamsize|p1|4\n|teamsize|p2|4\n|start\n|switch|p1a: Cofagrigus|Cofagrigus, L50, M|100/100\n|switch|p1b: Sneasler|Sneasler, L50, M, shiny|100/100\n|switch|p2a: Hawlucha|Hawlucha, L50, M|100/100\n|switch|p2b: Excadrill|Excadrill, L50, M|100/100\n|turn|1\n|inactive|alvarriderr has 30 seconds left.\n|inactive|alvarriderr has 20 seconds left.\n|\n|t:|1776733320\n|detailschange|p2a: Hawlucha|Hawlucha-Mega, L50, M\n|-mega|p2a: Hawlucha|Hawlucha|Hawluchanite\n|move|p2b: Excadrill|Protect|p2b: Excadrill\n|-singleturn|p2b: Excadrill|Protect\n|move|p1b: Sneasler|Fake Out|p2a: Hawlucha\n|-damage|p2a: Hawlucha|86/100\n|cant|p2a: Hawlucha|flinch\n|move|p1a: Cofagrigus|Trick Room|p1a: Cofagrigus\n|-fieldstart|move: Trick Room|[of] p1a: Cofagrigus\n|\n|upkeep\n|turn|2\n|inactive|alvarriderr has 30 seconds left.\n|\n|t:|1776733349\n|switch|p2b: Sinistcha|Sinistcha, L50|100/100\n|-heal|p2a: Hawlucha|100/100|[from] ability: Hospitality|[of] p2b: Sinistcha\n|move|p1a: Cofagrigus|Will-O-Wisp|p2a: Hawlucha\n|-status|p2a: Hawlucha|brn\n|move|p2a: Hawlucha|Dual Wingbeat|p1b: Sneasler\n|-supereffective|p1b: Sneasler|1\n|-damage|p1b: Sneasler|70/100\n|-supereffective|p1b: Sneasler|1\n|-damage|p1b: Sneasler|41/100\n|-hitcount|p1b: Sneasler|2\n|move|p1b: Sneasler|Close Combat|p2b: Sinistcha\n|-immune|p2b: Sinistcha\n|\n|-damage|p2a: Hawlucha|95/100 brn|[from] brn\n|upkeep\n|turn|3\n|inactive|Inconspicuous Lamp has 30 seconds left.\n|inactive|alvarriderr has 30 seconds left.\n|inactive|alvarriderr has 20 seconds left.\n|\n|t:|1776733388\n|switch|p1b: Primarina|Primarina, L50, M, shiny|100/100\n|move|p1a: Cofagrigus|Shadow Ball|p2b: Sinistcha\n|-supereffective|p2b: Sinistcha|1\n|-damage|p2b: Sinistcha|35/100\n|-unboost|p2b: Sinistcha|spd|1\n|-enditem|p2b: Sinistcha|Sitrus Berry|[eat]\n|-heal|p2b: Sinistcha|60/100|[from] item: Sitrus Berry\n|move|p2b: Sinistcha|Matcha Gotcha|p1b: Primarina|[spread] p1a,p1b\n|-supereffective|p1b: Primarina|1\n|-damage|p1a: Cofagrigus|82/100\n|-heal|p2b: Sinistcha|68/100|[from] drain|[of] p1a: Cofagrigus\n|-damage|p1b: Primarina|57/100\n|-heal|p2b: Sinistcha|90/100|[from] drain|[of] p1b: Primarina\n|-status|p1b: Primarina|brn\n|move|p2a: Hawlucha|Entrainment|p1a: Cofagrigus\n|-ability|p1a: Cofagrigus|No Guard|Mummy|[from] move: Entrainment|[of] p2a: Hawlucha\n|\n|-heal|p1a: Cofagrigus|88/100|[from] item: Leftovers\n|-damage|p1b: Primarina|51/100 brn|[from] brn\n|-damage|p2a: Hawlucha|89/100 brn|[from] brn\n|upkeep\n|turn|4\n|inactive|Inconspicuous Lamp has 30 seconds left.\n|inactive|alvarriderr has 30 seconds left.\n|inactive|alvarriderr has 20 seconds left.\n|inactive|alvarriderr has 15 seconds left.\n|inactive|alvarriderr has 10 seconds left.\n|\n|t:|1776733436\n|move|p1a: Cofagrigus|Shadow Ball|p2b: Sinistcha\n|-supereffective|p2b: Sinistcha|1\n|-damage|p2b: Sinistcha|0 fnt\n|faint|p2b: Sinistcha\n|move|p1b: Primarina|Moonblast|p2a: Hawlucha\n|-supereffective|p2a: Hawlucha|1\n|-damage|p2a: Hawlucha|0 fnt\n|faint|p2a: Hawlucha\n|\n|-heal|p1a: Cofagrigus|94/100|[from] item: Leftovers\n|-damage|p1b: Primarina|45/100 brn|[from] brn\n|upkeep\n|\n|t:|1776733447\n|switch|p2b: Volcarona|Volcarona, L50, M|100/100\n|switch|p2a: Excadrill|Excadrill, L50, M|100/100\n|turn|5\n|-activate|p1b: Primarina|item: Quick Claw\n|\n|t:|1776733462\n|move|p2b: Volcarona|Rage Powder|p2b: Volcarona\n|-singleturn|p2b: Volcarona|move: Rage Powder\n|move|p1b: Primarina|Hyper Voice|p2a: Excadrill|[spread] p2a,p2b\n|-supereffective|p2a: Excadrill|1\n|-supereffective|p2b: Volcarona|1\n|-enditem|p2a: Excadrill|Focus Sash\n|-damage|p2a: Excadrill|1/100\n|-damage|p2b: Volcarona|19/100\n|move|p1a: Cofagrigus|Will-O-Wisp|p2b: Volcarona\n|-immune|p2b: Volcarona\n|move|p2a: Excadrill|Fissure|p1a: Cofagrigus\n|-damage|p1a: Cofagrigus|0 fnt\n|faint|p1a: Cofagrigus\n|-ohko\n|\n|-damage|p1b: Primarina|39/100 brn|[from] brn\n|-fieldend|move: Trick Room\n|upkeep\n|\n|t:|1776733480\n|switch|p1a: Sneasler|Sneasler, L50, M, shiny|41/100\n|turn|6\n|\n|t:|1776733505\n|move|p2a: Excadrill|Protect|p2a: Excadrill\n|-singleturn|p2a: Excadrill|Protect\n|move|p1b: Primarina|Protect|p1b: Primarina\n|-singleturn|p1b: Primarina|Protect\n|move|p1a: Sneasler|Fake Out|p2a: Excadrill\n|-activate|p2a: Excadrill|move: Protect\n|move|p2b: Volcarona|Tailwind|p2b: Volcarona\n|-sidestart|p2: alvarriderr|move: Tailwind\n|\n|-damage|p1b: Primarina|33/100 brn|[from] brn\n|upkeep\n|turn|7\n|inactive|Inconspicuous Lamp has 30 seconds left.\n|inactive|alvarriderr has 30 seconds left.\n|\n|t:|1776733537\n|move|p2b: Volcarona|Heat Wave|p1a: Sneasler|[spread] p1b\n|-miss|p2b: Volcarona|p1a: Sneasler\n|-resisted|p1b: Primarina|1\n|-crit|p1b: Primarina\n|-damage|p1b: Primarina|9/100 brn\n|move|p2a: Excadrill|Iron Head|p1b: Primarina\n|-damage|p1b: Primarina|0 fnt\n|faint|p1b: Primarina\n|move|p1a: Sneasler|Dire Claw|p2b: Volcarona\n|-damage|p2b: Volcarona|0 fnt\n|faint|p2b: Volcarona\n|\n|upkeep\n|\n|t:|1776733550\n|switch|p1b: Emboar|Emboar, L50, F, shiny|100/100\n|turn|8\n|inactive|Inconspicuous Lamp has 30 seconds left.\n|\n|t:|1776733580\n|detailschange|p1b: Emboar|Emboar-Mega, L50, F, shiny\n|-mega|p1b: Emboar|Emboar|Emboarite\n|-ability|p1b: Emboar|Mold Breaker\n|move|p2a: Excadrill|Earthquake|p1b: Emboar|[spread] p1a,p1b\n|-supereffective|p1a: Sneasler|1\n|-supereffective|p1b: Emboar|1\n|-damage|p1a: Sneasler|0 fnt\n|-damage|p1b: Emboar|28/100\n|faint|p1a: Sneasler\n|move|p1b: Emboar|Close Combat|p2a: Excadrill\n|-supereffective|p2a: Excadrill|1\n|-damage|p2a: Excadrill|0 fnt\n|-unboost|p1b: Emboar|def|1\n|-unboost|p1b: Emboar|spd|1\n|faint|p2a: Excadrill\n|\n|win|Inconspicuous Lamp\n|raw|Inconspicuous Lamp's rating: 1195 &rarr; <strong>1227</strong><br />(+32 for winning)\n|raw|alvarriderr's rating: 1290 &rarr; <strong>1258</strong><br />(-32 for losing)\n|c|\u2606alvarriderr|gg\n|l|\u2606Inconspicuous Lamp\n|player|p1|\n",
  "uploadtime": 1776733597,
  "views": 4,
  "formatid": "gen9championsvgc2026regma",
  "rating": 1227,
  "private": 0,
  "password": null
}