{
  "id": "gen9championsvgc2026regma-2580801625",
  "format": "[Gen 9 Champions] VGC 2026 Reg M-A",
  "players": [
    "1%ofGamblers",
    "surprise mother fu"
  ],
  "log": "|j|\u26061%ofGamblers\n|j|\u2606surprise mother fu\n|t:|1775933618\n|gametype|doubles\n|player|p1|1%ofGamblers|2|1075\n|player|p2|surprise mother fu|marshal|1055\n|gen|9\n|tier|[Gen 9 Champions] VGC 2026 Reg M-A\n|rated|\n|rule|Species Clause: Limit one of each Pok\u00e9mon\n|rule|Item Clause: Limit 1 of each item\n|clearpoke\n|poke|p1|Talonflame, L50, F|\n|poke|p1|Glimmora, L50, M|\n|poke|p1|Chesnaught, L50, M|\n|poke|p1|Kingambit, L50, M|\n|poke|p1|Tyranitar, L50, F|\n|poke|p1|Incineroar, L50, F|\n|poke|p2|Crabominable, L50, M|\n|poke|p2|Torkoal, L50, M|\n|poke|p2|Farigiraf, L50, M|\n|poke|p2|Slowking, L50, M|\n|poke|p2|Tsareena, L50, F|\n|poke|p2|Incineroar, L50, M|\n|teampreview|4\n|inactive|Battle timer is ON: inactive players will automatically lose when time's up. (requested by 1%ofGamblers)\n|\n|t:|1775933675\n|teamsize|p1|4\n|teamsize|p2|4\n|start\n|switch|p1a: Chesnaught|Chesnaught, L50, M|100/100\n|switch|p1b: Tyranitar|Tyranitar, L50, F|100/100\n|switch|p2a: Crabominable|Crabominable, L50, M|100/100\n|switch|p2b: Farigiraf|Farigiraf, L50, M|100/100\n|-weather|Sandstorm|[from] ability: Sand Stream|[of] p1b: Tyranitar\n|turn|1\n|inactive|1%ofGamblers has 30 seconds left.\n|inactive|1%ofGamblers has 20 seconds left.\n|inactive|1%ofGamblers has 15 seconds left.\n|\n|t:|1775933718\n|detailschange|p1b: Tyranitar|Tyranitar-Mega, L50, F\n|-mega|p1b: Tyranitar|Tyranitar|Tyranitarite\n|move|p1b: Tyranitar|Rock Slide|p2a: Crabominable|[spread] p2a,p2b\n|-damage|p2a: Crabominable|64/100\n|-damage|p2b: Farigiraf|68/100\n|move|p1a: Chesnaught|Body Press|p2a: Crabominable\n|-supereffective|p2a: Crabominable|1\n|-damage|p2a: Crabominable|0 fnt\n|faint|p2a: Crabominable\n|move|p2b: Farigiraf|Trick Room|p2b: Farigiraf\n|-fieldstart|move: Trick Room|[of] p2b: Farigiraf\n|\n|-weather|Sandstorm|[upkeep]\n|-damage|p2b: Farigiraf|62/100|[from] Sandstorm\n|-damage|p1a: Chesnaught|94/100|[from] Sandstorm\n|-heal|p1a: Chesnaught|100/100|[from] item: Leftovers\n|upkeep\n|\n|t:|1775933736\n|switch|p2a: Torkoal|Torkoal, L50, M|100/100\n|-weather|SunnyDay|[from] ability: Drought|[of] p2a: Torkoal\n|turn|2\n|\n|t:|1775933749\n|switch|p1b: Incineroar|Incineroar, L50, F|100/100\n|-ability|p1b: Incineroar|Intimidate|boost\n|-unboost|p2a: Torkoal|atk|1\n|-unboost|p2b: Farigiraf|atk|1\n|move|p2b: Farigiraf|Helping Hand|p2a: Torkoal\n|-singleturn|p2a: Torkoal|Helping Hand|[of] p2b: Farigiraf\n|move|p1a: Chesnaught|Wide Guard|p1a: Chesnaught\n|-singleturn|p1a: Chesnaught|Wide Guard\n|move|p2a: Torkoal|Eruption|p1a: Chesnaught|[spread] \n|-activate|p1a: Chesnaught|move: Wide Guard\n|-activate|p1b: Incineroar|move: Wide Guard\n|\n|-weather|SunnyDay|[upkeep]\n|upkeep\n|turn|3\n|\n|t:|1775933770\n|switch|p1a: Tyranitar|Tyranitar-Mega, L50, F|100/100\n|-weather|Sandstorm|[from] ability: Sand Stream|[of] p1a: Tyranitar\n|move|p2a: Torkoal|Protect|p2a: Torkoal\n|-singleturn|p2a: Torkoal|Protect\n|move|p2b: Farigiraf|Protect|p2b: Farigiraf\n|-singleturn|p2b: Farigiraf|Protect\n|move|p1b: Incineroar|Flare Blitz|p2b: Farigiraf\n|-activate|p2b: Farigiraf|move: Protect\n|\n|-weather|Sandstorm|[upkeep]\n|-damage|p2a: Torkoal|94/100|[from] Sandstorm\n|-damage|p2b: Farigiraf|56/100|[from] Sandstorm\n|-damage|p1b: Incineroar|94/100|[from] Sandstorm\n|upkeep\n|turn|4\n|inactive|surprise mother fu has 30 seconds left.\n|\n|t:|1775933798\n|switch|p2a: Tsareena|Tsareena, L50, F|100/100\n|move|p2b: Farigiraf|Protect||[still]\n|-fail|p2b: Farigiraf\n|move|p1b: Incineroar|Parting Shot|p2a: Tsareena\n|-unboost|p2a: Tsareena|atk|1\n|-unboost|p2a: Tsareena|spa|1\n|\n|t:|1775933809\n|switch|p1b: Chesnaught|Chesnaught, L50, M|100/100|[from] Parting Shot\n|move|p1a: Tyranitar|Rock Slide|p2b: Farigiraf|[spread] p2a,p2b\n|-damage|p2a: Tsareena|62/100\n|-damage|p2b: Farigiraf|23/100\n|\n|-weather|Sandstorm|[upkeep]\n|-damage|p2b: Farigiraf|16/100|[from] Sandstorm\n|-damage|p1b: Chesnaught|94/100|[from] Sandstorm\n|-damage|p2a: Tsareena|56/100|[from] Sandstorm\n|-heal|p1b: Chesnaught|100/100|[from] item: Leftovers\n|upkeep\n|turn|5\n|\n|t:|1775933827\n|move|p2b: Farigiraf|Helping Hand|p2a: Tsareena\n|-singleturn|p2a: Tsareena|Helping Hand|[of] p2b: Farigiraf\n|move|p1a: Tyranitar|Protect|p1a: Tyranitar\n|-singleturn|p1a: Tyranitar|Protect\n|move|p1b: Chesnaught|Body Press|p2b: Farigiraf\n|-damage|p2b: Farigiraf|0 fnt\n|faint|p2b: Farigiraf\n|move|p2a: Tsareena|Power Whip|p1a: Tyranitar\n|-activate|p1a: Tyranitar|move: Protect\n|\n|-weather|Sandstorm|[upkeep]\n|-damage|p1b: Chesnaught|94/100|[from] Sandstorm\n|-damage|p2a: Tsareena|49/100|[from] Sandstorm\n|-heal|p1b: Chesnaught|100/100|[from] item: Leftovers\n|-fieldend|move: Trick Room\n|upkeep\n|\n|t:|1775933833\n|switch|p2b: Torkoal|Torkoal, L50, M|94/100\n|-weather|SunnyDay|[from] ability: Drought|[of] p2b: Torkoal\n|turn|6\n|\n|t:|1775933853\n|switch|p1a: Incineroar|Incineroar, L50, F|94/100\n|-ability|p1a: Incineroar|Intimidate|boost\n|-unboost|p2a: Tsareena|atk|1\n|-unboost|p2b: Torkoal|atk|1\n|move|p1b: Chesnaught|Wide Guard|p1b: Chesnaught\n|-singleturn|p1b: Chesnaught|Wide Guard\n|move|p2a: Tsareena|Low Kick|p1a: Incineroar\n|-supereffective|p1a: Incineroar|1\n|-damage|p1a: Incineroar|62/100\n|move|p2b: Torkoal|Heat Wave|p1b: Chesnaught|[spread] \n|-activate|p1a: Incineroar|move: Wide Guard\n|-activate|p1b: Chesnaught|move: Wide Guard\n|\n|-weather|SunnyDay|[upkeep]\n|upkeep\n|turn|7\n|-message|surprise mother fu forfeited.\n|\n|win|1%ofGamblers\n|raw|1%ofGamblers's rating: 1075 &rarr; <strong>1102</strong><br />(+27 for winning)\n|raw|surprise mother fu's rating: 1055 &rarr; <strong>1038</strong><br />(-17 for losing)\n|l|\u2606surprise mother fu\n|player|p2|\n",
  "uploadtime": 1775933878,
  "views": 20,
  "formatid": "gen9championsvgc2026regma",
  "rating": 1038,
  "private": 0,
  "password": null
}