{
  "id": "gen9championsvgc2026regma-2587279355",
  "format": "[Gen 9 Champions] VGC 2026 Reg M-A",
  "players": [
    "Avocanoodle",
    "Rayred30"
  ],
  "log": "|j|\u2606Avocanoodle\n|j|\u2606Rayred30\n|t:|1776517700\n|gametype|doubles\n|player|p1|Avocanoodle|sonia-professor|1170\n|player|p2|Rayred30|ghetsis-gen5bw|1196\n|gen|9\n|tier|[Gen 9 Champions] VGC 2026 Reg M-A\n|rated|\n|rule|Species Clause: Limit one of each Pok\u00e9mon\n|rule|Item Clause: Limit 1 of each item\n|clearpoke\n|poke|p1|Mudsdale, L50, F|\n|poke|p1|Maushold-Four, L50|\n|poke|p1|Feraligatr, L50, M|\n|poke|p1|Volcarona, L50, F, shiny|\n|poke|p1|Aegislash, L50, M|\n|poke|p1|Rotom-Mow, L50|\n|poke|p2|Crabominable, L50, M|\n|poke|p2|Sinistcha, L50, shiny|\n|poke|p2|Farigiraf, L50, F, shiny|\n|poke|p2|Incineroar, L50, M, shiny|\n|poke|p2|Kingambit, L50, F|\n|poke|p2|Torkoal, L50, M, shiny|\n|teampreview|4\n|inactive|Battle timer is ON: inactive players will automatically lose when time's up. (requested by Avocanoodle)\n|inactive|Avocanoodle has 60 seconds left.\n|\n|t:|1776517758\n|teamsize|p1|4\n|teamsize|p2|4\n|start\n|switch|p1a: Feraligatr|Feraligatr, L50, M|100/100\n|switch|p1b: Volcarona|Volcarona, L50, F, shiny|100/100\n|switch|p2a: Sinistcha|Sinistcha, L50, shiny|100/100\n|switch|p2b: Incineroar|Incineroar, L50, M, shiny|100/100\n|-ability|p2b: Incineroar|Intimidate|boost\n|-unboost|p1a: Feraligatr|atk|1\n|-unboost|p1b: Volcarona|atk|1\n|turn|1\n|\n|t:|1776517767\n|switch|p1a: Mudsdale|Mudsdale, L50, F|100/100\n|move|p2b: Incineroar|Fake Out|p1b: Volcarona\n|-damage|p1b: Volcarona|86/100\n|cant|p1b: Volcarona|flinch\n|move|p2a: Sinistcha|Trick Room|p2a: Sinistcha\n|-fieldstart|move: Trick Room|[of] p2a: Sinistcha\n|\n|upkeep\n|turn|2\n|inactive|Avocanoodle has 30 seconds left.\n|\n|t:|1776517794\n|move|p1a: Mudsdale|Protect|p1a: Mudsdale\n|-singleturn|p1a: Mudsdale|Protect\n|move|p1b: Volcarona|Protect|p1b: Volcarona\n|-singleturn|p1b: Volcarona|Protect\n|move|p2b: Incineroar|Parting Shot|p1b: Volcarona\n|-activate|p1b: Volcarona|move: Protect\n|move|p2a: Sinistcha|Matcha Gotcha|p1a: Mudsdale|[spread] \n|-activate|p1a: Mudsdale|move: Protect\n|-activate|p1b: Volcarona|move: Protect\n|\n|upkeep\n|turn|3\n|inactive|Avocanoodle has 30 seconds left.\n|\n|t:|1776517820\n|move|p1a: Mudsdale|Sand Tomb|p2b: Incineroar|[miss]\n|-miss|p1a: Mudsdale|p2b: Incineroar\n|move|p2b: Incineroar|Flare Blitz|p1b: Volcarona\n|-damage|p1b: Volcarona|25/100\n|-enditem|p1b: Volcarona|Sitrus Berry|[eat]\n|-heal|p1b: Volcarona|50/100|[from] item: Sitrus Berry\n|-damage|p2b: Incineroar|81/100|[from] Recoil\n|move|p2a: Sinistcha|Matcha Gotcha|p1b: Volcarona|[spread] p1a,p1b\n|-supereffective|p1a: Mudsdale|1\n|-resisted|p1b: Volcarona|2\n|-damage|p1a: Mudsdale|60/100\n|-damage|p1b: Volcarona|45/100\n|-ability|p1a: Mudsdale|Stamina|boost\n|-boost|p1a: Mudsdale|def|1\n|move|p1b: Volcarona|Will-O-Wisp|p2b: Incineroar\n|-immune|p2b: Incineroar\n|\n|-heal|p1a: Mudsdale|66/100|[from] item: Leftovers\n|upkeep\n|turn|4\n|\n|t:|1776517838\n|move|p1a: Mudsdale|Protect|p1a: Mudsdale\n|-singleturn|p1a: Mudsdale|Protect\n|move|p1b: Volcarona|Protect|p1b: Volcarona\n|-singleturn|p1b: Volcarona|Protect\n|move|p2b: Incineroar|Flare Blitz|p1b: Volcarona\n|-activate|p1b: Volcarona|move: Protect\n|move|p2a: Sinistcha|Matcha Gotcha|p1a: Mudsdale|[spread] \n|-activate|p1a: Mudsdale|move: Protect\n|-activate|p1b: Volcarona|move: Protect\n|\n|-heal|p1a: Mudsdale|72/100|[from] item: Leftovers\n|upkeep\n|turn|5\n|\n|t:|1776517854\n|move|p1a: Mudsdale|Sand Tomb|p2a: Sinistcha\n|-resisted|p2a: Sinistcha|1\n|-damage|p2a: Sinistcha|94/100\n|-activate|p2a: Sinistcha|move: Sand Tomb|[of] p1a: Mudsdale\n|move|p2b: Incineroar|Flare Blitz|p1b: Volcarona\n|-damage|p1b: Volcarona|0 fnt\n|faint|p1b: Volcarona\n|-damage|p2b: Incineroar|67/100|[from] Recoil\n|move|p2a: Sinistcha|Matcha Gotcha|p1a: Mudsdale\n|-supereffective|p1a: Mudsdale|1\n|-damage|p1a: Mudsdale|18/100\n|-heal|p2a: Sinistcha|100/100|[from] drain|[of] p1a: Mudsdale\n|-ability|p1a: Mudsdale|Stamina|boost\n|-boost|p1a: Mudsdale|def|1\n|\n|-heal|p1a: Mudsdale|24/100|[from] item: Leftovers\n|-damage|p2a: Sinistcha|88/100|[from] move: Sand Tomb|[partiallytrapped]\n|-fieldend|move: Trick Room\n|upkeep\n|\n|t:|1776517867\n|switch|p1b: Feraligatr|Feraligatr, L50, M|100/100\n|turn|6\n|\n|t:|1776517873\n|detailschange|p1b: Feraligatr|Feraligatr-Mega, L50, M\n|-mega|p1b: Feraligatr|Feraligatr|Feraligite\n|move|p1a: Mudsdale|Protect|p1a: Mudsdale\n|-singleturn|p1a: Mudsdale|Protect\n|move|p1b: Feraligatr|Double-Edge|p2a: Sinistcha\n|-damage|p2a: Sinistcha|17/100\n|-damage|p1b: Feraligatr|79/100|[from] Recoil\n|move|p2b: Incineroar|Parting Shot|p1b: Feraligatr\n|-unboost|p1b: Feraligatr|atk|1\n|-unboost|p1b: Feraligatr|spa|1\n|\n|t:|1776517885\n|switch|p2b: Crabominable|Crabominable, L50, M|100/100|[from] Parting Shot\n|move|p2a: Sinistcha|Trick Room|p2a: Sinistcha\n|-fieldstart|move: Trick Room|[of] p2a: Sinistcha\n|\n|-heal|p1a: Mudsdale|30/100|[from] item: Leftovers\n|-heal|p2a: Sinistcha|23/100|[from] item: Leftovers\n|-damage|p2a: Sinistcha|11/100|[from] move: Sand Tomb|[partiallytrapped]\n|upkeep\n|turn|7\n|\n|t:|1776517902\n|detailschange|p2b: Crabominable|Crabominable-Mega, L50, M\n|-mega|p2b: Crabominable|Crabominable|Crabominite\n|move|p1b: Feraligatr|Aqua Jet|p2a: Sinistcha\n|-resisted|p2a: Sinistcha|1\n|-damage|p2a: Sinistcha|4/100\n|move|p2b: Crabominable|Ice Hammer|p1b: Feraligatr\n|-damage|p1b: Feraligatr|16/100\n|-unboost|p2b: Crabominable|spe|1\n|move|p1a: Mudsdale|Body Press|p2b: Crabominable\n|-supereffective|p2b: Crabominable|1\n|-damage|p2b: Crabominable|46/100\n|move|p2a: Sinistcha|Matcha Gotcha|p1b: Feraligatr|[spread] p1a,p1b\n|-supereffective|p1a: Mudsdale|1\n|-damage|p1a: Mudsdale|0 fnt\n|-heal|p2a: Sinistcha|21/100|[from] drain|[of] p1a: Mudsdale\n|-damage|p1b: Feraligatr|0 fnt\n|-heal|p2a: Sinistcha|30/100|[from] drain|[of] p1b: Feraligatr\n|faint|p1a: Mudsdale\n|faint|p1b: Feraligatr\n|\n|-heal|p2a: Sinistcha|36/100|[from] item: Leftovers\n|-end|p2a: Sinistcha|Sand Tomb|[partiallytrapped]|[silent]\n|upkeep\n|\n|t:|1776517913\n|switch|p1b: Aegislash|Aegislash, L50, M|100/100\n|turn|8\n|-message|Avocanoodle forfeited.\n|\n|win|Rayred30\n|raw|Avocanoodle's rating: 1170 &rarr; <strong>1147</strong><br />(-23 for losing)\n|raw|Rayred30's rating: 1196 &rarr; <strong>1219</strong><br />(+23 for winning)\n",
  "uploadtime": 1776517915,
  "views": 17,
  "formatid": "gen9championsvgc2026regma",
  "rating": 1147,
  "private": 0,
  "password": null
}