{
  "id": "gen9championsvgc2026regma-2581450480",
  "format": "[Gen 9 Champions] VGC 2026 Reg M-A",
  "players": [
    "Mask4M",
    "tortwig"
  ],
  "log": "|j|\u2606Mask4M\n|j|\u2606tortwig\n|t:|1776001634\n|gametype|doubles\n|player|p1|Mask4M|102|1076\n|player|p2|tortwig|lance|1064\n|gen|9\n|tier|[Gen 9 Champions] VGC 2026 Reg M-A\n|rated|\n|rule|Species Clause: Limit one of each Pok\u00e9mon\n|rule|Item Clause: Limit 1 of each item\n|clearpoke\n|poke|p1|Glimmora, L50, M|\n|poke|p1|Froslass, L50, F|\n|poke|p1|Sneasler, L50, M|\n|poke|p1|Incineroar, L50, F|\n|poke|p1|Whimsicott, L50, F|\n|poke|p1|Gyarados, L50, F|\n|poke|p2|Sinistcha, L50|\n|poke|p2|Milotic, L50, M|\n|poke|p2|Farigiraf, L50, F|\n|poke|p2|Kingambit, L50, F|\n|poke|p2|Arcanine-Hisui, L50, M|\n|poke|p2|Drampa, L50, F|\n|teampreview|4\n|inactive|Battle timer is ON: inactive players will automatically lose when time's up. (requested by tortwig)\nMask4M has agreed to open team sheets.\n|inactive|Mask4M has 60 seconds left.\n|inactive|tortwig has 60 seconds left.\ntortwig rejected open team sheets.\n|\n|t:|1776001691\n|teamsize|p1|4\n|teamsize|p2|4\n|start\n|switch|p1a: Gyarados|Gyarados, L50, F|100/100\n|switch|p1b: Sneasler|Sneasler, L50, M|100/100\n|switch|p2a: Farigiraf|Farigiraf, L50, F|100/100\n|switch|p2b: Kingambit|Kingambit, L50, F|100/100\n|-ability|p1a: Gyarados|Intimidate|boost\n|-unboost|p2a: Farigiraf|atk|1\n|-unboost|p2b: Kingambit|atk|1\n|-ability|p2b: Kingambit|Defiant|boost\n|-boost|p2b: Kingambit|atk|2\n|turn|1\n|\n|t:|1776001713\n|move|p2b: Kingambit|Protect|p2b: Kingambit\n|-singleturn|p2b: Kingambit|Protect\n|move|p1b: Sneasler|Dire Claw|p2a: Farigiraf\n|-damage|p2a: Farigiraf|58/100\n|move|p1a: Gyarados|Taunt|p2a: Farigiraf\n|-start|p2a: Farigiraf|move: Taunt\n|move|p2a: Farigiraf|Psychic|p1b: Sneasler\n|-supereffective|p1b: Sneasler|2\n|-damage|p1b: Sneasler|0 fnt\n|faint|p1b: Sneasler\n|\n|upkeep\n|\n|t:|1776001728\n|switch|p1b: Glimmora|Glimmora, L50, M|100/100\n|turn|2\n|inactive|tortwig has 30 seconds left.\n|\n|t:|1776001758\n|switch|p2a: Milotic|Milotic, L50, M|100/100\n|detailschange|p1b: Glimmora|Glimmora-Mega, L50, M\n|-mega|p1b: Glimmora|Glimmora|Glimmoranite\n|move|p1b: Glimmora|Earth Power|p2b: Kingambit\n|-supereffective|p2b: Kingambit|1\n|-crit|p2b: Kingambit\n|-damage|p2b: Kingambit|3/100\n|move|p1a: Gyarados|Waterfall|p2b: Kingambit\n|-damage|p2b: Kingambit|0 fnt\n|faint|p2b: Kingambit\n|\n|upkeep\n|\n|t:|1776001768\n|switch|p2b: Drampa|Drampa, L50, F|100/100\n|-ability|p2b: Drampa|Cloud Nine\n|turn|3\n|\n|t:|1776001784\n|detailschange|p2b: Drampa|Drampa-Mega, L50, F\n|-mega|p2b: Drampa|Drampa|Drampanite\n|move|p1a: Gyarados|Helping Hand|p1b: Glimmora\n|-singleturn|p1b: Glimmora|Helping Hand|[of] p1a: Gyarados\n|move|p1b: Glimmora|Sludge Bomb|p2b: Drampa\n|-damage|p2b: Drampa|26/100\n|-ability|p2b: Drampa|Berserk|boost\n|-boost|p2b: Drampa|spa|1\n|move|p2a: Milotic|Coil|p2a: Milotic\n|-boost|p2a: Milotic|atk|1\n|-boost|p2a: Milotic|def|1\n|-boost|p2a: Milotic|accuracy|1\n|move|p2b: Drampa|Earth Power|p1b: Glimmora\n|-supereffective|p1b: Glimmora|2\n|-damage|p1b: Glimmora|0 fnt\n|faint|p1b: Glimmora\n|\n|upkeep\n|\n|t:|1776001797\n|switch|p1b: Whimsicott|Whimsicott, L50, F|100/100\n|turn|4\n|\n|t:|1776001808\n|move|p1b: Whimsicott|Tailwind|p1b: Whimsicott\n|-sidestart|p1: Mask4M|move: Tailwind\n|move|p1a: Gyarados|Taunt|p2a: Milotic\n|-start|p2a: Milotic|move: Taunt\n|move|p2a: Milotic|Icy Wind|p1b: Whimsicott|[spread] p1a,p1b\n|-supereffective|p1b: Whimsicott|1\n|-damage|p1a: Gyarados|94/100\n|-damage|p1b: Whimsicott|74/100\n|-unboost|p1a: Gyarados|spe|1\n|-unboost|p1b: Whimsicott|spe|1\n|move|p2b: Drampa|Roost|p2b: Drampa\n|-heal|p2b: Drampa|76/100\n|-singleturn|p2b: Drampa|move: Roost\n|\n|-heal|p1a: Gyarados|99/100|[from] item: Leftovers\n|upkeep\n|turn|5\n|inactive|tortwig has 30 seconds left.\n|\n|t:|1776001834\n|move|p1a: Gyarados|Helping Hand|p1b: Whimsicott\n|-singleturn|p1b: Whimsicott|Helping Hand|[of] p1a: Gyarados\n|move|p1b: Whimsicott|Moonblast|p2b: Drampa\n|-supereffective|p2b: Drampa|1\n|-damage|p2b: Drampa|0 fnt\n|faint|p2b: Drampa\n|move|p2a: Milotic|Icy Wind|p1a: Gyarados|[spread] p1a,p1b\n|-supereffective|p1b: Whimsicott|1\n|-damage|p1a: Gyarados|93/100\n|-damage|p1b: Whimsicott|45/100\n|-unboost|p1a: Gyarados|spe|1\n|-unboost|p1b: Whimsicott|spe|1\n|\n|-heal|p1a: Gyarados|99/100|[from] item: Leftovers\n|upkeep\n|\n|t:|1776001839\n|switch|p2b: Farigiraf|Farigiraf, L50, F|58/100\n|turn|6\n|\n|t:|1776001857\n|move|p1b: Whimsicott|Moonblast|p2b: Farigiraf\n|-damage|p2b: Farigiraf|17/100\n|move|p1a: Gyarados|Waterfall|p2b: Farigiraf\n|-damage|p2b: Farigiraf|0 fnt\n|faint|p2b: Farigiraf\n|move|p2a: Milotic|Icy Wind|p1b: Whimsicott|[spread] p1a,p1b\n|-supereffective|p1b: Whimsicott|1\n|-damage|p1a: Gyarados|92/100\n|-damage|p1b: Whimsicott|18/100\n|-unboost|p1a: Gyarados|spe|1\n|-unboost|p1b: Whimsicott|spe|1\n|\n|-heal|p1a: Gyarados|98/100|[from] item: Leftovers\n|-end|p2a: Milotic|move: Taunt\n|upkeep\n|turn|7\n|\n|t:|1776001878\n|move|p1b: Whimsicott|Moonblast|p2a: Milotic\n|-damage|p2a: Milotic|69/100\n|move|p2a: Milotic|Icy Wind|p1b: Whimsicott|[spread] p1a,p1b\n|-supereffective|p1b: Whimsicott|1\n|-damage|p1a: Gyarados|91/100\n|-damage|p1b: Whimsicott|0 fnt\n|-unboost|p1a: Gyarados|spe|1\n|faint|p1b: Whimsicott\n|move|p1a: Gyarados|Taunt|p2a: Milotic\n|-start|p2a: Milotic|move: Taunt\n|\n|-heal|p2a: Milotic|75/100|[from] item: Leftovers\n|-heal|p1a: Gyarados|97/100|[from] item: Leftovers\n|-sideend|p1: Mask4M|move: Tailwind\n|upkeep\n|turn|8\n|\n|t:|1776001895\n|move|p2a: Milotic|Breaking Swipe|p1a: Gyarados\n|-damage|p1a: Gyarados|85/100\n|-unboost|p1a: Gyarados|atk|1\n|move|p1a: Gyarados|Waterfall|p2a: Milotic\n|-resisted|p2a: Milotic|1\n|-damage|p2a: Milotic|69/100\n|\n|-heal|p2a: Milotic|75/100|[from] item: Leftovers\n|-heal|p1a: Gyarados|91/100|[from] item: Leftovers\n|upkeep\n|turn|9\n|inactive|Mask4M has 30 seconds left.\n|\n|t:|1776001921\n|move|p1a: Gyarados|Protect|p1a: Gyarados\n|-singleturn|p1a: Gyarados|Protect\n|move|p2a: Milotic|Breaking Swipe|p1a: Gyarados\n|-activate|p1a: Gyarados|move: Protect\n|\n|-heal|p2a: Milotic|82/100|[from] item: Leftovers\n|-heal|p1a: Gyarados|97/100|[from] item: Leftovers\n|upkeep\n|turn|10\n|\n|t:|1776001934\n|move|p2a: Milotic|Breaking Swipe|p1a: Gyarados\n|-damage|p1a: Gyarados|83/100\n|-unboost|p1a: Gyarados|atk|1\n|move|p1a: Gyarados|Waterfall|p2a: Milotic\n|-resisted|p2a: Milotic|1\n|-damage|p2a: Milotic|77/100\n|\n|-heal|p2a: Milotic|83/100|[from] item: Leftovers\n|-heal|p1a: Gyarados|89/100|[from] item: Leftovers\n|-end|p2a: Milotic|move: Taunt\n|upkeep\n|turn|11\n|\n|t:|1776001948\n|move|p2a: Milotic|Coil|p2a: Milotic\n|-boost|p2a: Milotic|atk|1\n|-boost|p2a: Milotic|def|1\n|-boost|p2a: Milotic|accuracy|1\n|move|p1a: Gyarados|Taunt|p2a: Milotic\n|-start|p2a: Milotic|move: Taunt\n|\n|-heal|p2a: Milotic|89/100|[from] item: Leftovers\n|-heal|p1a: Gyarados|95/100|[from] item: Leftovers\n|upkeep\n|turn|12\n|inactive|tortwig has 30 seconds left.\n|\n|t:|1776001976\n|move|p2a: Milotic|Muddy Water|p1a: Gyarados\n|-resisted|p1a: Gyarados|1\n|-damage|p1a: Gyarados|83/100\n|-unboost|p1a: Gyarados|accuracy|1\n|move|p1a: Gyarados|Waterfall|p2a: Milotic|[miss]\n|-miss|p1a: Gyarados|p2a: Milotic\n|\n|-heal|p2a: Milotic|95/100|[from] item: Leftovers\n|-heal|p1a: Gyarados|89/100|[from] item: Leftovers\n|upkeep\n|turn|13\n|-message|Mask4M forfeited.\n|\n|win|tortwig\n|raw|Mask4M's rating: 1076 &rarr; <strong>1054</strong><br />(-22 for losing)\n|raw|tortwig's rating: 1064 &rarr; <strong>1095</strong><br />(+31 for winning)\n|l|\u2606tortwig\n|player|p2|\n",
  "uploadtime": 1776001989,
  "views": 19,
  "formatid": "gen9championsvgc2026regma",
  "rating": 1054,
  "private": 0,
  "password": null
}