{
  "id": "gen9championsvgc2026regma-2587818985",
  "format": "[Gen 9 Champions] VGC 2026 Reg M-A",
  "players": [
    "Twishts",
    "karmapolicevgc"
  ],
  "log": "|j|\u2606Twishts\n|j|\u2606karmapolicevgc\n|t:|1776567202\n|gametype|doubles\n|player|p1|Twishts|policeman-gen4|1486\n|player|p2|karmapolicevgc|li|1506\n|gen|9\n|tier|[Gen 9 Champions] VGC 2026 Reg M-A\n|rated|\n|rule|Species Clause: Limit one of each Pok\u00e9mon\n|rule|Item Clause: Limit 1 of each item\n|clearpoke\n|poke|p1|Aerodactyl, L50, M|\n|poke|p1|Garchomp, L50, M|\n|poke|p1|Milotic, L50, F|\n|poke|p1|Floette-Eternal, L50, F|\n|poke|p1|Incineroar, L50, M|\n|poke|p1|Scizor, L50, M|\n|poke|p2|Scovillain, L50, F|\n|poke|p2|Araquanid, L50, M|\n|poke|p2|Sylveon, L50, F|\n|poke|p2|Milotic, L50, M|\n|poke|p2|Sneasler, L50, M|\n|poke|p2|Farigiraf, L50, F|\n|teampreview|4\n|inactive|Battle timer is ON: inactive players will automatically lose when time's up. (requested by karmapolicevgc)\n|\n|t:|1776567237\n|teamsize|p1|4\n|teamsize|p2|4\n|start\n|switch|p1a: Scizor|Scizor, L50, M|100/100\n|switch|p1b: Floette|Floette-Eternal, L50, F|100/100\n|switch|p2a: Scovillain|Scovillain, L50, F|100/100\n|switch|p2b: Farigiraf|Farigiraf, L50, F|100/100\n|turn|1\n|\n|t:|1776567256\n|detailschange|p1b: Floette|Floette-Mega, L50, F\n|-mega|p1b: Floette|Floette|Floettite\n|-ability|p1b: Floette|Fairy Aura\n|detailschange|p2a: Scovillain|Scovillain-Mega, L50, F\n|-mega|p2a: Scovillain|Scovillain|Scovillainite\n|move|p1b: Floette|Calm Mind|p1b: Floette\n|-boost|p1b: Floette|spa|1\n|-boost|p1b: Floette|spd|1\n|move|p2a: Scovillain|Giga Drain|p1b: Floette\n|-damage|p1b: Floette|84/100\n|move|p1a: Scizor|Bug Bite|p2b: Farigiraf\n|-supereffective|p2b: Farigiraf|1\n|-damage|p2b: Farigiraf|15/100\n|-enditem|p2b: Farigiraf|Sitrus Berry|[from] stealeat|[move] Bug Bite|[of] p1a: Scizor\n|move|p2b: Farigiraf|Trick Room|p2b: Farigiraf\n|-fieldstart|move: Trick Room|[of] p2b: Farigiraf\n|\n|upkeep\n|turn|2\n|\n|t:|1776567280\n|move|p1a: Scizor|Protect|p1a: Scizor\n|-singleturn|p1a: Scizor|Protect\n|move|p2b: Farigiraf|Twin Beam|p1b: Floette\n|-damage|p1b: Floette|75/100\n|-damage|p1b: Floette|68/100\n|-hitcount|p1b: Floette|2\n|move|p2a: Scovillain|Overheat|p1a: Scizor\n|-activate|p1a: Scizor|move: Protect\n|move|p1b: Floette|Dazzling Gleam|p2a: Scovillain|[spread] p2a,p2b\n|-resisted|p2a: Scovillain|1\n|-crit|p2a: Scovillain\n|-damage|p2a: Scovillain|52/100\n|-damage|p2b: Farigiraf|0 fnt\n|-status|p1b: Floette|brn|[from] ability: Spicy Spray|[of] p2a: Scovillain\n|faint|p2b: Farigiraf\n|\n|-damage|p1b: Floette|62/100 brn|[from] brn\n|upkeep\n|\n|t:|1776567290\n|switch|p2b: Araquanid|Araquanid, L50, M|100/100\n|turn|3\n|\n|t:|1776567307\n|move|p2b: Araquanid|Liquidation|p1b: Floette\n|-damage|p1b: Floette|0 fnt\n|faint|p1b: Floette\n|move|p1a: Scizor|Bug Bite|p2a: Scovillain\n|-damage|p2a: Scovillain|0 fnt\n|-status|p1a: Scizor|brn|[from] ability: Spicy Spray|[of] p2a: Scovillain\n|faint|p2a: Scovillain\n|\n|-damage|p1a: Scizor|95/100 brn|[from] brn\n|upkeep\n|\n|t:|1776567317\n|switch|p2a: Sylveon|Sylveon, L50, F|100/100\n|switch|p1b: Aerodactyl|Aerodactyl, L50, M|100/100\n|-ability|p1b: Aerodactyl|Unnerve\n|turn|4\n|\n|t:|1776567330\n|move|p1b: Aerodactyl|Protect|p1b: Aerodactyl\n|-singleturn|p1b: Aerodactyl|Protect\n|move|p1a: Scizor|Bullet Punch|p2a: Sylveon\n|-supereffective|p2a: Sylveon|1\n|-damage|p2a: Sylveon|66/100\n|move|p2b: Araquanid|Liquidation|p1a: Scizor\n|-damage|p1a: Scizor|19/100 brn\n|-unboost|p1a: Scizor|def|1\n|move|p2a: Sylveon|Hyper Voice|p1b: Aerodactyl|[spread] p1a\n|-activate|p1b: Aerodactyl|move: Protect\n|-resisted|p1a: Scizor|1\n|-damage|p1a: Scizor|0 fnt\n|faint|p1a: Scizor\n|\n|upkeep\n|\n|t:|1776567340\n|switch|p1a: Garchomp|Garchomp, L50, M|100/100\n|turn|5\n|\n|t:|1776567356\n|move|p1a: Garchomp|Protect|p1a: Garchomp\n|-singleturn|p1a: Garchomp|Protect\n|move|p2b: Araquanid|Liquidation|p1b: Aerodactyl\n|-supereffective|p1b: Aerodactyl|1\n|-enditem|p1b: Aerodactyl|Focus Sash\n|-damage|p1b: Aerodactyl|1/100\n|move|p2a: Sylveon|Hyper Voice|p1a: Garchomp|[spread] p1b\n|-activate|p1a: Garchomp|move: Protect\n|-damage|p1b: Aerodactyl|0 fnt\n|faint|p1b: Aerodactyl\n|\n|-fieldend|move: Trick Room\n|upkeep\n|turn|6\n|\n|t:|1776567371\n|move|p1a: Garchomp|Rock Slide|p2b: Araquanid|[spread] p2a,p2b\n|-supereffective|p2b: Araquanid|1\n|-damage|p2a: Sylveon|49/100\n|-damage|p2b: Araquanid|57/100\n|move|p2a: Sylveon|Hyper Voice|p1a: Garchomp\n|-supereffective|p1a: Garchomp|1\n|-damage|p1a: Garchomp|0 fnt\n|faint|p1a: Garchomp\n|\n|win|karmapolicevgc\n|raw|Twishts's rating: 1486 &rarr; <strong>1467</strong><br />(-19 for losing)\n|raw|karmapolicevgc's rating: 1506 &rarr; <strong>1525</strong><br />(+19 for winning)\n|l|\u2606Twishts\n|player|p1|\n|l|\u2606karmapolicevgc\n|player|p2|\n",
  "uploadtime": 1776567650,
  "views": 26,
  "formatid": "gen9championsvgc2026regma",
  "rating": 1467,
  "private": 0,
  "password": null
}