{
  "id": "gen9championsvgc2026regma-2583719106",
  "format": "[Gen 9 Champions] VGC 2026 Reg M-A",
  "players": [
    "Itistodaymydudes",
    "salfur"
  ],
  "log": "|j|\u2606Itistodaymydudes\n|j|\u2606salfur\n|t:|1776193042\n|gametype|doubles\n|player|p1|Itistodaymydudes|guzma|1078\n|player|p2|salfur|guitarist|1147\n|gen|9\n|tier|[Gen 9 Champions] VGC 2026 Reg M-A\n|rated|\n|rule|Species Clause: Limit one of each Pok\u00e9mon\n|rule|Item Clause: Limit 1 of each item\n|clearpoke\n|poke|p1|Tyranitar, L50, M|\n|poke|p1|Excadrill, L50, F|\n|poke|p1|Skeledirge, L50, F|\n|poke|p1|Meganium, L50, F|\n|poke|p1|Gyarados, L50, M|\n|poke|p1|Farigiraf, L50, F|\n|poke|p2|Whimsicott, L50, M|\n|poke|p2|Sinistcha, L50|\n|poke|p2|Scizor, L50, F|\n|poke|p2|Kommo-o, L50, F|\n|poke|p2|Primarina, L50, F|\n|poke|p2|Typhlosion-Hisui, L50, F|\n|teampreview|4\n|inactive|Battle timer is ON: inactive players will automatically lose when time's up. (requested by salfur)\n|inactive|Itistodaymydudes also wants the timer to be on.\n|inactive|Itistodaymydudes has 60 seconds left.\nsalfur rejected open team sheets.\n|\n|t:|1776193091\n|teamsize|p1|4\n|teamsize|p2|4\n|start\n|switch|p1a: Farigiraf|Farigiraf, L50, F|100/100\n|switch|p1b: Skeledirge|Skeledirge, L50, F|100/100\n|switch|p2a: Sinistcha|Sinistcha, L50|100/100\n|switch|p2b: Primarina|Primarina, L50, F|100/100\n|turn|1\n|\n|t:|1776193112\n|move|p2a: Sinistcha|Matcha Gotcha|p1b: Skeledirge|[spread] p1b\n|-miss|p2a: Sinistcha|p1a: Farigiraf\n|-resisted|p1b: Skeledirge|1\n|-damage|p1b: Skeledirge|88/100\n|move|p1b: Skeledirge|Torch Song|p2a: Sinistcha\n|-supereffective|p2a: Sinistcha|1\n|-damage|p2a: Sinistcha|18/100\n|-boost|p1b: Skeledirge|spa|1\n|-enditem|p2a: Sinistcha|Sitrus Berry|[eat]\n|-heal|p2a: Sinistcha|43/100|[from] item: Sitrus Berry\n|move|p2b: Primarina|Sparkling Aria|p1b: Skeledirge|[spread] p2a,p1a,p1b\n|-resisted|p2a: Sinistcha|1\n|-supereffective|p1b: Skeledirge|1\n|-damage|p2a: Sinistcha|25/100\n|-damage|p1a: Farigiraf|74/100\n|-damage|p1b: Skeledirge|2/100\n|move|p1a: Farigiraf|Trick Room|p1a: Farigiraf\n|-fieldstart|move: Trick Room|[of] p1a: Farigiraf\n|\n|upkeep\n|turn|2\n|\n|t:|1776193136\n|switch|p2a: Kommo-o|Kommo-o, L50, F|100/100\n|move|p2b: Primarina|Sparkling Aria|p1a: Farigiraf|[spread] p1a,p1b\n|-immune|p2a: Kommo-o|[from] ability: Soundproof\n|-supereffective|p1b: Skeledirge|1\n|-damage|p1a: Farigiraf|46/100\n|-damage|p1b: Skeledirge|0 fnt\n|-enditem|p1a: Farigiraf|Sitrus Berry|[eat]\n|-heal|p1a: Farigiraf|71/100|[from] item: Sitrus Berry\n|faint|p1b: Skeledirge\n|move|p1a: Farigiraf|Psychic Noise|p2a: Kommo-o\n|-immune|p2a: Kommo-o|[from] ability: Soundproof\n|\n|upkeep\n|\n|t:|1776193142\n|switch|p1b: Tyranitar|Tyranitar, L50, M|100/100\n|-weather|Sandstorm|[from] ability: Sand Stream|[of] p1b: Tyranitar\n|turn|3\n|\n|t:|1776193152\n|move|p2b: Primarina|Dazzling Gleam|p1b: Tyranitar|[spread] p1a,p1b\n|-supereffective|p1b: Tyranitar|1\n|-damage|p1a: Farigiraf|46/100\n|-damage|p1b: Tyranitar|62/100\n|move|p1a: Farigiraf|Psychic Noise|p2b: Primarina\n|-damage|p2b: Primarina|75/100\n|-start|p2b: Primarina|move: Heal Block\n|move|p1b: Tyranitar|Knock Off|p2a: Kommo-o\n|-resisted|p2a: Kommo-o|1\n|-damage|p2a: Kommo-o|76/100\n|-enditem|p2a: Kommo-o|White Herb|[from] move: Knock Off|[of] p1b: Tyranitar\n|move|p2a: Kommo-o|Close Combat|p1b: Tyranitar\n|-supereffective|p1b: Tyranitar|2\n|-damage|p1b: Tyranitar|0 fnt\n|-unboost|p2a: Kommo-o|def|1\n|-unboost|p2a: Kommo-o|spd|1\n|faint|p1b: Tyranitar\n|\n|-weather|Sandstorm|[upkeep]\n|-damage|p2b: Primarina|69/100|[from] Sandstorm\n|-damage|p1a: Farigiraf|40/100|[from] Sandstorm\n|-damage|p2a: Kommo-o|70/100|[from] Sandstorm\n|upkeep\n|\n|t:|1776193165\n|switch|p1b: Excadrill|Excadrill, L50, F|100/100\n|turn|4\n|\n|t:|1776193171\n|detailschange|p1b: Excadrill|Excadrill-Mega, L50, F\n|-mega|p1b: Excadrill|Excadrill|Excadrite\n|move|p1a: Farigiraf|Protect|p1a: Farigiraf\n|-singleturn|p1a: Farigiraf|Protect\n|move|p2b: Primarina|Sparkling Aria|p1a: Farigiraf|[spread] p1b\n|-activate|p1a: Farigiraf|move: Protect\n|-immune|p2a: Kommo-o|[from] ability: Soundproof\n|-supereffective|p1b: Excadrill|1\n|-damage|p1b: Excadrill|0 fnt\n|faint|p1b: Excadrill\n|move|p2a: Kommo-o|Close Combat|p1a: Farigiraf\n|-activate|p1a: Farigiraf|move: Protect\n|\n|-weather|Sandstorm|[upkeep]\n|-damage|p2b: Primarina|63/100|[from] Sandstorm\n|-damage|p1a: Farigiraf|34/100|[from] Sandstorm\n|-damage|p2a: Kommo-o|64/100|[from] Sandstorm\n|-end|p2b: Primarina|move: Heal Block\n|upkeep\n|turn|5\n|-message|Itistodaymydudes forfeited.\n|\n|win|salfur\n|raw|Itistodaymydudes's rating: 1078 &rarr; <strong>1061</strong><br />(-17 for losing)\n|raw|salfur's rating: 1147 &rarr; <strong>1167</strong><br />(+20 for winning)\n|l|\u2606Itistodaymydudes\n|player|p1|\n",
  "uploadtime": 1776193362,
  "views": 15,
  "formatid": "gen9championsvgc2026regma",
  "rating": 1061,
  "private": 0,
  "password": null
}