{
  "id": "gen9championsvgc2026regma-2589502468",
  "format": "[Gen 9 Champions] VGC 2026 Reg M-A",
  "players": [
    "jackeroniiii",
    "Kazuma Yato"
  ],
  "log": "|j|\u2606jackeroniiii\n|j|\u2606Kazuma Yato\n|t:|1776728814\n|gametype|doubles\n|player|p1|jackeroniiii|1|1205\n|player|p2|Kazuma Yato|169|1248\n|gen|9\n|tier|[Gen 9 Champions] VGC 2026 Reg M-A\n|rated|\n|rule|Species Clause: Limit one of each Pok\u00e9mon\n|rule|Item Clause: Limit 1 of each item\n|clearpoke\n|poke|p1|Scovillain, L50, F|\n|poke|p1|Kingambit, L50, F|\n|poke|p1|Primarina, L50, M|\n|poke|p1|Aerodactyl, L50, F|\n|poke|p1|Sneasler, L50, F|\n|poke|p1|Garchomp, L50, M|\n|poke|p2|Scizor, L50, F|\n|poke|p2|Sneasler, L50, F|\n|poke|p2|Sinistcha, L50|\n|poke|p2|Milotic, L50, F|\n|poke|p2|Aerodactyl, L50, M|\n|poke|p2|Hydreigon, L50, M|\n|teampreview|4\n|inactive|Battle timer is ON: inactive players will automatically lose when time's up. (requested by jackeroniiii)\n|\n|t:|1776728855\n|teamsize|p1|4\n|teamsize|p2|4\n|start\n|switch|p1a: Scovillain|Scovillain, L50, F|100/100\n|switch|p1b: Primarina|Primarina, L50, M|100/100\n|switch|p2a: Aerodactyl|Aerodactyl, L50, M|100/100\n|switch|p2b: Milotic|Milotic, L50, F|100/100\n|-ability|p2a: Aerodactyl|Unnerve\n|turn|1\n|\n|t:|1776728870\n|detailschange|p1a: Scovillain|Scovillain-Mega, L50, F\n|-mega|p1a: Scovillain|Scovillain|Scovillainite\n|move|p2a: Aerodactyl|Tailwind|p2a: Aerodactyl\n|-sidestart|p2: Kazuma Yato|move: Tailwind\n|move|p2b: Milotic|Scald|p1a: Scovillain\n|-damage|p1a: Scovillain|60/100\n|-status|p2b: Milotic|brn|[from] ability: Spicy Spray|[of] p1a: Scovillain\n|move|p1a: Scovillain|Leech Seed|p2b: Milotic\n|-start|p2b: Milotic|move: Leech Seed\n|move|p1b: Primarina|Hyper Voice|p2b: Milotic|[spread] p2a,p2b\n|-supereffective|p2a: Aerodactyl|1\n|-resisted|p2b: Milotic|1\n|-crit|p2b: Milotic\n|-damage|p2a: Aerodactyl|26/100\n|-damage|p2b: Milotic|86/100 brn\n|\n|-heal|p2b: Milotic|92/100 brn|[from] item: Leftovers\n|-damage|p2b: Milotic|79/100 brn|[from] Leech Seed|[of] p1a: Scovillain\n|-heal|p1a: Scovillain|74/100|[silent]\n|-damage|p2b: Milotic|73/100 brn|[from] brn\n|upkeep\n|turn|2\n|inactive|Kazuma Yato has 30 seconds left.\n|\n|t:|1776728901\n|switch|p2b: Sinistcha|Sinistcha, L50|100/100\n|-heal|p2a: Aerodactyl|50/100|[from] ability: Hospitality|[of] p2b: Sinistcha\n|move|p1a: Scovillain|Protect|p1a: Scovillain\n|-singleturn|p1a: Scovillain|Protect\n|move|p2a: Aerodactyl|Dual Wingbeat|p1a: Scovillain\n|-activate|p1a: Scovillain|move: Protect\n|move|p1b: Primarina|Hyper Voice|p2a: Aerodactyl|[spread] p2a,p2b\n|-supereffective|p2a: Aerodactyl|1\n|-resisted|p2b: Sinistcha|1\n|-damage|p2a: Aerodactyl|0 fnt\n|-damage|p2b: Sinistcha|88/100\n|faint|p2a: Aerodactyl\n|\n|upkeep\n|\n|t:|1776728911\n|switch|p2a: Milotic|Milotic, L50, F|73/100 brn\n|turn|3\n|\n|t:|1776728919\n|move|p2a: Milotic|Muddy Water|p1a: Scovillain|[spread] p1a,p1b\n|-resisted|p1b: Primarina|1\n|-damage|p1a: Scovillain|37/100\n|-damage|p1b: Primarina|89/100\n|-unboost|p1a: Scovillain|accuracy|1\n|move|p2b: Sinistcha|Matcha Gotcha|p1b: Primarina|[spread] p1a,p1b\n|-resisted|p1a: Scovillain|2\n|-supereffective|p1b: Primarina|1\n|-damage|p1a: Scovillain|30/100\n|-heal|p2b: Sinistcha|92/100|[from] drain|[of] p1a: Scovillain\n|-damage|p1b: Primarina|51/100\n|-heal|p2b: Sinistcha|100/100|[from] drain|[of] p1b: Primarina\n|-status|p2b: Sinistcha|brn|[from] ability: Spicy Spray|[of] p1a: Scovillain\n|move|p1a: Scovillain|Leech Seed|p2a: Milotic\n|-start|p2a: Milotic|move: Leech Seed\n|move|p1b: Primarina|Calm Mind|p1b: Primarina\n|-boost|p1b: Primarina|spa|1\n|-boost|p1b: Primarina|spd|1\n|\n|-heal|p2a: Milotic|79/100 brn|[from] item: Leftovers\n|-damage|p2a: Milotic|67/100 brn|[from] Leech Seed|[of] p1a: Scovillain\n|-heal|p1a: Scovillain|44/100|[silent]\n|-damage|p2a: Milotic|61/100 brn|[from] brn\n|-damage|p2b: Sinistcha|94/100 brn|[from] brn\n|upkeep\n|turn|4\n|inactive|jackeroniiii has 30 seconds left.\n|\n|t:|1776728949\n|switch|p1a: Kingambit|Kingambit, L50, F|100/100\n|move|p2a: Milotic|Muddy Water|p1b: Primarina|[spread] p1a,p1b\n|-resisted|p1b: Primarina|1\n|-damage|p1a: Kingambit|72/100\n|-damage|p1b: Primarina|43/100\n|-enditem|p1b: Primarina|Sitrus Berry|[eat]\n|-heal|p1b: Primarina|67/100|[from] item: Sitrus Berry\n|move|p2b: Sinistcha|Matcha Gotcha|p1a: Kingambit|[spread] p1b\n|-miss|p2b: Sinistcha|p1a: Kingambit\n|-supereffective|p1b: Primarina|1\n|-damage|p1b: Primarina|41/100\n|-heal|p2b: Sinistcha|100/100 brn|[from] drain|[of] p1b: Primarina\n|-status|p1b: Primarina|brn\n|move|p1b: Primarina|Calm Mind|p1b: Primarina\n|-boost|p1b: Primarina|spa|1\n|-boost|p1b: Primarina|spd|1\n|\n|-heal|p2a: Milotic|67/100 brn|[from] item: Leftovers\n|-damage|p2a: Milotic|54/100 brn|[from] Leech Seed|[of] p1a: Kingambit\n|-heal|p1a: Kingambit|84/100|[silent]\n|-damage|p2a: Milotic|49/100 brn|[from] brn\n|-damage|p2b: Sinistcha|94/100 brn|[from] brn\n|-damage|p1b: Primarina|35/100 brn|[from] brn\n|-sideend|p2: Kazuma Yato|move: Tailwind\n|upkeep\n|turn|5\n|inactive|jackeroniiii has 30 seconds left.\n|\n|t:|1776728982\n|move|p2a: Milotic|Scald|p1a: Kingambit\n|-damage|p1a: Kingambit|53/100\n|-status|p1a: Kingambit|brn\n|move|p2b: Sinistcha|Matcha Gotcha|p1b: Primarina|[spread] p1a,p1b\n|-resisted|p1a: Kingambit|1\n|-supereffective|p1b: Primarina|1\n|-damage|p1a: Kingambit|41/100 brn\n|-heal|p2b: Sinistcha|100/100 brn|[from] drain|[of] p1a: Kingambit\n|-damage|p1b: Primarina|14/100 brn\n|move|p1b: Primarina|Moonblast|p2a: Milotic\n|-damage|p2a: Milotic|0 fnt\n|faint|p2a: Milotic\n|move|p1a: Kingambit|Kowtow Cleave|p2b: Sinistcha\n|-supereffective|p2b: Sinistcha|1\n|-damage|p2b: Sinistcha|65/100 brn\n|\n|-damage|p2b: Sinistcha|58/100 brn|[from] brn\n|-damage|p1b: Primarina|9/100 brn|[from] brn\n|-damage|p1a: Kingambit|35/100 brn|[from] brn\n|upkeep\n|\n|t:|1776729000\n|switch|p2a: Scizor|Scizor, L50, F|100/100\n|turn|6\n|\n|t:|1776729018\n|detailschange|p2a: Scizor|Scizor-Mega, L50, F\n|-mega|p2a: Scizor|Scizor|Scizorite\n|move|p1b: Primarina|Protect|p1b: Primarina\n|-singleturn|p1b: Primarina|Protect\n|move|p2a: Scizor|Swords Dance|p2a: Scizor\n|-boost|p2a: Scizor|atk|2\n|move|p2b: Sinistcha|Matcha Gotcha|p1b: Primarina|[spread] p1a\n|-activate|p1b: Primarina|move: Protect\n|-resisted|p1a: Kingambit|1\n|-damage|p1a: Kingambit|24/100 brn\n|-heal|p2b: Sinistcha|65/100 brn|[from] drain|[of] p1a: Kingambit\n|move|p1a: Kingambit|Kowtow Cleave|p2b: Sinistcha\n|-supereffective|p2b: Sinistcha|1\n|-damage|p2b: Sinistcha|26/100 brn\n|-enditem|p2b: Sinistcha|Sitrus Berry|[eat]\n|-heal|p2b: Sinistcha|51/100 brn|[from] item: Sitrus Berry\n|\n|-damage|p2b: Sinistcha|45/100 brn|[from] brn\n|-damage|p1b: Primarina|3/100 brn|[from] brn\n|-damage|p1a: Kingambit|18/100 brn|[from] brn\n|upkeep\n|turn|7\n|inactive|Kazuma Yato has 30 seconds left.\n|\n|t:|1776729047\n|move|p2a: Scizor|Bullet Punch|p1a: Kingambit\n|-resisted|p1a: Kingambit|1\n|-damage|p1a: Kingambit|0 fnt\n|faint|p1a: Kingambit\n|move|p2b: Sinistcha|Matcha Gotcha|p1b: Primarina\n|-supereffective|p1b: Primarina|1\n|-damage|p1b: Primarina|0 fnt\n|-heal|p2b: Sinistcha|46/100 brn|[from] drain|[of] p1b: Primarina\n|faint|p1b: Primarina\n|\n|-damage|p2b: Sinistcha|40/100 brn|[from] brn\n|upkeep\n|\n|t:|1776729051\n|switch|p1b: Garchomp|Garchomp, L50, M|100/100\n|switch|p1a: Scovillain|Scovillain-Mega, L50, F|44/100\n|turn|8\n|inactive|Kazuma Yato has 30 seconds left.\n|\n|t:|1776729084\n|move|p1b: Garchomp|Rock Slide|p2b: Sinistcha|[spread] p2a,p2b\n|-damage|p2a: Scizor|85/100\n|-damage|p2b: Sinistcha|22/100 brn\n|move|p2a: Scizor|Swords Dance|p2a: Scizor\n|-boost|p2a: Scizor|atk|2\n|move|p1a: Scovillain|Leech Seed|p2a: Scizor\n|-start|p2a: Scizor|move: Leech Seed\n|cant|p2b: Sinistcha|flinch\n|\n|-damage|p2a: Scizor|72/100|[from] Leech Seed|[of] p1a: Scovillain\n|-heal|p1a: Scovillain|57/100|[silent]\n|-damage|p2b: Sinistcha|16/100 brn|[from] brn\n|upkeep\n|turn|9\n|\n|t:|1776729104\n|move|p1a: Scovillain|Protect|p1a: Scovillain\n|-singleturn|p1a: Scovillain|Protect\n|move|p1b: Garchomp|Rock Slide|p2b: Sinistcha|[spread] p2a,p2b\n|-damage|p2a: Scizor|55/100\n|-damage|p2b: Sinistcha|0 fnt\n|faint|p2b: Sinistcha\n|move|p2a: Scizor|Close Combat|p1b: Garchomp\n|-damage|p1b: Garchomp|0 fnt\n|-unboost|p2a: Scizor|def|1\n|-unboost|p2a: Scizor|spd|1\n|-damage|p2a: Scizor|42/100|[from] ability: Rough Skin|[of] p1b: Garchomp\n|faint|p1b: Garchomp\n|\n|-damage|p2a: Scizor|30/100|[from] Leech Seed|[of] p1a: Scovillain\n|-heal|p1a: Scovillain|70/100|[silent]\n|upkeep\n|turn|10\n|\n|t:|1776729119\n|move|p2a: Scizor|Close Combat|p1a: Scovillain\n|-damage|p1a: Scovillain|0 fnt\n|-unboost|p2a: Scizor|def|1\n|-unboost|p2a: Scizor|spd|1\n|-status|p2a: Scizor|brn|[from] ability: Spicy Spray|[of] p1a: Scovillain\n|faint|p1a: Scovillain\n|\n|win|Kazuma Yato\n|raw|jackeroniiii's rating: 1205 &rarr; <strong>1183</strong><br />(-22 for losing)\n|raw|Kazuma Yato's rating: 1248 &rarr; <strong>1270</strong><br />(+22 for winning)\n",
  "uploadtime": 1776729119,
  "views": 2,
  "formatid": "gen9championsvgc2026regma",
  "rating": 1183,
  "private": 0,
  "password": null
}