{
  "id": "gen9championsvgc2026regma-2583360869",
  "format": "[Gen 9 Champions] VGC 2026 Reg M-A",
  "players": [
    "Dag291",
    "empadinhajr"
  ],
  "log": "|j|\u203dDag291\n|j|\u2606empadinhajr\n|t:|1776170096\n|gametype|doubles\n|player|p1|Dag291|102|1082\n|player|p2|empadinhajr|2|1028\n|gen|9\n|tier|[Gen 9 Champions] VGC 2026 Reg M-A\n|rated|\n|rule|Species Clause: Limit one of each Pok\u00e9mon\n|rule|Item Clause: Limit 1 of each item\n|clearpoke\n|poke|p1|Decidueye-Hisui, L50, F|\n|poke|p1|Incineroar, L50, F|\n|poke|p1|Gengar, L50, M|\n|poke|p1|Glimmora, L50, F|\n|poke|p1|Primarina, L50, M|\n|poke|p1|Corviknight, L50, M|\n|poke|p2|Starmie, L50|\n|poke|p2|Tyranitar, L50, F|\n|poke|p2|Garchomp, L50, M|\n|poke|p2|Aegislash, L50, F|\n|poke|p2|Rotom-Heat, L50|\n|poke|p2|Aerodactyl, L50, M|\n|teampreview|4\n|inactive|Battle timer is ON: inactive players will automatically lose when time's up. (requested by Dag291)\n|inactive|Dag291 has 60 seconds left.\n|inactive|empadinhajr has 60 seconds left.\n|\n|t:|1776170132\n|teamsize|p1|4\n|teamsize|p2|4\n|start\n|switch|p1a: Incineroar|Incineroar, L50, F|100/100\n|switch|p1b: Primarina|Primarina, L50, M|100/100\n|switch|p2a: Starmie|Starmie, L50|100/100\n|switch|p2b: Garchomp|Garchomp, L50, M|100/100\n|-ability|p1a: Incineroar|Intimidate|boost\n|-unboost|p2a: Starmie|atk|1\n|-unboost|p2b: Garchomp|atk|1\n|-enditem|p2b: Garchomp|White Herb\n|-clearnegativeboost|p2b: Garchomp|[silent]\n|turn|1\n|\n|t:|1776170154\n|move|p2a: Starmie|Protect|p2a: Starmie\n|-singleturn|p2a: Starmie|Protect\n|move|p2b: Garchomp|Protect|p2b: Garchomp\n|-singleturn|p2b: Garchomp|Protect\n|move|p1a: Incineroar|Fake Out|p2a: Starmie\n|-activate|p2a: Starmie|move: Protect\n|move|p1b: Primarina|Calm Mind|p1b: Primarina\n|-boost|p1b: Primarina|spa|1\n|-boost|p1b: Primarina|spd|1\n|\n|upkeep\n|turn|2\n|\n|t:|1776170171\n|detailschange|p2a: Starmie|Starmie-Mega, L50\n|-mega|p2a: Starmie|Starmie|Starminite\n|move|p2a: Starmie|Skill Swap|p2b: Garchomp\n|-activate|p2a: Starmie|Skill Swap|||[of] p2b: Garchomp\n|move|p2b: Garchomp|Iron Head|p1b: Primarina\n|-damage|p1b: Primarina|50/100\n|move|p1a: Incineroar|Parting Shot|p2b: Garchomp\n|-unboost|p2b: Garchomp|atk|1\n|-unboost|p2b: Garchomp|spa|1\n|\n|t:|1776170181\n|switch|p1a: Decidueye|Decidueye-Hisui, L50, F|100/100|[from] Parting Shot\n|move|p1b: Primarina|Moonblast|p2b: Garchomp\n|-supereffective|p2b: Garchomp|1\n|-damage|p2b: Garchomp|0 fnt\n|faint|p2b: Garchomp\n|\n|upkeep\n|\n|t:|1776170185\n|switch|p2b: Aegislash|Aegislash, L50, F|100/100\n|turn|3\n|\n|t:|1776170198\n|move|p2a: Starmie|Protect|p2a: Starmie\n|-singleturn|p2a: Starmie|Protect\n|move|p1a: Decidueye|Leaf Blade|p2a: Starmie\n|-activate|p2a: Starmie|move: Protect\n|-formechange|p2b: Aegislash|Aegislash-Blade|\n|move|p2b: Aegislash|Flash Cannon|p1b: Primarina\n|-damage|p1b: Primarina|24/100\n|-unboost|p1b: Primarina|spd|1\n|move|p1b: Primarina|Hyper Voice|p2b: Aegislash|[spread] p2b\n|-activate|p2a: Starmie|move: Protect\n|-damage|p2b: Aegislash|10/100\n|\n|-heal|p2b: Aegislash|16/100|[from] item: Leftovers\n|upkeep\n|turn|4\n|\n|t:|1776170218\n|switch|p2a: Rotom|Rotom-Heat, L50|100/100\n|-formechange|p2b: Aegislash|Aegislash|\n|move|p2b: Aegislash|King's Shield|p2b: Aegislash\n|-singleturn|p2b: Aegislash|Protect\n|move|p1a: Decidueye|Leaf Blade|p2a: Rotom\n|-resisted|p2a: Rotom|1\n|-damage|p2a: Rotom|70/100\n|move|p1b: Primarina|Hyper Voice|p2a: Rotom|[spread] p2a\n|-activate|p2b: Aegislash|move: Protect\n|-supereffective|p2a: Rotom|1\n|-damage|p2a: Rotom|0 fnt\n|faint|p2a: Rotom\n|\n|-heal|p2b: Aegislash|22/100|[from] item: Leftovers\n|upkeep\n|\n|t:|1776170222\n|switch|p2a: Starmie|Starmie-Mega, L50|100/100\n|turn|5\n|\n|t:|1776170237\n|move|p2a: Starmie|Zen Headbutt|p1a: Decidueye\n|-supereffective|p1a: Decidueye|1\n|-damage|p1a: Decidueye|0 fnt\n|faint|p1a: Decidueye\n|-formechange|p2b: Aegislash|Aegislash-Blade|\n|move|p2b: Aegislash|Flash Cannon|p1b: Primarina\n|-crit|p1b: Primarina\n|-damage|p1b: Primarina|0 fnt\n|faint|p1b: Primarina\n|\n|-heal|p2b: Aegislash|28/100|[from] item: Leftovers\n|upkeep\n|\n|t:|1776170241\n|switch|p1a: Incineroar|Incineroar, L50, F|100/100\n|switch|p1b: Gengar|Gengar, L50, M|100/100\n|-ability|p1a: Incineroar|Intimidate|boost\n|-unboost|p2a: Starmie|atk|1\n|-unboost|p2b: Aegislash|atk|1\n|turn|6\n|\n|t:|1776170256\n|move|p2a: Starmie|Protect|p2a: Starmie\n|-singleturn|p2a: Starmie|Protect\n|-formechange|p2b: Aegislash|Aegislash|\n|move|p2b: Aegislash|King's Shield|p2b: Aegislash\n|-singleturn|p2b: Aegislash|Protect\n|move|p1a: Incineroar|Fake Out|p2a: Starmie\n|-activate|p2a: Starmie|move: Protect\n|move|p1b: Gengar|Perish Song|p1b: Gengar\n|-start|p1a: Incineroar|perish3|[silent]\n|-start|p1b: Gengar|perish3|[silent]\n|-start|p2a: Starmie|perish3|[silent]\n|-start|p2b: Aegislash|perish3|[silent]\n|-fieldactivate|move: Perish Song\n|\n|-heal|p2b: Aegislash|34/100|[from] item: Leftovers\n|-start|p2a: Starmie|perish3\n|-start|p1b: Gengar|perish3\n|-start|p1a: Incineroar|perish3\n|-start|p2b: Aegislash|perish3\n|upkeep\n|turn|7\n|\n|t:|1776170272\n|move|p1a: Incineroar|Protect|p1a: Incineroar\n|-singleturn|p1a: Incineroar|Protect\n|move|p2a: Starmie|Liquidation|p1a: Incineroar\n|-activate|p1a: Incineroar|move: Protect\n|move|p1b: Gengar|Shadow Ball|p2b: Aegislash\n|-supereffective|p2b: Aegislash|1\n|-damage|p2b: Aegislash|0 fnt\n|faint|p2b: Aegislash\n|\n|-start|p2a: Starmie|perish2\n|-start|p1b: Gengar|perish2\n|-start|p1a: Incineroar|perish2\n|upkeep\n|turn|8\n|\n|t:|1776170294\n|move|p1b: Gengar|Protect|p1b: Gengar\n|-singleturn|p1b: Gengar|Protect\n|move|p2a: Starmie|Liquidation|p1a: Incineroar\n|-supereffective|p1a: Incineroar|1\n|-damage|p1a: Incineroar|10/100\n|-enditem|p1a: Incineroar|Sitrus Berry|[eat]\n|-heal|p1a: Incineroar|35/100|[from] item: Sitrus Berry\n|move|p1a: Incineroar|Throat Chop|p2a: Starmie\n|-supereffective|p2a: Starmie|1\n|-damage|p2a: Starmie|19/100\n|-start|p2a: Starmie|Throat Chop|[silent]\n|\n|-start|p2a: Starmie|perish1\n|-start|p1b: Gengar|perish1\n|-start|p1a: Incineroar|perish1\n|upkeep\n|turn|9\n|-message|empadinhajr forfeited.\n|\n|win|Dag291\n|raw|Dag291's rating: 1082 &rarr; <strong>1105</strong><br />(+23 for winning)\n|raw|empadinhajr's rating: 1028 &rarr; <strong>1016</strong><br />(-12 for losing)\n|l|\u2606empadinhajr\n|player|p2|\n",
  "uploadtime": 1776170311,
  "views": 13,
  "formatid": "gen9championsvgc2026regma",
  "rating": 1016,
  "private": 0,
  "password": null
}