{
  "id": "gen9championsvgc2026regma-2581212087",
  "format": "[Gen 9 Champions] VGC 2026 Reg M-A",
  "players": [
    "JassonFan",
    "bugboy696868"
  ],
  "log": "|j|\u2606JassonFan\n|j|\u2606bugboy696868\n|t:|1775971394\n|gametype|doubles\n|player|p1|JassonFan|unknownf|1084\n|player|p2|bugboy696868|101|1000\n|gen|9\n|tier|[Gen 9 Champions] VGC 2026 Reg M-A\n|rated|\n|rule|Species Clause: Limit one of each Pok\u00e9mon\n|rule|Item Clause: Limit 1 of each item\n|clearpoke\n|poke|p1|Floette-Eternal, L50, F|\n|poke|p1|Aerodactyl, L50, F|\n|poke|p1|Incineroar, L50, F|\n|poke|p1|Garchomp, L50, M|\n|poke|p1|Charizard, L50, F|\n|poke|p1|Venusaur, L50, M|\n|poke|p2|Froslass, L50, F|\n|poke|p2|Maushold, L50|\n|poke|p2|Incineroar, L50, F|\n|poke|p2|Palafin, L50, M|\n|poke|p2|Sinistcha, L50|\n|poke|p2|Farigiraf, L50, M|\n|teampreview|4\n|inactive|Battle timer is ON: inactive players will automatically lose when time's up. (requested by JassonFan)\nbugboy696868 has agreed to open team sheets.\n|c|\u2606bugboy696868|huh? how many megas do you have man\n|inactive|JassonFan has 60 seconds left.\n|inactive|bugboy696868 has 60 seconds left.\n|c|\u2606JassonFan|idk I cannot decide T-T\n|c|\u2606bugboy696868|you have 3/4 megas?\n|c|\u2606JassonFan|2\n|c|\u2606bugboy696868|ouuu\n|inactive|JassonFan has 30 seconds left.\n|c|\u2606bugboy696868|floete and aero?\n|c|\u2606bugboy696868|i thought u had 3/4\n|inactive|JassonFan has 20 seconds left.\n|c|\u2606bugboy696868|lmfao\n|\n|t:|1775971467\n|teamsize|p1|4\n|teamsize|p2|4\n|start\n|switch|p1a: Charizard|Charizard, L50, F|100/100\n|switch|p1b: Venusaur|Venusaur, L50, M|100/100\n|switch|p2a: Palafin|Palafin, L50, M|100/100\n|switch|p2b: Farigiraf|Farigiraf, L50, M|100/100\n|turn|1\n|c|\u2606JassonFan|hahaha\n|c|\u2606JassonFan|that would be insane\n|inactive|JassonFan has 30 seconds left.\n|inactive|JassonFan has 20 seconds left.\n|inactive|JassonFan has 15 seconds left.\n|\n|t:|1775971511\n|detailschange|p1a: Charizard|Charizard-Mega-Y, L50, F\n|-mega|p1a: Charizard|Charizard|Charizardite Y\n|-weather|SunnyDay|[from] ability: Drought|[of] p1a: Charizard\n|move|p2b: Farigiraf|Helping Hand|p2a: Palafin\n|-singleturn|p2a: Palafin|Helping Hand|[of] p2b: Farigiraf\n|move|p1b: Venusaur|Leaf Storm|p2a: Palafin\n|-supereffective|p2a: Palafin|1\n|-damage|p2a: Palafin|0 fnt\n|-unboost|p1b: Venusaur|spa|2\n|faint|p2a: Palafin\n|move|p1a: Charizard|Heat Wave|p2b: Farigiraf|[miss]\n|-miss|p1a: Charizard|p2b: Farigiraf\n|\n|-weather|SunnyDay|[upkeep]\n|upkeep\n|\n|t:|1775971522\n|switch|p2a: Froslass|Froslass, L50, F|100/100\n|turn|2\n|\n|t:|1775971539\n|detailschange|p2a: Froslass|Froslass-Mega, L50, F\n|-mega|p2a: Froslass|Froslass|Froslassite\n|-weather|Snowscape|[from] ability: Snow Warning|[of] p2a: Froslass\n|move|p2b: Farigiraf|Helping Hand|p2a: Froslass\n|-singleturn|p2a: Froslass|Helping Hand|[of] p2b: Farigiraf\n|move|p2a: Froslass|Blizzard|p1a: Charizard|[spread] p1a,p1b\n|-supereffective|p1b: Venusaur|1\n|-damage|p1a: Charizard|44/100\n|-enditem|p1b: Venusaur|Focus Sash\n|-damage|p1b: Venusaur|1/100\n|move|p1a: Charizard|Heat Wave|p2b: Farigiraf|[spread] p2b\n|-miss|p1a: Charizard|p2a: Froslass\n|-damage|p2b: Farigiraf|52/100\n|move|p1b: Venusaur|Sleep Powder|p2a: Froslass|[miss]\n|-miss|p1b: Venusaur|p2a: Froslass\n|\n|-weather|Snowscape|[upkeep]\n|-heal|p2b: Farigiraf|58/100|[from] item: Leftovers\n|upkeep\n|turn|3\n|c|\u2606JassonFan|why my attacks miss everything T-T\n|inactive|JassonFan has 30 seconds left.\n|inactive|bugboy696868 has 30 seconds left.\n|c|\u2606bugboy696868|nt bro\n|inactive|JassonFan has 20 seconds left.\n|inactive|JassonFan has 15 seconds left.\n|\n|t:|1775971581\n|switch|p1a: Incineroar|Incineroar, L50, F|100/100\n|-ability|p1a: Incineroar|Intimidate|boost\n|-unboost|p2a: Froslass|atk|1\n|-unboost|p2b: Farigiraf|atk|1\n|switch|p1b: Floette|Floette-Eternal, L50, F|100/100\n|move|p2b: Farigiraf|Helping Hand|p2a: Froslass\n|-singleturn|p2a: Froslass|Helping Hand|[of] p2b: Farigiraf\n|move|p2a: Froslass|Blizzard|p1a: Incineroar|[spread] p1a,p1b\n|-resisted|p1a: Incineroar|1\n|-damage|p1a: Incineroar|75/100\n|-damage|p1b: Floette|51/100\n|-status|p1a: Incineroar|frz\n|\n|-weather|Snowscape|[upkeep]\n|-heal|p2b: Farigiraf|64/100|[from] item: Leftovers\n|upkeep\n|turn|4\n|\n|t:|1775971606\n|switch|p2a: Sinistcha|Sinistcha, L50|100/100\n|-heal|p2b: Farigiraf|89/100|[from] ability: Hospitality|[of] p2a: Sinistcha\n|switch|p1b: Charizard|Charizard-Mega-Y, L50, F|44/100\n|-weather|SunnyDay|[from] ability: Drought|[of] p1b: Charizard\n|cant|p1a: Incineroar|frz\n|move|p2b: Farigiraf|Hyper Voice|p1a: Incineroar|[spread] p1a,p1b\n|-damage|p1a: Incineroar|44/100 frz\n|-damage|p1b: Charizard|10/100\n|-enditem|p1a: Incineroar|Sitrus Berry|[eat]\n|-heal|p1a: Incineroar|69/100 frz|[from] item: Sitrus Berry\n|\n|-weather|SunnyDay|[upkeep]\n|-heal|p2b: Farigiraf|95/100|[from] item: Leftovers\n|upkeep\n|turn|5\n|inactive|JassonFan has 30 seconds left.\n|-activate|p2a: Sinistcha|item: Quick Claw\n|\n|t:|1775971635\n|switch|p1b: Floette|Floette-Eternal, L50, F|51/100\n|move|p2a: Sinistcha|Protect|p2a: Sinistcha\n|-singleturn|p2a: Sinistcha|Protect\n|cant|p1a: Incineroar|frz\n|move|p2b: Farigiraf|Hyper Voice|p1b: Floette|[spread] p1a,p1b\n|-damage|p1a: Incineroar|40/100 frz\n|-damage|p1b: Floette|26/100\n|\n|-weather|SunnyDay|[upkeep]\n|-heal|p2b: Farigiraf|100/100|[from] item: Leftovers\n|upkeep\n|turn|6\n|inactive|JassonFan has 30 seconds left.\n|inactive|bugboy696868 has 30 seconds left.\n|\n|t:|1775971667\n|move|p1b: Floette|Light of Ruin|p2a: Sinistcha\n|-damage|p2a: Sinistcha|36/100\n|-damage|p1b: Floette|0 fnt|[from] Recoil\n|faint|p1b: Floette\n|-curestatus|p1a: Incineroar|frz|[msg]\n|move|p1a: Incineroar|Throat Chop|p2b: Farigiraf\n|-supereffective|p2b: Farigiraf|1\n|-damage|p2b: Farigiraf|28/100\n|-start|p2b: Farigiraf|Throat Chop|[silent]\n|move|p2a: Sinistcha|Matcha Gotcha|p1a: Incineroar\n|-resisted|p1a: Incineroar|1\n|-damage|p1a: Incineroar|26/100\n|-heal|p2a: Sinistcha|44/100|[from] drain|[of] p1a: Incineroar\n|cant|p2b: Farigiraf|move: Throat Chop\n|\n|-weather|SunnyDay|[upkeep]\n|-heal|p2b: Farigiraf|34/100|[from] item: Leftovers\n|upkeep\n|inactive|JassonFan has 30 seconds left.\n|\n|t:|1775971697\n|switch|p1b: Venusaur|Venusaur, L50, M|1/100\n|turn|7\n|c|\u2606bugboy696868|throath chop wow bro im gonna take that\n|c|\u2606bugboy696868|it hella covers prim and farig\n|c|\u2606bugboy696868|w incin\n|c|\u2606JassonFan|yeah hahaha\n|inactive|bugboy696868 has 30 seconds left.\n|inactive|bugboy696868 has 20 seconds left.\n|c|\u2606JassonFan|people usually don't expect it\n|inactive|bugboy696868 has 15 seconds left.\n|inactive|bugboy696868 has 10 seconds left.\n|inactive|bugboy696868 has 5 seconds left.\n|\n|t:|1775971748\n|move|p2a: Sinistcha|Protect|p2a: Sinistcha\n|-singleturn|p2a: Sinistcha|Protect\n|move|p1b: Venusaur|Sludge Bomb|p2a: Sinistcha\n|-activate|p2a: Sinistcha|move: Protect\n|move|p1a: Incineroar|Throat Chop|p2b: Farigiraf\n|-supereffective|p2b: Farigiraf|1\n|-damage|p2b: Farigiraf|0 fnt\n|faint|p2b: Farigiraf\n|\n|-weather|SunnyDay|[upkeep]\n|upkeep\n|\n|t:|1775971755\n|switch|p2b: Froslass|Froslass-Mega, L50, F|100/100\n|-weather|Snowscape|[from] ability: Snow Warning|[of] p2b: Froslass\n|turn|8\n|\n|t:|1775971766\n|switch|p1a: Charizard|Charizard-Mega-Y, L50, F|10/100\n|-weather|SunnyDay|[from] ability: Drought|[of] p1a: Charizard\n|move|p2b: Froslass|Protect|p2b: Froslass\n|-singleturn|p2b: Froslass|Protect\n|move|p1b: Venusaur|Sleep Powder|p2b: Froslass\n|-activate|p2b: Froslass|move: Protect\n|move|p2a: Sinistcha|Matcha Gotcha|p1b: Venusaur|[spread] p1a,p1b\n|-resisted|p1a: Charizard|2\n|-resisted|p1b: Venusaur|2\n|-damage|p1a: Charizard|5/100\n|-heal|p2a: Sinistcha|46/100|[from] drain|[of] p1a: Charizard\n|-damage|p1b: Venusaur|0 fnt\n|-heal|p2a: Sinistcha|47/100|[from] drain|[of] p1b: Venusaur\n|faint|p1b: Venusaur\n|\n|-weather|SunnyDay|[upkeep]\n|upkeep\n|\n|t:|1775971772\n|switch|p1b: Incineroar|Incineroar, L50, F|26/100\n|-ability|p1b: Incineroar|Intimidate|boost\n|-unboost|p2a: Sinistcha|atk|1\n|-unboost|p2b: Froslass|atk|1\n|turn|9\n|c|\u2606JassonFan|oof nice read\n|c|\u2606JassonFan|i think it's over for me\n|inactive|JassonFan has 30 seconds left.\n|inactive|bugboy696868 has 30 seconds left.\n|\n|t:|1775971807\n|move|p1a: Charizard|Protect|p1a: Charizard\n|-singleturn|p1a: Charizard|Protect\n|move|p2b: Froslass|Shadow Ball|p1b: Incineroar\n|-resisted|p1b: Incineroar|1\n|-damage|p1b: Incineroar|8/100\n|move|p1b: Incineroar|Flare Blitz|p2b: Froslass\n|-supereffective|p2b: Froslass|1\n|-damage|p2b: Froslass|0 fnt\n|faint|p2b: Froslass\n|-damage|p1b: Incineroar|0 fnt|[from] Recoil\n|faint|p1b: Incineroar\n|move|p2a: Sinistcha|Matcha Gotcha|p1a: Charizard\n|-activate|p1a: Charizard|move: Protect\n|\n|-weather|SunnyDay|[upkeep]\n|upkeep\n|turn|10\n|c|\u2606JassonFan|OMG\n|\n|t:|1775971823\n|move|p1a: Charizard|Weather Ball|p2a: Sinistcha\n|-supereffective|p2a: Sinistcha|1\n|-damage|p2a: Sinistcha|0 fnt\n|faint|p2a: Sinistcha\n|\n|win|JassonFan\n|raw|JassonFan's rating: 1084 &rarr; <strong>1105</strong><br />(+21 for winning)\n|raw|bugboy696868's rating: 1000 &rarr; <strong>1000</strong><br />(+0 for losing)\n|c|\u2606bugboy696868|ggs ggs\n|l|\u2606bugboy696868\n|player|p2|\n|c|\u2606JassonFan|very close game ggs man\n",
  "uploadtime": 1775971835,
  "views": 13,
  "formatid": "gen9championsvgc2026regma",
  "rating": 1000,
  "private": 0,
  "password": null
}