{
  "id": "gen9championsvgc2026regma-2581185042",
  "format": "[Gen 9 Champions] VGC 2026 Reg M-A",
  "players": [
    "Roger_Leo1000",
    "Novicebest"
  ],
  "log": "|j|\u2606Roger_Leo1000\n|j|\u2606Novicebest\n|t:|1775968336\n|gametype|doubles\n|player|p1|Roger_Leo1000|hilbert|1161\n|player|p2|Novicebest|dawn|1175\n|gen|9\n|tier|[Gen 9 Champions] VGC 2026 Reg M-A\n|rated|\n|rule|Species Clause: Limit one of each Pok\u00e9mon\n|rule|Item Clause: Limit 1 of each item\n|clearpoke\n|poke|p1|Meganium, L50, M|\n|poke|p1|Politoed, L50, M|\n|poke|p1|Archaludon, L50, M|\n|poke|p1|Basculegion, L50, M|\n|poke|p1|Talonflame, L50, F|\n|poke|p1|Maushold-Four, L50|\n|poke|p2|Charizard, L50, M|\n|poke|p2|Whimsicott, L50, F|\n|poke|p2|Farigiraf, L50, F|\n|poke|p2|Sneasler, L50, M|\n|poke|p2|Rotom-Wash, L50|\n|poke|p2|Incineroar, L50, M|\n|teampreview|4\n|inactive|Battle timer is ON: inactive players will automatically lose when time's up. (requested by Novicebest)\n|inactive|Roger_Leo1000 has 60 seconds left.\n|inactive|Novicebest has 60 seconds left.\n|inactive|Roger_Leo1000 has 30 seconds left.\n|inactive|Roger_Leo1000 has 20 seconds left.\n|inactive|Roger_Leo1000 has 15 seconds left.\n|\n|t:|1775968422\n|teamsize|p1|4\n|teamsize|p2|4\n|start\n|switch|p1a: Politoed|Politoed, L50, M|100/100\n|switch|p1b: Basculegion|Basculegion, L50, M|100/100\n|switch|p2a: Sneasler|Sneasler, L50, M|100/100\n|switch|p2b: Whimsicott|Whimsicott, L50, F|100/100\n|-weather|RainDance|[from] ability: Drizzle|[of] p1a: Politoed\n|turn|1\n|inactive|Roger_Leo1000 has 30 seconds left.\n|\n|t:|1775968455\n|move|p2a: Sneasler|Fake Out|p1a: Politoed\n|-damage|p1a: Politoed|85/100\n|move|p2b: Whimsicott|Sunny Day|p2b: Whimsicott\n|-weather|SunnyDay\n|move|p1b: Basculegion|Wave Crash|p2a: Sneasler\n|-damage|p2a: Sneasler|34/100\n|-damage|p1b: Basculegion|83/100|[from] Recoil\n|cant|p1a: Politoed|flinch\n|\n|-weather|SunnyDay|[upkeep]\n|upkeep\n|turn|2\n|inactive|Novicebest has 30 seconds left.\n|\n|t:|1775968483\n|switch|p2a: Incineroar|Incineroar, L50, M|100/100\n|-ability|p2a: Incineroar|Intimidate|boost\n|-unboost|p1a: Politoed|atk|1\n|-unboost|p1b: Basculegion|atk|1\n|switch|p1a: Talonflame|Talonflame, L50, F|100/100\n|move|p2b: Whimsicott|Tailwind|p2b: Whimsicott\n|-sidestart|p2: Novicebest|move: Tailwind\n|move|p1b: Basculegion|Wave Crash|p2a: Incineroar\n|-supereffective|p2a: Incineroar|1\n|-damage|p2a: Incineroar|57/100\n|-damage|p1b: Basculegion|68/100|[from] Recoil\n|\n|-weather|SunnyDay|[upkeep]\n|upkeep\n|turn|3\n|\n|t:|1775968504\n|switch|p1b: Politoed|Politoed, L50, M|85/100\n|-weather|RainDance|[from] ability: Drizzle|[of] p1b: Politoed\n|move|p2b: Whimsicott|Taunt|p1a: Talonflame\n|-start|p1a: Talonflame|move: Taunt\n|cant|p1a: Talonflame|move: Taunt|Tailwind\n|move|p2a: Incineroar|Throat Chop|p1b: Politoed\n|-damage|p1b: Politoed|55/100\n|-start|p1b: Politoed|Throat Chop|[silent]\n|\n|-weather|RainDance|[upkeep]\n|upkeep\n|turn|4\n|\n|t:|1775968522\n|switch|p1b: Archaludon|Archaludon, L50, M|100/100\n|move|p2b: Whimsicott|Sunny Day|p2b: Whimsicott\n|-weather|SunnyDay\n|move|p1a: Talonflame|Hurricane|p2a: Incineroar|[miss]\n|-miss|p1a: Talonflame|p2a: Incineroar\n|move|p2a: Incineroar|Throat Chop|p1a: Talonflame\n|-damage|p1a: Talonflame|55/100\n|-start|p1a: Talonflame|Throat Chop|[silent]\n|\n|-weather|SunnyDay|[upkeep]\n|upkeep\n|turn|5\n|inactive|Novicebest has 30 seconds left.\n|\n|t:|1775968547\n|switch|p1b: Politoed|Politoed, L50, M|55/100\n|-weather|RainDance|[from] ability: Drizzle|[of] p1b: Politoed\n|move|p2b: Whimsicott|Moonblast|p1a: Talonflame\n|-resisted|p1a: Talonflame|1\n|-damage|p1a: Talonflame|27/100\n|move|p2a: Incineroar|Throat Chop|p1a: Talonflame\n|-damage|p1a: Talonflame|0 fnt\n|faint|p1a: Talonflame\n|\n|-weather|RainDance|[upkeep]\n|-sideend|p2: Novicebest|move: Tailwind\n|upkeep\n|\n|t:|1775968564\n|switch|p1a: Basculegion|Basculegion, L50, M|68/100\n|turn|6\n|\n|t:|1775968575\n|move|p2b: Whimsicott|Sunny Day|p2b: Whimsicott\n|-weather|SunnyDay\n|move|p1a: Basculegion|Last Respects|p2b: Whimsicott\n|-damage|p2b: Whimsicott|11/100\n|move|p2a: Incineroar|Throat Chop|p1a: Basculegion\n|-supereffective|p1a: Basculegion|1\n|-damage|p1a: Basculegion|0 fnt\n|faint|p1a: Basculegion\n|move|p1b: Politoed|Icy Wind|p2b: Whimsicott|[spread] p2a,p2b\n|-resisted|p2a: Incineroar|1\n|-supereffective|p2b: Whimsicott|1\n|-damage|p2a: Incineroar|52/100\n|-damage|p2b: Whimsicott|0 fnt\n|-unboost|p2a: Incineroar|spe|1\n|faint|p2b: Whimsicott\n|\n|-weather|SunnyDay|[upkeep]\n|upkeep\n|\n|t:|1775968592\n|switch|p2b: Charizard|Charizard, L50, M|100/100\n|switch|p1a: Archaludon|Archaludon, L50, M|100/100\n|turn|7\n|-message|Roger_Leo1000 forfeited.\n|\n|win|Novicebest\n|raw|Roger_Leo1000's rating: 1161 &rarr; <strong>1137</strong><br />(-24 for losing)\n|raw|Novicebest's rating: 1175 &rarr; <strong>1199</strong><br />(+24 for winning)\n|l|\u2606Roger_Leo1000\n|player|p1|\n",
  "uploadtime": 1775968606,
  "views": 16,
  "formatid": "gen9championsvgc2026regma",
  "rating": 1137,
  "private": 0,
  "password": null
}