{
  "id": "gen9championsvgc2026regma-2588910673",
  "format": "[Gen 9 Champions] VGC 2026 Reg M-A",
  "players": [
    "notcheetofingers",
    "scorpioevo"
  ],
  "log": "|j|\u2606notcheetofingers\n|j|\u2606scorpioevo\n|t:|1776685021\n|gametype|doubles\n|player|p1|notcheetofingers|pokemaniac|1152\n|player|p2|scorpioevo|marnie|1186\n|gen|9\n|tier|[Gen 9 Champions] VGC 2026 Reg M-A\n|rated|\n|rule|Species Clause: Limit one of each Pok\u00e9mon\n|rule|Item Clause: Limit 1 of each item\n|clearpoke\n|poke|p1|Ampharos, L50, F|\n|poke|p1|Klefki, L50, F|\n|poke|p1|Farigiraf, L50, F|\n|poke|p1|Primarina, L50, F|\n|poke|p1|Incineroar, L50, M|\n|poke|p1|Snorlax, L50, F|\n|poke|p2|Farigiraf, L50, F|\n|poke|p2|Decidueye-Hisui, L50, M|\n|poke|p2|Bellibolt, L50, M, shiny|\n|poke|p2|Avalugg-Hisui, L50, F, shiny|\n|poke|p2|Sneasler, L50, F, shiny|\n|poke|p2|Slowking-Galar, L50, F|\n|teampreview|4\n|inactive|Battle timer is ON: inactive players will automatically lose when time's up. (requested by scorpioevo)\nnotcheetofingers has agreed to open team sheets.\n|inactive|notcheetofingers has 60 seconds left.\n|inactive|scorpioevo has 60 seconds left.\n|\n|t:|1776685066\n|teamsize|p1|4\n|teamsize|p2|4\n|start\n|switch|p1a: Farigiraf|Farigiraf, L50, F|100/100\n|switch|p1b: Incineroar|Incineroar, L50, M|100/100\n|switch|p2a: Farigiraf|Farigiraf, L50, F|100/100\n|switch|p2b: Decidueye|Decidueye-Hisui, L50, M|100/100\n|-ability|p1b: Incineroar|Intimidate|boost\n|-unboost|p2a: Farigiraf|atk|1\n|-fail|p2b: Decidueye|unboost|Attack|[from] ability: Scrappy|[of] p2b: Decidueye\n|turn|1\n|inactive|notcheetofingers has 30 seconds left.\n|inactive|scorpioevo has 30 seconds left.\n|\n|t:|1776685100\n|switch|p1b: Primarina|Primarina, L50, F|100/100\n|move|p2b: Decidueye|Nasty Plot|p2b: Decidueye\n|-boost|p2b: Decidueye|spa|2\n|move|p2a: Farigiraf|Hyper Voice|p1b: Primarina|[spread] p1a,p1b\n|-damage|p1a: Farigiraf|70/100\n|-damage|p1b: Primarina|72/100\n|move|p1a: Farigiraf|Psychic|p2b: Decidueye\n|-supereffective|p2b: Decidueye|1\n|-damage|p2b: Decidueye|19/100\n|\n|upkeep\n|turn|2\n|inactive|notcheetofingers has 30 seconds left.\n|inactive|notcheetofingers has 20 seconds left.\n|inactive|notcheetofingers has 15 seconds left.\n|inactive|notcheetofingers has 10 seconds left.\n|\n|t:|1776685147\n|move|p1b: Primarina|Protect|p1b: Primarina\n|-singleturn|p1b: Primarina|Protect\n|move|p2a: Farigiraf|Hyper Voice|p1b: Primarina|[spread] p1a\n|-activate|p1b: Primarina|move: Protect\n|-damage|p1a: Farigiraf|36/100\n|-enditem|p1a: Farigiraf|Sitrus Berry|[eat]\n|-heal|p1a: Farigiraf|61/100|[from] item: Sitrus Berry\n|move|p2b: Decidueye|Leaf Storm|p1b: Primarina\n|-activate|p1b: Primarina|move: Protect\n|move|p1a: Farigiraf|Hyper Voice|p2b: Decidueye|[spread] p2a,p2b\n|-damage|p2a: Farigiraf|71/100\n|-damage|p2b: Decidueye|0 fnt\n|faint|p2b: Decidueye\n|\n|upkeep\n|\n|t:|1776685165\n|switch|p2b: Sneasler|Sneasler, L50, F, shiny|100/100\n|turn|3\n|\n|t:|1776685188\n|switch|p1b: Incineroar|Incineroar, L50, M|100/100\n|-ability|p1b: Incineroar|Intimidate|boost\n|-unboost|p2a: Farigiraf|atk|1\n|-unboost|p2b: Sneasler|atk|1\n|move|p2b: Sneasler|Dire Claw|p1b: Incineroar\n|-crit|p1b: Incineroar\n|-damage|p1b: Incineroar|44/100\n|move|p2a: Farigiraf|Hyper Voice|p1b: Incineroar|[spread] p1a,p1b\n|-damage|p1a: Farigiraf|29/100\n|-damage|p1b: Incineroar|13/100\n|move|p1a: Farigiraf|Trick Room|p1a: Farigiraf\n|-fieldstart|move: Trick Room|[of] p1a: Farigiraf\n|\n|upkeep\n|turn|4\n|inactive|notcheetofingers has 30 seconds left.\n|inactive|scorpioevo has 30 seconds left.\n|\n|t:|1776685225\n|switch|p1b: Snorlax|Snorlax, L50, F|100/100\n|move|p1a: Farigiraf|Psychic|p2b: Sneasler\n|-supereffective|p2b: Sneasler|2\n|-enditem|p2b: Sneasler|Focus Sash\n|-damage|p2b: Sneasler|1/100\n|-unboost|p2b: Sneasler|spd|1\n|move|p2a: Farigiraf|Hyper Voice|p1a: Farigiraf|[spread] p1a,p1b\n|-damage|p1a: Farigiraf|0 fnt\n|-damage|p1b: Snorlax|76/100\n|faint|p1a: Farigiraf\n|move|p2b: Sneasler|Dire Claw|p1b: Snorlax\n|-damage|p1b: Snorlax|51/100\n|-status|p1b: Snorlax|psn\n|\n|-heal|p1b: Snorlax|57/100 psn|[from] item: Leftovers\n|-damage|p1b: Snorlax|45/100 psn|[from] psn\n|upkeep\n|\n|t:|1776685248\n|switch|p1a: Incineroar|Incineroar, L50, M|13/100\n|-ability|p1a: Incineroar|Intimidate|boost\n|-unboost|p2a: Farigiraf|atk|1\n|-unboost|p2b: Sneasler|atk|1\n|turn|5\n|\n|t:|1776685267\n|switch|p2b: Bellibolt|Bellibolt, L50, M, shiny|100/100\n|move|p1b: Snorlax|Double-Edge|p2b: Bellibolt\n|-damage|p2b: Bellibolt|49/100\n|-start|p2b: Bellibolt|Charge|Double-Edge|[from] ability: Electromorphosis\n|-damage|p1b: Snorlax|30/100 psn|[from] Recoil\n|move|p2a: Farigiraf|Hyper Voice|p1b: Snorlax|[spread] p1a,p1b\n|-damage|p1a: Incineroar|0 fnt\n|-damage|p1b: Snorlax|8/100 psn\n|faint|p1a: Incineroar\n|\n|-heal|p1b: Snorlax|14/100 psn|[from] item: Leftovers\n|-heal|p2b: Bellibolt|55/100|[from] item: Leftovers\n|-damage|p1b: Snorlax|2/100 psn|[from] psn\n|upkeep\n|\n|t:|1776685280\n|switch|p1a: Primarina|Primarina, L50, F|72/100\n|turn|6\n|\n|t:|1776685295\n|move|p1b: Snorlax|Protect|p1b: Snorlax\n|-singleturn|p1b: Snorlax|Protect\n|move|p2b: Bellibolt|Parabolic Charge|p1b: Snorlax|[spread] p2a,p1a\n|-activate|p1b: Snorlax|move: Protect\n|-supereffective|p1a: Primarina|1\n|-damage|p2a: Farigiraf|21/100\n|-heal|p2b: Bellibolt|81/100|[from] drain|[of] p2a: Farigiraf\n|-damage|p1a: Primarina|0 fnt\n|-heal|p2b: Bellibolt|100/100|[from] drain|[of] p1a: Primarina\n|-enditem|p2a: Farigiraf|Sitrus Berry|[eat]\n|-heal|p2a: Farigiraf|46/100|[from] item: Sitrus Berry\n|faint|p1a: Primarina\n|-end|p2b: Bellibolt|Charge|[silent]\n|move|p2a: Farigiraf|Hyper Voice|p1b: Snorlax\n|-activate|p1b: Snorlax|move: Protect\n|\n|-heal|p1b: Snorlax|8/100 psn|[from] item: Leftovers\n|-damage|p1b: Snorlax|0 fnt|[from] psn\n|faint|p1b: Snorlax\n|\n|win|scorpioevo\n|raw|notcheetofingers's rating: 1152 &rarr; <strong>1129</strong><br />(-23 for losing)\n|raw|scorpioevo's rating: 1186 &rarr; <strong>1209</strong><br />(+23 for winning)\n",
  "uploadtime": 1776685312,
  "views": 10,
  "formatid": "gen9championsvgc2026regma",
  "rating": 1129,
  "private": 0,
  "password": null
}