{
  "id": "gen9championsvgc2026regma-2586850775",
  "format": "[Gen 9 Champions] VGC 2026 Reg M-A",
  "players": [
    "mehvey",
    "Trainbored"
  ],
  "log": "|j|\u2606mehvey\n|j|\u2606Trainbored\n|t:|1776465267\n|gametype|doubles\n|player|p1|mehvey|cheren|1080\n|player|p2|Trainbored|265|1000\n|gen|9\n|tier|[Gen 9 Champions] VGC 2026 Reg M-A\n|rated|\n|rule|Species Clause: Limit one of each Pok\u00e9mon\n|rule|Item Clause: Limit 1 of each item\n|clearpoke\n|poke|p1|Garchomp, L50, M|\n|poke|p1|Sneasler, L50, M|\n|poke|p1|Raichu-Alola, L50, M|\n|poke|p1|Arcanine, L50, M|\n|poke|p1|Basculegion, L50, M|\n|poke|p1|Sylveon, L50, F|\n|poke|p2|Charizard, L50, F|\n|poke|p2|Sneasler, L50, M|\n|poke|p2|Farigiraf, L50, F|\n|poke|p2|Steelix, L50, M|\n|poke|p2|Sylveon, L50, F|\n|poke|p2|Sinistcha, L50|\n|teampreview|4\n|\n|t:|1776465302\n|teamsize|p1|4\n|teamsize|p2|4\n|start\n|switch|p1a: Garchomp|Garchomp, L50, M|100/100\n|switch|p1b: Sneasler|Sneasler, L50, M, shiny|100/100\n|switch|p2a: Sneasler|Sneasler, L50, M|100/100\n|switch|p2b: Sylveon|Sylveon, L50, F|100/100\n|turn|1\n|\n|t:|1776465329\n|switch|p2a: Sinistcha|Sinistcha, L50|100/100\n|switch|p2b: Steelix|Steelix, L50, M, shiny|100/100\n|move|p1b: Sneasler|Fake Out|p2a: Sinistcha\n|-immune|p2a: Sinistcha\n|move|p1a: Garchomp|Stealth Rock|p2b: Steelix\n|-sidestart|p2: Trainbored|move: Stealth Rock\n|\n|upkeep\n|turn|2\n|\n|t:|1776465359\n|switch|p1b: Arcanine|Arcanine, L50, M|100/100\n|-ability|p1b: Arcanine|Intimidate|boost\n|-unboost|p2a: Sinistcha|atk|1\n|-unboost|p2b: Steelix|atk|1\n|detailschange|p2b: Steelix|Steelix-Mega, L50, M, shiny\n|-mega|p2b: Steelix|Steelix|Steelixite\n|move|p2a: Sinistcha|Rage Powder|p2a: Sinistcha\n|-singleturn|p2a: Sinistcha|move: Rage Powder\n|move|p1a: Garchomp|Rock Slide|p2a: Sinistcha|[spread] p2a,p2b\n|-resisted|p2b: Steelix|2\n|-damage|p2a: Sinistcha|83/100\n|-damage|p2b: Steelix|99/100\n|move|p2b: Steelix|Iron Defense|p2b: Steelix\n|-boost|p2b: Steelix|def|2\n|\n|upkeep\n|turn|3\n|\n|t:|1776465386\n|switch|p2a: Sylveon|Sylveon, L50, F|100/100\n|-damage|p2a: Sylveon|88/100|[from] Stealth Rock\n|move|p1a: Garchomp|Rock Slide|p2b: Steelix|[spread] p2a,p2b\n|-resisted|p2b: Steelix|2\n|-damage|p2a: Sylveon|64/100\n|-damage|p2b: Steelix|98/100\n|move|p1b: Arcanine|Flare Blitz|p2a: Sylveon\n|-damage|p2a: Sylveon|4/100\n|-damage|p1b: Arcanine|80/100|[from] Recoil\n|cant|p2b: Steelix|flinch\n|\n|-heal|p2a: Sylveon|10/100|[from] item: Leftovers\n|upkeep\n|turn|4\n|\n|t:|1776465415\n|switch|p2a: Sinistcha|Sinistcha, L50|83/100\n|-damage|p2a: Sinistcha|70/100|[from] Stealth Rock\n|-heal|p2b: Steelix|100/100|[from] ability: Hospitality|[of] p2a: Sinistcha\n|move|p1a: Garchomp|Rock Slide|p2a: Sinistcha|[spread] p2a,p2b\n|-resisted|p2b: Steelix|2\n|-damage|p2a: Sinistcha|53/100\n|-damage|p2b: Steelix|99/100\n|move|p1b: Arcanine|Flare Blitz|p2b: Steelix\n|-supereffective|p2b: Steelix|1\n|-damage|p2b: Steelix|80/100\n|-damage|p1b: Arcanine|74/100|[from] Recoil\n|move|p2b: Steelix|Body Press|p1b: Arcanine\n|-damage|p1b: Arcanine|0 fnt\n|faint|p1b: Arcanine\n|\n|upkeep\n|\n|t:|1776465433\n|switch|p1b: Basculegion|Basculegion, L50, M, shiny|100/100\n|turn|5\n|\n|t:|1776465439\n|move|p2a: Sinistcha|Rage Powder|p2a: Sinistcha\n|-singleturn|p2a: Sinistcha|move: Rage Powder\n|move|p1b: Basculegion|Last Respects|p2a: Sinistcha\n|-supereffective|p2a: Sinistcha|1\n|-damage|p2a: Sinistcha|0 fnt\n|faint|p2a: Sinistcha\n|move|p1a: Garchomp|Rock Slide|p2b: Steelix\n|-resisted|p2b: Steelix|2\n|-damage|p2b: Steelix|78/100\n|cant|p2b: Steelix|flinch\n|\n|upkeep\n|\n|t:|1776465451\n|switch|p2a: Sneasler|Sneasler, L50, M|100/100\n|-damage|p2a: Sneasler|95/100|[from] Stealth Rock\n|turn|6\n|\n|t:|1776465473\n|move|p2b: Steelix|Protect|p2b: Steelix\n|-singleturn|p2b: Steelix|Protect\n|move|p1b: Basculegion|Last Respects|p2b: Steelix\n|-activate|p2b: Steelix|move: Protect\n|move|p2a: Sneasler|Coaching|p2b: Steelix\n|-boost|p2b: Steelix|atk|1\n|-boost|p2b: Steelix|def|1\n|move|p1a: Garchomp|Rock Slide|p2a: Sneasler|[spread] p2a\n|-activate|p2b: Steelix|move: Protect\n|-resisted|p2a: Sneasler|1\n|-damage|p2a: Sneasler|78/100\n|\n|upkeep\n|turn|7\n|\n|t:|1776465494\n|move|p1b: Basculegion|Last Respects|p2b: Steelix\n|-damage|p2b: Steelix|66/100\n|move|p2a: Sneasler|Close Combat|p1a: Garchomp\n|-damage|p1a: Garchomp|29/100\n|-unboost|p2a: Sneasler|def|1\n|-unboost|p2a: Sneasler|spd|1\n|-damage|p2a: Sneasler|65/100|[from] ability: Rough Skin|[of] p1a: Garchomp\n|move|p1a: Garchomp|Rock Slide|p2a: Sneasler|[spread] p2a,p2b\n|-resisted|p2a: Sneasler|1\n|-resisted|p2b: Steelix|2\n|-damage|p2a: Sneasler|41/100\n|-damage|p2b: Steelix|66/100\n|move|p2b: Steelix|Heavy Slam|p1b: Basculegion\n|-resisted|p1b: Basculegion|1\n|-damage|p1b: Basculegion|70/100\n|\n|upkeep\n|turn|8\n|\n|t:|1776465521\n|move|p1b: Basculegion|Last Respects|p2a: Sneasler\n|-damage|p2a: Sneasler|0 fnt\n|faint|p2a: Sneasler\n|move|p1a: Garchomp|Rock Slide|p2b: Steelix\n|-resisted|p2b: Steelix|2\n|-damage|p2b: Steelix|65/100\n|move|p2b: Steelix|Heavy Slam|p1b: Basculegion\n|-resisted|p1b: Basculegion|1\n|-damage|p1b: Basculegion|36/100\n|\n|upkeep\n|\n|t:|1776465525\n|switch|p2a: Sylveon|Sylveon, L50, F|10/100\n|-damage|p2a: Sylveon|0 fnt|[from] Stealth Rock\n|faint|p2a: Sylveon\n|turn|9\n|\n|t:|1776465535\n|move|p1b: Basculegion|Last Respects|p2b: Steelix\n|-crit|p2b: Steelix\n|-damage|p2b: Steelix|20/100\n|move|p1a: Garchomp|Rock Slide|p2b: Steelix\n|-resisted|p2b: Steelix|2\n|-damage|p2b: Steelix|19/100\n|move|p2b: Steelix|Heavy Slam|p1b: Basculegion\n|-resisted|p1b: Basculegion|1\n|-damage|p1b: Basculegion|3/100\n|\n|upkeep\n|turn|10\n|-message|Trainbored forfeited.\n|\n|win|mehvey\n|raw|mehvey's rating: 1080 &rarr; <strong>1102</strong><br />(+22 for winning)\n|raw|Trainbored's rating: 1000 &rarr; <strong>1000</strong><br />(+0 for losing)\n|l|\u2606Trainbored\n|player|p2|\n",
  "uploadtime": 1776465551,
  "views": 22,
  "formatid": "gen9championsvgc2026regma",
  "rating": 1000,
  "private": 0,
  "password": null
}