{
  "id": "gen9championsvgc2026regma-2585091476",
  "format": "[Gen 9 Champions] VGC 2026 Reg M-A",
  "players": [
    "4bied",
    "MrChadows"
  ],
  "log": "|j|\u26064bied\n|j|\u2606MrChadows\n|t:|1776310825\n|gametype|doubles\n|player|p1|4bied|giovanni|1077\n|player|p2|MrChadows|2|1161\n|gen|9\n|tier|[Gen 9 Champions] VGC 2026 Reg M-A\n|rated|\n|rule|Species Clause: Limit one of each Pok\u00e9mon\n|rule|Item Clause: Limit 1 of each item\n|clearpoke\n|poke|p1|Gengar, L50, M|\n|poke|p1|Incineroar, L50, F|\n|poke|p1|Kingambit, L50, M|\n|poke|p1|Sinistcha, L50|\n|poke|p1|Kommo-o, L50, F|\n|poke|p1|Tyranitar, L50, M|\n|poke|p2|Gardevoir, L50, M|\n|poke|p2|Garchomp, L50, F|\n|poke|p2|Arcanine, L50, M|\n|poke|p2|Rotom-Wash, L50|\n|poke|p2|Sinistcha, L50|\n|poke|p2|Tyranitar, L50, F|\n|teampreview|4\n|inactive|Battle timer is ON: inactive players will automatically lose when time's up. (requested by MrChadows)\nMrChadows rejected open team sheets.\n|\n|t:|1776310865\n|teamsize|p1|4\n|teamsize|p2|4\n|start\n|switch|p1a: Gengar|Gengar, L50, M|100/100\n|switch|p1b: Incineroar|Incineroar, L50, F|100/100\n|switch|p2a: Rotom|Rotom-Wash, L50|100/100\n|switch|p2b: Tyranitar|Tyranitar, L50, F|100/100\n|-weather|Sandstorm|[from] ability: Sand Stream|[of] p2b: Tyranitar\n|-ability|p1b: Incineroar|Intimidate|boost\n|-unboost|p2a: Rotom|atk|1\n|-unboost|p2b: Tyranitar|atk|1\n|turn|1\n|\n|t:|1776310885\n|detailschange|p1a: Gengar|Gengar-Mega, L50, M\n|-mega|p1a: Gengar|Gengar|Gengarite\n|move|p1b: Incineroar|Fake Out|p2b: Tyranitar\n|-resisted|p2b: Tyranitar|1\n|-damage|p2b: Tyranitar|97/100\n|move|p2a: Rotom|Volt Switch|p1a: Gengar\n|-damage|p1a: Gengar|61/100\n|\n|t:|1776310893\n|switch|p2a: Garchomp|Garchomp, L50, F|100/100|[from] Volt Switch\n|move|p1a: Gengar|Perish Song|p1a: Gengar\n|-start|p1a: Gengar|perish3|[silent]\n|-start|p1b: Incineroar|perish3|[silent]\n|-start|p2a: Garchomp|perish3|[silent]\n|-start|p2b: Tyranitar|perish3|[silent]\n|-fieldactivate|move: Perish Song\n|cant|p2b: Tyranitar|flinch\n|\n|-weather|Sandstorm|[upkeep]\n|-damage|p1a: Gengar|55/100|[from] Sandstorm\n|-damage|p1b: Incineroar|95/100|[from] Sandstorm\n|-start|p1a: Gengar|perish3\n|-start|p2a: Garchomp|perish3\n|-start|p2b: Tyranitar|perish3\n|-start|p1b: Incineroar|perish3\n|upkeep\n|turn|2\n|\n|t:|1776310913\n|move|p1a: Gengar|Protect|p1a: Gengar\n|-singleturn|p1a: Gengar|Protect\n|move|p2a: Garchomp|Protect|p2a: Garchomp\n|-singleturn|p2a: Garchomp|Protect\n|move|p1b: Incineroar|Protect|p1b: Incineroar\n|-singleturn|p1b: Incineroar|Protect\n|move|p2b: Tyranitar|Knock Off|p1a: Gengar\n|-activate|p1a: Gengar|move: Protect\n|\n|-weather|Sandstorm|[upkeep]\n|-damage|p1a: Gengar|49/100|[from] Sandstorm\n|-damage|p1b: Incineroar|89/100|[from] Sandstorm\n|-start|p1a: Gengar|perish2\n|-start|p2a: Garchomp|perish2\n|-start|p2b: Tyranitar|perish2\n|-start|p1b: Incineroar|perish2\n|upkeep\n|turn|3\n|inactive|MrChadows has 30 seconds left.\n|\n|t:|1776310942\n|switch|p1a: Sinistcha|Sinistcha, L50|100/100\n|-heal|p1b: Incineroar|100/100|[from] ability: Hospitality|[of] p1a: Sinistcha\n|move|p2a: Garchomp|Earthquake|p1b: Incineroar|[spread] p2b,p1a,p1b\n|-supereffective|p2b: Tyranitar|1\n|-resisted|p1a: Sinistcha|1\n|-supereffective|p1b: Incineroar|1\n|-crit|p1b: Incineroar\n|-enditem|p1b: Incineroar|Shuca Berry|[eat]\n|-enditem|p1b: Incineroar|Shuca Berry|[weaken]\n|-damage|p2b: Tyranitar|42/100\n|-damage|p1a: Sinistcha|85/100\n|-damage|p1b: Incineroar|47/100\n|move|p2b: Tyranitar|Knock Off|p1a: Sinistcha\n|-supereffective|p1a: Sinistcha|1\n|-damage|p1a: Sinistcha|29/100\n|-enditem|p1a: Sinistcha|Sitrus Berry|[from] move: Knock Off|[of] p2b: Tyranitar\n|move|p1b: Incineroar|Parting Shot|p2b: Tyranitar\n|-unboost|p2b: Tyranitar|atk|1\n|-unboost|p2b: Tyranitar|spa|1\n|\n|t:|1776310959\n|switch|p1b: Gengar|Gengar-Mega, L50, M|49/100|[from] Parting Shot\n|\n|-weather|Sandstorm|[upkeep]\n|-damage|p1b: Gengar|43/100|[from] Sandstorm\n|-damage|p1a: Sinistcha|23/100|[from] Sandstorm\n|-start|p2a: Garchomp|perish1\n|-start|p2b: Tyranitar|perish1\n|upkeep\n|turn|4\n|\n|t:|1776310974\n|move|p1b: Gengar|Protect|p1b: Gengar\n|-singleturn|p1b: Gengar|Protect\n|move|p1a: Sinistcha|Protect|p1a: Sinistcha\n|-singleturn|p1a: Sinistcha|Protect\n|move|p2a: Garchomp|Dragon Claw|p1b: Gengar\n|-activate|p1b: Gengar|move: Protect\n|move|p2b: Tyranitar|Knock Off|p1a: Sinistcha\n|-activate|p1a: Sinistcha|move: Protect\n|\n|-weather|Sandstorm|[upkeep]\n|-damage|p1b: Gengar|37/100|[from] Sandstorm\n|-damage|p1a: Sinistcha|17/100|[from] Sandstorm\n|-start|p2a: Garchomp|perish0\n|-start|p2b: Tyranitar|perish0\n|faint|p2a: Garchomp\n|faint|p2b: Tyranitar\n|upkeep\n|\n|t:|1776310988\n|switch|p2a: Gardevoir|Gardevoir, L50, M|100/100\n|switch|p2b: Rotom|Rotom-Wash, L50|100/100\n|turn|5\n|\n|t:|1776311005\n|switch|p1a: Incineroar|Incineroar, L50, F|47/100\n|-ability|p1a: Incineroar|Intimidate|boost\n|-unboost|p2a: Gardevoir|atk|1\n|-unboost|p2b: Rotom|atk|1\n|detailschange|p2a: Gardevoir|Gardevoir-Mega, L50, M\n|-mega|p2a: Gardevoir|Gardevoir|Gardevoirite\n|move|p2b: Rotom|Thunderbolt|p1b: Gengar\n|-damage|p1b: Gengar|0 fnt\n|faint|p1b: Gengar\n|move|p2a: Gardevoir|Trick Room|p2a: Gardevoir\n|-fieldstart|move: Trick Room|[of] p2a: Gardevoir\n|\n|-weather|none\n|upkeep\n|\n|t:|1776311019\n|switch|p1b: Sinistcha|Sinistcha, L50|17/100\n|-heal|p1a: Incineroar|72/100|[from] ability: Hospitality|[of] p1b: Sinistcha\n|turn|6\n|\n|t:|1776311033\n|move|p1a: Incineroar|Throat Chop|p2a: Gardevoir\n|-damage|p2a: Gardevoir|59/100\n|-start|p2a: Gardevoir|Throat Chop|[silent]\n|move|p1b: Sinistcha|Matcha Gotcha|p2b: Rotom|[spread] p2a,p2b\n|-supereffective|p2b: Rotom|1\n|-damage|p2a: Gardevoir|40/100\n|-heal|p1b: Sinistcha|26/100|[from] drain|[of] p2a: Gardevoir\n|-damage|p2b: Rotom|39/100\n|-heal|p1b: Sinistcha|49/100|[from] drain|[of] p2b: Rotom\n|-status|p2b: Rotom|brn\n|cant|p2a: Gardevoir|move: Throat Chop\n|move|p2b: Rotom|Thunderbolt|p1a: Incineroar\n|-damage|p1a: Incineroar|36/100\n|\n|-damage|p2b: Rotom|34/100 brn|[from] brn\n|upkeep\n|turn|7\n|-message|MrChadows forfeited.\n|\n|win|4bied\n|raw|4bied's rating: 1077 &rarr; <strong>1112</strong><br />(+35 for winning)\n|raw|MrChadows's rating: 1161 &rarr; <strong>1130</strong><br />(-31 for losing)\n|l|\u2606MrChadows\n|player|p2|\n",
  "uploadtime": 1776311053,
  "views": 23,
  "formatid": "gen9championsvgc2026regma",
  "rating": 1112,
  "private": 0,
  "password": null
}