{
  "id": "gen9championsvgc2026regma-2583726631",
  "format": "[Gen 9 Champions] VGC 2026 Reg M-A",
  "players": [
    "Troyster56",
    "SavPass9"
  ],
  "log": "|j|\u2606Troyster56\n|j|\u2606SavPass9\n|t:|1776193541\n|gametype|doubles\n|player|p1|Troyster56|cynthia-gen4|1180\n|player|p2|SavPass9|266|1176\n|gen|9\n|tier|[Gen 9 Champions] VGC 2026 Reg M-A\n|rated|\n|rule|Species Clause: Limit one of each Pok\u00e9mon\n|rule|Item Clause: Limit 1 of each item\n|clearpoke\n|poke|p1|Delphox, L50, F|\n|poke|p1|Basculegion, L50, M|\n|poke|p1|Clefable, L50, F|\n|poke|p1|Kingambit, L50, F|\n|poke|p1|Dragonite, L50, F|\n|poke|p1|Sneasler, L50, M|\n|poke|p2|Incineroar, L50, F|\n|poke|p2|Gengar, L50, F|\n|poke|p2|Sinistcha, L50|\n|poke|p2|Tyranitar, L50, F|\n|poke|p2|Kingambit, L50, M|\n|poke|p2|Kommo-o, L50, F|\n|teampreview|4\n|inactive|Battle timer is ON: inactive players will automatically lose when time's up. (requested by Troyster56)\n|inactive|SavPass9 has 60 seconds left.\n|inactive|SavPass9 has 30 seconds left.\n|\n|t:|1776193648\n|teamsize|p1|4\n|teamsize|p2|4\n|start\n|switch|p1a: Sneasler|Sneasler, L50, M|100/100\n|switch|p1b: Basculegion|Basculegion, L50, M|100/100\n|switch|p2a: Incineroar|Incineroar, L50, F|100/100\n|switch|p2b: Tyranitar|Tyranitar, L50, F|100/100\n|-weather|Sandstorm|[from] ability: Sand Stream|[of] p2b: Tyranitar\n|-ability|p2a: Incineroar|Intimidate|boost\n|-unboost|p1a: Sneasler|atk|1\n|-unboost|p1b: Basculegion|atk|1\n|turn|1\n|inactive|Troyster56 has 30 seconds left.\n|\n|t:|1776193675\n|move|p2a: Incineroar|Fake Out|p1a: Sneasler\n|-damage|p1a: Sneasler|82/100\n|move|p1b: Basculegion|Wave Crash|p2b: Tyranitar\n|-supereffective|p2b: Tyranitar|1\n|-damage|p2b: Tyranitar|0 fnt\n|faint|p2b: Tyranitar\n|-damage|p1b: Basculegion|71/100|[from] Recoil\n|cant|p1a: Sneasler|flinch\n|\n|-weather|Sandstorm|[upkeep]\n|-damage|p1b: Basculegion|65/100|[from] Sandstorm\n|-damage|p1a: Sneasler|77/100|[from] Sandstorm\n|-damage|p2a: Incineroar|95/100|[from] Sandstorm\n|upkeep\n|\n|t:|1776193683\n|switch|p2b: Gengar|Gengar, L50, F|100/100\n|turn|2\n|\n|t:|1776193697\n|detailschange|p2b: Gengar|Gengar-Mega, L50, F\n|-mega|p2b: Gengar|Gengar|Gengarite\n|move|p2a: Incineroar|Protect|p2a: Incineroar\n|-singleturn|p2a: Incineroar|Protect\n|move|p1b: Basculegion|Wave Crash|p2b: Gengar\n|-damage|p2b: Gengar|38/100\n|-damage|p1b: Basculegion|47/100|[from] Recoil\n|move|p2b: Gengar|Shadow Ball|p1b: Basculegion\n|-supereffective|p1b: Basculegion|1\n|-damage|p1b: Basculegion|0 fnt\n|faint|p1b: Basculegion\n|move|p1a: Sneasler|Close Combat|p2a: Incineroar\n|-activate|p2a: Incineroar|move: Protect\n|\n|-weather|Sandstorm|[upkeep]\n|-damage|p2b: Gengar|32/100|[from] Sandstorm\n|-damage|p1a: Sneasler|71/100|[from] Sandstorm\n|-damage|p2a: Incineroar|89/100|[from] Sandstorm\n|upkeep\n|\n|t:|1776193710\n|switch|p1b: Kingambit|Kingambit, L50, F|100/100\n|turn|3\n|\n|t:|1776193731\n|switch|p2a: Kommo-o|Kommo-o, L50, F|100/100\n|move|p2b: Gengar|Protect|p2b: Gengar\n|-singleturn|p2b: Gengar|Protect\n|move|p1b: Kingambit|Sucker Punch||[still]\n|-fail|p1b: Kingambit\n|move|p1a: Sneasler|Close Combat|p2a: Kommo-o\n|-damage|p2a: Kommo-o|62/100\n|-unboost|p1a: Sneasler|def|1\n|-unboost|p1a: Sneasler|spd|1\n|\n|-weather|Sandstorm|[upkeep]\n|-damage|p2b: Gengar|26/100|[from] Sandstorm\n|-damage|p1a: Sneasler|65/100|[from] Sandstorm\n|-damage|p2a: Kommo-o|56/100|[from] Sandstorm\n|-heal|p2a: Kommo-o|62/100|[from] item: Leftovers\n|upkeep\n|turn|4\n|\n|t:|1776193755\n|move|p1b: Kingambit|Sucker Punch||[still]\n|-fail|p1b: Kingambit\n|move|p2b: Gengar|Perish Song|p2b: Gengar\n|-start|p1a: Sneasler|perish3|[silent]\n|-start|p1b: Kingambit|perish3|[silent]\n|-immune|p2a: Kommo-o|[from] ability: Soundproof\n|-start|p2b: Gengar|perish3|[silent]\n|-fieldactivate|move: Perish Song\n|move|p1a: Sneasler|Dire Claw|p2a: Kommo-o\n|-damage|p2a: Kommo-o|33/100\n|move|p2a: Kommo-o|Aura Sphere|p1b: Kingambit\n|-supereffective|p1b: Kingambit|2\n|-damage|p1b: Kingambit|0 fnt\n|faint|p1b: Kingambit\n|\n|-weather|Sandstorm|[upkeep]\n|-damage|p2b: Gengar|20/100|[from] Sandstorm\n|-damage|p1a: Sneasler|59/100|[from] Sandstorm\n|-damage|p2a: Kommo-o|27/100|[from] Sandstorm\n|-heal|p2a: Kommo-o|33/100|[from] item: Leftovers\n|-start|p2b: Gengar|perish3\n|-start|p1a: Sneasler|perish3\n|upkeep\n|\n|t:|1776193759\n|switch|p1b: Clefable|Clefable, L50, F|100/100\n|turn|5\n|\n|t:|1776193780\n|move|p2a: Kommo-o|Protect|p2a: Kommo-o\n|-singleturn|p2a: Kommo-o|Protect\n|move|p2b: Gengar|Perish Song|p2b: Gengar\n|-start|p1b: Clefable|perish3|[silent]\n|-immune|p2a: Kommo-o|[from] ability: Soundproof\n|-fieldactivate|move: Perish Song\n|move|p1a: Sneasler|Dire Claw|p2b: Gengar\n|-resisted|p2b: Gengar|2\n|-damage|p2b: Gengar|12/100\n|-status|p2b: Gengar|par\n|move|p1b: Clefable|Moonblast|p2a: Kommo-o\n|-activate|p2a: Kommo-o|move: Protect\n|\n|-weather|none\n|-heal|p2a: Kommo-o|39/100|[from] item: Leftovers\n|-start|p1a: Sneasler|perish2\n|-start|p2b: Gengar|perish2\n|-start|p1b: Clefable|perish3\n|upkeep\n|turn|6\n|inactive|SavPass9 has 30 seconds left.\n|inactive|SavPass9 has 20 seconds left.\n|\n|t:|1776193819\n|switch|p2b: Incineroar|Incineroar, L50, F|89/100\n|-ability|p2b: Incineroar|Intimidate|boost\n|-unboost|p1a: Sneasler|atk|1\n|-unboost|p1b: Clefable|atk|1\n|move|p2a: Kommo-o|Protect||[still]\n|-fail|p2a: Kommo-o\n|move|p1a: Sneasler|Close Combat|p2a: Kommo-o\n|-damage|p2a: Kommo-o|7/100\n|-unboost|p1a: Sneasler|def|1\n|-unboost|p1a: Sneasler|spd|1\n|move|p1b: Clefable|Moonblast|p2b: Incineroar\n|-damage|p2b: Incineroar|64/100\n|\n|-heal|p2a: Kommo-o|13/100|[from] item: Leftovers\n|-start|p1a: Sneasler|perish1\n|-start|p1b: Clefable|perish2\n|upkeep\n|turn|7\n|\n|t:|1776193836\n|move|p2a: Kommo-o|Protect|p2a: Kommo-o\n|-singleturn|p2a: Kommo-o|Protect\n|move|p2b: Incineroar|Protect|p2b: Incineroar\n|-singleturn|p2b: Incineroar|Protect\n|move|p1a: Sneasler|Close Combat|p2b: Incineroar\n|-activate|p2b: Incineroar|move: Protect\n|move|p1b: Clefable|Moonblast|p2b: Incineroar\n|-activate|p2b: Incineroar|move: Protect\n|\n|-heal|p2a: Kommo-o|19/100|[from] item: Leftovers\n|-start|p1a: Sneasler|perish0\n|-start|p1b: Clefable|perish1\n|faint|p1a: Sneasler\n|upkeep\n|turn|8\n|-message|Troyster56 forfeited.\n|\n|win|SavPass9\n|raw|Troyster56's rating: 1180 &rarr; <strong>1155</strong><br />(-25 for losing)\n|raw|SavPass9's rating: 1176 &rarr; <strong>1201</strong><br />(+25 for winning)\n|l|\u2606Troyster56\n|player|p1|\n",
  "uploadtime": 1776193856,
  "views": 23,
  "formatid": "gen9championsvgc2026regma",
  "rating": 1155,
  "private": 0,
  "password": null
}