{
  "id": "gen9championsvgc2026regma-2581946832",
  "format": "[Gen 9 Champions] VGC 2026 Reg M-A",
  "players": [
    "tomicoture",
    "pacrar1100"
  ],
  "log": "|j|\u2606tomicoture\n|j|\u2606pacrar1100\n|t:|1776042228\n|gametype|doubles\n|player|p1|tomicoture|266|1010\n|player|p2|pacrar1100|steven|1089\n|gen|9\n|tier|[Gen 9 Champions] VGC 2026 Reg M-A\n|rated|\n|rule|Species Clause: Limit one of each Pok\u00e9mon\n|rule|Item Clause: Limit 1 of each item\n|clearpoke\n|poke|p1|Charizard, L50, F|\n|poke|p1|Venusaur, L50, F|\n|poke|p1|Garchomp, L50, F|\n|poke|p1|Incineroar, L50, F|\n|poke|p1|Milotic, L50, M|\n|poke|p1|Gardevoir, L50, M|\n|poke|p2|Charizard, L50, F|\n|poke|p2|Venusaur, L50, F|\n|poke|p2|Garchomp, L50, F|\n|poke|p2|Gardevoir, L50, F|\n|poke|p2|Milotic, L50, M|\n|poke|p2|Incineroar, L50, M|\n|teampreview|4\n|c|\u2606pacrar1100|lol\n|c|\u2606pacrar1100|same team\n|\n|t:|1776042256\n|teamsize|p1|4\n|teamsize|p2|4\n|start\n|switch|p1a: Garchomp|Garchomp, L50, F|100/100\n|switch|p1b: Milotic|Milotic, L50, M|100/100\n|switch|p2a: Garchomp|Garchomp, L50, F|100/100\n|switch|p2b: Venusaur|Venusaur, L50, F|100/100\n|turn|1\n|\n|t:|1776042286\n|move|p1a: Garchomp|Protect|p1a: Garchomp\n|-singleturn|p1a: Garchomp|Protect\n|move|p2a: Garchomp|Dragon Claw|p1a: Garchomp\n|-activate|p1a: Garchomp|move: Protect\n|move|p2b: Venusaur|Sludge Bomb|p1b: Milotic\n|-damage|p1b: Milotic|74/100\n|move|p1b: Milotic|Ice Beam|p2a: Garchomp\n|-supereffective|p2a: Garchomp|2\n|-crit|p2a: Garchomp\n|-enditem|p2a: Garchomp|Yache Berry|[eat]\n|-enditem|p2a: Garchomp|Yache Berry|[weaken]\n|-damage|p2a: Garchomp|22/100\n|\n|upkeep\n|turn|2\n|\n|t:|1776042346\n|switch|p1a: Charizard|Charizard, L50, F|100/100\n|move|p2a: Garchomp|Dragon Claw|p1a: Charizard\n|-damage|p1a: Charizard|50/100\n|move|p2b: Venusaur|Sludge Bomb|p1b: Milotic\n|-damage|p1b: Milotic|47/100\n|-status|p1b: Milotic|psn\n|-enditem|p1b: Milotic|Sitrus Berry|[eat]\n|-heal|p1b: Milotic|71/100 psn|[from] item: Sitrus Berry\n|move|p1b: Milotic|Muddy Water|p2a: Garchomp|[spread] p2a,p2b\n|-resisted|p2b: Venusaur|1\n|-damage|p2a: Garchomp|0 fnt\n|-damage|p2b: Venusaur|84/100\n|faint|p2a: Garchomp\n|\n|-damage|p1b: Milotic|59/100 psn|[from] psn\n|upkeep\n|\n|t:|1776042362\n|switch|p2a: Gardevoir|Gardevoir, L50, F, shiny|100/100\n|turn|3\n|\n|t:|1776042379\n|detailschange|p1a: Charizard|Charizard-Mega-Y, L50, F\n|-mega|p1a: Charizard|Charizard|Charizardite Y\n|-weather|SunnyDay|[from] ability: Drought|[of] p1a: Charizard\n|move|p2b: Venusaur|Protect|p2b: Venusaur\n|-singleturn|p2b: Venusaur|Protect\n|move|p2a: Gardevoir|Icy Wind|p1b: Milotic|[spread] p1a,p1b\n|-resisted|p1b: Milotic|1\n|-damage|p1a: Charizard|35/100\n|-damage|p1b: Milotic|54/100 psn\n|-unboost|p1a: Charizard|spe|1\n|-unboost|p1b: Milotic|spe|1\n|-ability|p1b: Milotic|Competitive|boost\n|-boost|p1b: Milotic|spa|2\n|move|p1a: Charizard|Heat Wave|p2b: Venusaur|[spread] p2a\n|-activate|p2b: Venusaur|move: Protect\n|-damage|p2a: Gardevoir|31/100\n|move|p1b: Milotic|Weather Ball|p2b: Venusaur\n|-activate|p2b: Venusaur|move: Protect\n|\n|-weather|SunnyDay|[upkeep]\n|-damage|p1b: Milotic|42/100 psn|[from] psn\n|upkeep\n|turn|4\n|\n|t:|1776042406\n|move|p2b: Venusaur|Sludge Bomb|p1a: Charizard\n|-damage|p1a: Charizard|0 fnt\n|faint|p1a: Charizard\n|move|p2a: Gardevoir|Icy Wind|p1b: Milotic\n|-resisted|p1b: Milotic|1\n|-damage|p1b: Milotic|35/100 psn\n|-unboost|p1b: Milotic|spe|1\n|-ability|p1b: Milotic|Competitive|boost\n|-boost|p1b: Milotic|spa|2\n|move|p1b: Milotic|Muddy Water|p2b: Venusaur|[spread] p2a,p2b\n|-resisted|p2b: Venusaur|1\n|-damage|p2a: Gardevoir|0 fnt\n|-damage|p2b: Venusaur|60/100\n|faint|p2a: Gardevoir\n|\n|-weather|SunnyDay|[upkeep]\n|-damage|p1b: Milotic|23/100 psn|[from] psn\n|upkeep\n|\n|t:|1776042427\n|switch|p1a: Garchomp|Garchomp, L50, F|100/100\n|switch|p2a: Milotic|Milotic, L50, M|100/100\n|turn|5\n|\n|t:|1776042448\n|move|p2b: Venusaur|Sludge Bomb|p1b: Milotic\n|-damage|p1b: Milotic|0 fnt\n|faint|p1b: Milotic\n|move|p1a: Garchomp|Dragon Claw|p2a: Milotic\n|-damage|p2a: Milotic|63/100\n|move|p2a: Milotic|Ice Beam|p1a: Garchomp\n|-supereffective|p1a: Garchomp|2\n|-damage|p1a: Garchomp|0 fnt\n|faint|p1a: Garchomp\n|\n|-weather|SunnyDay|[upkeep]\n|upkeep\n|\n|t:|1776042458\n|switch|p1b: Venusaur|Venusaur, L50, F|100/100\n|turn|6\n|\n|t:|1776042466\n|move|p2b: Venusaur|Sludge Bomb|p1b: Venusaur\n|-damage|p1b: Venusaur|52/100\n|move|p1b: Venusaur|Solar Beam||[still]\n|-prepare|p1b: Venusaur|Solar Beam\n|-anim|p1b: Venusaur|Solar Beam|p2a: Milotic\n|-supereffective|p2a: Milotic|1\n|-damage|p2a: Milotic|0 fnt\n|faint|p2a: Milotic\n|\n|-weather|SunnyDay|[upkeep]\n|upkeep\n|turn|7\n|\n|t:|1776042482\n|move|p2b: Venusaur|Sludge Bomb|p1b: Venusaur\n|-damage|p1b: Venusaur|4/100\n|move|p1b: Venusaur|Sludge Bomb|p2b: Venusaur\n|-damage|p2b: Venusaur|6/100\n|\n|-weather|none\n|upkeep\n|turn|8\n|\n|t:|1776042498\n|move|p1b: Venusaur|Sludge Bomb|p2b: Venusaur\n|-damage|p2b: Venusaur|0 fnt\n|faint|p2b: Venusaur\n|\n|win|tomicoture\n|raw|tomicoture's rating: 1010 &rarr; <strong>1057</strong><br />(+47 for winning)\n|raw|pacrar1100's rating: 1089 &rarr; <strong>1060</strong><br />(-29 for losing)\n|c|\u2606pacrar1100|gg\n",
  "uploadtime": 1776042507,
  "views": 15,
  "formatid": "gen9championsvgc2026regma",
  "rating": 1057,
  "private": 0,
  "password": null
}