{
  "id": "gen9championsvgc2026regma-2582057112",
  "format": "[Gen 9 Champions] VGC 2026 Reg M-A",
  "players": [
    "chromate",
    "Scapegoat11"
  ],
  "log": "|j|\u2606chromate\n|j|\u2606Scapegoat11\n|html|<table width=\"100%\"><tr><td align=\"left\">chromate</td><td align=\"right\">Scapegoat11</tr><tr><td align=\"left\"><i class=\"fa fa-circle\"></i> <i class=\"fa fa-circle-o\"></i> </td><td align=\"right\"><i class=\"fa fa-circle-o\"></i> <i class=\"fa fa-circle-o\"></i> </tr></table>\n|uhtml|bestof|<h2><strong>Game 2</strong> of <a href=\"/game-bestof3-gen9championsvgc2026regma-2582054752\">a best-of-3</a></h2>\n|t:|1776052730\n|gametype|doubles\n|player|p1|chromate|miku-ghost|\n|player|p2|Scapegoat11|266|\n|gen|9\n|tier|[Gen 9 Champions] VGC 2026 Reg M-A\n|rated|Tournament battle\n|rule|Species Clause: Limit one of each Pok\u00e9mon\n|rule|Item Clause: Limit 1 of each item\n|raw|<div class=\"infobox\"><details class=\"readmore\" open><summary><strong>2 custom rules:</strong></summary> Force Open Team Sheets, Best of = 3</details></div>\n|clearpoke\n|poke|p1|Charizard, L50, M|\n|poke|p1|Whimsicott, L50, F|\n|poke|p1|Garchomp, L50, F|\n|poke|p1|Sneasler, L50, M|\n|poke|p1|Maushold, L50|\n|poke|p1|Aegislash, L50, F|\n|poke|p2|Aegislash, L50, M|\n|poke|p2|Garchomp, L50, M|\n|poke|p2|Delphox, L50, F|\n|poke|p2|Floette-Eternal, L50, F|\n|poke|p2|Maushold-Four, L50|\n|poke|p2|Talonflame, L50, F|\n|teampreview|4\n|showteam|p1|Charizard||CharizarditeY|Blaze|HeatWave,SolarBeam,WeatherBall,Protect|||M|||50|]Whimsicott||FocusSash|Prankster|Moonblast,Tailwind,Encore,SunnyDay|||F|||50|]Garchomp||ChoiceScarf|RoughSkin|Earthquake,DragonClaw,RockSlide,StompingTantrum|||F|||50|]Sneasler||WhiteHerb|Unburden|GunkShot,CloseCombat,FakeOut,Protect|||M|||50|]Maushold||ChopleBerry|FriendGuard|SuperFang,FollowMe,Taunt,Protect||||||50|]Aegislash||SpellTag|StanceChange|IronHead,Poltergeist,ShadowSneak,KingsShield|||F|||50|\n|showteam|p2|Aegislash||Leftovers|StanceChange|ShadowBall,FlashCannon,WideGuard,KingsShield|||M|||50|]Garchomp||SitrusBerry|RoughSkin|Earthquake,DragonClaw,RockSlide,Protect|||M|||50|]Delphox||Delphoxite|Blaze|HeatWave,Psychic,Encore,Protect|||F|||50|]Floette-Eternal||Floettite|FlowerVeil|Moonblast,DazzlingGleam,CalmMind,Protect|||F|||50|]Maushold-Four||FocusSash|FriendGuard|SuperFang,FollowMe,HelpingHand,Protect||||||50|]Talonflame|||GaleWings|Tailwind,Acrobatics,FlareBlitz,Protect|||F|||50|\n|j| Bman311\n|j| jdawggydawgg\n|j|%llefface\n|j| island pocket\n|j| Rainpelt103\n|j| Ali_0009\n|j| drifterking40\n|j| Ducktile\n|j| pegabeavercorn\n|j| Carrielis\n|c| Carrielis|Surprised people arent using full blown paraflinch atp\n|c| Bman311|stop\n|c| Rainpelt103|don't give them ideas...\n|c| Ducktile|paranerf\n|c| Bman311|dont even start the idea\n|c|\u2606chromate|well I mean sand stuff is close enough\n|c|\u2606chromate|just have to find a good twave\n|j| eriksp\n|c| Ducktile|welcome back 2012\n|c| Carrielis|Mega lop\n|c| Carrielis|\u270c\ufe0f\n|\n|t:|1776052818\n|teamsize|p1|4\n|teamsize|p2|4\n|start\n|switch|p1a: Charizard|Charizard, L50, M|100/100\n|switch|p1b: Whimsicott|Whimsicott, L50, F|100/100\n|switch|p2a: Delphox|Delphox, L50, F|100/100\n|switch|p2b: Talonflame|Talonflame, L50, F|100/100\n|turn|1\n|\n|t:|1776052863\n|detailschange|p2a: Delphox|Delphox-Mega, L50, F\n|-mega|p2a: Delphox|Delphox|Delphoxite\n|detailschange|p1a: Charizard|Charizard-Mega-Y, L50, M\n|-mega|p1a: Charizard|Charizard|Charizardite Y\n|-weather|SunnyDay|[from] ability: Drought|[of] p1a: Charizard\n|move|p2b: Talonflame|Acrobatics|p1b: Whimsicott\n|-supereffective|p1b: Whimsicott|1\n|-enditem|p1b: Whimsicott|Focus Sash\n|-damage|p1b: Whimsicott|1/100\n|move|p1b: Whimsicott|Tailwind|p1b: Whimsicott\n|-sidestart|p1: chromate|move: Tailwind\n|move|p1a: Charizard|Heat Wave|p2b: Talonflame|[spread] p2a,p2b\n|-resisted|p2a: Delphox|1\n|-resisted|p2b: Talonflame|1\n|-damage|p2a: Delphox|66/100\n|-damage|p2b: Talonflame|44/100\n|move|p2a: Delphox|Heat Wave|p1a: Charizard|[spread] p1a,p1b\n|-resisted|p1a: Charizard|1\n|-supereffective|p1b: Whimsicott|1\n|-damage|p1a: Charizard|74/100\n|-damage|p1b: Whimsicott|0 fnt\n|faint|p1b: Whimsicott\n|\n|-weather|SunnyDay|[upkeep]\n|upkeep\n|\n|t:|1776052875\n|switch|p1b: Garchomp|Garchomp, L50, F|100/100\n|turn|2\n|\n|t:|1776052894\n|switch|p2a: Garchomp|Garchomp, L50, M|100/100\n|move|p1b: Garchomp|Rock Slide|p2b: Talonflame|[spread] p2a\n|-miss|p1b: Garchomp|p2b: Talonflame\n|-resisted|p2a: Garchomp|1\n|-damage|p2a: Garchomp|92/100\n|move|p1a: Charizard|Solar Beam||[still]\n|-prepare|p1a: Charizard|Solar Beam\n|-anim|p1a: Charizard|Solar Beam|p2b: Talonflame\n|-resisted|p2b: Talonflame|2\n|-damage|p2b: Talonflame|26/100\n|move|p2b: Talonflame|Tailwind|p2b: Talonflame\n|-sidestart|p2: Scapegoat11|move: Tailwind\n|\n|-weather|SunnyDay|[upkeep]\n|upkeep\n|turn|3\n|c|%llefface|Oh hey I think I know what happens now\n|c|\u2606chromate|karma\n|\n|t:|1776052916\n|switch|p2b: Maushold|Maushold-Four, L50|100/100\n|move|p1b: Garchomp|Rock Slide|p2a: Garchomp|[spread] p2a\n|-miss|p1b: Garchomp|p2b: Maushold\n|-resisted|p2a: Garchomp|1\n|-damage|p2a: Garchomp|85/100\n|cant|p2a: Garchomp|flinch\n|move|p1a: Charizard|Solar Beam||[still]\n|-prepare|p1a: Charizard|Solar Beam\n|-anim|p1a: Charizard|Solar Beam|p2a: Garchomp\n|-damage|p2a: Garchomp|48/100\n|-enditem|p2a: Garchomp|Sitrus Berry|[eat]\n|-heal|p2a: Garchomp|73/100|[from] item: Sitrus Berry\n|\n|-weather|SunnyDay|[upkeep]\n|upkeep\n|turn|4\n|\n|t:|1776052930\n|switch|p1a: Sneasler|Sneasler, L50, M|100/100\n|move|p2b: Maushold|Follow Me|p2b: Maushold\n|-singleturn|p2b: Maushold|move: Follow Me\n|move|p1b: Garchomp|Rock Slide|p2b: Maushold|[spread] p2a,p2b\n|-resisted|p2a: Garchomp|1\n|-crit|p2b: Maushold\n|-damage|p2a: Garchomp|66/100\n|-damage|p2b: Maushold|55/100\n|move|p2a: Garchomp|Rock Slide|p1a: Sneasler|[spread] p1a,p1b\n|-resisted|p1a: Sneasler|1\n|-resisted|p1b: Garchomp|1\n|-damage|p1a: Sneasler|82/100\n|-damage|p1b: Garchomp|90/100\n|\n|-weather|SunnyDay|[upkeep]\n|-sideend|p1: chromate|move: Tailwind\n|upkeep\n|turn|5\n|\n|t:|1776052953\n|move|p2b: Maushold|Helping Hand|p2a: Garchomp\n|-singleturn|p2a: Garchomp|Helping Hand|[of] p2b: Maushold\n|move|p1a: Sneasler|Fake Out|p2a: Garchomp\n|-damage|p2a: Garchomp|56/100\n|-damage|p1a: Sneasler|70/100|[from] ability: Rough Skin|[of] p2a: Garchomp\n|cant|p2a: Garchomp|flinch\n|move|p1b: Garchomp|Rock Slide|p2a: Garchomp|[spread] p2a,p2b\n|-resisted|p2a: Garchomp|1\n|-damage|p2a: Garchomp|50/100\n|-damage|p2b: Maushold|26/100\n|\n|-weather|none\n|-sideend|p2: Scapegoat11|move: Tailwind\n|upkeep\n|turn|6\n|c|\u2606Scapegoat11|ouch\n|\n|t:|1776052979\n|move|p2a: Garchomp|Protect|p2a: Garchomp\n|-singleturn|p2a: Garchomp|Protect\n|move|p1b: Garchomp|Rock Slide|p2a: Garchomp|[spread] p2b\n|-activate|p2a: Garchomp|move: Protect\n|-damage|p2b: Maushold|1/100\n|cant|p2b: Maushold|flinch\n|move|p1a: Sneasler|Close Combat|p2a: Garchomp\n|-activate|p2a: Garchomp|move: Protect\n|\n|upkeep\n|turn|7\n|c| Carrielis|LOLLL\n|c|\u2606chromate|yo check garchomp pc wtf\n|c|\u2606Scapegoat11|What's a boy to do\n|c| eriksp|lmao what\n|c| Rainpelt103|lmfao\n|\n|t:|1776052999\n|move|p2b: Maushold|Helping Hand|p2a: Garchomp\n|-singleturn|p2a: Garchomp|Helping Hand|[of] p2b: Maushold\n|move|p1b: Garchomp|Rock Slide|p2b: Maushold|[spread] p2a,p2b\n|-resisted|p2a: Garchomp|1\n|-damage|p2a: Garchomp|43/100\n|-damage|p2b: Maushold|0 fnt\n|faint|p2b: Maushold\n|move|p1a: Sneasler|Close Combat|p2a: Garchomp\n|-damage|p2a: Garchomp|0 fnt\n|-unboost|p1a: Sneasler|def|1\n|-unboost|p1a: Sneasler|spd|1\n|-damage|p1a: Sneasler|58/100|[from] ability: Rough Skin|[of] p2a: Garchomp\n|faint|p2a: Garchomp\n|-enditem|p1a: Sneasler|White Herb\n|-clearnegativeboost|p1a: Sneasler|[silent]\n|\n|upkeep\n|c| Carrielis|Scarf chomp is so braindead\n|\n|t:|1776053009\n|switch|p2b: Delphox|Delphox-Mega, L50, F|66/100\n|switch|p2a: Talonflame|Talonflame, L50, F|26/100\n|turn|8\n|c| Bman311|this was one of the most unfortunate watches ive ever had\n|c| Rainpelt103|budget csr ass\n|c|\u2606Scapegoat11|It was unfortunate to play I can tell you that\n|\n|t:|1776053031\n|move|p1a: Sneasler|Close Combat|p2a: Talonflame\n|-resisted|p2a: Talonflame|1\n|-damage|p2a: Talonflame|0 fnt\n|-unboost|p1a: Sneasler|def|1\n|-unboost|p1a: Sneasler|spd|1\n|faint|p2a: Talonflame\n|move|p1b: Garchomp|Rock Slide|p2b: Delphox\n|-supereffective|p2b: Delphox|1\n|-damage|p2b: Delphox|0 fnt\n|faint|p2b: Delphox\n|\n|win|chromate\n|c| Ali_0009|unfortunate doesnt even begin to describe\n|c|\u2606Scapegoat11|Ggs\n|c| Rainpelt103|lmao\n|c|\u2606chromate|ggs\n|l|\u2606chromate\n|player|p1|\n|l| llefface\n|l| Ali_0009\n|l| jdawggydawgg\n|l| Ducktile\n|l| Rainpelt103\n|l| island pocket\n|l| Bman311\n",
  "uploadtime": 1776053065,
  "views": 26,
  "formatid": "gen9championsvgc2026regma",
  "rating": null,
  "private": 0,
  "password": null
}