{
  "id": "gen9championsvgc2026regma-2584974230",
  "format": "[Gen 9 Champions] VGC 2026 Reg M-A",
  "players": [
    "RainIsForPussies23",
    "Johnrg"
  ],
  "log": "|j|\u2606RainIsForPussies23\n|j|\u2606Johnrg\n|t:|1776299660\n|gametype|doubles\n|player|p1|RainIsForPussies23|hilbert-wonderlauncher|1055\n|player|p2|Johnrg|266|1042\n|gen|9\n|tier|[Gen 9 Champions] VGC 2026 Reg M-A\n|rated|\n|rule|Species Clause: Limit one of each Pok\u00e9mon\n|rule|Item Clause: Limit 1 of each item\n|clearpoke\n|poke|p1|Garchomp, L50, M|\n|poke|p1|Gengar, L50, M|\n|poke|p1|Incineroar, L50, F|\n|poke|p1|Sneasler, L50, M|\n|poke|p1|Froslass, L50, F|\n|poke|p1|Whimsicott, L50, M|\n|poke|p2|Delphox, L50, F|\n|poke|p2|Tauros-Paldea-Aqua, L50, M|\n|poke|p2|Tsareena, L50, F|\n|poke|p2|Garchomp, L50, M|\n|poke|p2|Aerodactyl, L50, F|\n|poke|p2|Clefable, L50, F|\n|teampreview|4\n|inactive|Battle timer is ON: inactive players will automatically lose when time's up. (requested by Johnrg)\n|\n|t:|1776299687\n|teamsize|p1|4\n|teamsize|p2|4\n|start\n|switch|p1a: Whimsicott|Whimsicott, L50, M|100/100\n|switch|p1b: Incineroar|Incineroar, L50, F|100/100\n|switch|p2a: Tauros|Tauros-Paldea-Aqua, L50, M|100/100\n|switch|p2b: Clefable|Clefable, L50, F|100/100\n|-ability|p2a: Tauros|Intimidate|boost\n|-unboost|p1a: Whimsicott|atk|1\n|-unboost|p1b: Incineroar|atk|1\n|-ability|p1b: Incineroar|Intimidate|boost\n|-unboost|p2a: Tauros|atk|1\n|-unboost|p2b: Clefable|atk|1\n|turn|1\n|\n|t:|1776299712\n|move|p1b: Incineroar|Fake Out|p2a: Tauros\n|-damage|p2a: Tauros|90/100\n|move|p1a: Whimsicott|Tailwind|p1a: Whimsicott\n|-sidestart|p1: RainIsForPussies23|move: Tailwind\n|cant|p2a: Tauros|flinch\n|move|p2b: Clefable|Moonblast|p1b: Incineroar\n|-damage|p1b: Incineroar|71/100\n|\n|upkeep\n|turn|2\n|\n|t:|1776299723\n|move|p2b: Clefable|Follow Me|p2b: Clefable\n|-singleturn|p2b: Clefable|move: Follow Me\n|move|p1a: Whimsicott|Dazzling Gleam|p2a: Tauros|[spread] p2a,p2b\n|-supereffective|p2a: Tauros|1\n|-damage|p2a: Tauros|43/100\n|-damage|p2b: Clefable|89/100\n|move|p2a: Tauros|Close Combat|p1b: Incineroar\n|-supereffective|p1b: Incineroar|1\n|-damage|p1b: Incineroar|0 fnt\n|-unboost|p2a: Tauros|def|1\n|-unboost|p2a: Tauros|spd|1\n|faint|p1b: Incineroar\n|\n|upkeep\n|\n|t:|1776299736\n|switch|p1b: Gengar|Gengar, L50, M|100/100\n|turn|3\n|\n|t:|1776299753\n|switch|p2a: Aerodactyl|Aerodactyl, L50, F|100/100\n|-ability|p2a: Aerodactyl|Unnerve\n|detailschange|p1b: Gengar|Gengar-Mega, L50, M\n|-mega|p1b: Gengar|Gengar|Gengarite\n|move|p1b: Gengar|Nasty Plot|p1b: Gengar\n|-boost|p1b: Gengar|spa|2\n|move|p1a: Whimsicott|Dazzling Gleam|p2a: Aerodactyl|[spread] p2a,p2b\n|-crit|p2a: Aerodactyl\n|-damage|p2a: Aerodactyl|62/100\n|-damage|p2b: Clefable|77/100\n|move|p2b: Clefable|Moonblast|p1a: Whimsicott\n|-damage|p1a: Whimsicott|63/100\n|\n|upkeep\n|turn|4\n|\n|t:|1776299767\n|move|p1a: Whimsicott|Protect|p1a: Whimsicott\n|-singleturn|p1a: Whimsicott|Protect\n|move|p2b: Clefable|Follow Me|p2b: Clefable\n|-singleturn|p2b: Clefable|move: Follow Me\n|move|p1b: Gengar|Sludge Wave|p2a: Aerodactyl|[spread] p2a,p2b\n|-activate|p1a: Whimsicott|move: Protect\n|-resisted|p2a: Aerodactyl|1\n|-supereffective|p2b: Clefable|1\n|-damage|p2a: Aerodactyl|0 fnt\n|-damage|p2b: Clefable|0 fnt\n|faint|p2a: Aerodactyl\n|faint|p2b: Clefable\n|\n|-sideend|p1: RainIsForPussies23|move: Tailwind\n|upkeep\n|\n|t:|1776299774\n|switch|p2a: Delphox|Delphox, L50, F|100/100\n|switch|p2b: Tauros|Tauros-Paldea-Aqua, L50, M|43/100\n|-ability|p2b: Tauros|Intimidate|boost\n|-unboost|p1a: Whimsicott|atk|1\n|-unboost|p1b: Gengar|atk|1\n|turn|5\n|\n|t:|1776299782\n|detailschange|p2a: Delphox|Delphox-Mega, L50, F\n|-mega|p2a: Delphox|Delphox|Delphoxite\n|move|p2a: Delphox|Protect|p2a: Delphox\n|-singleturn|p2a: Delphox|Protect\n|move|p1a: Whimsicott|Tailwind|p1a: Whimsicott\n|-sidestart|p1: RainIsForPussies23|move: Tailwind\n|move|p1b: Gengar|Shadow Ball|p2a: Delphox\n|-activate|p2a: Delphox|move: Protect\n|move|p2b: Tauros|Raging Bull|p1b: Gengar\n|-damage|p1b: Gengar|26/100\n|\n|upkeep\n|turn|6\n|\n|t:|1776299801\n|move|p2a: Delphox|Protect|p2a: Delphox\n|-singleturn|p2a: Delphox|Protect\n|move|p1b: Gengar|Shadow Ball|p2a: Delphox\n|-activate|p2a: Delphox|move: Protect\n|move|p1a: Whimsicott|Dazzling Gleam|p2a: Delphox|[spread] p2b\n|-activate|p2a: Delphox|move: Protect\n|-supereffective|p2b: Tauros|1\n|-damage|p2b: Tauros|0 fnt\n|faint|p2b: Tauros\n|\n|upkeep\n|turn|7\n|-message|Johnrg forfeited.\n|\n|win|RainIsForPussies23\n|raw|RainIsForPussies23's rating: 1055 &rarr; <strong>1086</strong><br />(+31 for winning)\n|raw|Johnrg's rating: 1042 &rarr; <strong>1026</strong><br />(-16 for losing)\n|l|\u2606Johnrg\n|player|p2|\n",
  "uploadtime": 1776299815,
  "views": 26,
  "formatid": "gen9championsvgc2026regma",
  "rating": 1026,
  "private": 0,
  "password": null
}