{
  "id": "gen9championsvgc2026regma-2584859461",
  "format": "[Gen 9 Champions] VGC 2026 Reg M-A",
  "players": [
    "Drwer000",
    "juldrian"
  ],
  "log": "|j|\u2606Drwer000\n|j|\u2606juldrian\n|t:|1776289313\n|gametype|doubles\n|player|p1|Drwer000|pryce|1057\n|player|p2|juldrian|swimmer-gen4|1085\n|gen|9\n|tier|[Gen 9 Champions] VGC 2026 Reg M-A\n|rated|\n|rule|Species Clause: Limit one of each Pok\u00e9mon\n|rule|Item Clause: Limit 1 of each item\n|clearpoke\n|poke|p1|Orthworm, L50, F|\n|poke|p1|Basculegion, L50, M|\n|poke|p1|Incineroar, L50, M|\n|poke|p1|Rotom-Frost, L50|\n|poke|p1|Froslass, L50, F|\n|poke|p1|Garchomp, L50, M|\n|poke|p2|Tyranitar, L50, F|\n|poke|p2|Whimsicott, L50, F|\n|poke|p2|Sneasler, L50, F|\n|poke|p2|Milotic, L50, M|\n|poke|p2|Alakazam, L50, M|\n|poke|p2|Garchomp, L50, F|\n|teampreview|4\n|\n|t:|1776289339\n|teamsize|p1|4\n|teamsize|p2|4\n|start\n|switch|p1a: Orthworm|Orthworm, L50, F|100/100\n|switch|p1b: Basculegion|Basculegion, L50, M|100/100\n|switch|p2a: Milotic|Milotic, L50, M|100/100\n|switch|p2b: Sneasler|Sneasler, L50, F|100/100\n|turn|1\n|\n|t:|1776289357\n|move|p2b: Sneasler|Protect|p2b: Sneasler\n|-singleturn|p2b: Sneasler|Protect\n|move|p1b: Basculegion|Wave Crash|p2b: Sneasler\n|-activate|p2b: Sneasler|move: Protect\n|move|p2a: Milotic|Icy Wind|p1b: Basculegion|[spread] p1b\n|-miss|p2a: Milotic|p1a: Orthworm\n|-resisted|p1b: Basculegion|1\n|-damage|p1b: Basculegion|94/100\n|-unboost|p1b: Basculegion|spe|1\n|move|p1a: Orthworm|Shed Tail|p1a: Orthworm\n|-start|p1a: Orthworm|Substitute|[from] move: Shed Tail\n|-damage|p1a: Orthworm|50/100\n|-enditem|p1a: Orthworm|Sitrus Berry|[eat]\n|-heal|p1a: Orthworm|75/100|[from] item: Sitrus Berry\n|\n|t:|1776289375\n|switch|p1a: Garchomp|Garchomp, L50, M|100/100|[from] Shed Tail\n|\n|upkeep\n|turn|2\n|\n|t:|1776289396\n|switch|p1b: Orthworm|Orthworm, L50, F|75/100\n|move|p2b: Sneasler|Protect||[still]\n|-fail|p2b: Sneasler\n|move|p1a: Garchomp|Earthquake|p2b: Sneasler|[spread] p2a,p2b\n|-heal|p1b: Orthworm|99/100|[from] ability: Earth Eater|[of] p1a: Garchomp\n|-supereffective|p2b: Sneasler|1\n|-damage|p2a: Milotic|66/100\n|-damage|p2b: Sneasler|0 fnt\n|faint|p2b: Sneasler\n|move|p2a: Milotic|Icy Wind|p1b: Orthworm|[spread] p1a,p1b\n|-supereffective|p1a: Garchomp|2\n|-end|p1a: Garchomp|Substitute\n|-resisted|p1b: Orthworm|1\n|-damage|p1b: Orthworm|90/100\n|-unboost|p1b: Orthworm|spe|1\n|\n|-heal|p2a: Milotic|72/100|[from] item: Leftovers\n|upkeep\n|\n|t:|1776289414\n|switch|p2b: Garchomp|Garchomp, L50, F|100/100\n|turn|3\n|\n|t:|1776289421\n|move|p2b: Garchomp|Protect|p2b: Garchomp\n|-singleturn|p2b: Garchomp|Protect\n|move|p1a: Garchomp|Dragon Claw|p2b: Garchomp\n|-activate|p2b: Garchomp|move: Protect\n|move|p2a: Milotic|Icy Wind|p1b: Orthworm|[spread] p1a,p1b\n|-supereffective|p1a: Garchomp|2\n|-resisted|p1b: Orthworm|1\n|-damage|p1a: Garchomp|42/100\n|-damage|p1b: Orthworm|81/100\n|-unboost|p1a: Garchomp|spe|1\n|-unboost|p1b: Orthworm|spe|1\n|move|p1b: Orthworm|Shed Tail|p1b: Orthworm\n|-start|p1b: Orthworm|Substitute|[from] move: Shed Tail\n|-damage|p1b: Orthworm|31/100\n|\n|t:|1776289435\n|switch|p1b: Froslass|Froslass, L50, F|100/100|[from] Shed Tail\n|\n|-heal|p2a: Milotic|78/100|[from] item: Leftovers\n|upkeep\n|turn|4\n|inactive|Battle timer is ON: inactive players will automatically lose when time's up. (requested by juldrian)\n|\n|t:|1776289477\n|switch|p2b: Tyranitar|Tyranitar, L50, F|100/100\n|-weather|Sandstorm|[from] ability: Sand Stream|[of] p2b: Tyranitar\n|switch|p1a: Basculegion|Basculegion, L50, M|94/100\n|detailschange|p1b: Froslass|Froslass-Mega, L50, F\n|-mega|p1b: Froslass|Froslass|Froslassite\n|-weather|Snowscape|[from] ability: Snow Warning|[of] p1b: Froslass\n|move|p1b: Froslass|Blizzard|p2a: Milotic|[spread] p2a,p2b\n|-resisted|p2a: Milotic|1\n|-damage|p2a: Milotic|62/100\n|-damage|p2b: Tyranitar|60/100\n|move|p2a: Milotic|Muddy Water|p1a: Basculegion|[spread] p1a,p1b\n|-end|p1b: Froslass|Substitute\n|-resisted|p1a: Basculegion|1\n|-damage|p1a: Basculegion|77/100\n|\n|-weather|Snowscape|[upkeep]\n|-heal|p2a: Milotic|68/100|[from] item: Leftovers\n|upkeep\n|turn|5\n|inactive|Drwer000 has 30 seconds left.\n|inactive|juldrian has 30 seconds left.\n|inactive|Drwer000 has 20 seconds left.\n|inactive|juldrian has 20 seconds left.\n|inactive|Drwer000 has 15 seconds left.\n|inactive|Drwer000 has 10 seconds left.\n|\n|t:|1776289524\n|switch|p1b: Orthworm|Orthworm, L50, F|31/100\n|detailschange|p2b: Tyranitar|Tyranitar-Mega, L50, F\n|-mega|p2b: Tyranitar|Tyranitar|Tyranitarite\n|-weather|Sandstorm|[from] ability: Sand Stream|[of] p2b: Tyranitar\n|move|p2b: Tyranitar|Protect|p2b: Tyranitar\n|-singleturn|p2b: Tyranitar|Protect\n|move|p1a: Basculegion|Flip Turn|p2a: Milotic\n|-resisted|p2a: Milotic|1\n|-damage|p2a: Milotic|48/100\n|\n|t:|1776289537\n|switch|p1a: Froslass|Froslass-Mega, L50, F|100/100|[from] Flip Turn\n|-weather|Snowscape|[from] ability: Snow Warning|[of] p1a: Froslass\n|move|p2a: Milotic|Icy Wind|p1a: Froslass|[spread] p1a,p1b\n|-resisted|p1a: Froslass|1\n|-resisted|p1b: Orthworm|1\n|-damage|p1a: Froslass|93/100\n|-damage|p1b: Orthworm|21/100\n|-unboost|p1a: Froslass|spe|1\n|-unboost|p1b: Orthworm|spe|1\n|\n|-weather|Snowscape|[upkeep]\n|-heal|p2a: Milotic|54/100|[from] item: Leftovers\n|upkeep\n|turn|6\n|inactive|Drwer000 has 30 seconds left.\n|inactive|Drwer000 has 20 seconds left.\n|inactive|Drwer000 has 15 seconds left.\n|\n|t:|1776289580\n|move|p1a: Froslass|Protect|p1a: Froslass\n|-singleturn|p1a: Froslass|Protect\n|move|p2a: Milotic|Muddy Water|p1a: Froslass|[spread] p1b\n|-activate|p1a: Froslass|move: Protect\n|-damage|p1b: Orthworm|0 fnt\n|faint|p1b: Orthworm\n|move|p2b: Tyranitar|Knock Off|p1a: Froslass\n|-activate|p1a: Froslass|move: Protect\n|\n|-weather|Snowscape|[upkeep]\n|-heal|p2a: Milotic|60/100|[from] item: Leftovers\n|upkeep\n|\n|t:|1776289596\n|switch|p1b: Basculegion|Basculegion, L50, M|77/100\n|turn|7\n|inactive|Drwer000 has 30 seconds left.\n|\n|t:|1776289629\n|switch|p1a: Garchomp|Garchomp, L50, M|42/100\n|move|p2b: Tyranitar|Protect|p2b: Tyranitar\n|-singleturn|p2b: Tyranitar|Protect\n|move|p1b: Basculegion|Last Respects|p2a: Milotic\n|-damage|p2a: Milotic|0 fnt\n|faint|p2a: Milotic\n|\n|-weather|Snowscape|[upkeep]\n|upkeep\n|\n|t:|1776289638\n|switch|p2a: Garchomp|Garchomp, L50, F|100/100\n|turn|8\n|inactive|Drwer000 has 30 seconds left.\n|inactive|Drwer000 has 20 seconds left.\n|\n|t:|1776289675\n|move|p1b: Basculegion|Last Respects|p2b: Tyranitar\n|-resisted|p2b: Tyranitar|1\n|-damage|p2b: Tyranitar|38/100\n|move|p1a: Garchomp|Dragon Claw|p2a: Garchomp\n|-supereffective|p2a: Garchomp|1\n|-damage|p2a: Garchomp|22/100\n|move|p2a: Garchomp|Dragon Claw|p1a: Garchomp\n|-supereffective|p1a: Garchomp|1\n|-damage|p1a: Garchomp|0 fnt\n|-damage|p2a: Garchomp|9/100|[from] ability: Rough Skin|[of] p1a: Garchomp\n|faint|p1a: Garchomp\n|move|p2b: Tyranitar|Knock Off|p1b: Basculegion\n|-supereffective|p1b: Basculegion|1\n|-damage|p1b: Basculegion|0 fnt\n|-enditem|p1b: Basculegion|Choice Scarf|[from] move: Knock Off|[of] p2b: Tyranitar\n|faint|p1b: Basculegion\n|\n|-weather|Snowscape|[upkeep]\n|upkeep\n|inactive|Drwer000 has 30 seconds left.\n|inactive|Drwer000 has 20 seconds left.\n|\n|t:|1776289712\n|switch|p1b: Froslass|Froslass-Mega, L50, F|93/100\n|turn|9\n|\n|t:|1776289718\n|move|p2a: Garchomp|Protect|p2a: Garchomp\n|-singleturn|p2a: Garchomp|Protect\n|move|p2b: Tyranitar|Protect|p2b: Tyranitar\n|-singleturn|p2b: Tyranitar|Protect\n|move|p1b: Froslass|Blizzard|p2b: Tyranitar|[spread] \n|-activate|p2a: Garchomp|move: Protect\n|-activate|p2b: Tyranitar|move: Protect\n|\n|-weather|none\n|upkeep\n|turn|10\n|\n|t:|1776289735\n|move|p1b: Froslass|Blizzard|p2a: Garchomp|[spread] p2a,p2b\n|-supereffective|p2a: Garchomp|2\n|-enditem|p2a: Garchomp|Yache Berry|[eat]\n|-enditem|p2a: Garchomp|Yache Berry|[weaken]\n|-damage|p2a: Garchomp|0 fnt\n|-damage|p2b: Tyranitar|4/100\n|faint|p2a: Garchomp\n|move|p2b: Tyranitar|Knock Off|p1b: Froslass\n|-supereffective|p1b: Froslass|1\n|-damage|p1b: Froslass|0 fnt\n|faint|p1b: Froslass\n|\n|win|juldrian\n|raw|Drwer000's rating: 1057 &rarr; <strong>1040</strong><br />(-17 for losing)\n|raw|juldrian's rating: 1085 &rarr; <strong>1110</strong><br />(+25 for winning)\n|c|\u2606juldrian|Gg\n",
  "uploadtime": 1776289761,
  "views": 17,
  "formatid": "gen9championsvgc2026regma",
  "rating": 1040,
  "private": 0,
  "password": null
}