{
  "id": "gen9championsvgc2026regma-2587372746",
  "format": "[Gen 9 Champions] VGC 2026 Reg M-A",
  "players": [
    "truthwatcher2",
    "Pokecomic"
  ],
  "log": "|j|\u2606truthwatcher2\n|j|\u2606Pokecomic\n|t:|1776526320\n|gametype|doubles\n|player|p1|truthwatcher2|roxie-masters|1205\n|player|p2|Pokecomic|1|1159\n|gen|9\n|tier|[Gen 9 Champions] VGC 2026 Reg M-A\n|rated|\n|rule|Species Clause: Limit one of each Pok\u00e9mon\n|rule|Item Clause: Limit 1 of each item\n|clearpoke\n|poke|p1|Froslass, L50, F|\n|poke|p1|Milotic, L50, M|\n|poke|p1|Sneasler, L50, F|\n|poke|p1|Pelipper, L50, F|\n|poke|p1|Meganium, L50, F|\n|poke|p1|Arcanine-Hisui, L50, M|\n|poke|p2|Tsareena, L50, F|\n|poke|p2|Beedrill, L50, M|\n|poke|p2|Aerodactyl, L50, M|\n|poke|p2|Sinistcha, L50|\n|poke|p2|Milotic, L50, F|\n|poke|p2|Sneasler, L50, F|\n|teampreview|4\n|inactive|Battle timer is ON: inactive players will automatically lose when time's up. (requested by Pokecomic)\n|\n|t:|1776526348\n|teamsize|p1|4\n|teamsize|p2|4\n|start\n|switch|p1a: Milotic|Milotic, L50, M|100/100\n|switch|p1b: Sneasler|Sneasler, L50, F|100/100\n|switch|p2a: Tsareena|Tsareena, L50, F|100/100\n|switch|p2b: Aerodactyl|Aerodactyl, L50, M|100/100\n|-ability|p2b: Aerodactyl|Unnerve\n|turn|1\n|c|\u2606truthwatcher2|Nice team\n|inactive|Pokecomic has 30 seconds left.\n|c|\u2606Pokecomic|thx I like yours too Mega Meganium gaming~\n|inactive|Pokecomic has 20 seconds left.\n|\n|t:|1776526384\n|move|p2a: Tsareena|Knock Off|p1a: Milotic\n|-damage|p1a: Milotic|67/100\n|-enditem|p1a: Milotic|Leftovers|[from] move: Knock Off|[of] p2a: Tsareena\n|move|p2b: Aerodactyl|Tailwind|p2b: Aerodactyl\n|-sidestart|p2: Pokecomic|move: Tailwind\n|move|p1b: Sneasler|Dire Claw|p2a: Tsareena\n|-supereffective|p2a: Tsareena|1\n|-damage|p2a: Tsareena|0 fnt\n|faint|p2a: Tsareena\n|move|p1a: Milotic|Icy Wind|p2b: Aerodactyl\n|-supereffective|p2b: Aerodactyl|1\n|-damage|p2b: Aerodactyl|62/100\n|-unboost|p2b: Aerodactyl|spe|1\n|\n|upkeep\n|c|\u2606truthwatcher2|I just took Tsareena off mine lol\n|\n|t:|1776526397\n|switch|p2a: Beedrill|Beedrill, L50, M|100/100\n|turn|2\n|\n|t:|1776526419\n|detailschange|p2a: Beedrill|Beedrill-Mega, L50, M\n|-mega|p2a: Beedrill|Beedrill|Beedrillite\n|move|p1b: Sneasler|Protect|p1b: Sneasler\n|-singleturn|p1b: Sneasler|Protect\n|move|p2a: Beedrill|U-turn|p1a: Milotic\n|-damage|p1a: Milotic|5/100\n|\n|t:|1776526424\n|switch|p2a: Milotic|Milotic, L50, F|100/100|[from] U-turn\n|move|p2b: Aerodactyl|Dual Wingbeat|p1b: Sneasler\n|-activate|p1b: Sneasler|move: Protect\n|move|p1a: Milotic|Icy Wind|p2b: Aerodactyl|[spread] p2a,p2b\n|-resisted|p2a: Milotic|1\n|-supereffective|p2b: Aerodactyl|1\n|-damage|p2a: Milotic|97/100\n|-damage|p2b: Aerodactyl|33/100\n|-unboost|p2a: Milotic|spe|1\n|-ability|p2a: Milotic|Competitive|boost\n|-boost|p2a: Milotic|spa|2\n|-unboost|p2b: Aerodactyl|spe|1\n|\n|-heal|p2a: Milotic|100/100|[from] item: Leftovers\n|upkeep\n|turn|3\n|inactive|Pokecomic has 30 seconds left.\n|\n|t:|1776526451\n|switch|p2b: Beedrill|Beedrill-Mega, L50, M|100/100\n|move|p1b: Sneasler|Dire Claw|p2a: Milotic\n|-crit|p2a: Milotic\n|-damage|p2a: Milotic|43/100\n|-status|p2a: Milotic|psn\n|move|p2a: Milotic|Scald|p1a: Milotic\n|-resisted|p1a: Milotic|1\n|-damage|p1a: Milotic|0 fnt\n|faint|p1a: Milotic\n|\n|-heal|p2a: Milotic|49/100 psn|[from] item: Leftovers\n|-damage|p2a: Milotic|36/100 psn|[from] psn\n|upkeep\n|\n|t:|1776526469\n|switch|p1a: Froslass|Froslass, L50, F|100/100\n|turn|4\n|\n|t:|1776526492\n|detailschange|p1a: Froslass|Froslass-Mega, L50, F\n|-mega|p1a: Froslass|Froslass|Froslassite\n|-weather|Snowscape|[from] ability: Snow Warning|[of] p1a: Froslass\n|move|p1b: Sneasler|Protect|p1b: Sneasler\n|-singleturn|p1b: Sneasler|Protect\n|move|p2a: Milotic|Protect|p2a: Milotic\n|-singleturn|p2a: Milotic|Protect\n|move|p2b: Beedrill|Drill Run|p1b: Sneasler\n|-activate|p1b: Sneasler|move: Protect\n|move|p1a: Froslass|Aurora Veil|p1a: Froslass\n|-sidestart|p1: truthwatcher2|move: Aurora Veil\n|\n|-weather|Snowscape|[upkeep]\n|-heal|p2a: Milotic|42/100 psn|[from] item: Leftovers\n|-damage|p2a: Milotic|30/100 psn|[from] psn\n|-sideend|p2: Pokecomic|move: Tailwind\n|upkeep\n|turn|5\n|inactive|truthwatcher2 has 30 seconds left.\n|inactive|Pokecomic has 30 seconds left.\n|\n|t:|1776526530\n|move|p2b: Beedrill|Protect|p2b: Beedrill\n|-singleturn|p2b: Beedrill|Protect\n|move|p1a: Froslass|Blizzard|p2a: Milotic|[spread] p2a\n|-activate|p2b: Beedrill|move: Protect\n|-resisted|p2a: Milotic|1\n|-damage|p2a: Milotic|13/100 psn\n|move|p1b: Sneasler|Dire Claw|p2b: Beedrill\n|-activate|p2b: Beedrill|move: Protect\n|move|p2a: Milotic|Icy Wind|p1a: Froslass|[spread] p1a,p1b\n|-resisted|p1a: Froslass|1\n|-damage|p1a: Froslass|92/100\n|-damage|p1b: Sneasler|81/100\n|-unboost|p1a: Froslass|spe|1\n|-unboost|p1b: Sneasler|spe|1\n|-enditem|p1b: Sneasler|White Herb\n|-clearnegativeboost|p1b: Sneasler|[silent]\n|\n|-weather|Snowscape|[upkeep]\n|-heal|p2a: Milotic|19/100 psn|[from] item: Leftovers\n|-damage|p2a: Milotic|7/100 psn|[from] psn\n|upkeep\n|turn|6\n|inactive|Pokecomic has 30 seconds left.\n|\n|t:|1776526557\n|switch|p2b: Aerodactyl|Aerodactyl, L50, M|33/100\n|-ability|p2b: Aerodactyl|Unnerve\n|move|p1b: Sneasler|Dire Claw|p2b: Aerodactyl\n|-resisted|p2b: Aerodactyl|1\n|-damage|p2b: Aerodactyl|0 fnt\n|faint|p2b: Aerodactyl\n|move|p1a: Froslass|Blizzard|p2a: Milotic\n|-resisted|p2a: Milotic|1\n|-damage|p2a: Milotic|0 fnt\n|faint|p2a: Milotic\n|\n|-weather|Snowscape|[upkeep]\n|upkeep\n|\n|t:|1776526570\n|switch|p2b: Beedrill|Beedrill-Mega, L50, M|100/100\n|turn|7\n|\n|t:|1776526577\n|move|p2b: Beedrill|Protect|p2b: Beedrill\n|-singleturn|p2b: Beedrill|Protect\n|move|p1b: Sneasler|Dire Claw|p2b: Beedrill\n|-activate|p2b: Beedrill|move: Protect\n|move|p1a: Froslass|Blizzard|p2b: Beedrill\n|-activate|p2b: Beedrill|move: Protect\n|\n|-weather|Snowscape|[upkeep]\n|upkeep\n|turn|8\n|\n|t:|1776526589\n|move|p1b: Sneasler|Dire Claw|p2b: Beedrill\n|-resisted|p2b: Beedrill|1\n|-damage|p2b: Beedrill|38/100\n|move|p2b: Beedrill|Drill Run|p1b: Sneasler\n|-supereffective|p1b: Sneasler|1\n|-crit|p1b: Sneasler\n|-damage|p1b: Sneasler|0 fnt\n|faint|p1b: Sneasler\n|move|p1a: Froslass|Blizzard|p2b: Beedrill\n|-damage|p2b: Beedrill|0 fnt\n|faint|p2b: Beedrill\n|\n|win|truthwatcher2\n|raw|truthwatcher2's rating: 1205 &rarr; <strong>1227</strong><br />(+22 for winning)\n|raw|Pokecomic's rating: 1159 &rarr; <strong>1137</strong><br />(-22 for losing)\n|c|\u2606Pokecomic|ggs\n|c|\u2606truthwatcher2|GG\n|l|\u2606Pokecomic\n|player|p2|\n",
  "uploadtime": 1776526610,
  "views": 17,
  "formatid": "gen9championsvgc2026regma",
  "rating": 1137,
  "private": 0,
  "password": null
}