{
  "id": "gen9championsvgc2026regma-2585325485",
  "format": "[Gen 9 Champions] VGC 2026 Reg M-A",
  "players": [
    "EhJuju",
    "Ndkdkdkdddde"
  ],
  "log": "|j|\u2606EhJuju\n|j|\u2606Ndkdkdkdddde\n|t:|1776337984\n|gametype|doubles\n|player|p1|EhJuju|266|1009\n|player|p2|Ndkdkdkdddde|170|1079\n|gen|9\n|tier|[Gen 9 Champions] VGC 2026 Reg M-A\n|rated|\n|rule|Species Clause: Limit one of each Pok\u00e9mon\n|rule|Item Clause: Limit 1 of each item\n|clearpoke\n|poke|p1|Froslass, L50, F|\n|poke|p1|Greninja-*, L50, M|\n|poke|p1|Sableye, L50, F|\n|poke|p1|Ditto, L50|\n|poke|p1|Sinistcha, L50|\n|poke|p1|Incineroar, L50, M|\n|poke|p2|Aggron, L50, M|\n|poke|p2|Aerodactyl, L50, M|\n|poke|p2|Sinistcha, L50|\n|poke|p2|Sneasler, L50, M|\n|poke|p2|Tyranitar, L50, M|\n|poke|p2|Hydreigon, L50, M|\n|teampreview|4\n|inactive|Battle timer is ON: inactive players will automatically lose when time's up. (requested by Ndkdkdkdddde)\n|\n|t:|1776338009\n|teamsize|p1|4\n|teamsize|p2|4\n|start\n|switch|p1a: Freida|Froslass, L50, F|100/100\n|switch|p1b: Incineroar|Incineroar, L50, M|100/100\n|switch|p2a: Aerodactyl|Aerodactyl, L50, M|100/100\n|switch|p2b: Sneasler|Sneasler, L50, M|100/100\n|-ability|p2a: Aerodactyl|Unnerve\n|-ability|p1b: Incineroar|Intimidate|boost\n|-unboost|p2a: Aerodactyl|atk|1\n|-unboost|p2b: Sneasler|atk|1\n|-enditem|p2b: Sneasler|White Herb\n|-clearnegativeboost|p2b: Sneasler|[silent]\n|turn|1\n|inactive|EhJuju has 30 seconds left.\n|\n|t:|1776338040\n|move|p2a: Aerodactyl|Protect|p2a: Aerodactyl\n|-singleturn|p2a: Aerodactyl|Protect\n|move|p1a: Freida|Protect|p1a: Freida\n|-singleturn|p1a: Freida|Protect\n|move|p2b: Sneasler|Fake Out|p1b: Incineroar\n|-damage|p1b: Incineroar|89/100\n|cant|p1b: Incineroar|flinch\n|\n|upkeep\n|turn|2\n|\n|t:|1776338064\n|switch|p2a: Tyranitar|Tyranitar, L50, M, shiny|100/100\n|-weather|Sandstorm|[from] ability: Sand Stream|[of] p2a: Tyranitar\n|detailschange|p1a: Freida|Froslass-Mega, L50, F\n|-mega|p1a: Freida|Froslass|Froslassite\n|-weather|Snowscape|[from] ability: Snow Warning|[of] p1a: Freida\n|move|p2b: Sneasler|Close Combat|p1b: Incineroar\n|-supereffective|p1b: Incineroar|1\n|-damage|p1b: Incineroar|0 fnt\n|-unboost|p2b: Sneasler|def|1\n|-unboost|p2b: Sneasler|spd|1\n|faint|p1b: Incineroar\n|move|p1a: Freida|Blizzard|p2b: Sneasler|[spread] p2a,p2b\n|-damage|p2a: Tyranitar|60/100\n|-damage|p2b: Sneasler|1/100\n|\n|-weather|Snowscape|[upkeep]\n|upkeep\n|\n|t:|1776338081\n|switch|p1b: Sinistcha|Sinistcha, L50|100/100\n|turn|3\n|\n|t:|1776338098\n|move|p2b: Sneasler|Coaching|p2a: Tyranitar\n|-boost|p2a: Tyranitar|atk|1\n|-boost|p2a: Tyranitar|def|1\n|move|p1a: Freida|Blizzard|p2b: Sneasler|[spread] p2a,p2b\n|-damage|p2a: Tyranitar|18/100\n|-damage|p2b: Sneasler|0 fnt\n|faint|p2b: Sneasler\n|move|p2a: Tyranitar|Rock Slide|p1b: Sinistcha|[spread] p1a,p1b\n|-supereffective|p1a: Freida|1\n|-damage|p1a: Freida|1/100\n|-damage|p1b: Sinistcha|54/100\n|cant|p1b: Sinistcha|flinch\n|\n|-weather|Snowscape|[upkeep]\n|upkeep\n|\n|t:|1776338115\n|switch|p2b: Aerodactyl|Aerodactyl, L50, M|100/100\n|-ability|p2b: Aerodactyl|Unnerve\n|turn|4\n|\n|t:|1776338126\n|detailschange|p2b: Aerodactyl|Aerodactyl-Mega, L50, M\n|-mega|p2b: Aerodactyl|Aerodactyl|Aerodactylite\n|move|p2b: Aerodactyl|Rock Slide|p1b: Sinistcha|[spread] p1b\n|-miss|p2b: Aerodactyl|p1a: Freida\n|-damage|p1b: Sinistcha|27/100\n|move|p1a: Freida|Blizzard|p2b: Aerodactyl|[spread] p2a,p2b\n|-supereffective|p2b: Aerodactyl|1\n|-damage|p2a: Tyranitar|0 fnt\n|-damage|p2b: Aerodactyl|0 fnt\n|faint|p2a: Tyranitar\n|faint|p2b: Aerodactyl\n|move|p1b: Sinistcha|Matcha Gotcha|p2: Tyranitar|[notarget]\n|-fail|p1b: Sinistcha\n|\n|-weather|Snowscape|[upkeep]\n|upkeep\n|\n|t:|1776338139\n|switch|p2b: Hydreigon|Hydreigon, L50, M, shiny|100/100\n|turn|5\n|\n|t:|1776338147\n|move|p1a: Freida|Blizzard|p2b: Hydreigon\n|-supereffective|p2b: Hydreigon|1\n|-damage|p2b: Hydreigon|0 fnt\n|faint|p2b: Hydreigon\n|\n|win|EhJuju\n|raw|EhJuju's rating: 1009 &rarr; <strong>1055</strong><br />(+46 for winning)\n|raw|Ndkdkdkdddde's rating: 1079 &rarr; <strong>1053</strong><br />(-26 for losing)\n",
  "uploadtime": 1776338153,
  "views": 19,
  "formatid": "gen9championsvgc2026regma",
  "rating": 1053,
  "private": 0,
  "password": null
}