{
  "id": "gen9championsvgc2026regma-2584439061",
  "format": "[Gen 9 Champions] VGC 2026 Reg M-A",
  "players": [
    "KitasanKURO",
    "Rale05"
  ],
  "log": "|j|\u2606KitasanKURO\n|j|\u2606Rale05\n|t:|1776260933\n|gametype|doubles\n|player|p1|KitasanKURO|2|1026\n|player|p2|Rale05|palmer|1062\n|gen|9\n|tier|[Gen 9 Champions] VGC 2026 Reg M-A\n|rated|\n|rule|Species Clause: Limit one of each Pok\u00e9mon\n|rule|Item Clause: Limit 1 of each item\n|clearpoke\n|poke|p1|Banette, L50, M|\n|poke|p1|Farigiraf, L50, F|\n|poke|p1|Sinistcha, L50|\n|poke|p1|Incineroar, L50, M|\n|poke|p1|Kingambit, L50, F|\n|poke|p1|Slowbro-Galar, L50, F|\n|poke|p2|Delphox, L50, M|\n|poke|p2|Garchomp, L50, M|\n|poke|p2|Rotom-Wash, L50|\n|poke|p2|Farigiraf, L50, F|\n|poke|p2|Sneasler, L50, F|\n|poke|p2|Kingambit, L50, M|\n|teampreview|4\n|inactive|Battle timer is ON: inactive players will automatically lose when time's up. (requested by KitasanKURO)\n|inactive|KitasanKURO has 60 seconds left.\n|\n|t:|1776260981\n|teamsize|p1|4\n|teamsize|p2|4\n|start\n|switch|p1a: Slowbro|Slowbro-Galar, L50, F|100/100\n|switch|p1b: Banette|Banette, L50, M|100/100\n|switch|p2a: AVADAKEDAVRA|Delphox, L50, M|100/100\n|switch|p2b: El Pancreas|Garchomp, L50, M|100/100\n|turn|1\n|\n|t:|1776260994\n|detailschange|p2a: AVADAKEDAVRA|Delphox-Mega, L50, M\n|-mega|p2a: AVADAKEDAVRA|Delphox|Delphoxite\n|detailschange|p1b: Banette|Banette-Mega, L50, M\n|-mega|p1b: Banette|Banette|Banettite\n|move|p1b: Banette|Protect|p1b: Banette\n|-singleturn|p1b: Banette|Protect\n|move|p2a: AVADAKEDAVRA|Psychic|p1b: Banette\n|-activate|p1b: Banette|move: Protect\n|move|p2b: El Pancreas|Earthquake|p1a: Slowbro|[spread] p1a\n|-activate|p1b: Banette|move: Protect\n|-immune|p2a: AVADAKEDAVRA|[from] ability: Levitate\n|-supereffective|p1a: Slowbro|1\n|-damage|p1a: Slowbro|30/100\n|move|p1a: Slowbro|Trick Room|p1a: Slowbro\n|-fieldstart|move: Trick Room|[of] p1a: Slowbro\n|\n|upkeep\n|turn|2\n|\n|t:|1776261013\n|move|p2b: El Pancreas|Protect|p2b: El Pancreas\n|-singleturn|p2b: El Pancreas|Protect\n|move|p1a: Slowbro|Shell Side Arm|p2b: El Pancreas|[anim] Shell Side Arm Special\n|-activate|p2b: El Pancreas|move: Protect\n|move|p1b: Banette|Poltergeist|p2a: AVADAKEDAVRA\n|-activate|p2a: AVADAKEDAVRA|move: Poltergeist|Delphoxite\n|-supereffective|p2a: AVADAKEDAVRA|1\n|-damage|p2a: AVADAKEDAVRA|0 fnt\n|faint|p2a: AVADAKEDAVRA\n|\n|upkeep\n|\n|t:|1776261024\n|switch|p2a: Farigiraf|Farigiraf, L50, F, shiny|100/100\n|turn|3\n|\n|t:|1776261031\n|move|p1a: Slowbro|Shell Side Arm|p2a: Farigiraf|[anim] Shell Side Arm Special\n|-damage|p2a: Farigiraf|58/100\n|-hint|Special Shell Side Arm\n|move|p1b: Banette|Poltergeist|p2b: El Pancreas|[miss]\n|-miss|p1b: Banette|p2b: El Pancreas\n|move|p2b: El Pancreas|Earthquake|p1a: Slowbro|[spread] p2a,p1a,p1b\n|-supereffective|p1a: Slowbro|1\n|-crit|p1a: Slowbro\n|-damage|p2a: Farigiraf|21/100\n|-damage|p1a: Slowbro|0 fnt\n|-damage|p1b: Banette|51/100\n|faint|p1a: Slowbro\n|move|p2a: Farigiraf|Trick Room|p2a: Farigiraf\n|-fieldend|move: Trick Room\n|\n|upkeep\n|\n|t:|1776261037\n|switch|p1a: Sinistcha|Sinistcha, L50|100/100\n|-heal|p1b: Banette|76/100|[from] ability: Hospitality|[of] p1a: Sinistcha\n|turn|4\n|inactive|Rale05 has 30 seconds left.\n|\n|t:|1776261062\n|switch|p2a: Devitrolaedition|Sneasler, L50, F|100/100\n|move|p1b: Banette|Protect|p1b: Banette\n|-singleturn|p1b: Banette|Protect\n|move|p2b: El Pancreas|Dragon Claw|p1a: Sinistcha\n|-damage|p1a: Sinistcha|71/100\n|move|p1a: Sinistcha|Trick Room|p1a: Sinistcha\n|-fieldstart|move: Trick Room|[of] p1a: Sinistcha\n|\n|-heal|p1a: Sinistcha|77/100|[from] item: Leftovers\n|upkeep\n|turn|5\n|\n|t:|1776261083\n|move|p2b: El Pancreas|Protect|p2b: El Pancreas\n|-singleturn|p2b: El Pancreas|Protect\n|move|p1a: Sinistcha|Rage Powder|p1a: Sinistcha\n|-singleturn|p1a: Sinistcha|move: Rage Powder\n|move|p1b: Banette|Swords Dance|p1b: Banette\n|-boost|p1b: Banette|atk|2\n|move|p2a: Devitrolaedition|Dire Claw|p1a: Sinistcha\n|-damage|p1a: Sinistcha|42/100\n|-status|p1a: Sinistcha|par\n|\n|-heal|p1a: Sinistcha|48/100 par|[from] item: Leftovers\n|upkeep\n|turn|6\n|\n|t:|1776261101\n|switch|p2a: Farigiraf|Farigiraf, L50, F, shiny|21/100\n|move|p1a: Sinistcha|Shadow Ball|p2a: Farigiraf\n|-immune|p2a: Farigiraf\n|move|p1b: Banette|Poltergeist|p2a: Farigiraf\n|-immune|p2a: Farigiraf\n|move|p2b: El Pancreas|Dragon Claw|p1b: Banette\n|-damage|p1b: Banette|20/100\n|\n|-heal|p1a: Sinistcha|54/100 par|[from] item: Leftovers\n|upkeep\n|turn|7\n|inactive|Rale05 has 30 seconds left.\n|\n|t:|1776261128\n|move|p2b: El Pancreas|Protect|p2b: El Pancreas\n|-singleturn|p2b: El Pancreas|Protect\n|move|p1a: Sinistcha|Matcha Gotcha|p2b: El Pancreas|[spread] p2a\n|-activate|p2b: El Pancreas|move: Protect\n|-damage|p2a: Farigiraf|0 fnt\n|-heal|p1a: Sinistcha|67/100 par|[from] drain|[of] p2a: Farigiraf\n|faint|p2a: Farigiraf\n|move|p1b: Banette|Poltergeist|p2b: El Pancreas\n|-activate|p2b: El Pancreas|move: Protect\n|\n|-heal|p1a: Sinistcha|74/100 par|[from] item: Leftovers\n|upkeep\n|\n|t:|1776261138\n|switch|p2a: Devitrolaedition|Sneasler, L50, F|100/100\n|turn|8\n|\n|t:|1776261158\n|move|p1a: Sinistcha|Rage Powder|p1a: Sinistcha\n|-singleturn|p1a: Sinistcha|move: Rage Powder\n|move|p1b: Banette|Poltergeist|p2a: Devitrolaedition\n|-activate|p2a: Devitrolaedition|move: Poltergeist|White Herb\n|-damage|p2a: Devitrolaedition|0 fnt\n|faint|p2a: Devitrolaedition\n|move|p2b: El Pancreas|Dragon Claw|p1a: Sinistcha\n|-damage|p1a: Sinistcha|43/100 par\n|\n|-heal|p1a: Sinistcha|49/100 par|[from] item: Leftovers\n|-fieldend|move: Trick Room\n|upkeep\n|turn|9\n|\n|t:|1776261170\n|move|p1b: Banette|Destiny Bond|p1b: Banette\n|-singlemove|p1b: Banette|Destiny Bond\n|move|p2b: El Pancreas|Dragon Claw|p1b: Banette\n|-damage|p1b: Banette|0 fnt\n|faint|p1b: Banette\n|-activate|p1b: Banette|move: Destiny Bond\n|faint|p2b: El Pancreas\n|\n|win|KitasanKURO\n|raw|KitasanKURO's rating: 1026 &rarr; <strong>1066</strong><br />(+40 for winning)\n|raw|Rale05's rating: 1062 &rarr; <strong>1041</strong><br />(-21 for losing)\n",
  "uploadtime": 1776261177,
  "views": 29,
  "formatid": "gen9championsvgc2026regma",
  "rating": 1041,
  "private": 0,
  "password": null
}