{
  "id": "gen9championsvgc2026regma-2588757537",
  "format": "[Gen 9 Champions] VGC 2026 Reg M-A",
  "players": [
    "gipsydanger5627",
    "Monst3r127"
  ],
  "log": "|j|\u203dgipsydanger5627\n|j|\u2606Monst3r127\n|t:|1776666861\n|gametype|doubles\n|player|p1|gipsydanger5627|brycen|1109\n|player|p2|Monst3r127|hiker|1064\n|gen|9\n|tier|[Gen 9 Champions] VGC 2026 Reg M-A\n|rated|\n|rule|Species Clause: Limit one of each Pok\u00e9mon\n|rule|Item Clause: Limit 1 of each item\n|clearpoke\n|poke|p1|Charizard, L50, M|\n|poke|p1|Sneasler, L50, M|\n|poke|p1|Gengar, L50, M|\n|poke|p1|Kingambit, L50, M|\n|poke|p1|Archaludon, L50, F|\n|poke|p1|Sinistcha, L50|\n|poke|p2|Chandelure, L50, M|\n|poke|p2|Whimsicott, L50, M|\n|poke|p2|Maushold, L50|\n|poke|p2|Lucario, L50, M|\n|poke|p2|Milotic, L50, F|\n|poke|p2|Incineroar, L50, F|\n|teampreview|4\n|\n|t:|1776666881\n|teamsize|p1|4\n|teamsize|p2|4\n|start\n|switch|p1a: Kingambit|Kingambit, L50, M|100/100\n|switch|p1b: Gengar|Gengar, L50, M|100/100\n|switch|p2a: Milotic|Milotic, L50, F|100/100\n|switch|p2b: Whimsicott|Whimsicott, L50, M|100/100\n|turn|1\n|\n|t:|1776666912\n|move|p2b: Whimsicott|Tailwind|p2b: Whimsicott\n|-sidestart|p2: Monst3r127|move: Tailwind\n|move|p1b: Gengar|Trick|p2a: Milotic\n|-activate|p1b: Gengar|move: Trick|[of] p2a: Milotic\n|-item|p2a: Milotic|Choice Scarf|[from] move: Trick\n|-item|p1b: Gengar|Leftovers|[from] move: Trick\n|move|p2a: Milotic|Scald|p1b: Gengar\n|-crit|p1b: Gengar\n|-damage|p1b: Gengar|3/100\n|-status|p1b: Gengar|brn\n|move|p1a: Kingambit|Kowtow Cleave|p2a: Milotic\n|-damage|p2a: Milotic|40/100\n|\n|-heal|p1b: Gengar|9/100 brn|[from] item: Leftovers\n|-damage|p1b: Gengar|3/100 brn|[from] brn\n|upkeep\n|turn|2\n|\n|t:|1776666945\n|move|p1a: Kingambit|Sucker Punch|p2a: Milotic\n|-crit|p2a: Milotic\n|-damage|p2a: Milotic|0 fnt\n|faint|p2a: Milotic\n|move|p2b: Whimsicott|Moonblast|p1a: Kingambit\n|-damage|p1a: Kingambit|63/100\n|move|p1b: Gengar|Sludge Bomb|p2b: Whimsicott\n|-supereffective|p2b: Whimsicott|2\n|-enditem|p2b: Whimsicott|Focus Sash\n|-damage|p2b: Whimsicott|1/100\n|\n|-heal|p1b: Gengar|9/100 brn|[from] item: Leftovers\n|-damage|p1b: Gengar|3/100 brn|[from] brn\n|upkeep\n|\n|t:|1776666971\n|switch|p2a: Maushold|Maushold, L50|100/100\n|turn|3\n|\n|t:|1776666988\n|move|p1a: Kingambit|Protect|p1a: Kingambit\n|-singleturn|p1a: Kingambit|Protect\n|move|p2b: Whimsicott|Sunny Day|p2b: Whimsicott\n|-weather|SunnyDay\n|move|p2a: Maushold|Beat Up|p1b: Gengar\n|-supereffective|p1b: Gengar|1\n|-damage|p1b: Gengar|0 fnt\n|-start|p2a: Maushold|Disable|Beat Up|[from] ability: Cursed Body|[of] p1b: Gengar\n|-enditem|p2a: Maushold|Mental Herb\n|-end|p2a: Maushold|Disable\n|faint|p1b: Gengar\n|-hitcount|p1: Gengar|1\n|\n|-weather|SunnyDay|[upkeep]\n|upkeep\n|\n|t:|1776667001\n|switch|p1b: Charizard|Charizard, L50, M|100/100\n|turn|4\n|\n|t:|1776667028\n|detailschange|p1b: Charizard|Charizard-Mega-X, L50, M\n|-mega|p1b: Charizard|Charizard|Charizardite X\n|move|p1a: Kingambit|Sucker Punch|p2b: Whimsicott\n|-resisted|p2b: Whimsicott|1\n|-damage|p2b: Whimsicott|0 fnt\n|faint|p2b: Whimsicott\n|move|p2a: Maushold|Taunt|p1b: Charizard\n|-start|p1b: Charizard|move: Taunt\n|cant|p1b: Charizard|move: Taunt|Dragon Dance\n|\n|-weather|SunnyDay|[upkeep]\n|-sideend|p2: Monst3r127|move: Tailwind\n|upkeep\n|\n|t:|1776667037\n|switch|p2b: Chandelure|Chandelure, L50, M|100/100\n|turn|5\n|\n|t:|1776667073\n|detailschange|p2b: Chandelure|Chandelure-Mega, L50, M\n|-mega|p2b: Chandelure|Chandelure|Chandelurite\n|move|p1a: Kingambit|Sucker Punch|p2b: Chandelure\n|-supereffective|p2b: Chandelure|1\n|-damage|p2b: Chandelure|4/100\n|move|p2a: Maushold|Super Fang|p1b: Charizard\n|-damage|p1b: Charizard|51/100\n|move|p1b: Charizard|Flare Blitz|p2a: Maushold\n|-damage|p2a: Maushold|0 fnt\n|faint|p2a: Maushold\n|-damage|p1b: Charizard|18/100|[from] Recoil\n|move|p2b: Chandelure|Heat Wave|p1a: Kingambit|[spread] p1a,p1b\n|-supereffective|p1a: Kingambit|1\n|-resisted|p1b: Charizard|2\n|-damage|p1a: Kingambit|0 fnt\n|-damage|p1b: Charizard|0 fnt\n|faint|p1a: Kingambit\n|faint|p1b: Charizard\n|\n|-weather|SunnyDay|[upkeep]\n|upkeep\n|\n|t:|1776667094\n|switch|p1b: Archaludon|Archaludon, L50, F|100/100\n|turn|6\n|\n|t:|1776667110\n|move|p2b: Chandelure|Heat Wave|p1b: Archaludon\n|-damage|p1b: Archaludon|0 fnt\n|faint|p1b: Archaludon\n|\n|win|Monst3r127\n|raw|gipsydanger5627's rating: 1109 &rarr; <strong>1081</strong><br />(-28 for losing)\n|raw|Monst3r127's rating: 1064 &rarr; <strong>1098</strong><br />(+34 for winning)\n|l|\u203dgipsydanger5627\n|player|p1|\n",
  "uploadtime": 1776667196,
  "views": 11,
  "formatid": "gen9championsvgc2026regma",
  "rating": 1081,
  "private": 0,
  "password": null
}