{
  "id": "gen9championsvgc2026regma-2582895860",
  "format": "[Gen 9 Champions] VGC 2026 Reg M-A",
  "players": [
    "animeuma",
    "Ender198"
  ],
  "log": "|j|\u2606animeuma\n|j|\u2606Ender198\n|t:|1776122905\n|gametype|doubles\n|player|p1|animeuma|rosa|1313\n|player|p2|Ender198|170|1346\n|gen|9\n|tier|[Gen 9 Champions] VGC 2026 Reg M-A\n|rated|\n|rule|Species Clause: Limit one of each Pok\u00e9mon\n|rule|Item Clause: Limit 1 of each item\n|clearpoke\n|poke|p1|Pelipper, L50, M|\n|poke|p1|Basculegion, L50, M|\n|poke|p1|Archaludon, L50, F|\n|poke|p1|Sneasler, L50, F|\n|poke|p1|Sinistcha, L50|\n|poke|p1|Kangaskhan, L50, F|\n|poke|p2|Aerodactyl, L50, M|\n|poke|p2|Basculegion, L50, M|\n|poke|p2|Sneasler, L50, M|\n|poke|p2|Floette-Eternal, L50, F|\n|poke|p2|Maushold, L50|\n|poke|p2|Kingambit, L50, M|\n|teampreview|4\n|inactive|Battle timer is ON: inactive players will automatically lose when time's up. (requested by Ender198)\n|inactive|animeuma also wants the timer to be on.\n|inactive|Ender198 has 60 seconds left.\n|\n|t:|1776122947\n|teamsize|p1|4\n|teamsize|p2|4\n|start\n|switch|p1a: Sneasler|Sneasler, L50, F|100/100\n|switch|p1b: Archaludon|Archaludon, L50, F|100/100\n|switch|p2a: Floette|Floette-Eternal, L50, F|100/100\n|switch|p2b: Maushold|Maushold, L50|100/100\n|turn|1\n|inactive|animeuma has 30 seconds left.\n|\n|t:|1776122975\n|detailschange|p2a: Floette|Floette-Mega, L50, F\n|-mega|p2a: Floette|Floette|Floettite\n|-ability|p2a: Floette|Fairy Aura\n|move|p2b: Maushold|Protect|p2b: Maushold\n|-singleturn|p2b: Maushold|Protect\n|move|p2a: Floette|Protect|p2a: Floette\n|-singleturn|p2a: Floette|Protect\n|move|p1a: Sneasler|Close Combat|p2b: Maushold\n|-activate|p2b: Maushold|move: Protect\n|move|p1b: Archaludon|Flash Cannon|p2a: Floette\n|-activate|p2a: Floette|move: Protect\n|\n|upkeep\n|turn|2\n|inactive|animeuma has 30 seconds left.\n|inactive|Ender198 has 30 seconds left.\n|inactive|animeuma has 20 seconds left.\n|inactive|Ender198 has 20 seconds left.\n|\n|t:|1776123016\n|move|p2b: Maushold|Super Fang|p1a: Sneasler\n|-damage|p1a: Sneasler|51/100\n|move|p1a: Sneasler|Close Combat|p2b: Maushold\n|-supereffective|p2b: Maushold|1\n|-enditem|p2b: Maushold|Chople Berry|[eat]\n|-enditem|p2b: Maushold|Chople Berry|[weaken]\n|-damage|p2b: Maushold|16/100\n|-unboost|p1a: Sneasler|def|1\n|-unboost|p1a: Sneasler|spd|1\n|-enditem|p1a: Sneasler|White Herb\n|-clearnegativeboost|p1a: Sneasler|[silent]\n|move|p1b: Archaludon|Flash Cannon|p2b: Maushold\n|-damage|p2b: Maushold|0 fnt\n|faint|p2b: Maushold\n|move|p2a: Floette|Calm Mind|p2a: Floette\n|-boost|p2a: Floette|spa|1\n|-boost|p2a: Floette|spd|1\n|\n|upkeep\n|\n|t:|1776123031\n|switch|p2b: Basculegion|Basculegion, L50, M|100/100\n|turn|3\n|\n|t:|1776123055\n|move|p1a: Sneasler|Protect|p1a: Sneasler\n|-singleturn|p1a: Sneasler|Protect\n|move|p2b: Basculegion|Last Respects|p1a: Sneasler\n|-activate|p1a: Sneasler|move: Protect\n|move|p1b: Archaludon|Draco Meteor|p2b: Basculegion|[miss]\n|-miss|p1b: Archaludon|p2b: Basculegion\n|move|p2a: Floette|Moonblast|p1b: Archaludon\n|-ability|p1b: Archaludon|Sturdy\n|-damage|p1b: Archaludon|1/100\n|\n|-heal|p1b: Archaludon|7/100|[from] item: Leftovers\n|upkeep\n|turn|4\n|\n|t:|1776123072\n|move|p1a: Sneasler|Dire Claw|p2a: Floette\n|-supereffective|p2a: Floette|1\n|-damage|p2a: Floette|0 fnt\n|faint|p2a: Floette\n|move|p2b: Basculegion|Last Respects|p1a: Sneasler\n|-damage|p1a: Sneasler|0 fnt\n|faint|p1a: Sneasler\n|move|p1b: Archaludon|Draco Meteor|p2b: Basculegion\n|-damage|p2b: Basculegion|28/100\n|-unboost|p1b: Archaludon|spa|2\n|\n|-heal|p1b: Archaludon|13/100|[from] item: Leftovers\n|upkeep\n|\n|t:|1776123084\n|switch|p1a: Kangaskhan|Kangaskhan, L50, F|100/100\n|switch|p2a: Kingambit|Kingambit, L50, M|100/100\n|turn|5\n|inactive|animeuma has 30 seconds left.\n|\n|t:|1776123116\n|detailschange|p1a: Kangaskhan|Kangaskhan-Mega, L50, F\n|-mega|p1a: Kangaskhan|Kangaskhan|Kangaskhanite\n|move|p2b: Basculegion|Last Respects|p1b: Archaludon\n|-crit|p1b: Archaludon\n|-damage|p1b: Archaludon|0 fnt\n|faint|p1b: Archaludon\n|move|p1a: Kangaskhan|Drain Punch|p2a: Kingambit\n|-supereffective|p2a: Kingambit|2\n|-damage|p2a: Kingambit|9/100\n|-supereffective|p2a: Kingambit|2\n|-damage|p2a: Kingambit|0 fnt\n|faint|p2a: Kingambit\n|-hitcount|p2: Kingambit|2\n|\n|upkeep\n|-message|Ender198 forfeited.\n|\n|t:|1776123125\n|switch|p1b: Sinistcha|Sinistcha, L50|100/100\n|turn|6\n|\n|win|animeuma\n|raw|animeuma's rating: 1313 &rarr; <strong>1335</strong><br />(+22 for winning)\n|raw|Ender198's rating: 1346 &rarr; <strong>1324</strong><br />(-22 for losing)\n|l|\u2606Ender198\n|player|p2|\n|l|\u2606animeuma\n|player|p1|\n",
  "uploadtime": 1776123249,
  "views": 24,
  "formatid": "gen9championsvgc2026regma",
  "rating": 1324,
  "private": 0,
  "password": null
}