{
  "id": "gen9championsvgc2026regma-2580732538",
  "format": "[Gen 9 Champions] VGC 2026 Reg M-A",
  "players": [
    "bwenderman",
    "ndfgyaetqw"
  ],
  "log": "|j|\u2606bwenderman\n|j|\u2606ndfgyaetqw\n|t:|1775927981\n|gametype|doubles\n|player|p1|bwenderman|pokemaniac|1009\n|player|p2|ndfgyaetqw|1|1054\n|gen|9\n|tier|[Gen 9 Champions] VGC 2026 Reg M-A\n|rated|\n|rule|Species Clause: Limit one of each Pok\u00e9mon\n|rule|Item Clause: Limit 1 of each item\n|clearpoke\n|poke|p1|Feraligatr, L50, F|\n|poke|p1|Meganium, L50, M|\n|poke|p1|Politoed, L50, F|\n|poke|p1|Incineroar, L50, M|\n|poke|p1|Whimsicott, L50, F|\n|poke|p1|Archaludon, L50, M|\n|poke|p2|Chandelure, L50, M|\n|poke|p2|Torterra, L50, M|\n|poke|p2|Scizor, L50, F|\n|poke|p2|Farigiraf, L50, M|\n|poke|p2|Mimikyu, L50, F|\n|poke|p2|Torkoal, L50, F|\n|teampreview|4\n|inactive|Battle timer is ON: inactive players will automatically lose when time's up. (requested by ndfgyaetqw)\n|inactive|bwenderman has 60 seconds left.\n|\n|t:|1775928016\n|teamsize|p1|4\n|teamsize|p2|4\n|start\n|switch|p1a: Whimsicott|Whimsicott, L50, F|100/100\n|switch|p1b: Danner|Feraligatr, L50, F|100/100\n|switch|p2a: Girara|Farigiraf, L50, M|100/100\n|switch|p2b: Zozor|Scizor, L50, F|100/100\n|turn|1\n|\n|t:|1775928031\n|detailschange|p1b: Danner|Feraligatr-Mega, L50, F\n|-mega|p1b: Danner|Feraligatr|Feraligite\n|detailschange|p2b: Zozor|Scizor-Mega, L50, F\n|-mega|p2b: Zozor|Scizor|Scizorite\n|move|p1a: Whimsicott|Tailwind|p1a: Whimsicott\n|-sidestart|p1: bwenderman|move: Tailwind\n|move|p1b: Danner|Crunch|p2a: Girara\n|-supereffective|p2a: Girara|1\n|-damage|p2a: Girara|37/100\n|-enditem|p2a: Girara|Sitrus Berry|[eat]\n|-heal|p2a: Girara|62/100|[from] item: Sitrus Berry\n|move|p2b: Zozor|Swords Dance|p2b: Zozor\n|-boost|p2b: Zozor|atk|2\n|move|p2a: Girara|Trick Room|p2a: Girara\n|-fieldstart|move: Trick Room|[of] p2a: Girara\n|\n|upkeep\n|turn|2\n|\n|t:|1775928055\n|move|p2b: Zozor|Bullet Punch|p1a: Whimsicott\n|-supereffective|p1a: Whimsicott|1\n|-damage|p1a: Whimsicott|0 fnt\n|faint|p1a: Whimsicott\n|move|p2a: Girara|Hyper Voice|p1b: Danner\n|-damage|p1b: Danner|51/100\n|move|p1b: Danner|Crunch|p2a: Girara\n|-supereffective|p2a: Girara|1\n|-damage|p2a: Girara|0 fnt\n|faint|p2a: Girara\n|\n|upkeep\n|\n|t:|1775928062\n|switch|p2a: Koalal|Torkoal, L50, F|100/100\n|switch|p1a: Politoed|Politoed, L50, F|100/100\n|-weather|SunnyDay|[from] ability: Drought|[of] p2a: Koalal\n|-weather|RainDance|[from] ability: Drizzle|[of] p1a: Politoed\n|turn|3\n|inactive|ndfgyaetqw has 30 seconds left.\n|\n|t:|1775928089\n|switch|p2a: Kyuyu|Mimikyu, L50, F|100/100\n|move|p2b: Zozor|U-turn|p1a: Politoed\n|-damage|p1a: Politoed|13/100\n|\n|t:|1775928093\n|switch|p2b: Koalal|Torkoal, L50, F|100/100|[from] U-turn\n|-weather|SunnyDay|[from] ability: Drought|[of] p2b: Koalal\n|move|p1a: Politoed|Hydro Pump|p2a: Kyuyu|[miss]\n|-miss|p1a: Politoed|p2a: Kyuyu\n|move|p1b: Danner|Crunch|p2a: Kyuyu\n|-activate|p2a: Kyuyu|ability: Disguise\n|-damage|p2a: Kyuyu|100/100\n|detailschange|p2a: Kyuyu|Mimikyu-Busted, L50, F\n|-damage|p2a: Kyuyu|88/100|[from] pokemon: Mimikyu-Busted\n|\n|-weather|SunnyDay|[upkeep]\n|-heal|p1a: Politoed|19/100|[from] item: Leftovers\n|upkeep\n|turn|4\n|\n|t:|1775928107\n|switch|p1a: Polar|Archaludon, L50, M|100/100\n|move|p2b: Koalal|Eruption|p1b: Danner|[spread] p1a,p1b\n|-resisted|p1b: Danner|2\n|-damage|p1a: Polar|0 fnt\n|-damage|p1b: Danner|28/100\n|faint|p1a: Polar\n|move|p2a: Kyuyu|Play Rough|p1b: Danner\n|-supereffective|p1b: Danner|1\n|-damage|p1b: Danner|0 fnt\n|faint|p1b: Danner\n|\n|-weather|SunnyDay|[upkeep]\n|-sideend|p1: bwenderman|move: Tailwind\n|upkeep\n|\n|t:|1775928113\n|switch|p1b: Politoed|Politoed, L50, F|19/100\n|-weather|RainDance|[from] ability: Drizzle|[of] p1b: Politoed\n|turn|5\n|\n|t:|1775928120\n|move|p1b: Politoed|Protect|p1b: Politoed\n|-singleturn|p1b: Politoed|Protect\n|move|p2b: Koalal|Eruption|p1b: Politoed\n|-activate|p1b: Politoed|move: Protect\n|move|p2a: Kyuyu|Play Rough|p1b: Politoed\n|-activate|p1b: Politoed|move: Protect\n|\n|-weather|RainDance|[upkeep]\n|-heal|p1b: Politoed|25/100|[from] item: Leftovers\n|-fieldend|move: Trick Room\n|upkeep\n|turn|6\n|\n|t:|1775928132\n|move|p1b: Politoed|Protect||[still]\n|-fail|p1b: Politoed\n|move|p2a: Kyuyu|Shadow Claw|p1b: Politoed\n|-crit|p1b: Politoed\n|-damage|p1b: Politoed|0 fnt\n|faint|p1b: Politoed\n|\n|win|ndfgyaetqw\n|raw|bwenderman's rating: 1009 &rarr; <strong>1000</strong><br />(-9 for losing)\n|raw|ndfgyaetqw's rating: 1054 &rarr; <strong>1082</strong><br />(+28 for winning)\n|l|\u2606bwenderman\n|player|p1|\n",
  "uploadtime": 1775928178,
  "views": 21,
  "formatid": "gen9championsvgc2026regma",
  "rating": 1000,
  "private": 0,
  "password": null
}