{
  "id": "gen9championsvgc2026regma-2582646799",
  "format": "[Gen 9 Champions] VGC 2026 Reg M-A",
  "players": [
    "Woop1884",
    "sick_fox491"
  ],
  "log": "|j|\u2606Woop1884\n|j|\u2606sick_fox491\n|t:|1776104731\n|gametype|doubles\n|player|p1|Woop1884|1|1023\n|player|p2|sick_fox491|265|1026\n|gen|9\n|tier|[Gen 9 Champions] VGC 2026 Reg M-A\n|rated|\n|rule|Species Clause: Limit one of each Pok\u00e9mon\n|rule|Item Clause: Limit 1 of each item\n|clearpoke\n|poke|p1|Arcanine, L50, F|\n|poke|p1|Dragonite, L50, M|\n|poke|p1|Clefable, L50, M|\n|poke|p1|Archaludon, L50, F|\n|poke|p1|Politoed, L50, F|\n|poke|p1|Kangaskhan, L50, F|\n|poke|p2|Beedrill, L50, F|\n|poke|p2|Primarina, L50, M|\n|poke|p2|Aerodactyl, L50, F|\n|poke|p2|Sinistcha, L50|\n|poke|p2|Incineroar, L50, M|\n|poke|p2|Golurk, L50|\n|teampreview|4\nsick_fox491 rejected open team sheets.\n|\n|t:|1776104789\n|teamsize|p1|4\n|teamsize|p2|4\n|start\n|switch|p1a: Kangaskhan|Kangaskhan, L50, F|100/100\n|switch|p1b: Arcanine|Arcanine, L50, F|100/100\n|switch|p2a: Incineroar|Incineroar, L50, M|100/100\n|switch|p2b: Sinistcha|Sinistcha, L50|100/100\n|-ability|p1b: Arcanine|Intimidate|boost\n|-unboost|p2a: Incineroar|atk|1\n|-unboost|p2b: Sinistcha|atk|1\n|-ability|p2a: Incineroar|Intimidate|boost\n|-fail|p1a: Kangaskhan|unboost|Attack|[from] ability: Scrappy|[of] p1a: Kangaskhan\n|-unboost|p1b: Arcanine|atk|1\n|turn|1\n|\n|t:|1776104842\n|move|p1a: Kangaskhan|Fake Out|p2b: Sinistcha\n|-damage|p2b: Sinistcha|85/100\n|move|p2a: Incineroar|Fake Out|p1b: Arcanine\n|-damage|p1b: Arcanine|91/100\n|cant|p1b: Arcanine|flinch\n|cant|p2b: Sinistcha|flinch\n|\n|upkeep\n|turn|2\n|\n|t:|1776104889\n|switch|p2b: Primarina|Primarina, L50, M|100/100\n|detailschange|p1a: Kangaskhan|Kangaskhan-Mega, L50, F\n|-mega|p1a: Kangaskhan|Kangaskhan|Kangaskhanite\n|move|p1b: Arcanine|Howl|p1b: Arcanine|[spread] p1a,p1b\n|-boost|p1a: Kangaskhan|atk|1\n|-boost|p1b: Arcanine|atk|1\n|move|p1a: Kangaskhan|Body Slam|p2a: Incineroar\n|-damage|p2a: Incineroar|48/100\n|-damage|p2a: Incineroar|34/100\n|-hitcount|p2a: Incineroar|2\n|move|p2a: Incineroar|Parting Shot|p1a: Kangaskhan\n|-unboost|p1a: Kangaskhan|atk|1\n|-unboost|p1a: Kangaskhan|spa|1\n|\n|t:|1776104901\n|switch|p2a: Sinistcha|Sinistcha, L50|85/100|[from] Parting Shot\n|\n|upkeep\n|turn|3\n|\n|t:|1776104942\n|move|p1b: Arcanine|Flare Blitz|p2a: Sinistcha\n|-supereffective|p2a: Sinistcha|1\n|-damage|p2a: Sinistcha|0 fnt\n|faint|p2a: Sinistcha\n|-damage|p1b: Arcanine|66/100|[from] Recoil\n|move|p1a: Kangaskhan|Body Slam|p2b: Primarina\n|-damage|p2b: Primarina|45/100\n|-status|p2b: Primarina|par\n|-enditem|p2b: Primarina|Sitrus Berry|[eat]\n|-heal|p2b: Primarina|70/100 par|[from] item: Sitrus Berry\n|-damage|p2b: Primarina|58/100 par\n|-hitcount|p2b: Primarina|2\n|move|p2b: Primarina|Hyper Voice|p1b: Arcanine|[spread] p1a,p1b\n|-supereffective|p1b: Arcanine|1\n|-enditem|p1b: Arcanine|Passho Berry|[eat]\n|-enditem|p1b: Arcanine|Passho Berry|[weaken]\n|-damage|p1a: Kangaskhan|62/100\n|-damage|p1b: Arcanine|26/100\n|\n|upkeep\n|\n|t:|1776104957\n|switch|p2a: Incineroar|Incineroar, L50, M|34/100\n|-ability|p2a: Incineroar|Intimidate|boost\n|-unboost|p1a: Kangaskhan|atk|1\n|-unboost|p1b: Arcanine|atk|1\n|turn|4\n|\n|t:|1776104989\n|switch|p1a: Clefable|Clefable, L50, M|100/100\n|move|p2a: Incineroar|Fake Out|p1a: Clefable\n|-damage|p1a: Clefable|92/100\n|move|p1b: Arcanine|Snarl|p2b: Primarina|[spread] p2a,p2b\n|-resisted|p2a: Incineroar|1\n|-resisted|p2b: Primarina|1\n|-damage|p2a: Incineroar|31/100\n|-damage|p2b: Primarina|55/100 par\n|-unboost|p2a: Incineroar|spa|1\n|-unboost|p2b: Primarina|spa|1\n|move|p2b: Primarina|Hyper Voice|p1a: Clefable|[spread] p1a,p1b\n|-supereffective|p1b: Arcanine|1\n|-damage|p1a: Clefable|56/100\n|-damage|p1b: Arcanine|0 fnt\n|faint|p1b: Arcanine\n|\n|-heal|p1a: Clefable|62/100|[from] item: Leftovers\n|upkeep\n|\n|t:|1776105008\n|switch|p1b: Kangaskhan|Kangaskhan-Mega, L50, F|62/100\n|turn|5\n|\n|t:|1776105069\n|switch|p2b: Golurk|Golurk, L50, shiny|100/100\n|move|p1b: Kangaskhan|Body Slam|p2b: Golurk\n|-immune|p2b: Golurk\n|move|p2a: Incineroar|Flare Blitz|p1b: Kangaskhan\n|-damage|p1b: Kangaskhan|13/100\n|-damage|p2a: Incineroar|16/100|[from] Recoil\n|move|p1a: Clefable|Moonblast|p2a: Incineroar\n|-damage|p2a: Incineroar|0 fnt\n|faint|p2a: Incineroar\n|\n|-heal|p1a: Clefable|68/100|[from] item: Leftovers\n|upkeep\n|\n|t:|1776105078\n|switch|p2a: Primarina|Primarina, L50, M|55/100 par\n|turn|6\n|\n|t:|1776105114\n|detailschange|p2b: Golurk|Golurk-Mega, L50, shiny\n|-mega|p2b: Golurk|Golurk|Golurkite\n|move|p2a: Primarina|Protect|p2a: Primarina\n|-singleturn|p2a: Primarina|Protect\n|move|p1b: Kangaskhan|Sucker Punch|p2b: Golurk\n|-supereffective|p2b: Golurk|1\n|-damage|p2b: Golurk|57/100\n|-supereffective|p2b: Golurk|1\n|-damage|p2b: Golurk|46/100\n|-hitcount|p2b: Golurk|2\n|move|p1a: Clefable|Moonblast|p2b: Golurk\n|-damage|p2b: Golurk|17/100\n|move|p2b: Golurk|Ice Punch|p1b: Kangaskhan\n|-damage|p1b: Kangaskhan|0 fnt\n|faint|p1b: Kangaskhan\n|\n|-heal|p1a: Clefable|74/100|[from] item: Leftovers\n|upkeep\n|\n|t:|1776105129\n|switch|p1b: Dragonite|Dragonite, L50, M|100/100\n|turn|7\n|\n|t:|1776105162\n|move|p1a: Clefable|Follow Me|p1a: Clefable\n|-singleturn|p1a: Clefable|move: Follow Me\n|move|p1b: Dragonite|Scale Shot|p2b: Golurk\n|-damage|p2b: Golurk|6/100\n|-damage|p2b: Golurk|0 fnt\n|faint|p2b: Golurk\n|-hitcount|p2: Golurk|2\n|-unboost|p1b: Dragonite|def|1\n|-boost|p1b: Dragonite|spe|1\n|-enditem|p1b: Dragonite|White Herb\n|-clearnegativeboost|p1b: Dragonite|[silent]\n|move|p2a: Primarina|Dazzling Gleam|p1b: Dragonite|[spread] p1a,p1b\n|-supereffective|p1b: Dragonite|1\n|-damage|p1a: Clefable|42/100\n|-damage|p1b: Dragonite|65/100\n|\n|-heal|p1a: Clefable|48/100|[from] item: Leftovers\n|upkeep\n|turn|8\n|\n|t:|1776105188\n|move|p1b: Dragonite|Extreme Speed|p2a: Primarina\n|-damage|p2a: Primarina|23/100 par\n|move|p1a: Clefable|Moonblast|p2a: Primarina\n|-damage|p2a: Primarina|0 fnt\n|faint|p2a: Primarina\n|\n|win|Woop1884\n|raw|Woop1884's rating: 1023 &rarr; <strong>1060</strong><br />(+37 for winning)\n|raw|sick_fox491's rating: 1026 &rarr; <strong>1012</strong><br />(-14 for losing)\n|l|\u2606sick_fox491\n|player|p2|\n",
  "uploadtime": 1776107513,
  "views": 17,
  "formatid": "gen9championsvgc2026regma",
  "rating": 1012,
  "private": 0,
  "password": null
}