{
  "id": "gen9championsvgc2026regma-2587348043",
  "format": "[Gen 9 Champions] VGC 2026 Reg M-A",
  "players": [
    "M2P Mikey",
    "Alievew"
  ],
  "log": "|j|\u2606M2P Mikey\n|j|\u2606Alievew\n|t:|1776524189\n|gametype|doubles\n|player|p1|M2P Mikey|scientist|1190\n|player|p2|Alievew|riley|1295\n|gen|9\n|tier|[Gen 9 Champions] VGC 2026 Reg M-A\n|rated|\n|rule|Species Clause: Limit one of each Pok\u00e9mon\n|rule|Item Clause: Limit 1 of each item\n|clearpoke\n|poke|p1|Pelipper, L50, F|\n|poke|p1|Dragonite, L50, M|\n|poke|p1|Aggron, L50, M|\n|poke|p1|Garchomp, L50, M|\n|poke|p1|Incineroar, L50, M|\n|poke|p1|Sinistcha, L50|\n|poke|p2|Pelipper, L50, F|\n|poke|p2|Rotom-Heat, L50|\n|poke|p2|Sinistcha-Masterpiece, L50|\n|poke|p2|Archaludon, L50, M|\n|poke|p2|Meganium, L50, F|\n|poke|p2|Basculegion, L50, M|\n|teampreview|4\n|inactive|Battle timer is ON: inactive players will automatically lose when time's up. (requested by Alievew)\n|inactive|M2P Mikey has 60 seconds left.\n|\n|t:|1776524234\n|teamsize|p1|4\n|teamsize|p2|4\n|start\n|switch|p1a: Garchomp|Garchomp, L50, M|100/100\n|switch|p1b: Incineroar|Incineroar, L50, M|100/100\n|switch|p2a: Meganium|Meganium, L50, F|100/100\n|switch|p2b: Rotom|Rotom-Heat, L50|100/100\n|-ability|p1b: Incineroar|Intimidate|boost\n|-unboost|p2a: Meganium|atk|1\n|-unboost|p2b: Rotom|atk|1\n|turn|1\n|\n|t:|1776524251\n|detailschange|p2a: Meganium|Meganium-Mega, L50, F\n|-mega|p2a: Meganium|Meganium|Meganiumite\n|move|p1b: Incineroar|Fake Out|p2a: Meganium\n|-damage|p2a: Meganium|90/100\n|move|p1a: Garchomp|Dragon Claw|p2a: Meganium\n|-immune|p2a: Meganium\n|move|p2b: Rotom|Volt Switch|p1b: Incineroar\n|-crit|p1b: Incineroar\n|-damage|p1b: Incineroar|65/100\n|\n|t:|1776524256\n|switch|p2b: Basculegion|Basculegion, L50, M|100/100|[from] Volt Switch\n|cant|p2a: Meganium|flinch\n|\n|upkeep\n|turn|2\n|\n|t:|1776524274\n|switch|p1a: Pelipper|Pelipper, L50, F|100/100\n|-weather|RainDance|[from] ability: Drizzle|[of] p1a: Pelipper\n|move|p2b: Basculegion|Flip Turn|p1b: Incineroar\n|-supereffective|p1b: Incineroar|1\n|-enditem|p1b: Incineroar|Passho Berry|[eat]\n|-enditem|p1b: Incineroar|Passho Berry|[weaken]\n|-damage|p1b: Incineroar|10/100\n|\n|t:|1776524282\n|switch|p2b: Rotom|Rotom-Heat, L50|100/100|[from] Flip Turn\n|move|p2a: Meganium|Dazzling Gleam|p1a: Pelipper|[spread] p1a,p1b\n|-damage|p1a: Pelipper|58/100\n|-damage|p1b: Incineroar|0 fnt\n|faint|p1b: Incineroar\n|\n|-weather|RainDance|[upkeep]\n|upkeep\n|\n|t:|1776524289\n|switch|p1b: Dragonite|Dragonite, L50, M|100/100\n|turn|3\n|\n|t:|1776524301\n|detailschange|p1b: Dragonite|Dragonite-Mega, L50, M\n|-mega|p1b: Dragonite|Dragonite|Dragoninite\n|move|p2a: Meganium|Protect|p2a: Meganium\n|-singleturn|p2a: Meganium|Protect\n|move|p1b: Dragonite|Hurricane|p2a: Meganium\n|-activate|p2a: Meganium|move: Protect\n|move|p2b: Rotom|Electroweb|p1b: Dragonite|[spread] p1a,p1b\n|-supereffective|p1a: Pelipper|2\n|-damage|p1a: Pelipper|0 fnt\n|-damage|p1b: Dragonite|94/100\n|-unboost|p1b: Dragonite|spe|1\n|faint|p1a: Pelipper\n|\n|-weather|RainDance|[upkeep]\n|upkeep\n|\n|t:|1776524307\n|switch|p1a: Garchomp|Garchomp, L50, M|100/100\n|turn|4\n|c|\u2606M2P Mikey|gg\n|\n|t:|1776524329\n|switch|p2a: Pelipper|Pelipper, L50, F|100/100\n|move|p1a: Garchomp|Rock Slide|p2b: Rotom|[spread] p2a,p2b\n|-supereffective|p2a: Pelipper|1\n|-supereffective|p2b: Rotom|1\n|-damage|p2a: Pelipper|59/100\n|-damage|p2b: Rotom|51/100\n|move|p2b: Rotom|Electroweb|p1b: Dragonite|[spread] p1b\n|-immune|p1a: Garchomp\n|-damage|p1b: Dragonite|81/100\n|-unboost|p1b: Dragonite|spe|1\n|move|p1b: Dragonite|Hurricane|p2a: Pelipper\n|-damage|p2a: Pelipper|0 fnt\n|faint|p2a: Pelipper\n|\n|-weather|RainDance|[upkeep]\n|upkeep\n|\n|t:|1776524343\n|switch|p2a: Meganium|Meganium-Mega, L50, F|90/100\n|turn|5\n|\n|t:|1776524349\n|move|p1a: Garchomp|Rock Slide|p2b: Rotom|[spread] p2a,p2b\n|-supereffective|p2b: Rotom|1\n|-damage|p2a: Meganium|71/100\n|-damage|p2b: Rotom|2/100\n|move|p2b: Rotom|Volt Switch|p1b: Dragonite\n|-damage|p1b: Dragonite|58/100\n|\n|t:|1776524355\n|switch|p2b: Basculegion|Basculegion, L50, M|100/100|[from] Volt Switch\n|cant|p2a: Meganium|flinch\n|move|p1b: Dragonite|Hurricane|p2a: Meganium\n|-supereffective|p2a: Meganium|1\n|-damage|p2a: Meganium|0 fnt\n|faint|p2a: Meganium\n|\n|-weather|RainDance|[upkeep]\n|upkeep\n|inactive|Alievew has 30 seconds left.\n|c|\u2606Alievew|Lucky flinch god damn\n|c|\u2606Alievew|Gg\n|c|\u2606M2P Mikey|^^\n|inactive|Alievew has 20 seconds left.\n|\n|t:|1776524391\n|switch|p2a: Rotom|Rotom-Heat, L50|2/100\n|turn|6\n|\n|t:|1776524397\n|move|p1a: Garchomp|Rock Slide|p2a: Rotom|[spread] p2a,p2b\n|-supereffective|p2a: Rotom|1\n|-damage|p2a: Rotom|0 fnt\n|-damage|p2b: Basculegion|73/100\n|faint|p2a: Rotom\n|move|p2b: Basculegion|Wave Crash|p1a: Garchomp\n|-damage|p1a: Garchomp|0 fnt\n|-damage|p2b: Basculegion|61/100|[from] ability: Rough Skin|[of] p1a: Garchomp\n|faint|p1a: Garchomp\n|-damage|p2b: Basculegion|29/100|[from] Recoil\n|move|p1b: Dragonite|Thunder|p2b: Basculegion\n|-supereffective|p2b: Basculegion|1\n|-damage|p2b: Basculegion|0 fnt\n|faint|p2b: Basculegion\n|\n|win|M2P Mikey\n|raw|M2P Mikey's rating: 1190 &rarr; <strong>1222</strong><br />(+32 for winning)\n|raw|Alievew's rating: 1295 &rarr; <strong>1263</strong><br />(-32 for losing)\n|l|\u2606Alievew\n|player|p2|\n",
  "uploadtime": 1776524418,
  "views": 18,
  "formatid": "gen9championsvgc2026regma",
  "rating": 1222,
  "private": 0,
  "password": null
}