{
  "id": "gen9championsvgc2026regma-2582327183",
  "format": "[Gen 9 Champions] VGC 2026 Reg M-A",
  "players": [
    "Braute",
    "coummmfpk"
  ],
  "log": "|j|\u2606Braute\n|j|\u2606coummmfpk\n|t:|1776083650\n|gametype|doubles\n|player|p1|Braute|miku-fire|1321\n|player|p2|coummmfpk|flannery|1329\n|gen|9\n|tier|[Gen 9 Champions] VGC 2026 Reg M-A\n|rated|\n|rule|Species Clause: Limit one of each Pok\u00e9mon\n|rule|Item Clause: Limit 1 of each item\n|clearpoke\n|poke|p1|Beedrill, L50, M|\n|poke|p1|Incineroar, L50, M|\n|poke|p1|Talonflame, L50, F|\n|poke|p1|Kingambit, L50, M|\n|poke|p1|Tyranitar, L50, M|\n|poke|p1|Excadrill, L50, M|\n|poke|p2|Volcarona, L50, M|\n|poke|p2|Lucario, L50, M|\n|poke|p2|Tyranitar, L50, F|\n|poke|p2|Rotom-Wash, L50|\n|poke|p2|Sinistcha, L50|\n|poke|p2|Aerodactyl, L50, M|\n|teampreview|4\n|inactive|Battle timer is ON: inactive players will automatically lose when time's up. (requested by Braute)\n|inactive|coummmfpk has 60 seconds left.\n|\n|t:|1776083691\n|teamsize|p1|4\n|teamsize|p2|4\n|start\n|switch|p1a: Talonflame|Talonflame, L50, F|100/100\n|switch|p1b: Beedrill|Beedrill, L50, M, shiny|100/100\n|switch|p2a: Aerodactyl|Aerodactyl, L50, M|100/100\n|switch|p2b: Lucario|Lucario, L50, M|100/100\n|-ability|p2a: Aerodactyl|Unnerve\n|turn|1\n|j| Junglebolt\n|l| Junglebolt\n|inactive|Braute has 30 seconds left.\n|inactive|coummmfpk has 30 seconds left.\n|\n|t:|1776083722\n|detailschange|p1b: Beedrill|Beedrill-Mega, L50, M, shiny\n|-mega|p1b: Beedrill|Beedrill|Beedrillite\n|move|p2b: Lucario|Protect|p2b: Lucario\n|-singleturn|p2b: Lucario|Protect\n|move|p1a: Talonflame|Tailwind|p1a: Talonflame\n|-sidestart|p1: Braute|move: Tailwind\n|move|p1b: Beedrill|U-turn|p2a: Aerodactyl\n|-resisted|p2a: Aerodactyl|1\n|-damage|p2a: Aerodactyl|52/100\n|\n|t:|1776083732\n|switch|p1b: Incineroar|Incineroar, L50, M, shiny|100/100|[from] U-turn\n|-ability|p1b: Incineroar|Intimidate|boost\n|-unboost|p2a: Aerodactyl|atk|1\n|-fail|p2b: Lucario|unboost|Attack|[from] ability: Inner Focus|[of] p2b: Lucario\n|move|p2a: Aerodactyl|Tailwind|p2a: Aerodactyl\n|-sidestart|p2: coummmfpk|move: Tailwind\n|\n|upkeep\n|turn|2\n|\n|t:|1776083755\n|switch|p2b: Rotom|Rotom-Wash, L50|100/100\n|move|p1b: Incineroar|Fake Out|p2a: Aerodactyl\n|-resisted|p2a: Aerodactyl|1\n|-damage|p2a: Aerodactyl|43/100\n|cant|p2a: Aerodactyl|flinch\n|move|p1a: Talonflame|Flare Blitz|p2b: Rotom\n|-resisted|p2b: Rotom|1\n|-damage|p2b: Rotom|69/100\n|-damage|p1a: Talonflame|92/100|[from] Recoil\n|\n|upkeep\n|turn|3\n|inactive|coummmfpk has 30 seconds left.\n|inactive|coummmfpk has 20 seconds left.\n|inactive|coummmfpk has 15 seconds left.\n|\n|t:|1776083796\n|move|p1a: Talonflame|Protect|p1a: Talonflame\n|-singleturn|p1a: Talonflame|Protect\n|move|p2b: Rotom|Volt Switch|p1a: Talonflame\n|-activate|p1a: Talonflame|move: Protect\n|move|p2a: Aerodactyl|Dual Wingbeat|p1b: Incineroar|[miss]\n|-miss|p2a: Aerodactyl|p1b: Incineroar\n|move|p1b: Incineroar|Darkest Lariat|p2a: Aerodactyl\n|-damage|p2a: Aerodactyl|0 fnt\n|faint|p2a: Aerodactyl\n|\n|upkeep\n|\n|t:|1776083804\n|switch|p2a: Lucario|Lucario, L50, M|100/100\n|turn|4\n|\n|t:|1776083814\n|detailschange|p2a: Lucario|Lucario-Mega, L50, M\n|-mega|p2a: Lucario|Lucario|Lucarionite\n|move|p2b: Rotom|Volt Switch|p1a: Talonflame\n|-supereffective|p1a: Talonflame|1\n|-damage|p1a: Talonflame|0 fnt\n|faint|p1a: Talonflame\n|\n|t:|1776083823\n|switch|p2b: Volcarona|Volcarona, L50, M|100/100|[from] Volt Switch\n|move|p2a: Lucario|Close Combat|p1b: Incineroar\n|-supereffective|p1b: Incineroar|1\n|-damage|p1b: Incineroar|0 fnt\n|-unboost|p2a: Lucario|def|1\n|-unboost|p2a: Lucario|spd|1\n|faint|p1b: Incineroar\n|\n|-sideend|p1: Braute|move: Tailwind\n|-sideend|p2: coummmfpk|move: Tailwind\n|upkeep\n|\n|t:|1776083828\n|switch|p1a: Beedrill|Beedrill-Mega, L50, M, shiny|100/100\n|switch|p1b: Kingambit|Kingambit, L50, M, shiny|100/100\n|turn|5\n|\n|t:|1776083847\n|move|p2a: Lucario|Protect|p2a: Lucario\n|-singleturn|p2a: Lucario|Protect\n|move|p1b: Kingambit|Protect|p1b: Kingambit\n|-singleturn|p1b: Kingambit|Protect\n|move|p1a: Beedrill|Poison Jab|p2b: Volcarona\n|-damage|p2b: Volcarona|14/100\n|-status|p2b: Volcarona|psn\n|-status|p1a: Beedrill|brn|[from] ability: Flame Body|[of] p2b: Volcarona\n|move|p2b: Volcarona|Heat Wave|p1a: Beedrill|[spread] p1a\n|-activate|p1b: Kingambit|move: Protect\n|-supereffective|p1a: Beedrill|1\n|-damage|p1a: Beedrill|0 fnt\n|faint|p1a: Beedrill\n|\n|-heal|p2b: Volcarona|20/100 psn|[from] item: Leftovers\n|-damage|p2b: Volcarona|8/100 psn|[from] psn\n|upkeep\n|turn|6\n|\n|t:|1776083861\n|move|p2a: Lucario|Close Combat|p1b: Kingambit\n|-supereffective|p1b: Kingambit|2\n|-damage|p1b: Kingambit|0 fnt\n|-unboost|p2a: Lucario|def|1\n|-unboost|p2a: Lucario|spd|1\n|faint|p1b: Kingambit\n|\n|win|coummmfpk\n|raw|Braute's rating: 1321 &rarr; <strong>1301</strong><br />(-20 for losing)\n|raw|coummmfpk's rating: 1329 &rarr; <strong>1349</strong><br />(+20 for winning)\n",
  "uploadtime": 1776083862,
  "views": 44,
  "formatid": "gen9championsvgc2026regma",
  "rating": 1301,
  "private": 0,
  "password": null
}