{
  "id": "gen9championsvgc2026regma-2583731057",
  "format": "[Gen 9 Champions] VGC 2026 Reg M-A",
  "players": [
    "bo1scammer",
    "takethephilpill"
  ],
  "log": "|j|\u2606bo1scammer\n|j|\u2606takethephilpill\n|t:|1776193840\n|gametype|doubles\n|player|p1|bo1scammer|170|1051\n|player|p2|takethephilpill|#ptplviistarmies|1007\n|gen|9\n|tier|[Gen 9 Champions] VGC 2026 Reg M-A\n|rated|\n|rule|Species Clause: Limit one of each Pok\u00e9mon\n|rule|Item Clause: Limit 1 of each item\n|clearpoke\n|poke|p1|Incineroar, L50, F|\n|poke|p1|Floette-Eternal, L50, F|\n|poke|p1|Sneasler, L50, M|\n|poke|p1|Aerodactyl, L50, M|\n|poke|p1|Garchomp, L50, F|\n|poke|p1|Sinistcha, L50|\n|poke|p2|Charizard, L50, F|\n|poke|p2|Venusaur, L50, M|\n|poke|p2|Victreebel, L50, M|\n|poke|p2|Aegislash, L50, F|\n|poke|p2|Emboar, L50, F|\n|poke|p2|Aerodactyl, L50, F|\n|teampreview|4\n|inactive|Battle timer is ON: inactive players will automatically lose when time's up. (requested by takethephilpill)\n|inactive|bo1scammer has 60 seconds left.\n|\n|t:|1776193883\n|teamsize|p1|4\n|teamsize|p2|4\n|start\n|switch|p1a: Aerodactyl|Aerodactyl, L50, M|100/100\n|switch|p1b: Incineroar|Incineroar, L50, F|100/100\n|switch|p2a: Aerodactyl|Aerodactyl, L50, F|100/100\n|switch|p2b: Venusaur|Venusaur, L50, M|100/100\n|-ability|p2a: Aerodactyl|Unnerve\n|-ability|p1a: Aerodactyl|Unnerve\n|-ability|p1b: Incineroar|Intimidate|boost\n|-unboost|p2a: Aerodactyl|atk|1\n|-unboost|p2b: Venusaur|atk|1\n|turn|1\n|\n|t:|1776193901\n|move|p1b: Incineroar|Fake Out|p2a: Aerodactyl\n|-resisted|p2a: Aerodactyl|1\n|-damage|p2a: Aerodactyl|93/100\n|cant|p2a: Aerodactyl|flinch\n|move|p1a: Aerodactyl|Tailwind|p1a: Aerodactyl\n|-sidestart|p1: bo1scammer|move: Tailwind\n|move|p2b: Venusaur|Sleep Powder|p1a: Aerodactyl|[miss]\n|-miss|p2b: Venusaur|p1a: Aerodactyl\n|\n|upkeep\n|turn|2\n|\n|t:|1776193926\n|move|p1a: Aerodactyl|Rock Slide|p2b: Venusaur|[spread] p2a\n|-miss|p1a: Aerodactyl|p2b: Venusaur\n|-supereffective|p2a: Aerodactyl|1\n|-damage|p2a: Aerodactyl|5/100\n|move|p1b: Incineroar|Throat Chop|p2a: Aerodactyl\n|-damage|p2a: Aerodactyl|0 fnt\n|faint|p2a: Aerodactyl\n|move|p2b: Venusaur|Sleep Powder|p1b: Incineroar\n|-status|p1b: Incineroar|slp|[from] move: Sleep Powder\n|\n|upkeep\n|\n|t:|1776193935\n|switch|p2a: Charizard|Charizard, L50, F|100/100\n|turn|3\n|\n|t:|1776193948\n|detailschange|p2a: Charizard|Charizard-Mega-Y, L50, F\n|-mega|p2a: Charizard|Charizard|Charizardite Y\n|-weather|SunnyDay|[from] ability: Drought|[of] p2a: Charizard\n|move|p2a: Charizard|Protect|p2a: Charizard\n|-singleturn|p2a: Charizard|Protect\n|move|p1a: Aerodactyl|Dual Wingbeat|p2b: Venusaur\n|-supereffective|p2b: Venusaur|1\n|-damage|p2b: Venusaur|55/100\n|-supereffective|p2b: Venusaur|1\n|-damage|p2b: Venusaur|9/100\n|-hitcount|p2b: Venusaur|2\n|move|p2b: Venusaur|Power Whip|p1a: Aerodactyl\n|-damage|p1a: Aerodactyl|54/100\n|cant|p1b: Incineroar|slp\n|\n|-weather|SunnyDay|[upkeep]\n|-heal|p2b: Venusaur|15/100|[from] item: Leftovers\n|upkeep\n|turn|4\n|\n|t:|1776193967\n|switch|p2a: Emboar|Emboar, L50, F|100/100\n|move|p1a: Aerodactyl|Rock Slide|p2b: Venusaur|[spread] p2a,p2b\n|-crit|p2b: Venusaur\n|-damage|p2a: Emboar|68/100\n|-damage|p2b: Venusaur|0 fnt\n|faint|p2b: Venusaur\n|cant|p1b: Incineroar|slp\n|\n|-weather|SunnyDay|[upkeep]\n|-sideend|p1: bo1scammer|move: Tailwind\n|upkeep\n|\n|t:|1776193971\n|switch|p2b: Charizard|Charizard-Mega-Y, L50, F|100/100\n|turn|5\n|\n|t:|1776193983\n|move|p2b: Charizard|Protect|p2b: Charizard\n|-singleturn|p2b: Charizard|Protect\n|move|p1a: Aerodactyl|Rock Slide|p2b: Charizard|[spread] p2a\n|-activate|p2b: Charizard|move: Protect\n|-damage|p2a: Emboar|36/100\n|move|p2a: Emboar|Close Combat|p1a: Aerodactyl\n|-damage|p1a: Aerodactyl|0 fnt\n|-unboost|p2a: Emboar|def|1\n|-unboost|p2a: Emboar|spd|1\n|faint|p1a: Aerodactyl\n|-curestatus|p1b: Incineroar|slp|[msg]\n|move|p1b: Incineroar|Parting Shot|p2b: Charizard\n|-activate|p2b: Charizard|move: Protect\n|\n|-weather|SunnyDay|[upkeep]\n|upkeep\n|\n|t:|1776193989\n|switch|p1a: Garchomp|Garchomp, L50, F, shiny|100/100\n|turn|6\n|\n|t:|1776193998\n|move|p1a: Garchomp|Rock Slide|p2a: Emboar|[spread] p2a,p2b\n|-supereffective|p2b: Charizard|2\n|-damage|p2a: Emboar|0 fnt\n|-damage|p2b: Charizard|0 fnt\n|faint|p2a: Emboar\n|faint|p2b: Charizard\n|\n|win|bo1scammer\n|raw|bo1scammer's rating: 1051 &rarr; <strong>1079</strong><br />(+28 for winning)\n|raw|takethephilpill's rating: 1007 &rarr; <strong>1000</strong><br />(-7 for losing)\n",
  "uploadtime": 1776193999,
  "views": 18,
  "formatid": "gen9championsvgc2026regma",
  "rating": 1000,
  "private": 0,
  "password": null
}