{
  "id": "gen9championsvgc2026regma-2584395821",
  "format": "[Gen 9 Champions] VGC 2026 Reg M-A",
  "players": [
    "theilldigi",
    "jdskdskld"
  ],
  "log": "|j|\u2606theilldigi\n|j|\u203djdskdskld\n|t:|1776257764\n|gametype|doubles\n|player|p1|theilldigi|170|1066\n|player|p2|jdskdskld|1|1000\n|gen|9\n|tier|[Gen 9 Champions] VGC 2026 Reg M-A\n|rated|\n|rule|Species Clause: Limit one of each Pok\u00e9mon\n|rule|Item Clause: Limit 1 of each item\n|clearpoke\n|poke|p1|Meganium, L50, M|\n|poke|p1|Archaludon, L50, M|\n|poke|p1|Aerodactyl, L50, M|\n|poke|p1|Tauros-Paldea-Aqua, L50, M|\n|poke|p1|Typhlosion-Hisui, L50, M|\n|poke|p1|Kangaskhan, L50, F|\n|poke|p2|Dragonite, L50, M|\n|poke|p2|Pelipper, L50, M|\n|poke|p2|Archaludon, L50, M|\n|poke|p2|Sinistcha-Masterpiece, L50|\n|poke|p2|Whimsicott, L50, M|\n|poke|p2|Basculegion, L50, M|\n|teampreview|4\n|inactive|Battle timer is ON: inactive players will automatically lose when time's up. (requested by jdskdskld)\njdskdskld has agreed to open team sheets.\ntheilldigi has agreed to open team sheets.\n|showteam|p1|Meganium||Meganiumite|LeafGuard|Protect,WeatherBall,DazzlingGleam,SolarBeam|||M|||50|]Archaludon||Leftovers|Stalwart|Protect,FlashCannon,SteelBeam,DracoMeteor|||M|||50|]Aerodactyl||FocusSash|Unnerve|Protect,RockSlide,DualWingbeat,Tailwind|||M|||50|]Tauros-Paldea-Aqua||WhiteHerb|Intimidate|Protect,WaveCrash,CloseCombat,AquaJet|||M|||50|]Typhlosion-Hisui||ChoiceScarf|Frisk|HeatWave,ShadowBall,Overheat,Eruption|||M|||50|]Kangaskhan||Kangaskhanite|InnerFocus|FakeOut,DoubleEdge,SuckerPunch,LowKick|||F|||50|\n|showteam|p2|Dragonite||Dragoninite|Multiscale|Thunder,Hurricane,Protect,ExtremeSpeed|||M|||50|]Pelipper||WacanBerry|Drizzle|KnockOff,Hurricane,WeatherBall,Protect|||M|||50|]Archaludon||Magnet|Stamina|ElectroShot,DracoMeteor,FlashCannon,Thunderbolt|||M|||50|]Sinistcha-Masterpiece||SitrusBerry|Hospitality|MatchaGotcha,RagePowder,Reflect,StrengthSap||||||50|]Whimsicott||MentalHerb|Prankster|Tailwind,Encore,Moonblast,Taunt|||M|||50|]Basculegion||ChoiceScarf|Adaptability|FlipTurn,HeadSmash,WaveCrash,LastRespects|||M|||50|\n|inactive|theilldigi has 60 seconds left.\n|\n|t:|1776257870\n|teamsize|p1|4\n|teamsize|p2|4\n|start\n|switch|p1a: Kangaskhan|Kangaskhan, L50, F|100/100\n|switch|p1b: Typhlosion|Typhlosion-Hisui, L50, M|100/100\n|switch|p2a: Pelipper|Pelipper, L50, M, shiny|100/100\n|switch|p2b: Dragonite|Dragonite, L50, M, shiny|100/100\n|-item|p2a: Pelipper|Wacan Berry|[from] ability: Frisk|[of] p1b: Typhlosion\n|-item|p2b: Dragonite|Dragoninite|[from] ability: Frisk|[of] p1b: Typhlosion\n|-weather|RainDance|[from] ability: Drizzle|[of] p2a: Pelipper\n|turn|1\n|inactive|theilldigi has 30 seconds left.\n|inactive|jdskdskld has 30 seconds left.\n|inactive|theilldigi has 20 seconds left.\n|\n|t:|1776257910\n|detailschange|p2b: Dragonite|Dragonite-Mega, L50, M, shiny\n|-mega|p2b: Dragonite|Dragonite|Dragoninite\n|move|p1a: Kangaskhan|Fake Out|p2a: Pelipper\n|-damage|p2a: Pelipper|80/100\n|move|p1b: Typhlosion|Shadow Ball|p2b: Dragonite\n|-damage|p2b: Dragonite|82/100\n|-unboost|p2b: Dragonite|spd|1\n|move|p2b: Dragonite|Hurricane|p1a: Kangaskhan\n|-crit|p1a: Kangaskhan\n|-damage|p1a: Kangaskhan|1/100\n|cant|p2a: Pelipper|flinch\n|\n|-weather|RainDance|[upkeep]\n|upkeep\n|turn|2\n|\n|t:|1776257932\n|move|p1a: Kangaskhan|Sucker Punch|p2a: Pelipper\n|-damage|p2a: Pelipper|56/100\n|move|p1b: Typhlosion|Shadow Ball|p2b: Dragonite\n|-damage|p2b: Dragonite|25/100\n|move|p2b: Dragonite|Thunder|p1a: Kangaskhan\n|-damage|p1a: Kangaskhan|0 fnt\n|faint|p1a: Kangaskhan\n|move|p2a: Pelipper|Weather Ball|p1b: Typhlosion\n|-supereffective|p1b: Typhlosion|1\n|-damage|p1b: Typhlosion|0 fnt\n|faint|p1b: Typhlosion\n|\n|-weather|RainDance|[upkeep]\n|upkeep\n|\n|t:|1776257937\n|switch|p1b: Aerodactyl|Aerodactyl, L50, M, shiny|100/100\n|switch|p1a: Tauros|Tauros-Paldea-Aqua, L50, M, shiny|100/100\n|-ability|p1b: Aerodactyl|Unnerve\n|-ability|p1a: Tauros|Intimidate|boost\n|-unboost|p2a: Pelipper|atk|1\n|-unboost|p2b: Dragonite|atk|1\n|turn|3\n|inactive|jdskdskld has 30 seconds left.\n|\n|t:|1776257974\n|switch|p2b: Whimsicott|Whimsicott, L50, M|100/100\n|move|p1b: Aerodactyl|Rock Slide|p2b: Whimsicott|[spread] p2a,p2b\n|-supereffective|p2a: Pelipper|1\n|-damage|p2a: Pelipper|0 fnt\n|-damage|p2b: Whimsicott|67/100\n|faint|p2a: Pelipper\n|move|p1a: Tauros|Wave Crash|p2b: Whimsicott\n|-resisted|p2b: Whimsicott|1\n|-damage|p2b: Whimsicott|7/100\n|-damage|p1a: Tauros|84/100|[from] Recoil\n|\n|-weather|RainDance|[upkeep]\n|upkeep\n|\n|t:|1776257980\n|switch|p2a: Dragonite|Dragonite-Mega, L50, M, shiny|25/100\n|turn|4\n|\n|t:|1776257995\n|move|p2b: Whimsicott|Tailwind|p2b: Whimsicott\n|-sidestart|p2: jdskdskld|move: Tailwind\n|move|p1a: Tauros|Aqua Jet|p2b: Whimsicott\n|-resisted|p2b: Whimsicott|1\n|-damage|p2b: Whimsicott|0 fnt\n|faint|p2b: Whimsicott\n|move|p2a: Dragonite|Thunder|p1b: Aerodactyl\n|-supereffective|p1b: Aerodactyl|1\n|-enditem|p1b: Aerodactyl|Focus Sash\n|-damage|p1b: Aerodactyl|1/100\n|-status|p1b: Aerodactyl|par\n|move|p1b: Aerodactyl|Rock Slide|p2a: Dragonite\n|-supereffective|p2a: Dragonite|1\n|-damage|p2a: Dragonite|0 fnt\n|faint|p2a: Dragonite\n|\n|-weather|RainDance|[upkeep]\n|upkeep\n|\n|t:|1776258002\n|switch|p2b: Basculegion|Basculegion, L50, M|100/100\n|turn|5\n|\n|t:|1776258018\n|cant|p1b: Aerodactyl|par\n|move|p2b: Basculegion|Last Respects|p1a: Tauros\n|-damage|p1a: Tauros|0 fnt\n|faint|p1a: Tauros\n|\n|-weather|none\n|upkeep\n|turn|6\n|-message|theilldigi forfeited.\n|\n|win|jdskdskld\n",
  "uploadtime": 1776257766,
  "views": 16,
  "formatid": "gen9championsvgc2026regma",
  "rating": null,
  "private": 0,
  "password": null
}