{
  "id": "gen9championsvgc2026regma-2584643298",
  "format": "[Gen 9 Champions] VGC 2026 Reg M-A",
  "players": [
    "Nezk025",
    "Lyph88"
  ],
  "log": "|j|\u2606Nezk025\n|j|\u2606Lyph88\n|t:|1776274030\n|gametype|doubles\n|player|p1|Nezk025|nate|1407\n|player|p2|Lyph88|lucas-gen4pt|1367\n|gen|9\n|tier|[Gen 9 Champions] VGC 2026 Reg M-A\n|rated|\n|rule|Species Clause: Limit one of each Pok\u00e9mon\n|rule|Item Clause: Limit 1 of each item\n|clearpoke\n|poke|p1|Blastoise, L50, F|\n|poke|p1|Pelipper, L50, M|\n|poke|p1|Sinistcha, L50|\n|poke|p1|Sneasler, L50, F|\n|poke|p1|Garchomp, L50, F|\n|poke|p1|Kingambit, L50, M|\n|poke|p2|Tyranitar, L50, F|\n|poke|p2|Rotom-Wash, L50|\n|poke|p2|Garchomp, L50, F|\n|poke|p2|Sinistcha, L50|\n|poke|p2|Sneasler, L50, M|\n|poke|p2|Talonflame, L50, F|\n|teampreview|4\n|\n|t:|1776274058\n|teamsize|p1|4\n|teamsize|p2|4\n|start\n|switch|p1a: Kingambit|Kingambit, L50, M|100/100\n|switch|p1b: Sinistcha|Sinistcha, L50|100/100\n|switch|p2a: Talonflame|Talonflame, L50, F|100/100\n|switch|p2b: Rotom|Rotom-Wash, L50|100/100\n|turn|1\n|\n|t:|1776274080\n|move|p2a: Talonflame|Dual Wingbeat|p1b: Sinistcha\n|-supereffective|p1b: Sinistcha|1\n|-damage|p1b: Sinistcha|66/100\n|-supereffective|p1b: Sinistcha|1\n|-damage|p1b: Sinistcha|32/100\n|-hitcount|p1b: Sinistcha|2\n|move|p2b: Rotom|Will-O-Wisp|p1a: Kingambit\n|-status|p1a: Kingambit|brn\n|move|p1a: Kingambit|Kowtow Cleave|p2a: Talonflame\n|-damage|p2a: Talonflame|59/100\n|move|p1b: Sinistcha|Trick Room|p1b: Sinistcha\n|-fieldstart|move: Trick Room|[of] p1b: Sinistcha\n|\n|-damage|p1a: Kingambit|95/100 brn|[from] brn\n|upkeep\n|turn|2\n|\n|t:|1776274100\n|switch|p2b: Sinistcha|Sinistcha, L50|100/100\n|-heal|p2a: Talonflame|84/100|[from] ability: Hospitality|[of] p2b: Sinistcha\n|move|p1a: Kingambit|Kowtow Cleave|p2a: Talonflame\n|-damage|p2a: Talonflame|44/100\n|move|p1b: Sinistcha|Matcha Gotcha|p2a: Talonflame|[spread] p2a,p2b\n|-resisted|p2a: Talonflame|2\n|-resisted|p2b: Sinistcha|1\n|-damage|p2a: Talonflame|32/100\n|-heal|p1b: Sinistcha|38/100|[from] drain|[of] p2a: Talonflame\n|-damage|p2b: Sinistcha|86/100\n|-heal|p1b: Sinistcha|45/100|[from] drain|[of] p2b: Sinistcha\n|move|p2a: Talonflame|Dual Wingbeat|p1b: Sinistcha\n|-supereffective|p1b: Sinistcha|1\n|-damage|p1b: Sinistcha|13/100\n|-supereffective|p1b: Sinistcha|1\n|-damage|p1b: Sinistcha|0 fnt\n|faint|p1b: Sinistcha\n|-hitcount|p1: Sinistcha|2\n|\n|-heal|p2b: Sinistcha|92/100|[from] item: Leftovers\n|-damage|p1a: Kingambit|89/100 brn|[from] brn\n|upkeep\n|\n|t:|1776274119\n|switch|p1b: Blastoise|Blastoise, L50, F|100/100\n|turn|3\n|\n|t:|1776274147\n|detailschange|p1b: Blastoise|Blastoise-Mega, L50, F\n|-mega|p1b: Blastoise|Blastoise|Blastoisinite\n|move|p1a: Kingambit|Kowtow Cleave|p2b: Sinistcha\n|-supereffective|p2b: Sinistcha|1\n|-damage|p2b: Sinistcha|38/100\n|move|p2b: Sinistcha|Matcha Gotcha|p1b: Blastoise|[spread] p1a,p1b\n|-resisted|p1a: Kingambit|1\n|-supereffective|p1b: Blastoise|1\n|-damage|p1a: Kingambit|78/100 brn\n|-heal|p2b: Sinistcha|45/100|[from] drain|[of] p1a: Kingambit\n|-damage|p1b: Blastoise|50/100\n|-heal|p2b: Sinistcha|67/100|[from] drain|[of] p1b: Blastoise\n|move|p1b: Blastoise|Water Spout|p2b: Sinistcha|[spread] p2a,p2b\n|-supereffective|p2a: Talonflame|1\n|-resisted|p2b: Sinistcha|1\n|-damage|p2a: Talonflame|0 fnt\n|-damage|p2b: Sinistcha|54/100\n|faint|p2a: Talonflame\n|\n|-heal|p2b: Sinistcha|60/100|[from] item: Leftovers\n|-damage|p1a: Kingambit|72/100 brn|[from] brn\n|upkeep\n|\n|t:|1776274168\n|switch|p2a: Garchomp|Garchomp, L50, F|100/100\n|turn|4\n|\n|t:|1776274189\n|move|p1b: Blastoise|Protect|p1b: Blastoise\n|-singleturn|p1b: Blastoise|Protect\n|move|p2a: Garchomp|Protect|p2a: Garchomp\n|-singleturn|p2a: Garchomp|Protect\n|move|p1a: Kingambit|Kowtow Cleave|p2b: Sinistcha\n|-supereffective|p2b: Sinistcha|1\n|-damage|p2b: Sinistcha|9/100\n|move|p2b: Sinistcha|Matcha Gotcha|p1b: Blastoise|[spread] p1a\n|-activate|p1b: Blastoise|move: Protect\n|-resisted|p1a: Kingambit|1\n|-damage|p1a: Kingambit|60/100 brn\n|-heal|p2b: Sinistcha|17/100|[from] drain|[of] p1a: Kingambit\n|\n|-heal|p2b: Sinistcha|23/100|[from] item: Leftovers\n|-damage|p1a: Kingambit|54/100 brn|[from] brn\n|upkeep\n|turn|5\n|\n|t:|1776274218\n|switch|p2a: Rotom|Rotom-Wash, L50|100/100\n|move|p1a: Kingambit|Kowtow Cleave|p2b: Sinistcha\n|-supereffective|p2b: Sinistcha|1\n|-damage|p2b: Sinistcha|0 fnt\n|faint|p2b: Sinistcha\n|move|p1b: Blastoise|Ice Beam|p2a: Rotom\n|-resisted|p2a: Rotom|1\n|-damage|p2a: Rotom|78/100\n|\n|-damage|p1a: Kingambit|48/100 brn|[from] brn\n|-fieldend|move: Trick Room\n|upkeep\n|\n|t:|1776274228\n|switch|p2b: Garchomp|Garchomp, L50, F|100/100\n|turn|6\n|\n|t:|1776274244\n|move|p1b: Blastoise|Protect|p1b: Blastoise\n|-singleturn|p1b: Blastoise|Protect\n|move|p1a: Kingambit|Sucker Punch|p2a: Rotom\n|-damage|p2a: Rotom|46/100\n|move|p2a: Rotom|Discharge|p1b: Blastoise|[spread] p1a\n|-activate|p1b: Blastoise|move: Protect\n|-immune|p2b: Garchomp\n|-damage|p1a: Kingambit|22/100 brn\n|move|p2b: Garchomp|Earthquake|p1a: Kingambit|[spread] p1a\n|-activate|p1b: Blastoise|move: Protect\n|-immune|p2a: Rotom|[from] ability: Levitate\n|-supereffective|p1a: Kingambit|1\n|-damage|p1a: Kingambit|0 fnt\n|faint|p1a: Kingambit\n|\n|upkeep\n|\n|t:|1776274257\n|switch|p1a: Sneasler|Sneasler, L50, F|100/100\n|turn|7\n|\n|t:|1776274268\n|move|p2b: Garchomp|Protect|p2b: Garchomp\n|-singleturn|p2b: Garchomp|Protect\n|move|p2a: Rotom|Discharge|p1b: Blastoise|[spread] p1a,p1b\n|-activate|p2b: Garchomp|move: Protect\n|-supereffective|p1b: Blastoise|1\n|-damage|p1a: Sneasler|64/100\n|-damage|p1b: Blastoise|0 fnt\n|faint|p1b: Blastoise\n|move|p1a: Sneasler|Close Combat|p2a: Rotom\n|-damage|p2a: Rotom|0 fnt\n|-unboost|p1a: Sneasler|def|1\n|-unboost|p1a: Sneasler|spd|1\n|faint|p2a: Rotom\n|\n|upkeep\n|turn|8\n|\n|t:|1776274282\n|move|p1a: Sneasler|Dire Claw|p2b: Garchomp\n|-resisted|p2b: Garchomp|1\n|-damage|p2b: Garchomp|81/100\n|-status|p2b: Garchomp|slp\n|cant|p2b: Garchomp|slp\n|\n|upkeep\n|turn|9\n|c|\u2606Nezk025|I m sorry\n|c|\u2606Nezk025|Mb\n|\n|t:|1776274299\n|cant|p2b: Garchomp|slp\n|move|p1a: Sneasler|Close Combat|p2b: Garchomp\n|-damage|p2b: Garchomp|22/100 slp\n|-unboost|p1a: Sneasler|def|1\n|-unboost|p1a: Sneasler|spd|1\n|\n|upkeep\n|turn|10\n|\n|t:|1776274308\n|move|p1a: Sneasler|Close Combat|p2b: Garchomp\n|-damage|p2b: Garchomp|0 fnt\n|-unboost|p1a: Sneasler|def|1\n|-unboost|p1a: Sneasler|spd|1\n|faint|p2b: Garchomp\n|\n|win|Nezk025\n|raw|Nezk025's rating: 1407 &rarr; <strong>1425</strong><br />(+18 for winning)\n|raw|Lyph88's rating: 1367 &rarr; <strong>1349</strong><br />(-18 for losing)\n",
  "uploadtime": 1776274318,
  "views": 44,
  "formatid": "gen9championsvgc2026regma",
  "rating": 1349,
  "private": 0,
  "password": null
}