{
  "id": "gen9championsvgc2026regma-2581528778",
  "format": "[Gen 9 Champions] VGC 2026 Reg M-A",
  "players": [
    "rogerroger0354",
    "aosks"
  ],
  "log": "|j|\u2606rogerroger0354\n|j|\u2606aosks\n|t:|1776008466\n|gametype|doubles\n|player|p1|rogerroger0354|169|1000\n|player|p2|aosks|101|1052\n|gen|9\n|tier|[Gen 9 Champions] VGC 2026 Reg M-A\n|rated|\n|rule|Species Clause: Limit one of each Pok\u00e9mon\n|rule|Item Clause: Limit 1 of each item\n|clearpoke\n|poke|p1|Dragonite, L50, F|\n|poke|p1|Politoed, L50, F|\n|poke|p1|Gengar, L50, F|\n|poke|p1|Incineroar, L50, M|\n|poke|p1|Orthworm, L50, F|\n|poke|p1|Feraligatr, L50, M|\n|poke|p2|Torkoal, L50, M|\n|poke|p2|Sinistcha, L50|\n|poke|p2|Charizard, L50, M|\n|poke|p2|Hawlucha, L50, M|\n|poke|p2|Venusaur, L50, M|\n|poke|p2|Tyranitar, L50, M|\n|teampreview|4\n|\n|t:|1776008502\n|teamsize|p1|4\n|teamsize|p2|4\n|start\n|switch|p1a: Gengar|Gengar, L50, F|100/100\n|switch|p1b: Politoed|Politoed, L50, F|100/100\n|switch|p2a: Sinistcha|Sinistcha, L50|100/100\n|switch|p2b: Charizard|Charizard, L50, M|100/100\n|-weather|RainDance|[from] ability: Drizzle|[of] p1b: Politoed\n|turn|1\n|\n|t:|1776008535\n|move|p1a: Gengar|Protect|p1a: Gengar\n|-singleturn|p1a: Gengar|Protect\n|move|p2b: Charizard|Protect|p2b: Charizard\n|-singleturn|p2b: Charizard|Protect\n|move|p1b: Politoed|Perish Song|p1b: Politoed\n|-start|p1a: Gengar|perish3|[silent]\n|-start|p1b: Politoed|perish3|[silent]\n|-start|p2a: Sinistcha|perish3|[silent]\n|-start|p2b: Charizard|perish3|[silent]\n|-fieldactivate|move: Perish Song\n|move|p2a: Sinistcha|Trick Room|p2a: Sinistcha\n|-fieldstart|move: Trick Room|[of] p2a: Sinistcha\n|\n|-weather|RainDance|[upkeep]\n|-start|p2a: Sinistcha|perish3\n|-start|p1b: Politoed|perish3\n|-start|p2b: Charizard|perish3\n|-start|p1a: Gengar|perish3\n|upkeep\n|turn|2\n|\n|t:|1776008562\n|switch|p2a: Torkoal|Torkoal, L50, M|100/100\n|-weather|SunnyDay|[from] ability: Drought|[of] p2a: Torkoal\n|switch|p2b: Hawlucha|Hawlucha, L50, M|100/100\n|-ability|p2b: Hawlucha|Mold Breaker\n|detailschange|p1a: Gengar|Gengar-Mega, L50, F\n|-mega|p1a: Gengar|Gengar|Gengarite\n|move|p1b: Politoed|Protect|p1b: Politoed\n|-singleturn|p1b: Politoed|Protect\n|move|p1a: Gengar|Shadow Ball|p2a: Torkoal\n|-damage|p2a: Torkoal|58/100\n|-unboost|p2a: Torkoal|spd|1\n|\n|-weather|SunnyDay|[upkeep]\n|-heal|p2a: Torkoal|64/100|[from] item: Leftovers\n|-start|p1b: Politoed|perish2\n|-start|p1a: Gengar|perish2\n|upkeep\n|turn|3\n|\n|t:|1776008587\n|detailschange|p2b: Hawlucha|Hawlucha-Mega, L50, M\n|-mega|p2b: Hawlucha|Hawlucha|Hawluchanite\n|move|p1a: Gengar|Protect|p1a: Gengar\n|-singleturn|p1a: Gengar|Protect\n|move|p2a: Torkoal|Eruption|p1a: Gengar|[spread] p1b\n|-activate|p1a: Gengar|move: Protect\n|-resisted|p1b: Politoed|1\n|-damage|p1b: Politoed|86/100\n|move|p1b: Politoed|Perish Song|p1b: Politoed\n|-start|p2a: Torkoal|perish3|[silent]\n|-start|p2b: Hawlucha|perish3|[silent]\n|-fieldactivate|move: Perish Song\n|move|p2b: Hawlucha|Entrainment|p2a: Torkoal\n|-ability|p2a: Torkoal|No Guard|Drought|[from] move: Entrainment|[of] p2b: Hawlucha\n|\n|-weather|SunnyDay|[upkeep]\n|-heal|p2a: Torkoal|70/100|[from] item: Leftovers\n|-start|p2a: Torkoal|perish3\n|-start|p1b: Politoed|perish1\n|-start|p2b: Hawlucha|perish3\n|-start|p1a: Gengar|perish1\n|upkeep\n|turn|4\n|\n|t:|1776008619\n|switch|p1b: Orthworm|Orthworm, L50, F|100/100\n|switch|p1a: Incineroar|Incineroar, L50, M, shiny|100/100\n|-ability|p1a: Incineroar|Intimidate|boost\n|-unboost|p2a: Torkoal|atk|1\n|-unboost|p2b: Hawlucha|atk|1\n|move|p2a: Torkoal|Fissure|p1a: Incineroar\n|-damage|p1a: Incineroar|0 fnt\n|faint|p1a: Incineroar\n|-ohko\n|move|p2b: Hawlucha|Brave Bird|p1b: Orthworm\n|-resisted|p1b: Orthworm|1\n|-damage|p1b: Orthworm|87/100\n|-damage|p2b: Hawlucha|96/100|[from] Recoil\n|\n|-weather|SunnyDay|[upkeep]\n|-heal|p2a: Torkoal|76/100|[from] item: Leftovers\n|-start|p2a: Torkoal|perish2\n|-start|p2b: Hawlucha|perish2\n|upkeep\n|\n|t:|1776008639\n|switch|p1a: Gengar|Gengar-Mega, L50, F|100/100\n|turn|5\n|\n|t:|1776008656\n|move|p1a: Gengar|Protect|p1a: Gengar\n|-singleturn|p1a: Gengar|Protect\n|move|p2a: Torkoal|Eruption|p1b: Orthworm|[spread] p1b\n|-activate|p1a: Gengar|move: Protect\n|-supereffective|p1b: Orthworm|1\n|-enditem|p1b: Orthworm|Occa Berry|[eat]\n|-enditem|p1b: Orthworm|Occa Berry|[weaken]\n|-damage|p1b: Orthworm|23/100\n|move|p1b: Orthworm|Shed Tail|p1b: Orthworm\n|-fail|p1b: Orthworm|move: Shed Tail|[weak]\n|move|p2b: Hawlucha|Close Combat|p1b: Orthworm\n|-supereffective|p1b: Orthworm|1\n|-damage|p1b: Orthworm|0 fnt\n|-unboost|p2b: Hawlucha|def|1\n|-unboost|p2b: Hawlucha|spd|1\n|faint|p1b: Orthworm\n|\n|-weather|SunnyDay|[upkeep]\n|-heal|p2a: Torkoal|82/100|[from] item: Leftovers\n|-start|p2a: Torkoal|perish1\n|-start|p2b: Hawlucha|perish1\n|-fieldend|move: Trick Room\n|upkeep\n|\n|t:|1776008679\n|switch|p1b: Politoed|Politoed, L50, F|86/100\n|-weather|RainDance|[from] ability: Drizzle|[of] p1b: Politoed\n|turn|6\n|\n|t:|1776008710\n|move|p1a: Gengar|Dazzling Gleam|p2a: Torkoal|[spread] p2a,p2b\n|-resisted|p2a: Torkoal|1\n|-supereffective|p2b: Hawlucha|1\n|-damage|p2a: Torkoal|64/100\n|-damage|p2b: Hawlucha|15/100\n|move|p2b: Hawlucha|Brave Bird|p1b: Politoed\n|-damage|p1b: Politoed|29/100\n|-damage|p2b: Hawlucha|0 fnt|[from] Recoil\n|faint|p2b: Hawlucha\n|move|p1b: Politoed|Weather Ball|p2a: Torkoal\n|-supereffective|p2a: Torkoal|1\n|-damage|p2a: Torkoal|0 fnt\n|faint|p2a: Torkoal\n|\n|-weather|RainDance|[upkeep]\n|upkeep\n|\n|t:|1776008720\n|switch|p2b: Sinistcha|Sinistcha, L50|100/100\n|switch|p2a: Charizard|Charizard, L50, M|100/100\n|turn|7\n|\n|t:|1776008748\n|move|p1a: Gengar|Shadow Ball|p2b: Sinistcha\n|-supereffective|p2b: Sinistcha|1\n|-crit|p2b: Sinistcha\n|-enditem|p2b: Sinistcha|Focus Sash\n|-damage|p2b: Sinistcha|1/100\n|move|p2a: Charizard|Solar Beam||[still]\n|-prepare|p2a: Charizard|Solar Beam\n|move|p1b: Politoed|Weather Ball|p2a: Charizard\n|-supereffective|p2a: Charizard|1\n|-damage|p2a: Charizard|0 fnt\n|faint|p2a: Charizard\n|move|p2b: Sinistcha|Matcha Gotcha|p1b: Politoed|[spread] p1a,p1b\n|-resisted|p1a: Gengar|1\n|-supereffective|p1b: Politoed|1\n|-damage|p1a: Gengar|76/100\n|-heal|p2b: Sinistcha|12/100|[from] drain|[of] p1a: Gengar\n|-damage|p1b: Politoed|0 fnt\n|-heal|p2b: Sinistcha|30/100|[from] drain|[of] p1b: Politoed\n|faint|p1b: Politoed\n|\n|-weather|RainDance|[upkeep]\n|upkeep\n|turn|8\n|\n|t:|1776008771\n|move|p1a: Gengar|Shadow Ball|p2b: Sinistcha\n|-supereffective|p2b: Sinistcha|1\n|-damage|p2b: Sinistcha|0 fnt\n|faint|p2b: Sinistcha\n|\n|win|rogerroger0354\n|raw|rogerroger0354's rating: 1000 &rarr; <strong>1046</strong><br />(+46 for winning)\n|raw|aosks's rating: 1052 &rarr; <strong>1032</strong><br />(-20 for losing)\n|l|\u2606aosks\n|player|p2|\n",
  "uploadtime": 1776008780,
  "views": 29,
  "formatid": "gen9championsvgc2026regma",
  "rating": 1032,
  "private": 0,
  "password": null
}