{
  "id": "gen9championsvgc2026regma-2585169385",
  "format": "[Gen 9 Champions] VGC 2026 Reg M-A",
  "players": [
    "Lmikyu",
    "Phillip Blevin"
  ],
  "log": "|j|\u2606Lmikyu\n|j|\u2606Phillip Blevin\n|t:|1776320424\n|gametype|doubles\n|player|p1|Lmikyu|skierf|1242\n|player|p2|Phillip Blevin|cynthia-masters4|1208\n|gen|9\n|tier|[Gen 9 Champions] VGC 2026 Reg M-A\n|rated|\n|rule|Species Clause: Limit one of each Pok\u00e9mon\n|rule|Item Clause: Limit 1 of each item\n|clearpoke\n|poke|p1|Froslass, L50, F|\n|poke|p1|Incineroar, L50, F|\n|poke|p1|Sinistcha, L50|\n|poke|p1|Aerodactyl, L50, M|\n|poke|p1|Sneasler, L50, F|\n|poke|p1|Empoleon, L50, F|\n|poke|p2|Ceruledge, L50, M|\n|poke|p2|Corviknight, L50, F|\n|poke|p2|Garchomp, L50, F|\n|poke|p2|Arcanine-Hisui, L50, F|\n|poke|p2|Froslass, L50, F|\n|poke|p2|Rotom-Wash, L50|\n|teampreview|4\n|inactive|Battle timer is ON: inactive players will automatically lose when time's up. (requested by Phillip Blevin)\n|inactive|Lmikyu also wants the timer to be on.\nPhillip Blevin has agreed to open team sheets.\n|inactive|Lmikyu has 60 seconds left.\n|\n|t:|1776320480\n|teamsize|p1|4\n|teamsize|p2|4\n|start\n|switch|p1a: Incineroar|Incineroar, L50, F|100/100\n|switch|p1b: Empoleon|Empoleon, L50, F|100/100\n|switch|p2a: Garchomp|Garchomp, L50, F|100/100\n|switch|p2b: Rotom|Rotom-Wash, L50|100/100\n|-ability|p1a: Incineroar|Intimidate|boost\n|-unboost|p2a: Garchomp|atk|1\n|-unboost|p2b: Rotom|atk|1\n|turn|1\n|\n|t:|1776320494\n|move|p2a: Garchomp|Protect|p2a: Garchomp\n|-singleturn|p2a: Garchomp|Protect\n|move|p1b: Empoleon|Protect|p1b: Empoleon\n|-singleturn|p1b: Empoleon|Protect\n|move|p2b: Rotom|Volt Switch|p1b: Empoleon\n|-activate|p1b: Empoleon|move: Protect\n|move|p1a: Incineroar|Parting Shot|p2a: Garchomp\n|-activate|p2a: Garchomp|move: Protect\n|\n|upkeep\n|turn|2\n|\n|t:|1776320510\n|switch|p1b: Sinistcha|Sinistcha, L50|100/100\n|move|p2b: Rotom|Volt Switch|p1b: Sinistcha\n|-resisted|p1b: Sinistcha|1\n|-damage|p1b: Sinistcha|87/100\n|\n|t:|1776320516\n|switch|p2b: Froslass|Froslass, L50, F|100/100|[from] Volt Switch\n|move|p2a: Garchomp|Earthquake|p1b: Sinistcha|[spread] p2b,p1a,p1b\n|-supereffective|p1a: Incineroar|1\n|-resisted|p1b: Sinistcha|1\n|-damage|p2b: Froslass|55/100\n|-damage|p1a: Incineroar|49/100\n|-damage|p1b: Sinistcha|75/100\n|-enditem|p1a: Incineroar|Sitrus Berry|[eat]\n|-heal|p1a: Incineroar|74/100|[from] item: Sitrus Berry\n|move|p1a: Incineroar|Parting Shot|p2a: Garchomp\n|-unboost|p2a: Garchomp|atk|1\n|-unboost|p2a: Garchomp|spa|1\n|\n|t:|1776320527\n|switch|p1a: Froslass|Froslass, L50, F, shiny|100/100|[from] Parting Shot\n|\n|upkeep\n|turn|3\n|\n|t:|1776320542\n|switch|p2a: Rotom|Rotom-Wash, L50|100/100\n|detailschange|p1a: Froslass|Froslass-Mega, L50, F, shiny\n|-mega|p1a: Froslass|Froslass|Froslassite\n|-weather|Snowscape|[from] ability: Snow Warning|[of] p1a: Froslass\n|move|p2b: Froslass|Protect|p2b: Froslass\n|-singleturn|p2b: Froslass|Protect\n|move|p1b: Sinistcha|Protect|p1b: Sinistcha\n|-singleturn|p1b: Sinistcha|Protect\n|move|p1a: Froslass|Nasty Plot|p1a: Froslass\n|-boost|p1a: Froslass|spa|2\n|\n|-weather|Snowscape|[upkeep]\n|upkeep\n|turn|4\n|\n|t:|1776320560\n|detailschange|p2b: Froslass|Froslass-Mega, L50, F\n|-mega|p2b: Froslass|Froslass|Froslassite\n|move|p1b: Sinistcha|Rage Powder|p1b: Sinistcha\n|-singleturn|p1b: Sinistcha|move: Rage Powder\n|move|p2a: Rotom|Electroweb|p1a: Froslass|[spread] p1a,p1b\n|-resisted|p1b: Sinistcha|1\n|-damage|p1a: Froslass|81/100\n|-damage|p1b: Sinistcha|68/100\n|-unboost|p1a: Froslass|spe|1\n|-unboost|p1b: Sinistcha|spe|1\n|move|p2b: Froslass|Shadow Ball|p1b: Sinistcha\n|-supereffective|p1b: Sinistcha|1\n|-damage|p1b: Sinistcha|0 fnt\n|faint|p1b: Sinistcha\n|move|p1a: Froslass|Shadow Ball|p2a: Rotom\n|-damage|p2a: Rotom|3/100\n|\n|-weather|Snowscape|[upkeep]\n|upkeep\n|\n|t:|1776320573\n|switch|p1b: Incineroar|Incineroar, L50, F|74/100\n|-ability|p1b: Incineroar|Intimidate|boost\n|-unboost|p2a: Rotom|atk|1\n|-unboost|p2b: Froslass|atk|1\n|turn|5\n|\n|t:|1776320598\n|switch|p2a: Garchomp|Garchomp, L50, F|100/100\n|switch|p1a: Empoleon|Empoleon, L50, F|100/100\n|move|p2b: Froslass|Shadow Ball|p1a: Empoleon\n|-damage|p1a: Empoleon|57/100\n|move|p1b: Incineroar|Throat Chop|p2b: Froslass\n|-supereffective|p2b: Froslass|1\n|-damage|p2b: Froslass|0 fnt\n|faint|p2b: Froslass\n|\n|-weather|Snowscape|[upkeep]\n|-heal|p1a: Empoleon|62/100|[from] item: Leftovers\n|upkeep\n|\n|t:|1776320609\n|switch|p2b: Rotom|Rotom-Wash, L50|3/100\n|turn|6\n|\n|t:|1776320625\n|move|p2b: Rotom|Hydro Pump|p1b: Incineroar\n|-supereffective|p1b: Incineroar|1\n|-damage|p1b: Incineroar|1/100\n|move|p2a: Garchomp|Earthquake|p1a: Empoleon|[spread] p1a,p1b\n|-immune|p2b: Rotom|[from] ability: Levitate\n|-supereffective|p1a: Empoleon|1\n|-supereffective|p1b: Incineroar|1\n|-damage|p1a: Empoleon|0 fnt\n|-damage|p1b: Incineroar|0 fnt\n|faint|p1a: Empoleon\n|faint|p1b: Incineroar\n|\n|-weather|Snowscape|[upkeep]\n|upkeep\n|\n|t:|1776320631\n|switch|p1b: Froslass|Froslass-Mega, L50, F, shiny|81/100\n|turn|7\n|\n|t:|1776320640\n|switch|p2b: Arcanine|Arcanine-Hisui, L50, F|100/100\n|-ability|p2b: Arcanine|Intimidate|boost\n|-unboost|p1b: Froslass|atk|1\n|move|p2a: Garchomp|Protect|p2a: Garchomp\n|-singleturn|p2a: Garchomp|Protect\n|move|p1b: Froslass|Blizzard|p2a: Garchomp|[spread] p2b\n|-activate|p2a: Garchomp|move: Protect\n|-resisted|p2b: Arcanine|1\n|-damage|p2b: Arcanine|73/100\n|\n|-weather|none\n|upkeep\n|turn|8\n|-message|Lmikyu forfeited.\n|\n|win|Phillip Blevin\n|raw|Lmikyu's rating: 1242 &rarr; <strong>1215</strong><br />(-27 for losing)\n|raw|Phillip Blevin's rating: 1208 &rarr; <strong>1235</strong><br />(+27 for winning)\n",
  "uploadtime": 1776320654,
  "views": 22,
  "formatid": "gen9championsvgc2026regma",
  "rating": 1215,
  "private": 0,
  "password": null
}