{
  "id": "gen9championsvgc2026regma-2582220603",
  "format": "[Gen 9 Champions] VGC 2026 Reg M-A",
  "players": [
    "Zero Primal",
    "kaiSSTX"
  ],
  "log": "|j|\u2606Zero Primal\n|j|\u2606kaiSSTX\n|t:|1776072862\n|gametype|doubles\n|player|p1|Zero Primal|n|1219\n|player|p2|kaiSSTX|hilbert|1202\n|gen|9\n|tier|[Gen 9 Champions] VGC 2026 Reg M-A\n|rated|\n|rule|Species Clause: Limit one of each Pok\u00e9mon\n|rule|Item Clause: Limit 1 of each item\n|clearpoke\n|poke|p1|Torkoal, L50, F|\n|poke|p1|Typhlosion-Hisui, L50, F|\n|poke|p1|Venusaur, L50, F|\n|poke|p1|Whimsicott, L50, F|\n|poke|p1|Aerodactyl, L50, M|\n|poke|p1|Gardevoir, L50, F|\n|poke|p2|Archaludon, L50, M|\n|poke|p2|Pelipper, L50, F|\n|poke|p2|Sneasler, L50, M|\n|poke|p2|Starmie, L50|\n|poke|p2|Sinistcha, L50|\n|poke|p2|Incineroar, L50, F|\n|teampreview|4\n|inactive|Battle timer is ON: inactive players will automatically lose when time's up. (requested by Zero Primal)\n|\n|t:|1776072919\n|teamsize|p1|4\n|teamsize|p2|4\n|start\n|switch|p1a: Typhlosion|Typhlosion-Hisui, L50, F|100/100\n|switch|p1b: Whimsicott|Whimsicott, L50, F|100/100\n|switch|p2a: Incineroar|Incineroar, L50, F|100/100\n|switch|p2b: Starmie|Starmie, L50|100/100\n|-item|p2a: Incineroar|Sitrus Berry|[from] ability: Frisk|[of] p1a: Typhlosion\n|-item|p2b: Starmie|Starminite|[from] ability: Frisk|[of] p1a: Typhlosion\n|-ability|p2a: Incineroar|Intimidate|boost\n|-unboost|p1a: Typhlosion|atk|1\n|-unboost|p1b: Whimsicott|atk|1\n|turn|1\n|\n|t:|1776072939\n|move|p2b: Starmie|Protect|p2b: Starmie\n|-singleturn|p2b: Starmie|Protect\n|move|p1b: Whimsicott|Tailwind|p1b: Whimsicott\n|-sidestart|p1: Zero Primal|move: Tailwind\n|move|p1a: Typhlosion|Shadow Ball|p2b: Starmie\n|-activate|p2b: Starmie|move: Protect\n|move|p2a: Incineroar|Darkest Lariat|p1a: Typhlosion\n|-supereffective|p1a: Typhlosion|1\n|-damage|p1a: Typhlosion|3/100\n|\n|upkeep\n|turn|2\n|inactive|Zero Primal has 30 seconds left.\n|\n|t:|1776072972\n|switch|p2b: Pelipper|Pelipper, L50, F|100/100\n|-weather|RainDance|[from] ability: Drizzle|[of] p2b: Pelipper\n|move|p1b: Whimsicott|Sunny Day|p1b: Whimsicott\n|-weather|SunnyDay\n|move|p1a: Typhlosion|Shadow Ball|p2b: Pelipper\n|-damage|p2b: Pelipper|19/100\n|move|p2a: Incineroar|Parting Shot|p1b: Whimsicott\n|-unboost|p1b: Whimsicott|atk|1\n|-unboost|p1b: Whimsicott|spa|1\n|\n|t:|1776072984\n|switch|p2a: Starmie|Starmie, L50|100/100|[from] Parting Shot\n|\n|-weather|SunnyDay|[upkeep]\n|upkeep\n|turn|3\n|\n|t:|1776073001\n|detailschange|p2a: Starmie|Starmie-Mega, L50\n|-mega|p2a: Starmie|Starmie|Starminite\n|move|p2a: Starmie|Aqua Jet|p1a: Typhlosion\n|-supereffective|p1a: Typhlosion|1\n|-damage|p1a: Typhlosion|0 fnt\n|faint|p1a: Typhlosion\n|move|p1b: Whimsicott|Moonblast|p2b: Pelipper\n|-damage|p2b: Pelipper|0 fnt\n|faint|p2b: Pelipper\n|\n|-weather|SunnyDay|[upkeep]\n|upkeep\n|\n|t:|1776073014\n|switch|p1a: Venusaur|Venusaur, L50, F, shiny|100/100\n|switch|p2b: Sneasler|Sneasler, L50, M|100/100\n|turn|4\n|inactive|Zero Primal has 30 seconds left.\n|inactive|Zero Primal has 20 seconds left.\n|\n|t:|1776073051\n|move|p1a: Venusaur|Protect|p1a: Venusaur\n|-singleturn|p1a: Venusaur|Protect\n|move|p1b: Whimsicott|Moonblast|p2b: Sneasler\n|-damage|p2b: Sneasler|75/100\n|move|p2b: Sneasler|Dire Claw|p1b: Whimsicott\n|-supereffective|p1b: Whimsicott|2\n|-damage|p1b: Whimsicott|0 fnt\n|faint|p1b: Whimsicott\n|move|p2a: Starmie|Ice Spinner|p1a: Venusaur\n|-activate|p1a: Venusaur|move: Protect\n|\n|-weather|SunnyDay|[upkeep]\n|-sideend|p1: Zero Primal|move: Tailwind\n|upkeep\n|\n|t:|1776073060\n|switch|p1b: Gardevoir|Gardevoir, L50, F|100/100\n|turn|5\n|\n|t:|1776073078\n|switch|p2b: Incineroar|Incineroar, L50, F|100/100\n|-ability|p2b: Incineroar|Intimidate|boost\n|-unboost|p1a: Venusaur|atk|1\n|-unboost|p1b: Gardevoir|atk|1\n|detailschange|p1b: Gardevoir|Gardevoir-Mega, L50, F\n|-mega|p1b: Gardevoir|Gardevoir|Gardevoirite\n|move|p2a: Starmie|Protect|p2a: Starmie\n|-singleturn|p2a: Starmie|Protect\n|move|p1a: Venusaur|Leaf Storm|p2a: Starmie\n|-activate|p2a: Starmie|move: Protect\n|move|p1b: Gardevoir|Psychic|p2b: Incineroar\n|-immune|p2b: Incineroar\n|\n|-weather|SunnyDay|[upkeep]\n|upkeep\n|turn|6\n|inactive|kaiSSTX has 30 seconds left.\n|\n|t:|1776073107\n|move|p1a: Venusaur|Protect|p1a: Venusaur\n|-singleturn|p1a: Venusaur|Protect\n|move|p2b: Incineroar|Fake Out|p1a: Venusaur\n|-activate|p1a: Venusaur|move: Protect\n|move|p2a: Starmie|Ice Spinner|p1b: Gardevoir\n|-damage|p1b: Gardevoir|46/100\n|move|p1b: Gardevoir|Calm Mind|p1b: Gardevoir\n|-boost|p1b: Gardevoir|spa|1\n|-boost|p1b: Gardevoir|spd|1\n|\n|-weather|none\n|upkeep\n|turn|7\n|inactive|kaiSSTX has 30 seconds left.\n|\n|t:|1776073141\n|move|p1b: Gardevoir|Protect|p1b: Gardevoir\n|-singleturn|p1b: Gardevoir|Protect\n|move|p2a: Starmie|Liquidation|p1b: Gardevoir\n|-activate|p1b: Gardevoir|move: Protect\n|move|p1a: Venusaur|Leaf Storm|p2a: Starmie\n|-supereffective|p2a: Starmie|1\n|-damage|p2a: Starmie|0 fnt\n|-unboost|p1a: Venusaur|spa|2\n|faint|p2a: Starmie\n|move|p2b: Incineroar|Parting Shot|p1a: Venusaur\n|-unboost|p1a: Venusaur|atk|1\n|-unboost|p1a: Venusaur|spa|1\n|\n|t:|1776073149\n|switch|p2b: Sneasler|Sneasler, L50, M|75/100|[from] Parting Shot\n|\n|upkeep\n|\n|t:|1776073151\n|switch|p2a: Incineroar|Incineroar, L50, F|100/100\n|-ability|p2a: Incineroar|Intimidate|boost\n|-unboost|p1a: Venusaur|atk|1\n|-unboost|p1b: Gardevoir|atk|1\n|turn|8\n|\n|t:|1776073167\n|move|p2a: Incineroar|Fake Out|p1a: Venusaur\n|-damage|p1a: Venusaur|86/100\n|move|p2b: Sneasler|Dire Claw|p1b: Gardevoir\n|-supereffective|p1b: Gardevoir|1\n|-damage|p1b: Gardevoir|0 fnt\n|faint|p1b: Gardevoir\n|cant|p1a: Venusaur|flinch\n|\n|upkeep\n|turn|9\n|-message|Zero Primal forfeited.\n|\n|win|kaiSSTX\n|raw|Zero Primal's rating: 1219 &rarr; <strong>1193</strong><br />(-26 for losing)\n|raw|kaiSSTX's rating: 1202 &rarr; <strong>1228</strong><br />(+26 for winning)\n|l|\u2606Zero Primal\n|player|p1|\n",
  "uploadtime": 1776073501,
  "views": 15,
  "formatid": "gen9championsvgc2026regma",
  "rating": 1193,
  "private": 0,
  "password": null
}