{
  "id": "gen9championsvgc2026regma-2587710779",
  "format": "[Gen 9 Champions] VGC 2026 Reg M-A",
  "players": [
    "mahir758",
    "Pastor/Sinner"
  ],
  "log": "|j|\u2606mahir758\n|j|\u2606Pastor/Sinner\n|t:|1776556268\n|gametype|doubles\n|player|p1|mahir758|hilbert-wonderlauncher|1226\n|player|p2|Pastor/Sinner|170|1139\n|gen|9\n|tier|[Gen 9 Champions] VGC 2026 Reg M-A\n|rated|\n|rule|Species Clause: Limit one of each Pok\u00e9mon\n|rule|Item Clause: Limit 1 of each item\n|clearpoke\n|poke|p1|Charizard, L50, F|\n|poke|p1|Venusaur, L50, M|\n|poke|p1|Rotom-Wash, L50|\n|poke|p1|Sneasler, L50, F|\n|poke|p1|Incineroar, L50, M|\n|poke|p1|Mamoswine, L50, F|\n|poke|p2|Tyranitar, L50, M, shiny|\n|poke|p2|Aerodactyl, L50, F|\n|poke|p2|Vanilluxe, L50, F|\n|poke|p2|Milotic, L50, F, shiny|\n|poke|p2|Sableye, L50, F|\n|poke|p2|Gengar, L50, F, shiny|\n|teampreview|4\n|inactive|Battle timer is ON: inactive players will automatically lose when time's up. (requested by Pastor/Sinner)\n|\n|t:|1776556317\n|teamsize|p1|4\n|teamsize|p2|4\n|start\n|switch|p1a: Sneasler|Sneasler, L50, F|100/100\n|switch|p1b: Venusaur|Venusaur, L50, M|100/100\n|switch|p2a: Watch Me|Sableye, L50, F|100/100\n|switch|p2b: Gengar|Gengar, L50, F, shiny|100/100\n|turn|1\n|inactive|mahir758 has 30 seconds left.\n|\n|t:|1776556351\n|switch|p1a: Charizard|Charizard, L50, F|100/100\n|switch|p1b: Rotom|Rotom-Wash, L50|100/100\n|detailschange|p2b: Gengar|Gengar-Mega, L50, F, shiny\n|-mega|p2b: Gengar|Gengar|Gengarite\n|move|p2a: Watch Me|Fake Out|p1b: Rotom\n|-damage|p1b: Rotom|95/100\n|move|p2b: Gengar|Perish Song|p2b: Gengar\n|-start|p1a: Charizard|perish3|[silent]\n|-start|p1b: Rotom|perish3|[silent]\n|-start|p2a: Watch Me|perish3|[silent]\n|-start|p2b: Gengar|perish3|[silent]\n|-fieldactivate|move: Perish Song\n|\n|-heal|p1b: Rotom|100/100|[from] item: Leftovers\n|-start|p2b: Gengar|perish3\n|-start|p1a: Charizard|perish3\n|-start|p1b: Rotom|perish3\n|-start|p2a: Watch Me|perish3\n|upkeep\n|turn|2\n|\n|t:|1776556372\n|detailschange|p1a: Charizard|Charizard-Mega-Y, L50, F\n|-mega|p1a: Charizard|Charizard|Charizardite Y\n|-weather|SunnyDay|[from] ability: Drought|[of] p1a: Charizard\n|move|p2a: Watch Me|Protect|p2a: Watch Me\n|-singleturn|p2a: Watch Me|Protect\n|move|p2b: Gengar|Protect|p2b: Gengar\n|-singleturn|p2b: Gengar|Protect\n|move|p1a: Charizard|Heat Wave|p2b: Gengar|[spread] \n|-activate|p2a: Watch Me|move: Protect\n|-activate|p2b: Gengar|move: Protect\n|move|p1b: Rotom|Hydro Pump|p2a: Watch Me\n|-activate|p2a: Watch Me|move: Protect\n|\n|-weather|SunnyDay|[upkeep]\n|-start|p2b: Gengar|perish2\n|-start|p1a: Charizard|perish2\n|-start|p1b: Rotom|perish2\n|-start|p2a: Watch Me|perish2\n|upkeep\n|turn|3\n|\n|t:|1776556396\n|move|p2a: Watch Me|Encore|p1a: Charizard\n|-start|p1a: Charizard|Encore\n|move|p2b: Gengar|Disable|p1a: Charizard\n|-start|p1a: Charizard|Disable|Heat Wave\n|cant|p1a: Charizard|Disable|Heat Wave\n|move|p1b: Rotom|Hydro Pump|p2a: Watch Me\n|-damage|p2a: Watch Me|76/100\n|\n|-weather|SunnyDay|[upkeep]\n|-start|p2b: Gengar|perish1\n|-start|p1a: Charizard|perish1\n|-start|p1b: Rotom|perish1\n|-start|p2a: Watch Me|perish1\n|upkeep\n|turn|4\n|c|\u2606mahir758|Wp\n|inactive|mahir758 has 30 seconds left.\n|\n|t:|1776556424\n|switch|p2b: Tyranitar|Tyranitar, L50, M, shiny|100/100\n|-weather|Sandstorm|[from] ability: Sand Stream|[of] p2b: Tyranitar\n|switch|p2a: Aerodactyl|Aerodactyl, L50, F|100/100\n|-ability|p2a: Aerodactyl|Unnerve\n|-activate|p1a: Charizard|move: Struggle\n|move|p1a: Charizard|Struggle|p2b: Tyranitar\n|-damage|p2b: Tyranitar|91/100\n|-damage|p1a: Charizard|75/100|[from] recoil\n|move|p1b: Rotom|Hydro Pump|p2a: Aerodactyl\n|-supereffective|p2a: Aerodactyl|1\n|-damage|p2a: Aerodactyl|11/100\n|\n|-weather|Sandstorm|[upkeep]\n|-damage|p1a: Charizard|69/100|[from] Sandstorm\n|-damage|p1b: Rotom|95/100|[from] Sandstorm\n|-heal|p1b: Rotom|100/100|[from] item: Leftovers\n|-start|p1a: Charizard|perish0\n|-start|p1b: Rotom|perish0\n|upkeep\n|faint|p1a: Charizard\n|faint|p1b: Rotom\n|c|\u2606Pastor/Sinner|thank you\n|c|\u2606Pastor/Sinner|someone else gave me the idea so i had to try lol\n|\n|t:|1776556445\n|switch|p1a: Sneasler|Sneasler, L50, F|100/100\n|switch|p1b: Venusaur|Venusaur, L50, M|100/100\n|turn|5\n|\n|t:|1776556461\n|move|p2a: Aerodactyl|Protect|p2a: Aerodactyl\n|-singleturn|p2a: Aerodactyl|Protect\n|move|p2b: Tyranitar|Protect|p2b: Tyranitar\n|-singleturn|p2b: Tyranitar|Protect\n|move|p1a: Sneasler|Fake Out|p2a: Aerodactyl\n|-activate|p2a: Aerodactyl|move: Protect\n|move|p1b: Venusaur|Earth Power|p2b: Tyranitar\n|-activate|p2b: Tyranitar|move: Protect\n|\n|-weather|Sandstorm|[upkeep]\n|-damage|p1a: Sneasler|95/100|[from] Sandstorm\n|-damage|p1b: Venusaur|95/100|[from] Sandstorm\n|upkeep\n|turn|6\n|\n|t:|1776556482\n|move|p2a: Aerodactyl|Tailwind|p2a: Aerodactyl\n|-sidestart|p2: Pastor/Sinner|move: Tailwind\n|move|p1a: Sneasler|Rock Tomb|p2a: Aerodactyl\n|-supereffective|p2a: Aerodactyl|1\n|-damage|p2a: Aerodactyl|0 fnt\n|faint|p2a: Aerodactyl\n|move|p2b: Tyranitar|Knock Off|p1a: Sneasler\n|-resisted|p1a: Sneasler|1\n|-damage|p1a: Sneasler|53/100\n|-enditem|p1a: Sneasler|White Herb|[from] move: Knock Off|[of] p2b: Tyranitar\n|move|p1b: Venusaur|Earth Power|p2b: Tyranitar\n|-supereffective|p2b: Tyranitar|1\n|-damage|p2b: Tyranitar|59/100\n|\n|-weather|Sandstorm|[upkeep]\n|-damage|p1a: Sneasler|47/100|[from] Sandstorm\n|-damage|p1b: Venusaur|89/100|[from] Sandstorm\n|upkeep\n|\n|t:|1776556496\n|switch|p2a: Gengar|Gengar-Mega, L50, F, shiny|100/100\n|turn|7\n|\n|t:|1776556506\n|move|p2a: Gengar|Perish Song|p2a: Gengar\n|-start|p1a: Sneasler|perish3|[silent]\n|-start|p1b: Venusaur|perish3|[silent]\n|-start|p2a: Gengar|perish3|[silent]\n|-start|p2b: Tyranitar|perish3|[silent]\n|-fieldactivate|move: Perish Song\n|move|p1a: Sneasler|Close Combat|p2b: Tyranitar\n|-supereffective|p2b: Tyranitar|2\n|-damage|p2b: Tyranitar|0 fnt\n|-unboost|p1a: Sneasler|def|1\n|-unboost|p1a: Sneasler|spd|1\n|faint|p2b: Tyranitar\n|move|p1b: Venusaur|Earth Power|p2a: Gengar\n|-supereffective|p2a: Gengar|1\n|-damage|p2a: Gengar|37/100\n|\n|-weather|Sandstorm|[upkeep]\n|-damage|p2a: Gengar|30/100|[from] Sandstorm\n|-damage|p1a: Sneasler|41/100|[from] Sandstorm\n|-damage|p1b: Venusaur|83/100|[from] Sandstorm\n|-start|p2a: Gengar|perish3\n|-start|p1a: Sneasler|perish3\n|-start|p1b: Venusaur|perish3\n|upkeep\n|\n|t:|1776556522\n|switch|p2b: Watch Me|Sableye, L50, F|76/100\n|turn|8\n|\n|t:|1776556541\n|move|p2b: Watch Me|Encore|p1b: Venusaur\n|-start|p1b: Venusaur|Encore\n|move|p2a: Gengar|Disable|p1b: Venusaur\n|-start|p1b: Venusaur|Disable|Earth Power\n|move|p1a: Sneasler|Rock Tomb|p2b: Watch Me\n|-damage|p2b: Watch Me|49/100\n|-unboost|p2b: Watch Me|spe|1\n|cant|p1b: Venusaur|Disable|Earth Power\n|\n|-weather|none\n|-start|p2a: Gengar|perish2\n|-start|p1a: Sneasler|perish2\n|-start|p1b: Venusaur|perish2\n|upkeep\n|turn|9\n|\n|t:|1776556562\n|move|p2b: Watch Me|Encore|p1a: Sneasler\n|-start|p1a: Sneasler|Encore\n|move|p2a: Gengar|Disable|p1a: Sneasler\n|-start|p1a: Sneasler|Disable|Rock Tomb\n|cant|p1a: Sneasler|Disable|Rock Tomb\n|-activate|p1b: Venusaur|move: Struggle\n|move|p1b: Venusaur|Struggle|p2b: Watch Me\n|-damage|p2b: Watch Me|36/100\n|-damage|p1b: Venusaur|58/100|[from] recoil\n|\n|-start|p2a: Gengar|perish1\n|-start|p1a: Sneasler|perish1\n|-start|p1b: Venusaur|perish1\n|-sideend|p2: Pastor/Sinner|move: Tailwind\n|upkeep\n|turn|10\n|c|\u2606Pastor/Sinner|ggs\n|\n|t:|1776556578\n|move|p2b: Watch Me|Protect|p2b: Watch Me\n|-singleturn|p2b: Watch Me|Protect\n|move|p2a: Gengar|Protect|p2a: Gengar\n|-singleturn|p2a: Gengar|Protect\n|-activate|p1a: Sneasler|move: Struggle\n|move|p1a: Sneasler|Struggle|p2a: Gengar\n|-activate|p2a: Gengar|move: Protect\n|-activate|p1b: Venusaur|move: Struggle\n|move|p1b: Venusaur|Struggle|p2a: Gengar\n|-activate|p2a: Gengar|move: Protect\n|\n|-end|p1b: Venusaur|Encore\n|-start|p1a: Sneasler|perish0\n|-start|p2a: Gengar|perish0\n|-start|p1b: Venusaur|perish0\n|faint|p1a: Sneasler\n|faint|p2a: Gengar\n|faint|p1b: Venusaur\n|\n|win|Pastor/Sinner\n|raw|mahir758's rating: 1226 &rarr; <strong>1195</strong><br />(-31 for losing)\n|raw|Pastor&#x2f;Sinner's rating: 1139 &rarr; <strong>1170</strong><br />(+31 for winning)\n|c|\u2606mahir758|Cringe but gg\n|l|\u2606mahir758\n|player|p1|\n",
  "uploadtime": 1776556620,
  "views": 40,
  "formatid": "gen9championsvgc2026regma",
  "rating": 1170,
  "private": 0,
  "password": null
}