{
  "id": "gen9championsvgc2026regma-2581112527",
  "format": "[Gen 9 Champions] VGC 2026 Reg M-A",
  "players": [
    "naxnaxnax",
    "slurpysigma"
  ],
  "log": "|j|\u2606naxnaxnax\n|j|\u2606slurpysigma\n|t:|1775961041\n|gametype|doubles\n|player|p1|naxnaxnax|wattson|1083\n|player|p2|slurpysigma|101|1027\n|gen|9\n|tier|[Gen 9 Champions] VGC 2026 Reg M-A\n|rated|\n|rule|Species Clause: Limit one of each Pok\u00e9mon\n|rule|Item Clause: Limit 1 of each item\n|clearpoke\n|poke|p1|Chandelure, L50, F|\n|poke|p1|Dragapult, L50, F|\n|poke|p1|Kangaskhan, L50, F|\n|poke|p1|Klefki, L50, M|\n|poke|p1|Aerodactyl, L50, M|\n|poke|p2|Sneasler, L50, M|\n|poke|p2|Sinistcha, L50|\n|poke|p2|Aerodactyl, L50, F|\n|poke|p2|Incineroar, L50, F|\n|poke|p2|Floette-Eternal, L50, F|\n|poke|p2|Garchomp, L50, F|\n|teampreview|4\n|inactive|Battle timer is ON: inactive players will automatically lose when time's up. (requested by slurpysigma)\n|\n|t:|1775961056\n|teamsize|p1|4\n|teamsize|p2|4\n|start\n|switch|p1a: Chandelure|Chandelure, L50, F|100/100\n|switch|p1b: Klefki|Klefki, L50, M|100/100\n|switch|p2a: Aerodactyl|Aerodactyl, L50, F|100/100\n|switch|p2b: Garchomp|Garchomp, L50, F|100/100\n|turn|1\n|\n|t:|1775961068\n|move|p1a: Chandelure|Protect|p1a: Chandelure\n|-singleturn|p1a: Chandelure|Protect\n|move|p1b: Klefki|Magnet Rise|p1b: Klefki\n|-start|p1b: Klefki|Magnet Rise\n|move|p2a: Aerodactyl|Tailwind|p2a: Aerodactyl\n|-sidestart|p2: slurpysigma|move: Tailwind\n|move|p2b: Garchomp|Earthquake|p1b: Klefki|[spread] \n|-activate|p1a: Chandelure|move: Protect\n|-immune|p2a: Aerodactyl\n|-immune|p1b: Klefki\n|\n|upkeep\n|turn|2\n|\n|t:|1775961091\n|switch|p1a: Dragapult|Dragapult, L50, F|100/100\n|move|p1b: Klefki|Thunder Wave|p2a: Aerodactyl\n|-status|p2a: Aerodactyl|par\n|move|p2b: Garchomp|Rock Slide|p1a: Dragapult|[spread] p1a,p1b\n|-resisted|p1b: Klefki|1\n|-damage|p1a: Dragapult|74/100\n|-damage|p1b: Klefki|89/100\n|move|p2a: Aerodactyl|Rock Slide|p1b: Klefki|[spread] p1b\n|-miss|p2a: Aerodactyl|p1a: Dragapult\n|-resisted|p1b: Klefki|1\n|-damage|p1b: Klefki|74/100\n|\n|upkeep\n|turn|3\n|\n|t:|1775961113\n|switch|p2a: Floette|Floette-Eternal, L50, F|100/100\n|move|p2b: Garchomp|Stomping Tantrum|p1a: Dragapult\n|-damage|p1a: Dragapult|15/100\n|move|p1a: Dragapult|Dragon Darts|p2b: Garchomp\n|-supereffective|p2b: Garchomp|1\n|-damage|p2b: Garchomp|49/100\n|-anim|p1a: Dragapult|Dragon Darts|p2b: Garchomp\n|-supereffective|p2b: Garchomp|1\n|-damage|p2b: Garchomp|0 fnt\n|faint|p2b: Garchomp\n|move|p1b: Klefki|Draining Kiss|p2a: Floette\n|-damage|p2a: Floette|77/100\n|-heal|p1b: Klefki|91/100|[from] drain|[of] p2a: Floette\n|\n|upkeep\n|\n|t:|1775961127\n|switch|p2b: Sneasler|Sneasler, L50, M|100/100\n|turn|4\n|\n|t:|1775961146\n|detailschange|p2a: Floette|Floette-Mega, L50, F\n|-mega|p2a: Floette|Floette|Floettite\n|-ability|p2a: Floette|Fairy Aura\n|move|p2b: Sneasler|Fake Out|p1b: Klefki\n|-resisted|p1b: Klefki|1\n|-damage|p1b: Klefki|82/100\n|cant|p1b: Klefki|flinch\n|move|p2a: Floette|Moonblast|p1a: Dragapult\n|-supereffective|p1a: Dragapult|1\n|-damage|p1a: Dragapult|0 fnt\n|faint|p1a: Dragapult\n|\n|-sideend|p2: slurpysigma|move: Tailwind\n|upkeep\n|\n|t:|1775961158\n|switch|p1a: Chandelure|Chandelure, L50, F|100/100\n|turn|5\n|\n|t:|1775961181\n|move|p1b: Klefki|Thunder Wave|p2a: Floette\n|-status|p2a: Floette|par\n|move|p2b: Sneasler|Close Combat|p1b: Klefki\n|-damage|p1b: Klefki|15/100\n|-unboost|p2b: Sneasler|def|1\n|-unboost|p2b: Sneasler|spd|1\n|move|p1a: Chandelure|Calm Mind|p1a: Chandelure\n|-boost|p1a: Chandelure|spa|1\n|-boost|p1a: Chandelure|spd|1\n|move|p2a: Floette|Moonblast|p1b: Klefki\n|-resisted|p1b: Klefki|1\n|-damage|p1b: Klefki|0 fnt\n|faint|p1b: Klefki\n|\n|upkeep\n|\n|t:|1775961195\n|switch|p1b: Kangaskhan|Kangaskhan, L50, F|100/100\n|turn|6\n|\n|t:|1775961204\n|detailschange|p1b: Kangaskhan|Kangaskhan-Mega, L50, F\n|-mega|p1b: Kangaskhan|Kangaskhan|Kangaskhanite\n|move|p2b: Sneasler|Protect|p2b: Sneasler\n|-singleturn|p2b: Sneasler|Protect\n|move|p2a: Floette|Protect|p2a: Floette\n|-singleturn|p2a: Floette|Protect\n|move|p1b: Kangaskhan|Fake Out|p2b: Sneasler\n|-activate|p2b: Sneasler|move: Protect\n|move|p1a: Chandelure|Heat Wave|p2a: Floette|[spread] \n|-activate|p2a: Floette|move: Protect\n|-activate|p2b: Sneasler|move: Protect\n|\n|upkeep\n|turn|7\n|\n|t:|1775961216\n|move|p2b: Sneasler|Close Combat|p1b: Kangaskhan\n|-supereffective|p1b: Kangaskhan|1\n|-damage|p1b: Kangaskhan|0 fnt\n|-unboost|p2b: Sneasler|def|1\n|-unboost|p2b: Sneasler|spd|1\n|faint|p1b: Kangaskhan\n|move|p1a: Chandelure|Heat Wave|p2a: Floette|[spread] p2a,p2b\n|-damage|p2a: Floette|17/100 par\n|-damage|p2b: Sneasler|0 fnt\n|faint|p2b: Sneasler\n|move|p2a: Floette|Moonblast|p1a: Chandelure\n|-resisted|p1a: Chandelure|1\n|-damage|p1a: Chandelure|70/100\n|\n|upkeep\n|\n|t:|1775961220\n|switch|p2b: Aerodactyl|Aerodactyl, L50, F|100/100 par\n|turn|8\n|\n|t:|1775961231\n|move|p1a: Chandelure|Heat Wave|p2a: Floette|[spread] p2a,p2b\n|-resisted|p2b: Aerodactyl|1\n|-damage|p2a: Floette|0 fnt\n|-damage|p2b: Aerodactyl|50/100 par\n|faint|p2a: Floette\n|move|p2b: Aerodactyl|Rock Slide|p1a: Chandelure\n|-supereffective|p1a: Chandelure|1\n|-damage|p1a: Chandelure|0 fnt\n|faint|p1a: Chandelure\n|\n|win|slurpysigma\n|raw|naxnaxnax's rating: 1083 &rarr; <strong>1057</strong><br />(-26 for losing)\n|raw|slurpysigma's rating: 1027 &rarr; <strong>1069</strong><br />(+42 for winning)\n",
  "uploadtime": 1775961231,
  "views": 11,
  "formatid": "gen9championsvgc2026regma",
  "rating": 1057,
  "private": 0,
  "password": null
}