{
  "id": "gen9championsvgc2026regma-2584916405",
  "format": "[Gen 9 Champions] VGC 2026 Reg M-A",
  "players": [
    "Prioski",
    "yuriimon"
  ],
  "log": "|j|\u2606Prioski\n|j|\u2606yuriimon\n|t:|1776294250\n|gametype|doubles\n|player|p1|Prioski|170|1181\n|player|p2|yuriimon|waitress-gen4|1199\n|gen|9\n|tier|[Gen 9 Champions] VGC 2026 Reg M-A\n|rated|\n|rule|Species Clause: Limit one of each Pok\u00e9mon\n|rule|Item Clause: Limit 1 of each item\n|clearpoke\n|poke|p1|Gengar, L50, M|\n|poke|p1|Incineroar, L50, M|\n|poke|p1|Whimsicott, L50, F|\n|poke|p1|Kommo-o, L50, F|\n|poke|p1|Tyranitar, L50, M|\n|poke|p1|Rotom-Wash, L50|\n|poke|p2|Glimmora, L50, F|\n|poke|p2|Incineroar, L50, M|\n|poke|p2|Politoed, L50, M|\n|poke|p2|Basculegion, L50, M|\n|poke|p2|Chesnaught, L50, F|\n|poke|p2|Kommo-o, L50, F|\n|teampreview|4\n|inactive|Battle timer is ON: inactive players will automatically lose when time's up. (requested by yuriimon)\n|inactive|Prioski has 60 seconds left.\n|inactive|yuriimon has 60 seconds left.\n|\n|t:|1776294306\n|teamsize|p1|4\n|teamsize|p2|4\n|start\n|switch|p1a: Whimsicott|Whimsicott, L50, F|100/100\n|switch|p1b: Incineroar|Incineroar, L50, M|100/100\n|switch|p2a: Glimmora|Glimmora, L50, F|100/100\n|switch|p2b: Incineroar|Incineroar, L50, M|100/100\n|-ability|p1b: Incineroar|Intimidate|boost\n|-unboost|p2a: Glimmora|atk|1\n|-unboost|p2b: Incineroar|atk|1\n|-ability|p2b: Incineroar|Intimidate|boost\n|-unboost|p1a: Whimsicott|atk|1\n|-unboost|p1b: Incineroar|atk|1\n|turn|1\n|inactive|Prioski has 30 seconds left.\n|\n|t:|1776294339\n|detailschange|p2a: Glimmora|Glimmora-Mega, L50, F\n|-mega|p2a: Glimmora|Glimmora|Glimmoranite\n|move|p1a: Whimsicott|Protect|p1a: Whimsicott\n|-singleturn|p1a: Whimsicott|Protect\n|move|p2b: Incineroar|Fake Out|p1a: Whimsicott\n|-activate|p1a: Whimsicott|move: Protect\n|move|p2a: Glimmora|Sludge Wave|p1b: Incineroar|[spread] p2b,p1b\n|-activate|p1a: Whimsicott|move: Protect\n|-damage|p2b: Incineroar|43/100\n|-damage|p1b: Incineroar|56/100\n|-enditem|p2b: Incineroar|Sitrus Berry|[eat]\n|-heal|p2b: Incineroar|68/100|[from] item: Sitrus Berry\n|move|p1b: Incineroar|Parting Shot|p2a: Glimmora\n|-unboost|p2a: Glimmora|atk|1\n|-unboost|p2a: Glimmora|spa|1\n|inactive|Prioski has 30 seconds left.\n|\n|t:|1776294365\n|switch|p1b: Tyranitar|Tyranitar, L50, M|100/100|[from] Parting Shot\n|-weather|Sandstorm|[from] ability: Sand Stream|[of] p1b: Tyranitar\n|\n|-weather|Sandstorm|[upkeep]\n|-damage|p1a: Whimsicott|95/100|[from] Sandstorm\n|-damage|p2b: Incineroar|62/100|[from] Sandstorm\n|upkeep\n|turn|2\n|inactive|Prioski has 30 seconds left.\n|inactive|yuriimon has 30 seconds left.\n|\n|t:|1776294398\n|switch|p2b: Basculegion|Basculegion, L50, M|100/100\n|move|p1a: Whimsicott|Encore||[still]\n|-fail|p1a: Whimsicott\n|move|p1b: Tyranitar|Earthquake|p2b: Basculegion|[spread] p1a,p2a,p2b\n|-resisted|p1a: Whimsicott|1\n|-supereffective|p2a: Glimmora|2\n|-damage|p1a: Whimsicott|76/100\n|-damage|p2a: Glimmora|14/100\n|-damage|p2b: Basculegion|66/100\n|move|p2a: Glimmora|Sludge Wave|p1a: Whimsicott|[spread] p2b,p1a,p1b\n|-resisted|p2b: Basculegion|1\n|-supereffective|p1a: Whimsicott|2\n|-resisted|p1b: Tyranitar|1\n|-damage|p2b: Basculegion|44/100\n|-damage|p1a: Whimsicott|0 fnt\n|-damage|p1b: Tyranitar|87/100\n|-status|p1b: Tyranitar|psn\n|faint|p1a: Whimsicott\n|\n|-weather|Sandstorm|[upkeep]\n|-damage|p2b: Basculegion|37/100|[from] Sandstorm\n|-damage|p1b: Tyranitar|75/100 psn|[from] psn\n|upkeep\n|inactive|Prioski has 30 seconds left.\n|\n|t:|1776294425\n|switch|p1a: Incineroar|Incineroar, L50, M|56/100\n|-ability|p1a: Incineroar|Intimidate|boost\n|-unboost|p2a: Glimmora|atk|1\n|-unboost|p2b: Basculegion|atk|1\n|turn|3\n|inactive|Prioski has 30 seconds left.\n|\n|t:|1776294450\n|switch|p2a: Incineroar|Incineroar, L50, M|62/100\n|-ability|p2a: Incineroar|Intimidate|boost\n|-unboost|p1a: Incineroar|atk|1\n|-unboost|p1b: Tyranitar|atk|1\n|move|p1a: Incineroar|Fake Out|p2a: Incineroar\n|-damage|p2a: Incineroar|57/100\n|move|p1b: Tyranitar|Earthquake|p2a: Incineroar|[spread] p1a,p2a,p2b\n|-supereffective|p1a: Incineroar|1\n|-supereffective|p2a: Incineroar|1\n|-damage|p1a: Incineroar|23/100\n|-damage|p2a: Incineroar|27/100\n|-damage|p2b: Basculegion|15/100\n|-enditem|p1a: Incineroar|Sitrus Berry|[eat]\n|-heal|p1a: Incineroar|48/100|[from] item: Sitrus Berry\n|move|p2b: Basculegion|Wave Crash|p1b: Tyranitar\n|-supereffective|p1b: Tyranitar|1\n|-damage|p1b: Tyranitar|0 fnt\n|faint|p1b: Tyranitar\n|-damage|p2b: Basculegion|0 fnt|[from] Recoil\n|faint|p2b: Basculegion\n|\n|-weather|Sandstorm|[upkeep]\n|-damage|p2a: Incineroar|21/100|[from] Sandstorm\n|-damage|p1a: Incineroar|42/100|[from] Sandstorm\n|upkeep\n|\n|t:|1776294475\n|switch|p2b: Glimmora|Glimmora-Mega, L50, F|14/100\n|switch|p1b: Kommo-o|Kommo-o, L50, F|100/100\n|turn|4\n|inactive|Prioski has 30 seconds left.\n|\n|t:|1776294504\n|move|p1b: Kommo-o|Protect|p1b: Kommo-o\n|-singleturn|p1b: Kommo-o|Protect\n|move|p2a: Incineroar|Fake Out|p1b: Kommo-o\n|-activate|p1b: Kommo-o|move: Protect\n|move|p2b: Glimmora|Power Gem|p1a: Incineroar\n|-supereffective|p1a: Incineroar|1\n|-damage|p1a: Incineroar|0 fnt\n|faint|p1a: Incineroar\n|\n|-weather|Sandstorm|[upkeep]\n|-damage|p2a: Incineroar|15/100|[from] Sandstorm\n|upkeep\n|turn|5\n|inactive|yuriimon has 30 seconds left.\n|\n|t:|1776294530\n|move|p2b: Glimmora|Earth Power|p1b: Kommo-o\n|-damage|p1b: Kommo-o|56/100\n|move|p1b: Kommo-o|Clanging Scales|p2b: Glimmora|[spread] p2a,p2b\n|-damage|p2a: Incineroar|0 fnt\n|-damage|p2b: Glimmora|0 fnt\n|faint|p2a: Incineroar\n|faint|p2b: Glimmora\n|-unboost|p1b: Kommo-o|def|1\n|\n|-weather|none\n|upkeep\n|\n|t:|1776294536\n|switch|p2b: Kommo-o|Kommo-o, L50, F|100/100\n|turn|6\n|\n|t:|1776294550\n|move|p1b: Kommo-o|Protect|p1b: Kommo-o\n|-singleturn|p1b: Kommo-o|Protect\n|move|p2b: Kommo-o|Dragon Claw|p1b: Kommo-o\n|-activate|p1b: Kommo-o|move: Protect\n|\n|upkeep\n|turn|7\n|\n|t:|1776294558\n|move|p2b: Kommo-o|Dragon Claw|p1b: Kommo-o\n|-supereffective|p1b: Kommo-o|1\n|-damage|p1b: Kommo-o|0 fnt\n|faint|p1b: Kommo-o\n|\n|win|yuriimon\n|raw|Prioski's rating: 1181 &rarr; <strong>1157</strong><br />(-24 for losing)\n|raw|yuriimon's rating: 1199 &rarr; <strong>1223</strong><br />(+24 for winning)\n|c|\u2606yuriimon|gg\n|c|\u2606Prioski|gg\n|l|\u2606Prioski\n|player|p1|\n",
  "uploadtime": 1776294567,
  "views": 18,
  "formatid": "gen9championsvgc2026regma",
  "rating": 1157,
  "private": 0,
  "password": null
}