{
  "id": "gen9championsvgc2026regma-2589468685",
  "format": "[Gen 9 Champions] VGC 2026 Reg M-A",
  "players": [
    "catfelps",
    "bravesatlantabl"
  ],
  "log": "|j|\u2606catfelps\n|j|\u2606bravesatlantabl\n|t:|1776725686\n|gametype|doubles\n|player|p1|catfelps|pokekid|1101\n|player|p2|bravesatlantabl|101|1196\n|gen|9\n|tier|[Gen 9 Champions] VGC 2026 Reg M-A\n|rated|\n|rule|Species Clause: Limit one of each Pok\u00e9mon\n|rule|Item Clause: Limit 1 of each item\n|clearpoke\n|poke|p1|Charizard, L50, F|\n|poke|p1|Incineroar, L50, F|\n|poke|p1|Floette-Eternal, L50, F|\n|poke|p1|Aerodactyl, L50, F, shiny|\n|poke|p1|Sneasler, L50, M, shiny|\n|poke|p1|Rotom-Wash, L50|\n|poke|p2|Oranguru, L50, F|\n|poke|p2|Torkoal, L50, M|\n|poke|p2|Golurk, L50|\n|poke|p2|Sinistcha, L50|\n|poke|p2|Incineroar, L50, F|\n|poke|p2|Lucario, L50, F|\n|teampreview|4\n|\n|t:|1776725717\n|teamsize|p1|4\n|teamsize|p2|4\n|start\n|switch|p1a: Incineroar|Incineroar, L50, F|100/100\n|switch|p1b: Sneasler|Sneasler, L50, M, shiny|100/100\n|switch|p2a: Incineroar|Incineroar, L50, F|100/100\n|switch|p2b: Oranguru|Oranguru, L50, F|100/100\n|-ability|p1a: Incineroar|Intimidate|boost\n|-unboost|p2a: Incineroar|atk|1\n|-fail|p2b: Oranguru|unboost|Attack|[from] ability: Inner Focus|[of] p2b: Oranguru\n|-ability|p2a: Incineroar|Intimidate|boost\n|-unboost|p1a: Incineroar|atk|1\n|-unboost|p1b: Sneasler|atk|1\n|-enditem|p1b: Sneasler|White Herb\n|-clearnegativeboost|p1b: Sneasler|[silent]\n|turn|1\n|\n|t:|1776725733\n|move|p1b: Sneasler|Fake Out|p2a: Incineroar\n|-damage|p2a: Incineroar|87/100\n|cant|p2a: Incineroar|flinch\n|move|p1a: Incineroar|Throat Chop|p2b: Oranguru\n|-supereffective|p2b: Oranguru|1\n|-crit|p2b: Oranguru\n|-damage|p2b: Oranguru|0 fnt\n|faint|p2b: Oranguru\n|\n|upkeep\n|c|\u2606bravesatlantabl|Oof\n|\n|t:|1776725758\n|switch|p2b: Torkoal|Torkoal, L50, M|100/100\n|-weather|SunnyDay|[from] ability: Drought|[of] p2b: Torkoal\n|turn|2\n|\n|t:|1776725779\n|switch|p2a: Golurk|Golurk, L50|100/100\n|move|p1b: Sneasler|Close Combat|p2b: Torkoal\n|-damage|p2b: Torkoal|51/100\n|-unboost|p1b: Sneasler|def|1\n|-unboost|p1b: Sneasler|spd|1\n|move|p1a: Incineroar|Parting Shot|p2a: Golurk\n|-unboost|p2a: Golurk|atk|1\n|-unboost|p2a: Golurk|spa|1\n|\n|t:|1776725788\n|switch|p1a: Rotom|Rotom-Wash, L50|100/100|[from] Parting Shot\n|move|p2b: Torkoal|Heat Wave|p1b: Sneasler|[spread] p1a,p1b\n|-resisted|p1a: Rotom|1\n|-damage|p1a: Rotom|67/100\n|-damage|p1b: Sneasler|0 fnt\n|-status|p1a: Rotom|brn\n|faint|p1b: Sneasler\n|\n|-weather|SunnyDay|[upkeep]\n|-damage|p1a: Rotom|61/100 brn|[from] brn\n|upkeep\n|\n|t:|1776725798\n|switch|p1b: Incineroar|Incineroar, L50, F|100/100\n|-ability|p1b: Incineroar|Intimidate|boost\n|-unboost|p2a: Golurk|atk|1\n|-unboost|p2b: Torkoal|atk|1\n|turn|3\n|\n|t:|1776725815\n|switch|p2a: Incineroar|Incineroar, L50, F|87/100\n|-ability|p2a: Incineroar|Intimidate|boost\n|-unboost|p1a: Rotom|atk|1\n|-unboost|p1b: Incineroar|atk|1\n|move|p2b: Torkoal|Protect|p2b: Torkoal\n|-singleturn|p2b: Torkoal|Protect\n|move|p1b: Incineroar|Fake Out|p2b: Torkoal\n|-activate|p2b: Torkoal|move: Protect\n|move|p1a: Rotom|Hydro Pump|p2a: Incineroar\n|-supereffective|p2a: Incineroar|1\n|-damage|p2a: Incineroar|42/100\n|\n|-weather|SunnyDay|[upkeep]\n|-damage|p1a: Rotom|55/100 brn|[from] brn\n|upkeep\n|turn|4\n|\n|t:|1776725839\n|move|p2a: Incineroar|Fake Out|p1a: Rotom\n|-damage|p1a: Rotom|37/100 brn\n|cant|p1a: Rotom|flinch\n|move|p1b: Incineroar|Throat Chop|p2b: Torkoal\n|-damage|p2b: Torkoal|30/100\n|-start|p2b: Torkoal|Throat Chop|[silent]\n|move|p2b: Torkoal|Earth Power|p1b: Incineroar\n|-supereffective|p1b: Incineroar|1\n|-enditem|p1b: Incineroar|Shuca Berry|[eat]\n|-enditem|p1b: Incineroar|Shuca Berry|[weaken]\n|-damage|p1b: Incineroar|77/100\n|\n|-weather|SunnyDay|[upkeep]\n|-damage|p1a: Rotom|31/100 brn|[from] brn\n|upkeep\n|turn|5\n|\n|t:|1776725852\n|move|p1a: Rotom|Hydro Pump|p2b: Torkoal\n|-supereffective|p2b: Torkoal|1\n|-damage|p2b: Torkoal|0 fnt\n|faint|p2b: Torkoal\n|move|p1b: Incineroar|Throat Chop|p2a: Incineroar\n|-resisted|p2a: Incineroar|1\n|-damage|p2a: Incineroar|29/100\n|-start|p2a: Incineroar|Throat Chop|[silent]\n|move|p2a: Incineroar|Darkest Lariat|p1a: Rotom\n|-damage|p1a: Rotom|0 fnt\n|faint|p1a: Rotom\n|\n|-weather|SunnyDay|[upkeep]\n|upkeep\n|\n|t:|1776725862\n|switch|p1a: Charizard|Charizard, L50, F|100/100\n|switch|p2b: Golurk|Golurk, L50|100/100\n|turn|6\n|\n|t:|1776725880\n|detailschange|p1a: Charizard|Charizard-Mega-Y, L50, F\n|-mega|p1a: Charizard|Charizard|Charizardite Y\n|detailschange|p2b: Golurk|Golurk-Mega, L50\n|-mega|p2b: Golurk|Golurk|Golurkite\n|move|p2b: Golurk|Protect|p2b: Golurk\n|-singleturn|p2b: Golurk|Protect\n|move|p1a: Charizard|Solar Beam||[still]\n|-prepare|p1a: Charizard|Solar Beam\n|-anim|p1a: Charizard|Solar Beam|p2b: Golurk\n|-activate|p2b: Golurk|move: Protect\n|move|p1b: Incineroar|Throat Chop|p2b: Golurk\n|-activate|p2b: Golurk|move: Protect\n|move|p2a: Incineroar|Darkest Lariat|p1a: Charizard\n|-damage|p1a: Charizard|41/100\n|\n|-weather|none\n|-end|p2a: Incineroar|Throat Chop|[silent]\n|upkeep\n|turn|7\n|\n|t:|1776725907\n|move|p1a: Charizard|Heat Wave|p2a: Incineroar|[spread] p2a,p2b\n|-resisted|p2a: Incineroar|1\n|-damage|p2a: Incineroar|9/100\n|-damage|p2b: Golurk|63/100\n|move|p1b: Incineroar|Throat Chop|p2b: Golurk\n|-supereffective|p2b: Golurk|1\n|-damage|p2b: Golurk|14/100\n|-start|p2b: Golurk|Throat Chop|[silent]\n|move|p2a: Incineroar|Darkest Lariat|p1a: Charizard\n|-damage|p1a: Charizard|0 fnt\n|faint|p1a: Charizard\n|move|p2b: Golurk|Headlong Rush|p1b: Incineroar\n|-supereffective|p1b: Incineroar|1\n|-damage|p1b: Incineroar|0 fnt\n|-unboost|p2b: Golurk|def|1\n|-unboost|p2b: Golurk|spd|1\n|faint|p1b: Incineroar\n|\n|win|bravesatlantabl\n|raw|catfelps's rating: 1101 &rarr; <strong>1083</strong><br />(-18 for losing)\n|raw|bravesatlantabl's rating: 1196 &rarr; <strong>1214</strong><br />(+18 for winning)\n|l|\u2606catfelps\n|player|p1|\n",
  "uploadtime": 1776725927,
  "views": 8,
  "formatid": "gen9championsvgc2026regma",
  "rating": 1083,
  "private": 0,
  "password": null
}