{
  "id": "gen9championsvgc2026regma-2586755366",
  "format": "[Gen 9 Champions] VGC 2026 Reg M-A",
  "players": [
    "Quaza15",
    "asfe3v"
  ],
  "log": "|j|\u2606Quaza15\n|j|\u2606asfe3v\n|t:|1776457354\n|gametype|doubles\n|player|p1|Quaza15|ruinmaniac|1291\n|player|p2|asfe3v|266|1203\n|gen|9\n|tier|[Gen 9 Champions] VGC 2026 Reg M-A\n|rated|\n|rule|Species Clause: Limit one of each Pok\u00e9mon\n|rule|Item Clause: Limit 1 of each item\n|clearpoke\n|poke|p1|Aerodactyl, L50, M|\n|poke|p1|Garchomp, L50, M|\n|poke|p1|Mamoswine, L50, M|\n|poke|p1|Charizard, L50, M|\n|poke|p1|Kingambit, L50, F|\n|poke|p1|Rotom-Wash, L50|\n|poke|p2|Araquanid, L50, M|\n|poke|p2|Umbreon, L50, M|\n|poke|p2|Toxicroak, L50, M|\n|poke|p2|Sneasler, L50, M|\n|poke|p2|Scovillain, L50, M|\n|poke|p2|Audino, L50, F|\n|teampreview|4\n|inactive|Battle timer is ON: inactive players will automatically lose when time's up. (requested by asfe3v)\n|inactive|Quaza15 has 60 seconds left.\n|\n|t:|1776457407\n|teamsize|p1|4\n|teamsize|p2|4\n|start\n|switch|p1a: Charizard|Charizard, L50, M|100/100\n|switch|p1b: Rotom|Rotom-Wash, L50|100/100\n|switch|p2a: Audino|Audino, L50, F|100/100\n|switch|p2b: Umbreon|Umbreon, L50, M|100/100\n|turn|1\n|\n|t:|1776457420\n|detailschange|p1a: Charizard|Charizard-Mega-Y, L50, M\n|-mega|p1a: Charizard|Charizard|Charizardite Y\n|-weather|SunnyDay|[from] ability: Drought|[of] p1a: Charizard\n|detailschange|p2a: Audino|Audino-Mega, L50, F\n|-mega|p2a: Audino|Audino|Audinite\n|move|p1b: Rotom|Thunderbolt|p2a: Audino\n|-damage|p2a: Audino|79/100\n|move|p1a: Charizard|Heat Wave|p2a: Audino|[spread] p2a,p2b\n|-damage|p2a: Audino|28/100\n|-damage|p2b: Umbreon|61/100\n|move|p2b: Umbreon|Calm Mind|p2b: Umbreon\n|-boost|p2b: Umbreon|spa|1\n|-boost|p2b: Umbreon|spd|1\n|move|p2a: Audino|Trick Room|p2a: Audino\n|-fieldstart|move: Trick Room|[of] p2a: Audino\n|\n|-weather|SunnyDay|[upkeep]\n|upkeep\n|turn|2\n|\n|t:|1776457441\n|move|p2a: Audino|Yawn|p1a: Charizard\n|-start|p1a: Charizard|move: Yawn|[of] p2a: Audino\n|move|p2b: Umbreon|Focus Energy|p2b: Umbreon\n|-start|p2b: Umbreon|move: Focus Energy\n|move|p1a: Charizard|Heat Wave|p2b: Umbreon|[spread] p2a,p2b\n|-damage|p2a: Audino|0 fnt\n|-damage|p2b: Umbreon|35/100\n|faint|p2a: Audino\n|move|p1b: Rotom|Thunderbolt|p2b: Umbreon\n|-damage|p2b: Umbreon|23/100\n|\n|-weather|SunnyDay|[upkeep]\n|upkeep\n|\n|t:|1776457453\n|switch|p2a: Toxicroak|Toxicroak, L50, M|100/100\n|turn|3\n|\n|t:|1776457460\n|switch|p1a: Aerodactyl|Aerodactyl, L50, M|100/100\n|-ability|p1a: Aerodactyl|Unnerve\n|move|p2a: Toxicroak|Fake Out|p1a: Aerodactyl\n|-resisted|p1a: Aerodactyl|1\n|-damage|p1a: Aerodactyl|92/100\n|move|p2b: Umbreon|Baton Pass|p2b: Umbreon\n|\n|t:|1776457468\n|switch|p2b: Araquanid|Araquanid, L50, M|100/100|[from] Baton Pass\n|move|p1b: Rotom|Thunderbolt|p2a: Toxicroak\n|-damage|p2a: Toxicroak|59/100\n|\n|-weather|SunnyDay|[upkeep]\n|-damage|p2a: Toxicroak|47/100|[from] ability: Dry Skin|[of] p2a: Toxicroak\n|-heal|p2a: Toxicroak|53/100|[from] item: Leftovers\n|upkeep\n|turn|4\n|\n|t:|1776457479\n|move|p2b: Araquanid|Surf|p1b: Rotom|[spread] p1a,p1b\n|-heal|p2a: Toxicroak|78/100|[from] ability: Dry Skin|[of] p2b: Araquanid\n|-supereffective|p1a: Aerodactyl|1\n|-crit|p1a: Aerodactyl\n|-resisted|p1b: Rotom|1\n|-crit|p1b: Rotom\n|-damage|p1a: Aerodactyl|0 fnt\n|-damage|p1b: Rotom|71/100\n|faint|p1a: Aerodactyl\n|move|p2a: Toxicroak|Rain Dance|p2a: Toxicroak\n|-weather|RainDance\n|move|p1b: Rotom|Thunderbolt|p2b: Araquanid\n|-supereffective|p2b: Araquanid|1\n|-damage|p2b: Araquanid|66/100\n|\n|-weather|RainDance|[upkeep]\n|-heal|p2a: Toxicroak|90/100|[from] ability: Dry Skin\n|-heal|p2a: Toxicroak|96/100|[from] item: Leftovers\n|upkeep\n|\n|t:|1776457490\n|switch|p1a: Garchomp|Garchomp, L50, M|100/100\n|turn|5\n|\n|t:|1776457497\n|move|p1a: Garchomp|Protect|p1a: Garchomp\n|-singleturn|p1a: Garchomp|Protect\n|move|p2b: Araquanid|Surf|p1a: Garchomp|[spread] p1b\n|-activate|p1a: Garchomp|move: Protect\n|-heal|p2a: Toxicroak|100/100|[from] ability: Dry Skin|[of] p2b: Araquanid\n|-resisted|p1b: Rotom|1\n|-crit|p1b: Rotom\n|-damage|p1b: Rotom|0 fnt\n|faint|p1b: Rotom\n|move|p2a: Toxicroak|Icy Wind|p1a: Garchomp\n|-activate|p1a: Garchomp|move: Protect\n|\n|-weather|RainDance|[upkeep]\n|-fieldend|move: Trick Room\n|upkeep\n|\n|t:|1776457506\n|switch|p1b: Charizard|Charizard-Mega-Y, L50, M|100/100\n|-weather|SunnyDay|[from] ability: Drought|[of] p1b: Charizard\n|turn|6\n|\n|t:|1776457514\n|move|p2b: Araquanid|Protect|p2b: Araquanid\n|-singleturn|p2b: Araquanid|Protect\n|move|p1a: Garchomp|Rock Slide|p2b: Araquanid|[spread] p2a\n|-activate|p2b: Araquanid|move: Protect\n|-resisted|p2a: Toxicroak|1\n|-damage|p2a: Toxicroak|92/100\n|move|p1b: Charizard|Weather Ball|p2b: Araquanid\n|-activate|p2b: Araquanid|move: Protect\n|move|p2a: Toxicroak|Rain Dance|p2a: Toxicroak\n|-weather|RainDance\n|\n|-weather|RainDance|[upkeep]\n|-heal|p2a: Toxicroak|100/100|[from] ability: Dry Skin\n|upkeep\n|turn|7\n|\n|t:|1776457528\n|move|p1a: Garchomp|Rock Slide|p2a: Toxicroak|[spread] p2a,p2b\n|-resisted|p2a: Toxicroak|1\n|-supereffective|p2b: Araquanid|1\n|-damage|p2a: Toxicroak|92/100\n|-damage|p2b: Araquanid|23/100\n|move|p1b: Charizard|Heat Wave|p2b: Araquanid|[spread] p2a,p2b\n|-damage|p2a: Toxicroak|56/100\n|-damage|p2b: Araquanid|17/100\n|cant|p2a: Toxicroak|flinch\n|move|p2b: Araquanid|Surf|p1a: Garchomp|[spread] p1a,p1b\n|-heal|p2a: Toxicroak|81/100|[from] ability: Dry Skin|[of] p2b: Araquanid\n|-crit|p1a: Garchomp\n|-supereffective|p1b: Charizard|1\n|-crit|p1b: Charizard\n|-damage|p1a: Garchomp|0 fnt\n|-damage|p1b: Charizard|0 fnt\n|faint|p1a: Garchomp\n|faint|p1b: Charizard\n|\n|win|asfe3v\n|raw|Quaza15's rating: 1291 &rarr; <strong>1260</strong><br />(-31 for losing)\n|raw|asfe3v's rating: 1203 &rarr; <strong>1234</strong><br />(+31 for winning)\n",
  "uploadtime": 1776457529,
  "views": 39,
  "formatid": "gen9championsvgc2026regma",
  "rating": 1234,
  "private": 0,
  "password": null
}