{
  "id": "gen9championsvgc2026regma-2585898055",
  "format": "[Gen 9 Champions] VGC 2026 Reg M-A",
  "players": [
    "CamerruptConcierge",
    "Endergeimer"
  ],
  "log": "|j|\u2606CamerruptConcierge\n|j|\u2606Endergeimer\n|t:|1776379504\n|gametype|doubles\n|player|p1|CamerruptConcierge|266|1014\n|player|p2|Endergeimer|170|1000\n|gen|9\n|tier|[Gen 9 Champions] VGC 2026 Reg M-A\n|rated|\n|rule|Species Clause: Limit one of each Pok\u00e9mon\n|rule|Item Clause: Limit 1 of each item\n|clearpoke\n|poke|p1|Beedrill, L50, F|\n|poke|p1|Aerodactyl, L50, F|\n|poke|p1|Clefable, L50, F|\n|poke|p1|Ninetales-Alola, L50, M|\n|poke|p1|Blastoise, L50, F|\n|poke|p1|Kangaskhan, L50, F|\n|poke|p2|Basculegion, L50, M|\n|poke|p2|Gengar, L50, M|\n|poke|p2|Runerigus, L50, M|\n|poke|p2|Chandelure, L50, M|\n|poke|p2|Trevenant, L50, F|\n|poke|p2|Zoroark-Hisui, L50, F|\n|teampreview|4\nEndergeimer rejected open team sheets.\n|inactive|Battle timer is ON: inactive players will automatically lose when time's up. (requested by Endergeimer)\n|\n|t:|1776379535\n|teamsize|p1|4\n|teamsize|p2|4\n|start\n|switch|p1a: Ninetales|Ninetales-Alola, L50, M|100/100\n|switch|p1b: Aerodactyl|Aerodactyl, L50, F|100/100\n|switch|p2a: Trevenant|Trevenant, L50, F|100/100\n|switch|p2b: Chandelure|Chandelure, L50, M|100/100\n|-ability|p1b: Aerodactyl|Unnerve\n|-weather|Snowscape|[from] ability: Snow Warning|[of] p1a: Ninetales\n|turn|1\n|inactive|CamerruptConcierge has 30 seconds left.\n|inactive|CamerruptConcierge has 20 seconds left.\n|\n|t:|1776379572\n|detailschange|p2b: Chandelure|Chandelure-Mega, L50, M\n|-mega|p2b: Chandelure|Chandelure|Chandelurite\n|move|p1b: Aerodactyl|Taunt|p2a: Trevenant\n|-start|p2a: Trevenant|move: Taunt\n|move|p1a: Ninetales|Aurora Veil|p1a: Ninetales\n|-sidestart|p1: CamerruptConcierge|move: Aurora Veil\n|move|p2b: Chandelure|Heat Wave|p1b: Aerodactyl|[spread] p1a,p1b\n|-supereffective|p1a: Ninetales|1\n|-resisted|p1b: Aerodactyl|1\n|-damage|p1a: Ninetales|0 fnt\n|-damage|p1b: Aerodactyl|62/100\n|faint|p1a: Ninetales\n|cant|p2a: Trevenant|move: Taunt|Reflect\n|\n|-weather|Snowscape|[upkeep]\n|upkeep\n|c|\u2606Endergeimer|GLHF...\n|\n|t:|1776379590\n|switch|p1a: Beedrill|Beedrill, L50, F|100/100\n|turn|2\n|\n|t:|1776379610\n|detailschange|p1a: Beedrill|Beedrill-Mega, L50, F\n|-mega|p1a: Beedrill|Beedrill|Beedrillite\n|move|p2b: Chandelure|Protect|p2b: Chandelure\n|-singleturn|p2b: Chandelure|Protect\n|move|p1a: Beedrill|Drill Run|p2b: Chandelure\n|-activate|p2b: Chandelure|move: Protect\n|move|p1b: Aerodactyl|Rock Slide|p2b: Chandelure|[spread] p2a\n|-activate|p2b: Chandelure|move: Protect\n|-damage|p2a: Trevenant|70/100\n|cant|p2a: Trevenant|flinch\n|\n|-weather|Snowscape|[upkeep]\n|upkeep\n|turn|3\n|inactive|Endergeimer has 30 seconds left.\n|\n|t:|1776379636\n|switch|p2b: Gengar|Gengar, L50, M|100/100\n|move|p1a: Beedrill|Drill Run|p2b: Gengar\n|-supereffective|p2b: Gengar|1\n|-enditem|p2b: Gengar|Focus Sash\n|-damage|p2b: Gengar|1/100\n|move|p1b: Aerodactyl|Rock Slide|p2b: Gengar|[spread] p2b\n|-miss|p1b: Aerodactyl|p2a: Trevenant\n|-damage|p2b: Gengar|0 fnt\n|faint|p2b: Gengar\n|move|p2a: Trevenant|Earthquake|p1b: Aerodactyl|[spread] p1a\n|-immune|p1b: Aerodactyl\n|-damage|p1a: Beedrill|59/100\n|\n|-weather|Snowscape|[upkeep]\n|-end|p2a: Trevenant|move: Taunt\n|upkeep\n|\n|t:|1776379656\n|switch|p2b: Basculegion|Basculegion, L50, M|100/100\n|turn|4\n|inactive|CamerruptConcierge has 30 seconds left.\n|\n|t:|1776379682\n|move|p1a: Beedrill|Protect|p1a: Beedrill\n|-singleturn|p1a: Beedrill|Protect\n|move|p2b: Basculegion|Waterfall|p1b: Aerodactyl\n|-supereffective|p1b: Aerodactyl|1\n|-damage|p1b: Aerodactyl|0 fnt\n|faint|p1b: Aerodactyl\n|move|p2a: Trevenant|Reflect|p2a: Trevenant\n|-sidestart|p2: Endergeimer|Reflect\n|\n|-weather|Snowscape|[upkeep]\n|upkeep\n|\n|t:|1776379692\n|switch|p1b: Clefable|Clefable, L50, F|100/100\n|turn|5\n|inactive|Endergeimer has 30 seconds left.\n|inactive|Endergeimer has 20 seconds left.\n|inactive|Endergeimer has 15 seconds left.\n|\n|t:|1776379737\n|move|p1b: Clefable|Follow Me|p1b: Clefable\n|-singleturn|p1b: Clefable|move: Follow Me\n|move|p1a: Beedrill|Fell Stinger|p2a: Trevenant\n|-crit|p2a: Trevenant\n|-damage|p2a: Trevenant|6/100\n|-enditem|p2a: Trevenant|Sitrus Berry|[eat]\n|-heal|p2a: Trevenant|31/100|[from] item: Sitrus Berry\n|move|p2b: Basculegion|Waterfall|p1b: Clefable\n|-damage|p1b: Clefable|63/100\n|move|p2a: Trevenant|Wood Hammer|p1b: Clefable\n|-damage|p1b: Clefable|19/100\n|-damage|p2a: Trevenant|13/100|[from] Recoil\n|\n|-weather|none\n|-sideend|p1: CamerruptConcierge|move: Aurora Veil\n|upkeep\n|turn|6\n|\n|t:|1776379760\n|move|p1b: Clefable|Follow Me|p1b: Clefable\n|-singleturn|p1b: Clefable|move: Follow Me\n|move|p1a: Beedrill|Poison Jab|p2b: Basculegion\n|-resisted|p2b: Basculegion|1\n|-damage|p2b: Basculegion|74/100\n|-status|p2b: Basculegion|psn\n|move|p2b: Basculegion|Waterfall|p1b: Clefable\n|-damage|p1b: Clefable|0 fnt\n|faint|p1b: Clefable\n|move|p2a: Trevenant|Wood Hammer|p1a: Beedrill\n|-resisted|p1a: Beedrill|2\n|-damage|p1a: Beedrill|20/100\n|-damage|p2a: Trevenant|2/100|[from] Recoil\n|\n|-damage|p2b: Basculegion|61/100 psn|[from] psn\n|-item|p2a: Trevenant|Sitrus Berry|[from] ability: Harvest\n|upkeep\n|-enditem|p2a: Trevenant|Sitrus Berry|[eat]\n|-heal|p2a: Trevenant|27/100|[from] item: Sitrus Berry\n|turn|7\n|c|\u2606Endergeimer|GG...\n|\n|t:|1776379784\n|move|p1a: Beedrill|Protect|p1a: Beedrill\n|-singleturn|p1a: Beedrill|Protect\n|move|p2b: Basculegion|Waterfall|p1a: Beedrill\n|-activate|p1a: Beedrill|move: Protect\n|move|p2a: Trevenant|Wood Hammer|p1a: Beedrill\n|-activate|p1a: Beedrill|move: Protect\n|\n|-damage|p2b: Basculegion|49/100 psn|[from] psn\n|upkeep\n|turn|8\n|\n|t:|1776379801\n|move|p1a: Beedrill|Protect||[still]\n|-fail|p1a: Beedrill\n|move|p2b: Basculegion|Waterfall|p1a: Beedrill\n|-damage|p1a: Beedrill|0 fnt\n|faint|p1a: Beedrill\n|\n|win|Endergeimer\n|raw|CamerruptConcierge's rating: 1014 &rarr; <strong>1001</strong><br />(-13 for losing)\n|raw|Endergeimer's rating: 1000 &rarr; <strong>1042</strong><br />(+42 for winning)\n",
  "uploadtime": 1776379811,
  "views": 21,
  "formatid": "gen9championsvgc2026regma",
  "rating": 1001,
  "private": 0,
  "password": null
}