{
  "id": "gen9championsvgc2026regma-2587523114",
  "format": "[Gen 9 Champions] VGC 2026 Reg M-A",
  "players": [
    "Cello L.",
    "tdanger44"
  ],
  "log": "|j|\u2606Cello L.\n|j|\u2606tdanger44\n|t:|1776539099\n|gametype|doubles\n|player|p1|Cello L.|cynthia-gen4|\n|player|p2|tdanger44|backersf|\n|gen|9\n|tier|[Gen 9 Champions] VGC 2026 Reg M-A\n|rated|Tournament battle\n|rule|Species Clause: Limit one of each Pok\u00e9mon\n|rule|Item Clause: Limit 1 of each item\n|raw|<div class=\"infobox\"><details class=\"readmore\" open><summary><strong>1 custom rule:</strong></summary> Force Open Team Sheets</details></div>\n|clearpoke\n|poke|p1|Floette-Eternal, L50, F|\n|poke|p1|Tyranitar, L50, M|\n|poke|p1|Sneasler, L50, F|\n|poke|p1|Palafin, L50, F|\n|poke|p1|Incineroar, L50, F|\n|poke|p1|Sinistcha-Masterpiece, L50|\n|poke|p2|Floette-Eternal, L50, F|\n|poke|p2|Whimsicott, L50, M|\n|poke|p2|Pelipper, L50, M|\n|poke|p2|Tauros-Paldea-Aqua, L50, M|\n|poke|p2|Garchomp, L50, M|\n|poke|p2|Rotom-Heat, L50|\n|teampreview|4\n|showteam|p1|Floette-Eternal||Floettite|FlowerVeil|Moonblast,DazzlingGleam,CalmMind,Protect|||F|||50|]Tyranitar||LumBerry|SandStream|RockSlide,KnockOff,LowKick,Protect|||M|||50|]Sneasler||WhiteHerb|Unburden|CloseCombat,DireClaw,FakeOut,Protect|||F|||50|]Palafin||MysticWater|ZerotoHero|WaveCrash,JetPunch,Haze,Protect|||F|||50|]Incineroar||ChopleBerry|Intimidate|FlareBlitz,HelpingHand,FakeOut,PartingShot|||F|||50|]Sinistcha-Masterpiece||SitrusBerry|Hospitality|MatchaGotcha,RagePowder,LifeDew,TrickRoom||||||50|\n|showteam|p2|Floette-Eternal||Floettite|FlowerVeil|DazzlingGleam,Moonblast,CalmMind,Protect|||F|||50|]Whimsicott||FocusSash|Prankster|Tailwind,Moonblast,GigaDrain,Protect|||M|||50|]Pelipper||MysticWater|Drizzle|WeatherBall,Hurricane,WideGuard,Protect|||M|||50|]Tauros-Paldea-Aqua||SitrusBerry|Intimidate|RagingBull,CloseCombat,AquaJet,Protect|||M|||50|]Garchomp||YacheBerry|RoughSkin|Earthquake,DragonClaw,PoisonJab,Protect|||M|||50|]Rotom-Heat||Leftovers|Levitate|Thunderbolt,Overheat,NastyPlot,Protect||||||50|\n|c|\u2606tdanger44|lets go gang\n|j| Laskhoo\n|j| blueberrymilkshake\n|c|\u2606tdanger44|glhf\n|j| joaoruben\n|c|\u2606Cello L.|glhf\n|l| blueberrymilkshake\n|j| whizz whoosh\n|j| maid_chan_poke\u266a\n|l| maid_chan_poke\u266a\n|j| BBFerdl\n|\n|t:|1776539192\n|teamsize|p1|4\n|teamsize|p2|4\n|start\n|switch|p1a: Heir|Floette-Eternal, L50, F|100/100\n|switch|p1b: Killer Stairs|Sneasler, L50, F|100/100\n|switch|p2a: Floette|Floette-Eternal, L50, F|100/100\n|switch|p2b: Whimsicott|Whimsicott, L50, M|100/100\n|turn|1\n|j| lSuis\n|c|\u2606tdanger44|gg\n|c|\u2606tdanger44|fuck\n|c|\u2606tdanger44|I forgot you had mega floette and I didn't bring anything for it\n|\n|t:|1776539226\n|switch|p2a: Tauros|Tauros-Paldea-Aqua, L50, M|100/100\n|-ability|p2a: Tauros|Intimidate|boost\n|-unboost|p1a: Heir|atk|1\n|-unboost|p1b: Killer Stairs|atk|1\n|-enditem|p1b: Killer Stairs|White Herb\n|-clearnegativeboost|p1b: Killer Stairs|[silent]\n|detailschange|p1a: Heir|Floette-Mega, L50, F\n|-mega|p1a: Heir|Floette|Floettite\n|-ability|p1a: Heir|Fairy Aura\n|move|p1b: Killer Stairs|Fake Out|p2a: Tauros\n|-damage|p2a: Tauros|84/100\n|move|p2b: Whimsicott|Tailwind|p2b: Whimsicott\n|-sidestart|p2: tdanger44|move: Tailwind\n|move|p1a: Heir|Calm Mind|p1a: Heir\n|-boost|p1a: Heir|spa|1\n|-boost|p1a: Heir|spd|1\n|\n|upkeep\n|turn|2\n|\n|t:|1776539261\n|switch|p2b: Pelipper|Pelipper, L50, M|100/100\n|-weather|RainDance|[from] ability: Drizzle|[of] p2b: Pelipper\n|move|p1b: Killer Stairs|Dire Claw|p2b: Pelipper\n|-damage|p2b: Pelipper|66/100\n|move|p2a: Tauros|Raging Bull|p1a: Heir\n|-damage|p1a: Heir|35/100\n|move|p1a: Heir|Dazzling Gleam|p2b: Pelipper|[spread] p2a,p2b\n|-supereffective|p2a: Tauros|1\n|-damage|p2a: Tauros|0 fnt\n|-damage|p2b: Pelipper|0 fnt\n|faint|p2a: Tauros\n|faint|p2b: Pelipper\n|\n|-weather|RainDance|[upkeep]\n|upkeep\n|\n|t:|1776539272\n|switch|p2a: Whimsicott|Whimsicott, L50, M|100/100\n|switch|p2b: Floette|Floette-Eternal, L50, F|100/100\n|turn|3\n|c|\u2606tdanger44|gg\n|c|\u2606tdanger44|also I messed up and at some point swapped fake tears for giga drain?\n|c|\u2606tdanger44|so I mightve been able to clutch but not anymore\n|\n|t:|1776539305\n|switch|p1b: Doctor|Sinistcha-Masterpiece, L50|100/100\n|-heal|p1a: Heir|60/100|[from] ability: Hospitality|[of] p1b: Doctor\n|detailschange|p2b: Floette|Floette-Mega, L50, F\n|-mega|p2b: Floette|Floette|Floettite\n|-ability|p2b: Floette|Fairy Aura\n|move|p1a: Heir|Protect|p1a: Heir\n|-singleturn|p1a: Heir|Protect\n|move|p2a: Whimsicott|Moonblast|p1b: Doctor\n|-damage|p1b: Doctor|68/100\n|move|p2b: Floette|Dazzling Gleam|p1b: Doctor|[spread] p1b\n|-activate|p1a: Heir|move: Protect\n|-damage|p1b: Doctor|27/100\n|-enditem|p1b: Doctor|Sitrus Berry|[eat]\n|-heal|p1b: Doctor|52/100|[from] item: Sitrus Berry\n|\n|-weather|RainDance|[upkeep]\n|upkeep\n|turn|4\n|j| Luigi Magnezone\n|l| Luigi Magnezone\n|\n|t:|1776539338\n|move|p2a: Whimsicott|Protect|p2a: Whimsicott\n|-singleturn|p2a: Whimsicott|Protect\n|move|p1b: Doctor|Rage Powder|p1b: Doctor\n|-singleturn|p1b: Doctor|move: Rage Powder\n|move|p2b: Floette|Calm Mind|p2b: Floette\n|-boost|p2b: Floette|spa|1\n|-boost|p2b: Floette|spd|1\n|move|p1a: Heir|Dazzling Gleam|p2b: Floette|[spread] p2b\n|-activate|p2a: Whimsicott|move: Protect\n|-damage|p2b: Floette|59/100\n|\n|-weather|RainDance|[upkeep]\n|-sideend|p2: tdanger44|move: Tailwind\n|upkeep\n|turn|5\n|j| bosspark1737376\n|l| bosspark1737376\n|\n|t:|1776539364\n|move|p1b: Doctor|Rage Powder|p1b: Doctor\n|-singleturn|p1b: Doctor|move: Rage Powder\n|move|p2a: Whimsicott|Tailwind|p2a: Whimsicott\n|-sidestart|p2: tdanger44|move: Tailwind\n|move|p2b: Floette|Dazzling Gleam|p1a: Heir|[spread] p1a,p1b\n|-damage|p1a: Heir|28/100\n|-damage|p1b: Doctor|0 fnt\n|faint|p1b: Doctor\n|move|p1a: Heir|Dazzling Gleam|p2a: Whimsicott|[spread] p2a,p2b\n|-damage|p2a: Whimsicott|9/100\n|-damage|p2b: Floette|18/100\n|\n|-weather|RainDance|[upkeep]\n|upkeep\n|\n|t:|1776539378\n|switch|p1b: Tyranocif|Tyranitar, L50, M|100/100\n|-weather|Sandstorm|[from] ability: Sand Stream|[of] p1b: Tyranocif\n|turn|6\n|\n|t:|1776539391\n|move|p1a: Heir|Protect|p1a: Heir\n|-singleturn|p1a: Heir|Protect\n|move|p1b: Tyranocif|Protect|p1b: Tyranocif\n|-singleturn|p1b: Tyranocif|Protect\n|move|p2a: Whimsicott|Moonblast|p1b: Tyranocif\n|-activate|p1b: Tyranocif|move: Protect\n|move|p2b: Floette|Dazzling Gleam|p1a: Heir|[spread] \n|-activate|p1a: Heir|move: Protect\n|-activate|p1b: Tyranocif|move: Protect\n|\n|-weather|Sandstorm|[upkeep]\n|-damage|p2a: Whimsicott|3/100|[from] Sandstorm\n|-damage|p2b: Floette|12/100|[from] Sandstorm\n|-damage|p1a: Heir|22/100|[from] Sandstorm\n|upkeep\n|turn|7\n|c|\u2606tdanger44|gg probably\n|c|\u2606Cello L.|gg\n|\n|t:|1776539406\n|move|p2a: Whimsicott|Moonblast|p1b: Tyranocif\n|-supereffective|p1b: Tyranocif|1\n|-damage|p1b: Tyranocif|62/100\n|move|p2b: Floette|Dazzling Gleam|p1a: Heir|[spread] p1a,p1b\n|-supereffective|p1b: Tyranocif|1\n|-damage|p1a: Heir|0 fnt\n|-damage|p1b: Tyranocif|0 fnt\n|faint|p1a: Heir\n|faint|p1b: Tyranocif\n|\n|-weather|Sandstorm|[upkeep]\n|-damage|p2a: Whimsicott|0 fnt|[from] Sandstorm\n|-damage|p2b: Floette|6/100|[from] Sandstorm\n|faint|p2a: Whimsicott\n|upkeep\n|\n|t:|1776539410\n|switch|p1a: Killer Stairs|Sneasler, L50, F|100/100\n|turn|8\n|\n|t:|1776539425\n|move|p1a: Killer Stairs|Protect|p1a: Killer Stairs\n|-singleturn|p1a: Killer Stairs|Protect\n|move|p2b: Floette|Moonblast|p1a: Killer Stairs\n|-activate|p1a: Killer Stairs|move: Protect\n|\n|-weather|Sandstorm|[upkeep]\n|-damage|p2b: Floette|0 fnt|[from] Sandstorm\n|-damage|p1a: Killer Stairs|95/100|[from] Sandstorm\n|faint|p2b: Floette\n|\n|win|Cello L.\n|n|\u2606Cello L.|cellol\n|n|\u2606tdanger44|tdanger44\n|n| Laskhoo|laskhoo\n|n| joaoruben|joaoruben\n|n| whizz whoosh|whizzwhoosh\n|n| BBFerdl|bbferdl\n|n| lSuis|lsuis\n|c|\u2606tdanger44|gg\n|l| whizz whoosh\n|c|\u2606Cello L.|gg\n|l| lSuis\n|l| BBFerdl\n|l| Laskhoo\n|l| joaoruben\n|l|\u2606tdanger44\n|player|p2|\n",
  "uploadtime": 1776539440,
  "views": 11,
  "formatid": "gen9championsvgc2026regma",
  "rating": null,
  "private": 0,
  "password": null
}