{
  "id": "gen9championsvgc2026regma-2581822532",
  "format": "[Gen 9 Champions] VGC 2026 Reg M-A",
  "players": [
    "cremess",
    "Evil Yarrack"
  ],
  "log": "|j|\u2606cremess\n|j|\u2606Evil Yarrack\n|t:|1776031242\n|gametype|doubles\n|player|p1|cremess|ghetsis-gen5bw|1282\n|player|p2|Evil Yarrack|youngster-gen4dp|1313\n|gen|9\n|tier|[Gen 9 Champions] VGC 2026 Reg M-A\n|rated|\n|rule|Species Clause: Limit one of each Pok\u00e9mon\n|rule|Item Clause: Limit 1 of each item\n|clearpoke\n|poke|p1|Manectric, L50, F|\n|poke|p1|Politoed, L50, M|\n|poke|p1|Whimsicott, L50, F|\n|poke|p1|Palafin, L50, F|\n|poke|p1|Farigiraf, L50, M|\n|poke|p1|Incineroar, L50, F|\n|poke|p2|Hawlucha, L50, F|\n|poke|p2|Lycanroc, L50, F|\n|poke|p2|Tyranitar, L50, F|\n|poke|p2|Sinistcha, L50|\n|poke|p2|Basculegion, L50, M|\n|poke|p2|Scizor, L50, M|\n|teampreview|4\n|inactive|Battle timer is ON: inactive players will automatically lose when time's up. (requested by Evil Yarrack)\ncremess rejected open team sheets.\n|j| TioBobino\n|inactive|cremess has 60 seconds left.\n|\n|t:|1776031274\n|teamsize|p1|4\n|teamsize|p2|4\n|start\n|switch|p1a: Manectric|Manectric, L50, F|100/100\n|switch|p1b: Palafin|Palafin, L50, F|100/100\n|switch|p2a: Lycanroc|Lycanroc, L50, F|100/100\n|switch|p2b: Tyranitar|Tyranitar, L50, F|100/100\n|-weather|Sandstorm|[from] ability: Sand Stream|[of] p2b: Tyranitar\n|turn|1\n|l| TioBobino\n|\n|t:|1776031295\n|detailschange|p1b: Palafin|Palafin-Hero, L50, F\n|switch|p1b: Politoed|Politoed, L50, M|100/100\n|-weather|RainDance|[from] ability: Drizzle|[of] p1b: Politoed\n|detailschange|p1a: Manectric|Manectric-Mega, L50, F\n|-mega|p1a: Manectric|Manectric|Manectite\n|-ability|p1a: Manectric|Intimidate|boost\n|-unboost|p2a: Lycanroc|atk|1\n|-unboost|p2b: Tyranitar|atk|1\n|detailschange|p2b: Tyranitar|Tyranitar-Mega, L50, F\n|-mega|p2b: Tyranitar|Tyranitar|Tyranitarite\n|-weather|Sandstorm|[from] ability: Sand Stream|[of] p2b: Tyranitar\n|move|p2a: Lycanroc|Rock Slide|p1a: Manectric|[spread] p1a,p1b\n|-damage|p1a: Manectric|74/100\n|-damage|p1b: Politoed|78/100\n|move|p1a: Manectric|Volt Switch|p2a: Lycanroc\n|-damage|p2a: Lycanroc|54/100\n|\n|t:|1776031311\n|switch|p1a: Incineroar|Incineroar, L50, F|100/100|[from] Volt Switch\n|-ability|p1a: Incineroar|Intimidate|boost\n|-unboost|p2a: Lycanroc|atk|1\n|-unboost|p2b: Tyranitar|atk|1\n|move|p2b: Tyranitar|Rock Slide|p1b: Politoed|[spread] p1a,p1b\n|-supereffective|p1a: Incineroar|1\n|-damage|p1a: Incineroar|58/100\n|-damage|p1b: Politoed|56/100\n|\n|-weather|Sandstorm|[upkeep]\n|-damage|p1b: Politoed|50/100|[from] Sandstorm\n|-damage|p1a: Incineroar|52/100|[from] Sandstorm\n|upkeep\n|turn|2\n|\n|t:|1776031330\n|switch|p1b: Palafin|Palafin-Hero, L50, F|100/100\n|-activate|p1b: Palafin|ability: Zero to Hero\n|move|p1a: Incineroar|Fake Out|p2a: Lycanroc\n|-resisted|p2a: Lycanroc|1\n|-damage|p2a: Lycanroc|43/100\n|cant|p2a: Lycanroc|flinch\n|move|p2b: Tyranitar|Rock Slide|p1b: Palafin|[spread] p1a\n|-miss|p2b: Tyranitar|p1b: Palafin\n|-supereffective|p1a: Incineroar|1\n|-damage|p1a: Incineroar|16/100\n|-enditem|p1a: Incineroar|Sitrus Berry|[eat]\n|-heal|p1a: Incineroar|40/100|[from] item: Sitrus Berry\n|\n|-weather|Sandstorm|[upkeep]\n|-damage|p1b: Palafin|95/100|[from] Sandstorm\n|-damage|p1a: Incineroar|35/100|[from] Sandstorm\n|-heal|p1b: Palafin|100/100|[from] item: Leftovers\n|upkeep\n|turn|3\n|inactive|cremess has 30 seconds left.\n|\n|t:|1776031360\n|switch|p2b: Sinistcha|Sinistcha, L50|100/100\n|-heal|p2a: Lycanroc|68/100|[from] ability: Hospitality|[of] p2b: Sinistcha\n|move|p2a: Lycanroc|Endeavor|p1b: Palafin\n|-damage|p1b: Palafin|49/100\n|move|p1b: Palafin|Drain Punch|p2b: Sinistcha\n|-immune|p2b: Sinistcha\n|move|p1a: Incineroar|Darkest Lariat|p2a: Lycanroc\n|-damage|p2a: Lycanroc|0 fnt\n|faint|p2a: Lycanroc\n|\n|-weather|Sandstorm|[upkeep]\n|-damage|p1b: Palafin|43/100|[from] Sandstorm\n|-damage|p2b: Sinistcha|94/100|[from] Sandstorm\n|-damage|p1a: Incineroar|29/100|[from] Sandstorm\n|-heal|p1b: Palafin|49/100|[from] item: Leftovers\n|upkeep\n|\n|t:|1776031384\n|switch|p2a: Basculegion|Basculegion, L50, M|100/100\n|turn|4\n|\n|t:|1776031409\n|switch|p1b: Manectric|Manectric-Mega, L50, F|74/100\n|-ability|p1b: Manectric|Intimidate|boost\n|-unboost|p2a: Basculegion|atk|1\n|-unboost|p2b: Sinistcha|atk|1\n|move|p2a: Basculegion|Flip Turn|p1a: Incineroar\n|-supereffective|p1a: Incineroar|1\n|-damage|p1a: Incineroar|0 fnt\n|faint|p1a: Incineroar\n|\n|t:|1776031421\n|switch|p2a: Tyranitar|Tyranitar-Mega, L50, F|100/100|[from] Flip Turn\n|move|p2b: Sinistcha|Matcha Gotcha|p1b: Manectric\n|-damage|p1b: Manectric|22/100\n|-heal|p2b: Sinistcha|100/100|[from] drain|[of] p1b: Manectric\n|-status|p1b: Manectric|brn\n|\n|-weather|Sandstorm|[upkeep]\n|-damage|p1b: Manectric|16/100 brn|[from] Sandstorm\n|-damage|p2b: Sinistcha|94/100|[from] Sandstorm\n|-damage|p1b: Manectric|10/100 brn|[from] brn\n|upkeep\n|\n|t:|1776031433\n|switch|p1a: Politoed|Politoed, L50, M|50/100\n|-weather|RainDance|[from] ability: Drizzle|[of] p1a: Politoed\n|turn|5\n|\n|t:|1776031447\n|move|p2b: Sinistcha|Rage Powder|p2b: Sinistcha\n|-singleturn|p2b: Sinistcha|move: Rage Powder\n|move|p1b: Manectric|Volt Switch|p2b: Sinistcha\n|-resisted|p2b: Sinistcha|1\n|-damage|p2b: Sinistcha|71/100\n|\n|t:|1776031452\n|switch|p1b: Palafin|Palafin-Hero, L50, F|49/100|[from] Volt Switch\n|move|p2a: Tyranitar|Rock Slide|p1b: Palafin|[spread] p1a,p1b\n|-damage|p1a: Politoed|6/100\n|-damage|p1b: Palafin|17/100\n|move|p1a: Politoed|Weather Ball|p2b: Sinistcha\n|-resisted|p2b: Sinistcha|1\n|-damage|p2b: Sinistcha|20/100\n|-enditem|p2b: Sinistcha|Sitrus Berry|[eat]\n|-heal|p2b: Sinistcha|44/100|[from] item: Sitrus Berry\n|\n|-weather|RainDance|[upkeep]\n|-heal|p1b: Palafin|23/100|[from] item: Leftovers\n|upkeep\n|turn|6\n|inactive|cremess has 30 seconds left.\n|\n|t:|1776031485\n|move|p2b: Sinistcha|Rage Powder|p2b: Sinistcha\n|-singleturn|p2b: Sinistcha|move: Rage Powder\n|move|p1b: Palafin|Jet Punch|p2b: Sinistcha\n|-resisted|p2b: Sinistcha|1\n|-damage|p2b: Sinistcha|26/100\n|move|p2a: Tyranitar|Rock Slide|p1a: Politoed|[spread] p1a,p1b\n|-damage|p1a: Politoed|0 fnt\n|-damage|p1b: Palafin|0 fnt\n|faint|p1a: Politoed\n|faint|p1b: Palafin\n|\n|-weather|RainDance|[upkeep]\n|upkeep\n|inactive|cremess has 30 seconds left.\n|inactive|cremess has 20 seconds left.\n|inactive|cremess has 15 seconds left.\n|inactive|cremess has 10 seconds left.\n|\n|t:|1776031534\n|switch|p1a: Manectric|Manectric-Mega, L50, F|10/100 brn\n|-ability|p1a: Manectric|Intimidate|boost\n|-unboost|p2a: Tyranitar|atk|1\n|-unboost|p2b: Sinistcha|atk|1\n|turn|7\n|\n|t:|1776031540\n|move|p2b: Sinistcha|Rage Powder|p2b: Sinistcha\n|-singleturn|p2b: Sinistcha|move: Rage Powder\n|move|p1a: Manectric|Thunder|p2b: Sinistcha\n|-resisted|p2b: Sinistcha|1\n|-damage|p2b: Sinistcha|0 fnt\n|faint|p2b: Sinistcha\n|move|p2a: Tyranitar|Assurance|p1a: Manectric\n|-damage|p1a: Manectric|0 fnt\n|faint|p1a: Manectric\n|\n|win|Evil Yarrack\n|raw|cremess's rating: 1282 &rarr; <strong>1261</strong><br />(-21 for losing)\n|raw|Evil Yarrack's rating: 1332 &rarr; <strong>1349</strong><br />(+17 for winning)\n|c|\u2606cremess|gg\n|l|\u2606cremess\n|player|p1|\n",
  "uploadtime": 1776031556,
  "views": 31,
  "formatid": "gen9championsvgc2026regma",
  "rating": 1261,
  "private": 0,
  "password": null
}