{
  "id": "gen9championsvgc2026regma-2583950623",
  "format": "[Gen 9 Champions] VGC 2026 Reg M-A",
  "players": [
    "rorskworks",
    "BigRoflet"
  ],
  "log": "|j|\u2606rorskworks\n|j|\u203dBigRoflet\n|t:|1776211091\n|gametype|doubles\n|player|p1|rorskworks|102|1059\n|player|p2|BigRoflet|harlequin|1136\n|gen|9\n|tier|[Gen 9 Champions] VGC 2026 Reg M-A\n|rated|\n|rule|Species Clause: Limit one of each Pok\u00e9mon\n|rule|Item Clause: Limit 1 of each item\n|clearpoke\n|poke|p1|Camerupt, L50, F|\n|poke|p1|Oranguru, L50, F|\n|poke|p1|Incineroar, L50, M|\n|poke|p1|Sinistcha, L50|\n|poke|p1|Appletun, L50, F|\n|poke|p1|Chesnaught, L50, M|\n|poke|p2|Incineroar, L50, M|\n|poke|p2|Farigiraf, L50, F|\n|poke|p2|Aerodactyl, L50, M|\n|poke|p2|Archaludon, L50, F|\n|poke|p2|Alakazam, L50, F|\n|poke|p2|Chesnaught, L50, F|\n|teampreview|4\nrorskworks has agreed to open team sheets.\n|inactive|Battle timer is ON: inactive players will automatically lose when time's up. (requested by rorskworks)\n|inactive|rorskworks has 60 seconds left.\n|\n|t:|1776211144\n|teamsize|p1|4\n|teamsize|p2|4\n|start\n|switch|p1a: Camerupt|Camerupt, L50, F|100/100\n|switch|p1b: Oranguru|Oranguru, L50, F|100/100\n|switch|p2a: Incineroar|Incineroar, L50, M|100/100\n|switch|p2b: Farigiraf|Farigiraf, L50, F|100/100\n|-ability|p2a: Incineroar|Intimidate|boost\n|-unboost|p1a: Camerupt|atk|1\n|-fail|p1b: Oranguru|unboost|Attack|[from] ability: Inner Focus|[of] p1b: Oranguru\n|turn|1\n|\n|t:|1776211168\n|move|p1b: Oranguru|Protect|p1b: Oranguru\n|-singleturn|p1b: Oranguru|Protect\n|move|p1a: Camerupt|Protect|p1a: Camerupt\n|-singleturn|p1a: Camerupt|Protect\n|move|p2a: Incineroar|Parting Shot|p1a: Camerupt\n|-activate|p1a: Camerupt|move: Protect\n|move|p2b: Farigiraf|Trick Room|p2b: Farigiraf\n|-fieldstart|move: Trick Room|[of] p2b: Farigiraf\n|\n|upkeep\n|turn|2\n|inactive|rorskworks has 30 seconds left.\n|inactive|rorskworks has 20 seconds left.\n|inactive|BigRoflet has 30 seconds left.\n|\n|t:|1776211208\n|detailschange|p1a: Camerupt|Camerupt-Mega, L50, F\n|-mega|p1a: Camerupt|Camerupt|Cameruptite\n|move|p1a: Camerupt|Eruption|p2b: Farigiraf|[spread] p2a,p2b\n|-resisted|p2a: Incineroar|1\n|-damage|p2a: Incineroar|70/100\n|-damage|p2b: Farigiraf|29/100\n|-enditem|p2b: Farigiraf|Sitrus Berry|[eat]\n|-heal|p2b: Farigiraf|54/100|[from] item: Sitrus Berry\n|move|p1b: Oranguru|Instruct|p1a: Camerupt\n|-singleturn|p1a: Camerupt|move: Instruct|[of] p1b: Oranguru\n|move|p1a: Camerupt|Eruption|p2a: Incineroar|[spread] p2a,p2b\n|-resisted|p2a: Incineroar|1\n|-damage|p2a: Incineroar|39/100\n|-damage|p2b: Farigiraf|0 fnt\n|faint|p2b: Farigiraf\n|move|p2a: Incineroar|Parting Shot|p1a: Camerupt\n|-unboost|p1a: Camerupt|atk|1\n|-unboost|p1a: Camerupt|spa|1\n|\n|t:|1776211226\n|switch|p2a: Chesnaught|Chesnaught, L50, F|100/100|[from] Parting Shot\n|\n|upkeep\n|\n|t:|1776211231\n|switch|p2b: Incineroar|Incineroar, L50, M|39/100\n|-ability|p2b: Incineroar|Intimidate|boost\n|-unboost|p1a: Camerupt|atk|1\n|-fail|p1b: Oranguru|unboost|Attack|[from] ability: Inner Focus|[of] p1b: Oranguru\n|turn|3\n|\n|t:|1776211245\n|detailschange|p2a: Chesnaught|Chesnaught-Mega, L50, F\n|-mega|p2a: Chesnaught|Chesnaught|Chesnaughtite\n|move|p2b: Incineroar|Fake Out|p1a: Camerupt\n|-damage|p1a: Camerupt|85/100\n|cant|p1a: Camerupt|flinch\n|move|p2a: Chesnaught|Body Press|p1a: Camerupt\n|-damage|p1a: Camerupt|25/100\n|move|p1b: Oranguru|Instruct|p1a: Camerupt\n|-singleturn|p1a: Camerupt|move: Instruct|[of] p1b: Oranguru\n|cant|p1a: Camerupt|flinch\n|\n|upkeep\n|turn|4\n|\n|t:|1776211269\n|switch|p2b: Archaludon|Archaludon, L50, F|100/100\n|move|p2a: Chesnaught|Protect|p2a: Chesnaught\n|-singleturn|p2a: Chesnaught|Protect\n|move|p1a: Camerupt|Eruption|p2b: Archaludon|[spread] p2b\n|-activate|p2a: Chesnaught|move: Protect\n|-damage|p2b: Archaludon|90/100\n|-ability|p2b: Archaludon|Stamina|boost\n|-boost|p2b: Archaludon|def|1\n|move|p1b: Oranguru|Instruct|p1a: Camerupt\n|-singleturn|p1a: Camerupt|move: Instruct|[of] p1b: Oranguru\n|move|p1a: Camerupt|Eruption|p2a: Chesnaught|[spread] p2b\n|-activate|p2a: Chesnaught|move: Protect\n|-damage|p2b: Archaludon|79/100\n|-ability|p2b: Archaludon|Stamina|boost\n|-boost|p2b: Archaludon|def|1\n|\n|-heal|p2b: Archaludon|85/100|[from] item: Leftovers\n|upkeep\n|turn|5\n|inactive|rorskworks has 30 seconds left.\n|inactive|BigRoflet has 30 seconds left.\n|inactive|rorskworks has 20 seconds left.\n|inactive|rorskworks has 15 seconds left.\n|l|\u2606rorskworks\n|inactive|rorskworks disconnected and has a minute to reconnect!\n|player|p1|\n|inactive|rorskworks has 10 seconds left.\n|inactive|rorskworks has 5 seconds left.\n|-message|rorskworks lost due to inactivity.\n|\n|win|BigRoflet\n|raw|rorskworks's rating: 1059 &rarr; <strong>1044</strong><br />(-15 for losing)\n|raw|BigRoflet's rating: 1136 &rarr; <strong>1156</strong><br />(+20 for winning)\n",
  "uploadtime": 1776211336,
  "views": 20,
  "formatid": "gen9championsvgc2026regma",
  "rating": 1044,
  "private": 0,
  "password": null
}