{
  "id": "gen9championsvgc2026regma-2585532389",
  "format": "[Gen 9 Champions] VGC 2026 Reg M-A",
  "players": [
    "MegaArmarougeWhen",
    "phynixx"
  ],
  "log": "|j|\u2606MegaArmarougeWhen\n|j|\u2606phynixx\n|t:|1776353785\n|gametype|doubles\n|player|p1|MegaArmarougeWhen|169|1086\n|player|p2|phynixx|marshal|1000\n|gen|9\n|tier|[Gen 9 Champions] VGC 2026 Reg M-A\n|rated|\n|rule|Species Clause: Limit one of each Pok\u00e9mon\n|rule|Item Clause: Limit 1 of each item\n|clearpoke\n|poke|p1|Cofagrigus, L50, M|\n|poke|p1|Milotic, L50, M|\n|poke|p1|Aggron, L50, F|\n|poke|p1|Conkeldurr, L50, F|\n|poke|p1|Drampa, L50, F|\n|poke|p1|Sinistcha, L50|\n|poke|p2|Castform, L50, F|\n|poke|p2|Pelipper, L50, M|\n|poke|p2|Ninetales-Alola, L50, F|\n|poke|p2|Clefable, L50, M|\n|poke|p2|Mudsdale, L50, M|\n|poke|p2|Torkoal, L50, M|\n|teampreview|4\n|\n|t:|1776353830\n|teamsize|p1|4\n|teamsize|p2|4\n|start\n|switch|p1a: Cofagrigus|Cofagrigus, L50, M|100/100\n|switch|p1b: Conkeldurr|Conkeldurr, L50, F|100/100\n|switch|p2a: Mudsdale|Mudsdale, L50, M|100/100\n|switch|p2b: Castform|Castform, L50, F|100/100\n|turn|1\n|\n|t:|1776353848\n|switch|p2b: Torkoal|Torkoal, L50, M|100/100\n|-weather|SunnyDay|[from] ability: Drought|[of] p2b: Torkoal\n|move|p1a: Cofagrigus|Ally Switch|p1a: Cofagrigus\n|swap|p1a: Cofagrigus|1|[from] move: Ally Switch\n|move|p1a: Conkeldurr|Drain Punch|p2b: Torkoal\n|-crit|p2b: Torkoal\n|-damage|p2b: Torkoal|33/100\n|move|p2a: Mudsdale|Stealth Rock|p1b: Cofagrigus\n|-sidestart|p1: MegaArmarougeWhen|move: Stealth Rock\n|\n|-weather|SunnyDay|[upkeep]\n|upkeep\n|turn|2\n|\n|t:|1776353875\n|move|p1a: Conkeldurr|Drain Punch|p2b: Torkoal\n|-damage|p2b: Torkoal|0 fnt\n|faint|p2b: Torkoal\n|move|p2a: Mudsdale|Rock Slide|p1b: Cofagrigus|[spread] p1b\n|-miss|p2a: Mudsdale|p1a: Conkeldurr\n|-damage|p1b: Cofagrigus|81/100\n|move|p1b: Cofagrigus|Fake Tears|p2a: Mudsdale\n|-unboost|p2a: Mudsdale|spd|2\n|\n|-weather|SunnyDay|[upkeep]\n|upkeep\n|\n|t:|1776353886\n|switch|p2b: Clefable|Clefable, L50, M|100/100\n|turn|3\n|\n|t:|1776353893\n|switch|p2a: Castform|Castform, L50, F|100/100\n|-formechange|p2a: Castform|Castform-Sunny|[msg]|[from] ability: Forecast\n|move|p1a: Conkeldurr|Protect|p1a: Conkeldurr\n|-singleturn|p1a: Conkeldurr|Protect\n|move|p2b: Clefable|Follow Me|p2b: Clefable\n|-singleturn|p2b: Clefable|move: Follow Me\n|move|p1b: Cofagrigus|Shadow Ball|p2b: Clefable\n|-damage|p2b: Clefable|75/100\n|-unboost|p2b: Clefable|spd|1\n|\n|-weather|SunnyDay|[upkeep]\n|upkeep\n|turn|4\n|\n|t:|1776353933\n|move|p1a: Conkeldurr|Protect||[still]\n|-fail|p1a: Conkeldurr\n|move|p2a: Castform|Weather Ball|p1b: Cofagrigus\n|-damage|p1b: Cofagrigus|28/100\n|move|p2b: Clefable|Moonblast|p1a: Conkeldurr\n|-supereffective|p1a: Conkeldurr|1\n|-damage|p1a: Conkeldurr|20/100\n|move|p1b: Cofagrigus|Trick Room|p1b: Cofagrigus\n|-fieldstart|move: Trick Room|[of] p1b: Cofagrigus\n|\n|-weather|SunnyDay|[upkeep]\n|upkeep\n|turn|5\n|\n|t:|1776353965\n|switch|p2a: Mudsdale|Mudsdale, L50, M|100/100\n|move|p1b: Cofagrigus|Shadow Ball|p2b: Clefable\n|-damage|p2b: Clefable|36/100\n|move|p1a: Conkeldurr|Drain Punch|p2b: Clefable\n|-resisted|p2b: Clefable|1\n|-damage|p2b: Clefable|6/100\n|-heal|p1a: Conkeldurr|34/100|[from] drain|[of] p2b: Clefable\n|move|p2b: Clefable|Life Dew||[still]|[spread] p2a,p2b\n|-fail|p2a: Mudsdale|heal\n|-heal|p2b: Clefable|31/100\n|\n|-weather|none\n|upkeep\n|turn|6\n|\n|t:|1776353993\n|move|p1b: Cofagrigus|Shadow Ball|p2b: Clefable\n|-damage|p2b: Clefable|0 fnt\n|faint|p2b: Clefable\n|move|p2a: Mudsdale|High Horsepower|p1a: Conkeldurr\n|-damage|p1a: Conkeldurr|0 fnt\n|faint|p1a: Conkeldurr\n|\n|upkeep\n|\n|t:|1776354004\n|switch|p1a: Milotic|Milotic, L50, M|100/100\n|switch|p2b: Castform|Castform, L50, F|100/100\n|-damage|p1a: Milotic|88/100|[from] Stealth Rock\n|turn|7\n|-activate|p2b: Castform|item: Quick Claw\n|\n|t:|1776354020\n|move|p1b: Cofagrigus|Ally Switch|p1b: Cofagrigus\n|swap|p1b: Cofagrigus|0|[from] move: Ally Switch\n|move|p2b: Castform|Energy Ball|p1a: Cofagrigus\n|-damage|p1a: Cofagrigus|10/100\n|move|p2a: Mudsdale|Stone Edge|p1a: Cofagrigus\n|-damage|p1a: Cofagrigus|0 fnt\n|faint|p1a: Cofagrigus\n|move|p1b: Milotic|Ice Beam|p2a: Mudsdale\n|-supereffective|p2a: Mudsdale|1\n|-damage|p2a: Mudsdale|56/100\n|\n|-heal|p1b: Milotic|94/100|[from] item: Leftovers\n|upkeep\n|\n|t:|1776354030\n|switch|p1a: Sinistcha|Sinistcha, L50|100/100\n|-damage|p1a: Sinistcha|88/100|[from] Stealth Rock\n|-heal|p1b: Milotic|100/100|[from] ability: Hospitality|[of] p1a: Sinistcha\n|turn|8\n|\n|t:|1776354043\n|move|p2a: Mudsdale|Rock Slide|p1b: Milotic|[spread] p1b\n|-miss|p2a: Mudsdale|p1a: Sinistcha\n|-damage|p1b: Milotic|78/100\n|move|p1a: Sinistcha|Matcha Gotcha|p2b: Castform|[spread] p2a,p2b\n|-supereffective|p2a: Mudsdale|1\n|-damage|p2a: Mudsdale|0 fnt\n|-heal|p1a: Sinistcha|100/100|[from] drain|[of] p2a: Mudsdale\n|-damage|p2b: Castform|55/100\n|faint|p2a: Mudsdale\n|move|p1b: Milotic|Scald|p2b: Castform\n|-damage|p2b: Castform|0 fnt\n|faint|p2b: Castform\n|\n|win|MegaArmarougeWhen\n|raw|MegaArmarougeWhen's rating: 1086 &rarr; <strong>1107</strong><br />(+21 for winning)\n|raw|phynixx's rating: 1000 &rarr; <strong>1000</strong><br />(+0 for losing)\n|l|\u2606MegaArmarougeWhen\n|player|p1|\n",
  "uploadtime": 1776354057,
  "views": 29,
  "formatid": "gen9championsvgc2026regma",
  "rating": 1000,
  "private": 0,
  "password": null
}