{
  "id": "gen9championsvgc2026regma-2585605654",
  "format": "[Gen 9 Champions] VGC 2026 Reg M-A",
  "players": [
    "galargiant",
    "Keldeo_FEA"
  ],
  "log": "|j|\u2606galargiant\n|j|\u2606Keldeo_FEA\n|t:|1776358433\n|gametype|doubles\n|player|p1|galargiant|169|1144\n|player|p2|Keldeo_FEA|170|1109\n|gen|9\n|tier|[Gen 9 Champions] VGC 2026 Reg M-A\n|rated|\n|rule|Species Clause: Limit one of each Pok\u00e9mon\n|rule|Item Clause: Limit 1 of each item\n|clearpoke\n|poke|p1|Froslass, L50, F|\n|poke|p1|Kingambit, L50, F|\n|poke|p1|Sneasler, L50, F|\n|poke|p1|Aerodactyl, L50, F|\n|poke|p1|Zoroark-Hisui, L50, M|\n|poke|p1|Incineroar, L50, M|\n|poke|p2|Incineroar, L50, M|\n|poke|p2|Charizard, L50, F|\n|poke|p2|Sinistcha, L50|\n|poke|p2|Whimsicott, L50, F|\n|poke|p2|Zoroark-Hisui, L50, M|\n|poke|p2|Gardevoir, L50, M|\n|teampreview|4\n|inactive|Battle timer is ON: inactive players will automatically lose when time's up. (requested by Keldeo_FEA)\n|inactive|galargiant has 60 seconds left.\n|\n|t:|1776358476\n|teamsize|p1|4\n|teamsize|p2|4\n|start\n|switch|p1a: Incineroar|Incineroar, L50, M|100/100\n|switch|p1b: Aerodactyl|Aerodactyl, L50, F|100/100\n|switch|p2a: Whimsicott|Whimsicott, L50, F, shiny|100/100\n|switch|p2b: Charizard|Charizard, L50, F|100/100\n|-ability|p1b: Aerodactyl|Unnerve\n|turn|1\n|inactive|galargiant has 30 seconds left.\n|\n|t:|1776358509\n|detailschange|p2b: Charizard|Charizard-Mega-X, L50, F\n|-mega|p2b: Charizard|Charizard|Charizardite X\n|move|p2a: Whimsicott|Helping Hand|p2b: Charizard\n|-singleturn|p2b: Charizard|Helping Hand|[of] p2a: Whimsicott\n|move|p1a: Incineroar|Fake Out|p2a: Whimsicott\n|-damage|p2a: Whimsicott|86/100\n|move|p1b: Aerodactyl|Tailwind|p1b: Aerodactyl\n|-sidestart|p1: galargiant|move: Tailwind\n|move|p2b: Charizard|Crunch|p1a: Incineroar\n|-resisted|p1a: Incineroar|1\n|-damage|p1a: Incineroar|79/100\n|\n|upkeep\n|turn|2\n|inactive|Keldeo_FEA has 30 seconds left.\n|\n|t:|1776358542\n|move|p2a: Whimsicott|Encore|p1b: Aerodactyl\n|-start|p1b: Aerodactyl|Encore\n|move|p1b: Aerodactyl|Tailwind||[still]\n|-fail|p1b: Aerodactyl\n|move|p1a: Incineroar|Flare Blitz|p2a: Whimsicott\n|-supereffective|p2a: Whimsicott|1\n|-damage|p2a: Whimsicott|0 fnt\n|faint|p2a: Whimsicott\n|-damage|p1a: Incineroar|60/100|[from] Recoil\n|move|p2b: Charizard|Thunder Punch|p1b: Aerodactyl\n|-supereffective|p1b: Aerodactyl|1\n|-enditem|p1b: Aerodactyl|Focus Sash\n|-damage|p1b: Aerodactyl|1/100\n|\n|upkeep\n|c|\u2606galargiant|I\u2019m so happy that worked\n|\n|t:|1776358557\n|switch|p2a: Incineroar|Incineroar, L50, M|100/100\n|-ability|p2a: Incineroar|Intimidate|boost\n|-unboost|p1a: Incineroar|atk|1\n|-unboost|p1b: Aerodactyl|atk|1\n|turn|3\n|\n|t:|1776358566\n|switch|p2b: Sinistcha|Sinistcha, L50|100/100\n|move|p2a: Incineroar|Fake Out|p1a: Incineroar\n|-damage|p1a: Incineroar|47/100\n|-enditem|p1a: Incineroar|Sitrus Berry|[eat]\n|-heal|p1a: Incineroar|72/100|[from] item: Sitrus Berry\n|move|p1b: Aerodactyl|Tailwind||[still]\n|-fail|p1b: Aerodactyl\n|cant|p1a: Incineroar|flinch\n|\n|upkeep\n|turn|4\n|\n|t:|1776358587\n|switch|p1b: Sneasler|Sneasler, L50, F|100/100\n|move|p1a: Incineroar|Parting Shot|p2a: Incineroar\n|-unboost|p2a: Incineroar|atk|1\n|-unboost|p2a: Incineroar|spa|1\n|\n|t:|1776358594\n|switch|p1a: Kingambit|Kingambit, L50, F|100/100|[from] Parting Shot\n|move|p2b: Sinistcha|Matcha Gotcha|p1b: Sneasler|[spread] p1a,p1b\n|-resisted|p1a: Kingambit|1\n|-resisted|p1b: Sneasler|1\n|-damage|p1a: Kingambit|87/100\n|-damage|p1b: Sneasler|84/100\n|move|p2a: Incineroar|Parting Shot|p1a: Kingambit\n|-unboost|p1a: Kingambit|atk|1\n|-ability|p1a: Kingambit|Defiant|boost\n|-boost|p1a: Kingambit|atk|2\n|-unboost|p1a: Kingambit|spa|1\n|-ability|p1a: Kingambit|Defiant|boost\n|-boost|p1a: Kingambit|atk|2\n|\n|t:|1776358603\n|switch|p2a: Charizard|Charizard-Mega-X, L50, F|100/100|[from] Parting Shot\n|\n|-sideend|p1: galargiant|move: Tailwind\n|upkeep\n|turn|5\n|\n|t:|1776358616\n|move|p1b: Sneasler|Fake Out|p2a: Charizard\n|-damage|p2a: Charizard|88/100\n|move|p2b: Sinistcha|Rage Powder|p2b: Sinistcha\n|-singleturn|p2b: Sinistcha|move: Rage Powder\n|cant|p2a: Charizard|flinch\n|move|p1a: Kingambit|Kowtow Cleave|p2b: Sinistcha\n|-supereffective|p2b: Sinistcha|1\n|-damage|p2b: Sinistcha|0 fnt\n|faint|p2b: Sinistcha\n|\n|upkeep\n|\n|t:|1776358631\n|switch|p2b: Incineroar|Incineroar, L50, M|100/100\n|-ability|p2b: Incineroar|Intimidate|boost\n|-unboost|p1a: Kingambit|atk|1\n|-ability|p1a: Kingambit|Defiant|boost\n|-boost|p1a: Kingambit|atk|2\n|-unboost|p1b: Sneasler|atk|1\n|-enditem|p1b: Sneasler|White Herb\n|-clearnegativeboost|p1b: Sneasler|[silent]\n|turn|6\n|\n|t:|1776358653\n|move|p2b: Incineroar|Fake Out|p1a: Kingambit\n|-resisted|p1a: Kingambit|1\n|-damage|p1a: Kingambit|82/100\n|cant|p1a: Kingambit|flinch\n|move|p1b: Sneasler|Close Combat|p2b: Incineroar\n|-supereffective|p2b: Incineroar|1\n|-damage|p2b: Incineroar|0 fnt\n|-unboost|p1b: Sneasler|def|1\n|-unboost|p1b: Sneasler|spd|1\n|faint|p2b: Incineroar\n|move|p2a: Charizard|Dragon Claw|p1b: Sneasler\n|-damage|p1b: Sneasler|0 fnt\n|faint|p1b: Sneasler\n|\n|upkeep\n|\n|t:|1776358663\n|switch|p1b: Incineroar|Incineroar, L50, M|72/100\n|turn|7\n|\n|t:|1776358668\n|move|p1b: Incineroar|Fake Out|p2a: Charizard\n|-damage|p2a: Charizard|78/100\n|move|p1a: Kingambit|Sucker Punch|p2a: Charizard\n|-damage|p2a: Charizard|0 fnt\n|faint|p2a: Charizard\n|\n|win|galargiant\n|raw|galargiant's rating: 1144 &rarr; <strong>1166</strong><br />(+22 for winning)\n|raw|Keldeo_FEA's rating: 1109 &rarr; <strong>1087</strong><br />(-22 for losing)\n|l|\u2606Keldeo_FEA\n|player|p2|\n",
  "uploadtime": 1776358678,
  "views": 38,
  "formatid": "gen9championsvgc2026regma",
  "rating": 1087,
  "private": 0,
  "password": null
}