{
  "id": "gen9championsvgc2026regma-2586560195",
  "format": "[Gen 9 Champions] VGC 2026 Reg M-A",
  "players": [
    "ottotheotocyon",
    "TheBallistic1"
  ],
  "log": "|j|\u2606ottotheotocyon\n|j|\u2606TheBallistic1\n|t:|1776443069\n|gametype|doubles\n|player|p1|ottotheotocyon|101|1061\n|player|p2|TheBallistic1|colress|1065\n|gen|9\n|tier|[Gen 9 Champions] VGC 2026 Reg M-A\n|rated|\n|rule|Species Clause: Limit one of each Pok\u00e9mon\n|rule|Item Clause: Limit 1 of each item\n|clearpoke\n|poke|p1|Manectric, L50, M|\n|poke|p1|Dedenne, L50, F|\n|poke|p1|Pelipper, L50, F|\n|poke|p1|Dragonite, L50, M|\n|poke|p1|Basculegion-F, L50, F|\n|poke|p1|Sneasler, L50, M|\n|poke|p2|Tyranitar, L50, M|\n|poke|p2|Excadrill, L50, M|\n|poke|p2|Starmie, L50|\n|poke|p2|Garchomp, L50, F|\n|poke|p2|Rotom-Wash, L50|\n|poke|p2|Orthworm, L50, M|\n|teampreview|4\n|\n|t:|1776443106\n|teamsize|p1|4\n|teamsize|p2|4\n|start\n|switch|p1a: Basculegion|Basculegion-F, L50, F|100/100\n|switch|p1b: Sneasler|Sneasler, L50, M|100/100\n|switch|p2a: Starmie|Starmie, L50|100/100\n|switch|p2b: Orthworm|Orthworm, L50, M|100/100\n|turn|1\n|\n|t:|1776443130\n|detailschange|p2a: Starmie|Starmie-Mega, L50\n|-mega|p2a: Starmie|Starmie|Starminite\n|move|p1b: Sneasler|Fake Out|p2a: Starmie\n|-damage|p2a: Starmie|82/100\n|move|p1a: Basculegion|Wave Crash|p2b: Orthworm\n|-damage|p2b: Orthworm|51/100\n|-damage|p1a: Basculegion|87/100|[from] Recoil\n|cant|p2a: Starmie|flinch\n|move|p2b: Orthworm|Shed Tail|p2b: Orthworm\n|-start|p2b: Orthworm|Substitute|[from] move: Shed Tail\n|-damage|p2b: Orthworm|1/100\n|-enditem|p2b: Orthworm|Sitrus Berry|[eat]\n|-heal|p2b: Orthworm|26/100|[from] item: Sitrus Berry\n|\n|t:|1776443139\n|switch|p2b: Tyranitar|Tyranitar, L50, M|100/100|[from] Shed Tail\n|-weather|Sandstorm|[from] ability: Sand Stream|[of] p2b: Tyranitar\n|\n|-weather|Sandstorm|[upkeep]\n|-damage|p1a: Basculegion|81/100|[from] Sandstorm\n|-damage|p2a: Starmie|76/100|[from] Sandstorm\n|-damage|p1b: Sneasler|95/100|[from] Sandstorm\n|upkeep\n|turn|2\n|\n|t:|1776443165\n|move|p1a: Basculegion|Wave Crash|p2b: Tyranitar\n|-supereffective|p2b: Tyranitar|1\n|-end|p2b: Tyranitar|Substitute\n|-damage|p1a: Basculegion|75/100|[from] Recoil|[of] p2b: Tyranitar\n|move|p1b: Sneasler|Close Combat|p2b: Tyranitar\n|-supereffective|p2b: Tyranitar|2\n|-damage|p2b: Tyranitar|0 fnt\n|-unboost|p1b: Sneasler|def|1\n|-unboost|p1b: Sneasler|spd|1\n|faint|p2b: Tyranitar\n|move|p2a: Starmie|Skill Swap|p2: Tyranitar|[notarget]\n|-fail|p2a: Starmie\n|\n|-weather|Sandstorm|[upkeep]\n|-damage|p1a: Basculegion|69/100|[from] Sandstorm\n|-damage|p2a: Starmie|71/100|[from] Sandstorm\n|-damage|p1b: Sneasler|89/100|[from] Sandstorm\n|upkeep\n|\n|t:|1776443173\n|switch|p2b: Rotom|Rotom-Wash, L50|100/100\n|turn|3\n|\n|t:|1776443209\n|switch|p1a: Bird that i hate|Pelipper, L50, F, shiny|100/100\n|-weather|RainDance|[from] ability: Drizzle|[of] p1a: Bird that i hate\n|move|p2a: Starmie|Zen Headbutt|p1b: Sneasler\n|-supereffective|p1b: Sneasler|2\n|-damage|p1b: Sneasler|0 fnt\n|faint|p1b: Sneasler\n|move|p2b: Rotom|Thunderbolt|p1a: Bird that i hate\n|-supereffective|p1a: Bird that i hate|2\n|-enditem|p1a: Bird that i hate|Focus Sash\n|-damage|p1a: Bird that i hate|1/100\n|\n|-weather|RainDance|[upkeep]\n|upkeep\n|\n|t:|1776443223\n|switch|p1b: Dragonite|Dragonite, L50, M, shiny|100/100\n|turn|4\n|\n|t:|1776443247\n|detailschange|p1b: Dragonite|Dragonite-Mega, L50, M, shiny\n|-mega|p1b: Dragonite|Dragonite|Dragoninite\n|move|p2a: Starmie|Zen Headbutt|p1b: Dragonite\n|-damage|p1b: Dragonite|68/100\n|move|p1b: Dragonite|Draco Meteor|p2b: Rotom\n|-damage|p2b: Rotom|5/100\n|-unboost|p1b: Dragonite|spa|2\n|move|p2b: Rotom|Thunderbolt|p1a: Bird that i hate\n|-supereffective|p1a: Bird that i hate|2\n|-damage|p1a: Bird that i hate|0 fnt\n|faint|p1a: Bird that i hate\n|\n|-weather|RainDance|[upkeep]\n|-heal|p2b: Rotom|11/100|[from] item: Leftovers\n|upkeep\n|\n|t:|1776443256\n|switch|p1a: Basculegion|Basculegion-F, L50, F|69/100\n|turn|5\n|\n|t:|1776443265\n|move|p1a: Basculegion|Last Respects|p2a: Starmie\n|-supereffective|p2a: Starmie|1\n|-damage|p2a: Starmie|0 fnt\n|faint|p2a: Starmie\n|move|p1b: Dragonite|Hurricane|p2b: Rotom\n|-resisted|p2b: Rotom|1\n|-damage|p2b: Rotom|0 fnt\n|faint|p2b: Rotom\n|\n|-weather|RainDance|[upkeep]\n|upkeep\n|\n|t:|1776443268\n|switch|p2b: Orthworm|Orthworm, L50, M|26/100\n|turn|6\n|\n|t:|1776443281\n|move|p1a: Basculegion|Last Respects|p2b: Orthworm\n|-damage|p2b: Orthworm|0 fnt\n|faint|p2b: Orthworm\n|\n|win|ottotheotocyon\n|raw|ottotheotocyon's rating: 1061 &rarr; <strong>1092</strong><br />(+31 for winning)\n|raw|TheBallistic1's rating: 1065 &rarr; <strong>1045</strong><br />(-20 for losing)\n",
  "uploadtime": 1776443286,
  "views": 26,
  "formatid": "gen9championsvgc2026regma",
  "rating": 1045,
  "private": 0,
  "password": null
}