{
  "id": "gen9championsvgc2026regma-2581672367",
  "format": "[Gen 9 Champions] VGC 2026 Reg M-A",
  "players": [
    "snekyep",
    "koraidonrider3565"
  ],
  "log": "|j|\u2606snekyep\n|j|\u203dkoraidonrider3565\n|t:|1776019617\n|gametype|doubles\n|player|p1|snekyep|az-lza|1159\n|player|p2|koraidonrider3565|1|1147\n|gen|9\n|tier|[Gen 9 Champions] VGC 2026 Reg M-A\n|rated|\n|rule|Species Clause: Limit one of each Pok\u00e9mon\n|rule|Item Clause: Limit 1 of each item\n|clearpoke\n|poke|p1|Kangaskhan, L50, F|\n|poke|p1|Zoroark-Hisui, L50, M|\n|poke|p1|Whimsicott, L50, M|\n|poke|p1|Incineroar, L50, M|\n|poke|p1|Tinkaton, L50, F|\n|poke|p1|Garchomp, L50, F|\n|poke|p2|Charizard, L50, F|\n|poke|p2|Floette-Eternal, L50, F|\n|poke|p2|Whimsicott, L50, F|\n|poke|p2|Golurk, L50|\n|poke|p2|Incineroar, L50, F|\n|poke|p2|Arcanine-Hisui, L50, M|\n|teampreview|4\n|\n|t:|1776019663\n|teamsize|p1|4\n|teamsize|p2|4\n|start\n|switch|p1a: Whimsicott|Whimsicott, L50, M|100/100\n|switch|p1b: Tinkaton|Tinkaton, L50, F|100/100\n|switch|p2a: Floette|Floette-Eternal, L50, F|100/100\n|switch|p2b: Incineroar|Incineroar, L50, F|100/100\n|-ability|p2b: Incineroar|Intimidate|boost\n|-unboost|p1a: Whimsicott|atk|1\n|-fail|p1b: Tinkaton|unboost|Attack|[from] ability: Own Tempo|[of] p1b: Tinkaton\n|turn|1\n|\n|t:|1776019681\n|switch|p2a: Arcanine|Arcanine-Hisui, L50, M|100/100\n|move|p1b: Tinkaton|Fake Out|p2b: Incineroar\n|-damage|p2b: Incineroar|91/100\n|move|p1a: Whimsicott|Tailwind|p1a: Whimsicott\n|-sidestart|p1: snekyep|move: Tailwind\n|cant|p2b: Incineroar|flinch\n|\n|-heal|p2b: Incineroar|97/100|[from] item: Leftovers\n|upkeep\n|turn|2\n|\n|t:|1776019713\n|switch|p1a: Kangaskhan|Kangaskhan, L50, F|100/100\n|switch|p1b: Garchomp|Garchomp, L50, F|100/100\n|move|p2a: Arcanine|Rock Slide|p1b: Garchomp|[spread] p1b\n|-miss|p2a: Arcanine|p1a: Kangaskhan\n|-resisted|p1b: Garchomp|1\n|-damage|p1b: Garchomp|88/100\n|move|p2b: Incineroar|Flare Blitz|p1a: Kangaskhan\n|-damage|p1a: Kangaskhan|49/100\n|-damage|p2b: Incineroar|80/100|[from] Recoil\n|\n|-heal|p2b: Incineroar|86/100|[from] item: Leftovers\n|upkeep\n|turn|3\n|\n|t:|1776019749\n|switch|p2a: Whimsicott|Whimsicott, L50, F|100/100\n|detailschange|p1a: Kangaskhan|Kangaskhan-Mega, L50, F\n|-mega|p1a: Kangaskhan|Kangaskhan|Kangaskhanite\n|move|p2b: Incineroar|Protect|p2b: Incineroar\n|-singleturn|p2b: Incineroar|Protect\n|move|p1a: Kangaskhan|Fake Out|p2b: Incineroar\n|-activate|p2b: Incineroar|move: Protect\n|move|p1b: Garchomp|Earthquake|p2b: Incineroar|[spread] p1a,p2a\n|-activate|p2b: Incineroar|move: Protect\n|-resisted|p2a: Whimsicott|1\n|-damage|p1a: Kangaskhan|14/100\n|-damage|p2a: Whimsicott|73/100\n|\n|-heal|p2b: Incineroar|92/100|[from] item: Leftovers\n|upkeep\n|turn|4\n|\n|t:|1776019791\n|switch|p2b: Arcanine|Arcanine-Hisui, L50, M|100/100\n|move|p2a: Whimsicott|Protect|p2a: Whimsicott\n|-singleturn|p2a: Whimsicott|Protect\n|move|p1b: Garchomp|Poison Jab|p2a: Whimsicott\n|-activate|p2a: Whimsicott|move: Protect\n|move|p1a: Kangaskhan|Double-Edge|p2b: Arcanine\n|-resisted|p2b: Arcanine|1\n|-damage|p2b: Arcanine|66/100\n|-resisted|p2b: Arcanine|1\n|-damage|p2b: Arcanine|56/100\n|-hitcount|p2b: Arcanine|2\n|-damage|p1a: Kangaskhan|2/100|[from] Recoil\n|\n|-sideend|p1: snekyep|move: Tailwind\n|upkeep\n|turn|5\n|\n|t:|1776019824\n|move|p2a: Whimsicott|Tailwind|p2a: Whimsicott\n|-sidestart|p2: koraidonrider3565|move: Tailwind\n|move|p2b: Arcanine|Close Combat|p1b: Garchomp\n|-damage|p1b: Garchomp|45/100\n|-unboost|p2b: Arcanine|def|1\n|-unboost|p2b: Arcanine|spd|1\n|-damage|p2b: Arcanine|44/100|[from] ability: Rough Skin|[of] p1b: Garchomp\n|move|p1b: Garchomp|Poison Jab|p2a: Whimsicott\n|-supereffective|p2a: Whimsicott|2\n|-damage|p2a: Whimsicott|0 fnt\n|faint|p2a: Whimsicott\n|move|p1a: Kangaskhan|Circle Throw|p2b: Arcanine\n|-supereffective|p2b: Arcanine|1\n|-damage|p2b: Arcanine|0 fnt\n|faint|p2b: Arcanine\n|-hitcount|p2: Arcanine|1\n|\n|upkeep\n|\n|t:|1776019843\n|switch|p2a: Incineroar|Incineroar, L50, F|92/100\n|switch|p2b: Floette|Floette-Eternal, L50, F|100/100\n|-ability|p2a: Incineroar|Intimidate|boost\n|-unboost|p1a: Kangaskhan|atk|1\n|-unboost|p1b: Garchomp|atk|1\n|turn|6\n|\n|t:|1776019853\n|detailschange|p2b: Floette|Floette-Mega, L50, F\n|-mega|p2b: Floette|Floette|Floettite\n|-ability|p2b: Floette|Fairy Aura\n|move|p2a: Incineroar|Fake Out|p1a: Kangaskhan\n|-damage|p1a: Kangaskhan|0 fnt\n|faint|p1a: Kangaskhan\n|move|p2b: Floette|Dazzling Gleam|p1b: Garchomp\n|-supereffective|p1b: Garchomp|1\n|-damage|p1b: Garchomp|0 fnt\n|faint|p1b: Garchomp\n|\n|-heal|p2a: Incineroar|98/100|[from] item: Leftovers\n|upkeep\n|\n|t:|1776019865\n|switch|p1b: Whimsicott|Whimsicott, L50, M|100/100\n|switch|p1a: Tinkaton|Tinkaton, L50, F|100/100\n|turn|7\n|\n|t:|1776019879\n|move|p2b: Floette|Protect|p2b: Floette\n|-singleturn|p2b: Floette|Protect\n|move|p1a: Tinkaton|Fake Out|p2a: Incineroar\n|-damage|p2a: Incineroar|89/100\n|move|p1b: Whimsicott|Tailwind|p1b: Whimsicott\n|-sidestart|p1: snekyep|move: Tailwind\n|cant|p2a: Incineroar|flinch\n|\n|-heal|p2a: Incineroar|95/100|[from] item: Leftovers\n|upkeep\n|turn|8\n|\n|t:|1776019901\n|move|p2b: Floette|Pollen Puff|p1b: Whimsicott\n|-crit|p1b: Whimsicott\n|-damage|p1b: Whimsicott|20/100\n|move|p1b: Whimsicott|Moonblast|p2a: Incineroar\n|-damage|p2a: Incineroar|70/100\n|move|p1a: Tinkaton|Gigaton Hammer|p2b: Floette\n|-supereffective|p2b: Floette|1\n|-damage|p2b: Floette|0 fnt\n|faint|p2b: Floette\n|move|p2a: Incineroar|Flare Blitz|p1a: Tinkaton\n|-supereffective|p1a: Tinkaton|1\n|-damage|p1a: Tinkaton|0 fnt\n|faint|p1a: Tinkaton\n|-damage|p2a: Incineroar|44/100|[from] Recoil\n|\n|-heal|p2a: Incineroar|50/100|[from] item: Leftovers\n|-sideend|p2: koraidonrider3565|move: Tailwind\n|upkeep\n|turn|9\n|\n|t:|1776019922\n|move|p2a: Incineroar|Protect|p2a: Incineroar\n|-singleturn|p2a: Incineroar|Protect\n|move|p1b: Whimsicott|Moonblast|p2a: Incineroar\n|-activate|p2a: Incineroar|move: Protect\n|\n|-heal|p2a: Incineroar|56/100|[from] item: Leftovers\n|upkeep\n|turn|10\n|\n|t:|1776019932\n|move|p1b: Whimsicott|Moonblast|p2a: Incineroar\n|-damage|p2a: Incineroar|35/100\n|move|p2a: Incineroar|Flare Blitz|p1b: Whimsicott\n|-supereffective|p1b: Whimsicott|1\n|-damage|p1b: Whimsicott|0 fnt\n|faint|p1b: Whimsicott\n|-damage|p2a: Incineroar|31/100|[from] Recoil\n|\n|win|koraidonrider3565\n|raw|snekyep's rating: 1159 &rarr; <strong>1133</strong><br />(-26 for losing)\n|raw|koraidonrider3565's rating: 1147 &rarr; <strong>1173</strong><br />(+26 for winning)\n|l|\u2606snekyep\n|player|p1|\n",
  "uploadtime": 1776019944,
  "views": 23,
  "formatid": "gen9championsvgc2026regma",
  "rating": 1133,
  "private": 0,
  "password": null
}