{
  "id": "gen9championsvgc2026regma-2584473728",
  "format": "[Gen 9 Champions] VGC 2026 Reg M-A",
  "players": [
    "MrOktagon",
    "Qloser"
  ],
  "log": "|j|\u2606MrOktagon\n|j|\u2606Qloser\n|t:|1776263249\n|gametype|doubles\n|player|p1|MrOktagon|265|1325\n|player|p2|Qloser|norman|1348\n|gen|9\n|tier|[Gen 9 Champions] VGC 2026 Reg M-A\n|rated|\n|rule|Species Clause: Limit one of each Pok\u00e9mon\n|rule|Item Clause: Limit 1 of each item\n|clearpoke\n|poke|p1|Gengar, L50, M|\n|poke|p1|Venusaur, L50, M|\n|poke|p1|Incineroar, L50, F|\n|poke|p1|Ninetales, L50, F|\n|poke|p1|Kommo-o, L50, M|\n|poke|p1|Kingambit, L50, F|\n|poke|p2|Charizard, L50, F|\n|poke|p2|Kingambit, L50, M|\n|poke|p2|Rotom-Wash, L50|\n|poke|p2|Tyranitar, L50, F|\n|poke|p2|Sinistcha, L50|\n|poke|p2|Excadrill, L50, M|\n|teampreview|4\n|inactive|Battle timer is ON: inactive players will automatically lose when time's up. (requested by Qloser)\n|\n|t:|1776263276\n|teamsize|p1|4\n|teamsize|p2|4\n|start\n|switch|p1a: Kommo-o|Kommo-o, L50, M|100/100\n|switch|p1b: Kingambit|Kingambit, L50, F|100/100\n|switch|p2a: Charizard|Charizard, L50, F|100/100\n|switch|p2b: Tyranitar|Tyranitar, L50, F|100/100\n|-weather|Sandstorm|[from] ability: Sand Stream|[of] p2b: Tyranitar\n|turn|1\n|inactive|MrOktagon has 30 seconds left.\n|\n|t:|1776263305\n|switch|p1b: Incineroar|Incineroar, L50, F|100/100\n|-ability|p1b: Incineroar|Intimidate|boost\n|-unboost|p2a: Charizard|atk|1\n|-unboost|p2b: Tyranitar|atk|1\n|move|p2b: Tyranitar|Low Kick|p1b: Incineroar\n|-supereffective|p1b: Incineroar|1\n|-enditem|p1b: Incineroar|Chople Berry|[eat]\n|-enditem|p1b: Incineroar|Chople Berry|[weaken]\n|-damage|p1b: Incineroar|84/100\n|move|p2a: Charizard|Dragon Dance|p2a: Charizard\n|-boost|p2a: Charizard|atk|1\n|-boost|p2a: Charizard|spe|1\n|move|p1a: Kommo-o|Clangorous Soul|p1a: Kommo-o\n|-boost|p1a: Kommo-o|atk|1\n|-boost|p1a: Kommo-o|def|1\n|-boost|p1a: Kommo-o|spa|1\n|-boost|p1a: Kommo-o|spd|1\n|-boost|p1a: Kommo-o|spe|1\n|-damage|p1a: Kommo-o|68/100\n|\n|-weather|Sandstorm|[upkeep]\n|-damage|p2a: Charizard|95/100|[from] Sandstorm\n|-damage|p1b: Incineroar|78/100|[from] Sandstorm\n|-heal|p1a: Kommo-o|73/100|[from] item: Leftovers\n|upkeep\n|turn|2\n|\n|t:|1776263327\n|switch|p2b: Excadrill|Excadrill, L50, M|100/100\n|move|p2a: Charizard|Protect|p2a: Charizard\n|-singleturn|p2a: Charizard|Protect\n|move|p1b: Incineroar|Fake Out|p2a: Charizard\n|-activate|p2a: Charizard|move: Protect\n|move|p1a: Kommo-o|Aura Sphere|p2b: Excadrill\n|-supereffective|p2b: Excadrill|1\n|-enditem|p2b: Excadrill|Focus Sash\n|-damage|p2b: Excadrill|1/100\n|\n|-weather|Sandstorm|[upkeep]\n|-damage|p2a: Charizard|89/100|[from] Sandstorm\n|-damage|p1b: Incineroar|72/100|[from] Sandstorm\n|-heal|p1a: Kommo-o|79/100|[from] item: Leftovers\n|upkeep\n|turn|3\n|inactive|MrOktagon has 30 seconds left.\n|inactive|Qloser has 30 seconds left.\n|\n|t:|1776263355\n|move|p1a: Kommo-o|Protect|p1a: Kommo-o\n|-singleturn|p1a: Kommo-o|Protect\n|move|p2b: Excadrill|High Horsepower|p1b: Incineroar\n|-supereffective|p1b: Incineroar|1\n|-damage|p1b: Incineroar|0 fnt\n|faint|p1b: Incineroar\n|move|p2a: Charizard|Dragon Dance|p2a: Charizard\n|-boost|p2a: Charizard|atk|1\n|-boost|p2a: Charizard|spe|1\n|\n|-weather|Sandstorm|[upkeep]\n|-damage|p2a: Charizard|83/100|[from] Sandstorm\n|-heal|p1a: Kommo-o|85/100|[from] item: Leftovers\n|upkeep\n|\n|t:|1776263364\n|switch|p1b: Kingambit|Kingambit, L50, F|100/100\n|turn|4\n|\n|t:|1776263374\n|detailschange|p2a: Charizard|Charizard-Mega-X, L50, F\n|-mega|p2a: Charizard|Charizard|Charizardite X\n|move|p1b: Kingambit|Sucker Punch|p2b: Excadrill\n|-damage|p2b: Excadrill|0 fnt\n|faint|p2b: Excadrill\n|move|p2a: Charizard|Dragon Claw|p1a: Kommo-o\n|-supereffective|p1a: Kommo-o|1\n|-damage|p1a: Kommo-o|0 fnt\n|faint|p1a: Kommo-o\n|\n|-weather|Sandstorm|[upkeep]\n|-damage|p2a: Charizard|77/100|[from] Sandstorm\n|upkeep\n|\n|t:|1776263382\n|switch|p2b: Tyranitar|Tyranitar, L50, F|100/100\n|switch|p1a: Gengar|Gengar, L50, M|100/100\n|turn|5\n|\n|t:|1776263395\n|detailschange|p1a: Gengar|Gengar-Mega, L50, M\n|-mega|p1a: Gengar|Gengar|Gengarite\n|move|p1b: Kingambit|Protect|p1b: Kingambit\n|-singleturn|p1b: Kingambit|Protect\n|move|p2a: Charizard|Dragon Claw|p1a: Gengar\n|-damage|p1a: Gengar|20/100\n|move|p1a: Gengar|Shadow Ball|p2a: Charizard\n|-damage|p2a: Charizard|30/100\n|move|p2b: Tyranitar|Knock Off|p1a: Gengar\n|-supereffective|p1a: Gengar|1\n|-damage|p1a: Gengar|0 fnt\n|faint|p1a: Gengar\n|\n|-weather|none\n|upkeep\n|turn|6\n|-message|MrOktagon forfeited.\n|\n|win|Qloser\n|raw|MrOktagon's rating: 1325 &rarr; <strong>1306</strong><br />(-19 for losing)\n|raw|Qloser's rating: 1348 &rarr; <strong>1367</strong><br />(+19 for winning)\n",
  "uploadtime": 1776263407,
  "views": 29,
  "formatid": "gen9championsvgc2026regma",
  "rating": 1306,
  "private": 0,
  "password": null
}