{
  "id": "gen9championsvgc2026regma-2581682980",
  "format": "[Gen 9 Champions] VGC 2026 Reg M-A",
  "players": [
    "SimMikaze",
    "Boby Marley"
  ],
  "log": "|j|\u2606SimMikaze\n|j|\u2606Boby Marley\n|t:|1776020408\n|gametype|doubles\n|player|p1|SimMikaze|miku-ghost|1184\n|player|p2|Boby Marley|101|1249\n|gen|9\n|tier|[Gen 9 Champions] VGC 2026 Reg M-A\n|rated|\n|rule|Species Clause: Limit one of each Pok\u00e9mon\n|rule|Item Clause: Limit 1 of each item\n|clearpoke\n|poke|p1|Hawlucha, L50, M|\n|poke|p1|Snorlax, L50, M|\n|poke|p1|Excadrill, L50, M|\n|poke|p1|Tyranitar, L50, M|\n|poke|p1|Sinistcha, L50|\n|poke|p1|Basculegion, L50, M|\n|poke|p2|Farigiraf, L50, F|\n|poke|p2|Archaludon, L50, M|\n|poke|p2|Crabominable, L50, M|\n|poke|p2|Incineroar, L50, F|\n|poke|p2|Pelipper, L50, M|\n|poke|p2|Basculegion, L50, M|\n|teampreview|4\n|\n|t:|1776020488\n|teamsize|p1|4\n|teamsize|p2|4\n|start\n|switch|p1a: Hawlucha|Hawlucha, L50, M|100/100\n|switch|p1b: Snorlax|Snorlax, L50, M|100/100\n|switch|p2a: Farigiraf|Farigiraf, L50, F|100/100\n|switch|p2b: Incineroar|Incineroar, L50, F|100/100\n|-ability|p2b: Incineroar|Intimidate|boost\n|-unboost|p1a: Hawlucha|atk|1\n|-unboost|p1b: Snorlax|atk|1\n|turn|1\n|\n|t:|1776020553\n|detailschange|p1a: Hawlucha|Hawlucha-Mega, L50, M\n|-mega|p1a: Hawlucha|Hawlucha|Hawluchanite\n|move|p2b: Incineroar|Fake Out|p1a: Hawlucha\n|-damage|p1a: Hawlucha|90/100\n|cant|p1a: Hawlucha|flinch\n|move|p2a: Farigiraf|Psychic Noise|p1a: Hawlucha\n|-supereffective|p1a: Hawlucha|1\n|-damage|p1a: Hawlucha|32/100\n|-start|p1a: Hawlucha|move: Heal Block\n|move|p1b: Snorlax|Body Slam|p2a: Farigiraf\n|-damage|p2a: Farigiraf|82/100\n|\n|upkeep\n|turn|2\n|\n|t:|1776020592\n|move|p1a: Hawlucha|Entrainment|p1b: Snorlax\n|-ability|p1b: Snorlax|No Guard|Thick Fat|[from] move: Entrainment|[of] p1a: Hawlucha\n|move|p2b: Incineroar|Parting Shot|p1b: Snorlax\n|-unboost|p1b: Snorlax|atk|1\n|-unboost|p1b: Snorlax|spa|1\n|\n|t:|1776020603\n|switch|p2b: Crabominable|Crabominable, L50, M|100/100|[from] Parting Shot\n|move|p1b: Snorlax|Fissure|p2a: Farigiraf\n|-damage|p2a: Farigiraf|0 fnt\n|faint|p2a: Farigiraf\n|-ohko\n|\n|-end|p1a: Hawlucha|move: Heal Block\n|upkeep\n|\n|t:|1776020626\n|switch|p2a: Incineroar|Incineroar, L50, F|100/100\n|-ability|p2a: Incineroar|Intimidate|boost\n|-unboost|p1a: Hawlucha|atk|1\n|-unboost|p1b: Snorlax|atk|1\n|turn|3\n|\n|t:|1776020660\n|switch|p1a: Basculegion|Basculegion, L50, M|100/100\n|detailschange|p2b: Crabominable|Crabominable-Mega, L50, M\n|-mega|p2b: Crabominable|Crabominable|Crabominite\n|move|p1b: Snorlax|Protect|p1b: Snorlax\n|-singleturn|p1b: Snorlax|Protect\n|move|p2a: Incineroar|Fake Out|p1b: Snorlax\n|-activate|p1b: Snorlax|move: Protect\n|move|p2b: Crabominable|Drain Punch|p1b: Snorlax\n|-activate|p1b: Snorlax|move: Protect\n|\n|upkeep\n|turn|4\n|\n|t:|1776020686\n|switch|p2a: Archaludon|Archaludon, L50, M|100/100\n|move|p1a: Basculegion|Wave Crash|p2a: Archaludon\n|-resisted|p2a: Archaludon|1\n|-crit|p2a: Archaludon\n|-damage|p2a: Archaludon|61/100\n|-ability|p2a: Archaludon|Stamina|boost\n|-boost|p2a: Archaludon|def|1\n|-damage|p1a: Basculegion|87/100|[from] Recoil\n|move|p1b: Snorlax|Fissure|p2b: Crabominable\n|-damage|p2b: Crabominable|0 fnt\n|faint|p2b: Crabominable\n|-ohko\n|\n|-heal|p2a: Archaludon|67/100|[from] item: Leftovers\n|upkeep\n|c|\u2606Boby Marley|xDDDD\n|\n|t:|1776020699\n|switch|p2b: Incineroar|Incineroar, L50, F|100/100\n|-ability|p2b: Incineroar|Intimidate|boost\n|-unboost|p1a: Basculegion|atk|1\n|-unboost|p1b: Snorlax|atk|1\n|turn|5\n|\n|t:|1776020719\n|switch|p1a: Hawlucha|Hawlucha-Mega, L50, M|32/100\n|move|p1b: Snorlax|Protect|p1b: Snorlax\n|-singleturn|p1b: Snorlax|Protect\n|move|p2b: Incineroar|Fake Out|p1b: Snorlax\n|-activate|p1b: Snorlax|move: Protect\n|move|p2a: Archaludon|Dragon Pulse|p1b: Snorlax\n|-activate|p1b: Snorlax|move: Protect\n|\n|-heal|p2a: Archaludon|73/100|[from] item: Leftovers\n|upkeep\n|turn|6\n|-message|Boby Marley forfeited.\n|\n|win|SimMikaze\n|raw|SimMikaze's rating: 1184 &rarr; <strong>1214</strong><br />(+30 for winning)\n|raw|Boby Marley's rating: 1249 &rarr; <strong>1219</strong><br />(-30 for losing)\n|l|\u2606Boby Marley\n|player|p2|\n",
  "uploadtime": 1776020726,
  "views": 22,
  "formatid": "gen9championsvgc2026regma",
  "rating": 1214,
  "private": 0,
  "password": null
}