{
  "id": "gen9championsvgc2026regma-2585660786",
  "format": "[Gen 9 Champions] VGC 2026 Reg M-A",
  "players": [
    "edenborn",
    "Lrd&svrgouging"
  ],
  "log": "|j|\u2606edenborn\n|j|\u2606Lrd&svrgouging\n|t:|1776361936\n|gametype|doubles\n|player|p1|edenborn|unknown|1126\n|player|p2|Lrd&svrgouging|101|1111\n|gen|9\n|tier|[Gen 9 Champions] VGC 2026 Reg M-A\n|rated|\n|rule|Species Clause: Limit one of each Pok\u00e9mon\n|rule|Item Clause: Limit 1 of each item\n|clearpoke\n|poke|p1|Palafin, L50, F|\n|poke|p1|Pelipper, L50, M|\n|poke|p1|Archaludon, L50, F|\n|poke|p1|Sinistcha, L50|\n|poke|p1|Incineroar, L50, M|\n|poke|p1|Aerodactyl, L50, M|\n|poke|p2|Farigiraf, L50, M|\n|poke|p2|Crabominable, L50, F|\n|poke|p2|Scovillain, L50, M|\n|poke|p2|Primarina, L50, F|\n|poke|p2|Torkoal, L50, M|\n|poke|p2|Sneasler, L50, M|\n|teampreview|4\n|inactive|Battle timer is ON: inactive players will automatically lose when time's up. (requested by edenborn)\n|inactive|Lrd&svrgouging has 60 seconds left.\nedenborn has agreed to open team sheets.\n|inactive|Lrd&svrgouging has 30 seconds left.\n|\n|t:|1776362003\n|teamsize|p1|4\n|teamsize|p2|4\n|start\n|switch|p1a: Weather Breaker|Aerodactyl, L50, M|100/100\n|switch|p1b: Herc|Palafin, L50, F|100/100\n|switch|p2a: Farigiraf|Farigiraf, L50, M, shiny|100/100\n|switch|p2b: Scovillain|Scovillain, L50, M|100/100\n|-ability|p1a: Weather Breaker|Unnerve\n|turn|1\n|\n|t:|1776362028\n|detailschange|p1a: Weather Breaker|Aerodactyl-Mega, L50, M\n|-mega|p1a: Weather Breaker|Aerodactyl|Aerodactylite\n|detailschange|p2b: Scovillain|Scovillain-Mega, L50, M\n|-mega|p2b: Scovillain|Scovillain|Scovillainite\n|move|p1a: Weather Breaker|Dual Wingbeat|p2b: Scovillain\n|-supereffective|p2b: Scovillain|1\n|-damage|p2b: Scovillain|47/100\n|-status|p1a: Weather Breaker|brn|[from] ability: Spicy Spray|[of] p2b: Scovillain\n|-supereffective|p2b: Scovillain|1\n|-damage|p2b: Scovillain|19/100\n|-hitcount|p2b: Scovillain|2\n|move|p1b: Herc|Flip Turn|p2a: Farigiraf\n|-damage|p2a: Farigiraf|77/100\n|\n|t:|1776362048\n|detailschange|p1b: Herc|Palafin-Hero, L50, F\n|switch|p1b: Archie Manning|Archaludon, L50, F|100/100|[from] Flip Turn\n|move|p2b: Scovillain|Leech Seed|p1b: Archie Manning\n|-start|p1b: Archie Manning|move: Leech Seed\n|move|p2a: Farigiraf|Trick Room|p2a: Farigiraf\n|-fieldstart|move: Trick Room|[of] p2a: Farigiraf\n|\n|-damage|p1b: Archie Manning|88/100|[from] Leech Seed|[of] p2b: Scovillain\n|-heal|p2b: Scovillain|33/100|[silent]\n|-damage|p1a: Weather Breaker|95/100 brn|[from] brn\n|upkeep\n|turn|2\n|\n|t:|1776362069\n|move|p2b: Scovillain|Protect|p2b: Scovillain\n|-singleturn|p2b: Scovillain|Protect\n|move|p1a: Weather Breaker|Protect|p1a: Weather Breaker\n|-singleturn|p1a: Weather Breaker|Protect\n|move|p2a: Farigiraf|Twin Beam|p1a: Weather Breaker\n|-activate|p1a: Weather Breaker|move: Protect\n|move|p1b: Archie Manning|Flash Cannon|p2b: Scovillain\n|-activate|p2b: Scovillain|move: Protect\n|\n|-damage|p1b: Archie Manning|76/100|[from] Leech Seed|[of] p2b: Scovillain\n|-heal|p2b: Scovillain|47/100|[silent]\n|-damage|p1a: Weather Breaker|89/100 brn|[from] brn\n|upkeep\n|turn|3\n|inactive|edenborn has 30 seconds left.\n|inactive|edenborn has 20 seconds left.\n|\n|t:|1776362105\n|move|p2a: Farigiraf|Twin Beam|p1a: Weather Breaker\n|-damage|p1a: Weather Breaker|69/100 brn\n|-damage|p1a: Weather Breaker|48/100 brn\n|-hitcount|p1a: Weather Breaker|2\n|move|p2b: Scovillain|Leech Seed|p1a: Weather Breaker\n|-start|p1a: Weather Breaker|move: Leech Seed\n|move|p1b: Archie Manning|Draco Meteor|p2a: Farigiraf\n|-crit|p2a: Farigiraf\n|-damage|p2a: Farigiraf|0 fnt\n|-unboost|p1b: Archie Manning|spa|2\n|faint|p2a: Farigiraf\n|-enditem|p1b: Archie Manning|White Herb\n|-clearnegativeboost|p1b: Archie Manning|[silent]\n|move|p1a: Weather Breaker|Dual Wingbeat|p2b: Scovillain\n|-supereffective|p2b: Scovillain|1\n|-damage|p2b: Scovillain|15/100\n|-supereffective|p2b: Scovillain|1\n|-crit|p2b: Scovillain\n|-damage|p2b: Scovillain|0 fnt\n|faint|p2b: Scovillain\n|-hitcount|p2: Scovillain|2\n|\n|-damage|p1a: Weather Breaker|43/100 brn|[from] brn\n|upkeep\n|\n|t:|1776362110\n|switch|p2a: Crabominable|Crabominable, L50, F|100/100\n|switch|p2b: Primarina|Primarina, L50, F, shiny|100/100\n|turn|4\n|inactive|edenborn has 30 seconds left.\n|inactive|edenborn has 20 seconds left.\n|\n|t:|1776362151\n|move|p2a: Crabominable|Drain Punch|p1b: Archie Manning\n|-supereffective|p1b: Archie Manning|1\n|-damage|p1b: Archie Manning|6/100\n|-ability|p1b: Archie Manning|Stamina|boost\n|-boost|p1b: Archie Manning|def|1\n|move|p2b: Primarina|Hyper Voice|p1b: Archie Manning|[spread] p1a,p1b\n|-supereffective|p1a: Weather Breaker|1\n|-resisted|p1b: Archie Manning|1\n|-damage|p1a: Weather Breaker|0 fnt\n|-damage|p1b: Archie Manning|0 fnt\n|faint|p1a: Weather Breaker\n|faint|p1b: Archie Manning\n|\n|upkeep\n|\n|t:|1776362165\n|switch|p1b: Herc|Palafin-Hero, L50, F|100/100\n|switch|p1a: Drizz Lord|Pelipper, L50, M|100/100\n|-weather|RainDance|[from] ability: Drizzle|[of] p1a: Drizz Lord\n|-activate|p1b: Herc|ability: Zero to Hero\n|turn|5\n|\n|t:|1776362188\n|move|p1a: Drizz Lord|Wide Guard|p1a: Drizz Lord\n|-singleturn|p1a: Drizz Lord|Wide Guard\n|move|p2a: Crabominable|Ice Hammer|p1a: Drizz Lord\n|-damage|p1a: Drizz Lord|48/100\n|-unboost|p2a: Crabominable|spe|1\n|move|p2b: Primarina|Moonblast|p1a: Drizz Lord\n|-damage|p1a: Drizz Lord|0 fnt\n|faint|p1a: Drizz Lord\n|move|p1b: Herc|Wave Crash|p2a: Crabominable\n|-crit|p2a: Crabominable\n|-damage|p2a: Crabominable|0 fnt\n|faint|p2a: Crabominable\n|-damage|p1b: Herc|73/100|[from] Recoil\n|\n|-weather|RainDance|[upkeep]\n|-fieldend|move: Trick Room\n|upkeep\n|turn|6\n|\n|t:|1776362209\n|move|p1b: Herc|Wave Crash|p2b: Primarina\n|-resisted|p2b: Primarina|1\n|-damage|p2b: Primarina|20/100\n|-damage|p1b: Herc|50/100|[from] Recoil\n|move|p2b: Primarina|Moonblast|p1b: Herc\n|-damage|p1b: Herc|3/100\n|\n|-weather|RainDance|[upkeep]\n|-heal|p2b: Primarina|27/100|[from] item: Leftovers\n|upkeep\n|turn|7\n|\n|t:|1776362222\n|move|p2b: Primarina|Protect|p2b: Primarina\n|-singleturn|p2b: Primarina|Protect\n|move|p1b: Herc|Wave Crash|p2b: Primarina\n|-activate|p2b: Primarina|move: Protect\n|\n|-weather|RainDance|[upkeep]\n|-heal|p2b: Primarina|33/100|[from] item: Leftovers\n|upkeep\n|turn|8\n|\n|t:|1776362231\n|move|p2b: Primarina|Protect||[still]\n|-fail|p2b: Primarina\n|move|p1b: Herc|Wave Crash|p2b: Primarina\n|-resisted|p2b: Primarina|1\n|-damage|p2b: Primarina|0 fnt\n|faint|p2b: Primarina\n|-damage|p1b: Herc|0 fnt|[from] Recoil\n|faint|p1b: Herc\n|\n|win|edenborn\n|raw|edenborn's rating: 1126 &rarr; <strong>1150</strong><br />(+24 for winning)\n|raw|Lrd&amp;svrgouging's rating: 1111 &rarr; <strong>1087</strong><br />(-24 for losing)\n|l|\u2606Lrd&svrgouging\n|player|p2|\n",
  "uploadtime": 1776362333,
  "views": 33,
  "formatid": "gen9championsvgc2026regma",
  "rating": 1087,
  "private": 0,
  "password": null
}