{
  "id": "gen9championsvgc2026regma-2588760320",
  "format": "[Gen 9 Champions] VGC 2026 Reg M-A",
  "players": [
    "unklejawnie",
    "SkoipVGC"
  ],
  "log": "|j|\u2606unklejawnie\n|j|\u2606SkoipVGC\n|t:|1776667232\n|gametype|doubles\n|player|p1|unklejawnie|n|1035\n|player|p2|SkoipVGC|ninjaboy|1102\n|gen|9\n|tier|[Gen 9 Champions] VGC 2026 Reg M-A\n|rated|\n|rule|Species Clause: Limit one of each Pok\u00e9mon\n|rule|Item Clause: Limit 1 of each item\n|clearpoke\n|poke|p1|Sableye, L50, F, shiny|\n|poke|p1|Morpeko, L50, F|\n|poke|p1|Oranguru, L50, M, shiny|\n|poke|p1|Sylveon, L50, F|\n|poke|p1|Toxicroak, L50, M|\n|poke|p1|Incineroar, L50, M|\n|poke|p2|Froslass, L50, F, shiny|\n|poke|p2|Incineroar, L50, M|\n|poke|p2|Sinistcha, L50|\n|poke|p2|Rotom-Wash, L50|\n|poke|p2|Garchomp, L50, F|\n|poke|p2|Aerodactyl, L50, F|\n|teampreview|4\nSkoipVGC has agreed to open team sheets.\nunklejawnie has agreed to open team sheets.\n|showteam|p1|Sableye||Sablenite|Prankster|ThunderWave,Gravity,Detect,ShadowClaw|||F|||50|]Morpeko||Leftovers|HungerSwitch|Protect,AuraWheel,Taunt,PartingShot|||F|||50|]Oranguru||WhiteHerb|InnerFocus|Protect,ZenHeadbutt,TrickRoom,Encore|||M|||50|]Sylveon||FairyFeather|Pixilate|HyperVoice,Protect,QuickAttack,ShadowBall|||F|||50|]Toxicroak||FocusSash|DrySkin|CloseCombat,ThunderPunch,IcePunch,FakeOut|||M|||50|]Incineroar||ChopleBerry|Intimidate|DarkestLariat,PartingShot,SwordsDance,FlareBlitz|||M|||50|\n|showteam|p2|Froslass||Froslassite|SnowCloak|Protect,Blizzard,ShadowBall,Thunderbolt|||F|||50|]Incineroar||SitrusBerry|Intimidate|Protect,FakeOut,ThroatChop,PartingShot|||M|||50|]Sinistcha||Leftovers|Hospitality|Protect,MatchaGotcha,LifeDew,RagePowder||||||50|]Rotom-Wash||ChoiceScarf|Levitate|Discharge,HydroPump,ShadowBall,VoltSwitch||||||50|]Garchomp||WhiteHerb|RoughSkin|RockSlide,Earthquake,DragonClaw,Protect|||F|||50|]Aerodactyl||FocusSash|Unnerve|RockSlide,DualWingbeat,Protect,Tailwind|||F|||50|\n|\n|t:|1776667318\n|teamsize|p1|4\n|teamsize|p2|4\n|start\n|switch|p1a: jadependant|Sableye, L50, F, shiny|100/100\n|switch|p1b: MLKjr|Oranguru, L50, M, shiny|100/100\n|switch|p2a: Rotom|Rotom-Wash, L50|100/100\n|switch|p2b: Garchomp|Garchomp, L50, F|100/100\n|turn|1\n|\n|t:|1776667328\n|detailschange|p1a: jadependant|Sableye-Mega, L50, F, shiny\n|-mega|p1a: jadependant|Sableye|Sablenite\n|move|p1b: MLKjr|Protect|p1b: MLKjr\n|-singleturn|p1b: MLKjr|Protect\n|move|p2a: Rotom|Discharge|p1a: jadependant|[spread] p1a\n|-activate|p1b: MLKjr|move: Protect\n|-immune|p2b: Garchomp\n|-damage|p1a: jadependant|71/100\n|move|p2b: Garchomp|Earthquake|p1b: MLKjr|[spread] p1a\n|-activate|p1b: MLKjr|move: Protect\n|-immune|p2a: Rotom|[from] ability: Levitate\n|-damage|p1a: jadependant|32/100\n|move|p1a: jadependant|Gravity|p1a: jadependant\n|-fieldstart|move: Gravity\n|\n|upkeep\n|turn|2\n|\n|t:|1776667401\n|move|p1a: jadependant|Detect|p1a: jadependant\n|-singleturn|p1a: jadependant|Protect\n|move|p2a: Rotom|Discharge|p1b: MLKjr|[spread] p1b\n|-activate|p1a: jadependant|move: Protect\n|-immune|p2b: Garchomp\n|-damage|p1b: MLKjr|74/100\n|move|p2b: Garchomp|Earthquake|p1b: MLKjr|[spread] p2a,p1b\n|-activate|p1a: jadependant|move: Protect\n|-supereffective|p2a: Rotom|1\n|-damage|p2a: Rotom|0 fnt\n|-damage|p1b: MLKjr|37/100\n|faint|p2a: Rotom\n|move|p1b: MLKjr|Trick Room|p1b: MLKjr\n|-fieldstart|move: Trick Room|[of] p1b: MLKjr\n|\n|upkeep\n|\n|t:|1776667416\n|switch|p2a: Incineroar|Incineroar, L50, M|100/100\n|-ability|p2a: Incineroar|Intimidate|boost\n|-unboost|p1a: jadependant|atk|1\n|-fail|p1b: MLKjr|unboost|Attack|[from] ability: Inner Focus|[of] p1b: MLKjr\n|turn|3\n|inactive|Battle timer is ON: inactive players will automatically lose when time's up. (requested by SkoipVGC)\n|\n|t:|1776667463\n|move|p1b: MLKjr|Protect|p1b: MLKjr\n|-singleturn|p1b: MLKjr|Protect\n|move|p2a: Incineroar|Protect|p2a: Incineroar\n|-singleturn|p2a: Incineroar|Protect\n|move|p1a: jadependant|Thunder Wave|p2a: Incineroar\n|-activate|p2a: Incineroar|move: Protect\n|move|p2b: Garchomp|Earthquake|p1b: MLKjr|[spread] p1a\n|-activate|p2a: Incineroar|move: Protect\n|-activate|p1b: MLKjr|move: Protect\n|-damage|p1a: jadependant|0 fnt\n|faint|p1a: jadependant\n|\n|upkeep\n|\n|t:|1776667478\n|switch|p1a: gaedawg|Sylveon, L50, F|100/100\n|turn|4\n|\n|t:|1776667495\n|move|p2b: Garchomp|Protect|p2b: Garchomp\n|-singleturn|p2b: Garchomp|Protect\n|move|p1b: MLKjr|Encore|p2a: Incineroar\n|-start|p2a: Incineroar|Encore\n|move|p2a: Incineroar|Protect||[still]\n|-fail|p2a: Incineroar\n|move|p1a: gaedawg|Hyper Voice|p2b: Garchomp|[spread] p2a\n|-activate|p2b: Garchomp|move: Protect\n|-damage|p2a: Incineroar|51/100\n|\n|upkeep\n|turn|5\n|\n|t:|1776667510\n|switch|p2a: Froslass|Froslass, L50, F, shiny|100/100\n|move|p1b: MLKjr|Encore|p2b: Garchomp\n|-start|p2b: Garchomp|Encore\n|move|p2b: Garchomp|Protect||[still]\n|-fail|p2b: Garchomp\n|move|p1a: gaedawg|Hyper Voice|p2b: Garchomp|[spread] p2a,p2b\n|-supereffective|p2b: Garchomp|1\n|-damage|p2a: Froslass|23/100\n|-damage|p2b: Garchomp|0 fnt\n|faint|p2b: Garchomp\n|\n|-fieldend|move: Gravity\n|upkeep\n|-message|SkoipVGC forfeited.\n|\n|win|unklejawnie\n|raw|unklejawnie's rating: 1035 &rarr; <strong>1076</strong><br />(+41 for winning)\n|raw|SkoipVGC's rating: 1102 &rarr; <strong>1072</strong><br />(-30 for losing)\n|l|\u2606SkoipVGC\n|player|p2|\n",
  "uploadtime": 1776667573,
  "views": 13,
  "formatid": "gen9championsvgc2026regma",
  "rating": 1072,
  "private": 0,
  "password": null
}