{
  "id": "gen9championsvgc2026regma-2589386779",
  "format": "[Gen 9 Champions] VGC 2026 Reg M-A",
  "players": [
    "LetsGoWorms",
    "Ruizpaa"
  ],
  "log": "|j|\u2606LetsGoWorms\n|j|\u2606Ruizpaa\n|t:|1776718852\n|gametype|doubles\n|player|p1|LetsGoWorms|infielder|1397\n|player|p2|Ruizpaa|fisherman-gen4|1464\n|gen|9\n|tier|[Gen 9 Champions] VGC 2026 Reg M-A\n|rated|\n|rule|Species Clause: Limit one of each Pok\u00e9mon\n|rule|Item Clause: Limit 1 of each item\n|clearpoke\n|poke|p1|Basculegion, L50, M|\n|poke|p1|Politoed, L50, M|\n|poke|p1|Gengar, L50, F|\n|poke|p1|Sneasler, L50, F|\n|poke|p1|Whimsicott, L50, M|\n|poke|p1|Orthworm, L50, M|\n|poke|p2|Espathra, L50, F|\n|poke|p2|Charizard, L50, F|\n|poke|p2|Garchomp, L50, M|\n|poke|p2|Sableye, L50, F|\n|poke|p2|Milotic, L50, F|\n|poke|p2|Gardevoir, L50, M|\n|teampreview|4\n|inactive|Battle timer is ON: inactive players will automatically lose when time's up. (requested by LetsGoWorms)\n|\n|t:|1776718900\n|teamsize|p1|4\n|teamsize|p2|4\n|start\n|switch|p1a: Politoed|Politoed, L50, M|100/100\n|switch|p1b: Basculegion|Basculegion, L50, M|100/100\n|switch|p2a: Espathra|Espathra, L50, F|100/100\n|switch|p2b: Sableye|Sableye, L50, F|100/100\n|-weather|RainDance|[from] ability: Drizzle|[of] p1a: Politoed\n|turn|1\n|\n|t:|1776718922\n|move|p2a: Espathra|Protect|p2a: Espathra\n|-singleturn|p2a: Espathra|Protect\n|move|p1b: Basculegion|Flip Turn|p2b: Sableye\n|-damage|p2b: Sableye|35/100\n|\n|t:|1776718927\n|switch|p1b: Whimsicott|Whimsicott, L50, M|100/100|[from] Flip Turn\n|move|p1a: Politoed|Muddy Water|p2a: Espathra|[spread] p2b\n|-activate|p2a: Espathra|move: Protect\n|-damage|p2b: Sableye|0 fnt\n|faint|p2b: Sableye\n|\n|-weather|RainDance|[upkeep]\n|-ability|p2a: Espathra|Speed Boost|boost\n|-boost|p2a: Espathra|spe|1\n|upkeep\n|\n|t:|1776718935\n|switch|p2b: Charizard|Charizard, L50, F|100/100\n|turn|2\n|\n|t:|1776718954\n|switch|p2a: Milotic|Milotic, L50, F|100/100\n|switch|p1a: Basculegion|Basculegion, L50, M|100/100\n|detailschange|p2b: Charizard|Charizard-Mega-Y, L50, F\n|-mega|p2b: Charizard|Charizard|Charizardite Y\n|-weather|SunnyDay|[from] ability: Drought|[of] p2b: Charizard\n|move|p1b: Whimsicott|Encore||[still]\n|-fail|p1b: Whimsicott\n|move|p2b: Charizard|Solar Beam||[still]\n|-prepare|p2b: Charizard|Solar Beam\n|-anim|p2b: Charizard|Solar Beam|p1a: Basculegion\n|-supereffective|p1a: Basculegion|1\n|-damage|p1a: Basculegion|0 fnt\n|faint|p1a: Basculegion\n|\n|-weather|SunnyDay|[upkeep]\n|upkeep\n|inactive|LetsGoWorms has 30 seconds left.\n|\n|t:|1776718984\n|switch|p1a: Gengar|Gengar, L50, F|100/100\n|turn|3\n|inactive|Ruizpaa has 30 seconds left.\n|\n|t:|1776719016\n|detailschange|p1a: Gengar|Gengar-Mega, L50, F\n|-mega|p1a: Gengar|Gengar|Gengarite\n|move|p1a: Gengar|Protect|p1a: Gengar\n|-singleturn|p1a: Gengar|Protect\n|move|p1b: Whimsicott|Encore|p2b: Charizard\n|-start|p2b: Charizard|Encore\n|move|p2b: Charizard|Solar Beam||[still]\n|-prepare|p2b: Charizard|Solar Beam\n|-anim|p2b: Charizard|Solar Beam|p1b: Whimsicott\n|-resisted|p1b: Whimsicott|1\n|-damage|p1b: Whimsicott|72/100\n|move|p2a: Milotic|Ice Beam|p1b: Whimsicott\n|-supereffective|p1b: Whimsicott|1\n|-damage|p1b: Whimsicott|15/100\n|\n|-weather|SunnyDay|[upkeep]\n|upkeep\n|turn|4\n|inactive|Ruizpaa has 30 seconds left.\n|inactive|Ruizpaa has 20 seconds left.\n|\n|t:|1776719052\n|move|p1a: Gengar|Sludge Bomb|p2a: Milotic\n|-damage|p2a: Milotic|60/100\n|move|p2b: Charizard|Solar Beam||[still]\n|-prepare|p2b: Charizard|Solar Beam\n|-anim|p2b: Charizard|Solar Beam|p1b: Whimsicott\n|-resisted|p1b: Whimsicott|1\n|-damage|p1b: Whimsicott|0 fnt\n|faint|p1b: Whimsicott\n|move|p2a: Milotic|Hypnosis|p1a: Gengar\n|-status|p1a: Gengar|slp|[from] move: Hypnosis\n|\n|-weather|SunnyDay|[upkeep]\n|upkeep\n|\n|t:|1776719062\n|switch|p1b: Politoed|Politoed, L50, M|100/100\n|-weather|RainDance|[from] ability: Drizzle|[of] p1b: Politoed\n|turn|5\n|\n|t:|1776719082\n|cant|p1a: Gengar|slp\n|move|p2b: Charizard|Solar Beam||[still]\n|-prepare|p2b: Charizard|Solar Beam\n|move|p2a: Milotic|Hypnosis|p1b: Politoed\n|-status|p1b: Politoed|slp|[from] move: Hypnosis\n|cant|p1b: Politoed|slp\n|\n|-weather|RainDance|[upkeep]\n|-end|p2b: Charizard|Encore\n|upkeep\n|turn|6\n|c|\u2606LetsGoWorms|Gimmie a break\n|\n|t:|1776719107\n|cant|p1a: Gengar|slp\n|move|p2b: Charizard|Solar Beam|p1b: Politoed|[from] lockedmove\n|-supereffective|p1b: Politoed|1\n|-damage|p1b: Politoed|62/100 slp\n|move|p2a: Milotic|Scald|p1a: Gengar\n|-damage|p1a: Gengar|35/100 slp\n|-curestatus|p1b: Politoed|slp|[msg]\n|move|p1b: Politoed|Muddy Water|p2b: Charizard|[spread] p2a,p2b\n|-resisted|p2a: Milotic|1\n|-supereffective|p2b: Charizard|1\n|-damage|p2a: Milotic|50/100\n|-damage|p2b: Charizard|47/100\n|-unboost|p2b: Charizard|accuracy|1\n|-enditem|p2a: Milotic|Sitrus Berry|[eat]\n|-heal|p2a: Milotic|74/100|[from] item: Sitrus Berry\n|\n|-weather|RainDance|[upkeep]\n|-heal|p1b: Politoed|68/100|[from] item: Leftovers\n|upkeep\n|turn|7\n|inactive|Ruizpaa has 30 seconds left.\n|\n|t:|1776719140\n|-curestatus|p1a: Gengar|slp|[msg]\n|move|p1a: Gengar|Sludge Bomb|p2a: Milotic\n|-damage|p2a: Milotic|37/100\n|move|p2b: Charizard|Weather Ball|p1a: Gengar|[miss]\n|-miss|p2b: Charizard|p1a: Gengar\n|move|p2a: Milotic|Scald|p1a: Gengar\n|-damage|p1a: Gengar|0 fnt\n|faint|p1a: Gengar\n|move|p1b: Politoed|Muddy Water|p2b: Charizard|[spread] p2a,p2b\n|-resisted|p2a: Milotic|1\n|-supereffective|p2b: Charizard|1\n|-damage|p2a: Milotic|26/100\n|-damage|p2b: Charizard|0 fnt\n|faint|p2b: Charizard\n|\n|-weather|RainDance|[upkeep]\n|-heal|p1b: Politoed|74/100|[from] item: Leftovers\n|upkeep\n|\n|t:|1776719149\n|switch|p2b: Espathra|Espathra, L50, F|100/100\n|turn|8\n|\n|t:|1776719162\n|move|p2b: Espathra|Expanding Force|p1b: Politoed\n|-damage|p1b: Politoed|48/100\n|move|p2a: Milotic|Scald|p1b: Politoed\n|-resisted|p1b: Politoed|1\n|-damage|p1b: Politoed|29/100\n|move|p1b: Politoed|Perish Song|p1b: Politoed\n|-start|p1b: Politoed|perish3|[silent]\n|-start|p2a: Milotic|perish3|[silent]\n|-start|p2b: Espathra|perish3|[silent]\n|-fieldactivate|move: Perish Song\n|\n|-weather|RainDance|[upkeep]\n|-heal|p1b: Politoed|36/100|[from] item: Leftovers\n|-start|p2b: Espathra|perish3\n|-start|p2a: Milotic|perish3\n|-start|p1b: Politoed|perish3\n|-ability|p2b: Espathra|Speed Boost|boost\n|-boost|p2b: Espathra|spe|1\n|upkeep\n|turn|9\n|\n|t:|1776719179\n|move|p1b: Politoed|Protect|p1b: Politoed\n|-singleturn|p1b: Politoed|Protect\n|move|p2b: Espathra|Expanding Force|p1b: Politoed\n|-activate|p1b: Politoed|move: Protect\n|move|p2a: Milotic|Scald|p1b: Politoed\n|-activate|p1b: Politoed|move: Protect\n|\n|-weather|none\n|-heal|p1b: Politoed|42/100|[from] item: Leftovers\n|-start|p2b: Espathra|perish2\n|-start|p2a: Milotic|perish2\n|-start|p1b: Politoed|perish2\n|-ability|p2b: Espathra|Speed Boost|boost\n|-boost|p2b: Espathra|spe|1\n|upkeep\n|turn|10\n|\n|t:|1776719198\n|move|p2b: Espathra|Expanding Force|p1b: Politoed\n|-damage|p1b: Politoed|15/100\n|move|p2a: Milotic|Scald|p1b: Politoed\n|-resisted|p1b: Politoed|1\n|-damage|p1b: Politoed|3/100\n|-status|p1b: Politoed|brn\n|move|p1b: Politoed|Muddy Water|p2b: Espathra|[spread] p2a,p2b\n|-resisted|p2a: Milotic|1\n|-damage|p2a: Milotic|19/100\n|-damage|p2b: Espathra|67/100\n|-unboost|p2a: Milotic|accuracy|1\n|-ability|p2a: Milotic|Competitive|boost\n|-boost|p2a: Milotic|spa|2\n|\n|-heal|p1b: Politoed|9/100 brn|[from] item: Leftovers\n|-damage|p1b: Politoed|3/100 brn|[from] brn\n|-start|p2b: Espathra|perish1\n|-start|p2a: Milotic|perish1\n|-start|p1b: Politoed|perish1\n|-ability|p2b: Espathra|Speed Boost|boost\n|-boost|p2b: Espathra|spe|1\n|upkeep\n|turn|11\n|\n|t:|1776719209\n|move|p1b: Politoed|Protect|p1b: Politoed\n|-singleturn|p1b: Politoed|Protect\n|move|p2b: Espathra|Expanding Force|p1b: Politoed\n|-activate|p1b: Politoed|move: Protect\n|move|p2a: Milotic|Ice Beam|p1b: Politoed\n|-activate|p1b: Politoed|move: Protect\n|\n|-heal|p1b: Politoed|9/100 brn|[from] item: Leftovers\n|-damage|p1b: Politoed|3/100 brn|[from] brn\n|-start|p2b: Espathra|perish0\n|-start|p2a: Milotic|perish0\n|-start|p1b: Politoed|perish0\n|faint|p2b: Espathra\n|faint|p2a: Milotic\n|faint|p1b: Politoed\n|\n|win|LetsGoWorms\n|raw|LetsGoWorms's rating: 1397 &rarr; <strong>1421</strong><br />(+24 for winning)\n|raw|Ruizpaa's rating: 1464 &rarr; <strong>1440</strong><br />(-24 for losing)\n|l|\u2606Ruizpaa\n|player|p2|\n",
  "uploadtime": 1776719226,
  "views": 35,
  "formatid": "gen9championsvgc2026regma",
  "rating": 1421,
  "private": 0,
  "password": null
}