{
  "id": "gen9championsvgc2026regma-2588654684",
  "format": "[Gen 9 Champions] VGC 2026 Reg M-A",
  "players": [
    "fluttim man",
    "ItsKapri"
  ],
  "log": "|j|\u2606fluttim man\n|j|\u2606ItsKapri\n|t:|1776654271\n|gametype|doubles\n|player|p1|fluttim man|#smogonxnpa2025draftee|1278\n|player|p2|ItsKapri|miku-ground|1300\n|gen|9\n|tier|[Gen 9 Champions] VGC 2026 Reg M-A\n|rated|\n|rule|Species Clause: Limit one of each Pok\u00e9mon\n|rule|Item Clause: Limit 1 of each item\n|clearpoke\n|poke|p1|Delphox, L50, M, shiny|\n|poke|p1|Kingambit, L50, F, shiny|\n|poke|p1|Sneasler, L50, F|\n|poke|p1|Basculegion, L50, M|\n|poke|p1|Clefable, L50, M, shiny|\n|poke|p1|Ninetales-Alola, L50, M, shiny|\n|poke|p2|Aegislash, L50, M|\n|poke|p2|Garchomp, L50, F|\n|poke|p2|Rotom-Wash, L50|\n|poke|p2|Aerodactyl, L50, M|\n|poke|p2|Gardevoir, L50, F, shiny|\n|poke|p2|Incineroar, L50, F|\n|teampreview|4\n|inactive|Battle timer is ON: inactive players will automatically lose when time's up. (requested by ItsKapri)\n|inactive|ItsKapri has 60 seconds left.\n|\n|t:|1776654310\n|teamsize|p1|4\n|teamsize|p2|4\n|start\n|switch|p1a: Delphox|Delphox, L50, M, shiny|100/100\n|switch|p1b: Basculegion|Basculegion, L50, M|100/100\n|switch|p2a: Aerodactyl|Aerodactyl, L50, M|100/100\n|switch|p2b: Garchomp|Garchomp, L50, F|100/100\n|-ability|p2a: Aerodactyl|Unnerve\n|turn|1\n|\n|t:|1776654318\n|detailschange|p1a: Delphox|Delphox-Mega, L50, M, shiny\n|-mega|p1a: Delphox|Delphox|Delphoxite\n|move|p1b: Basculegion|Flip Turn|p2a: Aerodactyl\n|-supereffective|p2a: Aerodactyl|1\n|-enditem|p2a: Aerodactyl|Focus Sash\n|-damage|p2a: Aerodactyl|1/100\n|\n|t:|1776654324\n|switch|p1b: Clefable|Clefable, L50, M, shiny|100/100|[from] Flip Turn\n|move|p1a: Delphox|Psychic|p2a: Aerodactyl\n|-damage|p2a: Aerodactyl|0 fnt\n|faint|p2a: Aerodactyl\n|move|p2b: Garchomp|Rock Slide|p1b: Clefable|[spread] p1a\n|-miss|p2b: Garchomp|p1b: Clefable\n|-supereffective|p1a: Delphox|1\n|-damage|p1a: Delphox|43/100\n|\n|upkeep\n|\n|t:|1776654335\n|switch|p2a: Aegislash|Aegislash, L50, M|100/100\n|turn|2\n|\n|t:|1776654343\n|move|p1a: Delphox|Protect|p1a: Delphox\n|-singleturn|p1a: Delphox|Protect\n|move|p2a: Aegislash|King's Shield|p2a: Aegislash\n|-singleturn|p2a: Aegislash|Protect\n|move|p2b: Garchomp|Rock Slide|p1b: Clefable|[spread] p1b\n|-activate|p1a: Delphox|move: Protect\n|-damage|p1b: Clefable|87/100\n|cant|p1b: Clefable|flinch\n|\n|upkeep\n|turn|3\n|\n|t:|1776654359\n|switch|p1a: Kingambit|Kingambit, L50, F, shiny|100/100\n|switch|p2a: Rotom|Rotom-Wash, L50|100/100\n|move|p2b: Garchomp|Rock Slide|p1a: Kingambit|[spread] p1a,p1b\n|-resisted|p1a: Kingambit|1\n|-damage|p1a: Kingambit|93/100\n|-damage|p1b: Clefable|71/100\n|cant|p1b: Clefable|flinch\n|\n|upkeep\n|turn|4\n|\n|t:|1776654375\n|move|p1a: Kingambit|Protect|p1a: Kingambit\n|-singleturn|p1a: Kingambit|Protect\n|move|p2a: Rotom|Will-O-Wisp|p1a: Kingambit\n|-activate|p1a: Kingambit|move: Protect\n|move|p2b: Garchomp|Earthquake|p1b: Clefable|[spread] p1b\n|-activate|p1a: Kingambit|move: Protect\n|-immune|p2a: Rotom|[from] ability: Levitate\n|-damage|p1b: Clefable|38/100\n|-enditem|p1b: Clefable|Sitrus Berry|[eat]\n|-heal|p1b: Clefable|63/100|[from] item: Sitrus Berry\n|move|p1b: Clefable|Moonblast|p2b: Garchomp\n|-supereffective|p2b: Garchomp|1\n|-damage|p2b: Garchomp|41/100\n|\n|upkeep\n|turn|5\n|\n|t:|1776654387\n|switch|p2b: Aegislash|Aegislash, L50, M|100/100\n|move|p1b: Clefable|Follow Me|p1b: Clefable\n|-singleturn|p1b: Clefable|move: Follow Me\n|move|p1a: Kingambit|Sucker Punch||[still]\n|-fail|p1a: Kingambit\n|move|p2a: Rotom|Will-O-Wisp|p1b: Clefable\n|-status|p1b: Clefable|brn\n|\n|-damage|p1b: Clefable|57/100 brn|[from] brn\n|upkeep\n|turn|6\n|\n|t:|1776654399\n|move|p2a: Rotom|Protect|p2a: Rotom\n|-singleturn|p2a: Rotom|Protect\n|move|p1b: Clefable|Follow Me|p1b: Clefable\n|-singleturn|p1b: Clefable|move: Follow Me\n|-formechange|p2b: Aegislash|Aegislash-Blade|\n|move|p2b: Aegislash|Flash Cannon|p1b: Clefable\n|-supereffective|p1b: Clefable|1\n|-damage|p1b: Clefable|0 fnt\n|faint|p1b: Clefable\n|move|p1a: Kingambit|Swords Dance|p1a: Kingambit\n|-boost|p1a: Kingambit|atk|2\n|\n|upkeep\n|inactive|fluttim man has 30 seconds left.\n|\n|t:|1776654432\n|switch|p1b: Delphox|Delphox-Mega, L50, M, shiny|43/100\n|turn|7\n|\n|t:|1776654453\n|-formechange|p2b: Aegislash|Aegislash|\n|move|p2b: Aegislash|King's Shield|p2b: Aegislash\n|-singleturn|p2b: Aegislash|Protect\n|move|p1b: Delphox|Substitute|p1b: Delphox\n|-start|p1b: Delphox|Substitute\n|-damage|p1b: Delphox|18/100\n|move|p2a: Rotom|Hydro Pump|p1b: Delphox\n|-supereffective|p1b: Delphox|1\n|-end|p1b: Delphox|Substitute\n|move|p1a: Kingambit|Kowtow Cleave|p2b: Aegislash\n|-activate|p2b: Aegislash|move: Protect\n|-unboost|p1a: Kingambit|atk|1\n|-ability|p1a: Kingambit|Defiant|boost\n|-boost|p1a: Kingambit|atk|2\n|\n|upkeep\n|turn|8\n|\n|t:|1776654477\n|switch|p1b: Basculegion|Basculegion, L50, M|100/100\n|move|p2b: Aegislash|King's Shield||[still]\n|-fail|p2b: Aegislash\n|move|p1a: Kingambit|Sucker Punch||[still]\n|-fail|p1a: Kingambit\n|move|p2a: Rotom|Will-O-Wisp|p1a: Kingambit\n|-status|p1a: Kingambit|brn\n|\n|-damage|p1a: Kingambit|87/100 brn|[from] brn\n|upkeep\n|turn|9\n|inactive|fluttim man has 30 seconds left.\n|inactive|fluttim man has 20 seconds left.\n|inactive|fluttim man has 15 seconds left.\n|inactive|fluttim man has 10 seconds left.\n|inactive|fluttim man has 5 seconds left.\n|\n|t:|1776654529\n|move|p1a: Kingambit|Sucker Punch|p2a: Rotom\n|-damage|p2a: Rotom|24/100\n|move|p1b: Basculegion|Wave Crash|p2a: Rotom\n|-resisted|p2a: Rotom|1\n|-damage|p2a: Rotom|0 fnt\n|faint|p2a: Rotom\n|-damage|p1b: Basculegion|95/100|[from] Recoil\n|-formechange|p2b: Aegislash|Aegislash-Blade|\n|move|p2b: Aegislash|Shadow Ball|p1b: Basculegion\n|-supereffective|p1b: Basculegion|1\n|-damage|p1b: Basculegion|0 fnt\n|faint|p1b: Basculegion\n|\n|-damage|p1a: Kingambit|81/100 brn|[from] brn\n|upkeep\n|\n|t:|1776654536\n|switch|p2a: Garchomp|Garchomp, L50, F|41/100\n|switch|p1b: Delphox|Delphox-Mega, L50, M, shiny|18/100\n|turn|10\n|inactive|fluttim man has 30 seconds left.\n|\n|t:|1776654562\n|move|p1b: Delphox|Protect|p1b: Delphox\n|-singleturn|p1b: Delphox|Protect\n|move|p2a: Garchomp|Protect|p2a: Garchomp\n|-singleturn|p2a: Garchomp|Protect\n|move|p1a: Kingambit|Sucker Punch||[still]\n|-fail|p1a: Kingambit\n|move|p2b: Aegislash|Shadow Ball|p1b: Delphox\n|-activate|p1b: Delphox|move: Protect\n|\n|-damage|p1a: Kingambit|75/100 brn|[from] brn\n|upkeep\n|turn|11\n|\n|t:|1776654580\n|move|p2b: Aegislash|Wide Guard|p2b: Aegislash\n|-singleturn|p2b: Aegislash|Wide Guard\n|move|p1a: Kingambit|Sucker Punch||[still]\n|-fail|p1a: Kingambit\n|move|p1b: Delphox|Psychic|p2a: Garchomp\n|-damage|p2a: Garchomp|0 fnt\n|faint|p2a: Garchomp\n|\n|-damage|p1a: Kingambit|70/100 brn|[from] brn\n|upkeep\n|turn|12\n|-message|ItsKapri forfeited.\n|\n|win|fluttim man\n|raw|fluttim man's rating: 1278 &rarr; <strong>1305</strong><br />(+27 for winning)\n|raw|ItsKapri's rating: 1300 &rarr; <strong>1273</strong><br />(-27 for losing)\n|l|\u2606ItsKapri\n|player|p2|\n",
  "uploadtime": 1776654592,
  "views": 8,
  "formatid": "gen9championsvgc2026regma",
  "rating": 1273,
  "private": 0,
  "password": null
}