{
  "id": "gen9championsvgc2026regma-2587913356",
  "format": "[Gen 9 Champions] VGC 2026 Reg M-A",
  "players": [
    "buglover9",
    "choko1"
  ],
  "log": "|j|\u2606buglover9\n|j|\u2606choko1\n|t:|1776578229\n|gametype|doubles\n|player|p1|buglover9|bugcatcher-gen4dp|1157\n|player|p2|choko1|clown|1125\n|gen|9\n|tier|[Gen 9 Champions] VGC 2026 Reg M-A\n|rated|\n|rule|Species Clause: Limit one of each Pok\u00e9mon\n|rule|Item Clause: Limit 1 of each item\n|clearpoke\n|poke|p1|Araquanid, L50, M|\n|poke|p1|Sneasler, L50, M|\n|poke|p1|Floette-Eternal, L50, F|\n|poke|p1|Kingambit, L50, F|\n|poke|p1|Garchomp, L50, M|\n|poke|p1|Froslass, L50, F|\n|poke|p2|Tyranitar, L50, M|\n|poke|p2|Tinkaton, L50, F|\n|poke|p2|Gengar, L50, M, shiny|\n|poke|p2|Arcanine, L50, M, shiny|\n|poke|p2|Rotom-Wash, L50|\n|poke|p2|Mamoswine, L50, M|\n|teampreview|4\n|inactive|Battle timer is ON: inactive players will automatically lose when time's up. (requested by choko1)\n|\n|t:|1776578279\n|teamsize|p1|4\n|teamsize|p2|4\n|start\n|switch|p1a: Araquanid|Araquanid, L50, M|100/100\n|switch|p1b: Garchomp|Garchomp, L50, M|100/100\n|switch|p2a: Gengar|Gengar, L50, M, shiny|100/100\n|switch|p2b: Rotom|Rotom-Wash, L50|100/100\n|turn|1\n|\n|t:|1776578301\n|detailschange|p2a: Gengar|Gengar-Mega, L50, M, shiny\n|-mega|p2a: Gengar|Gengar|Gengarite\n|move|p2a: Gengar|Protect|p2a: Gengar\n|-singleturn|p2a: Gengar|Protect\n|move|p2b: Rotom|Will-O-Wisp|p1b: Garchomp\n|-status|p1b: Garchomp|brn\n|move|p1b: Garchomp|Earthquake|p2a: Gengar|[spread] p1a\n|-activate|p2a: Gengar|move: Protect\n|-immune|p2b: Rotom|[from] ability: Levitate\n|-resisted|p1a: Araquanid|1\n|-damage|p1a: Araquanid|92/100\n|move|p1a: Araquanid|Sticky Web|p2a: Gengar\n|-sidestart|p2: choko1|move: Sticky Web\n|\n|-damage|p1b: Garchomp|94/100 brn|[from] brn\n|upkeep\n|turn|2\n|\n|t:|1776578322\n|switch|p2a: Tinkaton|Tinkaton, L50, F|100/100\n|-activate|p2a: Tinkaton|move: Sticky Web\n|-unboost|p2a: Tinkaton|spe|1\n|move|p2b: Rotom|Will-O-Wisp|p1a: Araquanid\n|-immune|p1a: Araquanid|[from] ability: Water Bubble\n|move|p1b: Garchomp|Earthquake|p2a: Tinkaton|[spread] p1a,p2a\n|-immune|p2b: Rotom|[from] ability: Levitate\n|-resisted|p1a: Araquanid|1\n|-supereffective|p2a: Tinkaton|1\n|-damage|p1a: Araquanid|83/100\n|-damage|p2a: Tinkaton|65/100\n|move|p1a: Araquanid|Liquidation|p2a: Tinkaton\n|-damage|p2a: Tinkaton|18/100\n|\n|-damage|p1b: Garchomp|88/100 brn|[from] brn\n|upkeep\n|turn|3\n|inactive|buglover9 has 30 seconds left.\n|inactive|choko1 has 30 seconds left.\n|inactive|buglover9 has 20 seconds left.\n|inactive|choko1 has 20 seconds left.\n|inactive|buglover9 has 15 seconds left.\n|inactive|choko1 has 15 seconds left.\n|inactive|buglover9 has 10 seconds left.\n|\n|t:|1776578368\n|switch|p2b: Gengar|Gengar-Mega, L50, M, shiny|100/100\n|-activate|p2b: Gengar|move: Sticky Web\n|-unboost|p2b: Gengar|spe|1\n|switch|p1a: Froslass|Froslass, L50, F|100/100\n|move|p1b: Garchomp|Protect|p1b: Garchomp\n|-singleturn|p1b: Garchomp|Protect\n|move|p2a: Tinkaton|Fake Out|p1b: Garchomp\n|-activate|p1b: Garchomp|move: Protect\n|\n|-damage|p1b: Garchomp|82/100 brn|[from] brn\n|upkeep\n|turn|4\n|inactive|buglover9 has 30 seconds left.\n|\n|t:|1776578394\n|detailschange|p1a: Froslass|Froslass-Mega, L50, F\n|-mega|p1a: Froslass|Froslass|Froslassite\n|-weather|Snowscape|[from] ability: Snow Warning|[of] p1a: Froslass\n|move|p2b: Gengar|Protect|p2b: Gengar\n|-singleturn|p2b: Gengar|Protect\n|move|p1a: Froslass|Shadow Ball|p2b: Gengar\n|-activate|p2b: Gengar|move: Protect\n|move|p1b: Garchomp|Earthquake|p2a: Tinkaton|[spread] p1a,p2a\n|-activate|p2b: Gengar|move: Protect\n|-supereffective|p2a: Tinkaton|1\n|-damage|p1a: Froslass|85/100\n|-damage|p2a: Tinkaton|0 fnt\n|faint|p2a: Tinkaton\n|\n|-weather|Snowscape|[upkeep]\n|-damage|p1b: Garchomp|76/100 brn|[from] brn\n|upkeep\n|\n|t:|1776578414\n|switch|p2a: Mamoswine|Mamoswine, L50, M|100/100\n|-activate|p2a: Mamoswine|move: Sticky Web\n|-unboost|p2a: Mamoswine|spe|1\n|turn|5\n|\n|t:|1776578437\n|switch|p2b: Rotom|Rotom-Wash, L50|100/100\n|move|p1b: Garchomp|Protect|p1b: Garchomp\n|-singleturn|p1b: Garchomp|Protect\n|move|p2a: Mamoswine|Ice Shard|p1b: Garchomp\n|-activate|p1b: Garchomp|move: Protect\n|move|p1a: Froslass|Shadow Ball|p2b: Rotom\n|-damage|p2b: Rotom|56/100\n|\n|-weather|Snowscape|[upkeep]\n|-damage|p1b: Garchomp|70/100 brn|[from] brn\n|upkeep\n|turn|6\n|\n|t:|1776578460\n|switch|p1b: Araquanid|Araquanid, L50, M|83/100\n|move|p2b: Rotom|Thunderbolt|p1a: Froslass\n|-damage|p1a: Froslass|47/100\n|move|p1a: Froslass|Blizzard|p2b: Rotom|[spread] p2a,p2b\n|-resisted|p2b: Rotom|1\n|-crit|p2b: Rotom\n|-damage|p2a: Mamoswine|38/100\n|-damage|p2b: Rotom|23/100\n|move|p2a: Mamoswine|High Horsepower|p1a: Froslass\n|-damage|p1a: Froslass|0 fnt\n|faint|p1a: Froslass\n|\n|-weather|Snowscape|[upkeep]\n|upkeep\n|\n|t:|1776578473\n|switch|p1a: Sneasler|Sneasler, L50, M|100/100\n|turn|7\n|\n|t:|1776578495\n|switch|p2b: Gengar|Gengar-Mega, L50, M, shiny|100/100\n|-activate|p2b: Gengar|move: Sticky Web\n|-unboost|p2b: Gengar|spe|1\n|move|p2a: Mamoswine|Protect|p2a: Mamoswine\n|-singleturn|p2a: Mamoswine|Protect\n|move|p1a: Sneasler|Dire Claw|p2b: Gengar\n|-resisted|p2b: Gengar|2\n|-damage|p2b: Gengar|83/100\n|move|p1b: Araquanid|Liquidation|p2a: Mamoswine\n|-activate|p2a: Mamoswine|move: Protect\n|\n|-weather|Snowscape|[upkeep]\n|upkeep\n|turn|8\n|inactive|buglover9 has 30 seconds left.\n|inactive|choko1 has 30 seconds left.\n|\n|t:|1776578530\n|move|p1a: Sneasler|Dire Claw|p2a: Mamoswine\n|-resisted|p2a: Mamoswine|1\n|-crit|p2a: Mamoswine\n|-damage|p2a: Mamoswine|14/100\n|move|p2b: Gengar|Shadow Ball|p1a: Sneasler\n|-damage|p1a: Sneasler|26/100\n|move|p2a: Mamoswine|High Horsepower|p1a: Sneasler\n|-supereffective|p1a: Sneasler|1\n|-damage|p1a: Sneasler|0 fnt\n|faint|p1a: Sneasler\n|move|p1b: Araquanid|Liquidation|p2a: Mamoswine\n|-supereffective|p2a: Mamoswine|1\n|-damage|p2a: Mamoswine|0 fnt\n|faint|p2a: Mamoswine\n|\n|-weather|none\n|upkeep\n|\n|t:|1776578544\n|switch|p1a: Garchomp|Garchomp, L50, M|70/100 brn\n|switch|p2a: Rotom|Rotom-Wash, L50|23/100\n|turn|9\n|\n|t:|1776578558\n|move|p2a: Rotom|Thunderbolt|p1b: Araquanid\n|-supereffective|p1b: Araquanid|1\n|-damage|p1b: Araquanid|27/100\n|move|p1a: Garchomp|Dragon Claw|p2a: Rotom\n|-damage|p2a: Rotom|4/100\n|move|p2b: Gengar|Icy Wind|p1b: Araquanid|[spread] p1a,p1b\n|-supereffective|p1a: Garchomp|2\n|-resisted|p1b: Araquanid|1\n|-damage|p1a: Garchomp|0 fnt\n|-damage|p1b: Araquanid|21/100\n|-unboost|p1b: Araquanid|spe|1\n|faint|p1a: Garchomp\n|move|p1b: Araquanid|Liquidation|p2b: Gengar\n|-damage|p2b: Gengar|6/100\n|\n|upkeep\n|turn|10\n|c|\u2606buglover9|how\n|-message|buglover9 forfeited.\n|\n|win|choko1\n|raw|buglover9's rating: 1157 &rarr; <strong>1130</strong><br />(-27 for losing)\n|raw|choko1's rating: 1125 &rarr; <strong>1152</strong><br />(+27 for winning)\n|l|\u2606buglover9\n|player|p1|\n",
  "uploadtime": 1776578584,
  "views": 11,
  "formatid": "gen9championsvgc2026regma",
  "rating": 1130,
  "private": 0,
  "password": null
}