{
  "id": "gen9championsvgc2026regma-2583877123",
  "format": "[Gen 9 Champions] VGC 2026 Reg M-A",
  "players": [
    "Paviskii",
    "bigbadbirdvgc"
  ],
  "log": "|j|\u203dPaviskii\n|j|\u2606bigbadbirdvgc\n|t:|1776204733\n|gametype|doubles\n|player|p1|Paviskii|medium|1410\n|player|p2|bigbadbirdvgc|2|1399\n|gen|9\n|tier|[Gen 9 Champions] VGC 2026 Reg M-A\n|rated|\n|rule|Species Clause: Limit one of each Pok\u00e9mon\n|rule|Item Clause: Limit 1 of each item\n|clearpoke\n|poke|p1|Gengar, L50, M|\n|poke|p1|Kommo-o, L50, M|\n|poke|p1|Incineroar, L50, M|\n|poke|p1|Kingambit, L50, F|\n|poke|p1|Volcarona, L50, F|\n|poke|p1|Archaludon, L50, M|\n|poke|p2|Gengar, L50, M|\n|poke|p2|Incineroar, L50, F|\n|poke|p2|Politoed, L50, F|\n|poke|p2|Maushold, L50|\n|poke|p2|Archaludon, L50, F|\n|poke|p2|Sinistcha, L50|\n|teampreview|4\n|inactive|Battle timer is ON: inactive players will automatically lose when time's up. (requested by Paviskii)\n|inactive|bigbadbirdvgc has 60 seconds left.\n|\n|t:|1776204775\n|teamsize|p1|4\n|teamsize|p2|4\n|start\n|switch|p1a: Kommo-o|Kommo-o, L50, M|100/100\n|switch|p1b: Incineroar|Incineroar, L50, M|100/100\n|switch|p2a: Maushold|Maushold, L50|100/100\n|switch|p2b: Gengar|Gengar, L50, M|100/100\n|-ability|p1b: Incineroar|Intimidate|boost\n|-unboost|p2a: Maushold|atk|1\n|-unboost|p2b: Gengar|atk|1\n|turn|1\n|inactive|bigbadbirdvgc has 30 seconds left.\n|inactive|bigbadbirdvgc has 20 seconds left.\n|\n|t:|1776204815\n|detailschange|p2b: Gengar|Gengar-Mega, L50, M\n|-mega|p2b: Gengar|Gengar|Gengarite\n|move|p1b: Incineroar|Fake Out|p2a: Maushold\n|-damage|p2a: Maushold|86/100\n|cant|p2a: Maushold|flinch\n|move|p2b: Gengar|Perish Song|p2b: Gengar\n|-immune|p1a: Kommo-o|[from] ability: Soundproof\n|-start|p1b: Incineroar|perish3|[silent]\n|-start|p2a: Maushold|perish3|[silent]\n|-start|p2b: Gengar|perish3|[silent]\n|-fieldactivate|move: Perish Song\n|move|p1a: Kommo-o|Clangorous Soul|p1a: Kommo-o\n|-boost|p1a: Kommo-o|atk|1\n|-boost|p1a: Kommo-o|def|1\n|-boost|p1a: Kommo-o|spa|1\n|-boost|p1a: Kommo-o|spd|1\n|-boost|p1a: Kommo-o|spe|1\n|-damage|p1a: Kommo-o|68/100\n|\n|-start|p2b: Gengar|perish3\n|-start|p2a: Maushold|perish3\n|-start|p1b: Incineroar|perish3\n|upkeep\n|turn|2\n|inactive|Paviskii has 30 seconds left.\n|\n|t:|1776204845\n|move|p1a: Kommo-o|Clangorous Soul|p1a: Kommo-o\n|-boost|p1a: Kommo-o|atk|1\n|-boost|p1a: Kommo-o|def|1\n|-boost|p1a: Kommo-o|spa|1\n|-boost|p1a: Kommo-o|spd|1\n|-boost|p1a: Kommo-o|spe|1\n|-damage|p1a: Kommo-o|35/100\n|move|p2b: Gengar|Disable|p1b: Incineroar\n|-start|p1b: Incineroar|Disable|Fake Out\n|move|p2a: Maushold|Encore|p1b: Incineroar\n|-start|p1b: Incineroar|Encore\n|cant|p1b: Incineroar|Disable|Fake Out\n|\n|-start|p2b: Gengar|perish2\n|-start|p2a: Maushold|perish2\n|-start|p1b: Incineroar|perish2\n|upkeep\n|turn|3\n|j| sileshar\n|\n|t:|1776204870\n|move|p2a: Maushold|Protect|p2a: Maushold\n|-singleturn|p2a: Maushold|Protect\n|move|p1a: Kommo-o|Clanging Scales|p2a: Maushold|[spread] p2b\n|-activate|p2a: Maushold|move: Protect\n|-damage|p2b: Gengar|37/100\n|-unboost|p1a: Kommo-o|def|1\n|move|p2b: Gengar|Shadow Ball|p1a: Kommo-o\n|-damage|p1a: Kommo-o|10/100\n|-activate|p1b: Incineroar|move: Struggle\n|move|p1b: Incineroar|Struggle|p2a: Maushold\n|-activate|p2a: Maushold|move: Protect\n|\n|-start|p2b: Gengar|perish1\n|-start|p2a: Maushold|perish1\n|-start|p1b: Incineroar|perish1\n|upkeep\n|turn|4\n|inactive|bigbadbirdvgc has 30 seconds left.\n|\n|t:|1776204903\n|switch|p2b: Politoed|Politoed, L50, F|100/100\n|-weather|RainDance|[from] ability: Drizzle|[of] p2b: Politoed\n|move|p1a: Kommo-o|Clangorous Soul||[still]\n|-fail|p1a: Kommo-o\n|move|p2a: Maushold|Population Bomb|p1a: Kommo-o\n|-damage|p1a: Kommo-o|7/100\n|-damage|p1a: Kommo-o|4/100\n|-damage|p1a: Kommo-o|2/100\n|-damage|p1a: Kommo-o|0 fnt\n|faint|p1a: Kommo-o\n|-hitcount|p1: Kommo-o|4\n|-activate|p1b: Incineroar|move: Struggle\n|move|p1b: Incineroar|Struggle|p2a: Maushold\n|-damage|p2a: Maushold|69/100\n|-damage|p1b: Incineroar|75/100|[from] recoil\n|\n|-weather|RainDance|[upkeep]\n|-end|p1b: Incineroar|Encore\n|-start|p2a: Maushold|perish0\n|-start|p1b: Incineroar|perish0\n|upkeep\n|faint|p2a: Maushold\n|faint|p1b: Incineroar\n|\n|t:|1776204926\n|switch|p2a: Archaludon|Archaludon, L50, F|100/100\n|switch|p1a: Gengar|Gengar, L50, M|100/100\n|switch|p1b: Archaludon|Archaludon, L50, M|100/100\n|turn|5\n|inactive|Paviskii has 30 seconds left.\n|inactive|Paviskii has 20 seconds left.\n|inactive|bigbadbirdvgc has 30 seconds left.\n|inactive|Paviskii has 15 seconds left.\n|\n|t:|1776204967\n|detailschange|p1a: Gengar|Gengar-Mega, L50, M\n|-mega|p1a: Gengar|Gengar|Gengarite\n|move|p1a: Gengar|Protect|p1a: Gengar\n|-singleturn|p1a: Gengar|Protect\n|move|p1b: Archaludon|Electro Shot||[still]\n|-prepare|p1b: Archaludon|Electro Shot\n|-boost|p1b: Archaludon|spa|1\n|-anim|p1b: Archaludon|Electro Shot|p2b: Politoed\n|-supereffective|p2b: Politoed|1\n|-damage|p2b: Politoed|0 fnt\n|faint|p2b: Politoed\n|move|p2a: Archaludon|Electro Shot||[still]\n|-prepare|p2a: Archaludon|Electro Shot\n|-boost|p2a: Archaludon|spa|1\n|-anim|p2a: Archaludon|Electro Shot|p1a: Gengar\n|-activate|p1a: Gengar|move: Protect\n|\n|-weather|RainDance|[upkeep]\n|upkeep\n|\n|t:|1776204982\n|switch|p2b: Gengar|Gengar-Mega, L50, M|37/100\n|turn|6\n|\n|t:|1776204988\n|move|p2b: Gengar|Protect|p2b: Gengar\n|-singleturn|p2b: Gengar|Protect\n|move|p1a: Gengar|Shadow Ball|p2b: Gengar\n|-activate|p2b: Gengar|move: Protect\n|move|p1b: Archaludon|Draco Meteor|p2a: Archaludon\n|-damage|p2a: Archaludon|0 fnt\n|-unboost|p1b: Archaludon|spa|2\n|faint|p2a: Archaludon\n|\n|-weather|RainDance|[upkeep]\n|upkeep\n|turn|7\n|\n|t:|1776205002\n|move|p1a: Gengar|Shadow Ball|p2b: Gengar\n|-supereffective|p2b: Gengar|1\n|-damage|p2b: Gengar|0 fnt\n|faint|p2b: Gengar\n|\n|win|Paviskii\n|raw|Paviskii's rating: 1410 &rarr; <strong>1429</strong><br />(+19 for winning)\n|raw|bigbadbirdvgc's rating: 1399 &rarr; <strong>1380</strong><br />(-19 for losing)\n",
  "uploadtime": 1776205008,
  "views": 35,
  "formatid": "gen9championsvgc2026regma",
  "rating": 1380,
  "private": 0,
  "password": null
}