{
  "id": "gen9championsvgc2026regma-2580675581",
  "format": "[Gen 9 Champions] VGC 2026 Reg M-A",
  "players": [
    "Evoboosted",
    "matesintomate"
  ],
  "log": "|j|\u2606Evoboosted\n|j|\u2606matesintomate\n|t:|1775923366\n|gametype|doubles\n|player|p1|Evoboosted|265|1159\n|player|p2|matesintomate|harlequin|1098\n|gen|9\n|tier|[Gen 9 Champions] VGC 2026 Reg M-A\n|rated|\n|rule|Species Clause: Limit one of each Pok\u00e9mon\n|rule|Item Clause: Limit 1 of each item\n|clearpoke\n|poke|p1|Chesnaught, L50, M|\n|poke|p1|Archaludon, L50, F|\n|poke|p1|Pelipper, L50, M|\n|poke|p1|Basculegion, L50, M|\n|poke|p1|Kingambit, L50, M|\n|poke|p1|Sinistcha-Masterpiece, L50|\n|poke|p2|Oranguru, L50, F|\n|poke|p2|Crabominable, L50, M|\n|poke|p2|Sinistcha, L50|\n|poke|p2|Vanilluxe, L50, M|\n|poke|p2|Glalie, L50, M|\n|poke|p2|Aerodactyl, L50, F|\n|teampreview|4\n|inactive|Battle timer is ON: inactive players will automatically lose when time's up. (requested by matesintomate)\n|\n|t:|1775923396\n|teamsize|p1|4\n|teamsize|p2|4\n|start\n|switch|p1a: Archaludon|Archaludon, L50, F|100/100\n|switch|p1b: Sinistcha|Sinistcha-Masterpiece, L50|100/100\n|switch|p2a: Oranguru|Oranguru, L50, F|100/100\n|switch|p2b: Glalie|Glalie, L50, M|100/100\n|turn|1\n|inactive|Evoboosted has 30 seconds left.\n|\n|t:|1775923423\n|detailschange|p2b: Glalie|Glalie-Mega, L50, M\n|-mega|p2b: Glalie|Glalie|Glalitite\n|move|p2b: Glalie|Explosion|p1a: Archaludon|[spread] p1a,p1b\n|-activate|p2a: Oranguru|ability: Telepathy\n|-supereffective|p1b: Sinistcha|1\n|-damage|p1a: Archaludon|8/100\n|-damage|p1b: Sinistcha|0 fnt\n|faint|p2b: Glalie\n|faint|p1b: Sinistcha\n|move|p1a: Archaludon|Flash Cannon|p2a: Oranguru\n|-damage|p2a: Oranguru|69/100\n|move|p2a: Oranguru|Trick Room|p2a: Oranguru\n|-fieldstart|move: Trick Room|[of] p2a: Oranguru\n|\n|upkeep\n|\n|t:|1775923432\n|switch|p1b: Chesnaught|Chesnaught, L50, M|100/100\n|switch|p2b: Crabominable|Crabominable, L50, M|100/100\n|turn|2\n|\n|t:|1775923450\n|detailschange|p1b: Chesnaught|Chesnaught-Mega, L50, M\n|-mega|p1b: Chesnaught|Chesnaught|Chesnaughtite\n|move|p2b: Crabominable|Ice Hammer|p1a: Archaludon\n|-damage|p1a: Archaludon|0 fnt\n|-unboost|p2b: Crabominable|spe|1\n|faint|p1a: Archaludon\n|move|p1b: Chesnaught|Body Press|p2b: Crabominable\n|-supereffective|p2b: Crabominable|1\n|-damage|p2b: Crabominable|0 fnt\n|faint|p2b: Crabominable\n|move|p2a: Oranguru|Psychic|p1b: Chesnaught\n|-supereffective|p1b: Chesnaught|1\n|-damage|p1b: Chesnaught|53/100\n|\n|upkeep\n|\n|t:|1775923462\n|switch|p2b: Vanilluxe|Vanilluxe, L50, M|100/100\n|switch|p1a: Pelipper|Pelipper, L50, M|100/100\n|-weather|Snowscape|[from] ability: Snow Warning|[of] p2b: Vanilluxe\n|-weather|RainDance|[from] ability: Drizzle|[of] p1a: Pelipper\n|turn|3\n|inactive|Evoboosted has 30 seconds left.\n|\n|t:|1775923496\n|move|p1b: Chesnaught|Spiky Shield|p1b: Chesnaught\n|-singleturn|p1b: Chesnaught|move: Protect\n|move|p2a: Oranguru|Psychic|p1b: Chesnaught\n|-activate|p1b: Chesnaught|move: Protect\n|move|p2b: Vanilluxe|Freeze-Dry|p1a: Pelipper\n|-supereffective|p1a: Pelipper|2\n|-enditem|p1a: Pelipper|Focus Sash\n|-damage|p1a: Pelipper|1/100\n|move|p1a: Pelipper|Weather Ball|p2a: Oranguru\n|-damage|p2a: Oranguru|13/100\n|\n|-weather|RainDance|[upkeep]\n|upkeep\n|turn|4\n|\n|t:|1775923513\n|move|p1b: Chesnaught|Body Press|p2a: Oranguru\n|-damage|p2a: Oranguru|0 fnt\n|faint|p2a: Oranguru\n|move|p2b: Vanilluxe|Freeze-Dry|p1b: Chesnaught\n|-supereffective|p1b: Chesnaught|1\n|-damage|p1b: Chesnaught|0 fnt\n|faint|p1b: Chesnaught\n|move|p1a: Pelipper|Weather Ball|p2b: Vanilluxe\n|-damage|p2b: Vanilluxe|33/100\n|\n|-weather|RainDance|[upkeep]\n|upkeep\n|turn|5\n|\n|t:|1775923529\n|move|p1a: Pelipper|Wide Guard|p1a: Pelipper\n|-singleturn|p1a: Pelipper|Wide Guard\n|move|p2b: Vanilluxe|Ice Shard|p1a: Pelipper\n|-damage|p1a: Pelipper|0 fnt\n|faint|p1a: Pelipper\n|\n|win|matesintomate\n|raw|Evoboosted's rating: 1159 &rarr; <strong>1130</strong><br />(-29 for losing)\n|raw|matesintomate's rating: 1098 &rarr; <strong>1128</strong><br />(+30 for winning)\n|l|\u2606Evoboosted\n|player|p1|\n",
  "uploadtime": 1775923538,
  "views": 17,
  "formatid": "gen9championsvgc2026regma",
  "rating": 1128,
  "private": 0,
  "password": null
}