{
  "id": "gen9championsvgc2026regma-2583665084",
  "format": "[Gen 9 Champions] VGC 2026 Reg M-A",
  "players": [
    "jeanirix",
    "lonelyherbivore"
  ],
  "log": "|j|\u2606jeanirix\n|j|\u2606lonelyherbivore\n|t:|1776189686\n|gametype|doubles\n|player|p1|jeanirix|wallace|1142\n|player|p2|lonelyherbivore|266|1160\n|gen|9\n|tier|[Gen 9 Champions] VGC 2026 Reg M-A\n|rated|\n|rule|Species Clause: Limit one of each Pok\u00e9mon\n|rule|Item Clause: Limit 1 of each item\n|clearpoke\n|poke|p1|Talonflame, L50, F|\n|poke|p1|Froslass, L50, F|\n|poke|p1|Decidueye-Hisui, L50, M|\n|poke|p1|Farigiraf, L50, F|\n|poke|p1|Golurk, L50|\n|poke|p1|Slowbro, L50, M|\n|poke|p2|Floette-Eternal, L50, F|\n|poke|p2|Maushold, L50|\n|poke|p2|Glimmora, L50, M|\n|poke|p2|Corviknight, L50, F|\n|poke|p2|Talonflame, L50, M|\n|poke|p2|Garchomp, L50, M|\n|teampreview|4\n|\n|t:|1776189731\n|teamsize|p1|4\n|teamsize|p2|4\n|start\n|switch|p1a: Slowbro|Slowbro, L50, M|100/100\n|switch|p1b: Golurk|Golurk, L50|100/100\n|switch|p2a: Talonflame|Talonflame, L50, M|100/100\n|switch|p2b: Glimmora|Glimmora, L50, M|100/100\n|turn|1\n|\n|t:|1776189760\n|switch|p2b: Corviknight|Corviknight, L50, F|100/100\n|move|p2a: Talonflame|Protect|p2a: Talonflame\n|-singleturn|p2a: Talonflame|Protect\n|move|p1b: Golurk|Protect|p1b: Golurk\n|-singleturn|p1b: Golurk|Protect\n|move|p1a: Slowbro|Trick Room|p1a: Slowbro\n|-fieldstart|move: Trick Room|[of] p1a: Slowbro\n|\n|upkeep\n|turn|2\n|\n|t:|1776189793\n|detailschange|p1b: Golurk|Golurk-Mega, L50\n|-mega|p1b: Golurk|Golurk|Golurkite\n|move|p2a: Talonflame|Brave Bird|p1b: Golurk\n|-damage|p1b: Golurk|51/100\n|-damage|p2a: Talonflame|80/100|[from] Recoil\n|move|p1a: Slowbro|Blizzard|p2a: Talonflame|[spread] p2a,p2b\n|-crit|p2a: Talonflame\n|-damage|p2a: Talonflame|15/100\n|-damage|p2b: Corviknight|73/100\n|move|p1b: Golurk|Smack Down|p2a: Talonflame\n|-supereffective|p2a: Talonflame|2\n|-damage|p2a: Talonflame|0 fnt\n|faint|p2a: Talonflame\n|move|p2b: Corviknight|Iron Defense|p2b: Corviknight\n|-boost|p2b: Corviknight|def|2\n|\n|-heal|p2b: Corviknight|79/100|[from] item: Leftovers\n|upkeep\n|l|\u2606lonelyherbivore\n|player|p2|\n|inactive|Battle timer is ON: inactive players will automatically lose when time's up. (requested by jeanirix)\n|j|\u2606lonelyherbivore\n|inactive|lonelyherbivore reconnected and has 70 seconds left.\n|player|p2|lonelyherbivore|266|\n|inactive|lonelyherbivore has 60 seconds left.\n|\n|t:|1776189856\n|switch|p2a: Floette|Floette-Eternal, L50, F|100/100\n|turn|3\n|\n|t:|1776189881\n|detailschange|p2a: Floette|Floette-Mega, L50, F\n|-mega|p2a: Floette|Floette|Floettite\n|-ability|p2a: Floette|Fairy Aura\n|move|p2a: Floette|Protect|p2a: Floette\n|-singleturn|p2a: Floette|Protect\n|move|p1a: Slowbro|Scald|p2b: Corviknight\n|-damage|p2b: Corviknight|44/100\n|-status|p2b: Corviknight|brn\n|move|p1b: Golurk|Poltergeist|p2a: Floette\n|-activate|p2a: Floette|move: Protect\n|move|p2b: Corviknight|Iron Defense|p2b: Corviknight\n|-boost|p2b: Corviknight|def|2\n|\n|-heal|p2b: Corviknight|50/100 brn|[from] item: Leftovers\n|-damage|p2b: Corviknight|44/100 brn|[from] brn\n|upkeep\n|turn|4\n|inactive|lonelyherbivore has 30 seconds left.\n|\n|t:|1776189909\n|move|p1a: Slowbro|Scald|p2b: Corviknight\n|-damage|p2b: Corviknight|4/100 brn\n|move|p1b: Golurk|Poltergeist|p2a: Floette\n|-activate|p2a: Floette|move: Poltergeist|Floettite\n|-damage|p2a: Floette|23/100\n|move|p2b: Corviknight|Roost|p2b: Corviknight\n|-heal|p2b: Corviknight|55/100 brn\n|-singleturn|p2b: Corviknight|move: Roost\n|move|p2a: Floette|Light of Ruin|p1a: Slowbro\n|-damage|p1a: Slowbro|0 fnt\n|faint|p1a: Slowbro\n|-damage|p2a: Floette|0 fnt|[from] Recoil\n|faint|p2a: Floette\n|\n|-heal|p2b: Corviknight|60/100 brn|[from] item: Leftovers\n|-damage|p2b: Corviknight|55/100 brn|[from] brn\n|upkeep\n|\n|t:|1776189931\n|switch|p1a: Decidueye|Decidueye-Hisui, L50, M|100/100\n|switch|p2a: Glimmora|Glimmora, L50, M|100/100\n|turn|5\n|\n|t:|1776189946\n|move|p2a: Glimmora|Spiky Shield|p2a: Glimmora\n|-singleturn|p2a: Glimmora|move: Protect\n|move|p1b: Golurk|Hammer Arm|p2b: Corviknight\n|-damage|p2b: Corviknight|45/100 brn\n|-unboost|p1b: Golurk|spe|1\n|move|p2b: Corviknight|Roost|p2b: Corviknight\n|-heal|p2b: Corviknight|95/100 brn\n|-singleturn|p2b: Corviknight|move: Roost\n|move|p1a: Decidueye|Triple Arrows|p2b: Corviknight\n|-supereffective|p2b: Corviknight|1\n|-damage|p2b: Corviknight|69/100 brn\n|-ability|p2b: Corviknight|Mirror Armor\n|-unboost|p1a: Decidueye|def|1\n|\n|-heal|p2b: Corviknight|75/100 brn|[from] item: Leftovers\n|-damage|p2b: Corviknight|69/100 brn|[from] brn\n|-fieldend|move: Trick Room\n|upkeep\n|turn|6\n|inactive|lonelyherbivore has 30 seconds left.\n|inactive|jeanirix has 30 seconds left.\n|\n|t:|1776189977\n|move|p2a: Glimmora|Sludge Bomb|p1a: Decidueye\n|-supereffective|p1a: Decidueye|1\n|-damage|p1a: Decidueye|0 fnt\n|faint|p1a: Decidueye\n|move|p2b: Corviknight|Iron Defense|p2b: Corviknight\n|-boost|p2b: Corviknight|def|2\n|move|p1b: Golurk|Poltergeist|p2b: Corviknight\n|-activate|p2b: Corviknight|move: Poltergeist|Leftovers\n|-crit|p2b: Corviknight\n|-damage|p2b: Corviknight|4/100 brn\n|\n|-heal|p2b: Corviknight|10/100 brn|[from] item: Leftovers\n|-damage|p2b: Corviknight|4/100 brn|[from] brn\n|upkeep\n|\n|t:|1776189984\n|switch|p1a: Talonflame|Talonflame, L50, F|100/100\n|turn|7\n|\n|t:|1776190000\n|move|p1a: Talonflame|Acrobatics|p2b: Corviknight\n|-resisted|p2b: Corviknight|1\n|-damage|p2b: Corviknight|1/100 brn\n|move|p2a: Glimmora|Power Gem|p1a: Talonflame\n|-supereffective|p1a: Talonflame|2\n|-damage|p1a: Talonflame|0 fnt\n|faint|p1a: Talonflame\n|move|p2b: Corviknight|Roost|p2b: Corviknight\n|-heal|p2b: Corviknight|52/100 brn\n|-singleturn|p2b: Corviknight|move: Roost\n|move|p1b: Golurk|Poltergeist|p2a: Glimmora|[miss]\n|-miss|p1b: Golurk|p2a: Glimmora\n|\n|-heal|p2b: Corviknight|58/100 brn|[from] item: Leftovers\n|-damage|p2b: Corviknight|52/100 brn|[from] brn\n|upkeep\n|turn|8\n|inactive|lonelyherbivore has 30 seconds left.\n|\n|t:|1776190026\n|move|p2a: Glimmora|Earth Power|p1b: Golurk\n|-damage|p1b: Golurk|23/100\n|move|p2b: Corviknight|Roost|p2b: Corviknight\n|-heal|p2b: Corviknight|100/100 brn\n|-singleturn|p2b: Corviknight|move: Roost\n|move|p1b: Golurk|Poltergeist|p2a: Glimmora\n|-activate|p2a: Glimmora|move: Poltergeist|Focus Sash\n|-damage|p2a: Glimmora|10/100\n|-activate|p2a: Glimmora|ability: Toxic Debris\n|-sidestart|p1: jeanirix|move: Toxic Spikes\n|\n|-damage|p2b: Corviknight|95/100 brn|[from] brn\n|upkeep\n|turn|9\n|\n|t:|1776190047\n|move|p2a: Glimmora|Spiky Shield|p2a: Glimmora\n|-singleturn|p2a: Glimmora|move: Protect\n|move|p2b: Corviknight|Brave Bird|p1b: Golurk\n|-damage|p1b: Golurk|8/100\n|-damage|p2b: Corviknight|90/100 brn|[from] Recoil\n|move|p1b: Golurk|Hammer Arm|p2a: Glimmora\n|-ability|p1b: Golurk|Unseen Fist\n|-zbroken|p2a: Glimmora\n|-damage|p2a: Glimmora|0 fnt\n|-unboost|p1b: Golurk|spe|1\n|-activate|p2a: Glimmora|ability: Toxic Debris\n|-sidestart|p1: jeanirix|move: Toxic Spikes\n|faint|p2a: Glimmora\n|\n|-heal|p2b: Corviknight|96/100 brn|[from] item: Leftovers\n|-damage|p2b: Corviknight|90/100 brn|[from] brn\n|upkeep\n|turn|10\n|c|\u2606jeanirix|Hey\n|c|\u2606lonelyherbivore|woah\n|inactive|lonelyherbivore has 30 seconds left.\n|\n|t:|1776190077\n|move|p2b: Corviknight|Brave Bird|p1b: Golurk\n|-damage|p1b: Golurk|0 fnt\n|faint|p1b: Golurk\n|-damage|p2b: Corviknight|87/100 brn|[from] Recoil\n|\n|win|lonelyherbivore\n|raw|jeanirix's rating: 1142 &rarr; <strong>1118</strong><br />(-24 for losing)\n|raw|lonelyherbivore's rating: 1160 &rarr; <strong>1184</strong><br />(+24 for winning)\n|c|\u2606jeanirix|You only have body press?\n|c|\u2606jeanirix|Jajajaja\n|c|\u2606lonelyherbivore|ggs\n|c|\u2606jeanirix|XD\n|c|\u2606jeanirix|GG\n|l|\u2606jeanirix\n|player|p1|\n",
  "uploadtime": 1776190095,
  "views": 16,
  "formatid": "gen9championsvgc2026regma",
  "rating": 1118,
  "private": 0,
  "password": null
}