{
  "id": "gen9championsvgc2026regma-2581657783",
  "format": "[Gen 9 Champions] VGC 2026 Reg M-A",
  "players": [
    "Azure Resolution",
    "Cosmicfab"
  ],
  "log": "|j|\u2606Azure Resolution\n|j|\u2606Cosmicfab\n|t:|1776018523\n|gametype|doubles\n|player|p1|Azure Resolution|gentleman-gen4dp|1185\n|player|p2|Cosmicfab|101|1187\n|gen|9\n|tier|[Gen 9 Champions] VGC 2026 Reg M-A\n|rated|\n|rule|Species Clause: Limit one of each Pok\u00e9mon\n|rule|Item Clause: Limit 1 of each item\n|clearpoke\n|poke|p1|Altaria, L50, F|\n|poke|p1|Whimsicott, L50, F|\n|poke|p1|Gardevoir, L50, F|\n|poke|p1|Kingambit, L50, F|\n|poke|p1|Basculegion, L50, M|\n|poke|p1|Rotom-Heat, L50|\n|poke|p2|Chesnaught, L50, M|\n|poke|p2|Incineroar, L50, M|\n|poke|p2|Oranguru, L50, F|\n|poke|p2|Kleavor, L50, M|\n|poke|p2|Primarina, L50, M|\n|poke|p2|Mr. Rime, L50, M|\n|teampreview|4\n|\n|t:|1776018568\n|teamsize|p1|4\n|teamsize|p2|4\n|start\n|switch|p1a: Whimsicott|Whimsicott, L50, F|100/100\n|switch|p1b: Gardevoir|Gardevoir, L50, F, shiny|100/100\n|switch|p2a: Oranguru|Oranguru, L50, F|100/100\n|switch|p2b: Incineroar|Incineroar, L50, M|100/100\n|-ability|p1b: Gardevoir|Intimidate|Trace|[from] ability: Trace|[of] p2b: Incineroar\n|-ability|p1b: Gardevoir|Intimidate|boost\n|-fail|p2a: Oranguru|unboost|Attack|[from] ability: Inner Focus|[of] p2a: Oranguru\n|-unboost|p2b: Incineroar|atk|1\n|-ability|p2b: Incineroar|Intimidate|boost\n|-unboost|p1a: Whimsicott|atk|1\n|-unboost|p1b: Gardevoir|atk|1\n|turn|1\n|\n|t:|1776018610\n|detailschange|p1b: Gardevoir|Gardevoir-Mega, L50, F, shiny\n|-mega|p1b: Gardevoir|Gardevoir|Gardevoirite\n|move|p2b: Incineroar|Fake Out|p1b: Gardevoir\n|-crit|p1b: Gardevoir\n|-damage|p1b: Gardevoir|67/100\n|move|p1a: Whimsicott|Tailwind|p1a: Whimsicott\n|-sidestart|p1: Azure Resolution|move: Tailwind\n|cant|p1b: Gardevoir|flinch\n|move|p2a: Oranguru|Trick Room|p2a: Oranguru\n|-fieldstart|move: Trick Room|[of] p2a: Oranguru\n|\n|upkeep\n|turn|2\n|\n|t:|1776018660\n|switch|p1a: Basculegion|Basculegion, L50, M|100/100\n|move|p2a: Oranguru|Protect|p2a: Oranguru\n|-singleturn|p2a: Oranguru|Protect\n|move|p1b: Gardevoir|Protect|p1b: Gardevoir\n|-singleturn|p1b: Gardevoir|Protect\n|move|p2b: Incineroar|Flare Blitz|p1b: Gardevoir\n|-activate|p1b: Gardevoir|move: Protect\n|\n|upkeep\n|turn|3\n|\n|t:|1776018697\n|switch|p1b: Whimsicott|Whimsicott, L50, F|100/100\n|move|p2a: Oranguru|Instruct|p2b: Incineroar\n|-singleturn|p2b: Incineroar|move: Instruct|[of] p2a: Oranguru\n|move|p2b: Incineroar|Flare Blitz|p1b: Whimsicott\n|-supereffective|p1b: Whimsicott|1\n|-enditem|p1b: Whimsicott|Focus Sash\n|-damage|p1b: Whimsicott|1/100\n|-damage|p2b: Incineroar|78/100|[from] Recoil\n|move|p2b: Incineroar|Darkest Lariat|p1b: Whimsicott\n|-resisted|p1b: Whimsicott|1\n|-damage|p1b: Whimsicott|0 fnt\n|faint|p1b: Whimsicott\n|move|p1a: Basculegion|Flip Turn|p2b: Incineroar\n|-supereffective|p2b: Incineroar|1\n|-damage|p2b: Incineroar|5/100\n|\n|t:|1776018717\n|switch|p1a: Gardevoir|Gardevoir-Mega, L50, F, shiny|67/100|[from] Flip Turn\n|\n|upkeep\n|\n|t:|1776018731\n|switch|p1b: Kingambit|Kingambit, L50, F|100/100\n|turn|4\n|\n|t:|1776018760\n|move|p2a: Oranguru|Protect|p2a: Oranguru\n|-singleturn|p2a: Oranguru|Protect\n|move|p1b: Kingambit|Sucker Punch||[still]\n|-fail|p1b: Kingambit\n|move|p2b: Incineroar|Parting Shot|p1a: Gardevoir\n|-unboost|p1a: Gardevoir|atk|1\n|-unboost|p1a: Gardevoir|spa|1\n|\n|t:|1776018768\n|switch|p2b: Primarina|Primarina, L50, M|100/100|[from] Parting Shot\n|move|p1a: Gardevoir|Hyper Voice|p2b: Primarina|[spread] p2b\n|-activate|p2a: Oranguru|move: Protect\n|-damage|p2b: Primarina|70/100\n|\n|-sideend|p1: Azure Resolution|move: Tailwind\n|upkeep\n|turn|5\n|\n|t:|1776018822\n|switch|p1a: Basculegion|Basculegion, L50, M|100/100\n|move|p2a: Oranguru|Encore|p1b: Kingambit\n|-start|p1b: Kingambit|Encore\n|move|p1b: Kingambit|Sucker Punch||[still]\n|-fail|p1b: Kingambit\n|move|p2b: Primarina|Calm Mind|p2b: Primarina\n|-boost|p2b: Primarina|spa|1\n|-boost|p2b: Primarina|spd|1\n|\n|-fieldend|move: Trick Room\n|upkeep\n|turn|6\n|\n|t:|1776018857\n|switch|p1b: Gardevoir|Gardevoir-Mega, L50, F, shiny|67/100\n|move|p1a: Basculegion|Wave Crash|p2a: Oranguru\n|-damage|p2a: Oranguru|40/100\n|-damage|p1a: Basculegion|80/100|[from] Recoil\n|move|p2b: Primarina|Calm Mind|p2b: Primarina\n|-boost|p2b: Primarina|spa|1\n|-boost|p2b: Primarina|spd|1\n|move|p2a: Oranguru|Trick Room|p2a: Oranguru\n|-fieldstart|move: Trick Room|[of] p2a: Oranguru\n|\n|upkeep\n|turn|7\n|\n|t:|1776018875\n|move|p2a: Oranguru|Instruct|p2b: Primarina\n|-singleturn|p2b: Primarina|move: Instruct|[of] p2a: Oranguru\n|move|p2b: Primarina|Calm Mind|p2b: Primarina\n|-boost|p2b: Primarina|spa|1\n|-boost|p2b: Primarina|spd|1\n|move|p2b: Primarina|Moonblast|p1a: Basculegion\n|-damage|p1a: Basculegion|0 fnt\n|faint|p1a: Basculegion\n|move|p1b: Gardevoir|Hyper Voice|p2b: Primarina|[spread] p2a,p2b\n|-damage|p2a: Oranguru|0 fnt\n|-damage|p2b: Primarina|51/100\n|faint|p2a: Oranguru\n|\n|upkeep\n|\n|t:|1776018889\n|switch|p2a: Chesnaught|Chesnaught, L50, M|100/100\n|switch|p1a: Kingambit|Kingambit, L50, F|100/100\n|turn|8\n|\n|t:|1776018911\n|detailschange|p2a: Chesnaught|Chesnaught-Mega, L50, M\n|-mega|p2a: Chesnaught|Chesnaught|Chesnaughtite\n|move|p1b: Gardevoir|Protect|p1b: Gardevoir\n|-singleturn|p1b: Gardevoir|Protect\n|move|p2a: Chesnaught|Body Press|p1a: Kingambit\n|-supereffective|p1a: Kingambit|2\n|-damage|p1a: Kingambit|0 fnt\n|faint|p1a: Kingambit\n|move|p2b: Primarina|Hyper Voice|p1b: Gardevoir\n|-activate|p1b: Gardevoir|move: Protect\n|\n|upkeep\n|turn|9\n|c|\u2606Azure Resolution|ggwp\n|\n|t:|1776018924\n|move|p2a: Chesnaught|Knock Off|p1b: Gardevoir\n|-damage|p1b: Gardevoir|26/100\n|move|p2b: Primarina|Moonblast|p1b: Gardevoir\n|-damage|p1b: Gardevoir|0 fnt\n|faint|p1b: Gardevoir\n|\n|win|Cosmicfab\n|raw|Azure Resolution's rating: 1185 &rarr; <strong>1160</strong><br />(-25 for losing)\n|raw|Cosmicfab's rating: 1187 &rarr; <strong>1212</strong><br />(+25 for winning)\n|c|\u2606Cosmicfab|Gg\n",
  "uploadtime": 1776018933,
  "views": 38,
  "formatid": "gen9championsvgc2026regma",
  "rating": 1160,
  "private": 0,
  "password": null
}