{
  "id": "gen9championsvgc2026regma-2587986302",
  "format": "[Gen 9 Champions] VGC 2026 Reg M-A",
  "players": [
    "Blitzaroo",
    "rdjr"
  ],
  "log": "|j|\u2606Blitzaroo\n|j|\u2606rdjr\n|t:|1776588999\n|gametype|doubles\n|player|p1|Blitzaroo|ingo|1000\n|player|p2|rdjr|170|1043\n|gen|9\n|tier|[Gen 9 Champions] VGC 2026 Reg M-A\n|rated|\n|rule|Species Clause: Limit one of each Pok\u00e9mon\n|rule|Item Clause: Limit 1 of each item\n|clearpoke\n|poke|p1|Crabominable, L50, F, shiny|\n|poke|p1|Beartic, L50, M|\n|poke|p1|Aerodactyl, L50, F|\n|poke|p1|Incineroar, L50, F|\n|poke|p1|Abomasnow, L50, F|\n|poke|p1|Aegislash, L50, M|\n|poke|p2|Farigiraf, L50, M|\n|poke|p2|Sneasler, L50, F|\n|poke|p2|Orthworm, L50, M|\n|poke|p2|Froslass, L50, F|\n|poke|p2|Palafin, L50, F|\n|poke|p2|Rotom-Frost, L50|\n|teampreview|4\n|\n|t:|1776589058\n|teamsize|p1|4\n|teamsize|p2|4\n|start\n|switch|p1a: Incineroar|Incineroar, L50, F|100/100\n|switch|p1b: Crabominable|Crabominable, L50, F, shiny|100/100\n|switch|p2a: Orthworm|Orthworm, L50, M|100/100\n|switch|p2b: Palafin|Palafin, L50, F|100/100\n|-ability|p1a: Incineroar|Intimidate|boost\n|-unboost|p2a: Orthworm|atk|1\n|-unboost|p2b: Palafin|atk|1\n|turn|1\n|\n|t:|1776589074\n|detailschange|p2b: Palafin|Palafin-Hero, L50, F\n|switch|p2b: Farigiraf|Farigiraf, L50, M|100/100\n|move|p1b: Crabominable|Mach Punch||[still]\n|cant|p2b: Farigiraf|ability: Armor Tail|Mach Punch|[of] p1b: Crabominable\n|move|p1a: Incineroar|Blaze Kick|p2a: Orthworm\n|-supereffective|p2a: Orthworm|1\n|-damage|p2a: Orthworm|39/100\n|-enditem|p2a: Orthworm|Sitrus Berry|[eat]\n|-heal|p2a: Orthworm|64/100|[from] item: Sitrus Berry\n|move|p2a: Orthworm|Shed Tail|p2a: Orthworm\n|-start|p2a: Orthworm|Substitute|[from] move: Shed Tail\n|-damage|p2a: Orthworm|14/100\n|\n|t:|1776589093\n|switch|p2a: Palafin|Palafin-Hero, L50, F|100/100|[from] Shed Tail\n|-activate|p2a: Palafin|ability: Zero to Hero\n|\n|upkeep\n|turn|2\n|\n|t:|1776589120\n|move|p2a: Palafin|Wave Crash|p1a: Incineroar\n|-supereffective|p1a: Incineroar|1\n|-damage|p1a: Incineroar|0 fnt\n|faint|p1a: Incineroar\n|-damage|p2a: Palafin|69/100|[from] Recoil\n|move|p2b: Farigiraf|Twin Beam|p1b: Crabominable\n|-supereffective|p1b: Crabominable|1\n|-damage|p1b: Crabominable|64/100\n|-supereffective|p1b: Crabominable|1\n|-damage|p1b: Crabominable|30/100\n|-hitcount|p1b: Crabominable|2\n|move|p1b: Crabominable|Drain Punch|p2b: Farigiraf\n|-damage|p2b: Farigiraf|70/100\n|-heal|p1b: Crabominable|50/100|[from] drain|[of] p2b: Farigiraf\n|\n|upkeep\n|\n|t:|1776589134\n|switch|p1a: Aegislash|Aegislash, L50, M|100/100\n|turn|3\n|\n|t:|1776589157\n|move|p2a: Palafin|Protect|p2a: Palafin\n|-singleturn|p2a: Palafin|Protect\n|move|p1a: Aegislash|King's Shield|p1a: Aegislash\n|-singleturn|p1a: Aegislash|Protect\n|move|p1b: Crabominable|Mach Punch||[still]\n|cant|p2b: Farigiraf|ability: Armor Tail|Mach Punch|[of] p1b: Crabominable\n|move|p2b: Farigiraf|Twin Beam|p1b: Crabominable\n|-supereffective|p1b: Crabominable|1\n|-damage|p1b: Crabominable|17/100\n|-supereffective|p1b: Crabominable|1\n|-damage|p1b: Crabominable|0 fnt\n|faint|p1b: Crabominable\n|-hitcount|p1: Crabominable|2\n|\n|upkeep\n|\n|t:|1776589169\n|switch|p1b: Beartic|Beartic, L50, M|100/100\n|turn|4\n|\n|t:|1776589195\n|move|p2a: Palafin|Wave Crash|p1a: Aegislash\n|-damage|p1a: Aegislash|33/100\n|-damage|p2a: Palafin|48/100|[from] Recoil\n|-formechange|p1a: Aegislash|Aegislash-Blade|\n|move|p1a: Aegislash|Close Combat|p2a: Palafin\n|-end|p2a: Palafin|Substitute\n|-unboost|p1a: Aegislash|def|1\n|-unboost|p1a: Aegislash|spd|1\n|move|p2b: Farigiraf|Twin Beam|p1b: Beartic\n|-damage|p1b: Beartic|82/100\n|-crit|p1b: Beartic\n|-damage|p1b: Beartic|52/100\n|-hitcount|p1b: Beartic|2\n|move|p1b: Beartic|Avalanche|p2b: Farigiraf\n|-crit|p2b: Farigiraf\n|-damage|p2b: Farigiraf|0 fnt\n|faint|p2b: Farigiraf\n|\n|upkeep\n|\n|t:|1776589213\n|switch|p2b: Froslass|Froslass, L50, F|100/100\n|turn|5\n|\n|t:|1776589231\n|detailschange|p2b: Froslass|Froslass-Mega, L50, F\n|-mega|p2b: Froslass|Froslass|Froslassite\n|-weather|Snowscape|[from] ability: Snow Warning|[of] p2b: Froslass\n|move|p2b: Froslass|Shadow Ball|p1a: Aegislash\n|-supereffective|p1a: Aegislash|1\n|-damage|p1a: Aegislash|0 fnt\n|faint|p1a: Aegislash\n|move|p2a: Palafin|Close Combat|p1b: Beartic\n|-supereffective|p1b: Beartic|1\n|-damage|p1b: Beartic|0 fnt\n|-unboost|p2a: Palafin|def|1\n|-unboost|p2a: Palafin|spd|1\n|faint|p1b: Beartic\n|\n|win|rdjr\n|raw|Blitzaroo's rating: 1000 &rarr; <strong>1000</strong><br />(+0 for losing)\n|raw|rdjr's rating: 1043 &rarr; <strong>1072</strong><br />(+29 for winning)\n|l|\u2606Blitzaroo\n|player|p1|\n",
  "uploadtime": 1776589250,
  "views": 11,
  "formatid": "gen9championsvgc2026regma",
  "rating": 1000,
  "private": 0,
  "password": null
}