{
  "id": "gen9championsvgc2026regma-2587373265",
  "format": "[Gen 9 Champions] VGC 2026 Reg M-A",
  "players": [
    "YakonSavikov",
    "Seraphina67"
  ],
  "log": "|j|\u2606YakonSavikov\n|j|\u2606Seraphina67\n|t:|1776526367\n|gametype|doubles\n|player|p1|YakonSavikov|wattson|1192\n|player|p2|Seraphina67|marley|1171\n|gen|9\n|tier|[Gen 9 Champions] VGC 2026 Reg M-A\n|rated|\n|rule|Species Clause: Limit one of each Pok\u00e9mon\n|rule|Item Clause: Limit 1 of each item\n|clearpoke\n|poke|p1|Abomasnow, L50, M|\n|poke|p1|Slowking, L50, M|\n|poke|p1|Incineroar, L50, M|\n|poke|p1|Mimikyu, L50, F|\n|poke|p1|Skeledirge, L50, F|\n|poke|p1|Conkeldurr, L50, M|\n|poke|p2|Gardevoir, L50, F|\n|poke|p2|Froslass, L50, F|\n|poke|p2|Milotic, L50, F|\n|poke|p2|Sinistcha-Masterpiece, L50|\n|poke|p2|Incineroar, L50, F|\n|poke|p2|Sneasler, L50, M|\n|teampreview|4\n|inactive|Battle timer is ON: inactive players will automatically lose when time's up. (requested by Seraphina67)\n|inactive|YakonSavikov has 60 seconds left.\n|inactive|Seraphina67 has 60 seconds left.\n|\n|t:|1776526413\n|teamsize|p1|4\n|teamsize|p2|4\n|start\n|switch|p1a: Mimikyu|Mimikyu, L50, F|100/100\n|switch|p1b: Abomasnow|Abomasnow, L50, M|100/100\n|switch|p2a: Incineroar|Incineroar, L50, F|100/100\n|switch|p2b: Milotic|Milotic, L50, F|100/100\n|-ability|p2a: Incineroar|Intimidate|boost\n|-unboost|p1a: Mimikyu|atk|1\n|-unboost|p1b: Abomasnow|atk|1\n|-weather|Snowscape|[from] ability: Snow Warning|[of] p1b: Abomasnow\n|turn|1\n|\n|t:|1776526437\n|switch|p1b: Conkeldurr|Conkeldurr, L50, M|100/100\n|move|p2b: Milotic|Icy Wind|p1b: Conkeldurr|[spread] p1b\n|-miss|p2b: Milotic|p1a: Mimikyu\n|-damage|p1b: Conkeldurr|85/100\n|-unboost|p1b: Conkeldurr|spe|1\n|-enditem|p1b: Conkeldurr|White Herb\n|-clearnegativeboost|p1b: Conkeldurr|[silent]\n|move|p2a: Incineroar|Flare Blitz|p1b: Conkeldurr\n|-damage|p1b: Conkeldurr|31/100\n|-damage|p2a: Incineroar|83/100|[from] Recoil\n|move|p1a: Mimikyu|Trick Room|p1a: Mimikyu\n|-fieldstart|move: Trick Room|[of] p1a: Mimikyu\n|\n|-weather|Snowscape|[upkeep]\n|upkeep\n|turn|2\n|inactive|Seraphina67 has 30 seconds left.\n|inactive|Seraphina67 has 20 seconds left.\n|\n|t:|1776526474\n|move|p1b: Conkeldurr|Drain Punch|p2b: Milotic\n|-damage|p2b: Milotic|41/100\n|-heal|p1b: Conkeldurr|61/100|[from] drain|[of] p2b: Milotic\n|move|p2a: Incineroar|Darkest Lariat|p1a: Mimikyu\n|-activate|p1a: Mimikyu|ability: Disguise\n|-damage|p1a: Mimikyu|100/100\n|detailschange|p1a: Mimikyu|Mimikyu-Busted, L50, F\n|-damage|p1a: Mimikyu|88/100|[from] pokemon: Mimikyu-Busted\n|move|p2b: Milotic|Scald|p1b: Conkeldurr\n|-damage|p1b: Conkeldurr|20/100\n|-status|p1b: Conkeldurr|brn\n|move|p1a: Mimikyu|Swords Dance|p1a: Mimikyu\n|-boost|p1a: Mimikyu|atk|2\n|\n|-weather|Snowscape|[upkeep]\n|-heal|p2b: Milotic|47/100|[from] item: Leftovers\n|-damage|p1b: Conkeldurr|14/100 brn|[from] brn\n|upkeep\n|turn|3\n|inactive|Seraphina67 has 30 seconds left.\n|\n|t:|1776526502\n|switch|p2a: Sinistcha|Sinistcha-Masterpiece, L50|100/100\n|-heal|p2b: Milotic|72/100|[from] ability: Hospitality|[of] p2a: Sinistcha\n|move|p1b: Conkeldurr|Drain Punch|p2a: Sinistcha\n|-immune|p2a: Sinistcha\n|move|p2b: Milotic|Icy Wind|p1b: Conkeldurr|[spread] p1a,p1b\n|-damage|p1a: Mimikyu|78/100\n|-damage|p1b: Conkeldurr|0 fnt\n|-unboost|p1a: Mimikyu|spe|1\n|faint|p1b: Conkeldurr\n|move|p1a: Mimikyu|Shadow Claw|p2b: Milotic\n|-damage|p2b: Milotic|31/100\n|\n|-weather|Snowscape|[upkeep]\n|-heal|p2b: Milotic|37/100|[from] item: Leftovers\n|upkeep\n|\n|t:|1776526507\n|switch|p1b: Abomasnow|Abomasnow, L50, M|100/100\n|turn|4\n|inactive|Seraphina67 has 30 seconds left.\n|\n|t:|1776526534\n|detailschange|p1b: Abomasnow|Abomasnow-Mega, L50, M\n|-mega|p1b: Abomasnow|Abomasnow|Abomasite\n|move|p2a: Sinistcha|Protect|p2a: Sinistcha\n|-singleturn|p2a: Sinistcha|Protect\n|move|p1b: Abomasnow|Blizzard|p2a: Sinistcha|[spread] p2b\n|-activate|p2a: Sinistcha|move: Protect\n|-resisted|p2b: Milotic|1\n|-damage|p2b: Milotic|22/100\n|move|p1a: Mimikyu|Shadow Claw|p2b: Milotic\n|-damage|p2b: Milotic|0 fnt\n|faint|p2b: Milotic\n|\n|-weather|Snowscape|[upkeep]\n|upkeep\n|\n|t:|1776526553\n|switch|p2b: Incineroar|Incineroar, L50, F|83/100\n|-ability|p2b: Incineroar|Intimidate|boost\n|-unboost|p1a: Mimikyu|atk|1\n|-unboost|p1b: Abomasnow|atk|1\n|turn|5\n|inactive|YakonSavikov has 30 seconds left.\n|\n|t:|1776526582\n|switch|p1b: Incineroar|Incineroar, L50, M|100/100\n|-ability|p1b: Incineroar|Intimidate|boost\n|-unboost|p2a: Sinistcha|atk|1\n|-unboost|p2b: Incineroar|atk|1\n|move|p2b: Incineroar|Fake Out|p1b: Incineroar\n|-damage|p1b: Incineroar|92/100\n|move|p1a: Mimikyu|Swords Dance|p1a: Mimikyu\n|-boost|p1a: Mimikyu|atk|2\n|move|p2a: Sinistcha|Matcha Gotcha|p1b: Incineroar|[spread] p1a,p1b\n|-resisted|p1b: Incineroar|1\n|-damage|p1a: Mimikyu|60/100\n|-damage|p1b: Incineroar|83/100\n|\n|-weather|none\n|-fieldend|move: Trick Room\n|upkeep\n|turn|6\n|inactive|Seraphina67 has 30 seconds left.\n|inactive|YakonSavikov has 30 seconds left.\n|\n|t:|1776526616\n|move|p2a: Sinistcha|Protect|p2a: Sinistcha\n|-singleturn|p2a: Sinistcha|Protect\n|move|p1b: Incineroar|Fake Out|p2b: Incineroar\n|-damage|p2b: Incineroar|70/100\n|cant|p2b: Incineroar|flinch\n|move|p1a: Mimikyu|Play Rough|p2b: Incineroar\n|-damage|p2b: Incineroar|14/100\n|\n|upkeep\n|turn|7\n|\n|t:|1776526631\n|switch|p2b: Gardevoir|Gardevoir, L50, F|100/100\n|move|p2a: Sinistcha|Rage Powder|p2a: Sinistcha\n|-singleturn|p2a: Sinistcha|move: Rage Powder\n|move|p1b: Incineroar|Flare Blitz|p2a: Sinistcha\n|-supereffective|p2a: Sinistcha|1\n|-damage|p2a: Sinistcha|32/100\n|-status|p2a: Sinistcha|brn\n|-enditem|p2a: Sinistcha|Sitrus Berry|[eat]\n|-heal|p2a: Sinistcha|57/100 brn|[from] item: Sitrus Berry\n|-damage|p1b: Incineroar|63/100|[from] Recoil\n|move|p1a: Mimikyu|Shadow Claw|p2a: Sinistcha\n|-supereffective|p2a: Sinistcha|1\n|-damage|p2a: Sinistcha|0 fnt\n|faint|p2a: Sinistcha\n|\n|upkeep\n|\n|t:|1776526645\n|switch|p2a: Incineroar|Incineroar, L50, F|14/100\n|-ability|p2a: Incineroar|Intimidate|boost\n|-unboost|p1a: Mimikyu|atk|1\n|-unboost|p1b: Incineroar|atk|1\n|turn|8\n|\n|t:|1776526661\n|detailschange|p2b: Gardevoir|Gardevoir-Mega, L50, F\n|-mega|p2b: Gardevoir|Gardevoir|Gardevoirite\n|move|p2a: Incineroar|Fake Out|p1b: Incineroar\n|-damage|p1b: Incineroar|50/100\n|move|p2b: Gardevoir|Hyper Voice|p1a: Mimikyu|[spread] p1a,p1b\n|-crit|p1b: Incineroar\n|-damage|p1a: Mimikyu|17/100\n|-damage|p1b: Incineroar|0 fnt\n|faint|p1b: Incineroar\n|move|p1a: Mimikyu|Play Rough|p2a: Incineroar\n|-damage|p2a: Incineroar|0 fnt\n|faint|p2a: Incineroar\n|\n|upkeep\n|\n|t:|1776526666\n|switch|p1b: Abomasnow|Abomasnow-Mega, L50, M|100/100\n|-weather|Snowscape|[from] ability: Snow Warning|[of] p1b: Abomasnow\n|turn|9\n|\n|t:|1776526685\n|move|p2b: Gardevoir|Mystical Fire|p1b: Abomasnow\n|-supereffective|p1b: Abomasnow|2\n|-damage|p1b: Abomasnow|0 fnt\n|faint|p1b: Abomasnow\n|move|p1a: Mimikyu|Shadow Claw|p2b: Gardevoir\n|-supereffective|p2b: Gardevoir|1\n|-damage|p2b: Gardevoir|0 fnt\n|faint|p2b: Gardevoir\n|\n|win|YakonSavikov\n|raw|YakonSavikov's rating: 1192 &rarr; <strong>1215</strong><br />(+23 for winning)\n|raw|Seraphina67's rating: 1171 &rarr; <strong>1148</strong><br />(-23 for losing)\n|l|\u2606Seraphina67\n|player|p2|\n",
  "uploadtime": 1776526712,
  "views": 16,
  "formatid": "gen9championsvgc2026regma",
  "rating": 1148,
  "private": 0,
  "password": null
}