{
  "id": "gen9championsvgc2026regma-2582451571",
  "format": "[Gen 9 Champions] VGC 2026 Reg M-A",
  "players": [
    "chickencharlamagne",
    "the_ag_is_fake"
  ],
  "log": "|j|\u2606chickencharlamagne\n|j|\u2606the_ag_is_fake\n|t:|1776092565\n|gametype|doubles\n|player|p1|chickencharlamagne|169|1310\n|player|p2|the_ag_is_fake|rika|1338\n|gen|9\n|tier|[Gen 9 Champions] VGC 2026 Reg M-A\n|rated|\n|rule|Species Clause: Limit one of each Pok\u00e9mon\n|rule|Item Clause: Limit 1 of each item\n|clearpoke\n|poke|p1|Goodra-Hisui, L50, F|\n|poke|p1|Aromatisse, L50, M|\n|poke|p1|Incineroar, L50, M|\n|poke|p1|Scovillain, L50, M|\n|poke|p1|Basculegion-F, L50, F|\n|poke|p1|Sneasler, L50, M|\n|poke|p2|Clefable, L50, M|\n|poke|p2|Incineroar, L50, M|\n|poke|p2|Kingambit, L50, M|\n|poke|p2|Sneasler, L50, F|\n|poke|p2|Kommo-o, L50, M|\n|poke|p2|Froslass, L50, F|\n|teampreview|4\n|inactive|Battle timer is ON: inactive players will automatically lose when time's up. (requested by the_ag_is_fake)\n|inactive|chickencharlamagne has 60 seconds left.\n|\n|t:|1776092601\n|teamsize|p1|4\n|teamsize|p2|4\n|start\n|switch|p1a: Scovillain|Scovillain, L50, M|100/100\n|switch|p1b: Aromatisse|Aromatisse, L50, M, shiny|100/100\n|switch|p2a: Incineroar|Incineroar, L50, M|100/100\n|switch|p2b: Kommo-o|Kommo-o, L50, M|100/100\n|-ability|p2a: Incineroar|Intimidate|boost\n|-unboost|p1a: Scovillain|atk|1\n|-unboost|p1b: Aromatisse|atk|1\n|turn|1\n|inactive|chickencharlamagne has 30 seconds left.\n|inactive|the_ag_is_fake has 30 seconds left.\n|inactive|chickencharlamagne has 20 seconds left.\n|\n|t:|1776092637\n|detailschange|p1a: Scovillain|Scovillain-Mega, L50, M\n|-mega|p1a: Scovillain|Scovillain|Scovillainite\n|move|p1b: Aromatisse|Protect|p1b: Aromatisse\n|-singleturn|p1b: Aromatisse|Protect\n|move|p2a: Incineroar|Fake Out|p1b: Aromatisse\n|-activate|p1b: Aromatisse|move: Protect\n|move|p2b: Kommo-o|Clangorous Soul|p2b: Kommo-o\n|-boost|p2b: Kommo-o|atk|1\n|-boost|p2b: Kommo-o|def|1\n|-boost|p2b: Kommo-o|spa|1\n|-boost|p2b: Kommo-o|spd|1\n|-boost|p2b: Kommo-o|spe|1\n|-damage|p2b: Kommo-o|68/100\n|move|p1a: Scovillain|Overheat|p2b: Kommo-o\n|-resisted|p2b: Kommo-o|1\n|-damage|p2b: Kommo-o|46/100\n|-unboost|p1a: Scovillain|spa|2\n|\n|-heal|p2b: Kommo-o|52/100|[from] item: Leftovers\n|upkeep\n|turn|2\n|\n|t:|1776092655\n|move|p2b: Kommo-o|Protect|p2b: Kommo-o\n|-singleturn|p2b: Kommo-o|Protect\n|move|p1a: Scovillain|Rage Powder|p1a: Scovillain\n|-singleturn|p1a: Scovillain|move: Rage Powder\n|move|p2a: Incineroar|Parting Shot|p1a: Scovillain\n|-unboost|p1a: Scovillain|atk|1\n|-unboost|p1a: Scovillain|spa|1\n|\n|t:|1776092673\n|switch|p2a: Froslass|Froslass, L50, F|100/100|[from] Parting Shot\n|move|p1b: Aromatisse|Trick Room|p1b: Aromatisse\n|-fieldstart|move: Trick Room|[of] p1b: Aromatisse\n|\n|-heal|p2b: Kommo-o|58/100|[from] item: Leftovers\n|upkeep\n|turn|3\n|\n|t:|1776092693\n|switch|p1a: Incineroar|Incineroar, L50, M, shiny|100/100\n|-ability|p1a: Incineroar|Intimidate|boost\n|-unboost|p2a: Froslass|atk|1\n|-unboost|p2b: Kommo-o|atk|1\n|switch|p2b: Incineroar|Incineroar, L50, M|100/100\n|-ability|p2b: Incineroar|Intimidate|boost\n|-unboost|p1a: Incineroar|atk|1\n|-unboost|p1b: Aromatisse|atk|1\n|detailschange|p2a: Froslass|Froslass-Mega, L50, F\n|-mega|p2a: Froslass|Froslass|Froslassite\n|-weather|Snowscape|[from] ability: Snow Warning|[of] p2a: Froslass\n|move|p1b: Aromatisse|Moonblast|p2b: Incineroar\n|-damage|p2b: Incineroar|74/100\n|move|p2a: Froslass|Blizzard|p1a: Incineroar|[spread] p1a,p1b\n|-resisted|p1a: Incineroar|1\n|-damage|p1a: Incineroar|82/100\n|-damage|p1b: Aromatisse|63/100\n|\n|-weather|Snowscape|[upkeep]\n|upkeep\n|turn|4\n|inactive|the_ag_is_fake has 30 seconds left.\n|\n|t:|1776092723\n|switch|p1a: Goodra|Goodra-Hisui, L50, F|100/100\n|move|p2b: Incineroar|Fake Out|p1a: Goodra\n|-resisted|p1a: Goodra|1\n|-damage|p1a: Goodra|97/100\n|move|p1b: Aromatisse|Aromatic Mist|p1a: Goodra\n|-boost|p1a: Goodra|spd|1\n|move|p2a: Froslass|Blizzard|p1a: Goodra|[spread] p1a,p1b\n|-damage|p1a: Goodra|77/100\n|-damage|p1b: Aromatisse|25/100\n|-enditem|p1b: Aromatisse|Sitrus Berry|[eat]\n|-heal|p1b: Aromatisse|50/100|[from] item: Sitrus Berry\n|\n|-weather|Snowscape|[upkeep]\n|upkeep\n|turn|5\n|inactive|the_ag_is_fake has 30 seconds left.\n|\n|t:|1776092749\n|move|p2a: Froslass|Protect|p2a: Froslass\n|-singleturn|p2a: Froslass|Protect\n|move|p1b: Aromatisse|Aromatic Mist|p1a: Goodra\n|-boost|p1a: Goodra|spd|1\n|move|p1a: Goodra|Shelter|p1a: Goodra\n|-boost|p1a: Goodra|def|2\n|move|p2b: Incineroar|Parting Shot|p1a: Goodra\n|-unboost|p1a: Goodra|atk|1\n|-unboost|p1a: Goodra|spa|1\n|\n|t:|1776092753\n|switch|p2b: Kommo-o|Kommo-o, L50, M|58/100|[from] Parting Shot\n|\n|-weather|Snowscape|[upkeep]\n|-heal|p2b: Kommo-o|64/100|[from] item: Leftovers\n|upkeep\n|turn|6\n|inactive|chickencharlamagne has 30 seconds left.\n|\n|t:|1776092781\n|switch|p1b: Scovillain|Scovillain-Mega, L50, M|100/100\n|switch|p2b: Incineroar|Incineroar, L50, M|74/100\n|-ability|p2b: Incineroar|Intimidate|boost\n|-unboost|p1a: Goodra|atk|1\n|-unboost|p1b: Scovillain|atk|1\n|move|p1a: Goodra|Shelter|p1a: Goodra\n|-boost|p1a: Goodra|def|2\n|move|p2a: Froslass|Blizzard|p1a: Goodra|[spread] p1a,p1b\n|-damage|p1a: Goodra|62/100\n|-damage|p1b: Scovillain|55/100\n|-status|p2a: Froslass|brn|[from] ability: Spicy Spray|[of] p1b: Scovillain\n|\n|-weather|Snowscape|[upkeep]\n|-damage|p2a: Froslass|94/100 brn|[from] brn\n|-fieldend|move: Trick Room\n|upkeep\n|turn|7\n|\n|t:|1776092805\n|move|p1b: Scovillain|Protect|p1b: Scovillain\n|-singleturn|p1b: Scovillain|Protect\n|move|p2b: Incineroar|Fake Out|p1b: Scovillain\n|-activate|p1b: Scovillain|move: Protect\n|move|p2a: Froslass|Blizzard|p1b: Scovillain|[spread] p1a\n|-activate|p1b: Scovillain|move: Protect\n|-damage|p1a: Goodra|47/100\n|move|p1a: Goodra|Body Press|p2b: Incineroar\n|-supereffective|p2b: Incineroar|1\n|-damage|p2b: Incineroar|0 fnt\n|faint|p2b: Incineroar\n|\n|-weather|none\n|-damage|p2a: Froslass|88/100 brn|[from] brn\n|upkeep\n|\n|t:|1776092811\n|switch|p2b: Kommo-o|Kommo-o, L50, M|64/100\n|turn|8\n|\n|t:|1776092823\n|switch|p2a: Kingambit|Kingambit, L50, M|100/100\n|move|p1b: Scovillain|Rage Powder|p1b: Scovillain\n|-singleturn|p1b: Scovillain|move: Rage Powder\n|move|p2b: Kommo-o|Clanging Scales|p1b: Scovillain|[spread] p1a,p1b\n|-damage|p1a: Goodra|35/100\n|-damage|p1b: Scovillain|24/100\n|-status|p2b: Kommo-o|brn|[from] ability: Spicy Spray|[of] p1b: Scovillain\n|-unboost|p2b: Kommo-o|def|1\n|move|p1a: Goodra|Rest|p1a: Goodra\n|-status|p1a: Goodra|slp|[from] move: Rest\n|-heal|p1a: Goodra|100/100 slp|[silent]\n|-enditem|p1a: Goodra|Chesto Berry|[eat]\n|-curestatus|p1a: Goodra|slp|[msg]\n|\n|-heal|p2b: Kommo-o|71/100 brn|[from] item: Leftovers\n|-damage|p2b: Kommo-o|64/100 brn|[from] brn\n|upkeep\n|turn|9\n|\n|t:|1776092844\n|switch|p2a: Froslass|Froslass-Mega, L50, F|88/100 brn\n|-weather|Snowscape|[from] ability: Snow Warning|[of] p2a: Froslass\n|move|p2b: Kommo-o|Clanging Scales|p1a: Goodra|[spread] p1a,p1b\n|-damage|p1a: Goodra|88/100\n|-damage|p1b: Scovillain|0 fnt\n|faint|p1b: Scovillain\n|-unboost|p2b: Kommo-o|def|1\n|move|p1a: Goodra|Body Press|p2b: Kommo-o\n|-damage|p2b: Kommo-o|0 fnt\n|faint|p2b: Kommo-o\n|\n|-weather|Snowscape|[upkeep]\n|-damage|p2a: Froslass|82/100 brn|[from] brn\n|upkeep\n|c|\u2606the_ag_is_fake|this is a super cool team, wp :)\n|\n|t:|1776092860\n|switch|p2b: Kingambit|Kingambit, L50, M|100/100\n|switch|p1b: Aromatisse|Aromatisse, L50, M, shiny|50/100\n|turn|10\n|inactive|the_ag_is_fake has 30 seconds left.\n|c|\u2606chickencharlamagne|goodra is a beast\n|c|\u2606chickencharlamagne|without life orb etc\n|inactive|the_ag_is_fake has 20 seconds left.\n|c|\u2606chickencharlamagne|nothing can touch it\n|inactive|the_ag_is_fake has 15 seconds left.\n|c|\u2606the_ag_is_fake|yeah for sure\n|inactive|the_ag_is_fake has 10 seconds left.\n|\n|t:|1776092908\n|move|p2b: Kingambit|Protect|p2b: Kingambit\n|-singleturn|p2b: Kingambit|Protect\n|move|p2a: Froslass|Blizzard|p1a: Goodra|[spread] p1a,p1b\n|-damage|p1a: Goodra|71/100\n|-damage|p1b: Aromatisse|15/100\n|move|p1a: Goodra|Body Press|p2b: Kingambit\n|-activate|p2b: Kingambit|move: Protect\n|move|p1b: Aromatisse|Trick Room|p1b: Aromatisse\n|-fieldstart|move: Trick Room|[of] p1b: Aromatisse\n|\n|-weather|Snowscape|[upkeep]\n|-damage|p2a: Froslass|76/100 brn|[from] brn\n|upkeep\n|turn|11\n|c|\u2606the_ag_is_fake|id assume shell armor?\n|\n|t:|1776092924\n|move|p2b: Kingambit|Sucker Punch|p1a: Goodra\n|-damage|p1a: Goodra|58/100\n|move|p1b: Aromatisse|Moonblast|p2a: Froslass\n|-damage|p2a: Froslass|37/100 brn\n|move|p1a: Goodra|Body Press|p2b: Kingambit\n|-supereffective|p2b: Kingambit|2\n|-damage|p2b: Kingambit|0 fnt\n|faint|p2b: Kingambit\n|move|p2a: Froslass|Blizzard|p1b: Aromatisse|[spread] p1a,p1b\n|-damage|p1a: Goodra|43/100\n|-damage|p1b: Aromatisse|0 fnt\n|faint|p1b: Aromatisse\n|\n|-weather|Snowscape|[upkeep]\n|-damage|p2a: Froslass|31/100 brn|[from] brn\n|upkeep\n|c|\u2606chickencharlamagne|yeh\n|c|\u2606chickencharlamagne|no chances\n|\n|t:|1776092937\n|switch|p1b: Incineroar|Incineroar, L50, M, shiny|82/100\n|-ability|p1b: Incineroar|Intimidate|boost\n|-unboost|p2a: Froslass|atk|1\n|turn|12\n|c|\u2606the_ag_is_fake|v fair, wp :)\n|\n|t:|1776092944\n|move|p1a: Goodra|Heavy Slam|p2a: Froslass\n|-supereffective|p2a: Froslass|1\n|-damage|p2a: Froslass|0 fnt\n|faint|p2a: Froslass\n|\n|win|chickencharlamagne\n|raw|chickencharlamagne's rating: 1310 &rarr; <strong>1332</strong><br />(+22 for winning)\n|raw|the_ag_is_fake's rating: 1338 &rarr; <strong>1316</strong><br />(-22 for losing)\n",
  "uploadtime": 1776092944,
  "views": 20,
  "formatid": "gen9championsvgc2026regma",
  "rating": 1316,
  "private": 0,
  "password": null
}