{
  "id": "gen9championsvgc2026regma-2585224540",
  "format": "[Gen 9 Champions] VGC 2026 Reg M-A",
  "players": [
    "loklastaji",
    "Priceless_1"
  ],
  "log": "|j|\u2606loklastaji\n|j|\u2606Priceless_1\n|t:|1776327040\n|gametype|doubles\n|player|p1|loklastaji|102|1230\n|player|p2|Priceless_1|shadowtriad|1164\n|gen|9\n|tier|[Gen 9 Champions] VGC 2026 Reg M-A\n|rated|\n|rule|Species Clause: Limit one of each Pok\u00e9mon\n|rule|Item Clause: Limit 1 of each item\n|clearpoke\n|poke|p1|Samurott-Hisui, L50, F|\n|poke|p1|Delphox, L50, F|\n|poke|p1|Tinkaton, L50, F|\n|poke|p1|Decidueye-Hisui, L50, M|\n|poke|p1|Dragonite, L50, F|\n|poke|p1|Farigiraf, L50, F|\n|poke|p2|Pelipper, L50, M|\n|poke|p2|Dragonite, L50, M|\n|poke|p2|Incineroar, L50, M|\n|poke|p2|Sableye, L50, M|\n|poke|p2|Basculegion, L50, M|\n|poke|p2|Palafin, L50, M|\n|teampreview|4\n|inactive|Battle timer is ON: inactive players will automatically lose when time's up. (requested by Priceless_1)\n|inactive|loklastaji has 60 seconds left.\n|inactive|Priceless_1 has 60 seconds left.\n|inactive|loklastaji has 30 seconds left.\n|\n|t:|1776327106\n|teamsize|p1|4\n|teamsize|p2|4\n|start\n|switch|p1a: Decidueye|Decidueye-Hisui, L50, M|100/100\n|switch|p1b: Farigiraf|Farigiraf, L50, F|100/100\n|switch|p2a: Basculegion|Basculegion, L50, M|100/100\n|switch|p2b: Sableye|Sableye, L50, M, shiny|100/100\n|turn|1\n|\n|t:|1776327129\n|move|p2a: Basculegion|Protect|p2a: Basculegion\n|-singleturn|p2a: Basculegion|Protect\n|move|p2b: Sableye|Will-O-Wisp||[still]\n|cant|p1b: Farigiraf|ability: Armor Tail|Will-O-Wisp|[of] p2b: Sableye\n|move|p1a: Decidueye|Leaf Blade|p2a: Basculegion\n|-activate|p2a: Basculegion|move: Protect\n|move|p1b: Farigiraf|Psychic Terrain|p1b: Farigiraf\n|-fieldstart|move: Psychic Terrain\n|\n|upkeep\n|turn|2\n|inactive|loklastaji has 30 seconds left.\n|\n|t:|1776327160\n|switch|p2a: Incineroar|Incineroar, L50, M, shiny|100/100\n|-ability|p2a: Incineroar|Intimidate|boost\n|-fail|p1a: Decidueye|unboost|Attack|[from] ability: Scrappy|[of] p1a: Decidueye\n|-unboost|p1b: Farigiraf|atk|1\n|move|p2b: Sableye|Rain Dance|p2b: Sableye\n|-weather|RainDance\n|move|p1a: Decidueye|Leaf Blade|p2b: Sableye\n|-damage|p2b: Sableye|41/100\n|move|p1b: Farigiraf|Expanding Force|p2b: Sableye|[spread] \n|-immune|p2a: Incineroar\n|-immune|p2b: Sableye\n|\n|-weather|RainDance|[upkeep]\n|upkeep\n|turn|3\n|inactive|loklastaji has 30 seconds left.\n|inactive|Priceless_1 has 30 seconds left.\n|\n|t:|1776327189\n|switch|p1a: Samurott|Samurott-Hisui, L50, F|100/100\n|move|p2b: Sableye|Will-O-Wisp||[still]\n|cant|p1b: Farigiraf|ability: Armor Tail|Will-O-Wisp|[of] p2b: Sableye\n|move|p2a: Incineroar|Darkest Lariat|p1b: Farigiraf\n|-supereffective|p1b: Farigiraf|1\n|-enditem|p1b: Farigiraf|Colbur Berry|[eat]\n|-enditem|p1b: Farigiraf|Colbur Berry|[weaken]\n|-damage|p1b: Farigiraf|67/100\n|move|p1b: Farigiraf|Hyper Voice|p2b: Sableye|[spread] p2a\n|-immune|p2b: Sableye\n|-damage|p2a: Incineroar|67/100\n|\n|-weather|RainDance|[upkeep]\n|upkeep\n|turn|4\n|inactive|loklastaji has 30 seconds left.\n|inactive|Priceless_1 has 30 seconds left.\n|inactive|loklastaji has 20 seconds left.\n|\n|t:|1776327226\n|switch|p2b: Dragonite|Dragonite, L50, M, shiny|100/100\n|move|p1a: Samurott|Aqua Cutter|p2b: Dragonite\n|-resisted|p2b: Dragonite|1\n|-damage|p2b: Dragonite|77/100\n|move|p2a: Incineroar|Darkest Lariat|p1b: Farigiraf\n|-supereffective|p1b: Farigiraf|1\n|-damage|p1b: Farigiraf|0 fnt\n|faint|p1b: Farigiraf\n|\n|-weather|RainDance|[upkeep]\n|upkeep\n|\n|t:|1776327246\n|switch|p1b: Tinkaton|Tinkaton, L50, F|100/100\n|-ability|p1b: Tinkaton|Mold Breaker\n|turn|5\n|inactive|loklastaji has 30 seconds left.\n|\n|t:|1776327271\n|detailschange|p2b: Dragonite|Dragonite-Mega, L50, M, shiny\n|-mega|p2b: Dragonite|Dragonite|Dragoninite\n|move|p1b: Tinkaton|Fake Out|p2b: Dragonite\n|-hint|Psychic Terrain doesn't affect airborne Pok\u00e9mon.\n|-damage|p2b: Dragonite|67/100\n|cant|p2b: Dragonite|flinch\n|move|p1a: Samurott|Ceaseless Edge|p2b: Dragonite\n|-damage|p2b: Dragonite|18/100\n|-sidestart|p2: Priceless_1|Spikes\n|move|p2a: Incineroar|Parting Shot|p1b: Tinkaton\n|-unboost|p1b: Tinkaton|atk|1\n|-unboost|p1b: Tinkaton|spa|1\n|\n|t:|1776327282\n|switch|p2a: Basculegion|Basculegion, L50, M|100/100|[from] Parting Shot\n|-damage|p2a: Basculegion|88/100|[from] Spikes\n|\n|-weather|RainDance|[upkeep]\n|-fieldend|move: Psychic Terrain\n|upkeep\n|turn|6\n|\n|t:|1776327297\n|move|p1a: Samurott|Sucker Punch|p2a: Basculegion\n|-supereffective|p2a: Basculegion|1\n|-damage|p2a: Basculegion|4/100\n|move|p2a: Basculegion|Wave Crash|p1b: Tinkaton\n|-damage|p1b: Tinkaton|0 fnt\n|faint|p1b: Tinkaton\n|-damage|p2a: Basculegion|0 fnt|[from] Recoil\n|faint|p2a: Basculegion\n|move|p2b: Dragonite|Thunder|p1a: Samurott\n|-supereffective|p1a: Samurott|1\n|-damage|p1a: Samurott|0 fnt\n|faint|p1a: Samurott\n|\n|-weather|none\n|upkeep\n|\n|t:|1776327314\n|switch|p1b: Decidueye|Decidueye-Hisui, L50, M|100/100\n|switch|p2a: Sableye|Sableye, L50, M, shiny|41/100\n|-damage|p2a: Sableye|29/100|[from] Spikes\n|turn|7\n|\n|t:|1776327325\n|move|p2a: Sableye|Fake Out|p1b: Decidueye\n|-damage|p1b: Decidueye|91/100\n|cant|p1b: Decidueye|flinch\n|move|p2b: Dragonite|Ice Beam|p1b: Decidueye\n|-supereffective|p1b: Decidueye|1\n|-damage|p1b: Decidueye|8/100\n|\n|upkeep\n|turn|8\n|\n|t:|1776327334\n|move|p2b: Dragonite|Protect|p2b: Dragonite\n|-singleturn|p2b: Dragonite|Protect\n|move|p2a: Sableye|Will-O-Wisp|p1b: Decidueye\n|-status|p1b: Decidueye|brn\n|move|p1b: Decidueye|Close Combat|p2b: Dragonite\n|-activate|p2b: Dragonite|move: Protect\n|\n|-damage|p1b: Decidueye|2/100 brn|[from] brn\n|upkeep\n|turn|9\n|\n|t:|1776327351\n|switch|p2b: Incineroar|Incineroar, L50, M, shiny|67/100\n|-damage|p2b: Incineroar|55/100|[from] Spikes\n|-ability|p2b: Incineroar|Intimidate|boost\n|-fail|p1b: Decidueye|unboost|Attack|[from] ability: Scrappy|[of] p1b: Decidueye\n|move|p2a: Sableye|Encore|p1b: Decidueye\n|-start|p1b: Decidueye|Encore\n|move|p1b: Decidueye|Close Combat|p2a: Sableye\n|-supereffective|p2a: Sableye|1\n|-damage|p2a: Sableye|0 fnt\n|-unboost|p1b: Decidueye|def|1\n|-unboost|p1b: Decidueye|spd|1\n|faint|p2a: Sableye\n|\n|-damage|p1b: Decidueye|0 fnt|[from] brn\n|faint|p1b: Decidueye\n|\n|win|Priceless_1\n|raw|loklastaji's rating: 1230 &rarr; <strong>1200</strong><br />(-30 for losing)\n|raw|Priceless_1's rating: 1164 &rarr; <strong>1194</strong><br />(+30 for winning)\n",
  "uploadtime": 1776327368,
  "views": 22,
  "formatid": "gen9championsvgc2026regma",
  "rating": 1194,
  "private": 0,
  "password": null
}