{
  "id": "gen9championsvgc2026regma-2582187843",
  "format": "[Gen 9 Champions] VGC 2026 Reg M-A",
  "players": [
    "sjysjysjy6",
    "aguante colo"
  ],
  "log": "|j|\u2606sjysjysjy6\n|j|\u2606aguante colo\n|t:|1776069051\n|gametype|doubles\n|player|p1|sjysjysjy6|170|1061\n|player|p2|aguante colo|265|1056\n|gen|9\n|tier|[Gen 9 Champions] VGC 2026 Reg M-A\n|rated|\n|rule|Species Clause: Limit one of each Pok\u00e9mon\n|rule|Item Clause: Limit 1 of each item\n|clearpoke\n|poke|p1|Gengar, L50, M|\n|poke|p1|Garchomp, L50, M|\n|poke|p1|Whimsicott, L50, M|\n|poke|p1|Kingambit, L50, F|\n|poke|p1|Rotom-Wash, L50|\n|poke|p1|Delphox, L50, M|\n|poke|p2|Charizard, L50, M|\n|poke|p2|Whimsicott, L50, F|\n|poke|p2|Kingambit, L50, M|\n|poke|p2|Garchomp, L50, M|\n|poke|p2|Gengar, L50, M|\n|poke|p2|Incineroar, L50, F|\n|teampreview|4\n|inactive|Battle timer is ON: inactive players will automatically lose when time's up. (requested by aguante colo)\n|inactive|sjysjysjy6 has 60 seconds left.\n|\n|t:|1776069096\n|teamsize|p1|4\n|teamsize|p2|4\n|start\n|switch|p1a: Whimsicott|Whimsicott, L50, M|100/100\n|switch|p1b: Delphox|Delphox, L50, M|100/100\n|switch|p2a: Whimsicott|Whimsicott, L50, F|100/100\n|switch|p2b: Garchomp|Garchomp, L50, M|100/100\n|turn|1\n|inactive|aguante colo has 30 seconds left.\n|inactive|aguante colo has 20 seconds left.\n|inactive|aguante colo has 15 seconds left.\n|\n|t:|1776069136\n|detailschange|p1b: Delphox|Delphox-Mega, L50, M\n|-mega|p1b: Delphox|Delphox|Delphoxite\n|detailschange|p2b: Garchomp|Garchomp-Mega, L50, M\n|-mega|p2b: Garchomp|Garchomp|Garchompite\n|move|p1a: Whimsicott|Tailwind|p1a: Whimsicott\n|-sidestart|p1: sjysjysjy6|move: Tailwind\n|move|p2a: Whimsicott|Tailwind|p2a: Whimsicott\n|-sidestart|p2: aguante colo|move: Tailwind\n|move|p1b: Delphox|Heat Wave|p2a: Whimsicott|[spread] p2b\n|-miss|p1b: Delphox|p2a: Whimsicott\n|-resisted|p2b: Garchomp|1\n|-damage|p2b: Garchomp|78/100\n|move|p2b: Garchomp|Earthquake|p1a: Whimsicott|[spread] p2a,p1a\n|-immune|p1b: Delphox|[from] ability: Levitate\n|-resisted|p2a: Whimsicott|1\n|-resisted|p1a: Whimsicott|1\n|-damage|p2a: Whimsicott|78/100\n|-damage|p1a: Whimsicott|63/100\n|\n|upkeep\n|turn|2\n|inactive|sjysjysjy6 has 30 seconds left.\n|inactive|aguante colo has 30 seconds left.\n|\n|t:|1776069172\n|move|p2a: Whimsicott|Encore|p1a: Whimsicott\n|-start|p1a: Whimsicott|Encore\n|move|p1a: Whimsicott|Tailwind||[still]\n|-fail|p1a: Whimsicott\n|move|p1b: Delphox|Heat Wave|p2a: Whimsicott|[spread] p2b\n|-miss|p1b: Delphox|p2a: Whimsicott\n|-resisted|p2b: Garchomp|1\n|-damage|p2b: Garchomp|57/100\n|move|p2b: Garchomp|Dragon Claw|p1b: Delphox\n|-damage|p1b: Delphox|11/100\n|\n|upkeep\n|turn|3\n|\n|t:|1776069188\n|switch|p1a: Garchomp|Garchomp, L50, M|100/100\n|switch|p2a: Incineroar|Incineroar, L50, F|100/100\n|-ability|p2a: Incineroar|Intimidate|boost\n|-unboost|p1a: Garchomp|atk|1\n|-unboost|p1b: Delphox|atk|1\n|move|p1b: Delphox|Protect|p1b: Delphox\n|-singleturn|p1b: Delphox|Protect\n|move|p2b: Garchomp|Rock Slide|p1a: Garchomp|[spread] p1a\n|-activate|p1b: Delphox|move: Protect\n|-resisted|p1a: Garchomp|1\n|-damage|p1a: Garchomp|87/100\n|\n|-heal|p1a: Garchomp|93/100|[from] item: Leftovers\n|upkeep\n|turn|4\n|inactive|sjysjysjy6 has 30 seconds left.\n|\n|t:|1776069214\n|switch|p1b: Whimsicott|Whimsicott, L50, M|63/100\n|move|p1a: Garchomp|Protect|p1a: Garchomp\n|-singleturn|p1a: Garchomp|Protect\n|move|p2a: Incineroar|Fake Out|p1b: Whimsicott\n|-damage|p1b: Whimsicott|48/100\n|move|p2b: Garchomp|Dragon Claw|p1a: Garchomp\n|-activate|p1a: Garchomp|move: Protect\n|\n|-heal|p1a: Garchomp|99/100|[from] item: Leftovers\n|-sideend|p2: aguante colo|move: Tailwind\n|-sideend|p1: sjysjysjy6|move: Tailwind\n|upkeep\n|turn|5\n|\n|t:|1776069233\n|switch|p1a: Delphox|Delphox-Mega, L50, M|11/100\n|move|p2b: Garchomp|Protect|p2b: Garchomp\n|-singleturn|p2b: Garchomp|Protect\n|move|p1b: Whimsicott|Moonblast|p2b: Garchomp\n|-activate|p2b: Garchomp|move: Protect\n|move|p2a: Incineroar|Flare Blitz|p1b: Whimsicott\n|-supereffective|p1b: Whimsicott|1\n|-damage|p1b: Whimsicott|0 fnt\n|faint|p1b: Whimsicott\n|-damage|p2a: Incineroar|90/100|[from] Recoil\n|\n|-heal|p2a: Incineroar|96/100|[from] item: Leftovers\n|upkeep\n|\n|t:|1776069242\n|switch|p1b: Garchomp|Garchomp, L50, M|99/100\n|turn|6\n|\n|t:|1776069261\n|move|p1a: Delphox|Psychic|p2b: Garchomp\n|-crit|p2b: Garchomp\n|-damage|p2b: Garchomp|0 fnt\n|faint|p2b: Garchomp\n|move|p1b: Garchomp|Earthquake|p2a: Incineroar|[spread] p2a\n|-immune|p1a: Delphox|[from] ability: Levitate\n|-supereffective|p2a: Incineroar|1\n|-damage|p2a: Incineroar|21/100\n|move|p2a: Incineroar|Parting Shot|p1a: Delphox\n|-unboost|p1a: Delphox|atk|1\n|-unboost|p1a: Delphox|spa|1\n|\n|t:|1776069279\n|switch|p2a: Whimsicott|Whimsicott, L50, F|78/100|[from] Parting Shot\n|\n|-heal|p1b: Garchomp|100/100|[from] item: Leftovers\n|upkeep\n|\n|t:|1776069288\n|switch|p2b: Kingambit|Kingambit, L50, M|100/100\n|turn|7\n|inactive|sjysjysjy6 has 30 seconds left.\n|\n|t:|1776069317\n|move|p1a: Delphox|Protect|p1a: Delphox\n|-singleturn|p1a: Delphox|Protect\n|move|p1b: Garchomp|Protect|p1b: Garchomp\n|-singleturn|p1b: Garchomp|Protect\n|move|p2b: Kingambit|Protect|p2b: Kingambit\n|-singleturn|p2b: Kingambit|Protect\n|move|p2a: Whimsicott|Tailwind|p2a: Whimsicott\n|-sidestart|p2: aguante colo|move: Tailwind\n|\n|upkeep\n|turn|8\n|\n|t:|1776069337\n|switch|p1b: Kingambit|Kingambit, L50, F|100/100\n|move|p2a: Whimsicott|Encore|p1b: Kingambit\n|-hint|Since gen 7, Dark is immune to Prankster moves.\n|-immune|p1b: Kingambit\n|move|p2b: Kingambit|Sucker Punch||[still]\n|-fail|p2b: Kingambit\n|move|p1a: Delphox|Encore|p2b: Kingambit\n|-start|p2b: Kingambit|Encore\n|\n|upkeep\n|turn|9\n|inactive|sjysjysjy6 has 30 seconds left.\n|\n|t:|1776069363\n|switch|p1a: Garchomp|Garchomp, L50, M|100/100\n|switch|p2b: Incineroar|Incineroar, L50, F|21/100\n|-ability|p2b: Incineroar|Intimidate|boost\n|-unboost|p1a: Garchomp|atk|1\n|-unboost|p1b: Kingambit|atk|1\n|-ability|p1b: Kingambit|Defiant|boost\n|-boost|p1b: Kingambit|atk|2\n|move|p2a: Whimsicott|Moonblast|p1a: Garchomp\n|-supereffective|p1a: Garchomp|1\n|-damage|p1a: Garchomp|42/100\n|move|p1b: Kingambit|Low Kick|p2b: Incineroar\n|-supereffective|p2b: Incineroar|1\n|-damage|p2b: Incineroar|0 fnt\n|faint|p2b: Incineroar\n|\n|-heal|p1a: Garchomp|48/100|[from] item: Leftovers\n|upkeep\n|\n|t:|1776069377\n|switch|p2b: Kingambit|Kingambit, L50, M|100/100\n|turn|10\n|\n|t:|1776069387\n|move|p1a: Garchomp|Protect|p1a: Garchomp\n|-singleturn|p1a: Garchomp|Protect\n|move|p2a: Whimsicott|Moonblast|p1a: Garchomp\n|-activate|p1a: Garchomp|move: Protect\n|move|p2b: Kingambit|Swords Dance|p2b: Kingambit\n|-boost|p2b: Kingambit|atk|2\n|move|p1b: Kingambit|Low Kick|p2b: Kingambit\n|-supereffective|p2b: Kingambit|2\n|-enditem|p2b: Kingambit|Chople Berry|[eat]\n|-enditem|p2b: Kingambit|Chople Berry|[weaken]\n|-damage|p2b: Kingambit|10/100\n|\n|-heal|p1a: Garchomp|54/100|[from] item: Leftovers\n|-sideend|p2: aguante colo|move: Tailwind\n|upkeep\n|turn|11\n|\n|t:|1776069410\n|move|p2b: Kingambit|Sucker Punch|p1b: Kingambit\n|-resisted|p1b: Kingambit|1\n|-damage|p1b: Kingambit|68/100\n|move|p1a: Garchomp|Dragon Claw|p2b: Kingambit\n|-resisted|p2b: Kingambit|1\n|-damage|p2b: Kingambit|0 fnt\n|faint|p2b: Kingambit\n|move|p2a: Whimsicott|Moonblast|p1a: Garchomp\n|-supereffective|p1a: Garchomp|1\n|-damage|p1a: Garchomp|0 fnt\n|faint|p1a: Garchomp\n|move|p1b: Kingambit|Iron Head|p2a: Whimsicott\n|-supereffective|p2a: Whimsicott|1\n|-damage|p2a: Whimsicott|0 fnt\n|faint|p2a: Whimsicott\n|\n|win|sjysjysjy6\n|raw|sjysjysjy6's rating: 1061 &rarr; <strong>1091</strong><br />(+30 for winning)\n|raw|aguante colo's rating: 1056 &rarr; <strong>1038</strong><br />(-18 for losing)\n|l|\u2606aguante colo\n|player|p2|\n",
  "uploadtime": 1776069422,
  "views": 13,
  "formatid": "gen9championsvgc2026regma",
  "rating": 1038,
  "private": 0,
  "password": null
}