{
  "id": "gen9championsvgc2026regma-2587644777",
  "format": "[Gen 9 Champions] VGC 2026 Reg M-A",
  "players": [
    "KennarDH",
    "dawod"
  ],
  "log": "|j|\u2606KennarDH\n|j|\u2606dawod\n|t:|1776549907\n|gametype|doubles\n|player|p1|KennarDH|rocketgruntf|1304\n|player|p2|dawod|crasherwake|1204\n|gen|9\n|tier|[Gen 9 Champions] VGC 2026 Reg M-A\n|rated|\n|rule|Species Clause: Limit one of each Pok\u00e9mon\n|rule|Item Clause: Limit 1 of each item\n|clearpoke\n|poke|p1|Froslass, L50, F|\n|poke|p1|Glaceon, L50, F|\n|poke|p1|Slowking, L50, M|\n|poke|p1|Raichu-Alola, L50, M|\n|poke|p1|Quaquaval, L50, M|\n|poke|p1|Kangaskhan, L50, F|\n|poke|p2|Glimmora, L50, F|\n|poke|p2|Incineroar, L50, M|\n|poke|p2|Aerodactyl, L50, F|\n|poke|p2|Tyranitar, L50, M|\n|poke|p2|Rotom-Wash, L50|\n|poke|p2|Garchomp, L50, M|\n|teampreview|4\n|\n|t:|1776549938\n|teamsize|p1|4\n|teamsize|p2|4\n|start\n|switch|p1a: Quaquaval|Quaquaval, L50, M|100/100\n|switch|p1b: Kangaskhan|Kangaskhan, L50, F|100/100\n|switch|p2a: Incineroar|Incineroar, L50, M|100/100\n|switch|p2b: Rotom|Rotom-Wash, L50|100/100\n|-ability|p2a: Incineroar|Intimidate|boost\n|-unboost|p1a: Quaquaval|atk|1\n|-unboost|p1b: Kangaskhan|atk|1\n|-enditem|p1a: Quaquaval|White Herb\n|-clearnegativeboost|p1a: Quaquaval|[silent]\n|turn|1\n|\n|t:|1776549967\n|move|p1b: Kangaskhan|Fake Out|p2b: Rotom\n|-damage|p2b: Rotom|87/100\n|move|p2a: Incineroar|Fake Out|p1a: Quaquaval\n|-damage|p1a: Quaquaval|85/100\n|cant|p1a: Quaquaval|flinch\n|cant|p2b: Rotom|flinch\n|\n|-heal|p2b: Rotom|93/100|[from] item: Leftovers\n|upkeep\n|turn|2\n|\n|t:|1776549987\n|switch|p2a: Garchomp|Garchomp, L50, M|100/100\n|detailschange|p1b: Kangaskhan|Kangaskhan-Mega, L50, F\n|-mega|p1b: Kangaskhan|Kangaskhan|Kangaskhanite\n|move|p1a: Quaquaval|Protect|p1a: Quaquaval\n|-singleturn|p1a: Quaquaval|Protect\n|move|p1b: Kangaskhan|Last Resort|p2b: Rotom\n|-damage|p2b: Rotom|43/100\n|-damage|p2b: Rotom|30/100\n|-hitcount|p2b: Rotom|2\n|move|p2b: Rotom|Will-O-Wisp|p1b: Kangaskhan\n|-status|p1b: Kangaskhan|brn\n|\n|-heal|p2b: Rotom|36/100|[from] item: Leftovers\n|-damage|p1b: Kangaskhan|94/100 brn|[from] brn\n|upkeep\n|turn|3\n|\n|t:|1776550008\n|switch|p2b: Incineroar|Incineroar, L50, M|100/100\n|-ability|p2b: Incineroar|Intimidate|boost\n|-unboost|p1a: Quaquaval|atk|1\n|-unboost|p1b: Kangaskhan|atk|1\n|move|p2a: Garchomp|Protect|p2a: Garchomp\n|-singleturn|p2a: Garchomp|Protect\n|move|p1a: Quaquaval|Aqua Step|p2a: Garchomp\n|-activate|p2a: Garchomp|move: Protect\n|move|p1b: Kangaskhan|Last Resort|p2b: Incineroar\n|-damage|p2b: Incineroar|81/100\n|-damage|p2b: Incineroar|77/100\n|-hitcount|p2b: Incineroar|2\n|\n|-damage|p1b: Kangaskhan|88/100 brn|[from] brn\n|upkeep\n|turn|4\n|\n|t:|1776550035\n|switch|p1b: Glaceon|Glaceon, L50, F|100/100\n|move|p1a: Quaquaval|Protect|p1a: Quaquaval\n|-singleturn|p1a: Quaquaval|Protect\n|move|p2b: Incineroar|Fake Out|p1b: Glaceon\n|-damage|p1b: Glaceon|89/100\n|move|p2a: Garchomp|Stomping Tantrum|p1a: Quaquaval\n|-activate|p1a: Quaquaval|move: Protect\n|\n|-heal|p1b: Glaceon|95/100|[from] item: Leftovers\n|upkeep\n|turn|5\n|\n|t:|1776550052\n|switch|p2b: Rotom|Rotom-Wash, L50|36/100\n|move|p2a: Garchomp|Earthquake|p1a: Quaquaval|[spread] p1a,p1b\n|-immune|p2b: Rotom|[from] ability: Levitate\n|-damage|p1a: Quaquaval|39/100\n|-damage|p1b: Glaceon|59/100\n|move|p1a: Quaquaval|Aqua Step|p2b: Rotom\n|-resisted|p2b: Rotom|1\n|-damage|p2b: Rotom|23/100\n|-boost|p1a: Quaquaval|spe|1\n|move|p1b: Glaceon|Freeze-Dry|p2a: Garchomp\n|-supereffective|p2a: Garchomp|2\n|-damage|p2a: Garchomp|0 fnt\n|faint|p2a: Garchomp\n|\n|-heal|p2b: Rotom|29/100|[from] item: Leftovers\n|-heal|p1b: Glaceon|64/100|[from] item: Leftovers\n|upkeep\n|\n|t:|1776550065\n|switch|p2a: Tyranitar|Tyranitar, L50, M|100/100\n|-weather|Sandstorm|[from] ability: Sand Stream|[of] p2a: Tyranitar\n|turn|6\n|\n|t:|1776550079\n|move|p1a: Quaquaval|Close Combat|p2a: Tyranitar\n|-supereffective|p2a: Tyranitar|2\n|-enditem|p2a: Tyranitar|Chople Berry|[eat]\n|-enditem|p2a: Tyranitar|Chople Berry|[weaken]\n|-damage|p2a: Tyranitar|45/100\n|-unboost|p1a: Quaquaval|def|1\n|-unboost|p1a: Quaquaval|spd|1\n|move|p2b: Rotom|Volt Switch|p1a: Quaquaval\n|-supereffective|p1a: Quaquaval|1\n|-damage|p1a: Quaquaval|0 fnt\n|faint|p1a: Quaquaval\n|\n|t:|1776550089\n|switch|p2b: Incineroar|Incineroar, L50, M|77/100|[from] Volt Switch\n|-ability|p2b: Incineroar|Intimidate|boost\n|-unboost|p1b: Glaceon|atk|1\n|move|p2a: Tyranitar|Rock Slide|p1b: Glaceon\n|-supereffective|p1b: Glaceon|1\n|-damage|p1b: Glaceon|2/100\n|move|p1b: Glaceon|Freeze-Dry|p2b: Incineroar\n|-resisted|p2b: Incineroar|1\n|-damage|p2b: Incineroar|60/100\n|\n|-weather|Sandstorm|[upkeep]\n|-damage|p2b: Incineroar|54/100|[from] Sandstorm\n|-damage|p1b: Glaceon|0 fnt|[from] Sandstorm\n|faint|p1b: Glaceon\n|upkeep\n|\n|t:|1776550102\n|switch|p1a: Raichu|Raichu-Alola, L50, M|100/100\n|switch|p1b: Kangaskhan|Kangaskhan-Mega, L50, F|88/100 brn\n|turn|7\n|\n|t:|1776550117\n|move|p2a: Tyranitar|Protect|p2a: Tyranitar\n|-singleturn|p2a: Tyranitar|Protect\n|move|p1a: Raichu|Fake Out|p2b: Incineroar\n|-damage|p2b: Incineroar|46/100\n|-enditem|p2b: Incineroar|Sitrus Berry|[eat]\n|-heal|p2b: Incineroar|70/100|[from] item: Sitrus Berry\n|move|p1b: Kangaskhan|Fake Out|p2a: Tyranitar\n|-activate|p2a: Tyranitar|move: Protect\n|cant|p2b: Incineroar|flinch\n|\n|-weather|Sandstorm|[upkeep]\n|-damage|p1a: Raichu|95/100|[from] Sandstorm\n|-damage|p1b: Kangaskhan|82/100 brn|[from] Sandstorm\n|-damage|p2b: Incineroar|64/100|[from] Sandstorm\n|-damage|p1b: Kangaskhan|76/100 brn|[from] brn\n|upkeep\n|turn|8\n|\n|t:|1776550135\n|move|p1a: Raichu|Volt Switch|p2b: Incineroar\n|-damage|p2b: Incineroar|35/100\n|move|p1b: Kangaskhan|Last Resort|p2b: Incineroar\n|-damage|p2b: Incineroar|0 fnt\n|faint|p2b: Incineroar\n|-hitcount|p2: Incineroar|1\n|move|p2a: Tyranitar|Rock Slide|p1b: Kangaskhan|[spread] p1b\n|-miss|p2a: Tyranitar|p1a: Raichu\n|-damage|p1b: Kangaskhan|53/100 brn\n|\n|-weather|Sandstorm|[upkeep]\n|-damage|p1a: Raichu|89/100|[from] Sandstorm\n|-damage|p1b: Kangaskhan|47/100 brn|[from] Sandstorm\n|-damage|p1b: Kangaskhan|41/100 brn|[from] brn\n|upkeep\n|\n|t:|1776550146\n|switch|p2b: Rotom|Rotom-Wash, L50|29/100\n|turn|9\n|\n|t:|1776550159\n|move|p1a: Raichu|Volt Switch|p2a: Tyranitar\n|-damage|p2a: Tyranitar|28/100\n|move|p1b: Kangaskhan|Last Resort|p2a: Tyranitar\n|-resisted|p2a: Tyranitar|1\n|-damage|p2a: Tyranitar|13/100\n|-resisted|p2a: Tyranitar|1\n|-damage|p2a: Tyranitar|10/100\n|-hitcount|p2a: Tyranitar|2\n|move|p2b: Rotom|Hydro Pump|p1b: Kangaskhan|[miss]\n|-miss|p2b: Rotom|p1b: Kangaskhan\n|move|p2a: Tyranitar|Knock Off|p1a: Raichu\n|-supereffective|p1a: Raichu|1\n|-damage|p1a: Raichu|0 fnt\n|-enditem|p1a: Raichu|Focus Sash|[from] move: Knock Off|[of] p2a: Tyranitar\n|faint|p1a: Raichu\n|\n|-weather|Sandstorm|[upkeep]\n|-damage|p1b: Kangaskhan|34/100 brn|[from] Sandstorm\n|-damage|p2b: Rotom|23/100|[from] Sandstorm\n|-heal|p2b: Rotom|29/100|[from] item: Leftovers\n|-damage|p1b: Kangaskhan|28/100 brn|[from] brn\n|upkeep\n|turn|10\n|\n|t:|1776550179\n|move|p2b: Rotom|Protect|p2b: Rotom\n|-singleturn|p2b: Rotom|Protect\n|move|p2a: Tyranitar|Protect|p2a: Tyranitar\n|-singleturn|p2a: Tyranitar|Protect\n|move|p1b: Kangaskhan|Last Resort|p2b: Rotom\n|-activate|p2b: Rotom|move: Protect\n|\n|-weather|none\n|-heal|p2b: Rotom|34/100|[from] item: Leftovers\n|-damage|p1b: Kangaskhan|22/100 brn|[from] brn\n|upkeep\n|turn|11\n|-message|KennarDH forfeited.\n|\n|win|dawod\n|raw|KennarDH's rating: 1304 &rarr; <strong>1278</strong><br />(-26 for losing)\n|raw|dawod's rating: 1204 &rarr; <strong>1236</strong><br />(+32 for winning)\n",
  "uploadtime": 1776550190,
  "views": 25,
  "formatid": "gen9championsvgc2026regma",
  "rating": 1236,
  "private": 0,
  "password": null
}