{
  "id": "gen9championsvgc2026regma-2588645695",
  "format": "[Gen 9 Champions] VGC 2026 Reg M-A",
  "players": [
    "halcony",
    "aroswing"
  ],
  "log": "|j|\u2606halcony\n|j|\u2606aroswing\n|t:|1776653359\n|gametype|doubles\n|player|p1|halcony|169|1231\n|player|p2|aroswing|marnie|1304\n|gen|9\n|tier|[Gen 9 Champions] VGC 2026 Reg M-A\n|rated|\n|rule|Species Clause: Limit one of each Pok\u00e9mon\n|rule|Item Clause: Limit 1 of each item\n|clearpoke\n|poke|p1|Meganium, L50, F|\n|poke|p1|Pelipper, L50, F|\n|poke|p1|Basculegion, L50, M|\n|poke|p1|Archaludon, L50, F|\n|poke|p1|Sneasler, L50, M|\n|poke|p1|Incineroar, L50, F|\n|poke|p2|Toxicroak, L50, M|\n|poke|p2|Pelipper, L50, M|\n|poke|p2|Blastoise, L50, M|\n|poke|p2|Sinistcha, L50|\n|poke|p2|Archaludon, L50, M|\n|poke|p2|Dragonite, L50, M|\n|teampreview|4\n|inactive|Battle timer is ON: inactive players will automatically lose when time's up. (requested by aroswing)\n|inactive|halcony has 60 seconds left.\n|inactive|aroswing has 60 seconds left.\n|\n|t:|1776653404\n|teamsize|p1|4\n|teamsize|p2|4\n|start\n|switch|p1a: Sneasler|Sneasler, L50, M|100/100\n|switch|p1b: Basculegion|Basculegion, L50, M|100/100\n|switch|p2a: Dragonite|Dragonite, L50, M|100/100\n|switch|p2b: Toxicroak|Toxicroak, L50, M|100/100\n|turn|1\n|\n|t:|1776653423\n|move|p1a: Sneasler|Fake Out|p2a: Dragonite\n|-damage|p2a: Dragonite|86/100\n|move|p2a: Dragonite|Tailwind|p2a: Dragonite\n|-sidestart|p2: aroswing|move: Tailwind\n|move|p2b: Toxicroak|Cross Poison|p1b: Basculegion\n|-resisted|p1b: Basculegion|1\n|-damage|p1b: Basculegion|82/100\n|move|p1b: Basculegion|Flip Turn|p2a: Dragonite\n|-resisted|p2a: Dragonite|1\n|-damage|p2a: Dragonite|70/100\n|\n|t:|1776653436\n|switch|p1b: Archaludon|Archaludon, L50, F|100/100|[from] Flip Turn\n|\n|upkeep\n|turn|2\n|\n|t:|1776653448\n|detailschange|p2a: Dragonite|Dragonite-Mega, L50, M\n|-mega|p2a: Dragonite|Dragonite|Dragoninite\n|move|p2a: Dragonite|Hurricane|p1a: Sneasler\n|-supereffective|p1a: Sneasler|1\n|-enditem|p1a: Sneasler|Focus Sash\n|-damage|p1a: Sneasler|1/100\n|move|p1a: Sneasler|Dire Claw|p2a: Dragonite\n|-damage|p2a: Dragonite|31/100\n|move|p2b: Toxicroak|Close Combat|p1b: Archaludon\n|-supereffective|p1b: Archaludon|1\n|-damage|p1b: Archaludon|3/100\n|-unboost|p2b: Toxicroak|def|1\n|-unboost|p2b: Toxicroak|spd|1\n|-ability|p1b: Archaludon|Stamina|boost\n|-boost|p1b: Archaludon|def|1\n|-enditem|p2b: Toxicroak|White Herb\n|-clearnegativeboost|p2b: Toxicroak|[silent]\n|move|p1b: Archaludon|Flash Cannon|p2a: Dragonite\n|-damage|p2a: Dragonite|0 fnt\n|faint|p2a: Dragonite\n|\n|-heal|p1b: Archaludon|9/100|[from] item: Leftovers\n|upkeep\n|inactive|aroswing has 30 seconds left.\n|\n|t:|1776653473\n|switch|p2a: Sinistcha|Sinistcha, L50|100/100\n|turn|3\n|\n|t:|1776653487\n|switch|p1a: Basculegion|Basculegion, L50, M|82/100\n|move|p2b: Toxicroak|Close Combat|p1b: Archaludon\n|-supereffective|p1b: Archaludon|1\n|-damage|p1b: Archaludon|0 fnt\n|-unboost|p2b: Toxicroak|def|1\n|-unboost|p2b: Toxicroak|spd|1\n|faint|p1b: Archaludon\n|move|p2a: Sinistcha|Matcha Gotcha|p1a: Basculegion\n|-supereffective|p1a: Basculegion|1\n|-damage|p1a: Basculegion|0 fnt\n|faint|p1a: Basculegion\n|\n|upkeep\n|\n|t:|1776653492\n|switch|p1b: Meganium|Meganium, L50, F|100/100\n|switch|p1a: Sneasler|Sneasler, L50, M|1/100\n|turn|4\n|\n|t:|1776653514\n|detailschange|p1b: Meganium|Meganium-Mega, L50, F\n|-mega|p1b: Meganium|Meganium|Meganiumite\n|move|p2b: Toxicroak|Protect|p2b: Toxicroak\n|-singleturn|p2b: Toxicroak|Protect\n|move|p1a: Sneasler|Fake Out|p2b: Toxicroak\n|-activate|p2b: Toxicroak|move: Protect\n|move|p2a: Sinistcha|Matcha Gotcha|p1b: Meganium|[spread] p1a\n|-miss|p2a: Sinistcha|p1b: Meganium\n|-resisted|p1a: Sneasler|1\n|-damage|p1a: Sneasler|0 fnt\n|faint|p1a: Sneasler\n|move|p1b: Meganium|Dazzling Gleam|p2a: Sinistcha|[spread] p2a\n|-activate|p2b: Toxicroak|move: Protect\n|-damage|p2a: Sinistcha|53/100\n|\n|-heal|p2a: Sinistcha|59/100|[from] item: Leftovers\n|-sideend|p2: aroswing|move: Tailwind\n|upkeep\n|turn|5\n|-message|halcony forfeited.\n|\n|win|aroswing\n|raw|halcony's rating: 1231 &rarr; <strong>1211</strong><br />(-20 for losing)\n|raw|aroswing's rating: 1304 &rarr; <strong>1320</strong><br />(+16 for winning)\n|l|\u2606halcony\n|player|p1|\n",
  "uploadtime": 1776653532,
  "views": 5,
  "formatid": "gen9championsvgc2026regma",
  "rating": 1211,
  "private": 0,
  "password": null
}