{
  "id": "gen9championsvgc2026regma-2580970562",
  "format": "[Gen 9 Champions] VGC 2026 Reg M-A",
  "players": [
    "Yeatlover20",
    "Baupipa"
  ],
  "log": "|j|\u2606Yeatlover20\n|j|\u2606Baupipa\n|t:|1775947781\n|gametype|doubles\n|player|p1|Yeatlover20|170|1094\n|player|p2|Baupipa|flannery|1019\n|gen|9\n|tier|[Gen 9 Champions] VGC 2026 Reg M-A\n|rated|\n|rule|Species Clause: Limit one of each Pok\u00e9mon\n|rule|Item Clause: Limit 1 of each item\n|clearpoke\n|poke|p1|Golurk, L50|\n|poke|p1|Farigiraf, L50, M|\n|poke|p1|Incineroar, L50, F|\n|poke|p1|Torkoal, L50, F|\n|poke|p1|Venusaur, L50, M|\n|poke|p1|Sneasler, L50, M|\n|poke|p2|Corviknight, L50, F|\n|poke|p2|Azumarill, L50, M|\n|poke|p2|Glimmora, L50, F|\n|poke|p2|Decidueye-Hisui, L50, M|\n|poke|p2|Garchomp, L50, F|\n|poke|p2|Oranguru, L50, F|\n|teampreview|4\n|inactive|Battle timer is ON: inactive players will automatically lose when time's up. (requested by Yeatlover20)\n|inactive|Yeatlover20 has 60 seconds left.\n|\n|t:|1775947829\n|teamsize|p1|4\n|teamsize|p2|4\n|start\n|switch|p1a: Sneasler|Sneasler, L50, M, shiny|100/100\n|switch|p1b: Golurk|Golurk, L50, shiny|100/100\n|switch|p2a: team gazze ladre|Corviknight, L50, F, shiny|100/100\n|switch|p2b: Orangay|Oranguru, L50, F, shiny|100/100\n|-ability|p2a: team gazze ladre|Unnerve\n|turn|1\n|\n|t:|1775947849\n|detailschange|p1b: Golurk|Golurk-Mega, L50, shiny\n|-mega|p1b: Golurk|Golurk|Golurkite\n|move|p1a: Sneasler|Fake Out|p2b: Orangay\n|-damage|p2b: Orangay|87/100\n|move|p2a: team gazze ladre|Tailwind|p2a: team gazze ladre\n|-sidestart|p2: Baupipa|move: Tailwind\n|cant|p2b: Orangay|flinch\n|move|p1b: Golurk|Ice Punch|p2a: team gazze ladre\n|-crit|p2a: team gazze ladre\n|-damage|p2a: team gazze ladre|62/100\n|-status|p2a: team gazze ladre|frz\n|\n|upkeep\n|turn|2\n|j| Kiryuri\n|c|\u2606Baupipa|dai uffi\n|inactive|Yeatlover20 has 30 seconds left.\n|inactive|Baupipa has 30 seconds left.\n|c|\u2606Baupipa|si pu\u00f2 fare qualcosa contro il freeze\n|inactive|Baupipa has 20 seconds left.\n|inactive|Baupipa has 15 seconds left.\n|c| Kiryuri|20% ti sfreezzi\n|inactive|Baupipa has 10 seconds left.\n|inactive|Baupipa has 5 seconds left.\n|c| Kiryuri|al terzo turno in Champions ti sfreezzi sempre\n|\n|t:|1775947903\n|move|p1a: Sneasler|Coaching|p1b: Golurk\n|-boost|p1b: Golurk|atk|1\n|-boost|p1b: Golurk|def|1\n|-curestatus|p2a: team gazze ladre|frz|[msg]\n|move|p2a: team gazze ladre|Pluck|p1a: Sneasler\n|-supereffective|p1a: Sneasler|1\n|-damage|p1a: Sneasler|22/100\n|move|p2b: Orangay|Reflect|p2b: Orangay\n|-sidestart|p2: Baupipa|Reflect\n|move|p1b: Golurk|Headlong Rush|p2b: Orangay\n|-damage|p2b: Orangay|0 fnt\n|-unboost|p1b: Golurk|def|1\n|-unboost|p1b: Golurk|spd|1\n|faint|p2b: Orangay\n|\n|upkeep\n|c| Kiryuri|PLUCK\n|\n|t:|1775947921\n|switch|p2b: bagnodorante|Glimmora, L50, F, shiny|100/100\n|turn|3\n|\n|t:|1775947937\n|detailschange|p2b: bagnodorante|Glimmora-Mega, L50, F, shiny\n|-mega|p2b: bagnodorante|Glimmora|Glimmoranite\n|move|p2b: bagnodorante|Acid Armor|p2b: bagnodorante\n|-boost|p2b: bagnodorante|def|2\n|move|p1a: Sneasler|Coaching|p1b: Golurk\n|-boost|p1b: Golurk|atk|1\n|-boost|p1b: Golurk|def|1\n|move|p2a: team gazze ladre|Pluck|p1a: Sneasler\n|-supereffective|p1a: Sneasler|1\n|-damage|p1a: Sneasler|0 fnt\n|faint|p1a: Sneasler\n|move|p1b: Golurk|Headlong Rush|p2b: bagnodorante\n|-supereffective|p2b: bagnodorante|2\n|-damage|p2b: bagnodorante|0 fnt\n|-unboost|p1b: Golurk|def|1\n|-unboost|p1b: Golurk|spd|1\n|faint|p2b: bagnodorante\n|\n|upkeep\n|\n|t:|1775947952\n|switch|p1a: Farigiraf|Farigiraf, L50, M, shiny|100/100\n|switch|p2b: ovetto di pasqua|Azumarill, L50, M, shiny|100/100\n|turn|4\n|\n|t:|1775947969\n|move|p1b: Golurk|Protect|p1b: Golurk\n|-singleturn|p1b: Golurk|Protect\n|move|p2a: team gazze ladre|Iron Head|p1a: Farigiraf\n|-damage|p1a: Farigiraf|66/100\n|move|p2b: ovetto di pasqua|Surf|p1a: Farigiraf|[spread] p2a,p1a\n|-activate|p1b: Golurk|move: Protect\n|-damage|p2a: team gazze ladre|41/100\n|-damage|p1a: Farigiraf|49/100\n|cant|p1a: Farigiraf|flinch\n|\n|-sideend|p2: Baupipa|move: Tailwind\n|upkeep\n|turn|5\n|\n|t:|1775947990\n|switch|p1b: Torkoal|Torkoal, L50, F, shiny|100/100\n|-weather|SunnyDay|[from] ability: Drought|[of] p1b: Torkoal\n|move|p2a: team gazze ladre|Iron Head|p1a: Farigiraf\n|-damage|p1a: Farigiraf|17/100\n|move|p2b: ovetto di pasqua|Surf|p1a: Farigiraf|[spread] p2a,p1a,p1b\n|-supereffective|p1b: Torkoal|1\n|-damage|p2a: team gazze ladre|31/100\n|-damage|p1a: Farigiraf|10/100\n|-damage|p1b: Torkoal|72/100\n|move|p1a: Farigiraf|Trick Room|p1a: Farigiraf\n|-fieldstart|move: Trick Room|[of] p1a: Farigiraf\n|\n|-weather|SunnyDay|[upkeep]\n|upkeep\n|turn|6\n|inactive|Baupipa has 30 seconds left.\n|c|\u2606Baupipa|torkoal non \u00e8 di tipo fuoco?\n|inactive|Baupipa has 20 seconds left.\n|inactive|Baupipa has 15 seconds left.\n|inactive|Baupipa has 10 seconds left.\n|\n|t:|1775948039\n|move|p1b: Torkoal|Eruption|p2a: team gazze ladre|[spread] p2a,p2b\n|-supereffective|p2a: team gazze ladre|1\n|-resisted|p2b: ovetto di pasqua|1\n|-damage|p2a: team gazze ladre|0 fnt\n|-damage|p2b: ovetto di pasqua|71/100\n|-enditem|p1a: Farigiraf|Sitrus Berry|[eat]\n|-heal|p1a: Farigiraf|35/100|[from] item: Sitrus Berry\n|faint|p2a: team gazze ladre\n|move|p2b: ovetto di pasqua|Surf|p1b: Torkoal|[spread] p1a,p1b\n|-supereffective|p1b: Torkoal|1\n|-damage|p1a: Farigiraf|27/100\n|-damage|p1b: Torkoal|44/100\n|move|p1a: Farigiraf|Psychic|p2b: ovetto di pasqua\n|-damage|p2b: ovetto di pasqua|32/100\n|-unboost|p2b: ovetto di pasqua|spd|1\n|\n|-weather|SunnyDay|[upkeep]\n|-heal|p2b: ovetto di pasqua|38/100|[from] item: Leftovers\n|-sideend|p2: Baupipa|Reflect\n|upkeep\n|turn|7\n|c| Kiryuri|il sole diminuisce del 50% le mosse fuoco\n|c| Kiryuri|acqua* scusa\n|c| Kiryuri|e aumenta le fuoco\n|inactive|Baupipa has 30 seconds left.\n|c|\u2606Yeatlover20|Nah surf azu is criminal\n|c|\u2606Baupipa|ha senso non l'avevio proprio visto\n|c|\u2606Yeatlover20|it gets huge power its physical\n|inactive|Baupipa has 20 seconds left.\n|inactive|Baupipa has 15 seconds left.\n|-message|Baupipa forfeited.\n|\n|win|Yeatlover20\n|raw|Yeatlover20's rating: 1094 &rarr; <strong>1114</strong><br />(+20 for winning)\n|raw|Baupipa's rating: 1019 &rarr; <strong>1009</strong><br />(-10 for losing)\n|l|\u2606Baupipa\n|player|p2|\n|c|\u2606Yeatlover20|Gg\n|c| Kiryuri|@yeatlover don't try and explain\n|c|\u2606Yeatlover20|2 ez\n",
  "uploadtime": 1775948097,
  "views": 15,
  "formatid": "gen9championsvgc2026regma",
  "rating": 1009,
  "private": 0,
  "password": null
}