{
  "id": "gen9championsvgc2026regma-2585289168",
  "format": "[Gen 9 Champions] VGC 2026 Reg M-A",
  "players": [
    "QUITTHISGAMENOW",
    "gggo"
  ],
  "log": "|j|\u2606QUITTHISGAMENOW\n|j|\u2606gggo\n|t:|1776334243\n|gametype|doubles\n|player|p1|QUITTHISGAMENOW|unknown|1037\n|player|p2|gggo|169|1124\n|gen|9\n|tier|[Gen 9 Champions] VGC 2026 Reg M-A\n|rated|\n|rule|Species Clause: Limit one of each Pok\u00e9mon\n|rule|Item Clause: Limit 1 of each item\n|clearpoke\n|poke|p1|Aegislash, L50, F|\n|poke|p1|Banette, L50, M|\n|poke|p1|Samurott-Hisui, L50, M|\n|poke|p1|Goodra, L50, F|\n|poke|p1|Incineroar, L50, F|\n|poke|p1|Lycanroc-Dusk, L50, M|\n|poke|p2|Aerodactyl, L50, M|\n|poke|p2|Tyranitar, L50, M|\n|poke|p2|Excadrill, L50, F|\n|poke|p2|Clefable, L50, M|\n|poke|p2|Garchomp, L50, F|\n|poke|p2|Rotom-Wash, L50|\n|teampreview|4\nQUITTHISGAMENOW rejected open team sheets.\n|inactive|Battle timer is ON: inactive players will automatically lose when time's up. (requested by QUITTHISGAMENOW)\n|\n|t:|1776334262\n|teamsize|p1|4\n|teamsize|p2|4\n|start\n|switch|p1a: Incineroar|Incineroar, L50, F|100/100\n|switch|p1b: Lycanroc|Lycanroc-Dusk, L50, M|100/100\n|switch|p2a: Garchomp|Garchomp, L50, F|100/100\n|switch|p2b: Rotom|Rotom-Wash, L50|100/100\n|-ability|p1a: Incineroar|Intimidate|boost\n|-unboost|p2a: Garchomp|atk|1\n|-unboost|p2b: Rotom|atk|1\n|-enditem|p2a: Garchomp|White Herb\n|-clearnegativeboost|p2a: Garchomp|[silent]\n|turn|1\n|\n|t:|1776334284\n|switch|p1a: Goodra|Goodra, L50, F|100/100\n|move|p1b: Lycanroc|Protect|p1b: Lycanroc\n|-singleturn|p1b: Lycanroc|Protect\n|move|p2a: Garchomp|Earthquake|p1a: Goodra|[spread] p1a\n|-activate|p1b: Lycanroc|move: Protect\n|-immune|p2b: Rotom|[from] ability: Levitate\n|-crit|p1a: Goodra\n|-damage|p1a: Goodra|27/100\n|move|p2b: Rotom|Discharge|p1b: Lycanroc|[spread] p1a\n|-activate|p1b: Lycanroc|move: Protect\n|-immune|p2a: Garchomp\n|-resisted|p1a: Goodra|1\n|-damage|p1a: Goodra|19/100\n|\n|-heal|p1a: Goodra|25/100|[from] item: Leftovers\n|upkeep\n|turn|2\n|l|\u2606gggo\n|inactive|gggo disconnected and has a minute to reconnect!\n|player|p2|\n|inactive|QUITTHISGAMENOW has 30 seconds left.\n|\n|t:|1776334309\n|switch|p1a: Incineroar|Incineroar, L50, F|100/100\n|-ability|p1a: Incineroar|Intimidate|boost\n|-unboost|p2a: Garchomp|atk|1\n|-unboost|p2b: Rotom|atk|1\n|move|p1b: Lycanroc|Psychic Fangs|p2a: Garchomp\n|-damage|p2a: Garchomp|62/100\n|move|p2a: Garchomp|Earthquake|p1a: Incineroar|[spread] p1a,p1b\n|-immune|p2b: Rotom|[from] ability: Levitate\n|-supereffective|p1a: Incineroar|1\n|-supereffective|p1b: Lycanroc|1\n|-damage|p1a: Incineroar|59/100\n|-damage|p1b: Lycanroc|20/100\n|move|p2b: Rotom|Discharge|p1b: Lycanroc|[spread] p1a,p1b\n|-immune|p2a: Garchomp\n|-damage|p1a: Incineroar|36/100\n|-damage|p1b: Lycanroc|0 fnt\n|-enditem|p1a: Incineroar|Sitrus Berry|[eat]\n|-heal|p1a: Incineroar|60/100|[from] item: Sitrus Berry\n|faint|p1b: Lycanroc\n|\n|upkeep\n|j|\u2606gggo\n|inactive|gggo reconnected.\n|player|p2|gggo|169|\n|\n|t:|1776334320\n|switch|p1b: Samurott|Samurott-Hisui, L50, M|100/100\n|turn|3\n|\n|t:|1776334340\n|move|p1a: Incineroar|Fake Out|p2a: Garchomp\n|-damage|p2a: Garchomp|50/100\n|move|p1b: Samurott|Ceaseless Edge|p2b: Rotom\n|-damage|p2b: Rotom|39/100\n|-sidestart|p2: gggo|Spikes\n|-enditem|p2b: Rotom|Sitrus Berry|[eat]\n|-heal|p2b: Rotom|64/100|[from] item: Sitrus Berry\n|cant|p2a: Garchomp|flinch\n|move|p2b: Rotom|Discharge|p1b: Samurott|[spread] p1a,p1b\n|-immune|p2a: Garchomp\n|-supereffective|p1b: Samurott|1\n|-damage|p1a: Incineroar|36/100\n|-damage|p1b: Samurott|7/100\n|\n|upkeep\n|turn|4\n|inactive|QUITTHISGAMENOW has 30 seconds left.\n|inactive|QUITTHISGAMENOW has 20 seconds left.\n|\n|t:|1776334375\n|move|p1b: Samurott|Ceaseless Edge|p2b: Rotom\n|-damage|p2b: Rotom|4/100\n|-sidestart|p2: gggo|Spikes\n|move|p2a: Garchomp|Earthquake|p1a: Incineroar|[spread] p1a,p1b\n|-immune|p2b: Rotom|[from] ability: Levitate\n|-supereffective|p1a: Incineroar|1\n|-damage|p1a: Incineroar|0 fnt\n|-damage|p1b: Samurott|0 fnt\n|faint|p1a: Incineroar\n|faint|p1b: Samurott\n|move|p2b: Rotom|Discharge|p2a: Garchomp\n|-immune|p2a: Garchomp\n|\n|upkeep\n|\n|t:|1776334378\n|switch|p1b: Goodra|Goodra, L50, F|25/100\n|turn|5\n|-message|QUITTHISGAMENOW forfeited.\n|\n|win|gggo\n|raw|QUITTHISGAMENOW's rating: 1037 &rarr; <strong>1025</strong><br />(-12 for losing)\n|raw|gggo's rating: 1124 &rarr; <strong>1143</strong><br />(+19 for winning)\n|l|\u2606QUITTHISGAMENOW\n|player|p1|\n",
  "uploadtime": 1776334387,
  "views": 30,
  "formatid": "gen9championsvgc2026regma",
  "rating": 1025,
  "private": 0,
  "password": null
}