{
  "id": "gen9championsvgc2026regma-2580658064",
  "format": "[Gen 9 Champions] VGC 2026 Reg M-A",
  "players": [
    "kommomaxxing",
    "justintanginamo"
  ],
  "log": "|j|\u203dkommomaxxing\n|j|\u2606justintanginamo\n|t:|1775921951\n|gametype|doubles\n|player|p1|kommomaxxing|clown|1000\n|player|p2|justintanginamo|266|1087\n|gen|9\n|tier|[Gen 9 Champions] VGC 2026 Reg M-A\n|rated|\n|rule|Species Clause: Limit one of each Pok\u00e9mon\n|rule|Item Clause: Limit 1 of each item\n|clearpoke\n|poke|p1|Excadrill, L50, M|\n|poke|p1|Tyranitar, L50, M|\n|poke|p1|Aegislash, L50, M|\n|poke|p1|Aerodactyl, L50, M|\n|poke|p1|Empoleon, L50, M|\n|poke|p1|Archaludon, L50, F|\n|poke|p2|Floette-Eternal, L50, F|\n|poke|p2|Aerodactyl, L50, M|\n|poke|p2|Sneasler, L50, M|\n|poke|p2|Kingambit, L50, M|\n|poke|p2|Basculegion, L50, M|\n|poke|p2|Delphox, L50, M|\n|teampreview|4\nkommomaxxing has agreed to open team sheets.\n|\n|t:|1775921992\n|teamsize|p1|4\n|teamsize|p2|4\n|start\n|switch|p1a: Aerodactyl|Aerodactyl, L50, M|100/100\n|switch|p1b: Archaludon|Archaludon, L50, F|100/100\n|switch|p2a: Aerodactyl|Aerodactyl, L50, M|100/100\n|switch|p2b: Sneasler|Sneasler, L50, M|100/100\n|-ability|p2a: Aerodactyl|Unnerve\n|-ability|p1a: Aerodactyl|Unnerve\n|turn|1\n|\n|t:|1775922045\n|switch|p2a: Delphox|Delphox, L50, M|100/100\n|move|p1b: Archaludon|Protect|p1b: Archaludon\n|-singleturn|p1b: Archaludon|Protect\n|move|p2b: Sneasler|Fake Out|p1a: Aerodactyl\n|-resisted|p1a: Aerodactyl|1\n|-damage|p1a: Aerodactyl|90/100\n|cant|p1a: Aerodactyl|flinch\n|\n|upkeep\n|turn|2\n|\n|t:|1775922062\n|detailschange|p2a: Delphox|Delphox-Mega, L50, M\n|-mega|p2a: Delphox|Delphox|Delphoxite\n|move|p2a: Delphox|Psychic|p1a: Aerodactyl\n|-damage|p1a: Aerodactyl|26/100\n|move|p1a: Aerodactyl|Rock Slide|p2a: Delphox|[spread] p2a,p2b\n|-supereffective|p2a: Delphox|1\n|-resisted|p2b: Sneasler|1\n|-crit|p2b: Sneasler\n|-damage|p2a: Delphox|44/100\n|-damage|p2b: Sneasler|76/100\n|cant|p2b: Sneasler|flinch\n|move|p1b: Archaludon|Draco Meteor|p2b: Sneasler\n|-damage|p2b: Sneasler|0 fnt\n|-unboost|p1b: Archaludon|spa|2\n|faint|p2b: Sneasler\n|\n|upkeep\n|\n|t:|1775922077\n|switch|p2b: Aerodactyl|Aerodactyl, L50, M|100/100\n|-ability|p2b: Aerodactyl|Unnerve\n|turn|3\n|\n|t:|1775922100\n|switch|p1a: Tyranitar|Tyranitar, L50, M|100/100\n|-weather|Sandstorm|[from] ability: Sand Stream|[of] p1a: Tyranitar\n|move|p2a: Delphox|Heat Wave|p1a: Tyranitar|[spread] p1a,p1b\n|-resisted|p1a: Tyranitar|1\n|-damage|p1a: Tyranitar|86/100\n|-damage|p1b: Archaludon|42/100\n|-ability|p1b: Archaludon|Stamina|boost\n|-boost|p1b: Archaludon|def|1\n|move|p2b: Aerodactyl|Tailwind|p2b: Aerodactyl\n|-sidestart|p2: justintanginamo|move: Tailwind\n|move|p1b: Archaludon|Draco Meteor|p2a: Delphox\n|-damage|p2a: Delphox|8/100\n|-unboost|p1b: Archaludon|spa|2\n|\n|-weather|Sandstorm|[upkeep]\n|-damage|p2a: Delphox|2/100|[from] Sandstorm\n|upkeep\n|turn|4\n|\n|t:|1775922114\n|move|p1a: Tyranitar|Protect|p1a: Tyranitar\n|-singleturn|p1a: Tyranitar|Protect\n|move|p1b: Archaludon|Protect|p1b: Archaludon\n|-singleturn|p1b: Archaludon|Protect\n|move|p2a: Delphox|Heat Wave|p1b: Archaludon|[spread] \n|-activate|p1a: Tyranitar|move: Protect\n|-activate|p1b: Archaludon|move: Protect\n|move|p2b: Aerodactyl|Rock Slide|p1a: Tyranitar|[spread] \n|-activate|p1a: Tyranitar|move: Protect\n|-activate|p1b: Archaludon|move: Protect\n|\n|-weather|Sandstorm|[upkeep]\n|-damage|p2a: Delphox|0 fnt|[from] Sandstorm\n|faint|p2a: Delphox\n|upkeep\n|\n|t:|1775922118\n|switch|p2a: Basculegion|Basculegion, L50, M|100/100\n|turn|5\n|-message|justintanginamo forfeited.\n|\n|win|kommomaxxing\n|raw|kommomaxxing's rating: 1000 &rarr; <strong>1050</strong><br />(+50 for winning)\n|raw|justintanginamo's rating: 1087 &rarr; <strong>1058</strong><br />(-29 for losing)\n|l|\u2606justintanginamo\n|player|p2|\n|l|\u203dkommomaxxing\n|player|p1|\n|j|\u2606justintanginamo\n|player|p2|justintanginamo|266|\n",
  "uploadtime": 1775922387,
  "views": 45,
  "formatid": "gen9championsvgc2026regma",
  "rating": 1050,
  "private": 0,
  "password": null
}