{
  "id": "gen9championsvgc2026regma-2580791751",
  "format": "[Gen 9 Champions] VGC 2026 Reg M-A",
  "players": [
    "Ender_6826",
    "walking wake woat"
  ],
  "log": "|j|\u2606Ender_6826\n|j|\u2606walking wake woat\n|t:|1775932817\n|gametype|doubles\n|player|p1|Ender_6826|waiter|1074\n|player|p2|walking wake woat|1|1080\n|gen|9\n|tier|[Gen 9 Champions] VGC 2026 Reg M-A\n|rated|\n|rule|Species Clause: Limit one of each Pok\u00e9mon\n|rule|Item Clause: Limit 1 of each item\n|clearpoke\n|poke|p1|Tyranitar, L50, F|\n|poke|p1|Gardevoir, L50, F|\n|poke|p1|Gyarados, L50, F|\n|poke|p1|Excadrill, L50, M|\n|poke|p1|Sinistcha, L50|\n|poke|p1|Rotom-Heat, L50|\n|poke|p2|Oranguru, L50, F|\n|poke|p2|Torkoal, L50, F|\n|poke|p2|Clefable, L50, M|\n|poke|p2|Kingambit, L50, M|\n|poke|p2|Tsareena, L50, F|\n|poke|p2|Incineroar, L50, M|\n|teampreview|4\nEnder_6826 has agreed to open team sheets.\n|inactive|Battle timer is ON: inactive players will automatically lose when time's up. (requested by Ender_6826)\n|\n|t:|1775932842\n|teamsize|p1|4\n|teamsize|p2|4\n|start\n|switch|p1a: Tyranitar|Tyranitar, L50, F|100/100\n|switch|p1b: Excadrill|Excadrill, L50, M|100/100\n|switch|p2a: Oranguru|Oranguru, L50, F|100/100\n|switch|p2b: Incineroar|Incineroar, L50, M|100/100\n|-weather|Sandstorm|[from] ability: Sand Stream|[of] p1a: Tyranitar\n|-ability|p2b: Incineroar|Intimidate|boost\n|-unboost|p1a: Tyranitar|atk|1\n|-unboost|p1b: Excadrill|atk|1\n|turn|1\n|\n|t:|1775932852\n|detailschange|p1a: Tyranitar|Tyranitar-Mega, L50, F\n|-mega|p1a: Tyranitar|Tyranitar|Tyranitarite\n|move|p2b: Incineroar|Fake Out|p1a: Tyranitar\n|-resisted|p1a: Tyranitar|1\n|-damage|p1a: Tyranitar|96/100\n|move|p1b: Excadrill|High Horsepower|p2a: Oranguru\n|-damage|p2a: Oranguru|73/100\n|cant|p1a: Tyranitar|flinch\n|move|p2a: Oranguru|Trick Room|p2a: Oranguru\n|-fieldstart|move: Trick Room|[of] p2a: Oranguru\n|\n|-weather|Sandstorm|[upkeep]\n|-damage|p2a: Oranguru|67/100|[from] Sandstorm\n|-damage|p2b: Incineroar|95/100|[from] Sandstorm\n|upkeep\n|turn|2\n|\n|t:|1775932874\n|move|p2a: Oranguru|Psychic|p1b: Excadrill\n|-resisted|p1b: Excadrill|1\n|-damage|p1b: Excadrill|80/100\n|move|p2b: Incineroar|Flare Blitz|p1b: Excadrill\n|-supereffective|p1b: Excadrill|1\n|-damage|p1b: Excadrill|0 fnt\n|faint|p1b: Excadrill\n|-damage|p2b: Incineroar|70/100|[from] Recoil\n|move|p1a: Tyranitar|Rock Slide|p2b: Incineroar|[spread] p2a,p2b\n|-supereffective|p2b: Incineroar|1\n|-damage|p2a: Oranguru|50/100\n|-damage|p2b: Incineroar|26/100\n|\n|-weather|Sandstorm|[upkeep]\n|-damage|p2b: Incineroar|20/100|[from] Sandstorm\n|-damage|p2a: Oranguru|44/100|[from] Sandstorm\n|upkeep\n|\n|t:|1775932889\n|switch|p1b: Sinistcha|Sinistcha, L50|100/100\n|-heal|p1a: Tyranitar|100/100|[from] ability: Hospitality|[of] p1b: Sinistcha\n|turn|3\n|\n|t:|1775932898\n|switch|p1b: Rotom|Rotom-Heat, L50|100/100\n|move|p2a: Oranguru|Instruct|p2b: Incineroar\n|-singleturn|p2b: Incineroar|move: Instruct|[of] p2a: Oranguru\n|move|p2b: Incineroar|Flare Blitz|p1b: Rotom\n|-resisted|p1b: Rotom|1\n|-damage|p1b: Rotom|63/100\n|-damage|p2b: Incineroar|11/100|[from] Recoil\n|move|p2b: Incineroar|Flare Blitz|p1b: Rotom\n|-resisted|p1b: Rotom|1\n|-damage|p1b: Rotom|21/100\n|-damage|p2b: Incineroar|2/100|[from] Recoil\n|move|p1a: Tyranitar|Rock Slide|p2b: Incineroar|[spread] p2a\n|-miss|p1a: Tyranitar|p2b: Incineroar\n|-damage|p2a: Oranguru|26/100\n|\n|-weather|Sandstorm|[upkeep]\n|-damage|p2a: Oranguru|20/100|[from] Sandstorm\n|-damage|p2b: Incineroar|0 fnt|[from] Sandstorm\n|-damage|p1b: Rotom|15/100|[from] Sandstorm\n|faint|p2b: Incineroar\n|upkeep\n|\n|t:|1775932901\n|switch|p2b: Tsareena|Tsareena, L50, F|100/100\n|turn|4\n|inactive|Ender_6826 has 30 seconds left.\n|\n|t:|1775932936\n|switch|p1a: Sinistcha|Sinistcha, L50|100/100\n|-heal|p1b: Rotom|39/100|[from] ability: Hospitality|[of] p1a: Sinistcha\n|move|p2a: Oranguru|Psychic|p1b: Rotom\n|-damage|p1b: Rotom|3/100\n|move|p2b: Tsareena|Low Kick|p1a: Sinistcha\n|-immune|p1a: Sinistcha\n|move|p1b: Rotom|Volt Switch|p2a: Oranguru\n|-damage|p2a: Oranguru|0 fnt\n|faint|p2a: Oranguru\n|\n|t:|1775932947\n|switch|p1b: Tyranitar|Tyranitar-Mega, L50, F|100/100|[from] Volt Switch\n|\n|-weather|Sandstorm|[upkeep]\n|-damage|p2b: Tsareena|94/100|[from] Sandstorm\n|-damage|p1a: Sinistcha|94/100|[from] Sandstorm\n|upkeep\n|\n|t:|1775932952\n|switch|p2a: Torkoal|Torkoal, L50, F|100/100\n|-weather|SunnyDay|[from] ability: Drought|[of] p2a: Torkoal\n|turn|5\n|inactive|Ender_6826 has 30 seconds left.\n|\n|t:|1775932979\n|move|p1b: Tyranitar|Protect|p1b: Tyranitar\n|-singleturn|p1b: Tyranitar|Protect\n|move|p1a: Sinistcha|Rage Powder|p1a: Sinistcha\n|-singleturn|p1a: Sinistcha|move: Rage Powder\n|move|p2a: Torkoal|Eruption|p1a: Sinistcha|[spread] p1a\n|-activate|p1b: Tyranitar|move: Protect\n|-supereffective|p1a: Sinistcha|1\n|-damage|p1a: Sinistcha|0 fnt\n|faint|p1a: Sinistcha\n|move|p2b: Tsareena|Low Kick|p1b: Tyranitar\n|-activate|p1b: Tyranitar|move: Protect\n|\n|-weather|SunnyDay|[upkeep]\n|-fieldend|move: Trick Room\n|upkeep\n|\n|t:|1775932986\n|switch|p1a: Rotom|Rotom-Heat, L50|3/100\n|turn|6\n|\n|t:|1775933000\n|move|p2b: Tsareena|Protect|p2b: Tsareena\n|-singleturn|p2b: Tsareena|Protect\n|move|p1a: Rotom|Overheat|p2b: Tsareena\n|-activate|p2b: Tsareena|move: Protect\n|move|p1b: Tyranitar|Rock Slide|p2a: Torkoal|[spread] p2a\n|-activate|p2b: Tsareena|move: Protect\n|-supereffective|p2a: Torkoal|1\n|-damage|p2a: Torkoal|52/100\n|move|p2a: Torkoal|Heat Wave|p1b: Tyranitar|[spread] p1a,p1b\n|-resisted|p1a: Rotom|1\n|-resisted|p1b: Tyranitar|1\n|-damage|p1a: Rotom|0 fnt\n|-damage|p1b: Tyranitar|77/100\n|faint|p1a: Rotom\n|\n|-weather|SunnyDay|[upkeep]\n|upkeep\n|turn|7\n|-message|Ender_6826 forfeited.\n|\n|win|walking wake woat\n|raw|Ender_6826's rating: 1074 &rarr; <strong>1053</strong><br />(-21 for losing)\n|raw|walking wake woat's rating: 1080 &rarr; <strong>1108</strong><br />(+28 for winning)\n|l|\u2606Ender_6826\n|player|p1|\n",
  "uploadtime": 1775933016,
  "views": 13,
  "formatid": "gen9championsvgc2026regma",
  "rating": 1053,
  "private": 0,
  "password": null
}