{
  "id": "gen9championsvgc2026regma-2582093219",
  "format": "[Gen 9 Champions] VGC 2026 Reg M-A",
  "players": [
    "Stinko Man",
    "Couch Potato309"
  ],
  "log": "|j|\u2606Stinko Man\n|j|\u2606Couch Potato309\n|t:|1776056986\n|gametype|doubles\n|player|p1|Stinko Man|nate|\n|player|p2|Couch Potato309|steven|\n|gen|9\n|tier|[Gen 9 Champions] VGC 2026 Reg M-A\n|rule|Species Clause: Limit one of each Pok\u00e9mon\n|rule|Item Clause: Limit 1 of each item\n|clearpoke\n|poke|p1|Golurk, L50|\n|poke|p1|Incineroar, L50, F|\n|poke|p1|Sneasler, L50, F|\n|poke|p1|Milotic, L50, M|\n|poke|p1|Tyranitar, L50, F|\n|poke|p1|Sinistcha, L50|\n|poke|p2|Aggron, L50, M|\n|poke|p2|Clawitzer, L50, M|\n|poke|p2|Pelipper, L50, M|\n|poke|p2|Sinistcha-Masterpiece, L50|\n|poke|p2|Clefable, L50, M|\n|poke|p2|Incineroar, L50, M|\n|teampreview|4\n|inactive|Battle timer is ON: inactive players will automatically lose when time's up. (requested by Couch Potato309)\n|inactive|Stinko Man has 60 seconds left.\n|\n|t:|1776057020\n|teamsize|p1|4\n|teamsize|p2|4\n|start\n|switch|p1a: Golurk|Golurk, L50|100/100\n|switch|p1b: Sneasler|Sneasler, L50, F|100/100\n|switch|p2a: THE WALL|Aggron, L50, M|100/100\n|switch|p2b: Pelipper|Pelipper, L50, M|100/100\n|-weather|RainDance|[from] ability: Drizzle|[of] p2b: Pelipper\n|turn|1\n|inactive|Stinko Man has 30 seconds left.\n|\n|t:|1776057048\n|detailschange|p2a: THE WALL|Aggron-Mega, L50, M\n|-mega|p2a: THE WALL|Aggron|Aggronite\n|detailschange|p1a: Golurk|Golurk-Mega, L50\n|-mega|p1a: Golurk|Golurk|Golurkite\n|move|p1b: Sneasler|Close Combat|p2a: THE WALL\n|-supereffective|p2a: THE WALL|1\n|-damage|p2a: THE WALL|58/100\n|-unboost|p1b: Sneasler|def|1\n|-unboost|p1b: Sneasler|spd|1\n|move|p2b: Pelipper|Hurricane|p1b: Sneasler\n|-supereffective|p1b: Sneasler|1\n|-damage|p1b: Sneasler|0 fnt\n|faint|p1b: Sneasler\n|move|p2a: THE WALL|Iron Defense|p2a: THE WALL\n|-boost|p2a: THE WALL|def|2\n|move|p1a: Golurk|Headlong Rush|p2a: THE WALL\n|-supereffective|p2a: THE WALL|1\n|-damage|p2a: THE WALL|37/100\n|-unboost|p1a: Golurk|def|1\n|-unboost|p1a: Golurk|spd|1\n|\n|-weather|RainDance|[upkeep]\n|upkeep\n|\n|t:|1776057063\n|switch|p1b: Milotic|Milotic, L50, M|100/100\n|turn|2\n|\n|t:|1776057081\n|switch|p2a: Clawitzer|Clawitzer, L50, M|100/100\n|move|p2b: Pelipper|Weather Ball|p1a: Golurk\n|-supereffective|p1a: Golurk|1\n|-damage|p1a: Golurk|0 fnt\n|faint|p1a: Golurk\n|move|p1b: Milotic|Hypnosis|p2a: Clawitzer\n|-status|p2a: Clawitzer|slp|[from] move: Hypnosis\n|\n|-weather|RainDance|[upkeep]\n|upkeep\n|\n|t:|1776057090\n|switch|p1a: Sinistcha|Sinistcha, L50|100/100\n|turn|3\n|\n|t:|1776057100\n|cant|p2a: Clawitzer|slp\n|move|p2b: Pelipper|Hurricane|p1a: Sinistcha\n|-supereffective|p1a: Sinistcha|1\n|-damage|p1a: Sinistcha|11/100\n|-start|p1a: Sinistcha|confusion\n|move|p1b: Milotic|Hypnosis|p2b: Pelipper\n|-status|p2b: Pelipper|slp|[from] move: Hypnosis\n|-activate|p1a: Sinistcha|confusion\n|-damage|p1a: Sinistcha|6/100|[from] confusion\n|\n|-weather|RainDance|[upkeep]\n|upkeep\n|turn|4\n|\n|t:|1776057117\n|-curestatus|p2a: Clawitzer|slp|[msg]\n|move|p2a: Clawitzer|Dark Pulse|p1a: Sinistcha\n|-supereffective|p1a: Sinistcha|1\n|-damage|p1a: Sinistcha|0 fnt\n|faint|p1a: Sinistcha\n|cant|p2b: Pelipper|slp\n|move|p1b: Milotic|Coil|p1b: Milotic\n|-boost|p1b: Milotic|atk|1\n|-boost|p1b: Milotic|def|1\n|-boost|p1b: Milotic|accuracy|1\n|\n|-weather|RainDance|[upkeep]\n|upkeep\n|turn|5\n|\n|t:|1776057128\n|move|p2a: Clawitzer|Dark Pulse|p1b: Milotic\n|-damage|p1b: Milotic|70/100\n|cant|p2b: Pelipper|slp\n|move|p1b: Milotic|Hypnosis|p2a: Clawitzer\n|-status|p2a: Clawitzer|slp|[from] move: Hypnosis\n|\n|-weather|none\n|-heal|p1b: Milotic|76/100|[from] item: Leftovers\n|upkeep\n|turn|6\n|\n|t:|1776057147\n|switch|p2b: Sinistcha|Sinistcha-Masterpiece, L50|100/100\n|cant|p2a: Clawitzer|slp\n|move|p1b: Milotic|Scald|p2b: Sinistcha\n|-resisted|p2b: Sinistcha|1\n|-damage|p2b: Sinistcha|86/100\n|\n|-heal|p1b: Milotic|82/100|[from] item: Leftovers\n|-heal|p2b: Sinistcha|92/100|[from] item: Leftovers\n|upkeep\n|turn|7\n|\n|t:|1776057171\n|switch|p2a: Pelipper|Pelipper, L50, M|100/100 slp\n|-weather|RainDance|[from] ability: Drizzle|[of] p2a: Pelipper\n|move|p1b: Milotic|Hypnosis|p2b: Sinistcha|[miss]\n|-miss|p1b: Milotic|p2b: Sinistcha\n|move|p2b: Sinistcha|Trick Room|p2b: Sinistcha\n|-fieldstart|move: Trick Room|[of] p2b: Sinistcha\n|\n|-weather|RainDance|[upkeep]\n|-heal|p2b: Sinistcha|98/100|[from] item: Leftovers\n|-heal|p1b: Milotic|88/100|[from] item: Leftovers\n|upkeep\n|turn|8\n|\n|t:|1776057193\n|switch|p2a: THE WALL|Aggron-Mega, L50, M|37/100\n|move|p2b: Sinistcha|Rage Powder|p2b: Sinistcha\n|-singleturn|p2b: Sinistcha|move: Rage Powder\n|move|p1b: Milotic|Coil|p1b: Milotic\n|-boost|p1b: Milotic|atk|1\n|-boost|p1b: Milotic|def|1\n|-boost|p1b: Milotic|accuracy|1\n|\n|-weather|RainDance|[upkeep]\n|-heal|p2b: Sinistcha|100/100|[from] item: Leftovers\n|-heal|p1b: Milotic|94/100|[from] item: Leftovers\n|upkeep\n|turn|9\n|\n|t:|1776057203\n|move|p2b: Sinistcha|Rage Powder|p2b: Sinistcha\n|-singleturn|p2b: Sinistcha|move: Rage Powder\n|move|p2a: THE WALL|Rest|p2a: THE WALL\n|-status|p2a: THE WALL|slp|[from] move: Rest\n|-heal|p2a: THE WALL|100/100 slp|[silent]\n|move|p1b: Milotic|Hypnosis|p2b: Sinistcha\n|-status|p2b: Sinistcha|slp|[from] move: Hypnosis\n|\n|-weather|RainDance|[upkeep]\n|-heal|p1b: Milotic|99/100|[from] item: Leftovers\n|upkeep\n|turn|10\n|\n|t:|1776057216\n|cant|p2a: THE WALL|slp\n|cant|p2b: Sinistcha|slp\n|move|p1b: Milotic|Scald|p2a: THE WALL\n|-damage|p2a: THE WALL|41/100 slp\n|\n|-weather|RainDance|[upkeep]\n|-heal|p1b: Milotic|100/100|[from] item: Leftovers\n|upkeep\n|turn|11\n|\n|t:|1776057240\n|switch|p2a: Pelipper|Pelipper, L50, M|100/100 slp\n|switch|p2b: Clawitzer|Clawitzer, L50, M|100/100 slp\n|move|p1b: Milotic|Scald|p2a: Pelipper\n|-resisted|p2a: Pelipper|1\n|-damage|p2a: Pelipper|56/100 slp\n|\n|-weather|none\n|-fieldend|move: Trick Room\n|upkeep\n|turn|12\n|\n|t:|1776057259\n|switch|p2a: THE WALL|Aggron-Mega, L50, M|41/100 slp\n|cant|p2b: Clawitzer|slp\n|move|p1b: Milotic|Coil|p1b: Milotic\n|-boost|p1b: Milotic|atk|1\n|-boost|p1b: Milotic|def|1\n|-boost|p1b: Milotic|accuracy|1\n|\n|upkeep\n|turn|13\n|\n|t:|1776057269\n|-curestatus|p2b: Clawitzer|slp|[msg]\n|move|p2b: Clawitzer|Heal Pulse|p2a: THE WALL\n|-heal|p2a: THE WALL|100/100 slp\n|move|p1b: Milotic|Scald|p2a: THE WALL\n|-damage|p2a: THE WALL|59/100 slp\n|cant|p2a: THE WALL|slp\n|\n|upkeep\n|turn|14\n|\n|t:|1776057278\n|move|p2b: Clawitzer|Heal Pulse|p2a: THE WALL\n|-heal|p2a: THE WALL|100/100 slp\n|move|p1b: Milotic|Hypnosis|p2b: Clawitzer\n|-status|p2b: Clawitzer|slp|[from] move: Hypnosis\n|-curestatus|p2a: THE WALL|slp|[msg]\n|move|p2a: THE WALL|Iron Defense|p2a: THE WALL\n|-boost|p2a: THE WALL|def|2\n|\n|upkeep\n|turn|15\n|\n|t:|1776057287\n|cant|p2b: Clawitzer|slp\n|move|p1b: Milotic|Hypnosis|p2a: THE WALL\n|-status|p2a: THE WALL|slp|[from] move: Hypnosis\n|cant|p2a: THE WALL|slp\n|\n|upkeep\n|turn|16\n|\n|t:|1776057291\n|cant|p2b: Clawitzer|slp\n|move|p1b: Milotic|Scald|p2a: THE WALL\n|-damage|p2a: THE WALL|56/100 slp\n|cant|p2a: THE WALL|slp\n|\n|upkeep\n|turn|17\n|\n|t:|1776057298\n|-curestatus|p2b: Clawitzer|slp|[msg]\n|move|p2b: Clawitzer|Heal Pulse|p2a: THE WALL\n|-heal|p2a: THE WALL|100/100 slp\n|move|p1b: Milotic|Scald|p2a: THE WALL\n|-damage|p2a: THE WALL|58/100 slp\n|-curestatus|p2a: THE WALL|slp|[msg]\n|move|p2a: THE WALL|Iron Defense|p2a: THE WALL\n|-boost|p2a: THE WALL|def|2\n|\n|upkeep\n|turn|18\n|inactive|Couch Potato309 has 30 seconds left.\n|\n|t:|1776057325\n|move|p2b: Clawitzer|Heal Pulse|p2a: THE WALL\n|-heal|p2a: THE WALL|100/100\n|move|p1b: Milotic|Hypnosis|p2b: Clawitzer\n|-status|p2b: Clawitzer|slp|[from] move: Hypnosis\n|move|p2a: THE WALL|Iron Defense|p2a: THE WALL\n|-boost|p2a: THE WALL|def|2\n|\n|upkeep\n|turn|19\n|\n|t:|1776057333\n|cant|p2b: Clawitzer|slp\n|move|p1b: Milotic|Hypnosis|p2a: THE WALL\n|-status|p2a: THE WALL|slp|[from] move: Hypnosis\n|cant|p2a: THE WALL|slp\n|\n|upkeep\n|turn|20\n|\n|t:|1776057340\n|-curestatus|p2b: Clawitzer|slp|[msg]\n|move|p2b: Clawitzer|Heal Pulse|p2a: THE WALL\n|-fail|p2a: THE WALL|heal\n|move|p1b: Milotic|Scald|p2a: THE WALL\n|-damage|p2a: THE WALL|63/100 slp\n|cant|p2a: THE WALL|slp\n|\n|upkeep\n|turn|21\n|\n|t:|1776057347\n|move|p2b: Clawitzer|Heal Pulse|p2a: THE WALL\n|-heal|p2a: THE WALL|100/100 slp\n|move|p1b: Milotic|Hypnosis|p2b: Clawitzer\n|-status|p2b: Clawitzer|slp|[from] move: Hypnosis\n|-curestatus|p2a: THE WALL|slp|[msg]\n|move|p2a: THE WALL|Body Press|p1b: Milotic\n|-damage|p1b: Milotic|15/100\n|\n|-heal|p1b: Milotic|21/100|[from] item: Leftovers\n|upkeep\n|turn|22\n|\n|t:|1776057357\n|cant|p2b: Clawitzer|slp\n|move|p1b: Milotic|Hypnosis|p2a: THE WALL\n|-status|p2a: THE WALL|slp|[from] move: Hypnosis\n|cant|p2a: THE WALL|slp\n|\n|-heal|p1b: Milotic|27/100|[from] item: Leftovers\n|upkeep\n|turn|23\n|\n|t:|1776057364\n|cant|p2b: Clawitzer|slp\n|move|p1b: Milotic|Coil|p1b: Milotic\n|-boost|p1b: Milotic|atk|1\n|-boost|p1b: Milotic|def|1\n|-boost|p1b: Milotic|accuracy|1\n|-curestatus|p2a: THE WALL|slp|[msg]\n|move|p2a: THE WALL|Body Press|p1b: Milotic\n|-damage|p1b: Milotic|0 fnt\n|faint|p1b: Milotic\n|\n|win|Couch Potato309\n|l|\u2606Stinko Man\n|player|p1|\n",
  "uploadtime": 1776057394,
  "views": 28,
  "formatid": "gen9championsvgc2026regma",
  "rating": null,
  "private": 0,
  "password": null
}