{
  "id": "gen9championsvgc2026regma-2588483307",
  "format": "[Gen 9 Champions] VGC 2026 Reg M-A",
  "players": [
    "Magtron",
    "notcheetofingers"
  ],
  "log": "|j|\u2606Magtron\n|j|\u2606notcheetofingers\n|t:|1776637583\n|gametype|doubles\n|player|p1|Magtron|102|1248\n|player|p2|notcheetofingers|pokemaniac|1194\n|gen|9\n|tier|[Gen 9 Champions] VGC 2026 Reg M-A\n|rated|\n|rule|Species Clause: Limit one of each Pok\u00e9mon\n|rule|Item Clause: Limit 1 of each item\n|clearpoke\n|poke|p1|Kangaskhan, L50, F|\n|poke|p1|Farigiraf, L50, F|\n|poke|p1|Mimikyu, L50, F|\n|poke|p1|Hatterene, L50, F|\n|poke|p1|Torkoal, L50, F|\n|poke|p1|Chesnaught, L50, F|\n|poke|p2|Ampharos, L50, M|\n|poke|p2|Klefki, L50, F|\n|poke|p2|Farigiraf, L50, M|\n|poke|p2|Primarina, L50, F|\n|poke|p2|Incineroar, L50, M|\n|poke|p2|Snorlax, L50, F|\n|teampreview|4\nnotcheetofingers has agreed to open team sheets.\n|\n|t:|1776637635\n|teamsize|p1|4\n|teamsize|p2|4\n|start\n|switch|p1a: Kangaskhan|Kangaskhan, L50, F|100/100\n|switch|p1b: Hatterene|Hatterene, L50, F|100/100\n|switch|p2a: Klefki|Klefki, L50, F|100/100\n|switch|p2b: Incineroar|Incineroar, L50, M|100/100\n|-ability|p2b: Incineroar|Intimidate|boost\n|-fail|p1a: Kangaskhan|unboost|Attack|[from] ability: Scrappy|[of] p1a: Kangaskhan\n|-unboost|p1b: Hatterene|atk|1\n|turn|1\n|\n|t:|1776637663\n|detailschange|p1a: Kangaskhan|Kangaskhan-Mega, L50, F\n|-mega|p1a: Kangaskhan|Kangaskhan|Kangaskhanite\n|move|p1a: Kangaskhan|Fake Out|p2b: Incineroar\n|-crit|p2b: Incineroar\n|-damage|p2b: Incineroar|69/100\n|-damage|p2b: Incineroar|65/100\n|-hitcount|p2b: Incineroar|2\n|cant|p2b: Incineroar|flinch\n|move|p2a: Klefki|Trick Room|p2a: Klefki\n|-fieldstart|move: Trick Room|[of] p2a: Klefki\n|move|p1b: Hatterene|Trick Room|p1b: Hatterene\n|-fieldend|move: Trick Room\n|\n|upkeep\n|turn|2\n|inactive|Battle timer is ON: inactive players will automatically lose when time's up. (requested by Magtron)\n|\n|t:|1776637727\n|switch|p2b: Farigiraf|Farigiraf, L50, M|100/100\n|move|p1a: Kangaskhan|Low Kick|p2b: Farigiraf\n|-damage|p2b: Farigiraf|68/100\n|-damage|p2b: Farigiraf|60/100\n|-hitcount|p2b: Farigiraf|2\n|move|p2a: Klefki|Foul Play|p1a: Kangaskhan\n|-damage|p1a: Kangaskhan|65/100\n|move|p1b: Hatterene|Dazzling Gleam|p2a: Klefki|[spread] p2a,p2b\n|-resisted|p2a: Klefki|1\n|-damage|p2a: Klefki|80/100\n|-damage|p2b: Farigiraf|21/100\n|-enditem|p2b: Farigiraf|Sitrus Berry|[eat]\n|-heal|p2b: Farigiraf|46/100|[from] item: Sitrus Berry\n|\n|upkeep\n|turn|3\n|inactive|notcheetofingers has 30 seconds left.\n|\n|t:|1776637759\n|switch|p1a: Chesnaught|Chesnaught, L50, F|100/100\n|move|p2b: Farigiraf|Protect|p2b: Farigiraf\n|-singleturn|p2b: Farigiraf|Protect\n|move|p2a: Klefki|Foul Play|p1a: Chesnaught\n|-resisted|p1a: Chesnaught|1\n|-damage|p1a: Chesnaught|94/100\n|move|p1b: Hatterene|Dazzling Gleam|p2b: Farigiraf|[spread] p2a\n|-activate|p2b: Farigiraf|move: Protect\n|-resisted|p2a: Klefki|1\n|-damage|p2a: Klefki|60/100\n|\n|upkeep\n|turn|4\n|inactive|Magtron has 30 seconds left.\n|\n|t:|1776637785\n|switch|p2a: Incineroar|Incineroar, L50, M|65/100\n|-ability|p2a: Incineroar|Intimidate|boost\n|-unboost|p1a: Chesnaught|atk|1\n|-unboost|p1b: Hatterene|atk|1\n|move|p1a: Chesnaught|Body Press|p2a: Incineroar\n|-supereffective|p2a: Incineroar|1\n|-enditem|p2a: Incineroar|Chople Berry|[eat]\n|-enditem|p2a: Incineroar|Chople Berry|[weaken]\n|-damage|p2a: Incineroar|30/100\n|move|p2b: Farigiraf|Psychic|p1a: Chesnaught\n|-supereffective|p1a: Chesnaught|1\n|-damage|p1a: Chesnaught|8/100\n|move|p1b: Hatterene|Dazzling Gleam|p2b: Farigiraf|[spread] p2a,p2b\n|-crit|p2a: Incineroar\n|-damage|p2a: Incineroar|0 fnt\n|-damage|p2b: Farigiraf|4/100\n|faint|p2a: Incineroar\n|\n|upkeep\n|\n|t:|1776637801\n|switch|p2a: Klefki|Klefki, L50, F|60/100\n|turn|5\n|\n|t:|1776637814\n|switch|p2b: Snorlax|Snorlax, L50, F|100/100\n|move|p1a: Chesnaught|Knock Off|p2b: Snorlax\n|-damage|p2b: Snorlax|88/100\n|-enditem|p2b: Snorlax|Leftovers|[from] move: Knock Off|[of] p1a: Chesnaught\n|move|p1b: Hatterene|Dazzling Gleam|p2a: Klefki|[spread] p2a,p2b\n|-resisted|p2a: Klefki|1\n|-damage|p2a: Klefki|38/100\n|-damage|p2b: Snorlax|63/100\n|move|p2a: Klefki|Trick Room|p2a: Klefki\n|-fieldstart|move: Trick Room|[of] p2a: Klefki\n|\n|upkeep\n|turn|6\n|\n|t:|1776637830\n|move|p1b: Hatterene|Dazzling Gleam|p2b: Snorlax|[spread] p2a,p2b\n|-resisted|p2a: Klefki|1\n|-damage|p2a: Klefki|17/100\n|-damage|p2b: Snorlax|35/100\n|move|p2b: Snorlax|Curse|p2b: Snorlax\n|-unboost|p2b: Snorlax|spe|1\n|-boost|p2b: Snorlax|atk|1\n|-boost|p2b: Snorlax|def|1\n|move|p1a: Chesnaught|Body Press|p2b: Snorlax\n|-supereffective|p2b: Snorlax|1\n|-damage|p2b: Snorlax|0 fnt\n|faint|p2b: Snorlax\n|move|p2a: Klefki|Foul Play|p1a: Chesnaught\n|-resisted|p1a: Chesnaught|1\n|-damage|p1a: Chesnaught|4/100\n|\n|upkeep\n|-message|notcheetofingers forfeited.\n|\n|win|Magtron\n|raw|Magtron's rating: 1248 &rarr; <strong>1269</strong><br />(+21 for winning)\n|raw|notcheetofingers's rating: 1194 &rarr; <strong>1173</strong><br />(-21 for losing)\n|l|\u2606Magtron\n|player|p1|\n",
  "uploadtime": 1776637896,
  "views": 12,
  "formatid": "gen9championsvgc2026regma",
  "rating": 1173,
  "private": 0,
  "password": null
}