{
  "id": "gen9championsvgc2026regma-2583672791",
  "format": "[Gen 9 Champions] VGC 2026 Reg M-A",
  "players": [
    "1sttimeshitter",
    "B. Farro"
  ],
  "log": "|j|\u26061sttimeshitter\n|j|\u2606B. Farro\n|t:|1776190158\n|gametype|doubles\n|player|p1|1sttimeshitter|miku-fire|1189\n|player|p2|B. Farro|ingo|1108\n|gen|9\n|tier|[Gen 9 Champions] VGC 2026 Reg M-A\n|rated|\n|rule|Species Clause: Limit one of each Pok\u00e9mon\n|rule|Item Clause: Limit 1 of each item\n|clearpoke\n|poke|p1|Charizard, L50, M|\n|poke|p1|Dragonite, L50, M|\n|poke|p1|Whimsicott, L50, F|\n|poke|p1|Sinistcha-Masterpiece, L50|\n|poke|p1|Kingambit, L50, F|\n|poke|p2|Glimmora, L50, M|\n|poke|p2|Whimsicott, L50, F|\n|poke|p2|Altaria, L50, M|\n|poke|p2|Tauros-Paldea-Blaze, L50, M|\n|poke|p2|Garchomp, L50, F|\n|poke|p2|Kangaskhan, L50, F|\n|teampreview|4\n|\n|t:|1776190213\n|teamsize|p1|4\n|teamsize|p2|4\n|start\n|switch|p1a: Charizard|Charizard, L50, M|100/100\n|switch|p1b: Dragonite|Dragonite, L50, M|100/100\n|switch|p2a: Glimmora|Glimmora, L50, M|100/100\n|switch|p2b: Whimsicott|Whimsicott, L50, F|100/100\n|turn|1\n|\n|t:|1776190248\n|detailschange|p1a: Charizard|Charizard-Mega-X, L50, M\n|-mega|p1a: Charizard|Charizard|Charizardite X\n|detailschange|p2a: Glimmora|Glimmora-Mega, L50, M\n|-mega|p2a: Glimmora|Glimmora|Glimmoranite\n|move|p2b: Whimsicott|Tailwind|p2b: Whimsicott\n|-sidestart|p2: B. Farro|move: Tailwind\n|move|p2a: Glimmora|Power Gem|p1b: Dragonite\n|-supereffective|p1b: Dragonite|1\n|-damage|p1b: Dragonite|50/100\n|move|p1a: Charizard|Flare Blitz|p2b: Whimsicott\n|-supereffective|p2b: Whimsicott|1\n|-enditem|p2b: Whimsicott|Focus Sash\n|-damage|p2b: Whimsicott|1/100\n|-damage|p1a: Charizard|71/100|[from] Recoil\n|move|p1b: Dragonite|Tailwind|p1b: Dragonite\n|-sidestart|p1: 1sttimeshitter|move: Tailwind\n|\n|-heal|p1b: Dragonite|56/100|[from] item: Leftovers\n|upkeep\n|turn|2\n|\n|t:|1776190298\n|move|p1b: Dragonite|Extreme Speed|p2b: Whimsicott\n|-damage|p2b: Whimsicott|0 fnt\n|faint|p2b: Whimsicott\n|move|p2a: Glimmora|Power Gem|p1a: Charizard\n|-supereffective|p1a: Charizard|1\n|-damage|p1a: Charizard|0 fnt\n|faint|p1a: Charizard\n|\n|-heal|p1b: Dragonite|62/100|[from] item: Leftovers\n|upkeep\n|\n|t:|1776190322\n|switch|p2b: Altaria|Altaria, L50, M|100/100\n|switch|p1a: Kingambit|Kingambit, L50, F|100/100\n|-ability|p2b: Altaria|Cloud Nine\n|-activate|p1a: Kingambit|ability: Supreme Overlord\n|-start|p1a: Kingambit|fallen1|[silent]\n|turn|3\n|\n|t:|1776190346\n|move|p2a: Glimmora|Earth Power|p1a: Kingambit\n|-supereffective|p1a: Kingambit|1\n|-damage|p1a: Kingambit|30/100\n|move|p2b: Altaria|Ice Beam|p1b: Dragonite\n|-supereffective|p1b: Dragonite|2\n|-damage|p1b: Dragonite|0 fnt\n|faint|p1b: Dragonite\n|move|p1a: Kingambit|Iron Head|p2a: Glimmora\n|-supereffective|p2a: Glimmora|1\n|-damage|p2a: Glimmora|0 fnt\n|faint|p2a: Glimmora\n|\n|upkeep\n|\n|t:|1776190356\n|switch|p2a: Tauros|Tauros-Paldea-Blaze, L50, M|100/100\n|switch|p1b: Sinistcha|Sinistcha-Masterpiece, L50|100/100\n|-ability|p2a: Tauros|Intimidate|boost\n|-unboost|p1a: Kingambit|atk|1\n|-unboost|p1b: Sinistcha|atk|1\n|-heal|p1a: Kingambit|55/100|[from] ability: Hospitality|[of] p1b: Sinistcha\n|turn|4\n|\n|t:|1776190392\n|move|p1b: Sinistcha|Rage Powder|p1b: Sinistcha\n|-singleturn|p1b: Sinistcha|move: Rage Powder\n|move|p2a: Tauros|Flare Blitz|p1b: Sinistcha\n|-supereffective|p1b: Sinistcha|1\n|-enditem|p1b: Sinistcha|Occa Berry|[eat]\n|-enditem|p1b: Sinistcha|Occa Berry|[weaken]\n|-damage|p1b: Sinistcha|55/100\n|-damage|p2a: Tauros|83/100|[from] Recoil\n|move|p2b: Altaria|Ice Beam|p1b: Sinistcha\n|-supereffective|p1b: Sinistcha|1\n|-damage|p1b: Sinistcha|0 fnt\n|faint|p1b: Sinistcha\n|move|p1a: Kingambit|Kowtow Cleave|p2a: Tauros\n|-resisted|p2a: Tauros|1\n|-damage|p2a: Tauros|62/100\n|\n|-sideend|p1: 1sttimeshitter|move: Tailwind\n|-sideend|p2: B. Farro|move: Tailwind\n|upkeep\n|turn|5\n|-message|1sttimeshitter forfeited.\n|\n|win|B. Farro\n|raw|1sttimeshitter's rating: 1189 &rarr; <strong>1158</strong><br />(-31 for losing)\n|raw|B. Farro's rating: 1108 &rarr; <strong>1139</strong><br />(+31 for winning)\n|l|\u26061sttimeshitter\n|player|p1|\n",
  "uploadtime": 1776190412,
  "views": 15,
  "formatid": "gen9championsvgc2026regma",
  "rating": 1139,
  "private": 0,
  "password": null
}