{
  "id": "gen9championsvgc2026regma-2587651770",
  "format": "[Gen 9 Champions] VGC 2026 Reg M-A",
  "players": [
    "guorongjia",
    "try0000"
  ],
  "log": "|j|\u2606guorongjia\n|j|\u2606try0000\n|t:|1776550542\n|gametype|doubles\n|player|p1|guorongjia|miku-water|1492\n|player|p2|try0000|veteran|1659\n|gen|9\n|tier|[Gen 9 Champions] VGC 2026 Reg M-A\n|rated|\n|rule|Species Clause: Limit one of each Pok\u00e9mon\n|rule|Item Clause: Limit 1 of each item\n|clearpoke\n|poke|p1|Gengar, L50, F, shiny|\n|poke|p1|Basculegion, L50, M, shiny|\n|poke|p1|Sneasler, L50, F, shiny|\n|poke|p1|Pelipper, L50, F, shiny|\n|poke|p1|Kingambit, L50, F, shiny|\n|poke|p1|Archaludon, L50, M, shiny|\n|poke|p2|Gengar, L50, M|\n|poke|p2|Incineroar, L50, M|\n|poke|p2|Maushold-Four, L50|\n|poke|p2|Gardevoir, L50, F|\n|poke|p2|Kingambit, L50, M|\n|poke|p2|Ninetales-Alola, L50, F|\n|teampreview|4\n|inactive|Battle timer is ON: inactive players will automatically lose when time's up. (requested by guorongjia)\n|inactive|try0000 also wants the timer to be on.\n|\n|t:|1776550564\n|teamsize|p1|4\n|teamsize|p2|4\n|start\n|switch|p1a: Sneasler|Sneasler, L50, F, shiny|100/100\n|switch|p1b: Gengar|Gengar, L50, F, shiny|100/100\n|switch|p2a: Kingambit|Kingambit, L50, M|100/100\n|switch|p2b: Gengar|Gengar, L50, M|100/100\n|turn|1\n|\n|t:|1776550588\n|detailschange|p1b: Gengar|Gengar-Mega, L50, F, shiny\n|-mega|p1b: Gengar|Gengar|Gengarite\n|detailschange|p2b: Gengar|Gengar-Mega, L50, M\n|-mega|p2b: Gengar|Gengar|Gengarite\n|move|p1b: Gengar|Protect|p1b: Gengar\n|-singleturn|p1b: Gengar|Protect\n|move|p1a: Sneasler|Close Combat|p2a: Kingambit\n|-supereffective|p2a: Kingambit|2\n|-enditem|p2a: Kingambit|Chople Berry|[eat]\n|-enditem|p2a: Kingambit|Chople Berry|[weaken]\n|-damage|p2a: Kingambit|16/100\n|-unboost|p1a: Sneasler|def|1\n|-unboost|p1a: Sneasler|spd|1\n|-enditem|p1a: Sneasler|White Herb\n|-clearnegativeboost|p1a: Sneasler|[silent]\n|move|p2b: Gengar|Shadow Ball|p1b: Gengar\n|-activate|p1b: Gengar|move: Protect\n|move|p2a: Kingambit|Kowtow Cleave|p1b: Gengar\n|-activate|p1b: Gengar|move: Protect\n|\n|upkeep\n|turn|2\n|inactive|guorongjia has 30 seconds left.\n|\n|t:|1776550614\n|switch|p1b: Kingambit|Kingambit, L50, F, shiny|100/100\n|move|p2a: Kingambit|Sucker Punch|p1a: Sneasler\n|-resisted|p1a: Sneasler|1\n|-damage|p1a: Sneasler|69/100\n|move|p1a: Sneasler|Close Combat|p2a: Kingambit\n|-supereffective|p2a: Kingambit|2\n|-damage|p2a: Kingambit|0 fnt\n|-unboost|p1a: Sneasler|def|1\n|-unboost|p1a: Sneasler|spd|1\n|faint|p2a: Kingambit\n|move|p2b: Gengar|Shadow Ball|p1a: Sneasler\n|-damage|p1a: Sneasler|0 fnt\n|faint|p1a: Sneasler\n|\n|upkeep\n|\n|t:|1776550628\n|switch|p1a: Gengar|Gengar-Mega, L50, F, shiny|100/100\n|switch|p2a: Maushold|Maushold-Four, L50|100/100\n|turn|3\n|\n|t:|1776550635\n|move|p1a: Gengar|Protect|p1a: Gengar\n|-singleturn|p1a: Gengar|Protect\n|move|p2b: Gengar|Protect|p2b: Gengar\n|-singleturn|p2b: Gengar|Protect\n|move|p2a: Maushold|Protect|p2a: Maushold\n|-singleturn|p2a: Maushold|Protect\n|move|p1b: Kingambit|Kowtow Cleave|p2b: Gengar\n|-activate|p2b: Gengar|move: Protect\n|\n|upkeep\n|turn|4\n|\n|t:|1776550651\n|move|p1a: Gengar|Sludge Bomb|p2a: Maushold\n|-damage|p2a: Maushold|33/100\n|-status|p2a: Maushold|psn\n|move|p2b: Gengar|Disable|p1b: Kingambit\n|-start|p1b: Kingambit|Disable|Kowtow Cleave\n|move|p2a: Maushold|Encore|p1b: Kingambit\n|-start|p1b: Kingambit|Encore\n|cant|p1b: Kingambit|Disable|Kowtow Cleave\n|\n|-damage|p2a: Maushold|20/100 psn|[from] psn\n|upkeep\n|turn|5\n|j| direc_t10n\n|\n|t:|1776550671\n|move|p1a: Gengar|Protect|p1a: Gengar\n|-singleturn|p1a: Gengar|Protect\n|move|p2b: Gengar|Shadow Ball|p1a: Gengar\n|-activate|p1a: Gengar|move: Protect\n|move|p2a: Maushold|Super Fang|p1b: Kingambit|[miss]\n|-miss|p2a: Maushold|p1b: Kingambit\n|-activate|p1b: Kingambit|move: Struggle\n|move|p1b: Kingambit|Struggle|p2b: Gengar\n|-damage|p2b: Gengar|81/100\n|-damage|p1b: Kingambit|75/100|[from] recoil\n|\n|-damage|p2a: Maushold|8/100 psn|[from] psn\n|upkeep\n|turn|6\n|l| direc_t10n\n|j| direc_t10n\n|l| direc_t10n\n|j| fylof6o6\n|\n|t:|1776550685\n|move|p1a: Gengar|Shadow Ball|p2b: Gengar\n|-supereffective|p2b: Gengar|1\n|-damage|p2b: Gengar|10/100\n|move|p2b: Gengar|Shadow Ball|p1a: Gengar\n|-supereffective|p1a: Gengar|1\n|-damage|p1a: Gengar|0 fnt\n|faint|p1a: Gengar\n|move|p2a: Maushold|Super Fang|p1b: Kingambit\n|-damage|p1b: Kingambit|38/100\n|-activate|p1b: Kingambit|move: Struggle\n|move|p1b: Kingambit|Struggle|p2a: Maushold\n|-damage|p2a: Maushold|0 fnt\n|faint|p2a: Maushold\n|-damage|p1b: Kingambit|13/100|[from] recoil\n|\n|-end|p1b: Kingambit|Encore\n|upkeep\n|\n|t:|1776550698\n|switch|p1a: Basculegion|Basculegion, L50, M, shiny|100/100\n|switch|p2a: Incineroar|Incineroar, L50, M|100/100\n|-ability|p2a: Incineroar|Intimidate|boost\n|-unboost|p1a: Basculegion|atk|1\n|-unboost|p1b: Kingambit|atk|1\n|-ability|p1b: Kingambit|Defiant|boost\n|-boost|p1b: Kingambit|atk|2\n|turn|7\n|-message|try0000 forfeited.\n|\n|win|guorongjia\n|raw|guorongjia's rating: 1492 &rarr; <strong>1521</strong><br />(+29 for winning)\n|raw|try0000's rating: 1659 &rarr; <strong>1630</strong><br />(-29 for losing)\n|l|\u2606try0000\n|player|p2|\n|l|\u2606guorongjia\n|player|p1|\n",
  "uploadtime": 1776550841,
  "views": 19,
  "formatid": "gen9championsvgc2026regma",
  "rating": 1521,
  "private": 0,
  "password": null
}