{
  "id": "gen9championsvgc2026regma-2585908467",
  "format": "[Gen 9 Champions] VGC 2026 Reg M-A",
  "players": [
    "dr.ultraball head",
    "ScantyFire"
  ],
  "log": "|j|\u2606dr.ultraball head\n|j|\u2606ScantyFire\n|t:|1776380451\n|gametype|doubles\n|player|p1|dr.ultraball head|gardenia-masters|1079\n|player|p2|ScantyFire|265|1000\n|gen|9\n|tier|[Gen 9 Champions] VGC 2026 Reg M-A\n|rated|\n|rule|Species Clause: Limit one of each Pok\u00e9mon\n|rule|Item Clause: Limit 1 of each item\n|clearpoke\n|poke|p1|Sinistcha, L50|\n|poke|p1|Slowking, L50, M|\n|poke|p1|Incineroar, L50, M|\n|poke|p1|Crabominable, L50, M|\n|poke|p1|Farigiraf, L50, M|\n|poke|p1|Hatterene, L50, F|\n|poke|p2|Gengar, L50, F|\n|poke|p2|Whimsicott, L50, F|\n|poke|p2|Primarina, L50, M|\n|poke|p2|Incineroar, L50, M|\n|poke|p2|Goodra-Hisui, L50, M|\n|poke|p2|Farigiraf, L50, M|\n|teampreview|4\n|\n|t:|1776380486\n|teamsize|p1|4\n|teamsize|p2|4\n|start\n|switch|p1a: Farigiraf|Farigiraf, L50, M|100/100\n|switch|p1b: Incineroar|Incineroar, L50, M|100/100\n|switch|p2a: Gengar|Gengar, L50, F|100/100\n|switch|p2b: Incineroar|Incineroar, L50, M|100/100\n|-ability|p2b: Incineroar|Intimidate|boost\n|-unboost|p1a: Farigiraf|atk|1\n|-unboost|p1b: Incineroar|atk|1\n|-ability|p1b: Incineroar|Intimidate|boost\n|-unboost|p2a: Gengar|atk|1\n|-unboost|p2b: Incineroar|atk|1\n|turn|1\n|\n|t:|1776380512\n|detailschange|p2a: Gengar|Gengar-Mega, L50, F\n|-mega|p2a: Gengar|Gengar|Gengarite\n|move|p2a: Gengar|Perish Song|p2a: Gengar\n|-start|p1a: Farigiraf|perish3|[silent]\n|-start|p1b: Incineroar|perish3|[silent]\n|-start|p2a: Gengar|perish3|[silent]\n|-start|p2b: Incineroar|perish3|[silent]\n|-fieldactivate|move: Perish Song\n|move|p2b: Incineroar|Parting Shot|p1a: Farigiraf\n|-unboost|p1a: Farigiraf|atk|1\n|-unboost|p1a: Farigiraf|spa|1\n|\n|t:|1776380524\n|switch|p2b: Primarina|Primarina, L50, M|100/100|[from] Parting Shot\n|move|p1b: Incineroar|Parting Shot|p2a: Gengar\n|-unboost|p2a: Gengar|atk|1\n|-unboost|p2a: Gengar|spa|1\n|\n|t:|1776380535\n|switch|p1b: Hatterene|Hatterene, L50, F|100/100|[from] Parting Shot\n|move|p1a: Farigiraf|Trick Room|p1a: Farigiraf\n|-fieldstart|move: Trick Room|[of] p1a: Farigiraf\n|\n|-start|p1a: Farigiraf|perish3\n|-start|p2a: Gengar|perish3\n|upkeep\n|turn|2\n|\n|t:|1776380559\n|move|p1b: Hatterene|Psyshock|p2a: Gengar\n|-supereffective|p2a: Gengar|1\n|-damage|p2a: Gengar|0 fnt\n|faint|p2a: Gengar\n|move|p1a: Farigiraf|Psychic Noise|p2b: Primarina\n|-damage|p2b: Primarina|84/100\n|-start|p2b: Primarina|move: Heal Block\n|move|p2b: Primarina|Sparkling Aria|p1a: Farigiraf|[spread] p1a,p1b\n|-damage|p1a: Farigiraf|68/100\n|-damage|p1b: Hatterene|69/100\n|\n|-start|p1a: Farigiraf|perish2\n|upkeep\n|\n|t:|1776380574\n|switch|p2a: Goodra|Goodra-Hisui, L50, M|100/100\n|turn|3\n|\n|t:|1776380590\n|switch|p1a: Incineroar|Incineroar, L50, M|100/100\n|-ability|p1a: Incineroar|Intimidate|boost\n|-unboost|p2a: Goodra|atk|1\n|-unboost|p2b: Primarina|atk|1\n|move|p1b: Hatterene|Psyshock|p2b: Primarina\n|-damage|p2b: Primarina|25/100\n|move|p2b: Primarina|Sparkling Aria|p1b: Hatterene|[spread] p2a,p1a,p1b\n|-resisted|p2a: Goodra|1\n|-supereffective|p1a: Incineroar|1\n|-damage|p2a: Goodra|87/100\n|-damage|p1a: Incineroar|22/100\n|-damage|p1b: Hatterene|26/100\n|-enditem|p1a: Incineroar|Sitrus Berry|[eat]\n|-heal|p1a: Incineroar|47/100|[from] item: Sitrus Berry\n|move|p2a: Goodra|Steel Beam|p1b: Hatterene\n|-supereffective|p1b: Hatterene|1\n|-damage|p1b: Hatterene|0 fnt\n|-damage|p2a: Goodra|36/100|[from] steelbeam\n|faint|p1b: Hatterene\n|\n|-heal|p2a: Goodra|42/100|[from] item: Leftovers\n|-end|p2b: Primarina|move: Heal Block\n|upkeep\n|\n|t:|1776380613\n|switch|p1b: Crabominable|Crabominable, L50, M|100/100\n|turn|4\n|\n|t:|1776380632\n|switch|p2b: Incineroar|Incineroar, L50, M|100/100\n|-ability|p2b: Incineroar|Intimidate|boost\n|-unboost|p1a: Incineroar|atk|1\n|-fail|p1b: Crabominable|unboost|Attack|[from] ability: Hyper Cutter|[of] p1b: Crabominable\n|detailschange|p1b: Crabominable|Crabominable-Mega, L50, M\n|-mega|p1b: Crabominable|Crabominable|Crabominite\n|move|p1a: Incineroar|Fake Out|p2b: Incineroar\n|-damage|p2b: Incineroar|90/100\n|move|p1b: Crabominable|Drain Punch|p2a: Goodra\n|-supereffective|p2a: Goodra|1\n|-damage|p2a: Goodra|0 fnt\n|faint|p2a: Goodra\n|\n|upkeep\n|\n|t:|1776380647\n|switch|p2a: Primarina|Primarina, L50, M|25/100\n|turn|5\n|\n|t:|1776380661\n|switch|p1a: Farigiraf|Farigiraf, L50, M|68/100\n|move|p1b: Crabominable|Protect|p1b: Crabominable\n|-singleturn|p1b: Crabominable|Protect\n|move|p2b: Incineroar|Fake Out||[still]\n|cant|p1a: Farigiraf|ability: Armor Tail|Fake Out|[of] p2b: Incineroar\n|move|p2a: Primarina|Life Dew|p2a: Primarina|[spread] p2a,p2b\n|-heal|p2a: Primarina|50/100\n|-heal|p2b: Incineroar|100/100\n|\n|-fieldend|move: Trick Room\n|upkeep\n|turn|6\n|\n|t:|1776380681\n|switch|p1b: Incineroar|Incineroar, L50, M|47/100\n|-ability|p1b: Incineroar|Intimidate|boost\n|-unboost|p2a: Primarina|atk|1\n|-unboost|p2b: Incineroar|atk|1\n|move|p2a: Primarina|Perish Song|p2a: Primarina\n|-start|p1a: Farigiraf|perish3|[silent]\n|-start|p1b: Incineroar|perish3|[silent]\n|-start|p2a: Primarina|perish3|[silent]\n|-start|p2b: Incineroar|perish3|[silent]\n|-fieldactivate|move: Perish Song\n|move|p2b: Incineroar|Flare Blitz|p1b: Incineroar\n|-resisted|p1b: Incineroar|1\n|-damage|p1b: Incineroar|27/100\n|-damage|p2b: Incineroar|93/100|[from] Recoil\n|move|p1a: Farigiraf|Hyper Voice|p2a: Primarina|[spread] p2a,p2b\n|-damage|p2a: Primarina|27/100\n|-damage|p2b: Incineroar|68/100\n|\n|-start|p2a: Primarina|perish3\n|-start|p1b: Incineroar|perish3\n|-start|p2b: Incineroar|perish3\n|-start|p1a: Farigiraf|perish3\n|upkeep\n|turn|7\n|\n|t:|1776380719\n|move|p2b: Incineroar|Flare Blitz|p1a: Farigiraf\n|-damage|p1a: Farigiraf|30/100\n|-status|p1a: Farigiraf|brn\n|-damage|p2b: Incineroar|52/100|[from] Recoil\n|move|p2a: Primarina|Sparkling Aria|p1a: Farigiraf|[spread] p2b,p1a,p1b\n|-supereffective|p2b: Incineroar|1\n|-supereffective|p1b: Incineroar|1\n|-damage|p2b: Incineroar|0 fnt\n|-damage|p1a: Farigiraf|0 fnt\n|-damage|p1b: Incineroar|0 fnt\n|faint|p2b: Incineroar\n|faint|p1a: Farigiraf\n|faint|p1b: Incineroar\n|\n|-start|p2a: Primarina|perish2\n|upkeep\n|\n|t:|1776380735\n|switch|p1a: Crabominable|Crabominable-Mega, L50, M|100/100\n|turn|8\n|\n|t:|1776380744\n|move|p2a: Primarina|Sparkling Aria|p1a: Crabominable\n|-damage|p1a: Crabominable|49/100\n|move|p1a: Crabominable|Close Combat|p2a: Primarina\n|-resisted|p2a: Primarina|1\n|-damage|p2a: Primarina|0 fnt\n|-unboost|p1a: Crabominable|def|1\n|-unboost|p1a: Crabominable|spd|1\n|faint|p2a: Primarina\n|\n|win|dr.ultraball head\n|raw|dr.ultraball head's rating: 1079 &rarr; <strong>1101</strong><br />(+22 for winning)\n|raw|ScantyFire's rating: 1000 &rarr; <strong>1000</strong><br />(+0 for losing)\n|c|\u2606dr.ultraball head|Ggs\n|l|\u2606ScantyFire\n|player|p2|\n",
  "uploadtime": 1776381061,
  "views": 17,
  "formatid": "gen9championsvgc2026regma",
  "rating": 1000,
  "private": 0,
  "password": null
}