{
  "id": "gen9championsvgc2026regma-2587051605",
  "format": "[Gen 9 Champions] VGC 2026 Reg M-A",
  "players": [
    "gthamsrim",
    "slyvesterccd"
  ],
  "log": "|j|\u2606gthamsrim\n|j|\u2606slyvesterccd\n|t:|1776487048\n|gametype|doubles\n|player|p1|gthamsrim|101|\n|player|p2|slyvesterccd|2|\n|gen|9\n|tier|[Gen 9 Champions] VGC 2026 Reg M-A\n|rule|Species Clause: Limit one of each Pok\u00e9mon\n|rule|Item Clause: Limit 1 of each item\n|clearpoke\n|poke|p1|Pelipper, L50, F|\n|poke|p1|Jolteon, L50, F|\n|poke|p1|Conkeldurr, L50, F|\n|poke|p1|Hatterene, L50, F|\n|poke|p1|Beartic, L50, M|\n|poke|p1|Arbok, L50, F|\n|poke|p2|Blastoise, L50, M|\n|poke|p2|Farigiraf, L50, M|\n|poke|p2|Kangaskhan, L50, F|\n|poke|p2|Aerodactyl, L50, M|\n|poke|p2|Kingambit, L50, M|\n|poke|p2|Sinistcha, L50|\n|teampreview|4\n|c|\u2606slyvesterccd|u gotta use mega blastoise tbh\n|\n|t:|1776487090\n|teamsize|p1|4\n|teamsize|p2|4\n|start\n|switch|p1a: Jolteon|Jolteon, L50, F|100/100\n|switch|p1b: Conkeldurr|Conkeldurr, L50, F|100/100\n|switch|p2a: Farigiraf|Farigiraf, L50, M|100/100\n|switch|p2b: Blastoise|Blastoise, L50, M|100/100\n|turn|1\n|\n|t:|1776487106\n|detailschange|p2b: Blastoise|Blastoise-Mega, L50, M\n|-mega|p2b: Blastoise|Blastoise|Blastoisinite\n|move|p2b: Blastoise|Fake Out|p1a: Jolteon\n|-damage|p1a: Jolteon|81/100\n|cant|p1a: Jolteon|flinch\n|move|p2a: Farigiraf|Psychic Noise|p1b: Conkeldurr\n|-supereffective|p1b: Conkeldurr|1\n|-damage|p1b: Conkeldurr|41/100\n|-start|p1b: Conkeldurr|move: Heal Block\n|move|p1b: Conkeldurr|Knock Off|p2a: Farigiraf\n|-supereffective|p2a: Farigiraf|1\n|-damage|p2a: Farigiraf|19/100\n|-enditem|p2a: Farigiraf|Sitrus Berry|[from] move: Knock Off|[of] p1b: Conkeldurr\n|\n|upkeep\n|turn|2\n|\n|t:|1776487156\n|move|p1a: Jolteon|Volt Switch|p2b: Blastoise\n|-supereffective|p2b: Blastoise|1\n|-damage|p2b: Blastoise|50/100\n|\n|t:|1776487162\n|switch|p1a: Pelipper|Pelipper, L50, F|100/100|[from] Volt Switch\n|-weather|RainDance|[from] ability: Drizzle|[of] p1a: Pelipper\n|move|p2b: Blastoise|Water Pulse|p1b: Conkeldurr\n|-damage|p1b: Conkeldurr|0 fnt\n|faint|p1b: Conkeldurr\n|move|p2a: Farigiraf|Trick Room|p2a: Farigiraf\n|-fieldstart|move: Trick Room|[of] p2a: Farigiraf\n|\n|-weather|RainDance|[upkeep]\n|upkeep\n|\n|t:|1776487172\n|switch|p1b: Beartic|Beartic, L50, M|100/100\n|turn|3\n|c|\u2606slyvesterccd|why would u drizzle on a mega blastoise ?\n|\n|t:|1776487218\n|switch|p2a: Sinistcha|Sinistcha, L50|100/100\n|-heal|p2b: Blastoise|75/100|[from] ability: Hospitality|[of] p2a: Sinistcha\n|move|p1a: Pelipper|Protect|p1a: Pelipper\n|-singleturn|p1a: Pelipper|Protect\n|move|p2b: Blastoise|Dark Pulse|p1a: Pelipper\n|-activate|p1a: Pelipper|move: Protect\n|move|p1b: Beartic|Liquidation|p2a: Sinistcha\n|-resisted|p2a: Sinistcha|1\n|-damage|p2a: Sinistcha|83/100\n|-unboost|p2a: Sinistcha|def|1\n|\n|-weather|RainDance|[upkeep]\n|-heal|p2a: Sinistcha|89/100|[from] item: Leftovers\n|upkeep\n|turn|4\n|\n|t:|1776487252\n|move|p2a: Sinistcha|Matcha Gotcha|p1a: Pelipper|[spread] p1a,p1b\n|-damage|p1a: Pelipper|58/100\n|-heal|p2a: Sinistcha|100/100|[from] drain|[of] p1a: Pelipper\n|-damage|p1b: Beartic|70/100\n|move|p2b: Blastoise|Dark Pulse|p1a: Pelipper\n|-damage|p1a: Pelipper|0 fnt\n|faint|p1a: Pelipper\n|move|p1b: Beartic|Icicle Crash|p2a: Sinistcha\n|-supereffective|p2a: Sinistcha|1\n|-damage|p2a: Sinistcha|0 fnt\n|faint|p2a: Sinistcha\n|\n|-weather|RainDance|[upkeep]\n|upkeep\n|\n|t:|1776487263\n|switch|p2a: Kingambit|Kingambit, L50, M|100/100\n|switch|p1a: Jolteon|Jolteon, L50, F|81/100\n|turn|5\n|\n|t:|1776487273\n|move|p1a: Jolteon|Protect|p1a: Jolteon\n|-singleturn|p1a: Jolteon|Protect\n|move|p2a: Kingambit|Low Kick|p1b: Beartic\n|-supereffective|p1b: Beartic|1\n|-damage|p1b: Beartic|0 fnt\n|faint|p1b: Beartic\n|move|p2b: Blastoise|Dark Pulse|p1a: Jolteon\n|-activate|p1a: Jolteon|move: Protect\n|\n|-weather|RainDance|[upkeep]\n|upkeep\n|turn|6\n|c|\u2606slyvesterccd|gg\n|\n|t:|1776487285\n|move|p1a: Jolteon|Protect|p1a: Jolteon\n|-singleturn|p1a: Jolteon|Protect\n|move|p2a: Kingambit|Sucker Punch||[still]\n|-fail|p2a: Kingambit\n|move|p2b: Blastoise|Water Spout|p1a: Jolteon\n|-activate|p1a: Jolteon|move: Protect\n|\n|-weather|none\n|-fieldend|move: Trick Room\n|upkeep\n|turn|7\n|\n|t:|1776487297\n|move|p2a: Kingambit|Sucker Punch|p1a: Jolteon\n|-crit|p1a: Jolteon\n|-damage|p1a: Jolteon|0 fnt\n|faint|p1a: Jolteon\n|\n|win|slyvesterccd\n",
  "uploadtime": 1776487300,
  "views": 21,
  "formatid": "gen9championsvgc2026regma",
  "rating": null,
  "private": 0,
  "password": null
}