{
  "id": "gen9championsvgc2026regma-2588625743",
  "format": "[Gen 9 Champions] VGC 2026 Reg M-A",
  "players": [
    "Tat10F",
    "wartortcorp"
  ],
  "log": "|j|\u2606Tat10F\n|j|\u2606wartortcorp\n|t:|1776651369\n|gametype|doubles\n|player|p1|Tat10F|clair|1512\n|player|p2|wartortcorp|266|1480\n|gen|9\n|tier|[Gen 9 Champions] VGC 2026 Reg M-A\n|rated|\n|rule|Species Clause: Limit one of each Pok\u00e9mon\n|rule|Item Clause: Limit 1 of each item\n|clearpoke\n|poke|p1|Venusaur, L50, M, shiny|\n|poke|p1|Tyranitar, L50, F|\n|poke|p1|Excadrill, L50, M|\n|poke|p1|Corviknight, L50, F, shiny|\n|poke|p1|Rotom-Heat, L50|\n|poke|p1|Basculegion, L50, M|\n|poke|p2|Sinistcha-Masterpiece, L50, shiny|\n|poke|p2|Garchomp, L50, F|\n|poke|p2|Tyranitar, L50, M|\n|poke|p2|Skarmory, L50, F|\n|poke|p2|Rotom-Heat, L50|\n|poke|p2|Milotic, L50, F, shiny|\n|teampreview|4\n|l|\u2606Tat10F\n|player|p1|\n|j|\u2606Tat10F\n|player|p1|Tat10F|clair|\n|n|\u2606Tat10F|tat10f\n|inactive|Battle timer is ON: inactive players will automatically lose when time's up. (requested by wartortcorp)\n|j| do something babe\n|inactive|Tat10F has 60 seconds left.\n|\n|t:|1776651477\n|teamsize|p1|4\n|teamsize|p2|4\n|start\n|switch|p1a: Basculegion|Basculegion, L50, M|100/100\n|switch|p1b: Venusaur|Venusaur, L50, M, shiny|100/100\n|switch|p2a: Rotom|Rotom-Heat, L50|100/100\n|switch|p2b: Garchomp|Garchomp, L50, F|100/100\n|turn|1\n|inactive|wartortcorp has 30 seconds left.\n|inactive|wartortcorp has 20 seconds left.\n|inactive|wartortcorp has 15 seconds left.\n|inactive|wartortcorp has 10 seconds left.\n|\n|t:|1776651524\n|detailschange|p1b: Venusaur|Venusaur-Mega, L50, M, shiny\n|-mega|p1b: Venusaur|Venusaur|Venusaurite\n|move|p2a: Rotom|Protect|p2a: Rotom\n|-singleturn|p2a: Rotom|Protect\n|move|p1a: Basculegion|Wave Crash|p2a: Rotom\n|-activate|p2a: Rotom|move: Protect\n|move|p2b: Garchomp|Earthquake|p1b: Venusaur|[spread] p1a,p1b\n|-activate|p2a: Rotom|move: Protect\n|-crit|p1b: Venusaur\n|-damage|p1a: Basculegion|47/100\n|-damage|p1b: Venusaur|57/100\n|move|p1b: Venusaur|Giga Drain|p2b: Garchomp\n|-crit|p2b: Garchomp\n|-damage|p2b: Garchomp|46/100\n|-heal|p1b: Venusaur|83/100|[from] drain|[of] p2b: Garchomp\n|\n|upkeep\n|turn|2\n|\n|t:|1776651547\n|switch|p2a: Sinistcha|Sinistcha-Masterpiece, L50, shiny|100/100\n|-heal|p2b: Garchomp|71/100|[from] ability: Hospitality|[of] p2a: Sinistcha\n|move|p2b: Garchomp|Protect|p2b: Garchomp\n|-singleturn|p2b: Garchomp|Protect\n|move|p1a: Basculegion|Wave Crash|p2b: Garchomp\n|-activate|p2b: Garchomp|move: Protect\n|move|p1b: Venusaur|Sludge Bomb|p2a: Sinistcha\n|-damage|p2a: Sinistcha|52/100\n|\n|upkeep\n|turn|3\n|\n|t:|1776651567\n|switch|p1a: Rotom|Rotom-Heat, L50|100/100\n|move|p2b: Garchomp|Dragon Claw|p1b: Venusaur\n|-damage|p1b: Venusaur|52/100\n|move|p1b: Venusaur|Sludge Bomb|p2a: Sinistcha\n|-damage|p2a: Sinistcha|4/100\n|move|p2a: Sinistcha|Matcha Gotcha|p1a: Rotom|[spread] p1a,p1b\n|-resisted|p1a: Rotom|1\n|-resisted|p1b: Venusaur|2\n|-damage|p1a: Rotom|87/100\n|-heal|p2a: Sinistcha|10/100|[from] drain|[of] p1a: Rotom\n|-damage|p1b: Venusaur|47/100\n|-heal|p2a: Sinistcha|13/100|[from] drain|[of] p1b: Venusaur\n|\n|-heal|p1a: Rotom|93/100|[from] item: Leftovers\n|upkeep\n|turn|4\n|inactive|wartortcorp has 30 seconds left.\n|\n|t:|1776651593\n|switch|p1b: Corviknight|Corviknight, L50, F, shiny|100/100\n|move|p2b: Garchomp|Dragon Claw|p1a: Rotom\n|-damage|p1a: Rotom|60/100\n|move|p1a: Rotom|Will-O-Wisp|p2b: Garchomp\n|-status|p2b: Garchomp|brn\n|move|p2a: Sinistcha|Matcha Gotcha|p1a: Rotom|[spread] p1a\n|-miss|p2a: Sinistcha|p1b: Corviknight\n|-resisted|p1a: Rotom|1\n|-damage|p1a: Rotom|46/100\n|-heal|p2a: Sinistcha|19/100|[from] drain|[of] p1a: Rotom\n|\n|-heal|p1a: Rotom|52/100|[from] item: Leftovers\n|-damage|p2b: Garchomp|65/100 brn|[from] brn\n|upkeep\n|turn|5\n|inactive|Tat10F has 30 seconds left.\n|\n|t:|1776651622\n|switch|p2a: Rotom|Rotom-Heat, L50|100/100\n|move|p2b: Garchomp|Dragon Claw|p1a: Rotom\n|-damage|p1a: Rotom|34/100\n|move|p1a: Rotom|Volt Switch|p2a: Rotom\n|-resisted|p2a: Rotom|1\n|-damage|p2a: Rotom|89/100\n|\n|t:|1776651635\n|switch|p1a: Venusaur|Venusaur-Mega, L50, M, shiny|47/100|[from] Volt Switch\n|move|p1b: Corviknight|Iron Defense|p1b: Corviknight\n|-boost|p1b: Corviknight|def|2\n|\n|-damage|p2b: Garchomp|59/100 brn|[from] brn\n|upkeep\n|turn|6\n|\n|t:|1776651654\n|move|p2b: Garchomp|Dragon Claw|p1a: Venusaur\n|-damage|p1a: Venusaur|29/100\n|move|p2a: Rotom|Overheat|p1b: Corviknight\n|-supereffective|p1b: Corviknight|1\n|-enditem|p1b: Corviknight|Occa Berry|[eat]\n|-enditem|p1b: Corviknight|Occa Berry|[weaken]\n|-damage|p1b: Corviknight|52/100\n|-unboost|p2a: Rotom|spa|2\n|move|p1b: Corviknight|Tailwind|p1b: Corviknight\n|-sidestart|p1: Tat10F|move: Tailwind\n|move|p1a: Venusaur|Giga Drain|p2b: Garchomp\n|-damage|p2b: Garchomp|20/100 brn\n|-heal|p1a: Venusaur|49/100|[from] drain|[of] p2b: Garchomp\n|\n|-damage|p2b: Garchomp|14/100 brn|[from] brn\n|upkeep\n|turn|7\n|\n|t:|1776651673\n|switch|p2b: Sinistcha|Sinistcha-Masterpiece, L50, shiny|19/100\n|-heal|p2a: Rotom|100/100|[from] ability: Hospitality|[of] p2b: Sinistcha\n|move|p1a: Venusaur|Sludge Bomb|p2a: Rotom\n|-damage|p2a: Rotom|62/100\n|move|p1b: Corviknight|Body Press|p2a: Rotom\n|-damage|p2a: Rotom|10/100\n|-enditem|p2a: Rotom|Sitrus Berry|[eat]\n|-heal|p2a: Rotom|35/100|[from] item: Sitrus Berry\n|move|p2a: Rotom|Volt Switch|p1b: Corviknight\n|-supereffective|p1b: Corviknight|1\n|-damage|p1b: Corviknight|22/100\n|\n|t:|1776651684\n|switch|p2a: Skarmory|Skarmory, L50, F|100/100|[from] Volt Switch\n|\n|upkeep\n|turn|8\n|inactive|wartortcorp has 30 seconds left.\n|\n|t:|1776651710\n|detailschange|p2a: Skarmory|Skarmory-Mega, L50, F\n|-mega|p2a: Skarmory|Skarmory|Skarmorite\n|move|p1a: Venusaur|Protect|p1a: Venusaur\n|-singleturn|p1a: Venusaur|Protect\n|move|p1b: Corviknight|Roost|p1b: Corviknight\n|-heal|p1b: Corviknight|73/100\n|-singleturn|p1b: Corviknight|move: Roost\n|move|p2a: Skarmory|Tailwind|p2a: Skarmory\n|-sidestart|p2: wartortcorp|move: Tailwind\n|move|p2b: Sinistcha|Shadow Ball|p1b: Corviknight\n|-damage|p1b: Corviknight|37/100\n|\n|upkeep\n|turn|9\n|inactive|wartortcorp has 30 seconds left.\n|\n|t:|1776651737\n|switch|p1a: Rotom|Rotom-Heat, L50|34/100\n|move|p2b: Sinistcha|Rage Powder|p2b: Sinistcha\n|-singleturn|p2b: Sinistcha|move: Rage Powder\n|move|p2a: Skarmory|Brave Bird|p1a: Rotom\n|-resisted|p1a: Rotom|1\n|-damage|p1a: Rotom|8/100\n|-damage|p2a: Skarmory|91/100|[from] Recoil\n|move|p1b: Corviknight|Roost|p1b: Corviknight\n|-heal|p1b: Corviknight|87/100\n|-singleturn|p1b: Corviknight|move: Roost\n|\n|-heal|p1a: Rotom|13/100|[from] item: Leftovers\n|-sideend|p1: Tat10F|move: Tailwind\n|upkeep\n|turn|10\n|\n|t:|1776651761\n|move|p2a: Skarmory|Brave Bird|p1a: Rotom\n|-resisted|p1a: Rotom|1\n|-damage|p1a: Rotom|0 fnt\n|faint|p1a: Rotom\n|-damage|p2a: Skarmory|86/100|[from] Recoil\n|move|p2b: Sinistcha|Shadow Ball|p1b: Corviknight\n|-damage|p1b: Corviknight|47/100\n|move|p1b: Corviknight|Tailwind|p1b: Corviknight\n|-sidestart|p1: Tat10F|move: Tailwind\n|\n|upkeep\n|\n|t:|1776651773\n|switch|p1a: Venusaur|Venusaur-Mega, L50, M, shiny|49/100\n|turn|11\n|inactive|wartortcorp has 30 seconds left.\n|inactive|wartortcorp has 20 seconds left.\n|\n|t:|1776651810\n|move|p1a: Venusaur|Protect|p1a: Venusaur\n|-singleturn|p1a: Venusaur|Protect\n|move|p2a: Skarmory|Brave Bird|p1b: Corviknight\n|-resisted|p1b: Corviknight|1\n|-damage|p1b: Corviknight|36/100\n|-damage|p2a: Skarmory|80/100|[from] Recoil\n|move|p1b: Corviknight|Roost|p1b: Corviknight\n|-heal|p1b: Corviknight|86/100\n|-singleturn|p1b: Corviknight|move: Roost\n|move|p2b: Sinistcha|Shadow Ball|p1b: Corviknight\n|-damage|p1b: Corviknight|47/100\n|\n|-sideend|p2: wartortcorp|move: Tailwind\n|upkeep\n|turn|12\n|inactive|wartortcorp has 30 seconds left.\n|\n|t:|1776651839\n|move|p1a: Venusaur|Sludge Bomb|p2b: Sinistcha\n|-damage|p2b: Sinistcha|0 fnt\n|faint|p2b: Sinistcha\n|move|p1b: Corviknight|Roost|p1b: Corviknight\n|-heal|p1b: Corviknight|98/100\n|-singleturn|p1b: Corviknight|move: Roost\n|move|p2a: Skarmory|Tailwind|p2a: Skarmory\n|-sidestart|p2: wartortcorp|move: Tailwind\n|\n|upkeep\n|\n|t:|1776651845\n|switch|p2b: Rotom|Rotom-Heat, L50|35/100\n|turn|13\n|inactive|Tat10F has 30 seconds left.\n|\n|t:|1776651872\n|move|p2a: Skarmory|Brave Bird|p1a: Venusaur\n|-supereffective|p1a: Venusaur|1\n|-damage|p1a: Venusaur|0 fnt\n|faint|p1a: Venusaur\n|-damage|p2a: Skarmory|60/100|[from] Recoil\n|move|p2b: Rotom|Overheat|p1b: Corviknight\n|-supereffective|p1b: Corviknight|1\n|-damage|p1b: Corviknight|0 fnt\n|-unboost|p2b: Rotom|spa|2\n|faint|p1b: Corviknight\n|\n|-sideend|p1: Tat10F|move: Tailwind\n|upkeep\n|\n|t:|1776651884\n|switch|p1b: Basculegion|Basculegion, L50, M|47/100\n|turn|14\n|-message|Tat10F forfeited.\n|\n|win|wartortcorp\n|raw|Tat10F's rating: 1512 &rarr; <strong>1490</strong><br />(-22 for losing)\n|raw|wartortcorp's rating: 1480 &rarr; <strong>1502</strong><br />(+22 for winning)\n|l|\u2606Tat10F\n|player|p1|\n",
  "uploadtime": 1776651900,
  "views": 5,
  "formatid": "gen9championsvgc2026regma",
  "rating": 1490,
  "private": 0,
  "password": null
}