{
  "id": "gen9championsvgc2026regma-2588270718",
  "format": "[Gen 9 Champions] VGC 2026 Reg M-A",
  "players": [
    "estarla",
    "WhaleKiller"
  ],
  "log": "|j|\u2606estarla\n|j|\u2606WhaleKiller\n|t:|1776619776\n|gametype|doubles\n|player|p1|estarla|102|1000\n|player|p2|WhaleKiller|bellelba|1000\n|gen|9\n|tier|[Gen 9 Champions] VGC 2026 Reg M-A\n|rated|\n|rule|Species Clause: Limit one of each Pok\u00e9mon\n|rule|Item Clause: Limit 1 of each item\n|clearpoke\n|poke|p1|Ninetales-Alola, L50, M, shiny|\n|poke|p1|Milotic, L50, F|\n|poke|p1|Aerodactyl, L50, F|\n|poke|p1|Kangaskhan, L50, F|\n|poke|p1|Aegislash, L50, F, shiny|\n|poke|p1|Rotom-Mow, L50|\n|poke|p2|Charizard, L50, F|\n|poke|p2|Venusaur, L50, F|\n|poke|p2|Sableye, L50, F|\n|poke|p2|Gyarados, L50, F|\n|poke|p2|Sneasler, L50, F|\n|poke|p2|Garchomp, L50, F|\n|teampreview|4\nWhaleKiller has agreed to open team sheets.\n|inactive|Battle timer is ON: inactive players will automatically lose when time's up. (requested by WhaleKiller)\n|\n|t:|1776619800\n|teamsize|p1|4\n|teamsize|p2|4\n|start\n|switch|p1a: Aerodactyl|Aerodactyl, L50, F|100/100\n|switch|p1b: Rotom|Rotom-Mow, L50|100/100\n|switch|p2a: Gyarados|Gyarados, L50, F|100/100\n|switch|p2b: Sneasler|Sneasler, L50, F|100/100\n|-ability|p1a: Aerodactyl|Unnerve\n|-ability|p2a: Gyarados|Intimidate|boost\n|-unboost|p1a: Aerodactyl|atk|1\n|-unboost|p1b: Rotom|atk|1\n|turn|1\n|\n|t:|1776619821\n|detailschange|p2a: Gyarados|Gyarados-Mega, L50, F\n|-mega|p2a: Gyarados|Gyarados|Gyaradosite\n|-ability|p2a: Gyarados|Mold Breaker\n|move|p1a: Aerodactyl|Protect|p1a: Aerodactyl\n|-singleturn|p1a: Aerodactyl|Protect\n|move|p2b: Sneasler|Fake Out|p1a: Aerodactyl\n|-activate|p1a: Aerodactyl|move: Protect\n|move|p1b: Rotom|Thunderbolt|p2a: Gyarados\n|-supereffective|p2a: Gyarados|1\n|-damage|p2a: Gyarados|38/100\n|move|p2a: Gyarados|Lash Out|p1b: Rotom\n|-damage|p1b: Rotom|39/100\n|\n|upkeep\n|turn|2\n|\n|t:|1776619842\n|detailschange|p1a: Aerodactyl|Aerodactyl-Mega, L50, F\n|-mega|p1a: Aerodactyl|Aerodactyl|Aerodactylite\n|move|p1b: Rotom|Thunderbolt|p2a: Gyarados\n|-supereffective|p2a: Gyarados|1\n|-damage|p2a: Gyarados|0 fnt\n|faint|p2a: Gyarados\n|move|p1a: Aerodactyl|Dual Wingbeat|p2b: Sneasler|[miss]\n|-miss|p1a: Aerodactyl|p2b: Sneasler\n|move|p2b: Sneasler|Dire Claw|p1b: Rotom\n|-supereffective|p1b: Rotom|1\n|-damage|p1b: Rotom|0 fnt\n|faint|p1b: Rotom\n|\n|upkeep\n|\n|t:|1776619857\n|switch|p1b: Ninetales|Ninetales-Alola, L50, M, shiny|100/100\n|switch|p2a: Charizard|Charizard, L50, F|100/100\n|-weather|Snowscape|[from] ability: Snow Warning|[of] p1b: Ninetales\n|turn|3\n|\n|t:|1776619869\n|move|p2a: Charizard|Heat Wave|p1b: Ninetales|[spread] p1a,p1b\n|-resisted|p1a: Aerodactyl|1\n|-supereffective|p1b: Ninetales|1\n|-damage|p1a: Aerodactyl|81/100\n|-damage|p1b: Ninetales|23/100\n|move|p1a: Aerodactyl|Dual Wingbeat|p2b: Sneasler\n|-supereffective|p2b: Sneasler|1\n|-damage|p2b: Sneasler|30/100\n|-supereffective|p2b: Sneasler|1\n|-damage|p2b: Sneasler|0 fnt\n|faint|p2b: Sneasler\n|-hitcount|p2: Sneasler|2\n|move|p1b: Ninetales|Blizzard|p2a: Charizard\n|-damage|p2a: Charizard|45/100\n|\n|-weather|Snowscape|[upkeep]\n|upkeep\n|\n|t:|1776619877\n|switch|p2b: Venusaur|Venusaur, L50, F|100/100\n|turn|4\n|\n|t:|1776619886\n|switch|p1b: Milotic|Milotic, L50, F|100/100\n|move|p2a: Charizard|Heat Wave|p1b: Milotic|[spread] p1b\n|-miss|p2a: Charizard|p1a: Aerodactyl\n|-resisted|p1b: Milotic|1\n|-damage|p1b: Milotic|90/100\n|-status|p1b: Milotic|brn\n|move|p1a: Aerodactyl|Rock Slide|p2b: Venusaur|[spread] p2b\n|-miss|p1a: Aerodactyl|p2a: Charizard\n|-damage|p2b: Venusaur|71/100\n|move|p2b: Venusaur|Weather Ball|p1a: Aerodactyl\n|-supereffective|p1a: Aerodactyl|1\n|-damage|p1a: Aerodactyl|2/100\n|\n|-weather|Snowscape|[upkeep]\n|-heal|p1b: Milotic|96/100 brn|[from] item: Leftovers\n|-damage|p1b: Milotic|90/100 brn|[from] brn\n|upkeep\n|turn|5\n|\n|t:|1776619905\n|move|p2a: Charizard|Heat Wave|p1b: Milotic|[spread] p1b\n|-miss|p2a: Charizard|p1a: Aerodactyl\n|-resisted|p1b: Milotic|1\n|-crit|p1b: Milotic\n|-damage|p1b: Milotic|75/100 brn\n|move|p1a: Aerodactyl|Rock Slide|p2a: Charizard|[spread] p2a,p2b\n|-supereffective|p2a: Charizard|2\n|-crit|p2a: Charizard\n|-damage|p2a: Charizard|0 fnt\n|-damage|p2b: Venusaur|44/100\n|faint|p2a: Charizard\n|cant|p2b: Venusaur|flinch\n|move|p1b: Milotic|Scald|p2b: Venusaur\n|-resisted|p2b: Venusaur|1\n|-damage|p2b: Venusaur|27/100\n|\n|-weather|Snowscape|[upkeep]\n|-heal|p1b: Milotic|81/100 brn|[from] item: Leftovers\n|-damage|p1b: Milotic|75/100 brn|[from] brn\n|upkeep\n|turn|6\n|-message|WhaleKiller forfeited.\n|\n|win|estarla\n|raw|estarla's rating: 1000 &rarr; <strong>1040</strong><br />(+40 for winning)\n|raw|WhaleKiller's rating: 1000 &rarr; <strong>1000</strong><br />(+0 for losing)\n|l|\u2606WhaleKiller\n|player|p2|\n",
  "uploadtime": 1776619916,
  "views": 9,
  "formatid": "gen9championsvgc2026regma",
  "rating": 1000,
  "private": 0,
  "password": null
}