{
  "id": "gen9championsvgc2026regma-2588925363",
  "format": "[Gen 9 Champions] VGC 2026 Reg M-A",
  "players": [
    "woahwut",
    "jingming"
  ],
  "log": "|j|\u2606woahwut\n|j|\u2606jingming\n|t:|1776686467\n|gametype|doubles\n|player|p1|woahwut|169|1194\n|player|p2|jingming|rosa|1244\n|gen|9\n|tier|[Gen 9 Champions] VGC 2026 Reg M-A\n|rated|\n|rule|Species Clause: Limit one of each Pok\u00e9mon\n|rule|Item Clause: Limit 1 of each item\n|clearpoke\n|poke|p1|Aegislash, L50, M|\n|poke|p1|Politoed, L50, F|\n|poke|p1|Archaludon, L50, F|\n|poke|p1|Gyarados, L50, M|\n|poke|p1|Quaquaval, L50, M|\n|poke|p1|Gengar, L50, F|\n|poke|p2|Aerodactyl, L50, M|\n|poke|p2|Tyranitar, L50, M|\n|poke|p2|Excadrill, L50, F|\n|poke|p2|Corviknight, L50, F|\n|poke|p2|Sinistcha, L50|\n|poke|p2|Dragapult, L50, M|\n|teampreview|4\n|inactive|Battle timer is ON: inactive players will automatically lose when time's up. (requested by jingming)\n|inactive|woahwut has 60 seconds left.\n|inactive|jingming has 60 seconds left.\n|\n|t:|1776686512\n|teamsize|p1|4\n|teamsize|p2|4\n|start\n|switch|p1a: Gyarados|Gyarados, L50, M|100/100\n|switch|p1b: Quaquaval|Quaquaval, L50, M|100/100\n|switch|p2a: Excadrill|Excadrill, L50, F|100/100\n|switch|p2b: Tyranitar|Tyranitar, L50, M|100/100\n|-ability|p1a: Gyarados|Intimidate|boost\n|-unboost|p2a: Excadrill|atk|1\n|-unboost|p2b: Tyranitar|atk|1\n|-weather|Sandstorm|[from] ability: Sand Stream|[of] p2b: Tyranitar\n|turn|1\n|\n|t:|1776686536\n|move|p1a: Gyarados|Protect|p1a: Gyarados\n|-singleturn|p1a: Gyarados|Protect\n|move|p2a: Excadrill|Rock Slide|p1a: Gyarados|[spread] p1b\n|-activate|p1a: Gyarados|move: Protect\n|-resisted|p1b: Quaquaval|1\n|-damage|p1b: Quaquaval|92/100\n|move|p1b: Quaquaval|Low Kick|p2b: Tyranitar\n|-supereffective|p2b: Tyranitar|2\n|-damage|p2b: Tyranitar|0 fnt\n|faint|p2b: Tyranitar\n|\n|-weather|Sandstorm|[upkeep]\n|-damage|p1b: Quaquaval|86/100|[from] Sandstorm\n|-damage|p1a: Gyarados|95/100|[from] Sandstorm\n|upkeep\n|\n|t:|1776686546\n|switch|p2b: Dragapult|Dragapult, L50, M|100/100\n|turn|2\n|\n|t:|1776686571\n|switch|p2a: Sinistcha|Sinistcha, L50|100/100\n|switch|p1b: Politoed|Politoed, L50, F|100/100\n|-weather|RainDance|[from] ability: Drizzle|[of] p1b: Politoed\n|detailschange|p1a: Gyarados|Gyarados-Mega, L50, M\n|-mega|p1a: Gyarados|Gyarados|Gyaradosite\n|-ability|p1a: Gyarados|Mold Breaker\n|move|p2b: Dragapult|Will-O-Wisp|p1a: Gyarados|[miss]\n|-miss|p2b: Dragapult|p1a: Gyarados\n|move|p1a: Gyarados|Dragon Dance|p1a: Gyarados\n|-boost|p1a: Gyarados|atk|1\n|-boost|p1a: Gyarados|spe|1\n|\n|-weather|RainDance|[upkeep]\n|upkeep\n|turn|3\n|inactive|woahwut has 30 seconds left.\n|inactive|woahwut has 20 seconds left.\n|\n|t:|1776686609\n|move|p1b: Politoed|Helping Hand|p1a: Gyarados\n|-singleturn|p1a: Gyarados|Helping Hand|[of] p1b: Politoed\n|move|p2b: Dragapult|Protect|p2b: Dragapult\n|-singleturn|p2b: Dragapult|Protect\n|move|p1a: Gyarados|Crunch|p2b: Dragapult\n|-activate|p2b: Dragapult|move: Protect\n|move|p2a: Sinistcha|Trick Room|p2a: Sinistcha\n|-fieldstart|move: Trick Room|[of] p2a: Sinistcha\n|\n|-weather|RainDance|[upkeep]\n|upkeep\n|turn|4\n|\n|t:|1776686628\n|move|p2a: Sinistcha|Matcha Gotcha|p1b: Politoed|[spread] p1a,p1b\n|-supereffective|p1a: Gyarados|1\n|-supereffective|p1b: Politoed|1\n|-damage|p1a: Gyarados|64/100\n|-damage|p1b: Politoed|60/100\n|move|p1b: Politoed|Ice Beam|p2b: Dragapult\n|-supereffective|p2b: Dragapult|1\n|-damage|p2b: Dragapult|51/100\n|move|p1a: Gyarados|Crunch|p2b: Dragapult\n|-supereffective|p2b: Dragapult|1\n|-damage|p2b: Dragapult|0 fnt\n|faint|p2b: Dragapult\n|\n|-weather|RainDance|[upkeep]\n|upkeep\n|\n|t:|1776686640\n|switch|p2b: Excadrill|Excadrill, L50, F|100/100\n|turn|5\n|\n|t:|1776686657\n|move|p1b: Politoed|Protect|p1b: Politoed\n|-singleturn|p1b: Politoed|Protect\n|move|p1a: Gyarados|Protect|p1a: Gyarados\n|-singleturn|p1a: Gyarados|Protect\n|move|p2a: Sinistcha|Matcha Gotcha|p1a: Gyarados|[spread] \n|-activate|p1a: Gyarados|move: Protect\n|-activate|p1b: Politoed|move: Protect\n|move|p2b: Excadrill|Earthquake|p1a: Gyarados|[spread] p2a\n|-activate|p1a: Gyarados|move: Protect\n|-activate|p1b: Politoed|move: Protect\n|-resisted|p2a: Sinistcha|1\n|-damage|p2a: Sinistcha|85/100\n|\n|-weather|RainDance|[upkeep]\n|upkeep\n|turn|6\n|\n|t:|1776686679\n|move|p2a: Sinistcha|Matcha Gotcha|p1a: Gyarados|[spread] p1a\n|-miss|p2a: Sinistcha|p1b: Politoed\n|-supereffective|p1a: Gyarados|1\n|-damage|p1a: Gyarados|30/100\n|-heal|p2a: Sinistcha|100/100|[from] drain|[of] p1a: Gyarados\n|move|p1b: Politoed|Weather Ball|p2b: Excadrill\n|-supereffective|p2b: Excadrill|1\n|-damage|p2b: Excadrill|0 fnt\n|faint|p2b: Excadrill\n|move|p1a: Gyarados|Crunch|p2a: Sinistcha\n|-supereffective|p2a: Sinistcha|1\n|-damage|p2a: Sinistcha|0 fnt\n|faint|p2a: Sinistcha\n|\n|win|woahwut\n|raw|woahwut's rating: 1194 &rarr; <strong>1223</strong><br />(+29 for winning)\n|raw|jingming's rating: 1244 &rarr; <strong>1215</strong><br />(-29 for losing)\n|l|\u2606woahwut\n|player|p1|\n|l|\u2606jingming\n|player|p2|\n|j|\u2606jingming\n|player|p2|jingming|rosa|\n",
  "uploadtime": 1776686736,
  "views": 17,
  "formatid": "gen9championsvgc2026regma",
  "rating": 1215,
  "private": 0,
  "password": null
}