{
  "id": "gen9championsvgc2026regma-2582786004",
  "format": "[Gen 9 Champions] VGC 2026 Reg M-A",
  "players": [
    "NotTheRealAdo",
    "NobleSeven"
  ],
  "log": "|j|\u2606NotTheRealAdo\n|j|\u2606NobleSeven\n|t:|1776114015\n|gametype|doubles\n|player|p1|NotTheRealAdo|karen|1260\n|player|p2|NobleSeven|266|1324\n|gen|9\n|tier|[Gen 9 Champions] VGC 2026 Reg M-A\n|rated|\n|rule|Species Clause: Limit one of each Pok\u00e9mon\n|rule|Item Clause: Limit 1 of each item\n|clearpoke\n|poke|p1|Floette-Eternal, L50, F|\n|poke|p1|Incineroar, L50, F|\n|poke|p1|Garchomp, L50, M|\n|poke|p1|Sneasler, L50, F|\n|poke|p1|Rotom-Wash, L50|\n|poke|p1|Aerodactyl, L50, M|\n|poke|p2|Pelipper, L50, M|\n|poke|p2|Archaludon, L50, M|\n|poke|p2|Meganium, L50, M|\n|poke|p2|Sneasler, L50, M|\n|poke|p2|Basculegion, L50, M|\n|poke|p2|Sinistcha, L50|\n|teampreview|4\n|\n|t:|1776114044\n|teamsize|p1|4\n|teamsize|p2|4\n|start\n|switch|p1a: Aerodactyl|Aerodactyl, L50, M|100/100\n|switch|p1b: Rotom|Rotom-Wash, L50|100/100\n|switch|p2a: Pelipper|Pelipper, L50, M|100/100\n|switch|p2b: Archaludon|Archaludon, L50, M|100/100\n|-ability|p1a: Aerodactyl|Unnerve\n|-weather|RainDance|[from] ability: Drizzle|[of] p2a: Pelipper\n|turn|1\n|\n|t:|1776114073\n|switch|p2a: Sinistcha|Sinistcha, L50|100/100\n|move|p1b: Rotom|Volt Switch|p2a: Sinistcha\n|-resisted|p2a: Sinistcha|1\n|-damage|p2a: Sinistcha|85/100\n|\n|t:|1776114080\n|switch|p1b: Sneasler|Sneasler, L50, F|100/100|[from] Volt Switch\n|move|p1a: Aerodactyl|Tailwind|p1a: Aerodactyl\n|-sidestart|p1: NotTheRealAdo|move: Tailwind\n|move|p2b: Archaludon|Electro Shot||[still]\n|-prepare|p2b: Archaludon|Electro Shot\n|-boost|p2b: Archaludon|spa|1\n|-anim|p2b: Archaludon|Electro Shot|p1a: Aerodactyl\n|-supereffective|p1a: Aerodactyl|1\n|-enditem|p1a: Aerodactyl|Focus Sash\n|-damage|p1a: Aerodactyl|1/100\n|\n|-weather|RainDance|[upkeep]\n|upkeep\n|turn|2\n|\n|t:|1776114104\n|move|p2a: Sinistcha|Rage Powder|p2a: Sinistcha\n|-singleturn|p2a: Sinistcha|move: Rage Powder\n|move|p1a: Aerodactyl|Rock Slide|p2a: Sinistcha|[spread] p2a,p2b\n|-resisted|p2b: Archaludon|1\n|-damage|p2a: Sinistcha|65/100\n|-damage|p2b: Archaludon|91/100\n|move|p1b: Sneasler|Close Combat|p2a: Sinistcha\n|-immune|p2a: Sinistcha\n|cant|p2b: Archaludon|flinch\n|\n|-weather|RainDance|[upkeep]\n|upkeep\n|turn|3\n|\n|t:|1776114125\n|move|p2a: Sinistcha|Rage Powder|p2a: Sinistcha\n|-singleturn|p2a: Sinistcha|move: Rage Powder\n|move|p1a: Aerodactyl|Dual Wingbeat|p2a: Sinistcha\n|-supereffective|p2a: Sinistcha|1\n|-damage|p2a: Sinistcha|36/100\n|-supereffective|p2a: Sinistcha|1\n|-damage|p2a: Sinistcha|8/100\n|-hitcount|p2a: Sinistcha|2\n|move|p1b: Sneasler|Dire Claw|p2a: Sinistcha\n|-damage|p2a: Sinistcha|0 fnt\n|faint|p2a: Sinistcha\n|move|p2b: Archaludon|Electro Shot||[still]\n|-prepare|p2b: Archaludon|Electro Shot\n|-boost|p2b: Archaludon|spa|1\n|-anim|p2b: Archaludon|Electro Shot|p1b: Sneasler\n|-damage|p1b: Sneasler|8/100\n|\n|-weather|RainDance|[upkeep]\n|upkeep\n|\n|t:|1776114140\n|switch|p2a: Basculegion|Basculegion, L50, M|100/100\n|turn|4\n|\n|t:|1776114154\n|move|p1a: Aerodactyl|Protect|p1a: Aerodactyl\n|-singleturn|p1a: Aerodactyl|Protect\n|move|p1b: Sneasler|Protect|p1b: Sneasler\n|-singleturn|p1b: Sneasler|Protect\n|move|p2b: Archaludon|Protect|p2b: Archaludon\n|-singleturn|p2b: Archaludon|Protect\n|move|p2a: Basculegion|Aqua Jet|p1b: Sneasler\n|-activate|p1b: Sneasler|move: Protect\n|\n|-weather|RainDance|[upkeep]\n|-sideend|p1: NotTheRealAdo|move: Tailwind\n|upkeep\n|turn|5\n|\n|t:|1776114180\n|move|p2a: Basculegion|Aqua Jet|p1b: Sneasler\n|-damage|p1b: Sneasler|0 fnt\n|faint|p1b: Sneasler\n|move|p1a: Aerodactyl|Tailwind|p1a: Aerodactyl\n|-sidestart|p1: NotTheRealAdo|move: Tailwind\n|move|p2b: Archaludon|Electro Shot||[still]\n|-prepare|p2b: Archaludon|Electro Shot\n|-boost|p2b: Archaludon|spa|1\n|-anim|p2b: Archaludon|Electro Shot|p1a: Aerodactyl\n|-supereffective|p1a: Aerodactyl|1\n|-damage|p1a: Aerodactyl|0 fnt\n|faint|p1a: Aerodactyl\n|\n|-weather|none\n|upkeep\n|\n|t:|1776114186\n|switch|p1a: Mary Poppins|Floette-Eternal, L50, F|100/100\n|switch|p1b: Rotom|Rotom-Wash, L50|100/100\n|turn|6\n|\n|t:|1776114226\n|switch|p2a: Pelipper|Pelipper, L50, M|100/100\n|-weather|RainDance|[from] ability: Drizzle|[of] p2a: Pelipper\n|detailschange|p1a: Mary Poppins|Floette-Mega, L50, F\n|-mega|p1a: Mary Poppins|Floette|Floettite\n|-ability|p1a: Mary Poppins|Fairy Aura\n|move|p1b: Rotom|Electroweb|p2a: Pelipper|[spread] p2a,p2b\n|-supereffective|p2a: Pelipper|2\n|-resisted|p2b: Archaludon|1\n|-enditem|p2a: Pelipper|Focus Sash\n|-damage|p2a: Pelipper|1/100\n|-damage|p2b: Archaludon|82/100\n|-unboost|p2a: Pelipper|spe|1\n|-unboost|p2b: Archaludon|spe|1\n|move|p1a: Mary Poppins|Dazzling Gleam|p2a: Pelipper|[spread] p2a,p2b\n|-damage|p2a: Pelipper|0 fnt\n|-damage|p2b: Archaludon|24/100\n|-enditem|p2b: Archaludon|Sitrus Berry|[eat]\n|-heal|p2b: Archaludon|49/100|[from] item: Sitrus Berry\n|faint|p2a: Pelipper\n|move|p2b: Archaludon|Flash Cannon|p1a: Mary Poppins\n|-supereffective|p1a: Mary Poppins|1\n|-damage|p1a: Mary Poppins|0 fnt\n|faint|p1a: Mary Poppins\n|\n|-weather|RainDance|[upkeep]\n|upkeep\n|\n|t:|1776114246\n|switch|p2a: Basculegion|Basculegion, L50, M|100/100\n|turn|7\n|\n|t:|1776114260\n|move|p1b: Rotom|Electroweb|p2a: Basculegion|[spread] p2a,p2b\n|-supereffective|p2a: Basculegion|1\n|-resisted|p2b: Archaludon|1\n|-damage|p2a: Basculegion|64/100\n|-damage|p2b: Archaludon|38/100\n|-unboost|p2a: Basculegion|spe|1\n|-unboost|p2b: Archaludon|spe|1\n|move|p2a: Basculegion|Wave Crash|p1b: Rotom\n|-resisted|p1b: Rotom|1\n|-damage|p1b: Rotom|41/100\n|-damage|p2a: Basculegion|49/100|[from] Recoil\n|move|p2b: Archaludon|Electro Shot||[still]\n|-prepare|p2b: Archaludon|Electro Shot\n|-boost|p2b: Archaludon|spa|1\n|-anim|p2b: Archaludon|Electro Shot|p1b: Rotom\n|-damage|p1b: Rotom|0 fnt\n|faint|p1b: Rotom\n|\n|win|NobleSeven\n|raw|NotTheRealAdo's rating: 1260 &rarr; <strong>1240</strong><br />(-20 for losing)\n|raw|NobleSeven's rating: 1324 &rarr; <strong>1340</strong><br />(+16 for winning)\n|l|\u2606NobleSeven\n|player|p2|\n",
  "uploadtime": 1776114279,
  "views": 37,
  "formatid": "gen9championsvgc2026regma",
  "rating": 1240,
  "private": 0,
  "password": null
}