{
  "id": "gen9championsvgc2026regma-2588278418",
  "format": "[Gen 9 Champions] VGC 2026 Reg M-A",
  "players": [
    "Vomit247",
    "Braute"
  ],
  "log": "|j|\u2606Vomit247\n|j|\u2606Braute\n|t:|1776620420\n|gametype|doubles\n|player|p1|Vomit247|2|1311\n|player|p2|Braute|miku-fire|1323\n|gen|9\n|tier|[Gen 9 Champions] VGC 2026 Reg M-A\n|rated|\n|rule|Species Clause: Limit one of each Pok\u00e9mon\n|rule|Item Clause: Limit 1 of each item\n|clearpoke\n|poke|p1|Gardevoir, L50, F|\n|poke|p1|Incineroar, L50, M|\n|poke|p1|Sneasler, L50, M|\n|poke|p1|Talonflame, L50, F|\n|poke|p1|Sinistcha, L50|\n|poke|p1|Garchomp, L50, F|\n|poke|p2|Scizor, L50, M|\n|poke|p2|Sneasler, L50, M|\n|poke|p2|Pelipper, L50, M|\n|poke|p2|Basculegion, L50, M|\n|poke|p2|Archaludon, L50, F|\n|poke|p2|Meganium, L50, F|\n|teampreview|4\n|inactive|Battle timer is ON: inactive players will automatically lose when time's up. (requested by Braute)\n|inactive|Vomit247 has 60 seconds left.\n|inactive|Braute has 60 seconds left.\n|\n|t:|1776620466\n|teamsize|p1|4\n|teamsize|p2|4\n|start\n|switch|p1a: Sneasler|Sneasler, L50, M|100/100\n|switch|p1b: Talonflame|Talonflame, L50, F|100/100\n|switch|p2a: Pelipper|Pelipper, L50, M|100/100\n|switch|p2b: Basculegion|Basculegion, L50, M|100/100\n|-weather|RainDance|[from] ability: Drizzle|[of] p2a: Pelipper\n|turn|1\n|inactive|Vomit247 has 30 seconds left.\n|\n|t:|1776620495\n|move|p1a: Sneasler|Fake Out|p2a: Pelipper\n|-damage|p2a: Pelipper|81/100\n|move|p1b: Talonflame|Tailwind|p1b: Talonflame\n|-sidestart|p1: Vomit247|move: Tailwind\n|move|p2b: Basculegion|Liquidation|p1b: Talonflame\n|-supereffective|p1b: Talonflame|1\n|-damage|p1b: Talonflame|0 fnt\n|faint|p1b: Talonflame\n|cant|p2a: Pelipper|flinch\n|\n|-weather|RainDance|[upkeep]\n|upkeep\n|\n|t:|1776620508\n|switch|p1b: Gardevoir|Gardevoir, L50, F|100/100\n|turn|2\n|\n|t:|1776620519\n|switch|p1a: Incineroar|Incineroar, L50, M|100/100\n|-ability|p1a: Incineroar|Intimidate|boost\n|-unboost|p2a: Pelipper|atk|1\n|-unboost|p2b: Basculegion|atk|1\n|detailschange|p1b: Gardevoir|Gardevoir-Mega, L50, F\n|-mega|p1b: Gardevoir|Gardevoir|Gardevoirite\n|move|p1b: Gardevoir|Hyper Voice|p2b: Basculegion|[spread] p2a,p2b\n|-damage|p2a: Pelipper|0 fnt\n|-damage|p2b: Basculegion|42/100\n|faint|p2a: Pelipper\n|move|p2b: Basculegion|Liquidation|p1a: Incineroar\n|-supereffective|p1a: Incineroar|1\n|-damage|p1a: Incineroar|29/100\n|-enditem|p1a: Incineroar|Sitrus Berry|[eat]\n|-heal|p1a: Incineroar|54/100|[from] item: Sitrus Berry\n|\n|-weather|RainDance|[upkeep]\n|upkeep\n|\n|t:|1776620533\n|switch|p2a: Meganium|Meganium, L50, F|100/100\n|turn|3\n|\n|t:|1776620546\n|switch|p2b: Archaludon|Archaludon, L50, F|100/100\n|switch|p1a: Sneasler|Sneasler, L50, M|100/100\n|move|p2a: Meganium|Protect|p2a: Meganium\n|-singleturn|p2a: Meganium|Protect\n|move|p1b: Gardevoir|Hyper Voice|p2a: Meganium|[spread] p2b\n|-activate|p2a: Meganium|move: Protect\n|-damage|p2b: Archaludon|31/100\n|\n|-weather|RainDance|[upkeep]\n|upkeep\n|turn|4\n|\n|t:|1776620569\n|detailschange|p2a: Meganium|Meganium-Mega, L50, F\n|-mega|p2a: Meganium|Meganium|Meganiumite\n|move|p2b: Archaludon|Protect|p2b: Archaludon\n|-singleturn|p2b: Archaludon|Protect\n|move|p1a: Sneasler|Dire Claw|p2a: Meganium\n|-supereffective|p2a: Meganium|2\n|-damage|p2a: Meganium|0 fnt\n|faint|p2a: Meganium\n|move|p1b: Gardevoir|Hyper Voice|p2b: Archaludon\n|-activate|p2b: Archaludon|move: Protect\n|\n|-weather|RainDance|[upkeep]\n|-sideend|p1: Vomit247|move: Tailwind\n|upkeep\n|\n|t:|1776620574\n|switch|p2a: Basculegion|Basculegion, L50, M|42/100\n|turn|5\n|\n|t:|1776620588\n|move|p1b: Gardevoir|Protect|p1b: Gardevoir\n|-singleturn|p1b: Gardevoir|Protect\n|move|p2a: Basculegion|Liquidation|p1a: Sneasler\n|-damage|p1a: Sneasler|0 fnt\n|faint|p1a: Sneasler\n|move|p2b: Archaludon|Electro Shot||[still]\n|-prepare|p2b: Archaludon|Electro Shot\n|-boost|p2b: Archaludon|spa|1\n|-anim|p2b: Archaludon|Electro Shot|p1b: Gardevoir\n|-activate|p1b: Gardevoir|move: Protect\n|\n|-weather|none\n|upkeep\n|\n|t:|1776620595\n|switch|p1a: Incineroar|Incineroar, L50, M|54/100\n|-ability|p1a: Incineroar|Intimidate|boost\n|-unboost|p2a: Basculegion|atk|1\n|-unboost|p2b: Archaludon|atk|1\n|turn|6\n|\n|t:|1776620607\n|move|p2b: Archaludon|Protect|p2b: Archaludon\n|-singleturn|p2b: Archaludon|Protect\n|move|p1b: Gardevoir|Hyper Voice|p2b: Archaludon|[spread] p2a\n|-activate|p2b: Archaludon|move: Protect\n|-damage|p2a: Basculegion|0 fnt\n|faint|p2a: Basculegion\n|move|p1a: Incineroar|Throat Chop|p2b: Archaludon\n|-activate|p2b: Archaludon|move: Protect\n|\n|upkeep\n|turn|7\n|\n|t:|1776620621\n|move|p2b: Archaludon|Flash Cannon|p1b: Gardevoir\n|-supereffective|p1b: Gardevoir|1\n|-damage|p1b: Gardevoir|3/100\n|move|p1b: Gardevoir|Hyper Voice|p2b: Archaludon\n|-damage|p2b: Archaludon|0 fnt\n|faint|p2b: Archaludon\n|\n|win|Vomit247\n|raw|Vomit247's rating: 1311 &rarr; <strong>1332</strong><br />(+21 for winning)\n|raw|Braute's rating: 1323 &rarr; <strong>1302</strong><br />(-21 for losing)\n",
  "uploadtime": 1776620621,
  "views": 11,
  "formatid": "gen9championsvgc2026regma",
  "rating": 1302,
  "private": 0,
  "password": null
}