{
  "id": "gen9championsvgc2026regma-2581069863",
  "format": "[Gen 9 Champions] VGC 2026 Reg M-A",
  "players": [
    "AlexxisIdk658",
    "Slimeko325"
  ],
  "log": "|j|\u2606AlexxisIdk658\n|j|\u2606Slimeko325\n|t:|1775956999\n|gametype|doubles\n|player|p1|AlexxisIdk658|gambler|1058\n|player|p2|Slimeko325|lucas|1050\n|gen|9\n|tier|[Gen 9 Champions] VGC 2026 Reg M-A\n|rated|\n|rule|Species Clause: Limit one of each Pok\u00e9mon\n|rule|Item Clause: Limit 1 of each item\n|clearpoke\n|poke|p1|Gengar, L50, F|\n|poke|p1|Whimsicott, L50, F|\n|poke|p1|Archaludon, L50, M|\n|poke|p1|Politoed, L50, F|\n|poke|p1|Incineroar, L50, M|\n|poke|p1|Dragonite, L50, M|\n|poke|p2|Blastoise, L50, F|\n|poke|p2|Maushold-Four, L50|\n|poke|p2|Archaludon, L50, M|\n|poke|p2|Sinistcha, L50|\n|poke|p2|Basculegion, L50, M|\n|poke|p2|Pelipper, L50, F|\n|teampreview|4\n|inactive|Battle timer is ON: inactive players will automatically lose when time's up. (requested by Slimeko325)\n|\n|t:|1775957028\n|teamsize|p1|4\n|teamsize|p2|4\n|start\n|switch|p1a: Gengar|Gengar, L50, F|100/100\n|switch|p1b: Whimsicott|Whimsicott, L50, F|100/100\n|switch|p2a: Blastoise|Blastoise, L50, F|100/100\n|switch|p2b: Maushold|Maushold-Four, L50|100/100\n|turn|1\n|\n|t:|1775957052\n|detailschange|p1a: Gengar|Gengar-Mega, L50, F\n|-mega|p1a: Gengar|Gengar|Gengarite\n|detailschange|p2a: Blastoise|Blastoise-Mega, L50, F\n|-mega|p2a: Blastoise|Blastoise|Blastoisinite\n|move|p1a: Gengar|Protect|p1a: Gengar\n|-singleturn|p1a: Gengar|Protect\n|move|p2b: Maushold|Follow Me|p2b: Maushold\n|-singleturn|p2b: Maushold|move: Follow Me\n|move|p1b: Whimsicott|Tailwind|p1b: Whimsicott\n|-sidestart|p1: AlexxisIdk658|move: Tailwind\n|move|p2a: Blastoise|Shell Smash|p2a: Blastoise\n|-unboost|p2a: Blastoise|def|1\n|-unboost|p2a: Blastoise|spd|1\n|-boost|p2a: Blastoise|atk|2\n|-boost|p2a: Blastoise|spa|2\n|-boost|p2a: Blastoise|spe|2\n|\n|upkeep\n|turn|2\n|inactive|AlexxisIdk658 has 30 seconds left.\n|\n|t:|1775957078\n|move|p2b: Maushold|Follow Me|p2b: Maushold\n|-singleturn|p2b: Maushold|move: Follow Me\n|move|p1b: Whimsicott|Encore|p2b: Maushold\n|-start|p2b: Maushold|Encore\n|move|p1a: Gengar|Disable|p2b: Maushold\n|-start|p2b: Maushold|Disable|Follow Me\n|move|p2a: Blastoise|Water Spout|p1a: Gengar|[spread] p1a,p1b\n|-resisted|p1b: Whimsicott|1\n|-damage|p1a: Gengar|0 fnt\n|-damage|p1b: Whimsicott|6/100\n|faint|p1a: Gengar\n|\n|upkeep\n|\n|t:|1775957092\n|switch|p1a: Archaludon|Archaludon, L50, M|100/100\n|turn|3\n|\n|t:|1775957100\n|switch|p1b: Politoed|Politoed, L50, F|100/100\n|-weather|RainDance|[from] ability: Drizzle|[of] p1b: Politoed\n|switch|p2b: Basculegion|Basculegion, L50, M|100/100\n|move|p2a: Blastoise|Protect|p2a: Blastoise\n|-singleturn|p2a: Blastoise|Protect\n|move|p1a: Archaludon|Electro Shot||[still]\n|-prepare|p1a: Archaludon|Electro Shot\n|-boost|p1a: Archaludon|spa|1\n|-anim|p1a: Archaludon|Electro Shot|p2a: Blastoise\n|-activate|p2a: Blastoise|move: Protect\n|\n|-weather|RainDance|[upkeep]\n|upkeep\n|turn|4\n|inactive|AlexxisIdk658 has 30 seconds left.\n|\n|t:|1775957126\n|move|p1a: Archaludon|Electro Shot||[still]\n|-prepare|p1a: Archaludon|Electro Shot\n|-boost|p1a: Archaludon|spa|1\n|-anim|p1a: Archaludon|Electro Shot|p2a: Blastoise\n|-supereffective|p2a: Blastoise|1\n|-damage|p2a: Blastoise|0 fnt\n|faint|p2a: Blastoise\n|move|p2b: Basculegion|Wave Crash|p1a: Archaludon\n|-resisted|p1a: Archaludon|1\n|-damage|p1a: Archaludon|50/100\n|-ability|p1a: Archaludon|Stamina|boost\n|-boost|p1a: Archaludon|def|1\n|-damage|p2b: Basculegion|86/100|[from] Recoil\n|move|p1b: Politoed|Hydro Pump|p2b: Basculegion\n|-resisted|p2b: Basculegion|1\n|-damage|p2b: Basculegion|51/100\n|\n|-weather|RainDance|[upkeep]\n|-sideend|p1: AlexxisIdk658|move: Tailwind\n|upkeep\n|\n|t:|1775957142\n|switch|p2a: Maushold|Maushold-Four, L50|100/100\n|turn|5\n|\n|t:|1775957158\n|switch|p2b: Pelipper|Pelipper, L50, F|100/100\n|move|p2a: Maushold|Protect|p2a: Maushold\n|-singleturn|p2a: Maushold|Protect\n|move|p1a: Archaludon|Electro Shot||[still]\n|-prepare|p1a: Archaludon|Electro Shot\n|-boost|p1a: Archaludon|spa|1\n|-anim|p1a: Archaludon|Electro Shot|p2b: Pelipper\n|-supereffective|p2b: Pelipper|2\n|-enditem|p2b: Pelipper|Wacan Berry|[eat]\n|-enditem|p2b: Pelipper|Wacan Berry|[weaken]\n|-damage|p2b: Pelipper|0 fnt\n|faint|p2b: Pelipper\n|move|p1b: Politoed|Hydro Pump|p2a: Maushold\n|-activate|p2a: Maushold|move: Protect\n|\n|-weather|RainDance|[upkeep]\n|upkeep\n|\n|t:|1775957169\n|switch|p2b: Basculegion|Basculegion, L50, M|51/100\n|turn|6\n|\n|t:|1775957184\n|move|p2a: Maushold|Follow Me|p2a: Maushold\n|-singleturn|p2a: Maushold|move: Follow Me\n|move|p2b: Basculegion|Last Respects|p1a: Archaludon\n|-damage|p1a: Archaludon|0 fnt\n|faint|p1a: Archaludon\n|move|p1b: Politoed|Hydro Pump|p2a: Maushold\n|-damage|p2a: Maushold|28/100\n|\n|-weather|RainDance|[upkeep]\n|upkeep\n|\n|t:|1775957193\n|switch|p1a: Whimsicott|Whimsicott, L50, F|6/100\n|turn|7\n|\n|t:|1775957215\n|move|p2a: Maushold|Follow Me|p2a: Maushold\n|-singleturn|p2a: Maushold|move: Follow Me\n|move|p1a: Whimsicott|Fake Tears|p2a: Maushold\n|-unboost|p2a: Maushold|spd|2\n|move|p2b: Basculegion|Last Respects|p1a: Whimsicott\n|-damage|p1a: Whimsicott|0 fnt\n|faint|p1a: Whimsicott\n|move|p1b: Politoed|Hydro Pump|p2a: Maushold\n|-damage|p2a: Maushold|0 fnt\n|faint|p2a: Maushold\n|\n|-weather|none\n|upkeep\n|turn|8\n|inactive|AlexxisIdk658 has 30 seconds left.\n|\n|t:|1775957244\n|move|p2b: Basculegion|Last Respects|p1b: Politoed\n|-damage|p1b: Politoed|0 fnt\n|faint|p1b: Politoed\n|\n|win|Slimeko325\n|raw|AlexxisIdk658's rating: 1058 &rarr; <strong>1039</strong><br />(-19 for losing)\n|raw|Slimeko325's rating: 1050 &rarr; <strong>1083</strong><br />(+33 for winning)\n|l|\u2606AlexxisIdk658\n|player|p1|\n",
  "uploadtime": 1775957262,
  "views": 10,
  "formatid": "gen9championsvgc2026regma",
  "rating": 1039,
  "private": 0,
  "password": null
}