{
  "id": "gen9championsvgc2026regma-2580741358",
  "format": "[Gen 9 Champions] VGC 2026 Reg M-A",
  "players": [
    "Sascharote31",
    "kendytelusma123456"
  ],
  "log": "|j|\u2606Sascharote31\n|j|\u2606kendytelusma123456\n|t:|1775928696\n|gametype|doubles\n|player|p1|Sascharote31|266|1143\n|player|p2|kendytelusma123456|101|1072\n|gen|9\n|tier|[Gen 9 Champions] VGC 2026 Reg M-A\n|rated|\n|rule|Species Clause: Limit one of each Pok\u00e9mon\n|rule|Item Clause: Limit 1 of each item\n|clearpoke\n|poke|p1|Garchomp, L50, M|\n|poke|p1|Delphox, L50, F|\n|poke|p1|Sinistcha, L50|\n|poke|p1|Tyranitar, L50, F|\n|poke|p1|Kingambit, L50, F|\n|poke|p1|Primarina, L50, F|\n|poke|p2|Golurk, L50|\n|poke|p2|Farigiraf, L50, M|\n|poke|p2|Incineroar, L50, M|\n|poke|p2|Lopunny, L50, M|\n|poke|p2|Sinistcha-Masterpiece, L50|\n|poke|p2|Dragapult, L50, F|\n|teampreview|4\n|inactive|Battle timer is ON: inactive players will automatically lose when time's up. (requested by Sascharote31)\n|inactive|Sascharote31 has 60 seconds left.\nkendytelusma123456 has agreed to open team sheets.\n|\n|t:|1775928745\n|teamsize|p1|4\n|teamsize|p2|4\n|start\n|switch|p1a: Primarina|Primarina, L50, F|100/100\n|switch|p1b: Kingambit|Kingambit, L50, F|100/100\n|switch|p2a: Golurk|Golurk, L50|100/100\n|switch|p2b: Farigiraf|Farigiraf, L50, M|100/100\n|turn|1\n|\n|t:|1775928765\n|switch|p1b: Sinistcha|Sinistcha, L50|100/100\n|detailschange|p2a: Golurk|Golurk-Mega, L50\n|-mega|p2a: Golurk|Golurk|Golurkite\n|move|p2a: Golurk|Protect|p2a: Golurk\n|-singleturn|p2a: Golurk|Protect\n|move|p2b: Farigiraf|Protect|p2b: Farigiraf\n|-singleturn|p2b: Farigiraf|Protect\n|move|p1a: Primarina|Hyper Voice|p2a: Golurk|[spread] \n|-activate|p2a: Golurk|move: Protect\n|-activate|p2b: Farigiraf|move: Protect\n|\n|upkeep\n|turn|2\n|\n|t:|1775928783\n|move|p1a: Primarina|Hyper Voice|p2a: Golurk|[spread] p2a,p2b\n|-supereffective|p2a: Golurk|1\n|-damage|p2a: Golurk|39/100\n|-damage|p2b: Farigiraf|68/100\n|move|p2a: Golurk|Poltergeist|p1a: Primarina\n|-activate|p1a: Primarina|move: Poltergeist|Leftovers\n|-damage|p1a: Primarina|0 fnt\n|faint|p1a: Primarina\n|move|p2b: Farigiraf|Hyper Voice|p1b: Sinistcha\n|-immune|p1b: Sinistcha\n|move|p1b: Sinistcha|Trick Room|p1b: Sinistcha\n|-fieldstart|move: Trick Room|[of] p1b: Sinistcha\n|\n|upkeep\n|\n|t:|1775928797\n|switch|p1a: Kingambit|Kingambit, L50, F|100/100\n|turn|3\n|\n|t:|1775928809\n|switch|p2b: Sinistcha|Sinistcha-Masterpiece, L50|100/100\n|-heal|p2a: Golurk|64/100|[from] ability: Hospitality|[of] p2b: Sinistcha\n|move|p2a: Golurk|Protect|p2a: Golurk\n|-singleturn|p2a: Golurk|Protect\n|move|p1a: Kingambit|Sucker Punch||[still]\n|-fail|p1a: Kingambit\n|move|p1b: Sinistcha|Matcha Gotcha|p2b: Sinistcha|[spread] p2b\n|-activate|p2a: Golurk|move: Protect\n|-resisted|p2b: Sinistcha|1\n|-damage|p2b: Sinistcha|88/100\n|-status|p2b: Sinistcha|brn\n|\n|-heal|p2b: Sinistcha|94/100 brn|[from] item: Leftovers\n|-damage|p2b: Sinistcha|88/100 brn|[from] brn\n|upkeep\n|turn|4\n|inactive|Sascharote31 has 30 seconds left.\n|inactive|kendytelusma123456 has 30 seconds left.\n|\n|t:|1775928836\n|switch|p1b: Delphox|Delphox, L50, F|100/100\n|move|p2b: Sinistcha|Rage Powder|p2b: Sinistcha\n|-singleturn|p2b: Sinistcha|move: Rage Powder\n|move|p1a: Kingambit|Sucker Punch||[still]\n|-fail|p1a: Kingambit\n|move|p2a: Golurk|High Horsepower|p1a: Kingambit\n|-supereffective|p1a: Kingambit|1\n|-damage|p1a: Kingambit|13/100\n|\n|-heal|p2b: Sinistcha|94/100 brn|[from] item: Leftovers\n|-damage|p2b: Sinistcha|88/100 brn|[from] brn\n|upkeep\n|turn|5\n|\n|t:|1775928858\n|move|p1b: Delphox|Protect|p1b: Delphox\n|-singleturn|p1b: Delphox|Protect\n|move|p2b: Sinistcha|Rage Powder|p2b: Sinistcha\n|-singleturn|p2b: Sinistcha|move: Rage Powder\n|move|p1a: Kingambit|Kowtow Cleave|p2b: Sinistcha\n|-supereffective|p2b: Sinistcha|1\n|-damage|p2b: Sinistcha|7/100 brn\n|move|p2a: Golurk|Earthquake|p1b: Delphox|[spread] p2b,p1a\n|-activate|p1b: Delphox|move: Protect\n|-resisted|p2b: Sinistcha|1\n|-supereffective|p1a: Kingambit|1\n|-damage|p2b: Sinistcha|0 fnt\n|-damage|p1a: Kingambit|0 fnt\n|faint|p2b: Sinistcha\n|faint|p1a: Kingambit\n|\n|upkeep\n|\n|t:|1775928873\n|switch|p1a: Sinistcha|Sinistcha, L50|100/100\n|switch|p2b: Dragapult|Dragapult, L50, F|100/100\n|turn|6\n|\n|t:|1775928894\n|detailschange|p1b: Delphox|Delphox-Mega, L50, F\n|-mega|p1b: Delphox|Delphox|Delphoxite\n|move|p1a: Sinistcha|Rage Powder|p1a: Sinistcha\n|-singleturn|p1a: Sinistcha|move: Rage Powder\n|move|p2b: Dragapult|Sucker Punch||[still]\n|-fail|p2b: Dragapult\n|move|p2a: Golurk|Poltergeist|p1a: Sinistcha\n|-activate|p1a: Sinistcha|move: Poltergeist|Sitrus Berry\n|-supereffective|p1a: Sinistcha|1\n|-damage|p1a: Sinistcha|0 fnt\n|faint|p1a: Sinistcha\n|move|p1b: Delphox|Heat Wave|p2b: Dragapult|[spread] p2a,p2b\n|-resisted|p2b: Dragapult|1\n|-damage|p2a: Golurk|25/100\n|-damage|p2b: Dragapult|74/100\n|-status|p2b: Dragapult|brn\n|\n|-damage|p2b: Dragapult|67/100 brn|[from] brn\n|-fieldend|move: Trick Room\n|upkeep\n|turn|7\n|\n|t:|1775928914\n|switch|p2a: Farigiraf|Farigiraf, L50, M|68/100\n|move|p2b: Dragapult|Phantom Force||[still]\n|-prepare|p2b: Dragapult|Phantom Force\n|move|p1b: Delphox|Heat Wave|p2a: Farigiraf|[spread] \n|-miss|p1b: Delphox|p2b: Dragapult\n|-miss|p1b: Delphox|p2a: Farigiraf\n|\n|-damage|p2b: Dragapult|61/100 brn|[from] brn\n|upkeep\n|turn|8\n|\n|t:|1775928926\n|move|p2b: Dragapult|Phantom Force|p1b: Delphox|[from] lockedmove\n|-supereffective|p1b: Delphox|1\n|-damage|p1b: Delphox|37/100\n|move|p1b: Delphox|Heat Wave|p2a: Farigiraf|[spread] p2a\n|-miss|p1b: Delphox|p2b: Dragapult\n|-damage|p2a: Farigiraf|32/100\n|move|p2a: Farigiraf|Trick Room|p2a: Farigiraf\n|-fieldstart|move: Trick Room|[of] p2a: Farigiraf\n|\n|-damage|p2b: Dragapult|55/100 brn|[from] brn\n|upkeep\n|turn|9\n|\n|t:|1775928940\n|move|p2b: Dragapult|Sucker Punch|p1b: Delphox\n|-supereffective|p1b: Delphox|1\n|-damage|p1b: Delphox|0 fnt\n|faint|p1b: Delphox\n|\n|win|kendytelusma123456\n|raw|Sascharote31's rating: 1143 &rarr; <strong>1113</strong><br />(-30 for losing)\n|raw|kendytelusma123456's rating: 1072 &rarr; <strong>1107</strong><br />(+35 for winning)\n",
  "uploadtime": 1775928944,
  "views": 13,
  "formatid": "gen9championsvgc2026regma",
  "rating": 1107,
  "private": 0,
  "password": null
}