{
  "id": "gen9championsvgc2026regma-2584884884",
  "format": "[Gen 9 Champions] VGC 2026 Reg M-A",
  "players": [
    "Davidoskas",
    "garmoyou123"
  ],
  "log": "|j|\u2606Davidoskas\n|j|\u2606garmoyou123\n|t:|1776291455\n|gametype|doubles\n|player|p1|Davidoskas|265|1046\n|player|p2|garmoyou123|170|1140\n|gen|9\n|tier|[Gen 9 Champions] VGC 2026 Reg M-A\n|rated|\n|rule|Species Clause: Limit one of each Pok\u00e9mon\n|rule|Item Clause: Limit 1 of each item\n|clearpoke\n|poke|p1|Milotic, L50, M|\n|poke|p1|Chandelure, L50, F|\n|poke|p1|Farigiraf, L50, F|\n|poke|p1|Torkoal, L50, F|\n|poke|p1|Venusaur, L50, F|\n|poke|p1|Sneasler, L50, F|\n|poke|p2|Tyranitar, L50, F|\n|poke|p2|Aerodactyl, L50, M|\n|poke|p2|Rotom-Wash, L50|\n|poke|p2|Garchomp, L50, M|\n|poke|p2|Sneasler, L50, F|\n|poke|p2|Sinistcha, L50|\n|teampreview|4\n|j| Sh4rkb41tftw\n|inactive|Battle timer is ON: inactive players will automatically lose when time's up. (requested by garmoyou123)\n|\n|t:|1776291516\n|teamsize|p1|4\n|teamsize|p2|4\n|start\n|switch|p1a: Torkoal|Torkoal, L50, F|100/100\n|switch|p1b: Farigiraf|Farigiraf, L50, F|100/100\n|switch|p2a: Rotom|Rotom-Wash, L50|100/100\n|switch|p2b: Sinistcha|Sinistcha, L50|100/100\n|-weather|SunnyDay|[from] ability: Drought|[of] p1a: Torkoal\n|turn|1\n|inactive|Davidoskas has 30 seconds left.\n|inactive|Davidoskas has 20 seconds left.\n|inactive|Davidoskas has 15 seconds left.\n|\n|t:|1776291557\n|move|p1a: Torkoal|Protect|p1a: Torkoal\n|-singleturn|p1a: Torkoal|Protect\n|move|p2a: Rotom|Hydro Pump|p1a: Torkoal\n|-activate|p1a: Torkoal|move: Protect\n|move|p2b: Sinistcha|Trick Room|p2b: Sinistcha\n|-fieldstart|move: Trick Room|[of] p2b: Sinistcha\n|move|p1b: Farigiraf|Trick Room|p1b: Farigiraf\n|-fieldend|move: Trick Room\n|\n|-weather|SunnyDay|[upkeep]\n|upkeep\n|turn|2\n|inactive|Davidoskas has 30 seconds left.\n|inactive|garmoyou123 has 30 seconds left.\n|\n|t:|1776291588\n|switch|p2b: Aerodactyl|Aerodactyl, L50, M|100/100\n|-ability|p2b: Aerodactyl|Unnerve\n|switch|p1a: Venusaur|Venusaur, L50, F|100/100\n|move|p2a: Rotom|Hydro Pump|p1a: Venusaur|[miss]\n|-miss|p2a: Rotom|p1a: Venusaur\n|move|p1b: Farigiraf|Psychic|p2a: Rotom\n|-damage|p2a: Rotom|41/100\n|-unboost|p2a: Rotom|spd|1\n|\n|-weather|SunnyDay|[upkeep]\n|-heal|p2a: Rotom|46/100|[from] item: Leftovers\n|upkeep\n|turn|3\n|inactive|Davidoskas has 30 seconds left.\n|inactive|garmoyou123 has 30 seconds left.\n|inactive|Davidoskas has 20 seconds left.\n|\n|t:|1776291626\n|switch|p2a: Tyranitar|Tyranitar, L50, F, shiny|100/100\n|-weather|Sandstorm|[from] ability: Sand Stream|[of] p2a: Tyranitar\n|move|p2b: Aerodactyl|Dual Wingbeat|p1a: Venusaur\n|-supereffective|p1a: Venusaur|1\n|-damage|p1a: Venusaur|50/100\n|-supereffective|p1a: Venusaur|1\n|-damage|p1a: Venusaur|6/100\n|-hitcount|p1a: Venusaur|2\n|move|p1a: Venusaur|Sludge Wave|p2a: Tyranitar|[spread] p1b,p2a,p2b\n|-resisted|p2a: Tyranitar|1\n|-resisted|p2b: Aerodactyl|1\n|-damage|p1b: Farigiraf|74/100\n|-damage|p2a: Tyranitar|92/100\n|-damage|p2b: Aerodactyl|87/100\n|move|p1b: Farigiraf|Psychic|p2b: Aerodactyl\n|-damage|p2b: Aerodactyl|48/100\n|\n|-weather|Sandstorm|[upkeep]\n|-damage|p1a: Venusaur|0 fnt|[from] Sandstorm\n|-damage|p1b: Farigiraf|68/100|[from] Sandstorm\n|faint|p1a: Venusaur\n|upkeep\n|\n|t:|1776291643\n|switch|p1a: Torkoal|Torkoal, L50, F|100/100\n|-weather|SunnyDay|[from] ability: Drought|[of] p1a: Torkoal\n|turn|4\n|inactive|Davidoskas has 30 seconds left.\n|inactive|garmoyou123 has 30 seconds left.\n|inactive|Davidoskas has 20 seconds left.\n|inactive|garmoyou123 has 20 seconds left.\n|\n|t:|1776291679\n|switch|p2a: Sinistcha|Sinistcha, L50|100/100\n|-heal|p2b: Aerodactyl|73/100|[from] ability: Hospitality|[of] p2a: Sinistcha\n|move|p1a: Torkoal|Helping Hand|p1b: Farigiraf\n|-singleturn|p1b: Farigiraf|Helping Hand|[of] p1a: Torkoal\n|move|p2b: Aerodactyl|Tailwind|p2b: Aerodactyl\n|-sidestart|p2: garmoyou123|move: Tailwind\n|move|p1b: Farigiraf|Hyper Voice|p2b: Aerodactyl|[spread] p2b\n|-immune|p2a: Sinistcha\n|-resisted|p2b: Aerodactyl|1\n|-damage|p2b: Aerodactyl|38/100\n|\n|-weather|SunnyDay|[upkeep]\n|upkeep\n|turn|5\n|inactive|Davidoskas has 30 seconds left.\n|\n|t:|1776291710\n|move|p1a: Torkoal|Protect|p1a: Torkoal\n|-singleturn|p1a: Torkoal|Protect\n|move|p2b: Aerodactyl|Rock Slide|p1a: Torkoal|[spread] p1b\n|-activate|p1a: Torkoal|move: Protect\n|-damage|p1b: Farigiraf|45/100\n|move|p2a: Sinistcha|Life Dew||[still]|[spread] p2a,p2b\n|-fail|p2a: Sinistcha|heal\n|-heal|p2b: Aerodactyl|63/100\n|move|p1b: Farigiraf|Trick Room|p1b: Farigiraf\n|-fieldstart|move: Trick Room|[of] p1b: Farigiraf\n|\n|-weather|SunnyDay|[upkeep]\n|upkeep\n|turn|6\n|inactive|Davidoskas has 30 seconds left.\n|\n|t:|1776291735\n|switch|p1b: Chandelure|Chandelure, L50, F|100/100\n|move|p1a: Torkoal|Eruption|p2a: Sinistcha|[spread] p2a,p2b\n|-supereffective|p2a: Sinistcha|1\n|-resisted|p2b: Aerodactyl|1\n|-damage|p2a: Sinistcha|0 fnt\n|-damage|p2b: Aerodactyl|15/100\n|faint|p2a: Sinistcha\n|move|p2b: Aerodactyl|Rock Slide|p1a: Torkoal|[spread] \n|-miss|p2b: Aerodactyl|p1a: Torkoal\n|-miss|p2b: Aerodactyl|p1b: Chandelure\n|\n|-weather|SunnyDay|[upkeep]\n|upkeep\n|\n|t:|1776291752\n|switch|p2a: Rotom|Rotom-Wash, L50|46/100\n|turn|7\n|\n|t:|1776291772\n|detailschange|p1b: Chandelure|Chandelure-Mega, L50, F\n|-mega|p1b: Chandelure|Chandelure|Chandelurite\n|move|p2b: Aerodactyl|Protect|p2b: Aerodactyl\n|-singleturn|p2b: Aerodactyl|Protect\n|move|p1a: Torkoal|Eruption|p2a: Rotom|[spread] p2a\n|-activate|p2b: Aerodactyl|move: Protect\n|-resisted|p2a: Rotom|1\n|-damage|p2a: Rotom|3/100\n|move|p1b: Chandelure|Calm Mind|p1b: Chandelure\n|-boost|p1b: Chandelure|spa|1\n|-boost|p1b: Chandelure|spd|1\n|move|p2a: Rotom|Hydro Pump|p1b: Chandelure\n|-supereffective|p1b: Chandelure|1\n|-damage|p1b: Chandelure|67/100\n|\n|-weather|SunnyDay|[upkeep]\n|-heal|p2a: Rotom|8/100|[from] item: Leftovers\n|-sideend|p2: garmoyou123|move: Tailwind\n|upkeep\n|turn|8\n|inactive|garmoyou123 has 30 seconds left.\n|\n|t:|1776291801\n|switch|p2b: Tyranitar|Tyranitar, L50, F, shiny|92/100\n|-weather|Sandstorm|[from] ability: Sand Stream|[of] p2b: Tyranitar\n|move|p1a: Torkoal|Eruption|p2a: Rotom|[spread] p2a,p2b\n|-resisted|p2a: Rotom|1\n|-resisted|p2b: Tyranitar|1\n|-damage|p2a: Rotom|0 fnt\n|-damage|p2b: Tyranitar|79/100\n|faint|p2a: Rotom\n|move|p1b: Chandelure|Shadow Ball|p2b: Tyranitar\n|-resisted|p2b: Tyranitar|1\n|-damage|p2b: Tyranitar|52/100\n|-unboost|p2b: Tyranitar|spd|1\n|\n|-weather|Sandstorm|[upkeep]\n|-damage|p1a: Torkoal|95/100|[from] Sandstorm\n|-damage|p1b: Chandelure|61/100|[from] Sandstorm\n|upkeep\n|\n|t:|1776291809\n|switch|p2a: Aerodactyl|Aerodactyl, L50, M|15/100\n|-ability|p2a: Aerodactyl|Unnerve\n|turn|9\n|inactive|Davidoskas has 30 seconds left.\n|inactive|Davidoskas has 20 seconds left.\n|inactive|Davidoskas has 15 seconds left.\n|inactive|Davidoskas has 10 seconds left.\n|\n|t:|1776291855\n|move|p2b: Tyranitar|Protect|p2b: Tyranitar\n|-singleturn|p2b: Tyranitar|Protect\n|move|p2a: Aerodactyl|Protect|p2a: Aerodactyl\n|-singleturn|p2a: Aerodactyl|Protect\n|move|p1a: Torkoal|Eruption|p2b: Tyranitar|[spread] \n|-activate|p2a: Aerodactyl|move: Protect\n|-activate|p2b: Tyranitar|move: Protect\n|move|p1b: Chandelure|Shadow Ball|p2b: Tyranitar\n|-activate|p2b: Tyranitar|move: Protect\n|\n|-weather|Sandstorm|[upkeep]\n|-damage|p1a: Torkoal|89/100|[from] Sandstorm\n|-damage|p1b: Chandelure|55/100|[from] Sandstorm\n|-fieldend|move: Trick Room\n|upkeep\n|turn|10\n|inactive|Davidoskas has 30 seconds left.\n|inactive|garmoyou123 has 30 seconds left.\n|\n|t:|1776291886\n|detailschange|p2b: Tyranitar|Tyranitar-Mega, L50, F, shiny\n|-mega|p2b: Tyranitar|Tyranitar|Tyranitarite\n|move|p1a: Torkoal|Helping Hand|p1b: Chandelure\n|-singleturn|p1b: Chandelure|Helping Hand|[of] p1a: Torkoal\n|move|p2a: Aerodactyl|Rock Slide|p1b: Chandelure|[spread] p1a,p1b\n|-supereffective|p1a: Torkoal|1\n|-supereffective|p1b: Chandelure|1\n|-damage|p1a: Torkoal|48/100\n|-damage|p1b: Chandelure|6/100\n|move|p2b: Tyranitar|High Horsepower|p1b: Chandelure\n|-supereffective|p1b: Chandelure|1\n|-damage|p1b: Chandelure|0 fnt\n|faint|p1b: Chandelure\n|\n|-weather|Sandstorm|[upkeep]\n|-damage|p1a: Torkoal|43/100|[from] Sandstorm\n|upkeep\n|\n|t:|1776291899\n|switch|p1b: Farigiraf|Farigiraf, L50, F|45/100\n|turn|11\n|l| Sh4rkb41tftw\n|inactive|garmoyou123 has 30 seconds left.\n|inactive|garmoyou123 has 20 seconds left.\n|\n|t:|1776291938\n|move|p1b: Farigiraf|Protect|p1b: Farigiraf\n|-singleturn|p1b: Farigiraf|Protect\n|move|p2a: Aerodactyl|Dual Wingbeat|p1b: Farigiraf\n|-activate|p1b: Farigiraf|move: Protect\n|move|p2b: Tyranitar|Low Kick|p1b: Farigiraf\n|-activate|p1b: Farigiraf|move: Protect\n|move|p1a: Torkoal|Overheat|p2a: Aerodactyl\n|-resisted|p2a: Aerodactyl|1\n|-crit|p2a: Aerodactyl\n|-damage|p2a: Aerodactyl|0 fnt\n|-unboost|p1a: Torkoal|spa|2\n|faint|p2a: Aerodactyl\n|\n|-weather|Sandstorm|[upkeep]\n|-damage|p1b: Farigiraf|39/100|[from] Sandstorm\n|-damage|p1a: Torkoal|37/100|[from] Sandstorm\n|upkeep\n|turn|12\n|\n|t:|1776291963\n|move|p2b: Tyranitar|Rock Slide|p1a: Torkoal|[spread] p1a,p1b\n|-supereffective|p1a: Torkoal|1\n|-damage|p1a: Torkoal|0 fnt\n|-damage|p1b: Farigiraf|6/100\n|faint|p1a: Torkoal\n|cant|p1b: Farigiraf|flinch\n|\n|-weather|none\n|upkeep\n|turn|13\n|\n|t:|1776291971\n|move|p2b: Tyranitar|High Horsepower|p1b: Farigiraf\n|-damage|p1b: Farigiraf|0 fnt\n|faint|p1b: Farigiraf\n|\n|win|garmoyou123\n|raw|Davidoskas's rating: 1046 &rarr; <strong>1034</strong><br />(-12 for losing)\n|raw|garmoyou123's rating: 1140 &rarr; <strong>1158</strong><br />(+18 for winning)\n|l|\u2606Davidoskas\n|player|p1|\n",
  "uploadtime": 1776291982,
  "views": 35,
  "formatid": "gen9championsvgc2026regma",
  "rating": 1034,
  "private": 0,
  "password": null
}