{
  "id": "gen9championsvgc2026regma-2582232761",
  "format": "[Gen 9 Champions] VGC 2026 Reg M-A",
  "players": [
    "Calentao",
    "rick98"
  ],
  "log": "|j|\u2606Calentao\n|j|\u2606rick98\n|t:|1776074205\n|gametype|doubles\n|player|p1|Calentao|backpacker|1109\n|player|p2|rick98|ethan|1100\n|gen|9\n|tier|[Gen 9 Champions] VGC 2026 Reg M-A\n|rated|\n|rule|Species Clause: Limit one of each Pok\u00e9mon\n|rule|Item Clause: Limit 1 of each item\n|clearpoke\n|poke|p1|Golurk, L50|\n|poke|p1|Incineroar, L50, F|\n|poke|p1|Sneasler, L50, F|\n|poke|p1|Torkoal, L50, F|\n|poke|p1|Farigiraf, L50, F|\n|poke|p1|Venusaur, L50, F|\n|poke|p2|Talonflame, L50, F|\n|poke|p2|Garchomp, L50, M|\n|poke|p2|Gyarados, L50, F|\n|poke|p2|Floette-Eternal, L50, F|\n|poke|p2|Sneasler, L50, M|\n|poke|p2|Orthworm, L50, M|\n|teampreview|4\n|inactive|Battle timer is ON: inactive players will automatically lose when time's up. (requested by rick98)\n|inactive|Calentao has 60 seconds left.\n|inactive|rick98 has 60 seconds left.\n|\n|t:|1776074249\n|teamsize|p1|4\n|teamsize|p2|4\n|start\n|switch|p1a: Torkoal|Torkoal, L50, F|100/100\n|switch|p1b: Farigiraf|Farigiraf, L50, F|100/100\n|switch|p2a: Orthworm|Orthworm, L50, M|100/100\n|switch|p2b: Talonflame|Talonflame, L50, F|100/100\n|-weather|SunnyDay|[from] ability: Drought|[of] p1a: Torkoal\n|turn|1\n|inactive|Calentao has 30 seconds left.\n|inactive|rick98 has 30 seconds left.\n|\n|t:|1776074275\n|switch|p2b: Garchomp|Garchomp, L50, M|100/100\n|move|p2a: Orthworm|Shed Tail|p2a: Orthworm\n|-start|p2a: Orthworm|Substitute|[from] move: Shed Tail\n|-damage|p2a: Orthworm|50/100\n|-enditem|p2a: Orthworm|Sitrus Berry|[eat]\n|-heal|p2a: Orthworm|75/100|[from] item: Sitrus Berry\n|\n|t:|1776074282\n|switch|p2a: Gyarados|Gyarados, L50, F|100/100|[from] Shed Tail\n|-ability|p2a: Gyarados|Intimidate|boost\n|-unboost|p1a: Torkoal|atk|1\n|-unboost|p1b: Farigiraf|atk|1\n|move|p1a: Torkoal|Eruption|p2a: Gyarados|[spread] p2a,p2b\n|-resisted|p2a: Gyarados|1\n|-crit|p2a: Gyarados\n|-end|p2a: Gyarados|Substitute\n|-resisted|p2b: Garchomp|1\n|-damage|p2b: Garchomp|49/100\n|move|p1b: Farigiraf|Trick Room|p1b: Farigiraf\n|-fieldstart|move: Trick Room|[of] p1b: Farigiraf\n|\n|-weather|SunnyDay|[upkeep]\n|upkeep\n|turn|2\n|\n|t:|1776074302\n|switch|p2b: Talonflame|Talonflame, L50, F|100/100\n|detailschange|p2a: Gyarados|Gyarados-Mega, L50, F\n|-mega|p2a: Gyarados|Gyarados|Gyaradosite\n|-ability|p2a: Gyarados|Mold Breaker\n|move|p1b: Farigiraf|Helping Hand|p1a: Torkoal\n|-singleturn|p1a: Torkoal|Helping Hand|[of] p1b: Farigiraf\n|move|p1a: Torkoal|Eruption|p2a: Gyarados|[spread] p2a,p2b\n|-resisted|p2a: Gyarados|1\n|-resisted|p2b: Talonflame|1\n|-damage|p2a: Gyarados|51/100\n|-damage|p2b: Talonflame|2/100\n|move|p2a: Gyarados|Crunch|p1a: Torkoal\n|-damage|p1a: Torkoal|63/100\n|\n|-weather|SunnyDay|[upkeep]\n|upkeep\n|turn|3\n|inactive|rick98 has 30 seconds left.\n|\n|t:|1776074335\n|move|p1a: Torkoal|Heat Wave|p2a: Gyarados|[spread] p2a,p2b\n|-resisted|p2a: Gyarados|1\n|-resisted|p2b: Talonflame|1\n|-damage|p2a: Gyarados|34/100\n|-damage|p2b: Talonflame|0 fnt\n|faint|p2b: Talonflame\n|move|p1b: Farigiraf|Hyper Voice|p2a: Gyarados\n|-damage|p2a: Gyarados|8/100\n|move|p2a: Gyarados|Crunch|p1a: Torkoal\n|-damage|p1a: Torkoal|24/100\n|\n|-weather|SunnyDay|[upkeep]\n|upkeep\n|\n|t:|1776074350\n|switch|p2b: Garchomp|Garchomp, L50, M|49/100\n|turn|4\n|\n|t:|1776074373\n|move|p2a: Gyarados|Protect|p2a: Gyarados\n|-singleturn|p2a: Gyarados|Protect\n|move|p1a: Torkoal|Heat Wave|p2b: Garchomp|[spread] p2b\n|-activate|p2a: Gyarados|move: Protect\n|-resisted|p2b: Garchomp|1\n|-damage|p2b: Garchomp|18/100\n|move|p1b: Farigiraf|Twin Beam|p2b: Garchomp\n|-damage|p2b: Garchomp|0 fnt\n|faint|p2b: Garchomp\n|-hitcount|p2: Garchomp|1\n|\n|-weather|SunnyDay|[upkeep]\n|upkeep\n|\n|t:|1776074384\n|switch|p2b: Orthworm|Orthworm, L50, M|75/100\n|turn|5\n|\n|t:|1776074392\n|switch|p1b: Venusaur|Venusaur, L50, F|100/100\n|move|p2b: Orthworm|Protect|p2b: Orthworm\n|-singleturn|p2b: Orthworm|Protect\n|move|p2a: Gyarados|Protect|p2a: Gyarados\n|-singleturn|p2a: Gyarados|Protect\n|move|p1a: Torkoal|Heat Wave|p2a: Gyarados|[spread] \n|-activate|p2a: Gyarados|move: Protect\n|-activate|p2b: Orthworm|move: Protect\n|\n|-weather|none\n|-fieldend|move: Trick Room\n|upkeep\n|turn|6\n|-message|rick98 forfeited.\n|\n|win|Calentao\n|raw|Calentao's rating: 1109 &rarr; <strong>1133</strong><br />(+24 for winning)\n|raw|rick98's rating: 1100 &rarr; <strong>1076</strong><br />(-24 for losing)\n|l|\u2606rick98\n|player|p2|\n",
  "uploadtime": 1776074406,
  "views": 20,
  "formatid": "gen9championsvgc2026regma",
  "rating": 1076,
  "private": 0,
  "password": null
}