{
  "id": "gen9championsvgc2026regma-2585819056",
  "format": "[Gen 9 Champions] VGC 2026 Reg M-A",
  "players": [
    "Leu_vgc",
    "mr brewster"
  ],
  "log": "|j|\u2606Leu_vgc\n|j|\u2606mr brewster\n|t:|1776372959\n|gametype|doubles\n|player|p1|Leu_vgc|acetrainer|1331\n|player|p2|mr brewster|scientist-gen4dp|1374\n|gen|9\n|tier|[Gen 9 Champions] VGC 2026 Reg M-A\n|rated|\n|rule|Species Clause: Limit one of each Pok\u00e9mon\n|rule|Item Clause: Limit 1 of each item\n|clearpoke\n|poke|p1|Garchomp, L50, F|\n|poke|p1|Tyranitar, L50, F|\n|poke|p1|Manectric, L50, M|\n|poke|p1|Primarina, L50, M|\n|poke|p1|Farigiraf, L50, M|\n|poke|p1|Aegislash, L50, F|\n|poke|p2|Tyranitar, L50, M|\n|poke|p2|Excadrill, L50, M|\n|poke|p2|Corviknight, L50, F|\n|poke|p2|Primarina, L50, M|\n|poke|p2|Incineroar, L50, F|\n|poke|p2|Sinistcha, L50|\n|teampreview|4\n|inactive|Battle timer is ON: inactive players will automatically lose when time's up. (requested by mr brewster)\n|\n|t:|1776372988\n|teamsize|p1|4\n|teamsize|p2|4\n|start\n|switch|p1a: Manectric|Manectric, L50, M, shiny|100/100\n|switch|p1b: Primarina|Primarina, L50, M, shiny|100/100\n|switch|p2a: Corviknight|Corviknight, L50, F|100/100\n|switch|p2b: Primarina|Primarina, L50, M|100/100\n|turn|1\n|\n|t:|1776373001\n|switch|p2a: Incineroar|Incineroar, L50, F|100/100\n|-ability|p2a: Incineroar|Intimidate|boost\n|-unboost|p1a: Manectric|atk|1\n|-unboost|p1b: Primarina|atk|1\n|detailschange|p1a: Manectric|Manectric-Mega, L50, M, shiny\n|-mega|p1a: Manectric|Manectric|Manectite\n|-ability|p1a: Manectric|Intimidate|boost\n|-unboost|p2a: Incineroar|atk|1\n|-unboost|p2b: Primarina|atk|1\n|move|p1a: Manectric|Volt Switch|p2b: Primarina\n|-supereffective|p2b: Primarina|1\n|-damage|p2b: Primarina|45/100\n|-enditem|p2b: Primarina|Sitrus Berry|[eat]\n|-heal|p2b: Primarina|69/100|[from] item: Sitrus Berry\n|\n|t:|1776373014\n|switch|p1a: Tyranitar|Tyranitar, L50, F, shiny|100/100|[from] Volt Switch\n|-weather|Sandstorm|[from] ability: Sand Stream|[of] p1a: Tyranitar\n|move|p1b: Primarina|Calm Mind|p1b: Primarina\n|-boost|p1b: Primarina|spa|1\n|-boost|p1b: Primarina|spd|1\n|move|p2b: Primarina|Hyper Voice|p1a: Tyranitar|[spread] p1a,p1b\n|-supereffective|p1a: Tyranitar|1\n|-resisted|p1b: Primarina|1\n|-damage|p1a: Tyranitar|62/100\n|-damage|p1b: Primarina|90/100\n|\n|-weather|Sandstorm|[upkeep]\n|-damage|p2a: Incineroar|95/100|[from] Sandstorm\n|-damage|p1b: Primarina|83/100|[from] Sandstorm\n|-damage|p2b: Primarina|64/100|[from] Sandstorm\n|-heal|p1b: Primarina|90/100|[from] item: Leftovers\n|upkeep\n|turn|2\n|\n|t:|1776373033\n|move|p1a: Tyranitar|Protect|p1a: Tyranitar\n|-singleturn|p1a: Tyranitar|Protect\n|move|p2a: Incineroar|Fake Out|p1b: Primarina\n|-damage|p1b: Primarina|83/100\n|cant|p1b: Primarina|flinch\n|move|p2b: Primarina|Moonblast|p1a: Tyranitar\n|-activate|p1a: Tyranitar|move: Protect\n|\n|-weather|Sandstorm|[upkeep]\n|-damage|p2a: Incineroar|89/100|[from] Sandstorm\n|-damage|p1b: Primarina|77/100|[from] Sandstorm\n|-damage|p2b: Primarina|58/100|[from] Sandstorm\n|-heal|p1b: Primarina|83/100|[from] item: Leftovers\n|upkeep\n|turn|3\n|\n|t:|1776373042\n|move|p2a: Incineroar|Parting Shot|p1b: Primarina\n|-unboost|p1b: Primarina|atk|1\n|-unboost|p1b: Primarina|spa|1\n|\n|t:|1776373048\n|switch|p2a: Corviknight|Corviknight, L50, F|100/100|[from] Parting Shot\n|move|p1b: Primarina|Moonblast|p2b: Primarina\n|-damage|p2b: Primarina|15/100\n|move|p2b: Primarina|Moonblast|p1a: Tyranitar\n|-supereffective|p1a: Tyranitar|1\n|-damage|p1a: Tyranitar|9/100\n|move|p1a: Tyranitar|Rock Slide|p2b: Primarina|[spread] p2a,p2b\n|-damage|p2a: Corviknight|77/100\n|-damage|p2b: Primarina|0 fnt\n|faint|p2b: Primarina\n|\n|-weather|Sandstorm|[upkeep]\n|-damage|p1b: Primarina|77/100|[from] Sandstorm\n|-heal|p2a: Corviknight|82/100|[from] item: Leftovers\n|-heal|p1b: Primarina|83/100|[from] item: Leftovers\n|upkeep\n|\n|t:|1776373052\n|switch|p2b: Excadrill|Excadrill, L50, M|100/100\n|turn|4\n|\n|t:|1776373064\n|move|p2b: Excadrill|Rock Slide|p1b: Primarina|[spread] p1a,p1b\n|-damage|p1a: Tyranitar|0 fnt\n|-damage|p1b: Primarina|62/100\n|faint|p1a: Tyranitar\n|move|p2a: Corviknight|Bulk Up|p2a: Corviknight\n|-boost|p2a: Corviknight|atk|1\n|-boost|p2a: Corviknight|def|1\n|cant|p1b: Primarina|flinch\n|\n|-weather|Sandstorm|[upkeep]\n|-damage|p1b: Primarina|56/100|[from] Sandstorm\n|-heal|p2a: Corviknight|88/100|[from] item: Leftovers\n|-heal|p1b: Primarina|62/100|[from] item: Leftovers\n|upkeep\n|\n|t:|1776373070\n|switch|p1a: Manectric|Manectric-Mega, L50, M, shiny|100/100\n|-ability|p1a: Manectric|Intimidate|boost\n|-ability|p2a: Corviknight|Mirror Armor\n|-unboost|p1a: Manectric|atk|1\n|-unboost|p2b: Excadrill|atk|1\n|turn|5\n|\n|t:|1776373081\n|move|p1a: Manectric|Protect|p1a: Manectric\n|-singleturn|p1a: Manectric|Protect\n|move|p1b: Primarina|Protect|p1b: Primarina\n|-singleturn|p1b: Primarina|Protect\n|move|p2b: Excadrill|High Horsepower|p1a: Manectric\n|-activate|p1a: Manectric|move: Protect\n|move|p2a: Corviknight|Brave Bird|p1b: Primarina\n|-activate|p1b: Primarina|move: Protect\n|\n|-weather|none\n|-heal|p2a: Corviknight|94/100|[from] item: Leftovers\n|-heal|p1b: Primarina|69/100|[from] item: Leftovers\n|upkeep\n|turn|6\n|\n|t:|1776373093\n|move|p1a: Manectric|Flamethrower|p2b: Excadrill\n|-supereffective|p2b: Excadrill|1\n|-damage|p2b: Excadrill|25/100\n|move|p2b: Excadrill|High Horsepower|p1a: Manectric\n|-supereffective|p1a: Manectric|1\n|-damage|p1a: Manectric|14/100\n|move|p2a: Corviknight|Roost|p2a: Corviknight\n|-heal|p2a: Corviknight|100/100\n|-singleturn|p2a: Corviknight|move: Roost\n|move|p1b: Primarina|Hyper Voice|p2a: Corviknight|[spread] p2a,p2b\n|-supereffective|p2b: Excadrill|1\n|-damage|p2a: Corviknight|75/100\n|-damage|p2b: Excadrill|0 fnt\n|faint|p2b: Excadrill\n|\n|-heal|p2a: Corviknight|81/100|[from] item: Leftovers\n|-heal|p1b: Primarina|75/100|[from] item: Leftovers\n|upkeep\n|\n|t:|1776373102\n|switch|p2b: Incineroar|Incineroar, L50, F|89/100\n|-ability|p2b: Incineroar|Intimidate|boost\n|-unboost|p1a: Manectric|atk|1\n|-unboost|p1b: Primarina|atk|1\n|turn|7\n|\n|t:|1776373119\n|switch|p1a: Garchomp|Garchomp, L50, F, shiny|100/100\n|move|p2b: Incineroar|Fake Out|p1a: Garchomp\n|-damage|p1a: Garchomp|89/100\n|-damage|p2b: Incineroar|76/100|[from] ability: Rough Skin|[of] p1a: Garchomp\n|move|p2a: Corviknight|Brave Bird|p1b: Primarina\n|-damage|p1b: Primarina|16/100\n|-damage|p2a: Corviknight|64/100|[from] Recoil\n|move|p1b: Primarina|Hyper Voice|p2b: Incineroar|[spread] p2a,p2b\n|-supereffective|p2b: Incineroar|1\n|-damage|p2a: Corviknight|38/100\n|-damage|p2b: Incineroar|22/100\n|\n|-heal|p2a: Corviknight|43/100|[from] item: Leftovers\n|-heal|p1b: Primarina|23/100|[from] item: Leftovers\n|upkeep\n|turn|8\n|\n|t:|1776373133\n|move|p1a: Garchomp|Stomping Tantrum|p2b: Incineroar\n|-supereffective|p2b: Incineroar|1\n|-damage|p2b: Incineroar|0 fnt\n|faint|p2b: Incineroar\n|move|p2a: Corviknight|Roost|p2a: Corviknight\n|-heal|p2a: Corviknight|94/100\n|-singleturn|p2a: Corviknight|move: Roost\n|move|p1b: Primarina|Hyper Voice|p2a: Corviknight\n|-damage|p2a: Corviknight|60/100\n|\n|-heal|p2a: Corviknight|66/100|[from] item: Leftovers\n|-heal|p1b: Primarina|29/100|[from] item: Leftovers\n|upkeep\n|turn|9\n|\n|t:|1776373146\n|move|p1b: Primarina|Protect|p1b: Primarina\n|-singleturn|p1b: Primarina|Protect\n|move|p1a: Garchomp|Stomping Tantrum|p2a: Corviknight\n|-immune|p2a: Corviknight\n|move|p2a: Corviknight|Brave Bird|p1b: Primarina\n|-activate|p1b: Primarina|move: Protect\n|\n|-heal|p2a: Corviknight|72/100|[from] item: Leftovers\n|-heal|p1b: Primarina|35/100|[from] item: Leftovers\n|upkeep\n|turn|10\n|\n|t:|1776373155\n|move|p1a: Garchomp|Stomping Tantrum|p2a: Corviknight\n|-immune|p2a: Corviknight\n|move|p2a: Corviknight|Body Press|p1b: Primarina\n|-resisted|p1b: Primarina|1\n|-damage|p1b: Primarina|19/100\n|move|p1b: Primarina|Hyper Voice|p2a: Corviknight\n|-damage|p2a: Corviknight|35/100\n|\n|-heal|p2a: Corviknight|40/100|[from] item: Leftovers\n|-heal|p1b: Primarina|25/100|[from] item: Leftovers\n|upkeep\n|turn|11\n|\n|t:|1776373162\n|switch|p1a: Manectric|Manectric-Mega, L50, M, shiny|14/100\n|-ability|p1a: Manectric|Intimidate|boost\n|-ability|p2a: Corviknight|Mirror Armor\n|-unboost|p1a: Manectric|atk|1\n|move|p2a: Corviknight|Roost|p2a: Corviknight\n|-heal|p2a: Corviknight|91/100\n|-singleturn|p2a: Corviknight|move: Roost\n|move|p1b: Primarina|Hyper Voice|p2a: Corviknight\n|-damage|p2a: Corviknight|57/100\n|\n|-heal|p2a: Corviknight|62/100|[from] item: Leftovers\n|-heal|p1b: Primarina|31/100|[from] item: Leftovers\n|upkeep\n|turn|12\n|\n|t:|1776373167\n|move|p1a: Manectric|Volt Switch|p2a: Corviknight\n|-supereffective|p2a: Corviknight|1\n|-damage|p2a: Corviknight|13/100\n|\n|t:|1776373169\n|switch|p1a: Garchomp|Garchomp, L50, F, shiny|89/100|[from] Volt Switch\n|move|p2a: Corviknight|Body Press|p1a: Garchomp\n|-damage|p1a: Garchomp|59/100\n|-damage|p2a: Corviknight|0 fnt|[from] ability: Rough Skin|[of] p1a: Garchomp\n|faint|p2a: Corviknight\n|\n|win|Leu_vgc\n|raw|Leu_vgc's rating: 1331 &rarr; <strong>1353</strong><br />(+22 for winning)\n|raw|mr brewster's rating: 1374 &rarr; <strong>1352</strong><br />(-22 for losing)\n|l|\u2606mr brewster\n|player|p2|\n",
  "uploadtime": 1776373173,
  "views": 55,
  "formatid": "gen9championsvgc2026regma",
  "rating": 1352,
  "private": 0,
  "password": null
}