{
  "id": "gen9championsvgc2026regma-2585870752",
  "format": "[Gen 9 Champions] VGC 2026 Reg M-A",
  "players": [
    "simonaka47",
    "j304m"
  ],
  "log": "|j|\u2606simonaka47\n|j|\u2606j304m\n|t:|1776377117\n|gametype|doubles\n|player|p1|simonaka47|roxie|1000\n|player|p2|j304m|swimmerf-gen4|1000\n|gen|9\n|tier|[Gen 9 Champions] VGC 2026 Reg M-A\n|rated|\n|rule|Species Clause: Limit one of each Pok\u00e9mon\n|rule|Item Clause: Limit 1 of each item\n|clearpoke\n|poke|p1|Froslass, L50, F|\n|poke|p1|Delphox, L50, M|\n|poke|p1|Aerodactyl, L50, F|\n|poke|p1|Incineroar, L50, M|\n|poke|p1|Rotom-Frost, L50|\n|poke|p1|Palafin, L50, M|\n|poke|p2|Kangaskhan, L50, F|\n|poke|p2|Ditto, L50|\n|poke|p2|Whimsicott, L50, F|\n|poke|p2|Starmie, L50|\n|poke|p2|Pelipper, L50, F|\n|poke|p2|Alakazam, L50, M|\n|teampreview|4\n|inactive|Battle timer is ON: inactive players will automatically lose when time's up. (requested by j304m)\n|inactive|simonaka47 has 60 seconds left.\n|inactive|j304m has 60 seconds left.\n|inactive|simonaka47 has 30 seconds left.\n|inactive|simonaka47 has 20 seconds left.\n|inactive|simonaka47 has 15 seconds left.\n|\n|t:|1776377197\n|teamsize|p1|4\n|teamsize|p2|4\n|start\n|switch|p1a: Incineroar|Incineroar, L50, M|100/100\n|switch|p1b: Palafin|Palafin, L50, M|100/100\n|switch|p2a: Pelipper|Pelipper, L50, F|100/100\n|switch|p2b: Starmie|Starmie, L50, shiny|100/100\n|-weather|RainDance|[from] ability: Drizzle|[of] p2a: Pelipper\n|-ability|p1a: Incineroar|Intimidate|boost\n|-unboost|p2a: Pelipper|atk|1\n|-unboost|p2b: Starmie|atk|1\n|turn|1\n|inactive|j304m has 30 seconds left.\n|inactive|j304m has 20 seconds left.\n|inactive|j304m has 15 seconds left.\n|inactive|j304m has 10 seconds left.\n|\n|t:|1776377243\n|detailschange|p2b: Starmie|Starmie-Mega, L50, shiny\n|-mega|p2b: Starmie|Starmie|Starminite\n|move|p1a: Incineroar|Fake Out|p2b: Starmie\n|-damage|p2b: Starmie|83/100\n|cant|p2b: Starmie|flinch\n|move|p1b: Palafin|Flip Turn|p2b: Starmie\n|-resisted|p2b: Starmie|1\n|-damage|p2b: Starmie|54/100\n|\n|t:|1776377258\n|detailschange|p1b: Palafin|Palafin-Hero, L50, M\n|switch|p1b: Froslass|Froslass, L50, F|100/100|[from] Flip Turn\n|move|p2a: Pelipper|Tailwind|p2a: Pelipper\n|-sidestart|p2: j304m|move: Tailwind\n|\n|-weather|RainDance|[upkeep]\n|upkeep\n|turn|2\n|inactive|j304m has 30 seconds left.\n|\n|t:|1776377287\n|switch|p2a: Whimsicott|Whimsicott, L50, F, shiny|100/100\n|detailschange|p1b: Froslass|Froslass-Mega, L50, F\n|-mega|p1b: Froslass|Froslass|Froslassite\n|-weather|Snowscape|[from] ability: Snow Warning|[of] p1b: Froslass\n|move|p2b: Starmie|Flip Turn|p1a: Incineroar\n|-supereffective|p1a: Incineroar|1\n|-damage|p1a: Incineroar|53/100\n|\n|t:|1776377296\n|switch|p2b: Pelipper|Pelipper, L50, F|100/100|[from] Flip Turn\n|-weather|RainDance|[from] ability: Drizzle|[of] p2b: Pelipper\n|move|p1b: Froslass|Aurora Veil||[still]\n|-fail|p1b: Froslass\n|move|p1a: Incineroar|Parting Shot|p2b: Pelipper\n|-unboost|p2b: Pelipper|atk|1\n|-unboost|p2b: Pelipper|spa|1\n|\n|t:|1776377305\n|switch|p1a: Palafin|Palafin-Hero, L50, M|100/100|[from] Parting Shot\n|-activate|p1a: Palafin|ability: Zero to Hero\n|\n|-weather|RainDance|[upkeep]\n|upkeep\n|turn|3\n|\n|t:|1776377320\n|switch|p1b: Rotom|Rotom-Frost, L50|100/100\n|move|p2a: Whimsicott|Encore||[still]\n|-fail|p2a: Whimsicott\n|move|p2b: Pelipper|Hurricane|p1a: Palafin\n|-damage|p1a: Palafin|67/100\n|-start|p1a: Palafin|confusion\n|-activate|p1a: Palafin|confusion\n|-damage|p1a: Palafin|48/100|[from] confusion\n|\n|-weather|RainDance|[upkeep]\n|upkeep\n|turn|4\n|\n|t:|1776377342\n|move|p2a: Whimsicott|U-turn|p1a: Palafin\n|-damage|p1a: Palafin|37/100\n|\n|t:|1776377348\n|switch|p2a: Alakazam|Alakazam, L50, M|100/100|[from] U-turn\n|move|p2b: Pelipper|Hurricane|p1a: Palafin\n|-damage|p1a: Palafin|0 fnt\n|faint|p1a: Palafin\n|move|p1b: Rotom|Trick|p2a: Alakazam\n|-activate|p1b: Rotom|move: Trick|[of] p2a: Alakazam\n|-item|p2a: Alakazam|Choice Scarf|[from] move: Trick\n|-item|p1b: Rotom|Focus Sash|[from] move: Trick\n|\n|-weather|RainDance|[upkeep]\n|-sideend|p2: j304m|move: Tailwind\n|upkeep\n|\n|t:|1776377364\n|switch|p1a: Froslass|Froslass-Mega, L50, F|100/100\n|-weather|Snowscape|[from] ability: Snow Warning|[of] p1a: Froslass\n|turn|5\n|\n|t:|1776377383\n|switch|p2b: Whimsicott|Whimsicott, L50, F, shiny|100/100\n|move|p2a: Alakazam|Taunt|p1a: Froslass\n|-start|p1a: Froslass|move: Taunt\n|move|p1a: Froslass|Blizzard|p2a: Alakazam|[spread] p2a,p2b\n|-supereffective|p2b: Whimsicott|1\n|-damage|p2a: Alakazam|38/100\n|-damage|p2b: Whimsicott|0 fnt\n|faint|p2b: Whimsicott\n|move|p1b: Rotom|Thunderbolt|p2a: Alakazam\n|-damage|p2a: Alakazam|0 fnt\n|faint|p2a: Alakazam\n|\n|-weather|Snowscape|[upkeep]\n|upkeep\n|\n|t:|1776377399\n|switch|p2b: Pelipper|Pelipper, L50, F|100/100\n|switch|p2a: Starmie|Starmie-Mega, L50, shiny|54/100\n|-weather|RainDance|[from] ability: Drizzle|[of] p2b: Pelipper\n|turn|6\n|inactive|j304m has 30 seconds left.\n|\n|t:|1776377426\n|switch|p1a: Incineroar|Incineroar, L50, M|53/100\n|-ability|p1a: Incineroar|Intimidate|boost\n|-unboost|p2a: Starmie|atk|1\n|-unboost|p2b: Pelipper|atk|1\n|move|p2a: Starmie|Psychic|p1b: Rotom\n|-damage|p1b: Rotom|49/100\n|move|p2b: Pelipper|Weather Ball|p1b: Rotom\n|-damage|p1b: Rotom|0 fnt\n|faint|p1b: Rotom\n|\n|-weather|RainDance|[upkeep]\n|upkeep\n|\n|t:|1776377436\n|switch|p1b: Froslass|Froslass-Mega, L50, F|100/100\n|-weather|Snowscape|[from] ability: Snow Warning|[of] p1b: Froslass\n|turn|7\n|\n|t:|1776377454\n|move|p2b: Pelipper|Protect|p2b: Pelipper\n|-singleturn|p2b: Pelipper|Protect\n|move|p1a: Incineroar|Fake Out|p2a: Starmie\n|-damage|p2a: Starmie|36/100\n|move|p1b: Froslass|Shadow Ball|p2a: Starmie\n|-supereffective|p2a: Starmie|1\n|-damage|p2a: Starmie|0 fnt\n|faint|p2a: Starmie\n|\n|-weather|Snowscape|[upkeep]\n|upkeep\n|turn|8\n|\n|t:|1776377473\n|move|p1b: Froslass|Blizzard|p2b: Pelipper\n|-damage|p2b: Pelipper|0 fnt\n|faint|p2b: Pelipper\n|\n|win|simonaka47\n|raw|simonaka47's rating: 1000 &rarr; <strong>1040</strong><br />(+40 for winning)\n|raw|j304m's rating: 1000 &rarr; <strong>1000</strong><br />(+0 for losing)\n|c|\u2606simonaka47|gg\n",
  "uploadtime": 1776377576,
  "views": 30,
  "formatid": "gen9championsvgc2026regma",
  "rating": 1000,
  "private": 0,
  "password": null
}