{
  "id": "gen9championsvgc2026regma-2582076160",
  "format": "[Gen 9 Champions] VGC 2026 Reg M-A",
  "players": [
    "KangarooToodleloo",
    "SpiderKash"
  ],
  "log": "|j|\u2606KangarooToodleloo\n|j|\u2606SpiderKash\n|t:|1776054891\n|gametype|doubles\n|player|p1|KangarooToodleloo|blue-masters|1339\n|player|p2|SpiderKash|101|1433\n|gen|9\n|tier|[Gen 9 Champions] VGC 2026 Reg M-A\n|rated|\n|rule|Species Clause: Limit one of each Pok\u00e9mon\n|rule|Item Clause: Limit 1 of each item\n|clearpoke\n|poke|p1|Gyarados, L50, F|\n|poke|p1|Incineroar, L50, M|\n|poke|p1|Gengar, L50, M|\n|poke|p1|Kommo-o, L50, M|\n|poke|p1|Sinistcha-Masterpiece, L50|\n|poke|p1|Kangaskhan, L50, F|\n|poke|p2|Sneasler, L50, F|\n|poke|p2|Incineroar, L50, M|\n|poke|p2|Whimsicott, L50, F|\n|poke|p2|Blastoise, L50, F|\n|poke|p2|Farigiraf, L50, F|\n|poke|p2|Floette-Eternal, L50, F|\n|teampreview|4\n|inactive|Battle timer is ON: inactive players will automatically lose when time's up. (requested by KangarooToodleloo)\n|\n|t:|1776054955\n|teamsize|p1|4\n|teamsize|p2|4\n|start\n|switch|p1a: Gengar|Gengar, L50, M|100/100\n|switch|p1b: Sinistcha|Sinistcha-Masterpiece, L50|100/100\n|switch|p2a: Whimsicott|Whimsicott, L50, F|100/100\n|switch|p2b: Blastoise|Blastoise, L50, F|100/100\n|turn|1\n|inactive|SpiderKash has 30 seconds left.\n|\n|t:|1776054983\n|detailschange|p1a: Gengar|Gengar-Mega, L50, M\n|-mega|p1a: Gengar|Gengar|Gengarite\n|move|p1a: Gengar|Protect|p1a: Gengar\n|-singleturn|p1a: Gengar|Protect\n|move|p2a: Whimsicott|Moonblast|p1b: Sinistcha\n|-damage|p1b: Sinistcha|65/100\n|move|p2b: Blastoise|Dark Pulse|p1b: Sinistcha\n|-supereffective|p1b: Sinistcha|1\n|-damage|p1b: Sinistcha|17/100\n|move|p1b: Sinistcha|Matcha Gotcha|p2a: Whimsicott|[spread] p2a,p2b\n|-resisted|p2a: Whimsicott|1\n|-supereffective|p2b: Blastoise|1\n|-damage|p2a: Whimsicott|75/100\n|-heal|p1b: Sinistcha|27/100|[from] drain|[of] p2a: Whimsicott\n|-damage|p2b: Blastoise|42/100\n|-heal|p1b: Sinistcha|53/100|[from] drain|[of] p2b: Blastoise\n|\n|upkeep\n|turn|2\n|\n|t:|1776054996\n|switch|p1a: Incineroar|Incineroar, L50, M|100/100\n|-ability|p1a: Incineroar|Intimidate|boost\n|-unboost|p2a: Whimsicott|atk|1\n|-unboost|p2b: Blastoise|atk|1\n|move|p2a: Whimsicott|Encore|p1a: Incineroar\n|-hint|Since gen 7, Dark is immune to Prankster moves.\n|-immune|p1a: Incineroar\n|move|p2b: Blastoise|Dark Pulse|p1b: Sinistcha\n|-supereffective|p1b: Sinistcha|1\n|-damage|p1b: Sinistcha|6/100\n|cant|p1b: Sinistcha|flinch\n|\n|upkeep\n|turn|3\n|\n|t:|1776055014\n|switch|p2a: Farigiraf|Farigiraf, L50, F|100/100\n|move|p1a: Incineroar|Fake Out||[still]\n|cant|p2a: Farigiraf|ability: Armor Tail|Fake Out|[of] p1a: Incineroar\n|move|p2b: Blastoise|Water Spout|p1b: Sinistcha|[spread] p1a,p1b\n|-supereffective|p1a: Incineroar|1\n|-resisted|p1b: Sinistcha|1\n|-damage|p1a: Incineroar|65/100\n|-damage|p1b: Sinistcha|0 fnt\n|faint|p1b: Sinistcha\n|\n|upkeep\n|\n|t:|1776055018\n|switch|p1b: Gengar|Gengar-Mega, L50, M|100/100\n|turn|4\n|\n|t:|1776055032\n|move|p1b: Gengar|Sludge Bomb|p2a: Farigiraf\n|-damage|p2a: Farigiraf|53/100\n|move|p2b: Blastoise|Dark Pulse|p1b: Gengar\n|-supereffective|p1b: Gengar|1\n|-damage|p1b: Gengar|33/100\n|move|p1a: Incineroar|Throat Chop|p2a: Farigiraf\n|-supereffective|p2a: Farigiraf|1\n|-enditem|p2a: Farigiraf|Colbur Berry|[eat]\n|-enditem|p2a: Farigiraf|Colbur Berry|[weaken]\n|-damage|p2a: Farigiraf|23/100\n|-start|p2a: Farigiraf|Throat Chop|[silent]\n|move|p2a: Farigiraf|Psychic|p1b: Gengar\n|-supereffective|p1b: Gengar|1\n|-damage|p1b: Gengar|0 fnt\n|faint|p1b: Gengar\n|\n|upkeep\n|\n|t:|1776055036\n|switch|p1b: Gyarados|Gyarados, L50, F|100/100\n|-ability|p1b: Gyarados|Intimidate|boost\n|-unboost|p2a: Farigiraf|atk|1\n|-unboost|p2b: Blastoise|atk|1\n|turn|5\n|c|\u2606KangarooToodleloo|flinch mattered icl\n|\n|t:|1776055053\n|move|p2a: Farigiraf|Helping Hand|p2b: Blastoise\n|-singleturn|p2b: Blastoise|Helping Hand|[of] p2a: Farigiraf\n|move|p2b: Blastoise|Water Spout|p1a: Incineroar|[spread] p1a,p1b\n|-supereffective|p1a: Incineroar|1\n|-resisted|p1b: Gyarados|1\n|-damage|p1a: Incineroar|7/100\n|-damage|p1b: Gyarados|89/100\n|-enditem|p1a: Incineroar|Sitrus Berry|[eat]\n|-heal|p1a: Incineroar|32/100|[from] item: Sitrus Berry\n|move|p1b: Gyarados|Waterfall|p2a: Farigiraf\n|-damage|p2a: Farigiraf|0 fnt\n|faint|p2a: Farigiraf\n|move|p1a: Incineroar|Throat Chop|p2b: Blastoise\n|-damage|p2b: Blastoise|0 fnt\n|faint|p2b: Blastoise\n|\n|upkeep\n|inactive|SpiderKash has 30 seconds left.\n|\n|t:|1776055084\n|switch|p2b: Whimsicott|Whimsicott, L50, F|75/100\n|switch|p2a: Floette|Floette-Eternal, L50, F|100/100\n|turn|6\n|\n|t:|1776055092\n|detailschange|p2a: Floette|Floette-Mega, L50, F\n|-mega|p2a: Floette|Floette|Floettite\n|-ability|p2a: Floette|Fairy Aura\n|move|p2b: Whimsicott|Moonblast|p1b: Gyarados\n|-damage|p1b: Gyarados|44/100\n|move|p2a: Floette|Dazzling Gleam|p1a: Incineroar|[spread] p1a,p1b\n|-damage|p1a: Incineroar|0 fnt\n|-damage|p1b: Gyarados|0 fnt\n|faint|p1a: Incineroar\n|faint|p1b: Gyarados\n|\n|win|SpiderKash\n|raw|KangarooToodleloo's rating: 1339 &rarr; <strong>1324</strong><br />(-15 for losing)\n|raw|SpiderKash's rating: 1433 &rarr; <strong>1448</strong><br />(+15 for winning)\n|l|\u2606KangarooToodleloo\n|player|p1|\n",
  "uploadtime": 1776055105,
  "views": 44,
  "formatid": "gen9championsvgc2026regma",
  "rating": 1324,
  "private": 0,
  "password": null
}