{
  "id": "gen9championsvgc2026regma-2587616641",
  "format": "[Gen 9 Champions] VGC 2026 Reg M-A",
  "players": [
    "autiorez",
    "bran45"
  ],
  "log": "|j|\u2606autiorez\n|j|\u2606bran45\n|t:|1776547304\n|gametype|doubles\n|player|p1|autiorez|youngn|1136\n|player|p2|bran45|1|1153\n|gen|9\n|tier|[Gen 9 Champions] VGC 2026 Reg M-A\n|rated|\n|rule|Species Clause: Limit one of each Pok\u00e9mon\n|rule|Item Clause: Limit 1 of each item\n|clearpoke\n|poke|p1|Lucario, L50, F|\n|poke|p1|Dragapult, L50, F|\n|poke|p1|Kingambit, L50, M|\n|poke|p1|Starmie, L50|\n|poke|p1|Hippowdon, L50, M|\n|poke|p1|Jolteon, L50, M|\n|poke|p2|Houndoom, L50, M|\n|poke|p2|Clefable, L50, F|\n|poke|p2|Gyarados, L50, M, shiny|\n|poke|p2|Sinistcha, L50|\n|poke|p2|Garchomp, L50, F|\n|poke|p2|Torkoal, L50, F|\n|teampreview|4\n|inactive|Battle timer is ON: inactive players will automatically lose when time's up. (requested by autiorez)\n|inactive|bran45 also wants the timer to be on.\n|\n|t:|1776547333\n|teamsize|p1|4\n|teamsize|p2|4\n|start\n|switch|p1a: Starmie|Starmie, L50|100/100\n|switch|p1b: Jolteon|Jolteon, L50, M|100/100\n|switch|p2a: Houndoom|Houndoom, L50, M|100/100\n|switch|p2b: Torkoal|Torkoal, L50, F|100/100\n|-weather|SunnyDay|[from] ability: Drought|[of] p2b: Torkoal\n|turn|1\n|\n|t:|1776547351\n|detailschange|p2a: Houndoom|Houndoom-Mega, L50, M\n|-mega|p2a: Houndoom|Houndoom|Houndoominite\n|move|p1a: Starmie|Protect|p1a: Starmie\n|-singleturn|p1a: Starmie|Protect\n|move|p1b: Jolteon|Thunderbolt|p2b: Torkoal\n|-damage|p2b: Torkoal|37/100\n|move|p2a: Houndoom|Dark Pulse|p1a: Starmie\n|-activate|p1a: Starmie|move: Protect\n|move|p2b: Torkoal|Earth Power|p1b: Jolteon\n|-supereffective|p1b: Jolteon|1\n|-damage|p1b: Jolteon|38/100\n|\n|-weather|SunnyDay|[upkeep]\n|-damage|p2a: Houndoom|88/100|[from] ability: Solar Power|[of] p2a: Houndoom\n|upkeep\n|turn|2\n|\n|t:|1776547361\n|switch|p1b: Hippowdon|Hippowdon, L50, M|100/100\n|-weather|Sandstorm|[from] ability: Sand Stream|[of] p1b: Hippowdon\n|detailschange|p1a: Starmie|Starmie-Mega, L50\n|-mega|p1a: Starmie|Starmie|Starminite\n|move|p1a: Starmie|Liquidation|p2a: Houndoom\n|-supereffective|p2a: Houndoom|1\n|-damage|p2a: Houndoom|0 fnt\n|faint|p2a: Houndoom\n|move|p2b: Torkoal|Earth Power|p1b: Hippowdon\n|-damage|p1b: Hippowdon|71/100\n|\n|-weather|Sandstorm|[upkeep]\n|-damage|p1a: Starmie|95/100|[from] Sandstorm\n|-damage|p2b: Torkoal|31/100|[from] Sandstorm\n|-heal|p1b: Hippowdon|77/100|[from] item: Leftovers\n|upkeep\n|\n|t:|1776547369\n|switch|p2a: Sinistcha|Sinistcha, L50|100/100\n|-heal|p2b: Torkoal|56/100|[from] ability: Hospitality|[of] p2a: Sinistcha\n|turn|3\n|\n|t:|1776547387\n|move|p2b: Torkoal|Protect|p2b: Torkoal\n|-singleturn|p2b: Torkoal|Protect\n|move|p1a: Starmie|Liquidation|p2b: Torkoal\n|-activate|p2b: Torkoal|move: Protect\n|move|p2a: Sinistcha|Matcha Gotcha|p1b: Hippowdon|[spread] p1a,p1b\n|-supereffective|p1a: Starmie|1\n|-supereffective|p1b: Hippowdon|1\n|-damage|p1a: Starmie|37/100\n|-damage|p1b: Hippowdon|24/100\n|-status|p1a: Starmie|brn\n|move|p1b: Hippowdon|Yawn|p2a: Sinistcha\n|-start|p2a: Sinistcha|move: Yawn|[of] p1b: Hippowdon\n|\n|-weather|Sandstorm|[upkeep]\n|-damage|p1a: Starmie|31/100 brn|[from] Sandstorm\n|-damage|p2a: Sinistcha|94/100|[from] Sandstorm\n|-damage|p2b: Torkoal|50/100|[from] Sandstorm\n|-heal|p2a: Sinistcha|100/100|[from] item: Leftovers\n|-heal|p1b: Hippowdon|30/100|[from] item: Leftovers\n|-damage|p1a: Starmie|25/100 brn|[from] brn\n|upkeep\n|turn|4\n|c|\u2606autiorez|20% burn chance\n|inactive|bran45 has 30 seconds left.\n|\n|t:|1776547413\n|switch|p2b: Garchomp|Garchomp, L50, F|100/100\n|move|p1a: Starmie|Liquidation|p2b: Garchomp\n|-damage|p2b: Garchomp|64/100\n|-damage|p1a: Starmie|13/100 brn|[from] ability: Rough Skin|[of] p2b: Garchomp\n|move|p2a: Sinistcha|Matcha Gotcha|p1a: Starmie|[spread] p1a,p1b\n|-supereffective|p1a: Starmie|1\n|-crit|p1a: Starmie\n|-supereffective|p1b: Hippowdon|1\n|-damage|p1a: Starmie|0 fnt\n|-damage|p1b: Hippowdon|0 fnt\n|faint|p1a: Starmie\n|faint|p1b: Hippowdon\n|\n|-weather|Sandstorm|[upkeep]\n|-damage|p2a: Sinistcha|94/100|[from] Sandstorm\n|-heal|p2a: Sinistcha|100/100|[from] item: Leftovers\n|-end|p2a: Sinistcha|move: Yawn|[silent]\n|-status|p2a: Sinistcha|slp\n|upkeep\n|\n|t:|1776547416\n|switch|p1a: Dragapult|Dragapult, L50, F|100/100\n|switch|p1b: Jolteon|Jolteon, L50, M|38/100\n|turn|5\n|\n|t:|1776547432\n|move|p1a: Dragapult|Dragon Pulse|p2b: Garchomp\n|-supereffective|p2b: Garchomp|1\n|-damage|p2b: Garchomp|0 fnt\n|faint|p2b: Garchomp\n|move|p1b: Jolteon|Calm Mind|p1b: Jolteon\n|-boost|p1b: Jolteon|spa|1\n|-boost|p1b: Jolteon|spd|1\n|cant|p2a: Sinistcha|slp\n|\n|-weather|Sandstorm|[upkeep]\n|-damage|p1a: Dragapult|94/100|[from] Sandstorm\n|-damage|p1b: Jolteon|32/100|[from] Sandstorm\n|-damage|p2a: Sinistcha|94/100 slp|[from] Sandstorm\n|-heal|p2a: Sinistcha|100/100 slp|[from] item: Leftovers\n|upkeep\n|\n|t:|1776547435\n|switch|p2b: Torkoal|Torkoal, L50, F|50/100\n|-weather|SunnyDay|[from] ability: Drought|[of] p2b: Torkoal\n|turn|6\n|\n|t:|1776547441\n|move|p1a: Dragapult|Dragon Pulse|p2b: Torkoal\n|-damage|p2b: Torkoal|0 fnt\n|faint|p2b: Torkoal\n|move|p1b: Jolteon|Shadow Ball|p2a: Sinistcha\n|-supereffective|p2a: Sinistcha|1\n|-damage|p2a: Sinistcha|31/100 slp\n|-unboost|p2a: Sinistcha|spd|1\n|-curestatus|p2a: Sinistcha|slp|[msg]\n|move|p2a: Sinistcha|Matcha Gotcha|p1a: Dragapult|[spread] p1a,p1b\n|-resisted|p1a: Dragapult|1\n|-damage|p1a: Dragapult|78/100\n|-heal|p2a: Sinistcha|40/100|[from] drain|[of] p1a: Dragapult\n|-damage|p1b: Jolteon|10/100\n|-heal|p2a: Sinistcha|49/100|[from] drain|[of] p1b: Jolteon\n|-status|p1b: Jolteon|brn\n|\n|-weather|SunnyDay|[upkeep]\n|-heal|p2a: Sinistcha|55/100|[from] item: Leftovers\n|-damage|p1b: Jolteon|5/100 brn|[from] brn\n|upkeep\n|turn|7\n|\n|t:|1776547458\n|move|p1a: Dragapult|Dragon Pulse|p2a: Sinistcha\n|-damage|p2a: Sinistcha|0 fnt\n|faint|p2a: Sinistcha\n|\n|win|autiorez\n|raw|autiorez's rating: 1136 &rarr; <strong>1162</strong><br />(+26 for winning)\n|raw|bran45's rating: 1153 &rarr; <strong>1127</strong><br />(-26 for losing)\n",
  "uploadtime": 1776547465,
  "views": 20,
  "formatid": "gen9championsvgc2026regma",
  "rating": 1127,
  "private": 0,
  "password": null
}