{
  "id": "gen9championsvgc2026regma-2585387087",
  "format": "[Gen 9 Champions] VGC 2026 Reg M-A",
  "players": [
    "emeraldblade1\\",
    "Lyoi"
  ],
  "log": "|j|\u2606emeraldblade1\\\n|j|\u2606Lyoi\n|t:|1776343479\n|gametype|doubles\n|player|p1|emeraldblade1\\|brock|1048\n|player|p2|Lyoi|miku-ghost|1040\n|gen|9\n|tier|[Gen 9 Champions] VGC 2026 Reg M-A\n|rated|\n|rule|Species Clause: Limit one of each Pok\u00e9mon\n|rule|Item Clause: Limit 1 of each item\n|clearpoke\n|poke|p1|Aggron, L50, F|\n|poke|p1|Sinistcha, L50|\n|poke|p1|Milotic, L50, M|\n|poke|p1|Hatterene, L50, F|\n|poke|p1|Sableye, L50, F|\n|poke|p1|Rhyperior, L50, F|\n|poke|p2|Sneasler, L50, F|\n|poke|p2|Starmie, L50|\n|poke|p2|Garchomp, L50, M|\n|poke|p2|Sinistcha, L50|\n|poke|p2|Goodra-Hisui, L50, F|\n|poke|p2|Rotom-Heat, L50|\n|teampreview|4\n|inactive|Battle timer is ON: inactive players will automatically lose when time's up. (requested by emeraldblade1\\)\n|\n|t:|1776343502\n|teamsize|p1|4\n|teamsize|p2|4\n|start\n|switch|p1a: Hatterene|Hatterene, L50, F|100/100\n|switch|p1b: Aggron|Aggron, L50, F|100/100\n|switch|p2a: Starmie|Starmie, L50|100/100\n|switch|p2b: Goodra|Goodra-Hisui, L50, F|100/100\n|turn|1\n|\n|t:|1776343512\n|detailschange|p2a: Starmie|Starmie-Mega, L50\n|-mega|p2a: Starmie|Starmie|Starminite\n|detailschange|p1b: Aggron|Aggron-Mega, L50, F\n|-mega|p1b: Aggron|Aggron|Aggronite\n|move|p2a: Starmie|Skill Swap|p2b: Goodra\n|-activate|p2a: Starmie|Skill Swap|||[of] p2b: Goodra\n|move|p2b: Goodra|Shelter|p2b: Goodra\n|-boost|p2b: Goodra|def|2\n|move|p1b: Aggron|Curse|p1b: Aggron\n|-unboost|p1b: Aggron|spe|1\n|-boost|p1b: Aggron|atk|1\n|-boost|p1b: Aggron|def|1\n|move|p1a: Hatterene|Trick Room|p1a: Hatterene\n|-fieldstart|move: Trick Room|[of] p1a: Hatterene\n|\n|upkeep\n|turn|2\n|c|\u2606emeraldblade1\\|oh god\n|c|\u2606Lyoi|UWU <3\n|inactive|Lyoi has 30 seconds left.\n|\n|t:|1776343541\n|switch|p2a: Sinistcha|Sinistcha, L50|100/100\n|move|p1b: Aggron|Curse|p1b: Aggron\n|-unboost|p1b: Aggron|spe|1\n|-boost|p1b: Aggron|atk|1\n|-boost|p1b: Aggron|def|1\n|move|p1a: Hatterene|Dazzling Gleam|p2a: Sinistcha|[spread] p2a,p2b\n|-damage|p2a: Sinistcha|65/100\n|-damage|p2b: Goodra|82/100\n|move|p2b: Goodra|Shelter|p2b: Goodra\n|-boost|p2b: Goodra|def|2\n|\n|-heal|p2b: Goodra|88/100|[from] item: Leftovers\n|upkeep\n|turn|3\n|\n|t:|1776343558\n|move|p1b: Aggron|Heavy Slam|p2a: Sinistcha\n|-damage|p2a: Sinistcha|0 fnt\n|faint|p2a: Sinistcha\n|move|p1a: Hatterene|Psychic Noise|p2b: Goodra\n|-resisted|p2b: Goodra|1\n|-damage|p2b: Goodra|78/100\n|-start|p2b: Goodra|move: Heal Block\n|move|p2b: Goodra|Body Press|p1b: Aggron\n|-supereffective|p1b: Aggron|1\n|-damage|p1b: Aggron|55/100\n|\n|upkeep\n|\n|t:|1776343571\n|switch|p2a: Rotom|Rotom-Heat, L50|100/100\n|turn|4\n|\n|t:|1776343580\n|switch|p1a: Sinistcha|Sinistcha, L50|100/100\n|-heal|p1b: Aggron|80/100|[from] ability: Hospitality|[of] p1a: Sinistcha\n|move|p2a: Rotom|Protect|p2a: Rotom\n|-singleturn|p2a: Rotom|Protect\n|move|p1b: Aggron|Body Press|p2a: Rotom\n|-activate|p2a: Rotom|move: Protect\n|move|p2b: Goodra|Shelter|p2b: Goodra\n|-boost|p2b: Goodra|def|2\n|\n|-end|p2b: Goodra|move: Heal Block\n|upkeep\n|turn|5\n|\n|t:|1776343598\n|move|p1a: Sinistcha|Rage Powder|p1a: Sinistcha\n|-singleturn|p1a: Sinistcha|move: Rage Powder\n|move|p1b: Aggron|Body Press|p2a: Rotom\n|-damage|p2a: Rotom|0 fnt\n|faint|p2a: Rotom\n|move|p2b: Goodra|Knock Off|p1a: Sinistcha\n|-supereffective|p1a: Sinistcha|1\n|-damage|p1a: Sinistcha|22/100\n|-enditem|p1a: Sinistcha|Mental Herb|[from] move: Knock Off|[of] p2b: Goodra\n|\n|-heal|p2b: Goodra|83/100|[from] item: Leftovers\n|-fieldend|move: Trick Room\n|upkeep\n|\n|t:|1776343608\n|switch|p2a: Starmie|Starmie-Mega, L50|100/100\n|turn|6\n|\n|t:|1776343632\n|switch|p1a: Hatterene|Hatterene, L50, F|100/100\n|move|p1b: Aggron|Protect|p1b: Aggron\n|-singleturn|p1b: Aggron|Protect\n|move|p2a: Starmie|Psycho Cut|p1a: Hatterene\n|-resisted|p1a: Hatterene|1\n|-damage|p1a: Hatterene|71/100\n|move|p2b: Goodra|Body Press|p1b: Aggron\n|-activate|p1b: Aggron|move: Protect\n|\n|-heal|p2b: Goodra|89/100|[from] item: Leftovers\n|-heal|p1a: Hatterene|77/100|[from] item: Leftovers\n|upkeep\n|turn|7\n|\n|t:|1776343653\n|move|p2a: Starmie|Liquidation|p1a: Hatterene\n|-damage|p1a: Hatterene|16/100\n|move|p2b: Goodra|Body Press|p1b: Aggron\n|-supereffective|p1b: Aggron|1\n|-damage|p1b: Aggron|13/100\n|move|p1b: Aggron|Body Press|p2b: Goodra\n|-supereffective|p2b: Goodra|1\n|-damage|p2b: Goodra|51/100\n|move|p1a: Hatterene|Trick Room|p1a: Hatterene\n|-fieldstart|move: Trick Room|[of] p1a: Hatterene\n|\n|-heal|p1a: Hatterene|22/100|[from] item: Leftovers\n|-heal|p2b: Goodra|57/100|[from] item: Leftovers\n|upkeep\n|turn|8\n|\n|t:|1776343674\n|switch|p1a: Sinistcha|Sinistcha, L50|22/100\n|-heal|p1b: Aggron|38/100|[from] ability: Hospitality|[of] p1a: Sinistcha\n|move|p1b: Aggron|Body Press|p2b: Goodra\n|-supereffective|p2b: Goodra|1\n|-damage|p2b: Goodra|22/100\n|move|p2b: Goodra|Body Press|p1b: Aggron\n|-supereffective|p1b: Aggron|1\n|-damage|p1b: Aggron|0 fnt\n|faint|p1b: Aggron\n|move|p2a: Starmie|Liquidation|p1a: Sinistcha\n|-resisted|p1a: Sinistcha|1\n|-damage|p1a: Sinistcha|2/100\n|\n|-heal|p2b: Goodra|28/100|[from] item: Leftovers\n|upkeep\n|\n|t:|1776343679\n|switch|p1b: Hatterene|Hatterene, L50, F|22/100\n|turn|9\n|\n|t:|1776343692\n|move|p2a: Starmie|Protect|p2a: Starmie\n|-singleturn|p2a: Starmie|Protect\n|move|p1b: Hatterene|Dazzling Gleam|p2a: Starmie|[spread] p2b\n|-activate|p2a: Starmie|move: Protect\n|-damage|p2b: Goodra|10/100\n|move|p2b: Goodra|Knock Off|p1a: Sinistcha\n|-supereffective|p1a: Sinistcha|1\n|-damage|p1a: Sinistcha|0 fnt\n|faint|p1a: Sinistcha\n|\n|-heal|p1b: Hatterene|28/100|[from] item: Leftovers\n|-heal|p2b: Goodra|16/100|[from] item: Leftovers\n|upkeep\n|\n|t:|1776343705\n|switch|p1a: Rhyperior|Rhyperior, L50, F|100/100\n|turn|10\n|\n|t:|1776343717\n|move|p1b: Hatterene|Dazzling Gleam|p2a: Starmie|[spread] p2a,p2b\n|-crit|p2a: Starmie\n|-damage|p2a: Starmie|44/100\n|-damage|p2b: Goodra|0 fnt\n|faint|p2b: Goodra\n|move|p1a: Rhyperior|Rock Slide|p2a: Starmie\n|-damage|p2a: Starmie|0 fnt\n|faint|p2a: Starmie\n|\n|win|emeraldblade1\\\n|raw|emeraldblade1\\'s rating: 1048 &rarr; <strong>1080</strong><br />(+32 for winning)\n|raw|Lyoi's rating: 1040 &rarr; <strong>1024</strong><br />(-16 for losing)\n",
  "uploadtime": 1776343717,
  "views": 20,
  "formatid": "gen9championsvgc2026regma",
  "rating": 1024,
  "private": 0,
  "password": null
}