{
  "id": "gen9championsvgc2026regma-2585882470",
  "format": "[Gen 9 Champions] VGC 2026 Reg M-A",
  "players": [
    "Milo_CCG",
    "nanamixd"
  ],
  "log": "|j|\u2606Milo_CCG\n|j|\u2606nanamixd\n|t:|1776378119\n|gametype|doubles\n|player|p1|Milo_CCG|waiter-gen4|1000\n|player|p2|nanamixd|170|1043\n|gen|9\n|tier|[Gen 9 Champions] VGC 2026 Reg M-A\n|rated|\n|rule|Species Clause: Limit one of each Pok\u00e9mon\n|rule|Item Clause: Limit 1 of each item\n|clearpoke\n|poke|p1|Altaria, L50, F|\n|poke|p1|Aegislash, L50, M|\n|poke|p1|Sableye, L50, M|\n|poke|p1|Tinkaton, L50, F|\n|poke|p1|Gyarados, L50, M|\n|poke|p1|Volcarona, L50, F|\n|poke|p2|Gardevoir, L50, F|\n|poke|p2|Froslass, L50, F|\n|poke|p2|Garchomp, L50, F|\n|poke|p2|Sneasler, L50, F|\n|poke|p2|Kingambit, L50, M|\n|poke|p2|Basculegion, L50, M|\n|teampreview|4\n|\n|t:|1776378166\n|teamsize|p1|4\n|teamsize|p2|4\n|start\n|switch|p1a: Sableye|Sableye, L50, M|100/100\n|switch|p1b: Volcarona|Volcarona, L50, F|100/100\n|switch|p2a: Kingambit|Kingambit, L50, M|100/100\n|switch|p2b: Basculegion|Basculegion, L50, M|100/100\n|turn|1\n|\n|t:|1776378180\n|switch|p2a: Gardevoir|Gardevoir, L50, F|100/100\n|move|p1a: Sableye|Reflect|p1a: Sableye\n|-sidestart|p1: Milo_CCG|Reflect\n|move|p2b: Basculegion|Wave Crash|p1b: Volcarona\n|-supereffective|p1b: Volcarona|1\n|-damage|p1b: Volcarona|0 fnt\n|faint|p1b: Volcarona\n|-damage|p2b: Basculegion|68/100|[from] Recoil\n|\n|upkeep\n|\n|t:|1776378190\n|switch|p1b: Altaria|Altaria, L50, F|100/100\n|-ability|p1b: Altaria|Cloud Nine\n|turn|2\n|\n|t:|1776378204\n|detailschange|p2a: Gardevoir|Gardevoir-Mega, L50, F\n|-mega|p2a: Gardevoir|Gardevoir|Gardevoirite\n|detailschange|p1b: Altaria|Altaria-Mega, L50, F\n|-mega|p1b: Altaria|Altaria|Altarianite\n|move|p1b: Altaria|Protect|p1b: Altaria\n|-singleturn|p1b: Altaria|Protect\n|move|p1a: Sableye|Light Screen|p1a: Sableye\n|-sidestart|p1: Milo_CCG|move: Light Screen\n|move|p2b: Basculegion|Wave Crash|p1a: Sableye\n|-damage|p1a: Sableye|34/100\n|-damage|p2b: Basculegion|50/100|[from] Recoil\n|move|p2a: Gardevoir|Calm Mind|p2a: Gardevoir\n|-boost|p2a: Gardevoir|spa|1\n|-boost|p2a: Gardevoir|spd|1\n|\n|upkeep\n|turn|3\n|\n|t:|1776378225\n|switch|p1b: Aegislash|Aegislash, L50, M|100/100\n|move|p1a: Sableye|Taunt|p2a: Gardevoir\n|-start|p2a: Gardevoir|move: Taunt\n|move|p2b: Basculegion|Wave Crash|p1a: Sableye\n|-damage|p1a: Sableye|0 fnt\n|faint|p1a: Sableye\n|-damage|p2b: Basculegion|42/100|[from] Recoil\n|move|p2a: Gardevoir|Moonblast|p1b: Aegislash\n|-resisted|p1b: Aegislash|1\n|-damage|p1b: Aegislash|75/100\n|\n|upkeep\n|\n|t:|1776378237\n|switch|p1a: Altaria|Altaria-Mega, L50, F|100/100\n|turn|4\n|\n|t:|1776378247\n|move|p2b: Basculegion|Wave Crash|p1b: Aegislash\n|-damage|p1b: Aegislash|37/100\n|-damage|p2b: Basculegion|31/100|[from] Recoil\n|move|p2a: Gardevoir|Moonblast|p1a: Altaria\n|-supereffective|p1a: Altaria|1\n|-damage|p1a: Altaria|0 fnt\n|faint|p1a: Altaria\n|move|p1b: Aegislash|Swords Dance|p1b: Aegislash\n|-boost|p1b: Aegislash|atk|2\n|\n|upkeep\n|turn|5\n|\n|t:|1776378260\n|move|p1b: Aegislash|King's Shield|p1b: Aegislash\n|-singleturn|p1b: Aegislash|Protect\n|move|p2b: Basculegion|Wave Crash|p1b: Aegislash\n|-activate|p1b: Aegislash|move: Protect\n|-unboost|p2b: Basculegion|atk|1\n|move|p2a: Gardevoir|Moonblast|p1b: Aegislash\n|-activate|p1b: Aegislash|move: Protect\n|\n|-end|p2a: Gardevoir|move: Taunt\n|-sideend|p1: Milo_CCG|Reflect\n|upkeep\n|turn|6\n|\n|t:|1776378276\n|move|p2b: Basculegion|Wave Crash|p1b: Aegislash\n|-damage|p1b: Aegislash|0 fnt\n|faint|p1b: Aegislash\n|-damage|p2b: Basculegion|20/100|[from] Recoil\n|\n|win|nanamixd\n|raw|Milo_CCG's rating: 1000 &rarr; <strong>1000</strong><br />(+0 for losing)\n|raw|nanamixd's rating: 1043 &rarr; <strong>1072</strong><br />(+29 for winning)\n",
  "uploadtime": 1776378276,
  "views": 18,
  "formatid": "gen9championsvgc2026regma",
  "rating": 1000,
  "private": 0,
  "password": null
}