{
  "id": "gen9championsvgc2026regma-2586353709",
  "format": "[Gen 9 Champions] VGC 2026 Reg M-A",
  "players": [
    "TethysPersevere",
    "martysarc"
  ],
  "log": "|j|\u2606TethysPersevere\n|j|\u2606martysarc\n|t:|1776428113\n|gametype|doubles\n|player|p1|TethysPersevere|lucas-gen4pt|\n|player|p2|martysarc|2|\n|gen|9\n|tier|[Gen 9 Champions] VGC 2026 Reg M-A\n|rule|Species Clause: Limit one of each Pok\u00e9mon\n|rule|Item Clause: Limit 1 of each item\n|clearpoke\n|poke|p1|Empoleon, L50, M|\n|poke|p1|Sinistcha, L50|\n|poke|p1|Incineroar, L50, M|\n|poke|p1|Chimecho, L50, F|\n|poke|p1|Tyranitar, L50, F|\n|poke|p1|Kommo-o, L50, M|\n|poke|p2|Incineroar, L50, M|\n|poke|p2|Farigiraf, L50, F|\n|poke|p2|Golurk, L50|\n|poke|p2|Sneasler, L50, M|\n|poke|p2|Torkoal, L50, M|\n|poke|p2|Venusaur, L50, F|\n|teampreview|4\n|inactive|Battle timer is ON: inactive players will automatically lose when time's up. (requested by TethysPersevere)\n|\n|t:|1776428175\n|teamsize|p1|4\n|teamsize|p2|4\n|start\n|switch|p1a: Sinistcha|Sinistcha, L50|100/100\n|switch|p1b: Incineroar|Incineroar, L50, M|100/100\n|switch|p2a: Torkoal|Torkoal, L50, M|100/100\n|switch|p2b: Venusaur|Venusaur, L50, F|100/100\n|-ability|p1b: Incineroar|Intimidate|boost\n|-unboost|p2a: Torkoal|atk|1\n|-unboost|p2b: Venusaur|atk|1\n|-weather|SunnyDay|[from] ability: Drought|[of] p2a: Torkoal\n|turn|1\n|inactive|TethysPersevere has 30 seconds left.\n|inactive|TethysPersevere has 20 seconds left.\n|inactive|TethysPersevere has 15 seconds left.\n|inactive|TethysPersevere has 10 seconds left.\n|\n|t:|1776428220\n|switch|p1a: Kommo-o|Kommo-o, L50, M|100/100\n|move|p2a: Torkoal|Protect|p2a: Torkoal\n|-singleturn|p2a: Torkoal|Protect\n|move|p1b: Incineroar|Fake Out|p2b: Venusaur\n|-damage|p2b: Venusaur|84/100\n|cant|p2b: Venusaur|flinch\n|\n|-weather|SunnyDay|[upkeep]\n|upkeep\n|turn|2\n|c|\u2606martysarc|good fake out ngl\n|c|\u2606TethysPersevere|ty ty\n|inactive|martysarc has 30 seconds left.\n|inactive|martysarc has 20 seconds left.\n|inactive|martysarc has 15 seconds left.\n|\n|t:|1776428264\n|switch|p2a: Sneasler|Sneasler, L50, M|100/100\n|move|p1a: Kommo-o|Protect|p1a: Kommo-o\n|-singleturn|p1a: Kommo-o|Protect\n|move|p2b: Venusaur|Sleep Powder|p1a: Kommo-o\n|-activate|p1a: Kommo-o|move: Protect\n|move|p1b: Incineroar|Darkest Lariat|p2a: Sneasler\n|-resisted|p2a: Sneasler|1\n|-damage|p2a: Sneasler|64/100\n|\n|-weather|SunnyDay|[upkeep]\n|upkeep\n|turn|3\n|c|\u2606martysarc|faaaaaaa\n|inactive|TethysPersevere has 30 seconds left.\n|\n|t:|1776428297\n|switch|p1a: Sinistcha|Sinistcha, L50|100/100\n|move|p2a: Sneasler|Fake Out|p1b: Incineroar\n|-damage|p1b: Incineroar|83/100\n|move|p2b: Venusaur|Sleep Powder|p1a: Sinistcha\n|-immune|p1a: Sinistcha\n|cant|p1b: Incineroar|flinch\n|\n|-weather|SunnyDay|[upkeep]\n|upkeep\n|turn|4\n|c|\u2606TethysPersevere|nope\n|\n|t:|1776428321\n|move|p2b: Venusaur|Protect|p2b: Venusaur\n|-singleturn|p2b: Venusaur|Protect\n|move|p1a: Sinistcha|Rage Powder|p1a: Sinistcha\n|-singleturn|p1a: Sinistcha|move: Rage Powder\n|move|p2a: Sneasler|Close Combat|p1a: Sinistcha\n|-immune|p1a: Sinistcha\n|move|p1b: Incineroar|Flare Blitz|p2a: Sneasler\n|-damage|p2a: Sneasler|0 fnt\n|faint|p2a: Sneasler\n|-damage|p1b: Incineroar|65/100|[from] Recoil\n|\n|-weather|SunnyDay|[upkeep]\n|upkeep\n|c|\u2606martysarc|oofy\n|c|\u2606TethysPersevere|oh my goodness\n|\n|t:|1776428333\n|switch|p2a: Torkoal|Torkoal, L50, M|100/100\n|turn|5\n|inactive|TethysPersevere has 30 seconds left.\n|inactive|TethysPersevere has 20 seconds left.\n|inactive|TethysPersevere has 15 seconds left.\n|\n|t:|1776428378\n|switch|p1a: Kommo-o|Kommo-o, L50, M|100/100\n|move|p2b: Venusaur|Sleep Powder|p1b: Incineroar\n|-status|p1b: Incineroar|slp|[from] move: Sleep Powder\n|cant|p1b: Incineroar|slp\n|move|p2a: Torkoal|Eruption|p1a: Kommo-o|[spread] p1a,p1b\n|-resisted|p1a: Kommo-o|1\n|-resisted|p1b: Incineroar|1\n|-damage|p1a: Kommo-o|63/100\n|-damage|p1b: Incineroar|26/100 slp\n|-enditem|p1b: Incineroar|Sitrus Berry|[eat]\n|-heal|p1b: Incineroar|50/100 slp|[from] item: Sitrus Berry\n|\n|-weather|none\n|-heal|p1a: Kommo-o|69/100|[from] item: Leftovers\n|upkeep\n|turn|6\n|c|\u2606TethysPersevere|faaaaaaah\n|inactive|martysarc has 30 seconds left.\n|\n|t:|1776428404\n|switch|p1b: Sinistcha|Sinistcha, L50|100/100\n|-heal|p1a: Kommo-o|94/100|[from] ability: Hospitality|[of] p1b: Sinistcha\n|switch|p2a: Golurk|Golurk, L50|100/100\n|move|p2b: Venusaur|Sleep Powder|p1a: Kommo-o|[miss]\n|-miss|p2b: Venusaur|p1a: Kommo-o\n|move|p1a: Kommo-o|Clangorous Soul|p1a: Kommo-o\n|-boost|p1a: Kommo-o|atk|1\n|-boost|p1a: Kommo-o|def|1\n|-boost|p1a: Kommo-o|spa|1\n|-boost|p1a: Kommo-o|spd|1\n|-boost|p1a: Kommo-o|spe|1\n|-damage|p1a: Kommo-o|61/100\n|\n|-heal|p1a: Kommo-o|67/100|[from] item: Leftovers\n|upkeep\n|turn|7\n|c|\u2606martysarc|fakin el\n|\n|t:|1776428428\n|switch|p2a: Torkoal|Torkoal, L50, M|100/100\n|-weather|SunnyDay|[from] ability: Drought|[of] p2a: Torkoal\n|move|p1b: Sinistcha|Rage Powder|p1b: Sinistcha\n|-singleturn|p1b: Sinistcha|move: Rage Powder\n|move|p2b: Venusaur|Sludge Bomb|p1b: Sinistcha\n|-damage|p1b: Sinistcha|59/100\n|move|p1a: Kommo-o|Clanging Scales|p2a: Torkoal|[spread] p2a,p2b\n|-damage|p2a: Torkoal|19/100\n|-damage|p2b: Venusaur|27/100\n|-unboost|p1a: Kommo-o|def|1\n|\n|-weather|SunnyDay|[upkeep]\n|-heal|p1a: Kommo-o|73/100|[from] item: Leftovers\n|upkeep\n|turn|8\n|\n|t:|1776428452\n|move|p1a: Kommo-o|Protect|p1a: Kommo-o\n|-singleturn|p1a: Kommo-o|Protect\n|move|p2b: Venusaur|Sleep Powder|p1a: Kommo-o\n|-activate|p1a: Kommo-o|move: Protect\n|move|p1b: Sinistcha|Life Dew|p1b: Sinistcha|[spread] p1a,p1b\n|-heal|p1a: Kommo-o|98/100\n|-heal|p1b: Sinistcha|84/100\n|move|p2a: Torkoal|Weather Ball|p1b: Sinistcha\n|-supereffective|p1b: Sinistcha|1\n|-damage|p1b: Sinistcha|0 fnt\n|faint|p1b: Sinistcha\n|\n|-weather|SunnyDay|[upkeep]\n|-heal|p1a: Kommo-o|100/100|[from] item: Leftovers\n|upkeep\n|c|\u2606martysarc|SINISTCHA LOOK OUT\n|\n|t:|1776428467\n|switch|p1b: Chimecho|Chimecho, L50, F|100/100\n|turn|9\n|c|\u2606TethysPersevere|why can't I mega\n|inactive|TethysPersevere has 30 seconds left.\n|inactive|martysarc has 30 seconds left.\n|c|\u2606martysarc|does it have the stone\n|c|\u2606TethysPersevere|oh nbm I'm dumb\n|c|\u2606TethysPersevere|I'm on kommo LMAO\n|inactive|TethysPersevere has 20 seconds left.\n|inactive|martysarc has 20 seconds left.\n|inactive|TethysPersevere has 15 seconds left.\n|inactive|martysarc has 15 seconds left.\n|\n|t:|1776428509\n|detailschange|p1b: Chimecho|Chimecho-Mega, L50, F\n|-mega|p1b: Chimecho|Chimecho|Chimechite\n|move|p2a: Torkoal|Protect|p2a: Torkoal\n|-singleturn|p2a: Torkoal|Protect\n|move|p2b: Venusaur|Sleep Powder|p1a: Kommo-o\n|-status|p1a: Kommo-o|slp|[from] move: Sleep Powder\n|cant|p1a: Kommo-o|slp\n|move|p1b: Chimecho|Calm Mind|p1b: Chimecho\n|-boost|p1b: Chimecho|spa|1\n|-boost|p1b: Chimecho|spd|1\n|\n|-weather|SunnyDay|[upkeep]\n|upkeep\n|turn|10\n|c|\u2606martysarc|chuff\n|inactive|martysarc has 30 seconds left.\n|\n|t:|1776428538\n|switch|p2a: Golurk|Golurk, L50|100/100\n|-curestatus|p1a: Kommo-o|slp|[msg]\n|move|p1a: Kommo-o|Protect|p1a: Kommo-o\n|-singleturn|p1a: Kommo-o|Protect\n|move|p2b: Venusaur|Sleep Powder|p1b: Chimecho|[miss]\n|-miss|p2b: Venusaur|p1b: Chimecho\n|move|p1b: Chimecho|Calm Mind|p1b: Chimecho\n|-boost|p1b: Chimecho|spa|1\n|-boost|p1b: Chimecho|spd|1\n|\n|-weather|SunnyDay|[upkeep]\n|upkeep\n|turn|11\n|c|\u2606martysarc|first turn wake my aaah\n|c|\u2606TethysPersevere|STOP SLEEP POWDERIN\n|\n|t:|1776428562\n|detailschange|p2a: Golurk|Golurk-Mega, L50\n|-mega|p2a: Golurk|Golurk|Golurkite\n|move|p2b: Venusaur|Sleep Powder|p1b: Chimecho|[miss]\n|-miss|p2b: Venusaur|p1b: Chimecho\n|move|p1a: Kommo-o|Clanging Scales|p2a: Golurk|[spread] p2a,p2b\n|-damage|p2a: Golurk|50/100\n|-damage|p2b: Venusaur|0 fnt\n|faint|p2b: Venusaur\n|-unboost|p1a: Kommo-o|def|1\n|move|p2a: Golurk|Poltergeist|p1b: Chimecho\n|-activate|p1b: Chimecho|move: Poltergeist|Chimechite\n|-supereffective|p1b: Chimecho|1\n|-damage|p1b: Chimecho|0 fnt\n|faint|p1b: Chimecho\n|\n|-weather|none\n|upkeep\n|c|\u2606TethysPersevere|you get what you deserve\n|c|\u2606martysarc|miss everything golurk\n|c|\u2606martysarc|i mean venusaur\n|\n|t:|1776428577\n|switch|p2b: Torkoal|Torkoal, L50, M|19/100\n|switch|p1b: Incineroar|Incineroar, L50, M|50/100 slp\n|-ability|p1b: Incineroar|Intimidate|boost\n|-unboost|p2a: Golurk|atk|1\n|-unboost|p2b: Torkoal|atk|1\n|-weather|SunnyDay|[from] ability: Drought|[of] p2b: Torkoal\n|turn|12\n|\n|t:|1776428599\n|-curestatus|p1b: Incineroar|slp|[msg]\n|move|p1b: Incineroar|Fake Out|p2b: Torkoal\n|-damage|p2b: Torkoal|9/100\n|move|p1a: Kommo-o|Clanging Scales|p2a: Golurk|[spread] p2a,p2b\n|-damage|p2a: Golurk|0 fnt\n|-damage|p2b: Torkoal|0 fnt\n|faint|p2a: Golurk\n|faint|p2b: Torkoal\n|\n|win|TethysPersevere\n|c|\u2606martysarc|gg methys\n|c|\u2606TethysPersevere|gg sleep powder bastard\n|c|\u2606martysarc|i only hit like 2\n",
  "uploadtime": 1776428618,
  "views": 20,
  "formatid": "gen9championsvgc2026regma",
  "rating": null,
  "private": 0,
  "password": null
}