{
  "id": "gen9championsvgc2026regma-2584391669",
  "format": "[Gen 9 Champions] VGC 2026 Reg M-A",
  "players": [
    "I'm the salt",
    "lilsxooby"
  ],
  "log": "|j|\u2606I'm the salt\n|j|\u2606lilsxooby\n|t:|1776257427\n|gametype|doubles\n|player|p1|I'm the salt|steven|1123\n|player|p2|lilsxooby|benga|1125\n|gen|9\n|tier|[Gen 9 Champions] VGC 2026 Reg M-A\n|rated|\n|rule|Species Clause: Limit one of each Pok\u00e9mon\n|rule|Item Clause: Limit 1 of each item\n|clearpoke\n|poke|p1|Floette-Eternal, L50, F|\n|poke|p1|Maushold, L50|\n|poke|p1|Primarina, L50, F|\n|poke|p1|Incineroar, L50, F|\n|poke|p1|Garchomp, L50, M|\n|poke|p1|Talonflame, L50, F|\n|poke|p2|Glimmora, L50, M|\n|poke|p2|Delphox, L50, F|\n|poke|p2|Kingambit, L50, F|\n|poke|p2|Milotic, L50, F|\n|poke|p2|Sinistcha-Masterpiece, L50|\n|poke|p2|Talonflame, L50, M|\n|teampreview|4\nI'm the salt has agreed to open team sheets.\n|c|\u2606lilsxooby|glhf!\n|c|\u2606I'm the salt|glhf\n|\n|t:|1776257452\n|teamsize|p1|4\n|teamsize|p2|4\n|start\n|switch|p1a: Primarina|Primarina, L50, F|100/100\n|switch|p1b: Talonflame|Talonflame, L50, F|100/100\n|switch|p2a: Talonflame|Talonflame, L50, M|100/100\n|switch|p2b: Milotic|Milotic, L50, F|100/100\n|turn|1\n|\n|t:|1776257467\n|move|p1b: Talonflame|Tailwind|p1b: Talonflame\n|-sidestart|p1: I'm the salt|move: Tailwind\n|move|p2a: Talonflame|Tailwind|p2a: Talonflame\n|-sidestart|p2: lilsxooby|move: Tailwind\n|move|p2b: Milotic|Scald|p1b: Talonflame\n|-supereffective|p1b: Talonflame|1\n|-damage|p1b: Talonflame|8/100\n|move|p1a: Primarina|Hyper Voice|p2b: Milotic|[spread] p2a,p2b\n|-supereffective|p2a: Talonflame|1\n|-resisted|p2b: Milotic|1\n|-enditem|p2a: Talonflame|Focus Sash\n|-damage|p2a: Talonflame|1/100\n|-damage|p2b: Milotic|89/100\n|\n|upkeep\n|turn|2\n|\n|t:|1776257483\n|move|p2a: Talonflame|Protect|p2a: Talonflame\n|-singleturn|p2a: Talonflame|Protect\n|move|p1b: Talonflame|Brave Bird|p2a: Talonflame\n|-activate|p2a: Talonflame|move: Protect\n|move|p2b: Milotic|Icy Wind|p1b: Talonflame|[spread] p1a,p1b\n|-resisted|p1a: Primarina|1\n|-damage|p1a: Primarina|97/100\n|-damage|p1b: Talonflame|0 fnt\n|-unboost|p1a: Primarina|spe|1\n|faint|p1b: Talonflame\n|move|p1a: Primarina|Moonblast|p2b: Milotic\n|-damage|p2b: Milotic|47/100\n|-enditem|p2b: Milotic|Sitrus Berry|[eat]\n|-heal|p2b: Milotic|71/100|[from] item: Sitrus Berry\n|\n|upkeep\n|\n|t:|1776257490\n|switch|p1b: Floette|Floette-Eternal, L50, F|100/100\n|turn|3\n|\n|t:|1776257510\n|switch|p2a: Sinistcha|Sinistcha-Masterpiece, L50|100/100\n|-heal|p2b: Milotic|96/100|[from] ability: Hospitality|[of] p2a: Sinistcha\n|detailschange|p1b: Floette|Floette-Mega, L50, F\n|-mega|p1b: Floette|Floette|Floettite\n|-ability|p1b: Floette|Fairy Aura\n|move|p1b: Floette|Dazzling Gleam|p2b: Milotic|[spread] p2a,p2b\n|-damage|p2a: Sinistcha|52/100\n|-damage|p2b: Milotic|61/100\n|move|p2b: Milotic|Icy Wind|p1a: Primarina|[spread] p1a,p1b\n|-resisted|p1a: Primarina|1\n|-damage|p1a: Primarina|93/100\n|-damage|p1b: Floette|92/100\n|-unboost|p1a: Primarina|spe|1\n|-unboost|p1b: Floette|spe|1\n|move|p1a: Primarina|Moonblast|p2b: Milotic\n|-damage|p2b: Milotic|9/100\n|\n|-heal|p2a: Sinistcha|58/100|[from] item: Leftovers\n|upkeep\n|turn|4\n|\n|t:|1776257527\n|move|p2b: Milotic|Helping Hand|p2a: Sinistcha\n|-singleturn|p2a: Sinistcha|Helping Hand|[of] p2b: Milotic\n|move|p1b: Floette|Dazzling Gleam|p2a: Sinistcha|[spread] p2a,p2b\n|-damage|p2a: Sinistcha|7/100\n|-damage|p2b: Milotic|0 fnt\n|faint|p2b: Milotic\n|move|p2a: Sinistcha|Matcha Gotcha|p1b: Floette|[spread] p1a,p1b\n|-supereffective|p1a: Primarina|1\n|-damage|p1a: Primarina|20/100\n|-heal|p2a: Sinistcha|45/100|[from] drain|[of] p1a: Primarina\n|-damage|p1b: Floette|58/100\n|-heal|p2a: Sinistcha|60/100|[from] drain|[of] p1b: Floette\n|-status|p1b: Floette|brn\n|move|p1a: Primarina|Dazzling Gleam|p2a: Sinistcha\n|-damage|p2a: Sinistcha|0 fnt\n|faint|p2a: Sinistcha\n|\n|-damage|p1b: Floette|52/100 brn|[from] brn\n|-sideend|p2: lilsxooby|move: Tailwind\n|-sideend|p1: I'm the salt|move: Tailwind\n|upkeep\n|\n|t:|1776257537\n|switch|p2b: Talonflame|Talonflame, L50, M|1/100\n|switch|p2a: Delphox|Delphox, L50, F|100/100\n|turn|5\n|\n|t:|1776257549\n|detailschange|p2a: Delphox|Delphox-Mega, L50, F\n|-mega|p2a: Delphox|Delphox|Delphoxite\n|move|p2b: Talonflame|Protect|p2b: Talonflame\n|-singleturn|p2b: Talonflame|Protect\n|move|p1b: Floette|Protect|p1b: Floette\n|-singleturn|p1b: Floette|Protect\n|move|p2a: Delphox|Psyshock|p1b: Floette\n|-activate|p1b: Floette|move: Protect\n|move|p1a: Primarina|Hyper Voice|p2a: Delphox|[spread] p2a\n|-activate|p2b: Talonflame|move: Protect\n|-supereffective|p2a: Delphox|1\n|-damage|p2a: Delphox|28/100\n|\n|-damage|p1b: Floette|46/100 brn|[from] brn\n|upkeep\n|turn|6\n|c|\u2606lilsxooby|uh oh\n|\n|t:|1776257592\n|move|p2a: Delphox|Psyshock|p1a: Primarina\n|-damage|p1a: Primarina|0 fnt\n|faint|p1a: Primarina\n|move|p2b: Talonflame|Heat Wave|p1b: Floette\n|-damage|p1b: Floette|14/100 brn\n|move|p1b: Floette|Dazzling Gleam|p2a: Delphox|[spread] p2a,p2b\n|-resisted|p2a: Delphox|1\n|-resisted|p2b: Talonflame|1\n|-damage|p2a: Delphox|6/100\n|-damage|p2b: Talonflame|0 fnt\n|faint|p2b: Talonflame\n|\n|-damage|p1b: Floette|8/100 brn|[from] brn\n|upkeep\n|\n|t:|1776257600\n|switch|p1a: Maushold|Maushold, L50|100/100\n|turn|7\n|\n|t:|1776257611\n|move|p2a: Delphox|Protect|p2a: Delphox\n|-singleturn|p2a: Delphox|Protect\n|move|p1a: Maushold|Follow Me|p1a: Maushold\n|-singleturn|p1a: Maushold|move: Follow Me\n|move|p1b: Floette|Moonblast|p2a: Delphox\n|-activate|p2a: Delphox|move: Protect\n|\n|-damage|p1b: Floette|2/100 brn|[from] brn\n|upkeep\n|turn|8\n|\n|t:|1776257619\n|move|p1a: Maushold|Follow Me|p1a: Maushold\n|-singleturn|p1a: Maushold|move: Follow Me\n|move|p2a: Delphox|Heat Wave|p1b: Floette|[spread] p1a,p1b\n|-damage|p1a: Maushold|50/100\n|-damage|p1b: Floette|0 fnt\n|faint|p1b: Floette\n|\n|upkeep\n|turn|9\n|c|\u2606I'm the salt|gg lmao\n|c|\u2606lilsxooby|gg\n|\n|t:|1776257630\n|move|p2a: Delphox|Heat Wave|p1a: Maushold|[miss]\n|-miss|p2a: Delphox|p1a: Maushold\n|move|p1a: Maushold|Super Fang|p2a: Delphox\n|-damage|p2a: Delphox|4/100\n|\n|upkeep\n|turn|10\n|c|\u2606lilsxooby|you played very\n|c|\u2606lilsxooby|OH\n|c|\u2606I'm the salt|cant touch shit xd\n|\n|t:|1776257643\n|move|p2a: Delphox|Heat Wave|p1a: Maushold|[miss]\n|-miss|p2a: Delphox|p1a: Maushold\n|move|p1a: Maushold|Super Fang|p2a: Delphox\n|-damage|p2a: Delphox|2/100\n|\n|upkeep\n|turn|11\n|c|\u2606lilsxooby|son\ud83d\ude2d\n|\n|t:|1776257653\n|move|p2a: Delphox|Heat Wave|p1a: Maushold\n|-damage|p1a: Maushold|0 fnt\n|faint|p1a: Maushold\n|\n|win|lilsxooby\n|raw|I&apos;m the salt's rating: 1123 &rarr; <strong>1098</strong><br />(-25 for losing)\n|raw|lilsxooby's rating: 1125 &rarr; <strong>1150</strong><br />(+25 for winning)\n|c|\u2606lilsxooby|you p;ayed veru well goat\n|c|\u2606lilsxooby|very well\n|c|\u2606I'm the salt|anime ending\n|c|\u2606I'm the salt|thx u 2\n",
  "uploadtime": 1776257666,
  "views": 25,
  "formatid": "gen9championsvgc2026regma",
  "rating": 1098,
  "private": 0,
  "password": null
}