{
  "id": "gen9championsvgc2026regma-2584833968",
  "format": "[Gen 9 Champions] VGC 2026 Reg M-A",
  "players": [
    "matttttt314159",
    "eevee1995"
  ],
  "log": "|j|\u2606matttttt314159\n|j|\u2606eevee1995\n|t:|1776287239\n|gametype|doubles\n|player|p1|matttttt314159|101|1064\n|player|p2|eevee1995|pokekidf-gen8|1000\n|gen|9\n|tier|[Gen 9 Champions] VGC 2026 Reg M-A\n|rated|\n|rule|Species Clause: Limit one of each Pok\u00e9mon\n|rule|Item Clause: Limit 1 of each item\n|clearpoke\n|poke|p1|Farigiraf, L50, M|\n|poke|p1|Drampa, L50, F|\n|poke|p1|Aegislash, L50, F|\n|poke|p1|Sableye, L50, M|\n|poke|p1|Aerodactyl, L50, M|\n|poke|p1|Maushold-Four, L50|\n|poke|p2|Torkoal, L50, M|\n|poke|p2|Victreebel, L50, F|\n|poke|p2|Farigiraf, L50, M|\n|poke|p2|Dragonite, L50, M|\n|poke|p2|Sneasler, L50, M|\n|poke|p2|Garchomp, L50, F|\n|teampreview|4\n|inactive|Battle timer is ON: inactive players will automatically lose when time's up. (requested by matttttt314159)\n|c|\u2606eevee1995|yummy\neevee1995 rejected open team sheets.\n|inactive|matttttt314159 has 60 seconds left.\n|\n|t:|1776287286\n|teamsize|p1|4\n|teamsize|p2|4\n|start\n|switch|p1a: Farigiraf|Farigiraf, L50, M|100/100\n|switch|p1b: Sableye|Sableye, L50, M|100/100\n|switch|p2a: MELMAN|Farigiraf, L50, M, shiny|100/100\n|switch|p2b: Mr Nite|Dragonite, L50, M, shiny|100/100\n|turn|1\n|inactive|matttttt314159 has 30 seconds left.\n|\n|t:|1776287318\n|switch|p1a: Aegislash|Aegislash, L50, F|100/100\n|move|p2a: MELMAN|Protect|p2a: MELMAN\n|-singleturn|p2a: MELMAN|Protect\n|move|p2b: Mr Nite|Scale Shot|p1b: Sableye\n|-damage|p1b: Sableye|80/100\n|-damage|p1b: Sableye|60/100\n|-damage|p1b: Sableye|39/100\n|-hitcount|p1b: Sableye|3\n|-unboost|p2b: Mr Nite|def|1\n|-boost|p2b: Mr Nite|spe|1\n|cant|p1b: Sableye|flinch\n|\n|-heal|p1b: Sableye|44/100|[from] item: Leftovers\n|upkeep\n|turn|2\n|inactive|eevee1995 has 30 seconds left.\n|\n|t:|1776287345\n|move|p2a: MELMAN|Protect|p2a: MELMAN\n|-singleturn|p2a: MELMAN|Protect\n|move|p2b: Mr Nite|Stomping Tantrum|p1a: Aegislash\n|-supereffective|p1a: Aegislash|1\n|-damage|p1a: Aegislash|55/100\n|-formechange|p1a: Aegislash|Aegislash-Blade|\n|move|p1a: Aegislash|Poltergeist|p2b: Mr Nite\n|-activate|p2b: Mr Nite|move: Poltergeist|King's Rock\n|-crit|p2b: Mr Nite\n|-damage|p2b: Mr Nite|24/100\n|move|p1b: Sableye|Foul Play|p2b: Mr Nite\n|-damage|p2b: Mr Nite|0 fnt\n|faint|p2b: Mr Nite\n|\n|-heal|p1b: Sableye|50/100|[from] item: Leftovers\n|upkeep\n|\n|t:|1776287355\n|switch|p2b: Torkal the brave|Torkoal, L50, M, shiny|100/100\n|-weather|SunnyDay|[from] ability: Drought|[of] p2b: Torkal the brave\n|turn|3\n|\n|t:|1776287360\n|switch|p1b: Farigiraf|Farigiraf, L50, M|100/100\n|move|p2a: MELMAN|Helping Hand|p2b: Torkal the brave\n|-singleturn|p2b: Torkal the brave|Helping Hand|[of] p2a: MELMAN\n|-formechange|p1a: Aegislash|Aegislash|\n|move|p1a: Aegislash|King's Shield|p1a: Aegislash\n|-singleturn|p1a: Aegislash|Protect\n|move|p2b: Torkal the brave|Heat Wave|p1a: Aegislash|[spread] p1b\n|-activate|p1a: Aegislash|move: Protect\n|-damage|p1b: Farigiraf|52/100\n|\n|-weather|SunnyDay|[upkeep]\n|upkeep\n|turn|4\n|inactive|matttttt314159 has 30 seconds left.\n|\n|t:|1776287385\n|move|p2b: Torkal the brave|Protect|p2b: Torkal the brave\n|-singleturn|p2b: Torkal the brave|Protect\n|-formechange|p1a: Aegislash|Aegislash-Blade|\n|move|p1a: Aegislash|Iron Head|p2a: MELMAN\n|-damage|p2a: MELMAN|62/100\n|move|p1b: Farigiraf|Psychic|p2b: Torkal the brave\n|-activate|p2b: Torkal the brave|move: Protect\n|move|p2a: MELMAN|Trick Room|p2a: MELMAN\n|-fieldstart|move: Trick Room|[of] p2a: MELMAN\n|\n|-weather|SunnyDay|[upkeep]\n|-heal|p2a: MELMAN|68/100|[from] item: Leftovers\n|upkeep\n|turn|5\n|inactive|matttttt314159 has 30 seconds left.\n|\n|t:|1776287415\n|move|p2a: MELMAN|Helping Hand|p2b: Torkal the brave\n|-singleturn|p2b: Torkal the brave|Helping Hand|[of] p2a: MELMAN\n|-formechange|p1a: Aegislash|Aegislash|\n|move|p1a: Aegislash|King's Shield|p1a: Aegislash\n|-singleturn|p1a: Aegislash|Protect\n|move|p2b: Torkal the brave|Heat Wave|p1a: Aegislash|[spread] \n|-activate|p1a: Aegislash|move: Protect\n|-miss|p2b: Torkal the brave|p1b: Farigiraf\n|move|p1b: Farigiraf|Psychic|p2b: Torkal the brave\n|-damage|p2b: Torkal the brave|51/100\n|\n|-weather|SunnyDay|[upkeep]\n|-heal|p2a: MELMAN|75/100|[from] item: Leftovers\n|upkeep\n|turn|6\n|\n|t:|1776287433\n|move|p2a: MELMAN|Helping Hand|p2b: Torkal the brave\n|-singleturn|p2b: Torkal the brave|Helping Hand|[of] p2a: MELMAN\n|move|p2b: Torkal the brave|Heat Wave|p1a: Aegislash|[spread] p1b\n|-miss|p2b: Torkal the brave|p1a: Aegislash\n|-damage|p1b: Farigiraf|7/100\n|move|p1b: Farigiraf|Psychic|p2b: Torkal the brave\n|-damage|p2b: Torkal the brave|4/100\n|-formechange|p1a: Aegislash|Aegislash-Blade|\n|move|p1a: Aegislash|Iron Head|p2a: MELMAN\n|-damage|p2a: MELMAN|34/100\n|\n|-weather|SunnyDay|[upkeep]\n|-heal|p2a: MELMAN|41/100|[from] item: Leftovers\n|upkeep\n|turn|7\n|\n|t:|1776287448\n|move|p2a: MELMAN|Helping Hand|p2b: Torkal the brave\n|-singleturn|p2b: Torkal the brave|Helping Hand|[of] p2a: MELMAN\n|move|p2b: Torkal the brave|Heat Wave|p1a: Aegislash|[spread] p1a,p1b\n|-supereffective|p1a: Aegislash|1\n|-damage|p1a: Aegislash|0 fnt\n|-damage|p1b: Farigiraf|0 fnt\n|faint|p1a: Aegislash\n|faint|p1b: Farigiraf\n|\n|-weather|none\n|-heal|p2a: MELMAN|47/100|[from] item: Leftovers\n|upkeep\n|\n|t:|1776287450\n|switch|p1b: Drampa|Drampa, L50, F|100/100\n|switch|p1a: Sableye|Sableye, L50, M|50/100\n|turn|8\n|\n|t:|1776287473\n|switch|p2b: Incredible Gassy|Victreebel, L50, F, shiny|100/100\n|detailschange|p1b: Drampa|Drampa-Mega, L50, F\n|-mega|p1b: Drampa|Drampa|Drampanite\n|move|p1b: Drampa|Hyper Voice|p2b: Incredible Gassy|[spread] p2a,p2b\n|-damage|p2a: MELMAN|3/100\n|-damage|p2b: Incredible Gassy|41/100\n|move|p1a: Sableye|Foul Play|p2a: MELMAN\n|-supereffective|p2a: MELMAN|1\n|-damage|p2a: MELMAN|0 fnt\n|faint|p2a: MELMAN\n|\n|-heal|p1a: Sableye|56/100|[from] item: Leftovers\n|-fieldend|move: Trick Room\n|upkeep\n|\n|t:|1776287480\n|switch|p2a: Torkal the brave|Torkoal, L50, M, shiny|4/100\n|-weather|SunnyDay|[from] ability: Drought|[of] p2a: Torkal the brave\n|turn|9\n|\n|t:|1776287497\n|detailschange|p2b: Incredible Gassy|Victreebel-Mega, L50, F, shiny\n|-mega|p2b: Incredible Gassy|Victreebel|Victreebelite\n|move|p2a: Torkal the brave|Protect|p2a: Torkal the brave\n|-singleturn|p2a: Torkal the brave|Protect\n|move|p2b: Incredible Gassy|Sleep Powder|p1b: Drampa\n|-status|p1b: Drampa|slp|[from] move: Sleep Powder\n|move|p1a: Sableye|Foul Play|p2a: Torkal the brave\n|-activate|p2a: Torkal the brave|move: Protect\n|cant|p1b: Drampa|slp\n|\n|-weather|SunnyDay|[upkeep]\n|-heal|p1a: Sableye|61/100|[from] item: Leftovers\n|upkeep\n|turn|10\n|\n|t:|1776287516\n|move|p2a: Torkal the brave|Helping Hand|p2b: Incredible Gassy\n|-singleturn|p2b: Incredible Gassy|Helping Hand|[of] p2a: Torkal the brave\n|move|p1a: Sableye|Encore|p2a: Torkal the brave\n|-start|p2a: Torkal the brave|Encore\n|move|p2b: Incredible Gassy|Weather Ball|p1a: Sableye\n|-damage|p1a: Sableye|0 fnt\n|faint|p1a: Sableye\n|cant|p1b: Drampa|slp\n|\n|-weather|SunnyDay|[upkeep]\n|upkeep\n|turn|11\n|c|\u2606eevee1995|gg\n|\n|t:|1776287532\n|move|p2a: Torkal the brave|Helping Hand|p2b: Incredible Gassy\n|-singleturn|p2b: Incredible Gassy|Helping Hand|[of] p2a: Torkal the brave\n|move|p2b: Incredible Gassy|Sludge Bomb|p1b: Drampa\n|-damage|p1b: Drampa|39/100 slp\n|-ability|p1b: Drampa|Berserk|boost\n|-boost|p1b: Drampa|spa|1\n|-curestatus|p1b: Drampa|slp|[msg]\n|move|p1b: Drampa|Hyper Voice|p2a: Torkal the brave|[spread] p2a,p2b\n|-damage|p2a: Torkal the brave|0 fnt\n|-damage|p2b: Incredible Gassy|0 fnt\n|-damage|p1b: Drampa|0 fnt|[from] ability: Innards Out|[of] p2b: Incredible Gassy\n|faint|p2a: Torkal the brave\n|faint|p2b: Incredible Gassy\n|faint|p1b: Drampa\n|\n|win|matttttt314159\n|raw|matttttt314159's rating: 1064 &rarr; <strong>1089</strong><br />(+25 for winning)\n|raw|eevee1995's rating: 1000 &rarr; <strong>1000</strong><br />(+0 for losing)\n|c|\u2606matttttt314159|I got insane luck there gg\n|c|\u2606eevee1995|yes you did\n",
  "uploadtime": 1776287539,
  "views": 24,
  "formatid": "gen9championsvgc2026regma",
  "rating": 1000,
  "private": 0,
  "password": null
}