{
  "id": "gen9championsvgc2026regma-2584772313",
  "format": "[Gen 9 Champions] VGC 2026 Reg M-A",
  "players": [
    "patatataaaaa",
    "ThaiSenNJ"
  ],
  "log": "|j|\u2606patatataaaaa\n|j|\u2606ThaiSenNJ\n|t:|1776282583\n|gametype|doubles\n|player|p1|patatataaaaa|unknown|1050\n|player|p2|ThaiSenNJ|flannery|1089\n|gen|9\n|tier|[Gen 9 Champions] VGC 2026 Reg M-A\n|rated|\n|rule|Species Clause: Limit one of each Pok\u00e9mon\n|rule|Item Clause: Limit 1 of each item\n|clearpoke\n|poke|p1|Avalugg, L50, M|\n|poke|p1|Aggron, L50, F|\n|poke|p1|Mimikyu, L50, F|\n|poke|p1|Slowking, L50, M|\n|poke|p1|Torkoal, L50, M|\n|poke|p1|Venusaur, L50, F|\n|poke|p2|Aurorus, L50, M|\n|poke|p2|Aerodactyl, L50, M|\n|poke|p2|Meganium, L50, F|\n|poke|p2|Arcanine, L50, M|\n|poke|p2|Alcremie-Lemon-Cream, L50, F|\n|poke|p2|Toucannon, L50, M|\n|teampreview|4\n|\n|t:|1776282632\n|teamsize|p1|4\n|teamsize|p2|4\n|start\n|switch|p1a: Miguel|Mimikyu, L50, F|100/100\n|switch|p1b: WALLdo|Aggron, L50, F|100/100\n|switch|p2a: Aerodactyl|Aerodactyl, L50, M|100/100\n|switch|p2b: Toucannon|Toucannon, L50, M|100/100\n|-ability|p2a: Aerodactyl|Unnerve\n|turn|1\n|-activate|p1a: Miguel|item: Quick Claw\n|\n|t:|1776282661\n|detailschange|p1b: WALLdo|Aggron-Mega, L50, F\n|-mega|p1b: WALLdo|Aggron|Aggronite\n|move|p2a: Aerodactyl|Tailwind|p2a: Aerodactyl\n|-sidestart|p2: ThaiSenNJ|move: Tailwind\n|move|p2b: Toucannon|Bullet Seed|p1a: Miguel\n|-activate|p1a: Miguel|ability: Disguise\n|-damage|p1a: Miguel|100/100\n|detailschange|p1a: Miguel|Mimikyu-Busted, L50, F\n|-damage|p1a: Miguel|88/100|[from] pokemon: Mimikyu-Busted\n|-damage|p1a: Miguel|75/100\n|-damage|p1a: Miguel|63/100\n|-damage|p1a: Miguel|50/100\n|-damage|p1a: Miguel|37/100\n|-hitcount|p1a: Miguel|5\n|move|p1b: WALLdo|Iron Defense|p1b: WALLdo\n|-boost|p1b: WALLdo|def|2\n|cant|p1a: Miguel|flinch\n|\n|upkeep\n|turn|2\n|\n|t:|1776282706\n|move|p2a: Aerodactyl|Rock Slide|p1a: Miguel|[spread] p1a,p1b\n|-resisted|p1b: WALLdo|1\n|-damage|p1a: Miguel|0 fnt\n|-damage|p1b: WALLdo|98/100\n|faint|p1a: Miguel\n|move|p2b: Toucannon|Rock Blast|p1b: WALLdo\n|-resisted|p1b: WALLdo|1\n|-damage|p1b: WALLdo|96/100\n|-resisted|p1b: WALLdo|1\n|-damage|p1b: WALLdo|95/100\n|-resisted|p1b: WALLdo|1\n|-damage|p1b: WALLdo|94/100\n|-resisted|p1b: WALLdo|1\n|-damage|p1b: WALLdo|92/100\n|-resisted|p1b: WALLdo|1\n|-damage|p1b: WALLdo|91/100\n|-hitcount|p1b: WALLdo|5\n|cant|p1b: WALLdo|flinch\n|\n|upkeep\n|\n|t:|1776282723\n|switch|p1a: trotuga|Torkoal, L50, M|100/100\n|-weather|SunnyDay|[from] ability: Drought|[of] p1a: trotuga\n|turn|3\n|\n|t:|1776282734\n|move|p2a: Aerodactyl|Rock Slide|p1b: WALLdo|[spread] p1a,p1b\n|-supereffective|p1a: trotuga|1\n|-resisted|p1b: WALLdo|1\n|-damage|p1a: trotuga|51/100\n|-damage|p1b: WALLdo|88/100\n|move|p2b: Toucannon|Rock Blast|p1a: trotuga\n|-supereffective|p1a: trotuga|1\n|-damage|p1a: trotuga|34/100\n|-supereffective|p1a: trotuga|1\n|-damage|p1a: trotuga|19/100\n|-supereffective|p1a: trotuga|1\n|-damage|p1a: trotuga|3/100\n|-supereffective|p1a: trotuga|1\n|-damage|p1a: trotuga|0 fnt\n|faint|p1a: trotuga\n|-hitcount|p1: trotuga|4\n|move|p1b: WALLdo|Iron Defense|p1b: WALLdo\n|-boost|p1b: WALLdo|def|2\n|\n|-weather|SunnyDay|[upkeep]\n|upkeep\n|\n|t:|1776282749\n|switch|p1a: patata|Venusaur, L50, F|100/100\n|turn|4\n|\n|t:|1776282760\n|move|p2a: Aerodactyl|Dual Wingbeat|p1a: patata\n|-supereffective|p1a: patata|1\n|-damage|p1a: patata|43/100\n|-supereffective|p1a: patata|1\n|-damage|p1a: patata|0 fnt\n|faint|p1a: patata\n|-hitcount|p1: patata|2\n|move|p2b: Toucannon|Rock Blast|p1b: WALLdo\n|-resisted|p1b: WALLdo|1\n|-damage|p1b: WALLdo|87/100\n|-resisted|p1b: WALLdo|1\n|-damage|p1b: WALLdo|86/100\n|-resisted|p1b: WALLdo|1\n|-damage|p1b: WALLdo|86/100\n|-resisted|p1b: WALLdo|1\n|-damage|p1b: WALLdo|85/100\n|-resisted|p1b: WALLdo|1\n|-damage|p1b: WALLdo|84/100\n|-hitcount|p1b: WALLdo|5\n|cant|p1b: WALLdo|flinch\n|\n|-weather|SunnyDay|[upkeep]\n|-sideend|p2: ThaiSenNJ|move: Tailwind\n|upkeep\n|turn|5\n|\n|t:|1776282780\n|move|p2a: Aerodactyl|Tailwind|p2a: Aerodactyl\n|-sidestart|p2: ThaiSenNJ|move: Tailwind\n|move|p2b: Toucannon|Bullet Seed|p1b: WALLdo\n|-resisted|p1b: WALLdo|1\n|-damage|p1b: WALLdo|83/100\n|-resisted|p1b: WALLdo|1\n|-crit|p1b: WALLdo\n|-damage|p1b: WALLdo|80/100\n|-resisted|p1b: WALLdo|1\n|-damage|p1b: WALLdo|79/100\n|-resisted|p1b: WALLdo|1\n|-damage|p1b: WALLdo|79/100\n|-resisted|p1b: WALLdo|1\n|-damage|p1b: WALLdo|78/100\n|-hitcount|p1b: WALLdo|5\n|cant|p1b: WALLdo|flinch\n|\n|-weather|SunnyDay|[upkeep]\n|upkeep\n|turn|6\n|\n|t:|1776282797\n|move|p2a: Aerodactyl|Rock Slide|p1b: WALLdo\n|-resisted|p1b: WALLdo|1\n|-damage|p1b: WALLdo|75/100\n|move|p2b: Toucannon|Bullet Seed|p1b: WALLdo\n|-resisted|p1b: WALLdo|1\n|-damage|p1b: WALLdo|74/100\n|-resisted|p1b: WALLdo|1\n|-damage|p1b: WALLdo|73/100\n|-resisted|p1b: WALLdo|1\n|-damage|p1b: WALLdo|73/100\n|-resisted|p1b: WALLdo|1\n|-damage|p1b: WALLdo|72/100\n|-resisted|p1b: WALLdo|1\n|-damage|p1b: WALLdo|71/100\n|-hitcount|p1b: WALLdo|5\n|move|p1b: WALLdo|Body Press|p2a: Aerodactyl\n|-enditem|p2a: Aerodactyl|Focus Sash\n|-damage|p2a: Aerodactyl|1/100\n|\n|-weather|SunnyDay|[upkeep]\n|upkeep\n|turn|7\n|\n|t:|1776282819\n|move|p2a: Aerodactyl|Protect|p2a: Aerodactyl\n|-singleturn|p2a: Aerodactyl|Protect\n|move|p2b: Toucannon|Bullet Seed|p1b: WALLdo\n|-resisted|p1b: WALLdo|1\n|-damage|p1b: WALLdo|71/100\n|-resisted|p1b: WALLdo|1\n|-damage|p1b: WALLdo|70/100\n|-resisted|p1b: WALLdo|1\n|-damage|p1b: WALLdo|69/100\n|-resisted|p1b: WALLdo|1\n|-damage|p1b: WALLdo|69/100\n|-resisted|p1b: WALLdo|1\n|-damage|p1b: WALLdo|67/100\n|-hitcount|p1b: WALLdo|5\n|cant|p1b: WALLdo|flinch\n|\n|-weather|none\n|upkeep\n|turn|8\n|\n|t:|1776282836\n|switch|p2b: Meganium|Meganium, L50, F, shiny|100/100\n|move|p2a: Aerodactyl|Rock Slide|p1b: WALLdo\n|-resisted|p1b: WALLdo|1\n|-damage|p1b: WALLdo|64/100\n|move|p1b: WALLdo|Iron Defense|p1b: WALLdo\n|-boost|p1b: WALLdo|def|2\n|\n|-sideend|p2: ThaiSenNJ|move: Tailwind\n|upkeep\n|turn|9\n|\n|t:|1776282852\n|detailschange|p2b: Meganium|Meganium-Mega, L50, F, shiny\n|-mega|p2b: Meganium|Meganium|Meganiumite\n|move|p2a: Aerodactyl|Protect|p2a: Aerodactyl\n|-singleturn|p2a: Aerodactyl|Protect\n|move|p2b: Meganium|Weather Ball|p1b: WALLdo\n|-supereffective|p1b: WALLdo|1\n|-damage|p1b: WALLdo|0 fnt\n|faint|p1b: WALLdo\n|\n|win|ThaiSenNJ\n|raw|patatataaaaa's rating: 1050 &rarr; <strong>1034</strong><br />(-16 for losing)\n|raw|ThaiSenNJ's rating: 1089 &rarr; <strong>1113</strong><br />(+24 for winning)\n",
  "uploadtime": 1776282863,
  "views": 27,
  "formatid": "gen9championsvgc2026regma",
  "rating": 1034,
  "private": 0,
  "password": null
}