{
  "id": "gen9championsvgc2026regma-2584906279",
  "format": "[Gen 9 Champions] VGC 2026 Reg M-A",
  "players": [
    "i eat leafeon",
    "Gallon of poo"
  ],
  "log": "|j|\u2606i eat leafeon\n|j|\u2606Gallon of poo\n|t:|1776293331\n|gametype|doubles\n|player|p1|i eat leafeon|170|1293\n|player|p2|Gallon of poo|ghetsis|1290\n|gen|9\n|tier|[Gen 9 Champions] VGC 2026 Reg M-A\n|rated|\n|rule|Species Clause: Limit one of each Pok\u00e9mon\n|rule|Item Clause: Limit 1 of each item\n|clearpoke\n|poke|p1|Aggron, L50, M|\n|poke|p1|Sinistcha, L50|\n|poke|p1|Farigiraf, L50, M|\n|poke|p1|Pelipper, L50, F|\n|poke|p1|Dragonite, L50, F|\n|poke|p1|Sneasler, L50, M|\n|poke|p2|Pidgeot, L50, M|\n|poke|p2|Weavile, L50, M|\n|poke|p2|Basculegion, L50, M|\n|poke|p2|Blastoise, L50, M|\n|poke|p2|Sinistcha-Masterpiece, L50|\n|poke|p2|Arcanine-Hisui, L50, M|\n|teampreview|4\n|inactive|Battle timer is ON: inactive players will automatically lose when time's up. (requested by i eat leafeon)\n|inactive|i eat leafeon has 60 seconds left.\n|\n|t:|1776293363\n|teamsize|p1|4\n|teamsize|p2|4\n|start\n|switch|p1a: Aggron|Aggron, L50, M|100/100\n|switch|p1b: Farigiraf|Farigiraf, L50, M|100/100\n|switch|p2a: Birdy\u2664\u2661\u2664\u2661|Pidgeot, L50, M|100/100\n|switch|p2b: Weavile|Weavile, L50, M|100/100\n|-ability|p2b: Weavile|Pressure\n|turn|1\n|\n|t:|1776293375\n|detailschange|p2a: Birdy\u2664\u2661\u2664\u2661|Pidgeot-Mega, L50, M\n|-mega|p2a: Birdy\u2664\u2661\u2664\u2661|Pidgeot|Pidgeotite\n|detailschange|p1a: Aggron|Aggron-Mega, L50, M\n|-mega|p1a: Aggron|Aggron|Aggronite\n|move|p2b: Weavile|Knock Off|p1b: Farigiraf\n|-supereffective|p1b: Farigiraf|1\n|-damage|p1b: Farigiraf|24/100\n|-enditem|p1b: Farigiraf|Mental Herb|[from] move: Knock Off|[of] p2b: Weavile\n|move|p2a: Birdy\u2664\u2661\u2664\u2661|Hurricane|p1b: Farigiraf\n|-damage|p1b: Farigiraf|0 fnt\n|faint|p1b: Farigiraf\n|move|p1a: Aggron|Iron Defense|p1a: Aggron\n|-boost|p1a: Aggron|def|2\n|\n|upkeep\n|\n|t:|1776293388\n|switch|p1b: Pelipper|Pelipper, L50, F|100/100\n|-weather|RainDance|[from] ability: Drizzle|[of] p1b: Pelipper\n|turn|2\n|\n|t:|1776293399\n|move|p2b: Weavile|Fake Tears|p1a: Aggron\n|-unboost|p1a: Aggron|spd|2\n|move|p2a: Birdy\u2664\u2661\u2664\u2661|Tailwind|p2a: Birdy\u2664\u2661\u2664\u2661\n|-sidestart|p2: Gallon of poo|move: Tailwind\n|move|p1b: Pelipper|Weather Ball|p2a: Birdy\u2664\u2661\u2664\u2661\n|-damage|p2a: Birdy\u2664\u2661\u2664\u2661|38/100\n|move|p1a: Aggron|Body Press|p2b: Weavile\n|-supereffective|p2b: Weavile|2\n|-crit|p2b: Weavile\n|-enditem|p2b: Weavile|Focus Sash\n|-damage|p2b: Weavile|1/100\n|\n|-weather|RainDance|[upkeep]\n|upkeep\n|turn|3\n|\n|t:|1776293420\n|move|p1a: Aggron|Protect|p1a: Aggron\n|-singleturn|p1a: Aggron|Protect\n|move|p2b: Weavile|Knock Off|p1b: Pelipper\n|-damage|p1b: Pelipper|45/100\n|-enditem|p1b: Pelipper|Focus Sash|[from] move: Knock Off|[of] p2b: Weavile\n|move|p2a: Birdy\u2664\u2661\u2664\u2661|Hurricane|p1b: Pelipper\n|-damage|p1b: Pelipper|0 fnt\n|faint|p1b: Pelipper\n|\n|-weather|RainDance|[upkeep]\n|upkeep\n|\n|t:|1776293429\n|switch|p1b: Sinistcha|Sinistcha, L50|100/100\n|turn|4\n|\n|t:|1776293434\n|move|p2b: Weavile|Fake Tears|p1b: Sinistcha\n|-unboost|p1b: Sinistcha|spd|2\n|move|p2a: Birdy\u2664\u2661\u2664\u2661|Hurricane|p1b: Sinistcha\n|-supereffective|p1b: Sinistcha|1\n|-damage|p1b: Sinistcha|0 fnt\n|faint|p1b: Sinistcha\n|move|p1a: Aggron|Body Press|p2a: Birdy\u2664\u2661\u2664\u2661\n|-damage|p2a: Birdy\u2664\u2661\u2664\u2661|0 fnt\n|faint|p2a: Birdy\u2664\u2661\u2664\u2661\n|\n|-weather|RainDance|[upkeep]\n|upkeep\n|\n|t:|1776293437\n|switch|p2a: Bismarck|Blastoise, L50, M|100/100\n|turn|5\n|\n|t:|1776293443\n|move|p2b: Weavile|Fake Tears|p1a: Aggron\n|-unboost|p1a: Aggron|spd|2\n|move|p2a: Bismarck|Water Spout|p1a: Aggron\n|-damage|p1a: Aggron|0 fnt\n|faint|p1a: Aggron\n|\n|win|Gallon of poo\n|raw|i eat leafeon's rating: 1293 &rarr; <strong>1268</strong><br />(-25 for losing)\n|raw|Gallon of poo's rating: 1290 &rarr; <strong>1315</strong><br />(+25 for winning)\n|l|\u2606i eat leafeon\n|player|p1|\n",
  "uploadtime": 1776293451,
  "views": 28,
  "formatid": "gen9championsvgc2026regma",
  "rating": 1268,
  "private": 0,
  "password": null
}