{
  "id": "gen9championsvgc2026regma-2587542953",
  "format": "[Gen 9 Champions] VGC 2026 Reg M-A",
  "players": [
    "plazma_ne0",
    "Garcia-Senpai"
  ],
  "log": "|j|\u2606plazma_ne0\n|j|\u2606Garcia-Senpai\n|t:|1776540822\n|gametype|doubles\n|player|p1|plazma_ne0|colress|1180\n|player|p2|Garcia-Senpai|265|1113\n|gen|9\n|tier|[Gen 9 Champions] VGC 2026 Reg M-A\n|rated|\n|rule|Species Clause: Limit one of each Pok\u00e9mon\n|rule|Item Clause: Limit 1 of each item\n|clearpoke\n|poke|p1|Aerodactyl, L50, M|\n|poke|p1|Aegislash, L50, F|\n|poke|p1|Primarina, L50, F|\n|poke|p1|Dragapult, L50, M|\n|poke|p1|Krookodile, L50, F|\n|poke|p1|Gyarados, L50, F|\n|poke|p2|Glimmora, L50, F|\n|poke|p2|Gengar, L50, M|\n|poke|p2|Arbok, L50, M|\n|poke|p2|Sneasler, L50, M|\n|poke|p2|Venusaur, L50, M|\n|poke|p2|Toxapex, L50, M|\n|teampreview|4\n|inactive|Battle timer is ON: inactive players will automatically lose when time's up. (requested by plazma_ne0)\n|inactive|Garcia-Senpai has 60 seconds left.\n|\n|t:|1776540863\n|teamsize|p1|4\n|teamsize|p2|4\n|start\n|switch|p1a: Aerodactyl|Aerodactyl, L50, M|100/100\n|switch|p1b: Krookodile|Krookodile, L50, F|100/100\n|switch|p2a: Glimmora|Glimmora, L50, F|100/100\n|switch|p2b: Arbok|Arbok, L50, M|100/100\n|-ability|p1a: Aerodactyl|Unnerve\n|-ability|p1b: Krookodile|Intimidate|boost\n|-unboost|p2a: Glimmora|atk|1\n|-unboost|p2b: Arbok|atk|1\n|-ability|p2b: Arbok|Intimidate|boost\n|-unboost|p1a: Aerodactyl|atk|1\n|-unboost|p1b: Krookodile|atk|1\n|turn|1\n|\n|t:|1776540882\n|detailschange|p1a: Aerodactyl|Aerodactyl-Mega, L50, M\n|-mega|p1a: Aerodactyl|Aerodactyl|Aerodactylite\n|move|p1b: Krookodile|Earthquake|p2b: Arbok|[spread] p2a,p2b\n|-immune|p1a: Aerodactyl\n|-supereffective|p2a: Glimmora|2\n|-crit|p2a: Glimmora\n|-supereffective|p2b: Arbok|1\n|-crit|p2b: Arbok\n|-enditem|p2a: Glimmora|Focus Sash\n|-damage|p2a: Glimmora|1/100\n|-damage|p2b: Arbok|0 fnt\n|-activate|p2a: Glimmora|ability: Toxic Debris\n|-sidestart|p1: plazma_ne0|move: Toxic Spikes\n|faint|p2b: Arbok\n|move|p1a: Aerodactyl|Tailwind|p1a: Aerodactyl\n|-sidestart|p1: plazma_ne0|move: Tailwind\n|move|p2a: Glimmora|Power Gem|p1a: Aerodactyl\n|-supereffective|p1a: Aerodactyl|1\n|-damage|p1a: Aerodactyl|4/100\n|\n|upkeep\n|\n|t:|1776540892\n|switch|p2b: Toxapex|Toxapex, L50, M|100/100\n|turn|2\n|\n|t:|1776540901\n|move|p1a: Aerodactyl|Protect|p1a: Aerodactyl\n|-singleturn|p1a: Aerodactyl|Protect\n|move|p1b: Krookodile|Earthquake|p2b: Toxapex|[spread] p2a,p2b\n|-activate|p1a: Aerodactyl|move: Protect\n|-supereffective|p2a: Glimmora|2\n|-supereffective|p2b: Toxapex|1\n|-damage|p2a: Glimmora|0 fnt\n|-damage|p2b: Toxapex|65/100\n|-activate|p2a: Glimmora|ability: Toxic Debris\n|-sidestart|p1: plazma_ne0|move: Toxic Spikes\n|faint|p2a: Glimmora\n|move|p2b: Toxapex|Icy Wind|p1b: Krookodile|[spread] p1b\n|-activate|p1a: Aerodactyl|move: Protect\n|-supereffective|p1b: Krookodile|1\n|-damage|p1b: Krookodile|84/100\n|-unboost|p1b: Krookodile|spe|1\n|\n|-heal|p2b: Toxapex|71/100|[from] item: Leftovers\n|upkeep\n|\n|t:|1776540916\n|switch|p2a: Venusaur|Venusaur, L50, M|100/100\n|turn|3\n|\n|t:|1776540926\n|detailschange|p2a: Venusaur|Venusaur-Mega, L50, M\n|-mega|p2a: Venusaur|Venusaur|Venusaurite\n|move|p2a: Venusaur|Protect|p2a: Venusaur\n|-singleturn|p2a: Venusaur|Protect\n|move|p1a: Aerodactyl|Earthquake|p2b: Toxapex|[spread] p1b,p2b\n|-activate|p2a: Venusaur|move: Protect\n|-supereffective|p2b: Toxapex|1\n|-damage|p1b: Krookodile|64/100\n|-damage|p2b: Toxapex|44/100\n|move|p1b: Krookodile|Earthquake|p2a: Venusaur|[spread] p2b\n|-activate|p2a: Venusaur|move: Protect\n|-immune|p1a: Aerodactyl\n|-supereffective|p2b: Toxapex|1\n|-damage|p2b: Toxapex|7/100\n|move|p2b: Toxapex|Icy Wind|p1b: Krookodile|[spread] p1a,p1b\n|-supereffective|p1a: Aerodactyl|1\n|-supereffective|p1b: Krookodile|1\n|-damage|p1a: Aerodactyl|0 fnt\n|-damage|p1b: Krookodile|49/100\n|-unboost|p1b: Krookodile|spe|1\n|faint|p1a: Aerodactyl\n|\n|-heal|p2b: Toxapex|13/100|[from] item: Leftovers\n|upkeep\n|inactive|plazma_ne0 has 30 seconds left.\n|\n|t:|1776540952\n|switch|p1a: Aegislash|Aegislash, L50, F|100/100\n|turn|4\n|\n|t:|1776540962\n|move|p1a: Aegislash|King's Shield|p1a: Aegislash\n|-singleturn|p1a: Aegislash|Protect\n|move|p1b: Krookodile|Earthquake|p2a: Venusaur|[spread] p2a,p2b\n|-activate|p1a: Aegislash|move: Protect\n|-supereffective|p2b: Toxapex|1\n|-damage|p2a: Venusaur|82/100\n|-damage|p2b: Toxapex|0 fnt\n|faint|p2b: Toxapex\n|move|p2a: Venusaur|Leech Seed|p1a: Aegislash\n|-start|p1a: Aegislash|move: Leech Seed\n|\n|-damage|p1a: Aegislash|89/100|[from] Leech Seed|[of] p2a: Venusaur\n|-heal|p2a: Venusaur|93/100|[silent]\n|-sideend|p1: plazma_ne0|move: Tailwind\n|upkeep\n|turn|5\n|\n|t:|1776540977\n|switch|p1b: Dragapult|Dragapult, L50, M|100/100\n|-status|p1b: Dragapult|tox\n|move|p2a: Venusaur|Earth Power|p1a: Aegislash\n|-supereffective|p1a: Aegislash|1\n|-damage|p1a: Aegislash|50/100\n|-formechange|p1a: Aegislash|Aegislash-Blade|\n|move|p1a: Aegislash|Shadow Ball|p2a: Venusaur\n|-damage|p2a: Venusaur|58/100\n|\n|-heal|p1a: Aegislash|56/100|[from] item: Leftovers\n|-damage|p1a: Aegislash|44/100|[from] Leech Seed|[of] p2a: Venusaur\n|-heal|p2a: Venusaur|69/100|[silent]\n|-damage|p1b: Dragapult|94/100 tox|[from] psn\n|upkeep\n|turn|6\n|\n|t:|1776540991\n|move|p2a: Venusaur|Protect|p2a: Venusaur\n|-singleturn|p2a: Venusaur|Protect\n|-formechange|p1a: Aegislash|Aegislash|\n|move|p1a: Aegislash|King's Shield|p1a: Aegislash\n|-singleturn|p1a: Aegislash|Protect\n|move|p1b: Dragapult|Draco Meteor|p2a: Venusaur\n|-activate|p2a: Venusaur|move: Protect\n|\n|-heal|p1a: Aegislash|50/100|[from] item: Leftovers\n|-damage|p1a: Aegislash|38/100|[from] Leech Seed|[of] p2a: Venusaur\n|-heal|p2a: Venusaur|80/100|[silent]\n|-damage|p1b: Dragapult|82/100 tox|[from] psn\n|upkeep\n|turn|7\n|\n|t:|1776541004\n|move|p1b: Dragapult|Draco Meteor|p2a: Venusaur|[miss]\n|-miss|p1b: Dragapult|p2a: Venusaur\n|move|p2a: Venusaur|Leech Seed|p1b: Dragapult\n|-start|p1b: Dragapult|move: Leech Seed\n|-formechange|p1a: Aegislash|Aegislash-Blade|\n|move|p1a: Aegislash|Shadow Ball|p2a: Venusaur\n|-damage|p2a: Venusaur|45/100\n|\n|-heal|p1a: Aegislash|44/100|[from] item: Leftovers\n|-damage|p1b: Dragapult|70/100 tox|[from] Leech Seed|[of] p2a: Venusaur\n|-heal|p2a: Venusaur|56/100|[silent]\n|-damage|p1a: Aegislash|32/100|[from] Leech Seed|[of] p2a: Venusaur\n|-heal|p2a: Venusaur|67/100|[silent]\n|-damage|p1b: Dragapult|51/100 tox|[from] psn\n|upkeep\n|turn|8\n|\n|t:|1776541016\n|move|p2a: Venusaur|Protect|p2a: Venusaur\n|-singleturn|p2a: Venusaur|Protect\n|move|p1b: Dragapult|Draco Meteor|p2a: Venusaur\n|-activate|p2a: Venusaur|move: Protect\n|move|p1a: Aegislash|Shadow Ball|p2a: Venusaur\n|-activate|p2a: Venusaur|move: Protect\n|\n|-heal|p1a: Aegislash|38/100|[from] item: Leftovers\n|-damage|p1b: Dragapult|39/100 tox|[from] Leech Seed|[of] p2a: Venusaur\n|-heal|p2a: Venusaur|78/100|[silent]\n|-damage|p1a: Aegislash|26/100|[from] Leech Seed|[of] p2a: Venusaur\n|-heal|p2a: Venusaur|89/100|[silent]\n|-damage|p1b: Dragapult|15/100 tox|[from] psn\n|upkeep\n|turn|9\n|\n|t:|1776541028\n|move|p1b: Dragapult|Draco Meteor|p2a: Venusaur\n|-damage|p2a: Venusaur|34/100\n|-unboost|p1b: Dragapult|spa|2\n|move|p2a: Venusaur|Earth Power|p1a: Aegislash\n|-supereffective|p1a: Aegislash|1\n|-damage|p1a: Aegislash|0 fnt\n|faint|p1a: Aegislash\n|\n|-damage|p1b: Dragapult|2/100 tox|[from] Leech Seed|[of] p2a: Venusaur\n|-heal|p2a: Venusaur|45/100|[silent]\n|-damage|p1b: Dragapult|0 fnt|[from] psn\n|faint|p1b: Dragapult\n|upkeep\n|\n|t:|1776541035\n|switch|p1b: Krookodile|Krookodile, L50, F|49/100\n|-status|p1b: Krookodile|tox\n|-ability|p1b: Krookodile|Intimidate|boost\n|-unboost|p2a: Venusaur|atk|1\n|turn|10\n|\n|t:|1776541041\n|move|p2a: Venusaur|Protect|p2a: Venusaur\n|-singleturn|p2a: Venusaur|Protect\n|move|p1b: Krookodile|Earthquake|p2a: Venusaur\n|-activate|p2a: Venusaur|move: Protect\n|\n|-damage|p1b: Krookodile|43/100 tox|[from] psn\n|upkeep\n|turn|11\n|\n|t:|1776541048\n|move|p1b: Krookodile|Earthquake|p2a: Venusaur\n|-damage|p2a: Venusaur|12/100\n|move|p2a: Venusaur|Giga Drain|p1b: Krookodile\n|-supereffective|p1b: Krookodile|1\n|-damage|p1b: Krookodile|0 fnt\n|-heal|p2a: Venusaur|32/100|[from] drain|[of] p1b: Krookodile\n|faint|p1b: Krookodile\n|\n|win|Garcia-Senpai\n|raw|plazma_ne0's rating: 1180 &rarr; <strong>1150</strong><br />(-30 for losing)\n|raw|Garcia-Senpai's rating: 1113 &rarr; <strong>1143</strong><br />(+30 for winning)\n|l|\u2606plazma_ne0\n|player|p1|\n",
  "uploadtime": 1776541060,
  "views": 19,
  "formatid": "gen9championsvgc2026regma",
  "rating": 1143,
  "private": 0,
  "password": null
}