{
  "id": "gen9championsvgc2026regma-2580803198",
  "format": "[Gen 9 Champions] VGC 2026 Reg M-A",
  "players": [
    "Snapin264",
    "seidifiori"
  ],
  "log": "|j|\u2606Snapin264\n|j|\u2606seidifiori\n|t:|1775933742\n|gametype|doubles\n|player|p1|Snapin264|1|1102\n|player|p2|seidifiori|101|1000\n|gen|9\n|tier|[Gen 9 Champions] VGC 2026 Reg M-A\n|rated|\n|rule|Species Clause: Limit one of each Pok\u00e9mon\n|rule|Item Clause: Limit 1 of each item\n|clearpoke\n|poke|p1|Starmie, L50|\n|poke|p1|Raichu, L50, F|\n|poke|p1|Sinistcha, L50|\n|poke|p1|Archaludon, L50, F|\n|poke|p1|Pelipper, L50, F|\n|poke|p1|Sneasler, L50, F|\n|poke|p2|Greninja-*, L50, M|\n|poke|p2|Clefable, L50, M|\n|poke|p2|Basculegion, L50, M|\n|poke|p2|Incineroar, L50, F|\n|poke|p2|Froslass, L50, F|\n|poke|p2|Klefki, L50, M|\n|teampreview|4\n|inactive|Battle timer is ON: inactive players will automatically lose when time's up. (requested by seidifiori)\nseidifiori has agreed to open team sheets.\n|inactive|Snapin264 has 60 seconds left.\n|\n|t:|1775933806\n|teamsize|p1|4\n|teamsize|p2|4\n|start\n|switch|p1a: Starmie|Starmie, L50|100/100\n|switch|p1b: Sneasler|Sneasler, L50, F|100/100\n|switch|p2a: Incineroar|Incineroar, L50, F|100/100\n|switch|p2b: Greninja|Greninja, L50, M|100/100\n|-ability|p2a: Incineroar|Intimidate|boost\n|-unboost|p1a: Starmie|atk|1\n|-unboost|p1b: Sneasler|atk|1\n|turn|1\n|inactive|seidifiori has 30 seconds left.\n|inactive|seidifiori has 20 seconds left.\n|\n|t:|1775933846\n|detailschange|p1a: Starmie|Starmie-Mega, L50\n|-mega|p1a: Starmie|Starmie|Starminite\n|move|p1b: Sneasler|Fake Out|p2a: Incineroar\n|-damage|p2a: Incineroar|91/100\n|cant|p2a: Incineroar|flinch\n|move|p2b: Greninja|Swords Dance|p2b: Greninja\n|-start|p2b: Greninja|typechange|Normal|[from] ability: Protean\n|-boost|p2b: Greninja|atk|2\n|move|p1a: Starmie|Liquidation|p2a: Incineroar\n|-supereffective|p2a: Incineroar|1\n|-damage|p2a: Incineroar|0 fnt\n|faint|p2a: Incineroar\n|\n|upkeep\n|\n|t:|1775933858\n|switch|p2a: Clefable|Clefable, L50, M|100/100\n|turn|2\n|inactive|Snapin264 has 30 seconds left.\n|inactive|Snapin264 has 20 seconds left.\n|\n|t:|1775933896\n|detailschange|p2b: Greninja|Greninja-Mega, L50, M\n|-mega|p2b: Greninja|Greninja|Greninjite\n|move|p2a: Clefable|Follow Me|p2a: Clefable\n|-singleturn|p2a: Clefable|move: Follow Me\n|move|p2b: Greninja|Trailblaze|p1a: Starmie\n|-start|p2b: Greninja|typechange|Grass|[from] ability: Protean\n|-supereffective|p1a: Starmie|1\n|-damage|p1a: Starmie|0 fnt\n|-boost|p2b: Greninja|spe|1\n|faint|p1a: Starmie\n|move|p1b: Sneasler|Dire Claw|p2a: Clefable\n|-supereffective|p2a: Clefable|1\n|-damage|p2a: Clefable|43/100\n|\n|-heal|p2a: Clefable|49/100|[from] item: Leftovers\n|upkeep\n|\n|t:|1775933915\n|switch|p1a: Raichu|Raichu, L50, F|100/100\n|turn|3\n|inactive|Snapin264 has 30 seconds left.\n|inactive|seidifiori has 30 seconds left.\n|inactive|seidifiori has 20 seconds left.\n|\n|t:|1775933951\n|move|p2b: Greninja|Protect|p2b: Greninja\n|-singleturn|p2b: Greninja|Protect\n|move|p1a: Raichu|Fake Out|p2a: Clefable\n|-damage|p2a: Clefable|40/100\n|move|p1b: Sneasler|Dire Claw|p2b: Greninja\n|-activate|p2b: Greninja|move: Protect\n|cant|p2a: Clefable|flinch\n|\n|-heal|p2a: Clefable|46/100|[from] item: Leftovers\n|upkeep\n|turn|4\n|inactive|Snapin264 has 30 seconds left.\n|\n|t:|1775933978\n|switch|p1a: Pelipper|Pelipper, L50, F|100/100\n|-weather|RainDance|[from] ability: Drizzle|[of] p1a: Pelipper\n|move|p1b: Sneasler|Protect|p1b: Sneasler\n|-singleturn|p1b: Sneasler|Protect\n|move|p2a: Clefable|Follow Me|p2a: Clefable\n|-singleturn|p2a: Clefable|move: Follow Me\n|move|p2b: Greninja|Liquidation|p1b: Sneasler\n|-activate|p1b: Sneasler|move: Protect\n|\n|-weather|RainDance|[upkeep]\n|-heal|p2a: Clefable|52/100|[from] item: Leftovers\n|upkeep\n|turn|5\n|inactive|Snapin264 has 30 seconds left.\n|\n|t:|1775934012\n|switch|p1b: Raichu|Raichu, L50, F|100/100\n|move|p2a: Clefable|Follow Me|p2a: Clefable\n|-singleturn|p2a: Clefable|move: Follow Me\n|move|p2b: Greninja|Liquidation|p1b: Raichu\n|-damage|p1b: Raichu|0 fnt\n|faint|p1b: Raichu\n|move|p1a: Pelipper|Tailwind|p1a: Pelipper\n|-sidestart|p1: Snapin264|move: Tailwind\n|\n|-weather|RainDance|[upkeep]\n|-heal|p2a: Clefable|58/100|[from] item: Leftovers\n|upkeep\n|\n|t:|1775934025\n|switch|p1b: Sneasler|Sneasler, L50, F|100/100\n|turn|6\n|\n|t:|1775934047\n|move|p2b: Greninja|Protect|p2b: Greninja\n|-singleturn|p2b: Greninja|Protect\n|move|p2a: Clefable|Protect|p2a: Clefable\n|-singleturn|p2a: Clefable|Protect\n|move|p1b: Sneasler|Fake Out|p2a: Clefable\n|-activate|p2a: Clefable|move: Protect\n|move|p1a: Pelipper|Hurricane|p2b: Greninja\n|-activate|p2b: Greninja|move: Protect\n|\n|-weather|RainDance|[upkeep]\n|-heal|p2a: Clefable|63/100|[from] item: Leftovers\n|upkeep\n|turn|7\n|inactive|Snapin264 has 30 seconds left.\n|\n|t:|1775934075\n|move|p2a: Clefable|Follow Me|p2a: Clefable\n|-singleturn|p2a: Clefable|move: Follow Me\n|move|p1b: Sneasler|Dire Claw|p2a: Clefable\n|-supereffective|p2a: Clefable|1\n|-damage|p2a: Clefable|0 fnt\n|faint|p2a: Clefable\n|move|p2b: Greninja|Liquidation|p1b: Sneasler\n|-crit|p1b: Sneasler\n|-enditem|p1b: Sneasler|Focus Sash\n|-damage|p1b: Sneasler|1/100\n|move|p1a: Pelipper|Hurricane|p2b: Greninja\n|-supereffective|p2b: Greninja|1\n|-damage|p2b: Greninja|3/100\n|-start|p2b: Greninja|confusion\n|\n|-weather|RainDance|[upkeep]\n|upkeep\n|\n|t:|1775934086\n|switch|p2a: Froslass|Froslass, L50, F|100/100\n|turn|8\n|inactive|seidifiori has 30 seconds left.\n|\n|t:|1775934116\n|-activate|p2b: Greninja|confusion\n|move|p2b: Greninja|Protect|p2b: Greninja\n|-singleturn|p2b: Greninja|Protect\n|move|p1b: Sneasler|Dire Claw|p2a: Froslass\n|-resisted|p2a: Froslass|1\n|-damage|p2a: Froslass|67/100\n|move|p1a: Pelipper|Hurricane|p2a: Froslass\n|-damage|p2a: Froslass|9/100\n|move|p2a: Froslass|Draining Kiss|p1b: Sneasler\n|-damage|p1b: Sneasler|0 fnt\n|-heal|p2a: Froslass|9/100|[from] drain|[of] p1b: Sneasler\n|faint|p1b: Sneasler\n|\n|-weather|none\n|-sideend|p1: Snapin264|move: Tailwind\n|upkeep\n|turn|9\n|\n|t:|1775934137\n|-activate|p2b: Greninja|confusion\n|move|p2b: Greninja|Liquidation|p1a: Pelipper\n|-resisted|p1a: Pelipper|1\n|-damage|p1a: Pelipper|65/100\n|move|p2a: Froslass|Shadow Ball|p1a: Pelipper\n|-damage|p1a: Pelipper|25/100\n|-unboost|p1a: Pelipper|spd|1\n|move|p1a: Pelipper|Hurricane|p2b: Greninja|[miss]\n|-miss|p1a: Pelipper|p2b: Greninja\n|\n|upkeep\n|turn|10\n|-message|Snapin264 forfeited.\n|\n|win|seidifiori\n|raw|Snapin264's rating: 1102 &rarr; <strong>1070</strong><br />(-32 for losing)\n|raw|seidifiori's rating: 1000 &rarr; <strong>1051</strong><br />(+51 for winning)\n|l|\u2606Snapin264\n|player|p1|\n",
  "uploadtime": 1775934157,
  "views": 10,
  "formatid": "gen9championsvgc2026regma",
  "rating": 1051,
  "private": 0,
  "password": null
}