{
  "id": "gen9championsvgc2026regma-2586631658",
  "format": "[Gen 9 Champions] VGC 2026 Reg M-A",
  "players": [
    "Fogglez",
    "Kalidowo"
  ],
  "log": "|j|\u2606Fogglez\n|j|\u2606Kalidowo\n|t:|1776448159\n|gametype|doubles\n|player|p1|Fogglez|169|1082\n|player|p2|Kalidowo|2|1056\n|gen|9\n|tier|[Gen 9 Champions] VGC 2026 Reg M-A\n|rated|\n|rule|Species Clause: Limit one of each Pok\u00e9mon\n|rule|Item Clause: Limit 1 of each item\n|clearpoke\n|poke|p1|Kleavor, L50, M|\n|poke|p1|Whimsicott, L50, F|\n|poke|p1|Aerodactyl, L50, F|\n|poke|p1|Weavile, L50, M|\n|poke|p1|Typhlosion-Hisui, L50, F|\n|poke|p1|Maushold-Four, L50|\n|poke|p2|Lycanroc, L50, F|\n|poke|p2|Meganium, L50, F|\n|poke|p2|Hippowdon, L50, F|\n|poke|p2|Excadrill, L50, M|\n|poke|p2|Rotom-Wash, L50|\n|poke|p2|Kingambit, L50, M|\n|teampreview|4\n|\n|t:|1776448182\n|teamsize|p1|4\n|teamsize|p2|4\n|start\n|switch|p1a: Kleavor|Kleavor, L50, M|100/100\n|switch|p1b: Whimsicott|Whimsicott, L50, F|100/100\n|switch|p2a: Hippowdon|Hippowdon, L50, F|100/100\n|switch|p2b: Lycanroc|Lycanroc, L50, F|100/100\n|-weather|Sandstorm|[from] ability: Sand Stream|[of] p2a: Hippowdon\n|turn|1\n|\n|t:|1776448200\n|move|p1b: Whimsicott|Tailwind|p1b: Whimsicott\n|-sidestart|p1: Fogglez|move: Tailwind\n|move|p2b: Lycanroc|Stone Edge|p1a: Kleavor\n|-supereffective|p1a: Kleavor|1\n|-damage|p1a: Kleavor|0 fnt\n|faint|p1a: Kleavor\n|move|p2a: Hippowdon|Yawn|p1b: Whimsicott\n|-start|p1b: Whimsicott|move: Yawn|[of] p2a: Hippowdon\n|\n|-weather|Sandstorm|[upkeep]\n|-damage|p1b: Whimsicott|95/100|[from] Sandstorm\n|upkeep\n|\n|t:|1776448214\n|switch|p1a: Aerodactyl|Aerodactyl, L50, F|100/100\n|-ability|p1a: Aerodactyl|Unnerve\n|turn|2\n|\n|t:|1776448239\n|detailschange|p1a: Aerodactyl|Aerodactyl-Mega, L50, F\n|-mega|p1a: Aerodactyl|Aerodactyl|Aerodactylite\n|move|p1b: Whimsicott|Taunt|p2a: Hippowdon\n|-start|p2a: Hippowdon|move: Taunt\n|move|p2b: Lycanroc|Accelerock|p1a: Aerodactyl\n|-supereffective|p1a: Aerodactyl|1\n|-damage|p1a: Aerodactyl|28/100\n|move|p1a: Aerodactyl|Rock Slide|p2a: Hippowdon|[spread] p2b\n|-miss|p1a: Aerodactyl|p2a: Hippowdon\n|-damage|p2b: Lycanroc|50/100\n|move|p2a: Hippowdon|Sand Tomb|p1b: Whimsicott|[miss]\n|-miss|p2a: Hippowdon|p1b: Whimsicott\n|\n|-weather|Sandstorm|[upkeep]\n|-damage|p1b: Whimsicott|89/100|[from] Sandstorm\n|-end|p1b: Whimsicott|move: Yawn|[silent]\n|-status|p1b: Whimsicott|slp\n|upkeep\n|turn|3\n|\n|t:|1776448261\n|switch|p1b: Typhlosion|Typhlosion-Hisui, L50, F|100/100\n|-item|p2a: Hippowdon|Sitrus Berry|[from] ability: Frisk|[of] p1b: Typhlosion\n|-item|p2b: Lycanroc|Hard Stone|[from] ability: Frisk|[of] p1b: Typhlosion\n|move|p2b: Lycanroc|Accelerock|p1a: Aerodactyl\n|-supereffective|p1a: Aerodactyl|1\n|-damage|p1a: Aerodactyl|0 fnt\n|faint|p1a: Aerodactyl\n|move|p2a: Hippowdon|Sand Tomb|p1b: Typhlosion\n|-supereffective|p1b: Typhlosion|1\n|-damage|p1b: Typhlosion|60/100\n|-activate|p1b: Typhlosion|move: Sand Tomb|[of] p2a: Hippowdon\n|\n|-weather|Sandstorm|[upkeep]\n|-damage|p1b: Typhlosion|54/100|[from] Sandstorm\n|-damage|p1b: Typhlosion|42/100|[from] move: Sand Tomb|[partiallytrapped]\n|upkeep\n|\n|t:|1776448268\n|switch|p1a: Whimsicott|Whimsicott, L50, F|89/100 slp\n|turn|4\n|\n|t:|1776448283\n|move|p2b: Lycanroc|Accelerock|p1b: Typhlosion\n|-supereffective|p1b: Typhlosion|1\n|-damage|p1b: Typhlosion|0 fnt\n|faint|p1b: Typhlosion\n|cant|p1a: Whimsicott|slp\n|move|p2a: Hippowdon|Sand Tomb|p1a: Whimsicott\n|-resisted|p1a: Whimsicott|1\n|-damage|p1a: Whimsicott|78/100 slp\n|-activate|p1a: Whimsicott|move: Sand Tomb|[of] p2a: Hippowdon\n|\n|-weather|Sandstorm|[upkeep]\n|-damage|p1a: Whimsicott|72/100 slp|[from] Sandstorm\n|-damage|p1a: Whimsicott|60/100 slp|[from] move: Sand Tomb|[partiallytrapped]\n|-end|p2a: Hippowdon|move: Taunt\n|-sideend|p1: Fogglez|move: Tailwind\n|upkeep\n|turn|5\n|\n|t:|1776448295\n|move|p2b: Lycanroc|Stone Edge|p1a: Whimsicott|[miss]\n|-miss|p2b: Lycanroc|p1a: Whimsicott\n|cant|p1a: Whimsicott|slp\n|move|p2a: Hippowdon|Sand Tomb|p1a: Whimsicott\n|-resisted|p1a: Whimsicott|1\n|-damage|p1a: Whimsicott|48/100 slp\n|\n|-weather|none\n|-damage|p1a: Whimsicott|36/100 slp|[from] move: Sand Tomb|[partiallytrapped]\n|upkeep\n|turn|6\n|\n|t:|1776448304\n|-curestatus|p1a: Whimsicott|slp|[msg]\n|move|p1a: Whimsicott|Moonblast|p2b: Lycanroc\n|-damage|p2b: Lycanroc|0 fnt\n|faint|p2b: Lycanroc\n|move|p2a: Hippowdon|Sand Tomb|p1a: Whimsicott\n|-resisted|p1a: Whimsicott|1\n|-damage|p1a: Whimsicott|25/100\n|\n|-damage|p1a: Whimsicott|12/100|[from] move: Sand Tomb|[partiallytrapped]\n|upkeep\n|\n|t:|1776448309\n|switch|p2b: Wowy|Meganium, L50, F|100/100\n|turn|7\n|\n|t:|1776448319\n|detailschange|p2b: Wowy|Meganium-Mega, L50, F\n|-mega|p2b: Wowy|Meganium|Meganiumite\n|move|p1a: Whimsicott|Endeavor|p2b: Wowy\n|-damage|p2b: Wowy|9/100\n|move|p2b: Wowy|Weather Ball|p1a: Whimsicott\n|-supereffective|p1a: Whimsicott|1\n|-damage|p1a: Whimsicott|0 fnt\n|faint|p1a: Whimsicott\n|\n|win|Kalidowo\n|raw|Fogglez's rating: 1082 &rarr; <strong>1058</strong><br />(-24 for losing)\n|raw|Kalidowo's rating: 1056 &rarr; <strong>1090</strong><br />(+34 for winning)\n|l|\u2606Fogglez\n|player|p1|\n",
  "uploadtime": 1776448328,
  "views": 36,
  "formatid": "gen9championsvgc2026regma",
  "rating": 1058,
  "private": 0,
  "password": null
}