{
  "id": "gen9championsvgc2026regma-2582035313",
  "format": "[Gen 9 Champions] VGC 2026 Reg M-A",
  "players": [
    "Niko highway",
    "sdxgfhcgnvn"
  ],
  "log": "|j|\u2606Niko highway\n|j|\u2606sdxgfhcgnvn\n|t:|1776050483\n|gametype|doubles\n|player|p1|Niko highway|266|1348\n|player|p2|sdxgfhcgnvn|102|1296\n|gen|9\n|tier|[Gen 9 Champions] VGC 2026 Reg M-A\n|rated|\n|rule|Species Clause: Limit one of each Pok\u00e9mon\n|rule|Item Clause: Limit 1 of each item\n|clearpoke\n|poke|p1|Incineroar, L50, M|\n|poke|p1|Conkeldurr, L50, F|\n|poke|p1|Sinistcha, L50|\n|poke|p1|Cofagrigus, L50, M|\n|poke|p1|Drampa, L50, F|\n|poke|p1|Aggron, L50, M|\n|poke|p2|Corviknight, L50, F|\n|poke|p2|Floette-Eternal, L50, F|\n|poke|p2|Sneasler, L50, F|\n|poke|p2|Incineroar, L50, F|\n|poke|p2|Garchomp, L50, M|\n|poke|p2|Rotom-Wash, L50|\n|teampreview|4\n|inactive|Battle timer is ON: inactive players will automatically lose when time's up. (requested by sdxgfhcgnvn)\n|\n|t:|1776050518\n|teamsize|p1|4\n|teamsize|p2|4\n|start\n|switch|p1a: Incineroar|Incineroar, L50, M|100/100\n|switch|p1b: Cofagrigus|Cofagrigus, L50, M|100/100\n|switch|p2a: Floette|Floette-Eternal, L50, F|100/100\n|switch|p2b: Incineroar|Incineroar, L50, F|100/100\n|-ability|p2b: Incineroar|Intimidate|boost\n|-unboost|p1a: Incineroar|atk|1\n|-unboost|p1b: Cofagrigus|atk|1\n|-ability|p1a: Incineroar|Intimidate|boost\n|-unboost|p2a: Floette|atk|1\n|-unboost|p2b: Incineroar|atk|1\n|turn|1\n|\n|t:|1776050526\n|detailschange|p2a: Floette|Floette-Mega, L50, F\n|-mega|p2a: Floette|Floette|Floettite\n|-ability|p2a: Floette|Fairy Aura\n|move|p1a: Incineroar|Fake Out|p2a: Floette\n|-damage|p2a: Floette|91/100\n|cant|p2a: Floette|flinch\n|move|p2b: Incineroar|Throat Chop|p1b: Cofagrigus\n|-supereffective|p1b: Cofagrigus|1\n|-damage|p1b: Cofagrigus|74/100\n|-start|p1b: Cofagrigus|Throat Chop|[silent]\n|-activate|p1b: Cofagrigus|ability: Mummy|p2b: Incineroar|[ability] Intimidate\n|move|p1b: Cofagrigus|Trick Room|p1b: Cofagrigus\n|-fieldstart|move: Trick Room|[of] p1b: Cofagrigus\n|\n|-heal|p1b: Cofagrigus|80/100|[from] item: Leftovers\n|upkeep\n|turn|2\n|\n|t:|1776050534\n|move|p1b: Cofagrigus|Body Press|p2b: Incineroar\n|-supereffective|p2b: Incineroar|1\n|-enditem|p2b: Incineroar|Chople Berry|[eat]\n|-enditem|p2b: Incineroar|Chople Berry|[weaken]\n|-damage|p2b: Incineroar|72/100\n|move|p1a: Incineroar|Parting Shot|p2a: Floette\n|-unboost|p2a: Floette|atk|1\n|-unboost|p2a: Floette|spa|1\n|\n|t:|1776050542\n|switch|p1a: Aggron|Aggron, L50, M|100/100|[from] Parting Shot\n|move|p2b: Incineroar|Parting Shot|p1a: Aggron\n|-unboost|p1a: Aggron|atk|1\n|-unboost|p1a: Aggron|spa|1\n|\n|t:|1776050548\n|switch|p2b: Sneasler|Sneasler, L50, F|100/100|[from] Parting Shot\n|move|p2a: Floette|Calm Mind|p2a: Floette\n|-boost|p2a: Floette|spa|1\n|-boost|p2a: Floette|spd|1\n|\n|-heal|p1b: Cofagrigus|87/100|[from] item: Leftovers\n|-end|p1b: Cofagrigus|Throat Chop|[silent]\n|upkeep\n|turn|3\n|\n|t:|1776050569\n|detailschange|p1a: Aggron|Aggron-Mega, L50, M\n|-mega|p1a: Aggron|Aggron|Aggronite\n|move|p1a: Aggron|Protect|p1a: Aggron\n|-singleturn|p1a: Aggron|Protect\n|move|p1b: Cofagrigus|Will-O-Wisp|p2b: Sneasler\n|-status|p2b: Sneasler|brn\n|move|p2a: Floette|Calm Mind|p2a: Floette\n|-boost|p2a: Floette|spa|1\n|-boost|p2a: Floette|spd|1\n|move|p2b: Sneasler|Coaching|p2a: Floette\n|-boost|p2a: Floette|atk|1\n|-boost|p2a: Floette|def|1\n|\n|-heal|p1b: Cofagrigus|93/100|[from] item: Leftovers\n|-damage|p2b: Sneasler|95/100 brn|[from] brn\n|upkeep\n|turn|4\n|\n|t:|1776050580\n|switch|p2b: Incineroar|Incineroar, L50, F|72/100\n|-ability|p2b: Incineroar|Intimidate|boost\n|-unboost|p1a: Aggron|atk|1\n|-unboost|p1b: Cofagrigus|atk|1\n|move|p1b: Cofagrigus|Shadow Ball|p2a: Floette\n|-damage|p2a: Floette|81/100\n|move|p1a: Aggron|Heavy Slam|p2a: Floette\n|-supereffective|p2a: Floette|1\n|-damage|p2a: Floette|54/100\n|move|p2a: Floette|Calm Mind|p2a: Floette\n|-boost|p2a: Floette|spa|1\n|-boost|p2a: Floette|spd|1\n|\n|-heal|p1b: Cofagrigus|99/100|[from] item: Leftovers\n|upkeep\n|turn|5\n|\n|t:|1776050598\n|switch|p1a: Incineroar|Incineroar, L50, M|100/100\n|-ability|p1a: Incineroar|Intimidate|boost\n|-unboost|p2a: Floette|atk|1\n|-unboost|p2b: Incineroar|atk|1\n|move|p2b: Incineroar|Fake Out|p1a: Incineroar\n|-damage|p1a: Incineroar|94/100\n|move|p1b: Cofagrigus|Body Press|p2b: Incineroar\n|-supereffective|p2b: Incineroar|1\n|-damage|p2b: Incineroar|12/100\n|move|p2a: Floette|Draining Kiss|p1b: Cofagrigus\n|-damage|p1b: Cofagrigus|16/100\n|-heal|p2a: Floette|100/100|[from] drain|[of] p1b: Cofagrigus\n|-activate|p1b: Cofagrigus|ability: Mummy|p2a: Floette|[ability] Fairy Aura\n|\n|-heal|p1b: Cofagrigus|22/100|[from] item: Leftovers\n|-fieldend|move: Trick Room\n|upkeep\n|turn|6\n|inactive|Niko highway has 30 seconds left.\n|\n|t:|1776050631\n|switch|p1b: Aggron|Aggron-Mega, L50, M|100/100\n|move|p1a: Incineroar|Fake Out|p2a: Floette\n|-damage|p2a: Floette|91/100\n|-activate|p2a: Floette|ability: Mummy|p1a: Incineroar|[ability] Intimidate\n|cant|p2a: Floette|flinch\n|move|p2b: Incineroar|Throat Chop|p1b: Aggron\n|-damage|p1b: Aggron|90/100\n|-start|p1b: Aggron|Throat Chop|[silent]\n|\n|upkeep\n|turn|7\n|inactive|Niko highway has 30 seconds left.\n|\n|t:|1776050660\n|move|p2a: Floette|Dazzling Gleam|p1b: Aggron|[spread] p1a,p1b\n|-resisted|p1b: Aggron|1\n|-damage|p1a: Incineroar|22/100\n|-damage|p1b: Aggron|56/100\n|-enditem|p1a: Incineroar|Sitrus Berry|[eat]\n|-heal|p1a: Incineroar|47/100|[from] item: Sitrus Berry\n|move|p2b: Incineroar|Parting Shot|p1b: Aggron\n|-unboost|p1b: Aggron|atk|1\n|-unboost|p1b: Aggron|spa|1\n|\n|t:|1776050668\n|switch|p2b: Sneasler|Sneasler, L50, F|95/100 brn|[from] Parting Shot\n|move|p1a: Incineroar|Parting Shot|p2b: Sneasler\n|-unboost|p2b: Sneasler|atk|1\n|-unboost|p2b: Sneasler|spa|1\n|\n|t:|1776050679\n|switch|p1a: Cofagrigus|Cofagrigus, L50, M|22/100|[from] Parting Shot\n|-enditem|p2b: Sneasler|White Herb\n|-clearnegativeboost|p2b: Sneasler|[silent]\n|move|p1b: Aggron|Heavy Slam|p2a: Floette\n|-supereffective|p2a: Floette|1\n|-damage|p2a: Floette|54/100\n|-activate|p2a: Floette|ability: Mummy|p1b: Aggron|[ability] Filter\n|\n|-heal|p1a: Cofagrigus|29/100|[from] item: Leftovers\n|-damage|p2b: Sneasler|89/100 brn|[from] brn\n|-end|p1b: Aggron|Throat Chop|[silent]\n|upkeep\n|turn|8\n|\n|t:|1776050703\n|switch|p2b: Incineroar|Incineroar, L50, F|12/100\n|-ability|p2b: Incineroar|Intimidate|boost\n|-unboost|p1a: Cofagrigus|atk|1\n|-unboost|p1b: Aggron|atk|1\n|switch|p1a: Incineroar|Incineroar, L50, M|47/100\n|-ability|p1a: Incineroar|Intimidate|boost\n|-unboost|p2a: Floette|atk|1\n|-unboost|p2b: Incineroar|atk|1\n|move|p2a: Floette|Dazzling Gleam|p1a: Incineroar|[spread] p1a,p1b\n|-resisted|p1b: Aggron|1\n|-damage|p1a: Incineroar|0 fnt\n|-damage|p1b: Aggron|25/100\n|faint|p1a: Incineroar\n|move|p1b: Aggron|Heavy Slam|p2a: Floette\n|-supereffective|p2a: Floette|1\n|-crit|p2a: Floette\n|-damage|p2a: Floette|0 fnt\n|faint|p2a: Floette\n|\n|upkeep\n|\n|t:|1776050721\n|switch|p2a: Sneasler|Sneasler, L50, F|89/100 brn\n|switch|p1a: Cofagrigus|Cofagrigus, L50, M|29/100\n|turn|9\n|\n|t:|1776050740\n|switch|p1a: Conkeldurr|Conkeldurr, L50, F|100/100\n|move|p2a: Sneasler|Fake Out|p1b: Aggron\n|-resisted|p1b: Aggron|1\n|-damage|p1b: Aggron|24/100\n|-activate|p1b: Aggron|ability: Mummy|p2a: Sneasler|[ability] Unburden\n|move|p2b: Incineroar|Throat Chop|p1a: Conkeldurr\n|-resisted|p1a: Conkeldurr|1\n|-damage|p1a: Conkeldurr|91/100\n|-start|p1a: Conkeldurr|Throat Chop|[silent]\n|cant|p1b: Aggron|flinch\n|\n|-damage|p2a: Sneasler|83/100 brn|[from] brn\n|upkeep\n|turn|10\n|\n|t:|1776050752\n|switch|p1b: Cofagrigus|Cofagrigus, L50, M|29/100\n|move|p1a: Conkeldurr|Mach Punch|p2b: Incineroar\n|-supereffective|p2b: Incineroar|1\n|-damage|p2b: Incineroar|0 fnt\n|faint|p2b: Incineroar\n|move|p2a: Sneasler|Close Combat|p1b: Cofagrigus\n|-immune|p1b: Cofagrigus\n|\n|-heal|p1b: Cofagrigus|35/100|[from] item: Leftovers\n|-damage|p2a: Sneasler|77/100 brn|[from] brn\n|-end|p1a: Conkeldurr|Throat Chop|[silent]\n|upkeep\n|\n|t:|1776050757\n|switch|p2b: Corviknight|Corviknight, L50, F|100/100\n|turn|11\n|\n|t:|1776050767\n|switch|p1a: Aggron|Aggron-Mega, L50, M|24/100\n|move|p2a: Sneasler|Coaching|p2b: Corviknight\n|-boost|p2b: Corviknight|atk|1\n|-boost|p2b: Corviknight|def|1\n|move|p2b: Corviknight|Bulk Up|p2b: Corviknight\n|-boost|p2b: Corviknight|atk|1\n|-boost|p2b: Corviknight|def|1\n|move|p1b: Cofagrigus|Trick Room|p1b: Cofagrigus\n|-fieldstart|move: Trick Room|[of] p1b: Cofagrigus\n|\n|-heal|p1b: Cofagrigus|41/100|[from] item: Leftovers\n|-damage|p2a: Sneasler|71/100 brn|[from] brn\n|upkeep\n|turn|12\n|\n|t:|1776050780\n|move|p1b: Cofagrigus|Will-O-Wisp|p2b: Corviknight\n|-status|p2b: Corviknight|brn\n|move|p1a: Aggron|Heavy Slam|p2a: Sneasler\n|-damage|p2a: Sneasler|0 fnt\n|-activate|p2a: Sneasler|ability: Mummy|p1a: Aggron|[ability] Filter\n|faint|p2a: Sneasler\n|move|p2b: Corviknight|Brave Bird|p1a: Aggron\n|-resisted|p1a: Aggron|1\n|-damage|p1a: Aggron|13/100\n|-activate|p1a: Aggron|ability: Mummy|p2b: Corviknight|[ability] Mirror Armor\n|-damage|p2b: Corviknight|97/100 brn|[from] Recoil\n|\n|-heal|p1b: Cofagrigus|47/100|[from] item: Leftovers\n|-heal|p2b: Corviknight|100/100 brn|[from] item: Leftovers\n|-damage|p2b: Corviknight|94/100 brn|[from] brn\n|upkeep\n|turn|13\n|\n|t:|1776050797\n|move|p1b: Cofagrigus|Shadow Ball|p2b: Corviknight\n|-damage|p2b: Corviknight|69/100 brn\n|move|p1a: Aggron|Body Press|p2b: Corviknight\n|-damage|p2b: Corviknight|51/100 brn\n|move|p2b: Corviknight|Brave Bird|p1a: Aggron\n|-resisted|p1a: Aggron|1\n|-damage|p1a: Aggron|2/100\n|-damage|p2b: Corviknight|47/100 brn|[from] Recoil\n|\n|-heal|p1b: Cofagrigus|54/100|[from] item: Leftovers\n|-heal|p2b: Corviknight|53/100 brn|[from] item: Leftovers\n|-damage|p2b: Corviknight|47/100 brn|[from] brn\n|upkeep\n|turn|14\n|c|\u2606Niko highway|gg\n|\n|t:|1776050806\n|move|p1b: Cofagrigus|Shadow Ball|p2b: Corviknight\n|-damage|p2b: Corviknight|23/100 brn\n|move|p1a: Aggron|Body Press|p2b: Corviknight\n|-damage|p2b: Corviknight|5/100 brn\n|move|p2b: Corviknight|Brave Bird|p1a: Aggron\n|-resisted|p1a: Aggron|1\n|-damage|p1a: Aggron|0 fnt\n|faint|p1a: Aggron\n|-damage|p2b: Corviknight|4/100 brn|[from] Recoil\n|\n|-heal|p1b: Cofagrigus|60/100|[from] item: Leftovers\n|-heal|p2b: Corviknight|11/100 brn|[from] item: Leftovers\n|-damage|p2b: Corviknight|4/100 brn|[from] brn\n|upkeep\n|\n|t:|1776050809\n|switch|p1a: Conkeldurr|Conkeldurr, L50, F|91/100\n|turn|15\n|-message|sdxgfhcgnvn forfeited.\n|\n|win|Niko highway\n|raw|Niko highway's rating: 1348 &rarr; <strong>1365</strong><br />(+17 for winning)\n|raw|sdxgfhcgnvn's rating: 1296 &rarr; <strong>1275</strong><br />(-21 for losing)\n|l|\u2606sdxgfhcgnvn\n|player|p2|\n",
  "uploadtime": 1776050814,
  "views": 56,
  "formatid": "gen9championsvgc2026regma",
  "rating": 1275,
  "private": 0,
  "password": null
}