{
  "id": "gen9championsvgc2026regma-2589561360",
  "format": "[Gen 9 Champions] VGC 2026 Reg M-A",
  "players": [
    "DissFunktion",
    "drumer sama"
  ],
  "log": "|j|\u2606DissFunktion\n|j|\u2606drumer sama\n|t:|1776734295\n|gametype|doubles\n|player|p1|DissFunktion|265|1167\n|player|p2|drumer sama|veteran|1191\n|gen|9\n|tier|[Gen 9 Champions] VGC 2026 Reg M-A\n|rated|\n|rule|Species Clause: Limit one of each Pok\u00e9mon\n|rule|Item Clause: Limit 1 of each item\n|clearpoke\n|poke|p1|Tyranitar, L50, F|\n|poke|p1|Starmie, L50|\n|poke|p1|Scizor, L50, F|\n|poke|p1|Milotic, L50, M|\n|poke|p1|Corviknight, L50, F|\n|poke|p1|Garchomp, L50, F|\n|poke|p2|Empoleon, L50, M|\n|poke|p2|Farigiraf, L50, M|\n|poke|p2|Oranguru, L50, F|\n|poke|p2|Incineroar, L50, F|\n|poke|p2|Sinistcha, L50|\n|poke|p2|Garchomp, L50, F|\n|teampreview|4\n|inactive|Battle timer is ON: inactive players will automatically lose when time's up. (requested by drumer sama)\ndrumer sama rejected open team sheets.\n|inactive|DissFunktion has 60 seconds left.\n|\n|t:|1776734376\n|teamsize|p1|4\n|teamsize|p2|4\n|start\n|switch|p1a: Tyranitar|Tyranitar, L50, F|100/100\n|switch|p1b: Milotic|Milotic, L50, M|100/100\n|switch|p2a: Incineroar|Incineroar, L50, F|100/100\n|switch|p2b: Sinistcha|Sinistcha, L50|100/100\n|-weather|Sandstorm|[from] ability: Sand Stream|[of] p1a: Tyranitar\n|-ability|p2a: Incineroar|Intimidate|boost\n|-unboost|p1a: Tyranitar|atk|1\n|-unboost|p1b: Milotic|atk|1\n|-ability|p1b: Milotic|Competitive|boost\n|-boost|p1b: Milotic|spa|2\n|turn|1\n|inactive|DissFunktion has 30 seconds left.\n|inactive|DissFunktion has 20 seconds left.\n|inactive|DissFunktion has 15 seconds left.\n|inactive|DissFunktion has 10 seconds left.\n|\n|t:|1776734422\n|detailschange|p1a: Tyranitar|Tyranitar-Mega, L50, F\n|-mega|p1a: Tyranitar|Tyranitar|Tyranitarite\n|move|p2a: Incineroar|Fake Out|p1b: Milotic\n|-damage|p1b: Milotic|91/100\n|move|p1a: Tyranitar|Knock Off|p2b: Sinistcha\n|-supereffective|p2b: Sinistcha|1\n|-damage|p2b: Sinistcha|20/100\n|-enditem|p2b: Sinistcha|Leftovers|[from] move: Knock Off|[of] p1a: Tyranitar\n|cant|p1b: Milotic|flinch\n|move|p2b: Sinistcha|Trick Room|p2b: Sinistcha\n|-fieldstart|move: Trick Room|[of] p2b: Sinistcha\n|\n|-weather|Sandstorm|[upkeep]\n|-damage|p2a: Incineroar|95/100|[from] Sandstorm\n|-damage|p2b: Sinistcha|13/100|[from] Sandstorm\n|-damage|p1b: Milotic|85/100|[from] Sandstorm\n|-heal|p1b: Milotic|91/100|[from] item: Leftovers\n|upkeep\n|turn|2\n|\n|t:|1776734441\n|move|p1b: Milotic|Protect|p1b: Milotic\n|-singleturn|p1b: Milotic|Protect\n|move|p2a: Incineroar|Parting Shot|p1a: Tyranitar\n|-unboost|p1a: Tyranitar|atk|1\n|-unboost|p1a: Tyranitar|spa|1\n|\n|t:|1776734448\n|switch|p2a: Manduro|Oranguru, L50, F|100/100|[from] Parting Shot\n|move|p2b: Sinistcha|Matcha Gotcha|p1a: Tyranitar|[spread] \n|-activate|p1b: Milotic|move: Protect\n|-miss|p2b: Sinistcha|p1a: Tyranitar\n|move|p1a: Tyranitar|Rock Slide|p2b: Sinistcha|[spread] \n|-miss|p1a: Tyranitar|p2a: Manduro\n|-miss|p1a: Tyranitar|p2b: Sinistcha\n|\n|-weather|Sandstorm|[upkeep]\n|-damage|p2a: Manduro|94/100|[from] Sandstorm\n|-damage|p2b: Sinistcha|7/100|[from] Sandstorm\n|-damage|p1b: Milotic|85/100|[from] Sandstorm\n|-heal|p1b: Milotic|91/100|[from] item: Leftovers\n|upkeep\n|turn|3\n|inactive|DissFunktion has 30 seconds left.\n|inactive|DissFunktion has 20 seconds left.\n|\n|t:|1776734484\n|switch|p1b: Scizor|Scizor, L50, F|100/100\n|move|p1a: Tyranitar|Protect|p1a: Tyranitar\n|-singleturn|p1a: Tyranitar|Protect\n|move|p2a: Manduro|Instruct|p2b: Sinistcha\n|-singleturn|p2b: Sinistcha|move: Instruct|[of] p2a: Manduro\n|move|p2b: Sinistcha|Matcha Gotcha|p1a: Tyranitar|[spread] p1b\n|-activate|p1a: Tyranitar|move: Protect\n|-resisted|p1b: Scizor|2\n|-damage|p1b: Scizor|94/100\n|-heal|p2b: Sinistcha|11/100|[from] drain|[of] p1b: Scizor\n|-status|p1b: Scizor|brn\n|move|p2b: Sinistcha|Matcha Gotcha|p1b: Scizor|[spread] p1b\n|-activate|p1a: Tyranitar|move: Protect\n|-resisted|p1b: Scizor|2\n|-damage|p1b: Scizor|86/100 brn\n|-heal|p2b: Sinistcha|15/100|[from] drain|[of] p1b: Scizor\n|\n|-weather|Sandstorm|[upkeep]\n|-damage|p2a: Manduro|88/100|[from] Sandstorm\n|-damage|p2b: Sinistcha|8/100|[from] Sandstorm\n|-damage|p1b: Scizor|80/100 brn|[from] brn\n|upkeep\n|turn|4\n|inactive|drumer sama has 30 seconds left.\n|\n|t:|1776734511\n|switch|p2b: Incineroar|Incineroar, L50, F|95/100\n|-ability|p2b: Incineroar|Intimidate|boost\n|-unboost|p1a: Tyranitar|atk|1\n|-unboost|p1b: Scizor|atk|1\n|move|p2a: Manduro|Protect|p2a: Manduro\n|-singleturn|p2a: Manduro|Protect\n|move|p1b: Scizor|Bullet Punch|p2b: Incineroar\n|-resisted|p2b: Incineroar|1\n|-damage|p2b: Incineroar|90/100\n|move|p1a: Tyranitar|Knock Off|p2a: Manduro\n|-activate|p2a: Manduro|move: Protect\n|\n|-weather|Sandstorm|[upkeep]\n|-damage|p2b: Incineroar|84/100|[from] Sandstorm\n|-damage|p2a: Manduro|82/100|[from] Sandstorm\n|-damage|p1b: Scizor|74/100 brn|[from] brn\n|upkeep\n|turn|5\n|\n|t:|1776734536\n|switch|p2a: Oscar|Empoleon, L50, M|100/100\n|switch|p1b: Milotic|Milotic, L50, M|91/100\n|switch|p1a: Garchomp|Garchomp, L50, F|100/100\n|move|p2b: Incineroar|Flare Blitz|p1b: Milotic\n|-resisted|p1b: Milotic|1\n|-damage|p1b: Milotic|70/100\n|-damage|p2b: Incineroar|77/100|[from] Recoil\n|\n|-weather|none\n|-heal|p1b: Milotic|76/100|[from] item: Leftovers\n|-fieldend|move: Trick Room\n|upkeep\n|turn|6\n|inactive|DissFunktion has 30 seconds left.\n|inactive|drumer sama has 30 seconds left.\n|inactive|DissFunktion has 20 seconds left.\n|inactive|drumer sama has 20 seconds left.\n|\n|t:|1776734574\n|switch|p1b: Tyranitar|Tyranitar-Mega, L50, F|100/100\n|-weather|Sandstorm|[from] ability: Sand Stream|[of] p1b: Tyranitar\n|move|p1a: Garchomp|Swords Dance|p1a: Garchomp\n|-boost|p1a: Garchomp|atk|2\n|move|p2b: Incineroar|Parting Shot|p1b: Tyranitar\n|-unboost|p1b: Tyranitar|atk|1\n|-unboost|p1b: Tyranitar|spa|1\n|\n|t:|1776734583\n|switch|p2b: Manduro|Oranguru, L50, F|82/100|[from] Parting Shot\n|move|p2a: Oscar|Ice Beam|p1a: Garchomp\n|-supereffective|p1a: Garchomp|2\n|-damage|p1a: Garchomp|0 fnt\n|faint|p1a: Garchomp\n|\n|-weather|Sandstorm|[upkeep]\n|-damage|p2b: Manduro|76/100|[from] Sandstorm\n|upkeep\n|\n|t:|1776734592\n|switch|p1a: Milotic|Milotic, L50, M|76/100\n|turn|7\n|\n|t:|1776734617\n|move|p1b: Tyranitar|Dragon Dance|p1b: Tyranitar\n|-boost|p1b: Tyranitar|atk|1\n|-boost|p1b: Tyranitar|spe|1\n|move|p1a: Milotic|Scald|p2a: Oscar\n|-resisted|p2a: Oscar|1\n|-damage|p2a: Oscar|88/100\n|-status|p2a: Oscar|brn\n|move|p2a: Oscar|Surf|p1b: Tyranitar|[spread] p1a,p1b\n|-activate|p2b: Manduro|ability: Telepathy\n|-resisted|p1a: Milotic|1\n|-supereffective|p1b: Tyranitar|1\n|-damage|p1a: Milotic|62/100\n|-damage|p1b: Tyranitar|52/100\n|move|p2b: Manduro|Trick Room|p2b: Manduro\n|-fieldstart|move: Trick Room|[of] p2b: Manduro\n|\n|-weather|Sandstorm|[upkeep]\n|-damage|p2b: Manduro|70/100|[from] Sandstorm\n|-damage|p1a: Milotic|56/100|[from] Sandstorm\n|-heal|p1a: Milotic|62/100|[from] item: Leftovers\n|-damage|p2a: Oscar|82/100 brn|[from] brn\n|upkeep\n|turn|8\n|inactive|drumer sama has 30 seconds left.\n|\n|t:|1776734644\n|move|p1b: Tyranitar|Protect|p1b: Tyranitar\n|-singleturn|p1b: Tyranitar|Protect\n|move|p2a: Oscar|Surf|p1b: Tyranitar|[spread] p1a\n|-activate|p1b: Tyranitar|move: Protect\n|-activate|p2b: Manduro|ability: Telepathy\n|-resisted|p1a: Milotic|1\n|-crit|p1a: Milotic\n|-damage|p1a: Milotic|43/100\n|move|p2b: Manduro|Instruct|p2a: Oscar\n|-singleturn|p2a: Oscar|move: Instruct|[of] p2b: Manduro\n|move|p2a: Oscar|Surf|p1a: Milotic|[spread] p1a\n|-activate|p1b: Tyranitar|move: Protect\n|-activate|p2b: Manduro|ability: Telepathy\n|-resisted|p1a: Milotic|1\n|-damage|p1a: Milotic|30/100\n|move|p1a: Milotic|Scald|p2b: Manduro\n|-damage|p2b: Manduro|51/100\n|-status|p2b: Manduro|brn\n|\n|-weather|Sandstorm|[upkeep]\n|-damage|p2b: Manduro|45/100 brn|[from] Sandstorm\n|-damage|p1a: Milotic|24/100|[from] Sandstorm\n|-heal|p1a: Milotic|30/100|[from] item: Leftovers\n|-damage|p2a: Oscar|76/100 brn|[from] brn\n|-damage|p2b: Manduro|39/100 brn|[from] brn\n|upkeep\n|turn|9\n|inactive|drumer sama has 30 seconds left.\n|\n|t:|1776734670\n|switch|p1b: Scizor|Scizor, L50, F|74/100 brn\n|move|p2a: Oscar|Surf|p1a: Milotic|[spread] p1a,p1b\n|-activate|p2b: Manduro|ability: Telepathy\n|-resisted|p1a: Milotic|1\n|-damage|p1a: Milotic|17/100\n|-damage|p1b: Scizor|21/100 brn\n|move|p2b: Manduro|Instruct|p2a: Oscar\n|-singleturn|p2a: Oscar|move: Instruct|[of] p2b: Manduro\n|move|p2a: Oscar|Surf|p1a: Milotic|[spread] p1a,p1b\n|-activate|p2b: Manduro|ability: Telepathy\n|-resisted|p1a: Milotic|1\n|-damage|p1a: Milotic|4/100\n|-damage|p1b: Scizor|0 fnt\n|faint|p1b: Scizor\n|move|p1a: Milotic|Scald|p2b: Manduro\n|-damage|p2b: Manduro|20/100 brn\n|\n|-weather|Sandstorm|[upkeep]\n|-damage|p2b: Manduro|14/100 brn|[from] Sandstorm\n|-damage|p1a: Milotic|0 fnt|[from] Sandstorm\n|faint|p1a: Milotic\n|-damage|p2a: Oscar|71/100 brn|[from] brn\n|-damage|p2b: Manduro|8/100 brn|[from] brn\n|upkeep\n|-message|DissFunktion forfeited.\n|\n|win|drumer sama\n|raw|DissFunktion's rating: 1167 &rarr; <strong>1144</strong><br />(-23 for losing)\n|raw|drumer sama's rating: 1191 &rarr; <strong>1214</strong><br />(+23 for winning)\n|l|\u2606DissFunktion\n|player|p1|\n",
  "uploadtime": 1776734692,
  "views": 3,
  "formatid": "gen9championsvgc2026regma",
  "rating": 1144,
  "private": 0,
  "password": null
}