{
  "id": "gen9championsvgc2026regma-2585883060",
  "format": "[Gen 9 Champions] VGC 2026 Reg M-A",
  "players": [
    "knarkse",
    "Phort"
  ],
  "log": "|j|\u2606knarkse\n|j|\u2606Phort\n|t:|1776378173\n|gametype|doubles\n|player|p1|knarkse|102|1000\n|player|p2|Phort|265|1002\n|gen|9\n|tier|[Gen 9 Champions] VGC 2026 Reg M-A\n|rated|\n|rule|Species Clause: Limit one of each Pok\u00e9mon\n|rule|Item Clause: Limit 1 of each item\n|clearpoke\n|poke|p1|Pelipper, L50, F|\n|poke|p1|Heliolisk, L50, M|\n|poke|p1|Gyarados, L50, M|\n|poke|p1|Farigiraf, L50, F|\n|poke|p1|Incineroar, L50, F|\n|poke|p1|Rotom-Wash, L50|\n|poke|p2|Froslass, L50, F|\n|poke|p2|Sneasler, L50, M|\n|poke|p2|Garchomp, L50, F|\n|poke|p2|Rotom-Wash, L50|\n|poke|p2|Kingambit, L50, M|\n|poke|p2|Aerodactyl, L50, M|\n|teampreview|4\nknarkse has agreed to open team sheets.\n|\n|t:|1776378223\n|teamsize|p1|4\n|teamsize|p2|4\n|start\n|switch|p1a: Dr. Pepper|Pelipper, L50, F|100/100\n|switch|p1b: Dorito|Heliolisk, L50, M, shiny|100/100\n|switch|p2a: Froslass|Froslass, L50, F|100/100\n|switch|p2b: Sneasler|Sneasler, L50, M|100/100\n|-weather|RainDance|[from] ability: Drizzle|[of] p1a: Dr. Pepper\n|turn|1\n|\n|t:|1776378237\n|detailschange|p2a: Froslass|Froslass-Mega, L50, F\n|-mega|p2a: Froslass|Froslass|Froslassite\n|-weather|Snowscape|[from] ability: Snow Warning|[of] p2a: Froslass\n|move|p2b: Sneasler|Fake Out|p1a: Dr. Pepper\n|-damage|p1a: Dr. Pepper|83/100\n|move|p2a: Froslass|Aurora Veil|p2a: Froslass\n|-sidestart|p2: Phort|move: Aurora Veil\n|move|p1b: Dorito|Shed Tail|p1b: Dorito\n|-start|p1b: Dorito|Substitute|[from] move: Shed Tail\n|-damage|p1b: Dorito|50/100\n|\n|t:|1776378247\n|switch|p1b: Shramp|Gyarados, L50, M, shiny|100/100|[from] Shed Tail\n|-ability|p1b: Shramp|Intimidate|boost\n|-unboost|p2a: Froslass|atk|1\n|-unboost|p2b: Sneasler|atk|1\n|cant|p1a: Dr. Pepper|flinch\n|\n|-weather|Snowscape|[upkeep]\n|upkeep\n|turn|2\n|\n|t:|1776378281\n|switch|p2b: Rotom|Rotom-Wash, L50|100/100\n|detailschange|p1b: Shramp|Gyarados-Mega, L50, M, shiny\n|-mega|p1b: Shramp|Gyarados|Gyaradosite\n|-ability|p1b: Shramp|Mold Breaker\n|move|p2a: Froslass|Blizzard|p1b: Shramp|[spread] p1a,p1b\n|-resisted|p1b: Shramp|1\n|-activate|p1b: Shramp|move: Substitute|[damage]\n|-damage|p1a: Dr. Pepper|20/100\n|move|p1b: Shramp|Crunch|p2a: Froslass\n|-supereffective|p2a: Froslass|1\n|-damage|p2a: Froslass|26/100\n|move|p1a: Dr. Pepper|U-turn|p2b: Rotom\n|-damage|p2b: Rotom|92/100\n|\n|t:|1776378294\n|switch|p1a: Bacon|Incineroar, L50, F, shiny|100/100|[from] U-turn\n|-ability|p1a: Bacon|Intimidate|boost\n|-unboost|p2a: Froslass|atk|1\n|-unboost|p2b: Rotom|atk|1\n|\n|-weather|Snowscape|[upkeep]\n|upkeep\n|turn|3\n|\n|t:|1776378319\n|move|p2a: Froslass|Protect|p2a: Froslass\n|-singleturn|p2a: Froslass|Protect\n|move|p2b: Rotom|Hydro Pump|p1a: Bacon\n|-supereffective|p1a: Bacon|1\n|-damage|p1a: Bacon|5/100\n|-enditem|p1a: Bacon|Sitrus Berry|[eat]\n|-heal|p1a: Bacon|30/100|[from] item: Sitrus Berry\n|move|p1b: Shramp|Dragon Dance|p1b: Shramp\n|-boost|p1b: Shramp|atk|1\n|-boost|p1b: Shramp|spe|1\n|move|p1a: Bacon|Parting Shot|p2b: Rotom\n|-unboost|p2b: Rotom|atk|1\n|-unboost|p2b: Rotom|spa|1\n|\n|t:|1776378331\n|switch|p1a: Dr. Pepper|Pelipper, L50, F|20/100|[from] Parting Shot\n|-weather|RainDance|[from] ability: Drizzle|[of] p1a: Dr. Pepper\n|\n|-weather|RainDance|[upkeep]\n|upkeep\n|turn|4\n|\n|t:|1776378381\n|switch|p2b: Sneasler|Sneasler, L50, M|100/100\n|move|p1b: Shramp|Crunch|p2a: Froslass\n|-supereffective|p2a: Froslass|1\n|-damage|p2a: Froslass|0 fnt\n|faint|p2a: Froslass\n|move|p1a: Dr. Pepper|Tailwind|p1a: Dr. Pepper\n|-sidestart|p1: knarkse|move: Tailwind\n|\n|-weather|RainDance|[upkeep]\n|upkeep\n|\n|t:|1776378383\n|switch|p2a: Aerodactyl|Aerodactyl, L50, M|100/100\n|-ability|p2a: Aerodactyl|Unnerve\n|turn|5\n|\n|t:|1776378399\n|move|p2b: Sneasler|Fake Out|p1b: Shramp\n|-end|p1b: Shramp|Substitute\n|move|p1b: Shramp|Waterfall|p2a: Aerodactyl\n|-supereffective|p2a: Aerodactyl|1\n|-enditem|p2a: Aerodactyl|Focus Sash\n|-damage|p2a: Aerodactyl|1/100\n|cant|p2a: Aerodactyl|flinch\n|move|p1a: Dr. Pepper|Hurricane|p2b: Sneasler\n|-supereffective|p2b: Sneasler|1\n|-damage|p2b: Sneasler|2/100\n|-start|p2b: Sneasler|confusion\n|\n|-weather|RainDance|[upkeep]\n|-sideend|p2: Phort|move: Aurora Veil\n|upkeep\n|turn|6\n|\n|t:|1776378427\n|move|p1b: Shramp|Protect|p1b: Shramp\n|-singleturn|p1b: Shramp|Protect\n|move|p2a: Aerodactyl|Rock Slide|p1a: Dr. Pepper|[spread] p1a\n|-activate|p1b: Shramp|move: Protect\n|-supereffective|p1a: Dr. Pepper|1\n|-damage|p1a: Dr. Pepper|0 fnt\n|faint|p1a: Dr. Pepper\n|-activate|p2b: Sneasler|confusion\n|-damage|p2b: Sneasler|0 fnt|[from] confusion\n|faint|p2b: Sneasler\n|\n|-weather|RainDance|[upkeep]\n|upkeep\n|\n|t:|1776378441\n|switch|p2b: Rotom|Rotom-Wash, L50|92/100\n|switch|p1a: Bacon|Incineroar, L50, F, shiny|30/100\n|-ability|p1a: Bacon|Intimidate|boost\n|-unboost|p2a: Aerodactyl|atk|1\n|-unboost|p2b: Rotom|atk|1\n|turn|7\n|\n|t:|1776378464\n|move|p1a: Bacon|Fake Out|p2a: Aerodactyl\n|-resisted|p2a: Aerodactyl|1\n|-damage|p2a: Aerodactyl|0 fnt\n|faint|p2a: Aerodactyl\n|move|p1b: Shramp|Crunch|p2b: Rotom\n|-damage|p2b: Rotom|0 fnt\n|faint|p2b: Rotom\n|\n|win|knarkse\n|raw|knarkse's rating: 1000 &rarr; <strong>1040</strong><br />(+40 for winning)\n|raw|Phort's rating: 1002 &rarr; <strong>1000</strong><br />(-2 for losing)\n|c|\u2606knarkse|gg\n",
  "uploadtime": 1776378495,
  "views": 19,
  "formatid": "gen9championsvgc2026regma",
  "rating": 1000,
  "private": 0,
  "password": null
}