{
  "id": "gen9championsvgc2026regma-2586521515",
  "format": "[Gen 9 Champions] VGC 2026 Reg M-A",
  "players": [
    "colfox",
    "1#MiraidonHater"
  ],
  "log": "|j|\u203dcolfox\n|j|\u26061#MiraidonHater\n|t:|1776440362\n|gametype|doubles\n|player|p1|colfox|169|1305\n|player|p2|1#MiraidonHater|1|1345\n|gen|9\n|tier|[Gen 9 Champions] VGC 2026 Reg M-A\n|rated|\n|rule|Species Clause: Limit one of each Pok\u00e9mon\n|rule|Item Clause: Limit 1 of each item\n|clearpoke\n|poke|p1|Tyranitar, L50, M|\n|poke|p1|Excadrill, L50, F|\n|poke|p1|Dragapult, L50, F|\n|poke|p1|Milotic, L50, F|\n|poke|p1|Raichu, L50, F|\n|poke|p1|Scizor, L50, M|\n|poke|p2|Gardevoir, L50, M|\n|poke|p2|Basculegion, L50, M|\n|poke|p2|Tsareena, L50, F|\n|poke|p2|Incineroar, L50, M|\n|poke|p2|Pelipper, L50, M|\n|poke|p2|Archaludon, L50, F|\n|teampreview|4\n|\n|t:|1776440414\n|teamsize|p1|4\n|teamsize|p2|4\n|start\n|switch|p1a: Milotic|Milotic, L50, F|100/100\n|switch|p1b: Raichu|Raichu, L50, F|100/100\n|switch|p2a: Basculegion|Basculegion, L50, M|100/100\n|switch|p2b: Bishow|Gardevoir, L50, M|100/100\n|turn|1\n|\n|t:|1776440443\n|detailschange|p2b: Bishow|Gardevoir-Mega, L50, M\n|-mega|p2b: Bishow|Gardevoir|Gardevoirite\n|move|p1b: Raichu|Protect|p1b: Raichu\n|-singleturn|p1b: Raichu|Protect\n|move|p2a: Basculegion|Flip Turn|p1a: Milotic\n|-resisted|p1a: Milotic|1\n|-damage|p1a: Milotic|79/100\n|\n|t:|1776440475\n|switch|p2a: Tsareena|Tsareena, L50, F|100/100|[from] Flip Turn\n|move|p2b: Bishow|Hyper Voice|p1a: Milotic|[spread] p1a\n|-activate|p1b: Raichu|move: Protect\n|-damage|p1a: Milotic|45/100\n|move|p1a: Milotic|Icy Wind|p2b: Bishow|[spread] p2a\n|-miss|p1a: Milotic|p2b: Bishow\n|-supereffective|p2a: Tsareena|1\n|-damage|p2a: Tsareena|78/100\n|-unboost|p2a: Tsareena|spe|1\n|\n|upkeep\n|turn|2\n|j| porygon-epilepz\n|\n|t:|1776440502\n|move|p1b: Raichu|Electroweb|p2a: Tsareena|[spread] p2a,p2b\n|-resisted|p2a: Tsareena|1\n|-damage|p2a: Tsareena|70/100\n|-damage|p2b: Bishow|84/100\n|-unboost|p2a: Tsareena|spe|1\n|-unboost|p2b: Bishow|spe|1\n|move|p1a: Milotic|Icy Wind|p2b: Bishow|[spread] p2a,p2b\n|-supereffective|p2a: Tsareena|1\n|-damage|p2a: Tsareena|47/100\n|-damage|p2b: Bishow|73/100\n|-unboost|p2a: Tsareena|spe|1\n|-unboost|p2b: Bishow|spe|1\n|-enditem|p2a: Tsareena|Sitrus Berry|[eat]\n|-heal|p2a: Tsareena|72/100|[from] item: Sitrus Berry\n|move|p2b: Bishow|Hyper Voice|p1a: Milotic|[spread] p1a,p1b\n|-damage|p1a: Milotic|7/100\n|-damage|p1b: Raichu|23/100\n|move|p2a: Tsareena|Trop Kick|p1a: Milotic\n|-supereffective|p1a: Milotic|1\n|-damage|p1a: Milotic|0 fnt\n|faint|p1a: Milotic\n|\n|upkeep\n|\n|t:|1776440524\n|switch|p1a: Scizor|Scizor, L50, M|100/100\n|turn|3\n|\n|t:|1776440536\n|switch|p2b: Shark Crippler|Incineroar, L50, M|100/100\n|-ability|p2b: Shark Crippler|Intimidate|boost\n|-unboost|p1a: Scizor|atk|1\n|-unboost|p1b: Raichu|atk|1\n|detailschange|p1a: Scizor|Scizor-Mega, L50, M\n|-mega|p1a: Scizor|Scizor|Scizorite\n|move|p1b: Raichu|Protect|p1b: Raichu\n|-singleturn|p1b: Raichu|Protect\n|move|p1a: Scizor|Swords Dance|p1a: Scizor\n|-boost|p1a: Scizor|atk|2\n|move|p2a: Tsareena|Trop Kick|p1a: Scizor\n|-resisted|p1a: Scizor|2\n|-damage|p1a: Scizor|93/100\n|-unboost|p1a: Scizor|atk|1\n|\n|upkeep\n|turn|4\n|\n|t:|1776440554\n|move|p1a: Scizor|Protect|p1a: Scizor\n|-singleturn|p1a: Scizor|Protect\n|move|p1b: Raichu|Thunderbolt|p2b: Shark Crippler\n|-damage|p2b: Shark Crippler|57/100\n|move|p2b: Shark Crippler|Will-O-Wisp|p1a: Scizor\n|-activate|p1a: Scizor|move: Protect\n|move|p2a: Tsareena|Trop Kick|p1b: Raichu\n|-damage|p1b: Raichu|0 fnt\n|faint|p1b: Raichu\n|\n|upkeep\n|\n|t:|1776440567\n|switch|p1b: Tyranitar|Tyranitar, L50, M|100/100\n|-weather|Sandstorm|[from] ability: Sand Stream|[of] p1b: Tyranitar\n|turn|5\n|\n|t:|1776440595\n|move|p1a: Scizor|Bug Bite|p2a: Tsareena\n|-supereffective|p2a: Tsareena|1\n|-damage|p2a: Tsareena|0 fnt\n|faint|p2a: Tsareena\n|move|p2b: Shark Crippler|Will-O-Wisp|p1a: Scizor\n|-status|p1a: Scizor|brn\n|move|p1b: Tyranitar|Rock Slide|p2b: Shark Crippler\n|-supereffective|p2b: Shark Crippler|1\n|-damage|p2b: Shark Crippler|0 fnt\n|faint|p2b: Shark Crippler\n|\n|-weather|Sandstorm|[upkeep]\n|-damage|p1a: Scizor|87/100 brn|[from] brn\n|upkeep\n|\n|t:|1776440605\n|switch|p2a: Basculegion|Basculegion, L50, M|100/100\n|switch|p2b: Bishow|Gardevoir-Mega, L50, M|73/100\n|turn|6\n|\n|t:|1776440621\n|move|p1a: Scizor|Bullet Punch|p2b: Bishow\n|-supereffective|p2b: Bishow|1\n|-damage|p2b: Bishow|17/100\n|move|p2a: Basculegion|Last Respects|p1a: Scizor\n|-damage|p1a: Scizor|21/100 brn\n|move|p2b: Bishow|Hyper Voice|p1a: Scizor|[spread] p1a,p1b\n|-resisted|p1a: Scizor|1\n|-supereffective|p1b: Tyranitar|1\n|-damage|p1a: Scizor|0 fnt\n|-damage|p1b: Tyranitar|43/100\n|faint|p1a: Scizor\n|move|p1b: Tyranitar|Knock Off|p2a: Basculegion\n|-supereffective|p2a: Basculegion|1\n|-damage|p2a: Basculegion|0 fnt\n|-enditem|p2a: Basculegion|Choice Scarf|[from] move: Knock Off|[of] p1b: Tyranitar\n|faint|p2a: Basculegion\n|\n|-weather|Sandstorm|[upkeep]\n|-damage|p2b: Bishow|11/100|[from] Sandstorm\n|upkeep\n|turn|7\n|\n|t:|1776440647\n|move|p1b: Tyranitar|Protect|p1b: Tyranitar\n|-singleturn|p1b: Tyranitar|Protect\n|move|p2b: Bishow|Hyper Voice|p1b: Tyranitar\n|-activate|p1b: Tyranitar|move: Protect\n|\n|-weather|Sandstorm|[upkeep]\n|-damage|p2b: Bishow|5/100|[from] Sandstorm\n|upkeep\n|turn|8\n|\n|t:|1776440659\n|move|p1b: Tyranitar|Protect||[still]\n|-fail|p1b: Tyranitar\n|move|p2b: Bishow|Hyper Voice|p1b: Tyranitar\n|-supereffective|p1b: Tyranitar|1\n|-damage|p1b: Tyranitar|0 fnt\n|faint|p1b: Tyranitar\n|\n|win|1#MiraidonHater\n|raw|colfox's rating: 1305 &rarr; <strong>1287</strong><br />(-18 for losing)\n|raw|1#MiraidonHater's rating: 1345 &rarr; <strong>1363</strong><br />(+18 for winning)\n|l|\u26061#MiraidonHater\n|player|p2|\n|l| porygon-epilepz\n|j| porygon-epilepz\n|l| porygon-epilepz\n|l|\u203dcolfox\n|player|p1|\n|j| porygon-epilepz\n|l| porygon-epilepz\n|j| porygon-epilepz\n",
  "uploadtime": 1776440364,
  "views": 46,
  "formatid": "gen9championsvgc2026regma",
  "rating": 1287,
  "private": 0,
  "password": null
}