{
  "id": "gen9championsvgc2026regma-2582781959",
  "format": "[Gen 9 Champions] VGC 2026 Reg M-A",
  "players": [
    "Espia 824",
    "NotTheRealAdo"
  ],
  "log": "|j|\u2606Espia 824\n|j|\u2606NotTheRealAdo\n|t:|1776113714\n|gametype|doubles\n|player|p1|Espia 824|volkner|1213\n|player|p2|NotTheRealAdo|karen|1237\n|gen|9\n|tier|[Gen 9 Champions] VGC 2026 Reg M-A\n|rated|\n|rule|Species Clause: Limit one of each Pok\u00e9mon\n|rule|Item Clause: Limit 1 of each item\n|clearpoke\n|poke|p1|Tyranitar, L50, F|\n|poke|p1|Excadrill, L50, M|\n|poke|p1|Gyarados, L50, M|\n|poke|p1|Sinistcha, L50|\n|poke|p1|Gardevoir, L50, F|\n|poke|p1|Rotom-Heat, L50|\n|poke|p2|Floette-Eternal, L50, F|\n|poke|p2|Incineroar, L50, F|\n|poke|p2|Garchomp, L50, F|\n|poke|p2|Sneasler, L50, F|\n|poke|p2|Rotom-Wash, L50|\n|poke|p2|Aerodactyl, L50, F|\n|teampreview|4\n|\n|t:|1776113798\n|teamsize|p1|4\n|teamsize|p2|4\n|start\n|switch|p1a: Rotom|Rotom-Heat, L50|100/100\n|switch|p1b: Excadrill|Excadrill, L50, M|100/100\n|switch|p2a: Rotom|Rotom-Wash, L50|100/100\n|switch|p2b: Garchomp|Garchomp, L50, F|100/100\n|turn|1\n|\n|t:|1776113844\n|move|p1a: Rotom|Volt Switch|p2a: Rotom\n|-damage|p2a: Rotom|65/100\n|\n|t:|1776113848\n|switch|p1a: Gardevoir|Gardevoir, L50, F|100/100|[from] Volt Switch\n|move|p2a: Rotom|Volt Switch|p1a: Gardevoir\n|-damage|p1a: Gardevoir|76/100\n|\n|t:|1776113855\n|switch|p2a: Sneasler|Sneasler, L50, F|100/100|[from] Volt Switch\n|move|p2b: Garchomp|Stomping Tantrum|p1b: Excadrill\n|-supereffective|p1b: Excadrill|1\n|-enditem|p1b: Excadrill|Focus Sash\n|-damage|p1b: Excadrill|1/100\n|move|p1b: Excadrill|High Horsepower|p2b: Garchomp\n|-crit|p2b: Garchomp\n|-damage|p2b: Garchomp|22/100\n|-damage|p1b: Excadrill|0 fnt|[from] ability: Rough Skin|[of] p2b: Garchomp\n|faint|p1b: Excadrill\n|\n|upkeep\n|\n|t:|1776113874\n|switch|p1b: Gyarados|Gyarados, L50, M|100/100\n|-ability|p1b: Gyarados|Intimidate|boost\n|-unboost|p2a: Sneasler|atk|1\n|-unboost|p2b: Garchomp|atk|1\n|-enditem|p2a: Sneasler|White Herb\n|-clearnegativeboost|p2a: Sneasler|[silent]\n|turn|2\n|\n|t:|1776113886\n|switch|p2b: Rotom|Rotom-Wash, L50|65/100\n|detailschange|p1a: Gardevoir|Gardevoir-Mega, L50, F\n|-mega|p1a: Gardevoir|Gardevoir|Gardevoirite\n|move|p1a: Gardevoir|Protect|p1a: Gardevoir\n|-singleturn|p1a: Gardevoir|Protect\n|move|p2a: Sneasler|Dire Claw|p1a: Gardevoir\n|-activate|p1a: Gardevoir|move: Protect\n|move|p1b: Gyarados|Waterfall|p2b: Rotom\n|-resisted|p2b: Rotom|1\n|-damage|p2b: Rotom|48/100\n|\n|upkeep\n|turn|3\n|\n|t:|1776113901\n|move|p2a: Sneasler|Dire Claw|p1a: Gardevoir\n|-supereffective|p1a: Gardevoir|1\n|-crit|p1a: Gardevoir\n|-damage|p1a: Gardevoir|0 fnt\n|faint|p1a: Gardevoir\n|move|p2b: Rotom|Electroweb|p1b: Gyarados\n|-supereffective|p1b: Gyarados|2\n|-damage|p1b: Gyarados|33/100\n|-unboost|p1b: Gyarados|spe|1\n|move|p1b: Gyarados|Waterfall|p2a: Sneasler\n|-damage|p2a: Sneasler|43/100\n|\n|-heal|p1b: Gyarados|39/100|[from] item: Leftovers\n|upkeep\n|\n|t:|1776113904\n|switch|p1a: Rotom|Rotom-Heat, L50|100/100\n|turn|4\n|\n|t:|1776113937\n|move|p1b: Gyarados|Protect|p1b: Gyarados\n|-singleturn|p1b: Gyarados|Protect\n|move|p2a: Sneasler|Dire Claw|p1a: Rotom\n|-damage|p1a: Rotom|53/100\n|move|p2b: Rotom|Electroweb|p1a: Rotom|[spread] p1a\n|-activate|p1b: Gyarados|move: Protect\n|-resisted|p1a: Rotom|1\n|-damage|p1a: Rotom|45/100\n|-unboost|p1a: Rotom|spe|1\n|move|p1a: Rotom|Thunderbolt|p2a: Sneasler\n|-damage|p2a: Sneasler|0 fnt\n|faint|p2a: Sneasler\n|\n|-heal|p1b: Gyarados|45/100|[from] item: Leftovers\n|upkeep\n|\n|t:|1776113953\n|switch|p2a: Garchomp|Garchomp, L50, F|22/100\n|turn|5\n|\n|t:|1776113963\n|move|p2b: Rotom|Electroweb|p1a: Rotom|[spread] p1a,p1b\n|-resisted|p1a: Rotom|1\n|-supereffective|p1b: Gyarados|2\n|-damage|p1a: Rotom|36/100\n|-damage|p1b: Gyarados|0 fnt\n|-unboost|p1a: Rotom|spe|1\n|faint|p1b: Gyarados\n|move|p2a: Garchomp|Dragon Claw|p1a: Rotom\n|-damage|p1a: Rotom|0 fnt\n|faint|p1a: Rotom\n|\n|win|NotTheRealAdo\n|raw|Espia 824's rating: 1213 &rarr; <strong>1190</strong><br />(-23 for losing)\n|raw|NotTheRealAdo's rating: 1237 &rarr; <strong>1260</strong><br />(+23 for winning)\n|l|\u2606Espia 824\n|player|p1|\n",
  "uploadtime": 1776113974,
  "views": 19,
  "formatid": "gen9championsvgc2026regma",
  "rating": 1190,
  "private": 0,
  "password": null
}