{
  "id": "gen9championsvgc2026regma-2584682711",
  "format": "[Gen 9 Champions] VGC 2026 Reg M-A",
  "players": [
    "KOTONOHOUSE",
    "JPeezyGaming"
  ],
  "log": "|j|\u2606KOTONOHOUSE\n|j|\u2606JPeezyGaming\n|t:|1776276524\n|gametype|doubles\n|player|p1|KOTONOHOUSE|emmet|1146\n|player|p2|JPeezyGaming|102|1120\n|gen|9\n|tier|[Gen 9 Champions] VGC 2026 Reg M-A\n|rated|\n|rule|Species Clause: Limit one of each Pok\u00e9mon\n|rule|Item Clause: Limit 1 of each item\n|clearpoke\n|poke|p1|Whimsicott, L50, M|\n|poke|p1|Kingambit, L50, M|\n|poke|p1|Arcanine-Hisui, L50, M|\n|poke|p1|Floette-Eternal, L50, F|\n|poke|p1|Garchomp, L50, M|\n|poke|p1|Gengar, L50, F|\n|poke|p2|Tyranitar, L50, F|\n|poke|p2|Corviknight, L50, M|\n|poke|p2|Excadrill, L50, M|\n|poke|p2|Primarina, L50, F|\n|poke|p2|Klefki, L50, M|\n|poke|p2|Incineroar, L50, F|\n|teampreview|4\n|inactive|Battle timer is ON: inactive players will automatically lose when time's up. (requested by KOTONOHOUSE)\n|inactive|KOTONOHOUSE has 60 seconds left.\n|\n|t:|1776276584\n|teamsize|p1|4\n|teamsize|p2|4\n|start\n|switch|p1a: Whimsicott|Whimsicott, L50, M|100/100\n|switch|p1b: Kingambit|Kingambit, L50, M|100/100\n|switch|p2a: Klefki|Klefki, L50, M|100/100\n|switch|p2b: Incineroar|Incineroar, L50, F|100/100\n|-ability|p2b: Incineroar|Intimidate|boost\n|-unboost|p1a: Whimsicott|atk|1\n|-unboost|p1b: Kingambit|atk|1\n|-ability|p1b: Kingambit|Defiant|boost\n|-boost|p1b: Kingambit|atk|2\n|turn|1\n|\n|t:|1776276605\n|switch|p1a: Arcanine|Arcanine-Hisui, L50, M|100/100\n|-ability|p1a: Arcanine|Intimidate|boost\n|-unboost|p2a: Klefki|atk|1\n|-unboost|p2b: Incineroar|atk|1\n|move|p2b: Incineroar|Fake Out|p1b: Kingambit|[miss]\n|-miss|p2b: Incineroar|p1b: Kingambit\n|move|p1b: Kingambit|Iron Head|p2a: Klefki\n|-damage|p2a: Klefki|12/100\n|cant|p2a: Klefki|flinch\n|\n|upkeep\n|turn|2\n|inactive|KOTONOHOUSE has 30 seconds left.\n|\n|t:|1776276630\n|move|p1a: Arcanine|Rock Slide|p2a: Klefki|[spread] p2a,p2b\n|-resisted|p2a: Klefki|1\n|-supereffective|p2b: Incineroar|1\n|-damage|p2a: Klefki|0 fnt\n|-damage|p2b: Incineroar|52/100\n|faint|p2a: Klefki\n|cant|p2b: Incineroar|flinch\n|move|p1b: Kingambit|Brick Break|p2b: Incineroar\n|-supereffective|p2b: Incineroar|1\n|-damage|p2b: Incineroar|0 fnt\n|faint|p2b: Incineroar\n|\n|upkeep\n|\n|t:|1776276642\n|switch|p2a: Primarina|Primarina, L50, F|100/100\n|switch|p2b: Tyranitar|Tyranitar, L50, F|100/100\n|-weather|Sandstorm|[from] ability: Sand Stream|[of] p2b: Tyranitar\n|turn|3\n|\n|t:|1776276662\n|switch|p1a: Whimsicott|Whimsicott, L50, M|100/100\n|detailschange|p2b: Tyranitar|Tyranitar-Mega, L50, F\n|-mega|p2b: Tyranitar|Tyranitar|Tyranitarite\n|move|p2b: Tyranitar|Protect|p2b: Tyranitar\n|-singleturn|p2b: Tyranitar|Protect\n|move|p2a: Primarina|Hyper Voice|p1a: Whimsicott|[spread] p1a\n|-miss|p2a: Primarina|p1b: Kingambit\n|-resisted|p1a: Whimsicott|1\n|-damage|p1a: Whimsicott|81/100\n|move|p1b: Kingambit|Iron Head|p2a: Primarina\n|-damage|p2a: Primarina|20/100\n|-enditem|p2a: Primarina|Sitrus Berry|[eat]\n|-heal|p2a: Primarina|45/100|[from] item: Sitrus Berry\n|\n|-weather|Sandstorm|[upkeep]\n|-damage|p1a: Whimsicott|75/100|[from] Sandstorm\n|-damage|p2a: Primarina|39/100|[from] Sandstorm\n|upkeep\n|turn|4\n|\n|t:|1776276686\n|move|p1a: Whimsicott|Sunny Day|p1a: Whimsicott\n|-weather|SunnyDay\n|move|p2a: Primarina|Moonblast|p1b: Kingambit\n|-damage|p1b: Kingambit|59/100\n|move|p2b: Tyranitar|Ice Punch|p1a: Whimsicott\n|-supereffective|p1a: Whimsicott|1\n|-damage|p1a: Whimsicott|12/100\n|move|p1b: Kingambit|Brick Break|p2b: Tyranitar\n|-supereffective|p2b: Tyranitar|2\n|-damage|p2b: Tyranitar|0 fnt\n|faint|p2b: Tyranitar\n|\n|-weather|SunnyDay|[upkeep]\n|upkeep\n|turn|5\n|-message|JPeezyGaming forfeited.\n|\n|win|KOTONOHOUSE\n|raw|KOTONOHOUSE's rating: 1146 &rarr; <strong>1169</strong><br />(+23 for winning)\n|raw|JPeezyGaming's rating: 1120 &rarr; <strong>1097</strong><br />(-23 for losing)\n|l|\u2606JPeezyGaming\n|player|p2|\n|c|\u2606KOTONOHOUSE|gg\n",
  "uploadtime": 1776276707,
  "views": 16,
  "formatid": "gen9championsvgc2026regma",
  "rating": 1097,
  "private": 0,
  "password": null
}