{
  "id": "gen9championsvgc2026regma-2585489903",
  "format": "[Gen 9 Champions] VGC 2026 Reg M-A",
  "players": [
    "Ricola7_YT",
    "CasualitoGaming"
  ],
  "log": "|j|\u2606Ricola7_YT\n|j|\u2606CasualitoGaming\n|t:|1776351012\n|gametype|doubles\n|player|p1|Ricola7_YT|102|1139\n|player|p2|CasualitoGaming|harlequin|1112\n|gen|9\n|tier|[Gen 9 Champions] VGC 2026 Reg M-A\n|rated|\n|rule|Species Clause: Limit one of each Pok\u00e9mon\n|rule|Item Clause: Limit 1 of each item\n|clearpoke\n|poke|p1|Whimsicott, L50, F|\n|poke|p1|Lucario, L50, F|\n|poke|p1|Farigiraf, L50, M|\n|poke|p1|Garchomp, L50, M|\n|poke|p1|Basculegion, L50, M|\n|poke|p1|Sinistcha, L50|\n|poke|p2|Froslass, L50, F|\n|poke|p2|Basculegion, L50, M|\n|poke|p2|Raichu, L50, F|\n|poke|p2|Meowscarada, L50, M|\n|poke|p2|Dragapult, L50, M|\n|poke|p2|Armarouge, L50, F|\n|teampreview|4\n|\n|t:|1776351053\n|teamsize|p1|4\n|teamsize|p2|4\n|start\n|switch|p1a: Whimsicott|Whimsicott, L50, F|100/100\n|switch|p1b: Farigiraf|Farigiraf, L50, M|100/100\n|switch|p2a: Froslass|Froslass, L50, F|100/100\n|switch|p2b: Meowscarada|Meowscarada, L50, M|100/100\n|turn|1\n|\n|t:|1776351082\n|detailschange|p2a: Froslass|Froslass-Mega, L50, F\n|-mega|p2a: Froslass|Froslass|Froslassite\n|-weather|Snowscape|[from] ability: Snow Warning|[of] p2a: Froslass\n|move|p1a: Whimsicott|Tailwind|p1a: Whimsicott\n|-sidestart|p1: Ricola7_YT|move: Tailwind\n|move|p2b: Meowscarada|Knock Off|p1b: Farigiraf\n|-start|p2b: Meowscarada|typechange|Dark|[from] ability: Protean\n|-supereffective|p1b: Farigiraf|1\n|-damage|p1b: Farigiraf|9/100\n|-enditem|p1b: Farigiraf|Leftovers|[from] move: Knock Off|[of] p2b: Meowscarada\n|move|p1b: Farigiraf|Rain Dance|p1b: Farigiraf\n|-weather|RainDance\n|move|p2a: Froslass|Blizzard|p1b: Farigiraf|[spread] \n|-miss|p2a: Froslass|p1a: Whimsicott\n|-miss|p2a: Froslass|p1b: Farigiraf\n|\n|-weather|RainDance|[upkeep]\n|upkeep\n|turn|2\n|\n|t:|1776351123\n|switch|p2b: Armarouge|Armarouge, L50, F|100/100\n|switch|p2a: Basculegion|Basculegion, L50, M|100/100\n|move|p1a: Whimsicott|Memento|p2a: Basculegion\n|-unboost|p2a: Basculegion|atk|2\n|-unboost|p2a: Basculegion|spa|2\n|faint|p1a: Whimsicott\n|move|p1b: Farigiraf|Psychic Noise|p2a: Basculegion\n|-damage|p2a: Basculegion|70/100\n|-start|p2a: Basculegion|move: Heal Block\n|\n|-weather|RainDance|[upkeep]\n|upkeep\n|\n|t:|1776351137\n|switch|p1a: Lucario|Lucario, L50, F|100/100\n|turn|3\n|\n|t:|1776351161\n|switch|p2a: Meowscarada|Meowscarada, L50, M|100/100\n|move|p1a: Lucario|Bullet Punch|p2a: Meowscarada\n|-damage|p2a: Meowscarada|77/100\n|move|p1b: Farigiraf|Beat Up|p1a: Lucario\n|-resisted|p1a: Lucario|1\n|-crit|p1a: Lucario\n|-damage|p1a: Lucario|98/100\n|-ability|p1a: Lucario|Justified|boost\n|-boost|p1a: Lucario|atk|1\n|-resisted|p1a: Lucario|1\n|-damage|p1a: Lucario|97/100\n|-ability|p1a: Lucario|Justified|boost\n|-boost|p1a: Lucario|atk|1\n|-resisted|p1a: Lucario|1\n|-damage|p1a: Lucario|95/100\n|-ability|p1a: Lucario|Justified|boost\n|-boost|p1a: Lucario|atk|1\n|-hitcount|p1a: Lucario|3\n|move|p2b: Armarouge|Armor Cannon|p1a: Lucario\n|-supereffective|p1a: Lucario|1\n|-damage|p1a: Lucario|3/100\n|-unboost|p2b: Armarouge|def|1\n|-unboost|p2b: Armarouge|spd|1\n|\n|-weather|RainDance|[upkeep]\n|upkeep\n|turn|4\n|\n|t:|1776351217\n|detailschange|p1a: Lucario|Lucario-Mega, L50, F\n|-mega|p1a: Lucario|Lucario|Lucarionite\n|move|p2a: Meowscarada|Flower Trick|p1a: Lucario\n|-start|p2a: Meowscarada|typechange|Grass|[from] ability: Protean\n|-resisted|p1a: Lucario|1\n|-crit|p1a: Lucario\n|-damage|p1a: Lucario|0 fnt\n|faint|p1a: Lucario\n|move|p1b: Farigiraf|Psychic Noise|p2b: Armarouge\n|-resisted|p2b: Armarouge|1\n|-damage|p2b: Armarouge|77/100\n|-start|p2b: Armarouge|move: Heal Block\n|move|p2b: Armarouge|Armor Cannon|p1b: Farigiraf\n|-damage|p1b: Farigiraf|0 fnt\n|-unboost|p2b: Armarouge|def|1\n|-unboost|p2b: Armarouge|spd|1\n|faint|p1b: Farigiraf\n|\n|-weather|RainDance|[upkeep]\n|-sideend|p1: Ricola7_YT|move: Tailwind\n|upkeep\n|\n|t:|1776351228\n|switch|p1b: Basculegion|Basculegion, L50, M|100/100\n|turn|5\n|\n|t:|1776351265\n|switch|p2a: Basculegion|Basculegion, L50, M|70/100\n|move|p1b: Basculegion|Last Respects|p2a: Basculegion\n|-supereffective|p2a: Basculegion|1\n|-damage|p2a: Basculegion|0 fnt\n|faint|p2a: Basculegion\n|move|p2b: Armarouge|Scorching Sands|p1b: Basculegion\n|-damage|p1b: Basculegion|72/100\n|\n|-weather|none\n|-end|p2b: Armarouge|move: Heal Block\n|upkeep\n|\n|t:|1776351283\n|switch|p2a: Meowscarada|Meowscarada, L50, M|77/100\n|turn|6\n|\n|t:|1776351293\n|move|p2a: Meowscarada|Flower Trick|p1b: Basculegion\n|-start|p2a: Meowscarada|typechange|Grass|[from] ability: Protean\n|-supereffective|p1b: Basculegion|1\n|-crit|p1b: Basculegion\n|-damage|p1b: Basculegion|0 fnt\n|faint|p1b: Basculegion\n|\n|win|CasualitoGaming\n|raw|Ricola7_YT's rating: 1139 &rarr; <strong>1112</strong><br />(-27 for losing)\n|raw|CasualitoGaming's rating: 1112 &rarr; <strong>1139</strong><br />(+27 for winning)\n|c|\u2606CasualitoGaming|gg\n|c|\u2606Ricola7_YT|gg\n|l|\u2606Ricola7_YT\n|player|p1|\n",
  "uploadtime": 1776351317,
  "views": 24,
  "formatid": "gen9championsvgc2026regma",
  "rating": 1112,
  "private": 0,
  "password": null
}