{
  "id": "gen9championsvgc2026regma-2587777596",
  "format": "[Gen 9 Champions] VGC 2026 Reg M-A",
  "players": [
    "curiositytest",
    "kokichis_squirtle"
  ],
  "log": "|j|\u203dcuriositytest\n|j|\u2606kokichis_squirtle\n|t:|1776562987\n|gametype|doubles\n|player|p1|curiositytest|drayden|1197\n|player|p2|kokichis_squirtle|hilbert-wonderlauncher|1115\n|gen|9\n|tier|[Gen 9 Champions] VGC 2026 Reg M-A\n|rated|\n|rule|Species Clause: Limit one of each Pok\u00e9mon\n|rule|Item Clause: Limit 1 of each item\n|clearpoke\n|poke|p1|Gengar, L50, M|\n|poke|p1|Incineroar, L50, M|\n|poke|p1|Basculegion, L50, M|\n|poke|p1|Sneasler, L50, M|\n|poke|p1|Clefable, L50, F|\n|poke|p1|Corviknight, L50, F|\n|poke|p2|Pelipper, L50, M|\n|poke|p2|Blastoise, L50, M, shiny|\n|poke|p2|Meganium, L50, F, shiny|\n|poke|p2|Archaludon, L50, F|\n|poke|p2|Dragonite, L50, F, shiny|\n|poke|p2|Incineroar, L50, F|\n|teampreview|4\n|\n|t:|1776563021\n|teamsize|p1|4\n|teamsize|p2|4\n|start\n|switch|p1a: Gengar|Gengar, L50, M|100/100\n|switch|p1b: Corviknight|Corviknight, L50, F|100/100\n|switch|p2a: Pelipper|Pelipper, L50, M|100/100\n|switch|p2b: Blastoise|Blastoise, L50, M, shiny|100/100\n|-weather|RainDance|[from] ability: Drizzle|[of] p2a: Pelipper\n|-ability|p1b: Corviknight|Pressure\n|turn|1\n|\n|t:|1776563049\n|detailschange|p1a: Gengar|Gengar-Mega, L50, M\n|-mega|p1a: Gengar|Gengar|Gengarite\n|move|p1a: Gengar|Substitute|p1a: Gengar\n|-start|p1a: Gengar|Substitute\n|-damage|p1a: Gengar|76/100\n|move|p2a: Pelipper|Tailwind|p2a: Pelipper\n|-sidestart|p2: kokichis_squirtle|move: Tailwind\n|move|p2b: Blastoise|Water Spout|p1a: Gengar|[spread] p1a,p1b\n|-end|p1a: Gengar|Substitute\n|-damage|p1b: Corviknight|14/100\n|move|p1b: Corviknight|Tailwind|p1b: Corviknight\n|-sidestart|p1: curiositytest|move: Tailwind\n|\n|-weather|RainDance|[upkeep]\n|upkeep\n|turn|2\n|\n|t:|1776563072\n|move|p1a: Gengar|Protect|p1a: Gengar\n|-singleturn|p1a: Gengar|Protect\n|move|p2a: Pelipper|Weather Ball|p1a: Gengar\n|-activate|p1a: Gengar|move: Protect\n|move|p2b: Blastoise|Water Spout|p1b: Corviknight|[spread] p1b\n|-activate|p1a: Gengar|move: Protect\n|-damage|p1b: Corviknight|0 fnt\n|faint|p1b: Corviknight\n|\n|-weather|RainDance|[upkeep]\n|upkeep\n|\n|t:|1776563085\n|switch|p1b: Basculegion|Basculegion, L50, M|100/100\n|turn|3\n|\n|t:|1776563096\n|move|p1b: Basculegion|Last Respects|p2b: Blastoise\n|-damage|p2b: Blastoise|26/100\n|move|p1a: Gengar|Shadow Ball|p2b: Blastoise\n|-damage|p2b: Blastoise|0 fnt\n|faint|p2b: Blastoise\n|move|p2a: Pelipper|Weather Ball|p1a: Gengar\n|-damage|p1a: Gengar|14/100\n|\n|-weather|RainDance|[upkeep]\n|upkeep\n|\n|t:|1776563108\n|switch|p2b: Meganium|Meganium, L50, F, shiny|100/100\n|turn|4\n|\n|t:|1776563125\n|move|p2b: Meganium|Protect|p2b: Meganium\n|-singleturn|p2b: Meganium|Protect\n|move|p1b: Basculegion|Last Respects|p2a: Pelipper\n|-crit|p2a: Pelipper\n|-enditem|p2a: Pelipper|Focus Sash\n|-damage|p2a: Pelipper|1/100\n|move|p1a: Gengar|Sludge Bomb|p2b: Meganium\n|-activate|p2b: Meganium|move: Protect\n|move|p2a: Pelipper|Weather Ball|p1a: Gengar\n|-damage|p1a: Gengar|0 fnt\n|faint|p1a: Gengar\n|\n|-weather|RainDance|[upkeep]\n|-sideend|p2: kokichis_squirtle|move: Tailwind\n|-sideend|p1: curiositytest|move: Tailwind\n|upkeep\n|\n|t:|1776563128\n|switch|p1a: Sneasler|Sneasler, L50, M|100/100\n|turn|5\n|\n|t:|1776563155\n|switch|p2b: Incineroar|Incineroar, L50, F|100/100\n|-ability|p2b: Incineroar|Intimidate|boost\n|-unboost|p1a: Sneasler|atk|1\n|-unboost|p1b: Basculegion|atk|1\n|move|p1b: Basculegion|Last Respects|p2a: Pelipper\n|-damage|p2a: Pelipper|0 fnt\n|faint|p2a: Pelipper\n|move|p1a: Sneasler|Dire Claw|p2b: Incineroar\n|-damage|p2b: Incineroar|76/100\n|-status|p2b: Incineroar|psn\n|\n|-weather|none\n|-damage|p2b: Incineroar|64/100 psn|[from] psn\n|upkeep\n|\n|t:|1776563167\n|switch|p2a: Meganium|Meganium, L50, F, shiny|100/100\n|turn|6\n|\n|t:|1776563178\n|detailschange|p2a: Meganium|Meganium-Mega, L50, F, shiny\n|-mega|p2a: Meganium|Meganium|Meganiumite\n|move|p1a: Sneasler|Protect|p1a: Sneasler\n|-singleturn|p1a: Sneasler|Protect\n|move|p2b: Incineroar|Fake Out|p1a: Sneasler\n|-activate|p1a: Sneasler|move: Protect\n|move|p1b: Basculegion|Last Respects|p2a: Meganium\n|-damage|p2a: Meganium|43/100\n|move|p2a: Meganium|Solar Beam||[still]\n|-prepare|p2a: Meganium|Solar Beam\n|-activate|p2a: Meganium|ability: Mega Sol\n|-anim|p2a: Meganium|Solar Beam|p1b: Basculegion\n|-supereffective|p1b: Basculegion|1\n|-damage|p1b: Basculegion|0 fnt\n|faint|p1b: Basculegion\n|\n|-damage|p2b: Incineroar|51/100 psn|[from] psn\n|upkeep\n|turn|7\n|\n|t:|1776563203\n|move|p2a: Meganium|Protect|p2a: Meganium\n|-singleturn|p2a: Meganium|Protect\n|move|p1a: Sneasler|Dire Claw|p2a: Meganium\n|-activate|p2a: Meganium|move: Protect\n|move|p2b: Incineroar|Flare Blitz|p1a: Sneasler\n|-crit|p1a: Sneasler\n|-damage|p1a: Sneasler|0 fnt\n|faint|p1a: Sneasler\n|-damage|p2b: Incineroar|23/100 psn|[from] Recoil\n|-enditem|p2b: Incineroar|Sitrus Berry|[eat]\n|-heal|p2b: Incineroar|48/100 psn|[from] item: Sitrus Berry\n|\n|win|kokichis_squirtle\n|raw|curiositytest's rating: 1197 &rarr; <strong>1166</strong><br />(-31 for losing)\n|raw|kokichis_squirtle's rating: 1115 &rarr; <strong>1146</strong><br />(+31 for winning)\n",
  "uploadtime": 1776563217,
  "views": 9,
  "formatid": "gen9championsvgc2026regma",
  "rating": 1146,
  "private": 0,
  "password": null
}