{
  "id": "gen9championsvgc2026regma-2582672096",
  "format": "[Gen 9 Champions] VGC 2026 Reg M-A",
  "players": [
    "donteatmagikarps",
    "Angelic Angemon"
  ],
  "log": "|j|\u2606donteatmagikarps\n|j|\u2606Angelic Angemon\n|t:|1776106334\n|gametype|doubles\n|player|p1|donteatmagikarps|ethan|1042\n|player|p2|Angelic Angemon|interviewers|1082\n|gen|9\n|tier|[Gen 9 Champions] VGC 2026 Reg M-A\n|rated|\n|rule|Species Clause: Limit one of each Pok\u00e9mon\n|rule|Item Clause: Limit 1 of each item\n|clearpoke\n|poke|p1|Gardevoir, L50, F|\n|poke|p1|Vivillon, L50, M|\n|poke|p1|Arcanine-Hisui, L50, F|\n|poke|p1|Kingambit, L50, F|\n|poke|p1|Feraligatr, L50, F|\n|poke|p1|Rotom-Mow, L50|\n|poke|p2|Alakazam, L50, M|\n|poke|p2|Aerodactyl, L50, F|\n|poke|p2|Sinistcha, L50|\n|poke|p2|Incineroar, L50, F|\n|poke|p2|Aggron, L50, M|\n|poke|p2|Chandelure, L50, F|\n|teampreview|4\n|inactive|Battle timer is ON: inactive players will automatically lose when time's up. (requested by donteatmagikarps)\n|inactive|donteatmagikarps has 60 seconds left.\n|\n|t:|1776106379\n|teamsize|p1|4\n|teamsize|p2|4\n|start\n|switch|p1a: Vivillon|Vivillon, L50, M, shiny|100/100\n|switch|p1b: Kingambit|Kingambit, L50, F, shiny|100/100\n|switch|p2a: Alakazam|Alakazam, L50, M|100/100\n|switch|p2b: Aggron|Aggron, L50, M|100/100\n|turn|1\n|inactive|donteatmagikarps has 30 seconds left.\n|inactive|Angelic Angemon has 30 seconds left.\n|\n|t:|1776106411\n|detailschange|p2b: Aggron|Aggron-Mega, L50, M\n|-mega|p2b: Aggron|Aggron|Aggronite\n|move|p2b: Aggron|Protect|p2b: Aggron\n|-singleturn|p2b: Aggron|Protect\n|move|p2a: Alakazam|Reflect|p2a: Alakazam\n|-sidestart|p2: Angelic Angemon|Reflect\n|move|p1a: Vivillon|Sleep Powder|p2b: Aggron\n|-activate|p2b: Aggron|move: Protect\n|move|p1b: Kingambit|Kowtow Cleave|p2a: Alakazam\n|-supereffective|p2a: Alakazam|1\n|-enditem|p2a: Alakazam|Colbur Berry|[eat]\n|-enditem|p2a: Alakazam|Colbur Berry|[weaken]\n|-damage|p2a: Alakazam|42/100\n|\n|upkeep\n|turn|2\n|\n|t:|1776106430\n|move|p2a: Alakazam|Speed Swap|p2b: Aggron\n|-activate|p2a: Alakazam|move: Speed Swap|[of] p2b: Aggron\n|move|p2b: Aggron|Body Press|p1b: Kingambit\n|-supereffective|p1b: Kingambit|2\n|-crit|p1b: Kingambit\n|-damage|p1b: Kingambit|0 fnt\n|faint|p1b: Kingambit\n|move|p1a: Vivillon|Sleep Powder|p2b: Aggron\n|-status|p2b: Aggron|slp|[from] move: Sleep Powder\n|\n|upkeep\n|\n|t:|1776106441\n|switch|p1b: Arcanine|Arcanine-Hisui, L50, F, shiny|100/100\n|-ability|p1b: Arcanine|Intimidate|boost\n|-fail|p2a: Alakazam|unboost|Attack|[from] ability: Inner Focus|[of] p2a: Alakazam\n|-unboost|p2b: Aggron|atk|1\n|turn|3\n|\n|t:|1776106457\n|cant|p2b: Aggron|slp\n|move|p1a: Vivillon|Tailwind|p1a: Vivillon\n|-sidestart|p1: donteatmagikarps|move: Tailwind\n|move|p1b: Arcanine|Power Gem|p2a: Alakazam\n|-damage|p2a: Alakazam|0 fnt\n|faint|p2a: Alakazam\n|\n|upkeep\n|\n|t:|1776106464\n|switch|p2a: Aerodactyl|Aerodactyl, L50, F|100/100\n|turn|4\n|\n|t:|1776106472\n|move|p1a: Vivillon|Sleep Powder|p2a: Aerodactyl\n|-status|p2a: Aerodactyl|slp|[from] move: Sleep Powder\n|move|p1b: Arcanine|Overheat|p2b: Aggron\n|-supereffective|p2b: Aggron|1\n|-damage|p2b: Aggron|7/100 slp\n|-unboost|p1b: Arcanine|spa|2\n|cant|p2a: Aerodactyl|slp\n|cant|p2b: Aggron|slp\n|\n|upkeep\n|turn|5\n|inactive|donteatmagikarps has 30 seconds left.\n|\n|t:|1776106504\n|switch|p1a: Feraligatr|Feraligatr, L50, F, shiny|100/100\n|-curestatus|p2b: Aggron|slp|[msg]\n|move|p2b: Aggron|Protect|p2b: Aggron\n|-singleturn|p2b: Aggron|Protect\n|move|p1b: Arcanine|Scorching Sands|p2b: Aggron\n|-activate|p2b: Aggron|move: Protect\n|-curestatus|p2a: Aerodactyl|slp|[msg]\n|move|p2a: Aerodactyl|Tailwind|p2a: Aerodactyl\n|-sidestart|p2: Angelic Angemon|move: Tailwind\n|\n|-sideend|p2: Angelic Angemon|Reflect\n|upkeep\n|turn|6\n|inactive|donteatmagikarps has 30 seconds left.\n|inactive|donteatmagikarps has 20 seconds left.\n|\n|t:|1776106541\n|switch|p2a: Sinistcha|Sinistcha, L50|100/100\n|-heal|p2b: Aggron|32/100|[from] ability: Hospitality|[of] p2a: Sinistcha\n|detailschange|p1a: Feraligatr|Feraligatr-Mega, L50, F, shiny\n|-mega|p1a: Feraligatr|Feraligatr|Feraligite\n|move|p2b: Aggron|Body Press|p1b: Arcanine\n|-supereffective|p1b: Arcanine|1\n|-damage|p1b: Arcanine|3/100\n|move|p1b: Arcanine|Scorching Sands|p2b: Aggron\n|-supereffective|p2b: Aggron|1\n|-damage|p2b: Aggron|15/100\n|-status|p2b: Aggron|brn\n|move|p1a: Feraligatr|Liquidation|p2a: Sinistcha\n|-resisted|p2a: Sinistcha|1\n|-damage|p2a: Sinistcha|81/100\n|\n|-damage|p2b: Aggron|8/100 brn|[from] brn\n|-sideend|p1: donteatmagikarps|move: Tailwind\n|upkeep\n|turn|7\n|inactive|donteatmagikarps has 30 seconds left.\n|\n|t:|1776106574\n|switch|p1b: Vivillon|Vivillon, L50, M, shiny|100/100\n|move|p2b: Aggron|Rock Slide|p1a: Feraligatr|[spread] p1a,p1b\n|-supereffective|p1b: Vivillon|2\n|-damage|p1a: Feraligatr|96/100\n|-damage|p1b: Vivillon|58/100\n|move|p2a: Sinistcha|Life Dew|p2a: Sinistcha|[spread] p2a,p2b\n|-heal|p2a: Sinistcha|100/100\n|-heal|p2b: Aggron|33/100 brn\n|move|p1a: Feraligatr|Ice Punch|p2a: Sinistcha\n|-supereffective|p2a: Sinistcha|1\n|-damage|p2a: Sinistcha|54/100\n|\n|-damage|p2b: Aggron|27/100 brn|[from] brn\n|upkeep\n|turn|8\n|inactive|donteatmagikarps has 30 seconds left.\n|\n|t:|1776106606\n|move|p2b: Aggron|Rock Slide|p1b: Vivillon|[spread] p1a,p1b\n|-supereffective|p1b: Vivillon|2\n|-damage|p1a: Feraligatr|92/100\n|-damage|p1b: Vivillon|13/100\n|move|p2a: Sinistcha|Matcha Gotcha|p1b: Vivillon|[spread] p1a,p1b\n|-resisted|p1b: Vivillon|2\n|-damage|p1a: Feraligatr|68/100\n|-heal|p2a: Sinistcha|67/100|[from] drain|[of] p1a: Feraligatr\n|-damage|p1b: Vivillon|0 fnt\n|-heal|p2a: Sinistcha|73/100|[from] drain|[of] p1b: Vivillon\n|faint|p1b: Vivillon\n|cant|p1a: Feraligatr|flinch\n|\n|-damage|p2b: Aggron|21/100 brn|[from] brn\n|-sideend|p2: Angelic Angemon|move: Tailwind\n|upkeep\n|\n|t:|1776106623\n|switch|p1b: Arcanine|Arcanine-Hisui, L50, F, shiny|3/100\n|-ability|p1b: Arcanine|Intimidate|boost\n|-unboost|p2a: Sinistcha|atk|1\n|-unboost|p2b: Aggron|atk|1\n|turn|9\n|inactive|donteatmagikarps has 30 seconds left.\n|\n|t:|1776106651\n|move|p2b: Aggron|Protect|p2b: Aggron\n|-singleturn|p2b: Aggron|Protect\n|move|p1b: Arcanine|Power Gem|p2a: Sinistcha\n|-damage|p2a: Sinistcha|24/100\n|-enditem|p2a: Sinistcha|Sitrus Berry|[eat]\n|-heal|p2a: Sinistcha|48/100|[from] item: Sitrus Berry\n|move|p1a: Feraligatr|Ice Punch|p2a: Sinistcha\n|-supereffective|p2a: Sinistcha|1\n|-damage|p2a: Sinistcha|3/100\n|move|p2a: Sinistcha|Matcha Gotcha|p1b: Arcanine|[spread] p1a,p1b\n|-damage|p1a: Feraligatr|45/100\n|-heal|p2a: Sinistcha|16/100|[from] drain|[of] p1a: Feraligatr\n|-damage|p1b: Arcanine|0 fnt\n|-heal|p2a: Sinistcha|17/100|[from] drain|[of] p1b: Arcanine\n|-status|p1a: Feraligatr|brn\n|faint|p1b: Arcanine\n|\n|-damage|p2b: Aggron|15/100 brn|[from] brn\n|-damage|p1a: Feraligatr|39/100 brn|[from] brn\n|upkeep\n|turn|10\n|-message|donteatmagikarps forfeited.\n|\n|win|Angelic Angemon\n|raw|donteatmagikarps's rating: 1042 &rarr; <strong>1027</strong><br />(-15 for losing)\n|raw|Angelic Angemon's rating: 1066 &rarr; <strong>1094</strong><br />(+28 for winning)\n|l|\u2606donteatmagikarps\n|player|p1|\n",
  "uploadtime": 1776106718,
  "views": 21,
  "formatid": "gen9championsvgc2026regma",
  "rating": 1027,
  "private": 0,
  "password": null
}