{
  "id": "gen9championsvgc2026regma-2585726888",
  "format": "[Gen 9 Champions] VGC 2026 Reg M-A",
  "players": [
    "GepecavaIIi",
    "Ruggio VGC"
  ],
  "log": "|j|\u2606GepecavaIIi\n|j|\u2606Ruggio VGC\n|t:|1776366400\n|gametype|doubles\n|player|p1|GepecavaIIi|lance|1375\n|player|p2|Ruggio VGC|cynthia|1299\n|gen|9\n|tier|[Gen 9 Champions] VGC 2026 Reg M-A\n|rated|\n|rule|Species Clause: Limit one of each Pok\u00e9mon\n|rule|Item Clause: Limit 1 of each item\n|clearpoke\n|poke|p1|Drampa, L50, F|\n|poke|p1|Sinistcha, L50|\n|poke|p1|Farigiraf, L50, M|\n|poke|p1|Torkoal, L50, M|\n|poke|p1|Delphox, L50, F|\n|poke|p1|Aerodactyl, L50, M|\n|poke|p2|Gengar, L50, F|\n|poke|p2|Kommo-o, L50, F|\n|poke|p2|Kingambit, L50, M|\n|poke|p2|Aerodactyl, L50, F|\n|poke|p2|Incineroar, L50, M|\n|poke|p2|Rotom-Wash, L50|\n|teampreview|4\n|inactive|Battle timer is ON: inactive players will automatically lose when time's up. (requested by Ruggio VGC)\n|inactive|Ruggio VGC has 60 seconds left.\n|\n|t:|1776366437\n|teamsize|p1|4\n|teamsize|p2|4\n|start\n|switch|p1a: Aerodactyl|Aerodactyl, L50, M|100/100\n|switch|p1b: Delphox|Delphox, L50, F|100/100\n|switch|p2a: Aerodactyl|Aerodactyl, L50, F|100/100\n|switch|p2b: Kingambit|Kingambit, L50, M|100/100\n|-ability|p2a: Aerodactyl|Unnerve\n|-ability|p1a: Aerodactyl|Unnerve\n|turn|1\n|\n|t:|1776366461\n|move|p1b: Delphox|Protect|p1b: Delphox\n|-singleturn|p1b: Delphox|Protect\n|move|p2b: Kingambit|Sucker Punch||[still]\n|-fail|p2b: Kingambit\n|move|p2a: Aerodactyl|Tailwind|p2a: Aerodactyl\n|-sidestart|p2: Ruggio VGC|move: Tailwind\n|move|p1a: Aerodactyl|Tailwind|p1a: Aerodactyl\n|-sidestart|p1: GepecavaIIi|move: Tailwind\n|\n|upkeep\n|turn|2\n|\n|t:|1776366481\n|switch|p1a: Farigiraf|Farigiraf, L50, M|100/100\n|detailschange|p1b: Delphox|Delphox-Mega, L50, F\n|-mega|p1b: Delphox|Delphox|Delphoxite\n|move|p2a: Aerodactyl|Rock Slide|p1a: Farigiraf|[spread] p1a,p1b\n|-supereffective|p1b: Delphox|1\n|-damage|p1a: Farigiraf|74/100\n|-damage|p1b: Delphox|27/100\n|move|p1b: Delphox|Heat Wave|p2b: Kingambit|[spread] p2a,p2b\n|-resisted|p2a: Aerodactyl|1\n|-supereffective|p2b: Kingambit|1\n|-damage|p2a: Aerodactyl|65/100\n|-damage|p2b: Kingambit|2/100\n|move|p2b: Kingambit|Kowtow Cleave|p1b: Delphox\n|-supereffective|p1b: Delphox|1\n|-crit|p1b: Delphox\n|-damage|p1b: Delphox|0 fnt\n|faint|p1b: Delphox\n|\n|upkeep\n|\n|t:|1776366498\n|switch|p1b: Aerodactyl|Aerodactyl, L50, M|100/100\n|-ability|p1b: Aerodactyl|Unnerve\n|turn|3\n|\n|t:|1776366514\n|move|p2b: Kingambit|Sucker Punch||[still]\n|cant|p1a: Farigiraf|ability: Armor Tail|Sucker Punch|[of] p2b: Kingambit\n|move|p2a: Aerodactyl|Rock Slide|p1a: Farigiraf|[spread] p1a,p1b\n|-supereffective|p1b: Aerodactyl|1\n|-damage|p1a: Farigiraf|49/100\n|-damage|p1b: Aerodactyl|27/100\n|cant|p1b: Aerodactyl|flinch\n|move|p1a: Farigiraf|Psychic|p2a: Aerodactyl\n|-damage|p2a: Aerodactyl|4/100\n|\n|upkeep\n|turn|4\n|\n|t:|1776366536\n|move|p2b: Kingambit|Protect|p2b: Kingambit\n|-singleturn|p2b: Kingambit|Protect\n|move|p2a: Aerodactyl|Rock Slide|p1b: Aerodactyl|[spread] p1a,p1b\n|-supereffective|p1b: Aerodactyl|1\n|-damage|p1a: Farigiraf|24/100\n|-damage|p1b: Aerodactyl|0 fnt\n|faint|p1b: Aerodactyl\n|move|p1a: Farigiraf|Trick Room|p1a: Farigiraf\n|-fieldstart|move: Trick Room|[of] p1a: Farigiraf\n|\n|-sideend|p2: Ruggio VGC|move: Tailwind\n|-sideend|p1: GepecavaIIi|move: Tailwind\n|upkeep\n|\n|t:|1776366541\n|switch|p1b: Torkoal|Torkoal, L50, M|100/100\n|-weather|SunnyDay|[from] ability: Drought|[of] p1b: Torkoal\n|turn|5\n|\n|t:|1776366554\n|switch|p2b: Rotom|Rotom-Wash, L50|100/100\n|move|p2a: Aerodactyl|Protect|p2a: Aerodactyl\n|-singleturn|p2a: Aerodactyl|Protect\n|move|p1b: Torkoal|Eruption|p2a: Aerodactyl|[spread] p2b\n|-activate|p2a: Aerodactyl|move: Protect\n|-resisted|p2b: Rotom|1\n|-damage|p2b: Rotom|56/100\n|move|p1a: Farigiraf|Psychic|p2a: Aerodactyl\n|-activate|p2a: Aerodactyl|move: Protect\n|\n|-weather|SunnyDay|[upkeep]\n|-heal|p2b: Rotom|62/100|[from] item: Leftovers\n|upkeep\n|turn|6\n|inactive|Ruggio VGC has 30 seconds left.\n|\n|t:|1776366582\n|switch|p2a: Kingambit|Kingambit, L50, M|2/100\n|move|p2b: Rotom|Protect|p2b: Rotom\n|-singleturn|p2b: Rotom|Protect\n|move|p1b: Torkoal|Eruption|p2a: Kingambit|[spread] p2a\n|-activate|p2b: Rotom|move: Protect\n|-supereffective|p2a: Kingambit|1\n|-crit|p2a: Kingambit\n|-damage|p2a: Kingambit|0 fnt\n|faint|p2a: Kingambit\n|move|p1a: Farigiraf|Hyper Voice|p2b: Rotom\n|-activate|p2b: Rotom|move: Protect\n|\n|-weather|SunnyDay|[upkeep]\n|-heal|p2b: Rotom|67/100|[from] item: Leftovers\n|upkeep\n|\n|t:|1776366601\n|switch|p2a: Aerodactyl|Aerodactyl, L50, F|4/100\n|-ability|p2a: Aerodactyl|Unnerve\n|turn|7\n|\n|t:|1776366619\n|move|p2a: Aerodactyl|Protect|p2a: Aerodactyl\n|-singleturn|p2a: Aerodactyl|Protect\n|move|p1b: Torkoal|Eruption|p2b: Rotom|[spread] p2b\n|-activate|p2a: Aerodactyl|move: Protect\n|-resisted|p2b: Rotom|1\n|-damage|p2b: Rotom|22/100\n|move|p1a: Farigiraf|Psychic|p2b: Rotom\n|-damage|p2b: Rotom|0 fnt\n|faint|p2b: Rotom\n|\n|-weather|SunnyDay|[upkeep]\n|upkeep\n|\n|t:|1776366630\n|switch|p2b: Gengar|Gengar, L50, F|100/100\n|turn|8\n|\n|t:|1776366644\n|detailschange|p2b: Gengar|Gengar-Mega, L50, F\n|-mega|p2b: Gengar|Gengar|Gengarite\n|move|p2a: Aerodactyl|Protect||[still]\n|-fail|p2a: Aerodactyl\n|move|p2b: Gengar|Protect|p2b: Gengar\n|-singleturn|p2b: Gengar|Protect\n|move|p1b: Torkoal|Eruption|p2b: Gengar|[spread] p2a\n|-activate|p2b: Gengar|move: Protect\n|-resisted|p2a: Aerodactyl|1\n|-damage|p2a: Aerodactyl|0 fnt\n|faint|p2a: Aerodactyl\n|move|p1a: Farigiraf|Psychic|p2b: Gengar\n|-activate|p2b: Gengar|move: Protect\n|\n|-weather|SunnyDay|[upkeep]\n|-fieldend|move: Trick Room\n|upkeep\n|turn|9\n|inactive|GepecavaIIi has 30 seconds left.\n|\n|t:|1776366676\n|move|p2b: Gengar|Sludge Bomb|p1a: Farigiraf\n|-damage|p1a: Farigiraf|0 fnt\n|faint|p1a: Farigiraf\n|move|p1b: Torkoal|Weather Ball|p2b: Gengar\n|-crit|p2b: Gengar\n|-damage|p2b: Gengar|0 fnt\n|faint|p2b: Gengar\n|\n|win|GepecavaIIi\n|raw|GepecavaIIi's rating: 1375 &rarr; <strong>1391</strong><br />(+16 for winning)\n|raw|Ruggio VGC's rating: 1299 &rarr; <strong>1279</strong><br />(-20 for losing)\n|l|\u2606Ruggio VGC\n|player|p2|\n|l|\u2606GepecavaIIi\n|player|p1|\n|j|\u2606GepecavaIIi\n|player|p1|GepecavaIIi|lance|\n",
  "uploadtime": 1776366708,
  "views": 24,
  "formatid": "gen9championsvgc2026regma",
  "rating": 1279,
  "private": 0,
  "password": null
}