{
  "id": "gen9championsvgc2026regma-2583948078",
  "format": "[Gen 9 Champions] VGC 2026 Reg M-A",
  "players": [
    "inosely",
    "BigWeenLad"
  ],
  "log": "|j|\u2606inosely\n|j|\u2606BigWeenLad\n|t:|1776210857\n|gametype|doubles\n|player|p1|inosely|1|1062\n|player|p2|BigWeenLad|266|1017\n|gen|9\n|tier|[Gen 9 Champions] VGC 2026 Reg M-A\n|rated|\n|rule|Species Clause: Limit one of each Pok\u00e9mon\n|rule|Item Clause: Limit 1 of each item\n|clearpoke\n|poke|p1|Hatterene, L50, F|\n|poke|p1|Dragonite, L50, F|\n|poke|p1|Torkoal, L50, F|\n|poke|p1|Farigiraf, L50, M|\n|poke|p1|Basculegion, L50, M|\n|poke|p1|Kingambit, L50, M|\n|poke|p2|Golurk, L50|\n|poke|p2|Farigiraf, L50, F|\n|poke|p2|Torkoal, L50, F|\n|poke|p2|Venusaur, L50, M|\n|poke|p2|Sneasler, L50, F|\n|poke|p2|Incineroar, L50, F|\n|teampreview|4\n|\n|t:|1776210880\n|teamsize|p1|4\n|teamsize|p2|4\n|start\n|switch|p1a: Farigiraf|Farigiraf, L50, M|100/100\n|switch|p1b: Basculegion|Basculegion, L50, M|100/100\n|switch|p2a: Farigiraf|Farigiraf, L50, F|100/100\n|switch|p2b: Golurk|Golurk, L50|100/100\n|turn|1\n|\n|t:|1776210911\n|move|p2a: Farigiraf|Protect|p2a: Farigiraf\n|-singleturn|p2a: Farigiraf|Protect\n|move|p2b: Golurk|Protect|p2b: Golurk\n|-singleturn|p2b: Golurk|Protect\n|move|p1b: Basculegion|Flip Turn|p2b: Golurk\n|-activate|p2b: Golurk|move: Protect\n|move|p1a: Farigiraf|Imprison|p1a: Farigiraf\n|-start|p1a: Farigiraf|move: Imprison\n|\n|upkeep\n|turn|2\n|\n|t:|1776210934\n|move|p2a: Farigiraf|Helping Hand|p2b: Golurk\n|-singleturn|p2b: Golurk|Helping Hand|[of] p2a: Farigiraf\n|move|p1b: Basculegion|Flip Turn|p2a: Farigiraf\n|-damage|p2a: Farigiraf|67/100\n|\n|t:|1776210942\n|switch|p1b: Kingambit|Kingambit, L50, M|100/100|[from] Flip Turn\n|move|p2b: Golurk|Poltergeist|p1b: Kingambit\n|-activate|p1b: Kingambit|move: Poltergeist|Black Glasses\n|-resisted|p1b: Kingambit|1\n|-damage|p1b: Kingambit|73/100\n|move|p1a: Farigiraf|Psychic|p2a: Farigiraf\n|-resisted|p2a: Farigiraf|1\n|-damage|p2a: Farigiraf|50/100\n|\n|upkeep\n|turn|3\n|\n|t:|1776210976\n|switch|p2a: Incineroar|Incineroar, L50, F|100/100\n|-ability|p2a: Incineroar|Intimidate|boost\n|-unboost|p1a: Farigiraf|atk|1\n|-unboost|p1b: Kingambit|atk|1\n|move|p2b: Golurk|Protect|p2b: Golurk\n|-singleturn|p2b: Golurk|Protect\n|move|p1a: Farigiraf|Psychic|p2b: Golurk\n|-activate|p2b: Golurk|move: Protect\n|move|p1b: Kingambit|Kowtow Cleave|p2b: Golurk\n|-activate|p2b: Golurk|move: Protect\n|\n|upkeep\n|turn|4\n|\n|t:|1776211000\n|-end|p1b: Kingambit|fallenundefined|[silent]\n|switch|p1b: Basculegion|Basculegion, L50, M|100/100\n|detailschange|p2b: Golurk|Golurk-Mega, L50\n|-mega|p2b: Golurk|Golurk|Golurkite\n|move|p2a: Incineroar|Fake Out||[still]\n|cant|p1a: Farigiraf|ability: Armor Tail|Fake Out|[of] p2a: Incineroar\n|move|p2b: Golurk|Headlong Rush|p1b: Basculegion\n|-damage|p1b: Basculegion|0 fnt\n|-unboost|p2b: Golurk|def|1\n|-unboost|p2b: Golurk|spd|1\n|faint|p1b: Basculegion\n|move|p1a: Farigiraf|Hyper Voice|p2a: Incineroar|[spread] p2a\n|-immune|p2b: Golurk\n|-crit|p2a: Incineroar\n|-damage|p2a: Incineroar|67/100\n|\n|upkeep\n|\n|t:|1776211017\n|switch|p1b: Dragonite|Dragonite, L50, F|100/100\n|turn|5\n|\n|t:|1776211031\n|detailschange|p1b: Dragonite|Dragonite-Mega, L50, F\n|-mega|p1b: Dragonite|Dragonite|Dragoninite\n|move|p2b: Golurk|Protect|p2b: Golurk\n|-singleturn|p2b: Golurk|Protect\n|move|p1b: Dragonite|Ice Beam|p2b: Golurk\n|-activate|p2b: Golurk|move: Protect\n|move|p2a: Incineroar|Parting Shot|p1a: Farigiraf\n|-unboost|p1a: Farigiraf|atk|1\n|-unboost|p1a: Farigiraf|spa|1\n|inactive|Battle timer is ON: inactive players will automatically lose when time's up. (requested by inosely)\n|\n|t:|1776211041\n|switch|p2a: Sneasler|Sneasler, L50, F|100/100|[from] Parting Shot\n|move|p1a: Farigiraf|Psychic|p2b: Golurk\n|-activate|p2b: Golurk|move: Protect\n|\n|upkeep\n|turn|6\n|inactive|BigWeenLad has 30 seconds left.\n|\n|t:|1776211069\n|move|p2a: Sneasler|Dire Claw|p1a: Farigiraf\n|-damage|p1a: Farigiraf|58/100\n|move|p1b: Dragonite|Ice Beam|p2b: Golurk\n|-supereffective|p2b: Golurk|1\n|-damage|p2b: Golurk|0 fnt\n|faint|p2b: Golurk\n|move|p1a: Farigiraf|Psychic|p2a: Sneasler\n|-supereffective|p2a: Sneasler|2\n|-damage|p2a: Sneasler|0 fnt\n|faint|p2a: Sneasler\n|\n|upkeep\n|\n|t:|1776211082\n|switch|p2a: Incineroar|Incineroar, L50, F|67/100\n|switch|p2b: Farigiraf|Farigiraf, L50, F|50/100\n|-ability|p2a: Incineroar|Intimidate|boost\n|-unboost|p1a: Farigiraf|atk|1\n|-unboost|p1b: Dragonite|atk|1\n|turn|7\n|inactive|BigWeenLad has 30 seconds left.\n|inactive|BigWeenLad has 20 seconds left.\n|inactive|BigWeenLad has 15 seconds left.\n|inactive|BigWeenLad has 10 seconds left.\n|inactive|BigWeenLad has 5 seconds left.\n|\n|t:|1776211137\n|move|p2b: Farigiraf|Protect|p2b: Farigiraf\n|-singleturn|p2b: Farigiraf|Protect\n|move|p1b: Dragonite|Draco Meteor|p2a: Incineroar|[miss]\n|-miss|p1b: Dragonite|p2a: Incineroar\n|move|p2a: Incineroar|Throat Chop|p1a: Farigiraf\n|-supereffective|p1a: Farigiraf|1\n|-damage|p1a: Farigiraf|2/100\n|-start|p1a: Farigiraf|Throat Chop|[silent]\n|-enditem|p1a: Farigiraf|Sitrus Berry|[eat]\n|-heal|p1a: Farigiraf|27/100|[from] item: Sitrus Berry\n|cant|p1a: Farigiraf|move: Throat Chop\n|\n|upkeep\n|turn|8\n|\n|t:|1776211156\n|move|p2b: Farigiraf|Helping Hand|p2a: Incineroar\n|-singleturn|p2a: Incineroar|Helping Hand|[of] p2b: Farigiraf\n|move|p1b: Dragonite|Draco Meteor|p2a: Incineroar\n|-damage|p2a: Incineroar|1/100\n|-unboost|p1b: Dragonite|spa|2\n|move|p2a: Incineroar|Throat Chop|p1b: Dragonite\n|-damage|p1b: Dragonite|82/100\n|-start|p1b: Dragonite|Throat Chop|[silent]\n|move|p1a: Farigiraf|Trick Room|p1a: Farigiraf\n|-fieldstart|move: Trick Room|[of] p1a: Farigiraf\n|\n|-end|p1a: Farigiraf|Throat Chop|[silent]\n|upkeep\n|turn|9\n|inactive|BigWeenLad has 30 seconds left.\n|\n|t:|1776211189\n|move|p2b: Farigiraf|Helping Hand|p2a: Incineroar\n|-singleturn|p2a: Incineroar|Helping Hand|[of] p2b: Farigiraf\n|move|p1b: Dragonite|Extreme Speed||[still]\n|cant|p2b: Farigiraf|ability: Armor Tail|Extreme Speed|[of] p1b: Dragonite\n|move|p1a: Farigiraf|Hyper Voice|p2a: Incineroar|[spread] p2a,p2b\n|-damage|p2a: Incineroar|0 fnt\n|-damage|p2b: Farigiraf|33/100\n|faint|p2a: Incineroar\n|\n|-end|p1b: Dragonite|Throat Chop|[silent]\n|upkeep\n|turn|10\n|\n|t:|1776211206\n|move|p2b: Farigiraf|Helping Hand|p2: Incineroar|[notarget]\n|-fail|p2b: Farigiraf\n|move|p1b: Dragonite|Extreme Speed||[still]\n|cant|p2b: Farigiraf|ability: Armor Tail|Extreme Speed|[of] p1b: Dragonite\n|move|p1a: Farigiraf|Psychic|p2b: Farigiraf\n|-resisted|p2b: Farigiraf|1\n|-damage|p2b: Farigiraf|22/100\n|\n|upkeep\n|turn|11\n|-message|BigWeenLad forfeited.\n|\n|win|inosely\n|raw|inosely's rating: 1062 &rarr; <strong>1089</strong><br />(+27 for winning)\n|raw|BigWeenLad's rating: 1017 &rarr; <strong>1006</strong><br />(-11 for losing)\n|l|\u2606BigWeenLad\n|player|p2|\n",
  "uploadtime": 1776211221,
  "views": 28,
  "formatid": "gen9championsvgc2026regma",
  "rating": 1006,
  "private": 0,
  "password": null
}