{
  "id": "gen9championsvgc2026regma-2581880359",
  "format": "[Gen 9 Champions] VGC 2026 Reg M-A",
  "players": [
    "myballsinyabutt",
    "StrikerMohamud"
  ],
  "log": "|j|\u2606myballsinyabutt\n|j|\u2606StrikerMohamud\n|t:|1776036234\n|gametype|doubles\n|player|p1|myballsinyabutt|linebacker|1145\n|player|p2|StrikerMohamud|unknown|1187\n|gen|9\n|tier|[Gen 9 Champions] VGC 2026 Reg M-A\n|rated|\n|rule|Species Clause: Limit one of each Pok\u00e9mon\n|rule|Item Clause: Limit 1 of each item\n|clearpoke\n|poke|p1|Glimmora, L50, M|\n|poke|p1|Corviknight, L50, M|\n|poke|p1|Kingambit, L50, F|\n|poke|p1|Incineroar, L50, M|\n|poke|p2|Kangaskhan, L50, F|\n|poke|p2|Incineroar, L50, F|\n|poke|p2|Azumarill, L50, F|\n|poke|p2|Froslass, L50, F|\n|poke|p2|Garchomp, L50, F|\n|poke|p2|Talonflame, L50, M|\n|teampreview|4\n|\n|t:|1776036258\n|teamsize|p1|4\n|teamsize|p2|4\n|start\n|switch|p1a: Glimmora|Glimmora, L50, M|100/100\n|switch|p1b: Corviknight|Corviknight, L50, M|100/100\n|switch|p2a: Kangaskhan|Kangaskhan, L50, F|100/100\n|switch|p2b: Azumarill|Azumarill, L50, F, shiny|100/100\n|turn|1\n|\n|t:|1776036285\n|detailschange|p2a: Kangaskhan|Kangaskhan-Mega, L50, F\n|-mega|p2a: Kangaskhan|Kangaskhan|Kangaskhanite\n|move|p2a: Kangaskhan|Fake Out|p1a: Glimmora\n|-resisted|p1a: Glimmora|1\n|-damage|p1a: Glimmora|89/100\n|-activate|p1a: Glimmora|ability: Toxic Debris\n|-sidestart|p2: StrikerMohamud|move: Toxic Spikes\n|-resisted|p1a: Glimmora|1\n|-damage|p1a: Glimmora|87/100\n|-activate|p1a: Glimmora|ability: Toxic Debris\n|-sidestart|p2: StrikerMohamud|move: Toxic Spikes\n|-hitcount|p1a: Glimmora|2\n|cant|p1a: Glimmora|flinch\n|move|p1b: Corviknight|Tailwind|p1b: Corviknight\n|-sidestart|p1: myballsinyabutt|move: Tailwind\n|move|p2b: Azumarill|Belly Drum|p2b: Azumarill\n|-damage|p2b: Azumarill|50/100\n|-setboost|p2b: Azumarill|atk|6|[from] move: Belly Drum\n|-enditem|p2b: Azumarill|Sitrus Berry|[eat]\n|-heal|p2b: Azumarill|75/100|[from] item: Sitrus Berry\n|\n|upkeep\n|turn|2\n|\n|t:|1776036326\n|switch|p2a: Garchomp|Garchomp, L50, F|100/100\n|-status|p2a: Garchomp|tox\n|detailschange|p1a: Glimmora|Glimmora-Mega, L50, M\n|-mega|p1a: Glimmora|Glimmora|Glimmoranite\n|move|p1a: Glimmora|Spiky Shield|p1a: Glimmora\n|-singleturn|p1a: Glimmora|move: Protect\n|move|p2b: Azumarill|Aqua Jet|p1b: Corviknight\n|-damage|p1b: Corviknight|32/100\n|-enditem|p1b: Corviknight|Sitrus Berry|[eat]\n|-heal|p1b: Corviknight|57/100|[from] item: Sitrus Berry\n|move|p1b: Corviknight|Brave Bird|p2b: Azumarill\n|-damage|p2b: Azumarill|35/100\n|-damage|p1b: Corviknight|44/100|[from] Recoil\n|\n|-damage|p2a: Garchomp|95/100 tox|[from] psn\n|upkeep\n|turn|3\n|\n|t:|1776036371\n|switch|p1a: Kingambit|Kingambit, L50, F|100/100\n|move|p2b: Azumarill|Aqua Jet|p1b: Corviknight\n|-damage|p1b: Corviknight|0 fnt\n|faint|p1b: Corviknight\n|move|p2a: Garchomp|Stomping Tantrum|p1a: Kingambit\n|-supereffective|p1a: Kingambit|1\n|-damage|p1a: Kingambit|34/100\n|\n|-damage|p2a: Garchomp|83/100 tox|[from] psn\n|upkeep\n|\n|t:|1776036379\n|switch|p1b: Glimmora|Glimmora-Mega, L50, M|87/100\n|turn|4\n|\n|t:|1776036387\n|move|p2b: Azumarill|Protect|p2b: Azumarill\n|-singleturn|p2b: Azumarill|Protect\n|move|p1a: Kingambit|Sucker Punch||[still]\n|-fail|p1a: Kingambit\n|move|p1b: Glimmora|Sludge Wave|p2b: Azumarill|[spread] p2a\n|-activate|p2b: Azumarill|move: Protect\n|-immune|p1a: Kingambit\n|-resisted|p2a: Garchomp|1\n|-damage|p2a: Garchomp|51/100 tox\n|move|p2a: Garchomp|Stomping Tantrum|p1b: Glimmora\n|-supereffective|p1b: Glimmora|2\n|-damage|p1b: Glimmora|0 fnt\n|faint|p1b: Glimmora\n|\n|-damage|p2a: Garchomp|33/100 tox|[from] psn\n|-sideend|p1: myballsinyabutt|move: Tailwind\n|upkeep\n|\n|t:|1776036394\n|switch|p1b: Incineroar|Incineroar, L50, M|100/100\n|-ability|p1b: Incineroar|Intimidate|boost\n|-unboost|p2a: Garchomp|atk|1\n|-unboost|p2b: Azumarill|atk|1\n|turn|5\n|\n|t:|1776036407\n|move|p1b: Incineroar|Fake Out|p2b: Azumarill\n|-damage|p2b: Azumarill|23/100\n|cant|p2b: Azumarill|flinch\n|move|p1a: Kingambit|Sucker Punch|p2a: Garchomp\n|-damage|p2a: Garchomp|0 fnt\n|-damage|p1a: Kingambit|22/100|[from] ability: Rough Skin|[of] p2a: Garchomp\n|faint|p2a: Garchomp\n|\n|upkeep\n|\n|t:|1776036415\n|switch|p2a: Kangaskhan|Kangaskhan-Mega, L50, F|100/100\n|-status|p2a: Kangaskhan|tox\n|turn|6\n|\n|t:|1776036427\n|move|p2a: Kangaskhan|Fake Out|p1a: Kingambit\n|-resisted|p1a: Kingambit|1\n|-damage|p1a: Kingambit|15/100\n|-resisted|p1a: Kingambit|1\n|-damage|p1a: Kingambit|13/100\n|-hitcount|p1a: Kingambit|2\n|move|p2b: Azumarill|Aqua Jet|p1b: Incineroar\n|-supereffective|p1b: Incineroar|1\n|-damage|p1b: Incineroar|0 fnt\n|faint|p1b: Incineroar\n|cant|p1a: Kingambit|flinch\n|\n|-damage|p2a: Kangaskhan|94/100 tox|[from] psn\n|upkeep\n|turn|7\n|\n|t:|1776036436\n|move|p2b: Azumarill|Aqua Jet|p1a: Kingambit\n|-damage|p1a: Kingambit|0 fnt\n|faint|p1a: Kingambit\n|\n|win|StrikerMohamud\n|raw|myballsinyabutt's rating: 1145 &rarr; <strong>1123</strong><br />(-22 for losing)\n|raw|StrikerMohamud's rating: 1187 &rarr; <strong>1209</strong><br />(+22 for winning)\n",
  "uploadtime": 1776036237,
  "views": 12,
  "formatid": "gen9championsvgc2026regma",
  "rating": 1123,
  "private": 0,
  "password": null
}