{
  "id": "gen9championsvgc2026regma-2581292254",
  "format": "[Gen 9 Champions] VGC 2026 Reg M-A",
  "players": [
    "tastyfloop",
    "Vgcproto"
  ],
  "log": "|j|\u2606tastyfloop\n|j|\u2606Vgcproto\n|t:|1775982309\n|gametype|doubles\n|player|p1|tastyfloop|265|1248\n|player|p2|Vgcproto|2|1279\n|gen|9\n|tier|[Gen 9 Champions] VGC 2026 Reg M-A\n|rated|\n|rule|Species Clause: Limit one of each Pok\u00e9mon\n|rule|Item Clause: Limit 1 of each item\n|clearpoke\n|poke|p1|Basculegion, L50, M|\n|poke|p1|Archaludon, L50, M|\n|poke|p1|Sinistcha, L50|\n|poke|p1|Pelipper, L50, F|\n|poke|p1|Gengar, L50, F|\n|poke|p1|Sneasler, L50, F|\n|poke|p2|Tyranitar, L50, M|\n|poke|p2|Excadrill, L50, F|\n|poke|p2|Garchomp, L50, F|\n|poke|p2|Corviknight, L50, M|\n|poke|p2|Rotom-Heat, L50|\n|poke|p2|Sinistcha, L50|\n|teampreview|4\n|j| gE1xjZRtuhW2DdT0AK\n|inactive|Battle timer is ON: inactive players will automatically lose when time's up. (requested by Vgcproto)\n|\n|t:|1775982397\n|teamsize|p1|4\n|teamsize|p2|4\n|start\n|switch|p1a: Sneasler|Sneasler, L50, F|100/100\n|switch|p1b: Basculegion|Basculegion, L50, M|100/100\n|switch|p2a: Rotom|Rotom-Heat, L50|100/100\n|switch|p2b: Sinistcha|Sinistcha, L50|100/100\n|turn|1\n|\n|t:|1775982421\n|move|p2a: Rotom|Protect|p2a: Rotom\n|-singleturn|p2a: Rotom|Protect\n|move|p1a: Sneasler|Fake Out|p2a: Rotom\n|-activate|p2a: Rotom|move: Protect\n|move|p1b: Basculegion|Wave Crash|p2a: Rotom\n|-activate|p2a: Rotom|move: Protect\n|move|p2b: Sinistcha|Matcha Gotcha|p1a: Sneasler|[spread] p1a\n|-miss|p2b: Sinistcha|p1b: Basculegion\n|-resisted|p1a: Sneasler|1\n|-damage|p1a: Sneasler|83/100\n|\n|upkeep\n|turn|2\n|inactive|tastyfloop has 30 seconds left.\n|\n|t:|1775982450\n|move|p2b: Sinistcha|Rage Powder|p2b: Sinistcha\n|-singleturn|p2b: Sinistcha|move: Rage Powder\n|move|p1a: Sneasler|Dire Claw|p2b: Sinistcha\n|-damage|p2b: Sinistcha|68/100\n|move|p2a: Rotom|Thunderbolt|p1b: Basculegion\n|-supereffective|p1b: Basculegion|1\n|-damage|p1b: Basculegion|24/100\n|move|p1b: Basculegion|Last Respects|p2b: Sinistcha\n|-supereffective|p2b: Sinistcha|1\n|-damage|p2b: Sinistcha|21/100\n|-enditem|p2b: Sinistcha|Sitrus Berry|[eat]\n|-heal|p2b: Sinistcha|45/100|[from] item: Sitrus Berry\n|\n|upkeep\n|turn|3\n|inactive|tastyfloop has 30 seconds left.\n|inactive|Vgcproto has 30 seconds left.\n|inactive|Vgcproto has 20 seconds left.\n|\n|t:|1775982494\n|switch|p1b: Archaludon|Archaludon, L50, M|100/100\n|move|p2b: Sinistcha|Rage Powder|p2b: Sinistcha\n|-singleturn|p2b: Sinistcha|move: Rage Powder\n|move|p1a: Sneasler|Dire Claw|p2b: Sinistcha\n|-damage|p2b: Sinistcha|8/100\n|-status|p2b: Sinistcha|par\n|move|p2a: Rotom|Thunderbolt|p1b: Archaludon\n|-resisted|p1b: Archaludon|1\n|-damage|p1b: Archaludon|81/100\n|\n|-heal|p1b: Archaludon|87/100|[from] item: Leftovers\n|upkeep\n|turn|4\n|inactive|tastyfloop has 30 seconds left.\n|inactive|Vgcproto has 30 seconds left.\n|inactive|tastyfloop has 20 seconds left.\n|\n|t:|1775982530\n|switch|p1a: Pelipper|Pelipper, L50, F|100/100\n|-weather|RainDance|[from] ability: Drizzle|[of] p1a: Pelipper\n|move|p2a: Rotom|Overheat|p1b: Archaludon\n|-damage|p1b: Archaludon|60/100\n|-unboost|p2a: Rotom|spa|2\n|-enditem|p2a: Rotom|White Herb\n|-clearnegativeboost|p2a: Rotom|[silent]\n|move|p1b: Archaludon|Electro Shot||[still]\n|-prepare|p1b: Archaludon|Electro Shot\n|-boost|p1b: Archaludon|spa|1\n|-anim|p1b: Archaludon|Electro Shot|p2b: Sinistcha\n|-resisted|p2b: Sinistcha|1\n|-damage|p2b: Sinistcha|0 fnt\n|faint|p2b: Sinistcha\n|\n|-weather|RainDance|[upkeep]\n|-heal|p1b: Archaludon|66/100|[from] item: Leftovers\n|upkeep\n|\n|t:|1775982547\n|switch|p2b: Tyranitar|Tyranitar, L50, M|100/100\n|-weather|Sandstorm|[from] ability: Sand Stream|[of] p2b: Tyranitar\n|turn|5\n|\n|t:|1775982570\n|switch|p1a: Sneasler|Sneasler, L50, F|83/100\n|detailschange|p2b: Tyranitar|Tyranitar-Mega, L50, M\n|-mega|p2b: Tyranitar|Tyranitar|Tyranitarite\n|move|p2a: Rotom|Thunderbolt|p1a: Sneasler\n|-damage|p1a: Sneasler|36/100\n|move|p1b: Archaludon|Flash Cannon|p2b: Tyranitar\n|-supereffective|p2b: Tyranitar|1\n|-crit|p2b: Tyranitar\n|-damage|p2b: Tyranitar|4/100\n|move|p2b: Tyranitar|Low Kick|p1b: Archaludon\n|-supereffective|p1b: Archaludon|1\n|-damage|p1b: Archaludon|5/100\n|\n|-weather|Sandstorm|[upkeep]\n|-damage|p1a: Sneasler|30/100|[from] Sandstorm\n|-damage|p2a: Rotom|95/100|[from] Sandstorm\n|-heal|p1b: Archaludon|11/100|[from] item: Leftovers\n|upkeep\n|turn|6\n|inactive|Vgcproto has 30 seconds left.\n|\n|t:|1775982599\n|switch|p1b: Pelipper|Pelipper, L50, F|100/100\n|-weather|RainDance|[from] ability: Drizzle|[of] p1b: Pelipper\n|move|p2a: Rotom|Protect|p2a: Rotom\n|-singleturn|p2a: Rotom|Protect\n|move|p2b: Tyranitar|Protect|p2b: Tyranitar\n|-singleturn|p2b: Tyranitar|Protect\n|move|p1a: Sneasler|Fake Out|p2b: Tyranitar\n|-activate|p2b: Tyranitar|move: Protect\n|\n|-weather|RainDance|[upkeep]\n|upkeep\n|turn|7\n|inactive|tastyfloop has 30 seconds left.\n|\n|t:|1775982628\n|switch|p2b: Excadrill|Excadrill, L50, F|100/100\n|move|p1a: Sneasler|Close Combat|p2b: Excadrill\n|-supereffective|p2b: Excadrill|1\n|-enditem|p2b: Excadrill|Focus Sash\n|-damage|p2b: Excadrill|1/100\n|-unboost|p1a: Sneasler|def|1\n|-unboost|p1a: Sneasler|spd|1\n|-enditem|p1a: Sneasler|White Herb\n|-clearnegativeboost|p1a: Sneasler|[silent]\n|move|p2a: Rotom|Thunderbolt|p1b: Pelipper\n|-supereffective|p1b: Pelipper|2\n|-enditem|p1b: Pelipper|Focus Sash\n|-damage|p1b: Pelipper|1/100\n|move|p1b: Pelipper|Tailwind|p1b: Pelipper\n|-sidestart|p1: tastyfloop|move: Tailwind\n|\n|-weather|RainDance|[upkeep]\n|upkeep\n|turn|8\n|inactive|tastyfloop has 30 seconds left.\n|\n|t:|1775982655\n|switch|p2b: Tyranitar|Tyranitar-Mega, L50, M|4/100\n|-weather|Sandstorm|[from] ability: Sand Stream|[of] p2b: Tyranitar\n|move|p1a: Sneasler|Close Combat|p2a: Rotom\n|-damage|p2a: Rotom|33/100\n|-unboost|p1a: Sneasler|def|1\n|-unboost|p1a: Sneasler|spd|1\n|move|p1b: Pelipper|Hurricane|p2b: Tyranitar\n|-resisted|p2b: Tyranitar|1\n|-damage|p2b: Tyranitar|0 fnt\n|faint|p2b: Tyranitar\n|move|p2a: Rotom|Thunderbolt|p1a: Sneasler\n|-crit|p1a: Sneasler\n|-damage|p1a: Sneasler|0 fnt\n|faint|p1a: Sneasler\n|\n|-weather|Sandstorm|[upkeep]\n|-damage|p1b: Pelipper|0 fnt|[from] Sandstorm\n|-damage|p2a: Rotom|27/100|[from] Sandstorm\n|faint|p1b: Pelipper\n|upkeep\n|\n|t:|1775982675\n|switch|p1a: Archaludon|Archaludon, L50, M|11/100\n|switch|p1b: Basculegion|Basculegion, L50, M|24/100\n|switch|p2b: Excadrill|Excadrill, L50, F|1/100\n|turn|9\n|inactive|tastyfloop has 30 seconds left.\n|inactive|Vgcproto has 30 seconds left.\n|inactive|Vgcproto has 20 seconds left.\n|inactive|Vgcproto has 15 seconds left.\n|\n|t:|1775982716\n|move|p2b: Excadrill|Protect|p2b: Excadrill\n|-singleturn|p2b: Excadrill|Protect\n|move|p2a: Rotom|Protect|p2a: Rotom\n|-singleturn|p2a: Rotom|Protect\n|move|p1b: Basculegion|Aqua Jet|p2b: Excadrill\n|-activate|p2b: Excadrill|move: Protect\n|move|p1a: Archaludon|Draco Meteor|p2b: Excadrill\n|-activate|p2b: Excadrill|move: Protect\n|\n|-weather|Sandstorm|[upkeep]\n|-damage|p1b: Basculegion|18/100|[from] Sandstorm\n|-damage|p2a: Rotom|22/100|[from] Sandstorm\n|-heal|p1a: Archaludon|17/100|[from] item: Leftovers\n|upkeep\n|turn|10\n|inactive|Vgcproto has 30 seconds left.\n|inactive|Vgcproto has 20 seconds left.\n|inactive|Vgcproto has 15 seconds left.\n|inactive|Vgcproto has 10 seconds left.\n|\n|t:|1775982761\n|move|p2b: Excadrill|Protect|p2b: Excadrill\n|-singleturn|p2b: Excadrill|Protect\n|move|p1a: Archaludon|Protect|p1a: Archaludon\n|-singleturn|p1a: Archaludon|Protect\n|move|p1b: Basculegion|Aqua Jet|p2b: Excadrill\n|-activate|p2b: Excadrill|move: Protect\n|move|p2a: Rotom|Thunderbolt|p1b: Basculegion\n|-supereffective|p1b: Basculegion|1\n|-damage|p1b: Basculegion|0 fnt\n|faint|p1b: Basculegion\n|\n|-weather|Sandstorm|[upkeep]\n|-damage|p2a: Rotom|16/100|[from] Sandstorm\n|-heal|p1a: Archaludon|22/100|[from] item: Leftovers\n|-sideend|p1: tastyfloop|move: Tailwind\n|upkeep\n|turn|11\n|\n|t:|1775982782\n|move|p2b: Excadrill|High Horsepower|p1a: Archaludon\n|-supereffective|p1a: Archaludon|1\n|-damage|p1a: Archaludon|0 fnt\n|faint|p1a: Archaludon\n|\n|win|Vgcproto\n|raw|tastyfloop's rating: 1248 &rarr; <strong>1225</strong><br />(-23 for losing)\n|raw|Vgcproto's rating: 1279 &rarr; <strong>1302</strong><br />(+23 for winning)\n|c|\u2606tastyfloop|damn gg\n|c|\u2606Vgcproto|Gg\n|l|\u2606tastyfloop\n|player|p1|\n",
  "uploadtime": 1775982844,
  "views": 42,
  "formatid": "gen9championsvgc2026regma",
  "rating": 1225,
  "private": 0,
  "password": null
}