{
  "id": "gen9championsvgc2026regma-2581507443",
  "format": "[Gen 9 Champions] VGC 2026 Reg M-A",
  "players": [
    "Justdock",
    "DavidTIS"
  ],
  "log": "|j|\u2606Justdock\n|j|\u2606DavidTIS\n|t:|1776006725\n|gametype|doubles\n|player|p1|Justdock|170|1000\n|player|p2|DavidTIS|volkner|1055\n|gen|9\n|tier|[Gen 9 Champions] VGC 2026 Reg M-A\n|rated|\n|rule|Species Clause: Limit one of each Pok\u00e9mon\n|rule|Item Clause: Limit 1 of each item\n|clearpoke\n|poke|p1|Gengar, L50, M|\n|poke|p1|Scovillain, L50, M|\n|poke|p1|Sableye, L50, F|\n|poke|p1|Incineroar, L50, F|\n|poke|p1|Sneasler, L50, M|\n|poke|p1|Maushold-Four, L50|\n|poke|p2|Garganacl, L50, F|\n|poke|p2|Mimikyu, L50, M|\n|poke|p2|Chimecho, L50, F|\n|poke|p2|Avalugg, L50, F|\n|poke|p2|Slowbro, L50, F|\n|poke|p2|Lucario, L50, F|\n|teampreview|4\n|inactive|Battle timer is ON: inactive players will automatically lose when time's up. (requested by DavidTIS)\n|inactive|DavidTIS has 60 seconds left.\n|\n|t:|1776006765\n|teamsize|p1|4\n|teamsize|p2|4\n|start\n|switch|p1a: Scovillain|Scovillain, L50, M|100/100\n|switch|p1b: Maushold|Maushold-Four, L50|100/100\n|switch|p2a: Mimikyu|Mimikyu, L50, M|100/100\n|switch|p2b: Lucario|Lucario, L50, F|100/100\n|turn|1\n|\n|t:|1776006784\n|detailschange|p1a: Scovillain|Scovillain-Mega, L50, M\n|-mega|p1a: Scovillain|Scovillain|Scovillainite\n|move|p1a: Scovillain|Rage Powder|p1a: Scovillain\n|-singleturn|p1a: Scovillain|move: Rage Powder\n|move|p1b: Maushold|Tidy Up|p1b: Maushold\n|-boost|p1b: Maushold|atk|1\n|-boost|p1b: Maushold|spe|1\n|move|p2b: Lucario|Aura Sphere|p1a: Scovillain\n|-damage|p1a: Scovillain|56/100\n|-status|p2b: Lucario|brn|[from] ability: Spicy Spray|[of] p1a: Scovillain\n|move|p2a: Mimikyu|Play Rough|p1a: Scovillain\n|-resisted|p1a: Scovillain|1\n|-damage|p1a: Scovillain|39/100\n|-status|p2a: Mimikyu|brn|[from] ability: Spicy Spray|[of] p1a: Scovillain\n|\n|-damage|p2b: Lucario|94/100 brn|[from] brn\n|-damage|p2a: Mimikyu|94/100 brn|[from] brn\n|upkeep\n|turn|2\n|\n|t:|1776006807\n|move|p1b: Maushold|Protect|p1b: Maushold\n|-singleturn|p1b: Maushold|Protect\n|move|p2b: Lucario|Aura Sphere|p1b: Maushold\n|-activate|p1b: Maushold|move: Protect\n|move|p1a: Scovillain|Flamethrower|p2b: Lucario\n|-supereffective|p2b: Lucario|1\n|-damage|p2b: Lucario|0 fnt\n|faint|p2b: Lucario\n|move|p2a: Mimikyu|Trick Room|p2a: Mimikyu\n|-fieldstart|move: Trick Room|[of] p2a: Mimikyu\n|\n|-damage|p2a: Mimikyu|88/100 brn|[from] brn\n|upkeep\n|\n|t:|1776006821\n|switch|p2b: Garganacl|Garganacl, L50, F|100/100\n|turn|3\n|\n|t:|1776006842\n|move|p1a: Scovillain|Rage Powder|p1a: Scovillain\n|-singleturn|p1a: Scovillain|move: Rage Powder\n|move|p2b: Garganacl|Rock Slide|p1b: Maushold|[spread] p1a,p1b\n|-supereffective|p1a: Scovillain|1\n|-damage|p1a: Scovillain|0 fnt\n|-damage|p1b: Maushold|59/100\n|-status|p2b: Garganacl|brn|[from] ability: Spicy Spray|[of] p1a: Scovillain\n|faint|p1a: Scovillain\n|move|p2a: Mimikyu|Play Rough|p1b: Maushold\n|-damage|p1b: Maushold|25/100\n|-unboost|p1b: Maushold|atk|1\n|move|p1b: Maushold|Crunch|p2a: Mimikyu\n|-activate|p2a: Mimikyu|ability: Disguise\n|-damage|p2a: Mimikyu|88/100 brn\n|-unboost|p2a: Mimikyu|def|1\n|detailschange|p2a: Mimikyu|Mimikyu-Busted, L50, M\n|-damage|p2a: Mimikyu|76/100 brn|[from] pokemon: Mimikyu-Busted\n|\n|-damage|p2b: Garganacl|95/100 brn|[from] brn\n|-damage|p2a: Mimikyu|70/100 brn|[from] brn\n|upkeep\n|\n|t:|1776006859\n|switch|p1a: Sneasler|Sneasler, L50, M|100/100\n|turn|4\n|inactive|DavidTIS has 30 seconds left.\n|inactive|Justdock has 30 seconds left.\n|\n|t:|1776006892\n|switch|p1b: Sableye|Sableye, L50, F|100/100\n|move|p2b: Garganacl|Body Press|p1b: Sableye\n|-immune|p1b: Sableye\n|move|p2a: Mimikyu|Shadow Claw|p1a: Sneasler\n|-crit|p1a: Sneasler\n|-damage|p1a: Sneasler|66/100\n|move|p1a: Sneasler|Dire Claw|p2a: Mimikyu\n|-damage|p2a: Mimikyu|0 fnt\n|faint|p2a: Mimikyu\n|\n|-damage|p2b: Garganacl|89/100 brn|[from] brn\n|upkeep\n|\n|t:|1776006903\n|switch|p2a: Slowbro|Slowbro, L50, F|100/100\n|turn|5\n|\n|t:|1776006915\n|move|p1b: Sableye|Gravity|p1b: Sableye\n|-fieldstart|move: Gravity\n|move|p2a: Slowbro|Psychic|p1a: Sneasler\n|-supereffective|p1a: Sneasler|2\n|-damage|p1a: Sneasler|0 fnt\n|faint|p1a: Sneasler\n|move|p2b: Garganacl|Rock Slide|p1b: Sableye\n|-damage|p1b: Sableye|81/100\n|\n|-damage|p2b: Garganacl|83/100 brn|[from] brn\n|upkeep\n|\n|t:|1776006920\n|switch|p1a: Maushold|Maushold-Four, L50|25/100\n|turn|6\n|\n|t:|1776006936\n|move|p1a: Maushold|Protect|p1a: Maushold\n|-singleturn|p1a: Maushold|Protect\n|move|p2a: Slowbro|Psychic|p1a: Maushold\n|-activate|p1a: Maushold|move: Protect\n|move|p1b: Sableye|Night Shade|p2a: Slowbro\n|-damage|p2a: Slowbro|76/100\n|move|p2b: Garganacl|Avalanche|p1b: Sableye\n|-damage|p1b: Sableye|71/100\n|\n|-heal|p2a: Slowbro|82/100|[from] item: Leftovers\n|-damage|p2b: Garganacl|78/100 brn|[from] brn\n|-fieldend|move: Trick Room\n|upkeep\n|turn|7\n|-activate|p2b: Garganacl|item: Quick Claw\n|\n|t:|1776006955\n|move|p2b: Garganacl|Rock Slide|p1a: Maushold|[spread] p1a,p1b\n|-damage|p1a: Maushold|5/100\n|-damage|p1b: Sableye|56/100\n|move|p1a: Maushold|Population Bomb|p2a: Slowbro\n|-damage|p2a: Slowbro|73/100\n|-damage|p2a: Slowbro|64/100\n|-damage|p2a: Slowbro|55/100\n|-damage|p2a: Slowbro|46/100\n|-damage|p2a: Slowbro|37/100\n|-damage|p2a: Slowbro|26/100\n|-damage|p2a: Slowbro|17/100\n|-damage|p2a: Slowbro|8/100\n|-damage|p2a: Slowbro|0 fnt\n|faint|p2a: Slowbro\n|-hitcount|p2: Slowbro|9\n|move|p1b: Sableye|Night Shade|p2b: Garganacl\n|-damage|p2b: Garganacl|49/100 brn\n|\n|-damage|p2b: Garganacl|43/100 brn|[from] brn\n|upkeep\n|turn|8\n|\n|t:|1776006976\n|move|p1a: Maushold|Protect|p1a: Maushold\n|-singleturn|p1a: Maushold|Protect\n|move|p1b: Sableye|Night Shade|p2b: Garganacl\n|-damage|p2b: Garganacl|15/100 brn\n|move|p2b: Garganacl|Rock Slide|p1a: Maushold|[spread] p1b\n|-activate|p1a: Maushold|move: Protect\n|-damage|p1b: Sableye|41/100\n|\n|-damage|p2b: Garganacl|9/100 brn|[from] brn\n|upkeep\n|turn|9\n|\n|t:|1776006988\n|move|p1b: Sableye|Protect|p1b: Sableye\n|-singleturn|p1b: Sableye|Protect\n|move|p1a: Maushold|Population Bomb|p2b: Garganacl\n|-resisted|p2b: Garganacl|1\n|-damage|p2b: Garganacl|6/100 brn\n|-resisted|p2b: Garganacl|1\n|-damage|p2b: Garganacl|2/100 brn\n|-resisted|p2b: Garganacl|1\n|-damage|p2b: Garganacl|0 fnt\n|faint|p2b: Garganacl\n|-hitcount|p2: Garganacl|3\n|\n|win|Justdock\n|raw|Justdock's rating: 1000 &rarr; <strong>1046</strong><br />(+46 for winning)\n|raw|DavidTIS's rating: 1055 &rarr; <strong>1034</strong><br />(-21 for losing)\n",
  "uploadtime": 1776006991,
  "views": 22,
  "formatid": "gen9championsvgc2026regma",
  "rating": 1034,
  "private": 0,
  "password": null
}