{
  "id": "gen9championsvgc2026regma-2588429728",
  "format": "[Gen 9 Champions] VGC 2026 Reg M-A",
  "players": [
    "trashbros",
    "MoreOrLess789"
  ],
  "log": "|j|\u2606trashbros\n|j|\u2606MoreOrLess789\n|t:|1776632805\n|gametype|doubles\n|player|p1|trashbros|rood|1290\n|player|p2|MoreOrLess789|cynthia|1333\n|gen|9\n|tier|[Gen 9 Champions] VGC 2026 Reg M-A\n|rated|\n|rule|Species Clause: Limit one of each Pok\u00e9mon\n|rule|Item Clause: Limit 1 of each item\n|clearpoke\n|poke|p1|Meganium, L50, M|\n|poke|p1|Pelipper, L50, M|\n|poke|p1|Archaludon, L50, F, shiny|\n|poke|p1|Incineroar, L50, M|\n|poke|p1|Basculegion, L50, M|\n|poke|p1|Aerodactyl, L50, M|\n|poke|p2|Meganium, L50, M|\n|poke|p2|Pelipper, L50, M|\n|poke|p2|Archaludon, L50, M|\n|poke|p2|Klefki, L50, F, shiny|\n|poke|p2|Politoed, L50, F|\n|poke|p2|Aerodactyl, L50, M|\n|teampreview|4\n|inactive|Battle timer is ON: inactive players will automatically lose when time's up. (requested by MoreOrLess789)\n|\n|t:|1776632828\n|teamsize|p1|4\n|teamsize|p2|4\n|start\n|switch|p1a: Archaludon|Archaludon, L50, F, shiny|100/100\n|switch|p1b: Aerodactyl|Aerodactyl, L50, M|100/100\n|switch|p2a: Old Guy|Aerodactyl, L50, M|100/100\n|switch|p2b: Merlin|Meganium, L50, M|100/100\n|-ability|p2a: Old Guy|Unnerve\n|-ability|p1b: Aerodactyl|Unnerve\n|turn|1\n|\n|t:|1776632850\n|detailschange|p2b: Merlin|Meganium-Mega, L50, M\n|-mega|p2b: Merlin|Meganium|Meganiumite\n|move|p2a: Old Guy|Tailwind|p2a: Old Guy\n|-sidestart|p2: MoreOrLess789|move: Tailwind\n|move|p2b: Merlin|Weather Ball|p1a: Archaludon\n|-damage|p1a: Archaludon|31/100\n|-ability|p1a: Archaludon|Stamina|boost\n|-boost|p1a: Archaludon|def|1\n|move|p1b: Aerodactyl|Taunt|p2a: Old Guy\n|-start|p2a: Old Guy|move: Taunt\n|move|p1a: Archaludon|Flash Cannon|p2b: Merlin\n|-supereffective|p2b: Merlin|1\n|-damage|p2b: Merlin|8/100\n|\n|-heal|p1a: Archaludon|37/100|[from] item: Leftovers\n|upkeep\n|turn|2\n|\n|t:|1776632872\n|move|p2a: Old Guy|Rock Slide|p1b: Aerodactyl|[spread] p1a,p1b\n|-resisted|p1a: Archaludon|1\n|-supereffective|p1b: Aerodactyl|1\n|-damage|p1a: Archaludon|30/100\n|-damage|p1b: Aerodactyl|22/100\n|-ability|p1a: Archaludon|Stamina|boost\n|-boost|p1a: Archaludon|def|1\n|move|p2b: Merlin|Dazzling Gleam|p1a: Archaludon|[spread] p1a,p1b\n|-damage|p1a: Archaludon|0 fnt\n|-damage|p1b: Aerodactyl|0 fnt\n|faint|p1a: Archaludon\n|faint|p1b: Aerodactyl\n|\n|upkeep\n|\n|t:|1776632880\n|switch|p1b: Basculegion|Basculegion, L50, M|100/100\n|switch|p1a: Meganium|Meganium, L50, M|100/100\n|turn|3\n|\n|t:|1776632893\n|detailschange|p1a: Meganium|Meganium-Mega, L50, M\n|-mega|p1a: Meganium|Meganium|Meganiumite\n|move|p2b: Merlin|Protect|p2b: Merlin\n|-singleturn|p2b: Merlin|Protect\n|move|p1a: Meganium|Protect|p1a: Meganium\n|-singleturn|p1a: Meganium|Protect\n|move|p1b: Basculegion|Aqua Jet|p2b: Merlin\n|-activate|p2b: Merlin|move: Protect\n|move|p2a: Old Guy|Dual Wingbeat|p1a: Meganium\n|-activate|p1a: Meganium|move: Protect\n|\n|upkeep\n|turn|4\n|\n|t:|1776632909\n|move|p1a: Meganium|Protect|p1a: Meganium\n|-singleturn|p1a: Meganium|Protect\n|move|p1b: Basculegion|Aqua Jet|p2b: Merlin\n|-resisted|p2b: Merlin|1\n|-damage|p2b: Merlin|0 fnt\n|faint|p2b: Merlin\n|move|p2a: Old Guy|Dual Wingbeat|p1a: Meganium\n|-activate|p1a: Meganium|move: Protect\n|\n|-end|p2a: Old Guy|move: Taunt\n|-sideend|p2: MoreOrLess789|move: Tailwind\n|upkeep\n|\n|t:|1776632918\n|switch|p2b: Big|Pelipper, L50, M|100/100\n|-weather|RainDance|[from] ability: Drizzle|[of] p2b: Big\n|turn|5\n|\n|t:|1776632935\n|move|p1b: Basculegion|Wave Crash|p2a: Old Guy\n|-supereffective|p2a: Old Guy|1\n|-damage|p2a: Old Guy|0 fnt\n|faint|p2a: Old Guy\n|-damage|p1b: Basculegion|74/100|[from] Recoil\n|move|p2b: Big|Hurricane|p1a: Meganium\n|-supereffective|p1a: Meganium|1\n|-damage|p1a: Meganium|17/100\n|move|p1a: Meganium|Solar Beam||[still]\n|-prepare|p1a: Meganium|Solar Beam\n|-activate|p1a: Meganium|ability: Mega Sol\n|-anim|p1a: Meganium|Solar Beam|p2b: Big\n|-enditem|p2b: Big|Focus Sash\n|-damage|p2b: Big|1/100\n|\n|-weather|RainDance|[upkeep]\n|upkeep\n|\n|t:|1776632943\n|switch|p2a: Bridge Guy|Archaludon, L50, M|100/100\n|turn|6\n|\n|t:|1776632960\n|move|p1b: Basculegion|Protect|p1b: Basculegion\n|-singleturn|p1b: Basculegion|Protect\n|move|p2b: Big|Protect|p2b: Big\n|-singleturn|p2b: Big|Protect\n|move|p2a: Bridge Guy|Electro Shot||[still]\n|-prepare|p2a: Bridge Guy|Electro Shot\n|-boost|p2a: Bridge Guy|spa|1\n|-anim|p2a: Bridge Guy|Electro Shot|p1b: Basculegion\n|-activate|p1b: Basculegion|move: Protect\n|move|p1a: Meganium|Earth Power|p2a: Bridge Guy\n|-supereffective|p2a: Bridge Guy|1\n|-damage|p2a: Bridge Guy|6/100\n|-ability|p2a: Bridge Guy|Stamina|boost\n|-boost|p2a: Bridge Guy|def|1\n|\n|-weather|RainDance|[upkeep]\n|upkeep\n|turn|7\n|-message|MoreOrLess789 forfeited.\n|\n|win|trashbros\n|raw|trashbros's rating: 1290 &rarr; <strong>1318</strong><br />(+28 for winning)\n|raw|MoreOrLess789's rating: 1333 &rarr; <strong>1311</strong><br />(-22 for losing)\n|l|\u2606MoreOrLess789\n|player|p2|\n",
  "uploadtime": 1776632981,
  "views": 23,
  "formatid": "gen9championsvgc2026regma",
  "rating": 1311,
  "private": 0,
  "password": null
}