{
  "id": "gen9championsvgc2026regma-2585220345",
  "format": "[Gen 9 Champions] VGC 2026 Reg M-A",
  "players": [
    "no_zoroark",
    "Munchlaxxxed"
  ],
  "log": "|j|\u2606no_zoroark\n|j|\u2606Munchlaxxxed\n|t:|1776326545\n|gametype|doubles\n|player|p1|no_zoroark|2|1167\n|player|p2|Munchlaxxxed|170|1217\n|gen|9\n|tier|[Gen 9 Champions] VGC 2026 Reg M-A\n|rated|\n|rule|Species Clause: Limit one of each Pok\u00e9mon\n|rule|Item Clause: Limit 1 of each item\n|clearpoke\n|poke|p1|Glimmora, L50, M|\n|poke|p1|Tyranitar, L50, M|\n|poke|p1|Mamoswine, L50, F|\n|poke|p1|Corviknight, L50, M|\n|poke|p1|Zoroark-Hisui, L50, M|\n|poke|p1|Umbreon, L50, M|\n|poke|p2|Aerodactyl, L50, F|\n|poke|p2|Charizard, L50, F|\n|poke|p2|Venusaur, L50, M|\n|poke|p2|Aegislash, L50, M|\n|poke|p2|Sneasler, L50, M|\n|poke|p2|Milotic, L50, F|\n|teampreview|4\n|\n|t:|1776326569\n|teamsize|p1|4\n|teamsize|p2|4\n|start\n|switch|p1a: Mamoswine|Mamoswine, L50, F|100/100\n|switch|p1b: Glimmora|Glimmora, L50, M, shiny|100/100\n|switch|p2a: Aegislash|Aegislash, L50, M|100/100\n|switch|p2b: Charizard|Charizard, L50, F|100/100\n|turn|1\n|\n|t:|1776326599\n|move|p2b: Charizard|Protect|p2b: Charizard\n|-singleturn|p2b: Charizard|Protect\n|move|p1a: Mamoswine|Protect|p1a: Mamoswine\n|-singleturn|p1a: Mamoswine|Protect\n|move|p1b: Glimmora|Shadow Ball|p2a: Aegislash\n|-supereffective|p2a: Aegislash|1\n|-damage|p2a: Aegislash|25/100\n|-formechange|p2a: Aegislash|Aegislash-Blade|\n|move|p2a: Aegislash|Iron Head|p1a: Mamoswine\n|-activate|p1a: Mamoswine|move: Protect\n|\n|upkeep\n|turn|2\n|\n|t:|1776326643\n|switch|p2b: Aerodactyl|Aerodactyl, L50, F|100/100\n|switch|p1a: Tyranitar|Tyranitar, L50, M|100/100\n|-weather|Sandstorm|[from] ability: Sand Stream|[of] p1a: Tyranitar\n|move|p1b: Glimmora|Protect|p1b: Glimmora\n|-singleturn|p1b: Glimmora|Protect\n|move|p2a: Aegislash|Shadow Sneak|p1b: Glimmora\n|-activate|p1b: Glimmora|move: Protect\n|\n|-weather|Sandstorm|[upkeep]\n|-damage|p1b: Glimmora|94/100|[from] Sandstorm\n|upkeep\n|turn|3\n|\n|t:|1776326660\n|-formechange|p2a: Aegislash|Aegislash|\n|move|p2a: Aegislash|King's Shield|p2a: Aegislash\n|-singleturn|p2a: Aegislash|Protect\n|move|p1b: Glimmora|Shadow Sneak|p2a: Aegislash\n|-activate|p2a: Aegislash|move: Protect\n|-unboost|p1b: Glimmora|atk|1\n|move|p2b: Aerodactyl|Tailwind|p2b: Aerodactyl\n|-sidestart|p2: Munchlaxxxed|move: Tailwind\n|move|p1a: Tyranitar|Rock Slide|p2a: Aegislash|[spread] p2b\n|-activate|p2a: Aegislash|move: Protect\n|-supereffective|p2b: Aerodactyl|1\n|-damage|p2b: Aerodactyl|4/100\n|\n|-weather|Sandstorm|[upkeep]\n|-damage|p1b: Glimmora|88/100|[from] Sandstorm\n|upkeep\n|turn|4\n|\n|t:|1776326686\n|move|p1b: Glimmora|Protect|p1b: Glimmora\n|-singleturn|p1b: Glimmora|Protect\n|move|p2b: Aerodactyl|Rock Slide|p1b: Glimmora|[spread] p1a\n|-activate|p1b: Glimmora|move: Protect\n|-damage|p1a: Tyranitar|73/100\n|-formechange|p2a: Aegislash|Aegislash-Blade|\n|move|p2a: Aegislash|Iron Head|p1b: Glimmora\n|-activate|p1b: Glimmora|move: Protect\n|cant|p1a: Tyranitar|flinch\n|\n|-weather|Sandstorm|[upkeep]\n|-damage|p1b: Glimmora|82/100|[from] Sandstorm\n|upkeep\n|turn|5\n|\n|t:|1776326716\n|move|p2b: Aerodactyl|Wide Guard|p2b: Aerodactyl\n|-singleturn|p2b: Aerodactyl|Wide Guard\n|move|p1b: Glimmora|Shadow Sneak|p2b: Aerodactyl\n|-damage|p2b: Aerodactyl|0 fnt\n|faint|p2b: Aerodactyl\n|move|p2a: Aegislash|Iron Head|p1b: Glimmora\n|-damage|p1b: Glimmora|0 fnt\n|replace|p1b: Zoroark|Zoroark-Hisui, L50, M, shiny\n|-end|p1b: Zoroark|Illusion\n|faint|p1b: Zoroark\n|move|p1a: Tyranitar|Rock Slide|p2a: Aegislash\n|-activate|p2a: Aegislash|move: Wide Guard\n|\n|-weather|Sandstorm|[upkeep]\n|upkeep\n|\n|t:|1776326729\n|switch|p2b: Sneasler|Sneasler, L50, M|100/100\n|switch|p1b: Glimmora|Glimmora, L50, M, shiny|100/100\n|turn|6\n|\n|t:|1776326752\n|detailschange|p1b: Glimmora|Glimmora-Mega, L50, M, shiny\n|-mega|p1b: Glimmora|Glimmora|Glimmoranite\n|move|p2b: Sneasler|Close Combat|p1a: Tyranitar\n|-supereffective|p1a: Tyranitar|2\n|-damage|p1a: Tyranitar|0 fnt\n|-unboost|p2b: Sneasler|def|1\n|-unboost|p2b: Sneasler|spd|1\n|faint|p1a: Tyranitar\n|-enditem|p2b: Sneasler|White Herb\n|-clearnegativeboost|p2b: Sneasler|[silent]\n|move|p2a: Aegislash|Iron Head|p1b: Glimmora\n|-supereffective|p1b: Glimmora|1\n|-damage|p1b: Glimmora|0 fnt\n|faint|p1b: Glimmora\n|\n|-weather|none\n|-sideend|p2: Munchlaxxxed|move: Tailwind\n|upkeep\n|-message|no_zoroark forfeited.\n|\n|win|Munchlaxxxed\n|raw|no_zoroark's rating: 1167 &rarr; <strong>1146</strong><br />(-21 for losing)\n|raw|Munchlaxxxed's rating: 1217 &rarr; <strong>1238</strong><br />(+21 for winning)\n",
  "uploadtime": 1776326765,
  "views": 17,
  "formatid": "gen9championsvgc2026regma",
  "rating": 1146,
  "private": 0,
  "password": null
}