{
  "id": "gen9championsvgc2026regma-2585369583",
  "format": "[Gen 9 Champions] VGC 2026 Reg M-A",
  "players": [
    "TheWonderfulGirl",
    "TwoAmoeba"
  ],
  "log": "|j|\u2606TheWonderfulGirl\n|j|\u2606TwoAmoeba\n|t:|1776342034\n|gametype|doubles\n|player|p1|TheWonderfulGirl|pokekid|1125\n|player|p2|TwoAmoeba|riley|1210\n|gen|9\n|tier|[Gen 9 Champions] VGC 2026 Reg M-A\n|rated|\n|rule|Species Clause: Limit one of each Pok\u00e9mon\n|rule|Item Clause: Limit 1 of each item\n|clearpoke\n|poke|p1|Froslass, L50, F|\n|poke|p1|Garchomp, L50, M|\n|poke|p1|Rotom-Frost, L50|\n|poke|p1|Empoleon, L50, F|\n|poke|p1|Incineroar, L50, M|\n|poke|p1|Kingambit, L50, M|\n|poke|p2|Starmie, L50|\n|poke|p2|Pelipper, L50, F|\n|poke|p2|Glimmora, L50, F|\n|poke|p2|Sableye, L50, F|\n|poke|p2|Archaludon, L50, M|\n|poke|p2|Kingambit, L50, F|\n|teampreview|4\n|inactive|Battle timer is ON: inactive players will automatically lose when time's up. (requested by TheWonderfulGirl)\nTwoAmoeba rejected open team sheets.\n|inactive|TheWonderfulGirl has 60 seconds left.\n|\n|t:|1776342083\n|teamsize|p1|4\n|teamsize|p2|4\n|start\n|switch|p1a: Kingambit|Kingambit, L50, M|100/100\n|switch|p1b: Incineroar|Incineroar, L50, M|100/100\n|switch|p2a: Sableye|Sableye, L50, F|100/100\n|switch|p2b: Starmie|Starmie, L50, shiny|100/100\n|-ability|p1b: Incineroar|Intimidate|boost\n|-unboost|p2a: Sableye|atk|1\n|-unboost|p2b: Starmie|atk|1\n|turn|1\n|inactive|TheWonderfulGirl has 30 seconds left.\n|inactive|TheWonderfulGirl has 20 seconds left.\n|inactive|TwoAmoeba has 30 seconds left.\n|\n|t:|1776342119\n|switch|p1a: Rotom|Rotom-Frost, L50|100/100\n|move|p2b: Starmie|Protect|p2b: Starmie\n|-singleturn|p2b: Starmie|Protect\n|move|p1b: Incineroar|Fake Out|p2b: Starmie\n|-activate|p2b: Starmie|move: Protect\n|move|p2a: Sableye|Rain Dance|p2a: Sableye\n|-weather|RainDance\n|\n|-weather|RainDance|[upkeep]\n|upkeep\n|turn|2\n|inactive|TheWonderfulGirl has 30 seconds left.\n|inactive|TheWonderfulGirl has 20 seconds left.\n|\n|t:|1776342158\n|detailschange|p2b: Starmie|Starmie-Mega, L50, shiny\n|-mega|p2b: Starmie|Starmie|Starminite\n|move|p2a: Sableye|Feint|p1a: Rotom\n|-damage|p1a: Rotom|95/100\n|move|p1a: Rotom|Volt Switch|p2b: Starmie\n|-supereffective|p2b: Starmie|1\n|-damage|p2b: Starmie|25/100\n|\n|t:|1776342168\n|switch|p1a: Kingambit|Kingambit, L50, M|100/100|[from] Volt Switch\n|move|p2b: Starmie|Liquidation|p1b: Incineroar\n|-supereffective|p1b: Incineroar|1\n|-crit|p1b: Incineroar\n|-damage|p1b: Incineroar|0 fnt\n|faint|p1b: Incineroar\n|\n|-weather|RainDance|[upkeep]\n|upkeep\n|\n|t:|1776342178\n|switch|p1b: Rotom|Rotom-Frost, L50|95/100\n|turn|3\n|\n|t:|1776342197\n|switch|p2a: Kingambit|Kingambit, L50, F|100/100\n|move|p2b: Starmie|Protect|p2b: Starmie\n|-singleturn|p2b: Starmie|Protect\n|move|p1a: Kingambit|Sucker Punch||[still]\n|-fail|p1a: Kingambit\n|move|p1b: Rotom|Volt Switch|p2b: Starmie\n|-activate|p2b: Starmie|move: Protect\n|\n|-weather|RainDance|[upkeep]\n|upkeep\n|turn|4\n|\n|t:|1776342216\n|move|p2b: Starmie|Aqua Jet|p1b: Rotom\n|-damage|p1b: Rotom|48/100\n|move|p2a: Kingambit|Sucker Punch|p1b: Rotom\n|-damage|p1b: Rotom|0 fnt\n|faint|p1b: Rotom\n|move|p1a: Kingambit|Low Kick|p2a: Kingambit\n|-supereffective|p2a: Kingambit|2\n|-damage|p2a: Kingambit|0 fnt\n|faint|p2a: Kingambit\n|\n|-weather|RainDance|[upkeep]\n|upkeep\n|\n|t:|1776342228\n|switch|p1b: Garchomp|Garchomp, L50, M|100/100\n|switch|p2a: Sableye|Sableye, L50, F|100/100\n|turn|5\n|\n|t:|1776342243\n|move|p2a: Sableye|Fake Out|p1b: Garchomp\n|-damage|p1b: Garchomp|92/100\n|-damage|p2a: Sableye|88/100|[from] ability: Rough Skin|[of] p1b: Garchomp\n|move|p2b: Starmie|Aqua Jet|p1b: Garchomp\n|-damage|p1b: Garchomp|55/100\n|-damage|p2b: Starmie|13/100|[from] ability: Rough Skin|[of] p1b: Garchomp\n|move|p1a: Kingambit|Sucker Punch||[still]\n|-fail|p1a: Kingambit\n|cant|p1b: Garchomp|flinch\n|\n|-weather|none\n|upkeep\n|turn|6\n|inactive|TheWonderfulGirl has 30 seconds left.\n|inactive|TheWonderfulGirl has 20 seconds left.\n|\n|t:|1776342278\n|move|p1a: Kingambit|Protect|p1a: Kingambit\n|-singleturn|p1a: Kingambit|Protect\n|move|p2b: Starmie|Aqua Jet|p1b: Garchomp\n|-damage|p1b: Garchomp|30/100\n|-damage|p2b: Starmie|1/100|[from] ability: Rough Skin|[of] p1b: Garchomp\n|move|p2a: Sableye|Rain Dance|p2a: Sableye\n|-weather|RainDance\n|move|p1b: Garchomp|Earthquake|p2b: Starmie|[spread] p2a,p2b\n|-activate|p1a: Kingambit|move: Protect\n|-crit|p2a: Sableye\n|-damage|p2a: Sableye|10/100\n|-damage|p2b: Starmie|0 fnt\n|faint|p2b: Starmie\n|\n|-weather|RainDance|[upkeep]\n|upkeep\n|\n|t:|1776342290\n|switch|p2b: Pelipper|Pelipper, L50, F|100/100\n|turn|7\n|inactive|TheWonderfulGirl has 30 seconds left.\n|\n|t:|1776342316\n|move|p2a: Sableye|Feint|p1b: Garchomp\n|-damage|p1b: Garchomp|24/100\n|move|p1b: Garchomp|Rock Slide|p2a: Sableye|[spread] p2a,p2b\n|-supereffective|p2b: Pelipper|1\n|-crit|p2b: Pelipper\n|-damage|p2a: Sableye|0 fnt\n|-damage|p2b: Pelipper|26/100\n|faint|p2a: Sableye\n|move|p2b: Pelipper|Tailwind|p2b: Pelipper\n|-sidestart|p2: TwoAmoeba|move: Tailwind\n|move|p1a: Kingambit|Iron Head|p2b: Pelipper\n|-resisted|p2b: Pelipper|1\n|-damage|p2b: Pelipper|0 fnt\n|faint|p2b: Pelipper\n|\n|win|TheWonderfulGirl\n|raw|TheWonderfulGirl's rating: 1125 &rarr; <strong>1156</strong><br />(+31 for winning)\n|raw|TwoAmoeba's rating: 1210 &rarr; <strong>1179</strong><br />(-31 for losing)\n|l|\u2606TwoAmoeba\n|player|p2|\n|l|\u2606TheWonderfulGirl\n|player|p1|\n|j|\u2606TheWonderfulGirl\n|player|p1|TheWonderfulGirl|pokekid|\n",
  "uploadtime": 1776342348,
  "views": 20,
  "formatid": "gen9championsvgc2026regma",
  "rating": 1156,
  "private": 0,
  "password": null
}