{
  "id": "gen9championsvgc2026regma-2581495739",
  "format": "[Gen 9 Champions] VGC 2026 Reg M-A",
  "players": [
    "heroisemcalssa",
    "Apex Vanquisher"
  ],
  "log": "|j|\u2606heroisemcalssa\n|j|\u2606Apex Vanquisher\n|t:|1776005735\n|gametype|doubles\n|player|p1|heroisemcalssa|swimmer|1043\n|player|p2|Apex Vanquisher|red|1000\n|gen|9\n|tier|[Gen 9 Champions] VGC 2026 Reg M-A\n|rated|\n|rule|Species Clause: Limit one of each Pok\u00e9mon\n|rule|Item Clause: Limit 1 of each item\n|clearpoke\n|poke|p1|Golurk, L50|\n|poke|p1|Farigiraf, L50, M|\n|poke|p1|Sinistcha, L50|\n|poke|p1|Torkoal, L50, M|\n|poke|p1|Drampa, L50, F|\n|poke|p1|Aegislash, L50, F|\n|poke|p2|Archaludon, L50, M|\n|poke|p2|Sinistcha, L50|\n|poke|p2|Basculegion, L50, M|\n|poke|p2|Incineroar, L50, F|\n|poke|p2|Gardevoir, L50, M|\n|poke|p2|Pelipper, L50, M|\n|teampreview|4\nApex Vanquisher has agreed to open team sheets.\n|\n|t:|1776005797\n|teamsize|p1|4\n|teamsize|p2|4\n|start\n|switch|p1a: Farigiraf|Farigiraf, L50, M|100/100\n|switch|p1b: Golurk|Golurk, L50|100/100\n|switch|p2a: Basculegion|Basculegion, L50, M, shiny|100/100\n|switch|p2b: Gardevoir|Gardevoir, L50, M|100/100\n|-ability|p2b: Gardevoir|Iron Fist|Trace|[from] ability: Trace|[of] p1b: Golurk\n|turn|1\n|\n|t:|1776005831\n|detailschange|p1b: Golurk|Golurk-Mega, L50\n|-mega|p1b: Golurk|Golurk|Golurkite\n|move|p1b: Golurk|Protect|p1b: Golurk\n|-singleturn|p1b: Golurk|Protect\n|move|p2a: Basculegion|Last Respects|p1b: Golurk\n|-activate|p1b: Golurk|move: Protect\n|move|p2b: Gardevoir|Calm Mind|p2b: Gardevoir\n|-boost|p2b: Gardevoir|spa|1\n|-boost|p2b: Gardevoir|spd|1\n|move|p1a: Farigiraf|Trick Room|p1a: Farigiraf\n|-fieldstart|move: Trick Room|[of] p1a: Farigiraf\n|\n|upkeep\n|turn|2\n|\n|t:|1776005884\n|switch|p2a: Pelipper|Pelipper, L50, M|100/100\n|-weather|RainDance|[from] ability: Drizzle|[of] p2a: Pelipper\n|move|p1a: Farigiraf|Helping Hand|p1b: Golurk\n|-singleturn|p1b: Golurk|Helping Hand|[of] p1a: Farigiraf\n|move|p1b: Golurk|Headlong Rush|p2a: Pelipper\n|-immune|p2a: Pelipper\n|move|p2b: Gardevoir|Psychic|p1b: Golurk\n|-damage|p1b: Golurk|40/100\n|\n|-weather|RainDance|[upkeep]\n|upkeep\n|turn|3\n|\n|t:|1776005910\n|switch|p1a: Sinistcha|Sinistcha, L50|100/100\n|-heal|p1b: Golurk|65/100|[from] ability: Hospitality|[of] p1a: Sinistcha\n|move|p1b: Golurk|Protect|p1b: Golurk\n|-singleturn|p1b: Golurk|Protect\n|move|p2b: Gardevoir|Protect|p2b: Gardevoir\n|-singleturn|p2b: Gardevoir|Protect\n|move|p2a: Pelipper|Weather Ball|p1b: Golurk\n|-activate|p1b: Golurk|move: Protect\n|\n|-weather|RainDance|[upkeep]\n|upkeep\n|turn|4\n|\n|t:|1776005943\n|switch|p2b: Archaludon|Archaludon, L50, M|100/100\n|move|p1b: Golurk|Headlong Rush|p2b: Archaludon\n|-supereffective|p2b: Archaludon|1\n|-damage|p2b: Archaludon|0 fnt\n|-unboost|p1b: Golurk|def|1\n|-unboost|p1b: Golurk|spd|1\n|faint|p2b: Archaludon\n|move|p1a: Sinistcha|Matcha Gotcha|p2a: Pelipper\n|-crit|p2a: Pelipper\n|-damage|p2a: Pelipper|23/100\n|move|p2a: Pelipper|Weather Ball|p1b: Golurk\n|-supereffective|p1b: Golurk|1\n|-damage|p1b: Golurk|0 fnt\n|faint|p1b: Golurk\n|\n|-weather|RainDance|[upkeep]\n|upkeep\n|\n|t:|1776005965\n|switch|p1b: Aegislash|Aegislash, L50, F|100/100\n|switch|p2b: Gardevoir|Gardevoir, L50, M|100/100\n|-ability|p2b: Gardevoir|Hospitality|Trace|[from] ability: Trace|[of] p1a: Sinistcha\n|-heal|p2a: Pelipper|48/100|[from] ability: Hospitality|[of] p2b: Gardevoir\n|turn|5\n|\n|t:|1776005995\n|switch|p1a: Farigiraf|Farigiraf, L50, M|100/100\n|move|p2b: Gardevoir|Protect|p2b: Gardevoir\n|-singleturn|p2b: Gardevoir|Protect\n|move|p2a: Pelipper|Protect|p2a: Pelipper\n|-singleturn|p2a: Pelipper|Protect\n|-formechange|p1b: Aegislash|Aegislash-Blade|\n|move|p1b: Aegislash|Iron Head|p2b: Gardevoir\n|-activate|p2b: Gardevoir|move: Protect\n|\n|-weather|RainDance|[upkeep]\n|-fieldend|move: Trick Room\n|upkeep\n|turn|6\n|\n|t:|1776006034\n|detailschange|p2b: Gardevoir|Gardevoir-Mega, L50, M\n|-mega|p2b: Gardevoir|Gardevoir|Gardevoirite\n|-formechange|p1b: Aegislash|Aegislash|\n|move|p1b: Aegislash|King's Shield|p1b: Aegislash\n|-singleturn|p1b: Aegislash|Protect\n|move|p2a: Pelipper|Weather Ball|p1a: Farigiraf\n|-damage|p1a: Farigiraf|54/100\n|move|p2b: Gardevoir|Hyper Voice|p1b: Aegislash|[spread] p1a\n|-activate|p1b: Aegislash|move: Protect\n|-damage|p1a: Farigiraf|14/100\n|-enditem|p1a: Farigiraf|Sitrus Berry|[eat]\n|-heal|p1a: Farigiraf|39/100|[from] item: Sitrus Berry\n|move|p1a: Farigiraf|Trick Room|p1a: Farigiraf\n|-fieldstart|move: Trick Room|[of] p1a: Farigiraf\n|\n|-weather|none\n|upkeep\n|turn|7\n|\n|t:|1776006065\n|switch|p2a: Basculegion|Basculegion, L50, M, shiny|100/100\n|move|p1a: Farigiraf|Protect|p1a: Farigiraf\n|-singleturn|p1a: Farigiraf|Protect\n|move|p2b: Gardevoir|Protect|p2b: Gardevoir\n|-singleturn|p2b: Gardevoir|Protect\n|-formechange|p1b: Aegislash|Aegislash-Blade|\n|move|p1b: Aegislash|Iron Head|p2b: Gardevoir\n|-activate|p2b: Gardevoir|move: Protect\n|\n|upkeep\n|turn|8\n|\n|t:|1776006095\n|switch|p2a: Pelipper|Pelipper, L50, M|48/100\n|-weather|RainDance|[from] ability: Drizzle|[of] p2a: Pelipper\n|move|p1a: Farigiraf|Helping Hand|p1b: Aegislash\n|-singleturn|p1b: Aegislash|Helping Hand|[of] p1a: Farigiraf\n|move|p1b: Aegislash|Shadow Sneak|p2a: Pelipper\n|-damage|p2a: Pelipper|0 fnt\n|faint|p2a: Pelipper\n|move|p2b: Gardevoir|Hyper Voice|p1a: Farigiraf|[spread] p1a,p1b\n|-resisted|p1b: Aegislash|1\n|-damage|p1a: Farigiraf|0 fnt\n|-damage|p1b: Aegislash|55/100\n|faint|p1a: Farigiraf\n|\n|-weather|RainDance|[upkeep]\n|-heal|p1b: Aegislash|61/100|[from] item: Leftovers\n|upkeep\n|\n|t:|1776006112\n|switch|p1a: Sinistcha|Sinistcha, L50|100/100\n|switch|p2a: Basculegion|Basculegion, L50, M, shiny|100/100\n|-heal|p1b: Aegislash|86/100|[from] ability: Hospitality|[of] p1a: Sinistcha\n|turn|9\n|\n|t:|1776006134\n|move|p2b: Gardevoir|Protect|p2b: Gardevoir\n|-singleturn|p2b: Gardevoir|Protect\n|move|p1a: Sinistcha|Rage Powder|p1a: Sinistcha\n|-singleturn|p1a: Sinistcha|move: Rage Powder\n|move|p1b: Aegislash|Iron Head|p2b: Gardevoir\n|-activate|p2b: Gardevoir|move: Protect\n|move|p2a: Basculegion|Last Respects|p1a: Sinistcha\n|-supereffective|p1a: Sinistcha|1\n|-enditem|p1a: Sinistcha|Focus Sash\n|-damage|p1a: Sinistcha|1/100\n|\n|-weather|RainDance|[upkeep]\n|-heal|p1b: Aegislash|92/100|[from] item: Leftovers\n|upkeep\n|turn|10\n|\n|t:|1776006154\n|move|p2a: Basculegion|Aqua Jet|p1a: Sinistcha\n|-resisted|p1a: Sinistcha|1\n|-damage|p1a: Sinistcha|0 fnt\n|faint|p1a: Sinistcha\n|move|p1b: Aegislash|Iron Head|p2b: Gardevoir\n|-supereffective|p2b: Gardevoir|1\n|-damage|p2b: Gardevoir|0 fnt\n|faint|p2b: Gardevoir\n|\n|-weather|RainDance|[upkeep]\n|-heal|p1b: Aegislash|98/100|[from] item: Leftovers\n|-fieldend|move: Trick Room\n|upkeep\n|turn|11\n|\n|t:|1776006174\n|-formechange|p1b: Aegislash|Aegislash|\n|move|p1b: Aegislash|King's Shield|p1b: Aegislash\n|-singleturn|p1b: Aegislash|Protect\n|move|p2a: Basculegion|Last Respects|p1b: Aegislash\n|-activate|p1b: Aegislash|move: Protect\n|\n|-weather|RainDance|[upkeep]\n|-heal|p1b: Aegislash|100/100|[from] item: Leftovers\n|upkeep\n|turn|12\n|\n|t:|1776006192\n|move|p2a: Basculegion|Last Respects|p1b: Aegislash\n|-supereffective|p1b: Aegislash|1\n|-damage|p1b: Aegislash|0 fnt\n|faint|p1b: Aegislash\n|\n|win|Apex Vanquisher\n|raw|heroisemcalssa's rating: 1043 &rarr; <strong>1025</strong><br />(-18 for losing)\n|raw|Apex Vanquisher's rating: 1000 &rarr; <strong>1045</strong><br />(+45 for winning)\n|l|\u2606heroisemcalssa\n|player|p1|\n",
  "uploadtime": 1776006202,
  "views": 25,
  "formatid": "gen9championsvgc2026regma",
  "rating": 1025,
  "private": 0,
  "password": null
}