{
  "id": "gen9championsvgc2026regma-2584602216",
  "format": "[Gen 9 Champions] VGC 2026 Reg M-A",
  "players": [
    "MaxiSilv",
    "shorobanana"
  ],
  "log": "|j|\u2606MaxiSilv\n|j|\u2606shorobanana\n|t:|1776271448\n|gametype|doubles\n|player|p1|MaxiSilv|102|1115\n|player|p2|shorobanana|dragontamer|1019\n|gen|9\n|tier|[Gen 9 Champions] VGC 2026 Reg M-A\n|rated|\n|rule|Species Clause: Limit one of each Pok\u00e9mon\n|rule|Item Clause: Limit 1 of each item\n|clearpoke\n|poke|p1|Floette-Eternal, L50, F|\n|poke|p1|Sinistcha, L50|\n|poke|p1|Aerodactyl, L50, F|\n|poke|p1|Garchomp, L50, F|\n|poke|p1|Incineroar, L50, M|\n|poke|p1|Rotom-Wash, L50|\n|poke|p2|Meganium, L50, F|\n|poke|p2|Incineroar, L50, F|\n|poke|p2|Sneasler, L50, M|\n|poke|p2|Milotic, L50, F|\n|poke|p2|Ninetales-Alola, L50, M|\n|poke|p2|Scizor, L50, M|\n|teampreview|4\nMaxiSilv has agreed to open team sheets.\n|inactive|Battle timer is ON: inactive players will automatically lose when time's up. (requested by shorobanana)\n|\n|t:|1776271502\n|teamsize|p1|4\n|teamsize|p2|4\n|start\n|switch|p1a: Aerodactyl|Aerodactyl, L50, F|100/100\n|switch|p1b: Garchomp|Garchomp, L50, F|100/100\n|switch|p2a: Ninetales|Ninetales-Alola, L50, M|100/100\n|switch|p2b: Milotic|Milotic, L50, F|100/100\n|-ability|p1a: Aerodactyl|Unnerve\n|-weather|Snowscape|[from] ability: Snow Warning|[of] p2a: Ninetales\n|turn|1\n|inactive|MaxiSilv has 30 seconds left.\n|inactive|MaxiSilv has 20 seconds left.\n|\n|t:|1776271539\n|switch|p1b: Floette|Floette-Eternal, L50, F|100/100\n|move|p1a: Aerodactyl|Tailwind|p1a: Aerodactyl\n|-sidestart|p1: MaxiSilv|move: Tailwind\n|move|p2a: Ninetales|Aurora Veil|p2a: Ninetales\n|-sidestart|p2: shorobanana|move: Aurora Veil\n|move|p2b: Milotic|Blizzard|p1b: Floette|[spread] p1a,p1b\n|-supereffective|p1a: Aerodactyl|1\n|-damage|p1a: Aerodactyl|36/100\n|-damage|p1b: Floette|81/100\n|\n|-weather|Snowscape|[upkeep]\n|upkeep\n|turn|2\n|\n|t:|1776271563\n|detailschange|p1b: Floette|Floette-Mega, L50, F\n|-mega|p1b: Floette|Floette|Floettite\n|-ability|p1b: Floette|Fairy Aura\n|move|p1a: Aerodactyl|Wide Guard|p1a: Aerodactyl\n|-singleturn|p1a: Aerodactyl|Wide Guard\n|move|p1b: Floette|Calm Mind|p1b: Floette\n|-boost|p1b: Floette|spa|1\n|-boost|p1b: Floette|spd|1\n|move|p2a: Ninetales|Calm Mind|p2a: Ninetales\n|-boost|p2a: Ninetales|spa|1\n|-boost|p2a: Ninetales|spd|1\n|move|p2b: Milotic|Blizzard|p1a: Aerodactyl|[spread] \n|-activate|p1a: Aerodactyl|move: Wide Guard\n|-activate|p1b: Floette|move: Wide Guard\n|\n|-weather|Snowscape|[upkeep]\n|upkeep\n|turn|3\n|inactive|MaxiSilv has 30 seconds left.\n|inactive|MaxiSilv has 20 seconds left.\n|-activate|p2b: Milotic|item: Quick Claw\n|\n|t:|1776271603\n|move|p2b: Milotic|Scald|p1a: Aerodactyl\n|-supereffective|p1a: Aerodactyl|1\n|-damage|p1a: Aerodactyl|0 fnt\n|faint|p1a: Aerodactyl\n|move|p1b: Floette|Moonblast|p2a: Ninetales\n|-damage|p2a: Ninetales|57/100\n|-unboost|p2a: Ninetales|spa|1\n|move|p2a: Ninetales|Blizzard|p1b: Floette\n|-damage|p1b: Floette|65/100\n|\n|-weather|Snowscape|[upkeep]\n|upkeep\n|\n|t:|1776271617\n|switch|p1a: Garchomp|Garchomp, L50, F|100/100\n|turn|4\n|inactive|MaxiSilv has 30 seconds left.\n|\n|t:|1776271644\n|move|p1a: Garchomp|Stomping Tantrum|p2b: Milotic\n|-damage|p2b: Milotic|77/100\n|move|p1b: Floette|Moonblast|p2a: Ninetales|[miss]\n|-miss|p1b: Floette|p2a: Ninetales\n|move|p2a: Ninetales|Blizzard|p1a: Garchomp|[spread] p1a,p1b\n|-supereffective|p1a: Garchomp|2\n|-damage|p1a: Garchomp|0 fnt\n|-damage|p1b: Floette|53/100\n|-status|p1b: Floette|frz\n|faint|p1a: Garchomp\n|move|p2b: Milotic|Blizzard|p1b: Floette\n|-damage|p1b: Floette|37/100 frz\n|\n|-weather|Snowscape|[upkeep]\n|-sideend|p1: MaxiSilv|move: Tailwind\n|upkeep\n|\n|t:|1776271654\n|switch|p1a: Incineroar|Incineroar, L50, M|100/100\n|-ability|p1a: Incineroar|Intimidate|boost\n|-unboost|p2a: Ninetales|atk|1\n|-unboost|p2b: Milotic|atk|1\n|-ability|p2b: Milotic|Competitive|boost\n|-boost|p2b: Milotic|spa|2\n|turn|5\n|inactive|MaxiSilv has 30 seconds left.\n|inactive|shorobanana has 30 seconds left.\n|c|\u2606MaxiSilv|how avoided moonblast?\n|-activate|p2b: Milotic|item: Quick Claw\n|\n|t:|1776271686\n|cant|p1b: Floette|frz\n|move|p1a: Incineroar|Fake Out|p2a: Ninetales|[miss]\n|-miss|p1a: Incineroar|p2a: Ninetales\n|move|p2b: Milotic|Scald|p1a: Incineroar\n|-supereffective|p1a: Incineroar|1\n|-damage|p1a: Incineroar|0 fnt\n|faint|p1a: Incineroar\n|move|p2a: Ninetales|Moonblast|p1b: Floette\n|-damage|p1b: Floette|18/100 frz\n|\n|-weather|none\n|-sideend|p2: shorobanana|move: Aurora Veil\n|upkeep\n|turn|6\n|c|\u2606MaxiSilv|what?\n|c|\u2606MaxiSilv|why i cant hit it\n|inactive|MaxiSilv has 30 seconds left.\n|-activate|p2b: Milotic|item: Quick Claw\n|\n|t:|1776271719\n|move|p2b: Milotic|Scald|p1b: Floette\n|-damage|p1b: Floette|0 fnt\n|faint|p1b: Floette\n|\n|win|shorobanana\n|raw|MaxiSilv's rating: 1115 &rarr; <strong>1083</strong><br />(-32 for losing)\n|raw|shorobanana's rating: 1019 &rarr; <strong>1066</strong><br />(+47 for winning)\n|l|\u2606shorobanana\n|player|p2|\n",
  "uploadtime": 1776271720,
  "views": 17,
  "formatid": "gen9championsvgc2026regma",
  "rating": 1066,
  "private": 0,
  "password": null
}