{
  "id": "gen9championsvgc2026regma-2582773270",
  "format": "[Gen 9 Champions] VGC 2026 Reg M-A",
  "players": [
    "Melicerte",
    "ClassClownApple"
  ],
  "log": "|j|\u2606Melicerte\n|j|\u2606ClassClownApple\n|t:|1776113097\n|gametype|doubles\n|player|p1|Melicerte|steven|1137\n|player|p2|ClassClownApple|melony|1115\n|gen|9\n|tier|[Gen 9 Champions] VGC 2026 Reg M-A\n|rated|\n|rule|Species Clause: Limit one of each Pok\u00e9mon\n|rule|Item Clause: Limit 1 of each item\n|clearpoke\n|poke|p1|Gengar, L50, M|\n|poke|p1|Politoed, L50, F|\n|poke|p1|Whimsicott, L50, M|\n|poke|p1|Palafin, L50, M|\n|poke|p1|Incineroar, L50, M|\n|poke|p1|Sneasler, L50, F|\n|poke|p2|Hatterene, L50, F|\n|poke|p2|Golurk, L50|\n|poke|p2|Kingambit, L50, M|\n|poke|p2|Crabominable, L50, M|\n|poke|p2|Farigiraf, L50, M|\n|poke|p2|Sinistcha, L50|\n|teampreview|4\nClassClownApple rejected open team sheets.\n|inactive|Battle timer is ON: inactive players will automatically lose when time's up. (requested by ClassClownApple)\n|\n|t:|1776113170\n|teamsize|p1|4\n|teamsize|p2|4\n|start\n|switch|p1a: Palafin|Palafin, L50, M|100/100\n|switch|p1b: Politoed|Politoed, L50, F|100/100\n|switch|p2a: HateThisGuy|Farigiraf, L50, M|100/100\n|switch|p2b: Sinistcha|Sinistcha, L50|100/100\n|-weather|RainDance|[from] ability: Drizzle|[of] p1b: Politoed\n|turn|1\n|inactive|Melicerte has 30 seconds left.\n|\n|t:|1776113198\n|move|p1a: Palafin|Flip Turn|p2a: HateThisGuy\n|-damage|p2a: HateThisGuy|63/100\n|\n|t:|1776113205\n|detailschange|p1a: Palafin|Palafin-Hero, L50, M\n|switch|p1a: Sneasler|Sneasler, L50, F|100/100|[from] Flip Turn\n|move|p1b: Politoed|Icy Wind|p2b: Sinistcha|[spread] p2a,p2b\n|-supereffective|p2b: Sinistcha|1\n|-crit|p2b: Sinistcha\n|-damage|p2a: HateThisGuy|57/100\n|-damage|p2b: Sinistcha|66/100\n|-unboost|p2a: HateThisGuy|spe|1\n|-unboost|p2b: Sinistcha|spe|1\n|move|p2b: Sinistcha|Matcha Gotcha|p1a: Sneasler|[spread] p1a\n|-miss|p2b: Sinistcha|p1b: Politoed\n|-resisted|p1a: Sneasler|1\n|-crit|p1a: Sneasler\n|-damage|p1a: Sneasler|66/100\n|-heal|p2b: Sinistcha|81/100|[from] drain|[of] p1a: Sneasler\n|-status|p1a: Sneasler|brn\n|move|p2a: HateThisGuy|Trick Room|p2a: HateThisGuy\n|-fieldstart|move: Trick Room|[of] p2a: HateThisGuy\n|\n|-weather|RainDance|[upkeep]\n|-damage|p1a: Sneasler|60/100 brn|[from] brn\n|upkeep\n|turn|2\n|inactive|Melicerte has 30 seconds left.\n|inactive|ClassClownApple has 30 seconds left.\n|inactive|Melicerte has 20 seconds left.\n|inactive|Melicerte has 15 seconds left.\n|inactive|Melicerte has 10 seconds left.\n|\n|t:|1776113253\n|move|p1a: Sneasler|Protect|p1a: Sneasler\n|-singleturn|p1a: Sneasler|Protect\n|move|p2a: HateThisGuy|Psychic|p1a: Sneasler\n|-activate|p1a: Sneasler|move: Protect\n|move|p2b: Sinistcha|Matcha Gotcha|p1b: Politoed|[spread] p1b\n|-activate|p1a: Sneasler|move: Protect\n|-supereffective|p1b: Politoed|1\n|-damage|p1b: Politoed|52/100\n|-heal|p2b: Sinistcha|100/100|[from] drain|[of] p1b: Politoed\n|move|p1b: Politoed|Weather Ball|p2a: HateThisGuy\n|-damage|p2a: HateThisGuy|25/100\n|\n|-weather|RainDance|[upkeep]\n|-heal|p1b: Politoed|58/100|[from] item: Leftovers\n|-damage|p1a: Sneasler|55/100 brn|[from] brn\n|upkeep\n|turn|3\n|inactive|Melicerte has 30 seconds left.\n|inactive|ClassClownApple has 30 seconds left.\n|inactive|Melicerte has 20 seconds left.\n|inactive|Melicerte has 15 seconds left.\n|inactive|Melicerte has 10 seconds left.\n|inactive|Melicerte has 5 seconds left.\n|\n|t:|1776113307\n|switch|p1a: Palafin|Palafin-Hero, L50, M|100/100\n|-activate|p1a: Palafin|ability: Zero to Hero\n|move|p2a: HateThisGuy|Helping Hand|p2b: Sinistcha\n|-singleturn|p2b: Sinistcha|Helping Hand|[of] p2a: HateThisGuy\n|move|p2b: Sinistcha|Matcha Gotcha|p1a: Palafin|[spread] p1a,p1b\n|-supereffective|p1a: Palafin|1\n|-supereffective|p1b: Politoed|1\n|-damage|p1a: Palafin|8/100\n|-damage|p1b: Politoed|0 fnt\n|faint|p1b: Politoed\n|\n|-weather|RainDance|[upkeep]\n|upkeep\n|\n|t:|1776113318\n|switch|p1b: Gengar|Gengar, L50, M|100/100\n|turn|4\n|\n|t:|1776113340\n|detailschange|p1b: Gengar|Gengar-Mega, L50, M\n|-mega|p1b: Gengar|Gengar|Gengarite\n|move|p2a: HateThisGuy|Helping Hand|p2b: Sinistcha\n|-singleturn|p2b: Sinistcha|Helping Hand|[of] p2a: HateThisGuy\n|move|p1a: Palafin|Protect|p1a: Palafin\n|-singleturn|p1a: Palafin|Protect\n|move|p2b: Sinistcha|Matcha Gotcha|p1a: Palafin|[spread] p1b\n|-activate|p1a: Palafin|move: Protect\n|-resisted|p1b: Gengar|1\n|-damage|p1b: Gengar|74/100\n|move|p1b: Gengar|Shadow Ball|p2a: HateThisGuy\n|-immune|p2a: HateThisGuy\n|\n|-weather|RainDance|[upkeep]\n|upkeep\n|turn|5\n|\n|t:|1776113363\n|move|p2a: HateThisGuy|Helping Hand|p2b: Sinistcha\n|-singleturn|p2b: Sinistcha|Helping Hand|[of] p2a: HateThisGuy\n|move|p1b: Gengar|Protect|p1b: Gengar\n|-singleturn|p1b: Gengar|Protect\n|move|p2b: Sinistcha|Shadow Ball|p1b: Gengar\n|-activate|p1b: Gengar|move: Protect\n|move|p1a: Palafin|Wave Crash|p2a: HateThisGuy\n|-damage|p2a: HateThisGuy|0 fnt\n|faint|p2a: HateThisGuy\n|-damage|p1a: Palafin|0 fnt|[from] Recoil\n|faint|p1a: Palafin\n|\n|-weather|none\n|-fieldend|move: Trick Room\n|upkeep\n|\n|t:|1776113381\n|switch|p1a: Sneasler|Sneasler, L50, F|55/100 brn\n|switch|p2a: Hatterene|Hatterene, L50, F|100/100\n|turn|6\n|\n|t:|1776113395\n|move|p2b: Sinistcha|Rage Powder|p2b: Sinistcha\n|-singleturn|p2b: Sinistcha|move: Rage Powder\n|move|p1a: Sneasler|Dire Claw|p2b: Sinistcha\n|-damage|p2b: Sinistcha|81/100\n|move|p1b: Gengar|Shadow Ball|p2b: Sinistcha\n|-supereffective|p2b: Sinistcha|1\n|-damage|p2b: Sinistcha|0 fnt\n|faint|p2b: Sinistcha\n|move|p2a: Hatterene|Trick Room|p2a: Hatterene\n|-fieldstart|move: Trick Room|[of] p2a: Hatterene\n|\n|-damage|p1a: Sneasler|49/100 brn|[from] brn\n|upkeep\n|\n|t:|1776113408\n|switch|p2b: Kingambit|Kingambit, L50, M|100/100\n|turn|7\n|inactive|Melicerte has 30 seconds left.\n|inactive|Melicerte has 20 seconds left.\n|\n|t:|1776113443\n|move|p1a: Sneasler|Protect|p1a: Sneasler\n|-singleturn|p1a: Sneasler|Protect\n|move|p2a: Hatterene|Dazzling Gleam|p1a: Sneasler|[spread] p1b\n|-activate|p1a: Sneasler|move: Protect\n|-resisted|p1b: Gengar|1\n|-damage|p1b: Gengar|54/100\n|move|p2b: Kingambit|Kowtow Cleave|p1b: Gengar\n|-supereffective|p1b: Gengar|1\n|-damage|p1b: Gengar|0 fnt\n|faint|p1b: Gengar\n|\n|-damage|p1a: Sneasler|43/100 brn|[from] brn\n|upkeep\n|turn|8\n|\n|t:|1776113461\n|move|p2a: Hatterene|Psychic|p1a: Sneasler\n|-supereffective|p1a: Sneasler|2\n|-damage|p1a: Sneasler|0 fnt\n|faint|p1a: Sneasler\n|\n|win|ClassClownApple\n|raw|Melicerte's rating: 1137 &rarr; <strong>1110</strong><br />(-27 for losing)\n|raw|ClassClownApple's rating: 1115 &rarr; <strong>1142</strong><br />(+27 for winning)\n|l|\u2606Melicerte\n|player|p1|\n",
  "uploadtime": 1776113474,
  "views": 16,
  "formatid": "gen9championsvgc2026regma",
  "rating": 1110,
  "private": 0,
  "password": null
}