{
  "id": "gen9championsvgc2026regma-2583185297",
  "format": "[Gen 9 Champions] VGC 2026 Reg M-A",
  "players": [
    "Lem0nt34",
    "akumanoshiro"
  ],
  "log": "|j|\u2606Lem0nt34\n|j|\u2606akumanoshiro\n|t:|1776152295\n|gametype|doubles\n|player|p1|Lem0nt34|1|1108\n|player|p2|akumanoshiro|170|1111\n|gen|9\n|tier|[Gen 9 Champions] VGC 2026 Reg M-A\n|rated|\n|rule|Species Clause: Limit one of each Pok\u00e9mon\n|rule|Item Clause: Limit 1 of each item\n|clearpoke\n|poke|p1|Charizard, L50, F|\n|poke|p1|Garchomp, L50, F|\n|poke|p1|Venusaur, L50, M|\n|poke|p1|Kingambit, L50, M|\n|poke|p1|Whimsicott, L50, M|\n|poke|p1|Incineroar, L50, M|\n|poke|p2|Hawlucha, L50, M|\n|poke|p2|Glalie, L50, F|\n|poke|p2|Sinistcha, L50|\n|poke|p2|Garganacl, L50, F|\n|poke|p2|Toxicroak, L50, F|\n|poke|p2|Arcanine-Hisui, L50, M|\n|teampreview|4\n|\n|t:|1776152340\n|teamsize|p1|4\n|teamsize|p2|4\n|start\n|switch|p1a: Charizard|Charizard, L50, F|100/100\n|switch|p1b: Venusaur|Venusaur, L50, M|100/100\n|switch|p2a: Hawlucha|Hawlucha, L50, M|100/100\n|switch|p2b: Glalie|Glalie, L50, F, shiny|100/100\n|turn|1\n|\n|t:|1776152361\n|detailschange|p2a: Hawlucha|Hawlucha-Mega, L50, M\n|-mega|p2a: Hawlucha|Hawlucha|Hawluchanite\n|detailschange|p1a: Charizard|Charizard-Mega-Y, L50, F\n|-mega|p1a: Charizard|Charizard|Charizardite Y\n|-weather|SunnyDay|[from] ability: Drought|[of] p1a: Charizard\n|move|p1b: Venusaur|Sleep Powder|p2a: Hawlucha\n|-status|p2a: Hawlucha|slp|[from] move: Sleep Powder\n|cant|p2a: Hawlucha|slp\n|move|p1a: Charizard|Heat Wave|p2b: Glalie|[spread] p2a,p2b\n|-supereffective|p2b: Glalie|1\n|-damage|p2a: Hawlucha|35/100 slp\n|-enditem|p2b: Glalie|Focus Sash\n|-damage|p2b: Glalie|1/100\n|move|p2b: Glalie|Sheer Cold|p1a: Charizard|[miss]\n|-miss|p2b: Glalie|p1a: Charizard\n|\n|-weather|SunnyDay|[upkeep]\n|upkeep\n|turn|2\n|c|\u2606akumanoshiro|Faaaak\n|c|\u2606akumanoshiro|That chlorophyll Venusaur with the powder man\n|\n|t:|1776152418\n|move|p1b: Venusaur|Sludge Bomb|p2a: Hawlucha\n|-damage|p2a: Hawlucha|0 fnt\n|faint|p2a: Hawlucha\n|move|p1a: Charizard|Heat Wave|p2b: Glalie\n|-supereffective|p2b: Glalie|1\n|-damage|p2b: Glalie|0 fnt\n|faint|p2b: Glalie\n|\n|-weather|SunnyDay|[upkeep]\n|upkeep\n|\n|t:|1776152429\n|switch|p2a: Garganacl|Garganacl, L50, F|100/100\n|switch|p2b: Arcanine|Arcanine-Hisui, L50, M|100/100\n|turn|3\n|\n|t:|1776152455\n|move|p1a: Charizard|Protect|p1a: Charizard\n|-singleturn|p1a: Charizard|Protect\n|move|p1b: Venusaur|Sleep Powder|p2a: Garganacl\n|-immune|p2a: Garganacl|[from] ability: Purifying Salt\n|move|p2b: Arcanine|Flare Blitz|p1b: Venusaur\n|-supereffective|p1b: Venusaur|1\n|-enditem|p1b: Venusaur|Focus Sash\n|-damage|p1b: Venusaur|1/100\n|move|p2a: Garganacl|Salt Cure|p1a: Charizard\n|-activate|p1a: Charizard|move: Protect\n|\n|-weather|SunnyDay|[upkeep]\n|upkeep\n|turn|4\n|\n|t:|1776152481\n|switch|p1a: Kingambit|Kingambit, L50, M|100/100\n|move|p2b: Arcanine|Protect|p2b: Arcanine\n|-singleturn|p2b: Arcanine|Protect\n|move|p1b: Venusaur|Sleep Powder|p2b: Arcanine\n|-activate|p2b: Arcanine|move: Protect\n|move|p2a: Garganacl|Salt Cure|p1a: Kingambit\n|-resisted|p1a: Kingambit|1\n|-damage|p1a: Kingambit|96/100\n|-start|p1a: Kingambit|Salt Cure\n|\n|-weather|SunnyDay|[upkeep]\n|-damage|p1a: Kingambit|84/100|[from] Salt Cure\n|upkeep\n|turn|5\n|\n|t:|1776152510\n|move|p1b: Venusaur|Sleep Powder|p2b: Arcanine\n|-status|p2b: Arcanine|slp|[from] move: Sleep Powder\n|cant|p2b: Arcanine|slp\n|move|p1a: Kingambit|Iron Head|p2a: Garganacl\n|-supereffective|p2a: Garganacl|1\n|-damage|p2a: Garganacl|52/100\n|move|p2a: Garganacl|Body Press|p1a: Kingambit\n|-supereffective|p1a: Kingambit|2\n|-enditem|p1a: Kingambit|Chople Berry|[eat]\n|-enditem|p1a: Kingambit|Chople Berry|[weaken]\n|-damage|p1a: Kingambit|44/100\n|\n|-weather|none\n|-heal|p2a: Garganacl|58/100|[from] item: Leftovers\n|-damage|p1a: Kingambit|32/100|[from] Salt Cure\n|upkeep\n|turn|6\n|c|\u2606akumanoshiro|It's that f 100% accurate or what\n|\n|t:|1776152543\n|move|p1b: Venusaur|Leaf Storm|p2a: Garganacl|[miss]\n|-miss|p1b: Venusaur|p2a: Garganacl\n|cant|p2b: Arcanine|slp\n|move|p1a: Kingambit|Iron Head|p2a: Garganacl\n|-supereffective|p2a: Garganacl|1\n|-damage|p2a: Garganacl|11/100\n|move|p2a: Garganacl|Body Press|p1a: Kingambit\n|-supereffective|p1a: Kingambit|2\n|-damage|p1a: Kingambit|0 fnt\n|faint|p1a: Kingambit\n|\n|-heal|p2a: Garganacl|17/100|[from] item: Leftovers\n|upkeep\n|\n|t:|1776152567\n|switch|p1a: Charizard|Charizard-Mega-Y, L50, F|100/100\n|-weather|SunnyDay|[from] ability: Drought|[of] p1a: Charizard\n|turn|7\n|\n|t:|1776152588\n|move|p1a: Charizard|Protect|p1a: Charizard\n|-singleturn|p1a: Charizard|Protect\n|move|p2a: Garganacl|Wide Guard|p2a: Garganacl\n|-singleturn|p2a: Garganacl|Wide Guard\n|move|p1b: Venusaur|Leaf Storm|p2a: Garganacl\n|-supereffective|p2a: Garganacl|1\n|-damage|p2a: Garganacl|0 fnt\n|-unboost|p1b: Venusaur|spa|2\n|faint|p2a: Garganacl\n|-curestatus|p2b: Arcanine|slp|[msg]\n|move|p2b: Arcanine|Head Smash|p1a: Charizard\n|-activate|p1a: Charizard|move: Protect\n|\n|-weather|SunnyDay|[upkeep]\n|upkeep\n|turn|8\n|\n|t:|1776152611\n|move|p1b: Venusaur|Sleep Powder|p2b: Arcanine\n|-status|p2b: Arcanine|slp|[from] move: Sleep Powder\n|move|p1a: Charizard|Air Slash|p2b: Arcanine\n|-resisted|p2b: Arcanine|1\n|-damage|p2b: Arcanine|79/100 slp\n|cant|p2b: Arcanine|slp\n|\n|-weather|SunnyDay|[upkeep]\n|upkeep\n|turn|9\n|c|\u2606akumanoshiro|That's bullshite\n|\n|t:|1776152630\n|move|p1b: Venusaur|Leaf Storm|p2b: Arcanine|[miss]\n|-miss|p1b: Venusaur|p2b: Arcanine\n|move|p1a: Charizard|Air Slash|p2b: Arcanine|[miss]\n|-miss|p1a: Charizard|p2b: Arcanine\n|cant|p2b: Arcanine|slp\n|\n|-weather|SunnyDay|[upkeep]\n|upkeep\n|turn|10\n|c|\u2606Lem0nt34|all adds up\n|\n|t:|1776152647\n|move|p1b: Venusaur|Leaf Storm|p2b: Arcanine\n|-damage|p2b: Arcanine|50/100 slp\n|-unboost|p1b: Venusaur|spa|2\n|move|p1a: Charizard|Air Slash|p2b: Arcanine\n|-resisted|p2b: Arcanine|1\n|-damage|p2b: Arcanine|28/100 slp\n|-curestatus|p2b: Arcanine|slp|[msg]\n|move|p2b: Arcanine|Head Smash|p1a: Charizard\n|-supereffective|p1a: Charizard|2\n|-damage|p1a: Charizard|0 fnt\n|faint|p1a: Charizard\n|\n|-weather|SunnyDay|[upkeep]\n|upkeep\n|\n|t:|1776152658\n|switch|p1a: Whimsicott|Whimsicott, L50, M|100/100\n|turn|11\n|\n|t:|1776152665\n|move|p1b: Venusaur|Sleep Powder|p2b: Arcanine|[miss]\n|-miss|p1b: Venusaur|p2b: Arcanine\n|move|p1a: Whimsicott|Moonblast|p2b: Arcanine\n|-resisted|p2b: Arcanine|1\n|-damage|p2b: Arcanine|14/100\n|move|p2b: Arcanine|Flare Blitz|p1a: Whimsicott\n|-supereffective|p1a: Whimsicott|1\n|-damage|p1a: Whimsicott|0 fnt\n|faint|p1a: Whimsicott\n|\n|-weather|none\n|upkeep\n|turn|12\n|\n|t:|1776152680\n|move|p1b: Venusaur|Sleep Powder|p2b: Arcanine\n|-status|p2b: Arcanine|slp|[from] move: Sleep Powder\n|cant|p2b: Arcanine|slp\n|\n|upkeep\n|turn|13\n|c|\u2606akumanoshiro|Damn\n|\n|t:|1776152688\n|move|p1b: Venusaur|Leaf Storm|p2b: Arcanine\n|-damage|p2b: Arcanine|0 fnt\n|-unboost|p1b: Venusaur|spa|2\n|faint|p2b: Arcanine\n|\n|win|Lem0nt34\n|raw|Lem0nt34's rating: 1108 &rarr; <strong>1133</strong><br />(+25 for winning)\n|raw|akumanoshiro's rating: 1111 &rarr; <strong>1086</strong><br />(-25 for losing)\n|c|\u2606Lem0nt34|lol\n|c|\u2606akumanoshiro|That's crazy man\n|c|\u2606akumanoshiro|Gg\n|l|\u2606Lem0nt34\n|player|p1|\n",
  "uploadtime": 1776152714,
  "views": 19,
  "formatid": "gen9championsvgc2026regma",
  "rating": 1086,
  "private": 0,
  "password": null
}