{
  "id": "gen9championsvgc2026regma-2583221009",
  "format": "[Gen 9 Champions] VGC 2026 Reg M-A",
  "players": [
    "bunjemei",
    "campeondelfitness"
  ],
  "log": "|j|\u2606bunjemei\n|j|\u2606campeondelfitness\n|t:|1776156304\n|gametype|doubles\n|player|p1|bunjemei|265|1049\n|player|p2|campeondelfitness|swimmer|1100\n|gen|9\n|tier|[Gen 9 Champions] VGC 2026 Reg M-A\n|rated|\n|rule|Species Clause: Limit one of each Pok\u00e9mon\n|rule|Item Clause: Limit 1 of each item\n|clearpoke\n|poke|p1|Charizard, L50, M|\n|poke|p1|Tinkaton, L50, F|\n|poke|p1|Talonflame, L50, M|\n|poke|p1|Milotic, L50, F|\n|poke|p1|Rotom-Mow, L50|\n|poke|p1|Mamoswine, L50, M|\n|poke|p2|Greninja-*, L50, F|\n|poke|p2|Aerodactyl, L50, F|\n|poke|p2|Tyranitar, L50, F|\n|poke|p2|Sneasler, L50, M|\n|poke|p2|Excadrill, L50, F|\n|poke|p2|Rotom-Mow, L50|\n|teampreview|4\n|inactive|Battle timer is ON: inactive players will automatically lose when time's up. (requested by campeondelfitness)\n|inactive|bunjemei has 60 seconds left.\n|inactive|campeondelfitness has 60 seconds left.\ncampeondelfitness rejected open team sheets.\n|inactive|bunjemei has 30 seconds left.\n|\n|t:|1776156371\n|teamsize|p1|4\n|teamsize|p2|4\n|start\n|switch|p1a: Talonflame|Talonflame, L50, M, shiny|100/100\n|switch|p1b: Rotom|Rotom-Mow, L50|100/100\n|switch|p2a: Excadrill|Excadrill, L50, F|100/100\n|switch|p2b: Rotom|Rotom-Mow, L50|100/100\n|turn|1\n|inactive|bunjemei has 30 seconds left.\n|inactive|campeondelfitness has 30 seconds left.\n|inactive|bunjemei has 20 seconds left.\n|inactive|bunjemei has 15 seconds left.\n|\n|t:|1776156411\n|move|p1a: Talonflame|Tailwind|p1a: Talonflame\n|-sidestart|p1: bunjemei|move: Tailwind\n|move|p1b: Rotom|Trick|p2a: Excadrill\n|-activate|p1b: Rotom|move: Trick|[of] p2a: Excadrill\n|-item|p2a: Excadrill|Choice Scarf|[from] move: Trick\n|-item|p1b: Rotom|Occa Berry|[from] move: Trick\n|move|p2b: Rotom|Volt Switch|p1b: Rotom\n|-resisted|p1b: Rotom|2\n|-damage|p1b: Rotom|89/100\n|\n|t:|1776156421\n|switch|p2b: Tyranitar|Tyranitar, L50, F|100/100|[from] Volt Switch\n|-weather|Sandstorm|[from] ability: Sand Stream|[of] p2b: Tyranitar\n|move|p2a: Excadrill|Rock Slide|p1b: Rotom|[spread] p1a,p1b\n|-supereffective|p1a: Talonflame|2\n|-crit|p1a: Talonflame\n|-enditem|p1a: Talonflame|Focus Sash\n|-damage|p1a: Talonflame|1/100\n|-damage|p1b: Rotom|60/100\n|\n|-weather|Sandstorm|[upkeep]\n|-damage|p1a: Talonflame|0 fnt|[from] Sandstorm\n|-damage|p1b: Rotom|55/100|[from] Sandstorm\n|faint|p1a: Talonflame\n|upkeep\n|\n|t:|1776156438\n|switch|p1a: Mamoswine|Mamoswine, L50, M|100/100\n|turn|2\n|\n|t:|1776156452\n|move|p2a: Excadrill|Rock Slide|p1b: Rotom|[spread] p1a,p1b\n|-damage|p1a: Mamoswine|74/100\n|-damage|p1b: Rotom|27/100\n|move|p1b: Rotom|Leaf Storm|p2b: Tyranitar|[miss]\n|-miss|p1b: Rotom|p2b: Tyranitar\n|cant|p1a: Mamoswine|flinch\n|move|p2b: Tyranitar|Knock Off|p1b: Rotom\n|-damage|p1b: Rotom|0 fnt\n|-enditem|p1b: Rotom|Occa Berry|[from] move: Knock Off|[of] p2b: Tyranitar\n|faint|p1b: Rotom\n|\n|-weather|Sandstorm|[upkeep]\n|upkeep\n|\n|t:|1776156467\n|switch|p1b: Charizard|Charizard, L50, M, shiny|100/100\n|turn|3\n|\n|t:|1776156477\n|switch|p2b: Rotom|Rotom-Mow, L50|100/100\n|move|p1b: Charizard|Protect|p1b: Charizard\n|-singleturn|p1b: Charizard|Protect\n|move|p2a: Excadrill|Rock Slide|p1a: Mamoswine|[spread] p1a\n|-activate|p1b: Charizard|move: Protect\n|-damage|p1a: Mamoswine|49/100\n|cant|p1a: Mamoswine|flinch\n|\n|-weather|Sandstorm|[upkeep]\n|-damage|p1b: Charizard|95/100|[from] Sandstorm\n|-damage|p2b: Rotom|95/100|[from] Sandstorm\n|upkeep\n|turn|4\n|inactive|bunjemei has 30 seconds left.\n|\n|t:|1776156503\n|detailschange|p1b: Charizard|Charizard-Mega-X, L50, M, shiny\n|-mega|p1b: Charizard|Charizard|Charizardite X\n|move|p1a: Mamoswine|Ice Shard|p2b: Rotom\n|-supereffective|p2b: Rotom|1\n|-crit|p2b: Rotom\n|-damage|p2b: Rotom|2/100\n|move|p2a: Excadrill|Rock Slide|p1b: Charizard|[spread] p1a,p1b\n|-supereffective|p1b: Charizard|1\n|-damage|p1a: Mamoswine|22/100\n|-damage|p1b: Charizard|58/100\n|move|p1b: Charizard|Breaking Swipe|p2b: Rotom|[spread] p2a,p2b\n|-resisted|p2a: Excadrill|1\n|-damage|p2a: Excadrill|80/100\n|-damage|p2b: Rotom|0 fnt\n|-unboost|p2a: Excadrill|atk|1\n|faint|p2b: Rotom\n|\n|-weather|Sandstorm|[upkeep]\n|-damage|p1b: Charizard|52/100|[from] Sandstorm\n|-sideend|p1: bunjemei|move: Tailwind\n|upkeep\n|\n|t:|1776156521\n|switch|p2b: Aerodactyl|Aerodactyl, L50, F|100/100\n|turn|5\n|\n|t:|1776156538\n|detailschange|p2b: Aerodactyl|Aerodactyl-Mega, L50, F\n|-mega|p2b: Aerodactyl|Aerodactyl|Aerodactylite\n|move|p2a: Excadrill|Rock Slide|p1a: Mamoswine|[spread] p1a,p1b\n|-supereffective|p1b: Charizard|1\n|-damage|p1a: Mamoswine|6/100\n|-damage|p1b: Charizard|28/100\n|move|p2b: Aerodactyl|Rock Slide|p1b: Charizard|[spread] p1a,p1b\n|-supereffective|p1b: Charizard|1\n|-damage|p1a: Mamoswine|0 fnt\n|-damage|p1b: Charizard|0 fnt\n|faint|p1a: Mamoswine\n|faint|p1b: Charizard\n|\n|win|campeondelfitness\n|raw|bunjemei's rating: 1049 &rarr; <strong>1034</strong><br />(-15 for losing)\n|raw|campeondelfitness's rating: 1100 &rarr; <strong>1121</strong><br />(+21 for winning)\n|l|\u2606bunjemei\n|player|p1|\n",
  "uploadtime": 1776156551,
  "views": 28,
  "formatid": "gen9championsvgc2026regma",
  "rating": 1034,
  "private": 0,
  "password": null
}