{
  "id": "gen9championsvgc2026regma-2584757233",
  "format": "[Gen 9 Champions] VGC 2026 Reg M-A",
  "players": [
    "guilllotine",
    "maskedwolf56"
  ],
  "log": "|j|\u2606guilllotine\n|j|\u2606maskedwolf56\n|t:|1776281506\n|gametype|doubles\n|player|p1|guilllotine|plasmagrunt-gen5bw|1090\n|player|p2|maskedwolf56|giovanni|1066\n|gen|9\n|tier|[Gen 9 Champions] VGC 2026 Reg M-A\n|rated|\n|rule|Species Clause: Limit one of each Pok\u00e9mon\n|rule|Item Clause: Limit 1 of each item\n|clearpoke\n|poke|p1|Delphox, L50, F|\n|poke|p1|Aerodactyl, L50, F|\n|poke|p1|Rotom-Wash, L50|\n|poke|p1|Garchomp, L50, F|\n|poke|p1|Clefable, L50, F|\n|poke|p1|Sneasler, L50, F|\n|poke|p2|Sneasler, L50, M|\n|poke|p2|Tyranitar, L50, M|\n|poke|p2|Rotom-Wash, L50|\n|poke|p2|Aerodactyl, L50, M|\n|poke|p2|Garchomp, L50, M|\n|poke|p2|Sinistcha-Masterpiece, L50|\n|teampreview|4\n|inactive|Battle timer is ON: inactive players will automatically lose when time's up. (requested by maskedwolf56)\n|inactive|guilllotine has 60 seconds left.\n|\n|t:|1776281554\n|teamsize|p1|4\n|teamsize|p2|4\n|start\n|switch|p1a: Rotom|Rotom-Wash, L50|100/100\n|switch|p1b: Sneasler|Sneasler, L50, F|100/100\n|switch|p2a: Rotom|Rotom-Wash, L50|100/100\n|switch|p2b: Tyranitar|Tyranitar, L50, M|100/100\n|-ability|p2b: Tyranitar|Unnerve\n|turn|1\n|inactive|maskedwolf56 has 30 seconds left.\n|\n|t:|1776281591\n|move|p2b: Tyranitar|Protect|p2b: Tyranitar\n|-singleturn|p2b: Tyranitar|Protect\n|move|p1b: Sneasler|Close Combat|p2b: Tyranitar\n|-activate|p2b: Tyranitar|move: Protect\n|move|p1a: Rotom|Hydro Pump|p2b: Tyranitar\n|-activate|p2b: Tyranitar|move: Protect\n|move|p2a: Rotom|Discharge|p1b: Sneasler|[spread] p1a,p1b\n|-activate|p2b: Tyranitar|move: Protect\n|-damage|p1a: Rotom|68/100\n|-damage|p1b: Sneasler|57/100\n|\n|upkeep\n|turn|2\n|inactive|guilllotine has 30 seconds left.\n|inactive|maskedwolf56 has 30 seconds left.\n|\n|t:|1776281620\n|switch|p1b: Clefable|Clefable, L50, F|100/100\n|detailschange|p2b: Tyranitar|Tyranitar-Mega, L50, M\n|-mega|p2b: Tyranitar|Tyranitar|Tyranitarite\n|-weather|Sandstorm|[from] ability: Sand Stream|[of] p2b: Tyranitar\n|move|p1a: Rotom|Hydro Pump|p2b: Tyranitar\n|-supereffective|p2b: Tyranitar|1\n|-damage|p2b: Tyranitar|46/100\n|move|p2a: Rotom|Electroweb|p1b: Clefable|[spread] p1a,p1b\n|-damage|p1a: Rotom|44/100\n|-damage|p1b: Clefable|78/100\n|-unboost|p1a: Rotom|spe|1\n|-unboost|p1b: Clefable|spe|1\n|move|p2b: Tyranitar|Rock Slide|p1a: Rotom|[spread] p1a,p1b\n|-damage|p1a: Rotom|8/100\n|-damage|p1b: Clefable|51/100\n|\n|-weather|Sandstorm|[upkeep]\n|-damage|p2a: Rotom|95/100|[from] Sandstorm\n|-damage|p1a: Rotom|2/100|[from] Sandstorm\n|-damage|p1b: Clefable|45/100|[from] Sandstorm\n|-heal|p1b: Clefable|51/100|[from] item: Leftovers\n|upkeep\n|turn|3\n|inactive|guilllotine has 30 seconds left.\n|\n|t:|1776281648\n|move|p2a: Rotom|Electroweb|p1b: Clefable|[spread] p1a,p1b\n|-damage|p1a: Rotom|0 fnt\n|-damage|p1b: Clefable|29/100\n|-unboost|p1b: Clefable|spe|1\n|faint|p1a: Rotom\n|move|p2b: Tyranitar|Knock Off|p1b: Clefable\n|-resisted|p1b: Clefable|1\n|-damage|p1b: Clefable|6/100\n|-enditem|p1b: Clefable|Leftovers|[from] move: Knock Off|[of] p2b: Tyranitar\n|move|p1b: Clefable|Moonblast|p2b: Tyranitar\n|-supereffective|p2b: Tyranitar|1\n|-damage|p2b: Tyranitar|15/100\n|\n|-weather|Sandstorm|[upkeep]\n|-damage|p2a: Rotom|89/100|[from] Sandstorm\n|-damage|p1b: Clefable|0 fnt|[from] Sandstorm\n|faint|p1b: Clefable\n|upkeep\n|\n|t:|1776281663\n|switch|p1a: Sneasler|Sneasler, L50, F|57/100\n|switch|p1b: Delphox|Delphox, L50, F|100/100\n|turn|4\n|\n|t:|1776281684\n|detailschange|p1b: Delphox|Delphox-Mega, L50, F\n|-mega|p1b: Delphox|Delphox|Delphoxite\n|move|p2b: Tyranitar|Protect|p2b: Tyranitar\n|-singleturn|p2b: Tyranitar|Protect\n|move|p1a: Sneasler|Fake Out|p2a: Rotom\n|-damage|p2a: Rotom|71/100\n|move|p1b: Delphox|Heat Wave|p2a: Rotom|[spread] p2a\n|-activate|p2b: Tyranitar|move: Protect\n|-resisted|p2a: Rotom|1\n|-damage|p2a: Rotom|42/100\n|cant|p2a: Rotom|flinch\n|\n|-weather|Sandstorm|[upkeep]\n|-damage|p1b: Delphox|95/100|[from] Sandstorm\n|-damage|p1a: Sneasler|51/100|[from] Sandstorm\n|-damage|p2a: Rotom|36/100|[from] Sandstorm\n|upkeep\n|turn|5\n|\n|t:|1776281705\n|move|p1b: Delphox|Heat Wave|p2b: Tyranitar|[spread] p2a,p2b\n|-resisted|p2a: Rotom|1\n|-resisted|p2b: Tyranitar|1\n|-damage|p2a: Rotom|8/100\n|-damage|p2b: Tyranitar|3/100\n|move|p1a: Sneasler|Dire Claw|p2a: Rotom\n|-damage|p2a: Rotom|0 fnt\n|faint|p2a: Rotom\n|move|p2b: Tyranitar|Rock Slide|p1b: Delphox|[spread] p1a,p1b\n|-resisted|p1a: Sneasler|1\n|-supereffective|p1b: Delphox|1\n|-damage|p1a: Sneasler|20/100\n|-damage|p1b: Delphox|0 fnt\n|faint|p1b: Delphox\n|\n|-weather|Sandstorm|[upkeep]\n|-damage|p1a: Sneasler|15/100|[from] Sandstorm\n|upkeep\n|\n|t:|1776281720\n|switch|p2a: Sneasler|Sneasler, L50, M|100/100\n|turn|6\n|\n|t:|1776281728\n|move|p2a: Sneasler|Fake Out|p1a: Sneasler\n|-damage|p1a: Sneasler|0 fnt\n|faint|p1a: Sneasler\n|\n|win|maskedwolf56\n|raw|guilllotine's rating: 1090 &rarr; <strong>1065</strong><br />(-25 for losing)\n|raw|maskedwolf56's rating: 1066 &rarr; <strong>1098</strong><br />(+32 for winning)\n",
  "uploadtime": 1776281738,
  "views": 17,
  "formatid": "gen9championsvgc2026regma",
  "rating": 1065,
  "private": 0,
  "password": null
}