{
  "id": "gen9championsvgc2026regma-2586918478",
  "format": "[Gen 9 Champions] VGC 2026 Reg M-A",
  "players": [
    "Anibaltsuna",
    "Dagin77"
  ],
  "log": "|j|\u2606Anibaltsuna\n|j|\u2606Dagin77\n|t:|1776471724\n|gametype|doubles\n|player|p1|Anibaltsuna|veteran|1201\n|player|p2|Dagin77|riley|1224\n|gen|9\n|tier|[Gen 9 Champions] VGC 2026 Reg M-A\n|rated|\n|rule|Species Clause: Limit one of each Pok\u00e9mon\n|rule|Item Clause: Limit 1 of each item\n|clearpoke\n|poke|p1|Tyranitar, L50, M|\n|poke|p1|Corviknight, L50, F|\n|poke|p1|Milotic, L50, F|\n|poke|p1|Gengar, L50, M|\n|poke|p1|Excadrill, L50, M|\n|poke|p1|Garchomp, L50, F|\n|poke|p2|Pelipper, L50, F|\n|poke|p2|Archaludon, L50, F|\n|poke|p2|Sneasler, L50, F|\n|poke|p2|Rotom-Heat, L50|\n|poke|p2|Basculegion, L50, M|\n|poke|p2|Dragonite, L50, F|\n|teampreview|4\n|\n|t:|1776471782\n|teamsize|p1|4\n|teamsize|p2|4\n|start\n|switch|p1a: Tyranitar|Tyranitar, L50, M|100/100\n|switch|p1b: Excadrill|Excadrill, L50, M|100/100\n|switch|p2a: Sneasler|Sneasler, L50, F|100/100\n|switch|p2b: Dragonite|Dragonite, L50, F|100/100\n|-weather|Sandstorm|[from] ability: Sand Stream|[of] p1a: Tyranitar\n|turn|1\n|\n|t:|1776471823\n|switch|p1a: Gengar|Gengar, L50, M|100/100\n|detailschange|p2b: Dragonite|Dragonite-Mega, L50, F\n|-mega|p2b: Dragonite|Dragonite|Dragoninite\n|move|p2a: Sneasler|Fake Out|p1b: Excadrill\n|-resisted|p1b: Excadrill|1\n|-damage|p1b: Excadrill|89/100\n|cant|p1b: Excadrill|flinch\n|move|p2b: Dragonite|Draco Meteor|p1a: Gengar\n|-damage|p1a: Gengar|0 fnt\n|-unboost|p2b: Dragonite|spa|2\n|faint|p1a: Gengar\n|\n|-weather|Sandstorm|[upkeep]\n|-damage|p2a: Sneasler|95/100|[from] Sandstorm\n|-damage|p2b: Dragonite|95/100|[from] Sandstorm\n|upkeep\n|\n|t:|1776471837\n|switch|p1a: Cynthia|Garchomp, L50, F, shiny|100/100\n|turn|2\n|\n|t:|1776471850\n|move|p1b: Excadrill|Rock Slide|p2a: Sneasler|[spread] p2a\n|-miss|p1b: Excadrill|p2b: Dragonite\n|-resisted|p2a: Sneasler|1\n|-crit|p2a: Sneasler\n|-damage|p2a: Sneasler|66/100\n|cant|p2a: Sneasler|flinch\n|move|p1a: Cynthia|Dragon Claw|p2b: Dragonite\n|-supereffective|p2b: Dragonite|1\n|-crit|p2b: Dragonite\n|-damage|p2b: Dragonite|0 fnt\n|faint|p2b: Dragonite\n|\n|-weather|Sandstorm|[upkeep]\n|-damage|p2a: Sneasler|60/100|[from] Sandstorm\n|upkeep\n|\n|t:|1776471861\n|switch|p2b: Pelipper|Pelipper, L50, F|100/100\n|-weather|RainDance|[from] ability: Drizzle|[of] p2b: Pelipper\n|turn|3\n|\n|t:|1776471892\n|switch|p1a: Tyranitar|Tyranitar, L50, M|100/100\n|-weather|Sandstorm|[from] ability: Sand Stream|[of] p1a: Tyranitar\n|move|p1b: Excadrill|Protect|p1b: Excadrill\n|-singleturn|p1b: Excadrill|Protect\n|move|p2a: Sneasler|Close Combat|p1b: Excadrill\n|-activate|p1b: Excadrill|move: Protect\n|move|p2b: Pelipper|Weather Ball|p1a: Tyranitar\n|-damage|p1a: Tyranitar|86/100\n|\n|-weather|Sandstorm|[upkeep]\n|-damage|p2a: Sneasler|55/100|[from] Sandstorm\n|-damage|p2b: Pelipper|94/100|[from] Sandstorm\n|upkeep\n|turn|4\n|\n|t:|1776471916\n|move|p2b: Pelipper|Protect|p2b: Pelipper\n|-singleturn|p2b: Pelipper|Protect\n|move|p1a: Tyranitar|Protect|p1a: Tyranitar\n|-singleturn|p1a: Tyranitar|Protect\n|move|p1b: Excadrill|Earthquake|p2b: Pelipper|[spread] p2a\n|-activate|p1a: Tyranitar|move: Protect\n|-activate|p2b: Pelipper|move: Protect\n|-supereffective|p2a: Sneasler|1\n|-damage|p2a: Sneasler|0 fnt\n|faint|p2a: Sneasler\n|\n|-weather|Sandstorm|[upkeep]\n|-damage|p2b: Pelipper|88/100|[from] Sandstorm\n|upkeep\n|\n|t:|1776471924\n|switch|p2a: Basculegion|Basculegion, L50, M|100/100\n|turn|5\n|\n|t:|1776471944\n|move|p1b: Excadrill|Rock Slide|p2b: Pelipper|[spread] p2a,p2b\n|-supereffective|p2b: Pelipper|1\n|-damage|p2a: Basculegion|76/100\n|-damage|p2b: Pelipper|52/100\n|move|p2a: Basculegion|Wave Crash|p1a: Tyranitar\n|-supereffective|p1a: Tyranitar|1\n|-damage|p1a: Tyranitar|0 fnt\n|faint|p1a: Tyranitar\n|-damage|p2a: Basculegion|51/100|[from] Recoil\n|move|p2b: Pelipper|Tailwind|p2b: Pelipper\n|-sidestart|p2: Dagin77|move: Tailwind\n|\n|-weather|Sandstorm|[upkeep]\n|-damage|p2a: Basculegion|45/100|[from] Sandstorm\n|-damage|p2b: Pelipper|46/100|[from] Sandstorm\n|upkeep\n|\n|t:|1776471951\n|switch|p1a: Cynthia|Garchomp, L50, F, shiny|100/100\n|turn|6\n|\n|t:|1776471959\n|move|p1b: Excadrill|Rock Slide|p2b: Pelipper|[spread] p2a,p2b\n|-supereffective|p2b: Pelipper|1\n|-damage|p2a: Basculegion|21/100\n|-damage|p2b: Pelipper|5/100\n|cant|p2a: Basculegion|flinch\n|move|p2b: Pelipper|Hurricane|p1a: Cynthia|[miss]\n|-miss|p2b: Pelipper|p1a: Cynthia\n|move|p1a: Cynthia|Rock Slide|p2a: Basculegion|[spread] p2a,p2b\n|-supereffective|p2b: Pelipper|1\n|-damage|p2a: Basculegion|0 fnt\n|-damage|p2b: Pelipper|0 fnt\n|faint|p2a: Basculegion\n|faint|p2b: Pelipper\n|\n|win|Anibaltsuna\n|raw|Anibaltsuna's rating: 1201 &rarr; <strong>1228</strong><br />(+27 for winning)\n|raw|Dagin77's rating: 1224 &rarr; <strong>1197</strong><br />(-27 for losing)\n|l|\u2606Dagin77\n|player|p2|\n",
  "uploadtime": 1776471979,
  "views": 22,
  "formatid": "gen9championsvgc2026regma",
  "rating": 1197,
  "private": 0,
  "password": null
}