{
  "id": "gen9championsvgc2026regma-2588508982",
  "format": "[Gen 9 Champions] VGC 2026 Reg M-A",
  "players": [
    "lonzoqing",
    "ZJFoster"
  ],
  "log": "|j|\u2606lonzoqing\n|j|\u2606ZJFoster\n|t:|1776640016\n|gametype|doubles\n|player|p1|lonzoqing|psychic|1331\n|player|p2|ZJFoster|benga|1236\n|gen|9\n|tier|[Gen 9 Champions] VGC 2026 Reg M-A\n|rated|\n|rule|Species Clause: Limit one of each Pok\u00e9mon\n|rule|Item Clause: Limit 1 of each item\n|clearpoke\n|poke|p1|Sinistcha, L50|\n|poke|p1|Sneasler, L50, M|\n|poke|p1|Milotic, L50, F|\n|poke|p1|Incineroar, L50, M|\n|poke|p1|Charizard, L50, F|\n|poke|p1|Rotom-Wash, L50|\n|poke|p2|Torkoal, L50, M, shiny|\n|poke|p2|Golurk, L50, shiny|\n|poke|p2|Garchomp, L50, F, shiny|\n|poke|p2|Maushold-Four, L50, shiny|\n|poke|p2|Oranguru, L50, M, shiny|\n|poke|p2|Hatterene, L50, F, shiny|\n|teampreview|4\n|inactive|Battle timer is ON: inactive players will automatically lose when time's up. (requested by ZJFoster)\n|\n|t:|1776640083\n|teamsize|p1|4\n|teamsize|p2|4\n|start\n|switch|p1a: Sinistcha|Sinistcha, L50|100/100\n|switch|p1b: Milotic|Milotic, L50, F|100/100\n|switch|p2a: Muten Roshi|Oranguru, L50, M, shiny|100/100\n|switch|p2b: Miss Lady|Hatterene, L50, F, shiny|100/100\n|turn|1\n|\n|t:|1776640103\n|move|p2a: Muten Roshi|Protect|p2a: Muten Roshi\n|-singleturn|p2a: Muten Roshi|Protect\n|move|p1b: Milotic|Scald|p2a: Muten Roshi\n|-activate|p2a: Muten Roshi|move: Protect\n|move|p2b: Miss Lady|Dazzling Gleam|p1b: Milotic|[spread] p1a,p1b\n|-damage|p1a: Sinistcha|52/100\n|-damage|p1b: Milotic|74/100\n|move|p1a: Sinistcha|Trick Room|p1a: Sinistcha\n|-fieldstart|move: Trick Room|[of] p1a: Sinistcha\n|\n|-heal|p1a: Sinistcha|58/100|[from] item: Leftovers\n|upkeep\n|turn|2\n|\n|t:|1776640128\n|move|p2b: Miss Lady|Dazzling Gleam|p1b: Milotic|[spread] p1a,p1b\n|-damage|p1a: Sinistcha|16/100\n|-damage|p1b: Milotic|44/100\n|move|p2a: Muten Roshi|Instruct|p2b: Miss Lady\n|-singleturn|p2b: Miss Lady|move: Instruct|[of] p2a: Muten Roshi\n|move|p2b: Miss Lady|Dazzling Gleam|p1a: Sinistcha|[spread] p1a,p1b\n|-damage|p1a: Sinistcha|0 fnt\n|-damage|p1b: Milotic|18/100\n|faint|p1a: Sinistcha\n|move|p1b: Milotic|Scald|p2a: Muten Roshi\n|-damage|p2a: Muten Roshi|70/100\n|\n|upkeep\n|\n|t:|1776640144\n|switch|p1a: Sneasler|Sneasler, L50, M|100/100\n|turn|3\n|\n|t:|1776640154\n|move|p2b: Miss Lady|Protect|p2b: Miss Lady\n|-singleturn|p2b: Miss Lady|Protect\n|move|p1a: Sneasler|Fake Out|p2b: Miss Lady\n|-activate|p2b: Miss Lady|move: Protect\n|move|p2a: Muten Roshi|Psychic|p1a: Sneasler\n|-supereffective|p1a: Sneasler|2\n|-damage|p1a: Sneasler|0 fnt\n|faint|p1a: Sneasler\n|move|p1b: Milotic|Recover|p1b: Milotic\n|-heal|p1b: Milotic|68/100\n|\n|upkeep\n|\n|t:|1776640166\n|switch|p1a: Rotom|Rotom-Wash, L50|100/100\n|turn|4\n|\n|t:|1776640174\n|move|p2b: Miss Lady|Dazzling Gleam|p1b: Milotic|[spread] p1a,p1b\n|-damage|p1a: Rotom|49/100\n|-damage|p1b: Milotic|41/100\n|move|p2a: Muten Roshi|Instruct|p2b: Miss Lady\n|-singleturn|p2b: Miss Lady|move: Instruct|[of] p2a: Muten Roshi\n|move|p2b: Miss Lady|Dazzling Gleam|p1a: Rotom|[spread] p1a,p1b\n|-damage|p1a: Rotom|1/100\n|-damage|p1b: Milotic|14/100\n|move|p1b: Milotic|Scald|p2b: Miss Lady\n|-damage|p2b: Miss Lady|59/100\n|move|p1a: Rotom|Thunder|p2b: Miss Lady|[miss]\n|-miss|p1a: Rotom|p2b: Miss Lady\n|\n|upkeep\n|turn|5\n|-message|lonzoqing forfeited.\n|\n|win|ZJFoster\n|raw|lonzoqing's rating: 1331 &rarr; <strong>1306</strong><br />(-25 for losing)\n|raw|ZJFoster's rating: 1236 &rarr; <strong>1268</strong><br />(+32 for winning)\n|l|\u2606lonzoqing\n|player|p1|\n",
  "uploadtime": 1776640193,
  "views": 35,
  "formatid": "gen9championsvgc2026regma",
  "rating": 1268,
  "private": 0,
  "password": null
}