{
  "id": "gen9championsvgc2026regma-2582004364",
  "format": "[Gen 9 Champions] VGC 2026 Reg M-A",
  "players": [
    "tryson69",
    "turingmachines"
  ],
  "log": "|j|\u2606tryson69\n|j|\u2606turingmachines\n|t:|1776047496\n|gametype|doubles\n|player|p1|tryson69|crasherwake|\n|player|p2|turingmachines|lyra|\n|gen|9\n|tier|[Gen 9 Champions] VGC 2026 Reg M-A\n|rated|Tournament battle\n|rule|Species Clause: Limit one of each Pok\u00e9mon\n|rule|Item Clause: Limit 1 of each item\n|clearpoke\n|poke|p1|Froslass, L50, F|\n|poke|p1|Kingambit, L50, M|\n|poke|p1|Rotom-Wash, L50|\n|poke|p1|Incineroar, L50, M|\n|poke|p1|Garchomp, L50, M|\n|poke|p1|Farigiraf, L50, F|\n|poke|p2|Whimsicott, L50, F|\n|poke|p2|Sableye, L50, F|\n|poke|p2|Conkeldurr, L50, F|\n|poke|p2|Gardevoir, L50, M|\n|poke|p2|Drampa, L50, F|\n|poke|p2|Arcanine-Hisui, L50, M|\n|teampreview|4\n|\n|t:|1776047522\n|teamsize|p1|4\n|teamsize|p2|4\n|start\n|switch|p1a: Froslass|Froslass, L50, F|100/100\n|switch|p1b: Mr Cat|Incineroar, L50, M|100/100\n|switch|p2a: Whimsicott|Whimsicott, L50, F, shiny|100/100\n|switch|p2b: Conkeldurr|Conkeldurr, L50, F, shiny|100/100\n|-ability|p1b: Mr Cat|Intimidate|boost\n|-unboost|p2a: Whimsicott|atk|1\n|-unboost|p2b: Conkeldurr|atk|1\n|turn|1\n|j| mayheem\n|\n|t:|1776047542\n|detailschange|p1a: Froslass|Froslass-Mega, L50, F\n|-mega|p1a: Froslass|Froslass|Froslassite\n|-weather|Snowscape|[from] ability: Snow Warning|[of] p1a: Froslass\n|move|p2a: Whimsicott|Tailwind|p2a: Whimsicott\n|-sidestart|p2: turingmachines|move: Tailwind\n|move|p2b: Conkeldurr|Knock Off|p1a: Froslass\n|-supereffective|p1a: Froslass|1\n|-damage|p1a: Froslass|66/100\n|move|p1a: Froslass|Blizzard|p2b: Conkeldurr|[spread] p2a,p2b\n|-supereffective|p2a: Whimsicott|1\n|-damage|p2a: Whimsicott|0 fnt\n|-damage|p2b: Conkeldurr|35/100\n|faint|p2a: Whimsicott\n|move|p1b: Mr Cat|Parting Shot|p2b: Conkeldurr\n|-unboost|p2b: Conkeldurr|atk|1\n|-unboost|p2b: Conkeldurr|spa|1\n|\n|t:|1776047556\n|switch|p1b: Farigiraf|Farigiraf, L50, F|100/100|[from] Parting Shot\n|\n|-weather|Snowscape|[upkeep]\n|upkeep\n|\n|t:|1776047558\n|switch|p2a: Drampa|Drampa, L50, F|100/100\n|-ability|p2a: Drampa|Cloud Nine\n|turn|2\n|\n|t:|1776047570\n|switch|p2b: Gardevoir|Gardevoir, L50, M|100/100\n|move|p1a: Froslass|Protect|p1a: Froslass\n|-singleturn|p1a: Froslass|Protect\n|move|p2a: Drampa|Heat Wave|p1b: Farigiraf|[spread] p1b\n|-activate|p1a: Froslass|move: Protect\n|-damage|p1b: Farigiraf|73/100\n|move|p1b: Farigiraf|Roar|p2a: Drampa\n|drag|p2a: Conkeldurr|Conkeldurr, L50, F, shiny|35/100\n|\n|-weather|Snowscape|[upkeep]\n|upkeep\n|turn|3\n|j| lizquirt\n|\n|t:|1776047587\n|switch|p2a: Drampa|Drampa, L50, F|100/100\n|-ability|p2a: Drampa|Cloud Nine\n|switch|p1a: Mr Cat|Incineroar, L50, M|100/100\n|-ability|p1a: Mr Cat|Intimidate|boost\n|-unboost|p2a: Drampa|atk|1\n|-unboost|p2b: Gardevoir|atk|1\n|detailschange|p2b: Gardevoir|Gardevoir-Mega, L50, M\n|-mega|p2b: Gardevoir|Gardevoir|Gardevoirite\n|move|p2b: Gardevoir|Mystical Fire|p1a: Mr Cat\n|-resisted|p1a: Mr Cat|1\n|-damage|p1a: Mr Cat|86/100\n|-unboost|p1a: Mr Cat|spa|1\n|-enditem|p1a: Mr Cat|White Herb\n|-clearnegativeboost|p1a: Mr Cat|[silent]\n|move|p1b: Farigiraf|Psychic|p2a: Drampa\n|-damage|p2a: Drampa|63/100\n|\n|-weather|Snowscape|[upkeep]\n|-heal|p2a: Drampa|69/100|[from] item: Leftovers\n|upkeep\n|turn|4\n|\n|t:|1776047605\n|switch|p2b: Conkeldurr|Conkeldurr, L50, F, shiny|35/100\n|move|p1b: Farigiraf|Helping Hand|p1a: Mr Cat\n|-singleturn|p1a: Mr Cat|Helping Hand|[of] p1b: Farigiraf\n|move|p2a: Drampa|Draco Meteor|p1a: Mr Cat|[miss]\n|-miss|p2a: Drampa|p1a: Mr Cat\n|move|p1a: Mr Cat|Close Combat|p2a: Drampa\n|-supereffective|p2a: Drampa|1\n|-damage|p2a: Drampa|0 fnt\n|-unboost|p1a: Mr Cat|def|1\n|-unboost|p1a: Mr Cat|spd|1\n|faint|p2a: Drampa\n|\n|-weather|Snowscape|[upkeep]\n|-sideend|p2: turingmachines|move: Tailwind\n|upkeep\n|\n|t:|1776047614\n|switch|p2a: Gardevoir|Gardevoir-Mega, L50, M|100/100\n|turn|5\n|\n|t:|1776047637\n|move|p2a: Gardevoir|Hyper Voice|p1b: Farigiraf|[spread] p1a,p1b\n|-damage|p1a: Mr Cat|17/100\n|-damage|p1b: Farigiraf|24/100\n|move|p2b: Conkeldurr|Knock Off|p1b: Farigiraf\n|-supereffective|p1b: Farigiraf|1\n|-damage|p1b: Farigiraf|0 fnt\n|-enditem|p1b: Farigiraf|Lum Berry|[from] move: Knock Off|[of] p2b: Conkeldurr\n|faint|p1b: Farigiraf\n|move|p1a: Mr Cat|Parting Shot|p2a: Gardevoir\n|-unboost|p2a: Gardevoir|atk|1\n|-unboost|p2a: Gardevoir|spa|1\n|\n|t:|1776047644\n|switch|p1a: Garchomp|Garchomp, L50, M|100/100|[from] Parting Shot\n|\n|-weather|none\n|upkeep\n|\n|t:|1776047646\n|switch|p1b: Froslass|Froslass-Mega, L50, F|66/100\n|-weather|Snowscape|[from] ability: Snow Warning|[of] p1b: Froslass\n|turn|6\n|\n|t:|1776047655\n|move|p1a: Garchomp|Poison Jab|p2a: Gardevoir\n|-supereffective|p2a: Gardevoir|1\n|-damage|p2a: Gardevoir|0 fnt\n|faint|p2a: Gardevoir\n|move|p1b: Froslass|Blizzard|p2b: Conkeldurr\n|-damage|p2b: Conkeldurr|0 fnt\n|faint|p2b: Conkeldurr\n|\n|win|tryson69\n|n|\u2606tryson69|tryson69\n|n|\u2606turingmachines|turingmachines\n|n| mayheem|mayheem\n|n| lizquirt|lizquirt\n|l|\u2606turingmachines\n|player|p2|\n|c|\u2606tryson69|gg\n|l| lizquirt\n|l| mayheem\n",
  "uploadtime": 1776047829,
  "views": 12,
  "formatid": "gen9championsvgc2026regma",
  "rating": null,
  "private": 0,
  "password": null
}