{
  "id": "gen9championsvgc2026regma-2587017759",
  "format": "[Gen 9 Champions] VGC 2026 Reg M-A",
  "players": [
    "ChainsPkmn",
    "CJG727_"
  ],
  "log": "|j|\u2606ChainsPkmn\n|j|\u2606CJG727_\n|html|<table width=\"100%\"><tr><td align=\"left\">ChainsPkmn</td><td align=\"right\">CJG727_</tr><tr><td align=\"left\"><i class=\"fa fa-circle-o\"></i> <i class=\"fa fa-circle-o\"></i> </td><td align=\"right\"><i class=\"fa fa-circle-o\"></i> <i class=\"fa fa-circle\"></i> </tr></table>\n|uhtml|bestof|<h2><strong>Game 2</strong> of <a href=\"/game-bestof3-gen9championsvgc2026regma-2587015264\">a best-of-3</a></h2>\n|t:|1776481698\n|gametype|doubles\n|player|p1|ChainsPkmn|miku-water|\n|player|p2|CJG727_|acetrainerf-gen4|\n|gen|9\n|tier|[Gen 9 Champions] VGC 2026 Reg M-A\n|rule|Species Clause: Limit one of each Pok\u00e9mon\n|rule|Item Clause: Limit 1 of each item\n|raw|<div class=\"infobox\"><details class=\"readmore\" open><summary><strong>1 custom rule:</strong></summary> Best of = 3</details></div>\n|clearpoke\n|poke|p1|Gengar, L50, F|\n|poke|p1|Palafin, L50, M|\n|poke|p1|Politoed, L50, F|\n|poke|p1|Rotom-Mow, L50|\n|poke|p1|Kommo-o, L50, M|\n|poke|p1|Sableye, L50, M|\n|poke|p2|Archaludon, L50, M|\n|poke|p2|Pelipper, L50, M|\n|poke|p2|Roserade, L50, M|\n|poke|p2|Basculegion, L50, M|\n|poke|p2|Kangaskhan, L50, F|\n|poke|p2|Gallade, L50, M|\n|teampreview|4\n|inactive|Battle timer is ON: inactive players will automatically lose when time's up. (requested by ChainsPkmn)\nCJG727_ rejected open team sheets.\n|\n|t:|1776481724\n|teamsize|p1|4\n|teamsize|p2|4\n|start\n|switch|p1a: Palafin|Palafin, L50, M|100/100\n|switch|p1b: Sableye|Sableye, L50, M|100/100\n|switch|p2a: Archaludon|Archaludon, L50, M|100/100\n|switch|p2b: Pelipper|Pelipper, L50, M|100/100\n|-weather|RainDance|[from] ability: Drizzle|[of] p2b: Pelipper\n|turn|1\n|\n|t:|1776481736\n|detailschange|p1a: Palafin|Palafin-Hero, L50, M\n|switch|p1a: Gengar|Gengar, L50, F|100/100\n|move|p2a: Archaludon|Protect|p2a: Archaludon\n|-singleturn|p2a: Archaludon|Protect\n|move|p1b: Sableye|Light Screen|p1b: Sableye\n|-sidestart|p1: ChainsPkmn|move: Light Screen\n|move|p2b: Pelipper|Hurricane|p1a: Gengar\n|-damage|p1a: Gengar|49/100\n|\n|-weather|RainDance|[upkeep]\n|upkeep\n|turn|2\n|\n|t:|1776481761\n|detailschange|p1a: Gengar|Gengar-Mega, L50, F\n|-mega|p1a: Gengar|Gengar|Gengarite\n|move|p1a: Gengar|Protect|p1a: Gengar\n|-singleturn|p1a: Gengar|Protect\n|move|p2b: Pelipper|Protect|p2b: Pelipper\n|-singleturn|p2b: Pelipper|Protect\n|move|p2a: Archaludon|Electro Shot||[still]\n|-prepare|p2a: Archaludon|Electro Shot\n|-boost|p2a: Archaludon|spa|1\n|-anim|p2a: Archaludon|Electro Shot|p1b: Sableye\n|-damage|p1b: Sableye|43/100\n|move|p1b: Sableye|Foul Play|p2b: Pelipper\n|-activate|p2b: Pelipper|move: Protect\n|\n|-weather|RainDance|[upkeep]\n|upkeep\n|turn|3\n|\n|t:|1776481779\n|move|p1b: Sableye|Thunder Wave|p2a: Archaludon\n|-status|p2a: Archaludon|par\n|move|p1a: Gengar|Focus Blast|p2a: Archaludon\n|-supereffective|p2a: Archaludon|1\n|-enditem|p2a: Archaludon|Chople Berry|[eat]\n|-enditem|p2a: Archaludon|Chople Berry|[weaken]\n|-damage|p2a: Archaludon|36/100 par\n|move|p2b: Pelipper|Hurricane|p1b: Sableye\n|-damage|p1b: Sableye|0 fnt\n|faint|p1b: Sableye\n|move|p2a: Archaludon|Electro Shot||[still]\n|-prepare|p2a: Archaludon|Electro Shot\n|-boost|p2a: Archaludon|spa|1\n|-anim|p2a: Archaludon|Electro Shot|p1a: Gengar\n|-damage|p1a: Gengar|0 fnt\n|faint|p1a: Gengar\n|\n|-weather|RainDance|[upkeep]\n|upkeep\n|\n|t:|1776481790\n|switch|p1a: Kommo-o|Kommo-o, L50, M|100/100\n|switch|p1b: Palafin|Palafin-Hero, L50, M|100/100\n|-activate|p1b: Palafin|ability: Zero to Hero\n|turn|4\n|\n|t:|1776481802\n|move|p2a: Archaludon|Protect|p2a: Archaludon\n|-singleturn|p2a: Archaludon|Protect\n|move|p1b: Palafin|Throat Chop|p2b: Pelipper\n|-damage|p2b: Pelipper|59/100\n|-start|p2b: Pelipper|Throat Chop|[silent]\n|move|p1a: Kommo-o|Clangorous Soul|p1a: Kommo-o\n|-boost|p1a: Kommo-o|atk|1\n|-boost|p1a: Kommo-o|def|1\n|-boost|p1a: Kommo-o|spa|1\n|-boost|p1a: Kommo-o|spd|1\n|-boost|p1a: Kommo-o|spe|1\n|-damage|p1a: Kommo-o|68/100\n|move|p2b: Pelipper|Tailwind|p2b: Pelipper\n|-sidestart|p2: CJG727_|move: Tailwind\n|\n|-weather|RainDance|[upkeep]\n|-heal|p1a: Kommo-o|73/100|[from] item: Leftovers\n|upkeep\n|turn|5\n|inactive|ChainsPkmn has 30 seconds left.\n|inactive|ChainsPkmn has 20 seconds left.\n|\n|t:|1776481838\n|move|p2b: Pelipper|Hurricane|p1a: Kommo-o\n|-supereffective|p1a: Kommo-o|1\n|-damage|p1a: Kommo-o|28/100\n|move|p1a: Kommo-o|Drain Punch|p2a: Archaludon\n|-supereffective|p2a: Archaludon|1\n|-damage|p2a: Archaludon|0 fnt\n|-heal|p1a: Kommo-o|50/100|[from] drain|[of] p2a: Archaludon\n|faint|p2a: Archaludon\n|move|p1b: Palafin|Wave Crash|p2b: Pelipper\n|-resisted|p2b: Pelipper|1\n|-damage|p2b: Pelipper|0 fnt\n|faint|p2b: Pelipper\n|-damage|p1b: Palafin|88/100|[from] Recoil\n|\n|-weather|none\n|-heal|p1a: Kommo-o|56/100|[from] item: Leftovers\n|-sideend|p1: ChainsPkmn|move: Light Screen\n|upkeep\n|\n|t:|1776481844\n|switch|p2a: Kangaskhan|Kangaskhan, L50, F|100/100\n|switch|p2b: Basculegion|Basculegion, L50, M|100/100\n|turn|6\n|\n|t:|1776481864\n|detailschange|p2a: Kangaskhan|Kangaskhan-Mega, L50, F\n|-mega|p2a: Kangaskhan|Kangaskhan|Kangaskhanite\n|move|p1a: Kommo-o|Protect|p1a: Kommo-o\n|-singleturn|p1a: Kommo-o|Protect\n|move|p1b: Palafin|Protect|p1b: Palafin\n|-singleturn|p1b: Palafin|Protect\n|move|p2a: Kangaskhan|Fake Out|p1b: Palafin\n|-activate|p1b: Palafin|move: Protect\n|move|p2b: Basculegion|Last Respects|p1a: Kommo-o\n|-activate|p1a: Kommo-o|move: Protect\n|\n|-heal|p1a: Kommo-o|61/100|[from] item: Leftovers\n|upkeep\n|turn|7\n|\n|t:|1776481885\n|move|p1a: Kommo-o|Protect||[still]\n|-fail|p1a: Kommo-o\n|move|p2a: Kangaskhan|Double-Edge|p1b: Palafin\n|-damage|p1b: Palafin|34/100\n|-damage|p1b: Palafin|19/100\n|-hitcount|p1b: Palafin|2\n|-damage|p2a: Kangaskhan|75/100|[from] Recoil\n|move|p2b: Basculegion|Last Respects|p1a: Kommo-o\n|-damage|p1a: Kommo-o|21/100\n|move|p1b: Palafin|Throat Chop|p2b: Basculegion\n|-supereffective|p2b: Basculegion|1\n|-damage|p2b: Basculegion|29/100\n|-start|p2b: Basculegion|Throat Chop|[silent]\n|\n|-heal|p1a: Kommo-o|26/100|[from] item: Leftovers\n|-sideend|p2: CJG727_|move: Tailwind\n|upkeep\n|turn|8\n|inactive|ChainsPkmn has 30 seconds left.\n|\n|t:|1776481911\n|move|p1a: Kommo-o|Thunder Punch|p2b: Basculegion\n|-supereffective|p2b: Basculegion|1\n|-damage|p2b: Basculegion|0 fnt\n|faint|p2b: Basculegion\n|move|p1b: Palafin|Close Combat|p2a: Kangaskhan\n|-supereffective|p2a: Kangaskhan|1\n|-damage|p2a: Kangaskhan|0 fnt\n|-unboost|p1b: Palafin|def|1\n|-unboost|p1b: Palafin|spd|1\n|faint|p2a: Kangaskhan\n|\n|win|ChainsPkmn\n||ChainsPkmn is ready for game 3.\n||CJG727_ is ready for game 3.\n|uhtml|next|Next: <a href=\"/battle-gen9championsvgc2026regma-2587019872\"><strong>Game 3 of 3</strong></a>\n|l|\u2606CJG727_\n|player|p2|\n|j|\u2606CJG727_\n|player|p2|CJG727_|acetrainerf-gen4|\n",
  "uploadtime": 1776482452,
  "views": 24,
  "formatid": "gen9championsvgc2026regma",
  "rating": null,
  "private": 0,
  "password": null
}