{
  "id": "gen9championsvgc2026regma-2580824041",
  "format": "[Gen 9 Champions] VGC 2026 Reg M-A",
  "players": [
    "FunnyPheesh",
    "Squittzle"
  ],
  "log": "|j|\u2606FunnyPheesh\n|j|\u2606Squittzle\n|t:|1775935439\n|gametype|doubles\n|player|p1|FunnyPheesh|gwynn|1165\n|player|p2|Squittzle|265|1097\n|gen|9\n|tier|[Gen 9 Champions] VGC 2026 Reg M-A\n|rated|\n|rule|Species Clause: Limit one of each Pok\u00e9mon\n|rule|Item Clause: Limit 1 of each item\n|clearpoke\n|poke|p1|Crabominable, L50, F|\n|poke|p1|Slowking, L50, F|\n|poke|p1|Kingambit, L50, M|\n|poke|p1|Sneasler, L50, M|\n|poke|p1|Meganium, L50, F|\n|poke|p1|Oranguru, L50, M|\n|poke|p2|Zoroark-Hisui, L50, F|\n|poke|p2|Floette-Eternal, L50, F|\n|poke|p2|Kingambit, L50, M|\n|poke|p2|Talonflame, L50, M|\n|poke|p2|Farigiraf, L50, M|\n|poke|p2|Kommo-o, L50, F|\n|teampreview|4\n|inactive|Battle timer is ON: inactive players will automatically lose when time's up. (requested by Squittzle)\n|inactive|FunnyPheesh has 60 seconds left.\n|inactive|Squittzle has 60 seconds left.\n|\n|t:|1775935490\n|teamsize|p1|4\n|teamsize|p2|4\n|start\n|switch|p1a: Meganium|Meganium, L50, F|100/100\n|switch|p1b: Oranguru|Oranguru, L50, M|100/100\n|switch|p2a: Farigiraf|Farigiraf, L50, M|100/100\n|switch|p2b: Kingambit|Kingambit, L50, M|100/100\n|turn|1\n|inactive|FunnyPheesh has 30 seconds left.\n|inactive|FunnyPheesh has 20 seconds left.\n|inactive|FunnyPheesh has 15 seconds left.\n|inactive|FunnyPheesh has 10 seconds left.\n|\n|t:|1775935539\n|detailschange|p1a: Meganium|Meganium-Mega, L50, F\n|-mega|p1a: Meganium|Meganium|Meganiumite\n|move|p2b: Kingambit|Taunt|p1b: Oranguru\n|-start|p1b: Oranguru|move: Taunt\n|-enditem|p1b: Oranguru|Mental Herb\n|-end|p1b: Oranguru|move: Taunt\n|move|p1a: Meganium|Weather Ball|p2b: Kingambit\n|-damage|p2b: Kingambit|22/100\n|replace|p2b: Zoroark|Zoroark-Hisui, L50, F\n|-end|p2b: Zoroark|Illusion\n|move|p2a: Farigiraf|Psychic Noise|p1a: Meganium\n|-damage|p1a: Meganium|71/100\n|-start|p1a: Meganium|move: Heal Block\n|move|p1b: Oranguru|Instruct|p1a: Meganium\n|-singleturn|p1a: Meganium|move: Instruct|[of] p1b: Oranguru\n|move|p1a: Meganium|Weather Ball|p2b: Zoroark\n|-damage|p2b: Zoroark|0 fnt\n|faint|p2b: Zoroark\n|\n|upkeep\n|inactive|Squittzle has 30 seconds left.\n|\n|t:|1775935567\n|switch|p2b: Kommo-o|Kommo-o, L50, F|100/100\n|turn|2\n|\n|t:|1775935578\n|move|p2b: Kommo-o|Flamethrower|p1a: Meganium\n|-supereffective|p1a: Meganium|1\n|-damage|p1a: Meganium|24/100\n|move|p1a: Meganium|Dazzling Gleam|p2a: Farigiraf|[spread] p2a,p2b\n|-supereffective|p2b: Kommo-o|2\n|-damage|p2a: Farigiraf|66/100\n|-damage|p2b: Kommo-o|0 fnt\n|faint|p2b: Kommo-o\n|move|p2a: Farigiraf|Trick Room|p2a: Farigiraf\n|-fieldstart|move: Trick Room|[of] p2a: Farigiraf\n|move|p1b: Oranguru|Trick Room|p1b: Oranguru\n|-fieldend|move: Trick Room\n|\n|-end|p1a: Meganium|move: Heal Block\n|upkeep\n|\n|t:|1775935590\n|switch|p2b: Kingambit|Kingambit, L50, M|100/100\n|-activate|p2b: Kingambit|ability: Supreme Overlord\n|-start|p2b: Kingambit|fallen2|[silent]\n|turn|3\n|\n|t:|1775935613\n|move|p2b: Kingambit|Protect|p2b: Kingambit\n|-singleturn|p2b: Kingambit|Protect\n|move|p1a: Meganium|Weather Ball|p2b: Kingambit\n|-activate|p2b: Kingambit|move: Protect\n|move|p2a: Farigiraf|Psychic Noise|p1a: Meganium\n|-damage|p1a: Meganium|0 fnt\n|faint|p1a: Meganium\n|move|p1b: Oranguru|Trick Room|p1b: Oranguru\n|-fieldstart|move: Trick Room|[of] p1b: Oranguru\n|\n|upkeep\n|\n|t:|1775935618\n|switch|p1a: Kingambit|Kingambit, L50, M|100/100\n|turn|4\n|\n|t:|1775935637\n|move|p1a: Kingambit|Low Kick|p2b: Kingambit\n|-supereffective|p2b: Kingambit|2\n|-damage|p2b: Kingambit|0 fnt\n|faint|p2b: Kingambit\n|-end|p2b: Kingambit|fallen2|[silent]\n|move|p1b: Oranguru|Instruct|p1a: Kingambit\n|-singleturn|p1a: Kingambit|move: Instruct|[of] p1b: Oranguru\n|move|p1a: Kingambit|Low Kick|p2a: Farigiraf\n|-damage|p2a: Farigiraf|32/100\n|-enditem|p2a: Farigiraf|Sitrus Berry|[eat]\n|-heal|p2a: Farigiraf|56/100|[from] item: Sitrus Berry\n|move|p2a: Farigiraf|Dazzling Gleam|p1a: Kingambit|[spread] p1a,p1b\n|-damage|p1a: Kingambit|84/100\n|-damage|p1b: Oranguru|86/100\n|\n|upkeep\n|turn|5\n|c|\u2606FunnyPheesh|gg\n|\n|t:|1775935655\n|move|p1a: Kingambit|Iron Head|p2a: Farigiraf\n|-damage|p2a: Farigiraf|15/100\n|move|p1b: Oranguru|Hyper Voice|p2a: Farigiraf\n|-damage|p2a: Farigiraf|0 fnt\n|faint|p2a: Farigiraf\n|\n|win|FunnyPheesh\n|raw|FunnyPheesh's rating: 1165 &rarr; <strong>1185</strong><br />(+20 for winning)\n|raw|Squittzle's rating: 1097 &rarr; <strong>1077</strong><br />(-20 for losing)\n|l|\u2606Squittzle\n|player|p2|\n",
  "uploadtime": 1775935662,
  "views": 18,
  "formatid": "gen9championsvgc2026regma",
  "rating": 1077,
  "private": 0,
  "password": null
}