{
  "id": "gen9championsvgc2026regma-2588229086",
  "format": "[Gen 9 Champions] VGC 2026 Reg M-A",
  "players": [
    "dguiratheboon",
    "Wishekis"
  ],
  "log": "|j|\u2606dguiratheboon\n|j|\u2606Wishekis\n|t:|1776616288\n|gametype|doubles\n|player|p1|dguiratheboon|169|1033\n|player|p2|Wishekis|alder|1000\n|gen|9\n|tier|[Gen 9 Champions] VGC 2026 Reg M-A\n|rated|\n|rule|Species Clause: Limit one of each Pok\u00e9mon\n|rule|Item Clause: Limit 1 of each item\n|clearpoke\n|poke|p1|Chesnaught, L50, F|\n|poke|p1|Incineroar, L50, F|\n|poke|p1|Clefable, L50, M|\n|poke|p1|Sinistcha, L50|\n|poke|p1|Clawitzer, L50, F|\n|poke|p1|Meowstic, L50, M|\n|poke|p2|Gengar, L50, M|\n|poke|p2|Aggron, L50, F|\n|poke|p2|Azumarill, L50, F|\n|poke|p2|Incineroar, L50, F|\n|poke|p2|Serperior, L50, F|\n|poke|p2|Typhlosion-Hisui, L50, F|\n|teampreview|4\ndguiratheboon rejected open team sheets.\n|\n|t:|1776616322\n|teamsize|p1|4\n|teamsize|p2|4\n|start\n|switch|p1a: Sinistcha|Sinistcha, L50|100/100\n|switch|p1b: Chesnaught|Chesnaught, L50, F|100/100\n|switch|p2a: Gengar|Gengar, L50, M|100/100\n|switch|p2b: Incineroar|Incineroar, L50, F|100/100\n|-ability|p2b: Incineroar|Intimidate|boost\n|-unboost|p1a: Sinistcha|atk|1\n|-unboost|p1b: Chesnaught|atk|1\n|turn|1\n|\n|t:|1776616338\n|detailschange|p2a: Gengar|Gengar-Mega, L50, M\n|-mega|p2a: Gengar|Gengar|Gengarite\n|detailschange|p1b: Chesnaught|Chesnaught-Mega, L50, F\n|-mega|p1b: Chesnaught|Chesnaught|Chesnaughtite\n|move|p2b: Incineroar|Fake Out|p1b: Chesnaught\n|-damage|p1b: Chesnaught|93/100\n|move|p1a: Sinistcha|Rage Powder|p1a: Sinistcha\n|-singleturn|p1a: Sinistcha|move: Rage Powder\n|move|p2a: Gengar|Perish Song|p2a: Gengar\n|-start|p1a: Sinistcha|perish3|[silent]\n|-start|p1b: Chesnaught|perish3|[silent]\n|-start|p2a: Gengar|perish3|[silent]\n|-start|p2b: Incineroar|perish3|[silent]\n|-fieldactivate|move: Perish Song\n|cant|p1b: Chesnaught|flinch\n|\n|-start|p2a: Gengar|perish3\n|-start|p1a: Sinistcha|perish3\n|-start|p2b: Incineroar|perish3\n|-start|p1b: Chesnaught|perish3\n|upkeep\n|turn|2\n|\n|t:|1776616361\n|move|p2a: Gengar|Protect|p2a: Gengar\n|-singleturn|p2a: Gengar|Protect\n|move|p2b: Incineroar|Protect|p2b: Incineroar\n|-singleturn|p2b: Incineroar|Protect\n|move|p1b: Chesnaught|Drain Punch|p2b: Incineroar\n|-activate|p2b: Incineroar|move: Protect\n|move|p1a: Sinistcha|Trick Room|p1a: Sinistcha\n|-fieldstart|move: Trick Room|[of] p1a: Sinistcha\n|\n|-start|p1b: Chesnaught|perish2\n|-start|p2b: Incineroar|perish2\n|-start|p1a: Sinistcha|perish2\n|-start|p2a: Gengar|perish2\n|upkeep\n|turn|3\n|\n|t:|1776616378\n|switch|p2a: Aggron|Aggron, L50, F|100/100\n|move|p1b: Chesnaught|Drain Punch|p2b: Incineroar\n|-supereffective|p2b: Incineroar|1\n|-damage|p2b: Incineroar|40/100\n|-heal|p1b: Chesnaught|100/100|[from] drain|[of] p2b: Incineroar\n|move|p2b: Incineroar|Parting Shot|p1a: Sinistcha\n|-unboost|p1a: Sinistcha|atk|1\n|-unboost|p1a: Sinistcha|spa|1\n|\n|t:|1776616388\n|switch|p2b: Gengar|Gengar-Mega, L50, M|100/100|[from] Parting Shot\n|move|p1a: Sinistcha|Life Dew||[still]|[still]|[spread] \n|-fail|p1a: Sinistcha|heal\n|-fail|p1b: Chesnaught|heal\n|\n|-start|p1b: Chesnaught|perish1\n|-start|p1a: Sinistcha|perish1\n|upkeep\n|turn|4\n|\n|t:|1776616415\n|switch|p1a: Incineroar|Incineroar, L50, F|100/100\n|-ability|p1a: Incineroar|Intimidate|boost\n|-unboost|p2a: Aggron|atk|1\n|-unboost|p2b: Gengar|atk|1\n|move|p2b: Gengar|Protect|p2b: Gengar\n|-singleturn|p2b: Gengar|Protect\n|move|p1b: Chesnaught|Drain Punch|p2a: Aggron\n|-supereffective|p2a: Aggron|2\n|-damage|p2a: Aggron|30/100\n|move|p2a: Aggron|Iron Defense|p2a: Aggron\n|-boost|p2a: Aggron|def|2\n|\n|-start|p1b: Chesnaught|perish0\n|faint|p1b: Chesnaught\n|upkeep\n|\n|t:|1776616432\n|switch|p1b: Sinistcha|Sinistcha, L50|100/100\n|turn|5\n|\n|t:|1776616456\n|switch|p2b: Incineroar|Incineroar, L50, F|40/100\n|-ability|p2b: Incineroar|Intimidate|boost\n|-unboost|p1a: Incineroar|atk|1\n|-unboost|p1b: Sinistcha|atk|1\n|move|p2a: Aggron|Body Press|p1a: Incineroar\n|-supereffective|p1a: Incineroar|1\n|-crit|p1a: Incineroar\n|-damage|p1a: Incineroar|0 fnt\n|faint|p1a: Incineroar\n|move|p1b: Sinistcha|Life Dew||[still]\n|-fail|p1b: Sinistcha|heal\n|\n|upkeep\n|\n|t:|1776616466\n|switch|p1a: Clefable|Clefable, L50, M|100/100\n|turn|6\n|-message|dguiratheboon forfeited.\n|\n|win|Wishekis\n|raw|dguiratheboon's rating: 1033 &rarr; <strong>1017</strong><br />(-16 for losing)\n|raw|Wishekis's rating: 1000 &rarr; <strong>1044</strong><br />(+44 for winning)\n|l|\u2606dguiratheboon\n|player|p1|\n",
  "uploadtime": 1776616482,
  "views": 14,
  "formatid": "gen9championsvgc2026regma",
  "rating": 1017,
  "private": 0,
  "password": null
}