{
  "id": "gen9championsvgc2026regma-2586724903",
  "format": "[Gen 9 Champions] VGC 2026 Reg M-A",
  "players": [
    "Thatboydin",
    "cowsmoogo"
  ],
  "log": "|j|\u2606Thatboydin\n|j|\u2606cowsmoogo\n|t:|1776455032\n|gametype|doubles\n|player|p1|Thatboydin|aromalady|1098\n|player|p2|cowsmoogo|dawn-gen4pt|1125\n|gen|9\n|tier|[Gen 9 Champions] VGC 2026 Reg M-A\n|rated|\n|rule|Species Clause: Limit one of each Pok\u00e9mon\n|rule|Item Clause: Limit 1 of each item\n|clearpoke\n|poke|p1|Archaludon, L50, M|\n|poke|p1|Dragonite, L50, F|\n|poke|p1|Crabominable, L50, M|\n|poke|p1|Farigiraf, L50, F|\n|poke|p1|Politoed, L50, M|\n|poke|p1|Incineroar, L50, M|\n|poke|p2|Chimecho, L50, F|\n|poke|p2|Reuniclus, L50, F|\n|poke|p2|Torkoal, L50, M|\n|poke|p2|Rhyperior, L50, M|\n|poke|p2|Rotom-Wash, L50|\n|poke|p2|Incineroar, L50, M|\n|teampreview|4\n|\n|t:|1776455074\n|teamsize|p1|4\n|teamsize|p2|4\n|start\n|switch|p1a: HIMcineroar|Incineroar, L50, M|100/100\n|switch|p1b: AMC Theaters|Archaludon, L50, M|100/100\n|switch|p2a: Rotom|Rotom-Wash, L50|100/100\n|switch|p2b: Reuniclus|Reuniclus, L50, F|100/100\n|-ability|p1a: HIMcineroar|Intimidate|boost\n|-unboost|p2a: Rotom|atk|1\n|-unboost|p2b: Reuniclus|atk|1\n|turn|1\n|\n|t:|1776455097\n|move|p2b: Reuniclus|Protect|p2b: Reuniclus\n|-singleturn|p2b: Reuniclus|Protect\n|move|p1a: HIMcineroar|Fake Out|p2a: Rotom\n|-damage|p2a: Rotom|86/100\n|cant|p2a: Rotom|flinch\n|move|p1b: AMC Theaters|Thunderbolt|p2a: Rotom\n|-damage|p2a: Rotom|56/100\n|\n|upkeep\n|turn|2\n|inactive|Battle timer is ON: inactive players will automatically lose when time's up. (requested by Thatboydin)\n|\n|t:|1776455158\n|switch|p1a: Dragonite|Dragonite, L50, F|100/100\n|switch|p2b: Rhyperior|Rhyperior, L50, M|100/100\n|move|p2a: Rotom|Hydro Pump|p1a: Dragonite\n|-resisted|p1a: Dragonite|1\n|-damage|p1a: Dragonite|88/100\n|move|p1b: AMC Theaters|Dragon Pulse|p2a: Rotom\n|-damage|p2a: Rotom|18/100\n|-enditem|p2a: Rotom|Sitrus Berry|[eat]\n|-heal|p2a: Rotom|43/100|[from] item: Sitrus Berry\n|\n|upkeep\n|turn|3\n|\n|t:|1776455182\n|detailschange|p1a: Dragonite|Dragonite-Mega, L50, F\n|-mega|p1a: Dragonite|Dragonite|Dragoninite\n|move|p1a: Dragonite|Roost|p1a: Dragonite\n|-heal|p1a: Dragonite|100/100\n|-singleturn|p1a: Dragonite|move: Roost\n|move|p2a: Rotom|Volt Switch|p1a: Dragonite\n|-resisted|p1a: Dragonite|1\n|-damage|p1a: Dragonite|94/100\n|\n|t:|1776455206\n|switch|p2a: Reuniclus|Reuniclus, L50, F|100/100|[from] Volt Switch\n|move|p1b: AMC Theaters|Flash Cannon|p2b: Rhyperior\n|-supereffective|p2b: Rhyperior|1\n|-damage|p2b: Rhyperior|31/100\n|move|p2b: Rhyperior|Supercell Slam|p1a: Dragonite\n|-resisted|p1a: Dragonite|1\n|-damage|p1a: Dragonite|78/100\n|\n|-heal|p2b: Rhyperior|37/100|[from] item: Leftovers\n|upkeep\n|turn|4\n|\n|t:|1776455221\n|switch|p1b: HIMcineroar|Incineroar, L50, M|100/100\n|-ability|p1b: HIMcineroar|Intimidate|boost\n|-unboost|p2a: Reuniclus|atk|1\n|-unboost|p2b: Rhyperior|atk|1\n|move|p2b: Rhyperior|Protect|p2b: Rhyperior\n|-singleturn|p2b: Rhyperior|Protect\n|move|p1a: Dragonite|Ice Beam|p2b: Rhyperior\n|-activate|p2b: Rhyperior|move: Protect\n|move|p2a: Reuniclus|Trick Room|p2a: Reuniclus\n|-fieldstart|move: Trick Room|[of] p2a: Reuniclus\n|\n|-heal|p2b: Rhyperior|43/100|[from] item: Leftovers\n|upkeep\n|turn|5\n|\n|t:|1776455238\n|move|p1a: Dragonite|Protect|p1a: Dragonite\n|-singleturn|p1a: Dragonite|Protect\n|move|p2a: Reuniclus|Psychic Terrain|p2a: Reuniclus\n|-fieldstart|move: Psychic Terrain\n|move|p2b: Rhyperior|Rock Slide|p1a: Dragonite|[spread] p1b\n|-activate|p1a: Dragonite|move: Protect\n|-supereffective|p1b: HIMcineroar|1\n|-damage|p1b: HIMcineroar|58/100\n|move|p1b: HIMcineroar|Throat Chop|p2a: Reuniclus\n|-supereffective|p2a: Reuniclus|1\n|-damage|p2a: Reuniclus|25/100\n|-start|p2a: Reuniclus|Throat Chop|[silent]\n|\n|-heal|p2b: Rhyperior|49/100|[from] item: Leftovers\n|upkeep\n|turn|6\n|\n|t:|1776455259\n|switch|p2a: Rotom|Rotom-Wash, L50|43/100\n|switch|p1a: AMC Theaters|Archaludon, L50, M|100/100\n|move|p2b: Rhyperior|Rock Slide|p1a: AMC Theaters|[spread] p1a,p1b\n|-resisted|p1a: AMC Theaters|1\n|-supereffective|p1b: HIMcineroar|1\n|-damage|p1a: AMC Theaters|93/100\n|-damage|p1b: HIMcineroar|12/100\n|-ability|p1a: AMC Theaters|Stamina|boost\n|-boost|p1a: AMC Theaters|def|1\n|move|p1b: HIMcineroar|Will-O-Wisp|p2b: Rhyperior\n|-status|p2b: Rhyperior|brn\n|\n|-heal|p2b: Rhyperior|55/100 brn|[from] item: Leftovers\n|-heal|p1a: AMC Theaters|99/100|[from] item: Leftovers\n|-damage|p2b: Rhyperior|49/100 brn|[from] brn\n|upkeep\n|turn|7\n|inactive|Thatboydin has 30 seconds left.\n|inactive|cowsmoogo has 30 seconds left.\n|inactive|cowsmoogo has 20 seconds left.\n|\n|t:|1776455299\n|move|p2b: Rhyperior|Rock Slide|p1a: AMC Theaters|[spread] p1a,p1b\n|-resisted|p1a: AMC Theaters|1\n|-supereffective|p1b: HIMcineroar|1\n|-damage|p1a: AMC Theaters|96/100\n|-damage|p1b: HIMcineroar|0 fnt\n|-ability|p1a: AMC Theaters|Stamina|boost\n|-boost|p1a: AMC Theaters|def|1\n|faint|p1b: HIMcineroar\n|move|p1a: AMC Theaters|Dragon Pulse|p2a: Rotom\n|-damage|p2a: Rotom|0 fnt\n|faint|p2a: Rotom\n|\n|-heal|p2b: Rhyperior|55/100 brn|[from] item: Leftovers\n|-heal|p1a: AMC Theaters|100/100|[from] item: Leftovers\n|-damage|p2b: Rhyperior|49/100 brn|[from] brn\n|upkeep\n|\n|t:|1776455314\n|switch|p1b: Eugene Krabs|Crabominable, L50, M, shiny|100/100\n|switch|p2a: Chimecho|Chimecho, L50, F|100/100\n|turn|8\n|\n|t:|1776455338\n|switch|p2b: Reuniclus|Reuniclus, L50, F|58/100\n|detailschange|p2a: Chimecho|Chimecho-Mega, L50, F\n|-mega|p2a: Chimecho|Chimecho|Chimechite\n|move|p1a: AMC Theaters|Protect|p1a: AMC Theaters\n|-singleturn|p1a: AMC Theaters|Protect\n|move|p1b: Eugene Krabs|Ice Hammer|p2a: Chimecho\n|-resisted|p2a: Chimecho|1\n|-damage|p2a: Chimecho|76/100\n|-unboost|p1b: Eugene Krabs|spe|1\n|move|p2a: Chimecho|Expanding Force|p1b: Eugene Krabs\n|-supereffective|p1b: Eugene Krabs|1\n|-damage|p1b: Eugene Krabs|0 fnt\n|faint|p1b: Eugene Krabs\n|\n|-fieldend|move: Trick Room\n|upkeep\n|\n|t:|1776455351\n|switch|p1b: Dragonite|Dragonite-Mega, L50, F|78/100\n|turn|9\n|\n|t:|1776455367\n|move|p2a: Chimecho|Protect|p2a: Chimecho\n|-singleturn|p2a: Chimecho|Protect\n|move|p1b: Dragonite|Hurricane|p2a: Chimecho\n|-activate|p2a: Chimecho|move: Protect\n|move|p1a: AMC Theaters|Dragon Pulse|p2b: Reuniclus\n|-damage|p2b: Reuniclus|24/100\n|move|p2b: Reuniclus|Trick Room|p2b: Reuniclus\n|-fieldstart|move: Trick Room|[of] p2b: Reuniclus\n|\n|-fieldend|move: Psychic Terrain\n|upkeep\n|turn|10\n|inactive|Thatboydin has 30 seconds left.\n|inactive|Thatboydin has 20 seconds left.\n|inactive|Thatboydin has 15 seconds left.\n|inactive|Thatboydin has 10 seconds left.\n|inactive|Thatboydin has 5 seconds left.\n|\n|t:|1776455421\n|move|p2b: Reuniclus|Psychic Terrain|p2b: Reuniclus\n|-fieldstart|move: Psychic Terrain\n|move|p2a: Chimecho|Expanding Force|p1b: Dragonite\n|-damage|p1b: Dragonite|43/100\n|move|p1a: AMC Theaters|Dragon Pulse|p2a: Chimecho\n|-resisted|p2a: Chimecho|1\n|-damage|p2a: Chimecho|61/100\n|move|p1b: Dragonite|Roost|p1b: Dragonite\n|-heal|p1b: Dragonite|93/100\n|-singleturn|p1b: Dragonite|move: Roost\n|\n|upkeep\n|turn|11\n|inactive|Thatboydin has 30 seconds left.\n|inactive|Thatboydin has 20 seconds left.\n|inactive|Thatboydin has 15 seconds left.\n|\n|t:|1776455465\n|move|p2b: Reuniclus|Expanding Force|p1a: AMC Theaters|[spread] p1a,p1b\n|-resisted|p1a: AMC Theaters|1\n|-damage|p1a: AMC Theaters|60/100\n|-damage|p1b: Dragonite|37/100\n|-ability|p1a: AMC Theaters|Stamina|boost\n|-boost|p1a: AMC Theaters|def|1\n|move|p2a: Chimecho|Expanding Force|p1b: Dragonite\n|-damage|p1b: Dragonite|2/100\n|move|p1a: AMC Theaters|Flash Cannon|p2b: Reuniclus\n|-damage|p2b: Reuniclus|0 fnt\n|faint|p2b: Reuniclus\n|move|p1b: Dragonite|Ice Beam|p2a: Chimecho\n|-resisted|p2a: Chimecho|1\n|-damage|p2a: Chimecho|48/100\n|-status|p2a: Chimecho|frz\n|\n|-heal|p1a: AMC Theaters|66/100|[from] item: Leftovers\n|upkeep\n|c|\u2606cowsmoogo|... chimeko doesn't get expanding force cause of levitate lol\n|\n|t:|1776455480\n|switch|p2b: Rhyperior|Rhyperior, L50, M|49/100 brn\n|turn|12\n|inactive|Thatboydin has 30 seconds left.\n|\n|t:|1776455508\n|move|p2b: Rhyperior|Earthquake|p1a: AMC Theaters|[spread] p1a\n|-immune|p2a: Chimecho|[from] ability: Levitate\n|-immune|p1b: Dragonite\n|-supereffective|p1a: AMC Theaters|1\n|-damage|p1a: AMC Theaters|54/100\n|-ability|p1a: AMC Theaters|Stamina|boost\n|-boost|p1a: AMC Theaters|def|1\n|cant|p2a: Chimecho|frz\n|move|p1a: AMC Theaters|Flash Cannon|p2b: Rhyperior\n|-supereffective|p2b: Rhyperior|1\n|-damage|p2b: Rhyperior|0 fnt\n|faint|p2b: Rhyperior\n|move|p1b: Dragonite|Roost|p1b: Dragonite\n|-heal|p1b: Dragonite|52/100\n|-singleturn|p1b: Dragonite|move: Roost\n|\n|-heal|p1a: AMC Theaters|60/100|[from] item: Leftovers\n|upkeep\n|turn|13\n|inactive|Thatboydin has 30 seconds left.\n|inactive|Thatboydin has 20 seconds left.\n|\n|t:|1776455547\n|cant|p2a: Chimecho|frz\n|move|p1a: AMC Theaters|Thunderbolt|p2a: Chimecho\n|-damage|p2a: Chimecho|25/100 frz\n|move|p1b: Dragonite|Hurricane|p2a: Chimecho\n|-resisted|p2a: Chimecho|1\n|-damage|p2a: Chimecho|0 fnt\n|faint|p2a: Chimecho\n|\n|win|Thatboydin\n|raw|Thatboydin's rating: 1098 &rarr; <strong>1125</strong><br />(+27 for winning)\n|raw|cowsmoogo's rating: 1125 &rarr; <strong>1098</strong><br />(-27 for losing)\n",
  "uploadtime": 1776455554,
  "views": 25,
  "formatid": "gen9championsvgc2026regma",
  "rating": 1098,
  "private": 0,
  "password": null
}