{
  "id": "gen9championsvgc2026regma-2585571556",
  "format": "[Gen 9 Champions] VGC 2026 Reg M-A",
  "players": [
    "khanhnguyen11",
    "627866h"
  ],
  "log": "|j|\u2606khanhnguyen11\n|j|\u2606627866h\n|t:|1776356274\n|gametype|doubles\n|player|p1|khanhnguyen11|265|1194\n|player|p2|627866h|265|1117\n|gen|9\n|tier|[Gen 9 Champions] VGC 2026 Reg M-A\n|rated|\n|rule|Species Clause: Limit one of each Pok\u00e9mon\n|rule|Item Clause: Limit 1 of each item\n|clearpoke\n|poke|p1|Aerodactyl, L50, M|\n|poke|p1|Incineroar, L50, F|\n|poke|p1|Floette-Eternal, L50, F|\n|poke|p1|Basculegion, L50, M|\n|poke|p1|Garchomp, L50, M|\n|poke|p1|Sneasler, L50, F|\n|poke|p2|Floette-Eternal, L50, F|\n|poke|p2|Zoroark-Hisui, L50, F|\n|poke|p2|Garchomp, L50, M|\n|poke|p2|Sneasler, L50, M|\n|poke|p2|Aerodactyl, L50, F|\n|poke|p2|Typhlosion-Hisui, L50, M|\n|teampreview|4\n|inactive|Battle timer is ON: inactive players will automatically lose when time's up. (requested by khanhnguyen11)\nkhanhnguyen11 rejected open team sheets.\n|inactive|khanhnguyen11 has 60 seconds left.\n|inactive|627866h has 60 seconds left.\n|\n|t:|1776356328\n|teamsize|p1|4\n|teamsize|p2|4\n|start\n|switch|p1a: Incineroar|Incineroar, L50, F|100/100\n|switch|p1b: Sneasler|Sneasler, L50, F|100/100\n|switch|p2a: Sneasler|Sneasler, L50, M|100/100\n|switch|p2b: Floette|Floette-Eternal, L50, F|100/100\n|-ability|p1a: Incineroar|Intimidate|boost\n|-unboost|p2a: Sneasler|atk|1\n|-unboost|p2b: Floette|atk|1\n|turn|1\n|\n|t:|1776356349\n|switch|p2b: Sneasler|Sneasler, L50, M|100/100\n|move|p1a: Incineroar|Fake Out|p2a: Sneasler\n|-immune|p2a: Sneasler\n|move|p2a: Sneasler|Hyper Voice|p1a: Incineroar|[spread] p1a,p1b\n|-damage|p1a: Incineroar|77/100\n|-damage|p1b: Sneasler|50/100\n|move|p1b: Sneasler|Dire Claw|p2b: Sneasler\n|-resisted|p2b: Sneasler|1\n|-damage|p2b: Sneasler|66/100\n|\n|upkeep\n|turn|2\n|inactive|khanhnguyen11 has 30 seconds left.\n|\n|t:|1776356375\n|move|p1b: Sneasler|Protect|p1b: Sneasler\n|-singleturn|p1b: Sneasler|Protect\n|move|p2a: Sneasler|Hyper Voice|p1b: Sneasler|[spread] p1a\n|-activate|p1b: Sneasler|move: Protect\n|-damage|p1a: Incineroar|54/100\n|move|p2b: Sneasler|Close Combat|p1a: Incineroar\n|-supereffective|p1a: Incineroar|1\n|-damage|p1a: Incineroar|0 fnt\n|-unboost|p2b: Sneasler|def|1\n|-unboost|p2b: Sneasler|spd|1\n|faint|p1a: Incineroar\n|-enditem|p2b: Sneasler|White Herb\n|-clearnegativeboost|p2b: Sneasler|[silent]\n|\n|upkeep\n|\n|t:|1776356389\n|switch|p1a: Aerodactyl|Aerodactyl, L50, M|100/100\n|-ability|p1a: Aerodactyl|Unnerve\n|turn|3\n|\n|t:|1776356401\n|move|p2b: Sneasler|Close Combat|p1a: Aerodactyl\n|-enditem|p1a: Aerodactyl|Focus Sash\n|-damage|p1a: Aerodactyl|1/100\n|-unboost|p2b: Sneasler|def|1\n|-unboost|p2b: Sneasler|spd|1\n|move|p2a: Sneasler|Hyper Voice|p1a: Aerodactyl|[spread] p1a,p1b\n|-resisted|p1a: Aerodactyl|1\n|-damage|p1a: Aerodactyl|0 fnt\n|-damage|p1b: Sneasler|5/100\n|faint|p1a: Aerodactyl\n|move|p1b: Sneasler|Dire Claw|p2b: Sneasler\n|-resisted|p2b: Sneasler|1\n|-damage|p2b: Sneasler|8/100\n|\n|upkeep\n|\n|t:|1776356413\n|switch|p1a: Floette|Floette-Eternal, L50, F|100/100\n|turn|4\n|\n|t:|1776356435\n|switch|p2a: Garchomp|Garchomp, L50, M|100/100\n|move|p1a: Floette|Protect|p1a: Floette\n|-singleturn|p1a: Floette|Protect\n|move|p2b: Sneasler|Dire Claw|p1a: Floette\n|-activate|p1a: Floette|move: Protect\n|move|p1b: Sneasler|Rock Tomb|p2b: Sneasler\n|-resisted|p2b: Sneasler|1\n|-damage|p2b: Sneasler|0 fnt\n|faint|p2b: Sneasler\n|\n|upkeep\n|\n|t:|1776356445\n|switch|p2b: Floette|Floette-Eternal, L50, F|100/100\n|turn|5\n|\n|t:|1776356455\n|detailschange|p1a: Floette|Floette-Mega, L50, F\n|-mega|p1a: Floette|Floette|Floettite\n|-ability|p1a: Floette|Fairy Aura\n|move|p2b: Floette|Icy Wind|p1b: Sneasler|[spread] p1a,p1b\n|-damage|p1a: Floette|89/100\n|-damage|p1b: Sneasler|0 fnt\n|-unboost|p1a: Floette|spe|1\n|faint|p1b: Sneasler\n|move|p2a: Garchomp|Stomping Tantrum|p1a: Floette\n|-damage|p1a: Floette|19/100\n|move|p1a: Floette|Dazzling Gleam|p2b: Floette|[spread] p2a,p2b\n|-supereffective|p2a: Garchomp|1\n|-damage|p2a: Garchomp|0 fnt\n|-damage|p2b: Floette|0 fnt\n|replace|p2b: Zoroark|Zoroark-Hisui, L50, F\n|-end|p2b: Zoroark|Illusion\n|faint|p2a: Garchomp\n|faint|p2b: Zoroark\n|\n|upkeep\n|\n|t:|1776356457\n|switch|p2b: Floette|Floette-Eternal, L50, F|100/100\n|turn|6\n|\n|t:|1776356474\n|detailschange|p2b: Floette|Floette-Mega, L50, F\n|-mega|p2b: Floette|Floette|Floettite\n|-ability|p2b: Floette|Fairy Aura\n|move|p1a: Floette|Protect|p1a: Floette\n|-singleturn|p1a: Floette|Protect\n|move|p2b: Floette|Moonblast|p1a: Floette\n|-activate|p1a: Floette|move: Protect\n|\n|upkeep\n|turn|7\n|c|\u2606khanhnguyen11|GG\n|\n|t:|1776356489\n|move|p2b: Floette|Moonblast|p1a: Floette\n|-damage|p1a: Floette|0 fnt\n|faint|p1a: Floette\n|\n|win|627866h\n|raw|khanhnguyen11's rating: 1194 &rarr; <strong>1164</strong><br />(-30 for losing)\n|raw|627866h's rating: 1117 &rarr; <strong>1147</strong><br />(+30 for winning)\n|l|\u2606627866h\n|player|p2|\n",
  "uploadtime": 1776356500,
  "views": 17,
  "formatid": "gen9championsvgc2026regma",
  "rating": 1147,
  "private": 0,
  "password": null
}