{
  "id": "gen9championsvgc2026regma-2585834287",
  "format": "[Gen 9 Champions] VGC 2026 Reg M-A",
  "players": [
    "sirgib",
    "forxevgc"
  ],
  "log": "|j|\u2606sirgib\n|j|\u2606forxevgc\n|t:|1776374151\n|gametype|doubles\n|player|p1|sirgib|fisherman-gen4|1325\n|player|p2|forxevgc|101|1293\n|gen|9\n|tier|[Gen 9 Champions] VGC 2026 Reg M-A\n|rated|\n|rule|Species Clause: Limit one of each Pok\u00e9mon\n|rule|Item Clause: Limit 1 of each item\n|clearpoke\n|poke|p1|Aerodactyl, L50, M|\n|poke|p1|Ceruledge, L50, M|\n|poke|p1|Quaquaval, L50, F|\n|poke|p1|Floette-Eternal, L50, F|\n|poke|p1|Rotom-Mow, L50|\n|poke|p1|Kangaskhan, L50, F|\n|poke|p2|Aerodactyl, L50, M|\n|poke|p2|Incineroar, L50, M|\n|poke|p2|Garchomp, L50, F|\n|poke|p2|Rotom-Wash, L50|\n|poke|p2|Sinistcha, L50|\n|poke|p2|Charizard, L50, F|\n|teampreview|4\n|\n|t:|1776374176\n|teamsize|p1|4\n|teamsize|p2|4\n|start\n|switch|p1a: Aerodactyl|Aerodactyl, L50, M|100/100\n|switch|p1b: Quaquaval|Quaquaval, L50, F|100/100\n|switch|p2a: Aerodactyl|Aerodactyl, L50, M|100/100\n|switch|p2b: Garchomp|Garchomp, L50, F|100/100\n|-ability|p1a: Aerodactyl|Unnerve\n|-ability|p2a: Aerodactyl|Unnerve\n|turn|1\n|\n|t:|1776374199\n|move|p2a: Aerodactyl|Tailwind|p2a: Aerodactyl\n|-sidestart|p2: forxevgc|move: Tailwind\n|move|p2b: Garchomp|Dragon Claw|p1b: Quaquaval\n|-damage|p1b: Quaquaval|44/100\n|move|p1a: Aerodactyl|Tailwind|p1a: Aerodactyl\n|-sidestart|p1: sirgib|move: Tailwind\n|move|p1b: Quaquaval|Aqua Step|p2a: Aerodactyl\n|-supereffective|p2a: Aerodactyl|1\n|-enditem|p2a: Aerodactyl|Focus Sash\n|-damage|p2a: Aerodactyl|1/100\n|-boost|p1b: Quaquaval|spe|1\n|\n|upkeep\n|turn|2\n|\n|t:|1776374221\n|move|p1b: Quaquaval|Close Combat|p2b: Garchomp\n|-damage|p2b: Garchomp|30/100\n|-unboost|p1b: Quaquaval|def|1\n|-unboost|p1b: Quaquaval|spd|1\n|-damage|p1b: Quaquaval|31/100|[from] ability: Rough Skin|[of] p2b: Garchomp\n|-enditem|p1b: Quaquaval|White Herb\n|-clearnegativeboost|p1b: Quaquaval|[silent]\n|move|p2a: Aerodactyl|Rock Slide|p1b: Quaquaval|[spread] p1b\n|-miss|p2a: Aerodactyl|p1a: Aerodactyl\n|-resisted|p1b: Quaquaval|1\n|-damage|p1b: Quaquaval|14/100\n|move|p1a: Aerodactyl|Rock Slide|p2b: Garchomp|[spread] p2a,p2b\n|-supereffective|p2a: Aerodactyl|1\n|-resisted|p2b: Garchomp|1\n|-damage|p2a: Aerodactyl|0 fnt\n|-damage|p2b: Garchomp|16/100\n|faint|p2a: Aerodactyl\n|move|p2b: Garchomp|Dragon Claw|p1b: Quaquaval\n|-damage|p1b: Quaquaval|0 fnt\n|faint|p1b: Quaquaval\n|\n|upkeep\n|\n|t:|1776374242\n|switch|p2a: Rotom|Rotom-Wash, L50|100/100\n|switch|p1b: Kangaskhan|Kangaskhan, L50, F|100/100\n|turn|3\n|\n|t:|1776374280\n|move|p1b: Kangaskhan|Fake Out|p2b: Garchomp\n|-damage|p2b: Garchomp|0 fnt\n|-damage|p1b: Kangaskhan|88/100|[from] ability: Rough Skin|[of] p2b: Garchomp\n|faint|p2b: Garchomp\n|move|p1a: Aerodactyl|Rock Slide|p2a: Rotom\n|-damage|p2a: Rotom|64/100\n|move|p2a: Rotom|Will-O-Wisp|p1b: Kangaskhan\n|-status|p1b: Kangaskhan|brn\n|\n|-heal|p2a: Rotom|69/100|[from] item: Leftovers\n|-damage|p1b: Kangaskhan|82/100 brn|[from] brn\n|upkeep\n|\n|t:|1776374294\n|switch|p2b: Charizard|Charizard, L50, F|100/100\n|turn|4\n|\n|t:|1776374304\n|move|p2b: Charizard|Protect|p2b: Charizard\n|-singleturn|p2b: Charizard|Protect\n|move|p1a: Aerodactyl|Rock Slide|p2b: Charizard|[spread] p2a\n|-activate|p2b: Charizard|move: Protect\n|-damage|p2a: Rotom|41/100\n|move|p1b: Kangaskhan|Body Slam|p2a: Rotom\n|-damage|p2a: Rotom|21/100\n|move|p2a: Rotom|Thunderbolt|p1a: Aerodactyl\n|-supereffective|p1a: Aerodactyl|1\n|-enditem|p1a: Aerodactyl|Focus Sash\n|-damage|p1a: Aerodactyl|1/100\n|\n|-heal|p2a: Rotom|27/100|[from] item: Leftovers\n|-damage|p1b: Kangaskhan|76/100 brn|[from] brn\n|-sideend|p2: forxevgc|move: Tailwind\n|-sideend|p1: sirgib|move: Tailwind\n|upkeep\n|turn|5\n|\n|t:|1776374329\n|detailschange|p2b: Charizard|Charizard-Mega-Y, L50, F\n|-mega|p2b: Charizard|Charizard|Charizardite Y\n|-weather|SunnyDay|[from] ability: Drought|[of] p2b: Charizard\n|move|p1a: Aerodactyl|Rock Slide|p2a: Rotom|[spread] p2a\n|-miss|p1a: Aerodactyl|p2b: Charizard\n|-damage|p2a: Rotom|0 fnt\n|faint|p2a: Rotom\n|move|p2b: Charizard|Heat Wave|p1a: Aerodactyl|[spread] p1a,p1b\n|-resisted|p1a: Aerodactyl|1\n|-damage|p1a: Aerodactyl|0 fnt\n|-damage|p1b: Kangaskhan|5/100 brn\n|faint|p1a: Aerodactyl\n|move|p1b: Kangaskhan|Body Slam|p2b: Charizard\n|-damage|p2b: Charizard|75/100\n|\n|-weather|SunnyDay|[upkeep]\n|-damage|p1b: Kangaskhan|0 fnt|[from] brn\n|faint|p1b: Kangaskhan\n|upkeep\n|\n|t:|1776374336\n|switch|p1b: Floette|Floette-Eternal, L50, F|100/100\n|turn|6\n|\n|t:|1776374366\n|detailschange|p1b: Floette|Floette-Mega, L50, F\n|-mega|p1b: Floette|Floette|Floettite\n|-ability|p1b: Floette|Fairy Aura\n|move|p2b: Charizard|Heat Wave|p1b: Floette\n|-damage|p1b: Floette|26/100\n|move|p1b: Floette|Light of Ruin|p2b: Charizard\n|-resisted|p2b: Charizard|1\n|-damage|p2b: Charizard|10/100\n|-damage|p1b: Floette|0 fnt|[from] Recoil\n|faint|p1b: Floette\n|\n|win|forxevgc\n|raw|sirgib's rating: 1325 &rarr; <strong>1303</strong><br />(-22 for losing)\n|raw|forxevgc's rating: 1293 &rarr; <strong>1320</strong><br />(+27 for winning)\n|l|\u2606sirgib\n|player|p1|\n",
  "uploadtime": 1776374382,
  "views": 35,
  "formatid": "gen9championsvgc2026regma",
  "rating": 1303,
  "private": 0,
  "password": null
}