{
  "id": "gen9championsvgc2026regma-2585060373",
  "format": "[Gen 9 Champions] VGC 2026 Reg M-A",
  "players": [
    "fusion god 69",
    "Enbot"
  ],
  "log": "|j|\u203dfusion god 69\n|j|\u2606Enbot\n|t:|1776307733\n|gametype|doubles\n|player|p1|fusion god 69|266|1000\n|player|p2|Enbot|marlon|1099\n|gen|9\n|tier|[Gen 9 Champions] VGC 2026 Reg M-A\n|rated|\n|rule|Species Clause: Limit one of each Pok\u00e9mon\n|rule|Item Clause: Limit 1 of each item\n|clearpoke\n|poke|p1|Froslass, L50, F|\n|poke|p1|Orthworm, L50, F|\n|poke|p1|Incineroar, L50, M|\n|poke|p1|Basculegion, L50, M|\n|poke|p1|Rotom-Frost, L50|\n|poke|p1|Garchomp, L50, F|\n|poke|p2|Meganium, L50, F|\n|poke|p2|Politoed, L50, F|\n|poke|p2|Basculegion, L50, M|\n|poke|p2|Archaludon, L50, M|\n|poke|p2|Gyarados, L50, F|\n|poke|p2|Raichu, L50, M|\n|teampreview|4\nfusion god 69 rejected open team sheets.\n|inactive|Battle timer is ON: inactive players will automatically lose when time's up. (requested by fusion god 69)\n|\n|t:|1776307778\n|teamsize|p1|4\n|teamsize|p2|4\n|start\n|switch|p1a: Orthworm|Orthworm, L50, F|100/100\n|switch|p1b: Incineroar|Incineroar, L50, M, shiny|100/100\n|switch|p2a: Gyarados|Gyarados, L50, F, shiny|100/100\n|switch|p2b: Raichu|Raichu, L50, M|100/100\n|-ability|p2a: Gyarados|Intimidate|boost\n|-unboost|p1a: Orthworm|atk|1\n|-unboost|p1b: Incineroar|atk|1\n|-ability|p1b: Incineroar|Intimidate|boost\n|-unboost|p2a: Gyarados|atk|1\n|-unboost|p2b: Raichu|atk|1\n|turn|1\n|inactive|Enbot has 30 seconds left.\n|\n|t:|1776307807\n|move|p1b: Incineroar|Fake Out|p2a: Gyarados\n|-damage|p2a: Gyarados|90/100\n|move|p2b: Raichu|Encore|p1b: Incineroar\n|-start|p1b: Incineroar|Encore\n|cant|p2a: Gyarados|flinch\n|move|p1a: Orthworm|Iron Defense|p1a: Orthworm\n|-boost|p1a: Orthworm|def|2\n|\n|upkeep\n|turn|2\n|\n|t:|1776307825\n|switch|p1b: Garchomp|Garchomp, L50, F|100/100\n|move|p2b: Raichu|Encore|p1a: Orthworm\n|-start|p1a: Orthworm|Encore\n|move|p2a: Gyarados|Dragon Dance|p2a: Gyarados\n|-boost|p2a: Gyarados|atk|1\n|-boost|p2a: Gyarados|spe|1\n|move|p1a: Orthworm|Iron Defense|p1a: Orthworm\n|-boost|p1a: Orthworm|def|2\n|\n|upkeep\n|turn|3\n|inactive|Enbot has 30 seconds left.\n|inactive|fusion god 69 has 30 seconds left.\n|\n|t:|1776307856\n|switch|p1a: Incineroar|Incineroar, L50, M, shiny|100/100\n|-ability|p1a: Incineroar|Intimidate|boost\n|-unboost|p2a: Gyarados|atk|1\n|-unboost|p2b: Raichu|atk|1\n|move|p2b: Raichu|Volt Switch|p1a: Incineroar\n|-damage|p1a: Incineroar|80/100\n|\n|t:|1776307863\n|switch|p2b: Politoed|Politoed, L50, F|100/100|[from] Volt Switch\n|-weather|RainDance|[from] ability: Drizzle|[of] p2b: Politoed\n|move|p2a: Gyarados|Dragon Dance|p2a: Gyarados\n|-boost|p2a: Gyarados|atk|1\n|-boost|p2a: Gyarados|spe|1\n|move|p1b: Garchomp|Rock Slide|p2b: Politoed|[spread] \n|-miss|p1b: Garchomp|p2a: Gyarados\n|-miss|p1b: Garchomp|p2b: Politoed\n|\n|-weather|RainDance|[upkeep]\n|upkeep\n|turn|4\n|\n|t:|1776307886\n|detailschange|p2a: Gyarados|Gyarados-Mega, L50, F, shiny\n|-mega|p2a: Gyarados|Gyarados|Gyaradosite\n|-ability|p2a: Gyarados|Mold Breaker\n|move|p1a: Incineroar|Fake Out|p2a: Gyarados\n|-damage|p2a: Gyarados|77/100\n|cant|p2a: Gyarados|flinch\n|move|p1b: Garchomp|Rock Slide|p2a: Gyarados|[spread] p2a\n|-miss|p1b: Garchomp|p2b: Politoed\n|-damage|p2a: Gyarados|61/100\n|move|p2b: Politoed|Weather Ball|p1a: Incineroar\n|-supereffective|p1a: Incineroar|1\n|-damage|p1a: Incineroar|0 fnt\n|faint|p1a: Incineroar\n|\n|-weather|RainDance|[upkeep]\n|upkeep\n|\n|t:|1776307892\n|switch|p1a: Froslass|Froslass, L50, F|100/100\n|turn|5\n|\n|t:|1776307909\n|switch|p1a: Orthworm|Orthworm, L50, F|100/100\n|move|p2a: Gyarados|Crunch|p1a: Orthworm\n|-damage|p1a: Orthworm|63/100\n|move|p1b: Garchomp|Earthquake|p2a: Gyarados|[spread] p2a,p2b\n|-heal|p1a: Orthworm|88/100|[from] ability: Earth Eater|[of] p1b: Garchomp\n|-damage|p2a: Gyarados|22/100\n|-damage|p2b: Politoed|56/100\n|move|p2b: Politoed|Icy Wind|p1b: Garchomp|[spread] p1a,p1b\n|-resisted|p1a: Orthworm|1\n|-supereffective|p1b: Garchomp|2\n|-damage|p1a: Orthworm|80/100\n|-damage|p1b: Garchomp|55/100\n|-unboost|p1a: Orthworm|spe|1\n|-unboost|p1b: Garchomp|spe|1\n|\n|-weather|RainDance|[upkeep]\n|upkeep\n|turn|6\n|inactive|Enbot has 30 seconds left.\n|\n|t:|1776307936\n|move|p2a: Gyarados|Waterfall|p1b: Garchomp\n|-damage|p1b: Garchomp|0 fnt\n|-damage|p2a: Gyarados|10/100|[from] ability: Rough Skin|[of] p1b: Garchomp\n|faint|p1b: Garchomp\n|move|p2b: Politoed|Weather Ball|p1a: Orthworm\n|-damage|p1a: Orthworm|0 fnt\n|faint|p1a: Orthworm\n|\n|-weather|RainDance|[upkeep]\n|upkeep\n|\n|t:|1776307941\n|switch|p1b: Froslass|Froslass, L50, F|100/100\n|turn|7\n|\n|t:|1776307951\n|detailschange|p1b: Froslass|Froslass-Mega, L50, F\n|-mega|p1b: Froslass|Froslass|Froslassite\n|-weather|Snowscape|[from] ability: Snow Warning|[of] p1b: Froslass\n|move|p2a: Gyarados|Crunch|p1b: Froslass\n|-supereffective|p1b: Froslass|1\n|-damage|p1b: Froslass|4/100\n|move|p1b: Froslass|Blizzard|p2a: Gyarados|[spread] p2a,p2b\n|-resisted|p2a: Gyarados|1\n|-resisted|p2b: Politoed|1\n|-damage|p2a: Gyarados|0 fnt\n|-damage|p2b: Politoed|41/100\n|-enditem|p2b: Politoed|Sitrus Berry|[eat]\n|-heal|p2b: Politoed|66/100|[from] item: Sitrus Berry\n|faint|p2a: Gyarados\n|move|p2b: Politoed|Weather Ball|p1b: Froslass\n|-resisted|p1b: Froslass|1\n|-damage|p1b: Froslass|0 fnt\n|faint|p1b: Froslass\n|\n|win|Enbot\n|raw|fusion god 69's rating: 1000 &rarr; <strong>1000</strong><br />(+0 for losing)\n|raw|Enbot's rating: 1099 &rarr; <strong>1117</strong><br />(+18 for winning)\n|l|\u203dfusion god 69\n|player|p1|\n",
  "uploadtime": 1776307996,
  "views": 21,
  "formatid": "gen9championsvgc2026regma",
  "rating": 1000,
  "private": 0,
  "password": null
}