{
  "id": "gen9championsvgc2026regma-2585458959",
  "format": "[Gen 9 Champions] VGC 2026 Reg M-A",
  "players": [
    "SirFishWasTaken",
    "embros360"
  ],
  "log": "|j|\u2606SirFishWasTaken\n|j|\u2606embros360\n|t:|1776348689\n|gametype|doubles\n|player|p1|SirFishWasTaken|psychic|1150\n|player|p2|embros360|1|1168\n|gen|9\n|tier|[Gen 9 Champions] VGC 2026 Reg M-A\n|rated|\n|rule|Species Clause: Limit one of each Pok\u00e9mon\n|rule|Item Clause: Limit 1 of each item\n|clearpoke\n|poke|p1|Froslass, L50, F|\n|poke|p1|Meowstic, L50, M|\n|poke|p1|Rotom-Frost, L50|\n|poke|p1|Kingambit, L50, M|\n|poke|p1|Vanilluxe, L50, F|\n|poke|p1|Milotic, L50, M|\n|poke|p2|Feraligatr, L50, M|\n|poke|p2|Pelipper, L50, M|\n|poke|p2|Floette-Eternal, L50, F|\n|poke|p2|Archaludon, L50, F|\n|poke|p2|Incineroar, L50, M|\n|poke|p2|Jolteon, L50, M|\n|teampreview|4\n|\n|t:|1776348722\n|teamsize|p1|4\n|teamsize|p2|4\n|start\n|switch|p1a: Meowstic|Meowstic, L50, M|100/100\n|switch|p1b: Rotom|Rotom-Frost, L50|100/100\n|switch|p2a: Incineroar|Incineroar, L50, M|100/100\n|switch|p2b: Jolteon|Jolteon, L50, M|100/100\n|-ability|p2a: Incineroar|Intimidate|boost\n|-unboost|p1a: Meowstic|atk|1\n|-unboost|p1b: Rotom|atk|1\n|turn|1\n|\n|t:|1776348750\n|move|p1a: Meowstic|Fake Out|p2b: Jolteon\n|-damage|p2b: Jolteon|94/100\n|move|p2a: Incineroar|Fake Out|p1a: Meowstic\n|-damage|p1a: Meowstic|90/100\n|cant|p2b: Jolteon|flinch\n|move|p1b: Rotom|Trick|p2a: Incineroar\n|-activate|p1b: Rotom|move: Trick|[of] p2a: Incineroar\n|-item|p2a: Incineroar|Choice Scarf|[from] move: Trick\n|-item|p1b: Rotom|Mental Herb|[from] move: Trick\n|\n|upkeep\n|turn|2\n|\n|t:|1776348792\n|move|p1a: Meowstic|Psychic Terrain|p1a: Meowstic\n|-fieldstart|move: Psychic Terrain\n|move|p2b: Jolteon|Volt Switch|p1a: Meowstic\n|-damage|p1a: Meowstic|50/100\n|-enditem|p1a: Meowstic|Sitrus Berry|[eat]\n|-heal|p1a: Meowstic|75/100|[from] item: Sitrus Berry\n|\n|t:|1776348799\n|switch|p2b: Floette|Floette-Eternal, L50, F|100/100|[from] Volt Switch\n|move|p1b: Rotom|Volt Switch|p2a: Incineroar\n|-damage|p2a: Incineroar|74/100\n|\n|t:|1776348808\n|switch|p1b: Milotic|Milotic, L50, M|100/100|[from] Volt Switch\n|move|p2a: Incineroar|Darkest Lariat|p1a: Meowstic\n|-supereffective|p1a: Meowstic|1\n|-damage|p1a: Meowstic|12/100\n|\n|upkeep\n|turn|3\n|\n|t:|1776348828\n|move|p1a: Meowstic|Rain Dance|p1a: Meowstic\n|-weather|RainDance\n|move|p2a: Incineroar|Darkest Lariat|p1b: Milotic\n|-damage|p1b: Milotic|66/100\n|move|p2b: Floette|Moonblast|p1a: Meowstic\n|-damage|p1a: Meowstic|0 fnt\n|faint|p1a: Meowstic\n|move|p1b: Milotic|Weather Ball|p2a: Incineroar\n|-supereffective|p2a: Incineroar|1\n|-damage|p2a: Incineroar|0 fnt\n|faint|p2a: Incineroar\n|\n|-weather|RainDance|[upkeep]\n|-heal|p1b: Milotic|72/100|[from] item: Leftovers\n|upkeep\n|\n|t:|1776348846\n|switch|p1a: Froslass|Froslass, L50, F|100/100\n|switch|p2a: Jolteon|Jolteon, L50, M|94/100\n|turn|4\n|\n|t:|1776348877\n|detailschange|p1a: Froslass|Froslass-Mega, L50, F\n|-mega|p1a: Froslass|Froslass|Froslassite\n|-weather|Snowscape|[from] ability: Snow Warning|[of] p1a: Froslass\n|move|p2a: Jolteon|Thunder|p1a: Froslass\n|-damage|p1a: Froslass|36/100\n|move|p1a: Froslass|Blizzard|p2b: Floette|[spread] p2a,p2b\n|-damage|p2a: Jolteon|32/100\n|-damage|p2b: Floette|69/100\n|move|p2b: Floette|Moonblast|p1a: Froslass\n|-damage|p1a: Froslass|0 fnt\n|faint|p1a: Froslass\n|move|p1b: Milotic|Weather Ball|p2b: Floette\n|-damage|p2b: Floette|48/100\n|\n|-weather|Snowscape|[upkeep]\n|-heal|p1b: Milotic|79/100|[from] item: Leftovers\n|upkeep\n|\n|t:|1776348887\n|switch|p1a: Rotom|Rotom-Frost, L50|100/100\n|turn|5\n|\n|t:|1776348904\n|switch|p2a: Feraligatr|Feraligatr, L50, M|100/100\n|move|p1a: Rotom|Blizzard|p2b: Floette|[spread] p2a,p2b\n|-resisted|p2a: Feraligatr|1\n|-damage|p2a: Feraligatr|82/100\n|-damage|p2b: Floette|23/100\n|-status|p2a: Feraligatr|frz\n|move|p2b: Floette|Wish|p2b: Floette\n|move|p1b: Milotic|Coil|p1b: Milotic\n|-boost|p1b: Milotic|atk|1\n|-boost|p1b: Milotic|def|1\n|-boost|p1b: Milotic|accuracy|1\n|\n|-weather|Snowscape|[upkeep]\n|-heal|p1b: Milotic|85/100|[from] item: Leftovers\n|upkeep\n|turn|6\n|\n|t:|1776348929\n|detailschange|p2a: Feraligatr|Feraligatr-Mega, L50, M\n|-mega|p2a: Feraligatr|Feraligatr|Feraligite\n|move|p2b: Floette|Protect|p2b: Floette\n|-singleturn|p2b: Floette|Protect\n|move|p1a: Rotom|Electroweb|p2b: Floette|[spread] p2a\n|-activate|p2b: Floette|move: Protect\n|-damage|p2a: Feraligatr|65/100 frz\n|-unboost|p2a: Feraligatr|spe|1\n|move|p1b: Milotic|Scald|p2b: Floette\n|-activate|p2b: Floette|move: Protect\n|cant|p2a: Feraligatr|frz\n|\n|-weather|Snowscape|[upkeep]\n|-heal|p2b: Floette|73/100|[from] move: Wish|[wisher] Floette\n|-heal|p1b: Milotic|91/100|[from] item: Leftovers\n|-fieldend|move: Psychic Terrain\n|upkeep\n|turn|7\n|\n|t:|1776348959\n|move|p1a: Rotom|Electroweb|p2b: Floette|[spread] p2a,p2b\n|-damage|p2a: Feraligatr|46/100 frz\n|-damage|p2b: Floette|61/100\n|-unboost|p2a: Feraligatr|spe|1\n|-unboost|p2b: Floette|spe|1\n|-enditem|p2b: Floette|White Herb\n|-clearnegativeboost|p2b: Floette|[silent]\n|move|p2b: Floette|Moonblast|p1a: Rotom\n|-damage|p1a: Rotom|41/100\n|move|p1b: Milotic|Weather Ball|p2b: Floette\n|-damage|p2b: Floette|39/100\n|cant|p2a: Feraligatr|frz\n|\n|-weather|Snowscape|[upkeep]\n|-heal|p1b: Milotic|97/100|[from] item: Leftovers\n|upkeep\n|turn|8\n|\n|t:|1776348985\n|move|p1a: Rotom|Blizzard|p2b: Floette|[spread] p2a,p2b\n|-damage|p2a: Feraligatr|6/100 frz\n|-damage|p2b: Floette|16/100\n|move|p2b: Floette|Wish|p2b: Floette\n|move|p1b: Milotic|Weather Ball|p2b: Floette\n|-damage|p2b: Floette|0 fnt\n|faint|p2b: Floette\n|-curestatus|p2a: Feraligatr|frz|[msg]\n|move|p2a: Feraligatr|Dragon Claw|p1a: Rotom\n|-damage|p1a: Rotom|0 fnt\n|faint|p1a: Rotom\n|\n|-weather|none\n|-heal|p1b: Milotic|100/100|[from] item: Leftovers\n|upkeep\n|\n|t:|1776349003\n|switch|p2b: Jolteon|Jolteon, L50, M|32/100\n|turn|9\n|\n|t:|1776349021\n|move|p2b: Jolteon|Volt Switch|p1b: Milotic\n|-supereffective|p1b: Milotic|1\n|-damage|p1b: Milotic|50/100\n|move|p1b: Milotic|Scald|p2b: Jolteon\n|-damage|p2b: Jolteon|0 fnt\n|faint|p2b: Jolteon\n|move|p2a: Feraligatr|Dragon Claw|p1b: Milotic\n|-damage|p1b: Milotic|13/100\n|\n|-heal|p1b: Milotic|19/100|[from] item: Leftovers\n|upkeep\n|turn|10\n|\n|t:|1776349035\n|move|p1b: Milotic|Protect|p1b: Milotic\n|-singleturn|p1b: Milotic|Protect\n|move|p2a: Feraligatr|Liquidation|p1b: Milotic\n|-activate|p1b: Milotic|move: Protect\n|\n|-heal|p1b: Milotic|25/100|[from] item: Leftovers\n|upkeep\n|turn|11\n|\n|t:|1776349044\n|move|p1b: Milotic|Scald|p2a: Feraligatr\n|-resisted|p2a: Feraligatr|2\n|-damage|p2a: Feraligatr|0 fnt\n|faint|p2a: Feraligatr\n|\n|win|SirFishWasTaken\n|raw|SirFishWasTaken's rating: 1150 &rarr; <strong>1176</strong><br />(+26 for winning)\n|raw|embros360's rating: 1168 &rarr; <strong>1142</strong><br />(-26 for losing)\n",
  "uploadtime": 1776349049,
  "views": 32,
  "formatid": "gen9championsvgc2026regma",
  "rating": 1142,
  "private": 0,
  "password": null
}