{
  "id": "gen9championsvgc2026regma-2584092312",
  "format": "[Gen 9 Champions] VGC 2026 Reg M-A",
  "players": [
    "siunhanech",
    "shiningalvantula"
  ],
  "log": "|j|\u2606siunhanech\n|j|\u2606shiningalvantula\n|t:|1776224298\n|gametype|doubles\n|player|p1|siunhanech|cynthia-gen4|1350\n|player|p2|shiningalvantula|2|1310\n|gen|9\n|tier|[Gen 9 Champions] VGC 2026 Reg M-A\n|rated|\n|rule|Species Clause: Limit one of each Pok\u00e9mon\n|rule|Item Clause: Limit 1 of each item\n|clearpoke\n|poke|p1|Blastoise, L50, F|\n|poke|p1|Sableye, L50, M|\n|poke|p1|Basculegion, L50, M|\n|poke|p1|Sneasler, L50, F|\n|poke|p1|Sinistcha, L50|\n|poke|p1|Rotom-Wash, L50|\n|poke|p2|Basculegion, L50, M|\n|poke|p2|Rotom-Heat, L50|\n|poke|p2|Corviknight, L50, M|\n|poke|p2|Sinistcha, L50|\n|poke|p2|Gardevoir, L50, F|\n|poke|p2|Garchomp, L50, F|\n|teampreview|4\n|inactive|Battle timer is ON: inactive players will automatically lose when time's up. (requested by siunhanech)\n|\n|t:|1776224325\n|teamsize|p1|4\n|teamsize|p2|4\n|start\n|switch|p1a: B\u1eafn t\u00f9m lum|Blastoise, L50, F|100/100\n|switch|p1b: Sinh vi\u00ean|Sableye, L50, M|100/100\n|switch|p2a: Gardevoir|Gardevoir, L50, F|100/100\n|switch|p2b: Basculegion|Basculegion, L50, M|100/100\n|turn|1\n|\n|t:|1776224343\n|detailschange|p1a: B\u1eafn t\u00f9m lum|Blastoise-Mega, L50, F\n|-mega|p1a: B\u1eafn t\u00f9m lum|Blastoise|Blastoisinite\n|move|p2a: Gardevoir|Protect|p2a: Gardevoir\n|-singleturn|p2a: Gardevoir|Protect\n|move|p1b: Sinh vi\u00ean|Fake Out|p2a: Gardevoir\n|-activate|p2a: Gardevoir|move: Protect\n|move|p2b: Basculegion|Wave Crash|p1b: Sinh vi\u00ean\n|-damage|p1b: Sinh vi\u00ean|22/100\n|-damage|p2b: Basculegion|79/100|[from] Recoil\n|move|p1a: B\u1eafn t\u00f9m lum|Shell Smash|p1a: B\u1eafn t\u00f9m lum\n|-unboost|p1a: B\u1eafn t\u00f9m lum|def|1\n|-unboost|p1a: B\u1eafn t\u00f9m lum|spd|1\n|-boost|p1a: B\u1eafn t\u00f9m lum|atk|2\n|-boost|p1a: B\u1eafn t\u00f9m lum|spa|2\n|-boost|p1a: B\u1eafn t\u00f9m lum|spe|2\n|\n|upkeep\n|turn|2\n|inactive|shiningalvantula has 30 seconds left.\n|\n|t:|1776224370\n|detailschange|p2a: Gardevoir|Gardevoir-Mega, L50, F\n|-mega|p2a: Gardevoir|Gardevoir|Gardevoirite\n|move|p1b: Sinh vi\u00ean|Encore|p2a: Gardevoir\n|-start|p2a: Gardevoir|Encore\n|move|p2a: Gardevoir|Protect||[still]\n|-fail|p2a: Gardevoir\n|move|p2b: Basculegion|Wave Crash|p1b: Sinh vi\u00ean\n|-damage|p1b: Sinh vi\u00ean|0 fnt\n|faint|p1b: Sinh vi\u00ean\n|-damage|p2b: Basculegion|74/100|[from] Recoil\n|move|p1a: B\u1eafn t\u00f9m lum|Water Spout|p2a: Gardevoir|[spread] p2a,p2b\n|-resisted|p2b: Basculegion|1\n|-damage|p2a: Gardevoir|0 fnt\n|-damage|p2b: Basculegion|0 fnt\n|faint|p2a: Gardevoir\n|faint|p2b: Basculegion\n|\n|upkeep\n|\n|t:|1776224385\n|switch|p2a: Sinistcha|Sinistcha, L50|100/100\n|switch|p2b: Garchomp|Garchomp, L50, F|100/100\n|switch|p1b: Tr\u00e0 t\u1eeb tay|Sinistcha, L50|100/100\n|turn|3\n|\n|t:|1776224397\n|move|p2b: Garchomp|Protect|p2b: Garchomp\n|-singleturn|p2b: Garchomp|Protect\n|move|p1b: Tr\u00e0 t\u1eeb tay|Rage Powder|p1b: Tr\u00e0 t\u1eeb tay\n|-singleturn|p1b: Tr\u00e0 t\u1eeb tay|move: Rage Powder\n|move|p1a: B\u1eafn t\u00f9m lum|Ice Beam|p2a: Sinistcha\n|-supereffective|p2a: Sinistcha|1\n|-damage|p2a: Sinistcha|0 fnt\n|faint|p2a: Sinistcha\n|\n|upkeep\n|turn|4\n|\n|t:|1776224409\n|move|p1b: Tr\u00e0 t\u1eeb tay|Rage Powder|p1b: Tr\u00e0 t\u1eeb tay\n|-singleturn|p1b: Tr\u00e0 t\u1eeb tay|move: Rage Powder\n|move|p1a: B\u1eafn t\u00f9m lum|Ice Beam|p2b: Garchomp\n|-supereffective|p2b: Garchomp|2\n|-enditem|p2b: Garchomp|Focus Sash\n|-damage|p2b: Garchomp|1/100\n|move|p2b: Garchomp|Earthquake|p1b: Tr\u00e0 t\u1eeb tay|[spread] p1a,p1b\n|-resisted|p1b: Tr\u00e0 t\u1eeb tay|1\n|-damage|p1a: B\u1eafn t\u00f9m lum|47/100\n|-damage|p1b: Tr\u00e0 t\u1eeb tay|84/100\n|\n|upkeep\n|turn|5\n|\n|t:|1776224419\n|move|p1b: Tr\u00e0 t\u1eeb tay|Rage Powder|p1b: Tr\u00e0 t\u1eeb tay\n|-singleturn|p1b: Tr\u00e0 t\u1eeb tay|move: Rage Powder\n|move|p1a: B\u1eafn t\u00f9m lum|Ice Beam|p2b: Garchomp\n|-supereffective|p2b: Garchomp|2\n|-crit|p2b: Garchomp\n|-damage|p2b: Garchomp|0 fnt\n|faint|p2b: Garchomp\n|\n|win|siunhanech\n|raw|siunhanech's rating: 1350 &rarr; <strong>1368</strong><br />(+18 for winning)\n|raw|shiningalvantula's rating: 1310 &rarr; <strong>1292</strong><br />(-18 for losing)\n",
  "uploadtime": 1776224421,
  "views": 26,
  "formatid": "gen9championsvgc2026regma",
  "rating": 1292,
  "private": 0,
  "password": null
}