{
  "id": "gen9championsvgc2026regma-2585053875",
  "format": "[Gen 9 Champions] VGC 2026 Reg M-A",
  "players": [
    "LudoQuinn",
    "acrophobicavian"
  ],
  "log": "|j|\u2606LudoQuinn\n|j|\u2606acrophobicavian\n|t:|1776307124\n|gametype|doubles\n|player|p1|LudoQuinn|dawn|1101\n|player|p2|acrophobicavian|colress-gen7|1105\n|gen|9\n|tier|[Gen 9 Champions] VGC 2026 Reg M-A\n|rated|\n|rule|Species Clause: Limit one of each Pok\u00e9mon\n|rule|Item Clause: Limit 1 of each item\n|clearpoke\n|poke|p1|Pelipper, L50, F|\n|poke|p1|Blastoise, L50, F|\n|poke|p1|Sneasler, L50, M|\n|poke|p1|Whimsicott, L50, F|\n|poke|p1|Froslass, L50, F|\n|poke|p1|Archaludon, L50, M|\n|poke|p2|Sableye, L50, M|\n|poke|p2|Gardevoir, L50, F|\n|poke|p2|Milotic, L50, M|\n|poke|p2|Sinistcha, L50|\n|poke|p2|Lucario, L50, F|\n|poke|p2|Rotom-Heat, L50|\n|teampreview|4\n|\n|t:|1776307141\n|teamsize|p1|4\n|teamsize|p2|4\n|start\n|switch|p1a: Froslass|Froslass, L50, F|100/100\n|switch|p1b: Sneasler|Sneasler, L50, M|100/100\n|switch|p2a: Shimmer|Sableye, L50, M|100/100\n|switch|p2b: Pharaoh|Lucario, L50, F|100/100\n|turn|1\n|\n|t:|1776307185\n|detailschange|p1a: Froslass|Froslass-Mega, L50, F\n|-mega|p1a: Froslass|Froslass|Froslassite\n|-weather|Snowscape|[from] ability: Snow Warning|[of] p1a: Froslass\n|detailschange|p2b: Pharaoh|Lucario-Mega, L50, F\n|-mega|p2b: Pharaoh|Lucario|Lucarionite\n|move|p1b: Sneasler|Fake Out|p2b: Pharaoh\n|-resisted|p2b: Pharaoh|1\n|-damage|p2b: Pharaoh|91/100\n|move|p2a: Shimmer|Fake Out|p1b: Sneasler\n|-damage|p1b: Sneasler|88/100\n|move|p1a: Froslass|Aurora Veil|p1a: Froslass\n|-sidestart|p1: LudoQuinn|move: Aurora Veil\n|cant|p2b: Pharaoh|flinch\n|\n|-weather|Snowscape|[upkeep]\n|upkeep\n|turn|2\n|\n|t:|1776307237\n|switch|p1b: Archaludon|Archaludon, L50, M|100/100\n|move|p2a: Shimmer|Encore||[still]\n|-fail|p2a: Shimmer\n|move|p1a: Froslass|Blizzard|p2b: Pharaoh|[spread] p2a,p2b\n|-resisted|p2b: Pharaoh|1\n|-damage|p2a: Shimmer|21/100\n|-damage|p2b: Pharaoh|58/100\n|-status|p2a: Shimmer|frz\n|move|p2b: Pharaoh|Meteor Mash|p1a: Froslass\n|-supereffective|p1a: Froslass|1\n|-damage|p1a: Froslass|0 fnt\n|-boost|p2b: Pharaoh|atk|1\n|faint|p1a: Froslass\n|\n|-weather|Snowscape|[upkeep]\n|upkeep\n|\n|t:|1776307254\n|switch|p1a: Sneasler|Sneasler, L50, M|88/100\n|turn|3\n|\n|t:|1776307268\n|move|p2b: Pharaoh|Protect|p2b: Pharaoh\n|-singleturn|p2b: Pharaoh|Protect\n|move|p1a: Sneasler|Fake Out|p2b: Pharaoh\n|-activate|p2b: Pharaoh|move: Protect\n|-curestatus|p2a: Shimmer|frz|[msg]\n|move|p2a: Shimmer|Thunder Wave|p1a: Sneasler|[miss]\n|-miss|p2a: Shimmer|p1a: Sneasler\n|move|p1b: Archaludon|Electro Shot||[still]\n|-prepare|p1b: Archaludon|Electro Shot\n|-boost|p1b: Archaludon|spa|1\n|\n|-weather|Snowscape|[upkeep]\n|upkeep\n|turn|4\n|\n|t:|1776307285\n|move|p2a: Shimmer|Thunder Wave|p1a: Sneasler\n|-status|p1a: Sneasler|par\n|move|p2b: Pharaoh|Close Combat|p1b: Archaludon\n|-supereffective|p1b: Archaludon|1\n|-damage|p1b: Archaludon|0 fnt\n|-unboost|p2b: Pharaoh|def|1\n|-unboost|p2b: Pharaoh|spd|1\n|faint|p1b: Archaludon\n|move|p1a: Sneasler|Close Combat|p2b: Pharaoh\n|-supereffective|p2b: Pharaoh|1\n|-damage|p2b: Pharaoh|0 fnt\n|-unboost|p1a: Sneasler|def|1\n|-unboost|p1a: Sneasler|spd|1\n|faint|p2b: Pharaoh\n|-enditem|p1a: Sneasler|White Herb\n|-clearnegativeboost|p1a: Sneasler|[silent]\n|\n|-weather|Snowscape|[upkeep]\n|upkeep\n|\n|t:|1776307300\n|switch|p2b: President|Sinistcha, L50|100/100\n|switch|p1b: Whimsicott|Whimsicott, L50, F, shiny|100/100\n|-heal|p2a: Shimmer|46/100|[from] ability: Hospitality|[of] p2b: President\n|turn|5\n|\n|t:|1776307318\n|move|p1b: Whimsicott|Tailwind|p1b: Whimsicott\n|-sidestart|p1: LudoQuinn|move: Tailwind\n|move|p2a: Shimmer|Encore|p1a: Sneasler\n|-start|p1a: Sneasler|Encore\n|move|p1a: Sneasler|Close Combat|p2b: President\n|-immune|p2b: President\n|move|p2b: President|Matcha Gotcha|p1a: Sneasler|[spread] p1a,p1b\n|-resisted|p1a: Sneasler|1\n|-resisted|p1b: Whimsicott|1\n|-damage|p1a: Sneasler|77/100 par\n|-damage|p1b: Whimsicott|86/100\n|\n|-weather|none\n|-sideend|p1: LudoQuinn|move: Aurora Veil\n|upkeep\n|turn|6\n|\n|t:|1776307347\n|move|p2a: Shimmer|Encore|p1b: Whimsicott\n|-start|p1b: Whimsicott|Encore\n|move|p1b: Whimsicott|Tailwind||[still]\n|-fail|p1b: Whimsicott\n|move|p1a: Sneasler|Close Combat|p2b: President\n|-immune|p2b: President\n|move|p2b: President|Matcha Gotcha|p1b: Whimsicott|[spread] p1b\n|-miss|p2b: President|p1a: Sneasler\n|-resisted|p1b: Whimsicott|1\n|-damage|p1b: Whimsicott|66/100\n|\n|upkeep\n|turn|7\n|\n|t:|1776307362\n|move|p1b: Whimsicott|Tailwind||[still]\n|-fail|p1b: Whimsicott\n|move|p1a: Sneasler|Close Combat|p2a: Shimmer\n|-immune|p2a: Shimmer\n|move|p2b: President|Matcha Gotcha|p1b: Whimsicott|[spread] p1a,p1b\n|-resisted|p1a: Sneasler|1\n|-resisted|p1b: Whimsicott|1\n|-damage|p1a: Sneasler|61/100 par\n|-damage|p1b: Whimsicott|46/100\n|move|p2a: Shimmer|Foul Play|p1a: Sneasler\n|-resisted|p1a: Sneasler|1\n|-damage|p1a: Sneasler|18/100 par\n|\n|-end|p1a: Sneasler|Encore\n|upkeep\n|turn|8\n|\n|t:|1776307382\n|move|p1b: Whimsicott|Tailwind||[still]\n|-fail|p1b: Whimsicott\n|move|p2a: Shimmer|Encore|p1a: Sneasler\n|-start|p1a: Sneasler|Encore\n|move|p1a: Sneasler|Close Combat|p2a: Shimmer\n|-immune|p2a: Shimmer\n|move|p2b: President|Matcha Gotcha|p1b: Whimsicott|[spread] p1a,p1b\n|-resisted|p1a: Sneasler|1\n|-resisted|p1b: Whimsicott|1\n|-damage|p1a: Sneasler|0 fnt\n|-damage|p1b: Whimsicott|26/100\n|faint|p1a: Sneasler\n|\n|-end|p1b: Whimsicott|Encore\n|-sideend|p1: LudoQuinn|move: Tailwind\n|upkeep\n|turn|9\n|\n|t:|1776307400\n|move|p2a: Shimmer|Encore|p1b: Whimsicott\n|-start|p1b: Whimsicott|Encore\n|move|p1b: Whimsicott|Tailwind|p1b: Whimsicott\n|-sidestart|p1: LudoQuinn|move: Tailwind\n|move|p2b: President|Matcha Gotcha|p1b: Whimsicott\n|-resisted|p1b: Whimsicott|1\n|-damage|p1b: Whimsicott|0 fnt\n|faint|p1b: Whimsicott\n|\n|win|acrophobicavian\n|raw|LudoQuinn's rating: 1101 &rarr; <strong>1076</strong><br />(-25 for losing)\n|raw|acrophobicavian's rating: 1105 &rarr; <strong>1130</strong><br />(+25 for winning)\n|l|\u2606LudoQuinn\n|player|p1|\n",
  "uploadtime": 1776307412,
  "views": 23,
  "formatid": "gen9championsvgc2026regma",
  "rating": 1076,
  "private": 0,
  "password": null
}