{
  "id": "gen9championsvgc2026regma-2588232615",
  "format": "[Gen 9 Champions] VGC 2026 Reg M-A",
  "players": [
    "wasislossmitfenha",
    "Millygan15"
  ],
  "log": "|j|\u2606wasislossmitfenha\n|j|\u2606Millygan15\n|t:|1776616579\n|gametype|doubles\n|player|p1|wasislossmitfenha|169|1261\n|player|p2|Millygan15|volkner|1161\n|gen|9\n|tier|[Gen 9 Champions] VGC 2026 Reg M-A\n|rated|\n|rule|Species Clause: Limit one of each Pok\u00e9mon\n|rule|Item Clause: Limit 1 of each item\n|clearpoke\n|poke|p1|Floette-Eternal, L50, F|\n|poke|p1|Dragapult, L50, F|\n|poke|p1|Rotom-Wash, L50|\n|poke|p1|Arcanine-Hisui, L50, M|\n|poke|p1|Sneasler, L50, F|\n|poke|p1|Kingambit, L50, F|\n|poke|p2|Zoroark-Hisui, L50, M|\n|poke|p2|Ditto, L50|\n|poke|p2|Incineroar, L50, F|\n|poke|p2|Dragonite, L50, M|\n|poke|p2|Sneasler, L50, F|\n|poke|p2|Ninetales-Alola, L50, F|\n|teampreview|4\n|inactive|Battle timer is ON: inactive players will automatically lose when time's up. (requested by Millygan15)\n|j| aeqe\nMillygan15 rejected open team sheets.\n|\n|t:|1776616599\n|teamsize|p1|4\n|teamsize|p2|4\n|start\n|switch|p1a: Arcanine|Arcanine-Hisui, L50, M|100/100\n|switch|p1b: Sneasler|Sneasler, L50, F|100/100\n|switch|p2a: Dragonite|Dragonite, L50, M|100/100\n|switch|p2b: Ditto|Ditto, L50|100/100\n|-transform|p2b: Ditto|p1a: Arcanine|[from] ability: Imposter\n|turn|1\n|\n|t:|1776616621\n|move|p1a: Arcanine|Head Smash|p2a: Dragonite|[miss]\n|-miss|p1a: Arcanine|p2a: Dragonite\n|move|p2a: Dragonite|Icy Wind|p1a: Arcanine|[spread] p1a,p1b\n|-resisted|p1a: Arcanine|1\n|-damage|p1a: Arcanine|93/100\n|-damage|p1b: Sneasler|85/100\n|-unboost|p1a: Arcanine|spe|1\n|-unboost|p1b: Sneasler|spe|1\n|-enditem|p1b: Sneasler|White Herb\n|-clearnegativeboost|p1b: Sneasler|[silent]\n|move|p1b: Sneasler|Close Combat|p2b: Ditto\n|-supereffective|p2b: Ditto|1\n|-enditem|p2b: Ditto|Focus Sash\n|-damage|p2b: Ditto|1/100\n|-unboost|p1b: Sneasler|def|1\n|-unboost|p1b: Sneasler|spd|1\n|move|p2b: Ditto|Rock Slide|p1a: Arcanine|[spread] p1a,p1b\n|-supereffective|p1a: Arcanine|1\n|-resisted|p1b: Sneasler|1\n|-damage|p1a: Arcanine|25/100\n|-damage|p1b: Sneasler|45/100\n|\n|upkeep\n|turn|2\n|\n|t:|1776616645\n|switch|p1b: Floette|Floette-Eternal, L50, F|100/100\n|switch|p1a: Dragapult|Dragapult, L50, F|100/100\n|move|p2a: Dragonite|Icy Wind|p1b: Floette|[spread] p1a,p1b\n|-supereffective|p1a: Dragapult|1\n|-damage|p1a: Dragapult|70/100\n|-damage|p1b: Floette|92/100\n|-unboost|p1a: Dragapult|spe|1\n|-unboost|p1b: Floette|spe|1\n|-start|p2a: Dragonite|Disable|Icy Wind|[from] ability: Cursed Body|[of] p1a: Dragapult\n|move|p2b: Ditto|Rock Slide|p1b: Floette|[spread] p1a,p1b\n|-damage|p1a: Dragapult|32/100\n|-damage|p1b: Floette|55/100\n|\n|upkeep\n|turn|3\n|inactive|Millygan15 has 30 seconds left.\n|\n|t:|1776616671\n|detailschange|p1b: Floette|Floette-Mega, L50, F\n|-mega|p1b: Floette|Floette|Floettite\n|-ability|p1b: Floette|Fairy Aura\n|move|p2b: Ditto|Extreme Speed|p1b: Floette\n|-damage|p1b: Floette|26/100\n|move|p2a: Dragonite|Bitter Malice|p1a: Dragapult\n|-supereffective|p1a: Dragapult|1\n|-damage|p1a: Dragapult|0 fnt\n|faint|p1a: Dragapult\n|move|p1b: Floette|Dazzling Gleam|p2b: Ditto|[spread] p2a,p2b\n|-resisted|p2b: Ditto|1\n|-damage|p2a: Dragonite|15/100\n|-damage|p2b: Ditto|0 fnt\n|replace|p2a: Zoroark|Zoroark-Hisui, L50, M\n|-end|p2a: Zoroark|Illusion\n|faint|p2b: Ditto\n|\n|upkeep\n|\n|t:|1776616691\n|switch|p1a: Arcanine|Arcanine-Hisui, L50, M|25/100\n|switch|p2b: Dragonite|Dragonite, L50, M|100/100\n|turn|4\n|\n|t:|1776616704\n|switch|p1b: Sneasler|Sneasler, L50, F|45/100\n|detailschange|p2b: Dragonite|Dragonite-Mega, L50, M\n|-mega|p2b: Dragonite|Dragonite|Dragoninite\n|move|p2a: Zoroark|Protect|p2a: Zoroark\n|-singleturn|p2a: Zoroark|Protect\n|move|p2b: Dragonite|Extreme Speed|p1b: Sneasler\n|-damage|p1b: Sneasler|13/100\n|move|p1a: Arcanine|Head Smash|p2b: Dragonite\n|-supereffective|p2b: Dragonite|1\n|-damage|p2b: Dragonite|25/100\n|\n|upkeep\n|turn|5\n|\n|t:|1776616727\n|move|p1b: Sneasler|Fake Out|p2b: Dragonite\n|-damage|p2b: Dragonite|10/100\n|cant|p2b: Dragonite|flinch\n|move|p1a: Arcanine|Head Smash|p2a: Zoroark\n|-damage|p2a: Zoroark|0 fnt\n|faint|p2a: Zoroark\n|\n|upkeep\n|\n|t:|1776616735\n|switch|p2a: Sneasler|Sneasler, L50, F|100/100\n|turn|6\n|\n|t:|1776616751\n|move|p2a: Sneasler|Fake Out|p1a: Arcanine\n|-resisted|p1a: Arcanine|1\n|-damage|p1a: Arcanine|16/100\n|move|p2b: Dragonite|Extreme Speed|p1b: Sneasler\n|-damage|p1b: Sneasler|0 fnt\n|faint|p1b: Sneasler\n|cant|p1a: Arcanine|flinch\n|\n|upkeep\n|\n|t:|1776616753\n|switch|p1b: Floette|Floette-Mega, L50, F|26/100\n|-ability|p1b: Floette|Fairy Aura\n|turn|7\n|\n|t:|1776616767\n|move|p1b: Floette|Protect|p1b: Floette\n|-singleturn|p1b: Floette|Protect\n|move|p2b: Dragonite|Extreme Speed|p1b: Floette\n|-activate|p1b: Floette|move: Protect\n|move|p1a: Arcanine|Head Smash|p2b: Dragonite\n|-supereffective|p2b: Dragonite|1\n|-crit|p2b: Dragonite\n|-damage|p2b: Dragonite|0 fnt\n|faint|p2b: Dragonite\n|move|p2a: Sneasler|Close Combat|p1a: Arcanine\n|-supereffective|p1a: Arcanine|1\n|-damage|p1a: Arcanine|0 fnt\n|-unboost|p2a: Sneasler|def|1\n|-unboost|p2a: Sneasler|spd|1\n|faint|p1a: Arcanine\n|\n|upkeep\n|turn|8\n|\n|t:|1776616781\n|move|p2a: Sneasler|Dire Claw|p1b: Floette\n|-supereffective|p1b: Floette|1\n|-crit|p1b: Floette\n|-damage|p1b: Floette|0 fnt\n|faint|p1b: Floette\n|\n|win|Millygan15\n|raw|wasislossmitfenha's rating: 1261 &rarr; <strong>1229</strong><br />(-32 for losing)\n|raw|Millygan15's rating: 1161 &rarr; <strong>1193</strong><br />(+32 for winning)\n",
  "uploadtime": 1776616784,
  "views": 8,
  "formatid": "gen9championsvgc2026regma",
  "rating": 1193,
  "private": 0,
  "password": null
}