{
  "id": "gen9championsvgc2026regma-2585929723",
  "format": "[Gen 9 Champions] VGC 2026 Reg M-A",
  "players": [
    "foxgirlmoony",
    "godfocker"
  ],
  "log": "|j|\u203dfoxgirlmoony\n|j|\u2606godfocker\n|t:|1776382414\n|gametype|doubles\n|player|p1|foxgirlmoony|rocketgruntf|1425\n|player|p2|godfocker|265|1448\n|gen|9\n|tier|[Gen 9 Champions] VGC 2026 Reg M-A\n|rated|\n|rule|Species Clause: Limit one of each Pok\u00e9mon\n|rule|Item Clause: Limit 1 of each item\n|clearpoke\n|poke|p1|Gengar, L50, F|\n|poke|p1|Incineroar, L50, F|\n|poke|p1|Sinistcha, L50|\n|poke|p1|Floette-Eternal, L50, F|\n|poke|p1|Politoed, L50, F|\n|poke|p1|Basculegion-F, L50, F|\n|poke|p2|Gengar, L50, M|\n|poke|p2|Incineroar, L50, F|\n|poke|p2|Sinistcha, L50|\n|poke|p2|Volcarona, L50, F|\n|poke|p2|Kommo-o, L50, F|\n|poke|p2|Corviknight, L50, F|\n|teampreview|4\n|inactive|Battle timer is ON: inactive players will automatically lose when time's up. (requested by foxgirlmoony)\n|inactive|godfocker has 60 seconds left.\n|\n|t:|1776382462\n|teamsize|p1|4\n|teamsize|p2|4\n|start\n|switch|p1a: Politoed|Politoed, L50, F|100/100\n|switch|p1b: Basculegion|Basculegion-F, L50, F|100/100\n|switch|p2a: Gengar|Gengar, L50, M|100/100\n|switch|p2b: Corviknight|Corviknight, L50, F|100/100\n|-ability|p2b: Corviknight|Unnerve\n|-weather|RainDance|[from] ability: Drizzle|[of] p1a: Politoed\n|turn|1\n|\n|t:|1776382476\n|detailschange|p2a: Gengar|Gengar-Mega, L50, M\n|-mega|p2a: Gengar|Gengar|Gengarite\n|move|p2a: Gengar|Protect|p2a: Gengar\n|-singleturn|p2a: Gengar|Protect\n|move|p1b: Basculegion|Muddy Water|p2a: Gengar|[spread] p2b\n|-activate|p2a: Gengar|move: Protect\n|-damage|p2b: Corviknight|63/100\n|move|p2b: Corviknight|Bulk Up|p2b: Corviknight\n|-boost|p2b: Corviknight|atk|1\n|-boost|p2b: Corviknight|def|1\n|move|p1a: Politoed|Weather Ball|p2b: Corviknight\n|-damage|p2b: Corviknight|12/100\n|\n|-weather|RainDance|[upkeep]\n|-heal|p2b: Corviknight|18/100|[from] item: Leftovers\n|upkeep\n|turn|2\n|inactive|godfocker has 30 seconds left.\n|inactive|godfocker has 20 seconds left.\n|\n|t:|1776382515\n|switch|p2a: Sinistcha|Sinistcha, L50|100/100\n|-heal|p2b: Corviknight|42/100|[from] ability: Hospitality|[of] p2a: Sinistcha\n|move|p2b: Corviknight|Protect|p2b: Corviknight\n|-singleturn|p2b: Corviknight|Protect\n|move|p1b: Basculegion|Shadow Ball|p2a: Sinistcha\n|-supereffective|p2a: Sinistcha|1\n|-damage|p2a: Sinistcha|12/100\n|-unboost|p2a: Sinistcha|spd|1\n|move|p1a: Politoed|Weather Ball|p2b: Corviknight\n|-activate|p2b: Corviknight|move: Protect\n|\n|-weather|RainDance|[upkeep]\n|-heal|p2b: Corviknight|48/100|[from] item: Leftovers\n|upkeep\n|turn|3\n|j| I'mFrancis\n|inactive|godfocker has 30 seconds left.\n|\n|t:|1776382544\n|move|p2a: Sinistcha|Rage Powder|p2a: Sinistcha\n|-singleturn|p2a: Sinistcha|move: Rage Powder\n|move|p1b: Basculegion|Muddy Water|p2b: Corviknight|[spread] p2a,p2b\n|-resisted|p2a: Sinistcha|1\n|-damage|p2a: Sinistcha|0 fnt\n|-damage|p2b: Corviknight|10/100\n|-unboost|p2b: Corviknight|accuracy|1\n|faint|p2a: Sinistcha\n|move|p2b: Corviknight|Body Press|p1a: Politoed\n|-damage|p1a: Politoed|62/100\n|move|p1a: Politoed|Weather Ball|p2b: Corviknight\n|-damage|p2b: Corviknight|0 fnt\n|faint|p2b: Corviknight\n|\n|-weather|RainDance|[upkeep]\n|upkeep\n|\n|t:|1776382549\n|switch|p2a: Gengar|Gengar-Mega, L50, M|100/100\n|switch|p2b: Kommo-o|Kommo-o, L50, F|100/100\n|turn|4\n|\n|t:|1776382571\n|move|p2a: Gengar|Protect|p2a: Gengar\n|-singleturn|p2a: Gengar|Protect\n|move|p1b: Basculegion|Shadow Ball|p2a: Gengar\n|-activate|p2a: Gengar|move: Protect\n|move|p2b: Kommo-o|Clangorous Soul|p2b: Kommo-o\n|-boost|p2b: Kommo-o|atk|1\n|-boost|p2b: Kommo-o|def|1\n|-boost|p2b: Kommo-o|spa|1\n|-boost|p2b: Kommo-o|spd|1\n|-boost|p2b: Kommo-o|spe|1\n|-damage|p2b: Kommo-o|68/100\n|move|p1a: Politoed|Ice Beam|p2b: Kommo-o\n|-supereffective|p2b: Kommo-o|1\n|-damage|p2b: Kommo-o|30/100\n|-enditem|p2b: Kommo-o|Sitrus Berry|[eat]\n|-heal|p2b: Kommo-o|55/100|[from] item: Sitrus Berry\n|\n|-weather|RainDance|[upkeep]\n|upkeep\n|turn|5\n|inactive|godfocker has 30 seconds left.\n|\n|t:|1776382602\n|move|p1b: Basculegion|Shadow Ball|p2a: Gengar\n|-supereffective|p2a: Gengar|1\n|-damage|p2a: Gengar|0 fnt\n|faint|p2a: Gengar\n|move|p2b: Kommo-o|Clanging Scales|p1a: Politoed|[spread] p1a,p1b\n|-crit|p1a: Politoed\n|-damage|p1a: Politoed|0 fnt\n|-damage|p1b: Basculegion|40/100\n|faint|p1a: Politoed\n|-unboost|p2b: Kommo-o|def|1\n|\n|-weather|none\n|upkeep\n|\n|t:|1776382612\n|switch|p1a: Incineroar|Incineroar, L50, F|100/100\n|-ability|p1a: Incineroar|Intimidate|boost\n|-unboost|p2b: Kommo-o|atk|1\n|turn|6\n|\n|t:|1776382620\n|move|p2b: Kommo-o|Protect|p2b: Kommo-o\n|-singleturn|p2b: Kommo-o|Protect\n|move|p1a: Incineroar|Fake Out|p2b: Kommo-o\n|-activate|p2b: Kommo-o|move: Protect\n|move|p1b: Basculegion|Muddy Water|p2b: Kommo-o\n|-activate|p2b: Kommo-o|move: Protect\n|\n|upkeep\n|turn|7\n|\n|t:|1776382631\n|move|p1b: Basculegion|Protect|p1b: Basculegion\n|-singleturn|p1b: Basculegion|Protect\n|move|p2b: Kommo-o|Aura Sphere|p1a: Incineroar\n|-supereffective|p1a: Incineroar|1\n|-damage|p1a: Incineroar|8/100\n|-enditem|p1a: Incineroar|Sitrus Berry|[eat]\n|-heal|p1a: Incineroar|33/100|[from] item: Sitrus Berry\n|move|p1a: Incineroar|Parting Shot|p2b: Kommo-o\n|-unboost|p2b: Kommo-o|atk|1\n|-unboost|p2b: Kommo-o|spa|1\n|\n|t:|1776382640\n|switch|p1a: Gengar|Gengar, L50, F|100/100|[from] Parting Shot\n|\n|upkeep\n|turn|8\n|\n|t:|1776382646\n|detailschange|p1a: Gengar|Gengar-Mega, L50, F\n|-mega|p1a: Gengar|Gengar|Gengarite\n|move|p2b: Kommo-o|Clanging Scales|p1b: Basculegion|[spread] p1a,p1b\n|-crit|p1a: Gengar\n|-crit|p1b: Basculegion\n|-damage|p1a: Gengar|28/100\n|-damage|p1b: Basculegion|0 fnt\n|faint|p1b: Basculegion\n|-unboost|p2b: Kommo-o|def|1\n|move|p1a: Gengar|Sludge Bomb|p2b: Kommo-o\n|-immune|p2b: Kommo-o|[from] ability: Bulletproof\n|\n|upkeep\n|c|\u2606godfocker|lmao\n|\n|t:|1776382659\n|switch|p1b: Incineroar|Incineroar, L50, F|33/100\n|-ability|p1b: Incineroar|Intimidate|boost\n|-unboost|p2b: Kommo-o|atk|1\n|turn|9\n|\n|t:|1776382668\n|move|p2b: Kommo-o|Protect|p2b: Kommo-o\n|-singleturn|p2b: Kommo-o|Protect\n|move|p1b: Incineroar|Fake Out|p2b: Kommo-o\n|-activate|p2b: Kommo-o|move: Protect\n|move|p1a: Gengar|Shadow Ball|p2b: Kommo-o\n|-activate|p2b: Kommo-o|move: Protect\n|\n|upkeep\n|turn|10\n|\n|t:|1776382676\n|move|p2b: Kommo-o|Clanging Scales|p1a: Gengar|[spread] p1a,p1b\n|-crit|p1a: Gengar\n|-damage|p1a: Gengar|0 fnt\n|-damage|p1b: Incineroar|0 fnt\n|faint|p1a: Gengar\n|faint|p1b: Incineroar\n|\n|win|godfocker\n|raw|foxgirlmoony's rating: 1425 &rarr; <strong>1406</strong><br />(-19 for losing)\n|raw|godfocker's rating: 1448 &rarr; <strong>1467</strong><br />(+19 for winning)\n",
  "uploadtime": 1776382683,
  "views": 32,
  "formatid": "gen9championsvgc2026regma",
  "rating": 1406,
  "private": 0,
  "password": null
}