{
  "id": "gen9championsvgc2026regma-2585137558",
  "format": "[Gen 9 Champions] VGC 2026 Reg M-A",
  "players": [
    "gltch_grl",
    "Lorofog"
  ],
  "log": "|j|\u2606gltch_grl\n|j|\u2606Lorofog\n|t:|1776316294\n|gametype|doubles\n|player|p1|gltch_grl|101|1159\n|player|p2|Lorofog|102|1183\n|gen|9\n|tier|[Gen 9 Champions] VGC 2026 Reg M-A\n|rated|\n|rule|Species Clause: Limit one of each Pok\u00e9mon\n|rule|Item Clause: Limit 1 of each item\n|clearpoke\n|poke|p1|Ceruledge, L50, F|\n|poke|p1|Sinistcha, L50|\n|poke|p1|Aerodactyl, L50, F|\n|poke|p1|Archaludon, L50, M|\n|poke|p1|Gyarados, L50, M|\n|poke|p1|Milotic, L50, F|\n|poke|p2|Emboar, L50, M|\n|poke|p2|Zoroark, L50, M|\n|poke|p2|Ninetales-Alola, L50, F|\n|poke|p2|Gyarados, L50, M|\n|poke|p2|Farigiraf, L50, M|\n|poke|p2|Scizor, L50, F|\n|teampreview|4\n|inactive|Battle timer is ON: inactive players will automatically lose when time's up. (requested by gltch_grl)\ngltch_grl rejected open team sheets.\n|\n|t:|1776316342\n|teamsize|p1|4\n|teamsize|p2|4\n|start\n|switch|p1a: Aerodactyl|Aerodactyl, L50, F|100/100\n|switch|p1b: Gyarados|Gyarados, L50, M|100/100\n|switch|p2a: Gyarados|Gyarados, L50, M|100/100\n|switch|p2b: Scizor|Scizor, L50, F|100/100\n|-ability|p1a: Aerodactyl|Unnerve\n|-ability|p1b: Gyarados|Intimidate|boost\n|-unboost|p2a: Gyarados|atk|1\n|-unboost|p2b: Scizor|atk|1\n|turn|1\n|inactive|gltch_grl has 30 seconds left.\n|inactive|gltch_grl has 20 seconds left.\n|inactive|gltch_grl has 15 seconds left.\n|\n|t:|1776316383\n|switch|p1b: Archaludon|Archaludon, L50, M|100/100\n|move|p2b: Scizor|Bullet Punch|p1a: Aerodactyl\n|-supereffective|p1a: Aerodactyl|1\n|-damage|p1a: Aerodactyl|27/100\n|move|p2a: Gyarados|Night Daze|p1b: Archaludon\n|-damage|p1b: Archaludon|22/100\n|-unboost|p1b: Archaludon|accuracy|1\n|-ability|p1b: Archaludon|Stamina|boost\n|-boost|p1b: Archaludon|def|1\n|move|p1a: Aerodactyl|Tailwind|p1a: Aerodactyl\n|-sidestart|p1: gltch_grl|move: Tailwind\n|\n|-heal|p1b: Archaludon|28/100|[from] item: Leftovers\n|upkeep\n|turn|2\n|inactive|gltch_grl has 30 seconds left.\n|inactive|Lorofog has 30 seconds left.\n|inactive|gltch_grl has 20 seconds left.\n|inactive|Lorofog has 20 seconds left.\n|inactive|Lorofog has 15 seconds left.\n|\n|t:|1776316427\n|move|p1a: Aerodactyl|Protect|p1a: Aerodactyl\n|-singleturn|p1a: Aerodactyl|Protect\n|move|p2b: Scizor|Bullet Punch|p1a: Aerodactyl\n|-activate|p1a: Aerodactyl|move: Protect\n|move|p1b: Archaludon|Thunderbolt|p2a: Gyarados\n|-damage|p2a: Gyarados|46/100\n|-status|p2a: Gyarados|par\n|replace|p2a: Zoroark|Zoroark, L50, M\n|-end|p2a: Zoroark|Illusion\n|move|p2a: Zoroark|Night Daze|p1b: Archaludon\n|-damage|p1b: Archaludon|0 fnt\n|faint|p1b: Archaludon\n|\n|upkeep\n|\n|t:|1776316445\n|switch|p1b: Gyarados|Gyarados, L50, M|100/100\n|-ability|p1b: Gyarados|Intimidate|boost\n|-unboost|p2a: Zoroark|atk|1\n|-unboost|p2b: Scizor|atk|1\n|turn|3\n|\n|t:|1776316464\n|switch|p1a: Sinistcha|Sinistcha, L50|100/100\n|switch|p2b: Gyarados|Gyarados, L50, M|100/100\n|-ability|p2b: Gyarados|Intimidate|boost\n|-unboost|p1a: Sinistcha|atk|1\n|-unboost|p1b: Gyarados|atk|1\n|detailschange|p1b: Gyarados|Gyarados-Mega, L50, M\n|-mega|p1b: Gyarados|Gyarados|Gyaradosite\n|-ability|p1b: Gyarados|Mold Breaker\n|move|p1b: Gyarados|Earthquake|p2a: Zoroark|[spread] p1a,p2a\n|-immune|p2b: Gyarados\n|-resisted|p1a: Sinistcha|1\n|-damage|p1a: Sinistcha|90/100\n|-damage|p2a: Zoroark|11/100 par\n|move|p2a: Zoroark|Night Daze|p1b: Gyarados\n|-resisted|p1b: Gyarados|1\n|-damage|p1b: Gyarados|81/100\n|-unboost|p1b: Gyarados|accuracy|1\n|\n|upkeep\n|turn|4\n|inactive|gltch_grl has 30 seconds left.\n|\n|t:|1776316495\n|switch|p2a: Ninetales|Ninetales-Alola, L50, F|100/100\n|-weather|Snowscape|[from] ability: Snow Warning|[of] p2a: Ninetales\n|move|p1b: Gyarados|Protect|p1b: Gyarados\n|-singleturn|p1b: Gyarados|Protect\n|move|p1a: Sinistcha|Matcha Gotcha|p2b: Gyarados|[spread] p2a,p2b\n|-damage|p2a: Ninetales|58/100\n|-heal|p1a: Sinistcha|100/100|[from] drain|[of] p2a: Ninetales\n|-damage|p2b: Gyarados|76/100\n|move|p2b: Gyarados|Icy Wind|p1b: Gyarados|[spread] p1a\n|-activate|p1b: Gyarados|move: Protect\n|-supereffective|p1a: Sinistcha|1\n|-damage|p1a: Sinistcha|85/100\n|-unboost|p1a: Sinistcha|spe|1\n|\n|-weather|Snowscape|[upkeep]\n|-heal|p2b: Gyarados|82/100|[from] item: Leftovers\n|-sideend|p1: gltch_grl|move: Tailwind\n|upkeep\n|turn|5\n|inactive|gltch_grl has 30 seconds left.\n|inactive|Lorofog has 30 seconds left.\n|inactive|Lorofog has 20 seconds left.\n|\n|t:|1776316531\n|switch|p1b: Aerodactyl|Aerodactyl, L50, F|27/100\n|-ability|p1b: Aerodactyl|Unnerve\n|move|p2b: Gyarados|Helping Hand|p2a: Ninetales\n|-singleturn|p2a: Ninetales|Helping Hand|[of] p2b: Gyarados\n|move|p2a: Ninetales|Blizzard|p1a: Sinistcha|[spread] p1a,p1b\n|-supereffective|p1a: Sinistcha|1\n|-supereffective|p1b: Aerodactyl|1\n|-damage|p1a: Sinistcha|0 fnt\n|-damage|p1b: Aerodactyl|0 fnt\n|faint|p1a: Sinistcha\n|faint|p1b: Aerodactyl\n|\n|-weather|Snowscape|[upkeep]\n|-heal|p2b: Gyarados|88/100|[from] item: Leftovers\n|upkeep\n|\n|t:|1776316545\n|switch|p1a: Gyarados|Gyarados-Mega, L50, M|81/100\n|-ability|p1a: Gyarados|Mold Breaker\n|turn|6\n|\n|t:|1776316551\n|move|p2b: Gyarados|Helping Hand|p2a: Ninetales\n|-singleturn|p2a: Ninetales|Helping Hand|[of] p2b: Gyarados\n|move|p2a: Ninetales|Moonblast|p1a: Gyarados\n|-supereffective|p1a: Gyarados|1\n|-damage|p1a: Gyarados|0 fnt\n|faint|p1a: Gyarados\n|\n|win|Lorofog\n|raw|gltch_grl's rating: 1159 &rarr; <strong>1136</strong><br />(-23 for losing)\n|raw|Lorofog's rating: 1183 &rarr; <strong>1206</strong><br />(+23 for winning)\n|l|\u2606gltch_grl\n|player|p1|\n",
  "uploadtime": 1776316566,
  "views": 37,
  "formatid": "gen9championsvgc2026regma",
  "rating": 1136,
  "private": 0,
  "password": null
}