{
  "id": "gen9championsvgc2026regma-2588657793",
  "format": "[Gen 9 Champions] VGC 2026 Reg M-A",
  "players": [
    "Danielopi",
    "Devta"
  ],
  "log": "|j|\u2606Danielopi\n|j|\u2606Devta\n|t:|1776654587\n|gametype|doubles\n|player|p1|Danielopi|rood|1238\n|player|p2|Devta|hexmaniac-gen6|1258\n|gen|9\n|tier|[Gen 9 Champions] VGC 2026 Reg M-A\n|rated|\n|rule|Species Clause: Limit one of each Pok\u00e9mon\n|rule|Item Clause: Limit 1 of each item\n|clearpoke\n|poke|p1|Kangaskhan, L50, F|\n|poke|p1|Froslass, L50, F|\n|poke|p1|Incineroar, L50, M|\n|poke|p1|Archaludon, L50, M|\n|poke|p1|Farigiraf, L50, F|\n|poke|p1|Mamoswine, L50, M|\n|poke|p2|Floette-Eternal, L50, F|\n|poke|p2|Aerodactyl, L50, M|\n|poke|p2|Milotic, L50, F, shiny|\n|poke|p2|Kommo-o, L50, M|\n|poke|p2|Sinistcha-Masterpiece, L50, shiny|\n|poke|p2|Delphox, L50, M, shiny|\n|teampreview|4\n|inactive|Battle timer is ON: inactive players will automatically lose when time's up. (requested by Danielopi)\n|inactive|Devta has 60 seconds left.\n|\n|t:|1776654644\n|teamsize|p1|4\n|teamsize|p2|4\n|start\n|switch|p1a: Farigiraf|Farigiraf, L50, F|100/100\n|switch|p1b: Incineroar|Incineroar, L50, M|100/100\n|switch|p2a: Delphox|Delphox, L50, M, shiny|100/100\n|switch|p2b: Milotic|Milotic, L50, F, shiny|100/100\n|-ability|p1b: Incineroar|Intimidate|boost\n|-unboost|p2a: Delphox|atk|1\n|-unboost|p2b: Milotic|atk|1\n|-ability|p2b: Milotic|Competitive|boost\n|-boost|p2b: Milotic|spa|2\n|turn|1\n|inactive|Danielopi has 30 seconds left.\n|inactive|Devta has 30 seconds left.\n|inactive|Danielopi has 20 seconds left.\n|inactive|Devta has 20 seconds left.\n|inactive|Danielopi has 15 seconds left.\n|inactive|Devta has 15 seconds left.\n|inactive|Danielopi has 10 seconds left.\n|\n|t:|1776654691\n|detailschange|p2a: Delphox|Delphox-Mega, L50, M, shiny\n|-mega|p2a: Delphox|Delphox|Delphoxite\n|move|p1b: Incineroar|Fake Out|p2b: Milotic\n|-damage|p2b: Milotic|89/100\n|move|p2a: Delphox|Substitute|p2a: Delphox\n|-start|p2a: Delphox|Substitute\n|-damage|p2a: Delphox|75/100\n|cant|p2b: Milotic|flinch\n|move|p1a: Farigiraf|Trick Room|p1a: Farigiraf\n|-fieldstart|move: Trick Room|[of] p1a: Farigiraf\n|\n|-heal|p2b: Milotic|95/100|[from] item: Leftovers\n|upkeep\n|turn|2\n|inactive|Devta has 30 seconds left.\n|\n|t:|1776654716\n|move|p2a: Delphox|Protect|p2a: Delphox\n|-singleturn|p2a: Delphox|Protect\n|move|p1a: Farigiraf|Psychic|p2b: Milotic\n|-damage|p2b: Milotic|72/100\n|-unboost|p2b: Milotic|spd|1\n|-ability|p2b: Milotic|Competitive|boost\n|-boost|p2b: Milotic|spa|2\n|move|p1b: Incineroar|Parting Shot|p2a: Delphox\n|-activate|p2a: Delphox|move: Protect\n|move|p2b: Milotic|Scald|p1b: Incineroar\n|-supereffective|p1b: Incineroar|1\n|-damage|p1b: Incineroar|0 fnt\n|faint|p1b: Incineroar\n|\n|-heal|p2b: Milotic|78/100|[from] item: Leftovers\n|upkeep\n|\n|t:|1776654732\n|switch|p1b: Froslass|Froslass, L50, F|100/100\n|turn|3\n|\n|t:|1776654748\n|switch|p1a: Mamoswine|Mamoswine, L50, M|100/100\n|detailschange|p1b: Froslass|Froslass-Mega, L50, F\n|-mega|p1b: Froslass|Froslass|Froslassite\n|-weather|Snowscape|[from] ability: Snow Warning|[of] p1b: Froslass\n|move|p1b: Froslass|Protect|p1b: Froslass\n|-singleturn|p1b: Froslass|Protect\n|move|p2b: Milotic|Scald|p1b: Froslass\n|-activate|p1b: Froslass|move: Protect\n|move|p2a: Delphox|Heat Wave|p1a: Mamoswine|[spread] p1a\n|-activate|p1b: Froslass|move: Protect\n|-supereffective|p1a: Mamoswine|1\n|-damage|p1a: Mamoswine|13/100\n|\n|-weather|Snowscape|[upkeep]\n|-heal|p2b: Milotic|84/100|[from] item: Leftovers\n|upkeep\n|turn|4\n|inactive|Danielopi has 30 seconds left.\n|inactive|Devta has 30 seconds left.\n|inactive|Danielopi has 20 seconds left.\n|inactive|Danielopi has 15 seconds left.\n|inactive|Danielopi has 10 seconds left.\n|\n|t:|1776654797\n|move|p1a: Mamoswine|Stomping Tantrum|p2b: Milotic\n|-damage|p2b: Milotic|50/100\n|move|p2b: Milotic|Scald|p1b: Froslass\n|-damage|p1b: Froslass|21/100\n|move|p1b: Froslass|Shadow Ball|p2a: Delphox\n|-supereffective|p2a: Delphox|1\n|-end|p2a: Delphox|Substitute\n|move|p2a: Delphox|Heat Wave|p1b: Froslass|[spread] p1b\n|-miss|p2a: Delphox|p1a: Mamoswine\n|-supereffective|p1b: Froslass|1\n|-damage|p1b: Froslass|0 fnt\n|faint|p1b: Froslass\n|\n|-weather|Snowscape|[upkeep]\n|-heal|p2b: Milotic|56/100|[from] item: Leftovers\n|upkeep\n|\n|t:|1776654809\n|switch|p1b: Farigiraf|Farigiraf, L50, F|100/100\n|turn|5\n|\n|t:|1776654817\n|move|p1b: Farigiraf|Helping Hand|p1a: Mamoswine\n|-singleturn|p1a: Mamoswine|Helping Hand|[of] p1b: Farigiraf\n|move|p1a: Mamoswine|Stomping Tantrum|p2b: Milotic\n|-damage|p2b: Milotic|7/100\n|move|p2b: Milotic|Recover|p2b: Milotic\n|-heal|p2b: Milotic|57/100\n|move|p2a: Delphox|Heat Wave|p1b: Farigiraf|[spread] p1a\n|-miss|p2a: Delphox|p1b: Farigiraf\n|-supereffective|p1a: Mamoswine|1\n|-damage|p1a: Mamoswine|0 fnt\n|faint|p1a: Mamoswine\n|\n|-weather|Snowscape|[upkeep]\n|-heal|p2b: Milotic|63/100|[from] item: Leftovers\n|-fieldend|move: Trick Room\n|upkeep\n|turn|6\n|-message|Danielopi forfeited.\n|\n|win|Devta\n|raw|Danielopi's rating: 1238 &rarr; <strong>1214</strong><br />(-24 for losing)\n|raw|Devta's rating: 1258 &rarr; <strong>1282</strong><br />(+24 for winning)\n|l|\u2606Danielopi\n|player|p1|\n",
  "uploadtime": 1776654834,
  "views": 11,
  "formatid": "gen9championsvgc2026regma",
  "rating": 1214,
  "private": 0,
  "password": null
}