{
  "id": "gen9championsvgc2026regma-2586253072",
  "format": "[Gen 9 Champions] VGC 2026 Reg M-A",
  "players": [
    "EliDux",
    "hoohooooo"
  ],
  "log": "|j|\u203dEliDux\n|j|\u2606hoohooooo\n|t:|1776417684\n|gametype|doubles\n|player|p1|EliDux|morty|1024\n|player|p2|hoohooooo|101|1000\n|gen|9\n|tier|[Gen 9 Champions] VGC 2026 Reg M-A\n|rated|\n|rule|Species Clause: Limit one of each Pok\u00e9mon\n|rule|Item Clause: Limit 1 of each item\n|clearpoke\n|poke|p1|Gengar, L50, M|\n|poke|p1|Aegislash, L50, F|\n|poke|p1|Basculegion, L50, M|\n|poke|p1|Decidueye, L50, F|\n|poke|p1|Froslass, L50, F|\n|poke|p1|Chandelure, L50, F|\n|poke|p2|Garchomp, L50, F|\n|poke|p2|Orthworm, L50, F|\n|poke|p2|Primarina, L50, F|\n|poke|p2|Sneasler, L50, M|\n|poke|p2|Aerodactyl, L50, M|\n|poke|p2|Chandelure, L50, M|\n|teampreview|4\n|inactive|Battle timer is ON: inactive players will automatically lose when time's up. (requested by EliDux)\n|\n|t:|1776417737\n|teamsize|p1|4\n|teamsize|p2|4\n|start\n|switch|p1a: Basculegion|Basculegion, L50, M|100/100\n|switch|p1b: Aegislash|Aegislash, L50, F|100/100\n|switch|p2a: Sneasler|Sneasler, L50, M|100/100\n|switch|p2b: Aerodactyl|Aerodactyl, L50, M|100/100\n|-ability|p2b: Aerodactyl|Unnerve\n|turn|1\n|inactive|hoohooooo has 30 seconds left.\n|\n|t:|1776417763\n|move|p2a: Sneasler|Fake Out|p1a: Basculegion\n|-immune|p1a: Basculegion\n|move|p2b: Aerodactyl|Tailwind|p2b: Aerodactyl\n|-sidestart|p2: hoohooooo|move: Tailwind\n|-formechange|p1b: Aegislash|Aegislash-Blade|\n|move|p1b: Aegislash|Iron Head|p2b: Aerodactyl\n|-supereffective|p2b: Aerodactyl|1\n|-enditem|p2b: Aerodactyl|Focus Sash\n|-damage|p2b: Aerodactyl|1/100\n|move|p1a: Basculegion|Wave Crash|p2a: Sneasler\n|-damage|p2a: Sneasler|5/100\n|-damage|p1a: Basculegion|75/100|[from] Recoil\n|\n|upkeep\n|turn|2\n|inactive|hoohooooo has 30 seconds left.\n|\n|t:|1776417796\n|-formechange|p1b: Aegislash|Aegislash|\n|move|p1b: Aegislash|King's Shield|p1b: Aegislash\n|-singleturn|p1b: Aegislash|Protect\n|move|p1a: Basculegion|Aqua Jet|p2b: Aerodactyl\n|-supereffective|p2b: Aerodactyl|1\n|-damage|p2b: Aerodactyl|0 fnt\n|faint|p2b: Aerodactyl\n|move|p2a: Sneasler|Close Combat|p1b: Aegislash\n|-activate|p1b: Aegislash|move: Protect\n|-unboost|p2a: Sneasler|atk|1\n|-enditem|p2a: Sneasler|White Herb\n|-clearnegativeboost|p2a: Sneasler|[silent]\n|\n|upkeep\n|\n|t:|1776417813\n|switch|p2b: Orthworm|Orthworm, L50, F|100/100\n|turn|3\n|\n|t:|1776417827\n|move|p2a: Sneasler|Protect|p2a: Sneasler\n|-singleturn|p2a: Sneasler|Protect\n|move|p1a: Basculegion|Aqua Jet|p2a: Sneasler\n|-activate|p2a: Sneasler|move: Protect\n|move|p2b: Orthworm|Body Press|p1b: Aegislash\n|-immune|p1b: Aegislash\n|-formechange|p1b: Aegislash|Aegislash-Blade|\n|move|p1b: Aegislash|Night Slash|p2b: Orthworm\n|-damage|p2b: Orthworm|85/100\n|\n|upkeep\n|turn|4\n|inactive|hoohooooo has 30 seconds left.\n|\n|t:|1776417854\n|-formechange|p1b: Aegislash|Aegislash|\n|move|p1b: Aegislash|King's Shield|p1b: Aegislash\n|-singleturn|p1b: Aegislash|Protect\n|move|p2a: Sneasler|Close Combat|p1b: Aegislash\n|-activate|p1b: Aegislash|move: Protect\n|-unboost|p2a: Sneasler|atk|1\n|move|p2b: Orthworm|Heavy Slam|p1a: Basculegion\n|-resisted|p1a: Basculegion|1\n|-damage|p1a: Basculegion|63/100\n|move|p1a: Basculegion|Wave Crash|p2b: Orthworm\n|-damage|p2b: Orthworm|49/100\n|-enditem|p2b: Orthworm|Sitrus Berry|[eat]\n|-heal|p2b: Orthworm|74/100|[from] item: Sitrus Berry\n|-damage|p1a: Basculegion|54/100|[from] Recoil\n|\n|-sideend|p2: hoohooooo|move: Tailwind\n|upkeep\n|turn|5\n|inactive|EliDux has 30 seconds left.\n|inactive|EliDux has 20 seconds left.\n|inactive|EliDux has 15 seconds left.\n|inactive|EliDux has 10 seconds left.\n|inactive|EliDux has 5 seconds left.\n|\n|t:|1776417909\n|move|p1b: Aegislash|King's Shield|p1b: Aegislash\n|-singleturn|p1b: Aegislash|Protect\n|move|p1a: Basculegion|Aqua Jet|p2a: Sneasler\n|-damage|p2a: Sneasler|0 fnt\n|faint|p2a: Sneasler\n|move|p2b: Orthworm|Body Press|p1a: Basculegion\n|-immune|p1a: Basculegion\n|\n|upkeep\n|\n|t:|1776417922\n|switch|p2a: Chandelure|Chandelure, L50, M|100/100\n|turn|6\n|inactive|hoohooooo has 30 seconds left.\n|\n|t:|1776417956\n|detailschange|p2a: Chandelure|Chandelure-Mega, L50, M\n|-mega|p2a: Chandelure|Chandelure|Chandelurite\n|move|p2b: Orthworm|Protect|p2b: Orthworm\n|-singleturn|p2b: Orthworm|Protect\n|-formechange|p1b: Aegislash|Aegislash-Blade|\n|move|p1b: Aegislash|Head Smash|p2a: Chandelure\n|-supereffective|p2a: Chandelure|1\n|-damage|p2a: Chandelure|0 fnt\n|faint|p2a: Chandelure\n|-damage|p1b: Aegislash|50/100|[from] Recoil\n|move|p1a: Basculegion|Wave Crash|p2b: Orthworm\n|-activate|p2b: Orthworm|move: Protect\n|\n|-heal|p1b: Aegislash|56/100|[from] item: Leftovers\n|upkeep\n|turn|7\n|\n|t:|1776417976\n|move|p1b: Aegislash|Night Slash|p2b: Orthworm\n|-damage|p2b: Orthworm|57/100\n|move|p1a: Basculegion|Wave Crash|p2b: Orthworm\n|-damage|p2b: Orthworm|20/100\n|-damage|p1a: Basculegion|45/100|[from] Recoil\n|move|p2b: Orthworm|Heavy Slam|p1a: Basculegion\n|-resisted|p1a: Basculegion|1\n|-damage|p1a: Basculegion|33/100\n|\n|-heal|p1b: Aegislash|62/100|[from] item: Leftovers\n|upkeep\n|turn|8\n|\n|t:|1776417995\n|move|p1b: Aegislash|Night Slash|p2b: Orthworm\n|-damage|p2b: Orthworm|5/100\n|move|p1a: Basculegion|Wave Crash|p2b: Orthworm\n|-damage|p2b: Orthworm|0 fnt\n|faint|p2b: Orthworm\n|-damage|p1a: Basculegion|32/100|[from] Recoil\n|\n|win|EliDux\n|raw|EliDux's rating: 1024 &rarr; <strong>1058</strong><br />(+34 for winning)\n|raw|hoohooooo's rating: 1000 &rarr; <strong>1000</strong><br />(+0 for losing)\n|l|\u2606hoohooooo\n|player|p2|\n",
  "uploadtime": 1776418018,
  "views": 45,
  "formatid": "gen9championsvgc2026regma",
  "rating": 1000,
  "private": 0,
  "password": null
}