{
  "id": "gen9championsvgc2026regma-2580660797",
  "format": "[Gen 9 Champions] VGC 2026 Reg M-A",
  "players": [
    "crow76vgc",
    "2rffwd"
  ],
  "log": "|j|\u2606crow76vgc\n|j|\u26062rffwd\n|t:|1775922173\n|gametype|doubles\n|player|p1|crow76vgc|janitor|1130\n|player|p2|2rffwd|kiawe|1120\n|gen|9\n|tier|[Gen 9 Champions] VGC 2026 Reg M-A\n|rated|\n|rule|Species Clause: Limit one of each Pok\u00e9mon\n|rule|Item Clause: Limit 1 of each item\n|clearpoke\n|poke|p1|Garchomp, L50, M|\n|poke|p1|Aerodactyl, L50, M|\n|poke|p1|Tyranitar, L50, M|\n|poke|p1|Orthworm, L50, M|\n|poke|p1|Rotom-Wash, L50|\n|poke|p1|Sinistcha, L50|\n|poke|p2|Delphox, L50, M|\n|poke|p2|Torkoal, L50, F|\n|poke|p2|Venusaur, L50, F|\n|poke|p2|Sneasler, L50, M|\n|poke|p2|Hatterene, L50, F|\n|poke|p2|Golurk, L50|\n|teampreview|4\n|inactive|Battle timer is ON: inactive players will automatically lose when time's up. (requested by 2rffwd)\n|inactive|crow76vgc also wants the timer to be on.\n|c|\u26062rffwd|glhf\n|inactive|2rffwd has 60 seconds left.\n|\n|t:|1775922208\n|teamsize|p1|4\n|teamsize|p2|4\n|start\n|switch|p1a: Aerodactyl|Aerodactyl, L50, M|100/100\n|switch|p1b: Rotom|Rotom-Wash, L50|100/100\n|switch|p2a: Sneasler|Sneasler, L50, M|100/100\n|switch|p2b: Hatterene|Hatterene, L50, F|100/100\n|-ability|p1a: Aerodactyl|Unnerve\n|turn|1\n|\n|t:|1775922233\n|move|p2a: Sneasler|Fake Out|p1a: Aerodactyl\n|-resisted|p1a: Aerodactyl|1\n|-damage|p1a: Aerodactyl|90/100\n|move|p1b: Rotom|Hydro Pump|p2b: Hatterene|[miss]\n|-miss|p1b: Rotom|p2b: Hatterene\n|cant|p1a: Aerodactyl|flinch\n|move|p2b: Hatterene|Trick Room|p2b: Hatterene\n|-fieldstart|move: Trick Room|[of] p2b: Hatterene\n|\n|upkeep\n|turn|2\n|inactive|2rffwd has 30 seconds left.\n|\n|t:|1775922268\n|move|p1a: Aerodactyl|Protect|p1a: Aerodactyl\n|-singleturn|p1a: Aerodactyl|Protect\n|move|p2b: Hatterene|Psychic|p1b: Rotom\n|-damage|p1b: Rotom|26/100\n|move|p2a: Sneasler|Dire Claw|p1b: Rotom\n|-damage|p1b: Rotom|0 fnt\n|faint|p1b: Rotom\n|\n|upkeep\n|\n|t:|1775922278\n|switch|p1b: Garchomp|Garchomp, L50, M|100/100\n|turn|3\n|inactive|2rffwd has 30 seconds left.\n|inactive|2rffwd has 20 seconds left.\n|\n|t:|1775922317\n|move|p1b: Garchomp|Protect|p1b: Garchomp\n|-singleturn|p1b: Garchomp|Protect\n|move|p2b: Hatterene|Draining Kiss|p1b: Garchomp\n|-activate|p1b: Garchomp|move: Protect\n|move|p2a: Sneasler|Close Combat|p1a: Aerodactyl\n|-damage|p1a: Aerodactyl|0 fnt\n|-unboost|p2a: Sneasler|def|1\n|-unboost|p2a: Sneasler|spd|1\n|faint|p1a: Aerodactyl\n|-enditem|p2a: Sneasler|White Herb\n|-clearnegativeboost|p2a: Sneasler|[silent]\n|\n|upkeep\n|\n|t:|1775922324\n|switch|p1a: Tyranitar|Tyranitar, L50, M|100/100\n|-weather|Sandstorm|[from] ability: Sand Stream|[of] p1a: Tyranitar\n|turn|4\n|\n|t:|1775922334\n|detailschange|p1b: Garchomp|Garchomp-Mega, L50, M\n|-mega|p1b: Garchomp|Garchomp|Garchompite\n|move|p2b: Hatterene|Draining Kiss|p1b: Garchomp\n|-supereffective|p1b: Garchomp|1\n|-damage|p1b: Garchomp|37/100\n|move|p1a: Tyranitar|Crunch|p2b: Hatterene\n|-damage|p2b: Hatterene|35/100\n|move|p1b: Garchomp|Earthquake|p2a: Sneasler|[spread] p1a,p2a,p2b\n|-supereffective|p1a: Tyranitar|1\n|-supereffective|p2a: Sneasler|1\n|-damage|p1a: Tyranitar|0 fnt\n|-damage|p2a: Sneasler|0 fnt\n|-damage|p2b: Hatterene|0 fnt\n|faint|p1a: Tyranitar\n|faint|p2a: Sneasler\n|faint|p2b: Hatterene\n|\n|-weather|Sandstorm|[upkeep]\n|upkeep\n|\n|t:|1775922347\n|switch|p2b: Torkoal|Torkoal, L50, F|100/100\n|switch|p2a: Golurk|Golurk, L50|100/100\n|-weather|SunnyDay|[from] ability: Drought|[of] p2b: Torkoal\n|turn|5\n|inactive|2rffwd has 30 seconds left.\n|\n|t:|1775922373\n|detailschange|p2a: Golurk|Golurk-Mega, L50\n|-mega|p2a: Golurk|Golurk|Golurkite\n|move|p1b: Garchomp|Protect|p1b: Garchomp\n|-singleturn|p1b: Garchomp|Protect\n|move|p2b: Torkoal|Weather Ball|p1b: Garchomp\n|-activate|p1b: Garchomp|move: Protect\n|move|p2a: Golurk|Ice Punch|p1b: Garchomp\n|-supereffective|p1b: Garchomp|2\n|-crit|p1b: Garchomp\n|-damage|p1b: Garchomp|1/100\n|\n|-weather|SunnyDay|[upkeep]\n|-fieldend|move: Trick Room\n|upkeep\n|turn|6\n|\n|t:|1775922393\n|move|p1b: Garchomp|Earthquake|p2a: Golurk|[spread] p2a,p2b\n|-supereffective|p2b: Torkoal|1\n|-damage|p2a: Golurk|54/100\n|-damage|p2b: Torkoal|21/100\n|move|p2a: Golurk|Ice Punch|p1b: Garchomp\n|-supereffective|p1b: Garchomp|2\n|-damage|p1b: Garchomp|0 fnt\n|faint|p1b: Garchomp\n|\n|win|2rffwd\n|raw|crow76vgc's rating: 1130 &rarr; <strong>1104</strong><br />(-26 for losing)\n|raw|2rffwd's rating: 1120 &rarr; <strong>1146</strong><br />(+26 for winning)\n|l|\u2606crow76vgc\n|player|p1|\n",
  "uploadtime": 1775922799,
  "views": 17,
  "formatid": "gen9championsvgc2026regma",
  "rating": 1104,
  "private": 0,
  "password": null
}