{
  "id": "gen9championsvgc2026regma-2584073225",
  "format": "[Gen 9 Champions] VGC 2026 Reg M-A",
  "players": [
    "ImActuallyShrek",
    "eriksp"
  ],
  "log": "|j|\u2606ImActuallyShrek\n|j|\u2606eriksp\n|t:|1776222409\n|gametype|doubles\n|player|p1|ImActuallyShrek|1|\n|player|p2|eriksp|cynthia-masters4|\n|gen|9\n|tier|[Gen 9 Champions] VGC 2026 Reg M-A\n|rated|Tournament battle\n|rule|Species Clause: Limit one of each Pok\u00e9mon\n|rule|Item Clause: Limit 1 of each item\n|raw|<div class=\"infobox\"><details class=\"readmore\" open><summary><strong>1 custom rule:</strong></summary> Force Open Team Sheets</details></div>\n|clearpoke\n|poke|p1|Gengar, L50, M|\n|poke|p1|Aerodactyl, L50, M|\n|poke|p1|Rotom-Mow, L50|\n|poke|p1|Sableye, L50, M|\n|poke|p1|Maushold-Four, L50|\n|poke|p1|Empoleon, L50, F|\n|poke|p2|Floette-Eternal, L50, F|\n|poke|p2|Garchomp, L50, M|\n|poke|p2|Aerodactyl, L50, F|\n|poke|p2|Incineroar, L50, F|\n|poke|p2|Sneasler, L50, F|\n|poke|p2|Sinistcha-Masterpiece, L50|\n|teampreview|4\n|showteam|p1|Gengar||Gengarite|CursedBody|ShadowBall,SludgeBomb,Protect,Substitute|||M|||50|]Aerodactyl||Aerodactylite|Unnerve|RockSlide,DualWingbeat,Protect,PsychicFangs|||M|||50|]Rotom-Mow||OccaBerry|Levitate|LeafStorm,VoltSwitch,EerieImpulse,Protect||||||50|]Sableye||MentalHerb|Prankster|ThunderWave,Encore,WillOWisp,NightShade|||M|||50|]Maushold-Four||KingsRock|FriendGuard|HelpingHand,FollowMe,PopulationBomb,Protect||||||50|]Empoleon||Leftovers|Competitive|IcyWind,HydroPump,FlashCannon,Protect|||F|||50|\n|showteam|p2|Floette-Eternal||Floettite|FlowerVeil|Moonblast,DazzlingGleam,CalmMind,Protect|||F|||50|]Garchomp||SoftSand|RoughSkin|Earthquake,DragonClaw,StompingTantrum,Protect|||M|||50|]Aerodactyl||FocusSash|Unnerve|RockSlide,DualWingbeat,Tailwind,Protect|||F|||50|]Incineroar||ChopleBerry|Intimidate|FakeOut,ThroatChop,FlareBlitz,PartingShot|||F|||50|]Sneasler||WhiteHerb|Unburden|FakeOut,DireClaw,CloseCombat,Protect|||F|||50|]Sinistcha-Masterpiece||SitrusBerry|Hospitality|MatchaGotcha,LifeDew,RagePowder,TrickRoom||||||50|\n|j| Bman3111\nImActuallyShrek has agreed to open team sheets.\n|\n|t:|1776222458\n|teamsize|p1|4\n|teamsize|p2|4\n|start\n|switch|p1a: Empoleon|Empoleon, L50, F|100/100\n|switch|p1b: Sableye|Sableye, L50, M|100/100\n|switch|p2a: Floette|Floette-Eternal, L50, F|100/100\n|switch|p2b: Sinistcha|Sinistcha-Masterpiece, L50|100/100\n|turn|1\n|\n|t:|1776222495\n|detailschange|p2a: Floette|Floette-Mega, L50, F\n|-mega|p2a: Floette|Floette|Floettite\n|-ability|p2a: Floette|Fairy Aura\n|move|p2b: Sinistcha|Rage Powder|p2b: Sinistcha\n|-singleturn|p2b: Sinistcha|move: Rage Powder\n|move|p1b: Sableye|Thunder Wave|p2b: Sinistcha\n|-status|p2b: Sinistcha|par\n|move|p2a: Floette|Calm Mind|p2a: Floette\n|-boost|p2a: Floette|spa|1\n|-boost|p2a: Floette|spd|1\n|move|p1a: Empoleon|Flash Cannon|p2b: Sinistcha\n|-damage|p2b: Sinistcha|65/100 par\n|\n|upkeep\n|turn|2\n|\n|t:|1776222508\n|move|p2b: Sinistcha|Rage Powder|p2b: Sinistcha\n|-singleturn|p2b: Sinistcha|move: Rage Powder\n|move|p1b: Sableye|Encore|p2b: Sinistcha\n|-start|p2b: Sinistcha|Encore\n|move|p2a: Floette|Dazzling Gleam|p1a: Empoleon|[spread] p1a,p1b\n|-resisted|p1a: Empoleon|1\n|-supereffective|p1b: Sableye|1\n|-damage|p1a: Empoleon|71/100\n|-damage|p1b: Sableye|0 fnt\n|faint|p1b: Sableye\n|move|p1a: Empoleon|Icy Wind|p2b: Sinistcha|[spread] p2a,p2b\n|-supereffective|p2b: Sinistcha|1\n|-damage|p2a: Floette|96/100\n|-damage|p2b: Sinistcha|42/100 par\n|-unboost|p2a: Floette|spe|1\n|-unboost|p2b: Sinistcha|spe|1\n|-enditem|p2b: Sinistcha|Sitrus Berry|[eat]\n|-heal|p2b: Sinistcha|66/100 par|[from] item: Sitrus Berry\n|\n|-heal|p1a: Empoleon|77/100|[from] item: Leftovers\n|upkeep\n|\n|t:|1776222511\n|switch|p1b: Aerodactyl|Aerodactyl, L50, M|100/100\n|-ability|p1b: Aerodactyl|Unnerve\n|turn|3\n|\n|t:|1776222524\n|detailschange|p1b: Aerodactyl|Aerodactyl-Mega, L50, M\n|-mega|p1b: Aerodactyl|Aerodactyl|Aerodactylite\n|move|p2b: Sinistcha|Rage Powder|p2b: Sinistcha\n|-singleturn|p2b: Sinistcha|move: Rage Powder\n|move|p1b: Aerodactyl|Rock Slide|p2b: Sinistcha|[spread] p2a,p2b\n|-damage|p2a: Floette|67/100\n|-damage|p2b: Sinistcha|45/100 par\n|move|p2a: Floette|Moonblast|p1b: Aerodactyl\n|-damage|p1b: Aerodactyl|0 fnt\n|faint|p1b: Aerodactyl\n|move|p1a: Empoleon|Flash Cannon|p2b: Sinistcha\n|-damage|p2b: Sinistcha|6/100 par\n|\n|-heal|p1a: Empoleon|83/100|[from] item: Leftovers\n|upkeep\n|\n|t:|1776222535\n|switch|p1b: Maushold|Maushold-Four, L50|100/100\n|turn|4\n|\n|t:|1776222544\n|move|p1b: Maushold|Protect|p1b: Maushold\n|-singleturn|p1b: Maushold|Protect\n|move|p2b: Sinistcha|Rage Powder|p2b: Sinistcha\n|-singleturn|p2b: Sinistcha|move: Rage Powder\n|move|p2a: Floette|Dazzling Gleam|p1a: Empoleon|[spread] p1a\n|-activate|p1b: Maushold|move: Protect\n|-resisted|p1a: Empoleon|1\n|-damage|p1a: Empoleon|63/100\n|move|p1a: Empoleon|Icy Wind|p2a: Floette|[spread] p2a,p2b\n|-supereffective|p2b: Sinistcha|1\n|-crit|p2b: Sinistcha\n|-damage|p2a: Floette|62/100\n|-damage|p2b: Sinistcha|0 fnt\n|-unboost|p2a: Floette|spe|1\n|faint|p2b: Sinistcha\n|\n|-heal|p1a: Empoleon|69/100|[from] item: Leftovers\n|upkeep\n|\n|t:|1776222559\n|switch|p2b: Aerodactyl|Aerodactyl, L50, F|100/100\n|-ability|p2b: Aerodactyl|Unnerve\n|turn|5\n|\n|t:|1776222577\n|move|p2b: Aerodactyl|Tailwind|p2b: Aerodactyl\n|-sidestart|p2: eriksp|move: Tailwind\n|move|p1b: Maushold|Population Bomb|p2a: Floette\n|-damage|p2a: Floette|55/100\n|-damage|p2a: Floette|49/100\n|-damage|p2a: Floette|42/100\n|-hitcount|p2a: Floette|3\n|move|p2a: Floette|Dazzling Gleam|p1b: Maushold|[spread] p1a,p1b\n|-resisted|p1a: Empoleon|1\n|-damage|p1a: Empoleon|49/100\n|-damage|p1b: Maushold|5/100\n|move|p1a: Empoleon|Hydro Pump|p2b: Aerodactyl\n|-supereffective|p2b: Aerodactyl|1\n|-enditem|p2b: Aerodactyl|Focus Sash\n|-damage|p2b: Aerodactyl|1/100\n|\n|-heal|p1a: Empoleon|55/100|[from] item: Leftovers\n|upkeep\n|turn|6\n|\n|t:|1776222589\n|move|p1b: Maushold|Protect|p1b: Maushold\n|-singleturn|p1b: Maushold|Protect\n|move|p2b: Aerodactyl|Rock Slide|p1a: Empoleon|[spread] p1a\n|-activate|p1b: Maushold|move: Protect\n|-resisted|p1a: Empoleon|1\n|-damage|p1a: Empoleon|45/100\n|move|p2a: Floette|Moonblast|p1a: Empoleon\n|-resisted|p1a: Empoleon|1\n|-damage|p1a: Empoleon|15/100\n|move|p1a: Empoleon|Icy Wind|p2b: Aerodactyl|[spread] p2a,p2b\n|-supereffective|p2b: Aerodactyl|1\n|-damage|p2a: Floette|37/100\n|-damage|p2b: Aerodactyl|0 fnt\n|-unboost|p2a: Floette|spe|1\n|faint|p2b: Aerodactyl\n|\n|-heal|p1a: Empoleon|20/100|[from] item: Leftovers\n|upkeep\n|\n|t:|1776222592\n|switch|p2b: Garchomp|Garchomp, L50, M|100/100\n|turn|7\n|\n|t:|1776222607\n|move|p1b: Maushold|Follow Me|p1b: Maushold\n|-singleturn|p1b: Maushold|move: Follow Me\n|move|p2b: Garchomp|Stomping Tantrum|p1b: Maushold\n|-damage|p1b: Maushold|0 fnt\n|faint|p1b: Maushold\n|move|p2a: Floette|Moonblast|p1a: Empoleon\n|-resisted|p1a: Empoleon|1\n|-crit|p1a: Empoleon\n|-damage|p1a: Empoleon|0 fnt\n|faint|p1a: Empoleon\n|\n|win|eriksp\n|n|\u2606ImActuallyShrek|imactuallyshrek\n|n|\u2606eriksp|eriksp\n|n| Bman3111|bman3111\n",
  "uploadtime": 1776222608,
  "views": 13,
  "formatid": "gen9championsvgc2026regma",
  "rating": null,
  "private": 0,
  "password": null
}