{
  "id": "gen9championsvgc2026regma-2584621677",
  "format": "[Gen 9 Champions] VGC 2026 Reg M-A",
  "players": [
    "mkugmrs_guest",
    "Misenba"
  ],
  "log": "|j|\u2606mkugmrs_guest\n|j|\u2606Misenba\n|t:|1776272668\n|gametype|doubles\n|player|p1|mkugmrs_guest|iono-masters2|1074\n|player|p2|Misenba|falkner|1037\n|gen|9\n|tier|[Gen 9 Champions] VGC 2026 Reg M-A\n|rated|\n|rule|Species Clause: Limit one of each Pok\u00e9mon\n|rule|Item Clause: Limit 1 of each item\n|clearpoke\n|poke|p1|Alakazam, L50, F|\n|poke|p1|Crabominable, L50, F|\n|poke|p1|Pelipper, L50, M|\n|poke|p1|Basculegion, L50, M|\n|poke|p1|Snorlax, L50, F|\n|poke|p1|Ampharos, L50, F|\n|poke|p2|Venusaur, L50, M|\n|poke|p2|Charizard, L50, M|\n|poke|p2|Sneasler, L50, F|\n|poke|p2|Kingambit, L50, M|\n|poke|p2|Milotic, L50, F|\n|poke|p2|Ninetales-Alola, L50, F|\n|teampreview|4\nmkugmrs_guest rejected open team sheets.\n|\n|t:|1776272701\n|teamsize|p1|4\n|teamsize|p2|4\n|start\n|switch|p1a: Basculegion|Basculegion, L50, M, shiny|100/100\n|switch|p1b: Alakazam|Alakazam, L50, F|100/100\n|switch|p2a: Sneasler|Sneasler, L50, F|100/100\n|switch|p2b: Venusaur|Venusaur, L50, M|100/100\n|turn|1\n|\n|t:|1776272748\n|switch|p2a: Milotic|Milotic, L50, F|100/100\n|detailschange|p2b: Venusaur|Venusaur-Mega, L50, M\n|-mega|p2b: Venusaur|Venusaur|Venusaurite\n|move|p1b: Alakazam|Psychic|p2a: Milotic\n|-damage|p2a: Milotic|61/100\n|move|p2b: Venusaur|Sludge Bomb|p1b: Alakazam\n|-damage|p1b: Alakazam|46/100\n|move|p1a: Basculegion|Flip Turn|p2a: Milotic\n|-resisted|p2a: Milotic|1\n|-damage|p2a: Milotic|49/100\n|\n|t:|1776272753\n|switch|p1a: Ampharos|Ampharos, L50, F|100/100|[from] Flip Turn\n|\n|-heal|p2a: Milotic|55/100|[from] item: Leftovers\n|upkeep\n|turn|2\n|\n|t:|1776272778\n|switch|p2a: Ninetales|Ninetales-Alola, L50, F|100/100\n|-weather|Snowscape|[from] ability: Snow Warning|[of] p2a: Ninetales\n|switch|p1a: Pelipper|Pelipper, L50, M, shiny|100/100\n|-weather|RainDance|[from] ability: Drizzle|[of] p1a: Pelipper\n|move|p2b: Venusaur|Protect|p2b: Venusaur\n|-singleturn|p2b: Venusaur|Protect\n|move|p1b: Alakazam|Light Screen|p1b: Alakazam\n|-sidestart|p1: mkugmrs_guest|move: Light Screen\n|\n|-weather|RainDance|[upkeep]\n|upkeep\n|turn|3\n|\n|t:|1776272796\n|switch|p2b: Milotic|Milotic, L50, F|55/100\n|move|p1b: Alakazam|Psychic|p2b: Milotic\n|-damage|p2b: Milotic|19/100\n|move|p2a: Ninetales|Blizzard|p1a: Pelipper|[spread] p1a,p1b\n|-crit|p1a: Pelipper\n|-damage|p1a: Pelipper|41/100\n|-damage|p1b: Alakazam|18/100\n|move|p1a: Pelipper|Hurricane|p2b: Milotic\n|-crit|p2b: Milotic\n|-damage|p2b: Milotic|0 fnt\n|faint|p2b: Milotic\n|\n|-weather|RainDance|[upkeep]\n|upkeep\n|\n|t:|1776272811\n|switch|p2b: Venusaur|Venusaur-Mega, L50, M|100/100\n|turn|4\n|\n|t:|1776272819\n|move|p2b: Venusaur|Protect|p2b: Venusaur\n|-singleturn|p2b: Venusaur|Protect\n|move|p1b: Alakazam|Psychic|p2a: Ninetales\n|-damage|p2a: Ninetales|44/100\n|move|p2a: Ninetales|Blizzard|p1a: Pelipper|[spread] p1a,p1b\n|-damage|p1a: Pelipper|11/100\n|-damage|p1b: Alakazam|0 fnt\n|faint|p1b: Alakazam\n|move|p1a: Pelipper|Tailwind|p1a: Pelipper\n|-sidestart|p1: mkugmrs_guest|move: Tailwind\n|\n|-weather|RainDance|[upkeep]\n|upkeep\n|\n|t:|1776272828\n|switch|p1b: Ampharos|Ampharos, L50, F|100/100\n|turn|5\n|\n|t:|1776272840\n|switch|p2a: Sneasler|Sneasler, L50, F|100/100\n|move|p1a: Pelipper|Hurricane|p2b: Venusaur\n|-supereffective|p2b: Venusaur|1\n|-damage|p2b: Venusaur|16/100\n|move|p1b: Ampharos|Thunder|p2a: Sneasler\n|-damage|p2a: Sneasler|27/100\n|move|p2b: Venusaur|Sludge Bomb|p1a: Pelipper\n|-damage|p1a: Pelipper|0 fnt\n|faint|p1a: Pelipper\n|\n|-weather|RainDance|[upkeep]\n|upkeep\n|\n|t:|1776272842\n|switch|p1a: Basculegion|Basculegion, L50, M, shiny|100/100\n|turn|6\n|\n|t:|1776272860\n|move|p2a: Sneasler|Fake Out|p1a: Basculegion\n|-immune|p1a: Basculegion\n|move|p1a: Basculegion|Last Respects|p2b: Venusaur\n|-damage|p2b: Venusaur|0 fnt\n|faint|p2b: Venusaur\n|move|p1b: Ampharos|Thunder|p2a: Sneasler\n|-damage|p2a: Sneasler|0 fnt\n|faint|p2a: Sneasler\n|\n|-weather|none\n|-sideend|p1: mkugmrs_guest|move: Light Screen\n|upkeep\n|\n|t:|1776272871\n|switch|p2a: Ninetales|Ninetales-Alola, L50, F|44/100\n|-weather|Snowscape|[from] ability: Snow Warning|[of] p2a: Ninetales\n|turn|7\n|\n|t:|1776272877\n|detailschange|p1b: Ampharos|Ampharos-Mega, L50, F\n|-mega|p1b: Ampharos|Ampharos|Ampharosite\n|-ability|p1b: Ampharos|Mold Breaker\n|move|p1a: Basculegion|Last Respects|p2a: Ninetales\n|-damage|p2a: Ninetales|0 fnt\n|faint|p2a: Ninetales\n|\n|win|mkugmrs_guest\n|raw|mkugmrs_guest's rating: 1074 &rarr; <strong>1100</strong><br />(+26 for winning)\n|raw|Misenba's rating: 1037 &rarr; <strong>1023</strong><br />(-14 for losing)\n",
  "uploadtime": 1776272883,
  "views": 19,
  "formatid": "gen9championsvgc2026regma",
  "rating": 1023,
  "private": 0,
  "password": null
}