{
  "id": "gen9championsvgc2026regma-2588474502",
  "format": "[Gen 9 Champions] VGC 2026 Reg M-A",
  "players": [
    "aroswing",
    "saucey 8oi"
  ],
  "log": "|j|\u2606aroswing\n|j|\u2606saucey 8oi\n|t:|1776636768\n|gametype|doubles\n|player|p1|aroswing|marnie|1256\n|player|p2|saucey 8oi|riley|1174\n|gen|9\n|tier|[Gen 9 Champions] VGC 2026 Reg M-A\n|rated|\n|rule|Species Clause: Limit one of each Pok\u00e9mon\n|rule|Item Clause: Limit 1 of each item\n|clearpoke\n|poke|p1|Rotom-Wash, L50, shiny|\n|poke|p1|Aerodactyl, L50, M|\n|poke|p1|Gardevoir, L50, F, shiny|\n|poke|p1|Garchomp, L50, F|\n|poke|p1|Gallade, L50, M|\n|poke|p1|Floette-Eternal, L50, F|\n|poke|p2|Floette-Eternal, L50, F|\n|poke|p2|Dragapult, L50, M|\n|poke|p2|Volcarona, L50, F, shiny|\n|poke|p2|Kingambit, L50, F, shiny|\n|poke|p2|Farigiraf, L50, F, shiny|\n|poke|p2|Azumarill, L50, F, shiny|\n|teampreview|4\n|inactive|Battle timer is ON: inactive players will automatically lose when time's up. (requested by aroswing)\n|j| guilhermass\n|inactive|aroswing has 60 seconds left.\n|inactive|aroswing has 30 seconds left.\n|\n|t:|1776636837\n|teamsize|p1|4\n|teamsize|p2|4\n|start\n|switch|p1a: Garchomp|Garchomp, L50, F|100/100\n|switch|p1b: Gardevoir|Gardevoir, L50, F, shiny|100/100\n|switch|p2a: Azumarill|Azumarill, L50, F, shiny|100/100\n|switch|p2b: Farigiraf|Farigiraf, L50, F, shiny|100/100\n|turn|1\n|inactive|aroswing has 30 seconds left.\n|inactive|saucey 8oi has 30 seconds left.\n|inactive|aroswing has 20 seconds left.\n|inactive|aroswing has 15 seconds left.\n|inactive|saucey 8oi has 20 seconds left.\n|inactive|saucey 8oi has 15 seconds left.\n|\n|t:|1776636888\n|move|p1b: Gardevoir|Swagger|p2b: Farigiraf\n|-boost|p2b: Farigiraf|atk|2\n|-start|p2b: Farigiraf|confusion\n|move|p1a: Garchomp|Rock Slide|p2b: Farigiraf|[spread] p2a,p2b\n|-damage|p2a: Azumarill|81/100\n|-damage|p2b: Farigiraf|84/100\n|cant|p2a: Azumarill|flinch\n|cant|p2b: Farigiraf|flinch\n|\n|upkeep\n|turn|2\n|\n|t:|1776636903\n|move|p2a: Azumarill|Aqua Jet|p1b: Gardevoir\n|-damage|p1b: Gardevoir|56/100\n|move|p1b: Gardevoir|Swagger|p1a: Garchomp\n|-boost|p1a: Garchomp|atk|2\n|-start|p1a: Garchomp|confusion\n|-enditem|p1a: Garchomp|Lum Berry|[eat]\n|-end|p1a: Garchomp|confusion\n|move|p1a: Garchomp|Earthquake|p2a: Azumarill|[spread] p2a,p2b\n|-activate|p1b: Gardevoir|ability: Telepathy\n|-damage|p2a: Azumarill|0 fnt\n|-damage|p2b: Farigiraf|19/100\n|faint|p2a: Azumarill\n|-activate|p2b: Farigiraf|confusion\n|-damage|p2b: Farigiraf|5/100|[from] confusion\n|\n|upkeep\n|\n|t:|1776636927\n|switch|p2a: Floette|Floette-Eternal, L50, F|100/100\n|turn|3\n|\n|t:|1776636938\n|detailschange|p2a: Floette|Floette-Mega, L50, F\n|-mega|p2a: Floette|Floette|Floettite\n|-ability|p2a: Floette|Fairy Aura\n|move|p1b: Gardevoir|Swagger|p2a: Floette|[miss]\n|-miss|p1b: Gardevoir|p2a: Floette\n|move|p1a: Garchomp|Earthquake|p2a: Floette|[spread] p2a,p2b\n|-activate|p1b: Gardevoir|ability: Telepathy\n|-damage|p2a: Floette|26/100\n|-damage|p2b: Farigiraf|0 fnt\n|faint|p2b: Farigiraf\n|move|p2a: Floette|Dazzling Gleam|p1a: Garchomp|[spread] p1a,p1b\n|-supereffective|p1a: Garchomp|1\n|-damage|p1a: Garchomp|9/100\n|-damage|p1b: Gardevoir|14/100\n|\n|upkeep\n|l| guilhermass\n|j| guilhermass\n|\n|t:|1776636952\n|switch|p2b: Kingambit|Kingambit, L50, F, shiny|100/100\n|turn|4\n|l| guilhermass\n|inactive|aroswing has 30 seconds left.\n|\n|t:|1776636982\n|move|p2b: Kingambit|Sucker Punch|p1a: Garchomp\n|-damage|p1a: Garchomp|0 fnt\n|-damage|p2b: Kingambit|88/100|[from] ability: Rough Skin|[of] p1a: Garchomp\n|faint|p1a: Garchomp\n|move|p1b: Gardevoir|Swagger|p2a: Floette\n|-boost|p2a: Floette|atk|2\n|-start|p2a: Floette|confusion\n|-activate|p2a: Floette|confusion\n|-damage|p2a: Floette|9/100|[from] confusion\n|\n|upkeep\n|\n|t:|1776636993\n|switch|p1a: Floette|Floette-Eternal, L50, F|100/100\n|turn|5\n|\n|t:|1776637017\n|switch|p1b: Rotom|Rotom-Wash, L50, shiny|100/100\n|detailschange|p1a: Floette|Floette-Mega, L50, F\n|-mega|p1a: Floette|Floette|Floettite\n|-ability|p1a: Floette|Fairy Aura\n|-activate|p2a: Floette|confusion\n|move|p2a: Floette|Dazzling Gleam|p1a: Floette|[spread] p1a,p1b\n|-damage|p1a: Floette|70/100\n|-damage|p1b: Rotom|58/100\n|move|p1a: Floette|Dazzling Gleam|p2a: Floette|[spread] p2a,p2b\n|-damage|p2a: Floette|0 fnt\n|-damage|p2b: Kingambit|50/100\n|faint|p2a: Floette\n|move|p2b: Kingambit|Iron Head|p1a: Floette\n|-supereffective|p1a: Floette|1\n|-damage|p1a: Floette|0 fnt\n|faint|p1a: Floette\n|\n|upkeep\n|\n|t:|1776637031\n|switch|p1a: Gardevoir|Gardevoir, L50, F, shiny|14/100\n|turn|6\n|\n|t:|1776637047\n|move|p2b: Kingambit|Sucker Punch|p1b: Rotom\n|-damage|p1b: Rotom|18/100\n|-enditem|p1b: Rotom|Sitrus Berry|[eat]\n|-heal|p1b: Rotom|43/100|[from] item: Sitrus Berry\n|move|p1a: Gardevoir|Dazzling Gleam|p2b: Kingambit\n|-damage|p2b: Kingambit|9/100\n|move|p1b: Rotom|Hydro Pump|p2b: Kingambit\n|-damage|p2b: Kingambit|0 fnt\n|faint|p2b: Kingambit\n|\n|win|aroswing\n|raw|aroswing's rating: 1256 &rarr; <strong>1275</strong><br />(+19 for winning)\n|raw|saucey 8oi's rating: 1174 &rarr; <strong>1155</strong><br />(-19 for losing)\n|l|\u2606saucey 8oi\n|player|p2|\n",
  "uploadtime": 1776637063,
  "views": 9,
  "formatid": "gen9championsvgc2026regma",
  "rating": 1155,
  "private": 0,
  "password": null
}