{
  "id": "gen9championsvgc2026regma-2585120061",
  "format": "[Gen 9 Champions] VGC 2026 Reg M-A",
  "players": [
    "Pinnecks",
    "dawkinslover6969"
  ],
  "log": "|j|\u2606Pinnecks\n|j|\u2606dawkinslover6969\n|t:|1776314095\n|gametype|doubles\n|player|p1|Pinnecks|lyra|1035\n|player|p2|dawkinslover6969|265|1084\n|gen|9\n|tier|[Gen 9 Champions] VGC 2026 Reg M-A\n|rated|\n|rule|Species Clause: Limit one of each Pok\u00e9mon\n|rule|Item Clause: Limit 1 of each item\n|clearpoke\n|poke|p1|Aerodactyl, L50, M|\n|poke|p1|Altaria, L50, F|\n|poke|p1|Milotic, L50, F|\n|poke|p1|Aegislash, L50, F|\n|poke|p1|Salazzle, L50, F|\n|poke|p1|Raichu-Alola, L50, F|\n|poke|p2|Meganium, L50, F|\n|poke|p2|Sneasler, L50, F|\n|poke|p2|Rotom-Wash, L50|\n|poke|p2|Ditto, L50|\n|poke|p2|Aerodactyl, L50, F|\n|poke|p2|Gallade, L50, M|\n|teampreview|4\n|inactive|Battle timer is ON: inactive players will automatically lose when time's up. (requested by Pinnecks)\n|\n|t:|1776314130\n|teamsize|p1|4\n|teamsize|p2|4\n|start\n|switch|p1a: Milotic|Milotic, L50, F|100/100\n|switch|p1b: Aegislash|Aegislash, L50, F, shiny|100/100\n|switch|p2a: Aerodactyl|Aerodactyl, L50, F|100/100\n|switch|p2b: Meganium|Meganium, L50, F|100/100\n|-ability|p2a: Aerodactyl|Unnerve\n|turn|1\n|\n|t:|1776314150\n|detailschange|p2b: Meganium|Meganium-Mega, L50, F\n|-mega|p2b: Meganium|Meganium|Meganiumite\n|move|p1b: Aegislash|Wide Guard|p1b: Aegislash\n|-singleturn|p1b: Aegislash|Wide Guard\n|move|p2a: Aerodactyl|Rock Slide|p1a: Milotic|[spread] \n|-activate|p1a: Milotic|move: Wide Guard\n|-activate|p1b: Aegislash|move: Wide Guard\n|move|p2b: Meganium|Weather Ball|p1b: Aegislash\n|-supereffective|p1b: Aegislash|1\n|-damage|p1b: Aegislash|23/100\n|move|p1a: Milotic|Scald|p2a: Aerodactyl\n|-supereffective|p2a: Aerodactyl|1\n|-enditem|p2a: Aerodactyl|Focus Sash\n|-damage|p2a: Aerodactyl|1/100\n|\n|upkeep\n|turn|2\n|\n|t:|1776314175\n|move|p1b: Aegislash|King's Shield|p1b: Aegislash\n|-singleturn|p1b: Aegislash|Protect\n|move|p2a: Aerodactyl|Dual Wingbeat|p1a: Milotic|[miss]\n|-miss|p2a: Aerodactyl|p1a: Milotic\n|move|p2b: Meganium|Weather Ball|p1b: Aegislash\n|-activate|p1b: Aegislash|move: Protect\n|move|p1a: Milotic|Icy Wind|p2b: Meganium|[spread] p2a,p2b\n|-supereffective|p2a: Aerodactyl|1\n|-supereffective|p2b: Meganium|1\n|-crit|p2b: Meganium\n|-damage|p2a: Aerodactyl|0 fnt\n|-damage|p2b: Meganium|66/100\n|-unboost|p2b: Meganium|spe|1\n|faint|p2a: Aerodactyl\n|\n|upkeep\n|\n|t:|1776314189\n|switch|p2a: Rotom|Rotom-Wash, L50|100/100\n|turn|3\n|\n|t:|1776314204\n|move|p1a: Milotic|Protect|p1a: Milotic\n|-singleturn|p1a: Milotic|Protect\n|move|p2a: Rotom|Thunderbolt|p1b: Aegislash\n|-damage|p1b: Aegislash|0 fnt\n|faint|p1b: Aegislash\n|move|p2b: Meganium|Solar Beam||[still]\n|-prepare|p2b: Meganium|Solar Beam\n|-activate|p2b: Meganium|ability: Mega Sol\n|-anim|p2b: Meganium|Solar Beam|p1a: Milotic\n|-activate|p1a: Milotic|move: Protect\n|\n|upkeep\n|\n|t:|1776314219\n|switch|p1b: Altaria|Altaria, L50, F, shiny|100/100\n|-ability|p1b: Altaria|Cloud Nine\n|turn|4\n|\n|t:|1776314239\n|detailschange|p1b: Altaria|Altaria-Mega, L50, F, shiny\n|-mega|p1b: Altaria|Altaria|Altarianite\n|move|p1b: Altaria|Flamethrower|p2b: Meganium\n|-supereffective|p2b: Meganium|1\n|-damage|p2b: Meganium|15/100\n|move|p2a: Rotom|Thunderbolt|p1a: Milotic\n|-supereffective|p1a: Milotic|1\n|-damage|p1a: Milotic|37/100\n|move|p1a: Milotic|Icy Wind|p2a: Rotom|[spread] p2a,p2b\n|-resisted|p2a: Rotom|1\n|-supereffective|p2b: Meganium|1\n|-damage|p2a: Rotom|92/100\n|-damage|p2b: Meganium|0 fnt\n|-unboost|p2a: Rotom|spe|1\n|faint|p2b: Meganium\n|\n|-heal|p1a: Milotic|42/100|[from] item: Leftovers\n|-heal|p2a: Rotom|98/100|[from] item: Leftovers\n|upkeep\n|\n|t:|1776314249\n|switch|p2b: Ditto|Ditto, L50|100/100\n|-transform|p2b: Ditto|p1a: Milotic|[from] ability: Imposter\n|turn|5\n|inactive|Pinnecks has 30 seconds left.\n|inactive|dawkinslover6969 has 30 seconds left.\n|\n|t:|1776314278\n|move|p1a: Milotic|Protect|p1a: Milotic\n|-singleturn|p1a: Milotic|Protect\n|move|p2b: Ditto|Scald|p1b: Altaria\n|-resisted|p1b: Altaria|1\n|-damage|p1b: Altaria|78/100\n|move|p1b: Altaria|Hyper Voice|p2b: Ditto|[spread] p2a,p2b\n|-damage|p2a: Rotom|49/100\n|-damage|p2b: Ditto|62/100\n|move|p2a: Rotom|Thunderbolt|p1b: Altaria\n|-resisted|p1b: Altaria|1\n|-damage|p1b: Altaria|58/100\n|\n|-heal|p1a: Milotic|48/100|[from] item: Leftovers\n|-heal|p2a: Rotom|55/100|[from] item: Leftovers\n|upkeep\n|turn|6\n|-message|dawkinslover6969 forfeited.\n|\n|win|Pinnecks\n|raw|Pinnecks's rating: 1035 &rarr; <strong>1075</strong><br />(+40 for winning)\n|raw|dawkinslover6969's rating: 1084 &rarr; <strong>1058</strong><br />(-26 for losing)\n|l|\u2606dawkinslover6969\n|player|p2|\n",
  "uploadtime": 1776314295,
  "views": 21,
  "formatid": "gen9championsvgc2026regma",
  "rating": 1058,
  "private": 0,
  "password": null
}