{
  "id": "gen9championsvgc2026regma-2586968627",
  "format": "[Gen 9 Champions] VGC 2026 Reg M-A",
  "players": [
    "zedxxyasuo",
    "Achro 11"
  ],
  "log": "|j|\u2606zedxxyasuo\n|j|\u2606Achro 11\n|t:|1776476667\n|gametype|doubles\n|player|p1|zedxxyasuo|266|1243\n|player|p2|Achro 11|cyrus|1185\n|gen|9\n|tier|[Gen 9 Champions] VGC 2026 Reg M-A\n|rated|\n|rule|Species Clause: Limit one of each Pok\u00e9mon\n|rule|Item Clause: Limit 1 of each item\n|clearpoke\n|poke|p1|Incineroar, L50, F|\n|poke|p1|Gengar, L50, M|\n|poke|p1|Floette-Eternal, L50, F|\n|poke|p1|Politoed, L50, F|\n|poke|p1|Whimsicott, L50, F|\n|poke|p1|Kommo-o, L50, M|\n|poke|p2|Talonflame, L50, F|\n|poke|p2|Meowscarada, L50, F|\n|poke|p2|Gardevoir, L50, F|\n|poke|p2|Garchomp, L50, M|\n|poke|p2|Empoleon, L50, M|\n|poke|p2|Froslass, L50, F|\n|teampreview|4\n|inactive|Battle timer is ON: inactive players will automatically lose when time's up. (requested by zedxxyasuo)\n|\n|t:|1776476711\n|teamsize|p1|4\n|teamsize|p2|4\n|start\n|switch|p1a: Gengar|Gengar, L50, M|100/100\n|switch|p1b: Incineroar|Incineroar, L50, F|100/100\n|switch|p2a: Empoleon|Empoleon, L50, M|100/100\n|switch|p2b: Froslass|Froslass, L50, F|100/100\n|-ability|p1b: Incineroar|Intimidate|boost\n|-unboost|p2a: Empoleon|atk|1\n|-ability|p2a: Empoleon|Competitive|boost\n|-boost|p2a: Empoleon|spa|2\n|-unboost|p2b: Froslass|atk|1\n|turn|1\n|\n|t:|1776476726\n|detailschange|p1a: Gengar|Gengar-Mega, L50, M\n|-mega|p1a: Gengar|Gengar|Gengarite\n|detailschange|p2b: Froslass|Froslass-Mega, L50, F\n|-mega|p2b: Froslass|Froslass|Froslassite\n|-weather|Snowscape|[from] ability: Snow Warning|[of] p2b: Froslass\n|move|p1b: Incineroar|Fake Out|p2a: Empoleon\n|-resisted|p2a: Empoleon|1\n|-damage|p2a: Empoleon|96/100\n|move|p1a: Gengar|Shadow Ball|p2b: Froslass\n|-supereffective|p2b: Froslass|1\n|-damage|p2b: Froslass|0 fnt\n|faint|p2b: Froslass\n|cant|p2a: Empoleon|flinch\n|\n|-weather|Snowscape|[upkeep]\n|-heal|p2a: Empoleon|100/100|[from] item: Leftovers\n|upkeep\n|\n|t:|1776476743\n|switch|p2b: Talonflame|Talonflame, L50, F|100/100\n|turn|2\n|\n|t:|1776476757\n|move|p1a: Gengar|Protect|p1a: Gengar\n|-singleturn|p1a: Gengar|Protect\n|move|p2b: Talonflame|Tailwind|p2b: Talonflame\n|-sidestart|p2: Achro 11|move: Tailwind\n|move|p2a: Empoleon|Flash Cannon|p1a: Gengar\n|-activate|p1a: Gengar|move: Protect\n|move|p1b: Incineroar|Parting Shot|p2b: Talonflame\n|-unboost|p2b: Talonflame|atk|1\n|-unboost|p2b: Talonflame|spa|1\n|\n|t:|1776476773\n|switch|p1b: Whimsicott|Whimsicott, L50, F|100/100|[from] Parting Shot\n|\n|-weather|Snowscape|[upkeep]\n|upkeep\n|turn|3\n|\n|t:|1776476794\n|switch|p1a: Kommo-o|Kommo-o, L50, M|100/100\n|move|p1b: Whimsicott|Protect|p1b: Whimsicott\n|-singleturn|p1b: Whimsicott|Protect\n|move|p2b: Talonflame|Dual Wingbeat|p1b: Whimsicott\n|-activate|p1b: Whimsicott|move: Protect\n|move|p2a: Empoleon|Water Pulse|p1a: Kommo-o\n|-resisted|p1a: Kommo-o|1\n|-damage|p1a: Kommo-o|77/100\n|\n|-weather|Snowscape|[upkeep]\n|upkeep\n|turn|4\n|inactive|zedxxyasuo has 30 seconds left.\n|inactive|Achro 11 has 30 seconds left.\n|inactive|zedxxyasuo has 20 seconds left.\n|\n|t:|1776476834\n|switch|p1b: Incineroar|Incineroar, L50, F|100/100\n|-ability|p1b: Incineroar|Intimidate|boost\n|-unboost|p2a: Empoleon|atk|1\n|-ability|p2a: Empoleon|Competitive|boost\n|-boost|p2a: Empoleon|spa|2\n|-unboost|p2b: Talonflame|atk|1\n|move|p1a: Kommo-o|Protect|p1a: Kommo-o\n|-singleturn|p1a: Kommo-o|Protect\n|move|p2b: Talonflame|Dual Wingbeat|p1b: Incineroar\n|-damage|p1b: Incineroar|90/100\n|-damage|p1b: Incineroar|81/100\n|-hitcount|p1b: Incineroar|2\n|move|p2a: Empoleon|Icy Wind|p1a: Kommo-o|[spread] p1b\n|-activate|p1a: Kommo-o|move: Protect\n|-resisted|p1b: Incineroar|1\n|-damage|p1b: Incineroar|69/100\n|-unboost|p1b: Incineroar|spe|1\n|\n|-weather|Snowscape|[upkeep]\n|upkeep\n|turn|5\n|\n|t:|1776476854\n|switch|p2b: Meowscarada|Meowscarada, L50, F|100/100\n|switch|p1a: Whimsicott|Whimsicott, L50, F|100/100\n|move|p2a: Empoleon|Protect|p2a: Empoleon\n|-singleturn|p2a: Empoleon|Protect\n|move|p1b: Incineroar|Fake Out|p2b: Meowscarada\n|-damage|p2b: Meowscarada|84/100\n|\n|-weather|none\n|-sideend|p2: Achro 11|move: Tailwind\n|upkeep\n|turn|6\n|inactive|zedxxyasuo has 30 seconds left.\n|inactive|zedxxyasuo has 20 seconds left.\n|inactive|zedxxyasuo has 15 seconds left.\n|\n|t:|1776476897\n|move|p2b: Meowscarada|Protect|p2b: Meowscarada\n|-singleturn|p2b: Meowscarada|Protect\n|move|p1a: Whimsicott|Tailwind|p1a: Whimsicott\n|-sidestart|p1: zedxxyasuo|move: Tailwind\n|move|p1b: Incineroar|Parting Shot|p2b: Meowscarada\n|-activate|p2b: Meowscarada|move: Protect\n|move|p2a: Empoleon|Water Pulse|p1b: Incineroar\n|-supereffective|p1b: Incineroar|1\n|-damage|p1b: Incineroar|0 fnt\n|faint|p1b: Incineroar\n|\n|upkeep\n|\n|t:|1776476899\n|switch|p1b: Kommo-o|Kommo-o, L50, M|77/100\n|turn|7\n|inactive|Achro 11 has 30 seconds left.\n|inactive|Achro 11 has 20 seconds left.\n|\n|t:|1776476938\n|switch|p2b: Talonflame|Talonflame, L50, F|100/100\n|move|p1a: Whimsicott|Fake Tears|p2a: Empoleon\n|-unboost|p2a: Empoleon|spd|2\n|-ability|p2a: Empoleon|Competitive|boost\n|-boost|p2a: Empoleon|spa|2\n|move|p1b: Kommo-o|Aura Sphere|p2a: Empoleon\n|-supereffective|p2a: Empoleon|1\n|-damage|p2a: Empoleon|0 fnt\n|faint|p2a: Empoleon\n|\n|upkeep\n|\n|t:|1776476947\n|switch|p2a: Meowscarada|Meowscarada, L50, F|84/100\n|turn|8\n|\n|t:|1776476962\n|move|p2b: Talonflame|Dual Wingbeat|p1b: Kommo-o\n|-supereffective|p1b: Kommo-o|1\n|-damage|p1b: Kommo-o|54/100\n|-supereffective|p1b: Kommo-o|1\n|-damage|p1b: Kommo-o|30/100\n|-hitcount|p1b: Kommo-o|2\n|move|p1a: Whimsicott|Moonblast|p2b: Talonflame\n|-resisted|p2b: Talonflame|1\n|-damage|p2b: Talonflame|74/100\n|move|p1b: Kommo-o|Clanging Scales|p2b: Talonflame|[spread] p2a,p2b\n|-damage|p2a: Meowscarada|25/100\n|-damage|p2b: Talonflame|14/100\n|-unboost|p1b: Kommo-o|def|1\n|move|p2a: Meowscarada|Triple Axel|p1a: Whimsicott\n|-supereffective|p1a: Whimsicott|1\n|-damage|p1a: Whimsicott|79/100\n|-supereffective|p1a: Whimsicott|1\n|-damage|p1a: Whimsicott|41/100\n|-supereffective|p1a: Whimsicott|1\n|-damage|p1a: Whimsicott|0 fnt\n|faint|p1a: Whimsicott\n|-hitcount|p1: Whimsicott|3\n|\n|upkeep\n|\n|t:|1776476965\n|switch|p1a: Gengar|Gengar-Mega, L50, M|100/100\n|turn|9\n|\n|t:|1776476986\n|move|p1b: Kommo-o|Protect|p1b: Kommo-o\n|-singleturn|p1b: Kommo-o|Protect\n|move|p2b: Talonflame|Protect|p2b: Talonflame\n|-singleturn|p2b: Talonflame|Protect\n|move|p2a: Meowscarada|Sucker Punch|p1a: Gengar\n|-supereffective|p1a: Gengar|1\n|-damage|p1a: Gengar|0 fnt\n|faint|p1a: Gengar\n|\n|-sideend|p1: zedxxyasuo|move: Tailwind\n|upkeep\n|turn|10\n|\n|t:|1776477007\n|move|p2b: Talonflame|Dual Wingbeat|p1b: Kommo-o\n|-supereffective|p1b: Kommo-o|1\n|-damage|p1b: Kommo-o|0 fnt\n|faint|p1b: Kommo-o\n|-hitcount|p1: Kommo-o|1\n|\n|win|Achro 11\n|raw|zedxxyasuo's rating: 1243 &rarr; <strong>1214</strong><br />(-29 for losing)\n|raw|Achro 11's rating: 1185 &rarr; <strong>1214</strong><br />(+29 for winning)\n|l|\u2606zedxxyasuo\n|player|p1|\n",
  "uploadtime": 1776477162,
  "views": 25,
  "formatid": "gen9championsvgc2026regma",
  "rating": 1214,
  "private": 0,
  "password": null
}