{
  "id": "gen9championsvgc2026regma-2583954991",
  "format": "[Gen 9 Champions] VGC 2026 Reg M-A",
  "players": [
    "Cube492",
    "Oh-Look-A-Sailboat"
  ],
  "log": "|j|\u2606Cube492\n|j|\u2606Oh-Look-A-Sailboat\n|t:|1776211496\n|gametype|doubles\n|player|p1|Cube492|az-lza|1079\n|player|p2|Oh-Look-A-Sailboat|102|1074\n|gen|9\n|tier|[Gen 9 Champions] VGC 2026 Reg M-A\n|rated|\n|rule|Species Clause: Limit one of each Pok\u00e9mon\n|rule|Item Clause: Limit 1 of each item\n|clearpoke\n|poke|p1|Aggron, L50, M|\n|poke|p1|Sinistcha, L50|\n|poke|p1|Archaludon, L50, F|\n|poke|p1|Pelipper, L50, M|\n|poke|p1|Zoroark-Hisui, L50, F|\n|poke|p1|Ditto, L50|\n|poke|p2|Banette, L50, M|\n|poke|p2|Sneasler, L50, F|\n|poke|p2|Primarina, L50, F|\n|poke|p2|Kingambit, L50, F|\n|poke|p2|Whimsicott, L50, M|\n|poke|p2|Ditto, L50|\n|teampreview|4\n|inactive|Battle timer is ON: inactive players will automatically lose when time's up. (requested by Oh-Look-A-Sailboat)\n|inactive|Oh-Look-A-Sailboat has 60 seconds left.\n|\n|t:|1776211535\n|teamsize|p1|4\n|teamsize|p2|4\n|start\n|switch|p1a: THE WALL|Aggron, L50, M|100/100\n|switch|p1b: THE WALL 2|Archaludon, L50, F|100/100\n|switch|p2a: Whimsicott|Whimsicott, L50, M|100/100\n|switch|p2b: Primarina|Primarina, L50, F|100/100\n|turn|1\n|inactive|Oh-Look-A-Sailboat has 30 seconds left.\n|\n|t:|1776211568\n|detailschange|p1a: THE WALL|Aggron-Mega, L50, M\n|-mega|p1a: THE WALL|Aggron|Aggronite\n|move|p2b: Primarina|Protect|p2b: Primarina\n|-singleturn|p2b: Primarina|Protect\n|move|p2a: Whimsicott|Light Screen|p2a: Whimsicott\n|-sidestart|p2: Oh-Look-A-Sailboat|move: Light Screen\n|move|p1b: THE WALL 2|Snarl|p2a: Whimsicott|[spread] p2a\n|-activate|p2b: Primarina|move: Protect\n|-resisted|p2a: Whimsicott|1\n|-damage|p2a: Whimsicott|93/100\n|-unboost|p2a: Whimsicott|spa|1\n|move|p1a: THE WALL|Iron Defense|p1a: THE WALL\n|-boost|p1a: THE WALL|def|2\n|\n|upkeep\n|turn|2\n|inactive|Oh-Look-A-Sailboat has 30 seconds left.\n|\n|t:|1776211600\n|move|p2a: Whimsicott|Encore|p1a: THE WALL\n|-start|p1a: THE WALL|Encore\n|move|p1b: THE WALL 2|Snarl|p2a: Whimsicott|[spread] p2a,p2b\n|-resisted|p2a: Whimsicott|1\n|-resisted|p2b: Primarina|1\n|-damage|p2a: Whimsicott|85/100\n|-damage|p2b: Primarina|97/100\n|-unboost|p2a: Whimsicott|spa|1\n|-unboost|p2b: Primarina|spa|1\n|move|p2b: Primarina|Hyper Voice|p1a: THE WALL|[spread] p1a,p1b\n|-resisted|p1b: THE WALL 2|1\n|-damage|p1a: THE WALL|83/100\n|-damage|p1b: THE WALL 2|90/100\n|-ability|p1b: THE WALL 2|Stamina|boost\n|-boost|p1b: THE WALL 2|def|1\n|move|p1a: THE WALL|Iron Defense|p1a: THE WALL\n|-boost|p1a: THE WALL|def|2\n|\n|-heal|p2b: Primarina|100/100|[from] item: Leftovers\n|upkeep\n|turn|3\n|\n|t:|1776211625\n|switch|p2b: Banette|Banette, L50, M|100/100\n|-item|p1a: THE WALL|Aggronite|[from] ability: Frisk|[of] p2b: Banette\n|-item|p1b: THE WALL 2|Shell Bell|[from] ability: Frisk|[of] p2b: Banette\n|move|p2a: Whimsicott|Moonblast|p1a: THE WALL\n|-resisted|p1a: THE WALL|1\n|-damage|p1a: THE WALL|75/100\n|move|p1b: THE WALL 2|Electro Shot||[still]\n|-prepare|p1b: THE WALL 2|Electro Shot\n|-boost|p1b: THE WALL 2|spa|1\n|move|p1a: THE WALL|Iron Defense|p1a: THE WALL\n|-boost|p1a: THE WALL|def|2\n|\n|upkeep\n|turn|4\n|inactive|Oh-Look-A-Sailboat has 30 seconds left.\n|\n|t:|1776211656\n|detailschange|p2b: Banette|Banette-Mega, L50, M\n|-mega|p2b: Banette|Banette|Banettite\n|move|p2a: Whimsicott|Tailwind|p2a: Whimsicott\n|-sidestart|p2: Oh-Look-A-Sailboat|move: Tailwind\n|move|p2b: Banette|Will-O-Wisp|p1a: THE WALL\n|-status|p1a: THE WALL|brn\n|move|p1b: THE WALL 2|Electro Shot|p2b: Banette|[from] lockedmove\n|-damage|p2b: Banette|50/100\n|-heal|p1b: THE WALL 2|95/100|[from] item: Shell Bell|[of] p2b: Banette\n|move|p1a: THE WALL|Iron Defense|p1a: THE WALL\n|-boost|p1a: THE WALL|def|0\n|\n|-damage|p1a: THE WALL|69/100 brn|[from] brn\n|-end|p1a: THE WALL|Encore\n|upkeep\n|turn|5\n|c|\u2606Cube492|THE WALL\n|inactive|Oh-Look-A-Sailboat has 30 seconds left.\n|\n|t:|1776211686\n|move|p2a: Whimsicott|Encore|p1b: THE WALL 2\n|-start|p1b: THE WALL 2|Encore\n|move|p2b: Banette|Destiny Bond|p2b: Banette\n|-singlemove|p2b: Banette|Destiny Bond\n|move|p1b: THE WALL 2|Electro Shot||[still]\n|-prepare|p1b: THE WALL 2|Electro Shot\n|-boost|p1b: THE WALL 2|spa|1\n|move|p1a: THE WALL|Body Press|p2a: Whimsicott\n|-resisted|p2a: Whimsicott|1\n|-crit|p2a: Whimsicott\n|-damage|p2a: Whimsicott|1/100\n|\n|-damage|p1a: THE WALL|63/100 brn|[from] brn\n|-sideend|p2: Oh-Look-A-Sailboat|move: Light Screen\n|upkeep\n|turn|6\n|inactive|Oh-Look-A-Sailboat has 30 seconds left.\n|\n|t:|1776211719\n|move|p2a: Whimsicott|Light Screen|p2a: Whimsicott\n|-sidestart|p2: Oh-Look-A-Sailboat|move: Light Screen\n|move|p2b: Banette|Destiny Bond||[still]\n|-fail|p2b: Banette\n|move|p1b: THE WALL 2|Electro Shot|p2a: Whimsicott|[from] lockedmove\n|-resisted|p2a: Whimsicott|1\n|-damage|p2a: Whimsicott|0 fnt\n|faint|p2a: Whimsicott\n|-heal|p1b: THE WALL 2|96/100|[from] item: Shell Bell|[of] p2: Whimsicott\n|move|p1a: THE WALL|Body Press|p2b: Banette\n|-immune|p2b: Banette\n|\n|-damage|p1a: THE WALL|56/100 brn|[from] brn\n|upkeep\n|\n|t:|1776211732\n|switch|p2a: Sneasler|Sneasler, L50, F|100/100\n|turn|7\n|\n|t:|1776211754\n|move|p2b: Banette|Destiny Bond|p2b: Banette\n|-singlemove|p2b: Banette|Destiny Bond\n|move|p2a: Sneasler|Coaching|p2b: Banette\n|-boost|p2b: Banette|atk|1\n|-boost|p2b: Banette|def|1\n|move|p1b: THE WALL 2|Electro Shot||[still]\n|-prepare|p1b: THE WALL 2|Electro Shot\n|-boost|p1b: THE WALL 2|spa|1\n|move|p1a: THE WALL|Body Press|p2a: Sneasler\n|-resisted|p2a: Sneasler|1\n|-damage|p2a: Sneasler|43/100\n|\n|-damage|p1a: THE WALL|50/100 brn|[from] brn\n|-end|p1b: THE WALL 2|Encore\n|-sideend|p2: Oh-Look-A-Sailboat|move: Tailwind\n|upkeep\n|turn|8\n|inactive|Oh-Look-A-Sailboat has 30 seconds left.\n|\n|t:|1776211782\n|move|p2a: Sneasler|Close Combat|p1b: THE WALL 2\n|-supereffective|p1b: THE WALL 2|1\n|-damage|p1b: THE WALL 2|35/100\n|-unboost|p2a: Sneasler|def|1\n|-unboost|p2a: Sneasler|spd|1\n|-ability|p1b: THE WALL 2|Stamina|boost\n|-boost|p1b: THE WALL 2|def|1\n|-enditem|p2a: Sneasler|White Herb\n|-clearnegativeboost|p2a: Sneasler|[silent]\n|move|p2b: Banette|Poltergeist|p1b: THE WALL 2\n|-activate|p1b: THE WALL 2|move: Poltergeist|Shell Bell\n|-damage|p1b: THE WALL 2|0 fnt\n|faint|p1b: THE WALL 2\n|move|p1a: THE WALL|Body Press|p2a: Sneasler\n|-resisted|p2a: Sneasler|1\n|-damage|p2a: Sneasler|0 fnt\n|faint|p2a: Sneasler\n|\n|-damage|p1a: THE WALL|44/100 brn|[from] brn\n|upkeep\n|\n|t:|1776211800\n|switch|p2a: Primarina|Primarina, L50, F|100/100\n|switch|p1b: the small|Sinistcha, L50|100/100\n|-heal|p1a: THE WALL|69/100 brn|[from] ability: Hospitality|[of] p1b: the small\n|turn|9\n|\n|t:|1776211817\n|move|p2b: Banette|Poltergeist|p1b: the small\n|-activate|p1b: the small|move: Poltergeist|Leftovers\n|-supereffective|p1b: the small|1\n|-damage|p1b: the small|0 fnt\n|faint|p1b: the small\n|move|p2a: Primarina|Calm Mind|p2a: Primarina\n|-boost|p2a: Primarina|spa|1\n|-boost|p2a: Primarina|spd|1\n|move|p1a: THE WALL|Body Press|p2a: Primarina\n|-resisted|p2a: Primarina|1\n|-damage|p2a: Primarina|64/100\n|\n|-heal|p2a: Primarina|69/100|[from] item: Leftovers\n|-damage|p1a: THE WALL|63/100 brn|[from] brn\n|upkeep\n|\n|t:|1776211831\n|switch|p1b: Duper|Ditto, L50|100/100\n|-transform|p1b: Duper|p2a: Primarina|[from] ability: Imposter\n|turn|10\n|\n|t:|1776211847\n|move|p1b: Duper|Protect|p1b: Duper\n|-singleturn|p1b: Duper|Protect\n|move|p2b: Banette|Poltergeist|p1b: Duper\n|-activate|p1b: Duper|move: Protect\n|move|p2a: Primarina|Hyper Voice|p1a: THE WALL|[spread] p1a\n|-activate|p1b: Duper|move: Protect\n|-damage|p1a: THE WALL|25/100 brn\n|move|p1a: THE WALL|Body Press|p2a: Primarina\n|-resisted|p2a: Primarina|1\n|-damage|p2a: Primarina|30/100\n|\n|-heal|p2a: Primarina|36/100|[from] item: Leftovers\n|-damage|p1a: THE WALL|19/100 brn|[from] brn\n|-sideend|p2: Oh-Look-A-Sailboat|move: Light Screen\n|upkeep\n|turn|11\n|\n|t:|1776211868\n|move|p1b: Duper|Protect||[still]\n|-fail|p1b: Duper\n|move|p2a: Primarina|Protect|p2a: Primarina\n|-singleturn|p2a: Primarina|Protect\n|move|p2b: Banette|Destiny Bond|p2b: Banette\n|-singlemove|p2b: Banette|Destiny Bond\n|move|p1a: THE WALL|Rest|p1a: THE WALL\n|-status|p1a: THE WALL|slp|[from] move: Rest\n|-heal|p1a: THE WALL|100/100 slp|[silent]\n|\n|-heal|p2a: Primarina|42/100|[from] item: Leftovers\n|upkeep\n|turn|12\n|c|\u2606Cube492|im so stupid why did i choice scarf my ditto bro\n|\n|t:|1776211884\n|move|p1b: Duper|Protect|p1b: Duper\n|-singleturn|p1b: Duper|Protect\n|move|p2b: Banette|Poltergeist|p1b: Duper\n|-activate|p1b: Duper|move: Protect\n|move|p2a: Primarina|Calm Mind|p2a: Primarina\n|-boost|p2a: Primarina|spa|1\n|-boost|p2a: Primarina|spd|1\n|cant|p1a: THE WALL|slp\n|move|p1a: THE WALL|Sleep Talk|p1a: THE WALL\n|move|p1a: THE WALL|Body Press|p2b: Banette|[from] move: Sleep Talk\n|-immune|p2b: Banette\n|\n|-heal|p2a: Primarina|48/100|[from] item: Leftovers\n|upkeep\n|turn|13\n|\n|t:|1776211903\n|move|p1b: Duper|Protect||[still]\n|-fail|p1b: Duper\n|move|p2a: Primarina|Protect|p2a: Primarina\n|-singleturn|p2a: Primarina|Protect\n|move|p2b: Banette|Poltergeist|p1b: Duper\n|-activate|p1b: Duper|move: Poltergeist|Choice Scarf\n|-damage|p1b: Duper|0 fnt\n|faint|p1b: Duper\n|cant|p1a: THE WALL|slp\n|move|p1a: THE WALL|Sleep Talk|p1a: THE WALL\n|move|p1a: THE WALL|Body Press|p2a: Primarina|[from] move: Sleep Talk\n|-activate|p2a: Primarina|move: Protect\n|\n|-heal|p2a: Primarina|53/100|[from] item: Leftovers\n|upkeep\n|turn|14\n|\n|t:|1776211925\n|move|p2b: Banette|Poltergeist|p1a: THE WALL\n|-activate|p1a: THE WALL|move: Poltergeist|Aggronite\n|-damage|p1a: THE WALL|87/100 slp\n|move|p2a: Primarina|Hyper Voice|p1a: THE WALL\n|-damage|p1a: THE WALL|11/100 slp\n|-curestatus|p1a: THE WALL|slp|[msg]\n|move|p1a: THE WALL|Body Press|p2a: Primarina\n|-resisted|p2a: Primarina|1\n|-damage|p2a: Primarina|0 fnt\n|faint|p2a: Primarina\n|\n|upkeep\n|turn|15\n|\n|t:|1776211950\n|move|p2b: Banette|Poltergeist|p1a: THE WALL\n|-activate|p1a: THE WALL|move: Poltergeist|Aggronite\n|-damage|p1a: THE WALL|0 fnt\n|faint|p1a: THE WALL\n|\n|win|Oh-Look-A-Sailboat\n|raw|Cube492's rating: 1079 &rarr; <strong>1057</strong><br />(-22 for losing)\n|raw|Oh-Look-A-Sailboat's rating: 1074 &rarr; <strong>1103</strong><br />(+29 for winning)\n|c|\u2606Oh-Look-A-Sailboat|tHe WaLl\n",
  "uploadtime": 1776211969,
  "views": 17,
  "formatid": "gen9championsvgc2026regma",
  "rating": 1057,
  "private": 0,
  "password": null
}