{
  "id": "gen9championsvgc2026regma-2584253898",
  "format": "[Gen 9 Champions] VGC 2026 Reg M-A",
  "players": [
    "cloakedhawkvgc",
    "cringeenvena"
  ],
  "log": "|j|\u2606cloakedhawkvgc\n|j|\u2606cringeenvena\n|t:|1776243631\n|gametype|doubles\n|player|p1|cloakedhawkvgc|pryce|1000\n|player|p2|cringeenvena|blackbelt-gen4dp|1000\n|gen|9\n|tier|[Gen 9 Champions] VGC 2026 Reg M-A\n|rated|\n|rule|Species Clause: Limit one of each Pok\u00e9mon\n|rule|Item Clause: Limit 1 of each item\n|clearpoke\n|poke|p1|Oranguru, L50, M|\n|poke|p1|Cofagrigus, L50, M|\n|poke|p1|Clefable, L50, M|\n|poke|p1|Kingambit, L50, F|\n|poke|p1|Torkoal, L50, F|\n|poke|p1|Machamp, L50, F|\n|poke|p2|Hawlucha, L50, F|\n|poke|p2|Incineroar, L50, F|\n|poke|p2|Espeon, L50, M|\n|poke|p2|Venusaur, L50, F|\n|poke|p2|Rotom-Wash, L50|\n|poke|p2|Bastiodon, L50, F|\n|teampreview|4\n|inactive|Battle timer is ON: inactive players will automatically lose when time's up. (requested by cloakedhawkvgc)\n|inactive|cloakedhawkvgc has 60 seconds left.\n|inactive|cringeenvena has 60 seconds left.\n|\n|t:|1776243670\n|teamsize|p1|4\n|teamsize|p2|4\n|start\n|switch|p1a: Cofagrigus|Cofagrigus, L50, M|100/100\n|switch|p1b: Kingambit|Kingambit, L50, F|100/100\n|switch|p2a: Incineroar|Incineroar, L50, F|100/100\n|switch|p2b: Rotom|Rotom-Wash, L50|100/100\n|-ability|p2a: Incineroar|Intimidate|boost\n|-unboost|p1a: Cofagrigus|atk|1\n|-unboost|p1b: Kingambit|atk|1\n|-ability|p1b: Kingambit|Defiant|boost\n|-boost|p1b: Kingambit|atk|2\n|turn|1\n|\n|t:|1776243683\n|move|p1b: Kingambit|Protect|p1b: Kingambit\n|-singleturn|p1b: Kingambit|Protect\n|move|p2a: Incineroar|Fake Out|p1b: Kingambit\n|-activate|p1b: Kingambit|move: Protect\n|move|p2b: Rotom|Poltergeist|p1a: Cofagrigus\n|-activate|p1a: Cofagrigus|move: Poltergeist|Sitrus Berry\n|-supereffective|p1a: Cofagrigus|1\n|-damage|p1a: Cofagrigus|79/100\n|move|p1a: Cofagrigus|Trick Room|p1a: Cofagrigus\n|-fieldstart|move: Trick Room|[of] p1a: Cofagrigus\n|\n|upkeep\n|turn|2\n|inactive|cringeenvena has 30 seconds left.\n|\n|t:|1776243714\n|move|p1a: Cofagrigus|Body Press|p2a: Incineroar\n|-supereffective|p2a: Incineroar|1\n|-damage|p2a: Incineroar|32/100\n|move|p1b: Kingambit|Kowtow Cleave|p2b: Rotom\n|-damage|p2b: Rotom|0 fnt\n|faint|p2b: Rotom\n|move|p2a: Incineroar|Parting Shot|p1b: Kingambit\n|-unboost|p1b: Kingambit|atk|1\n|-ability|p1b: Kingambit|Defiant|boost\n|-boost|p1b: Kingambit|atk|2\n|-unboost|p1b: Kingambit|spa|1\n|-ability|p1b: Kingambit|Defiant|boost\n|-boost|p1b: Kingambit|atk|2\n|\n|t:|1776243725\n|switch|p2a: Bastiodon|Bastiodon, L50, F|100/100|[from] Parting Shot\n|\n|upkeep\n|\n|t:|1776243728\n|switch|p2b: Incineroar|Incineroar, L50, F|32/100\n|-ability|p2b: Incineroar|Intimidate|boost\n|-unboost|p1a: Cofagrigus|atk|1\n|-unboost|p1b: Kingambit|atk|1\n|-ability|p1b: Kingambit|Defiant|boost\n|-boost|p1b: Kingambit|atk|2\n|turn|3\n|\n|t:|1776243743\n|move|p1b: Kingambit|Protect|p1b: Kingambit\n|-singleturn|p1b: Kingambit|Protect\n|move|p2a: Bastiodon|Body Slam|p1b: Kingambit\n|-activate|p1b: Kingambit|move: Protect\n|move|p1a: Cofagrigus|Body Press|p2b: Incineroar\n|-supereffective|p2b: Incineroar|1\n|-damage|p2b: Incineroar|0 fnt\n|faint|p2b: Incineroar\n|\n|upkeep\n|\n|t:|1776243755\n|switch|p2b: Hawlucha|Hawlucha, L50, F|100/100\n|-ability|p2b: Hawlucha|Mold Breaker\n|turn|4\n|\n|t:|1776243774\n|move|p1b: Kingambit|Sucker Punch|p2a: Bastiodon\n|-damage|p2a: Bastiodon|0 fnt\n|faint|p2a: Bastiodon\n|move|p1a: Cofagrigus|Body Press|p2b: Hawlucha\n|-resisted|p2b: Hawlucha|1\n|-damage|p2b: Hawlucha|77/100\n|move|p2b: Hawlucha|High Jump Kick|p1b: Kingambit\n|-supereffective|p1b: Kingambit|2\n|-enditem|p1b: Kingambit|Focus Sash\n|-damage|p1b: Kingambit|1/100\n|\n|upkeep\n|turn|5\n|\n|t:|1776243788\n|detailschange|p2b: Hawlucha|Hawlucha-Mega, L50, F\n|-mega|p2b: Hawlucha|Hawlucha|Hawluchanite\n|move|p1b: Kingambit|Sucker Punch|p2b: Hawlucha\n|-resisted|p2b: Hawlucha|1\n|-damage|p2b: Hawlucha|0 fnt\n|faint|p2b: Hawlucha\n|\n|win|cloakedhawkvgc\n|raw|cloakedhawkvgc's rating: 1000 &rarr; <strong>1040</strong><br />(+40 for winning)\n|raw|cringeenvena's rating: 1000 &rarr; <strong>1000</strong><br />(+0 for losing)\n|l|\u2606cringeenvena\n|player|p2|\n",
  "uploadtime": 1776243796,
  "views": 31,
  "formatid": "gen9championsvgc2026regma",
  "rating": 1000,
  "private": 0,
  "password": null
}