{
  "id": "gen9championsvgc2026regma-2583794266",
  "format": "[Gen 9 Champions] VGC 2026 Reg M-A",
  "players": [
    "pepitoito",
    "itheodor"
  ],
  "log": "|j|\u2606pepitoito\n|j|\u2606itheodor\n|t:|1776198184\n|gametype|doubles\n|player|p1|pepitoito|miku-ghost|1162\n|player|p2|itheodor|1|1194\n|gen|9\n|tier|[Gen 9 Champions] VGC 2026 Reg M-A\n|rated|\n|rule|Species Clause: Limit one of each Pok\u00e9mon\n|rule|Item Clause: Limit 1 of each item\n|clearpoke\n|poke|p1|Delphox, L50, M|\n|poke|p1|Mamoswine, L50, F|\n|poke|p1|Rotom-Wash, L50|\n|poke|p1|Sinistcha, L50|\n|poke|p1|Sneasler, L50, M|\n|poke|p1|Kingambit, L50, F|\n|poke|p2|Tyranitar, L50, M|\n|poke|p2|Excadrill, L50, M|\n|poke|p2|Sinistcha, L50|\n|poke|p2|Corviknight, L50, F|\n|poke|p2|Sneasler, L50, F|\n|poke|p2|Rotom-Wash, L50|\n|teampreview|4\n|inactive|Battle timer is ON: inactive players will automatically lose when time's up. (requested by itheodor)\n|\n|t:|1776198243\n|teamsize|p1|4\n|teamsize|p2|4\n|start\n|switch|p1a: Mamoswine|Mamoswine, L50, F|100/100\n|switch|p1b: Delphox|Delphox, L50, M|100/100\n|switch|p2a: Sneasler|Sneasler, L50, F|100/100\n|switch|p2b: Corviknight|Corviknight, L50, F|100/100\n|turn|1\n|\n|t:|1776198264\n|detailschange|p1b: Delphox|Delphox-Mega, L50, M\n|-mega|p1b: Delphox|Delphox|Delphoxite\n|move|p2a: Sneasler|Fake Out|p1b: Delphox\n|-damage|p1b: Delphox|77/100\n|move|p1a: Mamoswine|Earthquake|p2a: Sneasler|[spread] p2a\n|-immune|p1b: Delphox|[from] ability: Levitate\n|-immune|p2b: Corviknight\n|-supereffective|p2a: Sneasler|1\n|-damage|p2a: Sneasler|0 fnt\n|faint|p2a: Sneasler\n|cant|p1b: Delphox|flinch\n|move|p2b: Corviknight|Tailwind|p2b: Corviknight\n|-sidestart|p2: itheodor|move: Tailwind\n|\n|upkeep\n|\n|t:|1776198281\n|switch|p2a: Excadrill|Excadrill, L50, M|100/100\n|turn|2\n|inactive|pepitoito has 30 seconds left.\n|inactive|pepitoito has 20 seconds left.\n|inactive|pepitoito has 15 seconds left.\n|\n|t:|1776198321\n|switch|p1a: Sneasler|Sneasler, L50, M|100/100\n|move|p1b: Delphox|Protect|p1b: Delphox\n|-singleturn|p1b: Delphox|Protect\n|move|p2a: Excadrill|Rock Slide|p1b: Delphox|[spread] p1a\n|-activate|p1b: Delphox|move: Protect\n|-resisted|p1a: Sneasler|1\n|-damage|p1a: Sneasler|81/100\n|move|p2b: Corviknight|Iron Head|p1a: Sneasler\n|-damage|p1a: Sneasler|42/100\n|\n|upkeep\n|turn|3\n|\n|t:|1776198346\n|switch|p2a: Tyranitar|Tyranitar, L50, M|100/100\n|-weather|Sandstorm|[from] ability: Sand Stream|[of] p2a: Tyranitar\n|move|p2b: Corviknight|Protect|p2b: Corviknight\n|-singleturn|p2b: Corviknight|Protect\n|move|p1a: Sneasler|Fake Out|p2a: Tyranitar\n|-resisted|p2a: Tyranitar|1\n|-damage|p2a: Tyranitar|95/100\n|move|p1b: Delphox|Heat Wave|p2a: Tyranitar|[spread] p2a\n|-activate|p2b: Corviknight|move: Protect\n|-resisted|p2a: Tyranitar|1\n|-damage|p2a: Tyranitar|84/100\n|\n|-weather|Sandstorm|[upkeep]\n|-damage|p1b: Delphox|71/100|[from] Sandstorm\n|-damage|p1a: Sneasler|36/100|[from] Sandstorm\n|upkeep\n|turn|4\n|inactive|pepitoito has 30 seconds left.\n|inactive|itheodor has 30 seconds left.\n|\n|t:|1776198373\n|detailschange|p2a: Tyranitar|Tyranitar-Mega, L50, M\n|-mega|p2a: Tyranitar|Tyranitar|Tyranitarite\n|move|p1b: Delphox|Protect|p1b: Delphox\n|-singleturn|p1b: Delphox|Protect\n|move|p1a: Sneasler|Protect|p1a: Sneasler\n|-singleturn|p1a: Sneasler|Protect\n|move|p2a: Tyranitar|Rock Slide|p1a: Sneasler|[spread] \n|-activate|p1a: Sneasler|move: Protect\n|-activate|p1b: Delphox|move: Protect\n|move|p2b: Corviknight|Iron Head|p1b: Delphox\n|-activate|p1b: Delphox|move: Protect\n|\n|-weather|Sandstorm|[upkeep]\n|-damage|p1b: Delphox|65/100|[from] Sandstorm\n|-damage|p1a: Sneasler|30/100|[from] Sandstorm\n|-sideend|p2: itheodor|move: Tailwind\n|upkeep\n|turn|5\n|inactive|itheodor has 30 seconds left.\n|\n|t:|1776198406\n|move|p1b: Delphox|Heat Wave|p2b: Corviknight|[spread] p2b\n|-miss|p1b: Delphox|p2a: Tyranitar\n|-supereffective|p2b: Corviknight|1\n|-damage|p2b: Corviknight|15/100\n|-status|p2b: Corviknight|brn\n|move|p1a: Sneasler|Close Combat|p2a: Tyranitar\n|-supereffective|p2a: Tyranitar|2\n|-damage|p2a: Tyranitar|0 fnt\n|-unboost|p1a: Sneasler|def|1\n|-unboost|p1a: Sneasler|spd|1\n|faint|p2a: Tyranitar\n|-enditem|p1a: Sneasler|White Herb\n|-clearnegativeboost|p1a: Sneasler|[silent]\n|move|p2b: Corviknight|Brave Bird|p1a: Sneasler\n|-supereffective|p1a: Sneasler|1\n|-damage|p1a: Sneasler|0 fnt\n|faint|p1a: Sneasler\n|-damage|p2b: Corviknight|7/100 brn|[from] Recoil\n|\n|-weather|Sandstorm|[upkeep]\n|-damage|p1b: Delphox|59/100|[from] Sandstorm\n|-heal|p2b: Corviknight|13/100 brn|[from] item: Leftovers\n|-damage|p2b: Corviknight|7/100 brn|[from] brn\n|upkeep\n|\n|t:|1776198428\n|switch|p1a: Mamoswine|Mamoswine, L50, F|100/100\n|switch|p2a: Excadrill|Excadrill, L50, M|100/100\n|turn|6\n|\n|t:|1776198439\n|move|p2a: Excadrill|Rock Slide|p1a: Mamoswine|[spread] p1a,p1b\n|-supereffective|p1b: Delphox|1\n|-damage|p1a: Mamoswine|74/100\n|-damage|p1b: Delphox|0 fnt\n|faint|p1b: Delphox\n|move|p1a: Mamoswine|Earthquake|p2a: Excadrill|[spread] p2a\n|-immune|p2b: Corviknight\n|-supereffective|p2a: Excadrill|1\n|-enditem|p2a: Excadrill|Focus Sash\n|-damage|p2a: Excadrill|1/100\n|move|p2b: Corviknight|Iron Head|p1a: Mamoswine\n|-supereffective|p1a: Mamoswine|1\n|-damage|p1a: Mamoswine|46/100\n|\n|-weather|Sandstorm|[upkeep]\n|-heal|p2b: Corviknight|13/100 brn|[from] item: Leftovers\n|-damage|p2b: Corviknight|7/100 brn|[from] brn\n|upkeep\n|\n|t:|1776198455\n|switch|p1b: Sinistcha|Sinistcha, L50|100/100\n|-heal|p1a: Mamoswine|71/100|[from] ability: Hospitality|[of] p1b: Sinistcha\n|turn|7\n|\n|t:|1776198471\n|move|p1b: Sinistcha|Rage Powder|p1b: Sinistcha\n|-singleturn|p1b: Sinistcha|move: Rage Powder\n|move|p2a: Excadrill|Rock Slide|p1b: Sinistcha|[spread] p1a,p1b\n|-damage|p1a: Mamoswine|47/100\n|-damage|p1b: Sinistcha|85/100\n|cant|p1a: Mamoswine|flinch\n|move|p2b: Corviknight|Tailwind|p2b: Corviknight\n|-sidestart|p2: itheodor|move: Tailwind\n|\n|-weather|none\n|-heal|p2b: Corviknight|13/100 brn|[from] item: Leftovers\n|-damage|p2b: Corviknight|7/100 brn|[from] brn\n|upkeep\n|turn|8\n|\n|t:|1776198494\n|move|p1b: Sinistcha|Rage Powder|p1b: Sinistcha\n|-singleturn|p1b: Sinistcha|move: Rage Powder\n|move|p2a: Excadrill|Earthquake|p1a: Mamoswine|[spread] p1a,p1b\n|-immune|p2b: Corviknight\n|-resisted|p1b: Sinistcha|1\n|-damage|p1a: Mamoswine|0 fnt\n|-damage|p1b: Sinistcha|68/100\n|faint|p1a: Mamoswine\n|move|p2b: Corviknight|Brave Bird|p1b: Sinistcha\n|-supereffective|p1b: Sinistcha|1\n|-damage|p1b: Sinistcha|39/100\n|-damage|p2b: Corviknight|0 fnt|[from] Recoil\n|faint|p2b: Corviknight\n|\n|upkeep\n|turn|9\n|\n|t:|1776198512\n|move|p2a: Excadrill|Iron Head|p1b: Sinistcha\n|-damage|p1b: Sinistcha|4/100\n|cant|p1b: Sinistcha|flinch\n|\n|upkeep\n|turn|10\n|c|\u2606itheodor|hahah gg]\n|c|\u2606pepitoito|stupid fucking rng\n|-message|pepitoito forfeited.\n|\n|win|itheodor\n",
  "uploadtime": 1776198526,
  "views": 14,
  "formatid": "gen9championsvgc2026regma",
  "rating": null,
  "private": 0,
  "password": null
}