{
  "id": "gen9championsvgc2026regma-2585818602",
  "format": "[Gen 9 Champions] VGC 2026 Reg M-A",
  "players": [
    "PappyPud",
    "TheThingyPrime"
  ],
  "log": "|j|\u2606PappyPud\n|j|\u2606TheThingyPrime\n|t:|1776372923\n|gametype|doubles\n|player|p1|PappyPud|169|1124\n|player|p2|TheThingyPrime|brycenman|1040\n|gen|9\n|tier|[Gen 9 Champions] VGC 2026 Reg M-A\n|rated|\n|rule|Species Clause: Limit one of each Pok\u00e9mon\n|rule|Item Clause: Limit 1 of each item\n|clearpoke\n|poke|p1|Froslass, L50, F|\n|poke|p1|Palafin, L50, M|\n|poke|p1|Kingambit, L50, F|\n|poke|p1|Arcanine-Hisui, L50, F|\n|poke|p1|Sinistcha, L50|\n|poke|p1|Sneasler, L50, F|\n|poke|p2|Aggron, L50, M|\n|poke|p2|Pelipper, L50, M|\n|poke|p2|Incineroar, L50, F|\n|poke|p2|Sneasler, L50, M|\n|poke|p2|Sinistcha, L50|\n|poke|p2|Ceruledge, L50, M|\n|teampreview|4\n|\n|t:|1776372972\n|teamsize|p1|4\n|teamsize|p2|4\n|start\n|switch|p1a: Sneasler|Sneasler, L50, F|100/100\n|switch|p1b: Palafin|Palafin, L50, M|100/100\n|switch|p2a: Aggron|Aggron, L50, M|100/100\n|switch|p2b: Incineroar|Incineroar, L50, F|100/100\n|-ability|p2b: Incineroar|Intimidate|boost\n|-unboost|p1a: Sneasler|atk|1\n|-unboost|p1b: Palafin|atk|1\n|-enditem|p1a: Sneasler|White Herb\n|-clearnegativeboost|p1a: Sneasler|[silent]\n|turn|1\n|\n|t:|1776373030\n|detailschange|p2a: Aggron|Aggron-Mega, L50, M\n|-mega|p2a: Aggron|Aggron|Aggronite\n|move|p2b: Incineroar|Fake Out|p1b: Palafin\n|-damage|p1b: Palafin|89/100\n|move|p1a: Sneasler|Close Combat|p2a: Aggron\n|-supereffective|p2a: Aggron|1\n|-damage|p2a: Aggron|46/100\n|-unboost|p1a: Sneasler|def|1\n|-unboost|p1a: Sneasler|spd|1\n|cant|p1b: Palafin|flinch\n|move|p2a: Aggron|Iron Defense|p2a: Aggron\n|-boost|p2a: Aggron|def|2\n|\n|upkeep\n|turn|2\n|\n|t:|1776373060\n|switch|p2b: Sinistcha|Sinistcha, L50|100/100\n|-heal|p2a: Aggron|71/100|[from] ability: Hospitality|[of] p2b: Sinistcha\n|move|p1b: Palafin|Jet Punch|p2b: Sinistcha\n|-resisted|p2b: Sinistcha|1\n|-damage|p2b: Sinistcha|92/100\n|move|p1a: Sneasler|Close Combat|p2b: Sinistcha\n|-immune|p2b: Sinistcha\n|move|p2a: Aggron|Heavy Slam|p1a: Sneasler\n|-damage|p1a: Sneasler|0 fnt\n|faint|p1a: Sneasler\n|\n|upkeep\n|\n|t:|1776373076\n|switch|p1a: Kingambit|Kingambit, L50, F|100/100\n|turn|3\n|\n|t:|1776373093\n|move|p1b: Palafin|Close Combat|p2a: Aggron\n|-supereffective|p2a: Aggron|1\n|-damage|p2a: Aggron|63/100\n|-unboost|p1b: Palafin|def|1\n|-unboost|p1b: Palafin|spd|1\n|move|p2a: Aggron|Body Press|p1a: Kingambit\n|-supereffective|p1a: Kingambit|2\n|-damage|p1a: Kingambit|0 fnt\n|faint|p1a: Kingambit\n|move|p2b: Sinistcha|Trick Room|p2b: Sinistcha\n|-fieldstart|move: Trick Room|[of] p2b: Sinistcha\n|\n|upkeep\n|\n|t:|1776373103\n|switch|p1a: Froslass|Froslass, L50, F|100/100\n|turn|4\n|\n|t:|1776373117\n|detailschange|p1a: Froslass|Froslass-Mega, L50, F\n|-mega|p1a: Froslass|Froslass|Froslassite\n|-weather|Snowscape|[from] ability: Snow Warning|[of] p1a: Froslass\n|move|p1b: Palafin|Protect|p1b: Palafin\n|-singleturn|p1b: Palafin|Protect\n|move|p1a: Froslass|Protect|p1a: Froslass\n|-singleturn|p1a: Froslass|Protect\n|move|p2a: Aggron|Heavy Slam|p1a: Froslass\n|-activate|p1a: Froslass|move: Protect\n|move|p2b: Sinistcha|Matcha Gotcha|p1b: Palafin|[spread] \n|-activate|p1a: Froslass|move: Protect\n|-activate|p1b: Palafin|move: Protect\n|\n|-weather|Snowscape|[upkeep]\n|upkeep\n|turn|5\n|\n|t:|1776373147\n|move|p2a: Aggron|Heavy Slam|p1a: Froslass\n|-supereffective|p1a: Froslass|1\n|-damage|p1a: Froslass|0 fnt\n|faint|p1a: Froslass\n|move|p2b: Sinistcha|Matcha Gotcha|p1b: Palafin\n|-supereffective|p1b: Palafin|1\n|-damage|p1b: Palafin|0 fnt\n|-heal|p2b: Sinistcha|100/100|[from] drain|[of] p1b: Palafin\n|faint|p1b: Palafin\n|\n|win|TheThingyPrime\n|raw|PappyPud's rating: 1124 &rarr; <strong>1093</strong><br />(-31 for losing)\n|raw|TheThingyPrime's rating: 1040 &rarr; <strong>1082</strong><br />(+42 for winning)\n",
  "uploadtime": 1776373156,
  "views": 22,
  "formatid": "gen9championsvgc2026regma",
  "rating": 1082,
  "private": 0,
  "password": null
}