{
  "id": "gen9championsvgc2026regma-2584018284",
  "format": "[Gen 9 Champions] VGC 2026 Reg M-A",
  "players": [
    "AngelilloVGC",
    "Spo0kyMelon"
  ],
  "log": "|j|\u2606AngelilloVGC\n|j|\u2606Spo0kyMelon\n|t:|1776217229\n|gametype|doubles\n|player|p1|AngelilloVGC|roughneck-gen4|1355\n|player|p2|Spo0kyMelon|bugcatcher-gen4dp|1338\n|gen|9\n|tier|[Gen 9 Champions] VGC 2026 Reg M-A\n|rated|\n|rule|Species Clause: Limit one of each Pok\u00e9mon\n|rule|Item Clause: Limit 1 of each item\n|clearpoke\n|poke|p1|Gengar, L50, F|\n|poke|p1|Palafin, L50, F|\n|poke|p1|Torkoal, L50, F|\n|poke|p1|Venusaur, L50, F|\n|poke|p1|Incineroar, L50, M|\n|poke|p1|Dragonite, L50, M|\n|poke|p2|Noivern, L50, F|\n|poke|p2|Glimmora, L50, F|\n|poke|p2|Basculegion, L50, M|\n|poke|p2|Pelipper, L50, M|\n|poke|p2|Archaludon, L50, M|\n|poke|p2|Kingambit, L50, M|\n|teampreview|4\n|inactive|Battle timer is ON: inactive players will automatically lose when time's up. (requested by AngelilloVGC)\n|inactive|Spo0kyMelon has 60 seconds left.\n|\n|t:|1776217284\n|teamsize|p1|4\n|teamsize|p2|4\n|start\n|switch|p1a: Gengar|Gengar, L50, F|100/100\n|switch|p1b: Palafin|Palafin, L50, F, shiny|100/100\n|switch|p2a: Basculegion|Basculegion, L50, M|100/100\n|switch|p2b: Glimmora|Glimmora, L50, F|100/100\n|turn|1\n|inactive|AngelilloVGC has 30 seconds left.\n|inactive|AngelilloVGC has 20 seconds left.\n|inactive|AngelilloVGC has 15 seconds left.\n|inactive|AngelilloVGC has 10 seconds left.\n|\n|t:|1776217337\n|move|p1a: Gengar|Protect|p1a: Gengar\n|-singleturn|p1a: Gengar|Protect\n|move|p1b: Palafin|Flip Turn|p2a: Basculegion\n|-resisted|p2a: Basculegion|1\n|-damage|p2a: Basculegion|87/100\n|\n|t:|1776217343\n|detailschange|p1b: Palafin|Palafin-Hero, L50, F, shiny\n|switch|p1b: Venusaur|Venusaur, L50, F, shiny|100/100|[from] Flip Turn\n|move|p2a: Basculegion|Icy Wind|p1a: Gengar|[spread] p1b\n|-activate|p1a: Gengar|move: Protect\n|-supereffective|p1b: Venusaur|1\n|-crit|p1b: Venusaur\n|-damage|p1b: Venusaur|76/100\n|-unboost|p1b: Venusaur|spe|1\n|move|p2b: Glimmora|Earth Power|p1a: Gengar\n|-activate|p1a: Gengar|move: Protect\n|\n|upkeep\n|turn|2\n|inactive|AngelilloVGC has 30 seconds left.\n|\n|t:|1776217372\n|switch|p1a: Torkoal|Torkoal, L50, F, shiny|100/100\n|-weather|SunnyDay|[from] ability: Drought|[of] p1a: Torkoal\n|detailschange|p2b: Glimmora|Glimmora-Mega, L50, F\n|-mega|p2b: Glimmora|Glimmora|Glimmoranite\n|move|p2a: Basculegion|Icy Wind|p1b: Venusaur|[spread] p1a,p1b\n|-resisted|p1a: Torkoal|1\n|-supereffective|p1b: Venusaur|1\n|-damage|p1a: Torkoal|97/100\n|-damage|p1b: Venusaur|59/100\n|-unboost|p1a: Torkoal|spe|1\n|-unboost|p1b: Venusaur|spe|1\n|move|p2b: Glimmora|Power Gem|p1a: Torkoal\n|-supereffective|p1a: Torkoal|1\n|-damage|p1a: Torkoal|0 fnt\n|faint|p1a: Torkoal\n|move|p1b: Venusaur|Sleep Powder|p2b: Glimmora|[miss]\n|-miss|p1b: Venusaur|p2b: Glimmora\n|\n|-weather|SunnyDay|[upkeep]\n|upkeep\n|\n|t:|1776217387\n|switch|p1a: Gengar|Gengar, L50, F|100/100\n|turn|3\n|\n|t:|1776217406\n|detailschange|p1a: Gengar|Gengar-Mega, L50, F\n|-mega|p1a: Gengar|Gengar|Gengarite\n|move|p1a: Gengar|Protect|p1a: Gengar\n|-singleturn|p1a: Gengar|Protect\n|move|p2a: Basculegion|Icy Wind|p1b: Venusaur|[spread] \n|-activate|p1a: Gengar|move: Protect\n|-miss|p2a: Basculegion|p1b: Venusaur\n|move|p2b: Glimmora|Power Gem|p1b: Venusaur\n|-damage|p1b: Venusaur|0 fnt\n|faint|p1b: Venusaur\n|\n|-weather|SunnyDay|[upkeep]\n|upkeep\n|\n|t:|1776217417\n|switch|p1b: Palafin|Palafin-Hero, L50, F, shiny|100/100\n|-activate|p1b: Palafin|ability: Zero to Hero\n|turn|4\n|\n|t:|1776217436\n|move|p2b: Glimmora|Spiky Shield|p2b: Glimmora\n|-singleturn|p2b: Glimmora|move: Protect\n|move|p1b: Palafin|Close Combat|p2b: Glimmora\n|-activate|p2b: Glimmora|move: Protect\n|-damage|p1b: Palafin|88/100|[from] Spiky Shield|[of] p2b: Glimmora\n|move|p2a: Basculegion|Icy Wind|p1b: Palafin|[spread] p1a,p1b\n|-crit|p1a: Gengar\n|-resisted|p1b: Palafin|1\n|-damage|p1a: Gengar|87/100\n|-damage|p1b: Palafin|85/100\n|-unboost|p1a: Gengar|spe|1\n|-unboost|p1b: Palafin|spe|1\n|move|p1a: Gengar|Shadow Ball|p2a: Basculegion\n|-supereffective|p2a: Basculegion|1\n|-damage|p2a: Basculegion|0 fnt\n|faint|p2a: Basculegion\n|\n|-weather|SunnyDay|[upkeep]\n|upkeep\n|\n|t:|1776217456\n|switch|p2a: Kingambit|Kingambit, L50, M|100/100\n|turn|5\n|\n|t:|1776217468\n|move|p1a: Gengar|Protect|p1a: Gengar\n|-singleturn|p1a: Gengar|Protect\n|move|p2a: Kingambit|Sucker Punch||[still]\n|-fail|p2a: Kingambit\n|move|p1b: Palafin|Close Combat|p2a: Kingambit\n|-supereffective|p2a: Kingambit|2\n|-damage|p2a: Kingambit|0 fnt\n|-unboost|p1b: Palafin|def|1\n|-unboost|p1b: Palafin|spd|1\n|faint|p2a: Kingambit\n|move|p2b: Glimmora|Power Gem|p1b: Palafin\n|-damage|p1b: Palafin|0 fnt\n|faint|p1b: Palafin\n|\n|-weather|SunnyDay|[upkeep]\n|upkeep\n|\n|t:|1776217487\n|switch|p2a: Pelipper|Pelipper, L50, M|100/100\n|-weather|RainDance|[from] ability: Drizzle|[of] p2a: Pelipper\n|turn|6\n|\n|t:|1776217498\n|move|p2b: Glimmora|Earth Power|p1a: Gengar\n|-supereffective|p1a: Gengar|1\n|-damage|p1a: Gengar|0 fnt\n|faint|p1a: Gengar\n|\n|win|Spo0kyMelon\n|raw|AngelilloVGC's rating: 1355 &rarr; <strong>1334</strong><br />(-21 for losing)\n|raw|Spo0kyMelon's rating: 1338 &rarr; <strong>1359</strong><br />(+21 for winning)\n|l|\u2606AngelilloVGC\n|player|p1|\n",
  "uploadtime": 1776217505,
  "views": 32,
  "formatid": "gen9championsvgc2026regma",
  "rating": 1334,
  "private": 0,
  "password": null
}