{
  "id": "gen9championsvgc2026regma-2587869809",
  "format": "[Gen 9 Champions] VGC 2026 Reg M-A",
  "players": [
    "TheGamingMammoth",
    "rhan2687"
  ],
  "log": "|j|\u2606TheGamingMammoth\n|j|\u2606rhan2687\n|t:|1776572712\n|gametype|doubles\n|player|p1|TheGamingMammoth|1|1000\n|player|p2|rhan2687|265|1025\n|gen|9\n|tier|[Gen 9 Champions] VGC 2026 Reg M-A\n|rated|\n|rule|Species Clause: Limit one of each Pok\u00e9mon\n|rule|Item Clause: Limit 1 of each item\n|clearpoke\n|poke|p1|Politoed, L50, F|\n|poke|p1|Abomasnow, L50, F|\n|poke|p1|Basculegion, L50, M|\n|poke|p1|Archaludon, L50, M|\n|poke|p1|Aerodactyl, L50, M|\n|poke|p1|Venusaur, L50, F|\n|poke|p2|Froslass, L50, F|\n|poke|p2|Slowking-Galar, L50, M|\n|poke|p2|Incineroar, L50, M|\n|poke|p2|Sinistcha, L50|\n|poke|p2|Manectric, L50, F|\n|poke|p2|Palafin, L50, F|\n|teampreview|4\n|\n|t:|1776572746\n|teamsize|p1|4\n|teamsize|p2|4\n|start\n|switch|p1a: Basculegion|Basculegion, L50, M|100/100\n|switch|p1b: Venusaur|Venusaur, L50, F|100/100\n|switch|p2a: Slowking|Slowking-Galar, L50, M|100/100\n|switch|p2b: Palafin|Palafin, L50, F|100/100\n|turn|1\n|\n|t:|1776572799\n|switch|p1b: Politoed|Politoed, L50, F|100/100\n|-weather|RainDance|[from] ability: Drizzle|[of] p1b: Politoed\n|move|p1a: Basculegion|Wave Crash|p2a: Slowking\n|-damage|p2a: Slowking|4/100\n|-damage|p1a: Basculegion|70/100|[from] Recoil\n|move|p2b: Palafin|Flip Turn|p1a: Basculegion\n|-resisted|p1a: Basculegion|1\n|-damage|p1a: Basculegion|49/100\n|\n|t:|1776572818\n|detailschange|p2b: Palafin|Palafin-Hero, L50, F\n|switch|p2b: Manectric|Manectric, L50, F|100/100|[from] Flip Turn\n|move|p2a: Slowking|Psyshock|p1b: Politoed\n|-damage|p1b: Politoed|61/100\n|\n|-weather|RainDance|[upkeep]\n|upkeep\n|turn|2\n|\n|t:|1776572896\n|switch|p2a: Sinistcha|Sinistcha, L50|100/100\n|detailschange|p2b: Manectric|Manectric-Mega, L50, F\n|-mega|p2b: Manectric|Manectric|Manectite\n|-ability|p2b: Manectric|Intimidate|boost\n|-unboost|p1a: Basculegion|atk|1\n|-unboost|p1b: Politoed|atk|1\n|move|p2b: Manectric|Protect|p2b: Manectric\n|-singleturn|p2b: Manectric|Protect\n|move|p1a: Basculegion|Wave Crash|p2b: Manectric\n|-activate|p2b: Manectric|move: Protect\n|move|p1b: Politoed|Muddy Water|p2a: Sinistcha|[spread] p2a\n|-activate|p2b: Manectric|move: Protect\n|-resisted|p2a: Sinistcha|1\n|-damage|p2a: Sinistcha|77/100\n|\n|-weather|RainDance|[upkeep]\n|upkeep\n|turn|3\n|\n|t:|1776572923\n|switch|p1a: Archaludon|Archaludon, L50, M|100/100\n|switch|p1b: Venusaur|Venusaur, L50, F|100/100\n|move|p2b: Manectric|Volt Switch|p1b: Venusaur\n|-resisted|p1b: Venusaur|1\n|-damage|p1b: Venusaur|83/100\n|\n|t:|1776572936\n|switch|p2b: Slowking|Slowking-Galar, L50, M|37/100|[from] Volt Switch\n|move|p2a: Sinistcha|Matcha Gotcha|p1b: Venusaur|[spread] p1a,p1b\n|-resisted|p1a: Archaludon|2\n|-resisted|p1b: Venusaur|2\n|-damage|p1a: Archaludon|92/100\n|-heal|p2a: Sinistcha|81/100|[from] drain|[of] p1a: Archaludon\n|-damage|p1b: Venusaur|77/100\n|-heal|p2a: Sinistcha|85/100|[from] drain|[of] p1b: Venusaur\n|\n|-weather|RainDance|[upkeep]\n|upkeep\n|turn|4\n|\n|t:|1776572966\n|detailschange|p1b: Venusaur|Venusaur-Mega, L50, F\n|-mega|p1b: Venusaur|Venusaur|Venusaurite\n|move|p2a: Sinistcha|Rage Powder|p2a: Sinistcha\n|-singleturn|p2a: Sinistcha|move: Rage Powder\n|move|p1a: Archaludon|Draco Meteor|p2a: Sinistcha|[miss]\n|-miss|p1a: Archaludon|p2a: Sinistcha\n|move|p1b: Venusaur|Sludge Bomb|p2a: Sinistcha\n|-damage|p2a: Sinistcha|27/100\n|-enditem|p2a: Sinistcha|Sitrus Berry|[eat]\n|-heal|p2a: Sinistcha|52/100|[from] item: Sitrus Berry\n|-prepare|p2b: Slowking|Chilly Reception|[premajor]\n|move|p2b: Slowking|Chilly Reception|p2b: Slowking\n|-weather|Snowscape\n|\n|t:|1776573010\n|switch|p2b: Manectric|Manectric-Mega, L50, F|100/100|[from] Chilly Reception\n|-ability|p2b: Manectric|Intimidate|boost\n|-unboost|p1a: Archaludon|atk|1\n|-unboost|p1b: Venusaur|atk|1\n|\n|-weather|Snowscape|[upkeep]\n|upkeep\n|turn|5\n|\n|t:|1776573037\n|switch|p2a: Slowking|Slowking-Galar, L50, M|70/100\n|move|p1b: Venusaur|Protect|p1b: Venusaur\n|-singleturn|p1b: Venusaur|Protect\n|move|p2b: Manectric|Overheat|p1a: Archaludon\n|-damage|p1a: Archaludon|31/100\n|-unboost|p2b: Manectric|spa|2\n|move|p1a: Archaludon|Draco Meteor|p2a: Slowking\n|-damage|p2a: Slowking|25/100\n|-unboost|p1a: Archaludon|spa|2\n|\n|-weather|Snowscape|[upkeep]\n|upkeep\n|turn|6\n|\n|t:|1776573060\n|switch|p1a: Basculegion|Basculegion, L50, M|49/100\n|move|p2b: Manectric|Volt Switch|p1a: Basculegion\n|-supereffective|p1a: Basculegion|1\n|-damage|p1a: Basculegion|11/100\n|\n|t:|1776573068\n|switch|p2b: Palafin|Palafin-Hero, L50, F|100/100|[from] Volt Switch\n|-activate|p2b: Palafin|ability: Zero to Hero\n|move|p1b: Venusaur|Sleep Powder|p2b: Palafin\n|-status|p2b: Palafin|slp|[from] move: Sleep Powder\n|move|p2a: Slowking|Psyshock|p1b: Venusaur\n|-supereffective|p1b: Venusaur|1\n|-damage|p1b: Venusaur|32/100\n|\n|-weather|Snowscape|[upkeep]\n|upkeep\n|turn|7\n|\n|t:|1776573108\n|cant|p2b: Palafin|slp\n|move|p1a: Basculegion|Wave Crash|p2a: Slowking\n|-damage|p2a: Slowking|0 fnt\n|faint|p2a: Slowking\n|-damage|p1a: Basculegion|2/100|[from] Recoil\n|move|p1b: Venusaur|Sleep Powder|p2b: Palafin|[miss]\n|-miss|p1b: Venusaur|p2b: Palafin\n|\n|-weather|Snowscape|[upkeep]\n|upkeep\n|\n|t:|1776573120\n|switch|p2a: Manectric|Manectric-Mega, L50, F|100/100\n|-ability|p2a: Manectric|Intimidate|boost\n|-unboost|p1a: Basculegion|atk|1\n|-unboost|p1b: Venusaur|atk|1\n|turn|8\n|\n|t:|1776573133\n|switch|p1a: Politoed|Politoed, L50, F|61/100\n|-weather|RainDance|[from] ability: Drizzle|[of] p1a: Politoed\n|move|p2a: Manectric|Volt Switch|p1a: Politoed\n|-supereffective|p1a: Politoed|1\n|-damage|p1a: Politoed|0 fnt\n|faint|p1a: Politoed\n|\n|t:|1776573140\n|switch|p2a: Sinistcha|Sinistcha, L50|52/100|[from] Volt Switch\n|cant|p2b: Palafin|slp\n|move|p1b: Venusaur|Giga Drain|p2b: Palafin\n|-supereffective|p2b: Palafin|1\n|-damage|p2b: Palafin|18/100 slp\n|-heal|p1b: Venusaur|73/100|[from] drain|[of] p2b: Palafin\n|\n|-weather|RainDance|[upkeep]\n|upkeep\n|\n|t:|1776573154\n|switch|p1a: Archaludon|Archaludon, L50, M|31/100\n|turn|9\n|\n|t:|1776573185\n|move|p2a: Sinistcha|Rage Powder|p2a: Sinistcha\n|-singleturn|p2a: Sinistcha|move: Rage Powder\n|-curestatus|p2b: Palafin|slp|[msg]\n|move|p2b: Palafin|Wave Crash|p1a: Archaludon\n|-resisted|p1a: Archaludon|1\n|-damage|p1a: Archaludon|0 fnt\n|faint|p1a: Archaludon\n|-damage|p2b: Palafin|8/100|[from] Recoil\n|move|p1b: Venusaur|Sludge Bomb|p2a: Sinistcha\n|-damage|p2a: Sinistcha|0 fnt\n|faint|p2a: Sinistcha\n|\n|-weather|RainDance|[upkeep]\n|upkeep\n|\n|t:|1776573197\n|switch|p1a: Basculegion|Basculegion, L50, M|2/100\n|switch|p2a: Manectric|Manectric-Mega, L50, F|100/100\n|-ability|p2a: Manectric|Intimidate|boost\n|-unboost|p1a: Basculegion|atk|1\n|-unboost|p1b: Venusaur|atk|1\n|turn|10\n|\n|t:|1776573211\n|move|p2a: Manectric|Protect|p2a: Manectric\n|-singleturn|p2a: Manectric|Protect\n|move|p2b: Palafin|Protect|p2b: Palafin\n|-singleturn|p2b: Palafin|Protect\n|move|p1a: Basculegion|Aqua Jet|p2b: Palafin\n|-activate|p2b: Palafin|move: Protect\n|move|p1b: Venusaur|Sleep Powder|p2a: Manectric\n|-activate|p2a: Manectric|move: Protect\n|\n|-weather|RainDance|[upkeep]\n|upkeep\n|turn|11\n|\n|t:|1776573229\n|move|p1a: Basculegion|Aqua Jet|p2b: Palafin\n|-resisted|p2b: Palafin|1\n|-damage|p2b: Palafin|0 fnt\n|faint|p2b: Palafin\n|move|p2a: Manectric|Thunderbolt|p1b: Venusaur\n|-resisted|p1b: Venusaur|1\n|-damage|p1b: Venusaur|51/100\n|move|p1b: Venusaur|Sleep Powder|p2a: Manectric\n|-status|p2a: Manectric|slp|[from] move: Sleep Powder\n|\n|-weather|RainDance|[upkeep]\n|upkeep\n|turn|12\n|\n|t:|1776573243\n|move|p1a: Basculegion|Wave Crash|p2a: Manectric\n|-damage|p2a: Manectric|9/100 slp\n|-damage|p1a: Basculegion|0 fnt|[from] Recoil\n|faint|p1a: Basculegion\n|cant|p2a: Manectric|slp\n|move|p1b: Venusaur|Sludge Bomb|p2a: Manectric\n|-damage|p2a: Manectric|0 fnt\n|faint|p2a: Manectric\n|\n|win|TheGamingMammoth\n|raw|TheGamingMammoth's rating: 1000 &rarr; <strong>1043</strong><br />(+43 for winning)\n|raw|rhan2687's rating: 1025 &rarr; <strong>1010</strong><br />(-15 for losing)\n",
  "uploadtime": 1776573243,
  "views": 10,
  "formatid": "gen9championsvgc2026regma",
  "rating": 1010,
  "private": 0,
  "password": null
}