{
  "id": "gen9championsvgc2026regma-2585003647",
  "format": "[Gen 9 Champions] VGC 2026 Reg M-A",
  "players": [
    "Chloe",
    "woshin00b"
  ],
  "log": "|j|\u2606Chloe\n|j|\u2606woshin00b\n|html|<table width=\"100%\"><tr><td align=\"left\">Chloe</td><td align=\"right\">woshin00b</tr><tr><td align=\"left\"><i class=\"fa fa-circle-o\"></i> <i class=\"fa fa-circle-o\"></i> </td><td align=\"right\"><i class=\"fa fa-circle-o\"></i> <i class=\"fa fa-circle-o\"></i> </tr></table>\n|uhtml|bestof|<h2><strong>Game 1</strong> of <a href=\"/game-bestof3-gen9championsvgc2026regma-2585003646\">a best-of-3</a></h2>\n|t:|1776302425\n|gametype|doubles\n|player|p1|Chloe|gwynn|\n|player|p2|woshin00b|youngcouple-gen4dp|\n|gen|9\n|tier|[Gen 9 Champions] VGC 2026 Reg M-A\n|rated|Tournament battle\n|rule|Species Clause: Limit one of each Pok\u00e9mon\n|rule|Item Clause: Limit 1 of each item\n|raw|<div class=\"infobox\"><details class=\"readmore\" open><summary><strong>2 custom rules:</strong></summary> Force Open Team Sheets, Best of = 3</details></div>\n|clearpoke\n|poke|p1|Gardevoir, L50, F|\n|poke|p1|Primarina, L50, F|\n|poke|p1|Whimsicott, L50, F|\n|poke|p1|Sneasler, L50, M|\n|poke|p1|Arcanine-Hisui, L50, F|\n|poke|p1|Kingambit, L50, F|\n|poke|p2|Tyranitar, L50, M|\n|poke|p2|Milotic, L50, M|\n|poke|p2|Sylveon, L50, M|\n|poke|p2|Excadrill, L50, M|\n|poke|p2|Wyrdeer, L50, M|\n|poke|p2|Typhlosion-Hisui, L50, F|\n|teampreview|4\n|showteam|p1|Gardevoir||Gardevoirite|Trace|HyperVoice,Psychic,TrickRoom,Protect|||F|||50|]Primarina||Leftovers|LiquidVoice|HyperVoice,Moonblast,CalmMind,Protect|||F|||50|]Whimsicott||FocusSash|Prankster|Tailwind,Moonblast,Encore,Protect|||F|||50|]Sneasler||WhiteHerb|Unburden|CloseCombat,DireClaw,FakeOut,Protect|||M|||50|]Arcanine-Hisui||SitrusBerry|Intimidate|RockSlide,FlareBlitz,ExtremeSpeed,Protect|||F|||50|]Kingambit||BlackGlasses|Defiant|KowtowCleave,SuckerPunch,IronHead,Protect|||F|||50|\n|showteam|p2|Tyranitar||Tyranitarite|SandStream|RockSlide,Crunch,Protect,Superpower|||M|||50|]Milotic||Leftovers|Competitive|Scald,Protect,IceBeam,Substitute|||M|||50|]Sylveon||FairyFeather|Pixilate|HyperVoice,Protect,Psychic,QuickAttack|||M|||50|]Excadrill||FocusSash|MoldBreaker|RockSlide,IronHead,HighHorsepower,Protect|||M|||50|]Wyrdeer||SitrusBerry|Intimidate|Thunderbolt,EarthPower,Protect,Psychic|||M|||50|]Typhlosion-Hisui||ChoiceScarf|Frisk|Eruption,ShadowBall,Overheat,Extrasensory|||F|||50|\n|inactive|Battle timer is ON: inactive players will automatically lose when time's up. (requested by Chloe)\n|j|+holdingb\n|j|@Radio Free C-Side\n|j| stinkyton\n|inactive|woshin00b has 60 seconds left.\n|\n|t:|1776302468\n|teamsize|p1|4\n|teamsize|p2|4\n|start\n|switch|p1a: Gardevoir|Gardevoir, L50, F|100/100\n|switch|p1b: Sneasler|Sneasler, L50, M|100/100\n|switch|p2a: Milotic|Milotic, L50, M|100/100\n|switch|p2b: Excadrill|Excadrill, L50, M|100/100\n|-ability|p2b: Excadrill|Mold Breaker\n|-ability|p1a: Gardevoir|Mold Breaker|Trace|[from] ability: Trace|[of] p2b: Excadrill\n|-ability|p1a: Gardevoir|Mold Breaker\n|turn|1\n|\n|t:|1776302487\n|detailschange|p1a: Gardevoir|Gardevoir-Mega, L50, F\n|-mega|p1a: Gardevoir|Gardevoir|Gardevoirite\n|move|p2b: Excadrill|Protect|p2b: Excadrill\n|-singleturn|p2b: Excadrill|Protect\n|move|p1b: Sneasler|Fake Out|p2b: Excadrill\n|-activate|p2b: Excadrill|move: Protect\n|move|p2a: Milotic|Substitute|p2a: Milotic\n|-start|p2a: Milotic|Substitute\n|-damage|p2a: Milotic|76/100\n|move|p1a: Gardevoir|Trick Room|p1a: Gardevoir\n|-fieldstart|move: Trick Room|[of] p1a: Gardevoir\n|\n|-heal|p2a: Milotic|82/100|[from] item: Leftovers\n|upkeep\n|turn|2\n|j| Lacksatives\n|\n|t:|1776302505\n|move|p1a: Gardevoir|Protect|p1a: Gardevoir\n|-singleturn|p1a: Gardevoir|Protect\n|move|p2a: Milotic|Scald|p1b: Sneasler\n|-damage|p1b: Sneasler|59/100\n|move|p2b: Excadrill|Iron Head|p1a: Gardevoir\n|-activate|p1a: Gardevoir|move: Protect\n|move|p1b: Sneasler|Close Combat|p2b: Excadrill\n|-supereffective|p2b: Excadrill|1\n|-enditem|p2b: Excadrill|Focus Sash\n|-damage|p2b: Excadrill|1/100\n|-unboost|p1b: Sneasler|def|1\n|-unboost|p1b: Sneasler|spd|1\n|-enditem|p1b: Sneasler|White Herb\n|-clearnegativeboost|p1b: Sneasler|[silent]\n|\n|-heal|p2a: Milotic|88/100|[from] item: Leftovers\n|upkeep\n|turn|3\n|\n|t:|1776302522\n|switch|p1b: Primarina|Primarina, L50, F|100/100\n|move|p2a: Milotic|Scald|p1b: Primarina\n|-resisted|p1b: Primarina|1\n|-damage|p1b: Primarina|88/100\n|move|p1a: Gardevoir|Hyper Voice|p2a: Milotic|[spread] p2a,p2b\n|-resisted|p2b: Excadrill|1\n|-damage|p2a: Milotic|50/100\n|-damage|p2b: Excadrill|0 fnt\n|faint|p2b: Excadrill\n|\n|-heal|p1b: Primarina|94/100|[from] item: Leftovers\n|-heal|p2a: Milotic|56/100|[from] item: Leftovers\n|upkeep\n|\n|t:|1776302533\n|switch|p2b: Tyranitar|Tyranitar, L50, M|100/100\n|-weather|Sandstorm|[from] ability: Sand Stream|[of] p2b: Tyranitar\n|turn|4\n|\n|t:|1776302564\n|detailschange|p2b: Tyranitar|Tyranitar-Mega, L50, M\n|-mega|p2b: Tyranitar|Tyranitar|Tyranitarite\n|move|p1b: Primarina|Hyper Voice|p2a: Milotic|[spread] p2a,p2b\n|-resisted|p2a: Milotic|1\n|-supereffective|p2b: Tyranitar|1\n|-damage|p2a: Milotic|44/100\n|-damage|p2b: Tyranitar|68/100\n|move|p2b: Tyranitar|Rock Slide|p1b: Primarina|[spread] p1a,p1b\n|-damage|p1a: Gardevoir|52/100\n|-damage|p1b: Primarina|54/100\n|move|p2a: Milotic|Scald|p1a: Gardevoir\n|-damage|p1a: Gardevoir|28/100\n|cant|p1a: Gardevoir|flinch\n|\n|-weather|Sandstorm|[upkeep]\n|-damage|p1b: Primarina|48/100|[from] Sandstorm\n|-damage|p2a: Milotic|38/100|[from] Sandstorm\n|-damage|p1a: Gardevoir|22/100|[from] Sandstorm\n|-heal|p1b: Primarina|54/100|[from] item: Leftovers\n|-heal|p2a: Milotic|44/100|[from] item: Leftovers\n|upkeep\n|turn|5\n|\n|t:|1776302585\n|move|p1a: Gardevoir|Protect|p1a: Gardevoir\n|-singleturn|p1a: Gardevoir|Protect\n|move|p1b: Primarina|Hyper Voice|p2a: Milotic|[spread] p2a,p2b\n|-resisted|p2a: Milotic|1\n|-supereffective|p2b: Tyranitar|1\n|-crit|p2b: Tyranitar\n|-damage|p2a: Milotic|32/100\n|-damage|p2b: Tyranitar|15/100\n|move|p2b: Tyranitar|Rock Slide|p1b: Primarina|[spread] p1b\n|-activate|p1a: Gardevoir|move: Protect\n|-damage|p1b: Primarina|14/100\n|move|p2a: Milotic|Scald|p1b: Primarina\n|-resisted|p1b: Primarina|1\n|-damage|p1b: Primarina|2/100\n|-status|p1b: Primarina|brn\n|\n|-weather|Sandstorm|[upkeep]\n|-damage|p1b: Primarina|0 fnt|[from] Sandstorm\n|-damage|p2a: Milotic|26/100|[from] Sandstorm\n|-damage|p1a: Gardevoir|16/100|[from] Sandstorm\n|faint|p1b: Primarina\n|-heal|p2a: Milotic|32/100|[from] item: Leftovers\n|-fieldend|move: Trick Room\n|upkeep\n|\n|t:|1776302603\n|switch|p1b: Sneasler|Sneasler, L50, M|59/100\n|turn|6\n|\n|t:|1776302617\n|move|p2b: Tyranitar|Protect|p2b: Tyranitar\n|-singleturn|p2b: Tyranitar|Protect\n|move|p1b: Sneasler|Dire Claw|p2a: Milotic\n|-end|p2a: Milotic|Substitute\n|move|p1a: Gardevoir|Hyper Voice|p2a: Milotic|[spread] p2a\n|-activate|p2b: Tyranitar|move: Protect\n|-damage|p2a: Milotic|0 fnt\n|faint|p2a: Milotic\n|\n|-weather|Sandstorm|[upkeep]\n|-damage|p1b: Sneasler|53/100|[from] Sandstorm\n|-damage|p1a: Gardevoir|11/100|[from] Sandstorm\n|upkeep\n|j| stochastic hero\n|\n|t:|1776302627\n|switch|p2a: Wyrdeer|Wyrdeer, L50, M|100/100\n|-ability|p2a: Wyrdeer|Intimidate|boost\n|-unboost|p1a: Gardevoir|atk|1\n|-unboost|p1b: Sneasler|atk|1\n|turn|7\n|\n|t:|1776302638\n|move|p1b: Sneasler|Dire Claw|p2a: Wyrdeer\n|-damage|p2a: Wyrdeer|67/100\n|move|p1a: Gardevoir|Hyper Voice|p2a: Wyrdeer|[spread] p2a,p2b\n|-supereffective|p2b: Tyranitar|1\n|-damage|p2a: Wyrdeer|11/100\n|-damage|p2b: Tyranitar|0 fnt\n|-enditem|p2a: Wyrdeer|Sitrus Berry|[eat]\n|-heal|p2a: Wyrdeer|36/100|[from] item: Sitrus Berry\n|faint|p2b: Tyranitar\n|move|p2a: Wyrdeer|Thunderbolt|p1a: Gardevoir\n|-damage|p1a: Gardevoir|0 fnt\n|faint|p1a: Gardevoir\n|\n|-weather|Sandstorm|[upkeep]\n|-damage|p1b: Sneasler|48/100|[from] Sandstorm\n|-damage|p2a: Wyrdeer|30/100|[from] Sandstorm\n|upkeep\n|\n|t:|1776302647\n|switch|p1a: Kingambit|Kingambit, L50, F|100/100\n|turn|8\n|\n|t:|1776302652\n|move|p1a: Kingambit|Sucker Punch|p2a: Wyrdeer\n|-supereffective|p2a: Wyrdeer|1\n|-damage|p2a: Wyrdeer|0 fnt\n|faint|p2a: Wyrdeer\n|\n|win|Chloe\n||Chloe is ready for game 2.\n",
  "uploadtime": 1776302655,
  "views": 16,
  "formatid": "gen9championsvgc2026regma",
  "rating": null,
  "private": 0,
  "password": null
}