{
  "id": "gen9championsvgc2026regma-2584748350",
  "format": "[Gen 9 Champions] VGC 2026 Reg M-A",
  "players": [
    "datguyjimmeh",
    "AppleWalrus1"
  ],
  "log": "|j|\u2606datguyjimmeh\n|j|\u2606AppleWalrus1\n|t:|1776280884\n|gametype|doubles\n|player|p1|datguyjimmeh|1|1203\n|player|p2|AppleWalrus1|caitlin|1276\n|gen|9\n|tier|[Gen 9 Champions] VGC 2026 Reg M-A\n|rated|\n|rule|Species Clause: Limit one of each Pok\u00e9mon\n|rule|Item Clause: Limit 1 of each item\n|clearpoke\n|poke|p1|Charizard, L50, F|\n|poke|p1|Milotic, L50, M|\n|poke|p1|Tinkaton, L50, F|\n|poke|p1|Sinistcha, L50|\n|poke|p1|Conkeldurr, L50, F|\n|poke|p1|Froslass, L50, F|\n|poke|p2|Incineroar, L50, F|\n|poke|p2|Gardevoir, L50, F|\n|poke|p2|Milotic, L50, F|\n|poke|p2|Aegislash, L50, M|\n|poke|p2|Garchomp, L50, M|\n|poke|p2|Talonflame, L50, F|\n|teampreview|4\n|inactive|Battle timer is ON: inactive players will automatically lose when time's up. (requested by AppleWalrus1)\n|\n|t:|1776280903\n|teamsize|p1|4\n|teamsize|p2|4\n|start\n|switch|p1a: Charizard|Charizard, L50, F|100/100\n|switch|p1b: Milotic|Milotic, L50, M|100/100\n|switch|p2a: Garchomp|Garchomp, L50, M|100/100\n|switch|p2b: Talonflame|Talonflame, L50, F|100/100\n|turn|1\n|\n|t:|1776280926\n|move|p1a: Charizard|Protect|p1a: Charizard\n|-singleturn|p1a: Charizard|Protect\n|move|p2b: Talonflame|Tailwind|p2b: Talonflame\n|-sidestart|p2: AppleWalrus1|move: Tailwind\n|move|p2a: Garchomp|Rock Slide|p1a: Charizard|[spread] p1b\n|-activate|p1a: Charizard|move: Protect\n|-damage|p1b: Milotic|81/100\n|move|p1b: Milotic|Icy Wind|p2a: Garchomp|[spread] p2b\n|-miss|p1b: Milotic|p2a: Garchomp\n|-damage|p2b: Talonflame|86/100\n|-unboost|p2b: Talonflame|spe|1\n|\n|-heal|p1b: Milotic|87/100|[from] item: Leftovers\n|upkeep\n|turn|2\n|\n|t:|1776280946\n|detailschange|p1a: Charizard|Charizard-Mega-X, L50, F\n|-mega|p1a: Charizard|Charizard|Charizardite X\n|move|p2a: Garchomp|Earthquake|p1b: Milotic|[spread] p1a,p1b\n|-immune|p2b: Talonflame\n|-supereffective|p1a: Charizard|1\n|-damage|p1a: Charizard|30/100\n|-damage|p1b: Milotic|51/100\n|move|p2b: Talonflame|Brave Bird|p1a: Charizard\n|-damage|p1a: Charizard|0 fnt\n|faint|p1a: Charizard\n|-damage|p2b: Talonflame|77/100|[from] Recoil\n|move|p1b: Milotic|Icy Wind|p2b: Talonflame|[spread] p2a,p2b\n|-supereffective|p2a: Garchomp|2\n|-damage|p2a: Garchomp|55/100\n|-damage|p2b: Talonflame|62/100\n|-unboost|p2a: Garchomp|spe|1\n|-unboost|p2b: Talonflame|spe|1\n|\n|-heal|p1b: Milotic|57/100|[from] item: Leftovers\n|upkeep\n|\n|t:|1776280956\n|switch|p1a: Sinistcha|Sinistcha, L50|100/100\n|-heal|p1b: Milotic|82/100|[from] ability: Hospitality|[of] p1a: Sinistcha\n|turn|3\n|\n|t:|1776280972\n|move|p1a: Sinistcha|Protect|p1a: Sinistcha\n|-singleturn|p1a: Sinistcha|Protect\n|move|p2a: Garchomp|Earthquake|p1a: Sinistcha|[spread] p1b\n|-activate|p1a: Sinistcha|move: Protect\n|-immune|p2b: Talonflame\n|-damage|p1b: Milotic|46/100\n|move|p2b: Talonflame|Brave Bird|p1a: Sinistcha\n|-activate|p1a: Sinistcha|move: Protect\n|move|p1b: Milotic|Scald|p2b: Talonflame\n|-supereffective|p2b: Talonflame|1\n|-damage|p2b: Talonflame|0 fnt\n|faint|p2b: Talonflame\n|\n|-heal|p1b: Milotic|52/100|[from] item: Leftovers\n|upkeep\n|\n|t:|1776280977\n|switch|p2b: Gardevoir|Gardevoir, L50, F|100/100\n|turn|4\n|inactive|AppleWalrus1 has 30 seconds left.\n|inactive|AppleWalrus1 has 20 seconds left.\n|\n|t:|1776281016\n|switch|p1a: Tinkaton|Tinkaton, L50, F|100/100\n|detailschange|p2b: Gardevoir|Gardevoir-Mega, L50, F\n|-mega|p2b: Gardevoir|Gardevoir|Gardevoirite\n|move|p1b: Milotic|Protect|p1b: Milotic\n|-singleturn|p1b: Milotic|Protect\n|move|p2b: Gardevoir|Hyper Voice|p1b: Milotic|[spread] p1a\n|-activate|p1b: Milotic|move: Protect\n|-resisted|p1a: Tinkaton|1\n|-damage|p1a: Tinkaton|77/100\n|move|p2a: Garchomp|Dragon Claw|p1b: Milotic\n|-activate|p1b: Milotic|move: Protect\n|\n|-heal|p1b: Milotic|58/100|[from] item: Leftovers\n|-sideend|p2: AppleWalrus1|move: Tailwind\n|upkeep\n|turn|5\n|\n|t:|1776281042\n|switch|p2b: Aegislash|Aegislash, L50, M|100/100\n|move|p2a: Garchomp|Protect|p2a: Garchomp\n|-singleturn|p2a: Garchomp|Protect\n|move|p1a: Tinkaton|Encore|p2a: Garchomp\n|-activate|p2a: Garchomp|move: Protect\n|move|p1b: Milotic|Life Dew|p1b: Milotic|[spread] p1a,p1b\n|-heal|p1a: Tinkaton|100/100\n|-heal|p1b: Milotic|83/100\n|\n|-heal|p1b: Milotic|90/100|[from] item: Leftovers\n|upkeep\n|turn|6\n|inactive|AppleWalrus1 has 30 seconds left.\n|\n|t:|1776281073\n|switch|p2a: Gardevoir|Gardevoir-Mega, L50, F|100/100\n|move|p1a: Tinkaton|Play Rough|p2a: Gardevoir\n|-damage|p2a: Gardevoir|60/100\n|move|p1b: Milotic|Scald|p2b: Aegislash\n|-damage|p2b: Aegislash|75/100\n|-status|p2b: Aegislash|brn\n|-formechange|p2b: Aegislash|Aegislash-Blade|\n|move|p2b: Aegislash|Poltergeist|p1a: Tinkaton\n|-activate|p1a: Tinkaton|move: Poltergeist|Metal Coat\n|-damage|p1a: Tinkaton|69/100\n|\n|-heal|p1b: Milotic|96/100|[from] item: Leftovers\n|-heal|p2b: Aegislash|81/100 brn|[from] item: Leftovers\n|-damage|p2b: Aegislash|75/100 brn|[from] brn\n|upkeep\n|turn|7\n|\n|t:|1776281095\n|switch|p2b: Garchomp|Garchomp, L50, M|55/100\n|move|p2a: Gardevoir|Protect|p2a: Gardevoir\n|-singleturn|p2a: Gardevoir|Protect\n|move|p1a: Tinkaton|Play Rough|p2a: Gardevoir\n|-activate|p2a: Gardevoir|move: Protect\n|move|p1b: Milotic|Icy Wind|p2a: Gardevoir|[spread] p2b\n|-activate|p2a: Gardevoir|move: Protect\n|-supereffective|p2b: Garchomp|2\n|-damage|p2b: Garchomp|5/100\n|-unboost|p2b: Garchomp|spe|1\n|\n|-heal|p1b: Milotic|100/100|[from] item: Leftovers\n|upkeep\n|turn|8\n|inactive|AppleWalrus1 has 30 seconds left.\n|\n|t:|1776281132\n|move|p1a: Tinkaton|Play Rough|p2b: Garchomp\n|-supereffective|p2b: Garchomp|1\n|-damage|p2b: Garchomp|0 fnt\n|-damage|p1a: Tinkaton|57/100|[from] ability: Rough Skin|[of] p2b: Garchomp\n|faint|p2b: Garchomp\n|move|p1b: Milotic|Life Dew||[still]|[spread] p1a,p1b\n|-heal|p1a: Tinkaton|82/100\n|-fail|p1b: Milotic|heal\n|move|p2a: Gardevoir|Trick Room|p2a: Gardevoir\n|-fieldstart|move: Trick Room|[of] p2a: Gardevoir\n|\n|upkeep\n|\n|t:|1776281140\n|switch|p2b: Aegislash|Aegislash, L50, M|75/100 brn\n|turn|9\n|inactive|AppleWalrus1 has 30 seconds left.\n|inactive|AppleWalrus1 has 20 seconds left.\n|\n|t:|1776281178\n|move|p2a: Gardevoir|Protect|p2a: Gardevoir\n|-singleturn|p2a: Gardevoir|Protect\n|-formechange|p2b: Aegislash|Aegislash-Blade|\n|move|p2b: Aegislash|Poltergeist|p1b: Milotic\n|-activate|p1b: Milotic|move: Poltergeist|Leftovers\n|-damage|p1b: Milotic|70/100\n|move|p1b: Milotic|Life Dew|p1b: Milotic|[spread] p1a,p1b\n|-heal|p1a: Tinkaton|100/100\n|-heal|p1b: Milotic|95/100\n|move|p1a: Tinkaton|Gigaton Hammer|p2a: Gardevoir\n|-activate|p2a: Gardevoir|move: Protect\n|\n|-heal|p2b: Aegislash|81/100 brn|[from] item: Leftovers\n|-heal|p1b: Milotic|100/100|[from] item: Leftovers\n|-damage|p2b: Aegislash|75/100 brn|[from] brn\n|upkeep\n|turn|10\n|\n|t:|1776281197\n|move|p2b: Aegislash|Poltergeist|p1b: Milotic|[miss]\n|-miss|p2b: Aegislash|p1b: Milotic\n|move|p1b: Milotic|Scald|p2b: Aegislash\n|-damage|p2b: Aegislash|20/100 brn\n|move|p2a: Gardevoir|Psyshock|p1b: Milotic\n|-damage|p1b: Milotic|56/100\n|move|p1a: Tinkaton|Encore|p2a: Gardevoir\n|-start|p2a: Gardevoir|Encore\n|\n|-heal|p2b: Aegislash|26/100 brn|[from] item: Leftovers\n|-heal|p1b: Milotic|62/100|[from] item: Leftovers\n|-damage|p2b: Aegislash|20/100 brn|[from] brn\n|upkeep\n|turn|11\n|c|\u2606datguyjimmeh|gg\n|\n|t:|1776281222\n|move|p1b: Milotic|Protect|p1b: Milotic\n|-singleturn|p1b: Milotic|Protect\n|move|p2b: Aegislash|Poltergeist|p1a: Tinkaton\n|-activate|p1a: Tinkaton|move: Poltergeist|Metal Coat\n|-damage|p1a: Tinkaton|65/100\n|move|p2a: Gardevoir|Psyshock|p1a: Tinkaton\n|-resisted|p1a: Tinkaton|1\n|-damage|p1a: Tinkaton|40/100\n|move|p1a: Tinkaton|Gigaton Hammer|p2a: Gardevoir\n|-supereffective|p2a: Gardevoir|1\n|-crit|p2a: Gardevoir\n|-damage|p2a: Gardevoir|0 fnt\n|faint|p2a: Gardevoir\n|\n|-heal|p2b: Aegislash|26/100 brn|[from] item: Leftovers\n|-heal|p1b: Milotic|69/100|[from] item: Leftovers\n|-damage|p2b: Aegislash|20/100 brn|[from] brn\n|upkeep\n|turn|12\n|-message|AppleWalrus1 forfeited.\n|\n|win|datguyjimmeh\n|raw|datguyjimmeh's rating: 1203 &rarr; <strong>1233</strong><br />(+30 for winning)\n|raw|AppleWalrus1's rating: 1276 &rarr; <strong>1246</strong><br />(-30 for losing)\n|l|\u2606AppleWalrus1\n|player|p2|\n",
  "uploadtime": 1776281255,
  "views": 26,
  "formatid": "gen9championsvgc2026regma",
  "rating": 1233,
  "private": 0,
  "password": null
}