{
  "id": "gen9championsvgc2026regma-2587673406",
  "format": "[Gen 9 Champions] VGC 2026 Reg M-A",
  "players": [
    "banjin",
    "TheRealZaxon"
  ],
  "log": "|j|\u2606banjin\n|j|\u2606TheRealZaxon\n|t:|1776552567\n|gametype|doubles\n|player|p1|banjin|beauty-gen6xy|1162\n|player|p2|TheRealZaxon|red|1108\n|gen|9\n|tier|[Gen 9 Champions] VGC 2026 Reg M-A\n|rated|\n|rule|Species Clause: Limit one of each Pok\u00e9mon\n|rule|Item Clause: Limit 1 of each item\n|clearpoke\n|poke|p1|Torkoal, L50, M|\n|poke|p1|Oranguru, L50, F|\n|poke|p1|Slowbro-Galar, L50, M|\n|poke|p1|Kangaskhan, L50, F|\n|poke|p1|Golurk, L50|\n|poke|p1|Clefable, L50, F|\n|poke|p2|Delphox, L50, M, shiny|\n|poke|p2|Hydreigon, L50, M, shiny|\n|poke|p2|Aegislash, L50, M, shiny|\n|poke|p2|Basculegion, L50, M, shiny|\n|poke|p2|Sneasler, L50, M, shiny|\n|poke|p2|Whimsicott, L50, M, shiny|\n|teampreview|4\n|inactive|Battle timer is ON: inactive players will automatically lose when time's up. (requested by banjin)\n|inactive|TheRealZaxon has 60 seconds left.\n|\n|t:|1776552602\n|teamsize|p1|4\n|teamsize|p2|4\n|start\n|switch|p1a: Strega Nona|Oranguru, L50, F|100/100\n|switch|p1b: Tasha|Clefable, L50, F|100/100\n|switch|p2a: Hydreigon|Hydreigon, L50, M, shiny|100/100\n|switch|p2b: Sneasler|Sneasler, L50, M, shiny|100/100\n|turn|1\n|\n|t:|1776552616\n|move|p1a: Strega Nona|Protect|p1a: Strega Nona\n|-singleturn|p1a: Strega Nona|Protect\n|move|p2b: Sneasler|Fake Out|p1a: Strega Nona\n|-activate|p1a: Strega Nona|move: Protect\n|move|p2a: Hydreigon|Focus Energy|p2a: Hydreigon\n|-start|p2a: Hydreigon|move: Focus Energy\n|move|p1b: Tasha|Moonblast|p2a: Hydreigon\n|-supereffective|p2a: Hydreigon|2\n|-damage|p2a: Hydreigon|0 fnt\n|faint|p2a: Hydreigon\n|\n|upkeep\n|\n|t:|1776552638\n|switch|p2a: Whimsicott|Whimsicott, L50, M, shiny|100/100\n|turn|2\n|\n|t:|1776552644\n|move|p1b: Tasha|Follow Me|p1b: Tasha\n|-singleturn|p1b: Tasha|move: Follow Me\n|move|p2a: Whimsicott|Encore|p1b: Tasha\n|-start|p1b: Tasha|Encore\n|move|p2b: Sneasler|Dire Claw|p1b: Tasha\n|-supereffective|p1b: Tasha|1\n|-damage|p1b: Tasha|16/100\n|move|p1a: Strega Nona|Trick Room|p1a: Strega Nona\n|-fieldstart|move: Trick Room|[of] p1a: Strega Nona\n|\n|upkeep\n|turn|3\n|\n|t:|1776552664\n|move|p2a: Whimsicott|Protect|p2a: Whimsicott\n|-singleturn|p2a: Whimsicott|Protect\n|move|p1b: Tasha|Follow Me|p1b: Tasha\n|-singleturn|p1b: Tasha|move: Follow Me\n|move|p1a: Strega Nona|Psychic|p2b: Sneasler\n|-supereffective|p2b: Sneasler|2\n|-damage|p2b: Sneasler|0 fnt\n|faint|p2b: Sneasler\n|\n|upkeep\n|\n|t:|1776552671\n|switch|p2b: Delphox|Delphox, L50, M, shiny|100/100\n|turn|4\n|\n|t:|1776552685\n|switch|p1b: LavaPie|Torkoal, L50, M|100/100\n|-weather|SunnyDay|[from] ability: Drought|[of] p1b: LavaPie\n|detailschange|p2b: Delphox|Delphox-Mega, L50, M, shiny\n|-mega|p2b: Delphox|Delphox|Delphoxite\n|move|p1a: Strega Nona|Protect|p1a: Strega Nona\n|-singleturn|p1a: Strega Nona|Protect\n|move|p2a: Whimsicott|Moonblast|p1b: LavaPie\n|-resisted|p1b: LavaPie|1\n|-damage|p1b: LavaPie|75/100\n|move|p2b: Delphox|Heat Wave|p1b: LavaPie|[spread] p1b\n|-activate|p1a: Strega Nona|move: Protect\n|-resisted|p1b: LavaPie|1\n|-damage|p1b: LavaPie|29/100\n|\n|-weather|SunnyDay|[upkeep]\n|upkeep\n|turn|5\n|\n|t:|1776552703\n|move|p2a: Whimsicott|Encore|p1a: Strega Nona\n|-start|p1a: Strega Nona|Encore\n|-enditem|p1a: Strega Nona|Mental Herb\n|-end|p1a: Strega Nona|Encore\n|move|p1b: LavaPie|Heat Wave|p2b: Delphox|[spread] p2a,p2b\n|-supereffective|p2a: Whimsicott|1\n|-resisted|p2b: Delphox|1\n|-enditem|p2a: Whimsicott|Focus Sash\n|-damage|p2a: Whimsicott|1/100\n|-damage|p2b: Delphox|79/100\n|-heal|p1b: LavaPie|41/100|[from] item: Shell Bell|[of] p2b: Delphox\n|move|p1a: Strega Nona|Instruct|p1b: LavaPie\n|-singleturn|p1b: LavaPie|move: Instruct|[of] p1a: Strega Nona\n|move|p1b: LavaPie|Heat Wave|p2b: Delphox|[spread] p2b\n|-miss|p1b: LavaPie|p2a: Whimsicott\n|-resisted|p2b: Delphox|1\n|-damage|p2b: Delphox|56/100\n|-heal|p1b: LavaPie|43/100|[from] item: Shell Bell|[of] p2b: Delphox\n|move|p2b: Delphox|Heat Wave|p1a: Strega Nona|[spread] p1a,p1b\n|-resisted|p1b: LavaPie|1\n|-damage|p1a: Strega Nona|50/100\n|-damage|p1b: LavaPie|4/100\n|\n|-weather|SunnyDay|[upkeep]\n|upkeep\n|turn|6\n|\n|t:|1776552721\n|switch|p1a: Tasha|Clefable, L50, F|16/100\n|move|p2a: Whimsicott|Protect|p2a: Whimsicott\n|-singleturn|p2a: Whimsicott|Protect\n|move|p1b: LavaPie|Heat Wave|p2a: Whimsicott|[spread] p2b\n|-activate|p2a: Whimsicott|move: Protect\n|-resisted|p2b: Delphox|1\n|-damage|p2b: Delphox|35/100\n|-heal|p1b: LavaPie|7/100|[from] item: Shell Bell|[of] p2b: Delphox\n|move|p2b: Delphox|Heat Wave|p1a: Tasha|[spread] p1a,p1b\n|-resisted|p1b: LavaPie|1\n|-damage|p1a: Tasha|0 fnt\n|-damage|p1b: LavaPie|0 fnt\n|faint|p1a: Tasha\n|faint|p1b: LavaPie\n|\n|-weather|SunnyDay|[upkeep]\n|-fieldend|move: Trick Room\n|upkeep\n|\n|t:|1776552738\n|switch|p1a: Strega Nona|Oranguru, L50, F|50/100\n|switch|p1b: Moloch|Golurk, L50|100/100\n|turn|7\n|inactive|banjin has 30 seconds left.\n|\n|t:|1776552767\n|move|p1b: Moloch|Protect|p1b: Moloch\n|-singleturn|p1b: Moloch|Protect\n|move|p2b: Delphox|Heat Wave|p1b: Moloch|[spread] p1a\n|-activate|p1b: Moloch|move: Protect\n|-damage|p1a: Strega Nona|1/100\n|move|p2a: Whimsicott|Moonblast|p1b: Moloch\n|-activate|p1b: Moloch|move: Protect\n|move|p1a: Strega Nona|Trick Room|p1a: Strega Nona\n|-fieldstart|move: Trick Room|[of] p1a: Strega Nona\n|\n|-weather|SunnyDay|[upkeep]\n|upkeep\n|turn|8\n|\n|t:|1776552782\n|detailschange|p1b: Moloch|Golurk-Mega, L50\n|-mega|p1b: Moloch|Golurk|Golurkite\n|move|p2b: Delphox|Protect|p2b: Delphox\n|-singleturn|p2b: Delphox|Protect\n|move|p2a: Whimsicott|Encore|p1a: Strega Nona\n|-start|p1a: Strega Nona|Encore\n|move|p1b: Moloch|Thunder Punch|p2b: Delphox\n|-ability|p1b: Moloch|Unseen Fist\n|-zbroken|p2b: Delphox\n|-damage|p2b: Delphox|23/100\n|move|p1a: Strega Nona|Trick Room|p1a: Strega Nona\n|-fieldend|move: Trick Room\n|\n|-weather|none\n|upkeep\n|turn|9\n|\n|t:|1776552801\n|move|p2b: Delphox|Heat Wave|p1b: Moloch|[spread] p1a,p1b\n|-damage|p1a: Strega Nona|0 fnt\n|-damage|p1b: Moloch|62/100\n|faint|p1a: Strega Nona\n|move|p2a: Whimsicott|Moonblast|p1b: Moloch\n|-crit|p1b: Moloch\n|-damage|p1b: Moloch|15/100\n|-unboost|p1b: Moloch|spa|1\n|move|p1b: Moloch|Thunder Punch|p2b: Delphox\n|-damage|p2b: Delphox|0 fnt\n|faint|p2b: Delphox\n|\n|upkeep\n|turn|10\n|\n|t:|1776552811\n|move|p2a: Whimsicott|Moonblast|p1b: Moloch\n|-damage|p1b: Moloch|0 fnt\n|faint|p1b: Moloch\n|\n|win|TheRealZaxon\n|raw|banjin's rating: 1162 &rarr; <strong>1133</strong><br />(-29 for losing)\n|raw|TheRealZaxon's rating: 1108 &rarr; <strong>1137</strong><br />(+29 for winning)\n|l|\u2606banjin\n|player|p1|\n",
  "uploadtime": 1776552818,
  "views": 35,
  "formatid": "gen9championsvgc2026regma",
  "rating": 1133,
  "private": 0,
  "password": null
}