{
  "id": "gen9championsvgc2026regma-2586815129",
  "format": "[Gen 9 Champions] VGC 2026 Reg M-A",
  "players": [
    "Mitongue",
    "silveryo321"
  ],
  "log": "|j|\u2606Mitongue\n|j|\u2606silveryo321\n|t:|1776462164\n|gametype|doubles\n|player|p1|Mitongue|yellow|1221\n|player|p2|silveryo321|ethan|1320\n|gen|9\n|tier|[Gen 9 Champions] VGC 2026 Reg M-A\n|rated|\n|rule|Species Clause: Limit one of each Pok\u00e9mon\n|rule|Item Clause: Limit 1 of each item\n|clearpoke\n|poke|p1|Milotic, L50, F|\n|poke|p1|Sableye, L50, M|\n|poke|p1|Froslass, L50, F|\n|poke|p1|Machamp, L50, M|\n|poke|p1|Skarmory, L50, F|\n|poke|p1|Volcarona, L50, F|\n|poke|p2|Zoroark-Hisui, L50, M|\n|poke|p2|Whimsicott, L50, F|\n|poke|p2|Incineroar, L50, F|\n|poke|p2|Gardevoir, L50, M|\n|poke|p2|Farigiraf, L50, F|\n|poke|p2|Kingambit, L50, M|\n|teampreview|4\n|inactive|Battle timer is ON: inactive players will automatically lose when time's up. (requested by Mitongue)\nMitongue rejected open team sheets.\n|inactive|silveryo321 has 60 seconds left.\n|\n|t:|1776462219\n|teamsize|p1|4\n|teamsize|p2|4\n|start\n|switch|p1a: Milotic|Milotic, L50, F, shiny|100/100\n|switch|p1b: Sableye|Sableye, L50, M, shiny|100/100\n|switch|p2a: Incineroar|Incineroar, L50, F|100/100\n|switch|p2b: Gardevoir|Gardevoir, L50, M, shiny|100/100\n|-ability|p2a: Incineroar|Intimidate|boost\n|-unboost|p1a: Milotic|atk|1\n|-ability|p1a: Milotic|Competitive|boost\n|-boost|p1a: Milotic|spa|2\n|-unboost|p1b: Sableye|atk|1\n|turn|1\n|\n|t:|1776462237\n|detailschange|p2b: Gardevoir|Gardevoir-Mega, L50, M, shiny\n|-mega|p2b: Gardevoir|Gardevoir|Gardevoirite\n|move|p1a: Milotic|Protect|p1a: Milotic\n|-singleturn|p1a: Milotic|Protect\n|move|p2a: Incineroar|Fake Out|p1a: Milotic\n|-activate|p1a: Milotic|move: Protect\n|move|p1b: Sableye|Gravity|p1b: Sableye\n|-fieldstart|move: Gravity\n|move|p2b: Gardevoir|Hyper Voice|p1b: Sableye|[spread] p1b\n|-activate|p1a: Milotic|move: Protect\n|-supereffective|p1b: Sableye|1\n|-enditem|p1b: Sableye|Roseli Berry|[eat]\n|-enditem|p1b: Sableye|Roseli Berry|[weaken]\n|-damage|p1b: Sableye|47/100\n|\n|upkeep\n|turn|2\n|\n|t:|1776462259\n|switch|p2a: Whimsicott|Whimsicott, L50, F|100/100\n|move|p1b: Sableye|Quash|p2b: Gardevoir\n|-activate|p2b: Gardevoir|move: Quash\n|move|p1a: Milotic|Hydro Pump|p2a: Whimsicott\n|-resisted|p2a: Whimsicott|1\n|-crit|p2a: Whimsicott\n|-damage|p2a: Whimsicott|0 fnt\n|faint|p2a: Whimsicott\n|move|p2b: Gardevoir|Hyper Voice|p1a: Milotic|[spread] p1a,p1b\n|-supereffective|p1b: Sableye|1\n|-damage|p1a: Milotic|63/100\n|-damage|p1b: Sableye|0 fnt\n|faint|p1b: Sableye\n|\n|-heal|p1a: Milotic|69/100|[from] item: Leftovers\n|upkeep\n|\n|t:|1776462276\n|switch|p2a: Kingambit|Kingambit, L50, M|100/100\n|switch|p1b: Volcarona|Volcarona, L50, F|100/100\n|turn|3\n|\n|t:|1776462288\n|move|p1a: Milotic|Protect|p1a: Milotic\n|-singleturn|p1a: Milotic|Protect\n|move|p2a: Kingambit|Sucker Punch||[still]\n|-fail|p2a: Kingambit\n|move|p2b: Gardevoir|Psyshock|p1b: Volcarona\n|-damage|p1b: Volcarona|50/100\n|-enditem|p1b: Volcarona|Sitrus Berry|[eat]\n|-heal|p1b: Volcarona|75/100|[from] item: Sitrus Berry\n|move|p1b: Volcarona|Will-O-Wisp|p2a: Kingambit\n|-status|p2a: Kingambit|brn\n|-enditem|p2a: Kingambit|Lum Berry|[eat]\n|-curestatus|p2a: Kingambit|brn|[msg]\n|\n|-heal|p1a: Milotic|75/100|[from] item: Leftovers\n|upkeep\n|turn|4\n|\n|t:|1776462310\n|switch|p2a: Incineroar|Incineroar, L50, F|100/100\n|-ability|p2a: Incineroar|Intimidate|boost\n|-unboost|p1a: Milotic|atk|1\n|-ability|p1a: Milotic|Competitive|boost\n|-boost|p1a: Milotic|spa|2\n|-unboost|p1b: Volcarona|atk|1\n|move|p1b: Volcarona|Rage Powder|p1b: Volcarona\n|-singleturn|p1b: Volcarona|move: Rage Powder\n|move|p2b: Gardevoir|Psyshock|p1b: Volcarona\n|-damage|p1b: Volcarona|28/100\n|move|p1a: Milotic|Hydro Pump|p2a: Incineroar\n|-supereffective|p2a: Incineroar|1\n|-damage|p2a: Incineroar|0 fnt\n|faint|p2a: Incineroar\n|\n|-heal|p1a: Milotic|81/100|[from] item: Leftovers\n|upkeep\n|\n|t:|1776462322\n|switch|p2a: Kingambit|Kingambit, L50, M|100/100\n|turn|5\n|\n|t:|1776462332\n|move|p1a: Milotic|Protect|p1a: Milotic\n|-singleturn|p1a: Milotic|Protect\n|move|p2a: Kingambit|Sucker Punch||[still]\n|-fail|p2a: Kingambit\n|move|p2b: Gardevoir|Hyper Voice|p1a: Milotic|[spread] p1b\n|-activate|p1a: Milotic|move: Protect\n|-resisted|p1b: Volcarona|1\n|-damage|p1b: Volcarona|2/100\n|move|p1b: Volcarona|Will-O-Wisp|p2a: Kingambit\n|-status|p2a: Kingambit|brn\n|\n|-heal|p1a: Milotic|87/100|[from] item: Leftovers\n|-damage|p2a: Kingambit|94/100 brn|[from] brn\n|-fieldend|move: Gravity\n|upkeep\n|turn|6\n|-message|silveryo321 forfeited.\n|\n|win|Mitongue\n|raw|Mitongue's rating: 1221 &rarr; <strong>1253</strong><br />(+32 for winning)\n|raw|silveryo321's rating: 1320 &rarr; <strong>1294</strong><br />(-26 for losing)\n|l|\u2606silveryo321\n|player|p2|\n",
  "uploadtime": 1776462348,
  "views": 42,
  "formatid": "gen9championsvgc2026regma",
  "rating": 1253,
  "private": 0,
  "password": null
}