{
  "id": "gen9championsvgc2026regma-2587479102",
  "format": "[Gen 9 Champions] VGC 2026 Reg M-A",
  "players": [
    "sheikhswampert",
    "STNKYJ"
  ],
  "log": "|j|\u203dsheikhswampert\n|j|\u2606STNKYJ\n|t:|1776535276\n|gametype|doubles\n|player|p1|sheikhswampert|102|1238\n|player|p2|STNKYJ|pokekid|1212\n|gen|9\n|tier|[Gen 9 Champions] VGC 2026 Reg M-A\n|rated|\n|rule|Species Clause: Limit one of each Pok\u00e9mon\n|rule|Item Clause: Limit 1 of each item\n|clearpoke\n|poke|p1|Milotic, L50, M, shiny|\n|poke|p1|Dragonite, L50, F|\n|poke|p1|Garchomp, L50, M|\n|poke|p1|Kingambit, L50, M|\n|poke|p1|Sneasler, L50, F|\n|poke|p1|Whimsicott, L50, F|\n|poke|p2|Houndoom, L50, M|\n|poke|p2|Torkoal, L50, M|\n|poke|p2|Whimsicott, L50, M|\n|poke|p2|Farigiraf, L50, F|\n|poke|p2|Sinistcha, L50|\n|poke|p2|Drampa, L50, M|\n|teampreview|4\n|inactive|Battle timer is ON: inactive players will automatically lose when time's up. (requested by STNKYJ)\nsheikhswampert rejected open team sheets.\n|\n|t:|1776535321\n|teamsize|p1|4\n|teamsize|p2|4\n|start\n|switch|p1a: Milotic|Milotic, L50, M, shiny|100/100\n|switch|p1b: Dragonite|Dragonite, L50, F|100/100\n|switch|p2a: Houndoom|Houndoom, L50, M|100/100\n|switch|p2b: Whimsicott|Whimsicott, L50, M|100/100\n|turn|1\n|inactive|sheikhswampert has 30 seconds left.\n|\n|t:|1776535354\n|detailschange|p1b: Dragonite|Dragonite-Mega, L50, F\n|-mega|p1b: Dragonite|Dragonite|Dragoninite\n|move|p2a: Houndoom|Protect|p2a: Houndoom\n|-singleturn|p2a: Houndoom|Protect\n|move|p1b: Dragonite|Heat Wave|p2b: Whimsicott|[spread] \n|-activate|p2a: Houndoom|move: Protect\n|-miss|p1b: Dragonite|p2b: Whimsicott\n|move|p2b: Whimsicott|Moonblast|p1b: Dragonite\n|-supereffective|p1b: Dragonite|1\n|-damage|p1b: Dragonite|69/100\n|-unboost|p1b: Dragonite|spa|1\n|move|p1a: Milotic|Scald|p2a: Houndoom\n|-activate|p2a: Houndoom|move: Protect\n|\n|upkeep\n|turn|2\n|inactive|STNKYJ has 30 seconds left.\n|\n|t:|1776535389\n|detailschange|p2a: Houndoom|Houndoom-Mega, L50, M\n|-mega|p2a: Houndoom|Houndoom|Houndoominite\n|move|p1b: Dragonite|Protect|p1b: Dragonite\n|-singleturn|p1b: Dragonite|Protect\n|move|p2a: Houndoom|Dark Pulse|p1a: Milotic\n|-damage|p1a: Milotic|69/100\n|move|p2b: Whimsicott|Moonblast|p1a: Milotic\n|-damage|p1a: Milotic|43/100\n|move|p1a: Milotic|Scald|p2a: Houndoom\n|-supereffective|p2a: Houndoom|1\n|-damage|p2a: Houndoom|14/100\n|\n|-heal|p1a: Milotic|49/100|[from] item: Leftovers\n|upkeep\n|turn|3\n|inactive|sheikhswampert has 30 seconds left.\n|inactive|STNKYJ has 30 seconds left.\n|inactive|STNKYJ has 20 seconds left.\n|\n|t:|1776535427\n|switch|p1b: Sneasler|Sneasler, L50, F|100/100\n|move|p2a: Houndoom|Dark Pulse|p1a: Milotic\n|-damage|p1a: Milotic|17/100\n|move|p2b: Whimsicott|Moonblast|p1b: Sneasler\n|-damage|p1b: Sneasler|51/100\n|-unboost|p1b: Sneasler|spa|1\n|-enditem|p1b: Sneasler|White Herb\n|-clearnegativeboost|p1b: Sneasler|[silent]\n|move|p1a: Milotic|Icy Wind|p2a: Houndoom|[spread] p2a,p2b\n|-resisted|p2a: Houndoom|1\n|-supereffective|p2b: Whimsicott|1\n|-damage|p2a: Houndoom|6/100\n|-damage|p2b: Whimsicott|71/100\n|-unboost|p2a: Houndoom|spe|1\n|-unboost|p2b: Whimsicott|spe|1\n|\n|-heal|p1a: Milotic|23/100|[from] item: Leftovers\n|upkeep\n|turn|4\n|inactive|sheikhswampert has 30 seconds left.\n|inactive|STNKYJ has 30 seconds left.\n|inactive|sheikhswampert has 20 seconds left.\n|inactive|sheikhswampert has 15 seconds left.\n|inactive|sheikhswampert has 10 seconds left.\n|\n|t:|1776535476\n|move|p1b: Sneasler|Dire Claw|p2b: Whimsicott\n|-supereffective|p2b: Whimsicott|2\n|-damage|p2b: Whimsicott|0 fnt\n|faint|p2b: Whimsicott\n|move|p2a: Houndoom|Heat Wave|p1b: Sneasler|[spread] p1a,p1b\n|-resisted|p1a: Milotic|1\n|-damage|p1a: Milotic|10/100\n|-damage|p1b: Sneasler|1/100\n|move|p1a: Milotic|Scald|p2a: Houndoom\n|-supereffective|p2a: Houndoom|1\n|-damage|p2a: Houndoom|0 fnt\n|faint|p2a: Houndoom\n|\n|-heal|p1a: Milotic|16/100|[from] item: Leftovers\n|upkeep\n|\n|t:|1776535486\n|switch|p2a: Drampa|Drampa, L50, M|100/100\n|switch|p2b: Farigiraf|Farigiraf, L50, F|100/100\n|-ability|p2a: Drampa|Cloud Nine\n|turn|5\n|\n|t:|1776535499\n|move|p1b: Sneasler|Close Combat|p2a: Drampa\n|-supereffective|p2a: Drampa|1\n|-damage|p2a: Drampa|0 fnt\n|-unboost|p1b: Sneasler|def|1\n|-unboost|p1b: Sneasler|spd|1\n|faint|p2a: Drampa\n|move|p1a: Milotic|Dragon Pulse|p2b: Farigiraf\n|-damage|p2b: Farigiraf|79/100\n|move|p2b: Farigiraf|Trick Room|p2b: Farigiraf\n|-fieldstart|move: Trick Room|[of] p2b: Farigiraf\n|\n|-heal|p1a: Milotic|22/100|[from] item: Leftovers\n|upkeep\n|turn|6\n|\n|t:|1776535512\n|move|p2b: Farigiraf|Hyper Voice|p1a: Milotic|[spread] p1a,p1b\n|-damage|p1a: Milotic|7/100\n|-damage|p1b: Sneasler|0 fnt\n|faint|p1b: Sneasler\n|move|p1a: Milotic|Scald|p2b: Farigiraf\n|-damage|p2b: Farigiraf|52/100\n|\n|-heal|p1a: Milotic|13/100|[from] item: Leftovers\n|upkeep\n|\n|t:|1776535520\n|switch|p1b: Kingambit|Kingambit, L50, M|100/100\n|turn|7\n|\n|t:|1776535525\n|move|p1b: Kingambit|Kowtow Cleave|p2b: Farigiraf\n|-supereffective|p2b: Farigiraf|1\n|-damage|p2b: Farigiraf|0 fnt\n|faint|p2b: Farigiraf\n|\n|win|sheikhswampert\n|raw|sheikhswampert's rating: 1238 &rarr; <strong>1261</strong><br />(+23 for winning)\n|raw|STNKYJ's rating: 1212 &rarr; <strong>1189</strong><br />(-23 for losing)\n|l|\u2606STNKYJ\n|player|p2|\n",
  "uploadtime": 1776535531,
  "views": 12,
  "formatid": "gen9championsvgc2026regma",
  "rating": 1189,
  "private": 0,
  "password": null
}