{
  "id": "gen9championsvgc2026regma-2582712912",
  "format": "[Gen 9 Champions] VGC 2026 Reg M-A",
  "players": [
    "Ninja_Tim21",
    "deli(again)"
  ],
  "log": "|j|\u2606Ninja_Tim21\n|j|\u2606deli(again)\n|t:|1776109002\n|gametype|doubles\n|player|p1|Ninja_Tim21|169|1012\n|player|p2|deli(again)|170|1086\n|gen|9\n|tier|[Gen 9 Champions] VGC 2026 Reg M-A\n|rated|\n|rule|Species Clause: Limit one of each Pok\u00e9mon\n|rule|Item Clause: Limit 1 of each item\n|clearpoke\n|poke|p1|Incineroar, L50, M|\n|poke|p1|Ninetales-Alola, L50, F|\n|poke|p1|Greninja-*, L50, M|\n|poke|p1|Froslass, L50, F|\n|poke|p1|Slurpuff, L50, F|\n|poke|p1|Slowking-Galar, L50, M|\n|poke|p2|Palafin, L50, M|\n|poke|p2|Incineroar, L50, F|\n|poke|p2|Sinistcha, L50|\n|poke|p2|Manectric, L50, F|\n|poke|p2|Froslass, L50, F|\n|poke|p2|Sneasler, L50, M|\n|teampreview|4\n|\n|t:|1776109018\n|teamsize|p1|4\n|teamsize|p2|4\n|start\n|switch|p1a: Ninetales|Ninetales-Alola, L50, F|100/100\n|switch|p1b: Greninja|Greninja, L50, M, shiny|100/100\n|switch|p2a: Palafin|Palafin, L50, M|100/100\n|switch|p2b: Manectric|Manectric, L50, F, shiny|100/100\n|-weather|Snowscape|[from] ability: Snow Warning|[of] p1a: Ninetales\n|turn|1\n|\n|t:|1776109036\n|detailschange|p2a: Palafin|Palafin-Hero, L50, M\n|switch|p2a: Incineroar|Incineroar, L50, F, shiny|100/100\n|-ability|p2a: Incineroar|Intimidate|boost\n|-unboost|p1a: Ninetales|atk|1\n|-unboost|p1b: Greninja|atk|1\n|detailschange|p1b: Greninja|Greninja-Mega, L50, M, shiny\n|-mega|p1b: Greninja|Greninja|Greninjite\n|detailschange|p2b: Manectric|Manectric-Mega, L50, F, shiny\n|-mega|p2b: Manectric|Manectric|Manectite\n|-ability|p2b: Manectric|Intimidate|boost\n|-unboost|p1a: Ninetales|atk|1\n|-unboost|p1b: Greninja|atk|1\n|move|p1b: Greninja|Blizzard|p2a: Incineroar|[spread] p2a,p2b\n|-start|p1b: Greninja|typechange|Ice|[from] ability: Protean\n|-resisted|p2a: Incineroar|1\n|-damage|p2a: Incineroar|83/100\n|-damage|p2b: Manectric|35/100\n|move|p2b: Manectric|Overheat|p1a: Ninetales|[miss]\n|-miss|p2b: Manectric|p1a: Ninetales\n|move|p1a: Ninetales|Aurora Veil|p1a: Ninetales\n|-sidestart|p1: Ninja_Tim21|move: Aurora Veil\n|\n|-weather|Snowscape|[upkeep]\n|upkeep\n|turn|2\n|c|\u2606deli(again)|thanks manectric\n|\n|t:|1776109063\n|move|p2a: Incineroar|Fake Out|p1b: Greninja\n|-damage|p1b: Greninja|94/100\n|cant|p1b: Greninja|flinch\n|move|p2b: Manectric|Volt Switch|p1b: Greninja\n|-damage|p1b: Greninja|59/100\n|\n|t:|1776109070\n|switch|p2b: Palafin|Palafin-Hero, L50, M|100/100|[from] Volt Switch\n|-activate|p2b: Palafin|ability: Zero to Hero\n|move|p1a: Ninetales|Blizzard|p2a: Incineroar|[spread] p2a,p2b\n|-resisted|p2a: Incineroar|1\n|-resisted|p2b: Palafin|1\n|-damage|p2a: Incineroar|69/100\n|-damage|p2b: Palafin|86/100\n|\n|-weather|Snowscape|[upkeep]\n|upkeep\n|turn|3\n|\n|t:|1776109090\n|switch|p1b: Incineroar|Incineroar, L50, M, shiny|100/100\n|-ability|p1b: Incineroar|Intimidate|boost\n|-unboost|p2a: Incineroar|atk|1\n|-unboost|p2b: Palafin|atk|1\n|move|p2b: Palafin|Protect|p2b: Palafin\n|-singleturn|p2b: Palafin|Protect\n|move|p1a: Ninetales|Dazzling Gleam|p2b: Palafin|[spread] p2a\n|-activate|p2b: Palafin|move: Protect\n|-damage|p2a: Incineroar|48/100\n|-enditem|p2a: Incineroar|Sitrus Berry|[eat]\n|-heal|p2a: Incineroar|73/100|[from] item: Sitrus Berry\n|move|p2a: Incineroar|Parting Shot|p1b: Incineroar\n|-unboost|p1b: Incineroar|atk|1\n|-unboost|p1b: Incineroar|spa|1\n|\n|t:|1776109099\n|switch|p2a: Sneasler|Sneasler, L50, M|100/100|[from] Parting Shot\n|\n|-weather|Snowscape|[upkeep]\n|upkeep\n|turn|4\n|\n|t:|1776109109\n|switch|p2b: Manectric|Manectric-Mega, L50, F, shiny|35/100\n|-ability|p2b: Manectric|Intimidate|boost\n|-unboost|p1a: Ninetales|atk|1\n|-unboost|p1b: Incineroar|atk|1\n|move|p2a: Sneasler|Fake Out|p1a: Ninetales\n|-damage|p1a: Ninetales|89/100\n|move|p1b: Incineroar|Fake Out|p2a: Sneasler\n|-damage|p2a: Sneasler|88/100\n|cant|p1a: Ninetales|flinch\n|\n|-weather|Snowscape|[upkeep]\n|upkeep\n|turn|5\n|\n|t:|1776109129\n|switch|p1b: Froslass|Froslass, L50, F|100/100\n|move|p2b: Manectric|Thunderbolt|p1b: Froslass\n|-damage|p1b: Froslass|48/100\n|-status|p1b: Froslass|par\n|move|p1a: Ninetales|Blizzard|p2b: Manectric|[spread] p2a,p2b\n|-crit|p2b: Manectric\n|-damage|p2a: Sneasler|42/100\n|-damage|p2b: Manectric|0 fnt\n|faint|p2b: Manectric\n|move|p2a: Sneasler|Close Combat|p1b: Froslass\n|-immune|p1b: Froslass\n|\n|-weather|none\n|-heal|p1b: Froslass|54/100 par|[from] item: Leftovers\n|-sideend|p1: Ninja_Tim21|move: Aurora Veil\n|upkeep\n|\n|t:|1776109138\n|switch|p2b: Palafin|Palafin-Hero, L50, M|86/100\n|turn|6\n|\n|t:|1776109150\n|switch|p1a: Incineroar|Incineroar, L50, M, shiny|100/100\n|-ability|p1a: Incineroar|Intimidate|boost\n|-unboost|p2a: Sneasler|atk|1\n|-unboost|p2b: Palafin|atk|1\n|-enditem|p2a: Sneasler|White Herb\n|-clearnegativeboost|p2a: Sneasler|[silent]\n|move|p2b: Palafin|Jet Punch|p1a: Incineroar\n|-supereffective|p1a: Incineroar|1\n|-damage|p1a: Incineroar|23/100\n|move|p2a: Sneasler|Dire Claw|p1a: Incineroar\n|-damage|p1a: Incineroar|0 fnt\n|faint|p1a: Incineroar\n|move|p1b: Froslass|Destiny Bond|p1b: Froslass\n|-singlemove|p1b: Froslass|Destiny Bond\n|\n|-heal|p1b: Froslass|60/100 par|[from] item: Leftovers\n|upkeep\n|\n|t:|1776109161\n|switch|p1a: Ninetales|Ninetales-Alola, L50, F|89/100\n|-weather|Snowscape|[from] ability: Snow Warning|[of] p1a: Ninetales\n|turn|7\n|\n|t:|1776109172\n|move|p2b: Palafin|Jet Punch|p1a: Ninetales\n|-damage|p1a: Ninetales|56/100\n|move|p2a: Sneasler|Dire Claw|p1a: Ninetales\n|-supereffective|p1a: Ninetales|1\n|-damage|p1a: Ninetales|0 fnt\n|faint|p1a: Ninetales\n|move|p1b: Froslass|Thunderbolt|p2b: Palafin\n|-supereffective|p2b: Palafin|1\n|-damage|p2b: Palafin|38/100\n|\n|-weather|Snowscape|[upkeep]\n|-heal|p1b: Froslass|66/100 par|[from] item: Leftovers\n|upkeep\n|\n|t:|1776109179\n|switch|p1a: Greninja|Greninja-Mega, L50, M, shiny|59/100\n|turn|8\n|\n|t:|1776109191\n|move|p2a: Sneasler|Close Combat|p1a: Greninja\n|-supereffective|p1a: Greninja|1\n|-damage|p1a: Greninja|0 fnt\n|-unboost|p2a: Sneasler|def|1\n|-unboost|p2a: Sneasler|spd|1\n|faint|p1a: Greninja\n|move|p2b: Palafin|Wave Crash|p1b: Froslass\n|-damage|p1b: Froslass|3/100 par\n|-damage|p2b: Palafin|23/100|[from] Recoil\n|move|p1b: Froslass|Thunderbolt|p2b: Palafin\n|-supereffective|p2b: Palafin|1\n|-damage|p2b: Palafin|0 fnt\n|faint|p2b: Palafin\n|\n|-weather|Snowscape|[upkeep]\n|-heal|p1b: Froslass|9/100 par|[from] item: Leftovers\n|upkeep\n|\n|t:|1776109195\n|switch|p2b: Incineroar|Incineroar, L50, F, shiny|73/100\n|-ability|p2b: Incineroar|Intimidate|boost\n|-unboost|p1b: Froslass|atk|1\n|turn|9\n|\n|t:|1776109200\n|move|p2a: Sneasler|Dire Claw|p1b: Froslass\n|-resisted|p1b: Froslass|1\n|-damage|p1b: Froslass|0 fnt\n|faint|p1b: Froslass\n|\n|win|deli(again)\n|raw|Ninja_Tim21's rating: 1012 &rarr; <strong>1003</strong><br />(-9 for losing)\n|raw|deli(again)'s rating: 1086 &rarr; <strong>1107</strong><br />(+21 for winning)\n|c|\u2606deli(again)|gg\n|c|\u2606Ninja_Tim21|gg\n",
  "uploadtime": 1776109235,
  "views": 16,
  "formatid": "gen9championsvgc2026regma",
  "rating": 1003,
  "private": 0,
  "password": null
}