{
  "id": "gen9championsvgc2026regma-2580314105",
  "format": "[Gen 9 Champions] VGC 2026 Reg M-A",
  "players": [
    "tf2026",
    "slurpysigma"
  ],
  "log": "|j|\u2606tf2026\n|j|\u2606slurpysigma\n|t:|1775879322\n|gametype|doubles\n|player|p1|tf2026|102|1125\n|player|p2|slurpysigma|2|1109\n|gen|9\n|tier|[Gen 9 Champions] VGC 2026 Reg M-A\n|rated|\n|rule|Species Clause: Limit one of each Pok\u00e9mon\n|rule|Item Clause: Limit 1 of each item\n|clearpoke\n|poke|p1|Froslass, L50, F|\n|poke|p1|Milotic, L50, F|\n|poke|p1|Azumarill, L50, M|\n|poke|p1|Sinistcha-Masterpiece, L50|\n|poke|p1|Sneasler, L50, M|\n|poke|p1|Whimsicott, L50, M|\n|poke|p2|Tyranitar, L50, M|\n|poke|p2|Sneasler, L50, F|\n|poke|p2|Excadrill, L50, M|\n|poke|p2|Primarina, L50, F|\n|poke|p2|Arcanine-Hisui, L50, M|\n|poke|p2|Sinistcha, L50|\n|teampreview|4\n|inactive|Battle timer is ON: inactive players will automatically lose when time's up. (requested by slurpysigma)\n|\n|t:|1775879340\n|teamsize|p1|4\n|teamsize|p2|4\n|start\n|switch|p1a: Froslass|Froslass, L50, F|100/100\n|switch|p1b: Milotic|Milotic, L50, F|100/100\n|switch|p2a: Tyranitar|Tyranitar, L50, M|100/100\n|switch|p2b: Arcanine|Arcanine-Hisui, L50, M|100/100\n|-ability|p2b: Arcanine|Intimidate|boost\n|-unboost|p1a: Froslass|atk|1\n|-unboost|p1b: Milotic|atk|1\n|-ability|p1b: Milotic|Competitive|boost\n|-boost|p1b: Milotic|spa|2\n|-weather|Sandstorm|[from] ability: Sand Stream|[of] p2a: Tyranitar\n|turn|1\n|\n|t:|1775879360\n|move|p1a: Froslass|Protect|p1a: Froslass\n|-singleturn|p1a: Froslass|Protect\n|move|p2a: Tyranitar|Protect|p2a: Tyranitar\n|-singleturn|p2a: Tyranitar|Protect\n|move|p2b: Arcanine|Flare Blitz|p1a: Froslass\n|-activate|p1a: Froslass|move: Protect\n|move|p1b: Milotic|Muddy Water|p2b: Arcanine|[spread] p2b\n|-activate|p2a: Tyranitar|move: Protect\n|-supereffective|p2b: Arcanine|2\n|-damage|p2b: Arcanine|0 fnt\n|faint|p2b: Arcanine\n|\n|-weather|Sandstorm|[upkeep]\n|-damage|p1a: Froslass|94/100|[from] Sandstorm\n|-damage|p1b: Milotic|94/100|[from] Sandstorm\n|-heal|p1b: Milotic|100/100|[from] item: Leftovers\n|upkeep\n|\n|t:|1775879376\n|switch|p2b: Sinistcha|Sinistcha, L50|100/100\n|turn|2\n|inactive|tf2026 has 30 seconds left.\n|inactive|tf2026 has 20 seconds left.\n|inactive|tf2026 has 15 seconds left.\n|\n|t:|1775879421\n|detailschange|p1a: Froslass|Froslass-Mega, L50, F\n|-mega|p1a: Froslass|Froslass|Froslassite\n|-weather|Snowscape|[from] ability: Snow Warning|[of] p1a: Froslass\n|detailschange|p2a: Tyranitar|Tyranitar-Mega, L50, M\n|-mega|p2a: Tyranitar|Tyranitar|Tyranitarite\n|-weather|Sandstorm|[from] ability: Sand Stream|[of] p2a: Tyranitar\n|move|p1a: Froslass|Blizzard|p2b: Sinistcha|[spread] p2a\n|-miss|p1a: Froslass|p2b: Sinistcha\n|-crit|p2a: Tyranitar\n|-damage|p2a: Tyranitar|58/100\n|move|p2a: Tyranitar|Knock Off|p1a: Froslass\n|-supereffective|p1a: Froslass|1\n|-damage|p1a: Froslass|0 fnt\n|faint|p1a: Froslass\n|move|p1b: Milotic|Blizzard|p2a: Tyranitar|[spread] p2b\n|-miss|p1b: Milotic|p2a: Tyranitar\n|-supereffective|p2b: Sinistcha|1\n|-damage|p2b: Sinistcha|0 fnt\n|faint|p2b: Sinistcha\n|\n|-weather|Sandstorm|[upkeep]\n|-damage|p1b: Milotic|94/100|[from] Sandstorm\n|-heal|p1b: Milotic|100/100|[from] item: Leftovers\n|upkeep\n|\n|t:|1775879436\n|switch|p1a: Sneasler|Sneasler, L50, M|100/100\n|switch|p2b: Excadrill|Excadrill, L50, M|100/100\n|turn|3\n|inactive|tf2026 has 30 seconds left.\n|inactive|tf2026 has 20 seconds left.\n|inactive|tf2026 has 15 seconds left.\n|inactive|tf2026 has 10 seconds left.\n|inactive|tf2026 has 5 seconds left.\n|\n|t:|1775879491\n|move|p2b: Excadrill|Protect|p2b: Excadrill\n|-singleturn|p2b: Excadrill|Protect\n|move|p2a: Tyranitar|Protect|p2a: Tyranitar\n|-singleturn|p2a: Tyranitar|Protect\n|move|p1a: Sneasler|Close Combat|p2a: Tyranitar\n|-activate|p2a: Tyranitar|move: Protect\n|move|p1b: Milotic|Muddy Water|p2a: Tyranitar|[spread] \n|-activate|p2a: Tyranitar|move: Protect\n|-activate|p2b: Excadrill|move: Protect\n|\n|-weather|Sandstorm|[upkeep]\n|-damage|p1a: Sneasler|95/100|[from] Sandstorm\n|-damage|p1b: Milotic|94/100|[from] Sandstorm\n|-heal|p1b: Milotic|100/100|[from] item: Leftovers\n|upkeep\n|turn|4\n|j| Luigi Magnezone\n|\n|t:|1775879510\n|move|p2b: Excadrill|High Horsepower|p1a: Sneasler\n|-supereffective|p1a: Sneasler|1\n|-damage|p1a: Sneasler|0 fnt\n|faint|p1a: Sneasler\n|move|p2a: Tyranitar|Knock Off|p1b: Milotic\n|-damage|p1b: Milotic|33/100\n|-enditem|p1b: Milotic|Leftovers|[from] move: Knock Off|[of] p2a: Tyranitar\n|move|p1b: Milotic|Muddy Water|p2b: Excadrill|[spread] p2a\n|-miss|p1b: Milotic|p2b: Excadrill\n|-supereffective|p2a: Tyranitar|1\n|-damage|p2a: Tyranitar|0 fnt\n|faint|p2a: Tyranitar\n|\n|-weather|Sandstorm|[upkeep]\n|-damage|p1b: Milotic|27/100|[from] Sandstorm\n|upkeep\n|l| Luigi Magnezone\n|\n|t:|1775879515\n|switch|p1a: Sinistcha|Sinistcha-Masterpiece, L50|100/100\n|-heal|p1b: Milotic|52/100|[from] ability: Hospitality|[of] p1a: Sinistcha\n|turn|5\n|\n|t:|1775879519\n|move|p1a: Sinistcha|Rage Powder|p1a: Sinistcha\n|-singleturn|p1a: Sinistcha|move: Rage Powder\n|move|p2b: Excadrill|High Horsepower|p1a: Sinistcha\n|-resisted|p1a: Sinistcha|1\n|-damage|p1a: Sinistcha|71/100\n|move|p1b: Milotic|Muddy Water|p2b: Excadrill\n|-supereffective|p2b: Excadrill|1\n|-enditem|p2b: Excadrill|Focus Sash\n|-damage|p2b: Excadrill|1/100\n|\n|-weather|Sandstorm|[upkeep]\n|-damage|p1b: Milotic|46/100|[from] Sandstorm\n|-damage|p1a: Sinistcha|65/100|[from] Sandstorm\n|upkeep\n|turn|6\n|\n|t:|1775879525\n|move|p1a: Sinistcha|Rage Powder|p1a: Sinistcha\n|-singleturn|p1a: Sinistcha|move: Rage Powder\n|move|p2b: Excadrill|Iron Head|p1a: Sinistcha\n|-damage|p1a: Sinistcha|15/100\n|move|p1b: Milotic|Muddy Water|p2b: Excadrill\n|-supereffective|p2b: Excadrill|1\n|-damage|p2b: Excadrill|0 fnt\n|faint|p2b: Excadrill\n|\n|win|tf2026\n|raw|tf2026's rating: 1103 &rarr; <strong>1128</strong><br />(+25 for winning)\n|raw|slurpysigma's rating: 1109 &rarr; <strong>1084</strong><br />(-25 for losing)\n",
  "uploadtime": 1775879526,
  "views": 24,
  "formatid": "gen9championsvgc2026regma",
  "rating": 1084,
  "private": 0,
  "password": null
}