{
  "id": "gen9championsvgc2026regma-2581103535",
  "format": "[Gen 9 Champions] VGC 2026 Reg M-A",
  "players": [
    "acarrion810",
    "Injuriez"
  ],
  "log": "|j|\u2606acarrion810\n|j|\u2606Injuriez\n|t:|1775960170\n|gametype|doubles\n|player|p1|acarrion810|2|1049\n|player|p2|Injuriez|blackbelt-gen4dp|1000\n|gen|9\n|tier|[Gen 9 Champions] VGC 2026 Reg M-A\n|rated|\n|rule|Species Clause: Limit one of each Pok\u00e9mon\n|rule|Item Clause: Limit 1 of each item\n|clearpoke\n|poke|p1|Starmie, L50|\n|poke|p1|Aegislash, L50, F|\n|poke|p1|Sneasler, L50, M|\n|poke|p1|Pelipper, L50, M|\n|poke|p1|Archaludon, L50, M|\n|poke|p1|Maushold, L50|\n|poke|p2|Aggron, L50, F|\n|poke|p2|Hawlucha, L50, F|\n|poke|p2|Alakazam, L50, F|\n|poke|p2|Machamp, L50, M|\n|poke|p2|Gallade, L50, M|\n|poke|p2|Tyranitar, L50, F|\n|teampreview|4\nInjuriez rejected open team sheets.\n|inactive|Battle timer is ON: inactive players will automatically lose when time's up. (requested by Injuriez)\n|inactive|Injuriez has 60 seconds left.\n|\n|t:|1775960225\n|teamsize|p1|4\n|teamsize|p2|4\n|start\n|switch|p1a: Maushold|Maushold, L50|100/100\n|switch|p1b: Sneasler|Sneasler, L50, M|100/100\n|switch|p2a: Aggron|Aggron, L50, F|100/100\n|switch|p2b: Alakazam|Alakazam, L50, F|100/100\n|turn|1\n|inactive|Injuriez has 30 seconds left.\n|\n|t:|1775960259\n|switch|p1b: Pelipper|Pelipper, L50, M|100/100\n|-weather|RainDance|[from] ability: Drizzle|[of] p1b: Pelipper\n|detailschange|p2b: Alakazam|Alakazam-Mega, L50, F\n|-mega|p2b: Alakazam|Alakazam|Alakazite\n|-ability|p2b: Alakazam|Drizzle|Trace|[from] ability: Trace|[of] p1b: Pelipper\n|move|p1a: Maushold|Protect|p1a: Maushold\n|-singleturn|p1a: Maushold|Protect\n|move|p2b: Alakazam|Psyshock|p1b: Pelipper\n|-crit|p1b: Pelipper\n|-damage|p1b: Pelipper|17/100\n|move|p2a: Aggron|Body Press|p1a: Maushold\n|-activate|p1a: Maushold|move: Protect\n|\n|-weather|RainDance|[upkeep]\n|upkeep\n|turn|2\n|inactive|Injuriez has 30 seconds left.\n|\n|t:|1775960287\n|move|p2b: Alakazam|Psyshock|p1b: Pelipper\n|-damage|p1b: Pelipper|0 fnt\n|faint|p1b: Pelipper\n|move|p1a: Maushold|Super Fang|p2a: Aggron\n|-damage|p2a: Aggron|51/100\n|move|p2a: Aggron|Body Press|p1a: Maushold\n|-supereffective|p1a: Maushold|1\n|-enditem|p1a: Maushold|Chople Berry|[eat]\n|-enditem|p1a: Maushold|Chople Berry|[weaken]\n|-damage|p1a: Maushold|52/100\n|\n|-weather|RainDance|[upkeep]\n|upkeep\n|\n|t:|1775960299\n|switch|p1b: Sneasler|Sneasler, L50, M|100/100\n|turn|3\n|\n|t:|1775960307\n|move|p1a: Maushold|Follow Me|p1a: Maushold\n|-singleturn|p1a: Maushold|move: Follow Me\n|move|p2b: Alakazam|Psyshock|p1a: Maushold\n|-damage|p1a: Maushold|0 fnt\n|faint|p1a: Maushold\n|move|p1b: Sneasler|Close Combat|p2a: Aggron\n|-supereffective|p2a: Aggron|2\n|-damage|p2a: Aggron|0 fnt\n|-unboost|p1b: Sneasler|def|1\n|-unboost|p1b: Sneasler|spd|1\n|faint|p2a: Aggron\n|-enditem|p1b: Sneasler|White Herb\n|-clearnegativeboost|p1b: Sneasler|[silent]\n|\n|-weather|RainDance|[upkeep]\n|upkeep\n|\n|t:|1775960323\n|switch|p1a: Starmie|Starmie, L50|100/100\n|switch|p2a: Gallade|Gallade, L50, M|100/100\n|turn|4\n|inactive|acarrion810 has 30 seconds left.\n|\n|t:|1775960349\n|detailschange|p1a: Starmie|Starmie-Mega, L50\n|-mega|p1a: Starmie|Starmie|Starminite\n|move|p1b: Sneasler|Coaching|p1a: Starmie\n|-boost|p1a: Starmie|atk|1\n|-boost|p1a: Starmie|def|1\n|move|p2b: Alakazam|Shadow Ball|p1a: Starmie\n|-supereffective|p1a: Starmie|1\n|-damage|p1a: Starmie|13/100\n|move|p1a: Starmie|Liquidation|p2b: Alakazam\n|-damage|p2b: Alakazam|0 fnt\n|faint|p2b: Alakazam\n|move|p2a: Gallade|Psycho Cut|p1b: Sneasler\n|-supereffective|p1b: Sneasler|2\n|-damage|p1b: Sneasler|0 fnt\n|faint|p1b: Sneasler\n|\n|-weather|RainDance|[upkeep]\n|upkeep\n|\n|t:|1775960364\n|switch|p2b: Hawlucha|Hawlucha, L50, F|100/100\n|turn|5\n|\n|t:|1775960379\n|move|p2b: Hawlucha|Fling|p1a: Starmie\n|-supereffective|p1a: Starmie|1\n|-damage|p1a: Starmie|0 fnt\n|-enditem|p2b: Hawlucha|King's Rock|[from] move: Fling\n|faint|p1a: Starmie\n|\n|win|Injuriez\n|raw|acarrion810's rating: 1049 &rarr; <strong>1029</strong><br />(-20 for losing)\n|raw|Injuriez's rating: 1000 &rarr; <strong>1046</strong><br />(+46 for winning)\n|l|\u2606acarrion810\n|player|p1|\n",
  "uploadtime": 1775960393,
  "views": 35,
  "formatid": "gen9championsvgc2026regma",
  "rating": 1029,
  "private": 0,
  "password": null
}