{
  "id": "gen9championsvgc2026regma-2585120488",
  "format": "[Gen 9 Champions] VGC 2026 Reg M-A",
  "players": [
    "darthbear1976",
    "xlent"
  ],
  "log": "|j|\u2606darthbear1976\n|j|\u2606xlent\n|t:|1776314147\n|gametype|doubles\n|player|p1|darthbear1976|pokemonranger-gen4|1250\n|player|p2|xlent|lucas|1251\n|gen|9\n|tier|[Gen 9 Champions] VGC 2026 Reg M-A\n|rated|\n|rule|Species Clause: Limit one of each Pok\u00e9mon\n|rule|Item Clause: Limit 1 of each item\n|clearpoke\n|poke|p1|Heracross, L50, F|\n|poke|p1|Sableye, L50, F|\n|poke|p1|Palafin, L50, F|\n|poke|p1|Incineroar, L50, M|\n|poke|p1|Sinistcha, L50|\n|poke|p1|Gliscor, L50, M|\n|poke|p2|Incineroar, L50, M|\n|poke|p2|Hatterene, L50, F|\n|poke|p2|Farigiraf, L50, M|\n|poke|p2|Torkoal, L50, M|\n|poke|p2|Kingambit, L50, F|\n|poke|p2|Kangaskhan, L50, F|\n|teampreview|4\n|inactive|Battle timer is ON: inactive players will automatically lose when time's up. (requested by darthbear1976)\n|inactive|xlent also wants the timer to be on.\n|inactive|darthbear1976 has 60 seconds left.\n|inactive|xlent has 60 seconds left.\n|\n|t:|1776314185\n|teamsize|p1|4\n|teamsize|p2|4\n|start\n|switch|p1a: Incineroar|Incineroar, L50, M|100/100\n|switch|p1b: Gliscor|Gliscor, L50, M|100/100\n|switch|p2a: Farigiraf|Farigiraf, L50, M, shiny|100/100\n|switch|p2b: Incineroar|Incineroar, L50, M|100/100\n|-ability|p1a: Incineroar|Intimidate|boost\n|-unboost|p2a: Farigiraf|atk|1\n|-unboost|p2b: Incineroar|atk|1\n|-ability|p2b: Incineroar|Intimidate|boost\n|-unboost|p1a: Incineroar|atk|1\n|-fail|p1b: Gliscor|unboost|Attack|[from] ability: Hyper Cutter|[of] p1b: Gliscor\n|turn|1\n|inactive|darthbear1976 has 30 seconds left.\n|\n|t:|1776314214\n|move|p2b: Incineroar|Fake Out|p1b: Gliscor\n|-crit|p1b: Gliscor\n|-damage|p1b: Gliscor|83/100\n|cant|p1b: Gliscor|flinch\n|move|p1a: Incineroar|Darkest Lariat|p2a: Farigiraf\n|-supereffective|p2a: Farigiraf|1\n|-damage|p2a: Farigiraf|55/100\n|move|p2a: Farigiraf|Trick Room|p2a: Farigiraf\n|-fieldstart|move: Trick Room|[of] p2a: Farigiraf\n|\n|upkeep\n|turn|2\n|\n|t:|1776314238\n|move|p2b: Incineroar|Close Combat|p1a: Incineroar\n|-supereffective|p1a: Incineroar|1\n|-damage|p1a: Incineroar|57/100\n|-unboost|p2b: Incineroar|def|1\n|-unboost|p2b: Incineroar|spd|1\n|move|p2a: Farigiraf|Hyper Voice|p1a: Incineroar|[spread] p1a,p1b\n|-damage|p1a: Incineroar|29/100\n|-damage|p1b: Gliscor|44/100\n|-enditem|p1a: Incineroar|Sitrus Berry|[eat]\n|-heal|p1a: Incineroar|54/100|[from] item: Sitrus Berry\n|move|p1a: Incineroar|Darkest Lariat|p2a: Farigiraf\n|-supereffective|p2a: Farigiraf|1\n|-crit|p2a: Farigiraf\n|-damage|p2a: Farigiraf|0 fnt\n|faint|p2a: Farigiraf\n|move|p1b: Gliscor|High Horsepower|p2b: Incineroar\n|-supereffective|p2b: Incineroar|1\n|-damage|p2b: Incineroar|0 fnt\n|faint|p2b: Incineroar\n|\n|upkeep\n|\n|t:|1776314255\n|switch|p2b: Torkoal|Torkoal, L50, M|100/100\n|switch|p2a: Kingambit|Kingambit, L50, F|100/100\n|-weather|SunnyDay|[from] ability: Drought|[of] p2b: Torkoal\n|turn|3\n|\n|t:|1776314265\n|move|p1b: Gliscor|Protect|p1b: Gliscor\n|-singleturn|p1b: Gliscor|Protect\n|move|p2b: Torkoal|Earth Power|p1a: Incineroar\n|-supereffective|p1a: Incineroar|1\n|-damage|p1a: Incineroar|8/100\n|move|p2a: Kingambit|Kowtow Cleave|p1b: Gliscor\n|-activate|p1b: Gliscor|move: Protect\n|move|p1a: Incineroar|Flare Blitz|p2a: Kingambit\n|-supereffective|p2a: Kingambit|1\n|-damage|p2a: Kingambit|25/100\n|-damage|p1a: Incineroar|0 fnt|[from] Recoil\n|faint|p1a: Incineroar\n|\n|-weather|SunnyDay|[upkeep]\n|upkeep\n|\n|t:|1776314279\n|switch|p1a: Palafin|Palafin, L50, F|100/100\n|turn|4\n|\n|t:|1776314300\n|move|p1b: Gliscor|Protect||[still]\n|-fail|p1b: Gliscor\n|move|p1a: Palafin|Jet Punch|p2a: Kingambit\n|-damage|p2a: Kingambit|15/100\n|move|p2b: Torkoal|Eruption|p1b: Gliscor|[spread] p1a,p1b\n|-resisted|p1a: Palafin|1\n|-damage|p1a: Palafin|48/100\n|-damage|p1b: Gliscor|0 fnt\n|faint|p1b: Gliscor\n|move|p2a: Kingambit|Kowtow Cleave|p1a: Palafin\n|-damage|p1a: Palafin|0 fnt\n|faint|p1a: Palafin\n|\n|-weather|SunnyDay|[upkeep]\n|upkeep\n|\n|t:|1776314313\n|switch|p1a: Heracross|Heracross, L50, F|100/100\n|turn|5\n|\n|t:|1776314323\n|move|p1a: Heracross|Protect|p1a: Heracross\n|-singleturn|p1a: Heracross|Protect\n|move|p2b: Torkoal|Eruption|p1a: Heracross\n|-activate|p1a: Heracross|move: Protect\n|move|p2a: Kingambit|Iron Head|p1a: Heracross\n|-activate|p1a: Heracross|move: Protect\n|\n|-weather|SunnyDay|[upkeep]\n|-fieldend|move: Trick Room\n|upkeep\n|turn|6\n|\n|t:|1776314335\n|detailschange|p1a: Heracross|Heracross-Mega, L50, F\n|-mega|p1a: Heracross|Heracross|Heracronite\n|move|p1a: Heracross|Rock Blast|p2b: Torkoal\n|-supereffective|p2b: Torkoal|1\n|-damage|p2b: Torkoal|81/100\n|-supereffective|p2b: Torkoal|1\n|-damage|p2b: Torkoal|61/100\n|-supereffective|p2b: Torkoal|1\n|-damage|p2b: Torkoal|42/100\n|-supereffective|p2b: Torkoal|1\n|-damage|p2b: Torkoal|24/100\n|-supereffective|p2b: Torkoal|1\n|-crit|p2b: Torkoal\n|-damage|p2b: Torkoal|0 fnt\n|faint|p2b: Torkoal\n|-hitcount|p2: Torkoal|5\n|move|p2a: Kingambit|Iron Head|p1a: Heracross\n|-damage|p1a: Heracross|61/100\n|\n|-weather|SunnyDay|[upkeep]\n|upkeep\n|turn|7\n|\n|t:|1776314356\n|move|p2a: Kingambit|Sucker Punch|p1a: Heracross\n|-resisted|p1a: Heracross|1\n|-damage|p1a: Heracross|39/100\n|move|p1a: Heracross|Close Combat|p2a: Kingambit\n|-supereffective|p2a: Kingambit|2\n|-damage|p2a: Kingambit|0 fnt\n|-unboost|p1a: Heracross|def|1\n|-unboost|p1a: Heracross|spd|1\n|faint|p2a: Kingambit\n|\n|win|darthbear1976\n|raw|darthbear1976's rating: 1250 &rarr; <strong>1275</strong><br />(+25 for winning)\n|raw|xlent's rating: 1251 &rarr; <strong>1226</strong><br />(-25 for losing)\n|l|\u2606xlent\n|player|p2|\n",
  "uploadtime": 1776314367,
  "views": 47,
  "formatid": "gen9championsvgc2026regma",
  "rating": 1226,
  "private": 0,
  "password": null
}