{
  "id": "gen9championsvgc2026regma-2584353784",
  "format": "[Gen 9 Champions] VGC 2026 Reg M-A",
  "players": [
    "Mr. Bean Stan",
    "Zapdos79"
  ],
  "log": "|j|\u2606Mr. Bean Stan\n|j|\u2606Zapdos79\n|t:|1776254188\n|gametype|doubles\n|player|p1|Mr. Bean Stan|gentleman-gen6|1242\n|player|p2|Zapdos79|flannery|1191\n|gen|9\n|tier|[Gen 9 Champions] VGC 2026 Reg M-A\n|rated|\n|rule|Species Clause: Limit one of each Pok\u00e9mon\n|rule|Item Clause: Limit 1 of each item\n|clearpoke\n|poke|p1|Farigiraf, L50, F|\n|poke|p1|Incineroar, L50, M|\n|poke|p1|Torkoal, L50, M|\n|poke|p1|Kangaskhan, L50, F|\n|poke|p1|Rhyperior, L50, M|\n|poke|p1|Mimikyu, L50, M|\n|poke|p2|Tyranitar, L50, M|\n|poke|p2|Basculegion, L50, M|\n|poke|p2|Excadrill, L50, F|\n|poke|p2|Meganium, L50, F|\n|poke|p2|Farigiraf, L50, F|\n|poke|p2|Incineroar, L50, M|\n|teampreview|4\n|inactive|Battle timer is ON: inactive players will automatically lose when time's up. (requested by Mr. Bean Stan)\n|inactive|Zapdos79 has 60 seconds left.\n|\n|t:|1776254238\n|teamsize|p1|4\n|teamsize|p2|4\n|start\n|switch|p1a: Mimikyu|Mimikyu, L50, M|100/100\n|switch|p1b: Incineroar|Incineroar, L50, M|100/100\n|switch|p2a: Tyranitar|Tyranitar, L50, M|100/100\n|switch|p2b: Excadrill|Excadrill, L50, F|100/100\n|-weather|Sandstorm|[from] ability: Sand Stream|[of] p2a: Tyranitar\n|-ability|p1b: Incineroar|Intimidate|boost\n|-unboost|p2a: Tyranitar|atk|1\n|-unboost|p2b: Excadrill|atk|1\n|-enditem|p2b: Excadrill|White Herb\n|-clearnegativeboost|p2b: Excadrill|[silent]\n|turn|1\n|\n|t:|1776254255\n|move|p2b: Excadrill|Protect|p2b: Excadrill\n|-singleturn|p2b: Excadrill|Protect\n|move|p1b: Incineroar|Fake Out|p2b: Excadrill\n|-activate|p2b: Excadrill|move: Protect\n|move|p2a: Tyranitar|Rock Slide|p1a: Mimikyu|[spread] p1a,p1b\n|-supereffective|p1b: Incineroar|1\n|-activate|p1a: Mimikyu|ability: Disguise\n|-damage|p1a: Mimikyu|100/100\n|-damage|p1b: Incineroar|57/100\n|detailschange|p1a: Mimikyu|Mimikyu-Busted, L50, M\n|-damage|p1a: Mimikyu|88/100|[from] pokemon: Mimikyu-Busted\n|move|p1a: Mimikyu|Trick Room|p1a: Mimikyu\n|-fieldstart|move: Trick Room|[of] p1a: Mimikyu\n|\n|-weather|Sandstorm|[upkeep]\n|-damage|p1b: Incineroar|51/100|[from] Sandstorm\n|-damage|p1a: Mimikyu|82/100|[from] Sandstorm\n|upkeep\n|turn|2\n|inactive|Zapdos79 has 30 seconds left.\n|\n|t:|1776254280\n|switch|p2a: Incineroar|Incineroar, L50, M|100/100\n|-ability|p2a: Incineroar|Intimidate|boost\n|-unboost|p1a: Mimikyu|atk|1\n|-unboost|p1b: Incineroar|atk|1\n|-enditem|p1b: Incineroar|White Herb\n|-clearnegativeboost|p1b: Incineroar|[silent]\n|move|p1b: Incineroar|Flare Blitz|p2b: Excadrill\n|-supereffective|p2b: Excadrill|1\n|-damage|p2b: Excadrill|0 fnt\n|faint|p2b: Excadrill\n|-damage|p1b: Incineroar|20/100|[from] Recoil\n|move|p1a: Mimikyu|Play Rough|p2a: Incineroar\n|-damage|p2a: Incineroar|66/100\n|\n|-weather|Sandstorm|[upkeep]\n|-damage|p2a: Incineroar|60/100|[from] Sandstorm\n|-damage|p1b: Incineroar|14/100|[from] Sandstorm\n|-damage|p1a: Mimikyu|75/100|[from] Sandstorm\n|upkeep\n|\n|t:|1776254304\n|switch|p2b: Meganium|Meganium, L50, F|100/100\n|turn|3\n|\n|t:|1776254326\n|switch|p1b: Rhyperior|Rhyperior, L50, M|100/100\n|detailschange|p2b: Meganium|Meganium-Mega, L50, F\n|-mega|p2b: Meganium|Meganium|Meganiumite\n|move|p2a: Incineroar|Fake Out|p1b: Rhyperior\n|-resisted|p1b: Rhyperior|1\n|-damage|p1b: Rhyperior|96/100\n|move|p1a: Mimikyu|Destiny Bond|p1a: Mimikyu\n|-singlemove|p1a: Mimikyu|Destiny Bond\n|move|p2b: Meganium|Solar Beam||[still]\n|-prepare|p2b: Meganium|Solar Beam\n|-activate|p2b: Meganium|ability: Mega Sol\n|-anim|p2b: Meganium|Solar Beam|p1a: Mimikyu\n|-damage|p1a: Mimikyu|2/100\n|\n|-weather|Sandstorm|[upkeep]\n|-damage|p2a: Incineroar|54/100|[from] Sandstorm\n|-damage|p1a: Mimikyu|0 fnt|[from] Sandstorm\n|-damage|p2b: Meganium|95/100|[from] Sandstorm\n|faint|p1a: Mimikyu\n|upkeep\n|inactive|Mr. Bean Stan has 30 seconds left.\n|\n|t:|1776254356\n|switch|p1a: Incineroar|Incineroar, L50, M|14/100\n|-ability|p1a: Incineroar|Intimidate|boost\n|-unboost|p2a: Incineroar|atk|1\n|-unboost|p2b: Meganium|atk|1\n|turn|4\n|\n|t:|1776254376\n|switch|p2a: Tyranitar|Tyranitar, L50, M|100/100\n|move|p2b: Meganium|Protect|p2b: Meganium\n|-singleturn|p2b: Meganium|Protect\n|move|p1b: Rhyperior|High Horsepower|p2b: Meganium\n|-activate|p2b: Meganium|move: Protect\n|move|p1a: Incineroar|Close Combat|p2a: Tyranitar\n|-supereffective|p2a: Tyranitar|2\n|-damage|p2a: Tyranitar|0 fnt\n|-unboost|p1a: Incineroar|def|1\n|-unboost|p1a: Incineroar|spd|1\n|faint|p2a: Tyranitar\n|\n|-weather|Sandstorm|[upkeep]\n|-damage|p1a: Incineroar|8/100|[from] Sandstorm\n|-damage|p2b: Meganium|89/100|[from] Sandstorm\n|upkeep\n|\n|t:|1776254392\n|switch|p2a: Incineroar|Incineroar, L50, M|54/100\n|-ability|p2a: Incineroar|Intimidate|boost\n|-unboost|p1a: Incineroar|atk|1\n|-unboost|p1b: Rhyperior|atk|1\n|turn|5\n|inactive|Mr. Bean Stan has 30 seconds left.\n|inactive|Zapdos79 has 30 seconds left.\n|\n|t:|1776254425\n|move|p2a: Incineroar|Fake Out|p1a: Incineroar\n|-damage|p1a: Incineroar|0 fnt\n|faint|p1a: Incineroar\n|move|p1b: Rhyperior|High Horsepower|p2a: Incineroar\n|-supereffective|p2a: Incineroar|1\n|-damage|p2a: Incineroar|0 fnt\n|faint|p2a: Incineroar\n|move|p2b: Meganium|Dazzling Gleam|p1b: Rhyperior\n|-damage|p1b: Rhyperior|38/100\n|\n|-weather|none\n|-fieldend|move: Trick Room\n|upkeep\n|\n|t:|1776254430\n|switch|p1a: Torkoal|Torkoal, L50, M|100/100\n|turn|6\n|\n|t:|1776254449\n|move|p1b: Rhyperior|Protect|p1b: Rhyperior\n|-singleturn|p1b: Rhyperior|Protect\n|move|p2b: Meganium|Solar Beam||[still]\n|-prepare|p2b: Meganium|Solar Beam\n|-activate|p2b: Meganium|ability: Mega Sol\n|-anim|p2b: Meganium|Solar Beam|p1a: Torkoal\n|-resisted|p1a: Torkoal|1\n|-damage|p1a: Torkoal|56/100\n|move|p1a: Torkoal|Eruption|p2b: Meganium\n|-supereffective|p2b: Meganium|1\n|-damage|p2b: Meganium|5/100\n|\n|upkeep\n|turn|7\n|\n|t:|1776254469\n|move|p2b: Meganium|Solar Beam||[still]\n|-prepare|p2b: Meganium|Solar Beam\n|-activate|p2b: Meganium|ability: Mega Sol\n|-anim|p2b: Meganium|Solar Beam|p1a: Torkoal\n|-resisted|p1a: Torkoal|1\n|-damage|p1a: Torkoal|8/100\n|move|p1b: Rhyperior|Ice Punch|p2b: Meganium\n|-supereffective|p2b: Meganium|1\n|-damage|p2b: Meganium|0 fnt\n|faint|p2b: Meganium\n|\n|win|Mr. Bean Stan\n|raw|Mr. Bean Stan's rating: 1242 &rarr; <strong>1263</strong><br />(+21 for winning)\n|raw|Zapdos79's rating: 1191 &rarr; <strong>1170</strong><br />(-21 for losing)\n|l|\u2606Mr. Bean Stan\n|player|p1|\n|c|\u2606Zapdos79|gg\n",
  "uploadtime": 1776254483,
  "views": 23,
  "formatid": "gen9championsvgc2026regma",
  "rating": 1170,
  "private": 0,
  "password": null
}