{
  "id": "gen9championsvgc2026regma-2582897801",
  "format": "[Gen 9 Champions] VGC 2026 Reg M-A",
  "players": [
    "vnunesp12",
    "Ricardittos"
  ],
  "log": "|j|\u2606vnunesp12\n|j|\u2606Ricardittos\n|t:|1776123079\n|gametype|doubles\n|player|p1|vnunesp12|red|1074\n|player|p2|Ricardittos|karen|1112\n|gen|9\n|tier|[Gen 9 Champions] VGC 2026 Reg M-A\n|rated|\n|rule|Species Clause: Limit one of each Pok\u00e9mon\n|rule|Item Clause: Limit 1 of each item\n|clearpoke\n|poke|p1|Manectric, L50, F|\n|poke|p1|Pelipper, L50, M|\n|poke|p1|Sinistcha, L50|\n|poke|p1|Basculegion, L50, M|\n|poke|p1|Sneasler, L50, F|\n|poke|p1|Kingambit, L50, M|\n|poke|p2|Alakazam, L50, F|\n|poke|p2|Garchomp, L50, M|\n|poke|p2|Audino, L50, M|\n|poke|p2|Scizor, L50, M|\n|poke|p2|Scovillain, L50, F|\n|poke|p2|Tyranitar, L50, M|\n|teampreview|4\n|c|\u2606Ricardittos|glhf\nRicardittos has agreed to open team sheets.\n|inactive|Battle timer is ON: inactive players will automatically lose when time's up. (requested by vnunesp12)\n|inactive|vnunesp12 has 60 seconds left.\n|\n|t:|1776123146\n|teamsize|p1|4\n|teamsize|p2|4\n|start\n|switch|p1a: Pulga|Sneasler, L50, F|100/100\n|switch|p1b: Luciano Juba|Manectric, L50, F|100/100\n|switch|p2a: Garchomp|Garchomp, L50, M|100/100\n|switch|p2b: Scizor|Scizor, L50, M|100/100\n|turn|1\n|inactive|Ricardittos has 30 seconds left.\n|c|\u2606Ricardittos|Luciano Juba \u00e9 de foder\n|\n|t:|1776123181\n|detailschange|p1b: Luciano Juba|Manectric-Mega, L50, F\n|-mega|p1b: Luciano Juba|Manectric|Manectite\n|-ability|p1b: Luciano Juba|Intimidate|boost\n|-unboost|p2a: Garchomp|atk|1\n|-unboost|p2b: Scizor|atk|1\n|move|p1a: Pulga|Fake Out|p2a: Garchomp\n|-damage|p2a: Garchomp|88/100\n|-damage|p1a: Pulga|88/100|[from] ability: Rough Skin|[of] p2a: Garchomp\n|move|p1b: Luciano Juba|Flamethrower|p2b: Scizor\n|-supereffective|p2b: Scizor|2\n|-enditem|p2b: Scizor|Occa Berry|[eat]\n|-enditem|p2b: Scizor|Occa Berry|[weaken]\n|-damage|p2b: Scizor|15/100\n|cant|p2a: Garchomp|flinch\n|move|p2b: Scizor|Swords Dance|p2b: Scizor\n|-boost|p2b: Scizor|atk|2\n|\n|upkeep\n|turn|2\n|inactive|vnunesp12 has 30 seconds left.\n|\n|t:|1776123214\n|move|p2b: Scizor|Bullet Punch|p1a: Pulga\n|-damage|p1a: Pulga|7/100\n|move|p1b: Luciano Juba|Volt Switch|p2b: Scizor\n|-damage|p2b: Scizor|0 fnt\n|faint|p2b: Scizor\n|\n|t:|1776123222\n|switch|p1b: \u00c9verton Ribeiro|Pelipper, L50, M|100/100|[from] Volt Switch\n|-weather|RainDance|[from] ability: Drizzle|[of] p1b: \u00c9verton Ribeiro\n|move|p1a: Pulga|Close Combat|p2a: Garchomp\n|-damage|p2a: Garchomp|34/100\n|-unboost|p1a: Pulga|def|1\n|-unboost|p1a: Pulga|spd|1\n|-damage|p1a: Pulga|0 fnt|[from] ability: Rough Skin|[of] p2a: Garchomp\n|faint|p1a: Pulga\n|move|p2a: Garchomp|Earth Power|p1b: \u00c9verton Ribeiro\n|-immune|p1b: \u00c9verton Ribeiro\n|\n|-weather|RainDance|[upkeep]\n|upkeep\n|\n|t:|1776123244\n|switch|p1a: Erick|Kingambit, L50, M|100/100\n|switch|p2b: Tyranitar|Tyranitar, L50, M|100/100\n|-weather|Sandstorm|[from] ability: Sand Stream|[of] p2b: Tyranitar\n|turn|3\n|\n|t:|1776123264\n|switch|p2a: Audino|Audino, L50, M, shiny|100/100\n|switch|p1b: Luciano Juba|Manectric-Mega, L50, F|100/100\n|-ability|p1b: Luciano Juba|Intimidate|boost\n|-unboost|p2a: Audino|atk|1\n|-unboost|p2b: Tyranitar|atk|1\n|move|p1a: Erick|Sucker Punch||[still]\n|-fail|p1a: Erick\n|move|p2b: Tyranitar|Body Press|p1a: Erick\n|-supereffective|p1a: Erick|2\n|-damage|p1a: Erick|34/100\n|\n|-weather|Sandstorm|[upkeep]\n|-damage|p1b: Luciano Juba|94/100|[from] Sandstorm\n|-damage|p2a: Audino|95/100|[from] Sandstorm\n|upkeep\n|turn|4\n|inactive|vnunesp12 has 30 seconds left.\n|\n|t:|1776123289\n|detailschange|p2a: Audino|Audino-Mega, L50, M, shiny\n|-mega|p2a: Audino|Audino|Audinite\n|move|p1b: Luciano Juba|Volt Switch|p2b: Tyranitar\n|-damage|p2b: Tyranitar|76/100\n|\n|t:|1776123293\n|switch|p1b: \u00c9verton Ribeiro|Pelipper, L50, M|100/100|[from] Volt Switch\n|-weather|RainDance|[from] ability: Drizzle|[of] p1b: \u00c9verton Ribeiro\n|move|p2b: Tyranitar|Stealth Rock|p1b: \u00c9verton Ribeiro\n|-sidestart|p1: vnunesp12|move: Stealth Rock\n|move|p1a: Erick|Iron Head|p2a: Audino\n|-supereffective|p2a: Audino|1\n|-damage|p2a: Audino|37/100\n|move|p2a: Audino|Wish|p2a: Audino\n|\n|-weather|RainDance|[upkeep]\n|-heal|p2b: Tyranitar|82/100|[from] item: Leftovers\n|upkeep\n|turn|5\n|\n|t:|1776123317\n|switch|p2b: Garchomp|Garchomp, L50, M|34/100\n|move|p1b: \u00c9verton Ribeiro|Weather Ball|p2b: Garchomp\n|-damage|p2b: Garchomp|0 fnt\n|faint|p2b: Garchomp\n|move|p1a: Erick|Iron Head|p2a: Audino\n|-supereffective|p2a: Audino|1\n|-damage|p2a: Audino|0 fnt\n|faint|p2a: Audino\n|\n|-weather|RainDance|[upkeep]\n|upkeep\n|\n|t:|1776123323\n|switch|p2a: Tyranitar|Tyranitar, L50, M|82/100\n|-weather|Sandstorm|[from] ability: Sand Stream|[of] p2a: Tyranitar\n|turn|6\n|\n|t:|1776123347\n|switch|p1b: Luciano Juba|Manectric-Mega, L50, F|94/100\n|-damage|p1b: Luciano Juba|82/100|[from] Stealth Rock\n|-ability|p1b: Luciano Juba|Intimidate|boost\n|-unboost|p2a: Tyranitar|atk|1\n|move|p2a: Tyranitar|Body Press|p1a: Erick\n|-supereffective|p1a: Erick|2\n|-damage|p1a: Erick|0 fnt\n|faint|p1a: Erick\n|\n|-weather|Sandstorm|[upkeep]\n|-damage|p1b: Luciano Juba|76/100|[from] Sandstorm\n|-heal|p2a: Tyranitar|88/100|[from] item: Leftovers\n|upkeep\n|\n|t:|1776123361\n|switch|p1a: \u00c9verton Ribeiro|Pelipper, L50, M|100/100\n|-damage|p1a: \u00c9verton Ribeiro|75/100|[from] Stealth Rock\n|-weather|RainDance|[from] ability: Drizzle|[of] p1a: \u00c9verton Ribeiro\n|turn|7\n|c|\u2606Ricardittos|gg\n|\n|t:|1776123372\n|move|p1b: Luciano Juba|Thunder|p2a: Tyranitar\n|-damage|p2a: Tyranitar|34/100\n|move|p1a: \u00c9verton Ribeiro|Weather Ball|p2a: Tyranitar\n|-supereffective|p2a: Tyranitar|1\n|-damage|p2a: Tyranitar|0 fnt\n|faint|p2a: Tyranitar\n|\n|win|vnunesp12\n|raw|vnunesp12's rating: 1074 &rarr; <strong>1106</strong><br />(+32 for winning)\n|raw|Ricardittos's rating: 1112 &rarr; <strong>1084</strong><br />(-28 for losing)\n|l|\u2606Ricardittos\n|player|p2|\n",
  "uploadtime": 1776123176,
  "views": 18,
  "formatid": "gen9championsvgc2026regma",
  "rating": 1084,
  "private": 0,
  "password": null
}