{
  "id": "gen9championsvgc2026regma-2589593287",
  "format": "[Gen 9 Champions] VGC 2026 Reg M-A",
  "players": [
    "povoado",
    "RedVersion643"
  ],
  "log": "|init|battle\n|title|povoado vs. RedVersion643\n|j|\u2606povoado\n|j|\u2606RedVersion643\n|t:|1776737274\n|gametype|doubles\n|player|p1|povoado|266|1072\n|player|p2|RedVersion643|blue-masters2|1011\n|gen|9\n|tier|[Gen 9 Champions] VGC 2026 Reg M-A\n|rated|\n|rule|Species Clause: Limit one of each Pok\u00e9mon\n|rule|Item Clause: Limit 1 of each item\n|clearpoke\n|poke|p1|Meowstic, L50, M|\n|poke|p1|Gardevoir, L50, M|\n|poke|p1|Excadrill, L50, M|\n|poke|p1|Tyranitar, L50, F|\n|poke|p1|Talonflame, L50, F|\n|poke|p1|Wyrdeer, L50, F|\n|poke|p2|Lucario, L50, F|\n|poke|p2|Tyranitar, L50, M|\n|poke|p2|Excadrill, L50, M|\n|poke|p2|Milotic, L50, F, shiny|\n|poke|p2|Mimikyu, L50, M|\n|poke|p2|Farigiraf, L50, F|\n|teampreview|4\n|inactive|Battle timer is ON: inactive players will automatically lose when time's up. (requested by RedVersion643)\n|inactive|povoado has 60 seconds left.\n|\n|t:|1776737305\n|teamsize|p1|4\n|teamsize|p2|4\n|start\n|switch|p1a: Excadrill|Excadrill, L50, M|100/100\n|switch|p1b: Wyrdeer|Wyrdeer, L50, F|100/100\n|switch|p2a: Kimagure|Lucario, L50, F|100/100\n|switch|p2b: Shinewater|Milotic, L50, F, shiny|100/100\n|-ability|p1b: Wyrdeer|Intimidate|boost\n|-unboost|p2a: Kimagure|atk|1\n|-unboost|p2b: Shinewater|atk|1\n|-ability|p2b: Shinewater|Competitive|boost\n|-boost|p2b: Shinewater|spa|2\n|turn|1\n|inactive|povoado has 30 seconds left.\n|\n|t:|1776737337\n|detailschange|p2a: Kimagure|Lucario-Mega, L50, F\n|-mega|p2a: Kimagure|Lucario|Lucarionite\n|move|p2a: Kimagure|Aura Sphere|p1a: Excadrill\n|-supereffective|p1a: Excadrill|1\n|-damage|p1a: Excadrill|0 fnt\n|faint|p1a: Excadrill\n|move|p2b: Shinewater|Scald|p1b: Wyrdeer\n|-damage|p1b: Wyrdeer|39/100\n|-status|p1b: Wyrdeer|brn\n|move|p1b: Wyrdeer|Psyshield Bash|p2b: Shinewater\n|-damage|p2b: Shinewater|84/100\n|-boost|p1b: Wyrdeer|def|1\n|\n|-heal|p2b: Shinewater|90/100|[from] item: Leftovers\n|-heal|p1b: Wyrdeer|45/100 brn|[from] item: Leftovers\n|-damage|p1b: Wyrdeer|39/100 brn|[from] brn\n|upkeep\n|\n|t:|1776737354\n|switch|p1a: Meowstic|Meowstic, L50, M|100/100\n|turn|2\n|\n|t:|1776737367\n|move|p1a: Meowstic|Yawn|p2a: Kimagure\n|-start|p2a: Kimagure|move: Yawn|[of] p1a: Meowstic\n|move|p2a: Kimagure|Aura Sphere|p1b: Wyrdeer\n|-damage|p1b: Wyrdeer|0 fnt\n|faint|p1b: Wyrdeer\n|move|p2b: Shinewater|Scald|p1a: Meowstic\n|-enditem|p1a: Meowstic|Focus Sash\n|-damage|p1a: Meowstic|1/100\n|\n|-heal|p2b: Shinewater|96/100|[from] item: Leftovers\n|upkeep\n|\n|t:|1776737379\n|switch|p1b: Gardevoir|Gardevoir, L50, M|100/100\n|turn|3\n|\n|t:|1776737389\n|switch|p2a: Pewter|Excadrill, L50, M|100/100\n|move|p1b: Gardevoir|Protect|p1b: Gardevoir\n|-singleturn|p1b: Gardevoir|Protect\n|move|p2b: Shinewater|Protect|p2b: Shinewater\n|-singleturn|p2b: Shinewater|Protect\n|move|p1a: Meowstic|Psychic Terrain|p1a: Meowstic\n|-fieldstart|move: Psychic Terrain\n|\n|-heal|p2b: Shinewater|100/100|[from] item: Leftovers\n|upkeep\n|turn|4\n|\n|t:|1776737413\n|switch|p2b: Ecruteak|Tyranitar, L50, M|100/100\n|-weather|Sandstorm|[from] ability: Sand Stream|[of] p2b: Ecruteak\n|detailschange|p1b: Gardevoir|Gardevoir-Mega, L50, M\n|-mega|p1b: Gardevoir|Gardevoir|Gardevoirite\n|move|p2a: Pewter|Rock Slide|p1a: Meowstic|[spread] p1a,p1b\n|-damage|p1a: Meowstic|0 fnt\n|-damage|p1b: Gardevoir|66/100\n|faint|p1a: Meowstic\n|move|p1b: Gardevoir|Expanding Force|p2b: Ecruteak|[spread] p2a\n|-immune|p2b: Ecruteak\n|-resisted|p2a: Pewter|1\n|-damage|p2a: Pewter|48/100\n|\n|-weather|Sandstorm|[upkeep]\n|-damage|p1b: Gardevoir|60/100|[from] Sandstorm\n|upkeep\n|turn|5\n|-message|povoado forfeited.\n|\n|win|RedVersion643",
  "uploadtime": 1776737429,
  "rating": 1072,
  "source": "spectated"
}