{
  "id": "gen9championsvgc2026regma-2583839082",
  "format": "[Gen 9 Champions] VGC 2026 Reg M-A",
  "players": [
    "Pandyc",
    "juandra22"
  ],
  "log": "|j|\u2606Pandyc\n|j|\u2606juandra22\n|t:|1776201714\n|gametype|doubles\n|player|p1|Pandyc|caitlin|1156\n|player|p2|juandra22|argenta|1215\n|gen|9\n|tier|[Gen 9 Champions] VGC 2026 Reg M-A\n|rated|\n|rule|Species Clause: Limit one of each Pok\u00e9mon\n|rule|Item Clause: Limit 1 of each item\n|clearpoke\n|poke|p1|Gardevoir, L50, F|\n|poke|p1|Incineroar, L50, M|\n|poke|p1|Sinistcha, L50|\n|poke|p1|Garchomp, L50, M|\n|poke|p1|Rotom-Wash, L50|\n|poke|p1|Aerodactyl, L50, F|\n|poke|p2|Crabominable, L50, F|\n|poke|p2|Incineroar, L50, M|\n|poke|p2|Farigiraf, L50, F|\n|poke|p2|Sinistcha, L50|\n|poke|p2|Ninetales-Alola, L50, M|\n|poke|p2|Kingambit, L50, F|\n|teampreview|4\n|inactive|Battle timer is ON: inactive players will automatically lose when time's up. (requested by juandra22)\n|inactive|Pandyc has 60 seconds left.\n|inactive|Pandyc has 30 seconds left.\n|inactive|Pandyc has 20 seconds left.\n|inactive|Pandyc has 15 seconds left.\n|inactive|Pandyc has 10 seconds left.\n|inactive|Pandyc has 5 seconds left.\n|\n|t:|1776201803\n|teamsize|p1|4\n|teamsize|p2|4\n|start\n|switch|p1a: Garchomp|Garchomp, L50, M|100/100\n|switch|p1b: Gardevoir|Gardevoir, L50, F|100/100\n|switch|p2a: Crabominable|Crabominable, L50, F|100/100\n|switch|p2b: Farigiraf|Farigiraf, L50, F|100/100\n|turn|1\n|inactive|Pandyc has 30 seconds left.\n|\n|t:|1776201832\n|move|p2a: Crabominable|Protect|p2a: Crabominable\n|-singleturn|p2a: Crabominable|Protect\n|move|p1a: Garchomp|Earthquake|p2a: Crabominable|[spread] p2b\n|-activate|p2a: Crabominable|move: Protect\n|-activate|p1b: Gardevoir|ability: Telepathy\n|-damage|p2b: Farigiraf|60/100\n|move|p1b: Gardevoir|Psychic|p2a: Crabominable\n|-activate|p2a: Crabominable|move: Protect\n|move|p2b: Farigiraf|Trick Room|p2b: Farigiraf\n|-fieldstart|move: Trick Room|[of] p2b: Farigiraf\n|\n|upkeep\n|turn|2\n|\n|t:|1776201847\n|detailschange|p2a: Crabominable|Crabominable-Mega, L50, F\n|-mega|p2a: Crabominable|Crabominable|Crabominite\n|move|p1b: Gardevoir|Protect|p1b: Gardevoir\n|-singleturn|p1b: Gardevoir|Protect\n|move|p1a: Garchomp|Protect|p1a: Garchomp\n|-singleturn|p1a: Garchomp|Protect\n|move|p2a: Crabominable|Ice Hammer|p1b: Gardevoir\n|-activate|p1b: Gardevoir|move: Protect\n|move|p2b: Farigiraf|Hyper Voice|p1b: Gardevoir|[spread] \n|-activate|p1a: Garchomp|move: Protect\n|-activate|p1b: Gardevoir|move: Protect\n|\n|upkeep\n|turn|3\n|\n|t:|1776201870\n|switch|p1b: Incineroar|Incineroar, L50, M|100/100\n|-ability|p1b: Incineroar|Intimidate|boost\n|-unboost|p2a: Crabominable|atk|1\n|-unboost|p2b: Farigiraf|atk|1\n|switch|p1a: Rotom|Rotom-Wash, L50|100/100\n|move|p2a: Crabominable|Ice Hammer|p1b: Incineroar|[miss]\n|-miss|p2a: Crabominable|p1b: Incineroar\n|move|p2b: Farigiraf|Hyper Voice|p1b: Incineroar|[spread] p1a,p1b\n|-damage|p1a: Rotom|70/100\n|-damage|p1b: Incineroar|79/100\n|\n|upkeep\n|turn|4\n|inactive|Pandyc has 30 seconds left.\n|\n|t:|1776201905\n|switch|p1b: Gardevoir|Gardevoir, L50, F|100/100\n|move|p1a: Rotom|Protect|p1a: Rotom\n|-singleturn|p1a: Rotom|Protect\n|move|p2a: Crabominable|Drain Punch|p1b: Gardevoir\n|-resisted|p1b: Gardevoir|2\n|-damage|p1b: Gardevoir|89/100\n|move|p2b: Farigiraf|Hyper Voice|p1b: Gardevoir|[spread] p1b\n|-activate|p1a: Rotom|move: Protect\n|-damage|p1b: Gardevoir|67/100\n|\n|upkeep\n|turn|5\n|\n|t:|1776201926\n|switch|p2a: Kingambit|Kingambit, L50, F|100/100\n|move|p1b: Gardevoir|Protect|p1b: Gardevoir\n|-singleturn|p1b: Gardevoir|Protect\n|move|p2b: Farigiraf|Hyper Voice|p1b: Gardevoir|[spread] p1a\n|-activate|p1b: Gardevoir|move: Protect\n|-damage|p1a: Rotom|41/100\n|-enditem|p1a: Rotom|Sitrus Berry|[eat]\n|-heal|p1a: Rotom|66/100|[from] item: Sitrus Berry\n|move|p1a: Rotom|Thunderbolt|p2b: Farigiraf\n|-damage|p2b: Farigiraf|27/100\n|\n|-fieldend|move: Trick Room\n|upkeep\n|turn|6\n|\n|t:|1776201948\n|detailschange|p1b: Gardevoir|Gardevoir-Mega, L50, F\n|-mega|p1b: Gardevoir|Gardevoir|Gardevoirite\n|move|p2a: Kingambit|Sucker Punch||[still]\n|-fail|p2a: Kingambit\n|move|p1b: Gardevoir|Hyper Voice|p2a: Kingambit|[spread] p2a,p2b\n|-damage|p2a: Kingambit|51/100\n|-damage|p2b: Farigiraf|0 fnt\n|faint|p2b: Farigiraf\n|move|p1a: Rotom|Will-O-Wisp|p2a: Kingambit|[miss]\n|-miss|p1a: Rotom|p2a: Kingambit\n|\n|upkeep\n|\n|t:|1776201958\n|switch|p2b: Ninetales|Ninetales-Alola, L50, M|100/100\n|-weather|Snowscape|[from] ability: Snow Warning|[of] p2b: Ninetales\n|turn|7\n|inactive|Pandyc has 30 seconds left.\n|\n|t:|1776201986\n|move|p1b: Gardevoir|Protect|p1b: Gardevoir\n|-singleturn|p1b: Gardevoir|Protect\n|move|p2b: Ninetales|Moonblast|p1a: Rotom\n|-damage|p1a: Rotom|25/100\n|move|p1a: Rotom|Will-O-Wisp|p2a: Kingambit\n|-status|p2a: Kingambit|brn\n|move|p2a: Kingambit|Iron Head|p1b: Gardevoir\n|-activate|p1b: Gardevoir|move: Protect\n|\n|-weather|Snowscape|[upkeep]\n|-damage|p2a: Kingambit|45/100 brn|[from] brn\n|upkeep\n|turn|8\n|\n|t:|1776202008\n|move|p2b: Ninetales|Moonblast|p1a: Rotom\n|-damage|p1a: Rotom|0 fnt\n|faint|p1a: Rotom\n|move|p1b: Gardevoir|Hyper Voice|p2a: Kingambit|[spread] p2a,p2b\n|-damage|p2a: Kingambit|0 fnt\n|-damage|p2b: Ninetales|36/100\n|faint|p2a: Kingambit\n|\n|-weather|Snowscape|[upkeep]\n|upkeep\n|\n|t:|1776202018\n|switch|p1a: Incineroar|Incineroar, L50, M|79/100\n|switch|p2a: Crabominable|Crabominable-Mega, L50, F|100/100\n|-ability|p1a: Incineroar|Intimidate|boost\n|-unboost|p2a: Crabominable|atk|1\n|-unboost|p2b: Ninetales|atk|1\n|turn|9\n|inactive|Pandyc has 30 seconds left.\n|\n|t:|1776202043\n|move|p2b: Ninetales|Protect|p2b: Ninetales\n|-singleturn|p2b: Ninetales|Protect\n|move|p2a: Crabominable|Protect|p2a: Crabominable\n|-singleturn|p2a: Crabominable|Protect\n|move|p1a: Incineroar|Fake Out|p2a: Crabominable\n|-activate|p2a: Crabominable|move: Protect\n|move|p1b: Gardevoir|Hyper Voice|p2b: Ninetales|[spread] \n|-activate|p2a: Crabominable|move: Protect\n|-activate|p2b: Ninetales|move: Protect\n|\n|-weather|Snowscape|[upkeep]\n|upkeep\n|turn|10\n|inactive|juandra22 has 30 seconds left.\n|l|\u2606juandra22\n|inactive|juandra22 disconnected and has a minute to reconnect!\n|player|p2|\n|inactive|juandra22 has 20 seconds left.\n|inactive|juandra22 has 15 seconds left.\n|inactive|juandra22 has 10 seconds left.\n|inactive|juandra22 has 5 seconds left.\n|-message|juandra22 lost due to inactivity.\n|\n|win|Pandyc\n|raw|Pandyc's rating: 1156 &rarr; <strong>1185</strong><br />(+29 for winning)\n|raw|juandra22's rating: 1215 &rarr; <strong>1186</strong><br />(-29 for losing)\n",
  "uploadtime": 1776202101,
  "views": 21,
  "formatid": "gen9championsvgc2026regma",
  "rating": 1185,
  "private": 0,
  "password": null
}