{
  "id": "gen9championsvgc2026regma-2581728426",
  "format": "[Gen 9 Champions] VGC 2026 Reg M-A",
  "players": [
    "FabricioPlayApk",
    "sillysanch"
  ],
  "log": "|j|\u2606FabricioPlayApk\n|j|\u2606sillysanch\n|t:|1776023866\n|gametype|doubles\n|player|p1|FabricioPlayApk|youngcouple-gen4dp|1074\n|player|p2|sillysanch|101|1077\n|gen|9\n|tier|[Gen 9 Champions] VGC 2026 Reg M-A\n|rated|\n|rule|Species Clause: Limit one of each Pok\u00e9mon\n|rule|Item Clause: Limit 1 of each item\n|clearpoke\n|poke|p1|Hawlucha, L50, F|\n|poke|p1|Snorlax, L50, M|\n|poke|p1|Clefable, L50, F|\n|poke|p1|Farigiraf, L50, M|\n|poke|p1|Kingambit, L50, F|\n|poke|p1|Drampa, L50, F|\n|poke|p2|Talonflame, L50, M|\n|poke|p2|Politoed, L50, F|\n|poke|p2|Meganium, L50, F|\n|poke|p2|Maushold, L50|\n|poke|p2|Lopunny, L50, F|\n|poke|p2|Quaquaval, L50, F|\n|teampreview|4\n|inactive|Battle timer is ON: inactive players will automatically lose when time's up. (requested by FabricioPlayApk)\n|inactive|sillysanch has 60 seconds left.\n|\n|t:|1776023919\n|teamsize|p1|4\n|teamsize|p2|4\n|start\n|switch|p1a: Hawlucha|Hawlucha, L50, F|100/100\n|switch|p1b: Snorlax|Snorlax, L50, M|100/100\n|switch|p2a: Maushold|Maushold, L50|100/100\n|switch|p2b: Meganium|Meganium, L50, F|100/100\n|turn|1\n|\n|t:|1776023936\n|detailschange|p1a: Hawlucha|Hawlucha-Mega, L50, F\n|-mega|p1a: Hawlucha|Hawlucha|Hawluchanite\n|detailschange|p2b: Meganium|Meganium-Mega, L50, F\n|-mega|p2b: Meganium|Meganium|Meganiumite\n|move|p2a: Maushold|Follow Me|p2a: Maushold\n|-singleturn|p2a: Maushold|move: Follow Me\n|move|p1a: Hawlucha|Entrainment|p2a: Maushold\n|-ability|p2a: Maushold|No Guard|Friend Guard|[from] move: Entrainment|[of] p1a: Hawlucha\n|move|p2b: Meganium|Dazzling Gleam|p1a: Hawlucha|[spread] p1a,p1b\n|-supereffective|p1a: Hawlucha|1\n|-crit|p1b: Snorlax\n|-damage|p1a: Hawlucha|18/100\n|-damage|p1b: Snorlax|77/100\n|move|p1b: Snorlax|Fissure|p2a: Maushold\n|-enditem|p2a: Maushold|Focus Sash\n|-damage|p2a: Maushold|1/100\n|\n|-heal|p1b: Snorlax|83/100|[from] item: Leftovers\n|upkeep\n|turn|2\n|c|\u2606sillysanch|really bro fissure\n|inactive|FabricioPlayApk has 30 seconds left.\n|inactive|FabricioPlayApk has 20 seconds left.\n|inactive|FabricioPlayApk has 15 seconds left.\n|\n|t:|1776023979\n|switch|p1a: Clefable|Clefable, L50, F|100/100\n|move|p2a: Maushold|Follow Me|p2a: Maushold\n|-singleturn|p2a: Maushold|move: Follow Me\n|move|p2b: Meganium|Dazzling Gleam|p1b: Snorlax|[spread] p1a,p1b\n|-damage|p1a: Clefable|65/100\n|-damage|p1b: Snorlax|66/100\n|move|p1b: Snorlax|Body Slam|p2a: Maushold\n|-damage|p2a: Maushold|0 fnt\n|faint|p2a: Maushold\n|\n|-heal|p1b: Snorlax|72/100|[from] item: Leftovers\n|upkeep\n|inactive|sillysanch has 30 seconds left.\n|inactive|sillysanch has 20 seconds left.\n|inactive|sillysanch has 15 seconds left.\n|\n|t:|1776024024\n|switch|p2a: Politoed|Politoed, L50, F|100/100\n|-weather|RainDance|[from] ability: Drizzle|[of] p2a: Politoed\n|turn|3\n|\n|t:|1776024045\n|move|p2b: Meganium|Solar Beam||[still]\n|-prepare|p2b: Meganium|Solar Beam\n|-activate|p2b: Meganium|ability: Mega Sol\n|-anim|p2b: Meganium|Solar Beam|p1a: Clefable\n|-damage|p1a: Clefable|0 fnt\n|faint|p1a: Clefable\n|move|p2a: Politoed|Muddy Water|p1b: Snorlax\n|-damage|p1b: Snorlax|51/100\n|move|p1b: Snorlax|Body Slam|p2b: Meganium\n|-damage|p2b: Meganium|75/100\n|\n|-weather|RainDance|[upkeep]\n|-heal|p1b: Snorlax|57/100|[from] item: Leftovers\n|upkeep\n|\n|t:|1776024061\n|switch|p1a: Hawlucha|Hawlucha-Mega, L50, F|18/100\n|turn|4\n|\n|t:|1776024071\n|move|p2b: Meganium|Protect|p2b: Meganium\n|-singleturn|p2b: Meganium|Protect\n|move|p1a: Hawlucha|Entrainment|p1b: Snorlax\n|-ability|p1b: Snorlax|No Guard|Thick Fat|[from] move: Entrainment|[of] p1a: Hawlucha\n|move|p2a: Politoed|Muddy Water|p1b: Snorlax|[spread] p1a,p1b\n|-damage|p1a: Hawlucha|0 fnt\n|-damage|p1b: Snorlax|43/100\n|faint|p1a: Hawlucha\n|move|p1b: Snorlax|Fissure|p2b: Meganium\n|-activate|p2b: Meganium|move: Protect\n|\n|-weather|RainDance|[upkeep]\n|-heal|p1b: Snorlax|49/100|[from] item: Leftovers\n|upkeep\n|c|\u2606sillysanch|lol\n|\n|t:|1776024086\n|switch|p1a: Farigiraf|Farigiraf, L50, M|100/100\n|turn|5\n|\n|t:|1776024101\n|move|p1b: Snorlax|Protect|p1b: Snorlax\n|-singleturn|p1b: Snorlax|Protect\n|move|p2b: Meganium|Solar Beam||[still]\n|-prepare|p2b: Meganium|Solar Beam\n|-activate|p2b: Meganium|ability: Mega Sol\n|-anim|p2b: Meganium|Solar Beam|p1b: Snorlax\n|-activate|p1b: Snorlax|move: Protect\n|move|p2a: Politoed|Weather Ball|p1b: Snorlax\n|-activate|p1b: Snorlax|move: Protect\n|move|p1a: Farigiraf|Trick Room|p1a: Farigiraf\n|-fieldstart|move: Trick Room|[of] p1a: Farigiraf\n|\n|-weather|RainDance|[upkeep]\n|-heal|p1b: Snorlax|55/100|[from] item: Leftovers\n|upkeep\n|turn|6\n|\n|t:|1776024126\n|move|p2b: Meganium|Protect|p2b: Meganium\n|-singleturn|p2b: Meganium|Protect\n|move|p1b: Snorlax|Fissure|p2b: Meganium\n|-activate|p2b: Meganium|move: Protect\n|move|p1a: Farigiraf|Psychic|p2a: Politoed\n|-damage|p2a: Politoed|75/100\n|move|p2a: Politoed|Weather Ball|p1b: Snorlax\n|-damage|p1b: Snorlax|35/100\n|\n|-weather|RainDance|[upkeep]\n|-heal|p1b: Snorlax|41/100|[from] item: Leftovers\n|upkeep\n|turn|7\n|inactive|sillysanch has 30 seconds left.\n|\n|t:|1776024155\n|move|p1b: Snorlax|Fissure|p2b: Meganium\n|-damage|p2b: Meganium|0 fnt\n|faint|p2b: Meganium\n|-ohko\n|move|p1a: Farigiraf|Psychic|p2a: Politoed\n|-damage|p2a: Politoed|47/100\n|-unboost|p2a: Politoed|spd|1\n|-enditem|p2a: Politoed|Sitrus Berry|[eat]\n|-heal|p2a: Politoed|72/100|[from] item: Sitrus Berry\n|move|p2a: Politoed|Muddy Water|p1a: Farigiraf|[spread] p1a,p1b\n|-damage|p1a: Farigiraf|79/100\n|-damage|p1b: Snorlax|27/100\n|\n|-weather|none\n|-heal|p1b: Snorlax|33/100|[from] item: Leftovers\n|upkeep\n|\n|t:|1776024168\n|switch|p2b: Quaquaval|Quaquaval, L50, F|100/100\n|turn|8\n|\n|t:|1776024178\n|move|p1b: Snorlax|Fissure|p2a: Politoed\n|-damage|p2a: Politoed|0 fnt\n|faint|p2a: Politoed\n|-ohko\n|move|p1a: Farigiraf|Psychic|p2b: Quaquaval\n|-supereffective|p2b: Quaquaval|1\n|-damage|p2b: Quaquaval|7/100\n|-unboost|p2b: Quaquaval|spd|1\n|move|p2b: Quaquaval|Wave Crash|p1b: Snorlax\n|-damage|p1b: Snorlax|0 fnt\n|faint|p1b: Snorlax\n|-ability|p2b: Quaquaval|Moxie|boost\n|-boost|p2b: Quaquaval|atk|1\n|-damage|p2b: Quaquaval|0 fnt|[from] Recoil\n|faint|p2b: Quaquaval\n|\n|win|FabricioPlayApk\n|raw|FabricioPlayApk's rating: 1074 &rarr; <strong>1103</strong><br />(+29 for winning)\n|raw|sillysanch's rating: 1077 &rarr; <strong>1055</strong><br />(-22 for losing)\n|c|\u2606sillysanch|holy cheese\n",
  "uploadtime": 1776024198,
  "views": 16,
  "formatid": "gen9championsvgc2026regma",
  "rating": 1055,
  "private": 0,
  "password": null
}