{
  "id": "gen9championsvgc2026regma-2585693583",
  "format": "[Gen 9 Champions] VGC 2026 Reg M-A",
  "players": [
    "chzao",
    "Buftzi"
  ],
  "log": "|j|\u2606chzao\n|j|\u2606Buftzi\n|t:|1776364180\n|gametype|doubles\n|player|p1|chzao|clay|1049\n|player|p2|Buftzi|ghetsis|1103\n|gen|9\n|tier|[Gen 9 Champions] VGC 2026 Reg M-A\n|rated|\n|rule|Species Clause: Limit one of each Pok\u00e9mon\n|rule|Item Clause: Limit 1 of each item\n|clearpoke\n|poke|p1|Venusaur, L50, M|\n|poke|p1|Charizard, L50, M|\n|poke|p1|Whimsicott, L50, M|\n|poke|p1|Incineroar, L50, F|\n|poke|p1|Rotom-Wash, L50|\n|poke|p1|Scizor, L50, F|\n|poke|p2|Pelipper, L50, F|\n|poke|p2|Archaludon, L50, F|\n|poke|p2|Basculegion, L50, M|\n|poke|p2|Sneasler, L50, M|\n|poke|p2|Dragonite, L50, F|\n|poke|p2|Garchomp, L50, F|\n|teampreview|4\n|inactive|Battle timer is ON: inactive players will automatically lose when time's up. (requested by Buftzi)\n|inactive|chzao also wants the timer to be on.\n|inactive|chzao has 60 seconds left.\n|inactive|Buftzi has 60 seconds left.\nBuftzi rejected open team sheets.\n|inactive|chzao has 30 seconds left.\n|\n|t:|1776364243\n|teamsize|p1|4\n|teamsize|p2|4\n|start\n|switch|p1a: Rotom|Rotom-Wash, L50|100/100\n|switch|p1b: Whimsicott|Whimsicott, L50, M|100/100\n|switch|p2a: Basculegion|Basculegion, L50, M, shiny|100/100\n|switch|p2b: Sneasler|Sneasler, L50, M, shiny|100/100\n|-ability|p2b: Sneasler|Pressure\n|turn|1\n|\n|t:|1776364261\n|move|p1b: Whimsicott|Protect|p1b: Whimsicott\n|-singleturn|p1b: Whimsicott|Protect\n|move|p2b: Sneasler|Fake Out|p1a: Rotom\n|-damage|p1a: Rotom|82/100\n|cant|p1a: Rotom|flinch\n|move|p2a: Basculegion|Flip Turn|p1b: Whimsicott\n|-activate|p1b: Whimsicott|move: Protect\n|\n|upkeep\n|turn|2\n|\n|t:|1776364282\n|move|p1b: Whimsicott|Encore|p2b: Sneasler\n|-start|p2b: Sneasler|Encore\n|move|p2b: Sneasler|Fake Out||[still]\n|-hint|Fake Out only works on your first turn out.\n|-fail|p2b: Sneasler\n|move|p1a: Rotom|Thunderbolt|p2a: Basculegion\n|-supereffective|p2a: Basculegion|1\n|-damage|p2a: Basculegion|6/100\n|move|p2a: Basculegion|Flip Turn|p1a: Rotom\n|-resisted|p1a: Rotom|1\n|-damage|p1a: Rotom|56/100\n|\n|t:|1776364293\n|switch|p2a: Garchomp|Garchomp, L50, F, shiny|100/100|[from] Flip Turn\n|\n|upkeep\n|turn|3\n|\n|t:|1776364312\n|switch|p2b: Basculegion|Basculegion, L50, M, shiny|6/100\n|move|p1b: Whimsicott|Tailwind|p1b: Whimsicott\n|-sidestart|p1: chzao|move: Tailwind\n|move|p1a: Rotom|Thunderbolt|p2b: Basculegion\n|-supereffective|p2b: Basculegion|1\n|-damage|p2b: Basculegion|0 fnt\n|faint|p2b: Basculegion\n|move|p2a: Garchomp|Scale Shot|p1a: Rotom\n|-damage|p1a: Rotom|38/100\n|-damage|p1a: Rotom|19/100\n|-damage|p1a: Rotom|1/100\n|-damage|p1a: Rotom|0 fnt\n|faint|p1a: Rotom\n|-hitcount|p1: Rotom|4\n|-unboost|p2a: Garchomp|def|1\n|-boost|p2a: Garchomp|spe|1\n|\n|upkeep\n|\n|t:|1776364333\n|switch|p1a: Venusaur|Venusaur, L50, M|100/100\n|switch|p2b: Sneasler|Sneasler, L50, M, shiny|100/100\n|-ability|p2b: Sneasler|Pressure\n|turn|4\n|\n|t:|1776364347\n|move|p2a: Garchomp|Scale Shot|p1a: Venusaur\n|-damage|p1a: Venusaur|85/100\n|-damage|p1a: Venusaur|67/100\n|-damage|p1a: Venusaur|49/100\n|-hitcount|p1a: Venusaur|3\n|-unboost|p2a: Garchomp|def|1\n|-boost|p2a: Garchomp|spe|1\n|move|p1b: Whimsicott|Moonblast|p2a: Garchomp\n|-supereffective|p2a: Garchomp|1\n|-damage|p2a: Garchomp|35/100\n|move|p1a: Venusaur|Earth Power|p2b: Sneasler\n|-supereffective|p2b: Sneasler|1\n|-damage|p2b: Sneasler|25/100\n|move|p2b: Sneasler|Dire Claw|p1b: Whimsicott\n|-supereffective|p1b: Whimsicott|2\n|-enditem|p1b: Whimsicott|Focus Sash\n|-damage|p1b: Whimsicott|1/100\n|\n|-heal|p1a: Venusaur|55/100|[from] item: Leftovers\n|upkeep\n|turn|5\n|inactive|chzao has 30 seconds left.\n|inactive|Buftzi has 30 seconds left.\n|\n|t:|1776364373\n|move|p2b: Sneasler|Protect|p2b: Sneasler\n|-singleturn|p2b: Sneasler|Protect\n|move|p2a: Garchomp|Scale Shot|p1a: Venusaur\n|-damage|p1a: Venusaur|37/100\n|-damage|p1a: Venusaur|19/100\n|-hitcount|p1a: Venusaur|2\n|-unboost|p2a: Garchomp|def|1\n|-boost|p2a: Garchomp|spe|1\n|move|p1b: Whimsicott|Moonblast|p2b: Sneasler\n|-activate|p2b: Sneasler|move: Protect\n|move|p1a: Venusaur|Energy Ball|p2a: Garchomp\n|-damage|p2a: Garchomp|0 fnt\n|faint|p2a: Garchomp\n|\n|-heal|p1a: Venusaur|25/100|[from] item: Leftovers\n|upkeep\n|\n|t:|1776364389\n|switch|p2a: Pelipper|Pelipper, L50, F, shiny|100/100\n|-weather|RainDance|[from] ability: Drizzle|[of] p2a: Pelipper\n|turn|6\n|\n|t:|1776364406\n|move|p1b: Whimsicott|Protect|p1b: Whimsicott\n|-singleturn|p1b: Whimsicott|Protect\n|move|p1a: Venusaur|Earth Power|p2b: Sneasler\n|-supereffective|p2b: Sneasler|1\n|-damage|p2b: Sneasler|0 fnt\n|faint|p2b: Sneasler\n|move|p2a: Pelipper|Tailwind|p2a: Pelipper\n|-sidestart|p2: Buftzi|move: Tailwind\n|\n|-weather|RainDance|[upkeep]\n|-heal|p1a: Venusaur|30/100|[from] item: Leftovers\n|-sideend|p1: chzao|move: Tailwind\n|upkeep\n|turn|7\n|\n|t:|1776364422\n|move|p1b: Whimsicott|Encore|p2a: Pelipper\n|-start|p2a: Pelipper|Encore\n|move|p2a: Pelipper|Tailwind||[still]\n|-fail|p2a: Pelipper\n|move|p1a: Venusaur|Energy Ball|p2a: Pelipper\n|-damage|p2a: Pelipper|24/100\n|\n|-weather|RainDance|[upkeep]\n|-heal|p1a: Venusaur|36/100|[from] item: Leftovers\n|upkeep\n|turn|8\n|c|\u2606Buftzi|ur a piece of shit\n|c|\u2606Buftzi|prankster abuser\n|inactive|Buftzi has 30 seconds left.\n|inactive|Buftzi has 20 seconds left.\n|inactive|Buftzi has 15 seconds left.\n|inactive|Buftzi has 10 seconds left.\n|inactive|Buftzi has 5 seconds left.\n|\n|t:|1776364478\n|switch|p1b: Charizard|Charizard, L50, M|100/100\n|move|p2a: Pelipper|Tailwind||[still]\n|-fail|p2a: Pelipper\n|move|p1a: Venusaur|Energy Ball|p2a: Pelipper\n|-damage|p2a: Pelipper|0 fnt\n|faint|p2a: Pelipper\n|\n|win|chzao\n",
  "uploadtime": 1776364431,
  "views": 13,
  "formatid": "gen9championsvgc2026regma",
  "rating": null,
  "private": 0,
  "password": null
}