{
  "id": "gen9championsvgc2026regma-2583398566",
  "format": "[Gen 9 Champions] VGC 2026 Reg M-A",
  "players": [
    "narutogaming7",
    "Golurk365"
  ],
  "log": "|j|\u2606narutogaming7\n|j|\u2606Golurk365\n|t:|1776172952\n|gametype|doubles\n|player|p1|narutogaming7|266|1059\n|player|p2|Golurk365|hugh|1037\n|gen|9\n|tier|[Gen 9 Champions] VGC 2026 Reg M-A\n|rated|\n|rule|Species Clause: Limit one of each Pok\u00e9mon\n|rule|Item Clause: Limit 1 of each item\n|clearpoke\n|poke|p1|Drampa, L50, F|\n|poke|p1|Oranguru, L50, F|\n|poke|p1|Sinistcha, L50|\n|poke|p1|Rhyperior, L50, M|\n|poke|p1|Charizard, L50, M|\n|poke|p1|Conkeldurr, L50, F|\n|poke|p2|Golurk, L50|\n|poke|p2|Whimsicott, L50, M|\n|poke|p2|Basculegion, L50, M|\n|poke|p2|Incineroar, L50, M|\n|poke|p2|Tyranitar, L50, M|\n|poke|p2|Archaludon, L50, F|\n|teampreview|4\n|inactive|Battle timer is ON: inactive players will automatically lose when time's up. (requested by Golurk365)\n|inactive|narutogaming7 has 60 seconds left.\n|inactive|Golurk365 has 60 seconds left.\n|\n|t:|1776172994\n|teamsize|p1|4\n|teamsize|p2|4\n|start\n|switch|p1a: Oranguru|Oranguru, L50, F|100/100\n|switch|p1b: Conkeldurr|Conkeldurr, L50, F|100/100\n|switch|p2a: Tyranitar|Tyranitar, L50, M|100/100\n|switch|p2b: Golurk|Golurk, L50|100/100\n|-weather|Sandstorm|[from] ability: Sand Stream|[of] p2a: Tyranitar\n|turn|1\n|\n|t:|1776173011\n|detailschange|p2b: Golurk|Golurk-Mega, L50\n|-mega|p2b: Golurk|Golurk|Golurkite\n|move|p1a: Oranguru|Protect|p1a: Oranguru\n|-singleturn|p1a: Oranguru|Protect\n|move|p2a: Tyranitar|Rock Slide|p1b: Conkeldurr|[spread] p1b\n|-activate|p1a: Oranguru|move: Protect\n|-resisted|p1b: Conkeldurr|1\n|-damage|p1b: Conkeldurr|86/100\n|move|p2b: Golurk|Headlong Rush|p1b: Conkeldurr\n|-damage|p1b: Conkeldurr|18/100\n|-unboost|p2b: Golurk|def|1\n|-unboost|p2b: Golurk|spd|1\n|move|p1b: Conkeldurr|Close Combat|p2a: Tyranitar\n|-supereffective|p2a: Tyranitar|2\n|-enditem|p2a: Tyranitar|Chople Berry|[eat]\n|-enditem|p2a: Tyranitar|Chople Berry|[weaken]\n|-damage|p2a: Tyranitar|0 fnt\n|-unboost|p1b: Conkeldurr|def|1\n|-unboost|p1b: Conkeldurr|spd|1\n|faint|p2a: Tyranitar\n|\n|-weather|Sandstorm|[upkeep]\n|-damage|p1a: Oranguru|94/100|[from] Sandstorm\n|-damage|p1b: Conkeldurr|12/100|[from] Sandstorm\n|upkeep\n|\n|t:|1776173025\n|switch|p2a: Incineroar|Incineroar, L50, M|100/100\n|-ability|p2a: Incineroar|Intimidate|boost\n|-unboost|p1a: Oranguru|atk|1\n|-unboost|p1b: Conkeldurr|atk|1\n|turn|2\n|inactive|narutogaming7 has 30 seconds left.\n|inactive|Golurk365 has 30 seconds left.\n|\n|t:|1776173055\n|switch|p1a: Rhyperior|Rhyperior, L50, M|100/100\n|move|p2a: Incineroar|Fake Out|p1b: Conkeldurr\n|-damage|p1b: Conkeldurr|0 fnt\n|faint|p1b: Conkeldurr\n|move|p2b: Golurk|Poltergeist|p1a: Rhyperior\n|-activate|p1a: Rhyperior|move: Poltergeist|Soft Sand\n|-damage|p1a: Rhyperior|56/100\n|\n|-weather|Sandstorm|[upkeep]\n|-damage|p2a: Incineroar|94/100|[from] Sandstorm\n|-heal|p2a: Incineroar|100/100|[from] item: Leftovers\n|upkeep\n|\n|t:|1776173064\n|switch|p1b: Oranguru|Oranguru, L50, F|94/100\n|turn|3\n|\n|t:|1776173072\n|move|p1a: Rhyperior|Protect|p1a: Rhyperior\n|-singleturn|p1a: Rhyperior|Protect\n|move|p2b: Golurk|Headlong Rush|p1a: Rhyperior\n|-supereffective|p1a: Rhyperior|1\n|-ability|p2b: Golurk|Unseen Fist\n|-zbroken|p1a: Rhyperior\n|-damage|p1a: Rhyperior|36/100\n|-unboost|p2b: Golurk|def|1\n|-unboost|p2b: Golurk|spd|1\n|move|p2a: Incineroar|Darkest Lariat|p1b: Oranguru\n|-supereffective|p1b: Oranguru|1\n|-damage|p1b: Oranguru|37/100\n|move|p1b: Oranguru|Trick Room|p1b: Oranguru\n|-fieldstart|move: Trick Room|[of] p1b: Oranguru\n|\n|-weather|Sandstorm|[upkeep]\n|-damage|p1b: Oranguru|30/100|[from] Sandstorm\n|-damage|p2a: Incineroar|94/100|[from] Sandstorm\n|-heal|p2a: Incineroar|100/100|[from] item: Leftovers\n|upkeep\n|turn|4\n|inactive|Golurk365 has 30 seconds left.\n|\n|t:|1776173100\n|move|p2b: Golurk|Protect|p2b: Golurk\n|-singleturn|p2b: Golurk|Protect\n|move|p1a: Rhyperior|Earthquake|p2a: Incineroar|[spread] p2a\n|-activate|p2b: Golurk|move: Protect\n|-activate|p1b: Oranguru|ability: Telepathy\n|-supereffective|p2a: Incineroar|1\n|-damage|p2a: Incineroar|0 fnt\n|faint|p2a: Incineroar\n|move|p1b: Oranguru|Instruct|p1a: Rhyperior\n|-singleturn|p1a: Rhyperior|move: Instruct|[of] p1b: Oranguru\n|move|p1a: Rhyperior|Earthquake|p2b: Golurk|[spread] \n|-activate|p2b: Golurk|move: Protect\n|-activate|p1b: Oranguru|ability: Telepathy\n|\n|-weather|Sandstorm|[upkeep]\n|-damage|p1b: Oranguru|24/100|[from] Sandstorm\n|upkeep\n|\n|t:|1776173108\n|switch|p2a: Basculegion|Basculegion, L50, M|100/100\n|turn|5\n|inactive|Golurk365 has 30 seconds left.\n|\n|t:|1776173137\n|move|p1b: Oranguru|Protect|p1b: Oranguru\n|-singleturn|p1b: Oranguru|Protect\n|move|p2a: Basculegion|Aqua Jet|p1a: Rhyperior\n|-supereffective|p1a: Rhyperior|2\n|-damage|p1a: Rhyperior|0 fnt\n|faint|p1a: Rhyperior\n|move|p2b: Golurk|Drain Punch|p1b: Oranguru\n|-ability|p2b: Golurk|Unseen Fist\n|-zbroken|p1b: Oranguru\n|-damage|p1b: Oranguru|17/100\n|\n|-weather|none\n|upkeep\n|\n|t:|1776173148\n|switch|p1a: Drampa|Drampa, L50, F|100/100\n|turn|6\n|\n|t:|1776173168\n|detailschange|p1a: Drampa|Drampa-Mega, L50, F\n|-mega|p1a: Drampa|Drampa|Drampanite\n|move|p2b: Golurk|Protect|p2b: Golurk\n|-singleturn|p2b: Golurk|Protect\n|move|p2a: Basculegion|Aqua Jet|p1b: Oranguru\n|-damage|p1b: Oranguru|0 fnt\n|faint|p1b: Oranguru\n|move|p1a: Drampa|Earth Power|p2b: Golurk\n|-activate|p2b: Golurk|move: Protect\n|\n|upkeep\n|turn|7\n|\n|t:|1776173188\n|move|p1a: Drampa|Earth Power|p2b: Golurk\n|-damage|p2b: Golurk|10/100\n|move|p2b: Golurk|Drain Punch|p1a: Drampa\n|-supereffective|p1a: Drampa|1\n|-damage|p1a: Drampa|42/100\n|-heal|p2b: Golurk|43/100|[from] drain|[of] p1a: Drampa\n|-ability|p1a: Drampa|Berserk|boost\n|-boost|p1a: Drampa|spa|1\n|move|p2a: Basculegion|Liquidation|p1a: Drampa\n|-resisted|p1a: Drampa|1\n|-crit|p1a: Drampa\n|-damage|p1a: Drampa|0 fnt\n|faint|p1a: Drampa\n|\n|win|Golurk365\n|raw|narutogaming7's rating: 1059 &rarr; <strong>1039</strong><br />(-20 for losing)\n|raw|Golurk365's rating: 1037 &rarr; <strong>1074</strong><br />(+37 for winning)\n",
  "uploadtime": 1776173202,
  "views": 15,
  "formatid": "gen9championsvgc2026regma",
  "rating": 1039,
  "private": 0,
  "password": null
}