{
  "id": "gen9championsvgc2026regma-2588228624",
  "format": "[Gen 9 Champions] VGC 2026 Reg M-A",
  "players": [
    "That dude531",
    "Xernos123"
  ],
  "log": "|j|\u2606That dude531\n|j|\u2606Xernos123\n|t:|1776616247\n|gametype|doubles\n|player|p1|That dude531|hiker-gen4|1064\n|player|p2|Xernos123|266|1034\n|gen|9\n|tier|[Gen 9 Champions] VGC 2026 Reg M-A\n|rated|\n|rule|Species Clause: Limit one of each Pok\u00e9mon\n|rule|Item Clause: Limit 1 of each item\n|clearpoke\n|poke|p1|Sinistcha-Masterpiece, L50|\n|poke|p1|Incineroar, L50, M|\n|poke|p1|Hatterene, L50, F|\n|poke|p1|Hydrapple, L50, F|\n|poke|p1|Crabominable, L50, F|\n|poke|p1|Azumarill, L50, F|\n|poke|p2|Farigiraf, L50, F|\n|poke|p2|Mimikyu, L50, F|\n|poke|p2|Drampa, L50, M|\n|poke|p2|Kingambit, L50, M|\n|poke|p2|Crabominable, L50, F|\n|poke|p2|Chesnaught, L50, M|\n|teampreview|4\n|inactive|Battle timer is ON: inactive players will automatically lose when time's up. (requested by Xernos123)\n|\n|t:|1776616264\n|teamsize|p1|4\n|teamsize|p2|4\n|start\n|switch|p1a: Hydrapple|Hydrapple, L50, F|100/100\n|switch|p1b: Crabominable|Crabominable, L50, F|100/100\n|switch|p2a: Farigiraf|Farigiraf, L50, F|100/100\n|switch|p2b: Crabominable|Crabominable, L50, F|100/100\n|-ability|p1a: Hydrapple|Supersweet Syrup\n|-unboost|p2a: Farigiraf|evasion|1\n|-unboost|p2b: Crabominable|evasion|1\n|turn|1\n|\n|t:|1776616279\n|detailschange|p1b: Crabominable|Crabominable-Mega, L50, F\n|-mega|p1b: Crabominable|Crabominable|Crabominite\n|detailschange|p2b: Crabominable|Crabominable-Mega, L50, F\n|-mega|p2b: Crabominable|Crabominable|Crabominite\n|move|p1b: Crabominable|Mach Punch||[still]\n|cant|p2a: Farigiraf|ability: Armor Tail|Mach Punch|[of] p1b: Crabominable\n|move|p1a: Hydrapple|Draco Meteor|p2b: Crabominable\n|-damage|p2b: Crabominable|46/100\n|-unboost|p1a: Hydrapple|spa|2\n|-enditem|p1a: Hydrapple|White Herb\n|-clearnegativeboost|p1a: Hydrapple|[silent]\n|move|p2b: Crabominable|Ice Hammer|p1a: Hydrapple\n|-supereffective|p1a: Hydrapple|2\n|-damage|p1a: Hydrapple|0 fnt\n|-unboost|p2b: Crabominable|spe|1\n|faint|p1a: Hydrapple\n|move|p2a: Farigiraf|Trick Room|p2a: Farigiraf\n|-fieldstart|move: Trick Room|[of] p2a: Farigiraf\n|\n|upkeep\n|\n|t:|1776616289\n|switch|p1a: Hatterene|Hatterene, L50, F|100/100\n|turn|2\n|\n|t:|1776616308\n|move|p2a: Farigiraf|Ally Switch|p2a: Farigiraf\n|swap|p2a: Farigiraf|1|[from] move: Ally Switch\n|move|p2a: Crabominable|Drain Punch|p1b: Crabominable\n|-supereffective|p1b: Crabominable|1\n|-damage|p1b: Crabominable|20/100\n|-heal|p2a: Crabominable|86/100|[from] drain|[of] p1b: Crabominable\n|move|p1a: Hatterene|Psychic|p2b: Farigiraf\n|-resisted|p2b: Farigiraf|1\n|-damage|p2b: Farigiraf|73/100\n|-unboost|p2b: Farigiraf|spd|1\n|move|p1b: Crabominable|Ice Hammer|p2a: Crabominable\n|-resisted|p2a: Crabominable|1\n|-damage|p2a: Crabominable|54/100\n|-unboost|p1b: Crabominable|spe|1\n|\n|upkeep\n|turn|3\n|inactive|That dude531 has 30 seconds left.\n|inactive|Xernos123 has 30 seconds left.\n|inactive|That dude531 has 20 seconds left.\n|inactive|Xernos123 has 20 seconds left.\n|inactive|That dude531 has 15 seconds left.\n|inactive|That dude531 has 10 seconds left.\n|inactive|That dude531 has 5 seconds left.\n|\n|t:|1776616363\n|move|p2b: Farigiraf|Helping Hand|p2a: Crabominable\n|-singleturn|p2a: Crabominable|Helping Hand|[of] p2b: Farigiraf\n|move|p2a: Crabominable|Ice Hammer|p1a: Hatterene|[miss]\n|-miss|p2a: Crabominable|p1a: Hatterene\n|move|p1b: Crabominable|Drain Punch|p2a: Crabominable\n|-supereffective|p2a: Crabominable|1\n|-damage|p2a: Crabominable|0 fnt\n|-heal|p1b: Crabominable|47/100|[from] drain|[of] p2a: Crabominable\n|faint|p2a: Crabominable\n|move|p1a: Hatterene|Trick Room|p1a: Hatterene\n|-fieldend|move: Trick Room\n|\n|upkeep\n|\n|t:|1776616373\n|switch|p2a: Kingambit|Kingambit, L50, M|100/100\n|turn|4\n|\n|t:|1776616384\n|switch|p1a: Sinistcha|Sinistcha-Masterpiece, L50|100/100\n|-heal|p1b: Crabominable|72/100|[from] ability: Hospitality|[of] p1a: Sinistcha\n|move|p2a: Kingambit|Iron Head|p1b: Crabominable\n|-supereffective|p1b: Crabominable|1\n|-damage|p1b: Crabominable|0 fnt\n|faint|p1b: Crabominable\n|move|p2b: Farigiraf|Trick Room|p2b: Farigiraf\n|-fieldstart|move: Trick Room|[of] p2b: Farigiraf\n|\n|upkeep\n|\n|t:|1776616394\n|switch|p1b: Hatterene|Hatterene, L50, F|100/100\n|turn|5\n|\n|t:|1776616403\n|move|p1b: Hatterene|Dazzling Gleam|p2b: Farigiraf|[spread] p2a,p2b\n|-damage|p2a: Kingambit|67/100\n|-damage|p2b: Farigiraf|23/100\n|move|p2a: Kingambit|Kowtow Cleave|p1a: Sinistcha\n|-supereffective|p1a: Sinistcha|1\n|-damage|p1a: Sinistcha|0 fnt\n|faint|p1a: Sinistcha\n|move|p2b: Farigiraf|Twin Beam|p1b: Hatterene\n|-resisted|p1b: Hatterene|1\n|-damage|p1b: Hatterene|92/100\n|-resisted|p1b: Hatterene|1\n|-damage|p1b: Hatterene|84/100\n|-hitcount|p1b: Hatterene|2\n|\n|upkeep\n|turn|6\n|\n|t:|1776616414\n|move|p2b: Farigiraf|Helping Hand|p2a: Kingambit\n|-singleturn|p2a: Kingambit|Helping Hand|[of] p2b: Farigiraf\n|move|p1b: Hatterene|Dazzling Gleam|p2b: Farigiraf|[spread] p2a,p2b\n|-damage|p2a: Kingambit|32/100\n|-damage|p2b: Farigiraf|0 fnt\n|faint|p2b: Farigiraf\n|move|p2a: Kingambit|Iron Head|p1b: Hatterene\n|-supereffective|p1b: Hatterene|1\n|-damage|p1b: Hatterene|0 fnt\n|faint|p1b: Hatterene\n|\n|win|Xernos123\n|raw|That dude531's rating: 1064 &rarr; <strong>1043</strong><br />(-21 for losing)\n|raw|Xernos123's rating: 1034 &rarr; <strong>1072</strong><br />(+38 for winning)\n|l|\u2606That dude531\n|player|p1|\n",
  "uploadtime": 1776616422,
  "views": 8,
  "formatid": "gen9championsvgc2026regma",
  "rating": 1043,
  "private": 0,
  "password": null
}