{
  "id": "gen9championsvgc2026regma-2585936553",
  "format": "[Gen 9 Champions] VGC 2026 Reg M-A",
  "players": [
    "mightypoopy",
    "Simolili"
  ],
  "log": "|j|\u2606mightypoopy\n|j|\u2606Simolili\n|html|<table width=\"100%\"><tr><td align=\"left\">mightypoopy</td><td align=\"right\">Simolili</tr><tr><td align=\"left\"><i class=\"fa fa-circle\"></i> <i class=\"fa fa-circle-o\"></i> </td><td align=\"right\"><i class=\"fa fa-circle-o\"></i> <i class=\"fa fa-circle-o\"></i> </tr></table>\n|uhtml|bestof|<h2><strong>Game 2</strong> of <a href=\"/game-bestof3-gen9championsvgc2026regma-2585930847\">a best-of-3</a></h2>\n|t:|1776383043\n|gametype|doubles\n|player|p1|mightypoopy|sailor|\n|player|p2|Simolili|infielder|\n|gen|9\n|tier|[Gen 9 Champions] VGC 2026 Reg M-A\n|rule|Species Clause: Limit one of each Pok\u00e9mon\n|rule|Item Clause: Limit 1 of each item\n|raw|<div class=\"infobox\"><details class=\"readmore\" open><summary><strong>1 custom rule:</strong></summary> Best of = 3</details></div>\n|clearpoke\n|poke|p1|Aerodactyl, L50, M|\n|poke|p1|Heliolisk, L50, M|\n|poke|p1|Toxicroak, L50, F|\n|poke|p1|Torkoal, L50, F|\n|poke|p1|Typhlosion-Hisui, L50, F|\n|poke|p1|Runerigus, L50, M|\n|poke|p2|Gyarados, L50, F|\n|poke|p2|Decidueye, L50, F|\n|poke|p2|Garchomp, L50, F|\n|poke|p2|Bellibolt, L50, F|\n|poke|p2|Weavile, L50, F|\n|poke|p2|Pangoro, L50, F|\n|teampreview|4\nmightypoopy rejected open team sheets.\n|\n|t:|1776383172\n|teamsize|p1|4\n|teamsize|p2|4\n|start\n|switch|p1a: Aerodactyl|Aerodactyl, L50, M|100/100\n|switch|p1b: Runerigus|Runerigus, L50, M|100/100\n|switch|p2a: Jerry|Garchomp, L50, F, shiny|100/100\n|switch|p2b: Cold Cut|Weavile, L50, F|100/100\n|-ability|p1a: Aerodactyl|Unnerve\n|-ability|p2b: Cold Cut|Pressure\n|turn|1\n|\n|t:|1776383208\n|detailschange|p2a: Jerry|Garchomp-Mega, L50, F, shiny\n|-mega|p2a: Jerry|Garchomp|Garchompite\n|move|p2a: Jerry|Protect|p2a: Jerry\n|-singleturn|p2a: Jerry|Protect\n|move|p2b: Cold Cut|Fake Out|p1a: Aerodactyl\n|-resisted|p1a: Aerodactyl|1\n|-damage|p1a: Aerodactyl|90/100\n|cant|p1a: Aerodactyl|flinch\n|move|p1b: Runerigus|Body Press|p2b: Cold Cut\n|-supereffective|p2b: Cold Cut|2\n|-enditem|p2b: Cold Cut|Focus Sash\n|-damage|p2b: Cold Cut|1/100\n|\n|upkeep\n|turn|2\n|\n|t:|1776383259\n|switch|p1a: Torkoal|Torkoal, L50, F|100/100\n|-weather|SunnyDay|[from] ability: Drought|[of] p1a: Torkoal\n|switch|p2b: Big Red|Gyarados, L50, F, shiny|100/100\n|-ability|p2b: Big Red|Intimidate|boost\n|-unboost|p1a: Torkoal|atk|1\n|-unboost|p1b: Runerigus|atk|1\n|move|p2a: Jerry|Rock Slide|p1b: Runerigus|[spread] p1a,p1b\n|-supereffective|p1a: Torkoal|1\n|-resisted|p1b: Runerigus|1\n|-damage|p1a: Torkoal|65/100\n|-damage|p1b: Runerigus|91/100\n|move|p1b: Runerigus|Will-O-Wisp|p2a: Jerry\n|-status|p2a: Jerry|brn\n|\n|-weather|SunnyDay|[upkeep]\n|-heal|p1b: Runerigus|97/100|[from] item: Leftovers\n|-damage|p2a: Jerry|95/100 brn|[from] brn\n|upkeep\n|turn|3\n|\n|t:|1776383297\n|move|p1a: Torkoal|Helping Hand|p1b: Runerigus\n|-singleturn|p1b: Runerigus|Helping Hand|[of] p1a: Torkoal\n|move|p2a: Jerry|Earthquake|p1a: Torkoal|[spread] p1b\n|-immune|p2b: Big Red\n|-miss|p2a: Jerry|p1a: Torkoal\n|-damage|p1b: Runerigus|80/100\n|move|p2b: Big Red|Waterfall|p1a: Torkoal\n|-supereffective|p1a: Torkoal|1\n|-damage|p1a: Torkoal|38/100\n|move|p1b: Runerigus|Poltergeist|p2b: Big Red\n|-activate|p2b: Big Red|move: Poltergeist|Sitrus Berry\n|-damage|p2b: Big Red|59/100\n|\n|-weather|SunnyDay|[upkeep]\n|-heal|p1b: Runerigus|86/100|[from] item: Leftovers\n|-damage|p2a: Jerry|89/100 brn|[from] brn\n|upkeep\n|turn|4\n|\n|t:|1776383345\n|move|p2a: Jerry|Rock Slide|p1b: Runerigus|[spread] p1a,p1b\n|-supereffective|p1a: Torkoal|1\n|-resisted|p1b: Runerigus|1\n|-damage|p1a: Torkoal|22/100\n|-damage|p1b: Runerigus|81/100\n|move|p2b: Big Red|Sandstorm|p2b: Big Red\n|-weather|Sandstorm\n|cant|p1b: Runerigus|flinch\n|cant|p1a: Torkoal|flinch\n|\n|-weather|Sandstorm|[upkeep]\n|-damage|p2b: Big Red|53/100|[from] Sandstorm\n|-damage|p1a: Torkoal|16/100|[from] Sandstorm\n|-heal|p1b: Runerigus|87/100|[from] item: Leftovers\n|-damage|p2a: Jerry|83/100 brn|[from] brn\n|upkeep\n|turn|5\n|\n|t:|1776383369\n|switch|p1a: Aerodactyl|Aerodactyl, L50, M|90/100\n|-ability|p1a: Aerodactyl|Unnerve\n|move|p2a: Jerry|Rock Slide|p1a: Aerodactyl|[spread] p1a,p1b\n|-supereffective|p1a: Aerodactyl|1\n|-resisted|p1b: Runerigus|1\n|-damage|p1a: Aerodactyl|42/100\n|-damage|p1b: Runerigus|81/100\n|move|p2b: Big Red|Waterfall|p1b: Runerigus\n|-supereffective|p1b: Runerigus|1\n|-damage|p1b: Runerigus|11/100\n|-activate|p2b: Big Red|Skill Swap|Wandering Spirit|Intimidate|[of] p1b: Runerigus\n|-ability|p1b: Runerigus|Intimidate|boost\n|-unboost|p2a: Jerry|atk|1\n|-unboost|p2b: Big Red|atk|1\n|move|p1b: Runerigus|Will-O-Wisp|p2b: Big Red\n|-status|p2b: Big Red|brn\n|\n|-weather|Sandstorm|[upkeep]\n|-damage|p2b: Big Red|47/100 brn|[from] Sandstorm\n|-heal|p1b: Runerigus|17/100|[from] item: Leftovers\n|-damage|p2a: Jerry|77/100 brn|[from] brn\n|-damage|p2b: Big Red|41/100 brn|[from] brn\n|upkeep\n|turn|6\n|\n|t:|1776383397\n|move|p2a: Jerry|Protect|p2a: Jerry\n|-singleturn|p2a: Jerry|Protect\n|move|p1a: Aerodactyl|Tailwind|p1a: Aerodactyl\n|-sidestart|p1: mightypoopy|move: Tailwind\n|move|p2b: Big Red|Waterfall|p1b: Runerigus\n|-supereffective|p1b: Runerigus|1\n|-damage|p1b: Runerigus|0 fnt\n|faint|p1b: Runerigus\n|\n|-weather|Sandstorm|[upkeep]\n|-damage|p2b: Big Red|35/100 brn|[from] Sandstorm\n|-damage|p2a: Jerry|71/100 brn|[from] brn\n|-damage|p2b: Big Red|30/100 brn|[from] brn\n|upkeep\n|\n|t:|1776383401\n|switch|p1b: Torkoal|Torkoal, L50, F|16/100\n|-weather|SunnyDay|[from] ability: Drought|[of] p1b: Torkoal\n|turn|7\n|\n|t:|1776383431\n|switch|p2a: Jellybean|Bellibolt, L50, F|100/100\n|move|p1b: Torkoal|Helping Hand|p1a: Aerodactyl\n|-singleturn|p1a: Aerodactyl|Helping Hand|[of] p1b: Torkoal\n|move|p1a: Aerodactyl|Rock Slide|p2a: Jellybean|[spread] p2a,p2b\n|-supereffective|p2b: Big Red|1\n|-damage|p2a: Jellybean|74/100\n|-damage|p2b: Big Red|0 fnt\n|-start|p2a: Jellybean|Charge|Rock Slide|[from] ability: Electromorphosis\n|faint|p2b: Big Red\n|\n|-weather|SunnyDay|[upkeep]\n|upkeep\n|\n|t:|1776383442\n|switch|p2b: Jerry|Garchomp-Mega, L50, F, shiny|71/100 brn\n|turn|8\n|\n|t:|1776383452\n|switch|p1a: Heliolisk|Heliolisk, L50, M, shiny|100/100\n|move|p2b: Jerry|Protect|p2b: Jerry\n|-singleturn|p2b: Jerry|Protect\n|move|p1b: Torkoal|Protect|p1b: Torkoal\n|-singleturn|p1b: Torkoal|Protect\n|move|p2a: Jellybean|Discharge|p1b: Torkoal|[spread] p1a\n|-activate|p2b: Jerry|move: Protect\n|-activate|p1b: Torkoal|move: Protect\n|-resisted|p1a: Heliolisk|1\n|-damage|p1a: Heliolisk|70/100\n|-end|p2a: Jellybean|Charge|[silent]\n|\n|-weather|SunnyDay|[upkeep]\n|-damage|p1a: Heliolisk|57/100|[from] ability: Solar Power|[of] p1a: Heliolisk\n|-damage|p2b: Jerry|65/100 brn|[from] brn\n|upkeep\n|turn|9\n|\n|t:|1776383479\n|move|p2a: Jellybean|Protect|p2a: Jellybean\n|-singleturn|p2a: Jellybean|Protect\n|move|p1a: Heliolisk|Dragon Pulse|p2b: Jerry\n|-supereffective|p2b: Jerry|1\n|-damage|p2b: Jerry|0 fnt\n|faint|p2b: Jerry\n|move|p1b: Torkoal|Weather Ball|p2a: Jellybean\n|-activate|p2a: Jellybean|move: Protect\n|\n|-weather|SunnyDay|[upkeep]\n|-damage|p1a: Heliolisk|45/100|[from] ability: Solar Power|[of] p1a: Heliolisk\n|-sideend|p1: mightypoopy|move: Tailwind\n|upkeep\n|\n|t:|1776383490\n|switch|p2b: Cold Cut|Weavile, L50, F|1/100\n|-ability|p2b: Cold Cut|Pressure\n|turn|10\n|\n|t:|1776383540\n|move|p2b: Cold Cut|Fake Out|p1a: Heliolisk\n|-damage|p1a: Heliolisk|14/100\n|cant|p1a: Heliolisk|flinch\n|move|p2a: Jellybean|Weather Ball|p1b: Torkoal\n|-resisted|p1b: Torkoal|1\n|-damage|p1b: Torkoal|0 fnt\n|faint|p1b: Torkoal\n|\n|-weather|SunnyDay|[upkeep]\n|-damage|p1a: Heliolisk|2/100|[from] ability: Solar Power|[of] p1a: Heliolisk\n|upkeep\n|\n|t:|1776383547\n|switch|p1b: Aerodactyl|Aerodactyl, L50, M|42/100\n|-ability|p1b: Aerodactyl|Unnerve\n|turn|11\n|\n|t:|1776383563\n|move|p1b: Aerodactyl|Protect|p1b: Aerodactyl\n|-singleturn|p1b: Aerodactyl|Protect\n|move|p2b: Cold Cut|Protect|p2b: Cold Cut\n|-singleturn|p2b: Cold Cut|Protect\n|move|p1a: Heliolisk|Dragon Pulse|p2b: Cold Cut\n|-activate|p2b: Cold Cut|move: Protect\n|move|p2a: Jellybean|Discharge|p1a: Heliolisk|[spread] p1a\n|-activate|p2b: Cold Cut|move: Protect\n|-activate|p1b: Aerodactyl|move: Protect\n|-resisted|p1a: Heliolisk|1\n|-damage|p1a: Heliolisk|0 fnt\n|faint|p1a: Heliolisk\n|\n|-weather|none\n|upkeep\n|turn|12\n|\n|t:|1776383583\n|detailschange|p1b: Aerodactyl|Aerodactyl-Mega, L50, M\n|-mega|p1b: Aerodactyl|Aerodactyl|Aerodactylite\n|move|p1b: Aerodactyl|Rock Slide|p2b: Cold Cut|[spread] p2a,p2b\n|-supereffective|p2b: Cold Cut|1\n|-damage|p2a: Jellybean|51/100\n|-damage|p2b: Cold Cut|0 fnt\n|-start|p2a: Jellybean|Charge|Rock Slide|[from] ability: Electromorphosis\n|faint|p2b: Cold Cut\n|move|p2a: Jellybean|Discharge|p1b: Aerodactyl\n|-supereffective|p1b: Aerodactyl|1\n|-damage|p1b: Aerodactyl|0 fnt\n|faint|p1b: Aerodactyl\n|-end|p2a: Jellybean|Charge|[silent]\n|\n|win|Simolili\n|inactive|mightypoopy has 30 seconds to confirm battle start!\n|inactive|Simolili has 30 seconds to confirm battle start!\n||Simolili is ready for game 3.\n||mightypoopy is ready for game 3.\n|uhtml|next|Next: <a href=\"/battle-gen9championsvgc2026regma-2585942547\"><strong>Game 3 of 3</strong></a>\n",
  "uploadtime": 1776384478,
  "views": 39,
  "formatid": "gen9championsvgc2026regma",
  "rating": null,
  "private": 0,
  "password": null
}