{
  "id": "gen9championsvgc2026regma-2581441761",
  "format": "[Gen 9 Champions] VGC 2026 Reg M-A",
  "players": [
    "Mask4M",
    "miruna11"
  ],
  "log": "|j|\u2606Mask4M\n|j|\u2606miruna11\n|t:|1776000776\n|gametype|doubles\n|player|p1|Mask4M|102|1098\n|player|p2|miruna11|unknownf|1140\n|gen|9\n|tier|[Gen 9 Champions] VGC 2026 Reg M-A\n|rated|\n|rule|Species Clause: Limit one of each Pok\u00e9mon\n|rule|Item Clause: Limit 1 of each item\n|clearpoke\n|poke|p1|Glimmora, L50, M|\n|poke|p1|Froslass, L50, F|\n|poke|p1|Sneasler, L50, M|\n|poke|p1|Incineroar, L50, M|\n|poke|p1|Whimsicott, L50, M|\n|poke|p1|Gyarados, L50, M|\n|poke|p2|Aerodactyl, L50, F|\n|poke|p2|Gengar, L50, M|\n|poke|p2|Maushold-Four, L50|\n|poke|p2|Incineroar, L50, M|\n|poke|p2|Sneasler, L50, F|\n|poke|p2|Kommo-o, L50, M|\n|teampreview|4\n|inactive|Battle timer is ON: inactive players will automatically lose when time's up. (requested by miruna11)\nMask4M has agreed to open team sheets.\n|inactive|Mask4M has 60 seconds left.\n|inactive|miruna11 has 60 seconds left.\n|\n|t:|1776000822\n|teamsize|p1|4\n|teamsize|p2|4\n|start\n|switch|p1a: Glimmora|Glimmora, L50, M|100/100\n|switch|p1b: Incineroar|Incineroar, L50, M|100/100\n|switch|p2a: Gengar|Gengar, L50, M|100/100\n|switch|p2b: Maushold|Maushold-Four, L50|100/100\n|-ability|p1b: Incineroar|Intimidate|boost\n|-unboost|p2a: Gengar|atk|1\n|-unboost|p2b: Maushold|atk|1\n|turn|1\n|inactive|Mask4M has 30 seconds left.\n|\n|t:|1776000854\n|detailschange|p2a: Gengar|Gengar-Mega, L50, M\n|-mega|p2a: Gengar|Gengar|Gengarite\n|detailschange|p1a: Glimmora|Glimmora-Mega, L50, M\n|-mega|p1a: Glimmora|Glimmora|Glimmoranite\n|move|p2a: Gengar|Protect|p2a: Gengar\n|-singleturn|p2a: Gengar|Protect\n|move|p2b: Maushold|Protect|p2b: Maushold\n|-singleturn|p2b: Maushold|Protect\n|move|p1a: Glimmora|Sludge Bomb|p2b: Maushold\n|-activate|p2b: Maushold|move: Protect\n|move|p1b: Incineroar|Throat Chop|p2a: Gengar\n|-activate|p2a: Gengar|move: Protect\n|\n|upkeep\n|turn|2\n|inactive|miruna11 has 30 seconds left.\n|\n|t:|1776000880\n|move|p1a: Glimmora|Spiky Shield|p1a: Glimmora\n|-singleturn|p1a: Glimmora|move: Protect\n|move|p2a: Gengar|Disable|p1b: Incineroar\n|-start|p1b: Incineroar|Disable|Throat Chop\n|move|p2b: Maushold|Encore|p1b: Incineroar\n|-start|p1b: Incineroar|Encore\n|cant|p1b: Incineroar|Disable|Throat Chop\n|\n|upkeep\n|turn|3\n|c|\u2606Mask4M|evil\n|inactive|Mask4M has 30 seconds left.\n|\n|t:|1776000907\n|move|p2a: Gengar|Shadow Ball|p1a: Glimmora\n|-damage|p1a: Glimmora|53/100\n|move|p2b: Maushold|Encore|p1a: Glimmora\n|-start|p1a: Glimmora|Encore\n|move|p1a: Glimmora|Spiky Shield||[still]\n|-fail|p1a: Glimmora\n|-activate|p1b: Incineroar|move: Struggle\n|move|p1b: Incineroar|Struggle|p2a: Gengar\n|-damage|p2a: Gengar|87/100\n|-damage|p1b: Incineroar|75/100|[from] recoil\n|\n|upkeep\n|turn|4\n|inactive|miruna11 has 30 seconds left.\n|inactive|miruna11 has 20 seconds left.\n|\n|t:|1776000946\n|move|p1a: Glimmora|Spiky Shield|p1a: Glimmora\n|-singleturn|p1a: Glimmora|move: Protect\n|move|p2a: Gengar|Shadow Ball|p1b: Incineroar\n|-resisted|p1b: Incineroar|1\n|-damage|p1b: Incineroar|54/100\n|move|p2b: Maushold|Super Fang|p1b: Incineroar\n|-damage|p1b: Incineroar|28/100\n|-enditem|p1b: Incineroar|Sitrus Berry|[eat]\n|-heal|p1b: Incineroar|52/100|[from] item: Sitrus Berry\n|-activate|p1b: Incineroar|move: Struggle\n|move|p1b: Incineroar|Struggle|p2a: Gengar\n|-damage|p2a: Gengar|75/100\n|-damage|p1b: Incineroar|27/100|[from] recoil\n|\n|-end|p1b: Incineroar|Encore\n|upkeep\n|turn|5\n|inactive|Mask4M has 30 seconds left.\n|\n|t:|1776000974\n|move|p1a: Glimmora|Spiky Shield||[still]\n|-fail|p1a: Glimmora\n|move|p2a: Gengar|Shadow Ball|p1a: Glimmora\n|-damage|p1a: Glimmora|5/100\n|move|p2b: Maushold|Encore||[still]\n|-fail|p2b: Maushold\n|move|p1b: Incineroar|Parting Shot|p2a: Gengar\n|-unboost|p2a: Gengar|atk|1\n|-unboost|p2a: Gengar|spa|1\n|\n|t:|1776000984\n|switch|p1b: Whimsicott|Whimsicott, L50, M|100/100|[from] Parting Shot\n|\n|-end|p1a: Glimmora|Encore\n|upkeep\n|turn|6\n|inactive|miruna11 has 30 seconds left.\n|inactive|miruna11 has 20 seconds left.\n|inactive|miruna11 has 15 seconds left.\n|\n|t:|1776001028\n|move|p2a: Gengar|Protect|p2a: Gengar\n|-singleturn|p2a: Gengar|Protect\n|move|p1b: Whimsicott|Encore||[still]\n|-fail|p1b: Whimsicott\n|move|p2b: Maushold|Super Fang|p1b: Whimsicott\n|-damage|p1b: Whimsicott|51/100\n|move|p1a: Glimmora|Earth Power|p2a: Gengar\n|-activate|p2a: Gengar|move: Protect\n|\n|upkeep\n|turn|7\n|inactive|miruna11 has 30 seconds left.\n|\n|t:|1776001058\n|switch|p2a: Incineroar|Incineroar, L50, M|100/100\n|-ability|p2a: Incineroar|Intimidate|boost\n|-unboost|p1a: Glimmora|atk|1\n|-unboost|p1b: Whimsicott|atk|1\n|move|p1b: Whimsicott|Tailwind|p1b: Whimsicott\n|-sidestart|p1: Mask4M|move: Tailwind\n|move|p1a: Glimmora|Earth Power|p2a: Incineroar\n|-supereffective|p2a: Incineroar|1\n|-damage|p2a: Incineroar|55/100\n|move|p2b: Maushold|Super Fang|p1b: Whimsicott\n|-damage|p1b: Whimsicott|26/100\n|\n|upkeep\n|turn|8\n|inactive|Mask4M has 30 seconds left.\n|inactive|miruna11 has 30 seconds left.\n|\n|t:|1776001085\n|switch|p1a: Sneasler|Sneasler, L50, M|100/100\n|move|p2b: Maushold|Follow Me|p2b: Maushold\n|-singleturn|p2b: Maushold|move: Follow Me\n|move|p1b: Whimsicott|Moonblast|p2b: Maushold\n|-damage|p2b: Maushold|50/100\n|move|p2a: Incineroar|Flare Blitz|p1a: Sneasler\n|-damage|p1a: Sneasler|3/100\n|-damage|p2a: Incineroar|31/100|[from] Recoil\n|-enditem|p2a: Incineroar|Sitrus Berry|[eat]\n|-heal|p2a: Incineroar|55/100|[from] item: Sitrus Berry\n|\n|upkeep\n|turn|9\n|\n|t:|1776001100\n|move|p1a: Sneasler|Protect|p1a: Sneasler\n|-singleturn|p1a: Sneasler|Protect\n|move|p2b: Maushold|Follow Me|p2b: Maushold\n|-singleturn|p2b: Maushold|move: Follow Me\n|move|p1b: Whimsicott|Moonblast|p2b: Maushold\n|-damage|p2b: Maushold|5/100\n|move|p2a: Incineroar|Parting Shot|p1a: Sneasler\n|-activate|p1a: Sneasler|move: Protect\n|\n|upkeep\n|turn|10\n|\n|t:|1776001120\n|switch|p1a: Incineroar|Incineroar, L50, M|27/100\n|-ability|p1a: Incineroar|Intimidate|boost\n|-unboost|p2a: Incineroar|atk|1\n|-unboost|p2b: Maushold|atk|1\n|move|p2b: Maushold|Follow Me|p2b: Maushold\n|-singleturn|p2b: Maushold|move: Follow Me\n|move|p1b: Whimsicott|Moonblast|p2b: Maushold\n|-damage|p2b: Maushold|0 fnt\n|faint|p2b: Maushold\n|move|p2a: Incineroar|Darkest Lariat|p1a: Incineroar\n|-resisted|p1a: Incineroar|1\n|-damage|p1a: Incineroar|18/100\n|\n|-sideend|p1: Mask4M|move: Tailwind\n|upkeep\n|\n|t:|1776001138\n|switch|p2b: Sneasler|Sneasler, L50, F|100/100\n|turn|11\n|\n|t:|1776001159\n|switch|p1b: Sneasler|Sneasler, L50, M|3/100\n|move|p2b: Sneasler|Close Combat|p1a: Incineroar\n|-supereffective|p1a: Incineroar|1\n|-damage|p1a: Incineroar|0 fnt\n|-unboost|p2b: Sneasler|def|1\n|-unboost|p2b: Sneasler|spd|1\n|faint|p1a: Incineroar\n|-enditem|p2b: Sneasler|White Herb\n|-clearnegativeboost|p2b: Sneasler|[silent]\n|move|p2a: Incineroar|Flare Blitz|p1b: Sneasler\n|-damage|p1b: Sneasler|0 fnt\n|faint|p1b: Sneasler\n|-damage|p2a: Incineroar|55/100|[from] Recoil\n|\n|upkeep\n|\n|t:|1776001170\n|switch|p1b: Whimsicott|Whimsicott, L50, M|26/100\n|switch|p1a: Glimmora|Glimmora-Mega, L50, M|5/100\n|turn|12\n|\n|t:|1776001194\n|move|p1b: Whimsicott|Tailwind|p1b: Whimsicott\n|-sidestart|p1: Mask4M|move: Tailwind\n|move|p2b: Sneasler|Dire Claw|p1b: Whimsicott\n|-supereffective|p1b: Whimsicott|2\n|-damage|p1b: Whimsicott|0 fnt\n|faint|p1b: Whimsicott\n|move|p1a: Glimmora|Power Gem|p2a: Incineroar\n|-supereffective|p2a: Incineroar|1\n|-damage|p2a: Incineroar|0 fnt\n|faint|p2a: Incineroar\n|\n|upkeep\n|-message|Mask4M forfeited.\n|\n|win|miruna11\n|raw|Mask4M's rating: 1098 &rarr; <strong>1076</strong><br />(-22 for losing)\n|raw|miruna11's rating: 1140 &rarr; <strong>1162</strong><br />(+22 for winning)\n",
  "uploadtime": 1776001217,
  "views": 19,
  "formatid": "gen9championsvgc2026regma",
  "rating": 1076,
  "private": 0,
  "password": null
}