{
  "id": "gen9championsvgc2026regma-2581317164",
  "format": "[Gen 9 Champions] VGC 2026 Reg M-A",
  "players": [
    "youmu002",
    "Nuyln"
  ],
  "log": "|j|\u203dyoumu002\n|j|\u2606Nuyln\n|t:|1775985769\n|gametype|doubles\n|player|p1|youmu002|dawn|1065\n|player|p2|Nuyln|265|1048\n|gen|9\n|tier|[Gen 9 Champions] VGC 2026 Reg M-A\n|rated|\n|rule|Species Clause: Limit one of each Pok\u00e9mon\n|rule|Item Clause: Limit 1 of each item\n|clearpoke\n|poke|p1|Incineroar, L50, F|\n|poke|p1|Aerodactyl, L50, F|\n|poke|p1|Excadrill, L50, M|\n|poke|p1|Tyranitar, L50, F|\n|poke|p1|Milotic, L50, F|\n|poke|p1|Manectric, L50, M|\n|poke|p2|Floette-Eternal, L50, F|\n|poke|p2|Aerodactyl, L50, M|\n|poke|p2|Garchomp, L50, M|\n|poke|p2|Incineroar, L50, F|\n|poke|p2|Orthworm, L50, F|\n|poke|p2|Sneasler, L50, M|\n|teampreview|4\n|inactive|Battle timer is ON: inactive players will automatically lose when time's up. (requested by youmu002)\n|inactive|Nuyln has 60 seconds left.\n|inactive|Nuyln has 30 seconds left.\n|inactive|Nuyln has 20 seconds left.\n|inactive|Nuyln has 15 seconds left.\n|\n|t:|1775985859\n|teamsize|p1|4\n|teamsize|p2|4\n|start\n|switch|p1a: Aerodactyl|Aerodactyl, L50, F|100/100\n|switch|p1b: Excadrill|Excadrill, L50, M|100/100\n|switch|p2a: Incineroar|Incineroar, L50, F|100/100\n|switch|p2b: Sneasler|Sneasler, L50, M|100/100\n|-ability|p1a: Aerodactyl|Unnerve\n|-ability|p2a: Incineroar|Intimidate|boost\n|-unboost|p1a: Aerodactyl|atk|1\n|-unboost|p1b: Excadrill|atk|1\n|turn|1\n|\n|t:|1775985881\n|detailschange|p1a: Aerodactyl|Aerodactyl-Mega, L50, F\n|-mega|p1a: Aerodactyl|Aerodactyl|Aerodactylite\n|move|p1b: Excadrill|Protect|p1b: Excadrill\n|-singleturn|p1b: Excadrill|Protect\n|move|p2a: Incineroar|Fake Out|p1a: Aerodactyl\n|-resisted|p1a: Aerodactyl|1\n|-damage|p1a: Aerodactyl|93/100\n|cant|p1a: Aerodactyl|flinch\n|move|p2b: Sneasler|Close Combat|p1b: Excadrill\n|-activate|p1b: Excadrill|move: Protect\n|\n|upkeep\n|turn|2\n|inactive|Nuyln has 30 seconds left.\n|inactive|Nuyln has 20 seconds left.\n|inactive|Nuyln has 15 seconds left.\n|inactive|Nuyln has 10 seconds left.\n|\n|t:|1775985928\n|switch|p2b: Orthworm|Orthworm, L50, F|100/100\n|move|p1a: Aerodactyl|Dual Wingbeat|p2b: Orthworm\n|-resisted|p2b: Orthworm|1\n|-damage|p2b: Orthworm|94/100\n|-resisted|p2b: Orthworm|1\n|-damage|p2b: Orthworm|87/100\n|-hitcount|p2b: Orthworm|2\n|move|p1b: Excadrill|High Horsepower|p2a: Incineroar|[miss]\n|-miss|p1b: Excadrill|p2a: Incineroar\n|move|p2a: Incineroar|Flare Blitz|p1b: Excadrill\n|-supereffective|p1b: Excadrill|1\n|-enditem|p1b: Excadrill|Focus Sash\n|-damage|p1b: Excadrill|1/100\n|-damage|p2a: Incineroar|70/100|[from] Recoil\n|\n|-heal|p2b: Orthworm|93/100|[from] item: Leftovers\n|upkeep\n|turn|3\n|inactive|youmu002 has 30 seconds left.\n|\n|t:|1775985963\n|switch|p1a: Incineroar|Incineroar, L50, F|100/100\n|-ability|p1a: Incineroar|Intimidate|boost\n|-unboost|p2a: Incineroar|atk|1\n|-unboost|p2b: Orthworm|atk|1\n|switch|p2a: Floette|Floette-Eternal, L50, F|100/100\n|move|p1b: Excadrill|High Horsepower|p2a: Floette\n|-damage|p2a: Floette|63/100\n|move|p2b: Orthworm|Iron Defense|p2b: Orthworm\n|-boost|p2b: Orthworm|def|2\n|\n|-heal|p2b: Orthworm|99/100|[from] item: Leftovers\n|upkeep\n|turn|4\n|inactive|Nuyln has 30 seconds left.\n|inactive|youmu002 has 30 seconds left.\n|inactive|Nuyln has 20 seconds left.\n|inactive|Nuyln has 15 seconds left.\n|\n|t:|1775986008\n|switch|p2a: Incineroar|Incineroar, L50, F|70/100\n|-ability|p2a: Incineroar|Intimidate|boost\n|-unboost|p1a: Incineroar|atk|1\n|-unboost|p1b: Excadrill|atk|1\n|move|p1b: Excadrill|Protect|p1b: Excadrill\n|-singleturn|p1b: Excadrill|Protect\n|move|p2b: Orthworm|Body Press|p1a: Incineroar\n|-supereffective|p1a: Incineroar|1\n|-damage|p1a: Incineroar|8/100\n|-enditem|p1a: Incineroar|Sitrus Berry|[eat]\n|-heal|p1a: Incineroar|33/100|[from] item: Sitrus Berry\n|move|p1a: Incineroar|Will-O-Wisp|p2b: Orthworm\n|-status|p2b: Orthworm|brn\n|\n|-heal|p2b: Orthworm|100/100 brn|[from] item: Leftovers\n|-damage|p2b: Orthworm|94/100 brn|[from] brn\n|upkeep\n|turn|5\n|inactive|youmu002 has 30 seconds left.\n|inactive|Nuyln has 30 seconds left.\n|inactive|youmu002 has 20 seconds left.\n|\n|t:|1775986046\n|switch|p1b: Tyranitar|Tyranitar, L50, F|100/100\n|-weather|Sandstorm|[from] ability: Sand Stream|[of] p1b: Tyranitar\n|move|p2a: Incineroar|Fake Out|p1a: Incineroar\n|-damage|p1a: Incineroar|22/100\n|move|p2b: Orthworm|Iron Defense|p2b: Orthworm\n|-boost|p2b: Orthworm|def|2\n|cant|p1a: Incineroar|flinch\n|\n|-weather|Sandstorm|[upkeep]\n|-damage|p2a: Incineroar|64/100|[from] Sandstorm\n|-damage|p1a: Incineroar|16/100|[from] Sandstorm\n|-heal|p2b: Orthworm|100/100 brn|[from] item: Leftovers\n|-damage|p2b: Orthworm|94/100 brn|[from] brn\n|upkeep\n|turn|6\n|inactive|Nuyln has 30 seconds left.\n|\n|t:|1775986081\n|switch|p2a: Sneasler|Sneasler, L50, M|100/100\n|move|p1b: Tyranitar|Rock Slide|p2b: Orthworm|[spread] p2a,p2b\n|-resisted|p2a: Sneasler|1\n|-resisted|p2b: Orthworm|1\n|-damage|p2a: Sneasler|74/100\n|-damage|p2b: Orthworm|90/100 brn\n|move|p2b: Orthworm|Body Press|p1a: Incineroar\n|-supereffective|p1a: Incineroar|1\n|-damage|p1a: Incineroar|0 fnt\n|faint|p1a: Incineroar\n|\n|-weather|Sandstorm|[upkeep]\n|-damage|p2a: Sneasler|68/100|[from] Sandstorm\n|-heal|p2b: Orthworm|96/100 brn|[from] item: Leftovers\n|-damage|p2b: Orthworm|90/100 brn|[from] brn\n|upkeep\n|\n|t:|1775986097\n|switch|p1a: Aerodactyl|Aerodactyl-Mega, L50, F|93/100\n|turn|7\n|\n|t:|1775986114\n|move|p2a: Sneasler|Fake Out|p1a: Aerodactyl\n|-resisted|p1a: Aerodactyl|1\n|-crit|p1a: Aerodactyl\n|-damage|p1a: Aerodactyl|80/100\n|cant|p1a: Aerodactyl|flinch\n|move|p1b: Tyranitar|Rock Slide|p2b: Orthworm|[spread] p2a\n|-miss|p1b: Tyranitar|p2b: Orthworm\n|-resisted|p2a: Sneasler|1\n|-damage|p2a: Sneasler|41/100\n|move|p2b: Orthworm|Body Press|p1b: Tyranitar\n|-supereffective|p1b: Tyranitar|2\n|-damage|p1b: Tyranitar|0 fnt\n|faint|p1b: Tyranitar\n|\n|-weather|Sandstorm|[upkeep]\n|-damage|p2a: Sneasler|35/100|[from] Sandstorm\n|-heal|p2b: Orthworm|96/100 brn|[from] item: Leftovers\n|-damage|p2b: Orthworm|90/100 brn|[from] brn\n|upkeep\n|\n|t:|1775986129\n|switch|p1b: Excadrill|Excadrill, L50, M|1/100\n|turn|8\n|\n|t:|1775986139\n|switch|p2a: Incineroar|Incineroar, L50, F|64/100\n|-ability|p2a: Incineroar|Intimidate|boost\n|-unboost|p1a: Aerodactyl|atk|1\n|-unboost|p1b: Excadrill|atk|1\n|move|p1b: Excadrill|Rock Slide|p2a: Incineroar|[spread] p2a,p2b\n|-supereffective|p2a: Incineroar|1\n|-resisted|p2b: Orthworm|1\n|-damage|p2a: Incineroar|39/100\n|-damage|p2b: Orthworm|88/100 brn\n|move|p1a: Aerodactyl|Dual Wingbeat|p2a: Incineroar|[miss]\n|-miss|p1a: Aerodactyl|p2a: Incineroar\n|cant|p2b: Orthworm|flinch\n|\n|-weather|Sandstorm|[upkeep]\n|-damage|p2a: Incineroar|33/100|[from] Sandstorm\n|-heal|p2b: Orthworm|94/100 brn|[from] item: Leftovers\n|-damage|p2b: Orthworm|88/100 brn|[from] brn\n|upkeep\n|turn|9\n|-message|youmu002 forfeited.\n|\n|win|Nuyln\n|raw|youmu002's rating: 1065 &rarr; <strong>1044</strong><br />(-21 for losing)\n|raw|Nuyln's rating: 1048 &rarr; <strong>1082</strong><br />(+34 for winning)\n|l|\u203dyoumu002\n|player|p1|\n|c|\u2606Nuyln|gg\n",
  "uploadtime": 1775986160,
  "views": 26,
  "formatid": "gen9championsvgc2026regma",
  "rating": 1044,
  "private": 0,
  "password": null
}