{
  "id": "gen9championsvgc2026regma-2583849253",
  "format": "[Gen 9 Champions] VGC 2026 Reg M-A",
  "players": [
    "Tiguh",
    "wzzlr"
  ],
  "log": "|j|\u2606Tiguh\n|j|\u2606wzzlr\n|t:|1776202509\n|gametype|doubles\n|player|p1|Tiguh|169|1186\n|player|p2|wzzlr|rancher|1247\n|gen|9\n|tier|[Gen 9 Champions] VGC 2026 Reg M-A\n|rated|\n|rule|Species Clause: Limit one of each Pok\u00e9mon\n|rule|Item Clause: Limit 1 of each item\n|clearpoke\n|poke|p1|Scovillain, L50, F|\n|poke|p1|Dragonite, L50, F|\n|poke|p1|Sneasler, L50, F|\n|poke|p1|Kommo-o, L50, M|\n|poke|p1|Primarina, L50, F|\n|poke|p1|Palafin, L50, F|\n|poke|p2|Sneasler, L50, M|\n|poke|p2|Pelipper, L50, F|\n|poke|p2|Basculegion, L50, M|\n|poke|p2|Farigiraf, L50, F|\n|poke|p2|Archaludon, L50, M|\n|poke|p2|Meganium, L50, F|\n|teampreview|4\n|inactive|Battle timer is ON: inactive players will automatically lose when time's up. (requested by wzzlr)\n|inactive|Tiguh has 60 seconds left.\n|inactive|wzzlr has 60 seconds left.\n|\n|t:|1776202543\n|teamsize|p1|4\n|teamsize|p2|4\n|start\n|switch|p1a: Scovillain|Scovillain, L50, F|100/100\n|switch|p1b: Primarina|Primarina, L50, F|100/100\n|switch|p2a: Farigiraf|Farigiraf, L50, F, shiny|100/100\n|switch|p2b: Meganium|Meganium, L50, F, shiny|100/100\n|turn|1\n|\n|t:|1776202557\n|detailschange|p1a: Scovillain|Scovillain-Mega, L50, F\n|-mega|p1a: Scovillain|Scovillain|Scovillainite\n|move|p2b: Meganium|Protect|p2b: Meganium\n|-singleturn|p2b: Meganium|Protect\n|move|p1a: Scovillain|Overheat|p2a: Farigiraf\n|-damage|p2a: Farigiraf|44/100\n|-unboost|p1a: Scovillain|spa|2\n|-enditem|p2a: Farigiraf|Sitrus Berry|[eat]\n|-heal|p2a: Farigiraf|69/100|[from] item: Sitrus Berry\n|move|p1b: Primarina|Moonblast|p2a: Farigiraf\n|-damage|p2a: Farigiraf|22/100\n|move|p2a: Farigiraf|Trick Room|p2a: Farigiraf\n|-fieldstart|move: Trick Room|[of] p2a: Farigiraf\n|\n|upkeep\n|turn|2\n|\n|t:|1776202581\n|switch|p2a: Pelipper|Pelipper, L50, F, shiny|100/100\n|-weather|RainDance|[from] ability: Drizzle|[of] p2a: Pelipper\n|detailschange|p2b: Meganium|Meganium-Mega, L50, F, shiny\n|-mega|p2b: Meganium|Meganium|Meganiumite\n|move|p1a: Scovillain|Rage Powder|p1a: Scovillain\n|-singleturn|p1a: Scovillain|move: Rage Powder\n|move|p1b: Primarina|Calm Mind|p1b: Primarina\n|-boost|p1b: Primarina|spa|1\n|-boost|p1b: Primarina|spd|1\n|move|p2b: Meganium|Solar Beam||[still]\n|-prepare|p2b: Meganium|Solar Beam\n|-activate|p2b: Meganium|ability: Mega Sol\n|-anim|p2b: Meganium|Solar Beam|p1b: Primarina\n|-supereffective|p1b: Primarina|1\n|-damage|p1b: Primarina|17/100\n|\n|-weather|RainDance|[upkeep]\n|-heal|p1b: Primarina|23/100|[from] item: Leftovers\n|upkeep\n|turn|3\n|inactive|Tiguh has 30 seconds left.\n|inactive|wzzlr has 30 seconds left.\n|inactive|wzzlr has 20 seconds left.\n|\n|t:|1776202621\n|move|p1b: Primarina|Protect|p1b: Primarina\n|-singleturn|p1b: Primarina|Protect\n|move|p2b: Meganium|Protect|p2b: Meganium\n|-singleturn|p2b: Meganium|Protect\n|move|p1a: Scovillain|Rage Powder|p1a: Scovillain\n|-singleturn|p1a: Scovillain|move: Rage Powder\n|move|p2a: Pelipper|Hurricane|p1a: Scovillain\n|-supereffective|p1a: Scovillain|1\n|-damage|p1a: Scovillain|9/100\n|-status|p2a: Pelipper|brn|[from] ability: Spicy Spray|[of] p1a: Scovillain\n|\n|-weather|RainDance|[upkeep]\n|-heal|p1b: Primarina|29/100|[from] item: Leftovers\n|-damage|p2a: Pelipper|95/100 brn|[from] brn\n|upkeep\n|turn|4\n|\n|t:|1776202632\n|move|p1b: Primarina|Moonblast|p2b: Meganium\n|-damage|p2b: Meganium|31/100\n|-unboost|p2b: Meganium|spa|1\n|move|p1a: Scovillain|Leech Seed|p2a: Pelipper\n|-start|p2a: Pelipper|move: Leech Seed\n|move|p2b: Meganium|Dazzling Gleam|p1a: Scovillain|[spread] p1a,p1b\n|-resisted|p1a: Scovillain|1\n|-damage|p1a: Scovillain|0 fnt\n|-damage|p1b: Primarina|14/100\n|-status|p2b: Meganium|brn|[from] ability: Spicy Spray|[of] p1a: Scovillain\n|faint|p1a: Scovillain\n|move|p2a: Pelipper|Hurricane|p1b: Primarina\n|-damage|p1b: Primarina|0 fnt\n|faint|p1b: Primarina\n|\n|-weather|RainDance|[upkeep]\n|-damage|p2b: Meganium|25/100 brn|[from] brn\n|-damage|p2a: Pelipper|89/100 brn|[from] brn\n|upkeep\n|\n|t:|1776202637\n|switch|p1b: Sneasler|Sneasler, L50, F|100/100\n|switch|p1a: Kommo-o|Kommo-o, L50, M|100/100\n|turn|5\n|\n|t:|1776202649\n|switch|p2b: Farigiraf|Farigiraf, L50, F, shiny|22/100\n|move|p1a: Kommo-o|Protect|p1a: Kommo-o\n|-singleturn|p1a: Kommo-o|Protect\n|move|p1b: Sneasler|Fake Out||[still]\n|cant|p2b: Farigiraf|ability: Armor Tail|Fake Out|[of] p1b: Sneasler\n|move|p2a: Pelipper|Tailwind|p2a: Pelipper\n|-sidestart|p2: wzzlr|move: Tailwind\n|\n|-weather|RainDance|[upkeep]\n|-damage|p2a: Pelipper|77/100 brn|[from] Leech Seed|[of] p1a: Kommo-o\n|-damage|p2a: Pelipper|71/100 brn|[from] brn\n|-fieldend|move: Trick Room\n|upkeep\n|turn|6\n|\n|t:|1776202672\n|move|p2a: Pelipper|Hurricane|p1b: Sneasler\n|-supereffective|p1b: Sneasler|1\n|-enditem|p1b: Sneasler|Focus Sash\n|-damage|p1b: Sneasler|1/100\n|move|p1b: Sneasler|Dire Claw|p2a: Pelipper\n|-damage|p2a: Pelipper|15/100 brn\n|move|p2b: Farigiraf|Twin Beam|p1a: Kommo-o\n|-supereffective|p1a: Kommo-o|1\n|-damage|p1a: Kommo-o|72/100\n|-supereffective|p1a: Kommo-o|1\n|-damage|p1a: Kommo-o|39/100\n|-enditem|p1a: Kommo-o|Sitrus Berry|[eat]\n|-heal|p1a: Kommo-o|64/100|[from] item: Sitrus Berry\n|-hitcount|p1a: Kommo-o|2\n|move|p1a: Kommo-o|Clanging Scales|p2a: Pelipper|[spread] p2a,p2b\n|-damage|p2a: Pelipper|0 fnt\n|-damage|p2b: Farigiraf|0 fnt\n|faint|p2a: Pelipper\n|faint|p2b: Farigiraf\n|-unboost|p1a: Kommo-o|def|1\n|\n|-weather|none\n|upkeep\n|\n|t:|1776202677\n|switch|p2a: Archaludon|Archaludon, L50, M|100/100\n|switch|p2b: Meganium|Meganium-Mega, L50, F, shiny|25/100 brn\n|turn|7\n|\n|t:|1776202697\n|move|p1a: Kommo-o|Protect|p1a: Kommo-o\n|-singleturn|p1a: Kommo-o|Protect\n|move|p1b: Sneasler|Close Combat|p2a: Archaludon\n|-supereffective|p2a: Archaludon|1\n|-damage|p2a: Archaludon|0 fnt\n|-unboost|p1b: Sneasler|def|1\n|-unboost|p1b: Sneasler|spd|1\n|faint|p2a: Archaludon\n|move|p2b: Meganium|Dazzling Gleam|p1a: Kommo-o|[spread] p1b\n|-activate|p1a: Kommo-o|move: Protect\n|-damage|p1b: Sneasler|0 fnt\n|faint|p1b: Sneasler\n|\n|-damage|p2b: Meganium|19/100 brn|[from] brn\n|upkeep\n|turn|8\n|\n|t:|1776202707\n|move|p2b: Meganium|Dazzling Gleam|p1a: Kommo-o\n|-supereffective|p1a: Kommo-o|2\n|-damage|p1a: Kommo-o|0 fnt\n|faint|p1a: Kommo-o\n|\n|win|wzzlr\n|raw|Tiguh's rating: 1186 &rarr; <strong>1165</strong><br />(-21 for losing)\n|raw|wzzlr's rating: 1247 &rarr; <strong>1268</strong><br />(+21 for winning)\n|c|\u2606wzzlr|gg\n|l|\u2606Tiguh\n|player|p1|\n",
  "uploadtime": 1776202713,
  "views": 20,
  "formatid": "gen9championsvgc2026regma",
  "rating": 1165,
  "private": 0,
  "password": null
}