{
  "id": "gen9championsvgc2026regma-2585589380",
  "format": "[Gen 9 Champions] VGC 2026 Reg M-A",
  "players": [
    "MAXELPOWER",
    "Kyooby"
  ],
  "log": "|j|\u2606MAXELPOWER\n|j|\u2606Kyooby\n|t:|1776357406\n|gametype|doubles\n|player|p1|MAXELPOWER|jupiter|1092\n|player|p2|Kyooby|volkner|1000\n|gen|9\n|tier|[Gen 9 Champions] VGC 2026 Reg M-A\n|rated|\n|rule|Species Clause: Limit one of each Pok\u00e9mon\n|rule|Item Clause: Limit 1 of each item\n|clearpoke\n|poke|p1|Dragonite, L50, M|\n|poke|p1|Krookodile, L50, F|\n|poke|p1|Decidueye-Hisui, L50, M|\n|poke|p1|Primarina, L50, F|\n|poke|p1|Incineroar, L50, F|\n|poke|p1|Pinsir, L50, M|\n|poke|p2|Gardevoir, L50, M|\n|poke|p2|Sneasler, L50, M|\n|poke|p2|Espathra, L50, M|\n|poke|p2|Heliolisk, L50, M|\n|poke|p2|Gyarados, L50, M|\n|poke|p2|Kommo-o, L50, M|\n|teampreview|4\n|inactive|Battle timer is ON: inactive players will automatically lose when time's up. (requested by Kyooby)\n|inactive|MAXELPOWER has 60 seconds left.\n|inactive|Kyooby has 60 seconds left.\n|inactive|MAXELPOWER has 30 seconds left.\n|\n|t:|1776357473\n|teamsize|p1|4\n|teamsize|p2|4\n|start\n|switch|p1a: Dragonite|Dragonite, L50, M|100/100\n|switch|p1b: Pinsir|Pinsir, L50, M|100/100\n|switch|p2a: Espathra|Espathra, L50, M|100/100\n|switch|p2b: Kommo-o|Kommo-o, L50, M|100/100\n|turn|1\n|inactive|MAXELPOWER has 30 seconds left.\n|\n|t:|1776357498\n|detailschange|p1b: Pinsir|Pinsir-Mega, L50, M\n|-mega|p1b: Pinsir|Pinsir|Pinsirite\n|move|p1b: Pinsir|Protect|p1b: Pinsir\n|-singleturn|p1b: Pinsir|Protect\n|move|p2a: Espathra|Lumina Crash|p1a: Dragonite\n|-damage|p1a: Dragonite|87/100\n|-unboost|p1a: Dragonite|spd|2\n|move|p2b: Kommo-o|Clanging Scales|p1a: Dragonite|[spread] p1a\n|-activate|p1b: Pinsir|move: Protect\n|-supereffective|p1a: Dragonite|1\n|-damage|p1a: Dragonite|0 fnt\n|faint|p1a: Dragonite\n|-unboost|p2b: Kommo-o|def|1\n|\n|-ability|p2a: Espathra|Speed Boost|boost\n|-boost|p2a: Espathra|spe|1\n|upkeep\n|\n|t:|1776357519\n|switch|p1a: Primarina|Primarina, L50, F|100/100\n|turn|2\n|\n|t:|1776357537\n|move|p2a: Espathra|Lumina Crash|p1b: Pinsir\n|-damage|p1b: Pinsir|54/100\n|-unboost|p1b: Pinsir|spd|2\n|move|p1b: Pinsir|Body Slam|p2b: Kommo-o\n|-supereffective|p2b: Kommo-o|1\n|-damage|p2b: Kommo-o|0 fnt\n|faint|p2b: Kommo-o\n|move|p1a: Primarina|Dazzling Gleam|p2a: Espathra\n|-damage|p2a: Espathra|45/100\n|\n|-ability|p2a: Espathra|Speed Boost|boost\n|-boost|p2a: Espathra|spe|1\n|upkeep\n|\n|t:|1776357550\n|switch|p2b: Sneasler|Sneasler, L50, M|100/100\n|turn|3\n|\n|t:|1776357560\n|switch|p1b: Krookodile|Krookodile, L50, F|100/100\n|-ability|p1b: Krookodile|Intimidate|boost\n|-unboost|p2a: Espathra|atk|1\n|-unboost|p2b: Sneasler|atk|1\n|move|p2a: Espathra|Protect|p2a: Espathra\n|-singleturn|p2a: Espathra|Protect\n|move|p2b: Sneasler|Fake Out|p1b: Krookodile\n|-damage|p1b: Krookodile|89/100\n|move|p1a: Primarina|Hyper Voice|p2b: Sneasler|[spread] p2b\n|-activate|p2a: Espathra|move: Protect\n|-damage|p2b: Sneasler|45/100\n|\n|-ability|p2a: Espathra|Speed Boost|boost\n|-boost|p2a: Espathra|spe|1\n|upkeep\n|turn|4\n|inactive|MAXELPOWER has 30 seconds left.\n|inactive|Kyooby has 30 seconds left.\n|\n|t:|1776357595\n|move|p2a: Espathra|Lumina Crash|p1a: Primarina\n|-damage|p1a: Primarina|74/100\n|-unboost|p1a: Primarina|spd|2\n|move|p2b: Sneasler|Dire Claw|p1a: Primarina\n|-supereffective|p1a: Primarina|1\n|-damage|p1a: Primarina|6/100\n|move|p1b: Krookodile|Rock Slide|p2b: Sneasler|[spread] p2a,p2b\n|-resisted|p2b: Sneasler|1\n|-damage|p2a: Espathra|22/100\n|-damage|p2b: Sneasler|28/100\n|move|p1a: Primarina|Hyper Voice|p2b: Sneasler|[spread] p2a,p2b\n|-damage|p2a: Espathra|0 fnt\n|-damage|p2b: Sneasler|0 fnt\n|faint|p2a: Espathra\n|faint|p2b: Sneasler\n|\n|upkeep\n|\n|t:|1776357607\n|switch|p2b: Gardevoir|Gardevoir, L50, M, shiny|100/100\n|turn|5\n|\n|t:|1776357625\n|detailschange|p2b: Gardevoir|Gardevoir-Mega, L50, M, shiny\n|-mega|p2b: Gardevoir|Gardevoir|Gardevoirite\n|move|p1a: Primarina|Aqua Jet|p2b: Gardevoir\n|-damage|p2b: Gardevoir|84/100\n|move|p1b: Krookodile|Crunch|p2b: Gardevoir\n|-damage|p2b: Gardevoir|20/100\n|-unboost|p2b: Gardevoir|def|1\n|move|p2b: Gardevoir|Trick Room|p2b: Gardevoir\n|-fieldstart|move: Trick Room|[of] p2b: Gardevoir\n|\n|upkeep\n|turn|6\n|\n|t:|1776357641\n|move|p1a: Primarina|Aqua Jet|p2b: Gardevoir\n|-damage|p2b: Gardevoir|0 fnt\n|faint|p2b: Gardevoir\n|\n|win|MAXELPOWER\n|raw|MAXELPOWER's rating: 1092 &rarr; <strong>1111</strong><br />(+19 for winning)\n|raw|Kyooby's rating: 1000 &rarr; <strong>1000</strong><br />(+0 for losing)\n",
  "uploadtime": 1776357641,
  "views": 15,
  "formatid": "gen9championsvgc2026regma",
  "rating": 1000,
  "private": 0,
  "password": null
}