{
  "id": "gen9championsvgc2026regma-2586316054",
  "format": "[Gen 9 Champions] VGC 2026 Reg M-A",
  "players": [
    "Aznog",
    "25528989d"
  ],
  "log": "|j|\u2606Aznog\n|j|\u260625528989d\n|t:|1776424532\n|gametype|doubles\n|player|p1|Aznog|hoopster|1106\n|player|p2|25528989d|roxie-masters|1136\n|gen|9\n|tier|[Gen 9 Champions] VGC 2026 Reg M-A\n|rated|\n|rule|Species Clause: Limit one of each Pok\u00e9mon\n|rule|Item Clause: Limit 1 of each item\n|clearpoke\n|poke|p1|Blastoise, L50, F|\n|poke|p1|Sneasler, L50, F|\n|poke|p1|Sableye, L50, M|\n|poke|p1|Sinistcha, L50|\n|poke|p1|Incineroar, L50, M|\n|poke|p1|Kingambit, L50, F|\n|poke|p2|Charizard, L50, F|\n|poke|p2|Tyranitar, L50, M|\n|poke|p2|Gyarados, L50, M|\n|poke|p2|Garchomp, L50, M|\n|poke|p2|Rotom-Mow, L50|\n|poke|p2|Lucario, L50, M|\n|teampreview|4\n|\n|t:|1776424578\n|teamsize|p1|4\n|teamsize|p2|4\n|start\n|switch|p1a: Sableye|Sableye, L50, M, shiny|100/100\n|switch|p1b: Sneasler|Sneasler, L50, F|100/100\n|switch|p2a: Rotom|Rotom-Mow, L50|100/100\n|switch|p2b: Charizard|Charizard, L50, F|100/100\n|turn|1\n|\n|t:|1776424600\n|detailschange|p2b: Charizard|Charizard-Mega-Y, L50, F\n|-mega|p2b: Charizard|Charizard|Charizardite Y\n|-weather|SunnyDay|[from] ability: Drought|[of] p2b: Charizard\n|move|p1a: Sableye|Fake Out|p2b: Charizard\n|-damage|p2b: Charizard|90/100\n|move|p1b: Sneasler|Dire Claw|p2a: Rotom\n|-supereffective|p2a: Rotom|1\n|-damage|p2a: Rotom|24/100\n|-enditem|p2a: Rotom|Sitrus Berry|[eat]\n|-heal|p2a: Rotom|49/100|[from] item: Sitrus Berry\n|cant|p2b: Charizard|flinch\n|move|p2a: Rotom|Will-O-Wisp|p1b: Sneasler|[miss]\n|-miss|p2a: Rotom|p1b: Sneasler\n|\n|-weather|SunnyDay|[upkeep]\n|upkeep\n|turn|2\n|\n|t:|1776424628\n|move|p2a: Rotom|Protect|p2a: Rotom\n|-singleturn|p2a: Rotom|Protect\n|move|p1a: Sableye|Rain Dance|p1a: Sableye\n|-weather|RainDance\n|move|p1b: Sneasler|Dire Claw|p2a: Rotom\n|-activate|p2a: Rotom|move: Protect\n|move|p2b: Charizard|Weather Ball|p1b: Sneasler\n|-damage|p1b: Sneasler|18/100\n|\n|-weather|RainDance|[upkeep]\n|upkeep\n|turn|3\n|\n|t:|1776424651\n|switch|p2a: Tyranitar|Tyranitar, L50, M|100/100\n|-weather|Sandstorm|[from] ability: Sand Stream|[of] p2a: Tyranitar\n|move|p1a: Sableye|Quash|p2b: Charizard\n|-activate|p2b: Charizard|move: Quash\n|move|p1b: Sneasler|Dire Claw|p2a: Tyranitar\n|-resisted|p2a: Tyranitar|1\n|-damage|p2a: Tyranitar|81/100\n|-status|p2a: Tyranitar|slp\n|move|p2b: Charizard|Heat Wave|p1b: Sneasler|[spread] p1a,p1b\n|-damage|p1a: Sableye|46/100\n|-damage|p1b: Sneasler|0 fnt\n|faint|p1b: Sneasler\n|\n|-weather|Sandstorm|[upkeep]\n|-damage|p2b: Charizard|84/100|[from] Sandstorm\n|-damage|p1a: Sableye|41/100|[from] Sandstorm\n|upkeep\n|\n|t:|1776424671\n|switch|p1b: Sinistcha|Sinistcha, L50, shiny|100/100\n|-heal|p1a: Sableye|65/100|[from] ability: Hospitality|[of] p1b: Sinistcha\n|turn|4\n|\n|t:|1776424692\n|switch|p2b: Rotom|Rotom-Mow, L50|49/100\n|cant|p2a: Tyranitar|slp\n|move|p1a: Sableye|Quash|p2a: Tyranitar\n|-hint|Since gen 7, Dark is immune to Prankster moves.\n|-immune|p2a: Tyranitar\n|move|p1b: Sinistcha|Trick Room|p1b: Sinistcha\n|-fieldstart|move: Trick Room|[of] p1b: Sinistcha\n|\n|-weather|Sandstorm|[upkeep]\n|-damage|p1a: Sableye|60/100|[from] Sandstorm\n|-damage|p1b: Sinistcha|94/100|[from] Sandstorm\n|-damage|p2b: Rotom|43/100|[from] Sandstorm\n|-heal|p1b: Sinistcha|100/100|[from] item: Leftovers\n|upkeep\n|turn|5\n|\n|t:|1776424718\n|move|p2b: Rotom|Protect|p2b: Rotom\n|-singleturn|p2b: Rotom|Protect\n|move|p1a: Sableye|Rain Dance|p1a: Sableye\n|-weather|RainDance\n|cant|p2a: Tyranitar|slp\n|move|p1b: Sinistcha|Matcha Gotcha|p2b: Rotom|[spread] p2a\n|-activate|p2b: Rotom|move: Protect\n|-supereffective|p2a: Tyranitar|1\n|-damage|p2a: Tyranitar|40/100 slp\n|\n|-weather|RainDance|[upkeep]\n|upkeep\n|turn|6\n|inactive|Battle timer is ON: inactive players will automatically lose when time's up. (requested by 25528989d)\n|\n|t:|1776424815\n|switch|p1a: Blastoise|Blastoise, L50, F|100/100\n|-curestatus|p2a: Tyranitar|slp|[msg]\n|move|p2a: Tyranitar|Protect|p2a: Tyranitar\n|-singleturn|p2a: Tyranitar|Protect\n|move|p1b: Sinistcha|Matcha Gotcha|p2a: Tyranitar|[spread] p2b\n|-activate|p2a: Tyranitar|move: Protect\n|-resisted|p2b: Rotom|1\n|-damage|p2b: Rotom|30/100\n|-status|p2b: Rotom|brn\n|move|p2b: Rotom|Thunderbolt|p1a: Blastoise\n|-supereffective|p1a: Blastoise|1\n|-damage|p1a: Blastoise|27/100\n|\n|-weather|RainDance|[upkeep]\n|-heal|p1a: Blastoise|33/100|[from] ability: Rain Dish\n|-damage|p2b: Rotom|24/100 brn|[from] brn\n|upkeep\n|turn|7\n|inactive|Aznog has 30 seconds left.\n|inactive|25528989d has 30 seconds left.\n|inactive|25528989d has 20 seconds left.\n|\n|t:|1776424853\n|switch|p2b: Gyarados|Gyarados, L50, M|100/100\n|-ability|p2b: Gyarados|Intimidate|boost\n|-unboost|p1a: Blastoise|atk|1\n|-unboost|p1b: Sinistcha|atk|1\n|detailschange|p1a: Blastoise|Blastoise-Mega, L50, F\n|-mega|p1a: Blastoise|Blastoise|Blastoisinite\n|move|p1b: Sinistcha|Rage Powder|p1b: Sinistcha\n|-singleturn|p1b: Sinistcha|move: Rage Powder\n|move|p2a: Tyranitar|Crunch|p1b: Sinistcha\n|-supereffective|p1b: Sinistcha|1\n|-damage|p1b: Sinistcha|12/100\n|move|p1a: Blastoise|Aura Sphere|p2a: Tyranitar\n|-supereffective|p2a: Tyranitar|2\n|-damage|p2a: Tyranitar|0 fnt\n|faint|p2a: Tyranitar\n|\n|-weather|RainDance|[upkeep]\n|-heal|p1b: Sinistcha|18/100|[from] item: Leftovers\n|upkeep\n|\n|t:|1776424866\n|switch|p2a: Charizard|Charizard-Mega-Y, L50, F|84/100\n|-weather|SunnyDay|[from] ability: Drought|[of] p2a: Charizard\n|turn|8\n|\n|t:|1776424883\n|move|p1a: Blastoise|Protect|p1a: Blastoise\n|-singleturn|p1a: Blastoise|Protect\n|move|p2a: Charizard|Protect|p2a: Charizard\n|-singleturn|p2a: Charizard|Protect\n|move|p1b: Sinistcha|Matcha Gotcha|p2a: Charizard|[spread] p2b\n|-activate|p2a: Charizard|move: Protect\n|-damage|p2b: Gyarados|81/100\n|-heal|p1b: Sinistcha|29/100|[from] drain|[of] p2b: Gyarados\n|move|p2b: Gyarados|Icy Wind|p1a: Blastoise|[spread] p1b\n|-activate|p1a: Blastoise|move: Protect\n|-supereffective|p1b: Sinistcha|1\n|-damage|p1b: Sinistcha|20/100\n|-unboost|p1b: Sinistcha|spe|1\n|\n|-weather|SunnyDay|[upkeep]\n|-heal|p1b: Sinistcha|26/100|[from] item: Leftovers\n|-fieldend|move: Trick Room\n|upkeep\n|turn|9\n|inactive|Aznog has 30 seconds left.\n|\n|t:|1776424912\n|move|p2b: Gyarados|Helping Hand|p2a: Charizard\n|-singleturn|p2a: Charizard|Helping Hand|[of] p2b: Gyarados\n|move|p2a: Charizard|Heat Wave|p1a: Blastoise|[spread] p1a,p1b\n|-resisted|p1a: Blastoise|1\n|-supereffective|p1b: Sinistcha|1\n|-damage|p1a: Blastoise|0 fnt\n|-damage|p1b: Sinistcha|0 fnt\n|faint|p1a: Blastoise\n|faint|p1b: Sinistcha\n|\n|-weather|SunnyDay|[upkeep]\n|upkeep\n|-message|Aznog forfeited.\n|\n|win|25528989d\n|raw|Aznog's rating: 1106 &rarr; <strong>1083</strong><br />(-23 for losing)\n|raw|25528989d's rating: 1136 &rarr; <strong>1159</strong><br />(+23 for winning)\n",
  "uploadtime": 1776424923,
  "views": 23,
  "formatid": "gen9championsvgc2026regma",
  "rating": 1083,
  "private": 0,
  "password": null
}