{
  "id": "gen9championsvgc2026regma-2584363279",
  "format": "[Gen 9 Champions] VGC 2026 Reg M-A",
  "players": [
    "Sharkhy_",
    "PlayerArrugginito"
  ],
  "log": "|j|\u2606Sharkhy_\n|j|\u2606PlayerArrugginito\n|t:|1776255049\n|gametype|doubles\n|player|p1|Sharkhy_|2|1081\n|player|p2|PlayerArrugginito|169|1143\n|gen|9\n|tier|[Gen 9 Champions] VGC 2026 Reg M-A\n|rated|\n|rule|Species Clause: Limit one of each Pok\u00e9mon\n|rule|Item Clause: Limit 1 of each item\n|clearpoke\n|poke|p1|Charizard, L50, M|\n|poke|p1|Maushold-Four, L50|\n|poke|p1|Sneasler, L50, F|\n|poke|p1|Dragapult, L50, M|\n|poke|p1|Kingambit, L50, M|\n|poke|p1|Garchomp, L50, M|\n|poke|p2|Charizard, L50, F|\n|poke|p2|Sneasler, L50, M|\n|poke|p2|Basculegion, L50, M|\n|poke|p2|Garchomp, L50, F|\n|poke|p2|Incineroar, L50, M|\n|poke|p2|Venusaur, L50, M|\n|teampreview|4\n|inactive|Battle timer is ON: inactive players will automatically lose when time's up. (requested by PlayerArrugginito)\n|c|\u2606PlayerArrugginito|Nice team\n|inactive|PlayerArrugginito has 60 seconds left.\n|inactive|PlayerArrugginito has 30 seconds left.\n|\n|t:|1776255122\n|teamsize|p1|4\n|teamsize|p2|4\n|start\n|switch|p1a: Sneasler|Sneasler, L50, F|100/100\n|switch|p1b: Dragapult|Dragapult, L50, M|100/100\n|switch|p2a: Basculegion|Basculegion, L50, M|100/100\n|switch|p2b: Sneasler|Sneasler, L50, M|100/100\n|turn|1\n|inactive|Sharkhy_ has 30 seconds left.\n|inactive|PlayerArrugginito has 30 seconds left.\n|inactive|PlayerArrugginito has 20 seconds left.\n|\n|t:|1776255162\n|move|p1a: Sneasler|Fake Out|p2b: Sneasler\n|-damage|p2b: Sneasler|77/100\n|move|p2a: Basculegion|Last Respects|p1b: Dragapult\n|-supereffective|p1b: Dragapult|1\n|-damage|p1b: Dragapult|16/100\n|move|p1b: Dragapult|Psychic Fangs|p2b: Sneasler\n|-supereffective|p2b: Sneasler|2\n|-damage|p2b: Sneasler|0 fnt\n|faint|p2b: Sneasler\n|\n|upkeep\n|\n|t:|1776255173\n|switch|p2b: Garchomp|Garchomp, L50, F|100/100\n|turn|2\n|\n|t:|1776255180\n|move|p1a: Sneasler|Feint|p2b: Garchomp\n|-damage|p2b: Garchomp|91/100\n|move|p2a: Basculegion|Last Respects|p1b: Dragapult\n|-supereffective|p1b: Dragapult|1\n|-damage|p1b: Dragapult|0 fnt\n|faint|p1b: Dragapult\n|move|p2b: Garchomp|Rock Slide|p1a: Sneasler|[miss]\n|-miss|p2b: Garchomp|p1a: Sneasler\n|\n|upkeep\n|\n|t:|1776255189\n|switch|p1b: Garchomp|Garchomp, L50, M|100/100\n|turn|3\n|\n|t:|1776255212\n|move|p1a: Sneasler|Feint|p2b: Garchomp\n|-damage|p2b: Garchomp|82/100\n|move|p1b: Garchomp|Dragon Claw|p2b: Garchomp\n|-supereffective|p2b: Garchomp|1\n|-enditem|p2b: Garchomp|Haban Berry|[eat]\n|-enditem|p2b: Garchomp|Haban Berry|[weaken]\n|-damage|p2b: Garchomp|42/100\n|-damage|p1b: Garchomp|88/100|[from] ability: Rough Skin|[of] p2b: Garchomp\n|move|p2a: Basculegion|Last Respects|p1a: Sneasler\n|-enditem|p1a: Sneasler|Focus Sash\n|-damage|p1a: Sneasler|1/100\n|move|p2b: Garchomp|Dragon Claw|p1a: Sneasler\n|-damage|p1a: Sneasler|0 fnt\n|faint|p1a: Sneasler\n|\n|upkeep\n|\n|t:|1776255226\n|switch|p1a: Maushold|Maushold-Four, L50|100/100\n|turn|4\n|\n|t:|1776255242\n|switch|p2a: Incineroar|Incineroar, L50, M|100/100\n|-ability|p2a: Incineroar|Intimidate|boost\n|-unboost|p1a: Maushold|atk|1\n|-unboost|p1b: Garchomp|atk|1\n|move|p2b: Garchomp|Protect|p2b: Garchomp\n|-singleturn|p2b: Garchomp|Protect\n|move|p1a: Maushold|Follow Me|p1a: Maushold\n|-singleturn|p1a: Maushold|move: Follow Me\n|move|p1b: Garchomp|Dragon Claw|p2b: Garchomp\n|-activate|p2b: Garchomp|move: Protect\n|\n|upkeep\n|turn|5\n|inactive|PlayerArrugginito has 30 seconds left.\n|\n|t:|1776255273\n|move|p2a: Incineroar|Fake Out|p1b: Garchomp\n|-damage|p1b: Garchomp|80/100\n|-damage|p2a: Incineroar|88/100|[from] ability: Rough Skin|[of] p1b: Garchomp\n|cant|p1b: Garchomp|flinch\n|move|p1a: Maushold|Encore|p2a: Incineroar\n|-start|p2a: Incineroar|Encore\n|move|p2b: Garchomp|Dragon Claw|p1b: Garchomp\n|-supereffective|p1b: Garchomp|1\n|-damage|p1b: Garchomp|22/100\n|-damage|p2b: Garchomp|30/100|[from] ability: Rough Skin|[of] p1b: Garchomp\n|\n|upkeep\n|turn|6\n|inactive|Sharkhy_ has 30 seconds left.\n|\n|t:|1776255298\n|switch|p2a: Basculegion|Basculegion, L50, M|100/100\n|move|p1b: Garchomp|Dragon Claw|p2b: Garchomp\n|-supereffective|p2b: Garchomp|1\n|-damage|p2b: Garchomp|0 fnt\n|-damage|p1b: Garchomp|10/100|[from] ability: Rough Skin|[of] p2b: Garchomp\n|faint|p2b: Garchomp\n|move|p1a: Maushold|Super Fang|p2a: Basculegion\n|-immune|p2a: Basculegion\n|\n|upkeep\n|\n|t:|1776255308\n|switch|p2b: Incineroar|Incineroar, L50, M|88/100\n|-ability|p2b: Incineroar|Intimidate|boost\n|-unboost|p1a: Maushold|atk|1\n|-unboost|p1b: Garchomp|atk|1\n|turn|7\n|\n|t:|1776255322\n|move|p1a: Maushold|Follow Me|p1a: Maushold\n|-singleturn|p1a: Maushold|move: Follow Me\n|move|p1b: Garchomp|Dragon Claw|p2a: Basculegion\n|-damage|p2a: Basculegion|74/100\n|move|p2a: Basculegion|Wave Crash|p1a: Maushold\n|-damage|p1a: Maushold|9/100\n|-damage|p2a: Basculegion|47/100|[from] Recoil\n|move|p2b: Incineroar|Flare Blitz|p1a: Maushold\n|-damage|p1a: Maushold|0 fnt\n|faint|p1a: Maushold\n|-damage|p2b: Incineroar|86/100|[from] Recoil\n|\n|upkeep\n|turn|8\n|\n|t:|1776255339\n|move|p1b: Garchomp|Dragon Claw|p2a: Basculegion\n|-damage|p2a: Basculegion|20/100\n|move|p2a: Basculegion|Wave Crash|p1b: Garchomp\n|-damage|p1b: Garchomp|0 fnt\n|-damage|p2a: Basculegion|8/100|[from] ability: Rough Skin|[of] p1b: Garchomp\n|faint|p1b: Garchomp\n|-damage|p2a: Basculegion|5/100|[from] Recoil\n|\n|win|PlayerArrugginito\n|raw|Sharkhy_'s rating: 1081 &rarr; <strong>1063</strong><br />(-18 for losing)\n|raw|PlayerArrugginito's rating: 1143 &rarr; <strong>1164</strong><br />(+21 for winning)\n",
  "uploadtime": 1776255350,
  "views": 29,
  "formatid": "gen9championsvgc2026regma",
  "rating": 1063,
  "private": 0,
  "password": null
}