{
  "id": "gen9championsvgc2026regma-2582560235",
  "format": "[Gen 9 Champions] VGC 2026 Reg M-A",
  "players": [
    "NewVGCplayer98",
    "samqian8"
  ],
  "log": "|j|\u2606NewVGCplayer98\n|j|\u2606samqian8\n|t:|1776099395\n|gametype|doubles\n|player|p1|NewVGCplayer98|101|1158\n|player|p2|samqian8|169|1251\n|gen|9\n|tier|[Gen 9 Champions] VGC 2026 Reg M-A\n|rated|\n|rule|Species Clause: Limit one of each Pok\u00e9mon\n|rule|Item Clause: Limit 1 of each item\n|clearpoke\n|poke|p1|Incineroar, L50, M|\n|poke|p1|Gengar, L50, F|\n|poke|p1|Sinistcha, L50|\n|poke|p1|Kingambit, L50, M|\n|poke|p1|Tyranitar, L50, F|\n|poke|p1|Kommo-o, L50, M|\n|poke|p2|Floette-Eternal, L50, F|\n|poke|p2|Maushold, L50|\n|poke|p2|Sneasler, L50, F|\n|poke|p2|Kingambit, L50, F|\n|poke|p2|Basculegion, L50, M|\n|poke|p2|Aerodactyl, L50, F|\n|teampreview|4\n|inactive|Battle timer is ON: inactive players will automatically lose when time's up. (requested by NewVGCplayer98)\nNewVGCplayer98 rejected open team sheets.\n|inactive|samqian8 has 60 seconds left.\n|\n|t:|1776099434\n|teamsize|p1|4\n|teamsize|p2|4\n|start\n|switch|p1a: Kommo-o|Kommo-o, L50, M|100/100\n|switch|p1b: Kingambit|Kingambit, L50, M|100/100\n|switch|p2a: Sneasler|Sneasler, L50, F|100/100\n|switch|p2b: Basculegion|Basculegion, L50, M|100/100\n|turn|1\n|inactive|samqian8 has 30 seconds left.\n|\n|t:|1776099461\n|move|p1b: Kingambit|Protect|p1b: Kingambit\n|-singleturn|p1b: Kingambit|Protect\n|move|p2a: Sneasler|Fake Out|p1a: Kommo-o\n|-damage|p1a: Kommo-o|87/100\n|move|p2b: Basculegion|Flip Turn|p1b: Kingambit\n|-activate|p1b: Kingambit|move: Protect\n|cant|p1a: Kommo-o|flinch\n|\n|-heal|p1a: Kommo-o|93/100|[from] item: Leftovers\n|upkeep\n|turn|2\n|\n|t:|1776099476\n|switch|p2b: Floette|Floette-Eternal, L50, F|100/100\n|switch|p1b: Gengar|Gengar, L50, F|100/100\n|move|p2a: Sneasler|Close Combat|p1b: Gengar\n|-immune|p1b: Gengar\n|move|p1a: Kommo-o|Clangorous Soul|p1a: Kommo-o\n|-boost|p1a: Kommo-o|atk|1\n|-boost|p1a: Kommo-o|def|1\n|-boost|p1a: Kommo-o|spa|1\n|-boost|p1a: Kommo-o|spd|1\n|-boost|p1a: Kommo-o|spe|1\n|-damage|p1a: Kommo-o|60/100\n|\n|-heal|p1a: Kommo-o|66/100|[from] item: Leftovers\n|upkeep\n|turn|3\n|inactive|NewVGCplayer98 has 30 seconds left.\n|inactive|samqian8 has 30 seconds left.\n|\n|t:|1776099516\n|switch|p2a: Maushold|Maushold, L50|100/100\n|detailschange|p1b: Gengar|Gengar-Mega, L50, F\n|-mega|p1b: Gengar|Gengar|Gengarite\n|detailschange|p2b: Floette|Floette-Mega, L50, F\n|-mega|p2b: Floette|Floette|Floettite\n|-ability|p2b: Floette|Fairy Aura\n|move|p1a: Kommo-o|Protect|p1a: Kommo-o\n|-singleturn|p1a: Kommo-o|Protect\n|move|p1b: Gengar|Sludge Bomb|p2b: Floette\n|-supereffective|p2b: Floette|1\n|-damage|p2b: Floette|34/100\n|move|p2b: Floette|Moonblast|p1a: Kommo-o\n|-activate|p1a: Kommo-o|move: Protect\n|\n|-heal|p1a: Kommo-o|72/100|[from] item: Leftovers\n|upkeep\n|turn|4\n|\n|t:|1776099536\n|move|p2a: Maushold|Follow Me|p2a: Maushold\n|-singleturn|p2a: Maushold|move: Follow Me\n|move|p1a: Kommo-o|Aura Sphere|p2a: Maushold\n|-supereffective|p2a: Maushold|1\n|-enditem|p2a: Maushold|Chople Berry|[eat]\n|-enditem|p2a: Maushold|Chople Berry|[weaken]\n|-damage|p2a: Maushold|41/100\n|move|p1b: Gengar|Sludge Bomb|p2a: Maushold\n|-damage|p2a: Maushold|0 fnt\n|faint|p2a: Maushold\n|move|p2b: Floette|Moonblast|p1a: Kommo-o\n|-supereffective|p1a: Kommo-o|2\n|-damage|p1a: Kommo-o|0 fnt\n|faint|p1a: Kommo-o\n|\n|upkeep\n|\n|t:|1776099551\n|switch|p2a: Basculegion|Basculegion, L50, M|100/100\n|switch|p1a: Tyranitar|Tyranitar, L50, F|100/100\n|-weather|Sandstorm|[from] ability: Sand Stream|[of] p1a: Tyranitar\n|turn|5\n|\n|t:|1776099573\n|move|p2a: Basculegion|Flip Turn|p1a: Tyranitar\n|-supereffective|p1a: Tyranitar|1\n|-damage|p1a: Tyranitar|28/100\n|\n|t:|1776099575\n|switch|p2a: Sneasler|Sneasler, L50, F|100/100|[from] Flip Turn\n|move|p1b: Gengar|Sludge Bomb|p2b: Floette\n|-supereffective|p2b: Floette|1\n|-damage|p2b: Floette|0 fnt\n|faint|p2b: Floette\n|move|p1a: Tyranitar|Knock Off|p2a: Sneasler\n|-resisted|p2a: Sneasler|1\n|-damage|p2a: Sneasler|56/100\n|-enditem|p2a: Sneasler|White Herb|[from] move: Knock Off|[of] p1a: Tyranitar\n|\n|-weather|Sandstorm|[upkeep]\n|-damage|p2a: Sneasler|50/100|[from] Sandstorm\n|-damage|p1b: Gengar|95/100|[from] Sandstorm\n|upkeep\n|\n|t:|1776099585\n|switch|p2b: Basculegion|Basculegion, L50, M|100/100\n|turn|6\n|inactive|samqian8 has 30 seconds left.\n|\n|t:|1776099616\n|move|p1b: Gengar|Protect|p1b: Gengar\n|-singleturn|p1b: Gengar|Protect\n|move|p2a: Sneasler|Close Combat|p1a: Tyranitar\n|-supereffective|p1a: Tyranitar|2\n|-damage|p1a: Tyranitar|0 fnt\n|-unboost|p2a: Sneasler|def|1\n|-unboost|p2a: Sneasler|spd|1\n|faint|p1a: Tyranitar\n|move|p2b: Basculegion|Last Respects|p1b: Gengar\n|-activate|p1b: Gengar|move: Protect\n|\n|-weather|Sandstorm|[upkeep]\n|-damage|p2a: Sneasler|44/100|[from] Sandstorm\n|-damage|p2b: Basculegion|94/100|[from] Sandstorm\n|-damage|p1b: Gengar|89/100|[from] Sandstorm\n|upkeep\n|\n|t:|1776099632\n|switch|p1a: Kingambit|Kingambit, L50, M|100/100\n|turn|7\n|inactive|NewVGCplayer98 has 30 seconds left.\n|\n|t:|1776099658\n|move|p1b: Gengar|Protect|p1b: Gengar\n|-singleturn|p1b: Gengar|Protect\n|move|p1a: Kingambit|Sucker Punch|p2b: Basculegion\n|-supereffective|p2b: Basculegion|1\n|-damage|p2b: Basculegion|0 fnt\n|faint|p2b: Basculegion\n|move|p2a: Sneasler|Close Combat|p1a: Kingambit\n|-supereffective|p1a: Kingambit|2\n|-enditem|p1a: Kingambit|Chople Berry|[eat]\n|-enditem|p1a: Kingambit|Chople Berry|[weaken]\n|-damage|p1a: Kingambit|2/100\n|-unboost|p2a: Sneasler|def|1\n|-unboost|p2a: Sneasler|spd|1\n|\n|-weather|Sandstorm|[upkeep]\n|-damage|p2a: Sneasler|39/100|[from] Sandstorm\n|-damage|p1b: Gengar|83/100|[from] Sandstorm\n|upkeep\n|turn|8\n|\n|t:|1776099669\n|move|p1a: Kingambit|Sucker Punch|p2a: Sneasler\n|-resisted|p2a: Sneasler|1\n|-damage|p2a: Sneasler|0 fnt\n|faint|p2a: Sneasler\n|\n|win|NewVGCplayer98\n|raw|NewVGCplayer98's rating: 1158 &rarr; <strong>1190</strong><br />(+32 for winning)\n|raw|samqian8's rating: 1251 &rarr; <strong>1219</strong><br />(-32 for losing)\n|c|\u2606NewVGCplayer98|gg\n",
  "uploadtime": 1776099678,
  "views": 18,
  "formatid": "gen9championsvgc2026regma",
  "rating": 1190,
  "private": 0,
  "password": null
}