{
  "id": "gen9championsvgc2026regma-2588255994",
  "format": "[Gen 9 Champions] VGC 2026 Reg M-A",
  "players": [
    "u haeb ligma",
    "Scribble.io"
  ],
  "log": "|j|\u2606u haeb ligma\n|j|\u2606Scribble.io\n|t:|1776618546\n|gametype|doubles\n|player|p1|u haeb ligma|dawn|1071\n|player|p2|Scribble.io|265|1000\n|gen|9\n|tier|[Gen 9 Champions] VGC 2026 Reg M-A\n|rated|\n|rule|Species Clause: Limit one of each Pok\u00e9mon\n|rule|Item Clause: Limit 1 of each item\n|clearpoke\n|poke|p1|Torkoal, L50, F|\n|poke|p1|Typhlosion-Hisui, L50, M|\n|poke|p1|Sneasler, L50, M|\n|poke|p1|Whimsicott, L50, F|\n|poke|p1|Sableye, L50, F|\n|poke|p1|Glimmora, L50, M|\n|poke|p2|Aerodactyl, L50, F|\n|poke|p2|Tsareena, L50, F|\n|poke|p2|Floette-Eternal, L50, F|\n|poke|p2|Incineroar, L50, M|\n|poke|p2|Gyarados, L50, M|\n|poke|p2|Garchomp, L50, M|\n|teampreview|4\n|inactive|Battle timer is ON: inactive players will automatically lose when time's up. (requested by u haeb ligma)\n|\n|t:|1776618609\n|teamsize|p1|4\n|teamsize|p2|4\n|start\n|switch|p1a: Torkoal|Torkoal, L50, F|100/100\n|switch|p1b: Typhlosion|Typhlosion-Hisui, L50, M|100/100\n|switch|p2a: Aerodactyl|Aerodactyl, L50, F|100/100\n|switch|p2b: Incineroar|Incineroar, L50, M|100/100\n|-ability|p2a: Aerodactyl|Unnerve\n|-item|p2a: Aerodactyl|Focus Sash|[from] ability: Frisk|[of] p1b: Typhlosion\n|-item|p2b: Incineroar|Sitrus Berry|[from] ability: Frisk|[of] p1b: Typhlosion\n|-ability|p2b: Incineroar|Intimidate|boost\n|-unboost|p1a: Torkoal|atk|1\n|-unboost|p1b: Typhlosion|atk|1\n|-weather|SunnyDay|[from] ability: Drought|[of] p1a: Torkoal\n|turn|1\n|inactive|Scribble.io has 30 seconds left.\n|\n|t:|1776618634\n|switch|p1b: Glimmora|Glimmora, L50, M|100/100\n|move|p1a: Torkoal|Protect|p1a: Torkoal\n|-singleturn|p1a: Torkoal|Protect\n|move|p2a: Aerodactyl|Rock Slide|p1b: Glimmora|[spread] p1b\n|-activate|p1a: Torkoal|move: Protect\n|-damage|p1b: Glimmora|66/100\n|-activate|p1b: Glimmora|ability: Toxic Debris\n|-sidestart|p2: Scribble.io|move: Toxic Spikes\n|move|p2b: Incineroar|Parting Shot|p1a: Torkoal\n|-activate|p1a: Torkoal|move: Protect\n|\n|-weather|SunnyDay|[upkeep]\n|upkeep\n|turn|2\n|inactive|u haeb ligma has 30 seconds left.\n|inactive|Scribble.io has 30 seconds left.\n|\n|t:|1776618663\n|switch|p1a: Sneasler|Sneasler, L50, M|100/100\n|detailschange|p1b: Glimmora|Glimmora-Mega, L50, M\n|-mega|p1b: Glimmora|Glimmora|Glimmoranite\n|move|p2a: Aerodactyl|Protect|p2a: Aerodactyl\n|-singleturn|p2a: Aerodactyl|Protect\n|move|p1b: Glimmora|Mortal Spin|p2a: Aerodactyl|[spread] p2b\n|-activate|p2a: Aerodactyl|move: Protect\n|-damage|p2b: Incineroar|91/100\n|-status|p2b: Incineroar|psn\n|move|p2b: Incineroar|Parting Shot|p1b: Glimmora\n|-unboost|p1b: Glimmora|atk|1\n|-unboost|p1b: Glimmora|spa|1\n|\n|t:|1776618668\n|switch|p2b: Gyarados|Gyarados, L50, M|100/100|[from] Parting Shot\n|-ability|p2b: Gyarados|Intimidate|boost\n|-unboost|p1a: Sneasler|atk|1\n|-unboost|p1b: Glimmora|atk|1\n|-enditem|p1a: Sneasler|White Herb\n|-clearnegativeboost|p1a: Sneasler|[silent]\n|\n|-weather|SunnyDay|[upkeep]\n|upkeep\n|turn|3\n|inactive|u haeb ligma has 30 seconds left.\n|\n|t:|1776618695\n|detailschange|p2b: Gyarados|Gyarados-Mega, L50, M\n|-mega|p2b: Gyarados|Gyarados|Gyaradosite\n|-ability|p2b: Gyarados|Mold Breaker\n|move|p1a: Sneasler|Fake Out|p2a: Aerodactyl\n|-resisted|p2a: Aerodactyl|1\n|-damage|p2a: Aerodactyl|90/100\n|cant|p2a: Aerodactyl|flinch\n|move|p1b: Glimmora|Power Gem|p2b: Gyarados\n|-damage|p2b: Gyarados|65/100\n|move|p2b: Gyarados|Dragon Dance|p2b: Gyarados\n|-boost|p2b: Gyarados|atk|1\n|-boost|p2b: Gyarados|spe|1\n|\n|-weather|SunnyDay|[upkeep]\n|upkeep\n|turn|4\n|\n|t:|1776618715\n|move|p1a: Sneasler|Dire Claw|p2b: Gyarados\n|-damage|p2b: Gyarados|23/100\n|move|p2b: Gyarados|Crunch|p1b: Glimmora\n|-damage|p1b: Glimmora|0 fnt\n|faint|p1b: Glimmora\n|move|p2a: Aerodactyl|Dual Wingbeat|p1a: Sneasler\n|-supereffective|p1a: Sneasler|1\n|-damage|p1a: Sneasler|38/100\n|-supereffective|p1a: Sneasler|1\n|-damage|p1a: Sneasler|0 fnt\n|faint|p1a: Sneasler\n|-hitcount|p1: Sneasler|2\n|\n|-weather|SunnyDay|[upkeep]\n|upkeep\n|\n|t:|1776618726\n|switch|p1a: Typhlosion|Typhlosion-Hisui, L50, M|100/100\n|switch|p1b: Torkoal|Torkoal, L50, F|100/100\n|-item|p2a: Aerodactyl|Focus Sash|[from] ability: Frisk|[of] p1a: Typhlosion\n|-item|p2b: Gyarados|Gyaradosite|[from] ability: Frisk|[of] p1a: Typhlosion\n|turn|5\n|\n|t:|1776618741\n|move|p1b: Torkoal|Helping Hand|p1a: Typhlosion\n|-singleturn|p1a: Typhlosion|Helping Hand|[of] p1b: Torkoal\n|move|p2b: Gyarados|Protect|p2b: Gyarados\n|-singleturn|p2b: Gyarados|Protect\n|move|p2a: Aerodactyl|Protect|p2a: Aerodactyl\n|-singleturn|p2a: Aerodactyl|Protect\n|move|p1a: Typhlosion|Eruption|p2a: Aerodactyl|[spread] \n|-activate|p2a: Aerodactyl|move: Protect\n|-activate|p2b: Gyarados|move: Protect\n|\n|-weather|none\n|upkeep\n|turn|6\n|\n|t:|1776618759\n|move|p1b: Torkoal|Helping Hand|p1a: Typhlosion\n|-singleturn|p1a: Typhlosion|Helping Hand|[of] p1b: Torkoal\n|move|p1a: Typhlosion|Eruption|p2a: Aerodactyl|[spread] p2a,p2b\n|-resisted|p2a: Aerodactyl|1\n|-resisted|p2b: Gyarados|1\n|-damage|p2a: Aerodactyl|25/100\n|-damage|p2b: Gyarados|0 fnt\n|faint|p2b: Gyarados\n|move|p2a: Aerodactyl|Rock Slide|p1a: Typhlosion|[spread] p1a,p1b\n|-supereffective|p1a: Typhlosion|1\n|-supereffective|p1b: Torkoal|1\n|-damage|p1a: Typhlosion|28/100\n|-damage|p1b: Torkoal|63/100\n|\n|upkeep\n|\n|t:|1776618764\n|switch|p2b: Incineroar|Incineroar, L50, M|91/100 psn\n|-ability|p2b: Incineroar|Intimidate|boost\n|-unboost|p1a: Typhlosion|atk|1\n|-unboost|p1b: Torkoal|atk|1\n|turn|7\n|\n|t:|1776618782\n|move|p1a: Typhlosion|Eruption|p2b: Incineroar|[spread] p2a,p2b\n|-resisted|p2a: Aerodactyl|1\n|-resisted|p2b: Incineroar|1\n|-damage|p2a: Aerodactyl|13/100\n|-damage|p2b: Incineroar|85/100 psn\n|move|p2a: Aerodactyl|Rock Slide|p1a: Typhlosion|[spread] p1a\n|-miss|p2a: Aerodactyl|p1b: Torkoal\n|-supereffective|p1a: Typhlosion|1\n|-damage|p1a: Typhlosion|0 fnt\n|faint|p1a: Typhlosion\n|move|p2b: Incineroar|Darkest Lariat|p1b: Torkoal\n|-damage|p1b: Torkoal|38/100\n|move|p1b: Torkoal|Temper Flare|p2a: Aerodactyl\n|-resisted|p2a: Aerodactyl|1\n|-damage|p2a: Aerodactyl|0 fnt\n|faint|p2a: Aerodactyl\n|\n|-damage|p2b: Incineroar|73/100 psn|[from] psn\n|upkeep\n|\n|t:|1776618784\n|switch|p2a: Tsareena|Tsareena, L50, F|100/100\n|-status|p2a: Tsareena|psn\n|turn|8\n|-message|u haeb ligma forfeited.\n|\n|win|Scribble.io\n|raw|u haeb ligma's rating: 1071 &rarr; <strong>1049</strong><br />(-22 for losing)\n|raw|Scribble.io's rating: 1049 &rarr; <strong>1084</strong><br />(+35 for winning)\n|l|\u2606u haeb ligma\n|player|p1|\n",
  "uploadtime": 1776618791,
  "views": 27,
  "formatid": "gen9championsvgc2026regma",
  "rating": 1049,
  "private": 0,
  "password": null
}