{
  "id": "gen9championsvgc2026regma-2588652037",
  "format": "[Gen 9 Champions] VGC 2026 Reg M-A",
  "players": [
    "chaewonyoung",
    "DrakyPana"
  ],
  "log": "|j|\u2606chaewonyoung\n|j|\u2606DrakyPana\n|t:|1776653994\n|gametype|doubles\n|player|p1|chaewonyoung|265|1261\n|player|p2|DrakyPana|n|1309\n|gen|9\n|tier|[Gen 9 Champions] VGC 2026 Reg M-A\n|rated|\n|rule|Species Clause: Limit one of each Pok\u00e9mon\n|rule|Item Clause: Limit 1 of each item\n|clearpoke\n|poke|p1|Incineroar, L50, F|\n|poke|p1|Garchomp, L50, M|\n|poke|p1|Sneasler, L50, F|\n|poke|p1|Charizard, L50, F|\n|poke|p1|Venusaur, L50, M|\n|poke|p1|Whimsicott, L50, F|\n|poke|p2|Sneasler, L50, F|\n|poke|p2|Kingambit, L50, F|\n|poke|p2|Incineroar, L50, M|\n|poke|p2|Basculegion, L50, M|\n|poke|p2|Froslass, L50, F|\n|poke|p2|Sinistcha, L50|\n|teampreview|4\nDrakyPana has agreed to open team sheets.\n|inactive|Battle timer is ON: inactive players will automatically lose when time's up. (requested by DrakyPana)\n|inactive|chaewonyoung has 60 seconds left.\n|\n|t:|1776654102\n|teamsize|p1|4\n|teamsize|p2|4\n|start\n|switch|p1a: Sneasler|Sneasler, L50, F|100/100\n|switch|p1b: Incineroar|Incineroar, L50, F|100/100\n|switch|p2a: Basculegion|Basculegion, L50, M|100/100\n|switch|p2b: Incineroar|Incineroar, L50, M|100/100\n|-ability|p2b: Incineroar|Intimidate|boost\n|-unboost|p1a: Sneasler|atk|1\n|-unboost|p1b: Incineroar|atk|1\n|-ability|p1b: Incineroar|Intimidate|boost\n|-unboost|p2a: Basculegion|atk|1\n|-unboost|p2b: Incineroar|atk|1\n|-enditem|p1a: Sneasler|White Herb\n|-clearnegativeboost|p1a: Sneasler|[silent]\n|turn|1\n|\n|t:|1776654119\n|move|p1a: Sneasler|Fake Out|p2b: Incineroar\n|-damage|p2b: Incineroar|86/100\n|cant|p2b: Incineroar|flinch\n|move|p2a: Basculegion|Flip Turn|p1b: Incineroar\n|-supereffective|p1b: Incineroar|1\n|-damage|p1b: Incineroar|55/100\n|\n|t:|1776654134\n|switch|p2a: Sneasler|Sneasler, L50, F|100/100|[from] Flip Turn\n|move|p1b: Incineroar|Parting Shot|p2a: Sneasler\n|-unboost|p2a: Sneasler|atk|1\n|-unboost|p2a: Sneasler|spa|1\n|\n|t:|1776654141\n|switch|p1b: Garchomp|Garchomp, L50, M|100/100|[from] Parting Shot\n|\n|upkeep\n|turn|2\n|\n|t:|1776654152\n|move|p1a: Sneasler|Protect|p1a: Sneasler\n|-singleturn|p1a: Sneasler|Protect\n|move|p2a: Sneasler|Fake Out|p1b: Garchomp\n|-damage|p1b: Garchomp|91/100\n|-damage|p2a: Sneasler|88/100|[from] ability: Rough Skin|[of] p1b: Garchomp\n|cant|p1b: Garchomp|flinch\n|move|p2b: Incineroar|Parting Shot|p1a: Sneasler\n|-activate|p1a: Sneasler|move: Protect\n|\n|upkeep\n|turn|3\n|\n|t:|1776654165\n|move|p2a: Sneasler|Protect|p2a: Sneasler\n|-singleturn|p2a: Sneasler|Protect\n|move|p1a: Sneasler|Close Combat|p2b: Incineroar\n|-supereffective|p2b: Incineroar|1\n|-damage|p2b: Incineroar|0 fnt\n|-unboost|p1a: Sneasler|def|1\n|-unboost|p1a: Sneasler|spd|1\n|faint|p2b: Incineroar\n|move|p1b: Garchomp|Earthquake|p2a: Sneasler|[spread] p1a\n|-activate|p2a: Sneasler|move: Protect\n|-supereffective|p1a: Sneasler|1\n|-damage|p1a: Sneasler|0 fnt\n|faint|p1a: Sneasler\n|\n|upkeep\n|\n|t:|1776654182\n|switch|p1a: Incineroar|Incineroar, L50, F|55/100\n|switch|p2b: Froslass|Froslass, L50, F|100/100\n|-ability|p1a: Incineroar|Intimidate|boost\n|-unboost|p2a: Sneasler|atk|1\n|-unboost|p2b: Froslass|atk|1\n|turn|4\n|\n|t:|1776654199\n|detailschange|p2b: Froslass|Froslass-Mega, L50, F\n|-mega|p2b: Froslass|Froslass|Froslassite\n|-weather|Snowscape|[from] ability: Snow Warning|[of] p2b: Froslass\n|move|p1b: Garchomp|Protect|p1b: Garchomp\n|-singleturn|p1b: Garchomp|Protect\n|move|p1a: Incineroar|Fake Out|p2a: Sneasler\n|-damage|p2a: Sneasler|70/100\n|cant|p2a: Sneasler|flinch\n|move|p2b: Froslass|Blizzard|p1a: Incineroar|[spread] p1a\n|-activate|p1b: Garchomp|move: Protect\n|-resisted|p1a: Incineroar|1\n|-damage|p1a: Incineroar|34/100\n|\n|-weather|Snowscape|[upkeep]\n|-heal|p1a: Incineroar|40/100|[from] item: Leftovers\n|upkeep\n|turn|5\n|l|\u2606chaewonyoung\n|inactive|chaewonyoung disconnected and has a minute to reconnect!\n|player|p1|\n|inactive|chaewonyoung has 30 seconds left.\n|c|\u2606DrakyPana|lol\n|inactive|chaewonyoung has 20 seconds left.\n|j|\u2606chaewonyoung\n|inactive|chaewonyoung reconnected and has 20 seconds left.\n|player|p1|chaewonyoung|265|\n|inactive|chaewonyoung has 15 seconds left.\n|inactive|chaewonyoung has 10 seconds left.\n|inactive|chaewonyoung has 5 seconds left.\n|\n|t:|1776654254\n|move|p1a: Incineroar|Fake Out||[still]\n|-hint|Fake Out only works on your first turn out.\n|-fail|p1a: Incineroar\n|move|p2a: Sneasler|Close Combat|p1a: Incineroar\n|-supereffective|p1a: Incineroar|1\n|-damage|p1a: Incineroar|0 fnt\n|-unboost|p2a: Sneasler|def|1\n|-unboost|p2a: Sneasler|spd|1\n|faint|p1a: Incineroar\n|move|p2b: Froslass|Blizzard|p1b: Garchomp\n|-supereffective|p1b: Garchomp|2\n|-damage|p1b: Garchomp|0 fnt\n|faint|p1b: Garchomp\n|\n|-weather|Snowscape|[upkeep]\n|upkeep\n|\n|t:|1776654264\n|switch|p1b: Charizard|Charizard, L50, F|100/100\n|turn|6\n|\n|t:|1776654270\n|switch|p2b: Basculegion|Basculegion, L50, M|100/100\n|detailschange|p1b: Charizard|Charizard-Mega-Y, L50, F\n|-mega|p1b: Charizard|Charizard|Charizardite Y\n|-weather|SunnyDay|[from] ability: Drought|[of] p1b: Charizard\n|move|p2a: Sneasler|Protect|p2a: Sneasler\n|-singleturn|p2a: Sneasler|Protect\n|move|p1b: Charizard|Heat Wave|p2a: Sneasler|[spread] p2b\n|-activate|p2a: Sneasler|move: Protect\n|-resisted|p2b: Basculegion|1\n|-crit|p2b: Basculegion\n|-damage|p2b: Basculegion|44/100\n|-status|p2b: Basculegion|brn\n|\n|-weather|SunnyDay|[upkeep]\n|-damage|p2b: Basculegion|38/100 brn|[from] brn\n|upkeep\n|turn|7\n|\n|t:|1776654289\n|switch|p2a: Froslass|Froslass-Mega, L50, F|100/100\n|-weather|Snowscape|[from] ability: Snow Warning|[of] p2a: Froslass\n|move|p2b: Basculegion|Aqua Jet|p1b: Charizard\n|-supereffective|p1b: Charizard|1\n|-damage|p1b: Charizard|57/100\n|move|p1b: Charizard|Heat Wave|p2a: Froslass|[spread] p2a,p2b\n|-supereffective|p2a: Froslass|1\n|-resisted|p2b: Basculegion|1\n|-damage|p2a: Froslass|1/100\n|-damage|p2b: Basculegion|15/100 brn\n|-status|p2a: Froslass|brn\n|\n|-weather|Snowscape|[upkeep]\n|-damage|p2b: Basculegion|9/100 brn|[from] brn\n|-damage|p2a: Froslass|0 fnt|[from] brn\n|faint|p2a: Froslass\n|upkeep\n|\n|t:|1776654299\n|switch|p2a: Sneasler|Sneasler, L50, F|70/100\n|turn|8\n|\n|t:|1776654306\n|move|p2a: Sneasler|Fake Out|p1b: Charizard\n|-crit|p1b: Charizard\n|-damage|p1b: Charizard|27/100\n|move|p2b: Basculegion|Aqua Jet|p1b: Charizard\n|-supereffective|p1b: Charizard|1\n|-damage|p1b: Charizard|0 fnt\n|faint|p1b: Charizard\n|\n|win|DrakyPana\n|raw|chaewonyoung's rating: 1261 &rarr; <strong>1239</strong><br />(-22 for losing)\n|raw|DrakyPana's rating: 1309 &rarr; <strong>1326</strong><br />(+17 for winning)\n",
  "uploadtime": 1776654306,
  "views": 8,
  "formatid": "gen9championsvgc2026regma",
  "rating": 1239,
  "private": 0,
  "password": null
}