{
  "id": "gen9championsvgc2026regma-2586976410",
  "format": "[Gen 9 Champions] VGC 2026 Reg M-A",
  "players": [
    "Velaine",
    "tiament"
  ],
  "log": "|j|\u2606Velaine\n|j|\u2606tiament\n|t:|1776477456\n|gametype|doubles\n|player|p1|Velaine|2|1095\n|player|p2|tiament|102|1000\n|gen|9\n|tier|[Gen 9 Champions] VGC 2026 Reg M-A\n|rated|\n|rule|Species Clause: Limit one of each Pok\u00e9mon\n|rule|Item Clause: Limit 1 of each item\n|clearpoke\n|poke|p1|Greninja-*, L50, M|\n|poke|p1|Archaludon, L50, M|\n|poke|p1|Pelipper, L50, M|\n|poke|p1|Sinistcha, L50|\n|poke|p1|Garchomp, L50, M|\n|poke|p1|Sneasler, L50, M|\n|poke|p2|Farigiraf, L50, F|\n|poke|p2|Milotic, L50, M|\n|poke|p2|Kingambit, L50, F|\n|poke|p2|Glimmora, L50, F|\n|poke|p2|Medicham, L50, F|\n|poke|p2|Sharpedo, L50, F|\n|teampreview|4\ntiament has agreed to open team sheets.\n|\n|t:|1776477516\n|teamsize|p1|4\n|teamsize|p2|4\n|start\n|switch|p1a: Sinistcha|Sinistcha, L50, shiny|100/100\n|switch|p1b: Garchomp|Garchomp, L50, M, shiny|100/100\n|switch|p2a: Medicham|Medicham, L50, F|100/100\n|switch|p2b: Sharpedo|Sharpedo, L50, F|100/100\n|turn|1\n|\n|t:|1776477540\n|move|p2b: Sharpedo|Protect|p2b: Sharpedo\n|-singleturn|p2b: Sharpedo|Protect\n|move|p1b: Garchomp|Rock Slide|p2a: Medicham|[spread] p2a\n|-activate|p2b: Sharpedo|move: Protect\n|-resisted|p2a: Medicham|1\n|-damage|p2a: Medicham|86/100\n|move|p2a: Medicham|Skill Swap|p2b: Sharpedo\n|-activate|p2b: Sharpedo|move: Protect\n|move|p1a: Sinistcha|Matcha Gotcha|p2a: Medicham|[spread] p2a\n|-activate|p2b: Sharpedo|move: Protect\n|-damage|p2a: Medicham|56/100\n|\n|-ability|p2b: Sharpedo|Speed Boost|boost\n|-boost|p2b: Sharpedo|spe|1\n|upkeep\n|turn|2\n|c|\u2606tiament|oh\n|c|\u2606tiament|oops\n|\n|t:|1776477567\n|move|p2a: Medicham|Detect|p2a: Medicham\n|-singleturn|p2a: Medicham|Protect\n|move|p1b: Garchomp|Rock Slide|p2a: Medicham|[spread] \n|-activate|p2a: Medicham|move: Protect\n|-miss|p1b: Garchomp|p2b: Sharpedo\n|move|p2b: Sharpedo|Poison Jab|p1a: Sinistcha\n|-damage|p1a: Sinistcha|80/100\n|-status|p1a: Sinistcha|psn\n|move|p1a: Sinistcha|Trick Room|p1a: Sinistcha\n|-fieldstart|move: Trick Room|[of] p1a: Sinistcha\n|\n|-damage|p1a: Sinistcha|68/100 psn|[from] psn\n|-ability|p2b: Sharpedo|Speed Boost|boost\n|-boost|p2b: Sharpedo|spe|1\n|upkeep\n|turn|3\n|\n|t:|1776477594\n|switch|p2b: Milotic|Milotic, L50, M|100/100\n|detailschange|p2a: Medicham|Medicham-Mega, L50, F\n|-mega|p2a: Medicham|Medicham|Medichamite\n|move|p1a: Sinistcha|Matcha Gotcha|p2a: Medicham|[spread] p2a,p2b\n|-supereffective|p2b: Milotic|1\n|-crit|p2b: Milotic\n|-damage|p2a: Medicham|25/100\n|-heal|p1a: Sinistcha|83/100 psn|[from] drain|[of] p2a: Medicham\n|-damage|p2b: Milotic|53/100\n|-heal|p1a: Sinistcha|100/100 psn|[from] drain|[of] p2b: Milotic\n|-status|p2b: Milotic|brn\n|move|p2a: Medicham|Drain Punch|p1b: Garchomp\n|-damage|p1b: Garchomp|33/100\n|-heal|p2a: Medicham|62/100|[from] drain|[of] p1b: Garchomp\n|-damage|p2a: Medicham|50/100|[from] ability: Rough Skin|[of] p1b: Garchomp\n|move|p1b: Garchomp|Rock Slide|p2b: Milotic|[spread] p2a,p2b\n|-resisted|p2a: Medicham|1\n|-damage|p2a: Medicham|39/100\n|-damage|p2b: Milotic|30/100 brn\n|\n|-heal|p2b: Milotic|36/100 brn|[from] item: Leftovers\n|-damage|p1a: Sinistcha|88/100 psn|[from] psn\n|-damage|p2b: Milotic|30/100 brn|[from] brn\n|upkeep\n|turn|4\n|\n|t:|1776477634\n|move|p1a: Sinistcha|Matcha Gotcha|p2b: Milotic|[spread] p2a,p2b\n|-supereffective|p2b: Milotic|1\n|-damage|p2a: Medicham|7/100\n|-heal|p1a: Sinistcha|100/100 psn|[from] drain|[of] p2a: Medicham\n|-damage|p2b: Milotic|0 fnt\n|faint|p2b: Milotic\n|move|p2a: Medicham|Drain Punch|p1b: Garchomp\n|-damage|p1b: Garchomp|0 fnt\n|-heal|p2a: Medicham|25/100|[from] drain|[of] p1b: Garchomp\n|-damage|p2a: Medicham|13/100|[from] ability: Rough Skin|[of] p1b: Garchomp\n|faint|p1b: Garchomp\n|\n|-damage|p1a: Sinistcha|88/100 psn|[from] psn\n|upkeep\n|\n|t:|1776477658\n|switch|p2b: Farigiraf|Farigiraf, L50, F|100/100\n|switch|p1b: Sneasler|Sneasler, L50, M, shiny|100/100\n|turn|5\n|\n|t:|1776477671\n|move|p2a: Medicham|Detect|p2a: Medicham\n|-singleturn|p2a: Medicham|Protect\n|move|p1b: Sneasler|Protect|p1b: Sneasler\n|-singleturn|p1b: Sneasler|Protect\n|move|p2b: Farigiraf|Twin Beam|p1b: Sneasler\n|-activate|p1b: Sneasler|move: Protect\n|move|p1a: Sinistcha|Matcha Gotcha|p2b: Farigiraf|[spread] p2b\n|-activate|p2a: Medicham|move: Protect\n|-damage|p2b: Farigiraf|73/100\n|-heal|p1a: Sinistcha|100/100 psn|[from] drain|[of] p2b: Farigiraf\n|\n|-damage|p1a: Sinistcha|88/100 psn|[from] psn\n|upkeep\n|turn|6\n|\n|t:|1776477694\n|switch|p2a: Sharpedo|Sharpedo, L50, F|100/100\n|switch|p1b: Greninja|Greninja, L50, M|100/100\n|move|p2b: Farigiraf|Twin Beam|p1b: Greninja\n|-immune|p1b: Greninja\n|move|p1a: Sinistcha|Matcha Gotcha|p2a: Sharpedo|[spread] p2a,p2b\n|-supereffective|p2a: Sharpedo|1\n|-crit|p2a: Sharpedo\n|-enditem|p2a: Sharpedo|Focus Sash\n|-damage|p2a: Sharpedo|1/100\n|-heal|p1a: Sinistcha|100/100 psn|[from] drain|[of] p2a: Sharpedo\n|-damage|p2b: Farigiraf|48/100\n|-status|p2a: Sharpedo|brn\n|-enditem|p2b: Farigiraf|Sitrus Berry|[eat]\n|-heal|p2b: Farigiraf|72/100|[from] item: Sitrus Berry\n|\n|-damage|p1a: Sinistcha|88/100 psn|[from] psn\n|-damage|p2a: Sharpedo|0 fnt|[from] brn\n|faint|p2a: Sharpedo\n|-fieldend|move: Trick Room\n|upkeep\n|\n|t:|1776477714\n|switch|p2a: Medicham|Medicham-Mega, L50, F|13/100\n|turn|7\n|\n|t:|1776477748\n|move|p2a: Medicham|Detect|p2a: Medicham\n|-singleturn|p2a: Medicham|Protect\n|move|p2b: Farigiraf|Protect|p2b: Farigiraf\n|-singleturn|p2b: Farigiraf|Protect\n|move|p1a: Sinistcha|Rage Powder|p1a: Sinistcha\n|-singleturn|p1a: Sinistcha|move: Rage Powder\n|move|p1b: Greninja|Extrasensory|p2a: Medicham\n|-start|p1b: Greninja|typechange|Psychic|[from] ability: Protean\n|-activate|p2a: Medicham|move: Protect\n|\n|-damage|p1a: Sinistcha|76/100 psn|[from] psn\n|upkeep\n|turn|8\n|\n|t:|1776477769\n|move|p2a: Medicham|Upper Hand||[still]\n|-fail|p2a: Medicham\n|move|p1a: Sinistcha|Rage Powder|p1a: Sinistcha\n|-singleturn|p1a: Sinistcha|move: Rage Powder\n|move|p1b: Greninja|Extrasensory|p2a: Medicham\n|-damage|p2a: Medicham|0 fnt\n|faint|p2a: Medicham\n|move|p2b: Farigiraf|Twin Beam|p1a: Sinistcha\n|-damage|p1a: Sinistcha|54/100 psn\n|-damage|p1a: Sinistcha|30/100 psn\n|-enditem|p1a: Sinistcha|Sitrus Berry|[eat]\n|-heal|p1a: Sinistcha|55/100 psn|[from] item: Sitrus Berry\n|-hitcount|p1a: Sinistcha|2\n|\n|-damage|p1a: Sinistcha|43/100 psn|[from] psn\n|upkeep\n|turn|9\n|\n|t:|1776477783\n|detailschange|p1b: Greninja|Greninja-Mega, L50, M\n|-mega|p1b: Greninja|Greninja|Greninjite\n|move|p1b: Greninja|Dark Pulse|p2b: Farigiraf\n|-start|p1b: Greninja|typechange|Dark|[from] ability: Protean\n|-supereffective|p2b: Farigiraf|1\n|-damage|p2b: Farigiraf|0 fnt\n|faint|p2b: Farigiraf\n|\n|win|Velaine\n|raw|Velaine's rating: 1095 &rarr; <strong>1114</strong><br />(+19 for winning)\n|raw|tiament's rating: 1000 &rarr; <strong>1000</strong><br />(+0 for losing)\n|l|\u2606tiament\n|player|p2|\n",
  "uploadtime": 1776478096,
  "views": 13,
  "formatid": "gen9championsvgc2026regma",
  "rating": 1000,
  "private": 0,
  "password": null
}