{
  "id": "gen9championsvgc2026regma-2588251675",
  "format": "[Gen 9 Champions] VGC 2026 Reg M-A",
  "players": [
    "benjitulio",
    "quazyman97"
  ],
  "log": "|j|\u2606benjitulio\n|j|\u2606quazyman97\n|t:|1776618181\n|gametype|doubles\n|player|p1|benjitulio|wattson|1114\n|player|p2|quazyman97|1|1177\n|gen|9\n|tier|[Gen 9 Champions] VGC 2026 Reg M-A\n|rated|\n|rule|Species Clause: Limit one of each Pok\u00e9mon\n|rule|Item Clause: Limit 1 of each item\n|clearpoke\n|poke|p1|Dragonite, L50, F|\n|poke|p1|Incineroar, L50, F|\n|poke|p1|Gyarados, L50, M|\n|poke|p1|Maushold-Four, L50|\n|poke|p1|Milotic, L50, F|\n|poke|p1|Whimsicott, L50, F|\n|poke|p2|Abomasnow, L50, M|\n|poke|p2|Crabominable, L50, F|\n|poke|p2|Slowking, L50, F|\n|poke|p2|Empoleon, L50, M|\n|poke|p2|Incineroar, L50, M|\n|poke|p2|Dragapult, L50, M|\n|teampreview|4\n|\n|t:|1776618248\n|teamsize|p1|4\n|teamsize|p2|4\n|start\n|switch|p1a: Whimsicott|Whimsicott, L50, F|100/100\n|switch|p1b: Dragonite|Dragonite, L50, F|100/100\n|switch|p2a: Crabominable|Crabominable, L50, F|100/100\n|switch|p2b: Empoleon|Empoleon, L50, M|100/100\n|turn|1\n|inactive|Battle timer is ON: inactive players will automatically lose when time's up. (requested by benjitulio)\n|\n|t:|1776618279\n|detailschange|p1b: Dragonite|Dragonite-Mega, L50, F\n|-mega|p1b: Dragonite|Dragonite|Dragoninite\n|detailschange|p2a: Crabominable|Crabominable-Mega, L50, F\n|-mega|p2a: Crabominable|Crabominable|Crabominite\n|move|p1a: Whimsicott|Moonblast|p2a: Crabominable\n|-supereffective|p2a: Crabominable|1\n|-crit|p2a: Crabominable\n|-damage|p2a: Crabominable|11/100\n|move|p1b: Dragonite|Flamethrower|p2a: Crabominable\n|-supereffective|p2a: Crabominable|1\n|-damage|p2a: Crabominable|0 fnt\n|faint|p2a: Crabominable\n|move|p2b: Empoleon|Blizzard|p1b: Dragonite|[spread] p1a\n|-miss|p2b: Empoleon|p1b: Dragonite\n|-supereffective|p1a: Whimsicott|1\n|-damage|p1a: Whimsicott|0 fnt\n|faint|p1a: Whimsicott\n|\n|upkeep\n|\n|t:|1776618298\n|switch|p1a: Milotic|Milotic, L50, F|100/100\n|switch|p2a: Slowking|Slowking, L50, F|100/100\n|turn|2\n|\n|t:|1776618318\n|move|p2b: Empoleon|Protect|p2b: Empoleon\n|-singleturn|p2b: Empoleon|Protect\n|move|p1b: Dragonite|Flamethrower|p2b: Empoleon\n|-activate|p2b: Empoleon|move: Protect\n|move|p1a: Milotic|Scald|p2b: Empoleon\n|-activate|p2b: Empoleon|move: Protect\n|-prepare|p2a: Slowking|Chilly Reception|[premajor]\n|move|p2a: Slowking|Chilly Reception|p2a: Slowking\n|-weather|Snowscape\n|\n|t:|1776618328\n|switch|p2a: Dragapult|Dragapult, L50, M|100/100|[from] Chilly Reception\n|\n|-weather|Snowscape|[upkeep]\n|upkeep\n|turn|3\n|\n|t:|1776618339\n|move|p1b: Dragonite|Protect|p1b: Dragonite\n|-singleturn|p1b: Dragonite|Protect\n|move|p2a: Dragapult|Thunderbolt|p1a: Milotic\n|-supereffective|p1a: Milotic|1\n|-damage|p1a: Milotic|57/100\n|move|p1a: Milotic|Icy Wind|p2a: Dragapult|[spread] p2a,p2b\n|-supereffective|p2a: Dragapult|1\n|-resisted|p2b: Empoleon|2\n|-damage|p2a: Dragapult|65/100\n|-damage|p2b: Empoleon|97/100\n|-unboost|p2b: Empoleon|spe|1\n|-ability|p2b: Empoleon|Competitive|boost\n|-boost|p2b: Empoleon|spa|2\n|move|p2b: Empoleon|Blizzard|p1b: Dragonite|[spread] p1a\n|-activate|p1b: Dragonite|move: Protect\n|-resisted|p1a: Milotic|1\n|-damage|p1a: Milotic|36/100\n|-status|p1a: Milotic|frz\n|\n|-weather|Snowscape|[upkeep]\n|-heal|p1a: Milotic|43/100 frz|[from] item: Leftovers\n|-heal|p2b: Empoleon|100/100|[from] item: Leftovers\n|upkeep\n|turn|4\n|inactive|quazyman97 has 30 seconds left.\n|\n|t:|1776618367\n|move|p2a: Dragapult|Thunderbolt|p1a: Milotic\n|-supereffective|p1a: Milotic|1\n|-damage|p1a: Milotic|1/100 frz\n|move|p1b: Dragonite|Dragon Pulse|p2a: Dragapult\n|-supereffective|p2a: Dragapult|1\n|-damage|p2a: Dragapult|0 fnt\n|faint|p2a: Dragapult\n|-curestatus|p1a: Milotic|frz|[msg]\n|move|p1a: Milotic|Ice Beam|p2b: Empoleon\n|-resisted|p2b: Empoleon|2\n|-damage|p2b: Empoleon|94/100\n|move|p2b: Empoleon|Blizzard|p1b: Dragonite|[spread] p1a,p1b\n|-resisted|p1a: Milotic|1\n|-supereffective|p1b: Dragonite|2\n|-damage|p1a: Milotic|0 fnt\n|-damage|p1b: Dragonite|8/100\n|faint|p1a: Milotic\n|\n|-weather|Snowscape|[upkeep]\n|-heal|p2b: Empoleon|99/100|[from] item: Leftovers\n|upkeep\n|\n|t:|1776618383\n|switch|p2a: Slowking|Slowking, L50, F|100/100\n|switch|p1a: Maushold|Maushold-Four, L50|100/100\n|turn|5\n|\n|t:|1776618400\n|move|p1b: Dragonite|Protect|p1b: Dragonite\n|-singleturn|p1b: Dragonite|Protect\n|move|p1a: Maushold|Rain Dance|p1a: Maushold\n|-weather|RainDance\n|move|p2b: Empoleon|Blizzard|p1b: Dragonite|[spread] \n|-activate|p1b: Dragonite|move: Protect\n|-miss|p2b: Empoleon|p1a: Maushold\n|move|p2a: Slowking|Psychic|p1a: Maushold\n|-damage|p1a: Maushold|46/100\n|\n|-weather|RainDance|[upkeep]\n|-heal|p2b: Empoleon|100/100|[from] item: Leftovers\n|upkeep\n|turn|6\n|inactive|benjitulio has 30 seconds left.\n|\n|t:|1776618425\n|move|p1a: Maushold|Population Bomb|p2b: Empoleon\n|-resisted|p2b: Empoleon|1\n|-crit|p2b: Empoleon\n|-damage|p2b: Empoleon|94/100\n|-resisted|p2b: Empoleon|1\n|-damage|p2b: Empoleon|90/100\n|-resisted|p2b: Empoleon|1\n|-damage|p2b: Empoleon|85/100\n|-hitcount|p2b: Empoleon|3\n|move|p1b: Dragonite|Dragon Pulse|p2b: Empoleon\n|-resisted|p2b: Empoleon|1\n|-damage|p2b: Empoleon|62/100\n|move|p2b: Empoleon|Flash Cannon|p1a: Maushold\n|-damage|p1a: Maushold|0 fnt\n|faint|p1a: Maushold\n|move|p2a: Slowking|Psychic|p1b: Dragonite\n|-damage|p1b: Dragonite|0 fnt\n|faint|p1b: Dragonite\n|\n|win|quazyman97\n|raw|benjitulio's rating: 1114 &rarr; <strong>1093</strong><br />(-21 for losing)\n|raw|quazyman97's rating: 1177 &rarr; <strong>1198</strong><br />(+21 for winning)\n",
  "uploadtime": 1776618426,
  "views": 13,
  "formatid": "gen9championsvgc2026regma",
  "rating": 1093,
  "private": 0,
  "password": null
}