{
  "id": "gen9championsvgc2026regma-2587184459",
  "format": "[Gen 9 Champions] VGC 2026 Reg M-A",
  "players": [
    "hide on whimscott",
    "GeellGee"
  ],
  "log": "|j|\u2606hide on whimscott\n|j|\u2606GeellGee\n|t:|1776505749\n|gametype|doubles\n|player|p1|hide on whimscott|artist-gen4|1214\n|player|p2|GeellGee|170|1200\n|gen|9\n|tier|[Gen 9 Champions] VGC 2026 Reg M-A\n|rated|\n|rule|Species Clause: Limit one of each Pok\u00e9mon\n|rule|Item Clause: Limit 1 of each item\n|clearpoke\n|poke|p1|Lopunny, L50, F|\n|poke|p1|Basculegion, L50, M|\n|poke|p1|Pelipper, L50, M|\n|poke|p1|Archaludon, L50, M|\n|poke|p1|Sinistcha, L50|\n|poke|p1|Incineroar, L50, M|\n|poke|p2|Sneasler, L50, F|\n|poke|p2|Lucario, L50, F|\n|poke|p2|Farigiraf, L50, F|\n|poke|p2|Meganium, L50, M|\n|poke|p2|Incineroar, L50, M|\n|poke|p2|Meowscarada, L50, F|\n|teampreview|4\n|inactive|Battle timer is ON: inactive players will automatically lose when time's up. (requested by GeellGee)\n|\n|t:|1776505816\n|teamsize|p1|4\n|teamsize|p2|4\n|start\n|switch|p1a: Empress|Lopunny, L50, F|100/100\n|switch|p1b: Chevalier|Basculegion, L50, M|100/100\n|switch|p2a: Lucario|Lucario, L50, F|100/100\n|switch|p2b: Meowscarada|Meowscarada, L50, F|100/100\n|turn|1\n|\n|t:|1776505835\n|detailschange|p1a: Empress|Lopunny-Mega, L50, F\n|-mega|p1a: Empress|Lopunny|Lopunnite\n|detailschange|p2a: Lucario|Lucario-Mega, L50, F\n|-mega|p2a: Lucario|Lucario|Lucarionite\n|move|p1b: Chevalier|Protect|p1b: Chevalier\n|-singleturn|p1b: Chevalier|Protect\n|move|p2b: Meowscarada|Knock Off|p1b: Chevalier\n|-start|p2b: Meowscarada|typechange|Dark|[from] ability: Protean\n|-activate|p1b: Chevalier|move: Protect\n|move|p1a: Empress|Close Combat|p2a: Lucario\n|-supereffective|p2a: Lucario|1\n|-damage|p2a: Lucario|0 fnt\n|-unboost|p1a: Empress|def|1\n|-unboost|p1a: Empress|spd|1\n|faint|p2a: Lucario\n|\n|upkeep\n|\n|t:|1776505851\n|switch|p2a: Sneasler|Sneasler, L50, F|100/100\n|turn|2\n|inactive|hide on whimscott has 30 seconds left.\n|\n|t:|1776505880\n|switch|p1b: Courrier|Pelipper, L50, M|100/100\n|-weather|RainDance|[from] ability: Drizzle|[of] p1b: Courrier\n|move|p1a: Empress|Protect|p1a: Empress\n|-singleturn|p1a: Empress|Protect\n|move|p2b: Meowscarada|Knock Off|p1b: Courrier\n|-damage|p1b: Courrier|37/100\n|-enditem|p1b: Courrier|Focus Sash|[from] move: Knock Off|[of] p2b: Meowscarada\n|move|p2a: Sneasler|Close Combat|p1a: Empress\n|-activate|p1a: Empress|move: Protect\n|\n|-weather|RainDance|[upkeep]\n|upkeep\n|turn|3\n|\n|t:|1776505897\n|move|p2b: Meowscarada|Knock Off|p1b: Courrier\n|-damage|p1b: Courrier|0 fnt\n|faint|p1b: Courrier\n|move|p1a: Empress|Close Combat|p2b: Meowscarada\n|-supereffective|p2b: Meowscarada|1\n|-damage|p2b: Meowscarada|0 fnt\n|-unboost|p1a: Empress|def|1\n|-unboost|p1a: Empress|spd|1\n|faint|p2b: Meowscarada\n|move|p2a: Sneasler|Close Combat|p1a: Empress\n|-supereffective|p1a: Empress|1\n|-damage|p1a: Empress|0 fnt\n|-unboost|p2a: Sneasler|def|1\n|-unboost|p2a: Sneasler|spd|1\n|faint|p1a: Empress\n|\n|-weather|RainDance|[upkeep]\n|upkeep\n|\n|t:|1776505911\n|switch|p1a: Chevalier|Basculegion, L50, M|100/100\n|switch|p2b: Incineroar|Incineroar, L50, M|100/100\n|switch|p1b: Bastion|Archaludon, L50, M|100/100\n|-ability|p2b: Incineroar|Intimidate|boost\n|-unboost|p1a: Chevalier|atk|1\n|-unboost|p1b: Bastion|atk|1\n|turn|4\n|inactive|GeellGee has 30 seconds left.\n|\n|t:|1776505937\n|move|p1b: Bastion|Protect|p1b: Bastion\n|-singleturn|p1b: Bastion|Protect\n|move|p1a: Chevalier|Wave Crash|p2b: Incineroar\n|-supereffective|p2b: Incineroar|1\n|-damage|p2b: Incineroar|0 fnt\n|faint|p2b: Incineroar\n|-damage|p1a: Chevalier|67/100|[from] Recoil\n|move|p2a: Sneasler|Close Combat|p1b: Bastion\n|-activate|p1b: Bastion|move: Protect\n|\n|-weather|RainDance|[upkeep]\n|upkeep\n|turn|5\n|-message|GeellGee forfeited.\n|\n|win|hide on whimscott\n|raw|hide on whimscott's rating: 1214 &rarr; <strong>1238</strong><br />(+24 for winning)\n|raw|GeellGee's rating: 1200 &rarr; <strong>1176</strong><br />(-24 for losing)\n",
  "uploadtime": 1776505945,
  "views": 17,
  "formatid": "gen9championsvgc2026regma",
  "rating": 1176,
  "private": 0,
  "password": null
}