{
  "id": "gen9championsvgc2026regma-2588661719",
  "format": "[Gen 9 Champions] VGC 2026 Reg M-A",
  "players": [
    "Mozilla Fennekin",
    "disciple of blahaj"
  ],
  "log": "|j|\u2606Mozilla Fennekin\n|j|\u2606disciple of blahaj\n|t:|1776654996\n|gametype|doubles\n|player|p1|Mozilla Fennekin|marnie-masters3|1275\n|player|p2|disciple of blahaj|jacinthe|1307\n|gen|9\n|tier|[Gen 9 Champions] VGC 2026 Reg M-A\n|rated|\n|rule|Species Clause: Limit one of each Pok\u00e9mon\n|rule|Item Clause: Limit 1 of each item\n|clearpoke\n|poke|p1|Gyarados, L50, M|\n|poke|p1|Delphox, L50, F|\n|poke|p1|Aerodactyl, L50, F|\n|poke|p1|Archaludon, L50, M|\n|poke|p1|Sinistcha, L50|\n|poke|p1|Mimikyu, L50, M|\n|poke|p2|Scovillain, L50, F, shiny|\n|poke|p2|Kingambit, L50, M|\n|poke|p2|Kommo-o, L50, F, shiny|\n|poke|p2|Basculegion-F, L50, F|\n|poke|p2|Sneasler, L50, F|\n|poke|p2|Aerodactyl, L50, F|\n|teampreview|4\n|l|\u2606disciple of blahaj\n|player|p2|\n|j|\u2606disciple of blahaj\n|player|p2|disciple of blahaj|jacinthe|\n|\n|t:|1776655035\n|teamsize|p1|4\n|teamsize|p2|4\n|start\n|switch|p1a: Aerodactyl|Aerodactyl, L50, F|100/100\n|switch|p1b: Archaludon|Archaludon, L50, M|100/100\n|switch|p2a: Scovillain|Scovillain, L50, F, shiny|100/100\n|switch|p2b: Sneasler|Sneasler, L50, F|100/100\n|-ability|p1a: Aerodactyl|Unnerve\n|turn|1\n|inactive|Battle timer is ON: inactive players will automatically lose when time's up. (requested by disciple of blahaj)\n|inactive|Mozilla Fennekin has 60 seconds left.\n|\n|t:|1776655073\n|detailschange|p2a: Scovillain|Scovillain-Mega, L50, F, shiny\n|-mega|p2a: Scovillain|Scovillain|Scovillainite\n|move|p2a: Scovillain|Rage Powder|p2a: Scovillain\n|-singleturn|p2a: Scovillain|move: Rage Powder\n|move|p1a: Aerodactyl|Dual Wingbeat|p2a: Scovillain\n|-supereffective|p2a: Scovillain|1\n|-damage|p2a: Scovillain|73/100\n|-status|p1a: Aerodactyl|brn|[from] ability: Spicy Spray|[of] p2a: Scovillain\n|-supereffective|p2a: Scovillain|1\n|-damage|p2a: Scovillain|60/100\n|-hitcount|p2a: Scovillain|2\n|move|p2b: Sneasler|Close Combat|p1b: Archaludon\n|-supereffective|p1b: Archaludon|1\n|-damage|p1b: Archaludon|0 fnt\n|-unboost|p2b: Sneasler|def|1\n|-unboost|p2b: Sneasler|spd|1\n|faint|p1b: Archaludon\n|-enditem|p2b: Sneasler|White Herb\n|-clearnegativeboost|p2b: Sneasler|[silent]\n|\n|-damage|p1a: Aerodactyl|95/100 brn|[from] brn\n|upkeep\n|\n|t:|1776655084\n|switch|p1b: Delphox|Delphox, L50, F|100/100\n|turn|2\n|\n|t:|1776655105\n|detailschange|p1b: Delphox|Delphox-Mega, L50, F\n|-mega|p1b: Delphox|Delphox|Delphoxite\n|move|p1b: Delphox|Protect|p1b: Delphox\n|-singleturn|p1b: Delphox|Protect\n|move|p2b: Sneasler|Dire Claw|p1b: Delphox\n|-activate|p1b: Delphox|move: Protect\n|move|p1a: Aerodactyl|Taunt|p2a: Scovillain\n|-start|p2a: Scovillain|move: Taunt\n|move|p2a: Scovillain|Giga Drain|p1a: Aerodactyl\n|-damage|p1a: Aerodactyl|53/100 brn\n|-heal|p2a: Scovillain|82/100|[from] drain|[of] p1a: Aerodactyl\n|\n|-damage|p1a: Aerodactyl|48/100 brn|[from] brn\n|upkeep\n|turn|3\n|\n|t:|1776655129\n|move|p2b: Sneasler|Dire Claw|p1b: Delphox\n|-damage|p1b: Delphox|31/100\n|move|p1b: Delphox|Psychic|p2b: Sneasler\n|-supereffective|p2b: Sneasler|2\n|-damage|p2b: Sneasler|0 fnt\n|faint|p2b: Sneasler\n|move|p1a: Aerodactyl|Dual Wingbeat|p2a: Scovillain|[miss]\n|-miss|p1a: Aerodactyl|p2a: Scovillain\n|move|p2a: Scovillain|Giga Drain|p1b: Delphox\n|-resisted|p1b: Delphox|1\n|-damage|p1b: Delphox|14/100\n|-heal|p2a: Scovillain|91/100|[from] drain|[of] p1b: Delphox\n|\n|-damage|p1a: Aerodactyl|42/100 brn|[from] brn\n|upkeep\n|\n|t:|1776655142\n|switch|p2b: Aerodactyl|Aerodactyl, L50, F|100/100\n|-ability|p2b: Aerodactyl|Unnerve\n|turn|4\n|\n|t:|1776655157\n|move|p2b: Aerodactyl|Protect|p2b: Aerodactyl\n|-singleturn|p2b: Aerodactyl|Protect\n|move|p1a: Aerodactyl|Wide Guard|p1a: Aerodactyl\n|-singleturn|p1a: Aerodactyl|Wide Guard\n|move|p1b: Delphox|Psychic|p2a: Scovillain\n|-damage|p2a: Scovillain|28/100\n|-immune|p1b: Delphox\n|move|p2a: Scovillain|Giga Drain|p1b: Delphox\n|-resisted|p1b: Delphox|1\n|-damage|p1b: Delphox|0 fnt\n|-heal|p2a: Scovillain|34/100|[from] drain|[of] p1b: Delphox\n|faint|p1b: Delphox\n|\n|-damage|p1a: Aerodactyl|36/100 brn|[from] brn\n|-end|p2a: Scovillain|move: Taunt\n|upkeep\n|\n|t:|1776655169\n|switch|p1b: Mimikyu|Mimikyu, L50, M|100/100\n|turn|5\n|\n|t:|1776655176\n|move|p2a: Scovillain|Rage Powder|p2a: Scovillain\n|-singleturn|p2a: Scovillain|move: Rage Powder\n|move|p1a: Aerodactyl|Rock Slide|p2a: Scovillain|[spread] p2a\n|-miss|p1a: Aerodactyl|p2b: Aerodactyl\n|-supereffective|p2a: Scovillain|1\n|-damage|p2a: Scovillain|16/100\n|move|p2b: Aerodactyl|Dual Wingbeat|p1b: Mimikyu\n|-activate|p1b: Mimikyu|ability: Disguise\n|-damage|p1b: Mimikyu|100/100\n|detailschange|p1b: Mimikyu|Mimikyu-Busted, L50, M\n|-damage|p1b: Mimikyu|88/100|[from] pokemon: Mimikyu-Busted\n|-damage|p1b: Mimikyu|63/100\n|-hitcount|p1b: Mimikyu|2\n|move|p1b: Mimikyu|Swords Dance|p1b: Mimikyu\n|-boost|p1b: Mimikyu|atk|2\n|\n|-damage|p1a: Aerodactyl|30/100 brn|[from] brn\n|upkeep\n|turn|6\n|\n|t:|1776655199\n|move|p2a: Scovillain|Protect|p2a: Scovillain\n|-singleturn|p2a: Scovillain|Protect\n|move|p1a: Aerodactyl|Dual Wingbeat|p2a: Scovillain\n|-activate|p2a: Scovillain|move: Protect\n|move|p2b: Aerodactyl|Rock Slide|p1a: Aerodactyl|[spread] p1a,p1b\n|-supereffective|p1a: Aerodactyl|1\n|-damage|p1a: Aerodactyl|0 fnt\n|-damage|p1b: Mimikyu|30/100\n|faint|p1a: Aerodactyl\n|move|p1b: Mimikyu|Play Rough|p2b: Aerodactyl\n|-enditem|p2b: Aerodactyl|Focus Sash\n|-damage|p2b: Aerodactyl|1/100\n|\n|upkeep\n|turn|7\n|-message|Mozilla Fennekin forfeited.\n|\n|win|disciple of blahaj\n|raw|Mozilla Fennekin's rating: 1275 &rarr; <strong>1252</strong><br />(-23 for losing)\n|raw|disciple of blahaj's rating: 1307 &rarr; <strong>1325</strong><br />(+18 for winning)\n|l|\u2606Mozilla Fennekin\n|player|p1|\n",
  "uploadtime": 1776655218,
  "views": 8,
  "formatid": "gen9championsvgc2026regma",
  "rating": 1252,
  "private": 0,
  "password": null
}