{
  "id": "gen9championsvgc2026regma-2588887658",
  "format": "[Gen 9 Champions] VGC 2026 Reg M-A",
  "players": [
    "annaheavyrocks",
    "andrea_champions"
  ],
  "log": "|j|\u2606annaheavyrocks\n|j|\u2606andrea_champions\n|t:|1776682604\n|gametype|doubles\n|player|p1|annaheavyrocks|caitlin|1081\n|player|p2|andrea_champions|scientist|1178\n|gen|9\n|tier|[Gen 9 Champions] VGC 2026 Reg M-A\n|rated|\n|rule|Species Clause: Limit one of each Pok\u00e9mon\n|rule|Item Clause: Limit 1 of each item\n|clearpoke\n|poke|p1|Lopunny, L50, M|\n|poke|p1|Aegislash, L50, F|\n|poke|p1|Liepard, L50, M|\n|poke|p1|Volcarona, L50, M|\n|poke|p1|Sinistcha, L50|\n|poke|p1|Primarina, L50, F, shiny|\n|poke|p2|Meganium, L50, M|\n|poke|p2|Sneasler, L50, F|\n|poke|p2|Archaludon, L50, F|\n|poke|p2|Basculegion, L50, M|\n|poke|p2|Pelipper, L50, F|\n|poke|p2|Kingambit, L50, F|\n|teampreview|4\n|\n|t:|1776682624\n|teamsize|p1|4\n|teamsize|p2|4\n|start\n|switch|p1a: Liepard|Liepard, L50, M|100/100\n|switch|p1b: Volcarona|Volcarona, L50, M|100/100\n|switch|p2a: Meganium|Meganium, L50, M|100/100\n|switch|p2b: Sneasler|Sneasler, L50, F|100/100\n|turn|1\n|inactive|Battle timer is ON: inactive players will automatically lose when time's up. (requested by andrea_champions)\n|\n|t:|1776682641\n|detailschange|p2a: Meganium|Meganium-Mega, L50, M\n|-mega|p2a: Meganium|Meganium|Meganiumite\n|move|p1a: Liepard|Fake Out|p2b: Sneasler\n|-damage|p2b: Sneasler|81/100\n|cant|p2b: Sneasler|flinch\n|move|p1b: Volcarona|Tailwind|p1b: Volcarona\n|-sidestart|p1: annaheavyrocks|move: Tailwind\n|move|p2a: Meganium|Dazzling Gleam|p1b: Volcarona|[spread] p1a,p1b\n|-supereffective|p1a: Liepard|1\n|-resisted|p1b: Volcarona|1\n|-enditem|p1a: Liepard|Focus Sash\n|-damage|p1a: Liepard|1/100\n|-damage|p1b: Volcarona|86/100\n|\n|-heal|p1b: Volcarona|92/100|[from] item: Leftovers\n|upkeep\n|turn|2\n|inactive|annaheavyrocks has 30 seconds left.\n|inactive|andrea_champions has 30 seconds left.\n|\n|t:|1776682673\n|switch|p1a: Sinistcha|Sinistcha, L50|100/100\n|-heal|p1b: Volcarona|100/100|[from] ability: Hospitality|[of] p1a: Sinistcha\n|move|p1b: Volcarona|Quiver Dance|p1b: Volcarona\n|-boost|p1b: Volcarona|spa|1\n|-boost|p1b: Volcarona|spd|1\n|-boost|p1b: Volcarona|spe|1\n|move|p2b: Sneasler|Dire Claw|p1a: Sinistcha\n|-damage|p1a: Sinistcha|55/100\n|move|p2a: Meganium|Weather Ball|p1a: Sinistcha\n|-supereffective|p1a: Sinistcha|1\n|-damage|p1a: Sinistcha|0 fnt\n|faint|p1a: Sinistcha\n|\n|upkeep\n|\n|t:|1776682683\n|switch|p1a: Liepard|Liepard, L50, M|1/100\n|turn|3\n|\n|t:|1776682695\n|move|p1a: Liepard|Fake Out|p2b: Sneasler\n|-damage|p2b: Sneasler|62/100\n|move|p1b: Volcarona|Heat Wave|p2a: Meganium|[spread] p2a,p2b\n|-supereffective|p2a: Meganium|1\n|-damage|p2a: Meganium|19/100\n|-damage|p2b: Sneasler|0 fnt\n|faint|p2b: Sneasler\n|move|p2a: Meganium|Dazzling Gleam|p1a: Liepard|[spread] p1a,p1b\n|-supereffective|p1a: Liepard|1\n|-resisted|p1b: Volcarona|1\n|-damage|p1a: Liepard|0 fnt\n|-damage|p1b: Volcarona|90/100\n|faint|p1a: Liepard\n|\n|-heal|p1b: Volcarona|96/100|[from] item: Leftovers\n|upkeep\n|\n|t:|1776682711\n|switch|p1a: Lopunny|Lopunny, L50, M|100/100\n|switch|p2b: Kingambit|Kingambit, L50, F|100/100\n|turn|4\n|\n|t:|1776682725\n|move|p1a: Lopunny|Protect|p1a: Lopunny\n|-singleturn|p1a: Lopunny|Protect\n|move|p2a: Meganium|Protect|p2a: Meganium\n|-singleturn|p2a: Meganium|Protect\n|move|p2b: Kingambit|Sucker Punch|p1b: Volcarona\n|-damage|p1b: Volcarona|56/100\n|move|p1b: Volcarona|Heat Wave|p2a: Meganium|[spread] p2b\n|-activate|p2a: Meganium|move: Protect\n|-supereffective|p2b: Kingambit|1\n|-damage|p2b: Kingambit|5/100\n|\n|-heal|p1b: Volcarona|62/100|[from] item: Leftovers\n|-sideend|p1: annaheavyrocks|move: Tailwind\n|upkeep\n|turn|5\n|\n|t:|1776682747\n|move|p1a: Lopunny|Protect||[still]\n|-fail|p1a: Lopunny\n|move|p2b: Kingambit|Protect|p2b: Kingambit\n|-singleturn|p2b: Kingambit|Protect\n|move|p1b: Volcarona|Heat Wave|p2a: Meganium|[spread] \n|-activate|p2b: Kingambit|move: Protect\n|-miss|p1b: Volcarona|p2a: Meganium\n|move|p2a: Meganium|Solar Beam||[still]\n|-prepare|p2a: Meganium|Solar Beam\n|-activate|p2a: Meganium|ability: Mega Sol\n|-anim|p2a: Meganium|Solar Beam|p1b: Volcarona\n|-resisted|p1b: Volcarona|2\n|-damage|p1b: Volcarona|52/100\n|\n|-heal|p1b: Volcarona|58/100|[from] item: Leftovers\n|upkeep\n|turn|6\n|\n|t:|1776682765\n|move|p1a: Lopunny|Protect|p1a: Lopunny\n|-singleturn|p1a: Lopunny|Protect\n|move|p2a: Meganium|Protect|p2a: Meganium\n|-singleturn|p2a: Meganium|Protect\n|move|p2b: Kingambit|Sucker Punch|p1b: Volcarona\n|-damage|p1b: Volcarona|21/100\n|move|p1b: Volcarona|Heat Wave|p2b: Kingambit|[spread] p2b\n|-activate|p2a: Meganium|move: Protect\n|-supereffective|p2b: Kingambit|1\n|-damage|p2b: Kingambit|0 fnt\n|faint|p2b: Kingambit\n|\n|-heal|p1b: Volcarona|28/100|[from] item: Leftovers\n|upkeep\n|\n|t:|1776682778\n|switch|p2b: Basculegion|Basculegion, L50, M|100/100\n|turn|7\n|\n|t:|1776682789\n|detailschange|p1a: Lopunny|Lopunny-Mega, L50, M\n|-mega|p1a: Lopunny|Lopunny|Lopunnite\n|move|p2b: Basculegion|Aqua Jet|p1b: Volcarona\n|-supereffective|p1b: Volcarona|1\n|-damage|p1b: Volcarona|0 fnt\n|faint|p1b: Volcarona\n|move|p1a: Lopunny|Thunder Punch|p2b: Basculegion\n|-supereffective|p2b: Basculegion|1\n|-damage|p2b: Basculegion|19/100\n|move|p2a: Meganium|Dazzling Gleam|p1a: Lopunny\n|-supereffective|p1a: Lopunny|1\n|-crit|p1a: Lopunny\n|-damage|p1a: Lopunny|0 fnt\n|faint|p1a: Lopunny\n|\n|win|andrea_champions\n|raw|annaheavyrocks's rating: 1081 &rarr; <strong>1065</strong><br />(-16 for losing)\n|raw|andrea_champions's rating: 1178 &rarr; <strong>1196</strong><br />(+18 for winning)\n",
  "uploadtime": 1776682800,
  "views": 9,
  "formatid": "gen9championsvgc2026regma",
  "rating": 1065,
  "private": 0,
  "password": null
}