{
  "id": "gen9championsvgc2026regma-2582989942",
  "format": "[Gen 9 Champions] VGC 2026 Reg M-A",
  "players": [
    "Quacklimore",
    "daedae007"
  ],
  "log": "|j|\u2606Quacklimore\n|j|\u2606daedae007\n|t:|1776131260\n|gametype|doubles\n|player|p1|Quacklimore|1|1276\n|player|p2|daedae007|102|1324\n|gen|9\n|tier|[Gen 9 Champions] VGC 2026 Reg M-A\n|rated|\n|rule|Species Clause: Limit one of each Pok\u00e9mon\n|rule|Item Clause: Limit 1 of each item\n|clearpoke\n|poke|p1|Meganium, L50, M|\n|poke|p1|Rampardos, L50, M|\n|poke|p1|Tyranitar, L50, M|\n|poke|p1|Hatterene, L50, F|\n|poke|p1|Sneasler, L50, M|\n|poke|p1|Hydreigon, L50, F|\n|poke|p2|Greninja-*, L50, M|\n|poke|p2|Kingambit, L50, F|\n|poke|p2|Basculegion, L50, M|\n|poke|p2|Sinistcha-Masterpiece, L50|\n|poke|p2|Incineroar, L50, F|\n|poke|p2|Sneasler, L50, M|\n|teampreview|4\n|\n|t:|1776131316\n|teamsize|p1|4\n|teamsize|p2|4\n|start\n|switch|p1a: Hatterene|Hatterene, L50, F, shiny|100/100\n|switch|p1b: Sneasler|Sneasler, L50, M|100/100\n|switch|p2a: Incineroar|Incineroar, L50, F, shiny|100/100\n|switch|p2b: Greninja|Greninja, L50, M, shiny|100/100\n|-ability|p2a: Incineroar|Intimidate|boost\n|-unboost|p1a: Hatterene|atk|1\n|-unboost|p1b: Sneasler|atk|1\n|-enditem|p1b: Sneasler|White Herb\n|-clearnegativeboost|p1b: Sneasler|[silent]\n|turn|1\n|inactive|Battle timer is ON: inactive players will automatically lose when time's up. (requested by daedae007)\n|\n|t:|1776131330\n|move|p1b: Sneasler|Fake Out|p2a: Incineroar\n|-damage|p2a: Incineroar|87/100\n|cant|p2a: Incineroar|flinch\n|move|p2b: Greninja|Gunk Shot|p1a: Hatterene\n|-start|p2b: Greninja|typechange|Poison|[from] ability: Protean\n|-supereffective|p1a: Hatterene|1\n|-enditem|p1a: Hatterene|Kebia Berry|[eat]\n|-enditem|p1a: Hatterene|Kebia Berry|[weaken]\n|-damage|p1a: Hatterene|51/100\n|move|p1a: Hatterene|Trick Room|p1a: Hatterene\n|-fieldstart|move: Trick Room|[of] p1a: Hatterene\n|\n|upkeep\n|turn|2\n|inactive|daedae007 has 30 seconds left.\n|\n|t:|1776131361\n|switch|p2a: Kingambit|Kingambit, L50, F|100/100\n|detailschange|p2b: Greninja|Greninja-Mega, L50, M, shiny\n|-mega|p2b: Greninja|Greninja|Greninjite\n|move|p1a: Hatterene|Psychic|p2b: Greninja\n|-immune|p2b: Greninja\n|move|p2b: Greninja|Extrasensory|p1b: Sneasler\n|-start|p2b: Greninja|typechange|Psychic|[from] ability: Protean\n|-supereffective|p1b: Sneasler|2\n|-damage|p1b: Sneasler|0 fnt\n|faint|p1b: Sneasler\n|\n|upkeep\n|\n|t:|1776131379\n|switch|p1b: Rampardos|Rampardos, L50, M, shiny|100/100\n|turn|3\n|\n|t:|1776131393\n|switch|p2b: Incineroar|Incineroar, L50, F, shiny|87/100\n|-ability|p2b: Incineroar|Intimidate|boost\n|-unboost|p1a: Hatterene|atk|1\n|-unboost|p1b: Rampardos|atk|1\n|move|p1a: Hatterene|Dazzling Gleam|p2a: Kingambit|[spread] p2a,p2b\n|-damage|p2a: Kingambit|69/100\n|-damage|p2b: Incineroar|60/100\n|move|p2a: Kingambit|Iron Head|p1b: Rampardos\n|-supereffective|p1b: Rampardos|1\n|-enditem|p1b: Rampardos|Focus Sash\n|-damage|p1b: Rampardos|1/100\n|move|p1b: Rampardos|Fire Punch|p2a: Kingambit\n|-supereffective|p2a: Kingambit|1\n|-damage|p2a: Kingambit|25/100\n|\n|upkeep\n|turn|4\n|\n|t:|1776131416\n|move|p1b: Rampardos|Protect|p1b: Rampardos\n|-singleturn|p1b: Rampardos|Protect\n|move|p2b: Incineroar|Fake Out|p1a: Hatterene\n|-damage|p1a: Hatterene|38/100\n|move|p2a: Kingambit|Sucker Punch||[still]\n|-fail|p2a: Kingambit\n|cant|p1a: Hatterene|flinch\n|\n|upkeep\n|turn|5\n|\n|t:|1776131433\n|switch|p1b: Meganium|Meganium, L50, M|100/100\n|move|p2a: Kingambit|Protect|p2a: Kingambit\n|-singleturn|p2a: Kingambit|Protect\n|move|p1a: Hatterene|Dazzling Gleam|p2b: Incineroar|[spread] p2b\n|-activate|p2a: Kingambit|move: Protect\n|-damage|p2b: Incineroar|33/100\n|-enditem|p2b: Incineroar|Sitrus Berry|[eat]\n|-heal|p2b: Incineroar|58/100|[from] item: Sitrus Berry\n|move|p2b: Incineroar|Flare Blitz|p1a: Hatterene\n|-damage|p1a: Hatterene|0 fnt\n|faint|p1a: Hatterene\n|-damage|p2b: Incineroar|48/100|[from] Recoil\n|\n|-fieldend|move: Trick Room\n|upkeep\n|\n|t:|1776131450\n|switch|p1a: Rampardos|Rampardos, L50, M, shiny|1/100\n|turn|6\n|\n|t:|1776131459\n|detailschange|p1b: Meganium|Meganium-Mega, L50, M\n|-mega|p1b: Meganium|Meganium|Meganiumite\n|move|p2a: Kingambit|Sucker Punch|p1a: Rampardos\n|-damage|p1a: Rampardos|0 fnt\n|faint|p1a: Rampardos\n|move|p1b: Meganium|Dazzling Gleam|p2b: Incineroar|[spread] p2a,p2b\n|-damage|p2a: Kingambit|0 fnt\n|-damage|p2b: Incineroar|14/100\n|faint|p2a: Kingambit\n|move|p2b: Incineroar|Flare Blitz|p1b: Meganium\n|-supereffective|p1b: Meganium|1\n|-damage|p1b: Meganium|0 fnt\n|faint|p1b: Meganium\n|-damage|p2b: Incineroar|0 fnt|[from] Recoil\n|faint|p2b: Incineroar\n|\n|win|daedae007\n|raw|Quacklimore's rating: 1276 &rarr; <strong>1254</strong><br />(-22 for losing)\n|raw|daedae007's rating: 1324 &rarr; <strong>1341</strong><br />(+17 for winning)\n",
  "uploadtime": 1776131468,
  "views": 24,
  "formatid": "gen9championsvgc2026regma",
  "rating": 1254,
  "private": 0,
  "password": null
}