{
  "id": "gen9championsvgc2026regma-2581219001",
  "format": "[Gen 9 Champions] VGC 2026 Reg M-A",
  "players": [
    "pubaladdering",
    "shadyrac"
  ],
  "log": "|j|\u2606pubaladdering\n|j|\u2606shadyrac\n|t:|1775972246\n|gametype|doubles\n|player|p1|pubaladdering|iono|1094\n|player|p2|shadyrac|102|1000\n|gen|9\n|tier|[Gen 9 Champions] VGC 2026 Reg M-A\n|rated|\n|rule|Species Clause: Limit one of each Pok\u00e9mon\n|rule|Item Clause: Limit 1 of each item\n|clearpoke\n|poke|p1|Tyranitar, L50, F|\n|poke|p1|Garchomp, L50, F|\n|poke|p1|Excadrill, L50, F|\n|poke|p1|Gyarados, L50, M|\n|poke|p1|Meowstic-F, L50, F|\n|poke|p1|Venusaur, L50, F|\n|poke|p2|Floette-Eternal, L50, F|\n|poke|p2|Incineroar, L50, F|\n|poke|p2|Dragapult, L50, M|\n|poke|p2|Whimsicott, L50, F|\n|poke|p2|Garchomp, L50, F|\n|poke|p2|Kangaskhan, L50, F|\n|teampreview|4\n|inactive|Battle timer is ON: inactive players will automatically lose when time's up. (requested by pubaladdering)\n|inactive|shadyrac has 60 seconds left.\n|\n|t:|1775972294\n|teamsize|p1|4\n|teamsize|p2|4\n|start\n|switch|p1a: Meowstic|Meowstic-F, L50, F|100/100\n|switch|p1b: Tyranitar|Tyranitar, L50, F|100/100\n|switch|p2a: Incineroar|Incineroar, L50, F, shiny|100/100\n|switch|p2b: Whimsicott|Whimsicott, L50, F|100/100\n|-weather|Sandstorm|[from] ability: Sand Stream|[of] p1b: Tyranitar\n|-ability|p2a: Incineroar|Intimidate|boost\n|-unboost|p1a: Meowstic|atk|1\n|-ability|p1a: Meowstic|Competitive|boost\n|-boost|p1a: Meowstic|spa|2\n|-unboost|p1b: Tyranitar|atk|1\n|turn|1\n|inactive|shadyrac has 30 seconds left.\n|\n|t:|1775972321\n|switch|p1b: Excadrill|Excadrill, L50, F|100/100\n|move|p1a: Meowstic|Fake Out|p2b: Whimsicott\n|-damage|p2b: Whimsicott|97/100\n|move|p2a: Incineroar|Fake Out|p1b: Excadrill\n|-resisted|p1b: Excadrill|1\n|-damage|p1b: Excadrill|91/100\n|cant|p2b: Whimsicott|flinch\n|\n|-weather|Sandstorm|[upkeep]\n|-damage|p2b: Whimsicott|91/100|[from] Sandstorm\n|-damage|p1a: Meowstic|94/100|[from] Sandstorm\n|-damage|p2a: Incineroar|95/100|[from] Sandstorm\n|-heal|p2b: Whimsicott|97/100|[from] item: Leftovers\n|upkeep\n|turn|2\n|inactive|shadyrac has 30 seconds left.\n|\n|t:|1775972350\n|move|p2b: Whimsicott|Tailwind|p2b: Whimsicott\n|-sidestart|p2: shadyrac|move: Tailwind\n|move|p1b: Excadrill|Iron Head|p2b: Whimsicott\n|-supereffective|p2b: Whimsicott|1\n|-damage|p2b: Whimsicott|0 fnt\n|faint|p2b: Whimsicott\n|move|p2a: Incineroar|Parting Shot|p1b: Excadrill\n|-unboost|p1b: Excadrill|atk|1\n|-unboost|p1b: Excadrill|spa|1\n|\n|t:|1775972363\n|switch|p2a: Floette|Floette-Eternal, L50, F, shiny|100/100|[from] Parting Shot\n|move|p1a: Meowstic|Alluring Voice|p2a: Floette\n|-damage|p2a: Floette|64/100\n|\n|-weather|Sandstorm|[upkeep]\n|-damage|p2a: Floette|58/100|[from] Sandstorm\n|-damage|p1a: Meowstic|88/100|[from] Sandstorm\n|upkeep\n|\n|t:|1775972370\n|switch|p2b: Incineroar|Incineroar, L50, F, shiny|95/100\n|-ability|p2b: Incineroar|Intimidate|boost\n|-unboost|p1a: Meowstic|atk|1\n|-ability|p1a: Meowstic|Competitive|boost\n|-boost|p1a: Meowstic|spa|2\n|-unboost|p1b: Excadrill|atk|1\n|turn|3\n|inactive|shadyrac has 30 seconds left.\n|inactive|shadyrac has 20 seconds left.\n|\n|t:|1775972409\n|switch|p1b: Tyranitar|Tyranitar, L50, F|100/100\n|move|p2b: Incineroar|Fake Out|p1b: Tyranitar\n|-resisted|p1b: Tyranitar|1\n|-damage|p1b: Tyranitar|95/100\n|move|p2a: Floette|Dazzling Gleam|p1a: Meowstic|[spread] p1a,p1b\n|-supereffective|p1b: Tyranitar|1\n|-damage|p1a: Meowstic|65/100\n|-damage|p1b: Tyranitar|63/100\n|move|p1a: Meowstic|Alluring Voice|p2a: Floette\n|-damage|p2a: Floette|7/100\n|\n|-weather|Sandstorm|[upkeep]\n|-damage|p2a: Floette|1/100|[from] Sandstorm\n|-damage|p2b: Incineroar|89/100|[from] Sandstorm\n|-damage|p1a: Meowstic|59/100|[from] Sandstorm\n|upkeep\n|turn|4\n|inactive|shadyrac has 30 seconds left.\n|\n|t:|1775972439\n|detailschange|p2a: Floette|Floette-Mega, L50, F, shiny\n|-mega|p2a: Floette|Floette|Floettite\n|-ability|p2a: Floette|Fairy Aura\n|move|p1b: Tyranitar|Protect|p1b: Tyranitar\n|-singleturn|p1b: Tyranitar|Protect\n|move|p2a: Floette|Light of Ruin|p1b: Tyranitar\n|-activate|p1b: Tyranitar|move: Protect\n|move|p2b: Incineroar|Darkest Lariat|p1a: Meowstic\n|-supereffective|p1a: Meowstic|1\n|-crit|p1a: Meowstic\n|-damage|p1a: Meowstic|0 fnt\n|faint|p1a: Meowstic\n|\n|-weather|Sandstorm|[upkeep]\n|-damage|p2a: Floette|0 fnt|[from] Sandstorm\n|-damage|p2b: Incineroar|83/100|[from] Sandstorm\n|faint|p2a: Floette\n|upkeep\n|\n|t:|1775972456\n|switch|p2a: Dragapult|Dragapult, L50, M|100/100\n|switch|p1a: Excadrill|Excadrill, L50, F|91/100\n|turn|5\n|\n|t:|1775972472\n|move|p1a: Excadrill|Protect|p1a: Excadrill\n|-singleturn|p1a: Excadrill|Protect\n|move|p2a: Dragapult|Light Screen|p2a: Dragapult\n|-sidestart|p2: shadyrac|move: Light Screen\n|move|p2b: Incineroar|Flare Blitz|p1a: Excadrill\n|-activate|p1a: Excadrill|move: Protect\n|move|p1b: Tyranitar|Knock Off|p2a: Dragapult\n|-supereffective|p2a: Dragapult|1\n|-damage|p2a: Dragapult|0 fnt\n|-enditem|p2a: Dragapult|Dragon Fang|[from] move: Knock Off|[of] p1b: Tyranitar\n|faint|p2a: Dragapult\n|\n|-weather|none\n|-sideend|p2: shadyrac|move: Tailwind\n|upkeep\n|turn|6\n|\n|t:|1775972489\n|detailschange|p1b: Tyranitar|Tyranitar-Mega, L50, F\n|-mega|p1b: Tyranitar|Tyranitar|Tyranitarite\n|-weather|Sandstorm|[from] ability: Sand Stream|[of] p1b: Tyranitar\n|move|p1a: Excadrill|High Horsepower|p2b: Incineroar\n|-supereffective|p2b: Incineroar|1\n|-crit|p2b: Incineroar\n|-damage|p2b: Incineroar|0 fnt\n|faint|p2b: Incineroar\n|\n|win|pubaladdering\n|raw|pubaladdering's rating: 1094 &rarr; <strong>1113</strong><br />(+19 for winning)\n|raw|shadyrac's rating: 1000 &rarr; <strong>1000</strong><br />(+0 for losing)\n",
  "uploadtime": 1775972498,
  "views": 15,
  "formatid": "gen9championsvgc2026regma",
  "rating": 1000,
  "private": 0,
  "password": null
}