{
  "id": "gen9championsvgc2026regma-2582303082",
  "format": "[Gen 9 Champions] VGC 2026 Reg M-A",
  "players": [
    "Majadilla",
    "Whale100x"
  ],
  "log": "|j|\u2606Majadilla\n|j|\u2606Whale100x\n|t:|1776081479\n|gametype|doubles\n|player|p1|Majadilla|cynthia-gen4|1013\n|player|p2|Whale100x|wallace|1000\n|gen|9\n|tier|[Gen 9 Champions] VGC 2026 Reg M-A\n|rated|\n|rule|Species Clause: Limit one of each Pok\u00e9mon\n|rule|Item Clause: Limit 1 of each item\n|clearpoke\n|poke|p1|Palafin, L50, M|\n|poke|p1|Arcanine-Hisui, L50, M|\n|poke|p1|Sneasler, L50, F|\n|poke|p1|Froslass, L50, F|\n|poke|p1|Kommo-o, L50, M|\n|poke|p1|Whimsicott, L50, F|\n|poke|p2|Sharpedo, L50, F|\n|poke|p2|Pelipper, L50, F|\n|poke|p2|Aegislash, L50, M|\n|poke|p2|Archaludon, L50, M|\n|poke|p2|Tsareena, L50, F|\n|poke|p2|Basculegion, L50, M|\n|teampreview|4\n|inactive|Battle timer is ON: inactive players will automatically lose when time's up. (requested by Whale100x)\nWhale100x has agreed to open team sheets.\n|inactive|Majadilla has 60 seconds left.\n|\n|t:|1776081518\n|teamsize|p1|4\n|teamsize|p2|4\n|start\n|switch|p1a: Palafin|Palafin, L50, M|100/100\n|switch|p1b: Sneasler|Sneasler, L50, F|100/100\n|switch|p2a: MEG|Sharpedo, L50, F|100/100\n|switch|p2b: Nigel|Pelipper, L50, F|100/100\n|-weather|RainDance|[from] ability: Drizzle|[of] p2b: Nigel\n|turn|1\n|\n|t:|1776081539\n|move|p2a: MEG|Protect|p2a: MEG\n|-singleturn|p2a: MEG|Protect\n|move|p1b: Sneasler|Fake Out|p2b: Nigel\n|-damage|p2b: Nigel|78/100\n|move|p1a: Palafin|Flip Turn|p2b: Nigel\n|-resisted|p2b: Nigel|1\n|-damage|p2b: Nigel|56/100\n|inactive|Majadilla has 30 seconds left.\n|inactive|Majadilla has 20 seconds left.\n|\n|t:|1776081576\n|detailschange|p1a: Palafin|Palafin-Hero, L50, M\n|switch|p1a: Froslass|Froslass, L50, F|100/100|[from] Flip Turn\n|cant|p2b: Nigel|flinch\n|\n|-weather|RainDance|[upkeep]\n|-ability|p2a: MEG|Speed Boost|boost\n|-boost|p2a: MEG|spe|1\n|upkeep\n|turn|2\n|\n|t:|1776081595\n|detailschange|p2a: MEG|Sharpedo-Mega, L50, F\n|-mega|p2a: MEG|Sharpedo|Sharpedonite\n|detailschange|p1a: Froslass|Froslass-Mega, L50, F\n|-mega|p1a: Froslass|Froslass|Froslassite\n|-weather|Snowscape|[from] ability: Snow Warning|[of] p1a: Froslass\n|move|p2a: MEG|Crunch|p1a: Froslass\n|-supereffective|p1a: Froslass|1\n|-damage|p1a: Froslass|0 fnt\n|faint|p1a: Froslass\n|move|p1b: Sneasler|Coaching|p1: Froslass|[notarget]\n|-fail|p1b: Sneasler\n|move|p2b: Nigel|Hurricane|p1b: Sneasler\n|-supereffective|p1b: Sneasler|1\n|-damage|p1b: Sneasler|0 fnt\n|faint|p1b: Sneasler\n|\n|-weather|Snowscape|[upkeep]\n|upkeep\n|\n|t:|1776081602\n|switch|p1a: Whimsicott|Whimsicott, L50, F|100/100\n|switch|p1b: Palafin|Palafin-Hero, L50, M|100/100\n|-activate|p1b: Palafin|ability: Zero to Hero\n|turn|3\n|inactive|Whale100x has 30 seconds left.\n|\n|t:|1776081634\n|move|p1a: Whimsicott|Tailwind|p1a: Whimsicott\n|-sidestart|p1: Majadilla|move: Tailwind\n|move|p1b: Palafin|Close Combat|p2a: MEG\n|-supereffective|p2a: MEG|1\n|-damage|p2a: MEG|0 fnt\n|-unboost|p1b: Palafin|def|1\n|-unboost|p1b: Palafin|spd|1\n|faint|p2a: MEG\n|move|p2b: Nigel|Hurricane|p1a: Whimsicott|[miss]\n|-miss|p2b: Nigel|p1a: Whimsicott\n|\n|-weather|Snowscape|[upkeep]\n|upkeep\n|\n|t:|1776081646\n|switch|p2a: THE MECH|Archaludon, L50, M|100/100\n|turn|4\n|\n|t:|1776081662\n|switch|p2b: Bonnie Green|Tsareena, L50, F|100/100\n|move|p1a: Whimsicott|Stun Spore||[still]\n|cant|p2b: Bonnie Green|ability: Queenly Majesty|Stun Spore|[of] p1a: Whimsicott\n|move|p1b: Palafin|Close Combat|p2a: THE MECH\n|-supereffective|p2a: THE MECH|1\n|-damage|p2a: THE MECH|20/100\n|-unboost|p1b: Palafin|def|1\n|-unboost|p1b: Palafin|spd|1\n|-ability|p2a: THE MECH|Stamina|boost\n|-boost|p2a: THE MECH|def|1\n|move|p2a: THE MECH|Iron Defense|p2a: THE MECH\n|-boost|p2a: THE MECH|def|2\n|\n|-weather|Snowscape|[upkeep]\n|upkeep\n|turn|5\n|inactive|Majadilla has 30 seconds left.\n|inactive|Whale100x has 30 seconds left.\n|\n|t:|1776081694\n|move|p1b: Palafin|Wave Crash|p2b: Bonnie Green\n|-resisted|p2b: Bonnie Green|1\n|-damage|p2b: Bonnie Green|60/100\n|-damage|p1b: Palafin|89/100|[from] Recoil\n|move|p1a: Whimsicott|Moonblast|p2a: THE MECH\n|-damage|p2a: THE MECH|0 fnt\n|faint|p2a: THE MECH\n|move|p2b: Bonnie Green|Power Whip|p1b: Palafin\n|-supereffective|p1b: Palafin|1\n|-damage|p1b: Palafin|0 fnt\n|faint|p1b: Palafin\n|\n|-weather|Snowscape|[upkeep]\n|upkeep\n|\n|t:|1776081707\n|switch|p2a: Nigel|Pelipper, L50, F|56/100\n|-weather|RainDance|[from] ability: Drizzle|[of] p2a: Nigel\n|turn|6\n|\n|t:|1776081714\n|move|p1a: Whimsicott|Moonblast|p2b: Bonnie Green\n|-damage|p2b: Bonnie Green|29/100\n|-enditem|p2b: Bonnie Green|Sitrus Berry|[eat]\n|-heal|p2b: Bonnie Green|54/100|[from] item: Sitrus Berry\n|move|p2a: Nigel|Hurricane|p1a: Whimsicott\n|-supereffective|p1a: Whimsicott|1\n|-damage|p1a: Whimsicott|14/100\n|-start|p1a: Whimsicott|confusion\n|move|p2b: Bonnie Green|Triple Axel|p1a: Whimsicott\n|-supereffective|p1a: Whimsicott|1\n|-damage|p1a: Whimsicott|0 fnt\n|faint|p1a: Whimsicott\n|-hitcount|p1: Whimsicott|1\n|\n|win|Whale100x\n|raw|Majadilla's rating: 1013 &rarr; <strong>1001</strong><br />(-12 for losing)\n|raw|Whale100x's rating: 1000 &rarr; <strong>1041</strong><br />(+41 for winning)\n|l|\u2606Majadilla\n|player|p1|\n|c|\u2606Whale100x|GG\n",
  "uploadtime": 1776081733,
  "views": 10,
  "formatid": "gen9championsvgc2026regma",
  "rating": 1001,
  "private": 0,
  "password": null
}