{
  "id": "gen9championsvgc2026regma-2587553686",
  "format": "[Gen 9 Champions] VGC 2026 Reg M-A",
  "players": [
    "ub student",
    "uhhncertain"
  ],
  "log": "|j|\u2606ub student\n|j|\u2606uhhncertain\n|t:|1776541761\n|gametype|doubles\n|player|p1|ub student|101|1465\n|player|p2|uhhncertain|plasmagrunt|1492\n|gen|9\n|tier|[Gen 9 Champions] VGC 2026 Reg M-A\n|rated|\n|rule|Species Clause: Limit one of each Pok\u00e9mon\n|rule|Item Clause: Limit 1 of each item\n|clearpoke\n|poke|p1|Floette-Eternal, L50, F|\n|poke|p1|Talonflame, L50, M|\n|poke|p1|Basculegion, L50, M|\n|poke|p1|Garchomp, L50, F|\n|poke|p1|Rotom-Wash, L50|\n|poke|p1|Kingambit, L50, M|\n|poke|p2|Kingambit, L50, F, shiny|\n|poke|p2|Blastoise, L50, M|\n|poke|p2|Sinistcha, L50|\n|poke|p2|Farigiraf, L50, M|\n|poke|p2|Pelipper, L50, F|\n|poke|p2|Gallade, L50, M|\n|teampreview|4\n|inactive|Battle timer is ON: inactive players will automatically lose when time's up. (requested by uhhncertain)\n|inactive|ub student has 60 seconds left.\n|\n|t:|1776541795\n|teamsize|p1|4\n|teamsize|p2|4\n|start\n|switch|p1a: Kingambit|Kingambit, L50, M|100/100\n|switch|p1b: Rotom|Rotom-Wash, L50|100/100\n|switch|p2a: Blastoise|Blastoise, L50, M|100/100\n|switch|p2b: Farigiraf|Farigiraf, L50, M|100/100\n|turn|1\n|j| Garderoar\n|inactive|ub student has 30 seconds left.\n|inactive|uhhncertain has 30 seconds left.\n|\n|t:|1776541827\n|move|p2a: Blastoise|Fake Out|p1b: Rotom\n|-damage|p1b: Rotom|92/100\n|cant|p1b: Rotom|flinch\n|move|p1a: Kingambit|Kowtow Cleave|p2b: Farigiraf\n|-supereffective|p2b: Farigiraf|1\n|-damage|p2b: Farigiraf|22/100\n|-enditem|p2b: Farigiraf|Sitrus Berry|[eat]\n|-heal|p2b: Farigiraf|47/100|[from] item: Sitrus Berry\n|move|p2b: Farigiraf|Trick Room|p2b: Farigiraf\n|-fieldstart|move: Trick Room|[of] p2b: Farigiraf\n|\n|upkeep\n|turn|2\n|inactive|uhhncertain has 30 seconds left.\n|\n|t:|1776541854\n|detailschange|p2a: Blastoise|Blastoise-Mega, L50, M\n|-mega|p2a: Blastoise|Blastoise|Blastoisinite\n|move|p2b: Farigiraf|Helping Hand|p2a: Blastoise\n|-singleturn|p2a: Blastoise|Helping Hand|[of] p2b: Farigiraf\n|move|p1a: Kingambit|Kowtow Cleave|p2a: Blastoise\n|-damage|p2a: Blastoise|57/100\n|move|p2a: Blastoise|Dark Pulse|p1b: Rotom\n|-damage|p1b: Rotom|18/100\n|-enditem|p1b: Rotom|Sitrus Berry|[eat]\n|-heal|p1b: Rotom|43/100|[from] item: Sitrus Berry\n|move|p1b: Rotom|Electroweb|p2a: Blastoise|[spread] p2a,p2b\n|-supereffective|p2a: Blastoise|1\n|-damage|p2a: Blastoise|19/100\n|-damage|p2b: Farigiraf|25/100\n|-unboost|p2a: Blastoise|spe|1\n|-unboost|p2b: Farigiraf|spe|1\n|\n|upkeep\n|turn|3\n|\n|t:|1776541874\n|switch|p2a: Kingambit|Kingambit, L50, F, shiny|100/100\n|move|p1b: Rotom|Protect|p1b: Rotom\n|-singleturn|p1b: Rotom|Protect\n|move|p2b: Farigiraf|Psychic|p1b: Rotom\n|-activate|p1b: Rotom|move: Protect\n|move|p1a: Kingambit|Kowtow Cleave|p2b: Farigiraf\n|-supereffective|p2b: Farigiraf|1\n|-damage|p2b: Farigiraf|0 fnt\n|faint|p2b: Farigiraf\n|\n|upkeep\n|\n|t:|1776541879\n|switch|p2b: Gallade|Gallade, L50, M|100/100\n|turn|4\n|\n|t:|1776541900\n|move|p1a: Kingambit|Protect|p1a: Kingambit\n|-singleturn|p1a: Kingambit|Protect\n|move|p2a: Kingambit|Kowtow Cleave|p1b: Rotom\n|-damage|p1b: Rotom|0 fnt\n|faint|p1b: Rotom\n|move|p2b: Gallade|Sacred Sword|p1a: Kingambit\n|-activate|p1a: Kingambit|move: Protect\n|\n|upkeep\n|\n|t:|1776541908\n|switch|p1b: Garchomp|Garchomp, L50, F|100/100\n|turn|5\n|\n|t:|1776541923\n|move|p1a: Kingambit|Sucker Punch|p2b: Gallade\n|-damage|p2b: Gallade|38/100\n|move|p2a: Kingambit|Iron Head|p1a: Kingambit\n|-resisted|p1a: Kingambit|1\n|-damage|p1a: Kingambit|84/100\n|move|p2b: Gallade|Sacred Sword|p1a: Kingambit\n|-supereffective|p1a: Kingambit|2\n|-damage|p1a: Kingambit|0 fnt\n|faint|p1a: Kingambit\n|move|p1b: Garchomp|Earthquake|p2a: Kingambit|[spread] p2a,p2b\n|-supereffective|p2a: Kingambit|1\n|-damage|p2a: Kingambit|36/100\n|-damage|p2b: Gallade|0 fnt\n|faint|p2b: Gallade\n|\n|-fieldend|move: Trick Room\n|upkeep\n|\n|t:|1776541931\n|switch|p2b: Blastoise|Blastoise-Mega, L50, M|19/100\n|switch|p1a: Floette|Floette-Eternal, L50, F|100/100\n|turn|6\n|\n|t:|1776541938\n|detailschange|p1a: Floette|Floette-Mega, L50, F\n|-mega|p1a: Floette|Floette|Floettite\n|-ability|p1a: Floette|Fairy Aura\n|move|p2b: Blastoise|Fake Out|p1a: Floette\n|-damage|p1a: Floette|92/100\n|move|p1b: Garchomp|Earthquake|p2b: Blastoise|[spread] p1a,p2a,p2b\n|-supereffective|p2a: Kingambit|1\n|-damage|p1a: Floette|47/100\n|-damage|p2a: Kingambit|0 fnt\n|-damage|p2b: Blastoise|0 fnt\n|faint|p2a: Kingambit\n|faint|p2b: Blastoise\n|\n|win|ub student\n|raw|ub student's rating: 1465 &rarr; <strong>1487</strong><br />(+22 for winning)\n|raw|uhhncertain's rating: 1492 &rarr; <strong>1470</strong><br />(-22 for losing)\n|l|\u2606ub student\n|player|p1|\n|l| Garderoar\n",
  "uploadtime": 1776541987,
  "views": 27,
  "formatid": "gen9championsvgc2026regma",
  "rating": 1470,
  "private": 0,
  "password": null
}