{
  "id": "gen9championsvgc2026regma-2588505579",
  "format": "[Gen 9 Champions] VGC 2026 Reg M-A",
  "players": [
    "iamjalenhh",
    "jonathan53332"
  ],
  "log": "|j|\u2606iamjalenhh\n|j|\u2606jonathan53332\n|html|<table width=\"100%\"><tr><td align=\"left\">iamjalenhh</td><td align=\"right\">jonathan53332</tr><tr><td align=\"left\"><i class=\"fa fa-circle-o\"></i> <i class=\"fa fa-circle-o\"></i> </td><td align=\"right\"><i class=\"fa fa-circle-o\"></i> <i class=\"fa fa-circle\"></i> </tr></table>\n|uhtml|bestof|<h2><strong>Game 2</strong> of <a href=\"/game-bestof3-gen9championsvgc2026regma-2588502283\">a best-of-3</a></h2>\n|t:|1776639687\n|gametype|doubles\n|player|p1|iamjalenhh|1|\n|player|p2|jonathan53332|102|\n|gen|9\n|tier|[Gen 9 Champions] VGC 2026 Reg M-A\n|rule|Species Clause: Limit one of each Pok\u00e9mon\n|rule|Item Clause: Limit 1 of each item\n|raw|<div class=\"infobox\"><details class=\"readmore\" open><summary><strong>1 custom rule:</strong></summary> Best of = 3</details></div>\n|clearpoke\n|poke|p1|Incineroar, L50, F, shiny|\n|poke|p1|Scovillain, L50, F, shiny|\n|poke|p1|Meganium, L50, M, shiny|\n|poke|p1|Torkoal, L50, F, shiny|\n|poke|p1|Armarouge, L50, F, shiny|\n|poke|p1|Maushold-Four, L50, shiny|\n|poke|p2|Meganium, L50, F, shiny|\n|poke|p2|Pelipper, L50, F|\n|poke|p2|Primarina, L50, M|\n|poke|p2|Sinistcha-Masterpiece, L50, shiny|\n|poke|p2|Archaludon, L50, F, shiny|\n|poke|p2|Empoleon, L50, F|\n|teampreview|4\n|\n|t:|1776639738\n|teamsize|p1|4\n|teamsize|p2|4\n|start\n|switch|p1a: Torkoal|Torkoal, L50, F, shiny|100/100\n|switch|p1b: Meganium|Meganium, L50, M, shiny|100/100\n|switch|p2a: Empoleon|Empoleon, L50, F|100/100\n|switch|p2b: Primarina|Primarina, L50, M|100/100\n|-weather|SunnyDay|[from] ability: Drought|[of] p1a: Torkoal\n|turn|1\n|\n|t:|1776639762\n|switch|p2a: Pelipper|Pelipper, L50, F|100/100\n|-weather|RainDance|[from] ability: Drizzle|[of] p2a: Pelipper\n|move|p1b: Meganium|Solar Beam||[still]\n|-prepare|p1b: Meganium|Solar Beam\n|move|p2b: Primarina|Hyper Voice|p1a: Torkoal|[spread] p1a,p1b\n|-supereffective|p1a: Torkoal|1\n|-resisted|p1b: Meganium|1\n|-damage|p1a: Torkoal|0 fnt\n|-damage|p1b: Meganium|75/100\n|faint|p1a: Torkoal\n|\n|-weather|RainDance|[upkeep]\n|upkeep\n|\n|t:|1776639781\n|switch|p1a: Maushold|Maushold-Four, L50, shiny|100/100\n|turn|2\n|\n|t:|1776639790\n|switch|p2b: Meganium|Meganium, L50, F, shiny|100/100\n|move|p1a: Maushold|Protect|p1a: Maushold\n|-singleturn|p1a: Maushold|Protect\n|move|p2a: Pelipper|Icy Wind|p1b: Meganium|[spread] p1b\n|-activate|p1a: Maushold|move: Protect\n|-supereffective|p1b: Meganium|1\n|-damage|p1b: Meganium|53/100\n|-unboost|p1b: Meganium|spe|1\n|move|p1b: Meganium|Solar Beam|p2b: Meganium|[from] lockedmove\n|-resisted|p2b: Meganium|1\n|-damage|p2b: Meganium|88/100\n|\n|-weather|RainDance|[upkeep]\n|upkeep\n|turn|3\n|\n|t:|1776639810\n|detailschange|p2b: Meganium|Meganium-Mega, L50, F, shiny\n|-mega|p2b: Meganium|Meganium|Meganiumite\n|detailschange|p1b: Meganium|Meganium-Mega, L50, M, shiny\n|-mega|p1b: Meganium|Meganium|Meganiumite\n|move|p1a: Maushold|Population Bomb|p2a: Pelipper\n|-damage|p2a: Pelipper|83/100\n|-damage|p2a: Pelipper|66/100\n|-damage|p2a: Pelipper|50/100\n|-damage|p2a: Pelipper|34/100\n|-damage|p2a: Pelipper|18/100\n|-hitcount|p2a: Pelipper|5\n|move|p2b: Meganium|Solar Beam||[still]\n|-prepare|p2b: Meganium|Solar Beam\n|-activate|p2b: Meganium|ability: Mega Sol\n|-anim|p2b: Meganium|Solar Beam|p1a: Maushold\n|-damage|p1a: Maushold|1/100\n|move|p2a: Pelipper|Icy Wind|p1a: Maushold|[spread] p1a,p1b\n|-supereffective|p1b: Meganium|1\n|-crit|p1b: Meganium\n|-damage|p1a: Maushold|0 fnt\n|-damage|p1b: Meganium|22/100\n|-unboost|p1b: Meganium|spe|1\n|faint|p1a: Maushold\n|move|p1b: Meganium|Weather Ball|p2b: Meganium\n|-supereffective|p2b: Meganium|1\n|-damage|p2b: Meganium|0 fnt\n|faint|p2b: Meganium\n|\n|-weather|RainDance|[upkeep]\n|upkeep\n|\n|t:|1776639834\n|switch|p1a: Armarouge|Armarouge, L50, F, shiny|100/100\n|switch|p2b: Primarina|Primarina, L50, M|100/100\n|turn|4\n|\n|t:|1776639851\n|move|p1a: Armarouge|Psychic|p2a: Pelipper\n|-damage|p2a: Pelipper|0 fnt\n|faint|p2a: Pelipper\n|move|p2b: Primarina|Hyper Voice|p1a: Armarouge|[spread] p1a,p1b\n|-supereffective|p1a: Armarouge|1\n|-resisted|p1b: Meganium|1\n|-damage|p1a: Armarouge|0 fnt\n|-damage|p1b: Meganium|1/100\n|faint|p1a: Armarouge\n|move|p1b: Meganium|Solar Beam||[still]\n|-prepare|p1b: Meganium|Solar Beam\n|-activate|p1b: Meganium|ability: Mega Sol\n|-anim|p1b: Meganium|Solar Beam|p2b: Primarina\n|-supereffective|p2b: Primarina|1\n|-damage|p2b: Primarina|0 fnt\n|faint|p2b: Primarina\n|\n|-weather|RainDance|[upkeep]\n|upkeep\n|\n|t:|1776639854\n|switch|p2b: Empoleon|Empoleon, L50, F|100/100\n|turn|5\n|\n|t:|1776639878\n|move|p1b: Meganium|Protect|p1b: Meganium\n|-singleturn|p1b: Meganium|Protect\n|move|p2b: Empoleon|Vacuum Wave|p1b: Meganium\n|-activate|p1b: Meganium|move: Protect\n|\n|-weather|none\n|upkeep\n|turn|6\n|\n|t:|1776639905\n|move|p2b: Empoleon|Vacuum Wave|p1b: Meganium\n|-resisted|p1b: Meganium|1\n|-damage|p1b: Meganium|0 fnt\n|faint|p1b: Meganium\n|\n|win|jonathan53332\n",
  "uploadtime": 1776639907,
  "views": 9,
  "formatid": "gen9championsvgc2026regma",
  "rating": null,
  "private": 0,
  "password": null
}