{
  "id": "gen9championsvgc2026regma-2585765415",
  "format": "[Gen 9 Champions] VGC 2026 Reg M-A",
  "players": [
    "cumfymsm",
    "1#MiraidonHater"
  ],
  "log": "|j|\u2606cumfymsm\n|j|\u26061#MiraidonHater\n|t:|1776369053\n|gametype|doubles\n|player|p1|cumfymsm|266|1206\n|player|p2|1#MiraidonHater|266|1296\n|gen|9\n|tier|[Gen 9 Champions] VGC 2026 Reg M-A\n|rated|\n|rule|Species Clause: Limit one of each Pok\u00e9mon\n|rule|Item Clause: Limit 1 of each item\n|clearpoke\n|poke|p1|Politoed, L50, F|\n|poke|p1|Basculegion, L50, M|\n|poke|p1|Meganium, L50, F|\n|poke|p1|Corviknight, L50, M|\n|poke|p1|Dragonite, L50, F|\n|poke|p1|Archaludon, L50, M|\n|poke|p2|Gardevoir, L50, M|\n|poke|p2|Basculegion, L50, M|\n|poke|p2|Tsareena, L50, F|\n|poke|p2|Incineroar, L50, M|\n|poke|p2|Pelipper, L50, F|\n|poke|p2|Archaludon, L50, F|\n|teampreview|4\n|j| porygon-epilepz\n|inactive|Battle timer is ON: inactive players will automatically lose when time's up. (requested by cumfymsm)\n|\n|t:|1776369102\n|teamsize|p1|4\n|teamsize|p2|4\n|start\n|switch|p1a: Politoed|Politoed, L50, F|100/100\n|switch|p1b: Corviknight|Corviknight, L50, M|100/100\n|switch|p2a: EVERY LAST DROP|Archaludon, L50, F|100/100\n|switch|p2b: Shark Crippler|Incineroar, L50, M|100/100\n|-ability|p2b: Shark Crippler|Intimidate|boost\n|-unboost|p1a: Politoed|atk|1\n|-ability|p1b: Corviknight|Mirror Armor\n|-unboost|p2b: Shark Crippler|atk|1\n|-weather|RainDance|[from] ability: Drizzle|[of] p1a: Politoed\n|turn|1\n|c|\u2606cumfymsm|chat\n|c|\u2606cumfymsm|why is he called that\n|inactive|cumfymsm has 30 seconds left.\n|\n|t:|1776369129\n|move|p1a: Politoed|Protect|p1a: Politoed\n|-singleturn|p1a: Politoed|Protect\n|move|p2b: Shark Crippler|Fake Out|p1a: Politoed\n|-activate|p1a: Politoed|move: Protect\n|move|p2a: EVERY LAST DROP|Electro Shot||[still]\n|-prepare|p2a: EVERY LAST DROP|Electro Shot\n|-boost|p2a: EVERY LAST DROP|spa|1\n|-anim|p2a: EVERY LAST DROP|Electro Shot|p1b: Corviknight\n|-supereffective|p1b: Corviknight|1\n|-damage|p1b: Corviknight|0 fnt\n|faint|p1b: Corviknight\n|\n|-weather|RainDance|[upkeep]\n|upkeep\n|c|\u26061#MiraidonHater|hello juliet\n|\n|t:|1776369141\n|switch|p1b: Meganium|Meganium, L50, F|100/100\n|turn|2\n|inactive|1#MiraidonHater has 30 seconds left.\n|inactive|1#MiraidonHater has 20 seconds left.\n|\n|t:|1776369178\n|detailschange|p1b: Meganium|Meganium-Mega, L50, F\n|-mega|p1b: Meganium|Meganium|Meganiumite\n|move|p1b: Meganium|Weather Ball|p2a: EVERY LAST DROP\n|-damage|p2a: EVERY LAST DROP|22/100\n|move|p2a: EVERY LAST DROP|Flash Cannon|p1b: Meganium\n|-supereffective|p1b: Meganium|1\n|-damage|p1b: Meganium|0 fnt\n|faint|p1b: Meganium\n|move|p2b: Shark Crippler|Parting Shot|p1a: Politoed\n|-unboost|p1a: Politoed|atk|1\n|-unboost|p1a: Politoed|spa|1\n|\n|t:|1776369189\n|switch|p2b: Basculegion|Basculegion, L50, M|100/100|[from] Parting Shot\n|move|p1a: Politoed|Weather Ball|p2b: Basculegion\n|-resisted|p2b: Basculegion|1\n|-damage|p2b: Basculegion|83/100\n|\n|-weather|RainDance|[upkeep]\n|upkeep\n|c|\u2606cumfymsm|hello romeo\n|\n|t:|1776369197\n|switch|p1b: Basculegion|Basculegion, L50, M|100/100\n|turn|3\n|inactive|1#MiraidonHater has 30 seconds left.\n|inactive|1#MiraidonHater has 20 seconds left.\n|\n|t:|1776369232\n|switch|p2b: Shark Crippler|Incineroar, L50, M|100/100\n|-ability|p2b: Shark Crippler|Intimidate|boost\n|-unboost|p1a: Politoed|atk|1\n|-unboost|p1b: Basculegion|atk|1\n|move|p1b: Basculegion|Last Respects|p2b: Shark Crippler\n|-resisted|p2b: Shark Crippler|1\n|-damage|p2b: Shark Crippler|76/100\n|move|p2a: EVERY LAST DROP|Electro Shot||[still]\n|-prepare|p2a: EVERY LAST DROP|Electro Shot\n|-boost|p2a: EVERY LAST DROP|spa|1\n|-anim|p2a: EVERY LAST DROP|Electro Shot|p1b: Basculegion\n|-supereffective|p1b: Basculegion|1\n|-damage|p1b: Basculegion|0 fnt\n|faint|p1b: Basculegion\n|move|p1a: Politoed|Weather Ball|p2a: EVERY LAST DROP\n|-resisted|p2a: EVERY LAST DROP|1\n|-damage|p2a: EVERY LAST DROP|0 fnt\n|faint|p2a: EVERY LAST DROP\n|\n|-weather|RainDance|[upkeep]\n|upkeep\n|inactive|1#MiraidonHater has 30 seconds left.\n|c|\u26061#MiraidonHater|https://www.tiktok.com/@yoru.usa/video/7615638096071200007?is_from_webapp=1&sender_device=pc\n|inactive|1#MiraidonHater has 20 seconds left.\n|inactive|1#MiraidonHater has 15 seconds left.\n|\n|t:|1776369275\n|switch|p2a: Bishow|Gardevoir, L50, M|100/100\n|turn|4\n|\n|t:|1776369283\n|detailschange|p2a: Bishow|Gardevoir-Mega, L50, M\n|-mega|p2a: Bishow|Gardevoir|Gardevoirite\n|move|p1a: Politoed|Protect|p1a: Politoed\n|-singleturn|p1a: Politoed|Protect\n|move|p2a: Bishow|Hyper Voice|p1a: Politoed\n|-activate|p1a: Politoed|move: Protect\n|move|p2b: Shark Crippler|Throat Chop|p1a: Politoed\n|-activate|p1a: Politoed|move: Protect\n|\n|-weather|RainDance|[upkeep]\n|upkeep\n|turn|5\n|inactive|cumfymsm has 30 seconds left.\n|c|\u2606cumfymsm|why would he do this\n|\n|t:|1776369312\n|move|p2a: Bishow|Calm Mind|p2a: Bishow\n|-boost|p2a: Bishow|spa|1\n|-boost|p2a: Bishow|spd|1\n|move|p2b: Shark Crippler|Parting Shot|p1a: Politoed\n|-unboost|p1a: Politoed|atk|1\n|-unboost|p1a: Politoed|spa|1\n|c|\u26061#MiraidonHater|Jane juliet\n|\n|t:|1776369327\n|switch|p2b: Basculegion|Basculegion, L50, M|83/100|[from] Parting Shot\n|move|p1a: Politoed|Weather Ball|p2a: Bishow\n|-damage|p2a: Bishow|86/100\n|\n|-weather|none\n|upkeep\n|turn|6\n|inactive|cumfymsm has 30 seconds left.\n|\n|t:|1776369357\n|move|p2b: Basculegion|Last Respects|p1a: Politoed\n|-damage|p1a: Politoed|47/100\n|-enditem|p1a: Politoed|Sitrus Berry|[eat]\n|-heal|p1a: Politoed|72/100|[from] item: Sitrus Berry\n|move|p2a: Bishow|Hyper Voice|p1a: Politoed\n|-damage|p1a: Politoed|0 fnt\n|faint|p1a: Politoed\n|\n|win|1#MiraidonHater\n|raw|cumfymsm's rating: 1206 &rarr; <strong>1187</strong><br />(-19 for losing)\n|raw|1#MiraidonHater's rating: 1296 &rarr; <strong>1315</strong><br />(+19 for winning)\n|l|\u2606cumfymsm\n|player|p1|\n|l|\u26061#MiraidonHater\n|player|p2|\n",
  "uploadtime": 1776369068,
  "views": 23,
  "formatid": "gen9championsvgc2026regma",
  "rating": 1187,
  "private": 0,
  "password": null
}