{
  "id": "gen9championsvgc2026regma-2581388781",
  "format": "[Gen 9 Champions] VGC 2026 Reg M-A",
  "players": [
    "whying_",
    "Wolfe Flick"
  ],
  "log": "|j|\u2606whying_\n|j|\u2606Wolfe Flick\n|t:|1775995110\n|gametype|doubles\n|player|p1|whying_|2|1041\n|player|p2|Wolfe Flick|leon-tower|1000\n|gen|9\n|tier|[Gen 9 Champions] VGC 2026 Reg M-A\n|rated|\n|rule|Species Clause: Limit one of each Pok\u00e9mon\n|rule|Item Clause: Limit 1 of each item\n|clearpoke\n|poke|p1|Delphox, L50, F|\n|poke|p1|Gardevoir, L50, M|\n|poke|p1|Whimsicott, L50, M|\n|poke|p1|Primarina, L50, F|\n|poke|p1|Incineroar, L50, F|\n|poke|p1|Dragonite, L50, F|\n|poke|p2|Pelipper, L50, M|\n|poke|p2|Incineroar, L50, M|\n|poke|p2|Basculegion, L50, M|\n|poke|p2|Archaludon, L50, M|\n|poke|p2|Glimmora, L50, F|\n|poke|p2|Whimsicott, L50, M|\n|teampreview|4\n|\n|t:|1775995153\n|teamsize|p1|4\n|teamsize|p2|4\n|start\n|switch|p1a: Primarina|Primarina, L50, F|100/100\n|switch|p1b: Dragonite|Dragonite, L50, F|100/100\n|switch|p2a: Incineroar|Incineroar, L50, M|100/100\n|switch|p2b: Archaludon|Archaludon, L50, M, shiny|100/100\n|-ability|p2a: Incineroar|Intimidate|boost\n|-unboost|p1a: Primarina|atk|1\n|-fail|p1b: Dragonite|unboost|Attack|[from] ability: Inner Focus|[of] p1b: Dragonite\n|turn|1\n|inactive|Battle timer is ON: inactive players will automatically lose when time's up. (requested by whying_)\n|\n|t:|1775995190\n|move|p2a: Incineroar|Fake Out|p1a: Primarina\n|-damage|p1a: Primarina|89/100\n|move|p2b: Archaludon|Draco Meteor|p1b: Dragonite\n|-supereffective|p1b: Dragonite|1\n|-damage|p1b: Dragonite|0 fnt\n|-unboost|p2b: Archaludon|spa|2\n|faint|p1b: Dragonite\n|-enditem|p2b: Archaludon|White Herb\n|-clearnegativeboost|p2b: Archaludon|[silent]\n|cant|p1a: Primarina|flinch\n|\n|upkeep\n|\n|t:|1775995200\n|switch|p1b: Whimsicott|Whimsicott, L50, M|100/100\n|turn|2\n|\n|t:|1775995214\n|switch|p2b: Whimsicott|Whimsicott, L50, M, shiny|100/100\n|move|p1b: Whimsicott|Tailwind|p1b: Whimsicott\n|-sidestart|p1: whying_|move: Tailwind\n|move|p1a: Primarina|Hyper Voice|p2a: Incineroar|[spread] p2a,p2b\n|-supereffective|p2a: Incineroar|1\n|-resisted|p2b: Whimsicott|1\n|-damage|p2a: Incineroar|23/100\n|-damage|p2b: Whimsicott|80/100\n|-enditem|p2a: Incineroar|Sitrus Berry|[eat]\n|-heal|p2a: Incineroar|48/100|[from] item: Sitrus Berry\n|move|p2a: Incineroar|Parting Shot|p1a: Primarina\n|-unboost|p1a: Primarina|atk|1\n|-unboost|p1a: Primarina|spa|1\n|\n|t:|1775995229\n|switch|p2a: Glimmora|Glimmora, L50, F, shiny|100/100|[from] Parting Shot\n|\n|upkeep\n|turn|3\n|inactive|whying_ has 30 seconds left.\n|\n|t:|1775995261\n|detailschange|p2a: Glimmora|Glimmora-Mega, L50, F, shiny\n|-mega|p2a: Glimmora|Glimmora|Glimmoranite\n|move|p1b: Whimsicott|Taunt|p2b: Whimsicott\n|-start|p2b: Whimsicott|move: Taunt\n|-enditem|p2b: Whimsicott|Mental Herb\n|-end|p2b: Whimsicott|move: Taunt\n|move|p2b: Whimsicott|Tailwind|p2b: Whimsicott\n|-sidestart|p2: Wolfe Flick|move: Tailwind\n|move|p2a: Glimmora|Sludge Bomb|p1a: Primarina\n|-supereffective|p1a: Primarina|1\n|-damage|p1a: Primarina|0 fnt\n|faint|p1a: Primarina\n|\n|upkeep\n|\n|t:|1775995272\n|switch|p1a: Gardevoir|Gardevoir, L50, M|100/100\n|-ability|p1a: Gardevoir|Adaptability|Trace|[from] ability: Trace|[of] p2a: Glimmora\n|turn|4\n|inactive|whying_ has 30 seconds left.\n|\n|t:|1775995298\n|detailschange|p1a: Gardevoir|Gardevoir-Mega, L50, M\n|-mega|p1a: Gardevoir|Gardevoir|Gardevoirite\n|move|p2a: Glimmora|Spiky Shield|p2a: Glimmora\n|-singleturn|p2a: Glimmora|move: Protect\n|move|p2b: Whimsicott|Encore|p1b: Whimsicott\n|-start|p1b: Whimsicott|Encore\n|move|p1b: Whimsicott|Taunt|p2a: Glimmora\n|-activate|p2a: Glimmora|move: Protect\n|move|p1a: Gardevoir|Icy Wind|p2a: Glimmora|[spread] p2b\n|-activate|p2a: Glimmora|move: Protect\n|-supereffective|p2b: Whimsicott|1\n|-damage|p2b: Whimsicott|37/100\n|-unboost|p2b: Whimsicott|spe|1\n|\n|upkeep\n|turn|5\n|\n|t:|1775995319\n|switch|p2a: Incineroar|Incineroar, L50, M|48/100\n|-ability|p2a: Incineroar|Intimidate|boost\n|-unboost|p1a: Gardevoir|atk|1\n|-unboost|p1b: Whimsicott|atk|1\n|move|p1b: Whimsicott|Taunt|p2a: Incineroar\n|-hint|Since gen 7, Dark is immune to Prankster moves.\n|-immune|p2a: Incineroar\n|move|p2b: Whimsicott|Encore|p1a: Gardevoir\n|-start|p1a: Gardevoir|Encore\n|move|p1a: Gardevoir|Icy Wind|p2b: Whimsicott|[spread] p2a\n|-miss|p1a: Gardevoir|p2b: Whimsicott\n|-resisted|p2a: Incineroar|1\n|-damage|p2a: Incineroar|40/100\n|-unboost|p2a: Incineroar|spe|1\n|\n|-sideend|p1: whying_|move: Tailwind\n|upkeep\n|turn|6\n|inactive|Wolfe Flick has 30 seconds left.\n|\n|t:|1775995348\n|move|p2b: Whimsicott|Fake Tears|p1a: Gardevoir\n|-unboost|p1a: Gardevoir|spd|2\n|move|p1b: Whimsicott|Taunt|p2b: Whimsicott\n|-start|p2b: Whimsicott|move: Taunt\n|move|p1a: Gardevoir|Icy Wind|p2b: Whimsicott|[spread] p2a,p2b\n|-resisted|p2a: Incineroar|1\n|-supereffective|p2b: Whimsicott|1\n|-damage|p2a: Incineroar|32/100\n|-damage|p2b: Whimsicott|0 fnt\n|-unboost|p2a: Incineroar|spe|1\n|faint|p2b: Whimsicott\n|move|p2a: Incineroar|Parting Shot|p1a: Gardevoir\n|-unboost|p1a: Gardevoir|atk|1\n|-unboost|p1a: Gardevoir|spa|1\n|\n|t:|1775995361\n|switch|p2a: Glimmora|Glimmora-Mega, L50, F, shiny|100/100|[from] Parting Shot\n|\n|-end|p1b: Whimsicott|Encore\n|-sideend|p2: Wolfe Flick|move: Tailwind\n|upkeep\n|\n|t:|1775995366\n|switch|p2b: Incineroar|Incineroar, L50, M|32/100\n|-ability|p2b: Incineroar|Intimidate|boost\n|-unboost|p1a: Gardevoir|atk|1\n|-unboost|p1b: Whimsicott|atk|1\n|turn|7\n|\n|t:|1775995380\n|move|p1b: Whimsicott|Protect|p1b: Whimsicott\n|-singleturn|p1b: Whimsicott|Protect\n|move|p2b: Incineroar|Fake Out|p1b: Whimsicott\n|-activate|p1b: Whimsicott|move: Protect\n|move|p2a: Glimmora|Sludge Bomb|p1a: Gardevoir\n|-supereffective|p1a: Gardevoir|1\n|-damage|p1a: Gardevoir|0 fnt\n|faint|p1a: Gardevoir\n|\n|upkeep\n|turn|8\n|-message|whying_ forfeited.\n|\n|win|Wolfe Flick\n|raw|whying_'s rating: 1041 &rarr; <strong>1023</strong><br />(-18 for losing)\n|raw|Wolfe Flick's rating: 1000 &rarr; <strong>1045</strong><br />(+45 for winning)\n|l|\u2606whying_\n|player|p1|\n",
  "uploadtime": 1775995395,
  "views": 20,
  "formatid": "gen9championsvgc2026regma",
  "rating": 1023,
  "private": 0,
  "password": null
}