{
  "id": "gen9championsvgc2026regma-2587059649",
  "format": "[Gen 9 Champions] VGC 2026 Reg M-A",
  "players": [
    "Sparklucario",
    "magicalarcher57"
  ],
  "log": "|j|\u2606Sparklucario\n|j|\u2606magicalarcher57\n|t:|1776488044\n|gametype|doubles\n|player|p1|Sparklucario|102|\n|player|p2|magicalarcher57|valerie|\n|gen|9\n|tier|[Gen 9 Champions] VGC 2026 Reg M-A\n|rated|Tournament battle\n|rule|Species Clause: Limit one of each Pok\u00e9mon\n|rule|Item Clause: Limit 1 of each item\n|raw|<div class=\"infobox\"><details class=\"readmore\" open><summary><strong>1 custom rule:</strong></summary> Force Open Team Sheets</details></div>\n|clearpoke\n|poke|p1|Charizard, L50, F, shiny|\n|poke|p1|Garchomp, L50, F, shiny|\n|poke|p1|Incineroar, L50, F, shiny|\n|poke|p1|Venusaur, L50, F, shiny|\n|poke|p1|Gardevoir, L50, F, shiny|\n|poke|p1|Aerodactyl, L50, F, shiny|\n|poke|p2|Kangaskhan, L50, F, shiny|\n|poke|p2|Farigiraf, L50, F, shiny|\n|poke|p2|Basculegion, L50, M, shiny|\n|poke|p2|Talonflame, L50, F, shiny|\n|poke|p2|Floette-Eternal, L50, F|\n|poke|p2|Garchomp, L50, M|\n|teampreview|4\n|showteam|p1|Charizard||CharizarditeY|Blaze|Protect,AirSlash,HeatWave,ScorchingSands|||F|||50|]Garchomp||WhiteHerb|RoughSkin|Protect,DragonClaw,Earthquake,RockSlide|||F|||50|]Incineroar||SitrusBerry|Intimidate|PartingShot,FlareBlitz,ThroatChop,FakeOut|||F|||50|]Venusaur||Venusaurite|Chlorophyll|Protect,SleepPowder,SludgeBomb,LeafStorm|||F|||50|]Gardevoir||ChoiceScarf|Telepathy|Moonblast,Psyshock,ShadowBall,IcyWind|||F|||50|]Aerodactyl||FocusSash|Unnerve|Protect,RockSlide,DualWingbeat,Tailwind|||F|||50|\n|showteam|p2|Kangaskhan||Kangaskhanite|Scrappy|FakeOut,HammerArm,DoubleEdge,Crunch|||F|||50|]Farigiraf||ColburBerry|ArmorTail|ShadowBall,HyperVoice,TrickRoom,Psychic|||F|||50|]Basculegion||MysticWater|Adaptability|WaveCrash,LastRespects,AquaJet,Protect|||M|||50|]Talonflame||SharpBeak|GaleWings|Tailwind,Taunt,Overheat,BraveBird|||F|||50|]Floette-Eternal||Floettite|FlowerVeil|Moonblast,LightofRuin,DazzlingGleam,Protect|||F|||50|]Garchomp||LumBerry|RoughSkin|RockSlide,Earthquake,DragonClaw,Protect|||M|||50|\n|c|\u2606magicalarcher57|glhf\n|c|\u2606Sparklucario|u2\n|j| SeulClef\n|\n|t:|1776488131\n|teamsize|p1|4\n|teamsize|p2|4\n|start\n|switch|p1a: Charizard|Charizard, L50, F, shiny|100/100\n|switch|p1b: Gardevoir|Gardevoir, L50, F, shiny|100/100\n|switch|p2a: Ryoiki Tenkai|Farigiraf, L50, F, shiny|100/100\n|switch|p2b: Kangaskhan|Kangaskhan, L50, F, shiny|100/100\n|turn|1\n|\n|t:|1776488138\n|detailschange|p1a: Charizard|Charizard-Mega-Y, L50, F, shiny\n|-mega|p1a: Charizard|Charizard|Charizardite Y\n|-weather|SunnyDay|[from] ability: Drought|[of] p1a: Charizard\n|move|p2b: Kangaskhan|Fake Out|p1a: Charizard\n|-damage|p1a: Charizard|78/100\n|move|p1b: Gardevoir|Moonblast|p2a: Ryoiki Tenkai\n|-damage|p2a: Ryoiki Tenkai|51/100\n|cant|p1a: Charizard|flinch\n|move|p2a: Ryoiki Tenkai|Trick Room|p2a: Ryoiki Tenkai\n|-fieldstart|move: Trick Room|[of] p2a: Ryoiki Tenkai\n|\n|-weather|SunnyDay|[upkeep]\n|upkeep\n|turn|2\n|\n|t:|1776488174\n|detailschange|p2b: Kangaskhan|Kangaskhan-Mega, L50, F, shiny\n|-mega|p2b: Kangaskhan|Kangaskhan|Kangaskhanite\n|move|p2a: Ryoiki Tenkai|Hyper Voice|p1a: Charizard|[spread] p1a,p1b\n|-damage|p1a: Charizard|42/100\n|-damage|p1b: Gardevoir|61/100\n|move|p2b: Kangaskhan|Double-Edge|p1b: Gardevoir\n|-damage|p1b: Gardevoir|0 fnt\n|faint|p1b: Gardevoir\n|-hitcount|p1: Gardevoir|1\n|-damage|p2b: Kangaskhan|87/100|[from] Recoil\n|move|p1a: Charizard|Heat Wave|p2b: Kangaskhan|[spread] p2a,p2b\n|-crit|p2a: Ryoiki Tenkai\n|-crit|p2b: Kangaskhan\n|-damage|p2a: Ryoiki Tenkai|0 fnt\n|-damage|p2b: Kangaskhan|3/100\n|faint|p2a: Ryoiki Tenkai\n|\n|-weather|SunnyDay|[upkeep]\n|upkeep\n|\n|t:|1776488189\n|switch|p2a: Basculegion|Basculegion, L50, M, shiny|100/100\n|switch|p1b: Incineroar|Incineroar, L50, F, shiny|100/100\n|-ability|p1b: Incineroar|Intimidate|boost\n|-unboost|p2a: Basculegion|atk|1\n|-unboost|p2b: Kangaskhan|atk|1\n|turn|3\n|\n|t:|1776488203\n|switch|p2b: Athena|Talonflame, L50, F, shiny|100/100\n|switch|p1a: Venusaur|Venusaur, L50, F, shiny|100/100\n|move|p1b: Incineroar|Throat Chop|p2b: Athena\n|-damage|p2b: Athena|53/100\n|-start|p2b: Athena|Throat Chop|[silent]\n|move|p2a: Basculegion|Wave Crash|p1a: Venusaur\n|-resisted|p1a: Venusaur|1\n|-damage|p1a: Venusaur|84/100\n|-damage|p2a: Basculegion|96/100|[from] Recoil\n|\n|-weather|SunnyDay|[upkeep]\n|upkeep\n|turn|4\n|\n|t:|1776488235\n|move|p1a: Venusaur|Protect|p1a: Venusaur\n|-singleturn|p1a: Venusaur|Protect\n|move|p1b: Incineroar|Throat Chop|p2b: Athena\n|-damage|p2b: Athena|4/100\n|move|p2a: Basculegion|Wave Crash|p1b: Incineroar\n|-supereffective|p1b: Incineroar|1\n|-damage|p1b: Incineroar|52/100\n|-damage|p2a: Basculegion|82/100|[from] Recoil\n|move|p2b: Athena|Overheat|p1a: Venusaur\n|-activate|p1a: Venusaur|move: Protect\n|\n|-weather|SunnyDay|[upkeep]\n|-end|p2b: Athena|Throat Chop|[silent]\n|upkeep\n|turn|5\n|j| ZaVGC\n|\n|t:|1776488261\n|move|p1b: Incineroar|Throat Chop|p2b: Athena\n|-damage|p2b: Athena|0 fnt\n|faint|p2b: Athena\n|move|p2a: Basculegion|Last Respects|p1a: Venusaur\n|-damage|p1a: Venusaur|21/100\n|move|p1a: Venusaur|Sleep Powder|p2a: Basculegion|[miss]\n|-miss|p1a: Venusaur|p2a: Basculegion\n|\n|-weather|none\n|-fieldend|move: Trick Room\n|upkeep\n|\n|t:|1776488279\n|switch|p2b: Kangaskhan|Kangaskhan-Mega, L50, F, shiny|3/100\n|turn|6\n|l| ZaVGC\n|\n|t:|1776488303\n|move|p1a: Venusaur|Protect|p1a: Venusaur\n|-singleturn|p1a: Venusaur|Protect\n|move|p2b: Kangaskhan|Fake Out|p1a: Venusaur\n|-activate|p1a: Venusaur|move: Protect\n|move|p2a: Basculegion|Wave Crash|p1b: Incineroar\n|-supereffective|p1b: Incineroar|1\n|-damage|p1b: Incineroar|0 fnt\n|faint|p1b: Incineroar\n|-damage|p2a: Basculegion|67/100|[from] Recoil\n|\n|upkeep\n|\n|t:|1776488308\n|switch|p1b: Charizard|Charizard-Mega-Y, L50, F, shiny|42/100\n|-weather|SunnyDay|[from] ability: Drought|[of] p1b: Charizard\n|turn|7\n|\n|t:|1776488325\n|move|p2a: Basculegion|Aqua Jet|p1b: Charizard\n|-supereffective|p1b: Charizard|1\n|-damage|p1b: Charizard|18/100\n|move|p1a: Venusaur|Leaf Storm|p2a: Basculegion|[miss]\n|-miss|p1a: Venusaur|p2a: Basculegion\n|move|p1b: Charizard|Heat Wave|p2a: Basculegion|[spread] p2b\n|-miss|p1b: Charizard|p2a: Basculegion\n|-damage|p2b: Kangaskhan|0 fnt\n|faint|p2b: Kangaskhan\n|\n|-weather|SunnyDay|[upkeep]\n|upkeep\n|turn|8\n|j| wizzpuffer\n|c|\u2606magicalarcher57|gg\n|c| wizzpuffer|Mish\n|l| SeulClef\n|c| wizzpuffer|Quad protect\n|c| wizzpuffer|Aqua crit\n|\n|t:|1776488360\n|move|p1a: Venusaur|Leaf Storm|p2a: Basculegion\n|-supereffective|p2a: Basculegion|1\n|-damage|p2a: Basculegion|0 fnt\n|-unboost|p1a: Venusaur|spa|2\n|faint|p2a: Basculegion\n|\n|win|Sparklucario\n|n|\u2606Sparklucario|sparklucario\n|n|\u2606magicalarcher57|magicalarcher57\n|n| wizzpuffer|wizzpuffer\n",
  "uploadtime": 1776488361,
  "views": 22,
  "formatid": "gen9championsvgc2026regma",
  "rating": null,
  "private": 0,
  "password": null
}