{
  "id": "gen9championsvgc2026regma-2587783608",
  "format": "[Gen 9 Champions] VGC 2026 Reg M-A",
  "players": [
    "vgcpokoyoooo",
    "hvv1409"
  ],
  "log": "|j|\u2606vgcpokoyoooo\n|j|\u2606hvv1409\n|t:|1776563605\n|gametype|doubles\n|player|p1|vgcpokoyoooo|170|1097\n|player|p2|hvv1409|pokemonranger-gen4|1046\n|gen|9\n|tier|[Gen 9 Champions] VGC 2026 Reg M-A\n|rated|\n|rule|Species Clause: Limit one of each Pok\u00e9mon\n|rule|Item Clause: Limit 1 of each item\n|clearpoke\n|poke|p1|Drampa, L50, F|\n|poke|p1|Farigiraf, L50, M|\n|poke|p1|Sinistcha-Masterpiece, L50|\n|poke|p1|Torkoal, L50, M|\n|poke|p1|Incineroar, L50, M|\n|poke|p1|Mudsdale, L50, F|\n|poke|p2|Talonflame, L50, M, shiny|\n|poke|p2|Incineroar, L50, M, shiny|\n|poke|p2|Gardevoir, L50, F, shiny|\n|poke|p2|Garchomp, L50, M, shiny|\n|poke|p2|Charizard, L50, M, shiny|\n|poke|p2|Rotom-Heat, L50, shiny|\n|teampreview|4\n|\n|t:|1776563637\n|teamsize|p1|4\n|teamsize|p2|4\n|start\n|switch|p1a: Farigiraf|Farigiraf, L50, M|100/100\n|switch|p1b: Incineroar|Incineroar, L50, M|100/100\n|switch|p2a: Incineroar|Incineroar, L50, M, shiny|100/100\n|switch|p2b: Charizard|Charizard, L50, M, shiny|100/100\n|-ability|p2a: Incineroar|Intimidate|boost\n|-unboost|p1a: Farigiraf|atk|1\n|-unboost|p1b: Incineroar|atk|1\n|-ability|p1b: Incineroar|Intimidate|boost\n|-unboost|p2a: Incineroar|atk|1\n|-unboost|p2b: Charizard|atk|1\n|turn|1\n|\n|t:|1776563657\n|move|p2b: Charizard|Protect|p2b: Charizard\n|-singleturn|p2b: Charizard|Protect\n|move|p1b: Incineroar|Fake Out|p2b: Charizard\n|-activate|p2b: Charizard|move: Protect\n|move|p2a: Incineroar|Taunt|p1a: Farigiraf\n|-start|p1a: Farigiraf|move: Taunt\n|cant|p1a: Farigiraf|move: Taunt|Trick Room\n|\n|upkeep\n|turn|2\n|\n|t:|1776563674\n|detailschange|p2b: Charizard|Charizard-Mega-Y, L50, M, shiny\n|-mega|p2b: Charizard|Charizard|Charizardite Y\n|-weather|SunnyDay|[from] ability: Drought|[of] p2b: Charizard\n|move|p2b: Charizard|Overheat|p1a: Farigiraf\n|-damage|p1a: Farigiraf|0 fnt\n|-unboost|p2b: Charizard|spa|2\n|faint|p1a: Farigiraf\n|move|p2a: Incineroar|Darkest Lariat|p1b: Incineroar\n|-resisted|p1b: Incineroar|1\n|-damage|p1b: Incineroar|88/100\n|move|p1b: Incineroar|Parting Shot|p2b: Charizard\n|-unboost|p2b: Charizard|atk|1\n|-unboost|p2b: Charizard|spa|1\n|\n|t:|1776563682\n|switch|p1b: Drampa|Drampa, L50, F|100/100|[from] Parting Shot\n|\n|-weather|SunnyDay|[upkeep]\n|upkeep\n|\n|t:|1776563688\n|switch|p1a: Incineroar|Incineroar, L50, M|88/100\n|-ability|p1a: Incineroar|Intimidate|boost\n|-unboost|p2a: Incineroar|atk|1\n|-unboost|p2b: Charizard|atk|1\n|turn|3\n|\n|t:|1776563705\n|switch|p2b: Talonflame|Talonflame, L50, M, shiny|100/100\n|detailschange|p1b: Drampa|Drampa-Mega, L50, F\n|-mega|p1b: Drampa|Drampa|Drampanite\n|move|p1a: Incineroar|Fake Out|p2a: Incineroar\n|-damage|p2a: Incineroar|89/100\n|cant|p2a: Incineroar|flinch\n|move|p1b: Drampa|Hyper Voice|p2b: Talonflame|[spread] p2a,p2b\n|-damage|p2a: Incineroar|55/100\n|-damage|p2b: Talonflame|28/100\n|\n|-weather|SunnyDay|[upkeep]\n|upkeep\n|turn|4\n|\n|t:|1776563735\n|move|p2b: Talonflame|Dual Wingbeat|p1b: Drampa\n|-damage|p1b: Drampa|87/100\n|-damage|p1b: Drampa|74/100\n|-hitcount|p1b: Drampa|2\n|move|p2a: Incineroar|Parting Shot|p1b: Drampa\n|-unboost|p1b: Drampa|atk|1\n|-unboost|p1b: Drampa|spa|1\n|\n|t:|1776563751\n|switch|p2a: Charizard|Charizard-Mega-Y, L50, M, shiny|100/100|[from] Parting Shot\n|move|p1a: Incineroar|Darkest Lariat|p2b: Talonflame\n|-damage|p2b: Talonflame|0 fnt\n|faint|p2b: Talonflame\n|move|p1b: Drampa|Hyper Voice|p2a: Charizard\n|-damage|p2a: Charizard|61/100\n|\n|-weather|SunnyDay|[upkeep]\n|upkeep\n|\n|t:|1776563763\n|switch|p2b: fair|Garchomp, L50, M, shiny|100/100\n|turn|5\n|\n|t:|1776563776\n|move|p2b: fair|Earthquake|p1a: Incineroar|[spread] p1a,p1b\n|-immune|p2a: Charizard\n|-supereffective|p1a: Incineroar|1\n|-damage|p1a: Incineroar|13/100\n|-damage|p1b: Drampa|42/100\n|-enditem|p1a: Incineroar|Sitrus Berry|[eat]\n|-heal|p1a: Incineroar|38/100|[from] item: Sitrus Berry\n|-ability|p1b: Drampa|Berserk|boost\n|-boost|p1b: Drampa|spa|1\n|move|p2a: Charizard|Overheat|p1b: Drampa|[miss]\n|-miss|p2a: Charizard|p1b: Drampa\n|move|p1a: Incineroar|Parting Shot|p2a: Charizard\n|-unboost|p2a: Charizard|atk|1\n|-unboost|p2a: Charizard|spa|1\n|\n|t:|1776563779\n|switch|p1a: Torkoal|Torkoal, L50, M|100/100|[from] Parting Shot\n|move|p1b: Drampa|Draco Meteor|p2b: fair|[miss]\n|-miss|p1b: Drampa|p2b: fair\n|\n|-weather|SunnyDay|[upkeep]\n|upkeep\n|turn|6\n|-message|vgcpokoyoooo forfeited.\n|\n|win|hvv1409\n|raw|vgcpokoyoooo's rating: 1097 &rarr; <strong>1069</strong><br />(-28 for losing)\n|raw|hvv1409's rating: 1046 &rarr; <strong>1084</strong><br />(+38 for winning)\n|l|\u2606vgcpokoyoooo\n|player|p1|\n",
  "uploadtime": 1776563820,
  "views": 16,
  "formatid": "gen9championsvgc2026regma",
  "rating": 1069,
  "private": 0,
  "password": null
}