{
  "id": "gen9championsvgc2026regma-2581932751",
  "format": "[Gen 9 Champions] VGC 2026 Reg M-A",
  "players": [
    "yungPBJglizzy",
    "chromate"
  ],
  "log": "|j|\u2606yungPBJglizzy\n|j|\u2606chromate\n|html|<table width=\"100%\"><tr><td align=\"left\">yungPBJglizzy</td><td align=\"right\">chromate</tr><tr><td align=\"left\"><i class=\"fa fa-circle-o\"></i> <i class=\"fa fa-circle-o\"></i> </td><td align=\"right\"><i class=\"fa fa-circle-o\"></i> <i class=\"fa fa-circle-o\"></i> </tr></table>\n|uhtml|bestof|<h2><strong>Game 1</strong> of <a href=\"/game-bestof3-gen9championsvgc2026regma-2581932750\">a best-of-3</a></h2>\n|t:|1776040962\n|gametype|doubles\n|player|p1|yungPBJglizzy|1|\n|player|p2|chromate|miku-ghost|\n|gen|9\n|tier|[Gen 9 Champions] VGC 2026 Reg M-A\n|rated|Tournament battle\n|rule|Species Clause: Limit one of each Pok\u00e9mon\n|rule|Item Clause: Limit 1 of each item\n|raw|<div class=\"infobox\"><details class=\"readmore\" open><summary><strong>2 custom rules:</strong></summary> Force Open Team Sheets, Best of = 3</details></div>\n|clearpoke\n|poke|p1|Gengar, L50, M|\n|poke|p1|Rhyperior, L50, M|\n|poke|p1|Charizard, L50, M|\n|poke|p1|Incineroar, L50, F|\n|poke|p1|Farigiraf, L50, F|\n|poke|p1|Garchomp, L50, F|\n|poke|p2|Charizard, L50, M|\n|poke|p2|Whimsicott, L50, F|\n|poke|p2|Garchomp, L50, F|\n|poke|p2|Sneasler, L50, M|\n|poke|p2|Maushold, L50|\n|poke|p2|Incineroar, L50, M|\n|teampreview|4\n|showteam|p1|Gengar||FocusSash|CursedBody|ShadowBall,SludgeBomb,IcyWind,Protect|||M|||50|]Rhyperior||SoftSand|SolidRock|RockSlide,HighHorsepower,IcePunch,Protect|||M|||50|]Charizard||CharizarditeY|SolarPower|HeatWave,SolarBeam,WeatherBall,Protect|||M|||50|]Incineroar||Leftovers|Intimidate|FakeOut,DarkestLariat,FlareBlitz,PartingShot|||F|||50|]Farigiraf||SitrusBerry|ArmorTail|HyperVoice,Psychic,TrickRoom,Protect|||F|||50|]Garchomp||WhiteHerb|RoughSkin|DragonClaw,StompingTantrum,RockSlide,Protect|||F|||50|\n|showteam|p2|Charizard||CharizarditeY|Blaze|HeatWave,SolarBeam,WeatherBall,Protect|||M|||50|]Whimsicott||FocusSash|Prankster|Moonblast,Tailwind,Encore,SunnyDay|||F|||50|]Garchomp||ChoiceScarf|RoughSkin|Earthquake,DragonClaw,RockSlide,StompingTantrum|||F|||50|]Sneasler||WhiteHerb|Unburden|GunkShot,CloseCombat,RockTomb,Protect|||M|||50|]Maushold||ChopleBerry|FriendGuard|SuperFang,FollowMe,HelpingHand,Protect||||||50|]Incineroar||SitrusBerry|Intimidate|FlareBlitz,ThroatChop,FakeOut,PartingShot|||M|||50|\n|j| Rainpelt103\n|j| island pocket\n|j| caramelpainn\n|j| Thogi_\n|j| MaybeIllusion\n|j| drifterking40\n|\n|t:|1776040987\n|teamsize|p1|4\n|teamsize|p2|4\n|start\n|switch|p1a: Incineroar|Incineroar, L50, F|100/100\n|switch|p1b: Farigiraf|Farigiraf, L50, F|100/100\n|switch|p2a: Maushold|Maushold, L50|100/100\n|switch|p2b: Charizard|Charizard, L50, M|100/100\n|-ability|p1a: Incineroar|Intimidate|boost\n|-unboost|p2a: Maushold|atk|1\n|-unboost|p2b: Charizard|atk|1\n|turn|1\n|j| Cdogp\n|\n|t:|1776041004\n|detailschange|p2b: Charizard|Charizard-Mega-Y, L50, M\n|-mega|p2b: Charizard|Charizard|Charizardite Y\n|-weather|SunnyDay|[from] ability: Drought|[of] p2b: Charizard\n|move|p1a: Incineroar|Fake Out|p2b: Charizard\n|-damage|p2b: Charizard|90/100\n|move|p2a: Maushold|Super Fang|p1b: Farigiraf|[miss]\n|-miss|p2a: Maushold|p1b: Farigiraf\n|cant|p2b: Charizard|flinch\n|move|p1b: Farigiraf|Trick Room|p1b: Farigiraf\n|-fieldstart|move: Trick Room|[of] p1b: Farigiraf\n|\n|-weather|SunnyDay|[upkeep]\n|upkeep\n|turn|2\n|j| snively3\n|\n|t:|1776041019\n|move|p2a: Maushold|Helping Hand|p2b: Charizard\n|-singleturn|p2b: Charizard|Helping Hand|[of] p2a: Maushold\n|move|p1a: Incineroar|Flare Blitz|p2b: Charizard\n|-resisted|p2b: Charizard|1\n|-damage|p2b: Charizard|54/100\n|-damage|p1a: Incineroar|90/100|[from] Recoil\n|move|p1b: Farigiraf|Hyper Voice|p2a: Maushold|[spread] p2a,p2b\n|-crit|p2a: Maushold\n|-damage|p2a: Maushold|41/100\n|-damage|p2b: Charizard|34/100\n|move|p2b: Charizard|Heat Wave|p1b: Farigiraf|[spread] p1a,p1b\n|-resisted|p1a: Incineroar|1\n|-damage|p1a: Incineroar|50/100\n|-damage|p1b: Farigiraf|13/100\n|-enditem|p1b: Farigiraf|Sitrus Berry|[eat]\n|-heal|p1b: Farigiraf|38/100|[from] item: Sitrus Berry\n|\n|-weather|SunnyDay|[upkeep]\n|-heal|p1a: Incineroar|55/100|[from] item: Leftovers\n|upkeep\n|turn|3\n|\n|t:|1776041050\n|switch|p2b: Garchomp|Garchomp, L50, F|100/100\n|move|p2a: Maushold|Protect|p2a: Maushold\n|-singleturn|p2a: Maushold|Protect\n|move|p1b: Farigiraf|Psychic|p2b: Garchomp\n|-damage|p2b: Garchomp|68/100\n|move|p1a: Incineroar|Flare Blitz|p2a: Maushold\n|-activate|p2a: Maushold|move: Protect\n|\n|-weather|SunnyDay|[upkeep]\n|-heal|p1a: Incineroar|61/100|[from] item: Leftovers\n|upkeep\n|turn|4\n|\n|t:|1776041059\n|switch|p1a: Rhyperior|Rhyperior, L50, M, shiny|100/100\n|move|p2a: Maushold|Follow Me|p2a: Maushold\n|-singleturn|p2a: Maushold|move: Follow Me\n|move|p1b: Farigiraf|Psychic|p2a: Maushold\n|-crit|p2a: Maushold\n|-damage|p2a: Maushold|0 fnt\n|faint|p2a: Maushold\n|move|p2b: Garchomp|Earthquake|p1b: Farigiraf|[spread] p1a,p1b\n|-supereffective|p1a: Rhyperior|1\n|-damage|p1a: Rhyperior|64/100\n|-damage|p1b: Farigiraf|0 fnt\n|faint|p1b: Farigiraf\n|\n|-weather|SunnyDay|[upkeep]\n|upkeep\n|\n|t:|1776041068\n|switch|p1b: Incineroar|Incineroar, L50, F|61/100\n|switch|p2a: Charizard|Charizard-Mega-Y, L50, M|34/100\n|-ability|p1b: Incineroar|Intimidate|boost\n|-unboost|p2a: Charizard|atk|1\n|-unboost|p2b: Garchomp|atk|1\n|turn|5\n|l| MaybeIllusion\n|\n|t:|1776041079\n|switch|p1b: Garchomp|Garchomp, L50, F|100/100\n|switch|p2b: Whimsicott|Whimsicott, L50, F|100/100\n|move|p2a: Charizard|Protect|p2a: Charizard\n|-singleturn|p2a: Charizard|Protect\n|move|p1a: Rhyperior|Ice Punch|p2b: Whimsicott\n|-supereffective|p2b: Whimsicott|1\n|-damage|p2b: Whimsicott|19/100\n|\n|-weather|none\n|-fieldend|move: Trick Room\n|upkeep\n|turn|6\n|j| Rigbert\n|\n|t:|1776041105\n|switch|p2a: Garchomp|Garchomp, L50, F|68/100\n|move|p2b: Whimsicott|Tailwind|p2b: Whimsicott\n|-sidestart|p2: chromate|move: Tailwind\n|move|p1b: Garchomp|Dragon Claw|p2a: Garchomp\n|-supereffective|p2a: Garchomp|1\n|-damage|p2a: Garchomp|0 fnt\n|-damage|p1b: Garchomp|88/100|[from] ability: Rough Skin|[of] p2a: Garchomp\n|faint|p2a: Garchomp\n|move|p1a: Rhyperior|Rock Slide|p2b: Whimsicott\n|-damage|p2b: Whimsicott|0 fnt\n|faint|p2b: Whimsicott\n|\n|upkeep\n|-message|chromate forfeited.\n|\n|win|yungPBJglizzy\n|l|\u2606chromate\n|player|p2|\n||chromate is ready for game 2.\n|l| Rigbert\n||yungPBJglizzy is ready for game 2.\n|uhtml|next|Next: <a href=\"/battle-gen9championsvgc2026regma-2581934452\"><strong>Game 2 of 3</strong></a>\n|l| Cdogp\n|l| Rainpelt103\n|j| aurora ltd\n|l|\u2606yungPBJglizzy\n|player|p1|\n|l| drifterking40\n|l| island pocket\n",
  "uploadtime": 1776041297,
  "views": 10,
  "formatid": "gen9championsvgc2026regma",
  "rating": null,
  "private": 0,
  "password": null
}