{
  "id": "gen9championsvgc2026regma-2586531242",
  "format": "[Gen 9 Champions] VGC 2026 Reg M-A",
  "players": [
    "MisterP155",
    "colfox"
  ],
  "log": "|j|\u2606MisterP155\n|j|\u203dcolfox\n|t:|1776441083\n|gametype|doubles\n|player|p1|MisterP155|lady|1307\n|player|p2|colfox|169|1312\n|gen|9\n|tier|[Gen 9 Champions] VGC 2026 Reg M-A\n|rated|\n|rule|Species Clause: Limit one of each Pok\u00e9mon\n|rule|Item Clause: Limit 1 of each item\n|clearpoke\n|poke|p1|Farigiraf, L50, M|\n|poke|p1|Blastoise, L50, F|\n|poke|p1|Ampharos, L50, M|\n|poke|p1|Kingambit, L50, M|\n|poke|p1|Torkoal, L50, M|\n|poke|p1|Sinistcha, L50|\n|poke|p2|Tyranitar, L50, M|\n|poke|p2|Excadrill, L50, M|\n|poke|p2|Dragapult, L50, M|\n|poke|p2|Milotic, L50, F|\n|poke|p2|Raichu, L50, M|\n|poke|p2|Scizor, L50, M|\n|teampreview|4\n|\n|t:|1776441142\n|teamsize|p1|4\n|teamsize|p2|4\n|start\n|switch|p1a: Sinistcha|Sinistcha, L50|100/100\n|switch|p1b: Blastoise|Blastoise, L50, F|100/100\n|switch|p2a: Raichu|Raichu, L50, M|100/100\n|switch|p2b: Dragapult|Dragapult, L50, M|100/100\n|turn|1\n|\n|t:|1776441171\n|detailschange|p1b: Blastoise|Blastoise-Mega, L50, F\n|-mega|p1b: Blastoise|Blastoise|Blastoisinite\n|move|p2a: Raichu|Fake Out|p1b: Blastoise\n|-damage|p1b: Blastoise|93/100\n|cant|p1b: Blastoise|flinch\n|move|p2b: Dragapult|Dragon Darts|p1a: Sinistcha\n|-damage|p1a: Sinistcha|75/100\n|-anim|p2b: Dragapult|Dragon Darts|p1b: Blastoise\n|-damage|p1b: Blastoise|65/100\n|move|p1a: Sinistcha|Trick Room|p1a: Sinistcha\n|-fieldstart|move: Trick Room|[of] p1a: Sinistcha\n|\n|upkeep\n|turn|2\n|\n|t:|1776441201\n|switch|p1a: Torkoal|Torkoal, L50, M|100/100\n|-weather|SunnyDay|[from] ability: Drought|[of] p1a: Torkoal\n|move|p2b: Dragapult|Protect|p2b: Dragapult\n|-singleturn|p2b: Dragapult|Protect\n|move|p1b: Blastoise|Muddy Water|p2b: Dragapult|[spread] p2a\n|-activate|p2b: Dragapult|move: Protect\n|-damage|p2a: Raichu|72/100\n|-unboost|p2a: Raichu|accuracy|1\n|move|p2a: Raichu|Thunderbolt|p1b: Blastoise\n|-supereffective|p1b: Blastoise|1\n|-damage|p1b: Blastoise|0 fnt\n|faint|p1b: Blastoise\n|\n|-weather|SunnyDay|[upkeep]\n|upkeep\n|\n|t:|1776441208\n|switch|p1b: Kingambit|Kingambit, L50, M|100/100\n|turn|3\n|\n|t:|1776441235\n|switch|p2b: Tyranitar|Tyranitar, L50, M|100/100\n|-weather|Sandstorm|[from] ability: Sand Stream|[of] p2b: Tyranitar\n|move|p2a: Raichu|Protect|p2a: Raichu\n|-singleturn|p2a: Raichu|Protect\n|move|p1a: Torkoal|Eruption|p2a: Raichu|[spread] p2b\n|-activate|p2a: Raichu|move: Protect\n|-resisted|p2b: Tyranitar|1\n|-damage|p2b: Tyranitar|84/100\n|move|p1b: Kingambit|Kowtow Cleave|p2b: Tyranitar\n|-resisted|p2b: Tyranitar|1\n|-damage|p2b: Tyranitar|60/100\n|\n|-weather|Sandstorm|[upkeep]\n|-damage|p1a: Torkoal|94/100|[from] Sandstorm\n|-damage|p2a: Raichu|66/100|[from] Sandstorm\n|upkeep\n|turn|4\n|\n|t:|1776441267\n|detailschange|p2b: Tyranitar|Tyranitar-Mega, L50, M\n|-mega|p2b: Tyranitar|Tyranitar|Tyranitarite\n|move|p2b: Tyranitar|Protect|p2b: Tyranitar\n|-singleturn|p2b: Tyranitar|Protect\n|move|p1a: Torkoal|Heat Wave|p2a: Raichu|[spread] p2a\n|-activate|p2b: Tyranitar|move: Protect\n|-damage|p2a: Raichu|12/100\n|move|p1b: Kingambit|Iron Head|p2b: Tyranitar\n|-activate|p2b: Tyranitar|move: Protect\n|move|p2a: Raichu|Thunderbolt|p1b: Kingambit\n|-damage|p1b: Kingambit|51/100\n|\n|-weather|Sandstorm|[upkeep]\n|-damage|p1a: Torkoal|88/100|[from] Sandstorm\n|-damage|p2a: Raichu|6/100|[from] Sandstorm\n|upkeep\n|turn|5\n|\n|t:|1776441318\n|move|p1a: Torkoal|Heat Wave|p2b: Tyranitar|[spread] p2a,p2b\n|-resisted|p2b: Tyranitar|1\n|-damage|p2a: Raichu|0 fnt\n|-damage|p2b: Tyranitar|51/100\n|faint|p2a: Raichu\n|move|p1b: Kingambit|Kowtow Cleave|p2b: Tyranitar\n|-resisted|p2b: Tyranitar|1\n|-damage|p2b: Tyranitar|32/100\n|move|p2b: Tyranitar|Rock Slide|p1b: Kingambit|[spread] p1a,p1b\n|-supereffective|p1a: Torkoal|1\n|-resisted|p1b: Kingambit|1\n|-damage|p1a: Torkoal|34/100\n|-damage|p1b: Kingambit|37/100\n|\n|-weather|Sandstorm|[upkeep]\n|-damage|p1a: Torkoal|28/100|[from] Sandstorm\n|-fieldend|move: Trick Room\n|upkeep\n|\n|t:|1776441333\n|switch|p2a: Excadrill|Excadrill, L50, M|100/100\n|turn|6\n|\n|t:|1776441357\n|switch|p1b: Sinistcha|Sinistcha, L50|75/100\n|-heal|p1a: Torkoal|52/100|[from] ability: Hospitality|[of] p1b: Sinistcha\n|move|p2a: Excadrill|High Horsepower|p1b: Sinistcha\n|-resisted|p1b: Sinistcha|1\n|-damage|p1b: Sinistcha|54/100\n|move|p2b: Tyranitar|Rock Slide|p1a: Torkoal|[spread] p1a,p1b\n|-supereffective|p1a: Torkoal|1\n|-damage|p1a: Torkoal|0 fnt\n|-damage|p1b: Sinistcha|19/100\n|faint|p1a: Torkoal\n|\n|-weather|Sandstorm|[upkeep]\n|-damage|p1b: Sinistcha|13/100|[from] Sandstorm\n|upkeep\n|\n|t:|1776441366\n|switch|p1a: Kingambit|Kingambit, L50, M|37/100\n|turn|7\n|\n|t:|1776441383\n|move|p1a: Kingambit|Protect|p1a: Kingambit\n|-singleturn|p1a: Kingambit|Protect\n|move|p2a: Excadrill|High Horsepower|p1a: Kingambit\n|-activate|p1a: Kingambit|move: Protect\n|move|p2b: Tyranitar|Rock Slide|p1b: Sinistcha|[spread] p1b\n|-activate|p1a: Kingambit|move: Protect\n|-damage|p1b: Sinistcha|0 fnt\n|faint|p1b: Sinistcha\n|\n|-weather|none\n|upkeep\n|turn|8\n|l|\u2606MisterP155\n|player|p1|\n|inactive|Battle timer is ON: inactive players will automatically lose when time's up. (requested by colfox)\n|inactive|MisterP155 has 30 seconds to reconnect!\n|inactive|MisterP155 has 20 seconds to reconnect!\n|inactive|MisterP155 has 15 seconds to reconnect!\n|inactive|MisterP155 has 10 seconds to reconnect!\n|inactive|MisterP155 has 5 seconds to reconnect!\n|-message|MisterP155 lost due to inactivity.\n|\n|win|colfox\n|raw|MisterP155's rating: 1290 &rarr; <strong>1267</strong><br />(-23 for losing)\n|raw|colfox's rating: 1312 &rarr; <strong>1331</strong><br />(+19 for winning)\n",
  "uploadtime": 1776441897,
  "views": 56,
  "formatid": "gen9championsvgc2026regma",
  "rating": 1267,
  "private": 0,
  "password": null
}