{
  "id": "gen9championsvgc2026regma-2587619313",
  "format": "[Gen 9 Champions] VGC 2026 Reg M-A",
  "players": [
    "iFrozenShadow",
    "AppleWalrus1"
  ],
  "log": "|j|\u2606iFrozenShadow\n|j|\u2606AppleWalrus1\n|t:|1776547544\n|gametype|doubles\n|player|p1|iFrozenShadow|169|1412\n|player|p2|AppleWalrus1|caitlin|1405\n|gen|9\n|tier|[Gen 9 Champions] VGC 2026 Reg M-A\n|rated|\n|rule|Species Clause: Limit one of each Pok\u00e9mon\n|rule|Item Clause: Limit 1 of each item\n|clearpoke\n|poke|p1|Gengar, L50, F, shiny|\n|poke|p1|Whimsicott, L50, F|\n|poke|p1|Incineroar, L50, F|\n|poke|p1|Basculegion, L50, M, shiny|\n|poke|p1|Tyranitar, L50, F|\n|poke|p1|Corviknight, L50, M|\n|poke|p2|Gardevoir, L50, M|\n|poke|p2|Whimsicott, L50, F|\n|poke|p2|Archaludon, L50, F|\n|poke|p2|Gengar, L50, M|\n|poke|p2|Arcanine-Hisui, L50, F|\n|poke|p2|Rotom-Wash, L50|\n|teampreview|4\n|inactive|Battle timer is ON: inactive players will automatically lose when time's up. (requested by AppleWalrus1)\n|j| Bayern72915\n|inactive|iFrozenShadow has 60 seconds left.\n|inactive|AppleWalrus1 has 60 seconds left.\n|inactive|AppleWalrus1 has 30 seconds left.\n|inactive|AppleWalrus1 has 20 seconds left.\n|inactive|AppleWalrus1 has 15 seconds left.\n|inactive|AppleWalrus1 has 10 seconds left.\n|\n|t:|1776547629\n|teamsize|p1|4\n|teamsize|p2|4\n|start\n|switch|p1a: Gengar|Gengar, L50, F, shiny|100/100\n|switch|p1b: Whimsicott|Whimsicott, L50, F|100/100\n|switch|p2a: Rotom|Rotom-Wash, L50|100/100\n|switch|p2b: Archaludon|Archaludon, L50, F|100/100\n|turn|1\n|inactive|AppleWalrus1 has 30 seconds left.\n|\n|t:|1776547655\n|detailschange|p1a: Gengar|Gengar-Mega, L50, F, shiny\n|-mega|p1a: Gengar|Gengar|Gengarite\n|move|p1a: Gengar|Protect|p1a: Gengar\n|-singleturn|p1a: Gengar|Protect\n|move|p1b: Whimsicott|Moonblast|p2b: Archaludon\n|-damage|p2b: Archaludon|60/100\n|move|p2b: Archaludon|Dragon Pulse|p1a: Gengar\n|-activate|p1a: Gengar|move: Protect\n|move|p2a: Rotom|Volt Switch|p1b: Whimsicott\n|-resisted|p1b: Whimsicott|1\n|-damage|p1b: Whimsicott|77/100\n|\n|t:|1776547665\n|switch|p2a: Whimsicott|Whimsicott, L50, F|100/100|[from] Volt Switch\n|\n|upkeep\n|turn|2\n|\n|t:|1776547680\n|switch|p1a: Incineroar|Incineroar, L50, F|100/100\n|-ability|p1a: Incineroar|Intimidate|boost\n|-unboost|p2a: Whimsicott|atk|1\n|-unboost|p2b: Archaludon|atk|1\n|move|p2a: Whimsicott|Encore|p1a: Incineroar\n|-hint|Since gen 7, Dark is immune to Prankster moves.\n|-immune|p1a: Incineroar\n|move|p1b: Whimsicott|Moonblast|p2b: Archaludon\n|-damage|p2b: Archaludon|21/100\n|move|p2b: Archaludon|Flash Cannon|p1b: Whimsicott\n|-supereffective|p1b: Whimsicott|1\n|-damage|p1b: Whimsicott|0 fnt\n|faint|p1b: Whimsicott\n|\n|upkeep\n|\n|t:|1776547696\n|switch|p1b: Gengar|Gengar-Mega, L50, F, shiny|100/100\n|turn|3\n|\n|t:|1776547717\n|move|p1a: Incineroar|Fake Out|p2a: Whimsicott\n|-damage|p2a: Whimsicott|79/100\n|cant|p2a: Whimsicott|flinch\n|move|p1b: Gengar|Shadow Ball|p2b: Archaludon\n|-damage|p2b: Archaludon|0 fnt\n|faint|p2b: Archaludon\n|\n|upkeep\n|\n|t:|1776547729\n|switch|p2b: Rotom|Rotom-Wash, L50|100/100\n|turn|4\n|\n|t:|1776547739\n|move|p2a: Whimsicott|Tailwind|p2a: Whimsicott\n|-sidestart|p2: AppleWalrus1|move: Tailwind\n|move|p2b: Rotom|Hydro Pump|p1a: Incineroar\n|-supereffective|p1a: Incineroar|1\n|-damage|p1a: Incineroar|4/100\n|-enditem|p1a: Incineroar|Sitrus Berry|[eat]\n|-heal|p1a: Incineroar|29/100|[from] item: Sitrus Berry\n|move|p1b: Gengar|Sludge Bomb|p2b: Rotom\n|-damage|p2b: Rotom|43/100\n|-enditem|p2b: Rotom|Sitrus Berry|[eat]\n|-heal|p2b: Rotom|68/100|[from] item: Sitrus Berry\n|move|p1a: Incineroar|Darkest Lariat|p2b: Rotom\n|-damage|p2b: Rotom|24/100\n|\n|upkeep\n|turn|5\n|inactive|AppleWalrus1 has 30 seconds left.\n|\n|t:|1776547770\n|move|p2a: Whimsicott|Moonblast|p1a: Incineroar\n|-damage|p1a: Incineroar|0 fnt\n|faint|p1a: Incineroar\n|move|p2b: Rotom|Hydro Pump|p1b: Gengar\n|-damage|p1b: Gengar|43/100\n|move|p1b: Gengar|Sludge Bomb|p2b: Rotom\n|-damage|p2b: Rotom|0 fnt\n|faint|p2b: Rotom\n|\n|upkeep\n|\n|t:|1776547777\n|switch|p2b: Gardevoir|Gardevoir, L50, M|100/100\n|switch|p1a: Basculegion|Basculegion, L50, M, shiny|100/100\n|turn|6\n|\n|t:|1776547792\n|detailschange|p2b: Gardevoir|Gardevoir-Mega, L50, M\n|-mega|p2b: Gardevoir|Gardevoir|Gardevoirite\n|move|p2a: Whimsicott|Moonblast|p1a: Basculegion\n|-damage|p1a: Basculegion|58/100\n|move|p2b: Gardevoir|Hyper Voice|p1b: Gengar|[spread] p1a,p1b\n|-resisted|p1b: Gengar|1\n|-damage|p1a: Basculegion|3/100\n|-damage|p1b: Gengar|15/100\n|move|p1a: Basculegion|Last Respects|p2b: Gardevoir\n|-supereffective|p2b: Gardevoir|1\n|-damage|p2b: Gardevoir|0 fnt\n|faint|p2b: Gardevoir\n|move|p1b: Gengar|Sludge Bomb|p2a: Whimsicott\n|-supereffective|p2a: Whimsicott|2\n|-damage|p2a: Whimsicott|0 fnt\n|faint|p2a: Whimsicott\n|\n|win|iFrozenShadow\n|raw|iFrozenShadow's rating: 1412 &rarr; <strong>1432</strong><br />(+20 for winning)\n|raw|AppleWalrus1's rating: 1405 &rarr; <strong>1385</strong><br />(-20 for losing)\n|l|\u2606iFrozenShadow\n|player|p1|\n|l|\u2606AppleWalrus1\n|player|p2|\n",
  "uploadtime": 1776547811,
  "views": 17,
  "formatid": "gen9championsvgc2026regma",
  "rating": 1385,
  "private": 0,
  "password": null
}