{
  "id": "gen9championsvgc2026regma-2581310738",
  "format": "[Gen 9 Champions] VGC 2026 Reg M-A",
  "players": [
    "radoovak",
    "tulivgc"
  ],
  "log": "|j|\u2606radoovak\n|j|\u2606tulivgc\n|t:|1775984884\n|gametype|doubles\n|player|p1|radoovak|steven|1300\n|player|p2|tulivgc|169|1300\n|gen|9\n|tier|[Gen 9 Champions] VGC 2026 Reg M-A\n|rated|\n|rule|Species Clause: Limit one of each Pok\u00e9mon\n|rule|Item Clause: Limit 1 of each item\n|clearpoke\n|poke|p1|Gengar, L50, M|\n|poke|p1|Sneasler, L50, M|\n|poke|p1|Incineroar, L50, F|\n|poke|p1|Whimsicott, L50, F|\n|poke|p1|Hydreigon, L50, M|\n|poke|p1|Palafin, L50, F|\n|poke|p2|Camerupt, L50, F|\n|poke|p2|Farigiraf, L50, F|\n|poke|p2|Sneasler, L50, F|\n|poke|p2|Incineroar, L50, F|\n|poke|p2|Rotom-Wash, L50|\n|poke|p2|Dragapult, L50, M|\n|teampreview|4\n|inactive|Battle timer is ON: inactive players will automatically lose when time's up. (requested by tulivgc)\n|j| gE1xjZRtuhW2DdT0AK\n|inactive|radoovak has 60 seconds left.\n|inactive|tulivgc has 60 seconds left.\n|inactive|radoovak has 30 seconds left.\n|inactive|radoovak has 20 seconds left.\n|inactive|radoovak has 15 seconds left.\n|inactive|radoovak has 10 seconds left.\n|inactive|radoovak has 5 seconds left.\n|\n|t:|1775984972\n|teamsize|p1|4\n|teamsize|p2|4\n|start\n|switch|p1a: Palafin|Palafin, L50, F|100/100\n|switch|p1b: Hydreigon|Hydreigon, L50, M|100/100\n|switch|p2a: Sneasler|Sneasler, L50, F|100/100\n|switch|p2b: Dragapult|Dragapult, L50, M|100/100\n|turn|1\n|\n|t:|1775984992\n|detailschange|p1a: Palafin|Palafin-Hero, L50, F\n|switch|p1a: Incineroar|Incineroar, L50, F|100/100\n|-ability|p1a: Incineroar|Intimidate|boost\n|-unboost|p2a: Sneasler|atk|1\n|-fail|p2b: Dragapult|unboost|[from] ability: Clear Body|[of] p2b: Dragapult\n|-enditem|p2a: Sneasler|White Herb\n|-clearnegativeboost|p2a: Sneasler|[silent]\n|move|p2a: Sneasler|Close Combat|p1b: Hydreigon\n|-supereffective|p1b: Hydreigon|1\n|-damage|p1b: Hydreigon|0 fnt\n|-unboost|p2a: Sneasler|def|1\n|-unboost|p2a: Sneasler|spd|1\n|faint|p1b: Hydreigon\n|move|p2b: Dragapult|Dragon Dance|p2b: Dragapult\n|-boost|p2b: Dragapult|atk|1\n|-boost|p2b: Dragapult|spe|1\n|\n|upkeep\n|\n|t:|1775985008\n|switch|p1b: Palafin|Palafin-Hero, L50, F|100/100\n|-activate|p1b: Palafin|ability: Zero to Hero\n|turn|2\n|\n|t:|1775985021\n|move|p1b: Palafin|Jet Punch|p2a: Sneasler\n|-damage|p2a: Sneasler|0 fnt\n|faint|p2a: Sneasler\n|move|p2b: Dragapult|Phantom Force||[still]\n|-prepare|p2b: Dragapult|Phantom Force\n|move|p1a: Incineroar|Darkest Lariat|p2b: Dragapult|[miss]\n|-miss|p1a: Incineroar|p2b: Dragapult\n|\n|upkeep\n|\n|t:|1775985033\n|switch|p2a: Rotom|Rotom-Wash, L50|100/100\n|turn|3\n|\n|t:|1775985055\n|move|p2b: Dragapult|Phantom Force|p1b: Palafin|[from] lockedmove\n|-damage|p1b: Palafin|40/100\n|move|p2a: Rotom|Hydro Pump|p1a: Incineroar|[miss]\n|-miss|p2a: Rotom|p1a: Incineroar\n|move|p1b: Palafin|Wave Crash|p2b: Dragapult\n|-resisted|p2b: Dragapult|1\n|-damage|p2b: Dragapult|40/100\n|-damage|p1b: Palafin|21/100|[from] Recoil\n|move|p1a: Incineroar|Darkest Lariat|p2b: Dragapult\n|-supereffective|p2b: Dragapult|1\n|-damage|p2b: Dragapult|0 fnt\n|faint|p2b: Dragapult\n|\n|upkeep\n|\n|t:|1775985061\n|switch|p2b: Farigiraf|Farigiraf, L50, F|100/100\n|turn|4\n|inactive|radoovak has 30 seconds left.\n|\n|t:|1775985096\n|move|p2a: Rotom|Hydro Pump|p1a: Incineroar\n|-supereffective|p1a: Incineroar|1\n|-damage|p1a: Incineroar|17/100\n|-enditem|p1a: Incineroar|Sitrus Berry|[eat]\n|-heal|p1a: Incineroar|42/100|[from] item: Sitrus Berry\n|move|p1b: Palafin|Wave Crash|p2b: Farigiraf\n|-damage|p2b: Farigiraf|9/100\n|-damage|p1b: Palafin|0 fnt|[from] Recoil\n|faint|p1b: Palafin\n|move|p1a: Incineroar|Darkest Lariat|p2b: Farigiraf\n|-supereffective|p2b: Farigiraf|1\n|-damage|p2b: Farigiraf|0 fnt\n|faint|p2b: Farigiraf\n|\n|upkeep\n|\n|t:|1775985108\n|switch|p1b: Sneasler|Sneasler, L50, M|100/100\n|turn|5\n|\n|t:|1775985111\n|move|p1b: Sneasler|Fake Out|p2a: Rotom\n|-damage|p2a: Rotom|80/100\n|cant|p2a: Rotom|flinch\n|move|p1a: Incineroar|Darkest Lariat|p2a: Rotom\n|-damage|p2a: Rotom|27/100\n|\n|upkeep\n|turn|6\n|\n|t:|1775985114\n|move|p2a: Rotom|Hydro Pump|p1b: Sneasler\n|-damage|p1b: Sneasler|30/100\n|move|p1b: Sneasler|Close Combat|p2a: Rotom\n|-damage|p2a: Rotom|0 fnt\n|-unboost|p1b: Sneasler|def|1\n|-unboost|p1b: Sneasler|spd|1\n|faint|p2a: Rotom\n|\n|win|radoovak\n|raw|radoovak's rating: 1300 &rarr; <strong>1325</strong><br />(+25 for winning)\n|raw|tulivgc's rating: 1300 &rarr; <strong>1275</strong><br />(-25 for losing)\n|l|\u2606tulivgc\n|player|p2|\n|c|\u2606radoovak|gg\n|l|\u2606radoovak\n|player|p1|\n",
  "uploadtime": 1775985131,
  "views": 36,
  "formatid": "gen9championsvgc2026regma",
  "rating": 1275,
  "private": 0,
  "password": null
}