{
  "id": "gen9championsvgc2026regma-2585344074",
  "format": "[Gen 9 Champions] VGC 2026 Reg M-A",
  "players": [
    "Duckity_Duck_06",
    "nerd159"
  ],
  "log": "|j|\u2606Duckity_Duck_06\n|j|\u2606nerd159\n|t:|1776339768\n|gametype|doubles\n|player|p1|Duckity_Duck_06|pokemaniac|1368\n|player|p2|nerd159|2|1320\n|gen|9\n|tier|[Gen 9 Champions] VGC 2026 Reg M-A\n|rated|\n|rule|Species Clause: Limit one of each Pok\u00e9mon\n|rule|Item Clause: Limit 1 of each item\n|clearpoke\n|poke|p1|Pelipper, L50, M|\n|poke|p1|Basculegion, L50, M|\n|poke|p1|Archaludon, L50, M|\n|poke|p1|Dragonite, L50, M|\n|poke|p1|Incineroar, L50, M|\n|poke|p1|Sneasler, L50, F|\n|poke|p2|Glimmora, L50, M|\n|poke|p2|Rotom-Wash, L50|\n|poke|p2|Farigiraf, L50, F|\n|poke|p2|Corviknight, L50, F|\n|poke|p2|Incineroar, L50, F|\n|poke|p2|Typhlosion-Hisui, L50, M|\n|teampreview|4\n|inactive|Battle timer is ON: inactive players will automatically lose when time's up. (requested by Duckity_Duck_06)\n|\n|t:|1776339797\n|teamsize|p1|4\n|teamsize|p2|4\n|start\n|switch|p1a: Sneasler|Sneasler, L50, F|100/100\n|switch|p1b: Archaludon|Archaludon, L50, M|100/100\n|switch|p2a: Rotom|Rotom-Wash, L50|100/100\n|switch|p2b: Incineroar|Incineroar, L50, F|100/100\n|-ability|p2b: Incineroar|Intimidate|boost\n|-unboost|p1a: Sneasler|atk|1\n|-unboost|p1b: Archaludon|atk|1\n|-enditem|p1a: Sneasler|White Herb\n|-clearnegativeboost|p1a: Sneasler|[silent]\n|turn|1\n|\n|t:|1776339811\n|switch|p2b: Farigiraf|Farigiraf, L50, F|100/100\n|move|p1a: Sneasler|Upper Hand||[still]\n|cant|p2b: Farigiraf|ability: Armor Tail|Upper Hand|[of] p1a: Sneasler\n|move|p1b: Archaludon|Aura Sphere|p2b: Farigiraf\n|-damage|p2b: Farigiraf|74/100\n|move|p2a: Rotom|Will-O-Wisp|p1a: Sneasler\n|-status|p1a: Sneasler|brn\n|\n|-damage|p1a: Sneasler|95/100 brn|[from] brn\n|upkeep\n|turn|2\n|\n|t:|1776339835\n|move|p1a: Sneasler|Close Combat|p2b: Farigiraf\n|-damage|p2b: Farigiraf|49/100\n|-unboost|p1a: Sneasler|def|1\n|-unboost|p1a: Sneasler|spd|1\n|-enditem|p2b: Farigiraf|Sitrus Berry|[eat]\n|-heal|p2b: Farigiraf|73/100|[from] item: Sitrus Berry\n|move|p1b: Archaludon|Aura Sphere|p2b: Farigiraf\n|-damage|p2b: Farigiraf|46/100\n|move|p2a: Rotom|Thunderbolt|p1b: Archaludon\n|-resisted|p1b: Archaludon|1\n|-damage|p1b: Archaludon|81/100\n|move|p2b: Farigiraf|Twin Beam|p1a: Sneasler\n|-supereffective|p1a: Sneasler|2\n|-damage|p1a: Sneasler|0 fnt\n|faint|p1a: Sneasler\n|-hitcount|p1: Sneasler|1\n|\n|upkeep\n|\n|t:|1776339841\n|switch|p1a: Basculegion|Basculegion, L50, M|100/100\n|turn|3\n|\n|t:|1776339850\n|switch|p1b: Pelipper|Pelipper, L50, M|100/100\n|-weather|RainDance|[from] ability: Drizzle|[of] p1b: Pelipper\n|move|p2b: Farigiraf|Helping Hand|p2a: Rotom\n|-singleturn|p2a: Rotom|Helping Hand|[of] p2b: Farigiraf\n|move|p1a: Basculegion|Liquidation|p2b: Farigiraf\n|-damage|p2b: Farigiraf|0 fnt\n|faint|p2b: Farigiraf\n|move|p2a: Rotom|Electroweb|p1a: Basculegion|[spread] p1a,p1b\n|-supereffective|p1a: Basculegion|1\n|-supereffective|p1b: Pelipper|2\n|-damage|p1a: Basculegion|51/100\n|-enditem|p1b: Pelipper|Focus Sash\n|-damage|p1b: Pelipper|1/100\n|-unboost|p1a: Basculegion|spe|1\n|-unboost|p1b: Pelipper|spe|1\n|\n|-weather|RainDance|[upkeep]\n|upkeep\n|\n|t:|1776339859\n|switch|p2b: Glimmora|Glimmora, L50, M|100/100\n|turn|4\n|\n|t:|1776339865\n|switch|p1b: Archaludon|Archaludon, L50, M|81/100\n|move|p2b: Glimmora|Spiky Shield|p2b: Glimmora\n|-singleturn|p2b: Glimmora|move: Protect\n|move|p1a: Basculegion|Liquidation|p2b: Glimmora\n|-activate|p2b: Glimmora|move: Protect\n|-damage|p1a: Basculegion|39/100|[from] Spiky Shield|[of] p2b: Glimmora\n|move|p2a: Rotom|Electroweb|p1b: Archaludon|[spread] p1a,p1b\n|-supereffective|p1a: Basculegion|1\n|-resisted|p1b: Archaludon|1\n|-damage|p1a: Basculegion|4/100\n|-damage|p1b: Archaludon|71/100\n|-unboost|p1a: Basculegion|spe|1\n|-unboost|p1b: Archaludon|spe|1\n|\n|-weather|RainDance|[upkeep]\n|upkeep\n|turn|5\n|inactive|Duckity_Duck_06 has 30 seconds left.\n|\n|t:|1776339891\n|detailschange|p2b: Glimmora|Glimmora-Mega, L50, M\n|-mega|p2b: Glimmora|Glimmora|Glimmoranite\n|move|p1a: Basculegion|Aqua Jet|p2b: Glimmora\n|-supereffective|p2b: Glimmora|1\n|-damage|p2b: Glimmora|14/100\n|move|p2b: Glimmora|Power Gem|p1a: Basculegion\n|-damage|p1a: Basculegion|0 fnt\n|faint|p1a: Basculegion\n|move|p1b: Archaludon|Electro Shot||[still]\n|-prepare|p1b: Archaludon|Electro Shot\n|-boost|p1b: Archaludon|spa|1\n|-anim|p1b: Archaludon|Electro Shot|p2b: Glimmora\n|-damage|p2b: Glimmora|0 fnt\n|faint|p2b: Glimmora\n|move|p2a: Rotom|Hydro Pump|p1b: Archaludon\n|-resisted|p1b: Archaludon|1\n|-damage|p1b: Archaludon|35/100\n|\n|-weather|RainDance|[upkeep]\n|upkeep\n|\n|t:|1776339896\n|switch|p2b: Incineroar|Incineroar, L50, F|100/100\n|switch|p1a: Pelipper|Pelipper, L50, M|1/100\n|-ability|p2b: Incineroar|Intimidate|boost\n|-unboost|p1a: Pelipper|atk|1\n|-unboost|p1b: Archaludon|atk|1\n|turn|6\n|\n|t:|1776339919\n|move|p2b: Incineroar|Fake Out|p1a: Pelipper\n|-damage|p1a: Pelipper|0 fnt\n|faint|p1a: Pelipper\n|move|p1b: Archaludon|Electro Shot||[still]\n|-prepare|p1b: Archaludon|Electro Shot\n|-boost|p1b: Archaludon|spa|1\n|-anim|p1b: Archaludon|Electro Shot|p2a: Rotom\n|-damage|p2a: Rotom|0 fnt\n|faint|p2a: Rotom\n|\n|-weather|RainDance|[upkeep]\n|upkeep\n|turn|7\n|\n|t:|1776339926\n|move|p1b: Archaludon|Electro Shot||[still]\n|-prepare|p1b: Archaludon|Electro Shot\n|-boost|p1b: Archaludon|spa|1\n|-anim|p1b: Archaludon|Electro Shot|p2b: Incineroar\n|-damage|p2b: Incineroar|13/100\n|move|p2b: Incineroar|Darkest Lariat|p1b: Archaludon\n|-damage|p1b: Archaludon|4/100\n|\n|-weather|none\n|upkeep\n|turn|8\n|c|\u2606nerd159|damn\n|c|\u2606nerd159|gg\n|-message|Duckity_Duck_06 forfeited.\n|\n|win|nerd159\n|raw|Duckity_Duck_06's rating: 1368 &rarr; <strong>1345</strong><br />(-23 for losing)\n|raw|nerd159's rating: 1320 &rarr; <strong>1343</strong><br />(+23 for winning)\n|l|\u2606Duckity_Duck_06\n|player|p1|\n|c|\u2606nerd159|oh lol\n|c|\u2606nerd159|scarf arch\n",
  "uploadtime": 1776339955,
  "views": 42,
  "formatid": "gen9championsvgc2026regma",
  "rating": 1343,
  "private": 0,
  "password": null
}