{
  "id": "gen9championsvgc2026regma-2584658047",
  "format": "[Gen 9 Champions] VGC 2026 Reg M-A",
  "players": [
    "eteleks0-2",
    "coberdt"
  ],
  "log": "|j|\u2606eteleks0-2\n|j|\u2606coberdt\n|t:|1776274939\n|gametype|doubles\n|player|p1|eteleks0-2|170|1208\n|player|p2|coberdt|lebanne|1279\n|gen|9\n|tier|[Gen 9 Champions] VGC 2026 Reg M-A\n|rated|\n|rule|Species Clause: Limit one of each Pok\u00e9mon\n|rule|Item Clause: Limit 1 of each item\n|clearpoke\n|poke|p1|Delphox, L50, F|\n|poke|p1|Venusaur, L50, F|\n|poke|p1|Raichu, L50, M|\n|poke|p1|Whimsicott, L50, M|\n|poke|p1|Garchomp, L50, F|\n|poke|p1|Corviknight, L50, M|\n|poke|p2|Pelipper, L50, M|\n|poke|p2|Archaludon, L50, M|\n|poke|p2|Incineroar, L50, M|\n|poke|p2|Sinistcha, L50|\n|poke|p2|Palafin, L50, F|\n|poke|p2|Gengar, L50, M|\n|teampreview|4\ncoberdt has agreed to open team sheets.\n|inactive|Battle timer is ON: inactive players will automatically lose when time's up. (requested by coberdt)\n|\n|t:|1776274973\n|teamsize|p1|4\n|teamsize|p2|4\n|start\n|switch|p1a: Delphox|Delphox, L50, F|100/100\n|switch|p1b: Raichu|Raichu, L50, M|100/100\n|switch|p2a: Gengar|Gengar, L50, M|100/100\n|switch|p2b: Palafin|Palafin, L50, F|100/100\n|turn|1\n|inactive|coberdt has 30 seconds left.\n|\n|t:|1776275006\n|detailschange|p2b: Palafin|Palafin-Hero, L50, F\n|switch|p2b: Pelipper|Pelipper, L50, M|100/100\n|-weather|RainDance|[from] ability: Drizzle|[of] p2b: Pelipper\n|detailschange|p1a: Delphox|Delphox-Mega, L50, F\n|-mega|p1a: Delphox|Delphox|Delphoxite\n|move|p1a: Delphox|Protect|p1a: Delphox\n|-singleturn|p1a: Delphox|Protect\n|move|p2a: Gengar|Protect|p2a: Gengar\n|-singleturn|p2a: Gengar|Protect\n|move|p1b: Raichu|Nuzzle|p2a: Gengar\n|-activate|p2a: Gengar|move: Protect\n|\n|-weather|RainDance|[upkeep]\n|upkeep\n|turn|2\n|inactive|coberdt has 30 seconds left.\n|\n|t:|1776275037\n|switch|p2a: Archaludon|Archaludon, L50, M|100/100\n|move|p1a: Delphox|Expanding Force|p2a: Archaludon\n|-resisted|p2a: Archaludon|1\n|-damage|p2a: Archaludon|65/100\n|move|p1b: Raichu|Volt Switch|p2b: Pelipper\n|-supereffective|p2b: Pelipper|2\n|-enditem|p2b: Pelipper|Focus Sash\n|-damage|p2b: Pelipper|1/100\n|inactive|eteleks0-2 has 30 seconds left.\n|\n|t:|1776275066\n|switch|p1b: Garchomp|Garchomp, L50, F|100/100|[from] Volt Switch\n|move|p2b: Pelipper|Tailwind|p2b: Pelipper\n|-sidestart|p2: coberdt|move: Tailwind\n|\n|-weather|RainDance|[upkeep]\n|upkeep\n|turn|3\n|inactive|eteleks0-2 has 30 seconds left.\n|\n|t:|1776275094\n|move|p2a: Archaludon|Dragon Pulse|p1b: Garchomp\n|-supereffective|p1b: Garchomp|1\n|-damage|p1b: Garchomp|6/100\n|move|p2b: Pelipper|Weather Ball|p1a: Delphox\n|-supereffective|p1a: Delphox|1\n|-damage|p1a: Delphox|0 fnt\n|faint|p1a: Delphox\n|move|p1b: Garchomp|Earthquake|p2b: Pelipper|[spread] p2a\n|-immune|p2b: Pelipper\n|-supereffective|p2a: Archaludon|1\n|-damage|p2a: Archaludon|2/100\n|\n|-weather|RainDance|[upkeep]\n|upkeep\n|\n|t:|1776275100\n|switch|p1a: Whimsicott|Whimsicott, L50, M|100/100\n|turn|4\n|\n|t:|1776275122\n|move|p1a: Whimsicott|Tailwind|p1a: Whimsicott\n|-sidestart|p1: eteleks0-2|move: Tailwind\n|move|p1b: Garchomp|Rock Slide|p2a: Archaludon|[spread] p2a,p2b\n|-resisted|p2a: Archaludon|1\n|-supereffective|p2b: Pelipper|1\n|-damage|p2a: Archaludon|0 fnt\n|-damage|p2b: Pelipper|0 fnt\n|faint|p2a: Archaludon\n|faint|p2b: Pelipper\n|\n|-weather|RainDance|[upkeep]\n|upkeep\n|\n|t:|1776275129\n|switch|p2a: Palafin|Palafin-Hero, L50, F|100/100\n|switch|p2b: Gengar|Gengar, L50, M|100/100\n|-activate|p2a: Palafin|ability: Zero to Hero\n|turn|5\n|\n|t:|1776275137\n|detailschange|p2b: Gengar|Gengar-Mega, L50, M\n|-mega|p2b: Gengar|Gengar|Gengarite\n|move|p1b: Garchomp|Protect|p1b: Garchomp\n|-singleturn|p1b: Garchomp|Protect\n|move|p1a: Whimsicott|Sunny Day|p1a: Whimsicott\n|-weather|SunnyDay\n|move|p2a: Palafin|Jet Punch|p1b: Garchomp\n|-activate|p1b: Garchomp|move: Protect\n|move|p2b: Gengar|Sludge Bomb|p1a: Whimsicott\n|-supereffective|p1a: Whimsicott|2\n|-enditem|p1a: Whimsicott|Focus Sash\n|-damage|p1a: Whimsicott|1/100\n|-status|p1a: Whimsicott|psn\n|\n|-weather|SunnyDay|[upkeep]\n|-damage|p1a: Whimsicott|0 fnt|[from] psn\n|faint|p1a: Whimsicott\n|-sideend|p2: coberdt|move: Tailwind\n|upkeep\n|\n|t:|1776275148\n|switch|p1a: Raichu|Raichu, L50, M|100/100\n|turn|6\n|\n|t:|1776275170\n|move|p1a: Raichu|Protect|p1a: Raichu\n|-singleturn|p1a: Raichu|Protect\n|move|p2a: Palafin|Jet Punch|p1b: Garchomp\n|-damage|p1b: Garchomp|0 fnt\n|faint|p1b: Garchomp\n|move|p2b: Gengar|Sludge Bomb|p1a: Raichu\n|-activate|p1a: Raichu|move: Protect\n|\n|-weather|SunnyDay|[upkeep]\n|upkeep\n|turn|7\n|-message|eteleks0-2 forfeited.\n|\n|win|coberdt\n|raw|eteleks0-2's rating: 1237 &rarr; <strong>1215</strong><br />(-22 for losing)\n|raw|coberdt's rating: 1279 &rarr; <strong>1301</strong><br />(+22 for winning)\n|l|\u2606eteleks0-2\n|player|p1|\n",
  "uploadtime": 1776275182,
  "views": 104,
  "formatid": "gen9championsvgc2026regma",
  "rating": 1215,
  "private": 0,
  "password": null
}