{
  "id": "gen9championsvgc2026regma-2588564510",
  "format": "[Gen 9 Champions] VGC 2026 Reg M-A",
  "players": [
    "High frontman",
    "MegaBitron"
  ],
  "log": "|j|\u2606High frontman\n|j|\u2606MegaBitron\n|t:|1776645436\n|gametype|doubles\n|player|p1|High frontman|pokemaniac|1035\n|player|p2|MegaBitron|n|1050\n|gen|9\n|tier|[Gen 9 Champions] VGC 2026 Reg M-A\n|rated|\n|rule|Species Clause: Limit one of each Pok\u00e9mon\n|rule|Item Clause: Limit 1 of each item\n|clearpoke\n|poke|p1|Chesnaught, L50, F|\n|poke|p1|Floette-Eternal, L50, F|\n|poke|p1|Archaludon, L50, M|\n|poke|p1|Pelipper, L50, F|\n|poke|p1|Garchomp, L50, M|\n|poke|p1|Incineroar, L50, F|\n|poke|p2|Ceruledge, L50, F|\n|poke|p2|Scizor, L50, F|\n|poke|p2|Froslass, L50, F|\n|poke|p2|Sinistcha, L50|\n|poke|p2|Hydreigon, L50, M|\n|poke|p2|Sneasler, L50, M|\n|teampreview|4\n|\n|t:|1776645459\n|teamsize|p1|4\n|teamsize|p2|4\n|start\n|switch|p1a: Archaludon|Archaludon, L50, M|100/100\n|switch|p1b: Pelipper|Pelipper, L50, F|100/100\n|switch|p2a: Hydreigon|Hydreigon, L50, M|100/100\n|switch|p2b: Froslass|Froslass, L50, F|100/100\n|-weather|RainDance|[from] ability: Drizzle|[of] p1b: Pelipper\n|turn|1\n|\n|t:|1776645475\n|detailschange|p2b: Froslass|Froslass-Mega, L50, F\n|-mega|p2b: Froslass|Froslass|Froslassite\n|-weather|Snowscape|[from] ability: Snow Warning|[of] p2b: Froslass\n|move|p2a: Hydreigon|Protect|p2a: Hydreigon\n|-singleturn|p2a: Hydreigon|Protect\n|move|p2b: Froslass|Blizzard|p1b: Pelipper|[spread] p1a,p1b\n|-damage|p1a: Archaludon|54/100\n|-damage|p1b: Pelipper|20/100\n|-ability|p1a: Archaludon|Stamina|boost\n|-boost|p1a: Archaludon|def|1\n|move|p1b: Pelipper|Tailwind|p1b: Pelipper\n|-sidestart|p1: High frontman|move: Tailwind\n|move|p1a: Archaludon|Electro Shot||[still]\n|-prepare|p1a: Archaludon|Electro Shot\n|-boost|p1a: Archaludon|spa|1\n|\n|-weather|Snowscape|[upkeep]\n|-heal|p1a: Archaludon|60/100|[from] item: Leftovers\n|upkeep\n|turn|2\n|\n|t:|1776645504\n|switch|p1b: Incineroar|Incineroar, L50, F|100/100\n|-ability|p1b: Incineroar|Intimidate|boost\n|-unboost|p2a: Hydreigon|atk|1\n|-unboost|p2b: Froslass|atk|1\n|move|p1a: Archaludon|Electro Shot|p2b: Froslass|[from] lockedmove\n|-damage|p2b: Froslass|14/100\n|move|p2b: Froslass|Blizzard|p1a: Archaludon|[spread] p1a,p1b\n|-resisted|p1b: Incineroar|1\n|-damage|p1a: Archaludon|14/100\n|-damage|p1b: Incineroar|79/100\n|-ability|p1a: Archaludon|Stamina|boost\n|-boost|p1a: Archaludon|def|1\n|move|p2a: Hydreigon|Draco Meteor|p1b: Incineroar\n|-damage|p1b: Incineroar|19/100\n|-unboost|p2a: Hydreigon|spa|2\n|\n|-weather|Snowscape|[upkeep]\n|-heal|p1a: Archaludon|20/100|[from] item: Leftovers\n|upkeep\n|turn|3\n|\n|t:|1776645528\n|move|p2b: Froslass|Protect|p2b: Froslass\n|-singleturn|p2b: Froslass|Protect\n|move|p1a: Archaludon|Draco Meteor|p2a: Hydreigon\n|-supereffective|p2a: Hydreigon|1\n|-damage|p2a: Hydreigon|0 fnt\n|-unboost|p1a: Archaludon|spa|2\n|faint|p2a: Hydreigon\n|move|p1b: Incineroar|Flare Blitz|p2b: Froslass\n|-activate|p2b: Froslass|move: Protect\n|\n|-weather|Snowscape|[upkeep]\n|-heal|p1a: Archaludon|27/100|[from] item: Leftovers\n|upkeep\n|\n|t:|1776645539\n|switch|p2a: Sinistcha|Sinistcha, L50|100/100\n|-heal|p2b: Froslass|38/100|[from] ability: Hospitality|[of] p2a: Sinistcha\n|turn|4\n|\n|t:|1776645548\n|move|p2a: Sinistcha|Rage Powder|p2a: Sinistcha\n|-singleturn|p2a: Sinistcha|move: Rage Powder\n|move|p1a: Archaludon|Steel Beam|p2a: Sinistcha\n|-crit|p2a: Sinistcha\n|-damage|p2a: Sinistcha|8/100\n|-damage|p1a: Archaludon|0 fnt|[from] steelbeam\n|faint|p1a: Archaludon\n|-enditem|p2a: Sinistcha|Sitrus Berry|[eat]\n|-heal|p2a: Sinistcha|33/100|[from] item: Sitrus Berry\n|move|p2b: Froslass|Blizzard|p1b: Incineroar\n|-resisted|p1b: Incineroar|1\n|-crit|p1b: Incineroar\n|-damage|p1b: Incineroar|0 fnt\n|faint|p1b: Incineroar\n|\n|-weather|Snowscape|[upkeep]\n|-sideend|p1: High frontman|move: Tailwind\n|upkeep\n|\n|t:|1776645551\n|switch|p1a: Pelipper|Pelipper, L50, F|20/100\n|switch|p1b: Garchomp|Garchomp, L50, M|100/100\n|-weather|RainDance|[from] ability: Drizzle|[of] p1a: Pelipper\n|turn|5\n|\n|t:|1776645573\n|switch|p2b: Scizor|Scizor, L50, F|100/100\n|move|p2a: Sinistcha|Protect|p2a: Sinistcha\n|-singleturn|p2a: Sinistcha|Protect\n|move|p1b: Garchomp|Rock Slide|p2b: Scizor|[spread] p2b\n|-activate|p2a: Sinistcha|move: Protect\n|-damage|p2b: Scizor|73/100\n|move|p1a: Pelipper|Hurricane|p2a: Sinistcha\n|-activate|p2a: Sinistcha|move: Protect\n|\n|-weather|RainDance|[upkeep]\n|-heal|p2b: Scizor|79/100|[from] item: Leftovers\n|upkeep\n|turn|6\n|\n|t:|1776645595\n|move|p2b: Scizor|Bullet Punch|p1a: Pelipper\n|-resisted|p1a: Pelipper|1\n|-damage|p1a: Pelipper|0 fnt\n|faint|p1a: Pelipper\n|move|p1b: Garchomp|Rock Slide|p2b: Scizor|[spread] p2a,p2b\n|-damage|p2a: Sinistcha|13/100\n|-damage|p2b: Scizor|52/100\n|cant|p2a: Sinistcha|flinch\n|\n|-weather|RainDance|[upkeep]\n|-heal|p2b: Scizor|58/100|[from] item: Leftovers\n|upkeep\n|turn|7\n|-message|High frontman forfeited.\n|\n|win|MegaBitron\n|raw|High frontman's rating: 1035 &rarr; <strong>1020</strong><br />(-15 for losing)\n|raw|MegaBitron's rating: 1050 &rarr; <strong>1081</strong><br />(+31 for winning)\n|l|\u2606High frontman\n|player|p1|\n",
  "uploadtime": 1776645620,
  "views": 7,
  "formatid": "gen9championsvgc2026regma",
  "rating": 1020,
  "private": 0,
  "password": null
}