{
  "id": "gen9championsvgc2026regma-2583829612",
  "format": "[Gen 9 Champions] VGC 2026 Reg M-A",
  "players": [
    "SunTufo",
    "zjustus613"
  ],
  "log": "|j|\u2606SunTufo\n|j|\u2606zjustus613\n|t:|1776200992\n|gametype|doubles\n|player|p1|SunTufo|li|1318\n|player|p2|zjustus613|2|1309\n|gen|9\n|tier|[Gen 9 Champions] VGC 2026 Reg M-A\n|rated|\n|rule|Species Clause: Limit one of each Pok\u00e9mon\n|rule|Item Clause: Limit 1 of each item\n|clearpoke\n|poke|p1|Froslass, L50, F|\n|poke|p1|Milotic, L50, F|\n|poke|p1|Sneasler, L50, M|\n|poke|p1|Aerodactyl, L50, M|\n|poke|p1|Garchomp, L50, M|\n|poke|p1|Rotom-Wash, L50|\n|poke|p2|Froslass, L50, F|\n|poke|p2|Garchomp, L50, M|\n|poke|p2|Rotom-Frost, L50|\n|poke|p2|Empoleon, L50, F|\n|poke|p2|Incineroar, L50, F|\n|poke|p2|Kingambit, L50, M|\n|teampreview|4\n|inactive|Battle timer is ON: inactive players will automatically lose when time's up. (requested by SunTufo)\n|inactive|SunTufo has 60 seconds left.\n|inactive|zjustus613 has 60 seconds left.\n|inactive|zjustus613 has 30 seconds left.\n|\n|t:|1776201058\n|teamsize|p1|4\n|teamsize|p2|4\n|start\n|switch|p1a: Milotic|Milotic, L50, F, shiny|100/100\n|switch|p1b: Sneasler|Sneasler, L50, M, shiny|100/100\n|switch|p2a: Froslass|Froslass, L50, F|100/100\n|switch|p2b: Rotom|Rotom-Frost, L50|100/100\n|turn|1\n|inactive|SunTufo has 30 seconds left.\n|inactive|zjustus613 has 30 seconds left.\n|inactive|SunTufo has 20 seconds left.\n|\n|t:|1776201095\n|switch|p2b: Garchomp|Garchomp, L50, M|100/100\n|detailschange|p2a: Froslass|Froslass-Mega, L50, F\n|-mega|p2a: Froslass|Froslass|Froslassite\n|-weather|Snowscape|[from] ability: Snow Warning|[of] p2a: Froslass\n|move|p1b: Sneasler|Fake Out|p2b: Garchomp\n|-damage|p2b: Garchomp|86/100\n|-damage|p1b: Sneasler|88/100|[from] ability: Rough Skin|[of] p2b: Garchomp\n|move|p2a: Froslass|Blizzard|p1a: Milotic|[spread] p1a,p1b\n|-resisted|p1a: Milotic|1\n|-damage|p1a: Milotic|84/100\n|-damage|p1b: Sneasler|22/100\n|move|p1a: Milotic|Icy Wind|p2a: Froslass|[spread] p2a,p2b\n|-resisted|p2a: Froslass|1\n|-supereffective|p2b: Garchomp|2\n|-damage|p2a: Froslass|93/100\n|-damage|p2b: Garchomp|36/100\n|-unboost|p2a: Froslass|spe|1\n|-unboost|p2b: Garchomp|spe|1\n|-enditem|p2b: Garchomp|White Herb\n|-clearnegativeboost|p2b: Garchomp|[silent]\n|\n|-weather|Snowscape|[upkeep]\n|upkeep\n|turn|2\n|inactive|zjustus613 has 30 seconds left.\n|\n|t:|1776201127\n|move|p1b: Sneasler|Coaching|p1a: Milotic\n|-boost|p1a: Milotic|atk|1\n|-boost|p1a: Milotic|def|1\n|move|p2b: Garchomp|Rock Slide|p1a: Milotic|[spread] p1a,p1b\n|-resisted|p1b: Sneasler|1\n|-damage|p1a: Milotic|70/100\n|-damage|p1b: Sneasler|7/100\n|move|p2a: Froslass|Blizzard|p1a: Milotic|[spread] p1a,p1b\n|-resisted|p1a: Milotic|1\n|-damage|p1a: Milotic|55/100\n|-damage|p1b: Sneasler|0 fnt\n|faint|p1b: Sneasler\n|move|p1a: Milotic|Recover|p1a: Milotic\n|-heal|p1a: Milotic|100/100\n|\n|-weather|Snowscape|[upkeep]\n|upkeep\n|\n|t:|1776201141\n|switch|p1b: Froslass|Froslass, L50, F, shiny|100/100\n|turn|3\n|inactive|zjustus613 has 30 seconds left.\n|\n|t:|1776201175\n|detailschange|p1b: Froslass|Froslass-Mega, L50, F, shiny\n|-mega|p1b: Froslass|Froslass|Froslassite\n|move|p1b: Froslass|Shadow Ball|p2a: Froslass\n|-supereffective|p2a: Froslass|1\n|-damage|p2a: Froslass|0 fnt\n|faint|p2a: Froslass\n|move|p2b: Garchomp|Rock Slide|p1b: Froslass|[spread] p1a,p1b\n|-supereffective|p1b: Froslass|1\n|-damage|p1a: Milotic|88/100\n|-damage|p1b: Froslass|58/100\n|move|p1a: Milotic|Scald|p2b: Garchomp\n|-damage|p2b: Garchomp|0 fnt\n|faint|p2b: Garchomp\n|\n|-weather|Snowscape|[upkeep]\n|upkeep\n|\n|t:|1776201183\n|switch|p2a: Rotom|Rotom-Frost, L50|100/100\n|switch|p2b: Kingambit|Kingambit, L50, M|100/100\n|turn|4\n|\n|t:|1776201197\n|move|p2a: Rotom|Thunderbolt|p1a: Milotic\n|-supereffective|p1a: Milotic|1\n|-damage|p1a: Milotic|31/100\n|move|p1b: Froslass|Aurora Veil|p1b: Froslass\n|-sidestart|p1: SunTufo|move: Aurora Veil\n|move|p1a: Milotic|Scald|p2a: Rotom\n|-damage|p2a: Rotom|50/100\n|-status|p2a: Rotom|brn\n|move|p2b: Kingambit|Low Kick|p1a: Milotic\n|-damage|p1a: Milotic|12/100\n|\n|-weather|Snowscape|[upkeep]\n|-damage|p2a: Rotom|44/100 brn|[from] brn\n|upkeep\n|turn|5\n|\n|t:|1776201209\n|move|p1a: Milotic|Protect|p1a: Milotic\n|-singleturn|p1a: Milotic|Protect\n|move|p2b: Kingambit|Sucker Punch|p1b: Froslass\n|-supereffective|p1b: Froslass|1\n|-damage|p1b: Froslass|0 fnt\n|faint|p1b: Froslass\n|move|p2a: Rotom|Thunderbolt|p1a: Milotic\n|-activate|p1a: Milotic|move: Protect\n|\n|-weather|none\n|-damage|p2a: Rotom|38/100 brn|[from] brn\n|upkeep\n|\n|t:|1776201214\n|switch|p1b: Garchomp|Garchomp, L50, M, shiny|100/100\n|turn|6\n|\n|t:|1776201225\n|move|p2b: Kingambit|Protect|p2b: Kingambit\n|-singleturn|p2b: Kingambit|Protect\n|move|p2a: Rotom|Thunderbolt|p1a: Milotic\n|-supereffective|p1a: Milotic|1\n|-damage|p1a: Milotic|0 fnt\n|faint|p1a: Milotic\n|move|p1b: Garchomp|Earthquake|p2a: Rotom|[spread] \n|-activate|p2b: Kingambit|move: Protect\n|-immune|p2a: Rotom|[from] ability: Levitate\n|\n|-damage|p2a: Rotom|32/100 brn|[from] brn\n|upkeep\n|turn|7\n|\n|t:|1776201244\n|move|p2a: Rotom|Thunderbolt|p1b: Garchomp\n|-immune|p1b: Garchomp\n|move|p1b: Garchomp|Earthquake|p2a: Rotom|[spread] p2b\n|-immune|p2a: Rotom|[from] ability: Levitate\n|-supereffective|p2b: Kingambit|1\n|-damage|p2b: Kingambit|35/100\n|move|p2b: Kingambit|Iron Head|p1b: Garchomp\n|-damage|p1b: Garchomp|72/100\n|-damage|p2b: Kingambit|23/100|[from] ability: Rough Skin|[of] p1b: Garchomp\n|\n|-damage|p2a: Rotom|25/100 brn|[from] brn\n|upkeep\n|turn|8\n|\n|t:|1776201259\n|move|p2b: Kingambit|Protect|p2b: Kingambit\n|-singleturn|p2b: Kingambit|Protect\n|move|p2a: Rotom|Thunderbolt|p1b: Garchomp\n|-immune|p1b: Garchomp\n|move|p1b: Garchomp|Earthquake|p2a: Rotom|[spread] \n|-activate|p2b: Kingambit|move: Protect\n|-immune|p2a: Rotom|[from] ability: Levitate\n|\n|-damage|p2a: Rotom|19/100 brn|[from] brn\n|-sideend|p1: SunTufo|move: Aurora Veil\n|upkeep\n|turn|9\n|\n|t:|1776201266\n|move|p1b: Garchomp|Protect|p1b: Garchomp\n|-singleturn|p1b: Garchomp|Protect\n|move|p2b: Kingambit|Sucker Punch||[still]\n|-fail|p2b: Kingambit\n|move|p2a: Rotom|Thunderbolt|p1b: Garchomp\n|-activate|p1b: Garchomp|move: Protect\n|\n|-damage|p2a: Rotom|13/100 brn|[from] brn\n|upkeep\n|turn|10\n|\n|t:|1776201270\n|move|p2b: Kingambit|Sucker Punch|p1b: Garchomp\n|-damage|p1b: Garchomp|33/100\n|-damage|p2b: Kingambit|11/100|[from] ability: Rough Skin|[of] p1b: Garchomp\n|-enditem|p1b: Garchomp|Sitrus Berry|[eat]\n|-heal|p1b: Garchomp|57/100|[from] item: Sitrus Berry\n|move|p2a: Rotom|Thunderbolt|p1b: Garchomp\n|-immune|p1b: Garchomp\n|move|p1b: Garchomp|Earthquake|p2b: Kingambit|[spread] p2b\n|-immune|p2a: Rotom|[from] ability: Levitate\n|-supereffective|p2b: Kingambit|1\n|-damage|p2b: Kingambit|0 fnt\n|faint|p2b: Kingambit\n|\n|-damage|p2a: Rotom|7/100 brn|[from] brn\n|upkeep\n|turn|11\n|\n|t:|1776201274\n|move|p1b: Garchomp|Protect|p1b: Garchomp\n|-singleturn|p1b: Garchomp|Protect\n|move|p2a: Rotom|Thunderbolt|p1b: Garchomp\n|-activate|p1b: Garchomp|move: Protect\n|\n|-damage|p2a: Rotom|0 fnt|[from] brn\n|faint|p2a: Rotom\n|\n|win|SunTufo\n|raw|SunTufo's rating: 1318 &rarr; <strong>1337</strong><br />(+19 for winning)\n|raw|zjustus613's rating: 1309 &rarr; <strong>1290</strong><br />(-19 for losing)\n",
  "uploadtime": 1776201275,
  "views": 27,
  "formatid": "gen9championsvgc2026regma",
  "rating": 1290,
  "private": 0,
  "password": null
}