{
  "id": "gen9championsvgc2026regma-2582111807",
  "format": "[Gen 9 Champions] VGC 2026 Reg M-A",
  "players": [
    "aggsapphire",
    "SuperDOLEK"
  ],
  "log": "|j|\u2606aggsapphire\n|j|\u2606SuperDOLEK\n|t:|1776059385\n|gametype|doubles\n|player|p1|aggsapphire|102|1130\n|player|p2|SuperDOLEK|2|1109\n|gen|9\n|tier|[Gen 9 Champions] VGC 2026 Reg M-A\n|rated|\n|rule|Species Clause: Limit one of each Pok\u00e9mon\n|rule|Item Clause: Limit 1 of each item\n|clearpoke\n|poke|p1|Charizard, L50, M|\n|poke|p1|Venusaur, L50, M|\n|poke|p1|Incineroar, L50, F|\n|poke|p1|Basculegion, L50, M|\n|poke|p1|Garchomp, L50, F|\n|poke|p1|Sneasler, L50, F|\n|poke|p2|Froslass, L50, F|\n|poke|p2|Dragapult, L50, M|\n|poke|p2|Orthworm, L50, M|\n|poke|p2|Garchomp, L50, F|\n|poke|p2|Sableye, L50, M|\n|poke|p2|Milotic, L50, F|\n|teampreview|4\n|inactive|Battle timer is ON: inactive players will automatically lose when time's up. (requested by SuperDOLEK)\n|\n|t:|1776059461\n|teamsize|p1|4\n|teamsize|p2|4\n|start\n|switch|p1a: Basculegion|Basculegion, L50, M|100/100\n|switch|p1b: Sneasler|Sneasler, L50, F|100/100\n|switch|p2a: Garchomp|Garchomp, L50, F|100/100\n|switch|p2b: Milotic|Milotic, L50, F|100/100\n|turn|1\n|inactive|aggsapphire has 30 seconds left.\n|inactive|SuperDOLEK has 30 seconds left.\n|inactive|SuperDOLEK has 20 seconds left.\n|\n|t:|1776059500\n|move|p1a: Basculegion|Flip Turn|p2b: Milotic\n|-resisted|p2b: Milotic|1\n|-damage|p2b: Milotic|80/100\n|\n|t:|1776059505\n|switch|p1a: Charizard|Charizard, L50, M|100/100|[from] Flip Turn\n|move|p1b: Sneasler|Swords Dance|p1b: Sneasler\n|-boost|p1b: Sneasler|atk|2\n|move|p2a: Garchomp|Earthquake|p1a: Charizard|[spread] p2b,p1b\n|-immune|p1a: Charizard\n|-supereffective|p1b: Sneasler|1\n|-damage|p2b: Milotic|27/100\n|-damage|p1b: Sneasler|0 fnt\n|faint|p1b: Sneasler\n|move|p2b: Milotic|Flip Turn|p1a: Charizard\n|-supereffective|p1a: Charizard|1\n|-damage|p1a: Charizard|63/100\n|\n|t:|1776059527\n|switch|p2b: Froslass|Froslass, L50, F|100/100|[from] Flip Turn\n|\n|upkeep\n|\n|t:|1776059533\n|switch|p1b: Venusaur|Venusaur, L50, M|100/100\n|turn|2\n|\n|t:|1776059548\n|move|p2b: Froslass|Protect|p2b: Froslass\n|-singleturn|p2b: Froslass|Protect\n|move|p1a: Charizard|Protect|p1a: Charizard\n|-singleturn|p1a: Charizard|Protect\n|move|p2a: Garchomp|Rock Slide|p1b: Venusaur|[spread] p1b\n|-activate|p1a: Charizard|move: Protect\n|-damage|p1b: Venusaur|76/100\n|move|p1b: Venusaur|Sleep Powder|p2a: Garchomp\n|-status|p2a: Garchomp|slp|[from] move: Sleep Powder\n|\n|upkeep\n|turn|3\n|inactive|aggsapphire has 30 seconds left.\n|inactive|SuperDOLEK has 30 seconds left.\n|\n|t:|1776059579\n|switch|p1b: Basculegion|Basculegion, L50, M|100/100\n|detailschange|p2b: Froslass|Froslass-Mega, L50, F\n|-mega|p2b: Froslass|Froslass|Froslassite\n|-weather|Snowscape|[from] ability: Snow Warning|[of] p2b: Froslass\n|move|p1a: Charizard|Protect||[still]\n|-fail|p1a: Charizard\n|move|p2b: Froslass|Blizzard|p1a: Charizard|[spread] p1a,p1b\n|-resisted|p1b: Basculegion|1\n|-damage|p1a: Charizard|0 fnt\n|-damage|p1b: Basculegion|74/100\n|faint|p1a: Charizard\n|cant|p2a: Garchomp|slp\n|\n|-weather|Snowscape|[upkeep]\n|upkeep\n|\n|t:|1776059587\n|switch|p1a: Venusaur|Venusaur, L50, M|76/100\n|turn|4\n|\n|t:|1776059603\n|move|p1b: Basculegion|Last Respects|p2b: Froslass\n|-supereffective|p2b: Froslass|1\n|-damage|p2b: Froslass|0 fnt\n|faint|p2b: Froslass\n|cant|p2a: Garchomp|slp\n|move|p1a: Venusaur|Energy Ball|p2a: Garchomp\n|-damage|p2a: Garchomp|55/100 slp\n|\n|-weather|Snowscape|[upkeep]\n|upkeep\n|\n|t:|1776059614\n|switch|p2b: Orthworm|Orthworm, L50, M|100/100\n|turn|5\n|inactive|SuperDOLEK has 30 seconds left.\n|\n|t:|1776059640\n|move|p1b: Basculegion|Last Respects|p2a: Garchomp\n|-damage|p2a: Garchomp|0 fnt\n|faint|p2a: Garchomp\n|move|p1a: Venusaur|Sleep Powder|p2b: Orthworm\n|-status|p2b: Orthworm|slp|[from] move: Sleep Powder\n|cant|p2b: Orthworm|slp\n|\n|-weather|Snowscape|[upkeep]\n|upkeep\n|\n|t:|1776059650\n|switch|p2a: Milotic|Milotic, L50, F|27/100\n|turn|6\n|\n|t:|1776059664\n|move|p1b: Basculegion|Last Respects|p2b: Orthworm\n|-damage|p2b: Orthworm|30/100 slp\n|-enditem|p2b: Orthworm|Sitrus Berry|[eat]\n|-heal|p2b: Orthworm|55/100 slp|[from] item: Sitrus Berry\n|move|p2a: Milotic|Blizzard|p1b: Basculegion|[spread] p1a,p1b\n|-supereffective|p1a: Venusaur|1\n|-resisted|p1b: Basculegion|1\n|-damage|p1a: Venusaur|23/100\n|-damage|p1b: Basculegion|61/100\n|move|p1a: Venusaur|Energy Ball|p2b: Orthworm\n|-resisted|p2b: Orthworm|1\n|-damage|p2b: Orthworm|21/100 slp\n|-curestatus|p2b: Orthworm|slp|[msg]\n|move|p2b: Orthworm|Heavy Slam|p1a: Venusaur\n|-damage|p1a: Venusaur|0 fnt\n|faint|p1a: Venusaur\n|\n|-weather|Snowscape|[upkeep]\n|upkeep\n|turn|7\n|inactive|SuperDOLEK has 30 seconds left.\n|\n|t:|1776059689\n|move|p1b: Basculegion|Last Respects|p2a: Milotic\n|-damage|p2a: Milotic|0 fnt\n|faint|p2a: Milotic\n|move|p2b: Orthworm|Heavy Slam|p1b: Basculegion\n|-resisted|p1b: Basculegion|1\n|-damage|p1b: Basculegion|49/100\n|\n|-weather|none\n|upkeep\n|turn|8\n|\n|t:|1776059698\n|move|p2b: Orthworm|Protect|p2b: Orthworm\n|-singleturn|p2b: Orthworm|Protect\n|move|p1b: Basculegion|Last Respects|p2b: Orthworm\n|-activate|p2b: Orthworm|move: Protect\n|\n|upkeep\n|turn|9\n|\n|t:|1776059710\n|move|p1b: Basculegion|Last Respects|p2b: Orthworm\n|-damage|p2b: Orthworm|0 fnt\n|faint|p2b: Orthworm\n|\n|win|aggsapphire\n|raw|aggsapphire's rating: 1130 &rarr; <strong>1153</strong><br />(+23 for winning)\n|raw|SuperDOLEK's rating: 1109 &rarr; <strong>1086</strong><br />(-23 for losing)\n|l|\u2606SuperDOLEK\n|player|p2|\n",
  "uploadtime": 1776059727,
  "views": 13,
  "formatid": "gen9championsvgc2026regma",
  "rating": 1086,
  "private": 0,
  "password": null
}