{
  "id": "gen9championsvgc2026regma-2584217156",
  "format": "[Gen 9 Champions] VGC 2026 Reg M-A",
  "players": [
    "alkchm",
    "CrushforceX"
  ],
  "log": "|j|\u2606alkchm\n|j|\u2606CrushforceX\n|t:|1776239407\n|gametype|doubles\n|player|p1|alkchm|169|1000\n|player|p2|CrushforceX|psychic|1005\n|gen|9\n|tier|[Gen 9 Champions] VGC 2026 Reg M-A\n|rated|\n|rule|Species Clause: Limit one of each Pok\u00e9mon\n|rule|Item Clause: Limit 1 of each item\n|clearpoke\n|poke|p1|Incineroar, L50, M|\n|poke|p1|Tyranitar, L50, M|\n|poke|p1|Garchomp, L50, F|\n|poke|p1|Kingambit, L50, M|\n|poke|p1|Gengar, L50, M|\n|poke|p1|Empoleon, L50, F|\n|poke|p2|Excadrill, L50, M|\n|poke|p2|Tyranitar, L50, M|\n|poke|p2|Mamoswine, L50, F|\n|poke|p2|Gyarados, L50, F|\n|poke|p2|Sinistcha, L50|\n|poke|p2|Farigiraf, L50, M|\n|teampreview|4\n|inactive|Battle timer is ON: inactive players will automatically lose when time's up. (requested by CrushforceX)\n|inactive|CrushforceX has 60 seconds left.\n|inactive|CrushforceX has 30 seconds left.\n|\n|t:|1776239474\n|teamsize|p1|4\n|teamsize|p2|4\n|start\n|switch|p1a: Incineroar|Incineroar, L50, M|100/100\n|switch|p1b: Empoleon|Empoleon, L50, F|100/100\n|switch|p2a: Mamoswine|Mamoswine, L50, F|100/100\n|switch|p2b: Excadrill|Excadrill, L50, M|100/100\n|-ability|p1a: Incineroar|Intimidate|boost\n|-fail|p2a: Mamoswine|unboost|Attack|[from] ability: Oblivious|[of] p2a: Mamoswine\n|-unboost|p2b: Excadrill|atk|1\n|turn|1\n|inactive|alkchm has 30 seconds left.\n|inactive|CrushforceX has 30 seconds left.\n|inactive|alkchm has 20 seconds left.\n|inactive|CrushforceX has 20 seconds left.\n|inactive|alkchm has 15 seconds left.\n|inactive|CrushforceX has 15 seconds left.\n|inactive|alkchm has 10 seconds left.\n|inactive|CrushforceX has 10 seconds left.\n|inactive|alkchm has 5 seconds left.\n|\n|t:|1776239526\n|move|p2a: Mamoswine|High Horsepower|p1a: Incineroar\n|-supereffective|p1a: Incineroar|1\n|-damage|p1a: Incineroar|0 fnt\n|faint|p1a: Incineroar\n|move|p2b: Excadrill|Earthquake|p1b: Empoleon|[spread] p2a,p1b\n|-supereffective|p1b: Empoleon|1\n|-damage|p2a: Mamoswine|72/100\n|-damage|p1b: Empoleon|43/100\n|move|p1b: Empoleon|Hydro Pump|p2a: Mamoswine\n|-supereffective|p2a: Mamoswine|1\n|-damage|p2a: Mamoswine|0 fnt\n|faint|p2a: Mamoswine\n|\n|-heal|p1b: Empoleon|49/100|[from] item: Leftovers\n|upkeep\n|\n|t:|1776239541\n|switch|p2a: Tyranitar|Tyranitar, L50, M|100/100\n|switch|p1a: Kingambit|Kingambit, L50, M|100/100\n|-weather|Sandstorm|[from] ability: Sand Stream|[of] p2a: Tyranitar\n|turn|2\n|inactive|CrushforceX has 30 seconds left.\n|\n|t:|1776239574\n|switch|p1b: Garchomp|Garchomp, L50, F|100/100\n|move|p1a: Kingambit|Protect|p1a: Kingambit\n|-singleturn|p1a: Kingambit|Protect\n|move|p2b: Excadrill|Earthquake|p1b: Garchomp|[spread] p2a,p1b\n|-activate|p1a: Kingambit|move: Protect\n|-supereffective|p2a: Tyranitar|1\n|-damage|p2a: Tyranitar|62/100\n|-damage|p1b: Garchomp|72/100\n|move|p2a: Tyranitar|Low Kick|p1a: Kingambit\n|-activate|p1a: Kingambit|move: Protect\n|\n|-weather|Sandstorm|[upkeep]\n|upkeep\n|turn|3\n|inactive|alkchm has 30 seconds left.\n|\n|t:|1776239608\n|switch|p2b: Sinistcha|Sinistcha, L50|100/100\n|-heal|p2a: Tyranitar|86/100|[from] ability: Hospitality|[of] p2b: Sinistcha\n|switch|p1a: Empoleon|Empoleon, L50, F|49/100\n|move|p2a: Tyranitar|Protect|p2a: Tyranitar\n|-singleturn|p2a: Tyranitar|Protect\n|move|p1b: Garchomp|Swords Dance|p1b: Garchomp\n|-boost|p1b: Garchomp|atk|2\n|\n|-weather|Sandstorm|[upkeep]\n|-damage|p2b: Sinistcha|94/100|[from] Sandstorm\n|-heal|p1a: Empoleon|54/100|[from] item: Leftovers\n|upkeep\n|turn|4\n|inactive|CrushforceX has 30 seconds left.\n|inactive|CrushforceX has 20 seconds left.\n|inactive|CrushforceX has 15 seconds left.\n|inactive|CrushforceX has 10 seconds left.\n|inactive|CrushforceX has 5 seconds left.\n|\n|t:|1776239660\n|detailschange|p1b: Garchomp|Garchomp-Mega, L50, F\n|-mega|p1b: Garchomp|Garchomp|Garchompite\n|detailschange|p2a: Tyranitar|Tyranitar-Mega, L50, M\n|-mega|p2a: Tyranitar|Tyranitar|Tyranitarite\n|move|p2b: Sinistcha|Rage Powder|p2b: Sinistcha\n|-singleturn|p2b: Sinistcha|move: Rage Powder\n|move|p1b: Garchomp|Rock Slide|p2a: Tyranitar|[spread] p2a,p2b\n|-damage|p2a: Tyranitar|48/100\n|-damage|p2b: Sinistcha|52/100\n|cant|p2a: Tyranitar|flinch\n|move|p1a: Empoleon|Icy Wind|p2b: Sinistcha|[spread] p2a,p2b\n|-supereffective|p2b: Sinistcha|1\n|-damage|p2a: Tyranitar|43/100\n|-damage|p2b: Sinistcha|25/100\n|-unboost|p2a: Tyranitar|spe|1\n|-unboost|p2b: Sinistcha|spe|1\n|\n|-weather|Sandstorm|[upkeep]\n|-damage|p2b: Sinistcha|18/100|[from] Sandstorm\n|-heal|p1a: Empoleon|60/100|[from] item: Leftovers\n|upkeep\n|turn|5\n|inactive|CrushforceX has 30 seconds left.\n|\n|t:|1776239691\n|move|p1a: Empoleon|Protect|p1a: Empoleon\n|-singleturn|p1a: Empoleon|Protect\n|move|p1b: Garchomp|Earthquake|p2b: Sinistcha|[spread] p2a,p2b\n|-activate|p1a: Empoleon|move: Protect\n|-supereffective|p2a: Tyranitar|1\n|-resisted|p2b: Sinistcha|1\n|-damage|p2a: Tyranitar|0 fnt\n|-damage|p2b: Sinistcha|0 fnt\n|faint|p2a: Tyranitar\n|faint|p2b: Sinistcha\n|\n|-weather|Sandstorm|[upkeep]\n|-heal|p1a: Empoleon|66/100|[from] item: Leftovers\n|upkeep\n|\n|t:|1776239700\n|switch|p2a: Excadrill|Excadrill, L50, M|100/100\n|turn|6\n|\n|t:|1776239708\n|move|p2a: Excadrill|Earthquake|p1b: Garchomp|[spread] p1a,p1b\n|-supereffective|p1a: Empoleon|1\n|-damage|p1a: Empoleon|0 fnt\n|-damage|p1b: Garchomp|38/100\n|faint|p1a: Empoleon\n|move|p1b: Garchomp|Rock Slide|p2a: Excadrill\n|-resisted|p2a: Excadrill|2\n|-damage|p2a: Excadrill|71/100\n|\n|-weather|none\n|upkeep\n|\n|t:|1776239717\n|switch|p1a: Kingambit|Kingambit, L50, M|100/100\n|turn|7\n|\n|t:|1776239736\n|move|p1a: Kingambit|Protect|p1a: Kingambit\n|-singleturn|p1a: Kingambit|Protect\n|move|p1b: Garchomp|Earthquake|p2a: Excadrill|[spread] p2a\n|-activate|p1a: Kingambit|move: Protect\n|-supereffective|p2a: Excadrill|1\n|-damage|p2a: Excadrill|0 fnt\n|faint|p2a: Excadrill\n|\n|win|alkchm\n|raw|alkchm's rating: 1000 &rarr; <strong>1041</strong><br />(+41 for winning)\n|raw|CrushforceX's rating: 1005 &rarr; <strong>1000</strong><br />(-5 for losing)\n|l|\u2606CrushforceX\n|player|p2|\n",
  "uploadtime": 1776239752,
  "views": 22,
  "formatid": "gen9championsvgc2026regma",
  "rating": 1000,
  "private": 0,
  "password": null
}