{
  "id": "gen9championsvgc2026regma-2587791183",
  "format": "[Gen 9 Champions] VGC 2026 Reg M-A",
  "players": [
    "Sparrow's Grace",
    "Twishts"
  ],
  "log": "|j|\u2606Sparrow's Grace\n|j|\u2606Twishts\n|t:|1776564364\n|gametype|doubles\n|player|p1|Sparrow's Grace|miku-flying|1434\n|player|p2|Twishts|policeman-gen4|1419\n|gen|9\n|tier|[Gen 9 Champions] VGC 2026 Reg M-A\n|rated|\n|rule|Species Clause: Limit one of each Pok\u00e9mon\n|rule|Item Clause: Limit 1 of each item\n|clearpoke\n|poke|p1|Pelipper, L50, F|\n|poke|p1|Basculegion, L50, M, shiny|\n|poke|p1|Archaludon, L50, M|\n|poke|p1|Sneasler, L50, M|\n|poke|p1|Sinistcha, L50|\n|poke|p1|Floette-Eternal, L50, F|\n|poke|p2|Aerodactyl, L50, F|\n|poke|p2|Garchomp, L50, M|\n|poke|p2|Milotic, L50, F|\n|poke|p2|Floette-Eternal, L50, F|\n|poke|p2|Incineroar, L50, F|\n|poke|p2|Scizor, L50, M|\n|teampreview|4\n|\n|t:|1776564379\n|teamsize|p1|4\n|teamsize|p2|4\n|start\n|switch|p1a: Basculegion|Basculegion, L50, M, shiny|100/100\n|switch|p1b: Sneasler|Sneasler, L50, M|100/100\n|switch|p2a: Aerodactyl|Aerodactyl, L50, F|100/100\n|switch|p2b: Garchomp|Garchomp, L50, M|100/100\n|-ability|p2a: Aerodactyl|Unnerve\n|turn|1\n|\n|t:|1776564398\n|move|p2a: Aerodactyl|Protect|p2a: Aerodactyl\n|-singleturn|p2a: Aerodactyl|Protect\n|move|p2b: Garchomp|Protect|p2b: Garchomp\n|-singleturn|p2b: Garchomp|Protect\n|move|p1b: Sneasler|Fake Out|p2a: Aerodactyl\n|-activate|p2a: Aerodactyl|move: Protect\n|move|p1a: Basculegion|Wave Crash|p2b: Garchomp\n|-activate|p2b: Garchomp|move: Protect\n|\n|upkeep\n|turn|2\n|\n|t:|1776564413\n|switch|p1b: Sinistcha|Sinistcha, L50|100/100\n|move|p1a: Basculegion|Wave Crash|p2b: Garchomp\n|-damage|p2b: Garchomp|25/100\n|-damage|p1a: Basculegion|88/100|[from] ability: Rough Skin|[of] p2b: Garchomp\n|-damage|p1a: Basculegion|65/100|[from] Recoil\n|move|p2a: Aerodactyl|Rock Slide|p1a: Basculegion|[spread] p1a,p1b\n|-damage|p1a: Basculegion|32/100\n|-damage|p1b: Sinistcha|82/100\n|move|p2b: Garchomp|Earthquake|p1b: Sinistcha|[spread] p1a,p1b\n|-immune|p2a: Aerodactyl\n|-resisted|p1b: Sinistcha|1\n|-damage|p1a: Basculegion|0 fnt\n|-damage|p1b: Sinistcha|67/100\n|faint|p1a: Basculegion\n|\n|upkeep\n|inactive|Battle timer is ON: inactive players will automatically lose when time's up. (requested by Twishts)\n|\n|t:|1776564433\n|switch|p1a: Floette|Floette-Eternal, L50, F|100/100\n|turn|3\n|\n|t:|1776564448\n|detailschange|p1a: Floette|Floette-Mega, L50, F\n|-mega|p1a: Floette|Floette|Floettite\n|-ability|p1a: Floette|Fairy Aura\n|move|p1a: Floette|Protect|p1a: Floette\n|-singleturn|p1a: Floette|Protect\n|move|p2a: Aerodactyl|Tailwind|p2a: Aerodactyl\n|-sidestart|p2: Twishts|move: Tailwind\n|move|p2b: Garchomp|Earthquake|p1b: Sinistcha|[spread] p1b\n|-activate|p1a: Floette|move: Protect\n|-immune|p2a: Aerodactyl\n|-resisted|p1b: Sinistcha|1\n|-damage|p1b: Sinistcha|53/100\n|move|p1b: Sinistcha|Trick Room|p1b: Sinistcha\n|-fieldstart|move: Trick Room|[of] p1b: Sinistcha\n|\n|upkeep\n|turn|4\n|\n|t:|1776564467\n|move|p2a: Aerodactyl|Protect|p2a: Aerodactyl\n|-singleturn|p2a: Aerodactyl|Protect\n|move|p1b: Sinistcha|Matcha Gotcha|p2a: Aerodactyl|[spread] p2b\n|-activate|p2a: Aerodactyl|move: Protect\n|-damage|p2b: Garchomp|0 fnt\n|-heal|p1b: Sinistcha|66/100|[from] drain|[of] p2b: Garchomp\n|faint|p2b: Garchomp\n|move|p1a: Floette|Moonblast|p2a: Aerodactyl\n|-activate|p2a: Aerodactyl|move: Protect\n|\n|upkeep\n|\n|t:|1776564483\n|switch|p2b: Incineroar|Incineroar, L50, F|100/100\n|-ability|p2b: Incineroar|Intimidate|boost\n|-unboost|p1a: Floette|atk|1\n|-unboost|p1b: Sinistcha|atk|1\n|turn|5\n|\n|t:|1776564491\n|move|p2b: Incineroar|Fake Out|p1a: Floette\n|-damage|p1a: Floette|89/100\n|move|p1b: Sinistcha|Matcha Gotcha|p2a: Aerodactyl|[spread] p2a,p2b\n|-resisted|p2b: Incineroar|1\n|-damage|p2a: Aerodactyl|66/100\n|-heal|p1b: Sinistcha|81/100|[from] drain|[of] p2a: Aerodactyl\n|-damage|p2b: Incineroar|91/100\n|-heal|p1b: Sinistcha|87/100|[from] drain|[of] p2b: Incineroar\n|cant|p1a: Floette|flinch\n|move|p2a: Aerodactyl|Dual Wingbeat|p1b: Sinistcha\n|-supereffective|p1b: Sinistcha|1\n|-damage|p1b: Sinistcha|62/100\n|-supereffective|p1b: Sinistcha|1\n|-damage|p1b: Sinistcha|34/100\n|-hitcount|p1b: Sinistcha|2\n|\n|upkeep\n|turn|6\n|\n|t:|1776564513\n|move|p2a: Aerodactyl|Protect|p2a: Aerodactyl\n|-singleturn|p2a: Aerodactyl|Protect\n|move|p1b: Sinistcha|Matcha Gotcha|p2b: Incineroar|[spread] \n|-activate|p2a: Aerodactyl|move: Protect\n|-miss|p1b: Sinistcha|p2b: Incineroar\n|move|p1a: Floette|Moonblast|p2b: Incineroar\n|-damage|p2b: Incineroar|39/100\n|-unboost|p2b: Incineroar|spa|1\n|-enditem|p2b: Incineroar|Sitrus Berry|[eat]\n|-heal|p2b: Incineroar|64/100|[from] item: Sitrus Berry\n|move|p2b: Incineroar|Parting Shot|p1a: Floette\n|-unboost|p1a: Floette|atk|1\n|-unboost|p1a: Floette|spa|1\n|\n|t:|1776564527\n|switch|p2b: Floette|Floette-Eternal, L50, F|100/100|[from] Parting Shot\n|\n|-sideend|p2: Twishts|move: Tailwind\n|upkeep\n|turn|7\n|\n|t:|1776564538\n|detailschange|p2b: Floette|Floette-Mega, L50, F\n|-mega|p2b: Floette|Floette|Floettite\n|-ability|p2b: Floette|Fairy Aura\n|move|p1b: Sinistcha|Matcha Gotcha|p2a: Aerodactyl|[spread] p2b\n|-miss|p1b: Sinistcha|p2a: Aerodactyl\n|-damage|p2b: Floette|83/100\n|-heal|p1b: Sinistcha|43/100|[from] drain|[of] p2b: Floette\n|-status|p2b: Floette|brn\n|move|p1a: Floette|Dazzling Gleam|p2a: Aerodactyl|[spread] p2a,p2b\n|-damage|p2a: Aerodactyl|23/100\n|-damage|p2b: Floette|62/100 brn\n|move|p2b: Floette|Calm Mind|p2b: Floette\n|-boost|p2b: Floette|spa|1\n|-boost|p2b: Floette|spd|1\n|move|p2a: Aerodactyl|Tailwind|p2a: Aerodactyl\n|-sidestart|p2: Twishts|move: Tailwind\n|\n|-damage|p2b: Floette|56/100 brn|[from] brn\n|-fieldend|move: Trick Room\n|upkeep\n|turn|8\n|\n|t:|1776564563\n|move|p1b: Sinistcha|Rage Powder|p1b: Sinistcha\n|-singleturn|p1b: Sinistcha|move: Rage Powder\n|move|p2a: Aerodactyl|Rock Slide|p1b: Sinistcha|[spread] p1a,p1b\n|-damage|p1a: Floette|64/100\n|-damage|p1b: Sinistcha|27/100\n|move|p2b: Floette|Dazzling Gleam|p1a: Floette|[spread] p1a,p1b\n|-damage|p1a: Floette|13/100\n|-damage|p1b: Sinistcha|0 fnt\n|faint|p1b: Sinistcha\n|move|p1a: Floette|Dazzling Gleam|p2b: Floette|[spread] p2a,p2b\n|-damage|p2a: Aerodactyl|0 fnt\n|-damage|p2b: Floette|42/100 brn\n|faint|p2a: Aerodactyl\n|\n|-damage|p2b: Floette|36/100 brn|[from] brn\n|upkeep\n|\n|t:|1776564576\n|switch|p2a: Incineroar|Incineroar, L50, F|64/100\n|switch|p1b: Sneasler|Sneasler, L50, M|100/100\n|-ability|p2a: Incineroar|Intimidate|boost\n|-unboost|p1a: Floette|atk|1\n|-unboost|p1b: Sneasler|atk|1\n|-enditem|p1b: Sneasler|White Herb\n|-clearnegativeboost|p1b: Sneasler|[silent]\n|turn|9\n|inactive|Sparrow's Grace has 30 seconds left.\n|c|\u2606Twishts|gg\n|\n|t:|1776564610\n|move|p2a: Incineroar|Fake Out|p1b: Sneasler\n|-damage|p1b: Sneasler|81/100\n|cant|p1b: Sneasler|flinch\n|move|p2b: Floette|Dazzling Gleam|p1a: Floette|[spread] p1a,p1b\n|-damage|p1a: Floette|0 fnt\n|-damage|p1b: Sneasler|0 fnt\n|faint|p1a: Floette\n|faint|p1b: Sneasler\n|\n|win|Twishts\n|raw|Sparrow&apos;s Grace's rating: 1434 &rarr; <strong>1413</strong><br />(-21 for losing)\n|raw|Twishts's rating: 1419 &rarr; <strong>1440</strong><br />(+21 for winning)\n|l|\u2606Sparrow's Grace\n|player|p1|\n",
  "uploadtime": 1776564620,
  "views": 17,
  "formatid": "gen9championsvgc2026regma",
  "rating": 1413,
  "private": 0,
  "password": null
}