{
  "id": "gen9championsvgc2026regma-2588635056",
  "format": "[Gen 9 Champions] VGC 2026 Reg M-A",
  "players": [
    "ChampionsmatchVGC",
    "navinsachump"
  ],
  "log": "|j|\u2606ChampionsmatchVGC\n|j|\u2606navinsachump\n|t:|1776652285\n|gametype|doubles\n|player|p1|ChampionsmatchVGC|265|1657\n|player|p2|navinsachump|smasher|1562\n|gen|9\n|tier|[Gen 9 Champions] VGC 2026 Reg M-A\n|rated|\n|rule|Species Clause: Limit one of each Pok\u00e9mon\n|rule|Item Clause: Limit 1 of each item\n|clearpoke\n|poke|p1|Garchomp, L50, F|\n|poke|p1|Floette-Eternal, L50, F|\n|poke|p1|Kingambit, L50, M|\n|poke|p1|Rotom-Wash, L50|\n|poke|p1|Corviknight, L50, F|\n|poke|p1|Delphox, L50, M|\n|poke|p2|Charizard, L50, M|\n|poke|p2|Sneasler, L50, F|\n|poke|p2|Basculegion, L50, M|\n|poke|p2|Garchomp, L50, F|\n|poke|p2|Incineroar, L50, F|\n|poke|p2|Venusaur, L50, M|\n|teampreview|4\n|inactive|Battle timer is ON: inactive players will automatically lose when time's up. (requested by navinsachump)\n|\n|t:|1776652320\n|teamsize|p1|4\n|teamsize|p2|4\n|start\n|switch|p1a: Delphox|Delphox, L50, M|100/100\n|switch|p1b: Garchomp|Garchomp, L50, F|100/100\n|switch|p2a: Sneasler|Sneasler, L50, F|100/100\n|switch|p2b: Basculegion|Basculegion, L50, M|100/100\n|turn|1\n|inactive|navinsachump has 30 seconds left.\n|\n|t:|1776652351\n|detailschange|p1a: Delphox|Delphox-Mega, L50, M\n|-mega|p1a: Delphox|Delphox|Delphoxite\n|move|p1a: Delphox|Protect|p1a: Delphox\n|-singleturn|p1a: Delphox|Protect\n|move|p1b: Garchomp|Protect|p1b: Garchomp\n|-singleturn|p1b: Garchomp|Protect\n|move|p2b: Basculegion|Flip Turn|p1b: Garchomp\n|-activate|p1b: Garchomp|move: Protect\n|move|p2a: Sneasler|Rock Slide|p1a: Delphox|[spread] \n|-activate|p1a: Delphox|move: Protect\n|-activate|p1b: Garchomp|move: Protect\n|\n|upkeep\n|turn|2\n|\n|t:|1776652368\n|switch|p1a: Corviknight|Corviknight, L50, F|100/100\n|move|p2a: Sneasler|Protect|p2a: Sneasler\n|-singleturn|p2a: Sneasler|Protect\n|move|p2b: Basculegion|Flip Turn|p1a: Corviknight\n|-damage|p1a: Corviknight|68/100\n|\n|t:|1776652373\n|switch|p2b: Charizard|Charizard, L50, M|100/100|[from] Flip Turn\n|move|p1b: Garchomp|Earthquake|p2a: Sneasler|[spread] \n|-activate|p2a: Sneasler|move: Protect\n|-immune|p1a: Corviknight\n|-immune|p2b: Charizard\n|\n|-heal|p1a: Corviknight|74/100|[from] item: Leftovers\n|upkeep\n|turn|3\n|\n|t:|1776652393\n|switch|p1a: Delphox|Delphox-Mega, L50, M|100/100\n|detailschange|p2b: Charizard|Charizard-Mega-Y, L50, M\n|-mega|p2b: Charizard|Charizard|Charizardite Y\n|-weather|SunnyDay|[from] ability: Drought|[of] p2b: Charizard\n|move|p2b: Charizard|Protect|p2b: Charizard\n|-singleturn|p2b: Charizard|Protect\n|move|p2a: Sneasler|Close Combat|p1b: Garchomp\n|-damage|p1b: Garchomp|38/100\n|-unboost|p2a: Sneasler|def|1\n|-unboost|p2a: Sneasler|spd|1\n|-damage|p2a: Sneasler|88/100|[from] ability: Rough Skin|[of] p1b: Garchomp\n|-enditem|p2a: Sneasler|White Herb\n|-clearnegativeboost|p2a: Sneasler|[silent]\n|move|p1b: Garchomp|Rock Slide|p2a: Sneasler|[spread] p2a\n|-activate|p2b: Charizard|move: Protect\n|-resisted|p2a: Sneasler|1\n|-damage|p2a: Sneasler|72/100\n|\n|-weather|SunnyDay|[upkeep]\n|upkeep\n|turn|4\n|inactive|ChampionsmatchVGC has 30 seconds left.\n|inactive|navinsachump has 30 seconds left.\n|\n|t:|1776652422\n|move|p2a: Sneasler|Close Combat|p1b: Garchomp\n|-damage|p1b: Garchomp|0 fnt\n|-unboost|p2a: Sneasler|def|1\n|-unboost|p2a: Sneasler|spd|1\n|-damage|p2a: Sneasler|59/100|[from] ability: Rough Skin|[of] p1b: Garchomp\n|faint|p1b: Garchomp\n|move|p1a: Delphox|Heat Wave|p2b: Charizard|[spread] p2a,p2b\n|-resisted|p2b: Charizard|1\n|-damage|p2a: Sneasler|0 fnt\n|-damage|p2b: Charizard|67/100\n|faint|p2a: Sneasler\n|move|p2b: Charizard|Air Slash|p1a: Delphox\n|-damage|p1a: Delphox|56/100\n|\n|-weather|SunnyDay|[upkeep]\n|upkeep\n|\n|t:|1776652437\n|switch|p2a: Garchomp|Garchomp, L50, F|100/100\n|switch|p1b: Kingambit|Kingambit, L50, M|100/100\n|turn|5\n|inactive|ChampionsmatchVGC has 30 seconds left.\n|\n|t:|1776652465\n|move|p1b: Kingambit|Protect|p1b: Kingambit\n|-singleturn|p1b: Kingambit|Protect\n|move|p1a: Delphox|Psychic|p2b: Charizard\n|-damage|p2b: Charizard|11/100\n|move|p2a: Garchomp|Earthquake|p1b: Kingambit|[spread] \n|-activate|p1b: Kingambit|move: Protect\n|-immune|p2b: Charizard\n|-immune|p1a: Delphox|[from] ability: Levitate\n|move|p2b: Charizard|Heat Wave|p1b: Kingambit|[spread] p1a\n|-activate|p1b: Kingambit|move: Protect\n|-resisted|p1a: Delphox|1\n|-damage|p1a: Delphox|25/100\n|\n|-weather|SunnyDay|[upkeep]\n|upkeep\n|turn|6\n|\n|t:|1776652489\n|switch|p1b: Corviknight|Corviknight, L50, F|74/100\n|move|p2b: Charizard|Protect|p2b: Charizard\n|-singleturn|p2b: Charizard|Protect\n|move|p1a: Delphox|Psychic|p2a: Garchomp\n|-damage|p2a: Garchomp|54/100\n|move|p2a: Garchomp|Earthquake|p1a: Delphox|[spread] \n|-activate|p2b: Charizard|move: Protect\n|-immune|p1a: Delphox|[from] ability: Levitate\n|-immune|p1b: Corviknight\n|\n|-weather|SunnyDay|[upkeep]\n|-heal|p1b: Corviknight|80/100|[from] item: Leftovers\n|upkeep\n|turn|7\n|\n|t:|1776652507\n|switch|p2b: Basculegion|Basculegion, L50, M|100/100\n|move|p1a: Delphox|Heat Wave|p2a: Garchomp|[spread] p2a,p2b\n|-resisted|p2a: Garchomp|1\n|-resisted|p2b: Basculegion|1\n|-damage|p2a: Garchomp|21/100\n|-damage|p2b: Basculegion|64/100\n|move|p2a: Garchomp|Rock Slide|p1a: Delphox|[spread] p1a,p1b\n|-supereffective|p1a: Delphox|1\n|-damage|p1a: Delphox|0 fnt\n|-damage|p1b: Corviknight|64/100\n|faint|p1a: Delphox\n|cant|p1b: Corviknight|flinch\n|\n|-weather|none\n|-heal|p1b: Corviknight|70/100|[from] item: Leftovers\n|upkeep\n|\n|t:|1776652513\n|switch|p1a: Kingambit|Kingambit, L50, M|100/100\n|turn|8\n|inactive|navinsachump has 30 seconds left.\n|\n|t:|1776652542\n|move|p2b: Basculegion|Aqua Jet|p1a: Kingambit\n|-damage|p1a: Kingambit|82/100\n|move|p1a: Kingambit|Sucker Punch|p2a: Garchomp\n|-damage|p2a: Garchomp|0 fnt\n|-damage|p1a: Kingambit|69/100|[from] ability: Rough Skin|[of] p2a: Garchomp\n|faint|p2a: Garchomp\n|move|p1b: Corviknight|Brave Bird|p2b: Basculegion\n|-damage|p2b: Basculegion|8/100\n|-damage|p1b: Corviknight|52/100|[from] Recoil\n|\n|-heal|p1b: Corviknight|58/100|[from] item: Leftovers\n|upkeep\n|\n|t:|1776652546\n|switch|p2a: Charizard|Charizard-Mega-Y, L50, M|11/100\n|-weather|SunnyDay|[from] ability: Drought|[of] p2a: Charizard\n|turn|9\n|\n|t:|1776652558\n|move|p2b: Basculegion|Aqua Jet|p1a: Kingambit\n|-damage|p1a: Kingambit|60/100\n|move|p1a: Kingambit|Sucker Punch|p2a: Charizard\n|-damage|p2a: Charizard|0 fnt\n|faint|p2a: Charizard\n|move|p1b: Corviknight|Brave Bird|p2b: Basculegion\n|-damage|p2b: Basculegion|0 fnt\n|faint|p2b: Basculegion\n|-damage|p1b: Corviknight|55/100|[from] Recoil\n|\n|win|ChampionsmatchVGC\n|raw|ChampionsmatchVGC's rating: 1657 &rarr; <strong>1672</strong><br />(+15 for winning)\n|raw|navinsachump's rating: 1562 &rarr; <strong>1547</strong><br />(-15 for losing)\n|l|\u2606navinsachump\n|player|p2|\n|l|\u2606ChampionsmatchVGC\n|player|p1|\n",
  "uploadtime": 1776653049,
  "views": 7,
  "formatid": "gen9championsvgc2026regma",
  "rating": 1547,
  "private": 0,
  "password": null
}