{
  "id": "gen9championsvgc2026regma-2584877858",
  "format": "[Gen 9 Champions] VGC 2026 Reg M-A",
  "players": [
    "LeaderSilva",
    "VgcQuin"
  ],
  "log": "|j|\u2606LeaderSilva\n|j|\u2606VgcQuin\n|t:|1776290853\n|gametype|doubles\n|player|p1|LeaderSilva|preschooler|1095\n|player|p2|VgcQuin|youngcouple-gen4dp|1065\n|gen|9\n|tier|[Gen 9 Champions] VGC 2026 Reg M-A\n|rated|\n|rule|Species Clause: Limit one of each Pok\u00e9mon\n|rule|Item Clause: Limit 1 of each item\n|clearpoke\n|poke|p1|Lopunny, L50, F|\n|poke|p1|Meganium, L50, M|\n|poke|p1|Sableye, L50, F|\n|poke|p1|Milotic, L50, M|\n|poke|p1|Pelipper, L50, F|\n|poke|p1|Basculegion, L50, M|\n|poke|p2|Pinsir, L50, F|\n|poke|p2|Rotom-Heat, L50|\n|poke|p2|Sneasler, L50, F|\n|poke|p2|Kingambit, L50, F|\n|poke|p2|Garchomp, L50, F|\n|poke|p2|Basculegion, L50, M|\n|teampreview|4\n|inactive|Battle timer is ON: inactive players will automatically lose when time's up. (requested by VgcQuin)\n|\n|t:|1776290886\n|teamsize|p1|4\n|teamsize|p2|4\n|start\n|switch|p1a: Meganium|Meganium, L50, M|100/100\n|switch|p1b: Pelipper|Pelipper, L50, F|100/100\n|switch|p2a: Basculegion|Basculegion, L50, M|100/100\n|switch|p2b: Pinsir|Pinsir, L50, F|100/100\n|-weather|RainDance|[from] ability: Drizzle|[of] p1b: Pelipper\n|turn|1\n|inactive|VgcQuin has 30 seconds left.\n|\n|t:|1776290913\n|detailschange|p2b: Pinsir|Pinsir-Mega, L50, F\n|-mega|p2b: Pinsir|Pinsir|Pinsirite\n|detailschange|p1a: Meganium|Meganium-Mega, L50, M\n|-mega|p1a: Meganium|Meganium|Meganiumite\n|move|p2b: Pinsir|Protect|p2b: Pinsir\n|-singleturn|p2b: Pinsir|Protect\n|move|p2a: Basculegion|Flip Turn|p1b: Pelipper\n|-resisted|p1b: Pelipper|1\n|-damage|p1b: Pelipper|71/100\n|\n|t:|1776290920\n|switch|p2a: Rotom|Rotom-Heat, L50|100/100|[from] Flip Turn\n|move|p1a: Meganium|Weather Ball|p2b: Pinsir\n|-activate|p2b: Pinsir|move: Protect\n|move|p1b: Pelipper|Tailwind|p1b: Pelipper\n|-sidestart|p1: LeaderSilva|move: Tailwind\n|\n|-weather|RainDance|[upkeep]\n|-heal|p1b: Pelipper|77/100|[from] item: Leftovers\n|upkeep\n|turn|2\n|inactive|LeaderSilva has 30 seconds left.\n|\n|t:|1776290954\n|switch|p1b: Sableye|Sableye, L50, F|100/100\n|move|p1a: Meganium|Protect|p1a: Meganium\n|-singleturn|p1a: Meganium|Protect\n|move|p2b: Pinsir|Body Slam|p1a: Meganium\n|-activate|p1a: Meganium|move: Protect\n|move|p2a: Rotom|Electroweb|p1b: Sableye|[spread] p1b\n|-activate|p1a: Meganium|move: Protect\n|-damage|p1b: Sableye|78/100\n|-unboost|p1b: Sableye|spe|1\n|\n|-weather|RainDance|[upkeep]\n|upkeep\n|turn|3\n|\n|t:|1776290969\n|move|p1b: Sableye|Fake Out|p2a: Rotom\n|-damage|p2a: Rotom|92/100\n|move|p1a: Meganium|Weather Ball|p2b: Pinsir\n|-supereffective|p2b: Pinsir|1\n|-damage|p2b: Pinsir|0 fnt\n|faint|p2b: Pinsir\n|cant|p2a: Rotom|flinch\n|\n|-weather|RainDance|[upkeep]\n|upkeep\n|\n|t:|1776290977\n|switch|p2b: Garchomp|Garchomp, L50, F|100/100\n|turn|4\n|inactive|LeaderSilva has 30 seconds left.\n|\n|t:|1776291010\n|move|p1a: Meganium|Protect|p1a: Meganium\n|-singleturn|p1a: Meganium|Protect\n|move|p2b: Garchomp|Protect|p2b: Garchomp\n|-singleturn|p2b: Garchomp|Protect\n|move|p1b: Sableye|Gravity|p1b: Sableye\n|-fieldstart|move: Gravity\n|move|p2a: Rotom|Electroweb|p1b: Sableye|[spread] p1b\n|-activate|p1a: Meganium|move: Protect\n|-damage|p1b: Sableye|56/100\n|-unboost|p1b: Sableye|spe|1\n|\n|-weather|RainDance|[upkeep]\n|-sideend|p1: LeaderSilva|move: Tailwind\n|upkeep\n|turn|5\n|\n|t:|1776291034\n|switch|p1a: Pelipper|Pelipper, L50, F|77/100\n|move|p1b: Sableye|Encore|p2b: Garchomp\n|-start|p2b: Garchomp|Encore\n|move|p2b: Garchomp|Protect|p2b: Garchomp\n|-singleturn|p2b: Garchomp|Protect\n|move|p2a: Rotom|Volt Switch|p1b: Sableye\n|-damage|p1b: Sableye|14/100\n|\n|t:|1776291040\n|switch|p2a: Basculegion|Basculegion, L50, M|100/100|[from] Volt Switch\n|\n|-weather|none\n|-heal|p1a: Pelipper|83/100|[from] item: Leftovers\n|upkeep\n|turn|6\n|\n|t:|1776291053\n|switch|p2b: Rotom|Rotom-Heat, L50|92/100\n|move|p1b: Sableye|Quash|p2a: Basculegion\n|-activate|p2a: Basculegion|move: Quash\n|move|p1a: Pelipper|Tailwind|p1a: Pelipper\n|-sidestart|p1: LeaderSilva|move: Tailwind\n|move|p2a: Basculegion|Last Respects|p1a: Pelipper\n|-damage|p1a: Pelipper|20/100\n|\n|-heal|p1a: Pelipper|26/100|[from] item: Leftovers\n|upkeep\n|turn|7\n|\n|t:|1776291075\n|move|p1b: Sableye|Quash|p2a: Basculegion\n|-activate|p2a: Basculegion|move: Quash\n|move|p1a: Pelipper|Hurricane|p2a: Basculegion\n|-damage|p2a: Basculegion|55/100\n|move|p2b: Rotom|Electroweb|p1b: Sableye|[spread] p1a,p1b\n|-supereffective|p1a: Pelipper|2\n|-damage|p1a: Pelipper|0 fnt\n|-damage|p1b: Sableye|0 fnt\n|faint|p1a: Pelipper\n|faint|p1b: Sableye\n|move|p2a: Basculegion|Last Respects|p1: Pelipper|[notarget]\n|-fail|p2a: Basculegion\n|\n|upkeep\n|\n|t:|1776291081\n|switch|p1a: Milotic|Milotic, L50, M|100/100\n|switch|p1b: Meganium|Meganium-Mega, L50, M|100/100\n|turn|8\n|inactive|VgcQuin has 30 seconds left.\n|\n|t:|1776291113\n|move|p1a: Milotic|Hydro Pump|p2b: Rotom\n|-supereffective|p2b: Rotom|1\n|-damage|p2b: Rotom|0 fnt\n|faint|p2b: Rotom\n|move|p1b: Meganium|Solar Beam||[still]\n|-prepare|p1b: Meganium|Solar Beam\n|-activate|p1b: Meganium|ability: Mega Sol\n|-anim|p1b: Meganium|Solar Beam|p2a: Basculegion\n|-supereffective|p2a: Basculegion|1\n|-damage|p2a: Basculegion|0 fnt\n|faint|p2a: Basculegion\n|\n|-fieldend|move: Gravity\n|upkeep\n|\n|t:|1776291117\n|switch|p2b: Garchomp|Garchomp, L50, F|100/100\n|turn|9\n|\n|t:|1776291121\n|move|p2b: Garchomp|Protect|p2b: Garchomp\n|-singleturn|p2b: Garchomp|Protect\n|move|p1a: Milotic|Hydro Pump|p2b: Garchomp\n|-activate|p2b: Garchomp|move: Protect\n|move|p1b: Meganium|Dazzling Gleam|p2b: Garchomp\n|-activate|p2b: Garchomp|move: Protect\n|\n|-sideend|p1: LeaderSilva|move: Tailwind\n|upkeep\n|turn|10\n|\n|t:|1776291129\n|move|p1a: Milotic|Hydro Pump|p2b: Garchomp\n|-damage|p2b: Garchomp|43/100\n|move|p2b: Garchomp|Rock Slide|p1a: Milotic|[spread] p1a,p1b\n|-crit|p1b: Meganium\n|-damage|p1a: Milotic|75/100\n|-damage|p1b: Meganium|71/100\n|cant|p1b: Meganium|flinch\n|\n|upkeep\n|turn|11\n|-message|VgcQuin forfeited.\n|\n|win|LeaderSilva\n|raw|LeaderSilva's rating: 1095 &rarr; <strong>1119</strong><br />(+24 for winning)\n|raw|VgcQuin's rating: 1065 &rarr; <strong>1047</strong><br />(-18 for losing)\n|l|\u2606VgcQuin\n|player|p2|\n",
  "uploadtime": 1776291141,
  "views": 71,
  "formatid": "gen9championsvgc2026regma",
  "rating": 1047,
  "private": 0,
  "password": null
}