{
  "id": "gen9championsvgc2026regma-2587651674",
  "format": "[Gen 9 Champions] VGC 2026 Reg M-A",
  "players": [
    "FallenTurtlle",
    "silverland71429"
  ],
  "log": "|j|\u2606FallenTurtlle\n|j|\u2606silverland71429\n|t:|1776550534\n|gametype|doubles\n|player|p1|FallenTurtlle|serena|1282\n|player|p2|silverland71429|1|1356\n|gen|9\n|tier|[Gen 9 Champions] VGC 2026 Reg M-A\n|rated|\n|rule|Species Clause: Limit one of each Pok\u00e9mon\n|rule|Item Clause: Limit 1 of each item\n|clearpoke\n|poke|p1|Mamoswine, L50, F|\n|poke|p1|Aerodactyl, L50, M|\n|poke|p1|Incineroar, L50, M|\n|poke|p1|Meganium, L50, M, shiny|\n|poke|p1|Pelipper, L50, F|\n|poke|p1|Heliolisk, L50, M, shiny|\n|poke|p2|Snorlax, L50, F|\n|poke|p2|Oranguru, L50, F|\n|poke|p2|Sinistcha, L50|\n|poke|p2|Incineroar, L50, M|\n|poke|p2|Hawlucha, L50, F|\n|poke|p2|Vanilluxe, L50, M|\n|teampreview|4\n|\n|t:|1776550589\n|teamsize|p1|4\n|teamsize|p2|4\n|start\n|switch|p1a: Meganium|Meganium, L50, M, shiny|100/100\n|switch|p1b: Mamoswine|Mamoswine, L50, F|100/100\n|switch|p2a: Snorlax|Snorlax, L50, F|100/100\n|switch|p2b: Oranguru|Oranguru, L50, F|100/100\n|turn|1\n|\n|t:|1776550602\n|detailschange|p1a: Meganium|Meganium-Mega, L50, M, shiny\n|-mega|p1a: Meganium|Meganium|Meganiumite\n|move|p1b: Mamoswine|Icicle Crash|p2b: Oranguru\n|-damage|p2b: Oranguru|60/100\n|move|p1a: Meganium|Solar Beam||[still]\n|-prepare|p1a: Meganium|Solar Beam\n|-activate|p1a: Meganium|ability: Mega Sol\n|-anim|p1a: Meganium|Solar Beam|p2b: Oranguru\n|-damage|p2b: Oranguru|6/100\n|move|p2a: Snorlax|Stockpile|p2a: Snorlax\n|-start|p2a: Snorlax|stockpile1\n|-boost|p2a: Snorlax|def|1\n|-boost|p2a: Snorlax|spd|1\n|move|p2b: Oranguru|Trick Room|p2b: Oranguru\n|-fieldstart|move: Trick Room|[of] p2b: Oranguru\n|\n|upkeep\n|turn|2\n|\n|t:|1776550619\n|move|p1b: Mamoswine|Ice Shard|p2b: Oranguru\n|-damage|p2b: Oranguru|0 fnt\n|faint|p2b: Oranguru\n|move|p2a: Snorlax|Stockpile|p2a: Snorlax\n|-start|p2a: Snorlax|stockpile2\n|-boost|p2a: Snorlax|def|1\n|-boost|p2a: Snorlax|spd|1\n|move|p1a: Meganium|Solar Beam||[still]\n|-prepare|p1a: Meganium|Solar Beam\n|-activate|p1a: Meganium|ability: Mega Sol\n|-anim|p1a: Meganium|Solar Beam|p2a: Snorlax\n|-damage|p2a: Snorlax|79/100\n|\n|-heal|p2a: Snorlax|85/100|[from] item: Leftovers\n|upkeep\n|\n|t:|1776550624\n|switch|p2b: Hawlucha|Hawlucha, L50, F|100/100\n|turn|3\n|\n|t:|1776550637\n|switch|p1b: Incineroar|Incineroar, L50, M|100/100\n|-ability|p1b: Incineroar|Intimidate|boost\n|-unboost|p2a: Snorlax|atk|1\n|-unboost|p2b: Hawlucha|atk|1\n|detailschange|p2b: Hawlucha|Hawlucha-Mega, L50, F\n|-mega|p2b: Hawlucha|Hawlucha|Hawluchanite\n|move|p2a: Snorlax|Body Press|p1b: Incineroar\n|-supereffective|p1b: Incineroar|1\n|-damage|p1b: Incineroar|36/100\n|move|p1a: Meganium|Dazzling Gleam|p2a: Snorlax|[spread] p2a,p2b\n|-supereffective|p2b: Hawlucha|1\n|-damage|p2a: Snorlax|74/100\n|-damage|p2b: Hawlucha|35/100\n|move|p2b: Hawlucha|Entrainment|p2a: Snorlax\n|-ability|p2a: Snorlax|No Guard|Thick Fat|[from] move: Entrainment|[of] p2b: Hawlucha\n|\n|-heal|p2a: Snorlax|80/100|[from] item: Leftovers\n|-heal|p1b: Incineroar|42/100|[from] item: Leftovers\n|upkeep\n|turn|4\n|\n|t:|1776550657\n|switch|p2b: Sinistcha|Sinistcha, L50|100/100\n|-heal|p2a: Snorlax|100/100|[from] ability: Hospitality|[of] p2b: Sinistcha\n|move|p1b: Incineroar|Fake Out|p2a: Snorlax\n|-damage|p2a: Snorlax|97/100\n|cant|p2a: Snorlax|flinch\n|move|p1a: Meganium|Dazzling Gleam|p2a: Snorlax|[spread] p2a,p2b\n|-damage|p2a: Snorlax|86/100\n|-damage|p2b: Sinistcha|73/100\n|\n|-heal|p2a: Snorlax|92/100|[from] item: Leftovers\n|-heal|p1b: Incineroar|48/100|[from] item: Leftovers\n|upkeep\n|turn|5\n|\n|t:|1776550672\n|move|p1a: Meganium|Protect|p1a: Meganium\n|-singleturn|p1a: Meganium|Protect\n|move|p2b: Sinistcha|Rage Powder|p2b: Sinistcha\n|-singleturn|p2b: Sinistcha|move: Rage Powder\n|move|p2a: Snorlax|Fissure|p1a: Meganium\n|-activate|p1a: Meganium|move: Protect\n|move|p1b: Incineroar|Flare Blitz|p2b: Sinistcha\n|-supereffective|p2b: Sinistcha|1\n|-damage|p2b: Sinistcha|0 fnt\n|faint|p2b: Sinistcha\n|-damage|p1b: Incineroar|27/100|[from] Recoil\n|\n|-heal|p2a: Snorlax|98/100|[from] item: Leftovers\n|-heal|p1b: Incineroar|33/100|[from] item: Leftovers\n|-fieldend|move: Trick Room\n|upkeep\n|\n|t:|1776550676\n|switch|p2b: Hawlucha|Hawlucha-Mega, L50, F|35/100\n|turn|6\n|\n|t:|1776550689\n|switch|p1a: Aerodactyl|Aerodactyl, L50, M|100/100\n|-ability|p1a: Aerodactyl|Unnerve\n|move|p2b: Hawlucha|Cross Chop|p1b: Incineroar\n|-supereffective|p1b: Incineroar|1\n|-crit|p1b: Incineroar\n|-damage|p1b: Incineroar|0 fnt\n|faint|p1b: Incineroar\n|move|p2a: Snorlax|Fissure|p1a: Aerodactyl\n|-immune|p1a: Aerodactyl\n|\n|-heal|p2a: Snorlax|100/100|[from] item: Leftovers\n|upkeep\n|\n|t:|1776550703\n|switch|p1b: Mamoswine|Mamoswine, L50, F|100/100\n|turn|7\n|\n|t:|1776550709\n|move|p1b: Mamoswine|Ice Shard|p2b: Hawlucha\n|-supereffective|p2b: Hawlucha|1\n|-damage|p2b: Hawlucha|0 fnt\n|faint|p2b: Hawlucha\n|move|p1a: Aerodactyl|Rock Slide|p2a: Snorlax\n|-damage|p2a: Snorlax|90/100\n|move|p2a: Snorlax|Fissure|p1b: Mamoswine\n|-damage|p1b: Mamoswine|0 fnt\n|faint|p1b: Mamoswine\n|-ohko\n|\n|-heal|p2a: Snorlax|96/100|[from] item: Leftovers\n|upkeep\n|\n|t:|1776550711\n|switch|p1b: Meganium|Meganium-Mega, L50, M, shiny|100/100\n|turn|8\n|\n|t:|1776550720\n|move|p1b: Meganium|Protect|p1b: Meganium\n|-singleturn|p1b: Meganium|Protect\n|move|p1a: Aerodactyl|Rock Slide|p2a: Snorlax\n|-damage|p2a: Snorlax|85/100\n|move|p2a: Snorlax|Fissure|p1b: Meganium\n|-activate|p1b: Meganium|move: Protect\n|\n|-heal|p2a: Snorlax|91/100|[from] item: Leftovers\n|upkeep\n|turn|9\n|\n|t:|1776550729\n|move|p1a: Aerodactyl|Rock Slide|p2a: Snorlax\n|-damage|p2a: Snorlax|80/100\n|move|p1b: Meganium|Solar Beam||[still]\n|-prepare|p1b: Meganium|Solar Beam\n|-activate|p1b: Meganium|ability: Mega Sol\n|-anim|p1b: Meganium|Solar Beam|p2a: Snorlax\n|-damage|p2a: Snorlax|60/100\n|move|p2a: Snorlax|Fissure|p1b: Meganium\n|-damage|p1b: Meganium|0 fnt\n|faint|p1b: Meganium\n|-ohko\n|\n|-heal|p2a: Snorlax|66/100|[from] item: Leftovers\n|upkeep\n|turn|10\n|\n|t:|1776550737\n|move|p1a: Aerodactyl|Rock Slide|p2a: Snorlax\n|-crit|p2a: Snorlax\n|-damage|p2a: Snorlax|32/100\n|cant|p2a: Snorlax|flinch\n|\n|-heal|p2a: Snorlax|38/100|[from] item: Leftovers\n|upkeep\n|turn|11\n|\n|t:|1776550742\n|move|p2a: Snorlax|Protect|p2a: Snorlax\n|-singleturn|p2a: Snorlax|Protect\n|move|p1a: Aerodactyl|Rock Slide|p2a: Snorlax\n|-activate|p2a: Snorlax|move: Protect\n|\n|-heal|p2a: Snorlax|44/100|[from] item: Leftovers\n|upkeep\n|turn|12\n|\n|t:|1776550744\n|move|p1a: Aerodactyl|Rock Slide|p2a: Snorlax\n|-damage|p2a: Snorlax|33/100\n|cant|p2a: Snorlax|flinch\n|\n|-heal|p2a: Snorlax|39/100|[from] item: Leftovers\n|upkeep\n|turn|13\n|\n|t:|1776550749\n|move|p2a: Snorlax|Protect|p2a: Snorlax\n|-singleturn|p2a: Snorlax|Protect\n|move|p1a: Aerodactyl|Rock Slide|p2a: Snorlax\n|-activate|p2a: Snorlax|move: Protect\n|\n|-heal|p2a: Snorlax|45/100|[from] item: Leftovers\n|upkeep\n|turn|14\n|\n|t:|1776550751\n|move|p1a: Aerodactyl|Rock Slide|p2a: Snorlax\n|-damage|p2a: Snorlax|35/100\n|cant|p2a: Snorlax|flinch\n|\n|-heal|p2a: Snorlax|41/100|[from] item: Leftovers\n|upkeep\n|turn|15\n|\n|t:|1776550756\n|move|p2a: Snorlax|Protect|p2a: Snorlax\n|-singleturn|p2a: Snorlax|Protect\n|move|p1a: Aerodactyl|Rock Slide|p2a: Snorlax\n|-activate|p2a: Snorlax|move: Protect\n|\n|-heal|p2a: Snorlax|47/100|[from] item: Leftovers\n|upkeep\n|turn|16\n|\n|t:|1776550760\n|move|p1a: Aerodactyl|Dual Wingbeat|p2a: Snorlax\n|-damage|p2a: Snorlax|41/100\n|-damage|p2a: Snorlax|35/100\n|-hitcount|p2a: Snorlax|2\n|move|p2a: Snorlax|Stockpile|p2a: Snorlax\n|-start|p2a: Snorlax|stockpile3\n|-boost|p2a: Snorlax|def|1\n|-boost|p2a: Snorlax|spd|1\n|\n|-heal|p2a: Snorlax|41/100|[from] item: Leftovers\n|upkeep\n|turn|17\n|\n|t:|1776550767\n|move|p2a: Snorlax|Protect|p2a: Snorlax\n|-singleturn|p2a: Snorlax|Protect\n|move|p1a: Aerodactyl|Rock Slide|p2a: Snorlax\n|-activate|p2a: Snorlax|move: Protect\n|\n|-heal|p2a: Snorlax|47/100|[from] item: Leftovers\n|upkeep\n|turn|18\n|\n|t:|1776550770\n|move|p1a: Aerodactyl|Rock Slide|p2a: Snorlax\n|-damage|p2a: Snorlax|39/100\n|move|p2a: Snorlax|Body Press|p1a: Aerodactyl\n|-damage|p1a: Aerodactyl|16/100\n|\n|-heal|p2a: Snorlax|45/100|[from] item: Leftovers\n|upkeep\n|turn|19\n|\n|t:|1776550775\n|move|p1a: Aerodactyl|Dual Wingbeat|p2a: Snorlax\n|-damage|p2a: Snorlax|40/100\n|-damage|p2a: Snorlax|35/100\n|-hitcount|p2a: Snorlax|2\n|move|p2a: Snorlax|Body Press|p1a: Aerodactyl\n|-damage|p1a: Aerodactyl|0 fnt\n|faint|p1a: Aerodactyl\n|\n|win|silverland71429\n|raw|FallenTurtlle's rating: 1282 &rarr; <strong>1262</strong><br />(-20 for losing)\n|raw|silverland71429's rating: 1356 &rarr; <strong>1372</strong><br />(+16 for winning)\n",
  "uploadtime": 1776550776,
  "views": 16,
  "formatid": "gen9championsvgc2026regma",
  "rating": 1262,
  "private": 0,
  "password": null
}