{
  "id": "gen9championsvgc2026regma-2586371501",
  "format": "[Gen 9 Champions] VGC 2026 Reg M-A",
  "players": [
    "Spurtuh",
    "Neutralzr"
  ],
  "log": "|j|\u2606Spurtuh\n|j|\u2606Neutralzr\n|t:|1776429662\n|gametype|doubles\n|player|p1|Spurtuh|169|1228\n|player|p2|Neutralzr|lance|1288\n|gen|9\n|tier|[Gen 9 Champions] VGC 2026 Reg M-A\n|rated|\n|rule|Species Clause: Limit one of each Pok\u00e9mon\n|rule|Item Clause: Limit 1 of each item\n|clearpoke\n|poke|p1|Delphox, L50, M|\n|poke|p1|Basculegion, L50, M|\n|poke|p1|Clefable, L50, F|\n|poke|p1|Kingambit, L50, M|\n|poke|p1|Sneasler, L50, F|\n|poke|p1|Garchomp, L50, M|\n|poke|p2|Mimikyu, L50, M|\n|poke|p2|Milotic, L50, F|\n|poke|p2|Charizard, L50, F|\n|poke|p2|Aerodactyl, L50, F|\n|poke|p2|Incineroar, L50, M|\n|poke|p2|Sinistcha-Masterpiece, L50|\n|teampreview|4\n|inactive|Battle timer is ON: inactive players will automatically lose when time's up. (requested by Neutralzr)\n|inactive|Neutralzr has 60 seconds left.\n|\n|t:|1776429696\n|teamsize|p1|4\n|teamsize|p2|4\n|start\n|switch|p1a: Garchomp|Garchomp, L50, M|100/100\n|switch|p1b: Sneasler|Sneasler, L50, F|100/100\n|switch|p2a: Mimikyu|Mimikyu, L50, M|100/100\n|switch|p2b: Milotic|Milotic, L50, F, shiny|100/100\n|turn|1\n|\n|t:|1776429713\n|switch|p1b: Kingambit|Kingambit, L50, M|100/100\n|move|p2a: Mimikyu|Swords Dance|p2a: Mimikyu\n|-boost|p2a: Mimikyu|atk|2\n|move|p1a: Garchomp|Rock Slide|p2a: Mimikyu|[spread] p2a,p2b\n|-activate|p2a: Mimikyu|ability: Disguise\n|-damage|p2a: Mimikyu|100/100\n|-damage|p2b: Milotic|84/100\n|detailschange|p2a: Mimikyu|Mimikyu-Busted, L50, M\n|-damage|p2a: Mimikyu|88/100|[from] pokemon: Mimikyu-Busted\n|cant|p2b: Milotic|flinch\n|\n|-heal|p2b: Milotic|90/100|[from] item: Leftovers\n|upkeep\n|turn|2\n|\n|t:|1776429732\n|move|p2a: Mimikyu|Protect|p2a: Mimikyu\n|-singleturn|p2a: Mimikyu|Protect\n|move|p1b: Kingambit|Sucker Punch||[still]\n|-fail|p1b: Kingambit\n|move|p1a: Garchomp|Rock Slide|p2b: Milotic|[spread] p2b\n|-activate|p2a: Mimikyu|move: Protect\n|-damage|p2b: Milotic|72/100\n|cant|p2b: Milotic|flinch\n|\n|-heal|p2b: Milotic|78/100|[from] item: Leftovers\n|upkeep\n|turn|3\n|\n|t:|1776429754\n|move|p2a: Mimikyu|Shadow Sneak|p1b: Kingambit\n|-resisted|p1b: Kingambit|1\n|-damage|p1b: Kingambit|84/100\n|move|p1a: Garchomp|Rock Slide|p2b: Milotic|[spread] p2b\n|-miss|p1a: Garchomp|p2a: Mimikyu\n|-damage|p2b: Milotic|60/100\n|cant|p2b: Milotic|flinch\n|move|p1b: Kingambit|Swords Dance|p1b: Kingambit\n|-boost|p1b: Kingambit|atk|2\n|\n|-heal|p2b: Milotic|66/100|[from] item: Leftovers\n|upkeep\n|turn|4\n|\n|t:|1776429777\n|move|p2a: Mimikyu|Play Rough|p1b: Kingambit\n|-damage|p1b: Kingambit|21/100\n|move|p1a: Garchomp|Rock Slide|p2b: Milotic|[spread] p2a,p2b\n|-damage|p2a: Mimikyu|56/100\n|-damage|p2b: Milotic|48/100\n|move|p2b: Milotic|Ice Beam|p1a: Garchomp\n|-supereffective|p1a: Garchomp|2\n|-enditem|p1a: Garchomp|Yache Berry|[eat]\n|-enditem|p1a: Garchomp|Yache Berry|[weaken]\n|-damage|p1a: Garchomp|54/100\n|move|p1b: Kingambit|Kowtow Cleave|p2b: Milotic\n|-damage|p2b: Milotic|0 fnt\n|faint|p2b: Milotic\n|\n|upkeep\n|\n|t:|1776429795\n|switch|p2b: Sinistcha|Sinistcha-Masterpiece, L50|100/100\n|-heal|p2a: Mimikyu|81/100|[from] ability: Hospitality|[of] p2b: Sinistcha\n|turn|5\n|\n|t:|1776429826\n|switch|p1a: Sneasler|Sneasler, L50, F|100/100\n|move|p2b: Sinistcha|Rage Powder|p2b: Sinistcha\n|-singleturn|p2b: Sinistcha|move: Rage Powder\n|move|p1b: Kingambit|Sucker Punch||[still]\n|-fail|p1b: Kingambit\n|move|p2a: Mimikyu|Play Rough|p1b: Kingambit\n|-damage|p1b: Kingambit|0 fnt\n|faint|p1b: Kingambit\n|\n|upkeep\n|\n|t:|1776429836\n|switch|p1b: Delphox|Delphox, L50, M|100/100\n|turn|6\n|\n|t:|1776429854\n|detailschange|p1b: Delphox|Delphox-Mega, L50, M\n|-mega|p1b: Delphox|Delphox|Delphoxite\n|move|p2a: Mimikyu|Shadow Sneak|p1b: Delphox\n|-supereffective|p1b: Delphox|1\n|-damage|p1b: Delphox|0 fnt\n|faint|p1b: Delphox\n|move|p1a: Sneasler|Dire Claw|p2b: Sinistcha\n|-damage|p2b: Sinistcha|63/100\n|move|p2b: Sinistcha|Trick Room|p2b: Sinistcha\n|-fieldstart|move: Trick Room|[of] p2b: Sinistcha\n|\n|upkeep\n|-message|Spurtuh forfeited.\n|\n|win|Neutralzr\n|raw|Spurtuh's rating: 1228 &rarr; <strong>1207</strong><br />(-21 for losing)\n|raw|Neutralzr's rating: 1288 &rarr; <strong>1309</strong><br />(+21 for winning)\n|l|\u2606Spurtuh\n|player|p1|\n|l|\u2606Neutralzr\n|player|p2|\n|j|\u2606Neutralzr\n|player|p2|Neutralzr|lance|\n",
  "uploadtime": 1776429869,
  "views": 61,
  "formatid": "gen9championsvgc2026regma",
  "rating": 1207,
  "private": 0,
  "password": null
}