{
  "id": "gen9championsvgc2026regma-2586386863",
  "format": "[Gen 9 Champions] VGC 2026 Reg M-A",
  "players": [
    "snapthatpika",
    "YonkoLouis"
  ],
  "log": "|j|\u2606snapthatpika\n|j|\u2606YonkoLouis\n|t:|1776430936\n|gametype|doubles\n|player|p1|snapthatpika|benga|1047\n|player|p2|YonkoLouis|zinnia|1066\n|gen|9\n|tier|[Gen 9 Champions] VGC 2026 Reg M-A\n|rated|\n|rule|Species Clause: Limit one of each Pok\u00e9mon\n|rule|Item Clause: Limit 1 of each item\n|clearpoke\n|poke|p1|Charizard, L50, M|\n|poke|p1|Venusaur, L50, M|\n|poke|p1|Garchomp, L50, F|\n|poke|p1|Whimsicott, L50, M|\n|poke|p1|Milotic, L50, F|\n|poke|p1|Kingambit, L50, F|\n|poke|p2|Alakazam, L50, M|\n|poke|p2|Meowstic, L50, M|\n|poke|p2|Rotom-Wash, L50|\n|poke|p2|Kingambit, L50, F|\n|poke|p2|Chesnaught, L50, M|\n|poke|p2|Maushold, L50|\n|teampreview|4\n|j| rukuiu\n|l| rukuiu\n|\n|t:|1776430976\n|teamsize|p1|4\n|teamsize|p2|4\n|start\n|switch|p1a: Charizard|Charizard, L50, M|100/100\n|switch|p1b: Venusaur|Venusaur, L50, M|100/100\n|switch|p2a: The Simpsons|Maushold, L50|100/100\n|switch|p2b: Spoonman|Alakazam, L50, M, shiny|100/100\n|turn|1\n|\n|t:|1776431003\n|detailschange|p2b: Spoonman|Alakazam-Mega, L50, M, shiny\n|-mega|p2b: Spoonman|Alakazam|Alakazite\n|-ability|p2b: Spoonman|Chlorophyll|Trace|[from] ability: Trace|[of] p1b: Venusaur\n|detailschange|p1a: Charizard|Charizard-Mega-Y, L50, M\n|-mega|p1a: Charizard|Charizard|Charizardite Y\n|-weather|SunnyDay|[from] ability: Drought|[of] p1a: Charizard\n|move|p2a: The Simpsons|Follow Me|p2a: The Simpsons\n|-singleturn|p2a: The Simpsons|move: Follow Me\n|move|p2b: Spoonman|Calm Mind|p2b: Spoonman\n|-boost|p2b: Spoonman|spa|1\n|-boost|p2b: Spoonman|spd|1\n|move|p1b: Venusaur|Solar Beam||[still]\n|-prepare|p1b: Venusaur|Solar Beam\n|-anim|p1b: Venusaur|Solar Beam|p2a: The Simpsons\n|-damage|p2a: The Simpsons|29/100\n|move|p1a: Charizard|Heat Wave|p2b: Spoonman|[spread] p2a,p2b\n|-damage|p2a: The Simpsons|0 fnt\n|-damage|p2b: Spoonman|59/100\n|faint|p2a: The Simpsons\n|\n|-weather|SunnyDay|[upkeep]\n|upkeep\n|\n|t:|1776431021\n|switch|p2a: Baker of Biscuits|Meowstic, L50, M, shiny|100/100\n|turn|2\n|\n|t:|1776431032\n|switch|p1b: Kingambit|Kingambit, L50, F|100/100\n|move|p2a: Baker of Biscuits|Psychic Terrain|p2a: Baker of Biscuits\n|-fieldstart|move: Psychic Terrain\n|move|p2b: Spoonman|Expanding Force|p1a: Charizard|[spread] p1a\n|-immune|p1b: Kingambit\n|-damage|p1a: Charizard|0 fnt\n|faint|p1a: Charizard\n|\n|-weather|SunnyDay|[upkeep]\n|upkeep\n|\n|t:|1776431047\n|switch|p1a: Whimsicott|Whimsicott, L50, M|100/100\n|turn|3\n|\n|t:|1776431080\n|move|p1a: Whimsicott|Encore|p2a: Baker of Biscuits\n|-activate|p2a: Baker of Biscuits|move: Psychic Terrain\n|move|p1b: Kingambit|Sucker Punch|p2b: Spoonman\n|-activate|p2b: Spoonman|move: Psychic Terrain\n|move|p2b: Spoonman|Dazzling Gleam|p1a: Whimsicott|[spread] p1a,p1b\n|-damage|p1a: Whimsicott|40/100\n|-damage|p1b: Kingambit|57/100\n|-enditem|p1a: Whimsicott|Sitrus Berry|[eat]\n|-heal|p1a: Whimsicott|65/100|[from] item: Sitrus Berry\n|move|p2a: Baker of Biscuits|Alluring Voice|p1b: Kingambit\n|-damage|p1b: Kingambit|37/100\n|\n|-weather|SunnyDay|[upkeep]\n|upkeep\n|turn|4\n|\n|t:|1776431131\n|move|p1a: Whimsicott|Tailwind|p1a: Whimsicott\n|-sidestart|p1: snapthatpika|move: Tailwind\n|move|p2b: Spoonman|Calm Mind|p2b: Spoonman\n|-boost|p2b: Spoonman|spa|1\n|-boost|p2b: Spoonman|spd|1\n|move|p1b: Kingambit|Kowtow Cleave|p2b: Spoonman\n|-supereffective|p2b: Spoonman|1\n|-damage|p2b: Spoonman|0 fnt\n|faint|p2b: Spoonman\n|move|p2a: Baker of Biscuits|Alluring Voice|p1a: Whimsicott\n|-damage|p1a: Whimsicott|38/100\n|\n|-weather|SunnyDay|[upkeep]\n|upkeep\n|\n|t:|1776431143\n|switch|p2b: Queen's Gambit|Kingambit, L50, F, shiny|100/100\n|turn|5\n|\n|t:|1776431165\n|switch|p1b: Venusaur|Venusaur, L50, M|100/100\n|move|p2b: Queen's Gambit|Protect|p2b: Queen's Gambit\n|-singleturn|p2b: Queen's Gambit|Protect\n|move|p1a: Whimsicott|Moonblast|p2b: Queen's Gambit\n|-activate|p2b: Queen's Gambit|move: Protect\n|move|p2a: Baker of Biscuits|Trick Room|p2a: Baker of Biscuits\n|-fieldstart|move: Trick Room|[of] p2a: Baker of Biscuits\n|\n|-weather|none\n|upkeep\n|turn|6\n|\n|t:|1776431193\n|move|p1a: Whimsicott|Encore|p2a: Baker of Biscuits\n|-activate|p2a: Baker of Biscuits|move: Psychic Terrain\n|move|p2b: Queen's Gambit|Iron Head|p1a: Whimsicott\n|-supereffective|p1a: Whimsicott|1\n|-damage|p1a: Whimsicott|0 fnt\n|faint|p1a: Whimsicott\n|move|p2a: Baker of Biscuits|Alluring Voice|p1b: Venusaur\n|-resisted|p1b: Venusaur|1\n|-damage|p1b: Venusaur|91/100\n|move|p1b: Venusaur|Solar Beam||[still]\n|-prepare|p1b: Venusaur|Solar Beam\n|\n|-fieldend|move: Psychic Terrain\n|upkeep\n|\n|t:|1776431203\n|switch|p1a: Kingambit|Kingambit, L50, F|37/100\n|turn|7\n|\n|t:|1776431226\n|move|p2b: Queen's Gambit|Kowtow Cleave|p1b: Venusaur\n|-damage|p1b: Venusaur|14/100\n|move|p2a: Baker of Biscuits|Alluring Voice|p1a: Kingambit\n|-damage|p1a: Kingambit|19/100\n|move|p1a: Kingambit|Kowtow Cleave|p2a: Baker of Biscuits\n|-supereffective|p2a: Baker of Biscuits|1\n|-enditem|p2a: Baker of Biscuits|Focus Sash\n|-damage|p2a: Baker of Biscuits|1/100\n|move|p1b: Venusaur|Solar Beam|p2b: Queen's Gambit|[from] lockedmove\n|-resisted|p2b: Queen's Gambit|1\n|-damage|p2b: Queen's Gambit|72/100\n|\n|-sideend|p1: snapthatpika|move: Tailwind\n|upkeep\n|turn|8\n|\n|t:|1776431263\n|move|p1a: Kingambit|Protect|p1a: Kingambit\n|-singleturn|p1a: Kingambit|Protect\n|move|p2b: Queen's Gambit|Kowtow Cleave|p1b: Venusaur\n|-crit|p1b: Venusaur\n|-damage|p1b: Venusaur|0 fnt\n|faint|p1b: Venusaur\n|move|p2a: Baker of Biscuits|Alluring Voice|p1a: Kingambit\n|-activate|p1a: Kingambit|move: Protect\n|\n|upkeep\n|turn|9\n|-message|snapthatpika forfeited.\n|\n|win|YonkoLouis\n|raw|snapthatpika's rating: 1047 &rarr; <strong>1031</strong><br />(-16 for losing)\n|raw|YonkoLouis's rating: 1066 &rarr; <strong>1094</strong><br />(+28 for winning)\n|l|\u2606snapthatpika\n|player|p1|\n|c|\u2606YonkoLouis|gg\n",
  "uploadtime": 1776431279,
  "views": 21,
  "formatid": "gen9championsvgc2026regma",
  "rating": 1031,
  "private": 0,
  "password": null
}