{
  "id": "gen9championsvgc2026regma-2582347252",
  "format": "[Gen 9 Champions] VGC 2026 Reg M-A",
  "players": [
    "Juya",
    "rulochupo"
  ],
  "log": "|j|\u2606Juya\n|j|\u2606rulochupo\n|t:|1776085307\n|gametype|doubles\n|player|p1|Juya|265|1123\n|player|p2|rulochupo|170|1202\n|gen|9\n|tier|[Gen 9 Champions] VGC 2026 Reg M-A\n|rated|\n|rule|Species Clause: Limit one of each Pok\u00e9mon\n|rule|Item Clause: Limit 1 of each item\n|clearpoke\n|poke|p1|Scizor, L50, M|\n|poke|p1|Rotom-Wash, L50|\n|poke|p1|Tyranitar, L50, F|\n|poke|p1|Garchomp, L50, F|\n|poke|p1|Whimsicott, L50, F|\n|poke|p1|Incineroar, L50, M|\n|poke|p2|Kingambit, L50, M|\n|poke|p2|Dragonite, L50, M|\n|poke|p2|Venusaur, L50, F|\n|poke|p2|Incineroar, L50, F|\n|poke|p2|Sneasler, L50, M|\n|poke|p2|Basculegion, L50, M|\n|teampreview|4\n|inactive|Battle timer is ON: inactive players will automatically lose when time's up. (requested by Juya)\nrulochupo rejected open team sheets.\n|inactive|rulochupo has 60 seconds left.\n|inactive|Juya has 60 seconds left.\n|\n|t:|1776085353\n|teamsize|p1|4\n|teamsize|p2|4\n|start\n|switch|p1a: Rotom|Rotom-Wash, L50|100/100\n|switch|p1b: Garchomp|Garchomp, L50, F|100/100\n|switch|p2a: Dragonite|Dragonite, L50, M|100/100\n|switch|p2b: Incineroar|Incineroar, L50, F|100/100\n|-ability|p2b: Incineroar|Intimidate|boost\n|-unboost|p1a: Rotom|atk|1\n|-unboost|p1b: Garchomp|atk|1\n|turn|1\n|\n|t:|1776085363\n|detailschange|p2a: Dragonite|Dragonite-Mega, L50, M\n|-mega|p2a: Dragonite|Dragonite|Dragoninite\n|move|p1b: Garchomp|Protect|p1b: Garchomp\n|-singleturn|p1b: Garchomp|Protect\n|move|p1a: Rotom|Protect|p1a: Rotom\n|-singleturn|p1a: Rotom|Protect\n|move|p2b: Incineroar|Fake Out|p1b: Garchomp\n|-activate|p1b: Garchomp|move: Protect\n|move|p2a: Dragonite|Dragon Pulse|p1b: Garchomp\n|-activate|p1b: Garchomp|move: Protect\n|\n|upkeep\n|turn|2\n|\n|t:|1776085380\n|switch|p1b: Tyranitar|Tyranitar, L50, F|100/100\n|-weather|Sandstorm|[from] ability: Sand Stream|[of] p1b: Tyranitar\n|move|p2a: Dragonite|Protect|p2a: Dragonite\n|-singleturn|p2a: Dragonite|Protect\n|move|p1a: Rotom|Hydro Pump|p2b: Incineroar|[miss]\n|-miss|p1a: Rotom|p2b: Incineroar\n|move|p2b: Incineroar|Parting Shot|p1b: Tyranitar\n|-unboost|p1b: Tyranitar|atk|1\n|-unboost|p1b: Tyranitar|spa|1\n|\n|t:|1776085393\n|switch|p2b: Sneasler|Sneasler, L50, M|100/100|[from] Parting Shot\n|\n|-weather|Sandstorm|[upkeep]\n|-damage|p2b: Sneasler|95/100|[from] Sandstorm\n|-damage|p2a: Dragonite|94/100|[from] Sandstorm\n|-damage|p1a: Rotom|95/100|[from] Sandstorm\n|-heal|p1a: Rotom|100/100|[from] item: Leftovers\n|upkeep\n|turn|3\n|\n|t:|1776085405\n|move|p1b: Tyranitar|Protect|p1b: Tyranitar\n|-singleturn|p1b: Tyranitar|Protect\n|move|p2b: Sneasler|Close Combat|p1b: Tyranitar\n|-activate|p1b: Tyranitar|move: Protect\n|move|p2a: Dragonite|Dragon Pulse|p1a: Rotom\n|-damage|p1a: Rotom|56/100\n|move|p1a: Rotom|Will-O-Wisp|p2b: Sneasler\n|-status|p2b: Sneasler|brn\n|\n|-weather|Sandstorm|[upkeep]\n|-damage|p2b: Sneasler|89/100 brn|[from] Sandstorm\n|-damage|p2a: Dragonite|88/100|[from] Sandstorm\n|-damage|p1a: Rotom|50/100|[from] Sandstorm\n|-heal|p1a: Rotom|56/100|[from] item: Leftovers\n|-damage|p2b: Sneasler|83/100 brn|[from] brn\n|upkeep\n|turn|4\n|inactive|Juya has 30 seconds left.\n|inactive|Juya has 20 seconds left.\n|inactive|Juya has 15 seconds left.\n|inactive|Juya has 10 seconds left.\n|\n|t:|1776085451\n|switch|p1a: Scizor|Scizor, L50, M|100/100\n|switch|p1b: Garchomp|Garchomp, L50, F|100/100\n|move|p2a: Dragonite|Protect|p2a: Dragonite\n|-singleturn|p2a: Dragonite|Protect\n|move|p2b: Sneasler|Close Combat|p1b: Garchomp\n|-damage|p1b: Garchomp|68/100\n|-unboost|p2b: Sneasler|def|1\n|-unboost|p2b: Sneasler|spd|1\n|\n|-weather|Sandstorm|[upkeep]\n|-damage|p2b: Sneasler|77/100 brn|[from] Sandstorm\n|-damage|p2a: Dragonite|82/100|[from] Sandstorm\n|-damage|p2b: Sneasler|71/100 brn|[from] brn\n|upkeep\n|turn|5\n|inactive|Juya has 30 seconds left.\n|inactive|rulochupo has 30 seconds left.\n|inactive|Juya has 20 seconds left.\n|inactive|Juya has 15 seconds left.\n|\n|t:|1776085496\n|switch|p2a: Incineroar|Incineroar, L50, F|100/100\n|-ability|p2a: Incineroar|Intimidate|boost\n|-unboost|p1a: Scizor|atk|1\n|-unboost|p1b: Garchomp|atk|1\n|detailschange|p1a: Scizor|Scizor-Mega, L50, M\n|-mega|p1a: Scizor|Scizor|Scizorite\n|move|p1b: Garchomp|Protect|p1b: Garchomp\n|-singleturn|p1b: Garchomp|Protect\n|move|p1a: Scizor|Bullet Punch|p2a: Incineroar\n|-resisted|p2a: Incineroar|1\n|-damage|p2a: Incineroar|91/100\n|move|p2b: Sneasler|Rock Tomb|p1b: Garchomp\n|-activate|p1b: Garchomp|move: Protect\n|\n|-weather|Sandstorm|[upkeep]\n|-damage|p2b: Sneasler|66/100 brn|[from] Sandstorm\n|-damage|p2a: Incineroar|85/100|[from] Sandstorm\n|-damage|p2b: Sneasler|60/100 brn|[from] brn\n|upkeep\n|turn|6\n|inactive|Juya has 30 seconds left.\n|inactive|Juya has 20 seconds left.\n|inactive|Juya has 15 seconds left.\n|\n|t:|1776085544\n|move|p2a: Incineroar|Fake Out|p1b: Garchomp\n|-damage|p1b: Garchomp|56/100\n|move|p1a: Scizor|Bullet Punch|p2b: Sneasler\n|-damage|p2b: Sneasler|0 fnt\n|faint|p2b: Sneasler\n|cant|p1b: Garchomp|flinch\n|\n|-weather|none\n|upkeep\n|inactive|rulochupo has 30 seconds left.\n|\n|t:|1776085576\n|switch|p2b: Basculegion|Basculegion, L50, M|100/100\n|turn|7\n|\n|t:|1776085596\n|move|p1a: Scizor|Protect|p1a: Scizor\n|-singleturn|p1a: Scizor|Protect\n|move|p2b: Basculegion|Wave Crash|p1b: Garchomp\n|-damage|p1b: Garchomp|0 fnt\n|faint|p1b: Garchomp\n|-damage|p2b: Basculegion|83/100|[from] Recoil\n|move|p2a: Incineroar|Flare Blitz|p1a: Scizor\n|-activate|p1a: Scizor|move: Protect\n|\n|upkeep\n|\n|t:|1776085608\n|switch|p1b: Rotom|Rotom-Wash, L50|56/100\n|turn|8\n|\n|t:|1776085618\n|switch|p1a: Tyranitar|Tyranitar, L50, F|100/100\n|-weather|Sandstorm|[from] ability: Sand Stream|[of] p1a: Tyranitar\n|switch|p2a: Dragonite|Dragonite-Mega, L50, M|82/100\n|move|p2b: Basculegion|Wave Crash|p1b: Rotom\n|-resisted|p1b: Rotom|1\n|-damage|p1b: Rotom|12/100\n|-damage|p2b: Basculegion|72/100|[from] Recoil\n|move|p1b: Rotom|Volt Switch|p2b: Basculegion\n|-supereffective|p2b: Basculegion|1\n|-damage|p2b: Basculegion|7/100\n|\n|t:|1776085631\n|switch|p1b: Scizor|Scizor-Mega, L50, M|100/100|[from] Volt Switch\n|\n|-weather|Sandstorm|[upkeep]\n|-damage|p2b: Basculegion|1/100|[from] Sandstorm\n|-damage|p2a: Dragonite|76/100|[from] Sandstorm\n|upkeep\n|turn|9\n|\n|t:|1776085647\n|switch|p2b: Incineroar|Incineroar, L50, F|85/100\n|-ability|p2b: Incineroar|Intimidate|boost\n|-unboost|p1a: Tyranitar|atk|1\n|-unboost|p1b: Scizor|atk|1\n|move|p1b: Scizor|Protect|p1b: Scizor\n|-singleturn|p1b: Scizor|Protect\n|move|p1a: Tyranitar|Protect|p1a: Tyranitar\n|-singleturn|p1a: Tyranitar|Protect\n|move|p2a: Dragonite|Roost|p2a: Dragonite\n|-heal|p2a: Dragonite|100/100\n|-singleturn|p2a: Dragonite|move: Roost\n|\n|-weather|Sandstorm|[upkeep]\n|-damage|p2a: Dragonite|94/100|[from] Sandstorm\n|-damage|p2b: Incineroar|79/100|[from] Sandstorm\n|upkeep\n|turn|10\n|\n|t:|1776085665\n|switch|p1b: Rotom|Rotom-Wash, L50|12/100\n|move|p2b: Incineroar|Fake Out|p1a: Tyranitar\n|-resisted|p1a: Tyranitar|1\n|-damage|p1a: Tyranitar|97/100\n|move|p2a: Dragonite|Fire Spin|p1b: Rotom\n|-resisted|p1b: Rotom|1\n|-damage|p1b: Rotom|7/100\n|-activate|p1b: Rotom|move: Fire Spin|[of] p2a: Dragonite\n|cant|p1a: Tyranitar|flinch\n|\n|-weather|Sandstorm|[upkeep]\n|-damage|p2a: Dragonite|88/100|[from] Sandstorm\n|-damage|p1b: Rotom|1/100|[from] Sandstorm\n|-damage|p2b: Incineroar|73/100|[from] Sandstorm\n|-heal|p1b: Rotom|7/100|[from] item: Leftovers\n|-damage|p1b: Rotom|0 fnt|[from] move: Fire Spin|[partiallytrapped]\n|faint|p1b: Rotom\n|upkeep\n|\n|t:|1776085674\n|switch|p1b: Scizor|Scizor-Mega, L50, M|100/100\n|turn|11\n|\n|t:|1776085693\n|move|p1b: Scizor|Protect|p1b: Scizor\n|-singleturn|p1b: Scizor|Protect\n|move|p2a: Dragonite|Fire Spin|p1b: Scizor\n|-activate|p1b: Scizor|move: Protect\n|move|p1a: Tyranitar|Rock Slide|p2a: Dragonite|[spread] p2a,p2b\n|-supereffective|p2a: Dragonite|1\n|-supereffective|p2b: Incineroar|1\n|-damage|p2a: Dragonite|60/100\n|-damage|p2b: Incineroar|45/100\n|-enditem|p2b: Incineroar|Sitrus Berry|[eat]\n|-heal|p2b: Incineroar|70/100|[from] item: Sitrus Berry\n|cant|p2b: Incineroar|flinch\n|\n|-weather|Sandstorm|[upkeep]\n|-damage|p2a: Dragonite|54/100|[from] Sandstorm\n|-damage|p2b: Incineroar|64/100|[from] Sandstorm\n|upkeep\n|turn|12\n|\n|t:|1776085716\n|move|p1b: Scizor|Bullet Punch|p2a: Dragonite\n|-damage|p2a: Dragonite|22/100\n|move|p2a: Dragonite|Fire Spin|p1b: Scizor|[miss]\n|-miss|p2a: Dragonite|p1b: Scizor\n|move|p1a: Tyranitar|Rock Slide|p2b: Incineroar|[spread] p2a,p2b\n|-supereffective|p2a: Dragonite|1\n|-supereffective|p2b: Incineroar|1\n|-damage|p2a: Dragonite|0 fnt\n|-damage|p2b: Incineroar|37/100\n|faint|p2a: Dragonite\n|cant|p2b: Incineroar|flinch\n|\n|-weather|none\n|upkeep\n|\n|t:|1776085725\n|switch|p2a: Basculegion|Basculegion, L50, M|1/100\n|turn|13\n|\n|t:|1776085742\n|move|p2a: Basculegion|Aqua Jet|p1a: Tyranitar\n|-supereffective|p1a: Tyranitar|1\n|-crit|p1a: Tyranitar\n|-damage|p1a: Tyranitar|39/100\n|move|p1b: Scizor|Bullet Punch|p2a: Basculegion\n|-resisted|p2a: Basculegion|1\n|-damage|p2a: Basculegion|0 fnt\n|faint|p2a: Basculegion\n|move|p1a: Tyranitar|Low Kick|p2b: Incineroar\n|-supereffective|p2b: Incineroar|1\n|-damage|p2b: Incineroar|11/100\n|move|p2b: Incineroar|Flare Blitz|p1b: Scizor\n|-supereffective|p1b: Scizor|2\n|-damage|p1b: Scizor|0 fnt\n|faint|p1b: Scizor\n|-damage|p2b: Incineroar|0 fnt|[from] Recoil\n|faint|p2b: Incineroar\n|\n|win|Juya\n|raw|Juya's rating: 1123 &rarr; <strong>1154</strong><br />(+31 for winning)\n|raw|rulochupo's rating: 1202 &rarr; <strong>1171</strong><br />(-31 for losing)\n|l|\u2606rulochupo\n|player|p2|\n",
  "uploadtime": 1776085758,
  "views": 11,
  "formatid": "gen9championsvgc2026regma",
  "rating": 1154,
  "private": 0,
  "password": null
}