{
  "id": "gen9championsvgc2026regma-2589569291",
  "format": "[Gen 9 Champions] VGC 2026 Reg M-A",
  "players": [
    "pandascot",
    "benjiapollo"
  ],
  "log": "|j|\u2606pandascot\n|j|\u2606benjiapollo\n|t:|1776735017\n|gametype|doubles\n|player|p1|pandascot|266|1269\n|player|p2|benjiapollo|giovanni|1334\n|gen|9\n|tier|[Gen 9 Champions] VGC 2026 Reg M-A\n|rated|\n|rule|Species Clause: Limit one of each Pok\u00e9mon\n|rule|Item Clause: Limit 1 of each item\n|clearpoke\n|poke|p1|Golurk, L50, shiny|\n|poke|p1|Mimikyu, L50, F, shiny|\n|poke|p1|Crabominable, L50, M, shiny|\n|poke|p1|Goodra-Hisui, L50, F, shiny|\n|poke|p1|Incineroar, L50, F, shiny|\n|poke|p1|Sinistcha-Masterpiece, L50|\n|poke|p2|Basculegion, L50, M|\n|poke|p2|Charizard, L50, F|\n|poke|p2|Kingambit, L50, M|\n|poke|p2|Sneasler, L50, F|\n|poke|p2|Venusaur, L50, F|\n|poke|p2|Talonflame, L50, M|\n|teampreview|4\n|inactive|Battle timer is ON: inactive players will automatically lose when time's up. (requested by benjiapollo)\n|\n|t:|1776735054\n|teamsize|p1|4\n|teamsize|p2|4\n|start\n|switch|p1a: Incineroar|Incineroar, L50, F, shiny|100/100\n|switch|p1b: Mimikyu|Mimikyu, L50, F, shiny|100/100\n|switch|p2a: Talonflame|Talonflame, L50, M|100/100\n|switch|p2b: Kingambit|Kingambit, L50, M|100/100\n|-ability|p1a: Incineroar|Intimidate|boost\n|-unboost|p2a: Talonflame|atk|1\n|-unboost|p2b: Kingambit|atk|1\n|-ability|p2b: Kingambit|Defiant|boost\n|-boost|p2b: Kingambit|atk|2\n|turn|1\n|\n|t:|1776735078\n|move|p2a: Talonflame|Quick Guard|p2a: Talonflame\n|-singleturn|p2a: Talonflame|Quick Guard\n|move|p1a: Incineroar|Fake Out|p2b: Kingambit\n|-activate|p2b: Kingambit|move: Quick Guard\n|move|p2b: Kingambit|Iron Head|p1b: Mimikyu\n|-activate|p1b: Mimikyu|ability: Disguise\n|-damage|p1b: Mimikyu|100/100\n|detailschange|p1b: Mimikyu|Mimikyu-Busted, L50, F, shiny\n|-damage|p1b: Mimikyu|88/100|[from] pokemon: Mimikyu-Busted\n|move|p1b: Mimikyu|Trick Room|p1b: Mimikyu\n|-fieldstart|move: Trick Room|[of] p1b: Mimikyu\n|\n|upkeep\n|turn|2\n|\n|t:|1776735100\n|move|p2b: Kingambit|Protect|p2b: Kingambit\n|-singleturn|p2b: Kingambit|Protect\n|move|p2a: Talonflame|Brave Bird|p1b: Mimikyu\n|-damage|p1b: Mimikyu|50/100\n|-damage|p2a: Talonflame|90/100|[from] Recoil\n|move|p1a: Incineroar|Flare Blitz|p2b: Kingambit\n|-activate|p2b: Kingambit|move: Protect\n|move|p1b: Mimikyu|Will-O-Wisp|p2b: Kingambit\n|-activate|p2b: Kingambit|move: Protect\n|\n|upkeep\n|turn|3\n|\n|t:|1776735117\n|switch|p2b: Charizard|Charizard, L50, F|100/100\n|switch|p1b: Crabominable|Crabominable, L50, M, shiny|100/100\n|move|p1a: Incineroar|Flare Blitz|p2b: Charizard\n|-resisted|p2b: Charizard|1\n|-damage|p2b: Charizard|53/100\n|-damage|p1a: Incineroar|86/100|[from] Recoil\n|move|p2a: Talonflame|Brave Bird|p1b: Crabominable\n|-supereffective|p1b: Crabominable|1\n|-damage|p1b: Crabominable|37/100\n|-damage|p2a: Talonflame|67/100|[from] Recoil\n|\n|upkeep\n|turn|4\n|inactive|pandascot has 30 seconds left.\n|\n|t:|1776735143\n|move|p1b: Crabominable|Protect|p1b: Crabominable\n|-singleturn|p1b: Crabominable|Protect\n|move|p2b: Charizard|Protect|p2b: Charizard\n|-singleturn|p2b: Charizard|Protect\n|move|p1a: Incineroar|Flare Blitz|p2b: Charizard\n|-activate|p2b: Charizard|move: Protect\n|move|p2a: Talonflame|Brave Bird|p1b: Crabominable\n|-activate|p1b: Crabominable|move: Protect\n|\n|upkeep\n|turn|5\n|inactive|pandascot has 30 seconds left.\n|inactive|pandascot has 20 seconds left.\n|inactive|pandascot has 15 seconds left.\n|\n|t:|1776735187\n|switch|p2b: Sneasler|Sneasler, L50, F|100/100\n|detailschange|p1b: Crabominable|Crabominable-Mega, L50, M, shiny\n|-mega|p1b: Crabominable|Crabominable|Crabominite\n|move|p1b: Crabominable|Thunder Punch|p2a: Talonflame\n|-supereffective|p2a: Talonflame|1\n|-crit|p2a: Talonflame\n|-damage|p2a: Talonflame|0 fnt\n|faint|p2a: Talonflame\n|move|p1a: Incineroar|Flare Blitz|p2b: Sneasler\n|-damage|p2b: Sneasler|0 fnt\n|faint|p2b: Sneasler\n|-damage|p1a: Incineroar|56/100|[from] Recoil\n|\n|-fieldend|move: Trick Room\n|upkeep\n|\n|t:|1776735199\n|switch|p2a: Kingambit|Kingambit, L50, M|100/100\n|switch|p2b: Charizard|Charizard, L50, F|53/100\n|turn|6\n|\n|t:|1776735214\n|detailschange|p2b: Charizard|Charizard-Mega-X, L50, F\n|-mega|p2b: Charizard|Charizard|Charizardite X\n|move|p1b: Crabominable|Protect|p1b: Crabominable\n|-singleturn|p1b: Crabominable|Protect\n|move|p2b: Charizard|Dragon Claw|p1a: Incineroar\n|-damage|p1a: Incineroar|12/100\n|-enditem|p1a: Incineroar|Sitrus Berry|[eat]\n|-heal|p1a: Incineroar|36/100|[from] item: Sitrus Berry\n|move|p1a: Incineroar|Parting Shot|p2b: Charizard\n|-unboost|p2b: Charizard|atk|1\n|-unboost|p2b: Charizard|spa|1\n|\n|t:|1776735224\n|switch|p1a: Goodra|Goodra-Hisui, L50, F, shiny|100/100|[from] Parting Shot\n|move|p2a: Kingambit|Iron Head|p1b: Crabominable\n|-activate|p1b: Crabominable|move: Protect\n|\n|upkeep\n|turn|7\n|\n|t:|1776735237\n|move|p2b: Charizard|Brick Break|p1a: Goodra\n|-supereffective|p1a: Goodra|1\n|-enditem|p1a: Goodra|Chople Berry|[eat]\n|-enditem|p1a: Goodra|Chople Berry|[weaken]\n|-damage|p1a: Goodra|78/100\n|move|p1a: Goodra|Dragon Pulse|p2b: Charizard\n|-supereffective|p2b: Charizard|1\n|-damage|p2b: Charizard|0 fnt\n|faint|p2b: Charizard\n|move|p2a: Kingambit|Iron Head|p1b: Crabominable\n|-supereffective|p1b: Crabominable|1\n|-damage|p1b: Crabominable|0 fnt\n|faint|p1b: Crabominable\n|\n|upkeep\n|\n|t:|1776735246\n|switch|p1b: Mimikyu|Mimikyu-Busted, L50, F, shiny|50/100\n|turn|8\n|\n|t:|1776735254\n|move|p1b: Mimikyu|Will-O-Wisp|p2a: Kingambit\n|-status|p2a: Kingambit|brn\n|move|p1a: Goodra|Dragon Pulse|p2a: Kingambit\n|-resisted|p2a: Kingambit|1\n|-damage|p2a: Kingambit|78/100 brn\n|move|p2a: Kingambit|Iron Head|p1b: Mimikyu\n|-supereffective|p1b: Mimikyu|1\n|-damage|p1b: Mimikyu|2/100\n|\n|-damage|p2a: Kingambit|72/100 brn|[from] brn\n|upkeep\n|turn|9\n|\n|t:|1776735266\n|move|p2a: Kingambit|Sucker Punch|p1b: Mimikyu\n|-damage|p1b: Mimikyu|0 fnt\n|faint|p1b: Mimikyu\n|move|p1a: Goodra|Dragon Pulse|p2a: Kingambit\n|-resisted|p2a: Kingambit|1\n|-damage|p2a: Kingambit|53/100 brn\n|\n|-damage|p2a: Kingambit|47/100 brn|[from] brn\n|upkeep\n|\n|t:|1776735270\n|switch|p1b: Incineroar|Incineroar, L50, F, shiny|36/100\n|-ability|p1b: Incineroar|Intimidate|boost\n|-unboost|p2a: Kingambit|atk|1\n|-ability|p2a: Kingambit|Defiant|boost\n|-boost|p2a: Kingambit|atk|2\n|turn|10\n|\n|t:|1776735281\n|move|p2a: Kingambit|Protect|p2a: Kingambit\n|-singleturn|p2a: Kingambit|Protect\n|move|p1b: Incineroar|Fake Out|p2a: Kingambit\n|-activate|p2a: Kingambit|move: Protect\n|move|p1a: Goodra|Dragon Pulse|p2a: Kingambit\n|-activate|p2a: Kingambit|move: Protect\n|\n|-damage|p2a: Kingambit|41/100 brn|[from] brn\n|upkeep\n|turn|11\n|\n|t:|1776735293\n|move|p1a: Goodra|Dragon Pulse|p2a: Kingambit\n|-resisted|p2a: Kingambit|1\n|-damage|p2a: Kingambit|20/100 brn\n|move|p1b: Incineroar|Flare Blitz|p2a: Kingambit\n|-supereffective|p2a: Kingambit|1\n|-damage|p2a: Kingambit|0 fnt\n|faint|p2a: Kingambit\n|-damage|p1b: Incineroar|28/100|[from] Recoil\n|\n|win|pandascot\n|raw|pandascot's rating: 1269 &rarr; <strong>1299</strong><br />(+30 for winning)\n|raw|benjiapollo's rating: 1334 &rarr; <strong>1310</strong><br />(-24 for losing)\n|c|\u2606pandascot|Gg\n",
  "uploadtime": 1776735302,
  "views": 4,
  "formatid": "gen9championsvgc2026regma",
  "rating": 1299,
  "private": 0,
  "password": null
}