{
  "id": "gen9championsvgc2026regma-2583297355",
  "format": "[Gen 9 Champions] VGC 2026 Reg M-A",
  "players": [
    "faric",
    "blaze61"
  ],
  "log": "|j|\u2606faric\n|j|\u2606blaze61\n|t:|1776164388\n|gametype|doubles\n|player|p1|faric|265|1188\n|player|p2|blaze61|pokemonranger-gen4|1112\n|gen|9\n|tier|[Gen 9 Champions] VGC 2026 Reg M-A\n|rated|\n|rule|Species Clause: Limit one of each Pok\u00e9mon\n|rule|Item Clause: Limit 1 of each item\n|clearpoke\n|poke|p1|Charizard, L50, M|\n|poke|p1|Garchomp, L50, F|\n|poke|p1|Rotom-Wash, L50|\n|poke|p1|Incineroar, L50, M|\n|poke|p1|Sneasler, L50, F|\n|poke|p1|Whimsicott, L50, M|\n|poke|p2|Whimsicott, L50, F|\n|poke|p2|Typhlosion-Hisui, L50, M|\n|poke|p2|Roserade, L50, F|\n|poke|p2|Delphox, L50, F|\n|poke|p2|Aerodactyl, L50, M|\n|poke|p2|Sinistcha, L50|\n|teampreview|4\n|inactive|Battle timer is ON: inactive players will automatically lose when time's up. (requested by faric)\n|j| Jvn0\n|inactive|blaze61 has 60 seconds left.\n|\n|t:|1776164426\n|teamsize|p1|4\n|teamsize|p2|4\n|start\n|switch|p1a: Rotom|Rotom-Wash, L50|100/100\n|switch|p1b: Incineroar|Incineroar, L50, M|100/100\n|switch|p2a: Whimsicott|Whimsicott, L50, F, shiny|100/100\n|switch|p2b: Typhlosion|Typhlosion-Hisui, L50, M|100/100\n|-ability|p1b: Incineroar|Intimidate|boost\n|-unboost|p2a: Whimsicott|atk|1\n|-unboost|p2b: Typhlosion|atk|1\n|turn|1\n|l| Jvn0\n|inactive|faric has 30 seconds left.\n|\n|t:|1776164459\n|move|p2b: Typhlosion|Protect|p2b: Typhlosion\n|-singleturn|p2b: Typhlosion|Protect\n|move|p2a: Whimsicott|Tailwind|p2a: Whimsicott\n|-sidestart|p2: blaze61|move: Tailwind\n|move|p1a: Rotom|Volt Switch|p2b: Typhlosion\n|-activate|p2b: Typhlosion|move: Protect\n|move|p1b: Incineroar|Darkest Lariat|p2b: Typhlosion\n|-activate|p2b: Typhlosion|move: Protect\n|\n|upkeep\n|turn|2\n|\n|t:|1776164473\n|move|p2a: Whimsicott|Sunny Day|p2a: Whimsicott\n|-weather|SunnyDay\n|move|p2b: Typhlosion|Eruption|p1b: Incineroar|[spread] p1a,p1b\n|-resisted|p1a: Rotom|1\n|-resisted|p1b: Incineroar|1\n|-damage|p1a: Rotom|50/100\n|-damage|p1b: Incineroar|56/100\n|move|p1a: Rotom|Volt Switch|p2b: Typhlosion\n|-damage|p2b: Typhlosion|49/100\n|\n|t:|1776164483\n|switch|p1a: Whimsicott|Whimsicott, L50, M|100/100|[from] Volt Switch\n|move|p1b: Incineroar|Darkest Lariat|p2b: Typhlosion\n|-supereffective|p2b: Typhlosion|1\n|-damage|p2b: Typhlosion|0 fnt\n|faint|p2b: Typhlosion\n|\n|-weather|SunnyDay|[upkeep]\n|upkeep\n|\n|t:|1776164498\n|switch|p2b: Aerodactyl|Aerodactyl, L50, M|100/100\n|-ability|p2b: Aerodactyl|Unnerve\n|turn|3\n|\n|t:|1776164519\n|detailschange|p2b: Aerodactyl|Aerodactyl-Mega, L50, M\n|-mega|p2b: Aerodactyl|Aerodactyl|Aerodactylite\n|move|p1a: Whimsicott|Tailwind|p1a: Whimsicott\n|-sidestart|p1: faric|move: Tailwind\n|move|p2b: Aerodactyl|Rock Slide|p1b: Incineroar|[spread] p1b\n|-miss|p2b: Aerodactyl|p1a: Whimsicott\n|-supereffective|p1b: Incineroar|1\n|-damage|p1b: Incineroar|0 fnt\n|faint|p1b: Incineroar\n|move|p2a: Whimsicott|Moonblast|p1a: Whimsicott\n|-damage|p1a: Whimsicott|57/100\n|\n|-weather|SunnyDay|[upkeep]\n|upkeep\n|\n|t:|1776164527\n|switch|p1b: Rotom|Rotom-Wash, L50|50/100\n|turn|4\n|inactive|faric has 30 seconds left.\n|inactive|faric has 20 seconds left.\n|inactive|faric has 15 seconds left.\n|\n|t:|1776164568\n|move|p1a: Whimsicott|Protect|p1a: Whimsicott\n|-singleturn|p1a: Whimsicott|Protect\n|move|p2a: Whimsicott|Encore|p1a: Whimsicott\n|-activate|p1a: Whimsicott|move: Protect\n|move|p2b: Aerodactyl|Dual Wingbeat|p1a: Whimsicott\n|-activate|p1a: Whimsicott|move: Protect\n|move|p1b: Rotom|Thunderbolt|p2b: Aerodactyl\n|-supereffective|p2b: Aerodactyl|1\n|-damage|p2b: Aerodactyl|0 fnt\n|faint|p2b: Aerodactyl\n|\n|-weather|SunnyDay|[upkeep]\n|-heal|p1b: Rotom|55/100|[from] item: Leftovers\n|-sideend|p2: blaze61|move: Tailwind\n|upkeep\n|\n|t:|1776164579\n|switch|p2b: Roserade|Roserade, L50, F, shiny|100/100\n|turn|5\n|\n|t:|1776164592\n|move|p1a: Whimsicott|Encore||[still]\n|-fail|p1a: Whimsicott\n|move|p2a: Whimsicott|Tailwind|p2a: Whimsicott\n|-sidestart|p2: blaze61|move: Tailwind\n|move|p2b: Roserade|Solar Beam||[still]\n|-prepare|p2b: Roserade|Solar Beam\n|-anim|p2b: Roserade|Solar Beam|p1b: Rotom\n|-supereffective|p1b: Rotom|1\n|-damage|p1b: Rotom|0 fnt\n|faint|p1b: Rotom\n|\n|-weather|SunnyDay|[upkeep]\n|upkeep\n|\n|t:|1776164600\n|switch|p1b: Charizard|Charizard, L50, M|100/100\n|turn|6\n|\n|t:|1776164623\n|detailschange|p1b: Charizard|Charizard-Mega-Y, L50, M\n|-mega|p1b: Charizard|Charizard|Charizardite Y\n|move|p1a: Whimsicott|Encore|p2a: Whimsicott\n|-start|p2a: Whimsicott|Encore\n|move|p2a: Whimsicott|Tailwind||[still]\n|-fail|p2a: Whimsicott\n|move|p2b: Roserade|Sleep Powder|p1b: Charizard\n|-status|p1b: Charizard|slp|[from] move: Sleep Powder\n|cant|p1b: Charizard|slp\n|\n|-weather|none\n|-sideend|p1: faric|move: Tailwind\n|upkeep\n|turn|7\n|\n|t:|1776164642\n|move|p2a: Whimsicott|Tailwind||[still]\n|-fail|p2a: Whimsicott\n|move|p1a: Whimsicott|Encore|p2b: Roserade\n|-start|p2b: Roserade|Encore\n|move|p2b: Roserade|Sleep Powder|p1b: Charizard\n|-fail|p1b: Charizard|slp\n|cant|p1b: Charizard|slp\n|\n|upkeep\n|turn|8\n|\n|t:|1776164656\n|move|p2a: Whimsicott|Tailwind||[still]\n|-fail|p2a: Whimsicott\n|move|p1a: Whimsicott|Tailwind|p1a: Whimsicott\n|-sidestart|p1: faric|move: Tailwind\n|move|p2b: Roserade|Sleep Powder|p1a: Whimsicott\n|-immune|p1a: Whimsicott\n|-curestatus|p1b: Charizard|slp|[msg]\n|move|p1b: Charizard|Heat Wave|p2b: Roserade|[spread] p2a,p2b\n|-supereffective|p2a: Whimsicott|1\n|-crit|p2a: Whimsicott\n|-supereffective|p2b: Roserade|1\n|-enditem|p2a: Whimsicott|Focus Sash\n|-damage|p2a: Whimsicott|1/100\n|-damage|p2b: Roserade|0 fnt\n|faint|p2b: Roserade\n|\n|-end|p2a: Whimsicott|Encore\n|-sideend|p2: blaze61|move: Tailwind\n|upkeep\n|turn|9\n|c|\u2606blaze61|Gg\n|\n|t:|1776164674\n|move|p1a: Whimsicott|Encore|p2a: Whimsicott\n|-start|p2a: Whimsicott|Encore\n|move|p2a: Whimsicott|Tailwind|p2a: Whimsicott\n|-sidestart|p2: blaze61|move: Tailwind\n|move|p1b: Charizard|Heat Wave|p2a: Whimsicott\n|-supereffective|p2a: Whimsicott|1\n|-damage|p2a: Whimsicott|0 fnt\n|faint|p2a: Whimsicott\n|\n|win|faric\n|raw|faric's rating: 1188 &rarr; <strong>1208</strong><br />(+20 for winning)\n|raw|blaze61's rating: 1112 &rarr; <strong>1092</strong><br />(-20 for losing)\n|l|\u2606blaze61\n|player|p2|\n",
  "uploadtime": 1776164687,
  "views": 43,
  "formatid": "gen9championsvgc2026regma",
  "rating": 1092,
  "private": 0,
  "password": null
}