{
  "id": "gen9championsvgc2026regma-2580739296",
  "format": "[Gen 9 Champions] VGC 2026 Reg M-A",
  "players": [
    "kqami",
    "sammg"
  ],
  "log": "|j|\u2606kqami\n|j|\u2606sammg\n|t:|1775928526\n|gametype|doubles\n|player|p1|kqami|steven|1179\n|player|p2|sammg|101|1261\n|gen|9\n|tier|[Gen 9 Champions] VGC 2026 Reg M-A\n|rated|\n|rule|Species Clause: Limit one of each Pok\u00e9mon\n|rule|Item Clause: Limit 1 of each item\n|clearpoke\n|poke|p1|Whimsicott, L50, F|\n|poke|p1|Orthworm, L50, M|\n|poke|p1|Garchomp, L50, M|\n|poke|p1|Froslass, L50, F|\n|poke|p1|Incineroar, L50, F|\n|poke|p1|Basculegion, L50, M|\n|poke|p2|Maushold-Four, L50|\n|poke|p2|Floette-Eternal, L50, F|\n|poke|p2|Garchomp, L50, M|\n|poke|p2|Talonflame, L50, F|\n|poke|p2|Rotom-Wash, L50|\n|poke|p2|Aegislash, L50, F|\n|teampreview|4\n|inactive|Battle timer is ON: inactive players will automatically lose when time's up. (requested by sammg)\n|inactive|kqami also wants the timer to be on.\n|inactive|kqami has 60 seconds left.\n|inactive|sammg has 60 seconds left.\nkqami rejected open team sheets.\n|\n|t:|1775928572\n|teamsize|p1|4\n|teamsize|p2|4\n|start\n|switch|p1a: Froslass|Froslass, L50, F, shiny|100/100\n|switch|p1b: Incineroar|Incineroar, L50, F|100/100\n|switch|p2a: Garchomp|Garchomp, L50, M|100/100\n|switch|p2b: Talonflame|Talonflame, L50, F|100/100\n|-ability|p1b: Incineroar|Intimidate|boost\n|-unboost|p2a: Garchomp|atk|1\n|-unboost|p2b: Talonflame|atk|1\n|turn|1\n|inactive|kqami has 30 seconds left.\n|inactive|sammg has 30 seconds left.\n|\n|t:|1775928605\n|detailschange|p1a: Froslass|Froslass-Mega, L50, F, shiny\n|-mega|p1a: Froslass|Froslass|Froslassite\n|-weather|Snowscape|[from] ability: Snow Warning|[of] p1a: Froslass\n|move|p1b: Incineroar|Fake Out|p2b: Talonflame\n|-damage|p2b: Talonflame|85/100\n|cant|p2b: Talonflame|flinch\n|move|p1a: Froslass|Blizzard|p2b: Talonflame|[spread] p2a,p2b\n|-supereffective|p2a: Garchomp|2\n|-damage|p2a: Garchomp|0 fnt\n|-damage|p2b: Talonflame|13/100\n|faint|p2a: Garchomp\n|\n|-weather|Snowscape|[upkeep]\n|upkeep\n|\n|t:|1775928617\n|switch|p2a: Maushold|Maushold-Four, L50|100/100\n|turn|2\n|\n|t:|1775928631\n|move|p2a: Maushold|Protect|p2a: Maushold\n|-singleturn|p2a: Maushold|Protect\n|move|p2b: Talonflame|Tailwind|p2b: Talonflame\n|-sidestart|p2: sammg|move: Tailwind\n|move|p1a: Froslass|Blizzard|p2b: Talonflame|[spread] p2b\n|-activate|p2a: Maushold|move: Protect\n|-damage|p2b: Talonflame|0 fnt\n|faint|p2b: Talonflame\n|move|p1b: Incineroar|Parting Shot|p2a: Maushold\n|-activate|p2a: Maushold|move: Protect\n|\n|-weather|Snowscape|[upkeep]\n|upkeep\n|\n|t:|1775928639\n|switch|p2b: Floette|Floette-Eternal, L50, F|100/100\n|turn|3\n|\n|t:|1775928649\n|switch|p1b: Whimsicott|Whimsicott, L50, F, shiny|100/100\n|detailschange|p2b: Floette|Floette-Mega, L50, F\n|-mega|p2b: Floette|Floette|Floettite\n|-ability|p2b: Floette|Fairy Aura\n|move|p1a: Froslass|Protect|p1a: Froslass\n|-singleturn|p1a: Froslass|Protect\n|move|p2a: Maushold|Taunt|p1b: Whimsicott\n|-start|p1b: Whimsicott|move: Taunt\n|move|p2b: Floette|Calm Mind|p2b: Floette\n|-boost|p2b: Floette|spa|1\n|-boost|p2b: Floette|spd|1\n|\n|-weather|Snowscape|[upkeep]\n|upkeep\n|turn|4\n|inactive|sammg has 30 seconds left.\n|\n|t:|1775928678\n|move|p2a: Maushold|Follow Me|p2a: Maushold\n|-singleturn|p2a: Maushold|move: Follow Me\n|move|p2b: Floette|Dazzling Gleam|p1b: Whimsicott|[spread] p1a,p1b\n|-damage|p1a: Froslass|5/100\n|-damage|p1b: Whimsicott|0 fnt\n|faint|p1b: Whimsicott\n|move|p1a: Froslass|Blizzard|p2a: Maushold|[spread] p2a,p2b\n|-damage|p2a: Maushold|42/100\n|-damage|p2b: Floette|84/100\n|\n|-weather|Snowscape|[upkeep]\n|upkeep\n|\n|t:|1775928691\n|switch|p1b: Incineroar|Incineroar, L50, F|100/100\n|-ability|p1b: Incineroar|Intimidate|boost\n|-unboost|p2a: Maushold|atk|1\n|-unboost|p2b: Floette|atk|1\n|turn|5\n|\n|t:|1775928705\n|move|p2b: Floette|Protect|p2b: Floette\n|-singleturn|p2b: Floette|Protect\n|move|p1a: Froslass|Protect|p1a: Froslass\n|-singleturn|p1a: Froslass|Protect\n|move|p1b: Incineroar|Fake Out|p2b: Floette\n|-activate|p2b: Floette|move: Protect\n|move|p2a: Maushold|Super Fang|p1b: Incineroar\n|-damage|p1b: Incineroar|50/100\n|\n|-weather|none\n|-sideend|p2: sammg|move: Tailwind\n|upkeep\n|turn|6\n|\n|t:|1775928726\n|move|p1a: Froslass|Shadow Ball|p2b: Floette\n|-damage|p2b: Floette|69/100\n|move|p2a: Maushold|Taunt|p1b: Incineroar\n|-start|p1b: Incineroar|move: Taunt\n|-enditem|p1b: Incineroar|Mental Herb\n|-end|p1b: Incineroar|move: Taunt\n|move|p2b: Floette|Dazzling Gleam|p1b: Incineroar|[spread] p1a,p1b\n|-damage|p1a: Froslass|0 fnt\n|-damage|p1b: Incineroar|0 fnt\n|faint|p1a: Froslass\n|faint|p1b: Incineroar\n|\n|upkeep\n|\n|t:|1775928733\n|switch|p1b: Basculegion|Basculegion, L50, M|100/100\n|turn|7\n|\n|t:|1775928753\n|move|p2a: Maushold|Follow Me|p2a: Maushold\n|-singleturn|p2a: Maushold|move: Follow Me\n|move|p1b: Basculegion|Wave Crash|p2a: Maushold\n|-damage|p2a: Maushold|0 fnt\n|faint|p2a: Maushold\n|-damage|p1b: Basculegion|88/100|[from] Recoil\n|move|p2b: Floette|Moonblast|p1b: Basculegion\n|-crit|p1b: Basculegion\n|-damage|p1b: Basculegion|0 fnt\n|faint|p1b: Basculegion\n|\n|win|sammg\n|raw|kqami's rating: 1179 &rarr; <strong>1160</strong><br />(-19 for losing)\n|raw|sammg's rating: 1261 &rarr; <strong>1280</strong><br />(+19 for winning)\n|l|\u2606kqami\n|player|p1|\n",
  "uploadtime": 1775928776,
  "views": 56,
  "formatid": "gen9championsvgc2026regma",
  "rating": 1160,
  "private": 0,
  "password": null
}