{
  "id": "gen9championsvgc2026regma-2586540200",
  "format": "[Gen 9 Champions] VGC 2026 Reg M-A",
  "players": [
    "Vika_F44",
    "smoltuna"
  ],
  "log": "|j|\u2606Vika_F44\n|j|\u2606smoltuna\n|t:|1776441693\n|gametype|doubles\n|player|p1|Vika_F44|bianca|1312\n|player|p2|smoltuna|pokefanf-gen2|1311\n|gen|9\n|tier|[Gen 9 Champions] VGC 2026 Reg M-A\n|rated|\n|rule|Species Clause: Limit one of each Pok\u00e9mon\n|rule|Item Clause: Limit 1 of each item\n|clearpoke\n|poke|p1|Raichu, L50, M|\n|poke|p1|Blastoise, L50, M|\n|poke|p1|Kingambit, L50, M|\n|poke|p1|Farigiraf, L50, F|\n|poke|p1|Sinistcha, L50|\n|poke|p1|Aerodactyl, L50, M|\n|poke|p2|Froslass, L50, F|\n|poke|p2|Rotom-Frost, L50|\n|poke|p2|Incineroar, L50, F|\n|poke|p2|Garchomp, L50, F|\n|poke|p2|Empoleon, L50, F|\n|poke|p2|Kingambit, L50, M|\n|teampreview|4\nVika_F44 has agreed to open team sheets.\n|inactive|Battle timer is ON: inactive players will automatically lose when time's up. (requested by Vika_F44)\n|inactive|smoltuna has 60 seconds left.\n|inactive|smoltuna has 30 seconds left.\n|inactive|smoltuna has 20 seconds left.\n|\n|t:|1776441811\n|teamsize|p1|4\n|teamsize|p2|4\n|start\n|switch|p1a: Kingambit|Kingambit, L50, M|100/100\n|switch|p1b: Farigiraf|Farigiraf, L50, F|100/100\n|switch|p2a: Incineroar|Incineroar, L50, F, shiny|100/100\n|switch|p2b: Froslass|Froslass, L50, F|100/100\n|-ability|p2a: Incineroar|Intimidate|boost\n|-unboost|p1a: Kingambit|atk|1\n|-ability|p1a: Kingambit|Defiant|boost\n|-boost|p1a: Kingambit|atk|2\n|-unboost|p1b: Farigiraf|atk|1\n|turn|1\n|inactive|Vika_F44 has 30 seconds left.\n|inactive|Vika_F44 has 20 seconds left.\n|inactive|Vika_F44 has 15 seconds left.\n|inactive|Vika_F44 has 10 seconds left.\n|\n|t:|1776441857\n|switch|p2b: Garchomp|Garchomp, L50, F, shiny|100/100\n|switch|p1a: Blastoise|Blastoise, L50, M|100/100\n|move|p2a: Incineroar|Flare Blitz|p1a: Blastoise\n|-resisted|p1a: Blastoise|1\n|-damage|p1a: Blastoise|70/100\n|-damage|p2a: Incineroar|92/100|[from] Recoil\n|move|p1b: Farigiraf|Trick Room|p1b: Farigiraf\n|-fieldstart|move: Trick Room|[of] p1b: Farigiraf\n|\n|upkeep\n|turn|2\n|\n|t:|1776441876\n|switch|p1b: Sinistcha|Sinistcha, L50|100/100\n|-heal|p1a: Blastoise|95/100|[from] ability: Hospitality|[of] p1b: Sinistcha\n|detailschange|p1a: Blastoise|Blastoise-Mega, L50, M\n|-mega|p1a: Blastoise|Blastoise|Blastoisinite\n|move|p2b: Garchomp|Protect|p2b: Garchomp\n|-singleturn|p2b: Garchomp|Protect\n|move|p2a: Incineroar|Parting Shot|p1a: Blastoise\n|-unboost|p1a: Blastoise|atk|1\n|-unboost|p1a: Blastoise|spa|1\n|\n|t:|1776441883\n|switch|p2a: Rotom|Rotom-Frost, L50, shiny|100/100|[from] Parting Shot\n|move|p1a: Blastoise|Water Spout|p2b: Garchomp|[spread] p2a\n|-activate|p2b: Garchomp|move: Protect\n|-damage|p2a: Rotom|43/100\n|\n|upkeep\n|turn|3\n|\n|t:|1776441900\n|switch|p1b: Kingambit|Kingambit, L50, M|100/100\n|move|p1a: Blastoise|Ice Beam|p2b: Garchomp\n|-supereffective|p2b: Garchomp|2\n|-damage|p2b: Garchomp|0 fnt\n|faint|p2b: Garchomp\n|move|p2a: Rotom|Electroweb|p1b: Kingambit|[spread] p1a,p1b\n|-supereffective|p1a: Blastoise|1\n|-damage|p1a: Blastoise|62/100\n|-damage|p1b: Kingambit|84/100\n|-unboost|p1a: Blastoise|spe|1\n|-unboost|p1b: Kingambit|spe|1\n|-ability|p1b: Kingambit|Defiant|boost\n|-boost|p1b: Kingambit|atk|2\n|\n|upkeep\n|\n|t:|1776441906\n|switch|p2b: Incineroar|Incineroar, L50, F, shiny|92/100\n|-ability|p2b: Incineroar|Intimidate|boost\n|-unboost|p1a: Blastoise|atk|1\n|-unboost|p1b: Kingambit|atk|1\n|-ability|p1b: Kingambit|Defiant|boost\n|-boost|p1b: Kingambit|atk|2\n|turn|4\n|\n|t:|1776441919\n|switch|p1a: Farigiraf|Farigiraf, L50, F|100/100\n|move|p2b: Incineroar|Fake Out||[still]\n|cant|p1a: Farigiraf|ability: Armor Tail|Fake Out|[of] p2b: Incineroar\n|move|p1b: Kingambit|Kowtow Cleave|p2a: Rotom\n|-damage|p2a: Rotom|0 fnt\n|faint|p2a: Rotom\n|\n|upkeep\n|\n|t:|1776441924\n|switch|p2a: Froslass|Froslass, L50, F|100/100\n|turn|5\n|\n|t:|1776441936\n|detailschange|p2a: Froslass|Froslass-Mega, L50, F\n|-mega|p2a: Froslass|Froslass|Froslassite\n|-weather|Snowscape|[from] ability: Snow Warning|[of] p2a: Froslass\n|move|p1b: Kingambit|Kowtow Cleave|p2a: Froslass\n|-supereffective|p2a: Froslass|1\n|-damage|p2a: Froslass|0 fnt\n|faint|p2a: Froslass\n|move|p1a: Farigiraf|Rain Dance|p1a: Farigiraf\n|-weather|RainDance\n|move|p2b: Incineroar|Flare Blitz|p1b: Kingambit\n|-supereffective|p1b: Kingambit|1\n|-damage|p1b: Kingambit|43/100\n|-damage|p2b: Incineroar|78/100|[from] Recoil\n|\n|-weather|RainDance|[upkeep]\n|-fieldend|move: Trick Room\n|upkeep\n|turn|6\n|c|\u2606smoltuna|gg\n|c|\u2606smoltuna|got owned\n|-message|smoltuna forfeited.\n|\n|win|Vika_F44\n|raw|Vika_F44's rating: 1312 &rarr; <strong>1332</strong><br />(+20 for winning)\n|raw|smoltuna's rating: 1311 &rarr; <strong>1291</strong><br />(-20 for losing)\n|c|\u2606Vika_F44|ggs\n|l|\u2606smoltuna\n|player|p2|\n",
  "uploadtime": 1776441958,
  "views": 46,
  "formatid": "gen9championsvgc2026regma",
  "rating": 1291,
  "private": 0,
  "password": null
}