{
  "id": "gen9championsvgc2026regma-2586097336",
  "format": "[Gen 9 Champions] VGC 2026 Reg M-A",
  "players": [
    "SirSocksALot",
    "LesbianMawile"
  ],
  "log": "|j|\u2606SirSocksALot\n|j|\u2606LesbianMawile\n|t:|1776398681\n|gametype|doubles\n|player|p1|SirSocksALot|benga|1157\n|player|p2|LesbianMawile|rika|1191\n|gen|9\n|tier|[Gen 9 Champions] VGC 2026 Reg M-A\n|rated|\n|rule|Species Clause: Limit one of each Pok\u00e9mon\n|rule|Item Clause: Limit 1 of each item\n|clearpoke\n|poke|p1|Gyarados, L50, M|\n|poke|p1|Raichu, L50, F|\n|poke|p1|Politoed, L50, F|\n|poke|p1|Talonflame, L50, F|\n|poke|p1|Azumarill, L50, F|\n|poke|p1|Archaludon, L50, F|\n|poke|p2|Crabominable, L50, F|\n|poke|p2|Tinkaton, L50, F|\n|poke|p2|Slowking, L50, M|\n|poke|p2|Farigiraf, L50, F|\n|poke|p2|Arcanine-Hisui, L50, F|\n|poke|p2|Sinistcha, L50|\n|teampreview|4\n|inactive|Battle timer is ON: inactive players will automatically lose when time's up. (requested by SirSocksALot)\n|inactive|SirSocksALot has 60 seconds left.\n|inactive|SirSocksALot has 30 seconds left.\n|\n|t:|1776398746\n|teamsize|p1|4\n|teamsize|p2|4\n|start\n|switch|p1a: Politoed|Politoed, L50, F|100/100\n|switch|p1b: Azumarill|Azumarill, L50, F|100/100\n|switch|p2a: Crabominable|Crabominable, L50, F, shiny|100/100\n|switch|p2b: Farigiraf|Farigiraf, L50, F, shiny|100/100\n|-weather|RainDance|[from] ability: Drizzle|[of] p1a: Politoed\n|turn|1\n|\n|t:|1776398768\n|move|p2a: Crabominable|Protect|p2a: Crabominable\n|-singleturn|p2a: Crabominable|Protect\n|move|p1a: Politoed|Weather Ball|p2b: Farigiraf\n|-damage|p2b: Farigiraf|46/100\n|move|p1b: Azumarill|Knock Off|p2b: Farigiraf\n|-supereffective|p2b: Farigiraf|1\n|-damage|p2b: Farigiraf|0 fnt\n|-enditem|p2b: Farigiraf|Mental Herb|[from] move: Knock Off|[of] p1b: Azumarill\n|faint|p2b: Farigiraf\n|\n|-weather|RainDance|[upkeep]\n|upkeep\n|\n|t:|1776398778\n|switch|p2b: Sinistcha|Sinistcha, L50|100/100\n|turn|2\n|\n|t:|1776398797\n|switch|p2a: Slowking|Slowking, L50, M|100/100\n|move|p2b: Sinistcha|Matcha Gotcha|p1b: Azumarill|[spread] p1a,p1b\n|-supereffective|p1a: Politoed|1\n|-supereffective|p1b: Azumarill|1\n|-damage|p1a: Politoed|58/100\n|-damage|p1b: Azumarill|45/100\n|-status|p1b: Azumarill|brn\n|move|p1a: Politoed|Icy Wind|p2a: Slowking|[spread] p2a,p2b\n|-resisted|p2a: Slowking|1\n|-supereffective|p2b: Sinistcha|1\n|-damage|p2a: Slowking|96/100\n|-damage|p2b: Sinistcha|78/100\n|-unboost|p2a: Slowking|spe|1\n|-unboost|p2b: Sinistcha|spe|1\n|move|p1b: Azumarill|Play Rough|p2a: Slowking\n|-damage|p2a: Slowking|74/100\n|\n|-weather|RainDance|[upkeep]\n|-heal|p2a: Slowking|80/100|[from] item: Leftovers\n|-damage|p1b: Azumarill|39/100 brn|[from] brn\n|upkeep\n|turn|3\n|inactive|SirSocksALot has 30 seconds left.\n|\n|t:|1776398827\n|move|p2b: Sinistcha|Rage Powder|p2b: Sinistcha\n|-singleturn|p2b: Sinistcha|move: Rage Powder\n|move|p1a: Politoed|Icy Wind|p2b: Sinistcha|[spread] p2a,p2b\n|-resisted|p2a: Slowking|1\n|-supereffective|p2b: Sinistcha|1\n|-damage|p2a: Slowking|76/100\n|-damage|p2b: Sinistcha|56/100\n|-unboost|p2a: Slowking|spe|1\n|-unboost|p2b: Sinistcha|spe|1\n|move|p1b: Azumarill|Knock Off|p2b: Sinistcha\n|-supereffective|p2b: Sinistcha|1\n|-damage|p2b: Sinistcha|21/100\n|-enditem|p2b: Sinistcha|Occa Berry|[from] move: Knock Off|[of] p1b: Azumarill\n|move|p2a: Slowking|Trick Room|p2a: Slowking\n|-fieldstart|move: Trick Room|[of] p2a: Slowking\n|\n|-weather|RainDance|[upkeep]\n|-heal|p2a: Slowking|82/100|[from] item: Leftovers\n|-damage|p1b: Azumarill|33/100 brn|[from] brn\n|upkeep\n|turn|4\n|\n|t:|1776398850\n|move|p1b: Azumarill|Protect|p1b: Azumarill\n|-singleturn|p1b: Azumarill|Protect\n|move|p1a: Politoed|Protect|p1a: Politoed\n|-singleturn|p1a: Politoed|Protect\n|-prepare|p2a: Slowking|Chilly Reception|[premajor]\n|move|p2a: Slowking|Chilly Reception|p2a: Slowking\n|-weather|Snowscape\n|\n|t:|1776398857\n|switch|p2a: Crabominable|Crabominable, L50, F, shiny|100/100|[from] Chilly Reception\n|move|p2b: Sinistcha|Matcha Gotcha|p1b: Azumarill|[spread] \n|-activate|p1a: Politoed|move: Protect\n|-activate|p1b: Azumarill|move: Protect\n|\n|-weather|Snowscape|[upkeep]\n|-damage|p1b: Azumarill|26/100 brn|[from] brn\n|upkeep\n|turn|5\n|\n|t:|1776398875\n|move|p1b: Azumarill|Aqua Jet|p2a: Crabominable\n|-damage|p2a: Crabominable|90/100\n|move|p2b: Sinistcha|Matcha Gotcha|p1a: Politoed|[spread] p1a,p1b\n|-supereffective|p1a: Politoed|1\n|-supereffective|p1b: Azumarill|1\n|-damage|p1a: Politoed|15/100\n|-heal|p2b: Sinistcha|45/100|[from] drain|[of] p1a: Politoed\n|-damage|p1b: Azumarill|0 fnt\n|-heal|p2b: Sinistcha|58/100|[from] drain|[of] p1b: Azumarill\n|faint|p1b: Azumarill\n|move|p2a: Crabominable|Drain Punch|p1a: Politoed\n|-damage|p1a: Politoed|0 fnt\n|-heal|p2a: Crabominable|98/100|[from] drain|[of] p1a: Politoed\n|faint|p1a: Politoed\n|\n|-weather|Snowscape|[upkeep]\n|upkeep\n|\n|t:|1776398891\n|switch|p1b: Talonflame|Talonflame, L50, F|100/100\n|switch|p1a: Gyarados|Gyarados, L50, M|100/100\n|-ability|p1a: Gyarados|Intimidate|boost\n|-fail|p2a: Crabominable|unboost|Attack|[from] ability: Hyper Cutter|[of] p2a: Crabominable\n|-unboost|p2b: Sinistcha|atk|1\n|turn|6\n|\n|t:|1776398902\n|detailschange|p2a: Crabominable|Crabominable-Mega, L50, F, shiny\n|-mega|p2a: Crabominable|Crabominable|Crabominite\n|detailschange|p1a: Gyarados|Gyarados-Mega, L50, M\n|-mega|p1a: Gyarados|Gyarados|Gyaradosite\n|-ability|p1a: Gyarados|Mold Breaker\n|move|p1a: Gyarados|Protect|p1a: Gyarados\n|-singleturn|p1a: Gyarados|Protect\n|move|p1b: Talonflame|Protect|p1b: Talonflame\n|-singleturn|p1b: Talonflame|Protect\n|move|p2b: Sinistcha|Rage Powder|p2b: Sinistcha\n|-singleturn|p2b: Sinistcha|move: Rage Powder\n|move|p2a: Crabominable|Ice Hammer|p1a: Gyarados\n|-activate|p1a: Gyarados|move: Protect\n|\n|-weather|Snowscape|[upkeep]\n|upkeep\n|turn|7\n|inactive|SirSocksALot has 30 seconds left.\n|\n|t:|1776398936\n|move|p1a: Gyarados|Protect||[still]\n|-fail|p1a: Gyarados\n|move|p2b: Sinistcha|Rage Powder|p2b: Sinistcha\n|-singleturn|p2b: Sinistcha|move: Rage Powder\n|move|p1b: Talonflame|Brave Bird|p2b: Sinistcha\n|-supereffective|p2b: Sinistcha|1\n|-damage|p2b: Sinistcha|0 fnt\n|faint|p2b: Sinistcha\n|-damage|p1b: Talonflame|82/100|[from] Recoil\n|move|p2a: Crabominable|Drain Punch|p1a: Gyarados\n|-supereffective|p1a: Gyarados|1\n|-damage|p1a: Gyarados|0 fnt\n|-heal|p2a: Crabominable|100/100|[from] drain|[of] p1a: Gyarados\n|faint|p1a: Gyarados\n|\n|-weather|Snowscape|[upkeep]\n|-fieldend|move: Trick Room\n|upkeep\n|\n|t:|1776398951\n|switch|p2b: Slowking|Slowking, L50, M|100/100\n|turn|8\n|\n|t:|1776398963\n|move|p2a: Crabominable|Protect|p2a: Crabominable\n|-singleturn|p2a: Crabominable|Protect\n|move|p1b: Talonflame|Flare Blitz|p2a: Crabominable\n|-activate|p2a: Crabominable|move: Protect\n|move|p2b: Slowking|Scald|p1b: Talonflame\n|-supereffective|p1b: Talonflame|1\n|-damage|p1b: Talonflame|7/100\n|-enditem|p1b: Talonflame|Sitrus Berry|[eat]\n|-heal|p1b: Talonflame|31/100|[from] item: Sitrus Berry\n|\n|-weather|none\n|upkeep\n|turn|9\n|\n|t:|1776398975\n|move|p2a: Crabominable|Mach Punch|p1b: Talonflame\n|-resisted|p1b: Talonflame|1\n|-crit|p1b: Talonflame\n|-damage|p1b: Talonflame|0 fnt\n|faint|p1b: Talonflame\n|\n|win|LesbianMawile\n|raw|SirSocksALot's rating: 1157 &rarr; <strong>1134</strong><br />(-23 for losing)\n|raw|LesbianMawile's rating: 1191 &rarr; <strong>1214</strong><br />(+23 for winning)\n|l|\u2606SirSocksALot\n|player|p1|\n",
  "uploadtime": 1776399106,
  "views": 17,
  "formatid": "gen9championsvgc2026regma",
  "rating": 1134,
  "private": 0,
  "password": null
}