{
  "id": "gen9championsvgc2026regma-2582297004",
  "format": "[Gen 9 Champions] VGC 2026 Reg M-A",
  "players": [
    "fangyusuhe",
    "clodsirethebest"
  ],
  "log": "|j|\u2606fangyusuhe\n|j|\u2606clodsirethebest\n|t:|1776080910\n|gametype|doubles\n|player|p1|fangyusuhe|dawn|1309\n|player|p2|clodsirethebest|101|1228\n|gen|9\n|tier|[Gen 9 Champions] VGC 2026 Reg M-A\n|rated|\n|rule|Species Clause: Limit one of each Pok\u00e9mon\n|rule|Item Clause: Limit 1 of each item\n|clearpoke\n|poke|p1|Incineroar, L50, M|\n|poke|p1|Sinistcha, L50|\n|poke|p1|Kingambit, L50, M|\n|poke|p1|Floette-Eternal, L50, F|\n|poke|p1|Dragapult, L50, M|\n|poke|p1|Sneasler, L50, F|\n|poke|p2|Gardevoir, L50, F|\n|poke|p2|Aegislash, L50, F|\n|poke|p2|Aerodactyl, L50, F|\n|poke|p2|Tauros-Paldea-Aqua, L50, M|\n|poke|p2|Hydreigon, L50, M|\n|poke|p2|Rotom-Heat, L50|\n|teampreview|4\n|\n|t:|1776080939\n|teamsize|p1|4\n|teamsize|p2|4\n|start\n|switch|p1a: Sneasler|Sneasler, L50, F|100/100\n|switch|p1b: Dragapult|Dragapult, L50, M|100/100\n|switch|p2a: Aegislash|Aegislash, L50, F|100/100\n|switch|p2b: Rotom|Rotom-Heat, L50|100/100\n|turn|1\n|inactive|Battle timer is ON: inactive players will automatically lose when time's up. (requested by clodsirethebest)\n|\n|t:|1776080969\n|move|p2b: Rotom|Electroweb|p1b: Dragapult|[spread] p1a,p1b\n|-crit|p1a: Sneasler\n|-resisted|p1b: Dragapult|1\n|-damage|p1a: Sneasler|63/100\n|-damage|p1b: Dragapult|88/100\n|-unboost|p1a: Sneasler|spe|1\n|-enditem|p1a: Sneasler|White Herb\n|-clearnegativeboost|p1a: Sneasler|[silent]\n|move|p1a: Sneasler|Close Combat|p2b: Rotom\n|-damage|p2b: Rotom|18/100\n|-unboost|p1a: Sneasler|def|1\n|-unboost|p1a: Sneasler|spd|1\n|move|p1b: Dragapult|Will-O-Wisp|p2a: Aegislash\n|-status|p2a: Aegislash|brn\n|-formechange|p2a: Aegislash|Aegislash-Blade|\n|move|p2a: Aegislash|Poltergeist|p1b: Dragapult\n|-activate|p1b: Dragapult|move: Poltergeist|Focus Sash\n|-supereffective|p1b: Dragapult|1\n|-damage|p1b: Dragapult|0 fnt\n|faint|p1b: Dragapult\n|\n|-damage|p2a: Aegislash|95/100 brn|[from] brn\n|upkeep\n|\n|t:|1776080989\n|switch|p1b: Kingambit|Kingambit, L50, M|100/100\n|turn|2\n|l|\u2606fangyusuhe\n|inactive|fangyusuhe disconnected and has a minute to reconnect!\n|player|p1|\n|j|\u2606fangyusuhe\n|inactive|fangyusuhe reconnected.\n|player|p1|fangyusuhe|dawn|\n|inactive|clodsirethebest has 30 seconds left.\n|inactive|clodsirethebest has 20 seconds left.\n|inactive|clodsirethebest has 15 seconds left.\n|inactive|clodsirethebest has 10 seconds left.\n|inactive|clodsirethebest has 5 seconds left.\n|\n|t:|1776081041\n|switch|p2b: Hydreigon|Hydreigon, L50, M|100/100\n|-formechange|p2a: Aegislash|Aegislash|\n|move|p2a: Aegislash|King's Shield|p2a: Aegislash\n|-singleturn|p2a: Aegislash|Protect\n|move|p1a: Sneasler|Dire Claw|p2b: Hydreigon\n|-damage|p2b: Hydreigon|57/100\n|move|p1b: Kingambit|Kowtow Cleave|p2a: Aegislash\n|-activate|p2a: Aegislash|move: Protect\n|-unboost|p1b: Kingambit|atk|1\n|-ability|p1b: Kingambit|Defiant|boost\n|-boost|p1b: Kingambit|atk|2\n|\n|-damage|p2a: Aegislash|89/100 brn|[from] brn\n|upkeep\n|turn|3\n|inactive|clodsirethebest has 30 seconds left.\n|\n|t:|1776081067\n|move|p2b: Hydreigon|Protect|p2b: Hydreigon\n|-singleturn|p2b: Hydreigon|Protect\n|-formechange|p2a: Aegislash|Aegislash-Blade|\n|move|p2a: Aegislash|Shadow Sneak|p1a: Sneasler\n|-damage|p1a: Sneasler|31/100\n|move|p1a: Sneasler|Close Combat|p2b: Hydreigon\n|-activate|p2b: Hydreigon|move: Protect\n|move|p1b: Kingambit|Kowtow Cleave|p2a: Aegislash\n|-supereffective|p2a: Aegislash|1\n|-damage|p2a: Aegislash|0 fnt\n|faint|p2a: Aegislash\n|\n|upkeep\n|\n|t:|1776081086\n|switch|p2a: Rotom|Rotom-Heat, L50|18/100\n|turn|4\n|\n|t:|1776081107\n|move|p1a: Sneasler|Dire Claw|p2a: Rotom\n|-damage|p2a: Rotom|0 fnt\n|faint|p2a: Rotom\n|move|p2b: Hydreigon|Earth Power|p1b: Kingambit\n|-supereffective|p1b: Kingambit|1\n|-damage|p1b: Kingambit|39/100\n|move|p1b: Kingambit|Low Kick|p2b: Hydreigon\n|-supereffective|p2b: Hydreigon|1\n|-enditem|p2b: Hydreigon|Chople Berry|[eat]\n|-enditem|p2b: Hydreigon|Chople Berry|[weaken]\n|-damage|p2b: Hydreigon|2/100\n|\n|upkeep\n|\n|t:|1776081117\n|switch|p2a: Gardevoir|Gardevoir, L50, F|100/100\n|turn|5\n|\n|t:|1776081124\n|detailschange|p2a: Gardevoir|Gardevoir-Mega, L50, F\n|-mega|p2a: Gardevoir|Gardevoir|Gardevoirite\n|move|p2b: Hydreigon|Protect|p2b: Hydreigon\n|-singleturn|p2b: Hydreigon|Protect\n|move|p1b: Kingambit|Sucker Punch||[still]\n|-fail|p1b: Kingambit\n|move|p1a: Sneasler|Dire Claw|p2a: Gardevoir\n|-supereffective|p2a: Gardevoir|1\n|-damage|p2a: Gardevoir|0 fnt\n|faint|p2a: Gardevoir\n|\n|upkeep\n|turn|6\n|-message|clodsirethebest forfeited.\n|\n|win|fangyusuhe\n|raw|fangyusuhe's rating: 1309 &rarr; <strong>1324</strong><br />(+15 for winning)\n|raw|clodsirethebest's rating: 1228 &rarr; <strong>1209</strong><br />(-19 for losing)\n|l|\u2606clodsirethebest\n|player|p2|\n",
  "uploadtime": 1776081143,
  "views": 39,
  "formatid": "gen9championsvgc2026regma",
  "rating": 1209,
  "private": 0,
  "password": null
}