{
  "id": "gen9championsvgc2026regma-2581300980",
  "format": "[Gen 9 Champions] VGC 2026 Reg M-A",
  "players": [
    "Adricrack2090",
    "Lyiter"
  ],
  "log": "|j|\u2606Adricrack2090\n|j|\u2606Lyiter\n|t:|1775983525\n|gametype|doubles\n|player|p1|Adricrack2090|bruno|1363\n|player|p2|Lyiter|skier|1399\n|gen|9\n|tier|[Gen 9 Champions] VGC 2026 Reg M-A\n|rated|\n|rule|Species Clause: Limit one of each Pok\u00e9mon\n|rule|Item Clause: Limit 1 of each item\n|clearpoke\n|poke|p1|Charizard, L50, F|\n|poke|p1|Kingambit, L50, M|\n|poke|p1|Maushold-Four, L50|\n|poke|p1|Sneasler, L50, M|\n|poke|p1|Dragapult, L50, F|\n|poke|p1|Garchomp, L50, F|\n|poke|p2|Excadrill, L50, M|\n|poke|p2|Weavile, L50, F|\n|poke|p2|Tyranitar, L50, F|\n|poke|p2|Sneasler, L50, F|\n|poke|p2|Azumarill, L50, M|\n|poke|p2|Gardevoir, L50, F|\n|teampreview|4\n|inactive|Battle timer is ON: inactive players will automatically lose when time's up. (requested by Adricrack2090)\nLyiter rejected open team sheets.\n|inactive|Adricrack2090 has 60 seconds left.\n|j| gE1xjZRtuhW2DdT0AK\n|\n|t:|1775983571\n|teamsize|p1|4\n|teamsize|p2|4\n|start\n|switch|p1a: Garchomp|Garchomp, L50, F|100/100\n|switch|p1b: Sneasler|Sneasler, L50, M|100/100\n|switch|p2a: Azumarill|Azumarill, L50, M|100/100\n|switch|p2b: Weavile|Weavile, L50, F|100/100\n|-ability|p2b: Weavile|Pressure\n|turn|1\n|\n|t:|1775983593\n|move|p2b: Weavile|Fake Out|p1b: Sneasler\n|-damage|p1b: Sneasler|76/100\n|cant|p1b: Sneasler|flinch\n|move|p1a: Garchomp|Rock Slide|p2a: Azumarill|[spread] p2a,p2b\n|-supereffective|p2b: Weavile|1\n|-damage|p2a: Azumarill|82/100\n|-damage|p2b: Weavile|32/100\n|move|p2a: Azumarill|Belly Drum|p2a: Azumarill\n|-damage|p2a: Azumarill|32/100\n|-setboost|p2a: Azumarill|atk|6|[from] move: Belly Drum\n|-enditem|p2a: Azumarill|Sitrus Berry|[eat]\n|-heal|p2a: Azumarill|57/100|[from] item: Sitrus Berry\n|\n|upkeep\n|turn|2\n|j| DOKIBOKKI\n|\n|t:|1775983615\n|switch|p2b: Sneasler|Sneasler, L50, F|100/100\n|switch|p1b: Charizard|Charizard, L50, F|100/100\n|move|p2a: Azumarill|Aqua Jet|p1b: Charizard\n|-supereffective|p1b: Charizard|1\n|-damage|p1b: Charizard|0 fnt\n|faint|p1b: Charizard\n|move|p1a: Garchomp|Rock Slide|p2b: Sneasler|[spread] p2a,p2b\n|-resisted|p2b: Sneasler|1\n|-damage|p2a: Azumarill|39/100\n|-damage|p2b: Sneasler|85/100\n|\n|upkeep\n|\n|t:|1775983627\n|switch|p1b: Sneasler|Sneasler, L50, M|76/100\n|turn|3\n|\n|t:|1775983632\n|switch|p1a: Kingambit|Kingambit, L50, M|100/100\n|move|p2a: Azumarill|Protect|p2a: Azumarill\n|-singleturn|p2a: Azumarill|Protect\n|move|p1b: Sneasler|Fake Out|p2a: Azumarill\n|-activate|p2a: Azumarill|move: Protect\n|move|p2b: Sneasler|Fake Out|p1a: Kingambit\n|-resisted|p1a: Kingambit|1\n|-damage|p1a: Kingambit|94/100\n|\n|upkeep\n|turn|4\n|l| DOKIBOKKI\n|\n|t:|1775983649\n|switch|p1b: Garchomp|Garchomp, L50, F|100/100\n|move|p1a: Kingambit|Protect|p1a: Kingambit\n|-singleturn|p1a: Kingambit|Protect\n|move|p2a: Azumarill|Aqua Jet|p1b: Garchomp\n|-damage|p1b: Garchomp|0 fnt\n|-damage|p2a: Azumarill|26/100|[from] ability: Rough Skin|[of] p1b: Garchomp\n|faint|p1b: Garchomp\n|move|p2b: Sneasler|Close Combat|p1a: Kingambit\n|-activate|p1a: Kingambit|move: Protect\n|\n|upkeep\n|\n|t:|1775983657\n|switch|p1b: Sneasler|Sneasler, L50, M|76/100\n|turn|5\n|\n|t:|1775983665\n|switch|p2b: Weavile|Weavile, L50, F|32/100\n|-ability|p2b: Weavile|Pressure\n|move|p2a: Azumarill|Protect|p2a: Azumarill\n|-singleturn|p2a: Azumarill|Protect\n|move|p1b: Sneasler|Fake Out|p2b: Weavile\n|-damage|p2b: Weavile|9/100\n|move|p1a: Kingambit|Sucker Punch||[still]\n|-fail|p1a: Kingambit\n|\n|upkeep\n|turn|6\n|\n|t:|1775983682\n|move|p2b: Weavile|Fake Out|p1a: Kingambit\n|-resisted|p1a: Kingambit|1\n|-damage|p1a: Kingambit|89/100\n|cant|p1a: Kingambit|flinch\n|move|p2a: Azumarill|Aqua Jet|p1b: Sneasler\n|-crit|p1b: Sneasler\n|-damage|p1b: Sneasler|0 fnt\n|faint|p1b: Sneasler\n|\n|upkeep\n|turn|7\n|-message|Adricrack2090 forfeited.\n|\n|win|Lyiter\n|raw|Adricrack2090's rating: 1363 &rarr; <strong>1345</strong><br />(-18 for losing)\n|raw|Lyiter's rating: 1399 &rarr; <strong>1417</strong><br />(+18 for winning)\n|l|\u2606Adricrack2090\n|player|p1|\n",
  "uploadtime": 1775983694,
  "views": 49,
  "formatid": "gen9championsvgc2026regma",
  "rating": 1345,
  "private": 0,
  "password": null
}