{
  "id": "gen9championsvgc2026regma-2581574154",
  "format": "[Gen 9 Champions] VGC 2026 Reg M-A",
  "players": [
    "emma grande",
    "Justiceforgreninja"
  ],
  "log": "|j|\u2606emma grande\n|j|\u2606Justiceforgreninja\n|t:|1776012097\n|gametype|doubles\n|player|p1|emma grande|ninjaboy|1358\n|player|p2|Justiceforgreninja|1|1306\n|gen|9\n|tier|[Gen 9 Champions] VGC 2026 Reg M-A\n|rated|\n|rule|Species Clause: Limit one of each Pok\u00e9mon\n|rule|Item Clause: Limit 1 of each item\n|clearpoke\n|poke|p1|Delphox, L50, M|\n|poke|p1|Primarina, L50, F|\n|poke|p1|Krookodile, L50, M|\n|poke|p1|Ninetales-Alola, L50, F|\n|poke|p1|Dragonite, L50, M|\n|poke|p1|Sneasler, L50, F|\n|poke|p2|Greninja-*, L50, M|\n|poke|p2|Incineroar, L50, F|\n|poke|p2|Sneasler, L50, M|\n|poke|p2|Sinistcha, L50|\n|poke|p2|Pelipper, L50, F|\n|poke|p2|Araquanid, L50, M|\n|teampreview|4\n|j| WilhelmGoat\n|\n|t:|1776012175\n|teamsize|p1|4\n|teamsize|p2|4\n|start\n|switch|p1a: Sneasler|Sneasler, L50, F|100/100\n|switch|p1b: Dragonite|Dragonite, L50, M|100/100\n|switch|p2a: Greninja|Greninja, L50, M|100/100\n|switch|p2b: Incineroar|Incineroar, L50, F|100/100\n|-ability|p2b: Incineroar|Intimidate|boost\n|-unboost|p1a: Sneasler|atk|1\n|-unboost|p1b: Dragonite|atk|1\n|-enditem|p1a: Sneasler|White Herb\n|-clearnegativeboost|p1a: Sneasler|[silent]\n|turn|1\n|\n|t:|1776012189\n|switch|p2a: Pelipper|Pelipper, L50, F|100/100\n|-weather|RainDance|[from] ability: Drizzle|[of] p2a: Pelipper\n|move|p1a: Sneasler|Fake Out|p2a: Pelipper\n|-damage|p2a: Pelipper|85/100\n|move|p2b: Incineroar|Fake Out|p1b: Dragonite\n|-damage|p1b: Dragonite|95/100\n|cant|p1b: Dragonite|flinch\n|\n|-weather|RainDance|[upkeep]\n|upkeep\n|turn|2\n|\n|t:|1776012210\n|move|p1a: Sneasler|Dire Claw|p2a: Pelipper\n|-damage|p2a: Pelipper|42/100\n|move|p1b: Dragonite|Scale Shot|p2a: Pelipper|[miss]\n|-miss|p1b: Dragonite|p2a: Pelipper\n|move|p2a: Pelipper|Tailwind|p2a: Pelipper\n|-sidestart|p2: Justiceforgreninja|move: Tailwind\n|move|p2b: Incineroar|Parting Shot|p1a: Sneasler\n|-unboost|p1a: Sneasler|atk|1\n|-unboost|p1a: Sneasler|spa|1\n|\n|t:|1776012221\n|switch|p2b: Greninja|Greninja, L50, M|100/100|[from] Parting Shot\n|\n|-weather|RainDance|[upkeep]\n|upkeep\n|turn|3\n|\n|t:|1776012230\n|switch|p2a: Incineroar|Incineroar, L50, F|100/100\n|-ability|p2a: Incineroar|Intimidate|boost\n|-unboost|p1a: Sneasler|atk|1\n|-unboost|p1b: Dragonite|atk|1\n|switch|p1b: Ninetales|Ninetales-Alola, L50, F|100/100\n|-weather|Snowscape|[from] ability: Snow Warning|[of] p1b: Ninetales\n|detailschange|p2b: Greninja|Greninja-Mega, L50, M\n|-mega|p2b: Greninja|Greninja|Greninjite\n|move|p2b: Greninja|Weather Ball|p1a: Sneasler\n|-start|p2b: Greninja|typechange|Ice|[from] ability: Protean\n|-damage|p1a: Sneasler|24/100\n|move|p1a: Sneasler|Close Combat|p2b: Greninja\n|-supereffective|p2b: Greninja|1\n|-damage|p2b: Greninja|40/100\n|-unboost|p1a: Sneasler|def|1\n|-unboost|p1a: Sneasler|spd|1\n|\n|-weather|Snowscape|[upkeep]\n|upkeep\n|turn|4\n|\n|t:|1776012262\n|switch|p2b: Pelipper|Pelipper, L50, F|42/100\n|-weather|RainDance|[from] ability: Drizzle|[of] p2b: Pelipper\n|move|p1a: Sneasler|Protect|p1a: Sneasler\n|-singleturn|p1a: Sneasler|Protect\n|move|p1b: Ninetales|Protect|p1b: Ninetales\n|-singleturn|p1b: Ninetales|Protect\n|move|p2a: Incineroar|Throat Chop|p1a: Sneasler\n|-activate|p1a: Sneasler|move: Protect\n|\n|-weather|RainDance|[upkeep]\n|upkeep\n|turn|5\n|\n|t:|1776012282\n|move|p1a: Sneasler|Close Combat|p2a: Incineroar\n|-supereffective|p2a: Incineroar|1\n|-damage|p2a: Incineroar|50/100\n|-unboost|p1a: Sneasler|def|1\n|-unboost|p1a: Sneasler|spd|1\n|-enditem|p2a: Incineroar|Sitrus Berry|[eat]\n|-heal|p2a: Incineroar|75/100|[from] item: Sitrus Berry\n|move|p1b: Ninetales|Freeze-Dry|p2b: Pelipper\n|-supereffective|p2b: Pelipper|2\n|-damage|p2b: Pelipper|0 fnt\n|faint|p2b: Pelipper\n|move|p2a: Incineroar|Parting Shot|p1a: Sneasler\n|-unboost|p1a: Sneasler|atk|1\n|-unboost|p1a: Sneasler|spa|1\n|\n|t:|1776012291\n|switch|p2a: Sneasler|Sneasler, L50, M|100/100|[from] Parting Shot\n|\n|-weather|RainDance|[upkeep]\n|-sideend|p2: Justiceforgreninja|move: Tailwind\n|upkeep\n|\n|t:|1776012294\n|switch|p2b: Incineroar|Incineroar, L50, F|75/100\n|-ability|p2b: Incineroar|Intimidate|boost\n|-unboost|p1a: Sneasler|atk|1\n|-unboost|p1b: Ninetales|atk|1\n|turn|6\n|\n|t:|1776012307\n|switch|p1b: Dragonite|Dragonite, L50, M|95/100\n|move|p2b: Incineroar|Fake Out|p1a: Sneasler\n|-damage|p1a: Sneasler|0 fnt\n|faint|p1a: Sneasler\n|move|p2a: Sneasler|Dire Claw|p1b: Dragonite\n|-damage|p1b: Dragonite|46/100\n|-status|p1b: Dragonite|psn\n|-enditem|p1b: Dragonite|Lum Berry|[eat]\n|-curestatus|p1b: Dragonite|psn|[msg]\n|\n|-weather|RainDance|[upkeep]\n|upkeep\n|\n|t:|1776012336\n|switch|p1a: Ninetales|Ninetales-Alola, L50, F|100/100\n|-weather|Snowscape|[from] ability: Snow Warning|[of] p1a: Ninetales\n|turn|7\n|\n|t:|1776012343\n|move|p1b: Dragonite|Protect|p1b: Dragonite\n|-singleturn|p1b: Dragonite|Protect\n|move|p1a: Ninetales|Aurora Veil|p1a: Ninetales\n|-sidestart|p1: emma grande|move: Aurora Veil\n|move|p2a: Sneasler|Dire Claw|p1a: Ninetales\n|-supereffective|p1a: Ninetales|1\n|-damage|p1a: Ninetales|39/100\n|-status|p1a: Ninetales|slp\n|move|p2b: Incineroar|Parting Shot|p1b: Dragonite\n|-activate|p1b: Dragonite|move: Protect\n|\n|-weather|Snowscape|[upkeep]\n|upkeep\n|turn|8\n|\n|t:|1776012361\n|cant|p1a: Ninetales|slp\n|move|p2a: Sneasler|Dire Claw|p1b: Dragonite\n|-damage|p1b: Dragonite|12/100\n|move|p1b: Dragonite|Scale Shot|p2b: Incineroar\n|-damage|p2b: Incineroar|61/100\n|-damage|p2b: Incineroar|50/100\n|-damage|p2b: Incineroar|39/100\n|-hitcount|p2b: Incineroar|3\n|-unboost|p1b: Dragonite|def|1\n|-boost|p1b: Dragonite|spe|1\n|move|p2b: Incineroar|Flare Blitz|p1a: Ninetales\n|-supereffective|p1a: Ninetales|1\n|-damage|p1a: Ninetales|0 fnt\n|faint|p1a: Ninetales\n|-damage|p2b: Incineroar|29/100|[from] Recoil\n|\n|-weather|Snowscape|[upkeep]\n|upkeep\n|\n|t:|1776012374\n|switch|p1a: Delphox|Delphox, L50, M|100/100\n|turn|9\n|\n|t:|1776012400\n|detailschange|p1a: Delphox|Delphox-Mega, L50, M\n|-mega|p1a: Delphox|Delphox|Delphoxite\n|move|p1b: Dragonite|Extreme Speed|p2a: Sneasler\n|-damage|p2a: Sneasler|49/100\n|move|p1a: Delphox|Heat Wave|p2a: Sneasler|[spread] p2a,p2b\n|-resisted|p2b: Incineroar|1\n|-damage|p2a: Sneasler|0 fnt\n|-damage|p2b: Incineroar|12/100\n|faint|p2a: Sneasler\n|move|p2b: Incineroar|Throat Chop|p1a: Delphox\n|-supereffective|p1a: Delphox|1\n|-damage|p1a: Delphox|37/100\n|-start|p1a: Delphox|Throat Chop|[silent]\n|\n|-weather|Snowscape|[upkeep]\n|upkeep\n|\n|t:|1776012405\n|switch|p2a: Greninja|Greninja-Mega, L50, M|40/100\n|turn|10\n|l| WilhelmGoat\n|j| darkmaikshark\n|\n|t:|1776012417\n|move|p1b: Dragonite|Extreme Speed|p2a: Greninja\n|-damage|p2a: Greninja|0 fnt\n|faint|p2a: Greninja\n|move|p1a: Delphox|Heat Wave|p2b: Incineroar\n|-resisted|p2b: Incineroar|1\n|-damage|p2b: Incineroar|0 fnt\n|faint|p2b: Incineroar\n|\n|win|emma grande\n|raw|emma grande's rating: 1358 &rarr; <strong>1375</strong><br />(+17 for winning)\n|raw|Justiceforgreninja's rating: 1306 &rarr; <strong>1289</strong><br />(-17 for losing)\n|l|\u2606Justiceforgreninja\n|player|p2|\n",
  "uploadtime": 1776012423,
  "views": 30,
  "formatid": "gen9championsvgc2026regma",
  "rating": 1289,
  "private": 0,
  "password": null
}