{
  "id": "gen9championsvgc2026regma-2587985990",
  "format": "[Gen 9 Champions] VGC 2026 Reg M-A",
  "players": [
    "ihatecalyrexes",
    "illus1ve"
  ],
  "log": "|j|\u2606ihatecalyrexes\n|j|\u2606illus1ve\n|t:|1776588954\n|gametype|doubles\n|player|p1|ihatecalyrexes|hilbert|1106\n|player|p2|illus1ve|preschooler|1179\n|gen|9\n|tier|[Gen 9 Champions] VGC 2026 Reg M-A\n|rated|\n|rule|Species Clause: Limit one of each Pok\u00e9mon\n|rule|Item Clause: Limit 1 of each item\n|clearpoke\n|poke|p1|Blastoise, L50, F|\n|poke|p1|Pelipper, L50, M|\n|poke|p1|Incineroar, L50, M|\n|poke|p1|Clefable, L50, M|\n|poke|p1|Basculegion, L50, M|\n|poke|p1|Archaludon, L50, M|\n|poke|p2|Passimian, L50, M|\n|poke|p2|Corviknight, L50, F|\n|poke|p2|Aerodactyl, L50, M|\n|poke|p2|Blastoise, L50, F|\n|poke|p2|Incineroar, L50, F|\n|poke|p2|Garchomp, L50, M|\n|teampreview|4\n|\n|t:|1776588980\n|teamsize|p1|4\n|teamsize|p2|4\n|start\n|switch|p1a: Pelipper|Pelipper, L50, M|100/100\n|switch|p1b: Archaludon|Archaludon, L50, M|100/100\n|switch|p2a: Passimian|Passimian, L50, M|100/100\n|switch|p2b: Incineroar|Incineroar, L50, F|100/100\n|-weather|RainDance|[from] ability: Drizzle|[of] p1a: Pelipper\n|-ability|p2b: Incineroar|Intimidate|boost\n|-unboost|p1a: Pelipper|atk|1\n|-unboost|p1b: Archaludon|atk|1\n|turn|1\n|\n|t:|1776589007\n|move|p2b: Incineroar|Fake Out|p1a: Pelipper\n|-damage|p1a: Pelipper|85/100\n|move|p2a: Passimian|Close Combat|p1b: Archaludon\n|-supereffective|p1b: Archaludon|1\n|-damage|p1b: Archaludon|0 fnt\n|-unboost|p2a: Passimian|def|1\n|-unboost|p2a: Passimian|spd|1\n|faint|p1b: Archaludon\n|cant|p1a: Pelipper|flinch\n|\n|-weather|RainDance|[upkeep]\n|upkeep\n|\n|t:|1776589016\n|switch|p1b: Blastoise|Blastoise, L50, F|100/100\n|turn|2\n|\n|t:|1776589026\n|move|p1b: Blastoise|Protect|p1b: Blastoise\n|-singleturn|p1b: Blastoise|Protect\n|move|p2a: Passimian|Close Combat|p1b: Blastoise\n|-activate|p1b: Blastoise|move: Protect\n|move|p1a: Pelipper|Tailwind|p1a: Pelipper\n|-sidestart|p1: ihatecalyrexes|move: Tailwind\n|move|p2b: Incineroar|Snarl|p1a: Pelipper|[spread] p1a\n|-activate|p1b: Blastoise|move: Protect\n|-damage|p1a: Pelipper|67/100\n|-unboost|p1a: Pelipper|spa|1\n|\n|-weather|RainDance|[upkeep]\n|upkeep\n|turn|3\n|\n|t:|1776589048\n|detailschange|p1b: Blastoise|Blastoise-Mega, L50, F\n|-mega|p1b: Blastoise|Blastoise|Blastoisinite\n|move|p1a: Pelipper|Helping Hand|p1b: Blastoise\n|-singleturn|p1b: Blastoise|Helping Hand|[of] p1a: Pelipper\n|move|p1b: Blastoise|Water Spout|p2b: Incineroar|[spread] p2a,p2b\n|-supereffective|p2b: Incineroar|1\n|-damage|p2a: Passimian|0 fnt\n|-damage|p2b: Incineroar|0 fnt\n|faint|p2a: Passimian\n|faint|p2b: Incineroar\n|\n|-weather|RainDance|[upkeep]\n|upkeep\n|\n|t:|1776589055\n|switch|p2a: Blastoise|Blastoise, L50, F|100/100\n|switch|p2b: Garchomp|Garchomp, L50, M|100/100\n|turn|4\n|\n|t:|1776589068\n|detailschange|p2a: Blastoise|Blastoise-Mega, L50, F\n|-mega|p2a: Blastoise|Blastoise|Blastoisinite\n|move|p1a: Pelipper|Helping Hand|p1b: Blastoise\n|-singleturn|p1b: Blastoise|Helping Hand|[of] p1a: Pelipper\n|move|p1b: Blastoise|Water Spout|p2a: Blastoise|[spread] p2a,p2b\n|-resisted|p2a: Blastoise|1\n|-damage|p2a: Blastoise|33/100\n|-damage|p2b: Garchomp|0 fnt\n|faint|p2b: Garchomp\n|move|p2a: Blastoise|Water Spout|p1b: Blastoise|[spread] p1a,p1b\n|-resisted|p1a: Pelipper|1\n|-resisted|p1b: Blastoise|1\n|-damage|p1a: Pelipper|41/100\n|-damage|p1b: Blastoise|83/100\n|\n|-weather|RainDance|[upkeep]\n|upkeep\n|turn|5\n|-message|illus1ve forfeited.\n|\n|win|ihatecalyrexes\n|raw|ihatecalyrexes's rating: 1106 &rarr; <strong>1136</strong><br />(+30 for winning)\n|raw|illus1ve's rating: 1179 &rarr; <strong>1149</strong><br />(-30 for losing)\n|c|\u2606ihatecalyrexes|son\n|l|\u2606illus1ve\n|player|p2|\n",
  "uploadtime": 1776589086,
  "views": 21,
  "formatid": "gen9championsvgc2026regma",
  "rating": 1136,
  "private": 0,
  "password": null
}