{
  "id": "gen9championsvgc2026regma-2581466837",
  "format": "[Gen 9 Champions] VGC 2026 Reg M-A",
  "players": [
    "richieleo0802",
    "cordoba9"
  ],
  "log": "|j|\u2606richieleo0802\n|j|\u2606cordoba9\n|t:|1776003178\n|gametype|doubles\n|player|p1|richieleo0802|burglar|1124\n|player|p2|cordoba9|102|1139\n|gen|9\n|tier|[Gen 9 Champions] VGC 2026 Reg M-A\n|rated|\n|rule|Species Clause: Limit one of each Pok\u00e9mon\n|rule|Item Clause: Limit 1 of each item\n|clearpoke\n|poke|p1|Altaria, L50, F|\n|poke|p1|Sableye, L50, M|\n|poke|p1|Sinistcha, L50|\n|poke|p1|Incineroar, L50, F|\n|poke|p1|Gengar, L50, M|\n|poke|p1|Sneasler, L50, F|\n|poke|p2|Arcanine, L50, M|\n|poke|p2|Venusaur, L50, M|\n|poke|p2|Rotom-Wash, L50|\n|poke|p2|Garchomp, L50, M|\n|poke|p2|Corviknight, L50, M|\n|poke|p2|Sneasler, L50, M|\n|teampreview|4\n|inactive|Battle timer is ON: inactive players will automatically lose when time's up. (requested by richieleo0802)\n|\n|t:|1776003226\n|teamsize|p1|4\n|teamsize|p2|4\n|start\n|switch|p1a: Sableye|Sableye, L50, M|100/100\n|switch|p1b: Gengar|Gengar, L50, M|100/100\n|switch|p2a: Arcanine|Arcanine, L50, M, shiny|100/100\n|switch|p2b: Venusaur|Venusaur, L50, M, shiny|100/100\n|-ability|p2a: Arcanine|Intimidate|boost\n|-unboost|p1a: Sableye|atk|1\n|-unboost|p1b: Gengar|atk|1\n|turn|1\n|\n|t:|1776003250\n|switch|p1b: Incineroar|Incineroar, L50, F|100/100\n|-ability|p1b: Incineroar|Intimidate|boost\n|-unboost|p2a: Arcanine|atk|1\n|-unboost|p2b: Venusaur|atk|1\n|detailschange|p2b: Venusaur|Venusaur-Mega, L50, M, shiny\n|-mega|p2b: Venusaur|Venusaur|Venusaurite\n|move|p1a: Sableye|Will-O-Wisp|p2b: Venusaur\n|-status|p2b: Venusaur|brn\n|move|p2a: Arcanine|Snarl|p1b: Incineroar|[spread] p1a,p1b\n|-resisted|p1b: Incineroar|1\n|-damage|p1a: Sableye|90/100\n|-damage|p1b: Incineroar|97/100\n|-unboost|p1a: Sableye|spa|1\n|-unboost|p1b: Incineroar|spa|1\n|move|p2b: Venusaur|Leech Seed|p1a: Sableye\n|-start|p1a: Sableye|move: Leech Seed\n|\n|-heal|p1a: Sableye|96/100|[from] item: Leftovers\n|-damage|p1a: Sableye|84/100|[from] Leech Seed|[of] p2b: Venusaur\n|-damage|p2b: Venusaur|95/100 brn|[from] brn\n|upkeep\n|turn|2\n|inactive|richieleo0802 has 30 seconds left.\n|inactive|cordoba9 has 30 seconds left.\n|inactive|cordoba9 has 20 seconds left.\n|inactive|cordoba9 has 15 seconds left.\n|\n|t:|1776003291\n|move|p1b: Incineroar|Fake Out|p2b: Venusaur\n|-damage|p2b: Venusaur|84/100 brn\n|move|p1a: Sableye|Encore|p2b: Venusaur\n|-start|p2b: Venusaur|Encore\n|move|p2a: Arcanine|Will-O-Wisp|p1a: Sableye\n|-status|p1a: Sableye|brn\n|cant|p2b: Venusaur|flinch\n|\n|-heal|p1a: Sableye|90/100 brn|[from] item: Leftovers\n|-damage|p1a: Sableye|78/100 brn|[from] Leech Seed|[of] p2b: Venusaur\n|-heal|p2b: Venusaur|95/100 brn|[silent]\n|-damage|p2b: Venusaur|89/100 brn|[from] brn\n|-damage|p1a: Sableye|72/100 brn|[from] brn\n|upkeep\n|turn|3\n|\n|t:|1776003310\n|move|p1a: Sableye|Disable|p2b: Venusaur\n|-start|p2b: Venusaur|Disable|Leech Seed\n|move|p2a: Arcanine|Snarl|p1b: Incineroar|[spread] p1a,p1b\n|-resisted|p1b: Incineroar|1\n|-damage|p1a: Sableye|61/100 brn\n|-damage|p1b: Incineroar|92/100\n|-unboost|p1a: Sableye|spa|1\n|-unboost|p1b: Incineroar|spa|1\n|cant|p2b: Venusaur|Disable|Leech Seed\n|move|p1b: Incineroar|Parting Shot|p2a: Arcanine\n|-unboost|p2a: Arcanine|atk|1\n|-unboost|p2a: Arcanine|spa|1\n|\n|t:|1776003317\n|switch|p1b: Gengar|Gengar, L50, M|100/100|[from] Parting Shot\n|\n|-heal|p1a: Sableye|67/100 brn|[from] item: Leftovers\n|-damage|p1a: Sableye|55/100 brn|[from] Leech Seed|[of] p2b: Venusaur\n|-heal|p2b: Venusaur|99/100 brn|[silent]\n|-damage|p2b: Venusaur|93/100 brn|[from] brn\n|-damage|p1a: Sableye|49/100 brn|[from] brn\n|upkeep\n|turn|4\n|\n|t:|1776003337\n|switch|p2b: Garchomp|Garchomp, L50, M|100/100\n|switch|p1a: Incineroar|Incineroar, L50, F|92/100\n|-ability|p1a: Incineroar|Intimidate|boost\n|-unboost|p2a: Arcanine|atk|1\n|-unboost|p2b: Garchomp|atk|1\n|-enditem|p2b: Garchomp|White Herb\n|-clearnegativeboost|p2b: Garchomp|[silent]\n|detailschange|p1b: Gengar|Gengar-Mega, L50, M\n|-mega|p1b: Gengar|Gengar|Gengarite\n|move|p1b: Gengar|Shadow Ball|p2a: Arcanine\n|-damage|p2a: Arcanine|50/100\n|-enditem|p2a: Arcanine|Sitrus Berry|[eat]\n|-heal|p2a: Arcanine|75/100|[from] item: Sitrus Berry\n|move|p2a: Arcanine|Snarl|p1b: Gengar|[spread] p1a,p1b\n|-resisted|p1a: Incineroar|1\n|-supereffective|p1b: Gengar|1\n|-damage|p1a: Incineroar|90/100\n|-damage|p1b: Gengar|84/100\n|-unboost|p1a: Incineroar|spa|1\n|-unboost|p1b: Gengar|spa|1\n|\n|upkeep\n|turn|5\n|inactive|richieleo0802 has 30 seconds left.\n|inactive|cordoba9 has 30 seconds left.\n|inactive|richieleo0802 has 20 seconds left.\n|\n|t:|1776003374\n|switch|p1b: Sableye|Sableye, L50, M|49/100 brn\n|move|p2b: Garchomp|Protect|p2b: Garchomp\n|-singleturn|p2b: Garchomp|Protect\n|move|p1a: Incineroar|Fake Out|p2b: Garchomp\n|-activate|p2b: Garchomp|move: Protect\n|move|p2a: Arcanine|Snarl|p1b: Sableye|[spread] p1a,p1b\n|-resisted|p1a: Incineroar|1\n|-damage|p1a: Incineroar|87/100\n|-damage|p1b: Sableye|41/100 brn\n|-unboost|p1a: Incineroar|spa|1\n|-unboost|p1b: Sableye|spa|1\n|\n|-heal|p1b: Sableye|47/100 brn|[from] item: Leftovers\n|-damage|p1b: Sableye|41/100 brn|[from] brn\n|upkeep\n|turn|6\n|\n|t:|1776003398\n|move|p2a: Arcanine|Protect|p2a: Arcanine\n|-singleturn|p2a: Arcanine|Protect\n|move|p1b: Sableye|Encore|p2b: Garchomp\n|-start|p2b: Garchomp|Encore\n|move|p2b: Garchomp|Protect||[still]\n|-fail|p2b: Garchomp\n|move|p1a: Incineroar|Parting Shot|p2a: Arcanine\n|-activate|p2a: Arcanine|move: Protect\n|\n|-heal|p1b: Sableye|47/100 brn|[from] item: Leftovers\n|-damage|p1b: Sableye|41/100 brn|[from] brn\n|upkeep\n|turn|7\n|\n|t:|1776003415\n|switch|p2b: Venusaur|Venusaur-Mega, L50, M, shiny|93/100 brn\n|switch|p2a: Corviknight|Corviknight, L50, M, shiny|100/100\n|move|p1b: Sableye|Will-O-Wisp|p2b: Venusaur\n|-fail|p2b: Venusaur|brn\n|move|p1a: Incineroar|Parting Shot|p2a: Corviknight\n|-ability|p2a: Corviknight|Mirror Armor\n|-unboost|p1a: Incineroar|atk|1\n|-ability|p2a: Corviknight|Mirror Armor\n|-unboost|p1a: Incineroar|spa|1\n|\n|t:|1776003420\n|switch|p1a: Sinistcha|Sinistcha, L50|100/100|[from] Parting Shot\n|-heal|p1b: Sableye|66/100 brn|[from] ability: Hospitality|[of] p1a: Sinistcha\n|\n|-heal|p1b: Sableye|72/100 brn|[from] item: Leftovers\n|-damage|p2b: Venusaur|87/100 brn|[from] brn\n|-damage|p1b: Sableye|66/100 brn|[from] brn\n|upkeep\n|turn|8\n|\n|t:|1776003443\n|switch|p1a: Gengar|Gengar-Mega, L50, M|84/100\n|move|p1b: Sableye|Will-O-Wisp|p2a: Corviknight\n|-status|p2a: Corviknight|brn\n|move|p2b: Venusaur|Leech Seed|p1b: Sableye\n|-start|p1b: Sableye|move: Leech Seed\n|move|p2a: Corviknight|Tailwind|p2a: Corviknight\n|-sidestart|p2: cordoba9|move: Tailwind\n|\n|-heal|p1b: Sableye|72/100 brn|[from] item: Leftovers\n|-damage|p1b: Sableye|60/100 brn|[from] Leech Seed|[of] p2b: Venusaur\n|-heal|p2b: Venusaur|97/100 brn|[silent]\n|-damage|p2b: Venusaur|91/100 brn|[from] brn\n|-damage|p2a: Corviknight|95/100 brn|[from] brn\n|-damage|p1b: Sableye|54/100 brn|[from] brn\n|upkeep\n|turn|9\n|\n|t:|1776003465\n|move|p1b: Sableye|Encore|p2a: Corviknight\n|-start|p2a: Corviknight|Encore\n|move|p2b: Venusaur|Giga Drain|p1a: Gengar\n|-resisted|p1a: Gengar|1\n|-damage|p1a: Gengar|60/100\n|-heal|p2b: Venusaur|100/100 brn|[from] drain|[of] p1a: Gengar\n|move|p1a: Gengar|Shadow Ball|p2a: Corviknight\n|-damage|p2a: Corviknight|49/100 brn\n|move|p2a: Corviknight|Tailwind||[still]\n|-fail|p2a: Corviknight\n|\n|-heal|p2a: Corviknight|55/100 brn|[from] item: Leftovers\n|-heal|p1b: Sableye|60/100 brn|[from] item: Leftovers\n|-damage|p1b: Sableye|48/100 brn|[from] Leech Seed|[of] p2b: Venusaur\n|-damage|p2b: Venusaur|95/100 brn|[from] brn\n|-damage|p2a: Corviknight|49/100 brn|[from] brn\n|-damage|p1b: Sableye|42/100 brn|[from] brn\n|upkeep\n|turn|10\n|inactive|richieleo0802 has 30 seconds left.\n|inactive|cordoba9 has 30 seconds left.\n|\n|t:|1776003493\n|move|p1b: Sableye|Recover|p1b: Sableye\n|-heal|p1b: Sableye|92/100 brn\n|move|p2b: Venusaur|Giga Drain|p1a: Gengar\n|-resisted|p1a: Gengar|1\n|-damage|p1a: Gengar|36/100\n|-heal|p2b: Venusaur|100/100 brn|[from] drain|[of] p1a: Gengar\n|move|p1a: Gengar|Shadow Ball|p2a: Corviknight\n|-damage|p2a: Corviknight|6/100 brn\n|move|p2a: Corviknight|Tailwind||[still]\n|-fail|p2a: Corviknight\n|\n|-heal|p2a: Corviknight|12/100 brn|[from] item: Leftovers\n|-heal|p1b: Sableye|98/100 brn|[from] item: Leftovers\n|-damage|p1b: Sableye|86/100 brn|[from] Leech Seed|[of] p2b: Venusaur\n|-damage|p2b: Venusaur|95/100 brn|[from] brn\n|-damage|p2a: Corviknight|6/100 brn|[from] brn\n|-damage|p1b: Sableye|80/100 brn|[from] brn\n|upkeep\n|turn|11\n|inactive|richieleo0802 has 30 seconds left.\n|\n|t:|1776003519\n|move|p1a: Gengar|Protect|p1a: Gengar\n|-singleturn|p1a: Gengar|Protect\n|move|p1b: Sableye|Disable|p2b: Venusaur\n|-start|p2b: Venusaur|Disable|Giga Drain\n|cant|p2b: Venusaur|Disable|Giga Drain\n|move|p2a: Corviknight|Tailwind||[still]\n|-fail|p2a: Corviknight\n|\n|-heal|p2a: Corviknight|12/100 brn|[from] item: Leftovers\n|-heal|p1b: Sableye|86/100 brn|[from] item: Leftovers\n|-damage|p1b: Sableye|74/100 brn|[from] Leech Seed|[of] p2b: Venusaur\n|-heal|p2b: Venusaur|100/100 brn|[silent]\n|-damage|p2b: Venusaur|95/100 brn|[from] brn\n|-damage|p2a: Corviknight|6/100 brn|[from] brn\n|-damage|p1b: Sableye|68/100 brn|[from] brn\n|-end|p2a: Corviknight|Encore\n|-sideend|p2: cordoba9|move: Tailwind\n|upkeep\n|turn|12\n|inactive|richieleo0802 has 30 seconds left.\n|\n|t:|1776003546\n|move|p1b: Sableye|Encore|p2b: Venusaur\n|-start|p2b: Venusaur|Encore\n|move|p1a: Gengar|Shadow Ball|p2a: Corviknight\n|-damage|p2a: Corviknight|0 fnt\n|faint|p2a: Corviknight\n|cant|p2b: Venusaur|Disable|Giga Drain\n|\n|-heal|p1b: Sableye|74/100 brn|[from] item: Leftovers\n|-damage|p1b: Sableye|62/100 brn|[from] Leech Seed|[of] p2b: Venusaur\n|-heal|p2b: Venusaur|100/100 brn|[silent]\n|-damage|p2b: Venusaur|95/100 brn|[from] brn\n|-damage|p1b: Sableye|56/100 brn|[from] brn\n|upkeep\n|\n|t:|1776003555\n|switch|p2a: Arcanine|Arcanine, L50, M, shiny|75/100\n|-ability|p2a: Arcanine|Intimidate|boost\n|-unboost|p1a: Gengar|atk|1\n|-unboost|p1b: Sableye|atk|1\n|turn|13\n|\n|t:|1776003574\n|switch|p1b: Sinistcha|Sinistcha, L50|100/100\n|-heal|p1a: Gengar|61/100|[from] ability: Hospitality|[of] p1b: Sinistcha\n|move|p1a: Gengar|Shadow Ball|p2a: Arcanine\n|-damage|p2a: Arcanine|19/100\n|move|p2a: Arcanine|Flare Blitz|p1a: Gengar\n|-damage|p1a: Gengar|0 fnt\n|faint|p1a: Gengar\n|-damage|p2a: Arcanine|5/100|[from] Recoil\n|-activate|p2b: Venusaur|move: Struggle\n|move|p2b: Venusaur|Struggle|p1b: Sinistcha\n|-damage|p1b: Sinistcha|95/100\n|-damage|p2b: Venusaur|69/100 brn|[from] recoil\n|\n|-damage|p2b: Venusaur|64/100 brn|[from] brn\n|upkeep\n|\n|t:|1776003591\n|switch|p1a: Incineroar|Incineroar, L50, F|87/100\n|-ability|p1a: Incineroar|Intimidate|boost\n|-unboost|p2a: Arcanine|atk|1\n|-unboost|p2b: Venusaur|atk|1\n|turn|14\n|\n|t:|1776003612\n|switch|p2b: Garchomp|Garchomp, L50, M|100/100\n|move|p2a: Arcanine|Snarl|p1a: Incineroar|[spread] p1a,p1b\n|-resisted|p1a: Incineroar|1\n|-supereffective|p1b: Sinistcha|1\n|-damage|p1a: Incineroar|84/100\n|-damage|p1b: Sinistcha|78/100\n|-unboost|p1a: Incineroar|spa|1\n|-unboost|p1b: Sinistcha|spa|1\n|move|p1b: Sinistcha|Matcha Gotcha|p2b: Garchomp|[spread] p2a\n|-miss|p1b: Sinistcha|p2b: Garchomp\n|-resisted|p2a: Arcanine|1\n|-damage|p2a: Arcanine|0 fnt\n|-heal|p1b: Sinistcha|81/100|[from] drain|[of] p2a: Arcanine\n|faint|p2a: Arcanine\n|-heal|p1b: Sinistcha|81/100|[from] item: Shell Bell|[of] p2b: Garchomp\n|move|p1a: Incineroar|Parting Shot|p2b: Garchomp\n|-unboost|p2b: Garchomp|atk|1\n|-unboost|p2b: Garchomp|spa|1\n|\n|t:|1776003627\n|switch|p1a: Sableye|Sableye, L50, M|56/100 brn|[from] Parting Shot\n|\n|-heal|p1a: Sableye|62/100 brn|[from] item: Leftovers\n|-damage|p1a: Sableye|56/100 brn|[from] brn\n|upkeep\n|\n|t:|1776003629\n|switch|p2a: Venusaur|Venusaur-Mega, L50, M, shiny|64/100 brn\n|turn|15\n|\n|t:|1776003644\n|move|p1a: Sableye|Will-O-Wisp|p2b: Garchomp\n|-status|p2b: Garchomp|brn\n|move|p2b: Garchomp|Dragon Claw|p1a: Sableye\n|-damage|p1a: Sableye|39/100 brn\n|move|p2a: Venusaur|Giga Drain|p1a: Sableye\n|-damage|p1a: Sableye|0 fnt\n|-heal|p2a: Venusaur|80/100 brn|[from] drain|[of] p1a: Sableye\n|faint|p1a: Sableye\n|move|p1b: Sinistcha|Calm Mind|p1b: Sinistcha\n|-boost|p1b: Sinistcha|spa|1\n|-boost|p1b: Sinistcha|spd|1\n|\n|-damage|p2b: Garchomp|95/100 brn|[from] brn\n|-damage|p2a: Venusaur|74/100 brn|[from] brn\n|upkeep\n|\n|t:|1776003656\n|switch|p1a: Incineroar|Incineroar, L50, F|84/100\n|-ability|p1a: Incineroar|Intimidate|boost\n|-unboost|p2a: Venusaur|atk|1\n|-unboost|p2b: Garchomp|atk|1\n|turn|16\n|\n|t:|1776003668\n|move|p1b: Sinistcha|Rage Powder|p1b: Sinistcha\n|-singleturn|p1b: Sinistcha|move: Rage Powder\n|move|p2b: Garchomp|Stone Edge|p1b: Sinistcha\n|-damage|p1b: Sinistcha|72/100\n|move|p2a: Venusaur|Leech Seed|p1a: Incineroar\n|-start|p1a: Incineroar|move: Leech Seed\n|move|p1a: Incineroar|Flare Blitz|p2a: Venusaur\n|-supereffective|p2a: Venusaur|1\n|-damage|p2a: Venusaur|28/100 brn\n|-damage|p1a: Incineroar|68/100|[from] Recoil\n|\n|-damage|p1a: Incineroar|56/100|[from] Leech Seed|[of] p2a: Venusaur\n|-heal|p2a: Venusaur|40/100 brn|[silent]\n|-damage|p2b: Garchomp|89/100 brn|[from] brn\n|-damage|p2a: Venusaur|34/100 brn|[from] brn\n|upkeep\n|turn|17\n|\n|t:|1776003688\n|move|p2a: Venusaur|Protect|p2a: Venusaur\n|-singleturn|p2a: Venusaur|Protect\n|move|p1b: Sinistcha|Rage Powder|p1b: Sinistcha\n|-singleturn|p1b: Sinistcha|move: Rage Powder\n|move|p2b: Garchomp|Earthquake|p1a: Incineroar|[spread] p1a,p1b\n|-activate|p2a: Venusaur|move: Protect\n|-supereffective|p1a: Incineroar|1\n|-resisted|p1b: Sinistcha|1\n|-damage|p1a: Incineroar|37/100\n|-damage|p1b: Sinistcha|68/100\n|-enditem|p1a: Incineroar|Sitrus Berry|[eat]\n|-heal|p1a: Incineroar|62/100|[from] item: Sitrus Berry\n|move|p1a: Incineroar|Darkest Lariat|p2b: Garchomp\n|-damage|p2b: Garchomp|44/100 brn\n|-damage|p1a: Incineroar|50/100|[from] ability: Rough Skin|[of] p2b: Garchomp\n|\n|-damage|p1a: Incineroar|38/100|[from] Leech Seed|[of] p2a: Venusaur\n|-heal|p2a: Venusaur|46/100 brn|[silent]\n|-damage|p2b: Garchomp|38/100 brn|[from] brn\n|-damage|p2a: Venusaur|40/100 brn|[from] brn\n|upkeep\n|turn|18\n|\n|t:|1776003710\n|move|p1b: Sinistcha|Rage Powder|p1b: Sinistcha\n|-singleturn|p1b: Sinistcha|move: Rage Powder\n|move|p2b: Garchomp|Stone Edge|p1b: Sinistcha\n|-damage|p1b: Sinistcha|59/100\n|move|p2a: Venusaur|Sludge Bomb|p1b: Sinistcha\n|-damage|p1b: Sinistcha|30/100\n|move|p1a: Incineroar|Flare Blitz|p2a: Venusaur\n|-supereffective|p2a: Venusaur|1\n|-damage|p2a: Venusaur|0 fnt\n|faint|p2a: Venusaur\n|-damage|p1a: Incineroar|24/100|[from] Recoil\n|\n|-damage|p2b: Garchomp|32/100 brn|[from] brn\n|upkeep\n|turn|19\n|\n|t:|1776003722\n|move|p2b: Garchomp|Earthquake|p1a: Incineroar|[spread] p1a,p1b\n|-supereffective|p1a: Incineroar|1\n|-resisted|p1b: Sinistcha|1\n|-damage|p1a: Incineroar|5/100\n|-damage|p1b: Sinistcha|26/100\n|move|p1b: Sinistcha|Matcha Gotcha|p2b: Garchomp\n|-damage|p2b: Garchomp|0 fnt\n|-heal|p1b: Sinistcha|45/100|[from] drain|[of] p2b: Garchomp\n|faint|p2b: Garchomp\n|-heal|p1b: Sinistcha|50/100|[from] item: Shell Bell|[of] p2: Garchomp\n|\n|win|richieleo0802\n|raw|richieleo0802's rating: 1124 &rarr; <strong>1150</strong><br />(+26 for winning)\n|raw|cordoba9's rating: 1139 &rarr; <strong>1113</strong><br />(-26 for losing)\n|l|\u2606cordoba9\n|player|p2|\n|c|\u2606richieleo0802|Fun\n",
  "uploadtime": 1776003749,
  "views": 33,
  "formatid": "gen9championsvgc2026regma",
  "rating": 1113,
  "private": 0,
  "password": null
}