{
  "id": "gen9championsvgc2026regma-2582194822",
  "format": "[Gen 9 Champions] VGC 2026 Reg M-A",
  "players": [
    "lolgz",
    "GKun1999"
  ],
  "log": "|j|\u2606lolgz\n|j|\u2606GKun1999\n|html|<table width=\"100%\"><tr><td align=\"left\">lolgz</td><td align=\"right\">GKun1999</tr><tr><td align=\"left\"><i class=\"fa fa-circle-o\"></i> <i class=\"fa fa-circle-o\"></i> </td><td align=\"right\"><i class=\"fa fa-circle-o\"></i> <i class=\"fa fa-circle-o\"></i> </tr></table>\n|uhtml|bestof|<h2><strong>Game 1</strong> of <a href=\"/game-bestof3-gen9championsvgc2026regma-2582194821\">a best-of-3</a></h2>\n|t:|1776069861\n|gametype|doubles\n|player|p1|lolgz|266|\n|player|p2|GKun1999|ghetsis-gen5bw|\n|gen|9\n|tier|[Gen 9 Champions] VGC 2026 Reg M-A\n|rated|Tournament battle\n|rule|Species Clause: Limit one of each Pok\u00e9mon\n|rule|Item Clause: Limit 1 of each item\n|raw|<div class=\"infobox\"><details class=\"readmore\" open><summary><strong>2 custom rules:</strong></summary> Force Open Team Sheets, Best of = 3</details></div>\n|clearpoke\n|poke|p1|Charizard, L50, M|\n|poke|p1|Whimsicott, L50, M|\n|poke|p1|Garchomp, L50, M|\n|poke|p1|Farigiraf, L50, M|\n|poke|p1|Sneasler, L50, F|\n|poke|p1|Floette-Eternal, L50, F|\n|poke|p2|Kangaskhan, L50, F|\n|poke|p2|Sneasler, L50, F|\n|poke|p2|Incineroar, L50, F|\n|poke|p2|Sinistcha, L50|\n|poke|p2|Froslass, L50, F|\n|poke|p2|Infernape, L50, F|\n|teampreview|4\n|showteam|p1|Charizard||CharizarditeY|SolarPower|WeatherBall,HeatWave,SolarBeam,Protect|||M|||50|]Whimsicott||FocusSash|Prankster|Moonblast,Tailwind,SunnyDay,Encore|||M|||50|]Garchomp||ChoiceScarf|RoughSkin|Earthquake,DragonClaw,RockSlide,StompingTantrum|||M|||50|]Farigiraf||SitrusBerry|ArmorTail|Psychic,HyperVoice,Imprison,TrickRoom|||M|||50|]Sneasler||WhiteHerb|Unburden|FakeOut,CloseCombat,DireClaw,ThroatChop|||F|||50|]Floette-Eternal||Floettite|FlowerVeil|DazzlingGleam,LightofRuin,Moonblast,Protect|||F|||50|\n|showteam|p2|Kangaskhan||Leftovers|InnerFocus|Substitute,DoubleEdge,Protect,DrainPunch|||F|||50|]Sneasler||WhiteHerb|Unburden|Coaching,CloseCombat,DireClaw,Protect|||F|||50|]Incineroar||SitrusBerry|Intimidate|PartingShot,FakeOut,FlareBlitz,DarkestLariat|||F|||50|]Sinistcha||OccaBerry|Hospitality|RagePowder,MatchaGotcha,StrengthSap,TrickRoom||||||50|]Froslass||Froslassite|CursedBody|AuroraVeil,Blizzard,Protect,ShadowBall|||F|||50|]Infernape||FocusSash|Blaze|Coaching,FakeOut,WillOWisp,AuraSphere|||F|||50|\n|inactive|Battle timer is ON: inactive players will automatically lose when time's up. (requested by GKun1999)\nGKun1999 has agreed to open team sheets.\n|inactive|GKun1999 has 60 seconds left.\n|\n|t:|1776069924\n|teamsize|p1|4\n|teamsize|p2|4\n|start\n|switch|p1a: Whimsicott|Whimsicott, L50, M|100/100\n|switch|p1b: Garchomp|Garchomp, L50, M|100/100\n|switch|p2a: Sneasler|Sneasler, L50, F|100/100\n|switch|p2b: Froslass|Froslass, L50, F|100/100\n|turn|1\n|inactive|lolgz has 30 seconds left.\n|inactive|GKun1999 has 30 seconds left.\n|\n|t:|1776069952\n|switch|p2b: Kangaskhan|Kangaskhan, L50, F, shiny|100/100\n|move|p2a: Sneasler|Protect|p2a: Sneasler\n|-singleturn|p2a: Sneasler|Protect\n|move|p1a: Whimsicott|Tailwind|p1a: Whimsicott\n|-sidestart|p1: lolgz|move: Tailwind\n|move|p1b: Garchomp|Stomping Tantrum|p2a: Sneasler\n|-activate|p2a: Sneasler|move: Protect\n|\n|upkeep\n|turn|2\n|\n|t:|1776069972\n|move|p1a: Whimsicott|Encore|p2a: Sneasler\n|-start|p2a: Sneasler|Encore\n|move|p2a: Sneasler|Protect|p2a: Sneasler\n|-singleturn|p2a: Sneasler|Protect\n|move|p1b: Garchomp|Stomping Tantrum|p2b: Kangaskhan\n|-damage|p2b: Kangaskhan|58/100\n|move|p2b: Kangaskhan|Double-Edge|p1a: Whimsicott\n|-damage|p1a: Whimsicott|28/100\n|-damage|p2b: Kangaskhan|42/100|[from] Recoil\n|\n|-heal|p2b: Kangaskhan|48/100|[from] item: Leftovers\n|upkeep\n|turn|3\n|\n|t:|1776069991\n|switch|p2a: Incineroar|Incineroar, L50, F|100/100\n|-ability|p2a: Incineroar|Intimidate|boost\n|-unboost|p1a: Whimsicott|atk|1\n|-unboost|p1b: Garchomp|atk|1\n|move|p2b: Kangaskhan|Protect|p2b: Kangaskhan\n|-singleturn|p2b: Kangaskhan|Protect\n|move|p1b: Garchomp|Stomping Tantrum|p2a: Incineroar\n|-supereffective|p2a: Incineroar|1\n|-damage|p2a: Incineroar|55/100\n|move|p1a: Whimsicott|Moonblast|p2b: Kangaskhan\n|-activate|p2b: Kangaskhan|move: Protect\n|\n|-heal|p2b: Kangaskhan|54/100|[from] item: Leftovers\n|upkeep\n|turn|4\n|\n|t:|1776070009\n|move|p2a: Incineroar|Fake Out|p1a: Whimsicott\n|-damage|p1a: Whimsicott|10/100\n|move|p1b: Garchomp|Stomping Tantrum|p2b: Kangaskhan\n|-damage|p2b: Kangaskhan|25/100\n|cant|p1a: Whimsicott|flinch\n|move|p2b: Kangaskhan|Double-Edge|p1a: Whimsicott\n|-damage|p1a: Whimsicott|0 fnt\n|faint|p1a: Whimsicott\n|-damage|p2b: Kangaskhan|23/100|[from] Recoil\n|\n|-heal|p2b: Kangaskhan|29/100|[from] item: Leftovers\n|-sideend|p1: lolgz|move: Tailwind\n|upkeep\n|\n|t:|1776070016\n|switch|p1a: Sneasler|Sneasler, L50, F|100/100\n|turn|5\n|\n|t:|1776070033\n|switch|p2a: Froslass|Froslass, L50, F|100/100\n|move|p2b: Kangaskhan|Protect|p2b: Kangaskhan\n|-singleturn|p2b: Kangaskhan|Protect\n|move|p1b: Garchomp|Stomping Tantrum|p2b: Kangaskhan\n|-activate|p2b: Kangaskhan|move: Protect\n|move|p1a: Sneasler|Close Combat|p2a: Froslass\n|-immune|p2a: Froslass\n|\n|-heal|p2b: Kangaskhan|35/100|[from] item: Leftovers\n|upkeep\n|turn|6\n|\n|t:|1776070053\n|switch|p2b: Incineroar|Incineroar, L50, F|55/100\n|-ability|p2b: Incineroar|Intimidate|boost\n|-unboost|p1a: Sneasler|atk|1\n|-unboost|p1b: Garchomp|atk|1\n|-enditem|p1a: Sneasler|White Herb\n|-clearnegativeboost|p1a: Sneasler|[silent]\n|detailschange|p2a: Froslass|Froslass-Mega, L50, F\n|-mega|p2a: Froslass|Froslass|Froslassite\n|-weather|Snowscape|[from] ability: Snow Warning|[of] p2a: Froslass\n|move|p1a: Sneasler|Throat Chop|p2a: Froslass\n|-supereffective|p2a: Froslass|1\n|-damage|p2a: Froslass|29/100\n|-start|p2a: Froslass|Throat Chop|[silent]\n|move|p1b: Garchomp|Stomping Tantrum|p2b: Incineroar\n|-supereffective|p2b: Incineroar|1\n|-damage|p2b: Incineroar|22/100\n|-enditem|p2b: Incineroar|Sitrus Berry|[eat]\n|-heal|p2b: Incineroar|47/100|[from] item: Sitrus Berry\n|move|p2a: Froslass|Blizzard|p1a: Sneasler|[spread] p1a,p1b\n|-supereffective|p1b: Garchomp|2\n|-damage|p1a: Sneasler|26/100\n|-damage|p1b: Garchomp|0 fnt\n|faint|p1b: Garchomp\n|\n|-weather|Snowscape|[upkeep]\n|upkeep\n|\n|t:|1776070067\n|switch|p1b: Charizard|Charizard, L50, M|100/100\n|turn|7\n|\n|t:|1776070092\n|switch|p2a: Kangaskhan|Kangaskhan, L50, F, shiny|35/100\n|detailschange|p1b: Charizard|Charizard-Mega-Y, L50, M\n|-mega|p1b: Charizard|Charizard|Charizardite Y\n|-weather|SunnyDay|[from] ability: Drought|[of] p1b: Charizard\n|move|p2b: Incineroar|Fake Out|p1a: Sneasler\n|-damage|p1a: Sneasler|8/100\n|cant|p1a: Sneasler|flinch\n|move|p1b: Charizard|Heat Wave|p2b: Incineroar|[spread] p2b\n|-miss|p1b: Charizard|p2a: Kangaskhan\n|-resisted|p2b: Incineroar|1\n|-damage|p2b: Incineroar|23/100\n|\n|-weather|SunnyDay|[upkeep]\n|-heal|p2a: Kangaskhan|41/100|[from] item: Leftovers\n|upkeep\n|turn|8\n|inactive|lolgz has 30 seconds left.\n|\n|t:|1776070121\n|switch|p2b: Sneasler|Sneasler, L50, F|100/100\n|move|p2a: Kangaskhan|Protect|p2a: Kangaskhan\n|-singleturn|p2a: Kangaskhan|Protect\n|move|p1a: Sneasler|Dire Claw|p2a: Kangaskhan\n|-activate|p2a: Kangaskhan|move: Protect\n|move|p1b: Charizard|Heat Wave|p2b: Sneasler|[spread] p2b\n|-activate|p2a: Kangaskhan|move: Protect\n|-damage|p2b: Sneasler|14/100\n|-status|p2b: Sneasler|brn\n|\n|-weather|SunnyDay|[upkeep]\n|-heal|p2a: Kangaskhan|47/100|[from] item: Leftovers\n|-damage|p2b: Sneasler|7/100 brn|[from] brn\n|upkeep\n|turn|9\n|\n|t:|1776070144\n|move|p1a: Sneasler|Dire Claw|p2a: Kangaskhan\n|-damage|p2a: Kangaskhan|3/100\n|-status|p2a: Kangaskhan|psn\n|move|p1b: Charizard|Heat Wave|p2a: Kangaskhan|[spread] p2a\n|-miss|p1b: Charizard|p2b: Sneasler\n|-damage|p2a: Kangaskhan|0 fnt\n|faint|p2a: Kangaskhan\n|move|p2b: Sneasler|Dire Claw|p1a: Sneasler\n|-resisted|p1a: Sneasler|1\n|-damage|p1a: Sneasler|0 fnt\n|faint|p1a: Sneasler\n|\n|-weather|SunnyDay|[upkeep]\n|-damage|p2b: Sneasler|1/100 brn|[from] brn\n|upkeep\n|\n|t:|1776070156\n|switch|p2a: Froslass|Froslass-Mega, L50, F|29/100\n|-weather|Snowscape|[from] ability: Snow Warning|[of] p2a: Froslass\n|turn|10\n|\n|t:|1776070164\n|move|p2a: Froslass|Protect|p2a: Froslass\n|-singleturn|p2a: Froslass|Protect\n|move|p1b: Charizard|Heat Wave|p2a: Froslass|[spread] p2b\n|-activate|p2a: Froslass|move: Protect\n|-damage|p2b: Sneasler|0 fnt\n|faint|p2b: Sneasler\n|\n|-weather|Snowscape|[upkeep]\n|upkeep\n|\n|t:|1776070172\n|switch|p2b: Incineroar|Incineroar, L50, F|23/100\n|-ability|p2b: Incineroar|Intimidate|boost\n|-unboost|p1b: Charizard|atk|1\n|turn|11\n|\n|t:|1776070178\n|move|p1b: Charizard|Protect|p1b: Charizard\n|-singleturn|p1b: Charizard|Protect\n|move|p2b: Incineroar|Fake Out|p1b: Charizard\n|-activate|p1b: Charizard|move: Protect\n|move|p2a: Froslass|Blizzard|p1b: Charizard\n|-activate|p1b: Charizard|move: Protect\n|\n|-weather|Snowscape|[upkeep]\n|upkeep\n|turn|12\n|\n|t:|1776070184\n|move|p2a: Froslass|Protect|p2a: Froslass\n|-singleturn|p2a: Froslass|Protect\n|move|p1b: Charizard|Heat Wave|p2a: Froslass|[spread] \n|-activate|p2a: Froslass|move: Protect\n|-miss|p1b: Charizard|p2b: Incineroar\n|move|p2b: Incineroar|Parting Shot|p1b: Charizard\n|-unboost|p1b: Charizard|atk|1\n|-unboost|p1b: Charizard|spa|1\n|\n|-weather|Snowscape|[upkeep]\n|upkeep\n|turn|13\n|\n|t:|1776070197\n|move|p2a: Froslass|Blizzard|p1b: Charizard\n|-damage|p1b: Charizard|35/100\n|move|p1b: Charizard|Heat Wave|p2a: Froslass|[spread] p2a,p2b\n|-supereffective|p2a: Froslass|1\n|-resisted|p2b: Incineroar|1\n|-damage|p2a: Froslass|0 fnt\n|-damage|p2b: Incineroar|11/100\n|faint|p2a: Froslass\n|move|p2b: Incineroar|Parting Shot|p1b: Charizard\n|-unboost|p1b: Charizard|atk|1\n|-unboost|p1b: Charizard|spa|1\n|\n|-weather|Snowscape|[upkeep]\n|upkeep\n|turn|14\n|\n|t:|1776070204\n|move|p1b: Charizard|Heat Wave|p2b: Incineroar\n|-resisted|p2b: Incineroar|1\n|-damage|p2b: Incineroar|0 fnt\n|faint|p2b: Incineroar\n|\n|win|lolgz\n",
  "uploadtime": 1776070204,
  "views": 9,
  "formatid": "gen9championsvgc2026regma",
  "rating": null,
  "private": 0,
  "password": null
}