{
  "id": "gen9championsvgc2026regma-2588416952",
  "format": "[Gen 9 Champions] VGC 2026 Reg M-A",
  "players": [
    "MvillMpersonality",
    "flore1234"
  ],
  "log": "|j|\u2606MvillMpersonality\n|j|\u2606flore1234\n|t:|1776631726\n|gametype|doubles\n|player|p1|MvillMpersonality|169|1097\n|player|p2|flore1234|170|1000\n|gen|9\n|tier|[Gen 9 Champions] VGC 2026 Reg M-A\n|rated|\n|rule|Species Clause: Limit one of each Pok\u00e9mon\n|rule|Item Clause: Limit 1 of each item\n|clearpoke\n|poke|p1|Scovillain, L50, M|\n|poke|p1|Rhyperior, L50, M|\n|poke|p1|Sinistcha, L50|\n|poke|p1|Empoleon, L50, M|\n|poke|p1|Tyranitar, L50, M|\n|poke|p1|Aegislash, L50, M|\n|poke|p2|Chimecho, L50, M|\n|poke|p2|Skarmory, L50, F|\n|poke|p2|Tyranitar, L50, F|\n|poke|p2|Archaludon, L50, M|\n|poke|p2|Avalugg-Hisui, L50, M|\n|poke|p2|Aerodactyl, L50, F|\n|teampreview|4\n|\n|t:|1776631770\n|teamsize|p1|4\n|teamsize|p2|4\n|start\n|switch|p1a: The Antagonist|Scovillain, L50, M|100/100\n|switch|p1b: The Cleric|Sinistcha, L50|100/100\n|switch|p2a: Tyranitar|Tyranitar, L50, F|100/100\n|switch|p2b: Archaludon|Archaludon, L50, M|100/100\n|-weather|Sandstorm|[from] ability: Sand Stream|[of] p2a: Tyranitar\n|turn|1\n|\n|t:|1776631796\n|detailschange|p1a: The Antagonist|Scovillain-Mega, L50, M\n|-mega|p1a: The Antagonist|Scovillain|Scovillainite\n|move|p1a: The Antagonist|Rage Powder|p1a: The Antagonist\n|-singleturn|p1a: The Antagonist|move: Rage Powder\n|move|p2a: Tyranitar|Stealth Rock|p1a: The Antagonist\n|-sidestart|p1: MvillMpersonality|move: Stealth Rock\n|move|p2b: Archaludon|Dragon Tail|p1a: The Antagonist\n|-damage|p1a: The Antagonist|76/100\n|-status|p2b: Archaludon|brn|[from] ability: Spicy Spray|[of] p1a: The Antagonist\n|drag|p1a: The Captain|Empoleon, L50, M|100/100\n|-damage|p1a: The Captain|95/100|[from] Stealth Rock\n|move|p1b: The Cleric|Trick Room|p1b: The Cleric\n|-fieldstart|move: Trick Room|[of] p1b: The Cleric\n|\n|-weather|Sandstorm|[upkeep]\n|-damage|p1b: The Cleric|94/100|[from] Sandstorm\n|-damage|p2b: Archaludon|94/100 brn|[from] brn\n|upkeep\n|turn|2\n|c|\u2606MvillMpersonality|rocks lol, nice\n|\n|t:|1776631821\n|move|p1a: The Captain|Surf|p2a: Tyranitar|[spread] p1b,p2a,p2b\n|-resisted|p1b: The Cleric|1\n|-supereffective|p2a: Tyranitar|1\n|-resisted|p2b: Archaludon|1\n|-damage|p1b: The Cleric|71/100\n|-damage|p2a: Tyranitar|49/100\n|-damage|p2b: Archaludon|71/100 brn\n|-ability|p2b: Archaludon|Stamina|boost\n|-boost|p2b: Archaludon|def|1\n|move|p2a: Tyranitar|Dragon Dance|p2a: Tyranitar\n|-boost|p2a: Tyranitar|atk|1\n|-boost|p2a: Tyranitar|spe|1\n|move|p1b: The Cleric|Matcha Gotcha|p2a: Tyranitar|[spread] p2a,p2b\n|-supereffective|p2a: Tyranitar|1\n|-resisted|p2b: Archaludon|2\n|-crit|p2b: Archaludon\n|-damage|p2a: Tyranitar|4/100\n|-heal|p1b: The Cleric|93/100|[from] drain|[of] p2a: Tyranitar\n|-damage|p2b: Archaludon|56/100 brn\n|-heal|p1b: The Cleric|99/100|[from] drain|[of] p2b: Archaludon\n|-status|p2a: Tyranitar|brn\n|-ability|p2b: Archaludon|Stamina|boost\n|-boost|p2b: Archaludon|def|1\n|move|p2b: Archaludon|Dragon Tail|p1b: The Cleric\n|-damage|p1b: The Cleric|89/100\n|drag|p1b: The Antagonist|Scovillain-Mega, L50, M|76/100\n|-damage|p1b: The Antagonist|51/100|[from] Stealth Rock\n|\n|-weather|Sandstorm|[upkeep]\n|-damage|p1b: The Antagonist|46/100|[from] Sandstorm\n|-damage|p2b: Archaludon|50/100 brn|[from] brn\n|-damage|p2a: Tyranitar|0 fnt|[from] brn\n|faint|p2a: Tyranitar\n|upkeep\n|-enditem|p2b: Archaludon|Sitrus Berry|[eat]\n|-heal|p2b: Archaludon|75/100 brn|[from] item: Sitrus Berry\n|\n|t:|1776631853\n|switch|p2a: Skarmory|Skarmory, L50, F|100/100\n|turn|3\n|\n|t:|1776631868\n|move|p1a: The Captain|Protect|p1a: The Captain\n|-singleturn|p1a: The Captain|Protect\n|move|p1b: The Antagonist|Overheat|p2a: Skarmory\n|-supereffective|p2a: Skarmory|1\n|-ability|p2a: Skarmory|Sturdy\n|-damage|p2a: Skarmory|1/100\n|-unboost|p1b: The Antagonist|spa|2\n|move|p2a: Skarmory|Iron Defense|p2a: Skarmory\n|-boost|p2a: Skarmory|def|2\n|move|p2b: Archaludon|Dragon Tail|p1b: The Antagonist\n|-damage|p1b: The Antagonist|35/100\n|drag|p1b: The Beef|Rhyperior, L50, M|100/100\n|-damage|p1b: The Beef|95/100|[from] Stealth Rock\n|\n|-weather|Sandstorm|[upkeep]\n|-damage|p2b: Archaludon|69/100 brn|[from] brn\n|upkeep\n|turn|4\n|\n|t:|1776631899\n|switch|p2a: Aerodactyl|Aerodactyl, L50, F|100/100\n|move|p1b: The Beef|Protect|p1b: The Beef\n|-singleturn|p1b: The Beef|Protect\n|move|p1a: The Captain|Surf|p2b: Archaludon|[spread] p2a,p2b\n|-activate|p1b: The Beef|move: Protect\n|-supereffective|p2a: Aerodactyl|1\n|-resisted|p2b: Archaludon|1\n|-damage|p2a: Aerodactyl|27/100\n|-damage|p2b: Archaludon|45/100 brn\n|-ability|p2b: Archaludon|Stamina|boost\n|-boost|p2b: Archaludon|def|1\n|move|p2b: Archaludon|Dragon Tail|p1a: The Captain\n|-resisted|p1a: The Captain|1\n|-damage|p1a: The Captain|89/100\n|drag|p1a: The Cleric|Sinistcha, L50|89/100\n|-damage|p1a: The Cleric|77/100|[from] Stealth Rock\n|-heal|p1b: The Beef|100/100|[from] ability: Hospitality|[of] p1a: The Cleric\n|\n|-weather|Sandstorm|[upkeep]\n|-damage|p1a: The Cleric|71/100|[from] Sandstorm\n|-damage|p2b: Archaludon|39/100 brn|[from] brn\n|upkeep\n|turn|5\n|\n|t:|1776631945\n|move|p1b: The Beef|Rock Slide|p2b: Archaludon|[spread] p2a,p2b\n|-supereffective|p2a: Aerodactyl|1\n|-resisted|p2b: Archaludon|1\n|-damage|p2a: Aerodactyl|0 fnt\n|-damage|p2b: Archaludon|34/100 brn\n|-ability|p2b: Archaludon|Stamina|boost\n|-boost|p2b: Archaludon|def|1\n|faint|p2a: Aerodactyl\n|move|p1a: The Cleric|Matcha Gotcha|p2b: Archaludon\n|-resisted|p2b: Archaludon|2\n|-damage|p2b: Archaludon|24/100 brn\n|-heal|p1a: The Cleric|76/100|[from] drain|[of] p2b: Archaludon\n|-ability|p2b: Archaludon|Stamina|boost\n|-boost|p2b: Archaludon|def|1\n|cant|p2b: Archaludon|flinch\n|\n|-weather|none\n|-damage|p2b: Archaludon|17/100 brn|[from] brn\n|-fieldend|move: Trick Room\n|upkeep\n|\n|t:|1776631960\n|switch|p2a: Skarmory|Skarmory, L50, F|1/100\n|turn|6\n|\n|t:|1776631971\n|switch|p1a: The Antagonist|Scovillain-Mega, L50, M|35/100\n|-damage|p1a: The Antagonist|10/100|[from] Stealth Rock\n|move|p1b: The Beef|Protect|p1b: The Beef\n|-singleturn|p1b: The Beef|Protect\n|move|p2a: Skarmory|Body Press|p1b: The Beef\n|-activate|p1b: The Beef|move: Protect\n|move|p2b: Archaludon|Rest|p2b: Archaludon\n|-status|p2b: Archaludon|slp|[from] move: Rest\n|-heal|p2b: Archaludon|100/100 slp|[silent]\n|\n|upkeep\n|turn|7\n|\n|t:|1776631998\n|move|p1a: The Antagonist|Rage Powder|p1a: The Antagonist\n|-singleturn|p1a: The Antagonist|move: Rage Powder\n|move|p2a: Skarmory|Body Press|p1a: The Antagonist\n|-damage|p1a: The Antagonist|0 fnt\n|-status|p2a: Skarmory|brn|[from] ability: Spicy Spray|[of] p1a: The Antagonist\n|faint|p1a: The Antagonist\n|cant|p2b: Archaludon|slp\n|move|p2b: Archaludon|Sleep Talk|p2b: Archaludon\n|move|p2b: Archaludon|Substitute|p2b: Archaludon|[from] move: Sleep Talk\n|-start|p2b: Archaludon|Substitute\n|-damage|p2b: Archaludon|76/100 slp\n|move|p1b: The Beef|Swords Dance|p1b: The Beef\n|-boost|p1b: The Beef|atk|2\n|\n|-damage|p2a: Skarmory|0 fnt|[from] brn\n|faint|p2a: Skarmory\n|upkeep\n|\n|t:|1776632015\n|switch|p1a: The Cleric|Sinistcha, L50|76/100\n|-damage|p1a: The Cleric|63/100|[from] Stealth Rock\n|turn|8\n|\n|t:|1776632033\n|move|p1b: The Beef|Protect|p1b: The Beef\n|-singleturn|p1b: The Beef|Protect\n|cant|p2b: Archaludon|slp\n|move|p2b: Archaludon|Sleep Talk|p2b: Archaludon\n|move|p2b: Archaludon|Rest||[from] move: Sleep Talk|[still]\n|-fail|p2b: Archaludon\n|move|p1a: The Cleric|Trick Room|p1a: The Cleric\n|-fieldstart|move: Trick Room|[of] p1a: The Cleric\n|\n|upkeep\n|turn|9\n|\n|t:|1776632052\n|move|p1b: The Beef|High Horsepower|p2b: Archaludon|[miss]\n|-miss|p1b: The Beef|p2b: Archaludon\n|move|p1a: The Cleric|Matcha Gotcha|p2b: Archaludon|[miss]\n|-miss|p1a: The Cleric|p2b: Archaludon\n|-curestatus|p2b: Archaludon|slp|[msg]\n|move|p2b: Archaludon|Dragon Tail|p1b: The Beef\n|-damage|p1b: The Beef|85/100\n|drag|p1b: The Captain|Empoleon, L50, M|89/100\n|-damage|p1b: The Captain|83/100|[from] Stealth Rock\n|\n|upkeep\n|turn|10\n|c|\u2606MvillMpersonality|lmfao a miss, fr\n|\n|t:|1776632073\n|move|p1b: The Captain|Ice Beam|p2b: Archaludon\n|-end|p2b: Archaludon|Substitute\n|move|p1a: The Cleric|Matcha Gotcha|p2b: Archaludon\n|-resisted|p2b: Archaludon|2\n|-damage|p2b: Archaludon|64/100\n|-heal|p1a: The Cleric|69/100|[from] drain|[of] p2b: Archaludon\n|-status|p2b: Archaludon|brn\n|-ability|p2b: Archaludon|Stamina|boost\n|-boost|p2b: Archaludon|def|1\n|move|p2b: Archaludon|Dragon Tail|p1a: The Cleric\n|-damage|p1a: The Cleric|58/100\n|drag|p1a: The Beef|Rhyperior, L50, M|85/100\n|-damage|p1a: The Beef|79/100|[from] Stealth Rock\n|\n|-damage|p2b: Archaludon|58/100 brn|[from] brn\n|upkeep\n|turn|11\n|\n|t:|1776632092\n|switch|p1b: The Cleric|Sinistcha, L50|58/100\n|-damage|p1b: The Cleric|46/100|[from] Stealth Rock\n|-heal|p1a: The Beef|100/100|[from] ability: Hospitality|[of] p1b: The Cleric\n|move|p1a: The Beef|High Horsepower|p2b: Archaludon\n|-supereffective|p2b: Archaludon|1\n|-damage|p2b: Archaludon|39/100 brn\n|move|p2b: Archaludon|Rest|p2b: Archaludon\n|-status|p2b: Archaludon|slp|[from] move: Rest\n|-heal|p2b: Archaludon|100/100 slp|[silent]\n|\n|upkeep\n|turn|12\n|\n|t:|1776632108\n|move|p1a: The Beef|High Horsepower|p2b: Archaludon\n|-supereffective|p2b: Archaludon|1\n|-damage|p2b: Archaludon|81/100 slp\n|move|p1b: The Cleric|Matcha Gotcha|p2b: Archaludon\n|-resisted|p2b: Archaludon|2\n|-damage|p2b: Archaludon|70/100 slp\n|-heal|p1b: The Cleric|52/100|[from] drain|[of] p2b: Archaludon\n|cant|p2b: Archaludon|slp\n|move|p2b: Archaludon|Sleep Talk|p2b: Archaludon\n|move|p2b: Archaludon|Dragon Tail|p1b: The Cleric|[from] move: Sleep Talk\n|-damage|p1b: The Cleric|30/100\n|drag|p1b: The Captain|Empoleon, L50, M|83/100\n|-damage|p1b: The Captain|77/100|[from] Stealth Rock\n|\n|-fieldend|move: Trick Room\n|upkeep\n|turn|13\n|\n|t:|1776632132\n|cant|p2b: Archaludon|slp\n|move|p2b: Archaludon|Sleep Talk|p2b: Archaludon\n|move|p2b: Archaludon|Rest||[from] move: Sleep Talk|[still]\n|-fail|p2b: Archaludon\n|move|p1b: The Captain|Ice Beam|p2b: Archaludon\n|-damage|p2b: Archaludon|37/100 slp\n|move|p1a: The Beef|High Horsepower|p2b: Archaludon\n|-supereffective|p2b: Archaludon|1\n|-damage|p2b: Archaludon|18/100 slp\n|\n|upkeep\n|turn|14\n|\n|t:|1776632144\n|-curestatus|p2b: Archaludon|slp|[msg]\n|move|p2b: Archaludon|Sleep Talk||[still]\n|-fail|p2b: Archaludon\n|move|p1b: The Captain|Ice Beam|p2b: Archaludon\n|-damage|p2b: Archaludon|0 fnt\n|faint|p2b: Archaludon\n|\n|win|MvillMpersonality\n|raw|MvillMpersonality's rating: 1097 &rarr; <strong>1116</strong><br />(+19 for winning)\n|raw|flore1234's rating: 1000 &rarr; <strong>1000</strong><br />(+0 for losing)\n",
  "uploadtime": 1776632153,
  "views": 17,
  "formatid": "gen9championsvgc2026regma",
  "rating": 1000,
  "private": 0,
  "password": null
}