{
  "id": "gen9championsvgc2026regma-2587814627",
  "format": "[Gen 9 Champions] VGC 2026 Reg M-A",
  "players": [
    "Heartway",
    "1029384756nmbv"
  ],
  "log": "|j|\u2606Heartway\n|j|\u26061029384756nmbv\n|t:|1776566756\n|gametype|doubles\n|player|p1|Heartway|169|1025\n|player|p2|1029384756nmbv|red|1038\n|gen|9\n|tier|[Gen 9 Champions] VGC 2026 Reg M-A\n|rated|\n|rule|Species Clause: Limit one of each Pok\u00e9mon\n|rule|Item Clause: Limit 1 of each item\n|clearpoke\n|poke|p1|Ariados, L50, M|\n|poke|p1|Gengar, L50, F|\n|poke|p1|Sneasler, L50, M|\n|poke|p1|Glimmora, L50, F|\n|poke|p1|Toxapex, L50, F|\n|poke|p1|Slowbro-Galar, L50, M|\n|poke|p2|Lucario, L50, F|\n|poke|p2|Serperior, L50, F|\n|poke|p2|Farigiraf, L50, M|\n|poke|p2|Incineroar, L50, F|\n|poke|p2|Tyranitar, L50, M|\n|poke|p2|Hawlucha, L50, F|\n|teampreview|4\n|\n|t:|1776566804\n|teamsize|p1|4\n|teamsize|p2|4\n|start\n|switch|p1a: Gengar|Gengar, L50, F|100/100\n|switch|p1b: Ariados|Ariados, L50, M|100/100\n|switch|p2a: Lucario|Lucario, L50, F|100/100\n|switch|p2b: Tyranitar|Tyranitar, L50, M|100/100\n|-weather|Sandstorm|[from] ability: Sand Stream|[of] p2b: Tyranitar\n|turn|1\n|\n|t:|1776566828\n|switch|p2a: Hawlucha|Hawlucha, L50, F|100/100\n|detailschange|p1a: Gengar|Gengar-Mega, L50, F\n|-mega|p1a: Gengar|Gengar|Gengarite\n|move|p1a: Gengar|Shadow Ball|p2b: Tyranitar\n|-resisted|p2b: Tyranitar|1\n|-damage|p2b: Tyranitar|87/100\n|move|p1b: Ariados|Sunny Day|p1b: Ariados\n|-weather|SunnyDay\n|move|p2b: Tyranitar|Earthquake|p1b: Ariados|[spread] p1a,p1b\n|-immune|p2a: Hawlucha\n|-supereffective|p1a: Gengar|1\n|-damage|p1a: Gengar|9/100\n|-damage|p1b: Ariados|65/100\n|\n|-weather|SunnyDay|[upkeep]\n|-heal|p2b: Tyranitar|93/100|[from] item: Leftovers\n|upkeep\n|turn|2\n|inactive|Battle timer is ON: inactive players will automatically lose when time's up. (requested by Heartway)\n|\n|t:|1776566860\n|move|p1a: Gengar|Thunderbolt|p2a: Hawlucha\n|-supereffective|p2a: Hawlucha|1\n|-damage|p2a: Hawlucha|0 fnt\n|faint|p2a: Hawlucha\n|move|p1b: Ariados|Toxic Thread|p2b: Tyranitar\n|-unboost|p2b: Tyranitar|spe|2\n|-status|p2b: Tyranitar|psn\n|move|p2b: Tyranitar|Earthquake|p1b: Ariados|[spread] p1a,p1b\n|-supereffective|p1a: Gengar|1\n|-damage|p1a: Gengar|0 fnt\n|-damage|p1b: Ariados|28/100\n|faint|p1a: Gengar\n|\n|-weather|SunnyDay|[upkeep]\n|-heal|p2b: Tyranitar|99/100 psn|[from] item: Leftovers\n|-damage|p2b: Tyranitar|86/100 psn|[from] psn\n|upkeep\n|\n|t:|1776566878\n|switch|p1a: Sneasler|Sneasler, L50, M|100/100\n|switch|p2a: Farigiraf|Farigiraf, L50, M|100/100\n|turn|3\n|\n|t:|1776566888\n|move|p2b: Tyranitar|Protect|p2b: Tyranitar\n|-singleturn|p2b: Tyranitar|Protect\n|move|p1a: Sneasler|Close Combat|p2b: Tyranitar\n|-activate|p2b: Tyranitar|move: Protect\n|move|p1b: Ariados|Struggle Bug|p2b: Tyranitar|[spread] p2a\n|-activate|p2b: Tyranitar|move: Protect\n|-supereffective|p2a: Farigiraf|1\n|-damage|p2a: Farigiraf|87/100\n|-unboost|p2a: Farigiraf|spa|1\n|move|p2a: Farigiraf|Hyper Voice|p1a: Sneasler|[spread] p1a,p1b\n|-damage|p1a: Sneasler|76/100\n|-damage|p1b: Ariados|6/100\n|\n|-weather|SunnyDay|[upkeep]\n|-heal|p2b: Tyranitar|92/100 psn|[from] item: Leftovers\n|-damage|p2b: Tyranitar|80/100 psn|[from] psn\n|upkeep\n|turn|4\n|inactive|1029384756nmbv has 30 seconds left.\n|inactive|1029384756nmbv has 20 seconds left.\n|inactive|1029384756nmbv has 15 seconds left.\n|inactive|1029384756nmbv has 10 seconds left.\n|inactive|Heartway has 30 seconds left.\n|\n|t:|1776566944\n|move|p1a: Sneasler|Close Combat|p2b: Tyranitar\n|-supereffective|p2b: Tyranitar|2\n|-damage|p2b: Tyranitar|0 fnt\n|-unboost|p1a: Sneasler|def|1\n|-unboost|p1a: Sneasler|spd|1\n|faint|p2b: Tyranitar\n|-enditem|p1a: Sneasler|White Herb\n|-clearnegativeboost|p1a: Sneasler|[silent]\n|move|p1b: Ariados|Struggle Bug|p2a: Farigiraf\n|-supereffective|p2a: Farigiraf|1\n|-damage|p2a: Farigiraf|69/100\n|-unboost|p2a: Farigiraf|spa|1\n|move|p2a: Farigiraf|Hyper Voice|p1a: Sneasler|[spread] p1a,p1b\n|-damage|p1a: Sneasler|60/100\n|-damage|p1b: Ariados|0 fnt\n|faint|p1b: Ariados\n|\n|-weather|SunnyDay|[upkeep]\n|upkeep\n|\n|t:|1776566962\n|switch|p1b: Slowbro|Slowbro-Galar, L50, M|100/100\n|switch|p2b: Lucario|Lucario, L50, F|100/100\n|turn|5\n|\n|t:|1776566975\n|detailschange|p2b: Lucario|Lucario-Mega, L50, F\n|-mega|p2b: Lucario|Lucario|Lucarionite\n|move|p1a: Sneasler|Dire Claw|p2a: Farigiraf\n|-damage|p2a: Farigiraf|31/100\n|-status|p2a: Farigiraf|par\n|move|p2b: Lucario|Meteor Mash|p1a: Sneasler\n|-damage|p1a: Sneasler|0 fnt\n|-boost|p2b: Lucario|atk|1\n|faint|p1a: Sneasler\n|move|p1b: Slowbro|Flamethrower|p2b: Lucario\n|-supereffective|p2b: Lucario|1\n|-damage|p2b: Lucario|0 fnt\n|faint|p2b: Lucario\n|move|p2a: Farigiraf|Hyper Voice|p1b: Slowbro\n|-damage|p1b: Slowbro|81/100\n|\n|-weather|none\n|upkeep\n|turn|6\n|\n|t:|1776566997\n|move|p1b: Slowbro|Shell Side Arm|p2a: Farigiraf|[anim] Shell Side Arm Special\n|-damage|p2a: Farigiraf|0 fnt\n|-hint|Special Shell Side Arm\n|faint|p2a: Farigiraf\n|\n|win|Heartway\n|raw|Heartway's rating: 1025 &rarr; <strong>1063</strong><br />(+38 for winning)\n|raw|1029384756nmbv's rating: 1038 &rarr; <strong>1022</strong><br />(-16 for losing)\n|l|\u26061029384756nmbv\n|player|p2|\n",
  "uploadtime": 1776567000,
  "views": 17,
  "formatid": "gen9championsvgc2026regma",
  "rating": 1022,
  "private": 0,
  "password": null
}