{
  "id": "gen9championsvgc2026regma-2583373983",
  "format": "[Gen 9 Champions] VGC 2026 Reg M-A",
  "players": [
    "dededelete this03",
    "alibest1"
  ],
  "log": "|j|\u2606dededelete this03\n|j|\u2606alibest1\n|t:|1776171121\n|gametype|doubles\n|player|p1|dededelete this03|clown|1071\n|player|p2|alibest1|266|1127\n|gen|9\n|tier|[Gen 9 Champions] VGC 2026 Reg M-A\n|rated|\n|rule|Species Clause: Limit one of each Pok\u00e9mon\n|rule|Item Clause: Limit 1 of each item\n|clearpoke\n|poke|p1|Mimikyu, L50, M|\n|poke|p1|Crabominable, L50, M|\n|poke|p1|Ninetales-Alola, L50, F|\n|poke|p1|Sinistcha, L50|\n|poke|p1|Incineroar, L50, F|\n|poke|p1|Gengar, L50, M|\n|poke|p2|Sinistcha, L50|\n|poke|p2|Tyranitar, L50, M|\n|poke|p2|Milotic, L50, M|\n|poke|p2|Excadrill, L50, M|\n|poke|p2|Incineroar, L50, F|\n|poke|p2|Sneasler, L50, F|\n|teampreview|4\n|\n|t:|1776171183\n|teamsize|p1|4\n|teamsize|p2|4\n|start\n|switch|p1a: RichesToRags|Mimikyu, L50, M|100/100\n|switch|p1b: Hala|Crabominable, L50, M|100/100\n|switch|p2a: Tyranitar|Tyranitar, L50, M|100/100\n|switch|p2b: Excadrill|Excadrill, L50, M|100/100\n|-weather|Sandstorm|[from] ability: Sand Stream|[of] p2a: Tyranitar\n|turn|1\n|\n|t:|1776171225\n|detailschange|p1b: Hala|Crabominable-Mega, L50, M\n|-mega|p1b: Hala|Crabominable|Crabominite\n|move|p1b: Hala|Protect|p1b: Hala\n|-singleturn|p1b: Hala|Protect\n|move|p2b: Excadrill|Iron Head|p1b: Hala\n|-activate|p1b: Hala|move: Protect\n|move|p2a: Tyranitar|Rock Slide|p1a: RichesToRags|[spread] p1a\n|-activate|p1b: Hala|move: Protect\n|-activate|p1a: RichesToRags|ability: Disguise\n|-damage|p1a: RichesToRags|100/100\n|detailschange|p1a: RichesToRags|Mimikyu-Busted, L50, M\n|-damage|p1a: RichesToRags|88/100|[from] pokemon: Mimikyu-Busted\n|move|p1a: RichesToRags|Trick Room|p1a: RichesToRags\n|-fieldstart|move: Trick Room|[of] p1a: RichesToRags\n|\n|-weather|Sandstorm|[upkeep]\n|-damage|p1b: Hala|95/100|[from] Sandstorm\n|-damage|p1a: RichesToRags|82/100|[from] Sandstorm\n|upkeep\n|turn|2\n|\n|t:|1776171248\n|switch|p2a: Incineroar|Incineroar, L50, F|100/100\n|-ability|p2a: Incineroar|Intimidate|boost\n|-unboost|p1a: RichesToRags|atk|1\n|-unboost|p1b: Hala|atk|1\n|switch|p1a: Veyle|Ninetales-Alola, L50, F|100/100\n|-weather|Snowscape|[from] ability: Snow Warning|[of] p1a: Veyle\n|move|p1b: Hala|Drain Punch|p2b: Excadrill\n|-supereffective|p2b: Excadrill|1\n|-enditem|p2b: Excadrill|Focus Sash\n|-damage|p2b: Excadrill|1/100\n|-heal|p1b: Hala|100/100|[from] drain|[of] p2b: Excadrill\n|move|p2b: Excadrill|Iron Head|p1b: Hala\n|-supereffective|p1b: Hala|1\n|-damage|p1b: Hala|50/100\n|\n|-weather|Snowscape|[upkeep]\n|upkeep\n|turn|3\n|\n|t:|1776171278\n|switch|p2b: Tyranitar|Tyranitar, L50, M|100/100\n|-weather|Sandstorm|[from] ability: Sand Stream|[of] p2b: Tyranitar\n|move|p1b: Hala|Protect|p1b: Hala\n|-singleturn|p1b: Hala|Protect\n|move|p2a: Incineroar|Fake Out|p1b: Hala\n|-activate|p1b: Hala|move: Protect\n|move|p1a: Veyle|Aurora Veil||[still]\n|-fail|p1a: Veyle\n|\n|-weather|Sandstorm|[upkeep]\n|-damage|p1b: Hala|44/100|[from] Sandstorm\n|-damage|p2a: Incineroar|95/100|[from] Sandstorm\n|-damage|p1a: Veyle|94/100|[from] Sandstorm\n|upkeep\n|turn|4\n|\n|t:|1776171321\n|switch|p2b: Excadrill|Excadrill, L50, M|1/100\n|switch|p1a: FoxeyTCG|Incineroar, L50, F, shiny|100/100\n|-ability|p1a: FoxeyTCG|Intimidate|boost\n|-unboost|p2a: Incineroar|atk|1\n|-unboost|p2b: Excadrill|atk|1\n|move|p1b: Hala|Drain Punch|p2b: Excadrill\n|-supereffective|p2b: Excadrill|1\n|-damage|p2b: Excadrill|0 fnt\n|-heal|p1b: Hala|44/100|[from] drain|[of] p2b: Excadrill\n|faint|p2b: Excadrill\n|move|p2a: Incineroar|Flare Blitz|p1b: Hala\n|-supereffective|p1b: Hala|1\n|-crit|p1b: Hala\n|-damage|p1b: Hala|0 fnt\n|faint|p1b: Hala\n|-damage|p2a: Incineroar|80/100|[from] Recoil\n|\n|-weather|Sandstorm|[upkeep]\n|-damage|p1a: FoxeyTCG|95/100|[from] Sandstorm\n|-damage|p2a: Incineroar|74/100|[from] Sandstorm\n|upkeep\n|\n|t:|1776171346\n|switch|p1b: Veyle|Ninetales-Alola, L50, F|94/100\n|switch|p2b: Tyranitar|Tyranitar, L50, M|100/100\n|-weather|Snowscape|[from] ability: Snow Warning|[of] p1b: Veyle\n|turn|5\n|\n|t:|1776171366\n|detailschange|p2b: Tyranitar|Tyranitar-Mega, L50, M\n|-mega|p2b: Tyranitar|Tyranitar|Tyranitarite\n|-weather|Sandstorm|[from] ability: Sand Stream|[of] p2b: Tyranitar\n|move|p1a: FoxeyTCG|Fake Out|p2b: Tyranitar\n|-resisted|p2b: Tyranitar|1\n|-damage|p2b: Tyranitar|96/100\n|move|p2a: Incineroar|Flare Blitz|p1b: Veyle\n|-supereffective|p1b: Veyle|1\n|-damage|p1b: Veyle|23/100\n|-damage|p2a: Incineroar|53/100|[from] Recoil\n|cant|p2b: Tyranitar|flinch\n|move|p1b: Veyle|Aurora Veil||[still]\n|-fail|p1b: Veyle\n|\n|-weather|Sandstorm|[upkeep]\n|-damage|p2a: Incineroar|48/100|[from] Sandstorm\n|-damage|p1a: FoxeyTCG|89/100|[from] Sandstorm\n|-damage|p1b: Veyle|17/100|[from] Sandstorm\n|-enditem|p2a: Incineroar|Sitrus Berry|[eat]\n|-heal|p2a: Incineroar|72/100|[from] item: Sitrus Berry\n|-fieldend|move: Trick Room\n|upkeep\n|turn|6\n|inactive|Battle timer is ON: inactive players will automatically lose when time's up. (requested by alibest1)\n|inactive|dededelete this03 has 60 seconds left.\n|\n|t:|1776171406\n|move|p1b: Veyle|Moonblast|p2b: Tyranitar\n|-supereffective|p2b: Tyranitar|1\n|-damage|p2b: Tyranitar|69/100\n|move|p2b: Tyranitar|Rock Slide|p1b: Veyle|[spread] p1a,p1b\n|-supereffective|p1a: FoxeyTCG|1\n|-supereffective|p1b: Veyle|1\n|-damage|p1a: FoxeyTCG|20/100\n|-damage|p1b: Veyle|0 fnt\n|-enditem|p1a: FoxeyTCG|Sitrus Berry|[eat]\n|-heal|p1a: FoxeyTCG|45/100|[from] item: Sitrus Berry\n|faint|p1b: Veyle\n|move|p2a: Incineroar|Parting Shot|p1a: FoxeyTCG\n|-unboost|p1a: FoxeyTCG|atk|1\n|-unboost|p1a: FoxeyTCG|spa|1\n|\n|t:|1776171419\n|switch|p2a: Sneasler|Sneasler, L50, F|100/100|[from] Parting Shot\n|move|p1a: FoxeyTCG|Darkest Lariat|p2b: Tyranitar\n|-resisted|p2b: Tyranitar|1\n|-damage|p2b: Tyranitar|60/100\n|\n|-weather|Sandstorm|[upkeep]\n|-damage|p2a: Sneasler|95/100|[from] Sandstorm\n|-damage|p1a: FoxeyTCG|39/100|[from] Sandstorm\n|upkeep\n|\n|t:|1776171427\n|switch|p1b: RichesToRags|Mimikyu-Busted, L50, M|82/100\n|turn|7\n|\n|t:|1776171446\n|move|p2a: Sneasler|Fake Out|p1a: FoxeyTCG\n|-damage|p1a: FoxeyTCG|25/100\n|move|p1b: RichesToRags|Destiny Bond|p1b: RichesToRags\n|-singlemove|p1b: RichesToRags|Destiny Bond\n|move|p2b: Tyranitar|Knock Off|p1b: RichesToRags\n|-damage|p1b: RichesToRags|7/100\n|-enditem|p1b: RichesToRags|Mental Herb|[from] move: Knock Off|[of] p2b: Tyranitar\n|cant|p1a: FoxeyTCG|flinch\n|\n|-weather|Sandstorm|[upkeep]\n|-damage|p2a: Sneasler|89/100|[from] Sandstorm\n|-damage|p1b: RichesToRags|1/100|[from] Sandstorm\n|-damage|p1a: FoxeyTCG|19/100|[from] Sandstorm\n|upkeep\n|turn|8\n|inactive|dededelete this03 has 30 seconds left.\n|inactive|dededelete this03 has 20 seconds left.\n|\n|t:|1776171482\n|move|p2a: Sneasler|Protect|p2a: Sneasler\n|-singleturn|p2a: Sneasler|Protect\n|move|p2b: Tyranitar|Protect|p2b: Tyranitar\n|-singleturn|p2b: Tyranitar|Protect\n|move|p1b: RichesToRags|Destiny Bond||[still]\n|-fail|p1b: RichesToRags\n|move|p1a: FoxeyTCG|Flare Blitz|p2a: Sneasler\n|-activate|p2a: Sneasler|move: Protect\n|\n|-weather|Sandstorm|[upkeep]\n|-damage|p2a: Sneasler|83/100|[from] Sandstorm\n|-damage|p1b: RichesToRags|0 fnt|[from] Sandstorm\n|-damage|p1a: FoxeyTCG|13/100|[from] Sandstorm\n|faint|p1b: RichesToRags\n|upkeep\n|turn|9\n|\n|t:|1776171499\n|move|p2a: Sneasler|Close Combat|p1a: FoxeyTCG\n|-supereffective|p1a: FoxeyTCG|1\n|-damage|p1a: FoxeyTCG|0 fnt\n|-unboost|p2a: Sneasler|def|1\n|-unboost|p2a: Sneasler|spd|1\n|faint|p1a: FoxeyTCG\n|\n|win|alibest1\n|raw|dededelete this03's rating: 1071 &rarr; <strong>1054</strong><br />(-17 for losing)\n|raw|alibest1's rating: 1127 &rarr; <strong>1148</strong><br />(+21 for winning)\n|l|\u2606alibest1\n|player|p2|\n",
  "uploadtime": 1776171506,
  "views": 18,
  "formatid": "gen9championsvgc2026regma",
  "rating": 1054,
  "private": 0,
  "password": null
}