{
  "id": "gen9championsvgc2026regma-2584992362",
  "format": "[Gen 9 Champions] VGC 2026 Reg M-A",
  "players": [
    "Kazuyii",
    "icefangg"
  ],
  "log": "|j|\u2606Kazuyii\n|j|\u2606icefangg\n|t:|1776301360\n|gametype|doubles\n|player|p1|Kazuyii|265|1031\n|player|p2|icefangg|1|1000\n|gen|9\n|tier|[Gen 9 Champions] VGC 2026 Reg M-A\n|rated|\n|rule|Species Clause: Limit one of each Pok\u00e9mon\n|rule|Item Clause: Limit 1 of each item\n|clearpoke\n|poke|p1|Floette-Eternal, L50, F|\n|poke|p1|Meganium, L50, M|\n|poke|p1|Pelipper, L50, M|\n|poke|p1|Incineroar, L50, F|\n|poke|p1|Archaludon, L50, F|\n|poke|p1|Sinistcha, L50|\n|poke|p2|Farigiraf, L50, M|\n|poke|p2|Drampa, L50, M|\n|poke|p2|Incineroar, L50, F|\n|poke|p2|Hatterene, L50, F|\n|poke|p2|Kingambit, L50, F|\n|poke|p2|Torkoal, L50, F|\n|teampreview|4\nicefangg has agreed to open team sheets.\n|inactive|Battle timer is ON: inactive players will automatically lose when time's up. (requested by icefangg)\n|\n|t:|1776301408\n|teamsize|p1|4\n|teamsize|p2|4\n|start\n|switch|p1a: Incineroar|Incineroar, L50, F|100/100\n|switch|p1b: Pelipper|Pelipper, L50, M, shiny|100/100\n|switch|p2a: Hatterene|Hatterene, L50, F, shiny|100/100\n|switch|p2b: Incineroar|Incineroar, L50, F|100/100\n|-weather|RainDance|[from] ability: Drizzle|[of] p1b: Pelipper\n|-ability|p1a: Incineroar|Intimidate|boost\n|-unboost|p2a: Hatterene|atk|1\n|-unboost|p2b: Incineroar|atk|1\n|-ability|p2b: Incineroar|Intimidate|boost\n|-unboost|p1a: Incineroar|atk|1\n|-unboost|p1b: Pelipper|atk|1\n|turn|1\n|\n|t:|1776301428\n|switch|p2b: Farigiraf|Farigiraf, L50, M|100/100\n|move|p1a: Incineroar|Fake Out||[still]\n|cant|p2b: Farigiraf|ability: Armor Tail|Fake Out|[of] p1a: Incineroar\n|move|p1b: Pelipper|U-turn|p2b: Farigiraf\n|-supereffective|p2b: Farigiraf|1\n|-damage|p2b: Farigiraf|88/100\n|\n|t:|1776301436\n|switch|p1b: Meganium|Meganium, L50, M, shiny|100/100|[from] U-turn\n|move|p2a: Hatterene|Trick Room|p2a: Hatterene\n|-fieldstart|move: Trick Room|[of] p2a: Hatterene\n|\n|-weather|RainDance|[upkeep]\n|upkeep\n|turn|2\n|inactive|Kazuyii has 30 seconds left.\n|\n|t:|1776301468\n|move|p1b: Meganium|Protect|p1b: Meganium\n|-singleturn|p1b: Meganium|Protect\n|move|p2a: Hatterene|Dazzling Gleam|p1a: Incineroar|[spread] p1a\n|-activate|p1b: Meganium|move: Protect\n|-damage|p1a: Incineroar|71/100\n|move|p2b: Farigiraf|Hyper Voice|p1b: Meganium|[spread] p1a\n|-activate|p1b: Meganium|move: Protect\n|-damage|p1a: Incineroar|50/100\n|-enditem|p1a: Incineroar|Sitrus Berry|[eat]\n|-heal|p1a: Incineroar|74/100|[from] item: Sitrus Berry\n|move|p1a: Incineroar|Parting Shot|p2b: Farigiraf\n|-unboost|p2b: Farigiraf|atk|1\n|-unboost|p2b: Farigiraf|spa|1\n|inactive|Kazuyii has 30 seconds left.\n|\n|t:|1776301493\n|switch|p1a: Pelipper|Pelipper, L50, M, shiny|100/100|[from] Parting Shot\n|\n|-weather|RainDance|[upkeep]\n|upkeep\n|turn|3\n|\n|t:|1776301514\n|switch|p2b: Drampa|Drampa, L50, M|100/100\n|detailschange|p1b: Meganium|Meganium-Mega, L50, M, shiny\n|-mega|p1b: Meganium|Meganium|Meganiumite\n|move|p1a: Pelipper|Protect|p1a: Pelipper\n|-singleturn|p1a: Pelipper|Protect\n|move|p2a: Hatterene|Dazzling Gleam|p1a: Pelipper|[spread] p1b\n|-activate|p1a: Pelipper|move: Protect\n|-damage|p1b: Meganium|64/100\n|move|p1b: Meganium|Solar Beam||[still]\n|-prepare|p1b: Meganium|Solar Beam\n|-activate|p1b: Meganium|ability: Mega Sol\n|-anim|p1b: Meganium|Solar Beam|p2b: Drampa\n|-resisted|p2b: Drampa|1\n|-damage|p2b: Drampa|60/100\n|\n|-weather|RainDance|[upkeep]\n|upkeep\n|turn|4\n|inactive|Kazuyii has 30 seconds left.\n|\n|t:|1776301544\n|detailschange|p2b: Drampa|Drampa-Mega, L50, M\n|-mega|p2b: Drampa|Drampa|Drampanite\n|move|p2a: Hatterene|Dazzling Gleam|p1b: Meganium|[spread] p1a,p1b\n|-crit|p1a: Pelipper\n|-damage|p1a: Pelipper|26/100\n|-damage|p1b: Meganium|24/100\n|move|p2b: Drampa|Hyper Voice|p1a: Pelipper|[spread] p1a,p1b\n|-damage|p1a: Pelipper|0 fnt\n|-damage|p1b: Meganium|0 fnt\n|faint|p1a: Pelipper\n|faint|p1b: Meganium\n|\n|-weather|RainDance|[upkeep]\n|upkeep\n|\n|t:|1776301554\n|switch|p1a: Incineroar|Incineroar, L50, F|74/100\n|switch|p1b: Floette|Floette-Eternal, L50, F|100/100\n|-ability|p1a: Incineroar|Intimidate|boost\n|-unboost|p2a: Hatterene|atk|1\n|-unboost|p2b: Drampa|atk|1\n|turn|5\n|\n|t:|1776301564\n|switch|p2a: Farigiraf|Farigiraf, L50, M|88/100\n|move|p1a: Incineroar|Fake Out||[still]\n|cant|p2a: Farigiraf|ability: Armor Tail|Fake Out|[of] p1a: Incineroar\n|move|p2b: Drampa|Earth Power|p1a: Incineroar\n|-supereffective|p1a: Incineroar|1\n|-damage|p1a: Incineroar|21/100\n|move|p1b: Floette|Calm Mind|p1b: Floette\n|-boost|p1b: Floette|spa|1\n|-boost|p1b: Floette|spd|1\n|\n|-weather|none\n|-fieldend|move: Trick Room\n|upkeep\n|turn|6\n|inactive|Kazuyii has 30 seconds left.\n|\n|t:|1776301590\n|move|p2a: Farigiraf|Protect|p2a: Farigiraf\n|-singleturn|p2a: Farigiraf|Protect\n|move|p1b: Floette|Dazzling Gleam|p2b: Drampa|[spread] p2b\n|-activate|p2a: Farigiraf|move: Protect\n|-supereffective|p2b: Drampa|1\n|-damage|p2b: Drampa|0 fnt\n|faint|p2b: Drampa\n|move|p1a: Incineroar|Flare Blitz|p2a: Farigiraf\n|-activate|p2a: Farigiraf|move: Protect\n|\n|upkeep\n|\n|t:|1776301601\n|switch|p2b: Incineroar|Incineroar, L50, F|100/100\n|-ability|p2b: Incineroar|Intimidate|boost\n|-unboost|p1a: Incineroar|atk|1\n|-unboost|p1b: Floette|atk|1\n|turn|7\n|inactive|Kazuyii has 30 seconds left.\n|\n|t:|1776301628\n|move|p1a: Incineroar|Helping Hand|p1b: Floette\n|-singleturn|p1b: Floette|Helping Hand|[of] p1a: Incineroar\n|move|p2b: Incineroar|Fake Out|p1b: Floette\n|-crit|p1b: Floette\n|-damage|p1b: Floette|77/100\n|cant|p1b: Floette|flinch\n|move|p2a: Farigiraf|Trick Room|p2a: Farigiraf\n|-fieldstart|move: Trick Room|[of] p2a: Farigiraf\n|\n|upkeep\n|turn|8\n|\n|t:|1776301641\n|move|p1a: Incineroar|Helping Hand|p1b: Floette\n|-singleturn|p1b: Floette|Helping Hand|[of] p1a: Incineroar\n|move|p2b: Incineroar|Parting Shot|p1b: Floette\n|-unboost|p1b: Floette|atk|1\n|-unboost|p1b: Floette|spa|1\n|\n|t:|1776301653\n|switch|p2b: Hatterene|Hatterene, L50, F, shiny|100/100|[from] Parting Shot\n|move|p2a: Farigiraf|Hyper Voice|p1b: Floette|[spread] p1a,p1b\n|-damage|p1a: Incineroar|1/100\n|-damage|p1b: Floette|56/100\n|move|p1b: Floette|Dazzling Gleam|p2a: Farigiraf|[spread] p2a,p2b\n|-damage|p2a: Farigiraf|45/100\n|-damage|p2b: Hatterene|53/100\n|\n|upkeep\n|turn|9\n|\n|t:|1776301676\n|move|p2b: Hatterene|Psychic|p1b: Floette\n|-damage|p1b: Floette|20/100\n|move|p2a: Farigiraf|Hyper Voice|p1b: Floette|[spread] p1a,p1b\n|-damage|p1a: Incineroar|0 fnt\n|-damage|p1b: Floette|1/100\n|faint|p1a: Incineroar\n|move|p1b: Floette|Dazzling Gleam|p2a: Farigiraf|[spread] p2a,p2b\n|-damage|p2a: Farigiraf|18/100\n|-damage|p2b: Hatterene|23/100\n|\n|upkeep\n|turn|10\n|-message|Kazuyii forfeited.\n|\n|win|icefangg\n|raw|Kazuyii's rating: 1031 &rarr; <strong>1015</strong><br />(-16 for losing)\n|raw|icefangg's rating: 1000 &rarr; <strong>1044</strong><br />(+44 for winning)\n|l|\u2606Kazuyii\n|player|p1|\n",
  "uploadtime": 1776301686,
  "views": 20,
  "formatid": "gen9championsvgc2026regma",
  "rating": 1015,
  "private": 0,
  "password": null
}