{
  "id": "gen9championsvgc2026regma-2584931886",
  "format": "[Gen 9 Champions] VGC 2026 Reg M-A",
  "players": [
    "h2obama",
    "mpampismpampinos"
  ],
  "log": "|j|\u2606h2obama\n|j|\u2606mpampismpampinos\n|t:|1776295689\n|gametype|doubles\n|player|p1|h2obama|2|1108\n|player|p2|mpampismpampinos|swimmerf|1033\n|gen|9\n|tier|[Gen 9 Champions] VGC 2026 Reg M-A\n|rated|\n|rule|Species Clause: Limit one of each Pok\u00e9mon\n|rule|Item Clause: Limit 1 of each item\n|clearpoke\n|poke|p1|Starmie, L50|\n|poke|p1|Milotic, L50, M|\n|poke|p1|Noivern, L50, F|\n|poke|p1|Maushold-Four, L50|\n|poke|p1|Mimikyu, L50, F|\n|poke|p1|Volcarona, L50, M|\n|poke|p2|Floette-Eternal, L50, F|\n|poke|p2|Espathra, L50, M|\n|poke|p2|Aegislash, L50, M|\n|poke|p2|Incineroar, L50, F|\n|poke|p2|Aerodactyl, L50, F|\n|poke|p2|Orthworm, L50, F|\n|teampreview|4\n|\n|t:|1776295748\n|teamsize|p1|4\n|teamsize|p2|4\n|start\n|switch|p1a: Starmie|Starmie, L50|100/100\n|switch|p1b: Mimikyu|Mimikyu, L50, F|100/100\n|switch|p2a: Aerodactyl|Aerodactyl, L50, F|100/100\n|switch|p2b: Espathra|Espathra, L50, M|100/100\n|turn|1\n|\n|t:|1776295764\n|detailschange|p1a: Starmie|Starmie-Mega, L50\n|-mega|p1a: Starmie|Starmie|Starminite\n|move|p2a: Aerodactyl|Tailwind|p2a: Aerodactyl\n|-sidestart|p2: mpampismpampinos|move: Tailwind\n|move|p2b: Espathra|Calm Mind|p2b: Espathra\n|-boost|p2b: Espathra|spa|1\n|-boost|p2b: Espathra|spd|1\n|move|p1a: Starmie|Liquidation|p2a: Aerodactyl\n|-supereffective|p2a: Aerodactyl|1\n|-damage|p2a: Aerodactyl|0 fnt\n|faint|p2a: Aerodactyl\n|move|p1b: Mimikyu|Swords Dance|p1b: Mimikyu\n|-boost|p1b: Mimikyu|atk|2\n|\n|-ability|p2b: Espathra|Speed Boost|boost\n|-boost|p2b: Espathra|spe|1\n|upkeep\n|\n|t:|1776295781\n|switch|p2a: Orthworm|Orthworm, L50, F|100/100\n|turn|2\n|\n|t:|1776295810\n|move|p1a: Starmie|Protect|p1a: Starmie\n|-singleturn|p1a: Starmie|Protect\n|move|p2a: Orthworm|Protect|p2a: Orthworm\n|-singleturn|p2a: Orthworm|Protect\n|move|p1b: Mimikyu|Shadow Sneak|p2b: Espathra\n|-supereffective|p2b: Espathra|1\n|-damage|p2b: Espathra|4/100\n|move|p2b: Espathra|Dazzling Gleam|p1a: Starmie|[spread] p1b\n|-activate|p1a: Starmie|move: Protect\n|-activate|p1b: Mimikyu|ability: Disguise\n|-damage|p1b: Mimikyu|100/100\n|detailschange|p1b: Mimikyu|Mimikyu-Busted, L50, F\n|-damage|p1b: Mimikyu|88/100|[from] pokemon: Mimikyu-Busted\n|\n|-ability|p2b: Espathra|Speed Boost|boost\n|-boost|p2b: Espathra|spe|1\n|upkeep\n|turn|3\n|\n|t:|1776295852\n|switch|p1a: Maushold|Maushold-Four, L50|100/100\n|move|p2b: Espathra|Protect|p2b: Espathra\n|-singleturn|p2b: Espathra|Protect\n|move|p1b: Mimikyu|Protect|p1b: Mimikyu\n|-singleturn|p1b: Mimikyu|Protect\n|move|p2a: Orthworm|Iron Defense|p2a: Orthworm\n|-boost|p2a: Orthworm|def|2\n|\n|-ability|p2b: Espathra|Speed Boost|boost\n|-boost|p2b: Espathra|spe|1\n|upkeep\n|turn|4\n|\n|t:|1776295879\n|move|p1b: Mimikyu|Shadow Sneak|p2b: Espathra\n|-supereffective|p2b: Espathra|1\n|-damage|p2b: Espathra|0 fnt\n|faint|p2b: Espathra\n|move|p2a: Orthworm|Iron Defense|p2a: Orthworm\n|-boost|p2a: Orthworm|def|2\n|move|p1a: Maushold|Super Fang|p2a: Orthworm\n|-damage|p2a: Orthworm|51/100\n|\n|-heal|p2a: Orthworm|57/100|[from] item: Leftovers\n|-sideend|p2: mpampismpampinos|move: Tailwind\n|upkeep\n|\n|t:|1776295890\n|switch|p2b: Floette|Floette-Eternal, L50, F|100/100\n|turn|5\n|\n|t:|1776295907\n|detailschange|p2b: Floette|Floette-Mega, L50, F\n|-mega|p2b: Floette|Floette|Floettite\n|-ability|p2b: Floette|Fairy Aura\n|move|p1a: Maushold|Feint|p2b: Floette\n|-damage|p2b: Floette|92/100\n|move|p1b: Mimikyu|Play Rough|p2b: Floette\n|-damage|p2b: Floette|0 fnt\n|faint|p2b: Floette\n|move|p2a: Orthworm|Body Press|p1a: Maushold\n|-supereffective|p1a: Maushold|1\n|-damage|p1a: Maushold|0 fnt\n|faint|p1a: Maushold\n|\n|-heal|p2a: Orthworm|63/100|[from] item: Leftovers\n|upkeep\n|\n|t:|1776295915\n|switch|p1a: Volcarona|Volcarona, L50, M|100/100\n|turn|6\n|\n|t:|1776295943\n|move|p1b: Mimikyu|Shadow Sneak|p2a: Orthworm\n|-damage|p2a: Orthworm|54/100\n|move|p1a: Volcarona|Heat Wave|p2a: Orthworm\n|-supereffective|p2a: Orthworm|1\n|-damage|p2a: Orthworm|0 fnt\n|faint|p2a: Orthworm\n|\n|win|h2obama\n|raw|h2obama's rating: 1108 &rarr; <strong>1128</strong><br />(+20 for winning)\n|raw|mpampismpampinos's rating: 1033 &rarr; <strong>1021</strong><br />(-12 for losing)\n|c|\u2606h2obama|gg\n",
  "uploadtime": 1776295956,
  "views": 19,
  "formatid": "gen9championsvgc2026regma",
  "rating": 1021,
  "private": 0,
  "password": null
}