{
  "id": "gen9championsvgc2026regma-2585046126",
  "format": "[Gen 9 Champions] VGC 2026 Reg M-A",
  "players": [
    "smartiesow",
    "ArepadeChorizard"
  ],
  "log": "|j|\u2606smartiesow\n|j|\u2606ArepadeChorizard\n|t:|1776306397\n|gametype|doubles\n|player|p1|smartiesow|101|1110\n|player|p2|ArepadeChorizard|allister-unmasked|1044\n|gen|9\n|tier|[Gen 9 Champions] VGC 2026 Reg M-A\n|rated|\n|rule|Species Clause: Limit one of each Pok\u00e9mon\n|rule|Item Clause: Limit 1 of each item\n|clearpoke\n|poke|p1|Garchomp, L50, M|\n|poke|p1|Tyranitar, L50, F|\n|poke|p1|Rotom-Heat, L50|\n|poke|p1|Talonflame, L50, M|\n|poke|p1|Excadrill, L50, F|\n|poke|p1|Sylveon, L50, F|\n|poke|p2|Gengar, L50, M|\n|poke|p2|Incineroar, L50, M|\n|poke|p2|Alcremie-Ruby-Swirl, L50, F|\n|poke|p2|Talonflame, L50, M|\n|poke|p2|Araquanid, L50, F|\n|poke|p2|Greninja-*, L50, M|\n|teampreview|4\nArepadeChorizard rejected open team sheets.\n|inactive|Battle timer is ON: inactive players will automatically lose when time's up. (requested by ArepadeChorizard)\n|inactive|ArepadeChorizard has 60 seconds left.\n|\n|t:|1776306433\n|teamsize|p1|4\n|teamsize|p2|4\n|start\n|switch|p1a: Tyranitar|Tyranitar, L50, F|100/100\n|switch|p1b: Talonflame|Talonflame, L50, M|100/100\n|switch|p2a: Incineroar|Incineroar, L50, M|100/100\n|switch|p2b: Araquanid|Araquanid, L50, F|100/100\n|-weather|Sandstorm|[from] ability: Sand Stream|[of] p1a: Tyranitar\n|-ability|p2a: Incineroar|Intimidate|boost\n|-unboost|p1a: Tyranitar|atk|1\n|-unboost|p1b: Talonflame|atk|1\n|turn|1\n|inactive|smartiesow has 30 seconds left.\n|inactive|smartiesow has 20 seconds left.\n|inactive|smartiesow has 15 seconds left.\n|inactive|smartiesow has 10 seconds left.\n|inactive|smartiesow has 5 seconds left.\n|\n|t:|1776306485\n|detailschange|p1a: Tyranitar|Tyranitar-Mega, L50, F\n|-mega|p1a: Tyranitar|Tyranitar|Tyranitarite\n|move|p1a: Tyranitar|Protect|p1a: Tyranitar\n|-singleturn|p1a: Tyranitar|Protect\n|move|p2a: Incineroar|Fake Out|p1b: Talonflame\n|-damage|p1b: Talonflame|86/100\n|cant|p1b: Talonflame|flinch\n|move|p2b: Araquanid|Liquidation|p1a: Tyranitar\n|-activate|p1a: Tyranitar|move: Protect\n|\n|-weather|Sandstorm|[upkeep]\n|-damage|p1b: Talonflame|80/100|[from] Sandstorm\n|-damage|p2a: Incineroar|94/100|[from] Sandstorm\n|-damage|p2b: Araquanid|94/100|[from] Sandstorm\n|-heal|p1b: Talonflame|86/100|[from] item: Leftovers\n|upkeep\n|turn|2\n|inactive|smartiesow has 30 seconds left.\n|\n|t:|1776306513\n|move|p1b: Talonflame|Tailwind|p1b: Talonflame\n|-sidestart|p1: smartiesow|move: Tailwind\n|move|p1a: Tyranitar|Rock Slide|p2a: Incineroar|[spread] p2a,p2b\n|-supereffective|p2a: Incineroar|1\n|-supereffective|p2b: Araquanid|1\n|-damage|p2a: Incineroar|36/100\n|-damage|p2b: Araquanid|37/100\n|-enditem|p2a: Incineroar|Sitrus Berry|[eat]\n|-heal|p2a: Incineroar|61/100|[from] item: Sitrus Berry\n|move|p2a: Incineroar|Parting Shot|p1b: Talonflame\n|-unboost|p1b: Talonflame|atk|1\n|-unboost|p1b: Talonflame|spa|1\n|\n|t:|1776306528\n|switch|p2a: Greninja|Greninja, L50, M|100/100|[from] Parting Shot\n|move|p2b: Araquanid|Liquidation|p1a: Tyranitar\n|-supereffective|p1a: Tyranitar|1\n|-damage|p1a: Tyranitar|4/100\n|\n|-weather|Sandstorm|[upkeep]\n|-damage|p1b: Talonflame|80/100|[from] Sandstorm\n|-damage|p2a: Greninja|94/100|[from] Sandstorm\n|-damage|p2b: Araquanid|30/100|[from] Sandstorm\n|-heal|p1b: Talonflame|86/100|[from] item: Leftovers\n|upkeep\n|turn|3\n|inactive|smartiesow has 30 seconds left.\n|inactive|smartiesow has 20 seconds left.\n|\n|t:|1776306564\n|switch|p1a: Garchomp|Garchomp, L50, M|100/100\n|move|p2a: Greninja|Water Shuriken|p1a: Garchomp\n|-start|p2a: Greninja|typechange|Water|[from] ability: Protean\n|-damage|p1a: Garchomp|94/100\n|-damage|p1a: Garchomp|88/100\n|-damage|p1a: Garchomp|81/100\n|-damage|p1a: Garchomp|75/100\n|-damage|p1a: Garchomp|68/100\n|-hitcount|p1a: Garchomp|5\n|move|p1b: Talonflame|U-turn|p2a: Greninja\n|-damage|p2a: Greninja|82/100\n|\n|t:|1776306578\n|switch|p1b: Rotom|Rotom-Heat, L50|100/100|[from] U-turn\n|move|p2b: Araquanid|Liquidation|p1b: Rotom\n|-supereffective|p1b: Rotom|1\n|-damage|p1b: Rotom|0 fnt\n|faint|p1b: Rotom\n|\n|-weather|Sandstorm|[upkeep]\n|-damage|p2a: Greninja|76/100|[from] Sandstorm\n|-damage|p2b: Araquanid|24/100|[from] Sandstorm\n|upkeep\n|\n|t:|1776306587\n|switch|p1b: Talonflame|Talonflame, L50, M|86/100\n|turn|4\n|\n|t:|1776306603\n|move|p2b: Araquanid|Wide Guard|p2b: Araquanid\n|-singleturn|p2b: Araquanid|Wide Guard\n|move|p2a: Greninja|Water Shuriken|p1b: Talonflame\n|-supereffective|p1b: Talonflame|1\n|-damage|p1b: Talonflame|70/100\n|-supereffective|p1b: Talonflame|1\n|-damage|p1b: Talonflame|54/100\n|-supereffective|p1b: Talonflame|1\n|-damage|p1b: Talonflame|38/100\n|-hitcount|p1b: Talonflame|3\n|move|p1b: Talonflame|Brave Bird|p2a: Greninja\n|-damage|p2a: Greninja|15/100\n|-damage|p1b: Talonflame|22/100|[from] Recoil\n|move|p1a: Garchomp|Rock Slide|p2b: Araquanid|[spread] \n|-activate|p2a: Greninja|move: Wide Guard\n|-activate|p2b: Araquanid|move: Wide Guard\n|\n|-weather|Sandstorm|[upkeep]\n|-damage|p1b: Talonflame|16/100|[from] Sandstorm\n|-damage|p2a: Greninja|9/100|[from] Sandstorm\n|-damage|p2b: Araquanid|18/100|[from] Sandstorm\n|-heal|p1b: Talonflame|22/100|[from] item: Leftovers\n|upkeep\n|turn|5\n|inactive|smartiesow has 30 seconds left.\n|inactive|ArepadeChorizard has 30 seconds left.\n|\n|t:|1776306633\n|move|p2b: Araquanid|Wide Guard|p2b: Araquanid\n|-singleturn|p2b: Araquanid|Wide Guard\n|move|p2a: Greninja|Water Shuriken|p1b: Talonflame\n|-supereffective|p1b: Talonflame|1\n|-crit|p1b: Talonflame\n|-damage|p1b: Talonflame|0 fnt\n|faint|p1b: Talonflame\n|-hitcount|p1: Talonflame|1\n|move|p1a: Garchomp|Rock Slide|p2a: Greninja|[spread] \n|-activate|p2a: Greninja|move: Wide Guard\n|-activate|p2b: Araquanid|move: Wide Guard\n|\n|-weather|none\n|-sideend|p1: smartiesow|move: Tailwind\n|upkeep\n|\n|t:|1776306644\n|switch|p1b: Tyranitar|Tyranitar-Mega, L50, F|4/100\n|-weather|Sandstorm|[from] ability: Sand Stream|[of] p1b: Tyranitar\n|turn|6\n|\n|t:|1776306659\n|move|p1b: Tyranitar|Protect|p1b: Tyranitar\n|-singleturn|p1b: Tyranitar|Protect\n|move|p2b: Araquanid|Wide Guard|p2b: Araquanid\n|-singleturn|p2b: Araquanid|Wide Guard\n|move|p2a: Greninja|Ice Beam|p1a: Garchomp|[miss]\n|-miss|p2a: Greninja|p1a: Garchomp\n|move|p1a: Garchomp|Rock Slide|p2a: Greninja|[spread] \n|-activate|p2a: Greninja|move: Wide Guard\n|-activate|p2b: Araquanid|move: Wide Guard\n|\n|-weather|Sandstorm|[upkeep]\n|-damage|p2a: Greninja|3/100|[from] Sandstorm\n|-damage|p2b: Araquanid|12/100|[from] Sandstorm\n|upkeep\n|turn|7\n|\n|t:|1776306678\n|move|p2b: Araquanid|Wide Guard|p2b: Araquanid\n|-singleturn|p2b: Araquanid|Wide Guard\n|move|p2a: Greninja|Ice Beam|p1a: Garchomp\n|-supereffective|p1a: Garchomp|2\n|-damage|p1a: Garchomp|0 fnt\n|faint|p1a: Garchomp\n|move|p1b: Tyranitar|Crunch|p2a: Greninja\n|-damage|p2a: Greninja|0 fnt\n|faint|p2a: Greninja\n|\n|-weather|Sandstorm|[upkeep]\n|-damage|p2b: Araquanid|5/100|[from] Sandstorm\n|upkeep\n|c|\u2606ArepadeChorizard|Gg\n|\n|t:|1776306688\n|switch|p2a: Incineroar|Incineroar, L50, M|61/100\n|-ability|p2a: Incineroar|Intimidate|boost\n|-unboost|p1b: Tyranitar|atk|1\n|turn|8\n|c|\u2606smartiesow|gg\n|-message|smartiesow forfeited.\n|\n|win|ArepadeChorizard\n|raw|smartiesow's rating: 1110 &rarr; <strong>1080</strong><br />(-30 for losing)\n|raw|ArepadeChorizard's rating: 1044 &rarr; <strong>1084</strong><br />(+40 for winning)\n|l|\u2606smartiesow\n|player|p1|\n",
  "uploadtime": 1776306697,
  "views": 26,
  "formatid": "gen9championsvgc2026regma",
  "rating": 1080,
  "private": 0,
  "password": null
}