{
  "id": "gen9championsvgc2026regma-2588046175",
  "format": "[Gen 9 Champions] VGC 2026 Reg M-A",
  "players": [
    "Lopvd",
    "jao91235"
  ],
  "log": "|j|\u2606Lopvd\n|j|\u2606jao91235\n|t:|1776597585\n|gametype|doubles\n|player|p1|Lopvd|lucas-gen4pt|1181\n|player|p2|jao91235|boarder|1130\n|gen|9\n|tier|[Gen 9 Champions] VGC 2026 Reg M-A\n|rated|\n|rule|Species Clause: Limit one of each Pok\u00e9mon\n|rule|Item Clause: Limit 1 of each item\n|clearpoke\n|poke|p1|Milotic, L50, M|\n|poke|p1|Sneasler, L50, M|\n|poke|p1|Kingambit, L50, M|\n|poke|p1|Alakazam, L50, F|\n|poke|p1|Whimsicott, L50, F|\n|poke|p1|Incineroar, L50, M|\n|poke|p2|Sharpedo, L50, F|\n|poke|p2|Aerodactyl, L50, M|\n|poke|p2|Volcarona, L50, M|\n|poke|p2|Raichu, L50, F|\n|poke|p2|Pelipper, L50, M|\n|poke|p2|Garchomp, L50, M|\n|teampreview|4\n|inactive|Battle timer is ON: inactive players will automatically lose when time's up. (requested by Lopvd)\n|inactive|Lopvd has 60 seconds left.\n|inactive|jao91235 has 60 seconds left.\n|inactive|Lopvd has 30 seconds left.\n|\n|t:|1776597647\n|teamsize|p1|4\n|teamsize|p2|4\n|start\n|switch|p1a: Whimsicott|Whimsicott, L50, F|100/100\n|switch|p1b: Incineroar|Incineroar, L50, M|100/100\n|switch|p2a: Volcarona|Volcarona, L50, M|100/100\n|switch|p2b: Sharpedo|Sharpedo, L50, F|100/100\n|-ability|p1b: Incineroar|Intimidate|boost\n|-unboost|p2a: Volcarona|atk|1\n|-unboost|p2b: Sharpedo|atk|1\n|turn|1\n|\n|t:|1776597660\n|move|p2a: Volcarona|Protect|p2a: Volcarona\n|-singleturn|p2a: Volcarona|Protect\n|move|p2b: Sharpedo|Protect|p2b: Sharpedo\n|-singleturn|p2b: Sharpedo|Protect\n|move|p1b: Incineroar|Fake Out|p2a: Volcarona\n|-activate|p2a: Volcarona|move: Protect\n|move|p1a: Whimsicott|Tailwind|p1a: Whimsicott\n|-sidestart|p1: Lopvd|move: Tailwind\n|\n|-ability|p2b: Sharpedo|Speed Boost|boost\n|-boost|p2b: Sharpedo|spe|1\n|upkeep\n|turn|2\n|\n|t:|1776597680\n|move|p1a: Whimsicott|Encore|p2b: Sharpedo\n|-hint|Since gen 7, Dark is immune to Prankster moves.\n|-immune|p2b: Sharpedo\n|move|p2b: Sharpedo|Liquidation|p1b: Incineroar\n|-supereffective|p1b: Incineroar|1\n|-damage|p1b: Incineroar|53/100\n|move|p1b: Incineroar|Darkest Lariat|p2a: Volcarona\n|-damage|p2a: Volcarona|54/100\n|move|p2a: Volcarona|Struggle Bug|p1a: Whimsicott|[spread] p1a,p1b\n|-damage|p1a: Whimsicott|63/100\n|-damage|p1b: Incineroar|29/100\n|-unboost|p1a: Whimsicott|spa|1\n|-unboost|p1b: Incineroar|spa|1\n|-enditem|p1b: Incineroar|Sitrus Berry|[eat]\n|-heal|p1b: Incineroar|53/100|[from] item: Sitrus Berry\n|\n|-ability|p2b: Sharpedo|Speed Boost|boost\n|-boost|p2b: Sharpedo|spe|1\n|upkeep\n|turn|3\n|\n|t:|1776597704\n|switch|p2a: Pelipper|Pelipper, L50, M|100/100\n|-weather|RainDance|[from] ability: Drizzle|[of] p2a: Pelipper\n|move|p1a: Whimsicott|Moonblast|p2b: Sharpedo\n|-supereffective|p2b: Sharpedo|1\n|-damage|p2b: Sharpedo|19/100\n|move|p2b: Sharpedo|Liquidation|p1b: Incineroar\n|-supereffective|p1b: Incineroar|1\n|-damage|p1b: Incineroar|0 fnt\n|faint|p1b: Incineroar\n|\n|-weather|RainDance|[upkeep]\n|-ability|p2b: Sharpedo|Speed Boost|boost\n|-boost|p2b: Sharpedo|spe|1\n|upkeep\n|\n|t:|1776597718\n|switch|p1b: Milotic|Milotic, L50, M|100/100\n|turn|4\n|\n|t:|1776597731\n|move|p2b: Sharpedo|Protect|p2b: Sharpedo\n|-singleturn|p2b: Sharpedo|Protect\n|move|p1a: Whimsicott|Moonblast|p2a: Pelipper\n|-damage|p2a: Pelipper|71/100\n|move|p1b: Milotic|Ice Beam|p2a: Pelipper\n|-damage|p2a: Pelipper|33/100\n|move|p2a: Pelipper|Hurricane|p1a: Whimsicott\n|-supereffective|p1a: Whimsicott|1\n|-damage|p1a: Whimsicott|0 fnt\n|faint|p1a: Whimsicott\n|\n|-weather|RainDance|[upkeep]\n|-sideend|p1: Lopvd|move: Tailwind\n|-ability|p2b: Sharpedo|Speed Boost|boost\n|-boost|p2b: Sharpedo|spe|1\n|upkeep\n|\n|t:|1776597744\n|switch|p1a: Sneasler|Sneasler, L50, M|100/100\n|turn|5\n|\n|t:|1776597757\n|switch|p2b: Volcarona|Volcarona, L50, M|54/100\n|move|p1a: Sneasler|Fake Out|p2b: Volcarona\n|-damage|p2b: Volcarona|34/100\n|move|p2a: Pelipper|Hurricane|p1a: Sneasler\n|-supereffective|p1a: Sneasler|1\n|-damage|p1a: Sneasler|0 fnt\n|faint|p1a: Sneasler\n|move|p1b: Milotic|Ice Beam|p2a: Pelipper\n|-damage|p2a: Pelipper|0 fnt\n|faint|p2a: Pelipper\n|\n|-weather|RainDance|[upkeep]\n|upkeep\n|\n|t:|1776597770\n|switch|p2a: Sharpedo|Sharpedo, L50, F|19/100\n|turn|6\n|\n|t:|1776597779\n|detailschange|p2a: Sharpedo|Sharpedo-Mega, L50, F\n|-mega|p2a: Sharpedo|Sharpedo|Sharpedonite\n|move|p2a: Sharpedo|Crunch|p1b: Milotic\n|-damage|p1b: Milotic|35/100\n|move|p2b: Volcarona|Struggle Bug|p1b: Milotic\n|-damage|p1b: Milotic|10/100\n|-unboost|p1b: Milotic|spa|1\n|-ability|p1b: Milotic|Competitive|boost\n|-boost|p1b: Milotic|spa|2\n|move|p1b: Milotic|Scald|p2b: Volcarona\n|-supereffective|p2b: Volcarona|1\n|-damage|p2b: Volcarona|0 fnt\n|faint|p2b: Volcarona\n|\n|-weather|RainDance|[upkeep]\n|-heal|p1b: Milotic|16/100|[from] item: Leftovers\n|upkeep\n|\n|t:|1776597786\n|switch|p2b: Garchomp|Garchomp, L50, M|100/100\n|turn|7\n|\n|t:|1776597794\n|move|p1b: Milotic|Protect|p1b: Milotic\n|-singleturn|p1b: Milotic|Protect\n|move|p2b: Garchomp|Dragon Claw|p1b: Milotic\n|-activate|p1b: Milotic|move: Protect\n|move|p2a: Sharpedo|Crunch|p1b: Milotic\n|-activate|p1b: Milotic|move: Protect\n|\n|-weather|none\n|-heal|p1b: Milotic|22/100|[from] item: Leftovers\n|upkeep\n|turn|8\n|\n|t:|1776597803\n|move|p2b: Garchomp|Dragon Claw|p1b: Milotic\n|-damage|p1b: Milotic|0 fnt\n|faint|p1b: Milotic\n|\n|win|jao91235\n|raw|Lopvd's rating: 1181 &rarr; <strong>1152</strong><br />(-29 for losing)\n|raw|jao91235's rating: 1130 &rarr; <strong>1159</strong><br />(+29 for winning)\n",
  "uploadtime": 1776597808,
  "views": 14,
  "formatid": "gen9championsvgc2026regma",
  "rating": 1152,
  "private": 0,
  "password": null
}