{
  "id": "gen9championsvgc2026regma-2583537449",
  "format": "[Gen 9 Champions] VGC 2026 Reg M-A",
  "players": [
    "SabrinaCarTimburr",
    "YingsungOoh"
  ],
  "log": "|j|\u2606SabrinaCarTimburr\n|j|\u2606YingsungOoh\n|t:|1776181920\n|gametype|doubles\n|player|p1|SabrinaCarTimburr|sabrina-frlg|1052\n|player|p2|YingsungOoh|2|1000\n|gen|9\n|tier|[Gen 9 Champions] VGC 2026 Reg M-A\n|rated|\n|rule|Species Clause: Limit one of each Pok\u00e9mon\n|rule|Item Clause: Limit 1 of each item\n|clearpoke\n|poke|p1|Victreebel, L50, M|\n|poke|p1|Gyarados, L50, M|\n|poke|p1|Volcarona, L50, M|\n|poke|p1|Kingambit, L50, F|\n|poke|p1|Dragapult, L50, M|\n|poke|p1|Gardevoir, L50, F|\n|poke|p2|Basculegion, L50, M|\n|poke|p2|Mimikyu, L50, M|\n|poke|p2|Froslass, L50, F|\n|poke|p2|Orthworm, L50, M|\n|poke|p2|Sinistcha, L50|\n|poke|p2|Garchomp, L50, F|\n|teampreview|4\nYingsungOoh has agreed to open team sheets.\n|\n|t:|1776181976\n|teamsize|p1|4\n|teamsize|p2|4\n|start\n|switch|p1a: Gyarados|Gyarados, L50, M, shiny|100/100\n|switch|p1b: Volcarona|Volcarona, L50, M|100/100\n|switch|p2a: Froslass|Froslass, L50, F|100/100\n|switch|p2b: Basculegion|Basculegion, L50, M|100/100\n|-ability|p1a: Gyarados|Intimidate|boost\n|-unboost|p2a: Froslass|atk|1\n|-unboost|p2b: Basculegion|atk|1\n|turn|1\n|l|\u2606YingsungOoh\n|player|p2|\n|j|\u2606YingsungOoh\n|player|p2|YingsungOoh|2|\n|inactive|Battle timer is ON: inactive players will automatically lose when time's up. (requested by SabrinaCarTimburr)\n|\n|t:|1776182029\n|switch|p2a: Orthworm|Orthworm, L50, M|100/100\n|move|p1b: Volcarona|Protect|p1b: Volcarona\n|-singleturn|p1b: Volcarona|Protect\n|move|p1a: Gyarados|Thunder Wave|p2b: Basculegion\n|-status|p2b: Basculegion|par\n|move|p2b: Basculegion|Wave Crash|p1b: Volcarona\n|-activate|p1b: Volcarona|move: Protect\n|\n|upkeep\n|turn|2\n|inactive|SabrinaCarTimburr has 30 seconds left.\n|\n|t:|1776182057\n|switch|p1b: Victreebel|Victreebel, L50, M|100/100\n|move|p1a: Gyarados|Taunt|p2a: Orthworm\n|-start|p2a: Orthworm|move: Taunt\n|cant|p2a: Orthworm|move: Taunt|Shed Tail\n|move|p2b: Basculegion|Wave Crash|p1b: Victreebel\n|-resisted|p1b: Victreebel|1\n|-damage|p1b: Victreebel|76/100\n|-damage|p2b: Basculegion|94/100 par|[from] Recoil\n|\n|upkeep\n|turn|3\n|\n|t:|1776182078\n|detailschange|p1b: Victreebel|Victreebel-Mega, L50, M\n|-mega|p1b: Victreebel|Victreebel|Victreebelite\n|move|p1a: Gyarados|Waterfall|p2b: Basculegion\n|-resisted|p2b: Basculegion|1\n|-damage|p2b: Basculegion|75/100 par\n|move|p1b: Victreebel|Giga Drain|p2b: Basculegion\n|-supereffective|p2b: Basculegion|1\n|-damage|p2b: Basculegion|1/100 par\n|-heal|p1b: Victreebel|100/100|[from] drain|[of] p2b: Basculegion\n|move|p2a: Orthworm|Flash Cannon|p1a: Gyarados\n|-resisted|p1a: Gyarados|1\n|-damage|p1a: Gyarados|93/100\n|move|p2b: Basculegion|Crunch|p1a: Gyarados\n|-damage|p1a: Gyarados|80/100\n|-unboost|p1a: Gyarados|def|1\n|\n|upkeep\n|turn|4\n|inactive|SabrinaCarTimburr has 30 seconds left.\n|inactive|SabrinaCarTimburr has 20 seconds left.\n|\n|t:|1776182115\n|switch|p1a: Volcarona|Volcarona, L50, M|100/100\n|move|p2b: Basculegion|Protect|p2b: Basculegion\n|-singleturn|p2b: Basculegion|Protect\n|move|p1b: Victreebel|Giga Drain|p2b: Basculegion\n|-activate|p2b: Basculegion|move: Protect\n|move|p2a: Orthworm|Flash Cannon|p1a: Volcarona\n|-resisted|p1a: Volcarona|1\n|-damage|p1a: Volcarona|91/100\n|\n|-heal|p1a: Volcarona|97/100|[from] item: Leftovers\n|-end|p2a: Orthworm|move: Taunt\n|upkeep\n|turn|5\n|\n|t:|1776182131\n|move|p1a: Volcarona|Quiver Dance|p1a: Volcarona\n|-boost|p1a: Volcarona|spa|1\n|-boost|p1a: Volcarona|spd|1\n|-boost|p1a: Volcarona|spe|1\n|move|p1b: Victreebel|Giga Drain|p2b: Basculegion\n|-supereffective|p2b: Basculegion|1\n|-damage|p2b: Basculegion|0 fnt\n|faint|p2b: Basculegion\n|move|p2a: Orthworm|Shed Tail|p2a: Orthworm\n|-start|p2a: Orthworm|Substitute|[from] move: Shed Tail\n|-damage|p2a: Orthworm|50/100\n|\n|t:|1776182142\n|switch|p2a: Froslass|Froslass, L50, F|100/100|[from] Shed Tail\n|\n|-heal|p1a: Volcarona|100/100|[from] item: Leftovers\n|upkeep\n|\n|t:|1776182151\n|switch|p2b: Sinistcha|Sinistcha, L50|100/100\n|turn|6\n|\n|t:|1776182168\n|detailschange|p2a: Froslass|Froslass-Mega, L50, F\n|-mega|p2a: Froslass|Froslass|Froslassite\n|-weather|Snowscape|[from] ability: Snow Warning|[of] p2a: Froslass\n|move|p1b: Victreebel|Protect|p1b: Victreebel\n|-singleturn|p1b: Victreebel|Protect\n|move|p2b: Sinistcha|Rage Powder|p2b: Sinistcha\n|-singleturn|p2b: Sinistcha|move: Rage Powder\n|move|p1a: Volcarona|Flamethrower|p2b: Sinistcha\n|-supereffective|p2b: Sinistcha|1\n|-damage|p2b: Sinistcha|0 fnt\n|faint|p2b: Sinistcha\n|move|p2a: Froslass|Nasty Plot|p2a: Froslass\n|-boost|p2a: Froslass|spa|2\n|\n|-weather|Snowscape|[upkeep]\n|upkeep\n|\n|t:|1776182182\n|switch|p2b: Orthworm|Orthworm, L50, M|50/100\n|turn|7\n|inactive|SabrinaCarTimburr has 30 seconds left.\n|\n|t:|1776182212\n|switch|p1b: Gyarados|Gyarados, L50, M, shiny|80/100\n|-ability|p1b: Gyarados|Intimidate|boost\n|-immune|p2a: Froslass\n|-unboost|p2b: Orthworm|atk|1\n|move|p2b: Orthworm|Protect|p2b: Orthworm\n|-singleturn|p2b: Orthworm|Protect\n|move|p1a: Volcarona|Flamethrower|p2a: Froslass\n|-supereffective|p2a: Froslass|1\n|-end|p2a: Froslass|Substitute\n|move|p2a: Froslass|Blizzard|p1a: Volcarona|[spread] p1a,p1b\n|-resisted|p1a: Volcarona|1\n|-damage|p1a: Volcarona|72/100\n|-damage|p1b: Gyarados|5/100\n|-enditem|p1b: Gyarados|Sitrus Berry|[eat]\n|-heal|p1b: Gyarados|30/100|[from] item: Sitrus Berry\n|\n|-weather|Snowscape|[upkeep]\n|-heal|p1a: Volcarona|79/100|[from] item: Leftovers\n|upkeep\n|turn|8\n|inactive|SabrinaCarTimburr has 30 seconds left.\n|inactive|YingsungOoh has 30 seconds left.\n|inactive|YingsungOoh has 20 seconds left.\n|\n|t:|1776182252\n|move|p1b: Gyarados|Protect|p1b: Gyarados\n|-singleturn|p1b: Gyarados|Protect\n|move|p1a: Volcarona|Flamethrower|p2a: Froslass\n|-supereffective|p2a: Froslass|1\n|-damage|p2a: Froslass|0 fnt\n|faint|p2a: Froslass\n|move|p2b: Orthworm|Body Press|p1b: Gyarados\n|-activate|p1b: Gyarados|move: Protect\n|\n|-weather|Snowscape|[upkeep]\n|-heal|p1a: Volcarona|85/100|[from] item: Leftovers\n|upkeep\n|turn|9\n|-message|YingsungOoh forfeited.\n|\n|win|SabrinaCarTimburr\n|raw|SabrinaCarTimburr's rating: 1052 &rarr; <strong>1079</strong><br />(+27 for winning)\n|raw|YingsungOoh's rating: 1000 &rarr; <strong>1000</strong><br />(+0 for losing)\n|l|\u2606YingsungOoh\n|player|p2|\n",
  "uploadtime": 1776182405,
  "views": 15,
  "formatid": "gen9championsvgc2026regma",
  "rating": 1000,
  "private": 0,
  "password": null
}