{
  "id": "gen9championsvgc2026regma-2588442415",
  "format": "[Gen 9 Champions] VGC 2026 Reg M-A",
  "players": [
    "seabear2112",
    "poobleunderscore"
  ],
  "log": "|j|\u2606seabear2112\n|j|\u2606poobleunderscore\n|t:|1776633912\n|gametype|doubles\n|player|p1|seabear2112|guitarist|1348\n|player|p2|poobleunderscore|crasherwake|1372\n|gen|9\n|tier|[Gen 9 Champions] VGC 2026 Reg M-A\n|rated|\n|rule|Species Clause: Limit one of each Pok\u00e9mon\n|rule|Item Clause: Limit 1 of each item\n|clearpoke\n|poke|p1|Glimmora, L50, M|\n|poke|p1|Talonflame, L50, F, shiny|\n|poke|p1|Rotom-Wash, L50|\n|poke|p1|Garchomp, L50, M|\n|poke|p1|Floette-Eternal, L50, F|\n|poke|p1|Aegislash, L50, M|\n|poke|p2|Venusaur, L50, M|\n|poke|p2|Banette, L50, F|\n|poke|p2|Rotom-Wash, L50|\n|poke|p2|Tauros-Paldea-Blaze, L50, M|\n|poke|p2|Garchomp, L50, F|\n|poke|p2|Milotic, L50, F|\n|teampreview|4\n|\n|t:|1776633954\n|teamsize|p1|4\n|teamsize|p2|4\n|start\n|switch|p1a: Linetti|Floette-Eternal, L50, F|100/100\n|switch|p1b: Holt|Rotom-Wash, L50|100/100\n|switch|p2a: Rotom|Rotom-Wash, L50|100/100\n|switch|p2b: Garchomp|Garchomp, L50, F|100/100\n|turn|1\n|\n|t:|1776633987\n|detailschange|p1a: Linetti|Floette-Mega, L50, F\n|-mega|p1a: Linetti|Floette|Floettite\n|-ability|p1a: Linetti|Fairy Aura\n|move|p2b: Garchomp|Rock Slide|p1a: Linetti|[spread] p1a,p1b\n|-damage|p1a: Linetti|80/100\n|-damage|p1b: Holt|78/100\n|move|p1b: Holt|Will-O-Wisp|p2b: Garchomp\n|-status|p2b: Garchomp|brn\n|cant|p1a: Linetti|flinch\n|move|p2a: Rotom|Volt Switch|p1b: Holt\n|-damage|p1b: Holt|43/100\n|-enditem|p1b: Holt|Sitrus Berry|[eat]\n|-heal|p1b: Holt|68/100|[from] item: Sitrus Berry\n|\n|t:|1776634000\n|switch|p2a: Venusaur|Venusaur, L50, M|100/100|[from] Volt Switch\n|\n|-damage|p2b: Garchomp|94/100 brn|[from] brn\n|upkeep\n|turn|2\n|\n|t:|1776634018\n|switch|p1b: Peralta|Aegislash, L50, M|100/100\n|detailschange|p2a: Venusaur|Venusaur-Mega, L50, M\n|-mega|p2a: Venusaur|Venusaur|Venusaurite\n|move|p2b: Garchomp|Rock Slide|p1a: Linetti|[spread] p1a,p1b\n|-resisted|p1b: Peralta|1\n|-damage|p1a: Linetti|70/100\n|-damage|p1b: Peralta|97/100\n|move|p1a: Linetti|Dazzling Gleam|p2a: Venusaur|[spread] p2a,p2b\n|-resisted|p2a: Venusaur|1\n|-supereffective|p2b: Garchomp|1\n|-damage|p2a: Venusaur|82/100\n|-damage|p2b: Garchomp|8/100 brn\n|move|p2a: Venusaur|Sludge Bomb|p1a: Linetti\n|-supereffective|p1a: Linetti|1\n|-damage|p1a: Linetti|5/100\n|\n|-damage|p2b: Garchomp|2/100 brn|[from] brn\n|upkeep\n|turn|3\n|\n|t:|1776634056\n|move|p1a: Linetti|Protect|p1a: Linetti\n|-singleturn|p1a: Linetti|Protect\n|-formechange|p1b: Peralta|Aegislash-Blade|\n|move|p1b: Peralta|Shadow Sneak|p2b: Garchomp\n|-damage|p2b: Garchomp|0 fnt\n|-damage|p1b: Peralta|85/100|[from] ability: Rough Skin|[of] p2b: Garchomp\n|faint|p2b: Garchomp\n|move|p2a: Venusaur|Earth Power|p1b: Peralta\n|-supereffective|p1b: Peralta|1\n|-damage|p1b: Peralta|0 fnt\n|faint|p1b: Peralta\n|\n|upkeep\n|\n|t:|1776634068\n|switch|p2b: Rotom|Rotom-Wash, L50|100/100\n|switch|p1b: Jeffords|Garchomp, L50, M|100/100\n|turn|4\n|\n|t:|1776634080\n|switch|p1a: Holt|Rotom-Wash, L50|68/100\n|move|p2a: Venusaur|Protect|p2a: Venusaur\n|-singleturn|p2a: Venusaur|Protect\n|move|p1b: Jeffords|Earthquake|p2b: Rotom|[spread] \n|-activate|p2a: Venusaur|move: Protect\n|-immune|p1a: Holt|[from] ability: Levitate\n|-immune|p2b: Rotom|[from] ability: Levitate\n|move|p2b: Rotom|Volt Switch|p1a: Holt\n|-crit|p1a: Holt\n|-damage|p1a: Holt|16/100\n|\n|t:|1776634091\n|switch|p2b: Milotic|Milotic, L50, F|100/100|[from] Volt Switch\n|\n|upkeep\n|turn|5\n|\n|t:|1776634130\n|move|p2b: Milotic|Protect|p2b: Milotic\n|-singleturn|p2b: Milotic|Protect\n|move|p1b: Jeffords|Earthquake|p2b: Milotic|[spread] p2a\n|-activate|p2b: Milotic|move: Protect\n|-immune|p1a: Holt|[from] ability: Levitate\n|-damage|p2a: Venusaur|49/100\n|move|p1a: Holt|Thunderbolt|p2b: Milotic\n|-activate|p2b: Milotic|move: Protect\n|move|p2a: Venusaur|Energy Ball|p1a: Holt\n|-supereffective|p1a: Holt|1\n|-damage|p1a: Holt|0 fnt\n|faint|p1a: Holt\n|\n|upkeep\n|\n|t:|1776634144\n|switch|p1a: Linetti|Floette-Mega, L50, F|5/100\n|-ability|p1a: Linetti|Fairy Aura\n|turn|6\n|-message|seabear2112 forfeited.\n|\n|win|poobleunderscore\n|raw|seabear2112's rating: 1348 &rarr; <strong>1329</strong><br />(-19 for losing)\n|raw|poobleunderscore's rating: 1372 &rarr; <strong>1391</strong><br />(+19 for winning)\n|l|\u2606seabear2112\n|player|p1|\n|l|\u2606poobleunderscore\n|player|p2|\n|j|\u2606poobleunderscore\n|player|p2|poobleunderscore|crasherwake|\n",
  "uploadtime": 1776634299,
  "views": 16,
  "formatid": "gen9championsvgc2026regma",
  "rating": 1329,
  "private": 0,
  "password": null
}