{
  "id": "gen9championsvgc2026regma-2585893541",
  "format": "[Gen 9 Champions] VGC 2026 Reg M-A",
  "players": [
    "Johten",
    "JadeBattles"
  ],
  "log": "|j|\u2606Johten\n|j|\u2606JadeBattles\n|t:|1776379100\n|gametype|doubles\n|player|p1|Johten|veteran|1183\n|player|p2|JadeBattles|169|1245\n|gen|9\n|tier|[Gen 9 Champions] VGC 2026 Reg M-A\n|rated|\n|rule|Species Clause: Limit one of each Pok\u00e9mon\n|rule|Item Clause: Limit 1 of each item\n|clearpoke\n|poke|p1|Golurk, L50|\n|poke|p1|Rotom-Heat, L50|\n|poke|p1|Whimsicott, L50, F|\n|poke|p1|Archaludon, L50, M|\n|poke|p1|Gallade, L50, M|\n|poke|p1|Wyrdeer, L50, M|\n|poke|p2|Excadrill, L50, F|\n|poke|p2|Whimsicott, L50, F|\n|poke|p2|Tyranitar, L50, M|\n|poke|p2|Aegislash, L50, F|\n|poke|p2|Meganium, L50, M|\n|poke|p2|Raichu, L50, M|\n|teampreview|4\n|inactive|Battle timer is ON: inactive players will automatically lose when time's up. (requested by Johten)\n|inactive|Johten has 60 seconds left.\n|inactive|JadeBattles has 60 seconds left.\n|\n|t:|1776379139\n|teamsize|p1|4\n|teamsize|p2|4\n|start\n|switch|p1a: Rotom|Rotom-Heat, L50|100/100\n|switch|p1b: Whimsicott|Whimsicott, L50, F|100/100\n|switch|p2a: Meganium|Meganium, L50, M|100/100\n|switch|p2b: Big T|Tyranitar, L50, M|100/100\n|-weather|Sandstorm|[from] ability: Sand Stream|[of] p2b: Big T\n|turn|1\n|\n|t:|1776379158\n|detailschange|p2a: Meganium|Meganium-Mega, L50, M\n|-mega|p2a: Meganium|Meganium|Meganiumite\n|move|p2a: Meganium|Protect|p2a: Meganium\n|-singleturn|p2a: Meganium|Protect\n|move|p2b: Big T|Protect|p2b: Big T\n|-singleturn|p2b: Big T|Protect\n|move|p1a: Rotom|Volt Switch|p2b: Big T\n|-activate|p2b: Big T|move: Protect\n|move|p1b: Whimsicott|Beat Up|p1a: Rotom\n|-damage|p1a: Rotom|98/100\n|-damage|p1a: Rotom|96/100\n|-damage|p1a: Rotom|93/100\n|-damage|p1a: Rotom|89/100\n|-hitcount|p1a: Rotom|4\n|\n|-weather|Sandstorm|[upkeep]\n|-damage|p1a: Rotom|83/100|[from] Sandstorm\n|-damage|p1b: Whimsicott|95/100|[from] Sandstorm\n|-damage|p2a: Meganium|95/100|[from] Sandstorm\n|upkeep\n|turn|2\n|\n|t:|1776379179\n|move|p1b: Whimsicott|Protect|p1b: Whimsicott\n|-singleturn|p1b: Whimsicott|Protect\n|move|p1a: Rotom|Electroweb|p2b: Big T|[spread] p2a,p2b\n|-resisted|p2a: Meganium|1\n|-damage|p2a: Meganium|88/100\n|-damage|p2b: Big T|91/100\n|-unboost|p2a: Meganium|spe|1\n|-unboost|p2b: Big T|spe|1\n|move|p2a: Meganium|Weather Ball|p1b: Whimsicott\n|-activate|p1b: Whimsicott|move: Protect\n|move|p2b: Big T|Rock Slide|p1a: Rotom|[spread] p1a\n|-activate|p1b: Whimsicott|move: Protect\n|-supereffective|p1a: Rotom|1\n|-damage|p1a: Rotom|0 fnt\n|faint|p1a: Rotom\n|\n|-weather|Sandstorm|[upkeep]\n|-damage|p1b: Whimsicott|89/100|[from] Sandstorm\n|-damage|p2a: Meganium|82/100|[from] Sandstorm\n|upkeep\n|\n|t:|1776379196\n|switch|p1a: Gallade|Gallade, L50, M|100/100\n|turn|3\n|\n|t:|1776379216\n|move|p2b: Big T|Protect|p2b: Big T\n|-singleturn|p2b: Big T|Protect\n|move|p1b: Whimsicott|Beat Up|p1a: Gallade\n|-damage|p1a: Gallade|96/100\n|-ability|p1a: Gallade|Justified|boost\n|-boost|p1a: Gallade|atk|1\n|-damage|p1a: Gallade|94/100\n|-ability|p1a: Gallade|Justified|boost\n|-boost|p1a: Gallade|atk|1\n|-damage|p1a: Gallade|90/100\n|-ability|p1a: Gallade|Justified|boost\n|-boost|p1a: Gallade|atk|1\n|-hitcount|p1a: Gallade|3\n|move|p1a: Gallade|Ice Punch|p2a: Meganium\n|-supereffective|p2a: Meganium|1\n|-damage|p2a: Meganium|0 fnt\n|faint|p2a: Meganium\n|\n|-weather|Sandstorm|[upkeep]\n|-damage|p1b: Whimsicott|83/100|[from] Sandstorm\n|-damage|p1a: Gallade|84/100|[from] Sandstorm\n|upkeep\n|\n|t:|1776379241\n|switch|p2a: Mythra|Aegislash, L50, F|100/100\n|turn|4\n|\n|t:|1776379251\n|switch|p2b: Joy & Whimsy|Whimsicott, L50, F|100/100\n|move|p1a: Gallade|Protect|p1a: Gallade\n|-singleturn|p1a: Gallade|Protect\n|move|p1b: Whimsicott|Tailwind|p1b: Whimsicott\n|-sidestart|p1: Johten|move: Tailwind\n|-formechange|p2a: Mythra|Aegislash-Blade|\n|move|p2a: Mythra|Shadow Sneak|p1a: Gallade\n|-activate|p1a: Gallade|move: Protect\n|\n|-weather|Sandstorm|[upkeep]\n|-damage|p1b: Whimsicott|77/100|[from] Sandstorm\n|-damage|p1a: Gallade|77/100|[from] Sandstorm\n|-damage|p2b: Joy & Whimsy|95/100|[from] Sandstorm\n|upkeep\n|turn|5\n|inactive|JadeBattles has 30 seconds left.\n|\n|t:|1776379277\n|switch|p1b: Wyrdeer|Wyrdeer, L50, M|100/100\n|-ability|p1b: Wyrdeer|Intimidate|boost\n|-unboost|p2a: Mythra|atk|1\n|-unboost|p2b: Joy & Whimsy|atk|1\n|detailschange|p1a: Gallade|Gallade-Mega, L50, M\n|-mega|p1a: Gallade|Gallade|Galladite\n|move|p2b: Joy & Whimsy|Protect|p2b: Joy & Whimsy\n|-singleturn|p2b: Joy & Whimsy|Protect\n|move|p2a: Mythra|Shadow Sneak|p1a: Gallade\n|-supereffective|p1a: Gallade|1\n|-damage|p1a: Gallade|42/100\n|move|p1a: Gallade|Ice Punch|p2b: Joy & Whimsy\n|-activate|p2b: Joy & Whimsy|move: Protect\n|\n|-weather|none\n|upkeep\n|turn|6\n|inactive|JadeBattles has 30 seconds left.\n|\n|t:|1776379303\n|switch|p2b: Big T|Tyranitar, L50, M|91/100\n|-weather|Sandstorm|[from] ability: Sand Stream|[of] p2b: Big T\n|move|p1b: Wyrdeer|Helping Hand|p1a: Gallade\n|-singleturn|p1a: Gallade|Helping Hand|[of] p1b: Wyrdeer\n|move|p2a: Mythra|Shadow Sneak|p1a: Gallade\n|-supereffective|p1a: Gallade|1\n|-damage|p1a: Gallade|5/100\n|move|p1a: Gallade|Drain Punch|p2b: Big T\n|-supereffective|p2b: Big T|2\n|-damage|p2b: Big T|0 fnt\n|-heal|p1a: Gallade|64/100|[from] drain|[of] p2b: Big T\n|faint|p2b: Big T\n|\n|-weather|Sandstorm|[upkeep]\n|-damage|p1a: Gallade|57/100|[from] Sandstorm\n|-damage|p1b: Wyrdeer|94/100|[from] Sandstorm\n|upkeep\n|\n|t:|1776379320\n|switch|p2b: Joy & Whimsy|Whimsicott, L50, F|95/100\n|turn|7\n|\n|t:|1776379329\n|move|p2b: Joy & Whimsy|Protect|p2b: Joy & Whimsy\n|-singleturn|p2b: Joy & Whimsy|Protect\n|-formechange|p2a: Mythra|Aegislash|\n|move|p2a: Mythra|King's Shield|p2a: Mythra\n|-singleturn|p2a: Mythra|Protect\n|move|p1a: Gallade|Ice Punch|p2b: Joy & Whimsy\n|-activate|p2b: Joy & Whimsy|move: Protect\n|move|p1b: Wyrdeer|Psyshield Bash|p2a: Mythra\n|-activate|p2a: Mythra|move: Protect\n|-unboost|p1b: Wyrdeer|atk|1\n|\n|-weather|Sandstorm|[upkeep]\n|-damage|p1a: Gallade|51/100|[from] Sandstorm\n|-damage|p2b: Joy & Whimsy|89/100|[from] Sandstorm\n|-damage|p1b: Wyrdeer|88/100|[from] Sandstorm\n|-sideend|p1: Johten|move: Tailwind\n|upkeep\n|turn|8\n|inactive|JadeBattles has 30 seconds left.\n|\n|t:|1776379358\n|switch|p1b: Whimsicott|Whimsicott, L50, F|77/100\n|-formechange|p2a: Mythra|Aegislash-Blade|\n|move|p2a: Mythra|Shadow Sneak|p1a: Gallade\n|-supereffective|p1a: Gallade|1\n|-damage|p1a: Gallade|16/100\n|move|p1a: Gallade|Ice Punch|p2b: Joy & Whimsy\n|-supereffective|p2b: Joy & Whimsy|1\n|-damage|p2b: Joy & Whimsy|0 fnt\n|faint|p2b: Joy & Whimsy\n|\n|-weather|Sandstorm|[upkeep]\n|-damage|p1a: Gallade|10/100|[from] Sandstorm\n|-damage|p1b: Whimsicott|71/100|[from] Sandstorm\n|upkeep\n|turn|9\n|\n|t:|1776379373\n|move|p1a: Gallade|Drain Punch|p2a: Mythra\n|-immune|p2a: Mythra\n|move|p1b: Whimsicott|Moonblast|p2a: Mythra\n|-resisted|p2a: Mythra|1\n|-damage|p2a: Mythra|79/100\n|move|p2a: Mythra|Psycho Cut|p1b: Whimsicott\n|-damage|p1b: Whimsicott|50/100\n|\n|-weather|Sandstorm|[upkeep]\n|-damage|p1a: Gallade|4/100|[from] Sandstorm\n|-damage|p1b: Whimsicott|44/100|[from] Sandstorm\n|upkeep\n|turn|10\n|\n|t:|1776379388\n|move|p2a: Mythra|Shadow Sneak|p1b: Whimsicott\n|-damage|p1b: Whimsicott|28/100\n|move|p1a: Gallade|Psycho Cut|p2a: Mythra\n|-resisted|p2a: Mythra|1\n|-damage|p2a: Mythra|0 fnt\n|faint|p2a: Mythra\n|\n|win|Johten\n|raw|Johten's rating: 1183 &rarr; <strong>1212</strong><br />(+29 for winning)\n|raw|JadeBattles's rating: 1245 &rarr; <strong>1216</strong><br />(-29 for losing)\n|l|\u2606JadeBattles\n|player|p2|\n",
  "uploadtime": 1776379397,
  "views": 24,
  "formatid": "gen9championsvgc2026regma",
  "rating": 1212,
  "private": 0,
  "password": null
}