{
  "id": "gen9championsvgc2026regma-2588629742",
  "format": "[Gen 9 Champions] VGC 2026 Reg M-A",
  "players": [
    "Hoshinaaa",
    "doomwhisper"
  ],
  "log": "|j|\u2606Hoshinaaa\n|j|\u2606doomwhisper\n|t:|1776651765\n|gametype|doubles\n|player|p1|Hoshinaaa|rosa|1685\n|player|p2|doomwhisper|marshal|1568\n|gen|9\n|tier|[Gen 9 Champions] VGC 2026 Reg M-A\n|rated|\n|rule|Species Clause: Limit one of each Pok\u00e9mon\n|rule|Item Clause: Limit 1 of each item\n|clearpoke\n|poke|p1|Starmie, L50|\n|poke|p1|Incineroar, L50, F|\n|poke|p1|Sinistcha-Masterpiece, L50|\n|poke|p1|Kingambit, L50, F|\n|poke|p1|Glimmora, L50, F|\n|poke|p1|Corviknight, L50, M|\n|poke|p2|Charizard, L50, M|\n|poke|p2|Tyranitar, L50, F|\n|poke|p2|Milotic, L50, M|\n|poke|p2|Sneasler, L50, F|\n|poke|p2|Incineroar, L50, F|\n|poke|p2|Sinistcha, L50|\n|teampreview|4\n|inactive|Battle timer is ON: inactive players will automatically lose when time's up. (requested by Hoshinaaa)\n|inactive|doomwhisper has 60 seconds left.\n|\n|t:|1776651795\n|teamsize|p1|4\n|teamsize|p2|4\n|start\n|switch|p1a: Glimmora|Glimmora, L50, F|100/100\n|switch|p1b: Sinistcha|Sinistcha-Masterpiece, L50|100/100\n|switch|p2a: Sneasler|Sneasler, L50, F|100/100\n|switch|p2b: Tyranitar|Tyranitar, L50, F|100/100\n|-weather|Sandstorm|[from] ability: Sand Stream|[of] p2b: Tyranitar\n|turn|1\n|\n|t:|1776651813\n|detailschange|p2b: Tyranitar|Tyranitar-Mega, L50, F\n|-mega|p2b: Tyranitar|Tyranitar|Tyranitarite\n|move|p2b: Tyranitar|Protect|p2b: Tyranitar\n|-singleturn|p2b: Tyranitar|Protect\n|move|p2a: Sneasler|Coaching|p2b: Tyranitar\n|-boost|p2b: Tyranitar|atk|1\n|-boost|p2b: Tyranitar|def|1\n|move|p1a: Glimmora|Earth Power|p2a: Sneasler\n|-supereffective|p2a: Sneasler|1\n|-damage|p2a: Sneasler|10/100\n|move|p1b: Sinistcha|Matcha Gotcha|p2b: Tyranitar|[spread] p2a\n|-activate|p2b: Tyranitar|move: Protect\n|-resisted|p2a: Sneasler|1\n|-damage|p2a: Sneasler|0 fnt\n|faint|p2a: Sneasler\n|\n|-weather|Sandstorm|[upkeep]\n|-damage|p1b: Sinistcha|94/100|[from] Sandstorm\n|upkeep\n|\n|t:|1776651827\n|switch|p2a: Milotic|Milotic, L50, M|100/100\n|turn|2\n|\n|t:|1776651838\n|move|p1a: Glimmora|Sludge Bomb|p2a: Milotic\n|-damage|p2a: Milotic|64/100\n|-status|p2a: Milotic|psn\n|move|p2b: Tyranitar|Rock Slide|p1a: Glimmora|[spread] p1a,p1b\n|-damage|p1a: Glimmora|40/100\n|-damage|p1b: Sinistcha|52/100\n|-activate|p1a: Glimmora|ability: Toxic Debris\n|-sidestart|p2: doomwhisper|move: Toxic Spikes\n|move|p2a: Milotic|Icy Wind|p1b: Sinistcha|[spread] p1a,p1b\n|-supereffective|p1b: Sinistcha|1\n|-damage|p1a: Glimmora|30/100\n|-damage|p1b: Sinistcha|29/100\n|-unboost|p1a: Glimmora|spe|1\n|-unboost|p1b: Sinistcha|spe|1\n|move|p1b: Sinistcha|Strength Sap|p2b: Tyranitar\n|-unboost|p2b: Tyranitar|atk|1\n|-heal|p1b: Sinistcha|100/100\n|\n|-weather|Sandstorm|[upkeep]\n|-damage|p2a: Milotic|58/100 psn|[from] Sandstorm\n|-damage|p1b: Sinistcha|94/100|[from] Sandstorm\n|-heal|p2a: Milotic|64/100 psn|[from] item: Leftovers\n|-damage|p2a: Milotic|52/100 psn|[from] psn\n|upkeep\n|turn|3\n|inactive|Hoshinaaa has 30 seconds left.\n|inactive|doomwhisper has 30 seconds left.\n|\n|t:|1776651871\n|switch|p1a: Corviknight|Corviknight, L50, M|100/100\n|move|p2b: Tyranitar|Crunch|p1b: Sinistcha\n|-supereffective|p1b: Sinistcha|1\n|-enditem|p1b: Sinistcha|Colbur Berry|[eat]\n|-enditem|p1b: Sinistcha|Colbur Berry|[weaken]\n|-damage|p1b: Sinistcha|56/100\n|move|p2a: Milotic|Scald|p1a: Corviknight\n|-damage|p1a: Corviknight|74/100\n|move|p1b: Sinistcha|Strength Sap|p2b: Tyranitar\n|-unboost|p2b: Tyranitar|atk|1\n|-heal|p1b: Sinistcha|100/100\n|\n|-weather|Sandstorm|[upkeep]\n|-damage|p2a: Milotic|46/100 psn|[from] Sandstorm\n|-damage|p1b: Sinistcha|94/100|[from] Sandstorm\n|-heal|p2a: Milotic|52/100 psn|[from] item: Leftovers\n|-heal|p1a: Corviknight|80/100|[from] item: Leftovers\n|-damage|p2a: Milotic|40/100 psn|[from] psn\n|upkeep\n|turn|4\n|\n|t:|1776651893\n|switch|p2b: Sinistcha|Sinistcha, L50|100/100\n|-status|p2b: Sinistcha|psn\n|-heal|p2a: Milotic|64/100 psn|[from] ability: Hospitality|[of] p2b: Sinistcha\n|move|p1a: Corviknight|Protect|p1a: Corviknight\n|-singleturn|p1a: Corviknight|Protect\n|move|p2a: Milotic|Scald|p1a: Corviknight\n|-activate|p1a: Corviknight|move: Protect\n|move|p1b: Sinistcha|Matcha Gotcha|p2a: Milotic|[spread] p2b\n|-miss|p1b: Sinistcha|p2a: Milotic\n|-resisted|p2b: Sinistcha|1\n|-damage|p2b: Sinistcha|89/100 psn\n|-heal|p1b: Sinistcha|100/100|[from] drain|[of] p2b: Sinistcha\n|\n|-weather|Sandstorm|[upkeep]\n|-damage|p2a: Milotic|58/100 psn|[from] Sandstorm\n|-damage|p2b: Sinistcha|83/100 psn|[from] Sandstorm\n|-damage|p1b: Sinistcha|94/100|[from] Sandstorm\n|-heal|p2a: Milotic|64/100 psn|[from] item: Leftovers\n|-heal|p1a: Corviknight|86/100|[from] item: Leftovers\n|-damage|p2a: Milotic|52/100 psn|[from] psn\n|-damage|p2b: Sinistcha|70/100 psn|[from] psn\n|upkeep\n|turn|5\n|inactive|Hoshinaaa has 30 seconds left.\n|\n|t:|1776651920\n|move|p2a: Milotic|Scald|p1a: Corviknight\n|-damage|p1a: Corviknight|57/100\n|move|p1a: Corviknight|Brave Bird|p2b: Sinistcha\n|-supereffective|p2b: Sinistcha|1\n|-enditem|p2b: Sinistcha|Coba Berry|[eat]\n|-enditem|p2b: Sinistcha|Coba Berry|[weaken]\n|-damage|p2b: Sinistcha|41/100 psn\n|-damage|p1a: Corviknight|48/100|[from] Recoil\n|move|p2b: Sinistcha|Matcha Gotcha|p1a: Corviknight|[spread] p1a,p1b\n|-resisted|p1a: Corviknight|2\n|-resisted|p1b: Sinistcha|1\n|-damage|p1a: Corviknight|43/100\n|-heal|p2b: Sinistcha|44/100 psn|[from] drain|[of] p1a: Corviknight\n|-damage|p1b: Sinistcha|82/100\n|-heal|p2b: Sinistcha|50/100 psn|[from] drain|[of] p1b: Sinistcha\n|move|p1b: Sinistcha|Matcha Gotcha|p2a: Milotic|[spread] p2a,p2b\n|-supereffective|p2a: Milotic|1\n|-resisted|p2b: Sinistcha|1\n|-damage|p2a: Milotic|18/100 psn\n|-heal|p1b: Sinistcha|100/100|[from] drain|[of] p2a: Milotic\n|-damage|p2b: Sinistcha|38/100 psn\n|\n|-weather|none\n|-heal|p2a: Milotic|24/100 psn|[from] item: Leftovers\n|-heal|p1a: Corviknight|49/100|[from] item: Leftovers\n|-damage|p2a: Milotic|12/100 psn|[from] psn\n|-damage|p2b: Sinistcha|25/100 psn|[from] psn\n|upkeep\n|turn|6\n|inactive|Hoshinaaa has 30 seconds left.\n|-message|doomwhisper forfeited.\n|\n|win|Hoshinaaa\n|raw|Hoshinaaa's rating: 1685 &rarr; <strong>1699</strong><br />(+14 for winning)\n|raw|doomwhisper's rating: 1568 &rarr; <strong>1554</strong><br />(-14 for losing)\n|l|\u2606doomwhisper\n|player|p2|\n|l|\u2606Hoshinaaa\n|player|p1|\n",
  "uploadtime": 1776651987,
  "views": 6,
  "formatid": "gen9championsvgc2026regma",
  "rating": 1554,
  "private": 0,
  "password": null
}