{
  "id": "gen9championsvgc2026regma-2588423564",
  "format": "[Gen 9 Champions] VGC 2026 Reg M-A",
  "players": [
    "thelllgrin",
    "ones_upon_a_time"
  ],
  "log": "|j|\u2606thelllgrin\n|j|\u2606ones_upon_a_time\n|t:|1776632288\n|gametype|doubles\n|player|p1|thelllgrin|cheren|1182\n|player|p2|ones_upon_a_time|266|1106\n|gen|9\n|tier|[Gen 9 Champions] VGC 2026 Reg M-A\n|rated|\n|rule|Species Clause: Limit one of each Pok\u00e9mon\n|rule|Item Clause: Limit 1 of each item\n|clearpoke\n|poke|p1|Blastoise, L50, F|\n|poke|p1|Sinistcha, L50|\n|poke|p1|Corviknight, L50, F|\n|poke|p1|Sneasler, L50, F|\n|poke|p1|Basculegion, L50, M|\n|poke|p1|Garchomp, L50, M|\n|poke|p2|Feraligatr, L50, M|\n|poke|p2|Sneasler, L50, F|\n|poke|p2|Talonflame, L50, M|\n|poke|p2|Sinistcha, L50|\n|poke|p2|Kingambit, L50, M|\n|poke|p2|Gardevoir, L50, F|\n|teampreview|4\n|inactive|Battle timer is ON: inactive players will automatically lose when time's up. (requested by thelllgrin)\n|\n|t:|1776632323\n|teamsize|p1|4\n|teamsize|p2|4\n|start\n|switch|p1a: Corviknight|Corviknight, L50, F|100/100\n|switch|p1b: Garchomp|Garchomp, L50, M|100/100\n|switch|p2a: Feraligatr|Feraligatr, L50, M|100/100\n|switch|p2b: Sneasler|Sneasler, L50, F|100/100\n|turn|1\n|\n|t:|1776632346\n|move|p2b: Sneasler|Coaching|p2a: Feraligatr\n|-boost|p2a: Feraligatr|atk|1\n|-boost|p2a: Feraligatr|def|1\n|move|p1b: Garchomp|Dragon Claw|p2a: Feraligatr\n|-damage|p2a: Feraligatr|77/100\n|move|p2a: Feraligatr|Dragon Dance|p2a: Feraligatr\n|-boost|p2a: Feraligatr|atk|1\n|-boost|p2a: Feraligatr|spe|1\n|move|p1a: Corviknight|Tailwind|p1a: Corviknight\n|-sidestart|p1: thelllgrin|move: Tailwind\n|\n|upkeep\n|turn|2\n|\n|t:|1776632369\n|switch|p2b: Talonflame|Talonflame, L50, M|100/100\n|move|p2a: Feraligatr|Protect|p2a: Feraligatr\n|-singleturn|p2a: Feraligatr|Protect\n|move|p1b: Garchomp|Dragon Claw|p2a: Feraligatr\n|-activate|p2a: Feraligatr|move: Protect\n|move|p1a: Corviknight|Brave Bird|p2b: Talonflame\n|-damage|p2b: Talonflame|32/100\n|-damage|p1a: Corviknight|83/100|[from] Recoil\n|\n|-heal|p1a: Corviknight|89/100|[from] item: Leftovers\n|upkeep\n|turn|3\n|\n|t:|1776632385\n|detailschange|p2a: Feraligatr|Feraligatr-Mega, L50, M\n|-mega|p2a: Feraligatr|Feraligatr|Feraligite\n|move|p1b: Garchomp|Rock Slide|p2a: Feraligatr|[spread] p2a\n|-miss|p1b: Garchomp|p2b: Talonflame\n|-damage|p2a: Feraligatr|66/100\n|move|p2b: Talonflame|Tailwind|p2b: Talonflame\n|-sidestart|p2: ones_upon_a_time|move: Tailwind\n|move|p2a: Feraligatr|Double-Edge|p1b: Garchomp\n|-supereffective|p1b: Garchomp|1\n|-damage|p1b: Garchomp|0 fnt\n|-damage|p2a: Feraligatr|53/100|[from] ability: Rough Skin|[of] p1b: Garchomp\n|faint|p1b: Garchomp\n|-damage|p2a: Feraligatr|21/100|[from] Recoil\n|move|p1a: Corviknight|Brave Bird|p2a: Feraligatr\n|-damage|p2a: Feraligatr|0 fnt\n|faint|p2a: Feraligatr\n|-damage|p1a: Corviknight|83/100|[from] Recoil\n|\n|-heal|p1a: Corviknight|89/100|[from] item: Leftovers\n|upkeep\n|inactive|thelllgrin has 30 seconds left.\n|\n|t:|1776632411\n|switch|p1b: Basculegion|Basculegion, L50, M|100/100\n|switch|p2a: Sneasler|Sneasler, L50, F|100/100\n|turn|4\n|\n|t:|1776632440\n|move|p1b: Basculegion|Flip Turn|p2a: Sneasler\n|-damage|p2a: Sneasler|24/100\n|\n|t:|1776632443\n|switch|p1b: Blastoise|Blastoise, L50, F|100/100|[from] Flip Turn\n|move|p2b: Talonflame|Flare Blitz|p1a: Corviknight\n|-supereffective|p1a: Corviknight|1\n|-damage|p1a: Corviknight|24/100\n|-damage|p2b: Talonflame|3/100|[from] Recoil\n|move|p2a: Sneasler|Close Combat|p1a: Corviknight\n|-damage|p1a: Corviknight|0 fnt\n|-unboost|p2a: Sneasler|def|1\n|-unboost|p2a: Sneasler|spd|1\n|faint|p1a: Corviknight\n|\n|-sideend|p1: thelllgrin|move: Tailwind\n|upkeep\n|\n|t:|1776632453\n|switch|p1a: Basculegion|Basculegion, L50, M|100/100\n|turn|5\n|inactive|thelllgrin has 30 seconds left.\n|inactive|ones_upon_a_time has 30 seconds left.\n|\n|t:|1776632488\n|detailschange|p1b: Blastoise|Blastoise-Mega, L50, F\n|-mega|p1b: Blastoise|Blastoise|Blastoisinite\n|move|p2b: Talonflame|Brave Bird|p1a: Basculegion\n|-damage|p1a: Basculegion|46/100\n|-damage|p2b: Talonflame|0 fnt|[from] Recoil\n|faint|p2b: Talonflame\n|move|p2a: Sneasler|Close Combat|p1b: Blastoise\n|-damage|p1b: Blastoise|44/100\n|-unboost|p2a: Sneasler|def|1\n|-unboost|p2a: Sneasler|spd|1\n|move|p1a: Basculegion|Wave Crash|p2a: Sneasler\n|-damage|p2a: Sneasler|0 fnt\n|faint|p2a: Sneasler\n|-damage|p1a: Basculegion|40/100|[from] Recoil\n|move|p1b: Blastoise|Water Pulse|p2: Sneasler|[notarget]\n|-fail|p1b: Blastoise\n|\n|upkeep\n|\n|t:|1776632505\n|switch|p2b: Sinistcha|Sinistcha, L50|100/100\n|turn|6\n|\n|t:|1776632511\n|move|p1a: Basculegion|Wave Crash|p2b: Sinistcha\n|-resisted|p2b: Sinistcha|1\n|-damage|p2b: Sinistcha|67/100\n|-damage|p1a: Basculegion|30/100|[from] Recoil\n|move|p2b: Sinistcha|Matcha Gotcha|p1a: Basculegion|[spread] p1a,p1b\n|-supereffective|p1a: Basculegion|1\n|-supereffective|p1b: Blastoise|1\n|-damage|p1a: Basculegion|0 fnt\n|-heal|p2b: Sinistcha|84/100|[from] drain|[of] p1a: Basculegion\n|-damage|p1b: Blastoise|0 fnt\n|-heal|p2b: Sinistcha|100/100|[from] drain|[of] p1b: Blastoise\n|faint|p1a: Basculegion\n|faint|p1b: Blastoise\n|\n|win|ones_upon_a_time\n|raw|thelllgrin's rating: 1182 &rarr; <strong>1152</strong><br />(-30 for losing)\n|raw|ones_upon_a_time's rating: 1106 &rarr; <strong>1136</strong><br />(+30 for winning)\n|l|\u2606thelllgrin\n|player|p1|\n",
  "uploadtime": 1776632532,
  "views": 14,
  "formatid": "gen9championsvgc2026regma",
  "rating": 1136,
  "private": 0,
  "password": null
}