{
  "id": "gen9championsvgc2026regma-2582301656",
  "format": "[Gen 9 Champions] VGC 2026 Reg M-A",
  "players": [
    "Pablolopzz",
    "TheWonderfulGirl"
  ],
  "log": "|j|\u2606Pablolopzz\n|j|\u2606TheWonderfulGirl\n|t:|1776081343\n|gametype|doubles\n|player|p1|Pablolopzz|hilbert|1022\n|player|p2|TheWonderfulGirl|pokekid|1011\n|gen|9\n|tier|[Gen 9 Champions] VGC 2026 Reg M-A\n|rated|\n|rule|Species Clause: Limit one of each Pok\u00e9mon\n|rule|Item Clause: Limit 1 of each item\n|clearpoke\n|poke|p1|Snorlax, L50, M|\n|poke|p1|Aerodactyl, L50, M|\n|poke|p1|Furfrou, L50, F|\n|poke|p1|Flareon, L50, M|\n|poke|p1|Pinsir, L50, M|\n|poke|p1|Raichu, L50, F|\n|poke|p2|Froslass, L50, F|\n|poke|p2|Garchomp, L50, F|\n|poke|p2|Rotom-Frost, L50|\n|poke|p2|Empoleon, L50, F|\n|poke|p2|Incineroar, L50, M|\n|poke|p2|Kingambit, L50, M|\n|teampreview|4\n|inactive|Battle timer is ON: inactive players will automatically lose when time's up. (requested by TheWonderfulGirl)\n|\n|t:|1776081356\n|teamsize|p1|4\n|teamsize|p2|4\n|start\n|switch|p1a: Miguel|Snorlax, L50, M|100/100\n|switch|p1b: Furfrou|Furfrou, L50, F|100/100\n|switch|p2a: Incineroar|Incineroar, L50, M|100/100\n|switch|p2b: Froslass|Froslass, L50, F|100/100\n|-ability|p2a: Incineroar|Intimidate|boost\n|-unboost|p1a: Miguel|atk|1\n|-unboost|p1b: Furfrou|atk|1\n|turn|1\n|\n|t:|1776081379\n|detailschange|p2b: Froslass|Froslass-Mega, L50, F\n|-mega|p2b: Froslass|Froslass|Froslassite\n|-weather|Snowscape|[from] ability: Snow Warning|[of] p2b: Froslass\n|move|p2a: Incineroar|Fake Out|p1b: Furfrou\n|-damage|p1b: Furfrou|90/100\n|move|p2b: Froslass|Aurora Veil|p2b: Froslass\n|-sidestart|p2: TheWonderfulGirl|move: Aurora Veil\n|cant|p1b: Furfrou|flinch\n|move|p1a: Miguel|Body Press|p2b: Froslass\n|-immune|p2b: Froslass\n|\n|-weather|Snowscape|[upkeep]\n|upkeep\n|turn|2\n|\n|t:|1776081399\n|move|p2b: Froslass|Blizzard|p1b: Furfrou|[spread] p1a,p1b\n|-damage|p1a: Miguel|68/100\n|-damage|p1b: Furfrou|33/100\n|-status|p1b: Furfrou|frz\n|-curestatus|p1b: Furfrou|frz|[msg]\n|move|p1b: Furfrou|Crunch|p2b: Froslass\n|-supereffective|p2b: Froslass|1\n|-damage|p2b: Froslass|81/100\n|move|p2a: Incineroar|Parting Shot|p1a: Miguel\n|-unboost|p1a: Miguel|atk|1\n|-unboost|p1a: Miguel|spa|1\n|\n|t:|1776081411\n|switch|p2a: Rotom|Rotom-Frost, L50|100/100|[from] Parting Shot\n|move|p1a: Miguel|Body Press|p2a: Rotom\n|-supereffective|p2a: Rotom|1\n|-damage|p2a: Rotom|82/100\n|\n|-weather|Snowscape|[upkeep]\n|-heal|p1a: Miguel|74/100|[from] item: Leftovers\n|upkeep\n|turn|3\n|inactive|Pablolopzz has 30 seconds left.\n|\n|t:|1776081438\n|move|p2a: Rotom|Volt Switch|p1b: Furfrou\n|-damage|p1b: Furfrou|0 fnt\n|faint|p1b: Furfrou\n|\n|t:|1776081443\n|switch|p2a: Incineroar|Incineroar, L50, M|100/100|[from] Volt Switch\n|-ability|p2a: Incineroar|Intimidate|boost\n|-unboost|p1a: Miguel|atk|1\n|move|p2b: Froslass|Blizzard|p1a: Miguel\n|-damage|p1a: Miguel|32/100\n|move|p1a: Miguel|Hard Press|p2b: Froslass\n|-supereffective|p2b: Froslass|1\n|-damage|p2b: Froslass|68/100\n|\n|-weather|Snowscape|[upkeep]\n|-heal|p1a: Miguel|38/100|[from] item: Leftovers\n|upkeep\n|\n|t:|1776081457\n|switch|p1b: Aerodactyl|Aerodactyl, L50, M|100/100\n|-ability|p1b: Aerodactyl|Unnerve\n|turn|4\n|\n|t:|1776081466\n|detailschange|p1b: Aerodactyl|Aerodactyl-Mega, L50, M\n|-mega|p1b: Aerodactyl|Aerodactyl|Aerodactylite\n|move|p1a: Miguel|Protect|p1a: Miguel\n|-singleturn|p1a: Miguel|Protect\n|move|p2a: Incineroar|Fake Out|p1b: Aerodactyl\n|-resisted|p1b: Aerodactyl|1\n|-damage|p1b: Aerodactyl|94/100\n|move|p2b: Froslass|Blizzard|p1a: Miguel|[spread] p1b\n|-activate|p1a: Miguel|move: Protect\n|-supereffective|p1b: Aerodactyl|1\n|-damage|p1b: Aerodactyl|0 fnt\n|faint|p1b: Aerodactyl\n|\n|-weather|Snowscape|[upkeep]\n|-heal|p1a: Miguel|44/100|[from] item: Leftovers\n|upkeep\n|\n|t:|1776081481\n|switch|p1b: Pinsir|Pinsir, L50, M|100/100\n|turn|5\n|\n|t:|1776081495\n|move|p1a: Miguel|Protect||[still]\n|-fail|p1a: Miguel\n|move|p2b: Froslass|Blizzard|p1b: Pinsir|[spread] p1a,p1b\n|-damage|p1a: Miguel|13/100\n|-damage|p1b: Pinsir|34/100\n|move|p1b: Pinsir|Earthquake|p2b: Froslass|[spread] p1a,p2a,p2b\n|-supereffective|p2a: Incineroar|1\n|-damage|p1a: Miguel|0 fnt\n|-damage|p2a: Incineroar|67/100\n|-damage|p2b: Froslass|49/100\n|faint|p1a: Miguel\n|-ability|p1b: Pinsir|Moxie|boost\n|-boost|p1b: Pinsir|atk|1\n|move|p2a: Incineroar|Parting Shot|p1b: Pinsir\n|-unboost|p1b: Pinsir|atk|1\n|-unboost|p1b: Pinsir|spa|1\n|\n|t:|1776081511\n|switch|p2a: Rotom|Rotom-Frost, L50|82/100|[from] Parting Shot\n|\n|-weather|none\n|-sideend|p2: TheWonderfulGirl|move: Aurora Veil\n|upkeep\n|turn|6\n|\n|t:|1776081518\n|move|p2a: Rotom|Volt Switch|p1b: Pinsir\n|-damage|p1b: Pinsir|0 fnt\n|faint|p1b: Pinsir\n|\n|win|TheWonderfulGirl\n|raw|Pablolopzz's rating: 1022 &rarr; <strong>1008</strong><br />(-14 for losing)\n|raw|TheWonderfulGirl's rating: 1011 &rarr; <strong>1051</strong><br />(+40 for winning)\n",
  "uploadtime": 1776081521,
  "views": 14,
  "formatid": "gen9championsvgc2026regma",
  "rating": 1008,
  "private": 0,
  "password": null
}