{
  "id": "gen9championsvgc2026regma-2586944653",
  "format": "[Gen 9 Champions] VGC 2026 Reg M-A",
  "players": [
    "alexfran111",
    "Wo-Chien<3"
  ],
  "log": "|j|\u2606alexfran111\n|j|\u2606Wo-Chien<3\n|t:|1776474272\n|gametype|doubles\n|player|p1|alexfran111|170|1344\n|player|p2|Wo-Chien<3|miku-ground|1296\n|gen|9\n|tier|[Gen 9 Champions] VGC 2026 Reg M-A\n|rated|\n|rule|Species Clause: Limit one of each Pok\u00e9mon\n|rule|Item Clause: Limit 1 of each item\n|clearpoke\n|poke|p1|Charizard, L50, M|\n|poke|p1|Venusaur, L50, F|\n|poke|p1|Garchomp, L50, F|\n|poke|p1|Rotom-Wash, L50|\n|poke|p1|Sneasler, L50, F|\n|poke|p1|Incineroar, L50, M|\n|poke|p2|Froslass, L50, F|\n|poke|p2|Rotom-Frost, L50|\n|poke|p2|Sneasler, L50, F|\n|poke|p2|Kingambit, L50, F|\n|poke|p2|Garchomp, L50, M|\n|poke|p2|Aerodactyl, L50, M|\n|teampreview|4\n|inactive|Battle timer is ON: inactive players will automatically lose when time's up. (requested by alexfran111)\n|inactive|Wo-Chien<3 has 60 seconds left.\n|\n|t:|1776474330\n|teamsize|p1|4\n|teamsize|p2|4\n|start\n|switch|p1a: Rotom|Rotom-Wash, L50|100/100\n|switch|p1b: Garchomp|Garchomp, L50, F|100/100\n|switch|p2a: Sneasler|Sneasler, L50, F|100/100\n|switch|p2b: Froslass|Froslass, L50, F|100/100\n|turn|1\n|inactive|Wo-Chien<3 has 30 seconds left.\n|\n|t:|1776474357\n|switch|p2a: Rotom|Rotom-Frost, L50|100/100\n|detailschange|p2b: Froslass|Froslass-Mega, L50, F\n|-mega|p2b: Froslass|Froslass|Froslassite\n|-weather|Snowscape|[from] ability: Snow Warning|[of] p2b: Froslass\n|move|p1b: Garchomp|Earthquake|p2a: Rotom|[spread] p2b\n|-immune|p1a: Rotom|[from] ability: Levitate\n|-immune|p2a: Rotom|[from] ability: Levitate\n|-damage|p2b: Froslass|59/100\n|move|p2b: Froslass|Substitute|p2b: Froslass\n|-start|p2b: Froslass|Substitute\n|-damage|p2b: Froslass|34/100\n|move|p1a: Rotom|Will-O-Wisp|p2a: Rotom\n|-status|p2a: Rotom|brn\n|\n|-weather|Snowscape|[upkeep]\n|-damage|p2a: Rotom|95/100 brn|[from] brn\n|upkeep\n|turn|2\n|inactive|alexfran111 has 30 seconds left.\n|\n|t:|1776474382\n|switch|p1b: Incineroar|Incineroar, L50, M|100/100\n|-ability|p1b: Incineroar|Intimidate|boost\n|-unboost|p2a: Rotom|atk|1\n|-immune|p2b: Froslass\n|move|p2a: Rotom|Blizzard|p1b: Incineroar|[spread] p1a,p1b\n|-resisted|p1a: Rotom|1\n|-resisted|p1b: Incineroar|1\n|-damage|p1a: Rotom|81/100\n|-damage|p1b: Incineroar|84/100\n|-status|p1a: Rotom|frz\n|move|p2b: Froslass|Shadow Ball|p1a: Rotom\n|-damage|p1a: Rotom|32/100 frz\n|cant|p1a: Rotom|frz\n|\n|-weather|Snowscape|[upkeep]\n|-heal|p1a: Rotom|38/100 frz|[from] item: Leftovers\n|-damage|p2a: Rotom|89/100 brn|[from] brn\n|upkeep\n|turn|3\n|\n|t:|1776474403\n|switch|p2a: Sneasler|Sneasler, L50, F|100/100\n|move|p2b: Froslass|Shadow Ball|p1a: Rotom\n|-damage|p1a: Rotom|0 fnt\n|faint|p1a: Rotom\n|move|p1b: Incineroar|Flare Blitz|p2b: Froslass\n|-supereffective|p2b: Froslass|1\n|-end|p2b: Froslass|Substitute\n|-damage|p1b: Incineroar|77/100|[from] Recoil|[of] p2b: Froslass\n|\n|-weather|Snowscape|[upkeep]\n|upkeep\n|\n|t:|1776474408\n|switch|p1a: Charizard|Charizard, L50, M|100/100\n|turn|4\n|\n|t:|1776474426\n|switch|p2b: Aerodactyl|Aerodactyl, L50, M|100/100\n|-ability|p2b: Aerodactyl|Unnerve\n|detailschange|p1a: Charizard|Charizard-Mega-Y, L50, M\n|-mega|p1a: Charizard|Charizard|Charizardite Y\n|-weather|SunnyDay|[from] ability: Drought|[of] p1a: Charizard\n|move|p2a: Sneasler|Rock Tomb|p1a: Charizard\n|-supereffective|p1a: Charizard|2\n|-damage|p1a: Charizard|0 fnt\n|faint|p1a: Charizard\n|move|p1b: Incineroar|Flare Blitz|p2a: Sneasler\n|-damage|p2a: Sneasler|0 fnt\n|faint|p2a: Sneasler\n|-damage|p1b: Incineroar|51/100|[from] Recoil\n|\n|-weather|SunnyDay|[upkeep]\n|upkeep\n|\n|t:|1776474441\n|switch|p2a: Froslass|Froslass-Mega, L50, F|34/100\n|switch|p1a: Garchomp|Garchomp, L50, F|100/100\n|-weather|Snowscape|[from] ability: Snow Warning|[of] p2a: Froslass\n|turn|5\n|\n|t:|1776474458\n|move|p1a: Garchomp|Rock Slide|p2b: Aerodactyl|[spread] p2a\n|-miss|p1a: Garchomp|p2b: Aerodactyl\n|-supereffective|p2a: Froslass|1\n|-damage|p2a: Froslass|0 fnt\n|faint|p2a: Froslass\n|move|p2b: Aerodactyl|Rock Slide|p1b: Incineroar|[spread] p1a,p1b\n|-resisted|p1a: Garchomp|1\n|-crit|p1a: Garchomp\n|-supereffective|p1b: Incineroar|1\n|-damage|p1a: Garchomp|81/100\n|-damage|p1b: Incineroar|0 fnt\n|faint|p1b: Incineroar\n|\n|-weather|Snowscape|[upkeep]\n|upkeep\n|\n|t:|1776474467\n|switch|p2a: Rotom|Rotom-Frost, L50|89/100 brn\n|turn|6\n|\n|t:|1776474470\n|move|p1a: Garchomp|Rock Slide|p2a: Rotom|[spread] p2a\n|-miss|p1a: Garchomp|p2b: Aerodactyl\n|-supereffective|p2a: Rotom|1\n|-damage|p2a: Rotom|55/100 brn\n|move|p2a: Rotom|Blizzard|p1a: Garchomp\n|-supereffective|p1a: Garchomp|2\n|-damage|p1a: Garchomp|0 fnt\n|faint|p1a: Garchomp\n|\n|win|Wo-Chien<3\n|raw|alexfran111's rating: 1344 &rarr; <strong>1321</strong><br />(-23 for losing)\n|raw|Wo-Chien&lt;3's rating: 1296 &rarr; <strong>1324</strong><br />(+28 for winning)\n|l|\u2606alexfran111\n|player|p1|\n",
  "uploadtime": 1776474474,
  "views": 34,
  "formatid": "gen9championsvgc2026regma",
  "rating": 1321,
  "private": 0,
  "password": null
}