{
  "id": "gen9championsvgc2026regma-2584315229",
  "format": "[Gen 9 Champions] VGC 2026 Reg M-A",
  "players": [
    "Nhatpia",
    "TrollerMaximus"
  ],
  "log": "|j|\u2606Nhatpia\n|j|\u2606TrollerMaximus\n|t:|1776250362\n|gametype|doubles\n|player|p1|Nhatpia|swimmerf|1073\n|player|p2|TrollerMaximus|101|1163\n|gen|9\n|tier|[Gen 9 Champions] VGC 2026 Reg M-A\n|rated|\n|rule|Species Clause: Limit one of each Pok\u00e9mon\n|rule|Item Clause: Limit 1 of each item\n|clearpoke\n|poke|p1|Houndoom, L50, F|\n|poke|p1|Ninetales, L50, F|\n|poke|p1|Victreebel, L50, F|\n|poke|p1|Hydreigon, L50, F|\n|poke|p1|Krookodile, L50, M|\n|poke|p1|Toxicroak, L50, M|\n|poke|p2|Sinistcha, L50|\n|poke|p2|Talonflame, L50, F|\n|poke|p2|Basculegion, L50, M|\n|poke|p2|Sableye, L50, F|\n|poke|p2|Glimmora, L50, M|\n|poke|p2|Kingambit, L50, M|\n|teampreview|4\n|inactive|Battle timer is ON: inactive players will automatically lose when time's up. (requested by TrollerMaximus)\n|inactive|Nhatpia has 60 seconds left.\n|inactive|Nhatpia has 30 seconds left.\n|\n|t:|1776250425\n|teamsize|p1|4\n|teamsize|p2|4\n|start\n|switch|p1a: Krookodile|Krookodile, L50, M|100/100\n|switch|p1b: Toxicroak|Toxicroak, L50, M, shiny|100/100\n|switch|p2a: Sableye|Sableye, L50, F|100/100\n|switch|p2b: Basculegion|Basculegion, L50, M|100/100\n|-ability|p1a: Krookodile|Intimidate|boost\n|-unboost|p2a: Sableye|atk|1\n|-unboost|p2b: Basculegion|atk|1\n|turn|1\n|\n|t:|1776250450\n|move|p1b: Toxicroak|Sucker Punch|p2b: Basculegion\n|-supereffective|p2b: Basculegion|1\n|-damage|p2b: Basculegion|44/100\n|move|p2a: Sableye|Rain Dance|p2a: Sableye\n|-weather|RainDance\n|move|p1a: Krookodile|Rock Slide|p2b: Basculegion|[spread] p2b\n|-miss|p1a: Krookodile|p2a: Sableye\n|-damage|p2b: Basculegion|20/100\n|move|p2b: Basculegion|Flip Turn|p1a: Krookodile\n|-supereffective|p1a: Krookodile|1\n|-damage|p1a: Krookodile|0 fnt\n|faint|p1a: Krookodile\n|\n|t:|1776250464\n|switch|p2b: Talonflame|Talonflame, L50, F|100/100|[from] Flip Turn\n|\n|-weather|RainDance|[upkeep]\n|upkeep\n|\n|t:|1776250469\n|switch|p1a: Ninetales|Ninetales, L50, F, shiny|100/100\n|-weather|SunnyDay|[from] ability: Drought|[of] p1a: Ninetales\n|turn|2\n|\n|t:|1776250486\n|move|p2b: Talonflame|Dual Wingbeat|p1b: Toxicroak|[miss]\n|-miss|p2b: Talonflame|p1b: Toxicroak\n|move|p1b: Toxicroak|Gunk Shot|p2b: Talonflame\n|-damage|p2b: Talonflame|5/100\n|-status|p2b: Talonflame|psn\n|move|p2a: Sableye|Foul Play|p1a: Ninetales\n|-damage|p1a: Ninetales|72/100\n|move|p1a: Ninetales|Roar|p2a: Sableye\n|drag|p2a: Glimmora|Glimmora, L50, M|100/100\n|\n|-weather|SunnyDay|[upkeep]\n|-damage|p2b: Talonflame|0 fnt|[from] psn\n|faint|p2b: Talonflame\n|upkeep\n|\n|t:|1776250503\n|switch|p2b: Sableye|Sableye, L50, F|100/100\n|turn|3\n|inactive|Nhatpia has 30 seconds left.\n|\n|t:|1776250529\n|switch|p1a: Ch\u1ed9 \u0111\u00f3|Houndoom, L50, F, shiny|100/100\n|-ability|p1a: Ch\u1ed9 \u0111\u00f3|Unnerve\n|detailschange|p2a: Glimmora|Glimmora-Mega, L50, M\n|-mega|p2a: Glimmora|Glimmora|Glimmoranite\n|move|p2b: Sableye|Rain Dance|p2b: Sableye\n|-weather|RainDance\n|move|p1b: Toxicroak|Gunk Shot|p2b: Sableye|[miss]\n|-miss|p1b: Toxicroak|p2b: Sableye\n|move|p2a: Glimmora|Earth Power|p1b: Toxicroak\n|-supereffective|p1b: Toxicroak|1\n|-damage|p1b: Toxicroak|0 fnt\n|faint|p1b: Toxicroak\n|\n|-weather|RainDance|[upkeep]\n|upkeep\n|\n|t:|1776250541\n|switch|p1b: Ninetales|Ninetales, L50, F, shiny|72/100\n|-weather|SunnyDay|[from] ability: Drought|[of] p1b: Ninetales\n|turn|4\n|\n|t:|1776250553\n|detailschange|p1a: Ch\u1ed9 \u0111\u00f3|Houndoom-Mega, L50, F, shiny\n|-mega|p1a: Ch\u1ed9 \u0111\u00f3|Houndoom|Houndoominite\n|move|p1b: Ninetales|Helping Hand|p1a: Ch\u1ed9 \u0111\u00f3\n|-singleturn|p1a: Ch\u1ed9 \u0111\u00f3|Helping Hand|[of] p1b: Ninetales\n|move|p2b: Sableye|Quash||[still]\n|-fail|p2b: Sableye\n|move|p1a: Ch\u1ed9 \u0111\u00f3|Heat Wave|p2a: Glimmora|[spread] p2a,p2b\n|-resisted|p2a: Glimmora|1\n|-crit|p2a: Glimmora\n|-damage|p2a: Glimmora|7/100\n|-damage|p2b: Sableye|0 fnt\n|faint|p2b: Sableye\n|move|p2a: Glimmora|Power Gem|p1b: Ninetales\n|-supereffective|p1b: Ninetales|1\n|-damage|p1b: Ninetales|0 fnt\n|faint|p1b: Ninetales\n|\n|-weather|SunnyDay|[upkeep]\n|-damage|p1a: Ch\u1ed9 \u0111\u00f3|89/100|[from] ability: Solar Power|[of] p1a: Ch\u1ed9 \u0111\u00f3\n|upkeep\n|\n|t:|1776250564\n|switch|p2b: Basculegion|Basculegion, L50, M|20/100\n|turn|5\n|\n|t:|1776250571\n|move|p2b: Basculegion|Wave Crash|p1a: Ch\u1ed9 \u0111\u00f3\n|-supereffective|p1a: Ch\u1ed9 \u0111\u00f3|1\n|-damage|p1a: Ch\u1ed9 \u0111\u00f3|0 fnt\n|faint|p1a: Ch\u1ed9 \u0111\u00f3\n|-damage|p2b: Basculegion|0 fnt|[from] Recoil\n|faint|p2b: Basculegion\n|\n|win|TrollerMaximus\n|raw|Nhatpia's rating: 1073 &rarr; <strong>1057</strong><br />(-16 for losing)\n|raw|TrollerMaximus's rating: 1163 &rarr; <strong>1182</strong><br />(+19 for winning)\n",
  "uploadtime": 1776250583,
  "views": 32,
  "formatid": "gen9championsvgc2026regma",
  "rating": 1057,
  "private": 0,
  "password": null
}