{
  "id": "gen9championsvgc2026regma-2585852818",
  "format": "[Gen 9 Champions] VGC 2026 Reg M-A",
  "players": [
    "sgminer",
    "h2obama"
  ],
  "log": "|j|\u2606sgminer\n|j|\u2606h2obama\n|t:|1776375620\n|gametype|doubles\n|player|p1|sgminer|1|1121\n|player|p2|h2obama|266|1041\n|gen|9\n|tier|[Gen 9 Champions] VGC 2026 Reg M-A\n|rated|\n|rule|Species Clause: Limit one of each Pok\u00e9mon\n|rule|Item Clause: Limit 1 of each item\n|clearpoke\n|poke|p1|Drampa, L50, M|\n|poke|p1|Aggron, L50, F|\n|poke|p1|Sinistcha, L50|\n|poke|p1|Incineroar, L50, F|\n|poke|p1|Farigiraf, L50, F|\n|poke|p1|Empoleon, L50, F|\n|poke|p2|Pinsir, L50, F|\n|poke|p2|Sneasler, L50, M|\n|poke|p2|Garchomp, L50, M|\n|poke|p2|Talonflame, L50, M|\n|poke|p2|Aegislash, L50, F|\n|poke|p2|Rotom-Heat, L50|\n|teampreview|4\nsgminer rejected open team sheets.\n|inactive|Battle timer is ON: inactive players will automatically lose when time's up. (requested by sgminer)\n|inactive|h2obama has 60 seconds left.\n|\n|t:|1776375659\n|teamsize|p1|4\n|teamsize|p2|4\n|start\n|switch|p1a: Incineroar|Incineroar, L50, F|100/100\n|switch|p1b: Farigiraf|Farigiraf, L50, F|100/100\n|switch|p2a: Pinsir|Pinsir, L50, F|100/100\n|switch|p2b: Garchomp|Garchomp, L50, M|100/100\n|-ability|p1a: Incineroar|Intimidate|boost\n|-fail|p2a: Pinsir|unboost|Attack|[from] ability: Hyper Cutter|[of] p2a: Pinsir\n|-unboost|p2b: Garchomp|atk|1\n|turn|1\n|inactive|h2obama has 30 seconds left.\n|\n|t:|1776375688\n|switch|p2a: Rotom|Rotom-Heat, L50|100/100\n|move|p1a: Incineroar|Fake Out|p2a: Rotom\n|-damage|p2a: Rotom|82/100\n|move|p2b: Garchomp|Rock Slide|p1a: Incineroar|[spread] p1a\n|-miss|p2b: Garchomp|p1b: Farigiraf\n|-supereffective|p1a: Incineroar|1\n|-damage|p1a: Incineroar|73/100\n|move|p1b: Farigiraf|Trick Room|p1b: Farigiraf\n|-fieldstart|move: Trick Room|[of] p1b: Farigiraf\n|\n|upkeep\n|turn|2\n|\n|t:|1776375705\n|move|p2a: Rotom|Helping Hand|p2b: Garchomp\n|-singleturn|p2b: Garchomp|Helping Hand|[of] p2a: Rotom\n|move|p1b: Farigiraf|Psyshock|p2a: Rotom\n|-damage|p2a: Rotom|46/100\n|-enditem|p2a: Rotom|Sitrus Berry|[eat]\n|-heal|p2a: Rotom|70/100|[from] item: Sitrus Berry\n|move|p1a: Incineroar|Parting Shot|p2b: Garchomp\n|-unboost|p2b: Garchomp|atk|1\n|-unboost|p2b: Garchomp|spa|1\n|\n|t:|1776375723\n|switch|p1a: Drampa|Drampa, L50, M|100/100|[from] Parting Shot\n|-ability|p1a: Drampa|Cloud Nine\n|move|p2b: Garchomp|Earthquake|p1a: Drampa|[spread] p1a,p1b\n|-immune|p2a: Rotom|[from] ability: Levitate\n|-damage|p1a: Drampa|58/100\n|-damage|p1b: Farigiraf|58/100\n|\n|-heal|p1b: Farigiraf|64/100|[from] item: Leftovers\n|upkeep\n|turn|3\n|\n|t:|1776375742\n|switch|p2b: Aegislash|Aegislash, L50, F|100/100\n|detailschange|p1a: Drampa|Drampa-Mega, L50, M\n|-mega|p1a: Drampa|Drampa|Drampanite\n|move|p1a: Drampa|Hyper Voice|p2b: Aegislash|[spread] p2a\n|-immune|p2b: Aegislash\n|-crit|p2a: Rotom\n|-damage|p2a: Rotom|0 fnt\n|faint|p2a: Rotom\n|move|p1b: Farigiraf|Psyshock|p2b: Aegislash\n|-resisted|p2b: Aegislash|1\n|-damage|p2b: Aegislash|88/100\n|\n|-heal|p1b: Farigiraf|71/100|[from] item: Leftovers\n|-heal|p2b: Aegislash|94/100|[from] item: Leftovers\n|upkeep\n|\n|t:|1776375753\n|switch|p2a: Garchomp|Garchomp, L50, M|100/100\n|turn|4\n|\n|t:|1776375768\n|switch|p1b: Incineroar|Incineroar, L50, F|73/100\n|-ability|p1b: Incineroar|Intimidate|boost\n|-unboost|p2a: Garchomp|atk|1\n|-unboost|p2b: Aegislash|atk|1\n|move|p1a: Drampa|Protect|p1a: Drampa\n|-singleturn|p1a: Drampa|Protect\n|move|p2b: Aegislash|King's Shield|p2b: Aegislash\n|-singleturn|p2b: Aegislash|Protect\n|move|p2a: Garchomp|Protect||[still]\n|-fail|p2a: Garchomp\n|\n|-heal|p2b: Aegislash|99/100|[from] item: Leftovers\n|upkeep\n|turn|5\n|inactive|h2obama has 30 seconds left.\n|\n|t:|1776375803\n|move|p2a: Garchomp|Protect|p2a: Garchomp\n|-singleturn|p2a: Garchomp|Protect\n|move|p1b: Incineroar|Fake Out|p2a: Garchomp\n|-activate|p2a: Garchomp|move: Protect\n|move|p1a: Drampa|Heat Wave|p2b: Aegislash|[spread] p2b\n|-activate|p2a: Garchomp|move: Protect\n|-supereffective|p2b: Aegislash|1\n|-damage|p2b: Aegislash|46/100\n|-formechange|p2b: Aegislash|Aegislash-Blade|\n|move|p2b: Aegislash|Flash Cannon|p1a: Drampa\n|-damage|p1a: Drampa|21/100\n|-ability|p1a: Drampa|Berserk|boost\n|-boost|p1a: Drampa|spa|1\n|\n|-heal|p2b: Aegislash|52/100|[from] item: Leftovers\n|-fieldend|move: Trick Room\n|upkeep\n|turn|6\n|inactive|h2obama has 30 seconds left.\n|\n|t:|1776375834\n|-formechange|p2b: Aegislash|Aegislash|\n|move|p2b: Aegislash|King's Shield|p2b: Aegislash\n|-singleturn|p2b: Aegislash|Protect\n|move|p1a: Drampa|Protect|p1a: Drampa\n|-singleturn|p1a: Drampa|Protect\n|move|p2a: Garchomp|Stomping Tantrum|p1a: Drampa\n|-activate|p1a: Drampa|move: Protect\n|move|p1b: Incineroar|Darkest Lariat|p2b: Aegislash\n|-activate|p2b: Aegislash|move: Protect\n|-unboost|p1b: Incineroar|atk|1\n|\n|-heal|p2b: Aegislash|58/100|[from] item: Leftovers\n|upkeep\n|turn|7\n|\n|t:|1776375854\n|switch|p1a: Farigiraf|Farigiraf, L50, F|71/100\n|move|p2a: Garchomp|Rock Slide|p1b: Incineroar|[spread] p1a,p1b\n|-supereffective|p1b: Incineroar|1\n|-damage|p1a: Farigiraf|56/100\n|-damage|p1b: Incineroar|46/100\n|-enditem|p1b: Incineroar|Sitrus Berry|[eat]\n|-heal|p1b: Incineroar|71/100|[from] item: Sitrus Berry\n|move|p1b: Incineroar|Darkest Lariat|p2b: Aegislash\n|-supereffective|p2b: Aegislash|1\n|-damage|p2b: Aegislash|6/100\n|-formechange|p2b: Aegislash|Aegislash-Blade|\n|move|p2b: Aegislash|Flash Cannon|p1a: Farigiraf\n|-damage|p1a: Farigiraf|22/100\n|\n|-heal|p2b: Aegislash|12/100|[from] item: Leftovers\n|-heal|p1a: Farigiraf|28/100|[from] item: Leftovers\n|upkeep\n|turn|8\n|inactive|h2obama has 30 seconds left.\n|\n|t:|1776375885\n|move|p1a: Farigiraf|Protect|p1a: Farigiraf\n|-singleturn|p1a: Farigiraf|Protect\n|move|p2a: Garchomp|Stomping Tantrum|p1a: Farigiraf\n|-activate|p1a: Farigiraf|move: Protect\n|move|p2b: Aegislash|Flash Cannon|p1a: Farigiraf\n|-activate|p1a: Farigiraf|move: Protect\n|move|p1b: Incineroar|Parting Shot|p2a: Garchomp\n|-unboost|p2a: Garchomp|atk|1\n|-unboost|p2a: Garchomp|spa|1\n|\n|t:|1776375895\n|switch|p1b: Sinistcha|Sinistcha, L50|100/100|[from] Parting Shot\n|-heal|p1a: Farigiraf|53/100|[from] ability: Hospitality|[of] p1b: Sinistcha\n|\n|-heal|p2b: Aegislash|18/100|[from] item: Leftovers\n|-heal|p1a: Farigiraf|59/100|[from] item: Leftovers\n|upkeep\n|turn|9\n|\n|t:|1776375906\n|switch|p1a: Incineroar|Incineroar, L50, F|71/100\n|-ability|p1a: Incineroar|Intimidate|boost\n|-unboost|p2a: Garchomp|atk|1\n|-unboost|p2b: Aegislash|atk|1\n|move|p2a: Garchomp|Rock Slide|p1a: Incineroar|[spread] p1a,p1b\n|-supereffective|p1a: Incineroar|1\n|-damage|p1a: Incineroar|54/100\n|-damage|p1b: Sinistcha|92/100\n|move|p2b: Aegislash|Shadow Ball|p1b: Sinistcha\n|-supereffective|p1b: Sinistcha|1\n|-damage|p1b: Sinistcha|7/100\n|-unboost|p1b: Sinistcha|spd|1\n|move|p1b: Sinistcha|Trick Room|p1b: Sinistcha\n|-fieldstart|move: Trick Room|[of] p1b: Sinistcha\n|\n|-heal|p2b: Aegislash|24/100|[from] item: Leftovers\n|upkeep\n|turn|10\n|inactive|h2obama has 30 seconds left.\n|\n|t:|1776375939\n|-formechange|p2b: Aegislash|Aegislash|\n|move|p2b: Aegislash|King's Shield|p2b: Aegislash\n|-singleturn|p2b: Aegislash|Protect\n|move|p1a: Incineroar|Parting Shot|p2b: Aegislash\n|-unboost|p2b: Aegislash|atk|1\n|-unboost|p2b: Aegislash|spa|1\n|\n|t:|1776375950\n|switch|p1a: Farigiraf|Farigiraf, L50, F|59/100|[from] Parting Shot\n|move|p1b: Sinistcha|Matcha Gotcha|p2a: Garchomp|[spread] p2a\n|-activate|p2b: Aegislash|move: Protect\n|-damage|p2a: Garchomp|77/100\n|-heal|p1b: Sinistcha|20/100|[from] drain|[of] p2a: Garchomp\n|-status|p2a: Garchomp|brn\n|move|p2a: Garchomp|Earthquake|p1a: Farigiraf|[spread] p1a,p1b\n|-activate|p2b: Aegislash|move: Protect\n|-resisted|p1b: Sinistcha|1\n|-damage|p1a: Farigiraf|49/100\n|-damage|p1b: Sinistcha|16/100\n|\n|-heal|p1a: Farigiraf|55/100|[from] item: Leftovers\n|-heal|p2b: Aegislash|30/100|[from] item: Leftovers\n|-damage|p2a: Garchomp|71/100 brn|[from] brn\n|upkeep\n|turn|11\n|inactive|sgminer has 30 seconds left.\n|inactive|h2obama has 30 seconds left.\n|\n|t:|1776375981\n|move|p1a: Farigiraf|Thunderbolt|p2b: Aegislash\n|-damage|p2b: Aegislash|12/100\n|-formechange|p2b: Aegislash|Aegislash-Blade|\n|move|p2b: Aegislash|Shadow Ball|p1b: Sinistcha\n|-supereffective|p1b: Sinistcha|1\n|-damage|p1b: Sinistcha|0 fnt\n|faint|p1b: Sinistcha\n|move|p2a: Garchomp|Rock Slide|p1a: Farigiraf\n|-damage|p1a: Farigiraf|49/100\n|\n|-heal|p1a: Farigiraf|55/100|[from] item: Leftovers\n|-heal|p2b: Aegislash|18/100|[from] item: Leftovers\n|-damage|p2a: Garchomp|65/100 brn|[from] brn\n|upkeep\n|\n|t:|1776375991\n|switch|p1b: Drampa|Drampa-Mega, L50, M|21/100\n|turn|12\n|inactive|sgminer has 30 seconds left.\n|\n|t:|1776376018\n|-formechange|p2b: Aegislash|Aegislash|\n|move|p2b: Aegislash|King's Shield|p2b: Aegislash\n|-singleturn|p2b: Aegislash|Protect\n|move|p2a: Garchomp|Protect|p2a: Garchomp\n|-singleturn|p2a: Garchomp|Protect\n|move|p1b: Drampa|Draco Meteor|p2a: Garchomp\n|-activate|p2a: Garchomp|move: Protect\n|move|p1a: Farigiraf|Thunderbolt|p2b: Aegislash\n|-activate|p2b: Aegislash|move: Protect\n|\n|-heal|p1a: Farigiraf|61/100|[from] item: Leftovers\n|-heal|p2b: Aegislash|24/100|[from] item: Leftovers\n|-damage|p2a: Garchomp|59/100 brn|[from] brn\n|upkeep\n|turn|13\n|inactive|h2obama has 30 seconds left.\n|\n|t:|1776376044\n|move|p1b: Drampa|Draco Meteor|p2a: Garchomp|[miss]\n|-miss|p1b: Drampa|p2a: Garchomp\n|move|p1a: Farigiraf|Thunderbolt|p2b: Aegislash\n|-damage|p2b: Aegislash|6/100\n|-formechange|p2b: Aegislash|Aegislash-Blade|\n|move|p2b: Aegislash|Flash Cannon|p1b: Drampa\n|-damage|p1b: Drampa|0 fnt\n|faint|p1b: Drampa\n|move|p2a: Garchomp|Rock Slide|p1a: Farigiraf\n|-damage|p1a: Farigiraf|55/100\n|\n|-heal|p1a: Farigiraf|61/100|[from] item: Leftovers\n|-heal|p2b: Aegislash|12/100|[from] item: Leftovers\n|-damage|p2a: Garchomp|53/100 brn|[from] brn\n|-fieldend|move: Trick Room\n|upkeep\n|\n|t:|1776376052\n|switch|p1b: Incineroar|Incineroar, L50, F|54/100\n|-ability|p1b: Incineroar|Intimidate|boost\n|-unboost|p2a: Garchomp|atk|1\n|-unboost|p2b: Aegislash|atk|1\n|turn|14\n|\n|t:|1776376076\n|move|p2a: Garchomp|Earthquake|p1b: Incineroar|[spread] p2b,p1a,p1b\n|-supereffective|p2b: Aegislash|1\n|-supereffective|p1b: Incineroar|1\n|-damage|p2b: Aegislash|0 fnt\n|-damage|p1a: Farigiraf|52/100\n|-damage|p1b: Incineroar|38/100\n|faint|p2b: Aegislash\n|move|p1b: Incineroar|Darkest Lariat|p2a: Garchomp\n|-damage|p2a: Garchomp|9/100 brn\n|-damage|p1b: Incineroar|25/100|[from] ability: Rough Skin|[of] p2a: Garchomp\n|move|p1a: Farigiraf|Thunderbolt|p2a: Garchomp\n|-immune|p2a: Garchomp\n|\n|-heal|p1a: Farigiraf|58/100|[from] item: Leftovers\n|-damage|p2a: Garchomp|3/100 brn|[from] brn\n|upkeep\n|\n|t:|1776376080\n|switch|p2b: Pinsir|Pinsir, L50, F|100/100\n|turn|15\n|\n|t:|1776376102\n|detailschange|p2b: Pinsir|Pinsir-Mega, L50, F\n|-mega|p2b: Pinsir|Pinsir|Pinsirite\n|move|p2b: Pinsir|Body Slam|p1b: Incineroar\n|-damage|p1b: Incineroar|0 fnt\n|faint|p1b: Incineroar\n|move|p2a: Garchomp|Earthquake|p1a: Farigiraf|[spread] p1a\n|-immune|p2b: Pinsir\n|-damage|p1a: Farigiraf|49/100\n|move|p1a: Farigiraf|Thunderbolt|p2b: Pinsir\n|-supereffective|p2b: Pinsir|1\n|-damage|p2b: Pinsir|36/100\n|-status|p2b: Pinsir|par\n|\n|-heal|p1a: Farigiraf|55/100|[from] item: Leftovers\n|-damage|p2a: Garchomp|0 fnt|[from] brn\n|faint|p2a: Garchomp\n|upkeep\n|turn|16\n|inactive|sgminer has 30 seconds left.\n|\n|t:|1776376133\n|move|p2b: Pinsir|Body Slam|p1a: Farigiraf\n|-damage|p1a: Farigiraf|0 fnt\n|faint|p1a: Farigiraf\n|\n|win|h2obama\n|raw|sgminer's rating: 1121 &rarr; <strong>1090</strong><br />(-31 for losing)\n|raw|h2obama's rating: 1041 &rarr; <strong>1083</strong><br />(+42 for winning)\n|l|\u2606sgminer\n|player|p1|\n|c|\u2606h2obama|gg\n",
  "uploadtime": 1776376141,
  "views": 21,
  "formatid": "gen9championsvgc2026regma",
  "rating": 1083,
  "private": 0,
  "password": null
}