{
  "id": "gen9championsvgc2026regma-2585404573",
  "format": "[Gen 9 Champions] VGC 2026 Reg M-A",
  "players": [
    "Zartant",
    "mega_beedrill user"
  ],
  "log": "|j|\u2606Zartant\n|j|\u2606mega_beedrill user\n|t:|1776344876\n|gametype|doubles\n|player|p1|Zartant|2|1117\n|player|p2|mega_beedrill user|lebanne|1176\n|gen|9\n|tier|[Gen 9 Champions] VGC 2026 Reg M-A\n|rated|\n|rule|Species Clause: Limit one of each Pok\u00e9mon\n|rule|Item Clause: Limit 1 of each item\n|clearpoke\n|poke|p1|Garchomp, L50, F|\n|poke|p1|Samurott-Hisui, L50, F|\n|poke|p1|Glimmora, L50, F|\n|poke|p1|Altaria, L50, M|\n|poke|p1|Incineroar, L50, F|\n|poke|p1|Raichu, L50, M|\n|poke|p2|Aerodactyl, L50, F|\n|poke|p2|Sinistcha, L50|\n|poke|p2|Chandelure, L50, M|\n|poke|p2|Incineroar, L50, M|\n|poke|p2|Sneasler, L50, M|\n|poke|p2|Meganium, L50, F|\n|teampreview|4\n|inactive|Battle timer is ON: inactive players will automatically lose when time's up. (requested by mega_beedrill user)\n|\n|t:|1776344897\n|teamsize|p1|4\n|teamsize|p2|4\n|start\n|switch|p1a: Garchomp|Garchomp, L50, F|100/100\n|switch|p1b: Glimmora|Glimmora, L50, F|100/100\n|switch|p2a: Meganium|Meganium, L50, F, shiny|100/100\n|switch|p2b: Aerodactyl|Aerodactyl, L50, F, shiny|100/100\n|-ability|p2b: Aerodactyl|Unnerve\n|turn|1\n|\n|t:|1776344914\n|detailschange|p2a: Meganium|Meganium-Mega, L50, F, shiny\n|-mega|p2a: Meganium|Meganium|Meganiumite\n|move|p2b: Aerodactyl|Tailwind|p2b: Aerodactyl\n|-sidestart|p2: mega_beedrill user|move: Tailwind\n|move|p2a: Meganium|Solar Beam||[still]\n|-prepare|p2a: Meganium|Solar Beam\n|-activate|p2a: Meganium|ability: Mega Sol\n|-anim|p2a: Meganium|Solar Beam|p1b: Glimmora\n|-damage|p1b: Glimmora|24/100\n|move|p1a: Garchomp|Stealth Rock|p2b: Aerodactyl\n|-sidestart|p2: mega_beedrill user|move: Stealth Rock\n|move|p1b: Glimmora|Sludge Bomb|p2a: Meganium\n|-supereffective|p2a: Meganium|2\n|-damage|p2a: Meganium|0 fnt\n|faint|p2a: Meganium\n|\n|upkeep\n|\n|t:|1776344929\n|switch|p2a: Sneasler|Sneasler, L50, M, shiny|100/100\n|-damage|p2a: Sneasler|95/100|[from] Stealth Rock\n|turn|2\n|inactive|Zartant has 30 seconds left.\n|\n|t:|1776344954\n|switch|p1a: Samurott|Samurott-Hisui, L50, F|100/100\n|move|p1b: Glimmora|Spiky Shield|p1b: Glimmora\n|-singleturn|p1b: Glimmora|move: Protect\n|move|p2b: Aerodactyl|Dual Wingbeat|p1a: Samurott\n|-damage|p1a: Samurott|82/100\n|-damage|p1a: Samurott|66/100\n|-hitcount|p1a: Samurott|2\n|move|p2a: Sneasler|Close Combat|p1a: Samurott\n|-supereffective|p1a: Samurott|1\n|-crit|p1a: Samurott\n|-damage|p1a: Samurott|0 fnt\n|-unboost|p2a: Sneasler|def|1\n|-unboost|p2a: Sneasler|spd|1\n|faint|p1a: Samurott\n|-enditem|p2a: Sneasler|White Herb\n|-clearnegativeboost|p2a: Sneasler|[silent]\n|\n|upkeep\n|\n|t:|1776344970\n|switch|p1a: Garchomp|Garchomp, L50, F|100/100\n|turn|3\n|\n|t:|1776344992\n|move|p2b: Aerodactyl|Protect|p2b: Aerodactyl\n|-singleturn|p2b: Aerodactyl|Protect\n|move|p1a: Garchomp|Protect|p1a: Garchomp\n|-singleturn|p1a: Garchomp|Protect\n|move|p2a: Sneasler|Close Combat|p1b: Glimmora\n|-damage|p1b: Glimmora|0 fnt\n|-unboost|p2a: Sneasler|def|1\n|-unboost|p2a: Sneasler|spd|1\n|-activate|p1b: Glimmora|ability: Toxic Debris\n|-sidestart|p2: mega_beedrill user|move: Toxic Spikes\n|faint|p1b: Glimmora\n|\n|upkeep\n|\n|t:|1776345003\n|switch|p1b: Incineroar|Incineroar, L50, F|100/100\n|-ability|p1b: Incineroar|Intimidate|boost\n|-unboost|p2a: Sneasler|atk|1\n|-unboost|p2b: Aerodactyl|atk|1\n|turn|4\n|\n|t:|1776345025\n|switch|p2a: Incineroar|Incineroar, L50, M, shiny|100/100\n|-damage|p2a: Incineroar|76/100|[from] Stealth Rock\n|-status|p2a: Incineroar|psn\n|-ability|p2a: Incineroar|Intimidate|boost\n|-unboost|p1a: Garchomp|atk|1\n|-unboost|p1b: Incineroar|atk|1\n|move|p2b: Aerodactyl|Rock Slide|p1b: Incineroar|[spread] p1a,p1b\n|-resisted|p1a: Garchomp|1\n|-supereffective|p1b: Incineroar|1\n|-damage|p1a: Garchomp|94/100\n|-damage|p1b: Incineroar|65/100\n|cant|p1b: Incineroar|flinch\n|move|p1a: Garchomp|Dragon Tail|p2b: Aerodactyl\n|-damage|p2b: Aerodactyl|72/100\n|drag|p2b: Sneasler|Sneasler, L50, M, shiny|95/100\n|-damage|p2b: Sneasler|89/100|[from] Stealth Rock\n|-sideend|p2: mega_beedrill user|move: Toxic Spikes|[of] p2b: Sneasler\n|\n|-heal|p1a: Garchomp|99/100|[from] item: Leftovers\n|-damage|p2a: Incineroar|63/100 psn|[from] psn\n|-sideend|p2: mega_beedrill user|move: Tailwind\n|upkeep\n|turn|5\n|inactive|Zartant has 30 seconds left.\n|\n|t:|1776345056\n|move|p2b: Sneasler|Close Combat|p1b: Incineroar\n|-supereffective|p1b: Incineroar|1\n|-damage|p1b: Incineroar|0 fnt\n|-unboost|p2b: Sneasler|def|1\n|-unboost|p2b: Sneasler|spd|1\n|faint|p1b: Incineroar\n|move|p2a: Incineroar|Parting Shot|p1a: Garchomp\n|-unboost|p1a: Garchomp|atk|1\n|-unboost|p1a: Garchomp|spa|1\n|\n|t:|1776345060\n|switch|p2a: Aerodactyl|Aerodactyl, L50, F, shiny|72/100|[from] Parting Shot\n|-ability|p2a: Aerodactyl|Unnerve\n|-damage|p2a: Aerodactyl|47/100|[from] Stealth Rock\n|move|p1a: Garchomp|Dragon Tail|p2b: Sneasler\n|-damage|p2b: Sneasler|55/100\n|drag|p2b: Incineroar|Incineroar, L50, M, shiny|63/100 psn\n|-damage|p2b: Incineroar|39/100 psn|[from] Stealth Rock\n|-ability|p2b: Incineroar|Intimidate|boost\n|-unboost|p1a: Garchomp|atk|1\n|-enditem|p2b: Incineroar|Sitrus Berry|[eat]\n|-heal|p2b: Incineroar|63/100 psn|[from] item: Sitrus Berry\n|\n|-heal|p1a: Garchomp|100/100|[from] item: Leftovers\n|-damage|p2b: Incineroar|51/100 psn|[from] psn\n|upkeep\n|turn|6\n|\n|t:|1776345082\n|move|p2a: Aerodactyl|Dual Wingbeat|p1a: Garchomp\n|-damage|p1a: Garchomp|87/100\n|-damage|p2a: Aerodactyl|35/100|[from] ability: Rough Skin|[of] p1a: Garchomp\n|-damage|p1a: Garchomp|73/100\n|-damage|p2a: Aerodactyl|23/100|[from] ability: Rough Skin|[of] p1a: Garchomp\n|-hitcount|p1a: Garchomp|2\n|move|p2b: Incineroar|Flare Blitz|p1a: Garchomp\n|-resisted|p1a: Garchomp|1\n|-damage|p1a: Garchomp|56/100\n|-damage|p2b: Incineroar|39/100 psn|[from] ability: Rough Skin|[of] p1a: Garchomp\n|-damage|p2b: Incineroar|33/100 psn|[from] Recoil\n|move|p1a: Garchomp|Dragon Tail|p2a: Aerodactyl\n|-damage|p2a: Aerodactyl|6/100\n|drag|p2a: Sneasler|Sneasler, L50, M, shiny|55/100\n|-damage|p2a: Sneasler|49/100|[from] Stealth Rock\n|\n|-heal|p1a: Garchomp|62/100|[from] item: Leftovers\n|-damage|p2b: Incineroar|21/100 psn|[from] psn\n|upkeep\n|turn|7\n|inactive|mega_beedrill user has 30 seconds left.\n|\n|t:|1776345112\n|move|p1a: Garchomp|Protect|p1a: Garchomp\n|-singleturn|p1a: Garchomp|Protect\n|move|p2a: Sneasler|Close Combat|p1a: Garchomp\n|-activate|p1a: Garchomp|move: Protect\n|move|p2b: Incineroar|Flare Blitz|p1a: Garchomp\n|-activate|p1a: Garchomp|move: Protect\n|\n|-heal|p1a: Garchomp|68/100|[from] item: Leftovers\n|-damage|p2b: Incineroar|8/100 psn|[from] psn\n|upkeep\n|turn|8\n|\n|t:|1776345127\n|move|p2a: Sneasler|Close Combat|p1a: Garchomp\n|-damage|p1a: Garchomp|19/100\n|-unboost|p2a: Sneasler|def|1\n|-unboost|p2a: Sneasler|spd|1\n|-damage|p2a: Sneasler|37/100|[from] ability: Rough Skin|[of] p1a: Garchomp\n|move|p1a: Garchomp|Earthquake|p2b: Incineroar|[spread] p2a,p2b\n|-supereffective|p2a: Sneasler|1\n|-supereffective|p2b: Incineroar|1\n|-damage|p2a: Sneasler|0 fnt\n|-damage|p2b: Incineroar|0 fnt\n|faint|p2a: Sneasler\n|faint|p2b: Incineroar\n|\n|-heal|p1a: Garchomp|25/100|[from] item: Leftovers\n|upkeep\n|\n|t:|1776345146\n|switch|p2b: Aerodactyl|Aerodactyl, L50, F, shiny|6/100\n|-ability|p2b: Aerodactyl|Unnerve\n|-damage|p2b: Aerodactyl|0 fnt|[from] Stealth Rock\n|faint|p2b: Aerodactyl\n|\n|win|Zartant\n|raw|Zartant's rating: 1117 &rarr; <strong>1146</strong><br />(+29 for winning)\n|raw|mega_beedrill user's rating: 1176 &rarr; <strong>1147</strong><br />(-29 for losing)\n|l|\u2606mega_beedrill user\n|player|p2|\n",
  "uploadtime": 1776345156,
  "views": 25,
  "formatid": "gen9championsvgc2026regma",
  "rating": 1146,
  "private": 0,
  "password": null
}