{
  "id": "gen9championsvgc2026regma-2583784656",
  "format": "[Gen 9 Champions] VGC 2026 Reg M-A",
  "players": [
    "HawaiiCookieCo",
    "EXCELSIORSPEAKS"
  ],
  "log": "|j|\u2606HawaiiCookieCo\n|j|\u2606EXCELSIORSPEAKS\n|t:|1776197496\n|gametype|doubles\n|player|p1|HawaiiCookieCo|swimmer-gen4dp|1060\n|player|p2|EXCELSIORSPEAKS|roxie|1130\n|gen|9\n|tier|[Gen 9 Champions] VGC 2026 Reg M-A\n|rated|\n|rule|Species Clause: Limit one of each Pok\u00e9mon\n|rule|Item Clause: Limit 1 of each item\n|clearpoke\n|poke|p1|Volcarona, L50, M|\n|poke|p1|Mamoswine, L50, M|\n|poke|p1|Tyranitar, L50, F|\n|poke|p1|Aegislash, L50, M|\n|poke|p1|Maushold, L50|\n|poke|p1|Incineroar, L50, M|\n|poke|p2|Meganium, L50, M|\n|poke|p2|Corviknight, L50, M|\n|poke|p2|Tyranitar, L50, M|\n|poke|p2|Excadrill, L50, F|\n|poke|p2|Rotom-Heat, L50|\n|poke|p2|Incineroar, L50, F|\n|teampreview|4\n|inactive|Battle timer is ON: inactive players will automatically lose when time's up. (requested by HawaiiCookieCo)\n|inactive|EXCELSIORSPEAKS has 60 seconds left.\n|\n|t:|1776197527\n|teamsize|p1|4\n|teamsize|p2|4\n|start\n|switch|p1a: Volcarona|Volcarona, L50, M|100/100\n|switch|p1b: Aegislash|Aegislash, L50, M|100/100\n|switch|p2a: Meganium|Meganium, L50, M|100/100\n|switch|p2b: Incineroar|Incineroar, L50, F|100/100\n|-ability|p2b: Incineroar|Intimidate|boost\n|-unboost|p1a: Volcarona|atk|1\n|-unboost|p1b: Aegislash|atk|1\n|-enditem|p1b: Aegislash|White Herb\n|-clearnegativeboost|p1b: Aegislash|[silent]\n|turn|1\n|\n|t:|1776197551\n|switch|p1b: Incineroar|Incineroar, L50, M|100/100\n|-ability|p1b: Incineroar|Intimidate|boost\n|-unboost|p2a: Meganium|atk|1\n|-unboost|p2b: Incineroar|atk|1\n|detailschange|p2a: Meganium|Meganium-Mega, L50, M\n|-mega|p2a: Meganium|Meganium|Meganiumite\n|move|p2b: Incineroar|Fake Out|p1a: Volcarona\n|-damage|p1a: Volcarona|90/100\n|move|p2a: Meganium|Weather Ball|p1b: Incineroar\n|-resisted|p1b: Incineroar|1\n|-damage|p1b: Incineroar|76/100\n|cant|p1a: Volcarona|flinch\n|\n|-heal|p1a: Volcarona|96/100|[from] item: Leftovers\n|upkeep\n|turn|2\n|\n|t:|1776197574\n|switch|p2b: Tyranitar|Tyranitar, L50, M|100/100\n|-weather|Sandstorm|[from] ability: Sand Stream|[of] p2b: Tyranitar\n|move|p2a: Meganium|Protect|p2a: Meganium\n|-singleturn|p2a: Meganium|Protect\n|move|p1b: Incineroar|Fake Out|p2b: Tyranitar\n|-resisted|p2b: Tyranitar|1\n|-damage|p2b: Tyranitar|96/100\n|move|p1a: Volcarona|Quiver Dance|p1a: Volcarona\n|-boost|p1a: Volcarona|spa|1\n|-boost|p1a: Volcarona|spd|1\n|-boost|p1a: Volcarona|spe|1\n|\n|-weather|Sandstorm|[upkeep]\n|-damage|p1a: Volcarona|90/100|[from] Sandstorm\n|-damage|p2a: Meganium|95/100|[from] Sandstorm\n|-damage|p1b: Incineroar|70/100|[from] Sandstorm\n|-heal|p1a: Volcarona|96/100|[from] item: Leftovers\n|upkeep\n|turn|3\n|\n|t:|1776197590\n|switch|p2a: Incineroar|Incineroar, L50, F|100/100\n|-ability|p2a: Incineroar|Intimidate|boost\n|-unboost|p1a: Volcarona|atk|1\n|-unboost|p1b: Incineroar|atk|1\n|move|p1a: Volcarona|Protect|p1a: Volcarona\n|-singleturn|p1a: Volcarona|Protect\n|move|p1b: Incineroar|Parting Shot|p2b: Tyranitar\n|-unboost|p2b: Tyranitar|atk|1\n|-unboost|p2b: Tyranitar|spa|1\n|\n|t:|1776197599\n|switch|p1b: Aegislash|Aegislash, L50, M|100/100|[from] Parting Shot\n|move|p2b: Tyranitar|Rock Slide|p1a: Volcarona|[spread] p1b\n|-activate|p1a: Volcarona|move: Protect\n|-resisted|p1b: Aegislash|1\n|-damage|p1b: Aegislash|92/100\n|\n|-weather|Sandstorm|[upkeep]\n|-damage|p1a: Volcarona|90/100|[from] Sandstorm\n|-damage|p2a: Incineroar|95/100|[from] Sandstorm\n|-heal|p1a: Volcarona|96/100|[from] item: Leftovers\n|upkeep\n|turn|4\n|\n|t:|1776197612\n|move|p1b: Aegislash|Wide Guard|p1b: Aegislash\n|-singleturn|p1b: Aegislash|Wide Guard\n|move|p1a: Volcarona|Giga Drain|p2b: Tyranitar\n|-supereffective|p2b: Tyranitar|1\n|-damage|p2b: Tyranitar|50/100\n|-heal|p1a: Volcarona|100/100|[from] drain|[of] p2b: Tyranitar\n|move|p2a: Incineroar|Parting Shot|p1a: Volcarona\n|-unboost|p1a: Volcarona|atk|1\n|-unboost|p1a: Volcarona|spa|1\n|\n|t:|1776197621\n|switch|p2a: Corviknight|Corviknight, L50, M|100/100|[from] Parting Shot\n|move|p2b: Tyranitar|Knock Off|p1b: Aegislash\n|-supereffective|p1b: Aegislash|1\n|-damage|p1b: Aegislash|45/100\n|\n|-weather|Sandstorm|[upkeep]\n|-damage|p1a: Volcarona|95/100|[from] Sandstorm\n|-heal|p1a: Volcarona|100/100|[from] item: Leftovers\n|upkeep\n|turn|5\n|\n|t:|1776197643\n|move|p2b: Tyranitar|Protect|p2b: Tyranitar\n|-singleturn|p2b: Tyranitar|Protect\n|move|p1a: Volcarona|Heat Wave|p2b: Tyranitar|[spread] p2a\n|-activate|p2b: Tyranitar|move: Protect\n|-supereffective|p2a: Corviknight|1\n|-damage|p2a: Corviknight|26/100\n|move|p2a: Corviknight|Tailwind|p2a: Corviknight\n|-sidestart|p2: EXCELSIORSPEAKS|move: Tailwind\n|-formechange|p1b: Aegislash|Aegislash-Blade|\n|move|p1b: Aegislash|Iron Head|p2b: Tyranitar\n|-activate|p2b: Tyranitar|move: Protect\n|\n|-weather|Sandstorm|[upkeep]\n|-damage|p1a: Volcarona|95/100|[from] Sandstorm\n|-heal|p1a: Volcarona|100/100|[from] item: Leftovers\n|-heal|p2a: Corviknight|32/100|[from] item: Leftovers\n|upkeep\n|turn|6\n|inactive|EXCELSIORSPEAKS has 30 seconds left.\n|\n|t:|1776197668\n|switch|p1b: Incineroar|Incineroar, L50, M|70/100\n|-ability|p1b: Incineroar|Intimidate|boost\n|-ability|p2a: Corviknight|Mirror Armor\n|-unboost|p1b: Incineroar|atk|1\n|-unboost|p2b: Tyranitar|atk|1\n|move|p1a: Volcarona|Protect|p1a: Volcarona\n|-singleturn|p1a: Volcarona|Protect\n|move|p2a: Corviknight|Dual Wingbeat|p1a: Volcarona\n|-activate|p1a: Volcarona|move: Protect\n|move|p2b: Tyranitar|Rock Slide|p1b: Incineroar|[spread] p1b\n|-activate|p1a: Volcarona|move: Protect\n|-supereffective|p1b: Incineroar|1\n|-damage|p1b: Incineroar|43/100\n|-enditem|p1b: Incineroar|Sitrus Berry|[eat]\n|-heal|p1b: Incineroar|68/100|[from] item: Sitrus Berry\n|\n|-weather|none\n|-heal|p2a: Corviknight|38/100|[from] item: Leftovers\n|upkeep\n|turn|7\n|\n|t:|1776197688\n|switch|p2b: Incineroar|Incineroar, L50, F|95/100\n|-ability|p2b: Incineroar|Intimidate|boost\n|-unboost|p1a: Volcarona|atk|1\n|-unboost|p1b: Incineroar|atk|1\n|move|p1b: Incineroar|Fake Out|p2a: Corviknight\n|-resisted|p2a: Corviknight|1\n|-damage|p2a: Corviknight|37/100\n|move|p1a: Volcarona|Giga Drain|p2b: Incineroar\n|-resisted|p2b: Incineroar|1\n|-damage|p2b: Incineroar|83/100\n|cant|p2a: Corviknight|flinch\n|\n|-heal|p2a: Corviknight|42/100|[from] item: Leftovers\n|upkeep\n|turn|8\n|\n|t:|1776197709\n|move|p1a: Volcarona|Protect|p1a: Volcarona\n|-singleturn|p1a: Volcarona|Protect\n|move|p2b: Incineroar|Fake Out|p1b: Incineroar\n|-damage|p1b: Incineroar|58/100\n|move|p2a: Corviknight|Roost|p2a: Corviknight\n|-heal|p2a: Corviknight|93/100\n|-singleturn|p2a: Corviknight|move: Roost\n|cant|p1b: Incineroar|flinch\n|\n|-heal|p2a: Corviknight|99/100|[from] item: Leftovers\n|-sideend|p2: EXCELSIORSPEAKS|move: Tailwind\n|upkeep\n|turn|9\n|\n|t:|1776197722\n|move|p1a: Volcarona|Heat Wave|p2b: Incineroar|[spread] p2a,p2b\n|-supereffective|p2a: Corviknight|1\n|-resisted|p2b: Incineroar|1\n|-damage|p2a: Corviknight|28/100\n|-damage|p2b: Incineroar|66/100\n|move|p2b: Incineroar|Parting Shot|p1a: Volcarona\n|-unboost|p1a: Volcarona|atk|1\n|-unboost|p1a: Volcarona|spa|1\n|\n|t:|1776197728\n|switch|p2b: Tyranitar|Tyranitar, L50, M|50/100|[from] Parting Shot\n|-weather|Sandstorm|[from] ability: Sand Stream|[of] p2b: Tyranitar\n|move|p2a: Corviknight|Tailwind|p2a: Corviknight\n|-sidestart|p2: EXCELSIORSPEAKS|move: Tailwind\n|move|p1b: Incineroar|Flare Blitz|p2a: Corviknight\n|-supereffective|p2a: Corviknight|1\n|-damage|p2a: Corviknight|0 fnt\n|faint|p2a: Corviknight\n|-damage|p1b: Incineroar|49/100|[from] Recoil\n|\n|-weather|Sandstorm|[upkeep]\n|-damage|p1a: Volcarona|95/100|[from] Sandstorm\n|-damage|p1b: Incineroar|43/100|[from] Sandstorm\n|-heal|p1a: Volcarona|100/100|[from] item: Leftovers\n|upkeep\n|\n|t:|1776197740\n|switch|p2a: Incineroar|Incineroar, L50, F|66/100\n|-ability|p2a: Incineroar|Intimidate|boost\n|-unboost|p1a: Volcarona|atk|1\n|-unboost|p1b: Incineroar|atk|1\n|turn|10\n|\n|t:|1776197752\n|switch|p1b: Aegislash|Aegislash, L50, M|45/100\n|move|p1a: Volcarona|Protect|p1a: Volcarona\n|-singleturn|p1a: Volcarona|Protect\n|move|p2a: Incineroar|Fake Out|p1b: Aegislash\n|-immune|p1b: Aegislash\n|move|p2b: Tyranitar|Rock Slide|p1b: Aegislash|[spread] p1b\n|-activate|p1a: Volcarona|move: Protect\n|-resisted|p1b: Aegislash|1\n|-damage|p1b: Aegislash|31/100\n|\n|-weather|Sandstorm|[upkeep]\n|-damage|p1a: Volcarona|95/100|[from] Sandstorm\n|-damage|p2a: Incineroar|60/100|[from] Sandstorm\n|-heal|p1a: Volcarona|100/100|[from] item: Leftovers\n|upkeep\n|turn|11\n|\n|t:|1776197773\n|move|p1b: Aegislash|King's Shield|p1b: Aegislash\n|-singleturn|p1b: Aegislash|Protect\n|move|p1a: Volcarona|Quiver Dance|p1a: Volcarona\n|-boost|p1a: Volcarona|spa|1\n|-boost|p1a: Volcarona|spd|1\n|-boost|p1a: Volcarona|spe|1\n|move|p2a: Incineroar|Darkest Lariat|p1b: Aegislash\n|-activate|p1b: Aegislash|move: Protect\n|-unboost|p2a: Incineroar|atk|1\n|move|p2b: Tyranitar|Rock Slide|p1a: Volcarona|[spread] p1a\n|-activate|p1b: Aegislash|move: Protect\n|-supereffective|p1a: Volcarona|2\n|-damage|p1a: Volcarona|0 fnt\n|faint|p1a: Volcarona\n|\n|-weather|Sandstorm|[upkeep]\n|-damage|p2a: Incineroar|54/100|[from] Sandstorm\n|upkeep\n|\n|t:|1776197788\n|switch|p1a: Incineroar|Incineroar, L50, M|43/100\n|-ability|p1a: Incineroar|Intimidate|boost\n|-unboost|p2a: Incineroar|atk|1\n|-unboost|p2b: Tyranitar|atk|1\n|turn|12\n|\n|t:|1776197812\n|switch|p1a: Tyranitar|Tyranitar, L50, F|100/100\n|move|p2a: Incineroar|Parting Shot|p1a: Tyranitar\n|-unboost|p1a: Tyranitar|atk|1\n|-unboost|p1a: Tyranitar|spa|1\n|\n|t:|1776197818\n|switch|p2a: Meganium|Meganium-Mega, L50, M|95/100|[from] Parting Shot\n|move|p2b: Tyranitar|Knock Off|p1b: Aegislash\n|-supereffective|p1b: Aegislash|1\n|-damage|p1b: Aegislash|0 fnt\n|faint|p1b: Aegislash\n|\n|-weather|Sandstorm|[upkeep]\n|-damage|p2a: Meganium|89/100|[from] Sandstorm\n|-sideend|p2: EXCELSIORSPEAKS|move: Tailwind\n|upkeep\n|\n|t:|1776197823\n|switch|p1b: Incineroar|Incineroar, L50, M|43/100\n|-ability|p1b: Incineroar|Intimidate|boost\n|-unboost|p2a: Meganium|atk|1\n|-unboost|p2b: Tyranitar|atk|1\n|turn|13\n|\n|t:|1776197844\n|switch|p2b: Incineroar|Incineroar, L50, F|54/100\n|-ability|p2b: Incineroar|Intimidate|boost\n|-unboost|p1a: Tyranitar|atk|1\n|-unboost|p1b: Incineroar|atk|1\n|move|p2a: Meganium|Protect|p2a: Meganium\n|-singleturn|p2a: Meganium|Protect\n|move|p1b: Incineroar|Fake Out|p2b: Incineroar\n|-damage|p2b: Incineroar|47/100\n|-enditem|p2b: Incineroar|Sitrus Berry|[eat]\n|-heal|p2b: Incineroar|72/100|[from] item: Sitrus Berry\n|move|p1a: Tyranitar|Dragon Dance|p1a: Tyranitar\n|-boost|p1a: Tyranitar|atk|1\n|-boost|p1a: Tyranitar|spe|1\n|\n|-weather|none\n|upkeep\n|turn|14\n|inactive|EXCELSIORSPEAKS has 30 seconds left.\n|\n|t:|1776197872\n|switch|p2a: Tyranitar|Tyranitar, L50, M|50/100\n|-weather|Sandstorm|[from] ability: Sand Stream|[of] p2a: Tyranitar\n|move|p1a: Tyranitar|Rock Slide|p2b: Incineroar|[spread] p2a,p2b\n|-supereffective|p2b: Incineroar|1\n|-damage|p2a: Tyranitar|33/100\n|-damage|p2b: Incineroar|29/100\n|move|p2b: Incineroar|Parting Shot|p1a: Tyranitar\n|-unboost|p1a: Tyranitar|atk|1\n|-unboost|p1a: Tyranitar|spa|1\n|\n|t:|1776197880\n|switch|p2b: Meganium|Meganium-Mega, L50, M|89/100|[from] Parting Shot\n|move|p1b: Incineroar|Flare Blitz|p2a: Tyranitar\n|-resisted|p2a: Tyranitar|1\n|-crit|p2a: Tyranitar\n|-damage|p2a: Tyranitar|3/100\n|-damage|p1b: Incineroar|33/100|[from] Recoil\n|\n|-weather|Sandstorm|[upkeep]\n|-damage|p2b: Meganium|83/100|[from] Sandstorm\n|-damage|p1b: Incineroar|27/100|[from] Sandstorm\n|upkeep\n|turn|15\n|\n|t:|1776197900\n|switch|p2b: Incineroar|Incineroar, L50, F|29/100\n|-ability|p2b: Incineroar|Intimidate|boost\n|-unboost|p1a: Tyranitar|atk|1\n|-unboost|p1b: Incineroar|atk|1\n|detailschange|p1a: Tyranitar|Tyranitar-Mega, L50, F\n|-mega|p1a: Tyranitar|Tyranitar|Tyranitarite\n|move|p1a: Tyranitar|Rock Slide|p2a: Tyranitar|[spread] p2a,p2b\n|-crit|p2a: Tyranitar\n|-supereffective|p2b: Incineroar|1\n|-damage|p2a: Tyranitar|0 fnt\n|-damage|p2b: Incineroar|0 fnt\n|faint|p2a: Tyranitar\n|faint|p2b: Incineroar\n|move|p1b: Incineroar|Flare Blitz|p2: Tyranitar|[notarget]\n|-fail|p1b: Incineroar\n|\n|-weather|Sandstorm|[upkeep]\n|-damage|p1b: Incineroar|21/100|[from] Sandstorm\n|upkeep\n|\n|t:|1776197909\n|switch|p2b: Meganium|Meganium-Mega, L50, M|83/100\n|turn|16\n|\n|t:|1776197920\n|move|p1a: Tyranitar|Rock Slide|p2b: Meganium\n|-damage|p2b: Meganium|62/100\n|move|p2b: Meganium|Dazzling Gleam|p1a: Tyranitar|[spread] p1a,p1b\n|-supereffective|p1a: Tyranitar|1\n|-damage|p1a: Tyranitar|50/100\n|-damage|p1b: Incineroar|0 fnt\n|faint|p1b: Incineroar\n|\n|-weather|Sandstorm|[upkeep]\n|-damage|p2b: Meganium|56/100|[from] Sandstorm\n|upkeep\n|turn|17\n|\n|t:|1776197930\n|move|p1a: Tyranitar|Protect|p1a: Tyranitar\n|-singleturn|p1a: Tyranitar|Protect\n|move|p2b: Meganium|Solar Beam||[still]\n|-prepare|p2b: Meganium|Solar Beam\n|-activate|p2b: Meganium|ability: Mega Sol\n|-anim|p2b: Meganium|Solar Beam|p1a: Tyranitar\n|-activate|p1a: Tyranitar|move: Protect\n|\n|-weather|Sandstorm|[upkeep]\n|-damage|p2b: Meganium|50/100|[from] Sandstorm\n|upkeep\n|turn|18\n|\n|t:|1776197940\n|move|p1a: Tyranitar|Rock Slide|p2b: Meganium\n|-damage|p2b: Meganium|30/100\n|move|p2b: Meganium|Solar Beam||[still]\n|-prepare|p2b: Meganium|Solar Beam\n|-activate|p2b: Meganium|ability: Mega Sol\n|-anim|p2b: Meganium|Solar Beam|p1a: Tyranitar\n|-supereffective|p1a: Tyranitar|1\n|-damage|p1a: Tyranitar|0 fnt\n|faint|p1a: Tyranitar\n|\n|win|EXCELSIORSPEAKS\n|raw|HawaiiCookieCo's rating: 1060 &rarr; <strong>1045</strong><br />(-15 for losing)\n|raw|EXCELSIORSPEAKS's rating: 1130 &rarr; <strong>1150</strong><br />(+20 for winning)\n",
  "uploadtime": 1776197951,
  "views": 33,
  "formatid": "gen9championsvgc2026regma",
  "rating": 1045,
  "private": 0,
  "password": null
}