{
  "id": "gen9championsvgc2026regma-2580908523",
  "format": "[Gen 9 Champions] VGC 2026 Reg M-A",
  "players": [
    "yladris",
    "wuhyun"
  ],
  "log": "|j|\u2606yladris\n|j|\u2606wuhyun\n|t:|1775942418\n|gametype|doubles\n|player|p1|yladris|flannery|1114\n|player|p2|wuhyun|caitlin-masters|1107\n|gen|9\n|tier|[Gen 9 Champions] VGC 2026 Reg M-A\n|rated|\n|rule|Species Clause: Limit one of each Pok\u00e9mon\n|rule|Item Clause: Limit 1 of each item\n|clearpoke\n|poke|p1|Charizard, L50, M|\n|poke|p1|Hydreigon, L50, M|\n|poke|p1|Incineroar, L50, M|\n|poke|p1|Sneasler, L50, F|\n|poke|p1|Milotic, L50, F|\n|poke|p1|Sinistcha, L50|\n|poke|p2|Farigiraf, L50, M|\n|poke|p2|Hatterene, L50, F|\n|poke|p2|Blastoise, L50, F|\n|poke|p2|Sinistcha-Masterpiece, L50|\n|poke|p2|Torkoal, L50, M|\n|poke|p2|Camerupt, L50, M|\n|teampreview|4\n|inactive|Battle timer is ON: inactive players will automatically lose when time's up. (requested by wuhyun)\n|inactive|yladris has 60 seconds left.\n|inactive|yladris has 30 seconds left.\n|\n|t:|1775942479\n|teamsize|p1|4\n|teamsize|p2|4\n|start\n|switch|p1a: Charizard|Charizard, L50, M|100/100\n|switch|p1b: Hydreigon|Hydreigon, L50, M|100/100\n|switch|p2a: Farigiraf|Farigiraf, L50, M|100/100\n|switch|p2b: Hatterene|Hatterene, L50, F|100/100\n|turn|1\n|\n|t:|1775942503\n|detailschange|p1a: Charizard|Charizard-Mega-X, L50, M\n|-mega|p1a: Charizard|Charizard|Charizardite X\n|move|p1b: Hydreigon|Dark Pulse|p2a: Farigiraf\n|-supereffective|p2a: Farigiraf|1\n|-damage|p2a: Farigiraf|11/100\n|-enditem|p2a: Farigiraf|Sitrus Berry|[eat]\n|-heal|p2a: Farigiraf|35/100|[from] item: Sitrus Berry\n|move|p1a: Charizard|Flare Blitz|p2b: Hatterene\n|-damage|p2b: Hatterene|18/100\n|-damage|p1a: Charizard|76/100|[from] Recoil\n|move|p2a: Farigiraf|Psychic Terrain|p2a: Farigiraf\n|-fieldstart|move: Psychic Terrain\n|move|p2b: Hatterene|Trick Room|p2b: Hatterene\n|-fieldstart|move: Trick Room|[of] p2b: Hatterene\n|\n|upkeep\n|turn|2\n|inactive|yladris has 30 seconds left.\n|inactive|wuhyun has 30 seconds left.\n|inactive|yladris has 20 seconds left.\n|inactive|yladris has 15 seconds left.\n|\n|t:|1775942545\n|switch|p1b: Incineroar|Incineroar, L50, M|100/100\n|-ability|p1b: Incineroar|Intimidate|boost\n|-unboost|p2a: Farigiraf|atk|1\n|-unboost|p2b: Hatterene|atk|1\n|move|p1a: Charizard|Protect|p1a: Charizard\n|-singleturn|p1a: Charizard|Protect\n|move|p2b: Hatterene|Dazzling Gleam|p1b: Incineroar|[spread] p1b\n|-activate|p1a: Charizard|move: Protect\n|-damage|p1b: Incineroar|63/100\n|move|p2a: Farigiraf|Baton Pass|p2a: Farigiraf\n|\n|t:|1775942563\n|switch|p2a: Torkoal|Torkoal, L50, M|100/100|[from] Baton Pass\n|-weather|SunnyDay|[from] ability: Drought|[of] p2a: Torkoal\n|\n|-weather|SunnyDay|[upkeep]\n|upkeep\n|turn|3\n|\n|t:|1775942576\n|switch|p1a: Milotic|Milotic, L50, F|100/100\n|move|p2a: Torkoal|Earth Power|p1a: Milotic\n|-damage|p1a: Milotic|81/100\n|move|p2b: Hatterene|Dazzling Gleam|p1a: Milotic|[spread] p1a,p1b\n|-damage|p1a: Milotic|51/100\n|-damage|p1b: Incineroar|30/100\n|-enditem|p1b: Incineroar|Sitrus Berry|[eat]\n|-heal|p1b: Incineroar|55/100|[from] item: Sitrus Berry\n|move|p1b: Incineroar|Parting Shot|p2b: Hatterene\n|move|p2b: Hatterene|Parting Shot|p1b: Incineroar|[from] ability: Magic Bounce\n|-unboost|p1b: Incineroar|atk|1\n|-unboost|p1b: Incineroar|spa|1\n|\n|t:|1775942591\n|switch|p2b: Camerupt|Camerupt, L50, M|100/100|[from] Parting Shot\n|\n|-weather|SunnyDay|[upkeep]\n|-heal|p1a: Milotic|57/100|[from] item: Leftovers\n|upkeep\n|turn|4\n|\n|t:|1775942602\n|switch|p1b: Hydreigon|Hydreigon, L50, M|100/100\n|detailschange|p2b: Camerupt|Camerupt-Mega, L50, M\n|-mega|p2b: Camerupt|Camerupt|Cameruptite\n|move|p1a: Milotic|Protect|p1a: Milotic\n|-singleturn|p1a: Milotic|Protect\n|move|p2b: Camerupt|Eruption|p1b: Hydreigon|[spread] p1b\n|-activate|p1a: Milotic|move: Protect\n|-resisted|p1b: Hydreigon|1\n|-damage|p1b: Hydreigon|37/100\n|move|p2a: Torkoal|Eruption|p1b: Hydreigon|[spread] p1b\n|-activate|p1a: Milotic|move: Protect\n|-resisted|p1b: Hydreigon|1\n|-damage|p1b: Hydreigon|0 fnt\n|faint|p1b: Hydreigon\n|\n|-weather|SunnyDay|[upkeep]\n|-heal|p1a: Milotic|63/100|[from] item: Leftovers\n|upkeep\n|\n|t:|1775942617\n|switch|p1b: Charizard|Charizard-Mega-X, L50, M|76/100\n|turn|5\n|\n|t:|1775942624\n|move|p1a: Milotic|Protect||[still]\n|-fail|p1a: Milotic\n|move|p1b: Charizard|Protect|p1b: Charizard\n|-singleturn|p1b: Charizard|Protect\n|move|p2a: Torkoal|Eruption|p1a: Milotic|[spread] p1a\n|-activate|p1b: Charizard|move: Protect\n|-resisted|p1a: Milotic|1\n|-damage|p1a: Milotic|32/100\n|move|p2b: Camerupt|Rock Slide|p1a: Milotic|[spread] p1a\n|-activate|p1b: Charizard|move: Protect\n|-damage|p1a: Milotic|15/100\n|\n|-weather|SunnyDay|[upkeep]\n|-heal|p1a: Milotic|21/100|[from] item: Leftovers\n|-fieldend|move: Trick Room\n|-fieldend|move: Psychic Terrain\n|upkeep\n|turn|6\n|inactive|yladris has 30 seconds left.\n|inactive|yladris has 20 seconds left.\n|\n|t:|1775942663\n|move|p1b: Charizard|Dragon Claw|p2b: Camerupt\n|-crit|p2b: Camerupt\n|-damage|p2b: Camerupt|19/100\n|move|p1a: Milotic|Scald|p2b: Camerupt\n|-supereffective|p2b: Camerupt|2\n|-crit|p2b: Camerupt\n|-damage|p2b: Camerupt|0 fnt\n|faint|p2b: Camerupt\n|move|p2a: Torkoal|Heat Wave|p1a: Milotic|[spread] p1a\n|-miss|p2a: Torkoal|p1b: Charizard\n|-resisted|p1a: Milotic|1\n|-damage|p1a: Milotic|0 fnt\n|faint|p1a: Milotic\n|\n|-weather|none\n|upkeep\n|\n|t:|1775942680\n|switch|p1a: Incineroar|Incineroar, L50, M|55/100\n|switch|p2b: Farigiraf|Farigiraf, L50, M|35/100\n|-ability|p1a: Incineroar|Intimidate|boost\n|-unboost|p2a: Torkoal|atk|1\n|-unboost|p2b: Farigiraf|atk|1\n|turn|7\n|inactive|yladris has 30 seconds left.\n|\n|t:|1775942712\n|switch|p2b: Hatterene|Hatterene, L50, F|18/100\n|move|p2a: Torkoal|Protect|p2a: Torkoal\n|-singleturn|p2a: Torkoal|Protect\n|move|p1b: Charizard|Flare Blitz|p2b: Hatterene\n|-damage|p2b: Hatterene|0 fnt\n|faint|p2b: Hatterene\n|-damage|p1b: Charizard|70/100|[from] Recoil\n|move|p1a: Incineroar|Throat Chop|p2a: Torkoal\n|-activate|p2a: Torkoal|move: Protect\n|\n|upkeep\n|\n|t:|1775942724\n|switch|p2b: Farigiraf|Farigiraf, L50, M|35/100\n|turn|8\n|inactive|yladris has 30 seconds left.\n|\n|t:|1775942754\n|move|p1b: Charizard|Flare Blitz|p2b: Farigiraf\n|-crit|p2b: Farigiraf\n|-damage|p2b: Farigiraf|0 fnt\n|faint|p2b: Farigiraf\n|-damage|p1b: Charizard|56/100|[from] Recoil\n|move|p1a: Incineroar|Throat Chop|p2a: Torkoal\n|-damage|p2a: Torkoal|73/100\n|-start|p2a: Torkoal|Throat Chop|[silent]\n|move|p2a: Torkoal|Earth Power|p1b: Charizard\n|-supereffective|p1b: Charizard|1\n|-damage|p1b: Charizard|0 fnt\n|faint|p1b: Charizard\n|\n|upkeep\n|turn|9\n|inactive|yladris has 30 seconds left.\n|\n|t:|1775942784\n|move|p1a: Incineroar|Throat Chop|p2a: Torkoal\n|-damage|p2a: Torkoal|49/100\n|move|p2a: Torkoal|Earth Power|p1a: Incineroar\n|-supereffective|p1a: Incineroar|1\n|-damage|p1a: Incineroar|14/100\n|\n|-end|p2a: Torkoal|Throat Chop|[silent]\n|upkeep\n|turn|10\n|c|\u2606yladris|ggs\n|-message|yladris forfeited.\n|\n|win|wuhyun\n|raw|yladris's rating: 1114 &rarr; <strong>1088</strong><br />(-26 for losing)\n|raw|wuhyun's rating: 1107 &rarr; <strong>1133</strong><br />(+26 for winning)\n|l|\u2606yladris\n|player|p1|\n",
  "uploadtime": 1775942797,
  "views": 32,
  "formatid": "gen9championsvgc2026regma",
  "rating": 1088,
  "private": 0,
  "password": null
}