{
  "id": "gen9championsvgc2026regma-2581307813",
  "format": "[Gen 9 Champions] VGC 2026 Reg M-A",
  "players": [
    "yohanitaro",
    "ConnerTEP"
  ],
  "log": "|j|\u2606yohanitaro\n|j|\u2606ConnerTEP\n|t:|1775984477\n|gametype|doubles\n|player|p1|yohanitaro|twins-gen4|1309\n|player|p2|ConnerTEP|acerola-masters2|1441\n|gen|9\n|tier|[Gen 9 Champions] VGC 2026 Reg M-A\n|rated|\n|rule|Species Clause: Limit one of each Pok\u00e9mon\n|rule|Item Clause: Limit 1 of each item\n|clearpoke\n|poke|p1|Incineroar, L50, M|\n|poke|p1|Sneasler, L50, F|\n|poke|p1|Garchomp, L50, F|\n|poke|p1|Rotom-Wash, L50|\n|poke|p1|Charizard, L50, F|\n|poke|p1|Venusaur, L50, F|\n|poke|p2|Aerodactyl, L50, F|\n|poke|p2|Garchomp, L50, M|\n|poke|p2|Gardevoir, L50, F|\n|poke|p2|Kingambit, L50, M|\n|poke|p2|Kangaskhan, L50, F|\n|poke|p2|Sinistcha, L50|\n|teampreview|4\n|inactive|Battle timer is ON: inactive players will automatically lose when time's up. (requested by ConnerTEP)\n|inactive|yohanitaro also wants the timer to be on.\n|inactive|yohanitaro has 60 seconds left.\n|inactive|ConnerTEP has 60 seconds left.\n|\n|t:|1775984518\n|teamsize|p1|4\n|teamsize|p2|4\n|start\n|switch|p1a: Garchomp|Garchomp, L50, F|100/100\n|switch|p1b: Charizard|Charizard, L50, F|100/100\n|switch|p2a: Aerodactyl|Aerodactyl, L50, F|100/100\n|switch|p2b: Kangaskhan|Kangaskhan, L50, F|100/100\n|-ability|p2a: Aerodactyl|Unnerve\n|turn|1\n|inactive|yohanitaro has 30 seconds left.\n|j| gE1xjZRtuhW2DdT0AK\n|inactive|yohanitaro has 20 seconds left.\n|\n|t:|1775984555\n|switch|p1a: Incineroar|Incineroar, L50, M|100/100\n|-ability|p1a: Incineroar|Intimidate|boost\n|-unboost|p2a: Aerodactyl|atk|1\n|-fail|p2b: Kangaskhan|unboost|Attack|[from] ability: Scrappy|[of] p2b: Kangaskhan\n|move|p1b: Charizard|Protect|p1b: Charizard\n|-singleturn|p1b: Charizard|Protect\n|move|p2b: Kangaskhan|Fake Out|p1a: Incineroar\n|-damage|p1a: Incineroar|84/100\n|move|p2a: Aerodactyl|Rock Slide|p1b: Charizard|[spread] \n|-activate|p1b: Charizard|move: Protect\n|-miss|p2a: Aerodactyl|p1a: Incineroar\n|\n|upkeep\n|turn|2\n|\n|t:|1775984578\n|detailschange|p1b: Charizard|Charizard-Mega-Y, L50, F\n|-mega|p1b: Charizard|Charizard|Charizardite Y\n|-weather|SunnyDay|[from] ability: Drought|[of] p1b: Charizard\n|detailschange|p2b: Kangaskhan|Kangaskhan-Mega, L50, F\n|-mega|p2b: Kangaskhan|Kangaskhan|Kangaskhanite\n|move|p1a: Incineroar|Fake Out|p2a: Aerodactyl\n|-resisted|p2a: Aerodactyl|1\n|-damage|p2a: Aerodactyl|90/100\n|cant|p2a: Aerodactyl|flinch\n|move|p1b: Charizard|Heat Wave|p2b: Kangaskhan|[spread] p2a,p2b\n|-resisted|p2a: Aerodactyl|1\n|-damage|p2a: Aerodactyl|47/100\n|-damage|p2b: Kangaskhan|42/100\n|-status|p2a: Aerodactyl|brn\n|move|p2b: Kangaskhan|Double-Edge|p1b: Charizard\n|-damage|p1b: Charizard|13/100\n|-damage|p1b: Charizard|0 fnt\n|faint|p1b: Charizard\n|-hitcount|p1: Charizard|2\n|-damage|p2b: Kangaskhan|14/100|[from] Recoil\n|\n|-weather|SunnyDay|[upkeep]\n|-damage|p2a: Aerodactyl|41/100 brn|[from] brn\n|upkeep\n|\n|t:|1775984601\n|switch|p1b: Venusaur|Venusaur, L50, F|100/100\n|turn|3\n|inactive|ConnerTEP has 30 seconds left.\n|\n|t:|1775984631\n|move|p1b: Venusaur|Sludge Bomb|p2b: Kangaskhan\n|-damage|p2b: Kangaskhan|0 fnt\n|faint|p2b: Kangaskhan\n|move|p2a: Aerodactyl|Tailwind|p2a: Aerodactyl\n|-sidestart|p2: ConnerTEP|move: Tailwind\n|move|p1a: Incineroar|Parting Shot|p2a: Aerodactyl\n|-unboost|p2a: Aerodactyl|atk|1\n|-unboost|p2a: Aerodactyl|spa|1\n|\n|t:|1775984639\n|switch|p1a: Garchomp|Garchomp, L50, F|100/100|[from] Parting Shot\n|\n|-weather|SunnyDay|[upkeep]\n|-damage|p2a: Aerodactyl|36/100 brn|[from] brn\n|upkeep\n|\n|t:|1775984642\n|switch|p2b: Garchomp|Garchomp, L50, M|100/100\n|turn|4\n|inactive|ConnerTEP has 30 seconds left.\n|\n|t:|1775984672\n|move|p2a: Aerodactyl|Dual Wingbeat|p1b: Venusaur\n|-supereffective|p1b: Venusaur|1\n|-damage|p1b: Venusaur|87/100\n|-supereffective|p1b: Venusaur|1\n|-damage|p1b: Venusaur|75/100\n|-hitcount|p1b: Venusaur|2\n|move|p2b: Garchomp|Dragon Claw|p1a: Garchomp\n|-supereffective|p1a: Garchomp|1\n|-damage|p1a: Garchomp|2/100\n|-damage|p2b: Garchomp|88/100|[from] ability: Rough Skin|[of] p1a: Garchomp\n|move|p1b: Venusaur|Sleep Powder|p2b: Garchomp\n|-status|p2b: Garchomp|slp|[from] move: Sleep Powder\n|move|p1a: Garchomp|Dragon Claw|p2b: Garchomp\n|-supereffective|p2b: Garchomp|1\n|-damage|p2b: Garchomp|0 fnt\n|-damage|p1a: Garchomp|0 fnt|[from] ability: Rough Skin|[of] p2b: Garchomp\n|faint|p2b: Garchomp\n|faint|p1a: Garchomp\n|\n|-weather|SunnyDay|[upkeep]\n|-damage|p2a: Aerodactyl|30/100 brn|[from] brn\n|upkeep\n|\n|t:|1775984691\n|switch|p1a: Incineroar|Incineroar, L50, M|84/100\n|switch|p2b: Kingambit|Kingambit, L50, M|100/100\n|-ability|p1a: Incineroar|Intimidate|boost\n|-unboost|p2a: Aerodactyl|atk|1\n|-unboost|p2b: Kingambit|atk|1\n|-ability|p2b: Kingambit|Defiant|boost\n|-boost|p2b: Kingambit|atk|2\n|turn|5\n|\n|t:|1775984709\n|move|p1a: Incineroar|Fake Out|p2b: Kingambit\n|-resisted|p2b: Kingambit|1\n|-damage|p2b: Kingambit|95/100\n|move|p2a: Aerodactyl|Rock Slide|p1b: Venusaur|[spread] p1a,p1b\n|-supereffective|p1a: Incineroar|1\n|-damage|p1a: Incineroar|73/100\n|-damage|p1b: Venusaur|69/100\n|move|p1b: Venusaur|Sleep Powder|p2b: Kingambit|[miss]\n|-miss|p1b: Venusaur|p2b: Kingambit\n|cant|p2b: Kingambit|flinch\n|\n|-weather|SunnyDay|[upkeep]\n|-damage|p2a: Aerodactyl|24/100 brn|[from] brn\n|upkeep\n|turn|6\n|inactive|ConnerTEP has 30 seconds left.\n|\n|t:|1775984742\n|move|p2a: Aerodactyl|Protect|p2a: Aerodactyl\n|-singleturn|p2a: Aerodactyl|Protect\n|move|p2b: Kingambit|Protect|p2b: Kingambit\n|-singleturn|p2b: Kingambit|Protect\n|move|p1b: Venusaur|Sleep Powder|p2b: Kingambit\n|-activate|p2b: Kingambit|move: Protect\n|move|p1a: Incineroar|Flare Blitz|p2b: Kingambit\n|-activate|p2b: Kingambit|move: Protect\n|\n|-weather|none\n|-damage|p2a: Aerodactyl|18/100 brn|[from] brn\n|-sideend|p2: ConnerTEP|move: Tailwind\n|upkeep\n|turn|7\n|\n|t:|1775984764\n|move|p2a: Aerodactyl|Tailwind|p2a: Aerodactyl\n|-sidestart|p2: ConnerTEP|move: Tailwind\n|move|p2b: Kingambit|Iron Head|p1b: Venusaur\n|-damage|p1b: Venusaur|0 fnt\n|faint|p1b: Venusaur\n|move|p1a: Incineroar|Flare Blitz|p2b: Kingambit\n|-supereffective|p2b: Kingambit|1\n|-damage|p2b: Kingambit|0 fnt\n|faint|p2b: Kingambit\n|-damage|p1a: Incineroar|45/100|[from] Recoil\n|\n|-damage|p2a: Aerodactyl|13/100 brn|[from] brn\n|upkeep\n|turn|8\n|\n|t:|1775984777\n|move|p2a: Aerodactyl|Rock Slide|p1a: Incineroar\n|-supereffective|p1a: Incineroar|1\n|-damage|p1a: Incineroar|31/100\n|move|p1a: Incineroar|Flare Blitz|p2a: Aerodactyl\n|-resisted|p2a: Aerodactyl|1\n|-damage|p2a: Aerodactyl|0 fnt\n|-enditem|p1a: Incineroar|Sitrus Berry|[eat]\n|-heal|p1a: Incineroar|56/100|[from] item: Sitrus Berry\n|faint|p2a: Aerodactyl\n|-damage|p1a: Incineroar|53/100|[from] Recoil\n|\n|win|yohanitaro\n|raw|yohanitaro's rating: 1309 &rarr; <strong>1336</strong><br />(+27 for winning)\n|raw|ConnerTEP's rating: 1441 &rarr; <strong>1414</strong><br />(-27 for losing)\n|l|\u2606ConnerTEP\n|player|p2|\n|l|\u2606yohanitaro\n|player|p1|\n|j| RyushinYuki\n|l| RyushinYuki\n",
  "uploadtime": 1775984877,
  "views": 36,
  "formatid": "gen9championsvgc2026regma",
  "rating": 1336,
  "private": 0,
  "password": null
}