{
  "id": "gen9championsvgc2026regma-2588954352",
  "format": "[Gen 9 Champions] VGC 2026 Reg M-A",
  "players": [
    "tangorella",
    "8NoobBit"
  ],
  "log": "|j|\u2606tangorella\n|j|\u26068NoobBit\n|t:|1776689138\n|gametype|doubles\n|player|p1|tangorella|gentleman-gen4|1213\n|player|p2|8NoobBit|170|1219\n|gen|9\n|tier|[Gen 9 Champions] VGC 2026 Reg M-A\n|rated|\n|rule|Species Clause: Limit one of each Pok\u00e9mon\n|rule|Item Clause: Limit 1 of each item\n|clearpoke\n|poke|p1|Lucario, L50, M|\n|poke|p1|Sableye, L50, F|\n|poke|p1|Whimsicott, L50, F|\n|poke|p1|Dragapult, L50, M|\n|poke|p1|Maushold, L50|\n|poke|p1|Polteageist, L50|\n|poke|p2|Gengar, L50, F|\n|poke|p2|Incineroar, L50, M|\n|poke|p2|Sinistcha, L50|\n|poke|p2|Kingambit, L50, F|\n|poke|p2|Tyranitar, L50, M|\n|poke|p2|Kommo-o, L50, M|\n|teampreview|4\n|\n|t:|1776689183\n|teamsize|p1|4\n|teamsize|p2|4\n|start\n|switch|p1a: Lucario|Lucario, L50, M|100/100\n|switch|p1b: Dragapult|Dragapult, L50, M|100/100\n|switch|p2a: Gengar|Gengar, L50, F|100/100\n|switch|p2b: Kingambit|Kingambit, L50, F|100/100\n|turn|1\n|\n|t:|1776689213\n|detailschange|p2a: Gengar|Gengar-Mega, L50, F\n|-mega|p2a: Gengar|Gengar|Gengarite\n|move|p2a: Gengar|Protect|p2a: Gengar\n|-singleturn|p2a: Gengar|Protect\n|move|p2b: Kingambit|Sucker Punch|p1b: Dragapult\n|-supereffective|p1b: Dragapult|1\n|-damage|p1b: Dragapult|0 fnt\n|faint|p1b: Dragapult\n|move|p1a: Lucario|Close Combat|p2b: Kingambit\n|-supereffective|p2b: Kingambit|2\n|-enditem|p2b: Kingambit|Chople Berry|[eat]\n|-enditem|p2b: Kingambit|Chople Berry|[weaken]\n|-damage|p2b: Kingambit|13/100\n|-unboost|p1a: Lucario|def|1\n|-unboost|p1a: Lucario|spd|1\n|\n|upkeep\n|\n|t:|1776689228\n|switch|p1b: Whimsicott|Whimsicott, L50, F|100/100\n|turn|2\n|\n|t:|1776689241\n|switch|p2b: Sinistcha|Sinistcha, L50|100/100\n|move|p2a: Gengar|Substitute|p2a: Gengar\n|-start|p2a: Gengar|Substitute\n|-damage|p2a: Gengar|76/100\n|move|p1a: Lucario|Rock Slide|p2a: Gengar|[spread] p2a,p2b\n|-end|p2a: Gengar|Substitute\n|-damage|p2b: Sinistcha|88/100\n|move|p1b: Whimsicott|Beat Up|p1a: Lucario\n|-resisted|p1a: Lucario|1\n|-damage|p1a: Lucario|97/100\n|-ability|p1a: Lucario|Justified|boost\n|-boost|p1a: Lucario|atk|1\n|-resisted|p1a: Lucario|1\n|-damage|p1a: Lucario|95/100\n|-ability|p1a: Lucario|Justified|boost\n|-boost|p1a: Lucario|atk|1\n|-resisted|p1a: Lucario|1\n|-damage|p1a: Lucario|92/100\n|-ability|p1a: Lucario|Justified|boost\n|-boost|p1a: Lucario|atk|1\n|-hitcount|p1a: Lucario|3\n|\n|upkeep\n|turn|3\n|\n|t:|1776689269\n|switch|p2b: Incineroar|Incineroar, L50, M|100/100\n|-ability|p2b: Incineroar|Intimidate|boost\n|-unboost|p1a: Lucario|atk|1\n|-unboost|p1b: Whimsicott|atk|1\n|detailschange|p1a: Lucario|Lucario-Mega, L50, M\n|-mega|p1a: Lucario|Lucario|Lucarionite\n|move|p1a: Lucario|Detect|p1a: Lucario\n|-singleturn|p1a: Lucario|Protect\n|move|p1b: Whimsicott|Tailwind|p1b: Whimsicott\n|-sidestart|p1: tangorella|move: Tailwind\n|move|p2a: Gengar|Perish Song|p2a: Gengar\n|-start|p1a: Lucario|perish3|[silent]\n|-start|p1b: Whimsicott|perish3|[silent]\n|-start|p2a: Gengar|perish3|[silent]\n|-start|p2b: Incineroar|perish3|[silent]\n|-fieldactivate|move: Perish Song\n|\n|-start|p1a: Lucario|perish3\n|-start|p1b: Whimsicott|perish3\n|-start|p2a: Gengar|perish3\n|-start|p2b: Incineroar|perish3\n|upkeep\n|turn|4\n|\n|t:|1776689295\n|move|p2b: Incineroar|Fake Out|p1a: Lucario\n|-resisted|p1a: Lucario|1\n|-damage|p1a: Lucario|82/100\n|cant|p1a: Lucario|flinch\n|move|p1b: Whimsicott|Beat Up|p2a: Gengar\n|-supereffective|p2a: Gengar|1\n|-damage|p2a: Gengar|69/100\n|-supereffective|p2a: Gengar|1\n|-damage|p2a: Gengar|64/100\n|-supereffective|p2a: Gengar|1\n|-damage|p2a: Gengar|60/100\n|-hitcount|p2a: Gengar|3\n|move|p2a: Gengar|Substitute|p2a: Gengar\n|-start|p2a: Gengar|Substitute\n|-damage|p2a: Gengar|35/100\n|\n|-start|p1a: Lucario|perish2\n|-start|p1b: Whimsicott|perish2\n|-start|p2a: Gengar|perish2\n|-start|p2b: Incineroar|perish2\n|upkeep\n|turn|5\n|\n|t:|1776689326\n|move|p1b: Whimsicott|Encore|p2b: Incineroar\n|-hint|Since gen 7, Dark is immune to Prankster moves.\n|-immune|p2b: Incineroar\n|move|p1a: Lucario|Rock Slide|p2b: Incineroar|[spread] p2a,p2b\n|-end|p2a: Gengar|Substitute\n|-supereffective|p2b: Incineroar|1\n|-damage|p2b: Incineroar|25/100\n|move|p2a: Gengar|Shadow Ball|p1b: Whimsicott\n|-damage|p1b: Whimsicott|20/100\n|cant|p2b: Incineroar|flinch\n|\n|-start|p1a: Lucario|perish1\n|-start|p1b: Whimsicott|perish1\n|-start|p2a: Gengar|perish1\n|-start|p2b: Incineroar|perish1\n|upkeep\n|turn|6\n|\n|t:|1776689347\n|switch|p2a: Kingambit|Kingambit, L50, F|13/100\n|switch|p2b: Sinistcha|Sinistcha, L50|88/100\n|-heal|p2a: Kingambit|37/100|[from] ability: Hospitality|[of] p2b: Sinistcha\n|move|p1a: Lucario|Rock Slide|p2b: Sinistcha|[spread] p2a,p2b\n|-resisted|p2a: Kingambit|1\n|-damage|p2a: Kingambit|23/100\n|-damage|p2b: Sinistcha|58/100\n|move|p1b: Whimsicott|Beat Up|p2a: Kingambit\n|-resisted|p2a: Kingambit|1\n|-damage|p2a: Kingambit|22/100\n|-resisted|p2a: Kingambit|1\n|-damage|p2a: Kingambit|22/100\n|-resisted|p2a: Kingambit|1\n|-damage|p2a: Kingambit|21/100\n|-hitcount|p2a: Kingambit|3\n|\n|-start|p1a: Lucario|perish0\n|-start|p1b: Whimsicott|perish0\n|-sideend|p1: tangorella|move: Tailwind\n|upkeep\n|faint|p1a: Lucario\n|faint|p1b: Whimsicott\n|\n|t:|1776689362\n|switch|p1b: Polteageist|Polteageist, L50|100/100\n|turn|7\n|\n|t:|1776689368\n|move|p2a: Kingambit|Sucker Punch|p1b: Polteageist\n|-supereffective|p1b: Polteageist|1\n|-damage|p1b: Polteageist|0 fnt\n|faint|p1b: Polteageist\n|\n|win|8NoobBit\n|raw|tangorella's rating: 1213 &rarr; <strong>1188</strong><br />(-25 for losing)\n|raw|8NoobBit's rating: 1219 &rarr; <strong>1244</strong><br />(+25 for winning)\n|l|\u2606tangorella\n|player|p1|\n",
  "uploadtime": 1776689376,
  "views": 5,
  "formatid": "gen9championsvgc2026regma",
  "rating": 1188,
  "private": 0,
  "password": null
}