{
  "id": "gen9championsvgc2026regma-2583104521",
  "format": "[Gen 9 Champions] VGC 2026 Reg M-A",
  "players": [
    "wuachaxl",
    "shin-tv07"
  ],
  "log": "|j|\u2606wuachaxl\n|j|\u2606shin-tv07\n|t:|1776142495\n|gametype|doubles\n|player|p1|wuachaxl|101|1114\n|player|p2|shin-tv07|twins-gen4dp|1123\n|gen|9\n|tier|[Gen 9 Champions] VGC 2026 Reg M-A\n|rated|\n|rule|Species Clause: Limit one of each Pok\u00e9mon\n|rule|Item Clause: Limit 1 of each item\n|clearpoke\n|poke|p1|Whimsicott, L50, F|\n|poke|p1|Sneasler, L50, F|\n|poke|p1|Rotom-Wash, L50|\n|poke|p1|Charizard, L50, M|\n|poke|p1|Venusaur, L50, F|\n|poke|p1|Garchomp, L50, M|\n|poke|p2|Tauros-Paldea-Aqua, L50, M|\n|poke|p2|Froslass, L50, F|\n|poke|p2|Whimsicott, L50, F|\n|poke|p2|Incineroar, L50, F|\n|poke|p2|Palafin, L50, F|\n|poke|p2|Floette-Eternal, L50, F|\n|teampreview|4\nshin-tv07 rejected open team sheets.\n|\n|t:|1776142512\n|teamsize|p1|4\n|teamsize|p2|4\n|start\n|switch|p1a: Sneasler|Sneasler, L50, F|100/100\n|switch|p1b: Whimsicott|Whimsicott, L50, F|100/100\n|switch|p2a: Whimsicott|Whimsicott, L50, F|100/100\n|switch|p2b: Palafin|Palafin, L50, F|100/100\n|turn|1\n|inactive|Battle timer is ON: inactive players will automatically lose when time's up. (requested by wuachaxl)\n|\n|t:|1776142529\n|move|p2a: Whimsicott|Protect|p2a: Whimsicott\n|-singleturn|p2a: Whimsicott|Protect\n|move|p1a: Sneasler|Fake Out|p2b: Palafin\n|-damage|p2b: Palafin|83/100\n|move|p1b: Whimsicott|Taunt|p2a: Whimsicott\n|-activate|p2a: Whimsicott|move: Protect\n|cant|p2b: Palafin|flinch\n|\n|upkeep\n|turn|2\n|\n|t:|1776142543\n|move|p2a: Whimsicott|Tailwind|p2a: Whimsicott\n|-sidestart|p2: shin-tv07|move: Tailwind\n|move|p1b: Whimsicott|Tailwind|p1b: Whimsicott\n|-sidestart|p1: wuachaxl|move: Tailwind\n|move|p2b: Palafin|Flip Turn|p1a: Sneasler\n|-damage|p1a: Sneasler|62/100\n|\n|t:|1776142556\n|detailschange|p2b: Palafin|Palafin-Hero, L50, F\n|switch|p2b: Froslass|Froslass, L50, F|100/100|[from] Flip Turn\n|move|p1a: Sneasler|Close Combat|p2b: Froslass\n|-immune|p2b: Froslass\n|\n|upkeep\n|turn|3\n|\n|t:|1776142579\n|detailschange|p2b: Froslass|Froslass-Mega, L50, F\n|-mega|p2b: Froslass|Froslass|Froslassite\n|-weather|Snowscape|[from] ability: Snow Warning|[of] p2b: Froslass\n|move|p1b: Whimsicott|Light Screen|p1b: Whimsicott\n|-sidestart|p1: wuachaxl|move: Light Screen\n|move|p2b: Froslass|Aurora Veil|p2b: Froslass\n|-sidestart|p2: shin-tv07|move: Aurora Veil\n|move|p1a: Sneasler|Dire Claw|p2a: Whimsicott\n|-supereffective|p2a: Whimsicott|2\n|-enditem|p2a: Whimsicott|Focus Sash\n|-damage|p2a: Whimsicott|1/100\n|-status|p2a: Whimsicott|slp\n|cant|p2a: Whimsicott|slp\n|\n|-weather|Snowscape|[upkeep]\n|upkeep\n|turn|4\n|\n|t:|1776142598\n|move|p2b: Froslass|Blizzard|p1a: Sneasler|[spread] p1a,p1b\n|-supereffective|p1b: Whimsicott|1\n|-damage|p1a: Sneasler|25/100\n|-damage|p1b: Whimsicott|16/100\n|move|p1a: Sneasler|Dire Claw|p2b: Froslass\n|-resisted|p2b: Froslass|1\n|-damage|p2b: Froslass|87/100\n|move|p1b: Whimsicott|Moonblast|p2b: Froslass\n|-damage|p2b: Froslass|64/100\n|cant|p2a: Whimsicott|slp\n|\n|-weather|Snowscape|[upkeep]\n|upkeep\n|turn|5\n|\n|t:|1776142613\n|switch|p2a: Tauros|Tauros-Paldea-Aqua, L50, M|100/100\n|move|p1a: Sneasler|Dire Claw|p2a: Tauros\n|-damage|p2a: Tauros|70/100\n|move|p2b: Froslass|Blizzard|p1a: Sneasler|[spread] p1a,p1b\n|-supereffective|p1b: Whimsicott|1\n|-crit|p1b: Whimsicott\n|-damage|p1a: Sneasler|0 fnt\n|-damage|p1b: Whimsicott|0 fnt\n|faint|p1a: Sneasler\n|faint|p1b: Whimsicott\n|\n|-weather|Snowscape|[upkeep]\n|-sideend|p1: wuachaxl|move: Tailwind\n|-sideend|p2: shin-tv07|move: Tailwind\n|upkeep\n|\n|t:|1776142617\n|switch|p1a: Charizard|Charizard, L50, M|100/100\n|switch|p1b: Garchomp|Garchomp, L50, M|100/100\n|turn|6\n|\n|t:|1776142626\n|detailschange|p1a: Charizard|Charizard-Mega-Y, L50, M\n|-mega|p1a: Charizard|Charizard|Charizardite Y\n|-weather|SunnyDay|[from] ability: Drought|[of] p1a: Charizard\n|move|p1b: Garchomp|Earthquake|p2b: Froslass|[spread] p2a,p2b\n|-immune|p1a: Charizard\n|-damage|p2a: Tauros|38/100\n|-damage|p2b: Froslass|18/100\n|-enditem|p2a: Tauros|Sitrus Berry|[eat]\n|-heal|p2a: Tauros|62/100|[from] item: Sitrus Berry\n|move|p2b: Froslass|Frost Breath|p2a: Tauros\n|-resisted|p2a: Tauros|1\n|-crit|p2a: Tauros\n|-damage|p2a: Tauros|36/100\n|-setboost|p2a: Tauros|atk|6|[from] ability: Anger Point\n|move|p2a: Tauros|Rock Slide|p1b: Garchomp|[spread] p1a,p1b\n|-supereffective|p1a: Charizard|2\n|-resisted|p1b: Garchomp|1\n|-damage|p1a: Charizard|0 fnt\n|-damage|p1b: Garchomp|72/100\n|faint|p1a: Charizard\n|\n|-weather|SunnyDay|[upkeep]\n|upkeep\n|turn|7\n|l|\u2606wuachaxl\n|inactive|wuachaxl disconnected and has a minute to reconnect!\n|player|p1|\n|inactive|wuachaxl has 30 seconds left.\n|inactive|shin-tv07 has 30 seconds left.\n|c|\u2606shin-tv07|shocked?\n|c|\u2606shin-tv07|yeah\n|c|\u2606shin-tv07|i would be too\n|inactive|wuachaxl has 20 seconds left.\n|inactive|shin-tv07 has 20 seconds left.\n|inactive|wuachaxl has 15 seconds left.\n|inactive|wuachaxl has 10 seconds left.\n|inactive|wuachaxl has 5 seconds left.\n|inactive|shin-tv07 has 15 seconds left.\n|-message|wuachaxl lost due to inactivity.\n|\n|win|shin-tv07\n|raw|wuachaxl's rating: 1114 &rarr; <strong>1090</strong><br />(-24 for losing)\n|raw|shin-tv07's rating: 1123 &rarr; <strong>1147</strong><br />(+24 for winning)\n",
  "uploadtime": 1776142685,
  "views": 13,
  "formatid": "gen9championsvgc2026regma",
  "rating": 1090,
  "private": 0,
  "password": null
}