{
  "id": "gen9championsvgc2026regma-2580369194",
  "format": "[Gen 9 Champions] VGC 2026 Reg M-A",
  "players": [
    "BananaRamen",
    "eargasm"
  ],
  "log": "|j|\u2606BananaRamen\n|j|\u2606eargasm\n|t:|1775886339\n|gametype|doubles\n|player|p1|BananaRamen|mira|1062\n|player|p2|eargasm|2|1000\n|gen|9\n|tier|[Gen 9 Champions] VGC 2026 Reg M-A\n|rated|\n|rule|Species Clause: Limit one of each Pok\u00e9mon\n|rule|Item Clause: Limit 1 of each item\n|clearpoke\n|poke|p1|Kangaskhan, L50, F|\n|poke|p1|Hawlucha, L50, M|\n|poke|p1|Incineroar, L50, M|\n|poke|p1|Sinistcha, L50|\n|poke|p1|Gengar, L50, M|\n|poke|p1|Primarina, L50, F|\n|poke|p2|Pelipper, L50, F|\n|poke|p2|Palafin, L50, M|\n|poke|p2|Whimsicott, L50, M|\n|poke|p2|Incineroar, L50, M|\n|poke|p2|Archaludon, L50, M|\n|poke|p2|Sinistcha, L50|\n|teampreview|4\n|\n|t:|1775886407\n|teamsize|p1|4\n|teamsize|p2|4\n|start\n|switch|p1a: Gengar|Gengar, L50, M|100/100\n|switch|p1b: Primarina|Primarina, L50, F|100/100\n|switch|p2a: Pelipper|Pelipper, L50, F|100/100\n|switch|p2b: Palafin|Palafin, L50, M|100/100\n|-weather|RainDance|[from] ability: Drizzle|[of] p2a: Pelipper\n|turn|1\n|\n|t:|1775886431\n|detailschange|p1a: Gengar|Gengar-Mega, L50, M\n|-mega|p1a: Gengar|Gengar|Gengarite\n|move|p1a: Gengar|Protect|p1a: Gengar\n|-singleturn|p1a: Gengar|Protect\n|move|p2b: Palafin|Flip Turn|p1a: Gengar\n|-activate|p1a: Gengar|move: Protect\n|move|p1b: Primarina|Perish Song|p1b: Primarina\n|-start|p1a: Gengar|perish3|[silent]\n|-start|p1b: Primarina|perish3|[silent]\n|-start|p2a: Pelipper|perish3|[silent]\n|-start|p2b: Palafin|perish3|[silent]\n|-fieldactivate|move: Perish Song\n|move|p2a: Pelipper|U-turn|p1b: Primarina\n|-resisted|p1b: Primarina|1\n|-damage|p1b: Primarina|96/100\n|\n|t:|1775886444\n|switch|p2a: Incineroar|Incineroar, L50, M|100/100|[from] U-turn\n|-ability|p2a: Incineroar|Intimidate|boost\n|-unboost|p1a: Gengar|atk|1\n|-unboost|p1b: Primarina|atk|1\n|\n|-weather|RainDance|[upkeep]\n|-heal|p1b: Primarina|100/100|[from] item: Leftovers\n|-start|p1a: Gengar|perish3\n|-start|p2b: Palafin|perish3\n|-start|p1b: Primarina|perish3\n|upkeep\n|turn|2\n|\n|t:|1775886468\n|move|p2a: Incineroar|Fake Out|p1b: Primarina\n|-damage|p1b: Primarina|87/100\n|move|p1a: Gengar|Sludge Bomb|p2b: Palafin\n|-damage|p2b: Palafin|12/100\n|move|p2b: Palafin|Flip Turn|p1a: Gengar\n|-damage|p1a: Gengar|48/100\n|\n|t:|1775886477\n|detailschange|p2b: Palafin|Palafin-Hero, L50, M\n|switch|p2b: Archaludon|Archaludon, L50, M|100/100|[from] Flip Turn\n|cant|p1b: Primarina|flinch\n|\n|-weather|RainDance|[upkeep]\n|-heal|p1b: Primarina|93/100|[from] item: Leftovers\n|-start|p1a: Gengar|perish2\n|-start|p1b: Primarina|perish2\n|upkeep\n|turn|3\n|\n|t:|1775886536\n|switch|p1a: Hawlucha|Hawlucha, L50, M|100/100\n|-ability|p1a: Hawlucha|Mold Breaker\n|switch|p1b: Sinistcha|Sinistcha, L50|100/100\n|move|p2b: Archaludon|Electro Shot||[still]\n|-prepare|p2b: Archaludon|Electro Shot\n|-boost|p2b: Archaludon|spa|1\n|-anim|p2b: Archaludon|Electro Shot|p1b: Sinistcha\n|-resisted|p1b: Sinistcha|1\n|-damage|p1b: Sinistcha|68/100\n|move|p2a: Incineroar|Parting Shot|p1a: Hawlucha\n|-unboost|p1a: Hawlucha|atk|1\n|-unboost|p1a: Hawlucha|spa|1\n|\n|t:|1775886553\n|switch|p2a: Palafin|Palafin-Hero, L50, M|12/100|[from] Parting Shot\n|-activate|p2a: Palafin|ability: Zero to Hero\n|\n|-weather|RainDance|[upkeep]\n|-heal|p2a: Palafin|18/100|[from] item: Leftovers\n|upkeep\n|turn|4\n|\n|t:|1775886576\n|move|p2a: Palafin|Aqua Jet|p1b: Sinistcha\n|-resisted|p1b: Sinistcha|1\n|-damage|p1b: Sinistcha|54/100\n|move|p1a: Hawlucha|Close Combat|p2b: Archaludon\n|-supereffective|p2b: Archaludon|1\n|-damage|p2b: Archaludon|47/100\n|-unboost|p1a: Hawlucha|def|1\n|-unboost|p1a: Hawlucha|spd|1\n|-ability|p2b: Archaludon|Stamina|boost\n|-boost|p2b: Archaludon|def|1\n|move|p2b: Archaludon|Electro Shot||[still]\n|-prepare|p2b: Archaludon|Electro Shot\n|-boost|p2b: Archaludon|spa|1\n|-anim|p2b: Archaludon|Electro Shot|p1a: Hawlucha\n|-supereffective|p1a: Hawlucha|1\n|-enditem|p1a: Hawlucha|Focus Sash\n|-damage|p1a: Hawlucha|1/100\n|move|p1b: Sinistcha|Matcha Gotcha|p2b: Archaludon|[spread] p2a,p2b\n|-supereffective|p2a: Palafin|1\n|-resisted|p2b: Archaludon|2\n|-damage|p2a: Palafin|0 fnt\n|-heal|p1b: Sinistcha|63/100|[from] drain|[of] p2a: Palafin\n|-damage|p2b: Archaludon|37/100\n|-heal|p1b: Sinistcha|67/100|[from] drain|[of] p2b: Archaludon\n|-ability|p2b: Archaludon|Stamina|boost\n|-boost|p2b: Archaludon|def|1\n|faint|p2a: Palafin\n|\n|-weather|RainDance|[upkeep]\n|upkeep\n|\n|t:|1775886606\n|switch|p2a: Incineroar|Incineroar, L50, M|100/100\n|-ability|p2a: Incineroar|Intimidate|boost\n|-unboost|p1a: Hawlucha|atk|1\n|-unboost|p1b: Sinistcha|atk|1\n|turn|5\n|\n|t:|1775886627\n|move|p1a: Hawlucha|Detect|p1a: Hawlucha\n|-singleturn|p1a: Hawlucha|Protect\n|move|p2b: Archaludon|Protect|p2b: Archaludon\n|-singleturn|p2b: Archaludon|Protect\n|move|p2a: Incineroar|Fake Out|p1a: Hawlucha\n|-activate|p1a: Hawlucha|move: Protect\n|move|p1b: Sinistcha|Life Dew|p1b: Sinistcha|[spread] p1a,p1b\n|-heal|p1a: Hawlucha|26/100\n|-heal|p1b: Sinistcha|93/100\n|\n|-weather|none\n|upkeep\n|turn|6\n|\n|t:|1775886661\n|move|p1b: Sinistcha|Rage Powder|p1b: Sinistcha\n|-singleturn|p1b: Sinistcha|move: Rage Powder\n|move|p1a: Hawlucha|Close Combat|p2b: Archaludon\n|-supereffective|p2b: Archaludon|1\n|-damage|p2b: Archaludon|14/100\n|-unboost|p1a: Hawlucha|def|1\n|-unboost|p1a: Hawlucha|spd|1\n|-ability|p2b: Archaludon|Stamina|boost\n|-boost|p2b: Archaludon|def|1\n|move|p2b: Archaludon|Flash Cannon|p1b: Sinistcha\n|-damage|p1b: Sinistcha|15/100\n|-enditem|p1b: Sinistcha|Sitrus Berry|[eat]\n|-heal|p1b: Sinistcha|39/100|[from] item: Sitrus Berry\n|move|p2a: Incineroar|Flare Blitz|p1b: Sinistcha\n|-supereffective|p1b: Sinistcha|1\n|-damage|p1b: Sinistcha|0 fnt\n|faint|p1b: Sinistcha\n|-damage|p2a: Incineroar|89/100|[from] Recoil\n|\n|upkeep\n|\n|t:|1775886680\n|switch|p1b: Gengar|Gengar-Mega, L50, M|48/100\n|turn|7\n|\n|t:|1775886724\n|switch|p1b: Primarina|Primarina, L50, F|93/100\n|move|p2b: Archaludon|Protect|p2b: Archaludon\n|-singleturn|p2b: Archaludon|Protect\n|move|p1a: Hawlucha|Close Combat|p2b: Archaludon\n|-activate|p2b: Archaludon|move: Protect\n|move|p2a: Incineroar|Darkest Lariat|p1b: Primarina\n|-resisted|p1b: Primarina|1\n|-damage|p1b: Primarina|72/100\n|\n|-heal|p1b: Primarina|78/100|[from] item: Leftovers\n|upkeep\n|turn|8\n|\n|t:|1775886768\n|move|p1a: Hawlucha|Close Combat|p2b: Archaludon\n|-supereffective|p2b: Archaludon|1\n|-damage|p2b: Archaludon|0 fnt\n|-unboost|p1a: Hawlucha|def|1\n|-unboost|p1a: Hawlucha|spd|1\n|faint|p2b: Archaludon\n|move|p2a: Incineroar|Parting Shot|p1b: Primarina\n|-unboost|p1b: Primarina|atk|1\n|-unboost|p1b: Primarina|spa|1\n|\n|t:|1775886776\n|switch|p2a: Pelipper|Pelipper, L50, F|100/100|[from] Parting Shot\n|-weather|RainDance|[from] ability: Drizzle|[of] p2a: Pelipper\n|move|p1b: Primarina|Hyper Voice|p2a: Pelipper\n|-resisted|p2a: Pelipper|1\n|-damage|p2a: Pelipper|66/100\n|\n|-weather|RainDance|[upkeep]\n|-heal|p1b: Primarina|84/100|[from] item: Leftovers\n|upkeep\n|\n|t:|1775886787\n|switch|p2b: Incineroar|Incineroar, L50, M|89/100\n|-ability|p2b: Incineroar|Intimidate|boost\n|-unboost|p1a: Hawlucha|atk|1\n|-unboost|p1b: Primarina|atk|1\n|turn|9\n|\n|t:|1775886814\n|switch|p1b: Gengar|Gengar-Mega, L50, M|48/100\n|move|p1a: Hawlucha|Detect|p1a: Hawlucha\n|-singleturn|p1a: Hawlucha|Protect\n|move|p2b: Incineroar|Fake Out|p1b: Gengar\n|-immune|p1b: Gengar\n|move|p2a: Pelipper|Acrobatics|p1a: Hawlucha\n|-activate|p1a: Hawlucha|move: Protect\n|\n|-weather|RainDance|[upkeep]\n|upkeep\n|turn|10\n|\n|t:|1775886842\n|move|p1b: Gengar|Sludge Bomb|p2a: Pelipper\n|-damage|p2a: Pelipper|0 fnt\n|faint|p2a: Pelipper\n|move|p1a: Hawlucha|Close Combat|p2b: Incineroar\n|-supereffective|p2b: Incineroar|1\n|-damage|p2b: Incineroar|50/100\n|-unboost|p1a: Hawlucha|def|1\n|-unboost|p1a: Hawlucha|spd|1\n|-enditem|p2b: Incineroar|Sitrus Berry|[eat]\n|-heal|p2b: Incineroar|75/100|[from] item: Sitrus Berry\n|move|p2b: Incineroar|Darkest Lariat|p1b: Gengar\n|-supereffective|p1b: Gengar|1\n|-damage|p1b: Gengar|0 fnt\n|faint|p1b: Gengar\n|\n|-weather|RainDance|[upkeep]\n|upkeep\n|\n|t:|1775886858\n|switch|p1b: Primarina|Primarina, L50, F|84/100\n|turn|11\n|\n|t:|1775886880\n|move|p1a: Hawlucha|Close Combat|p2b: Incineroar\n|-supereffective|p2b: Incineroar|1\n|-damage|p2b: Incineroar|34/100\n|-unboost|p1a: Hawlucha|def|1\n|-unboost|p1a: Hawlucha|spd|1\n|move|p2b: Incineroar|Darkest Lariat|p1a: Hawlucha\n|-resisted|p1a: Hawlucha|1\n|-crit|p1a: Hawlucha\n|-damage|p1a: Hawlucha|0 fnt\n|faint|p1a: Hawlucha\n|move|p1b: Primarina|Hyper Voice|p2b: Incineroar\n|-supereffective|p2b: Incineroar|1\n|-damage|p2b: Incineroar|0 fnt\n|faint|p2b: Incineroar\n|\n|win|BananaRamen\n|raw|BananaRamen's rating: 1062 &rarr; <strong>1087</strong><br />(+25 for winning)\n|raw|eargasm's rating: 1000 &rarr; <strong>1000</strong><br />(+0 for losing)\n",
  "uploadtime": 1775886894,
  "views": 24,
  "formatid": "gen9championsvgc2026regma",
  "rating": 1000,
  "private": 0,
  "password": null
}