{
  "id": "gen9championsvgc2026regma-2581537948",
  "format": "[Gen 9 Champions] VGC 2026 Reg M-A",
  "players": [
    "Goukxd2020",
    "bingus revolution"
  ],
  "log": "|j|\u2606Goukxd2020\n|j|\u2606bingus revolution\n|t:|1776009205\n|gametype|doubles\n|player|p1|Goukxd2020|lyra|1047\n|player|p2|bingus revolution|guitarist|1088\n|gen|9\n|tier|[Gen 9 Champions] VGC 2026 Reg M-A\n|rated|\n|rule|Species Clause: Limit one of each Pok\u00e9mon\n|rule|Item Clause: Limit 1 of each item\n|clearpoke\n|poke|p1|Gallade, L50, M|\n|poke|p1|Armarouge, L50, M|\n|poke|p1|Hatterene, L50, F|\n|poke|p1|Archaludon, L50, M|\n|poke|p1|Tyranitar, L50, M|\n|poke|p1|Mimikyu, L50, F|\n|poke|p2|Incineroar, L50, M|\n|poke|p2|Aggron, L50, F|\n|poke|p2|Maushold, L50|\n|poke|p2|Clefable, L50, F|\n|poke|p2|Tyranitar, L50, M|\n|poke|p2|Starmie, L50|\n|teampreview|4\n|inactive|Battle timer is ON: inactive players will automatically lose when time's up. (requested by bingus revolution)\n|\n|t:|1776009237\n|teamsize|p1|4\n|teamsize|p2|4\n|start\n|switch|p1a: Armarouge|Armarouge, L50, M|100/100\n|switch|p1b: Hatterene|Hatterene, L50, F|100/100\n|switch|p2a: Il Protagonista|Incineroar, L50, M|100/100\n|switch|p2b: O' Romano Medio|Tyranitar, L50, M|100/100\n|-weather|Sandstorm|[from] ability: Sand Stream|[of] p2b: O' Romano Medio\n|-ability|p2a: Il Protagonista|Intimidate|boost\n|-unboost|p1a: Armarouge|atk|1\n|-unboost|p1b: Hatterene|atk|1\n|turn|1\n|\n|t:|1776009258\n|move|p2a: Il Protagonista|Fake Out|p1b: Hatterene\n|-damage|p1b: Hatterene|90/100\n|move|p2b: O' Romano Medio|Knock Off|p1b: Hatterene\n|-damage|p1b: Hatterene|40/100\n|-enditem|p1b: Hatterene|Choice Scarf|[from] move: Knock Off|[of] p2b: O' Romano Medio\n|cant|p1b: Hatterene|flinch\n|move|p1a: Armarouge|Trick Room|p1a: Armarouge\n|-fieldstart|move: Trick Room|[of] p1a: Armarouge\n|\n|-weather|Sandstorm|[upkeep]\n|-damage|p1b: Hatterene|34/100|[from] Sandstorm\n|-damage|p2a: Il Protagonista|95/100|[from] Sandstorm\n|-damage|p1a: Armarouge|94/100|[from] Sandstorm\n|upkeep\n|turn|2\n|\n|t:|1776009279\n|move|p1b: Hatterene|Dazzling Gleam|p2a: Il Protagonista|[spread] p2a,p2b\n|-supereffective|p2b: O' Romano Medio|1\n|-damage|p2a: Il Protagonista|69/100\n|-damage|p2b: O' Romano Medio|66/100\n|move|p2a: Il Protagonista|Throat Chop|p1a: Armarouge\n|-supereffective|p1a: Armarouge|1\n|-damage|p1a: Armarouge|24/100\n|-start|p1a: Armarouge|Throat Chop|[silent]\n|move|p2b: O' Romano Medio|Knock Off|p1b: Hatterene\n|-damage|p1b: Hatterene|2/100\n|move|p1a: Armarouge|Energy Ball|p2b: O' Romano Medio\n|-supereffective|p2b: O' Romano Medio|1\n|-damage|p2b: O' Romano Medio|26/100\n|-enditem|p2b: O' Romano Medio|Sitrus Berry|[eat]\n|-heal|p2b: O' Romano Medio|51/100|[from] item: Sitrus Berry\n|\n|-weather|Sandstorm|[upkeep]\n|-damage|p1b: Hatterene|0 fnt|[from] Sandstorm\n|-damage|p2a: Il Protagonista|63/100|[from] Sandstorm\n|-damage|p1a: Armarouge|18/100|[from] Sandstorm\n|faint|p1b: Hatterene\n|upkeep\n|inactive|Goukxd2020 has 30 seconds left.\n|\n|t:|1776009305\n|switch|p1b: Gallade|Gallade, L50, M|100/100\n|turn|3\n|\n|t:|1776009315\n|move|p2b: O' Romano Medio|Protect|p2b: O' Romano Medio\n|-singleturn|p2b: O' Romano Medio|Protect\n|move|p2a: Il Protagonista|Parting Shot|p1b: Gallade\n|-unboost|p1b: Gallade|atk|1\n|-unboost|p1b: Gallade|spa|1\n|\n|t:|1776009322\n|switch|p2a: Er Labubu XL|Clefable, L50, F|100/100|[from] Parting Shot\n|move|p1a: Armarouge|Energy Ball|p2b: O' Romano Medio\n|-activate|p2b: O' Romano Medio|move: Protect\n|move|p1b: Gallade|Sacred Sword|p2a: Er Labubu XL\n|-resisted|p2a: Er Labubu XL|1\n|-damage|p2a: Er Labubu XL|60/100\n|\n|-weather|Sandstorm|[upkeep]\n|-damage|p2a: Er Labubu XL|54/100|[from] Sandstorm\n|-damage|p1a: Armarouge|12/100|[from] Sandstorm\n|-damage|p1b: Gallade|95/100|[from] Sandstorm\n|-end|p1a: Armarouge|Throat Chop|[silent]\n|upkeep\n|turn|4\n|inactive|bingus revolution has 30 seconds left.\n|\n|t:|1776009353\n|move|p2a: Er Labubu XL|Heal Pulse|p2b: O' Romano Medio\n|-heal|p2b: O' Romano Medio|100/100\n|move|p2b: O' Romano Medio|Knock Off|p1a: Armarouge\n|-supereffective|p1a: Armarouge|1\n|-damage|p1a: Armarouge|0 fnt\n|-enditem|p1a: Armarouge|Focus Sash|[from] move: Knock Off|[of] p2b: O' Romano Medio\n|faint|p1a: Armarouge\n|move|p1b: Gallade|Sacred Sword|p2b: O' Romano Medio\n|-supereffective|p2b: O' Romano Medio|2\n|-damage|p2b: O' Romano Medio|0 fnt\n|faint|p2b: O' Romano Medio\n|\n|-weather|Sandstorm|[upkeep]\n|-damage|p2a: Er Labubu XL|48/100|[from] Sandstorm\n|-damage|p1b: Gallade|89/100|[from] Sandstorm\n|upkeep\n|\n|t:|1776009369\n|switch|p2b: Il Protagonista|Incineroar, L50, M|63/100\n|switch|p1a: Tyranitar|Tyranitar, L50, M|100/100\n|-ability|p2b: Il Protagonista|Intimidate|boost\n|-unboost|p1a: Tyranitar|atk|1\n|-unboost|p1b: Gallade|atk|1\n|turn|5\n|\n|t:|1776009384\n|detailschange|p1a: Tyranitar|Tyranitar-Mega, L50, M\n|-mega|p1a: Tyranitar|Tyranitar|Tyranitarite\n|move|p2a: Er Labubu XL|Follow Me|p2a: Er Labubu XL\n|-singleturn|p2a: Er Labubu XL|move: Follow Me\n|move|p2b: Il Protagonista|Throat Chop|p1b: Gallade\n|-damage|p1b: Gallade|34/100\n|-start|p1b: Gallade|Throat Chop|[silent]\n|move|p1b: Gallade|Sacred Sword|p2a: Er Labubu XL\n|-resisted|p2a: Er Labubu XL|1\n|-damage|p2a: Er Labubu XL|4/100\n|move|p1a: Tyranitar|Rock Slide|p2b: Il Protagonista|[spread] p2a\n|-miss|p1a: Tyranitar|p2b: Il Protagonista\n|-damage|p2a: Er Labubu XL|0 fnt\n|faint|p2a: Er Labubu XL\n|\n|-weather|none\n|-fieldend|move: Trick Room\n|upkeep\n|\n|t:|1776009398\n|switch|p2a: O' Tokusatsu|Starmie, L50|100/100\n|turn|6\n|c|\u2606Goukxd2020|tokusatsu\n|c|\u2606Goukxd2020|Redman\n|c|\u2606Goukxd2020|Kikaider\n|c|\u2606Goukxd2020|Kamen Rider\n|c|\u2606Goukxd2020|Ninja captor\n|inactive|Goukxd2020 has 30 seconds left.\n|c|\u2606Goukxd2020|Mirrorman\n|c|\u2606bingus revolution|kamen rider mention\n|inactive|Goukxd2020 has 20 seconds left.\n|c|\u2606Goukxd2020|Ultraseven\n|inactive|Goukxd2020 has 15 seconds left.\n|\n|t:|1776009441\n|detailschange|p2a: O' Tokusatsu|Starmie-Mega, L50\n|-mega|p2a: O' Tokusatsu|Starmie|Starminite\n|move|p2a: O' Tokusatsu|Liquidation|p1a: Tyranitar\n|-supereffective|p1a: Tyranitar|1\n|-damage|p1a: Tyranitar|16/100\n|move|p1a: Tyranitar|Knock Off|p2a: O' Tokusatsu\n|-supereffective|p2a: O' Tokusatsu|1\n|-damage|p2a: O' Tokusatsu|33/100\n|move|p1b: Gallade|Sacred Sword|p2b: Il Protagonista\n|-supereffective|p2b: Il Protagonista|1\n|-damage|p2b: Il Protagonista|5/100\n|move|p2b: Il Protagonista|Flare Blitz|p1b: Gallade\n|-damage|p1b: Gallade|0 fnt\n|faint|p1b: Gallade\n|-damage|p2b: Il Protagonista|0 fnt|[from] Recoil\n|faint|p2b: Il Protagonista\n|\n|upkeep\n|turn|7\n|\n|t:|1776009464\n|move|p2a: O' Tokusatsu|Aqua Jet|p1a: Tyranitar\n|-supereffective|p1a: Tyranitar|1\n|-damage|p1a: Tyranitar|0 fnt\n|faint|p1a: Tyranitar\n|\n|win|bingus revolution\n|raw|Goukxd2020's rating: 1047 &rarr; <strong>1032</strong><br />(-15 for losing)\n|raw|bingus revolution's rating: 1088 &rarr; <strong>1112</strong><br />(+24 for winning)\n|c|\u2606bingus revolution|ggs\n|c|\u2606Goukxd2020|gg\n|l|\u2606Goukxd2020\n|player|p1|\n",
  "uploadtime": 1776009487,
  "views": 23,
  "formatid": "gen9championsvgc2026regma",
  "rating": 1032,
  "private": 0,
  "password": null
}