{
  "id": "gen9championsvgc2026regma-2588320498",
  "format": "[Gen 9 Champions] VGC 2026 Reg M-A",
  "players": [
    "venusaurrr",
    "Jzvictini"
  ],
  "log": "|j|\u203dvenusaurrr\n|j|\u2606Jzvictini\n|t:|1776623849\n|gametype|doubles\n|player|p1|venusaurrr|boarder|1488\n|player|p2|Jzvictini|1|1428\n|gen|9\n|tier|[Gen 9 Champions] VGC 2026 Reg M-A\n|rated|\n|rule|Species Clause: Limit one of each Pok\u00e9mon\n|rule|Item Clause: Limit 1 of each item\n|clearpoke\n|poke|p1|Golurk, L50|\n|poke|p1|Farigiraf, L50, M|\n|poke|p1|Incineroar, L50, F|\n|poke|p1|Torkoal, L50, F|\n|poke|p1|Sneasler, L50, M|\n|poke|p1|Venusaur, L50, M|\n|poke|p2|Scovillain, L50, F|\n|poke|p2|Politoed, L50, F|\n|poke|p2|Kingambit, L50, M|\n|poke|p2|Azumarill, L50, M|\n|poke|p2|Sinistcha-Masterpiece, L50|\n|poke|p2|Floette-Eternal, L50, F|\n|teampreview|4\n|\n|t:|1776623919\n|teamsize|p1|4\n|teamsize|p2|4\n|start\n|switch|p1a: Sneasler|Sneasler, L50, M|100/100\n|switch|p1b: Farigiraf|Farigiraf, L50, M|100/100\n|switch|p2a: Floette|Floette-Eternal, L50, F|100/100\n|switch|p2b: Sinistcha|Sinistcha-Masterpiece, L50|100/100\n|turn|1\n|\n|t:|1776623959\n|detailschange|p2a: Floette|Floette-Mega, L50, F\n|-mega|p2a: Floette|Floette|Floettite\n|-ability|p2a: Floette|Fairy Aura\n|move|p2b: Sinistcha|Rage Powder|p2b: Sinistcha\n|-singleturn|p2b: Sinistcha|move: Rage Powder\n|move|p1a: Sneasler|Dire Claw|p2b: Sinistcha\n|-damage|p2b: Sinistcha|62/100\n|move|p2a: Floette|Calm Mind|p2a: Floette\n|-boost|p2a: Floette|spa|1\n|-boost|p2a: Floette|spd|1\n|move|p1b: Farigiraf|Psychic|p2b: Sinistcha\n|-damage|p2b: Sinistcha|31/100\n|-unboost|p2b: Sinistcha|spd|1\n|\n|upkeep\n|turn|2\n|\n|t:|1776623990\n|move|p2b: Sinistcha|Rage Powder|p2b: Sinistcha\n|-singleturn|p2b: Sinistcha|move: Rage Powder\n|move|p1a: Sneasler|Dire Claw|p2b: Sinistcha\n|-damage|p2b: Sinistcha|0 fnt\n|faint|p2b: Sinistcha\n|move|p2a: Floette|Dazzling Gleam|p1a: Sneasler|[spread] p1a,p1b\n|-damage|p1a: Sneasler|0 fnt\n|-damage|p1b: Farigiraf|27/100\n|-enditem|p1b: Farigiraf|Sitrus Berry|[eat]\n|-heal|p1b: Farigiraf|52/100|[from] item: Sitrus Berry\n|faint|p1a: Sneasler\n|move|p1b: Farigiraf|Psychic|p2a: Floette\n|-damage|p2a: Floette|84/100\n|\n|upkeep\n|\n|t:|1776624005\n|switch|p1a: Venusaur|Venusaur, L50, M|100/100\n|switch|p2b: Azumarill|Azumarill, L50, M|100/100\n|turn|3\n|inactive|Battle timer is ON: inactive players will automatically lose when time's up. (requested by Jzvictini)\n|\n|t:|1776624059\n|move|p1b: Farigiraf|Helping Hand|p1a: Venusaur\n|-singleturn|p1a: Venusaur|Helping Hand|[of] p1b: Farigiraf\n|move|p1a: Venusaur|Sludge Bomb|p2a: Floette\n|-supereffective|p2a: Floette|1\n|-damage|p2a: Floette|21/100\n|move|p2a: Floette|Dazzling Gleam|p1a: Venusaur|[spread] p1a,p1b\n|-resisted|p1a: Venusaur|1\n|-damage|p1a: Venusaur|55/100\n|-damage|p1b: Farigiraf|0 fnt\n|faint|p1b: Farigiraf\n|move|p2b: Azumarill|Belly Drum|p2b: Azumarill\n|-damage|p2b: Azumarill|50/100\n|-setboost|p2b: Azumarill|atk|6|[from] move: Belly Drum\n|-enditem|p2b: Azumarill|Sitrus Berry|[eat]\n|-heal|p2b: Azumarill|75/100|[from] item: Sitrus Berry\n|\n|upkeep\n|\n|t:|1776624074\n|switch|p1b: Golurk|Golurk, L50|100/100\n|turn|4\n|inactive|Jzvictini has 30 seconds left.\n|\n|t:|1776624099\n|move|p1b: Golurk|Protect|p1b: Golurk\n|-singleturn|p1b: Golurk|Protect\n|move|p2b: Azumarill|Aqua Jet|p1a: Venusaur\n|-resisted|p1a: Venusaur|1\n|-damage|p1a: Venusaur|0 fnt\n|faint|p1a: Venusaur\n|move|p2a: Floette|Moonblast|p1b: Golurk\n|-activate|p1b: Golurk|move: Protect\n|\n|upkeep\n|turn|5\n|-message|venusaurrr forfeited.\n|\n|win|Jzvictini\n|raw|venusaurrr's rating: 1488 &rarr; <strong>1465</strong><br />(-23 for losing)\n|raw|Jzvictini's rating: 1428 &rarr; <strong>1451</strong><br />(+23 for winning)\n|l|\u203dvenusaurrr\n|player|p1|\n|l|\u2606Jzvictini\n|player|p2|\n",
  "uploadtime": 1776624118,
  "views": 10,
  "formatid": "gen9championsvgc2026regma",
  "rating": 1451,
  "private": 0,
  "password": null
}