{
  "id": "gen9championsvgc2026regma-2582765141",
  "format": "[Gen 9 Champions] VGC 2026 Reg M-A",
  "players": [
    "wixlee",
    "WaluigiVGC"
  ],
  "log": "|j|\u2606wixlee\n|j|\u2606WaluigiVGC\n|t:|1776112525\n|gametype|doubles\n|player|p1|wixlee|shadowtriad|1232\n|player|p2|WaluigiVGC|102|1249\n|gen|9\n|tier|[Gen 9 Champions] VGC 2026 Reg M-A\n|rated|\n|rule|Species Clause: Limit one of each Pok\u00e9mon\n|rule|Item Clause: Limit 1 of each item\n|clearpoke\n|poke|p1|Kommo-o, L50, F|\n|poke|p1|Altaria, L50, F|\n|poke|p1|Incineroar, L50, F|\n|poke|p1|Blastoise, L50, M|\n|poke|p1|Gengar, L50, M|\n|poke|p1|Sableye, L50, M|\n|poke|p2|Archaludon, L50, F|\n|poke|p2|Pelipper, L50, M|\n|poke|p2|Sneasler, L50, F|\n|poke|p2|Incineroar, L50, M|\n|poke|p2|Basculegion, L50, M|\n|poke|p2|Gengar, L50, F|\n|teampreview|4\nwixlee rejected open team sheets.\n|inactive|Battle timer is ON: inactive players will automatically lose when time's up. (requested by wixlee)\n|\n|t:|1776112581\n|teamsize|p1|4\n|teamsize|p2|4\n|start\n|switch|p1a: Gengar|Gengar, L50, M|100/100\n|switch|p1b: Incineroar|Incineroar, L50, F|100/100\n|switch|p2a: Incineroar|Incineroar, L50, M|100/100\n|switch|p2b: Gengar|Gengar, L50, F|100/100\n|-ability|p1b: Incineroar|Intimidate|boost\n|-unboost|p2a: Incineroar|atk|1\n|-unboost|p2b: Gengar|atk|1\n|-ability|p2a: Incineroar|Intimidate|boost\n|-unboost|p1a: Gengar|atk|1\n|-unboost|p1b: Incineroar|atk|1\n|turn|1\n|inactive|wixlee has 30 seconds left.\n|inactive|WaluigiVGC has 30 seconds left.\n|inactive|WaluigiVGC has 20 seconds left.\n|inactive|WaluigiVGC has 15 seconds left.\n|inactive|WaluigiVGC has 10 seconds left.\n|\n|t:|1776112630\n|detailschange|p2b: Gengar|Gengar-Mega, L50, F\n|-mega|p2b: Gengar|Gengar|Gengarite\n|detailschange|p1a: Gengar|Gengar-Mega, L50, M\n|-mega|p1a: Gengar|Gengar|Gengarite\n|move|p1b: Incineroar|Fake Out|p2a: Incineroar\n|-damage|p2a: Incineroar|94/100\n|move|p2b: Gengar|Shadow Ball|p1a: Gengar\n|-supereffective|p1a: Gengar|1\n|-damage|p1a: Gengar|0 fnt\n|faint|p1a: Gengar\n|cant|p2a: Incineroar|flinch\n|\n|upkeep\n|\n|t:|1776112640\n|switch|p1a: Sableye|Sableye, L50, M|100/100\n|turn|2\n|\n|t:|1776112663\n|switch|p2a: Sneasler|Sneasler, L50, F|100/100\n|move|p2b: Gengar|Protect|p2b: Gengar\n|-singleturn|p2b: Gengar|Protect\n|move|p1a: Sableye|Encore|p2b: Gengar\n|-activate|p2b: Gengar|move: Protect\n|move|p1b: Incineroar|Darkest Lariat|p2b: Gengar\n|-activate|p2b: Gengar|move: Protect\n|\n|upkeep\n|turn|3\n|inactive|wixlee has 30 seconds left.\n|inactive|wixlee has 20 seconds left.\n|inactive|wixlee has 15 seconds left.\n|inactive|wixlee has 10 seconds left.\n|\n|t:|1776112712\n|switch|p2b: Incineroar|Incineroar, L50, M|94/100\n|-ability|p2b: Incineroar|Intimidate|boost\n|-unboost|p1a: Sableye|atk|1\n|-unboost|p1b: Incineroar|atk|1\n|move|p1b: Incineroar|Protect|p1b: Incineroar\n|-singleturn|p1b: Incineroar|Protect\n|move|p1a: Sableye|Encore|p2b: Incineroar\n|-hint|Since gen 7, Dark is immune to Prankster moves.\n|-immune|p2b: Incineroar\n|move|p2a: Sneasler|Close Combat|p1b: Incineroar\n|-activate|p1b: Incineroar|move: Protect\n|\n|upkeep\n|turn|4\n|inactive|wixlee has 30 seconds left.\n|\n|t:|1776112746\n|move|p2b: Incineroar|Fake Out|p1a: Sableye\n|-immune|p1a: Sableye\n|move|p1a: Sableye|Disable|p2a: Sneasler\n|-start|p2a: Sneasler|Disable|Close Combat\n|cant|p2a: Sneasler|Disable|Close Combat\n|move|p1b: Incineroar|Darkest Lariat|p2a: Sneasler\n|-resisted|p2a: Sneasler|1\n|-damage|p2a: Sneasler|88/100\n|\n|upkeep\n|turn|5\n|inactive|WaluigiVGC has 30 seconds left.\n|\n|t:|1776112772\n|switch|p1b: Altaria|Altaria, L50, F|100/100\n|-ability|p1b: Altaria|Cloud Nine\n|move|p1a: Sableye|Encore|p2b: Incineroar\n|-hint|Since gen 7, Dark is immune to Prankster moves.\n|-immune|p2b: Incineroar\n|move|p2a: Sneasler|Dire Claw|p1a: Sableye\n|-resisted|p1a: Sableye|1\n|-damage|p1a: Sableye|68/100\n|move|p2b: Incineroar|Parting Shot|p1b: Altaria\n|-unboost|p1b: Altaria|atk|1\n|-unboost|p1b: Altaria|spa|1\n|inactive|WaluigiVGC has 30 seconds left.\n|\n|t:|1776112798\n|switch|p2b: Basculegion|Basculegion, L50, M|100/100|[from] Parting Shot\n|\n|upkeep\n|turn|6\n|\n|t:|1776112816\n|move|p1a: Sableye|Protect|p1a: Sableye\n|-singleturn|p1a: Sableye|Protect\n|move|p1b: Altaria|Protect|p1b: Altaria\n|-singleturn|p1b: Altaria|Protect\n|move|p2b: Basculegion|Wave Crash|p1b: Altaria\n|-activate|p1b: Altaria|move: Protect\n|move|p2a: Sneasler|Dire Claw|p1a: Sableye\n|-activate|p1a: Sableye|move: Protect\n|\n|upkeep\n|turn|7\n|inactive|wixlee has 30 seconds left.\n|inactive|wixlee has 20 seconds left.\n|\n|t:|1776112855\n|switch|p2a: Gengar|Gengar-Mega, L50, F|100/100\n|move|p1a: Sableye|Disable||[still]\n|-fail|p1a: Sableye\n|move|p2b: Basculegion|Wave Crash|p1b: Altaria\n|-resisted|p1b: Altaria|1\n|-damage|p1b: Altaria|62/100\n|-damage|p2b: Basculegion|89/100|[from] Recoil\n|move|p1b: Altaria|Draco Meteor|p2b: Basculegion\n|-crit|p2b: Basculegion\n|-damage|p2b: Basculegion|33/100\n|-unboost|p1b: Altaria|spa|2\n|\n|upkeep\n|turn|8\n|inactive|wixlee has 30 seconds left.\n|inactive|WaluigiVGC has 30 seconds left.\n|inactive|wixlee has 20 seconds left.\n|\n|t:|1776112895\n|switch|p2b: Incineroar|Incineroar, L50, M|94/100\n|-ability|p2b: Incineroar|Intimidate|boost\n|-unboost|p1a: Sableye|atk|1\n|-unboost|p1b: Altaria|atk|1\n|move|p1a: Sableye|Disable|p2b: Incineroar\n|-hint|Since gen 7, Dark is immune to Prankster moves.\n|-immune|p2b: Incineroar\n|move|p2a: Gengar|Sludge Bomb|p1b: Altaria\n|-damage|p1b: Altaria|22/100\n|move|p1b: Altaria|Perish Song|p1b: Altaria\n|-start|p1a: Sableye|perish3|[silent]\n|-start|p1b: Altaria|perish3|[silent]\n|-start|p2a: Gengar|perish3|[silent]\n|-start|p2b: Incineroar|perish3|[silent]\n|-fieldactivate|move: Perish Song\n|\n|-start|p2a: Gengar|perish3\n|-start|p1b: Altaria|perish3\n|-start|p2b: Incineroar|perish3\n|-start|p1a: Sableye|perish3\n|upkeep\n|turn|9\n|\n|t:|1776112920\n|switch|p2a: Sneasler|Sneasler, L50, F|88/100\n|switch|p2b: Basculegion|Basculegion, L50, M|33/100\n|move|p1a: Sableye|Protect|p1a: Sableye\n|-singleturn|p1a: Sableye|Protect\n|move|p1b: Altaria|Protect||[still]\n|-fail|p1b: Altaria\n|\n|-start|p1b: Altaria|perish2\n|-start|p1a: Sableye|perish2\n|upkeep\n|turn|10\n|inactive|wixlee has 30 seconds left.\n|\n|t:|1776112955\n|switch|p1a: Incineroar|Incineroar, L50, F|100/100\n|-ability|p1a: Incineroar|Intimidate|boost\n|-unboost|p2a: Sneasler|atk|1\n|-unboost|p2b: Basculegion|atk|1\n|-enditem|p2a: Sneasler|White Herb\n|-clearnegativeboost|p2a: Sneasler|[silent]\n|move|p1b: Altaria|Protect|p1b: Altaria\n|-singleturn|p1b: Altaria|Protect\n|move|p2a: Sneasler|Close Combat|p1b: Altaria\n|-activate|p1b: Altaria|move: Protect\n|move|p2b: Basculegion|Last Respects|p1a: Incineroar\n|-resisted|p1a: Incineroar|1\n|-damage|p1a: Incineroar|91/100\n|\n|-start|p1b: Altaria|perish1\n|upkeep\n|turn|11\n|\n|t:|1776112976\n|switch|p2a: Gengar|Gengar-Mega, L50, F|100/100\n|switch|p2b: Incineroar|Incineroar, L50, M|94/100\n|-ability|p2b: Incineroar|Intimidate|boost\n|-unboost|p1a: Incineroar|atk|1\n|-unboost|p1b: Altaria|atk|1\n|switch|p1b: Sableye|Sableye, L50, M|68/100\n|move|p1a: Incineroar|Fake Out|p2a: Gengar\n|-immune|p2a: Gengar\n|\n|upkeep\n|turn|12\n|\n|t:|1776112996\n|move|p2b: Incineroar|Fake Out|p1a: Incineroar\n|-damage|p1a: Incineroar|81/100\n|move|p1b: Sableye|Fake Out|p2b: Incineroar\n|-damage|p2b: Incineroar|87/100\n|move|p2a: Gengar|Shadow Ball|p1b: Sableye\n|-damage|p1b: Sableye|16/100\n|cant|p1a: Incineroar|flinch\n|\n|upkeep\n|turn|13\n|\n|t:|1776113019\n|move|p1b: Sableye|Encore|p2b: Incineroar\n|-hint|Since gen 7, Dark is immune to Prankster moves.\n|-immune|p2b: Incineroar\n|move|p2a: Gengar|Sludge Bomb|p1b: Sableye\n|-resisted|p1b: Sableye|1\n|-damage|p1b: Sableye|0 fnt\n|faint|p1b: Sableye\n|move|p2b: Incineroar|Parting Shot|p1a: Incineroar\n|-unboost|p1a: Incineroar|atk|1\n|-unboost|p1a: Incineroar|spa|1\n|\n|t:|1776113030\n|switch|p2b: Sneasler|Sneasler, L50, F|88/100|[from] Parting Shot\n|move|p1a: Incineroar|Darkest Lariat|p2a: Gengar\n|-supereffective|p2a: Gengar|1\n|-damage|p2a: Gengar|46/100\n|\n|upkeep\n|-message|wixlee forfeited.\n|\n|win|WaluigiVGC\n|raw|wixlee's rating: 1232 &rarr; <strong>1208</strong><br />(-24 for losing)\n|raw|WaluigiVGC's rating: 1249 &rarr; <strong>1273</strong><br />(+24 for winning)\n|l|\u2606wixlee\n|player|p1|\n",
  "uploadtime": 1776113044,
  "views": 21,
  "formatid": "gen9championsvgc2026regma",
  "rating": 1208,
  "private": 0,
  "password": null
}