{
  "id": "gen9championsvgc2026regma-2587036228",
  "format": "[Gen 9 Champions] VGC 2026 Reg M-A",
  "players": [
    "benjagg2039",
    "Mistah Boombastic"
  ],
  "log": "|j|\u2606benjagg2039\n|j|\u2606Mistah Boombastic\n|t:|1776483728\n|gametype|doubles\n|player|p1|benjagg2039|n|1151\n|player|p2|Mistah Boombastic|winona|1058\n|gen|9\n|tier|[Gen 9 Champions] VGC 2026 Reg M-A\n|rated|\n|rule|Species Clause: Limit one of each Pok\u00e9mon\n|rule|Item Clause: Limit 1 of each item\n|clearpoke\n|poke|p1|Froslass, L50, F|\n|poke|p1|Sneasler, L50, M|\n|poke|p1|Rotom-Wash, L50|\n|poke|p1|Garchomp, L50, M|\n|poke|p1|Sinistcha, L50|\n|poke|p1|Kingambit, L50, M|\n|poke|p2|Ampharos, L50, F|\n|poke|p2|Camerupt, L50, M|\n|poke|p2|Hatterene, L50, F|\n|poke|p2|Rampardos, L50, M|\n|poke|p2|Chimecho, L50, M|\n|poke|p2|Sinistcha, L50|\n|teampreview|4\n|inactive|Battle timer is ON: inactive players will automatically lose when time's up. (requested by benjagg2039)\n|\n|t:|1776483757\n|teamsize|p1|4\n|teamsize|p2|4\n|start\n|switch|p1a: Sinistcha|Sinistcha, L50|100/100\n|switch|p1b: Kingambit|Kingambit, L50, M|100/100\n|switch|p2a: Ampharos|Ampharos, L50, F|100/100\n|switch|p2b: Chimecho|Chimecho, L50, M|100/100\n|turn|1\n|\n|t:|1776483780\n|move|p1a: Sinistcha|Rage Powder|p1a: Sinistcha\n|-singleturn|p1a: Sinistcha|move: Rage Powder\n|move|p2b: Chimecho|Taunt|p1a: Sinistcha\n|-start|p1a: Sinistcha|move: Taunt\n|move|p2a: Ampharos|Breaking Swipe|p1b: Kingambit|[spread] p1a,p1b\n|-resisted|p1b: Kingambit|1\n|-damage|p1a: Sinistcha|94/100\n|-damage|p1b: Kingambit|98/100\n|-unboost|p1a: Sinistcha|atk|1\n|-unboost|p1b: Kingambit|atk|1\n|-ability|p1b: Kingambit|Defiant|boost\n|-boost|p1b: Kingambit|atk|2\n|move|p1b: Kingambit|Kowtow Cleave|p2b: Chimecho\n|-supereffective|p2b: Chimecho|1\n|-damage|p2b: Chimecho|0 fnt\n|faint|p2b: Chimecho\n|\n|upkeep\n|\n|t:|1776483792\n|switch|p2b: Camerupt|Camerupt, L50, M|100/100\n|turn|2\n|\n|t:|1776483802\n|switch|p1a: Rotom|Rotom-Wash, L50|100/100\n|detailschange|p2b: Camerupt|Camerupt-Mega, L50, M\n|-mega|p2b: Camerupt|Camerupt|Cameruptite\n|move|p2a: Ampharos|Helping Hand|p2b: Camerupt\n|-singleturn|p2b: Camerupt|Helping Hand|[of] p2a: Ampharos\n|move|p1b: Kingambit|Protect|p1b: Kingambit\n|-singleturn|p1b: Kingambit|Protect\n|move|p2b: Camerupt|Heat Wave|p1a: Rotom|[spread] p1a\n|-activate|p1b: Kingambit|move: Protect\n|-resisted|p1a: Rotom|1\n|-damage|p1a: Rotom|51/100\n|\n|-heal|p1a: Rotom|57/100|[from] item: Leftovers\n|upkeep\n|turn|3\n|inactive|benjagg2039 has 30 seconds left.\n|inactive|benjagg2039 has 20 seconds left.\n|inactive|benjagg2039 has 15 seconds left.\n|inactive|Mistah Boombastic has 30 seconds left.\n|inactive|benjagg2039 has 10 seconds left.\n|inactive|benjagg2039 has 5 seconds left.\n|\n|t:|1776483852\n|move|p2b: Camerupt|Protect|p2b: Camerupt\n|-singleturn|p2b: Camerupt|Protect\n|move|p1a: Rotom|Hydro Pump|p2b: Camerupt\n|-activate|p2b: Camerupt|move: Protect\n|move|p2a: Ampharos|Dragon Cheer|p2b: Camerupt\n|-start|p2b: Camerupt|move: Dragon Cheer\n|move|p1b: Kingambit|Kowtow Cleave|p2b: Camerupt\n|-activate|p2b: Camerupt|move: Protect\n|\n|-heal|p1a: Rotom|63/100|[from] item: Leftovers\n|upkeep\n|turn|4\n|inactive|benjagg2039 has 30 seconds left.\n|inactive|Mistah Boombastic has 30 seconds left.\n|inactive|benjagg2039 has 20 seconds left.\n|inactive|benjagg2039 has 15 seconds left.\n|\n|t:|1776483895\n|move|p2a: Ampharos|Helping Hand|p2b: Camerupt\n|-singleturn|p2b: Camerupt|Helping Hand|[of] p2a: Ampharos\n|move|p1a: Rotom|Hydro Pump|p2b: Camerupt|[miss]\n|-miss|p1a: Rotom|p2b: Camerupt\n|move|p1b: Kingambit|Kowtow Cleave|p2b: Camerupt\n|-damage|p2b: Camerupt|29/100\n|move|p2b: Camerupt|Heat Wave|p1b: Kingambit|[spread] p1a,p1b\n|-resisted|p1a: Rotom|1\n|-crit|p1a: Rotom\n|-supereffective|p1b: Kingambit|1\n|-damage|p1a: Rotom|0 fnt\n|-damage|p1b: Kingambit|0 fnt\n|faint|p1a: Rotom\n|faint|p1b: Kingambit\n|\n|upkeep\n|l|\u2606benjagg2039\n|inactive|benjagg2039 disconnected and has a minute to reconnect!\n|player|p1|\n|j|\u2606benjagg2039\n|inactive|benjagg2039 reconnected and has 35 seconds left.\n|player|p1|benjagg2039|n|\n|\n|t:|1776483918\n|switch|p1a: Sinistcha|Sinistcha, L50|94/100\n|switch|p1b: Froslass|Froslass, L50, F|100/100\n|turn|5\n|\n|t:|1776483934\n|detailschange|p1b: Froslass|Froslass-Mega, L50, F\n|-mega|p1b: Froslass|Froslass|Froslassite\n|-weather|Snowscape|[from] ability: Snow Warning|[of] p1b: Froslass\n|move|p2b: Camerupt|Protect|p2b: Camerupt\n|-singleturn|p2b: Camerupt|Protect\n|move|p1b: Froslass|Blizzard|p2b: Camerupt|[spread] p2a\n|-activate|p2b: Camerupt|move: Protect\n|-crit|p2a: Ampharos\n|-damage|p2a: Ampharos|50/100\n|move|p1a: Sinistcha|Matcha Gotcha|p2a: Ampharos|[spread] p2a\n|-activate|p2b: Camerupt|move: Protect\n|-damage|p2a: Ampharos|25/100\n|-heal|p1a: Sinistcha|100/100|[from] drain|[of] p2a: Ampharos\n|-status|p2a: Ampharos|brn\n|move|p2a: Ampharos|Breaking Swipe|p1a: Sinistcha|[spread] p1a,p1b\n|-damage|p1a: Sinistcha|97/100\n|-damage|p1b: Froslass|97/100\n|-unboost|p1a: Sinistcha|atk|1\n|-unboost|p1b: Froslass|atk|1\n|\n|-weather|Snowscape|[upkeep]\n|-damage|p2a: Ampharos|19/100 brn|[from] brn\n|upkeep\n|turn|6\n|inactive|benjagg2039 has 30 seconds left.\n|\n|t:|1776483969\n|switch|p2a: Sinistcha|Sinistcha, L50|100/100\n|-heal|p2b: Camerupt|54/100|[from] ability: Hospitality|[of] p2a: Sinistcha\n|move|p1a: Sinistcha|Rage Powder|p1a: Sinistcha\n|-singleturn|p1a: Sinistcha|move: Rage Powder\n|move|p1b: Froslass|Blizzard|p2b: Camerupt|[spread] p2a,p2b\n|-supereffective|p2a: Sinistcha|1\n|-damage|p2a: Sinistcha|23/100\n|-damage|p2b: Camerupt|13/100\n|move|p2b: Camerupt|Heat Wave|p1b: Froslass|[spread] p1a,p1b\n|-supereffective|p1a: Sinistcha|1\n|-supereffective|p1b: Froslass|1\n|-damage|p1a: Sinistcha|0 fnt\n|-damage|p1b: Froslass|0 fnt\n|faint|p1a: Sinistcha\n|faint|p1b: Froslass\n|\n|win|Mistah Boombastic\n|raw|benjagg2039's rating: 1151 &rarr; <strong>1119</strong><br />(-32 for losing)\n|raw|Mistah Boombastic's rating: 1058 &rarr; <strong>1097</strong><br />(+39 for winning)\n|l|\u2606benjagg2039\n|player|p1|\n|l|\u2606Mistah Boombastic\n|player|p2|\n|j|\u2606Mistah Boombastic\n|player|p2|Mistah Boombastic|winona|\n",
  "uploadtime": 1776483982,
  "views": 23,
  "formatid": "gen9championsvgc2026regma",
  "rating": 1097,
  "private": 0,
  "password": null
}