{
  "id": "gen9championsvgc2026regma-2586755854",
  "format": "[Gen 9 Champions] VGC 2026 Reg M-A",
  "players": [
    "IndoMichael",
    "loop.wav"
  ],
  "log": "|j|\u2606IndoMichael\n|j|\u2606loop.wav\n|t:|1776457394\n|gametype|doubles\n|player|p1|IndoMichael|102|1019\n|player|p2|loop.wav|smasher|1000\n|gen|9\n|tier|[Gen 9 Champions] VGC 2026 Reg M-A\n|rated|\n|rule|Species Clause: Limit one of each Pok\u00e9mon\n|rule|Item Clause: Limit 1 of each item\n|clearpoke\n|poke|p1|Gallade, L50, M|\n|poke|p1|Maushold-Four, L50|\n|poke|p1|Aerodactyl, L50, M|\n|poke|p1|Arcanine, L50, M|\n|poke|p1|Meowscarada, L50, F|\n|poke|p1|Gengar, L50, F|\n|poke|p2|Meganium, L50, F|\n|poke|p2|Politoed, L50, F|\n|poke|p2|Talonflame, L50, M|\n|poke|p2|Archaludon, L50, M|\n|poke|p2|Basculegion, L50, M|\n|poke|p2|Maushold, L50|\n|teampreview|4\n|\n|t:|1776457416\n|teamsize|p1|4\n|teamsize|p2|4\n|start\n|switch|p1a: Aerodactyl|Aerodactyl, L50, M, shiny|100/100\n|switch|p1b: Maushold|Maushold-Four, L50, shiny|100/100\n|switch|p2a: Talonflame|Talonflame, L50, M|100/100\n|switch|p2b: Basculegion|Basculegion, L50, M|100/100\n|-ability|p1a: Aerodactyl|Unnerve\n|turn|1\n|\n|t:|1776457433\n|move|p2a: Talonflame|Quick Guard|p2a: Talonflame\n|-singleturn|p2a: Talonflame|Quick Guard\n|move|p2b: Basculegion|Wave Crash|p1a: Aerodactyl\n|-supereffective|p1a: Aerodactyl|1\n|-enditem|p1a: Aerodactyl|Focus Sash\n|-damage|p1a: Aerodactyl|1/100\n|-damage|p2b: Basculegion|74/100|[from] Recoil\n|move|p1a: Aerodactyl|Tailwind|p1a: Aerodactyl\n|-sidestart|p1: IndoMichael|move: Tailwind\n|move|p1b: Maushold|Taunt|p2a: Talonflame\n|-start|p2a: Talonflame|move: Taunt\n|\n|upkeep\n|turn|2\n|\n|t:|1776457461\n|switch|p1a: Meowscarada|Meowscarada, L50, F, shiny|100/100\n|switch|p2a: Meganium|Meganium, L50, F|100/100\n|move|p1b: Maushold|Beat Up|p2b: Basculegion\n|-supereffective|p2b: Basculegion|1\n|-damage|p2b: Basculegion|66/100\n|-supereffective|p2b: Basculegion|1\n|-damage|p2b: Basculegion|60/100\n|-supereffective|p2b: Basculegion|1\n|-damage|p2b: Basculegion|51/100\n|-supereffective|p2b: Basculegion|1\n|-damage|p2b: Basculegion|43/100\n|-hitcount|p2b: Basculegion|4\n|move|p2b: Basculegion|Wave Crash|p1b: Maushold\n|-damage|p1b: Maushold|0 fnt\n|faint|p1b: Maushold\n|-damage|p2b: Basculegion|12/100|[from] Recoil\n|\n|upkeep\n|\n|t:|1776457480\n|switch|p1b: Gallade|Gallade, L50, M, shiny|100/100\n|turn|3\n|\n|t:|1776457499\n|detailschange|p1b: Gallade|Gallade-Mega, L50, M, shiny\n|-mega|p1b: Gallade|Gallade|Galladite\n|detailschange|p2a: Meganium|Meganium-Mega, L50, F\n|-mega|p2a: Meganium|Meganium|Meganiumite\n|move|p1a: Meowscarada|Flower Trick|p2b: Basculegion\n|-start|p1a: Meowscarada|typechange|Grass|[from] ability: Protean\n|-supereffective|p2b: Basculegion|1\n|-crit|p2b: Basculegion\n|-damage|p2b: Basculegion|0 fnt\n|faint|p2b: Basculegion\n|move|p1b: Gallade|Ice Punch|p2a: Meganium\n|-supereffective|p2a: Meganium|1\n|-damage|p2a: Meganium|41/100\n|move|p2a: Meganium|Dazzling Gleam|p1b: Gallade|[spread] p1a,p1b\n|-supereffective|p1b: Gallade|1\n|-damage|p1a: Meowscarada|48/100\n|-damage|p1b: Gallade|25/100\n|\n|upkeep\n|\n|t:|1776457510\n|switch|p2b: Talonflame|Talonflame, L50, M|100/100\n|turn|4\n|\n|t:|1776457534\n|move|p2b: Talonflame|Tailwind|p2b: Talonflame\n|-sidestart|p2: loop.wav|move: Tailwind\n|move|p1a: Meowscarada|Flower Trick|p2b: Talonflame\n|-resisted|p2b: Talonflame|2\n|-crit|p2b: Talonflame\n|-damage|p2b: Talonflame|79/100\n|move|p1b: Gallade|Ice Punch|p2a: Meganium\n|-supereffective|p2a: Meganium|1\n|-damage|p2a: Meganium|0 fnt\n|faint|p2a: Meganium\n|\n|-sideend|p1: IndoMichael|move: Tailwind\n|upkeep\n|\n|t:|1776457543\n|switch|p2a: Politoed|Politoed, L50, F|100/100\n|turn|5\n|\n|t:|1776457554\n|move|p2b: Talonflame|Hurricane|p1a: Meowscarada\n|-supereffective|p1a: Meowscarada|1\n|-damage|p1a: Meowscarada|0 fnt\n|faint|p1a: Meowscarada\n|move|p1b: Gallade|Psycho Cut|p2b: Talonflame\n|-crit|p2b: Talonflame\n|-damage|p2b: Talonflame|0 fnt\n|faint|p2b: Talonflame\n|move|p2a: Politoed|Icy Wind|p1b: Gallade\n|-damage|p1b: Gallade|11/100\n|-unboost|p1b: Gallade|spe|1\n|\n|upkeep\n|\n|t:|1776457572\n|switch|p1a: Aerodactyl|Aerodactyl, L50, M, shiny|1/100\n|-ability|p1a: Aerodactyl|Unnerve\n|turn|6\n|\n|t:|1776457582\n|move|p1a: Aerodactyl|Rock Slide|p2a: Politoed\n|-damage|p2a: Politoed|72/100\n|move|p2a: Politoed|Icy Wind|p1b: Gallade|[spread] p1a,p1b\n|-supereffective|p1a: Aerodactyl|1\n|-crit|p1a: Aerodactyl\n|-damage|p1a: Aerodactyl|0 fnt\n|-damage|p1b: Gallade|2/100\n|-unboost|p1b: Gallade|spe|1\n|faint|p1a: Aerodactyl\n|move|p1b: Gallade|Sacred Sword|p2a: Politoed\n|-damage|p2a: Politoed|12/100\n|-enditem|p2a: Politoed|Sitrus Berry|[eat]\n|-heal|p2a: Politoed|37/100|[from] item: Sitrus Berry\n|\n|upkeep\n|turn|7\n|\n|t:|1776457597\n|move|p1b: Gallade|Protect|p1b: Gallade\n|-singleturn|p1b: Gallade|Protect\n|move|p2a: Politoed|Weather Ball|p1b: Gallade\n|-activate|p1b: Gallade|move: Protect\n|\n|-sideend|p2: loop.wav|move: Tailwind\n|upkeep\n|turn|8\n|\n|t:|1776457607\n|move|p1b: Gallade|Sacred Sword|p2a: Politoed\n|-damage|p2a: Politoed|0 fnt\n|faint|p2a: Politoed\n|\n|win|IndoMichael\n|raw|IndoMichael's rating: 1019 &rarr; <strong>1054</strong><br />(+35 for winning)\n|raw|loop.wav's rating: 1000 &rarr; <strong>1000</strong><br />(+0 for losing)\n|l|\u2606loop.wav\n|player|p2|\n",
  "uploadtime": 1776457619,
  "views": 33,
  "formatid": "gen9championsvgc2026regma",
  "rating": 1000,
  "private": 0,
  "password": null
}