{
  "id": "gen9championsvgc2026regma-2587840115",
  "format": "[Gen 9 Champions] VGC 2026 Reg M-A",
  "players": [
    "boundsylveon",
    "pikafenn"
  ],
  "log": "|j|\u2606boundsylveon\n|j|\u2606pikafenn\n|t:|1776569403\n|gametype|doubles\n|player|p1|boundsylveon|101|1084\n|player|p2|pikafenn|101|1137\n|gen|9\n|tier|[Gen 9 Champions] VGC 2026 Reg M-A\n|rated|\n|rule|Species Clause: Limit one of each Pok\u00e9mon\n|rule|Item Clause: Limit 1 of each item\n|clearpoke\n|poke|p1|Alakazam, L50, F|\n|poke|p1|Meowstic, L50, M|\n|poke|p1|Ninetales-Alola, L50, F|\n|poke|p1|Froslass, L50, F|\n|poke|p1|Tyranitar, L50, F|\n|poke|p1|Incineroar, L50, M|\n|poke|p2|Chesnaught, L50, M|\n|poke|p2|Sinistcha, L50|\n|poke|p2|Garchomp, L50, M|\n|poke|p2|Aerodactyl, L50, F|\n|poke|p2|Empoleon, L50, F|\n|poke|p2|Incineroar, L50, M|\n|teampreview|4\npikafenn rejected open team sheets.\n|inactive|Battle timer is ON: inactive players will automatically lose when time's up. (requested by pikafenn)\n|\n|t:|1776569437\n|teamsize|p1|4\n|teamsize|p2|4\n|start\n|switch|p1a: Alakazam|Alakazam, L50, F|100/100\n|switch|p1b: Meowstic|Meowstic, L50, M|100/100\n|switch|p2a: Empoleon|Empoleon, L50, F|100/100\n|switch|p2b: Chesnaught|Chesnaught, L50, M|100/100\n|turn|1\n|\n|t:|1776569469\n|switch|p2b: Incineroar|Incineroar, L50, M|100/100\n|-ability|p2b: Incineroar|Intimidate|boost\n|-unboost|p1a: Alakazam|atk|1\n|-unboost|p1b: Meowstic|atk|1\n|detailschange|p1a: Alakazam|Alakazam-Mega, L50, F\n|-mega|p1a: Alakazam|Alakazam|Alakazite\n|-ability|p1a: Alakazam|Intimidate|Trace|[from] ability: Trace|[of] p2b: Incineroar\n|-ability|p1a: Alakazam|Intimidate|boost\n|-unboost|p2a: Empoleon|atk|1\n|-ability|p2a: Empoleon|Competitive|boost\n|-boost|p2a: Empoleon|spa|2\n|-unboost|p2b: Incineroar|atk|1\n|move|p1b: Meowstic|Fake Out|p2b: Incineroar\n|-damage|p2b: Incineroar|98/100\n|move|p1a: Alakazam|Focus Blast|p2a: Empoleon\n|-supereffective|p2a: Empoleon|1\n|-damage|p2a: Empoleon|2/100\n|move|p2a: Empoleon|Flash Cannon|p1b: Meowstic\n|-damage|p1b: Meowstic|0 fnt\n|faint|p1b: Meowstic\n|\n|upkeep\n|\n|t:|1776569487\n|switch|p1b: Incineroar|Incineroar, L50, M|100/100\n|-ability|p1b: Incineroar|Intimidate|boost\n|-unboost|p2a: Empoleon|atk|1\n|-ability|p2a: Empoleon|Competitive|boost\n|-boost|p2a: Empoleon|spa|2\n|-unboost|p2b: Incineroar|atk|1\n|turn|2\n|inactive|pikafenn has 30 seconds left.\n|\n|t:|1776569521\n|move|p2a: Empoleon|Protect|p2a: Empoleon\n|-singleturn|p2a: Empoleon|Protect\n|move|p1b: Incineroar|Fake Out|p2a: Empoleon\n|-activate|p2a: Empoleon|move: Protect\n|move|p1a: Alakazam|Focus Blast|p2b: Incineroar\n|-supereffective|p2b: Incineroar|1\n|-crit|p2b: Incineroar\n|-enditem|p2b: Incineroar|Chople Berry|[eat]\n|-enditem|p2b: Incineroar|Chople Berry|[weaken]\n|-damage|p2b: Incineroar|19/100\n|move|p2b: Incineroar|Throat Chop|p1a: Alakazam\n|-supereffective|p1a: Alakazam|1\n|-damage|p1a: Alakazam|36/100\n|-start|p1a: Alakazam|Throat Chop|[silent]\n|\n|upkeep\n|turn|3\n|\n|t:|1776569546\n|switch|p2b: Chesnaught|Chesnaught, L50, M|100/100\n|move|p1a: Alakazam|Protect|p1a: Alakazam\n|-singleturn|p1a: Alakazam|Protect\n|move|p2a: Empoleon|Flash Cannon|p1a: Alakazam\n|-activate|p1a: Alakazam|move: Protect\n|move|p1b: Incineroar|Darkest Lariat|p2a: Empoleon\n|-damage|p2a: Empoleon|0 fnt\n|faint|p2a: Empoleon\n|\n|-end|p1a: Alakazam|Throat Chop|[silent]\n|upkeep\n|\n|t:|1776569566\n|switch|p2a: Aerodactyl|Aerodactyl, L50, F|100/100\n|turn|4\n|inactive|boundsylveon has 30 seconds left.\n|inactive|pikafenn has 30 seconds left.\n|\n|t:|1776569600\n|switch|p1a: Tyranitar|Tyranitar, L50, F|100/100\n|-weather|Sandstorm|[from] ability: Sand Stream|[of] p1a: Tyranitar\n|switch|p2b: Incineroar|Incineroar, L50, M|19/100\n|-ability|p2b: Incineroar|Intimidate|boost\n|-unboost|p1a: Tyranitar|atk|1\n|-unboost|p1b: Incineroar|atk|1\n|move|p1b: Incineroar|Protect|p1b: Incineroar\n|-singleturn|p1b: Incineroar|Protect\n|move|p2a: Aerodactyl|Rock Slide|p1a: Tyranitar|[spread] p1a\n|-activate|p1b: Incineroar|move: Protect\n|-damage|p1a: Tyranitar|78/100\n|\n|-weather|Sandstorm|[upkeep]\n|-damage|p2b: Incineroar|13/100|[from] Sandstorm\n|-damage|p1b: Incineroar|95/100|[from] Sandstorm\n|-heal|p1a: Tyranitar|84/100|[from] item: Leftovers\n|upkeep\n|turn|5\n|inactive|pikafenn has 30 seconds left.\n|inactive|pikafenn has 20 seconds left.\n|\n|t:|1776569636\n|switch|p2a: Chesnaught|Chesnaught, L50, M|100/100\n|move|p2b: Incineroar|Fake Out|p1b: Incineroar\n|-damage|p1b: Incineroar|85/100\n|move|p1a: Tyranitar|Rock Slide|p2b: Incineroar|[spread] p2a,p2b\n|-resisted|p2a: Chesnaught|1\n|-supereffective|p2b: Incineroar|1\n|-damage|p2a: Chesnaught|93/100\n|-damage|p2b: Incineroar|0 fnt\n|faint|p2b: Incineroar\n|cant|p1b: Incineroar|flinch\n|\n|-weather|Sandstorm|[upkeep]\n|-damage|p2a: Chesnaught|87/100|[from] Sandstorm\n|-damage|p1b: Incineroar|79/100|[from] Sandstorm\n|-heal|p1a: Tyranitar|90/100|[from] item: Leftovers\n|upkeep\n|\n|t:|1776569650\n|switch|p2b: Aerodactyl|Aerodactyl, L50, F|100/100\n|turn|6\n|\n|t:|1776569665\n|move|p2b: Aerodactyl|Tailwind|p2b: Aerodactyl\n|-sidestart|p2: pikafenn|move: Tailwind\n|move|p2a: Chesnaught|Body Press|p1a: Tyranitar\n|-supereffective|p1a: Tyranitar|2\n|-damage|p1a: Tyranitar|0 fnt\n|faint|p1a: Tyranitar\n|move|p1b: Incineroar|Darkest Lariat|p2b: Aerodactyl\n|-damage|p2b: Aerodactyl|51/100\n|\n|-weather|Sandstorm|[upkeep]\n|-damage|p2a: Chesnaught|80/100|[from] Sandstorm\n|-damage|p1b: Incineroar|73/100|[from] Sandstorm\n|upkeep\n|\n|t:|1776569675\n|switch|p1a: Alakazam|Alakazam-Mega, L50, F|36/100\n|-ability|p1a: Alakazam|Bulletproof|Trace|[from] ability: Trace|[of] p2a: Chesnaught\n|turn|7\n|\n|t:|1776569690\n|move|p2b: Aerodactyl|Rock Slide|p1b: Incineroar|[spread] p1b\n|-miss|p2b: Aerodactyl|p1a: Alakazam\n|-supereffective|p1b: Incineroar|1\n|-damage|p1b: Incineroar|21/100\n|move|p1a: Alakazam|Expanding Force|p2a: Chesnaught\n|-supereffective|p2a: Chesnaught|1\n|-damage|p2a: Chesnaught|0 fnt\n|faint|p2a: Chesnaught\n|cant|p1b: Incineroar|flinch\n|\n|-weather|Sandstorm|[upkeep]\n|-damage|p1a: Alakazam|30/100|[from] Sandstorm\n|-damage|p1b: Incineroar|15/100|[from] Sandstorm\n|upkeep\n|turn|8\n|\n|t:|1776569714\n|move|p2b: Aerodactyl|Rock Slide|p1a: Alakazam|[spread] p1a\n|-miss|p2b: Aerodactyl|p1b: Incineroar\n|-damage|p1a: Alakazam|0 fnt\n|faint|p1a: Alakazam\n|move|p1b: Incineroar|Darkest Lariat|p2b: Aerodactyl\n|-damage|p2b: Aerodactyl|3/100\n|\n|-weather|none\n|upkeep\n|turn|9\n|\n|t:|1776569731\n|move|p1b: Incineroar|Protect|p1b: Incineroar\n|-singleturn|p1b: Incineroar|Protect\n|move|p2b: Aerodactyl|Rock Slide|p1b: Incineroar\n|-activate|p1b: Incineroar|move: Protect\n|\n|-sideend|p2: pikafenn|move: Tailwind\n|upkeep\n|turn|10\n|c|\u2606pikafenn|This is it\n|\n|t:|1776569752\n|move|p2b: Aerodactyl|Rock Slide|p1b: Incineroar\n|-supereffective|p1b: Incineroar|1\n|-damage|p1b: Incineroar|0 fnt\n|faint|p1b: Incineroar\n|\n|win|pikafenn\n|raw|boundsylveon's rating: 1084 &rarr; <strong>1065</strong><br />(-19 for losing)\n|raw|pikafenn's rating: 1137 &rarr; <strong>1158</strong><br />(+21 for winning)\n|l|\u2606boundsylveon\n|player|p1|\n|c|\u2606pikafenn|gg\n",
  "uploadtime": 1776569768,
  "views": 12,
  "formatid": "gen9championsvgc2026regma",
  "rating": 1065,
  "private": 0,
  "password": null
}