{
  "id": "gen9championsvgc2026regma-2588506802",
  "format": "[Gen 9 Champions] VGC 2026 Reg M-A",
  "players": [
    "LordHelixDisciple",
    "CappyCappy"
  ],
  "log": "|j|\u2606LordHelixDisciple\n|j|\u2606CappyCappy\n|t:|1776639801\n|gametype|doubles\n|player|p1|LordHelixDisciple|2|\n|player|p2|CappyCappy|miku-fairy|\n|gen|9\n|tier|[Gen 9 Champions] VGC 2026 Reg M-A\n|rule|Species Clause: Limit one of each Pok\u00e9mon\n|rule|Item Clause: Limit 1 of each item\n|clearpoke\n|poke|p1|Archaludon, L50, F|\n|poke|p1|Pelipper, L50, F|\n|poke|p1|Pikachu, L50, M|\n|poke|p1|Incineroar, L50, M|\n|poke|p1|Basculegion, L50, M|\n|poke|p1|Politoed, L50, F|\n|poke|p2|Basculegion, L50, M|\n|poke|p2|Politoed, L50, M, shiny|\n|poke|p2|Meganium, L50, F|\n|poke|p2|Sinistcha, L50|\n|poke|p2|Kingambit, L50, F|\n|poke|p2|Dragonite, L50, F, shiny|\n|teampreview|4\n|inactive|Battle timer is ON: inactive players will automatically lose when time's up. (requested by LordHelixDisciple)\nCappyCappy has agreed to open team sheets.\nLordHelixDisciple has agreed to open team sheets.\n|showteam|p1|Archaludon||Leftovers|Stamina|ElectroShot,DragonPulse,Protect,FlashCannon|||F|||50|]Pelipper||FocusSash|Drizzle|Hurricane,Uturn,WeatherBall,Tailwind|||F|||50|]Pikachu||LightBall|LightningRod|FakeOut,Thunder,Encore,Surf|||M|||50|]Incineroar||SitrusBerry|Intimidate|DarkestLariat,FakeOut,PartingShot,FlareBlitz|||M|||50|]Basculegion||ChoiceScarf|SwiftSwim|Crunch,LastRespects,FlipTurn,WaveCrash|||M|||50|]Politoed||BrightPowder|Drizzle|WeatherBall,Protect,IcyWind,Surf|||F|||50|\n|showteam|p2|Basculegion||ChoiceScarf|Adaptability|LastRespects,WaveCrash,FlipTurn,AquaJet|||M|||50|]Politoed||Leftovers|Drizzle|WeatherBall,PerishSong,IceBeam,Protect|||M|||50|]Meganium||Meganiumite|Overgrow|WeatherBall,SolarBeam,DazzlingGleam,Protect|||F|||50|]Sinistcha||SitrusBerry|Hospitality|MatchaGotcha,RagePowder,StrengthSap,Protect||||||50|]Kingambit||FocusSash|Defiant|SuckerPunch,IronHead,LowKick,Protect|||F|||50|]Dragonite||Dragoninite|Multiscale|DracoMeteor,Hurricane,Tailwind,Protect|||F|||50|\n|c|\u2606LordHelixDisciple|observe, the one pokemon free to terrorize everyone as a prevo\n|c|\u2606CappyCappy|omg\n|inactive|LordHelixDisciple has 60 seconds left.\n|inactive|CappyCappy has 60 seconds left.\n|c|\u2606CappyCappy|i LOVE this for you\n|c|\u2606LordHelixDisciple|perish song?\n|inactive|LordHelixDisciple has 30 seconds left.\n|inactive|CappyCappy has 30 seconds left.\n|inactive|CappyCappy has 20 seconds left.\n|inactive|CappyCappy has 15 seconds left.\n|inactive|CappyCappy has 10 seconds left.\n|\n|t:|1776639884\n|teamsize|p1|4\n|teamsize|p2|4\n|start\n|switch|p1a: Incineroar|Incineroar, L50, M|100/100\n|switch|p1b: Pelipper|Pelipper, L50, F|100/100\n|switch|p2a: Kingambit|Kingambit, L50, F|100/100\n|switch|p2b: Basculegion|Basculegion, L50, M|100/100\n|-weather|RainDance|[from] ability: Drizzle|[of] p1b: Pelipper\n|-ability|p1a: Incineroar|Intimidate|boost\n|-unboost|p2a: Kingambit|atk|1\n|-ability|p2a: Kingambit|Defiant|boost\n|-boost|p2a: Kingambit|atk|2\n|-unboost|p2b: Basculegion|atk|1\n|turn|1\n|\n|t:|1776639902\n|move|p2a: Kingambit|Protect|p2a: Kingambit\n|-singleturn|p2a: Kingambit|Protect\n|move|p1a: Incineroar|Fake Out|p2a: Kingambit\n|-activate|p2a: Kingambit|move: Protect\n|move|p2b: Basculegion|Wave Crash|p1a: Incineroar\n|-supereffective|p1a: Incineroar|1\n|-crit|p1a: Incineroar\n|-damage|p1a: Incineroar|0 fnt\n|faint|p1a: Incineroar\n|-damage|p2b: Basculegion|66/100|[from] Recoil\n|move|p1b: Pelipper|Tailwind|p1b: Pelipper\n|-sidestart|p1: LordHelixDisciple|move: Tailwind\n|\n|-weather|RainDance|[upkeep]\n|upkeep\n|\n|t:|1776639910\n|switch|p1a: Archaludon|Archaludon, L50, F|100/100\n|turn|2\n|c|\u2606LordHelixDisciple|sacrifices must be made in the war >:(\n|inactive|LordHelixDisciple has 30 seconds left.\n|inactive|CappyCappy has 30 seconds left.\n|\n|t:|1776639943\n|move|p2a: Kingambit|Sucker Punch|p1a: Archaludon\n|-damage|p1a: Archaludon|55/100\n|-ability|p1a: Archaludon|Stamina|boost\n|-boost|p1a: Archaludon|def|1\n|move|p1b: Pelipper|Weather Ball|p2a: Kingambit\n|-damage|p2a: Kingambit|40/100\n|move|p2b: Basculegion|Wave Crash|p1a: Archaludon\n|-resisted|p1a: Archaludon|1\n|-damage|p1a: Archaludon|33/100\n|-ability|p1a: Archaludon|Stamina|boost\n|-boost|p1a: Archaludon|def|1\n|-damage|p2b: Basculegion|59/100|[from] Recoil\n|move|p1a: Archaludon|Electro Shot||[still]\n|-prepare|p1a: Archaludon|Electro Shot\n|-boost|p1a: Archaludon|spa|1\n|-anim|p1a: Archaludon|Electro Shot|p2b: Basculegion\n|-supereffective|p2b: Basculegion|1\n|-damage|p2b: Basculegion|0 fnt\n|faint|p2b: Basculegion\n|\n|-weather|RainDance|[upkeep]\n|-heal|p1a: Archaludon|40/100|[from] item: Leftovers\n|upkeep\n|\n|t:|1776639960\n|switch|p2b: Meganium|Meganium, L50, F|100/100\n|turn|3\n|c|\u2606LordHelixDisciple|gotta hit hard lol\n|\n|t:|1776639980\n|move|p2b: Meganium|Protect|p2b: Meganium\n|-singleturn|p2b: Meganium|Protect\n|move|p2a: Kingambit|Sucker Punch|p1a: Archaludon\n|-damage|p1a: Archaludon|15/100\n|-ability|p1a: Archaludon|Stamina|boost\n|-boost|p1a: Archaludon|def|1\n|move|p1b: Pelipper|Weather Ball|p2a: Kingambit\n|-damage|p2a: Kingambit|0 fnt\n|faint|p2a: Kingambit\n|move|p1a: Archaludon|Flash Cannon|p2b: Meganium\n|-activate|p2b: Meganium|move: Protect\n|\n|-weather|RainDance|[upkeep]\n|-heal|p1a: Archaludon|21/100|[from] item: Leftovers\n|upkeep\n|\n|t:|1776639988\n|switch|p2a: Politoed|Politoed, L50, M, shiny|100/100\n|turn|4\n|\n|t:|1776640013\n|move|p2a: Politoed|Protect|p2a: Politoed\n|-singleturn|p2a: Politoed|Protect\n|move|p1b: Pelipper|Hurricane|p2b: Meganium\n|-supereffective|p2b: Meganium|1\n|-damage|p2b: Meganium|16/100\n|move|p1a: Archaludon|Electro Shot||[still]\n|-prepare|p1a: Archaludon|Electro Shot\n|-boost|p1a: Archaludon|spa|1\n|-anim|p1a: Archaludon|Electro Shot|p2a: Politoed\n|-activate|p2a: Politoed|move: Protect\n|move|p2b: Meganium|Weather Ball|p1a: Archaludon\n|-resisted|p1a: Archaludon|1\n|-damage|p1a: Archaludon|0 fnt\n|faint|p1a: Archaludon\n|\n|-weather|RainDance|[upkeep]\n|-sideend|p1: LordHelixDisciple|move: Tailwind\n|upkeep\n|\n|t:|1776640021\n|switch|p1a: Basculegion|Basculegion, L50, M|100/100\n|turn|5\n|c|\u2606LordHelixDisciple|294 speed outside tailwind :skull:\n|inactive|CappyCappy has 30 seconds left.\n|\n|t:|1776640053\n|detailschange|p2b: Meganium|Meganium-Mega, L50, F\n|-mega|p2b: Meganium|Meganium|Meganiumite\n|move|p1a: Basculegion|Last Respects|p2a: Politoed\n|-damage|p2a: Politoed|23/100\n|move|p1b: Pelipper|Hurricane|p2b: Meganium\n|-supereffective|p2b: Meganium|1\n|-damage|p2b: Meganium|0 fnt\n|faint|p2b: Meganium\n|move|p2a: Politoed|Perish Song|p2a: Politoed\n|-start|p1a: Basculegion|perish3|[silent]\n|-start|p1b: Pelipper|perish3|[silent]\n|-start|p2a: Politoed|perish3|[silent]\n|-fieldactivate|move: Perish Song\n|\n|-weather|none\n|-heal|p2a: Politoed|29/100|[from] item: Leftovers\n|-start|p1a: Basculegion|perish3\n|-start|p1b: Pelipper|perish3\n|-start|p2a: Politoed|perish3\n|upkeep\n|turn|6\n|c|\u2606CappyCappy|triple protect\n|c|\u2606CappyCappy|here i come\n|c|\u2606LordHelixDisciple|lol, respect for that\n|c|\u2606CappyCappy|hahahah\n|\n|t:|1776640076\n|move|p2a: Politoed|Protect|p2a: Politoed\n|-singleturn|p2a: Politoed|Protect\n|move|p1a: Basculegion|Last Respects|p2a: Politoed\n|-activate|p2a: Politoed|move: Protect\n|move|p1b: Pelipper|Tailwind|p1b: Pelipper\n|-sidestart|p1: LordHelixDisciple|move: Tailwind\n|\n|-heal|p2a: Politoed|35/100|[from] item: Leftovers\n|-start|p1a: Basculegion|perish2\n|-start|p1b: Pelipper|perish2\n|-start|p2a: Politoed|perish2\n|upkeep\n|turn|7\n|\n|t:|1776640089\n|move|p2a: Politoed|Protect|p2a: Politoed\n|-singleturn|p2a: Politoed|Protect\n|move|p1a: Basculegion|Last Respects|p2a: Politoed\n|-activate|p2a: Politoed|move: Protect\n|move|p1b: Pelipper|Tailwind||[still]\n|-fail|p1b: Pelipper\n|\n|-heal|p2a: Politoed|41/100|[from] item: Leftovers\n|-start|p1a: Basculegion|perish1\n|-start|p1b: Pelipper|perish1\n|-start|p2a: Politoed|perish1\n|upkeep\n|turn|8\n|c|\u2606CappyCappy|OMG\n|c|\u2606CappyCappy|ITS HAPPENING\n|c|\u2606CappyCappy|ITS GOING TO HAPPEN\n|c|\u2606LordHelixDisciple|ain't no way boy\n|\n|t:|1776640104\n|move|p2a: Politoed|Protect||[still]\n|-fail|p2a: Politoed\n|move|p1a: Basculegion|Last Respects|p2a: Politoed\n|-damage|p2a: Politoed|0 fnt\n|faint|p2a: Politoed\n|\n|win|LordHelixDisciple\n",
  "uploadtime": 1776640104,
  "views": 6,
  "formatid": "gen9championsvgc2026regma",
  "rating": null,
  "private": 0,
  "password": null
}