{
  "id": "gen9championsvgc2026regma-2582724251",
  "format": "[Gen 9 Champions] VGC 2026 Reg M-A",
  "players": [
    "kokenosaurio",
    "gonsa98"
  ],
  "log": "|j|\u2606kokenosaurio\n|j|\u2606gonsa98\n|t:|1776109747\n|gametype|doubles\n|player|p1|kokenosaurio|266|1203\n|player|p2|gonsa98|n|1207\n|gen|9\n|tier|[Gen 9 Champions] VGC 2026 Reg M-A\n|rated|\n|rule|Species Clause: Limit one of each Pok\u00e9mon\n|rule|Item Clause: Limit 1 of each item\n|clearpoke\n|poke|p1|Hydreigon, L50, F|\n|poke|p1|Sneasler, L50, M|\n|poke|p1|Basculegion, L50, M|\n|poke|p1|Sinistcha, L50|\n|poke|p1|Talonflame, L50, F|\n|poke|p1|Floette-Eternal, L50, F|\n|poke|p2|Starmie, L50|\n|poke|p2|Pelipper, L50, M|\n|poke|p2|Sneasler, L50, M|\n|poke|p2|Sinistcha, L50|\n|poke|p2|Aggron, L50, F|\n|poke|p2|Archaludon, L50, F|\n|teampreview|4\n|\n|t:|1776109778\n|teamsize|p1|4\n|teamsize|p2|4\n|start\n|switch|p1a: Sneasler|Sneasler, L50, M|100/100\n|switch|p1b: Floette|Floette-Eternal, L50, F|100/100\n|switch|p2a: Pelipper|Pelipper, L50, M|100/100\n|switch|p2b: Archaludon|Archaludon, L50, F, shiny|100/100\n|-weather|RainDance|[from] ability: Drizzle|[of] p2a: Pelipper\n|turn|1\n|\n|t:|1776109796\n|detailschange|p1b: Floette|Floette-Mega, L50, F\n|-mega|p1b: Floette|Floette|Floettite\n|-ability|p1b: Floette|Fairy Aura\n|move|p2b: Archaludon|Protect|p2b: Archaludon\n|-singleturn|p2b: Archaludon|Protect\n|move|p1a: Sneasler|Fake Out|p2a: Pelipper\n|-damage|p2a: Pelipper|83/100\n|cant|p2a: Pelipper|flinch\n|move|p1b: Floette|Calm Mind|p1b: Floette\n|-boost|p1b: Floette|spa|1\n|-boost|p1b: Floette|spd|1\n|\n|-weather|RainDance|[upkeep]\n|upkeep\n|turn|2\n|\n|t:|1776109814\n|move|p2a: Pelipper|Tailwind|p2a: Pelipper\n|-sidestart|p2: gonsa98|move: Tailwind\n|move|p2b: Archaludon|Electro Shot||[still]\n|-prepare|p2b: Archaludon|Electro Shot\n|-boost|p2b: Archaludon|spa|1\n|-anim|p2b: Archaludon|Electro Shot|p1a: Sneasler\n|-damage|p1a: Sneasler|18/100\n|move|p1a: Sneasler|Close Combat|p2b: Archaludon\n|-supereffective|p2b: Archaludon|1\n|-enditem|p2b: Archaludon|Focus Sash\n|-damage|p2b: Archaludon|1/100\n|-unboost|p1a: Sneasler|def|1\n|-unboost|p1a: Sneasler|spd|1\n|-enditem|p1a: Sneasler|White Herb\n|-clearnegativeboost|p1a: Sneasler|[silent]\n|move|p1b: Floette|Dazzling Gleam|p2a: Pelipper|[spread] p2a,p2b\n|-damage|p2a: Pelipper|0 fnt\n|-damage|p2b: Archaludon|0 fnt\n|faint|p2a: Pelipper\n|faint|p2b: Archaludon\n|\n|-weather|RainDance|[upkeep]\n|upkeep\n|\n|t:|1776109825\n|switch|p2b: Sinistcha|Sinistcha, L50|100/100\n|switch|p2a: Starmie|Starmie, L50, shiny|100/100\n|turn|3\n|c|\u2606kokenosaurio|thats pelipper is scarf=\n|c|\u2606kokenosaurio|lol\n|\n|t:|1776109850\n|detailschange|p2a: Starmie|Starmie-Mega, L50, shiny\n|-mega|p2a: Starmie|Starmie|Starminite\n|move|p1a: Sneasler|Protect|p1a: Sneasler\n|-singleturn|p1a: Sneasler|Protect\n|move|p2b: Sinistcha|Rage Powder|p2b: Sinistcha\n|-singleturn|p2b: Sinistcha|move: Rage Powder\n|move|p2a: Starmie|Waterfall|p1b: Floette\n|-damage|p1b: Floette|8/100\n|move|p1b: Floette|Dazzling Gleam|p2a: Starmie|[spread] p2a,p2b\n|-damage|p2a: Starmie|28/100\n|-damage|p2b: Sinistcha|31/100\n|\n|-weather|RainDance|[upkeep]\n|upkeep\n|turn|4\n|\n|t:|1776109873\n|switch|p1a: Sinistcha|Sinistcha, L50|100/100\n|-heal|p1b: Floette|33/100|[from] ability: Hospitality|[of] p1a: Sinistcha\n|move|p1b: Floette|Protect|p1b: Floette\n|-singleturn|p1b: Floette|Protect\n|move|p2a: Starmie|Aqua Jet|p1a: Sinistcha\n|-resisted|p1a: Sinistcha|1\n|-crit|p1a: Sinistcha\n|-damage|p1a: Sinistcha|68/100\n|move|p2b: Sinistcha|Matcha Gotcha|p1a: Sinistcha|[spread] p1a\n|-activate|p1b: Floette|move: Protect\n|-resisted|p1a: Sinistcha|1\n|-damage|p1a: Sinistcha|57/100\n|-heal|p2b: Sinistcha|37/100|[from] drain|[of] p1a: Sinistcha\n|-status|p1a: Sinistcha|brn\n|\n|-weather|RainDance|[upkeep]\n|-damage|p1a: Sinistcha|50/100 brn|[from] brn\n|upkeep\n|-enditem|p1a: Sinistcha|Sitrus Berry|[eat]\n|-heal|p1a: Sinistcha|75/100 brn|[from] item: Sitrus Berry\n|turn|5\n|\n|t:|1776109892\n|move|p1a: Sinistcha|Rage Powder|p1a: Sinistcha\n|-singleturn|p1a: Sinistcha|move: Rage Powder\n|move|p2a: Starmie|Ice Spinner|p1a: Sinistcha\n|-supereffective|p1a: Sinistcha|1\n|-damage|p1a: Sinistcha|0 fnt\n|faint|p1a: Sinistcha\n|move|p2b: Sinistcha|Matcha Gotcha|p1b: Floette\n|-damage|p1b: Floette|18/100\n|-heal|p2b: Sinistcha|45/100|[from] drain|[of] p1b: Floette\n|-status|p1b: Floette|brn\n|move|p1b: Floette|Dazzling Gleam|p2a: Starmie|[spread] p2a,p2b\n|-damage|p2a: Starmie|0 fnt\n|-damage|p2b: Sinistcha|0 fnt\n|faint|p2a: Starmie\n|faint|p2b: Sinistcha\n|\n|win|kokenosaurio\n|raw|kokenosaurio's rating: 1203 &rarr; <strong>1228</strong><br />(+25 for winning)\n|raw|gonsa98's rating: 1207 &rarr; <strong>1182</strong><br />(-25 for losing)\n|l|\u2606gonsa98\n|player|p2|\n",
  "uploadtime": 1776109912,
  "views": 27,
  "formatid": "gen9championsvgc2026regma",
  "rating": 1182,
  "private": 0,
  "password": null
}