{
  "id": "gen9championsvgc2026regma-2587724970",
  "format": "[Gen 9 Champions] VGC 2026 Reg M-A",
  "players": [
    "Mon_Dummy01",
    "AaronAstro"
  ],
  "log": "|j|\u2606Mon_Dummy01\n|j|\u2606AaronAstro\n|t:|1776557688\n|gametype|doubles\n|player|p1|Mon_Dummy01|n|1000\n|player|p2|AaronAstro|silver|1030\n|gen|9\n|tier|[Gen 9 Champions] VGC 2026 Reg M-A\n|rated|\n|rule|Species Clause: Limit one of each Pok\u00e9mon\n|rule|Item Clause: Limit 1 of each item\n|clearpoke\n|poke|p1|Feraligatr, L50, F|\n|poke|p1|Dragonite, L50, M|\n|poke|p1|Rotom-Heat, L50|\n|poke|p1|Archaludon, L50, M|\n|poke|p1|Politoed, L50, F|\n|poke|p1|Basculegion, L50, M|\n|poke|p2|Meganium, L50, F|\n|poke|p2|Pelipper, L50, M|\n|poke|p2|Archaludon, L50, M, shiny|\n|poke|p2|Sneasler, L50, M|\n|poke|p2|Milotic, L50, F, shiny|\n|poke|p2|Incineroar, L50, M|\n|teampreview|4\n|\n|t:|1776557718\n|teamsize|p1|4\n|teamsize|p2|4\n|start\n|switch|p1a: Politoed|Politoed, L50, F|100/100\n|switch|p1b: Dragonite|Dragonite, L50, M|100/100\n|switch|p2a: Pelipper|Pelipper, L50, M|100/100\n|switch|p2b: Milotic|Milotic, L50, F, shiny|100/100\n|-weather|RainDance|[from] ability: Drizzle|[of] p2a: Pelipper\n|turn|1\n|\n|t:|1776557739\n|detailschange|p1b: Dragonite|Dragonite-Mega, L50, M\n|-mega|p1b: Dragonite|Dragonite|Dragoninite\n|move|p2a: Pelipper|Tailwind|p2a: Pelipper\n|-sidestart|p2: AaronAstro|move: Tailwind\n|move|p2b: Milotic|Ice Beam|p1b: Dragonite\n|-supereffective|p1b: Dragonite|2\n|-damage|p1b: Dragonite|61/100\n|-status|p1b: Dragonite|frz\n|cant|p1b: Dragonite|frz\n|move|p1a: Politoed|Body Slam|p2b: Milotic\n|-damage|p2b: Milotic|83/100\n|\n|-weather|RainDance|[upkeep]\n|upkeep\n|turn|2\n|\n|t:|1776557760\n|switch|p1b: Archaludon|Archaludon, L50, M|100/100\n|move|p2a: Pelipper|Hurricane|p1a: Politoed\n|-damage|p1a: Politoed|53/100\n|move|p2b: Milotic|Ice Beam|p1b: Archaludon\n|-damage|p1b: Archaludon|73/100\n|move|p1a: Politoed|Encore|p2a: Pelipper\n|-start|p2a: Pelipper|Encore\n|\n|-weather|RainDance|[upkeep]\n|-heal|p1b: Archaludon|78/100|[from] item: Leftovers\n|upkeep\n|turn|3\n|\n|t:|1776557779\n|move|p2a: Pelipper|Hurricane|p1a: Politoed\n|-damage|p1a: Politoed|5/100\n|-enditem|p1a: Politoed|Sitrus Berry|[eat]\n|-heal|p1a: Politoed|30/100|[from] item: Sitrus Berry\n|move|p2b: Milotic|Ice Beam|p1b: Archaludon\n|-crit|p1b: Archaludon\n|-damage|p1b: Archaludon|38/100\n|move|p1b: Archaludon|Electro Shot||[still]\n|-prepare|p1b: Archaludon|Electro Shot\n|-boost|p1b: Archaludon|spa|1\n|-anim|p1b: Archaludon|Electro Shot|p2a: Pelipper\n|-supereffective|p2a: Pelipper|2\n|-enditem|p2a: Pelipper|Focus Sash\n|-damage|p2a: Pelipper|1/100\n|move|p1a: Politoed|Weather Ball|p2a: Pelipper\n|-resisted|p2a: Pelipper|1\n|-damage|p2a: Pelipper|0 fnt\n|faint|p2a: Pelipper\n|\n|-weather|RainDance|[upkeep]\n|-heal|p1b: Archaludon|44/100|[from] item: Leftovers\n|upkeep\n|\n|t:|1776557807\n|switch|p2a: Meganium|Meganium, L50, F|100/100\n|turn|4\n|\n|t:|1776557818\n|detailschange|p2a: Meganium|Meganium-Mega, L50, F\n|-mega|p2a: Meganium|Meganium|Meganiumite\n|move|p2b: Milotic|Protect|p2b: Milotic\n|-singleturn|p2b: Milotic|Protect\n|move|p1a: Politoed|Protect|p1a: Politoed\n|-singleturn|p1a: Politoed|Protect\n|move|p2a: Meganium|Weather Ball|p1b: Archaludon\n|-damage|p1b: Archaludon|0 fnt\n|faint|p1b: Archaludon\n|\n|-weather|RainDance|[upkeep]\n|-sideend|p2: AaronAstro|move: Tailwind\n|upkeep\n|\n|t:|1776557833\n|switch|p1b: Dragonite|Dragonite-Mega, L50, M|61/100 frz\n|turn|5\n|\n|t:|1776557846\n|cant|p1b: Dragonite|frz\n|move|p2a: Meganium|Solar Beam||[still]\n|-prepare|p2a: Meganium|Solar Beam\n|-activate|p2a: Meganium|ability: Mega Sol\n|-anim|p2a: Meganium|Solar Beam|p1a: Politoed\n|-supereffective|p1a: Politoed|1\n|-damage|p1a: Politoed|0 fnt\n|faint|p1a: Politoed\n|move|p2b: Milotic|Ice Beam|p1b: Dragonite\n|-supereffective|p1b: Dragonite|2\n|-crit|p1b: Dragonite\n|-damage|p1b: Dragonite|0 fnt\n|faint|p1b: Dragonite\n|\n|-weather|none\n|upkeep\n|\n|t:|1776557850\n|switch|p1a: Basculegion|Basculegion, L50, M|100/100\n|turn|6\n|\n|t:|1776557863\n|move|p2b: Milotic|Protect|p2b: Milotic\n|-singleturn|p2b: Milotic|Protect\n|move|p1a: Basculegion|Last Respects|p2a: Meganium\n|-damage|p2a: Meganium|30/100\n|move|p2a: Meganium|Solar Beam||[still]\n|-prepare|p2a: Meganium|Solar Beam\n|-activate|p2a: Meganium|ability: Mega Sol\n|-anim|p2a: Meganium|Solar Beam|p1a: Basculegion\n|-supereffective|p1a: Basculegion|1\n|-damage|p1a: Basculegion|0 fnt\n|faint|p1a: Basculegion\n|\n|win|AaronAstro\n|raw|Mon_Dummy01's rating: 1000 &rarr; <strong>1000</strong><br />(+0 for losing)\n|raw|AaronAstro's rating: 1030 &rarr; <strong>1062</strong><br />(+32 for winning)\n|c|\u2606Mon_Dummy01|Gg\n|c|\u2606AaronAstro|gg\n",
  "uploadtime": 1776557879,
  "views": 15,
  "formatid": "gen9championsvgc2026regma",
  "rating": 1000,
  "private": 0,
  "password": null
}