{
  "id": "gen9championsvgc2026regma-2588020290",
  "format": "[Gen 9 Champions] VGC 2026 Reg M-A",
  "players": [
    "Navizz0",
    "variskano"
  ],
  "log": "|j|\u2606Navizz0\n|j|\u2606variskano\n|t:|1776593927\n|gametype|doubles\n|player|p1|Navizz0|ethan|1187\n|player|p2|variskano|169|1189\n|gen|9\n|tier|[Gen 9 Champions] VGC 2026 Reg M-A\n|rated|\n|rule|Species Clause: Limit one of each Pok\u00e9mon\n|rule|Item Clause: Limit 1 of each item\n|clearpoke\n|poke|p1|Charizard, L50, M|\n|poke|p1|Aerodactyl, L50, F|\n|poke|p1|Sneasler, L50, F|\n|poke|p1|Clefable, L50, M|\n|poke|p1|Milotic, L50, F|\n|poke|p1|Hydreigon, L50, F|\n|poke|p2|Sneasler, L50, M|\n|poke|p2|Meowscarada, L50, M|\n|poke|p2|Floette-Eternal, L50, F|\n|poke|p2|Whimsicott, L50, F|\n|poke|p2|Primarina, L50, F|\n|poke|p2|Incineroar, L50, F|\n|teampreview|4\n|inactive|Battle timer is ON: inactive players will automatically lose when time's up. (requested by variskano)\n|inactive|Navizz0 also wants the timer to be on.\n|inactive|Navizz0 has 60 seconds left.\n|\n|t:|1776593964\n|teamsize|p1|4\n|teamsize|p2|4\n|start\n|switch|p1a: Sneasler|Sneasler, L50, F|100/100\n|switch|p1b: Aerodactyl|Aerodactyl, L50, F|100/100\n|switch|p2a: Whimsicott|Whimsicott, L50, F|100/100\n|switch|p2b: Sneasler|Sneasler, L50, M|100/100\n|-ability|p1b: Aerodactyl|Unnerve\n|turn|1\n|\n|t:|1776593979\n|move|p2b: Sneasler|Fake Out|p1b: Aerodactyl\n|-resisted|p1b: Aerodactyl|1\n|-damage|p1b: Aerodactyl|88/100\n|move|p2a: Whimsicott|Tailwind|p2a: Whimsicott\n|-sidestart|p2: variskano|move: Tailwind\n|cant|p1b: Aerodactyl|flinch\n|move|p1a: Sneasler|Close Combat|p2a: Whimsicott\n|-resisted|p2a: Whimsicott|1\n|-damage|p2a: Whimsicott|67/100\n|-unboost|p1a: Sneasler|def|1\n|-unboost|p1a: Sneasler|spd|1\n|-enditem|p1a: Sneasler|White Herb\n|-clearnegativeboost|p1a: Sneasler|[silent]\n|\n|upkeep\n|turn|2\n|\n|t:|1776594001\n|move|p2a: Whimsicott|Encore|p1a: Sneasler\n|-start|p1a: Sneasler|Encore\n|move|p1a: Sneasler|Close Combat|p2b: Sneasler\n|-resisted|p2b: Sneasler|1\n|-damage|p2b: Sneasler|43/100\n|-unboost|p1a: Sneasler|def|1\n|-unboost|p1a: Sneasler|spd|1\n|move|p2b: Sneasler|Close Combat|p1b: Aerodactyl\n|-damage|p1b: Aerodactyl|0 fnt\n|-unboost|p2b: Sneasler|def|1\n|-unboost|p2b: Sneasler|spd|1\n|faint|p1b: Aerodactyl\n|-enditem|p2b: Sneasler|White Herb\n|-clearnegativeboost|p2b: Sneasler|[silent]\n|\n|upkeep\n|\n|t:|1776594026\n|switch|p1b: Charizard|Charizard, L50, M|100/100\n|turn|3\n|\n|t:|1776594038\n|switch|p2a: Primarina|Primarina, L50, F|100/100\n|move|p1b: Charizard|Protect|p1b: Charizard\n|-singleturn|p1b: Charizard|Protect\n|move|p2b: Sneasler|Close Combat|p1a: Sneasler\n|-resisted|p1a: Sneasler|1\n|-damage|p1a: Sneasler|13/100\n|-unboost|p2b: Sneasler|def|1\n|-unboost|p2b: Sneasler|spd|1\n|move|p1a: Sneasler|Close Combat|p2b: Sneasler\n|-resisted|p2b: Sneasler|1\n|-damage|p2b: Sneasler|0 fnt\n|-unboost|p1a: Sneasler|def|1\n|-unboost|p1a: Sneasler|spd|1\n|faint|p2b: Sneasler\n|\n|upkeep\n|\n|t:|1776594051\n|switch|p2b: Whimsicott|Whimsicott, L50, F|67/100\n|turn|4\n|\n|t:|1776594059\n|switch|p1a: Clefable|Clefable, L50, M|100/100\n|detailschange|p1b: Charizard|Charizard-Mega-X, L50, M\n|-mega|p1b: Charizard|Charizard|Charizardite X\n|move|p2b: Whimsicott|Encore|p1b: Charizard\n|-start|p1b: Charizard|Encore\n|move|p1b: Charizard|Protect||[still]\n|-fail|p1b: Charizard\n|move|p2a: Primarina|Hyper Voice|p1b: Charizard|[spread] p1a,p1b\n|-damage|p1a: Clefable|58/100\n|-damage|p1b: Charizard|44/100\n|\n|-sideend|p2: variskano|move: Tailwind\n|upkeep\n|turn|5\n|\n|t:|1776594076\n|move|p1b: Charizard|Protect|p1b: Charizard\n|-singleturn|p1b: Charizard|Protect\n|move|p2b: Whimsicott|Tailwind|p2b: Whimsicott\n|-sidestart|p2: variskano|move: Tailwind\n|move|p2a: Primarina|Hyper Voice|p1a: Clefable|[spread] p1a\n|-activate|p1b: Charizard|move: Protect\n|-damage|p1a: Clefable|12/100\n|-enditem|p1a: Clefable|Sitrus Berry|[eat]\n|-heal|p1a: Clefable|37/100|[from] item: Sitrus Berry\n|move|p1a: Clefable|Moonblast|p2b: Whimsicott\n|-damage|p2b: Whimsicott|34/100\n|-unboost|p2b: Whimsicott|spa|1\n|\n|upkeep\n|turn|6\n|\n|t:|1776594093\n|move|p1b: Charizard|Protect|p1b: Charizard\n|-singleturn|p1b: Charizard|Protect\n|move|p2b: Whimsicott|Moonblast|p1a: Clefable\n|-damage|p1a: Clefable|7/100\n|move|p2a: Primarina|Hyper Voice|p1b: Charizard|[spread] p1a\n|-activate|p1b: Charizard|move: Protect\n|-damage|p1a: Clefable|0 fnt\n|faint|p1a: Clefable\n|\n|-end|p1b: Charizard|Encore\n|upkeep\n|\n|t:|1776594098\n|switch|p1a: Sneasler|Sneasler, L50, F|13/100\n|turn|7\n|\n|t:|1776594111\n|move|p2a: Primarina|Protect|p2a: Primarina\n|-singleturn|p2a: Primarina|Protect\n|move|p1a: Sneasler|Fake Out|p2a: Primarina\n|-activate|p2a: Primarina|move: Protect\n|move|p2b: Whimsicott|Encore|p1b: Charizard\n|-start|p1b: Charizard|Encore\n|move|p1b: Charizard|Protect||[still]\n|-fail|p1b: Charizard\n|\n|upkeep\n|turn|8\n|-message|Navizz0 forfeited.\n|\n|win|variskano\n|raw|Navizz0's rating: 1187 &rarr; <strong>1162</strong><br />(-25 for losing)\n|raw|variskano's rating: 1189 &rarr; <strong>1214</strong><br />(+25 for winning)\n|l|\u2606Navizz0\n|player|p1|\n|l|\u2606variskano\n|player|p2|\n|j|\u2606variskano\n|player|p2|variskano|169|\n",
  "uploadtime": 1776594178,
  "views": 14,
  "formatid": "gen9championsvgc2026regma",
  "rating": 1162,
  "private": 0,
  "password": null
}