{
  "id": "gen9championsvgc2026regma-2581139691",
  "format": "[Gen 9 Champions] VGC 2026 Reg M-A",
  "players": [
    "alobathan",
    "Seris03"
  ],
  "log": "|j|\u2606alobathan\n|j|\u2606Seris03\n|t:|1775963697\n|gametype|doubles\n|player|p1|alobathan|266|1188\n|player|p2|Seris03|serena|1195\n|gen|9\n|tier|[Gen 9 Champions] VGC 2026 Reg M-A\n|rated|\n|rule|Species Clause: Limit one of each Pok\u00e9mon\n|rule|Item Clause: Limit 1 of each item\n|clearpoke\n|poke|p1|Floette-Eternal, L50, F|\n|poke|p1|Garchomp, L50, F|\n|poke|p1|Talonflame, L50, M|\n|poke|p1|Rotom-Wash, L50|\n|poke|p1|Sneasler, L50, F|\n|poke|p1|Maushold-Four, L50|\n|poke|p2|Gengar, L50, M|\n|poke|p2|Politoed, L50, F|\n|poke|p2|Incineroar, L50, M|\n|poke|p2|Scizor, L50, M|\n|poke|p2|Basculegion, L50, M|\n|poke|p2|Sinistcha, L50|\n|teampreview|4\n|c|\u2606Seris03|glhf\nSeris03 has agreed to open team sheets.\n|inactive|Battle timer is ON: inactive players will automatically lose when time's up. (requested by alobathan)\n|inactive|Seris03 has 60 seconds left.\n|\n|t:|1775963762\n|teamsize|p1|4\n|teamsize|p2|4\n|start\n|switch|p1a: Maushold|Maushold-Four, L50|100/100\n|switch|p1b: Floette|Floette-Eternal, L50, F|100/100\n|switch|p2a: Scizor|Scizor, L50, M|100/100\n|switch|p2b: Basculegion|Basculegion, L50, M|100/100\n|turn|1\n|inactive|Seris03 has 30 seconds left.\n|\n|t:|1775963795\n|detailschange|p2a: Scizor|Scizor-Mega, L50, M\n|-mega|p2a: Scizor|Scizor|Scizorite\n|move|p1a: Maushold|Follow Me|p1a: Maushold\n|-singleturn|p1a: Maushold|move: Follow Me\n|move|p2b: Basculegion|Wave Crash|p1a: Maushold\n|-damage|p1a: Maushold|1/100\n|-damage|p2b: Basculegion|71/100|[from] Recoil\n|move|p1b: Floette|Calm Mind|p1b: Floette\n|-boost|p1b: Floette|spa|1\n|-boost|p1b: Floette|spd|1\n|move|p2a: Scizor|Swords Dance|p2a: Scizor\n|-boost|p2a: Scizor|atk|2\n|\n|upkeep\n|turn|2\n|inactive|alobathan has 30 seconds left.\n|\n|t:|1775963822\n|detailschange|p1b: Floette|Floette-Mega, L50, F\n|-mega|p1b: Floette|Floette|Floettite\n|-ability|p1b: Floette|Fairy Aura\n|move|p1a: Maushold|Follow Me|p1a: Maushold\n|-singleturn|p1a: Maushold|move: Follow Me\n|move|p2b: Basculegion|Wave Crash|p1a: Maushold\n|-damage|p1a: Maushold|0 fnt\n|faint|p1a: Maushold\n|-damage|p2b: Basculegion|70/100|[from] Recoil\n|move|p1b: Floette|Dazzling Gleam|p2b: Basculegion|[spread] p2a,p2b\n|-resisted|p2a: Scizor|1\n|-damage|p2a: Scizor|67/100\n|-damage|p2b: Basculegion|0 fnt\n|faint|p2b: Basculegion\n|move|p2a: Scizor|Swords Dance|p2a: Scizor\n|-boost|p2a: Scizor|atk|2\n|\n|upkeep\n|\n|t:|1775963834\n|switch|p1a: Talonflame|Talonflame, L50, M|100/100\n|switch|p2b: Sinistcha|Sinistcha, L50|100/100\n|-heal|p2a: Scizor|92/100|[from] ability: Hospitality|[of] p2b: Sinistcha\n|turn|3\n|inactive|Seris03 has 30 seconds left.\n|\n|t:|1775963864\n|switch|p2b: Politoed|Politoed, L50, F|100/100\n|-weather|RainDance|[from] ability: Drizzle|[of] p2b: Politoed\n|move|p1b: Floette|Protect|p1b: Floette\n|-singleturn|p1b: Floette|Protect\n|move|p2a: Scizor|Bullet Punch|p1b: Floette\n|-activate|p1b: Floette|move: Protect\n|move|p1a: Talonflame|Temper Flare|p2a: Scizor\n|-supereffective|p2a: Scizor|2\n|-damage|p2a: Scizor|45/100\n|\n|-weather|RainDance|[upkeep]\n|upkeep\n|turn|4\n|inactive|alobathan has 30 seconds left.\n|\n|t:|1775963892\n|switch|p1b: Rotom|Rotom-Wash, L50|100/100\n|switch|p2b: Sinistcha|Sinistcha, L50|100/100\n|-heal|p2a: Scizor|69/100|[from] ability: Hospitality|[of] p2b: Sinistcha\n|move|p1a: Talonflame|Tailwind|p1a: Talonflame\n|-sidestart|p1: alobathan|move: Tailwind\n|move|p2a: Scizor|Bullet Punch|p1b: Rotom\n|-resisted|p1b: Rotom|2\n|-damage|p1b: Rotom|71/100\n|\n|-weather|RainDance|[upkeep]\n|upkeep\n|turn|5\n|inactive|Seris03 has 30 seconds left.\n|\n|t:|1775963919\n|move|p2b: Sinistcha|Rage Powder|p2b: Sinistcha\n|-singleturn|p2b: Sinistcha|move: Rage Powder\n|move|p1a: Talonflame|Temper Flare|p2b: Sinistcha\n|-supereffective|p2b: Sinistcha|1\n|-damage|p2b: Sinistcha|69/100\n|move|p1b: Rotom|Hydro Pump|p2b: Sinistcha\n|-resisted|p2b: Sinistcha|1\n|-damage|p2b: Sinistcha|37/100\n|move|p2a: Scizor|Bug Bite|p1b: Rotom\n|-damage|p1b: Rotom|0 fnt\n|-enditem|p1b: Rotom|Sitrus Berry|[from] stealeat|[move] Bug Bite|[of] p2a: Scizor\n|-heal|p2a: Scizor|94/100|[from] item: Sitrus Berry\n|faint|p1b: Rotom\n|\n|-weather|RainDance|[upkeep]\n|upkeep\n|\n|t:|1775963926\n|switch|p1b: Floette|Floette-Mega, L50, F|100/100\n|-ability|p1b: Floette|Fairy Aura\n|turn|6\n|inactive|alobathan has 30 seconds left.\n|\n|t:|1775963960\n|move|p1b: Floette|Protect|p1b: Floette\n|-singleturn|p1b: Floette|Protect\n|move|p2b: Sinistcha|Rage Powder|p2b: Sinistcha\n|-singleturn|p2b: Sinistcha|move: Rage Powder\n|move|p1a: Talonflame|Dual Wingbeat|p2b: Sinistcha\n|-supereffective|p2b: Sinistcha|1\n|-damage|p2b: Sinistcha|2/100\n|-supereffective|p2b: Sinistcha|1\n|-damage|p2b: Sinistcha|0 fnt\n|faint|p2b: Sinistcha\n|-hitcount|p2: Sinistcha|2\n|move|p2a: Scizor|Bug Bite|p1a: Talonflame\n|-resisted|p1a: Talonflame|2\n|-damage|p1a: Talonflame|46/100\n|\n|-weather|RainDance|[upkeep]\n|upkeep\n|\n|t:|1775963963\n|switch|p2b: Politoed|Politoed, L50, F|100/100\n|turn|7\n|\n|t:|1775963977\n|move|p2a: Scizor|Bullet Punch|p1b: Floette\n|-supereffective|p1b: Floette|1\n|-damage|p1b: Floette|0 fnt\n|faint|p1b: Floette\n|move|p1a: Talonflame|Temper Flare|p2a: Scizor\n|-supereffective|p2a: Scizor|2\n|-damage|p2a: Scizor|54/100\n|move|p2b: Politoed|Weather Ball|p1a: Talonflame\n|-supereffective|p1a: Talonflame|1\n|-damage|p1a: Talonflame|0 fnt\n|faint|p1a: Talonflame\n|\n|win|Seris03\n|raw|alobathan's rating: 1188 &rarr; <strong>1164</strong><br />(-24 for losing)\n|raw|Seris03's rating: 1195 &rarr; <strong>1219</strong><br />(+24 for winning)\n|l|\u2606alobathan\n|player|p1|\n",
  "uploadtime": 1775963992,
  "views": 19,
  "formatid": "gen9championsvgc2026regma",
  "rating": 1164,
  "private": 0,
  "password": null
}