{
  "id": "gen9championsvgc2026regma-2586088309",
  "format": "[Gen 9 Champions] VGC 2026 Reg M-A",
  "players": [
    "inb_178",
    "jadex842"
  ],
  "log": "|j|\u2606inb_178\n|j|\u2606jadex842\n|t:|1776397687\n|gametype|doubles\n|player|p1|inb_178|170|1090\n|player|p2|jadex842|ghetsis|1150\n|gen|9\n|tier|[Gen 9 Champions] VGC 2026 Reg M-A\n|rated|\n|rule|Species Clause: Limit one of each Pok\u00e9mon\n|rule|Item Clause: Limit 1 of each item\n|clearpoke\n|poke|p1|Floette-Eternal, L50, F|\n|poke|p1|Palafin, L50, F|\n|poke|p1|Pelipper, L50, F|\n|poke|p1|Incineroar, L50, F|\n|poke|p1|Garchomp, L50, M|\n|poke|p1|Sinistcha-Masterpiece, L50|\n|poke|p2|Skarmory, L50, F|\n|poke|p2|Araquanid, L50, M|\n|poke|p2|Sinistcha-Masterpiece, L50|\n|poke|p2|Sneasler, L50, M|\n|poke|p2|Garchomp, L50, F|\n|poke|p2|Rotom-Heat, L50|\n|teampreview|4\n|\n|t:|1776397721\n|teamsize|p1|4\n|teamsize|p2|4\n|start\n|switch|p1a: Palafin|Palafin, L50, F|100/100\n|switch|p1b: Incineroar|Incineroar, L50, F|100/100\n|switch|p2a: Skarmory|Skarmory, L50, F|100/100\n|switch|p2b: Sneasler|Sneasler, L50, M|100/100\n|-ability|p1b: Incineroar|Intimidate|boost\n|-unboost|p2a: Skarmory|atk|1\n|-unboost|p2b: Sneasler|atk|1\n|turn|1\n|inactive|Battle timer is ON: inactive players will automatically lose when time's up. (requested by jadex842)\n|\n|t:|1776397747\n|detailschange|p1a: Palafin|Palafin-Hero, L50, F\n|switch|p1a: Pelipper|Pelipper, L50, F|100/100\n|-weather|RainDance|[from] ability: Drizzle|[of] p1a: Pelipper\n|detailschange|p2a: Skarmory|Skarmory-Mega, L50, F\n|-mega|p2a: Skarmory|Skarmory|Skarmorite\n|move|p2b: Sneasler|Fake Out|p1b: Incineroar\n|-damage|p1b: Incineroar|93/100\n|move|p2a: Skarmory|Rock Slide|p1b: Incineroar|[spread] p1a,p1b\n|-supereffective|p1a: Pelipper|1\n|-supereffective|p1b: Incineroar|1\n|-damage|p1a: Pelipper|58/100\n|-damage|p1b: Incineroar|65/100\n|cant|p1b: Incineroar|flinch\n|\n|-weather|RainDance|[upkeep]\n|upkeep\n|turn|2\n|\n|t:|1776397772\n|move|p1a: Pelipper|Wide Guard|p1a: Pelipper\n|-singleturn|p1a: Pelipper|Wide Guard\n|move|p2b: Sneasler|Dire Claw|p1a: Pelipper\n|-damage|p1a: Pelipper|22/100\n|move|p2a: Skarmory|Rock Slide|p1b: Incineroar|[spread] \n|-activate|p1a: Pelipper|move: Wide Guard\n|-activate|p1b: Incineroar|move: Wide Guard\n|move|p1b: Incineroar|Parting Shot|p2a: Skarmory\n|-unboost|p2a: Skarmory|atk|1\n|-unboost|p2a: Skarmory|spa|1\n|\n|t:|1776397788\n|switch|p1b: Palafin|Palafin-Hero, L50, F|100/100|[from] Parting Shot\n|-activate|p1b: Palafin|ability: Zero to Hero\n|\n|-weather|RainDance|[upkeep]\n|upkeep\n|turn|3\n|\n|t:|1776397802\n|switch|p2a: Garchomp|Garchomp, L50, F, shiny|100/100\n|switch|p1a: Incineroar|Incineroar, L50, F|65/100\n|-ability|p1a: Incineroar|Intimidate|boost\n|-unboost|p2a: Garchomp|atk|1\n|-unboost|p2b: Sneasler|atk|1\n|move|p2b: Sneasler|Dire Claw|p1a: Incineroar\n|-damage|p1a: Incineroar|47/100\n|-enditem|p1a: Incineroar|Sitrus Berry|[eat]\n|-heal|p1a: Incineroar|71/100|[from] item: Sitrus Berry\n|move|p1b: Palafin|Wave Crash|p2a: Garchomp\n|-damage|p2a: Garchomp|0 fnt\n|-damage|p1b: Palafin|88/100|[from] ability: Rough Skin|[of] p2a: Garchomp\n|faint|p2a: Garchomp\n|-damage|p1b: Palafin|59/100|[from] Recoil\n|\n|-weather|RainDance|[upkeep]\n|upkeep\n|\n|t:|1776397820\n|switch|p2a: Rotom|Rotom-Heat, L50|100/100\n|turn|4\n|inactive|inb_178 has 30 seconds left.\n|\n|t:|1776397847\n|switch|p2b: Skarmory|Skarmory-Mega, L50, F|100/100\n|switch|p1a: Sinistcha|Sinistcha-Masterpiece, L50|100/100\n|-heal|p1b: Palafin|84/100|[from] ability: Hospitality|[of] p1a: Sinistcha\n|move|p2a: Rotom|Volt Switch|p1b: Palafin\n|-supereffective|p1b: Palafin|1\n|-damage|p1b: Palafin|25/100\n|\n|t:|1776397855\n|switch|p2a: Sneasler|Sneasler, L50, M|100/100|[from] Volt Switch\n|move|p1b: Palafin|Wave Crash|p2a: Sneasler\n|-enditem|p2a: Sneasler|Focus Sash\n|-damage|p2a: Sneasler|1/100\n|-damage|p1b: Palafin|0 fnt|[from] Recoil\n|faint|p1b: Palafin\n|\n|-weather|RainDance|[upkeep]\n|upkeep\n|\n|t:|1776397870\n|switch|p1b: Incineroar|Incineroar, L50, F|71/100\n|-ability|p1b: Incineroar|Intimidate|boost\n|-unboost|p2a: Sneasler|atk|1\n|-unboost|p2b: Skarmory|atk|1\n|turn|5\n|\n|t:|1776397893\n|move|p1a: Sinistcha|Protect|p1a: Sinistcha\n|-singleturn|p1a: Sinistcha|Protect\n|move|p2a: Sneasler|Fake Out|p1b: Incineroar\n|-damage|p1b: Incineroar|63/100\n|move|p2b: Skarmory|Drill Peck|p1a: Sinistcha\n|-activate|p1a: Sinistcha|move: Protect\n|cant|p1b: Incineroar|flinch\n|\n|-weather|none\n|upkeep\n|turn|6\n|inactive|jadex842 has 30 seconds left.\n|\n|t:|1776397924\n|move|p2a: Sneasler|Dire Claw|p1b: Incineroar\n|-damage|p1b: Incineroar|40/100\n|-status|p1b: Incineroar|psn\n|move|p2b: Skarmory|Drill Peck|p1a: Sinistcha\n|-supereffective|p1a: Sinistcha|1\n|-damage|p1a: Sinistcha|50/100\n|move|p1a: Sinistcha|Life Dew|p1a: Sinistcha|[spread] p1a,p1b\n|-heal|p1a: Sinistcha|75/100\n|-heal|p1b: Incineroar|65/100 psn\n|move|p1b: Incineroar|Parting Shot|p2b: Skarmory\n|-unboost|p2b: Skarmory|atk|1\n|-unboost|p2b: Skarmory|spa|1\n|\n|t:|1776397940\n|switch|p1b: Pelipper|Pelipper, L50, F|22/100|[from] Parting Shot\n|-weather|RainDance|[from] ability: Drizzle|[of] p1b: Pelipper\n|\n|-weather|RainDance|[upkeep]\n|upkeep\n|turn|7\n|\n|t:|1776397950\n|switch|p2b: Rotom|Rotom-Heat, L50|100/100\n|switch|p1b: Incineroar|Incineroar, L50, F|65/100 psn\n|-ability|p1b: Incineroar|Intimidate|boost\n|-unboost|p2a: Sneasler|atk|1\n|-unboost|p2b: Rotom|atk|1\n|move|p2a: Sneasler|Dire Claw|p1b: Incineroar\n|-damage|p1b: Incineroar|47/100 psn\n|move|p1a: Sinistcha|Matcha Gotcha|p2a: Sneasler|[spread] p2a,p2b\n|-resisted|p2a: Sneasler|1\n|-resisted|p2b: Rotom|1\n|-damage|p2a: Sneasler|0 fnt\n|-heal|p1a: Sinistcha|76/100|[from] drain|[of] p2a: Sneasler\n|-damage|p2b: Rotom|84/100\n|-heal|p1a: Sinistcha|82/100|[from] drain|[of] p2b: Rotom\n|faint|p2a: Sneasler\n|\n|-weather|RainDance|[upkeep]\n|-damage|p1b: Incineroar|34/100 psn|[from] psn\n|upkeep\n|\n|t:|1776397961\n|switch|p2a: Skarmory|Skarmory-Mega, L50, F|100/100\n|turn|8\n|inactive|jadex842 has 30 seconds left.\n|\n|t:|1776397990\n|switch|p1b: Pelipper|Pelipper, L50, F|22/100\n|move|p1a: Sinistcha|Rage Powder|p1a: Sinistcha\n|-singleturn|p1a: Sinistcha|move: Rage Powder\n|move|p2b: Rotom|Thunderbolt|p1a: Sinistcha\n|-resisted|p1a: Sinistcha|1\n|-damage|p1a: Sinistcha|58/100\n|move|p2a: Skarmory|Rock Slide|p1a: Sinistcha|[spread] p1a,p1b\n|-supereffective|p1b: Pelipper|1\n|-damage|p1a: Sinistcha|42/100\n|-damage|p1b: Pelipper|0 fnt\n|faint|p1b: Pelipper\n|\n|-weather|RainDance|[upkeep]\n|upkeep\n|\n|t:|1776398005\n|switch|p1b: Incineroar|Incineroar, L50, F|34/100 psn\n|-ability|p1b: Incineroar|Intimidate|boost\n|-unboost|p2a: Skarmory|atk|1\n|-unboost|p2b: Rotom|atk|1\n|turn|9\n|\n|t:|1776398017\n|move|p2a: Skarmory|Protect|p2a: Skarmory\n|-singleturn|p2a: Skarmory|Protect\n|move|p1b: Incineroar|Fake Out|p2a: Skarmory\n|-activate|p2a: Skarmory|move: Protect\n|move|p2b: Rotom|Thunderbolt|p1b: Incineroar\n|-crit|p1b: Incineroar\n|-damage|p1b: Incineroar|0 fnt\n|faint|p1b: Incineroar\n|move|p1a: Sinistcha|Life Dew|p1a: Sinistcha\n|-heal|p1a: Sinistcha|67/100\n|\n|-weather|RainDance|[upkeep]\n|upkeep\n|turn|10\n|inactive|inb_178 has 30 seconds left.\n|inactive|inb_178 has 20 seconds left.\n|inactive|inb_178 has 15 seconds left.\n|inactive|inb_178 has 10 seconds left.\n|inactive|inb_178 has 5 seconds left.\n|-activate|p1a: Sinistcha|item: Quick Claw\n|\n|t:|1776398072\n|move|p1a: Sinistcha|Rage Powder|p1a: Sinistcha\n|-singleturn|p1a: Sinistcha|move: Rage Powder\n|move|p2b: Rotom|Thunderbolt|p1a: Sinistcha\n|-resisted|p1a: Sinistcha|1\n|-damage|p1a: Sinistcha|42/100\n|-status|p1a: Sinistcha|par\n|move|p2a: Skarmory|Drill Peck|p1a: Sinistcha\n|-supereffective|p1a: Sinistcha|1\n|-damage|p1a: Sinistcha|0 fnt\n|faint|p1a: Sinistcha\n|\n|win|jadex842\n|raw|inb_178's rating: 1090 &rarr; <strong>1071</strong><br />(-19 for losing)\n|raw|jadex842's rating: 1150 &rarr; <strong>1171</strong><br />(+21 for winning)\n",
  "uploadtime": 1776398087,
  "views": 15,
  "formatid": "gen9championsvgc2026regma",
  "rating": 1071,
  "private": 0,
  "password": null
}