{
  "id": "gen9championsvgc2026regma-2582030143",
  "format": "[Gen 9 Champions] VGC 2026 Reg M-A",
  "players": [
    "Bigmanbattle",
    "lazerlikessyrup"
  ],
  "log": "|j|\u2606Bigmanbattle\n|j|\u2606lazerlikessyrup\n|t:|1776049977\n|gametype|doubles\n|player|p1|Bigmanbattle|crasherwake|\n|player|p2|lazerlikessyrup|101|\n|gen|9\n|tier|[Gen 9 Champions] VGC 2026 Reg M-A\n|rule|Species Clause: Limit one of each Pok\u00e9mon\n|rule|Item Clause: Limit 1 of each item\n|clearpoke\n|poke|p1|Greninja-*, L50, M|\n|poke|p1|Aegislash, L50, M|\n|poke|p1|Sneasler, L50, F|\n|poke|p1|Garchomp, L50, M|\n|poke|p1|Talonflame, L50, M|\n|poke|p1|Ninetales-Alola, L50, F|\n|poke|p2|Meganium, L50, F|\n|poke|p2|Pelipper, L50, M|\n|poke|p2|Basculegion, L50, M|\n|poke|p2|Archaludon, L50, F|\n|poke|p2|Toxicroak, L50, F|\n|poke|p2|Incineroar, L50, M|\n|teampreview|4\n|\n|t:|1776050006\n|teamsize|p1|4\n|teamsize|p2|4\n|start\n|switch|p1a: Aegislash|Aegislash, L50, M|100/100\n|switch|p1b: Sneasler|Sneasler, L50, F|100/100\n|switch|p2a: Meganium|Meganium, L50, F, shiny|100/100\n|switch|p2b: Pelipper|Pelipper, L50, M|100/100\n|-weather|RainDance|[from] ability: Drizzle|[of] p2b: Pelipper\n|turn|1\n|\n|t:|1776050035\n|switch|p2a: Basculegion|Basculegion, L50, M|100/100\n|move|p1b: Sneasler|Fake Out|p2b: Pelipper\n|-damage|p2b: Pelipper|89/100\n|move|p1a: Aegislash|Swords Dance|p1a: Aegislash\n|-boost|p1a: Aegislash|atk|2\n|cant|p2b: Pelipper|flinch\n|\n|-weather|RainDance|[upkeep]\n|upkeep\n|turn|2\n|\n|t:|1776050064\n|switch|p1b: Ninetales|Ninetales-Alola, L50, F|100/100\n|-weather|Snowscape|[from] ability: Snow Warning|[of] p1b: Ninetales\n|move|p1a: Aegislash|King's Shield|p1a: Aegislash\n|-singleturn|p1a: Aegislash|Protect\n|move|p2a: Basculegion|Phantom Force||[still]\n|-prepare|p2a: Basculegion|Phantom Force\n|move|p2b: Pelipper|Tailwind|p2b: Pelipper\n|-sidestart|p2: lazerlikessyrup|move: Tailwind\n|\n|-weather|Snowscape|[upkeep]\n|upkeep\n|turn|3\n|\n|t:|1776050093\n|switch|p2b: Archaludon|Archaludon, L50, F|100/100\n|move|p2a: Basculegion|Phantom Force|p1a: Aegislash|[from] lockedmove\n|-supereffective|p1a: Aegislash|1\n|-damage|p1a: Aegislash|36/100\n|move|p1b: Ninetales|Aurora Veil|p1b: Ninetales\n|-sidestart|p1: Bigmanbattle|move: Aurora Veil\n|-formechange|p1a: Aegislash|Aegislash-Blade|\n|move|p1a: Aegislash|Sacred Sword|p2b: Archaludon\n|-supereffective|p2b: Archaludon|1\n|-damage|p2b: Archaludon|0 fnt\n|faint|p2b: Archaludon\n|\n|-weather|Snowscape|[upkeep]\n|upkeep\n|\n|t:|1776050106\n|switch|p2b: Pelipper|Pelipper, L50, M|89/100\n|-weather|RainDance|[from] ability: Drizzle|[of] p2b: Pelipper\n|turn|4\n|\n|t:|1776050137\n|switch|p1b: Greninja|Greninja, L50, M, shiny|100/100\n|move|p2a: Basculegion|Wave Crash|p1a: Aegislash\n|-damage|p1a: Aegislash|0 fnt\n|faint|p1a: Aegislash\n|-damage|p2a: Basculegion|91/100|[from] Recoil\n|move|p2b: Pelipper|Weather Ball|p1b: Greninja\n|-resisted|p1b: Greninja|1\n|-damage|p1b: Greninja|77/100\n|\n|-weather|RainDance|[upkeep]\n|upkeep\n|inactive|Battle timer is ON: inactive players will automatically lose when time's up. (requested by lazerlikessyrup)\n|\n|t:|1776050151\n|switch|p1a: Ninetales|Ninetales-Alola, L50, F|100/100\n|-weather|Snowscape|[from] ability: Snow Warning|[of] p1a: Ninetales\n|turn|5\n|\n|t:|1776050167\n|switch|p2b: Meganium|Meganium, L50, F, shiny|100/100\n|detailschange|p1b: Greninja|Greninja-Mega, L50, M, shiny\n|-mega|p1b: Greninja|Greninja|Greninjite\n|move|p2a: Basculegion|Protect|p2a: Basculegion\n|-singleturn|p2a: Basculegion|Protect\n|move|p1b: Greninja|Blizzard|p2a: Basculegion|[spread] p2b\n|-start|p1b: Greninja|typechange|Ice|[from] ability: Protean\n|-activate|p2a: Basculegion|move: Protect\n|-supereffective|p2b: Meganium|1\n|-damage|p2b: Meganium|0 fnt\n|faint|p2b: Meganium\n|move|p1a: Ninetales|Blizzard|p2a: Basculegion\n|-activate|p2a: Basculegion|move: Protect\n|\n|-weather|Snowscape|[upkeep]\n|-sideend|p2: lazerlikessyrup|move: Tailwind\n|upkeep\n|\n|t:|1776050182\n|switch|p2b: Pelipper|Pelipper, L50, M|89/100\n|-weather|RainDance|[from] ability: Drizzle|[of] p2b: Pelipper\n|turn|6\n|inactive|Bigmanbattle has 30 seconds left.\n|\n|t:|1776050211\n|switch|p1a: Sneasler|Sneasler, L50, F|100/100\n|move|p2a: Basculegion|Wave Crash|p1b: Greninja\n|-damage|p1b: Greninja|0 fnt\n|faint|p1b: Greninja\n|-damage|p2a: Basculegion|72/100|[from] Recoil\n|move|p2b: Pelipper|Hurricane|p1a: Sneasler\n|-supereffective|p1a: Sneasler|1\n|-damage|p1a: Sneasler|36/100\n|\n|-weather|RainDance|[upkeep]\n|upkeep\n|\n|t:|1776050223\n|switch|p1b: Ninetales|Ninetales-Alola, L50, F|100/100\n|-weather|Snowscape|[from] ability: Snow Warning|[of] p1b: Ninetales\n|turn|7\n|inactive|lazerlikessyrup has 30 seconds left.\n|\n|t:|1776050258\n|move|p1a: Sneasler|Fake Out|p2a: Basculegion\n|-immune|p2a: Basculegion\n|move|p2a: Basculegion|Aqua Jet|p1a: Sneasler\n|-damage|p1a: Sneasler|8/100\n|move|p1b: Ninetales|Blizzard|p2b: Pelipper|[spread] p2a,p2b\n|-resisted|p2a: Basculegion|1\n|-damage|p2a: Basculegion|54/100\n|-damage|p2b: Pelipper|40/100\n|move|p2b: Pelipper|Tailwind|p2b: Pelipper\n|-sidestart|p2: lazerlikessyrup|move: Tailwind\n|\n|-weather|Snowscape|[upkeep]\n|-sideend|p1: Bigmanbattle|move: Aurora Veil\n|upkeep\n|turn|8\n|inactive|Bigmanbattle has 30 seconds left.\n|inactive|lazerlikessyrup has 30 seconds left.\n|inactive|lazerlikessyrup has 20 seconds left.\n|\n|t:|1776050293\n|move|p1a: Sneasler|Protect|p1a: Sneasler\n|-singleturn|p1a: Sneasler|Protect\n|move|p1b: Ninetales|Protect|p1b: Ninetales\n|-singleturn|p1b: Ninetales|Protect\n|move|p2a: Basculegion|Wave Crash|p1b: Ninetales\n|-activate|p1b: Ninetales|move: Protect\n|move|p2b: Pelipper|Hurricane|p1a: Sneasler\n|-activate|p1a: Sneasler|move: Protect\n|\n|-weather|Snowscape|[upkeep]\n|upkeep\n|turn|9\n|\n|t:|1776050310\n|move|p2a: Basculegion|Wave Crash|p1b: Ninetales\n|-damage|p1b: Ninetales|27/100\n|-damage|p2a: Basculegion|36/100|[from] Recoil\n|move|p1a: Sneasler|Dire Claw|p2b: Pelipper\n|-damage|p2b: Pelipper|7/100\n|move|p1b: Ninetales|Aurora Veil|p1b: Ninetales\n|-sidestart|p1: Bigmanbattle|move: Aurora Veil\n|move|p2b: Pelipper|Hurricane|p1a: Sneasler|[miss]\n|-miss|p2b: Pelipper|p1a: Sneasler\n|\n|-weather|Snowscape|[upkeep]\n|-heal|p1b: Ninetales|33/100|[from] item: Leftovers\n|upkeep\n|turn|10\n|inactive|lazerlikessyrup has 30 seconds left.\n|\n|t:|1776050341\n|move|p2b: Pelipper|Wide Guard|p2b: Pelipper\n|-singleturn|p2b: Pelipper|Wide Guard\n|move|p2a: Basculegion|Aqua Jet|p1a: Sneasler\n|-damage|p1a: Sneasler|0 fnt\n|faint|p1a: Sneasler\n|move|p1b: Ninetales|Blizzard|p2b: Pelipper|[spread] \n|-activate|p2a: Basculegion|move: Wide Guard\n|-activate|p2b: Pelipper|move: Wide Guard\n|\n|-weather|Snowscape|[upkeep]\n|-heal|p1b: Ninetales|39/100|[from] item: Leftovers\n|-sideend|p2: lazerlikessyrup|move: Tailwind\n|upkeep\n|turn|11\n|inactive|lazerlikessyrup has 30 seconds left.\n|\n|t:|1776050369\n|move|p1b: Ninetales|Blizzard|p2a: Basculegion|[spread] p2a,p2b\n|-resisted|p2a: Basculegion|1\n|-damage|p2a: Basculegion|18/100\n|-damage|p2b: Pelipper|0 fnt\n|faint|p2b: Pelipper\n|move|p2a: Basculegion|Wave Crash|p1b: Ninetales\n|-damage|p1b: Ninetales|0 fnt\n|faint|p1b: Ninetales\n|-damage|p2a: Basculegion|8/100|[from] Recoil\n|\n|win|lazerlikessyrup\n",
  "uploadtime": 1776050389,
  "views": 12,
  "formatid": "gen9championsvgc2026regma",
  "rating": null,
  "private": 0,
  "password": null
}