{
  "id": "gen9championsvgc2026regma-2586964141",
  "format": "[Gen 9 Champions] VGC 2026 Reg M-A",
  "players": [
    "blixby2",
    "Mentalsyndrome"
  ],
  "log": "|j|\u2606blixby2\n|j|\u2606Mentalsyndrome\n|t:|1776476217\n|gametype|doubles\n|player|p1|blixby2|rosa|1207\n|player|p2|Mentalsyndrome|101|1266\n|gen|9\n|tier|[Gen 9 Champions] VGC 2026 Reg M-A\n|rated|\n|rule|Species Clause: Limit one of each Pok\u00e9mon\n|rule|Item Clause: Limit 1 of each item\n|clearpoke\n|poke|p1|Charizard, L50, M|\n|poke|p1|Venusaur, L50, F|\n|poke|p1|Incineroar, L50, F|\n|poke|p1|Sneasler, L50, F|\n|poke|p1|Garchomp, L50, F|\n|poke|p1|Basculegion, L50, M|\n|poke|p2|Tinkaton, L50, F|\n|poke|p2|Kangaskhan, L50, F|\n|poke|p2|Farigiraf, L50, M|\n|poke|p2|Camerupt, L50, F|\n|poke|p2|Gardevoir, L50, M|\n|poke|p2|Conkeldurr, L50, M|\n|teampreview|4\n|inactive|Battle timer is ON: inactive players will automatically lose when time's up. (requested by Mentalsyndrome)\n|\n|t:|1776476229\n|teamsize|p1|4\n|teamsize|p2|4\n|start\n|switch|p1a: Garchomp|Garchomp, L50, F|100/100\n|switch|p1b: Basculegion|Basculegion, L50, M|100/100\n|switch|p2a: Gremlin Mode|Tinkaton, L50, F|100/100\n|switch|p2b: Shane|Farigiraf, L50, M|100/100\n|-ability|p2a: Gremlin Mode|Mold Breaker\n|turn|1\n|\n|t:|1776476239\n|move|p2a: Gremlin Mode|Fake Out|p1a: Garchomp\n|-damage|p1a: Garchomp|89/100\n|-damage|p2a: Gremlin Mode|88/100|[from] ability: Rough Skin|[of] p1a: Garchomp\n|move|p1b: Basculegion|Flip Turn|p2b: Shane\n|-damage|p2b: Shane|60/100\n|\n|t:|1776476246\n|switch|p1b: Charizard|Charizard, L50, M|100/100|[from] Flip Turn\n|cant|p1a: Garchomp|flinch\n|move|p2b: Shane|Trick Room|p2b: Shane\n|-fieldstart|move: Trick Room|[of] p2b: Shane\n|\n|upkeep\n|turn|2\n|\n|t:|1776476259\n|switch|p1a: Basculegion|Basculegion, L50, M|100/100\n|detailschange|p1b: Charizard|Charizard-Mega-Y, L50, M\n|-mega|p1b: Charizard|Charizard|Charizardite Y\n|-weather|SunnyDay|[from] ability: Drought|[of] p1b: Charizard\n|move|p2b: Shane|Thunderbolt|p1b: Charizard\n|-supereffective|p1b: Charizard|1\n|-crit|p1b: Charizard\n|-damage|p1b: Charizard|26/100\n|move|p2a: Gremlin Mode|Rock Slide|p1b: Charizard|[spread] p1a,p1b\n|-supereffective|p1b: Charizard|2\n|-damage|p1a: Basculegion|81/100\n|-damage|p1b: Charizard|0 fnt\n|faint|p1b: Charizard\n|\n|-weather|SunnyDay|[upkeep]\n|upkeep\n|\n|t:|1776476272\n|switch|p1b: Garchomp|Garchomp, L50, F|89/100\n|turn|3\n|\n|t:|1776476276\n|move|p2b: Shane|Thunderbolt|p1a: Basculegion\n|-supereffective|p1a: Basculegion|1\n|-damage|p1a: Basculegion|22/100\n|move|p2a: Gremlin Mode|Rock Slide|p1b: Garchomp|[spread] p1a,p1b\n|-resisted|p1b: Garchomp|1\n|-damage|p1a: Basculegion|5/100\n|-damage|p1b: Garchomp|81/100\n|move|p1b: Garchomp|Earthquake|p2b: Shane|[spread] p1a,p2a,p2b\n|-supereffective|p2a: Gremlin Mode|1\n|-damage|p1a: Basculegion|0 fnt\n|-damage|p2a: Gremlin Mode|0 fnt\n|-damage|p2b: Shane|21/100\n|faint|p1a: Basculegion\n|faint|p2a: Gremlin Mode\n|\n|-weather|SunnyDay|[upkeep]\n|upkeep\n|\n|t:|1776476286\n|switch|p1a: Venusaur|Venusaur, L50, F|100/100\n|switch|p2a: Chuckles|Conkeldurr, L50, M|100/100\n|turn|4\n|\n|t:|1776476294\n|move|p1a: Venusaur|Protect|p1a: Venusaur\n|-singleturn|p1a: Venusaur|Protect\n|move|p2a: Chuckles|Ice Punch|p1a: Venusaur\n|-activate|p1a: Venusaur|move: Protect\n|move|p2b: Shane|Twin Beam|p1a: Venusaur\n|-activate|p1a: Venusaur|move: Protect\n|move|p1b: Garchomp|Earthquake|p2b: Shane|[spread] p2a,p2b\n|-activate|p1a: Venusaur|move: Protect\n|-damage|p2a: Chuckles|56/100\n|-damage|p2b: Shane|0 fnt\n|faint|p2b: Shane\n|\n|-weather|SunnyDay|[upkeep]\n|upkeep\n|\n|t:|1776476296\n|switch|p2b: Ai|Gardevoir, L50, M, shiny|100/100\n|-ability|p2b: Ai|Chlorophyll|Trace|[from] ability: Trace|[of] p1a: Venusaur\n|turn|5\n|inactive|Mentalsyndrome has 30 seconds left.\n|\n|t:|1776476329\n|move|p2b: Ai|Protect|p2b: Ai\n|-singleturn|p2b: Ai|Protect\n|move|p2a: Chuckles|Ice Punch|p1a: Venusaur\n|-supereffective|p1a: Venusaur|1\n|-damage|p1a: Venusaur|2/100\n|move|p1b: Garchomp|Earthquake|p2a: Chuckles|[spread] p1a,p2a\n|-activate|p2b: Ai|move: Protect\n|-damage|p1a: Venusaur|0 fnt\n|-damage|p2a: Chuckles|11/100\n|faint|p1a: Venusaur\n|\n|-weather|SunnyDay|[upkeep]\n|-fieldend|move: Trick Room\n|upkeep\n|turn|6\n|\n|t:|1776476341\n|detailschange|p2b: Ai|Gardevoir-Mega, L50, M, shiny\n|-mega|p2b: Ai|Gardevoir|Gardevoirite\n|move|p1b: Garchomp|Earthquake|p2b: Ai|[spread] p2a,p2b\n|-damage|p2a: Chuckles|0 fnt\n|-damage|p2b: Ai|20/100\n|faint|p2a: Chuckles\n|move|p2b: Ai|Hyper Voice|p1b: Garchomp\n|-supereffective|p1b: Garchomp|1\n|-damage|p1b: Garchomp|0 fnt\n|faint|p1b: Garchomp\n|\n|win|Mentalsyndrome\n|raw|blixby2's rating: 1207 &rarr; <strong>1186</strong><br />(-21 for losing)\n|raw|Mentalsyndrome's rating: 1266 &rarr; <strong>1287</strong><br />(+21 for winning)\n|l|\u2606blixby2\n|player|p1|\n",
  "uploadtime": 1776476348,
  "views": 17,
  "formatid": "gen9championsvgc2026regma",
  "rating": 1186,
  "private": 0,
  "password": null
}