{
  "id": "gen9championsvgc2026regma-2586423573",
  "format": "[Gen 9 Champions] VGC 2026 Reg M-A",
  "players": [
    "Politurd",
    "phase_shift"
  ],
  "log": "|j|\u2606Politurd\n|j|\u2606phase_shift\n|t:|1776433667\n|gametype|doubles\n|player|p1|Politurd|cyrus|1088\n|player|p2|phase_shift|cheren|1058\n|gen|9\n|tier|[Gen 9 Champions] VGC 2026 Reg M-A\n|rated|\n|rule|Species Clause: Limit one of each Pok\u00e9mon\n|rule|Item Clause: Limit 1 of each item\n|clearpoke\n|poke|p1|Glimmora, L50, M|\n|poke|p1|Corviknight, L50, M|\n|poke|p1|Tyranitar, L50, M|\n|poke|p1|Ceruledge, L50, F|\n|poke|p1|Rotom-Wash, L50|\n|poke|p1|Gardevoir, L50, F|\n|poke|p2|Meganium, L50, M|\n|poke|p2|Basculegion-F, L50, F|\n|poke|p2|Incineroar, L50, F|\n|poke|p2|Pelipper, L50, F|\n|poke|p2|Sinistcha, L50|\n|poke|p2|Archaludon, L50, M|\n|teampreview|4\n|inactive|Battle timer is ON: inactive players will automatically lose when time's up. (requested by Politurd)\n|\n|t:|1776433699\n|teamsize|p1|4\n|teamsize|p2|4\n|start\n|switch|p1a: Rotom|Rotom-Wash, L50|100/100\n|switch|p1b: Gardevoir|Gardevoir, L50, F|100/100\n|switch|p2a: Basculegion|Basculegion-F, L50, F|100/100\n|switch|p2b: Archaludon|Archaludon, L50, M|100/100\n|turn|1\n|inactive|Politurd has 30 seconds left.\n|inactive|Politurd has 20 seconds left.\n|inactive|Politurd has 15 seconds left.\n|inactive|Politurd has 10 seconds left.\n|inactive|Politurd has 5 seconds left.\n|\n|t:|1776433755\n|move|p2b: Archaludon|Protect|p2b: Archaludon\n|-singleturn|p2b: Archaludon|Protect\n|move|p1b: Gardevoir|Moonblast|p2b: Archaludon\n|-activate|p2b: Archaludon|move: Protect\n|move|p2a: Basculegion|Flip Turn|p1a: Rotom\n|-resisted|p1a: Rotom|1\n|-damage|p1a: Rotom|89/100\n|\n|t:|1776433765\n|switch|p2a: Pelipper|Pelipper, L50, F|100/100|[from] Flip Turn\n|-weather|RainDance|[from] ability: Drizzle|[of] p2a: Pelipper\n|move|p1a: Rotom|Hydro Pump|p2a: Pelipper|[miss]\n|-miss|p1a: Rotom|p2a: Pelipper\n|\n|-weather|RainDance|[upkeep]\n|upkeep\n|turn|2\n|\n|t:|1776433778\n|move|p1b: Gardevoir|Protect|p1b: Gardevoir\n|-singleturn|p1b: Gardevoir|Protect\n|move|p2a: Pelipper|Hurricane|p1b: Gardevoir\n|-activate|p1b: Gardevoir|move: Protect\n|move|p1a: Rotom|Volt Switch|p2a: Pelipper\n|-supereffective|p2a: Pelipper|2\n|-enditem|p2a: Pelipper|Focus Sash\n|-damage|p2a: Pelipper|1/100\n|\n|t:|1776433788\n|switch|p1a: Tyranitar|Tyranitar, L50, M|100/100|[from] Volt Switch\n|-weather|Sandstorm|[from] ability: Sand Stream|[of] p1a: Tyranitar\n|move|p2b: Archaludon|Electro Shot||[still]\n|-prepare|p2b: Archaludon|Electro Shot\n|-boost|p2b: Archaludon|spa|1\n|\n|-weather|Sandstorm|[upkeep]\n|-damage|p1b: Gardevoir|95/100|[from] Sandstorm\n|-damage|p2a: Pelipper|0 fnt|[from] Sandstorm\n|faint|p2a: Pelipper\n|upkeep\n|\n|t:|1776433800\n|switch|p2a: Basculegion|Basculegion-F, L50, F|100/100\n|turn|3\n|\n|t:|1776433817\n|move|p1a: Tyranitar|Low Kick|p2b: Archaludon\n|-supereffective|p2b: Archaludon|1\n|-damage|p2b: Archaludon|59/100\n|-ability|p2b: Archaludon|Stamina|boost\n|-boost|p2b: Archaludon|def|1\n|move|p1b: Gardevoir|Moonblast|p2b: Archaludon\n|-damage|p2b: Archaludon|16/100\n|-ability|p2b: Archaludon|Stamina|boost\n|-boost|p2b: Archaludon|def|1\n|move|p2a: Basculegion|Flip Turn|p1a: Tyranitar\n|-supereffective|p1a: Tyranitar|1\n|-damage|p1a: Tyranitar|25/100\n|\n|t:|1776433829\n|switch|p2a: Sinistcha|Sinistcha, L50|100/100|[from] Flip Turn\n|-heal|p2b: Archaludon|41/100|[from] ability: Hospitality|[of] p2a: Sinistcha\n|move|p2b: Archaludon|Electro Shot|p1b: Gardevoir|[from] lockedmove\n|-damage|p1b: Gardevoir|31/100\n|\n|-weather|Sandstorm|[upkeep]\n|-damage|p1b: Gardevoir|26/100|[from] Sandstorm\n|-damage|p2a: Sinistcha|94/100|[from] Sandstorm\n|upkeep\n|turn|4\n|\n|t:|1776433852\n|switch|p1a: Glimmora|Glimmora, L50, M|100/100\n|move|p1b: Gardevoir|Mystical Fire|p2a: Sinistcha\n|-supereffective|p2a: Sinistcha|1\n|-damage|p2a: Sinistcha|29/100\n|-unboost|p2a: Sinistcha|spa|1\n|-enditem|p2a: Sinistcha|Sitrus Berry|[eat]\n|-heal|p2a: Sinistcha|54/100|[from] item: Sitrus Berry\n|move|p2b: Archaludon|Flash Cannon|p1b: Gardevoir\n|-supereffective|p1b: Gardevoir|1\n|-damage|p1b: Gardevoir|0 fnt\n|faint|p1b: Gardevoir\n|move|p2a: Sinistcha|Strength Sap|p1a: Glimmora\n|-unboost|p1a: Glimmora|atk|1\n|-heal|p2a: Sinistcha|92/100\n|\n|-weather|Sandstorm|[upkeep]\n|-damage|p2a: Sinistcha|85/100|[from] Sandstorm\n|upkeep\n|\n|t:|1776433867\n|switch|p1b: Tyranitar|Tyranitar, L50, M|25/100\n|turn|5\n|\n|t:|1776433883\n|detailschange|p1a: Glimmora|Glimmora-Mega, L50, M\n|-mega|p1a: Glimmora|Glimmora|Glimmoranite\n|move|p1a: Glimmora|Spiky Shield|p1a: Glimmora\n|-singleturn|p1a: Glimmora|move: Protect\n|move|p2a: Sinistcha|Rage Powder|p2a: Sinistcha\n|-singleturn|p2a: Sinistcha|move: Rage Powder\n|move|p1b: Tyranitar|Crunch|p2a: Sinistcha\n|-supereffective|p2a: Sinistcha|1\n|-damage|p2a: Sinistcha|35/100\n|move|p2b: Archaludon|Flash Cannon|p1b: Tyranitar\n|-supereffective|p1b: Tyranitar|1\n|-damage|p1b: Tyranitar|0 fnt\n|faint|p1b: Tyranitar\n|\n|-weather|Sandstorm|[upkeep]\n|-damage|p2a: Sinistcha|29/100|[from] Sandstorm\n|upkeep\n|\n|t:|1776433893\n|switch|p1b: Rotom|Rotom-Wash, L50|89/100\n|turn|6\n|\n|t:|1776433910\n|move|p1a: Glimmora|Power Gem|p2a: Sinistcha\n|-damage|p2a: Sinistcha|0 fnt\n|faint|p2a: Sinistcha\n|move|p1b: Rotom|Hydro Pump|p2b: Archaludon\n|-resisted|p2b: Archaludon|1\n|-damage|p2b: Archaludon|22/100\n|-ability|p2b: Archaludon|Stamina|boost\n|-boost|p2b: Archaludon|def|1\n|move|p2b: Archaludon|Flash Cannon|p1a: Glimmora\n|-supereffective|p1a: Glimmora|1\n|-damage|p1a: Glimmora|19/100\n|\n|-weather|none\n|upkeep\n|\n|t:|1776433921\n|switch|p2a: Basculegion|Basculegion-F, L50, F|100/100\n|turn|7\n|\n|t:|1776433927\n|move|p1a: Glimmora|Spiky Shield|p1a: Glimmora\n|-singleturn|p1a: Glimmora|move: Protect\n|move|p2a: Basculegion|Last Respects|p1b: Rotom\n|-damage|p1b: Rotom|32/100\n|-enditem|p1b: Rotom|Sitrus Berry|[eat]\n|-heal|p1b: Rotom|57/100|[from] item: Sitrus Berry\n|move|p1b: Rotom|Volt Switch|p2a: Basculegion\n|-supereffective|p2a: Basculegion|1\n|-damage|p2a: Basculegion|43/100\n|move|p2b: Archaludon|Flash Cannon|p1a: Glimmora\n|-activate|p1a: Glimmora|move: Protect\n|\n|upkeep\n|turn|8\n|\n|t:|1776433945\n|move|p1a: Glimmora|Earth Power|p2b: Archaludon\n|-supereffective|p2b: Archaludon|1\n|-enditem|p2b: Archaludon|Shuca Berry|[eat]\n|-enditem|p2b: Archaludon|Shuca Berry|[weaken]\n|-damage|p2b: Archaludon|0 fnt\n|faint|p2b: Archaludon\n|move|p2a: Basculegion|Last Respects|p1b: Rotom\n|-damage|p1b: Rotom|0 fnt\n|faint|p1b: Rotom\n|\n|upkeep\n|turn|9\n|\n|t:|1776433956\n|move|p2a: Basculegion|Aqua Jet|p1a: Glimmora\n|-supereffective|p1a: Glimmora|1\n|-damage|p1a: Glimmora|0 fnt\n|faint|p1a: Glimmora\n|\n|win|phase_shift\n|raw|Politurd's rating: 1088 &rarr; <strong>1063</strong><br />(-25 for losing)\n|raw|phase_shift's rating: 1058 &rarr; <strong>1092</strong><br />(+34 for winning)\n",
  "uploadtime": 1776433970,
  "views": 32,
  "formatid": "gen9championsvgc2026regma",
  "rating": 1063,
  "private": 0,
  "password": null
}