{
  "id": "gen9championsvgc2026regma-2584139400",
  "format": "[Gen 9 Champions] VGC 2026 Reg M-A",
  "players": [
    "1342354634a",
    "sgm112"
  ],
  "log": "|j|\u26061342354634a\n|j|\u2606sgm112\n|t:|1776229650\n|gametype|doubles\n|player|p1|1342354634a|266|1000\n|player|p2|sgm112|102|1000\n|gen|9\n|tier|[Gen 9 Champions] VGC 2026 Reg M-A\n|rated|\n|rule|Species Clause: Limit one of each Pok\u00e9mon\n|rule|Item Clause: Limit 1 of each item\n|clearpoke\n|poke|p1|Camerupt, L50, F|\n|poke|p1|Farigiraf, L50, F|\n|poke|p1|Incineroar, L50, F|\n|poke|p1|Sinistcha, L50|\n|poke|p1|Maushold, L50|\n|poke|p1|Rotom-Wash, L50|\n|poke|p2|Serperior, L50, M|\n|poke|p2|Milotic, L50, F|\n|poke|p2|Klefki, L50, F|\n|poke|p2|Meganium, L50, M|\n|poke|p2|Araquanid, L50, M|\n|poke|p2|Pelipper, L50, F|\n|teampreview|4\n|\n|t:|1776229682\n|teamsize|p1|4\n|teamsize|p2|4\n|start\n|switch|p1a: Maushold|Maushold, L50|100/100\n|switch|p1b: Camerupt|Camerupt, L50, F|100/100\n|switch|p2a: Serperior|Serperior, L50, M, shiny|100/100\n|switch|p2b: Pelipper|Pelipper, L50, F|100/100\n|-weather|RainDance|[from] ability: Drizzle|[of] p2b: Pelipper\n|turn|1\n|\n|t:|1776229701\n|switch|p1b: Sinistcha|Sinistcha, L50|100/100\n|move|p2a: Serperior|Leaf Storm|p1b: Sinistcha\n|-resisted|p1b: Sinistcha|1\n|-damage|p1b: Sinistcha|80/100\n|-boost|p2a: Serperior|spa|2\n|move|p1a: Maushold|Super Fang|p2a: Serperior\n|-damage|p2a: Serperior|50/100\n|move|p2b: Pelipper|Tailwind|p2b: Pelipper\n|-sidestart|p2: sgm112|move: Tailwind\n|\n|-weather|RainDance|[upkeep]\n|upkeep\n|turn|2\n|\n|t:|1776229719\n|move|p1a: Maushold|Follow Me|p1a: Maushold\n|-singleturn|p1a: Maushold|move: Follow Me\n|move|p2a: Serperior|Giga Drain|p1a: Maushold\n|-damage|p1a: Maushold|32/100\n|-heal|p2a: Serperior|91/100|[from] drain|[of] p1a: Maushold\n|move|p2b: Pelipper|Chilling Water|p1a: Maushold\n|-damage|p1a: Maushold|2/100\n|-unboost|p1a: Maushold|atk|1\n|move|p1b: Sinistcha|Trick Room|p1b: Sinistcha\n|-fieldstart|move: Trick Room|[of] p1b: Sinistcha\n|\n|-weather|RainDance|[upkeep]\n|upkeep\n|turn|3\n|\n|t:|1776229743\n|move|p2b: Pelipper|Protect|p2b: Pelipper\n|-singleturn|p2b: Pelipper|Protect\n|move|p1a: Maushold|Follow Me|p1a: Maushold\n|-singleturn|p1a: Maushold|move: Follow Me\n|move|p1b: Sinistcha|Matcha Gotcha|p2a: Serperior|[spread] p2a\n|-activate|p2b: Pelipper|move: Protect\n|-resisted|p2a: Serperior|1\n|-damage|p2a: Serperior|70/100\n|-heal|p1b: Sinistcha|90/100|[from] drain|[of] p2a: Serperior\n|move|p2a: Serperior|Dragon Pulse|p1a: Maushold\n|-damage|p1a: Maushold|0 fnt\n|faint|p1a: Maushold\n|\n|-weather|RainDance|[upkeep]\n|upkeep\n|\n|t:|1776229746\n|switch|p1a: Camerupt|Camerupt, L50, F|100/100\n|turn|4\n|\n|t:|1776229772\n|detailschange|p1a: Camerupt|Camerupt-Mega, L50, F\n|-mega|p1a: Camerupt|Camerupt|Cameruptite\n|move|p1a: Camerupt|Eruption|p2a: Serperior|[spread] p2a,p2b\n|-supereffective|p2a: Serperior|1\n|-resisted|p2b: Pelipper|1\n|-damage|p2a: Serperior|0 fnt\n|-damage|p2b: Pelipper|79/100\n|faint|p2a: Serperior\n|move|p1b: Sinistcha|Matcha Gotcha|p2b: Pelipper\n|-damage|p2b: Pelipper|17/100\n|-heal|p1b: Sinistcha|100/100|[from] drain|[of] p2b: Pelipper\n|move|p2b: Pelipper|Chilling Water|p1a: Camerupt\n|-supereffective|p1a: Camerupt|2\n|-crit|p1a: Camerupt\n|-damage|p1a: Camerupt|0 fnt\n|faint|p1a: Camerupt\n|\n|-weather|RainDance|[upkeep]\n|-sideend|p2: sgm112|move: Tailwind\n|upkeep\n|\n|t:|1776229793\n|switch|p1a: Rotom|Rotom-Wash, L50|100/100\n|switch|p2a: Klefki|Klefki, L50, F|100/100\n|turn|5\n|\n|t:|1776229807\n|switch|p2b: Meganium|Meganium, L50, M|100/100\n|move|p1b: Sinistcha|Matcha Gotcha|p2a: Klefki|[spread] p2a,p2b\n|-resisted|p2a: Klefki|1\n|-resisted|p2b: Meganium|1\n|-damage|p2a: Klefki|87/100\n|-damage|p2b: Meganium|86/100\n|-status|p2b: Meganium|brn\n|move|p2a: Klefki|Foul Play|p1b: Sinistcha\n|-supereffective|p1b: Sinistcha|1\n|-damage|p1b: Sinistcha|71/100\n|move|p1a: Rotom|Thunderbolt|p2a: Klefki\n|-damage|p2a: Klefki|49/100\n|-enditem|p2a: Klefki|Sitrus Berry|[eat]\n|-heal|p2a: Klefki|74/100|[from] item: Sitrus Berry\n|\n|-weather|none\n|-damage|p2b: Meganium|80/100 brn|[from] brn\n|upkeep\n|turn|6\n|\n|t:|1776229830\n|detailschange|p2b: Meganium|Meganium-Mega, L50, M\n|-mega|p2b: Meganium|Meganium|Meganiumite\n|move|p2a: Klefki|Reflect|p2a: Klefki\n|-sidestart|p2: sgm112|Reflect\n|move|p1b: Sinistcha|Matcha Gotcha|p2a: Klefki|[spread] p2a,p2b\n|-resisted|p2a: Klefki|1\n|-resisted|p2b: Meganium|1\n|-damage|p2a: Klefki|61/100\n|-heal|p1b: Sinistcha|77/100|[from] drain|[of] p2a: Klefki\n|-damage|p2b: Meganium|68/100 brn\n|-heal|p1b: Sinistcha|84/100|[from] drain|[of] p2b: Meganium\n|move|p2b: Meganium|Dazzling Gleam|p1a: Rotom|[spread] p1a,p1b\n|-damage|p1a: Rotom|64/100\n|-damage|p1b: Sinistcha|47/100\n|-enditem|p1b: Sinistcha|Sitrus Berry|[eat]\n|-heal|p1b: Sinistcha|71/100|[from] item: Sitrus Berry\n|move|p1a: Rotom|Hydro Pump|p2a: Klefki\n|-damage|p2a: Klefki|16/100\n|\n|-heal|p1a: Rotom|69/100|[from] item: Leftovers\n|-damage|p2b: Meganium|62/100 brn|[from] brn\n|-fieldend|move: Trick Room\n|upkeep\n|turn|7\n|\n|t:|1776229854\n|move|p1a: Rotom|Thunderbolt|p2b: Meganium\n|-resisted|p2b: Meganium|1\n|-damage|p2b: Meganium|44/100 brn\n|move|p2b: Meganium|Solar Beam||[still]\n|-prepare|p2b: Meganium|Solar Beam\n|-activate|p2b: Meganium|ability: Mega Sol\n|-anim|p2b: Meganium|Solar Beam|p1a: Rotom\n|-supereffective|p1a: Rotom|1\n|-damage|p1a: Rotom|0 fnt\n|faint|p1a: Rotom\n|move|p2a: Klefki|Draining Kiss|p1b: Sinistcha\n|-damage|p1b: Sinistcha|54/100\n|-heal|p2a: Klefki|30/100|[from] drain|[of] p1b: Sinistcha\n|move|p1b: Sinistcha|Matcha Gotcha|p2a: Klefki|[spread] p2a,p2b\n|-resisted|p2a: Klefki|1\n|-resisted|p2b: Meganium|1\n|-damage|p2a: Klefki|16/100\n|-heal|p1b: Sinistcha|61/100|[from] drain|[of] p2a: Klefki\n|-damage|p2b: Meganium|31/100 brn\n|-heal|p1b: Sinistcha|68/100|[from] drain|[of] p2b: Meganium\n|-status|p2a: Klefki|brn\n|\n|-damage|p2b: Meganium|25/100 brn|[from] brn\n|-damage|p2a: Klefki|10/100 brn|[from] brn\n|upkeep\n|turn|8\n|\n|t:|1776229884\n|move|p1b: Sinistcha|Protect|p1b: Sinistcha\n|-singleturn|p1b: Sinistcha|Protect\n|move|p2b: Meganium|Synthesis|p2b: Meganium\n|-heal|p2b: Meganium|92/100 brn\n|move|p2a: Klefki|Draining Kiss|p1b: Sinistcha\n|-activate|p1b: Sinistcha|move: Protect\n|\n|-damage|p2b: Meganium|86/100 brn|[from] brn\n|-damage|p2a: Klefki|4/100 brn|[from] brn\n|upkeep\n|turn|9\n|\n|t:|1776229899\n|move|p2b: Meganium|Dazzling Gleam|p1b: Sinistcha\n|-damage|p1b: Sinistcha|12/100\n|move|p2a: Klefki|Draining Kiss|p1b: Sinistcha\n|-damage|p1b: Sinistcha|0 fnt\n|-heal|p2a: Klefki|13/100 brn|[from] drain|[of] p1b: Sinistcha\n|faint|p1b: Sinistcha\n|\n|win|sgm112\n|raw|1342354634a's rating: 1000 &rarr; <strong>1000</strong><br />(+0 for losing)\n|raw|sgm112's rating: 1000 &rarr; <strong>1040</strong><br />(+40 for winning)\n|l|\u26061342354634a\n|player|p1|\n|c|\u2606sgm112|gg\n",
  "uploadtime": 1776229912,
  "views": 15,
  "formatid": "gen9championsvgc2026regma",
  "rating": 1000,
  "private": 0,
  "password": null
}