{
  "id": "gen9championsvgc2026regma-2584007916",
  "format": "[Gen 9 Champions] VGC 2026 Reg M-A",
  "players": [
    "MrOktagon",
    "Niko highway"
  ],
  "log": "|j|\u2606MrOktagon\n|j|\u2606Niko highway\n|t:|1776216277\n|gametype|doubles\n|player|p1|MrOktagon|2|1421\n|player|p2|Niko highway|266|1496\n|gen|9\n|tier|[Gen 9 Champions] VGC 2026 Reg M-A\n|rated|\n|rule|Species Clause: Limit one of each Pok\u00e9mon\n|rule|Item Clause: Limit 1 of each item\n|clearpoke\n|poke|p1|Gengar, L50, F|\n|poke|p1|Venusaur, L50, M|\n|poke|p1|Ninetales, L50, M|\n|poke|p1|Incineroar, L50, F|\n|poke|p1|Rotom-Heat, L50|\n|poke|p1|Garchomp, L50, F|\n|poke|p2|Incineroar, L50, M|\n|poke|p2|Conkeldurr, L50, M|\n|poke|p2|Sinistcha, L50|\n|poke|p2|Cofagrigus, L50, F|\n|poke|p2|Drampa, L50, F|\n|poke|p2|Aegislash, L50, F|\n|teampreview|4\n|\n|t:|1776216312\n|teamsize|p1|4\n|teamsize|p2|4\n|start\n|switch|p1a: Venusaur|Venusaur, L50, M|100/100\n|switch|p1b: Ninetales|Ninetales, L50, M|100/100\n|switch|p2a: Incineroar|Incineroar, L50, M|100/100\n|switch|p2b: Cofagrigus|Cofagrigus, L50, F|100/100\n|-weather|SunnyDay|[from] ability: Drought|[of] p1b: Ninetales\n|-ability|p2a: Incineroar|Intimidate|boost\n|-unboost|p1a: Venusaur|atk|1\n|-unboost|p1b: Ninetales|atk|1\n|turn|1\n|\n|t:|1776216330\n|move|p2a: Incineroar|Fake Out|p1a: Venusaur\n|-damage|p1a: Venusaur|83/100\n|cant|p1a: Venusaur|flinch\n|move|p1b: Ninetales|Encore|p2a: Incineroar\n|-start|p2a: Incineroar|Encore\n|move|p2b: Cofagrigus|Trick Room|p2b: Cofagrigus\n|-fieldstart|move: Trick Room|[of] p2b: Cofagrigus\n|\n|-weather|SunnyDay|[upkeep]\n|upkeep\n|turn|2\n|\n|t:|1776216354\n|switch|p2a: Drampa|Drampa, L50, F|100/100\n|-ability|p2a: Drampa|Cloud Nine\n|move|p2b: Cofagrigus|Shadow Ball|p1a: Venusaur\n|-damage|p1a: Venusaur|48/100\n|move|p1a: Venusaur|Sleep Powder|p2a: Drampa\n|-status|p2a: Drampa|slp|[from] move: Sleep Powder\n|move|p1b: Ninetales|Heat Wave|p2a: Drampa|[spread] p2a\n|-miss|p1b: Ninetales|p2b: Cofagrigus\n|-resisted|p2a: Drampa|1\n|-damage|p2a: Drampa|84/100 slp\n|\n|-weather|SunnyDay|[upkeep]\n|upkeep\n|turn|3\n|\n|t:|1776216390\n|move|p2b: Cofagrigus|Shadow Ball|p1b: Ninetales\n|-damage|p1b: Ninetales|68/100\n|cant|p2a: Drampa|slp\n|move|p1a: Venusaur|Sleep Powder|p2b: Cofagrigus|[miss]\n|-miss|p1a: Venusaur|p2b: Cofagrigus\n|move|p1b: Ninetales|Heat Wave|p2a: Drampa|[spread] p2a,p2b\n|-resisted|p2a: Drampa|1\n|-damage|p2a: Drampa|68/100 slp\n|-damage|p2b: Cofagrigus|72/100\n|\n|-weather|SunnyDay|[upkeep]\n|-heal|p2b: Cofagrigus|78/100|[from] item: Leftovers\n|upkeep\n|turn|4\n|inactive|Battle timer is ON: inactive players will automatically lose when time's up. (requested by Niko highway)\n|\n|t:|1776216415\n|switch|p1b: Garchomp|Garchomp, L50, F|100/100\n|move|p1a: Venusaur|Protect|p1a: Venusaur\n|-singleturn|p1a: Venusaur|Protect\n|move|p2b: Cofagrigus|Shadow Ball|p1b: Garchomp\n|-damage|p1b: Garchomp|74/100\n|cant|p2a: Drampa|slp\n|\n|-weather|SunnyDay|[upkeep]\n|-heal|p2b: Cofagrigus|84/100|[from] item: Leftovers\n|upkeep\n|turn|5\n|\n|t:|1776216432\n|switch|p1a: Gengar|Gengar, L50, F|100/100\n|move|p1b: Garchomp|Protect|p1b: Garchomp\n|-singleturn|p1b: Garchomp|Protect\n|move|p2b: Cofagrigus|Will-O-Wisp|p1b: Garchomp\n|-activate|p1b: Garchomp|move: Protect\n|-curestatus|p2a: Drampa|slp|[msg]\n|move|p2a: Drampa|Hyper Voice|p1a: Gengar|[spread] \n|-activate|p1b: Garchomp|move: Protect\n|-immune|p1a: Gengar\n|\n|-weather|none\n|-heal|p2b: Cofagrigus|90/100|[from] item: Leftovers\n|-fieldend|move: Trick Room\n|upkeep\n|turn|6\n|\n|t:|1776216448\n|switch|p2a: Incineroar|Incineroar, L50, M|100/100\n|-ability|p2a: Incineroar|Intimidate|boost\n|-unboost|p1a: Gengar|atk|1\n|-unboost|p1b: Garchomp|atk|1\n|detailschange|p1a: Gengar|Gengar-Mega, L50, F\n|-mega|p1a: Gengar|Gengar|Gengarite\n|move|p1a: Gengar|Shadow Ball|p2b: Cofagrigus\n|-supereffective|p2b: Cofagrigus|1\n|-damage|p2b: Cofagrigus|8/100\n|-unboost|p2b: Cofagrigus|spd|1\n|move|p1b: Garchomp|Dragon Claw|p2a: Incineroar\n|-damage|p2a: Incineroar|69/100\n|move|p2b: Cofagrigus|Trick Room|p2b: Cofagrigus\n|-fieldstart|move: Trick Room|[of] p2b: Cofagrigus\n|\n|-heal|p2b: Cofagrigus|14/100|[from] item: Leftovers\n|upkeep\n|turn|7\n|\n|t:|1776216472\n|move|p2b: Cofagrigus|Will-O-Wisp|p1b: Garchomp\n|-status|p1b: Garchomp|brn\n|move|p2a: Incineroar|Throat Chop|p1a: Gengar\n|-supereffective|p1a: Gengar|1\n|-damage|p1a: Gengar|9/100\n|-start|p1a: Gengar|Throat Chop|[silent]\n|move|p1b: Garchomp|Dragon Claw|p2a: Incineroar\n|-damage|p2a: Incineroar|54/100\n|move|p1a: Gengar|Shadow Ball|p2b: Cofagrigus\n|-supereffective|p2b: Cofagrigus|1\n|-damage|p2b: Cofagrigus|0 fnt\n|faint|p2b: Cofagrigus\n|\n|-damage|p1b: Garchomp|68/100 brn|[from] brn\n|upkeep\n|inactive|Niko highway has 30 seconds left.\n|j| aoiharada\n|inactive|Niko highway has 20 seconds left.\n|\n|t:|1776216510\n|switch|p2b: Drampa|Drampa, L50, F|68/100\n|-ability|p2b: Drampa|Cloud Nine\n|turn|8\n|\n|t:|1776216519\n|move|p1b: Garchomp|Protect|p1b: Garchomp\n|-singleturn|p1b: Garchomp|Protect\n|move|p1a: Gengar|Protect|p1a: Gengar\n|-singleturn|p1a: Gengar|Protect\n|move|p2b: Drampa|Dragon Pulse|p1b: Garchomp\n|-activate|p1b: Garchomp|move: Protect\n|move|p2a: Incineroar|Throat Chop|p1a: Gengar\n|-activate|p1a: Gengar|move: Protect\n|\n|-damage|p1b: Garchomp|62/100 brn|[from] brn\n|-end|p1a: Gengar|Throat Chop|[silent]\n|upkeep\n|turn|9\n|\n|t:|1776216532\n|switch|p1b: Ninetales|Ninetales, L50, M|68/100\n|-weather|SunnyDay|[from] ability: Drought|[of] p1b: Ninetales\n|switch|p1a: Venusaur|Venusaur, L50, M|48/100\n|move|p2b: Drampa|Dragon Pulse|p1b: Ninetales\n|-damage|p1b: Ninetales|7/100\n|move|p2a: Incineroar|Throat Chop|p1a: Venusaur\n|-damage|p1a: Venusaur|0 fnt\n|faint|p1a: Venusaur\n|\n|-weather|SunnyDay|[upkeep]\n|upkeep\n|\n|t:|1776216548\n|switch|p1a: Garchomp|Garchomp, L50, F|62/100 brn\n|turn|10\n|\n|t:|1776216560\n|switch|p2a: Conkeldurr|Conkeldurr, L50, M|100/100\n|move|p1a: Garchomp|Protect|p1a: Garchomp\n|-singleturn|p1a: Garchomp|Protect\n|move|p1b: Ninetales|Protect|p1b: Ninetales\n|-singleturn|p1b: Ninetales|Protect\n|move|p2b: Drampa|Hyper Voice|p1a: Garchomp|[spread] \n|-activate|p1a: Garchomp|move: Protect\n|-activate|p1b: Ninetales|move: Protect\n|\n|-weather|SunnyDay|[upkeep]\n|-damage|p1a: Garchomp|57/100 brn|[from] brn\n|-fieldend|move: Trick Room\n|upkeep\n|turn|11\n|\n|t:|1776216577\n|move|p2a: Conkeldurr|Mach Punch|p1b: Ninetales\n|-damage|p1b: Ninetales|0 fnt\n|faint|p1b: Ninetales\n|move|p1a: Garchomp|Dragon Claw|p2b: Drampa\n|-supereffective|p2b: Drampa|1\n|-damage|p2b: Drampa|11/100\n|move|p2b: Drampa|Dragon Pulse|p1a: Garchomp\n|-supereffective|p1a: Garchomp|1\n|-damage|p1a: Garchomp|0 fnt\n|faint|p1a: Garchomp\n|\n|-weather|SunnyDay|[upkeep]\n|upkeep\n|-message|MrOktagon forfeited.\n|\n|win|Niko highway\n|raw|MrOktagon's rating: 1421 &rarr; <strong>1405</strong><br />(-16 for losing)\n|raw|Niko highway's rating: 1496 &rarr; <strong>1512</strong><br />(+16 for winning)\n",
  "uploadtime": 1776216586,
  "views": 78,
  "formatid": "gen9championsvgc2026regma",
  "rating": 1405,
  "private": 0,
  "password": null
}