{
  "id": "gen9championsvgc2026regma-2584282707",
  "format": "[Gen 9 Champions] VGC 2026 Reg M-A",
  "players": [
    "Eziokunagueroaud",
    "rajyesh1"
  ],
  "log": "|j|\u2606Eziokunagueroaud\n|j|\u2606rajyesh1\n|t:|1776246841\n|gametype|doubles\n|player|p1|Eziokunagueroaud|policeman-gen4|1078\n|player|p2|rajyesh1|unknown|1132\n|gen|9\n|tier|[Gen 9 Champions] VGC 2026 Reg M-A\n|rated|\n|rule|Species Clause: Limit one of each Pok\u00e9mon\n|rule|Item Clause: Limit 1 of each item\n|clearpoke\n|poke|p1|Araquanid, L50, M|\n|poke|p1|Farigiraf, L50, M|\n|poke|p1|Sinistcha, L50|\n|poke|p1|Sylveon, L50, M|\n|poke|p1|Drampa, L50, F|\n|poke|p1|Incineroar, L50, M|\n|poke|p2|Charizard, L50, F|\n|poke|p2|Venusaur, L50, M|\n|poke|p2|Garchomp, L50, F|\n|poke|p2|Rotom-Wash, L50|\n|poke|p2|Sneasler, L50, M|\n|poke|p2|Incineroar, L50, M|\n|teampreview|4\n|inactive|Battle timer is ON: inactive players will automatically lose when time's up. (requested by rajyesh1)\n|inactive|Eziokunagueroaud has 60 seconds left.\n|inactive|rajyesh1 has 60 seconds left.\nEziokunagueroaud has agreed to open team sheets.\n|inactive|rajyesh1 has 30 seconds left.\n|inactive|rajyesh1 has 20 seconds left.\n|\n|t:|1776246912\n|teamsize|p1|4\n|teamsize|p2|4\n|start\n|switch|p1a: Farigiraf|Farigiraf, L50, M|100/100\n|switch|p1b: Incineroar|Incineroar, L50, M|100/100\n|switch|p2a: Charizard|Charizard, L50, F|100/100\n|switch|p2b: Venusaur|Venusaur, L50, M|100/100\n|-ability|p1b: Incineroar|Intimidate|boost\n|-unboost|p2a: Charizard|atk|1\n|-unboost|p2b: Venusaur|atk|1\n|turn|1\n|inactive|rajyesh1 has 30 seconds left.\n|\n|t:|1776246945\n|detailschange|p2a: Charizard|Charizard-Mega-Y, L50, F\n|-mega|p2a: Charizard|Charizard|Charizardite Y\n|-weather|SunnyDay|[from] ability: Drought|[of] p2a: Charizard\n|move|p1b: Incineroar|Fake Out|p2b: Venusaur\n|-damage|p2b: Venusaur|87/100\n|cant|p2b: Venusaur|flinch\n|move|p2a: Charizard|Heat Wave|p1a: Farigiraf|[spread] p1a,p1b\n|-resisted|p1b: Incineroar|1\n|-damage|p1a: Farigiraf|36/100\n|-damage|p1b: Incineroar|72/100\n|move|p1a: Farigiraf|Trick Room|p1a: Farigiraf\n|-fieldstart|move: Trick Room|[of] p1a: Farigiraf\n|\n|-weather|SunnyDay|[upkeep]\n|upkeep\n|turn|2\n|inactive|Eziokunagueroaud has 30 seconds left.\n|\n|t:|1776246975\n|switch|p2b: Rotom|Rotom-Wash, L50|100/100\n|move|p1a: Farigiraf|Psychic|p2b: Rotom\n|-damage|p2b: Rotom|54/100\n|-unboost|p2b: Rotom|spd|1\n|move|p1b: Incineroar|Parting Shot|p2a: Charizard\n|-unboost|p2a: Charizard|atk|1\n|-unboost|p2a: Charizard|spa|1\n|\n|t:|1776246989\n|switch|p1b: Araquanid|Araquanid, L50, M|100/100|[from] Parting Shot\n|move|p2a: Charizard|Heat Wave|p1b: Araquanid|[spread] p1a,p1b\n|-damage|p1a: Farigiraf|0 fnt\n|-damage|p1b: Araquanid|77/100\n|faint|p1a: Farigiraf\n|\n|-weather|SunnyDay|[upkeep]\n|-heal|p2b: Rotom|60/100|[from] item: Leftovers\n|upkeep\n|\n|t:|1776246998\n|switch|p1a: Drampa|Drampa, L50, F|100/100\n|turn|3\n|\n|t:|1776247012\n|detailschange|p1a: Drampa|Drampa-Mega, L50, F\n|-mega|p1a: Drampa|Drampa|Drampanite\n|move|p2b: Rotom|Protect|p2b: Rotom\n|-singleturn|p2b: Rotom|Protect\n|move|p2a: Charizard|Protect|p2a: Charizard\n|-singleturn|p2a: Charizard|Protect\n|move|p1a: Drampa|Hyper Voice|p2a: Charizard|[spread] \n|-activate|p2a: Charizard|move: Protect\n|-activate|p2b: Rotom|move: Protect\n|move|p1b: Araquanid|Liquidation|p2a: Charizard\n|-activate|p2a: Charizard|move: Protect\n|\n|-weather|SunnyDay|[upkeep]\n|-heal|p2b: Rotom|65/100|[from] item: Leftovers\n|upkeep\n|turn|4\n|inactive|rajyesh1 has 30 seconds left.\n|\n|t:|1776247045\n|switch|p2a: Sneasler|Sneasler, L50, M|100/100\n|move|p1a: Drampa|Hyper Voice|p2b: Rotom|[spread] p2a,p2b\n|-damage|p2a: Sneasler|38/100\n|-damage|p2b: Rotom|0 fnt\n|faint|p2b: Rotom\n|move|p1b: Araquanid|Liquidation|p2a: Sneasler\n|-damage|p2a: Sneasler|0 fnt\n|faint|p2a: Sneasler\n|\n|-weather|SunnyDay|[upkeep]\n|upkeep\n|\n|t:|1776247054\n|switch|p2b: Venusaur|Venusaur, L50, M|87/100\n|switch|p2a: Charizard|Charizard-Mega-Y, L50, F|100/100\n|turn|5\n|inactive|Eziokunagueroaud has 30 seconds left.\n|inactive|Eziokunagueroaud has 20 seconds left.\n|inactive|Eziokunagueroaud has 15 seconds left.\n|\n|t:|1776247094\n|switch|p1b: Incineroar|Incineroar, L50, M|72/100\n|-ability|p1b: Incineroar|Intimidate|boost\n|-unboost|p2a: Charizard|atk|1\n|-unboost|p2b: Venusaur|atk|1\n|move|p2a: Charizard|Protect|p2a: Charizard\n|-singleturn|p2a: Charizard|Protect\n|move|p2b: Venusaur|Protect|p2b: Venusaur\n|-singleturn|p2b: Venusaur|Protect\n|move|p1a: Drampa|Hyper Voice|p2a: Charizard|[spread] \n|-activate|p2a: Charizard|move: Protect\n|-activate|p2b: Venusaur|move: Protect\n|\n|-weather|none\n|-fieldend|move: Trick Room\n|upkeep\n|turn|6\n|inactive|Eziokunagueroaud has 30 seconds left.\n|inactive|rajyesh1 has 30 seconds left.\n|\n|t:|1776247123\n|move|p1b: Incineroar|Fake Out|p2b: Venusaur\n|-damage|p2b: Venusaur|74/100\n|move|p2a: Charizard|Heat Wave|p1a: Drampa|[spread] p1a,p1b\n|-resisted|p1a: Drampa|1\n|-resisted|p1b: Incineroar|1\n|-damage|p1a: Drampa|81/100\n|-damage|p1b: Incineroar|55/100\n|cant|p2b: Venusaur|flinch\n|move|p1a: Drampa|Hyper Voice|p2a: Charizard|[spread] p2a,p2b\n|-damage|p2a: Charizard|51/100\n|-damage|p2b: Venusaur|18/100\n|\n|upkeep\n|turn|7\n|\n|t:|1776247142\n|move|p2b: Venusaur|Protect|p2b: Venusaur\n|-singleturn|p2b: Venusaur|Protect\n|move|p1a: Drampa|Protect|p1a: Drampa\n|-singleturn|p1a: Drampa|Protect\n|move|p2a: Charizard|Weather Ball|p1b: Incineroar\n|-damage|p1b: Incineroar|39/100\n|-enditem|p1b: Incineroar|Sitrus Berry|[eat]\n|-heal|p1b: Incineroar|64/100|[from] item: Sitrus Berry\n|move|p1b: Incineroar|Flare Blitz|p2b: Venusaur\n|-activate|p2b: Venusaur|move: Protect\n|\n|upkeep\n|turn|8\n|-message|rajyesh1 forfeited.\n|\n|win|Eziokunagueroaud\n|raw|Eziokunagueroaud's rating: 1078 &rarr; <strong>1111</strong><br />(+33 for winning)\n|raw|rajyesh1's rating: 1132 &rarr; <strong>1103</strong><br />(-29 for losing)\n",
  "uploadtime": 1776247159,
  "views": 22,
  "formatid": "gen9championsvgc2026regma",
  "rating": 1103,
  "private": 0,
  "password": null
}