{
  "id": "gen9championsvgc2026regma-2582555368",
  "format": "[Gen 9 Champions] VGC 2026 Reg M-A",
  "players": [
    "Madamarcy",
    "Plushy65"
  ],
  "log": "|j|\u2606Madamarcy\n|j|\u2606Plushy65\n|html|<table width=\"100%\"><tr><td align=\"left\">Madamarcy</td><td align=\"right\">Plushy65</tr><tr><td align=\"left\"><i class=\"fa fa-circle-o\"></i> <i class=\"fa fa-circle-o\"></i> </td><td align=\"right\"><i class=\"fa fa-circle-o\"></i> <i class=\"fa fa-circle-o\"></i> </tr></table>\n|uhtml|bestof|<h2><strong>Game 1</strong> of <a href=\"/game-bestof3-gen9championsvgc2026regma-2582555367\">a best-of-3</a></h2>\n|t:|1776099096\n|gametype|doubles\n|player|p1|Madamarcy|jacinthe|\n|player|p2|Plushy65|harlequin|\n|gen|9\n|tier|[Gen 9 Champions] VGC 2026 Reg M-A\n|rule|Species Clause: Limit one of each Pok\u00e9mon\n|rule|Item Clause: Limit 1 of each item\n|raw|<div class=\"infobox\"><details class=\"readmore\" open><summary><strong>1 custom rule:</strong></summary> Best of = 3</details></div>\n|clearpoke\n|poke|p1|Gallade, L50, M|\n|poke|p1|Crabominable, L50, M|\n|poke|p1|Incineroar, L50, M|\n|poke|p1|Farigiraf, L50, F|\n|poke|p1|Clefable, L50, F|\n|poke|p1|Rotom-Wash, L50|\n|poke|p2|Charizard, L50, M|\n|poke|p2|Torkoal, L50, M|\n|poke|p2|Farigiraf, L50, F|\n|poke|p2|Meganium, L50, M|\n|poke|p2|Incineroar, L50, M|\n|poke|p2|Sneasler, L50, M|\n|teampreview|4\nPlushy65 has agreed to open team sheets.\nMadamarcy has agreed to open team sheets.\n|showteam|p1|Gallade||Galladite|Sharpness|LeafBlade,PsychoCut,TrickRoom,SacredSword|||M|||50|]Crabominable||Crabominite|HyperCutter|DrainPunch,IceHammer,MachPunch,Protect|||M|||50|]Incineroar||BrightPowder|Intimidate|DarkestLariat,PartingShot,FakeOut,FlareBlitz|||M|||50|]Farigiraf||SitrusBerry|ArmorTail|TrickRoom,Protect,DazzlingGleam,Psychic|||F|||50|]Clefable||KebiaBerry|MagicGuard|FollowMe,Moonblast,Encore,Psychic|||F|||50|]Rotom-Wash||Magnet|Levitate|HydroPump,Thunderbolt,WillOWisp,Protect||||||50|\n|showteam|p2|Charizard||CharizarditeY|Blaze|AirSlash,HeatWave,SolarBeam,Protect|||M|||50|]Torkoal||ShucaBerry|Drought|Eruption,Protect,EarthPower,Yawn|||M|||50|]Farigiraf||ColburBerry|ArmorTail|Psychic,TrickRoom,Protect,HelpingHand|||F|||50|]Meganium||Meganiumite|Overgrow|SolarBeam,Synthesis,DazzlingGleam,Protect|||M|||50|]Incineroar||SitrusBerry|Intimidate|DarkestLariat,PartingShot,FlareBlitz,FakeOut|||M|||50|]Sneasler||WhiteHerb|Unburden|DireClaw,FakeOut,Protect,CloseCombat|||M|||50|\n|\n|t:|1776099161\n|teamsize|p1|4\n|teamsize|p2|4\n|start\n|switch|p1a: Farigiraf|Farigiraf, L50, F|100/100\n|switch|p1b: Clefable|Clefable, L50, F|100/100\n|switch|p2a: Incineroar|Incineroar, L50, M, shiny|100/100\n|switch|p2b: Sneasler|Sneasler, L50, M|100/100\n|-ability|p2a: Incineroar|Intimidate|boost\n|-unboost|p1a: Farigiraf|atk|1\n|-unboost|p1b: Clefable|atk|1\n|turn|1\n|\n|t:|1776099184\n|move|p2b: Sneasler|Dire Claw|p1b: Clefable\n|-supereffective|p1b: Clefable|1\n|-enditem|p1b: Clefable|Kebia Berry|[eat]\n|-enditem|p1b: Clefable|Kebia Berry|[weaken]\n|-damage|p1b: Clefable|59/100\n|move|p1b: Clefable|Psychic|p2b: Sneasler\n|-supereffective|p2b: Sneasler|2\n|-damage|p2b: Sneasler|0 fnt\n|faint|p2b: Sneasler\n|move|p2a: Incineroar|Darkest Lariat|p1a: Farigiraf\n|-supereffective|p1a: Farigiraf|1\n|-damage|p1a: Farigiraf|44/100\n|-enditem|p1a: Farigiraf|Sitrus Berry|[eat]\n|-heal|p1a: Farigiraf|69/100|[from] item: Sitrus Berry\n|move|p1a: Farigiraf|Trick Room|p1a: Farigiraf\n|-fieldstart|move: Trick Room|[of] p1a: Farigiraf\n|\n|upkeep\n|\n|t:|1776099196\n|switch|p2b: Meganium|Meganium, L50, M|100/100\n|turn|2\n|\n|t:|1776099216\n|detailschange|p2b: Meganium|Meganium-Mega, L50, M\n|-mega|p2b: Meganium|Meganium|Meganiumite\n|move|p1a: Farigiraf|Psychic|p2b: Meganium\n|-damage|p2b: Meganium|73/100\n|move|p2a: Incineroar|Darkest Lariat|p1a: Farigiraf\n|-supereffective|p1a: Farigiraf|1\n|-damage|p1a: Farigiraf|7/100\n|move|p1b: Clefable|Moonblast|p2b: Meganium\n|-damage|p2b: Meganium|39/100\n|move|p2b: Meganium|Solar Beam||[still]\n|-prepare|p2b: Meganium|Solar Beam\n|-activate|p2b: Meganium|ability: Mega Sol\n|-anim|p2b: Meganium|Solar Beam|p1b: Clefable\n|-crit|p1b: Clefable\n|-damage|p1b: Clefable|0 fnt\n|faint|p1b: Clefable\n|\n|upkeep\n|\n|t:|1776099230\n|switch|p1b: Crabominable|Crabominable, L50, M|100/100\n|turn|3\n|\n|t:|1776099268\n|detailschange|p1b: Crabominable|Crabominable-Mega, L50, M\n|-mega|p1b: Crabominable|Crabominable|Crabominite\n|move|p2b: Meganium|Protect|p2b: Meganium\n|-singleturn|p2b: Meganium|Protect\n|move|p1b: Crabominable|Ice Hammer|p2b: Meganium\n|-activate|p2b: Meganium|move: Protect\n|move|p1a: Farigiraf|Dazzling Gleam|p2a: Incineroar|[spread] p2a\n|-activate|p2b: Meganium|move: Protect\n|-damage|p2a: Incineroar|90/100\n|move|p2a: Incineroar|Parting Shot|p1b: Crabominable\n|-unboost|p1b: Crabominable|atk|1\n|-unboost|p1b: Crabominable|spa|1\n|\n|t:|1776099282\n|switch|p2a: Charizard|Charizard, L50, M, shiny|100/100|[from] Parting Shot\n|\n|upkeep\n|turn|4\n|\n|t:|1776099296\n|move|p1b: Crabominable|Ice Hammer|p2b: Meganium\n|-supereffective|p2b: Meganium|1\n|-damage|p2b: Meganium|0 fnt\n|-unboost|p1b: Crabominable|spe|1\n|faint|p2b: Meganium\n|move|p1a: Farigiraf|Psychic|p2a: Charizard\n|-damage|p2a: Charizard|53/100\n|move|p2a: Charizard|Heat Wave|p1b: Crabominable|[spread] p1a,p1b\n|-supereffective|p1b: Crabominable|1\n|-damage|p1a: Farigiraf|0 fnt\n|-damage|p1b: Crabominable|50/100\n|faint|p1a: Farigiraf\n|\n|upkeep\n|\n|t:|1776099308\n|switch|p1a: Incineroar|Incineroar, L50, M|100/100\n|switch|p2b: Incineroar|Incineroar, L50, M, shiny|90/100\n|-ability|p2b: Incineroar|Intimidate|boost\n|-unboost|p1a: Incineroar|atk|1\n|-unboost|p1b: Crabominable|atk|1\n|-ability|p1a: Incineroar|Intimidate|boost\n|-unboost|p2a: Charizard|atk|1\n|-unboost|p2b: Incineroar|atk|1\n|turn|5\n|\n|t:|1776099329\n|move|p2b: Incineroar|Fake Out|p1b: Crabominable\n|-damage|p1b: Crabominable|44/100\n|move|p1a: Incineroar|Fake Out|p2a: Charizard\n|-damage|p2a: Charizard|42/100\n|cant|p1b: Crabominable|flinch\n|cant|p2a: Charizard|flinch\n|\n|-fieldend|move: Trick Room\n|upkeep\n|turn|6\n|\n|t:|1776099348\n|move|p1b: Crabominable|Protect|p1b: Crabominable\n|-singleturn|p1b: Crabominable|Protect\n|move|p2a: Charizard|Air Slash|p1a: Incineroar\n|-damage|p1a: Incineroar|73/100\n|move|p1a: Incineroar|Darkest Lariat|p2a: Charizard\n|-damage|p2a: Charizard|13/100\n|move|p2b: Incineroar|Flare Blitz|p1b: Crabominable\n|-activate|p1b: Crabominable|move: Protect\n|\n|upkeep\n|turn|7\n|\n|t:|1776099364\n|move|p1b: Crabominable|Mach Punch|p2b: Incineroar\n|-supereffective|p2b: Incineroar|1\n|-damage|p2b: Incineroar|59/100\n|move|p2a: Charizard|Heat Wave|p1b: Crabominable|[spread] p1a,p1b\n|-resisted|p1a: Incineroar|1\n|-supereffective|p1b: Crabominable|1\n|-damage|p1a: Incineroar|57/100\n|-damage|p1b: Crabominable|0 fnt\n|faint|p1b: Crabominable\n|move|p1a: Incineroar|Darkest Lariat|p2a: Charizard\n|-damage|p2a: Charizard|0 fnt\n|faint|p2a: Charizard\n|move|p2b: Incineroar|Darkest Lariat|p1a: Incineroar\n|-resisted|p1a: Incineroar|1\n|-damage|p1a: Incineroar|48/100\n|\n|upkeep\n|turn|8\n|\n|t:|1776099381\n|move|p1a: Incineroar|Darkest Lariat|p2b: Incineroar\n|-resisted|p2b: Incineroar|1\n|-damage|p2b: Incineroar|49/100\n|-enditem|p2b: Incineroar|Sitrus Berry|[eat]\n|-heal|p2b: Incineroar|74/100|[from] item: Sitrus Berry\n|move|p2b: Incineroar|Darkest Lariat|p1a: Incineroar\n|-resisted|p1a: Incineroar|1\n|-damage|p1a: Incineroar|37/100\n|\n|upkeep\n|turn|9\n|\n|t:|1776099392\n|move|p1a: Incineroar|Darkest Lariat|p2b: Incineroar\n|-resisted|p2b: Incineroar|1\n|-damage|p2b: Incineroar|63/100\n|move|p2b: Incineroar|Darkest Lariat|p1a: Incineroar|[miss]\n|-miss|p2b: Incineroar|p1a: Incineroar\n|\n|upkeep\n|turn|10\n|\n|t:|1776099406\n|move|p1a: Incineroar|Darkest Lariat|p2b: Incineroar\n|-resisted|p2b: Incineroar|1\n|-damage|p2b: Incineroar|53/100\n|move|p2b: Incineroar|Darkest Lariat|p1a: Incineroar|[miss]\n|-miss|p2b: Incineroar|p1a: Incineroar\n|\n|upkeep\n|turn|11\n|\n|t:|1776099415\n|move|p1a: Incineroar|Darkest Lariat|p2b: Incineroar\n|-resisted|p2b: Incineroar|1\n|-damage|p2b: Incineroar|41/100\n|move|p2b: Incineroar|Darkest Lariat|p1a: Incineroar\n|-resisted|p1a: Incineroar|1\n|-damage|p1a: Incineroar|28/100\n|\n|upkeep\n|turn|12\n|\n|t:|1776099423\n|move|p1a: Incineroar|Darkest Lariat|p2b: Incineroar\n|-resisted|p2b: Incineroar|1\n|-damage|p2b: Incineroar|30/100\n|move|p2b: Incineroar|Darkest Lariat|p1a: Incineroar\n|-resisted|p1a: Incineroar|1\n|-damage|p1a: Incineroar|17/100\n|\n|upkeep\n|turn|13\n|\n|t:|1776099434\n|move|p1a: Incineroar|Flare Blitz|p2b: Incineroar\n|-resisted|p2b: Incineroar|1\n|-damage|p2b: Incineroar|15/100\n|-damage|p1a: Incineroar|12/100|[from] Recoil\n|move|p2b: Incineroar|Darkest Lariat|p1a: Incineroar|[miss]\n|-miss|p2b: Incineroar|p1a: Incineroar\n|\n|upkeep\n|turn|14\n|\n|t:|1776099441\n|move|p1a: Incineroar|Flare Blitz|p2b: Incineroar\n|-resisted|p2b: Incineroar|1\n|-damage|p2b: Incineroar|2/100\n|-damage|p1a: Incineroar|8/100|[from] Recoil\n|move|p2b: Incineroar|Darkest Lariat|p1a: Incineroar\n|-resisted|p1a: Incineroar|1\n|-damage|p1a: Incineroar|0 fnt\n|faint|p1a: Incineroar\n|\n|win|Plushy65\n",
  "uploadtime": 1776099447,
  "views": 8,
  "formatid": "gen9championsvgc2026regma",
  "rating": null,
  "private": 0,
  "password": null
}