{
  "id": "gen9championsvgc2026regma-2581142538",
  "format": "[Gen 9 Champions] VGC 2026 Reg M-A",
  "players": [
    "Stogna Bologna",
    "lolgz"
  ],
  "log": "|j|\u2606Stogna Bologna\n|j|\u2606lolgz\n|t:|1775963983\n|gametype|doubles\n|player|p1|Stogna Bologna|steven|1238\n|player|p2|lolgz|170|1304\n|gen|9\n|tier|[Gen 9 Champions] VGC 2026 Reg M-A\n|rated|\n|rule|Species Clause: Limit one of each Pok\u00e9mon\n|rule|Item Clause: Limit 1 of each item\n|clearpoke\n|poke|p1|Pelipper, L50, M|\n|poke|p1|Archaludon, L50, M|\n|poke|p1|Garganacl, L50, F|\n|poke|p1|Incineroar, L50, M|\n|poke|p1|Gengar, L50, M|\n|poke|p1|Maushold, L50|\n|poke|p2|Charizard, L50, M|\n|poke|p2|Whimsicott, L50, F|\n|poke|p2|Dragonite, L50, F|\n|poke|p2|Farigiraf, L50, M|\n|poke|p2|Sneasler, L50, F|\n|poke|p2|Floette-Eternal, L50, F|\n|teampreview|4\nStogna Bologna rejected open team sheets.\n|\n|t:|1775963999\n|teamsize|p1|4\n|teamsize|p2|4\n|start\n|switch|p1a: Garganacl|Garganacl, L50, F|100/100\n|switch|p1b: Incineroar|Incineroar, L50, M|100/100\n|switch|p2a: Whimsicott|Whimsicott, L50, F|100/100\n|switch|p2b: Dragonite|Dragonite, L50, F|100/100\n|-ability|p1b: Incineroar|Intimidate|boost\n|-unboost|p2a: Whimsicott|atk|1\n|-fail|p2b: Dragonite|unboost|Attack|[from] ability: Inner Focus|[of] p2b: Dragonite\n|turn|1\n|\n|t:|1775964014\n|move|p1b: Incineroar|Fake Out|p2a: Whimsicott\n|-damage|p2a: Whimsicott|84/100\n|move|p2b: Dragonite|Outrage|p1b: Incineroar\n|-damage|p1b: Incineroar|37/100\n|-enditem|p1b: Incineroar|Sitrus Berry|[eat]\n|-heal|p1b: Incineroar|61/100|[from] item: Sitrus Berry\n|cant|p2a: Whimsicott|flinch\n|move|p1a: Garganacl|Salt Cure|p2b: Dragonite\n|-supereffective|p2b: Dragonite|1\n|-damage|p2b: Dragonite|70/100\n|-start|p2b: Dragonite|Salt Cure\n|\n|-damage|p2b: Dragonite|64/100|[from] Salt Cure\n|upkeep\n|turn|2\n|\n|t:|1775964035\n|move|p2a: Whimsicott|Tailwind|p2a: Whimsicott\n|-sidestart|p2: lolgz|move: Tailwind\n|move|p2b: Dragonite|Outrage|p1a: Garganacl|[from] lockedmove\n|-damage|p1a: Garganacl|60/100\n|move|p1b: Incineroar|Flare Blitz|p2a: Whimsicott\n|-supereffective|p2a: Whimsicott|1\n|-damage|p2a: Whimsicott|0 fnt\n|faint|p2a: Whimsicott\n|-damage|p1b: Incineroar|43/100|[from] Recoil\n|move|p1a: Garganacl|Salt Cure|p2b: Dragonite\n|-supereffective|p2b: Dragonite|1\n|-damage|p2b: Dragonite|32/100\n|\n|-heal|p1a: Garganacl|66/100|[from] item: Leftovers\n|-damage|p2b: Dragonite|26/100|[from] Salt Cure\n|upkeep\n|\n|t:|1775964070\n|switch|p2a: Sneasler|Sneasler, L50, F|100/100\n|turn|3\n|inactive|Battle timer is ON: inactive players will automatically lose when time's up. (requested by Stogna Bologna)\n|\n|t:|1775964100\n|move|p2b: Dragonite|Outrage|p1b: Incineroar|[from] lockedmove\n|-damage|p1b: Incineroar|0 fnt\n|faint|p1b: Incineroar\n|-start|p2b: Dragonite|confusion|[fatigue]\n|move|p2a: Sneasler|Close Combat|p1a: Garganacl\n|-supereffective|p1a: Garganacl|1\n|-damage|p1a: Garganacl|0 fnt\n|-unboost|p2a: Sneasler|def|1\n|-unboost|p2a: Sneasler|spd|1\n|faint|p1a: Garganacl\n|-enditem|p2a: Sneasler|White Herb\n|-clearnegativeboost|p2a: Sneasler|[silent]\n|\n|-damage|p2b: Dragonite|20/100|[from] Salt Cure\n|upkeep\n|\n|t:|1775964106\n|switch|p1b: Pelipper|Pelipper, L50, M|100/100\n|switch|p1a: Gengar|Gengar, L50, M|100/100\n|-weather|RainDance|[from] ability: Drizzle|[of] p1b: Pelipper\n|turn|4\n|\n|t:|1775964126\n|detailschange|p1a: Gengar|Gengar-Mega, L50, M\n|-mega|p1a: Gengar|Gengar|Gengarite\n|move|p1a: Gengar|Protect|p1a: Gengar\n|-singleturn|p1a: Gengar|Protect\n|move|p2a: Sneasler|Throat Chop|p1a: Gengar\n|-activate|p1a: Gengar|move: Protect\n|-activate|p2b: Dragonite|confusion\n|-damage|p2b: Dragonite|3/100|[from] confusion\n|move|p1b: Pelipper|Tailwind|p1b: Pelipper\n|-sidestart|p1: Stogna Bologna|move: Tailwind\n|\n|-weather|RainDance|[upkeep]\n|-damage|p2b: Dragonite|0 fnt|[from] Salt Cure\n|faint|p2b: Dragonite\n|upkeep\n|\n|t:|1775964129\n|switch|p2b: Floette|Floette-Eternal, L50, F|100/100\n|turn|5\n|\n|t:|1775964152\n|detailschange|p2b: Floette|Floette-Mega, L50, F\n|-mega|p2b: Floette|Floette|Floettite\n|-ability|p2b: Floette|Fairy Aura\n|move|p2a: Sneasler|Throat Chop|p1a: Gengar\n|-supereffective|p1a: Gengar|1\n|-damage|p1a: Gengar|33/100\n|-start|p1a: Gengar|Throat Chop|[silent]\n|move|p1a: Gengar|Sludge Bomb|p2b: Floette\n|-supereffective|p2b: Floette|1\n|-damage|p2b: Floette|8/100\n|-status|p2b: Floette|psn\n|move|p2b: Floette|Dazzling Gleam|p1b: Pelipper|[spread] p1a,p1b\n|-resisted|p1a: Gengar|1\n|-damage|p1a: Gengar|7/100\n|-damage|p1b: Pelipper|54/100\n|move|p1b: Pelipper|Hurricane|p2b: Floette\n|-damage|p2b: Floette|0 fnt\n|faint|p2b: Floette\n|\n|-weather|RainDance|[upkeep]\n|-sideend|p2: lolgz|move: Tailwind\n|upkeep\n|turn|6\n|inactive|Stogna Bologna has 30 seconds left.\n|\n|t:|1775964179\n|move|p2a: Sneasler|Dire Claw|p1b: Pelipper\n|-damage|p1b: Pelipper|2/100\n|move|p1a: Gengar|Shadow Ball|p2a: Sneasler\n|-damage|p2a: Sneasler|36/100\n|move|p1b: Pelipper|Hurricane|p2a: Sneasler\n|-supereffective|p2a: Sneasler|1\n|-damage|p2a: Sneasler|0 fnt\n|faint|p2a: Sneasler\n|\n|win|Stogna Bologna\n|raw|Stogna Bologna's rating: 1238 &rarr; <strong>1268</strong><br />(+30 for winning)\n|raw|lolgz's rating: 1304 &rarr; <strong>1280</strong><br />(-24 for losing)\n",
  "uploadtime": 1775964179,
  "views": 22,
  "formatid": "gen9championsvgc2026regma",
  "rating": 1268,
  "private": 0,
  "password": null
}