{
  "id": "gen9championsvgc2026regma-2583018322",
  "format": "[Gen 9 Champions] VGC 2026 Reg M-A",
  "players": [
    "secretiveshash",
    "ThePeasent"
  ],
  "log": "|j|\u2606secretiveshash\n|j|\u2606ThePeasent\n|t:|1776133790\n|gametype|doubles\n|player|p1|secretiveshash|clair|1199\n|player|p2|ThePeasent|gloria-dojo|1284\n|gen|9\n|tier|[Gen 9 Champions] VGC 2026 Reg M-A\n|rated|\n|rule|Species Clause: Limit one of each Pok\u00e9mon\n|rule|Item Clause: Limit 1 of each item\n|clearpoke\n|poke|p1|Incineroar, L50, F|\n|poke|p1|Charizard, L50, F|\n|poke|p1|Whimsicott, L50, M|\n|poke|p1|Sneasler, L50, M|\n|poke|p1|Garchomp, L50, M|\n|poke|p1|Kingambit, L50, F|\n|poke|p2|Glimmora, L50, F|\n|poke|p2|Tyranitar, L50, F|\n|poke|p2|Excadrill, L50, F|\n|poke|p2|Milotic, L50, F|\n|poke|p2|Sneasler, L50, M|\n|poke|p2|Rotom-Wash, L50|\n|teampreview|4\n|inactive|Battle timer is ON: inactive players will automatically lose when time's up. (requested by ThePeasent)\nThePeasent has agreed to open team sheets.\n|inactive|secretiveshash has 60 seconds left.\n|\n|t:|1776133825\n|teamsize|p1|4\n|teamsize|p2|4\n|start\n|switch|p1a: Garchomp|Garchomp, L50, M|100/100\n|switch|p1b: Incineroar|Incineroar, L50, F|100/100\n|switch|p2a: Rotom|Rotom-Wash, L50|100/100\n|switch|p2b: Excadrill|Excadrill, L50, F|100/100\n|-ability|p1b: Incineroar|Intimidate|boost\n|-unboost|p2a: Rotom|atk|1\n|-unboost|p2b: Excadrill|atk|1\n|turn|1\n|\n|t:|1776133847\n|move|p2b: Excadrill|Protect|p2b: Excadrill\n|-singleturn|p2b: Excadrill|Protect\n|move|p1b: Incineroar|Fake Out|p2b: Excadrill\n|-activate|p2b: Excadrill|move: Protect\n|move|p1a: Garchomp|Dragon Claw|p2a: Rotom\n|-damage|p2a: Rotom|60/100\n|move|p2a: Rotom|Volt Switch|p1b: Incineroar\n|-damage|p1b: Incineroar|82/100\n|\n|t:|1776133859\n|switch|p2a: Sneasler|Sneasler, L50, M|100/100|[from] Volt Switch\n|-ability|p2a: Sneasler|Pressure\n|\n|upkeep\n|turn|2\n|\n|t:|1776133869\n|move|p1a: Garchomp|Dragon Claw|p2a: Sneasler\n|-damage|p2a: Sneasler|34/100\n|move|p2a: Sneasler|Close Combat|p1a: Garchomp\n|-damage|p1a: Garchomp|33/100\n|-unboost|p2a: Sneasler|def|1\n|-unboost|p2a: Sneasler|spd|1\n|-damage|p2a: Sneasler|22/100|[from] ability: Rough Skin|[of] p1a: Garchomp\n|-enditem|p2a: Sneasler|White Herb\n|-clearnegativeboost|p2a: Sneasler|[silent]\n|move|p2b: Excadrill|High Horsepower|p1a: Garchomp\n|-damage|p1a: Garchomp|0 fnt\n|-damage|p2b: Excadrill|88/100|[from] ability: Rough Skin|[of] p1a: Garchomp\n|faint|p1a: Garchomp\n|move|p1b: Incineroar|Parting Shot|p2a: Sneasler\n|-unboost|p2a: Sneasler|atk|1\n|-unboost|p2a: Sneasler|spa|1\n|\n|t:|1776133889\n|switch|p1b: Charizard|Charizard, L50, F|100/100|[from] Parting Shot\n|\n|upkeep\n|\n|t:|1776133892\n|switch|p1a: Incineroar|Incineroar, L50, F|82/100\n|-ability|p1a: Incineroar|Intimidate|boost\n|-unboost|p2a: Sneasler|atk|1\n|-unboost|p2b: Excadrill|atk|1\n|turn|3\n|\n|t:|1776133904\n|detailschange|p1b: Charizard|Charizard-Mega-Y, L50, F\n|-mega|p1b: Charizard|Charizard|Charizardite Y\n|-weather|SunnyDay|[from] ability: Drought|[of] p1b: Charizard\n|move|p1a: Incineroar|Fake Out|p2a: Sneasler\n|-damage|p2a: Sneasler|4/100\n|cant|p2a: Sneasler|flinch\n|move|p1b: Charizard|Heat Wave|p2a: Sneasler|[spread] p2a\n|-miss|p1b: Charizard|p2b: Excadrill\n|-damage|p2a: Sneasler|0 fnt\n|faint|p2a: Sneasler\n|move|p2b: Excadrill|Rock Slide|p1a: Incineroar|[spread] p1a\n|-miss|p2b: Excadrill|p1b: Charizard\n|-supereffective|p1a: Incineroar|1\n|-damage|p1a: Incineroar|61/100\n|\n|-weather|SunnyDay|[upkeep]\n|upkeep\n|\n|t:|1776133915\n|switch|p2a: Tyranitar|Tyranitar, L50, F, shiny|100/100\n|-weather|Sandstorm|[from] ability: Sand Stream|[of] p2a: Tyranitar\n|turn|4\n|inactive|secretiveshash has 30 seconds left.\n|inactive|secretiveshash has 20 seconds left.\n|inactive|secretiveshash has 15 seconds left.\n|inactive|secretiveshash has 10 seconds left.\n|\n|t:|1776133963\n|switch|p2b: Rotom|Rotom-Wash, L50|60/100\n|switch|p1b: Kingambit|Kingambit, L50, F|100/100\n|move|p2a: Tyranitar|Rock Slide|p1a: Incineroar|[spread] p1a,p1b\n|-supereffective|p1a: Incineroar|1\n|-resisted|p1b: Kingambit|1\n|-damage|p1a: Incineroar|2/100\n|-damage|p1b: Kingambit|89/100\n|-enditem|p1a: Incineroar|Sitrus Berry|[eat]\n|-heal|p1a: Incineroar|27/100|[from] item: Sitrus Berry\n|move|p1a: Incineroar|Parting Shot|p2a: Tyranitar\n|-unboost|p2a: Tyranitar|atk|1\n|-unboost|p2a: Tyranitar|spa|1\n|\n|t:|1776133975\n|switch|p1a: Charizard|Charizard-Mega-Y, L50, F|100/100|[from] Parting Shot\n|-weather|SunnyDay|[from] ability: Drought|[of] p1a: Charizard\n|\n|-weather|SunnyDay|[upkeep]\n|upkeep\n|turn|5\n|\n|t:|1776133986\n|switch|p2a: Excadrill|Excadrill, L50, F|88/100\n|move|p1b: Kingambit|Protect|p1b: Kingambit\n|-singleturn|p1b: Kingambit|Protect\n|move|p1a: Charizard|Solar Beam||[still]\n|-prepare|p1a: Charizard|Solar Beam\n|-anim|p1a: Charizard|Solar Beam|p2a: Excadrill\n|-damage|p2a: Excadrill|23/100\n|move|p2b: Rotom|Volt Switch|p1a: Charizard\n|-supereffective|p1a: Charizard|1\n|-damage|p1a: Charizard|42/100\n|\n|t:|1776133994\n|switch|p2b: Tyranitar|Tyranitar, L50, F, shiny|100/100|[from] Volt Switch\n|-weather|Sandstorm|[from] ability: Sand Stream|[of] p2b: Tyranitar\n|\n|-weather|Sandstorm|[upkeep]\n|-damage|p1a: Charizard|36/100|[from] Sandstorm\n|upkeep\n|turn|6\n|inactive|secretiveshash has 30 seconds left.\n|\n|t:|1776134027\n|switch|p1a: Incineroar|Incineroar, L50, F|27/100\n|-ability|p1a: Incineroar|Intimidate|boost\n|-unboost|p2a: Excadrill|atk|1\n|-unboost|p2b: Tyranitar|atk|1\n|move|p2a: Excadrill|Rock Slide|p1b: Kingambit|[spread] p1a,p1b\n|-supereffective|p1a: Incineroar|1\n|-resisted|p1b: Kingambit|1\n|-damage|p1a: Incineroar|1/100\n|-damage|p1b: Kingambit|83/100\n|move|p2b: Tyranitar|Low Kick|p1b: Kingambit\n|-supereffective|p1b: Kingambit|2\n|-damage|p1b: Kingambit|10/100\n|cant|p1b: Kingambit|flinch\n|\n|-weather|Sandstorm|[upkeep]\n|-damage|p1a: Incineroar|0 fnt|[from] Sandstorm\n|faint|p1a: Incineroar\n|upkeep\n|\n|t:|1776134041\n|switch|p1a: Charizard|Charizard-Mega-Y, L50, F|36/100\n|-weather|SunnyDay|[from] ability: Drought|[of] p1a: Charizard\n|turn|7\n|\n|t:|1776134047\n|switch|p2b: Rotom|Rotom-Wash, L50|60/100\n|move|p1a: Charizard|Heat Wave|p2a: Excadrill|[spread] p2b\n|-miss|p1a: Charizard|p2a: Excadrill\n|-resisted|p2b: Rotom|1\n|-damage|p2b: Rotom|27/100\n|-enditem|p2b: Rotom|Sitrus Berry|[eat]\n|-heal|p2b: Rotom|51/100|[from] item: Sitrus Berry\n|move|p2a: Excadrill|Rock Slide|p1a: Charizard|[spread] p1a,p1b\n|-supereffective|p1a: Charizard|2\n|-resisted|p1b: Kingambit|1\n|-damage|p1a: Charizard|0 fnt\n|-damage|p1b: Kingambit|4/100\n|faint|p1a: Charizard\n|cant|p1b: Kingambit|flinch\n|\n|-weather|SunnyDay|[upkeep]\n|upkeep\n|turn|8\n|-message|secretiveshash forfeited.\n|\n|win|ThePeasent\n|raw|secretiveshash's rating: 1199 &rarr; <strong>1180</strong><br />(-19 for losing)\n|raw|ThePeasent's rating: 1284 &rarr; <strong>1303</strong><br />(+19 for winning)\n|l|\u2606secretiveshash\n|player|p1|\n",
  "uploadtime": 1776134058,
  "views": 41,
  "formatid": "gen9championsvgc2026regma",
  "rating": 1180,
  "private": 0,
  "password": null
}