{
  "id": "gen9championsvgc2026regma-2580661961",
  "format": "[Gen 9 Champions] VGC 2026 Reg M-A",
  "players": [
    "La boss vgc",
    "RandomGuyInSchool"
  ],
  "log": "|j|\u2606La boss vgc\n|j|\u2606RandomGuyInSchool\n|t:|1775922270\n|gametype|doubles\n|player|p1|La boss vgc|1|1121\n|player|p2|RandomGuyInSchool|schoolkid-gen4|1106\n|gen|9\n|tier|[Gen 9 Champions] VGC 2026 Reg M-A\n|rated|\n|rule|Species Clause: Limit one of each Pok\u00e9mon\n|rule|Item Clause: Limit 1 of each item\n|clearpoke\n|poke|p1|Sneasler, L50, F|\n|poke|p1|Blastoise, L50, F|\n|poke|p1|Raichu, L50, M|\n|poke|p1|Kingambit, L50, F|\n|poke|p2|Azumarill, L50, F|\n|poke|p2|Farigiraf, L50, M|\n|poke|p2|Incineroar, L50, M|\n|poke|p2|Pelipper, L50, M|\n|poke|p2|Basculegion, L50, M|\n|poke|p2|Floette-Eternal, L50, F|\n|teampreview|4\n|inactive|Battle timer is ON: inactive players will automatically lose when time's up. (requested by RandomGuyInSchool)\nRandomGuyInSchool rejected open team sheets.\n|inactive|RandomGuyInSchool has 60 seconds left.\n|inactive|RandomGuyInSchool has 30 seconds left.\n|inactive|RandomGuyInSchool has 20 seconds left.\n|inactive|RandomGuyInSchool has 15 seconds left.\n|inactive|RandomGuyInSchool has 10 seconds left.\n|inactive|RandomGuyInSchool has 5 seconds left.\n|\n|t:|1775922357\n|teamsize|p1|4\n|teamsize|p2|4\n|start\n|switch|p1a: Blastoise|Blastoise, L50, F|100/100\n|switch|p1b: Raichu|Raichu, L50, M|100/100\n|switch|p2a: Floette|Floette-Eternal, L50, F|100/100\n|switch|p2b: Incineroar|Incineroar, L50, M|100/100\n|-ability|p2b: Incineroar|Intimidate|boost\n|-unboost|p1a: Blastoise|atk|1\n|-unboost|p1b: Raichu|atk|1\n|turn|1\n|\n|t:|1775922379\n|switch|p2b: Farigiraf|Farigiraf, L50, M|100/100\n|detailschange|p2a: Floette|Floette-Mega, L50, F\n|-mega|p2a: Floette|Floette|Floettite\n|-ability|p2a: Floette|Fairy Aura\n|detailschange|p1a: Blastoise|Blastoise-Mega, L50, F\n|-mega|p1a: Blastoise|Blastoise|Blastoisinite\n|move|p1b: Raichu|Volt Switch|p2b: Farigiraf\n|-damage|p2b: Farigiraf|75/100\n|l|\u2606RandomGuyInSchool\n|inactive|RandomGuyInSchool disconnected and has a minute to reconnect!\n|player|p2|\n|\n|t:|1775922393\n|switch|p1b: Sneasler|Sneasler, L50, F|100/100|[from] Volt Switch\n|move|p2a: Floette|Calm Mind|p2a: Floette\n|-boost|p2a: Floette|spa|1\n|-boost|p2a: Floette|spd|1\n|move|p1a: Blastoise|Water Spout|p2a: Floette|[spread] p2a,p2b\n|-damage|p2a: Floette|70/100\n|-damage|p2b: Farigiraf|15/100\n|\n|upkeep\n|turn|2\n|inactive|RandomGuyInSchool has 30 seconds left.\n|inactive|La boss vgc has 30 seconds left.\n|inactive|RandomGuyInSchool has 20 seconds left.\n|j|\u2606RandomGuyInSchool\n|inactive|RandomGuyInSchool reconnected and has 20 seconds left.\n|player|p2|RandomGuyInSchool|schoolkid-gen4|\n|inactive|RandomGuyInSchool has 15 seconds left.\n|inactive|RandomGuyInSchool has 10 seconds left.\n|\n|t:|1775922439\n|switch|p2b: Incineroar|Incineroar, L50, M|100/100\n|-ability|p2b: Incineroar|Intimidate|boost\n|-unboost|p1a: Blastoise|atk|1\n|-unboost|p1b: Sneasler|atk|1\n|-enditem|p1b: Sneasler|White Herb\n|-clearnegativeboost|p1b: Sneasler|[silent]\n|move|p1b: Sneasler|Protect|p1b: Sneasler\n|-singleturn|p1b: Sneasler|Protect\n|move|p2a: Floette|Protect|p2a: Floette\n|-singleturn|p2a: Floette|Protect\n|move|p1a: Blastoise|Water Spout|p2b: Incineroar|[spread] p2b\n|-activate|p2a: Floette|move: Protect\n|-supereffective|p2b: Incineroar|1\n|-enditem|p2b: Incineroar|Passho Berry|[eat]\n|-enditem|p2b: Incineroar|Passho Berry|[weaken]\n|-damage|p2b: Incineroar|42/100\n|\n|upkeep\n|turn|3\n|inactive|La boss vgc has 30 seconds left.\n|inactive|La boss vgc has 20 seconds left.\n|inactive|La boss vgc has 15 seconds left.\n|\n|t:|1775922480\n|switch|p1b: Raichu|Raichu, L50, M|100/100\n|move|p2b: Incineroar|Fake Out|p1b: Raichu\n|-damage|p1b: Raichu|81/100\n|move|p2a: Floette|Draining Kiss|p1a: Blastoise\n|-damage|p1a: Blastoise|55/100\n|-heal|p2a: Floette|100/100|[from] drain|[of] p1a: Blastoise\n|move|p1a: Blastoise|Water Spout|p2a: Floette|[spread] p2a,p2b\n|-supereffective|p2b: Incineroar|1\n|-crit|p2b: Incineroar\n|-damage|p2a: Floette|84/100\n|-damage|p2b: Incineroar|0 fnt\n|faint|p2b: Incineroar\n|\n|upkeep\n|\n|t:|1775922495\n|switch|p2b: Farigiraf|Farigiraf, L50, M|15/100\n|turn|4\n|\n|t:|1775922517\n|move|p2b: Farigiraf|Helping Hand|p2a: Floette\n|-singleturn|p2a: Floette|Helping Hand|[of] p2b: Farigiraf\n|move|p1b: Raichu|Encore|p2a: Floette\n|-start|p2a: Floette|Encore\n|move|p2a: Floette|Draining Kiss|p1b: Raichu\n|-damage|p1b: Raichu|0 fnt\n|-heal|p2a: Floette|100/100|[from] drain|[of] p1b: Raichu\n|faint|p1b: Raichu\n|move|p1a: Blastoise|Dragon Pulse|p2b: Farigiraf\n|-damage|p2b: Farigiraf|0 fnt\n|faint|p2b: Farigiraf\n|\n|upkeep\n|\n|t:|1775922531\n|switch|p1b: Sneasler|Sneasler, L50, F|100/100\n|switch|p2b: Basculegion|Basculegion, L50, M|100/100\n|turn|5\n|\n|t:|1775922566\n|move|p2b: Basculegion|Last Respects|p1b: Sneasler\n|-damage|p1b: Sneasler|0 fnt\n|faint|p1b: Sneasler\n|move|p2a: Floette|Draining Kiss|p1a: Blastoise\n|-damage|p1a: Blastoise|12/100\n|move|p1a: Blastoise|Water Pulse|p2a: Floette\n|-damage|p2a: Floette|77/100\n|\n|upkeep\n|\n|t:|1775922576\n|switch|p1b: Kingambit|Kingambit, L50, F|100/100\n|turn|6\n|\n|t:|1775922593\n|move|p2b: Basculegion|Last Respects|p1b: Kingambit\n|-resisted|p1b: Kingambit|1\n|-damage|p1b: Kingambit|68/100\n|move|p2a: Floette|Draining Kiss|p1b: Kingambit\n|-damage|p1b: Kingambit|22/100\n|-heal|p2a: Floette|100/100|[from] drain|[of] p1b: Kingambit\n|move|p1a: Blastoise|Dragon Pulse|p2b: Basculegion\n|-damage|p2b: Basculegion|49/100\n|move|p1b: Kingambit|Iron Head|p2a: Floette\n|-supereffective|p2a: Floette|1\n|-damage|p2a: Floette|11/100\n|\n|-end|p2a: Floette|Encore\n|upkeep\n|turn|7\n|inactive|La boss vgc has 30 seconds left.\n|inactive|RandomGuyInSchool has 30 seconds left.\n|\n|t:|1775922625\n|move|p2a: Floette|Protect|p2a: Floette\n|-singleturn|p2a: Floette|Protect\n|move|p1b: Kingambit|Sucker Punch|p2b: Basculegion\n|-supereffective|p2b: Basculegion|1\n|-damage|p2b: Basculegion|0 fnt\n|faint|p2b: Basculegion\n|move|p1a: Blastoise|Dragon Pulse|p2a: Floette\n|-activate|p2a: Floette|move: Protect\n|\n|upkeep\n|turn|8\n|\n|t:|1775922640\n|move|p1b: Kingambit|Sucker Punch|p2a: Floette\n|-resisted|p2a: Floette|1\n|-damage|p2a: Floette|0 fnt\n|faint|p2a: Floette\n|\n|win|La boss vgc\n|raw|La boss vgc's rating: 1121 &rarr; <strong>1145</strong><br />(+24 for winning)\n|raw|RandomGuyInSchool's rating: 1106 &rarr; <strong>1082</strong><br />(-24 for losing)\n",
  "uploadtime": 1775922643,
  "views": 10,
  "formatid": "gen9championsvgc2026regma",
  "rating": 1082,
  "private": 0,
  "password": null
}