{
  "id": "gen9championsvgc2026regma-2585071390",
  "format": "[Gen 9 Champions] VGC 2026 Reg M-A",
  "players": [
    "proairpods",
    "Volk0Nara"
  ],
  "log": "|j|\u2606proairpods\n|j|\u2606Volk0Nara\n|t:|1776308809\n|gametype|doubles\n|player|p1|proairpods|brock|1206\n|player|p2|Volk0Nara|nate|1292\n|gen|9\n|tier|[Gen 9 Champions] VGC 2026 Reg M-A\n|rated|\n|rule|Species Clause: Limit one of each Pok\u00e9mon\n|rule|Item Clause: Limit 1 of each item\n|clearpoke\n|poke|p1|Tyranitar, L50, M|\n|poke|p1|Basculegion, L50, M|\n|poke|p1|Aerodactyl, L50, F|\n|poke|p1|Rotom-Mow, L50|\n|poke|p1|Incineroar, L50, F|\n|poke|p1|Garchomp, L50, F|\n|poke|p2|Pelipper, L50, M|\n|poke|p2|Archaludon, L50, F|\n|poke|p2|Palafin, L50, F|\n|poke|p2|Sneasler, L50, F|\n|poke|p2|Dragonite, L50, F|\n|poke|p2|Sinistcha, L50|\n|teampreview|4\nproairpods has agreed to open team sheets.\n|inactive|Battle timer is ON: inactive players will automatically lose when time's up. (requested by proairpods)\n|\n|t:|1776308839\n|teamsize|p1|4\n|teamsize|p2|4\n|start\n|switch|p1a: Aerodactyl|Aerodactyl, L50, F|100/100\n|switch|p1b: Garchomp|Garchomp, L50, F|100/100\n|switch|p2a: Sneasler|Sneasler, L50, F|100/100\n|switch|p2b: Dragonite|Dragonite, L50, F|100/100\n|-ability|p1a: Aerodactyl|Unnerve\n|turn|1\n|inactive|Volk0Nara has 30 seconds left.\n|inactive|Volk0Nara has 20 seconds left.\n|inactive|Volk0Nara has 15 seconds left.\n|inactive|Volk0Nara has 10 seconds left.\n|inactive|Volk0Nara has 5 seconds left.\n|\n|t:|1776308890\n|detailschange|p2b: Dragonite|Dragonite-Mega, L50, F\n|-mega|p2b: Dragonite|Dragonite|Dragoninite\n|move|p2a: Sneasler|Protect|p2a: Sneasler\n|-singleturn|p2a: Sneasler|Protect\n|move|p1a: Aerodactyl|Tailwind|p1a: Aerodactyl\n|-sidestart|p1: proairpods|move: Tailwind\n|move|p1b: Garchomp|Earthquake|p2b: Dragonite|[spread] \n|-activate|p2a: Sneasler|move: Protect\n|-immune|p1a: Aerodactyl\n|-immune|p2b: Dragonite\n|move|p2b: Dragonite|Tailwind|p2b: Dragonite\n|-sidestart|p2: Volk0Nara|move: Tailwind\n|\n|upkeep\n|turn|2\n|inactive|Volk0Nara has 30 seconds left.\n|inactive|Volk0Nara has 20 seconds left.\n|inactive|Volk0Nara has 15 seconds left.\n|\n|t:|1776308932\n|switch|p2a: Archaludon|Archaludon, L50, F|100/100\n|move|p1a: Aerodactyl|Dual Wingbeat|p2a: Archaludon\n|-resisted|p2a: Archaludon|1\n|-damage|p2a: Archaludon|94/100\n|-ability|p2a: Archaludon|Stamina|boost\n|-boost|p2a: Archaludon|def|1\n|-resisted|p2a: Archaludon|1\n|-damage|p2a: Archaludon|89/100\n|-ability|p2a: Archaludon|Stamina|boost\n|-boost|p2a: Archaludon|def|1\n|-hitcount|p2a: Archaludon|2\n|move|p1b: Garchomp|Dragon Claw|p2b: Dragonite\n|-supereffective|p2b: Dragonite|1\n|-damage|p2b: Dragonite|58/100\n|move|p2b: Dragonite|Draco Meteor|p1b: Garchomp\n|-supereffective|p1b: Garchomp|1\n|-damage|p1b: Garchomp|0 fnt\n|-unboost|p2b: Dragonite|spa|2\n|faint|p1b: Garchomp\n|\n|-heal|p2a: Archaludon|95/100|[from] item: Leftovers\n|upkeep\n|\n|t:|1776308954\n|switch|p1b: Incineroar|Incineroar, L50, F|100/100\n|-ability|p1b: Incineroar|Intimidate|boost\n|-unboost|p2a: Archaludon|atk|1\n|-unboost|p2b: Dragonite|atk|1\n|turn|3\n|\n|t:|1776308962\n|switch|p2b: Pelipper|Pelipper, L50, M|100/100\n|-weather|RainDance|[from] ability: Drizzle|[of] p2b: Pelipper\n|move|p1a: Aerodactyl|Rock Slide|p2b: Pelipper|[spread] p2a,p2b\n|-resisted|p2a: Archaludon|1\n|-supereffective|p2b: Pelipper|1\n|-damage|p2a: Archaludon|91/100\n|-damage|p2b: Pelipper|33/100\n|-ability|p2a: Archaludon|Stamina|boost\n|-boost|p2a: Archaludon|def|1\n|move|p1b: Incineroar|Flare Blitz|p2a: Archaludon\n|-damage|p2a: Archaludon|79/100\n|-ability|p2a: Archaludon|Stamina|boost\n|-boost|p2a: Archaludon|def|1\n|-damage|p1b: Incineroar|96/100|[from] Recoil\n|cant|p2a: Archaludon|flinch\n|\n|-weather|RainDance|[upkeep]\n|-heal|p2a: Archaludon|85/100|[from] item: Leftovers\n|upkeep\n|turn|4\n|inactive|proairpods has 30 seconds left.\n|inactive|proairpods has 20 seconds left.\n|\n|t:|1776309000\n|move|p2b: Pelipper|Protect|p2b: Pelipper\n|-singleturn|p2b: Pelipper|Protect\n|move|p1a: Aerodactyl|Rock Slide|p2b: Pelipper|[spread] p2a\n|-activate|p2b: Pelipper|move: Protect\n|-resisted|p2a: Archaludon|1\n|-damage|p2a: Archaludon|82/100\n|-ability|p2a: Archaludon|Stamina|boost\n|-boost|p2a: Archaludon|def|1\n|move|p1b: Incineroar|Parting Shot|p2a: Archaludon\n|-unboost|p2a: Archaludon|atk|1\n|-unboost|p2a: Archaludon|spa|1\n|\n|t:|1776309012\n|switch|p1b: Basculegion|Basculegion, L50, M|100/100|[from] Parting Shot\n|cant|p2a: Archaludon|flinch\n|\n|-weather|RainDance|[upkeep]\n|-heal|p2a: Archaludon|88/100|[from] item: Leftovers\n|-sideend|p1: proairpods|move: Tailwind\n|-sideend|p2: Volk0Nara|move: Tailwind\n|upkeep\n|turn|5\n|\n|t:|1776309035\n|move|p1b: Basculegion|Crunch|p2a: Archaludon\n|-damage|p2a: Archaludon|82/100\n|-ability|p2a: Archaludon|Stamina|boost\n|-boost|p2a: Archaludon|def|1\n|move|p1a: Aerodactyl|Rock Slide|p2b: Pelipper|[spread] p2a,p2b\n|-resisted|p2a: Archaludon|1\n|-supereffective|p2b: Pelipper|1\n|-damage|p2a: Archaludon|80/100\n|-damage|p2b: Pelipper|0 fnt\n|faint|p2b: Pelipper\n|cant|p2a: Archaludon|flinch\n|\n|-weather|RainDance|[upkeep]\n|-heal|p2a: Archaludon|86/100|[from] item: Leftovers\n|upkeep\n|\n|t:|1776309049\n|switch|p2b: Sneasler|Sneasler, L50, F|100/100\n|turn|6\n|\n|t:|1776309058\n|move|p2b: Sneasler|Fake Out|p1a: Aerodactyl\n|-resisted|p1a: Aerodactyl|1\n|-damage|p1a: Aerodactyl|88/100\n|move|p1b: Basculegion|Waterfall|p2a: Archaludon\n|-resisted|p2a: Archaludon|1\n|-damage|p2a: Archaludon|79/100\n|cant|p1a: Aerodactyl|flinch\n|cant|p2a: Archaludon|flinch\n|\n|-weather|RainDance|[upkeep]\n|-heal|p2a: Archaludon|85/100|[from] item: Leftovers\n|upkeep\n|turn|7\n|c|\u2606proairpods|bro cant use his plus 4 def arch\n|inactive|proairpods has 30 seconds left.\n|\n|t:|1776309088\n|move|p2b: Sneasler|Protect|p2b: Sneasler\n|-singleturn|p2b: Sneasler|Protect\n|move|p1b: Basculegion|Waterfall|p2a: Archaludon\n|-resisted|p2a: Archaludon|1\n|-damage|p2a: Archaludon|77/100\n|move|p1a: Aerodactyl|Dual Wingbeat|p2b: Sneasler\n|-activate|p2b: Sneasler|move: Protect\n|cant|p2a: Archaludon|flinch\n|\n|-weather|none\n|-heal|p2a: Archaludon|83/100|[from] item: Leftovers\n|upkeep\n|turn|8\n|-activate|p1a: Aerodactyl|item: Quick Claw\n|\n|t:|1776309109\n|switch|p2b: Dragonite|Dragonite-Mega, L50, F|58/100\n|move|p1a: Aerodactyl|Dual Wingbeat|p2b: Dragonite|[miss]\n|-miss|p1a: Aerodactyl|p2b: Dragonite\n|move|p1b: Basculegion|Waterfall|p2a: Archaludon\n|-resisted|p2a: Archaludon|1\n|-damage|p2a: Archaludon|79/100\n|move|p2a: Archaludon|Electro Shot||[still]\n|-prepare|p2a: Archaludon|Electro Shot\n|-boost|p2a: Archaludon|spa|1\n|\n|-heal|p2a: Archaludon|85/100|[from] item: Leftovers\n|upkeep\n|turn|9\n|-activate|p1a: Aerodactyl|item: Quick Claw\n|\n|t:|1776309125\n|move|p2b: Dragonite|Protect|p2b: Dragonite\n|-singleturn|p2b: Dragonite|Protect\n|move|p1b: Basculegion|Protect|p1b: Basculegion\n|-singleturn|p1b: Basculegion|Protect\n|move|p1a: Aerodactyl|Rock Slide|p2b: Dragonite|[spread] p2a\n|-activate|p2b: Dragonite|move: Protect\n|-resisted|p2a: Archaludon|1\n|-damage|p2a: Archaludon|83/100\n|move|p2a: Archaludon|Electro Shot|p1b: Basculegion|[from] lockedmove\n|-activate|p1b: Basculegion|move: Protect\n|\n|-heal|p2a: Archaludon|89/100|[from] item: Leftovers\n|upkeep\n|turn|10\n|\n|t:|1776309145\n|move|p1a: Aerodactyl|Tailwind|p1a: Aerodactyl\n|-sidestart|p1: proairpods|move: Tailwind\n|move|p1b: Basculegion|Waterfall|p2a: Archaludon\n|-resisted|p2a: Archaludon|1\n|-damage|p2a: Archaludon|84/100\n|move|p2b: Dragonite|Tailwind|p2b: Dragonite\n|-sidestart|p2: Volk0Nara|move: Tailwind\n|move|p2a: Archaludon|Electro Shot||[still]\n|-prepare|p2a: Archaludon|Electro Shot\n|-boost|p2a: Archaludon|spa|1\n|\n|-heal|p2a: Archaludon|90/100|[from] item: Leftovers\n|upkeep\n|turn|11\n|\n|t:|1776309161\n|move|p2b: Dragonite|Protect|p2b: Dragonite\n|-singleturn|p2b: Dragonite|Protect\n|move|p1a: Aerodactyl|Rock Slide|p2a: Archaludon|[spread] p2a\n|-activate|p2b: Dragonite|move: Protect\n|-resisted|p2a: Archaludon|1\n|-damage|p2a: Archaludon|88/100\n|move|p1b: Basculegion|Crunch|p2b: Dragonite\n|-activate|p2b: Dragonite|move: Protect\n|cant|p2a: Archaludon|flinch\n|\n|-heal|p2a: Archaludon|94/100|[from] item: Leftovers\n|upkeep\n|turn|12\n|\n|t:|1776309183\n|move|p2b: Dragonite|Protect||[still]\n|-fail|p2b: Dragonite\n|move|p1a: Aerodactyl|Rock Slide|p2b: Dragonite|[spread] p2a,p2b\n|-resisted|p2a: Archaludon|1\n|-supereffective|p2b: Dragonite|1\n|-damage|p2a: Archaludon|92/100\n|-damage|p2b: Dragonite|4/100\n|move|p1b: Basculegion|Crunch|p2b: Dragonite\n|-damage|p2b: Dragonite|0 fnt\n|faint|p2b: Dragonite\n|cant|p2a: Archaludon|flinch\n|\n|-heal|p2a: Archaludon|98/100|[from] item: Leftovers\n|upkeep\n|c|\u2606Volk0Nara|bro\n|\n|t:|1776309198\n|switch|p2b: Sneasler|Sneasler, L50, F|100/100\n|turn|13\n|\n|t:|1776309205\n|move|p2b: Sneasler|Fake Out|p1a: Aerodactyl\n|-resisted|p1a: Aerodactyl|1\n|-damage|p1a: Aerodactyl|77/100\n|cant|p1a: Aerodactyl|flinch\n|move|p1b: Basculegion|Waterfall|p2a: Archaludon\n|-resisted|p2a: Archaludon|1\n|-damage|p2a: Archaludon|93/100\n|move|p2a: Archaludon|Flash Cannon|p1a: Aerodactyl\n|-supereffective|p1a: Aerodactyl|1\n|-damage|p1a: Aerodactyl|0 fnt\n|faint|p1a: Aerodactyl\n|\n|-heal|p2a: Archaludon|99/100|[from] item: Leftovers\n|-sideend|p2: Volk0Nara|move: Tailwind\n|-sideend|p1: proairpods|move: Tailwind\n|upkeep\n|c|\u2606proairpods|stop flinching\n|\n|t:|1776309221\n|switch|p1a: Incineroar|Incineroar, L50, F|96/100\n|-ability|p1a: Incineroar|Intimidate|boost\n|-unboost|p2a: Archaludon|atk|1\n|-unboost|p2b: Sneasler|atk|1\n|-enditem|p2b: Sneasler|White Herb\n|-clearnegativeboost|p2b: Sneasler|[silent]\n|turn|14\n|\n|t:|1776309236\n|move|p2b: Sneasler|Protect|p2b: Sneasler\n|-singleturn|p2b: Sneasler|Protect\n|move|p1b: Basculegion|Liquidation|p2b: Sneasler\n|-activate|p2b: Sneasler|move: Protect\n|move|p1a: Incineroar|Flare Blitz|p2a: Archaludon\n|-damage|p2a: Archaludon|85/100\n|-status|p2a: Archaludon|brn\n|-damage|p1a: Incineroar|90/100|[from] Recoil\n|move|p2a: Archaludon|Flash Cannon|p1a: Incineroar\n|-resisted|p1a: Incineroar|1\n|-damage|p1a: Incineroar|56/100\n|\n|-heal|p2a: Archaludon|91/100 brn|[from] item: Leftovers\n|-damage|p2a: Archaludon|85/100 brn|[from] brn\n|upkeep\n|turn|15\n|inactive|proairpods has 30 seconds left.\n|inactive|Volk0Nara has 30 seconds left.\n|\n|t:|1776309266\n|move|p2b: Sneasler|Close Combat|p1a: Incineroar\n|-supereffective|p1a: Incineroar|1\n|-damage|p1a: Incineroar|0 fnt\n|-unboost|p2b: Sneasler|def|1\n|-unboost|p2b: Sneasler|spd|1\n|faint|p1a: Incineroar\n|move|p1b: Basculegion|Liquidation|p2b: Sneasler\n|-damage|p2b: Sneasler|0 fnt\n|faint|p2b: Sneasler\n|move|p2a: Archaludon|Electro Shot||[still]\n|-prepare|p2a: Archaludon|Electro Shot\n|-boost|p2a: Archaludon|spa|1\n|\n|-heal|p2a: Archaludon|91/100 brn|[from] item: Leftovers\n|-damage|p2a: Archaludon|85/100 brn|[from] brn\n|upkeep\n|turn|16\n|\n|t:|1776309280\n|move|p1b: Basculegion|Protect|p1b: Basculegion\n|-singleturn|p1b: Basculegion|Protect\n|move|p2a: Archaludon|Electro Shot|p1b: Basculegion|[from] lockedmove\n|-activate|p1b: Basculegion|move: Protect\n|\n|-heal|p2a: Archaludon|91/100 brn|[from] item: Leftovers\n|-damage|p2a: Archaludon|85/100 brn|[from] brn\n|upkeep\n|turn|17\n|\n|t:|1776309292\n|move|p1b: Basculegion|Waterfall|p2a: Archaludon\n|-resisted|p2a: Archaludon|1\n|-damage|p2a: Archaludon|81/100 brn\n|move|p2a: Archaludon|Flash Cannon|p1b: Basculegion\n|-resisted|p1b: Basculegion|1\n|-damage|p1b: Basculegion|60/100\n|\n|-heal|p2a: Archaludon|87/100 brn|[from] item: Leftovers\n|-damage|p2a: Archaludon|81/100 brn|[from] brn\n|upkeep\n|turn|18\n|\n|t:|1776309301\n|move|p1b: Basculegion|Liquidation|p2a: Archaludon\n|-resisted|p2a: Archaludon|1\n|-crit|p2a: Archaludon\n|-damage|p2a: Archaludon|51/100 brn\n|move|p2a: Archaludon|Draco Meteor|p1b: Basculegion\n|-damage|p1b: Basculegion|0 fnt\n|-unboost|p2a: Archaludon|spa|2\n|faint|p1b: Basculegion\n|\n|win|Volk0Nara\n|raw|proairpods's rating: 1206 &rarr; <strong>1187</strong><br />(-19 for losing)\n|raw|Volk0Nara's rating: 1292 &rarr; <strong>1311</strong><br />(+19 for winning)\n|c|\u2606proairpods|gg\n|c|\u2606Volk0Nara|gg\n",
  "uploadtime": 1776309314,
  "views": 27,
  "formatid": "gen9championsvgc2026regma",
  "rating": 1187,
  "private": 0,
  "password": null
}