{
  "id": "gen9championsvgc2026regma-2585462184",
  "format": "[Gen 9 Champions] VGC 2026 Reg M-A",
  "players": [
    "yuddabombardier",
    "ADV169"
  ],
  "log": "|j|\u2606yuddabombardier\n|j|\u2606ADV169\n|t:|1776348900\n|gametype|doubles\n|player|p1|yuddabombardier|1|1167\n|player|p2|ADV169|cynthia-gen4|1186\n|gen|9\n|tier|[Gen 9 Champions] VGC 2026 Reg M-A\n|rated|\n|rule|Species Clause: Limit one of each Pok\u00e9mon\n|rule|Item Clause: Limit 1 of each item\n|clearpoke\n|poke|p1|Blastoise, L50, M|\n|poke|p1|Farigiraf, L50, F|\n|poke|p1|Sinistcha, L50|\n|poke|p1|Pelipper, L50, M|\n|poke|p1|Ampharos, L50, F|\n|poke|p1|Incineroar, L50, F|\n|poke|p2|Gardevoir, L50, M|\n|poke|p2|Farigiraf, L50, F|\n|poke|p2|Incineroar, L50, M|\n|poke|p2|Rotom-Wash, L50|\n|poke|p2|Archaludon, L50, F|\n|poke|p2|Sinistcha, L50|\n|teampreview|4\n|inactive|Battle timer is ON: inactive players will automatically lose when time's up. (requested by yuddabombardier)\n|\n|t:|1776348938\n|teamsize|p1|4\n|teamsize|p2|4\n|start\n|switch|p1a: Farigiraf|Farigiraf, L50, F|100/100\n|switch|p1b: Incineroar|Incineroar, L50, F|100/100\n|switch|p2a: Babylon|Archaludon, L50, F|100/100\n|switch|p2b: Carcosa|Farigiraf, L50, F|100/100\n|-ability|p1b: Incineroar|Intimidate|boost\n|-unboost|p2a: Babylon|atk|1\n|-unboost|p2b: Carcosa|atk|1\n|turn|1\n|inactive|yuddabombardier has 30 seconds left.\n|inactive|yuddabombardier has 20 seconds left.\n|\n|t:|1776348975\n|move|p1a: Farigiraf|Helping Hand|p1b: Incineroar\n|-singleturn|p1b: Incineroar|Helping Hand|[of] p1a: Farigiraf\n|move|p2b: Carcosa|Protect|p2b: Carcosa\n|-singleturn|p2b: Carcosa|Protect\n|move|p2a: Babylon|Protect|p2a: Babylon\n|-singleturn|p2a: Babylon|Protect\n|move|p1b: Incineroar|Darkest Lariat|p2b: Carcosa\n|-activate|p2b: Carcosa|move: Protect\n|\n|upkeep\n|turn|2\n|\n|t:|1776348999\n|switch|p2b: Current|Rotom-Wash, L50|100/100\n|move|p2a: Babylon|Aura Sphere|p1b: Incineroar\n|-supereffective|p1b: Incineroar|1\n|-damage|p1b: Incineroar|61/100\n|move|p1b: Incineroar|Parting Shot|p2a: Babylon\n|-unboost|p2a: Babylon|atk|1\n|-unboost|p2a: Babylon|spa|1\n|\n|t:|1776349009\n|switch|p1b: Sinistcha|Sinistcha, L50|100/100|[from] Parting Shot\n|move|p1a: Farigiraf|Trick Room|p1a: Farigiraf\n|-fieldstart|move: Trick Room|[of] p1a: Farigiraf\n|\n|upkeep\n|turn|3\n|\n|t:|1776349033\n|switch|p2a: Carcosa|Farigiraf, L50, F|100/100\n|move|p1a: Farigiraf|Helping Hand|p1b: Sinistcha\n|-singleturn|p1b: Sinistcha|Helping Hand|[of] p1a: Farigiraf\n|move|p1b: Sinistcha|Matcha Gotcha|p2a: Carcosa|[spread] p2a,p2b\n|-supereffective|p2b: Current|1\n|-damage|p2a: Carcosa|57/100\n|-damage|p2b: Current|0 fnt\n|faint|p2b: Current\n|\n|upkeep\n|\n|t:|1776349043\n|switch|p2b: Babylon|Archaludon, L50, F|100/100\n|turn|4\n|\n|t:|1776349060\n|move|p1a: Farigiraf|Helping Hand|p1b: Sinistcha\n|-singleturn|p1b: Sinistcha|Helping Hand|[of] p1a: Farigiraf\n|move|p2b: Babylon|Protect|p2b: Babylon\n|-singleturn|p2b: Babylon|Protect\n|move|p1b: Sinistcha|Matcha Gotcha|p2b: Babylon|[spread] p2a\n|-activate|p2b: Babylon|move: Protect\n|-damage|p2a: Carcosa|17/100\n|-status|p2a: Carcosa|brn\n|-enditem|p2a: Carcosa|Sitrus Berry|[eat]\n|-heal|p2a: Carcosa|41/100 brn|[from] item: Sitrus Berry\n|move|p2a: Carcosa|Rain Dance|p2a: Carcosa\n|-weather|RainDance\n|\n|-weather|RainDance|[upkeep]\n|-damage|p2a: Carcosa|35/100 brn|[from] brn\n|upkeep\n|turn|5\n|\n|t:|1776349084\n|move|p1a: Farigiraf|Helping Hand|p1b: Sinistcha\n|-singleturn|p1b: Sinistcha|Helping Hand|[of] p1a: Farigiraf\n|move|p1b: Sinistcha|Matcha Gotcha|p2a: Carcosa|[spread] p2b\n|-miss|p1b: Sinistcha|p2a: Carcosa\n|-resisted|p2b: Babylon|2\n|-damage|p2b: Babylon|89/100\n|-ability|p2b: Babylon|Stamina|boost\n|-boost|p2b: Babylon|def|1\n|move|p2b: Babylon|Electro Shot||[still]\n|-prepare|p2b: Babylon|Electro Shot\n|-boost|p2b: Babylon|spa|1\n|-anim|p2b: Babylon|Electro Shot|p1a: Farigiraf\n|-damage|p1a: Farigiraf|44/100\n|move|p2a: Carcosa|Psychic Terrain|p2a: Carcosa\n|-fieldstart|move: Psychic Terrain\n|\n|-weather|RainDance|[upkeep]\n|-heal|p2b: Babylon|95/100|[from] item: Leftovers\n|-damage|p2a: Carcosa|30/100 brn|[from] brn\n|upkeep\n|turn|6\n|\n|t:|1776349106\n|move|p1a: Farigiraf|Helping Hand|p1b: Sinistcha\n|-singleturn|p1b: Sinistcha|Helping Hand|[of] p1a: Farigiraf\n|move|p1b: Sinistcha|Matcha Gotcha|p2b: Babylon|[spread] p2a,p2b\n|-resisted|p2b: Babylon|2\n|-damage|p2a: Carcosa|0 fnt\n|-damage|p2b: Babylon|85/100\n|-ability|p2b: Babylon|Stamina|boost\n|-boost|p2b: Babylon|def|1\n|faint|p2a: Carcosa\n|move|p2b: Babylon|Electro Shot||[still]\n|-prepare|p2b: Babylon|Electro Shot\n|-boost|p2b: Babylon|spa|1\n|-anim|p2b: Babylon|Electro Shot|p1b: Sinistcha\n|-resisted|p1b: Sinistcha|1\n|-damage|p1b: Sinistcha|57/100\n|\n|-weather|RainDance|[upkeep]\n|-heal|p2b: Babylon|91/100|[from] item: Leftovers\n|-fieldend|move: Trick Room\n|upkeep\n|\n|t:|1776349121\n|switch|p2a: Monet\u2640\ufe0f|Gardevoir, L50, M|100/100\n|turn|7\n|\n|t:|1776349133\n|detailschange|p2a: Monet\u2640\ufe0f|Gardevoir-Mega, L50, M\n|-mega|p2a: Monet\u2640\ufe0f|Gardevoir|Gardevoirite\n|move|p2a: Monet\u2640\ufe0f|Expanding Force|p1a: Farigiraf|[spread] p1a,p1b\n|-resisted|p1a: Farigiraf|1\n|-damage|p1a: Farigiraf|5/100\n|-damage|p1b: Sinistcha|0 fnt\n|faint|p1b: Sinistcha\n|move|p2b: Babylon|Electro Shot||[still]\n|-prepare|p2b: Babylon|Electro Shot\n|-boost|p2b: Babylon|spa|1\n|-anim|p2b: Babylon|Electro Shot|p1a: Farigiraf\n|-damage|p1a: Farigiraf|0 fnt\n|faint|p1a: Farigiraf\n|\n|-weather|RainDance|[upkeep]\n|-heal|p2b: Babylon|97/100|[from] item: Leftovers\n|upkeep\n|\n|t:|1776349139\n|switch|p1b: Incineroar|Incineroar, L50, F|61/100\n|switch|p1a: Ampharos|Ampharos, L50, F|100/100\n|-ability|p1b: Incineroar|Intimidate|boost\n|-unboost|p2a: Monet\u2640\ufe0f|atk|1\n|-unboost|p2b: Babylon|atk|1\n|turn|8\n|inactive|yuddabombardier has 30 seconds left.\n|\n|t:|1776349165\n|move|p1a: Ampharos|Protect|p1a: Ampharos\n|-singleturn|p1a: Ampharos|Protect\n|move|p2a: Monet\u2640\ufe0f|Hyper Voice|p1a: Ampharos|[spread] p1b\n|-activate|p1a: Ampharos|move: Protect\n|-damage|p1b: Incineroar|16/100\n|-enditem|p1b: Incineroar|Sitrus Berry|[eat]\n|-heal|p1b: Incineroar|41/100|[from] item: Sitrus Berry\n|move|p2b: Babylon|Aura Sphere|p1b: Incineroar\n|-supereffective|p1b: Incineroar|1\n|-damage|p1b: Incineroar|0 fnt\n|faint|p1b: Incineroar\n|\n|-weather|none\n|-heal|p2b: Babylon|100/100|[from] item: Leftovers\n|upkeep\n|turn|9\n|-message|yuddabombardier forfeited.\n|\n|win|ADV169\n|raw|yuddabombardier's rating: 1167 &rarr; <strong>1142</strong><br />(-25 for losing)\n|raw|ADV169's rating: 1163 &rarr; <strong>1188</strong><br />(+25 for winning)\n|l|\u2606yuddabombardier\n|player|p1|\n|c|\u2606ADV169|Gg\n",
  "uploadtime": 1776349332,
  "views": 31,
  "formatid": "gen9championsvgc2026regma",
  "rating": 1142,
  "private": 0,
  "password": null
}