{
  "id": "gen9championsvgc2026regma-2583819618",
  "format": "[Gen 9 Champions] VGC 2026 Reg M-A",
  "players": [
    "Wolfe Flick",
    "ScribbleScribble"
  ],
  "log": "|j|\u2606Wolfe Flick\n|j|\u2606ScribbleScribble\n|t:|1776200198\n|gametype|doubles\n|player|p1|Wolfe Flick|leon-tower|1556\n|player|p2|ScribbleScribble|mina-lgpe|1588\n|gen|9\n|tier|[Gen 9 Champions] VGC 2026 Reg M-A\n|rated|\n|rule|Species Clause: Limit one of each Pok\u00e9mon\n|rule|Item Clause: Limit 1 of each item\n|clearpoke\n|poke|p1|Pelipper, L50, M|\n|poke|p1|Meganium, L50, M|\n|poke|p1|Basculegion, L50, M|\n|poke|p1|Archaludon, L50, M|\n|poke|p1|Glimmora, L50, F|\n|poke|p1|Sableye, L50, F|\n|poke|p2|Floette-Eternal, L50, F|\n|poke|p2|Sneasler, L50, M|\n|poke|p2|Aerodactyl, L50, F|\n|poke|p2|Basculegion, L50, M|\n|poke|p2|Farigiraf, L50, F|\n|poke|p2|Kingambit, L50, F|\n|teampreview|4\n|inactive|Battle timer is ON: inactive players will automatically lose when time's up. (requested by ScribbleScribble)\n|inactive|Wolfe Flick has 60 seconds left.\n|\n|t:|1776200241\n|teamsize|p1|4\n|teamsize|p2|4\n|start\n|switch|p1a: Glimmora|Glimmora, L50, F, shiny|100/100\n|switch|p1b: Archaludon|Archaludon, L50, M, shiny|100/100\n|switch|p2a: Floette|Floette-Eternal, L50, F|100/100\n|switch|p2b: Aerodactyl|Aerodactyl, L50, F|100/100\n|-ability|p2b: Aerodactyl|Unnerve\n|turn|1\n|j| killapowa\n|inactive|Wolfe Flick has 30 seconds left.\n|l| killapowa\n|inactive|Wolfe Flick has 20 seconds left.\n|inactive|Wolfe Flick has 15 seconds left.\n|\n|t:|1776200283\n|detailschange|p1a: Glimmora|Glimmora-Mega, L50, F, shiny\n|-mega|p1a: Glimmora|Glimmora|Glimmoranite\n|detailschange|p2a: Floette|Floette-Mega, L50, F\n|-mega|p2a: Floette|Floette|Floettite\n|-ability|p2a: Floette|Fairy Aura\n|move|p2b: Aerodactyl|Tailwind|p2b: Aerodactyl\n|-sidestart|p2: ScribbleScribble|move: Tailwind\n|move|p2a: Floette|Calm Mind|p2a: Floette\n|-boost|p2a: Floette|spa|1\n|-boost|p2a: Floette|spd|1\n|move|p1a: Glimmora|Power Gem|p2b: Aerodactyl\n|-supereffective|p2b: Aerodactyl|1\n|-enditem|p2b: Aerodactyl|Focus Sash\n|-damage|p2b: Aerodactyl|1/100\n|move|p1b: Archaludon|Flash Cannon|p2b: Aerodactyl\n|-supereffective|p2b: Aerodactyl|1\n|-damage|p2b: Aerodactyl|0 fnt\n|faint|p2b: Aerodactyl\n|\n|upkeep\n|\n|t:|1776200306\n|switch|p2b: Sneasler|Sneasler, L50, M, shiny|100/100\n|turn|2\n|j| RockBrockRock\n|\n|t:|1776200317\n|move|p1a: Glimmora|Spiky Shield|p1a: Glimmora\n|-singleturn|p1a: Glimmora|move: Protect\n|move|p1b: Archaludon|Protect|p1b: Archaludon\n|-singleturn|p1b: Archaludon|Protect\n|move|p2b: Sneasler|Close Combat|p1a: Glimmora\n|-activate|p1a: Glimmora|move: Protect\n|-damage|p2b: Sneasler|88/100|[from] Spiky Shield|[of] p1a: Glimmora\n|move|p2a: Floette|Dazzling Gleam|p1b: Archaludon|[spread] \n|-activate|p1a: Glimmora|move: Protect\n|-activate|p1b: Archaludon|move: Protect\n|\n|upkeep\n|turn|3\n|j| killapowa\n|inactive|ScribbleScribble has 30 seconds left.\n|c| killapowa|bro u are queued up against m,e\n|inactive|ScribbleScribble has 20 seconds left.\n|\n|t:|1776200353\n|move|p2b: Sneasler|Close Combat|p1a: Glimmora\n|-damage|p1a: Glimmora|32/100\n|-unboost|p2b: Sneasler|def|1\n|-unboost|p2b: Sneasler|spd|1\n|-enditem|p2b: Sneasler|White Herb\n|-clearnegativeboost|p2b: Sneasler|[silent]\n|move|p2a: Floette|Moonblast|p1b: Archaludon\n|-damage|p1b: Archaludon|0 fnt\n|faint|p1b: Archaludon\n|move|p1a: Glimmora|Sludge Bomb|p2a: Floette\n|-supereffective|p2a: Floette|1\n|-damage|p2a: Floette|25/100\n|\n|upkeep\n|j| BATTLEREALM\n|\n|t:|1776200372\n|switch|p1b: Pelipper|Pelipper, L50, M, shiny|100/100\n|-weather|RainDance|[from] ability: Drizzle|[of] p1b: Pelipper\n|turn|4\n|inactive|ScribbleScribble has 30 seconds left.\n|inactive|Wolfe Flick has 30 seconds left.\n|inactive|ScribbleScribble has 20 seconds left.\n|inactive|ScribbleScribble has 15 seconds left.\n|j| sileshar\n|inactive|ScribbleScribble has 10 seconds left.\n|\n|t:|1776200418\n|move|p1a: Glimmora|Spiky Shield|p1a: Glimmora\n|-singleturn|p1a: Glimmora|move: Protect\n|move|p2b: Sneasler|Dire Claw|p1b: Pelipper\n|-damage|p1b: Pelipper|41/100\n|move|p2a: Floette|Dazzling Gleam|p1b: Pelipper|[spread] p1b\n|-activate|p1a: Glimmora|move: Protect\n|-damage|p1b: Pelipper|0 fnt\n|faint|p1b: Pelipper\n|\n|-weather|RainDance|[upkeep]\n|-sideend|p2: ScribbleScribble|move: Tailwind\n|upkeep\n|\n|t:|1776200425\n|switch|p1b: Basculegion|Basculegion, L50, M|100/100\n|turn|5\n|\n|t:|1776200443\n|move|p1a: Glimmora|Spiky Shield||[still]\n|-fail|p1a: Glimmora\n|move|p2b: Sneasler|Close Combat|p1a: Glimmora\n|-damage|p1a: Glimmora|0 fnt\n|-unboost|p2b: Sneasler|def|1\n|-unboost|p2b: Sneasler|spd|1\n|faint|p1a: Glimmora\n|move|p1b: Basculegion|Last Respects|p2a: Floette\n|-damage|p2a: Floette|0 fnt\n|faint|p2a: Floette\n|\n|-weather|RainDance|[upkeep]\n|upkeep\n|inactive|ScribbleScribble has 30 seconds left.\n|inactive|ScribbleScribble has 20 seconds left.\n|\n|t:|1776200480\n|switch|p2a: Farigiraf|Farigiraf, L50, F|100/100\n|turn|6\n|-message|Wolfe Flick forfeited.\n|\n|win|ScribbleScribble\n|raw|Wolfe Flick's rating: 1556 &rarr; <strong>1538</strong><br />(-18 for losing)\n|raw|ScribbleScribble's rating: 1588 &rarr; <strong>1606</strong><br />(+18 for winning)\n|l|\u2606Wolfe Flick\n|player|p1|\n|l|\u2606ScribbleScribble\n|player|p2|\n",
  "uploadtime": 1776200491,
  "views": 120,
  "formatid": "gen9championsvgc2026regma",
  "rating": 1538,
  "private": 0,
  "password": null
}