{
  "id": "gen9championsvgc2026regma-2581198151",
  "format": "[Gen 9 Champions] VGC 2026 Reg M-A",
  "players": [
    "StrikerMohamud",
    "opvidu"
  ],
  "log": "|j|\u2606StrikerMohamud\n|j|\u2606opvidu\n|t:|1775969766\n|gametype|doubles\n|player|p1|StrikerMohamud|unknown|1070\n|player|p2|opvidu|265|1120\n|gen|9\n|tier|[Gen 9 Champions] VGC 2026 Reg M-A\n|rated|\n|rule|Species Clause: Limit one of each Pok\u00e9mon\n|rule|Item Clause: Limit 1 of each item\n|clearpoke\n|poke|p1|Kangaskhan, L50, F|\n|poke|p1|Incineroar, L50, M|\n|poke|p1|Azumarill, L50, M|\n|poke|p1|Froslass, L50, F|\n|poke|p1|Garchomp, L50, M|\n|poke|p1|Talonflame, L50, F|\n|poke|p2|Torkoal, L50, M|\n|poke|p2|Whimsicott, L50, F|\n|poke|p2|Venusaur, L50, M|\n|poke|p2|Charizard, L50, F|\n|poke|p2|Incineroar, L50, F|\n|poke|p2|Kingambit, L50, F|\n|teampreview|4\n|\n|t:|1775969804\n|teamsize|p1|4\n|teamsize|p2|4\n|start\n|switch|p1a: Froslass|Froslass, L50, F, shiny|100/100\n|switch|p1b: Talonflame|Talonflame, L50, F, shiny|100/100\n|switch|p2a: Torkoal|Torkoal, L50, M|100/100\n|switch|p2b: Venusaur|Venusaur, L50, M|100/100\n|-weather|SunnyDay|[from] ability: Drought|[of] p2a: Torkoal\n|turn|1\n|\n|t:|1775969822\n|detailschange|p1a: Froslass|Froslass-Mega, L50, F, shiny\n|-mega|p1a: Froslass|Froslass|Froslassite\n|-weather|Snowscape|[from] ability: Snow Warning|[of] p1a: Froslass\n|move|p1b: Talonflame|Dual Wingbeat|p2b: Venusaur\n|-supereffective|p2b: Venusaur|1\n|-damage|p2b: Venusaur|57/100\n|-supereffective|p2b: Venusaur|1\n|-damage|p2b: Venusaur|13/100\n|-hitcount|p2b: Venusaur|2\n|move|p1a: Froslass|Blizzard|p2a: Torkoal|[spread] p2a,p2b\n|-resisted|p2a: Torkoal|1\n|-supereffective|p2b: Venusaur|1\n|-damage|p2a: Torkoal|71/100\n|-damage|p2b: Venusaur|0 fnt\n|-status|p2a: Torkoal|frz\n|faint|p2b: Venusaur\n|cant|p2a: Torkoal|frz\n|\n|-weather|Snowscape|[upkeep]\n|-heal|p2a: Torkoal|77/100 frz|[from] item: Leftovers\n|upkeep\n|\n|t:|1775969841\n|switch|p2b: Kingambit|Kingambit, L50, F|100/100\n|turn|2\n|\n|t:|1775969846\n|move|p1b: Talonflame|Tailwind|p1b: Talonflame\n|-sidestart|p1: StrikerMohamud|move: Tailwind\n|move|p2b: Kingambit|Sucker Punch||[still]\n|-fail|p2b: Kingambit\n|move|p1a: Froslass|Aurora Veil|p1a: Froslass\n|-sidestart|p1: StrikerMohamud|move: Aurora Veil\n|cant|p2a: Torkoal|frz\n|\n|-weather|Snowscape|[upkeep]\n|-heal|p2a: Torkoal|83/100 frz|[from] item: Leftovers\n|upkeep\n|turn|3\n|\n|t:|1775969860\n|switch|p1a: Garchomp|Garchomp, L50, M|100/100\n|move|p1b: Talonflame|Dual Wingbeat|p2a: Torkoal\n|-damage|p2a: Torkoal|68/100 frz\n|-damage|p2a: Torkoal|52/100 frz\n|-hitcount|p2a: Torkoal|2\n|move|p2b: Kingambit|Sucker Punch||[still]\n|-fail|p2b: Kingambit\n|-curestatus|p2a: Torkoal|frz|[msg]\n|move|p2a: Torkoal|Eruption|p1a: Garchomp|[spread] p1a,p1b\n|-resisted|p1a: Garchomp|1\n|-resisted|p1b: Talonflame|1\n|-damage|p1a: Garchomp|92/100\n|-damage|p1b: Talonflame|88/100\n|\n|-weather|Snowscape|[upkeep]\n|-heal|p2a: Torkoal|58/100|[from] item: Leftovers\n|upkeep\n|turn|4\n|\n|t:|1775969878\n|move|p2b: Kingambit|Sucker Punch|p1a: Garchomp\n|-crit|p1a: Garchomp\n|-damage|p1a: Garchomp|32/100\n|move|p1a: Garchomp|Earthquake|p2b: Kingambit|[spread] p2a,p2b\n|-immune|p1b: Talonflame\n|-supereffective|p2a: Torkoal|1\n|-supereffective|p2b: Kingambit|1\n|-damage|p2a: Torkoal|0 fnt\n|-damage|p2b: Kingambit|40/100\n|faint|p2a: Torkoal\n|move|p1b: Talonflame|Taunt|p2b: Kingambit\n|-start|p2b: Kingambit|move: Taunt\n|\n|-weather|Snowscape|[upkeep]\n|upkeep\n|\n|t:|1775969887\n|switch|p2a: Whimsicott|Whimsicott, L50, F|100/100\n|turn|5\n|\n|t:|1775969893\n|move|p1b: Talonflame|Quick Guard|p1b: Talonflame\n|-singleturn|p1b: Talonflame|Quick Guard\n|move|p1a: Garchomp|Earthquake|p2a: Whimsicott|[spread] p2a,p2b\n|-immune|p1b: Talonflame\n|-resisted|p2a: Whimsicott|1\n|-supereffective|p2b: Kingambit|1\n|-damage|p2a: Whimsicott|80/100\n|-damage|p2b: Kingambit|0 fnt\n|faint|p2b: Kingambit\n|move|p2a: Whimsicott|Trick Room|p2a: Whimsicott\n|-fieldstart|move: Trick Room|[of] p2a: Whimsicott\n|\n|-weather|none\n|-sideend|p1: StrikerMohamud|move: Tailwind\n|upkeep\n|turn|6\n|-message|opvidu forfeited.\n|\n|win|StrikerMohamud\n|raw|StrikerMohamud's rating: 1070 &rarr; <strong>1104</strong><br />(+34 for winning)\n|raw|opvidu's rating: 1120 &rarr; <strong>1091</strong><br />(-29 for losing)\n|l|\u2606opvidu\n|player|p2|\n|l|\u2606StrikerMohamud\n|player|p1|\n|j|\u2606StrikerMohamud\n|player|p1|StrikerMohamud|unknown|\n",
  "uploadtime": 1775969768,
  "views": 16,
  "formatid": "gen9championsvgc2026regma",
  "rating": 1091,
  "private": 0,
  "password": null
}