{
  "id": "gen9championsvgc2026regma-2583244488",
  "format": "[Gen 9 Champions] VGC 2026 Reg M-A",
  "players": [
    "Pablox99",
    "bminer1397"
  ],
  "log": "|j|\u2606Pablox99\n|j|\u2606bminer1397\n|t:|1776158887\n|gametype|doubles\n|player|p1|Pablox99|101|1294\n|player|p2|bminer1397|266|1377\n|gen|9\n|tier|[Gen 9 Champions] VGC 2026 Reg M-A\n|rated|\n|rule|Species Clause: Limit one of each Pok\u00e9mon\n|rule|Item Clause: Limit 1 of each item\n|clearpoke\n|poke|p1|Tyranitar, L50, M|\n|poke|p1|Excadrill, L50, F|\n|poke|p1|Basculegion, L50, M|\n|poke|p1|Gardevoir, L50, F|\n|poke|p1|Incineroar, L50, F|\n|poke|p1|Corviknight, L50, M|\n|poke|p2|Blastoise, L50, M|\n|poke|p2|Meowstic, L50, M|\n|poke|p2|Sinistcha, L50|\n|poke|p2|Incineroar, L50, M|\n|poke|p2|Rhyperior, L50, M|\n|poke|p2|Aegislash, L50, M|\n|teampreview|4\n|inactive|Battle timer is ON: inactive players will automatically lose when time's up. (requested by bminer1397)\n|\n|t:|1776158912\n|teamsize|p1|4\n|teamsize|p2|4\n|start\n|switch|p1a: Basculegion|Basculegion, L50, M|100/100\n|switch|p1b: Gardevoir|Gardevoir, L50, F|100/100\n|switch|p2a: Blastoise|Blastoise, L50, M|100/100\n|switch|p2b: Meowstic|Meowstic, L50, M|100/100\n|-ability|p1b: Gardevoir|Prankster|Trace|[from] ability: Trace|[of] p2b: Meowstic\n|turn|1\n|inactive|Pablox99 has 30 seconds left.\n|inactive|bminer1397 has 30 seconds left.\n|\n|t:|1776158939\n|detailschange|p2a: Blastoise|Blastoise-Mega, L50, M\n|-mega|p2a: Blastoise|Blastoise|Blastoisinite\n|move|p1b: Gardevoir|Protect|p1b: Gardevoir\n|-singleturn|p1b: Gardevoir|Protect\n|move|p2b: Meowstic|Fake Out|p1b: Gardevoir\n|-activate|p1b: Gardevoir|move: Protect\n|move|p1a: Basculegion|Flip Turn|p2b: Meowstic\n|-damage|p2b: Meowstic|67/100\n|\n|t:|1776158952\n|switch|p1a: Incineroar|Incineroar, L50, F|100/100|[from] Flip Turn\n|-ability|p1a: Incineroar|Intimidate|boost\n|-unboost|p2a: Blastoise|atk|1\n|-unboost|p2b: Meowstic|atk|1\n|move|p2a: Blastoise|Shell Smash|p2a: Blastoise\n|-unboost|p2a: Blastoise|def|1\n|-unboost|p2a: Blastoise|spd|1\n|-boost|p2a: Blastoise|atk|2\n|-boost|p2a: Blastoise|spa|2\n|-boost|p2a: Blastoise|spe|2\n|\n|upkeep\n|turn|2\n|\n|t:|1776158976\n|detailschange|p1b: Gardevoir|Gardevoir-Mega, L50, F\n|-mega|p1b: Gardevoir|Gardevoir|Gardevoirite\n|move|p2a: Blastoise|Protect|p2a: Blastoise\n|-singleturn|p2a: Blastoise|Protect\n|move|p1a: Incineroar|Fake Out|p2a: Blastoise\n|-activate|p2a: Blastoise|move: Protect\n|move|p2b: Meowstic|Rain Dance|p2b: Meowstic\n|-weather|RainDance\n|move|p1b: Gardevoir|Trick Room|p1b: Gardevoir\n|-fieldstart|move: Trick Room|[of] p1b: Gardevoir\n|\n|-weather|RainDance|[upkeep]\n|upkeep\n|turn|3\n|c|\u2606bminer1397|thats annoying\n|inactive|bminer1397 has 30 seconds left.\n|inactive|Pablox99 has 30 seconds left.\n|inactive|bminer1397 has 20 seconds left.\n|inactive|bminer1397 has 15 seconds left.\n|\n|t:|1776159019\n|switch|p2b: Incineroar|Incineroar, L50, M|100/100\n|-ability|p2b: Incineroar|Intimidate|boost\n|-unboost|p1a: Incineroar|atk|1\n|-unboost|p1b: Gardevoir|atk|1\n|switch|p2a: Sinistcha|Sinistcha, L50|100/100\n|move|p1a: Incineroar|Throat Chop|p2a: Sinistcha\n|-supereffective|p2a: Sinistcha|1\n|-damage|p2a: Sinistcha|54/100\n|-start|p2a: Sinistcha|Throat Chop|[silent]\n|move|p1b: Gardevoir|Psyshock|p2a: Sinistcha\n|-damage|p2a: Sinistcha|3/100\n|\n|-weather|RainDance|[upkeep]\n|upkeep\n|turn|4\n|inactive|Pablox99 has 30 seconds left.\n|inactive|bminer1397 has 30 seconds left.\n|inactive|Pablox99 has 20 seconds left.\n|\n|t:|1776159059\n|switch|p1b: Corviknight|Corviknight, L50, M, shiny|100/100\n|move|p2b: Incineroar|Parting Shot|p1b: Corviknight\n|-ability|p1b: Corviknight|Mirror Armor\n|-unboost|p2b: Incineroar|atk|1\n|-ability|p1b: Corviknight|Mirror Armor\n|-unboost|p2b: Incineroar|spa|1\n|\n|t:|1776159071\n|switch|p2b: Blastoise|Blastoise-Mega, L50, M|100/100|[from] Parting Shot\n|move|p1a: Incineroar|Throat Chop|p2a: Sinistcha\n|-supereffective|p2a: Sinistcha|1\n|-damage|p2a: Sinistcha|0 fnt\n|faint|p2a: Sinistcha\n|\n|-weather|RainDance|[upkeep]\n|upkeep\n|\n|t:|1776159079\n|switch|p2a: Meowstic|Meowstic, L50, M|67/100\n|turn|5\n|inactive|Pablox99 has 30 seconds left.\n|\n|t:|1776159109\n|move|p2a: Meowstic|Fake Out|p1b: Corviknight\n|-resisted|p1b: Corviknight|1\n|-damage|p1b: Corviknight|98/100\n|move|p1a: Incineroar|Parting Shot|p2b: Blastoise\n|-unboost|p2b: Blastoise|atk|1\n|-unboost|p2b: Blastoise|spa|1\n|\n|t:|1776159115\n|switch|p1a: Gardevoir|Gardevoir-Mega, L50, F|100/100|[from] Parting Shot\n|cant|p1b: Corviknight|flinch\n|move|p2b: Blastoise|Shell Smash|p2b: Blastoise\n|-unboost|p2b: Blastoise|def|1\n|-unboost|p2b: Blastoise|spd|1\n|-boost|p2b: Blastoise|atk|2\n|-boost|p2b: Blastoise|spa|2\n|-boost|p2b: Blastoise|spe|2\n|\n|-weather|RainDance|[upkeep]\n|-heal|p1b: Corviknight|100/100|[from] item: Leftovers\n|upkeep\n|turn|6\n|inactive|Pablox99 has 30 seconds left.\n|inactive|bminer1397 has 30 seconds left.\n|inactive|Pablox99 has 20 seconds left.\n|inactive|bminer1397 has 20 seconds left.\n|\n|t:|1776159163\n|switch|p2a: Incineroar|Incineroar, L50, M|100/100\n|-ability|p2a: Incineroar|Intimidate|boost\n|-unboost|p1a: Gardevoir|atk|1\n|-ability|p1b: Corviknight|Mirror Armor\n|-unboost|p2a: Incineroar|atk|1\n|move|p2b: Blastoise|Protect|p2b: Blastoise\n|-singleturn|p2b: Blastoise|Protect\n|move|p1b: Corviknight|Brave Bird|p2b: Blastoise\n|-activate|p2b: Blastoise|move: Protect\n|move|p1a: Gardevoir|Hyper Voice|p2b: Blastoise|[spread] p2a\n|-activate|p2b: Blastoise|move: Protect\n|-damage|p2a: Incineroar|54/100\n|\n|-weather|none\n|-heal|p2a: Incineroar|60/100|[from] item: Leftovers\n|-fieldend|move: Trick Room\n|upkeep\n|turn|7\n|inactive|bminer1397 has 30 seconds left.\n|inactive|bminer1397 has 20 seconds left.\n|\n|t:|1776159200\n|move|p1a: Gardevoir|Protect|p1a: Gardevoir\n|-singleturn|p1a: Gardevoir|Protect\n|move|p2a: Incineroar|Fake Out|p1a: Gardevoir\n|-activate|p1a: Gardevoir|move: Protect\n|move|p2b: Blastoise|Water Spout|p1b: Corviknight|[spread] p1b\n|-activate|p1a: Gardevoir|move: Protect\n|-damage|p1b: Corviknight|17/100\n|move|p1b: Corviknight|Brave Bird|p2b: Blastoise\n|-damage|p2b: Blastoise|44/100\n|-damage|p1b: Corviknight|3/100|[from] Recoil\n|\n|-heal|p1b: Corviknight|9/100|[from] item: Leftovers\n|-heal|p2a: Incineroar|66/100|[from] item: Leftovers\n|upkeep\n|turn|8\n|inactive|Pablox99 has 30 seconds left.\n|inactive|bminer1397 has 30 seconds left.\n|inactive|Pablox99 has 20 seconds left.\n|inactive|bminer1397 has 20 seconds left.\n|inactive|Pablox99 has 15 seconds left.\n|\n|t:|1776159242\n|switch|p1a: Basculegion|Basculegion, L50, M|100/100\n|move|p2b: Blastoise|Water Spout|p1a: Basculegion|[spread] p1a,p1b\n|-resisted|p1a: Basculegion|1\n|-damage|p1a: Basculegion|79/100\n|-damage|p1b: Corviknight|0 fnt\n|faint|p1b: Corviknight\n|move|p2a: Incineroar|Flare Blitz|p1a: Basculegion\n|-resisted|p1a: Basculegion|1\n|-damage|p1a: Basculegion|54/100\n|-damage|p2a: Incineroar|58/100|[from] Recoil\n|\n|-heal|p2a: Incineroar|64/100|[from] item: Leftovers\n|upkeep\n|\n|t:|1776159261\n|switch|p1b: Gardevoir|Gardevoir-Mega, L50, F|100/100\n|turn|9\n|\n|t:|1776159276\n|move|p2b: Blastoise|Water Spout|p1b: Gardevoir|[spread] p1a,p1b\n|-resisted|p1a: Basculegion|1\n|-damage|p1a: Basculegion|32/100\n|-damage|p1b: Gardevoir|71/100\n|move|p1a: Basculegion|Wave Crash|p2a: Incineroar\n|-supereffective|p2a: Incineroar|1\n|-damage|p2a: Incineroar|0 fnt\n|faint|p2a: Incineroar\n|-damage|p1a: Basculegion|11/100|[from] Recoil\n|move|p1b: Gardevoir|Hyper Voice|p2b: Blastoise\n|-damage|p2b: Blastoise|0 fnt\n|faint|p2b: Blastoise\n|\n|upkeep\n|c|\u2606Pablox99|ggs\n|-message|bminer1397 forfeited.\n|\n|win|Pablox99\n|raw|Pablox99's rating: 1294 &rarr; <strong>1325</strong><br />(+31 for winning)\n|raw|bminer1397's rating: 1377 &rarr; <strong>1352</strong><br />(-25 for losing)\n|l|\u2606bminer1397\n|player|p2|\n",
  "uploadtime": 1776159295,
  "views": 36,
  "formatid": "gen9championsvgc2026regma",
  "rating": 1325,
  "private": 0,
  "password": null
}