{
  "id": "gen9championsvgc2026regma-2588894298",
  "format": "[Gen 9 Champions] VGC 2026 Reg M-A",
  "players": [
    "srquilavita",
    "DeDonutNoob"
  ],
  "log": "|j|\u2606srquilavita\n|j|\u2606DeDonutNoob\n|t:|1776683329\n|gametype|doubles\n|player|p1|srquilavita|buck|1227\n|player|p2|DeDonutNoob|266|1148\n|gen|9\n|tier|[Gen 9 Champions] VGC 2026 Reg M-A\n|rated|\n|rule|Species Clause: Limit one of each Pok\u00e9mon\n|rule|Item Clause: Limit 1 of each item\n|clearpoke\n|poke|p1|Charizard, L50, M|\n|poke|p1|Venusaur, L50, M|\n|poke|p1|Garchomp, L50, M|\n|poke|p1|Incineroar, L50, F|\n|poke|p1|Milotic, L50, F|\n|poke|p1|Sneasler, L50, M|\n|poke|p2|Gardevoir, L50, F|\n|poke|p2|Sneasler, L50, M|\n|poke|p2|Arcanine-Hisui, L50, F|\n|poke|p2|Garchomp, L50, M|\n|poke|p2|Sinistcha-Masterpiece, L50|\n|poke|p2|Kingambit, L50, M|\n|teampreview|4\n|inactive|Battle timer is ON: inactive players will automatically lose when time's up. (requested by srquilavita)\n|inactive|DeDonutNoob has 60 seconds left.\nsrquilavita rejected open team sheets.\n|\n|t:|1776683385\n|teamsize|p1|4\n|teamsize|p2|4\n|start\n|switch|p1a: Charizard|Charizard, L50, M|100/100\n|switch|p1b: Garchomp|Garchomp, L50, M|100/100\n|switch|p2a: Sneasler|Sneasler, L50, M|100/100\n|switch|p2b: Arcanine|Arcanine-Hisui, L50, F|100/100\n|-ability|p2b: Arcanine|Intimidate|boost\n|-unboost|p1a: Charizard|atk|1\n|-unboost|p1b: Garchomp|atk|1\n|turn|1\n|inactive|DeDonutNoob has 30 seconds left.\n|inactive|srquilavita has 30 seconds left.\n|\n|t:|1776683419\n|switch|p1a: Incineroar|Incineroar, L50, F|100/100\n|-ability|p1a: Incineroar|Intimidate|boost\n|-unboost|p2a: Sneasler|atk|1\n|-unboost|p2b: Arcanine|atk|1\n|-enditem|p2a: Sneasler|White Herb\n|-clearnegativeboost|p2a: Sneasler|[silent]\n|switch|p2b: Gardevoir|Gardevoir, L50, F|100/100\n|move|p1b: Garchomp|Protect|p1b: Garchomp\n|-singleturn|p1b: Garchomp|Protect\n|move|p2a: Sneasler|Fake Out|p1b: Garchomp\n|-activate|p1b: Garchomp|move: Protect\n|\n|upkeep\n|turn|2\n|\n|t:|1776683438\n|switch|p2a: Arcanine|Arcanine-Hisui, L50, F|100/100\n|-ability|p2a: Arcanine|Intimidate|boost\n|-unboost|p1a: Incineroar|atk|1\n|-unboost|p1b: Garchomp|atk|1\n|detailschange|p2b: Gardevoir|Gardevoir-Mega, L50, F\n|-mega|p2b: Gardevoir|Gardevoir|Gardevoirite\n|move|p1a: Incineroar|Fake Out|p2b: Gardevoir\n|-damage|p2b: Gardevoir|88/100\n|move|p1b: Garchomp|Earthquake|p2b: Gardevoir|[spread] p1a,p2a,p2b\n|-supereffective|p1a: Incineroar|1\n|-supereffective|p2a: Arcanine|2\n|-damage|p1a: Incineroar|62/100\n|-damage|p2a: Arcanine|14/100\n|-damage|p2b: Gardevoir|64/100\n|cant|p2b: Gardevoir|flinch\n|\n|upkeep\n|turn|3\n|inactive|srquilavita has 30 seconds left.\n|\n|t:|1776683465\n|switch|p2a: Sinistcha|Sinistcha-Masterpiece, L50|100/100\n|-heal|p2b: Gardevoir|89/100|[from] ability: Hospitality|[of] p2a: Sinistcha\n|move|p1b: Garchomp|Protect|p1b: Garchomp\n|-singleturn|p1b: Garchomp|Protect\n|move|p1a: Incineroar|Darkest Lariat|p2a: Sinistcha\n|-supereffective|p2a: Sinistcha|1\n|-damage|p2a: Sinistcha|52/100\n|move|p2b: Gardevoir|Trick Room|p2b: Gardevoir\n|-fieldstart|move: Trick Room|[of] p2b: Gardevoir\n|\n|-heal|p2a: Sinistcha|58/100|[from] item: Leftovers\n|upkeep\n|turn|4\n|\n|t:|1776683487\n|move|p1a: Incineroar|Darkest Lariat|p2a: Sinistcha\n|-supereffective|p2a: Sinistcha|1\n|-damage|p2a: Sinistcha|8/100\n|move|p2a: Sinistcha|Matcha Gotcha|p1a: Incineroar|[spread] p1a,p1b\n|-resisted|p1a: Incineroar|1\n|-damage|p1a: Incineroar|49/100\n|-heal|p2a: Sinistcha|15/100|[from] drain|[of] p1a: Incineroar\n|-damage|p1b: Garchomp|73/100\n|-heal|p2a: Sinistcha|30/100|[from] drain|[of] p1b: Garchomp\n|-status|p1b: Garchomp|brn\n|move|p2b: Gardevoir|Hyper Voice|p1a: Incineroar|[spread] p1a,p1b\n|-supereffective|p1b: Garchomp|1\n|-enditem|p1b: Garchomp|Roseli Berry|[eat]\n|-enditem|p1b: Garchomp|Roseli Berry|[weaken]\n|-damage|p1a: Incineroar|3/100\n|-damage|p1b: Garchomp|16/100 brn\n|move|p1b: Garchomp|Stomping Tantrum|p2b: Gardevoir\n|-damage|p2b: Gardevoir|76/100\n|\n|-heal|p2a: Sinistcha|36/100|[from] item: Leftovers\n|-damage|p1b: Garchomp|10/100 brn|[from] brn\n|upkeep\n|turn|5\n|inactive|srquilavita has 30 seconds left.\n|inactive|DeDonutNoob has 30 seconds left.\n|\n|t:|1776683519\n|switch|p2a: Sneasler|Sneasler, L50, M|100/100\n|move|p1a: Incineroar|Darkest Lariat|p2a: Sneasler\n|-resisted|p2a: Sneasler|1\n|-damage|p2a: Sneasler|72/100\n|move|p2b: Gardevoir|Hyper Voice|p1b: Garchomp|[spread] p1a,p1b\n|-supereffective|p1b: Garchomp|1\n|-damage|p1a: Incineroar|0 fnt\n|-damage|p1b: Garchomp|0 fnt\n|faint|p1a: Incineroar\n|faint|p1b: Garchomp\n|\n|upkeep\n|\n|t:|1776683531\n|switch|p1a: Sneasler|Sneasler, L50, M|100/100\n|switch|p1b: Charizard|Charizard, L50, M|100/100\n|turn|6\n|\n|t:|1776683541\n|detailschange|p1b: Charizard|Charizard-Mega-Y, L50, M\n|-mega|p1b: Charizard|Charizard|Charizardite Y\n|-weather|SunnyDay|[from] ability: Drought|[of] p1b: Charizard\n|move|p2a: Sneasler|Fake Out|p1a: Sneasler\n|-damage|p1a: Sneasler|75/100\n|cant|p1a: Sneasler|flinch\n|move|p2b: Gardevoir|Psychic|p1a: Sneasler\n|-supereffective|p1a: Sneasler|2\n|-damage|p1a: Sneasler|0 fnt\n|faint|p1a: Sneasler\n|move|p1b: Charizard|Heat Wave|p2b: Gardevoir|[spread] p2a,p2b\n|-damage|p2a: Sneasler|0 fnt\n|-damage|p2b: Gardevoir|22/100\n|faint|p2a: Sneasler\n|\n|-weather|SunnyDay|[upkeep]\n|upkeep\n|\n|t:|1776683552\n|switch|p2a: Sinistcha|Sinistcha-Masterpiece, L50|36/100\n|-heal|p2b: Gardevoir|46/100|[from] ability: Hospitality|[of] p2a: Sinistcha\n|turn|7\n|\n|t:|1776683566\n|switch|p2a: Arcanine|Arcanine-Hisui, L50, F|14/100\n|-ability|p2a: Arcanine|Intimidate|boost\n|-unboost|p1b: Charizard|atk|1\n|move|p2b: Gardevoir|Calm Mind|p2b: Gardevoir\n|-boost|p2b: Gardevoir|spa|1\n|-boost|p2b: Gardevoir|spd|1\n|move|p1b: Charizard|Heat Wave|p2a: Arcanine|[spread] p2a,p2b\n|-resisted|p2a: Arcanine|2\n|-damage|p2a: Arcanine|0 fnt\n|-damage|p2b: Gardevoir|9/100\n|faint|p2a: Arcanine\n|\n|-weather|SunnyDay|[upkeep]\n|-fieldend|move: Trick Room\n|upkeep\n|\n|t:|1776683572\n|switch|p2a: Sinistcha|Sinistcha-Masterpiece, L50|36/100\n|-heal|p2b: Gardevoir|34/100|[from] ability: Hospitality|[of] p2a: Sinistcha\n|turn|8\n|\n|t:|1776683587\n|move|p1b: Charizard|Heat Wave|p2b: Gardevoir|[spread] p2a,p2b\n|-supereffective|p2a: Sinistcha|1\n|-damage|p2a: Sinistcha|0 fnt\n|-damage|p2b: Gardevoir|2/100\n|faint|p2a: Sinistcha\n|move|p2b: Gardevoir|Psychic|p1b: Charizard\n|-damage|p1b: Charizard|22/100\n|\n|-weather|SunnyDay|[upkeep]\n|upkeep\n|turn|9\n|\n|t:|1776683597\n|move|p1b: Charizard|Heat Wave|p2b: Gardevoir\n|-damage|p2b: Gardevoir|0 fnt\n|faint|p2b: Gardevoir\n|\n|win|srquilavita\n|raw|srquilavita's rating: 1227 &rarr; <strong>1246</strong><br />(+19 for winning)\n|raw|DeDonutNoob's rating: 1148 &rarr; <strong>1129</strong><br />(-19 for losing)\n",
  "uploadtime": 1776683598,
  "views": 11,
  "formatid": "gen9championsvgc2026regma",
  "rating": 1129,
  "private": 0,
  "password": null
}