{
  "id": "gen9championsvgc2026regma-2584894609",
  "format": "[Gen 9 Champions] VGC 2026 Reg M-A",
  "players": [
    "dehbeezy",
    "Gallon of poo"
  ],
  "log": "|j|\u2606dehbeezy\n|j|\u2606Gallon of poo\n|t:|1776292296\n|gametype|doubles\n|player|p1|dehbeezy|karen|1184\n|player|p2|Gallon of poo|ghetsis|1271\n|gen|9\n|tier|[Gen 9 Champions] VGC 2026 Reg M-A\n|rated|\n|rule|Species Clause: Limit one of each Pok\u00e9mon\n|rule|Item Clause: Limit 1 of each item\n|clearpoke\n|poke|p1|Crabominable, L50, F|\n|poke|p1|Incineroar, L50, F|\n|poke|p1|Rhyperior, L50, F|\n|poke|p1|Mimikyu, L50, F|\n|poke|p1|Farigiraf, L50, F|\n|poke|p1|Kingambit, L50, F|\n|poke|p2|Pidgeot, L50, M|\n|poke|p2|Weavile, L50, F|\n|poke|p2|Basculegion, L50, M|\n|poke|p2|Blastoise, L50, M|\n|poke|p2|Sinistcha-Masterpiece, L50|\n|poke|p2|Arcanine-Hisui, L50, M|\n|teampreview|4\n|\n|t:|1776292323\n|teamsize|p1|4\n|teamsize|p2|4\n|start\n|switch|p1a: Farigiraf|Farigiraf, L50, F|100/100\n|switch|p1b: Crabominable|Crabominable, L50, F|100/100\n|switch|p2a: Weavile|Weavile, L50, F|100/100\n|switch|p2b: Bismarck|Blastoise, L50, M|100/100\n|-ability|p2a: Weavile|Pressure\n|turn|1\n|\n|t:|1776292343\n|detailschange|p2b: Bismarck|Blastoise-Mega, L50, M\n|-mega|p2b: Bismarck|Blastoise|Blastoisinite\n|detailschange|p1b: Crabominable|Crabominable-Mega, L50, F\n|-mega|p1b: Crabominable|Crabominable|Crabominite\n|move|p2a: Weavile|Fake Tears|p1a: Farigiraf\n|-unboost|p1a: Farigiraf|spd|2\n|move|p2b: Bismarck|Water Spout|p1a: Farigiraf|[spread] p1a,p1b\n|-damage|p1a: Farigiraf|14/100\n|-damage|p1b: Crabominable|55/100\n|move|p1b: Crabominable|Thunder Punch|p2b: Bismarck\n|-supereffective|p2b: Bismarck|1\n|-damage|p2b: Bismarck|24/100\n|move|p1a: Farigiraf|Trick Room|p1a: Farigiraf\n|-fieldstart|move: Trick Room|[of] p1a: Farigiraf\n|\n|-heal|p1a: Farigiraf|20/100|[from] item: Leftovers\n|upkeep\n|turn|2\n|\n|t:|1776292360\n|switch|p2a: C.mea|Sinistcha-Masterpiece, L50|100/100\n|-heal|p2b: Bismarck|49/100|[from] ability: Hospitality|[of] p2a: C.mea\n|move|p2b: Bismarck|Protect|p2b: Bismarck\n|-singleturn|p2b: Bismarck|Protect\n|move|p1b: Crabominable|Drain Punch|p2a: C.mea\n|-immune|p2a: C.mea\n|move|p1a: Farigiraf|Hyper Voice|p2b: Bismarck|[spread] \n|-activate|p2b: Bismarck|move: Protect\n|-immune|p2a: C.mea\n|\n|-heal|p1a: Farigiraf|26/100|[from] item: Leftovers\n|upkeep\n|turn|3\n|\n|t:|1776292381\n|switch|p1a: Kingambit|Kingambit, L50, F, shiny|100/100\n|switch|p2a: Weavile|Weavile, L50, F|100/100\n|-ability|p2a: Weavile|Pressure\n|switch|p2b: Basculegion|Basculegion, L50, M|100/100\n|move|p1b: Crabominable|Thunder Punch|p2b: Basculegion\n|-supereffective|p2b: Basculegion|1\n|-damage|p2b: Basculegion|8/100\n|\n|upkeep\n|turn|4\n|\n|t:|1776292399\n|move|p2a: Weavile|Fake Out|p1a: Kingambit\n|-resisted|p1a: Kingambit|1\n|-damage|p1a: Kingambit|95/100\n|move|p1b: Crabominable|Drain Punch|p2a: Weavile\n|-supereffective|p2a: Weavile|2\n|-enditem|p2a: Weavile|Focus Sash\n|-damage|p2a: Weavile|1/100\n|-heal|p1b: Crabominable|91/100|[from] drain|[of] p2a: Weavile\n|cant|p1a: Kingambit|flinch\n|move|p2b: Basculegion|Flip Turn|p1b: Crabominable\n|-damage|p1b: Crabominable|61/100\n|\n|t:|1776292406\n|switch|p2b: Bismarck|Blastoise-Mega, L50, M|49/100|[from] Flip Turn\n|\n|upkeep\n|turn|5\n|\n|t:|1776292421\n|switch|p2a: C.mea|Sinistcha-Masterpiece, L50|100/100\n|-heal|p2b: Bismarck|74/100|[from] ability: Hospitality|[of] p2a: C.mea\n|move|p2b: Bismarck|Protect|p2b: Bismarck\n|-singleturn|p2b: Bismarck|Protect\n|move|p1a: Kingambit|Sucker Punch||[still]\n|-fail|p1a: Kingambit\n|move|p1b: Crabominable|Thunder Punch|p2b: Bismarck\n|-activate|p2b: Bismarck|move: Protect\n|\n|-fieldend|move: Trick Room\n|upkeep\n|turn|6\n|\n|t:|1776292444\n|move|p2b: Bismarck|Water Spout|p1a: Kingambit|[spread] p1a,p1b\n|-damage|p1a: Kingambit|53/100\n|-damage|p1b: Crabominable|27/100\n|move|p2a: C.mea|Matcha Gotcha|p1b: Crabominable|[spread] p1a,p1b\n|-resisted|p1a: Kingambit|1\n|-damage|p1a: Kingambit|40/100\n|-damage|p1b: Crabominable|2/100\n|-status|p1a: Kingambit|brn\n|move|p1a: Kingambit|Iron Head|p2a: C.mea\n|-damage|p2a: C.mea|79/100\n|move|p1b: Crabominable|Thunder Punch|p2b: Bismarck\n|-supereffective|p2b: Bismarck|1\n|-damage|p2b: Bismarck|0 fnt\n|faint|p2b: Bismarck\n|\n|-heal|p2a: C.mea|85/100|[from] item: Leftovers\n|-damage|p1a: Kingambit|34/100 brn|[from] brn\n|upkeep\n|\n|t:|1776292449\n|switch|p2b: Weavile|Weavile, L50, F|1/100\n|-ability|p2b: Weavile|Pressure\n|turn|7\n|\n|t:|1776292467\n|switch|p1b: Incineroar|Incineroar, L50, F|100/100\n|-ability|p1b: Incineroar|Intimidate|boost\n|-unboost|p2a: C.mea|atk|1\n|-unboost|p2b: Weavile|atk|1\n|move|p2b: Weavile|Fake Out|p1a: Kingambit\n|-resisted|p1a: Kingambit|1\n|-damage|p1a: Kingambit|30/100 brn\n|cant|p1a: Kingambit|flinch\n|move|p2a: C.mea|Matcha Gotcha|p1a: Kingambit|[spread] p1a,p1b\n|-resisted|p1a: Kingambit|1\n|-resisted|p1b: Incineroar|1\n|-damage|p1a: Kingambit|16/100 brn\n|-heal|p2a: C.mea|94/100|[from] drain|[of] p1a: Kingambit\n|-damage|p1b: Incineroar|89/100\n|-heal|p2a: C.mea|100/100|[from] drain|[of] p1b: Incineroar\n|\n|-damage|p1a: Kingambit|10/100 brn|[from] brn\n|upkeep\n|turn|8\n|\n|t:|1776292487\n|switch|p2b: Basculegion|Basculegion, L50, M|8/100\n|move|p1a: Kingambit|Protect|p1a: Kingambit\n|-singleturn|p1a: Kingambit|Protect\n|move|p1b: Incineroar|Fake Out|p2b: Basculegion\n|-immune|p2b: Basculegion\n|move|p2a: C.mea|Matcha Gotcha|p1b: Incineroar|[spread] p1b\n|-activate|p1a: Kingambit|move: Protect\n|-resisted|p1b: Incineroar|1\n|-damage|p1b: Incineroar|77/100\n|\n|-damage|p1a: Kingambit|4/100 brn|[from] brn\n|upkeep\n|turn|9\n|\n|t:|1776292505\n|move|p2a: C.mea|Rage Powder|p2a: C.mea\n|-singleturn|p2a: C.mea|move: Rage Powder\n|move|p1a: Kingambit|Sucker Punch||[still]\n|-fail|p1a: Kingambit\n|move|p2b: Basculegion|Flip Turn|p1b: Incineroar\n|-supereffective|p1b: Incineroar|1\n|-damage|p1b: Incineroar|0 fnt\n|faint|p1b: Incineroar\n|\n|t:|1776292512\n|switch|p2b: Weavile|Weavile, L50, F|1/100|[from] Flip Turn\n|-ability|p2b: Weavile|Pressure\n|\n|-damage|p1a: Kingambit|0 fnt|[from] brn\n|faint|p1a: Kingambit\n|upkeep\n|\n|t:|1776292519\n|switch|p1b: Farigiraf|Farigiraf, L50, F|26/100\n|switch|p1a: Crabominable|Crabominable-Mega, L50, F|2/100\n|turn|10\n|\n|t:|1776292527\n|move|p1a: Crabominable|Wide Guard|p1a: Crabominable\n|-singleturn|p1a: Crabominable|Wide Guard\n|move|p2a: C.mea|Rage Powder|p2a: C.mea\n|-singleturn|p2a: C.mea|move: Rage Powder\n|move|p2b: Weavile|Knock Off|p1b: Farigiraf\n|-supereffective|p1b: Farigiraf|1\n|-damage|p1b: Farigiraf|0 fnt\n|-enditem|p1b: Farigiraf|Leftovers|[from] move: Knock Off|[of] p2b: Weavile\n|faint|p1b: Farigiraf\n|\n|upkeep\n|turn|11\n|-message|dehbeezy forfeited.\n|\n|win|Gallon of poo\n|raw|dehbeezy's rating: 1184 &rarr; <strong>1165</strong><br />(-19 for losing)\n|raw|Gallon of poo's rating: 1271 &rarr; <strong>1290</strong><br />(+19 for winning)\n|l|\u2606dehbeezy\n|player|p1|\n",
  "uploadtime": 1776292541,
  "views": 18,
  "formatid": "gen9championsvgc2026regma",
  "rating": 1165,
  "private": 0,
  "password": null
}