{
  "id": "gen9championsvgc2026regma-2587957754",
  "format": "[Gen 9 Champions] VGC 2026 Reg M-A",
  "players": [
    "navikeita",
    "chang21"
  ],
  "log": "|j|\u2606navikeita\n|j|\u2606chang21\n|t:|1776584728\n|gametype|doubles\n|player|p1|navikeita|2|1467\n|player|p2|chang21|265|1436\n|gen|9\n|tier|[Gen 9 Champions] VGC 2026 Reg M-A\n|rated|\n|rule|Species Clause: Limit one of each Pok\u00e9mon\n|rule|Item Clause: Limit 1 of each item\n|clearpoke\n|poke|p1|Floette-Eternal, L50, F|\n|poke|p1|Talonflame, L50, M|\n|poke|p1|Garchomp, L50, M|\n|poke|p1|Sneasler, L50, M|\n|poke|p1|Basculegion, L50, M|\n|poke|p1|Kingambit, L50, F|\n|poke|p2|Floette-Eternal, L50, F|\n|poke|p2|Sneasler, L50, F|\n|poke|p2|Garchomp, L50, M|\n|poke|p2|Rotom-Wash, L50|\n|poke|p2|Incineroar, L50, M|\n|poke|p2|Aerodactyl, L50, M|\n|teampreview|4\n|inactive|Battle timer is ON: inactive players will automatically lose when time's up. (requested by chang21)\n|\n|t:|1776584769\n|teamsize|p1|4\n|teamsize|p2|4\n|start\n|switch|p1a: Talonflame|Talonflame, L50, M|100/100\n|switch|p1b: Floette|Floette-Eternal, L50, F|100/100\n|switch|p2a: Rotom|Rotom-Wash, L50|100/100\n|switch|p2b: Floette|Floette-Eternal, L50, F|100/100\n|turn|1\n|\n|t:|1776584794\n|detailschange|p1b: Floette|Floette-Mega, L50, F\n|-mega|p1b: Floette|Floette|Floettite\n|-ability|p1b: Floette|Fairy Aura\n|detailschange|p2b: Floette|Floette-Mega, L50, F\n|-mega|p2b: Floette|Floette|Floettite\n|-ability|p2b: Floette|Fairy Aura\n|move|p1a: Talonflame|Tailwind|p1a: Talonflame\n|-sidestart|p1: navikeita|move: Tailwind\n|move|p1b: Floette|Dazzling Gleam|p2b: Floette|[spread] p2a,p2b\n|-damage|p2a: Rotom|44/100\n|-damage|p2b: Floette|67/100\n|move|p2a: Rotom|Electroweb|p1b: Floette|[spread] p1a,p1b\n|-supereffective|p1a: Talonflame|1\n|-damage|p1a: Talonflame|56/100\n|-damage|p1b: Floette|89/100\n|-unboost|p1a: Talonflame|spe|1\n|-unboost|p1b: Floette|spe|1\n|move|p2b: Floette|Calm Mind|p2b: Floette\n|-boost|p2b: Floette|spa|1\n|-boost|p2b: Floette|spd|1\n|\n|-heal|p1a: Talonflame|62/100|[from] item: Leftovers\n|upkeep\n|turn|2\n|inactive|chang21 has 30 seconds left.\n|inactive|chang21 has 20 seconds left.\n|\n|t:|1776584831\n|switch|p2a: Sneasler|Sneasler, L50, F|100/100\n|move|p1a: Talonflame|Brave Bird|p2b: Floette\n|-damage|p2b: Floette|26/100\n|-damage|p1a: Talonflame|47/100|[from] Recoil\n|move|p1b: Floette|Dazzling Gleam|p2a: Sneasler|[spread] p2a,p2b\n|-crit|p2a: Sneasler\n|-damage|p2a: Sneasler|2/100\n|-damage|p2b: Floette|5/100\n|move|p2b: Floette|Dazzling Gleam|p1b: Floette|[spread] p1a,p1b\n|-resisted|p1a: Talonflame|1\n|-crit|p1a: Talonflame\n|-damage|p1a: Talonflame|0 fnt\n|-damage|p1b: Floette|41/100\n|faint|p1a: Talonflame\n|\n|upkeep\n|\n|t:|1776584852\n|switch|p1a: Basculegion|Basculegion, L50, M|100/100\n|turn|3\n|\n|t:|1776584874\n|move|p2a: Sneasler|Protect|p2a: Sneasler\n|-singleturn|p2a: Sneasler|Protect\n|move|p2b: Floette|Protect|p2b: Floette\n|-singleturn|p2b: Floette|Protect\n|move|p1a: Basculegion|Last Respects|p2a: Sneasler\n|-activate|p2a: Sneasler|move: Protect\n|move|p1b: Floette|Moonblast|p2b: Floette\n|-activate|p2b: Floette|move: Protect\n|\n|upkeep\n|turn|4\n|\n|t:|1776584889\n|move|p2b: Floette|Protect||[still]\n|-fail|p2b: Floette\n|move|p1a: Basculegion|Last Respects|p2a: Sneasler\n|-damage|p2a: Sneasler|0 fnt\n|faint|p2a: Sneasler\n|move|p1b: Floette|Moonblast|p2b: Floette\n|-damage|p2b: Floette|0 fnt\n|faint|p2b: Floette\n|\n|-sideend|p1: navikeita|move: Tailwind\n|upkeep\n|\n|t:|1776584894\n|switch|p2a: Aerodactyl|Aerodactyl, L50, M|100/100\n|switch|p2b: Rotom|Rotom-Wash, L50|44/100\n|-ability|p2a: Aerodactyl|Unnerve\n|turn|5\n|\n|t:|1776584911\n|move|p2b: Rotom|Volt Switch|p1a: Basculegion\n|-supereffective|p1a: Basculegion|1\n|-damage|p1a: Basculegion|38/100\n|move|p1a: Basculegion|Last Respects|p2b: Rotom\n|-damage|p2b: Rotom|0 fnt\n|faint|p2b: Rotom\n|move|p2a: Aerodactyl|Dual Wingbeat|p1b: Floette\n|-damage|p1b: Floette|22/100\n|-damage|p1b: Floette|5/100\n|-hitcount|p1b: Floette|2\n|move|p1b: Floette|Moonblast|p2a: Aerodactyl\n|-enditem|p2a: Aerodactyl|Focus Sash\n|-damage|p2a: Aerodactyl|1/100\n|\n|upkeep\n|turn|6\n|-message|chang21 forfeited.\n|\n|win|navikeita\n|raw|navikeita's rating: 1467 &rarr; <strong>1485</strong><br />(+18 for winning)\n|raw|chang21's rating: 1436 &rarr; <strong>1418</strong><br />(-18 for losing)\n|l|\u2606chang21\n|player|p2|\n|l|\u2606navikeita\n|player|p1|\n",
  "uploadtime": 1776585644,
  "views": 22,
  "formatid": "gen9championsvgc2026regma",
  "rating": 1418,
  "private": 0,
  "password": null
}