{
  "id": "gen9championsvgc2026regma-2584165503",
  "format": "[Gen 9 Champions] VGC 2026 Reg M-A",
  "players": [
    "Claydoors",
    "ShreeKlime"
  ],
  "log": "|j|\u2606Claydoors\n|j|\u2606ShreeKlime\n|t:|1776233106\n|gametype|doubles\n|player|p1|Claydoors|102|1065\n|player|p2|ShreeKlime|steven|1055\n|gen|9\n|tier|[Gen 9 Champions] VGC 2026 Reg M-A\n|rated|\n|rule|Species Clause: Limit one of each Pok\u00e9mon\n|rule|Item Clause: Limit 1 of each item\n|clearpoke\n|poke|p1|Alakazam, L50, F|\n|poke|p1|Meowstic, L50, M|\n|poke|p1|Incineroar, L50, M|\n|poke|p1|Sneasler, L50, M|\n|poke|p1|Weavile, L50, M|\n|poke|p1|Gengar, L50, F|\n|poke|p2|Starmie, L50|\n|poke|p2|Drampa, L50, M|\n|poke|p2|Sneasler, L50, F|\n|poke|p2|Incineroar, L50, M|\n|poke|p2|Pelipper, L50, F|\n|poke|p2|Sinistcha, L50|\n|teampreview|4\n|\n|t:|1776233122\n|teamsize|p1|4\n|teamsize|p2|4\n|start\n|switch|p1a: Alakazam|Alakazam, L50, F|100/100\n|switch|p1b: Incineroar|Incineroar, L50, M|100/100\n|switch|p2a: Starmie|Starmie, L50|100/100\n|switch|p2b: Sneasler|Sneasler, L50, F|100/100\n|-ability|p1b: Incineroar|Intimidate|boost\n|-unboost|p2a: Starmie|atk|1\n|-unboost|p2b: Sneasler|atk|1\n|-enditem|p2b: Sneasler|White Herb\n|-clearnegativeboost|p2b: Sneasler|[silent]\n|turn|1\n|\n|t:|1776233147\n|detailschange|p2a: Starmie|Starmie-Mega, L50\n|-mega|p2a: Starmie|Starmie|Starminite\n|move|p2b: Sneasler|Fake Out|p1b: Incineroar\n|-crit|p1b: Incineroar\n|-damage|p1b: Incineroar|74/100\n|cant|p1b: Incineroar|flinch\n|move|p2a: Starmie|Aqua Jet|p1b: Incineroar\n|-supereffective|p1b: Incineroar|1\n|-damage|p1b: Incineroar|32/100\n|move|p1a: Alakazam|Nasty Plot|p1a: Alakazam\n|-boost|p1a: Alakazam|spa|2\n|\n|upkeep\n|turn|2\n|\n|t:|1776233167\n|detailschange|p1a: Alakazam|Alakazam-Mega, L50, F\n|-mega|p1a: Alakazam|Alakazam|Alakazite\n|-ability|p1a: Alakazam|Unburden|Trace|[from] ability: Trace|[of] p2b: Sneasler\n|move|p1a: Alakazam|Protect|p1a: Alakazam\n|-singleturn|p1a: Alakazam|Protect\n|move|p2a: Starmie|Aqua Jet|p1b: Incineroar\n|-supereffective|p1b: Incineroar|1\n|-damage|p1b: Incineroar|0 fnt\n|faint|p1b: Incineroar\n|move|p2b: Sneasler|Rain Dance|p2b: Sneasler\n|-weather|RainDance\n|\n|-weather|RainDance|[upkeep]\n|upkeep\n|\n|t:|1776233177\n|switch|p1b: Meowstic|Meowstic, L50, M|100/100\n|turn|3\n|\n|t:|1776233185\n|move|p1b: Meowstic|Psychic Terrain|p1b: Meowstic\n|-fieldstart|move: Psychic Terrain\n|move|p2b: Sneasler|Dire Claw|p1b: Meowstic\n|-damage|p1b: Meowstic|49/100\n|-status|p1b: Meowstic|par\n|move|p1a: Alakazam|Expanding Force|p2b: Sneasler|[spread] p2a,p2b\n|-resisted|p2a: Starmie|1\n|-supereffective|p2b: Sneasler|2\n|-damage|p2a: Starmie|18/100\n|-damage|p2b: Sneasler|0 fnt\n|faint|p2b: Sneasler\n|move|p2a: Starmie|Waterfall|p1a: Alakazam\n|-damage|p1a: Alakazam|0 fnt\n|faint|p1a: Alakazam\n|\n|-weather|RainDance|[upkeep]\n|upkeep\n|\n|t:|1776233198\n|switch|p1a: Weavile|Weavile, L50, M|100/100\n|switch|p2b: Sinistcha|Sinistcha, L50|100/100\n|-heal|p2a: Starmie|43/100|[from] ability: Hospitality|[of] p2b: Sinistcha\n|turn|4\n|\n|t:|1776233221\n|move|p1a: Weavile|Fake Out|p2a: Starmie\n|-activate|p2a: Starmie|move: Psychic Terrain\n|move|p2a: Starmie|Waterfall|p1b: Meowstic\n|-damage|p1b: Meowstic|0 fnt\n|faint|p1b: Meowstic\n|move|p2b: Sinistcha|Life Dew||[still]|[spread] p2a,p2b\n|-heal|p2a: Starmie|68/100\n|-fail|p2b: Sinistcha|heal\n|\n|-weather|RainDance|[upkeep]\n|upkeep\n|turn|5\n|-message|Claydoors forfeited.\n|\n|win|ShreeKlime\n|raw|Claydoors's rating: 1065 &rarr; <strong>1045</strong><br />(-20 for losing)\n|raw|ShreeKlime's rating: 1055 &rarr; <strong>1088</strong><br />(+33 for winning)\n|l|\u2606Claydoors\n|player|p1|\n",
  "uploadtime": 1776233239,
  "views": 31,
  "formatid": "gen9championsvgc2026regma",
  "rating": 1045,
  "private": 0,
  "password": null
}