{
  "id": "gen9championsvgc2026regma-2586399667",
  "format": "[Gen 9 Champions] VGC 2026 Reg M-A",
  "players": [
    "xen077",
    "notpairo"
  ],
  "log": "|j|\u2606xen077\n|j|\u2606notpairo\n|t:|1776431926\n|gametype|doubles\n|player|p1|xen077|265|1441\n|player|p2|notpairo|n|1535\n|gen|9\n|tier|[Gen 9 Champions] VGC 2026 Reg M-A\n|rated|\n|rule|Species Clause: Limit one of each Pok\u00e9mon\n|rule|Item Clause: Limit 1 of each item\n|clearpoke\n|poke|p1|Sableye, L50, M|\n|poke|p1|Pelipper, L50, F|\n|poke|p1|Sneasler, L50, F|\n|poke|p1|Meganium, L50, F|\n|poke|p1|Kingambit, L50, F|\n|poke|p1|Basculegion, L50, M|\n|poke|p2|Incineroar, L50, M|\n|poke|p2|Farigiraf, L50, F|\n|poke|p2|Gardevoir, L50, M|\n|poke|p2|Kingambit, L50, M|\n|poke|p2|Torkoal, L50, M|\n|poke|p2|Sinistcha-Masterpiece, L50|\n|teampreview|4\n|\n|t:|1776431977\n|teamsize|p1|4\n|teamsize|p2|4\n|start\n|switch|p1a: Kingambit|Kingambit, L50, F|100/100\n|switch|p1b: Meganium|Meganium, L50, F|100/100\n|switch|p2a: Farigiraf|Farigiraf, L50, F|100/100\n|switch|p2b: Incineroar|Incineroar, L50, M, shiny|100/100\n|-ability|p2b: Incineroar|Intimidate|boost\n|-unboost|p1a: Kingambit|atk|1\n|-ability|p1a: Kingambit|Defiant|boost\n|-boost|p1a: Kingambit|atk|2\n|-unboost|p1b: Meganium|atk|1\n|turn|1\n|inactive|Battle timer is ON: inactive players will automatically lose when time's up. (requested by xen077)\n|\n|t:|1776432010\n|detailschange|p1b: Meganium|Meganium-Mega, L50, F\n|-mega|p1b: Meganium|Meganium|Meganiumite\n|move|p2b: Incineroar|Fake Out|p1a: Kingambit\n|-resisted|p1a: Kingambit|1\n|-damage|p1a: Kingambit|95/100\n|move|p1b: Meganium|Solar Beam||[still]\n|-prepare|p1b: Meganium|Solar Beam\n|-activate|p1b: Meganium|ability: Mega Sol\n|-anim|p1b: Meganium|Solar Beam|p2a: Farigiraf\n|-damage|p2a: Farigiraf|31/100\n|-enditem|p2a: Farigiraf|Sitrus Berry|[eat]\n|-heal|p2a: Farigiraf|56/100|[from] item: Sitrus Berry\n|cant|p1a: Kingambit|flinch\n|move|p2a: Farigiraf|Trick Room|p2a: Farigiraf\n|-fieldstart|move: Trick Room|[of] p2a: Farigiraf\n|\n|upkeep\n|turn|2\n|inactive|xen077 has 30 seconds left.\n|inactive|notpairo has 30 seconds left.\n|inactive|xen077 has 20 seconds left.\n|inactive|xen077 has 15 seconds left.\n|\n|t:|1776432053\n|switch|p2a: Kingambit|Kingambit, L50, M|100/100\n|move|p1b: Meganium|Protect|p1b: Meganium\n|-singleturn|p1b: Meganium|Protect\n|move|p2b: Incineroar|Close Combat|p1a: Kingambit\n|-supereffective|p1a: Kingambit|2\n|-enditem|p1a: Kingambit|Chople Berry|[eat]\n|-enditem|p1a: Kingambit|Chople Berry|[weaken]\n|-damage|p1a: Kingambit|30/100\n|-unboost|p2b: Incineroar|def|1\n|-unboost|p2b: Incineroar|spd|1\n|-enditem|p2b: Incineroar|White Herb\n|-clearnegativeboost|p2b: Incineroar|[silent]\n|move|p1a: Kingambit|Kowtow Cleave|p2a: Kingambit\n|-resisted|p2a: Kingambit|1\n|-damage|p2a: Kingambit|73/100\n|\n|upkeep\n|turn|3\n|inactive|xen077 has 30 seconds left.\n|inactive|notpairo has 30 seconds left.\n|inactive|notpairo has 20 seconds left.\n|inactive|notpairo has 15 seconds left.\n|inactive|notpairo has 10 seconds left.\n|inactive|notpairo has 5 seconds left.\n|\n|t:|1776432105\n|move|p1a: Kingambit|Protect|p1a: Kingambit\n|-singleturn|p1a: Kingambit|Protect\n|move|p2a: Kingambit|Iron Head|p1b: Meganium\n|-supereffective|p1b: Meganium|1\n|-damage|p1b: Meganium|26/100\n|move|p2b: Incineroar|Flare Blitz|p1a: Kingambit\n|-activate|p1a: Kingambit|move: Protect\n|move|p1b: Meganium|Weather Ball|p2a: Kingambit\n|-supereffective|p2a: Kingambit|1\n|-damage|p2a: Kingambit|0 fnt\n|faint|p2a: Kingambit\n|\n|upkeep\n|\n|t:|1776432115\n|switch|p2a: Gardevoir|Gardevoir, L50, M, shiny|100/100\n|-ability|p2a: Gardevoir|Defiant|Trace|[from] ability: Trace|[of] p1a: Kingambit\n|turn|4\n|inactive|xen077 has 30 seconds left.\n|\n|t:|1776432142\n|detailschange|p2a: Gardevoir|Gardevoir-Mega, L50, M, shiny\n|-mega|p2a: Gardevoir|Gardevoir|Gardevoirite\n|move|p1b: Meganium|Protect|p1b: Meganium\n|-singleturn|p1b: Meganium|Protect\n|move|p1a: Kingambit|Iron Head|p2a: Gardevoir\n|-supereffective|p2a: Gardevoir|1\n|-crit|p2a: Gardevoir\n|-damage|p2a: Gardevoir|0 fnt\n|faint|p2a: Gardevoir\n|move|p2b: Incineroar|Flare Blitz|p1a: Kingambit\n|-supereffective|p1a: Kingambit|1\n|-damage|p1a: Kingambit|0 fnt\n|faint|p1a: Kingambit\n|-damage|p2b: Incineroar|91/100|[from] Recoil\n|\n|upkeep\n|\n|t:|1776432162\n|switch|p1a: Pelipper|Pelipper, L50, F|100/100\n|switch|p2a: Farigiraf|Farigiraf, L50, F|56/100\n|-weather|RainDance|[from] ability: Drizzle|[of] p1a: Pelipper\n|turn|5\n|inactive|xen077 has 30 seconds left.\n|inactive|xen077 has 20 seconds left.\n|inactive|xen077 has 15 seconds left.\n|\n|t:|1776432204\n|switch|p1b: Sneasler|Sneasler, L50, F|100/100\n|move|p2b: Incineroar|Flare Blitz|p1b: Sneasler\n|-damage|p1b: Sneasler|44/100\n|-status|p1b: Sneasler|brn\n|-damage|p2b: Incineroar|76/100|[from] Recoil\n|move|p2a: Farigiraf|Psychic|p1a: Pelipper\n|-damage|p1a: Pelipper|30/100\n|move|p1a: Pelipper|Weather Ball|p2b: Incineroar\n|-supereffective|p2b: Incineroar|1\n|-damage|p2b: Incineroar|0 fnt\n|faint|p2b: Incineroar\n|\n|-weather|RainDance|[upkeep]\n|-damage|p1b: Sneasler|39/100 brn|[from] brn\n|-fieldend|move: Trick Room\n|upkeep\n|turn|6\n|inactive|notpairo has 30 seconds left.\n|\n|t:|1776432231\n|move|p1b: Sneasler|Close Combat|p2a: Farigiraf\n|-damage|p2a: Farigiraf|24/100\n|-unboost|p1b: Sneasler|def|1\n|-unboost|p1b: Sneasler|spd|1\n|-enditem|p1b: Sneasler|White Herb\n|-clearnegativeboost|p1b: Sneasler|[silent]\n|move|p1a: Pelipper|Weather Ball|p2a: Farigiraf\n|-damage|p2a: Farigiraf|0 fnt\n|faint|p2a: Farigiraf\n|\n|win|xen077\n|raw|xen077's rating: 1441 &rarr; <strong>1466</strong><br />(+25 for winning)\n|raw|notpairo's rating: 1535 &rarr; <strong>1510</strong><br />(-25 for losing)\n|c|\u2606xen077|Gg\n|l|\u2606notpairo\n|player|p2|\n",
  "uploadtime": 1776432419,
  "views": 57,
  "formatid": "gen9championsvgc2026regma",
  "rating": 1466,
  "private": 0,
  "password": null
}