{
  "id": "gen9championsvgc2026regma-2585672017",
  "format": "[Gen 9 Champions] VGC 2026 Reg M-A",
  "players": [
    "dreadedbolt",
    "Jpatters"
  ],
  "log": "|j|\u2606dreadedbolt\n|j|\u2606Jpatters\n|t:|1776362667\n|gametype|doubles\n|player|p1|dreadedbolt|266|1231\n|player|p2|Jpatters|scientist-gen4|1150\n|gen|9\n|tier|[Gen 9 Champions] VGC 2026 Reg M-A\n|rated|\n|rule|Species Clause: Limit one of each Pok\u00e9mon\n|rule|Item Clause: Limit 1 of each item\n|clearpoke\n|poke|p1|Gengar, L50, M|\n|poke|p1|Archaludon, L50, M|\n|poke|p1|Politoed, L50, F|\n|poke|p1|Basculegion, L50, M|\n|poke|p1|Incineroar, L50, M|\n|poke|p1|Maushold-Four, L50|\n|poke|p2|Chesnaught, L50, M|\n|poke|p2|Sinistcha, L50|\n|poke|p2|Farigiraf, L50, F|\n|poke|p2|Whimsicott, L50, M|\n|poke|p2|Meowscarada, L50, F|\n|poke|p2|Glimmora, L50, M|\n|teampreview|4\n|\n|t:|1776362693\n|teamsize|p1|4\n|teamsize|p2|4\n|start\n|switch|p1a: Incineroar|Incineroar, L50, M|100/100\n|switch|p1b: Maushold|Maushold-Four, L50|100/100\n|switch|p2a: Chesnaught|Chesnaught, L50, M|100/100\n|switch|p2b: Farigiraf|Farigiraf, L50, F|100/100\n|-ability|p1a: Incineroar|Intimidate|boost\n|-unboost|p2a: Chesnaught|atk|1\n|-unboost|p2b: Farigiraf|atk|1\n|turn|1\n|\n|t:|1776362717\n|detailschange|p2a: Chesnaught|Chesnaught-Mega, L50, M\n|-mega|p2a: Chesnaught|Chesnaught|Chesnaughtite\n|move|p1b: Maushold|Population Bomb|p2a: Chesnaught\n|-damage|p2a: Chesnaught|91/100\n|-crit|p2a: Chesnaught\n|-damage|p2a: Chesnaught|80/100\n|-damage|p2a: Chesnaught|72/100\n|-damage|p2a: Chesnaught|64/100\n|-damage|p2a: Chesnaught|56/100\n|-damage|p2a: Chesnaught|49/100\n|-damage|p2a: Chesnaught|41/100\n|-damage|p2a: Chesnaught|33/100\n|-damage|p2a: Chesnaught|26/100\n|-damage|p2a: Chesnaught|17/100\n|-hitcount|p2a: Chesnaught|10\n|move|p1a: Incineroar|Darkest Lariat|p2b: Farigiraf\n|-supereffective|p2b: Farigiraf|1\n|-damage|p2b: Farigiraf|52/100\n|move|p2a: Chesnaught|Drain Punch|p1b: Maushold\n|-supereffective|p1b: Maushold|1\n|-damage|p1b: Maushold|12/100\n|-heal|p2a: Chesnaught|51/100|[from] drain|[of] p1b: Maushold\n|move|p2b: Farigiraf|Trick Room|p2b: Farigiraf\n|-fieldstart|move: Trick Room|[of] p2b: Farigiraf\n|\n|upkeep\n|turn|2\n|\n|t:|1776362744\n|move|p1b: Maushold|Protect|p1b: Maushold\n|-singleturn|p1b: Maushold|Protect\n|move|p2a: Chesnaught|Drain Punch|p1a: Incineroar\n|-supereffective|p1a: Incineroar|1\n|-damage|p1a: Incineroar|46/100\n|-heal|p2a: Chesnaught|79/100|[from] drain|[of] p1a: Incineroar\n|move|p2b: Farigiraf|Hyper Voice|p1a: Incineroar|[spread] p1a\n|-activate|p1b: Maushold|move: Protect\n|-damage|p1a: Incineroar|28/100\n|move|p1a: Incineroar|Flare Blitz|p2a: Chesnaught\n|-supereffective|p2a: Chesnaught|1\n|-damage|p2a: Chesnaught|21/100\n|-damage|p1a: Incineroar|9/100|[from] Recoil\n|\n|upkeep\n|turn|3\n|\n|t:|1776362768\n|switch|p2a: Sinistcha|Sinistcha, L50|100/100\n|-heal|p2b: Farigiraf|77/100|[from] ability: Hospitality|[of] p2a: Sinistcha\n|move|p1a: Incineroar|Protect|p1a: Incineroar\n|-singleturn|p1a: Incineroar|Protect\n|move|p2b: Farigiraf|Hyper Voice|p1b: Maushold|[spread] p1b\n|-activate|p1a: Incineroar|move: Protect\n|-damage|p1b: Maushold|0 fnt\n|faint|p1b: Maushold\n|\n|upkeep\n|\n|t:|1776362779\n|switch|p1b: Gengar|Gengar, L50, M, shiny|100/100\n|turn|4\n|\n|t:|1776362791\n|detailschange|p1b: Gengar|Gengar-Mega, L50, M, shiny\n|-mega|p1b: Gengar|Gengar|Gengarite\n|move|p1b: Gengar|Protect|p1b: Gengar\n|-singleturn|p1b: Gengar|Protect\n|move|p2b: Farigiraf|Psychic|p1b: Gengar\n|-activate|p1b: Gengar|move: Protect\n|move|p1a: Incineroar|Darkest Lariat|p2a: Sinistcha\n|-supereffective|p2a: Sinistcha|1\n|-crit|p2a: Sinistcha\n|-damage|p2a: Sinistcha|8/100\n|move|p2a: Sinistcha|Matcha Gotcha|p1a: Incineroar|[spread] p1a\n|-activate|p1b: Gengar|move: Protect\n|-resisted|p1a: Incineroar|1\n|-damage|p1a: Incineroar|1/100\n|-heal|p2a: Sinistcha|13/100|[from] drain|[of] p1a: Incineroar\n|\n|upkeep\n|turn|5\n|\n|t:|1776362819\n|switch|p1b: Politoed|Politoed, L50, F|100/100\n|-weather|RainDance|[from] ability: Drizzle|[of] p1b: Politoed\n|move|p1a: Incineroar|Protect|p1a: Incineroar\n|-singleturn|p1a: Incineroar|Protect\n|move|p2b: Farigiraf|Psychic|p1b: Politoed\n|-damage|p1b: Politoed|80/100\n|move|p2a: Sinistcha|Matcha Gotcha|p1b: Politoed|[spread] p1b\n|-activate|p1a: Incineroar|move: Protect\n|-supereffective|p1b: Politoed|1\n|-damage|p1b: Politoed|50/100\n|-heal|p2a: Sinistcha|30/100|[from] drain|[of] p1b: Politoed\n|-enditem|p1b: Politoed|Sitrus Berry|[eat]\n|-heal|p1b: Politoed|75/100|[from] item: Sitrus Berry\n|\n|-weather|RainDance|[upkeep]\n|-fieldend|move: Trick Room\n|upkeep\n|turn|6\n|\n|t:|1776362849\n|switch|p2a: Meowscarada|Meowscarada, L50, F|100/100\n|move|p1b: Politoed|Weather Ball|p2b: Farigiraf\n|-damage|p2b: Farigiraf|25/100\n|-enditem|p2b: Farigiraf|Sitrus Berry|[eat]\n|-heal|p2b: Farigiraf|49/100|[from] item: Sitrus Berry\n|move|p1a: Incineroar|Darkest Lariat|p2a: Meowscarada\n|-resisted|p2a: Meowscarada|1\n|-damage|p2a: Meowscarada|72/100\n|move|p2b: Farigiraf|Hyper Voice|p1b: Politoed|[spread] p1a,p1b\n|-damage|p1a: Incineroar|0 fnt\n|-damage|p1b: Politoed|59/100\n|faint|p1a: Incineroar\n|\n|-weather|RainDance|[upkeep]\n|upkeep\n|\n|t:|1776362862\n|switch|p1a: Gengar|Gengar-Mega, L50, M, shiny|100/100\n|turn|7\n|\n|t:|1776362873\n|move|p1a: Gengar|Sludge Bomb|p2a: Meowscarada\n|-supereffective|p2a: Meowscarada|1\n|-damage|p2a: Meowscarada|0 fnt\n|faint|p2a: Meowscarada\n|move|p1b: Politoed|Weather Ball|p2b: Farigiraf\n|-damage|p2b: Farigiraf|4/100\n|move|p2b: Farigiraf|Psychic|p1a: Gengar\n|-supereffective|p1a: Gengar|1\n|-damage|p1a: Gengar|3/100\n|\n|-weather|RainDance|[upkeep]\n|upkeep\n|\n|t:|1776362906\n|switch|p2a: Chesnaught|Chesnaught-Mega, L50, M|21/100\n|turn|8\n|\n|t:|1776362939\n|move|p2a: Chesnaught|Protect|p2a: Chesnaught\n|-singleturn|p2a: Chesnaught|Protect\n|move|p1a: Gengar|Sludge Bomb|p2a: Chesnaught\n|-activate|p2a: Chesnaught|move: Protect\n|move|p1b: Politoed|Weather Ball|p2b: Farigiraf\n|-damage|p2b: Farigiraf|0 fnt\n|faint|p2b: Farigiraf\n|\n|-weather|RainDance|[upkeep]\n|upkeep\n|\n|t:|1776362946\n|switch|p2b: Sinistcha|Sinistcha, L50|30/100\n|-heal|p2a: Chesnaught|46/100|[from] ability: Hospitality|[of] p2b: Sinistcha\n|turn|9\n|\n|t:|1776362985\n|move|p1a: Gengar|Sludge Bomb|p2b: Sinistcha\n|-damage|p2b: Sinistcha|0 fnt\n|faint|p2b: Sinistcha\n|move|p1b: Politoed|Weather Ball|p2a: Chesnaught\n|-immune|p2a: Chesnaught|[from] ability: Bulletproof\n|move|p2a: Chesnaught|Grassy Glide|p1a: Gengar\n|-resisted|p1a: Gengar|1\n|-damage|p1a: Gengar|0 fnt\n|faint|p1a: Gengar\n|\n|-weather|none\n|upkeep\n|turn|10\n|-message|dreadedbolt forfeited.\n|\n|win|Jpatters\n|raw|dreadedbolt's rating: 1231 &rarr; <strong>1200</strong><br />(-31 for losing)\n|raw|Jpatters's rating: 1150 &rarr; <strong>1181</strong><br />(+31 for winning)\n|l|\u2606dreadedbolt\n|player|p1|\n",
  "uploadtime": 1776363013,
  "views": 25,
  "formatid": "gen9championsvgc2026regma",
  "rating": 1181,
  "private": 0,
  "password": null
}