{
  "id": "gen9championsvgc2026regma-2583984811",
  "format": "[Gen 9 Champions] VGC 2026 Reg M-A",
  "players": [
    "Nachofrize",
    "REDCraft 23yt"
  ],
  "log": "|j|\u2606Nachofrize\n|j|\u2606REDCraft 23yt\n|t:|1776214200\n|gametype|doubles\n|player|p1|Nachofrize|cynthia|1169\n|player|p2|REDCraft 23yt|psychic-gen4|1101\n|gen|9\n|tier|[Gen 9 Champions] VGC 2026 Reg M-A\n|rated|\n|rule|Species Clause: Limit one of each Pok\u00e9mon\n|rule|Item Clause: Limit 1 of each item\n|clearpoke\n|poke|p1|Sableye, L50, F|\n|poke|p1|Aggron, L50, M|\n|poke|p1|Toxapex, L50, M|\n|poke|p1|Clefable, L50, M|\n|poke|p1|Conkeldurr, L50, F|\n|poke|p1|Rotom-Mow, L50|\n|poke|p2|Charizard, L50, M|\n|poke|p2|Incineroar, L50, M|\n|poke|p2|Garchomp, L50, M|\n|poke|p2|Sneasler, L50, M|\n|poke|p2|Rotom-Wash, L50|\n|poke|p2|Venusaur, L50, M|\n|teampreview|4\n|inactive|Battle timer is ON: inactive players will automatically lose when time's up. (requested by REDCraft 23yt)\n|inactive|REDCraft 23yt has 60 seconds left.\n|\n|t:|1776214240\n|teamsize|p1|4\n|teamsize|p2|4\n|start\n|switch|p1a: Sableye|Sableye, L50, F|100/100\n|switch|p1b: Rotom|Rotom-Mow, L50|100/100\n|switch|p2a: Charboneur|Charizard, L50, M, shiny|100/100\n|switch|p2b: Venusaur|Venusaur, L50, M|100/100\n|turn|1\n|\n|t:|1776214257\n|detailschange|p2a: Charboneur|Charizard-Mega-Y, L50, M, shiny\n|-mega|p2a: Charboneur|Charizard|Charizardite Y\n|-weather|SunnyDay|[from] ability: Drought|[of] p2a: Charboneur\n|move|p1a: Sableye|Fake Out|p2b: Venusaur\n|-damage|p2b: Venusaur|90/100\n|cant|p2b: Venusaur|flinch\n|move|p1b: Rotom|Thunderbolt|p2a: Charboneur\n|-supereffective|p2a: Charboneur|1\n|-damage|p2a: Charboneur|2/100\n|move|p2a: Charboneur|Heat Wave|p1b: Rotom|[spread] p1a,p1b\n|-supereffective|p1b: Rotom|1\n|-damage|p1a: Sableye|18/100\n|-damage|p1b: Rotom|0 fnt\n|-status|p1a: Sableye|brn\n|faint|p1b: Rotom\n|\n|-weather|SunnyDay|[upkeep]\n|-damage|p1a: Sableye|12/100 brn|[from] brn\n|upkeep\n|\n|t:|1776214276\n|switch|p1b: Toxapex|Toxapex, L50, M|100/100\n|turn|2\n|\n|t:|1776214285\n|move|p2a: Charboneur|Protect|p2a: Charboneur\n|-singleturn|p2a: Charboneur|Protect\n|move|p1a: Sableye|Light Screen|p1a: Sableye\n|-sidestart|p1: Nachofrize|move: Light Screen\n|move|p2b: Venusaur|Sleep Powder|p1b: Toxapex\n|-status|p1b: Toxapex|slp|[from] move: Sleep Powder\n|cant|p1b: Toxapex|slp\n|\n|-weather|SunnyDay|[upkeep]\n|-damage|p1a: Sableye|6/100 brn|[from] brn\n|upkeep\n|turn|3\n|inactive|REDCraft 23yt has 30 seconds left.\n|\n|t:|1776214312\n|move|p2b: Venusaur|Energy Ball|p1b: Toxapex\n|-damage|p1b: Toxapex|82/100 slp\n|move|p2a: Charboneur|Air Slash|p1b: Toxapex\n|-damage|p1b: Toxapex|62/100 slp\n|move|p1a: Sableye|Foul Play|p2a: Charboneur\n|-damage|p2a: Charboneur|0 fnt\n|faint|p2a: Charboneur\n|cant|p1b: Toxapex|slp\n|\n|-weather|SunnyDay|[upkeep]\n|-heal|p1b: Toxapex|67/100 slp|[from] item: Leftovers\n|-damage|p1a: Sableye|0 fnt|[from] brn\n|faint|p1a: Sableye\n|upkeep\n|\n|t:|1776214324\n|switch|p2a: Just Rotom|Rotom-Wash, L50|100/100\n|switch|p1a: Aggron|Aggron, L50, M, shiny|100/100\n|turn|4\n|\n|t:|1776214338\n|detailschange|p1a: Aggron|Aggron-Mega, L50, M, shiny\n|-mega|p1a: Aggron|Aggron|Aggronite\n|-curestatus|p1b: Toxapex|slp|[msg]\n|move|p1b: Toxapex|Wide Guard|p1b: Toxapex\n|-singleturn|p1b: Toxapex|Wide Guard\n|move|p2b: Venusaur|Sleep Powder|p1a: Aggron\n|-status|p1a: Aggron|slp|[from] move: Sleep Powder\n|move|p2a: Just Rotom|Thunderbolt|p1b: Toxapex\n|-supereffective|p1b: Toxapex|1\n|-damage|p1b: Toxapex|36/100\n|cant|p1a: Aggron|slp\n|\n|-weather|SunnyDay|[upkeep]\n|-heal|p1b: Toxapex|42/100|[from] item: Leftovers\n|upkeep\n|turn|5\n|\n|t:|1776214361\n|move|p2b: Venusaur|Energy Ball|p1b: Toxapex\n|-damage|p1b: Toxapex|22/100\n|move|p2a: Just Rotom|Thunderbolt|p1b: Toxapex\n|-supereffective|p1b: Toxapex|1\n|-damage|p1b: Toxapex|0 fnt\n|faint|p1b: Toxapex\n|cant|p1a: Aggron|slp\n|\n|-weather|none\n|upkeep\n|turn|6\n|\n|t:|1776214382\n|switch|p2b: Sneaze|Sneasler, L50, M, shiny|100/100\n|move|p2a: Just Rotom|Hydro Pump|p1a: Aggron\n|-damage|p1a: Aggron|80/100 slp\n|-curestatus|p1a: Aggron|slp|[msg]\n|move|p1a: Aggron|Body Press|p2a: Just Rotom\n|-damage|p2a: Just Rotom|64/100\n|\n|-heal|p2a: Just Rotom|69/100|[from] item: Leftovers\n|-sideend|p1: Nachofrize|move: Light Screen\n|upkeep\n|turn|7\n|\n|t:|1776214401\n|move|p2b: Sneaze|Fake Out|p1a: Aggron\n|-resisted|p1a: Aggron|1\n|-crit|p1a: Aggron\n|-damage|p1a: Aggron|74/100\n|move|p2a: Just Rotom|Will-O-Wisp|p1a: Aggron\n|-status|p1a: Aggron|brn\n|cant|p1a: Aggron|flinch\n|\n|-heal|p2a: Just Rotom|75/100|[from] item: Leftovers\n|-damage|p1a: Aggron|68/100 brn|[from] brn\n|upkeep\n|turn|8\n|\n|t:|1776214417\n|move|p2b: Sneaze|Close Combat|p1a: Aggron\n|-supereffective|p1a: Aggron|1\n|-damage|p1a: Aggron|21/100 brn\n|-unboost|p2b: Sneaze|def|1\n|-unboost|p2b: Sneaze|spd|1\n|-enditem|p2b: Sneaze|White Herb\n|-clearnegativeboost|p2b: Sneaze|[silent]\n|move|p2a: Just Rotom|Thunderbolt|p1a: Aggron\n|-damage|p1a: Aggron|0 fnt\n|faint|p1a: Aggron\n|\n|win|REDCraft 23yt\n|raw|Nachofrize's rating: 1169 &rarr; <strong>1139</strong><br />(-30 for losing)\n|raw|REDCraft 23yt's rating: 1101 &rarr; <strong>1131</strong><br />(+30 for winning)\n",
  "uploadtime": 1776214423,
  "views": 15,
  "formatid": "gen9championsvgc2026regma",
  "rating": 1131,
  "private": 0,
  "password": null
}