{
  "id": "gen9championsvgc2026regma-2582004472",
  "format": "[Gen 9 Champions] VGC 2026 Reg M-A",
  "players": [
    "Russo150",
    "lilyflows"
  ],
  "log": "|j|\u2606Russo150\n|j|\u2606lilyflows\n|t:|1776047507\n|gametype|doubles\n|player|p1|Russo150|unknown|1039\n|player|p2|lilyflows|n|1053\n|gen|9\n|tier|[Gen 9 Champions] VGC 2026 Reg M-A\n|rated|\n|rule|Species Clause: Limit one of each Pok\u00e9mon\n|rule|Item Clause: Limit 1 of each item\n|clearpoke\n|poke|p1|Incineroar, L50, F|\n|poke|p1|Dragapult, L50, M|\n|poke|p1|Whimsicott, L50, F|\n|poke|p1|Floette-Eternal, L50, F|\n|poke|p1|Sneasler, L50, M|\n|poke|p1|Hawlucha, L50, F|\n|poke|p2|Charizard, L50, F|\n|poke|p2|Torkoal, L50, M|\n|poke|p2|Sneasler, L50, F|\n|poke|p2|Aerodactyl, L50, M|\n|poke|p2|Gallade, L50, M|\n|poke|p2|Absol, L50, F|\n|teampreview|4\n|inactive|Battle timer is ON: inactive players will automatically lose when time's up. (requested by lilyflows)\n|inactive|Russo150 has 60 seconds left.\n|\n|t:|1776047538\n|teamsize|p1|4\n|teamsize|p2|4\n|start\n|switch|p1a: Sneasler|Sneasler, L50, M|100/100\n|switch|p1b: Whimsicott|Whimsicott, L50, F|100/100\n|switch|p2a: Torkoal|Torkoal, L50, M|100/100\n|switch|p2b: Sneasler|Sneasler, L50, F|100/100\n|-weather|SunnyDay|[from] ability: Drought|[of] p2a: Torkoal\n|turn|1\n|\n|t:|1776047555\n|move|p1a: Sneasler|Fake Out|p2a: Torkoal\n|-damage|p2a: Torkoal|88/100\n|move|p2b: Sneasler|Fake Out|p1a: Sneasler\n|-damage|p1a: Sneasler|72/100\n|move|p1b: Whimsicott|Tailwind|p1b: Whimsicott\n|-sidestart|p1: Russo150|move: Tailwind\n|cant|p2a: Torkoal|flinch\n|\n|-weather|SunnyDay|[upkeep]\n|upkeep\n|turn|2\n|\n|t:|1776047579\n|move|p1b: Whimsicott|Encore|p2b: Sneasler\n|-start|p2b: Sneasler|Encore\n|move|p2b: Sneasler|Fake Out||[still]\n|-hint|Fake Out only works on your first turn out.\n|-fail|p2b: Sneasler\n|move|p1a: Sneasler|Dire Claw|p2a: Torkoal\n|-damage|p2a: Torkoal|52/100\n|move|p2a: Torkoal|Eruption|p1b: Whimsicott|[spread] p1a,p1b\n|-supereffective|p1b: Whimsicott|1\n|-damage|p1a: Sneasler|20/100\n|-enditem|p1b: Whimsicott|Focus Sash\n|-damage|p1b: Whimsicott|1/100\n|\n|-weather|SunnyDay|[upkeep]\n|upkeep\n|turn|3\n|inactive|Russo150 has 30 seconds left.\n|\n|t:|1776047609\n|switch|p1b: Floette|Floette-Eternal, L50, F, shiny|100/100\n|move|p1a: Sneasler|Close Combat|p2a: Torkoal\n|-damage|p2a: Torkoal|0 fnt\n|-unboost|p1a: Sneasler|def|1\n|-unboost|p1a: Sneasler|spd|1\n|faint|p2a: Torkoal\n|-enditem|p1a: Sneasler|White Herb\n|-clearnegativeboost|p1a: Sneasler|[silent]\n|-activate|p2b: Sneasler|move: Struggle\n|move|p2b: Sneasler|Struggle|p1a: Sneasler\n|-damage|p1a: Sneasler|0 fnt\n|faint|p1a: Sneasler\n|-damage|p2b: Sneasler|76/100|[from] recoil\n|\n|-weather|SunnyDay|[upkeep]\n|upkeep\n|\n|t:|1776047626\n|switch|p1a: Dragapult|Dragapult, L50, M|100/100\n|switch|p2a: Absol|Absol, L50, F|100/100\n|turn|4\n|\n|t:|1776047640\n|switch|p2b: Charizard|Charizard, L50, F|100/100\n|detailschange|p1b: Floette|Floette-Mega, L50, F, shiny\n|-mega|p1b: Floette|Floette|Floettite\n|-ability|p1b: Floette|Fairy Aura\n|move|p2a: Absol|Sucker Punch|p1a: Dragapult\n|-supereffective|p1a: Dragapult|1\n|-crit|p1a: Dragapult\n|-damage|p1a: Dragapult|0 fnt\n|faint|p1a: Dragapult\n|move|p1b: Floette|Dazzling Gleam|p2a: Absol|[spread] p2a,p2b\n|-supereffective|p2a: Absol|1\n|-resisted|p2b: Charizard|1\n|-damage|p2a: Absol|0 fnt\n|-damage|p2b: Charizard|70/100\n|faint|p2a: Absol\n|\n|-weather|SunnyDay|[upkeep]\n|-sideend|p1: Russo150|move: Tailwind\n|upkeep\n|\n|t:|1776047654\n|switch|p1a: Whimsicott|Whimsicott, L50, F|1/100\n|switch|p2a: Sneasler|Sneasler, L50, F|76/100\n|turn|5\n|\n|t:|1776047671\n|detailschange|p2b: Charizard|Charizard-Mega-Y, L50, F\n|-mega|p2b: Charizard|Charizard|Charizardite Y\n|move|p2a: Sneasler|Fake Out|p1b: Floette\n|-damage|p1b: Floette|80/100\n|move|p1a: Whimsicott|Tailwind|p1a: Whimsicott\n|-sidestart|p1: Russo150|move: Tailwind\n|cant|p1b: Floette|flinch\n|move|p2b: Charizard|Heat Wave|p1a: Whimsicott|[spread] p1a,p1b\n|-supereffective|p1a: Whimsicott|1\n|-crit|p1a: Whimsicott\n|-damage|p1a: Whimsicott|0 fnt\n|-damage|p1b: Floette|23/100\n|faint|p1a: Whimsicott\n|\n|-weather|none\n|upkeep\n|turn|6\n|\n|t:|1776047691\n|move|p1b: Floette|Moonblast|p2a: Sneasler\n|-damage|p2a: Sneasler|0 fnt\n|faint|p2a: Sneasler\n|move|p2b: Charizard|Air Slash|p1b: Floette\n|-damage|p1b: Floette|0 fnt\n|faint|p1b: Floette\n|\n|win|lilyflows\n|raw|Russo150's rating: 1039 &rarr; <strong>1024</strong><br />(-15 for losing)\n|raw|lilyflows's rating: 1053 &rarr; <strong>1084</strong><br />(+31 for winning)\n|l|\u2606Russo150\n|player|p1|\n",
  "uploadtime": 1776047702,
  "views": 9,
  "formatid": "gen9championsvgc2026regma",
  "rating": 1024,
  "private": 0,
  "password": null
}