{
  "id": "gen9championsvgc2026regma-2587171913",
  "format": "[Gen 9 Champions] VGC 2026 Reg M-A",
  "players": [
    "kendytelusma1234",
    "mayukaabe"
  ],
  "log": "|j|\u2606kendytelusma1234\n|j|\u2606mayukaabe\n|t:|1776503967\n|gametype|doubles\n|player|p1|kendytelusma1234|170|1070\n|player|p2|mayukaabe|169|1013\n|gen|9\n|tier|[Gen 9 Champions] VGC 2026 Reg M-A\n|rated|\n|rule|Species Clause: Limit one of each Pok\u00e9mon\n|rule|Item Clause: Limit 1 of each item\n|clearpoke\n|poke|p1|Scovillain, L50, F|\n|poke|p1|Garchomp, L50, F|\n|poke|p1|Gyarados, L50, M|\n|poke|p1|Dragapult, L50, M|\n|poke|p1|Hydreigon, L50, F|\n|poke|p1|Rotom-Heat, L50|\n|poke|p2|Sableye, L50, F|\n|poke|p2|Starmie, L50|\n|poke|p2|Lucario, L50, F|\n|poke|p2|Farigiraf, L50, M|\n|poke|p2|Rotom-Heat, L50|\n|poke|p2|Aerodactyl, L50, F|\n|teampreview|4\n|\n|t:|1776503989\n|teamsize|p1|4\n|teamsize|p2|4\n|start\n|switch|p1a: Scovillain|Scovillain, L50, F|100/100\n|switch|p1b: Hydreigon|Hydreigon, L50, F|100/100\n|switch|p2a: Starmie|Starmie, L50|100/100\n|switch|p2b: Sableye|Sableye, L50, F|100/100\n|turn|1\n|inactive|Battle timer is ON: inactive players will automatically lose when time's up. (requested by mayukaabe)\n|\n|t:|1776504001\n|detailschange|p2a: Starmie|Starmie-Mega, L50\n|-mega|p2a: Starmie|Starmie|Starminite\n|detailschange|p1a: Scovillain|Scovillain-Mega, L50, F\n|-mega|p1a: Scovillain|Scovillain|Scovillainite\n|move|p2b: Sableye|Helping Hand|p2a: Starmie\n|-singleturn|p2a: Starmie|Helping Hand|[of] p2b: Sableye\n|move|p1a: Scovillain|Rage Powder|p1a: Scovillain\n|-singleturn|p1a: Scovillain|move: Rage Powder\n|move|p2a: Starmie|Self-Destruct|p1a: Scovillain|[spread] p1a,p1b\n|-immune|p2b: Sableye\n|-damage|p1a: Scovillain|0 fnt\n|-damage|p1b: Hydreigon|0 fnt\n|faint|p2a: Starmie\n|faint|p1a: Scovillain\n|faint|p1b: Hydreigon\n|\n|upkeep\n|c|\u2606mayukaabe|:D\n|\n|t:|1776504019\n|switch|p2a: Farigiraf|Farigiraf, L50, M|100/100\n|switch|p1b: Rotom|Rotom-Heat, L50|100/100\n|switch|p1a: Garchomp|Garchomp, L50, F|100/100\n|turn|2\n|\n|t:|1776504027\n|move|p2b: Sableye|Helping Hand|p2a: Farigiraf\n|-singleturn|p2a: Farigiraf|Helping Hand|[of] p2b: Sableye\n|move|p1b: Rotom|Thunderbolt|p2a: Farigiraf\n|-damage|p2a: Farigiraf|55/100\n|move|p1a: Garchomp|Earthquake|p2a: Farigiraf|[spread] p2a,p2b\n|-immune|p1b: Rotom|[from] ability: Levitate\n|-damage|p2a: Farigiraf|2/100\n|-damage|p2b: Sableye|44/100\n|-enditem|p2a: Farigiraf|Sitrus Berry|[eat]\n|-heal|p2a: Farigiraf|27/100|[from] item: Sitrus Berry\n|move|p2a: Farigiraf|Dazzling Gleam|p1b: Rotom|[spread] p1a,p1b\n|-supereffective|p1a: Garchomp|1\n|-resisted|p1b: Rotom|1\n|-damage|p1a: Garchomp|29/100\n|-damage|p1b: Rotom|82/100\n|\n|upkeep\n|turn|3\n|inactive|mayukaabe has 30 seconds left.\n|inactive|mayukaabe has 20 seconds left.\n|inactive|mayukaabe has 15 seconds left.\n|\n|t:|1776504069\n|move|p2a: Farigiraf|Protect|p2a: Farigiraf\n|-singleturn|p2a: Farigiraf|Protect\n|move|p1b: Rotom|Thunderbolt|p2b: Sableye\n|-damage|p2b: Sableye|0 fnt\n|faint|p2b: Sableye\n|move|p1a: Garchomp|Earthquake|p2a: Farigiraf|[spread] \n|-activate|p2a: Farigiraf|move: Protect\n|-immune|p1b: Rotom|[from] ability: Levitate\n|\n|upkeep\n|\n|t:|1776504072\n|switch|p2b: Rotom|Rotom-Heat, L50|100/100\n|turn|4\n|\n|t:|1776504082\n|move|p2b: Rotom|Trick|p1b: Rotom\n|-activate|p2b: Rotom|move: Trick|[of] p1b: Rotom\n|-item|p1b: Rotom|Choice Scarf|[from] move: Trick\n|-item|p2b: Rotom|Choice Scarf|[from] move: Trick\n|move|p1b: Rotom|Thunderbolt|p2a: Farigiraf\n|-damage|p2a: Farigiraf|0 fnt\n|faint|p2a: Farigiraf\n|move|p1a: Garchomp|Dragon Claw|p2b: Rotom\n|-damage|p2b: Rotom|43/100\n|\n|upkeep\n|turn|5\n|\n|t:|1776504100\n|move|p2b: Rotom|Overheat|p1a: Garchomp\n|-resisted|p1a: Garchomp|1\n|-damage|p1a: Garchomp|0 fnt\n|-unboost|p2b: Rotom|spa|2\n|faint|p1a: Garchomp\n|move|p1b: Rotom|Thunderbolt|p2b: Rotom\n|-resisted|p2b: Rotom|1\n|-damage|p2b: Rotom|16/100\n|\n|upkeep\n|turn|6\n|l|\u2606mayukaabe\n|inactive|mayukaabe disconnected and has a minute to reconnect!\n|player|p2|\n|inactive|mayukaabe has 30 seconds left.\n|inactive|mayukaabe has 20 seconds left.\n|inactive|mayukaabe has 15 seconds left.\n|inactive|mayukaabe has 10 seconds left.\n|inactive|mayukaabe has 5 seconds left.\n|-message|mayukaabe lost due to inactivity.\n|\n|win|kendytelusma1234\n|raw|kendytelusma1234's rating: 1070 &rarr; <strong>1095</strong><br />(+25 for winning)\n|raw|mayukaabe's rating: 1013 &rarr; <strong>1003</strong><br />(-10 for losing)\n",
  "uploadtime": 1776504157,
  "views": 14,
  "formatid": "gen9championsvgc2026regma",
  "rating": 1003,
  "private": 0,
  "password": null
}