{
  "id": "gen9championsvgc2026regma-2582677128",
  "format": "[Gen 9 Champions] VGC 2026 Reg M-A",
  "players": [
    "NickChamp3",
    "dmarin0301"
  ],
  "log": "|j|\u2606NickChamp3\n|j|\u2606dmarin0301\n|t:|1776106649\n|gametype|doubles\n|player|p1|NickChamp3|2|1204\n|player|p2|dmarin0301|unknown|1145\n|gen|9\n|tier|[Gen 9 Champions] VGC 2026 Reg M-A\n|rated|\n|rule|Species Clause: Limit one of each Pok\u00e9mon\n|rule|Item Clause: Limit 1 of each item\n|clearpoke\n|poke|p1|Aerodactyl, L50, M|\n|poke|p1|Gengar, L50, M|\n|poke|p1|Kommo-o, L50, M|\n|poke|p1|Sinistcha, L50|\n|poke|p1|Charizard, L50, M|\n|poke|p1|Typhlosion-Hisui, L50, F|\n|poke|p2|Incineroar, L50, M|\n|poke|p2|Rotom-Frost, L50|\n|poke|p2|Orthworm, L50, F|\n|poke|p2|Basculegion-F, L50, F|\n|poke|p2|Garchomp, L50, F|\n|poke|p2|Froslass, L50, F|\n|teampreview|4\n|inactive|Battle timer is ON: inactive players will automatically lose when time's up. (requested by dmarin0301)\n|\n|t:|1776106673\n|teamsize|p1|4\n|teamsize|p2|4\n|start\n|switch|p1a: Aerodactyl|Aerodactyl, L50, M|100/100\n|switch|p1b: Gengar|Gengar, L50, M|100/100\n|switch|p2a: Garchomp|Garchomp, L50, F|100/100\n|switch|p2b: Orthworm|Orthworm, L50, F|100/100\n|-ability|p1a: Aerodactyl|Unnerve\n|turn|1\n|\n|t:|1776106690\n|detailschange|p1a: Aerodactyl|Aerodactyl-Mega, L50, M\n|-mega|p1a: Aerodactyl|Aerodactyl|Aerodactylite\n|move|p1a: Aerodactyl|Tailwind|p1a: Aerodactyl\n|-sidestart|p1: NickChamp3|move: Tailwind\n|move|p1b: Gengar|Icy Wind|p2a: Garchomp|[spread] p2a,p2b\n|-supereffective|p2a: Garchomp|2\n|-resisted|p2b: Orthworm|1\n|-damage|p2a: Garchomp|35/100\n|-damage|p2b: Orthworm|90/100\n|-unboost|p2a: Garchomp|spe|1\n|-unboost|p2b: Orthworm|spe|1\n|move|p2a: Garchomp|Rock Slide|p1a: Aerodactyl|[spread] p1a,p1b\n|-supereffective|p1a: Aerodactyl|1\n|-damage|p1a: Aerodactyl|48/100\n|-damage|p1b: Gengar|62/100\n|-start|p2a: Garchomp|Disable|Rock Slide|[from] ability: Cursed Body|[of] p1b: Gengar\n|move|p2b: Orthworm|Shed Tail|p2b: Orthworm\n|-start|p2b: Orthworm|Substitute|[from] move: Shed Tail\n|-damage|p2b: Orthworm|40/100\n|-enditem|p2b: Orthworm|Sitrus Berry|[eat]\n|-heal|p2b: Orthworm|64/100|[from] item: Sitrus Berry\n|\n|t:|1776106711\n|switch|p2b: Basculegion|Basculegion-F, L50, F|100/100|[from] Shed Tail\n|\n|upkeep\n|turn|2\n|\n|t:|1776106720\n|switch|p2a: Incineroar|Incineroar, L50, M|100/100\n|-ability|p2a: Incineroar|Intimidate|boost\n|-unboost|p1a: Aerodactyl|atk|1\n|-unboost|p1b: Gengar|atk|1\n|move|p1a: Aerodactyl|Rock Slide|p2a: Incineroar|[spread] p2a\n|-miss|p1a: Aerodactyl|p2b: Basculegion\n|-supereffective|p2a: Incineroar|1\n|-damage|p2a: Incineroar|62/100\n|move|p1b: Gengar|Shadow Ball|p2b: Basculegion\n|-supereffective|p2b: Basculegion|1\n|-end|p2b: Basculegion|Substitute\n|move|p2b: Basculegion|Wave Crash|p1a: Aerodactyl\n|-supereffective|p1a: Aerodactyl|1\n|-damage|p1a: Aerodactyl|0 fnt\n|faint|p1a: Aerodactyl\n|-damage|p2b: Basculegion|88/100|[from] Recoil\n|\n|upkeep\n|\n|t:|1776106736\n|switch|p1a: Kommo-o|Kommo-o, L50, M|100/100\n|turn|3\n|\n|t:|1776106752\n|switch|p2b: Garchomp|Garchomp, L50, F|35/100\n|move|p2a: Incineroar|Fake Out|p1a: Kommo-o\n|-damage|p1a: Kommo-o|87/100\n|move|p1b: Gengar|Shadow Ball|p2b: Garchomp\n|-damage|p2b: Garchomp|0 fnt\n|faint|p2b: Garchomp\n|cant|p1a: Kommo-o|flinch\n|\n|-heal|p1a: Kommo-o|93/100|[from] item: Leftovers\n|upkeep\n|\n|t:|1776106764\n|switch|p2b: Orthworm|Orthworm, L50, F|64/100\n|turn|4\n|inactive|NickChamp3 has 30 seconds left.\n|\n|t:|1776106791\n|move|p1b: Gengar|Protect|p1b: Gengar\n|-singleturn|p1b: Gengar|Protect\n|move|p1a: Kommo-o|Aura Sphere|p2b: Orthworm\n|-supereffective|p2b: Orthworm|1\n|-damage|p2b: Orthworm|0 fnt\n|faint|p2b: Orthworm\n|move|p2a: Incineroar|Darkest Lariat|p1b: Gengar\n|-activate|p1b: Gengar|move: Protect\n|\n|-heal|p1a: Kommo-o|99/100|[from] item: Leftovers\n|-sideend|p1: NickChamp3|move: Tailwind\n|upkeep\n|\n|t:|1776106799\n|switch|p2b: Basculegion|Basculegion-F, L50, F|88/100\n|turn|5\n|\n|t:|1776106811\n|move|p2a: Incineroar|Protect|p2a: Incineroar\n|-singleturn|p2a: Incineroar|Protect\n|move|p2b: Basculegion|Last Respects|p1b: Gengar\n|-supereffective|p1b: Gengar|1\n|-damage|p1b: Gengar|0 fnt\n|faint|p1b: Gengar\n|move|p1a: Kommo-o|Aura Sphere|p2a: Incineroar\n|-activate|p2a: Incineroar|move: Protect\n|\n|-heal|p1a: Kommo-o|100/100|[from] item: Leftovers\n|upkeep\n|\n|t:|1776106816\n|switch|p1b: Sinistcha|Sinistcha, L50|100/100\n|turn|6\n|\n|t:|1776106830\n|move|p2b: Basculegion|Last Respects|p1a: Kommo-o\n|-damage|p1a: Kommo-o|12/100\n|move|p1a: Kommo-o|Aura Sphere|p2a: Incineroar\n|-supereffective|p2a: Incineroar|1\n|-enditem|p2a: Incineroar|Chople Berry|[eat]\n|-enditem|p2a: Incineroar|Chople Berry|[weaken]\n|-damage|p2a: Incineroar|28/100\n|move|p1b: Sinistcha|Matcha Gotcha|p2a: Incineroar|[spread] p2a,p2b\n|-resisted|p2a: Incineroar|1\n|-supereffective|p2b: Basculegion|1\n|-damage|p2a: Incineroar|17/100\n|-damage|p2b: Basculegion|28/100\n|-status|p2b: Basculegion|brn\n|move|p2a: Incineroar|Darkest Lariat|p1b: Sinistcha\n|-supereffective|p1b: Sinistcha|1\n|-enditem|p1b: Sinistcha|Colbur Berry|[eat]\n|-enditem|p1b: Sinistcha|Colbur Berry|[weaken]\n|-damage|p1b: Sinistcha|63/100\n|\n|-heal|p1a: Kommo-o|18/100|[from] item: Leftovers\n|-damage|p2b: Basculegion|22/100 brn|[from] brn\n|upkeep\n|turn|7\n|inactive|dmarin0301 has 30 seconds left.\n|\n|t:|1776106856\n|move|p1b: Sinistcha|Rage Powder|p1b: Sinistcha\n|-singleturn|p1b: Sinistcha|move: Rage Powder\n|move|p2b: Basculegion|Last Respects|p1b: Sinistcha\n|-supereffective|p1b: Sinistcha|1\n|-damage|p1b: Sinistcha|0 fnt\n|faint|p1b: Sinistcha\n|move|p1a: Kommo-o|Clanging Scales|p2b: Basculegion|[spread] p2a,p2b\n|-damage|p2a: Incineroar|0 fnt\n|-damage|p2b: Basculegion|0 fnt\n|faint|p2a: Incineroar\n|faint|p2b: Basculegion\n|\n|win|NickChamp3\n|raw|NickChamp3's rating: 1204 &rarr; <strong>1225</strong><br />(+21 for winning)\n|raw|dmarin0301's rating: 1145 &rarr; <strong>1124</strong><br />(-21 for losing)\n",
  "uploadtime": 1776106869,
  "views": 20,
  "formatid": "gen9championsvgc2026regma",
  "rating": 1124,
  "private": 0,
  "password": null
}