{
  "id": "gen9championsvgc2026regma-2587595565",
  "format": "[Gen 9 Champions] VGC 2026 Reg M-A",
  "players": [
    "DarkothQi",
    "Johten"
  ],
  "log": "|j|\u2606DarkothQi\n|j|\u2606Johten\n|t:|1776545423\n|gametype|doubles\n|player|p1|DarkothQi|miku-ground|1086\n|player|p2|Johten|veteran|1118\n|gen|9\n|tier|[Gen 9 Champions] VGC 2026 Reg M-A\n|rated|\n|rule|Species Clause: Limit one of each Pok\u00e9mon\n|rule|Item Clause: Limit 1 of each item\n|clearpoke\n|poke|p1|Meganium, L50, F|\n|poke|p1|Archaludon, L50, M|\n|poke|p1|Aerodactyl, L50, F|\n|poke|p1|Typhlosion-Hisui, L50, M|\n|poke|p1|Tauros-Paldea-Aqua, L50, M|\n|poke|p1|Kangaskhan, L50, F|\n|poke|p2|Aggron, L50, M|\n|poke|p2|Farigiraf, L50, M|\n|poke|p2|Gallade, L50, M|\n|poke|p2|Luxray, L50, F|\n|poke|p2|Aerodactyl, L50, M|\n|poke|p2|Milotic, L50, F|\n|teampreview|4\n|inactive|Battle timer is ON: inactive players will automatically lose when time's up. (requested by Johten)\n|inactive|Johten has 60 seconds left.\n|inactive|Johten has 30 seconds left.\n|\n|t:|1776545489\n|teamsize|p1|4\n|teamsize|p2|4\n|start\n|switch|p1a: Aerodactyl|Aerodactyl, L50, F|100/100\n|switch|p1b: Typhlosion|Typhlosion-Hisui, L50, M|100/100\n|switch|p2a: Aerodactyl|Aerodactyl, L50, M|100/100\n|switch|p2b: Gallade|Gallade, L50, M|100/100\n|-ability|p2a: Aerodactyl|Unnerve\n|-ability|p1a: Aerodactyl|Unnerve\n|-item|p2a: Aerodactyl|Focus Sash|[from] ability: Frisk|[of] p1b: Typhlosion\n|-item|p2b: Gallade|Galladite|[from] ability: Frisk|[of] p1b: Typhlosion\n|turn|1\n|inactive|DarkothQi has 30 seconds left.\n|inactive|Johten has 30 seconds left.\n|\n|t:|1776545516\n|switch|p2b: Luxray|Luxray, L50, F|100/100\n|-ability|p2b: Luxray|Intimidate|boost\n|-unboost|p1a: Aerodactyl|atk|1\n|-unboost|p1b: Typhlosion|atk|1\n|move|p1b: Typhlosion|Eruption|p2a: Aerodactyl|[spread] p2a,p2b\n|-resisted|p2a: Aerodactyl|1\n|-damage|p2a: Aerodactyl|60/100\n|-damage|p2b: Luxray|35/100\n|move|p2a: Aerodactyl|Stone Edge|p1b: Typhlosion\n|-supereffective|p1b: Typhlosion|1\n|-damage|p1b: Typhlosion|0 fnt\n|faint|p1b: Typhlosion\n|move|p1a: Aerodactyl|Rock Slide|p2a: Aerodactyl|[spread] p2a,p2b\n|-supereffective|p2a: Aerodactyl|1\n|-damage|p2a: Aerodactyl|11/100\n|-damage|p2b: Luxray|18/100\n|\n|upkeep\n|\n|t:|1776545534\n|switch|p1b: Kangaskhan|Kangaskhan, L50, F|100/100\n|turn|2\n|\n|t:|1776545553\n|switch|p1b: Archaludon|Archaludon, L50, M|100/100\n|switch|p2b: Farigiraf|Farigiraf, L50, M|100/100\n|move|p2a: Aerodactyl|Tailwind|p2a: Aerodactyl\n|-sidestart|p2: Johten|move: Tailwind\n|move|p1a: Aerodactyl|Rock Slide|p2b: Farigiraf|[spread] p2a,p2b\n|-supereffective|p2a: Aerodactyl|1\n|-damage|p2a: Aerodactyl|0 fnt\n|-damage|p2b: Farigiraf|85/100\n|faint|p2a: Aerodactyl\n|\n|upkeep\n|\n|t:|1776545564\n|switch|p2a: Luxray|Luxray, L50, F|18/100\n|-ability|p2a: Luxray|Intimidate|boost\n|-unboost|p1a: Aerodactyl|atk|1\n|-unboost|p1b: Archaludon|atk|1\n|turn|3\n|\n|t:|1776545582\n|move|p1a: Aerodactyl|Rock Slide|p2b: Farigiraf|[spread] p2a,p2b\n|-damage|p2a: Luxray|4/100\n|-damage|p2b: Farigiraf|72/100\n|move|p2a: Luxray|Volt Switch|p1b: Archaludon\n|-resisted|p1b: Archaludon|1\n|-damage|p1b: Archaludon|81/100\n|\n|t:|1776545588\n|switch|p2a: Gallade|Gallade, L50, M|100/100|[from] Volt Switch\n|move|p2b: Farigiraf|Beat Up|p2a: Gallade\n|-damage|p2a: Gallade|95/100\n|-ability|p2a: Gallade|Justified|boost\n|-boost|p2a: Gallade|atk|1\n|-damage|p2a: Gallade|91/100\n|-ability|p2a: Gallade|Justified|boost\n|-boost|p2a: Gallade|atk|1\n|-damage|p2a: Gallade|86/100\n|-ability|p2a: Gallade|Justified|boost\n|-boost|p2a: Gallade|atk|1\n|-hitcount|p2a: Gallade|3\n|move|p1b: Archaludon|Flash Cannon|p2b: Farigiraf\n|-damage|p2b: Farigiraf|32/100\n|\n|upkeep\n|turn|4\n|\n|t:|1776545612\n|switch|p2b: Luxray|Luxray, L50, F|4/100\n|-ability|p2b: Luxray|Intimidate|boost\n|-unboost|p1a: Aerodactyl|atk|1\n|-unboost|p1b: Archaludon|atk|1\n|detailschange|p2a: Gallade|Gallade-Mega, L50, M\n|-mega|p2a: Gallade|Gallade|Galladite\n|move|p1b: Archaludon|Protect|p1b: Archaludon\n|-singleturn|p1b: Archaludon|Protect\n|move|p2a: Gallade|Drain Punch|p1b: Archaludon\n|-activate|p1b: Archaludon|move: Protect\n|move|p1a: Aerodactyl|Dual Wingbeat|p2a: Gallade|[miss]\n|-miss|p1a: Aerodactyl|p2a: Gallade\n|\n|upkeep\n|turn|5\n|\n|t:|1776545636\n|move|p2a: Gallade|Drain Punch|p1b: Archaludon\n|-supereffective|p1b: Archaludon|1\n|-damage|p1b: Archaludon|0 fnt\n|-heal|p2a: Gallade|100/100|[from] drain|[of] p1b: Archaludon\n|faint|p1b: Archaludon\n|move|p1a: Aerodactyl|Tailwind|p1a: Aerodactyl\n|-sidestart|p1: DarkothQi|move: Tailwind\n|move|p2b: Luxray|Volt Switch|p1a: Aerodactyl\n|-supereffective|p1a: Aerodactyl|1\n|-damage|p1a: Aerodactyl|37/100\n|\n|t:|1776545645\n|switch|p2b: Farigiraf|Farigiraf, L50, M|32/100|[from] Volt Switch\n|\n|-sideend|p2: Johten|move: Tailwind\n|upkeep\n|\n|t:|1776545651\n|switch|p1b: Kangaskhan|Kangaskhan, L50, F|100/100\n|turn|6\n|\n|t:|1776545667\n|detailschange|p1b: Kangaskhan|Kangaskhan-Mega, L50, F\n|-mega|p1b: Kangaskhan|Kangaskhan|Kangaskhanite\n|move|p2a: Gallade|Protect|p2a: Gallade\n|-singleturn|p2a: Gallade|Protect\n|move|p1a: Aerodactyl|Dual Wingbeat|p2a: Gallade\n|-activate|p2a: Gallade|move: Protect\n|move|p1b: Kangaskhan|Double-Edge|p2a: Gallade\n|-activate|p2a: Gallade|move: Protect\n|move|p2b: Farigiraf|Thunder Wave|p1b: Kangaskhan\n|-status|p1b: Kangaskhan|par\n|\n|upkeep\n|turn|7\n|inactive|DarkothQi has 30 seconds left.\n|\n|t:|1776545693\n|switch|p2b: Luxray|Luxray, L50, F|4/100\n|-ability|p2b: Luxray|Intimidate|boost\n|-unboost|p1a: Aerodactyl|atk|1\n|-unboost|p1b: Kangaskhan|atk|1\n|move|p1a: Aerodactyl|Dual Wingbeat|p2a: Gallade\n|-supereffective|p2a: Gallade|1\n|-damage|p2a: Gallade|85/100\n|-supereffective|p2a: Gallade|1\n|-damage|p2a: Gallade|70/100\n|-hitcount|p2a: Gallade|2\n|move|p2a: Gallade|Drain Punch|p1a: Aerodactyl\n|-damage|p1a: Aerodactyl|0 fnt\n|-heal|p2a: Gallade|89/100|[from] drain|[of] p1a: Aerodactyl\n|faint|p1a: Aerodactyl\n|move|p1b: Kangaskhan|Double-Edge|p2a: Gallade\n|-damage|p2a: Gallade|47/100\n|-damage|p2a: Gallade|36/100\n|-hitcount|p2a: Gallade|2\n|-damage|p1b: Kangaskhan|85/100 par|[from] Recoil\n|\n|upkeep\n|turn|8\n|\n|t:|1776545715\n|switch|p2b: Farigiraf|Farigiraf, L50, M|32/100\n|move|p1b: Kangaskhan|Sucker Punch||[still]\n|cant|p2b: Farigiraf|ability: Armor Tail|Sucker Punch|[of] p1b: Kangaskhan\n|move|p2a: Gallade|Drain Punch|p1b: Kangaskhan\n|-supereffective|p1b: Kangaskhan|1\n|-damage|p1b: Kangaskhan|0 fnt\n|-heal|p2a: Gallade|84/100|[from] drain|[of] p1b: Kangaskhan\n|faint|p1b: Kangaskhan\n|\n|win|Johten\n|raw|DarkothQi's rating: 1086 &rarr; <strong>1065</strong><br />(-21 for losing)\n|raw|Johten's rating: 1118 &rarr; <strong>1141</strong><br />(+23 for winning)\n",
  "uploadtime": 1776545725,
  "views": 20,
  "formatid": "gen9championsvgc2026regma",
  "rating": 1065,
  "private": 0,
  "password": null
}