{
  "id": "gen9championsvgc2026regma-2588183902",
  "format": "[Gen 9 Champions] VGC 2026 Reg M-A",
  "players": [
    "Ghhjh",
    "obstruction"
  ],
  "log": "|j|\u2606Ghhjh\n|j|\u2606obstruction\n|t:|1776612349\n|gametype|doubles\n|player|p1|Ghhjh|266|1105\n|player|p2|obstruction|170|1099\n|gen|9\n|tier|[Gen 9 Champions] VGC 2026 Reg M-A\n|rated|\n|rule|Species Clause: Limit one of each Pok\u00e9mon\n|rule|Item Clause: Limit 1 of each item\n|clearpoke\n|poke|p1|Venusaur, L50, M|\n|poke|p1|Garchomp, L50, M|\n|poke|p1|Basculegion, L50, M|\n|poke|p1|Charizard, L50, M|\n|poke|p1|Talonflame, L50, M|\n|poke|p1|Sneasler, L50, M|\n|poke|p2|Meganium, L50, F|\n|poke|p2|Tyranitar, L50, M|\n|poke|p2|Garchomp, L50, M|\n|poke|p2|Aegislash, L50, M|\n|poke|p2|Milotic, L50, M|\n|poke|p2|Aerodactyl, L50, M|\n|teampreview|4\n|inactive|Battle timer is ON: inactive players will automatically lose when time's up. (requested by Ghhjh)\n|\n|t:|1776612378\n|teamsize|p1|4\n|teamsize|p2|4\n|start\n|switch|p1a: Sneasler|Sneasler, L50, M|100/100\n|switch|p1b: Basculegion|Basculegion, L50, M|100/100\n|switch|p2a: Tyranitar|Tyranitar, L50, M|100/100\n|switch|p2b: Aerodactyl|Aerodactyl, L50, M|100/100\n|-ability|p2b: Aerodactyl|Unnerve\n|-weather|Sandstorm|[from] ability: Sand Stream|[of] p2a: Tyranitar\n|turn|1\n|\n|t:|1776612399\n|move|p2b: Aerodactyl|Protect|p2b: Aerodactyl\n|-singleturn|p2b: Aerodactyl|Protect\n|move|p2a: Tyranitar|Protect|p2a: Tyranitar\n|-singleturn|p2a: Tyranitar|Protect\n|move|p1a: Sneasler|Fake Out|p2b: Aerodactyl\n|-activate|p2b: Aerodactyl|move: Protect\n|move|p1b: Basculegion|Wave Crash|p2a: Tyranitar\n|-activate|p2a: Tyranitar|move: Protect\n|\n|-weather|Sandstorm|[upkeep]\n|-damage|p1b: Basculegion|94/100|[from] Sandstorm\n|-damage|p1a: Sneasler|95/100|[from] Sandstorm\n|upkeep\n|turn|2\n|\n|t:|1776612422\n|switch|p2a: Milotic|Milotic, L50, M|100/100\n|move|p2b: Aerodactyl|Tailwind|p2b: Aerodactyl\n|-sidestart|p2: obstruction|move: Tailwind\n|move|p1b: Basculegion|Wave Crash|p2b: Aerodactyl\n|-supereffective|p2b: Aerodactyl|1\n|-enditem|p2b: Aerodactyl|Focus Sash\n|-damage|p2b: Aerodactyl|1/100\n|-damage|p1b: Basculegion|69/100|[from] Recoil\n|move|p1a: Sneasler|Close Combat|p2a: Milotic\n|-damage|p2a: Milotic|53/100\n|-unboost|p1a: Sneasler|def|1\n|-unboost|p1a: Sneasler|spd|1\n|-status|p2a: Milotic|psn|[from] ability: Poison Touch|[of] p1a: Sneasler\n|\n|-weather|Sandstorm|[upkeep]\n|-damage|p2a: Milotic|47/100 psn|[from] Sandstorm\n|-damage|p1b: Basculegion|62/100|[from] Sandstorm\n|-damage|p1a: Sneasler|89/100|[from] Sandstorm\n|-heal|p2a: Milotic|53/100 psn|[from] item: Leftovers\n|-damage|p2a: Milotic|41/100 psn|[from] psn\n|upkeep\n|turn|3\n|inactive|Ghhjh has 30 seconds left.\n|inactive|obstruction has 30 seconds left.\n|\n|t:|1776612451\n|move|p1a: Sneasler|Protect|p1a: Sneasler\n|-singleturn|p1a: Sneasler|Protect\n|move|p2b: Aerodactyl|Dual Wingbeat|p1a: Sneasler\n|-activate|p1a: Sneasler|move: Protect\n|move|p2a: Milotic|Icy Wind|p1b: Basculegion|[spread] p1b\n|-activate|p1a: Sneasler|move: Protect\n|-resisted|p1b: Basculegion|1\n|-damage|p1b: Basculegion|55/100\n|-unboost|p1b: Basculegion|spe|1\n|move|p1b: Basculegion|Wave Crash|p2b: Aerodactyl\n|-supereffective|p2b: Aerodactyl|1\n|-damage|p2b: Aerodactyl|0 fnt\n|faint|p2b: Aerodactyl\n|-damage|p1b: Basculegion|54/100|[from] Recoil\n|\n|-weather|Sandstorm|[upkeep]\n|-damage|p2a: Milotic|35/100 psn|[from] Sandstorm\n|-damage|p1a: Sneasler|83/100|[from] Sandstorm\n|-damage|p1b: Basculegion|48/100|[from] Sandstorm\n|-heal|p2a: Milotic|41/100 psn|[from] item: Leftovers\n|-damage|p2a: Milotic|28/100 psn|[from] psn\n|upkeep\n|inactive|obstruction has 30 seconds left.\n|\n|t:|1776612482\n|switch|p2b: Garchomp|Garchomp, L50, M|100/100\n|turn|4\n|\n|t:|1776612504\n|switch|p1a: Charizard|Charizard, L50, M|100/100\n|switch|p1b: Garchomp|Garchomp, L50, M|100/100\n|move|p2b: Garchomp|Dragon Claw|p1b: Garchomp\n|-supereffective|p1b: Garchomp|1\n|-damage|p1b: Garchomp|2/100\n|-damage|p2b: Garchomp|88/100|[from] ability: Rough Skin|[of] p1b: Garchomp\n|move|p2a: Milotic|Scald|p1a: Charizard\n|-supereffective|p1a: Charizard|1\n|-damage|p1a: Charizard|23/100\n|\n|-weather|Sandstorm|[upkeep]\n|-damage|p2a: Milotic|22/100 psn|[from] Sandstorm\n|-damage|p1a: Charizard|17/100|[from] Sandstorm\n|-heal|p2a: Milotic|28/100 psn|[from] item: Leftovers\n|-damage|p2a: Milotic|16/100 psn|[from] psn\n|upkeep\n|turn|5\n|inactive|obstruction has 30 seconds left.\n|\n|t:|1776612532\n|move|p1b: Garchomp|Protect|p1b: Garchomp\n|-singleturn|p1b: Garchomp|Protect\n|move|p1a: Charizard|Protect|p1a: Charizard\n|-singleturn|p1a: Charizard|Protect\n|move|p2b: Garchomp|Dragon Claw|p1a: Charizard\n|-activate|p1a: Charizard|move: Protect\n|move|p2a: Milotic|Icy Wind|p1a: Charizard|[spread] \n|-activate|p1a: Charizard|move: Protect\n|-activate|p1b: Garchomp|move: Protect\n|\n|-weather|none\n|-heal|p2a: Milotic|22/100 psn|[from] item: Leftovers\n|-damage|p2a: Milotic|9/100 psn|[from] psn\n|-sideend|p2: obstruction|move: Tailwind\n|upkeep\n|turn|6\n|\n|t:|1776612555\n|detailschange|p1a: Charizard|Charizard-Mega-Y, L50, M\n|-mega|p1a: Charizard|Charizard|Charizardite Y\n|-weather|SunnyDay|[from] ability: Drought|[of] p1a: Charizard\n|move|p2a: Milotic|Protect|p2a: Milotic\n|-singleturn|p2a: Milotic|Protect\n|move|p2b: Garchomp|Dragon Claw|p1a: Charizard\n|-damage|p1a: Charizard|0 fnt\n|faint|p1a: Charizard\n|move|p1b: Garchomp|Earthquake|p2a: Milotic|[spread] p2b\n|-activate|p2a: Milotic|move: Protect\n|-damage|p2b: Garchomp|46/100\n|\n|-weather|SunnyDay|[upkeep]\n|-heal|p2a: Milotic|15/100 psn|[from] item: Leftovers\n|-damage|p2a: Milotic|3/100 psn|[from] psn\n|upkeep\n|\n|t:|1776612575\n|switch|p1a: Basculegion|Basculegion, L50, M|48/100\n|turn|7\n|\n|t:|1776612585\n|move|p2b: Garchomp|Dragon Claw|p1a: Basculegion\n|-damage|p1a: Basculegion|0 fnt\n|faint|p1a: Basculegion\n|move|p1b: Garchomp|Poison Jab|p2a: Milotic\n|-damage|p2a: Milotic|0 fnt\n|faint|p2a: Milotic\n|\n|-weather|SunnyDay|[upkeep]\n|upkeep\n|\n|t:|1776612595\n|switch|p1a: Sneasler|Sneasler, L50, M|83/100\n|switch|p2a: Tyranitar|Tyranitar, L50, M|100/100\n|-weather|Sandstorm|[from] ability: Sand Stream|[of] p2a: Tyranitar\n|turn|8\n|\n|t:|1776612614\n|detailschange|p2a: Tyranitar|Tyranitar-Mega, L50, M\n|-mega|p2a: Tyranitar|Tyranitar|Tyranitarite\n|move|p2a: Tyranitar|Protect|p2a: Tyranitar\n|-singleturn|p2a: Tyranitar|Protect\n|move|p1a: Sneasler|Fake Out|p2b: Garchomp\n|-damage|p2b: Garchomp|34/100\n|-damage|p1a: Sneasler|71/100|[from] ability: Rough Skin|[of] p2b: Garchomp\n|cant|p2b: Garchomp|flinch\n|move|p1b: Garchomp|Earthquake|p2a: Tyranitar|[spread] p1a,p2b\n|-activate|p2a: Tyranitar|move: Protect\n|-supereffective|p1a: Sneasler|1\n|-damage|p1a: Sneasler|0 fnt\n|-damage|p2b: Garchomp|0 fnt\n|faint|p1a: Sneasler\n|faint|p2b: Garchomp\n|\n|-weather|Sandstorm|[upkeep]\n|upkeep\n|turn|9\n|\n|t:|1776612634\n|move|p1b: Garchomp|Earthquake|p2a: Tyranitar\n|-supereffective|p2a: Tyranitar|1\n|-damage|p2a: Tyranitar|33/100\n|move|p2a: Tyranitar|Knock Off|p1b: Garchomp\n|-damage|p1b: Garchomp|0 fnt\n|-damage|p2a: Tyranitar|21/100|[from] ability: Rough Skin|[of] p1b: Garchomp\n|-enditem|p1b: Garchomp|Focus Sash|[from] move: Knock Off|[of] p2a: Tyranitar\n|faint|p1b: Garchomp\n|\n|win|obstruction\n|raw|Ghhjh's rating: 1105 &rarr; <strong>1080</strong><br />(-25 for losing)\n|raw|obstruction's rating: 1099 &rarr; <strong>1125</strong><br />(+26 for winning)\n|l|\u2606Ghhjh\n|player|p1|\n",
  "uploadtime": 1776612655,
  "views": 16,
  "formatid": "gen9championsvgc2026regma",
  "rating": 1080,
  "private": 0,
  "password": null
}