{
  "id": "gen9championsvgc2026regma-2586044829",
  "format": "[Gen 9 Champions] VGC 2026 Reg M-A",
  "players": [
    "sdbjj",
    "Daleg"
  ],
  "log": "|j|\u2606sdbjj\n|j|\u2606Daleg\n|t:|1776393306\n|gametype|doubles\n|player|p1|sdbjj|101|1565\n|player|p2|Daleg|169|1620\n|gen|9\n|tier|[Gen 9 Champions] VGC 2026 Reg M-A\n|rated|\n|rule|Species Clause: Limit one of each Pok\u00e9mon\n|rule|Item Clause: Limit 1 of each item\n|clearpoke\n|poke|p1|Blastoise, L50, M|\n|poke|p1|Torkoal, L50, M|\n|poke|p1|Meowscarada, L50, F|\n|poke|p1|Sinistcha, L50|\n|poke|p1|Farigiraf, L50, F|\n|poke|p1|Kingambit, L50, M|\n|poke|p2|Archaludon, L50, M|\n|poke|p2|Basculegion, L50, M|\n|poke|p2|Pelipper, L50, F|\n|poke|p2|Gengar, L50, F|\n|poke|p2|Garchomp, L50, F|\n|poke|p2|Corviknight, L50, M|\n|teampreview|4\n|j| sethleander\n|inactive|Battle timer is ON: inactive players will automatically lose when time's up. (requested by sdbjj)\n|j| 4lop\n|j| Duelyst II\n|inactive|Daleg has 60 seconds left.\n|\n|t:|1776393372\n|teamsize|p1|4\n|teamsize|p2|4\n|start\n|switch|p1a: Blastoise|Blastoise, L50, M|100/100\n|switch|p1b: Farigiraf|Farigiraf, L50, F|100/100\n|switch|p2a: Gengar|Gengar, L50, F|100/100\n|switch|p2b: Archaludon|Archaludon, L50, M|100/100\n|turn|1\n|\n|t:|1776393392\n|detailschange|p2a: Gengar|Gengar-Mega, L50, F\n|-mega|p2a: Gengar|Gengar|Gengarite\n|detailschange|p1a: Blastoise|Blastoise-Mega, L50, M\n|-mega|p1a: Blastoise|Blastoise|Blastoisinite\n|move|p1a: Blastoise|Fake Out|p2b: Archaludon\n|-resisted|p2b: Archaludon|1\n|-damage|p2b: Archaludon|97/100\n|-ability|p2b: Archaludon|Stamina|boost\n|-boost|p2b: Archaludon|def|1\n|move|p2a: Gengar|Sludge Wave|p1a: Blastoise|[spread] p1a,p1b\n|-immune|p2b: Archaludon\n|-crit|p1a: Blastoise\n|-damage|p1a: Blastoise|42/100\n|-damage|p1b: Farigiraf|65/100\n|cant|p2b: Archaludon|flinch\n|move|p1b: Farigiraf|Trick Room|p1b: Farigiraf\n|-fieldstart|move: Trick Room|[of] p1b: Farigiraf\n|\n|-heal|p2b: Archaludon|100/100|[from] item: Leftovers\n|upkeep\n|turn|2\n|inactive|sdbjj has 30 seconds left.\n|inactive|Daleg has 30 seconds left.\n|inactive|Daleg has 20 seconds left.\n|inactive|Daleg has 15 seconds left.\n|\n|t:|1776393433\n|switch|p2a: Pelipper|Pelipper, L50, F|100/100\n|-weather|RainDance|[from] ability: Drizzle|[of] p2a: Pelipper\n|move|p1b: Farigiraf|Psychic|p2a: Pelipper\n|-damage|p2a: Pelipper|55/100\n|move|p1a: Blastoise|Dark Pulse|p2a: Pelipper\n|-damage|p2a: Pelipper|0 fnt\n|faint|p2a: Pelipper\n|move|p2b: Archaludon|Electro Shot||[still]\n|-prepare|p2b: Archaludon|Electro Shot\n|-boost|p2b: Archaludon|spa|1\n|-anim|p2b: Archaludon|Electro Shot|p1b: Farigiraf\n|-damage|p1b: Farigiraf|10/100\n|\n|-weather|RainDance|[upkeep]\n|upkeep\n|\n|t:|1776393455\n|switch|p2a: Gengar|Gengar-Mega, L50, F|100/100\n|turn|3\n|j| snappleJs\n|\n|t:|1776393465\n|move|p1b: Farigiraf|Helping Hand|p1a: Blastoise\n|-singleturn|p1a: Blastoise|Helping Hand|[of] p1b: Farigiraf\n|move|p2a: Gengar|Protect|p2a: Gengar\n|-singleturn|p2a: Gengar|Protect\n|move|p1a: Blastoise|Aura Sphere|p2b: Archaludon\n|-supereffective|p2b: Archaludon|1\n|-damage|p2b: Archaludon|0 fnt\n|faint|p2b: Archaludon\n|\n|-weather|RainDance|[upkeep]\n|upkeep\n|\n|t:|1776393473\n|switch|p2b: Garchomp|Garchomp, L50, F|100/100\n|turn|4\n|\n|t:|1776393494\n|move|p1b: Farigiraf|Psychic|p2a: Gengar\n|-supereffective|p2a: Gengar|1\n|-damage|p2a: Gengar|7/100\n|move|p1a: Blastoise|Dark Pulse|p2a: Gengar\n|-supereffective|p2a: Gengar|1\n|-damage|p2a: Gengar|0 fnt\n|faint|p2a: Gengar\n|move|p2b: Garchomp|Rock Slide|p1b: Farigiraf|[spread] p1a,p1b\n|-damage|p1a: Blastoise|25/100\n|-damage|p1b: Farigiraf|0 fnt\n|faint|p1b: Farigiraf\n|\n|-weather|RainDance|[upkeep]\n|upkeep\n|\n|t:|1776393509\n|switch|p1b: Sinistcha|Sinistcha, L50|100/100\n|-heal|p1a: Blastoise|50/100|[from] ability: Hospitality|[of] p1b: Sinistcha\n|turn|5\n|\n|t:|1776393516\n|move|p2b: Garchomp|Protect|p2b: Garchomp\n|-singleturn|p2b: Garchomp|Protect\n|move|p1b: Sinistcha|Life Dew||[still]|[spread] p1a,p1b\n|-heal|p1a: Blastoise|75/100\n|-fail|p1b: Sinistcha|heal\n|move|p1a: Blastoise|Water Spout|p2b: Garchomp\n|-activate|p2b: Garchomp|move: Protect\n|\n|-weather|RainDance|[upkeep]\n|-fieldend|move: Trick Room\n|upkeep\n|turn|6\n|\n|t:|1776393538\n|move|p2b: Garchomp|Rock Slide|p1a: Blastoise|[spread] p1a,p1b\n|-crit|p1b: Sinistcha\n|-damage|p1a: Blastoise|59/100\n|-damage|p1b: Sinistcha|75/100\n|move|p1a: Blastoise|Dark Pulse|p2b: Garchomp\n|-damage|p2b: Garchomp|48/100\n|cant|p1b: Sinistcha|flinch\n|\n|-weather|none\n|upkeep\n|turn|7\n|\n|t:|1776393551\n|move|p2b: Garchomp|Earthquake|p1b: Sinistcha|[spread] p1a,p1b\n|-resisted|p1b: Sinistcha|1\n|-damage|p1a: Blastoise|28/100\n|-damage|p1b: Sinistcha|57/100\n|move|p1a: Blastoise|Dark Pulse|p2b: Garchomp\n|-damage|p2b: Garchomp|0 fnt\n|faint|p2b: Garchomp\n|\n|win|sdbjj\n|raw|sdbjj's rating: 1565 &rarr; <strong>1588</strong><br />(+23 for winning)\n|raw|Daleg's rating: 1620 &rarr; <strong>1597</strong><br />(-23 for losing)\n|l|\u2606Daleg\n|player|p2|\n|l|\u2606sdbjj\n|player|p1|\n|l| sethleander\n",
  "uploadtime": 1776393618,
  "views": 118,
  "formatid": "gen9championsvgc2026regma",
  "rating": 1588,
  "private": 0,
  "password": null
}