{
  "id": "gen9championsvgc2026regma-2580787840",
  "format": "[Gen 9 Champions] VGC 2026 Reg M-A",
  "players": [
    "papiyunior",
    "Loataee"
  ],
  "log": "|j|\u2606papiyunior\n|j|\u2606Loataee\n|t:|1775932497\n|gametype|doubles\n|player|p1|papiyunior|steven|1240\n|player|p2|Loataee|n|1208\n|gen|9\n|tier|[Gen 9 Champions] VGC 2026 Reg M-A\n|rated|\n|rule|Species Clause: Limit one of each Pok\u00e9mon\n|rule|Item Clause: Limit 1 of each item\n|clearpoke\n|poke|p1|Incineroar, L50, F|\n|poke|p1|Farigiraf, L50, F|\n|poke|p1|Kingambit, L50, M|\n|poke|p1|Hatterene, L50, F|\n|poke|p1|Torkoal, L50, F|\n|poke|p1|Charizard, L50, F|\n|poke|p2|Gengar, L50, M|\n|poke|p2|Corviknight, L50, M|\n|poke|p2|Incineroar, L50, M|\n|poke|p2|Tyranitar, L50, M|\n|poke|p2|Garchomp, L50, M|\n|poke|p2|Rotom-Wash, L50|\n|teampreview|4\n|inactive|Battle timer is ON: inactive players will automatically lose when time's up. (requested by papiyunior)\n|\n|t:|1775932556\n|teamsize|p1|4\n|teamsize|p2|4\n|start\n|switch|p1a: Charizard|Charizard, L50, F|100/100\n|switch|p1b: Incineroar|Incineroar, L50, F|100/100\n|switch|p2a: Garchomp|Garchomp, L50, M|100/100\n|switch|p2b: Incineroar|Incineroar, L50, M, shiny|100/100\n|-ability|p2b: Incineroar|Intimidate|boost\n|-unboost|p1a: Charizard|atk|1\n|-unboost|p1b: Incineroar|atk|1\n|-ability|p1b: Incineroar|Intimidate|boost\n|-unboost|p2a: Garchomp|atk|1\n|-unboost|p2b: Incineroar|atk|1\n|turn|1\n|inactive|papiyunior has 30 seconds left.\n|\n|t:|1775932585\n|move|p1a: Charizard|Protect|p1a: Charizard\n|-singleturn|p1a: Charizard|Protect\n|move|p2b: Incineroar|Fake Out|p1b: Incineroar\n|-damage|p1b: Incineroar|92/100\n|cant|p1b: Incineroar|flinch\n|move|p2a: Garchomp|Rock Slide|p1a: Charizard|[spread] p1b\n|-activate|p1a: Charizard|move: Protect\n|-supereffective|p1b: Incineroar|1\n|-damage|p1b: Incineroar|66/100\n|\n|upkeep\n|turn|2\n|inactive|papiyunior has 30 seconds left.\n|\n|t:|1775932617\n|detailschange|p1a: Charizard|Charizard-Mega-Y, L50, F\n|-mega|p1a: Charizard|Charizard|Charizardite Y\n|-weather|SunnyDay|[from] ability: Drought|[of] p1a: Charizard\n|move|p2a: Garchomp|Rock Slide|p1b: Incineroar|[spread] p1a,p1b\n|-supereffective|p1a: Charizard|2\n|-supereffective|p1b: Incineroar|1\n|-crit|p1b: Incineroar\n|-damage|p1a: Charizard|18/100\n|-damage|p1b: Incineroar|2/100\n|move|p1a: Charizard|Solar Beam||[still]\n|-prepare|p1a: Charizard|Solar Beam\n|-anim|p1a: Charizard|Solar Beam|p2a: Garchomp\n|-damage|p2a: Garchomp|50/100\n|move|p2b: Incineroar|Throat Chop|p1b: Incineroar\n|-resisted|p1b: Incineroar|1\n|-damage|p1b: Incineroar|0 fnt\n|faint|p1b: Incineroar\n|\n|-weather|SunnyDay|[upkeep]\n|upkeep\n|\n|t:|1775932633\n|switch|p1b: Hatterene|Hatterene, L50, F|100/100\n|turn|3\n|\n|t:|1775932642\n|move|p1a: Charizard|Protect|p1a: Charizard\n|-singleturn|p1a: Charizard|Protect\n|move|p2a: Garchomp|Rock Slide|p1a: Charizard|[spread] p1b\n|-activate|p1a: Charizard|move: Protect\n|-crit|p1b: Hatterene\n|-damage|p1b: Hatterene|64/100\n|move|p2b: Incineroar|Parting Shot|p1b: Hatterene\n|move|p1b: Hatterene|Parting Shot|p2b: Incineroar|[from] ability: Magic Bounce\n|-unboost|p2b: Incineroar|atk|1\n|-unboost|p2b: Incineroar|spa|1\n|\n|t:|1775932658\n|switch|p1b: Torkoal|Torkoal, L50, F|100/100|[from] Parting Shot\n|\n|-weather|SunnyDay|[upkeep]\n|upkeep\n|turn|4\n|\n|t:|1775932682\n|switch|p1a: Hatterene|Hatterene, L50, F|64/100\n|move|p1b: Torkoal|Protect|p1b: Torkoal\n|-singleturn|p1b: Torkoal|Protect\n|move|p2a: Garchomp|Rock Slide|p1a: Hatterene|[spread] p1a\n|-activate|p1b: Torkoal|move: Protect\n|-damage|p1a: Hatterene|49/100\n|move|p2b: Incineroar|Parting Shot|p1a: Hatterene\n|move|p1a: Hatterene|Parting Shot|p2b: Incineroar|[from] ability: Magic Bounce\n|-unboost|p2b: Incineroar|atk|1\n|-unboost|p2b: Incineroar|spa|1\n|\n|t:|1775932697\n|switch|p1a: Charizard|Charizard-Mega-Y, L50, F|18/100|[from] Parting Shot\n|\n|-weather|SunnyDay|[upkeep]\n|upkeep\n|turn|5\n|\n|t:|1775932705\n|switch|p2b: Darude|Tyranitar, L50, M|100/100\n|-weather|Sandstorm|[from] ability: Sand Stream|[of] p2b: Darude\n|switch|p1b: Hatterene|Hatterene, L50, F|49/100\n|move|p1a: Charizard|Protect|p1a: Charizard\n|-singleturn|p1a: Charizard|Protect\n|move|p2a: Garchomp|Rock Slide|p1b: Hatterene|[spread] p1b\n|-activate|p1a: Charizard|move: Protect\n|-damage|p1b: Hatterene|32/100\n|\n|-weather|Sandstorm|[upkeep]\n|-damage|p1a: Charizard|12/100|[from] Sandstorm\n|-damage|p1b: Hatterene|25/100|[from] Sandstorm\n|upkeep\n|turn|6\n|\n|t:|1775932721\n|switch|p1a: Torkoal|Torkoal, L50, F|100/100\n|-weather|SunnyDay|[from] ability: Drought|[of] p1a: Torkoal\n|move|p2a: Garchomp|Rock Slide|p1b: Hatterene|[spread] p1a,p1b\n|-supereffective|p1a: Torkoal|1\n|-damage|p1a: Torkoal|80/100\n|-damage|p1b: Hatterene|9/100\n|move|p2b: Darude|Rock Slide|p1a: Torkoal|[spread] p1a,p1b\n|-supereffective|p1a: Torkoal|1\n|-damage|p1a: Torkoal|32/100\n|-damage|p1b: Hatterene|0 fnt\n|faint|p1b: Hatterene\n|\n|-weather|SunnyDay|[upkeep]\n|upkeep\n|\n|t:|1775932734\n|switch|p1b: Charizard|Charizard-Mega-Y, L50, F|12/100\n|turn|7\n|\n|t:|1775932751\n|move|p2a: Garchomp|Rock Slide|p1a: Torkoal|[spread] p1a\n|-miss|p2a: Garchomp|p1b: Charizard\n|-supereffective|p1a: Torkoal|1\n|-damage|p1a: Torkoal|9/100\n|move|p1b: Charizard|Solar Beam||[still]\n|-prepare|p1b: Charizard|Solar Beam\n|-anim|p1b: Charizard|Solar Beam|p2a: Garchomp\n|-damage|p2a: Garchomp|0 fnt\n|faint|p2a: Garchomp\n|move|p2b: Darude|Rock Slide|p1a: Torkoal|[spread] p1a,p1b\n|-supereffective|p1a: Torkoal|1\n|-supereffective|p1b: Charizard|2\n|-damage|p1a: Torkoal|0 fnt\n|-damage|p1b: Charizard|0 fnt\n|faint|p1a: Torkoal\n|faint|p1b: Charizard\n|\n|win|Loataee\n|raw|papiyunior's rating: 1240 &rarr; <strong>1213</strong><br />(-27 for losing)\n|raw|Loataee's rating: 1208 &rarr; <strong>1235</strong><br />(+27 for winning)\n|l|\u2606papiyunior\n|player|p1|\n",
  "uploadtime": 1775932793,
  "views": 33,
  "formatid": "gen9championsvgc2026regma",
  "rating": 1213,
  "private": 0,
  "password": null
}