{
  "id": "gen9championsvgc2026regma-2581655380",
  "format": "[Gen 9 Champions] VGC 2026 Reg M-A",
  "players": [
    "iloveapchamp",
    "mister meanor"
  ],
  "log": "|j|\u2606iloveapchamp\n|j|\u2606mister meanor\n|t:|1776018342\n|gametype|doubles\n|player|p1|iloveapchamp|266|1041\n|player|p2|mister meanor|266|1044\n|gen|9\n|tier|[Gen 9 Champions] VGC 2026 Reg M-A\n|rated|\n|rule|Species Clause: Limit one of each Pok\u00e9mon\n|rule|Item Clause: Limit 1 of each item\n|clearpoke\n|poke|p1|Delphox, L50, F|\n|poke|p1|Incineroar, L50, M|\n|poke|p1|Meganium, L50, F|\n|poke|p1|Garchomp, L50, M|\n|poke|p1|Sneasler, L50, F|\n|poke|p1|Kingambit, L50, M|\n|poke|p2|Froslass, L50, F|\n|poke|p2|Ninetales-Alola, L50, M|\n|poke|p2|Incineroar, L50, M|\n|poke|p2|Primarina, L50, M|\n|poke|p2|Sinistcha-Masterpiece, L50|\n|poke|p2|Lopunny, L50, F|\n|teampreview|4\n|\n|t:|1776018395\n|teamsize|p1|4\n|teamsize|p2|4\n|start\n|switch|p1a: Delphox|Delphox, L50, F|100/100\n|switch|p1b: Sneasler|Sneasler, L50, F|100/100\n|switch|p2a: Incineroar|Incineroar, L50, M|100/100\n|switch|p2b: Primarina|Primarina, L50, M|100/100\n|-ability|p2a: Incineroar|Intimidate|boost\n|-unboost|p1a: Delphox|atk|1\n|-unboost|p1b: Sneasler|atk|1\n|-enditem|p1b: Sneasler|White Herb\n|-clearnegativeboost|p1b: Sneasler|[silent]\n|turn|1\n|\n|t:|1776018420\n|detailschange|p1a: Delphox|Delphox-Mega, L50, F\n|-mega|p1a: Delphox|Delphox|Delphoxite\n|move|p1b: Sneasler|Fake Out|p2b: Primarina\n|-damage|p2b: Primarina|81/100\n|move|p2a: Incineroar|Fake Out|p1b: Sneasler\n|-damage|p1b: Sneasler|82/100\n|move|p1a: Delphox|Light Screen|p1a: Delphox\n|-sidestart|p1: iloveapchamp|move: Light Screen\n|cant|p2b: Primarina|flinch\n|\n|upkeep\n|turn|2\n|\n|t:|1776018490\n|switch|p1a: Garchomp|Garchomp, L50, M|100/100\n|switch|p2a: Sinistcha|Sinistcha-Masterpiece, L50|100/100\n|-heal|p2b: Primarina|100/100|[from] ability: Hospitality|[of] p2a: Sinistcha\n|move|p1b: Sneasler|Dire Claw|p2b: Primarina\n|-supereffective|p2b: Primarina|1\n|-damage|p2b: Primarina|0 fnt\n|faint|p2b: Primarina\n|\n|upkeep\n|\n|t:|1776018513\n|switch|p2b: Lopunny|Lopunny, L50, F|100/100\n|turn|3\n|\n|t:|1776018586\n|detailschange|p2b: Lopunny|Lopunny-Mega, L50, F\n|-mega|p2b: Lopunny|Lopunny|Lopunnite\n|move|p2a: Sinistcha|Rage Powder|p2a: Sinistcha\n|-singleturn|p2a: Sinistcha|move: Rage Powder\n|move|p1b: Sneasler|Close Combat|p2a: Sinistcha\n|-immune|p2a: Sinistcha\n|move|p1a: Garchomp|Rock Slide|p2b: Lopunny|[spread] p2a,p2b\n|-resisted|p2b: Lopunny|1\n|-damage|p2a: Sinistcha|83/100\n|-damage|p2b: Lopunny|87/100\n|move|p2b: Lopunny|Swords Dance|p2b: Lopunny\n|-boost|p2b: Lopunny|atk|2\n|\n|-heal|p2a: Sinistcha|89/100|[from] item: Leftovers\n|upkeep\n|turn|4\n|\n|t:|1776018622\n|switch|p1b: Kingambit|Kingambit, L50, M|100/100\n|switch|p1a: Delphox|Delphox-Mega, L50, F|100/100\n|switch|p2a: Incineroar|Incineroar, L50, M|100/100\n|-ability|p2a: Incineroar|Intimidate|boost\n|-unboost|p1a: Delphox|atk|1\n|-unboost|p1b: Kingambit|atk|1\n|-ability|p1b: Kingambit|Defiant|boost\n|-boost|p1b: Kingambit|atk|2\n|move|p2b: Lopunny|Close Combat|p1a: Delphox\n|-resisted|p1a: Delphox|1\n|-damage|p1a: Delphox|2/100\n|-unboost|p2b: Lopunny|def|1\n|-unboost|p2b: Lopunny|spd|1\n|\n|upkeep\n|turn|5\n|\n|t:|1776018654\n|move|p1a: Delphox|Protect|p1a: Delphox\n|-singleturn|p1a: Delphox|Protect\n|move|p2a: Incineroar|Fake Out|p1a: Delphox\n|-activate|p1a: Delphox|move: Protect\n|move|p2b: Lopunny|Close Combat|p1b: Kingambit\n|-supereffective|p1b: Kingambit|2\n|-enditem|p1b: Kingambit|Chople Berry|[eat]\n|-enditem|p1b: Kingambit|Chople Berry|[weaken]\n|-damage|p1b: Kingambit|0 fnt\n|-unboost|p2b: Lopunny|def|1\n|-unboost|p2b: Lopunny|spd|1\n|faint|p1b: Kingambit\n|\n|-sideend|p1: iloveapchamp|move: Light Screen\n|upkeep\n|\n|t:|1776018667\n|switch|p1b: Sneasler|Sneasler, L50, F|82/100\n|turn|6\n|\n|t:|1776018703\n|switch|p2b: Sinistcha|Sinistcha-Masterpiece, L50|89/100\n|move|p1a: Delphox|Psychic|p2b: Sinistcha\n|-damage|p2b: Sinistcha|39/100\n|move|p1b: Sneasler|Close Combat|p2a: Incineroar\n|-supereffective|p2a: Incineroar|1\n|-damage|p2a: Incineroar|8/100\n|-unboost|p1b: Sneasler|def|1\n|-unboost|p1b: Sneasler|spd|1\n|-enditem|p2a: Incineroar|Sitrus Berry|[eat]\n|-heal|p2a: Incineroar|33/100|[from] item: Sitrus Berry\n|move|p2a: Incineroar|Flare Blitz|p1a: Delphox\n|-resisted|p1a: Delphox|1\n|-damage|p1a: Delphox|0 fnt\n|faint|p1a: Delphox\n|-damage|p2a: Incineroar|33/100|[from] Recoil\n|\n|-heal|p2b: Sinistcha|45/100|[from] item: Leftovers\n|upkeep\n|\n|t:|1776018719\n|switch|p1a: Garchomp|Garchomp, L50, M|100/100\n|turn|7\n|\n|t:|1776018738\n|move|p2b: Sinistcha|Rage Powder|p2b: Sinistcha\n|-singleturn|p2b: Sinistcha|move: Rage Powder\n|move|p1a: Garchomp|Rock Slide|p2a: Incineroar|[spread] p2b\n|-miss|p1a: Garchomp|p2a: Incineroar\n|-damage|p2b: Sinistcha|27/100\n|move|p1b: Sneasler|Dire Claw|p2b: Sinistcha\n|-damage|p2b: Sinistcha|0 fnt\n|faint|p2b: Sinistcha\n|move|p2a: Incineroar|Flare Blitz|p1b: Sneasler\n|-damage|p1b: Sneasler|0 fnt\n|faint|p1b: Sneasler\n|-damage|p2a: Incineroar|12/100|[from] Recoil\n|\n|upkeep\n|\n|t:|1776018750\n|switch|p2b: Lopunny|Lopunny-Mega, L50, F|87/100\n|turn|8\n|\n|t:|1776018756\n|move|p2b: Lopunny|Fake Out|p1a: Garchomp\n|-damage|p1a: Garchomp|78/100\n|-damage|p2b: Lopunny|75/100|[from] ability: Rough Skin|[of] p1a: Garchomp\n|cant|p1a: Garchomp|flinch\n|move|p2a: Incineroar|Flare Blitz|p1a: Garchomp\n|-resisted|p1a: Garchomp|1\n|-damage|p1a: Garchomp|52/100\n|-damage|p2a: Incineroar|0 fnt|[from] ability: Rough Skin|[of] p1a: Garchomp\n|faint|p2a: Incineroar\n|\n|upkeep\n|turn|9\n|\n|t:|1776018767\n|move|p1a: Garchomp|Rock Slide|p2b: Lopunny\n|-resisted|p2b: Lopunny|1\n|-damage|p2b: Lopunny|56/100\n|move|p2b: Lopunny|Close Combat|p1a: Garchomp\n|-damage|p1a: Garchomp|0 fnt\n|-unboost|p2b: Lopunny|def|1\n|-unboost|p2b: Lopunny|spd|1\n|-damage|p2b: Lopunny|44/100|[from] ability: Rough Skin|[of] p1a: Garchomp\n|faint|p1a: Garchomp\n|\n|win|mister meanor\n|raw|iloveapchamp's rating: 1041 &rarr; <strong>1025</strong><br />(-16 for losing)\n|raw|mister meanor's rating: 1044 &rarr; <strong>1077</strong><br />(+33 for winning)\n|c|\u2606mister meanor|gg\n",
  "uploadtime": 1776018782,
  "views": 15,
  "formatid": "gen9championsvgc2026regma",
  "rating": 1025,
  "private": 0,
  "password": null
}