{
  "id": "gen9championsvgc2026regma-2586571086",
  "format": "[Gen 9 Champions] VGC 2026 Reg M-A",
  "players": [
    "CarajilloMan",
    "mmmyummycrayons"
  ],
  "log": "|j|\u2606CarajilloMan\n|j|\u2606mmmyummycrayons\n|t:|1776443839\n|gametype|doubles\n|player|p1|CarajilloMan|ninjaboy|1401\n|player|p2|mmmyummycrayons|fisherman-gen4|1478\n|gen|9\n|tier|[Gen 9 Champions] VGC 2026 Reg M-A\n|rated|\n|rule|Species Clause: Limit one of each Pok\u00e9mon\n|rule|Item Clause: Limit 1 of each item\n|clearpoke\n|poke|p1|Tyranitar, L50, M|\n|poke|p1|Excadrill, L50, F|\n|poke|p1|Rotom-Wash, L50|\n|poke|p1|Venusaur, L50, M|\n|poke|p1|Aegislash, L50, F|\n|poke|p1|Talonflame, L50, M|\n|poke|p2|Blastoise, L50, M|\n|poke|p2|Farigiraf, L50, M|\n|poke|p2|Sinistcha, L50|\n|poke|p2|Kingambit, L50, M|\n|poke|p2|Sneasler, L50, M|\n|poke|p2|Dragonite, L50, M|\n|teampreview|4\n|\n|t:|1776443907\n|teamsize|p1|4\n|teamsize|p2|4\n|start\n|switch|p1a: Rotom|Rotom-Wash, L50|100/100\n|switch|p1b: Aegislash|Aegislash, L50, F|100/100\n|switch|p2a: Farigiraf|Farigiraf, L50, M|100/100\n|switch|p2b: Blastoise|Blastoise, L50, M|100/100\n|turn|1\n|j| zacattack110\n|\n|t:|1776443938\n|detailschange|p2b: Blastoise|Blastoise-Mega, L50, M\n|-mega|p2b: Blastoise|Blastoise|Blastoisinite\n|move|p2b: Blastoise|Fake Out|p1a: Rotom\n|-damage|p1a: Rotom|92/100\n|cant|p1a: Rotom|flinch\n|-formechange|p1b: Aegislash|Aegislash-Blade|\n|move|p1b: Aegislash|Shadow Ball|p2b: Blastoise\n|-damage|p2b: Blastoise|60/100\n|move|p2a: Farigiraf|Trick Room|p2a: Farigiraf\n|-fieldstart|move: Trick Room|[of] p2a: Farigiraf\n|\n|-heal|p1a: Rotom|97/100|[from] item: Leftovers\n|upkeep\n|turn|2\n|\n|t:|1776443953\n|move|p2a: Farigiraf|Helping Hand|p2b: Blastoise\n|-singleturn|p2b: Blastoise|Helping Hand|[of] p2a: Farigiraf\n|move|p1b: Aegislash|Wide Guard|p1b: Aegislash\n|-singleturn|p1b: Aegislash|Wide Guard\n|move|p2b: Blastoise|Dark Pulse|p1a: Rotom\n|-damage|p1a: Rotom|16/100\n|move|p1a: Rotom|Volt Switch|p2b: Blastoise\n|-supereffective|p2b: Blastoise|1\n|-damage|p2b: Blastoise|15/100\n|\n|t:|1776443963\n|switch|p1a: Venusaur|Venusaur, L50, M|100/100|[from] Volt Switch\n|\n|upkeep\n|turn|3\n|\n|t:|1776443982\n|switch|p2a: Sinistcha|Sinistcha, L50|100/100\n|-heal|p2b: Blastoise|40/100|[from] ability: Hospitality|[of] p2a: Sinistcha\n|switch|p1b: Rotom|Rotom-Wash, L50|16/100\n|detailschange|p1a: Venusaur|Venusaur-Mega, L50, M\n|-mega|p1a: Venusaur|Venusaur|Venusaurite\n|move|p2b: Blastoise|Dark Pulse|p1a: Venusaur\n|-damage|p1a: Venusaur|69/100\n|move|p1a: Venusaur|Leech Seed|p2a: Sinistcha\n|-immune|p2a: Sinistcha\n|\n|-heal|p1b: Rotom|22/100|[from] item: Leftovers\n|upkeep\n|turn|4\n|\n|t:|1776444007\n|switch|p1b: Aegislash|Aegislash, L50, F|100/100\n|move|p2a: Sinistcha|Life Dew||[still]|[spread] p2a,p2b\n|-fail|p2a: Sinistcha|heal\n|-heal|p2b: Blastoise|65/100\n|move|p2b: Blastoise|Dark Pulse|p1b: Aegislash\n|-supereffective|p1b: Aegislash|1\n|-enditem|p1b: Aegislash|Colbur Berry|[eat]\n|-enditem|p1b: Aegislash|Colbur Berry|[weaken]\n|-damage|p1b: Aegislash|62/100\n|move|p1a: Venusaur|Giga Drain|p2b: Blastoise\n|-supereffective|p2b: Blastoise|1\n|-damage|p2b: Blastoise|9/100\n|-heal|p1a: Venusaur|97/100|[from] drain|[of] p2b: Blastoise\n|\n|upkeep\n|turn|5\n|j| suibiandajiba\n|l| suibiandajiba\n|\n|t:|1776444045\n|move|p1b: Aegislash|King's Shield|p1b: Aegislash\n|-singleturn|p1b: Aegislash|Protect\n|move|p2a: Sinistcha|Life Dew||[still]|[spread] p2a,p2b\n|-fail|p2a: Sinistcha|heal\n|-heal|p2b: Blastoise|34/100\n|move|p2b: Blastoise|Dark Pulse|p1a: Venusaur\n|-damage|p1a: Venusaur|63/100\n|move|p1a: Venusaur|Sludge Bomb|p2a: Sinistcha\n|-damage|p2a: Sinistcha|48/100\n|\n|-fieldend|move: Trick Room\n|upkeep\n|turn|6\n|\n|t:|1776444074\n|switch|p2b: Kingambit|Kingambit, L50, M|100/100\n|switch|p2a: Farigiraf|Farigiraf, L50, M|100/100\n|move|p1a: Venusaur|Giga Drain|p2b: Kingambit\n|-resisted|p2b: Kingambit|1\n|-damage|p2b: Kingambit|84/100\n|-heal|p1a: Venusaur|72/100|[from] drain|[of] p2b: Kingambit\n|-formechange|p1b: Aegislash|Aegislash-Blade|\n|move|p1b: Aegislash|Shadow Ball|p2a: Farigiraf\n|-immune|p2a: Farigiraf\n|\n|upkeep\n|turn|7\n|\n|t:|1776444087\n|switch|p1b: Talonflame|Talonflame, L50, M|100/100\n|move|p1a: Venusaur|Leech Seed|p2b: Kingambit\n|-start|p2b: Kingambit|move: Leech Seed\n|move|p2b: Kingambit|Iron Head|p1a: Venusaur\n|-damage|p1a: Venusaur|33/100\n|move|p2a: Farigiraf|Trick Room|p2a: Farigiraf\n|-fieldstart|move: Trick Room|[of] p2a: Farigiraf\n|\n|-damage|p2b: Kingambit|72/100|[from] Leech Seed|[of] p1a: Venusaur\n|-heal|p1a: Venusaur|46/100|[silent]\n|upkeep\n|turn|8\n|\n|t:|1776444101\n|switch|p2b: Sinistcha|Sinistcha, L50|48/100\n|move|p1a: Venusaur|Protect|p1a: Venusaur\n|-singleturn|p1a: Venusaur|Protect\n|move|p2a: Farigiraf|Psychic|p1a: Venusaur\n|-activate|p1a: Venusaur|move: Protect\n|move|p1b: Talonflame|Will-O-Wisp|p2b: Sinistcha\n|-status|p2b: Sinistcha|brn\n|\n|-damage|p2b: Sinistcha|42/100 brn|[from] brn\n|upkeep\n|turn|9\n|\n|t:|1776444115\n|switch|p1a: Aegislash|Aegislash, L50, F|62/100\n|move|p1b: Talonflame|Dual Wingbeat||[still]\n|cant|p2a: Farigiraf|ability: Armor Tail|Dual Wingbeat|[of] p1b: Talonflame\n|move|p2a: Farigiraf|Psychic|p1a: Aegislash\n|-resisted|p1a: Aegislash|1\n|-damage|p1a: Aegislash|48/100\n|move|p2b: Sinistcha|Life Dew||[still]|[spread] p2a,p2b\n|-fail|p2a: Farigiraf|heal\n|-heal|p2b: Sinistcha|67/100 brn\n|\n|-damage|p2b: Sinistcha|61/100 brn|[from] brn\n|upkeep\n|turn|10\n|\n|t:|1776444133\n|switch|p1b: Rotom|Rotom-Wash, L50|22/100\n|-formechange|p1a: Aegislash|Aegislash-Blade|\n|move|p1a: Aegislash|Flash Cannon|p2a: Farigiraf\n|-damage|p2a: Farigiraf|67/100\n|move|p2a: Farigiraf|Trick Room|p2a: Farigiraf\n|-fieldend|move: Trick Room\n|move|p2b: Sinistcha|Trick Room|p2b: Sinistcha\n|-fieldstart|move: Trick Room|[of] p2b: Sinistcha\n|\n|-heal|p1b: Rotom|28/100|[from] item: Leftovers\n|-damage|p2b: Sinistcha|55/100 brn|[from] brn\n|upkeep\n|turn|11\n|\n|t:|1776444145\n|move|p1b: Rotom|Protect|p1b: Rotom\n|-singleturn|p1b: Rotom|Protect\n|move|p2a: Farigiraf|Psychic|p1a: Aegislash\n|-resisted|p1a: Aegislash|1\n|-damage|p1a: Aegislash|18/100\n|move|p2b: Sinistcha|Matcha Gotcha|p1b: Rotom|[spread] p1a\n|-activate|p1b: Rotom|move: Protect\n|-resisted|p1a: Aegislash|1\n|-damage|p1a: Aegislash|0 fnt\n|-heal|p2b: Sinistcha|63/100 brn|[from] drain|[of] p1a: Aegislash\n|faint|p1a: Aegislash\n|\n|-heal|p1b: Rotom|34/100|[from] item: Leftovers\n|-damage|p2b: Sinistcha|57/100 brn|[from] brn\n|upkeep\n|-message|CarajilloMan forfeited.\n|\n|win|mmmyummycrayons\n|raw|CarajilloMan's rating: 1401 &rarr; <strong>1385</strong><br />(-16 for losing)\n|raw|mmmyummycrayons's rating: 1478 &rarr; <strong>1494</strong><br />(+16 for winning)\n|l|\u2606CarajilloMan\n|player|p1|\n",
  "uploadtime": 1776444157,
  "views": 57,
  "formatid": "gen9championsvgc2026regma",
  "rating": 1385,
  "private": 0,
  "password": null
}