{
  "id": "gen9championsvgc2026regma-2583094763",
  "format": "[Gen 9 Champions] VGC 2026 Reg M-A",
  "players": [
    "f1ish",
    "everlol"
  ],
  "log": "|badge|p1|bronze|gen9randombattle|100-9\n|uhtml|medal-msg|<div class=\"broadcast-blue\">Curious what those medals under the avatar are? PS now has Ladder Seasons! For more information, check out the <a href=\"https://www.smogon.com/forums/threads/3740067/\">thread on Smogon.</a></div>\n|j|\u203df1ish\n|j|\u2606everlol\n|t:|1776141359\n|gametype|doubles\n|player|p1|f1ish|102|1273\n|player|p2|everlol|102|1340\n|gen|9\n|tier|[Gen 9 Champions] VGC 2026 Reg M-A\n|rated|\n|rule|Species Clause: Limit one of each Pok\u00e9mon\n|rule|Item Clause: Limit 1 of each item\n|clearpoke\n|poke|p1|Politoed, L50, F|\n|poke|p1|Primarina, L50, M|\n|poke|p1|Basculegion, L50, M|\n|poke|p1|Incineroar, L50, M|\n|poke|p1|Sinistcha, L50|\n|poke|p1|Gengar, L50, F|\n|poke|p2|Sneasler, L50, F|\n|poke|p2|Garchomp, L50, F|\n|poke|p2|Whimsicott, L50, F|\n|poke|p2|Charizard, L50, F|\n|poke|p2|Kingambit, L50, F|\n|poke|p2|Floette-Eternal, L50, F|\n|teampreview|4\n|inactive|Battle timer is ON: inactive players will automatically lose when time's up. (requested by f1ish)\n|inactive|f1ish has 60 seconds left.\n|inactive|everlol has 60 seconds left.\n|j| Crvstal_K!tty\n|inactive|everlol has 30 seconds left.\n|inactive|everlol has 20 seconds left.\n|inactive|everlol has 15 seconds left.\n|\n|t:|1776141440\n|teamsize|p1|4\n|teamsize|p2|4\n|start\n|switch|p1a: Sinistcha|Sinistcha, L50|100/100\n|switch|p1b: Gengar|Gengar, L50, F|100/100\n|switch|p2a: Garchomp|Garchomp, L50, F|100/100\n|switch|p2b: Sneasler|Sneasler, L50, F|100/100\n|turn|1\n|\n|t:|1776141453\n|switch|p2b: Whimsicott|Whimsicott, L50, F|100/100\n|detailschange|p1b: Gengar|Gengar-Mega, L50, F\n|-mega|p1b: Gengar|Gengar|Gengarite\n|move|p1b: Gengar|Protect|p1b: Gengar\n|-singleturn|p1b: Gengar|Protect\n|move|p2a: Garchomp|Earthquake|p1a: Sinistcha|[spread] p2b,p1a\n|-activate|p1b: Gengar|move: Protect\n|-resisted|p2b: Whimsicott|1\n|-resisted|p1a: Sinistcha|1\n|-damage|p2b: Whimsicott|71/100\n|-damage|p1a: Sinistcha|82/100\n|move|p1a: Sinistcha|Strength Sap|p2a: Garchomp\n|-unboost|p2a: Garchomp|atk|1\n|-heal|p1a: Sinistcha|100/100\n|\n|upkeep\n|turn|2\n|inactive|f1ish has 30 seconds left.\n|inactive|f1ish has 20 seconds left.\n|inactive|f1ish has 15 seconds left.\n|inactive|f1ish has 10 seconds left.\n|\n|t:|1776141501\n|switch|p1a: Incineroar|Incineroar, L50, M|100/100\n|-ability|p1a: Incineroar|Intimidate|boost\n|-unboost|p2a: Garchomp|atk|1\n|-unboost|p2b: Whimsicott|atk|1\n|move|p2b: Whimsicott|Encore|p1b: Gengar\n|-start|p1b: Gengar|Encore\n|move|p1b: Gengar|Protect|p1b: Gengar\n|-singleturn|p1b: Gengar|Protect\n|move|p2a: Garchomp|Earthquake|p1a: Incineroar|[spread] p2b,p1a\n|-activate|p1b: Gengar|move: Protect\n|-resisted|p2b: Whimsicott|1\n|-supereffective|p1a: Incineroar|1\n|-damage|p2b: Whimsicott|55/100\n|-damage|p1a: Incineroar|56/100\n|\n|upkeep\n|turn|3\n|inactive|f1ish has 30 seconds left.\n|c|\u2606everlol|lucky\n|inactive|f1ish has 20 seconds left.\n|\n|t:|1776141540\n|switch|p1b: Sinistcha|Sinistcha, L50|100/100\n|-heal|p1a: Incineroar|81/100|[from] ability: Hospitality|[of] p1b: Sinistcha\n|move|p2b: Whimsicott|Protect|p2b: Whimsicott\n|-singleturn|p2b: Whimsicott|Protect\n|move|p2a: Garchomp|Earthquake|p1b: Sinistcha|[spread] p1a,p1b\n|-activate|p2b: Whimsicott|move: Protect\n|-supereffective|p1a: Incineroar|1\n|-resisted|p1b: Sinistcha|1\n|-damage|p1a: Incineroar|41/100\n|-damage|p1b: Sinistcha|92/100\n|-enditem|p1a: Incineroar|Sitrus Berry|[eat]\n|-heal|p1a: Incineroar|66/100|[from] item: Sitrus Berry\n|move|p1a: Incineroar|Parting Shot|p2a: Garchomp\n|-unboost|p2a: Garchomp|atk|1\n|-unboost|p2a: Garchomp|spa|1\n|\n|t:|1776141554\n|switch|p1a: Gengar|Gengar-Mega, L50, F|100/100|[from] Parting Shot\n|\n|upkeep\n|turn|4\n|inactive|f1ish has 30 seconds left.\n|\n|t:|1776141580\n|move|p2b: Whimsicott|Tailwind|p2b: Whimsicott\n|-sidestart|p2: everlol|move: Tailwind\n|move|p2a: Garchomp|Earthquake|p1b: Sinistcha|[spread] p2b,p1a,p1b\n|-resisted|p2b: Whimsicott|1\n|-supereffective|p1a: Gengar|1\n|-resisted|p1b: Sinistcha|1\n|-damage|p2b: Whimsicott|42/100\n|-damage|p1a: Gengar|60/100\n|-damage|p1b: Sinistcha|84/100\n|move|p1a: Gengar|Perish Song|p1a: Gengar\n|-start|p1a: Gengar|perish3|[silent]\n|-start|p1b: Sinistcha|perish3|[silent]\n|-start|p2a: Garchomp|perish3|[silent]\n|-start|p2b: Whimsicott|perish3|[silent]\n|-fieldactivate|move: Perish Song\n|move|p1b: Sinistcha|Life Dew|p1b: Sinistcha|[spread] p1a,p1b\n|-heal|p1a: Gengar|85/100\n|-heal|p1b: Sinistcha|100/100\n|\n|-start|p2a: Garchomp|perish3\n|-start|p2b: Whimsicott|perish3\n|-start|p1a: Gengar|perish3\n|-start|p1b: Sinistcha|perish3\n|upkeep\n|turn|5\n|\n|t:|1776141602\n|move|p1a: Gengar|Protect|p1a: Gengar\n|-singleturn|p1a: Gengar|Protect\n|move|p2b: Whimsicott|Encore|p1a: Gengar\n|-activate|p1a: Gengar|move: Protect\n|move|p2a: Garchomp|Earthquake|p1b: Sinistcha|[spread] p2b,p1b\n|-activate|p1a: Gengar|move: Protect\n|-resisted|p2b: Whimsicott|1\n|-resisted|p1b: Sinistcha|1\n|-damage|p2b: Whimsicott|29/100\n|-damage|p1b: Sinistcha|94/100\n|move|p1b: Sinistcha|Life Dew|p1b: Sinistcha|[spread] p1a,p1b\n|-heal|p1a: Gengar|100/100\n|-heal|p1b: Sinistcha|100/100\n|\n|-start|p2a: Garchomp|perish2\n|-start|p2b: Whimsicott|perish2\n|-start|p1a: Gengar|perish2\n|-start|p1b: Sinistcha|perish2\n|upkeep\n|turn|6\n|inactive|f1ish has 30 seconds left.\n|\n|t:|1776141629\n|move|p2b: Whimsicott|Encore|p1a: Gengar\n|-start|p1a: Gengar|Encore\n|move|p1a: Gengar|Protect|p1a: Gengar\n|-singleturn|p1a: Gengar|Protect\n|move|p2a: Garchomp|Earthquake|p1b: Sinistcha|[spread] p2b,p1b\n|-activate|p1a: Gengar|move: Protect\n|-resisted|p2b: Whimsicott|1\n|-resisted|p1b: Sinistcha|1\n|-damage|p2b: Whimsicott|17/100\n|-damage|p1b: Sinistcha|93/100\n|move|p1b: Sinistcha|Life Dew||[still]|[spread] p1a,p1b\n|-fail|p1a: Gengar|heal\n|-heal|p1b: Sinistcha|100/100\n|\n|-start|p2a: Garchomp|perish1\n|-start|p2b: Whimsicott|perish1\n|-start|p1a: Gengar|perish1\n|-start|p1b: Sinistcha|perish1\n|upkeep\n|turn|7\n|\n|t:|1776141644\n|switch|p1a: Incineroar|Incineroar, L50, M|66/100\n|-ability|p1a: Incineroar|Intimidate|boost\n|-unboost|p2a: Garchomp|atk|1\n|-unboost|p2b: Whimsicott|atk|1\n|switch|p1b: Politoed|Politoed, L50, F|100/100\n|-weather|RainDance|[from] ability: Drizzle|[of] p1b: Politoed\n|move|p2a: Garchomp|Earthquake|p1b: Politoed|[spread] p2b,p1a,p1b\n|-resisted|p2b: Whimsicott|1\n|-supereffective|p1a: Incineroar|1\n|-damage|p2b: Whimsicott|6/100\n|-damage|p1a: Incineroar|35/100\n|-damage|p1b: Politoed|85/100\n|move|p2b: Whimsicott|Moonblast|p1b: Politoed\n|-damage|p1b: Politoed|56/100\n|\n|-weather|RainDance|[upkeep]\n|-start|p2a: Garchomp|perish0\n|-start|p2b: Whimsicott|perish0\n|-sideend|p2: everlol|move: Tailwind\n|upkeep\n|faint|p2a: Garchomp\n|faint|p2b: Whimsicott\n|\n|t:|1776141654\n|switch|p2b: Charizard|Charizard, L50, F|100/100\n|switch|p2a: Sneasler|Sneasler, L50, F|100/100\n|turn|8\n|\n|t:|1776141677\n|switch|p1b: Sinistcha|Sinistcha, L50|100/100\n|-heal|p1a: Incineroar|60/100|[from] ability: Hospitality|[of] p1b: Sinistcha\n|detailschange|p2b: Charizard|Charizard-Mega-Y, L50, F\n|-mega|p2b: Charizard|Charizard|Charizardite Y\n|-weather|SunnyDay|[from] ability: Drought|[of] p2b: Charizard\n|move|p1a: Incineroar|Protect|p1a: Incineroar\n|-singleturn|p1a: Incineroar|Protect\n|move|p2a: Sneasler|Fake Out|p1a: Incineroar\n|-activate|p1a: Incineroar|move: Protect\n|move|p2b: Charizard|Solar Beam||[still]\n|-prepare|p2b: Charizard|Solar Beam\n|-anim|p2b: Charizard|Solar Beam|p1b: Sinistcha\n|-resisted|p1b: Sinistcha|1\n|-damage|p1b: Sinistcha|77/100\n|\n|-weather|SunnyDay|[upkeep]\n|upkeep\n|turn|9\n|inactive|f1ish has 30 seconds left.\n|inactive|everlol has 30 seconds left.\n|inactive|f1ish has 20 seconds left.\n|\n|t:|1776141712\n|switch|p1a: Politoed|Politoed, L50, F|56/100\n|-weather|RainDance|[from] ability: Drizzle|[of] p1a: Politoed\n|move|p2a: Sneasler|Close Combat|p1b: Sinistcha\n|-immune|p1b: Sinistcha\n|move|p2b: Charizard|Weather Ball|p1b: Sinistcha\n|-resisted|p1b: Sinistcha|1\n|-damage|p1b: Sinistcha|44/100\n|move|p1b: Sinistcha|Strength Sap|p2a: Sneasler\n|-unboost|p2a: Sneasler|atk|1\n|-heal|p1b: Sinistcha|100/100\n|-enditem|p2a: Sneasler|White Herb\n|-clearnegativeboost|p2a: Sneasler|[silent]\n|\n|-weather|RainDance|[upkeep]\n|upkeep\n|turn|10\n|inactive|everlol has 30 seconds left.\n|\n|t:|1776141741\n|move|p1b: Sinistcha|Rage Powder|p1b: Sinistcha\n|-singleturn|p1b: Sinistcha|move: Rage Powder\n|move|p2a: Sneasler|Rock Slide|p1b: Sinistcha|[spread] p1a\n|-miss|p2a: Sneasler|p1b: Sinistcha\n|-crit|p1a: Politoed\n|-damage|p1a: Politoed|24/100\n|move|p2b: Charizard|Heat Wave|p1a: Politoed|[spread] p1a,p1b\n|-resisted|p1a: Politoed|1\n|-supereffective|p1b: Sinistcha|1\n|-damage|p1a: Politoed|15/100\n|-damage|p1b: Sinistcha|53/100\n|-status|p1a: Politoed|brn\n|cant|p1a: Politoed|flinch\n|\n|-weather|RainDance|[upkeep]\n|-damage|p1a: Politoed|9/100 brn|[from] brn\n|upkeep\n|turn|11\n|inactive|f1ish has 30 seconds left.\n|inactive|f1ish has 20 seconds left.\n|inactive|f1ish has 15 seconds left.\n|inactive|f1ish has 10 seconds left.\n|inactive|f1ish has 5 seconds left.\n|\n|t:|1776141791\n|switch|p1a: Incineroar|Incineroar, L50, M|60/100\n|-ability|p1a: Incineroar|Intimidate|boost\n|-unboost|p2a: Sneasler|atk|1\n|-unboost|p2b: Charizard|atk|1\n|move|p1b: Sinistcha|Protect|p1b: Sinistcha\n|-singleturn|p1b: Sinistcha|Protect\n|move|p2a: Sneasler|Rock Slide|p1a: Incineroar|[spread] p1a\n|-activate|p1b: Sinistcha|move: Protect\n|-supereffective|p1a: Incineroar|1\n|-damage|p1a: Incineroar|33/100\n|move|p2b: Charizard|Heat Wave|p1a: Incineroar|[spread] p1a\n|-activate|p1b: Sinistcha|move: Protect\n|-resisted|p1a: Incineroar|1\n|-damage|p1a: Incineroar|25/100\n|\n|-weather|RainDance|[upkeep]\n|upkeep\n|turn|12\n|\n|t:|1776141808\n|move|p1a: Incineroar|Fake Out|p2b: Charizard\n|-damage|p2b: Charizard|87/100\n|move|p2a: Sneasler|Rock Slide|p1a: Incineroar|[spread] p1a,p1b\n|-supereffective|p1a: Incineroar|1\n|-damage|p1a: Incineroar|0 fnt\n|-damage|p1b: Sinistcha|42/100\n|faint|p1a: Incineroar\n|cant|p2b: Charizard|flinch\n|move|p1b: Sinistcha|Strength Sap|p2a: Sneasler\n|-unboost|p2a: Sneasler|atk|1\n|-heal|p1b: Sinistcha|100/100\n|\n|-weather|RainDance|[upkeep]\n|upkeep\n|\n|t:|1776141817\n|switch|p1a: Gengar|Gengar-Mega, L50, F|100/100\n|turn|13\n|\n|t:|1776141832\n|move|p1b: Sinistcha|Rage Powder|p1b: Sinistcha\n|-singleturn|p1b: Sinistcha|move: Rage Powder\n|move|p2a: Sneasler|Rock Slide|p1b: Sinistcha|[spread] p1a,p1b\n|-damage|p1a: Gengar|88/100\n|-damage|p1b: Sinistcha|92/100\n|cant|p1a: Gengar|flinch\n|move|p2b: Charizard|Weather Ball|p1b: Sinistcha\n|-resisted|p1b: Sinistcha|1\n|-damage|p1b: Sinistcha|59/100\n|\n|-weather|none\n|upkeep\n|turn|14\n|inactive|f1ish has 30 seconds left.\n|inactive|f1ish has 20 seconds left.\n|\n|t:|1776141867\n|move|p1b: Sinistcha|Rage Powder|p1b: Sinistcha\n|-singleturn|p1b: Sinistcha|move: Rage Powder\n|move|p2a: Sneasler|Rock Slide|p1a: Gengar|[spread] p1a,p1b\n|-damage|p1a: Gengar|74/100\n|-damage|p1b: Sinistcha|50/100\n|cant|p1a: Gengar|flinch\n|move|p2b: Charizard|Heat Wave|p1a: Gengar|[spread] p1a,p1b\n|-supereffective|p1b: Sinistcha|1\n|-damage|p1a: Gengar|21/100\n|-damage|p1b: Sinistcha|0 fnt\n|faint|p1b: Sinistcha\n|\n|upkeep\n|-message|f1ish forfeited.\n|\n|win|everlol\n|raw|f1ish's rating: 1273 &rarr; <strong>1253</strong><br />(-20 for losing)\n|raw|everlol's rating: 1340 &rarr; <strong>1356</strong><br />(+16 for winning)\n|l|\u203df1ish\n|player|p1|\n",
  "uploadtime": 1776141880,
  "views": 21,
  "formatid": "gen9championsvgc2026regma",
  "rating": 1253,
  "private": 0,
  "password": null
}