{
  "id": "gen9championsvgc2026regma-2580999375",
  "format": "[Gen 9 Champions] VGC 2026 Reg M-A",
  "players": [
    "HeavyLobsterAlf",
    "balatro4"
  ],
  "log": "|j|\u2606HeavyLobsterAlf\n|j|\u2606balatro4\n|t:|1775950411\n|gametype|doubles\n|player|p1|HeavyLobsterAlf|phoebe-masters|1112\n|player|p2|balatro4|102|1122\n|gen|9\n|tier|[Gen 9 Champions] VGC 2026 Reg M-A\n|rated|\n|rule|Species Clause: Limit one of each Pok\u00e9mon\n|rule|Item Clause: Limit 1 of each item\n|clearpoke\n|poke|p1|Froslass, L50, F|\n|poke|p1|Glaceon, L50, F|\n|poke|p1|Meowstic, L50, M|\n|poke|p1|Araquanid, L50, M|\n|poke|p1|Incineroar, L50, F|\n|poke|p1|Sneasler, L50, F|\n|poke|p2|Charizard, L50, M|\n|poke|p2|Whimsicott, L50, M|\n|poke|p2|Garchomp, L50, F|\n|poke|p2|Venusaur, L50, F|\n|poke|p2|Rotom-Heat, L50|\n|poke|p2|Gardevoir, L50, M|\n|teampreview|4\n|\n|t:|1775950471\n|teamsize|p1|4\n|teamsize|p2|4\n|start\n|switch|p1a: Froslass|Froslass, L50, F|100/100\n|switch|p1b: Meowstic|Meowstic, L50, M|100/100\n|switch|p2a: Whimsicott|Whimsicott, L50, M|100/100\n|switch|p2b: Charizard|Charizard, L50, M, shiny|100/100\n|turn|1\n|\n|t:|1775950479\n|detailschange|p1a: Froslass|Froslass-Mega, L50, F\n|-mega|p1a: Froslass|Froslass|Froslassite\n|-weather|Snowscape|[from] ability: Snow Warning|[of] p1a: Froslass\n|detailschange|p2b: Charizard|Charizard-Mega-Y, L50, M, shiny\n|-mega|p2b: Charizard|Charizard|Charizardite Y\n|-weather|SunnyDay|[from] ability: Drought|[of] p2b: Charizard\n|move|p2a: Whimsicott|Tailwind|p2a: Whimsicott\n|-sidestart|p2: balatro4|move: Tailwind\n|move|p1b: Meowstic|Skill Swap|p1a: Froslass\n|-activate|p1b: Meowstic|Skill Swap|||[of] p1a: Froslass\n|-weather|Snowscape|[from] ability: Snow Warning|[of] p1b: Meowstic\n|move|p1a: Froslass|Aurora Veil|p1a: Froslass\n|-sidestart|p1: HeavyLobsterAlf|move: Aurora Veil\n|move|p2b: Charizard|Heat Wave|p1b: Meowstic|[spread] p1a,p1b\n|-supereffective|p1a: Froslass|1\n|-damage|p1a: Froslass|37/100\n|-damage|p1b: Meowstic|79/100\n|\n|-weather|Snowscape|[upkeep]\n|upkeep\n|turn|2\n|\n|t:|1775950503\n|move|p2a: Whimsicott|Sunny Day|p2a: Whimsicott\n|-weather|SunnyDay\n|move|p2b: Charizard|Heat Wave|p1a: Froslass|[spread] p1a,p1b\n|-supereffective|p1a: Froslass|1\n|-damage|p1a: Froslass|0 fnt\n|-damage|p1b: Meowstic|42/100\n|faint|p1a: Froslass\n|move|p1b: Meowstic|Skill Swap|p2a: Whimsicott\n|-activate|p1b: Meowstic|Skill Swap|Prankster|Snow Warning|[of] p2a: Whimsicott\n|-weather|Snowscape|[from] ability: Snow Warning|[of] p2a: Whimsicott\n|\n|-weather|Snowscape|[upkeep]\n|upkeep\n|\n|t:|1775950510\n|switch|p1a: Glaceon|Glaceon, L50, F|100/100\n|turn|3\n|\n|t:|1775950529\n|move|p1b: Meowstic|Skill Swap|p2a: Whimsicott\n|-activate|p1b: Meowstic|Skill Swap|Snow Warning|Prankster|[of] p2a: Whimsicott\n|move|p2a: Whimsicott|Sunny Day|p2a: Whimsicott\n|-weather|SunnyDay\n|move|p2b: Charizard|Heat Wave|p1a: Glaceon|[spread] p1b\n|-miss|p2b: Charizard|p1a: Glaceon\n|-damage|p1b: Meowstic|9/100\n|move|p1a: Glaceon|Calm Mind|p1a: Glaceon\n|-boost|p1a: Glaceon|spa|1\n|-boost|p1a: Glaceon|spd|1\n|\n|-weather|SunnyDay|[upkeep]\n|upkeep\n|turn|4\n|\n|t:|1775950556\n|move|p1a: Glaceon|Detect|p1a: Glaceon\n|-singleturn|p1a: Glaceon|Protect\n|move|p2a: Whimsicott|Sunny Day||[still]\n|-fail|p2a: Whimsicott\n|move|p2b: Charizard|Heat Wave|p1b: Meowstic|[spread] p1b\n|-activate|p1a: Glaceon|move: Protect\n|-damage|p1b: Meowstic|0 fnt\n|faint|p1b: Meowstic\n|\n|-weather|SunnyDay|[upkeep]\n|-sideend|p2: balatro4|move: Tailwind\n|upkeep\n|\n|t:|1775950561\n|switch|p1b: Araquanid|Araquanid, L50, M|100/100\n|turn|5\n|\n|t:|1775950578\n|move|p1b: Araquanid|Wide Guard|p1b: Araquanid\n|-singleturn|p1b: Araquanid|Wide Guard\n|move|p2a: Whimsicott|Tailwind|p2a: Whimsicott\n|-sidestart|p2: balatro4|move: Tailwind\n|move|p2b: Charizard|Heat Wave|p1b: Araquanid|[spread] \n|-activate|p1a: Glaceon|move: Wide Guard\n|-activate|p1b: Araquanid|move: Wide Guard\n|move|p1a: Glaceon|Blizzard|p2b: Charizard|[spread] p2b\n|-miss|p1a: Glaceon|p2a: Whimsicott\n|-damage|p2b: Charizard|36/100\n|\n|-weather|SunnyDay|[upkeep]\n|-sideend|p1: HeavyLobsterAlf|move: Aurora Veil\n|upkeep\n|turn|6\n|\n|t:|1775950595\n|move|p2a: Whimsicott|Protect|p2a: Whimsicott\n|-singleturn|p2a: Whimsicott|Protect\n|move|p1b: Araquanid|Wide Guard|p1b: Araquanid\n|-singleturn|p1b: Araquanid|Wide Guard\n|move|p2b: Charizard|Air Slash|p1b: Araquanid\n|-supereffective|p1b: Araquanid|1\n|-damage|p1b: Araquanid|34/100\n|move|p1a: Glaceon|Blizzard|p2a: Whimsicott|[spread] p2b\n|-activate|p2a: Whimsicott|move: Protect\n|-damage|p2b: Charizard|0 fnt\n|faint|p2b: Charizard\n|\n|-weather|SunnyDay|[upkeep]\n|upkeep\n|\n|t:|1775950607\n|switch|p2b: Garchomp|Garchomp, L50, F|100/100\n|turn|7\n|\n|t:|1775950613\n|move|p1b: Araquanid|Wide Guard|p1b: Araquanid\n|-singleturn|p1b: Araquanid|Wide Guard\n|move|p2b: Garchomp|Rock Slide|p1a: Glaceon|[spread] \n|-activate|p1a: Glaceon|move: Wide Guard\n|-activate|p1b: Araquanid|move: Wide Guard\n|move|p2a: Whimsicott|Dazzling Gleam|p1a: Glaceon|[spread] \n|-activate|p1a: Glaceon|move: Wide Guard\n|-activate|p1b: Araquanid|move: Wide Guard\n|move|p1a: Glaceon|Blizzard|p2a: Whimsicott|[spread] p2a,p2b\n|-supereffective|p2a: Whimsicott|1\n|-supereffective|p2b: Garchomp|2\n|-enditem|p2a: Whimsicott|Focus Sash\n|-damage|p2a: Whimsicott|1/100\n|-damage|p2b: Garchomp|0 fnt\n|faint|p2b: Garchomp\n|\n|-weather|none\n|upkeep\n|\n|t:|1775950617\n|switch|p2b: Gardevoir|Gardevoir, L50, M|100/100\n|-ability|p2b: Gardevoir|Water Bubble|Trace|[from] ability: Trace|[of] p1b: Araquanid\n|turn|8\n|\n|t:|1775950632\n|move|p2a: Whimsicott|Protect|p2a: Whimsicott\n|-singleturn|p2a: Whimsicott|Protect\n|move|p2b: Gardevoir|Calm Mind|p2b: Gardevoir\n|-boost|p2b: Gardevoir|spa|1\n|-boost|p2b: Gardevoir|spd|1\n|move|p1a: Glaceon|Calm Mind|p1a: Glaceon\n|-boost|p1a: Glaceon|spa|1\n|-boost|p1a: Glaceon|spd|1\n|move|p1b: Araquanid|Scary Face|p2b: Gardevoir\n|-unboost|p2b: Gardevoir|spe|2\n|\n|-sideend|p2: balatro4|move: Tailwind\n|upkeep\n|turn|9\n|\n|t:|1775950667\n|move|p1b: Araquanid|Wide Guard|p1b: Araquanid\n|-singleturn|p1b: Araquanid|Wide Guard\n|move|p2a: Whimsicott|Tailwind|p2a: Whimsicott\n|-sidestart|p2: balatro4|move: Tailwind\n|move|p2b: Gardevoir|Moonblast|p1b: Araquanid\n|-crit|p1b: Araquanid\n|-damage|p1b: Araquanid|0 fnt\n|faint|p1b: Araquanid\n|move|p1a: Glaceon|Blizzard|p2a: Whimsicott|[spread] p2a,p2b\n|-supereffective|p2a: Whimsicott|1\n|-damage|p2a: Whimsicott|0 fnt\n|-damage|p2b: Gardevoir|51/100\n|faint|p2a: Whimsicott\n|\n|upkeep\n|turn|10\n|\n|t:|1775950688\n|move|p2b: Gardevoir|Moonblast|p1a: Glaceon\n|-crit|p1a: Glaceon\n|-damage|p1a: Glaceon|0 fnt\n|faint|p1a: Glaceon\n|\n|win|balatro4\n|raw|HeavyLobsterAlf's rating: 1112 &rarr; <strong>1088</strong><br />(-24 for losing)\n|raw|balatro4's rating: 1122 &rarr; <strong>1146</strong><br />(+24 for winning)\n",
  "uploadtime": 1775950691,
  "views": 10,
  "formatid": "gen9championsvgc2026regma",
  "rating": 1088,
  "private": 0,
  "password": null
}