{
  "id": "gen9championsvgc2026regma-2587257078",
  "format": "[Gen 9 Champions] VGC 2026 Reg M-A",
  "players": [
    "flaemm",
    "69swagman"
  ],
  "log": "|j|\u2606flaemm\n|j|\u260669swagman\n|t:|1776515213\n|gametype|doubles\n|player|p1|flaemm|alder|1249\n|player|p2|69swagman|266|1309\n|gen|9\n|tier|[Gen 9 Champions] VGC 2026 Reg M-A\n|rated|\n|rule|Species Clause: Limit one of each Pok\u00e9mon\n|rule|Item Clause: Limit 1 of each item\n|clearpoke\n|poke|p1|Farigiraf, L50, F|\n|poke|p1|Torkoal, L50, F|\n|poke|p1|Victreebel, L50, M|\n|poke|p1|Sneasler, L50, F|\n|poke|p1|Incineroar, L50, F|\n|poke|p1|Crabominable, L50, M|\n|poke|p2|Hatterene, L50, F|\n|poke|p2|Araquanid, L50, M|\n|poke|p2|Incineroar, L50, F|\n|poke|p2|Tyranitar, L50, M|\n|poke|p2|Aegislash, L50, M|\n|poke|p2|Rotom-Wash, L50|\n|teampreview|4\n|\n|t:|1776515281\n|teamsize|p1|4\n|teamsize|p2|4\n|start\n|switch|p1a: Sneasler|Sneasler, L50, F|100/100\n|switch|p1b: Victreebel|Victreebel, L50, M|100/100\n|switch|p2a: Hatterene|Hatterene, L50, F|100/100\n|switch|p2b: Tyranitar|Tyranitar, L50, M|100/100\n|-weather|Sandstorm|[from] ability: Sand Stream|[of] p2b: Tyranitar\n|turn|1\n|\n|t:|1776515327\n|switch|p2b: Aegislash|Aegislash, L50, M|100/100\n|move|p2a: Hatterene|Protect|p2a: Hatterene\n|-singleturn|p2a: Hatterene|Protect\n|move|p1a: Sneasler|Fake Out|p2a: Hatterene\n|-activate|p2a: Hatterene|move: Protect\n|move|p1b: Victreebel|Energy Ball|p2a: Hatterene\n|-activate|p2a: Hatterene|move: Protect\n|\n|-weather|Sandstorm|[upkeep]\n|-damage|p1a: Sneasler|95/100|[from] Sandstorm\n|-damage|p1b: Victreebel|95/100|[from] Sandstorm\n|-damage|p2a: Hatterene|94/100|[from] Sandstorm\n|upkeep\n|turn|2\n|\n|t:|1776515353\n|move|p1a: Sneasler|Dire Claw|p2a: Hatterene\n|-supereffective|p2a: Hatterene|1\n|-damage|p2a: Hatterene|0 fnt\n|faint|p2a: Hatterene\n|move|p1b: Victreebel|Sleep Powder|p2b: Aegislash\n|-status|p2b: Aegislash|slp|[from] move: Sleep Powder\n|cant|p2b: Aegislash|slp\n|\n|-weather|Sandstorm|[upkeep]\n|-damage|p1a: Sneasler|89/100|[from] Sandstorm\n|-damage|p1b: Victreebel|89/100|[from] Sandstorm\n|upkeep\n|\n|t:|1776515363\n|switch|p2a: Rotom|Rotom-Wash, L50|100/100\n|turn|3\n|\n|t:|1776515389\n|switch|p1a: Torkoal|Torkoal, L50, F|100/100\n|-weather|SunnyDay|[from] ability: Drought|[of] p1a: Torkoal\n|move|p1b: Victreebel|Energy Ball|p2a: Rotom\n|-supereffective|p2a: Rotom|1\n|-damage|p2a: Rotom|19/100\n|-enditem|p2a: Rotom|Sitrus Berry|[eat]\n|-heal|p2a: Rotom|44/100|[from] item: Sitrus Berry\n|move|p2a: Rotom|Will-O-Wisp|p1a: Torkoal\n|-immune|p1a: Torkoal\n|cant|p2b: Aegislash|slp\n|\n|-weather|SunnyDay|[upkeep]\n|upkeep\n|turn|4\n|\n|t:|1776515415\n|switch|p2a: Tyranitar|Tyranitar, L50, M|100/100\n|-weather|Sandstorm|[from] ability: Sand Stream|[of] p2a: Tyranitar\n|move|p1b: Victreebel|Energy Ball|p2a: Tyranitar\n|-supereffective|p2a: Tyranitar|1\n|-damage|p2a: Tyranitar|45/100\n|-curestatus|p2b: Aegislash|slp|[msg]\n|-formechange|p2b: Aegislash|Aegislash-Blade|\n|move|p2b: Aegislash|Shadow Ball|p1b: Victreebel\n|-damage|p1b: Victreebel|13/100\n|-unboost|p1b: Victreebel|spd|1\n|move|p1a: Torkoal|Eruption|p2a: Tyranitar|[spread] p2a,p2b\n|-resisted|p2a: Tyranitar|1\n|-supereffective|p2b: Aegislash|1\n|-damage|p2a: Tyranitar|31/100\n|-damage|p2b: Aegislash|0 fnt\n|faint|p2b: Aegislash\n|\n|-weather|Sandstorm|[upkeep]\n|-damage|p1b: Victreebel|7/100|[from] Sandstorm\n|-damage|p1a: Torkoal|94/100|[from] Sandstorm\n|upkeep\n|\n|t:|1776515433\n|switch|p2b: Rotom|Rotom-Wash, L50|44/100\n|turn|5\n|\n|t:|1776515446\n|detailschange|p2a: Tyranitar|Tyranitar-Mega, L50, M\n|-mega|p2a: Tyranitar|Tyranitar|Tyranitarite\n|move|p1b: Victreebel|Energy Ball|p2b: Rotom\n|-supereffective|p2b: Rotom|1\n|-damage|p2b: Rotom|0 fnt\n|faint|p2b: Rotom\n|move|p2a: Tyranitar|Rock Slide|p1b: Victreebel|[spread] p1b\n|-miss|p2a: Tyranitar|p1a: Torkoal\n|-damage|p1b: Victreebel|0 fnt\n|faint|p1b: Victreebel\n|move|p1a: Torkoal|Earth Power|p2a: Tyranitar\n|-supereffective|p2a: Tyranitar|1\n|-damage|p2a: Tyranitar|8/100\n|-unboost|p2a: Tyranitar|spd|1\n|\n|-weather|Sandstorm|[upkeep]\n|-damage|p1a: Torkoal|88/100|[from] Sandstorm\n|upkeep\n|\n|t:|1776515451\n|switch|p1b: Sneasler|Sneasler, L50, F|89/100\n|turn|6\n|c|\u260669swagman|gg\n|\n|t:|1776515462\n|move|p1b: Sneasler|Fake Out|p2a: Tyranitar\n|-resisted|p2a: Tyranitar|1\n|-damage|p2a: Tyranitar|3/100\n|cant|p2a: Tyranitar|flinch\n|move|p1a: Torkoal|Earth Power|p2a: Tyranitar\n|-supereffective|p2a: Tyranitar|1\n|-damage|p2a: Tyranitar|0 fnt\n|faint|p2a: Tyranitar\n|\n|win|flaemm\n|raw|flaemm's rating: 1249 &rarr; <strong>1278</strong><br />(+29 for winning)\n|raw|69swagman's rating: 1309 &rarr; <strong>1286</strong><br />(-23 for losing)\n|c|\u2606flaemm|gg\n",
  "uploadtime": 1776515468,
  "views": 40,
  "formatid": "gen9championsvgc2026regma",
  "rating": 1278,
  "private": 0,
  "password": null
}