{
  "id": "gen9championsvgc2026regma-2582499764",
  "format": "[Gen 9 Champions] VGC 2026 Reg M-A",
  "players": [
    "honest3",
    "melo014"
  ],
  "log": "|j|\u2606honest3\n|j|\u2606melo014\n|t:|1776095618\n|gametype|doubles\n|player|p1|honest3|lyra|1052\n|player|p2|melo014|2|1051\n|gen|9\n|tier|[Gen 9 Champions] VGC 2026 Reg M-A\n|rated|\n|rule|Species Clause: Limit one of each Pok\u00e9mon\n|rule|Item Clause: Limit 1 of each item\n|clearpoke\n|poke|p1|Altaria, L50, M|\n|poke|p1|Milotic, L50, F|\n|poke|p1|Gallade, L50, M|\n|poke|p1|Cofagrigus, L50, M|\n|poke|p1|Camerupt, L50, M|\n|poke|p1|Venusaur, L50, M|\n|poke|p2|Kingambit, L50, F|\n|poke|p2|Sneasler, L50, M|\n|poke|p2|Farigiraf, L50, M|\n|poke|p2|Charizard, L50, F|\n|poke|p2|Whimsicott, L50, M|\n|poke|p2|Basculegion, L50, M|\n|teampreview|4\nhonest3 rejected open team sheets.\n|\n|t:|1776095680\n|teamsize|p1|4\n|teamsize|p2|4\n|start\n|switch|p1a: Venusaur|Venusaur, L50, M|100/100\n|switch|p1b: Altaria|Altaria, L50, M|100/100\n|switch|p2a: Sneasler|Sneasler, L50, M|100/100\n|switch|p2b: Whimsicott|Whimsicott, L50, M|100/100\n|-ability|p1b: Altaria|Cloud Nine\n|turn|1\n|\n|t:|1776095739\n|move|p2b: Whimsicott|Tailwind|p2b: Whimsicott\n|-sidestart|p2: melo014|move: Tailwind\n|move|p2a: Sneasler|Dire Claw|p1b: Altaria\n|-damage|p1b: Altaria|57/100\n|move|p1b: Altaria|Flamethrower|p2b: Whimsicott\n|-supereffective|p2b: Whimsicott|1\n|-damage|p2b: Whimsicott|38/100\n|-enditem|p2b: Whimsicott|Sitrus Berry|[eat]\n|-heal|p2b: Whimsicott|63/100|[from] item: Sitrus Berry\n|move|p1a: Venusaur|Sleep Powder|p2a: Sneasler\n|-status|p2a: Sneasler|slp|[from] move: Sleep Powder\n|\n|upkeep\n|turn|2\n|\n|t:|1776095771\n|switch|p2a: Charizard|Charizard, L50, F|100/100\n|switch|p1a: Cofagrigus|Cofagrigus, L50, M|100/100\n|move|p2b: Whimsicott|Sunny Day|p2b: Whimsicott\n|-weather|SunnyDay\n|move|p1b: Altaria|Flamethrower|p2b: Whimsicott\n|-supereffective|p2b: Whimsicott|1\n|-damage|p2b: Whimsicott|0 fnt\n|faint|p2b: Whimsicott\n|\n|-weather|SunnyDay|[upkeep]\n|upkeep\n|\n|t:|1776095787\n|switch|p2b: Sneasler|Sneasler, L50, M|100/100 slp\n|turn|3\n|\n|t:|1776095827\n|detailschange|p2a: Charizard|Charizard-Mega-Y, L50, F\n|-mega|p2a: Charizard|Charizard|Charizardite Y\n|detailschange|p1b: Altaria|Altaria-Mega, L50, M\n|-mega|p1b: Altaria|Altaria|Altarianite\n|cant|p2b: Sneasler|slp\n|move|p2a: Charizard|Weather Ball|p1b: Altaria\n|-resisted|p1b: Altaria|1\n|-damage|p1b: Altaria|11/100\n|move|p1b: Altaria|Draco Meteor|p2b: Sneasler\n|-damage|p2b: Sneasler|14/100 slp\n|-unboost|p1b: Altaria|spa|2\n|move|p1a: Cofagrigus|Trick Room|p1a: Cofagrigus\n|-fieldstart|move: Trick Room|[of] p1a: Cofagrigus\n|\n|-weather|SunnyDay|[upkeep]\n|upkeep\n|turn|4\n|\n|t:|1776095875\n|move|p1a: Cofagrigus|Shadow Ball|p2b: Sneasler\n|-damage|p2b: Sneasler|0 fnt\n|faint|p2b: Sneasler\n|move|p1b: Altaria|Roost|p1b: Altaria\n|-heal|p1b: Altaria|61/100\n|-singleturn|p1b: Altaria|move: Roost\n|move|p2a: Charizard|Air Slash|p1b: Altaria\n|-damage|p1b: Altaria|20/100\n|\n|-weather|SunnyDay|[upkeep]\n|-sideend|p2: melo014|move: Tailwind\n|upkeep\n|\n|t:|1776095885\n|switch|p2b: Basculegion|Basculegion, L50, M|100/100\n|turn|5\n|\n|t:|1776095907\n|move|p1a: Cofagrigus|Will-O-Wisp|p2b: Basculegion\n|-status|p2b: Basculegion|brn\n|move|p1b: Altaria|Roost|p1b: Altaria\n|-heal|p1b: Altaria|70/100\n|-singleturn|p1b: Altaria|move: Roost\n|move|p2a: Charizard|Heat Wave|p1a: Cofagrigus|[spread] p1a,p1b\n|-resisted|p1b: Altaria|1\n|-damage|p1a: Cofagrigus|40/100\n|-damage|p1b: Altaria|40/100\n|-status|p1b: Altaria|brn\n|-enditem|p1a: Cofagrigus|Sitrus Berry|[eat]\n|-heal|p1a: Cofagrigus|65/100|[from] item: Sitrus Berry\n|move|p2b: Basculegion|Last Respects|p1a: Cofagrigus\n|-supereffective|p1a: Cofagrigus|1\n|-damage|p1a: Cofagrigus|18/100\n|\n|-weather|SunnyDay|[upkeep]\n|-damage|p1b: Altaria|34/100 brn|[from] brn\n|-damage|p2b: Basculegion|94/100 brn|[from] brn\n|upkeep\n|turn|6\n|\n|t:|1776095944\n|move|p1a: Cofagrigus|Shadow Ball|p2b: Basculegion\n|-supereffective|p2b: Basculegion|1\n|-damage|p2b: Basculegion|39/100 brn\n|move|p1b: Altaria|Draco Meteor|p2b: Basculegion\n|-damage|p2b: Basculegion|4/100 brn\n|-unboost|p1b: Altaria|spa|2\n|move|p2a: Charizard|Heat Wave|p1b: Altaria|[spread] p1a,p1b\n|-resisted|p1b: Altaria|1\n|-damage|p1a: Cofagrigus|0 fnt\n|-damage|p1b: Altaria|3/100 brn\n|faint|p1a: Cofagrigus\n|move|p2b: Basculegion|Last Respects|p1b: Altaria\n|-damage|p1b: Altaria|0 fnt\n|faint|p1b: Altaria\n|\n|-weather|none\n|-damage|p2b: Basculegion|0 fnt|[from] brn\n|faint|p2b: Basculegion\n|upkeep\n|\n|t:|1776095964\n|switch|p1a: Milotic|Milotic, L50, F|100/100\n|switch|p1b: Venusaur|Venusaur, L50, M|100/100\n|turn|7\n|\n|t:|1776095987\n|move|p1b: Venusaur|Sleep Powder|p2a: Charizard\n|-status|p2a: Charizard|slp|[from] move: Sleep Powder\n|move|p1a: Milotic|Muddy Water|p2a: Charizard|[miss]\n|-miss|p1a: Milotic|p2a: Charizard\n|cant|p2a: Charizard|slp\n|\n|-fieldend|move: Trick Room\n|upkeep\n|turn|8\n|\n|t:|1776096001\n|cant|p2a: Charizard|slp\n|move|p1b: Venusaur|Sludge Bomb|p2a: Charizard\n|-damage|p2a: Charizard|54/100 slp\n|move|p1a: Milotic|Muddy Water|p2a: Charizard\n|-supereffective|p2a: Charizard|1\n|-damage|p2a: Charizard|0 fnt\n|faint|p2a: Charizard\n|\n|win|honest3\n|raw|honest3's rating: 1052 &rarr; <strong>1084</strong><br />(+32 for winning)\n|raw|melo014's rating: 1051 &rarr; <strong>1033</strong><br />(-18 for losing)\n|l|\u2606melo014\n|player|p2|\n",
  "uploadtime": 1776096051,
  "views": 8,
  "formatid": "gen9championsvgc2026regma",
  "rating": 1033,
  "private": 0,
  "password": null
}