{
  "id": "gen9championsvgc2026regma-2580391737",
  "format": "[Gen 9 Champions] VGC 2026 Reg M-A",
  "players": [
    "yamzinyobooty",
    "Seyore"
  ],
  "log": "|j|\u2606yamzinyobooty\n|j|\u2606Seyore\n|t:|1775889558\n|gametype|doubles\n|player|p1|yamzinyobooty|170|1123\n|player|p2|Seyore|266|1040\n|gen|9\n|tier|[Gen 9 Champions] VGC 2026 Reg M-A\n|rated|\n|rule|Species Clause: Limit one of each Pok\u00e9mon\n|rule|Item Clause: Limit 1 of each item\n|clearpoke\n|poke|p1|Starmie, L50|\n|poke|p1|Whimsicott, L50, F|\n|poke|p1|Incineroar, L50, M|\n|poke|p1|Rotom-Wash, L50|\n|poke|p1|Kommo-o, L50, F|\n|poke|p1|Sneasler, L50, M|\n|poke|p2|Whimsicott, L50, M|\n|poke|p2|Tyranitar, L50, M|\n|poke|p2|Incineroar, L50, M|\n|poke|p2|Empoleon, L50, F|\n|poke|p2|Serperior, L50, M|\n|poke|p2|Toxicroak, L50, M|\n|teampreview|4\n|inactive|Battle timer is ON: inactive players will automatically lose when time's up. (requested by yamzinyobooty)\n|\n|t:|1775889581\n|teamsize|p1|4\n|teamsize|p2|4\n|start\n|switch|p1a: Sneasler|Sneasler, L50, M|100/100\n|switch|p1b: Rotom|Rotom-Wash, L50, shiny|100/100\n|switch|p2a: Whimsicott|Whimsicott, L50, M, shiny|100/100\n|switch|p2b: Toxicroak|Toxicroak, L50, M|100/100\n|turn|1\n|inactive|Seyore has 30 seconds left.\n|\n|t:|1775889606\n|move|p2a: Whimsicott|Protect|p2a: Whimsicott\n|-singleturn|p2a: Whimsicott|Protect\n|move|p1a: Sneasler|Dire Claw|p2a: Whimsicott\n|-activate|p2a: Whimsicott|move: Protect\n|move|p1b: Rotom|Electroweb|p2b: Toxicroak|[spread] p2b\n|-activate|p2a: Whimsicott|move: Protect\n|-damage|p2b: Toxicroak|76/100\n|-unboost|p2b: Toxicroak|spe|1\n|move|p2b: Toxicroak|Knock Off|p1b: Rotom\n|-damage|p1b: Rotom|65/100\n|-enditem|p1b: Rotom|Choice Scarf|[from] move: Knock Off|[of] p2b: Toxicroak\n|\n|upkeep\n|turn|2\n|\n|t:|1775889628\n|move|p2a: Whimsicott|Tailwind|p2a: Whimsicott\n|-sidestart|p2: Seyore|move: Tailwind\n|move|p2b: Toxicroak|Poison Jab|p1b: Rotom\n|-damage|p1b: Rotom|25/100\n|move|p1a: Sneasler|Close Combat|p2a: Whimsicott\n|-resisted|p2a: Whimsicott|1\n|-damage|p2a: Whimsicott|67/100\n|-unboost|p1a: Sneasler|def|1\n|-unboost|p1a: Sneasler|spd|1\n|-enditem|p1a: Sneasler|White Herb\n|-clearnegativeboost|p1a: Sneasler|[silent]\n|move|p1b: Rotom|Volt Switch|p2b: Toxicroak\n|-damage|p2b: Toxicroak|32/100\n|\n|t:|1775889634\n|switch|p1b: Starmie|Starmie, L50|100/100|[from] Volt Switch\n|\n|upkeep\n|turn|3\n|\n|t:|1775889658\n|detailschange|p1b: Starmie|Starmie-Mega, L50\n|-mega|p1b: Starmie|Starmie|Starminite\n|move|p1a: Sneasler|Dire Claw|p2a: Whimsicott\n|-supereffective|p2a: Whimsicott|2\n|-damage|p2a: Whimsicott|0 fnt\n|faint|p2a: Whimsicott\n|move|p2b: Toxicroak|Knock Off|p1b: Starmie\n|-supereffective|p1b: Starmie|1\n|-damage|p1b: Starmie|51/100\n|move|p1b: Starmie|Zen Headbutt|p2b: Toxicroak|[miss]\n|-miss|p1b: Starmie|p2b: Toxicroak\n|\n|upkeep\n|\n|t:|1775889670\n|switch|p2a: Tyranitar|Tyranitar, L50, M|100/100\n|-weather|Sandstorm|[from] ability: Sand Stream|[of] p2a: Tyranitar\n|turn|4\n|\n|t:|1775889692\n|switch|p1b: Rotom|Rotom-Wash, L50, shiny|25/100\n|detailschange|p2a: Tyranitar|Tyranitar-Mega, L50, M\n|-mega|p2a: Tyranitar|Tyranitar|Tyranitarite\n|move|p1a: Sneasler|Dire Claw|p2b: Toxicroak\n|-resisted|p2b: Toxicroak|1\n|-damage|p2b: Toxicroak|0 fnt\n|faint|p2b: Toxicroak\n|move|p2a: Tyranitar|Earth Power|p1a: Sneasler\n|-supereffective|p1a: Sneasler|1\n|-damage|p1a: Sneasler|44/100\n|\n|-weather|Sandstorm|[upkeep]\n|-damage|p1a: Sneasler|39/100|[from] Sandstorm\n|-damage|p1b: Rotom|19/100|[from] Sandstorm\n|upkeep\n|\n|t:|1775889705\n|switch|p2b: Serperior|Serperior, L50, M, shiny|100/100\n|turn|5\n|\n|t:|1775889714\n|move|p2b: Serperior|Leaf Storm|p1b: Rotom\n|-supereffective|p1b: Rotom|1\n|-damage|p1b: Rotom|0 fnt\n|-boost|p2b: Serperior|spa|2\n|faint|p1b: Rotom\n|move|p1a: Sneasler|Close Combat|p2a: Tyranitar\n|-supereffective|p2a: Tyranitar|2\n|-damage|p2a: Tyranitar|0 fnt\n|-unboost|p1a: Sneasler|def|1\n|-unboost|p1a: Sneasler|spd|1\n|faint|p2a: Tyranitar\n|\n|-weather|Sandstorm|[upkeep]\n|-damage|p2b: Serperior|95/100|[from] Sandstorm\n|-damage|p1a: Sneasler|33/100|[from] Sandstorm\n|-sideend|p2: Seyore|move: Tailwind\n|upkeep\n|inactive|yamzinyobooty has 30 seconds left.\n|inactive|yamzinyobooty has 20 seconds left.\n|inactive|yamzinyobooty has 15 seconds left.\n|inactive|yamzinyobooty has 10 seconds left.\n|\n|t:|1775889761\n|switch|p1b: Kommo-o|Kommo-o, L50, F|100/100\n|turn|6\n|\n|t:|1775889772\n|move|p1a: Sneasler|Dire Claw|p2b: Serperior\n|-supereffective|p2b: Serperior|1\n|-damage|p2b: Serperior|0 fnt\n|faint|p2b: Serperior\n|\n|win|yamzinyobooty\n|raw|yamzinyobooty's rating: 1123 &rarr; <strong>1142</strong><br />(+19 for winning)\n|raw|Seyore's rating: 1040 &rarr; <strong>1028</strong><br />(-12 for losing)\n",
  "uploadtime": 1775889772,
  "views": 13,
  "formatid": "gen9championsvgc2026regma",
  "rating": 1028,
  "private": 0,
  "password": null
}