{
  "id": "gen9championsvgc2026regma-2588444257",
  "format": "[Gen 9 Champions] VGC 2026 Reg M-A",
  "players": [
    "Demoledorsus",
    "DashingSceptile"
  ],
  "log": "|j|\u2606Demoledorsus\n|j|\u2606DashingSceptile\n|t:|1776634071\n|gametype|doubles\n|player|p1|Demoledorsus|1|1170\n|player|p2|DashingSceptile|kieran-champion|1268\n|gen|9\n|tier|[Gen 9 Champions] VGC 2026 Reg M-A\n|rated|\n|rule|Species Clause: Limit one of each Pok\u00e9mon\n|rule|Item Clause: Limit 1 of each item\n|clearpoke\n|poke|p1|Aggron, L50, M|\n|poke|p1|Sinistcha, L50, shiny|\n|poke|p1|Incineroar, L50, F|\n|poke|p1|Pelipper, L50, F|\n|poke|p1|Basculegion, L50, M|\n|poke|p1|Dragonite, L50, M|\n|poke|p2|Farigiraf, L50, F, shiny|\n|poke|p2|Sneasler, L50, F, shiny|\n|poke|p2|Rotom-Wash, L50, shiny|\n|poke|p2|Garchomp, L50, M, shiny|\n|poke|p2|Aerodactyl, L50, M, shiny|\n|poke|p2|Froslass, L50, F, shiny|\n|teampreview|4\n|inactive|Battle timer is ON: inactive players will automatically lose when time's up. (requested by Demoledorsus)\n|\n|t:|1776634110\n|teamsize|p1|4\n|teamsize|p2|4\n|start\n|switch|p1a: Aggron|Aggron, L50, M|100/100\n|switch|p1b: Pelipper|Pelipper, L50, F|100/100\n|switch|p2a: Gina|Farigiraf, L50, F, shiny|100/100\n|switch|p2b: Washingtom|Rotom-Wash, L50, shiny|100/100\n|-weather|RainDance|[from] ability: Drizzle|[of] p1b: Pelipper\n|turn|1\n|\n|t:|1776634135\n|detailschange|p1a: Aggron|Aggron-Mega, L50, M\n|-mega|p1a: Aggron|Aggron|Aggronite\n|move|p1a: Aggron|Protect|p1a: Aggron\n|-singleturn|p1a: Aggron|Protect\n|move|p2b: Washingtom|Volt Switch|p1b: Pelipper\n|-supereffective|p1b: Pelipper|2\n|-enditem|p1b: Pelipper|Focus Sash\n|-damage|p1b: Pelipper|1/100\n|\n|t:|1776634140\n|switch|p2b: Razorblade|Garchomp, L50, M, shiny|100/100|[from] Volt Switch\n|move|p1b: Pelipper|Weather Ball|p2a: Gina\n|-damage|p2a: Gina|40/100\n|-enditem|p2a: Gina|Sitrus Berry|[eat]\n|-heal|p2a: Gina|64/100|[from] item: Sitrus Berry\n|move|p2a: Gina|Twin Beam|p1b: Pelipper\n|-damage|p1b: Pelipper|0 fnt\n|faint|p1b: Pelipper\n|-hitcount|p1: Pelipper|1\n|\n|-weather|RainDance|[upkeep]\n|upkeep\n|\n|t:|1776634148\n|switch|p1b: Basculegion|Basculegion, L50, M|100/100\n|turn|2\n|inactive|Demoledorsus has 30 seconds left.\n|\n|t:|1776634180\n|move|p2a: Gina|Protect|p2a: Gina\n|-singleturn|p2a: Gina|Protect\n|move|p1b: Basculegion|Flip Turn|p2a: Gina\n|-activate|p2a: Gina|move: Protect\n|move|p2b: Razorblade|Earthquake|p1b: Basculegion|[spread] p1a,p1b\n|-activate|p2a: Gina|move: Protect\n|-supereffective|p1a: Aggron|1\n|-damage|p1a: Aggron|75/100\n|-damage|p1b: Basculegion|40/100\n|move|p1a: Aggron|Heavy Slam|p2b: Razorblade\n|-damage|p2b: Razorblade|55/100\n|-damage|p1a: Aggron|62/100|[from] ability: Rough Skin|[of] p2b: Razorblade\n|\n|-weather|RainDance|[upkeep]\n|upkeep\n|turn|3\n|inactive|DashingSceptile has 30 seconds left.\n|\n|t:|1776634211\n|switch|p1a: Sinistcha|Sinistcha, L50, shiny|100/100\n|-heal|p1b: Basculegion|65/100|[from] ability: Hospitality|[of] p1a: Sinistcha\n|move|p1b: Basculegion|Wave Crash|p2a: Gina\n|-damage|p2a: Gina|0 fnt\n|faint|p2a: Gina\n|-damage|p1b: Basculegion|40/100|[from] Recoil\n|move|p2b: Razorblade|Stomping Tantrum|p1a: Sinistcha\n|-resisted|p1a: Sinistcha|1\n|-damage|p1a: Sinistcha|72/100\n|\n|-weather|RainDance|[upkeep]\n|-heal|p1a: Sinistcha|79/100|[from] item: Leftovers\n|upkeep\n|\n|t:|1776634224\n|switch|p2a: Elsa|Froslass, L50, F, shiny|100/100\n|turn|4\n|\n|t:|1776634244\n|detailschange|p2a: Elsa|Froslass-Mega, L50, F, shiny\n|-mega|p2a: Elsa|Froslass|Froslassite\n|-weather|Snowscape|[from] ability: Snow Warning|[of] p2a: Elsa\n|move|p2a: Elsa|Blizzard|p1a: Sinistcha|[spread] p1a,p1b\n|-supereffective|p1a: Sinistcha|1\n|-resisted|p1b: Basculegion|1\n|-damage|p1a: Sinistcha|0 fnt\n|-damage|p1b: Basculegion|16/100\n|faint|p1a: Sinistcha\n|move|p2b: Razorblade|Stomping Tantrum|p1b: Basculegion\n|-damage|p1b: Basculegion|0 fnt\n|faint|p1b: Basculegion\n|\n|-weather|Snowscape|[upkeep]\n|upkeep\n|\n|t:|1776634250\n|switch|p1b: Aggron|Aggron-Mega, L50, M|62/100\n|turn|5\n|\n|t:|1776634262\n|move|p2a: Elsa|Aurora Veil|p2a: Elsa\n|-sidestart|p2: DashingSceptile|move: Aurora Veil\n|move|p2b: Razorblade|Stomping Tantrum|p1b: Aggron\n|-supereffective|p1b: Aggron|1\n|-damage|p1b: Aggron|31/100\n|move|p1b: Aggron|Heavy Slam|p2a: Elsa\n|-supereffective|p2a: Elsa|1\n|-damage|p2a: Elsa|28/100\n|\n|-weather|Snowscape|[upkeep]\n|upkeep\n|turn|6\n|\n|t:|1776634272\n|move|p2a: Elsa|Shadow Ball|p1b: Aggron\n|-crit|p1b: Aggron\n|-damage|p1b: Aggron|0 fnt\n|faint|p1b: Aggron\n|\n|win|DashingSceptile\n|raw|Demoledorsus's rating: 1170 &rarr; <strong>1152</strong><br />(-18 for losing)\n|raw|DashingSceptile's rating: 1268 &rarr; <strong>1286</strong><br />(+18 for winning)\n|l|\u2606Demoledorsus\n|player|p1|\n|l|\u2606DashingSceptile\n|player|p2|\n|j|\u2606DashingSceptile\n|player|p2|DashingSceptile|kieran-champion|\n",
  "uploadtime": 1776634283,
  "views": 16,
  "formatid": "gen9championsvgc2026regma",
  "rating": 1152,
  "private": 0,
  "password": null
}