{
  "id": "gen9championsvgc2026regma-2586512028",
  "format": "[Gen 9 Champions] VGC 2026 Reg M-A",
  "players": [
    "McCoop",
    "MegaAuraMaxxing"
  ],
  "log": "|j|\u2606McCoop\n|j|\u2606MegaAuraMaxxing\n|t:|1776439739\n|gametype|doubles\n|player|p1|McCoop|265|1092\n|player|p2|MegaAuraMaxxing|red|1040\n|gen|9\n|tier|[Gen 9 Champions] VGC 2026 Reg M-A\n|rated|\n|rule|Species Clause: Limit one of each Pok\u00e9mon\n|rule|Item Clause: Limit 1 of each item\n|clearpoke\n|poke|p1|Sableye, L50, F|\n|poke|p1|Liepard, L50, F|\n|poke|p1|Tinkaton, L50, F|\n|poke|p1|Slowbro-Galar, L50, F|\n|poke|p1|Hawlucha, L50, M|\n|poke|p1|Aerodactyl, L50, M|\n|poke|p2|Gengar, L50, M|\n|poke|p2|Lucario, L50, M|\n|poke|p2|Tyranitar, L50, M|\n|poke|p2|Rotom-Wash, L50|\n|poke|p2|Corviknight, L50, F|\n|poke|p2|Clefable, L50, F|\n|teampreview|4\n|inactive|Battle timer is ON: inactive players will automatically lose when time's up. (requested by MegaAuraMaxxing)\n|inactive|McCoop has 60 seconds left.\n|\n|t:|1776439838\n|teamsize|p1|4\n|teamsize|p2|4\n|start\n|switch|p1a: Hawlucha|Hawlucha, L50, M|100/100\n|switch|p1b: Liepard|Liepard, L50, F|100/100\n|switch|p2a: Gengar|Gengar, L50, M|100/100\n|switch|p2b: Rotom|Rotom-Wash, L50|100/100\n|turn|1\n|\n|t:|1776439862\n|move|p1b: Liepard|Swagger|p1a: Hawlucha\n|-boost|p1a: Hawlucha|atk|2\n|-start|p1a: Hawlucha|confusion\n|-enditem|p1a: Hawlucha|Lum Berry|[eat]\n|-end|p1a: Hawlucha|confusion\n|move|p1a: Hawlucha|Flying Press|p2a: Gengar\n|-immune|p2a: Gengar\n|move|p2b: Rotom|Thunderbolt|p1b: Liepard\n|-enditem|p1b: Liepard|Focus Sash\n|-damage|p1b: Liepard|1/100\n|-status|p1b: Liepard|par\n|move|p2a: Gengar|Sludge Bomb|p1b: Liepard\n|-damage|p1b: Liepard|0 fnt\n|faint|p1b: Liepard\n|\n|upkeep\n|\n|t:|1776439884\n|switch|p1b: Aerodactyl|Aerodactyl, L50, M|100/100\n|-ability|p1b: Aerodactyl|Unnerve\n|turn|2\n|\n|t:|1776439905\n|detailschange|p1b: Aerodactyl|Aerodactyl-Mega, L50, M\n|-mega|p1b: Aerodactyl|Aerodactyl|Aerodactylite\n|detailschange|p2a: Gengar|Gengar-Mega, L50, M\n|-mega|p2a: Gengar|Gengar|Gengarite\n|move|p1a: Hawlucha|Flying Press|p2b: Rotom\n|-resisted|p2b: Rotom|1\n|-damage|p2b: Rotom|47/100\n|move|p1b: Aerodactyl|Rock Slide|p2b: Rotom|[spread] p2a,p2b\n|-crit|p2a: Gengar\n|-damage|p2a: Gengar|34/100\n|-damage|p2b: Rotom|6/100\n|move|p2b: Rotom|Thunderbolt|p1b: Aerodactyl\n|-supereffective|p1b: Aerodactyl|1\n|-damage|p1b: Aerodactyl|0 fnt\n|faint|p1b: Aerodactyl\n|move|p2a: Gengar|Shadow Ball|p1a: Hawlucha\n|-damage|p1a: Hawlucha|19/100\n|\n|upkeep\n|\n|t:|1776439917\n|switch|p1b: Sableye|Sableye, L50, F|100/100\n|turn|3\n|\n|t:|1776439935\n|switch|p2b: Corviknight|Corviknight, L50, F|100/100\n|move|p1b: Sableye|Encore||[still]\n|-fail|p1b: Sableye\n|move|p1a: Hawlucha|Acrobatics|p2a: Gengar\n|-damage|p2a: Gengar|0 fnt\n|faint|p2a: Gengar\n|\n|upkeep\n|\n|t:|1776439943\n|switch|p2a: Clefable|Clefable, L50, F|100/100\n|turn|4\n|\n|t:|1776439953\n|move|p2a: Clefable|Follow Me|p2a: Clefable\n|-singleturn|p2a: Clefable|move: Follow Me\n|move|p1b: Sableye|Swagger|p2a: Clefable\n|-boost|p2a: Clefable|atk|2\n|-start|p2a: Clefable|confusion\n|move|p1a: Hawlucha|Poison Jab|p2a: Clefable\n|-supereffective|p2a: Clefable|1\n|-damage|p2a: Clefable|63/100\n|move|p2b: Corviknight|Brave Bird|p1a: Hawlucha\n|-supereffective|p1a: Hawlucha|1\n|-damage|p1a: Hawlucha|0 fnt\n|faint|p1a: Hawlucha\n|-damage|p2b: Corviknight|95/100|[from] Recoil\n|\n|-heal|p2b: Corviknight|100/100|[from] item: Leftovers\n|upkeep\n|turn|5\n|\n|t:|1776439967\n|move|p1b: Sableye|Swagger|p2b: Corviknight\n|-boost|p2b: Corviknight|atk|2\n|-start|p2b: Corviknight|confusion\n|-activate|p2b: Corviknight|confusion\n|-damage|p2b: Corviknight|83/100|[from] confusion\n|-activate|p2a: Clefable|confusion\n|move|p2a: Clefable|Moonblast|p1b: Sableye\n|-supereffective|p1b: Sableye|1\n|-damage|p1b: Sableye|0 fnt\n|faint|p1b: Sableye\n|\n|win|MegaAuraMaxxing\n|raw|McCoop's rating: 1092 &rarr; <strong>1065</strong><br />(-27 for losing)\n|raw|MegaAuraMaxxing's rating: 1040 &rarr; <strong>1079</strong><br />(+39 for winning)\n|l|\u2606McCoop\n|player|p1|\n",
  "uploadtime": 1776439973,
  "views": 16,
  "formatid": "gen9championsvgc2026regma",
  "rating": 1065,
  "private": 0,
  "password": null
}