{
  "id": "gen9championsvgc2026regma-2587347588",
  "format": "[Gen 9 Champions] VGC 2026 Reg M-A",
  "players": [
    "PinkScourge",
    "galargiant"
  ],
  "log": "|j|\u2606PinkScourge\n|j|\u2606galargiant\n|t:|1776524150\n|gametype|doubles\n|player|p1|PinkScourge|ortega|1218\n|player|p2|galargiant|101|1245\n|gen|9\n|tier|[Gen 9 Champions] VGC 2026 Reg M-A\n|rated|\n|rule|Species Clause: Limit one of each Pok\u00e9mon\n|rule|Item Clause: Limit 1 of each item\n|clearpoke\n|poke|p1|Meganium, L50, M|\n|poke|p1|Lycanroc, L50, M|\n|poke|p1|Tyranitar, L50, M|\n|poke|p1|Sinistcha, L50|\n|poke|p1|Sneasler, L50, F|\n|poke|p1|Kingambit, L50, M|\n|poke|p2|Glimmora, L50, F, shiny|\n|poke|p2|Corviknight, L50, M|\n|poke|p2|Ninetales-Alola, L50, M|\n|poke|p2|Garchomp, L50, M|\n|poke|p2|Volcarona, L50, F|\n|poke|p2|Gyarados, L50, M|\n|teampreview|4\n|inactive|Battle timer is ON: inactive players will automatically lose when time's up. (requested by PinkScourge)\n|inactive|galargiant has 60 seconds left.\n|\n|t:|1776524188\n|teamsize|p1|4\n|teamsize|p2|4\n|start\n|switch|p1a: Meganium|Meganium, L50, M|100/100\n|switch|p1b: Sneasler|Sneasler, L50, F|100/100\n|switch|p2a: Volcarona|Volcarona, L50, F|100/100\n|switch|p2b: Garchomp|Garchomp, L50, M|100/100\n|turn|1\n|\n|t:|1776524211\n|switch|p2b: Glimmora|Glimmora, L50, F, shiny|100/100\n|detailschange|p1a: Meganium|Meganium-Mega, L50, M\n|-mega|p1a: Meganium|Meganium|Meganiumite\n|move|p1b: Sneasler|Fake Out|p2a: Volcarona\n|-damage|p2a: Volcarona|80/100\n|cant|p2a: Volcarona|flinch\n|move|p1a: Meganium|Dazzling Gleam|p2a: Volcarona|[spread] p2a,p2b\n|-resisted|p2a: Volcarona|1\n|-resisted|p2b: Glimmora|1\n|-damage|p2a: Volcarona|64/100\n|-damage|p2b: Glimmora|78/100\n|\n|upkeep\n|turn|2\n|\n|t:|1776524232\n|switch|p1b: Tyranitar|Tyranitar, L50, M|100/100\n|-weather|Sandstorm|[from] ability: Sand Stream|[of] p1b: Tyranitar\n|detailschange|p2b: Glimmora|Glimmora-Mega, L50, F, shiny\n|-mega|p2b: Glimmora|Glimmora|Glimmoranite\n|move|p1a: Meganium|Protect|p1a: Meganium\n|-singleturn|p1a: Meganium|Protect\n|move|p2b: Glimmora|Sludge Bomb|p1a: Meganium\n|-activate|p1a: Meganium|move: Protect\n|move|p2a: Volcarona|Quiver Dance|p2a: Volcarona\n|-boost|p2a: Volcarona|spa|1\n|-boost|p2a: Volcarona|spd|1\n|-boost|p2a: Volcarona|spe|1\n|\n|-weather|Sandstorm|[upkeep]\n|-damage|p2a: Volcarona|58/100|[from] Sandstorm\n|-damage|p1a: Meganium|95/100|[from] Sandstorm\n|upkeep\n|turn|3\n|\n|t:|1776524256\n|switch|p1a: Sneasler|Sneasler, L50, F|100/100\n|move|p2a: Volcarona|Giga Drain|p1b: Tyranitar\n|-supereffective|p1b: Tyranitar|1\n|-damage|p1b: Tyranitar|44/100\n|-heal|p2a: Volcarona|85/100|[from] drain|[of] p1b: Tyranitar\n|move|p1b: Tyranitar|Rock Slide|p2a: Volcarona|[spread] p2a,p2b\n|-supereffective|p2a: Volcarona|2\n|-damage|p2a: Volcarona|0 fnt\n|-damage|p2b: Glimmora|47/100\n|faint|p2a: Volcarona\n|move|p2b: Glimmora|Earth Power|p1b: Tyranitar\n|-supereffective|p1b: Tyranitar|1\n|-damage|p1b: Tyranitar|0 fnt\n|faint|p1b: Tyranitar\n|\n|-weather|Sandstorm|[upkeep]\n|-damage|p1a: Sneasler|95/100|[from] Sandstorm\n|upkeep\n|\n|t:|1776524280\n|switch|p2a: Corviknight|Corviknight, L50, M|100/100\n|switch|p1b: Meganium|Meganium-Mega, L50, M|95/100\n|turn|4\n|\n|t:|1776524297\n|move|p2b: Glimmora|Spiky Shield|p2b: Glimmora\n|-singleturn|p2b: Glimmora|move: Protect\n|move|p1a: Sneasler|Fake Out|p2b: Glimmora\n|-activate|p2b: Glimmora|move: Protect\n|-damage|p1a: Sneasler|83/100|[from] Spiky Shield|[of] p2b: Glimmora\n|move|p1b: Meganium|Solar Beam||[still]\n|-prepare|p1b: Meganium|Solar Beam\n|-activate|p1b: Meganium|ability: Mega Sol\n|-anim|p1b: Meganium|Solar Beam|p2b: Glimmora\n|-activate|p2b: Glimmora|move: Protect\n|move|p2a: Corviknight|Iron Defense|p2a: Corviknight\n|-boost|p2a: Corviknight|def|2\n|\n|-weather|Sandstorm|[upkeep]\n|-damage|p1a: Sneasler|77/100|[from] Sandstorm\n|-damage|p1b: Meganium|89/100|[from] Sandstorm\n|upkeep\n|turn|5\n|\n|t:|1776524318\n|move|p1a: Sneasler|Close Combat|p2b: Glimmora\n|-damage|p2b: Glimmora|0 fnt\n|-unboost|p1a: Sneasler|def|1\n|-unboost|p1a: Sneasler|spd|1\n|faint|p2b: Glimmora\n|-enditem|p1a: Sneasler|White Herb\n|-clearnegativeboost|p1a: Sneasler|[silent]\n|move|p1b: Meganium|Weather Ball|p2a: Corviknight\n|-supereffective|p2a: Corviknight|1\n|-enditem|p2a: Corviknight|Occa Berry|[eat]\n|-enditem|p2a: Corviknight|Occa Berry|[weaken]\n|-damage|p2a: Corviknight|56/100\n|move|p2a: Corviknight|Brave Bird|p1a: Sneasler\n|-supereffective|p1a: Sneasler|1\n|-damage|p1a: Sneasler|0 fnt\n|faint|p1a: Sneasler\n|-damage|p2a: Corviknight|37/100|[from] Recoil\n|\n|-weather|Sandstorm|[upkeep]\n|-damage|p1b: Meganium|83/100|[from] Sandstorm\n|upkeep\n|\n|t:|1776524330\n|switch|p1a: Sinistcha|Sinistcha, L50|100/100\n|switch|p2b: Garchomp|Garchomp, L50, M|100/100\n|-heal|p1b: Meganium|100/100|[from] ability: Hospitality|[of] p1a: Sinistcha\n|turn|6\n|\n|t:|1776524346\n|move|p2b: Garchomp|Rock Slide|p1b: Meganium|[spread] p1a,p1b\n|-damage|p1a: Sinistcha|80/100\n|-damage|p1b: Meganium|82/100\n|cant|p1b: Meganium|flinch\n|move|p2a: Corviknight|Roost|p2a: Corviknight\n|-heal|p2a: Corviknight|87/100\n|-singleturn|p2a: Corviknight|move: Roost\n|cant|p1a: Sinistcha|flinch\n|\n|-weather|none\n|upkeep\n|turn|7\n|\n|t:|1776524359\n|move|p2b: Garchomp|Rock Slide|p1a: Sinistcha|[spread] p1a,p1b\n|-damage|p1a: Sinistcha|60/100\n|-damage|p1b: Meganium|62/100\n|cant|p1b: Meganium|flinch\n|move|p2a: Corviknight|Brave Bird|p1b: Meganium\n|-supereffective|p1b: Meganium|1\n|-damage|p1b: Meganium|0 fnt\n|faint|p1b: Meganium\n|-damage|p2a: Corviknight|68/100|[from] Recoil\n|move|p1a: Sinistcha|Matcha Gotcha|p2b: Garchomp|[spread] p2a,p2b\n|-resisted|p2a: Corviknight|2\n|-damage|p2a: Corviknight|64/100\n|-heal|p1a: Sinistcha|62/100|[from] drain|[of] p2a: Corviknight\n|-damage|p2b: Garchomp|75/100\n|-heal|p1a: Sinistcha|76/100|[from] drain|[of] p2b: Garchomp\n|\n|upkeep\n|turn|8\n|c|\u2606PinkScourge|Go dambit\n|c|\u2606PinkScourge|GG\n|-message|PinkScourge forfeited.\n|\n|win|galargiant\n|raw|PinkScourge's rating: 1218 &rarr; <strong>1195</strong><br />(-23 for losing)\n|raw|galargiant's rating: 1245 &rarr; <strong>1268</strong><br />(+23 for winning)\n|l|\u2606PinkScourge\n|player|p1|\n",
  "uploadtime": 1776524387,
  "views": 31,
  "formatid": "gen9championsvgc2026regma",
  "rating": 1195,
  "private": 0,
  "password": null
}