{
  "id": "gen9championsvgc2026regma-2584283019",
  "format": "[Gen 9 Champions] VGC 2026 Reg M-A",
  "players": [
    "Gab712",
    "DawnMirror"
  ],
  "log": "|j|\u2606Gab712\n|j|\u2606DawnMirror\n|t:|1776246874\n|gametype|doubles\n|player|p1|Gab712|169|1040\n|player|p2|DawnMirror|clown|1004\n|gen|9\n|tier|[Gen 9 Champions] VGC 2026 Reg M-A\n|rated|\n|rule|Species Clause: Limit one of each Pok\u00e9mon\n|rule|Item Clause: Limit 1 of each item\n|clearpoke\n|poke|p1|Armarouge, L50, F|\n|poke|p1|Hatterene, L50, F|\n|poke|p1|Primarina, L50, M|\n|poke|p1|Whimsicott, L50, M|\n|poke|p1|Froslass, L50, F|\n|poke|p1|Sneasler, L50, M|\n|poke|p2|Skarmory, L50, M|\n|poke|p2|Raichu, L50, M|\n|poke|p2|Tauros-Paldea-Aqua, L50, M|\n|poke|p2|Hydreigon, L50, M|\n|poke|p2|Aegislash, L50, F|\n|poke|p2|Basculegion, L50, M|\n|teampreview|4\n|\n|t:|1776246940\n|teamsize|p1|4\n|teamsize|p2|4\n|start\n|switch|p1a: Froslass|Froslass, L50, F|100/100\n|switch|p1b: Whimsicott|Whimsicott, L50, M|100/100\n|switch|p2a: Skarmory|Skarmory, L50, M|100/100\n|switch|p2b: Raichu|Raichu, L50, M|100/100\n|turn|1\n|inactive|Battle timer is ON: inactive players will automatically lose when time's up. (requested by Gab712)\n|\n|t:|1776247027\n|detailschange|p1a: Froslass|Froslass-Mega, L50, F\n|-mega|p1a: Froslass|Froslass|Froslassite\n|-weather|Snowscape|[from] ability: Snow Warning|[of] p1a: Froslass\n|detailschange|p2a: Skarmory|Skarmory-Mega, L50, M\n|-mega|p2a: Skarmory|Skarmory|Skarmorite\n|move|p2b: Raichu|Fake Out|p1b: Whimsicott\n|-damage|p1b: Whimsicott|89/100\n|cant|p1b: Whimsicott|flinch\n|move|p1a: Froslass|Aurora Veil|p1a: Froslass\n|-sidestart|p1: Gab712|move: Aurora Veil\n|move|p2a: Skarmory|Iron Head|p1a: Froslass\n|-supereffective|p1a: Froslass|1\n|-damage|p1a: Froslass|39/100\n|\n|-weather|Snowscape|[upkeep]\n|upkeep\n|turn|2\n|inactive|DawnMirror has 30 seconds left.\n|inactive|Gab712 has 30 seconds left.\n|\n|t:|1776247063\n|move|p1a: Froslass|Protect|p1a: Froslass\n|-singleturn|p1a: Froslass|Protect\n|move|p1b: Whimsicott|Encore|p2b: Raichu\n|-start|p2b: Raichu|Encore\n|move|p2b: Raichu|Fake Out||[still]\n|-hint|Fake Out only works on your first turn out.\n|-fail|p2b: Raichu\n|move|p2a: Skarmory|Iron Head|p1a: Froslass\n|-activate|p1a: Froslass|move: Protect\n|\n|-weather|Snowscape|[upkeep]\n|upkeep\n|turn|3\n|\n|t:|1776247084\n|switch|p1a: Armarouge|Armarouge, L50, F|100/100\n|switch|p2b: Aegislash|Aegislash, L50, F|100/100\n|move|p2a: Skarmory|Protect|p2a: Skarmory\n|-singleturn|p2a: Skarmory|Protect\n|move|p1b: Whimsicott|Tailwind|p1b: Whimsicott\n|-sidestart|p1: Gab712|move: Tailwind\n|\n|-weather|Snowscape|[upkeep]\n|upkeep\n|turn|4\n|inactive|Gab712 has 30 seconds left.\n|inactive|DawnMirror has 30 seconds left.\n|inactive|Gab712 has 20 seconds left.\n|inactive|DawnMirror has 20 seconds left.\n|inactive|Gab712 has 15 seconds left.\n|inactive|DawnMirror has 15 seconds left.\n|inactive|DawnMirror has 10 seconds left.\n|\n|t:|1776247133\n|switch|p1b: Froslass|Froslass-Mega, L50, F|39/100\n|switch|p2a: Hydreigon|Hydreigon, L50, M|100/100\n|move|p2b: Aegislash|King's Shield|p2b: Aegislash\n|-singleturn|p2b: Aegislash|Protect\n|move|p1a: Armarouge|Armor Cannon|p2a: Hydreigon\n|-resisted|p2a: Hydreigon|1\n|-damage|p2a: Hydreigon|63/100\n|-unboost|p1a: Armarouge|def|1\n|-unboost|p1a: Armarouge|spd|1\n|-enditem|p1a: Armarouge|White Herb\n|-clearnegativeboost|p1a: Armarouge|[silent]\n|\n|-weather|Snowscape|[upkeep]\n|upkeep\n|turn|5\n|inactive|DawnMirror has 30 seconds left.\n|inactive|DawnMirror has 20 seconds left.\n|inactive|DawnMirror has 15 seconds left.\n|\n|t:|1776247176\n|move|p2b: Aegislash|Wide Guard|p2b: Aegislash\n|-singleturn|p2b: Aegislash|Wide Guard\n|move|p1b: Froslass|Blizzard|p2b: Aegislash|[spread] \n|-activate|p2a: Hydreigon|move: Wide Guard\n|-activate|p2b: Aegislash|move: Wide Guard\n|move|p1a: Armarouge|Armor Cannon|p2b: Aegislash\n|-supereffective|p2b: Aegislash|1\n|-damage|p2b: Aegislash|18/100\n|-unboost|p1a: Armarouge|def|1\n|-unboost|p1a: Armarouge|spd|1\n|move|p2a: Hydreigon|Dark Pulse|p1b: Froslass\n|-supereffective|p1b: Froslass|1\n|-damage|p1b: Froslass|0 fnt\n|faint|p1b: Froslass\n|\n|-weather|none\n|-sideend|p1: Gab712|move: Aurora Veil\n|upkeep\n|\n|t:|1776247194\n|switch|p1b: Whimsicott|Whimsicott, L50, M|89/100\n|turn|6\n|\n|t:|1776247218\n|move|p2a: Hydreigon|Protect|p2a: Hydreigon\n|-singleturn|p2a: Hydreigon|Protect\n|move|p2b: Aegislash|King's Shield||[still]\n|-fail|p2b: Aegislash\n|move|p1b: Whimsicott|Moonblast|p2a: Hydreigon\n|-activate|p2a: Hydreigon|move: Protect\n|move|p1a: Armarouge|Armor Cannon|p2a: Hydreigon\n|-activate|p2a: Hydreigon|move: Protect\n|\n|-sideend|p1: Gab712|move: Tailwind\n|upkeep\n|turn|7\n|inactive|Gab712 has 30 seconds left.\n|inactive|DawnMirror has 30 seconds left.\n|inactive|Gab712 has 20 seconds left.\n|inactive|Gab712 has 15 seconds left.\n|\n|t:|1776247261\n|move|p1b: Whimsicott|Tailwind|p1b: Whimsicott\n|-sidestart|p1: Gab712|move: Tailwind\n|move|p1a: Armarouge|Armor Cannon|p2b: Aegislash\n|-supereffective|p2b: Aegislash|1\n|-damage|p2b: Aegislash|0 fnt\n|-unboost|p1a: Armarouge|def|1\n|-unboost|p1a: Armarouge|spd|1\n|faint|p2b: Aegislash\n|move|p2a: Hydreigon|Earth Power|p1a: Armarouge\n|-supereffective|p1a: Armarouge|1\n|-damage|p1a: Armarouge|0 fnt\n|faint|p1a: Armarouge\n|\n|upkeep\n|\n|t:|1776247275\n|switch|p1a: Hatterene|Hatterene, L50, F|100/100\n|switch|p2b: Skarmory|Skarmory-Mega, L50, M|100/100\n|turn|8\n|inactive|DawnMirror has 30 seconds left.\n|\n|t:|1776247303\n|move|p1b: Whimsicott|Helping Hand|p1a: Hatterene\n|-singleturn|p1a: Hatterene|Helping Hand|[of] p1b: Whimsicott\n|move|p2a: Hydreigon|Protect|p2a: Hydreigon\n|-singleturn|p2a: Hydreigon|Protect\n|move|p2b: Skarmory|Iron Head|p1a: Hatterene\n|-supereffective|p1a: Hatterene|1\n|-damage|p1a: Hatterene|0 fnt\n|faint|p1a: Hatterene\n|\n|upkeep\n|turn|9\n|\n|t:|1776247321\n|switch|p2a: Raichu|Raichu, L50, M|100/100\n|move|p1b: Whimsicott|Moonblast|p2a: Raichu\n|-damage|p2a: Raichu|64/100\n|move|p2b: Skarmory|Brave Bird|p1b: Whimsicott\n|-supereffective|p1b: Whimsicott|1\n|-damage|p1b: Whimsicott|0 fnt\n|faint|p1b: Whimsicott\n|-damage|p2b: Skarmory|68/100|[from] Recoil\n|\n|win|DawnMirror\n|raw|Gab712's rating: 1040 &rarr; <strong>1022</strong><br />(-18 for losing)\n|raw|DawnMirror's rating: 1004 &rarr; <strong>1047</strong><br />(+43 for winning)\n|l|\u2606Gab712\n|player|p1|\n|c|\u2606DawnMirror|gg\n",
  "uploadtime": 1776247333,
  "views": 22,
  "formatid": "gen9championsvgc2026regma",
  "rating": 1022,
  "private": 0,
  "password": null
}