{
  "id": "gen9championsvgc2026regma-2583639281",
  "format": "[Gen 9 Champions] VGC 2026 Reg M-A",
  "players": [
    "ereinya",
    "retrojp"
  ],
  "log": "|j|\u2606ereinya\n|j|\u2606retrojp\n|t:|1776188111\n|gametype|doubles\n|player|p1|ereinya|juggler|1080\n|player|p2|retrojp|101|1075\n|gen|9\n|tier|[Gen 9 Champions] VGC 2026 Reg M-A\n|rated|\n|rule|Species Clause: Limit one of each Pok\u00e9mon\n|rule|Item Clause: Limit 1 of each item\n|clearpoke\n|poke|p1|Charizard, L50, M|\n|poke|p1|Maushold-Four, L50|\n|poke|p1|Sneasler, L50, F|\n|poke|p1|Kingambit, L50, F|\n|poke|p1|Garchomp, L50, M|\n|poke|p1|Dragapult, L50, M|\n|poke|p2|Tyranitar, L50, F|\n|poke|p2|Corviknight, L50, M|\n|poke|p2|Primarina, L50, F|\n|poke|p2|Incineroar, L50, M|\n|poke|p2|Excadrill, L50, F|\n|poke|p2|Sinistcha, L50|\n|teampreview|4\n|\n|t:|1776188140\n|teamsize|p1|4\n|teamsize|p2|4\n|start\n|switch|p1a: Kingambit|Kingambit, L50, F|100/100\n|switch|p1b: Sneasler|Sneasler, L50, F, shiny|100/100\n|switch|p2a: Tyranitar|Tyranitar, L50, F|100/100\n|switch|p2b: Corviknight|Corviknight, L50, M|100/100\n|-weather|Sandstorm|[from] ability: Sand Stream|[of] p2a: Tyranitar\n|turn|1\n|inactive|Battle timer is ON: inactive players will automatically lose when time's up. (requested by ereinya)\n|inactive|ereinya has 60 seconds left.\n|\n|t:|1776188176\n|move|p2a: Tyranitar|Protect|p2a: Tyranitar\n|-singleturn|p2a: Tyranitar|Protect\n|move|p1b: Sneasler|Fake Out|p2b: Corviknight\n|-resisted|p2b: Corviknight|1\n|-damage|p2b: Corviknight|96/100\n|cant|p2b: Corviknight|flinch\n|move|p1a: Kingambit|Iron Head|p2a: Tyranitar\n|-activate|p2a: Tyranitar|move: Protect\n|\n|-weather|Sandstorm|[upkeep]\n|-damage|p1b: Sneasler|95/100|[from] Sandstorm\n|-heal|p2b: Corviknight|100/100|[from] item: Leftovers\n|upkeep\n|turn|2\n|inactive|ereinya has 30 seconds left.\n|inactive|retrojp has 30 seconds left.\n|inactive|ereinya has 20 seconds left.\n|inactive|ereinya has 15 seconds left.\n|inactive|ereinya has 10 seconds left.\n|\n|t:|1776188225\n|move|p1b: Sneasler|Close Combat|p2a: Tyranitar\n|-supereffective|p2a: Tyranitar|2\n|-damage|p2a: Tyranitar|0 fnt\n|-unboost|p1b: Sneasler|def|1\n|-unboost|p1b: Sneasler|spd|1\n|faint|p2a: Tyranitar\n|move|p2b: Corviknight|Tailwind|p2b: Corviknight\n|-sidestart|p2: retrojp|move: Tailwind\n|move|p1a: Kingambit|Kowtow Cleave|p2b: Corviknight\n|-damage|p2b: Corviknight|57/100\n|\n|-weather|Sandstorm|[upkeep]\n|-damage|p1b: Sneasler|89/100|[from] Sandstorm\n|-heal|p2b: Corviknight|62/100|[from] item: Leftovers\n|upkeep\n|\n|t:|1776188240\n|switch|p2a: Excadrill|Excadrill, L50, F|100/100\n|turn|3\n|\n|t:|1776188255\n|switch|p1b: Maushold|Maushold-Four, L50|100/100\n|move|p1a: Kingambit|Protect|p1a: Kingambit\n|-singleturn|p1a: Kingambit|Protect\n|move|p2a: Excadrill|Earthquake|p1b: Maushold|[spread] p1b\n|-activate|p1a: Kingambit|move: Protect\n|-immune|p2b: Corviknight\n|-damage|p1b: Maushold|47/100\n|move|p2b: Corviknight|Brave Bird|p1b: Maushold\n|-damage|p1b: Maushold|0 fnt\n|faint|p1b: Maushold\n|-damage|p2b: Corviknight|49/100|[from] Recoil\n|\n|-weather|Sandstorm|[upkeep]\n|-heal|p2b: Corviknight|55/100|[from] item: Leftovers\n|upkeep\n|\n|t:|1776188274\n|switch|p1b: Sneasler|Sneasler, L50, F, shiny|89/100\n|turn|4\n|\n|t:|1776188299\n|move|p2a: Excadrill|Protect|p2a: Excadrill\n|-singleturn|p2a: Excadrill|Protect\n|move|p1b: Sneasler|Close Combat|p2a: Excadrill\n|-activate|p2a: Excadrill|move: Protect\n|move|p2b: Corviknight|Body Press|p1a: Kingambit\n|-supereffective|p1a: Kingambit|2\n|-damage|p1a: Kingambit|32/100\n|move|p1a: Kingambit|Kowtow Cleave|p2b: Corviknight\n|-damage|p2b: Corviknight|13/100\n|\n|-weather|Sandstorm|[upkeep]\n|-damage|p1b: Sneasler|83/100|[from] Sandstorm\n|-heal|p2b: Corviknight|19/100|[from] item: Leftovers\n|upkeep\n|turn|5\n|\n|t:|1776188324\n|move|p1a: Kingambit|Sucker Punch|p2b: Corviknight\n|-damage|p2b: Corviknight|0 fnt\n|faint|p2b: Corviknight\n|move|p2a: Excadrill|Earthquake|p1a: Kingambit|[spread] p1a,p1b\n|-supereffective|p1a: Kingambit|1\n|-supereffective|p1b: Sneasler|1\n|-damage|p1a: Kingambit|0 fnt\n|-damage|p1b: Sneasler|0 fnt\n|faint|p1a: Kingambit\n|faint|p1b: Sneasler\n|\n|-weather|none\n|-sideend|p2: retrojp|move: Tailwind\n|upkeep\n|inactive|ereinya has 30 seconds left.\n|inactive|ereinya has 20 seconds left.\n|inactive|ereinya has 15 seconds left.\n|inactive|ereinya has 10 seconds left.\n|inactive|ereinya has 5 seconds left.\n|\n|t:|1776188379\n|switch|p2b: Incineroar|Incineroar, L50, M|100/100\n|switch|p1a: Charizard|Charizard, L50, M|100/100\n|-ability|p2b: Incineroar|Intimidate|boost\n|-unboost|p1a: Charizard|atk|1\n|turn|6\n|\n|t:|1776188393\n|move|p2b: Incineroar|Fake Out|p1a: Charizard\n|-damage|p1a: Charizard|87/100\n|move|p2a: Excadrill|Iron Head|p1a: Charizard\n|-resisted|p1a: Charizard|1\n|-damage|p1a: Charizard|60/100\n|cant|p1a: Charizard|flinch\n|\n|upkeep\n|turn|7\n|\n|t:|1776188407\n|detailschange|p1a: Charizard|Charizard-Mega-Y, L50, M\n|-mega|p1a: Charizard|Charizard|Charizardite Y\n|-weather|SunnyDay|[from] ability: Drought|[of] p1a: Charizard\n|move|p1a: Charizard|Protect|p1a: Charizard\n|-singleturn|p1a: Charizard|Protect\n|move|p2a: Excadrill|Iron Head|p1a: Charizard\n|-activate|p1a: Charizard|move: Protect\n|move|p2b: Incineroar|Parting Shot|p1a: Charizard\n|-activate|p1a: Charizard|move: Protect\n|\n|-weather|SunnyDay|[upkeep]\n|upkeep\n|turn|8\n|\n|t:|1776188422\n|move|p2a: Excadrill|Protect|p2a: Excadrill\n|-singleturn|p2a: Excadrill|Protect\n|move|p1a: Charizard|Heat Wave|p2b: Incineroar|[spread] p2b\n|-activate|p2a: Excadrill|move: Protect\n|-resisted|p2b: Incineroar|1\n|-damage|p2b: Incineroar|69/100\n|move|p2b: Incineroar|Parting Shot|p1a: Charizard\n|-unboost|p1a: Charizard|atk|1\n|-unboost|p1a: Charizard|spa|1\n|\n|-weather|SunnyDay|[upkeep]\n|upkeep\n|turn|9\n|\n|t:|1776188438\n|move|p2a: Excadrill|Iron Head|p1a: Charizard\n|-resisted|p1a: Charizard|1\n|-damage|p1a: Charizard|34/100\n|move|p1a: Charizard|Heat Wave|p2a: Excadrill|[spread] p2a,p2b\n|-supereffective|p2a: Excadrill|1\n|-crit|p2a: Excadrill\n|-resisted|p2b: Incineroar|1\n|-enditem|p2a: Excadrill|Focus Sash\n|-damage|p2a: Excadrill|1/100\n|-damage|p2b: Incineroar|47/100\n|move|p2b: Incineroar|Parting Shot|p1a: Charizard\n|-unboost|p1a: Charizard|atk|1\n|-unboost|p1a: Charizard|spa|1\n|\n|-weather|SunnyDay|[upkeep]\n|upkeep\n|turn|10\n|\n|t:|1776188454\n|move|p2a: Excadrill|Iron Head|p1a: Charizard\n|-resisted|p1a: Charizard|1\n|-damage|p1a: Charizard|8/100\n|cant|p1a: Charizard|flinch\n|move|p2b: Incineroar|Darkest Lariat|p1a: Charizard\n|-crit|p1a: Charizard\n|-damage|p1a: Charizard|0 fnt\n|faint|p1a: Charizard\n|\n|win|retrojp\n|raw|ereinya's rating: 1080 &rarr; <strong>1058</strong><br />(-22 for losing)\n|raw|retrojp's rating: 1075 &rarr; <strong>1104</strong><br />(+29 for winning)\n|c|\u2606retrojp|Gg\n",
  "uploadtime": 1776188472,
  "views": 17,
  "formatid": "gen9championsvgc2026regma",
  "rating": 1058,
  "private": 0,
  "password": null
}