{
  "id": "gen9championsvgc2026regma-2585765394",
  "format": "[Gen 9 Champions] VGC 2026 Reg M-A",
  "players": [
    "ant on rice",
    "skywalkingchris"
  ],
  "log": "|j|\u2606ant on rice\n|j|\u2606skywalkingchris\n|t:|1776369051\n|gametype|doubles\n|player|p1|ant on rice|lusamine-nihilego|1087\n|player|p2|skywalkingchris|1|1123\n|gen|9\n|tier|[Gen 9 Champions] VGC 2026 Reg M-A\n|rated|\n|rule|Species Clause: Limit one of each Pok\u00e9mon\n|rule|Item Clause: Limit 1 of each item\n|clearpoke\n|poke|p1|Bellibolt, L50, F|\n|poke|p1|Garchomp, L50, F|\n|poke|p1|Primarina, L50, F|\n|poke|p1|Glimmora, L50, M|\n|poke|p1|Aggron, L50, F|\n|poke|p1|Sneasler, L50, M|\n|poke|p2|Garchomp, L50, M|\n|poke|p2|Chimecho, L50, F|\n|poke|p2|Tyranitar, L50, M|\n|poke|p2|Excadrill, L50, M|\n|poke|p2|Glimmora, L50, F|\n|poke|p2|Kangaskhan, L50, F|\n|teampreview|4\n|inactive|Battle timer is ON: inactive players will automatically lose when time's up. (requested by ant on rice)\n|\n|t:|1776369096\n|teamsize|p1|4\n|teamsize|p2|4\n|start\n|switch|p1a: Sneasler|Sneasler, L50, M|100/100\n|switch|p1b: Primarina|Primarina, L50, F|100/100\n|switch|p2a: Tyranitar|Tyranitar, L50, M|100/100\n|switch|p2b: Excadrill|Excadrill, L50, M|100/100\n|-weather|Sandstorm|[from] ability: Sand Stream|[of] p2a: Tyranitar\n|turn|1\n|\n|t:|1776369109\n|move|p2b: Excadrill|Protect|p2b: Excadrill\n|-singleturn|p2b: Excadrill|Protect\n|move|p2a: Tyranitar|Protect|p2a: Tyranitar\n|-singleturn|p2a: Tyranitar|Protect\n|move|p1a: Sneasler|Fake Out|p2b: Excadrill\n|-activate|p2b: Excadrill|move: Protect\n|move|p1b: Primarina|Hyper Voice|p2a: Tyranitar|[spread] \n|-activate|p2a: Tyranitar|move: Protect\n|-activate|p2b: Excadrill|move: Protect\n|\n|-weather|Sandstorm|[upkeep]\n|-damage|p1a: Sneasler|95/100|[from] Sandstorm\n|-damage|p1b: Primarina|95/100|[from] Sandstorm\n|-heal|p1b: Primarina|100/100|[from] item: Leftovers\n|upkeep\n|turn|2\n|inactive|skywalkingchris has 30 seconds left.\n|\n|t:|1776369141\n|switch|p1a: Garchomp|Garchomp, L50, F|100/100\n|move|p2b: Excadrill|Iron Head|p1b: Primarina\n|-damage|p1b: Primarina|46/100\n|move|p2a: Tyranitar|Rock Slide|p1b: Primarina|[spread] p1a,p1b\n|-resisted|p1a: Garchomp|1\n|-damage|p1a: Garchomp|89/100\n|-damage|p1b: Primarina|15/100\n|cant|p1b: Primarina|flinch\n|\n|-weather|Sandstorm|[upkeep]\n|-damage|p1b: Primarina|9/100|[from] Sandstorm\n|-heal|p1b: Primarina|15/100|[from] item: Leftovers\n|upkeep\n|turn|3\n|\n|t:|1776369162\n|move|p2b: Excadrill|Protect|p2b: Excadrill\n|-singleturn|p2b: Excadrill|Protect\n|move|p1b: Primarina|Protect|p1b: Primarina\n|-singleturn|p1b: Primarina|Protect\n|move|p1a: Garchomp|Earthquake|p2b: Excadrill|[spread] p2a\n|-activate|p1b: Primarina|move: Protect\n|-activate|p2b: Excadrill|move: Protect\n|-supereffective|p2a: Tyranitar|1\n|-damage|p2a: Tyranitar|34/100\n|move|p2a: Tyranitar|Dragon Dance|p2a: Tyranitar\n|-boost|p2a: Tyranitar|atk|1\n|-boost|p2a: Tyranitar|spe|1\n|\n|-weather|Sandstorm|[upkeep]\n|-damage|p1b: Primarina|9/100|[from] Sandstorm\n|-heal|p1b: Primarina|15/100|[from] item: Leftovers\n|upkeep\n|turn|4\n|\n|t:|1776369183\n|move|p2b: Excadrill|Iron Head|p1b: Primarina\n|-damage|p1b: Primarina|0 fnt\n|faint|p1b: Primarina\n|move|p2a: Tyranitar|Knock Off|p1a: Garchomp\n|-damage|p1a: Garchomp|29/100\n|-damage|p2a: Tyranitar|22/100|[from] ability: Rough Skin|[of] p1a: Garchomp\n|-enditem|p1a: Garchomp|Dragon Fang|[from] move: Knock Off|[of] p2a: Tyranitar\n|move|p1a: Garchomp|Earthquake|p2a: Tyranitar|[spread] p2a,p2b\n|-supereffective|p2a: Tyranitar|1\n|-supereffective|p2b: Excadrill|1\n|-damage|p2a: Tyranitar|0 fnt\n|-enditem|p2b: Excadrill|Focus Sash\n|-damage|p2b: Excadrill|1/100\n|faint|p2a: Tyranitar\n|\n|-weather|Sandstorm|[upkeep]\n|upkeep\n|\n|t:|1776369203\n|switch|p2a: Chimecho|Chimecho, L50, F|100/100\n|switch|p1b: Sneasler|Sneasler, L50, M|95/100\n|turn|5\n|inactive|ant on rice has 30 seconds left.\n|inactive|skywalkingchris has 30 seconds left.\n|\n|t:|1776369237\n|detailschange|p2a: Chimecho|Chimecho-Mega, L50, F\n|-mega|p2a: Chimecho|Chimecho|Chimechite\n|move|p1b: Sneasler|Fake Out|p2b: Excadrill\n|-resisted|p2b: Excadrill|1\n|-damage|p2b: Excadrill|0 fnt\n|faint|p2b: Excadrill\n|move|p1a: Garchomp|Dragon Claw|p2a: Chimecho\n|-resisted|p2a: Chimecho|1\n|-damage|p2a: Chimecho|80/100\n|move|p2a: Chimecho|Dazzling Gleam|p1b: Sneasler|[spread] p1a,p1b\n|-supereffective|p1a: Garchomp|1\n|-crit|p1b: Sneasler\n|-damage|p1a: Garchomp|0 fnt\n|-damage|p1b: Sneasler|47/100\n|faint|p1a: Garchomp\n|\n|-weather|none\n|upkeep\n|\n|t:|1776369250\n|switch|p2b: Garchomp|Garchomp, L50, M|100/100\n|switch|p1a: Glimmora|Glimmora, L50, M|100/100\n|turn|6\n|\n|t:|1776369269\n|detailschange|p1a: Glimmora|Glimmora-Mega, L50, M\n|-mega|p1a: Glimmora|Glimmora|Glimmoranite\n|move|p2b: Garchomp|Earthquake|p1a: Glimmora|[spread] p1a,p1b\n|-immune|p2a: Chimecho|[from] ability: Levitate\n|-supereffective|p1a: Glimmora|2\n|-supereffective|p1b: Sneasler|1\n|-damage|p1a: Glimmora|0 fnt\n|-damage|p1b: Sneasler|0 fnt\n|faint|p1a: Glimmora\n|faint|p1b: Sneasler\n|\n|win|skywalkingchris\n|raw|ant on rice's rating: 1087 &rarr; <strong>1066</strong><br />(-21 for losing)\n|raw|skywalkingchris's rating: 1123 &rarr; <strong>1145</strong><br />(+22 for winning)\n|l|\u2606ant on rice\n|player|p1|\n",
  "uploadtime": 1776369278,
  "views": 34,
  "formatid": "gen9championsvgc2026regma",
  "rating": 1066,
  "private": 0,
  "password": null
}