{
  "id": "gen9championsvgc2026regma-2586028987",
  "format": "[Gen 9 Champions] VGC 2026 Reg M-A",
  "players": [
    "SkelyStealth",
    "TheLoanRanger"
  ],
  "log": "|j|\u2606SkelyStealth\n|j|\u2606TheLoanRanger\n|t:|1776391767\n|gametype|doubles\n|player|p1|SkelyStealth|yellow|1427\n|player|p2|TheLoanRanger|gardenia|1482\n|gen|9\n|tier|[Gen 9 Champions] VGC 2026 Reg M-A\n|rated|\n|rule|Species Clause: Limit one of each Pok\u00e9mon\n|rule|Item Clause: Limit 1 of each item\n|clearpoke\n|poke|p1|Farigiraf, L50, M|\n|poke|p1|Mimikyu, L50, M|\n|poke|p1|Incineroar, L50, F|\n|poke|p1|Torkoal, L50, M|\n|poke|p1|Crabominable, L50, M|\n|poke|p1|Chandelure, L50, M|\n|poke|p2|Floette-Eternal, L50, F|\n|poke|p2|Meowscarada, L50, F|\n|poke|p2|Garchomp, L50, F|\n|poke|p2|Gyarados, L50, M|\n|poke|p2|Rotom-Heat, L50|\n|poke|p2|Aegislash, L50, M|\n|teampreview|4\n|inactive|Battle timer is ON: inactive players will automatically lose when time's up. (requested by SkelyStealth)\n|inactive|SkelyStealth has 60 seconds left.\n|inactive|TheLoanRanger has 60 seconds left.\n|j| Choklit Milk\n|\n|t:|1776391813\n|teamsize|p1|4\n|teamsize|p2|4\n|start\n|switch|p1a: Headlock|Farigiraf, L50, M|100/100\n|switch|p1b: Lazy Cat|Incineroar, L50, F|100/100\n|switch|p2a: Garchomp|Garchomp, L50, F|100/100\n|switch|p2b: Gyarados|Gyarados, L50, M|100/100\n|-ability|p2b: Gyarados|Intimidate|boost\n|-unboost|p1a: Headlock|atk|1\n|-unboost|p1b: Lazy Cat|atk|1\n|-ability|p1b: Lazy Cat|Intimidate|boost\n|-unboost|p2a: Garchomp|atk|1\n|-unboost|p2b: Gyarados|atk|1\n|-enditem|p2a: Garchomp|White Herb\n|-clearnegativeboost|p2a: Garchomp|[silent]\n|-enditem|p1b: Lazy Cat|White Herb\n|-clearnegativeboost|p1b: Lazy Cat|[silent]\n|turn|1\n|l| Choklit Milk\n|\n|t:|1776391828\n|move|p2b: Gyarados|Helping Hand|p2a: Garchomp\n|-singleturn|p2a: Garchomp|Helping Hand|[of] p2b: Gyarados\n|move|p1b: Lazy Cat|Fake Out|p2b: Gyarados\n|-damage|p2b: Gyarados|86/100\n|move|p2a: Garchomp|Earthquake|p1b: Lazy Cat|[spread] p1a,p1b\n|-immune|p2b: Gyarados\n|-supereffective|p1b: Lazy Cat|1\n|-damage|p1a: Headlock|57/100\n|-damage|p1b: Lazy Cat|0 fnt\n|faint|p1b: Lazy Cat\n|move|p1a: Headlock|Trick Room|p1a: Headlock\n|-fieldstart|move: Trick Room|[of] p1a: Headlock\n|\n|upkeep\n|\n|t:|1776391838\n|switch|p1b: Sun's up|Torkoal, L50, M|100/100\n|-weather|SunnyDay|[from] ability: Drought|[of] p1b: Sun's up\n|turn|2\n|\n|t:|1776391846\n|move|p1a: Headlock|Helping Hand|p1b: Sun's up\n|-singleturn|p1b: Sun's up|Helping Hand|[of] p1a: Headlock\n|move|p1b: Sun's up|Eruption|p2b: Gyarados|[spread] p2a,p2b\n|-resisted|p2a: Garchomp|1\n|-resisted|p2b: Gyarados|1\n|-damage|p2a: Garchomp|29/100\n|-damage|p2b: Gyarados|37/100\n|-enditem|p2b: Gyarados|Sitrus Berry|[eat]\n|-heal|p2b: Gyarados|62/100|[from] item: Sitrus Berry\n|move|p2b: Gyarados|Waterfall|p1b: Sun's up\n|-supereffective|p1b: Sun's up|1\n|-damage|p1b: Sun's up|81/100\n|move|p2a: Garchomp|Earthquake|p1a: Headlock|[spread] p1a,p1b\n|-immune|p2b: Gyarados\n|-supereffective|p1b: Sun's up|1\n|-damage|p1a: Headlock|26/100\n|-damage|p1b: Sun's up|19/100\n|-enditem|p1a: Headlock|Sitrus Berry|[eat]\n|-heal|p1a: Headlock|51/100|[from] item: Sitrus Berry\n|\n|-weather|SunnyDay|[upkeep]\n|upkeep\n|turn|3\n|inactive|SkelyStealth has 30 seconds left.\n|inactive|SkelyStealth has 20 seconds left.\n|\n|t:|1776391884\n|move|p2a: Garchomp|Protect|p2a: Garchomp\n|-singleturn|p2a: Garchomp|Protect\n|move|p1b: Sun's up|Heat Wave|p2b: Gyarados|[spread] p2b\n|-activate|p2a: Garchomp|move: Protect\n|-resisted|p2b: Gyarados|1\n|-damage|p2b: Gyarados|41/100\n|move|p1a: Headlock|Psychic|p2b: Gyarados\n|-damage|p2b: Gyarados|15/100\n|-unboost|p2b: Gyarados|spd|1\n|move|p2b: Gyarados|Temper Flare|p1a: Headlock\n|-damage|p1a: Headlock|33/100\n|\n|-weather|SunnyDay|[upkeep]\n|upkeep\n|turn|4\n|\n|t:|1776391902\n|switch|p1a: Sung Jin-woo|Chandelure, L50, M|100/100\n|switch|p2a: Rotom|Rotom-Heat, L50|100/100\n|move|p1b: Sun's up|Heat Wave|p2b: Gyarados|[spread] p2b\n|-miss|p1b: Sun's up|p2a: Rotom\n|-resisted|p2b: Gyarados|1\n|-damage|p2b: Gyarados|0 fnt\n|faint|p2b: Gyarados\n|\n|-weather|SunnyDay|[upkeep]\n|upkeep\n|j| sethleander\n|\n|t:|1776391913\n|switch|p2b: Garchomp|Garchomp, L50, F|29/100\n|turn|5\n|\n|t:|1776391925\n|detailschange|p1a: Sung Jin-woo|Chandelure-Mega, L50, M\n|-mega|p1a: Sung Jin-woo|Chandelure|Chandelurite\n|move|p2a: Rotom|Protect|p2a: Rotom\n|-singleturn|p2a: Rotom|Protect\n|move|p2b: Garchomp|Protect|p2b: Garchomp\n|-singleturn|p2b: Garchomp|Protect\n|move|p1b: Sun's up|Weather Ball|p2a: Rotom\n|-activate|p2a: Rotom|move: Protect\n|move|p1a: Sung Jin-woo|Shadow Ball|p2a: Rotom\n|-activate|p2a: Rotom|move: Protect\n|\n|-weather|SunnyDay|[upkeep]\n|-fieldend|move: Trick Room\n|upkeep\n|turn|6\n|\n|t:|1776391949\n|move|p1b: Sun's up|Protect|p1b: Sun's up\n|-singleturn|p1b: Sun's up|Protect\n|move|p2b: Garchomp|Earthquake|p1a: Sung Jin-woo|[spread] p1a\n|-activate|p1b: Sun's up|move: Protect\n|-immune|p2a: Rotom|[from] ability: Levitate\n|-supereffective|p1a: Sung Jin-woo|1\n|-damage|p1a: Sung Jin-woo|24/100\n|move|p2a: Rotom|Electroweb|p1b: Sun's up|[spread] p1a\n|-activate|p1b: Sun's up|move: Protect\n|-damage|p1a: Sung Jin-woo|0 fnt\n|faint|p1a: Sung Jin-woo\n|\n|-weather|none\n|upkeep\n|\n|t:|1776391953\n|switch|p1a: Headlock|Farigiraf, L50, M|33/100\n|turn|7\n|c|\u2606SkelyStealth|gg\n|-message|SkelyStealth forfeited.\n|\n|win|TheLoanRanger\n|raw|SkelyStealth's rating: 1427 &rarr; <strong>1410</strong><br />(-17 for losing)\n|raw|TheLoanRanger's rating: 1482 &rarr; <strong>1499</strong><br />(+17 for winning)\n|c|\u2606TheLoanRanger|gg\n|l|\u2606TheLoanRanger\n|player|p2|\n|l| sethleander\n|l|\u2606SkelyStealth\n|player|p1|\n|j|\u2606SkelyStealth\n|player|p1|SkelyStealth|yellow|\n",
  "uploadtime": 1776392220,
  "views": 44,
  "formatid": "gen9championsvgc2026regma",
  "rating": 1410,
  "private": 0,
  "password": null
}