{
  "id": "gen9championsvgc2026regma-2586878313",
  "format": "[Gen 9 Champions] VGC 2026 Reg M-A",
  "players": [
    "Boorsie",
    "notcheetofingers"
  ],
  "log": "|j|\u2606Boorsie\n|j|\u2606notcheetofingers\n|t:|1776467812\n|gametype|doubles\n|player|p1|Boorsie|102|1188\n|player|p2|notcheetofingers|pokemaniac|1154\n|gen|9\n|tier|[Gen 9 Champions] VGC 2026 Reg M-A\n|rated|\n|rule|Species Clause: Limit one of each Pok\u00e9mon\n|rule|Item Clause: Limit 1 of each item\n|clearpoke\n|poke|p1|Maushold, L50|\n|poke|p1|Incineroar, L50, F|\n|poke|p1|Primarina, L50, F|\n|poke|p1|Chandelure, L50, M|\n|poke|p1|Kingambit, L50, M|\n|poke|p1|Whimsicott, L50, M|\n|poke|p2|Ampharos, L50, F|\n|poke|p2|Klefki, L50, F|\n|poke|p2|Farigiraf, L50, M|\n|poke|p2|Primarina, L50, M|\n|poke|p2|Incineroar, L50, F|\n|poke|p2|Snorlax, L50, F|\n|teampreview|4\n|\n|t:|1776467859\n|teamsize|p1|4\n|teamsize|p2|4\n|start\n|switch|p1a: Kingambit|Kingambit, L50, M|100/100\n|switch|p1b: Incineroar|Incineroar, L50, F|100/100\n|switch|p2a: Farigiraf|Farigiraf, L50, M|100/100\n|switch|p2b: Primarina|Primarina, L50, M|100/100\n|-ability|p1b: Incineroar|Intimidate|boost\n|-unboost|p2a: Farigiraf|atk|1\n|-unboost|p2b: Primarina|atk|1\n|turn|1\n|inactive|Battle timer is ON: inactive players will automatically lose when time's up. (requested by Boorsie)\n|\n|t:|1776467884\n|move|p2a: Farigiraf|Protect|p2a: Farigiraf\n|-singleturn|p2a: Farigiraf|Protect\n|move|p1b: Incineroar|Taunt|p2a: Farigiraf\n|-activate|p2a: Farigiraf|move: Protect\n|move|p2b: Primarina|Hyper Voice|p1b: Incineroar|[spread] p1a,p1b\n|-supereffective|p1b: Incineroar|1\n|-damage|p1a: Kingambit|65/100\n|-damage|p1b: Incineroar|38/100\n|-enditem|p1b: Incineroar|Sitrus Berry|[eat]\n|-heal|p1b: Incineroar|63/100|[from] item: Sitrus Berry\n|move|p1a: Kingambit|Iron Head|p2b: Primarina\n|-damage|p2b: Primarina|47/100\n|\n|-heal|p1a: Kingambit|71/100|[from] item: Leftovers\n|upkeep\n|turn|2\n|inactive|notcheetofingers has 30 seconds left.\n|inactive|notcheetofingers has 20 seconds left.\n|inactive|notcheetofingers has 15 seconds left.\n|\n|t:|1776467926\n|switch|p2a: Snorlax|Snorlax, L50, F|100/100\n|move|p2b: Primarina|Protect|p2b: Primarina\n|-singleturn|p2b: Primarina|Protect\n|move|p1b: Incineroar|Parting Shot|p2b: Primarina\n|-activate|p2b: Primarina|move: Protect\n|move|p1a: Kingambit|Kowtow Cleave|p2a: Snorlax\n|-damage|p2a: Snorlax|61/100\n|\n|-heal|p1a: Kingambit|77/100|[from] item: Leftovers\n|-heal|p2a: Snorlax|68/100|[from] item: Leftovers\n|upkeep\n|turn|3\n|inactive|notcheetofingers has 30 seconds left.\n|inactive|Boorsie has 30 seconds left.\n|\n|t:|1776467962\n|switch|p2b: Farigiraf|Farigiraf, L50, M|100/100\n|move|p1b: Incineroar|Flare Blitz|p2a: Snorlax\n|-damage|p2a: Snorlax|44/100\n|-damage|p1b: Incineroar|53/100|[from] Recoil\n|move|p1a: Kingambit|Iron Head|p2b: Farigiraf\n|-damage|p2b: Farigiraf|60/100\n|move|p2a: Snorlax|Body Press|p1a: Kingambit\n|-supereffective|p1a: Kingambit|2\n|-damage|p1a: Kingambit|30/100\n|\n|-heal|p1a: Kingambit|36/100|[from] item: Leftovers\n|-heal|p2a: Snorlax|50/100|[from] item: Leftovers\n|upkeep\n|turn|4\n|inactive|notcheetofingers has 30 seconds left.\n|inactive|Boorsie has 30 seconds left.\n|inactive|notcheetofingers has 20 seconds left.\n|inactive|notcheetofingers has 15 seconds left.\n|inactive|notcheetofingers has 10 seconds left.\n|\n|t:|1776468011\n|move|p1b: Incineroar|Parting Shot|p2a: Snorlax\n|-unboost|p2a: Snorlax|atk|1\n|-unboost|p2a: Snorlax|spa|1\n|\n|t:|1776468019\n|switch|p1b: Whimsicott|Whimsicott, L50, M|100/100|[from] Parting Shot\n|move|p2b: Farigiraf|Hyper Voice|p1b: Whimsicott|[spread] p1a,p1b\n|-resisted|p1a: Kingambit|1\n|-damage|p1a: Kingambit|22/100\n|-damage|p1b: Whimsicott|71/100\n|move|p1a: Kingambit|Kowtow Cleave|p2b: Farigiraf\n|-supereffective|p2b: Farigiraf|1\n|-damage|p2b: Farigiraf|0 fnt\n|faint|p2b: Farigiraf\n|move|p2a: Snorlax|Body Press|p1a: Kingambit\n|-supereffective|p1a: Kingambit|2\n|-damage|p1a: Kingambit|0 fnt\n|faint|p1a: Kingambit\n|\n|-heal|p2a: Snorlax|57/100|[from] item: Leftovers\n|upkeep\n|\n|t:|1776468035\n|switch|p2b: Ampharos|Ampharos, L50, F|100/100\n|switch|p1a: Chandelure|Chandelure, L50, M|100/100\n|turn|5\n|inactive|notcheetofingers has 30 seconds left.\n|\n|t:|1776468064\n|switch|p2a: Primarina|Primarina, L50, M|47/100\n|detailschange|p1a: Chandelure|Chandelure-Mega, L50, M\n|-mega|p1a: Chandelure|Chandelure|Chandelurite\n|detailschange|p2b: Ampharos|Ampharos-Mega, L50, F\n|-mega|p2b: Ampharos|Ampharos|Ampharosite\n|-ability|p2b: Ampharos|Mold Breaker\n|move|p1b: Whimsicott|Encore||[still]\n|-fail|p1b: Whimsicott\n|move|p1a: Chandelure|Shadow Ball|p2b: Ampharos\n|-damage|p2b: Ampharos|56/100\n|move|p2b: Ampharos|Thunderbolt|p1a: Chandelure\n|-crit|p1a: Chandelure\n|-damage|p1a: Chandelure|0 fnt\n|faint|p1a: Chandelure\n|\n|upkeep\n|\n|t:|1776468080\n|switch|p1a: Incineroar|Incineroar, L50, F|53/100\n|-ability|p1a: Incineroar|Intimidate|boost\n|-unboost|p2a: Primarina|atk|1\n|-unboost|p2b: Ampharos|atk|1\n|turn|6\n|c|\u2606Boorsie|oof that crit\n|\n|t:|1776468099\n|switch|p2a: Snorlax|Snorlax, L50, F|57/100\n|move|p2b: Ampharos|Protect|p2b: Ampharos\n|-singleturn|p2b: Ampharos|Protect\n|move|p1a: Incineroar|Fake Out|p2a: Snorlax\n|-damage|p2a: Snorlax|47/100\n|move|p1b: Whimsicott|Moonblast|p2b: Ampharos\n|-activate|p2b: Ampharos|move: Protect\n|\n|-heal|p2a: Snorlax|53/100|[from] item: Leftovers\n|upkeep\n|turn|7\n|c|\u2606notcheetofingers|yeah\n|inactive|Boorsie has 30 seconds left.\n|inactive|notcheetofingers has 30 seconds left.\n|inactive|notcheetofingers has 20 seconds left.\n|inactive|notcheetofingers has 15 seconds left.\n|\n|t:|1776468144\n|switch|p2b: Primarina|Primarina, L50, M|47/100\n|move|p1b: Whimsicott|Moonblast|p2a: Snorlax\n|-damage|p2a: Snorlax|36/100\n|move|p1a: Incineroar|Flare Blitz|p2a: Snorlax\n|-damage|p2a: Snorlax|13/100\n|-status|p2a: Snorlax|brn\n|-damage|p1a: Incineroar|44/100|[from] Recoil\n|move|p2a: Snorlax|Double-Edge|p1b: Whimsicott\n|-damage|p1b: Whimsicott|36/100\n|-damage|p2a: Snorlax|6/100 brn|[from] Recoil\n|\n|-heal|p2a: Snorlax|12/100 brn|[from] item: Leftovers\n|-damage|p2a: Snorlax|6/100 brn|[from] brn\n|upkeep\n|turn|8\n|inactive|Boorsie has 30 seconds left.\n|inactive|notcheetofingers has 30 seconds left.\n|inactive|notcheetofingers has 20 seconds left.\n|inactive|notcheetofingers has 15 seconds left.\n|\n|t:|1776468185\n|move|p1b: Whimsicott|Moonblast|p2b: Primarina\n|-damage|p2b: Primarina|25/100\n|move|p1a: Incineroar|Flare Blitz|p2a: Snorlax\n|-damage|p2a: Snorlax|0 fnt\n|faint|p2a: Snorlax\n|-damage|p1a: Incineroar|42/100|[from] Recoil\n|move|p2b: Primarina|Hyper Voice|p1a: Incineroar|[spread] p1a,p1b\n|-supereffective|p1a: Incineroar|1\n|-resisted|p1b: Whimsicott|1\n|-damage|p1a: Incineroar|0 fnt\n|-damage|p1b: Whimsicott|16/100\n|faint|p1a: Incineroar\n|\n|upkeep\n|\n|t:|1776468197\n|switch|p2a: Ampharos|Ampharos-Mega, L50, F|56/100\n|-ability|p2a: Ampharos|Mold Breaker\n|turn|9\n|\n|t:|1776468204\n|move|p1b: Whimsicott|Moonblast|p2b: Primarina\n|-damage|p2b: Primarina|2/100\n|move|p2b: Primarina|Moonblast|p1b: Whimsicott\n|-damage|p1b: Whimsicott|0 fnt\n|faint|p1b: Whimsicott\n|\n|win|notcheetofingers\n|raw|Boorsie's rating: 1188 &rarr; <strong>1161</strong><br />(-27 for losing)\n|raw|notcheetofingers's rating: 1154 &rarr; <strong>1181</strong><br />(+27 for winning)\n|c|\u2606Boorsie|gg\n|c|\u2606notcheetofingers|gg\n",
  "uploadtime": 1776468216,
  "views": 33,
  "formatid": "gen9championsvgc2026regma",
  "rating": 1161,
  "private": 0,
  "password": null
}