{
  "id": "gen9championsvgc2026regma-2583741441",
  "format": "[Gen 9 Champions] VGC 2026 Reg M-A",
  "players": [
    "Miau22cosas",
    "Maatiiiii"
  ],
  "log": "|j|\u2606Miau22cosas\n|j|\u2606Maatiiiii\n|t:|1776194558\n|gametype|doubles\n|player|p1|Miau22cosas|gentleman-gen4|1153\n|player|p2|Maatiiiii|firebreather|1236\n|gen|9\n|tier|[Gen 9 Champions] VGC 2026 Reg M-A\n|rated|\n|rule|Species Clause: Limit one of each Pok\u00e9mon\n|rule|Item Clause: Limit 1 of each item\n|clearpoke\n|poke|p1|Golurk, L50|\n|poke|p1|Decidueye-Hisui, L50, F|\n|poke|p1|Farigiraf, L50, F|\n|poke|p1|Milotic, L50, F|\n|poke|p1|Liepard, L50, F|\n|poke|p1|Garchomp, L50, M|\n|poke|p2|Aerodactyl, L50, M|\n|poke|p2|Floette-Eternal, L50, F|\n|poke|p2|Sneasler, L50, F|\n|poke|p2|Kingambit, L50, F|\n|poke|p2|Delphox, L50, F|\n|poke|p2|Maushold, L50|\n|teampreview|4\n|inactive|Battle timer is ON: inactive players will automatically lose when time's up. (requested by Miau22cosas)\n|inactive|Miau22cosas has 60 seconds left.\n|\n|t:|1776194599\n|teamsize|p1|4\n|teamsize|p2|4\n|start\n|switch|p1a: Farigiraf|Farigiraf, L50, F|100/100\n|switch|p1b: Decidueye|Decidueye-Hisui, L50, F|100/100\n|switch|p2a: Kingambit|Kingambit, L50, F|100/100\n|switch|p2b: Delphox|Delphox, L50, F|100/100\n|turn|1\n|inactive|Miau22cosas has 30 seconds left.\n|\n|t:|1776194624\n|detailschange|p2b: Delphox|Delphox-Mega, L50, F\n|-mega|p2b: Delphox|Delphox|Delphoxite\n|move|p2b: Delphox|Heat Wave|p1b: Decidueye|[spread] p1a,p1b\n|-supereffective|p1b: Decidueye|1\n|-damage|p1a: Farigiraf|61/100\n|-damage|p1b: Decidueye|16/100\n|-status|p1a: Farigiraf|brn\n|-enditem|p1b: Decidueye|Sitrus Berry|[eat]\n|-heal|p1b: Decidueye|41/100|[from] item: Sitrus Berry\n|move|p1b: Decidueye|Triple Arrows|p2a: Kingambit\n|-supereffective|p2a: Kingambit|2\n|-damage|p2a: Kingambit|0 fnt\n|faint|p2a: Kingambit\n|move|p1a: Farigiraf|Trick Room|p1a: Farigiraf\n|-fieldstart|move: Trick Room|[of] p1a: Farigiraf\n|\n|-damage|p1a: Farigiraf|55/100 brn|[from] brn\n|upkeep\n|\n|t:|1776194638\n|switch|p2a: Maushold|Maushold, L50|100/100\n|turn|2\n|inactive|Maatiiiii has 30 seconds left.\n|inactive|Maatiiiii has 20 seconds left.\n|\n|t:|1776194678\n|move|p2a: Maushold|Protect|p2a: Maushold\n|-singleturn|p2a: Maushold|Protect\n|move|p2b: Delphox|Protect|p2b: Delphox\n|-singleturn|p2b: Delphox|Protect\n|move|p1a: Farigiraf|Hyper Voice|p2b: Delphox|[spread] \n|-activate|p2a: Maushold|move: Protect\n|-activate|p2b: Delphox|move: Protect\n|move|p1b: Decidueye|Triple Arrows|p2a: Maushold\n|-activate|p2a: Maushold|move: Protect\n|\n|-damage|p1a: Farigiraf|49/100 brn|[from] brn\n|upkeep\n|turn|3\n|\n|t:|1776194700\n|move|p2a: Maushold|Follow Me|p2a: Maushold\n|-singleturn|p2a: Maushold|move: Follow Me\n|move|p1a: Farigiraf|Twin Beam|p2a: Maushold\n|-damage|p2a: Maushold|80/100\n|-damage|p2a: Maushold|61/100\n|-hitcount|p2a: Maushold|2\n|move|p1b: Decidueye|Triple Arrows|p2a: Maushold\n|-supereffective|p2a: Maushold|1\n|-enditem|p2a: Maushold|Chople Berry|[eat]\n|-enditem|p2a: Maushold|Chople Berry|[weaken]\n|-damage|p2a: Maushold|5/100\n|move|p2b: Delphox|Heat Wave|p1b: Decidueye|[spread] p1b\n|-miss|p2b: Delphox|p1a: Farigiraf\n|-supereffective|p1b: Decidueye|1\n|-damage|p1b: Decidueye|0 fnt\n|faint|p1b: Decidueye\n|\n|-damage|p1a: Farigiraf|42/100 brn|[from] brn\n|upkeep\n|\n|t:|1776194717\n|switch|p1b: Golurk|Golurk, L50|100/100\n|turn|4\n|inactive|Miau22cosas has 30 seconds left.\n|inactive|Miau22cosas has 20 seconds left.\n|\n|t:|1776194753\n|detailschange|p1b: Golurk|Golurk-Mega, L50\n|-mega|p1b: Golurk|Golurk|Golurkite\n|move|p2a: Maushold|Protect|p2a: Maushold\n|-singleturn|p2a: Maushold|Protect\n|move|p2b: Delphox|Protect|p2b: Delphox\n|-singleturn|p2b: Delphox|Protect\n|move|p1b: Golurk|Thunder Punch|p2a: Maushold\n|-ability|p1b: Golurk|Unseen Fist\n|-zbroken|p2a: Maushold\n|-damage|p2a: Maushold|0 fnt\n|faint|p2a: Maushold\n|move|p1a: Farigiraf|Hyper Voice|p2b: Delphox\n|-activate|p2b: Delphox|move: Protect\n|\n|-damage|p1a: Farigiraf|36/100 brn|[from] brn\n|upkeep\n|\n|t:|1776194767\n|switch|p2a: Sneasler|Sneasler, L50, F|100/100\n|turn|5\n|\n|t:|1776194782\n|move|p2a: Sneasler|Protect|p2a: Sneasler\n|-singleturn|p2a: Sneasler|Protect\n|move|p1b: Golurk|Headlong Rush|p2b: Delphox\n|-immune|p2b: Delphox|[from] ability: Levitate\n|move|p1a: Farigiraf|Twin Beam|p2a: Sneasler\n|-activate|p2a: Sneasler|move: Protect\n|move|p2b: Delphox|Heat Wave|p1b: Golurk|[spread] p1a\n|-miss|p2b: Delphox|p1b: Golurk\n|-damage|p1a: Farigiraf|0 fnt\n|faint|p1a: Farigiraf\n|\n|-fieldend|move: Trick Room\n|upkeep\n|c|\u2606Maatiiiii|lol\n|c|\u2606Miau22cosas|WOW\n|c|\u2606Maatiiiii|you are so bad\n|c|\u2606Maatiiiii|but so lucky\n|\n|t:|1776194801\n|switch|p1a: Garchomp|Garchomp, L50, M|100/100\n|turn|6\n|inactive|Miau22cosas has 30 seconds left.\n|inactive|Maatiiiii has 30 seconds left.\n|inactive|Miau22cosas has 20 seconds left.\n|inactive|Miau22cosas has 15 seconds left.\n|inactive|Miau22cosas has 10 seconds left.\n|inactive|Miau22cosas has 5 seconds left.\n|inactive|Maatiiiii has 20 seconds left.\n|\n|t:|1776194856\n|move|p1a: Garchomp|Breaking Swipe|p2b: Delphox|[spread] p2a,p2b\n|-damage|p2a: Sneasler|56/100\n|-damage|p2b: Delphox|64/100\n|-unboost|p2a: Sneasler|atk|1\n|-unboost|p2b: Delphox|atk|1\n|-enditem|p2a: Sneasler|White Herb\n|-clearnegativeboost|p2a: Sneasler|[silent]\n|move|p2a: Sneasler|Dire Claw|p1a: Garchomp\n|-resisted|p1a: Garchomp|1\n|-damage|p1a: Garchomp|79/100\n|move|p2b: Delphox|Encore|p1b: Golurk\n|-start|p1b: Golurk|Encore\n|move|p1b: Golurk|Headlong Rush|p2b: Delphox\n|-immune|p2b: Delphox|[from] ability: Levitate\n|\n|upkeep\n|turn|7\n|inactive|Maatiiiii has 30 seconds left.\n|inactive|Maatiiiii has 20 seconds left.\n|\n|t:|1776194896\n|move|p2a: Sneasler|Protect|p2a: Sneasler\n|-singleturn|p2a: Sneasler|Protect\n|move|p1a: Garchomp|Breaking Swipe|p2b: Delphox|[spread] p2b\n|-activate|p2a: Sneasler|move: Protect\n|-crit|p2b: Delphox\n|-damage|p2b: Delphox|1/100\n|-unboost|p2b: Delphox|atk|1\n|move|p2b: Delphox|Heat Wave|p1a: Garchomp|[spread] p1a,p1b\n|-resisted|p1a: Garchomp|1\n|-damage|p1a: Garchomp|55/100\n|-damage|p1b: Golurk|59/100\n|-status|p1a: Garchomp|brn\n|move|p1b: Golurk|Headlong Rush|p2a: Sneasler\n|-supereffective|p2a: Sneasler|1\n|-ability|p1b: Golurk|Unseen Fist\n|-zbroken|p2a: Sneasler\n|-damage|p2a: Sneasler|0 fnt\n|-unboost|p1b: Golurk|def|1\n|-unboost|p1b: Golurk|spd|1\n|faint|p2a: Sneasler\n|\n|-damage|p1a: Garchomp|49/100 brn|[from] brn\n|upkeep\n|turn|8\n|c|\u2606Miau22cosas|For being so bad\n|c|\u2606Miau22cosas|I do really good\n|-message|Maatiiiii forfeited.\n|\n|win|Miau22cosas\n|raw|Miau22cosas's rating: 1153 &rarr; <strong>1184</strong><br />(+31 for winning)\n|raw|Maatiiiii's rating: 1236 &rarr; <strong>1205</strong><br />(-31 for losing)\n|l|\u2606Maatiiiii\n|player|p2|\n",
  "uploadtime": 1776194926,
  "views": 20,
  "formatid": "gen9championsvgc2026regma",
  "rating": 1184,
  "private": 0,
  "password": null
}