{
  "id": "gen9championsvgc2026regma-2585095244",
  "format": "[Gen 9 Champions] VGC 2026 Reg M-A",
  "players": [
    "Pinnecks",
    "MorganHasOrgans"
  ],
  "log": "|j|\u2606Pinnecks\n|j|\u2606MorganHasOrgans\n|t:|1776311236\n|gametype|doubles\n|player|p1|Pinnecks|lyra|1012\n|player|p2|MorganHasOrgans|169|1000\n|gen|9\n|tier|[Gen 9 Champions] VGC 2026 Reg M-A\n|rated|\n|rule|Species Clause: Limit one of each Pok\u00e9mon\n|rule|Item Clause: Limit 1 of each item\n|clearpoke\n|poke|p1|Talonflame, L50, M|\n|poke|p1|Meganium, L50, M|\n|poke|p1|Sinistcha, L50|\n|poke|p1|Aegislash, L50, F|\n|poke|p1|Altaria, L50, F|\n|poke|p1|Rotom-Wash, L50|\n|poke|p2|Feraligatr, L50, F|\n|poke|p2|Pelipper, L50, F|\n|poke|p2|Archaludon, L50, F|\n|poke|p2|Sinistcha, L50|\n|poke|p2|Sneasler, L50, F|\n|poke|p2|Incineroar, L50, M|\n|teampreview|4\n|inactive|Battle timer is ON: inactive players will automatically lose when time's up. (requested by Pinnecks)\n|inactive|MorganHasOrgans has 60 seconds left.\n|\n|t:|1776311316\n|teamsize|p1|4\n|teamsize|p2|4\n|start\n|switch|p1a: Talonflame|Talonflame, L50, M, shiny|100/100\n|switch|p1b: Altaria|Altaria, L50, F|100/100\n|switch|p2a: Pelipper|Pelipper, L50, F|100/100\n|switch|p2b: Archaludon|Archaludon, L50, F|100/100\n|-ability|p1b: Altaria|Cloud Nine\n|-weather|RainDance|[from] ability: Drizzle|[of] p2a: Pelipper\n|turn|1\n|inactive|Pinnecks has 30 seconds left.\n|inactive|MorganHasOrgans has 30 seconds left.\n|inactive|Pinnecks has 20 seconds left.\n|inactive|MorganHasOrgans has 20 seconds left.\n|inactive|Pinnecks has 15 seconds left.\n|inactive|MorganHasOrgans has 15 seconds left.\n|\n|t:|1776311360\n|switch|p2b: Feraligatr|Feraligatr, L50, F|100/100\n|detailschange|p1b: Altaria|Altaria-Mega, L50, F\n|-mega|p1b: Altaria|Altaria|Altarianite\n|move|p1a: Talonflame|Tailwind|p1a: Talonflame\n|-sidestart|p1: Pinnecks|move: Tailwind\n|move|p1b: Altaria|Cotton Guard|p1b: Altaria\n|-boost|p1b: Altaria|def|3\n|move|p2a: Pelipper|Tailwind|p2a: Pelipper\n|-sidestart|p2: MorganHasOrgans|move: Tailwind\n|\n|-weather|RainDance|[upkeep]\n|upkeep\n|turn|2\n|inactive|Pinnecks has 30 seconds left.\n|inactive|MorganHasOrgans has 30 seconds left.\n|inactive|MorganHasOrgans has 20 seconds left.\n|inactive|Pinnecks has 20 seconds left.\n|inactive|MorganHasOrgans has 15 seconds left.\n|inactive|MorganHasOrgans has 10 seconds left.\n|\n|t:|1776311408\n|switch|p1a: Rotom|Rotom-Wash, L50, shiny|100/100\n|detailschange|p2b: Feraligatr|Feraligatr-Mega, L50, F\n|-mega|p2b: Feraligatr|Feraligatr|Feraligite\n|move|p2b: Feraligatr|Protect|p2b: Feraligatr\n|-singleturn|p2b: Feraligatr|Protect\n|move|p1b: Altaria|Hyper Voice|p2a: Pelipper|[spread] p2a\n|-activate|p2b: Feraligatr|move: Protect\n|-damage|p2a: Pelipper|51/100\n|move|p2a: Pelipper|Weather Ball|p1a: Rotom\n|-resisted|p1a: Rotom|1\n|-crit|p1a: Rotom\n|-damage|p1a: Rotom|49/100\n|\n|-weather|RainDance|[upkeep]\n|-heal|p1a: Rotom|54/100|[from] item: Leftovers\n|upkeep\n|turn|3\n|inactive|MorganHasOrgans has 30 seconds left.\n|inactive|MorganHasOrgans has 20 seconds left.\n|\n|t:|1776311445\n|switch|p2b: Archaludon|Archaludon, L50, F|100/100\n|move|p2a: Pelipper|Wide Guard|p2a: Pelipper\n|-singleturn|p2a: Pelipper|Wide Guard\n|move|p1a: Rotom|Thunderbolt|p2a: Pelipper\n|-supereffective|p2a: Pelipper|2\n|-damage|p2a: Pelipper|0 fnt\n|faint|p2a: Pelipper\n|move|p1b: Altaria|Hyper Voice|p2b: Archaludon\n|-activate|p2b: Archaludon|move: Wide Guard\n|\n|-weather|RainDance|[upkeep]\n|-heal|p1a: Rotom|60/100|[from] item: Leftovers\n|upkeep\n|\n|t:|1776311459\n|switch|p2a: Incineroar|Incineroar, L50, M|100/100\n|-ability|p2a: Incineroar|Intimidate|boost\n|-unboost|p1a: Rotom|atk|1\n|-unboost|p1b: Altaria|atk|1\n|turn|4\n|inactive|MorganHasOrgans has 30 seconds left.\n|\n|t:|1776311492\n|move|p1a: Rotom|Helping Hand|p1b: Altaria\n|-singleturn|p1b: Altaria|Helping Hand|[of] p1a: Rotom\n|move|p2a: Incineroar|Fake Out|p1a: Rotom\n|-damage|p1a: Rotom|45/100\n|move|p2b: Archaludon|Flash Cannon|p1b: Altaria\n|-supereffective|p1b: Altaria|1\n|-damage|p1b: Altaria|6/100\n|move|p1b: Altaria|Hyper Voice|p2b: Archaludon|[spread] p2a,p2b\n|-damage|p2a: Incineroar|51/100\n|-damage|p2b: Archaludon|5/100\n|\n|-weather|RainDance|[upkeep]\n|-heal|p1a: Rotom|51/100|[from] item: Leftovers\n|-sideend|p2: MorganHasOrgans|move: Tailwind\n|-sideend|p1: Pinnecks|move: Tailwind\n|upkeep\n|turn|5\n|inactive|MorganHasOrgans has 30 seconds left.\n|\n|t:|1776311527\n|switch|p1a: Sinistcha|Sinistcha, L50|100/100\n|-heal|p1b: Altaria|31/100|[from] ability: Hospitality|[of] p1a: Sinistcha\n|move|p2b: Archaludon|Protect|p2b: Archaludon\n|-singleturn|p2b: Archaludon|Protect\n|move|p1b: Altaria|Protect|p1b: Altaria\n|-singleturn|p1b: Altaria|Protect\n|move|p2a: Incineroar|Throat Chop|p1b: Altaria\n|-activate|p1b: Altaria|move: Protect\n|\n|-weather|none\n|upkeep\n|turn|6\n|inactive|MorganHasOrgans has 30 seconds left.\n|inactive|Pinnecks has 30 seconds left.\n|inactive|MorganHasOrgans has 20 seconds left.\n|\n|t:|1776311566\n|move|p2b: Archaludon|Flash Cannon|p1b: Altaria\n|-supereffective|p1b: Altaria|1\n|-damage|p1b: Altaria|0 fnt\n|faint|p1b: Altaria\n|move|p1a: Sinistcha|Matcha Gotcha|p2a: Incineroar|[spread] p2a,p2b\n|-resisted|p2a: Incineroar|1\n|-resisted|p2b: Archaludon|2\n|-damage|p2a: Incineroar|41/100\n|-damage|p2b: Archaludon|0 fnt\n|faint|p2b: Archaludon\n|move|p2a: Incineroar|Flare Blitz|p1a: Sinistcha\n|-supereffective|p1a: Sinistcha|1\n|-damage|p1a: Sinistcha|25/100\n|-status|p1a: Sinistcha|brn\n|-enditem|p1a: Sinistcha|Sitrus Berry|[eat]\n|-heal|p1a: Sinistcha|50/100 brn|[from] item: Sitrus Berry\n|-damage|p2a: Incineroar|19/100|[from] Recoil\n|\n|-damage|p1a: Sinistcha|44/100 brn|[from] brn\n|upkeep\n|\n|t:|1776311584\n|switch|p2b: Feraligatr|Feraligatr-Mega, L50, F|100/100\n|switch|p1b: Rotom|Rotom-Wash, L50, shiny|51/100\n|turn|7\n|\n|t:|1776311600\n|move|p1a: Sinistcha|Protect|p1a: Sinistcha\n|-singleturn|p1a: Sinistcha|Protect\n|move|p1b: Rotom|Thunderbolt|p2b: Feraligatr\n|-damage|p2b: Feraligatr|50/100\n|move|p2b: Feraligatr|Double-Edge|p1b: Rotom\n|-damage|p1b: Rotom|0 fnt\n|faint|p1b: Rotom\n|-damage|p2b: Feraligatr|38/100|[from] Recoil\n|move|p2a: Incineroar|Flare Blitz|p1a: Sinistcha\n|-activate|p1a: Sinistcha|move: Protect\n|\n|-damage|p1a: Sinistcha|38/100 brn|[from] brn\n|upkeep\n|\n|t:|1776311615\n|switch|p1b: Talonflame|Talonflame, L50, M, shiny|100/100\n|turn|8\n|\n|t:|1776311626\n|move|p1b: Talonflame|Dual Wingbeat|p2a: Incineroar\n|-damage|p2a: Incineroar|5/100\n|-damage|p2a: Incineroar|0 fnt\n|faint|p2a: Incineroar\n|-hitcount|p2: Incineroar|2\n|move|p2b: Feraligatr|Liquidation|p1b: Talonflame\n|-supereffective|p1b: Talonflame|1\n|-enditem|p1b: Talonflame|Focus Sash\n|-damage|p1b: Talonflame|1/100\n|-unboost|p1b: Talonflame|def|1\n|move|p1a: Sinistcha|Matcha Gotcha|p2b: Feraligatr\n|-damage|p2b: Feraligatr|0 fnt\n|-heal|p1a: Sinistcha|54/100 brn|[from] drain|[of] p2b: Feraligatr\n|faint|p2b: Feraligatr\n|\n|win|Pinnecks\n|raw|Pinnecks's rating: 1012 &rarr; <strong>1049</strong><br />(+37 for winning)\n|raw|MorganHasOrgans's rating: 1000 &rarr; <strong>1000</strong><br />(+0 for losing)\n|l|\u2606MorganHasOrgans\n|player|p2|\n",
  "uploadtime": 1776311645,
  "views": 28,
  "formatid": "gen9championsvgc2026regma",
  "rating": 1000,
  "private": 0,
  "password": null
}