{
  "id": "gen9championsvgc2026regma-2586938548",
  "format": "[Gen 9 Champions] VGC 2026 Reg M-A",
  "players": [
    "NovaGuy",
    "Osagi1234"
  ],
  "log": "|j|\u2606NovaGuy\n|j|\u2606Osagi1234\n|t:|1776473677\n|gametype|doubles\n|player|p1|NovaGuy|ethan|1117\n|player|p2|Osagi1234|ethan|1050\n|gen|9\n|tier|[Gen 9 Champions] VGC 2026 Reg M-A\n|rated|\n|rule|Species Clause: Limit one of each Pok\u00e9mon\n|rule|Item Clause: Limit 1 of each item\n|clearpoke\n|poke|p1|Charizard, L50, M|\n|poke|p1|Venusaur, L50, M|\n|poke|p1|Whimsicott, L50, F|\n|poke|p1|Milotic, L50, F|\n|poke|p1|Aegislash, L50, M|\n|poke|p1|Incineroar, L50, M|\n|poke|p2|Meganium, L50, M|\n|poke|p2|Aerodactyl, L50, F|\n|poke|p2|Tauros-Paldea-Aqua, L50, M|\n|poke|p2|Archaludon, L50, F|\n|poke|p2|Typhlosion-Hisui, L50, M|\n|poke|p2|Kangaskhan, L50, F|\n|teampreview|4\n|\n|t:|1776473701\n|teamsize|p1|4\n|teamsize|p2|4\n|start\n|switch|p1a: Whimsicott|Whimsicott, L50, F|100/100\n|switch|p1b: Aegislash|Aegislash, L50, M|100/100\n|switch|p2a: Kangaskhan|Kangaskhan, L50, F|100/100\n|switch|p2b: Typhlosion|Typhlosion-Hisui, L50, M|100/100\n|-item|p1a: Whimsicott|Focus Sash|[from] ability: Frisk|[of] p2b: Typhlosion\n|-item|p1b: Aegislash|Occa Berry|[from] ability: Frisk|[of] p2b: Typhlosion\n|turn|1\n|\n|t:|1776473733\n|detailschange|p2a: Kangaskhan|Kangaskhan-Mega, L50, F\n|-mega|p2a: Kangaskhan|Kangaskhan|Kangaskhanite\n|move|p1b: Aegislash|King's Shield|p1b: Aegislash\n|-singleturn|p1b: Aegislash|Protect\n|move|p2a: Kangaskhan|Fake Out|p1a: Whimsicott\n|-damage|p1a: Whimsicott|67/100\n|-damage|p1a: Whimsicott|58/100\n|-hitcount|p1a: Whimsicott|2\n|cant|p1a: Whimsicott|flinch\n|move|p2b: Typhlosion|Eruption|p1b: Aegislash|[spread] p1a\n|-activate|p1b: Aegislash|move: Protect\n|-supereffective|p1a: Whimsicott|1\n|-damage|p1a: Whimsicott|0 fnt\n|faint|p1a: Whimsicott\n|\n|upkeep\n|\n|t:|1776473750\n|switch|p1a: Charizard|Charizard, L50, M|100/100\n|turn|2\n|\n|t:|1776473759\n|detailschange|p1a: Charizard|Charizard-Mega-X, L50, M\n|-mega|p1a: Charizard|Charizard|Charizardite X\n|move|p2a: Kangaskhan|Sucker Punch||[still]\n|-fail|p2a: Kangaskhan\n|move|p2b: Typhlosion|Eruption|p1b: Aegislash|[spread] p1a,p1b\n|-resisted|p1a: Charizard|2\n|-supereffective|p1b: Aegislash|1\n|-enditem|p1b: Aegislash|Occa Berry|[eat]\n|-enditem|p1b: Aegislash|Occa Berry|[weaken]\n|-damage|p1a: Charizard|86/100\n|-damage|p1b: Aegislash|57/100\n|move|p1a: Charizard|Dragon Dance|p1a: Charizard\n|-boost|p1a: Charizard|atk|1\n|-boost|p1a: Charizard|spe|1\n|move|p1b: Aegislash|Swords Dance|p1b: Aegislash\n|-boost|p1b: Aegislash|atk|2\n|\n|upkeep\n|turn|3\n|\n|t:|1776473786\n|move|p2a: Kangaskhan|Sucker Punch|p1b: Aegislash\n|-supereffective|p1b: Aegislash|1\n|-damage|p1b: Aegislash|15/100\n|-supereffective|p1b: Aegislash|1\n|-damage|p1b: Aegislash|6/100\n|-hitcount|p1b: Aegislash|2\n|move|p2b: Typhlosion|Eruption|p1b: Aegislash|[spread] p1a,p1b\n|-resisted|p1a: Charizard|2\n|-supereffective|p1b: Aegislash|1\n|-damage|p1a: Charizard|71/100\n|-damage|p1b: Aegislash|0 fnt\n|faint|p1b: Aegislash\n|move|p1a: Charizard|Dragon Claw|p2b: Typhlosion\n|-damage|p2b: Typhlosion|0 fnt\n|faint|p2b: Typhlosion\n|\n|upkeep\n|\n|t:|1776473807\n|switch|p2b: Archaludon|Archaludon, L50, F|100/100\n|switch|p1b: Venusaur|Venusaur, L50, M|100/100\n|turn|4\n|\n|t:|1776473818\n|switch|p2a: Tauros|Tauros-Paldea-Aqua, L50, M|100/100\n|-ability|p2a: Tauros|Intimidate|boost\n|-unboost|p1a: Charizard|atk|1\n|-unboost|p1b: Venusaur|atk|1\n|move|p2b: Archaludon|Protect|p2b: Archaludon\n|-singleturn|p2b: Archaludon|Protect\n|move|p1a: Charizard|Flare Blitz|p2b: Archaludon\n|-activate|p2b: Archaludon|move: Protect\n|move|p1b: Venusaur|Earth Power|p2b: Archaludon\n|-activate|p2b: Archaludon|move: Protect\n|\n|upkeep\n|turn|5\n|\n|t:|1776473845\n|switch|p2b: Kangaskhan|Kangaskhan-Mega, L50, F|100/100\n|move|p1a: Charizard|Flare Blitz|p2b: Kangaskhan\n|-damage|p2b: Kangaskhan|35/100\n|-damage|p1a: Charizard|46/100|[from] Recoil\n|move|p2a: Tauros|Wave Crash|p1a: Charizard\n|-damage|p1a: Charizard|0 fnt\n|faint|p1a: Charizard\n|-damage|p2a: Tauros|84/100|[from] Recoil\n|move|p1b: Venusaur|Sunny Day|p1b: Venusaur\n|-weather|SunnyDay\n|\n|-weather|SunnyDay|[upkeep]\n|upkeep\n|turn|6\n|\n|t:|1776473862\n|switch|p2a: Archaludon|Archaludon, L50, F|100/100\n|move|p2b: Kangaskhan|Fake Out|p1b: Venusaur\n|-damage|p1b: Venusaur|71/100\n|-damage|p1b: Venusaur|65/100\n|-hitcount|p1b: Venusaur|2\n|cant|p1b: Venusaur|flinch\n|\n|-weather|SunnyDay|[upkeep]\n|upkeep\n|turn|7\n|\n|t:|1776473890\n|move|p1b: Venusaur|Earth Power|p2a: Archaludon\n|-supereffective|p2a: Archaludon|1\n|-damage|p2a: Archaludon|27/100\n|-heal|p1b: Venusaur|76/100|[from] item: Shell Bell|[of] p2a: Archaludon\n|move|p2b: Kangaskhan|Double-Edge|p1b: Venusaur\n|-damage|p1b: Venusaur|0 fnt\n|faint|p1b: Venusaur\n|-hitcount|p1: Venusaur|1\n|-damage|p2b: Kangaskhan|17/100|[from] Recoil\n|\n|win|Osagi1234\n|raw|NovaGuy's rating: 1117 &rarr; <strong>1087</strong><br />(-30 for losing)\n|raw|Osagi1234's rating: 1050 &rarr; <strong>1089</strong><br />(+39 for winning)\n",
  "uploadtime": 1776473901,
  "views": 20,
  "formatid": "gen9championsvgc2026regma",
  "rating": 1087,
  "private": 0,
  "password": null
}