{
  "id": "gen9championsvgc2026regma-2586628528",
  "format": "[Gen 9 Champions] VGC 2026 Reg M-A",
  "players": [
    "antarcticbeluga",
    "freddop"
  ],
  "log": "|j|\u2606antarcticbeluga\n|j|\u2606freddop\n|t:|1776447947\n|gametype|doubles\n|player|p1|antarcticbeluga|102|1217\n|player|p2|freddop|iris-gen5bw2|1310\n|gen|9\n|tier|[Gen 9 Champions] VGC 2026 Reg M-A\n|rated|\n|rule|Species Clause: Limit one of each Pok\u00e9mon\n|rule|Item Clause: Limit 1 of each item\n|clearpoke\n|poke|p1|Sneasler, L50, F|\n|poke|p1|Tyranitar, L50, M|\n|poke|p1|Rotom-Wash, L50|\n|poke|p1|Excadrill, L50, F|\n|poke|p1|Dragapult, L50, F|\n|poke|p1|Meganium, L50, M|\n|poke|p2|Whimsicott, L50, F|\n|poke|p2|Arcanine-Hisui, L50, M|\n|poke|p2|Charizard, L50, F|\n|poke|p2|Sneasler, L50, F|\n|poke|p2|Incineroar, L50, M|\n|poke|p2|Sinistcha, L50|\n|teampreview|4\n|inactive|Battle timer is ON: inactive players will automatically lose when time's up. (requested by freddop)\nfreddop rejected open team sheets.\n|\n|t:|1776447972\n|teamsize|p1|4\n|teamsize|p2|4\n|start\n|switch|p1a: Dragapult|Dragapult, L50, F|100/100\n|switch|p1b: Sneasler|Sneasler, L50, F|100/100\n|switch|p2a: Little Miss Emo|Sneasler, L50, F|100/100\n|switch|p2b: Cuddles|Arcanine-Hisui, L50, M|100/100\n|turn|1\n|\n|t:|1776447984\n|move|p2a: Little Miss Emo|Fake Out|p1b: Sneasler\n|-damage|p1b: Sneasler|74/100\n|cant|p1b: Sneasler|flinch\n|move|p1a: Dragapult|Will-O-Wisp|p2a: Little Miss Emo\n|-status|p2a: Little Miss Emo|brn\n|move|p2b: Cuddles|Head Smash|p1a: Dragapult\n|-damage|p1a: Dragapult|9/100\n|\n|-damage|p2a: Little Miss Emo|95/100 brn|[from] brn\n|upkeep\n|turn|2\n|\n|t:|1776448002\n|move|p1a: Dragapult|Phantom Force||[still]\n|-prepare|p1a: Dragapult|Phantom Force\n|move|p2a: Little Miss Emo|U-turn|p1a: Dragapult|[miss]\n|-miss|p2a: Little Miss Emo|p1a: Dragapult\n|move|p1b: Sneasler|Close Combat|p2b: Cuddles\n|-supereffective|p2b: Cuddles|1\n|-enditem|p2b: Cuddles|Focus Sash\n|-damage|p2b: Cuddles|1/100\n|-unboost|p1b: Sneasler|def|1\n|-unboost|p1b: Sneasler|spd|1\n|-enditem|p1b: Sneasler|White Herb\n|-clearnegativeboost|p1b: Sneasler|[silent]\n|move|p2b: Cuddles|Flare Blitz|p1b: Sneasler\n|-damage|p1b: Sneasler|0 fnt\n|faint|p1b: Sneasler\n|\n|-damage|p2a: Little Miss Emo|89/100 brn|[from] brn\n|upkeep\n|\n|t:|1776448021\n|switch|p1b: Excadrill|Excadrill, L50, F|100/100\n|turn|3\n|\n|t:|1776448041\n|move|p1b: Excadrill|Protect|p1b: Excadrill\n|-singleturn|p1b: Excadrill|Protect\n|move|p2b: Cuddles|Extreme Speed|p1b: Excadrill\n|-activate|p1b: Excadrill|move: Protect\n|move|p1a: Dragapult|Phantom Force|p2a: Little Miss Emo|[from] lockedmove\n|-damage|p2a: Little Miss Emo|15/100 brn\n|move|p2a: Little Miss Emo|Close Combat|p1b: Excadrill\n|-activate|p1b: Excadrill|move: Protect\n|\n|-damage|p2a: Little Miss Emo|10/100 brn|[from] brn\n|upkeep\n|turn|4\n|\n|t:|1776448060\n|switch|p2a: everywhere i go|Incineroar, L50, M|100/100\n|-ability|p2a: everywhere i go|Intimidate|boost\n|-fail|p1a: Dragapult|unboost|[from] ability: Clear Body|[of] p1a: Dragapult\n|-unboost|p1b: Excadrill|atk|1\n|switch|p1b: Tyranitar|Tyranitar, L50, M|100/100\n|-weather|Sandstorm|[from] ability: Sand Stream|[of] p1b: Tyranitar\n|move|p2b: Cuddles|Extreme Speed|p1b: Tyranitar\n|-resisted|p1b: Tyranitar|1\n|-damage|p1b: Tyranitar|90/100\n|move|p1a: Dragapult|Dragon Darts|p2a: everywhere i go\n|-damage|p2a: everywhere i go|76/100\n|-anim|p1a: Dragapult|Dragon Darts|p2b: Cuddles\n|-damage|p2b: Cuddles|0 fnt\n|faint|p2b: Cuddles\n|\n|-weather|Sandstorm|[upkeep]\n|-damage|p1a: Dragapult|3/100|[from] Sandstorm\n|-damage|p2a: everywhere i go|70/100|[from] Sandstorm\n|upkeep\n|inactive|freddop has 30 seconds left.\n|\n|t:|1776448086\n|switch|p2b: gamefreaks babe|Charizard, L50, F, shiny|100/100\n|turn|5\n|\n|t:|1776448100\n|switch|p1b: Excadrill|Excadrill, L50, F|100/100\n|detailschange|p2b: gamefreaks babe|Charizard-Mega-Y, L50, F, shiny\n|-mega|p2b: gamefreaks babe|Charizard|Charizardite Y\n|-weather|SunnyDay|[from] ability: Drought|[of] p2b: gamefreaks babe\n|move|p2a: everywhere i go|Fake Out|p1b: Excadrill\n|-resisted|p1b: Excadrill|1\n|-damage|p1b: Excadrill|91/100\n|move|p1a: Dragapult|Dragon Darts|p2a: everywhere i go\n|-damage|p2a: everywhere i go|47/100\n|-anim|p1a: Dragapult|Dragon Darts|p2b: gamefreaks babe\n|-damage|p2b: gamefreaks babe|67/100\n|move|p2b: gamefreaks babe|Heat Wave|p1b: Excadrill|[spread] p1a,p1b\n|-resisted|p1a: Dragapult|1\n|-supereffective|p1b: Excadrill|1\n|-damage|p1a: Dragapult|0 fnt\n|-damage|p1b: Excadrill|0 fnt\n|faint|p1a: Dragapult\n|faint|p1b: Excadrill\n|\n|-weather|SunnyDay|[upkeep]\n|upkeep\n|\n|t:|1776448116\n|switch|p1b: Tyranitar|Tyranitar, L50, M|90/100\n|-weather|Sandstorm|[from] ability: Sand Stream|[of] p1b: Tyranitar\n|turn|6\n|\n|t:|1776448138\n|move|p2a: everywhere i go|Protect|p2a: everywhere i go\n|-singleturn|p2a: everywhere i go|Protect\n|move|p2b: gamefreaks babe|Focus Blast|p1b: Tyranitar\n|-supereffective|p1b: Tyranitar|2\n|-enditem|p1b: Tyranitar|Chople Berry|[eat]\n|-enditem|p1b: Tyranitar|Chople Berry|[weaken]\n|-damage|p1b: Tyranitar|24/100\n|move|p1b: Tyranitar|Rock Slide|p2a: everywhere i go|[spread] p2b\n|-activate|p2a: everywhere i go|move: Protect\n|-supereffective|p2b: gamefreaks babe|2\n|-damage|p2b: gamefreaks babe|0 fnt\n|faint|p2b: gamefreaks babe\n|\n|-weather|Sandstorm|[upkeep]\n|-damage|p2a: everywhere i go|41/100|[from] Sandstorm\n|upkeep\n|\n|t:|1776448150\n|switch|p2b: Little Miss Emo|Sneasler, L50, F|10/100 brn\n|turn|7\n|\n|t:|1776448156\n|move|p1b: Tyranitar|Protect|p1b: Tyranitar\n|-singleturn|p1b: Tyranitar|Protect\n|move|p2b: Little Miss Emo|Close Combat|p1b: Tyranitar\n|-activate|p1b: Tyranitar|move: Protect\n|move|p2a: everywhere i go|Darkest Lariat|p1b: Tyranitar\n|-activate|p1b: Tyranitar|move: Protect\n|\n|-weather|Sandstorm|[upkeep]\n|-damage|p2b: Little Miss Emo|4/100 brn|[from] Sandstorm\n|-damage|p2a: everywhere i go|35/100|[from] Sandstorm\n|-damage|p2b: Little Miss Emo|0 fnt|[from] brn\n|faint|p2b: Little Miss Emo\n|upkeep\n|turn|8\n|\n|t:|1776448170\n|move|p1b: Tyranitar|Rock Slide|p2a: everywhere i go\n|-supereffective|p2a: everywhere i go|1\n|-damage|p2a: everywhere i go|0 fnt\n|faint|p2a: everywhere i go\n|\n|win|antarcticbeluga\n|raw|antarcticbeluga's rating: 1217 &rarr; <strong>1249</strong><br />(+32 for winning)\n|raw|freddop's rating: 1310 &rarr; <strong>1285</strong><br />(-25 for losing)\n|c|\u2606freddop|gg\n|l|\u2606freddop\n|player|p2|\n|l|\u2606antarcticbeluga\n|player|p1|\n|j|\u2606antarcticbeluga\n|player|p1|antarcticbeluga|102|\n",
  "uploadtime": 1776448176,
  "views": 60,
  "formatid": "gen9championsvgc2026regma",
  "rating": 1249,
  "private": 0,
  "password": null
}