{
  "id": "gen9championsvgc2026regma-2587120977",
  "format": "[Gen 9 Champions] VGC 2026 Reg M-A",
  "players": [
    "larryzang",
    "Kawanohito"
  ],
  "log": "|j|\u2606larryzang\n|j|\u2606Kawanohito\n|t:|1776496381\n|gametype|doubles\n|player|p1|larryzang|265|1437\n|player|p2|Kawanohito|265|1478\n|gen|9\n|tier|[Gen 9 Champions] VGC 2026 Reg M-A\n|rated|\n|rule|Species Clause: Limit one of each Pok\u00e9mon\n|rule|Item Clause: Limit 1 of each item\n|clearpoke\n|poke|p1|Aegislash, L50, M|\n|poke|p1|Charizard, L50, M|\n|poke|p1|Venusaur, L50, M|\n|poke|p1|Rotom-Wash, L50|\n|poke|p1|Garchomp, L50, F|\n|poke|p1|Incineroar, L50, M|\n|poke|p2|Slowbro, L50, F|\n|poke|p2|Incineroar, L50, M|\n|poke|p2|Sinistcha, L50|\n|poke|p2|Sneasler, L50, F|\n|poke|p2|Garchomp, L50, F|\n|poke|p2|Meowstic, L50, M|\n|teampreview|4\n|\n|t:|1776496411\n|teamsize|p1|4\n|teamsize|p2|4\n|start\n|switch|p1a: Aegislash|Aegislash, L50, M|100/100\n|switch|p1b: Charizard|Charizard, L50, M|100/100\n|switch|p2a: Slowbro|Slowbro, L50, F|100/100\n|switch|p2b: Meowstic|Meowstic, L50, M|100/100\n|turn|1\n|\n|t:|1776496446\n|switch|p1b: Incineroar|Incineroar, L50, M|100/100\n|-ability|p1b: Incineroar|Intimidate|boost\n|-fail|p2a: Slowbro|unboost|Attack|[from] ability: Oblivious|[of] p2a: Slowbro\n|-unboost|p2b: Meowstic|atk|1\n|detailschange|p2a: Slowbro|Slowbro-Mega, L50, F\n|-mega|p2a: Slowbro|Slowbro|Slowbronite\n|move|p2b: Meowstic|Fake Out|p1b: Incineroar\n|-damage|p1b: Incineroar|97/100\n|-formechange|p1a: Aegislash|Aegislash-Blade|\n|move|p1a: Aegislash|Shadow Ball|p2b: Meowstic\n|-supereffective|p2b: Meowstic|1\n|-damage|p2b: Meowstic|0 fnt\n|faint|p2b: Meowstic\n|move|p2a: Slowbro|Amnesia|p2a: Slowbro\n|-boost|p2a: Slowbro|spd|2\n|\n|upkeep\n|\n|t:|1776496463\n|switch|p2b: Incineroar|Incineroar, L50, M|100/100\n|-ability|p2b: Incineroar|Intimidate|boost\n|-unboost|p1a: Aegislash|atk|1\n|-unboost|p1b: Incineroar|atk|1\n|turn|2\n|\n|t:|1776496505\n|move|p1b: Incineroar|Fake Out|p2b: Incineroar\n|-crit|p2b: Incineroar\n|-damage|p2b: Incineroar|89/100\n|cant|p2b: Incineroar|flinch\n|move|p1a: Aegislash|Shadow Ball|p2a: Slowbro\n|-supereffective|p2a: Slowbro|1\n|-damage|p2a: Slowbro|55/100\n|move|p2a: Slowbro|Iron Defense|p2a: Slowbro\n|-boost|p2a: Slowbro|def|2\n|\n|upkeep\n|turn|3\n|\n|t:|1776496523\n|move|p1b: Incineroar|Darkest Lariat|p2a: Slowbro\n|-supereffective|p2a: Slowbro|1\n|-damage|p2a: Slowbro|31/100\n|move|p2b: Incineroar|Parting Shot|p1a: Aegislash\n|-unboost|p1a: Aegislash|atk|1\n|-unboost|p1a: Aegislash|spa|1\n|\n|t:|1776496529\n|switch|p2b: Sinistcha|Sinistcha, L50|100/100|[from] Parting Shot\n|-heal|p2a: Slowbro|56/100|[from] ability: Hospitality|[of] p2b: Sinistcha\n|move|p1a: Aegislash|Shadow Ball|p2a: Slowbro\n|-supereffective|p2a: Slowbro|1\n|-damage|p2a: Slowbro|26/100\n|move|p2a: Slowbro|Slack Off|p2a: Slowbro\n|-heal|p2a: Slowbro|76/100\n|\n|upkeep\n|turn|4\n|\n|t:|1776496547\n|switch|p2b: Incineroar|Incineroar, L50, M|89/100\n|-ability|p2b: Incineroar|Intimidate|boost\n|-unboost|p1a: Aegislash|atk|1\n|-unboost|p1b: Incineroar|atk|1\n|move|p1b: Incineroar|Darkest Lariat|p2b: Incineroar\n|-resisted|p2b: Incineroar|1\n|-damage|p2b: Incineroar|83/100\n|move|p1a: Aegislash|Shadow Ball|p2b: Incineroar\n|-resisted|p2b: Incineroar|1\n|-damage|p2b: Incineroar|67/100\n|move|p2a: Slowbro|Amnesia|p2a: Slowbro\n|-boost|p2a: Slowbro|spd|2\n|\n|upkeep\n|turn|5\n|\n|t:|1776496572\n|switch|p1a: Charizard|Charizard, L50, M|100/100\n|move|p1b: Incineroar|Parting Shot|p2a: Slowbro\n|-unboost|p2a: Slowbro|atk|1\n|-unboost|p2a: Slowbro|spa|1\n|\n|t:|1776496580\n|switch|p1b: Garchomp|Garchomp, L50, F|100/100|[from] Parting Shot\n|move|p2b: Incineroar|Darkest Lariat|p1a: Charizard\n|-damage|p1a: Charizard|64/100\n|move|p2a: Slowbro|Iron Defense|p2a: Slowbro\n|-boost|p2a: Slowbro|def|2\n|\n|upkeep\n|turn|6\n|\n|t:|1776496628\n|switch|p2b: Sinistcha|Sinistcha, L50|100/100\n|-heal|p2a: Slowbro|100/100|[from] ability: Hospitality|[of] p2b: Sinistcha\n|detailschange|p1a: Charizard|Charizard-Mega-Y, L50, M\n|-mega|p1a: Charizard|Charizard|Charizardite Y\n|-weather|SunnyDay|[from] ability: Drought|[of] p1a: Charizard\n|move|p1b: Garchomp|Stomping Tantrum|p2b: Sinistcha\n|-resisted|p2b: Sinistcha|1\n|-damage|p2b: Sinistcha|79/100\n|move|p1a: Charizard|Solar Beam||[still]\n|-prepare|p1a: Charizard|Solar Beam\n|-anim|p1a: Charizard|Solar Beam|p2a: Slowbro\n|-supereffective|p2a: Slowbro|1\n|-damage|p2a: Slowbro|71/100\n|move|p2a: Slowbro|Body Press|p1a: Charizard\n|-resisted|p1a: Charizard|1\n|-damage|p1a: Charizard|8/100\n|\n|-weather|SunnyDay|[upkeep]\n|upkeep\n|turn|7\n|\n|t:|1776496662\n|move|p1b: Garchomp|Stomping Tantrum|p2b: Sinistcha\n|-resisted|p2b: Sinistcha|1\n|-damage|p2b: Sinistcha|59/100\n|move|p1a: Charizard|Heat Wave|p2a: Slowbro|[spread] \n|-miss|p1a: Charizard|p2a: Slowbro\n|-miss|p1a: Charizard|p2b: Sinistcha\n|move|p2a: Slowbro|Body Press|p1a: Charizard\n|-resisted|p1a: Charizard|1\n|-damage|p1a: Charizard|0 fnt\n|faint|p1a: Charizard\n|move|p2b: Sinistcha|Trick Room|p2b: Sinistcha\n|-fieldstart|move: Trick Room|[of] p2b: Sinistcha\n|\n|-weather|SunnyDay|[upkeep]\n|upkeep\n|\n|t:|1776496677\n|switch|p1a: Aegislash|Aegislash, L50, M|100/100\n|turn|8\n|\n|t:|1776496700\n|switch|p2b: Incineroar|Incineroar, L50, M|67/100\n|-ability|p2b: Incineroar|Intimidate|boost\n|-unboost|p1a: Aegislash|atk|1\n|-unboost|p1b: Garchomp|atk|1\n|move|p2a: Slowbro|Body Press|p1b: Garchomp\n|-damage|p1b: Garchomp|2/100\n|-damage|p2a: Slowbro|58/100|[from] ability: Rough Skin|[of] p1b: Garchomp\n|-formechange|p1a: Aegislash|Aegislash-Blade|\n|move|p1a: Aegislash|Shadow Ball|p2b: Incineroar\n|-resisted|p2b: Incineroar|1\n|-damage|p2b: Incineroar|45/100\n|-enditem|p2b: Incineroar|Sitrus Berry|[eat]\n|-heal|p2b: Incineroar|69/100|[from] item: Sitrus Berry\n|move|p1b: Garchomp|Stomping Tantrum|p2b: Incineroar\n|-supereffective|p2b: Incineroar|1\n|-damage|p2b: Incineroar|30/100\n|\n|-weather|SunnyDay|[upkeep]\n|upkeep\n|turn|9\n|\n|t:|1776496729\n|move|p2a: Slowbro|Body Press|p1b: Garchomp\n|-damage|p1b: Garchomp|0 fnt\n|-damage|p2a: Slowbro|46/100|[from] ability: Rough Skin|[of] p1b: Garchomp\n|faint|p1b: Garchomp\n|move|p1a: Aegislash|Close Combat|p2b: Incineroar\n|-supereffective|p2b: Incineroar|1\n|-damage|p2b: Incineroar|0 fnt\n|-unboost|p1a: Aegislash|def|1\n|-unboost|p1a: Aegislash|spd|1\n|faint|p2b: Incineroar\n|\n|-weather|SunnyDay|[upkeep]\n|upkeep\n|\n|t:|1776496742\n|switch|p2b: Sinistcha|Sinistcha, L50|59/100\n|switch|p1b: Incineroar|Incineroar, L50, M|97/100\n|-ability|p1b: Incineroar|Intimidate|boost\n|-unboost|p2a: Slowbro|atk|1\n|-unboost|p2b: Sinistcha|atk|1\n|-heal|p2a: Slowbro|71/100|[from] ability: Hospitality|[of] p2b: Sinistcha\n|turn|10\n|\n|t:|1776496766\n|move|p1b: Incineroar|Fake Out|p2a: Slowbro\n|-damage|p2a: Slowbro|69/100\n|cant|p2a: Slowbro|flinch\n|move|p1a: Aegislash|Shadow Ball|p2b: Sinistcha\n|-supereffective|p2b: Sinistcha|1\n|-enditem|p2b: Sinistcha|Kasib Berry|[eat]\n|-enditem|p2b: Sinistcha|Kasib Berry|[weaken]\n|-damage|p2b: Sinistcha|13/100\n|-unboost|p2b: Sinistcha|spd|1\n|move|p2b: Sinistcha|Psych Up|p2a: Slowbro\n|-copyboost|p2b: Sinistcha|p2a: Slowbro|[from] move: Psych Up\n|\n|-weather|none\n|upkeep\n|turn|11\n|\n|t:|1776496787\n|move|p2a: Slowbro|Body Press|p1b: Incineroar\n|-supereffective|p1b: Incineroar|1\n|-damage|p1b: Incineroar|0 fnt\n|faint|p1b: Incineroar\n|move|p1a: Aegislash|Shadow Ball|p2b: Sinistcha\n|-supereffective|p2b: Sinistcha|1\n|-damage|p2b: Sinistcha|0 fnt\n|faint|p2b: Sinistcha\n|\n|-fieldend|move: Trick Room\n|upkeep\n|turn|12\n|\n|t:|1776496804\n|move|p1a: Aegislash|Shadow Sneak|p2a: Slowbro\n|-supereffective|p2a: Slowbro|1\n|-damage|p2a: Slowbro|63/100\n|move|p2a: Slowbro|Slack Off|p2a: Slowbro\n|-heal|p2a: Slowbro|100/100\n|\n|upkeep\n|turn|13\n|-message|Kawanohito forfeited.\n|\n|win|larryzang\n|raw|larryzang's rating: 1437 &rarr; <strong>1459</strong><br />(+22 for winning)\n|raw|Kawanohito's rating: 1478 &rarr; <strong>1456</strong><br />(-22 for losing)\n|l|\u2606Kawanohito\n|player|p2|\n",
  "uploadtime": 1776496821,
  "views": 30,
  "formatid": "gen9championsvgc2026regma",
  "rating": 1456,
  "private": 0,
  "password": null
}