{
  "id": "gen9championsvgc2026regma-2588512430",
  "format": "[Gen 9 Champions] VGC 2026 Reg M-A",
  "players": [
    "regitron 21",
    "Kyus"
  ],
  "log": "|j|\u2606regitron 21\n|j|\u2606Kyus\n|t:|1776640355\n|gametype|doubles\n|player|p1|regitron 21|n|1144\n|player|p2|Kyus|adaman|1094\n|gen|9\n|tier|[Gen 9 Champions] VGC 2026 Reg M-A\n|rated|\n|rule|Species Clause: Limit one of each Pok\u00e9mon\n|rule|Item Clause: Limit 1 of each item\n|clearpoke\n|poke|p1|Aegislash, L50, M|\n|poke|p1|Froslass, L50, F|\n|poke|p1|Incineroar, L50, F|\n|poke|p1|Sneasler, L50, F|\n|poke|p1|Rotom-Wash, L50|\n|poke|p1|Volcarona, L50, M|\n|poke|p2|Hawlucha, L50, M, shiny|\n|poke|p2|Alcremie, L50, F|\n|poke|p2|Froslass, L50, F|\n|poke|p2|Arcanine-Hisui, L50, F|\n|poke|p2|Forretress, L50, M|\n|poke|p2|Chandelure, L50, M|\n|teampreview|4\n|c|\u2606regitron 21|hey\n|c|\u2606regitron 21|good luck bud\n|c|\u2606regitron 21|cool team\nregitron 21 has agreed to open team sheets.\n|\n|t:|1776640435\n|teamsize|p1|4\n|teamsize|p2|4\n|start\n|switch|p1a: Rotom|Rotom-Wash, L50|100/100\n|switch|p1b: Aegislash|Aegislash, L50, M|100/100\n|switch|p2a: Forretress|Forretress, L50, M|100/100\n|switch|p2b: Chandelure|Chandelure, L50, M|100/100\n|turn|1\n|\n|t:|1776640451\n|move|p1a: Rotom|Trick|p2a: Forretress\n|-activate|p1a: Rotom|move: Trick|[of] p2a: Forretress\n|-item|p2a: Forretress|Choice Scarf|[from] move: Trick\n|-item|p1a: Rotom|Occa Berry|[from] move: Trick\n|move|p2b: Chandelure|Shadow Ball|p1b: Aegislash\n|-supereffective|p1b: Aegislash|1\n|-damage|p1b: Aegislash|32/100\n|move|p2a: Forretress|Stealth Rock|p1b: Aegislash\n|-sidestart|p1: regitron 21|move: Stealth Rock\n|-formechange|p1b: Aegislash|Aegislash-Blade|\n|move|p1b: Aegislash|Poltergeist|p2b: Chandelure\n|-activate|p2b: Chandelure|move: Poltergeist|Choice Scarf\n|-supereffective|p2b: Chandelure|1\n|-damage|p2b: Chandelure|0 fnt\n|faint|p2b: Chandelure\n|\n|upkeep\n|\n|t:|1776640459\n|switch|p2b: Alcremie|Alcremie, L50, F|100/100\n|turn|2\n|\n|t:|1776640471\n|move|p2b: Alcremie|Protect|p2b: Alcremie\n|-singleturn|p2b: Alcremie|Protect\n|move|p1a: Rotom|Hydro Pump|p2b: Alcremie\n|-activate|p2b: Alcremie|move: Protect\n|move|p2a: Forretress|Stealth Rock||[still]\n|-fail|p2a: Forretress\n|move|p1b: Aegislash|Poltergeist|p2b: Alcremie\n|-activate|p2b: Alcremie|move: Protect\n|\n|upkeep\n|turn|3\n|\n|t:|1776640483\n|move|p1a: Rotom|Hydro Pump|p2b: Alcremie\n|-damage|p2b: Alcremie|66/100\n|move|p2b: Alcremie|Dazzling Gleam|p1b: Aegislash|[spread] p1a,p1b\n|-resisted|p1b: Aegislash|1\n|-crit|p1b: Aegislash\n|-damage|p1a: Rotom|69/100\n|-damage|p1b: Aegislash|3/100\n|move|p2a: Forretress|Stealth Rock||[still]\n|-fail|p2a: Forretress\n|move|p1b: Aegislash|Poltergeist|p2b: Alcremie\n|-activate|p2b: Alcremie|move: Poltergeist|Focus Sash\n|-damage|p2b: Alcremie|0 fnt\n|faint|p2b: Alcremie\n|\n|upkeep\n|\n|t:|1776640493\n|switch|p2b: Hawlucha|Hawlucha, L50, M, shiny|100/100\n|turn|4\n|\n|t:|1776640500\n|detailschange|p2b: Hawlucha|Hawlucha-Mega, L50, M, shiny\n|-mega|p2b: Hawlucha|Hawlucha|Hawluchanite\n|move|p1b: Aegislash|Shadow Sneak|p2b: Hawlucha\n|-damage|p2b: Hawlucha|70/100\n|move|p2b: Hawlucha|Stone Edge|p1a: Rotom\n|-damage|p1a: Rotom|17/100\n|move|p1a: Rotom|Thunderbolt|p2b: Hawlucha\n|-supereffective|p2b: Hawlucha|1\n|-damage|p2b: Hawlucha|0 fnt\n|faint|p2b: Hawlucha\n|move|p2a: Forretress|Stealth Rock||[still]\n|-fail|p2a: Forretress\n|\n|upkeep\n|turn|5\n|-message|Kyus forfeited.\n|\n|win|regitron 21\n|raw|regitron 21's rating: 1144 &rarr; <strong>1165</strong><br />(+21 for winning)\n|raw|Kyus's rating: 1094 &rarr; <strong>1073</strong><br />(-21 for losing)\n|l|\u2606Kyus\n|player|p2|\n|c|\u2606regitron 21|gg\n|c|\u2606regitron 21|nice team bud\n",
  "uploadtime": 1776640518,
  "views": 9,
  "formatid": "gen9championsvgc2026regma",
  "rating": 1073,
  "private": 0,
  "password": null
}