{
  "id": "gen9championsvgc2026regma-2583562661",
  "format": "[Gen 9 Champions] VGC 2026 Reg M-A",
  "players": [
    "Mentalsyndrome",
    "bfscb s"
  ],
  "log": "|j|\u2606Mentalsyndrome\n|j|\u2606bfscb s\n|t:|1776183487\n|gametype|doubles\n|player|p1|Mentalsyndrome|102|1186\n|player|p2|bfscb s|101|1269\n|gen|9\n|tier|[Gen 9 Champions] VGC 2026 Reg M-A\n|rated|\n|rule|Species Clause: Limit one of each Pok\u00e9mon\n|rule|Item Clause: Limit 1 of each item\n|clearpoke\n|poke|p1|Bastiodon, L50, F|\n|poke|p1|Hawlucha, L50, M|\n|poke|p1|Milotic, L50, M|\n|poke|p1|Excadrill, L50, M|\n|poke|p1|Farigiraf, L50, F|\n|poke|p1|Tyranitar, L50, M|\n|poke|p2|Charizard, L50, F|\n|poke|p2|Venusaur, L50, F|\n|poke|p2|Garchomp, L50, F|\n|poke|p2|Rotom-Wash, L50|\n|poke|p2|Sneasler, L50, M|\n|poke|p2|Incineroar, L50, M|\n|teampreview|4\n|inactive|Battle timer is ON: inactive players will automatically lose when time's up. (requested by Mentalsyndrome)\n|inactive|Mentalsyndrome has 60 seconds left.\n|inactive|bfscb s has 60 seconds left.\n|\n|t:|1776183539\n|teamsize|p1|4\n|teamsize|p2|4\n|start\n|switch|p1a: Hawlucha|Hawlucha, L50, M|100/100\n|switch|p1b: Milotic|Milotic, L50, M|100/100\n|switch|p2a: Charizard|Charizard, L50, F|100/100\n|switch|p2b: Garchomp|Garchomp, L50, F|100/100\n|turn|1\n|\n|t:|1776183563\n|detailschange|p1a: Hawlucha|Hawlucha-Mega, L50, M\n|-mega|p1a: Hawlucha|Hawlucha|Hawluchanite\n|detailschange|p2a: Charizard|Charizard-Mega-Y, L50, F\n|-mega|p2a: Charizard|Charizard|Charizardite Y\n|-weather|SunnyDay|[from] ability: Drought|[of] p2a: Charizard\n|move|p2b: Garchomp|Dragon Claw|p1a: Hawlucha\n|-damage|p1a: Hawlucha|54/100\n|move|p1a: Hawlucha|Stone Edge|p2a: Charizard\n|-supereffective|p2a: Charizard|2\n|-damage|p2a: Charizard|0 fnt\n|faint|p2a: Charizard\n|move|p1b: Milotic|Coil|p1b: Milotic\n|-boost|p1b: Milotic|atk|1\n|-boost|p1b: Milotic|def|1\n|-boost|p1b: Milotic|accuracy|1\n|\n|-weather|SunnyDay|[upkeep]\n|upkeep\n|\n|t:|1776183575\n|switch|p2a: Venusaur|Venusaur, L50, F|100/100\n|turn|2\n|\n|t:|1776183585\n|move|p1a: Hawlucha|Protect|p1a: Hawlucha\n|-singleturn|p1a: Hawlucha|Protect\n|move|p2a: Venusaur|Sleep Powder|p1b: Milotic\n|-status|p1b: Milotic|slp|[from] move: Sleep Powder\n|move|p2b: Garchomp|Dragon Claw|p1a: Hawlucha\n|-activate|p1a: Hawlucha|move: Protect\n|cant|p1b: Milotic|slp\n|\n|-weather|SunnyDay|[upkeep]\n|upkeep\n|turn|3\n|\n|t:|1776183597\n|switch|p1a: Tyranitar|Tyranitar, L50, M|100/100\n|-weather|Sandstorm|[from] ability: Sand Stream|[of] p1a: Tyranitar\n|move|p2b: Garchomp|Dragon Claw|p1a: Tyranitar\n|-damage|p1a: Tyranitar|64/100\n|move|p2a: Venusaur|Sleep Powder|p1a: Tyranitar|[miss]\n|-miss|p2a: Venusaur|p1a: Tyranitar\n|cant|p1b: Milotic|slp\n|\n|-weather|Sandstorm|[upkeep]\n|-damage|p2a: Venusaur|95/100|[from] Sandstorm\n|-damage|p1b: Milotic|95/100 slp|[from] Sandstorm\n|-heal|p1b: Milotic|100/100 slp|[from] item: Leftovers\n|upkeep\n|turn|4\n|\n|t:|1776183602\n|switch|p2b: Sneasler|Sneasler, L50, M|100/100\n|move|p1a: Tyranitar|Protect|p1a: Tyranitar\n|-singleturn|p1a: Tyranitar|Protect\n|move|p2a: Venusaur|Leaf Storm|p1b: Milotic\n|-supereffective|p1b: Milotic|1\n|-damage|p1b: Milotic|25/100 slp\n|-unboost|p2a: Venusaur|spa|2\n|-curestatus|p1b: Milotic|slp|[msg]\n|move|p1b: Milotic|Hypnosis|p2a: Venusaur\n|-status|p2a: Venusaur|slp|[from] move: Hypnosis\n|\n|-weather|Sandstorm|[upkeep]\n|-damage|p2b: Sneasler|95/100|[from] Sandstorm\n|-damage|p2a: Venusaur|89/100 slp|[from] Sandstorm\n|-damage|p1b: Milotic|19/100|[from] Sandstorm\n|-heal|p1b: Milotic|25/100|[from] item: Leftovers\n|upkeep\n|turn|5\n|\n|t:|1776183619\n|switch|p2a: Garchomp|Garchomp, L50, F|100/100\n|move|p2b: Sneasler|Close Combat|p1a: Tyranitar\n|-supereffective|p1a: Tyranitar|2\n|-damage|p1a: Tyranitar|0 fnt\n|-unboost|p2b: Sneasler|def|1\n|-unboost|p2b: Sneasler|spd|1\n|faint|p1a: Tyranitar\n|-enditem|p2b: Sneasler|White Herb\n|-clearnegativeboost|p2b: Sneasler|[silent]\n|move|p1b: Milotic|Hypnosis|p2b: Sneasler\n|-status|p2b: Sneasler|slp|[from] move: Hypnosis\n|\n|-weather|Sandstorm|[upkeep]\n|-damage|p2b: Sneasler|89/100 slp|[from] Sandstorm\n|-damage|p1b: Milotic|19/100|[from] Sandstorm\n|-heal|p1b: Milotic|25/100|[from] item: Leftovers\n|upkeep\n|\n|t:|1776183624\n|switch|p1a: Excadrill|Excadrill, L50, M|100/100\n|turn|6\n|inactive|bfscb s has 30 seconds left.\n|\n|t:|1776183658\n|switch|p2b: Venusaur|Venusaur, L50, F|89/100 slp\n|move|p1a: Excadrill|Protect|p1a: Excadrill\n|-singleturn|p1a: Excadrill|Protect\n|move|p2a: Garchomp|Earthquake|p1b: Milotic|[spread] p2b,p1b\n|-activate|p1a: Excadrill|move: Protect\n|-damage|p2b: Venusaur|27/100 slp\n|-damage|p1b: Milotic|0 fnt\n|faint|p1b: Milotic\n|\n|-weather|Sandstorm|[upkeep]\n|-damage|p2b: Venusaur|21/100 slp|[from] Sandstorm\n|upkeep\n|\n|t:|1776183662\n|switch|p1b: Hawlucha|Hawlucha-Mega, L50, M|54/100\n|turn|7\n|\n|t:|1776183682\n|cant|p2b: Venusaur|slp\n|move|p1a: Excadrill|Rock Slide|p2a: Garchomp|[spread] p2a,p2b\n|-resisted|p2a: Garchomp|1\n|-damage|p2a: Garchomp|90/100\n|-damage|p2b: Venusaur|0 fnt\n|faint|p2b: Venusaur\n|cant|p2a: Garchomp|flinch\n|move|p1b: Hawlucha|Dual Wingbeat|p2a: Garchomp\n|-damage|p2a: Garchomp|71/100\n|-damage|p1b: Hawlucha|42/100|[from] ability: Rough Skin|[of] p2a: Garchomp\n|-damage|p2a: Garchomp|52/100\n|-damage|p1b: Hawlucha|30/100|[from] ability: Rough Skin|[of] p2a: Garchomp\n|-hitcount|p2a: Garchomp|2\n|\n|-weather|none\n|upkeep\n|\n|t:|1776183691\n|switch|p2b: Sneasler|Sneasler, L50, M|89/100 slp\n|turn|8\n|\n|t:|1776183696\n|cant|p2b: Sneasler|slp\n|move|p2a: Garchomp|Earthquake|p1a: Excadrill|[spread] p2b,p1a\n|-immune|p1b: Hawlucha\n|-supereffective|p2b: Sneasler|1\n|-crit|p2b: Sneasler\n|-supereffective|p1a: Excadrill|1\n|-damage|p2b: Sneasler|0 fnt\n|-enditem|p1a: Excadrill|Focus Sash\n|-damage|p1a: Excadrill|1/100\n|faint|p2b: Sneasler\n|move|p1b: Hawlucha|Dual Wingbeat|p2a: Garchomp\n|-damage|p2a: Garchomp|30/100\n|-damage|p1b: Hawlucha|18/100|[from] ability: Rough Skin|[of] p2a: Garchomp\n|-damage|p2a: Garchomp|11/100\n|-damage|p1b: Hawlucha|5/100|[from] ability: Rough Skin|[of] p2a: Garchomp\n|-hitcount|p2a: Garchomp|2\n|move|p1a: Excadrill|Rock Slide|p2a: Garchomp\n|-resisted|p2a: Garchomp|1\n|-damage|p2a: Garchomp|0 fnt\n|faint|p2a: Garchomp\n|\n|win|Mentalsyndrome\n|raw|Mentalsyndrome's rating: 1186 &rarr; <strong>1217</strong><br />(+31 for winning)\n|raw|bfscb s's rating: 1269 &rarr; <strong>1238</strong><br />(-31 for losing)\n|l|\u2606bfscb s\n|player|p2|\n",
  "uploadtime": 1776183709,
  "views": 17,
  "formatid": "gen9championsvgc2026regma",
  "rating": 1217,
  "private": 0,
  "password": null
}