{
  "id": "gen9championsvgc2026regma-2588632554",
  "format": "[Gen 9 Champions] VGC 2026 Reg M-A",
  "players": [
    "Jim's Esports",
    "sethwell"
  ],
  "log": "|j|\u2606Jim's Esports\n|j|\u2606sethwell\n|t:|1776652039\n|gametype|doubles\n|player|p1|Jim's Esports|zinnia|1411\n|player|p2|sethwell|blue|1509\n|gen|9\n|tier|[Gen 9 Champions] VGC 2026 Reg M-A\n|rated|\n|rule|Species Clause: Limit one of each Pok\u00e9mon\n|rule|Item Clause: Limit 1 of each item\n|clearpoke\n|poke|p1|Gardevoir, L50, F|\n|poke|p1|Incineroar, L50, F|\n|poke|p1|Sinistcha, L50|\n|poke|p1|Rotom-Wash, L50|\n|poke|p1|Tyranitar, L50, M|\n|poke|p1|Aegislash, L50, F|\n|poke|p2|Blastoise, L50, F|\n|poke|p2|Whimsicott, L50, F|\n|poke|p2|Incineroar, L50, M|\n|poke|p2|Sneasler, L50, F|\n|poke|p2|Kingambit, L50, M|\n|poke|p2|Sinistcha, L50|\n|teampreview|4\n|inactive|Battle timer is ON: inactive players will automatically lose when time's up. (requested by sethwell)\n|inactive|sethwell has 60 seconds left.\n|\n|t:|1776652092\n|teamsize|p1|4\n|teamsize|p2|4\n|start\n|switch|p1a: Gardevoir|Gardevoir, L50, F|100/100\n|switch|p1b: Rotom|Rotom-Wash, L50|100/100\n|switch|p2a: Sinistcha|Sinistcha, L50|100/100\n|switch|p2b: Blastoise|Blastoise, L50, F|100/100\n|-ability|p1a: Gardevoir|Torrent|Trace|[from] ability: Trace|[of] p2b: Blastoise\n|turn|1\n|inactive|Jim's Esports has 30 seconds left.\n|\n|t:|1776652120\n|move|p2b: Blastoise|Protect|p2b: Blastoise\n|-singleturn|p2b: Blastoise|Protect\n|move|p1a: Gardevoir|Protect|p1a: Gardevoir\n|-singleturn|p1a: Gardevoir|Protect\n|move|p1b: Rotom|Thunderbolt|p2b: Blastoise\n|-activate|p2b: Blastoise|move: Protect\n|move|p2a: Sinistcha|Matcha Gotcha|p1a: Gardevoir|[spread] \n|-activate|p1a: Gardevoir|move: Protect\n|-miss|p2a: Sinistcha|p1b: Rotom\n|\n|upkeep\n|turn|2\n|\n|t:|1776652141\n|detailschange|p2b: Blastoise|Blastoise-Mega, L50, F\n|-mega|p2b: Blastoise|Blastoise|Blastoisinite\n|detailschange|p1a: Gardevoir|Gardevoir-Mega, L50, F\n|-mega|p1a: Gardevoir|Gardevoir|Gardevoirite\n|move|p2a: Sinistcha|Rage Powder|p2a: Sinistcha\n|-singleturn|p2a: Sinistcha|move: Rage Powder\n|move|p2b: Blastoise|Shell Smash|p2b: Blastoise\n|-unboost|p2b: Blastoise|def|1\n|-unboost|p2b: Blastoise|spd|1\n|-boost|p2b: Blastoise|atk|2\n|-boost|p2b: Blastoise|spa|2\n|-boost|p2b: Blastoise|spe|2\n|move|p1a: Gardevoir|Hyper Voice|p2b: Blastoise|[spread] p2a,p2b\n|-damage|p2a: Sinistcha|51/100\n|-damage|p2b: Blastoise|20/100\n|move|p1b: Rotom|Thunderbolt|p2a: Sinistcha\n|-resisted|p2a: Sinistcha|1\n|-damage|p2a: Sinistcha|31/100\n|\n|upkeep\n|turn|3\n|inactive|sethwell has 30 seconds left.\n|inactive|Jim's Esports has 30 seconds left.\n|\n|t:|1776652173\n|switch|p1b: Sinistcha|Sinistcha, L50|100/100\n|move|p1a: Gardevoir|Protect|p1a: Gardevoir\n|-singleturn|p1a: Gardevoir|Protect\n|move|p2a: Sinistcha|Rage Powder|p2a: Sinistcha\n|-singleturn|p2a: Sinistcha|move: Rage Powder\n|move|p2b: Blastoise|Water Pulse|p1a: Gardevoir\n|-activate|p1a: Gardevoir|move: Protect\n|\n|upkeep\n|turn|4\n|inactive|sethwell has 30 seconds left.\n|inactive|sethwell has 20 seconds left.\n|\n|t:|1776652212\n|move|p1b: Sinistcha|Rage Powder|p1b: Sinistcha\n|-singleturn|p1b: Sinistcha|move: Rage Powder\n|move|p2b: Blastoise|Water Pulse|p1b: Sinistcha\n|-resisted|p1b: Sinistcha|1\n|-damage|p1b: Sinistcha|45/100\n|-start|p1b: Sinistcha|confusion\n|move|p1a: Gardevoir|Hyper Voice|p2a: Sinistcha|[spread] p2a,p2b\n|-damage|p2a: Sinistcha|0 fnt\n|-damage|p2b: Blastoise|0 fnt\n|faint|p2a: Sinistcha\n|faint|p2b: Blastoise\n|\n|upkeep\n|\n|t:|1776652220\n|switch|p2b: Sneasler|Sneasler, L50, F|100/100\n|switch|p2a: Whimsicott|Whimsicott, L50, F|100/100\n|turn|5\n|\n|t:|1776652234\n|switch|p1a: Incineroar|Incineroar, L50, F|100/100\n|-ability|p1a: Incineroar|Intimidate|boost\n|-unboost|p2a: Whimsicott|atk|1\n|-unboost|p2b: Sneasler|atk|1\n|-enditem|p2b: Sneasler|White Herb\n|-clearnegativeboost|p2b: Sneasler|[silent]\n|move|p2b: Sneasler|Dire Claw|p1a: Incineroar\n|-damage|p1a: Incineroar|60/100\n|move|p2a: Whimsicott|Dazzling Gleam|p1a: Incineroar|[spread] p1a,p1b\n|-damage|p1a: Incineroar|41/100\n|-damage|p1b: Sinistcha|20/100\n|-enditem|p1a: Incineroar|Sitrus Berry|[eat]\n|-heal|p1a: Incineroar|66/100|[from] item: Sitrus Berry\n|-activate|p1b: Sinistcha|confusion\n|-damage|p1b: Sinistcha|15/100|[from] confusion\n|\n|upkeep\n|turn|6\n|\n|t:|1776652259\n|switch|p1b: Gardevoir|Gardevoir-Mega, L50, F|100/100\n|move|p1a: Incineroar|Fake Out|p2b: Sneasler\n|-damage|p2b: Sneasler|80/100\n|cant|p2b: Sneasler|flinch\n|move|p2a: Whimsicott|Dazzling Gleam|p1a: Incineroar|[spread] p1a,p1b\n|-damage|p1a: Incineroar|47/100\n|-damage|p1b: Gardevoir|83/100\n|\n|upkeep\n|turn|7\n|inactive|Jim's Esports has 30 seconds left.\n|\n|t:|1776652285\n|switch|p1a: Sinistcha|Sinistcha, L50|15/100\n|-heal|p1b: Gardevoir|100/100|[from] ability: Hospitality|[of] p1a: Sinistcha\n|move|p1b: Gardevoir|Protect|p1b: Gardevoir\n|-singleturn|p1b: Gardevoir|Protect\n|move|p2b: Sneasler|Dire Claw|p1b: Gardevoir\n|-activate|p1b: Gardevoir|move: Protect\n|move|p2a: Whimsicott|Dazzling Gleam|p1a: Sinistcha|[spread] p1a\n|-activate|p1b: Gardevoir|move: Protect\n|-damage|p1a: Sinistcha|0 fnt\n|faint|p1a: Sinistcha\n|\n|upkeep\n|\n|t:|1776652293\n|switch|p1a: Incineroar|Incineroar, L50, F|47/100\n|-ability|p1a: Incineroar|Intimidate|boost\n|-unboost|p2a: Whimsicott|atk|1\n|-unboost|p2b: Sneasler|atk|1\n|turn|8\n|\n|t:|1776652319\n|move|p1a: Incineroar|Fake Out|p2a: Whimsicott\n|-damage|p2a: Whimsicott|81/100\n|cant|p2a: Whimsicott|flinch\n|move|p2b: Sneasler|Dire Claw|p1b: Gardevoir\n|-supereffective|p1b: Gardevoir|1\n|-damage|p1b: Gardevoir|25/100\n|move|p1b: Gardevoir|Psychic|p2b: Sneasler\n|-supereffective|p2b: Sneasler|2\n|-damage|p2b: Sneasler|0 fnt\n|faint|p2b: Sneasler\n|\n|upkeep\n|turn|9\n|\n|t:|1776652327\n|switch|p1b: Rotom|Rotom-Wash, L50|100/100\n|move|p2a: Whimsicott|Dazzling Gleam|p1b: Rotom|[spread] p1a,p1b\n|-damage|p1a: Incineroar|28/100\n|-damage|p1b: Rotom|73/100\n|move|p1a: Incineroar|Flare Blitz|p2a: Whimsicott\n|-supereffective|p2a: Whimsicott|1\n|-damage|p2a: Whimsicott|0 fnt\n|faint|p2a: Whimsicott\n|-damage|p1a: Incineroar|10/100|[from] Recoil\n|\n|win|Jim's Esports\n|raw|Jim&apos;s Esports's rating: 1411 &rarr; <strong>1436</strong><br />(+25 for winning)\n|raw|sethwell's rating: 1509 &rarr; <strong>1484</strong><br />(-25 for losing)\n|l|\u2606sethwell\n|player|p2|\n|l|\u2606Jim's Esports\n|player|p1|\n",
  "uploadtime": 1776652390,
  "views": 5,
  "formatid": "gen9championsvgc2026regma",
  "rating": 1436,
  "private": 0,
  "password": null
}