{
  "id": "gen9championsvgc2026regma-2584841490",
  "format": "[Gen 9 Champions] VGC 2026 Reg M-A",
  "players": [
    "WojtusG",
    "yuriimon"
  ],
  "log": "|j|\u2606WojtusG\n|j|\u2606yuriimon\n|t:|1776287840\n|gametype|doubles\n|player|p1|WojtusG|steven|1087\n|player|p2|yuriimon|waitress-gen4|1000\n|gen|9\n|tier|[Gen 9 Champions] VGC 2026 Reg M-A\n|rated|\n|rule|Species Clause: Limit one of each Pok\u00e9mon\n|rule|Item Clause: Limit 1 of each item\n|clearpoke\n|poke|p1|Zoroark-Hisui, L50, M|\n|poke|p1|Meganium, L50, M|\n|poke|p1|Pelipper, L50, F|\n|poke|p1|Archaludon, L50, M|\n|poke|p1|Sneasler, L50, M|\n|poke|p1|Incineroar, L50, M|\n|poke|p2|Glimmora, L50, F|\n|poke|p2|Incineroar, L50, M|\n|poke|p2|Archaludon, L50, F|\n|poke|p2|Politoed, L50, M|\n|poke|p2|Basculegion, L50, M|\n|poke|p2|Chesnaught, L50, F|\n|teampreview|4\n|inactive|Battle timer is ON: inactive players will automatically lose when time's up. (requested by yuriimon)\n|\n|t:|1776287865\n|teamsize|p1|4\n|teamsize|p2|4\n|start\n|switch|p1a: 1000-THR|Archaludon, L50, M|100/100\n|switch|p1b: Rain set mon|Pelipper, L50, F|100/100\n|switch|p2a: Glimmora|Glimmora, L50, F|100/100\n|switch|p2b: Archaludon|Archaludon, L50, F|100/100\n|-weather|RainDance|[from] ability: Drizzle|[of] p1b: Rain set mon\n|turn|1\n|\n|t:|1776287882\n|detailschange|p2a: Glimmora|Glimmora-Mega, L50, F\n|-mega|p2a: Glimmora|Glimmora|Glimmoranite\n|move|p1a: 1000-THR|Nasty Plot|p1a: 1000-THR\n|-boost|p1a: 1000-THR|spa|2\n|move|p2a: Glimmora|Earth Power|p1a: 1000-THR\n|-damage|p1a: 1000-THR|29/100\n|-unboost|p1a: 1000-THR|spd|1\n|replace|p1a: Hi!|Zoroark-Hisui, L50, M\n|-end|p1a: Hi!|Illusion\n|move|p2b: Archaludon|Snarl|p1a: Hi!|[spread] p1a,p1b\n|-supereffective|p1a: Hi!|1\n|-damage|p1a: Hi!|0 fnt\n|-damage|p1b: Rain set mon|79/100\n|-unboost|p1b: Rain set mon|spa|1\n|faint|p1a: Hi!\n|move|p1b: Rain set mon|Tailwind|p1b: Rain set mon\n|-sidestart|p1: WojtusG|move: Tailwind\n|\n|-weather|RainDance|[upkeep]\n|upkeep\n|inactive|WojtusG has 30 seconds left.\n|\n|t:|1776287908\n|switch|p1a: Meganium|Meganium, L50, M|100/100\n|turn|2\n|\n|t:|1776287920\n|move|p1a: Meganium|Weather Ball|p2a: Glimmora\n|-supereffective|p2a: Glimmora|1\n|-damage|p2a: Glimmora|8/100\n|move|p1b: Rain set mon|Hydro Pump|p2a: Glimmora\n|-supereffective|p2a: Glimmora|1\n|-damage|p2a: Glimmora|0 fnt\n|faint|p2a: Glimmora\n|move|p2b: Archaludon|Electro Shot||[still]\n|-prepare|p2b: Archaludon|Electro Shot\n|-boost|p2b: Archaludon|spa|1\n|-anim|p2b: Archaludon|Electro Shot|p1b: Rain set mon\n|-supereffective|p1b: Rain set mon|2\n|-damage|p1b: Rain set mon|0 fnt\n|faint|p1b: Rain set mon\n|\n|-weather|RainDance|[upkeep]\n|upkeep\n|\n|t:|1776287936\n|switch|p2a: Incineroar|Incineroar, L50, M|100/100\n|switch|p1b: 1000-THR|Archaludon, L50, M|100/100\n|-ability|p2a: Incineroar|Intimidate|boost\n|-unboost|p1a: Meganium|atk|1\n|-unboost|p1b: 1000-THR|atk|1\n|turn|3\n|\n|t:|1776287957\n|move|p1b: 1000-THR|Protect|p1b: 1000-THR\n|-singleturn|p1b: 1000-THR|Protect\n|move|p1a: Meganium|Weather Ball|p2a: Incineroar\n|-supereffective|p2a: Incineroar|1\n|-damage|p2a: Incineroar|25/100\n|-enditem|p2a: Incineroar|Sitrus Berry|[eat]\n|-heal|p2a: Incineroar|50/100|[from] item: Sitrus Berry\n|move|p2b: Archaludon|Flash Cannon|p1a: Meganium\n|-damage|p1a: Meganium|34/100\n|move|p2a: Incineroar|Parting Shot|p1b: 1000-THR\n|-activate|p1b: 1000-THR|move: Protect\n|\n|-weather|RainDance|[upkeep]\n|upkeep\n|turn|4\n|inactive|WojtusG has 30 seconds left.\n|\n|t:|1776287983\n|switch|p2a: Basculegion|Basculegion, L50, M|100/100\n|detailschange|p1a: Meganium|Meganium-Mega, L50, M\n|-mega|p1a: Meganium|Meganium|Meganiumite\n|move|p1b: 1000-THR|Aura Sphere|p2a: Basculegion\n|-immune|p2a: Basculegion\n|move|p1a: Meganium|Dazzling Gleam|p2b: Archaludon|[spread] p2a,p2b\n|-damage|p2a: Basculegion|57/100\n|-damage|p2b: Archaludon|68/100\n|-ability|p2b: Archaludon|Stamina|boost\n|-boost|p2b: Archaludon|def|1\n|move|p2b: Archaludon|Snarl|p1b: 1000-THR|[spread] p1a,p1b\n|-resisted|p1a: Meganium|1\n|-damage|p1a: Meganium|25/100\n|-damage|p1b: 1000-THR|70/100\n|-unboost|p1a: Meganium|spa|1\n|-unboost|p1b: 1000-THR|spa|1\n|-ability|p1b: 1000-THR|Stamina|boost\n|-boost|p1b: 1000-THR|def|1\n|\n|-weather|RainDance|[upkeep]\n|-heal|p1b: 1000-THR|76/100|[from] item: Leftovers\n|-sideend|p1: WojtusG|move: Tailwind\n|upkeep\n|turn|5\n|inactive|yuriimon has 30 seconds left.\n|\n|t:|1776288009\n|move|p2a: Basculegion|Last Respects|p1a: Meganium\n|-damage|p1a: Meganium|0 fnt\n|faint|p1a: Meganium\n|move|p1b: 1000-THR|Electro Shot||[still]\n|-prepare|p1b: 1000-THR|Electro Shot\n|-boost|p1b: 1000-THR|spa|1\n|-anim|p1b: 1000-THR|Electro Shot|p2a: Basculegion\n|-supereffective|p2a: Basculegion|1\n|-damage|p2a: Basculegion|0 fnt\n|faint|p2a: Basculegion\n|move|p2b: Archaludon|Draco Meteor|p1b: 1000-THR|[miss]\n|-miss|p2b: Archaludon|p1b: 1000-THR\n|\n|-weather|none\n|-heal|p1b: 1000-THR|82/100|[from] item: Leftovers\n|upkeep\n|\n|t:|1776288021\n|switch|p2a: Incineroar|Incineroar, L50, M|50/100\n|-ability|p2a: Incineroar|Intimidate|boost\n|-unboost|p1b: 1000-THR|atk|1\n|turn|6\n|\n|t:|1776288033\n|move|p1b: 1000-THR|Protect|p1b: 1000-THR\n|-singleturn|p1b: 1000-THR|Protect\n|move|p2a: Incineroar|Fake Out|p1b: 1000-THR\n|-activate|p1b: 1000-THR|move: Protect\n|move|p2b: Archaludon|Draco Meteor|p1b: 1000-THR\n|-activate|p1b: 1000-THR|move: Protect\n|\n|-heal|p1b: 1000-THR|88/100|[from] item: Leftovers\n|upkeep\n|turn|7\n|\n|t:|1776288045\n|move|p1b: 1000-THR|Aura Sphere|p2a: Incineroar\n|-supereffective|p2a: Incineroar|1\n|-damage|p2a: Incineroar|0 fnt\n|faint|p2a: Incineroar\n|move|p2b: Archaludon|Draco Meteor|p1b: 1000-THR\n|-damage|p1b: 1000-THR|0 fnt\n|-unboost|p2b: Archaludon|spa|2\n|faint|p1b: 1000-THR\n|\n|win|yuriimon\n|raw|WojtusG's rating: 1087 &rarr; <strong>1058</strong><br />(-29 for losing)\n|raw|yuriimon's rating: 1000 &rarr; <strong>1050</strong><br />(+50 for winning)\n",
  "uploadtime": 1776288056,
  "views": 24,
  "formatid": "gen9championsvgc2026regma",
  "rating": 1050,
  "private": 0,
  "password": null
}