{
  "id": "gen9championsvgc2026regma-2586311149",
  "format": "[Gen 9 Champions] VGC 2026 Reg M-A",
  "players": [
    "colorsinthestone",
    "tsukifrombilllie"
  ],
  "log": "|j|\u2606colorsinthestone\n|j|\u2606tsukifrombilllie\n|t:|1776424040\n|gametype|doubles\n|player|p1|colorsinthestone|102|1065\n|player|p2|tsukifrombilllie|lyra|1135\n|gen|9\n|tier|[Gen 9 Champions] VGC 2026 Reg M-A\n|rated|\n|rule|Species Clause: Limit one of each Pok\u00e9mon\n|rule|Item Clause: Limit 1 of each item\n|clearpoke\n|poke|p1|Charizard, L50, M|\n|poke|p1|Incineroar, L50, M|\n|poke|p1|Venusaur, L50, M|\n|poke|p1|Whimsicott, L50, M|\n|poke|p1|Milotic, L50, F|\n|poke|p1|Corviknight, L50, M|\n|poke|p2|Meganium, L50, M|\n|poke|p2|Excadrill, L50, F|\n|poke|p2|Tyranitar, L50, F|\n|poke|p2|Rotom-Wash, L50|\n|poke|p2|Dragapult, L50, M|\n|poke|p2|Sneasler, L50, M|\n|teampreview|4\ncolorsinthestone has agreed to open team sheets.\ntsukifrombilllie has agreed to open team sheets.\n|showteam|p1|Charizard||CharizarditeY|SolarPower|Protect,HeatWave,SolarBeam,AncientPower|||M|||50|]Incineroar||SitrusBerry|Intimidate|FakeOut,DarkestLariat,PartingShot,FlareBlitz|||M|||50|]Venusaur||FocusSash|Chlorophyll|EnergyBall,Protect,SleepPowder,SludgeBomb|||M|||50|]Whimsicott||ShellBell|Prankster|FakeTears,Protect,Moonblast,Tailwind|||M|||50|]Milotic||Leftovers|Competitive|IceBeam,LifeDew,Protect,Scald|||F|||50|]Corviknight||YacheBerry|MirrorArmor|BraveBird,IronHead,Roost,Tailwind|||M|||50|\n|showteam|p2|Meganium||Meganiumite|Overgrow|DazzlingGleam,Protect,SolarBeam,WeatherBall|||M|||50|]Excadrill||FocusSash|SandRush|HighHorsepower,Earthquake,IronHead,Protect|||F|||50|]Tyranitar||ChopleBerry|SandStream|RockSlide,KnockOff,Protect,IcePunch|||F|||50|]Rotom-Wash||SitrusBerry|Levitate|Thunderbolt,VoltSwitch,HydroPump,Protect||||||50|]Dragapult||ColburBerry|ClearBody|DragonDarts,PhantomForce,Protect,WillOWisp|||M|||50|]Sneasler||WhiteHerb|Unburden|FakeOut,CloseCombat,DireClaw,Protect|||M|||50|\n|\n|t:|1776424094\n|teamsize|p1|4\n|teamsize|p2|4\n|start\n|switch|p1a: Whimsicott|Whimsicott, L50, M|100/100\n|switch|p1b: Milotic|Milotic, L50, F|100/100\n|switch|p2a: Sneasler|Sneasler, L50, M|100/100\n|switch|p2b: Dragapult|Dragapult, L50, M, shiny|100/100\n|turn|1\n|\n|t:|1776424115\n|move|p1a: Whimsicott|Protect|p1a: Whimsicott\n|-singleturn|p1a: Whimsicott|Protect\n|move|p2b: Dragapult|Phantom Force||[still]\n|-prepare|p2b: Dragapult|Phantom Force\n|move|p2a: Sneasler|Dire Claw|p1a: Whimsicott\n|-activate|p1a: Whimsicott|move: Protect\n|move|p1b: Milotic|Ice Beam|p2b: Dragapult|[miss]\n|-miss|p1b: Milotic|p2b: Dragapult\n|\n|upkeep\n|turn|2\n|\n|t:|1776424128\n|move|p1a: Whimsicott|Tailwind|p1a: Whimsicott\n|-sidestart|p1: colorsinthestone|move: Tailwind\n|move|p2b: Dragapult|Phantom Force|p1b: Milotic|[from] lockedmove\n|-damage|p1b: Milotic|60/100\n|move|p1b: Milotic|Ice Beam|p2b: Dragapult\n|-supereffective|p2b: Dragapult|1\n|-damage|p2b: Dragapult|22/100\n|move|p2a: Sneasler|Dire Claw|p1a: Whimsicott\n|-supereffective|p1a: Whimsicott|2\n|-damage|p1a: Whimsicott|0 fnt\n|faint|p1a: Whimsicott\n|\n|-heal|p1b: Milotic|66/100|[from] item: Leftovers\n|upkeep\n|\n|t:|1776424142\n|switch|p1a: Charizard|Charizard, L50, M, shiny|100/100\n|turn|3\n|\n|t:|1776424161\n|detailschange|p1a: Charizard|Charizard-Mega-Y, L50, M, shiny\n|-mega|p1a: Charizard|Charizard|Charizardite Y\n|-weather|SunnyDay|[from] ability: Drought|[of] p1a: Charizard\n|move|p2b: Dragapult|Protect|p2b: Dragapult\n|-singleturn|p2b: Dragapult|Protect\n|move|p1a: Charizard|Heat Wave|p2b: Dragapult|[spread] p2a\n|-activate|p2b: Dragapult|move: Protect\n|-damage|p2a: Sneasler|22/100\n|move|p1b: Milotic|Scald|p2a: Sneasler\n|-damage|p2a: Sneasler|0 fnt\n|faint|p2a: Sneasler\n|\n|-weather|SunnyDay|[upkeep]\n|-heal|p1b: Milotic|71/100|[from] item: Leftovers\n|upkeep\n|\n|t:|1776424174\n|switch|p2a: Tyranitar|Tyranitar, L50, F, shiny|100/100\n|-weather|Sandstorm|[from] ability: Sand Stream|[of] p2a: Tyranitar\n|turn|4\n|\n|t:|1776424192\n|switch|p1a: Venusaur|Venusaur, L50, M|100/100\n|move|p2b: Dragapult|Phantom Force||[still]\n|-prepare|p2b: Dragapult|Phantom Force\n|move|p1b: Milotic|Scald|p2a: Tyranitar\n|-supereffective|p2a: Tyranitar|1\n|-damage|p2a: Tyranitar|54/100\n|move|p2a: Tyranitar|Rock Slide|p1b: Milotic|[spread] p1a,p1b\n|-damage|p1a: Venusaur|53/100\n|-damage|p1b: Milotic|41/100\n|\n|-weather|Sandstorm|[upkeep]\n|-damage|p2b: Dragapult|16/100|[from] Sandstorm\n|-damage|p1b: Milotic|35/100|[from] Sandstorm\n|-damage|p1a: Venusaur|47/100|[from] Sandstorm\n|-heal|p1b: Milotic|41/100|[from] item: Leftovers\n|upkeep\n|turn|5\n|\n|t:|1776424214\n|switch|p2a: Meganium|Meganium, L50, M, shiny|100/100\n|move|p2b: Dragapult|Phantom Force|p1b: Milotic|[from] lockedmove\n|-damage|p1b: Milotic|0 fnt\n|faint|p1b: Milotic\n|move|p1a: Venusaur|Energy Ball|p2a: Meganium\n|-resisted|p2a: Meganium|1\n|-damage|p2a: Meganium|81/100\n|\n|-weather|Sandstorm|[upkeep]\n|-damage|p2b: Dragapult|10/100|[from] Sandstorm\n|-damage|p1a: Venusaur|41/100|[from] Sandstorm\n|-damage|p2a: Meganium|75/100|[from] Sandstorm\n|-sideend|p1: colorsinthestone|move: Tailwind\n|upkeep\n|\n|t:|1776424225\n|switch|p1b: Charizard|Charizard-Mega-Y, L50, M, shiny|100/100\n|-weather|SunnyDay|[from] ability: Drought|[of] p1b: Charizard\n|turn|6\n|\n|t:|1776424240\n|switch|p2b: Tyranitar|Tyranitar, L50, F, shiny|54/100\n|-weather|Sandstorm|[from] ability: Sand Stream|[of] p2b: Tyranitar\n|detailschange|p2a: Meganium|Meganium-Mega, L50, M, shiny\n|-mega|p2a: Meganium|Meganium|Meganiumite\n|move|p1a: Venusaur|Protect|p1a: Venusaur\n|-singleturn|p1a: Venusaur|Protect\n|move|p1b: Charizard|Heat Wave|p2a: Meganium|[spread] p2a,p2b\n|-supereffective|p2a: Meganium|1\n|-resisted|p2b: Tyranitar|1\n|-damage|p2a: Meganium|2/100\n|-damage|p2b: Tyranitar|40/100\n|move|p2a: Meganium|Weather Ball|p1a: Venusaur\n|-activate|p1a: Venusaur|move: Protect\n|\n|-weather|Sandstorm|[upkeep]\n|-damage|p1b: Charizard|95/100|[from] Sandstorm\n|-damage|p2a: Meganium|0 fnt|[from] Sandstorm\n|-damage|p1a: Venusaur|36/100|[from] Sandstorm\n|faint|p2a: Meganium\n|upkeep\n|\n|t:|1776424255\n|switch|p2a: Dragapult|Dragapult, L50, M, shiny|10/100\n|turn|7\n|\n|t:|1776424284\n|move|p2a: Dragapult|Dragon Darts|p1a: Venusaur\n|-crit|p1a: Venusaur\n|-damage|p1a: Venusaur|0 fnt\n|-anim|p2a: Dragapult|Dragon Darts|p1b: Charizard\n|-damage|p1b: Charizard|59/100\n|faint|p1a: Venusaur\n|move|p1b: Charizard|Heat Wave|p2a: Dragapult|[spread] p2a,p2b\n|-resisted|p2a: Dragapult|1\n|-resisted|p2b: Tyranitar|1\n|-crit|p2b: Tyranitar\n|-damage|p2a: Dragapult|0 fnt\n|-damage|p2b: Tyranitar|19/100\n|faint|p2a: Dragapult\n|move|p2b: Tyranitar|Ice Punch|p1b: Charizard\n|-damage|p1b: Charizard|14/100\n|\n|-weather|Sandstorm|[upkeep]\n|-damage|p1b: Charizard|8/100|[from] Sandstorm\n|upkeep\n|turn|8\n|\n|t:|1776424315\n|move|p2b: Tyranitar|Protect|p2b: Tyranitar\n|-singleturn|p2b: Tyranitar|Protect\n|move|p1b: Charizard|Ancient Power|p2b: Tyranitar\n|-activate|p2b: Tyranitar|move: Protect\n|\n|-weather|Sandstorm|[upkeep]\n|-damage|p1b: Charizard|2/100|[from] Sandstorm\n|upkeep\n|turn|9\n|\n|t:|1776424341\n|move|p2b: Tyranitar|Protect|p2b: Tyranitar\n|-singleturn|p2b: Tyranitar|Protect\n|move|p1b: Charizard|Ancient Power|p2b: Tyranitar\n|-activate|p2b: Tyranitar|move: Protect\n|\n|-weather|Sandstorm|[upkeep]\n|-damage|p1b: Charizard|0 fnt|[from] Sandstorm\n|faint|p1b: Charizard\n|\n|win|tsukifrombilllie\n|raw|colorsinthestone's rating: 1065 &rarr; <strong>1049</strong><br />(-16 for losing)\n|raw|tsukifrombilllie's rating: 1135 &rarr; <strong>1155</strong><br />(+20 for winning)\n",
  "uploadtime": 1776424350,
  "views": 33,
  "formatid": "gen9championsvgc2026regma",
  "rating": 1049,
  "private": 0,
  "password": null
}