{
  "id": "gen9championsvgc2026regma-2587007416",
  "format": "[Gen 9 Champions] VGC 2026 Reg M-A",
  "players": [
    "CyberneticEwok",
    "Yamoshi78"
  ],
  "log": "|j|\u2606CyberneticEwok\n|j|\u2606Yamoshi78\n|t:|1776480615\n|gametype|doubles\n|player|p1|CyberneticEwok|flannery|1102\n|player|p2|Yamoshi78|shadowtriad|1138\n|gen|9\n|tier|[Gen 9 Champions] VGC 2026 Reg M-A\n|rated|\n|rule|Species Clause: Limit one of each Pok\u00e9mon\n|rule|Item Clause: Limit 1 of each item\n|clearpoke\n|poke|p1|Scovillain, L50, F|\n|poke|p1|Dragapult, L50, F|\n|poke|p1|Corviknight, L50, F|\n|poke|p1|Heracross, L50, F|\n|poke|p1|Rotom-Wash, L50|\n|poke|p1|Incineroar, L50, F|\n|poke|p2|Froslass, L50, F|\n|poke|p2|Rotom-Frost, L50|\n|poke|p2|Talonflame, L50, F|\n|poke|p2|Garchomp, L50, M|\n|poke|p2|Sneasler, L50, M|\n|poke|p2|Kingambit, L50, F|\n|teampreview|4\n|\n|t:|1776480654\n|teamsize|p1|4\n|teamsize|p2|4\n|start\n|switch|p1a: Scoliosis|Scovillain, L50, F|100/100\n|switch|p1b: DragOnD|Dragapult, L50, F|100/100\n|switch|p2a: Talonflame|Talonflame, L50, F|100/100\n|switch|p2b: Kingambit|Kingambit, L50, F|100/100\n|turn|1\n|\n|t:|1776480671\n|move|p1a: Scoliosis|Protect|p1a: Scoliosis\n|-singleturn|p1a: Scoliosis|Protect\n|move|p2a: Talonflame|Tailwind|p2a: Talonflame\n|-sidestart|p2: Yamoshi78|move: Tailwind\n|move|p2b: Kingambit|Sucker Punch||[still]\n|-fail|p2b: Kingambit\n|move|p1b: DragOnD|Reflect|p1b: DragOnD\n|-sidestart|p1: CyberneticEwok|Reflect\n|\n|-ability|p1a: Scoliosis|Moody|boost\n|-boost|p1a: Scoliosis|spe|2\n|-unboost|p1a: Scoliosis|spa|1\n|upkeep\n|turn|2\n|\n|t:|1776480723\n|detailschange|p1a: Scoliosis|Scovillain-Mega, L50, F\n|-mega|p1a: Scoliosis|Scovillain|Scovillainite\n|move|p2b: Kingambit|Protect|p2b: Kingambit\n|-singleturn|p2b: Kingambit|Protect\n|move|p2a: Talonflame|Will-O-Wisp|p1b: DragOnD\n|-status|p1b: DragOnD|brn\n|move|p1b: DragOnD|Dragon Darts|p2a: Talonflame\n|-damage|p2a: Talonflame|82/100\n|-anim|p1b: DragOnD|Dragon Darts|p2a: Talonflame\n|-damage|p2a: Talonflame|64/100\n|move|p1a: Scoliosis|Leech Seed|p2b: Kingambit\n|-activate|p2b: Kingambit|move: Protect\n|\n|-damage|p1b: DragOnD|94/100 brn|[from] brn\n|upkeep\n|turn|3\n|\n|t:|1776480754\n|move|p2a: Talonflame|Brave Bird|p1a: Scoliosis\n|-supereffective|p1a: Scoliosis|1\n|-damage|p1a: Scoliosis|19/100\n|-immune|p2a: Talonflame\n|-damage|p2a: Talonflame|35/100|[from] Recoil\n|move|p1b: DragOnD|Light Screen|p1b: DragOnD\n|-sidestart|p1: CyberneticEwok|move: Light Screen\n|move|p2b: Kingambit|Kowtow Cleave|p1b: DragOnD\n|-supereffective|p1b: DragOnD|1\n|-damage|p1b: DragOnD|6/100 brn\n|move|p1a: Scoliosis|Leech Seed|p2b: Kingambit\n|-start|p2b: Kingambit|move: Leech Seed\n|\n|-damage|p2b: Kingambit|88/100|[from] Leech Seed|[of] p1a: Scoliosis\n|-heal|p1a: Scoliosis|32/100|[silent]\n|-damage|p1b: DragOnD|0 fnt|[from] brn\n|faint|p1b: DragOnD\n|upkeep\n|\n|t:|1776480769\n|switch|p1b: CorvidKnighteen|Corviknight, L50, F|100/100\n|turn|4\n|\n|t:|1776480797\n|move|p1a: Scoliosis|Protect|p1a: Scoliosis\n|-singleturn|p1a: Scoliosis|Protect\n|move|p2b: Kingambit|Sucker Punch||[still]\n|-fail|p2b: Kingambit\n|move|p2a: Talonflame|Will-O-Wisp|p1b: CorvidKnighteen|[miss]\n|-miss|p2a: Talonflame|p1b: CorvidKnighteen\n|move|p1b: CorvidKnighteen|Body Press|p2b: Kingambit\n|-supereffective|p2b: Kingambit|2\n|-damage|p2b: Kingambit|0 fnt\n|faint|p2b: Kingambit\n|\n|-sideend|p2: Yamoshi78|move: Tailwind\n|upkeep\n|\n|t:|1776480816\n|switch|p2b: Garchomp|Garchomp, L50, M|100/100\n|turn|5\n|\n|t:|1776480836\n|switch|p1a: Rosy|Rotom-Wash, L50|100/100\n|move|p2a: Talonflame|Tailwind|p2a: Talonflame\n|-sidestart|p2: Yamoshi78|move: Tailwind\n|move|p2b: Garchomp|Rock Slide|p1a: Rosy|[spread] p1a,p1b\n|-crit|p1b: CorvidKnighteen\n|-damage|p1a: Rosy|85/100\n|-damage|p1b: CorvidKnighteen|81/100\n|move|p1b: CorvidKnighteen|Brave Bird|p2a: Talonflame\n|-damage|p2a: Talonflame|0 fnt\n|faint|p2a: Talonflame\n|-damage|p1b: CorvidKnighteen|73/100|[from] Recoil\n|\n|-heal|p1b: CorvidKnighteen|79/100|[from] item: Leftovers\n|-sideend|p1: CyberneticEwok|Reflect\n|upkeep\n|\n|t:|1776480853\n|switch|p2a: Sneasler|Sneasler, L50, M|100/100\n|-ability|p2a: Sneasler|Pressure\n|turn|6\n|\n|t:|1776480876\n|move|p2a: Sneasler|Fake Out|p1b: CorvidKnighteen\n|-resisted|p1b: CorvidKnighteen|1\n|-damage|p1b: CorvidKnighteen|74/100\n|move|p2b: Garchomp|Rock Slide|p1b: CorvidKnighteen|[spread] p1a,p1b\n|-damage|p1a: Rosy|61/100\n|-damage|p1b: CorvidKnighteen|60/100\n|move|p1a: Rosy|Will-O-Wisp|p2b: Garchomp|[miss]\n|-miss|p1a: Rosy|p2b: Garchomp\n|cant|p1b: CorvidKnighteen|flinch\n|\n|-heal|p1b: CorvidKnighteen|66/100|[from] item: Leftovers\n|upkeep\n|turn|7\n|\n|t:|1776480922\n|move|p2a: Sneasler|Dire Claw|p1a: Rosy\n|-damage|p1a: Rosy|10/100\n|move|p2b: Garchomp|Rock Slide|p1a: Rosy|[spread] p1a,p1b\n|-damage|p1a: Rosy|0 fnt\n|-damage|p1b: CorvidKnighteen|53/100\n|faint|p1a: Rosy\n|cant|p1b: CorvidKnighteen|flinch\n|\n|-heal|p1b: CorvidKnighteen|59/100|[from] item: Leftovers\n|-sideend|p1: CyberneticEwok|move: Light Screen\n|upkeep\n|\n|t:|1776480932\n|switch|p1a: Scoliosis|Scovillain-Mega, L50, F|32/100\n|turn|8\n|\n|t:|1776480957\n|move|p1a: Scoliosis|Protect|p1a: Scoliosis\n|-singleturn|p1a: Scoliosis|Protect\n|move|p2a: Sneasler|Close Combat|p1b: CorvidKnighteen\n|-damage|p1b: CorvidKnighteen|14/100\n|-unboost|p2a: Sneasler|def|1\n|-unboost|p2a: Sneasler|spd|1\n|-enditem|p2a: Sneasler|White Herb\n|-clearnegativeboost|p2a: Sneasler|[silent]\n|move|p2b: Garchomp|Rock Slide|p1b: CorvidKnighteen|[spread] p1b\n|-activate|p1a: Scoliosis|move: Protect\n|-damage|p1b: CorvidKnighteen|0 fnt\n|faint|p1b: CorvidKnighteen\n|\n|-sideend|p2: Yamoshi78|move: Tailwind\n|upkeep\n|turn|9\n|\n|t:|1776480976\n|move|p2a: Sneasler|Dire Claw|p1a: Scoliosis\n|-supereffective|p1a: Scoliosis|1\n|-damage|p1a: Scoliosis|0 fnt\n|-status|p2a: Sneasler|brn|[from] ability: Spicy Spray|[of] p1a: Scoliosis\n|faint|p1a: Scoliosis\n|\n|win|Yamoshi78\n|raw|CyberneticEwok's rating: 1102 &rarr; <strong>1080</strong><br />(-22 for losing)\n|raw|Yamoshi78's rating: 1138 &rarr; <strong>1160</strong><br />(+22 for winning)\n",
  "uploadtime": 1776480988,
  "views": 27,
  "formatid": "gen9championsvgc2026regma",
  "rating": 1080,
  "private": 0,
  "password": null
}