{
  "id": "gen9championsvgc2026regma-2582723490",
  "format": "[Gen 9 Champions] VGC 2026 Reg M-A",
  "players": [
    "gvfsatgfwavxc",
    "AVaill21"
  ],
  "log": "|j|\u2606gvfsatgfwavxc\n|j|\u2606AVaill21\n|t:|1776109698\n|gametype|doubles\n|player|p1|gvfsatgfwavxc|266|1079\n|player|p2|AVaill21|veteran|1027\n|gen|9\n|tier|[Gen 9 Champions] VGC 2026 Reg M-A\n|rated|\n|rule|Species Clause: Limit one of each Pok\u00e9mon\n|rule|Item Clause: Limit 1 of each item\n|clearpoke\n|poke|p1|Chandelure, L50, M|\n|poke|p1|Hatterene, L50, F|\n|poke|p1|Incineroar, L50, M|\n|poke|p1|Farigiraf, L50, M|\n|poke|p1|Tyranitar, L50, M|\n|poke|p1|Sneasler, L50, F|\n|poke|p2|Ninetales-Alola, L50, M|\n|poke|p2|Froslass, L50, F|\n|poke|p2|Garchomp, L50, F|\n|poke|p2|Milotic, L50, F|\n|poke|p2|Farigiraf, L50, F|\n|poke|p2|Whimsicott, L50, M|\n|teampreview|4\n|inactive|Battle timer is ON: inactive players will automatically lose when time's up. (requested by gvfsatgfwavxc)\n|\n|t:|1776109721\n|teamsize|p1|4\n|teamsize|p2|4\n|start\n|switch|p1a: Lulure|Chandelure, L50, M|100/100\n|switch|p1b: Girara|Farigiraf, L50, M|100/100\n|switch|p2a: Frank|Milotic, L50, F|100/100\n|switch|p2b: DJ Khaled|Whimsicott, L50, M|100/100\n|turn|1\n|inactive|AVaill21 has 30 seconds left.\n|\n|t:|1776109752\n|move|p1a: Lulure|Protect|p1a: Lulure\n|-singleturn|p1a: Lulure|Protect\n|move|p2b: DJ Khaled|Moonblast|p1b: Girara\n|-damage|p1b: Girara|70/100\n|move|p2a: Frank|Scald|p1a: Lulure\n|-activate|p1a: Lulure|move: Protect\n|move|p1b: Girara|Trick Room|p1b: Girara\n|-fieldstart|move: Trick Room|[of] p1b: Girara\n|\n|upkeep\n|turn|2\n|\n|t:|1776109766\n|detailschange|p1a: Lulure|Chandelure-Mega, L50, M\n|-mega|p1a: Lulure|Chandelure|Chandelurite\n|move|p2b: DJ Khaled|Encore||[still]\n|cant|p1b: Girara|ability: Armor Tail|Encore|[of] p2b: DJ Khaled\n|move|p1b: Girara|Hyper Voice|p2b: DJ Khaled|[spread] p2a,p2b\n|-crit|p2b: DJ Khaled\n|-damage|p2a: Frank|79/100\n|-damage|p2b: DJ Khaled|25/100\n|move|p1a: Lulure|Heat Wave|p2a: Frank|[spread] p2b\n|-miss|p1a: Lulure|p2a: Frank\n|-supereffective|p2b: DJ Khaled|1\n|-damage|p2b: DJ Khaled|0 fnt\n|faint|p2b: DJ Khaled\n|move|p2a: Frank|Scald|p1a: Lulure\n|-supereffective|p1a: Lulure|1\n|-damage|p1a: Lulure|54/100\n|\n|-heal|p2a: Frank|85/100|[from] item: Leftovers\n|upkeep\n|\n|t:|1776109782\n|switch|p2b: Neck Hort|Farigiraf, L50, F|100/100\n|turn|3\n|\n|t:|1776109793\n|move|p2a: Frank|Protect|p2a: Frank\n|-singleturn|p2a: Frank|Protect\n|move|p1b: Girara|Hyper Voice|p2b: Neck Hort|[spread] p2b\n|-activate|p2a: Frank|move: Protect\n|-damage|p2b: Neck Hort|76/100\n|move|p1a: Lulure|Energy Ball|p2a: Frank\n|-activate|p2a: Frank|move: Protect\n|move|p2b: Neck Hort|Trick Room|p2b: Neck Hort\n|-fieldend|move: Trick Room\n|\n|-heal|p2a: Frank|91/100|[from] item: Leftovers\n|upkeep\n|turn|4\n|\n|t:|1776109809\n|move|p1a: Lulure|Protect|p1a: Lulure\n|-singleturn|p1a: Lulure|Protect\n|move|p2a: Frank|Scald|p1a: Lulure\n|-activate|p1a: Lulure|move: Protect\n|move|p2b: Neck Hort|Imprison|p2b: Neck Hort\n|-start|p2b: Neck Hort|move: Imprison\n|cant|p1b: Girara|move: Imprison|Hyper Voice\n|\n|-heal|p2a: Frank|97/100|[from] item: Leftovers\n|upkeep\n|turn|5\n|\n|t:|1776109830\n|move|p2a: Frank|Scald|p1a: Lulure\n|-supereffective|p1a: Lulure|1\n|-damage|p1a: Lulure|6/100\n|move|p1a: Lulure|Energy Ball|p2a: Frank\n|-supereffective|p2a: Frank|1\n|-damage|p2a: Frank|39/100\n|move|p2b: Neck Hort|Hyper Voice|p1b: Girara|[spread] p1b\n|-immune|p1a: Lulure\n|-damage|p1b: Girara|45/100\n|move|p1b: Girara|Dazzling Gleam|p2b: Neck Hort|[spread] p2a,p2b\n|-damage|p2a: Frank|25/100\n|-damage|p2b: Neck Hort|60/100\n|\n|-heal|p2a: Frank|31/100|[from] item: Leftovers\n|upkeep\n|turn|6\n|\n|t:|1776109855\n|move|p2a: Frank|Icy Wind|p1b: Girara|[spread] p1a,p1b\n|-resisted|p1a: Lulure|1\n|-damage|p1a: Lulure|2/100\n|-damage|p1b: Girara|37/100\n|-unboost|p1a: Lulure|spe|1\n|-unboost|p1b: Girara|spe|1\n|move|p2b: Neck Hort|Hyper Voice|p1b: Girara|[spread] p1b\n|-immune|p1a: Lulure\n|-damage|p1b: Girara|14/100\n|move|p1a: Lulure|Energy Ball|p2a: Frank\n|-supereffective|p2a: Frank|1\n|-damage|p2a: Frank|0 fnt\n|faint|p2a: Frank\n|move|p1b: Girara|Dazzling Gleam|p2b: Neck Hort\n|-damage|p2b: Neck Hort|39/100\n|-enditem|p2b: Neck Hort|Sitrus Berry|[eat]\n|-heal|p2b: Neck Hort|64/100|[from] item: Sitrus Berry\n|\n|upkeep\n|\n|t:|1776109872\n|switch|p2a: Mrs. Bitches|Froslass, L50, F|100/100\n|turn|7\n|\n|t:|1776109888\n|switch|p1b: Tytyra|Tyranitar, L50, M|100/100\n|-weather|Sandstorm|[from] ability: Sand Stream|[of] p1b: Tytyra\n|detailschange|p2a: Mrs. Bitches|Froslass-Mega, L50, F\n|-mega|p2a: Mrs. Bitches|Froslass|Froslassite\n|-weather|Snowscape|[from] ability: Snow Warning|[of] p2a: Mrs. Bitches\n|move|p2b: Neck Hort|Protect|p2b: Neck Hort\n|-singleturn|p2b: Neck Hort|Protect\n|move|p2a: Mrs. Bitches|Blizzard|p1a: Lulure|[spread] p1a,p1b\n|-resisted|p1a: Lulure|1\n|-damage|p1a: Lulure|0 fnt\n|-damage|p1b: Tytyra|68/100\n|faint|p1a: Lulure\n|\n|-weather|Snowscape|[upkeep]\n|upkeep\n|\n|t:|1776109899\n|switch|p1a: Tetere|Hatterene, L50, F|100/100\n|turn|8\n|inactive|AVaill21 has 30 seconds left.\n|\n|t:|1776109931\n|move|p2a: Mrs. Bitches|Blizzard|p1b: Tytyra|[spread] p1a,p1b\n|-damage|p1a: Tetere|67/100\n|-damage|p1b: Tytyra|34/100\n|-status|p1b: Tytyra|frz\n|cant|p1b: Tytyra|frz\n|move|p2b: Neck Hort|Hyper Voice|p1a: Tetere|[spread] p1a,p1b\n|-resisted|p1b: Tytyra|1\n|-damage|p1a: Tetere|43/100\n|-damage|p1b: Tytyra|23/100 frz\n|-enditem|p1a: Tetere|Sitrus Berry|[eat]\n|-heal|p1a: Tetere|68/100|[from] item: Sitrus Berry\n|move|p1a: Tetere|Psyshock|p2a: Mrs. Bitches\n|-damage|p2a: Mrs. Bitches|74/100\n|\n|-weather|Snowscape|[upkeep]\n|upkeep\n|turn|9\n|-message|gvfsatgfwavxc forfeited.\n|\n|win|AVaill21\n|raw|gvfsatgfwavxc's rating: 1079 &rarr; <strong>1054</strong><br />(-25 for losing)\n|raw|AVaill21's rating: 1027 &rarr; <strong>1068</strong><br />(+41 for winning)\n|l|\u2606gvfsatgfwavxc\n|player|p1|\n",
  "uploadtime": 1776109967,
  "views": 19,
  "formatid": "gen9championsvgc2026regma",
  "rating": 1054,
  "private": 0,
  "password": null
}