{
  "id": "gen9championsvgc2026regma-2586504517",
  "format": "[Gen 9 Champions] VGC 2026 Reg M-A",
  "players": [
    "stevegthe3",
    "soaringpegasus"
  ],
  "log": "|j|\u2606stevegthe3\n|j|\u2606soaringpegasus\n|t:|1776439237\n|gametype|doubles\n|player|p1|stevegthe3|1|1068\n|player|p2|soaringpegasus|backpacker|1105\n|gen|9\n|tier|[Gen 9 Champions] VGC 2026 Reg M-A\n|rated|\n|rule|Species Clause: Limit one of each Pok\u00e9mon\n|rule|Item Clause: Limit 1 of each item\n|clearpoke\n|poke|p1|Froslass, L50, F|\n|poke|p1|Dragapult, L50, M|\n|poke|p1|Starmie, L50|\n|poke|p1|Whimsicott, L50, F|\n|poke|p1|Sneasler, L50, F|\n|poke|p1|Chesnaught, L50, F|\n|poke|p2|Tyranitar, L50, M|\n|poke|p2|Excadrill, L50, F|\n|poke|p2|Arcanine-Hisui, L50, F|\n|poke|p2|Sinistcha-Masterpiece, L50|\n|poke|p2|Primarina, L50, M|\n|poke|p2|Chandelure, L50, M|\n|teampreview|4\n|inactive|Battle timer is ON: inactive players will automatically lose when time's up. (requested by soaringpegasus)\n|inactive|stevegthe3 has 60 seconds left.\n|inactive|soaringpegasus has 60 seconds left.\n|inactive|stevegthe3 has 30 seconds left.\n|inactive|stevegthe3 has 20 seconds left.\n|inactive|stevegthe3 has 15 seconds left.\n|inactive|stevegthe3 has 10 seconds left.\n|\n|t:|1776439321\n|teamsize|p1|4\n|teamsize|p2|4\n|start\n|switch|p1a: Sneasler|Sneasler, L50, F|100/100\n|switch|p1b: Whimsicott|Whimsicott, L50, F|100/100\n|switch|p2a: Sinistcha|Sinistcha-Masterpiece, L50|100/100\n|switch|p2b: Chandelure|Chandelure, L50, M|100/100\n|turn|1\n|inactive|soaringpegasus has 30 seconds left.\n|\n|t:|1776439350\n|switch|p2a: Arcanine|Arcanine-Hisui, L50, F|100/100\n|-ability|p2a: Arcanine|Intimidate|boost\n|-unboost|p1a: Sneasler|atk|1\n|-unboost|p1b: Whimsicott|atk|1\n|-enditem|p1a: Sneasler|White Herb\n|-clearnegativeboost|p1a: Sneasler|[silent]\n|detailschange|p2b: Chandelure|Chandelure-Mega, L50, M\n|-mega|p2b: Chandelure|Chandelure|Chandelurite\n|move|p1b: Whimsicott|Protect|p1b: Whimsicott\n|-singleturn|p1b: Whimsicott|Protect\n|move|p1a: Sneasler|Dire Claw|p2a: Arcanine\n|-resisted|p2a: Arcanine|1\n|-damage|p2a: Arcanine|79/100\n|-status|p2a: Arcanine|slp\n|move|p2b: Chandelure|Trick Room|p2b: Chandelure\n|-fieldstart|move: Trick Room|[of] p2b: Chandelure\n|\n|upkeep\n|turn|2\n|inactive|soaringpegasus has 30 seconds left.\n|\n|t:|1776439380\n|move|p1b: Whimsicott|Encore|p2b: Chandelure\n|-start|p2b: Chandelure|Encore\n|cant|p2a: Arcanine|slp\n|move|p1a: Sneasler|Close Combat|p2a: Arcanine\n|-supereffective|p2a: Arcanine|1\n|-damage|p2a: Arcanine|0 fnt\n|-unboost|p1a: Sneasler|def|1\n|-unboost|p1a: Sneasler|spd|1\n|faint|p2a: Arcanine\n|move|p2b: Chandelure|Trick Room|p2b: Chandelure\n|-fieldend|move: Trick Room\n|\n|upkeep\n|\n|t:|1776439390\n|switch|p2a: Sinistcha|Sinistcha-Masterpiece, L50|100/100\n|turn|3\n|inactive|stevegthe3 has 30 seconds left.\n|inactive|stevegthe3 has 20 seconds left.\n|inactive|stevegthe3 has 15 seconds left.\n|\n|t:|1776439432\n|switch|p2b: Tyranitar|Tyranitar, L50, M|100/100\n|-weather|Sandstorm|[from] ability: Sand Stream|[of] p2b: Tyranitar\n|move|p1a: Sneasler|Dire Claw|p2a: Sinistcha\n|-damage|p2a: Sinistcha|60/100\n|move|p1b: Whimsicott|Moonblast|p2b: Tyranitar\n|-supereffective|p2b: Tyranitar|1\n|-damage|p2b: Tyranitar|69/100\n|move|p2a: Sinistcha|Trick Room|p2a: Sinistcha\n|-fieldstart|move: Trick Room|[of] p2a: Sinistcha\n|\n|-weather|Sandstorm|[upkeep]\n|-damage|p2a: Sinistcha|54/100|[from] Sandstorm\n|-damage|p1b: Whimsicott|95/100|[from] Sandstorm\n|-damage|p1a: Sneasler|95/100|[from] Sandstorm\n|upkeep\n|turn|4\n|\n|t:|1776439451\n|switch|p2a: Chandelure|Chandelure-Mega, L50, M|100/100\n|move|p1b: Whimsicott|Encore||[still]\n|-fail|p1b: Whimsicott\n|move|p2b: Tyranitar|Ice Punch|p1b: Whimsicott\n|-supereffective|p1b: Whimsicott|1\n|-damage|p1b: Whimsicott|17/100\n|move|p1a: Sneasler|Dire Claw|p2b: Tyranitar\n|-resisted|p2b: Tyranitar|1\n|-damage|p2b: Tyranitar|51/100\n|-status|p2b: Tyranitar|par\n|\n|-weather|Sandstorm|[upkeep]\n|-damage|p2a: Chandelure|95/100|[from] Sandstorm\n|-damage|p1b: Whimsicott|11/100|[from] Sandstorm\n|-damage|p1a: Sneasler|89/100|[from] Sandstorm\n|upkeep\n|turn|5\n|inactive|soaringpegasus has 30 seconds left.\n|\n|t:|1776439486\n|move|p2b: Tyranitar|Thunder Punch|p1b: Whimsicott\n|-resisted|p1b: Whimsicott|1\n|-damage|p1b: Whimsicott|0 fnt\n|faint|p1b: Whimsicott\n|move|p2a: Chandelure|Flamethrower|p1a: Sneasler\n|-damage|p1a: Sneasler|0 fnt\n|faint|p1a: Sneasler\n|\n|-weather|Sandstorm|[upkeep]\n|-damage|p2a: Chandelure|89/100|[from] Sandstorm\n|upkeep\n|inactive|stevegthe3 has 30 seconds left.\n|\n|t:|1776439518\n|switch|p1b: Chesnaught|Chesnaught, L50, F|100/100\n|switch|p1a: Froslass|Froslass, L50, F|100/100\n|turn|6\n|\n|t:|1776439540\n|detailschange|p1a: Froslass|Froslass-Mega, L50, F\n|-mega|p1a: Froslass|Froslass|Froslassite\n|-weather|Snowscape|[from] ability: Snow Warning|[of] p1a: Froslass\n|move|p1a: Froslass|Protect|p1a: Froslass\n|-singleturn|p1a: Froslass|Protect\n|cant|p2b: Tyranitar|par\n|move|p1b: Chesnaught|Leech Seed|p2a: Chandelure\n|-start|p2a: Chandelure|move: Leech Seed\n|move|p2a: Chandelure|Flamethrower|p1a: Froslass\n|-activate|p1a: Froslass|move: Protect\n|\n|-weather|Snowscape|[upkeep]\n|-damage|p2a: Chandelure|77/100|[from] Leech Seed|[of] p1b: Chesnaught\n|upkeep\n|turn|7\n|inactive|stevegthe3 has 30 seconds left.\n|\n|t:|1776439567\n|move|p2b: Tyranitar|Ice Punch|p1b: Chesnaught\n|-supereffective|p1b: Chesnaught|1\n|-damage|p1b: Chesnaught|68/100\n|-status|p1b: Chesnaught|frz\n|-curestatus|p1b: Chesnaught|frz|[msg]\n|move|p1b: Chesnaught|Body Press|p2b: Tyranitar\n|-supereffective|p2b: Tyranitar|2\n|-damage|p2b: Tyranitar|0 fnt\n|faint|p2b: Tyranitar\n|move|p2a: Chandelure|Flamethrower|p1a: Froslass\n|-supereffective|p1a: Froslass|1\n|-damage|p1a: Froslass|0 fnt\n|faint|p1a: Froslass\n|\n|-weather|Snowscape|[upkeep]\n|-heal|p1b: Chesnaught|74/100|[from] item: Leftovers\n|-damage|p2a: Chandelure|65/100|[from] Leech Seed|[of] p1b: Chesnaught\n|-heal|p1b: Chesnaught|84/100|[silent]\n|-fieldend|move: Trick Room\n|upkeep\n|\n|t:|1776439577\n|switch|p2b: Sinistcha|Sinistcha-Masterpiece, L50|54/100\n|-heal|p2a: Chandelure|89/100|[from] ability: Hospitality|[of] p2b: Sinistcha\n|turn|8\n|\n|t:|1776439593\n|move|p2b: Sinistcha|Rage Powder|p2b: Sinistcha\n|-singleturn|p2b: Sinistcha|move: Rage Powder\n|move|p2a: Chandelure|Flamethrower|p1b: Chesnaught\n|-supereffective|p1b: Chesnaught|1\n|-damage|p1b: Chesnaught|0 fnt\n|faint|p1b: Chesnaught\n|\n|win|soaringpegasus\n|raw|stevegthe3's rating: 1068 &rarr; <strong>1050</strong><br />(-18 for losing)\n|raw|soaringpegasus's rating: 1105 &rarr; <strong>1127</strong><br />(+22 for winning)\n|l|\u2606stevegthe3\n|player|p1|\n",
  "uploadtime": 1776439733,
  "views": 27,
  "formatid": "gen9championsvgc2026regma",
  "rating": 1050,
  "private": 0,
  "password": null
}