{
  "id": "gen9championsvgc2026regma-2586269516",
  "format": "[Gen 9 Champions] VGC 2026 Reg M-A",
  "players": [
    "SleepyBadBoy",
    "MisterP155"
  ],
  "log": "|j|\u2606SleepyBadBoy\n|j|\u2606MisterP155\n|t:|1776419565\n|gametype|doubles\n|player|p1|SleepyBadBoy|102|1429\n|player|p2|MisterP155|lady|1422\n|gen|9\n|tier|[Gen 9 Champions] VGC 2026 Reg M-A\n|rated|\n|rule|Species Clause: Limit one of each Pok\u00e9mon\n|rule|Item Clause: Limit 1 of each item\n|clearpoke\n|poke|p1|Delphox, L50, F|\n|poke|p1|Floette-Eternal, L50, F|\n|poke|p1|Maushold-Four, L50|\n|poke|p1|Sneasler, L50, F|\n|poke|p1|Kingambit, L50, F|\n|poke|p1|Basculegion-F, L50, F|\n|poke|p2|Sneasler, L50, M|\n|poke|p2|Kingambit, L50, M|\n|poke|p2|Garchomp, L50, F|\n|poke|p2|Typhlosion-Hisui, L50, M|\n|poke|p2|Whimsicott, L50, M|\n|poke|p2|Charizard, L50, F|\n|teampreview|4\n|inactive|Battle timer is ON: inactive players will automatically lose when time's up. (requested by SleepyBadBoy)\n|j| BagelGan\n|inactive|SleepyBadBoy has 60 seconds left.\n|inactive|MisterP155 has 60 seconds left.\n|inactive|SleepyBadBoy has 30 seconds left.\n|inactive|SleepyBadBoy has 20 seconds left.\n|inactive|SleepyBadBoy has 15 seconds left.\n|\n|t:|1776419643\n|teamsize|p1|4\n|teamsize|p2|4\n|start\n|switch|p1a: Kingambit|Kingambit, L50, F|100/100\n|switch|p1b: Floette|Floette-Eternal, L50, F|100/100\n|switch|p2a: Charizard|Charizard, L50, F|100/100\n|switch|p2b: Typhlosion|Typhlosion-Hisui, L50, M|100/100\n|turn|1\n|\n|t:|1776419666\n|detailschange|p2a: Charizard|Charizard-Mega-Y, L50, F\n|-mega|p2a: Charizard|Charizard|Charizardite Y\n|-weather|SunnyDay|[from] ability: Drought|[of] p2a: Charizard\n|detailschange|p1b: Floette|Floette-Mega, L50, F\n|-mega|p1b: Floette|Floette|Floettite\n|-ability|p1b: Floette|Fairy Aura\n|move|p2b: Typhlosion|Protect|p2b: Typhlosion\n|-singleturn|p2b: Typhlosion|Protect\n|move|p1a: Kingambit|Protect|p1a: Kingambit\n|-singleturn|p1a: Kingambit|Protect\n|move|p2a: Charizard|Heat Wave|p1a: Kingambit|[spread] p1b\n|-activate|p1a: Kingambit|move: Protect\n|-damage|p1b: Floette|55/100\n|move|p1b: Floette|Calm Mind|p1b: Floette\n|-boost|p1b: Floette|spa|1\n|-boost|p1b: Floette|spd|1\n|\n|-weather|SunnyDay|[upkeep]\n|upkeep\n|turn|2\n|inactive|SleepyBadBoy has 30 seconds left.\n|inactive|MisterP155 has 30 seconds left.\n|inactive|SleepyBadBoy has 20 seconds left.\n|\n|t:|1776419702\n|switch|p2b: Kingambit|Kingambit, L50, M|100/100\n|switch|p1a: Maushold|Maushold-Four, L50|100/100\n|move|p2a: Charizard|Heat Wave|p1b: Floette|[spread] p1b\n|-miss|p2a: Charizard|p1a: Maushold\n|-damage|p1b: Floette|34/100\n|move|p1b: Floette|Draining Kiss|p2b: Kingambit\n|-damage|p2b: Kingambit|36/100\n|-heal|p1b: Floette|81/100|[from] drain|[of] p2b: Kingambit\n|\n|-weather|SunnyDay|[upkeep]\n|upkeep\n|turn|3\n|inactive|MisterP155 has 30 seconds left.\n|\n|t:|1776419732\n|move|p2b: Kingambit|Sucker Punch|p1b: Floette\n|-resisted|p1b: Floette|1\n|-damage|p1b: Floette|64/100\n|move|p2a: Charizard|Heat Wave|p1a: Maushold|[spread] p1a,p1b\n|-crit|p1b: Floette\n|-damage|p1a: Maushold|35/100\n|-damage|p1b: Floette|14/100\n|-status|p1b: Floette|brn\n|move|p1a: Maushold|Super Fang|p2a: Charizard\n|-damage|p2a: Charizard|51/100\n|move|p1b: Floette|Moonblast|p2a: Charizard\n|-resisted|p2a: Charizard|1\n|-damage|p2a: Charizard|0 fnt\n|faint|p2a: Charizard\n|\n|-weather|SunnyDay|[upkeep]\n|-damage|p1b: Floette|8/100 brn|[from] brn\n|upkeep\n|\n|t:|1776419748\n|switch|p2a: Garchomp|Garchomp, L50, F|100/100\n|turn|4\n|\n|t:|1776419770\n|switch|p1b: Basculegion|Basculegion-F, L50, F|100/100\n|move|p1a: Maushold|Protect|p1a: Maushold\n|-singleturn|p1a: Maushold|Protect\n|move|p2b: Kingambit|Protect|p2b: Kingambit\n|-singleturn|p2b: Kingambit|Protect\n|move|p2a: Garchomp|Earthquake|p1b: Basculegion|[spread] p1b\n|-activate|p2b: Kingambit|move: Protect\n|-activate|p1a: Maushold|move: Protect\n|-damage|p1b: Basculegion|63/100\n|\n|-weather|SunnyDay|[upkeep]\n|upkeep\n|turn|5\n|\n|t:|1776419791\n|move|p1a: Maushold|Follow Me|p1a: Maushold\n|-singleturn|p1a: Maushold|move: Follow Me\n|move|p2b: Kingambit|Sucker Punch||[still]\n|-fail|p2b: Kingambit\n|move|p2a: Garchomp|Earthquake|p1b: Basculegion|[spread] p2b,p1a,p1b\n|-supereffective|p2b: Kingambit|1\n|-damage|p2b: Kingambit|0 fnt\n|-damage|p1a: Maushold|0 fnt\n|-damage|p1b: Basculegion|25/100\n|faint|p2b: Kingambit\n|faint|p1a: Maushold\n|move|p1b: Basculegion|Ice Beam|p2a: Garchomp\n|-supereffective|p2a: Garchomp|2\n|-crit|p2a: Garchomp\n|-damage|p2a: Garchomp|0 fnt\n|faint|p2a: Garchomp\n|\n|-weather|none\n|upkeep\n|\n|t:|1776419802\n|switch|p1a: Kingambit|Kingambit, L50, F|100/100\n|switch|p2b: Typhlosion|Typhlosion-Hisui, L50, M|100/100\n|turn|6\n|\n|t:|1776419809\n|move|p1a: Kingambit|Sucker Punch|p2b: Typhlosion\n|-supereffective|p2b: Typhlosion|1\n|-damage|p2b: Typhlosion|0 fnt\n|faint|p2b: Typhlosion\n|\n|win|SleepyBadBoy\n|raw|SleepyBadBoy's rating: 1429 &rarr; <strong>1449</strong><br />(+20 for winning)\n|raw|MisterP155's rating: 1422 &rarr; <strong>1402</strong><br />(-20 for losing)\n|l|\u2606MisterP155\n|player|p2|\n",
  "uploadtime": 1776419811,
  "views": 39,
  "formatid": "gen9championsvgc2026regma",
  "rating": 1402,
  "private": 0,
  "password": null
}