{
  "id": "gen9championsvgc2026regma-2580649619",
  "format": "[Gen 9 Champions] VGC 2026 Reg M-A",
  "players": [
    "tungtuynhdep",
    "FabricioPlayApk"
  ],
  "log": "|j|\u2606tungtuynhdep\n|j|\u2606FabricioPlayApk\n|t:|1775921265\n|gametype|doubles\n|player|p1|tungtuynhdep|170|1000\n|player|p2|FabricioPlayApk|youngcouple-gen4dp|1048\n|gen|9\n|tier|[Gen 9 Champions] VGC 2026 Reg M-A\n|rated|\n|rule|Species Clause: Limit one of each Pok\u00e9mon\n|rule|Item Clause: Limit 1 of each item\n|clearpoke\n|poke|p1|Charizard, L50, F|\n|poke|p1|Torkoal, L50, F|\n|poke|p1|Venusaur, L50, F|\n|poke|p1|Incineroar, L50, F|\n|poke|p1|Oranguru, L50, F|\n|poke|p1|Whimsicott, L50, F|\n|poke|p2|Pelipper, L50, M|\n|poke|p2|Clefable, L50, M|\n|poke|p2|Azumarill, L50, M|\n|poke|p2|Palafin, L50, M|\n|poke|p2|Whimsicott, L50, F|\n|poke|p2|Kingambit, L50, M|\n|teampreview|4\n|j| mikro3130\n|l| mikro3130\n|\n|t:|1775921294\n|teamsize|p1|4\n|teamsize|p2|4\n|start\n|switch|p1a: Charizard|Charizard, L50, F|100/100\n|switch|p1b: Whimsicott|Whimsicott, L50, F|100/100\n|switch|p2a: Palafin|Palafin, L50, M|100/100\n|switch|p2b: Clefable|Clefable, L50, M|100/100\n|turn|1\n|\n|t:|1775921318\n|detailschange|p1a: Charizard|Charizard-Mega-Y, L50, F\n|-mega|p1a: Charizard|Charizard|Charizardite Y\n|-weather|SunnyDay|[from] ability: Drought|[of] p1a: Charizard\n|detailschange|p2b: Clefable|Clefable-Mega, L50, M\n|-mega|p2b: Clefable|Clefable|Clefablite\n|move|p2b: Clefable|Follow Me|p2b: Clefable\n|-singleturn|p2b: Clefable|move: Follow Me\n|move|p1b: Whimsicott|Tailwind|p1b: Whimsicott\n|-sidestart|p1: tungtuynhdep|move: Tailwind\n|move|p1a: Charizard|Heat Wave|p2b: Clefable|[spread] p2a\n|-miss|p1a: Charizard|p2b: Clefable\n|-resisted|p2a: Palafin|1\n|-crit|p2a: Palafin\n|-damage|p2a: Palafin|33/100\n|move|p2a: Palafin|Flip Turn|p1a: Charizard\n|-supereffective|p1a: Charizard|1\n|-damage|p1a: Charizard|66/100\n|\n|t:|1775921335\n|detailschange|p2a: Palafin|Palafin-Hero, L50, M\n|switch|p2a: Pelipper|Pelipper, L50, M|100/100|[from] Flip Turn\n|-weather|RainDance|[from] ability: Drizzle|[of] p2a: Pelipper\n|\n|-weather|RainDance|[upkeep]\n|upkeep\n|turn|2\n|\n|t:|1775921351\n|move|p1a: Charizard|Protect|p1a: Charizard\n|-singleturn|p1a: Charizard|Protect\n|move|p1b: Whimsicott|Sunny Day|p1b: Whimsicott\n|-weather|SunnyDay\n|move|p2b: Clefable|Thunder|p1a: Charizard\n|-activate|p1a: Charizard|move: Protect\n|move|p2a: Pelipper|Tailwind|p2a: Pelipper\n|-sidestart|p2: FabricioPlayApk|move: Tailwind\n|\n|-weather|SunnyDay|[upkeep]\n|upkeep\n|turn|3\n|\n|t:|1775921375\n|move|p2b: Clefable|Protect|p2b: Clefable\n|-singleturn|p2b: Clefable|Protect\n|move|p1b: Whimsicott|Encore|p2a: Pelipper\n|-start|p2a: Pelipper|Encore\n|move|p1a: Charizard|Heat Wave|p2b: Clefable|[spread] p2a\n|-activate|p2b: Clefable|move: Protect\n|-resisted|p2a: Pelipper|1\n|-crit|p2a: Pelipper\n|-damage|p2a: Pelipper|38/100\n|move|p2a: Pelipper|Tailwind||[still]\n|-fail|p2a: Pelipper\n|\n|-weather|SunnyDay|[upkeep]\n|upkeep\n|turn|4\n|\n|t:|1775921400\n|switch|p2a: Palafin|Palafin-Hero, L50, M|33/100\n|-activate|p2a: Palafin|ability: Zero to Hero\n|move|p1b: Whimsicott|Moonblast|p2b: Clefable\n|-damage|p2b: Clefable|78/100\n|move|p1a: Charizard|Heat Wave|p2b: Clefable|[spread] p2a\n|-miss|p1a: Charizard|p2b: Clefable\n|-resisted|p2a: Palafin|1\n|-damage|p2a: Palafin|0 fnt\n|faint|p2a: Palafin\n|move|p2b: Clefable|Thunder|p1a: Charizard\n|-supereffective|p1a: Charizard|1\n|-damage|p1a: Charizard|1/100\n|\n|-weather|SunnyDay|[upkeep]\n|-sideend|p1: tungtuynhdep|move: Tailwind\n|upkeep\n|\n|t:|1775921418\n|switch|p2a: Azumarill|Azumarill, L50, M|100/100\n|turn|5\n|\n|t:|1775921429\n|move|p1b: Whimsicott|Tailwind|p1b: Whimsicott\n|-sidestart|p1: tungtuynhdep|move: Tailwind\n|move|p2a: Azumarill|Aqua Jet|p1a: Charizard\n|-supereffective|p1a: Charizard|1\n|-damage|p1a: Charizard|0 fnt\n|faint|p1a: Charizard\n|move|p2b: Clefable|Moonblast|p1b: Whimsicott\n|-damage|p1b: Whimsicott|30/100\n|\n|-weather|SunnyDay|[upkeep]\n|-sideend|p2: FabricioPlayApk|move: Tailwind\n|upkeep\n|\n|t:|1775921444\n|switch|p1a: Venusaur|Venusaur, L50, F|100/100\n|turn|6\n|\n|t:|1775921459\n|switch|p1b: Incineroar|Incineroar, L50, F|100/100\n|-ability|p1b: Incineroar|Intimidate|boost\n|-unboost|p2a: Azumarill|atk|1\n|-unboost|p2b: Clefable|atk|1\n|move|p2b: Clefable|Follow Me|p2b: Clefable\n|-singleturn|p2b: Clefable|move: Follow Me\n|move|p1a: Venusaur|Energy Ball|p2b: Clefable\n|-resisted|p2b: Clefable|1\n|-damage|p2b: Clefable|68/100\n|move|p2a: Azumarill|Belly Drum|p2a: Azumarill\n|-damage|p2a: Azumarill|51/100\n|-setboost|p2a: Azumarill|atk|6|[from] move: Belly Drum\n|\n|-weather|none\n|upkeep\n|turn|7\n|\n|t:|1775921484\n|switch|p2b: Pelipper|Pelipper, L50, M|38/100\n|-weather|RainDance|[from] ability: Drizzle|[of] p2b: Pelipper\n|move|p2a: Azumarill|Protect|p2a: Azumarill\n|-singleturn|p2a: Azumarill|Protect\n|move|p1b: Incineroar|Fake Out|p2a: Azumarill\n|-activate|p2a: Azumarill|move: Protect\n|move|p1a: Venusaur|Sleep Powder|p2a: Azumarill\n|-activate|p2a: Azumarill|move: Protect\n|\n|-weather|RainDance|[upkeep]\n|upkeep\n|turn|8\n|\n|t:|1775921506\n|move|p1a: Venusaur|Protect|p1a: Venusaur\n|-singleturn|p1a: Venusaur|Protect\n|move|p2a: Azumarill|Aqua Jet|p1b: Incineroar\n|-supereffective|p1b: Incineroar|1\n|-damage|p1b: Incineroar|0 fnt\n|faint|p1b: Incineroar\n|move|p2b: Pelipper|Hurricane|p1a: Venusaur\n|-activate|p1a: Venusaur|move: Protect\n|\n|-weather|RainDance|[upkeep]\n|-sideend|p1: tungtuynhdep|move: Tailwind\n|upkeep\n|\n|t:|1775921518\n|switch|p1b: Whimsicott|Whimsicott, L50, F|30/100\n|turn|9\n|\n|t:|1775921527\n|move|p1b: Whimsicott|Sunny Day|p1b: Whimsicott\n|-weather|SunnyDay\n|move|p2a: Azumarill|Aqua Jet|p1b: Whimsicott\n|-resisted|p1b: Whimsicott|1\n|-damage|p1b: Whimsicott|0 fnt\n|faint|p1b: Whimsicott\n|move|p1a: Venusaur|Energy Ball|p2a: Azumarill\n|-supereffective|p2a: Azumarill|1\n|-damage|p2a: Azumarill|0 fnt\n|faint|p2a: Azumarill\n|move|p2b: Pelipper|Tailwind|p2b: Pelipper\n|-sidestart|p2: FabricioPlayApk|move: Tailwind\n|\n|-weather|SunnyDay|[upkeep]\n|upkeep\n|\n|t:|1775921540\n|switch|p2a: Clefable|Clefable-Mega, L50, M|68/100\n|turn|10\n|\n|t:|1775921548\n|move|p2a: Clefable|Follow Me|p2a: Clefable\n|-singleturn|p2a: Clefable|move: Follow Me\n|move|p1a: Venusaur|Sleep Powder|p2a: Clefable\n|move|p2a: Clefable|Sleep Powder|p1a: Venusaur|[from] ability: Magic Bounce\n|-immune|p1a: Venusaur\n|move|p2b: Pelipper|Weather Ball|p1a: Venusaur\n|-supereffective|p1a: Venusaur|1\n|-damage|p1a: Venusaur|22/100\n|\n|-weather|SunnyDay|[upkeep]\n|upkeep\n|turn|11\n|\n|t:|1775921566\n|move|p1a: Venusaur|Sludge Bomb|p2b: Pelipper\n|-damage|p2b: Pelipper|0 fnt\n|faint|p2b: Pelipper\n|move|p2a: Clefable|Moonblast|p1a: Venusaur\n|-resisted|p1a: Venusaur|1\n|-damage|p1a: Venusaur|0 fnt\n|faint|p1a: Venusaur\n|\n|win|FabricioPlayApk\n|raw|tungtuynhdep's rating: 1000 &rarr; <strong>1000</strong><br />(+0 for losing)\n|raw|FabricioPlayApk's rating: 1048 &rarr; <strong>1076</strong><br />(+28 for winning)\n",
  "uploadtime": 1775921575,
  "views": 11,
  "formatid": "gen9championsvgc2026regma",
  "rating": 1000,
  "private": 0,
  "password": null
}