{
  "id": "gen9championsvgc2026regma-2588036339",
  "format": "[Gen 9 Champions] VGC 2026 Reg M-A",
  "players": [
    "kactiel",
    "gold_rutur"
  ],
  "log": "|j|\u2606kactiel\n|j|\u2606gold_rutur\n|t:|1776596205\n|gametype|doubles\n|player|p1|kactiel|1|1160\n|player|p2|gold_rutur|clay|1145\n|gen|9\n|tier|[Gen 9 Champions] VGC 2026 Reg M-A\n|rated|\n|rule|Species Clause: Limit one of each Pok\u00e9mon\n|rule|Item Clause: Limit 1 of each item\n|clearpoke\n|poke|p1|Meganium, L50, F|\n|poke|p1|Politoed, L50, F|\n|poke|p1|Espathra, L50, F, shiny|\n|poke|p1|Aerodactyl, L50, F, shiny|\n|poke|p1|Heliolisk, L50, F, shiny|\n|poke|p1|Goodra-Hisui, L50, F|\n|poke|p2|Scovillain, L50, M, shiny|\n|poke|p2|Typhlosion-Hisui, L50, M|\n|poke|p2|Farigiraf, L50, F|\n|poke|p2|Torkoal, L50, M|\n|poke|p2|Sneasler, L50, M|\n|poke|p2|Corviknight, L50, M|\n|teampreview|4\n|inactive|Battle timer is ON: inactive players will automatically lose when time's up. (requested by kactiel)\n|\n|t:|1776596229\n|teamsize|p1|4\n|teamsize|p2|4\n|start\n|switch|p1a: Butch Queen|Aerodactyl, L50, F, shiny|100/100\n|switch|p1b: Lady Gaga|Espathra, L50, F, shiny|100/100\n|switch|p2a: Sneasler|Sneasler, L50, M|100/100\n|switch|p2b: Typhlosion|Typhlosion-Hisui, L50, M|100/100\n|-ability|p1a: Butch Queen|Unnerve\n|-item|p1a: Butch Queen|Focus Sash|[from] ability: Frisk|[of] p2b: Typhlosion\n|-item|p1b: Lady Gaga|Colbur Berry|[from] ability: Frisk|[of] p2b: Typhlosion\n|turn|1\n|c|\u2606gold_rutur|Diva pokemons\n|\n|t:|1776596251\n|move|p1a: Butch Queen|Protect|p1a: Butch Queen\n|-singleturn|p1a: Butch Queen|Protect\n|move|p1b: Lady Gaga|Protect|p1b: Lady Gaga\n|-singleturn|p1b: Lady Gaga|Protect\n|move|p2a: Sneasler|Fake Out|p1a: Butch Queen\n|-activate|p1a: Butch Queen|move: Protect\n|move|p2b: Typhlosion|Eruption|p1a: Butch Queen|[spread] \n|-activate|p1a: Butch Queen|move: Protect\n|-activate|p1b: Lady Gaga|move: Protect\n|\n|-ability|p1b: Lady Gaga|Speed Boost|boost\n|-boost|p1b: Lady Gaga|spe|1\n|upkeep\n|turn|2\n|c|\u2606kactiel|Yesssss\n|\n|t:|1776596268\n|switch|p2a: Torkoal|Torkoal, L50, M|100/100\n|-weather|SunnyDay|[from] ability: Drought|[of] p2a: Torkoal\n|move|p2b: Typhlosion|Eruption|p1b: Lady Gaga|[spread] p1a,p1b\n|-resisted|p1a: Butch Queen|1\n|-damage|p1a: Butch Queen|44/100\n|-damage|p1b: Lady Gaga|0 fnt\n|faint|p1b: Lady Gaga\n|move|p1a: Butch Queen|Rock Slide|p2b: Typhlosion|[spread] p2a,p2b\n|-supereffective|p2a: Torkoal|1\n|-supereffective|p2b: Typhlosion|1\n|-damage|p2a: Torkoal|56/100\n|-damage|p2b: Typhlosion|26/100\n|\n|-weather|SunnyDay|[upkeep]\n|upkeep\n|\n|t:|1776596285\n|switch|p1b: Princess|Politoed, L50, F|100/100\n|-weather|RainDance|[from] ability: Drizzle|[of] p1b: Princess\n|turn|3\n|\n|t:|1776596294\n|switch|p2b: Scovillain|Scovillain, L50, M, shiny|100/100\n|move|p1a: Butch Queen|Rock Slide|p2b: Scovillain|[spread] p2a,p2b\n|-supereffective|p2a: Torkoal|1\n|-supereffective|p2b: Scovillain|1\n|-damage|p2a: Torkoal|7/100\n|-damage|p2b: Scovillain|45/100\n|move|p1b: Princess|Weather Ball|p2a: Torkoal\n|-supereffective|p2a: Torkoal|1\n|-damage|p2a: Torkoal|0 fnt\n|faint|p2a: Torkoal\n|\n|-weather|RainDance|[upkeep]\n|-ability|p2b: Scovillain|Moody|boost\n|-boost|p2b: Scovillain|atk|2\n|-unboost|p2b: Scovillain|spd|1\n|upkeep\n|\n|t:|1776596313\n|switch|p2a: Sneasler|Sneasler, L50, M|100/100\n|turn|4\n|\n|t:|1776596323\n|detailschange|p2b: Scovillain|Scovillain-Mega, L50, M, shiny\n|-mega|p2b: Scovillain|Scovillain|Scovillainite\n|move|p1a: Butch Queen|Protect|p1a: Butch Queen\n|-singleturn|p1a: Butch Queen|Protect\n|move|p2a: Sneasler|Fake Out|p1a: Butch Queen\n|-activate|p1a: Butch Queen|move: Protect\n|move|p1b: Princess|Weather Ball|p2b: Scovillain\n|-damage|p2b: Scovillain|0 fnt\n|-status|p1b: Princess|brn|[from] ability: Spicy Spray|[of] p2b: Scovillain\n|faint|p2b: Scovillain\n|\n|-weather|RainDance|[upkeep]\n|-damage|p1b: Princess|95/100 brn|[from] brn\n|upkeep\n|c|\u2606gold_rutur|Shit, you are frying me\n|\n|t:|1776596347\n|switch|p2b: Typhlosion|Typhlosion-Hisui, L50, M|26/100\n|-item|p1a: Butch Queen|Focus Sash|[from] ability: Frisk|[of] p2b: Typhlosion\n|-item|p1b: Princess|Sitrus Berry|[from] ability: Frisk|[of] p2b: Typhlosion\n|turn|5\n|\n|t:|1776596357\n|move|p2b: Typhlosion|Infernal Parade|p1b: Princess\n|-damage|p1b: Princess|35/100 brn\n|-enditem|p1b: Princess|Sitrus Berry|[eat]\n|-heal|p1b: Princess|60/100 brn|[from] item: Sitrus Berry\n|move|p1a: Butch Queen|Dual Wingbeat|p2a: Sneasler|[miss]\n|-miss|p1a: Butch Queen|p2a: Sneasler\n|move|p2a: Sneasler|Dire Claw|p1a: Butch Queen\n|-resisted|p1a: Butch Queen|1\n|-damage|p1a: Butch Queen|13/100\n|move|p1b: Princess|Weather Ball|p2b: Typhlosion\n|-supereffective|p2b: Typhlosion|1\n|-damage|p2b: Typhlosion|0 fnt\n|faint|p2b: Typhlosion\n|\n|-weather|RainDance|[upkeep]\n|-damage|p1b: Princess|54/100 brn|[from] brn\n|upkeep\n|turn|6\n|inactive|gold_rutur has 30 seconds left.\n|inactive|gold_rutur has 20 seconds left.\n|inactive|gold_rutur has 15 seconds left.\n|c|\u2606gold_rutur|NO FUCKIN WAY YOUR LITTLE SHIT SURVIVED 120 GHOST TYPE ATTACK\n|inactive|gold_rutur has 10 seconds left.\n|\n|t:|1776596404\n|move|p1a: Butch Queen|Dual Wingbeat|p2a: Sneasler\n|-supereffective|p2a: Sneasler|1\n|-damage|p2a: Sneasler|42/100\n|-supereffective|p2a: Sneasler|1\n|-damage|p2a: Sneasler|0 fnt\n|faint|p2a: Sneasler\n|-hitcount|p2: Sneasler|2\n|\n|win|kactiel\n",
  "uploadtime": 1776596400,
  "views": 9,
  "formatid": "gen9championsvgc2026regma",
  "rating": null,
  "private": 0,
  "password": null
}