{
  "id": "gen9championsvgc2026regma-2588068012",
  "format": "[Gen 9 Champions] VGC 2026 Reg M-A",
  "players": [
    "alienbugbug",
    "Gontzal4237"
  ],
  "log": "|j|\u2606alienbugbug\n|j|\u2606Gontzal4237\n|t:|1776600452\n|gametype|doubles\n|player|p1|alienbugbug|carmine-festival|1194\n|player|p2|Gontzal4237|veteran|1271\n|gen|9\n|tier|[Gen 9 Champions] VGC 2026 Reg M-A\n|rated|\n|rule|Species Clause: Limit one of each Pok\u00e9mon\n|rule|Item Clause: Limit 1 of each item\n|clearpoke\n|poke|p1|Scovillain, L50, F|\n|poke|p1|Milotic, L50, F|\n|poke|p1|Sinistcha, L50|\n|poke|p1|Kingambit, L50, M|\n|poke|p1|Dragonite, L50, F|\n|poke|p1|Tauros-Paldea-Aqua, L50, M|\n|poke|p2|Incineroar, L50, F, shiny|\n|poke|p2|Garchomp, L50, M|\n|poke|p2|Tyranitar, L50, F|\n|poke|p2|Excadrill, L50, M, shiny|\n|poke|p2|Sinistcha, L50|\n|poke|p2|Rotom-Wash, L50, shiny|\n|teampreview|4\n|\n|t:|1776600494\n|teamsize|p1|4\n|teamsize|p2|4\n|start\n|switch|p1a: Scovillain|Scovillain, L50, F|100/100\n|switch|p1b: Milotic|Milotic, L50, F|100/100\n|switch|p2a: Tyranitar|Tyranitar, L50, F|100/100\n|switch|p2b: Rotom|Rotom-Wash, L50, shiny|100/100\n|-weather|Sandstorm|[from] ability: Sand Stream|[of] p2a: Tyranitar\n|turn|1\n|\n|t:|1776600523\n|move|p1a: Scovillain|Protect|p1a: Scovillain\n|-singleturn|p1a: Scovillain|Protect\n|move|p2a: Tyranitar|Protect|p2a: Tyranitar\n|-singleturn|p2a: Tyranitar|Protect\n|move|p2b: Rotom|Thunderbolt|p1b: Milotic\n|-supereffective|p1b: Milotic|1\n|-damage|p1b: Milotic|56/100\n|move|p1b: Milotic|Light Screen|p1b: Milotic\n|-sidestart|p1: alienbugbug|move: Light Screen\n|\n|-weather|Sandstorm|[upkeep]\n|-damage|p2b: Rotom|94/100|[from] Sandstorm\n|-damage|p1b: Milotic|50/100|[from] Sandstorm\n|-damage|p1a: Scovillain|95/100|[from] Sandstorm\n|-heal|p1b: Milotic|56/100|[from] item: Leftovers\n|-ability|p1a: Scovillain|Moody|boost\n|-boost|p1a: Scovillain|atk|2\n|-unboost|p1a: Scovillain|spa|1\n|upkeep\n|turn|2\n|\n|t:|1776600562\n|switch|p2a: Sinistcha|Sinistcha, L50|100/100\n|-heal|p2b: Rotom|100/100|[from] ability: Hospitality|[of] p2a: Sinistcha\n|detailschange|p1a: Scovillain|Scovillain-Mega, L50, F\n|-mega|p1a: Scovillain|Scovillain|Scovillainite\n|move|p2b: Rotom|Thunderbolt|p1b: Milotic\n|-supereffective|p1b: Milotic|1\n|-damage|p1b: Milotic|22/100\n|move|p1b: Milotic|Scald|p2a: Sinistcha\n|-resisted|p2a: Sinistcha|1\n|-damage|p2a: Sinistcha|87/100\n|move|p1a: Scovillain|Leech Seed|p2b: Rotom\n|-start|p2b: Rotom|move: Leech Seed\n|\n|-weather|Sandstorm|[upkeep]\n|-damage|p2b: Rotom|94/100|[from] Sandstorm\n|-damage|p1b: Milotic|16/100|[from] Sandstorm\n|-damage|p1a: Scovillain|89/100|[from] Sandstorm\n|-damage|p2a: Sinistcha|81/100|[from] Sandstorm\n|-heal|p1b: Milotic|22/100|[from] item: Leftovers\n|-heal|p2a: Sinistcha|87/100|[from] item: Leftovers\n|-damage|p2b: Rotom|82/100|[from] Leech Seed|[of] p1a: Scovillain\n|-heal|p1a: Scovillain|99/100|[silent]\n|upkeep\n|turn|3\n|\n|t:|1776600590\n|move|p2a: Sinistcha|Protect|p2a: Sinistcha\n|-singleturn|p2a: Sinistcha|Protect\n|move|p1a: Scovillain|Rage Powder|p1a: Scovillain\n|-singleturn|p1a: Scovillain|move: Rage Powder\n|move|p2b: Rotom|Thunderbolt|p1a: Scovillain\n|-resisted|p1a: Scovillain|1\n|-damage|p1a: Scovillain|88/100\n|-status|p2b: Rotom|brn|[from] ability: Spicy Spray|[of] p1a: Scovillain\n|move|p1b: Milotic|Ice Beam|p2a: Sinistcha\n|-activate|p2a: Sinistcha|move: Protect\n|\n|-weather|Sandstorm|[upkeep]\n|-damage|p2b: Rotom|76/100 brn|[from] Sandstorm\n|-damage|p1b: Milotic|16/100|[from] Sandstorm\n|-damage|p1a: Scovillain|82/100|[from] Sandstorm\n|-damage|p2a: Sinistcha|81/100|[from] Sandstorm\n|-heal|p1b: Milotic|22/100|[from] item: Leftovers\n|-heal|p2a: Sinistcha|87/100|[from] item: Leftovers\n|-damage|p2b: Rotom|64/100 brn|[from] Leech Seed|[of] p1a: Scovillain\n|-heal|p1a: Scovillain|93/100|[silent]\n|-damage|p2b: Rotom|58/100 brn|[from] brn\n|upkeep\n|turn|4\n|\n|t:|1776600627\n|move|p1a: Scovillain|Rage Powder|p1a: Scovillain\n|-singleturn|p1a: Scovillain|move: Rage Powder\n|move|p2b: Rotom|Thunderbolt|p1a: Scovillain\n|-resisted|p1a: Scovillain|1\n|-damage|p1a: Scovillain|81/100\n|move|p1b: Milotic|Scald|p2a: Sinistcha\n|-resisted|p2a: Sinistcha|1\n|-damage|p2a: Sinistcha|75/100\n|move|p2a: Sinistcha|Matcha Gotcha|p1a: Scovillain|[spread] p1a,p1b\n|-resisted|p1a: Scovillain|2\n|-supereffective|p1b: Milotic|1\n|-damage|p1a: Scovillain|77/100\n|-heal|p2a: Sinistcha|77/100|[from] drain|[of] p1a: Scovillain\n|-damage|p1b: Milotic|0 fnt\n|-heal|p2a: Sinistcha|91/100|[from] drain|[of] p1b: Milotic\n|-status|p2a: Sinistcha|brn|[from] ability: Spicy Spray|[of] p1a: Scovillain\n|faint|p1b: Milotic\n|\n|-weather|Sandstorm|[upkeep]\n|-damage|p2b: Rotom|52/100 brn|[from] Sandstorm\n|-damage|p1a: Scovillain|71/100|[from] Sandstorm\n|-damage|p2a: Sinistcha|85/100 brn|[from] Sandstorm\n|-heal|p2a: Sinistcha|91/100 brn|[from] item: Leftovers\n|-damage|p2b: Rotom|40/100 brn|[from] Leech Seed|[of] p1a: Scovillain\n|-heal|p1a: Scovillain|82/100|[silent]\n|-damage|p2b: Rotom|34/100 brn|[from] brn\n|-damage|p2a: Sinistcha|85/100 brn|[from] brn\n|upkeep\n|\n|t:|1776600650\n|switch|p1b: Sinistcha|Sinistcha, L50|100/100\n|-heal|p1a: Scovillain|100/100|[from] ability: Hospitality|[of] p1b: Sinistcha\n|turn|5\n|\n|t:|1776600675\n|switch|p2b: Garchomp|Garchomp, L50, M|100/100\n|move|p1a: Scovillain|Rage Powder|p1a: Scovillain\n|-singleturn|p1a: Scovillain|move: Rage Powder\n|move|p1b: Sinistcha|Hex|p2b: Garchomp\n|-damage|p2b: Garchomp|72/100\n|move|p2a: Sinistcha|Life Dew|p2a: Sinistcha|[spread] p2a,p2b\n|-heal|p2a: Sinistcha|100/100 brn\n|-heal|p2b: Garchomp|97/100\n|\n|-weather|none\n|-damage|p2a: Sinistcha|94/100 brn|[from] brn\n|-sideend|p1: alienbugbug|move: Light Screen\n|upkeep\n|turn|6\n|\n|t:|1776600696\n|switch|p2a: Tyranitar|Tyranitar, L50, F|100/100\n|-weather|Sandstorm|[from] ability: Sand Stream|[of] p2a: Tyranitar\n|move|p2b: Garchomp|Rock Slide|p1a: Scovillain|[spread] p1a,p1b\n|-supereffective|p1a: Scovillain|1\n|-damage|p1a: Scovillain|57/100\n|-damage|p1b: Sinistcha|82/100\n|-status|p2b: Garchomp|brn|[from] ability: Spicy Spray|[of] p1a: Scovillain\n|move|p1a: Scovillain|Leech Seed|p2b: Garchomp\n|-start|p2b: Garchomp|move: Leech Seed\n|move|p1b: Sinistcha|Reflect|p1b: Sinistcha\n|-sidestart|p1: alienbugbug|Reflect\n|\n|-weather|Sandstorm|[upkeep]\n|-damage|p1a: Scovillain|52/100|[from] Sandstorm\n|-damage|p1b: Sinistcha|76/100|[from] Sandstorm\n|-damage|p2b: Garchomp|85/100 brn|[from] Leech Seed|[of] p1a: Scovillain\n|-heal|p1a: Scovillain|65/100|[silent]\n|-damage|p2b: Garchomp|79/100 brn|[from] brn\n|upkeep\n|turn|7\n|\n|t:|1776600729\n|switch|p2b: Sinistcha|Sinistcha, L50|94/100 brn\n|move|p2a: Tyranitar|Protect|p2a: Tyranitar\n|-singleturn|p2a: Tyranitar|Protect\n|move|p1a: Scovillain|Rage Powder|p1a: Scovillain\n|-singleturn|p1a: Scovillain|move: Rage Powder\n|move|p1b: Sinistcha|Life Dew|p1b: Sinistcha|[spread] p1a,p1b\n|-heal|p1a: Scovillain|90/100\n|-heal|p1b: Sinistcha|100/100\n|\n|-weather|Sandstorm|[upkeep]\n|-damage|p1a: Scovillain|84/100|[from] Sandstorm\n|-damage|p1b: Sinistcha|94/100|[from] Sandstorm\n|-damage|p2b: Sinistcha|88/100 brn|[from] Sandstorm\n|-heal|p2b: Sinistcha|94/100 brn|[from] item: Leftovers\n|-damage|p2b: Sinistcha|88/100 brn|[from] brn\n|upkeep\n|turn|8\n|\n|t:|1776600746\n|move|p2b: Sinistcha|Rage Powder|p2b: Sinistcha\n|-singleturn|p2b: Sinistcha|move: Rage Powder\n|move|p1a: Scovillain|Leech Seed|p2a: Tyranitar\n|-start|p2a: Tyranitar|move: Leech Seed\n|move|p1b: Sinistcha|Hex|p2b: Sinistcha\n|-supereffective|p2b: Sinistcha|1\n|-damage|p2b: Sinistcha|0 fnt\n|faint|p2b: Sinistcha\n|move|p2a: Tyranitar|Dragon Dance|p2a: Tyranitar\n|-boost|p2a: Tyranitar|atk|1\n|-boost|p2a: Tyranitar|spe|1\n|\n|-weather|Sandstorm|[upkeep]\n|-damage|p1a: Scovillain|78/100|[from] Sandstorm\n|-damage|p1b: Sinistcha|88/100|[from] Sandstorm\n|-damage|p2a: Tyranitar|88/100|[from] Leech Seed|[of] p1a: Scovillain\n|-heal|p1a: Scovillain|93/100|[silent]\n|upkeep\n|\n|t:|1776600769\n|switch|p2b: Rotom|Rotom-Wash, L50, shiny|34/100 brn\n|turn|9\n|\n|t:|1776600780\n|move|p2a: Tyranitar|Protect|p2a: Tyranitar\n|-singleturn|p2a: Tyranitar|Protect\n|move|p1a: Scovillain|Protect|p1a: Scovillain\n|-singleturn|p1a: Scovillain|Protect\n|move|p2b: Rotom|Hydro Pump|p1a: Scovillain\n|-activate|p1a: Scovillain|move: Protect\n|move|p1b: Sinistcha|Matcha Gotcha|p2b: Rotom|[spread] p2b\n|-activate|p2a: Tyranitar|move: Protect\n|-supereffective|p2b: Rotom|1\n|-damage|p2b: Rotom|0 fnt\n|-heal|p1b: Sinistcha|100/100|[from] drain|[of] p2b: Rotom\n|faint|p2b: Rotom\n|\n|-weather|Sandstorm|[upkeep]\n|-damage|p1a: Scovillain|87/100|[from] Sandstorm\n|-damage|p1b: Sinistcha|94/100|[from] Sandstorm\n|-damage|p2a: Tyranitar|76/100|[from] Leech Seed|[of] p1a: Scovillain\n|-heal|p1a: Scovillain|100/100|[silent]\n|upkeep\n|\n|t:|1776600792\n|switch|p2b: Garchomp|Garchomp, L50, M|79/100 brn\n|turn|10\n|\n|t:|1776600833\n|move|p1a: Scovillain|Rage Powder|p1a: Scovillain\n|-singleturn|p1a: Scovillain|move: Rage Powder\n|move|p2b: Garchomp|Rock Slide|p1a: Scovillain|[spread] p1a,p1b\n|-supereffective|p1a: Scovillain|1\n|-damage|p1a: Scovillain|86/100\n|-damage|p1b: Sinistcha|89/100\n|move|p2a: Tyranitar|Rock Slide|p1a: Scovillain|[spread] p1a,p1b\n|-supereffective|p1a: Scovillain|1\n|-damage|p1a: Scovillain|16/100\n|-damage|p1b: Sinistcha|61/100\n|-status|p2a: Tyranitar|brn|[from] ability: Spicy Spray|[of] p1a: Scovillain\n|move|p1b: Sinistcha|Matcha Gotcha|p2b: Garchomp|[spread] p2a\n|-miss|p1b: Sinistcha|p2b: Garchomp\n|-supereffective|p2a: Tyranitar|1\n|-damage|p2a: Tyranitar|49/100 brn\n|-heal|p1b: Sinistcha|77/100|[from] drain|[of] p2a: Tyranitar\n|\n|-weather|none\n|-damage|p2a: Tyranitar|37/100 brn|[from] Leech Seed|[of] p1a: Scovillain\n|-heal|p1a: Scovillain|31/100|[silent]\n|-damage|p2b: Garchomp|73/100 brn|[from] brn\n|-damage|p2a: Tyranitar|31/100 brn|[from] brn\n|-sideend|p1: alienbugbug|Reflect\n|upkeep\n|turn|11\n|\n|t:|1776600866\n|detailschange|p2a: Tyranitar|Tyranitar-Mega, L50, F\n|-mega|p2a: Tyranitar|Tyranitar|Tyranitarite\n|-weather|Sandstorm|[from] ability: Sand Stream|[of] p2a: Tyranitar\n|move|p1a: Scovillain|Protect|p1a: Scovillain\n|-singleturn|p1a: Scovillain|Protect\n|move|p2b: Garchomp|Rock Slide|p1a: Scovillain|[spread] p1b\n|-activate|p1a: Scovillain|move: Protect\n|-damage|p1b: Sinistcha|68/100\n|move|p2a: Tyranitar|Rock Slide|p1a: Scovillain|[spread] p1b\n|-activate|p1a: Scovillain|move: Protect\n|-damage|p1b: Sinistcha|44/100\n|-enditem|p1b: Sinistcha|Sitrus Berry|[eat]\n|-heal|p1b: Sinistcha|68/100|[from] item: Sitrus Berry\n|cant|p1b: Sinistcha|flinch\n|\n|-weather|Sandstorm|[upkeep]\n|-damage|p1a: Scovillain|25/100|[from] Sandstorm\n|-damage|p1b: Sinistcha|62/100|[from] Sandstorm\n|-damage|p2a: Tyranitar|19/100 brn|[from] Leech Seed|[of] p1a: Scovillain\n|-heal|p1a: Scovillain|39/100|[silent]\n|-damage|p2b: Garchomp|67/100 brn|[from] brn\n|-damage|p2a: Tyranitar|14/100 brn|[from] brn\n|upkeep\n|turn|12\n|\n|t:|1776600900\n|move|p2b: Garchomp|Rock Slide|p1a: Scovillain|[spread] p1a,p1b\n|-supereffective|p1a: Scovillain|1\n|-damage|p1a: Scovillain|16/100\n|-damage|p1b: Sinistcha|53/100\n|move|p2a: Tyranitar|Crunch|p1b: Sinistcha\n|-supereffective|p1b: Sinistcha|1\n|-damage|p1b: Sinistcha|0 fnt\n|faint|p1b: Sinistcha\n|move|p1a: Scovillain|Overheat|p2a: Tyranitar\n|-resisted|p2a: Tyranitar|1\n|-damage|p2a: Tyranitar|2/100 brn\n|-unboost|p1a: Scovillain|spa|2\n|\n|-weather|Sandstorm|[upkeep]\n|-damage|p1a: Scovillain|10/100|[from] Sandstorm\n|-damage|p2a: Tyranitar|0 fnt|[from] Leech Seed|[of] p1a: Scovillain\n|-heal|p1a: Scovillain|12/100|[silent]\n|faint|p2a: Tyranitar\n|-damage|p2b: Garchomp|61/100 brn|[from] brn\n|upkeep\n|\n|t:|1776600916\n|switch|p1b: Tauros|Tauros-Paldea-Aqua, L50, M|100/100\n|-ability|p1b: Tauros|Intimidate|boost\n|-unboost|p2b: Garchomp|atk|1\n|turn|13\n|c|\u2606Gontzal4237|gg\n|c|\u2606alienbugbug|gg\n|\n|t:|1776600929\n|move|p2b: Garchomp|Earthquake|p1b: Tauros|[spread] p1a,p1b\n|-damage|p1a: Scovillain|0 fnt\n|-damage|p1b: Tauros|87/100\n|faint|p1a: Scovillain\n|move|p1b: Tauros|Wave Crash|p2b: Garchomp\n|-damage|p2b: Garchomp|0 fnt\n|faint|p2b: Garchomp\n|-damage|p1b: Tauros|62/100|[from] Recoil\n|\n|win|alienbugbug\n|raw|alienbugbug's rating: 1194 &rarr; <strong>1224</strong><br />(+30 for winning)\n|raw|Gontzal4237's rating: 1271 &rarr; <strong>1241</strong><br />(-30 for losing)\n|l|\u2606Gontzal4237\n|player|p2|\n",
  "uploadtime": 1776600956,
  "views": 23,
  "formatid": "gen9championsvgc2026regma",
  "rating": 1224,
  "private": 0,
  "password": null
}