{
  "id": "gen9championsvgc2026regma-2585864038",
  "format": "[Gen 9 Champions] VGC 2026 Reg M-A",
  "players": [
    "razii",
    "Future Alice haver"
  ],
  "log": "|j|\u2606razii\n|j|\u2606Future Alice haver\n|t:|1776376550\n|gametype|doubles\n|player|p1|razii|shadowtriad|1218\n|player|p2|Future Alice haver|kimonogirl|1219\n|gen|9\n|tier|[Gen 9 Champions] VGC 2026 Reg M-A\n|rated|\n|rule|Species Clause: Limit one of each Pok\u00e9mon\n|rule|Item Clause: Limit 1 of each item\n|clearpoke\n|poke|p1|Tyranitar, L50, M|\n|poke|p1|Garchomp, L50, M|\n|poke|p1|Floette-Eternal, L50, F|\n|poke|p1|Typhlosion-Hisui, L50, M|\n|poke|p1|Whimsicott, L50, M|\n|poke|p1|Tsareena, L50, F|\n|poke|p2|Charizard, L50, M|\n|poke|p2|Venusaur, L50, F|\n|poke|p2|Orthworm, L50, F|\n|poke|p2|Garchomp, L50, F|\n|poke|p2|Milotic, L50, M|\n|poke|p2|Whimsicott, L50, F|\n|teampreview|4\n|\n|t:|1776376575\n|teamsize|p1|4\n|teamsize|p2|4\n|start\n|switch|p1a: Whimsicott|Whimsicott, L50, M|100/100\n|switch|p1b: Tyranitar|Tyranitar, L50, M|100/100\n|switch|p2a: Garchomp|Garchomp, L50, F|100/100\n|switch|p2b: Orthworm|Orthworm, L50, F|100/100\n|-weather|Sandstorm|[from] ability: Sand Stream|[of] p1b: Tyranitar\n|turn|1\n|inactive|Battle timer is ON: inactive players will automatically lose when time's up. (requested by Future Alice haver)\n|\n|t:|1776376590\n|move|p1a: Whimsicott|Tailwind|p1a: Whimsicott\n|-sidestart|p1: razii|move: Tailwind\n|move|p2a: Garchomp|Earthquake|p1a: Whimsicott|[spread] p1a,p1b\n|-immune|p2b: Orthworm|[from] ability: Earth Eater\n|-resisted|p1a: Whimsicott|1\n|-supereffective|p1b: Tyranitar|1\n|-damage|p1a: Whimsicott|71/100\n|-damage|p1b: Tyranitar|28/100\n|move|p1b: Tyranitar|Low Kick|p2b: Orthworm\n|-supereffective|p2b: Orthworm|1\n|-damage|p2b: Orthworm|42/100\n|-enditem|p2b: Orthworm|Sitrus Berry|[eat]\n|-heal|p2b: Orthworm|67/100|[from] item: Sitrus Berry\n|move|p2b: Orthworm|Heavy Slam|p1a: Whimsicott\n|-supereffective|p1a: Whimsicott|1\n|-damage|p1a: Whimsicott|0 fnt\n|faint|p1a: Whimsicott\n|\n|-weather|Sandstorm|[upkeep]\n|upkeep\n|\n|t:|1776376609\n|switch|p1a: Floette|Floette-Eternal, L50, F|100/100\n|turn|2\n|\n|t:|1776376633\n|switch|p2a: Venusaur|Venusaur, L50, F|100/100\n|detailschange|p1a: Floette|Floette-Mega, L50, F\n|-mega|p1a: Floette|Floette|Floettite\n|-ability|p1a: Floette|Fairy Aura\n|move|p1b: Tyranitar|Protect|p1b: Tyranitar\n|-singleturn|p1b: Tyranitar|Protect\n|move|p1a: Floette|Dazzling Gleam|p2a: Venusaur|[spread] p2a,p2b\n|-resisted|p2a: Venusaur|1\n|-resisted|p2b: Orthworm|1\n|-damage|p2a: Venusaur|72/100\n|-damage|p2b: Orthworm|30/100\n|move|p2b: Orthworm|Heavy Slam|p1a: Floette\n|-supereffective|p1a: Floette|1\n|-damage|p1a: Floette|40/100\n|\n|-weather|Sandstorm|[upkeep]\n|-damage|p1a: Floette|34/100|[from] Sandstorm\n|-damage|p2a: Venusaur|66/100|[from] Sandstorm\n|-heal|p2a: Venusaur|72/100|[from] item: Leftovers\n|upkeep\n|turn|3\n|\n|t:|1776376650\n|move|p1a: Floette|Psychic|p2a: Venusaur\n|-supereffective|p2a: Venusaur|1\n|-damage|p2a: Venusaur|0 fnt\n|faint|p2a: Venusaur\n|move|p1b: Tyranitar|Low Kick|p2b: Orthworm\n|-supereffective|p2b: Orthworm|1\n|-damage|p2b: Orthworm|0 fnt\n|faint|p2b: Orthworm\n|\n|-weather|Sandstorm|[upkeep]\n|-damage|p1a: Floette|28/100|[from] Sandstorm\n|upkeep\n|\n|t:|1776376661\n|switch|p2a: Charizard|Charizard, L50, M|100/100\n|switch|p2b: Garchomp|Garchomp, L50, F|100/100\n|turn|4\n|\n|t:|1776376672\n|detailschange|p2a: Charizard|Charizard-Mega-Y, L50, M\n|-mega|p2a: Charizard|Charizard|Charizardite Y\n|-weather|SunnyDay|[from] ability: Drought|[of] p2a: Charizard\n|move|p2a: Charizard|Protect|p2a: Charizard\n|-singleturn|p2a: Charizard|Protect\n|move|p1a: Floette|Dazzling Gleam|p2a: Charizard|[spread] p2b\n|-activate|p2a: Charizard|move: Protect\n|-supereffective|p2b: Garchomp|1\n|-damage|p2b: Garchomp|0 fnt\n|faint|p2b: Garchomp\n|move|p1b: Tyranitar|Rock Slide|p2a: Charizard\n|-activate|p2a: Charizard|move: Protect\n|\n|-weather|SunnyDay|[upkeep]\n|-sideend|p1: razii|move: Tailwind\n|upkeep\n|turn|5\n|\n|t:|1776376689\n|move|p1b: Tyranitar|Protect|p1b: Tyranitar\n|-singleturn|p1b: Tyranitar|Protect\n|move|p1a: Floette|Light of Ruin|p2a: Charizard\n|-resisted|p2a: Charizard|1\n|-damage|p2a: Charizard|53/100\n|-damage|p1a: Floette|0 fnt|[from] Recoil\n|faint|p1a: Floette\n|move|p2a: Charizard|Heat Wave|p1b: Tyranitar\n|-activate|p1b: Tyranitar|move: Protect\n|\n|-weather|SunnyDay|[upkeep]\n|upkeep\n|\n|t:|1776376697\n|switch|p1a: Typhlosion|Typhlosion-Hisui, L50, M|100/100\n|turn|6\n|\n|t:|1776376708\n|move|p1a: Typhlosion|Eruption|p2a: Charizard\n|-resisted|p2a: Charizard|1\n|-damage|p2a: Charizard|6/100\n|move|p2a: Charizard|Heat Wave|p1b: Tyranitar|[spread] p1a,p1b\n|-resisted|p1a: Typhlosion|1\n|-resisted|p1b: Tyranitar|1\n|-damage|p1a: Typhlosion|59/100\n|-damage|p1b: Tyranitar|0 fnt\n|faint|p1b: Tyranitar\n|\n|-weather|SunnyDay|[upkeep]\n|upkeep\n|turn|7\n|\n|t:|1776376715\n|move|p1a: Typhlosion|Eruption|p2a: Charizard\n|-resisted|p2a: Charizard|1\n|-damage|p2a: Charizard|0 fnt\n|faint|p2a: Charizard\n|\n|win|razii\n|raw|razii's rating: 1218 &rarr; <strong>1243</strong><br />(+25 for winning)\n|raw|Future Alice haver's rating: 1219 &rarr; <strong>1194</strong><br />(-25 for losing)\n",
  "uploadtime": 1776376717,
  "views": 24,
  "formatid": "gen9championsvgc2026regma",
  "rating": 1194,
  "private": 0,
  "password": null
}