{
  "id": "gen9championsvgc2026regma-2581207187",
  "format": "[Gen 9 Champions] VGC 2026 Reg M-A",
  "players": [
    "alvin776",
    "Lyiter"
  ],
  "log": "|j|\u2606alvin776\n|j|\u2606Lyiter\n|t:|1775970815\n|gametype|doubles\n|player|p1|alvin776|2|1324\n|player|p2|Lyiter|skier|1349\n|gen|9\n|tier|[Gen 9 Champions] VGC 2026 Reg M-A\n|rated|\n|rule|Species Clause: Limit one of each Pok\u00e9mon\n|rule|Item Clause: Limit 1 of each item\n|clearpoke\n|poke|p1|Farigiraf, L50, M|\n|poke|p1|Lopunny, L50, F|\n|poke|p1|Rotom-Wash, L50|\n|poke|p1|Garchomp, L50, M|\n|poke|p1|Arcanine, L50, M|\n|poke|p1|Gengar, L50, F|\n|poke|p2|Excadrill, L50, M|\n|poke|p2|Weavile, L50, F|\n|poke|p2|Tyranitar, L50, F|\n|poke|p2|Sneasler, L50, M|\n|poke|p2|Azumarill, L50, M|\n|poke|p2|Gardevoir, L50, M|\n|teampreview|4\n|j| biiiiiiiiiiiiiiim\nLyiter rejected open team sheets.\n|inactive|Battle timer is ON: inactive players will automatically lose when time's up. (requested by Lyiter)\n|\n|t:|1775970875\n|teamsize|p1|4\n|teamsize|p2|4\n|start\n|switch|p1a: Lopunny|Lopunny, L50, F|100/100\n|switch|p1b: Arcanine|Arcanine, L50, M|100/100\n|switch|p2a: Weavile|Weavile, L50, F|100/100\n|switch|p2b: Gardevoir|Gardevoir, L50, M|100/100\n|-ability|p2a: Weavile|Pressure\n|-ability|p1b: Arcanine|Intimidate|boost\n|-unboost|p2a: Weavile|atk|1\n|-unboost|p2b: Gardevoir|atk|1\n|turn|1\n|\n|t:|1775970892\n|switch|p1b: Farigiraf|Farigiraf, L50, M|100/100\n|move|p2a: Weavile|Fake Out||[still]\n|cant|p1b: Farigiraf|ability: Armor Tail|Fake Out|[of] p2a: Weavile\n|move|p1a: Lopunny|Close Combat|p2a: Weavile\n|-supereffective|p2a: Weavile|2\n|-enditem|p2a: Weavile|Focus Sash\n|-damage|p2a: Weavile|1/100\n|-unboost|p1a: Lopunny|def|1\n|-unboost|p1a: Lopunny|spd|1\n|move|p2b: Gardevoir|Moonblast|p1a: Lopunny\n|-damage|p1a: Lopunny|3/100\n|\n|upkeep\n|turn|2\n|j| Glaceon0404\n|\n|t:|1775970916\n|move|p1a: Lopunny|Protect|p1a: Lopunny\n|-singleturn|p1a: Lopunny|Protect\n|move|p2a: Weavile|Knock Off|p1b: Farigiraf\n|-supereffective|p1b: Farigiraf|1\n|-damage|p1b: Farigiraf|42/100\n|-enditem|p1b: Farigiraf|Lum Berry|[from] move: Knock Off|[of] p2a: Weavile\n|move|p2b: Gardevoir|Moonblast|p1a: Lopunny\n|-activate|p1a: Lopunny|move: Protect\n|move|p1b: Farigiraf|Hyper Voice|p2a: Weavile|[spread] p2a,p2b\n|-damage|p2a: Weavile|0 fnt\n|-damage|p2b: Gardevoir|74/100\n|faint|p2a: Weavile\n|\n|upkeep\n|l| biiiiiiiiiiiiiiim\n|\n|t:|1775970938\n|switch|p2a: Excadrill|Excadrill, L50, M|100/100\n|turn|3\n|\n|t:|1775970951\n|switch|p1a: Arcanine|Arcanine, L50, M|100/100\n|-ability|p1a: Arcanine|Intimidate|boost\n|-unboost|p2a: Excadrill|atk|1\n|-unboost|p2b: Gardevoir|atk|1\n|move|p2a: Excadrill|Iron Head|p1a: Arcanine\n|-resisted|p1a: Arcanine|1\n|-damage|p1a: Arcanine|86/100\n|move|p2b: Gardevoir|Imprison|p2b: Gardevoir\n|-start|p2b: Gardevoir|move: Imprison\n|cant|p1b: Farigiraf|move: Imprison|Trick Room\n|\n|upkeep\n|turn|4\n|l| Glaceon0404\n|\n|t:|1775970971\n|switch|p2a: Tyranitar|Tyranitar, L50, F|100/100\n|-weather|Sandstorm|[from] ability: Sand Stream|[of] p2a: Tyranitar\n|move|p1b: Farigiraf|Protect|p1b: Farigiraf\n|-singleturn|p1b: Farigiraf|Protect\n|move|p1a: Arcanine|Heat Wave|p2a: Tyranitar|[spread] p2a,p2b\n|-resisted|p2a: Tyranitar|1\n|-crit|p2b: Gardevoir\n|-damage|p2a: Tyranitar|92/100\n|-damage|p2b: Gardevoir|38/100\n|move|p2b: Gardevoir|Moonblast|p1b: Farigiraf\n|-activate|p1b: Farigiraf|move: Protect\n|\n|-weather|Sandstorm|[upkeep]\n|-damage|p1a: Arcanine|80/100|[from] Sandstorm\n|-damage|p2b: Gardevoir|32/100|[from] Sandstorm\n|-damage|p1b: Farigiraf|36/100|[from] Sandstorm\n|upkeep\n|turn|5\n|inactive|alvin776 has 30 seconds left.\n|\n|t:|1775970997\n|switch|p1b: Rotom|Rotom-Wash, L50|100/100\n|move|p2a: Tyranitar|Dragon Dance|p2a: Tyranitar\n|-boost|p2a: Tyranitar|atk|1\n|-boost|p2a: Tyranitar|spe|1\n|move|p1a: Arcanine|Will-O-Wisp|p2a: Tyranitar\n|-status|p2a: Tyranitar|brn\n|move|p2b: Gardevoir|Moonblast|p1b: Rotom\n|-damage|p1b: Rotom|48/100\n|\n|-weather|Sandstorm|[upkeep]\n|-damage|p1a: Arcanine|75/100|[from] Sandstorm\n|-damage|p1b: Rotom|42/100|[from] Sandstorm\n|-damage|p2b: Gardevoir|26/100|[from] Sandstorm\n|-heal|p1b: Rotom|48/100|[from] item: Leftovers\n|-damage|p2a: Tyranitar|86/100 brn|[from] brn\n|upkeep\n|turn|6\n|\n|t:|1775971019\n|detailschange|p2a: Tyranitar|Tyranitar-Mega, L50, F\n|-mega|p2a: Tyranitar|Tyranitar|Tyranitarite\n|move|p1b: Rotom|Protect|p1b: Rotom\n|-singleturn|p1b: Rotom|Protect\n|move|p2a: Tyranitar|Rock Slide|p1a: Arcanine|[spread] p1a\n|-activate|p1b: Rotom|move: Protect\n|-supereffective|p1a: Arcanine|1\n|-damage|p1a: Arcanine|17/100\n|-enditem|p1a: Arcanine|Sitrus Berry|[eat]\n|-heal|p1a: Arcanine|42/100|[from] item: Sitrus Berry\n|move|p1a: Arcanine|Heat Wave|p2a: Tyranitar|[spread] p2a,p2b\n|-resisted|p2a: Tyranitar|1\n|-damage|p2a: Tyranitar|79/100 brn\n|-damage|p2b: Gardevoir|2/100\n|move|p2b: Gardevoir|Moonblast|p1b: Rotom\n|-activate|p1b: Rotom|move: Protect\n|\n|-weather|Sandstorm|[upkeep]\n|-damage|p1a: Arcanine|36/100|[from] Sandstorm\n|-damage|p1b: Rotom|42/100|[from] Sandstorm\n|-damage|p2b: Gardevoir|0 fnt|[from] Sandstorm\n|faint|p2b: Gardevoir\n|-heal|p1b: Rotom|48/100|[from] item: Leftovers\n|-damage|p2a: Tyranitar|73/100 brn|[from] brn\n|upkeep\n|\n|t:|1775971023\n|switch|p2b: Excadrill|Excadrill, L50, M|100/100\n|turn|7\n|inactive|alvin776 has 30 seconds left.\n|inactive|alvin776 has 20 seconds left.\n|j| gE1xjZRtuhW2DdT0AK\n|inactive|alvin776 has 15 seconds left.\n|\n|t:|1775971065\n|switch|p1a: Farigiraf|Farigiraf, L50, M|36/100\n|move|p2b: Excadrill|Swords Dance|p2b: Excadrill\n|-boost|p2b: Excadrill|atk|2\n|move|p2a: Tyranitar|Rock Slide|p1a: Farigiraf|[spread] p1a,p1b\n|-damage|p1a: Farigiraf|13/100\n|-damage|p1b: Rotom|22/100\n|move|p1b: Rotom|Hydro Pump|p2b: Excadrill\n|-supereffective|p2b: Excadrill|1\n|-damage|p2b: Excadrill|0 fnt\n|faint|p2b: Excadrill\n|\n|-weather|Sandstorm|[upkeep]\n|-damage|p1b: Rotom|16/100|[from] Sandstorm\n|-damage|p1a: Farigiraf|7/100|[from] Sandstorm\n|-heal|p1b: Rotom|22/100|[from] item: Leftovers\n|-damage|p2a: Tyranitar|67/100 brn|[from] brn\n|upkeep\n|turn|8\n|inactive|alvin776 has 30 seconds left.\n|\n|t:|1775971098\n|switch|p1a: Arcanine|Arcanine, L50, M|36/100\n|-ability|p1a: Arcanine|Intimidate|boost\n|-unboost|p2a: Tyranitar|atk|1\n|move|p2a: Tyranitar|Rock Slide|p1a: Arcanine|[spread] p1a\n|-miss|p2a: Tyranitar|p1b: Rotom\n|-supereffective|p1a: Arcanine|1\n|-crit|p1a: Arcanine\n|-damage|p1a: Arcanine|0 fnt\n|faint|p1a: Arcanine\n|move|p1b: Rotom|Hydro Pump|p2a: Tyranitar\n|-supereffective|p2a: Tyranitar|1\n|-damage|p2a: Tyranitar|9/100 brn\n|\n|-weather|none\n|-heal|p1b: Rotom|28/100|[from] item: Leftovers\n|-damage|p2a: Tyranitar|3/100 brn|[from] brn\n|upkeep\n|-message|Lyiter forfeited.\n|\n|win|alvin776\n|raw|alvin776's rating: 1324 &rarr; <strong>1345</strong><br />(+21 for winning)\n|raw|Lyiter's rating: 1349 &rarr; <strong>1328</strong><br />(-21 for losing)\n|l|\u2606Lyiter\n|player|p2|\n|l|\u2606alvin776\n|player|p1|\n",
  "uploadtime": 1775971287,
  "views": 52,
  "formatid": "gen9championsvgc2026regma",
  "rating": 1328,
  "private": 0,
  "password": null
}