{
  "id": "gen9championsvgc2026regma-2582950160",
  "format": "[Gen 9 Champions] VGC 2026 Reg M-A",
  "players": [
    "ThreeKFive",
    "boysenorange"
  ],
  "log": "|j|\u2606ThreeKFive\n|j|\u2606boysenorange\n|t:|1776127738\n|gametype|doubles\n|player|p1|ThreeKFive|266|1118\n|player|p2|boysenorange|turo|1042\n|gen|9\n|tier|[Gen 9 Champions] VGC 2026 Reg M-A\n|rated|\n|rule|Species Clause: Limit one of each Pok\u00e9mon\n|rule|Item Clause: Limit 1 of each item\n|clearpoke\n|poke|p1|Chandelure, L50, F|\n|poke|p1|Aerodactyl, L50, M|\n|poke|p1|Garchomp, L50, M|\n|poke|p1|Rotom-Wash, L50|\n|poke|p1|Gyarados, L50, F|\n|poke|p1|Tyranitar, L50, M|\n|poke|p2|Torkoal, L50, M|\n|poke|p2|Farigiraf, L50, M|\n|poke|p2|Maushold-Four, L50|\n|poke|p2|Camerupt, L50, M|\n|poke|p2|Hatterene, L50, F|\n|poke|p2|Meowstic, L50, M|\n|teampreview|4\n|inactive|Battle timer is ON: inactive players will automatically lose when time's up. (requested by ThreeKFive)\n|inactive|ThreeKFive has 60 seconds left.\n|inactive|boysenorange has 60 seconds left.\n|\n|t:|1776127787\n|teamsize|p1|4\n|teamsize|p2|4\n|start\n|switch|p1a: Chandelure|Chandelure, L50, F, shiny|100/100\n|switch|p1b: Aerodactyl|Aerodactyl, L50, M|100/100\n|switch|p2a: Maushold|Maushold-Four, L50|100/100\n|switch|p2b: Farigiraf|Farigiraf, L50, M|100/100\n|-ability|p1b: Aerodactyl|Unnerve\n|turn|1\n|\n|t:|1776127799\n|detailschange|p1b: Aerodactyl|Aerodactyl-Mega, L50, M\n|-mega|p1b: Aerodactyl|Aerodactyl|Aerodactylite\n|move|p2a: Maushold|Follow Me|p2a: Maushold\n|-singleturn|p2a: Maushold|move: Follow Me\n|move|p1b: Aerodactyl|Rock Slide|p2a: Maushold|[spread] p2a,p2b\n|-damage|p2a: Maushold|54/100\n|-damage|p2b: Farigiraf|79/100\n|move|p1a: Chandelure|Heat Wave|p2a: Maushold|[spread] p2a,p2b\n|-crit|p2b: Farigiraf\n|-damage|p2a: Maushold|0 fnt\n|-damage|p2b: Farigiraf|45/100\n|-enditem|p2b: Farigiraf|Sitrus Berry|[eat]\n|-heal|p2b: Farigiraf|69/100|[from] item: Sitrus Berry\n|faint|p2a: Maushold\n|move|p2b: Farigiraf|Trick Room|p2b: Farigiraf\n|-fieldstart|move: Trick Room|[of] p2b: Farigiraf\n|\n|upkeep\n|\n|t:|1776127815\n|switch|p2a: Meowstic|Meowstic, L50, M|100/100\n|turn|2\n|\n|t:|1776127835\n|move|p1a: Chandelure|Protect|p1a: Chandelure\n|-singleturn|p1a: Chandelure|Protect\n|move|p1b: Aerodactyl|Protect|p1b: Aerodactyl\n|-singleturn|p1b: Aerodactyl|Protect\n|move|p2a: Meowstic|Psychic Terrain|p2a: Meowstic\n|-fieldstart|move: Psychic Terrain\n|move|p2b: Farigiraf|Expanding Force|p1b: Aerodactyl|[spread] \n|-activate|p1a: Chandelure|move: Protect\n|-activate|p1b: Aerodactyl|move: Protect\n|\n|upkeep\n|turn|3\n|inactive|ThreeKFive has 30 seconds left.\n|inactive|ThreeKFive has 20 seconds left.\n|inactive|ThreeKFive has 15 seconds left.\n|\n|t:|1776127877\n|switch|p1a: Tyranitar|Tyranitar, L50, M, shiny|100/100\n|-weather|Sandstorm|[from] ability: Sand Stream|[of] p1a: Tyranitar\n|move|p2a: Meowstic|Helping Hand|p2b: Farigiraf\n|-singleturn|p2b: Farigiraf|Helping Hand|[of] p2a: Meowstic\n|move|p2b: Farigiraf|Expanding Force|p1a: Tyranitar|[spread] p1b\n|-immune|p1a: Tyranitar\n|-damage|p1b: Aerodactyl|44/100\n|move|p1b: Aerodactyl|Dual Wingbeat|p2b: Farigiraf\n|-damage|p2b: Farigiraf|41/100\n|-crit|p2b: Farigiraf\n|-damage|p2b: Farigiraf|0 fnt\n|faint|p2b: Farigiraf\n|-hitcount|p2: Farigiraf|2\n|\n|-weather|Sandstorm|[upkeep]\n|-damage|p2a: Meowstic|95/100|[from] Sandstorm\n|upkeep\n|\n|t:|1776127889\n|switch|p2b: Hatterene|Hatterene, L50, F|100/100\n|turn|4\n|\n|t:|1776127908\n|move|p1b: Aerodactyl|Protect|p1b: Aerodactyl\n|-singleturn|p1b: Aerodactyl|Protect\n|move|p2a: Meowstic|Sunny Day|p2a: Meowstic\n|-weather|SunnyDay\n|move|p2b: Hatterene|Dazzling Gleam|p1a: Tyranitar|[spread] p1a\n|-activate|p1b: Aerodactyl|move: Protect\n|-supereffective|p1a: Tyranitar|1\n|-damage|p1a: Tyranitar|19/100\n|move|p1a: Tyranitar|Earthquake|p2b: Hatterene|[spread] p2a,p2b\n|-activate|p1b: Aerodactyl|move: Protect\n|-damage|p2a: Meowstic|53/100\n|-damage|p2b: Hatterene|66/100\n|\n|-weather|SunnyDay|[upkeep]\n|upkeep\n|turn|5\n|\n|t:|1776127931\n|switch|p1b: Chandelure|Chandelure, L50, F, shiny|100/100\n|move|p2a: Meowstic|Helping Hand|p2b: Hatterene\n|-singleturn|p2b: Hatterene|Helping Hand|[of] p2a: Meowstic\n|move|p1a: Tyranitar|Protect|p1a: Tyranitar\n|-singleturn|p1a: Tyranitar|Protect\n|move|p2b: Hatterene|Dazzling Gleam|p1a: Tyranitar|[spread] p1b\n|-activate|p1a: Tyranitar|move: Protect\n|-resisted|p1b: Chandelure|1\n|-damage|p1b: Chandelure|57/100\n|\n|-weather|SunnyDay|[upkeep]\n|-fieldend|move: Trick Room\n|upkeep\n|turn|6\n|inactive|ThreeKFive has 30 seconds left.\n|\n|t:|1776127966\n|detailschange|p2a: Meowstic|Meowstic-M-Mega, L50, M\n|-mega|p2a: Meowstic|Meowstic|Meowsticite\n|-ability|p2a: Meowstic|Flame Body|Trace|[from] ability: Trace|[of] p1b: Chandelure\n|move|p2a: Meowstic|Expanding Force|p1a: Tyranitar|[spread] p1b\n|-immune|p1a: Tyranitar\n|-damage|p1b: Chandelure|0 fnt\n|faint|p1b: Chandelure\n|move|p1a: Tyranitar|Knock Off|p2a: Meowstic\n|-supereffective|p2a: Meowstic|1\n|-damage|p2a: Meowstic|0 fnt\n|-status|p1a: Tyranitar|brn|[from] ability: Flame Body|[of] p2a: Meowstic\n|faint|p2a: Meowstic\n|move|p2b: Hatterene|Trick Room|p2b: Hatterene\n|-fieldstart|move: Trick Room|[of] p2b: Hatterene\n|\n|-weather|SunnyDay|[upkeep]\n|-damage|p1a: Tyranitar|13/100 brn|[from] brn\n|-fieldend|move: Psychic Terrain\n|upkeep\n|inactive|ThreeKFive has 30 seconds left.\n|\n|t:|1776127992\n|switch|p1b: Garchomp|Garchomp, L50, M, shiny|100/100\n|turn|7\n|\n|t:|1776127998\n|switch|p1a: Aerodactyl|Aerodactyl-Mega, L50, M|44/100\n|move|p1b: Garchomp|Protect|p1b: Garchomp\n|-singleturn|p1b: Garchomp|Protect\n|move|p2b: Hatterene|Dazzling Gleam|p1a: Aerodactyl|[spread] p1a\n|-activate|p1b: Garchomp|move: Protect\n|-damage|p1a: Aerodactyl|0 fnt\n|faint|p1a: Aerodactyl\n|\n|-weather|SunnyDay|[upkeep]\n|upkeep\n|\n|t:|1776128008\n|switch|p1a: Tyranitar|Tyranitar, L50, M, shiny|13/100 brn\n|-weather|Sandstorm|[from] ability: Sand Stream|[of] p1a: Tyranitar\n|turn|8\n|inactive|ThreeKFive has 30 seconds left.\n|\n|t:|1776128034\n|move|p2b: Hatterene|Dazzling Gleam|p1b: Garchomp|[spread] p1a,p1b\n|-supereffective|p1a: Tyranitar|1\n|-supereffective|p1b: Garchomp|1\n|-damage|p1a: Tyranitar|0 fnt\n|-damage|p1b: Garchomp|0 fnt\n|faint|p1a: Tyranitar\n|faint|p1b: Garchomp\n|\n|win|boysenorange\n|raw|ThreeKFive's rating: 1118 &rarr; <strong>1088</strong><br />(-30 for losing)\n|raw|boysenorange's rating: 1042 &rarr; <strong>1083</strong><br />(+41 for winning)\n|l|\u2606ThreeKFive\n|player|p1|\n",
  "uploadtime": 1776128043,
  "views": 12,
  "formatid": "gen9championsvgc2026regma",
  "rating": 1083,
  "private": 0,
  "password": null
}