{
  "id": "gen9championsvgc2026regma-2588590903",
  "format": "[Gen 9 Champions] VGC 2026 Reg M-A",
  "players": [
    "blue schucle",
    "yuta21"
  ],
  "log": "|j|\u2606blue schucle\n|j|\u2606yuta21\n|t:|1776648012\n|gametype|doubles\n|player|p1|blue schucle|lance|1203\n|player|p2|yuta21|2|1197\n|gen|9\n|tier|[Gen 9 Champions] VGC 2026 Reg M-A\n|rated|\n|rule|Species Clause: Limit one of each Pok\u00e9mon\n|rule|Item Clause: Limit 1 of each item\n|clearpoke\n|poke|p1|Tauros-Paldea-Aqua, L50, M, shiny|\n|poke|p1|Incineroar, L50, M|\n|poke|p1|Snorlax, L50, M, shiny|\n|poke|p1|Scovillain, L50, F|\n|poke|p1|Sneasler, L50, F|\n|poke|p1|Garchomp, L50, M|\n|poke|p2|Starmie, L50, shiny|\n|poke|p2|Aegislash, L50, F, shiny|\n|poke|p2|Sneasler, L50, M, shiny|\n|poke|p2|Pelipper, L50, F, shiny|\n|poke|p2|Archaludon, L50, M, shiny|\n|poke|p2|Maushold, L50|\n|teampreview|4\nyuta21 rejected open team sheets.\n|inactive|Battle timer is ON: inactive players will automatically lose when time's up. (requested by blue schucle)\n|\n|t:|1776648066\n|teamsize|p1|4\n|teamsize|p2|4\n|start\n|switch|p1a: Montezuma|Snorlax, L50, M, shiny|100/100\n|switch|p1b: John incine|Incineroar, L50, M|100/100\n|switch|p2a: Pelipper|Pelipper, L50, F, shiny|100/100\n|switch|p2b: Maushold|Maushold, L50|100/100\n|-weather|RainDance|[from] ability: Drizzle|[of] p2a: Pelipper\n|-ability|p1b: John incine|Intimidate|boost\n|-unboost|p2a: Pelipper|atk|1\n|-unboost|p2b: Maushold|atk|1\n|turn|1\n|\n|t:|1776648083\n|move|p1b: John incine|Fake Out|p2a: Pelipper\n|-damage|p2a: Pelipper|90/100\n|move|p2b: Maushold|Super Fang|p1a: Montezuma\n|-damage|p1a: Montezuma|51/100\n|cant|p2a: Pelipper|flinch\n|move|p1a: Montezuma|Stockpile|p1a: Montezuma\n|-start|p1a: Montezuma|stockpile1\n|-boost|p1a: Montezuma|def|1\n|-boost|p1a: Montezuma|spd|1\n|\n|-weather|RainDance|[upkeep]\n|-heal|p1a: Montezuma|57/100|[from] item: Leftovers\n|upkeep\n|turn|2\n|\n|t:|1776648105\n|switch|p1b: Spicy girls|Scovillain, L50, F|100/100\n|move|p2b: Maushold|Super Fang|p1a: Montezuma\n|-damage|p1a: Montezuma|29/100\n|move|p2a: Pelipper|Tailwind|p2a: Pelipper\n|-sidestart|p2: yuta21|move: Tailwind\n|move|p1a: Montezuma|Body Press|p2b: Maushold\n|-supereffective|p2b: Maushold|1\n|-enditem|p2b: Maushold|Chople Berry|[eat]\n|-enditem|p2b: Maushold|Chople Berry|[weaken]\n|-damage|p2b: Maushold|64/100\n|\n|-weather|RainDance|[upkeep]\n|-heal|p1a: Montezuma|35/100|[from] item: Leftovers\n|-ability|p1b: Spicy girls|Moody|boost\n|-boost|p1b: Spicy girls|spd|2\n|-unboost|p1b: Spicy girls|spa|1\n|upkeep\n|turn|3\n|inactive|blue schucle has 30 seconds left.\n|\n|t:|1776648132\n|move|p1b: Spicy girls|Protect|p1b: Spicy girls\n|-singleturn|p1b: Spicy girls|Protect\n|move|p1a: Montezuma|Protect|p1a: Montezuma\n|-singleturn|p1a: Montezuma|Protect\n|move|p2b: Maushold|Super Fang|p1a: Montezuma\n|-activate|p1a: Montezuma|move: Protect\n|move|p2a: Pelipper|Hurricane|p1b: Spicy girls\n|-activate|p1b: Spicy girls|move: Protect\n|\n|-weather|RainDance|[upkeep]\n|-heal|p1a: Montezuma|41/100|[from] item: Leftovers\n|-ability|p1b: Spicy girls|Moody|boost\n|-boost|p1b: Spicy girls|atk|2\n|-unboost|p1b: Spicy girls|def|1\n|upkeep\n|turn|4\n|inactive|blue schucle has 30 seconds left.\n|inactive|blue schucle has 20 seconds left.\n|\n|t:|1776648170\n|detailschange|p1b: Spicy girls|Scovillain-Mega, L50, F\n|-mega|p1b: Spicy girls|Scovillain|Scovillainite\n|move|p2b: Maushold|Super Fang|p1a: Montezuma\n|-damage|p1a: Montezuma|21/100\n|move|p2a: Pelipper|Hurricane|p1b: Spicy girls\n|-supereffective|p1b: Spicy girls|1\n|-damage|p1b: Spicy girls|44/100\n|-start|p1b: Spicy girls|confusion\n|-status|p2a: Pelipper|brn|[from] ability: Spicy Spray|[of] p1b: Spicy girls\n|-activate|p1b: Spicy girls|confusion\n|-damage|p1b: Spicy girls|13/100|[from] confusion\n|move|p1a: Montezuma|Body Press|p2b: Maushold\n|-supereffective|p2b: Maushold|1\n|-damage|p2b: Maushold|0 fnt\n|faint|p2b: Maushold\n|\n|-weather|RainDance|[upkeep]\n|-heal|p1a: Montezuma|27/100|[from] item: Leftovers\n|-damage|p2a: Pelipper|84/100 brn|[from] brn\n|upkeep\n|\n|t:|1776648183\n|switch|p2b: Starmie|Starmie, L50, shiny|100/100\n|turn|5\n|\n|t:|1776648198\n|move|p2b: Starmie|Protect|p2b: Starmie\n|-singleturn|p2b: Starmie|Protect\n|move|p1a: Montezuma|Protect|p1a: Montezuma\n|-singleturn|p1a: Montezuma|Protect\n|move|p2a: Pelipper|Hurricane|p1b: Spicy girls\n|-supereffective|p1b: Spicy girls|1\n|-damage|p1b: Spicy girls|0 fnt\n|faint|p1b: Spicy girls\n|\n|-weather|none\n|-heal|p1a: Montezuma|33/100|[from] item: Leftovers\n|-damage|p2a: Pelipper|78/100 brn|[from] brn\n|-sideend|p2: yuta21|move: Tailwind\n|upkeep\n|\n|t:|1776648215\n|switch|p1b: John incine|Incineroar, L50, M|100/100\n|-ability|p1b: John incine|Intimidate|boost\n|-unboost|p2a: Pelipper|atk|1\n|-unboost|p2b: Starmie|atk|1\n|turn|6\n|\n|t:|1776648231\n|detailschange|p2b: Starmie|Starmie-Mega, L50, shiny\n|-mega|p2b: Starmie|Starmie|Starminite\n|move|p1b: John incine|Fake Out|p2b: Starmie\n|-damage|p2b: Starmie|87/100\n|cant|p2b: Starmie|flinch\n|move|p2a: Pelipper|Tailwind|p2a: Pelipper\n|-sidestart|p2: yuta21|move: Tailwind\n|move|p1a: Montezuma|Stockpile|p1a: Montezuma\n|-start|p1a: Montezuma|stockpile2\n|-boost|p1a: Montezuma|def|1\n|-boost|p1a: Montezuma|spd|1\n|\n|-heal|p1a: Montezuma|39/100|[from] item: Leftovers\n|-damage|p2a: Pelipper|72/100 brn|[from] brn\n|upkeep\n|turn|7\n|inactive|blue schucle has 30 seconds left.\n|inactive|blue schucle has 20 seconds left.\n|inactive|blue schucle has 15 seconds left.\n|\n|t:|1776648276\n|move|p2b: Starmie|Liquidation|p1a: Montezuma\n|-damage|p1a: Montezuma|22/100\n|move|p2a: Pelipper|Hurricane|p1a: Montezuma\n|-damage|p1a: Montezuma|7/100\n|move|p1b: John incine|Will-O-Wisp|p2b: Starmie\n|-status|p2b: Starmie|brn\n|move|p1a: Montezuma|Body Press|p2b: Starmie\n|-resisted|p2b: Starmie|1\n|-damage|p2b: Starmie|63/100 brn\n|\n|-heal|p1a: Montezuma|13/100|[from] item: Leftovers\n|-damage|p2b: Starmie|57/100 brn|[from] brn\n|-damage|p2a: Pelipper|66/100 brn|[from] brn\n|upkeep\n|turn|8\n|\n|t:|1776648299\n|move|p1a: Montezuma|Protect|p1a: Montezuma\n|-singleturn|p1a: Montezuma|Protect\n|move|p2b: Starmie|Liquidation|p1b: John incine\n|-supereffective|p1b: John incine|1\n|-damage|p1b: John incine|61/100\n|-unboost|p1b: John incine|def|1\n|move|p2a: Pelipper|Hurricane|p1b: John incine|[miss]\n|-miss|p2a: Pelipper|p1b: John incine\n|move|p1b: John incine|Parting Shot|p2b: Starmie\n|-unboost|p2b: Starmie|atk|1\n|-unboost|p2b: Starmie|spa|1\n|-message|yuta21 forfeited.\n|\n|win|blue schucle\n|raw|blue schucle's rating: 1203 &rarr; <strong>1228</strong><br />(+25 for winning)\n|raw|yuta21's rating: 1197 &rarr; <strong>1172</strong><br />(-25 for losing)\n|l|\u2606yuta21\n|player|p2|\n",
  "uploadtime": 1776648313,
  "views": 13,
  "formatid": "gen9championsvgc2026regma",
  "rating": 1172,
  "private": 0,
  "password": null
}