{
  "id": "gen9championsvgc2026regma-2584150683",
  "format": "[Gen 9 Champions] VGC 2026 Reg M-A",
  "players": [
    "9wtt",
    "Silverdragon504"
  ],
  "log": "|j|\u26069wtt\n|j|\u2606Silverdragon504\n|t:|1776231126\n|gametype|doubles\n|player|p1|9wtt|karen-gen2|1106\n|player|p2|Silverdragon504|2|1137\n|gen|9\n|tier|[Gen 9 Champions] VGC 2026 Reg M-A\n|rated|\n|rule|Species Clause: Limit one of each Pok\u00e9mon\n|rule|Item Clause: Limit 1 of each item\n|clearpoke\n|poke|p1|Gengar, L50, F|\n|poke|p1|Garchomp, L50, F|\n|poke|p1|Politoed, L50, F|\n|poke|p1|Sneasler, L50, F|\n|poke|p1|Basculegion, L50, M|\n|poke|p1|Talonflame, L50, F|\n|poke|p2|Aggron, L50, F|\n|poke|p2|Sinistcha, L50|\n|poke|p2|Incineroar, L50, M|\n|poke|p2|Sneasler, L50, F|\n|poke|p2|Pelipper, L50, F|\n|poke|p2|Basculegion, L50, M|\n|teampreview|4\n|\n|t:|1776231145\n|teamsize|p1|4\n|teamsize|p2|4\n|start\n|switch|p1a: Garchomp|Garchomp, L50, F, shiny|100/100\n|switch|p1b: Talonflame|Talonflame, L50, F, shiny|100/100\n|switch|p2a: Aggron|Aggron, L50, F|100/100\n|switch|p2b: Sinistcha|Sinistcha, L50|100/100\n|turn|1\n|\n|t:|1776231157\n|detailschange|p1a: Garchomp|Garchomp-Mega, L50, F, shiny\n|-mega|p1a: Garchomp|Garchomp|Garchompite\n|detailschange|p2a: Aggron|Aggron-Mega, L50, F\n|-mega|p2a: Aggron|Aggron|Aggronite\n|move|p2b: Sinistcha|Rage Powder|p2b: Sinistcha\n|-singleturn|p2b: Sinistcha|move: Rage Powder\n|move|p1b: Talonflame|Taunt|p2b: Sinistcha\n|-start|p2b: Sinistcha|move: Taunt\n|move|p1a: Garchomp|Earthquake|p2a: Aggron|[spread] p2a,p2b\n|-immune|p1b: Talonflame\n|-supereffective|p2a: Aggron|1\n|-resisted|p2b: Sinistcha|1\n|-damage|p2a: Aggron|63/100\n|-damage|p2b: Sinistcha|77/100\n|move|p2a: Aggron|Iron Defense|p2a: Aggron\n|-boost|p2a: Aggron|def|2\n|\n|-heal|p2b: Sinistcha|83/100|[from] item: Leftovers\n|upkeep\n|turn|2\n|\n|t:|1776231188\n|switch|p2b: Incineroar|Incineroar, L50, M|100/100\n|-ability|p2b: Incineroar|Intimidate|boost\n|-unboost|p1a: Garchomp|atk|1\n|-unboost|p1b: Talonflame|atk|1\n|move|p2a: Aggron|Protect|p2a: Aggron\n|-singleturn|p2a: Aggron|Protect\n|move|p1b: Talonflame|Heat Wave|p2b: Incineroar|[spread] p2b\n|-activate|p2a: Aggron|move: Protect\n|-resisted|p2b: Incineroar|1\n|-damage|p2b: Incineroar|92/100\n|move|p1a: Garchomp|Dragon Claw|p2b: Incineroar\n|-damage|p2b: Incineroar|59/100\n|\n|upkeep\n|turn|3\n|\n|t:|1776231209\n|switch|p1a: Basculegion|Basculegion, L50, M, shiny|100/100\n|move|p2b: Incineroar|Fake Out|p1b: Talonflame\n|-damage|p1b: Talonflame|89/100\n|cant|p1b: Talonflame|flinch\n|move|p2a: Aggron|Iron Defense|p2a: Aggron\n|-boost|p2a: Aggron|def|2\n|\n|upkeep\n|turn|4\n|\n|t:|1776231220\n|switch|p2b: Sinistcha|Sinistcha, L50|83/100\n|-heal|p2a: Aggron|88/100|[from] ability: Hospitality|[of] p2b: Sinistcha\n|move|p2a: Aggron|Protect|p2a: Aggron\n|-singleturn|p2a: Aggron|Protect\n|move|p1b: Talonflame|Heat Wave|p2a: Aggron|[spread] p2b\n|-activate|p2a: Aggron|move: Protect\n|-supereffective|p2b: Sinistcha|1\n|-damage|p2b: Sinistcha|53/100\n|-status|p2b: Sinistcha|brn\n|move|p1a: Basculegion|Wave Crash|p2b: Sinistcha\n|-resisted|p2b: Sinistcha|1\n|-damage|p2b: Sinistcha|21/100 brn\n|-damage|p1a: Basculegion|91/100|[from] Recoil\n|\n|-heal|p2b: Sinistcha|27/100 brn|[from] item: Leftovers\n|-damage|p2b: Sinistcha|21/100 brn|[from] brn\n|upkeep\n|turn|5\n|\n|t:|1776231239\n|move|p2b: Sinistcha|Rage Powder|p2b: Sinistcha\n|-singleturn|p2b: Sinistcha|move: Rage Powder\n|move|p1b: Talonflame|Heat Wave|p2a: Aggron|[spread] p2a,p2b\n|-supereffective|p2a: Aggron|1\n|-supereffective|p2b: Sinistcha|1\n|-damage|p2a: Aggron|62/100\n|-damage|p2b: Sinistcha|0 fnt\n|faint|p2b: Sinistcha\n|move|p1a: Basculegion|Substitute|p1a: Basculegion\n|-start|p1a: Basculegion|Substitute\n|-damage|p1a: Basculegion|67/100\n|move|p2a: Aggron|Body Press|p1b: Talonflame\n|-resisted|p1b: Talonflame|1\n|-damage|p1b: Talonflame|28/100\n|\n|upkeep\n|\n|t:|1776231253\n|switch|p2b: Incineroar|Incineroar, L50, M|59/100\n|-ability|p2b: Incineroar|Intimidate|boost\n|-immune|p1a: Basculegion\n|-unboost|p1b: Talonflame|atk|1\n|turn|6\n|\n|t:|1776231261\n|move|p1b: Talonflame|Protect|p1b: Talonflame\n|-singleturn|p1b: Talonflame|Protect\n|move|p2b: Incineroar|Fake Out|p1b: Talonflame\n|-activate|p1b: Talonflame|move: Protect\n|move|p1a: Basculegion|Wave Crash|p2b: Incineroar\n|-supereffective|p2b: Incineroar|1\n|-damage|p2b: Incineroar|0 fnt\n|faint|p2b: Incineroar\n|-damage|p1a: Basculegion|47/100|[from] Recoil\n|move|p2a: Aggron|Body Press|p1b: Talonflame\n|-activate|p1b: Talonflame|move: Protect\n|\n|upkeep\n|\n|t:|1776231264\n|switch|p2b: Basculegion|Basculegion, L50, M|100/100\n|turn|7\n|\n|t:|1776231292\n|move|p1a: Basculegion|Protect|p1a: Basculegion\n|-singleturn|p1a: Basculegion|Protect\n|move|p2b: Basculegion|Last Respects|p1a: Basculegion\n|-activate|p1a: Basculegion|move: Protect\n|move|p1b: Talonflame|Heat Wave|p2b: Basculegion|[spread] p2a,p2b\n|-supereffective|p2a: Aggron|1\n|-resisted|p2b: Basculegion|1\n|-damage|p2a: Aggron|36/100\n|-damage|p2b: Basculegion|90/100\n|-status|p2a: Aggron|brn\n|-status|p2b: Basculegion|brn\n|move|p2a: Aggron|Heavy Slam|p1a: Basculegion\n|-activate|p1a: Basculegion|move: Protect\n|\n|-damage|p2b: Basculegion|84/100 brn|[from] brn\n|-damage|p2a: Aggron|29/100 brn|[from] brn\n|upkeep\n|turn|8\n|\n|t:|1776231308\n|move|p2b: Basculegion|Last Respects|p1a: Basculegion\n|-supereffective|p1a: Basculegion|1\n|-end|p1a: Basculegion|Substitute\n|move|p1b: Talonflame|Heat Wave|p2b: Basculegion|[spread] p2a,p2b\n|-supereffective|p2a: Aggron|1\n|-resisted|p2b: Basculegion|1\n|-damage|p2a: Aggron|4/100 brn\n|-damage|p2b: Basculegion|73/100 brn\n|move|p1a: Basculegion|Substitute|p1a: Basculegion\n|-start|p1a: Basculegion|Substitute\n|-damage|p1a: Basculegion|23/100\n|move|p2a: Aggron|Heavy Slam|p1a: Basculegion\n|-resisted|p1a: Basculegion|1\n|-activate|p1a: Basculegion|move: Substitute|[damage]\n|\n|-damage|p2b: Basculegion|67/100 brn|[from] brn\n|-damage|p2a: Aggron|0 fnt|[from] brn\n|faint|p2a: Aggron\n|upkeep\n|turn|9\n|c|\u2606Silverdragon504|gg\n|-message|Silverdragon504 forfeited.\n|\n|win|9wtt\n|raw|9wtt's rating: 1106 &rarr; <strong>1133</strong><br />(+27 for winning)\n|raw|Silverdragon504's rating: 1137 &rarr; <strong>1110</strong><br />(-27 for losing)\n|l|\u2606Silverdragon504\n|player|p2|\n",
  "uploadtime": 1776231345,
  "views": 17,
  "formatid": "gen9championsvgc2026regma",
  "rating": 1110,
  "private": 0,
  "password": null
}