{
  "id": "gen9championsvgc2026regma-2582686283",
  "format": "[Gen 9 Champions] VGC 2026 Reg M-A",
  "players": [
    "Morasardo",
    "Shbaaa"
  ],
  "log": "|j|\u2606Morasardo\n|j|\u2606Shbaaa\n|html|<table width=\"100%\"><tr><td align=\"left\">Morasardo</td><td align=\"right\">Shbaaa</tr><tr><td align=\"left\"><i class=\"fa fa-circle-o\"></i> <i class=\"fa fa-circle-o\"></i> </td><td align=\"right\"><i class=\"fa fa-circle-o\"></i> <i class=\"fa fa-circle-o\"></i> </tr></table>\n|uhtml|bestof|<h2><strong>Game 1</strong> of <a href=\"/game-bestof3-gen9championsvgc2026regma-2582686282\">a best-of-3</a></h2>\n|t:|1776107247\n|gametype|doubles\n|player|p1|Morasardo|hilbert|\n|player|p2|Shbaaa|hiker-gen4|\n|gen|9\n|tier|[Gen 9 Champions] VGC 2026 Reg M-A\n|rated|Tournament battle\n|rule|Species Clause: Limit one of each Pok\u00e9mon\n|rule|Item Clause: Limit 1 of each item\n|raw|<div class=\"infobox\"><details class=\"readmore\" open><summary><strong>2 custom rules:</strong></summary> Force Open Team Sheets, Best of = 3</details></div>\n|clearpoke\n|poke|p1|Charizard, L50, F|\n|poke|p1|Maushold-Four, L50|\n|poke|p1|Kingambit, L50, M|\n|poke|p1|Sneasler, L50, M|\n|poke|p1|Dragapult, L50, F|\n|poke|p1|Garchomp, L50, M|\n|poke|p2|Pelipper, L50, F|\n|poke|p2|Basculegion, L50, M|\n|poke|p2|Manectric, L50, F|\n|poke|p2|Kingambit, L50, F|\n|poke|p2|Gardevoir, L50, M|\n|poke|p2|Sinistcha, L50|\n|teampreview|4\n|showteam|p1|Charizard||CharizarditeY|Blaze|HeatWave,SolarBeam,Overheat,Protect|||F|||50|]Maushold-Four||ChopleBerry|FriendGuard|Protect,FollowMe,SuperFang,Encore||||||50|]Kingambit||BlackGlasses|Defiant|SuckerPunch,KowtowCleave,IronHead,Protect|||M|||50|]Sneasler||FocusSash|Unburden|Feint,DireClaw,CloseCombat,FakeOut|||M|||50|]Dragapult||LumBerry|ClearBody|DracoMeteor,ShadowBall,WillOWisp,PsychicFangs|||F|||50|]Garchomp||ChoiceScarf|RoughSkin|RockTomb,StompingTantrum,RockSlide,DragonClaw|||M|||50|\n|showteam|p2|Pelipper||FocusSash|Drizzle|Protect,Hurricane,Tailwind,WeatherBall|||F|||50|]Basculegion||MysticWater|SwiftSwim|FlipTurn,Protect,LastRespects,WaveCrash|||M|||50|]Manectric||Manectite|LightningRod|Snarl,VoltSwitch,Thunder,Protect|||F|||50|]Kingambit||BlackGlasses|Defiant|IronHead,LowKick,Protect,SuckerPunch|||F|||50|]Gardevoir||Gardevoirite|Synchronize|HyperVoice,Protect,RainDance,Psychic|||M|||50|]Sinistcha||SitrusBerry|Hospitality|RagePowder,TrickRoom,MatchaGotcha,StrengthSap||||||50|\n|\n|t:|1776107275\n|teamsize|p1|4\n|teamsize|p2|4\n|start\n|switch|p1a: Dragapult|Dragapult, L50, F|100/100\n|switch|p1b: Charizard|Charizard, L50, F|100/100\n|switch|p2a: Pelipper|Pelipper, L50, F|100/100\n|switch|p2b: Basculegion|Basculegion, L50, M|100/100\n|-weather|RainDance|[from] ability: Drizzle|[of] p2a: Pelipper\n|turn|1\n|\n|t:|1776107289\n|detailschange|p1b: Charizard|Charizard-Mega-Y, L50, F\n|-mega|p1b: Charizard|Charizard|Charizardite Y\n|-weather|SunnyDay|[from] ability: Drought|[of] p1b: Charizard\n|move|p2b: Basculegion|Protect|p2b: Basculegion\n|-singleturn|p2b: Basculegion|Protect\n|move|p1a: Dragapult|Shadow Ball|p2b: Basculegion\n|-activate|p2b: Basculegion|move: Protect\n|move|p1b: Charizard|Solar Beam||[still]\n|-prepare|p1b: Charizard|Solar Beam\n|-anim|p1b: Charizard|Solar Beam|p2b: Basculegion\n|-activate|p2b: Basculegion|move: Protect\n|move|p2a: Pelipper|Tailwind|p2a: Pelipper\n|-sidestart|p2: Shbaaa|move: Tailwind\n|\n|-weather|SunnyDay|[upkeep]\n|upkeep\n|turn|2\n|\n|t:|1776107316\n|move|p2a: Pelipper|Protect|p2a: Pelipper\n|-singleturn|p2a: Pelipper|Protect\n|move|p1a: Dragapult|Shadow Ball|p2b: Basculegion\n|-supereffective|p2b: Basculegion|1\n|-damage|p2b: Basculegion|31/100\n|move|p2b: Basculegion|Flip Turn|p1b: Charizard\n|-supereffective|p1b: Charizard|1\n|-damage|p1b: Charizard|55/100\n|\n|t:|1776107318\n|switch|p2b: Manectric|Manectric, L50, F|100/100|[from] Flip Turn\n|move|p1b: Charizard|Solar Beam||[still]\n|-prepare|p1b: Charizard|Solar Beam\n|-anim|p1b: Charizard|Solar Beam|p2a: Pelipper\n|-activate|p2a: Pelipper|move: Protect\n|\n|-weather|SunnyDay|[upkeep]\n|upkeep\n|turn|3\n|\n|t:|1776107338\n|detailschange|p2b: Manectric|Manectric-Mega, L50, F\n|-mega|p2b: Manectric|Manectric|Manectite\n|-ability|p2b: Manectric|Intimidate|boost\n|-fail|p1a: Dragapult|unboost|[from] ability: Clear Body|[of] p1a: Dragapult\n|-unboost|p1b: Charizard|atk|1\n|move|p2b: Manectric|Snarl|p1b: Charizard|[spread] p1a,p1b\n|-supereffective|p1a: Dragapult|1\n|-damage|p1a: Dragapult|52/100\n|-damage|p1b: Charizard|40/100\n|-unboost|p1b: Charizard|spa|1\n|move|p1a: Dragapult|Draco Meteor|p2a: Pelipper|[miss]\n|-miss|p1a: Dragapult|p2a: Pelipper\n|move|p2a: Pelipper|Weather Ball|p1a: Dragapult\n|-resisted|p1a: Dragapult|1\n|-damage|p1a: Dragapult|28/100\n|move|p1b: Charizard|Heat Wave|p2a: Pelipper|[spread] p2a,p2b\n|-resisted|p2a: Pelipper|1\n|-damage|p2a: Pelipper|72/100\n|-damage|p2b: Manectric|52/100\n|\n|-weather|SunnyDay|[upkeep]\n|upkeep\n|turn|4\n|\n|t:|1776107359\n|move|p2b: Manectric|Snarl|p1b: Charizard|[spread] p1a,p1b\n|-supereffective|p1a: Dragapult|1\n|-damage|p1a: Dragapult|0 fnt\n|-damage|p1b: Charizard|27/100\n|-unboost|p1b: Charizard|spa|1\n|faint|p1a: Dragapult\n|move|p2a: Pelipper|Weather Ball|p1b: Charizard\n|-resisted|p1b: Charizard|1\n|-damage|p1b: Charizard|11/100\n|move|p1b: Charizard|Heat Wave|p2a: Pelipper|[spread] p2a,p2b\n|-resisted|p2a: Pelipper|1\n|-damage|p2a: Pelipper|49/100\n|-damage|p2b: Manectric|16/100\n|\n|-weather|SunnyDay|[upkeep]\n|-sideend|p2: Shbaaa|move: Tailwind\n|upkeep\n|\n|t:|1776107371\n|switch|p1a: Garchomp|Garchomp, L50, M|100/100\n|turn|5\n|\n|t:|1776107397\n|switch|p1b: Sneasler|Sneasler, L50, M|100/100\n|switch|p2a: Sinistcha|Sinistcha, L50|100/100\n|-heal|p2b: Manectric|41/100|[from] ability: Hospitality|[of] p2a: Sinistcha\n|move|p2b: Manectric|Protect|p2b: Manectric\n|-singleturn|p2b: Manectric|Protect\n|move|p1a: Garchomp|Rock Slide|p2b: Manectric|[spread] \n|-activate|p2b: Manectric|move: Protect\n|-miss|p1a: Garchomp|p2a: Sinistcha\n|\n|-weather|none\n|upkeep\n|turn|6\n|\n|t:|1776107419\n|move|p1b: Sneasler|Fake Out|p2b: Manectric\n|-damage|p2b: Manectric|21/100\n|move|p2a: Sinistcha|Rage Powder|p2a: Sinistcha\n|-singleturn|p2a: Sinistcha|move: Rage Powder\n|move|p1a: Garchomp|Rock Slide|p2b: Manectric|[spread] p2a,p2b\n|-damage|p2a: Sinistcha|85/100\n|-damage|p2b: Manectric|0 fnt\n|faint|p2b: Manectric\n|\n|upkeep\n|\n|t:|1776107425\n|switch|p2b: Pelipper|Pelipper, L50, F|49/100\n|-weather|RainDance|[from] ability: Drizzle|[of] p2b: Pelipper\n|turn|7\n|\n|t:|1776107433\n|move|p1a: Garchomp|Rock Slide|p2a: Sinistcha|[spread] p2a,p2b\n|-supereffective|p2b: Pelipper|1\n|-damage|p2a: Sinistcha|69/100\n|-damage|p2b: Pelipper|18/100\n|move|p1b: Sneasler|Dire Claw|p2b: Pelipper\n|-damage|p2b: Pelipper|0 fnt\n|faint|p2b: Pelipper\n|cant|p2a: Sinistcha|flinch\n|\n|-weather|RainDance|[upkeep]\n|upkeep\n|\n|t:|1776107434\n|switch|p2b: Basculegion|Basculegion, L50, M|31/100\n|turn|8\n|\n|t:|1776107460\n|move|p2b: Basculegion|Protect|p2b: Basculegion\n|-singleturn|p2b: Basculegion|Protect\n|move|p1a: Garchomp|Rock Slide|p2a: Sinistcha|[spread] p2a\n|-activate|p2b: Basculegion|move: Protect\n|-damage|p2a: Sinistcha|55/100\n|move|p1b: Sneasler|Dire Claw|p2a: Sinistcha\n|-damage|p2a: Sinistcha|23/100\n|-enditem|p2a: Sinistcha|Sitrus Berry|[eat]\n|-heal|p2a: Sinistcha|48/100|[from] item: Sitrus Berry\n|move|p2a: Sinistcha|Matcha Gotcha|p1a: Garchomp|[spread] p1a,p1b\n|-resisted|p1b: Sneasler|1\n|-damage|p1a: Garchomp|73/100\n|-heal|p2a: Sinistcha|62/100|[from] drain|[of] p1a: Garchomp\n|-damage|p1b: Sneasler|85/100\n|-heal|p2a: Sinistcha|69/100|[from] drain|[of] p1b: Sneasler\n|-status|p1b: Sneasler|brn\n|\n|-weather|RainDance|[upkeep]\n|-damage|p1b: Sneasler|79/100 brn|[from] brn\n|upkeep\n|turn|9\n|j| Yoru No Kurage\n|\n|t:|1776107485\n|move|p1a: Garchomp|Rock Slide|p2a: Sinistcha|[spread] p2a,p2b\n|-damage|p2a: Sinistcha|54/100\n|-damage|p2b: Basculegion|6/100\n|move|p2b: Basculegion|Last Respects|p1a: Garchomp\n|-damage|p1a: Garchomp|0 fnt\n|faint|p1a: Garchomp\n|move|p1b: Sneasler|Dire Claw|p2a: Sinistcha\n|-damage|p2a: Sinistcha|39/100\n|move|p2a: Sinistcha|Matcha Gotcha|p1b: Sneasler\n|-resisted|p1b: Sneasler|1\n|-damage|p1b: Sneasler|58/100 brn\n|-heal|p2a: Sinistcha|48/100|[from] drain|[of] p1b: Sneasler\n|\n|-weather|RainDance|[upkeep]\n|-damage|p1b: Sneasler|53/100 brn|[from] brn\n|upkeep\n|l|\u2606Shbaaa\n|player|p2|\n|\n|t:|1776107501\n|switch|p1a: Charizard|Charizard-Mega-Y, L50, F|11/100\n|-weather|SunnyDay|[from] ability: Drought|[of] p1a: Charizard\n|turn|10\n|inactive|Battle timer is ON: inactive players will automatically lose when time's up. (requested by Morasardo)\n|inactive|Shbaaa has 30 seconds to reconnect!\n|inactive|Shbaaa has 20 seconds to reconnect!\n|inactive|Shbaaa has 15 seconds to reconnect!\n|inactive|Shbaaa has 10 seconds to reconnect!\n|inactive|Shbaaa has 5 seconds to reconnect!\n|-message|Shbaaa lost due to inactivity.\n|\n|win|Morasardo\n",
  "uploadtime": 1776107649,
  "views": 12,
  "formatid": "gen9championsvgc2026regma",
  "rating": null,
  "private": 0,
  "password": null
}