{
  "id": "gen9championsvgc2026regma-2587623759",
  "format": "[Gen 9 Champions] VGC 2026 Reg M-A",
  "players": [
    "dongsong",
    "Evil Yarrack"
  ],
  "log": "|j|\u2606dongsong\n|j|\u2606Evil Yarrack\n|t:|1776547938\n|gametype|doubles\n|player|p1|dongsong|266|1426\n|player|p2|Evil Yarrack|youngster-gen4dp|1535\n|gen|9\n|tier|[Gen 9 Champions] VGC 2026 Reg M-A\n|rated|\n|rule|Species Clause: Limit one of each Pok\u00e9mon\n|rule|Item Clause: Limit 1 of each item\n|clearpoke\n|poke|p1|Kangaskhan, L50, F|\n|poke|p1|Aegislash, L50, M|\n|poke|p1|Aerodactyl, L50, M|\n|poke|p1|Meganium, L50, M|\n|poke|p1|Milotic, L50, F|\n|poke|p1|Typhlosion-Hisui, L50, M|\n|poke|p2|Scizor, L50, F|\n|poke|p2|Tyranitar, L50, M|\n|poke|p2|Lycanroc, L50, F|\n|poke|p2|Clawitzer, L50, F|\n|poke|p2|Whimsicott, L50, M|\n|poke|p2|Sinistcha, L50|\n|teampreview|4\n|inactive|Battle timer is ON: inactive players will automatically lose when time's up. (requested by Evil Yarrack)\n|\n|t:|1776547957\n|teamsize|p1|4\n|teamsize|p2|4\n|start\n|switch|p1a: Meganium|Meganium, L50, M|100/100\n|switch|p1b: Aerodactyl|Aerodactyl, L50, M|100/100\n|switch|p2a: Whimsicott|Whimsicott, L50, M|100/100\n|switch|p2b: Tyranitar|Tyranitar, L50, M|100/100\n|-ability|p1b: Aerodactyl|Unnerve\n|-weather|Sandstorm|[from] ability: Sand Stream|[of] p2b: Tyranitar\n|turn|1\n|\n|t:|1776547968\n|detailschange|p1a: Meganium|Meganium-Mega, L50, M\n|-mega|p1a: Meganium|Meganium|Meganiumite\n|move|p2b: Tyranitar|Protect|p2b: Tyranitar\n|-singleturn|p2b: Tyranitar|Protect\n|move|p2a: Whimsicott|Tailwind|p2a: Whimsicott\n|-sidestart|p2: Evil Yarrack|move: Tailwind\n|move|p1b: Aerodactyl|Tailwind|p1b: Aerodactyl\n|-sidestart|p1: dongsong|move: Tailwind\n|move|p1a: Meganium|Solar Beam||[still]\n|-prepare|p1a: Meganium|Solar Beam\n|-activate|p1a: Meganium|ability: Mega Sol\n|-anim|p1a: Meganium|Solar Beam|p2b: Tyranitar\n|-activate|p2b: Tyranitar|move: Protect\n|\n|-weather|Sandstorm|[upkeep]\n|-damage|p2a: Whimsicott|95/100|[from] Sandstorm\n|-damage|p1a: Meganium|95/100|[from] Sandstorm\n|upkeep\n|turn|2\n|\n|t:|1776547986\n|switch|p2b: Sinistcha|Sinistcha, L50|100/100\n|-heal|p2a: Whimsicott|100/100|[from] ability: Hospitality|[of] p2b: Sinistcha\n|move|p2a: Whimsicott|Encore|p1b: Aerodactyl\n|-start|p1b: Aerodactyl|Encore\n|move|p1b: Aerodactyl|Tailwind||[still]\n|-fail|p1b: Aerodactyl\n|move|p1a: Meganium|Solar Beam||[still]\n|-prepare|p1a: Meganium|Solar Beam\n|-activate|p1a: Meganium|ability: Mega Sol\n|-anim|p1a: Meganium|Solar Beam|p2b: Sinistcha\n|-resisted|p2b: Sinistcha|1\n|-damage|p2b: Sinistcha|59/100\n|\n|-weather|Sandstorm|[upkeep]\n|-damage|p2a: Whimsicott|95/100|[from] Sandstorm\n|-damage|p1a: Meganium|89/100|[from] Sandstorm\n|-damage|p2b: Sinistcha|53/100|[from] Sandstorm\n|upkeep\n|turn|3\n|\n|t:|1776548001\n|switch|p1b: Aegislash|Aegislash, L50, M|100/100\n|move|p2a: Whimsicott|Energy Ball|p1b: Aegislash\n|-resisted|p1b: Aegislash|1\n|-damage|p1b: Aegislash|90/100\n|move|p1a: Meganium|Weather Ball|p2b: Sinistcha\n|-supereffective|p2b: Sinistcha|1\n|-damage|p2b: Sinistcha|0 fnt\n|faint|p2b: Sinistcha\n|\n|-weather|Sandstorm|[upkeep]\n|-damage|p2a: Whimsicott|89/100|[from] Sandstorm\n|-damage|p1a: Meganium|83/100|[from] Sandstorm\n|upkeep\n|\n|t:|1776548011\n|switch|p2b: Lycanroc|Lycanroc, L50, F|100/100\n|turn|4\n|\n|t:|1776548026\n|move|p1a: Meganium|Protect|p1a: Meganium\n|-singleturn|p1a: Meganium|Protect\n|move|p2b: Lycanroc|Psychic Fangs|p1a: Meganium\n|-activate|p1a: Meganium|move: Protect\n|move|p2a: Whimsicott|Energy Ball|p1a: Meganium\n|-activate|p1a: Meganium|move: Protect\n|-formechange|p1b: Aegislash|Aegislash-Blade|\n|move|p1b: Aegislash|Poltergeist|p2b: Lycanroc\n|-activate|p2b: Lycanroc|move: Poltergeist|Focus Sash\n|-enditem|p2b: Lycanroc|Focus Sash\n|-damage|p2b: Lycanroc|1/100\n|\n|-weather|Sandstorm|[upkeep]\n|-damage|p2a: Whimsicott|83/100|[from] Sandstorm\n|-damage|p1a: Meganium|78/100|[from] Sandstorm\n|-sideend|p1: dongsong|move: Tailwind\n|-sideend|p2: Evil Yarrack|move: Tailwind\n|upkeep\n|turn|5\n|inactive|Evil Yarrack has 30 seconds left.\n|inactive|Evil Yarrack has 20 seconds left.\n|inactive|Evil Yarrack has 15 seconds left.\n|inactive|Evil Yarrack has 10 seconds left.\n|inactive|Evil Yarrack has 5 seconds left.\n|\n|t:|1776548077\n|switch|p1a: Milotic|Milotic, L50, F|100/100\n|move|p2a: Whimsicott|Encore||[still]\n|-fail|p2a: Whimsicott\n|move|p1b: Aegislash|Shadow Sneak|p2b: Lycanroc\n|-damage|p2b: Lycanroc|0 fnt\n|faint|p2b: Lycanroc\n|\n|-weather|none\n|upkeep\n|\n|t:|1776548079\n|switch|p2b: Tyranitar|Tyranitar, L50, M|100/100\n|-weather|Sandstorm|[from] ability: Sand Stream|[of] p2b: Tyranitar\n|turn|6\n|\n|t:|1776548094\n|detailschange|p2b: Tyranitar|Tyranitar-Mega, L50, M\n|-mega|p2b: Tyranitar|Tyranitar|Tyranitarite\n|-formechange|p1b: Aegislash|Aegislash|\n|move|p1b: Aegislash|King's Shield|p1b: Aegislash\n|-singleturn|p1b: Aegislash|Protect\n|move|p2a: Whimsicott|Energy Ball|p1a: Milotic\n|-supereffective|p1a: Milotic|1\n|-damage|p1a: Milotic|62/100\n|move|p2b: Tyranitar|Assurance|p1a: Milotic\n|-crit|p1a: Milotic\n|-damage|p1a: Milotic|0 fnt\n|faint|p1a: Milotic\n|\n|-weather|Sandstorm|[upkeep]\n|-damage|p2a: Whimsicott|77/100|[from] Sandstorm\n|upkeep\n|\n|t:|1776548107\n|switch|p1a: Meganium|Meganium-Mega, L50, M|78/100\n|turn|7\n|inactive|Evil Yarrack has 30 seconds left.\n|\n|t:|1776548139\n|move|p2b: Tyranitar|Protect|p2b: Tyranitar\n|-singleturn|p2b: Tyranitar|Protect\n|move|p2a: Whimsicott|Encore|p1b: Aegislash\n|-start|p1b: Aegislash|Encore\n|move|p1b: Aegislash|King's Shield||[still]\n|-fail|p1b: Aegislash\n|move|p1a: Meganium|Weather Ball|p2a: Whimsicott\n|-supereffective|p2a: Whimsicott|1\n|-damage|p2a: Whimsicott|0 fnt\n|faint|p2a: Whimsicott\n|\n|-weather|Sandstorm|[upkeep]\n|-damage|p1a: Meganium|72/100|[from] Sandstorm\n|upkeep\n|turn|8\n|\n|t:|1776548150\n|switch|p1b: Aerodactyl|Aerodactyl, L50, M|100/100\n|-ability|p1b: Aerodactyl|Unnerve\n|move|p1a: Meganium|Protect|p1a: Meganium\n|-singleturn|p1a: Meganium|Protect\n|move|p2b: Tyranitar|Ice Punch|p1a: Meganium\n|-activate|p1a: Meganium|move: Protect\n|\n|-weather|Sandstorm|[upkeep]\n|-damage|p1a: Meganium|66/100|[from] Sandstorm\n|upkeep\n|turn|9\n|\n|t:|1776548173\n|move|p1b: Aerodactyl|Rock Slide|p2b: Tyranitar\n|-damage|p2b: Tyranitar|77/100\n|cant|p2b: Tyranitar|flinch\n|move|p1a: Meganium|Solar Beam||[still]\n|-prepare|p1a: Meganium|Solar Beam\n|-activate|p1a: Meganium|ability: Mega Sol\n|-anim|p1a: Meganium|Solar Beam|p2b: Tyranitar\n|-supereffective|p2b: Tyranitar|1\n|-damage|p2b: Tyranitar|0 fnt\n|faint|p2b: Tyranitar\n|\n|win|dongsong\n|raw|dongsong's rating: 1426 &rarr; <strong>1452</strong><br />(+26 for winning)\n|raw|Evil Yarrack's rating: 1535 &rarr; <strong>1509</strong><br />(-26 for losing)\n|l|\u2606Evil Yarrack\n|player|p2|\n|l|\u2606dongsong\n|player|p1|\n",
  "uploadtime": 1776548187,
  "views": 20,
  "formatid": "gen9championsvgc2026regma",
  "rating": 1452,
  "private": 0,
  "password": null
}