{
  "id": "gen9championsvgc2026regma-2586546060",
  "format": "[Gen 9 Champions] VGC 2026 Reg M-A",
  "players": [
    "dylvgc",
    "nespli"
  ],
  "log": "|j|\u2606dylvgc\n|j|\u2606nespli\n|t:|1776442091\n|gametype|doubles\n|player|p1|dylvgc|lida|1217\n|player|p2|nespli|liza|1153\n|gen|9\n|tier|[Gen 9 Champions] VGC 2026 Reg M-A\n|rated|\n|rule|Species Clause: Limit one of each Pok\u00e9mon\n|rule|Item Clause: Limit 1 of each item\n|clearpoke\n|poke|p1|Charizard, L50, M|\n|poke|p1|Milotic, L50, F|\n|poke|p1|Sinistcha, L50|\n|poke|p1|Incineroar, L50, F|\n|poke|p1|Gardevoir, L50, F|\n|poke|p1|Corviknight, L50, M|\n|poke|p2|Meganium, L50, F|\n|poke|p2|Pelipper, L50, F|\n|poke|p2|Basculegion, L50, M|\n|poke|p2|Incineroar, L50, F|\n|poke|p2|Garchomp, L50, M|\n|poke|p2|Aegislash, L50, F|\n|teampreview|4\n|inactive|Battle timer is ON: inactive players will automatically lose when time's up. (requested by nespli)\n|inactive|dylvgc has 60 seconds left.\n|inactive|nespli has 60 seconds left.\n|\n|t:|1776442145\n|teamsize|p1|4\n|teamsize|p2|4\n|start\n|switch|p1a: Sinistcha|Sinistcha, L50|100/100\n|switch|p1b: Gardevoir|Gardevoir, L50, F|100/100\n|switch|p2a: Aegislash|Aegislash, L50, F|100/100\n|switch|p2b: Garchomp|Garchomp, L50, M|100/100\n|-ability|p1b: Gardevoir|Rough Skin|Trace|[from] ability: Trace|[of] p2b: Garchomp\n|turn|1\n|inactive|nespli has 30 seconds left.\n|\n|t:|1776442172\n|switch|p1a: Incineroar|Incineroar, L50, F|100/100\n|-ability|p1a: Incineroar|Intimidate|boost\n|-unboost|p2a: Aegislash|atk|1\n|-unboost|p2b: Garchomp|atk|1\n|detailschange|p1b: Gardevoir|Gardevoir-Mega, L50, F\n|-mega|p1b: Gardevoir|Gardevoir|Gardevoirite\n|move|p2b: Garchomp|Iron Head|p1b: Gardevoir\n|-supereffective|p1b: Gardevoir|1\n|-damage|p1b: Gardevoir|64/100\n|move|p1b: Gardevoir|Hyper Voice|p2a: Aegislash|[spread] p2a,p2b\n|-resisted|p2a: Aegislash|1\n|-supereffective|p2b: Garchomp|1\n|-damage|p2a: Aegislash|83/100\n|-damage|p2b: Garchomp|9/100\n|-formechange|p2a: Aegislash|Aegislash-Blade|\n|move|p2a: Aegislash|Iron Head|p1b: Gardevoir\n|-supereffective|p1b: Gardevoir|1\n|-damage|p1b: Gardevoir|0 fnt\n|faint|p1b: Gardevoir\n|\n|upkeep\n|\n|t:|1776442189\n|switch|p1b: Corviknight|Corviknight, L50, M|100/100\n|turn|2\n|\n|t:|1776442209\n|switch|p2b: Pelipper|Pelipper, L50, F|100/100\n|-weather|RainDance|[from] ability: Drizzle|[of] p2b: Pelipper\n|-formechange|p2a: Aegislash|Aegislash|\n|move|p2a: Aegislash|King's Shield|p2a: Aegislash\n|-singleturn|p2a: Aegislash|Protect\n|move|p1b: Corviknight|Bulk Up|p1b: Corviknight\n|-boost|p1b: Corviknight|atk|1\n|-boost|p1b: Corviknight|def|1\n|move|p1a: Incineroar|Parting Shot|p2a: Aegislash\n|-unboost|p2a: Aegislash|atk|1\n|-unboost|p2a: Aegislash|spa|1\n|\n|t:|1776442222\n|switch|p1a: Sinistcha|Sinistcha, L50|100/100|[from] Parting Shot\n|\n|-weather|RainDance|[upkeep]\n|upkeep\n|turn|3\n|\n|t:|1776442248\n|switch|p2a: Basculegion|Basculegion, L50, M|100/100\n|move|p2b: Pelipper|Hurricane|p1a: Sinistcha\n|-supereffective|p1a: Sinistcha|1\n|-damage|p1a: Sinistcha|32/100\n|-enditem|p1a: Sinistcha|Sitrus Berry|[eat]\n|-heal|p1a: Sinistcha|56/100|[from] item: Sitrus Berry\n|move|p1a: Sinistcha|Shadow Ball|p2b: Pelipper\n|-damage|p2b: Pelipper|44/100\n|move|p1b: Corviknight|Bulk Up|p1b: Corviknight\n|-boost|p1b: Corviknight|atk|1\n|-boost|p1b: Corviknight|def|1\n|\n|-weather|RainDance|[upkeep]\n|upkeep\n|turn|4\n|inactive|dylvgc has 30 seconds left.\n|inactive|nespli has 30 seconds left.\n|inactive|dylvgc has 20 seconds left.\n|\n|t:|1776442284\n|switch|p1a: Incineroar|Incineroar, L50, F|100/100\n|-ability|p1a: Incineroar|Intimidate|boost\n|-unboost|p2a: Basculegion|atk|1\n|-unboost|p2b: Pelipper|atk|1\n|move|p2a: Basculegion|Wave Crash|p1b: Corviknight\n|-damage|p1b: Corviknight|70/100\n|-damage|p2a: Basculegion|90/100|[from] Recoil\n|move|p2b: Pelipper|Hurricane|p1a: Incineroar\n|-damage|p1a: Incineroar|66/100\n|-start|p1a: Incineroar|confusion\n|move|p1b: Corviknight|Iron Head|p2b: Pelipper\n|-resisted|p2b: Pelipper|1\n|-damage|p2b: Pelipper|19/100\n|\n|-weather|RainDance|[upkeep]\n|-heal|p1b: Corviknight|76/100|[from] item: Leftovers\n|upkeep\n|turn|5\n|inactive|dylvgc has 30 seconds left.\n|inactive|nespli has 30 seconds left.\n|\n|t:|1776442316\n|switch|p2b: Garchomp|Garchomp, L50, M|9/100\n|move|p2a: Basculegion|Flip Turn|p1a: Incineroar\n|-supereffective|p1a: Incineroar|1\n|-enditem|p1a: Incineroar|Passho Berry|[eat]\n|-enditem|p1a: Incineroar|Passho Berry|[weaken]\n|-damage|p1a: Incineroar|36/100\n|\n|t:|1776442338\n|switch|p2a: Aegislash|Aegislash, L50, F|83/100|[from] Flip Turn\n|move|p1b: Corviknight|Iron Head|p2b: Garchomp\n|-damage|p2b: Garchomp|0 fnt\n|-damage|p1b: Corviknight|63/100|[from] ability: Rough Skin|[of] p2b: Garchomp\n|faint|p2b: Garchomp\n|-activate|p1a: Incineroar|confusion\n|move|p1a: Incineroar|Darkest Lariat|p2a: Aegislash\n|-supereffective|p2a: Aegislash|1\n|-damage|p2a: Aegislash|24/100\n|\n|-weather|RainDance|[upkeep]\n|-heal|p1b: Corviknight|69/100|[from] item: Leftovers\n|upkeep\n|\n|t:|1776442342\n|switch|p2b: Basculegion|Basculegion, L50, M|90/100\n|turn|6\n|inactive|dylvgc has 30 seconds left.\n|\n|t:|1776442371\n|switch|p1a: Sinistcha|Sinistcha, L50|56/100\n|-heal|p1b: Corviknight|94/100|[from] ability: Hospitality|[of] p1a: Sinistcha\n|move|p2b: Basculegion|Wave Crash|p1a: Sinistcha\n|-resisted|p1a: Sinistcha|1\n|-damage|p1a: Sinistcha|6/100\n|-damage|p2b: Basculegion|75/100|[from] Recoil\n|move|p1b: Corviknight|Bulk Up|p1b: Corviknight\n|-boost|p1b: Corviknight|atk|1\n|-boost|p1b: Corviknight|def|1\n|-formechange|p2a: Aegislash|Aegislash-Blade|\n|move|p2a: Aegislash|Poltergeist|p1b: Corviknight\n|-activate|p1b: Corviknight|move: Poltergeist|Leftovers\n|-damage|p1b: Corviknight|72/100\n|\n|-weather|none\n|-heal|p1b: Corviknight|78/100|[from] item: Leftovers\n|upkeep\n|turn|7\n|inactive|dylvgc has 30 seconds left.\n|inactive|nespli has 30 seconds left.\n|\n|t:|1776442399\n|switch|p1a: Incineroar|Incineroar, L50, F|36/100\n|-ability|p1a: Incineroar|Intimidate|boost\n|-unboost|p2a: Aegislash|atk|1\n|-unboost|p2b: Basculegion|atk|1\n|move|p2b: Basculegion|Flip Turn|p1a: Incineroar\n|-supereffective|p1a: Incineroar|1\n|-damage|p1a: Incineroar|2/100\n|\n|t:|1776442404\n|switch|p2b: Pelipper|Pelipper, L50, F|19/100|[from] Flip Turn\n|-weather|RainDance|[from] ability: Drizzle|[of] p2b: Pelipper\n|move|p1b: Corviknight|Iron Head|p2a: Aegislash\n|-resisted|p2a: Aegislash|1\n|-damage|p2a: Aegislash|0 fnt\n|faint|p2a: Aegislash\n|\n|-weather|RainDance|[upkeep]\n|-heal|p1b: Corviknight|83/100|[from] item: Leftovers\n|upkeep\n|\n|t:|1776442406\n|switch|p2a: Basculegion|Basculegion, L50, M|75/100\n|turn|8\n|\n|t:|1776442423\n|move|p2b: Pelipper|Protect|p2b: Pelipper\n|-singleturn|p2b: Pelipper|Protect\n|move|p1a: Incineroar|Fake Out|p2b: Pelipper\n|-activate|p2b: Pelipper|move: Protect\n|move|p2a: Basculegion|Last Respects|p1a: Incineroar\n|-resisted|p1a: Incineroar|1\n|-damage|p1a: Incineroar|0 fnt\n|faint|p1a: Incineroar\n|move|p1b: Corviknight|Bulk Up|p1b: Corviknight\n|-boost|p1b: Corviknight|atk|1\n|-boost|p1b: Corviknight|def|1\n|\n|-weather|RainDance|[upkeep]\n|-heal|p1b: Corviknight|89/100|[from] item: Leftovers\n|upkeep\n|\n|t:|1776442452\n|switch|p1a: Sinistcha|Sinistcha, L50|6/100\n|-heal|p1b: Corviknight|100/100|[from] ability: Hospitality|[of] p1a: Sinistcha\n|turn|9\n|\n|t:|1776442464\n|move|p1a: Sinistcha|Rage Powder|p1a: Sinistcha\n|-singleturn|p1a: Sinistcha|move: Rage Powder\n|move|p2a: Basculegion|Last Respects|p1a: Sinistcha\n|-supereffective|p1a: Sinistcha|1\n|-damage|p1a: Sinistcha|0 fnt\n|faint|p1a: Sinistcha\n|move|p2b: Pelipper|Weather Ball|p1b: Corviknight\n|-damage|p1b: Corviknight|62/100\n|move|p1b: Corviknight|Iron Head|p2b: Pelipper\n|-resisted|p2b: Pelipper|1\n|-crit|p2b: Pelipper\n|-damage|p2b: Pelipper|0 fnt\n|faint|p2b: Pelipper\n|\n|-weather|RainDance|[upkeep]\n|-heal|p1b: Corviknight|68/100|[from] item: Leftovers\n|upkeep\n|turn|10\n|\n|t:|1776442484\n|move|p2a: Basculegion|Last Respects|p1b: Corviknight\n|-damage|p1b: Corviknight|40/100\n|move|p1b: Corviknight|Roost|p1b: Corviknight\n|-heal|p1b: Corviknight|90/100\n|-singleturn|p1b: Corviknight|move: Roost\n|\n|-weather|RainDance|[upkeep]\n|-heal|p1b: Corviknight|96/100|[from] item: Leftovers\n|upkeep\n|turn|11\n|\n|t:|1776442493\n|move|p2a: Basculegion|Last Respects|p1b: Corviknight\n|-damage|p1b: Corviknight|69/100\n|move|p1b: Corviknight|Bulk Up|p1b: Corviknight\n|-boost|p1b: Corviknight|atk|1\n|-boost|p1b: Corviknight|def|1\n|\n|-weather|none\n|-heal|p1b: Corviknight|75/100|[from] item: Leftovers\n|upkeep\n|turn|12\n|\n|t:|1776442501\n|move|p2a: Basculegion|Last Respects|p1b: Corviknight\n|-damage|p1b: Corviknight|53/100\n|move|p1b: Corviknight|Bulk Up|p1b: Corviknight\n|-boost|p1b: Corviknight|atk|1\n|-boost|p1b: Corviknight|def|1\n|\n|-heal|p1b: Corviknight|59/100|[from] item: Leftovers\n|upkeep\n|turn|13\n|\n|t:|1776442509\n|move|p2a: Basculegion|Last Respects|p1b: Corviknight\n|-damage|p1b: Corviknight|39/100\n|move|p1b: Corviknight|Roost|p1b: Corviknight\n|-heal|p1b: Corviknight|89/100\n|-singleturn|p1b: Corviknight|move: Roost\n|\n|-heal|p1b: Corviknight|95/100|[from] item: Leftovers\n|upkeep\n|turn|14\n|\n|t:|1776442519\n|move|p2a: Basculegion|Last Respects|p1b: Corviknight\n|-damage|p1b: Corviknight|74/100\n|move|p1b: Corviknight|Iron Head|p2a: Basculegion\n|-resisted|p2a: Basculegion|1\n|-damage|p2a: Basculegion|5/100\n|\n|-heal|p1b: Corviknight|80/100|[from] item: Leftovers\n|upkeep\n|turn|15\n|\n|t:|1776442528\n|move|p2a: Basculegion|Last Respects|p1b: Corviknight\n|-damage|p1b: Corviknight|59/100\n|move|p1b: Corviknight|Iron Head|p2a: Basculegion\n|-resisted|p2a: Basculegion|1\n|-damage|p2a: Basculegion|0 fnt\n|faint|p2a: Basculegion\n|\n|win|dylvgc\n|raw|dylvgc's rating: 1217 &rarr; <strong>1237</strong><br />(+20 for winning)\n|raw|nespli's rating: 1153 &rarr; <strong>1133</strong><br />(-20 for losing)\n",
  "uploadtime": 1776442556,
  "views": 27,
  "formatid": "gen9championsvgc2026regma",
  "rating": 1133,
  "private": 0,
  "password": null
}