{
  "id": "gen9championsvgc2026regma-2587766631",
  "format": "[Gen 9 Champions] VGC 2026 Reg M-A",
  "players": [
    "Togatard",
    "Strin"
  ],
  "log": "|j|\u2606Togatard\n|j|\u2606Strin\n|t:|1776561880\n|gametype|doubles\n|player|p1|Togatard|cyrus|1000\n|player|p2|Strin|169|1023\n|gen|9\n|tier|[Gen 9 Champions] VGC 2026 Reg M-A\n|rated|\n|rule|Species Clause: Limit one of each Pok\u00e9mon\n|rule|Item Clause: Limit 1 of each item\n|clearpoke\n|poke|p1|Feraligatr, L50, M|\n|poke|p1|Slurpuff, L50, F|\n|poke|p1|Decidueye, L50, F|\n|poke|p1|Maushold, L50|\n|poke|p1|Crabominable, L50, F|\n|poke|p1|Tsareena, L50, F|\n|poke|p2|Aromatisse, L50, M|\n|poke|p2|Arcanine-Hisui, L50, F|\n|poke|p2|Froslass, L50, F|\n|poke|p2|Garchomp, L50, M|\n|poke|p2|Mr. Rime, L50, M|\n|poke|p2|Sneasler, L50, F|\n|teampreview|4\n|inactive|Battle timer is ON: inactive players will automatically lose when time's up. (requested by Strin)\n|\n|t:|1776561907\n|teamsize|p1|4\n|teamsize|p2|4\n|start\n|switch|p1a: Slurpuff|Slurpuff, L50, F|100/100\n|switch|p1b: Crabominable|Crabominable, L50, F|100/100\n|switch|p2a: Froslass|Froslass, L50, F|100/100\n|switch|p2b: Mr. Rime|Mr. Rime, L50, M|100/100\n|turn|1\n|\n|t:|1776561932\n|detailschange|p2a: Froslass|Froslass-Mega, L50, F\n|-mega|p2a: Froslass|Froslass|Froslassite\n|-weather|Snowscape|[from] ability: Snow Warning|[of] p2a: Froslass\n|detailschange|p1b: Crabominable|Crabominable-Mega, L50, F\n|-mega|p1b: Crabominable|Crabominable|Crabominite\n|move|p2a: Froslass|Blizzard|p1a: Slurpuff|[spread] p1a,p1b\n|-resisted|p1b: Crabominable|1\n|-damage|p1a: Slurpuff|33/100\n|-damage|p1b: Crabominable|82/100\n|-status|p1a: Slurpuff|frz\n|-enditem|p1a: Slurpuff|Sitrus Berry|[eat]\n|-heal|p1a: Slurpuff|57/100 frz|[from] item: Sitrus Berry\n|cant|p1a: Slurpuff|frz\n|move|p1b: Crabominable|Knock Off|p2a: Froslass\n|-supereffective|p2a: Froslass|1\n|-damage|p2a: Froslass|54/100\n|move|p2b: Mr. Rime|Trick Room|p2b: Mr. Rime\n|-fieldstart|move: Trick Room|[of] p2b: Mr. Rime\n|\n|-weather|Snowscape|[upkeep]\n|upkeep\n|turn|2\n|inactive|Togatard has 30 seconds left.\n|inactive|Strin has 30 seconds left.\n|inactive|Togatard has 20 seconds left.\n|inactive|Strin has 20 seconds left.\n|inactive|Togatard has 15 seconds left.\n|inactive|Strin has 15 seconds left.\n|inactive|Togatard has 10 seconds left.\n|\n|t:|1776561980\n|move|p2a: Froslass|Protect|p2a: Froslass\n|-singleturn|p2a: Froslass|Protect\n|move|p1b: Crabominable|Knock Off|p2b: Mr. Rime\n|-supereffective|p2b: Mr. Rime|1\n|-damage|p2b: Mr. Rime|53/100\n|-enditem|p2b: Mr. Rime|Leftovers|[from] move: Knock Off|[of] p1b: Crabominable\n|-curestatus|p1a: Slurpuff|frz|[msg]\n|move|p1a: Slurpuff|Sticky Web|p2a: Froslass\n|-sidestart|p2: Strin|move: Sticky Web\n|move|p2b: Mr. Rime|Trick Room|p2b: Mr. Rime\n|-fieldend|move: Trick Room\n|\n|-weather|Snowscape|[upkeep]\n|-heal|p2b: Mr. Rime|59/100|[from] ability: Ice Body\n|upkeep\n|turn|3\n|\n|t:|1776562000\n|move|p1a: Slurpuff|Flamethrower|p2b: Mr. Rime\n|-supereffective|p2b: Mr. Rime|1\n|-crit|p2b: Mr. Rime\n|-damage|p2b: Mr. Rime|3/100\n|-status|p2b: Mr. Rime|brn\n|move|p2a: Froslass|Blizzard|p1a: Slurpuff|[spread] p1a,p1b\n|-resisted|p1b: Crabominable|1\n|-damage|p1a: Slurpuff|0 fnt\n|-damage|p1b: Crabominable|64/100\n|faint|p1a: Slurpuff\n|move|p2b: Mr. Rime|Blizzard|p1b: Crabominable\n|-resisted|p1b: Crabominable|1\n|-damage|p1b: Crabominable|50/100\n|move|p1b: Crabominable|Bulk Up|p1b: Crabominable\n|-boost|p1b: Crabominable|atk|1\n|-boost|p1b: Crabominable|def|1\n|\n|-weather|Snowscape|[upkeep]\n|-heal|p2b: Mr. Rime|9/100 brn|[from] ability: Ice Body\n|-damage|p2b: Mr. Rime|3/100 brn|[from] brn\n|upkeep\n|inactive|Togatard has 30 seconds left.\n|\n|t:|1776562031\n|switch|p1a: Decidueye|Decidueye, L50, F|100/100\n|turn|4\n|\n|t:|1776562041\n|move|p2b: Mr. Rime|Ally Switch|p2b: Mr. Rime\n|swap|p2b: Mr. Rime|0|[from] move: Ally Switch\n|move|p1a: Decidueye|Sucker Punch||[still]\n|-fail|p1a: Decidueye\n|move|p1b: Crabominable|Mach Punch|p2b: Froslass\n|-immune|p2b: Froslass\n|move|p2b: Froslass|Blizzard|p1a: Decidueye|[spread] p1a,p1b\n|-supereffective|p1a: Decidueye|1\n|-resisted|p1b: Crabominable|1\n|-enditem|p1a: Decidueye|Focus Sash\n|-damage|p1a: Decidueye|1/100\n|-damage|p1b: Crabominable|32/100\n|\n|-weather|Snowscape|[upkeep]\n|-heal|p2a: Mr. Rime|9/100 brn|[from] ability: Ice Body\n|-damage|p2a: Mr. Rime|3/100 brn|[from] brn\n|upkeep\n|turn|5\n|inactive|Togatard has 30 seconds left.\n|inactive|Togatard has 20 seconds left.\n|inactive|Togatard has 15 seconds left.\n|inactive|Togatard has 10 seconds left.\n|inactive|Togatard has 5 seconds left.\n|\n|t:|1776562096\n|move|p2b: Froslass|Protect|p2b: Froslass\n|-singleturn|p2b: Froslass|Protect\n|move|p1b: Crabominable|Mach Punch|p2a: Mr. Rime\n|-damage|p2a: Mr. Rime|0 fnt\n|faint|p2a: Mr. Rime\n|move|p1a: Decidueye|U-turn|p2b: Froslass\n|-activate|p2b: Froslass|move: Protect\n|\n|-weather|none\n|upkeep\n|\n|t:|1776562108\n|switch|p2a: Garchomp|Garchomp, L50, M|100/100\n|-activate|p2a: Garchomp|move: Sticky Web\n|-unboost|p2a: Garchomp|spe|1\n|turn|6\n|inactive|Togatard has 30 seconds left.\n|l|\u2606Togatard\n|inactive|Togatard disconnected and has a minute to reconnect!\n|player|p1|\n|inactive|Togatard has 20 seconds left.\n|j|\u2606Togatard\n|inactive|Togatard reconnected and has 20 seconds left.\n|player|p1|Togatard|cyrus|\n|inactive|Togatard has 15 seconds left.\n|\n|t:|1776562153\n|switch|p1b: Tsareena|Tsareena, L50, F|100/100\n|move|p1a: Decidueye|Sucker Punch|p2b: Froslass\n|-supereffective|p2b: Froslass|1\n|-damage|p2b: Froslass|0 fnt\n|faint|p2b: Froslass\n|move|p2a: Garchomp|Dragon Claw|p1b: Tsareena\n|-damage|p1b: Tsareena|58/100\n|\n|upkeep\n|\n|t:|1776562159\n|switch|p2b: Arcanine|Arcanine-Hisui, L50, F|100/100\n|-activate|p2b: Arcanine|move: Sticky Web\n|-unboost|p2b: Arcanine|spe|1\n|-ability|p2b: Arcanine|Intimidate|boost\n|-unboost|p1a: Decidueye|atk|1\n|-unboost|p1b: Tsareena|atk|1\n|turn|7\n|\n|t:|1776562185\n|move|p2a: Garchomp|Dragon Claw|p1a: Decidueye\n|-damage|p1a: Decidueye|0 fnt\n|faint|p1a: Decidueye\n|move|p1b: Tsareena|Triple Axel|p2a: Garchomp\n|-supereffective|p2a: Garchomp|2\n|-damage|p2a: Garchomp|84/100\n|-damage|p1b: Tsareena|45/100|[from] ability: Rough Skin|[of] p2a: Garchomp\n|-supereffective|p2a: Garchomp|2\n|-damage|p2a: Garchomp|54/100\n|-damage|p1b: Tsareena|33/100|[from] ability: Rough Skin|[of] p2a: Garchomp\n|-supereffective|p2a: Garchomp|2\n|-damage|p2a: Garchomp|12/100\n|-damage|p1b: Tsareena|21/100|[from] ability: Rough Skin|[of] p2a: Garchomp\n|-hitcount|p2a: Garchomp|3\n|move|p2b: Arcanine|Flare Blitz|p1b: Tsareena\n|-supereffective|p1b: Tsareena|1\n|-damage|p1b: Tsareena|0 fnt\n|faint|p1b: Tsareena\n|-damage|p2b: Arcanine|95/100|[from] Recoil\n|\n|upkeep\n|\n|t:|1776562209\n|switch|p1b: Crabominable|Crabominable-Mega, L50, F|32/100\n|turn|8\n|\n|t:|1776562229\n|move|p1b: Crabominable|Mach Punch|p2b: Arcanine\n|-supereffective|p2b: Arcanine|1\n|-enditem|p2b: Arcanine|Chople Berry|[eat]\n|-enditem|p2b: Arcanine|Chople Berry|[weaken]\n|-damage|p2b: Arcanine|68/100\n|move|p2a: Garchomp|Dragon Claw|p1b: Crabominable\n|-damage|p1b: Crabominable|0 fnt\n|faint|p1b: Crabominable\n|\n|win|Strin\n|raw|Togatard's rating: 1000 &rarr; <strong>1000</strong><br />(+0 for losing)\n|raw|Strin's rating: 1023 &rarr; <strong>1057</strong><br />(+34 for winning)\n|l|\u2606Togatard\n|player|p1|\n",
  "uploadtime": 1776562240,
  "views": 38,
  "formatid": "gen9championsvgc2026regma",
  "rating": 1000,
  "private": 0,
  "password": null
}