{
  "id": "gen9championsvgc2026regma-2587662633",
  "format": "[Gen 9 Champions] VGC 2026 Reg M-A",
  "players": [
    "PM77Switch",
    "imcaio"
  ],
  "log": "|j|\u2606PM77Switch\n|j|\u2606imcaio\n|t:|1776551543\n|gametype|doubles\n|player|p1|PM77Switch|may-masters3|1331\n|player|p2|imcaio|1|1281\n|gen|9\n|tier|[Gen 9 Champions] VGC 2026 Reg M-A\n|rated|\n|rule|Species Clause: Limit one of each Pok\u00e9mon\n|rule|Item Clause: Limit 1 of each item\n|clearpoke\n|poke|p1|Blastoise, L50, F|\n|poke|p1|Kingambit, L50, F|\n|poke|p1|Sneasler, L50, M|\n|poke|p1|Aerodactyl, L50, M|\n|poke|p1|Sinistcha, L50|\n|poke|p1|Incineroar, L50, F|\n|poke|p2|Kangaskhan, L50, F|\n|poke|p2|Tinkaton, L50, F|\n|poke|p2|Milotic, L50, F|\n|poke|p2|Incineroar, L50, F|\n|poke|p2|Whimsicott, L50, F, shiny|\n|poke|p2|Gengar, L50, F|\n|teampreview|4\n|inactive|Battle timer is ON: inactive players will automatically lose when time's up. (requested by PM77Switch)\n|inactive|PM77Switch has 60 seconds left.\n|inactive|imcaio has 60 seconds left.\n|\n|t:|1776551600\n|teamsize|p1|4\n|teamsize|p2|4\n|start\n|switch|p1a: Kingambit|Kingambit, L50, F|100/100\n|switch|p1b: Aerodactyl|Aerodactyl, L50, M|100/100\n|switch|p2a: Milotic|Milotic, L50, F|100/100\n|switch|p2b: Tinkaton|Tinkaton, L50, F|100/100\n|-ability|p1b: Aerodactyl|Unnerve\n|-ability|p2b: Tinkaton|Mold Breaker\n|turn|1\n|\n|t:|1776551614\n|switch|p2a: Kangaskhan|Kangaskhan, L50, F|100/100\n|move|p1b: Aerodactyl|Protect|p1b: Aerodactyl\n|-singleturn|p1b: Aerodactyl|Protect\n|move|p1a: Kingambit|Protect|p1a: Kingambit\n|-singleturn|p1a: Kingambit|Protect\n|move|p2b: Tinkaton|Fake Out|p1b: Aerodactyl\n|-activate|p1b: Aerodactyl|move: Protect\n|\n|upkeep\n|turn|2\n|\n|t:|1776551632\n|switch|p1b: Blastoise|Blastoise, L50, F|100/100\n|switch|p2b: Whimsicott|Whimsicott, L50, F, shiny|100/100\n|switch|p1a: Sneasler|Sneasler, L50, M|100/100\n|detailschange|p2a: Kangaskhan|Kangaskhan-Mega, L50, F\n|-mega|p2a: Kangaskhan|Kangaskhan|Kangaskhanite\n|move|p2a: Kangaskhan|Low Kick|p1a: Sneasler\n|-resisted|p1a: Sneasler|1\n|-damage|p1a: Sneasler|82/100\n|-resisted|p1a: Sneasler|1\n|-damage|p1a: Sneasler|77/100\n|-hitcount|p1a: Sneasler|2\n|\n|upkeep\n|turn|3\n|inactive|imcaio has 30 seconds left.\n|inactive|imcaio has 20 seconds left.\n|\n|t:|1776551671\n|detailschange|p1b: Blastoise|Blastoise-Mega, L50, F\n|-mega|p1b: Blastoise|Blastoise|Blastoisinite\n|move|p2b: Whimsicott|Protect|p2b: Whimsicott\n|-singleturn|p2b: Whimsicott|Protect\n|move|p2a: Kangaskhan|Protect|p2a: Kangaskhan\n|-singleturn|p2a: Kangaskhan|Protect\n|move|p1a: Sneasler|Fake Out|p2a: Kangaskhan\n|-activate|p2a: Kangaskhan|move: Protect\n|move|p1b: Blastoise|Ice Beam|p2b: Whimsicott\n|-activate|p2b: Whimsicott|move: Protect\n|\n|upkeep\n|turn|4\n|\n|t:|1776551686\n|switch|p1a: Kingambit|Kingambit, L50, F|100/100\n|move|p2b: Whimsicott|Encore|p1a: Kingambit\n|-hint|Since gen 7, Dark is immune to Prankster moves.\n|-immune|p1a: Kingambit\n|move|p2a: Kangaskhan|Double-Edge|p1b: Blastoise\n|-damage|p1b: Blastoise|47/100\n|-damage|p1b: Blastoise|34/100\n|-hitcount|p1b: Blastoise|2\n|-damage|p2a: Kangaskhan|79/100|[from] Recoil\n|move|p1b: Blastoise|Aura Sphere|p2a: Kangaskhan\n|-supereffective|p2a: Kangaskhan|1\n|-damage|p2a: Kangaskhan|3/100\n|\n|upkeep\n|turn|5\n|\n|t:|1776551706\n|switch|p2a: Milotic|Milotic, L50, F|100/100\n|switch|p1b: Sneasler|Sneasler, L50, M|77/100\n|move|p2b: Whimsicott|Encore||[still]\n|-fail|p2b: Whimsicott\n|move|p1a: Kingambit|Sucker Punch||[still]\n|-fail|p1a: Kingambit\n|\n|upkeep\n|turn|6\n|\n|t:|1776551724\n|switch|p2b: Tinkaton|Tinkaton, L50, F|100/100\n|-ability|p2b: Tinkaton|Mold Breaker\n|move|p1b: Sneasler|Feint|p2b: Tinkaton\n|-resisted|p2b: Tinkaton|1\n|-damage|p2b: Tinkaton|96/100\n|move|p2a: Milotic|Scald|p1a: Kingambit\n|-damage|p1a: Kingambit|65/100\n|move|p1a: Kingambit|Iron Head|p2b: Tinkaton\n|-damage|p2b: Tinkaton|55/100\n|\n|upkeep\n|turn|7\n|\n|t:|1776551742\n|switch|p1b: Blastoise|Blastoise-Mega, L50, F|34/100\n|move|p1a: Kingambit|Protect|p1a: Kingambit\n|-singleturn|p1a: Kingambit|Protect\n|move|p2b: Tinkaton|Feint|p1b: Blastoise\n|-damage|p1b: Blastoise|29/100\n|move|p2a: Milotic|Scald|p1b: Blastoise\n|-resisted|p1b: Blastoise|1\n|-damage|p1b: Blastoise|13/100\n|\n|upkeep\n|turn|8\n|inactive|imcaio has 30 seconds left.\n|\n|t:|1776551774\n|switch|p2b: Kangaskhan|Kangaskhan-Mega, L50, F|3/100\n|move|p1b: Blastoise|Aura Sphere|p2a: Milotic\n|-damage|p2a: Milotic|67/100\n|move|p2a: Milotic|Scald|p1b: Blastoise\n|-resisted|p1b: Blastoise|1\n|-damage|p1b: Blastoise|0 fnt\n|faint|p1b: Blastoise\n|move|p1a: Kingambit|Iron Head|p2b: Kangaskhan\n|-damage|p2b: Kangaskhan|0 fnt\n|faint|p2b: Kangaskhan\n|\n|-heal|p2a: Milotic|73/100|[from] item: Leftovers\n|upkeep\n|\n|t:|1776551787\n|switch|p2b: Tinkaton|Tinkaton, L50, F|55/100\n|switch|p1b: Sneasler|Sneasler, L50, M|77/100\n|-ability|p2b: Tinkaton|Mold Breaker\n|turn|9\n|\n|t:|1776551808\n|move|p1b: Sneasler|Fake Out|p2a: Milotic\n|-damage|p2a: Milotic|58/100\n|move|p2b: Tinkaton|Fake Out|p1a: Kingambit\n|-resisted|p1a: Kingambit|1\n|-damage|p1a: Kingambit|62/100\n|cant|p2a: Milotic|flinch\n|cant|p1a: Kingambit|flinch\n|\n|-heal|p2a: Milotic|65/100|[from] item: Leftovers\n|upkeep\n|turn|10\n|inactive|imcaio has 30 seconds left.\n|\n|t:|1776551836\n|move|p1a: Kingambit|Sucker Punch||[still]\n|-fail|p1a: Kingambit\n|move|p1b: Sneasler|Close Combat|p2a: Milotic\n|-damage|p2a: Milotic|0 fnt\n|-unboost|p1b: Sneasler|def|1\n|-unboost|p1b: Sneasler|spd|1\n|faint|p2a: Milotic\n|-enditem|p1b: Sneasler|White Herb\n|-clearnegativeboost|p1b: Sneasler|[silent]\n|move|p2b: Tinkaton|Encore|p1a: Kingambit\n|-start|p1a: Kingambit|Encore\n|\n|upkeep\n|\n|t:|1776551843\n|switch|p2a: Whimsicott|Whimsicott, L50, F, shiny|100/100\n|turn|11\n|\n|t:|1776551858\n|switch|p1a: Aerodactyl|Aerodactyl, L50, M|100/100\n|-ability|p1a: Aerodactyl|Unnerve\n|move|p2a: Whimsicott|Tailwind|p2a: Whimsicott\n|-sidestart|p2: imcaio|move: Tailwind\n|move|p1b: Sneasler|Dire Claw|p2a: Whimsicott\n|-supereffective|p2a: Whimsicott|2\n|-damage|p2a: Whimsicott|0 fnt\n|faint|p2a: Whimsicott\n|move|p2b: Tinkaton|Encore|p1b: Sneasler\n|-start|p1b: Sneasler|Encore\n|\n|upkeep\n|turn|12\n|\n|t:|1776551872\n|switch|p1b: Kingambit|Kingambit, L50, F|62/100\n|move|p2b: Tinkaton|Gigaton Hammer|p1a: Aerodactyl\n|-supereffective|p1a: Aerodactyl|1\n|-enditem|p1a: Aerodactyl|Focus Sash\n|-damage|p1a: Aerodactyl|1/100\n|move|p1a: Aerodactyl|Tailwind|p1a: Aerodactyl\n|-sidestart|p1: PM77Switch|move: Tailwind\n|\n|upkeep\n|turn|13\n|\n|t:|1776551881\n|move|p2b: Tinkaton|Feint|p1a: Aerodactyl\n|-resisted|p1a: Aerodactyl|1\n|-crit|p1a: Aerodactyl\n|-damage|p1a: Aerodactyl|0 fnt\n|faint|p1a: Aerodactyl\n|move|p1b: Kingambit|Iron Head|p2b: Tinkaton\n|-damage|p2b: Tinkaton|13/100\n|\n|upkeep\n|\n|t:|1776551884\n|switch|p1a: Sneasler|Sneasler, L50, M|77/100\n|turn|14\n|\n|t:|1776551889\n|move|p1a: Sneasler|Close Combat|p2b: Tinkaton\n|-damage|p2b: Tinkaton|0 fnt\n|-unboost|p1a: Sneasler|def|1\n|-unboost|p1a: Sneasler|spd|1\n|faint|p2b: Tinkaton\n|\n|win|PM77Switch\n|raw|PM77Switch's rating: 1331 &rarr; <strong>1348</strong><br />(+17 for winning)\n|raw|imcaio's rating: 1281 &rarr; <strong>1260</strong><br />(-21 for losing)\n",
  "uploadtime": 1776551892,
  "views": 17,
  "formatid": "gen9championsvgc2026regma",
  "rating": 1260,
  "private": 0,
  "password": null
}