{
  "id": "gen9championsvgc2026regma-2581168108",
  "format": "[Gen 9 Champions] VGC 2026 Reg M-A",
  "players": [
    "fimmm",
    "dontbeatmeeeeeee"
  ],
  "log": "|j|\u2606fimmm\n|j|\u2606dontbeatmeeeeeee\n|t:|1775966527\n|gametype|doubles\n|player|p1|fimmm|whitney|1119\n|player|p2|dontbeatmeeeeeee|1|1048\n|gen|9\n|tier|[Gen 9 Champions] VGC 2026 Reg M-A\n|rated|\n|rule|Species Clause: Limit one of each Pok\u00e9mon\n|rule|Item Clause: Limit 1 of each item\n|clearpoke\n|poke|p1|Slurpuff, L50, F|\n|poke|p1|Liepard, L50, M|\n|poke|p1|Aerodactyl, L50, F|\n|poke|p1|Scovillain, L50, M|\n|poke|p1|Drampa, L50, F|\n|poke|p1|Crabominable, L50, F|\n|poke|p2|Primarina, L50, M|\n|poke|p2|Excadrill, L50, M|\n|poke|p2|Incineroar, L50, M|\n|poke|p2|Sinistcha, L50|\n|poke|p2|Tyranitar, L50, M|\n|poke|p2|Corviknight, L50, F|\n|teampreview|4\n|inactive|Battle timer is ON: inactive players will automatically lose when time's up. (requested by fimmm)\n|inactive|dontbeatmeeeeeee has 60 seconds left.\n|\n|t:|1775966574\n|teamsize|p1|4\n|teamsize|p2|4\n|start\n|switch|p1a: Liepard|Liepard, L50, M|100/100\n|switch|p1b: Aerodactyl|Aerodactyl, L50, F|100/100\n|switch|p2a: Incineroar|Incineroar, L50, M|100/100\n|switch|p2b: Corviknight|Corviknight, L50, F|100/100\n|-ability|p1b: Aerodactyl|Unnerve\n|-ability|p2a: Incineroar|Intimidate|boost\n|-unboost|p1a: Liepard|atk|1\n|-unboost|p1b: Aerodactyl|atk|1\n|turn|1\n|\n|t:|1775966586\n|move|p1a: Liepard|Fake Out|p2a: Incineroar\n|-damage|p2a: Incineroar|95/100\n|cant|p2a: Incineroar|flinch\n|move|p1b: Aerodactyl|Swagger|p2b: Corviknight\n|-boost|p2b: Corviknight|atk|2\n|-start|p2b: Corviknight|confusion\n|-activate|p2b: Corviknight|confusion\n|move|p2b: Corviknight|Iron Defense|p2b: Corviknight\n|-boost|p2b: Corviknight|def|2\n|\n|upkeep\n|turn|2\n|inactive|dontbeatmeeeeeee has 30 seconds left.\n|\n|t:|1775966616\n|move|p1b: Aerodactyl|Swagger|p2b: Corviknight|[miss]\n|-miss|p1b: Aerodactyl|p2b: Corviknight\n|move|p1a: Liepard|Foul Play|p2b: Corviknight\n|-crit|p2b: Corviknight\n|-damage|p2b: Corviknight|40/100\n|move|p2a: Incineroar|Darkest Lariat|p1b: Aerodactyl\n|-damage|p1b: Aerodactyl|33/100\n|-activate|p2b: Corviknight|confusion\n|-damage|p2b: Corviknight|34/100|[from] confusion\n|\n|-heal|p2b: Corviknight|40/100|[from] item: Leftovers\n|upkeep\n|turn|3\n|\n|t:|1775966634\n|move|p1b: Aerodactyl|Rock Slide|p2b: Corviknight|[spread] p2a,p2b\n|-supereffective|p2a: Incineroar|1\n|-damage|p2a: Incineroar|59/100\n|-damage|p2b: Corviknight|34/100\n|move|p1a: Liepard|Foul Play|p2b: Corviknight\n|-damage|p2b: Corviknight|10/100\n|cant|p2a: Incineroar|flinch\n|-activate|p2b: Corviknight|confusion\n|-damage|p2b: Corviknight|3/100|[from] confusion\n|\n|-heal|p2b: Corviknight|9/100|[from] item: Leftovers\n|upkeep\n|turn|4\n|\n|t:|1775966657\n|switch|p1b: Slurpuff|Slurpuff, L50, F|100/100\n|move|p1a: Liepard|Foul Play|p2b: Corviknight\n|-damage|p2b: Corviknight|0 fnt\n|faint|p2b: Corviknight\n|move|p2a: Incineroar|Parting Shot|p1b: Slurpuff\n|-unboost|p1b: Slurpuff|atk|1\n|-unboost|p1b: Slurpuff|spa|1\n|\n|t:|1775966668\n|switch|p2a: Excadrill|Excadrill, L50, M|100/100|[from] Parting Shot\n|\n|upkeep\n|\n|t:|1775966672\n|switch|p2b: Tyranitar|Tyranitar, L50, M|100/100\n|-weather|Sandstorm|[from] ability: Sand Stream|[of] p2b: Tyranitar\n|turn|5\n|inactive|fimmm has 30 seconds left.\n|\n|t:|1775966699\n|detailschange|p2b: Tyranitar|Tyranitar-Mega, L50, M\n|-mega|p2b: Tyranitar|Tyranitar|Tyranitarite\n|move|p1b: Slurpuff|Protect|p1b: Slurpuff\n|-singleturn|p1b: Slurpuff|Protect\n|move|p1a: Liepard|Swagger|p2a: Excadrill\n|-boost|p2a: Excadrill|atk|2\n|-start|p2a: Excadrill|confusion\n|-activate|p2a: Excadrill|confusion\n|move|p2a: Excadrill|Iron Head|p1b: Slurpuff\n|-activate|p1b: Slurpuff|move: Protect\n|move|p2b: Tyranitar|Rock Slide|p1a: Liepard|[spread] p1a\n|-activate|p1b: Slurpuff|move: Protect\n|-damage|p1a: Liepard|39/100\n|\n|-weather|Sandstorm|[upkeep]\n|-damage|p1a: Liepard|33/100|[from] Sandstorm\n|-damage|p1b: Slurpuff|94/100|[from] Sandstorm\n|upkeep\n|turn|6\n|inactive|fimmm has 30 seconds left.\n|\n|t:|1775966725\n|move|p1a: Liepard|Swagger|p1b: Slurpuff\n|-boost|p1b: Slurpuff|atk|2\n|-start|p1b: Slurpuff|confusion\n|-enditem|p1b: Slurpuff|Persim Berry|[eat]\n|-end|p1b: Slurpuff|confusion\n|-activate|p2a: Excadrill|confusion\n|-damage|p2a: Excadrill|55/100|[from] confusion\n|move|p1b: Slurpuff|Drain Punch|p2a: Excadrill\n|-supereffective|p2a: Excadrill|1\n|-damage|p2a: Excadrill|0 fnt\n|-heal|p1b: Slurpuff|100/100|[from] drain|[of] p2a: Excadrill\n|faint|p2a: Excadrill\n|move|p2b: Tyranitar|Rock Slide|p1b: Slurpuff|[spread] p1a,p1b\n|-damage|p1a: Liepard|0 fnt\n|-damage|p1b: Slurpuff|63/100\n|faint|p1a: Liepard\n|\n|-weather|Sandstorm|[upkeep]\n|-damage|p1b: Slurpuff|56/100|[from] Sandstorm\n|upkeep\n|\n|t:|1775966746\n|switch|p1a: Crabominable|Crabominable, L50, F|100/100\n|switch|p2a: Incineroar|Incineroar, L50, M|59/100\n|-ability|p2a: Incineroar|Intimidate|boost\n|-unboost|p1a: Crabominable|atk|1\n|-unboost|p1b: Slurpuff|atk|1\n|turn|7\n|\n|t:|1775966756\n|switch|p1a: Aerodactyl|Aerodactyl, L50, F|33/100\n|-ability|p1a: Aerodactyl|Unnerve\n|move|p1b: Slurpuff|Protect|p1b: Slurpuff\n|-singleturn|p1b: Slurpuff|Protect\n|move|p2a: Incineroar|Fake Out|p1a: Aerodactyl\n|-resisted|p1a: Aerodactyl|1\n|-damage|p1a: Aerodactyl|22/100\n|move|p2b: Tyranitar|Rock Slide|p1a: Aerodactyl|[spread] p1a\n|-activate|p1b: Slurpuff|move: Protect\n|-supereffective|p1a: Aerodactyl|1\n|-damage|p1a: Aerodactyl|0 fnt\n|faint|p1a: Aerodactyl\n|\n|-weather|Sandstorm|[upkeep]\n|-damage|p1b: Slurpuff|50/100|[from] Sandstorm\n|-damage|p2a: Incineroar|53/100|[from] Sandstorm\n|upkeep\n|\n|t:|1775966760\n|switch|p1a: Crabominable|Crabominable, L50, F|100/100\n|turn|8\n|\n|t:|1775966780\n|detailschange|p1a: Crabominable|Crabominable-Mega, L50, F\n|-mega|p1a: Crabominable|Crabominable|Crabominite\n|-singleturn|p1a: Crabominable|move: Focus Punch\n|move|p2b: Tyranitar|Protect|p2b: Tyranitar\n|-singleturn|p2b: Tyranitar|Protect\n|move|p1b: Slurpuff|After You|p1a: Crabominable\n|-activate|p1a: Crabominable|move: After You\n|move|p1a: Crabominable|Focus Punch|p2a: Incineroar\n|-supereffective|p2a: Incineroar|1\n|-damage|p2a: Incineroar|0 fnt\n|faint|p2a: Incineroar\n|\n|-weather|Sandstorm|[upkeep]\n|-damage|p1b: Slurpuff|44/100|[from] Sandstorm\n|-damage|p1a: Crabominable|95/100|[from] Sandstorm\n|upkeep\n|turn|9\n|\n|t:|1775966794\n|-singleturn|p1a: Crabominable|move: Focus Punch\n|move|p1b: Slurpuff|After You|p1a: Crabominable\n|-activate|p1a: Crabominable|move: After You\n|move|p1a: Crabominable|Focus Punch|p2b: Tyranitar\n|-supereffective|p2b: Tyranitar|2\n|-damage|p2b: Tyranitar|0 fnt\n|faint|p2b: Tyranitar\n|\n|win|fimmm\n|raw|fimmm's rating: 1119 &rarr; <strong>1139</strong><br />(+20 for winning)\n|raw|dontbeatmeeeeeee's rating: 1048 &rarr; <strong>1034</strong><br />(-14 for losing)\n|l|\u2606dontbeatmeeeeeee\n|player|p2|\n",
  "uploadtime": 1775966833,
  "views": 15,
  "formatid": "gen9championsvgc2026regma",
  "rating": 1034,
  "private": 0,
  "password": null
}