{
  "id": "gen9championsvgc2026regma-2588625590",
  "format": "[Gen 9 Champions] VGC 2026 Reg M-A",
  "players": [
    "habixia",
    "sirae"
  ],
  "log": "|j|\u2606habixia\n|j|\u2606sirae\n|t:|1776651354\n|gametype|doubles\n|player|p1|habixia|silver|1125\n|player|p2|sirae|caitlin|1160\n|gen|9\n|tier|[Gen 9 Champions] VGC 2026 Reg M-A\n|rated|\n|rule|Species Clause: Limit one of each Pok\u00e9mon\n|rule|Item Clause: Limit 1 of each item\n|clearpoke\n|poke|p1|Gengar, L50, M|\n|poke|p1|Incineroar, L50, F|\n|poke|p1|Tyranitar, L50, M|\n|poke|p1|Kingambit, L50, M|\n|poke|p1|Kommo-o, L50, F|\n|poke|p1|Sinistcha-Masterpiece, L50|\n|poke|p2|Feraligatr, L50, F|\n|poke|p2|Farigiraf, L50, F|\n|poke|p2|Aegislash, L50, F|\n|poke|p2|Incineroar, L50, F|\n|poke|p2|Toxicroak, L50, F|\n|poke|p2|Sylveon, L50, F|\n|teampreview|4\n|inactive|Battle timer is ON: inactive players will automatically lose when time's up. (requested by sirae)\n|inactive|sirae has 60 seconds left.\n|\n|t:|1776651387\n|teamsize|p1|4\n|teamsize|p2|4\n|start\n|switch|p1a: Gengar|Gengar, L50, M|100/100\n|switch|p1b: Kingambit|Kingambit, L50, M|100/100\n|switch|p2a: Farigiraf|Farigiraf, L50, F|100/100\n|switch|p2b: Incineroar|Incineroar, L50, F|100/100\n|-ability|p2b: Incineroar|Intimidate|boost\n|-unboost|p1a: Gengar|atk|1\n|-unboost|p1b: Kingambit|atk|1\n|-ability|p1b: Kingambit|Defiant|boost\n|-boost|p1b: Kingambit|atk|2\n|turn|1\n|\n|t:|1776651398\n|detailschange|p1a: Gengar|Gengar-Mega, L50, M\n|-mega|p1a: Gengar|Gengar|Gengarite\n|move|p2b: Incineroar|Fake Out|p1b: Kingambit\n|-resisted|p1b: Kingambit|1\n|-damage|p1b: Kingambit|97/100\n|move|p1a: Gengar|Perish Song|p1a: Gengar\n|-start|p1a: Gengar|perish3|[silent]\n|-start|p1b: Kingambit|perish3|[silent]\n|-start|p2a: Farigiraf|perish3|[silent]\n|-start|p2b: Incineroar|perish3|[silent]\n|-fieldactivate|move: Perish Song\n|move|p2a: Farigiraf|Psychic|p1a: Gengar\n|-supereffective|p1a: Gengar|1\n|-damage|p1a: Gengar|9/100\n|cant|p1b: Kingambit|flinch\n|\n|-start|p1a: Gengar|perish3\n|-start|p2b: Incineroar|perish3\n|-start|p2a: Farigiraf|perish3\n|-start|p1b: Kingambit|perish3\n|upkeep\n|turn|2\n|\n|t:|1776651423\n|move|p1a: Gengar|Protect|p1a: Gengar\n|-singleturn|p1a: Gengar|Protect\n|move|p2b: Incineroar|Flare Blitz|p1b: Kingambit\n|-supereffective|p1b: Kingambit|1\n|-damage|p1b: Kingambit|18/100\n|-damage|p2b: Incineroar|70/100|[from] Recoil\n|move|p2a: Farigiraf|Imprison|p2a: Farigiraf\n|-start|p2a: Farigiraf|move: Imprison\n|move|p1b: Kingambit|Iron Head|p2a: Farigiraf\n|-damage|p2a: Farigiraf|35/100\n|\n|-start|p1a: Gengar|perish2\n|-start|p2b: Incineroar|perish2\n|-start|p2a: Farigiraf|perish2\n|-start|p1b: Kingambit|perish2\n|upkeep\n|turn|3\n|inactive|habixia has 30 seconds left.\n|\n|t:|1776651451\n|switch|p1a: Incineroar|Incineroar, L50, F|100/100\n|-ability|p1a: Incineroar|Intimidate|boost\n|-unboost|p2a: Farigiraf|atk|1\n|-unboost|p2b: Incineroar|atk|1\n|move|p2a: Farigiraf|Protect|p2a: Farigiraf\n|-singleturn|p2a: Farigiraf|Protect\n|move|p1b: Kingambit|Sucker Punch||[still]\n|cant|p2a: Farigiraf|ability: Armor Tail|Sucker Punch|[of] p1b: Kingambit\n|move|p2b: Incineroar|Darkest Lariat|p1a: Incineroar\n|-resisted|p1a: Incineroar|1\n|-damage|p1a: Incineroar|90/100\n|\n|-start|p2b: Incineroar|perish1\n|-start|p2a: Farigiraf|perish1\n|-start|p1b: Kingambit|perish1\n|upkeep\n|turn|4\n|\n|t:|1776651467\n|switch|p2b: Sylveon|Sylveon, L50, F|100/100\n|switch|p2a: Feraligatr|Feraligatr, L50, F|100/100\n|move|p1a: Incineroar|Parting Shot|p2b: Sylveon\n|-unboost|p2b: Sylveon|atk|1\n|-unboost|p2b: Sylveon|spa|1\n|\n|t:|1776651477\n|switch|p1a: Gengar|Gengar-Mega, L50, M|9/100|[from] Parting Shot\n|move|p1b: Kingambit|Iron Head|p2b: Sylveon\n|-supereffective|p2b: Sylveon|1\n|-damage|p2b: Sylveon|0 fnt\n|faint|p2b: Sylveon\n|\n|-start|p1b: Kingambit|perish0\n|upkeep\n|faint|p1b: Kingambit\n|\n|t:|1776651496\n|switch|p2b: Incineroar|Incineroar, L50, F|70/100\n|switch|p1b: Incineroar|Incineroar, L50, F|90/100\n|-ability|p2b: Incineroar|Intimidate|boost\n|-unboost|p1a: Gengar|atk|1\n|-unboost|p1b: Incineroar|atk|1\n|-ability|p1b: Incineroar|Intimidate|boost\n|-unboost|p2a: Feraligatr|atk|1\n|-unboost|p2b: Incineroar|atk|1\n|turn|5\n|\n|t:|1776651508\n|switch|p1a: Sinistcha|Sinistcha-Masterpiece, L50|100/100\n|-heal|p1b: Incineroar|100/100|[from] ability: Hospitality|[of] p1a: Sinistcha\n|detailschange|p2a: Feraligatr|Feraligatr-Mega, L50, F\n|-mega|p2a: Feraligatr|Feraligatr|Feraligite\n|move|p2b: Incineroar|Darkest Lariat|p1a: Sinistcha\n|-supereffective|p1a: Sinistcha|1\n|-damage|p1a: Sinistcha|65/100\n|move|p2a: Feraligatr|Liquidation|p1a: Sinistcha\n|-resisted|p1a: Sinistcha|1\n|-damage|p1a: Sinistcha|52/100\n|move|p1b: Incineroar|Parting Shot|p2a: Feraligatr\n|-unboost|p2a: Feraligatr|atk|1\n|-unboost|p2a: Feraligatr|spa|1\n|\n|t:|1776651522\n|switch|p1b: Gengar|Gengar-Mega, L50, M|9/100|[from] Parting Shot\n|\n|upkeep\n|turn|6\n|\n|t:|1776651542\n|switch|p1b: Incineroar|Incineroar, L50, F|100/100\n|-ability|p1b: Incineroar|Intimidate|boost\n|-unboost|p2a: Feraligatr|atk|1\n|-unboost|p2b: Incineroar|atk|1\n|move|p2b: Incineroar|Flare Blitz|p1a: Sinistcha\n|-supereffective|p1a: Sinistcha|1\n|-damage|p1a: Sinistcha|17/100\n|-enditem|p1a: Sinistcha|Sitrus Berry|[eat]\n|-heal|p1a: Sinistcha|42/100|[from] item: Sitrus Berry\n|-damage|p2b: Incineroar|58/100|[from] Recoil\n|move|p2a: Feraligatr|Body Slam|p1b: Incineroar\n|-damage|p1b: Incineroar|78/100\n|move|p1a: Sinistcha|Life Dew|p1a: Sinistcha|[spread] p1a,p1b\n|-heal|p1a: Sinistcha|67/100\n|-heal|p1b: Incineroar|100/100\n|\n|upkeep\n|turn|7\n|\n|t:|1776651563\n|switch|p2a: Farigiraf|Farigiraf, L50, F|35/100\n|move|p2b: Incineroar|Parting Shot|p1b: Incineroar\n|-unboost|p1b: Incineroar|atk|1\n|-unboost|p1b: Incineroar|spa|1\n|\n|t:|1776651569\n|switch|p2b: Feraligatr|Feraligatr-Mega, L50, F|100/100|[from] Parting Shot\n|move|p1a: Sinistcha|Matcha Gotcha|p2a: Farigiraf|[spread] p2a\n|-miss|p1a: Sinistcha|p2b: Feraligatr\n|-damage|p2a: Farigiraf|11/100\n|-heal|p1a: Sinistcha|81/100|[from] drain|[of] p2a: Farigiraf\n|move|p1b: Incineroar|Darkest Lariat|p2a: Farigiraf\n|-supereffective|p2a: Farigiraf|1\n|-enditem|p2a: Farigiraf|Colbur Berry|[eat]\n|-enditem|p2a: Farigiraf|Colbur Berry|[weaken]\n|-damage|p2a: Farigiraf|0 fnt\n|faint|p2a: Farigiraf\n|\n|upkeep\n|\n|t:|1776651580\n|switch|p2a: Incineroar|Incineroar, L50, F|58/100\n|-ability|p2a: Incineroar|Intimidate|boost\n|-unboost|p1a: Sinistcha|atk|1\n|-unboost|p1b: Incineroar|atk|1\n|turn|8\n|\n|t:|1776651597\n|move|p2a: Incineroar|Flare Blitz|p1a: Sinistcha\n|-supereffective|p1a: Sinistcha|1\n|-damage|p1a: Sinistcha|0 fnt\n|faint|p1a: Sinistcha\n|-damage|p2a: Incineroar|31/100|[from] Recoil\n|-enditem|p2a: Incineroar|Sitrus Berry|[eat]\n|-heal|p2a: Incineroar|56/100|[from] item: Sitrus Berry\n|move|p2b: Feraligatr|Liquidation|p1b: Incineroar\n|-supereffective|p1b: Incineroar|1\n|-damage|p1b: Incineroar|14/100\n|move|p1b: Incineroar|Parting Shot|p2a: Incineroar\n|-unboost|p2a: Incineroar|atk|1\n|-unboost|p2a: Incineroar|spa|1\n|\n|t:|1776651599\n|switch|p1b: Gengar|Gengar-Mega, L50, M|9/100|[from] Parting Shot\n|\n|upkeep\n|\n|t:|1776651601\n|switch|p1a: Incineroar|Incineroar, L50, F|14/100\n|-ability|p1a: Incineroar|Intimidate|boost\n|-unboost|p2a: Incineroar|atk|1\n|-unboost|p2b: Feraligatr|atk|1\n|turn|9\n|\n|t:|1776651621\n|move|p1a: Incineroar|Fake Out|p2a: Incineroar\n|-damage|p2a: Incineroar|46/100\n|move|p2b: Feraligatr|Aqua Jet|p1b: Gengar\n|-damage|p1b: Gengar|0 fnt\n|faint|p1b: Gengar\n|cant|p2a: Incineroar|flinch\n|\n|upkeep\n|turn|10\n|-message|habixia forfeited.\n|\n|win|sirae\n|raw|habixia's rating: 1150 &rarr; <strong>1126</strong><br />(-24 for losing)\n|raw|sirae's rating: 1160 &rarr; <strong>1184</strong><br />(+24 for winning)\n|l|\u2606habixia\n|player|p1|\n",
  "uploadtime": 1776651630,
  "views": 9,
  "formatid": "gen9championsvgc2026regma",
  "rating": 1126,
  "private": 0,
  "password": null
}