{
  "id": "gen9championsvgc2026regma-2584899079",
  "format": "[Gen 9 Champions] VGC 2026 Reg M-A",
  "players": [
    "lfdgm",
    "k1ngm3"
  ],
  "log": "|j|\u2606lfdgm\n|j|\u2606k1ngm3\n|t:|1776292688\n|gametype|doubles\n|player|p1|lfdgm|skyla|1046\n|player|p2|k1ngm3|dragontamer|1007\n|gen|9\n|tier|[Gen 9 Champions] VGC 2026 Reg M-A\n|rated|\n|rule|Species Clause: Limit one of each Pok\u00e9mon\n|rule|Item Clause: Limit 1 of each item\n|clearpoke\n|poke|p1|Drampa, L50, F|\n|poke|p1|Audino, L50, M|\n|poke|p1|Sinistcha, L50|\n|poke|p1|Pelipper, L50, F|\n|poke|p1|Aegislash, L50, M|\n|poke|p1|Basculegion, L50, M|\n|poke|p2|Espathra, L50, F|\n|poke|p2|Sneasler, L50, F|\n|poke|p2|Meganium, L50, M|\n|poke|p2|Typhlosion-Hisui, L50, F|\n|poke|p2|Aerodactyl, L50, F|\n|poke|p2|Palafin, L50, M|\n|teampreview|4\n|\n|t:|1776292728\n|teamsize|p1|4\n|teamsize|p2|4\n|start\n|switch|p1a: Sinistcha|Sinistcha, L50|100/100\n|switch|p1b: Aegislash|Aegislash, L50, M|100/100\n|switch|p2a: Meganium|Meganium, L50, M|100/100\n|switch|p2b: Aerodactyl|Aerodactyl, L50, F|100/100\n|-ability|p2b: Aerodactyl|Unnerve\n|turn|1\n|\n|t:|1776292748\n|move|p1a: Sinistcha|Protect|p1a: Sinistcha\n|-singleturn|p1a: Sinistcha|Protect\n|move|p2b: Aerodactyl|Dual Wingbeat|p1a: Sinistcha\n|-activate|p1a: Sinistcha|move: Protect\n|move|p2a: Meganium|Sunny Day|p2a: Meganium\n|-weather|SunnyDay\n|-formechange|p1b: Aegislash|Aegislash-Blade|\n|move|p1b: Aegislash|Iron Head|p2a: Meganium\n|-crit|p2a: Meganium\n|-damage|p2a: Meganium|8/100\n|\n|-weather|SunnyDay|[upkeep]\n|upkeep\n|turn|2\n|\n|t:|1776292791\n|detailschange|p2b: Aerodactyl|Aerodactyl-Mega, L50, F\n|-mega|p2b: Aerodactyl|Aerodactyl|Aerodactylite\n|move|p1b: Aegislash|Shadow Sneak|p2a: Meganium\n|-damage|p2a: Meganium|0 fnt\n|faint|p2a: Meganium\n|move|p2b: Aerodactyl|Dual Wingbeat|p1a: Sinistcha\n|-supereffective|p1a: Sinistcha|1\n|-crit|p1a: Sinistcha\n|-damage|p1a: Sinistcha|39/100\n|-enditem|p1a: Sinistcha|Sitrus Berry|[eat]\n|-heal|p1a: Sinistcha|63/100|[from] item: Sitrus Berry\n|-supereffective|p1a: Sinistcha|1\n|-damage|p1a: Sinistcha|22/100\n|-hitcount|p1a: Sinistcha|2\n|move|p1a: Sinistcha|Trick Room|p1a: Sinistcha\n|-fieldstart|move: Trick Room|[of] p1a: Sinistcha\n|\n|-weather|SunnyDay|[upkeep]\n|upkeep\n|\n|t:|1776292805\n|switch|p2a: Espathra|Espathra, L50, F|100/100\n|turn|3\n|\n|t:|1776292826\n|move|p2b: Aerodactyl|Protect|p2b: Aerodactyl\n|-singleturn|p2b: Aerodactyl|Protect\n|move|p1b: Aegislash|Iron Head|p2b: Aerodactyl\n|-activate|p2b: Aerodactyl|move: Protect\n|move|p1a: Sinistcha|Matcha Gotcha|p2a: Espathra|[spread] p2a\n|-activate|p2b: Aerodactyl|move: Protect\n|-damage|p2a: Espathra|63/100\n|-heal|p1a: Sinistcha|40/100|[from] drain|[of] p2a: Espathra\n|move|p2a: Espathra|Trick Room|p2a: Espathra\n|-fieldend|move: Trick Room\n|\n|-weather|SunnyDay|[upkeep]\n|-ability|p2a: Espathra|Speed Boost|boost\n|-boost|p2a: Espathra|spe|1\n|upkeep\n|turn|4\n|\n|t:|1776292860\n|-formechange|p1b: Aegislash|Aegislash|\n|move|p1b: Aegislash|King's Shield|p1b: Aegislash\n|-singleturn|p1b: Aegislash|Protect\n|move|p2b: Aerodactyl|Dual Wingbeat|p1a: Sinistcha\n|-supereffective|p1a: Sinistcha|1\n|-damage|p1a: Sinistcha|0 fnt\n|faint|p1a: Sinistcha\n|-hitcount|p1: Sinistcha|1\n|move|p2a: Espathra|Lumina Crash|p1b: Aegislash\n|-activate|p1b: Aegislash|move: Protect\n|\n|-weather|SunnyDay|[upkeep]\n|-ability|p2a: Espathra|Speed Boost|boost\n|-boost|p2a: Espathra|spe|1\n|upkeep\n|\n|t:|1776292870\n|switch|p1a: Basculegion|Basculegion, L50, M|100/100\n|turn|5\n|\n|t:|1776292892\n|switch|p2b: Palafin|Palafin, L50, M|100/100\n|move|p2a: Espathra|Protect|p2a: Espathra\n|-singleturn|p2a: Espathra|Protect\n|move|p1a: Basculegion|Aqua Jet|p2a: Espathra\n|-activate|p2a: Espathra|move: Protect\n|-formechange|p1b: Aegislash|Aegislash-Blade|\n|move|p1b: Aegislash|Shadow Sneak|p2a: Espathra\n|-activate|p2a: Espathra|move: Protect\n|\n|-weather|none\n|-ability|p2a: Espathra|Speed Boost|boost\n|-boost|p2a: Espathra|spe|1\n|upkeep\n|turn|6\n|\n|t:|1776292924\n|detailschange|p2b: Palafin|Palafin-Hero, L50, M\n|switch|p2b: Aerodactyl|Aerodactyl-Mega, L50, F|100/100\n|move|p2a: Espathra|Protect|p2a: Espathra\n|-singleturn|p2a: Espathra|Protect\n|-formechange|p1b: Aegislash|Aegislash|\n|move|p1b: Aegislash|King's Shield|p1b: Aegislash\n|-singleturn|p1b: Aegislash|Protect\n|move|p1a: Basculegion|Last Respects|p2a: Espathra\n|-activate|p2a: Espathra|move: Protect\n|\n|-ability|p2a: Espathra|Speed Boost|boost\n|-boost|p2a: Espathra|spe|1\n|upkeep\n|turn|7\n|\n|t:|1776292951\n|move|p1a: Basculegion|Aqua Jet|p2a: Espathra\n|-crit|p2a: Espathra\n|-damage|p2a: Espathra|0 fnt\n|faint|p2a: Espathra\n|-formechange|p1b: Aegislash|Aegislash-Blade|\n|move|p1b: Aegislash|Shadow Sneak|p2b: Aerodactyl\n|-damage|p2b: Aerodactyl|71/100\n|move|p2b: Aerodactyl|Dual Wingbeat|p1a: Basculegion\n|-damage|p1a: Basculegion|72/100\n|-damage|p1a: Basculegion|40/100\n|-hitcount|p1a: Basculegion|2\n|\n|upkeep\n|\n|t:|1776292962\n|switch|p2a: Palafin|Palafin-Hero, L50, M|100/100\n|-activate|p2a: Palafin|ability: Zero to Hero\n|turn|8\n|\n|t:|1776292981\n|move|p2b: Aerodactyl|Protect|p2b: Aerodactyl\n|-singleturn|p2b: Aerodactyl|Protect\n|move|p2a: Palafin|Aqua Jet|p1a: Basculegion\n|-resisted|p1a: Basculegion|1\n|-damage|p1a: Basculegion|25/100\n|move|p1a: Basculegion|Last Respects|p2a: Palafin\n|-crit|p2a: Palafin\n|-damage|p2a: Palafin|19/100\n|move|p1b: Aegislash|Iron Head|p2b: Aerodactyl\n|-activate|p2b: Aerodactyl|move: Protect\n|\n|upkeep\n|turn|9\n|\n|t:|1776293008\n|move|p1b: Aegislash|Shadow Sneak|p2a: Palafin\n|-damage|p2a: Palafin|0 fnt\n|faint|p2a: Palafin\n|move|p2b: Aerodactyl|Tailwind|p2b: Aerodactyl\n|-sidestart|p2: k1ngm3|move: Tailwind\n|move|p1a: Basculegion|Wave Crash|p2b: Aerodactyl\n|-supereffective|p2b: Aerodactyl|1\n|-damage|p2b: Aerodactyl|0 fnt\n|faint|p2b: Aerodactyl\n|-damage|p1a: Basculegion|8/100|[from] Recoil\n|\n|win|lfdgm\n|raw|lfdgm's rating: 1046 &rarr; <strong>1075</strong><br />(+29 for winning)\n|raw|k1ngm3's rating: 1007 &rarr; <strong>1000</strong><br />(-7 for losing)\n",
  "uploadtime": 1776293015,
  "views": 19,
  "formatid": "gen9championsvgc2026regma",
  "rating": 1000,
  "private": 0,
  "password": null
}