{
  "id": "gen9championsvgc2026regma-2588132639",
  "format": "[Gen 9 Champions] VGC 2026 Reg M-A",
  "players": [
    "Tawn",
    "SoftwareSuckers"
  ],
  "log": "|j|\u2606Tawn\n|j|\u2606SoftwareSuckers\n|t:|1776607688\n|gametype|doubles\n|player|p1|Tawn|red|1097\n|player|p2|SoftwareSuckers|fisherman|1097\n|gen|9\n|tier|[Gen 9 Champions] VGC 2026 Reg M-A\n|rated|\n|rule|Species Clause: Limit one of each Pok\u00e9mon\n|rule|Item Clause: Limit 1 of each item\n|clearpoke\n|poke|p1|Kangaskhan, L50, F|\n|poke|p1|Meganium, L50, F|\n|poke|p1|Tauros-Paldea-Aqua, L50, M|\n|poke|p1|Aerodactyl, L50, M|\n|poke|p1|Archaludon, L50, F|\n|poke|p1|Typhlosion-Hisui, L50, F|\n|poke|p2|Feraligatr, L50, M, shiny|\n|poke|p2|Gengar, L50, F, shiny|\n|poke|p2|Sinistcha, L50|\n|poke|p2|Incineroar, L50, M|\n|poke|p2|Archaludon, L50, M|\n|poke|p2|Pelipper, L50, M, shiny|\n|teampreview|4\n|\n|t:|1776607719\n|teamsize|p1|4\n|teamsize|p2|4\n|start\n|switch|p1a: Aerodactyl|Aerodactyl, L50, M|100/100\n|switch|p1b: Kangaskhan|Kangaskhan, L50, F|100/100\n|switch|p2a: Kirito|Gengar, L50, F, shiny|100/100\n|switch|p2b: Todoroki|Incineroar, L50, M|100/100\n|-ability|p1a: Aerodactyl|Unnerve\n|-ability|p2b: Todoroki|Intimidate|boost\n|-unboost|p1a: Aerodactyl|atk|1\n|-fail|p1b: Kangaskhan|unboost|Attack|[from] ability: Scrappy|[of] p1b: Kangaskhan\n|turn|1\n|\n|t:|1776607752\n|detailschange|p2a: Kirito|Gengar-Mega, L50, F, shiny\n|-mega|p2a: Kirito|Gengar|Gengarite\n|detailschange|p1b: Kangaskhan|Kangaskhan-Mega, L50, F\n|-mega|p1b: Kangaskhan|Kangaskhan|Kangaskhanite\n|move|p1b: Kangaskhan|Fake Out|p2b: Todoroki\n|-damage|p2b: Todoroki|79/100\n|-damage|p2b: Todoroki|74/100\n|-hitcount|p2b: Todoroki|2\n|cant|p2b: Todoroki|flinch\n|move|p1a: Aerodactyl|Rock Slide|p2b: Todoroki|[spread] p2a,p2b\n|-supereffective|p2b: Todoroki|1\n|-damage|p2a: Kirito|75/100\n|-damage|p2b: Todoroki|41/100\n|cant|p2a: Kirito|flinch\n|\n|upkeep\n|turn|2\n|\n|t:|1776607776\n|switch|p2b: ALL MIGHT|Archaludon, L50, M|100/100\n|move|p2a: Kirito|Icy Wind|p1a: Aerodactyl|[spread] p1a,p1b\n|-supereffective|p1a: Aerodactyl|1\n|-damage|p1a: Aerodactyl|48/100\n|-damage|p1b: Kangaskhan|83/100\n|-unboost|p1a: Aerodactyl|spe|1\n|-unboost|p1b: Kangaskhan|spe|1\n|move|p1a: Aerodactyl|Tailwind|p1a: Aerodactyl\n|-sidestart|p1: Tawn|move: Tailwind\n|move|p1b: Kangaskhan|Low Kick|p2b: ALL MIGHT\n|-supereffective|p2b: ALL MIGHT|1\n|-damage|p2b: ALL MIGHT|52/100\n|-ability|p2b: ALL MIGHT|Stamina|boost\n|-boost|p2b: ALL MIGHT|def|1\n|-supereffective|p2b: ALL MIGHT|1\n|-crit|p2b: ALL MIGHT\n|-damage|p2b: ALL MIGHT|35/100\n|-ability|p2b: ALL MIGHT|Stamina|boost\n|-boost|p2b: ALL MIGHT|def|1\n|-hitcount|p2b: ALL MIGHT|2\n|\n|-heal|p2b: ALL MIGHT|41/100|[from] item: Leftovers\n|upkeep\n|turn|3\n|\n|t:|1776607825\n|move|p1a: Aerodactyl|Dual Wingbeat|p2a: Kirito\n|-damage|p2a: Kirito|57/100\n|-damage|p2a: Kirito|38/100\n|-hitcount|p2a: Kirito|2\n|move|p1b: Kangaskhan|Low Kick|p2b: ALL MIGHT\n|-supereffective|p2b: ALL MIGHT|1\n|-damage|p2b: ALL MIGHT|18/100\n|-ability|p2b: ALL MIGHT|Stamina|boost\n|-boost|p2b: ALL MIGHT|def|1\n|-supereffective|p2b: ALL MIGHT|1\n|-damage|p2b: ALL MIGHT|14/100\n|-ability|p2b: ALL MIGHT|Stamina|boost\n|-boost|p2b: ALL MIGHT|def|1\n|-hitcount|p2b: ALL MIGHT|2\n|move|p2a: Kirito|Icy Wind|p1b: Kangaskhan|[spread] p1a,p1b\n|-supereffective|p1a: Aerodactyl|1\n|-damage|p1a: Aerodactyl|0 fnt\n|-damage|p1b: Kangaskhan|64/100\n|-unboost|p1b: Kangaskhan|spe|1\n|faint|p1a: Aerodactyl\n|move|p2b: ALL MIGHT|Electro Shot||[still]\n|-prepare|p2b: ALL MIGHT|Electro Shot\n|-boost|p2b: ALL MIGHT|spa|1\n|\n|-heal|p2b: ALL MIGHT|20/100|[from] item: Leftovers\n|upkeep\n|\n|t:|1776607835\n|switch|p1a: Typhlosion|Typhlosion-Hisui, L50, F|100/100\n|-item|p2a: Kirito|Gengarite|[from] ability: Frisk|[of] p1a: Typhlosion\n|-item|p2b: ALL MIGHT|Leftovers|[from] ability: Frisk|[of] p1a: Typhlosion\n|turn|4\n|\n|t:|1776607858\n|move|p2a: Kirito|Protect|p2a: Kirito\n|-singleturn|p2a: Kirito|Protect\n|move|p1b: Kangaskhan|Sucker Punch|p2b: ALL MIGHT\n|-damage|p2b: ALL MIGHT|13/100\n|-ability|p2b: ALL MIGHT|Stamina|boost\n|-boost|p2b: ALL MIGHT|def|1\n|-damage|p2b: ALL MIGHT|11/100\n|-ability|p2b: ALL MIGHT|Stamina|boost\n|-boost|p2b: ALL MIGHT|def|1\n|-hitcount|p2b: ALL MIGHT|2\n|move|p1a: Typhlosion|Eruption|p2b: ALL MIGHT|[spread] p2b\n|-activate|p2a: Kirito|move: Protect\n|-damage|p2b: ALL MIGHT|0 fnt\n|faint|p2b: ALL MIGHT\n|\n|upkeep\n|\n|t:|1776607874\n|switch|p2b: Asuna|Sinistcha, L50|100/100\n|-heal|p2a: Kirito|63/100|[from] ability: Hospitality|[of] p2b: Asuna\n|turn|5\n|\n|t:|1776607904\n|switch|p2a: Todoroki|Incineroar, L50, M|41/100\n|-enditem|p2a: Todoroki|Sitrus Berry|[eat]\n|-heal|p2a: Todoroki|65/100|[from] item: Sitrus Berry\n|-ability|p2a: Todoroki|Intimidate|boost\n|-unboost|p1a: Typhlosion|atk|1\n|-unboost|p1b: Kangaskhan|atk|1\n|move|p2b: Asuna|Protect|p2b: Asuna\n|-singleturn|p2b: Asuna|Protect\n|move|p1b: Kangaskhan|Sucker Punch||[still]\n|-fail|p1b: Kangaskhan\n|move|p1a: Typhlosion|Eruption|p2a: Todoroki|[spread] p2a\n|-activate|p2b: Asuna|move: Protect\n|-resisted|p2a: Todoroki|1\n|-damage|p2a: Todoroki|38/100\n|\n|-sideend|p1: Tawn|move: Tailwind\n|upkeep\n|turn|6\n|\n|t:|1776607940\n|switch|p1b: Archaludon|Archaludon, L50, F|100/100\n|move|p2b: Asuna|Rage Powder|p2b: Asuna\n|-singleturn|p2b: Asuna|move: Rage Powder\n|move|p1a: Typhlosion|Eruption|p2a: Todoroki|[spread] p2a,p2b\n|-resisted|p2a: Todoroki|1\n|-supereffective|p2b: Asuna|1\n|-damage|p2a: Todoroki|10/100\n|-damage|p2b: Asuna|0 fnt\n|faint|p2b: Asuna\n|move|p2a: Todoroki|Throat Chop|p1a: Typhlosion\n|-supereffective|p1a: Typhlosion|1\n|-damage|p1a: Typhlosion|0 fnt\n|faint|p1a: Typhlosion\n|\n|upkeep\n|\n|t:|1776607973\n|switch|p1a: Kangaskhan|Kangaskhan-Mega, L50, F|64/100\n|switch|p2b: Kirito|Gengar-Mega, L50, F, shiny|63/100\n|turn|7\n|\n|t:|1776607986\n|move|p2b: Kirito|Protect|p2b: Kirito\n|-singleturn|p2b: Kirito|Protect\n|move|p1a: Kangaskhan|Fake Out|p2a: Todoroki\n|-damage|p2a: Todoroki|0 fnt\n|faint|p2a: Todoroki\n|-hitcount|p2: Todoroki|1\n|move|p1b: Archaludon|Draco Meteor|p2b: Kirito\n|-activate|p2b: Kirito|move: Protect\n|\n|upkeep\n|turn|8\n|\n|t:|1776608015\n|move|p1a: Kangaskhan|Sucker Punch|p2b: Kirito\n|-supereffective|p2b: Kirito|1\n|-damage|p2b: Kirito|0 fnt\n|faint|p2b: Kirito\n|-hitcount|p2: Kirito|1\n|\n|win|Tawn\n|raw|Tawn's rating: 1097 &rarr; <strong>1122</strong><br />(+25 for winning)\n|raw|SoftwareSuckers's rating: 1097 &rarr; <strong>1072</strong><br />(-25 for losing)\n",
  "uploadtime": 1776608029,
  "views": 17,
  "formatid": "gen9championsvgc2026regma",
  "rating": 1072,
  "private": 0,
  "password": null
}