{
  "id": "gen9championsvgc2026regma-2585576623",
  "format": "[Gen 9 Champions] VGC 2026 Reg M-A",
  "players": [
    "BK Sergio",
    "Jelkpuff"
  ],
  "log": "|j|\u2606BK Sergio\n|j|\u2606Jelkpuff\n|t:|1776356593\n|gametype|doubles\n|player|p1|BK Sergio|birdkeeper-gen4dp|1332\n|player|p2|Jelkpuff|n|1337\n|gen|9\n|tier|[Gen 9 Champions] VGC 2026 Reg M-A\n|rated|\n|rule|Species Clause: Limit one of each Pok\u00e9mon\n|rule|Item Clause: Limit 1 of each item\n|clearpoke\n|poke|p1|Pelipper, L50, M|\n|poke|p1|Scizor, L50, M|\n|poke|p1|Whimsicott, L50, M|\n|poke|p1|Feraligatr, L50, M|\n|poke|p1|Incineroar, L50, M|\n|poke|p1|Alakazam, L50, F|\n|poke|p2|Pelipper, L50, M|\n|poke|p2|Basculegion, L50, M|\n|poke|p2|Archaludon, L50, F|\n|poke|p2|Sneasler, L50, F|\n|poke|p2|Sableye, L50, F|\n|poke|p2|Scizor, L50, F|\n|teampreview|4\n|\n|t:|1776356628\n|teamsize|p1|4\n|teamsize|p2|4\n|start\n|switch|p1a: E|Alakazam, L50, F|100/100\n|switch|p1b: Incineroar|Incineroar, L50, M|100/100\n|switch|p2a: Sableye|Sableye, L50, F|100/100\n|switch|p2b: Archaludon|Archaludon, L50, F|100/100\n|-ability|p1b: Incineroar|Intimidate|boost\n|-unboost|p2a: Sableye|atk|1\n|-unboost|p2b: Archaludon|atk|1\n|turn|1\n|\n|t:|1776356649\n|move|p2a: Sableye|Rain Dance|p2a: Sableye\n|-weather|RainDance\n|move|p1a: E|Dazzling Gleam|p2a: Sableye|[spread] p2a,p2b\n|-supereffective|p2a: Sableye|1\n|-damage|p2a: Sableye|44/100\n|-damage|p2b: Archaludon|75/100\n|-ability|p2b: Archaludon|Stamina|boost\n|-boost|p2b: Archaludon|def|1\n|-enditem|p2a: Sableye|Sitrus Berry|[eat]\n|-heal|p2a: Sableye|69/100|[from] item: Sitrus Berry\n|move|p1b: Incineroar|Close Combat|p2b: Archaludon\n|-supereffective|p2b: Archaludon|1\n|-damage|p2b: Archaludon|29/100\n|-unboost|p1b: Incineroar|def|1\n|-unboost|p1b: Incineroar|spd|1\n|-ability|p2b: Archaludon|Stamina|boost\n|-boost|p2b: Archaludon|def|1\n|move|p2b: Archaludon|Electro Shot||[still]\n|-prepare|p2b: Archaludon|Electro Shot\n|-boost|p2b: Archaludon|spa|1\n|-anim|p2b: Archaludon|Electro Shot|p1a: E\n|-enditem|p1a: E|Focus Sash\n|-damage|p1a: E|1/100\n|\n|-weather|RainDance|[upkeep]\n|-heal|p2b: Archaludon|35/100|[from] item: Leftovers\n|upkeep\n|turn|2\n|inactive|Battle timer is ON: inactive players will automatically lose when time's up. (requested by Jelkpuff)\n|\n|t:|1776356682\n|move|p2b: Archaludon|Protect|p2b: Archaludon\n|-singleturn|p2b: Archaludon|Protect\n|move|p2a: Sableye|Will-O-Wisp|p1a: E\n|-status|p1a: E|brn\n|move|p1a: E|Dazzling Gleam|p2a: Sableye|[spread] p2a\n|-activate|p2b: Archaludon|move: Protect\n|-supereffective|p2a: Sableye|1\n|-damage|p2a: Sableye|13/100\n|move|p1b: Incineroar|Close Combat|p2b: Archaludon\n|-activate|p2b: Archaludon|move: Protect\n|\n|-weather|RainDance|[upkeep]\n|-heal|p2b: Archaludon|41/100|[from] item: Leftovers\n|-damage|p1a: E|0 fnt|[from] brn\n|faint|p1a: E\n|upkeep\n|\n|t:|1776356696\n|switch|p1a: Whimsicott|Whimsicott, L50, M|100/100\n|turn|3\n|\n|t:|1776356708\n|move|p1a: Whimsicott|Encore|p2b: Archaludon\n|-start|p2b: Archaludon|Encore\n|move|p2b: Archaludon|Protect||[still]\n|-fail|p2b: Archaludon\n|move|p2a: Sableye|Disable|p1b: Incineroar\n|-hint|Since gen 7, Dark is immune to Prankster moves.\n|-immune|p1b: Incineroar\n|move|p1b: Incineroar|Darkest Lariat|p2a: Sableye\n|-damage|p2a: Sableye|0 fnt\n|faint|p2a: Sableye\n|\n|-weather|RainDance|[upkeep]\n|-heal|p2b: Archaludon|47/100|[from] item: Leftovers\n|upkeep\n|\n|t:|1776356720\n|switch|p2a: Basculegion|Basculegion, L50, M|100/100\n|turn|4\n|\n|t:|1776356730\n|move|p2b: Archaludon|Protect|p2b: Archaludon\n|-singleturn|p2b: Archaludon|Protect\n|move|p1a: Whimsicott|Tailwind|p1a: Whimsicott\n|-sidestart|p1: BK Sergio|move: Tailwind\n|move|p1b: Incineroar|Darkest Lariat|p2a: Basculegion\n|-supereffective|p2a: Basculegion|1\n|-damage|p2a: Basculegion|0 fnt\n|faint|p2a: Basculegion\n|\n|-weather|RainDance|[upkeep]\n|-heal|p2b: Archaludon|53/100|[from] item: Leftovers\n|upkeep\n|\n|t:|1776356738\n|switch|p2a: Scizor|Scizor, L50, F, shiny|100/100\n|turn|5\n|\n|t:|1776356748\n|detailschange|p2a: Scizor|Scizor-Mega, L50, F, shiny\n|-mega|p2a: Scizor|Scizor|Scizorite\n|move|p1a: Whimsicott|Helping Hand|p1b: Incineroar\n|-singleturn|p1b: Incineroar|Helping Hand|[of] p1a: Whimsicott\n|move|p2b: Archaludon|Protect|p2b: Archaludon\n|-singleturn|p2b: Archaludon|Protect\n|move|p1b: Incineroar|Flare Blitz|p2a: Scizor\n|-supereffective|p2a: Scizor|2\n|-damage|p2a: Scizor|0 fnt\n|faint|p2a: Scizor\n|-damage|p1b: Incineroar|69/100|[from] Recoil\n|\n|-weather|none\n|-heal|p2b: Archaludon|59/100|[from] item: Leftovers\n|-end|p2b: Archaludon|Encore\n|upkeep\n|turn|6\n|c|\u2606Jelkpuff|Gg\n|c|\u2606BK Sergio|gg\n|-message|Jelkpuff forfeited.\n|\n|win|BK Sergio\n|raw|BK Sergio's rating: 1332 &rarr; <strong>1352</strong><br />(+20 for winning)\n|raw|Jelkpuff's rating: 1337 &rarr; <strong>1317</strong><br />(-20 for losing)\n|l|\u2606Jelkpuff\n|player|p2|\n",
  "uploadtime": 1776356765,
  "views": 56,
  "formatid": "gen9championsvgc2026regma",
  "rating": 1317,
  "private": 0,
  "password": null
}