{
  "id": "gen9championsvgc2026regma-2584184066",
  "format": "[Gen 9 Champions] VGC 2026 Reg M-A",
  "players": [
    "massan2580",
    "Valloo MLA"
  ],
  "log": "|j|\u2606massan2580\n|j|\u2606Valloo MLA\n|t:|1776235463\n|gametype|doubles\n|player|p1|massan2580|169|1546\n|player|p2|Valloo MLA|265|1535\n|gen|9\n|tier|[Gen 9 Champions] VGC 2026 Reg M-A\n|rated|\n|rule|Species Clause: Limit one of each Pok\u00e9mon\n|rule|Item Clause: Limit 1 of each item\n|clearpoke\n|poke|p1|Floette-Eternal, L50, F|\n|poke|p1|Sneasler, L50, M|\n|poke|p1|Basculegion, L50, M|\n|poke|p1|Sylveon, L50, M|\n|poke|p1|Hydreigon, L50, F|\n|poke|p1|Talonflame, L50, M|\n|poke|p2|Charizard, L50, M|\n|poke|p2|Whimsicott, L50, F|\n|poke|p2|Sneasler, L50, M|\n|poke|p2|Garchomp, L50, F|\n|poke|p2|Farigiraf, L50, F|\n|poke|p2|Archaludon, L50, M|\n|teampreview|4\n|inactive|Battle timer is ON: inactive players will automatically lose when time's up. (requested by Valloo MLA)\n|j| weetamfaetheyy\n|inactive|Valloo MLA has 30 seconds left.\n|\n|t:|1776235528\n|teamsize|p1|4\n|teamsize|p2|4\n|start\n|switch|p1a: Floette|Floette-Eternal, L50, F|100/100\n|switch|p1b: Talonflame|Talonflame, L50, M|100/100\n|switch|p2a: Garchomp|Garchomp, L50, F|100/100\n|switch|p2b: Sneasler|Sneasler, L50, M, shiny|100/100\n|turn|1\n|\n|t:|1776235549\n|move|p1b: Talonflame|Protect|p1b: Talonflame\n|-singleturn|p1b: Talonflame|Protect\n|move|p1a: Floette|Protect|p1a: Floette\n|-singleturn|p1a: Floette|Protect\n|move|p2b: Sneasler|Fake Out|p1b: Talonflame\n|-activate|p1b: Talonflame|move: Protect\n|move|p2a: Garchomp|Rock Slide|p1a: Floette|[spread] \n|-activate|p1a: Floette|move: Protect\n|-activate|p1b: Talonflame|move: Protect\n|\n|upkeep\n|turn|2\n|\n|t:|1776235564\n|switch|p2a: Farigiraf|Farigiraf, L50, F, shiny|100/100\n|detailschange|p1a: Floette|Floette-Mega, L50, F\n|-mega|p1a: Floette|Floette|Floettite\n|-ability|p1a: Floette|Fairy Aura\n|move|p1b: Talonflame|Tailwind|p1b: Talonflame\n|-sidestart|p1: massan2580|move: Tailwind\n|move|p1a: Floette|Moonblast|p2b: Sneasler\n|-damage|p2b: Sneasler|0 fnt\n|faint|p2b: Sneasler\n|\n|upkeep\n|\n|t:|1776235576\n|switch|p2b: Charizard|Charizard, L50, M, shiny|100/100\n|turn|3\n|inactive|massan2580 has 30 seconds left.\n|inactive|massan2580 has 20 seconds left.\n|\n|t:|1776235614\n|switch|p1b: Sneasler|Sneasler, L50, M|100/100\n|detailschange|p2b: Charizard|Charizard-Mega-Y, L50, M, shiny\n|-mega|p2b: Charizard|Charizard|Charizardite Y\n|-weather|SunnyDay|[from] ability: Drought|[of] p2b: Charizard\n|move|p1a: Floette|Calm Mind|p1a: Floette\n|-boost|p1a: Floette|spa|1\n|-boost|p1a: Floette|spd|1\n|move|p2b: Charizard|Heat Wave|p1b: Sneasler|[spread] p1a,p1b\n|-damage|p1a: Floette|65/100\n|-damage|p1b: Sneasler|2/100\n|move|p2a: Farigiraf|Trick Room|p2a: Farigiraf\n|-fieldstart|move: Trick Room|[of] p2a: Farigiraf\n|\n|-weather|SunnyDay|[upkeep]\n|upkeep\n|turn|4\n|\n|t:|1776235635\n|switch|p1b: Talonflame|Talonflame, L50, M|100/100\n|move|p2a: Farigiraf|Helping Hand|p2b: Charizard\n|-singleturn|p2b: Charizard|Helping Hand|[of] p2a: Farigiraf\n|move|p1a: Floette|Protect|p1a: Floette\n|-singleturn|p1a: Floette|Protect\n|move|p2b: Charizard|Heat Wave|p1a: Floette|[spread] p1b\n|-activate|p1a: Floette|move: Protect\n|-resisted|p1b: Talonflame|1\n|-damage|p1b: Talonflame|12/100\n|\n|-weather|SunnyDay|[upkeep]\n|upkeep\n|turn|5\n|inactive|massan2580 has 30 seconds left.\n|\n|t:|1776235663\n|move|p2a: Farigiraf|Helping Hand|p2b: Charizard\n|-singleturn|p2b: Charizard|Helping Hand|[of] p2a: Farigiraf\n|move|p1b: Talonflame|Protect|p1b: Talonflame\n|-singleturn|p1b: Talonflame|Protect\n|move|p2b: Charizard|Air Slash|p1a: Floette\n|-damage|p1a: Floette|27/100\n|cant|p1a: Floette|flinch\n|\n|-weather|SunnyDay|[upkeep]\n|-sideend|p1: massan2580|move: Tailwind\n|upkeep\n|turn|6\n|\n|t:|1776235682\n|move|p2a: Farigiraf|Helping Hand|p2b: Charizard\n|-singleturn|p2b: Charizard|Helping Hand|[of] p2a: Farigiraf\n|move|p2b: Charizard|Heat Wave|p1a: Floette|[spread] p1a,p1b\n|-resisted|p1b: Talonflame|1\n|-damage|p1a: Floette|0 fnt\n|-damage|p1b: Talonflame|0 fnt\n|faint|p1a: Floette\n|faint|p1b: Talonflame\n|\n|-weather|SunnyDay|[upkeep]\n|upkeep\n|\n|t:|1776235688\n|switch|p1a: Basculegion|Basculegion, L50, M|100/100\n|switch|p1b: Sneasler|Sneasler, L50, M|2/100\n|turn|7\n|\n|t:|1776235696\n|move|p1b: Sneasler|Protect|p1b: Sneasler\n|-singleturn|p1b: Sneasler|Protect\n|move|p2a: Farigiraf|Psychic|p1b: Sneasler\n|-activate|p1b: Sneasler|move: Protect\n|move|p2b: Charizard|Solar Beam||[still]\n|-prepare|p2b: Charizard|Solar Beam\n|-anim|p2b: Charizard|Solar Beam|p1a: Basculegion\n|-supereffective|p1a: Basculegion|1\n|-damage|p1a: Basculegion|0 fnt\n|faint|p1a: Basculegion\n|\n|-weather|none\n|-fieldend|move: Trick Room\n|upkeep\n|turn|8\n|-message|massan2580 forfeited.\n|\n|win|Valloo MLA\n|raw|massan2580's rating: 1546 &rarr; <strong>1525</strong><br />(-21 for losing)\n|raw|Valloo MLA's rating: 1535 &rarr; <strong>1556</strong><br />(+21 for winning)\n|l|\u2606massan2580\n|player|p1|\n|l| weetamfaetheyy\n",
  "uploadtime": 1776235751,
  "views": 62,
  "formatid": "gen9championsvgc2026regma",
  "rating": 1525,
  "private": 0,
  "password": null
}