{
  "id": "gen9championsvgc2026regma-2587654221",
  "format": "[Gen 9 Champions] VGC 2026 Reg M-A",
  "players": [
    "Savaqa",
    "Rworwo"
  ],
  "log": "|j|\u203dSavaqa\n|j|\u2606Rworwo\n|t:|1776550767\n|gametype|doubles\n|player|p1|Savaqa|rocketgruntf|1423\n|player|p2|Rworwo|pokefan|1432\n|gen|9\n|tier|[Gen 9 Champions] VGC 2026 Reg M-A\n|rated|\n|rule|Species Clause: Limit one of each Pok\u00e9mon\n|rule|Item Clause: Limit 1 of each item\n|clearpoke\n|poke|p1|Floette-Eternal, L50, F|\n|poke|p1|Aerodactyl, L50, F|\n|poke|p1|Garchomp, L50, M|\n|poke|p1|Sneasler, L50, F|\n|poke|p1|Incineroar, L50, F|\n|poke|p1|Hydreigon, L50, M|\n|poke|p2|Ampharos, L50, M, shiny|\n|poke|p2|Farigiraf, L50, M, shiny|\n|poke|p2|Basculegion, L50, M, shiny|\n|poke|p2|Lucario, L50, M, shiny|\n|poke|p2|Pelipper, L50, M, shiny|\n|poke|p2|Clefable, L50, M, shiny|\n|teampreview|4\n|inactive|Battle timer is ON: inactive players will automatically lose when time's up. (requested by Rworwo)\n|inactive|Rworwo has 60 seconds left.\n|\n|t:|1776550806\n|teamsize|p1|4\n|teamsize|p2|4\n|start\n|switch|p1a: Incineroar|Incineroar, L50, F|100/100\n|switch|p1b: Hydreigon|Hydreigon, L50, M|100/100\n|switch|p2a: Clefable|Clefable, L50, M, shiny|100/100\n|switch|p2b: Farigiraf|Farigiraf, L50, M, shiny|100/100\n|-ability|p1a: Incineroar|Intimidate|boost\n|-unboost|p2a: Clefable|atk|1\n|-unboost|p2b: Farigiraf|atk|1\n|turn|1\n|inactive|Savaqa has 30 seconds left.\n|\n|t:|1776550833\n|move|p2b: Farigiraf|Protect|p2b: Farigiraf\n|-singleturn|p2b: Farigiraf|Protect\n|move|p1b: Hydreigon|Dark Pulse|p2b: Farigiraf\n|-activate|p2b: Farigiraf|move: Protect\n|move|p1a: Incineroar|Darkest Lariat|p2b: Farigiraf\n|-activate|p2b: Farigiraf|move: Protect\n|move|p2a: Clefable|Moonblast|p1b: Hydreigon\n|-supereffective|p1b: Hydreigon|2\n|-crit|p1b: Hydreigon\n|-damage|p1b: Hydreigon|0 fnt\n|faint|p1b: Hydreigon\n|\n|upkeep\n|\n|t:|1776550845\n|switch|p1b: Floette|Floette-Eternal, L50, F|100/100\n|turn|2\n|\n|t:|1776550864\n|detailschange|p1b: Floette|Floette-Mega, L50, F\n|-mega|p1b: Floette|Floette|Floettite\n|-ability|p1b: Floette|Fairy Aura\n|move|p2a: Clefable|Follow Me|p2a: Clefable\n|-singleturn|p2a: Clefable|move: Follow Me\n|move|p1b: Floette|Dazzling Gleam|p2b: Farigiraf|[spread] p2a,p2b\n|-damage|p2a: Clefable|57/100\n|-damage|p2b: Farigiraf|48/100\n|-enditem|p2b: Farigiraf|Sitrus Berry|[eat]\n|-heal|p2b: Farigiraf|72/100|[from] item: Sitrus Berry\n|move|p1a: Incineroar|Darkest Lariat|p2a: Clefable\n|-resisted|p2a: Clefable|1\n|-damage|p2a: Clefable|39/100\n|move|p2b: Farigiraf|Trick Room|p2b: Farigiraf\n|-fieldstart|move: Trick Room|[of] p2b: Farigiraf\n|\n|-heal|p2a: Clefable|45/100|[from] item: Leftovers\n|upkeep\n|turn|3\n|inactive|Rworwo has 30 seconds left.\n|inactive|Rworwo has 20 seconds left.\n|\n|t:|1776550899\n|move|p2b: Farigiraf|Helping Hand|p2a: Clefable\n|-singleturn|p2a: Clefable|Helping Hand|[of] p2b: Farigiraf\n|move|p2a: Clefable|Moonblast|p1a: Incineroar\n|-damage|p1a: Incineroar|48/100\n|-enditem|p1a: Incineroar|Sitrus Berry|[eat]\n|-heal|p1a: Incineroar|73/100|[from] item: Sitrus Berry\n|move|p1a: Incineroar|Darkest Lariat|p2b: Farigiraf\n|-supereffective|p2b: Farigiraf|1\n|-damage|p2b: Farigiraf|25/100\n|move|p1b: Floette|Dazzling Gleam|p2b: Farigiraf|[spread] p2a,p2b\n|-damage|p2a: Clefable|5/100\n|-damage|p2b: Farigiraf|0 fnt\n|faint|p2b: Farigiraf\n|\n|-heal|p2a: Clefable|11/100|[from] item: Leftovers\n|upkeep\n|\n|t:|1776550914\n|switch|p2b: Ampharos|Ampharos, L50, M, shiny|100/100\n|turn|4\n|inactive|Savaqa has 30 seconds left.\n|\n|t:|1776550941\n|move|p2b: Ampharos|Protect|p2b: Ampharos\n|-singleturn|p2b: Ampharos|Protect\n|move|p2a: Clefable|Protect|p2a: Clefable\n|-singleturn|p2a: Clefable|Protect\n|move|p1a: Incineroar|Parting Shot|p2b: Ampharos\n|-activate|p2b: Ampharos|move: Protect\n|move|p1b: Floette|Dazzling Gleam|p2b: Ampharos|[spread] \n|-activate|p2a: Clefable|move: Protect\n|-activate|p2b: Ampharos|move: Protect\n|\n|-heal|p2a: Clefable|17/100|[from] item: Leftovers\n|upkeep\n|turn|5\n|\n|t:|1776550961\n|move|p2b: Ampharos|Dragon Pulse|p1a: Incineroar\n|-damage|p1a: Incineroar|47/100\n|move|p2a: Clefable|Moonblast|p1a: Incineroar\n|-damage|p1a: Incineroar|12/100\n|move|p1a: Incineroar|Parting Shot|p2b: Ampharos\n|-unboost|p2b: Ampharos|atk|1\n|-unboost|p2b: Ampharos|spa|1\n|\n|t:|1776550968\n|switch|p1a: Garchomp|Garchomp, L50, M|100/100|[from] Parting Shot\n|move|p1b: Floette|Dazzling Gleam|p2a: Clefable|[spread] p2a,p2b\n|-damage|p2a: Clefable|0 fnt\n|-damage|p2b: Ampharos|53/100\n|faint|p2a: Clefable\n|\n|upkeep\n|\n|t:|1776550972\n|switch|p2a: Basculegion|Basculegion, L50, M, shiny|100/100\n|turn|6\n|\n|t:|1776550992\n|switch|p1a: Incineroar|Incineroar, L50, F|12/100\n|-ability|p1a: Incineroar|Intimidate|boost\n|-unboost|p2a: Basculegion|atk|1\n|-unboost|p2b: Ampharos|atk|1\n|detailschange|p2b: Ampharos|Ampharos-Mega, L50, M, shiny\n|-mega|p2b: Ampharos|Ampharos|Ampharosite\n|-ability|p2b: Ampharos|Mold Breaker\n|move|p2b: Ampharos|Dragon Pulse|p1a: Incineroar\n|-damage|p1a: Incineroar|0 fnt\n|faint|p1a: Incineroar\n|move|p1b: Floette|Dazzling Gleam|p2a: Basculegion|[spread] p2a,p2b\n|-supereffective|p2b: Ampharos|1\n|-damage|p2a: Basculegion|40/100\n|-damage|p2b: Ampharos|0 fnt\n|faint|p2b: Ampharos\n|move|p2a: Basculegion|Last Respects|p1b: Floette\n|-damage|p1b: Floette|0 fnt\n|faint|p1b: Floette\n|\n|-fieldend|move: Trick Room\n|upkeep\n|\n|t:|1776551010\n|switch|p1a: Garchomp|Garchomp, L50, M|100/100\n|turn|7\n|\n|t:|1776551014\n|move|p2a: Basculegion|Last Respects|p1a: Garchomp\n|-damage|p1a: Garchomp|9/100\n|move|p1a: Garchomp|Earthquake|p2a: Basculegion\n|-damage|p2a: Basculegion|0 fnt\n|faint|p2a: Basculegion\n|\n|win|Savaqa\n|raw|Savaqa's rating: 1423 &rarr; <strong>1444</strong><br />(+21 for winning)\n|raw|Rworwo's rating: 1432 &rarr; <strong>1411</strong><br />(-21 for losing)\n",
  "uploadtime": 1776551024,
  "views": 17,
  "formatid": "gen9championsvgc2026regma",
  "rating": 1411,
  "private": 0,
  "password": null
}