{
  "id": "gen9championsvgc2026regma-2587518643",
  "format": "[Gen 9 Champions] VGC 2026 Reg M-A",
  "players": [
    "babysha",
    "Sorgel"
  ],
  "log": "|j|\u2606babysha\n|j|\u2606Sorgel\n|t:|1776538702\n|gametype|doubles\n|player|p1|babysha|firebreather|1254\n|player|p2|Sorgel|pokemaniac|1221\n|gen|9\n|tier|[Gen 9 Champions] VGC 2026 Reg M-A\n|rated|\n|rule|Species Clause: Limit one of each Pok\u00e9mon\n|rule|Item Clause: Limit 1 of each item\n|clearpoke\n|poke|p1|Meganium, L50, M|\n|poke|p1|Pelipper, L50, M|\n|poke|p1|Sneasler, L50, F|\n|poke|p1|Farigiraf, L50, M|\n|poke|p1|Archaludon, L50, F|\n|poke|p1|Basculegion, L50, M|\n|poke|p2|Jolteon, L50, F|\n|poke|p2|Arcanine-Hisui, L50, M, shiny|\n|poke|p2|Froslass, L50, F, shiny|\n|poke|p2|Garchomp, L50, M|\n|poke|p2|Hydreigon, L50, M, shiny|\n|poke|p2|Sneasler, L50, M|\n|teampreview|4\n|inactive|Battle timer is ON: inactive players will automatically lose when time's up. (requested by babysha)\n|inactive|Sorgel has 60 seconds left.\n|inactive|Sorgel has 30 seconds left.\n|\n|t:|1776538771\n|teamsize|p1|4\n|teamsize|p2|4\n|start\n|switch|p1a: Farigiraf|Farigiraf, L50, M|100/100\n|switch|p1b: Meganium|Meganium, L50, M|100/100\n|switch|p2a: Jolteon|Jolteon, L50, F|100/100\n|switch|p2b: Sneasler|Sneasler, L50, M|100/100\n|turn|1\n|\n|t:|1776538790\n|move|p1b: Meganium|Protect|p1b: Meganium\n|-singleturn|p1b: Meganium|Protect\n|move|p2a: Jolteon|Thunderbolt|p1a: Farigiraf\n|-damage|p1a: Farigiraf|54/100\n|move|p2b: Sneasler|Dire Claw|p1a: Farigiraf\n|-damage|p1a: Farigiraf|19/100\n|move|p1a: Farigiraf|Psychic|p2b: Sneasler\n|-supereffective|p2b: Sneasler|2\n|-damage|p2b: Sneasler|0 fnt\n|faint|p2b: Sneasler\n|\n|upkeep\n|\n|t:|1776538802\n|switch|p2b: Arcanine|Arcanine-Hisui, L50, M, shiny|100/100\n|-ability|p2b: Arcanine|Intimidate|boost\n|-unboost|p1a: Farigiraf|atk|1\n|-unboost|p1b: Meganium|atk|1\n|turn|2\n|\n|t:|1776538820\n|detailschange|p1b: Meganium|Meganium-Mega, L50, M\n|-mega|p1b: Meganium|Meganium|Meganiumite\n|move|p2a: Jolteon|Electroweb|p1a: Farigiraf|[spread] p1a,p1b\n|-resisted|p1b: Meganium|1\n|-damage|p1a: Farigiraf|0 fnt\n|-damage|p1b: Meganium|90/100\n|-unboost|p1b: Meganium|spe|1\n|faint|p1a: Farigiraf\n|move|p2b: Arcanine|Rock Slide|p1b: Meganium\n|-damage|p1b: Meganium|48/100\n|move|p1b: Meganium|Solar Beam||[still]\n|-prepare|p1b: Meganium|Solar Beam\n|-activate|p1b: Meganium|ability: Mega Sol\n|-anim|p1b: Meganium|Solar Beam|p2a: Jolteon\n|-damage|p2a: Jolteon|13/100\n|\n|upkeep\n|\n|t:|1776538835\n|switch|p1a: Sneasler|Sneasler, L50, F|100/100\n|turn|3\n|\n|t:|1776538844\n|move|p2a: Jolteon|Protect|p2a: Jolteon\n|-singleturn|p2a: Jolteon|Protect\n|move|p1a: Sneasler|Fake Out|p2b: Arcanine\n|-resisted|p2b: Arcanine|1\n|-damage|p2b: Arcanine|93/100\n|cant|p2b: Arcanine|flinch\n|move|p1b: Meganium|Solar Beam||[still]\n|-prepare|p1b: Meganium|Solar Beam\n|-activate|p1b: Meganium|ability: Mega Sol\n|-anim|p1b: Meganium|Solar Beam|p2a: Jolteon\n|-activate|p2a: Jolteon|move: Protect\n|\n|upkeep\n|turn|4\n|c|\u2606babysha|check this out\n|\n|t:|1776538862\n|move|p2a: Jolteon|Thunderbolt|p1a: Sneasler\n|-crit|p1a: Sneasler\n|-damage|p1a: Sneasler|9/100\n|move|p1a: Sneasler|Fling|p2b: Arcanine\n|-damage|p2b: Arcanine|81/100\n|-enditem|p1a: Sneasler|King's Rock|[from] move: Fling\n|cant|p2b: Arcanine|flinch\n|move|p1b: Meganium|Solar Beam||[still]\n|-prepare|p1b: Meganium|Solar Beam\n|-activate|p1b: Meganium|ability: Mega Sol\n|-anim|p1b: Meganium|Solar Beam|p2a: Jolteon\n|-damage|p2a: Jolteon|0 fnt\n|faint|p2a: Jolteon\n|\n|upkeep\n|\n|t:|1776538879\n|switch|p2a: Hydreigon|Hydreigon, L50, M, shiny|100/100\n|turn|5\n|\n|t:|1776538889\n|move|p2a: Hydreigon|Protect|p2a: Hydreigon\n|-singleturn|p2a: Hydreigon|Protect\n|move|p2b: Arcanine|Extreme Speed|p1a: Sneasler\n|-damage|p1a: Sneasler|0 fnt\n|faint|p1a: Sneasler\n|move|p1b: Meganium|Dazzling Gleam|p2b: Arcanine|[spread] p2b\n|-activate|p2a: Hydreigon|move: Protect\n|-resisted|p2b: Arcanine|1\n|-damage|p2b: Arcanine|60/100\n|\n|upkeep\n|\n|t:|1776538898\n|switch|p1a: Basculegion|Basculegion, L50, M|100/100\n|turn|6\n|\n|t:|1776538910\n|move|p1a: Basculegion|Wave Crash|p2b: Arcanine\n|-supereffective|p2b: Arcanine|2\n|-damage|p2b: Arcanine|0 fnt\n|faint|p2b: Arcanine\n|-damage|p1a: Basculegion|83/100|[from] Recoil\n|move|p2a: Hydreigon|Dark Pulse|p1a: Basculegion\n|-supereffective|p1a: Basculegion|1\n|-damage|p1a: Basculegion|0 fnt\n|faint|p1a: Basculegion\n|move|p1b: Meganium|Dazzling Gleam|p2a: Hydreigon\n|-supereffective|p2a: Hydreigon|2\n|-crit|p2a: Hydreigon\n|-damage|p2a: Hydreigon|0 fnt\n|faint|p2a: Hydreigon\n|\n|win|babysha\n|raw|babysha's rating: 1254 &rarr; <strong>1277</strong><br />(+23 for winning)\n|raw|Sorgel's rating: 1221 &rarr; <strong>1198</strong><br />(-23 for losing)\n|l|\u2606Sorgel\n|player|p2|\n",
  "uploadtime": 1776538923,
  "views": 19,
  "formatid": "gen9championsvgc2026regma",
  "rating": 1198,
  "private": 0,
  "password": null
}