{
  "id": "gen9championsvgc2026regma-2583856916",
  "format": "[Gen 9 Champions] VGC 2026 Reg M-A",
  "players": [
    "Blumagination",
    "SimMikaze"
  ],
  "log": "|j|\u2606Blumagination\n|j|\u2606SimMikaze\n|t:|1776203114\n|gametype|doubles\n|player|p1|Blumagination|266|1354\n|player|p2|SimMikaze|miku-ghost|1353\n|gen|9\n|tier|[Gen 9 Champions] VGC 2026 Reg M-A\n|rated|\n|rule|Species Clause: Limit one of each Pok\u00e9mon\n|rule|Item Clause: Limit 1 of each item\n|clearpoke\n|poke|p1|Sinistcha, L50|\n|poke|p1|Tyranitar, L50, F|\n|poke|p1|Floette-Eternal, L50, F|\n|poke|p1|Sneasler, L50, M|\n|poke|p1|Basculegion, L50, M|\n|poke|p1|Dragonite, L50, M|\n|poke|p2|Gengar, L50, M|\n|poke|p2|Kommo-o, L50, F|\n|poke|p2|Maushold, L50|\n|poke|p2|Whimsicott, L50, M|\n|poke|p2|Incineroar, L50, M|\n|poke|p2|Politoed, L50, M|\n|teampreview|4\n|inactive|Battle timer is ON: inactive players will automatically lose when time's up. (requested by Blumagination)\nBlumagination has agreed to open team sheets.\n|\n|t:|1776203143\n|teamsize|p1|4\n|teamsize|p2|4\n|start\n|switch|p1a: Tyranitar|Tyranitar, L50, F|100/100\n|switch|p1b: Basculegion|Basculegion, L50, M|100/100\n|switch|p2a: Gengar|Gengar, L50, M, shiny|100/100\n|switch|p2b: Maushold|Maushold, L50|100/100\n|-weather|Sandstorm|[from] ability: Sand Stream|[of] p1a: Tyranitar\n|turn|1\n|\n|t:|1776203159\n|detailschange|p2a: Gengar|Gengar-Mega, L50, M, shiny\n|-mega|p2a: Gengar|Gengar|Gengarite\n|move|p2b: Maushold|Follow Me|p2b: Maushold\n|-singleturn|p2b: Maushold|move: Follow Me\n|move|p1b: Basculegion|Flip Turn|p2b: Maushold\n|-damage|p2b: Maushold|51/100\n|\n|t:|1776203166\n|switch|p1b: Sinistcha|Sinistcha, L50|100/100|[from] Flip Turn\n|move|p2a: Gengar|Perish Song|p2a: Gengar\n|-start|p1a: Tyranitar|perish3|[silent]\n|-start|p1b: Sinistcha|perish3|[silent]\n|-start|p2a: Gengar|perish3|[silent]\n|-start|p2b: Maushold|perish3|[silent]\n|-fieldactivate|move: Perish Song\n|move|p1a: Tyranitar|Knock Off|p2b: Maushold\n|-damage|p2b: Maushold|0 fnt\n|-enditem|p2b: Maushold|Focus Sash|[from] move: Knock Off|[of] p1a: Tyranitar\n|faint|p2b: Maushold\n|\n|-weather|Sandstorm|[upkeep]\n|-damage|p2a: Gengar|95/100|[from] Sandstorm\n|-damage|p1b: Sinistcha|94/100|[from] Sandstorm\n|-start|p2a: Gengar|perish3\n|-start|p1b: Sinistcha|perish3\n|-start|p1a: Tyranitar|perish3\n|upkeep\n|inactive|SimMikaze has 30 seconds left.\n|\n|t:|1776203193\n|switch|p2b: Incineroar|Incineroar, L50, M, shiny|100/100\n|-ability|p2b: Incineroar|Intimidate|boost\n|-unboost|p1a: Tyranitar|atk|1\n|-unboost|p1b: Sinistcha|atk|1\n|turn|2\n|\n|t:|1776203203\n|move|p1a: Tyranitar|Protect|p1a: Tyranitar\n|-singleturn|p1a: Tyranitar|Protect\n|move|p2b: Incineroar|Fake Out|p1a: Tyranitar\n|-activate|p1a: Tyranitar|move: Protect\n|move|p2a: Gengar|Shadow Ball|p1b: Sinistcha\n|-supereffective|p1b: Sinistcha|1\n|-damage|p1b: Sinistcha|16/100\n|-enditem|p1b: Sinistcha|Sitrus Berry|[eat]\n|-heal|p1b: Sinistcha|40/100|[from] item: Sitrus Berry\n|move|p1b: Sinistcha|Trick Room|p1b: Sinistcha\n|-fieldstart|move: Trick Room|[of] p1b: Sinistcha\n|\n|-weather|Sandstorm|[upkeep]\n|-damage|p1b: Sinistcha|34/100|[from] Sandstorm\n|-damage|p2b: Incineroar|95/100|[from] Sandstorm\n|-damage|p2a: Gengar|89/100|[from] Sandstorm\n|-start|p1a: Tyranitar|perish2\n|-start|p1b: Sinistcha|perish2\n|-start|p2a: Gengar|perish2\n|upkeep\n|turn|3\n|\n|t:|1776203222\n|switch|p1b: Floette|Floette-Eternal, L50, F|100/100\n|move|p2a: Gengar|Protect|p2a: Gengar\n|-singleturn|p2a: Gengar|Protect\n|move|p1a: Tyranitar|Knock Off|p2a: Gengar\n|-activate|p2a: Gengar|move: Protect\n|move|p2b: Incineroar|Parting Shot|p1a: Tyranitar\n|-unboost|p1a: Tyranitar|atk|1\n|-unboost|p1a: Tyranitar|spa|1\n|\n|t:|1776203229\n|switch|p2b: Whimsicott|Whimsicott, L50, M|100/100|[from] Parting Shot\n|\n|-weather|Sandstorm|[upkeep]\n|-damage|p1b: Floette|94/100|[from] Sandstorm\n|-damage|p2b: Whimsicott|95/100|[from] Sandstorm\n|-damage|p2a: Gengar|83/100|[from] Sandstorm\n|-start|p1a: Tyranitar|perish1\n|-start|p2a: Gengar|perish1\n|upkeep\n|turn|4\n|inactive|Blumagination has 30 seconds left.\n|\n|t:|1776203256\n|switch|p2a: Incineroar|Incineroar, L50, M, shiny|95/100\n|-ability|p2a: Incineroar|Intimidate|boost\n|-unboost|p1a: Tyranitar|atk|1\n|-unboost|p1b: Floette|atk|1\n|detailschange|p1b: Floette|Floette-Mega, L50, F\n|-mega|p1b: Floette|Floette|Floettite\n|-ability|p1b: Floette|Fairy Aura\n|move|p2b: Whimsicott|Protect|p2b: Whimsicott\n|-singleturn|p2b: Whimsicott|Protect\n|move|p1a: Tyranitar|Rock Slide|p2b: Whimsicott|[spread] p2a\n|-activate|p2b: Whimsicott|move: Protect\n|-supereffective|p2a: Incineroar|1\n|-damage|p2a: Incineroar|76/100\n|move|p1b: Floette|Calm Mind|p1b: Floette\n|-boost|p1b: Floette|spa|1\n|-boost|p1b: Floette|spd|1\n|\n|-weather|Sandstorm|[upkeep]\n|-damage|p2a: Incineroar|70/100|[from] Sandstorm\n|-damage|p1b: Floette|88/100|[from] Sandstorm\n|-damage|p2b: Whimsicott|89/100|[from] Sandstorm\n|-start|p1a: Tyranitar|perish0\n|faint|p1a: Tyranitar\n|upkeep\n|\n|t:|1776203261\n|switch|p1a: Sinistcha|Sinistcha, L50|34/100\n|-heal|p1b: Floette|100/100|[from] ability: Hospitality|[of] p1a: Sinistcha\n|turn|5\n|inactive|SimMikaze has 30 seconds left.\n|\n|t:|1776203287\n|move|p1a: Sinistcha|Protect|p1a: Sinistcha\n|-singleturn|p1a: Sinistcha|Protect\n|move|p1b: Floette|Protect|p1b: Floette\n|-singleturn|p1b: Floette|Protect\n|move|p2b: Whimsicott|Encore|p1b: Floette\n|-activate|p1b: Floette|move: Protect\n|move|p2a: Incineroar|Throat Chop|p1a: Sinistcha\n|-activate|p1a: Sinistcha|move: Protect\n|\n|-weather|none\n|upkeep\n|turn|6\n|\n|t:|1776203306\n|switch|p1a: Basculegion|Basculegion, L50, M|100/100\n|move|p2b: Whimsicott|Encore|p1b: Floette\n|-start|p1b: Floette|Encore\n|move|p1b: Floette|Protect||[still]\n|-fail|p1b: Floette\n|move|p2a: Incineroar|Throat Chop|p1a: Basculegion\n|-supereffective|p1a: Basculegion|1\n|-damage|p1a: Basculegion|23/100\n|-start|p1a: Basculegion|Throat Chop|[silent]\n|\n|-fieldend|move: Trick Room\n|upkeep\n|turn|7\n|inactive|SimMikaze has 30 seconds left.\n|\n|t:|1776203332\n|switch|p1b: Sinistcha|Sinistcha, L50|34/100\n|-heal|p1a: Basculegion|48/100|[from] ability: Hospitality|[of] p1b: Sinistcha\n|move|p2b: Whimsicott|Tailwind|p2b: Whimsicott\n|-sidestart|p2: SimMikaze|move: Tailwind\n|move|p1a: Basculegion|Flip Turn|p2a: Incineroar\n|-supereffective|p2a: Incineroar|1\n|-damage|p2a: Incineroar|14/100\n|-enditem|p2a: Incineroar|Sitrus Berry|[eat]\n|-heal|p2a: Incineroar|39/100|[from] item: Sitrus Berry\n|\n|t:|1776203338\n|switch|p1a: Floette|Floette-Mega, L50, F|100/100|[from] Flip Turn\n|-ability|p1a: Floette|Fairy Aura\n|move|p2a: Incineroar|Throat Chop|p1a: Floette\n|-resisted|p1a: Floette|1\n|-damage|p1a: Floette|84/100\n|-start|p1a: Floette|Throat Chop|[silent]\n|\n|upkeep\n|turn|8\n|inactive|Blumagination has 30 seconds left.\n|inactive|SimMikaze has 30 seconds left.\n|inactive|SimMikaze has 20 seconds left.\n|inactive|SimMikaze has 15 seconds left.\n|inactive|SimMikaze has 10 seconds left.\n|\n|t:|1776203384\n|move|p2b: Whimsicott|Protect|p2b: Whimsicott\n|-singleturn|p2b: Whimsicott|Protect\n|move|p1b: Sinistcha|Protect|p1b: Sinistcha\n|-singleturn|p1b: Sinistcha|Protect\n|move|p2a: Incineroar|Throat Chop|p1b: Sinistcha\n|-activate|p1b: Sinistcha|move: Protect\n|move|p1a: Floette|Dazzling Gleam|p2b: Whimsicott|[spread] p2a\n|-activate|p2b: Whimsicott|move: Protect\n|-damage|p2a: Incineroar|0 fnt\n|faint|p2a: Incineroar\n|\n|-end|p1a: Floette|Throat Chop|[silent]\n|upkeep\n|\n|t:|1776203387\n|switch|p2a: Gengar|Gengar-Mega, L50, M, shiny|83/100\n|turn|9\n|inactive|Blumagination has 30 seconds left.\n|\n|t:|1776203414\n|move|p1b: Sinistcha|Rage Powder|p1b: Sinistcha\n|-singleturn|p1b: Sinistcha|move: Rage Powder\n|move|p2b: Whimsicott|Fake Tears|p1a: Floette\n|-unboost|p1a: Floette|spd|2\n|move|p2a: Gengar|Shadow Ball|p1b: Sinistcha\n|-supereffective|p1b: Sinistcha|1\n|-damage|p1b: Sinistcha|0 fnt\n|faint|p1b: Sinistcha\n|move|p1a: Floette|Moonblast|p2b: Whimsicott\n|-damage|p2b: Whimsicott|0 fnt\n|faint|p2b: Whimsicott\n|\n|upkeep\n|\n|t:|1776203422\n|switch|p1b: Basculegion|Basculegion, L50, M|48/100\n|turn|10\n|\n|t:|1776203431\n|move|p1b: Basculegion|Aqua Jet|p2a: Gengar\n|-damage|p2a: Gengar|50/100\n|move|p2a: Gengar|Shadow Ball|p1b: Basculegion\n|-supereffective|p1b: Basculegion|1\n|-damage|p1b: Basculegion|0 fnt\n|faint|p1b: Basculegion\n|move|p1a: Floette|Moonblast|p2a: Gengar\n|-resisted|p2a: Gengar|1\n|-damage|p2a: Gengar|7/100\n|\n|-sideend|p2: SimMikaze|move: Tailwind\n|upkeep\n|turn|11\n|\n|t:|1776203442\n|move|p2a: Gengar|Shadow Ball|p1a: Floette\n|-damage|p1a: Floette|23/100\n|move|p1a: Floette|Dazzling Gleam|p2a: Gengar\n|-resisted|p2a: Gengar|1\n|-damage|p2a: Gengar|0 fnt\n|faint|p2a: Gengar\n|\n|win|Blumagination\n|raw|Blumagination's rating: 1354 &rarr; <strong>1374</strong><br />(+20 for winning)\n|raw|SimMikaze's rating: 1353 &rarr; <strong>1333</strong><br />(-20 for losing)\n|c|\u2606Blumagination|gg\n|l|\u2606Blumagination\n|player|p1|\n|c|\u2606SimMikaze|What the\n|c|\u2606SimMikaze|It survives??\n|c|\u2606SimMikaze|Damn\n",
  "uploadtime": 1776203445,
  "views": 30,
  "formatid": "gen9championsvgc2026regma",
  "rating": 1333,
  "private": 0,
  "password": null
}