{
  "id": "gen9championsvgc2026regma-2584236911",
  "format": "[Gen 9 Champions] VGC 2026 Reg M-A",
  "players": [
    "Nait02",
    "funmer"
  ],
  "log": "|j|\u203dNait02\n|j|\u2606funmer\n|t:|1776241698\n|gametype|doubles\n|player|p1|Nait02|hilda-masters2|1116\n|player|p2|funmer|266|1211\n|gen|9\n|tier|[Gen 9 Champions] VGC 2026 Reg M-A\n|rated|\n|rule|Species Clause: Limit one of each Pok\u00e9mon\n|rule|Item Clause: Limit 1 of each item\n|clearpoke\n|poke|p1|Delphox, L50, F|\n|poke|p1|Garchomp, L50, M|\n|poke|p1|Incineroar, L50, F|\n|poke|p1|Sneasler, L50, M|\n|poke|p1|Floette-Eternal, L50, F|\n|poke|p1|Kingambit, L50, M|\n|poke|p2|Froslass, L50, F|\n|poke|p2|Garchomp, L50, M|\n|poke|p2|Incineroar, L50, F|\n|poke|p2|Sneasler, L50, F|\n|poke|p2|Aerodactyl, L50, F|\n|poke|p2|Kingambit, L50, M|\n|teampreview|4\n|inactive|Battle timer is ON: inactive players will automatically lose when time's up. (requested by Nait02)\nNait02 rejected open team sheets.\n|inactive|Nait02 has 60 seconds left.\n|\n|t:|1776241735\n|teamsize|p1|4\n|teamsize|p2|4\n|start\n|switch|p1a: Sneasler|Sneasler, L50, M|100/100\n|switch|p1b: Floette|Floette-Eternal, L50, F|100/100\n|switch|p2a: Aerodactyl|Aerodactyl, L50, F, shiny|100/100\n|switch|p2b: Froslass|Froslass, L50, F|100/100\n|-ability|p2a: Aerodactyl|Unnerve\n|turn|1\n|inactive|funmer has 30 seconds left.\n|inactive|funmer has 20 seconds left.\n|inactive|funmer has 15 seconds left.\n|\n|t:|1776241778\n|detailschange|p2b: Froslass|Froslass-Mega, L50, F\n|-mega|p2b: Froslass|Froslass|Froslassite\n|-weather|Snowscape|[from] ability: Snow Warning|[of] p2b: Froslass\n|detailschange|p1b: Floette|Floette-Mega, L50, F\n|-mega|p1b: Floette|Floette|Floettite\n|-ability|p1b: Floette|Fairy Aura\n|move|p1a: Sneasler|Fake Out|p2a: Aerodactyl\n|-resisted|p2a: Aerodactyl|1\n|-damage|p2a: Aerodactyl|88/100\n|cant|p2a: Aerodactyl|flinch\n|move|p2b: Froslass|Blizzard|p1b: Floette|[spread] p1a,p1b\n|-crit|p1a: Sneasler\n|-crit|p1b: Floette\n|-damage|p1a: Sneasler|20/100\n|-damage|p1b: Floette|59/100\n|move|p1b: Floette|Calm Mind|p1b: Floette\n|-boost|p1b: Floette|spa|1\n|-boost|p1b: Floette|spd|1\n|\n|-weather|Snowscape|[upkeep]\n|upkeep\n|turn|2\n|inactive|Nait02 has 30 seconds left.\n|inactive|funmer has 30 seconds left.\n|\n|t:|1776241805\n|switch|p1a: Incineroar|Incineroar, L50, F|100/100\n|-ability|p1a: Incineroar|Intimidate|boost\n|-unboost|p2a: Aerodactyl|atk|1\n|-unboost|p2b: Froslass|atk|1\n|move|p1b: Floette|Protect|p1b: Floette\n|-singleturn|p1b: Floette|Protect\n|move|p2a: Aerodactyl|Dual Wingbeat|p1b: Floette\n|-activate|p1b: Floette|move: Protect\n|move|p2b: Froslass|Blizzard|p1a: Incineroar|[spread] p1a\n|-activate|p1b: Floette|move: Protect\n|-resisted|p1a: Incineroar|1\n|-crit|p1a: Incineroar\n|-damage|p1a: Incineroar|68/100\n|\n|-weather|Snowscape|[upkeep]\n|-heal|p1a: Incineroar|74/100|[from] item: Leftovers\n|upkeep\n|turn|3\n|inactive|funmer has 30 seconds left.\n|\n|t:|1776241834\n|switch|p2a: Kingambit|Kingambit, L50, M|100/100\n|move|p1a: Incineroar|Fake Out|p2a: Kingambit\n|-resisted|p2a: Kingambit|1\n|-damage|p2a: Kingambit|96/100\n|move|p2b: Froslass|Aurora Veil|p2b: Froslass\n|-sidestart|p2: funmer|move: Aurora Veil\n|move|p1b: Floette|Draining Kiss|p2b: Froslass\n|-damage|p2b: Froslass|62/100\n|-heal|p1b: Floette|84/100|[from] drain|[of] p2b: Froslass\n|\n|-weather|Snowscape|[upkeep]\n|-heal|p1a: Incineroar|80/100|[from] item: Leftovers\n|upkeep\n|turn|4\n|inactive|funmer has 30 seconds left.\n|\n|t:|1776241863\n|move|p1b: Floette|Protect|p1b: Floette\n|-singleturn|p1b: Floette|Protect\n|move|p2b: Froslass|Nasty Plot|p2b: Froslass\n|-boost|p2b: Froslass|spa|2\n|move|p1a: Incineroar|Flare Blitz|p2b: Froslass\n|-supereffective|p2b: Froslass|1\n|-damage|p2b: Froslass|2/100\n|-damage|p1a: Incineroar|64/100|[from] Recoil\n|move|p2a: Kingambit|Kowtow Cleave|p1a: Incineroar\n|-resisted|p1a: Incineroar|1\n|-crit|p1a: Incineroar\n|-damage|p1a: Incineroar|37/100\n|\n|-weather|Snowscape|[upkeep]\n|-heal|p1a: Incineroar|43/100|[from] item: Leftovers\n|upkeep\n|turn|5\n|inactive|Nait02 has 30 seconds left.\n|inactive|funmer has 30 seconds left.\n|inactive|Nait02 has 20 seconds left.\n|inactive|Nait02 has 15 seconds left.\n|inactive|Nait02 has 10 seconds left.\n|\n|t:|1776241909\n|move|p2b: Froslass|Blizzard|p1a: Incineroar|[spread] p1a,p1b\n|-resisted|p1a: Incineroar|1\n|-damage|p1a: Incineroar|4/100\n|-damage|p1b: Floette|47/100\n|move|p1b: Floette|Dazzling Gleam|p2a: Kingambit|[spread] p2a,p2b\n|-damage|p2a: Kingambit|54/100\n|-damage|p2b: Froslass|0 fnt\n|faint|p2b: Froslass\n|move|p1a: Incineroar|Flare Blitz|p2a: Kingambit\n|-supereffective|p2a: Kingambit|1\n|-damage|p2a: Kingambit|10/100\n|-damage|p1a: Incineroar|0 fnt|[from] Recoil\n|faint|p1a: Incineroar\n|move|p2a: Kingambit|Iron Head|p1b: Floette\n|-supereffective|p1b: Floette|1\n|-damage|p1b: Floette|0 fnt\n|faint|p1b: Floette\n|\n|-weather|none\n|upkeep\n|\n|t:|1776241931\n|switch|p2b: Aerodactyl|Aerodactyl, L50, F, shiny|88/100\n|switch|p1b: Sneasler|Sneasler, L50, M|20/100\n|switch|p1a: Kingambit|Kingambit, L50, M|100/100\n|-ability|p2b: Aerodactyl|Unnerve\n|turn|6\n|\n|t:|1776241944\n|move|p2b: Aerodactyl|Protect|p2b: Aerodactyl\n|-singleturn|p2b: Aerodactyl|Protect\n|move|p2a: Kingambit|Protect|p2a: Kingambit\n|-singleturn|p2a: Kingambit|Protect\n|move|p1b: Sneasler|Fake Out|p2a: Kingambit\n|-activate|p2a: Kingambit|move: Protect\n|move|p1a: Kingambit|Iron Head|p2b: Aerodactyl\n|-activate|p2b: Aerodactyl|move: Protect\n|\n|upkeep\n|turn|7\n|\n|t:|1776241958\n|switch|p2a: Garchomp|Garchomp, L50, M|100/100\n|move|p1b: Sneasler|Protect|p1b: Sneasler\n|-singleturn|p1b: Sneasler|Protect\n|move|p1a: Kingambit|Protect|p1a: Kingambit\n|-singleturn|p1a: Kingambit|Protect\n|move|p2b: Aerodactyl|Dual Wingbeat|p1b: Sneasler\n|-activate|p1b: Sneasler|move: Protect\n|\n|-sideend|p2: funmer|move: Aurora Veil\n|upkeep\n|turn|8\n|\n|t:|1776241978\n|move|p2b: Aerodactyl|Dual Wingbeat|p1b: Sneasler\n|-supereffective|p1b: Sneasler|1\n|-damage|p1b: Sneasler|0 fnt\n|faint|p1b: Sneasler\n|-hitcount|p1: Sneasler|1\n|move|p2a: Garchomp|Earthquake|p1a: Kingambit|[spread] p1a\n|-immune|p2b: Aerodactyl\n|-supereffective|p1a: Kingambit|1\n|-damage|p1a: Kingambit|46/100\n|move|p1a: Kingambit|Iron Head|p2b: Aerodactyl\n|-supereffective|p2b: Aerodactyl|1\n|-damage|p2b: Aerodactyl|0 fnt\n|faint|p2b: Aerodactyl\n|\n|upkeep\n|\n|t:|1776241991\n|switch|p2b: Kingambit|Kingambit, L50, M|10/100\n|turn|9\n|\n|t:|1776241998\n|move|p2b: Kingambit|Sucker Punch|p1a: Kingambit\n|-resisted|p1a: Kingambit|1\n|-damage|p1a: Kingambit|31/100\n|move|p1a: Kingambit|Sucker Punch||[still]\n|-fail|p1a: Kingambit\n|move|p2a: Garchomp|Earthquake|p1a: Kingambit|[spread] p2b,p1a\n|-supereffective|p2b: Kingambit|1\n|-supereffective|p1a: Kingambit|1\n|-damage|p2b: Kingambit|0 fnt\n|-damage|p1a: Kingambit|0 fnt\n|faint|p2b: Kingambit\n|faint|p1a: Kingambit\n|\n|win|funmer\n|raw|Nait02's rating: 1116 &rarr; <strong>1098</strong><br />(-18 for losing)\n|raw|funmer's rating: 1211 &rarr; <strong>1229</strong><br />(+18 for winning)\n|l|\u203dNait02\n|player|p1|\n|c|\u2606funmer|gg\n",
  "uploadtime": 1776242015,
  "views": 27,
  "formatid": "gen9championsvgc2026regma",
  "rating": 1098,
  "private": 0,
  "password": null
}