{
  "id": "gen9championsvgc2026regma-2585686066",
  "format": "[Gen 9 Champions] VGC 2026 Reg M-A",
  "players": [
    "yhpmzy",
    "juvykid"
  ],
  "log": "|j|\u2606yhpmzy\n|j|\u2606juvykid\n|t:|1776363692\n|gametype|doubles\n|player|p1|yhpmzy|skierf|1139\n|player|p2|juvykid|veteran|1042\n|gen|9\n|tier|[Gen 9 Champions] VGC 2026 Reg M-A\n|rated|\n|rule|Species Clause: Limit one of each Pok\u00e9mon\n|rule|Item Clause: Limit 1 of each item\n|clearpoke\n|poke|p1|Charizard, L50, F|\n|poke|p1|Kingambit, L50, F|\n|poke|p1|Sneasler, L50, M|\n|poke|p1|Aerodactyl, L50, M|\n|poke|p1|Whimsicott, L50, F|\n|poke|p1|Incineroar, L50, F|\n|poke|p2|Froslass, L50, F|\n|poke|p2|Gengar, L50, F|\n|poke|p2|Basculegion, L50, M|\n|poke|p2|Sneasler, L50, M|\n|poke|p2|Kingambit, L50, M|\n|poke|p2|Garchomp, L50, M|\n|teampreview|4\n|inactive|Battle timer is ON: inactive players will automatically lose when time's up. (requested by juvykid)\n|inactive|yhpmzy has 60 seconds left.\n|\n|t:|1776363726\n|teamsize|p1|4\n|teamsize|p2|4\n|start\n|switch|p1a: Whimsicott|Whimsicott, L50, F|100/100\n|switch|p1b: Sneasler|Sneasler, L50, M|100/100\n|switch|p2a: Kage|Gengar, L50, F|100/100\n|switch|p2b: Oni|Sneasler, L50, M|100/100\n|turn|1\n|\n|t:|1776363751\n|switch|p1a: Kingambit|Kingambit, L50, F|100/100\n|detailschange|p2a: Kage|Gengar-Mega, L50, F\n|-mega|p2a: Kage|Gengar|Gengarite\n|move|p2b: Oni|Fake Out|p1b: Sneasler\n|-damage|p1b: Sneasler|78/100\n|move|p2a: Kage|Sludge Bomb|p1a: Kingambit\n|-immune|p1a: Kingambit\n|cant|p1b: Sneasler|flinch\n|\n|upkeep\n|turn|2\n|inactive|yhpmzy has 30 seconds left.\n|\n|t:|1776363776\n|move|p1a: Kingambit|Protect|p1a: Kingambit\n|-singleturn|p1a: Kingambit|Protect\n|move|p2a: Kage|Shadow Ball|p1b: Sneasler\n|-damage|p1b: Sneasler|20/100\n|move|p2b: Oni|Close Combat|p1a: Kingambit\n|-activate|p1a: Kingambit|move: Protect\n|move|p1b: Sneasler|Dire Claw|p2b: Oni\n|-resisted|p2b: Oni|1\n|-damage|p2b: Oni|65/100\n|\n|upkeep\n|turn|3\n|\n|t:|1776363796\n|move|p1b: Sneasler|Protect|p1b: Sneasler\n|-singleturn|p1b: Sneasler|Protect\n|move|p1a: Kingambit|Sucker Punch|p2a: Kage\n|-supereffective|p2a: Kage|1\n|-damage|p2a: Kage|0 fnt\n|faint|p2a: Kage\n|move|p2b: Oni|Close Combat|p1a: Kingambit\n|-supereffective|p1a: Kingambit|2\n|-damage|p1a: Kingambit|0 fnt\n|-unboost|p2b: Oni|def|1\n|-unboost|p2b: Oni|spd|1\n|faint|p1a: Kingambit\n|\n|upkeep\n|\n|t:|1776363805\n|switch|p2a: Ebisu|Basculegion, L50, M|100/100\n|switch|p1a: Whimsicott|Whimsicott, L50, F|100/100\n|turn|4\n|\n|t:|1776363824\n|move|p1a: Whimsicott|Tailwind|p1a: Whimsicott\n|-sidestart|p1: yhpmzy|move: Tailwind\n|move|p2a: Ebisu|Aqua Jet|p1b: Sneasler\n|-crit|p1b: Sneasler\n|-damage|p1b: Sneasler|0 fnt\n|faint|p1b: Sneasler\n|move|p2b: Oni|Dire Claw|p1a: Whimsicott\n|-supereffective|p1a: Whimsicott|2\n|-enditem|p1a: Whimsicott|Focus Sash\n|-damage|p1a: Whimsicott|1/100\n|\n|upkeep\n|\n|t:|1776363831\n|switch|p1b: Charizard|Charizard, L50, F|100/100\n|turn|5\n|\n|t:|1776363854\n|detailschange|p1b: Charizard|Charizard-Mega-Y, L50, F\n|-mega|p1b: Charizard|Charizard|Charizardite Y\n|-weather|SunnyDay|[from] ability: Drought|[of] p1b: Charizard\n|move|p1a: Whimsicott|Protect|p1a: Whimsicott\n|-singleturn|p1a: Whimsicott|Protect\n|move|p2a: Ebisu|Protect|p2a: Ebisu\n|-singleturn|p2a: Ebisu|Protect\n|move|p1b: Charizard|Heat Wave|p2b: Oni|[spread] p2b\n|-activate|p2a: Ebisu|move: Protect\n|-damage|p2b: Oni|0 fnt\n|faint|p2b: Oni\n|\n|-weather|SunnyDay|[upkeep]\n|upkeep\n|\n|t:|1776363866\n|switch|p2b: Shumokuzame|Garchomp, L50, M|100/100\n|turn|6\n|\n|t:|1776363879\n|move|p2a: Ebisu|Aqua Jet|p1a: Whimsicott\n|-resisted|p1a: Whimsicott|1\n|-damage|p1a: Whimsicott|0 fnt\n|faint|p1a: Whimsicott\n|move|p1b: Charizard|Heat Wave|p2a: Ebisu|[spread] p2a,p2b\n|-resisted|p2a: Ebisu|1\n|-resisted|p2b: Shumokuzame|1\n|-damage|p2a: Ebisu|62/100\n|-damage|p2b: Shumokuzame|67/100\n|move|p2b: Shumokuzame|Rock Slide|p1b: Charizard\n|-supereffective|p1b: Charizard|2\n|-damage|p1b: Charizard|1/100\n|\n|-weather|SunnyDay|[upkeep]\n|upkeep\n|turn|7\n|-message|yhpmzy forfeited.\n|\n|win|juvykid\n|raw|yhpmzy's rating: 1139 &rarr; <strong>1107</strong><br />(-32 for losing)\n|raw|juvykid's rating: 1042 &rarr; <strong>1085</strong><br />(+43 for winning)\n|l|\u2606yhpmzy\n|player|p1|\n",
  "uploadtime": 1776363894,
  "views": 16,
  "formatid": "gen9championsvgc2026regma",
  "rating": 1085,
  "private": 0,
  "password": null
}