{
  "id": "gen9championsvgc2026regma-2580430019",
  "format": "[Gen 9 Champions] VGC 2026 Reg M-A",
  "players": [
    "joshferd",
    "g-cat12"
  ],
  "log": "|j|\u2606joshferd\n|j|\u2606g-cat12\n|t:|1775895311\n|gametype|doubles\n|player|p1|joshferd|102|1081\n|player|p2|g-cat12|shadowtriad|1000\n|gen|9\n|tier|[Gen 9 Champions] VGC 2026 Reg M-A\n|rated|\n|rule|Species Clause: Limit one of each Pok\u00e9mon\n|rule|Item Clause: Limit 1 of each item\n|clearpoke\n|poke|p1|Banette, L50, F|\n|poke|p1|Beartic, L50, M|\n|poke|p1|Sneasler, L50, M|\n|poke|p1|Archaludon, L50, M|\n|poke|p1|Basculegion-F, L50, F|\n|poke|p1|Tsareena, L50, F|\n|poke|p2|Charizard, L50, F|\n|poke|p2|Garchomp, L50, M|\n|poke|p2|Sneasler, L50, F|\n|poke|p2|Venusaur, L50, F|\n|poke|p2|Rotom-Wash, L50|\n|poke|p2|Incineroar, L50, F|\n|teampreview|4\n|\n|t:|1775895349\n|teamsize|p1|4\n|teamsize|p2|4\n|start\n|switch|p1a: Banette|Banette, L50, F|100/100\n|switch|p1b: Beartic|Beartic, L50, M|100/100\n|switch|p2a: Garchomp|Garchomp, L50, M|100/100\n|switch|p2b: Venusaur|Venusaur, L50, F|100/100\n|turn|1\n|\n|t:|1775895362\n|move|p1a: Banette|Protect|p1a: Banette\n|-singleturn|p1a: Banette|Protect\n|move|p1b: Beartic|Protect|p1b: Beartic\n|-singleturn|p1b: Beartic|Protect\n|move|p2a: Garchomp|Rock Slide|p1a: Banette|[spread] \n|-activate|p1a: Banette|move: Protect\n|-activate|p1b: Beartic|move: Protect\n|move|p2b: Venusaur|Sleep Powder|p1a: Banette\n|-activate|p1a: Banette|move: Protect\n|\n|upkeep\n|turn|2\n|\n|t:|1775895386\n|detailschange|p1a: Banette|Banette-Mega, L50, F\n|-mega|p1a: Banette|Banette|Banettite\n|move|p1a: Banette|Disable|p2b: Venusaur\n|-start|p2b: Venusaur|Disable|Sleep Powder\n|move|p2a: Garchomp|Rock Slide|p1a: Banette|[spread] p1a,p1b\n|-supereffective|p1b: Beartic|1\n|-damage|p1a: Banette|66/100\n|-damage|p1b: Beartic|50/100\n|cant|p2b: Venusaur|Disable|Sleep Powder\n|move|p1b: Beartic|Icicle Crash|p2a: Garchomp\n|-supereffective|p2a: Garchomp|2\n|-damage|p2a: Garchomp|0 fnt\n|faint|p2a: Garchomp\n|\n|upkeep\n|\n|t:|1775895399\n|switch|p2a: Charizard|Charizard, L50, F|100/100\n|turn|3\n|\n|t:|1775895409\n|detailschange|p2a: Charizard|Charizard-Mega-Y, L50, F\n|-mega|p2a: Charizard|Charizard|Charizardite Y\n|-weather|SunnyDay|[from] ability: Drought|[of] p2a: Charizard\n|move|p1a: Banette|Rain Dance|p1a: Banette\n|-weather|RainDance\n|move|p1b: Beartic|Liquidation|p2a: Charizard\n|-supereffective|p2a: Charizard|1\n|-damage|p2a: Charizard|0 fnt\n|faint|p2a: Charizard\n|move|p2b: Venusaur|Leaf Storm|p1a: Banette\n|-damage|p1a: Banette|0 fnt\n|-unboost|p2b: Venusaur|spa|2\n|faint|p1a: Banette\n|\n|-weather|RainDance|[upkeep]\n|upkeep\n|\n|t:|1775895431\n|switch|p2a: Sneasler|Sneasler, L50, F|100/100\n|switch|p1a: Sneasler|Sneasler, L50, M|100/100\n|turn|4\n|\n|t:|1775895445\n|move|p1b: Beartic|Protect|p1b: Beartic\n|-singleturn|p1b: Beartic|Protect\n|move|p1a: Sneasler|Protect|p1a: Sneasler\n|-singleturn|p1a: Sneasler|Protect\n|move|p2a: Sneasler|Fake Out|p1a: Sneasler\n|-activate|p1a: Sneasler|move: Protect\n|move|p2b: Venusaur|Sludge Bomb|p1b: Beartic\n|-activate|p1b: Beartic|move: Protect\n|\n|-weather|RainDance|[upkeep]\n|upkeep\n|turn|5\n|\n|t:|1775895456\n|move|p1b: Beartic|Encore|p2a: Sneasler\n|-start|p2a: Sneasler|Encore\n|move|p2a: Sneasler|Fake Out||[still]\n|-hint|Fake Out only works on your first turn out.\n|-fail|p2a: Sneasler\n|move|p1a: Sneasler|Dire Claw|p2b: Venusaur\n|-damage|p2b: Venusaur|36/100\n|move|p2b: Venusaur|Sludge Bomb|p1b: Beartic\n|-damage|p1b: Beartic|22/100\n|\n|-weather|RainDance|[upkeep]\n|-end|p2b: Venusaur|Disable\n|upkeep\n|turn|6\n|\n|t:|1775895476\n|move|p1b: Beartic|Icicle Crash|p2b: Venusaur\n|-supereffective|p2b: Venusaur|1\n|-damage|p2b: Venusaur|0 fnt\n|faint|p2b: Venusaur\n|-activate|p2a: Sneasler|move: Struggle\n|move|p2a: Sneasler|Struggle|p1a: Sneasler\n|-damage|p1a: Sneasler|70/100\n|-damage|p2a: Sneasler|76/100|[from] recoil\n|move|p1a: Sneasler|Dire Claw|p2a: Sneasler\n|-resisted|p2a: Sneasler|1\n|-damage|p2a: Sneasler|34/100\n|\n|-weather|RainDance|[upkeep]\n|upkeep\n|turn|7\n|\n|t:|1775895492\n|move|p1b: Beartic|Icicle Crash|p2a: Sneasler\n|-damage|p2a: Sneasler|0 fnt\n|faint|p2a: Sneasler\n|\n|win|joshferd\n|raw|joshferd's rating: 1081 &rarr; <strong>1102</strong><br />(+21 for winning)\n|raw|g-cat12's rating: 1000 &rarr; <strong>1000</strong><br />(+0 for losing)\n",
  "uploadtime": 1775895501,
  "views": 37,
  "formatid": "gen9championsvgc2026regma",
  "rating": 1000,
  "private": 0,
  "password": null
}