{
  "id": "gen9championsvgc2026regma-2588403025",
  "format": "[Gen 9 Champions] VGC 2026 Reg M-A",
  "players": [
    "kelbankelban",
    "LamestAmos"
  ],
  "log": "|j|\u2606kelbankelban\n|j|\u2606LamestAmos\n|t:|1776630564\n|gametype|doubles\n|player|p1|kelbankelban|cheryl|1354\n|player|p2|LamestAmos|veteran|1472\n|gen|9\n|tier|[Gen 9 Champions] VGC 2026 Reg M-A\n|rated|\n|rule|Species Clause: Limit one of each Pok\u00e9mon\n|rule|Item Clause: Limit 1 of each item\n|clearpoke\n|poke|p1|Meganium, L50, F|\n|poke|p1|Pelipper, L50, F|\n|poke|p1|Archaludon, L50, F|\n|poke|p1|Sneasler, L50, F|\n|poke|p1|Sinistcha, L50|\n|poke|p1|Arcanine-Hisui, L50, M|\n|poke|p2|Aggron, L50, M|\n|poke|p2|Sinistcha-Masterpiece, L50|\n|poke|p2|Incineroar, L50, M|\n|poke|p2|Sneasler, L50, M|\n|poke|p2|Pelipper, L50, F|\n|poke|p2|Basculegion, L50, M|\n|teampreview|4\n|inactive|Battle timer is ON: inactive players will automatically lose when time's up. (requested by kelbankelban)\nkelbankelban rejected open team sheets.\n|inactive|kelbankelban has 60 seconds left.\n|\n|t:|1776630602\n|teamsize|p1|4\n|teamsize|p2|4\n|start\n|switch|p1a: Arcanine|Arcanine-Hisui, L50, M|100/100\n|switch|p1b: Sneasler|Sneasler, L50, F|100/100\n|switch|p2a: The Wall|Aggron, L50, M|100/100\n|switch|p2b: Basculegion|Basculegion, L50, M|100/100\n|-ability|p1a: Arcanine|Intimidate|boost\n|-unboost|p2a: The Wall|atk|1\n|-unboost|p2b: Basculegion|atk|1\n|turn|1\n|\n|t:|1776630623\n|switch|p1a: Archaludon|Archaludon, L50, F|100/100\n|move|p2a: The Wall|Protect|p2a: The Wall\n|-singleturn|p2a: The Wall|Protect\n|move|p2b: Basculegion|Flip Turn|p1a: Archaludon\n|-resisted|p1a: Archaludon|1\n|-damage|p1a: Archaludon|91/100\n|-ability|p1a: Archaludon|Stamina|boost\n|-boost|p1a: Archaludon|def|1\n|\n|t:|1776630634\n|switch|p2b: Sneasler|Sneasler, L50, M|100/100|[from] Flip Turn\n|move|p1b: Sneasler|Close Combat|p2a: The Wall\n|-activate|p2a: The Wall|move: Protect\n|\n|-heal|p1a: Archaludon|97/100|[from] item: Leftovers\n|upkeep\n|turn|2\n|\n|t:|1776630647\n|detailschange|p2a: The Wall|Aggron-Mega, L50, M\n|-mega|p2a: The Wall|Aggron|Aggronite\n|move|p1b: Sneasler|Protect|p1b: Sneasler\n|-singleturn|p1b: Sneasler|Protect\n|move|p1a: Archaludon|Protect|p1a: Archaludon\n|-singleturn|p1a: Archaludon|Protect\n|move|p2b: Sneasler|Fake Out|p1b: Sneasler\n|-activate|p1b: Sneasler|move: Protect\n|move|p2a: The Wall|Iron Defense|p2a: The Wall\n|-boost|p2a: The Wall|def|2\n|\n|-heal|p1a: Archaludon|100/100|[from] item: Leftovers\n|upkeep\n|turn|3\n|\n|t:|1776630672\n|move|p1b: Sneasler|Close Combat|p2a: The Wall\n|-supereffective|p2a: The Wall|1\n|-damage|p2a: The Wall|75/100\n|-unboost|p1b: Sneasler|def|1\n|-unboost|p1b: Sneasler|spd|1\n|-immune|p2a: The Wall\n|-enditem|p1b: Sneasler|White Herb\n|-clearnegativeboost|p1b: Sneasler|[silent]\n|move|p2b: Sneasler|Close Combat|p1a: Archaludon\n|-supereffective|p1a: Archaludon|1\n|-damage|p1a: Archaludon|27/100\n|-unboost|p2b: Sneasler|def|1\n|-unboost|p2b: Sneasler|spd|1\n|-ability|p1a: Archaludon|Stamina|boost\n|-boost|p1a: Archaludon|def|1\n|-enditem|p2b: Sneasler|White Herb\n|-clearnegativeboost|p2b: Sneasler|[silent]\n|move|p1a: Archaludon|Electro Shot||[still]\n|-prepare|p1a: Archaludon|Electro Shot\n|-boost|p1a: Archaludon|spa|1\n|move|p2a: The Wall|Body Press|p1a: Archaludon\n|-supereffective|p1a: Archaludon|1\n|-damage|p1a: Archaludon|0 fnt\n|faint|p1a: Archaludon\n|\n|upkeep\n|c|\u2606kelbankelban|one of these is not like the other lol\n|inactive|kelbankelban has 30 seconds left.\n|\n|t:|1776630699\n|switch|p1a: Meganium|Meganium, L50, F|100/100\n|turn|4\n|c|\u2606LamestAmos|oh\n|c|\u2606LamestAmos|yeh im adamnat\n|c|\u2606LamestAmos|u got me\n|\n|t:|1776630722\n|switch|p1b: Arcanine|Arcanine-Hisui, L50, M|100/100\n|-ability|p1b: Arcanine|Intimidate|boost\n|-unboost|p2a: The Wall|atk|1\n|-unboost|p2b: Sneasler|atk|1\n|detailschange|p1a: Meganium|Meganium-Mega, L50, F\n|-mega|p1a: Meganium|Meganium|Meganiumite\n|move|p2a: The Wall|Protect|p2a: The Wall\n|-singleturn|p2a: The Wall|Protect\n|move|p2b: Sneasler|Dire Claw|p1a: Meganium\n|-supereffective|p1a: Meganium|2\n|-damage|p1a: Meganium|0 fnt\n|faint|p1a: Meganium\n|\n|upkeep\n|\n|t:|1776630732\n|switch|p1a: Sneasler|Sneasler, L50, F|100/100\n|turn|5\n|\n|t:|1776630743\n|move|p1a: Sneasler|Fake Out|p2a: The Wall\n|-resisted|p2a: The Wall|1\n|-damage|p2a: The Wall|73/100\n|move|p2b: Sneasler|Close Combat|p1b: Arcanine\n|-supereffective|p1b: Arcanine|1\n|-damage|p1b: Arcanine|0 fnt\n|-unboost|p2b: Sneasler|def|1\n|-unboost|p2b: Sneasler|spd|1\n|faint|p1b: Arcanine\n|cant|p2a: The Wall|flinch\n|\n|upkeep\n|turn|6\n|c|\u2606kelbankelban|gg\n|c|\u2606LamestAmos|gg wp\n|\n|t:|1776630755\n|switch|p2b: Sinistcha|Sinistcha-Masterpiece, L50|100/100\n|-heal|p2a: The Wall|98/100|[from] ability: Hospitality|[of] p2b: Sinistcha\n|move|p1a: Sneasler|Close Combat|p2a: The Wall\n|-supereffective|p2a: The Wall|1\n|-damage|p2a: The Wall|76/100\n|-unboost|p1a: Sneasler|def|1\n|-unboost|p1a: Sneasler|spd|1\n|-immune|p2a: The Wall\n|move|p2a: The Wall|Body Press|p1a: Sneasler\n|-resisted|p1a: Sneasler|1\n|-damage|p1a: Sneasler|0 fnt\n|faint|p1a: Sneasler\n|\n|win|LamestAmos\n|raw|kelbankelban's rating: 1354 &rarr; <strong>1341</strong><br />(-13 for losing)\n|raw|LamestAmos's rating: 1472 &rarr; <strong>1485</strong><br />(+13 for winning)\n|l|\u2606kelbankelban\n|player|p1|\n",
  "uploadtime": 1776630784,
  "views": 12,
  "formatid": "gen9championsvgc2026regma",
  "rating": 1341,
  "private": 0,
  "password": null
}