{
  "id": "gen9championsvgc2026regma-2587009883",
  "format": "[Gen 9 Champions] VGC 2026 Reg M-A",
  "players": [
    "slyvesterccd",
    "WrRude09"
  ],
  "log": "|j|\u2606slyvesterccd\n|j|\u2606WrRude09\n|t:|1776480867\n|gametype|doubles\n|player|p1|slyvesterccd|169|1044\n|player|p2|WrRude09|hilbert-wonderlauncher|1042\n|gen|9\n|tier|[Gen 9 Champions] VGC 2026 Reg M-A\n|rated|\n|rule|Species Clause: Limit one of each Pok\u00e9mon\n|rule|Item Clause: Limit 1 of each item\n|clearpoke\n|poke|p1|Gardevoir, L50, F|\n|poke|p1|Sinistcha, L50|\n|poke|p1|Slowking-Galar, L50, M|\n|poke|p1|Conkeldurr, L50, M|\n|poke|p1|Farigiraf, L50, M|\n|poke|p1|Heracross, L50, M|\n|poke|p2|Talonflame, L50, F|\n|poke|p2|Toucannon, L50, M|\n|poke|p2|Kangaskhan, L50, F|\n|poke|p2|Whimsicott, L50, M|\n|poke|p2|Slurpuff, L50, F|\n|poke|p2|Tinkaton, L50, F|\n|teampreview|4\n|\n|t:|1776480893\n|teamsize|p1|4\n|teamsize|p2|4\n|start\n|switch|p1a: Farigiraf|Farigiraf, L50, M|100/100\n|switch|p1b: Conkeldurr|Conkeldurr, L50, M|100/100\n|switch|p2a: Talonflame|Talonflame, L50, F|100/100\n|switch|p2b: Whimsicott|Whimsicott, L50, M|100/100\n|turn|1\n|\n|t:|1776480912\n|move|p2b: Whimsicott|Tailwind|p2b: Whimsicott\n|-sidestart|p2: WrRude09|move: Tailwind\n|move|p2a: Talonflame|Taunt|p1a: Farigiraf\n|-start|p1a: Farigiraf|move: Taunt\n|move|p1b: Conkeldurr|Ice Punch|p2b: Whimsicott\n|-supereffective|p2b: Whimsicott|1\n|-damage|p2b: Whimsicott|17/100\n|cant|p1a: Farigiraf|move: Taunt|Trick Room\n|\n|upkeep\n|turn|2\n|\n|t:|1776480929\n|move|p2a: Talonflame|Brave Bird||[still]\n|cant|p1a: Farigiraf|ability: Armor Tail|Brave Bird|[of] p2a: Talonflame\n|move|p2b: Whimsicott|Memento||[still]\n|cant|p1a: Farigiraf|ability: Armor Tail|Memento|[of] p2b: Whimsicott\n|move|p1a: Farigiraf|Psychic Noise|p2a: Talonflame\n|-damage|p2a: Talonflame|54/100\n|-start|p2a: Talonflame|move: Heal Block\n|move|p1b: Conkeldurr|Knock Off|p2a: Talonflame\n|-damage|p2a: Talonflame|0 fnt\n|-enditem|p2a: Talonflame|Charti Berry|[from] move: Knock Off|[of] p1b: Conkeldurr\n|faint|p2a: Talonflame\n|\n|upkeep\n|\n|t:|1776480945\n|switch|p2a: Kangaskhan|Kangaskhan, L50, F|100/100\n|turn|3\n|\n|t:|1776480956\n|detailschange|p2a: Kangaskhan|Kangaskhan-Mega, L50, F\n|-mega|p2a: Kangaskhan|Kangaskhan|Kangaskhanite\n|move|p2b: Whimsicott|Protect|p2b: Whimsicott\n|-singleturn|p2b: Whimsicott|Protect\n|move|p2a: Kangaskhan|Rock Slide|p1a: Farigiraf|[spread] p1a,p1b\n|-resisted|p1b: Conkeldurr|1\n|-damage|p1a: Farigiraf|80/100\n|-damage|p1b: Conkeldurr|93/100\n|move|p1a: Farigiraf|Psychic Noise|p2b: Whimsicott\n|-activate|p2b: Whimsicott|move: Protect\n|cant|p1b: Conkeldurr|flinch\n|\n|-end|p1a: Farigiraf|move: Taunt\n|upkeep\n|turn|4\n|\n|t:|1776481001\n|move|p2b: Whimsicott|Protect|p2b: Whimsicott\n|-singleturn|p2b: Whimsicott|Protect\n|move|p2a: Kangaskhan|Rock Slide|p1a: Farigiraf|[spread] p1a\n|-miss|p2a: Kangaskhan|p1b: Conkeldurr\n|-damage|p1a: Farigiraf|60/100\n|move|p1b: Conkeldurr|Drain Punch|p2a: Kangaskhan\n|-supereffective|p2a: Kangaskhan|1\n|-damage|p2a: Kangaskhan|13/100\n|-heal|p1b: Conkeldurr|100/100|[from] drain|[of] p2a: Kangaskhan\n|move|p1a: Farigiraf|Trick Room|p1a: Farigiraf\n|-fieldstart|move: Trick Room|[of] p1a: Farigiraf\n|\n|-sideend|p2: WrRude09|move: Tailwind\n|upkeep\n|turn|5\n|\n|t:|1776481020\n|move|p2a: Kangaskhan|Protect|p2a: Kangaskhan\n|-singleturn|p2a: Kangaskhan|Protect\n|move|p2b: Whimsicott|Encore||[still]\n|cant|p1a: Farigiraf|ability: Armor Tail|Encore|[of] p2b: Whimsicott\n|move|p1b: Conkeldurr|Drain Punch|p2a: Kangaskhan\n|-activate|p2a: Kangaskhan|move: Protect\n|move|p1a: Farigiraf|Psychic Noise|p2b: Whimsicott\n|-damage|p2b: Whimsicott|0 fnt\n|faint|p2b: Whimsicott\n|\n|upkeep\n|\n|t:|1776481034\n|switch|p2b: Toucannon|Toucannon, L50, M|100/100\n|turn|6\n|\n|t:|1776481047\n|move|p2a: Kangaskhan|Protect||[still]\n|-fail|p2a: Kangaskhan\n|move|p1b: Conkeldurr|Ice Punch|p2b: Toucannon\n|-supereffective|p2b: Toucannon|1\n|-damage|p2b: Toucannon|0 fnt\n|faint|p2b: Toucannon\n|move|p1a: Farigiraf|Psychic Noise|p2a: Kangaskhan\n|-damage|p2a: Kangaskhan|0 fnt\n|faint|p2a: Kangaskhan\n|\n|win|slyvesterccd\n|raw|slyvesterccd's rating: 1044 &rarr; <strong>1077</strong><br />(+33 for winning)\n|raw|WrRude09's rating: 1042 &rarr; <strong>1026</strong><br />(-16 for losing)\n|l|\u2606WrRude09\n|player|p2|\n",
  "uploadtime": 1776481055,
  "views": 16,
  "formatid": "gen9championsvgc2026regma",
  "rating": 1026,
  "private": 0,
  "password": null
}