{
  "id": "gen9championsvgc2026regma-2582134853",
  "format": "[Gen 9 Champions] VGC 2026 Reg M-A",
  "players": [
    "Sores",
    "holdingc"
  ],
  "log": "|j|\u2606Sores\n|j|\u2606holdingc\n|t:|1776062479\n|gametype|doubles\n|player|p1|Sores|veteran|1232\n|player|p2|holdingc|anabel-gen7|1130\n|gen|9\n|tier|[Gen 9 Champions] VGC 2026 Reg M-A\n|rated|\n|rule|Species Clause: Limit one of each Pok\u00e9mon\n|rule|Item Clause: Limit 1 of each item\n|clearpoke\n|poke|p1|Sableye, L50, F|\n|poke|p1|Incineroar, L50, M|\n|poke|p1|Farigiraf, L50, M|\n|poke|p1|Milotic, L50, M|\n|poke|p1|Archaludon, L50, F|\n|poke|p1|Ninetales-Alola, L50, F|\n|poke|p2|Meowscarada, L50, M|\n|poke|p2|Garchomp, L50, M|\n|poke|p2|Talonflame, L50, F|\n|poke|p2|Sylveon, L50, M|\n|poke|p2|Glimmora, L50, M|\n|poke|p2|Rotom-Wash, L50|\n|teampreview|4\n|inactive|Battle timer is ON: inactive players will automatically lose when time's up. (requested by holdingc)\n|\n|t:|1776062505\n|teamsize|p1|4\n|teamsize|p2|4\n|start\n|switch|p1a: Farigiraf|Farigiraf, L50, M|100/100\n|switch|p1b: Archaludon|Archaludon, L50, F|100/100\n|switch|p2a: Talonflame|Talonflame, L50, F|100/100\n|switch|p2b: Glimmora|Glimmora, L50, M|100/100\n|turn|1\n|\n|t:|1776062525\n|switch|p2a: Garchomp|Garchomp, L50, M|100/100\n|detailschange|p2b: Glimmora|Glimmora-Mega, L50, M\n|-mega|p2b: Glimmora|Glimmora|Glimmoranite\n|move|p1b: Archaludon|Flash Cannon|p2b: Glimmora\n|-supereffective|p2b: Glimmora|1\n|-damage|p2b: Glimmora|5/100\n|move|p2b: Glimmora|Earth Power|p1b: Archaludon\n|-supereffective|p1b: Archaludon|1\n|-damage|p1b: Archaludon|7/100\n|move|p1a: Farigiraf|Trick Room|p1a: Farigiraf\n|-fieldstart|move: Trick Room|[of] p1a: Farigiraf\n|\n|upkeep\n|turn|2\n|\n|t:|1776062544\n|switch|p1b: Sableye|Sableye, L50, F|100/100\n|move|p2a: Garchomp|Protect|p2a: Garchomp\n|-singleturn|p2a: Garchomp|Protect\n|move|p2b: Glimmora|Spiky Shield|p2b: Glimmora\n|-singleturn|p2b: Glimmora|move: Protect\n|move|p1a: Farigiraf|Psychic Noise|p2b: Glimmora\n|-activate|p2b: Glimmora|move: Protect\n|\n|upkeep\n|turn|3\n|\n|t:|1776062552\n|switch|p2b: Meowscarada|Meowscarada, L50, M|100/100\n|detailschange|p1b: Sableye|Sableye-Mega, L50, F\n|-mega|p1b: Sableye|Sableye|Sablenite\n|move|p1b: Sableye|Bulk Up|p1b: Sableye\n|-boost|p1b: Sableye|atk|1\n|-boost|p1b: Sableye|def|1\n|move|p1a: Farigiraf|Psychic Noise|p2b: Meowscarada\n|-immune|p2b: Meowscarada\n|move|p2a: Garchomp|Earthquake|p1a: Farigiraf|[spread] p2b,p1a,p1b\n|-resisted|p2b: Meowscarada|1\n|-damage|p2b: Meowscarada|67/100\n|-damage|p1a: Farigiraf|58/100\n|-damage|p1b: Sableye|75/100\n|\n|upkeep\n|turn|4\n|inactive|holdingc has 30 seconds left.\n|\n|t:|1776062593\n|move|p1b: Sableye|Bulk Up|p1b: Sableye\n|-boost|p1b: Sableye|atk|1\n|-boost|p1b: Sableye|def|1\n|move|p1a: Farigiraf|Psychic Noise|p2a: Garchomp\n|-damage|p2a: Garchomp|72/100\n|-start|p2a: Garchomp|move: Heal Block\n|move|p2a: Garchomp|Dragon Claw|p1b: Sableye\n|-damage|p1b: Sableye|48/100\n|move|p2b: Meowscarada|Knock Off|p1a: Farigiraf\n|-supereffective|p1a: Farigiraf|1\n|-damage|p1a: Farigiraf|0 fnt\n|-enditem|p1a: Farigiraf|Mental Herb|[from] move: Knock Off|[of] p2b: Meowscarada\n|faint|p1a: Farigiraf\n|\n|upkeep\n|\n|t:|1776062596\n|switch|p1a: Milotic|Milotic, L50, M|100/100\n|turn|5\n|\n|t:|1776062607\n|move|p2a: Garchomp|Protect|p2a: Garchomp\n|-singleturn|p2a: Garchomp|Protect\n|move|p2b: Meowscarada|Protect|p2b: Meowscarada\n|-singleturn|p2b: Meowscarada|Protect\n|move|p1b: Sableye|Drain Punch|p2b: Meowscarada\n|-activate|p2b: Meowscarada|move: Protect\n|move|p1a: Milotic|Coil|p1a: Milotic\n|-boost|p1a: Milotic|atk|1\n|-boost|p1a: Milotic|def|1\n|-boost|p1a: Milotic|accuracy|1\n|\n|-end|p2a: Garchomp|move: Heal Block\n|-fieldend|move: Trick Room\n|upkeep\n|turn|6\n|\n|t:|1776062627\n|move|p2b: Meowscarada|Flower Trick|p1b: Sableye\n|-crit|p1b: Sableye\n|-damage|p1b: Sableye|4/100\n|move|p2a: Garchomp|Rock Slide|p1b: Sableye|[spread] p1a,p1b\n|-damage|p1a: Milotic|85/100\n|-damage|p1b: Sableye|0 fnt\n|faint|p1b: Sableye\n|move|p1a: Milotic|Hypnosis|p2a: Garchomp\n|-status|p2a: Garchomp|slp|[from] move: Hypnosis\n|\n|-heal|p1a: Milotic|92/100|[from] item: Leftovers\n|upkeep\n|\n|t:|1776062636\n|switch|p1b: Archaludon|Archaludon, L50, F|7/100\n|turn|7\n|\n|t:|1776062647\n|move|p2b: Meowscarada|Protect|p2b: Meowscarada\n|-singleturn|p2b: Meowscarada|Protect\n|cant|p2a: Garchomp|slp\n|move|p1b: Archaludon|Draco Meteor|p2b: Meowscarada\n|-activate|p2b: Meowscarada|move: Protect\n|move|p1a: Milotic|Muddy Water|p2b: Meowscarada|[spread] p2a\n|-activate|p2b: Meowscarada|move: Protect\n|-damage|p2a: Garchomp|43/100 slp\n|-unboost|p2a: Garchomp|accuracy|1\n|\n|-heal|p1a: Milotic|98/100|[from] item: Leftovers\n|upkeep\n|turn|8\n|\n|t:|1776062655\n|move|p1b: Archaludon|Draco Meteor|p2b: Meowscarada\n|-damage|p2b: Meowscarada|0 fnt\n|-unboost|p1b: Archaludon|spa|2\n|faint|p2b: Meowscarada\n|-curestatus|p2a: Garchomp|slp|[msg]\n|move|p2a: Garchomp|Dragon Claw|p1b: Archaludon\n|-damage|p1b: Archaludon|0 fnt\n|faint|p1b: Archaludon\n|move|p1a: Milotic|Coil|p1a: Milotic\n|-boost|p1a: Milotic|atk|1\n|-boost|p1a: Milotic|def|1\n|-boost|p1a: Milotic|accuracy|1\n|\n|-heal|p1a: Milotic|100/100|[from] item: Leftovers\n|upkeep\n|\n|t:|1776062668\n|switch|p2b: Glimmora|Glimmora-Mega, L50, M|5/100\n|turn|9\n|\n|t:|1776062675\n|move|p2b: Glimmora|Sludge Bomb|p1a: Milotic\n|-damage|p1a: Milotic|49/100\n|move|p2a: Garchomp|Dragon Claw|p1a: Milotic|[miss]\n|-miss|p2a: Garchomp|p1a: Milotic\n|move|p1a: Milotic|Muddy Water|p2a: Garchomp|[spread] p2a,p2b\n|-supereffective|p2b: Glimmora|1\n|-damage|p2a: Garchomp|16/100\n|-damage|p2b: Glimmora|0 fnt\n|-unboost|p2a: Garchomp|accuracy|1\n|faint|p2b: Glimmora\n|\n|-heal|p1a: Milotic|56/100|[from] item: Leftovers\n|upkeep\n|\n|t:|1776062678\n|switch|p2b: Talonflame|Talonflame, L50, F|100/100\n|turn|10\n|\n|t:|1776062688\n|move|p1a: Milotic|Protect|p1a: Milotic\n|-singleturn|p1a: Milotic|Protect\n|move|p2b: Talonflame|Brave Bird|p1a: Milotic\n|-activate|p1a: Milotic|move: Protect\n|move|p2a: Garchomp|Dragon Claw|p1a: Milotic\n|-activate|p1a: Milotic|move: Protect\n|\n|-heal|p1a: Milotic|62/100|[from] item: Leftovers\n|upkeep\n|turn|11\n|\n|t:|1776062697\n|move|p2b: Talonflame|Brave Bird|p1a: Milotic\n|-damage|p1a: Milotic|32/100\n|-damage|p2b: Talonflame|88/100|[from] Recoil\n|move|p2a: Garchomp|Dragon Claw|p1a: Milotic\n|-damage|p1a: Milotic|2/100\n|move|p1a: Milotic|Muddy Water|p2a: Garchomp|[spread] p2a,p2b\n|-supereffective|p2b: Talonflame|1\n|-damage|p2a: Garchomp|0 fnt\n|-damage|p2b: Talonflame|19/100\n|faint|p2a: Garchomp\n|\n|-heal|p1a: Milotic|8/100|[from] item: Leftovers\n|upkeep\n|turn|12\n|\n|t:|1776062713\n|move|p1a: Milotic|Protect|p1a: Milotic\n|-singleturn|p1a: Milotic|Protect\n|move|p2b: Talonflame|Feint|p1a: Milotic\n|-activate|p1a: Milotic|move: Feint\n|-damage|p1a: Milotic|4/100\n|\n|-heal|p1a: Milotic|10/100|[from] item: Leftovers\n|upkeep\n|turn|13\n|\n|t:|1776062722\n|move|p2b: Talonflame|Brave Bird|p1a: Milotic\n|-damage|p1a: Milotic|0 fnt\n|faint|p1a: Milotic\n|-damage|p2b: Talonflame|15/100|[from] Recoil\n|\n|win|holdingc\n|raw|Sores's rating: 1232 &rarr; <strong>1200</strong><br />(-32 for losing)\n|raw|holdingc's rating: 1130 &rarr; <strong>1162</strong><br />(+32 for winning)\n",
  "uploadtime": 1776062725,
  "views": 10,
  "formatid": "gen9championsvgc2026regma",
  "rating": 1162,
  "private": 0,
  "password": null
}