{
  "id": "gen9championsvgc2026regma-2589593326",
  "format": "[Gen 9 Champions] VGC 2026 Reg M-A",
  "players": [
    "Tozin2010/\u3053\u306d\u308b",
    "777dirty"
  ],
  "log": "|init|battle\n|title|Tozin2010/\u3053\u306d\u308b vs. 777dirty\n|j|\u2606Tozin2010/\u3053\u306d\u308b\n|j|\u2606777dirty\n|t:|1776737278\n|gametype|doubles\n|player|p1|Tozin2010/\u3053\u306d\u308b|nate|1048\n|player|p2|777dirty|skier|1049\n|gen|9\n|tier|[Gen 9 Champions] VGC 2026 Reg M-A\n|rated|\n|rule|Species Clause: Limit one of each Pok\u00e9mon\n|rule|Item Clause: Limit 1 of each item\n|clearpoke\n|poke|p1|Basculegion-F, L50, F|\n|poke|p1|Pelipper, L50, F|\n|poke|p1|Incineroar, L50, M|\n|poke|p1|Lucario, L50, M|\n|poke|p1|Clefable, L50, F|\n|poke|p1|Jolteon, L50, M|\n|poke|p2|Charizard, L50, M, shiny|\n|poke|p2|Venusaur, L50, F|\n|poke|p2|Garchomp, L50, M|\n|poke|p2|Incineroar, L50, M|\n|poke|p2|Rotom-Wash, L50|\n|poke|p2|Sneasler, L50, M|\n|teampreview|4\n|inactive|Battle timer is ON: inactive players will automatically lose when time's up. (requested by Tozin2010/\u3053\u306d\u308b)\n|inactive|Tozin2010/\u3053\u306d\u308b has 60 seconds left.\n|\n|t:|1776737311\n|teamsize|p1|4\n|teamsize|p2|4\n|start\n|switch|p1a: Jolteon|Jolteon, L50, M|100/100\n|switch|p1b: Incineroar|Incineroar, L50, M|100/100\n|switch|p2a: Sneasler|Sneasler, L50, M|100/100\n|switch|p2b: Incineroar|Incineroar, L50, M|100/100\n|-ability|p1b: Incineroar|Intimidate|boost\n|-unboost|p2a: Sneasler|atk|1\n|-unboost|p2b: Incineroar|atk|1\n|-ability|p2b: Incineroar|Intimidate|boost\n|-unboost|p1a: Jolteon|atk|1\n|-unboost|p1b: Incineroar|atk|1\n|-enditem|p2a: Sneasler|White Herb\n|-clearnegativeboost|p2a: Sneasler|[silent]\n|turn|1\n|\n|t:|1776737334\n|switch|p1a: Pelipper|Pelipper, L50, F|100/100\n|-weather|RainDance|[from] ability: Drizzle|[of] p1a: Pelipper\n|switch|p1b: Basculegion|Basculegion-F, L50, F|100/100\n|move|p2a: Sneasler|Fake Out|p1b: Basculegion\n|-immune|p1b: Basculegion\n|move|p2b: Incineroar|Fake Out|p1a: Pelipper\n|-damage|p1a: Pelipper|93/100\n|\n|-weather|RainDance|[upkeep]\n|upkeep\n|turn|2\n|inactive|777dirty has 30 seconds left.\n|\n|t:|1776737365\n|switch|p2b: Garchomp|Garchomp, L50, M|100/100\n|move|p2a: Sneasler|Dire Claw|p1a: Pelipper\n|-damage|p1a: Pelipper|55/100\n|move|p1b: Basculegion|Muddy Water|p2a: Sneasler|[spread] p2a,p2b\n|-damage|p2a: Sneasler|0 fnt\n|-damage|p2b: Garchomp|8/100\n|faint|p2a: Sneasler\n|move|p1a: Pelipper|Tailwind|p1a: Pelipper\n|-sidestart|p1: Tozin2010/\u3053\u306d\u308b|move: Tailwind\n|\n|-weather|RainDance|[upkeep]\n|upkeep\n|\n|t:|1776737378\n|switch|p2a: Charizard|Charizard, L50, M, shiny|100/100\n|turn|3\n|\n|t:|1776737389\n|detailschange|p2a: Charizard|Charizard-Mega-Y, L50, M, shiny\n|-mega|p2a: Charizard|Charizard|Charizardite Y\n|-weather|SunnyDay|[from] ability: Drought|[of] p2a: Charizard\n|move|p1b: Basculegion|Rain Dance|p1b: Basculegion\n|-weather|RainDance\n|move|p2b: Garchomp|Rock Slide|p1a: Pelipper|[spread] p1a,p1b\n|-supereffective|p1a: Pelipper|1\n|-damage|p1a: Pelipper|20/100\n|-damage|p1b: Basculegion|78/100\n|move|p2a: Charizard|Heat Wave|p1b: Basculegion|[spread] p1a,p1b\n|-resisted|p1a: Pelipper|1\n|-resisted|p1b: Basculegion|1\n|-damage|p1a: Pelipper|9/100\n|-damage|p1b: Basculegion|66/100\n|move|p1a: Pelipper|U-turn|p2b: Garchomp\n|-crit|p2b: Garchomp\n|-damage|p2b: Garchomp|0 fnt\n|-damage|p1a: Pelipper|0 fnt|[from] ability: Rough Skin|[of] p2b: Garchomp\n|faint|p2b: Garchomp\n|faint|p1a: Pelipper\n|\n|-weather|RainDance|[upkeep]\n|upkeep\n|\n|t:|1776737409\n|switch|p2b: Incineroar|Incineroar, L50, M|100/100\n|switch|p1a: Jolteon|Jolteon, L50, M|100/100\n|-ability|p2b: Incineroar|Intimidate|boost\n|-unboost|p1a: Jolteon|atk|1\n|-unboost|p1b: Basculegion|atk|1\n|turn|4\n|\n|t:|1776737424\n|move|p2a: Charizard|Protect|p2a: Charizard\n|-singleturn|p2a: Charizard|Protect\n|move|p2b: Incineroar|Fake Out|p1a: Jolteon\n|-damage|p1a: Jolteon|79/100\n|cant|p1a: Jolteon|flinch\n|move|p1b: Basculegion|Muddy Water|p2a: Charizard|[spread] p2b\n|-activate|p2a: Charizard|move: Protect\n|-supereffective|p2b: Incineroar|1\n|-damage|p2b: Incineroar|0 fnt\n|faint|p2b: Incineroar\n|\n|-weather|RainDance|[upkeep]\n|-heal|p1a: Jolteon|85/100|[from] item: Leftovers\n|upkeep\n|turn|5\n|\n|t:|1776737441\n|move|p1a: Jolteon|Thunder|p2a: Charizard\n|-supereffective|p2a: Charizard|1\n|-damage|p2a: Charizard|18/100\n|move|p1b: Basculegion|Muddy Water|p2a: Charizard|[miss]\n|-miss|p1b: Basculegion|p2a: Charizard\n|move|p2a: Charizard|Heat Wave|p1a: Jolteon|[spread] p1a,p1b\n|-crit|p1a: Jolteon\n|-resisted|p1b: Basculegion|1\n|-damage|p1a: Jolteon|51/100\n|-damage|p1b: Basculegion|55/100\n|\n|-weather|RainDance|[upkeep]\n|-heal|p1a: Jolteon|57/100|[from] item: Leftovers\n|-sideend|p1: Tozin2010/\u3053\u306d\u308b|move: Tailwind\n|upkeep\n|turn|6\n|-message|777dirty forfeited.\n|\n|win|Tozin2010/\u3053\u306d\u308b",
  "uploadtime": 1776737454,
  "rating": 1049,
  "source": "spectated"
}