{
  "id": "gen9championsvgc2026regma-2582372618",
  "format": "[Gen 9 Champions] VGC 2026 Reg M-A",
  "players": [
    "BerryJam8402",
    "unfurroml"
  ],
  "log": "|j|\u2606BerryJam8402\n|j|\u2606unfurroml\n|t:|1776087235\n|gametype|doubles\n|player|p1|BerryJam8402|backpacker|1208\n|player|p2|unfurroml|spark|1212\n|gen|9\n|tier|[Gen 9 Champions] VGC 2026 Reg M-A\n|rated|\n|rule|Species Clause: Limit one of each Pok\u00e9mon\n|rule|Item Clause: Limit 1 of each item\n|clearpoke\n|poke|p1|Incineroar, L50, M|\n|poke|p1|Sinistcha, L50|\n|poke|p1|Tyranitar, L50, F|\n|poke|p1|Kingambit, L50, F|\n|poke|p1|Gardevoir, L50, M|\n|poke|p1|Farigiraf, L50, M|\n|poke|p2|Pidgeot, L50, M|\n|poke|p2|Raichu, L50, M|\n|poke|p2|Garchomp, L50, F|\n|poke|p2|Incineroar, L50, F|\n|poke|p2|Sneasler, L50, F|\n|poke|p2|Farigiraf, L50, M|\n|teampreview|4\n|inactive|Battle timer is ON: inactive players will automatically lose when time's up. (requested by BerryJam8402)\n|\n|t:|1776087263\n|teamsize|p1|4\n|teamsize|p2|4\n|start\n|switch|p1a: Farigiraf|Farigiraf, L50, M|100/100\n|switch|p1b: Gardevoir|Gardevoir, L50, M|100/100\n|switch|p2a: Garchomp|Garchomp, L50, F|100/100\n|switch|p2b: Sneasler|Sneasler, L50, F|100/100\n|turn|1\n|\n|t:|1776087278\n|detailschange|p1b: Gardevoir|Gardevoir-Mega, L50, M\n|-mega|p1b: Gardevoir|Gardevoir|Gardevoirite\n|move|p2b: Sneasler|Dire Claw|p1b: Gardevoir\n|-supereffective|p1b: Gardevoir|1\n|-damage|p1b: Gardevoir|0 fnt\n|faint|p1b: Gardevoir\n|move|p2a: Garchomp|Rock Slide|p1a: Farigiraf\n|-damage|p1a: Farigiraf|65/100\n|move|p1a: Farigiraf|Trick Room|p1a: Farigiraf\n|-fieldstart|move: Trick Room|[of] p1a: Farigiraf\n|\n|upkeep\n|\n|t:|1776087293\n|switch|p1b: Sinistcha|Sinistcha, L50|100/100\n|-heal|p1a: Farigiraf|90/100|[from] ability: Hospitality|[of] p1b: Sinistcha\n|turn|2\n|\n|t:|1776087312\n|switch|p2a: Farigiraf|Farigiraf, L50, M|100/100\n|move|p1a: Farigiraf|Hyper Voice|p2a: Farigiraf|[spread] p2a,p2b\n|-crit|p2b: Sneasler\n|-damage|p2a: Farigiraf|73/100\n|-damage|p2b: Sneasler|32/100\n|move|p1b: Sinistcha|Matcha Gotcha|p2b: Sneasler|[spread] p2a,p2b\n|-resisted|p2b: Sneasler|1\n|-crit|p2b: Sneasler\n|-damage|p2a: Farigiraf|53/100\n|-damage|p2b: Sneasler|8/100\n|-status|p2a: Farigiraf|brn\n|-status|p2b: Sneasler|brn\n|move|p2b: Sneasler|Dire Claw|p1a: Farigiraf\n|-damage|p1a: Farigiraf|65/100\n|-status|p1a: Farigiraf|slp\n|\n|-heal|p2a: Farigiraf|59/100 brn|[from] item: Leftovers\n|-damage|p2a: Farigiraf|53/100 brn|[from] brn\n|-damage|p2b: Sneasler|2/100 brn|[from] brn\n|upkeep\n|turn|3\n|inactive|BerryJam8402 has 30 seconds left.\n|\n|t:|1776087340\n|switch|p1a: Burrito|Incineroar, L50, M|100/100\n|-ability|p1a: Burrito|Intimidate|boost\n|-unboost|p2a: Farigiraf|atk|1\n|-unboost|p2b: Sneasler|atk|1\n|move|p1b: Sinistcha|Matcha Gotcha|p2a: Farigiraf|[spread] p2a,p2b\n|-resisted|p2b: Sneasler|1\n|-damage|p2a: Farigiraf|33/100 brn\n|-damage|p2b: Sneasler|0 fnt\n|faint|p2b: Sneasler\n|move|p2a: Farigiraf|Trick Room|p2a: Farigiraf\n|-fieldend|move: Trick Room\n|\n|-heal|p2a: Farigiraf|39/100 brn|[from] item: Leftovers\n|-damage|p2a: Farigiraf|33/100 brn|[from] brn\n|upkeep\n|\n|t:|1776087350\n|switch|p2b: Pidgeot|Pidgeot, L50, M, shiny|100/100\n|turn|4\n|\n|t:|1776087364\n|detailschange|p2b: Pidgeot|Pidgeot-Mega, L50, M, shiny\n|-mega|p2b: Pidgeot|Pidgeot|Pidgeotite\n|move|p1a: Burrito|Fake Out||[still]\n|cant|p2a: Farigiraf|ability: Armor Tail|Fake Out|[of] p1a: Burrito\n|move|p2b: Pidgeot|Hurricane|p1b: Sinistcha\n|-supereffective|p1b: Sinistcha|1\n|-damage|p1b: Sinistcha|0 fnt\n|faint|p1b: Sinistcha\n|move|p2a: Farigiraf|Psychic|p1a: Burrito\n|-immune|p1a: Burrito\n|\n|-heal|p2a: Farigiraf|39/100 brn|[from] item: Leftovers\n|-damage|p2a: Farigiraf|33/100 brn|[from] brn\n|upkeep\n|\n|t:|1776087379\n|switch|p1b: Farigiraf|Farigiraf, L50, M|65/100 slp\n|turn|5\n|-message|BerryJam8402 forfeited.\n|\n|win|unfurroml\n|raw|BerryJam8402's rating: 1208 &rarr; <strong>1183</strong><br />(-25 for losing)\n|raw|unfurroml's rating: 1212 &rarr; <strong>1237</strong><br />(+25 for winning)\n|l|\u2606BerryJam8402\n|player|p1|\n",
  "uploadtime": 1776087393,
  "views": 12,
  "formatid": "gen9championsvgc2026regma",
  "rating": 1183,
  "private": 0,
  "password": null
}