{
  "id": "gen9championsvgc2026regma-2586779427",
  "format": "[Gen 9 Champions] VGC 2026 Reg M-A",
  "players": [
    "Cxmbi",
    "Miau22cosas"
  ],
  "log": "|j|\u2606Cxmbi\n|j|\u2606Miau22cosas\n|t:|1776459256\n|gametype|doubles\n|player|p1|Cxmbi|266|1312\n|player|p2|Miau22cosas|gentleman-gen4|1329\n|gen|9\n|tier|[Gen 9 Champions] VGC 2026 Reg M-A\n|rated|\n|rule|Species Clause: Limit one of each Pok\u00e9mon\n|rule|Item Clause: Limit 1 of each item\n|clearpoke\n|poke|p1|Kingambit, L50, F|\n|poke|p1|Camerupt, L50, F|\n|poke|p1|Farigiraf, L50, F|\n|poke|p1|Araquanid, L50, M|\n|poke|p1|Maushold, L50|\n|poke|p1|Hydrapple, L50, M|\n|poke|p2|Starmie, L50|\n|poke|p2|Tsareena, L50, F|\n|poke|p2|Incineroar, L50, M|\n|poke|p2|Typhlosion-Hisui, L50, M|\n|poke|p2|Aerodactyl, L50, M|\n|poke|p2|Weavile, L50, F|\n|teampreview|4\n|inactive|Battle timer is ON: inactive players will automatically lose when time's up. (requested by Miau22cosas)\n|inactive|Cxmbi also wants the timer to be on.\n|inactive|Miau22cosas has 60 seconds left.\n|\n|t:|1776459291\n|teamsize|p1|4\n|teamsize|p2|4\n|start\n|switch|p1a: Maushold|Maushold, L50|100/100\n|switch|p1b: Farigiraf|Farigiraf, L50, F, shiny|100/100\n|switch|p2a: Tsareena|Tsareena, L50, F|100/100\n|switch|p2b: Typhlosion|Typhlosion-Hisui, L50, M|100/100\n|-item|p1a: Maushold|Focus Sash|[from] ability: Frisk|[of] p2b: Typhlosion\n|-item|p1b: Farigiraf|Colbur Berry|[from] ability: Frisk|[of] p2b: Typhlosion\n|turn|1\n|\n|t:|1776459311\n|move|p2b: Typhlosion|Eruption|p1b: Farigiraf|[spread] p1a,p1b\n|-damage|p1a: Maushold|20/100\n|-damage|p1b: Farigiraf|56/100\n|move|p1a: Maushold|After You|p1b: Farigiraf\n|-activate|p1b: Farigiraf|move: After You\n|move|p1b: Farigiraf|Trick Room|p1b: Farigiraf\n|-fieldstart|move: Trick Room|[of] p1b: Farigiraf\n|move|p2a: Tsareena|Taunt|p1b: Farigiraf\n|-start|p1b: Farigiraf|move: Taunt\n|\n|upkeep\n|turn|2\n|inactive|Miau22cosas has 30 seconds left.\n|\n|t:|1776459343\n|move|p1b: Farigiraf|Psychic|p2a: Tsareena\n|-damage|p2a: Tsareena|45/100\n|move|p2a: Tsareena|Trop Kick|p1b: Farigiraf\n|-damage|p1b: Farigiraf|26/100\n|-unboost|p1b: Farigiraf|atk|1\n|move|p1a: Maushold|Super Fang|p2a: Tsareena\n|-damage|p2a: Tsareena|23/100\n|move|p2b: Typhlosion|Eruption|p1a: Maushold|[spread] p1a,p1b\n|-damage|p1a: Maushold|0 fnt\n|-damage|p1b: Farigiraf|0 fnt\n|faint|p1a: Maushold\n|faint|p1b: Farigiraf\n|\n|upkeep\n|\n|t:|1776459346\n|switch|p1b: Camerupt|Camerupt, L50, F, shiny|100/100\n|switch|p1a: Kingambit|Kingambit, L50, F, shiny|100/100\n|turn|3\n|inactive|Miau22cosas has 30 seconds left.\n|\n|t:|1776459374\n|detailschange|p1b: Camerupt|Camerupt-Mega, L50, F, shiny\n|-mega|p1b: Camerupt|Camerupt|Cameruptite\n|move|p1b: Camerupt|Earth Power|p2b: Typhlosion\n|-supereffective|p2b: Typhlosion|1\n|-damage|p2b: Typhlosion|0 fnt\n|faint|p2b: Typhlosion\n|move|p1a: Kingambit|Low Kick|p2a: Tsareena\n|-damage|p2a: Tsareena|7/100\n|move|p2a: Tsareena|Low Kick|p1a: Kingambit\n|-supereffective|p1a: Kingambit|2\n|-enditem|p1a: Kingambit|Chople Berry|[eat]\n|-enditem|p1a: Kingambit|Chople Berry|[weaken]\n|-damage|p1a: Kingambit|54/100\n|\n|upkeep\n|\n|t:|1776459392\n|switch|p2b: Starmie|Starmie, L50|100/100\n|turn|4\n|\n|t:|1776459401\n|detailschange|p2b: Starmie|Starmie-Mega, L50\n|-mega|p2b: Starmie|Starmie|Starminite\n|move|p1b: Camerupt|Heat Wave|p2a: Tsareena|[spread] p2a,p2b\n|-supereffective|p2a: Tsareena|1\n|-resisted|p2b: Starmie|1\n|-damage|p2a: Tsareena|0 fnt\n|-damage|p2b: Starmie|57/100\n|faint|p2a: Tsareena\n|move|p1a: Kingambit|Kowtow Cleave|p2b: Starmie\n|-supereffective|p2b: Starmie|1\n|-damage|p2b: Starmie|0 fnt\n|faint|p2b: Starmie\n|\n|upkeep\n|\n|t:|1776459406\n|switch|p2b: Incineroar|Incineroar, L50, M|100/100\n|-ability|p2b: Incineroar|Intimidate|boost\n|-unboost|p1a: Kingambit|atk|1\n|-ability|p1a: Kingambit|Defiant|boost\n|-boost|p1a: Kingambit|atk|2\n|-unboost|p1b: Camerupt|atk|1\n|turn|5\n|\n|t:|1776459419\n|move|p2b: Incineroar|Fake Out|p1b: Camerupt\n|-damage|p1b: Camerupt|89/100\n|cant|p1b: Camerupt|flinch\n|move|p1a: Kingambit|Low Kick|p2b: Incineroar\n|-supereffective|p2b: Incineroar|1\n|-damage|p2b: Incineroar|21/100\n|-enditem|p2b: Incineroar|Sitrus Berry|[eat]\n|-heal|p2b: Incineroar|46/100|[from] item: Sitrus Berry\n|\n|-fieldend|move: Trick Room\n|upkeep\n|turn|6\n|\n|t:|1776459424\n|move|p2b: Incineroar|Flare Blitz|p1a: Kingambit\n|-supereffective|p1a: Kingambit|1\n|-damage|p1a: Kingambit|0 fnt\n|faint|p1a: Kingambit\n|-damage|p2b: Incineroar|28/100|[from] Recoil\n|move|p1b: Camerupt|Earth Power|p2b: Incineroar\n|-supereffective|p2b: Incineroar|1\n|-damage|p2b: Incineroar|0 fnt\n|faint|p2b: Incineroar\n|\n|win|Cxmbi\n|raw|Cxmbi's rating: 1312 &rarr; <strong>1333</strong><br />(+21 for winning)\n|raw|Miau22cosas's rating: 1329 &rarr; <strong>1308</strong><br />(-21 for losing)\n|l|\u2606Miau22cosas\n|player|p2|\n",
  "uploadtime": 1776459428,
  "views": 72,
  "formatid": "gen9championsvgc2026regma",
  "rating": 1308,
  "private": 0,
  "password": null
}