{
  "id": "gen9championsvgc2026regma-2580675285",
  "format": "[Gen 9 Champions] VGC 2026 Reg M-A",
  "players": [
    "Ivyzinha089",
    "mimiquiu01"
  ],
  "log": "|j|\u2606Ivyzinha089\n|j|\u2606mimiquiu01\n|t:|1775923345\n|gametype|doubles\n|player|p1|Ivyzinha089|dawn|1040\n|player|p2|mimiquiu01|265|1000\n|gen|9\n|tier|[Gen 9 Champions] VGC 2026 Reg M-A\n|rated|\n|rule|Species Clause: Limit one of each Pok\u00e9mon\n|rule|Item Clause: Limit 1 of each item\n|clearpoke\n|poke|p1|Froslass, L50, F|\n|poke|p1|Sneasler, L50, F|\n|poke|p1|Kingambit, L50, F|\n|poke|p1|Garchomp, L50, M|\n|poke|p1|Whimsicott, L50, F|\n|poke|p1|Milotic, L50, F|\n|poke|p2|Mamoswine, L50, F|\n|poke|p2|Scizor, L50, M|\n|poke|p2|Sinistcha, L50|\n|poke|p2|Pelipper, L50, F|\n|poke|p2|Primarina, L50, F|\n|poke|p2|Incineroar, L50, M|\n|teampreview|4\n|inactive|Battle timer is ON: inactive players will automatically lose when time's up. (requested by Ivyzinha089)\n|inactive|mimiquiu01 has 60 seconds left.\n|inactive|mimiquiu01 has 30 seconds left.\n|inactive|mimiquiu01 has 20 seconds left.\n|\n|t:|1775923420\n|teamsize|p1|4\n|teamsize|p2|4\n|start\n|switch|p1a: Sneasler|Sneasler, L50, F|100/100\n|switch|p1b: Milotic|Milotic, L50, F|100/100\n|switch|p2a: Mamoswine|Mamoswine, L50, F|100/100\n|switch|p2b: Scizor|Scizor, L50, M|100/100\n|turn|1\n|inactive|mimiquiu01 has 30 seconds left.\n|\n|t:|1775923445\n|switch|p2b: Pelipper|Pelipper, L50, F|100/100\n|-weather|RainDance|[from] ability: Drizzle|[of] p2b: Pelipper\n|move|p1a: Sneasler|Fake Out|p2a: Mamoswine\n|-damage|p2a: Mamoswine|82/100\n|cant|p2a: Mamoswine|flinch\n|move|p1b: Milotic|Scald|p2b: Pelipper\n|-resisted|p2b: Pelipper|1\n|-damage|p2b: Pelipper|54/100\n|\n|-weather|RainDance|[upkeep]\n|upkeep\n|turn|2\n|inactive|mimiquiu01 has 30 seconds left.\n|\n|t:|1775923471\n|move|p1a: Sneasler|Protect|p1a: Sneasler\n|-singleturn|p1a: Sneasler|Protect\n|move|p2a: Mamoswine|Earthquake|p1b: Milotic|[spread] p1b\n|-activate|p1a: Sneasler|move: Protect\n|-immune|p2b: Pelipper\n|-damage|p1b: Milotic|58/100\n|move|p2b: Pelipper|Hurricane|p1a: Sneasler\n|-activate|p1a: Sneasler|move: Protect\n|move|p1b: Milotic|Muddy Water|p2b: Pelipper|[spread] p2a,p2b\n|-supereffective|p2a: Mamoswine|1\n|-resisted|p2b: Pelipper|1\n|-damage|p2a: Mamoswine|0 fnt\n|-damage|p2b: Pelipper|16/100\n|faint|p2a: Mamoswine\n|\n|-weather|RainDance|[upkeep]\n|-heal|p1b: Milotic|64/100|[from] item: Leftovers\n|upkeep\n|\n|t:|1775923479\n|switch|p2a: Primarina|Primarina, L50, F|100/100\n|turn|3\n|inactive|Ivyzinha089 has 30 seconds left.\n|\n|t:|1775923504\n|switch|p1a: Garchomp|Garchomp, L50, M|100/100\n|move|p2b: Pelipper|Tailwind|p2b: Pelipper\n|-sidestart|p2: mimiquiu01|move: Tailwind\n|move|p2a: Primarina|Hyper Voice|p1a: Garchomp|[spread] p1a,p1b\n|-resisted|p1b: Milotic|1\n|-damage|p1a: Garchomp|38/100\n|-damage|p1b: Milotic|48/100\n|move|p1b: Milotic|Muddy Water|p2a: Primarina|[spread] p2a\n|-miss|p1b: Milotic|p2b: Pelipper\n|-resisted|p2a: Primarina|1\n|-damage|p2a: Primarina|83/100\n|-unboost|p2a: Primarina|accuracy|1\n|\n|-weather|RainDance|[upkeep]\n|-heal|p2a: Primarina|89/100|[from] item: Leftovers\n|-heal|p1b: Milotic|54/100|[from] item: Leftovers\n|upkeep\n|turn|4\n|\n|t:|1775923523\n|move|p1a: Garchomp|Protect|p1a: Garchomp\n|-singleturn|p1a: Garchomp|Protect\n|move|p2b: Pelipper|Hurricane|p1b: Milotic\n|-damage|p1b: Milotic|24/100\n|move|p2a: Primarina|Hyper Voice|p1b: Milotic|[spread] \n|-activate|p1a: Garchomp|move: Protect\n|-miss|p2a: Primarina|p1b: Milotic\n|move|p1b: Milotic|Icy Wind|p2a: Primarina|[spread] p2a,p2b\n|-resisted|p2a: Primarina|1\n|-damage|p2a: Primarina|84/100\n|-damage|p2b: Pelipper|0 fnt\n|-unboost|p2a: Primarina|spe|1\n|faint|p2b: Pelipper\n|\n|-weather|RainDance|[upkeep]\n|-heal|p2a: Primarina|90/100|[from] item: Leftovers\n|-heal|p1b: Milotic|30/100|[from] item: Leftovers\n|upkeep\n|\n|t:|1775923534\n|switch|p2b: Scizor|Scizor, L50, M|100/100\n|turn|5\n|\n|t:|1775923550\n|detailschange|p2b: Scizor|Scizor-Mega, L50, M\n|-mega|p2b: Scizor|Scizor|Scizorite\n|move|p1b: Milotic|Protect|p1b: Milotic\n|-singleturn|p1b: Milotic|Protect\n|move|p2b: Scizor|Swords Dance|p2b: Scizor\n|-boost|p2b: Scizor|atk|2\n|move|p1a: Garchomp|Earthquake|p2a: Primarina|[spread] p2a,p2b\n|-activate|p1b: Milotic|move: Protect\n|-damage|p2a: Primarina|37/100\n|-damage|p2b: Scizor|60/100\n|move|p2a: Primarina|Moonblast|p1a: Garchomp|[miss]\n|-miss|p2a: Primarina|p1a: Garchomp\n|\n|-weather|none\n|-heal|p2a: Primarina|43/100|[from] item: Leftovers\n|-heal|p1b: Milotic|36/100|[from] item: Leftovers\n|upkeep\n|turn|6\n|inactive|Ivyzinha089 has 30 seconds left.\n|inactive|mimiquiu01 has 30 seconds left.\n|\n|t:|1775923588\n|move|p2b: Scizor|Bullet Punch|p1a: Garchomp\n|-damage|p1a: Garchomp|0 fnt\n|-damage|p2b: Scizor|47/100|[from] ability: Rough Skin|[of] p1a: Garchomp\n|faint|p1a: Garchomp\n|move|p2a: Primarina|Moonblast|p1b: Milotic|[miss]\n|-miss|p2a: Primarina|p1b: Milotic\n|move|p1b: Milotic|Scald|p2b: Scizor\n|-damage|p2b: Scizor|16/100\n|\n|-heal|p2a: Primarina|49/100|[from] item: Leftovers\n|-heal|p1b: Milotic|42/100|[from] item: Leftovers\n|-sideend|p2: mimiquiu01|move: Tailwind\n|upkeep\n|\n|t:|1775923603\n|switch|p1a: Sneasler|Sneasler, L50, F|100/100\n|turn|7\n|inactive|mimiquiu01 has 30 seconds left.\n|inactive|mimiquiu01 has 20 seconds left.\n|\n|t:|1775923640\n|move|p2b: Scizor|Protect|p2b: Scizor\n|-singleturn|p2b: Scizor|Protect\n|move|p1a: Sneasler|Fake Out|p2b: Scizor\n|-activate|p2b: Scizor|move: Protect\n|move|p1b: Milotic|Scald|p2b: Scizor\n|-activate|p2b: Scizor|move: Protect\n|move|p2a: Primarina|Hyper Voice|p1b: Milotic|[spread] p1a\n|-miss|p2a: Primarina|p1b: Milotic\n|-damage|p1a: Sneasler|51/100\n|\n|-heal|p1b: Milotic|48/100|[from] item: Leftovers\n|-heal|p2a: Primarina|55/100|[from] item: Leftovers\n|upkeep\n|turn|8\n|\n|t:|1775923662\n|move|p1a: Sneasler|Protect|p1a: Sneasler\n|-singleturn|p1a: Sneasler|Protect\n|move|p2b: Scizor|Bullet Punch|p1a: Sneasler\n|-activate|p1a: Sneasler|move: Protect\n|move|p1b: Milotic|Scald|p2b: Scizor\n|-damage|p2b: Scizor|0 fnt\n|faint|p2b: Scizor\n|move|p2a: Primarina|Moonblast|p1b: Milotic|[miss]\n|-miss|p2a: Primarina|p1b: Milotic\n|\n|-heal|p1b: Milotic|53/100|[from] item: Leftovers\n|-heal|p2a: Primarina|61/100|[from] item: Leftovers\n|upkeep\n|turn|9\n|c|\u2606mimiquiu01|I mean wtf is this luck\n|inactive|mimiquiu01 has 30 seconds left.\n|c|\u2606mimiquiu01|is 75% accurate\n|-message|mimiquiu01 forfeited.\n|\n|win|Ivyzinha089\n|raw|Ivyzinha089's rating: 1040 &rarr; <strong>1070</strong><br />(+30 for winning)\n|raw|mimiquiu01's rating: 1000 &rarr; <strong>1000</strong><br />(+0 for losing)\n|l|\u2606mimiquiu01\n|player|p2|\n",
  "uploadtime": 1775923697,
  "views": 19,
  "formatid": "gen9championsvgc2026regma",
  "rating": 1000,
  "private": 0,
  "password": null
}