{
  "id": "gen9championsvgc2026regma-2585062353",
  "format": "[Gen 9 Champions] VGC 2026 Reg M-A",
  "players": [
    "ezekiel5357",
    "Solmyr12"
  ],
  "log": "|j|\u203dezekiel5357\n|j|\u2606Solmyr12\n|t:|1776307927\n|gametype|doubles\n|player|p1|ezekiel5357|102|1044\n|player|p2|Solmyr12|linebacker|1071\n|gen|9\n|tier|[Gen 9 Champions] VGC 2026 Reg M-A\n|rated|\n|rule|Species Clause: Limit one of each Pok\u00e9mon\n|rule|Item Clause: Limit 1 of each item\n|clearpoke\n|poke|p1|Basculegion, L50, M|\n|poke|p1|Archaludon, L50, M|\n|poke|p1|Pelipper, L50, F|\n|poke|p1|Garchomp, L50, F|\n|poke|p1|Meganium, L50, M|\n|poke|p1|Incineroar, L50, F|\n|poke|p2|Milotic, L50, F|\n|poke|p2|Banette, L50, F|\n|poke|p2|Kleavor, L50, F|\n|poke|p2|Snorlax, L50, M|\n|poke|p2|Toucannon, L50, M|\n|poke|p2|Chimecho, L50, M|\n|teampreview|4\n|inactive|Battle timer is ON: inactive players will automatically lose when time's up. (requested by Solmyr12)\n|\n|t:|1776307953\n|teamsize|p1|4\n|teamsize|p2|4\n|start\n|switch|p1a: Archaludon|Archaludon, L50, M|100/100\n|switch|p1b: Pelipper|Pelipper, L50, F|100/100\n|switch|p2a: Snorlax|Snorlax, L50, M|100/100\n|switch|p2b: Chimecho|Chimecho, L50, M|100/100\n|-weather|RainDance|[from] ability: Drizzle|[of] p1b: Pelipper\n|turn|1\n|\n|t:|1776307977\n|switch|p1b: Incineroar|Incineroar, L50, F|100/100\n|-ability|p1b: Incineroar|Intimidate|boost\n|-unboost|p2a: Snorlax|atk|1\n|-unboost|p2b: Chimecho|atk|1\n|detailschange|p2b: Chimecho|Chimecho-Mega, L50, M\n|-mega|p2b: Chimecho|Chimecho|Chimechite\n|move|p1a: Archaludon|Electro Shot||[still]\n|-prepare|p1a: Archaludon|Electro Shot\n|-boost|p1a: Archaludon|spa|1\n|-anim|p1a: Archaludon|Electro Shot|p2b: Chimecho\n|-damage|p2b: Chimecho|50/100\n|move|p2a: Snorlax|Belly Drum|p2a: Snorlax\n|-damage|p2a: Snorlax|51/100\n|-setboost|p2a: Snorlax|atk|6|[from] move: Belly Drum\n|move|p2b: Chimecho|Trick Room|p2b: Chimecho\n|-fieldstart|move: Trick Room|[of] p2b: Chimecho\n|\n|-weather|RainDance|[upkeep]\n|upkeep\n|turn|2\n|inactive|Solmyr12 has 30 seconds left.\n|inactive|Solmyr12 has 20 seconds left.\n|\n|t:|1776308016\n|move|p1b: Incineroar|Fake Out|p2a: Snorlax\n|-damage|p2a: Snorlax|42/100\n|-enditem|p2a: Snorlax|Sitrus Berry|[eat]\n|-heal|p2a: Snorlax|67/100|[from] item: Sitrus Berry\n|cant|p2a: Snorlax|flinch\n|move|p2b: Chimecho|Psychic|p1a: Archaludon\n|-resisted|p1a: Archaludon|1\n|-damage|p1a: Archaludon|76/100\n|-ability|p1a: Archaludon|Stamina|boost\n|-boost|p1a: Archaludon|def|1\n|move|p1a: Archaludon|Electro Shot||[still]\n|-prepare|p1a: Archaludon|Electro Shot\n|-boost|p1a: Archaludon|spa|1\n|-anim|p1a: Archaludon|Electro Shot|p2a: Snorlax\n|-damage|p2a: Snorlax|12/100\n|\n|-weather|RainDance|[upkeep]\n|-heal|p1a: Archaludon|82/100|[from] item: Leftovers\n|upkeep\n|turn|3\n|inactive|ezekiel5357 has 30 seconds left.\n|inactive|ezekiel5357 has 20 seconds left.\n|\n|t:|1776308052\n|move|p1a: Archaludon|Protect|p1a: Archaludon\n|-singleturn|p1a: Archaludon|Protect\n|move|p2a: Snorlax|Earthquake|p1b: Incineroar|[spread] p1b\n|-activate|p1a: Archaludon|move: Protect\n|-immune|p2b: Chimecho|[from] ability: Levitate\n|-supereffective|p1b: Incineroar|1\n|-damage|p1b: Incineroar|0 fnt\n|faint|p1b: Incineroar\n|move|p2b: Chimecho|Psychic|p1a: Archaludon\n|-activate|p1a: Archaludon|move: Protect\n|\n|-weather|RainDance|[upkeep]\n|-heal|p1a: Archaludon|88/100|[from] item: Leftovers\n|upkeep\n|\n|t:|1776308074\n|switch|p1b: Pelipper|Pelipper, L50, F|100/100\n|turn|4\n|\n|t:|1776308085\n|move|p1b: Pelipper|Wide Guard|p1b: Pelipper\n|-singleturn|p1b: Pelipper|Wide Guard\n|move|p2a: Snorlax|Earthquake|p1b: Pelipper|[spread] \n|-activate|p1a: Archaludon|move: Wide Guard\n|-activate|p1b: Pelipper|move: Wide Guard\n|-immune|p2b: Chimecho|[from] ability: Levitate\n|move|p2b: Chimecho|Psychic|p1b: Pelipper\n|-damage|p1b: Pelipper|14/100\n|move|p1a: Archaludon|Electro Shot||[still]\n|-prepare|p1a: Archaludon|Electro Shot\n|-boost|p1a: Archaludon|spa|1\n|-anim|p1a: Archaludon|Electro Shot|p2a: Snorlax\n|-damage|p2a: Snorlax|0 fnt\n|faint|p2a: Snorlax\n|\n|-weather|RainDance|[upkeep]\n|-heal|p1a: Archaludon|94/100|[from] item: Leftovers\n|upkeep\n|c|\u2606Solmyr12|Wp\n|c|\u2606Solmyr12|Fuck that stupid bird\n|inactive|Solmyr12 has 30 seconds left.\n|\n|t:|1776308114\n|switch|p2a: Toucannon|Toucannon, L50, M|100/100\n|turn|5\n|\n|t:|1776308138\n|move|p2a: Toucannon|Brick Break|p1a: Archaludon\n|-supereffective|p1a: Archaludon|1\n|-damage|p1a: Archaludon|69/100\n|-ability|p1a: Archaludon|Stamina|boost\n|-boost|p1a: Archaludon|def|1\n|move|p2b: Chimecho|Psychic|p1a: Archaludon\n|-resisted|p1a: Archaludon|1\n|-damage|p1a: Archaludon|45/100\n|-ability|p1a: Archaludon|Stamina|boost\n|-boost|p1a: Archaludon|def|1\n|move|p1a: Archaludon|Electro Shot||[still]\n|-prepare|p1a: Archaludon|Electro Shot\n|-boost|p1a: Archaludon|spa|1\n|-anim|p1a: Archaludon|Electro Shot|p2a: Toucannon\n|-supereffective|p2a: Toucannon|1\n|-damage|p2a: Toucannon|0 fnt\n|faint|p2a: Toucannon\n|move|p1b: Pelipper|Hurricane|p2b: Chimecho\n|-resisted|p2b: Chimecho|1\n|-damage|p2b: Chimecho|31/100\n|-start|p2b: Chimecho|confusion\n|\n|-weather|none\n|-heal|p1a: Archaludon|51/100|[from] item: Leftovers\n|-fieldend|move: Trick Room\n|upkeep\n|c|\u2606Solmyr12|Wow that was awesome\n|-message|Solmyr12 forfeited.\n|\n|win|ezekiel5357\n",
  "uploadtime": 1776308109,
  "views": 20,
  "formatid": "gen9championsvgc2026regma",
  "rating": null,
  "private": 0,
  "password": null
}