{
  "id": "gen9championsvgc2026regma-2584895239",
  "format": "[Gen 9 Champions] VGC 2026 Reg M-A",
  "players": [
    "Aniaforget",
    "FlutterGainz"
  ],
  "log": "|j|\u2606Aniaforget\n|j|\u2606FlutterGainz\n|t:|1776292352\n|gametype|doubles\n|player|p1|Aniaforget|102|1187\n|player|p2|FlutterGainz|ninjaboy|1228\n|gen|9\n|tier|[Gen 9 Champions] VGC 2026 Reg M-A\n|rated|\n|rule|Species Clause: Limit one of each Pok\u00e9mon\n|rule|Item Clause: Limit 1 of each item\n|clearpoke\n|poke|p1|Incineroar, L50, F|\n|poke|p1|Sneasler, L50, F|\n|poke|p1|Kingambit, L50, F|\n|poke|p1|Delphox, L50, F|\n|poke|p1|Basculegion, L50, M|\n|poke|p1|Aerodactyl, L50, M|\n|poke|p2|Gengar, L50, F|\n|poke|p2|Kangaskhan, L50, F|\n|poke|p2|Palafin, L50, M|\n|poke|p2|Incineroar, L50, F|\n|poke|p2|Kommo-o, L50, F|\n|poke|p2|Whimsicott, L50, M|\n|teampreview|4\n|inactive|Battle timer is ON: inactive players will automatically lose when time's up. (requested by Aniaforget)\n|\n|t:|1776292391\n|teamsize|p1|4\n|teamsize|p2|4\n|start\n|switch|p1a: Sneasler|Sneasler, L50, F|100/100\n|switch|p1b: Aerodactyl|Aerodactyl, L50, M|100/100\n|switch|p2a: Kangaskhan|Kangaskhan, L50, F|100/100\n|switch|p2b: Palafin|Palafin, L50, M|100/100\n|-ability|p1b: Aerodactyl|Unnerve\n|turn|1\n|\n|t:|1776292415\n|detailschange|p2b: Palafin|Palafin-Hero, L50, M\n|switch|p2b: Whimsicott|Whimsicott, L50, M|100/100\n|detailschange|p2a: Kangaskhan|Kangaskhan-Mega, L50, F\n|-mega|p2a: Kangaskhan|Kangaskhan|Kangaskhanite\n|move|p1a: Sneasler|Fake Out|p2b: Whimsicott\n|-damage|p2b: Whimsicott|80/100\n|move|p2a: Kangaskhan|Fake Out|p1a: Sneasler\n|-damage|p1a: Sneasler|65/100\n|-damage|p1a: Sneasler|56/100\n|-hitcount|p1a: Sneasler|2\n|move|p1b: Aerodactyl|Tailwind|p1b: Aerodactyl\n|-sidestart|p1: Aniaforget|move: Tailwind\n|\n|upkeep\n|turn|2\n|inactive|FlutterGainz has 30 seconds left.\n|\n|t:|1776292448\n|switch|p2a: Incineroar|Incineroar, L50, F|100/100\n|-ability|p2a: Incineroar|Intimidate|boost\n|-unboost|p1a: Sneasler|atk|1\n|-unboost|p1b: Aerodactyl|atk|1\n|-enditem|p1a: Sneasler|White Herb\n|-clearnegativeboost|p1a: Sneasler|[silent]\n|move|p2b: Whimsicott|Encore|p1a: Sneasler\n|-start|p1a: Sneasler|Encore\n|move|p1a: Sneasler|Fake Out||[still]\n|-hint|Fake Out only works on your first turn out.\n|-fail|p1a: Sneasler\n|move|p1b: Aerodactyl|Dual Wingbeat|p2b: Whimsicott\n|-supereffective|p2b: Whimsicott|1\n|-damage|p2b: Whimsicott|41/100\n|-supereffective|p2b: Whimsicott|1\n|-damage|p2b: Whimsicott|1/100\n|-hitcount|p2b: Whimsicott|2\n|\n|upkeep\n|turn|3\n|\n|t:|1776292469\n|switch|p1a: Delphox|Delphox, L50, F|100/100\n|move|p2b: Whimsicott|Tailwind|p2b: Whimsicott\n|-sidestart|p2: FlutterGainz|move: Tailwind\n|move|p1b: Aerodactyl|Rock Slide|p2b: Whimsicott|[spread] p2a,p2b\n|-supereffective|p2a: Incineroar|1\n|-damage|p2a: Incineroar|70/100\n|-damage|p2b: Whimsicott|0 fnt\n|faint|p2b: Whimsicott\n|move|p2a: Incineroar|Darkest Lariat|p1b: Aerodactyl\n|-damage|p1b: Aerodactyl|52/100\n|\n|upkeep\n|\n|t:|1776292473\n|switch|p2b: Palafin|Palafin-Hero, L50, M|100/100\n|-activate|p2b: Palafin|ability: Zero to Hero\n|turn|4\n|\n|t:|1776292493\n|detailschange|p1a: Delphox|Delphox-Mega, L50, F\n|-mega|p1a: Delphox|Delphox|Delphoxite\n|move|p2b: Palafin|Jet Punch|p1b: Aerodactyl\n|-supereffective|p1b: Aerodactyl|1\n|-damage|p1b: Aerodactyl|0 fnt\n|faint|p1b: Aerodactyl\n|move|p1a: Delphox|Psychic|p2b: Palafin\n|-damage|p2b: Palafin|48/100\n|move|p2a: Incineroar|Parting Shot|p1a: Delphox\n|-unboost|p1a: Delphox|atk|1\n|-unboost|p1a: Delphox|spa|1\n|\n|t:|1776292498\n|switch|p2a: Kangaskhan|Kangaskhan-Mega, L50, F|100/100|[from] Parting Shot\n|\n|-sideend|p1: Aniaforget|move: Tailwind\n|upkeep\n|\n|t:|1776292511\n|switch|p1b: Sneasler|Sneasler, L50, F|56/100\n|turn|5\n|\n|t:|1776292524\n|move|p2a: Kangaskhan|Fake Out|p1b: Sneasler\n|-damage|p1b: Sneasler|20/100\n|-damage|p1b: Sneasler|10/100\n|-hitcount|p1b: Sneasler|2\n|cant|p1b: Sneasler|flinch\n|move|p2b: Palafin|Jet Punch|p1a: Delphox\n|-supereffective|p1a: Delphox|1\n|-damage|p1a: Delphox|0 fnt\n|faint|p1a: Delphox\n|\n|upkeep\n|\n|t:|1776292534\n|switch|p1a: Basculegion|Basculegion, L50, M, shiny|100/100\n|turn|6\n|\n|t:|1776292550\n|move|p2a: Kangaskhan|Sucker Punch|p1a: Basculegion\n|-supereffective|p1a: Basculegion|1\n|-damage|p1a: Basculegion|32/100\n|-supereffective|p1a: Basculegion|1\n|-damage|p1a: Basculegion|15/100\n|-hitcount|p1a: Basculegion|2\n|move|p2b: Palafin|Jet Punch|p1b: Sneasler\n|-damage|p1b: Sneasler|0 fnt\n|faint|p1b: Sneasler\n|move|p1a: Basculegion|Last Respects|p2b: Palafin\n|-damage|p2b: Palafin|0 fnt\n|faint|p2b: Palafin\n|\n|-sideend|p2: FlutterGainz|move: Tailwind\n|upkeep\n|\n|t:|1776292557\n|switch|p2b: Incineroar|Incineroar, L50, F|70/100\n|-ability|p2b: Incineroar|Intimidate|boost\n|-unboost|p1a: Basculegion|atk|1\n|turn|7\n|inactive|Aniaforget has 30 seconds left.\n|inactive|Aniaforget has 20 seconds left.\n|inactive|Aniaforget has 15 seconds left.\n|inactive|Aniaforget has 10 seconds left.\n|inactive|Aniaforget has 5 seconds left.\n|\n|t:|1776292612\n|move|p2a: Kangaskhan|Sucker Punch|p1a: Basculegion\n|-supereffective|p1a: Basculegion|1\n|-damage|p1a: Basculegion|0 fnt\n|faint|p1a: Basculegion\n|-hitcount|p1: Basculegion|1\n|\n|win|FlutterGainz\n|raw|Aniaforget's rating: 1187 &rarr; <strong>1165</strong><br />(-22 for losing)\n|raw|FlutterGainz's rating: 1228 &rarr; <strong>1250</strong><br />(+22 for winning)\n",
  "uploadtime": 1776292620,
  "views": 28,
  "formatid": "gen9championsvgc2026regma",
  "rating": 1165,
  "private": 0,
  "password": null
}