{
  "id": "gen9championsvgc2026regma-2586299351",
  "format": "[Gen 9 Champions] VGC 2026 Reg M-A",
  "players": [
    "storm93ita",
    "asomebot"
  ],
  "log": "|j|\u2606storm93ita\n|j|\u2606asomebot\n|t:|1776422804\n|gametype|doubles\n|player|p1|storm93ita|volkner|1099\n|player|p2|asomebot|1|1152\n|gen|9\n|tier|[Gen 9 Champions] VGC 2026 Reg M-A\n|rated|\n|rule|Species Clause: Limit one of each Pok\u00e9mon\n|rule|Item Clause: Limit 1 of each item\n|clearpoke\n|poke|p1|Dragonite, L50, M|\n|poke|p1|Basculegion, L50, M|\n|poke|p1|Archaludon, L50, M|\n|poke|p1|Meganium, L50, M|\n|poke|p1|Sneasler, L50, F|\n|poke|p1|Pelipper, L50, M|\n|poke|p2|Pelipper, L50, M|\n|poke|p2|Azumarill, L50, M|\n|poke|p2|Raichu, L50, F|\n|poke|p2|Basculegion, L50, M|\n|poke|p2|Archaludon, L50, F|\n|poke|p2|Dragonite, L50, F|\n|teampreview|4\n|inactive|Battle timer is ON: inactive players will automatically lose when time's up. (requested by storm93ita)\n|inactive|asomebot has 60 seconds left.\n|inactive|asomebot has 30 seconds left.\n|\n|t:|1776422875\n|teamsize|p1|4\n|teamsize|p2|4\n|start\n|switch|p1a: Meganium|Meganium, L50, M|100/100\n|switch|p1b: Archaludon|Archaludon, L50, M|100/100\n|switch|p2a: Raichu|Raichu, L50, F|100/100\n|switch|p2b: Dragonite|Dragonite, L50, F|100/100\n|turn|1\n|inactive|storm93ita has 30 seconds left.\n|inactive|asomebot has 30 seconds left.\n|inactive|asomebot has 20 seconds left.\n|inactive|storm93ita has 20 seconds left.\n|inactive|asomebot has 15 seconds left.\n|inactive|asomebot has 10 seconds left.\n|inactive|asomebot has 5 seconds left.\n|\n|t:|1776422928\n|switch|p1b: Basculegion|Basculegion, L50, M|100/100\n|detailschange|p2b: Dragonite|Dragonite-Mega, L50, F\n|-mega|p2b: Dragonite|Dragonite|Dragoninite\n|detailschange|p1a: Meganium|Meganium-Mega, L50, M\n|-mega|p1a: Meganium|Meganium|Meganiumite\n|move|p2a: Raichu|Fake Out|p1a: Meganium\n|-damage|p1a: Meganium|93/100\n|move|p2b: Dragonite|Draco Meteor|p1b: Basculegion\n|-damage|p1b: Basculegion|22/100\n|-unboost|p2b: Dragonite|spa|2\n|cant|p1a: Meganium|flinch\n|\n|upkeep\n|turn|2\n|inactive|asomebot has 30 seconds left.\n|inactive|asomebot has 20 seconds left.\n|inactive|asomebot has 15 seconds left.\n|\n|t:|1776422968\n|switch|p2b: Archaludon|Archaludon, L50, F|100/100\n|move|p1b: Basculegion|Wave Crash|p2b: Archaludon\n|-resisted|p2b: Archaludon|1\n|-damage|p2b: Archaludon|75/100\n|-damage|p1b: Basculegion|15/100|[from] Recoil\n|move|p2a: Raichu|Volt Switch|p1b: Basculegion\n|-supereffective|p1b: Basculegion|1\n|-damage|p1b: Basculegion|0 fnt\n|faint|p1b: Basculegion\n|inactive|asomebot has 30 seconds left.\n|\n|t:|1776422999\n|switch|p2a: Azumarill|Azumarill, L50, M|100/100|[from] Volt Switch\n|move|p1a: Meganium|Dazzling Gleam|p2a: Azumarill|[spread] p2a,p2b\n|-damage|p2a: Azumarill|63/100\n|-damage|p2b: Archaludon|27/100\n|\n|upkeep\n|\n|t:|1776423014\n|switch|p1b: Archaludon|Archaludon, L50, M|100/100\n|turn|3\n|inactive|asomebot has 30 seconds left.\n|\n|t:|1776423047\n|move|p1a: Meganium|Dazzling Gleam|p2a: Azumarill|[spread] p2a,p2b\n|-damage|p2a: Azumarill|26/100\n|-damage|p2b: Archaludon|0 fnt\n|-enditem|p2a: Azumarill|Sitrus Berry|[eat]\n|-heal|p2a: Azumarill|51/100|[from] item: Sitrus Berry\n|faint|p2b: Archaludon\n|move|p1b: Archaludon|Electro Shot||[still]\n|-prepare|p1b: Archaludon|Electro Shot\n|-boost|p1b: Archaludon|spa|1\n|move|p2a: Azumarill|Play Rough|p1b: Archaludon\n|-damage|p1b: Archaludon|48/100\n|-ability|p1b: Archaludon|Stamina|boost\n|-boost|p1b: Archaludon|def|1\n|\n|-heal|p1b: Archaludon|54/100|[from] item: Leftovers\n|upkeep\n|inactive|asomebot has 30 seconds left.\n|inactive|asomebot has 20 seconds left.\n|\n|t:|1776423082\n|switch|p2b: Raichu|Raichu, L50, F|100/100\n|turn|4\n|inactive|asomebot has 30 seconds left.\n|inactive|asomebot has 20 seconds left.\n|\n|t:|1776423121\n|move|p2b: Raichu|Fake Out|p1a: Meganium\n|-damage|p1a: Meganium|85/100\n|cant|p1a: Meganium|flinch\n|move|p1b: Archaludon|Electro Shot|p2b: Raichu|[from] lockedmove\n|-activate|p2b: Raichu|ability: Lightning Rod\n|-ability|p2b: Raichu|Lightning Rod|boost\n|-boost|p2b: Raichu|spa|1\n|move|p2a: Azumarill|Play Rough|p1b: Archaludon\n|-damage|p1b: Archaludon|19/100\n|-ability|p1b: Archaludon|Stamina|boost\n|-boost|p1b: Archaludon|def|1\n|\n|-heal|p1b: Archaludon|25/100|[from] item: Leftovers\n|upkeep\n|turn|5\n|inactive|asomebot has 30 seconds left.\n|inactive|asomebot has 20 seconds left.\n|inactive|asomebot has 15 seconds left.\n|inactive|asomebot has 10 seconds left.\n|inactive|asomebot has 5 seconds left.\n|\n|t:|1776423173\n|switch|p1b: Pelipper|Pelipper, L50, M|100/100\n|-weather|RainDance|[from] ability: Drizzle|[of] p1b: Pelipper\n|move|p2b: Raichu|Rain Dance||[still]\n|-fail|p2b: Raichu\n|move|p1a: Meganium|Dazzling Gleam|p2b: Raichu|[spread] p2a,p2b\n|-damage|p2a: Azumarill|15/100\n|-damage|p2b: Raichu|45/100\n|move|p2a: Azumarill|Play Rough|p1b: Pelipper\n|-damage|p1b: Pelipper|43/100\n|\n|-weather|RainDance|[upkeep]\n|upkeep\n|turn|6\n|\n|t:|1776423196\n|move|p1b: Pelipper|Protect|p1b: Pelipper\n|-singleturn|p1b: Pelipper|Protect\n|move|p2a: Azumarill|Aqua Jet|p1a: Meganium\n|-resisted|p1a: Meganium|1\n|-damage|p1a: Meganium|66/100\n|move|p2b: Raichu|Electroweb|p1a: Meganium|[spread] p1a\n|-activate|p1b: Pelipper|move: Protect\n|-resisted|p1a: Meganium|1\n|-damage|p1a: Meganium|53/100\n|-unboost|p1a: Meganium|spe|1\n|move|p1a: Meganium|Dazzling Gleam|p2b: Raichu|[spread] p2a,p2b\n|-damage|p2a: Azumarill|0 fnt\n|-damage|p2b: Raichu|0 fnt\n|faint|p2a: Azumarill\n|faint|p2b: Raichu\n|\n|-weather|RainDance|[upkeep]\n|upkeep\n|\n|t:|1776423216\n|switch|p2b: Dragonite|Dragonite-Mega, L50, F|100/100\n|turn|7\n|\n|t:|1776423233\n|move|p1a: Meganium|Protect|p1a: Meganium\n|-singleturn|p1a: Meganium|Protect\n|move|p2b: Dragonite|Hurricane|p1a: Meganium\n|-activate|p1a: Meganium|move: Protect\n|move|p1b: Pelipper|Tailwind|p1b: Pelipper\n|-sidestart|p1: storm93ita|move: Tailwind\n|\n|-weather|RainDance|[upkeep]\n|upkeep\n|turn|8\n|\n|t:|1776423251\n|move|p1a: Meganium|Dazzling Gleam|p2b: Dragonite\n|-supereffective|p2b: Dragonite|1\n|-damage|p2b: Dragonite|64/100\n|move|p1b: Pelipper|Hurricane|p2b: Dragonite\n|-damage|p2b: Dragonite|32/100\n|move|p2b: Dragonite|Hurricane|p1a: Meganium\n|-supereffective|p1a: Meganium|1\n|-damage|p1a: Meganium|0 fnt\n|faint|p1a: Meganium\n|\n|-weather|RainDance|[upkeep]\n|upkeep\n|\n|t:|1776423260\n|switch|p1a: Archaludon|Archaludon, L50, M|25/100\n|turn|9\n|\n|t:|1776423282\n|move|p1a: Archaludon|Protect|p1a: Archaludon\n|-singleturn|p1a: Archaludon|Protect\n|move|p1b: Pelipper|Hurricane|p2b: Dragonite\n|-damage|p2b: Dragonite|1/100\n|move|p2b: Dragonite|Weather Ball|p1a: Archaludon\n|-activate|p1a: Archaludon|move: Protect\n|\n|-weather|none\n|-heal|p1a: Archaludon|31/100|[from] item: Leftovers\n|upkeep\n|turn|10\n|\n|t:|1776423300\n|move|p1a: Archaludon|Draco Meteor|p2b: Dragonite\n|-supereffective|p2b: Dragonite|1\n|-damage|p2b: Dragonite|0 fnt\n|-unboost|p1a: Archaludon|spa|2\n|faint|p2b: Dragonite\n|\n|win|storm93ita\n|raw|storm93ita's rating: 1099 &rarr; <strong>1128</strong><br />(+29 for winning)\n|raw|asomebot's rating: 1152 &rarr; <strong>1123</strong><br />(-29 for losing)\n|l|\u2606asomebot\n|player|p2|\n",
  "uploadtime": 1776423305,
  "views": 26,
  "formatid": "gen9championsvgc2026regma",
  "rating": 1123,
  "private": 0,
  "password": null
}