{
  "id": "gen9championsvgc2026regma-2587484640",
  "format": "[Gen 9 Champions] VGC 2026 Reg M-A",
  "players": [
    "ranned bats",
    "Cocodoko89"
  ],
  "log": "|j|\u2606ranned bats\n|j|\u2606Cocodoko89\n|t:|1776535748\n|gametype|doubles\n|player|p1|ranned bats|winona|1140\n|player|p2|Cocodoko89|2|1154\n|gen|9\n|tier|[Gen 9 Champions] VGC 2026 Reg M-A\n|rated|\n|rule|Species Clause: Limit one of each Pok\u00e9mon\n|rule|Item Clause: Limit 1 of each item\n|clearpoke\n|poke|p1|Sharpedo, L50, M|\n|poke|p1|Ninetales-Alola, L50, M|\n|poke|p1|Sneasler, L50, M|\n|poke|p1|Araquanid, L50, M|\n|poke|p1|Dragonite, L50, M|\n|poke|p1|Aegislash, L50, F|\n|poke|p2|Sylveon, L50, M|\n|poke|p2|Charizard, L50, M|\n|poke|p2|Sneasler, L50, F|\n|poke|p2|Rotom-Heat, L50|\n|poke|p2|Aegislash, L50, M|\n|poke|p2|Venusaur, L50, F|\n|teampreview|4\n|c|\u2606ranned bats|glhf\n|\n|t:|1776535775\n|teamsize|p1|4\n|teamsize|p2|4\n|start\n|switch|p1a: JAW|Sharpedo, L50, M|100/100\n|switch|p1b: PAW|Ninetales-Alola, L50, M|100/100\n|switch|p2a: Charizard|Charizard, L50, M|100/100\n|switch|p2b: Venusaur|Venusaur, L50, F|100/100\n|-weather|Snowscape|[from] ability: Snow Warning|[of] p1b: PAW\n|turn|1\n|\n|t:|1776535808\n|switch|p1b: buble|Araquanid, L50, M|100/100\n|detailschange|p2a: Charizard|Charizard-Mega-Y, L50, M\n|-mega|p2a: Charizard|Charizard|Charizardite Y\n|-weather|SunnyDay|[from] ability: Drought|[of] p2a: Charizard\n|move|p1a: JAW|Protect|p1a: JAW\n|-singleturn|p1a: JAW|Protect\n|move|p2b: Venusaur|Energy Ball|p1a: JAW\n|-activate|p1a: JAW|move: Protect\n|move|p2a: Charizard|Heat Wave|p1a: JAW|[spread] p1b\n|-activate|p1a: JAW|move: Protect\n|-damage|p1b: buble|74/100\n|\n|-weather|SunnyDay|[upkeep]\n|-ability|p1a: JAW|Speed Boost|boost\n|-boost|p1a: JAW|spe|1\n|upkeep\n|turn|2\n|\n|t:|1776535832\n|switch|p2a: Rotom|Rotom-Heat, L50|100/100\n|switch|p1b: PAW|Ninetales-Alola, L50, M|100/100\n|-weather|Snowscape|[from] ability: Snow Warning|[of] p1b: PAW\n|detailschange|p1a: JAW|Sharpedo-Mega, L50, M\n|-mega|p1a: JAW|Sharpedo|Sharpedonite\n|move|p1a: JAW|Liquidation|p2a: Rotom\n|-supereffective|p2a: Rotom|1\n|-damage|p2a: Rotom|5/100\n|move|p2b: Venusaur|Sludge Bomb|p1b: PAW\n|-supereffective|p1b: PAW|1\n|-damage|p1b: PAW|16/100\n|\n|-weather|Snowscape|[upkeep]\n|-heal|p2a: Rotom|11/100|[from] item: Leftovers\n|upkeep\n|turn|3\n|\n|t:|1776535867\n|switch|p2a: Charizard|Charizard-Mega-Y, L50, M|100/100\n|-weather|SunnyDay|[from] ability: Drought|[of] p2a: Charizard\n|move|p2b: Venusaur|Energy Ball|p1b: PAW\n|-damage|p1b: PAW|0 fnt\n|faint|p1b: PAW\n|move|p1a: JAW|Psychic Fangs|p2b: Venusaur\n|-supereffective|p2b: Venusaur|1\n|-damage|p2b: Venusaur|2/100\n|\n|-weather|SunnyDay|[upkeep]\n|upkeep\n|\n|t:|1776535877\n|switch|p1b: CLAW|Sneasler, L50, M|100/100\n|turn|4\n|\n|t:|1776535896\n|move|p1b: CLAW|Fake Out|p2b: Venusaur\n|-damage|p2b: Venusaur|0 fnt\n|faint|p2b: Venusaur\n|move|p1a: JAW|Liquidation|p2a: Charizard\n|-supereffective|p2a: Charizard|1\n|-damage|p2a: Charizard|23/100\n|move|p2a: Charizard|Heat Wave|p1b: CLAW|[spread] p1a,p1b\n|-resisted|p1a: JAW|1\n|-damage|p1a: JAW|38/100\n|-damage|p1b: CLAW|2/100\n|-status|p1a: JAW|brn\n|\n|-weather|SunnyDay|[upkeep]\n|-damage|p1a: JAW|32/100 brn|[from] brn\n|upkeep\n|c|\u2606ranned bats|darn\n|\n|t:|1776535912\n|switch|p2b: Rotom|Rotom-Heat, L50|11/100\n|turn|5\n|\n|t:|1776535919\n|move|p2a: Charizard|Protect|p2a: Charizard\n|-singleturn|p2a: Charizard|Protect\n|move|p1a: JAW|Liquidation|p2a: Charizard\n|-activate|p2a: Charizard|move: Protect\n|move|p1b: CLAW|Close Combat|p2b: Rotom\n|-damage|p2b: Rotom|0 fnt\n|-unboost|p1b: CLAW|def|1\n|-unboost|p1b: CLAW|spd|1\n|faint|p2b: Rotom\n|-enditem|p1b: CLAW|White Herb\n|-clearnegativeboost|p1b: CLAW|[silent]\n|\n|-weather|SunnyDay|[upkeep]\n|-damage|p1a: JAW|26/100 brn|[from] brn\n|upkeep\n|\n|t:|1776535934\n|switch|p2b: Sylveon|Sylveon, L50, M|100/100\n|turn|6\n|\n|t:|1776535942\n|move|p1b: CLAW|Dire Claw|p2b: Sylveon\n|-supereffective|p2b: Sylveon|1\n|-damage|p2b: Sylveon|0 fnt\n|faint|p2b: Sylveon\n|move|p1a: JAW|Liquidation|p2a: Charizard\n|-supereffective|p2a: Charizard|1\n|-damage|p2a: Charizard|0 fnt\n|faint|p2a: Charizard\n|\n|win|ranned bats\n|raw|ranned bats's rating: 1140 &rarr; <strong>1166</strong><br />(+26 for winning)\n|raw|Cocodoko89's rating: 1154 &rarr; <strong>1128</strong><br />(-26 for losing)\n|c|\u2606ranned bats|gg\n|l|\u2606Cocodoko89\n|player|p2|\n",
  "uploadtime": 1776535956,
  "views": 15,
  "formatid": "gen9championsvgc2026regma",
  "rating": 1128,
  "private": 0,
  "password": null
}