{
  "id": "gen9championsvgc2026regma-2586805724",
  "format": "[Gen 9 Champions] VGC 2026 Reg M-A",
  "players": [
    "GODBAMBAM",
    "Thatboydin"
  ],
  "log": "|j|\u2606GODBAMBAM\n|j|\u2606Thatboydin\n|t:|1776461375\n|gametype|doubles\n|player|p1|GODBAMBAM|pokemaniac|1162\n|player|p2|Thatboydin|aromalady|1122\n|gen|9\n|tier|[Gen 9 Champions] VGC 2026 Reg M-A\n|rated|\n|rule|Species Clause: Limit one of each Pok\u00e9mon\n|rule|Item Clause: Limit 1 of each item\n|clearpoke\n|poke|p1|Aggron, L50, M|\n|poke|p1|Sinistcha, L50|\n|poke|p1|Tyranitar, L50, F|\n|poke|p1|Rotom-Wash, L50|\n|poke|p1|Farigiraf, L50, M|\n|poke|p1|Sneasler, L50, F|\n|poke|p2|Archaludon, L50, F|\n|poke|p2|Dragonite, L50, F|\n|poke|p2|Crabominable, L50, M|\n|poke|p2|Farigiraf, L50, F|\n|poke|p2|Politoed, L50, F|\n|poke|p2|Incineroar, L50, M|\n|teampreview|4\n|inactive|Battle timer is ON: inactive players will automatically lose when time's up. (requested by GODBAMBAM)\n|\n|t:|1776461415\n|teamsize|p1|4\n|teamsize|p2|4\n|start\n|switch|p1a: Aggron|Aggron, L50, M|100/100\n|switch|p1b: Sinistcha|Sinistcha, L50|100/100\n|switch|p2a: HIMcineroar|Incineroar, L50, M|100/100\n|switch|p2b: AMC Theaters|Archaludon, L50, F|100/100\n|-ability|p2a: HIMcineroar|Intimidate|boost\n|-unboost|p1a: Aggron|atk|1\n|-unboost|p1b: Sinistcha|atk|1\n|turn|1\n|\n|t:|1776461432\n|detailschange|p1a: Aggron|Aggron-Mega, L50, M\n|-mega|p1a: Aggron|Aggron|Aggronite\n|move|p2b: AMC Theaters|Dragon Pulse|p1a: Aggron\n|-resisted|p1a: Aggron|1\n|-damage|p1a: Aggron|86/100\n|move|p2a: HIMcineroar|Will-O-Wisp|p1a: Aggron\n|-status|p1a: Aggron|brn\n|move|p1a: Aggron|Iron Defense|p1a: Aggron\n|-boost|p1a: Aggron|def|2\n|move|p1b: Sinistcha|Trick Room|p1b: Sinistcha\n|-fieldstart|move: Trick Room|[of] p1b: Sinistcha\n|\n|-damage|p1a: Aggron|80/100 brn|[from] brn\n|upkeep\n|turn|2\n|inactive|Thatboydin has 30 seconds left.\n|\n|t:|1776461459\n|move|p1a: Aggron|Body Press|p2a: HIMcineroar\n|-supereffective|p2a: HIMcineroar|1\n|-enditem|p2a: HIMcineroar|Chople Berry|[eat]\n|-enditem|p2a: HIMcineroar|Chople Berry|[weaken]\n|-damage|p2a: HIMcineroar|64/100\n|move|p2a: HIMcineroar|Throat Chop|p1b: Sinistcha\n|-supereffective|p1b: Sinistcha|1\n|-damage|p1b: Sinistcha|32/100\n|-start|p1b: Sinistcha|Throat Chop|[silent]\n|move|p1b: Sinistcha|Life Dew|p1b: Sinistcha|[spread] p1a,p1b\n|-heal|p1a: Aggron|100/100 brn\n|-heal|p1b: Sinistcha|57/100\n|move|p2b: AMC Theaters|Dragon Pulse|p1a: Aggron\n|-resisted|p1a: Aggron|1\n|-damage|p1a: Aggron|86/100 brn\n|\n|-heal|p1b: Sinistcha|63/100|[from] item: Leftovers\n|-damage|p1a: Aggron|80/100 brn|[from] brn\n|upkeep\n|turn|3\n|inactive|Thatboydin has 30 seconds left.\n|\n|t:|1776461487\n|move|p1b: Sinistcha|Protect|p1b: Sinistcha\n|-singleturn|p1b: Sinistcha|Protect\n|move|p1a: Aggron|Body Press|p2a: HIMcineroar\n|-supereffective|p2a: HIMcineroar|1\n|-damage|p2a: HIMcineroar|0 fnt\n|faint|p2a: HIMcineroar\n|move|p2b: AMC Theaters|Dragon Pulse|p1a: Aggron\n|-resisted|p1a: Aggron|1\n|-damage|p1a: Aggron|65/100 brn\n|\n|-heal|p1b: Sinistcha|70/100|[from] item: Leftovers\n|-damage|p1a: Aggron|59/100 brn|[from] brn\n|-end|p1b: Sinistcha|Throat Chop|[silent]\n|upkeep\n|\n|t:|1776461490\n|switch|p2a: Eugene Krabs|Crabominable, L50, M, shiny|100/100\n|turn|4\n|\n|t:|1776461501\n|detailschange|p2a: Eugene Krabs|Crabominable-Mega, L50, M, shiny\n|-mega|p2a: Eugene Krabs|Crabominable|Crabominite\n|move|p2b: AMC Theaters|Protect|p2b: AMC Theaters\n|-singleturn|p2b: AMC Theaters|Protect\n|move|p2a: Eugene Krabs|Knock Off|p1b: Sinistcha\n|-supereffective|p1b: Sinistcha|1\n|-damage|p1b: Sinistcha|0 fnt\n|-enditem|p1b: Sinistcha|Leftovers|[from] move: Knock Off|[of] p2a: Eugene Krabs\n|faint|p1b: Sinistcha\n|move|p1a: Aggron|Heavy Slam|p2a: Eugene Krabs\n|-supereffective|p2a: Eugene Krabs|1\n|-damage|p2a: Eugene Krabs|92/100\n|\n|-damage|p1a: Aggron|52/100 brn|[from] brn\n|upkeep\n|\n|t:|1776461511\n|switch|p1b: Rotom|Rotom-Wash, L50|100/100\n|turn|5\n|inactive|Thatboydin has 30 seconds left.\n|\n|t:|1776461536\n|move|p2a: Eugene Krabs|Knock Off|p1b: Rotom\n|-damage|p1b: Rotom|50/100\n|-enditem|p1b: Rotom|Magnet|[from] move: Knock Off|[of] p2a: Eugene Krabs\n|move|p1a: Aggron|Heavy Slam|p2a: Eugene Krabs\n|-supereffective|p2a: Eugene Krabs|1\n|-crit|p2a: Eugene Krabs\n|-damage|p2a: Eugene Krabs|71/100\n|move|p2b: AMC Theaters|Dragon Pulse|p1b: Rotom\n|-damage|p1b: Rotom|7/100\n|move|p1b: Rotom|Volt Switch|p2a: Eugene Krabs\n|-damage|p2a: Eugene Krabs|45/100\n|\n|t:|1776461545\n|switch|p1b: Tyranitar|Tyranitar, L50, F|100/100|[from] Volt Switch\n|-weather|Sandstorm|[from] ability: Sand Stream|[of] p1b: Tyranitar\n|\n|-weather|Sandstorm|[upkeep]\n|-damage|p2a: Eugene Krabs|39/100|[from] Sandstorm\n|-damage|p1a: Aggron|46/100 brn|[from] brn\n|-fieldend|move: Trick Room\n|upkeep\n|turn|6\n|\n|t:|1776461563\n|move|p1a: Aggron|Protect|p1a: Aggron\n|-singleturn|p1a: Aggron|Protect\n|move|p2b: AMC Theaters|Flash Cannon|p1b: Tyranitar\n|-supereffective|p1b: Tyranitar|1\n|-damage|p1b: Tyranitar|58/100\n|move|p1b: Tyranitar|Earthquake|p2b: AMC Theaters|[spread] p2a,p2b\n|-activate|p1a: Aggron|move: Protect\n|-supereffective|p2b: AMC Theaters|1\n|-damage|p2a: Eugene Krabs|19/100\n|-damage|p2b: AMC Theaters|59/100\n|-ability|p2b: AMC Theaters|Stamina|boost\n|-boost|p2b: AMC Theaters|def|1\n|move|p2a: Eugene Krabs|Drain Punch|p1b: Tyranitar\n|-supereffective|p1b: Tyranitar|2\n|-damage|p1b: Tyranitar|0 fnt\n|-heal|p2a: Eugene Krabs|44/100|[from] drain|[of] p1b: Tyranitar\n|faint|p1b: Tyranitar\n|\n|-weather|Sandstorm|[upkeep]\n|-damage|p2a: Eugene Krabs|38/100|[from] Sandstorm\n|-heal|p2b: AMC Theaters|65/100|[from] item: Leftovers\n|-damage|p1a: Aggron|40/100 brn|[from] brn\n|upkeep\n|\n|t:|1776461573\n|switch|p1b: Rotom|Rotom-Wash, L50|7/100\n|turn|7\n|\n|t:|1776461597\n|move|p1b: Rotom|Protect|p1b: Rotom\n|-singleturn|p1b: Rotom|Protect\n|move|p2a: Eugene Krabs|Mach Punch|p1b: Rotom\n|-activate|p1b: Rotom|move: Protect\n|move|p2b: AMC Theaters|Dragon Pulse|p1a: Aggron\n|-resisted|p1a: Aggron|1\n|-damage|p1a: Aggron|24/100 brn\n|move|p1a: Aggron|Body Press|p2a: Eugene Krabs\n|-supereffective|p2a: Eugene Krabs|1\n|-damage|p2a: Eugene Krabs|0 fnt\n|faint|p2a: Eugene Krabs\n|\n|-weather|Sandstorm|[upkeep]\n|-damage|p1b: Rotom|1/100|[from] Sandstorm\n|-heal|p2b: AMC Theaters|71/100|[from] item: Leftovers\n|-damage|p1a: Aggron|18/100 brn|[from] brn\n|upkeep\n|\n|t:|1776461599\n|switch|p2a: Dragonite|Dragonite, L50, F|100/100\n|turn|8\n|\n|t:|1776461618\n|move|p1b: Rotom|Thunder|p2a: Dragonite\n|-damage|p2a: Dragonite|74/100\n|move|p2b: AMC Theaters|Dragon Pulse|p1a: Aggron\n|-resisted|p1a: Aggron|1\n|-damage|p1a: Aggron|4/100 brn\n|move|p2a: Dragonite|Ice Beam|p1b: Rotom\n|-resisted|p1b: Rotom|1\n|-damage|p1b: Rotom|0 fnt\n|faint|p1b: Rotom\n|move|p1a: Aggron|Body Press|p2b: AMC Theaters\n|-supereffective|p2b: AMC Theaters|1\n|-damage|p2b: AMC Theaters|37/100\n|-ability|p2b: AMC Theaters|Stamina|boost\n|-boost|p2b: AMC Theaters|def|1\n|\n|-weather|Sandstorm|[upkeep]\n|-damage|p2a: Dragonite|68/100|[from] Sandstorm\n|-heal|p2b: AMC Theaters|44/100|[from] item: Leftovers\n|-damage|p1a: Aggron|0 fnt|[from] brn\n|faint|p1a: Aggron\n|\n|win|Thatboydin\n|raw|GODBAMBAM's rating: 1162 &rarr; <strong>1134</strong><br />(-28 for losing)\n|raw|Thatboydin's rating: 1122 &rarr; <strong>1150</strong><br />(+28 for winning)\n|l|\u2606GODBAMBAM\n|player|p1|\n",
  "uploadtime": 1776461648,
  "views": 22,
  "formatid": "gen9championsvgc2026regma",
  "rating": 1134,
  "private": 0,
  "password": null
}