{
  "id": "gen9championsvgc2026regma-2588417463",
  "format": "[Gen 9 Champions] VGC 2026 Reg M-A",
  "players": [
    "AsexualBillClinton",
    "mr.costello"
  ],
  "log": "|j|\u2606AsexualBillClinton\n|j|\u2606mr.costello\n|t:|1776631770\n|gametype|doubles\n|player|p1|AsexualBillClinton|marlon|1291\n|player|p2|mr.costello|266|1366\n|gen|9\n|tier|[Gen 9 Champions] VGC 2026 Reg M-A\n|rated|\n|rule|Species Clause: Limit one of each Pok\u00e9mon\n|rule|Item Clause: Limit 1 of each item\n|clearpoke\n|poke|p1|Tyranitar, L50, M|\n|poke|p1|Rhyperior, L50, M|\n|poke|p1|Aerodactyl, L50, M|\n|poke|p1|Kangaskhan, L50, F|\n|poke|p1|Tauros-Paldea-Blaze, L50, M|\n|poke|p1|Excadrill, L50, F|\n|poke|p2|Blastoise, L50, M|\n|poke|p2|Aerodactyl, L50, F|\n|poke|p2|Sinistcha, L50|\n|poke|p2|Garchomp, L50, M|\n|poke|p2|Sneasler, L50, F|\n|poke|p2|Sylveon, L50, M|\n|teampreview|4\n|inactive|Battle timer is ON: inactive players will automatically lose when time's up. (requested by AsexualBillClinton)\n|\n|t:|1776631795\n|teamsize|p1|4\n|teamsize|p2|4\n|start\n|switch|p1a: Tauros|Tauros-Paldea-Blaze, L50, M|100/100\n|switch|p1b: Kim Jong Petras|Kangaskhan, L50, F|100/100\n|switch|p2a: Blastoise|Blastoise, L50, M|100/100\n|switch|p2b: Sneasler|Sneasler, L50, F|100/100\n|-ability|p1a: Tauros|Intimidate|boost\n|-unboost|p2a: Blastoise|atk|1\n|-unboost|p2b: Sneasler|atk|1\n|-enditem|p2b: Sneasler|White Herb\n|-clearnegativeboost|p2b: Sneasler|[silent]\n|turn|1\n|inactive|AsexualBillClinton has 30 seconds left.\n|\n|t:|1776631827\n|detailschange|p2a: Blastoise|Blastoise-Mega, L50, M\n|-mega|p2a: Blastoise|Blastoise|Blastoisinite\n|move|p2b: Sneasler|Fake Out|p1b: Kim Jong Petras\n|-damage|p1b: Kim Jong Petras|87/100\n|move|p1a: Tauros|Close Combat|p2a: Blastoise\n|-damage|p2a: Blastoise|51/100\n|-unboost|p1a: Tauros|def|1\n|-unboost|p1a: Tauros|spd|1\n|move|p2a: Blastoise|Shell Smash|p2a: Blastoise\n|-unboost|p2a: Blastoise|def|1\n|-unboost|p2a: Blastoise|spd|1\n|-boost|p2a: Blastoise|atk|2\n|-boost|p2a: Blastoise|spa|2\n|-boost|p2a: Blastoise|spe|2\n|move|p1b: Kim Jong Petras|Body Slam|p2b: Sneasler\n|-damage|p2b: Sneasler|37/100\n|\n|upkeep\n|turn|2\n|\n|t:|1776631847\n|switch|p2b: Sinistcha|Sinistcha, L50|100/100\n|-heal|p2a: Blastoise|76/100|[from] ability: Hospitality|[of] p2b: Sinistcha\n|switch|p1a: Tyranitar|Tyranitar, L50, M|100/100\n|-weather|Sandstorm|[from] ability: Sand Stream|[of] p1a: Tyranitar\n|detailschange|p1b: Kim Jong Petras|Kangaskhan-Mega, L50, F\n|-mega|p1b: Kim Jong Petras|Kangaskhan|Kangaskhanite\n|move|p1b: Kim Jong Petras|Sucker Punch|p2a: Blastoise\n|-damage|p2a: Blastoise|39/100\n|-damage|p2a: Blastoise|31/100\n|-hitcount|p2a: Blastoise|2\n|move|p2a: Blastoise|Water Spout|p1a: Tyranitar|[spread] p1a,p1b\n|-supereffective|p1a: Tyranitar|1\n|-damage|p1a: Tyranitar|56/100\n|-damage|p1b: Kim Jong Petras|51/100\n|\n|-weather|Sandstorm|[upkeep]\n|-damage|p2a: Blastoise|25/100|[from] Sandstorm\n|-damage|p1b: Kim Jong Petras|45/100|[from] Sandstorm\n|-damage|p2b: Sinistcha|94/100|[from] Sandstorm\n|upkeep\n|turn|3\n|inactive|mr.costello has 30 seconds left.\n|\n|t:|1776631873\n|switch|p1b: Tauros|Tauros-Paldea-Blaze, L50, M|100/100\n|-ability|p1b: Tauros|Intimidate|boost\n|-unboost|p2a: Blastoise|atk|1\n|-unboost|p2b: Sinistcha|atk|1\n|move|p2a: Blastoise|Protect|p2a: Blastoise\n|-singleturn|p2a: Blastoise|Protect\n|move|p1a: Tyranitar|Protect|p1a: Tyranitar\n|-singleturn|p1a: Tyranitar|Protect\n|move|p2b: Sinistcha|Matcha Gotcha|p1a: Tyranitar|[spread] p1b\n|-activate|p1a: Tyranitar|move: Protect\n|-resisted|p1b: Tauros|1\n|-damage|p1b: Tauros|85/100\n|-heal|p2b: Sinistcha|100/100|[from] drain|[of] p1b: Tauros\n|\n|-weather|Sandstorm|[upkeep]\n|-damage|p1b: Tauros|79/100|[from] Sandstorm\n|-damage|p2a: Blastoise|20/100|[from] Sandstorm\n|-damage|p2b: Sinistcha|94/100|[from] Sandstorm\n|upkeep\n|turn|4\n|\n|t:|1776631897\n|move|p1b: Tauros|Raging Bull|p2b: Sinistcha\n|-supereffective|p2b: Sinistcha|1\n|-damage|p2b: Sinistcha|22/100\n|-enditem|p2b: Sinistcha|Sitrus Berry|[eat]\n|-heal|p2b: Sinistcha|47/100|[from] item: Sitrus Berry\n|move|p2a: Blastoise|Dark Pulse|p1b: Tauros\n|-resisted|p1b: Tauros|1\n|-damage|p1b: Tauros|8/100\n|move|p2b: Sinistcha|Matcha Gotcha|p1b: Tauros|[spread] p1b\n|-miss|p2b: Sinistcha|p1a: Tyranitar\n|-resisted|p1b: Tauros|1\n|-damage|p1b: Tauros|0 fnt\n|-heal|p2b: Sinistcha|50/100|[from] drain|[of] p1b: Tauros\n|faint|p1b: Tauros\n|move|p1a: Tyranitar|Rock Slide|p2a: Blastoise|[spread] p2a\n|-miss|p1a: Tyranitar|p2b: Sinistcha\n|-crit|p2a: Blastoise\n|-damage|p2a: Blastoise|0 fnt\n|faint|p2a: Blastoise\n|\n|-weather|Sandstorm|[upkeep]\n|-damage|p2b: Sinistcha|44/100|[from] Sandstorm\n|upkeep\n|\n|t:|1776631915\n|switch|p1b: Excadrill|Excadrill, L50, F|100/100\n|switch|p2a: Aerodactyl|Aerodactyl, L50, F|100/100\n|-ability|p2a: Aerodactyl|Unnerve\n|turn|5\n|\n|t:|1776631924\n|move|p1b: Excadrill|Iron Head|p2a: Aerodactyl\n|-supereffective|p2a: Aerodactyl|1\n|-enditem|p2a: Aerodactyl|Focus Sash\n|-damage|p2a: Aerodactyl|1/100\n|move|p2a: Aerodactyl|Tailwind|p2a: Aerodactyl\n|-sidestart|p2: mr.costello|move: Tailwind\n|move|p2b: Sinistcha|Matcha Gotcha|p1a: Tyranitar|[spread] p1a,p1b\n|-supereffective|p1a: Tyranitar|1\n|-damage|p1a: Tyranitar|32/100\n|-heal|p2b: Sinistcha|58/100|[from] drain|[of] p1a: Tyranitar\n|-damage|p1b: Excadrill|69/100\n|-heal|p2b: Sinistcha|75/100|[from] drain|[of] p1b: Excadrill\n|-status|p1a: Tyranitar|brn\n|move|p1a: Tyranitar|Knock Off|p2b: Sinistcha\n|-supereffective|p2b: Sinistcha|1\n|-damage|p2b: Sinistcha|44/100\n|\n|-weather|Sandstorm|[upkeep]\n|-damage|p2b: Sinistcha|38/100|[from] Sandstorm\n|-damage|p1a: Tyranitar|26/100 brn|[from] brn\n|upkeep\n|turn|6\n|\n|t:|1776631948\n|move|p2a: Aerodactyl|Rock Slide|p1b: Excadrill|[spread] p1a,p1b\n|-resisted|p1b: Excadrill|2\n|-damage|p1a: Tyranitar|5/100 brn\n|-damage|p1b: Excadrill|60/100\n|move|p1b: Excadrill|Iron Head|p2b: Sinistcha\n|-damage|p2b: Sinistcha|0 fnt\n|faint|p2b: Sinistcha\n|move|p1a: Tyranitar|Rock Slide|p2a: Aerodactyl|[miss]\n|-miss|p1a: Tyranitar|p2a: Aerodactyl\n|\n|-weather|none\n|-damage|p1a: Tyranitar|0 fnt|[from] brn\n|faint|p1a: Tyranitar\n|upkeep\n|\n|t:|1776631956\n|switch|p2b: Sneasler|Sneasler, L50, F|37/100\n|switch|p1a: Kim Jong Petras|Kangaskhan-Mega, L50, F|45/100\n|turn|7\n|\n|t:|1776631979\n|move|p2b: Sneasler|Fake Out|p1a: Kim Jong Petras\n|-crit|p1a: Kim Jong Petras\n|-damage|p1a: Kim Jong Petras|24/100\n|move|p2a: Aerodactyl|Dual Wingbeat|p1a: Kim Jong Petras\n|-damage|p1a: Kim Jong Petras|10/100\n|-damage|p1a: Kim Jong Petras|0 fnt\n|faint|p1a: Kim Jong Petras\n|-hitcount|p1: Kim Jong Petras|2\n|move|p1b: Excadrill|Iron Head|p2b: Sneasler\n|-damage|p2b: Sneasler|0 fnt\n|faint|p2b: Sneasler\n|\n|upkeep\n|turn|8\n|\n|t:|1776631987\n|move|p2a: Aerodactyl|Rock Slide|p1b: Excadrill\n|-resisted|p1b: Excadrill|2\n|-damage|p1b: Excadrill|49/100\n|cant|p1b: Excadrill|flinch\n|\n|-sideend|p2: mr.costello|move: Tailwind\n|upkeep\n|turn|9\n|\n|t:|1776631995\n|move|p1b: Excadrill|Protect|p1b: Excadrill\n|-singleturn|p1b: Excadrill|Protect\n|move|p2a: Aerodactyl|Rock Slide|p1b: Excadrill\n|-activate|p1b: Excadrill|move: Protect\n|\n|upkeep\n|turn|10\n|\n|t:|1776631997\n|move|p2a: Aerodactyl|Rock Slide|p1b: Excadrill\n|-resisted|p1b: Excadrill|2\n|-damage|p1b: Excadrill|38/100\n|move|p1b: Excadrill|Iron Head|p2a: Aerodactyl\n|-supereffective|p2a: Aerodactyl|1\n|-damage|p2a: Aerodactyl|0 fnt\n|faint|p2a: Aerodactyl\n|\n|win|AsexualBillClinton\n|raw|AsexualBillClinton's rating: 1291 &rarr; <strong>1321</strong><br />(+30 for winning)\n|raw|mr.costello's rating: 1366 &rarr; <strong>1342</strong><br />(-24 for losing)\n|l|\u2606mr.costello\n|player|p2|\n",
  "uploadtime": 1776632030,
  "views": 21,
  "formatid": "gen9championsvgc2026regma",
  "rating": 1321,
  "private": 0,
  "password": null
}