{
  "id": "gen9championsvgc2026regma-2588260997",
  "format": "[Gen 9 Champions] VGC 2026 Reg M-A",
  "players": [
    "J-Rex11",
    "NeatNation44"
  ],
  "log": "|j|\u2606J-Rex11\n|j|\u2606NeatNation44\n|t:|1776618961\n|gametype|doubles\n|player|p1|J-Rex11|ruinmaniac|1078\n|player|p2|NeatNation44|2|1033\n|gen|9\n|tier|[Gen 9 Champions] VGC 2026 Reg M-A\n|rated|\n|rule|Species Clause: Limit one of each Pok\u00e9mon\n|rule|Item Clause: Limit 1 of each item\n|clearpoke\n|poke|p1|Tyrantrum, L50, M|\n|poke|p1|Scizor, L50, M|\n|poke|p1|Sinistcha, L50|\n|poke|p1|Aerodactyl, L50, F|\n|poke|p1|Incineroar, L50, F|\n|poke|p1|Primarina, L50, F|\n|poke|p2|Whimsicott, L50, M|\n|poke|p2|Garchomp, L50, F|\n|poke|p2|Froslass, L50, F|\n|poke|p2|Volcarona, L50, F|\n|poke|p2|Tsareena, L50, F|\n|poke|p2|Rotom-Wash, L50|\n|teampreview|4\n|inactive|Battle timer is ON: inactive players will automatically lose when time's up. (requested by NeatNation44)\n|inactive|J-Rex11 has 60 seconds left.\n|\n|t:|1776619035\n|teamsize|p1|4\n|teamsize|p2|4\n|start\n|switch|p1a: Sinistcha|Sinistcha, L50|100/100\n|switch|p1b: Primarina|Primarina, L50, F|100/100\n|switch|p2a: Whimsicott|Whimsicott, L50, M|100/100\n|switch|p2b: Tsareena|Tsareena, L50, F|100/100\n|turn|1\n|inactive|J-Rex11 has 30 seconds left.\n|\n|t:|1776619063\n|move|p1b: Primarina|Protect|p1b: Primarina\n|-singleturn|p1b: Primarina|Protect\n|move|p2a: Whimsicott|Tailwind|p2a: Whimsicott\n|-sidestart|p2: NeatNation44|move: Tailwind\n|move|p2b: Tsareena|Triple Axel|p1a: Sinistcha\n|-supereffective|p1a: Sinistcha|1\n|-damage|p1a: Sinistcha|89/100\n|-supereffective|p1a: Sinistcha|1\n|-damage|p1a: Sinistcha|68/100\n|-supereffective|p1a: Sinistcha|1\n|-crit|p1a: Sinistcha\n|-damage|p1a: Sinistcha|16/100\n|-enditem|p1a: Sinistcha|Sitrus Berry|[eat]\n|-heal|p1a: Sinistcha|41/100|[from] item: Sitrus Berry\n|-hitcount|p1a: Sinistcha|3\n|move|p1a: Sinistcha|Trick Room|p1a: Sinistcha\n|-fieldstart|move: Trick Room|[of] p1a: Sinistcha\n|\n|upkeep\n|turn|2\n|inactive|J-Rex11 has 30 seconds left.\n|inactive|J-Rex11 has 20 seconds left.\n|inactive|J-Rex11 has 15 seconds left.\n|inactive|NeatNation44 has 30 seconds left.\n|inactive|J-Rex11 has 10 seconds left.\n|\n|t:|1776619110\n|switch|p1b: Tyrantrum|Tyrantrum, L50, M|100/100\n|switch|p1a: Scizor|Scizor, L50, M|100/100\n|move|p2b: Tsareena|Triple Axel|p1a: Scizor\n|-resisted|p1a: Scizor|1\n|-damage|p1a: Scizor|97/100\n|-resisted|p1a: Scizor|1\n|-damage|p1a: Scizor|88/100\n|-resisted|p1a: Scizor|1\n|-damage|p1a: Scizor|77/100\n|-hitcount|p1a: Scizor|3\n|move|p2a: Whimsicott|Moonblast|p1a: Scizor\n|-resisted|p1a: Scizor|1\n|-damage|p1a: Scizor|63/100\n|-unboost|p1a: Scizor|spa|1\n|\n|upkeep\n|turn|3\n|inactive|J-Rex11 has 30 seconds left.\n|inactive|NeatNation44 has 30 seconds left.\n|inactive|J-Rex11 has 20 seconds left.\n|inactive|J-Rex11 has 15 seconds left.\n|inactive|J-Rex11 has 10 seconds left.\n|\n|t:|1776619156\n|switch|p1b: Primarina|Primarina, L50, F|100/100\n|detailschange|p1a: Scizor|Scizor-Mega, L50, M\n|-mega|p1a: Scizor|Scizor|Scizorite\n|move|p2a: Whimsicott|Protect|p2a: Whimsicott\n|-singleturn|p2a: Whimsicott|Protect\n|move|p1a: Scizor|Bug Bite|p2b: Tsareena\n|-supereffective|p2b: Tsareena|1\n|-damage|p2b: Tsareena|0 fnt\n|faint|p2b: Tsareena\n|\n|upkeep\n|\n|t:|1776619176\n|switch|p2b: Garchomp|Garchomp, L50, F|100/100\n|turn|4\n|\n|t:|1776619191\n|move|p1a: Scizor|Bullet Punch|p2a: Whimsicott\n|-supereffective|p2a: Whimsicott|1\n|-enditem|p2a: Whimsicott|Focus Sash\n|-damage|p2a: Whimsicott|1/100\n|move|p1b: Primarina|Calm Mind|p1b: Primarina\n|-boost|p1b: Primarina|spa|1\n|-boost|p1b: Primarina|spd|1\n|move|p2b: Garchomp|Rock Slide|p1a: Scizor|[spread] p1a,p1b\n|-damage|p1a: Scizor|47/100\n|-damage|p1b: Primarina|76/100\n|move|p2a: Whimsicott|Moonblast|p1b: Primarina\n|-damage|p1b: Primarina|61/100\n|\n|-heal|p1b: Primarina|67/100|[from] item: Leftovers\n|-sideend|p2: NeatNation44|move: Tailwind\n|upkeep\n|turn|5\n|\n|t:|1776619209\n|move|p2a: Whimsicott|Protect|p2a: Whimsicott\n|-singleturn|p2a: Whimsicott|Protect\n|move|p1a: Scizor|Bullet Punch|p2a: Whimsicott\n|-activate|p2a: Whimsicott|move: Protect\n|move|p1b: Primarina|Hyper Voice|p2b: Garchomp|[spread] p2b\n|-activate|p2a: Whimsicott|move: Protect\n|-damage|p2b: Garchomp|34/100\n|move|p2b: Garchomp|Earthquake|p1b: Primarina|[spread] p1a,p1b\n|-activate|p2a: Whimsicott|move: Protect\n|-damage|p1a: Scizor|4/100\n|-damage|p1b: Primarina|5/100\n|\n|-heal|p1b: Primarina|11/100|[from] item: Leftovers\n|-fieldend|move: Trick Room\n|upkeep\n|turn|6\n|\n|t:|1776619230\n|move|p2a: Whimsicott|Tailwind|p2a: Whimsicott\n|-sidestart|p2: NeatNation44|move: Tailwind\n|move|p1a: Scizor|Bullet Punch|p2b: Garchomp\n|-damage|p2b: Garchomp|0 fnt\n|-damage|p1a: Scizor|0 fnt|[from] ability: Rough Skin|[of] p2b: Garchomp\n|faint|p2b: Garchomp\n|faint|p1a: Scizor\n|move|p1b: Primarina|Moonblast|p2a: Whimsicott\n|-damage|p2a: Whimsicott|0 fnt\n|faint|p2a: Whimsicott\n|\n|-heal|p1b: Primarina|17/100|[from] item: Leftovers\n|upkeep\n|\n|t:|1776619251\n|switch|p2b: Froslass|Froslass, L50, F|100/100\n|switch|p1a: Tyrantrum|Tyrantrum, L50, M|100/100\n|turn|7\n|\n|t:|1776619271\n|detailschange|p2b: Froslass|Froslass-Mega, L50, F\n|-mega|p2b: Froslass|Froslass|Froslassite\n|-weather|Snowscape|[from] ability: Snow Warning|[of] p2b: Froslass\n|move|p1a: Tyrantrum|Protect|p1a: Tyrantrum\n|-singleturn|p1a: Tyrantrum|Protect\n|move|p2b: Froslass|Blizzard|p1b: Primarina|[spread] p1b\n|-activate|p1a: Tyrantrum|move: Protect\n|-resisted|p1b: Primarina|1\n|-damage|p1b: Primarina|3/100\n|-status|p1b: Primarina|frz\n|cant|p1b: Primarina|frz\n|\n|-weather|Snowscape|[upkeep]\n|-heal|p1b: Primarina|9/100 frz|[from] item: Leftovers\n|upkeep\n|turn|8\n|\n|t:|1776619294\n|move|p1a: Tyrantrum|Protect|p1a: Tyrantrum\n|-singleturn|p1a: Tyrantrum|Protect\n|move|p2b: Froslass|Blizzard|p1b: Primarina|[spread] p1b\n|-activate|p1a: Tyrantrum|move: Protect\n|-resisted|p1b: Primarina|1\n|-damage|p1b: Primarina|0 fnt\n|faint|p1b: Primarina\n|\n|-weather|Snowscape|[upkeep]\n|upkeep\n|\n|t:|1776619300\n|switch|p1b: Sinistcha|Sinistcha, L50|41/100\n|turn|9\n|\n|t:|1776619305\n|move|p1b: Sinistcha|Rage Powder|p1b: Sinistcha\n|-singleturn|p1b: Sinistcha|move: Rage Powder\n|move|p2b: Froslass|Blizzard|p1a: Tyrantrum|[spread] p1a,p1b\n|-supereffective|p1a: Tyrantrum|1\n|-supereffective|p1b: Sinistcha|1\n|-damage|p1a: Tyrantrum|0 fnt\n|-damage|p1b: Sinistcha|0 fnt\n|faint|p1a: Tyrantrum\n|faint|p1b: Sinistcha\n|\n|win|NeatNation44\n|raw|J-Rex11's rating: 1078 &rarr; <strong>1054</strong><br />(-24 for losing)\n|raw|NeatNation44's rating: 1033 &rarr; <strong>1073</strong><br />(+40 for winning)\n|l|\u2606J-Rex11\n|player|p1|\n",
  "uploadtime": 1776619342,
  "views": 10,
  "formatid": "gen9championsvgc2026regma",
  "rating": 1054,
  "private": 0,
  "password": null
}