{
  "id": "gen9championsvgc2026regma-2581276668",
  "format": "[Gen 9 Champions] VGC 2026 Reg M-A",
  "players": [
    "sandwich_lizard1",
    "sjysjy"
  ],
  "log": "|j|\u2606sandwich_lizard1\n|j|\u2606sjysjy\n|t:|1775980115\n|gametype|doubles\n|player|p1|sandwich_lizard1|winona|1287\n|player|p2|sjysjy|265|1370\n|gen|9\n|tier|[Gen 9 Champions] VGC 2026 Reg M-A\n|rated|\n|rule|Species Clause: Limit one of each Pok\u00e9mon\n|rule|Item Clause: Limit 1 of each item\n|clearpoke\n|poke|p1|Meganium, L50, F|\n|poke|p1|Pelipper, L50, M|\n|poke|p1|Basculegion-F, L50, F|\n|poke|p1|Archaludon, L50, M|\n|poke|p1|Incineroar, L50, M|\n|poke|p1|Meowstic, L50, M|\n|poke|p2|Gengar, L50, M|\n|poke|p2|Garchomp, L50, M|\n|poke|p2|Whimsicott, L50, F|\n|poke|p2|Typhlosion-Hisui, L50, F|\n|poke|p2|Kingambit, L50, F|\n|poke|p2|Rotom-Wash, L50|\n|teampreview|4\n|inactive|Battle timer is ON: inactive players will automatically lose when time's up. (requested by sandwich_lizard1)\n|j| gE1xjZRtuhW2DdT0AK\n|\n|t:|1775980137\n|teamsize|p1|4\n|teamsize|p2|4\n|start\n|switch|p1a: Pelipper|Pelipper, L50, M|100/100\n|switch|p1b: Archaludon|Archaludon, L50, M|100/100\n|switch|p2a: Whimsicott|Whimsicott, L50, F|100/100\n|switch|p2b: Kingambit|Kingambit, L50, F|100/100\n|-weather|RainDance|[from] ability: Drizzle|[of] p1a: Pelipper\n|turn|1\n|\n|t:|1775980157\n|move|p2b: Kingambit|Protect|p2b: Kingambit\n|-singleturn|p2b: Kingambit|Protect\n|move|p2a: Whimsicott|Sunny Day|p2a: Whimsicott\n|-weather|SunnyDay\n|move|p1b: Archaludon|Electro Shot||[still]\n|-prepare|p1b: Archaludon|Electro Shot\n|-boost|p1b: Archaludon|spa|1\n|move|p1a: Pelipper|Tailwind|p1a: Pelipper\n|-sidestart|p1: sandwich_lizard1|move: Tailwind\n|\n|-weather|SunnyDay|[upkeep]\n|upkeep\n|turn|2\n|inactive|sjysjy has 30 seconds left.\n|\n|t:|1775980186\n|move|p1b: Archaludon|Electro Shot|p2b: Kingambit|[from] lockedmove\n|-damage|p2b: Kingambit|34/100\n|move|p1a: Pelipper|Weather Ball|p2a: Whimsicott\n|-supereffective|p2a: Whimsicott|1\n|-enditem|p2a: Whimsicott|Focus Sash\n|-damage|p2a: Whimsicott|1/100\n|move|p2a: Whimsicott|Moonblast|p1b: Archaludon\n|-damage|p1b: Archaludon|48/100\n|-ability|p1b: Archaludon|Stamina|boost\n|-boost|p1b: Archaludon|def|1\n|move|p2b: Kingambit|Low Kick|p1b: Archaludon\n|-supereffective|p1b: Archaludon|1\n|-damage|p1b: Archaludon|9/100\n|-ability|p1b: Archaludon|Stamina|boost\n|-boost|p1b: Archaludon|def|1\n|\n|-weather|SunnyDay|[upkeep]\n|-heal|p1b: Archaludon|15/100|[from] item: Leftovers\n|upkeep\n|turn|3\n|inactive|sandwich_lizard1 has 30 seconds left.\n|inactive|sjysjy has 30 seconds left.\n|inactive|sjysjy has 20 seconds left.\n|\n|t:|1775980225\n|move|p2a: Whimsicott|Tailwind|p2a: Whimsicott\n|-sidestart|p2: sjysjy|move: Tailwind\n|move|p2b: Kingambit|Sucker Punch|p1a: Pelipper\n|-damage|p1a: Pelipper|50/100\n|move|p1b: Archaludon|Flash Cannon|p2a: Whimsicott\n|-supereffective|p2a: Whimsicott|1\n|-damage|p2a: Whimsicott|0 fnt\n|faint|p2a: Whimsicott\n|move|p1a: Pelipper|Weather Ball|p2b: Kingambit\n|-supereffective|p2b: Kingambit|1\n|-damage|p2b: Kingambit|0 fnt\n|faint|p2b: Kingambit\n|\n|-weather|SunnyDay|[upkeep]\n|-heal|p1b: Archaludon|21/100|[from] item: Leftovers\n|upkeep\n|\n|t:|1775980233\n|switch|p2a: Garchomp|Garchomp, L50, M|100/100\n|switch|p2b: Rotom|Rotom-Wash, L50|100/100\n|turn|4\n|\n|t:|1775980247\n|switch|p1a: Incineroar|Incineroar, L50, M|100/100\n|-ability|p1a: Incineroar|Intimidate|boost\n|-unboost|p2a: Garchomp|atk|1\n|-unboost|p2b: Rotom|atk|1\n|move|p2a: Garchomp|Earthquake|p1b: Archaludon|[spread] p1a,p1b\n|-immune|p2b: Rotom|[from] ability: Levitate\n|-supereffective|p1a: Incineroar|1\n|-supereffective|p1b: Archaludon|1\n|-damage|p1a: Incineroar|44/100\n|-damage|p1b: Archaludon|2/100\n|-ability|p1b: Archaludon|Stamina|boost\n|-boost|p1b: Archaludon|def|1\n|-enditem|p1a: Incineroar|Sitrus Berry|[eat]\n|-heal|p1a: Incineroar|69/100|[from] item: Sitrus Berry\n|move|p1b: Archaludon|Draco Meteor|p2a: Garchomp|[miss]\n|-miss|p1b: Archaludon|p2a: Garchomp\n|move|p2b: Rotom|Thunderbolt|p1a: Incineroar\n|-damage|p1a: Incineroar|41/100\n|-status|p1a: Incineroar|par\n|\n|-weather|SunnyDay|[upkeep]\n|-heal|p1b: Archaludon|8/100|[from] item: Leftovers\n|-sideend|p1: sandwich_lizard1|move: Tailwind\n|upkeep\n|turn|5\n|\n|t:|1775980263\n|move|p1a: Incineroar|Fake Out|p2a: Garchomp\n|-damage|p2a: Garchomp|86/100\n|-damage|p1a: Incineroar|29/100 par|[from] ability: Rough Skin|[of] p2a: Garchomp\n|cant|p2a: Garchomp|flinch\n|move|p2b: Rotom|Thunderbolt|p1b: Archaludon\n|-resisted|p1b: Archaludon|1\n|-damage|p1b: Archaludon|0 fnt\n|faint|p1b: Archaludon\n|\n|-weather|none\n|-heal|p2a: Garchomp|92/100|[from] item: Leftovers\n|upkeep\n|\n|t:|1775980269\n|switch|p1b: Pelipper|Pelipper, L50, M|50/100\n|-weather|RainDance|[from] ability: Drizzle|[of] p1b: Pelipper\n|turn|6\n|\n|t:|1775980281\n|move|p2a: Garchomp|Earthquake|p1a: Incineroar|[spread] p1a\n|-immune|p2b: Rotom|[from] ability: Levitate\n|-immune|p1b: Pelipper\n|-supereffective|p1a: Incineroar|1\n|-damage|p1a: Incineroar|0 fnt\n|faint|p1a: Incineroar\n|move|p2b: Rotom|Thunderbolt|p1b: Pelipper\n|-supereffective|p1b: Pelipper|2\n|-crit|p1b: Pelipper\n|-damage|p1b: Pelipper|0 fnt\n|faint|p1b: Pelipper\n|\n|-weather|RainDance|[upkeep]\n|-heal|p2a: Garchomp|98/100|[from] item: Leftovers\n|-sideend|p2: sjysjy|move: Tailwind\n|upkeep\n|\n|t:|1775980289\n|switch|p1b: Basculegion|Basculegion-F, L50, F|100/100\n|turn|7\n|\n|t:|1775980298\n|move|p1b: Basculegion|Last Respects|p2b: Rotom\n|-damage|p2b: Rotom|30/100\n|-enditem|p2b: Rotom|Sitrus Berry|[eat]\n|-heal|p2b: Rotom|54/100|[from] item: Sitrus Berry\n|move|p2a: Garchomp|Dragon Claw|p1b: Basculegion\n|-damage|p1b: Basculegion|57/100\n|move|p2b: Rotom|Thunderbolt|p1b: Basculegion\n|-supereffective|p1b: Basculegion|1\n|-damage|p1b: Basculegion|0 fnt\n|faint|p1b: Basculegion\n|\n|win|sjysjy\n|raw|sandwich_lizard1's rating: 1287 &rarr; <strong>1268</strong><br />(-19 for losing)\n|raw|sjysjy's rating: 1370 &rarr; <strong>1385</strong><br />(+15 for winning)\n|l|\u2606sjysjy\n|player|p2|\n|l|\u2606sandwich_lizard1\n|player|p1|\n",
  "uploadtime": 1775980331,
  "views": 33,
  "formatid": "gen9championsvgc2026regma",
  "rating": 1268,
  "private": 0,
  "password": null
}