{
  "id": "gen9championsvgc2026regma-2586200337",
  "format": "[Gen 9 Champions] VGC 2026 Reg M-A",
  "players": [
    "shieldar",
    "xm3u4tp6"
  ],
  "log": "|j|\u2606shieldar\n|j|\u2606xm3u4tp6\n|t:|1776411608\n|gametype|doubles\n|player|p1|shieldar|169|1085\n|player|p2|xm3u4tp6|miku-ghost|1087\n|gen|9\n|tier|[Gen 9 Champions] VGC 2026 Reg M-A\n|rated|\n|rule|Species Clause: Limit one of each Pok\u00e9mon\n|rule|Item Clause: Limit 1 of each item\n|clearpoke\n|poke|p1|Aerodactyl, L50, F|\n|poke|p1|Incineroar, L50, F|\n|poke|p1|Pidgeot, L50, F|\n|poke|p1|Sinistcha, L50|\n|poke|p1|Rotom-Wash, L50|\n|poke|p1|Whimsicott, L50, F|\n|poke|p2|Starmie, L50|\n|poke|p2|Charizard, L50, M|\n|poke|p2|Sableye, L50, F|\n|poke|p2|Incineroar, L50, F|\n|poke|p2|Sinistcha, L50|\n|poke|p2|Sneasler, L50, F|\n|teampreview|4\nshieldar rejected open team sheets.\n|\n|t:|1776411635\n|teamsize|p1|4\n|teamsize|p2|4\n|start\n|switch|p1a: Aerodactyl|Aerodactyl, L50, F|100/100\n|switch|p1b: Pidgeot|Pidgeot, L50, F|100/100\n|switch|p2a: Raguel|Starmie, L50|100/100\n|switch|p2b: Melchizedek|Incineroar, L50, F|100/100\n|-ability|p1a: Aerodactyl|Unnerve\n|-ability|p2b: Melchizedek|Intimidate|boost\n|-unboost|p1a: Aerodactyl|atk|1\n|-unboost|p1b: Pidgeot|atk|1\n|turn|1\n|\n|t:|1776411654\n|detailschange|p1b: Pidgeot|Pidgeot-Mega, L50, F\n|-mega|p1b: Pidgeot|Pidgeot|Pidgeotite\n|detailschange|p2a: Raguel|Starmie-Mega, L50\n|-mega|p2a: Raguel|Starmie|Starminite\n|move|p2b: Melchizedek|Fake Out|p1b: Pidgeot\n|-damage|p1b: Pidgeot|87/100\n|cant|p1b: Pidgeot|flinch\n|move|p1a: Aerodactyl|Tailwind|p1a: Aerodactyl\n|-sidestart|p1: shieldar|move: Tailwind\n|move|p2a: Raguel|Minimize|p2a: Raguel\n|-boost|p2a: Raguel|evasion|2\n|\n|upkeep\n|turn|2\n|\n|t:|1776411677\n|move|p2a: Raguel|Protect|p2a: Raguel\n|-singleturn|p2a: Raguel|Protect\n|move|p1b: Pidgeot|Hurricane|p2a: Raguel\n|-activate|p2a: Raguel|move: Protect\n|move|p1a: Aerodactyl|Rock Slide|p2b: Melchizedek|[spread] p2b\n|-activate|p2a: Raguel|move: Protect\n|-supereffective|p2b: Melchizedek|1\n|-damage|p2b: Melchizedek|73/100\n|cant|p2b: Melchizedek|flinch\n|\n|upkeep\n|turn|3\n|\n|t:|1776411703\n|switch|p1a: Incineroar|Incineroar, L50, F|100/100\n|-ability|p1a: Incineroar|Intimidate|boost\n|-unboost|p2a: Raguel|atk|1\n|-unboost|p2b: Melchizedek|atk|1\n|move|p1b: Pidgeot|Hurricane|p2a: Raguel\n|-damage|p2a: Raguel|40/100\n|move|p2a: Raguel|Minimize|p2a: Raguel\n|-boost|p2a: Raguel|evasion|2\n|move|p2b: Melchizedek|Parting Shot|p1b: Pidgeot\n|-unboost|p1b: Pidgeot|atk|1\n|-unboost|p1b: Pidgeot|spa|1\n|\n|t:|1776411718\n|switch|p2b: Metatron|Sneasler, L50, F|100/100|[from] Parting Shot\n|\n|upkeep\n|turn|4\n|\n|t:|1776411734\n|switch|p1b: Aerodactyl|Aerodactyl, L50, F|100/100\n|-ability|p1b: Aerodactyl|Unnerve\n|switch|p1a: Rotom|Rotom-Wash, L50|100/100\n|move|p2b: Metatron|Protect|p2b: Metatron\n|-singleturn|p2b: Metatron|Protect\n|move|p2a: Raguel|Protect||[still]\n|-fail|p2a: Raguel\n|\n|-sideend|p1: shieldar|move: Tailwind\n|upkeep\n|turn|5\n|\n|t:|1776411751\n|switch|p2b: Melchizedek|Incineroar, L50, F|73/100\n|-ability|p2b: Melchizedek|Intimidate|boost\n|-unboost|p1a: Rotom|atk|1\n|-unboost|p1b: Aerodactyl|atk|1\n|move|p1b: Aerodactyl|Dual Wingbeat|p2b: Melchizedek\n|-damage|p2b: Melchizedek|64/100\n|-damage|p2b: Melchizedek|55/100\n|-hitcount|p2b: Melchizedek|2\n|move|p1a: Rotom|Volt Switch|p2a: Raguel|[miss]\n|-miss|p1a: Rotom|p2a: Raguel\n|move|p2a: Raguel|Minimize|p2a: Raguel\n|-boost|p2a: Raguel|evasion|2\n|\n|upkeep\n|turn|6\n|\n|t:|1776411768\n|move|p1b: Aerodactyl|Protect|p1b: Aerodactyl\n|-singleturn|p1b: Aerodactyl|Protect\n|move|p2b: Melchizedek|Fake Out|p1b: Aerodactyl\n|-activate|p1b: Aerodactyl|move: Protect\n|move|p1a: Rotom|Hydro Pump|p2b: Melchizedek|[miss]\n|-miss|p1a: Rotom|p2b: Melchizedek\n|move|p2a: Raguel|Psycho Cut|p1a: Rotom\n|-damage|p1a: Rotom|47/100\n|\n|upkeep\n|turn|7\n|\n|t:|1776411792\n|switch|p1b: Incineroar|Incineroar, L50, F|100/100\n|-ability|p1b: Incineroar|Intimidate|boost\n|-unboost|p2a: Raguel|atk|1\n|-unboost|p2b: Melchizedek|atk|1\n|move|p2a: Raguel|Protect|p2a: Raguel\n|-singleturn|p2a: Raguel|Protect\n|move|p1a: Rotom|Hydro Pump|p2b: Melchizedek\n|-supereffective|p2b: Melchizedek|1\n|-damage|p2b: Melchizedek|0 fnt\n|faint|p2b: Melchizedek\n|\n|upkeep\n|\n|t:|1776411802\n|switch|p2b: Michael|Sableye, L50, F|100/100\n|turn|8\n|\n|t:|1776411812\n|switch|p1a: Pidgeot|Pidgeot-Mega, L50, F|87/100\n|move|p2b: Michael|Psych Up|p2a: Raguel\n|-copyboost|p2b: Michael|p2a: Raguel|[from] move: Psych Up\n|move|p2a: Raguel|Psycho Cut|p1a: Pidgeot\n|-damage|p1a: Pidgeot|47/100\n|move|p1b: Incineroar|Throat Chop|p2a: Raguel\n|-supereffective|p2a: Raguel|1\n|-damage|p2a: Raguel|0 fnt\n|faint|p2a: Raguel\n|\n|upkeep\n|\n|t:|1776411822\n|switch|p2a: Metatron|Sneasler, L50, F|100/100\n|turn|9\n|\n|t:|1776411837\n|switch|p1b: Aerodactyl|Aerodactyl, L50, F|100/100\n|-ability|p1b: Aerodactyl|Unnerve\n|move|p1a: Pidgeot|Protect|p1a: Pidgeot\n|-singleturn|p1a: Pidgeot|Protect\n|move|p2a: Metatron|Dire Claw|p1a: Pidgeot\n|-activate|p1a: Pidgeot|move: Protect\n|move|p2b: Michael|Foul Play|p1a: Pidgeot\n|-activate|p1a: Pidgeot|move: Protect\n|\n|upkeep\n|turn|10\n|\n|t:|1776411852\n|move|p2a: Metatron|Protect|p2a: Metatron\n|-singleturn|p2a: Metatron|Protect\n|move|p2b: Michael|Will-O-Wisp|p1b: Aerodactyl\n|-status|p1b: Aerodactyl|brn\n|move|p1a: Pidgeot|Hurricane|p2a: Metatron\n|-activate|p2a: Metatron|move: Protect\n|move|p1b: Aerodactyl|Tailwind|p1b: Aerodactyl\n|-sidestart|p1: shieldar|move: Tailwind\n|\n|-damage|p1b: Aerodactyl|95/100 brn|[from] brn\n|upkeep\n|turn|11\n|inactive|Battle timer is ON: inactive players will automatically lose when time's up. (requested by shieldar)\n|\n|t:|1776411886\n|move|p1a: Pidgeot|Hurricane|p2a: Metatron\n|-supereffective|p2a: Metatron|1\n|-enditem|p2a: Metatron|Focus Sash\n|-damage|p2a: Metatron|1/100\n|move|p2a: Metatron|Dire Claw|p1a: Pidgeot\n|-damage|p1a: Pidgeot|0 fnt\n|faint|p1a: Pidgeot\n|move|p1b: Aerodactyl|Rock Slide|p2a: Metatron|[spread] p2a\n|-miss|p1b: Aerodactyl|p2b: Michael\n|-resisted|p2a: Metatron|1\n|-damage|p2a: Metatron|0 fnt\n|faint|p2a: Metatron\n|move|p2b: Michael|Foul Play|p1b: Aerodactyl\n|-damage|p1b: Aerodactyl|20/100 brn\n|\n|-damage|p1b: Aerodactyl|15/100 brn|[from] brn\n|upkeep\n|\n|t:|1776411903\n|switch|p1a: Incineroar|Incineroar, L50, F|100/100\n|-ability|p1a: Incineroar|Intimidate|boost\n|-unboost|p2b: Michael|atk|1\n|turn|12\n|\n|t:|1776411914\n|move|p2b: Michael|Protect|p2b: Michael\n|-singleturn|p2b: Michael|Protect\n|move|p1b: Aerodactyl|Rock Slide|p2b: Michael\n|-activate|p2b: Michael|move: Protect\n|move|p1a: Incineroar|Throat Chop|p2b: Michael\n|-activate|p2b: Michael|move: Protect\n|\n|-damage|p1b: Aerodactyl|9/100 brn|[from] brn\n|upkeep\n|turn|13\n|\n|t:|1776411928\n|move|p1b: Aerodactyl|Rock Slide|p2b: Michael\n|-damage|p2b: Michael|80/100\n|move|p1a: Incineroar|Throat Chop|p2b: Michael|[miss]\n|-miss|p1a: Incineroar|p2b: Michael\n|move|p2b: Michael|Foul Play|p1a: Incineroar\n|-resisted|p1a: Incineroar|1\n|-damage|p1a: Incineroar|84/100\n|\n|-heal|p2b: Michael|86/100|[from] item: Leftovers\n|-damage|p1b: Aerodactyl|3/100 brn|[from] brn\n|-sideend|p1: shieldar|move: Tailwind\n|upkeep\n|turn|14\n|\n|t:|1776411943\n|move|p2b: Michael|Protect|p2b: Michael\n|-singleturn|p2b: Michael|Protect\n|move|p1b: Aerodactyl|Rock Slide|p2b: Michael\n|-activate|p2b: Michael|move: Protect\n|move|p1a: Incineroar|Throat Chop|p2b: Michael\n|-activate|p2b: Michael|move: Protect\n|\n|-heal|p2b: Michael|92/100|[from] item: Leftovers\n|-damage|p1b: Aerodactyl|0 fnt|[from] brn\n|faint|p1b: Aerodactyl\n|upkeep\n|\n|t:|1776411954\n|switch|p1b: Rotom|Rotom-Wash, L50|47/100\n|turn|15\n|-activate|p1b: Rotom|item: Quick Claw\n|\n|t:|1776411969\n|move|p1b: Rotom|Shadow Ball|p2b: Michael|[miss]\n|-miss|p1b: Rotom|p2b: Michael\n|move|p1a: Incineroar|Throat Chop|p2b: Michael\n|-damage|p2b: Michael|55/100\n|-start|p2b: Michael|Throat Chop|[silent]\n|move|p2b: Michael|Foul Play|p1b: Rotom\n|-damage|p1b: Rotom|18/100\n|\n|-heal|p2b: Michael|61/100|[from] item: Leftovers\n|upkeep\n|turn|16\n|-activate|p1b: Rotom|item: Quick Claw\n|\n|t:|1776411985\n|move|p2b: Michael|Protect|p2b: Michael\n|-singleturn|p2b: Michael|Protect\n|move|p1b: Rotom|Shadow Ball|p2b: Michael\n|-activate|p2b: Michael|move: Protect\n|move|p1a: Incineroar|Throat Chop|p2b: Michael\n|-activate|p2b: Michael|move: Protect\n|\n|-heal|p2b: Michael|67/100|[from] item: Leftovers\n|-end|p2b: Michael|Throat Chop|[silent]\n|upkeep\n|turn|17\n|\n|t:|1776411998\n|move|p1b: Rotom|Shadow Ball|p2b: Michael|[miss]\n|-miss|p1b: Rotom|p2b: Michael\n|move|p1a: Incineroar|Throat Chop|p2b: Michael|[miss]\n|-miss|p1a: Incineroar|p2b: Michael\n|move|p2b: Michael|Foul Play|p1b: Rotom\n|-damage|p1b: Rotom|0 fnt\n|faint|p1b: Rotom\n|\n|-heal|p2b: Michael|72/100|[from] item: Leftovers\n|upkeep\n|turn|18\n|-message|shieldar forfeited.\n|\n|win|xm3u4tp6\n|raw|shieldar's rating: 1085 &rarr; <strong>1062</strong><br />(-23 for losing)\n|raw|xm3u4tp6's rating: 1087 &rarr; <strong>1114</strong><br />(+27 for winning)\n|l|\u2606shieldar\n|player|p1|\n",
  "uploadtime": 1776412013,
  "views": 16,
  "formatid": "gen9championsvgc2026regma",
  "rating": 1062,
  "private": 0,
  "password": null
}