{
  "id": "gen9championsvgc2026regma-2582767489",
  "format": "[Gen 9 Champions] VGC 2026 Reg M-A",
  "players": [
    "jeanmixed",
    "mofriu4334"
  ],
  "log": "|j|\u2606jeanmixed\n|j|\u2606mofriu4334\n|t:|1776112688\n|gametype|doubles\n|player|p1|jeanmixed|veteran|\n|player|p2|mofriu4334|bianca|\n|gen|9\n|tier|[Gen 9 Champions] VGC 2026 Reg M-A\n|rule|Species Clause: Limit one of each Pok\u00e9mon\n|rule|Item Clause: Limit 1 of each item\n|clearpoke\n|poke|p1|Venusaur, L50, F|\n|poke|p1|Incineroar, L50, F|\n|poke|p1|Empoleon, L50, M|\n|poke|p1|Aerodactyl, L50, F|\n|poke|p1|Sableye, L50, F|\n|poke|p1|Dragonite, L50, M|\n|poke|p2|Scizor, L50, M|\n|poke|p2|Rotom-Wash, L50|\n|poke|p2|Garchomp, L50, M|\n|poke|p2|Dragonite, L50, M|\n|poke|p2|Sylveon, L50, M|\n|poke|p2|Gengar, L50, F|\n|teampreview|4\n|\n|t:|1776112725\n|teamsize|p1|4\n|teamsize|p2|4\n|start\n|switch|p1a: Venusaur|Venusaur, L50, F, shiny|100/100\n|switch|p1b: Sableye|Sableye, L50, F|100/100\n|switch|p2a: Gengar|Gengar, L50, F|100/100\n|switch|p2b: Scizor|Scizor, L50, M|100/100\n|turn|1\n|\n|t:|1776112761\n|detailschange|p1a: Venusaur|Venusaur-Mega, L50, F, shiny\n|-mega|p1a: Venusaur|Venusaur|Venusaurite\n|move|p1b: Sableye|Protect|p1b: Sableye\n|-singleturn|p1b: Sableye|Protect\n|move|p2a: Gengar|Shadow Ball|p1b: Sableye\n|-activate|p1b: Sableye|move: Protect\n|move|p1a: Venusaur|Earth Power|p2a: Gengar\n|-supereffective|p2a: Gengar|1\n|-damage|p2a: Gengar|7/100\n|-unboost|p2a: Gengar|spd|1\n|move|p2b: Scizor|Swords Dance|p2b: Scizor\n|-boost|p2b: Scizor|atk|2\n|\n|upkeep\n|turn|2\n|\n|t:|1776112802\n|switch|p1b: Incineroar|Incineroar, L50, F, shiny|100/100\n|-ability|p1b: Incineroar|Intimidate|boost\n|-unboost|p2a: Gengar|atk|1\n|-unboost|p2b: Scizor|atk|1\n|move|p2b: Scizor|Bullet Punch|p1b: Incineroar\n|-resisted|p1b: Incineroar|1\n|-damage|p1b: Incineroar|74/100\n|move|p2a: Gengar|Destiny Bond|p2a: Gengar\n|-singlemove|p2a: Gengar|Destiny Bond\n|move|p1a: Venusaur|Earth Power|p2a: Gengar\n|-supereffective|p2a: Gengar|1\n|-damage|p2a: Gengar|0 fnt\n|faint|p2a: Gengar\n|-activate|p2a: Gengar|move: Destiny Bond\n|faint|p1a: Venusaur\n|\n|upkeep\n|\n|t:|1776112819\n|switch|p2a: Rotom|Rotom-Wash, L50|100/100\n|switch|p1a: Sableye|Sableye, L50, F|100/100\n|turn|3\n|j| lisarb660\n|c| lisarb660|to aq\n|\n|t:|1776112850\n|switch|p2b: Sylveon|Sylveon, L50, M|100/100\n|move|p1a: Sableye|Disable||[still]\n|-fail|p1a: Sableye\n|move|p2a: Rotom|Hydro Pump|p1b: Incineroar|[miss]\n|-miss|p2a: Rotom|p1b: Incineroar\n|move|p1b: Incineroar|Flare Blitz|p2b: Sylveon\n|-damage|p2b: Sylveon|38/100\n|-enditem|p2b: Sylveon|Sitrus Berry|[eat]\n|-heal|p2b: Sylveon|63/100|[from] item: Sitrus Berry\n|-damage|p1b: Incineroar|52/100|[from] Recoil\n|\n|upkeep\n|turn|4\n|\n|t:|1776112881\n|switch|p1b: Aerodactyl|Aerodactyl, L50, F|100/100\n|-ability|p1b: Aerodactyl|Unnerve\n|move|p1a: Sableye|Disable|p2a: Rotom\n|-start|p2a: Rotom|Disable|Hydro Pump\n|cant|p2a: Rotom|Disable|Hydro Pump\n|move|p2b: Sylveon|Hyper Voice|p1b: Aerodactyl|[spread] p1a,p1b\n|-supereffective|p1a: Sableye|1\n|-damage|p1a: Sableye|28/100\n|-damage|p1b: Aerodactyl|54/100\n|\n|upkeep\n|turn|5\n|\n|t:|1776112902\n|move|p1a: Sableye|Disable|p2b: Sylveon\n|-start|p2b: Sylveon|Disable|Hyper Voice\n|move|p1b: Aerodactyl|Rock Slide|p2a: Rotom|[spread] p2a,p2b\n|-damage|p2a: Rotom|81/100\n|-damage|p2b: Sylveon|30/100\n|cant|p2a: Rotom|flinch\n|move|p2b: Sylveon|Wish|p2b: Sylveon\n|\n|-heal|p2a: Rotom|87/100|[from] item: Leftovers\n|upkeep\n|turn|6\n|c| lisarb660|deu\n|c| lisarb660|t\u00e1\n|c| lisarb660|bronca\n|\n|t:|1776112933\n|move|p1a: Sableye|Encore|p2a: Rotom\n|-start|p2a: Rotom|Encore\n|move|p1b: Aerodactyl|Dual Wingbeat|p2b: Sylveon\n|-damage|p2b: Sylveon|8/100\n|-damage|p2b: Sylveon|0 fnt\n|faint|p2b: Sylveon\n|-hitcount|p2: Sylveon|2\n|cant|p2a: Rotom|Disable|Hydro Pump\n|\n|-heal|p2a: Rotom|93/100|[from] item: Leftovers\n|upkeep\n|\n|t:|1776112939\n|switch|p2b: Scizor|Scizor, L50, M|100/100\n|turn|7\n|\n|t:|1776112947\n|move|p1a: Sableye|Protect|p1a: Sableye\n|-singleturn|p1a: Sableye|Protect\n|move|p1b: Aerodactyl|Protect|p1b: Aerodactyl\n|-singleturn|p1b: Aerodactyl|Protect\n|-activate|p2a: Rotom|move: Struggle\n|move|p2a: Rotom|Struggle|p1b: Aerodactyl\n|-activate|p1b: Aerodactyl|move: Protect\n|move|p2b: Scizor|Swords Dance|p2b: Scizor\n|-boost|p2b: Scizor|atk|2\n|\n|-heal|p2a: Rotom|99/100|[from] item: Leftovers\n|-end|p2a: Rotom|Disable\n|upkeep\n|turn|8\n|\n|t:|1776112975\n|switch|p1b: Incineroar|Incineroar, L50, F, shiny|52/100\n|-ability|p1b: Incineroar|Intimidate|boost\n|-unboost|p2a: Rotom|atk|1\n|-unboost|p2b: Scizor|atk|1\n|move|p2b: Scizor|Bullet Punch|p1a: Sableye\n|-damage|p1a: Sableye|0 fnt\n|faint|p1a: Sableye\n|move|p2a: Rotom|Hydro Pump|p1b: Incineroar\n|-supereffective|p1b: Incineroar|1\n|-damage|p1b: Incineroar|0 fnt\n|faint|p1b: Incineroar\n|\n|-heal|p2a: Rotom|100/100|[from] item: Leftovers\n|-end|p2a: Rotom|Encore\n|upkeep\n|\n|t:|1776113008\n|switch|p1b: Aerodactyl|Aerodactyl, L50, F|54/100\n|-ability|p1b: Aerodactyl|Unnerve\n|turn|9\n|\n|t:|1776113026\n|move|p2b: Scizor|Bullet Punch|p1b: Aerodactyl\n|-supereffective|p1b: Aerodactyl|1\n|-damage|p1b: Aerodactyl|0 fnt\n|faint|p1b: Aerodactyl\n|\n|win|mofriu4334\n|c| lisarb660|GG\n",
  "uploadtime": 1776113031,
  "views": 18,
  "formatid": "gen9championsvgc2026regma",
  "rating": null,
  "private": 0,
  "password": null
}