{
  "id": "gen9championsvgc2026regma-2584843631",
  "format": "[Gen 9 Champions] VGC 2026 Reg M-A",
  "players": [
    "Tommy0322",
    "eevee1995"
  ],
  "log": "|j|\u2606Tommy0322\n|j|\u2606eevee1995\n|t:|1776288012\n|gametype|doubles\n|player|p1|Tommy0322|266|1060\n|player|p2|eevee1995|pokekidf-gen8|1102\n|gen|9\n|tier|[Gen 9 Champions] VGC 2026 Reg M-A\n|rated|\n|rule|Species Clause: Limit one of each Pok\u00e9mon\n|rule|Item Clause: Limit 1 of each item\n|clearpoke\n|poke|p1|Palafin, L50, M|\n|poke|p1|Froslass, L50, F|\n|poke|p1|Incineroar, L50, F|\n|poke|p1|Orthworm, L50, M|\n|poke|p1|Whimsicott, L50, F|\n|poke|p1|Garchomp, L50, F|\n|poke|p2|Torkoal, L50, M|\n|poke|p2|Victreebel, L50, F|\n|poke|p2|Farigiraf, L50, M|\n|poke|p2|Dragonite, L50, M|\n|poke|p2|Sneasler, L50, M|\n|poke|p2|Garchomp, L50, F|\n|teampreview|4\n|inactive|Battle timer is ON: inactive players will automatically lose when time's up. (requested by Tommy0322)\n|c|\u2606eevee1995|glhf\n|\n|t:|1776288035\n|teamsize|p1|4\n|teamsize|p2|4\n|start\n|switch|p1a: Palafin|Palafin, L50, M|100/100\n|switch|p1b: Garchomp|Garchomp, L50, F|100/100\n|switch|p2a: sneeeeeeeeeeeeeeek|Sneasler, L50, M, shiny|100/100\n|switch|p2b: Mr Nite|Dragonite, L50, M, shiny|100/100\n|turn|1\n|\n|t:|1776288055\n|move|p2b: Mr Nite|Protect|p2b: Mr Nite\n|-singleturn|p2b: Mr Nite|Protect\n|move|p2a: sneeeeeeeeeeeeeeek|Fake Out|p1a: Palafin\n|-damage|p1a: Palafin|82/100\n|cant|p1a: Palafin|flinch\n|move|p1b: Garchomp|Earthquake|p2a: sneeeeeeeeeeeeeeek|[spread] p1a,p2a\n|-activate|p2b: Mr Nite|move: Protect\n|-supereffective|p2a: sneeeeeeeeeeeeeeek|1\n|-enditem|p2a: sneeeeeeeeeeeeeeek|Shuca Berry|[eat]\n|-enditem|p2a: sneeeeeeeeeeeeeeek|Shuca Berry|[weaken]\n|-damage|p1a: Palafin|26/100\n|-damage|p2a: sneeeeeeeeeeeeeeek|29/100\n|\n|upkeep\n|turn|2\n|\n|t:|1776288068\n|move|p2a: sneeeeeeeeeeeeeeek|Coaching|p2b: Mr Nite\n|-boost|p2b: Mr Nite|atk|1\n|-boost|p2b: Mr Nite|def|1\n|move|p1a: Palafin|Flip Turn|p2a: sneeeeeeeeeeeeeeek\n|-damage|p2a: sneeeeeeeeeeeeeeek|0 fnt\n|faint|p2a: sneeeeeeeeeeeeeeek\n|\n|t:|1776288075\n|detailschange|p1a: Palafin|Palafin-Hero, L50, M\n|switch|p1a: Orthworm|Orthworm, L50, M|100/100|[from] Flip Turn\n|move|p1b: Garchomp|Rock Slide|p2b: Mr Nite\n|-supereffective|p2b: Mr Nite|1\n|-damage|p2b: Mr Nite|80/100\n|move|p2b: Mr Nite|Scale Shot|p1b: Garchomp\n|-supereffective|p1b: Garchomp|1\n|-damage|p1b: Garchomp|55/100\n|-supereffective|p1b: Garchomp|1\n|-damage|p1b: Garchomp|9/100\n|-hitcount|p1b: Garchomp|2\n|-unboost|p2b: Mr Nite|def|1\n|-boost|p2b: Mr Nite|spe|1\n|\n|-heal|p1b: Garchomp|15/100|[from] item: Leftovers\n|upkeep\n|\n|t:|1776288090\n|switch|p2a: Torkal the brave|Torkoal, L50, M, shiny|100/100\n|-weather|SunnyDay|[from] ability: Drought|[of] p2a: Torkal the brave\n|turn|3\n|\n|t:|1776288101\n|move|p2b: Mr Nite|Scale Shot|p1a: Orthworm\n|-resisted|p1a: Orthworm|1\n|-damage|p1a: Orthworm|94/100\n|-resisted|p1a: Orthworm|1\n|-damage|p1a: Orthworm|88/100\n|-resisted|p1a: Orthworm|1\n|-damage|p1a: Orthworm|81/100\n|-hitcount|p1a: Orthworm|3\n|-unboost|p2b: Mr Nite|def|1\n|-boost|p2b: Mr Nite|spe|1\n|move|p1b: Garchomp|Rock Slide|p2a: Torkal the brave|[spread] p2a,p2b\n|-supereffective|p2a: Torkal the brave|1\n|-supereffective|p2b: Mr Nite|1\n|-damage|p2a: Torkal the brave|71/100\n|-damage|p2b: Mr Nite|11/100\n|move|p1a: Orthworm|Shed Tail|p1a: Orthworm\n|-start|p1a: Orthworm|Substitute|[from] move: Shed Tail\n|-damage|p1a: Orthworm|30/100\n|-enditem|p1a: Orthworm|Sitrus Berry|[eat]\n|-heal|p1a: Orthworm|55/100|[from] item: Sitrus Berry\n|\n|t:|1776288118\n|switch|p1a: Froslass|Froslass, L50, F|100/100|[from] Shed Tail\n|cant|p2a: Torkal the brave|flinch\n|\n|-weather|SunnyDay|[upkeep]\n|-heal|p1b: Garchomp|20/100|[from] item: Leftovers\n|upkeep\n|turn|4\n|\n|t:|1776288131\n|detailschange|p1a: Froslass|Froslass-Mega, L50, F\n|-mega|p1a: Froslass|Froslass|Froslassite\n|-weather|Snowscape|[from] ability: Snow Warning|[of] p1a: Froslass\n|move|p2a: Torkal the brave|Helping Hand|p2b: Mr Nite\n|-singleturn|p2b: Mr Nite|Helping Hand|[of] p2a: Torkal the brave\n|move|p2b: Mr Nite|Scale Shot|p1a: Froslass\n|-end|p1a: Froslass|Substitute\n|-damage|p1a: Froslass|67/100\n|-damage|p1a: Froslass|30/100\n|-damage|p1a: Froslass|0 fnt\n|faint|p1a: Froslass\n|-hitcount|p1: Froslass|4\n|-unboost|p2b: Mr Nite|def|1\n|-boost|p2b: Mr Nite|spe|1\n|move|p1b: Garchomp|Rock Slide|p2b: Mr Nite|[spread] p2b\n|-miss|p1b: Garchomp|p2a: Torkal the brave\n|-supereffective|p2b: Mr Nite|1\n|-damage|p2b: Mr Nite|0 fnt\n|faint|p2b: Mr Nite\n|\n|-weather|Snowscape|[upkeep]\n|-heal|p1b: Garchomp|26/100|[from] item: Leftovers\n|upkeep\n|c|\u2606eevee1995|BOOM\n|\n|t:|1776288150\n|switch|p1a: Palafin|Palafin-Hero, L50, M|26/100\n|switch|p2b: Incredible Gassy|Victreebel, L50, F, shiny|100/100\n|-activate|p1a: Palafin|ability: Zero to Hero\n|turn|5\n|\n|t:|1776288161\n|move|p1a: Palafin|Wave Crash|p2a: Torkal the brave\n|-supereffective|p2a: Torkal the brave|1\n|-damage|p2a: Torkal the brave|0 fnt\n|faint|p2a: Torkal the brave\n|-damage|p1a: Palafin|3/100|[from] Recoil\n|move|p1b: Garchomp|Dragon Claw|p2b: Incredible Gassy\n|-damage|p2b: Incredible Gassy|42/100\n|move|p2b: Incredible Gassy|Weather Ball|p1b: Garchomp\n|-supereffective|p1b: Garchomp|2\n|-damage|p1b: Garchomp|0 fnt\n|faint|p1b: Garchomp\n|\n|-weather|Snowscape|[upkeep]\n|upkeep\n|\n|t:|1776288164\n|switch|p1b: Orthworm|Orthworm, L50, M|55/100\n|turn|6\n|\n|t:|1776288182\n|detailschange|p2b: Incredible Gassy|Victreebel-Mega, L50, F, shiny\n|-mega|p2b: Incredible Gassy|Victreebel|Victreebelite\n|move|p1a: Palafin|Wave Crash|p2b: Incredible Gassy\n|-resisted|p2b: Incredible Gassy|1\n|-damage|p2b: Incredible Gassy|2/100\n|-damage|p1a: Palafin|0 fnt|[from] Recoil\n|faint|p1a: Palafin\n|move|p2b: Incredible Gassy|Sleep Powder|p1b: Orthworm|[miss]\n|-miss|p2b: Incredible Gassy|p1b: Orthworm\n|move|p1b: Orthworm|Heavy Slam|p2b: Incredible Gassy\n|-damage|p2b: Incredible Gassy|0 fnt\n|-damage|p1b: Orthworm|54/100|[from] ability: Innards Out|[of] p2b: Incredible Gassy\n|faint|p2b: Incredible Gassy\n|\n|win|Tommy0322\n|raw|Tommy0322's rating: 1060 &rarr; <strong>1095</strong><br />(+35 for winning)\n|raw|eevee1995's rating: 1102 &rarr; <strong>1074</strong><br />(-28 for losing)\n|c|\u2606eevee1995|gg\n",
  "uploadtime": 1776288186,
  "views": 18,
  "formatid": "gen9championsvgc2026regma",
  "rating": 1074,
  "private": 0,
  "password": null
}