{
  "id": "gen9championsvgc2026regma-2586434702",
  "format": "[Gen 9 Champions] VGC 2026 Reg M-A",
  "players": [
    "Nexus2011x",
    "uao"
  ],
  "log": "|j|\u2606Nexus2011x\n|j|\u2606uao\n|t:|1776434458\n|gametype|doubles\n|player|p1|Nexus2011x|1|1181\n|player|p2|uao|palmer|1167\n|gen|9\n|tier|[Gen 9 Champions] VGC 2026 Reg M-A\n|rated|\n|rule|Species Clause: Limit one of each Pok\u00e9mon\n|rule|Item Clause: Limit 1 of each item\n|clearpoke\n|poke|p1|Blastoise, L50, M|\n|poke|p1|Talonflame, L50, M|\n|poke|p1|Mimikyu, L50, F|\n|poke|p1|Garchomp, L50, F|\n|poke|p1|Vanilluxe, L50, F|\n|poke|p1|Sneasler, L50, F|\n|poke|p2|Excadrill, L50, F|\n|poke|p2|Gardevoir, L50, F|\n|poke|p2|Gyarados, L50, F|\n|poke|p2|Sinistcha, L50|\n|poke|p2|Tyranitar, L50, M|\n|poke|p2|Rotom-Heat, L50|\n|teampreview|4\n|inactive|Battle timer is ON: inactive players will automatically lose when time's up. (requested by Nexus2011x)\nNexus2011x rejected open team sheets.\n|inactive|uao has 60 seconds left.\n|inactive|Nexus2011x has 60 seconds left.\n|\n|t:|1776434517\n|teamsize|p1|4\n|teamsize|p2|4\n|start\n|switch|p1a: Talonflame|Talonflame, L50, M|100/100\n|switch|p1b: Blastoise|Blastoise, L50, M|100/100\n|switch|p2a: Rotom|Rotom-Heat, L50|100/100\n|switch|p2b: Tyranitar|Tyranitar, L50, M|100/100\n|-weather|Sandstorm|[from] ability: Sand Stream|[of] p2b: Tyranitar\n|turn|1\n|inactive|uao has 30 seconds left.\n|inactive|uao has 20 seconds left.\n|inactive|uao has 15 seconds left.\n|inactive|uao has 10 seconds left.\n|inactive|uao has 5 seconds left.\n|\n|t:|1776434572\n|detailschange|p1b: Blastoise|Blastoise-Mega, L50, M\n|-mega|p1b: Blastoise|Blastoise|Blastoisinite\n|move|p1a: Talonflame|Tailwind|p1a: Talonflame\n|-sidestart|p1: Nexus2011x|move: Tailwind\n|move|p1b: Blastoise|Water Spout|p2a: Rotom|[spread] p2a,p2b\n|-supereffective|p2a: Rotom|1\n|-supereffective|p2b: Tyranitar|1\n|-damage|p2a: Rotom|0 fnt\n|-damage|p2b: Tyranitar|9/100\n|faint|p2a: Rotom\n|move|p2b: Tyranitar|Crunch|p1a: Talonflame\n|-damage|p1a: Talonflame|49/100\n|-unboost|p1a: Talonflame|def|1\n|\n|-weather|Sandstorm|[upkeep]\n|-damage|p1a: Talonflame|43/100|[from] Sandstorm\n|-damage|p1b: Blastoise|95/100|[from] Sandstorm\n|upkeep\n|inactive|uao has 30 seconds left.\n|inactive|uao has 20 seconds left.\n|inactive|uao has 15 seconds left.\n|\n|t:|1776434614\n|switch|p2a: Sinistcha|Sinistcha, L50, shiny|100/100\n|-heal|p2b: Tyranitar|34/100|[from] ability: Hospitality|[of] p2a: Sinistcha\n|turn|2\n|inactive|uao has 30 seconds left.\n|\n|t:|1776434642\n|move|p2b: Tyranitar|Protect|p2b: Tyranitar\n|-singleturn|p2b: Tyranitar|Protect\n|move|p1a: Talonflame|Acrobatics|p2a: Sinistcha\n|-supereffective|p2a: Sinistcha|1\n|-damage|p2a: Sinistcha|33/100\n|-enditem|p2a: Sinistcha|Sitrus Berry|[eat]\n|-heal|p2a: Sinistcha|58/100|[from] item: Sitrus Berry\n|move|p1b: Blastoise|Water Spout|p2b: Tyranitar|[spread] p2a\n|-activate|p2b: Tyranitar|move: Protect\n|-resisted|p2a: Sinistcha|1\n|-damage|p2a: Sinistcha|29/100\n|move|p2a: Sinistcha|Trick Room|p2a: Sinistcha\n|-fieldstart|move: Trick Room|[of] p2a: Sinistcha\n|\n|-weather|Sandstorm|[upkeep]\n|-damage|p2a: Sinistcha|23/100|[from] Sandstorm\n|-damage|p1b: Blastoise|89/100|[from] Sandstorm\n|-damage|p1a: Talonflame|37/100|[from] Sandstorm\n|upkeep\n|turn|3\n|inactive|Nexus2011x has 30 seconds left.\n|\n|t:|1776434667\n|detailschange|p2b: Tyranitar|Tyranitar-Mega, L50, M\n|-mega|p2b: Tyranitar|Tyranitar|Tyranitarite\n|move|p1b: Blastoise|Protect|p1b: Blastoise\n|-singleturn|p1b: Blastoise|Protect\n|move|p1a: Talonflame|Protect|p1a: Talonflame\n|-singleturn|p1a: Talonflame|Protect\n|move|p2a: Sinistcha|Matcha Gotcha|p1a: Talonflame|[spread] \n|-activate|p1a: Talonflame|move: Protect\n|-activate|p1b: Blastoise|move: Protect\n|move|p2b: Tyranitar|Rock Slide|p1a: Talonflame|[spread] \n|-activate|p1a: Talonflame|move: Protect\n|-activate|p1b: Blastoise|move: Protect\n|\n|-weather|Sandstorm|[upkeep]\n|-damage|p2a: Sinistcha|17/100|[from] Sandstorm\n|-damage|p1b: Blastoise|83/100|[from] Sandstorm\n|-damage|p1a: Talonflame|31/100|[from] Sandstorm\n|upkeep\n|turn|4\n|inactive|Nexus2011x has 30 seconds left.\n|\n|t:|1776434693\n|switch|p1b: Garchomp|Garchomp, L50, F|100/100\n|move|p2a: Sinistcha|Matcha Gotcha|p1a: Talonflame|[spread] p1a,p1b\n|-resisted|p1a: Talonflame|2\n|-damage|p1a: Talonflame|21/100\n|-heal|p2a: Sinistcha|22/100|[from] drain|[of] p1a: Talonflame\n|-damage|p1b: Garchomp|74/100\n|-heal|p2a: Sinistcha|37/100|[from] drain|[of] p1b: Garchomp\n|move|p2b: Tyranitar|Rock Slide|p1b: Garchomp|[spread] p1a,p1b\n|-supereffective|p1a: Talonflame|2\n|-resisted|p1b: Garchomp|1\n|-damage|p1a: Talonflame|0 fnt\n|-damage|p1b: Garchomp|60/100\n|faint|p1a: Talonflame\n|\n|-weather|Sandstorm|[upkeep]\n|-damage|p2a: Sinistcha|31/100|[from] Sandstorm\n|-sideend|p1: Nexus2011x|move: Tailwind\n|upkeep\n|\n|t:|1776434709\n|switch|p1a: Sneasler|Sneasler, L50, F|100/100\n|turn|5\n|\n|t:|1776434732\n|move|p2b: Tyranitar|Protect|p2b: Tyranitar\n|-singleturn|p2b: Tyranitar|Protect\n|move|p1a: Sneasler|Fake Out|p2b: Tyranitar\n|-activate|p2b: Tyranitar|move: Protect\n|move|p2a: Sinistcha|Matcha Gotcha|p1a: Sneasler|[spread] p1a,p1b\n|-resisted|p1a: Sneasler|1\n|-crit|p1b: Garchomp\n|-damage|p1a: Sneasler|81/100\n|-heal|p2a: Sinistcha|39/100|[from] drain|[of] p1a: Sneasler\n|-damage|p1b: Garchomp|19/100\n|-heal|p2a: Sinistcha|63/100|[from] drain|[of] p1b: Garchomp\n|-enditem|p1b: Garchomp|Sitrus Berry|[eat]\n|-heal|p1b: Garchomp|44/100|[from] item: Sitrus Berry\n|move|p1b: Garchomp|Dragon Claw|p2a: Sinistcha\n|-damage|p2a: Sinistcha|29/100\n|\n|-weather|none\n|upkeep\n|turn|6\n|\n|t:|1776434755\n|move|p1b: Garchomp|Protect|p1b: Garchomp\n|-singleturn|p1b: Garchomp|Protect\n|move|p1a: Sneasler|Protect|p1a: Sneasler\n|-singleturn|p1a: Sneasler|Protect\n|move|p2a: Sinistcha|Shadow Ball|p1a: Sneasler\n|-activate|p1a: Sneasler|move: Protect\n|move|p2b: Tyranitar|Dragon Dance|p2b: Tyranitar\n|-boost|p2b: Tyranitar|atk|1\n|-boost|p2b: Tyranitar|spe|1\n|\n|-fieldend|move: Trick Room\n|upkeep\n|turn|7\n|inactive|uao has 30 seconds left.\n|\n|t:|1776434781\n|move|p2a: Sinistcha|Rage Powder|p2a: Sinistcha\n|-singleturn|p2a: Sinistcha|move: Rage Powder\n|move|p2b: Tyranitar|Rock Slide|p1a: Sneasler|[spread] \n|-miss|p2b: Tyranitar|p1a: Sneasler\n|-miss|p2b: Tyranitar|p1b: Garchomp\n|move|p1a: Sneasler|Close Combat|p2a: Sinistcha\n|-immune|p2a: Sinistcha\n|move|p1b: Garchomp|Dragon Claw|p2a: Sinistcha\n|-damage|p2a: Sinistcha|0 fnt\n|faint|p2a: Sinistcha\n|\n|upkeep\n|\n|t:|1776434793\n|switch|p2a: Gyarados|Gyarados, L50, F, shiny|100/100\n|-ability|p2a: Gyarados|Intimidate|boost\n|-unboost|p1a: Sneasler|atk|1\n|-unboost|p1b: Garchomp|atk|1\n|turn|8\n|inactive|uao has 30 seconds left.\n|inactive|uao has 20 seconds left.\n|inactive|uao has 15 seconds left.\n|inactive|uao has 10 seconds left.\n|\n|t:|1776434839\n|move|p2b: Tyranitar|Protect|p2b: Tyranitar\n|-singleturn|p2b: Tyranitar|Protect\n|move|p1a: Sneasler|Close Combat|p2b: Tyranitar\n|-activate|p2b: Tyranitar|move: Protect\n|move|p1b: Garchomp|Dragon Claw|p2b: Tyranitar\n|-activate|p2b: Tyranitar|move: Protect\n|move|p2a: Gyarados|Thunder Wave|p1a: Sneasler\n|-status|p1a: Sneasler|par\n|\n|upkeep\n|turn|9\n|\n|t:|1776434859\n|move|p1a: Sneasler|Protect|p1a: Sneasler\n|-singleturn|p1a: Sneasler|Protect\n|move|p2b: Tyranitar|Rock Slide|p1b: Garchomp|[spread] p1b\n|-activate|p1a: Sneasler|move: Protect\n|-resisted|p1b: Garchomp|1\n|-damage|p1b: Garchomp|23/100\n|move|p1b: Garchomp|Dragon Claw|p2b: Tyranitar\n|-damage|p2b: Tyranitar|16/100\n|move|p2a: Gyarados|Waterfall|p1a: Sneasler\n|-activate|p1a: Sneasler|move: Protect\n|\n|upkeep\n|turn|10\n|\n|t:|1776434884\n|move|p2b: Tyranitar|Protect|p2b: Tyranitar\n|-singleturn|p2b: Tyranitar|Protect\n|move|p1b: Garchomp|Rock Slide|p2b: Tyranitar|[spread] p2a\n|-activate|p2b: Tyranitar|move: Protect\n|-supereffective|p2a: Gyarados|1\n|-damage|p2a: Gyarados|79/100\n|move|p2a: Gyarados|Waterfall|p1b: Garchomp\n|-damage|p1b: Garchomp|0 fnt\n|-damage|p2a: Gyarados|66/100|[from] ability: Rough Skin|[of] p1b: Garchomp\n|faint|p1b: Garchomp\n|move|p1a: Sneasler|Close Combat|p2b: Tyranitar\n|-activate|p2b: Tyranitar|move: Protect\n|\n|-heal|p2a: Gyarados|72/100|[from] item: Leftovers\n|upkeep\n|\n|t:|1776434893\n|switch|p1b: Blastoise|Blastoise-Mega, L50, M|83/100\n|turn|11\n|\n|t:|1776434912\n|move|p1b: Blastoise|Protect|p1b: Blastoise\n|-singleturn|p1b: Blastoise|Protect\n|move|p2b: Tyranitar|Rock Slide|p1b: Blastoise|[spread] \n|-activate|p1b: Blastoise|move: Protect\n|-miss|p2b: Tyranitar|p1a: Sneasler\n|move|p2a: Gyarados|Waterfall|p1a: Sneasler\n|-damage|p1a: Sneasler|25/100 par\n|cant|p1a: Sneasler|flinch\n|\n|-heal|p2a: Gyarados|78/100|[from] item: Leftovers\n|upkeep\n|turn|12\n|\n|t:|1776434934\n|move|p2b: Tyranitar|Rock Slide|p1a: Sneasler|[spread] p1a\n|-miss|p2b: Tyranitar|p1b: Blastoise\n|-resisted|p1a: Sneasler|1\n|-damage|p1a: Sneasler|0 fnt\n|faint|p1a: Sneasler\n|move|p1b: Blastoise|Water Spout|p2b: Tyranitar|[spread] p2a,p2b\n|-resisted|p2a: Gyarados|1\n|-supereffective|p2b: Tyranitar|1\n|-damage|p2a: Gyarados|57/100\n|-damage|p2b: Tyranitar|0 fnt\n|faint|p2b: Tyranitar\n|move|p2a: Gyarados|Thunder Wave|p1b: Blastoise\n|-status|p1b: Blastoise|par\n|\n|-heal|p2a: Gyarados|63/100|[from] item: Leftovers\n|upkeep\n|turn|13\n|\n|t:|1776434952\n|move|p2a: Gyarados|Protect|p2a: Gyarados\n|-singleturn|p2a: Gyarados|Protect\n|move|p1b: Blastoise|Ice Beam|p2a: Gyarados\n|-activate|p2a: Gyarados|move: Protect\n|\n|-heal|p2a: Gyarados|69/100|[from] item: Leftovers\n|upkeep\n|turn|14\n|\n|t:|1776434957\n|move|p2a: Gyarados|Waterfall|p1b: Blastoise\n|-resisted|p1b: Blastoise|1\n|-damage|p1b: Blastoise|67/100 par\n|move|p1b: Blastoise|Ice Beam|p2a: Gyarados\n|-damage|p2a: Gyarados|42/100\n|\n|-heal|p2a: Gyarados|48/100|[from] item: Leftovers\n|upkeep\n|turn|15\n|\n|t:|1776434970\n|move|p2a: Gyarados|Protect|p2a: Gyarados\n|-singleturn|p2a: Gyarados|Protect\n|move|p1b: Blastoise|Aura Sphere|p2a: Gyarados\n|-activate|p2a: Gyarados|move: Protect\n|\n|-heal|p2a: Gyarados|54/100|[from] item: Leftovers\n|upkeep\n|turn|16\n|\n|t:|1776434977\n|move|p2a: Gyarados|Waterfall|p1b: Blastoise\n|-resisted|p1b: Blastoise|1\n|-damage|p1b: Blastoise|52/100 par\n|move|p1b: Blastoise|Aura Sphere|p2a: Gyarados\n|-resisted|p2a: Gyarados|1\n|-damage|p2a: Gyarados|35/100\n|\n|-heal|p2a: Gyarados|41/100|[from] item: Leftovers\n|upkeep\n|turn|17\n|\n|t:|1776434996\n|move|p2a: Gyarados|Protect|p2a: Gyarados\n|-singleturn|p2a: Gyarados|Protect\n|move|p1b: Blastoise|Ice Beam|p2a: Gyarados\n|-activate|p2a: Gyarados|move: Protect\n|\n|-heal|p2a: Gyarados|47/100|[from] item: Leftovers\n|upkeep\n|turn|18\n|\n|t:|1776435001\n|move|p2a: Gyarados|Waterfall|p1b: Blastoise\n|-resisted|p1b: Blastoise|1\n|-damage|p1b: Blastoise|36/100 par\n|cant|p1b: Blastoise|par\n|\n|-heal|p2a: Gyarados|53/100|[from] item: Leftovers\n|upkeep\n|turn|19\n|\n|t:|1776435009\n|move|p2a: Gyarados|Protect|p2a: Gyarados\n|-singleturn|p2a: Gyarados|Protect\n|move|p1b: Blastoise|Ice Beam|p2a: Gyarados\n|-activate|p2a: Gyarados|move: Protect\n|\n|-heal|p2a: Gyarados|59/100|[from] item: Leftovers\n|upkeep\n|turn|20\n|\n|t:|1776435018\n|move|p2a: Gyarados|Waterfall|p1b: Blastoise\n|-resisted|p1b: Blastoise|1\n|-damage|p1b: Blastoise|21/100 par\n|move|p1b: Blastoise|Ice Beam|p2a: Gyarados\n|-damage|p2a: Gyarados|30/100\n|\n|-heal|p2a: Gyarados|36/100|[from] item: Leftovers\n|upkeep\n|turn|21\n|\n|t:|1776435027\n|move|p2a: Gyarados|Protect|p2a: Gyarados\n|-singleturn|p2a: Gyarados|Protect\n|cant|p1b: Blastoise|par\n|\n|-heal|p2a: Gyarados|42/100|[from] item: Leftovers\n|upkeep\n|turn|22\n|\n|t:|1776435030\n|move|p2a: Gyarados|Waterfall|p1b: Blastoise\n|-resisted|p1b: Blastoise|1\n|-damage|p1b: Blastoise|5/100 par\n|move|p1b: Blastoise|Ice Beam|p2a: Gyarados\n|-damage|p2a: Gyarados|13/100\n|\n|-heal|p2a: Gyarados|19/100|[from] item: Leftovers\n|upkeep\n|turn|23\n|\n|t:|1776435039\n|move|p2a: Gyarados|Protect|p2a: Gyarados\n|-singleturn|p2a: Gyarados|Protect\n|move|p1b: Blastoise|Ice Beam|p2a: Gyarados\n|-activate|p2a: Gyarados|move: Protect\n|\n|-heal|p2a: Gyarados|25/100|[from] item: Leftovers\n|upkeep\n|turn|24\n|\n|t:|1776435045\n|move|p2a: Gyarados|Waterfall|p1b: Blastoise\n|-resisted|p1b: Blastoise|1\n|-damage|p1b: Blastoise|0 fnt\n|faint|p1b: Blastoise\n|\n|win|uao\n|raw|Nexus2011x's rating: 1181 &rarr; <strong>1155</strong><br />(-26 for losing)\n|raw|uao's rating: 1167 &rarr; <strong>1193</strong><br />(+26 for winning)\n|l|\u2606Nexus2011x\n|player|p1|\n",
  "uploadtime": 1776435343,
  "views": 27,
  "formatid": "gen9championsvgc2026regma",
  "rating": 1155,
  "private": 0,
  "password": null
}