{
  "id": "gen9championsvgc2026regma-2587076905",
  "format": "[Gen 9 Champions] VGC 2026 Reg M-A",
  "players": [
    "Matt's Totodile",
    "Hatsune Goobiku"
  ],
  "log": "|j|\u2606Matt's Totodile\n|j|\u2606Hatsune Goobiku\n|t:|1776490222\n|gametype|doubles\n|player|p1|Matt's Totodile|pokekid|1104\n|player|p2|Hatsune Goobiku|miku-ground|1134\n|gen|9\n|tier|[Gen 9 Champions] VGC 2026 Reg M-A\n|rated|\n|rule|Species Clause: Limit one of each Pok\u00e9mon\n|rule|Item Clause: Limit 1 of each item\n|clearpoke\n|poke|p1|Charizard, L50, M|\n|poke|p1|Sneasler, L50, F|\n|poke|p1|Aegislash, L50, F|\n|poke|p1|Gardevoir, L50, F|\n|poke|p1|Whimsicott, L50, M|\n|poke|p1|Sinistcha, L50|\n|poke|p2|Aggron, L50, F|\n|poke|p2|Incineroar, L50, F|\n|poke|p2|Basculegion, L50, M|\n|poke|p2|Sinistcha, L50|\n|poke|p2|Dragonite, L50, M, shiny|\n|poke|p2|Pelipper, L50, F|\n|teampreview|4\n|inactive|Battle timer is ON: inactive players will automatically lose when time's up. (requested by Hatsune Goobiku)\n|inactive|Matt's Totodile has 60 seconds left.\n|inactive|Matt's Totodile has 30 seconds left.\n|\n|t:|1776490290\n|teamsize|p1|4\n|teamsize|p2|4\n|start\n|switch|p1a: Charizard|Charizard, L50, M|100/100\n|switch|p1b: Whimsicott|Whimsicott, L50, M|100/100\n|switch|p2a: Dragonite|Dragonite, L50, M, shiny|100/100\n|switch|p2b: Basculegion|Basculegion, L50, M|100/100\n|turn|1\n|inactive|Matt's Totodile has 30 seconds left.\n|\n|t:|1776490320\n|detailschange|p1a: Charizard|Charizard-Mega-X, L50, M\n|-mega|p1a: Charizard|Charizard|Charizardite X\n|detailschange|p2a: Dragonite|Dragonite-Mega, L50, M, shiny\n|-mega|p2a: Dragonite|Dragonite|Dragoninite\n|move|p1b: Whimsicott|Tailwind|p1b: Whimsicott\n|-sidestart|p1: Matt's Totodile|move: Tailwind\n|move|p1a: Charizard|Dragon Claw|p2a: Dragonite\n|-supereffective|p2a: Dragonite|1\n|-damage|p2a: Dragonite|49/100\n|move|p2b: Basculegion|Flip Turn|p1a: Charizard\n|-damage|p1a: Charizard|66/100\n|\n|t:|1776490334\n|switch|p2b: Peeko|Pelipper, L50, F|100/100|[from] Flip Turn\n|-weather|RainDance|[from] ability: Drizzle|[of] p2b: Peeko\n|move|p2a: Dragonite|Hurricane|p1b: Whimsicott\n|-supereffective|p1b: Whimsicott|1\n|-enditem|p1b: Whimsicott|Focus Sash\n|-damage|p1b: Whimsicott|1/100\n|\n|-weather|RainDance|[upkeep]\n|upkeep\n|turn|2\n|inactive|Hatsune Goobiku has 30 seconds left.\n|inactive|Hatsune Goobiku has 20 seconds left.\n|inactive|Hatsune Goobiku has 15 seconds left.\n|\n|t:|1776490378\n|switch|p1b: Gardevoir|Gardevoir, L50, F|100/100\n|-ability|p1b: Gardevoir|Drizzle|Trace|[from] ability: Trace|[of] p2b: Peeko\n|move|p2a: Dragonite|Extreme Speed|p1b: Gardevoir\n|-damage|p1b: Gardevoir|68/100\n|move|p1a: Charizard|Dragon Claw|p2a: Dragonite\n|-supereffective|p2a: Dragonite|1\n|-crit|p2a: Dragonite\n|-damage|p2a: Dragonite|0 fnt\n|faint|p2a: Dragonite\n|move|p2b: Peeko|Hurricane|p1a: Charizard\n|-damage|p1a: Charizard|11/100\n|\n|-weather|RainDance|[upkeep]\n|upkeep\n|inactive|Hatsune Goobiku has 30 seconds left.\n|\n|t:|1776490405\n|switch|p2a: Basculegion|Basculegion, L50, M|100/100\n|turn|3\n|inactive|Matt's Totodile has 30 seconds left.\n|inactive|Matt's Totodile has 20 seconds left.\n|\n|t:|1776490443\n|switch|p1b: Aegislash|Aegislash, L50, F|100/100\n|move|p1a: Charizard|Protect|p1a: Charizard\n|-singleturn|p1a: Charizard|Protect\n|move|p2a: Basculegion|Aqua Jet|p1a: Charizard\n|-activate|p1a: Charizard|move: Protect\n|move|p2b: Peeko|Tailwind|p2b: Peeko\n|-sidestart|p2: Hatsune Goobiku|move: Tailwind\n|\n|-weather|RainDance|[upkeep]\n|upkeep\n|turn|4\n|inactive|Matt's Totodile has 30 seconds left.\n|inactive|Matt's Totodile has 20 seconds left.\n|inactive|Matt's Totodile has 15 seconds left.\n|\n|t:|1776490484\n|switch|p2a: WolfeyVGC|Incineroar, L50, F|100/100\n|-ability|p2a: WolfeyVGC|Intimidate|boost\n|-unboost|p1a: Charizard|atk|1\n|-unboost|p1b: Aegislash|atk|1\n|switch|p1a: Gardevoir|Gardevoir, L50, F|68/100\n|-ability|p1a: Gardevoir|Drizzle|Trace|[from] ability: Trace|[of] p2b: Peeko\n|move|p2b: Peeko|Protect|p2b: Peeko\n|-singleturn|p2b: Peeko|Protect\n|-formechange|p1b: Aegislash|Aegislash-Blade|\n|move|p1b: Aegislash|Shadow Ball|p2a: WolfeyVGC\n|-resisted|p2a: WolfeyVGC|1\n|-damage|p2a: WolfeyVGC|84/100\n|-unboost|p2a: WolfeyVGC|spd|1\n|\n|-weather|RainDance|[upkeep]\n|-sideend|p1: Matt's Totodile|move: Tailwind\n|upkeep\n|turn|5\n|c|\u2606Matt's Totodile|Not WolfeyVGC!\n|inactive|Matt's Totodile has 30 seconds left.\n|inactive|Matt's Totodile has 20 seconds left.\n|\n|t:|1776490521\n|switch|p1b: Whimsicott|Whimsicott, L50, M|1/100\n|move|p2b: Peeko|Weather Ball|p1a: Gardevoir\n|-damage|p1a: Gardevoir|0 fnt\n|faint|p1a: Gardevoir\n|move|p2a: WolfeyVGC|Parting Shot|p1b: Whimsicott\n|-unboost|p1b: Whimsicott|atk|1\n|-unboost|p1b: Whimsicott|spa|1\n|\n|t:|1776490539\n|switch|p2a: Basculegion|Basculegion, L50, M|100/100|[from] Parting Shot\n|\n|-weather|none\n|upkeep\n|inactive|Matt's Totodile has 30 seconds left.\n|\n|t:|1776490564\n|switch|p1a: Aegislash|Aegislash, L50, F|100/100\n|turn|6\n|inactive|Hatsune Goobiku has 30 seconds left.\n|inactive|Hatsune Goobiku has 20 seconds left.\n|inactive|Hatsune Goobiku has 15 seconds left.\n|\n|t:|1776490608\n|move|p1b: Whimsicott|Protect|p1b: Whimsicott\n|-singleturn|p1b: Whimsicott|Protect\n|move|p2a: Basculegion|Flip Turn|p1b: Whimsicott\n|-activate|p1b: Whimsicott|move: Protect\n|move|p2b: Peeko|Hurricane|p1a: Aegislash\n|-resisted|p1a: Aegislash|1\n|-damage|p1a: Aegislash|84/100\n|-formechange|p1a: Aegislash|Aegislash-Blade|\n|move|p1a: Aegislash|Shadow Ball|p2a: Basculegion\n|-supereffective|p2a: Basculegion|1\n|-damage|p2a: Basculegion|7/100\n|-unboost|p2a: Basculegion|spd|1\n|\n|-heal|p1a: Aegislash|90/100|[from] item: Leftovers\n|-sideend|p2: Hatsune Goobiku|move: Tailwind\n|upkeep\n|turn|7\n|\n|t:|1776490629\n|switch|p2a: WolfeyVGC|Incineroar, L50, F|84/100\n|-ability|p2a: WolfeyVGC|Intimidate|boost\n|-unboost|p1a: Aegislash|atk|1\n|-unboost|p1b: Whimsicott|atk|1\n|move|p1b: Whimsicott|Tailwind|p1b: Whimsicott\n|-sidestart|p1: Matt's Totodile|move: Tailwind\n|move|p1a: Aegislash|Shadow Ball|p2a: WolfeyVGC\n|-resisted|p2a: WolfeyVGC|1\n|-damage|p2a: WolfeyVGC|69/100\n|-unboost|p2a: WolfeyVGC|spd|1\n|move|p2b: Peeko|Tailwind|p2b: Peeko\n|-sidestart|p2: Hatsune Goobiku|move: Tailwind\n|\n|-heal|p1a: Aegislash|96/100|[from] item: Leftovers\n|upkeep\n|turn|8\n|inactive|Matt's Totodile has 30 seconds left.\n|inactive|Hatsune Goobiku has 30 seconds left.\n|\n|t:|1776490655\n|move|p1b: Whimsicott|Encore|p2b: Peeko\n|-start|p2b: Peeko|Encore\n|move|p2b: Peeko|Tailwind||[still]\n|-fail|p2b: Peeko\n|move|p2a: WolfeyVGC|Parting Shot|p1a: Aegislash\n|-unboost|p1a: Aegislash|atk|1\n|-unboost|p1a: Aegislash|spa|1\n|\n|t:|1776490661\n|switch|p2a: Basculegion|Basculegion, L50, M|7/100|[from] Parting Shot\n|move|p1a: Aegislash|Shadow Ball|p2b: Peeko\n|-damage|p2b: Peeko|50/100\n|\n|-heal|p1a: Aegislash|100/100|[from] item: Leftovers\n|upkeep\n|turn|9\n|inactive|Matt's Totodile has 30 seconds left.\n|\n|t:|1776490695\n|switch|p2b: WolfeyVGC|Incineroar, L50, F|69/100\n|-ability|p2b: WolfeyVGC|Intimidate|boost\n|-unboost|p1a: Aegislash|atk|1\n|-unboost|p1b: Whimsicott|atk|1\n|switch|p1a: Charizard|Charizard-Mega-X, L50, M|11/100\n|move|p1b: Whimsicott|Protect|p1b: Whimsicott\n|-singleturn|p1b: Whimsicott|Protect\n|move|p2a: Basculegion|Last Respects|p1a: Charizard\n|-damage|p1a: Charizard|0 fnt\n|faint|p1a: Charizard\n|\n|upkeep\n|\n|t:|1776490707\n|switch|p1a: Aegislash|Aegislash, L50, F|100/100\n|turn|10\n|\n|t:|1776490724\n|move|p1b: Whimsicott|Protect|p1b: Whimsicott\n|-singleturn|p1b: Whimsicott|Protect\n|move|p1a: Aegislash|King's Shield|p1a: Aegislash\n|-singleturn|p1a: Aegislash|Protect\n|move|p2b: WolfeyVGC|Fake Out|p1b: Whimsicott\n|-activate|p1b: Whimsicott|move: Protect\n|move|p2a: Basculegion|Last Respects|p1a: Aegislash\n|-activate|p1a: Aegislash|move: Protect\n|\n|-sideend|p2: Hatsune Goobiku|move: Tailwind\n|-sideend|p1: Matt's Totodile|move: Tailwind\n|upkeep\n|turn|11\n|\n|t:|1776490741\n|move|p1b: Whimsicott|Tailwind|p1b: Whimsicott\n|-sidestart|p1: Matt's Totodile|move: Tailwind\n|move|p2a: Basculegion|Last Respects|p1a: Aegislash\n|-supereffective|p1a: Aegislash|1\n|-damage|p1a: Aegislash|12/100\n|-formechange|p1a: Aegislash|Aegislash-Blade|\n|move|p1a: Aegislash|Shadow Ball|p2a: Basculegion\n|-supereffective|p2a: Basculegion|1\n|-damage|p2a: Basculegion|0 fnt\n|faint|p2a: Basculegion\n|move|p2b: WolfeyVGC|Flare Blitz|p1a: Aegislash\n|-supereffective|p1a: Aegislash|1\n|-damage|p1a: Aegislash|0 fnt\n|faint|p1a: Aegislash\n|-damage|p2b: WolfeyVGC|66/100|[from] Recoil\n|\n|upkeep\n|\n|t:|1776490745\n|switch|p2a: Peeko|Pelipper, L50, F|50/100\n|-weather|RainDance|[from] ability: Drizzle|[of] p2a: Peeko\n|turn|12\n|\n|t:|1776490759\n|move|p1b: Whimsicott|Moonblast|p2a: Peeko\n|-damage|p2a: Peeko|13/100\n|move|p2a: Peeko|Hurricane|p1b: Whimsicott\n|-supereffective|p1b: Whimsicott|1\n|-damage|p1b: Whimsicott|0 fnt\n|faint|p1b: Whimsicott\n|\n|win|Hatsune Goobiku\n|raw|Matt&apos;s Totodile's rating: 1104 &rarr; <strong>1081</strong><br />(-23 for losing)\n|raw|Hatsune Goobiku's rating: 1134 &rarr; <strong>1157</strong><br />(+23 for winning)\n|l|\u2606Hatsune Goobiku\n|player|p2|\n",
  "uploadtime": 1776490766,
  "views": 15,
  "formatid": "gen9championsvgc2026regma",
  "rating": 1081,
  "private": 0,
  "password": null
}