{
  "id": "gen9championsvgc2026regma-2586801853",
  "format": "[Gen 9 Champions] VGC 2026 Reg M-A",
  "players": [
    "yuriimon",
    "chky nuggies"
  ],
  "log": "|j|\u2606yuriimon\n|j|\u2606chky nuggies\n|t:|1776461053\n|gametype|doubles\n|player|p1|yuriimon|waitress-gen4|1225\n|player|p2|chky nuggies|hugh|1319\n|gen|9\n|tier|[Gen 9 Champions] VGC 2026 Reg M-A\n|rated|\n|rule|Species Clause: Limit one of each Pok\u00e9mon\n|rule|Item Clause: Limit 1 of each item\n|clearpoke\n|poke|p1|Glimmora, L50, F|\n|poke|p1|Incineroar, L50, M|\n|poke|p1|Politoed, L50, M|\n|poke|p1|Basculegion, L50, M|\n|poke|p1|Chesnaught, L50, F|\n|poke|p1|Dragapult, L50, F|\n|poke|p2|Froslass, L50, F|\n|poke|p2|Garchomp, L50, F|\n|poke|p2|Rotom-Wash, L50|\n|poke|p2|Sinistcha-Masterpiece, L50|\n|poke|p2|Kingambit, L50, F|\n|poke|p2|Sneasler, L50, F|\n|teampreview|4\n|inactive|Battle timer is ON: inactive players will automatically lose when time's up. (requested by chky nuggies)\n|inactive|yuriimon also wants the timer to be on.\n|inactive|yuriimon has 60 seconds left.\n|inactive|chky nuggies has 60 seconds left.\n|\n|t:|1776461110\n|teamsize|p1|4\n|teamsize|p2|4\n|start\n|switch|p1a: Chesnaught|Chesnaught, L50, F|100/100\n|switch|p1b: Dragapult|Dragapult, L50, F|100/100\n|switch|p2a: Rotom|Rotom-Wash, L50|100/100\n|switch|p2b: Kingambit|Kingambit, L50, F|100/100\n|turn|1\n|\n|t:|1776461136\n|detailschange|p1a: Chesnaught|Chesnaught-Mega, L50, F\n|-mega|p1a: Chesnaught|Chesnaught|Chesnaughtite\n|move|p1a: Chesnaught|Protect|p1a: Chesnaught\n|-singleturn|p1a: Chesnaught|Protect\n|move|p2b: Kingambit|Sucker Punch||[still]\n|-fail|p2b: Kingambit\n|move|p1b: Dragapult|Will-O-Wisp|p2b: Kingambit\n|-status|p2b: Kingambit|brn\n|move|p2a: Rotom|Thunder Wave|p1a: Chesnaught\n|-activate|p1a: Chesnaught|move: Protect\n|\n|-damage|p2b: Kingambit|95/100 brn|[from] brn\n|upkeep\n|turn|2\n|inactive|yuriimon has 30 seconds left.\n|inactive|yuriimon has 20 seconds left.\n|inactive|yuriimon has 15 seconds left.\n|inactive|yuriimon has 10 seconds left.\n|\n|t:|1776461183\n|switch|p2b: Sinistcha|Sinistcha-Masterpiece, L50|100/100\n|move|p1b: Dragapult|Thunder|p2a: Rotom\n|-damage|p2a: Rotom|64/100\n|move|p2a: Rotom|Thunder Wave|p1b: Dragapult\n|-status|p1b: Dragapult|par\n|move|p1a: Chesnaught|Iron Defense|p1a: Chesnaught\n|-boost|p1a: Chesnaught|def|2\n|\n|upkeep\n|turn|3\n|\n|t:|1776461205\n|move|p1a: Chesnaught|Protect|p1a: Chesnaught\n|-singleturn|p1a: Chesnaught|Protect\n|move|p2a: Rotom|Thunder Wave|p1a: Chesnaught\n|-activate|p1a: Chesnaught|move: Protect\n|move|p1b: Dragapult|Will-O-Wisp|p2b: Sinistcha\n|-status|p2b: Sinistcha|brn\n|move|p2b: Sinistcha|Shadow Ball|p1b: Dragapult\n|-supereffective|p1b: Dragapult|1\n|-damage|p1b: Dragapult|5/100 par\n|\n|-damage|p2b: Sinistcha|94/100 brn|[from] brn\n|upkeep\n|turn|4\n|\n|t:|1776461222\n|switch|p2b: Froslass|Froslass, L50, F|100/100\n|move|p2a: Rotom|Thunderbolt|p1b: Dragapult\n|-resisted|p1b: Dragapult|1\n|-damage|p1b: Dragapult|0 fnt\n|faint|p1b: Dragapult\n|move|p1a: Chesnaught|Body Press|p2a: Rotom\n|-damage|p2a: Rotom|0 fnt\n|faint|p2a: Rotom\n|\n|upkeep\n|\n|t:|1776461233\n|switch|p1b: Incineroar|Incineroar, L50, M|100/100\n|switch|p2a: Sinistcha|Sinistcha-Masterpiece, L50|94/100 brn\n|-ability|p1b: Incineroar|Intimidate|boost\n|-unboost|p2a: Sinistcha|atk|1\n|-unboost|p2b: Froslass|atk|1\n|turn|5\n|\n|t:|1776461255\n|detailschange|p2b: Froslass|Froslass-Mega, L50, F\n|-mega|p2b: Froslass|Froslass|Froslassite\n|-weather|Snowscape|[from] ability: Snow Warning|[of] p2b: Froslass\n|move|p2a: Sinistcha|Rage Powder|p2a: Sinistcha\n|-singleturn|p2a: Sinistcha|move: Rage Powder\n|move|p2b: Froslass|Thunderbolt|p1b: Incineroar\n|-damage|p1b: Incineroar|70/100\n|move|p1b: Incineroar|Darkest Lariat|p2a: Sinistcha\n|-supereffective|p2a: Sinistcha|1\n|-damage|p2a: Sinistcha|39/100 brn\n|move|p1a: Chesnaught|Knock Off|p2b: Froslass\n|-supereffective|p2b: Froslass|1\n|-damage|p2b: Froslass|57/100\n|\n|-weather|Snowscape|[upkeep]\n|-damage|p2a: Sinistcha|33/100 brn|[from] brn\n|upkeep\n|turn|6\n|\n|t:|1776461280\n|move|p2a: Sinistcha|Rage Powder|p2a: Sinistcha\n|-singleturn|p2a: Sinistcha|move: Rage Powder\n|move|p2b: Froslass|Blizzard|p1b: Incineroar|[spread] p1a,p1b\n|-supereffective|p1a: Chesnaught|1\n|-crit|p1a: Chesnaught\n|-resisted|p1b: Incineroar|1\n|-damage|p1a: Chesnaught|0 fnt\n|-damage|p1b: Incineroar|48/100\n|-enditem|p1b: Incineroar|Sitrus Berry|[eat]\n|-heal|p1b: Incineroar|73/100|[from] item: Sitrus Berry\n|faint|p1a: Chesnaught\n|move|p1b: Incineroar|Flare Blitz|p2a: Sinistcha\n|-supereffective|p2a: Sinistcha|1\n|-damage|p2a: Sinistcha|0 fnt\n|faint|p2a: Sinistcha\n|-damage|p1b: Incineroar|64/100|[from] Recoil\n|\n|-weather|Snowscape|[upkeep]\n|upkeep\n|\n|t:|1776461292\n|switch|p2a: Kingambit|Kingambit, L50, F|95/100 brn\n|switch|p1a: Politoed|Politoed, L50, M|100/100\n|-weather|RainDance|[from] ability: Drizzle|[of] p1a: Politoed\n|turn|7\n|inactive|chky nuggies has 30 seconds left.\n|\n|t:|1776461319\n|move|p2b: Froslass|Protect|p2b: Froslass\n|-singleturn|p2b: Froslass|Protect\n|move|p1a: Politoed|Weather Ball|p2a: Kingambit\n|-damage|p2a: Kingambit|46/100 brn\n|move|p1b: Incineroar|Darkest Lariat|p2b: Froslass\n|-activate|p2b: Froslass|move: Protect\n|move|p2a: Kingambit|Kowtow Cleave|p1b: Incineroar\n|-resisted|p1b: Incineroar|1\n|-damage|p1b: Incineroar|52/100\n|\n|-weather|RainDance|[upkeep]\n|-damage|p2a: Kingambit|41/100 brn|[from] brn\n|upkeep\n|turn|8\n|\n|t:|1776461336\n|move|p2a: Kingambit|Sucker Punch|p1a: Politoed\n|-damage|p1a: Politoed|81/100\n|move|p2b: Froslass|Thunderbolt|p1a: Politoed\n|-supereffective|p1a: Politoed|1\n|-enditem|p1a: Politoed|Wacan Berry|[eat]\n|-enditem|p1a: Politoed|Wacan Berry|[weaken]\n|-damage|p1a: Politoed|54/100\n|move|p1a: Politoed|Weather Ball|p2a: Kingambit\n|-damage|p2a: Kingambit|0 fnt\n|faint|p2a: Kingambit\n|move|p1b: Incineroar|Darkest Lariat|p2b: Froslass\n|-supereffective|p2b: Froslass|1\n|-damage|p2b: Froslass|0 fnt\n|faint|p2b: Froslass\n|\n|win|yuriimon\n|raw|yuriimon's rating: 1225 &rarr; <strong>1257</strong><br />(+32 for winning)\n|raw|chky nuggies's rating: 1319 &rarr; <strong>1294</strong><br />(-25 for losing)\n|l|\u2606chky nuggies\n|player|p2|\n",
  "uploadtime": 1776461351,
  "views": 43,
  "formatid": "gen9championsvgc2026regma",
  "rating": 1257,
  "private": 0,
  "password": null
}