{
  "id": "gen9championsvgc2026regma-2583898486",
  "format": "[Gen 9 Champions] VGC 2026 Reg M-A",
  "players": [
    "DavidTIS",
    "SchrobZen"
  ],
  "log": "|j|\u2606DavidTIS\n|j|\u2606SchrobZen\n|t:|1776206517\n|gametype|doubles\n|player|p1|DavidTIS|2|1124\n|player|p2|SchrobZen|gambler|1046\n|gen|9\n|tier|[Gen 9 Champions] VGC 2026 Reg M-A\n|rated|\n|rule|Species Clause: Limit one of each Pok\u00e9mon\n|rule|Item Clause: Limit 1 of each item\n|clearpoke\n|poke|p1|Starmie, L50|\n|poke|p1|Lucario, L50, M|\n|poke|p1|Lycanroc-Dusk, L50, F|\n|poke|p1|Hydreigon, L50, F|\n|poke|p1|Slowbro-Galar, L50, M|\n|poke|p1|Skarmory, L50, F|\n|poke|p2|Incineroar, L50, F|\n|poke|p2|Sinistcha, L50|\n|poke|p2|Sneasler, L50, M|\n|poke|p2|Zoroark, L50, F|\n|poke|p2|Starmie, L50|\n|poke|p2|Aerodactyl, L50, M|\n|teampreview|4\n|\n|t:|1776206566\n|teamsize|p1|4\n|teamsize|p2|4\n|start\n|switch|p1a: Lucario|Lucario, L50, M|100/100\n|switch|p1b: Hydreigon|Hydreigon, L50, F|100/100\n|switch|p2a: Incineroar|Incineroar, L50, F|100/100\n|switch|p2b: Sneasler|Sneasler, L50, M|100/100\n|-ability|p2a: Incineroar|Intimidate|boost\n|-fail|p1a: Lucario|unboost|Attack|[from] ability: Inner Focus|[of] p1a: Lucario\n|-unboost|p1b: Hydreigon|atk|1\n|-enditem|p1b: Hydreigon|White Herb\n|-clearnegativeboost|p1b: Hydreigon|[silent]\n|turn|1\n|inactive|Battle timer is ON: inactive players will automatically lose when time's up. (requested by SchrobZen)\n|\n|t:|1776206595\n|move|p1b: Hydreigon|Protect|p1b: Hydreigon\n|-singleturn|p1b: Hydreigon|Protect\n|move|p2b: Sneasler|Taunt|p1b: Hydreigon\n|-activate|p1b: Hydreigon|move: Protect\n|move|p1a: Lucario|Aura Sphere|p2a: Incineroar\n|-supereffective|p2a: Incineroar|1\n|-damage|p2a: Incineroar|16/100\n|-enditem|p2a: Incineroar|Sitrus Berry|[eat]\n|-heal|p2a: Incineroar|41/100|[from] item: Sitrus Berry\n|move|p2a: Incineroar|Flare Blitz|p1a: Lucario\n|-supereffective|p1a: Lucario|1\n|-damage|p1a: Lucario|0 fnt\n|faint|p1a: Lucario\n|-damage|p2a: Incineroar|17/100|[from] Recoil\n|\n|upkeep\n|\n|t:|1776206613\n|switch|p1a: Lycanroc|Lycanroc-Dusk, L50, F|100/100\n|turn|2\n|\n|t:|1776206629\n|move|p1a: Lycanroc|Accelerock|p2a: Incineroar\n|-supereffective|p2a: Incineroar|1\n|-damage|p2a: Incineroar|0 fnt\n|faint|p2a: Incineroar\n|move|p2b: Sneasler|Taunt|p1b: Hydreigon\n|-start|p1b: Hydreigon|move: Taunt\n|cant|p1b: Hydreigon|move: Taunt|Tailwind\n|\n|upkeep\n|\n|t:|1776206640\n|switch|p2a: Starmie|Starmie, L50|100/100\n|turn|3\n|inactive|DavidTIS has 30 seconds left.\n|\n|t:|1776206673\n|detailschange|p2a: Starmie|Starmie-Mega, L50\n|-mega|p2a: Starmie|Starmie|Starminite\n|move|p1a: Lycanroc|Accelerock|p2b: Sneasler\n|-crit|p2b: Sneasler\n|-damage|p2b: Sneasler|26/100\n|replace|p2b: Zoroark|Zoroark, L50, F\n|-end|p2b: Zoroark|Illusion\n|move|p2b: Zoroark|Sludge Bomb|p1b: Hydreigon\n|-damage|p1b: Hydreigon|66/100\n|-status|p1b: Hydreigon|psn\n|move|p2a: Starmie|Liquidation|p1a: Lycanroc\n|-supereffective|p1a: Lycanroc|1\n|-enditem|p1a: Lycanroc|Focus Sash\n|-damage|p1a: Lycanroc|1/100\n|move|p1b: Hydreigon|Dark Pulse|p2a: Starmie\n|-supereffective|p2a: Starmie|1\n|-damage|p2a: Starmie|0 fnt\n|faint|p2a: Starmie\n|\n|-damage|p1b: Hydreigon|54/100 psn|[from] psn\n|upkeep\n|\n|t:|1776206690\n|switch|p2a: Sneasler|Sneasler, L50, M|100/100\n|turn|4\n|\n|t:|1776206704\n|move|p2b: Zoroark|Protect|p2b: Zoroark\n|-singleturn|p2b: Zoroark|Protect\n|move|p1a: Lycanroc|Accelerock|p2b: Zoroark\n|-activate|p2b: Zoroark|move: Protect\n|move|p2a: Sneasler|Rock Slide|p1a: Lycanroc|[spread] p1a\n|-miss|p2a: Sneasler|p1b: Hydreigon\n|-damage|p1a: Lycanroc|0 fnt\n|faint|p1a: Lycanroc\n|move|p1b: Hydreigon|Draco Meteor|p2a: Sneasler\n|-damage|p2a: Sneasler|0 fnt\n|-unboost|p1b: Hydreigon|spa|2\n|faint|p2a: Sneasler\n|\n|-damage|p1b: Hydreigon|42/100 psn|[from] psn\n|-end|p1b: Hydreigon|move: Taunt\n|upkeep\n|c|\u2606SchrobZen|GG\n|\n|t:|1776206722\n|switch|p1a: Skarmory|Skarmory, L50, F|100/100\n|turn|5\n|-activate|p2b: Zoroark|item: Quick Claw\n|\n|t:|1776206733\n|detailschange|p1a: Skarmory|Skarmory-Mega, L50, F\n|-mega|p1a: Skarmory|Skarmory|Skarmorite\n|move|p2b: Zoroark|Sludge Bomb|p1b: Hydreigon\n|-damage|p1b: Hydreigon|8/100 psn\n|move|p1a: Skarmory|Brave Bird|p2b: Zoroark\n|-damage|p2b: Zoroark|0 fnt\n|faint|p2b: Zoroark\n|-damage|p1a: Skarmory|92/100|[from] Recoil\n|\n|win|DavidTIS\n|raw|DavidTIS's rating: 1124 &rarr; <strong>1143</strong><br />(+19 for winning)\n|raw|SchrobZen's rating: 1046 &rarr; <strong>1033</strong><br />(-13 for losing)\n",
  "uploadtime": 1776206745,
  "views": 29,
  "formatid": "gen9championsvgc2026regma",
  "rating": 1033,
  "private": 0,
  "password": null
}