{
  "id": "gen9championsvgc2026regma-2586276966",
  "format": "[Gen 9 Champions] VGC 2026 Reg M-A",
  "players": [
    "Palmeirinthianense",
    "gthtsl"
  ],
  "log": "|j|\u2606Palmeirinthianense\n|j|\u2606gthtsl\n|t:|1776420388\n|gametype|doubles\n|player|p1|Palmeirinthianense|swimmer-gen4dp|1380\n|player|p2|gthtsl|pryce|1484\n|gen|9\n|tier|[Gen 9 Champions] VGC 2026 Reg M-A\n|rated|\n|rule|Species Clause: Limit one of each Pok\u00e9mon\n|rule|Item Clause: Limit 1 of each item\n|clearpoke\n|poke|p1|Maushold-Four, L50|\n|poke|p1|Blastoise, L50, F|\n|poke|p1|Gengar, L50, F|\n|poke|p1|Ninetales-Alola, L50, F|\n|poke|p1|Sinistcha, L50|\n|poke|p1|Incineroar, L50, F|\n|poke|p2|Garchomp, L50, M|\n|poke|p2|Corviknight, L50, M|\n|poke|p2|Sylveon, L50, F|\n|poke|p2|Rotom-Wash, L50|\n|poke|p2|Froslass, L50, F|\n|poke|p2|Sneasler, L50, M|\n|teampreview|4\n|inactive|Battle timer is ON: inactive players will automatically lose when time's up. (requested by Palmeirinthianense)\n|inactive|gthtsl also wants the timer to be on.\n|inactive|Palmeirinthianense has 60 seconds left.\n|inactive|gthtsl has 60 seconds left.\n|\n|t:|1776420431\n|teamsize|p1|4\n|teamsize|p2|4\n|start\n|switch|p1a: Maushold|Maushold-Four, L50|100/100\n|switch|p1b: Gengar|Gengar, L50, F|100/100\n|switch|p2a: Sneasler|Sneasler, L50, M|100/100\n|switch|p2b: Sylveon|Sylveon, L50, F|100/100\n|turn|1\n|inactive|Palmeirinthianense has 30 seconds left.\n|inactive|gthtsl has 30 seconds left.\n|\n|t:|1776420463\n|detailschange|p1b: Gengar|Gengar-Mega, L50, F\n|-mega|p1b: Gengar|Gengar|Gengarite\n|move|p1b: Gengar|Protect|p1b: Gengar\n|-singleturn|p1b: Gengar|Protect\n|move|p1a: Maushold|Protect|p1a: Maushold\n|-singleturn|p1a: Maushold|Protect\n|move|p2a: Sneasler|Close Combat|p1a: Maushold\n|-activate|p1a: Maushold|move: Protect\n|move|p2b: Sylveon|Mystical Fire|p1b: Gengar\n|-activate|p1b: Gengar|move: Protect\n|\n|upkeep\n|turn|2\n|inactive|Palmeirinthianense has 30 seconds left.\n|inactive|Palmeirinthianense has 20 seconds left.\n|\n|t:|1776420500\n|move|p1b: Gengar|Disable|p2a: Sneasler\n|-start|p2a: Sneasler|Disable|Close Combat\n|cant|p2a: Sneasler|Disable|Close Combat\n|move|p1a: Maushold|Encore|p2a: Sneasler\n|-start|p2a: Sneasler|Encore\n|move|p2b: Sylveon|Mystical Fire|p1b: Gengar\n|-damage|p1b: Gengar|77/100\n|-unboost|p1b: Gengar|spa|1\n|\n|upkeep\n|turn|3\n|\n|t:|1776420515\n|move|p1b: Gengar|Disable|p2b: Sylveon\n|-start|p2b: Sylveon|Disable|Mystical Fire\n|-activate|p2a: Sneasler|move: Struggle\n|move|p2a: Sneasler|Struggle|p1a: Maushold\n|-damage|p1a: Maushold|76/100\n|-damage|p2a: Sneasler|76/100|[from] recoil\n|move|p1a: Maushold|Encore|p2b: Sylveon\n|-start|p2b: Sylveon|Encore\n|cant|p2b: Sylveon|Disable|Mystical Fire\n|\n|upkeep\n|turn|4\n|\n|t:|1776420525\n|move|p1a: Maushold|Protect|p1a: Maushold\n|-singleturn|p1a: Maushold|Protect\n|move|p1b: Gengar|Perish Song|p1b: Gengar\n|-start|p1a: Maushold|perish3|[silent]\n|-start|p1b: Gengar|perish3|[silent]\n|-start|p2a: Sneasler|perish3|[silent]\n|-start|p2b: Sylveon|perish3|[silent]\n|-fieldactivate|move: Perish Song\n|-activate|p2a: Sneasler|move: Struggle\n|move|p2a: Sneasler|Struggle|p1b: Gengar\n|-damage|p1b: Gengar|59/100\n|-damage|p2a: Sneasler|51/100|[from] recoil\n|-activate|p2b: Sylveon|move: Struggle\n|move|p2b: Sylveon|Struggle|p1a: Maushold\n|-activate|p1a: Maushold|move: Protect\n|\n|-start|p1b: Gengar|perish3\n|-start|p2a: Sneasler|perish3\n|-start|p1a: Maushold|perish3\n|-start|p2b: Sylveon|perish3\n|upkeep\n|turn|5\n|\n|t:|1776420544\n|switch|p1a: Incineroar|Incineroar, L50, F, shiny|100/100\n|-ability|p1a: Incineroar|Intimidate|boost\n|-unboost|p2a: Sneasler|atk|1\n|-unboost|p2b: Sylveon|atk|1\n|move|p1b: Gengar|Protect|p1b: Gengar\n|-singleturn|p1b: Gengar|Protect\n|-activate|p2a: Sneasler|move: Struggle\n|move|p2a: Sneasler|Struggle|p1a: Incineroar\n|-damage|p1a: Incineroar|89/100\n|-damage|p2a: Sneasler|26/100|[from] recoil\n|-activate|p2b: Sylveon|move: Struggle\n|move|p2b: Sylveon|Struggle|p1b: Gengar\n|-activate|p1b: Gengar|move: Protect\n|\n|-end|p2a: Sneasler|Encore\n|-end|p2b: Sylveon|Encore\n|-end|p2a: Sneasler|Disable\n|-start|p1b: Gengar|perish2\n|-start|p2a: Sneasler|perish2\n|-start|p2b: Sylveon|perish2\n|upkeep\n|turn|6\n|inactive|Palmeirinthianense has 30 seconds left.\n|inactive|gthtsl has 30 seconds left.\n|\n|t:|1776420578\n|move|p1a: Incineroar|Fake Out|p2a: Sneasler\n|-damage|p2a: Sneasler|9/100\n|move|p1b: Gengar|Shadow Ball|p2b: Sylveon\n|-damage|p2b: Sylveon|80/100\n|cant|p2a: Sneasler|flinch\n|move|p2b: Sylveon|Roar|p1b: Gengar\n|drag|p1b: Maushold|Maushold-Four, L50|76/100\n|\n|-end|p2b: Sylveon|Disable\n|-start|p2a: Sneasler|perish1\n|-start|p2b: Sylveon|perish1\n|upkeep\n|turn|7\n|inactive|Palmeirinthianense has 30 seconds left.\n|\n|t:|1776420606\n|switch|p2a: Garchomp|Garchomp, L50, M|100/100\n|switch|p1b: Ninetales|Ninetales-Alola, L50, F|100/100\n|-weather|Snowscape|[from] ability: Snow Warning|[of] p1b: Ninetales\n|switch|p2b: Rotom|Rotom-Wash, L50|100/100\n|move|p1a: Incineroar|Parting Shot|p2b: Rotom\n|-unboost|p2b: Rotom|atk|1\n|-unboost|p2b: Rotom|spa|1\n|\n|t:|1776420618\n|switch|p1a: Gengar|Gengar-Mega, L50, F|59/100|[from] Parting Shot\n|\n|-weather|Snowscape|[upkeep]\n|upkeep\n|turn|8\n|\n|t:|1776420627\n|move|p1a: Gengar|Protect|p1a: Gengar\n|-singleturn|p1a: Gengar|Protect\n|move|p2a: Garchomp|Earthquake|p1b: Ninetales|[spread] p1b\n|-activate|p1a: Gengar|move: Protect\n|-immune|p2b: Rotom|[from] ability: Levitate\n|-damage|p1b: Ninetales|69/100\n|move|p1b: Ninetales|Aurora Veil|p1b: Ninetales\n|-sidestart|p1: Palmeirinthianense|move: Aurora Veil\n|move|p2b: Rotom|Volt Switch|p1b: Ninetales\n|-crit|p1b: Ninetales\n|-damage|p1b: Ninetales|12/100\n|inactive|gthtsl has 30 seconds left.\n|\n|t:|1776420652\n|switch|p2b: Sylveon|Sylveon, L50, F|80/100|[from] Volt Switch\n|\n|-weather|Snowscape|[upkeep]\n|-heal|p1b: Ninetales|18/100|[from] item: Leftovers\n|upkeep\n|turn|9\n|\n|t:|1776420660\n|switch|p1a: Incineroar|Incineroar, L50, F, shiny|89/100\n|-ability|p1a: Incineroar|Intimidate|boost\n|-unboost|p2a: Garchomp|atk|1\n|-unboost|p2b: Sylveon|atk|1\n|move|p1b: Ninetales|Protect|p1b: Ninetales\n|-singleturn|p1b: Ninetales|Protect\n|move|p2b: Sylveon|Detect|p2b: Sylveon\n|-singleturn|p2b: Sylveon|Protect\n|move|p2a: Garchomp|Earthquake|p1a: Incineroar|[spread] p1a\n|-activate|p2b: Sylveon|move: Protect\n|-activate|p1b: Ninetales|move: Protect\n|-supereffective|p1a: Incineroar|1\n|-damage|p1a: Incineroar|58/100\n|\n|-weather|Snowscape|[upkeep]\n|-heal|p1b: Ninetales|24/100|[from] item: Leftovers\n|upkeep\n|turn|10\n|\n|t:|1776420679\n|switch|p2a: Rotom|Rotom-Wash, L50|100/100\n|move|p1a: Incineroar|Fake Out|p2a: Rotom\n|-damage|p2a: Rotom|89/100\n|move|p1b: Ninetales|Blizzard|p2b: Sylveon|[spread] p2a,p2b\n|-resisted|p2a: Rotom|1\n|-damage|p2a: Rotom|76/100\n|-damage|p2b: Sylveon|63/100\n|move|p2b: Sylveon|Hyper Voice|p1a: Incineroar|[spread] p1a,p1b\n|-damage|p1a: Incineroar|31/100\n|-damage|p1b: Ninetales|0 fnt\n|faint|p1b: Ninetales\n|\n|-weather|Snowscape|[upkeep]\n|upkeep\n|\n|t:|1776420683\n|switch|p1b: Gengar|Gengar-Mega, L50, F|59/100\n|turn|11\n|\n|t:|1776420701\n|move|p1b: Gengar|Protect|p1b: Gengar\n|-singleturn|p1b: Gengar|Protect\n|move|p1a: Incineroar|Protect|p1a: Incineroar\n|-singleturn|p1a: Incineroar|Protect\n|move|p2a: Rotom|Volt Switch|p1a: Incineroar\n|-activate|p1a: Incineroar|move: Protect\n|move|p2b: Sylveon|Hyper Voice|p1a: Incineroar|[spread] \n|-activate|p1a: Incineroar|move: Protect\n|-activate|p1b: Gengar|move: Protect\n|\n|-weather|none\n|upkeep\n|turn|12\n|\n|t:|1776420719\n|switch|p1a: Maushold|Maushold-Four, L50|76/100\n|move|p1b: Gengar|Disable|p2a: Rotom\n|-start|p2a: Rotom|Disable|Volt Switch\n|cant|p2a: Rotom|Disable|Volt Switch\n|move|p2b: Sylveon|Hyper Voice|p1b: Gengar|[spread] p1a,p1b\n|-resisted|p1b: Gengar|1\n|-damage|p1a: Maushold|34/100\n|-damage|p1b: Gengar|44/100\n|\n|-sideend|p1: Palmeirinthianense|move: Aurora Veil\n|upkeep\n|turn|13\n|inactive|Palmeirinthianense has 30 seconds left.\n|inactive|Palmeirinthianense has 20 seconds left.\n|inactive|Palmeirinthianense has 15 seconds left.\n|inactive|Palmeirinthianense has 10 seconds left.\n|\n|t:|1776420767\n|move|p1a: Maushold|Protect|p1a: Maushold\n|-singleturn|p1a: Maushold|Protect\n|move|p1b: Gengar|Disable|p2b: Sylveon\n|-start|p2b: Sylveon|Disable|Hyper Voice\n|move|p2a: Rotom|Hydro Pump|p1b: Gengar\n|-damage|p1b: Gengar|0 fnt\n|faint|p1b: Gengar\n|move|p2b: Sylveon|Roar|p1a: Maushold\n|drag|p1a: Incineroar|Incineroar, L50, F, shiny|31/100\n|-ability|p1a: Incineroar|Intimidate|boost\n|-unboost|p2a: Rotom|atk|1\n|-unboost|p2b: Sylveon|atk|1\n|\n|upkeep\n|-message|Palmeirinthianense forfeited.\n|\n|win|gthtsl\n|raw|Palmeirinthianense's rating: 1380 &rarr; <strong>1366</strong><br />(-14 for losing)\n|raw|gthtsl's rating: 1484 &rarr; <strong>1498</strong><br />(+14 for winning)\n",
  "uploadtime": 1776420790,
  "views": 52,
  "formatid": "gen9championsvgc2026regma",
  "rating": 1366,
  "private": 0,
  "password": null
}