{
  "id": "gen9championsvgc2026regma-2585255920",
  "format": "[Gen 9 Champions] VGC 2026 Reg M-A",
  "players": [
    "vhrgjjj",
    "pulpirbulbar"
  ],
  "log": "|j|\u2606vhrgjjj\n|j|\u2606pulpirbulbar\n|t:|1776330602\n|gametype|doubles\n|player|p1|vhrgjjj|101|1000\n|player|p2|pulpirbulbar|170|1017\n|gen|9\n|tier|[Gen 9 Champions] VGC 2026 Reg M-A\n|rated|\n|rule|Species Clause: Limit one of each Pok\u00e9mon\n|rule|Item Clause: Limit 1 of each item\n|clearpoke\n|poke|p1|Feraligatr, L50, F|\n|poke|p1|Toxicroak, L50, M|\n|poke|p1|Corviknight, L50, F|\n|poke|p1|Krookodile, L50, M|\n|poke|p1|Vanilluxe, L50, M|\n|poke|p1|Primarina, L50, M|\n|poke|p2|Feraligatr, L50, M|\n|poke|p2|Tyranitar, L50, M|\n|poke|p2|Whimsicott, L50, M|\n|poke|p2|Orthworm, L50, F|\n|poke|p2|Aromatisse, L50, M|\n|poke|p2|Gengar, L50, M|\n|teampreview|4\n|inactive|Battle timer is ON: inactive players will automatically lose when time's up. (requested by vhrgjjj)\n|inactive|vhrgjjj has 60 seconds left.\n|\n|t:|1776330645\n|teamsize|p1|4\n|teamsize|p2|4\n|start\n|switch|p1a: Feraligatr|Feraligatr, L50, F|100/100\n|switch|p1b: Vanilluxe|Vanilluxe, L50, M|100/100\n|switch|p2a: Feraligatr|Feraligatr, L50, M|100/100\n|switch|p2b: Whimsicott|Whimsicott, L50, M|100/100\n|-weather|Snowscape|[from] ability: Snow Warning|[of] p1b: Vanilluxe\n|turn|1\n|inactive|vhrgjjj has 30 seconds left.\n|\n|t:|1776330671\n|switch|p1a: Corviknight|Corviknight, L50, F|100/100\n|detailschange|p2a: Feraligatr|Feraligatr-Mega, L50, M\n|-mega|p2a: Feraligatr|Feraligatr|Feraligite\n|move|p2a: Feraligatr|Protect|p2a: Feraligatr\n|-singleturn|p2a: Feraligatr|Protect\n|move|p2b: Whimsicott|Tailwind|p2b: Whimsicott\n|-sidestart|p2: pulpirbulbar|move: Tailwind\n|move|p1b: Vanilluxe|Freeze-Dry|p2a: Feraligatr\n|-activate|p2a: Feraligatr|move: Protect\n|\n|-weather|Snowscape|[upkeep]\n|upkeep\n|turn|2\n|\n|t:|1776330686\n|move|p2b: Whimsicott|Moonblast|p1b: Vanilluxe\n|-damage|p1b: Vanilluxe|49/100\n|move|p1b: Vanilluxe|Freeze-Dry|p2a: Feraligatr\n|-supereffective|p2a: Feraligatr|2\n|-damage|p2a: Feraligatr|0 fnt\n|faint|p2a: Feraligatr\n|move|p1a: Corviknight|Tailwind|p1a: Corviknight\n|-sidestart|p1: vhrgjjj|move: Tailwind\n|\n|-weather|Snowscape|[upkeep]\n|upkeep\n|\n|t:|1776330702\n|switch|p2a: Gengar|Gengar, L50, M|100/100\n|turn|3\n|\n|t:|1776330724\n|move|p2a: Gengar|Thunderbolt|p1a: Corviknight\n|-supereffective|p1a: Corviknight|1\n|-damage|p1a: Corviknight|16/100\n|move|p1b: Vanilluxe|Freeze-Dry|p2b: Whimsicott\n|-supereffective|p2b: Whimsicott|1\n|-enditem|p2b: Whimsicott|Focus Sash\n|-damage|p2b: Whimsicott|1/100\n|move|p2b: Whimsicott|Moonblast|p1b: Vanilluxe\n|-damage|p1b: Vanilluxe|2/100\n|move|p1a: Corviknight|Brave Bird|p2b: Whimsicott\n|-supereffective|p2b: Whimsicott|1\n|-damage|p2b: Whimsicott|0 fnt\n|faint|p2b: Whimsicott\n|-damage|p1a: Corviknight|16/100|[from] Recoil\n|\n|-weather|Snowscape|[upkeep]\n|upkeep\n|\n|t:|1776330735\n|switch|p2b: Tyranitar|Tyranitar, L50, M|100/100\n|-weather|Sandstorm|[from] ability: Sand Stream|[of] p2b: Tyranitar\n|turn|4\n|\n|t:|1776330758\n|move|p1a: Corviknight|Protect|p1a: Corviknight\n|-singleturn|p1a: Corviknight|Protect\n|move|p2a: Gengar|Thunderbolt|p1b: Vanilluxe\n|-damage|p1b: Vanilluxe|0 fnt\n|faint|p1b: Vanilluxe\n|move|p2b: Tyranitar|Knock Off|p1a: Corviknight\n|-activate|p1a: Corviknight|move: Protect\n|\n|-weather|Sandstorm|[upkeep]\n|-damage|p2a: Gengar|95/100|[from] Sandstorm\n|-sideend|p2: pulpirbulbar|move: Tailwind\n|upkeep\n|\n|t:|1776330765\n|switch|p1b: Feraligatr|Feraligatr, L50, F|100/100\n|turn|5\n|\n|t:|1776330780\n|detailschange|p1b: Feraligatr|Feraligatr-Mega, L50, F\n|-mega|p1b: Feraligatr|Feraligatr|Feraligite\n|move|p1b: Feraligatr|Mega Kick|p2a: Gengar\n|-crit|p2a: Gengar\n|-damage|p2a: Gengar|0 fnt\n|-start|p1b: Feraligatr|Disable|Mega Kick|[from] ability: Cursed Body|[of] p2a: Gengar\n|faint|p2a: Gengar\n|move|p1a: Corviknight|Body Press|p2b: Tyranitar\n|-supereffective|p2b: Tyranitar|2\n|-enditem|p2b: Tyranitar|Chople Berry|[eat]\n|-enditem|p2b: Tyranitar|Chople Berry|[weaken]\n|-damage|p2b: Tyranitar|51/100\n|move|p2b: Tyranitar|Knock Off|p1a: Corviknight\n|-damage|p1a: Corviknight|0 fnt\n|-enditem|p1a: Corviknight|Occa Berry|[from] move: Knock Off|[of] p2b: Tyranitar\n|faint|p1a: Corviknight\n|\n|-weather|Sandstorm|[upkeep]\n|-damage|p1b: Feraligatr|94/100|[from] Sandstorm\n|-sideend|p1: vhrgjjj|move: Tailwind\n|upkeep\n|\n|t:|1776330793\n|switch|p1a: Krookodile|Krookodile, L50, M|100/100\n|-ability|p1a: Krookodile|Intimidate|boost\n|-unboost|p2b: Tyranitar|atk|1\n|turn|6\n|\n|t:|1776330804\n|move|p1a: Krookodile|Earthquake|p2b: Tyranitar|[spread] p1b,p2b\n|-supereffective|p2b: Tyranitar|1\n|-damage|p1b: Feraligatr|64/100\n|-damage|p2b: Tyranitar|0 fnt\n|faint|p2b: Tyranitar\n|\n|win|vhrgjjj\n|raw|vhrgjjj's rating: 1000 &rarr; <strong>1042</strong><br />(+42 for winning)\n|raw|pulpirbulbar's rating: 1017 &rarr; <strong>1004</strong><br />(-13 for losing)\n|l|\u2606pulpirbulbar\n|player|p2|\n",
  "uploadtime": 1776330810,
  "views": 20,
  "formatid": "gen9championsvgc2026regma",
  "rating": 1004,
  "private": 0,
  "password": null
}