{
  "id": "gen9championsvgc2026regma-2589516910",
  "format": "[Gen 9 Champions] VGC 2026 Reg M-A",
  "players": [
    "thc_byakugan",
    "emc72"
  ],
  "log": "|j|\u2606thc_byakugan\n|j|\u2606emc72\n|t:|1776730141\n|gametype|doubles\n|player|p1|thc_byakugan|dancer|1028\n|player|p2|emc72|crasherwake|1051\n|gen|9\n|tier|[Gen 9 Champions] VGC 2026 Reg M-A\n|rated|\n|rule|Species Clause: Limit one of each Pok\u00e9mon\n|rule|Item Clause: Limit 1 of each item\n|clearpoke\n|poke|p1|Blastoise, L50, F|\n|poke|p1|Arcanine, L50, F|\n|poke|p1|Venusaur, L50, M|\n|poke|p1|Mudsdale, L50, M|\n|poke|p1|Sylveon, L50, M|\n|poke|p1|Dragapult, L50, M|\n|poke|p2|Sableye, L50, M, shiny|\n|poke|p2|Slowbro, L50, M, shiny|\n|poke|p2|Oranguru, L50, F, shiny|\n|poke|p2|Palafin, L50, M, shiny|\n|poke|p2|Pelipper, L50, M, shiny|\n|poke|p2|Clefable, L50, F, shiny|\n|teampreview|4\n|\n|t:|1776730185\n|teamsize|p1|4\n|teamsize|p2|4\n|start\n|switch|p1a: Dragapult|Dragapult, L50, M|100/100\n|switch|p1b: Arcanine|Arcanine, L50, F|100/100\n|switch|p2a: Palafin|Palafin, L50, M, shiny|100/100\n|switch|p2b: Oranguru|Oranguru, L50, F, shiny|100/100\n|-ability|p1b: Arcanine|Intimidate|boost\n|-unboost|p2a: Palafin|atk|1\n|-fail|p2b: Oranguru|unboost|Attack|[from] ability: Inner Focus|[of] p2b: Oranguru\n|turn|1\n|\n|t:|1776730210\n|move|p1b: Arcanine|Helping Hand|p1a: Dragapult\n|-singleturn|p1a: Dragapult|Helping Hand|[of] p1b: Arcanine\n|move|p1a: Dragapult|Thunderbolt|p2a: Palafin\n|-supereffective|p2a: Palafin|1\n|-damage|p2a: Palafin|0 fnt\n|faint|p2a: Palafin\n|move|p2b: Oranguru|Trick Room|p2b: Oranguru\n|-fieldstart|move: Trick Room|[of] p2b: Oranguru\n|\n|upkeep\n|\n|t:|1776730256\n|switch|p2a: Slowbro|Slowbro, L50, M, shiny|100/100\n|turn|2\n|\n|t:|1776730275\n|detailschange|p2a: Slowbro|Slowbro-Mega, L50, M, shiny\n|-mega|p2a: Slowbro|Slowbro|Slowbronite\n|move|p1b: Arcanine|Helping Hand|p1a: Dragapult\n|-singleturn|p1a: Dragapult|Helping Hand|[of] p1b: Arcanine\n|move|p2a: Slowbro|Calm Mind|p2a: Slowbro\n|-boost|p2a: Slowbro|spa|1\n|-boost|p2a: Slowbro|spd|1\n|move|p2b: Oranguru|Instruct|p2a: Slowbro\n|-singleturn|p2a: Slowbro|move: Instruct|[of] p2b: Oranguru\n|move|p2a: Slowbro|Calm Mind|p2a: Slowbro\n|-boost|p2a: Slowbro|spa|1\n|-boost|p2a: Slowbro|spd|1\n|move|p1a: Dragapult|Shadow Ball|p2a: Slowbro\n|-supereffective|p2a: Slowbro|1\n|-damage|p2a: Slowbro|43/100\n|\n|upkeep\n|turn|3\n|\n|t:|1776730307\n|move|p1b: Arcanine|Helping Hand|p1a: Dragapult\n|-singleturn|p1a: Dragapult|Helping Hand|[of] p1b: Arcanine\n|move|p2a: Slowbro|Scald|p1a: Dragapult\n|-resisted|p1a: Dragapult|1\n|-damage|p1a: Dragapult|46/100\n|-status|p1a: Dragapult|brn\n|move|p2b: Oranguru|Instruct|p2a: Slowbro\n|-singleturn|p2a: Slowbro|move: Instruct|[of] p2b: Oranguru\n|move|p2a: Slowbro|Scald|p1a: Dragapult\n|-resisted|p1a: Dragapult|1\n|-damage|p1a: Dragapult|0 fnt\n|faint|p1a: Dragapult\n|\n|upkeep\n|\n|t:|1776730323\n|switch|p1a: Venusaur|Venusaur, L50, M|100/100\n|turn|4\n|\n|t:|1776730353\n|detailschange|p1a: Venusaur|Venusaur-Mega, L50, M\n|-mega|p1a: Venusaur|Venusaur|Venusaurite\n|move|p1b: Arcanine|Helping Hand|p1a: Venusaur\n|-singleturn|p1a: Venusaur|Helping Hand|[of] p1b: Arcanine\n|move|p2a: Slowbro|Expanding Force|p1a: Venusaur\n|-supereffective|p1a: Venusaur|1\n|-damage|p1a: Venusaur|14/100\n|move|p2b: Oranguru|Expanding Force|p1a: Venusaur\n|-supereffective|p1a: Venusaur|1\n|-damage|p1a: Venusaur|0 fnt\n|faint|p1a: Venusaur\n|\n|upkeep\n|\n|t:|1776730365\n|switch|p1a: Sylveon|Sylveon, L50, M|100/100\n|turn|5\n|\n|t:|1776730377\n|switch|p2b: Pelipper|Pelipper, L50, M, shiny|100/100\n|-weather|RainDance|[from] ability: Drizzle|[of] p2b: Pelipper\n|move|p1b: Arcanine|Helping Hand|p1a: Sylveon\n|-singleturn|p1a: Sylveon|Helping Hand|[of] p1b: Arcanine\n|move|p2a: Slowbro|Scald|p1b: Arcanine\n|-supereffective|p1b: Arcanine|1\n|-damage|p1b: Arcanine|0 fnt\n|faint|p1b: Arcanine\n|move|p1a: Sylveon|Hyper Voice|p2b: Pelipper|[spread] p2a,p2b\n|-damage|p2a: Slowbro|20/100\n|-damage|p2b: Pelipper|48/100\n|\n|-weather|RainDance|[upkeep]\n|-heal|p2b: Pelipper|54/100|[from] item: Leftovers\n|-fieldend|move: Trick Room\n|upkeep\n|turn|6\n|\n|t:|1776730405\n|move|p2b: Pelipper|Wide Guard|p2b: Pelipper\n|-singleturn|p2b: Pelipper|Wide Guard\n|move|p1a: Sylveon|Hyper Voice|p2b: Pelipper|[spread] \n|-activate|p2a: Slowbro|move: Wide Guard\n|-activate|p2b: Pelipper|move: Wide Guard\n|move|p2a: Slowbro|Trick Room|p2a: Slowbro\n|-fieldstart|move: Trick Room|[of] p2a: Slowbro\n|\n|-weather|RainDance|[upkeep]\n|-heal|p2b: Pelipper|60/100|[from] item: Leftovers\n|upkeep\n|turn|7\n|\n|t:|1776730421\n|move|p2a: Slowbro|Scald|p1a: Sylveon\n|-damage|p1a: Sylveon|38/100\n|move|p2b: Pelipper|Hurricane|p1a: Sylveon\n|-damage|p1a: Sylveon|15/100\n|move|p1a: Sylveon|Shadow Ball|p2a: Slowbro\n|-supereffective|p2a: Slowbro|1\n|-damage|p2a: Slowbro|0 fnt\n|faint|p2a: Slowbro\n|\n|-weather|RainDance|[upkeep]\n|-heal|p2b: Pelipper|66/100|[from] item: Leftovers\n|upkeep\n|\n|t:|1776730429\n|switch|p2a: Oranguru|Oranguru, L50, F, shiny|100/100\n|turn|8\n|-message|thc_byakugan forfeited.\n|\n|win|emc72\n|raw|thc_byakugan's rating: 1028 &rarr; <strong>1015</strong><br />(-13 for losing)\n|raw|emc72's rating: 1051 &rarr; <strong>1081</strong><br />(+30 for winning)\n|l|\u2606thc_byakugan\n|player|p1|\n",
  "uploadtime": 1776730440,
  "views": 3,
  "formatid": "gen9championsvgc2026regma",
  "rating": 1015,
  "private": 0,
  "password": null
}