{
  "id": "gen9championsvgc2026regma-2586823794",
  "format": "[Gen 9 Champions] VGC 2026 Reg M-A",
  "players": [
    "Crit Merchant",
    "astonished25"
  ],
  "log": "|j|\u2606Crit Merchant\n|j|\u2606astonished25\n|t:|1776462902\n|gametype|doubles\n|player|p1|Crit Merchant|101|1357\n|player|p2|astonished25|caitlin|1430\n|gen|9\n|tier|[Gen 9 Champions] VGC 2026 Reg M-A\n|rated|\n|rule|Species Clause: Limit one of each Pok\u00e9mon\n|rule|Item Clause: Limit 1 of each item\n|clearpoke\n|poke|p1|Whimsicott, L50, M|\n|poke|p1|Pelipper, L50, F|\n|poke|p1|Archaludon, L50, M|\n|poke|p1|Basculegion, L50, M|\n|poke|p1|Dragonite, L50, F|\n|poke|p1|Aromatisse, L50, F|\n|poke|p2|Aerodactyl, L50, M|\n|poke|p2|Tyranitar, L50, F|\n|poke|p2|Kingambit, L50, M|\n|poke|p2|Floette-Eternal, L50, F|\n|poke|p2|Sinistcha-Masterpiece, L50|\n|poke|p2|Basculegion, L50, M|\n|teampreview|4\n|inactive|Battle timer is ON: inactive players will automatically lose when time's up. (requested by astonished25)\n|\n|t:|1776462926\n|teamsize|p1|4\n|teamsize|p2|4\n|start\n|switch|p1a: Whimsicott|Whimsicott, L50, M|100/100\n|switch|p1b: Basculegion|Basculegion, L50, M|100/100\n|switch|p2a: Basculegion|Basculegion, L50, M|100/100\n|switch|p2b: Tyranitar|Tyranitar, L50, F|100/100\n|-weather|Sandstorm|[from] ability: Sand Stream|[of] p2b: Tyranitar\n|turn|1\n|l|\u2606astonished25\n|inactive|astonished25 disconnected and has a minute to reconnect!\n|player|p2|\n|j|\u2606astonished25\n|inactive|astonished25 reconnected and has 45 seconds left.\n|player|p2|astonished25|caitlin|\n|inactive|Crit Merchant has 30 seconds left.\n|inactive|astonished25 has 30 seconds left.\n|\n|t:|1776462962\n|move|p1a: Whimsicott|Protect|p1a: Whimsicott\n|-singleturn|p1a: Whimsicott|Protect\n|move|p1b: Basculegion|Flip Turn|p2a: Basculegion\n|-resisted|p2a: Basculegion|1\n|-damage|p2a: Basculegion|73/100\n|\n|t:|1776462968\n|switch|p1b: Archaludon|Archaludon, L50, M|100/100|[from] Flip Turn\n|move|p2a: Basculegion|Last Respects|p1b: Archaludon\n|-damage|p1b: Archaludon|71/100\n|-ability|p1b: Archaludon|Stamina|boost\n|-boost|p1b: Archaludon|def|1\n|move|p2b: Tyranitar|Rock Slide|p1b: Archaludon|[spread] p1b\n|-activate|p1a: Whimsicott|move: Protect\n|-resisted|p1b: Archaludon|1\n|-damage|p1b: Archaludon|62/100\n|-ability|p1b: Archaludon|Stamina|boost\n|-boost|p1b: Archaludon|def|1\n|\n|-weather|Sandstorm|[upkeep]\n|-damage|p2a: Basculegion|67/100|[from] Sandstorm\n|-damage|p1a: Whimsicott|95/100|[from] Sandstorm\n|upkeep\n|turn|2\n|\n|t:|1776462987\n|move|p1a: Whimsicott|Tailwind|p1a: Whimsicott\n|-sidestart|p1: Crit Merchant|move: Tailwind\n|move|p1b: Archaludon|Flash Cannon|p2b: Tyranitar\n|-supereffective|p2b: Tyranitar|1\n|-damage|p2b: Tyranitar|53/100\n|-unboost|p2b: Tyranitar|spd|1\n|move|p2a: Basculegion|Last Respects|p1a: Whimsicott\n|-damage|p1a: Whimsicott|41/100\n|move|p2b: Tyranitar|Rock Slide|p1a: Whimsicott|[spread] p1a,p1b\n|-resisted|p1b: Archaludon|1\n|-damage|p1a: Whimsicott|0 fnt\n|-damage|p1b: Archaludon|55/100\n|-ability|p1b: Archaludon|Stamina|boost\n|-boost|p1b: Archaludon|def|1\n|faint|p1a: Whimsicott\n|\n|-weather|Sandstorm|[upkeep]\n|-damage|p2a: Basculegion|61/100|[from] Sandstorm\n|upkeep\n|\n|t:|1776463001\n|switch|p1a: Pelipper|Pelipper, L50, F|100/100\n|-weather|RainDance|[from] ability: Drizzle|[of] p1a: Pelipper\n|turn|3\n|\n|t:|1776463025\n|switch|p2a: Kingambit|Kingambit, L50, M|100/100\n|detailschange|p2b: Tyranitar|Tyranitar-Mega, L50, F\n|-mega|p2b: Tyranitar|Tyranitar|Tyranitarite\n|-weather|Sandstorm|[from] ability: Sand Stream|[of] p2b: Tyranitar\n|move|p2b: Tyranitar|Protect|p2b: Tyranitar\n|-singleturn|p2b: Tyranitar|Protect\n|move|p1b: Archaludon|Electro Shot||[still]\n|-prepare|p1b: Archaludon|Electro Shot\n|-boost|p1b: Archaludon|spa|1\n|move|p1a: Pelipper|Hurricane|p2a: Kingambit\n|-resisted|p2a: Kingambit|1\n|-damage|p2a: Kingambit|72/100\n|-start|p2a: Kingambit|confusion\n|\n|-weather|Sandstorm|[upkeep]\n|-damage|p1a: Pelipper|95/100|[from] Sandstorm\n|upkeep\n|turn|4\n|\n|t:|1776463040\n|switch|p1a: Basculegion|Basculegion, L50, M|100/100\n|move|p1b: Archaludon|Electro Shot|p2b: Tyranitar|[from] lockedmove\n|-damage|p2b: Tyranitar|7/100\n|move|p2b: Tyranitar|Rock Slide|p1a: Basculegion|[spread] p1a,p1b\n|-resisted|p1b: Archaludon|1\n|-damage|p1a: Basculegion|50/100\n|-damage|p1b: Archaludon|50/100\n|-ability|p1b: Archaludon|Stamina|boost\n|-boost|p1b: Archaludon|def|1\n|-activate|p2a: Kingambit|confusion\n|move|p2a: Kingambit|Kowtow Cleave|p1a: Basculegion\n|-supereffective|p1a: Basculegion|1\n|-damage|p1a: Basculegion|0 fnt\n|faint|p1a: Basculegion\n|\n|-weather|Sandstorm|[upkeep]\n|upkeep\n|\n|t:|1776463049\n|switch|p1a: Pelipper|Pelipper, L50, F|95/100\n|-weather|RainDance|[from] ability: Drizzle|[of] p1a: Pelipper\n|turn|5\n|\n|t:|1776463060\n|switch|p2b: Basculegion|Basculegion, L50, M|61/100\n|-activate|p2a: Kingambit|confusion\n|move|p2a: Kingambit|Sucker Punch|p1a: Pelipper\n|-damage|p1a: Pelipper|44/100\n|move|p1b: Archaludon|Electro Shot||[still]\n|-prepare|p1b: Archaludon|Electro Shot\n|-boost|p1b: Archaludon|spa|1\n|-anim|p1b: Archaludon|Electro Shot|p2a: Kingambit\n|-damage|p2a: Kingambit|0 fnt\n|faint|p2a: Kingambit\n|move|p1a: Pelipper|Hurricane|p2b: Basculegion\n|-damage|p2b: Basculegion|0 fnt\n|faint|p2b: Basculegion\n|\n|-weather|RainDance|[upkeep]\n|-sideend|p1: Crit Merchant|move: Tailwind\n|upkeep\n|\n|t:|1776463071\n|switch|p2b: Floette|Floette-Eternal, L50, F|100/100\n|switch|p2a: Tyranitar|Tyranitar-Mega, L50, F|7/100\n|-weather|Sandstorm|[from] ability: Sand Stream|[of] p2a: Tyranitar\n|turn|6\n|\n|t:|1776463084\n|move|p2b: Floette|Protect|p2b: Floette\n|-singleturn|p2b: Floette|Protect\n|move|p1a: Pelipper|Wide Guard|p1a: Pelipper\n|-singleturn|p1a: Pelipper|Wide Guard\n|move|p2a: Tyranitar|Rock Slide|p1b: Archaludon|[spread] \n|-activate|p1a: Pelipper|move: Wide Guard\n|-activate|p1b: Archaludon|move: Wide Guard\n|move|p1b: Archaludon|Flash Cannon|p2b: Floette\n|-activate|p2b: Floette|move: Protect\n|\n|-weather|Sandstorm|[upkeep]\n|-damage|p2b: Floette|95/100|[from] Sandstorm\n|-damage|p1a: Pelipper|38/100|[from] Sandstorm\n|upkeep\n|turn|7\n|\n|t:|1776463099\n|move|p1b: Archaludon|Protect|p1b: Archaludon\n|-singleturn|p1b: Archaludon|Protect\n|move|p2b: Floette|Draining Kiss|p1b: Archaludon\n|-activate|p1b: Archaludon|move: Protect\n|move|p2a: Tyranitar|Knock Off|p1a: Pelipper\n|-damage|p1a: Pelipper|0 fnt\n|-enditem|p1a: Pelipper|Sharp Beak|[from] move: Knock Off|[of] p2a: Tyranitar\n|faint|p1a: Pelipper\n|\n|-weather|Sandstorm|[upkeep]\n|-damage|p2b: Floette|89/100|[from] Sandstorm\n|upkeep\n|turn|8\n|\n|t:|1776463108\n|move|p2b: Floette|Dazzling Gleam|p1b: Archaludon\n|-damage|p1b: Archaludon|12/100\n|-ability|p1b: Archaludon|Stamina|boost\n|-boost|p1b: Archaludon|def|1\n|move|p1b: Archaludon|Flash Cannon|p2b: Floette\n|-supereffective|p2b: Floette|1\n|-crit|p2b: Floette\n|-damage|p2b: Floette|0 fnt\n|faint|p2b: Floette\n|move|p2a: Tyranitar|Low Kick|p1b: Archaludon\n|-supereffective|p1b: Archaludon|1\n|-enditem|p1b: Archaludon|Chople Berry|[eat]\n|-enditem|p1b: Archaludon|Chople Berry|[weaken]\n|-damage|p1b: Archaludon|3/100\n|-ability|p1b: Archaludon|Stamina|boost\n|-boost|p1b: Archaludon|def|1\n|\n|-weather|Sandstorm|[upkeep]\n|upkeep\n|turn|9\n|\n|t:|1776463124\n|move|p2a: Tyranitar|Low Kick|p1b: Archaludon\n|-supereffective|p1b: Archaludon|1\n|-damage|p1b: Archaludon|0 fnt\n|faint|p1b: Archaludon\n|\n|win|astonished25\n|raw|Crit Merchant's rating: 1357 &rarr; <strong>1341</strong><br />(-16 for losing)\n|raw|astonished25's rating: 1430 &rarr; <strong>1446</strong><br />(+16 for winning)\n",
  "uploadtime": 1776463138,
  "views": 48,
  "formatid": "gen9championsvgc2026regma",
  "rating": 1341,
  "private": 0,
  "password": null
}