{
  "id": "gen9championsvgc2026regma-2586982021",
  "format": "[Gen 9 Champions] VGC 2026 Reg M-A",
  "players": [
    "jmaolol",
    "Shadowmaster4"
  ],
  "log": "|j|\u2606jmaolol\n|j|\u2606Shadowmaster4\n|t:|1776478027\n|gametype|doubles\n|player|p1|jmaolol|101|1047\n|player|p2|Shadowmaster4|1|1000\n|gen|9\n|tier|[Gen 9 Champions] VGC 2026 Reg M-A\n|rated|\n|rule|Species Clause: Limit one of each Pok\u00e9mon\n|rule|Item Clause: Limit 1 of each item\n|clearpoke\n|poke|p1|Excadrill, L50, F|\n|poke|p1|Tyranitar, L50, F|\n|poke|p1|Corviknight, L50, M|\n|poke|p1|Gyarados, L50, M|\n|poke|p1|Garchomp, L50, M|\n|poke|p1|Rotom-Heat, L50|\n|poke|p2|Charizard, L50, M|\n|poke|p2|Aerodactyl, L50, M|\n|poke|p2|Hawlucha, L50, M|\n|poke|p2|Gyarados, L50, M|\n|poke|p2|Tyranitar, L50, M|\n|poke|p2|Rotom-Wash, L50|\n|teampreview|4\n|\n|t:|1776478075\n|teamsize|p1|4\n|teamsize|p2|4\n|start\n|switch|p1a: Tyranitar|Tyranitar, L50, F, shiny|100/100\n|switch|p1b: Excadrill|Excadrill, L50, F|100/100\n|switch|p2a: Gyarados|Gyarados, L50, M|100/100\n|switch|p2b: Aerodactyl|Aerodactyl, L50, M|100/100\n|-ability|p2b: Aerodactyl|Unnerve\n|-ability|p2a: Gyarados|Intimidate|boost\n|-unboost|p1a: Tyranitar|atk|1\n|-unboost|p1b: Excadrill|atk|1\n|-weather|Sandstorm|[from] ability: Sand Stream|[of] p1a: Tyranitar\n|turn|1\n|\n|t:|1776478105\n|detailschange|p1a: Tyranitar|Tyranitar-Mega, L50, F, shiny\n|-mega|p1a: Tyranitar|Tyranitar|Tyranitarite\n|move|p1b: Excadrill|Iron Head|p2b: Aerodactyl\n|-supereffective|p2b: Aerodactyl|1\n|-damage|p2b: Aerodactyl|8/100\n|cant|p2b: Aerodactyl|flinch\n|move|p2a: Gyarados|Waterfall|p1b: Excadrill\n|-supereffective|p1b: Excadrill|1\n|-enditem|p1b: Excadrill|Focus Sash\n|-damage|p1b: Excadrill|1/100\n|move|p1a: Tyranitar|Rock Slide|p2b: Aerodactyl|[spread] p2a,p2b\n|-supereffective|p2a: Gyarados|1\n|-supereffective|p2b: Aerodactyl|1\n|-damage|p2a: Gyarados|46/100\n|-damage|p2b: Aerodactyl|0 fnt\n|faint|p2b: Aerodactyl\n|\n|-weather|Sandstorm|[upkeep]\n|-damage|p2a: Gyarados|40/100|[from] Sandstorm\n|upkeep\n|\n|t:|1776478125\n|switch|p2b: Hawlucha|Hawlucha, L50, M|100/100\n|turn|2\n|\n|t:|1776478160\n|move|p1b: Excadrill|Protect|p1b: Excadrill\n|-singleturn|p1b: Excadrill|Protect\n|move|p2a: Gyarados|Protect|p2a: Gyarados\n|-singleturn|p2a: Gyarados|Protect\n|move|p2b: Hawlucha|Superpower|p1a: Tyranitar\n|-supereffective|p1a: Tyranitar|2\n|-damage|p1a: Tyranitar|0 fnt\n|-unboost|p2b: Hawlucha|atk|1\n|-unboost|p2b: Hawlucha|def|1\n|faint|p1a: Tyranitar\n|-enditem|p2b: Hawlucha|White Herb\n|-clearnegativeboost|p2b: Hawlucha|[silent]\n|\n|-weather|Sandstorm|[upkeep]\n|-damage|p2b: Hawlucha|95/100|[from] Sandstorm\n|-damage|p2a: Gyarados|35/100|[from] Sandstorm\n|upkeep\n|\n|t:|1776478175\n|switch|p1a: Corviknight|Corviknight, L50, M|100/100\n|-ability|p1a: Corviknight|Pressure\n|turn|3\n|\n|t:|1776478203\n|switch|p2a: Rotom|Rotom-Wash, L50|100/100\n|move|p1b: Excadrill|Protect|p1b: Excadrill\n|-singleturn|p1b: Excadrill|Protect\n|move|p2b: Hawlucha|Flying Press|p1b: Excadrill\n|-activate|p1b: Excadrill|move: Protect\n|move|p1a: Corviknight|Brave Bird|p2b: Hawlucha\n|-supereffective|p2b: Hawlucha|1\n|-damage|p2b: Hawlucha|0 fnt\n|faint|p2b: Hawlucha\n|-damage|p1a: Corviknight|77/100|[from] Recoil\n|\n|-weather|Sandstorm|[upkeep]\n|-damage|p2a: Rotom|95/100|[from] Sandstorm\n|upkeep\n|\n|t:|1776478210\n|switch|p2b: Gyarados|Gyarados, L50, M|35/100\n|-ability|p2b: Gyarados|Intimidate|boost\n|-unboost|p1a: Corviknight|atk|1\n|-unboost|p1b: Excadrill|atk|1\n|turn|4\n|\n|t:|1776478248\n|switch|p1a: Rotom|Rotom-Heat, L50, shiny|100/100\n|move|p1b: Excadrill|Earthquake|p2a: Rotom|[spread] \n|-immune|p1a: Rotom|[from] ability: Levitate\n|-immune|p2a: Rotom|[from] ability: Levitate\n|-immune|p2b: Gyarados\n|move|p2a: Rotom|Electroweb|p1b: Excadrill|[spread] p1a\n|-immune|p1b: Excadrill\n|-resisted|p1a: Rotom|1\n|-damage|p1a: Rotom|89/100\n|-unboost|p1a: Rotom|spe|1\n|move|p2b: Gyarados|Scale Shot|p1b: Excadrill\n|-resisted|p1b: Excadrill|1\n|-crit|p1b: Excadrill\n|-damage|p1b: Excadrill|0 fnt\n|faint|p1b: Excadrill\n|-hitcount|p1: Excadrill|1\n|-unboost|p2b: Gyarados|def|1\n|-boost|p2b: Gyarados|spe|1\n|\n|-weather|Sandstorm|[upkeep]\n|-damage|p2b: Gyarados|29/100|[from] Sandstorm\n|-damage|p2a: Rotom|89/100|[from] Sandstorm\n|-damage|p1a: Rotom|84/100|[from] Sandstorm\n|upkeep\n|\n|t:|1776478266\n|switch|p1b: Corviknight|Corviknight, L50, M|77/100\n|-ability|p1b: Corviknight|Pressure\n|turn|5\n|\n|t:|1776478288\n|move|p2b: Gyarados|Waterfall|p1a: Rotom\n|-supereffective|p1a: Rotom|1\n|-damage|p1a: Rotom|0 fnt\n|faint|p1a: Rotom\n|move|p2a: Rotom|Electroweb|p1b: Corviknight\n|-supereffective|p1b: Corviknight|1\n|-damage|p1b: Corviknight|26/100\n|-unboost|p1b: Corviknight|spe|1\n|move|p1b: Corviknight|Bulk Up|p1b: Corviknight\n|-boost|p1b: Corviknight|atk|1\n|-boost|p1b: Corviknight|def|1\n|\n|-weather|none\n|upkeep\n|turn|6\n|c|\u2606jmaolol|gg\n|\n|t:|1776478310\n|move|p2b: Gyarados|Waterfall|p1b: Corviknight\n|-damage|p1b: Corviknight|9/100\n|move|p2a: Rotom|Volt Switch|p1b: Corviknight\n|-supereffective|p1b: Corviknight|1\n|-damage|p1b: Corviknight|0 fnt\n|faint|p1b: Corviknight\n|\n|win|Shadowmaster4\n|raw|jmaolol's rating: 1047 &rarr; <strong>1028</strong><br />(-19 for losing)\n|raw|Shadowmaster4's rating: 1000 &rarr; <strong>1045</strong><br />(+45 for winning)\n|l|\u2606jmaolol\n|player|p1|\n|l|\u2606Shadowmaster4\n|player|p2|\n|j|\u2606Shadowmaster4\n|player|p2|Shadowmaster4|1|\n",
  "uploadtime": 1776478430,
  "views": 13,
  "formatid": "gen9championsvgc2026regma",
  "rating": 1028,
  "private": 0,
  "password": null
}