{
  "id": "gen9championsvgc2026regma-2584397584",
  "format": "[Gen 9 Champions] VGC 2026 Reg M-A",
  "players": [
    "LovelyLizardLad",
    "soten soten"
  ],
  "log": "|j|\u203dLovelyLizardLad\n|j|\u2606soten soten\n|t:|1776257904\n|gametype|doubles\n|player|p1|LovelyLizardLad|red|1276\n|player|p2|soten soten|hilbert|1384\n|gen|9\n|tier|[Gen 9 Champions] VGC 2026 Reg M-A\n|rated|\n|rule|Species Clause: Limit one of each Pok\u00e9mon\n|rule|Item Clause: Limit 1 of each item\n|clearpoke\n|poke|p1|Delphox, L50, M|\n|poke|p1|Basculegion, L50, M|\n|poke|p1|Clefable, L50, M|\n|poke|p1|Kingambit, L50, M|\n|poke|p1|Sneasler, L50, M|\n|poke|p1|Heliolisk, L50, F|\n|poke|p2|Gallade, L50, M|\n|poke|p2|Floette-Eternal, L50, F|\n|poke|p2|Incineroar, L50, M|\n|poke|p2|Sinistcha, L50|\n|poke|p2|Aegislash, L50, F|\n|poke|p2|Palafin, L50, F|\n|teampreview|4\n|inactive|Battle timer is ON: inactive players will automatically lose when time's up. (requested by soten soten)\n|\n|t:|1776257922\n|teamsize|p1|4\n|teamsize|p2|4\n|start\n|switch|p1a: Kingambit|Kingambit, L50, M|100/100\n|switch|p1b: Delphox|Delphox, L50, M|100/100\n|switch|p2a: Gallade|Gallade, L50, M|100/100\n|switch|p2b: Palafin|Palafin, L50, F|100/100\n|turn|1\n|\n|t:|1776257929\n|detailschange|p1b: Delphox|Delphox-Mega, L50, M\n|-mega|p1b: Delphox|Delphox|Delphoxite\n|move|p2a: Gallade|Protect|p2a: Gallade\n|-singleturn|p2a: Gallade|Protect\n|move|p2b: Palafin|Protect|p2b: Palafin\n|-singleturn|p2b: Palafin|Protect\n|move|p1b: Delphox|Psychic|p2a: Gallade\n|-activate|p2a: Gallade|move: Protect\n|move|p1a: Kingambit|Swords Dance|p1a: Kingambit\n|-boost|p1a: Kingambit|atk|2\n|\n|upkeep\n|turn|2\n|\n|t:|1776257948\n|detailschange|p2a: Gallade|Gallade-Mega, L50, M\n|-mega|p2a: Gallade|Gallade|Galladite\n|move|p1b: Delphox|Psychic|p2a: Gallade\n|-damage|p2a: Gallade|48/100\n|move|p2a: Gallade|Close Combat|p1a: Kingambit\n|-supereffective|p1a: Kingambit|2\n|-damage|p1a: Kingambit|0 fnt\n|-unboost|p2a: Gallade|def|1\n|-unboost|p2a: Gallade|spd|1\n|faint|p1a: Kingambit\n|move|p2b: Palafin|Flip Turn|p1b: Delphox\n|-supereffective|p1b: Delphox|1\n|-damage|p1b: Delphox|11/100\n|\n|t:|1776257952\n|detailschange|p2b: Palafin|Palafin-Hero, L50, F\n|switch|p2b: Aegislash|Aegislash, L50, F|100/100|[from] Flip Turn\n|\n|upkeep\n|\n|t:|1776257973\n|switch|p1a: Clefable|Clefable, L50, M|100/100\n|turn|3\n|\n|t:|1776257985\n|move|p2b: Aegislash|Wide Guard|p2b: Aegislash\n|-singleturn|p2b: Aegislash|Wide Guard\n|move|p1a: Clefable|Follow Me|p1a: Clefable\n|-singleturn|p1a: Clefable|move: Follow Me\n|move|p1b: Delphox|Heat Wave|p2b: Aegislash|[spread] \n|-activate|p2a: Gallade|move: Wide Guard\n|-activate|p2b: Aegislash|move: Wide Guard\n|move|p2a: Gallade|Zen Headbutt|p1a: Clefable\n|-damage|p1a: Clefable|61/100\n|\n|upkeep\n|turn|4\n|\n|t:|1776257998\n|switch|p2a: Palafin|Palafin-Hero, L50, F|100/100\n|-activate|p2a: Palafin|ability: Zero to Hero\n|move|p1a: Clefable|Protect|p1a: Clefable\n|-singleturn|p1a: Clefable|Protect\n|move|p1b: Delphox|Psychic|p2a: Palafin\n|-damage|p2a: Palafin|43/100\n|-formechange|p2b: Aegislash|Aegislash-Blade|\n|move|p2b: Aegislash|Poltergeist|p1a: Clefable\n|-activate|p1a: Clefable|move: Protect\n|\n|upkeep\n|turn|5\n|\n|t:|1776258014\n|switch|p2b: Sinistcha|Sinistcha, L50|100/100\n|-heal|p2a: Palafin|67/100|[from] ability: Hospitality|[of] p2b: Sinistcha\n|move|p1a: Clefable|Follow Me|p1a: Clefable\n|-singleturn|p1a: Clefable|move: Follow Me\n|move|p1b: Delphox|Heat Wave|p2a: Palafin|[spread] p2a,p2b\n|-resisted|p2a: Palafin|1\n|-supereffective|p2b: Sinistcha|1\n|-damage|p2a: Palafin|48/100\n|-damage|p2b: Sinistcha|0 fnt\n|faint|p2b: Sinistcha\n|move|p2a: Palafin|Wave Crash|p1a: Clefable\n|-damage|p1a: Clefable|0 fnt\n|faint|p1a: Clefable\n|-damage|p2a: Palafin|29/100|[from] Recoil\n|\n|upkeep\n|\n|t:|1776258023\n|switch|p2b: Aegislash|Aegislash, L50, F|100/100\n|switch|p1a: Basculegion|Basculegion, L50, M|100/100\n|turn|6\n|\n|t:|1776258034\n|move|p1b: Delphox|Protect|p1b: Delphox\n|-singleturn|p1b: Delphox|Protect\n|move|p2a: Palafin|Protect|p2a: Palafin\n|-singleturn|p2a: Palafin|Protect\n|move|p2b: Aegislash|King's Shield|p2b: Aegislash\n|-singleturn|p2b: Aegislash|Protect\n|move|p1a: Basculegion|Last Respects|p2b: Aegislash\n|-activate|p2b: Aegislash|move: Protect\n|\n|upkeep\n|turn|7\n|\n|t:|1776258044\n|move|p2a: Palafin|Jet Punch|p1b: Delphox\n|-supereffective|p1b: Delphox|1\n|-damage|p1b: Delphox|0 fnt\n|faint|p1b: Delphox\n|move|p1a: Basculegion|Last Respects|p2b: Aegislash\n|-supereffective|p2b: Aegislash|1\n|-damage|p2b: Aegislash|0 fnt\n|faint|p2b: Aegislash\n|\n|upkeep\n|\n|t:|1776258046\n|switch|p2b: Gallade|Gallade-Mega, L50, M|48/100\n|turn|8\n|\n|t:|1776258049\n|move|p1a: Basculegion|Last Respects|p2b: Gallade\n|-supereffective|p2b: Gallade|1\n|-damage|p2b: Gallade|0 fnt\n|faint|p2b: Gallade\n|move|p2a: Palafin|Wave Crash|p1a: Basculegion\n|-resisted|p1a: Basculegion|1\n|-damage|p1a: Basculegion|45/100\n|-damage|p2a: Palafin|11/100|[from] Recoil\n|\n|upkeep\n|turn|9\n|\n|t:|1776258054\n|move|p2a: Palafin|Jet Punch|p1a: Basculegion\n|-resisted|p1a: Basculegion|1\n|-damage|p1a: Basculegion|14/100\n|move|p1a: Basculegion|Last Respects|p2a: Palafin\n|-damage|p2a: Palafin|0 fnt\n|faint|p2a: Palafin\n|\n|win|LovelyLizardLad\n|raw|LovelyLizardLad's rating: 1276 &rarr; <strong>1309</strong><br />(+33 for winning)\n|raw|soten soten's rating: 1384 &rarr; <strong>1358</strong><br />(-26 for losing)\n",
  "uploadtime": 1776258056,
  "views": 28,
  "formatid": "gen9championsvgc2026regma",
  "rating": 1309,
  "private": 0,
  "password": null
}