{
  "id": "gen9championsvgc2026regma-2583780442",
  "format": "[Gen 9 Champions] VGC 2026 Reg M-A",
  "players": [
    "Balaur0",
    "RedEmperorKing"
  ],
  "log": "|j|\u203dBalaur0\n|j|\u2606RedEmperorKing\n|t:|1776197202\n|gametype|doubles\n|player|p1|Balaur0|marley|1177\n|player|p2|RedEmperorKing|alder|1140\n|gen|9\n|tier|[Gen 9 Champions] VGC 2026 Reg M-A\n|rated|\n|rule|Species Clause: Limit one of each Pok\u00e9mon\n|rule|Item Clause: Limit 1 of each item\n|clearpoke\n|poke|p1|Kingambit, L50, M|\n|poke|p1|Meowstic, L50, M|\n|poke|p1|Pelipper, L50, M|\n|poke|p1|Gyarados, L50, F|\n|poke|p1|Meganium, L50, M|\n|poke|p1|Palafin, L50, F|\n|poke|p2|Charizard, L50, F|\n|poke|p2|Typhlosion-Hisui, L50, F|\n|poke|p2|Venusaur, L50, F|\n|poke|p2|Sneasler, L50, F|\n|poke|p2|Whimsicott, L50, M|\n|poke|p2|Ninetales-Alola, L50, F|\n|teampreview|4\n|inactive|Battle timer is ON: inactive players will automatically lose when time's up. (requested by Balaur0)\n|inactive|RedEmperorKing also wants the timer to be on.\n|\n|t:|1776197227\n|teamsize|p1|4\n|teamsize|p2|4\n|start\n|switch|p1a: Meowstic|Meowstic, L50, M|100/100\n|switch|p1b: Palafin|Palafin, L50, F|100/100\n|switch|p2a: Ninetales|Ninetales-Alola, L50, F, shiny|100/100\n|switch|p2b: Whimsicott|Whimsicott, L50, M, shiny|100/100\n|-weather|Snowscape|[from] ability: Snow Warning|[of] p2a: Ninetales\n|turn|1\n|\n|t:|1776197247\n|detailschange|p1b: Palafin|Palafin-Hero, L50, F\n|switch|p1b: Pelipper|Pelipper, L50, M|100/100\n|-weather|RainDance|[from] ability: Drizzle|[of] p1b: Pelipper\n|move|p1a: Meowstic|Fake Out|p2b: Whimsicott\n|-damage|p2b: Whimsicott|92/100\n|cant|p2b: Whimsicott|flinch\n|move|p2a: Ninetales|Aurora Veil||[still]\n|-fail|p2a: Ninetales\n|\n|-weather|RainDance|[upkeep]\n|upkeep\n|turn|2\n|\n|t:|1776197263\n|move|p1a: Meowstic|Light Screen|p1a: Meowstic\n|-sidestart|p1: Balaur0|move: Light Screen\n|move|p2b: Whimsicott|Sunny Day|p2b: Whimsicott\n|-weather|SunnyDay\n|move|p2a: Ninetales|Icy Wind|p1a: Meowstic|[spread] p1a,p1b\n|-damage|p1a: Meowstic|92/100\n|-damage|p1b: Pelipper|86/100\n|-unboost|p1a: Meowstic|spe|1\n|-unboost|p1b: Pelipper|spe|1\n|move|p1b: Pelipper|Hurricane|p2b: Whimsicott|[miss]\n|-miss|p1b: Pelipper|p2b: Whimsicott\n|\n|-weather|SunnyDay|[upkeep]\n|-heal|p1b: Pelipper|92/100|[from] item: Leftovers\n|upkeep\n|turn|3\n|\n|t:|1776197279\n|move|p1a: Meowstic|Thunder Wave|p2a: Ninetales\n|-status|p2a: Ninetales|par\n|move|p2b: Whimsicott|Taunt|p1a: Meowstic\n|-start|p1a: Meowstic|move: Taunt\n|move|p2a: Ninetales|Blizzard|p1b: Pelipper|[spread] p1b\n|-miss|p2a: Ninetales|p1a: Meowstic\n|-damage|p1b: Pelipper|66/100\n|move|p1b: Pelipper|U-turn|p2b: Whimsicott\n|-damage|p2b: Whimsicott|78/100\n|\n|t:|1776197289\n|switch|p1b: Palafin|Palafin-Hero, L50, F|100/100|[from] U-turn\n|-activate|p1b: Palafin|ability: Zero to Hero\n|\n|-weather|SunnyDay|[upkeep]\n|upkeep\n|turn|4\n|\n|t:|1776197294\n|switch|p1a: Pelipper|Pelipper, L50, M|66/100\n|-weather|RainDance|[from] ability: Drizzle|[of] p1a: Pelipper\n|move|p2b: Whimsicott|Dazzling Gleam|p1b: Palafin|[spread] p1a,p1b\n|-damage|p1a: Pelipper|45/100\n|-damage|p1b: Palafin|85/100\n|move|p1b: Palafin|Wave Crash|p2a: Ninetales\n|-damage|p2a: Ninetales|0 fnt\n|faint|p2a: Ninetales\n|-damage|p1b: Palafin|58/100|[from] Recoil\n|\n|-weather|RainDance|[upkeep]\n|-heal|p1a: Pelipper|51/100|[from] item: Leftovers\n|upkeep\n|\n|t:|1776197312\n|switch|p2a: Charizard|Charizard, L50, F, shiny|100/100\n|turn|5\n|\n|t:|1776197320\n|switch|p1a: Meowstic|Meowstic, L50, M|92/100\n|detailschange|p2a: Charizard|Charizard-Mega-Y, L50, F, shiny\n|-mega|p2a: Charizard|Charizard|Charizardite Y\n|-weather|SunnyDay|[from] ability: Drought|[of] p2a: Charizard\n|move|p1b: Palafin|Protect|p1b: Palafin\n|-singleturn|p1b: Palafin|Protect\n|move|p2a: Charizard|Protect|p2a: Charizard\n|-singleturn|p2a: Charizard|Protect\n|move|p2b: Whimsicott|Tailwind|p2b: Whimsicott\n|-sidestart|p2: RedEmperorKing|move: Tailwind\n|\n|-weather|SunnyDay|[upkeep]\n|upkeep\n|turn|6\n|\n|t:|1776197346\n|move|p1a: Meowstic|Fake Out|p2a: Charizard\n|-damage|p2a: Charizard|93/100\n|move|p2b: Whimsicott|Taunt|p1a: Meowstic\n|-start|p1a: Meowstic|move: Taunt\n|cant|p2a: Charizard|flinch\n|move|p1b: Palafin|Wave Crash|p2a: Charizard\n|-supereffective|p2a: Charizard|1\n|-damage|p2a: Charizard|0 fnt\n|faint|p2a: Charizard\n|-damage|p1b: Palafin|31/100|[from] Recoil\n|\n|-weather|SunnyDay|[upkeep]\n|-sideend|p1: Balaur0|move: Light Screen\n|upkeep\n|\n|t:|1776197348\n|switch|p2a: Typhlosion|Typhlosion-Hisui, L50, F, shiny|100/100\n|-item|p1a: Meowstic|Focus Sash|[from] ability: Frisk|[of] p2a: Typhlosion\n|-item|p1b: Palafin|Mystic Water|[from] ability: Frisk|[of] p2a: Typhlosion\n|turn|7\n|\n|t:|1776197357\n|switch|p1a: Pelipper|Pelipper, L50, M|51/100\n|-weather|RainDance|[from] ability: Drizzle|[of] p1a: Pelipper\n|move|p1b: Palafin|Jet Punch|p2a: Typhlosion\n|-supereffective|p2a: Typhlosion|1\n|-damage|p2a: Typhlosion|0 fnt\n|faint|p2a: Typhlosion\n|move|p2b: Whimsicott|Sunny Day|p2b: Whimsicott\n|-weather|SunnyDay\n|\n|-weather|SunnyDay|[upkeep]\n|-heal|p1a: Pelipper|57/100|[from] item: Leftovers\n|upkeep\n|turn|8\n|-message|RedEmperorKing forfeited.\n|\n|win|Balaur0\n|raw|Balaur0's rating: 1177 &rarr; <strong>1199</strong><br />(+22 for winning)\n|raw|RedEmperorKing's rating: 1140 &rarr; <strong>1118</strong><br />(-22 for losing)\n|l|\u2606RedEmperorKing\n|player|p2|\n",
  "uploadtime": 1776197370,
  "views": 19,
  "formatid": "gen9championsvgc2026regma",
  "rating": 1118,
  "private": 0,
  "password": null
}