{
  "id": "gen9championsvgc2026regma-2581274936",
  "format": "[Gen 9 Champions] VGC 2026 Reg M-A",
  "players": [
    "acerorosso",
    "JarvisTypeGGEZ"
  ],
  "log": "|j|\u2606acerorosso\n|j|\u2606JarvisTypeGGEZ\n|t:|1775979861\n|gametype|doubles\n|player|p1|acerorosso|bugcatcher-gen4dp|1085\n|player|p2|JarvisTypeGGEZ|lucas|1099\n|gen|9\n|tier|[Gen 9 Champions] VGC 2026 Reg M-A\n|rated|\n|rule|Species Clause: Limit one of each Pok\u00e9mon\n|rule|Item Clause: Limit 1 of each item\n|clearpoke\n|poke|p1|Sableye, L50, F|\n|poke|p1|Farigiraf, L50, M|\n|poke|p1|Crabominable, L50, F|\n|poke|p1|Sinistcha, L50|\n|poke|p1|Slowbro-Galar, L50, M|\n|poke|p1|Aggron, L50, M|\n|poke|p2|Pelipper, L50, M|\n|poke|p2|Incineroar, L50, M|\n|poke|p2|Garchomp, L50, F|\n|poke|p2|Archaludon, L50, M|\n|poke|p2|Basculegion, L50, M|\n|poke|p2|Meganium, L50, F|\n|teampreview|4\n|inactive|Battle timer is ON: inactive players will automatically lose when time's up. (requested by acerorosso)\n|inactive|acerorosso has 60 seconds left.\n|inactive|JarvisTypeGGEZ has 60 seconds left.\n|inactive|JarvisTypeGGEZ has 30 seconds left.\n|\n|t:|1775979925\n|teamsize|p1|4\n|teamsize|p2|4\n|start\n|switch|p1a: Farigiraf|Farigiraf, L50, M|100/100\n|switch|p1b: Sableye|Sableye, L50, F|100/100\n|switch|p2a: Pelipper|Pelipper, L50, M|100/100\n|switch|p2b: Garchomp|Garchomp, L50, F|100/100\n|-weather|RainDance|[from] ability: Drizzle|[of] p2a: Pelipper\n|turn|1\n|\n|t:|1775979943\n|move|p1b: Sableye|Will-O-Wisp|p2b: Garchomp\n|-status|p2b: Garchomp|brn\n|move|p2b: Garchomp|Dragon Claw|p1a: Farigiraf\n|-damage|p1a: Farigiraf|83/100\n|move|p2a: Pelipper|Hurricane|p1a: Farigiraf\n|-damage|p1a: Farigiraf|43/100\n|-start|p1a: Farigiraf|confusion\n|-activate|p1a: Farigiraf|confusion\n|-damage|p1a: Farigiraf|36/100|[from] confusion\n|\n|-weather|RainDance|[upkeep]\n|-damage|p2b: Garchomp|95/100 brn|[from] brn\n|upkeep\n|turn|2\n|inactive|JarvisTypeGGEZ has 30 seconds left.\n|\n|t:|1775979974\n|move|p1b: Sableye|Disable|p2a: Pelipper\n|-start|p2a: Pelipper|Disable|Hurricane\n|move|p2b: Garchomp|Earthquake|p1a: Farigiraf|[spread] p1a,p1b\n|-immune|p2a: Pelipper\n|-damage|p1a: Farigiraf|18/100\n|-damage|p1b: Sableye|76/100\n|cant|p2a: Pelipper|Disable|Hurricane\n|-activate|p1a: Farigiraf|confusion\n|-damage|p1a: Farigiraf|11/100|[from] confusion\n|\n|-weather|RainDance|[upkeep]\n|-damage|p2b: Garchomp|89/100 brn|[from] brn\n|upkeep\n|turn|3\n|\n|t:|1775979997\n|move|p2b: Garchomp|Protect|p2b: Garchomp\n|-singleturn|p2b: Garchomp|Protect\n|move|p1b: Sableye|Encore|p2a: Pelipper\n|-start|p2a: Pelipper|Encore\n|cant|p2a: Pelipper|Disable|Hurricane\n|-activate|p1a: Farigiraf|confusion\n|move|p1a: Farigiraf|Dazzling Gleam|p2b: Garchomp|[spread] p2a\n|-activate|p2b: Garchomp|move: Protect\n|-damage|p2a: Pelipper|73/100\n|\n|-weather|RainDance|[upkeep]\n|-damage|p2b: Garchomp|83/100 brn|[from] brn\n|upkeep\n|turn|4\n|\n|t:|1775980020\n|switch|p2a: Basculegion|Basculegion, L50, M|100/100\n|move|p2b: Garchomp|Dragon Claw|p1a: Farigiraf\n|-crit|p1a: Farigiraf\n|-damage|p1a: Farigiraf|0 fnt\n|faint|p1a: Farigiraf\n|move|p1b: Sableye|Foul Play|p2b: Garchomp\n|-damage|p2b: Garchomp|35/100 brn\n|-damage|p1b: Sableye|64/100|[from] ability: Rough Skin|[of] p2b: Garchomp\n|\n|-weather|RainDance|[upkeep]\n|-damage|p2b: Garchomp|29/100 brn|[from] brn\n|upkeep\n|\n|t:|1775980044\n|switch|p1a: Slowbro|Slowbro-Galar, L50, M|100/100\n|turn|5\n|\n|t:|1775980068\n|move|p1b: Sableye|Disable|p2b: Garchomp\n|-start|p2b: Garchomp|Disable|Dragon Claw\n|move|p2a: Basculegion|Wave Crash|p1b: Sableye\n|-damage|p1b: Sableye|0 fnt\n|faint|p1b: Sableye\n|-damage|p2a: Basculegion|84/100|[from] Recoil\n|move|p2b: Garchomp|Earthquake|p1a: Slowbro|[spread] p2a,p1a\n|-supereffective|p1a: Slowbro|1\n|-damage|p2a: Basculegion|60/100\n|-damage|p1a: Slowbro|70/100\n|move|p1a: Slowbro|Psychic|p2a: Basculegion\n|-damage|p2a: Basculegion|23/100\n|\n|-weather|none\n|-damage|p2b: Garchomp|23/100 brn|[from] brn\n|upkeep\n|\n|t:|1775980070\n|switch|p1b: Crabominable|Crabominable, L50, F|100/100\n|turn|6\n|inactive|JarvisTypeGGEZ has 30 seconds left.\n|-activate|p1a: Slowbro|ability: Quick Draw\n|\n|t:|1775980099\n|switch|p2a: Incineroar|Incineroar, L50, M|100/100\n|-ability|p2a: Incineroar|Intimidate|boost\n|-unboost|p1a: Slowbro|atk|1\n|-fail|p1b: Crabominable|unboost|Attack|[from] ability: Hyper Cutter|[of] p1b: Crabominable\n|move|p1a: Slowbro|Psychic|p2a: Incineroar\n|-immune|p2a: Incineroar\n|move|p2b: Garchomp|Rock Slide|p1a: Slowbro|[spread] p1a,p1b\n|-damage|p1a: Slowbro|62/100\n|-damage|p1b: Crabominable|92/100\n|move|p1b: Crabominable|Ice Punch|p2b: Garchomp\n|-supereffective|p2b: Garchomp|2\n|-damage|p2b: Garchomp|0 fnt\n|-damage|p1b: Crabominable|79/100|[from] ability: Rough Skin|[of] p2b: Garchomp\n|faint|p2b: Garchomp\n|\n|upkeep\n|\n|t:|1775980122\n|switch|p2b: Pelipper|Pelipper, L50, M|73/100\n|-weather|RainDance|[from] ability: Drizzle|[of] p2b: Pelipper\n|turn|7\n|-activate|p1a: Slowbro|ability: Quick Draw\n|\n|t:|1775980128\n|detailschange|p1b: Crabominable|Crabominable-Mega, L50, F\n|-mega|p1b: Crabominable|Crabominable|Crabominite\n|move|p2b: Pelipper|Protect|p2b: Pelipper\n|-singleturn|p2b: Pelipper|Protect\n|move|p1a: Slowbro|Power Gem|p2b: Pelipper\n|-activate|p2b: Pelipper|move: Protect\n|move|p2a: Incineroar|Parting Shot|p1a: Slowbro\n|-unboost|p1a: Slowbro|atk|1\n|-unboost|p1a: Slowbro|spa|1\n|\n|t:|1775980139\n|switch|p2a: Basculegion|Basculegion, L50, M|23/100|[from] Parting Shot\n|move|p1b: Crabominable|Drain Punch|p2a: Basculegion\n|-immune|p2a: Basculegion\n|\n|-weather|RainDance|[upkeep]\n|upkeep\n|turn|8\n|\n|t:|1775980158\n|move|p2a: Basculegion|Last Respects|p1a: Slowbro\n|-supereffective|p1a: Slowbro|1\n|-damage|p1a: Slowbro|0 fnt\n|faint|p1a: Slowbro\n|move|p2b: Pelipper|Hurricane|p1b: Crabominable\n|-supereffective|p1b: Crabominable|1\n|-damage|p1b: Crabominable|0 fnt\n|faint|p1b: Crabominable\n|\n|win|JarvisTypeGGEZ\n|raw|acerorosso's rating: 1085 &rarr; <strong>1063</strong><br />(-22 for losing)\n|raw|JarvisTypeGGEZ's rating: 1099 &rarr; <strong>1123</strong><br />(+24 for winning)\n|l|\u2606acerorosso\n|player|p1|\n",
  "uploadtime": 1775980168,
  "views": 23,
  "formatid": "gen9championsvgc2026regma",
  "rating": 1063,
  "private": 0,
  "password": null
}