{
  "id": "gen9championsvgc2026regma-2586405392",
  "format": "[Gen 9 Champions] VGC 2026 Reg M-A",
  "players": [
    "iccr",
    "uncle_noah5"
  ],
  "log": "|j|\u2606iccr\n|j|\u2606uncle_noah5\n|t:|1776432347\n|gametype|doubles\n|player|p1|iccr|170|1173\n|player|p2|uncle_noah5|2|1159\n|gen|9\n|tier|[Gen 9 Champions] VGC 2026 Reg M-A\n|rated|\n|rule|Species Clause: Limit one of each Pok\u00e9mon\n|rule|Item Clause: Limit 1 of each item\n|clearpoke\n|poke|p1|Pelipper, L50, F|\n|poke|p1|Basculegion-F, L50, F|\n|poke|p1|Starmie, L50|\n|poke|p1|Sneasler, L50, M|\n|poke|p1|Sableye, L50, M|\n|poke|p1|Dragapult, L50, M|\n|poke|p2|Aerodactyl, L50, M|\n|poke|p2|Meganium, L50, F|\n|poke|p2|Archaludon, L50, M|\n|poke|p2|Kangaskhan, L50, F|\n|poke|p2|Typhlosion-Hisui, L50, M|\n|poke|p2|Tauros-Paldea-Aqua, L50, M|\n|teampreview|4\n|inactive|Battle timer is ON: inactive players will automatically lose when time's up. (requested by iccr)\n|\n|t:|1776432375\n|teamsize|p1|4\n|teamsize|p2|4\n|start\n|switch|p1a: Basculegion|Basculegion-F, L50, F, shiny|100/100\n|switch|p1b: Dragapult|Dragapult, L50, M, shiny|100/100\n|switch|p2a: Aerodactyl|Aerodactyl, L50, M|100/100\n|switch|p2b: Archaludon|Archaludon, L50, M|100/100\n|-ability|p2a: Aerodactyl|Unnerve\n|turn|1\n|\n|t:|1776432394\n|move|p1b: Dragapult|Thunderbolt|p2a: Aerodactyl\n|-supereffective|p2a: Aerodactyl|1\n|-damage|p2a: Aerodactyl|18/100\n|move|p2a: Aerodactyl|Tailwind|p2a: Aerodactyl\n|-sidestart|p2: uncle_noah5|move: Tailwind\n|move|p2b: Archaludon|Draco Meteor|p1b: Dragapult\n|-supereffective|p1b: Dragapult|1\n|-damage|p1b: Dragapult|0 fnt\n|-unboost|p2b: Archaludon|spa|2\n|faint|p1b: Dragapult\n|move|p1a: Basculegion|Muddy Water|p2a: Aerodactyl|[spread] p2a\n|-miss|p1a: Basculegion|p2b: Archaludon\n|-supereffective|p2a: Aerodactyl|1\n|-crit|p2a: Aerodactyl\n|-damage|p2a: Aerodactyl|0 fnt\n|faint|p2a: Aerodactyl\n|\n|upkeep\n|\n|t:|1776432415\n|switch|p2a: Typhlosion|Typhlosion-Hisui, L50, M|100/100\n|switch|p1b: Pelipper|Pelipper, L50, F|100/100\n|-item|p1a: Basculegion|Mystic Water|[from] ability: Frisk|[of] p2a: Typhlosion\n|-item|p1b: Pelipper|Focus Sash|[from] ability: Frisk|[of] p2a: Typhlosion\n|-weather|RainDance|[from] ability: Drizzle|[of] p1b: Pelipper\n|turn|2\n|\n|t:|1776432429\n|move|p2a: Typhlosion|Shadow Ball|p1a: Basculegion\n|-supereffective|p1a: Basculegion|1\n|-crit|p1a: Basculegion\n|-damage|p1a: Basculegion|0 fnt\n|faint|p1a: Basculegion\n|move|p2b: Archaludon|Electro Shot||[still]\n|-prepare|p2b: Archaludon|Electro Shot\n|-boost|p2b: Archaludon|spa|1\n|-anim|p2b: Archaludon|Electro Shot|p1b: Pelipper\n|-supereffective|p1b: Pelipper|2\n|-enditem|p1b: Pelipper|Focus Sash\n|-damage|p1b: Pelipper|1/100\n|move|p1b: Pelipper|Hurricane|p2b: Archaludon\n|-resisted|p2b: Archaludon|1\n|-damage|p2b: Archaludon|65/100\n|\n|-weather|RainDance|[upkeep]\n|upkeep\n|\n|t:|1776432442\n|switch|p1a: Starmie|Starmie, L50, shiny|100/100\n|turn|3\n|\n|t:|1776432451\n|detailschange|p1a: Starmie|Starmie-Mega, L50, shiny\n|-mega|p1a: Starmie|Starmie|Starminite\n|move|p1a: Starmie|Aqua Jet|p2a: Typhlosion\n|-supereffective|p2a: Typhlosion|1\n|-damage|p2a: Typhlosion|0 fnt\n|faint|p2a: Typhlosion\n|move|p2b: Archaludon|Electro Shot||[still]\n|-prepare|p2b: Archaludon|Electro Shot\n|-boost|p2b: Archaludon|spa|1\n|-anim|p2b: Archaludon|Electro Shot|p1b: Pelipper\n|-supereffective|p1b: Pelipper|2\n|-damage|p1b: Pelipper|0 fnt\n|faint|p1b: Pelipper\n|\n|-weather|RainDance|[upkeep]\n|upkeep\n|\n|t:|1776432463\n|switch|p2a: Meganium|Meganium, L50, F|100/100\n|turn|4\n|\n|t:|1776432470\n|detailschange|p2a: Meganium|Meganium-Mega, L50, F\n|-mega|p2a: Meganium|Meganium|Meganiumite\n|move|p1a: Starmie|Protect|p1a: Starmie\n|-singleturn|p1a: Starmie|Protect\n|move|p2b: Archaludon|Electro Shot||[still]\n|-prepare|p2b: Archaludon|Electro Shot\n|-boost|p2b: Archaludon|spa|1\n|-anim|p2b: Archaludon|Electro Shot|p1a: Starmie\n|-activate|p1a: Starmie|move: Protect\n|move|p2a: Meganium|Solar Beam||[still]\n|-prepare|p2a: Meganium|Solar Beam\n|-activate|p2a: Meganium|ability: Mega Sol\n|-anim|p2a: Meganium|Solar Beam|p1a: Starmie\n|-activate|p1a: Starmie|move: Protect\n|\n|-weather|RainDance|[upkeep]\n|-sideend|p2: uncle_noah5|move: Tailwind\n|upkeep\n|turn|5\n|\n|t:|1776432487\n|move|p1a: Starmie|Liquidation|p2b: Archaludon\n|-resisted|p2b: Archaludon|1\n|-damage|p2b: Archaludon|14/100\n|move|p2b: Archaludon|Electro Shot||[still]\n|-prepare|p2b: Archaludon|Electro Shot\n|-boost|p2b: Archaludon|spa|1\n|-anim|p2b: Archaludon|Electro Shot|p1a: Starmie\n|-supereffective|p1a: Starmie|1\n|-damage|p1a: Starmie|0 fnt\n|faint|p1a: Starmie\n|\n|win|uncle_noah5\n|raw|iccr's rating: 1173 &rarr; <strong>1147</strong><br />(-26 for losing)\n|raw|uncle_noah5's rating: 1159 &rarr; <strong>1185</strong><br />(+26 for winning)\n",
  "uploadtime": 1776432498,
  "views": 37,
  "formatid": "gen9championsvgc2026regma",
  "rating": 1147,
  "private": 0,
  "password": null
}