{
  "id": "gen9championsvgc2026regma-2581018707",
  "format": "[Gen 9 Champions] VGC 2026 Reg M-A",
  "players": [
    "SeaAyy",
    "OddToaster"
  ],
  "log": "|j|\u2606SeaAyy\n|j|\u2606OddToaster\n|t:|1775952224\n|gametype|doubles\n|player|p1|SeaAyy|crasherwake|1060\n|player|p2|OddToaster|clerkf|1117\n|gen|9\n|tier|[Gen 9 Champions] VGC 2026 Reg M-A\n|rated|\n|rule|Species Clause: Limit one of each Pok\u00e9mon\n|rule|Item Clause: Limit 1 of each item\n|clearpoke\n|poke|p1|Aerodactyl, L50, M|\n|poke|p1|Excadrill, L50, F|\n|poke|p1|Primarina, L50, F|\n|poke|p1|Tyranitar, L50, M|\n|poke|p1|Gallade, L50, M|\n|poke|p1|Farigiraf, L50, F|\n|poke|p2|Charizard, L50, F|\n|poke|p2|Venusaur, L50, M|\n|poke|p2|Incineroar, L50, F|\n|poke|p2|Garchomp, L50, M|\n|poke|p2|Gardevoir, L50, M|\n|poke|p2|Sneasler, L50, F|\n|teampreview|4\n|inactive|Battle timer is ON: inactive players will automatically lose when time's up. (requested by SeaAyy)\nSeaAyy rejected open team sheets.\n|\n|t:|1775952254\n|teamsize|p1|4\n|teamsize|p2|4\n|start\n|switch|p1a: Farigiraf|Farigiraf, L50, F|100/100\n|switch|p1b: Gallade|Gallade, L50, M|100/100\n|switch|p2a: Incineroar|Incineroar, L50, F|100/100\n|switch|p2b: Sneasler|Sneasler, L50, F|100/100\n|-ability|p2a: Incineroar|Intimidate|boost\n|-unboost|p1a: Farigiraf|atk|1\n|-unboost|p1b: Gallade|atk|1\n|turn|1\n|inactive|OddToaster has 30 seconds left.\n|\n|t:|1775952282\n|switch|p1b: Excadrill|Excadrill, L50, F|100/100\n|move|p2b: Sneasler|Dire Claw|p1a: Farigiraf\n|-damage|p1a: Farigiraf|55/100\n|-status|p1a: Farigiraf|slp\n|move|p2a: Incineroar|Darkest Lariat|p1a: Farigiraf\n|-supereffective|p1a: Farigiraf|1\n|-damage|p1a: Farigiraf|0 fnt\n|faint|p1a: Farigiraf\n|\n|upkeep\n|\n|t:|1775952296\n|switch|p1a: Gallade|Gallade, L50, M|100/100\n|turn|2\n|inactive|SeaAyy has 30 seconds left.\n|inactive|OddToaster has 30 seconds left.\n|inactive|SeaAyy has 20 seconds left.\n|inactive|SeaAyy has 15 seconds left.\n|inactive|OddToaster has 20 seconds left.\n|\n|t:|1775952336\n|switch|p2b: Garchomp|Garchomp, L50, M|100/100\n|detailschange|p1a: Gallade|Gallade-Mega, L50, M\n|-mega|p1a: Gallade|Gallade|Galladite\n|move|p1a: Gallade|Protect|p1a: Gallade\n|-singleturn|p1a: Gallade|Protect\n|move|p1b: Excadrill|Protect|p1b: Excadrill\n|-singleturn|p1b: Excadrill|Protect\n|move|p2a: Incineroar|Flare Blitz|p1b: Excadrill\n|-activate|p1b: Excadrill|move: Protect\n|\n|upkeep\n|turn|3\n|\n|t:|1775952360\n|switch|p1b: Primarina|Primarina, L50, F|100/100\n|switch|p2a: Charizard|Charizard, L50, F|100/100\n|move|p2b: Garchomp|Earthquake|p1a: Gallade|[spread] p1a,p1b\n|-immune|p2a: Charizard\n|-damage|p1a: Gallade|62/100\n|-damage|p1b: Primarina|55/100\n|move|p1a: Gallade|Close Combat|p2a: Charizard\n|-resisted|p2a: Charizard|1\n|-damage|p2a: Charizard|62/100\n|-unboost|p1a: Gallade|def|1\n|-unboost|p1a: Gallade|spd|1\n|\n|upkeep\n|turn|4\n|inactive|OddToaster has 30 seconds left.\n|\n|t:|1775952386\n|switch|p1a: Excadrill|Excadrill, L50, F|100/100\n|detailschange|p2a: Charizard|Charizard-Mega-Y, L50, F\n|-mega|p2a: Charizard|Charizard|Charizardite Y\n|-weather|SunnyDay|[from] ability: Drought|[of] p2a: Charizard\n|move|p2b: Garchomp|Earthquake|p1a: Excadrill|[spread] p1a,p1b\n|-immune|p2a: Charizard\n|-supereffective|p1a: Excadrill|1\n|-damage|p1a: Excadrill|6/100\n|-damage|p1b: Primarina|6/100\n|move|p2a: Charizard|Solar Beam||[still]\n|-prepare|p2a: Charizard|Solar Beam\n|-anim|p2a: Charizard|Solar Beam|p1b: Primarina\n|-supereffective|p1b: Primarina|1\n|-damage|p1b: Primarina|0 fnt\n|faint|p1b: Primarina\n|\n|-weather|SunnyDay|[upkeep]\n|upkeep\n|\n|t:|1775952401\n|switch|p1b: Gallade|Gallade-Mega, L50, M|62/100\n|turn|5\n|\n|t:|1775952418\n|move|p1b: Gallade|Protect|p1b: Gallade\n|-singleturn|p1b: Gallade|Protect\n|move|p2b: Garchomp|Earthquake|p1a: Excadrill|[spread] p1a\n|-activate|p1b: Gallade|move: Protect\n|-immune|p2a: Charizard\n|-supereffective|p1a: Excadrill|1\n|-damage|p1a: Excadrill|0 fnt\n|faint|p1a: Excadrill\n|move|p2a: Charizard|Weather Ball|p1b: Gallade\n|-activate|p1b: Gallade|move: Protect\n|\n|-weather|SunnyDay|[upkeep]\n|upkeep\n|turn|6\n|\n|t:|1775952432\n|move|p1b: Gallade|Protect|p1b: Gallade\n|-singleturn|p1b: Gallade|Protect\n|move|p2b: Garchomp|Earthquake|p1b: Gallade|[spread] \n|-activate|p1b: Gallade|move: Protect\n|-immune|p2a: Charizard\n|move|p2a: Charizard|Weather Ball|p1b: Gallade\n|-activate|p1b: Gallade|move: Protect\n|\n|-weather|SunnyDay|[upkeep]\n|upkeep\n|turn|7\n|\n|t:|1775952450\n|move|p2b: Garchomp|Earthquake|p1b: Gallade|[spread] p1b\n|-immune|p2a: Charizard\n|-damage|p1b: Gallade|19/100\n|move|p2a: Charizard|Weather Ball|p1b: Gallade\n|-damage|p1b: Gallade|0 fnt\n|faint|p1b: Gallade\n|\n|win|OddToaster\n|raw|SeaAyy's rating: 1060 &rarr; <strong>1044</strong><br />(-16 for losing)\n|raw|OddToaster's rating: 1117 &rarr; <strong>1138</strong><br />(+21 for winning)\n|l|\u2606SeaAyy\n|player|p1|\n",
  "uploadtime": 1775952465,
  "views": 12,
  "formatid": "gen9championsvgc2026regma",
  "rating": 1044,
  "private": 0,
  "password": null
}