{
  "id": "gen9championsvgc2026regma-2584190129",
  "format": "[Gen 9 Champions] VGC 2026 Reg M-A",
  "players": [
    "puha8786",
    "SpamtonGSpamton97"
  ],
  "log": "|j|\u2606puha8786\n|j|\u2606SpamtonGSpamton97\n|t:|1776236199\n|gametype|doubles\n|player|p1|puha8786|170|1102\n|player|p2|SpamtonGSpamton97|hilbert|1040\n|gen|9\n|tier|[Gen 9 Champions] VGC 2026 Reg M-A\n|rated|\n|rule|Species Clause: Limit one of each Pok\u00e9mon\n|rule|Item Clause: Limit 1 of each item\n|clearpoke\n|poke|p1|Incineroar, L50, F|\n|poke|p1|Garchomp, L50, M|\n|poke|p1|Sneasler, L50, M|\n|poke|p1|Kingambit, L50, M|\n|poke|p1|Whimsicott, L50, F|\n|poke|p1|Charizard, L50, F|\n|poke|p2|Diggersby, L50, F|\n|poke|p2|Reuniclus, L50, M|\n|poke|p2|Sinistcha, L50|\n|poke|p2|Camerupt, L50, F|\n|poke|p2|Bastiodon, L50, M|\n|poke|p2|Ariados, L50, F|\n|teampreview|4\n|\n|t:|1776236255\n|teamsize|p1|4\n|teamsize|p2|4\n|start\n|switch|p1a: Whimsicott|Whimsicott, L50, F|100/100\n|switch|p1b: Kingambit|Kingambit, L50, M|100/100\n|switch|p2a: Atomic Nuke|Camerupt, L50, F|100/100\n|switch|p2b: (Voice) MEDIC!|Sinistcha, L50|100/100\n|turn|1\n|\n|t:|1776236304\n|detailschange|p2a: Atomic Nuke|Camerupt-Mega, L50, F\n|-mega|p2a: Atomic Nuke|Camerupt|Cameruptite\n|move|p1a: Whimsicott|Protect|p1a: Whimsicott\n|-singleturn|p1a: Whimsicott|Protect\n|move|p1b: Kingambit|Kowtow Cleave|p2b: (Voice) MEDIC!\n|-supereffective|p2b: (Voice) MEDIC!|1\n|-damage|p2b: (Voice) MEDIC!|6/100\n|move|p2a: Atomic Nuke|Heat Wave|p1a: Whimsicott|[spread] p1b\n|-activate|p1a: Whimsicott|move: Protect\n|-supereffective|p1b: Kingambit|1\n|-damage|p1b: Kingambit|0 fnt\n|faint|p1b: Kingambit\n|move|p2b: (Voice) MEDIC!|Trick Room|p2b: (Voice) MEDIC!\n|-fieldstart|move: Trick Room|[of] p2b: (Voice) MEDIC!\n|\n|upkeep\n|\n|t:|1776236320\n|switch|p1b: Charizard|Charizard, L50, F|100/100\n|turn|2\n|\n|t:|1776236352\n|detailschange|p1b: Charizard|Charizard-Mega-Y, L50, F\n|-mega|p1b: Charizard|Charizard|Charizardite Y\n|-weather|SunnyDay|[from] ability: Drought|[of] p1b: Charizard\n|move|p1a: Whimsicott|Encore|p2b: (Voice) MEDIC!\n|-start|p2b: (Voice) MEDIC!|Encore\n|-enditem|p2b: (Voice) MEDIC!|Mental Herb\n|-end|p2b: (Voice) MEDIC!|Encore\n|move|p2a: Atomic Nuke|Ancient Power|p1b: Charizard\n|-supereffective|p1b: Charizard|2\n|-damage|p1b: Charizard|0 fnt\n|faint|p1b: Charizard\n|move|p2b: (Voice) MEDIC!|Matcha Gotcha|p1a: Whimsicott|[miss]\n|-miss|p2b: (Voice) MEDIC!|p1a: Whimsicott\n|\n|-weather|SunnyDay|[upkeep]\n|upkeep\n|\n|t:|1776236368\n|switch|p1b: Garchomp|Garchomp, L50, M|100/100\n|turn|3\n|\n|t:|1776236376\n|move|p2a: Atomic Nuke|Protect|p2a: Atomic Nuke\n|-singleturn|p2a: Atomic Nuke|Protect\n|move|p1a: Whimsicott|Encore|p2a: Atomic Nuke\n|-activate|p2a: Atomic Nuke|move: Protect\n|move|p2b: (Voice) MEDIC!|Matcha Gotcha|p1a: Whimsicott|[spread] p1a\n|-miss|p2b: (Voice) MEDIC!|p1b: Garchomp\n|-resisted|p1a: Whimsicott|1\n|-damage|p1a: Whimsicott|85/100\n|-heal|p2b: (Voice) MEDIC!|13/100|[from] drain|[of] p1a: Whimsicott\n|move|p1b: Garchomp|Swords Dance|p1b: Garchomp\n|-boost|p1b: Garchomp|atk|2\n|\n|-weather|SunnyDay|[upkeep]\n|upkeep\n|turn|4\n|\n|t:|1776236396\n|switch|p2a: temu ursaluna|Diggersby, L50, F|100/100\n|move|p1a: Whimsicott|Encore||[still]\n|-fail|p1a: Whimsicott\n|move|p2b: (Voice) MEDIC!|Matcha Gotcha|p1b: Garchomp|[spread] p1a,p1b\n|-resisted|p1a: Whimsicott|1\n|-damage|p1a: Whimsicott|68/100\n|-heal|p2b: (Voice) MEDIC!|22/100|[from] drain|[of] p1a: Whimsicott\n|-damage|p1b: Garchomp|75/100\n|-heal|p2b: (Voice) MEDIC!|35/100|[from] drain|[of] p1b: Garchomp\n|-status|p1a: Whimsicott|brn\n|-status|p1b: Garchomp|brn\n|move|p1b: Garchomp|Stomping Tantrum|p2b: (Voice) MEDIC!\n|-resisted|p2b: (Voice) MEDIC!|1\n|-damage|p2b: (Voice) MEDIC!|18/100\n|\n|-weather|SunnyDay|[upkeep]\n|-damage|p1b: Garchomp|69/100 brn|[from] brn\n|-damage|p1a: Whimsicott|62/100 brn|[from] brn\n|upkeep\n|turn|5\n|c|\u2606SpamtonGSpamton97|oh\n|-message|puha8786 forfeited.\n|\n|win|SpamtonGSpamton97\n|raw|puha8786's rating: 1102 &rarr; <strong>1073</strong><br />(-29 for losing)\n|raw|SpamtonGSpamton97's rating: 1040 &rarr; <strong>1080</strong><br />(+40 for winning)\n|l|\u2606puha8786\n|player|p1|\n",
  "uploadtime": 1776236419,
  "views": 22,
  "formatid": "gen9championsvgc2026regma",
  "rating": 1073,
  "private": 0,
  "password": null
}