{
  "id": "gen9championsvgc2026regma-2581318585",
  "format": "[Gen 9 Champions] VGC 2026 Reg M-A",
  "players": [
    "sonic1",
    "radoovak"
  ],
  "log": "|j|\u2606sonic1\n|j|\u2606radoovak\n|t:|1775985964\n|gametype|doubles\n|player|p1|sonic1|169|1289\n|player|p2|radoovak|steven|1378\n|gen|9\n|tier|[Gen 9 Champions] VGC 2026 Reg M-A\n|rated|\n|rule|Species Clause: Limit one of each Pok\u00e9mon\n|rule|Item Clause: Limit 1 of each item\n|clearpoke\n|poke|p1|Whimsicott, L50, M|\n|poke|p1|Charizard, L50, F|\n|poke|p1|Sneasler, L50, M|\n|poke|p1|Garchomp, L50, F|\n|poke|p1|Kingambit, L50, F|\n|poke|p1|Farigiraf, L50, M|\n|poke|p2|Gengar, L50, M|\n|poke|p2|Sneasler, L50, F|\n|poke|p2|Incineroar, L50, F|\n|poke|p2|Whimsicott, L50, F|\n|poke|p2|Hydreigon, L50, M|\n|poke|p2|Palafin, L50, F|\n|teampreview|4\n|inactive|Battle timer is ON: inactive players will automatically lose when time's up. (requested by sonic1)\n|j| gE1xjZRtuhW2DdT0AK\n|inactive|sonic1 has 60 seconds left.\n|inactive|radoovak has 60 seconds left.\n|inactive|sonic1 has 30 seconds left.\n|inactive|radoovak has 30 seconds left.\n|inactive|sonic1 has 20 seconds left.\n|inactive|radoovak has 20 seconds left.\n|inactive|sonic1 has 15 seconds left.\n|inactive|radoovak has 15 seconds left.\n|inactive|sonic1 has 10 seconds left.\n|inactive|radoovak has 10 seconds left.\n|inactive|radoovak has 5 seconds left.\n|\n|t:|1775986052\n|teamsize|p1|4\n|teamsize|p2|4\n|start\n|switch|p1a: Sneasler|Sneasler, L50, M|100/100\n|switch|p1b: Kingambit|Kingambit, L50, F|100/100\n|switch|p2a: Palafin|Palafin, L50, F|100/100\n|switch|p2b: Sneasler|Sneasler, L50, F|100/100\n|turn|1\n|\n|t:|1775986075\n|detailschange|p2a: Palafin|Palafin-Hero, L50, F\n|switch|p2a: Hydreigon|Hydreigon, L50, M|100/100\n|move|p1a: Sneasler|Fake Out|p2b: Sneasler\n|-damage|p2b: Sneasler|74/100\n|cant|p2b: Sneasler|flinch\n|move|p1b: Kingambit|Kowtow Cleave|p2a: Hydreigon\n|-resisted|p2a: Hydreigon|1\n|-damage|p2a: Hydreigon|67/100\n|\n|upkeep\n|turn|2\n|\n|t:|1775986098\n|switch|p2a: Whimsicott|Whimsicott, L50, F|100/100\n|switch|p1b: Whimsicott|Whimsicott, L50, M|100/100\n|move|p2b: Sneasler|Close Combat|p1b: Whimsicott\n|-resisted|p1b: Whimsicott|1\n|-damage|p1b: Whimsicott|55/100\n|-unboost|p2b: Sneasler|def|1\n|-unboost|p2b: Sneasler|spd|1\n|-enditem|p2b: Sneasler|White Herb\n|-clearnegativeboost|p2b: Sneasler|[silent]\n|move|p1a: Sneasler|Close Combat|p2a: Whimsicott\n|-resisted|p2a: Whimsicott|1\n|-damage|p2a: Whimsicott|55/100\n|-unboost|p1a: Sneasler|def|1\n|-unboost|p1a: Sneasler|spd|1\n|-enditem|p1a: Sneasler|White Herb\n|-clearnegativeboost|p1a: Sneasler|[silent]\n|\n|upkeep\n|turn|3\n|inactive|sonic1 has 30 seconds left.\n|inactive|radoovak has 30 seconds left.\n|\n|t:|1775986130\n|move|p2a: Whimsicott|Tailwind|p2a: Whimsicott\n|-sidestart|p2: radoovak|move: Tailwind\n|move|p1b: Whimsicott|Tailwind|p1b: Whimsicott\n|-sidestart|p1: sonic1|move: Tailwind\n|move|p2b: Sneasler|Dire Claw|p1b: Whimsicott\n|-supereffective|p1b: Whimsicott|2\n|-damage|p1b: Whimsicott|0 fnt\n|faint|p1b: Whimsicott\n|move|p1a: Sneasler|Close Combat|p2b: Sneasler\n|-resisted|p2b: Sneasler|1\n|-damage|p2b: Sneasler|12/100\n|-unboost|p1a: Sneasler|def|1\n|-unboost|p1a: Sneasler|spd|1\n|\n|upkeep\n|\n|t:|1775986142\n|switch|p1b: Kingambit|Kingambit, L50, F|100/100\n|turn|4\n|inactive|radoovak has 30 seconds left.\n|inactive|radoovak has 20 seconds left.\n|\n|t:|1775986181\n|switch|p2b: Palafin|Palafin-Hero, L50, F|100/100\n|-activate|p2b: Palafin|ability: Zero to Hero\n|move|p2a: Whimsicott|Encore|p1a: Sneasler\n|-start|p1a: Sneasler|Encore\n|move|p1b: Kingambit|Sucker Punch||[still]\n|-fail|p1b: Kingambit\n|move|p1a: Sneasler|Close Combat|p2a: Whimsicott\n|-resisted|p2a: Whimsicott|1\n|-damage|p2a: Whimsicott|16/100\n|-unboost|p1a: Sneasler|def|1\n|-unboost|p1a: Sneasler|spd|1\n|\n|upkeep\n|turn|5\n|inactive|radoovak has 30 seconds left.\n|inactive|sonic1 has 30 seconds left.\n|\n|t:|1775986216\n|switch|p1a: Charizard|Charizard, L50, F|100/100\n|move|p2a: Whimsicott|Moonblast|p1a: Charizard\n|-resisted|p1a: Charizard|1\n|-crit|p1a: Charizard\n|-damage|p1a: Charizard|78/100\n|move|p2b: Palafin|Drain Punch|p1b: Kingambit\n|-supereffective|p1b: Kingambit|2\n|-crit|p1b: Kingambit\n|-damage|p1b: Kingambit|0 fnt\n|faint|p1b: Kingambit\n|\n|upkeep\n|\n|t:|1775986226\n|switch|p1b: Sneasler|Sneasler, L50, M|100/100\n|turn|6\n|\n|t:|1775986240\n|switch|p2a: Hydreigon|Hydreigon, L50, M|67/100\n|detailschange|p1a: Charizard|Charizard-Mega-Y, L50, F\n|-mega|p1a: Charizard|Charizard|Charizardite Y\n|-weather|SunnyDay|[from] ability: Drought|[of] p1a: Charizard\n|move|p2b: Palafin|Protect|p2b: Palafin\n|-singleturn|p2b: Palafin|Protect\n|move|p1b: Sneasler|Fake Out|p2b: Palafin\n|-activate|p2b: Palafin|move: Protect\n|move|p1a: Charizard|Solar Beam||[still]\n|-prepare|p1a: Charizard|Solar Beam\n|-anim|p1a: Charizard|Solar Beam|p2b: Palafin\n|-activate|p2b: Palafin|move: Protect\n|\n|-weather|SunnyDay|[upkeep]\n|-sideend|p1: sonic1|move: Tailwind\n|-sideend|p2: radoovak|move: Tailwind\n|upkeep\n|turn|7\n|inactive|radoovak has 30 seconds left.\n|\n|t:|1775986272\n|move|p2b: Palafin|Jet Punch|p1b: Sneasler\n|-damage|p1b: Sneasler|60/100\n|move|p2a: Hydreigon|Draco Meteor|p1b: Sneasler\n|-damage|p1b: Sneasler|0 fnt\n|-unboost|p2a: Hydreigon|spa|2\n|faint|p1b: Sneasler\n|move|p1a: Charizard|Solar Beam||[still]\n|-prepare|p1a: Charizard|Solar Beam\n|-anim|p1a: Charizard|Solar Beam|p2b: Palafin\n|-supereffective|p2b: Palafin|1\n|-damage|p2b: Palafin|6/100\n|\n|-weather|SunnyDay|[upkeep]\n|upkeep\n|turn|8\n|-message|sonic1 forfeited.\n|\n|win|radoovak\n|raw|sonic1's rating: 1289 &rarr; <strong>1270</strong><br />(-19 for losing)\n|raw|radoovak's rating: 1378 &rarr; <strong>1393</strong><br />(+15 for winning)\n|l|\u2606sonic1\n|player|p1|\n",
  "uploadtime": 1775986288,
  "views": 43,
  "formatid": "gen9championsvgc2026regma",
  "rating": 1270,
  "private": 0,
  "password": null
}