{
  "id": "gen9championsvgc2026regma-2586666822",
  "format": "[Gen 9 Champions] VGC 2026 Reg M-A",
  "players": [
    "SheilaTheSalazzle",
    "imr_2100"
  ],
  "log": "|j|\u2606SheilaTheSalazzle\n|j|\u2606imr_2100\n|t:|1776450569\n|gametype|doubles\n|player|p1|SheilaTheSalazzle|koga|1085\n|player|p2|imr_2100|170|1116\n|gen|9\n|tier|[Gen 9 Champions] VGC 2026 Reg M-A\n|rated|\n|rule|Species Clause: Limit one of each Pok\u00e9mon\n|rule|Item Clause: Limit 1 of each item\n|clearpoke\n|poke|p1|Victreebel, L50, M|\n|poke|p1|Torkoal, L50, F|\n|poke|p1|Farigiraf, L50, M|\n|poke|p1|Sneasler, L50, M|\n|poke|p1|Aegislash, L50, F|\n|poke|p1|Mamoswine, L50, M|\n|poke|p2|Meganium, L50, M|\n|poke|p2|Rotom-Wash, L50|\n|poke|p2|Garchomp, L50, F|\n|poke|p2|Aegislash, L50, F|\n|poke|p2|Talonflame, L50, M|\n|poke|p2|Palafin, L50, M|\n|teampreview|4\n|inactive|Battle timer is ON: inactive players will automatically lose when time's up. (requested by imr_2100)\n|inactive|imr_2100 has 60 seconds left.\n|\n|t:|1776450615\n|teamsize|p1|4\n|teamsize|p2|4\n|start\n|switch|p1a: Victreebel|Victreebel, L50, M|100/100\n|switch|p1b: Torkoal|Torkoal, L50, F|100/100\n|switch|p2a: Garchomp|Garchomp, L50, F|100/100\n|switch|p2b: Meganium|Meganium, L50, M|100/100\n|-weather|SunnyDay|[from] ability: Drought|[of] p1b: Torkoal\n|turn|1\n|inactive|SheilaTheSalazzle has 30 seconds left.\n|inactive|imr_2100 has 30 seconds left.\n|\n|t:|1776450652\n|switch|p2b: Rotom|Rotom-Wash, L50|100/100\n|detailschange|p1a: Victreebel|Victreebel-Mega, L50, M\n|-mega|p1a: Victreebel|Victreebel|Victreebelite\n|move|p1b: Torkoal|Protect|p1b: Torkoal\n|-singleturn|p1b: Torkoal|Protect\n|move|p2a: Garchomp|Stomping Tantrum|p1b: Torkoal\n|-activate|p1b: Torkoal|move: Protect\n|move|p1a: Victreebel|Swords Dance|p1a: Victreebel\n|-boost|p1a: Victreebel|atk|2\n|\n|-weather|SunnyDay|[upkeep]\n|upkeep\n|turn|2\n|inactive|SheilaTheSalazzle has 30 seconds left.\n|\n|t:|1776450686\n|switch|p1b: Mamoswine|Mamoswine, L50, M|100/100\n|move|p1a: Victreebel|Sucker Punch|p2a: Garchomp\n|-damage|p2a: Garchomp|47/100\n|-damage|p1a: Victreebel|88/100|[from] ability: Rough Skin|[of] p2a: Garchomp\n|move|p2a: Garchomp|Stomping Tantrum|p1b: Mamoswine\n|-crit|p1b: Mamoswine\n|-damage|p1b: Mamoswine|31/100\n|move|p2b: Rotom|Volt Switch|p1a: Victreebel\n|-resisted|p1a: Victreebel|1\n|-damage|p1a: Victreebel|70/100\n|\n|t:|1776450698\n|switch|p2b: Palafin|Palafin, L50, M|100/100|[from] Volt Switch\n|\n|-weather|SunnyDay|[upkeep]\n|upkeep\n|turn|3\n|\n|t:|1776450715\n|switch|p2a: Rotom|Rotom-Wash, L50|100/100\n|move|p2b: Palafin|Protect|p2b: Palafin\n|-singleturn|p2b: Palafin|Protect\n|move|p1a: Victreebel|Sucker Punch||[still]\n|-fail|p1a: Victreebel\n|move|p1b: Mamoswine|Icicle Crash|p2a: Rotom|[miss]\n|-miss|p1b: Mamoswine|p2a: Rotom\n|\n|-weather|SunnyDay|[upkeep]\n|upkeep\n|turn|4\n|\n|t:|1776450736\n|detailschange|p2b: Palafin|Palafin-Hero, L50, M\n|switch|p2b: Meganium|Meganium, L50, M|100/100\n|move|p1b: Mamoswine|Icicle Crash|p2a: Rotom\n|-resisted|p2a: Rotom|1\n|-damage|p2a: Rotom|73/100\n|move|p2a: Rotom|Volt Switch|p1a: Victreebel\n|-resisted|p1a: Victreebel|1\n|-damage|p1a: Victreebel|53/100\n|\n|t:|1776450745\n|switch|p2a: Garchomp|Garchomp, L50, F|47/100|[from] Volt Switch\n|move|p1a: Victreebel|Leaf Blade|p2a: Garchomp\n|-damage|p2a: Garchomp|0 fnt\n|-damage|p1a: Victreebel|41/100|[from] ability: Rough Skin|[of] p2a: Garchomp\n|faint|p2a: Garchomp\n|\n|-weather|SunnyDay|[upkeep]\n|upkeep\n|\n|t:|1776450754\n|switch|p2a: Palafin|Palafin-Hero, L50, M|100/100\n|-activate|p2a: Palafin|ability: Zero to Hero\n|turn|5\n|\n|t:|1776450770\n|detailschange|p2b: Meganium|Meganium-Mega, L50, M\n|-mega|p2b: Meganium|Meganium|Meganiumite\n|move|p1b: Mamoswine|Icicle Crash|p2b: Meganium\n|-supereffective|p2b: Meganium|1\n|-damage|p2b: Meganium|18/100\n|move|p2a: Palafin|Close Combat|p1a: Victreebel\n|-resisted|p1a: Victreebel|1\n|-damage|p1a: Victreebel|11/100\n|-unboost|p2a: Palafin|def|1\n|-unboost|p2a: Palafin|spd|1\n|move|p2b: Meganium|Weather Ball|p1b: Mamoswine\n|-supereffective|p1b: Mamoswine|1\n|-damage|p1b: Mamoswine|0 fnt\n|faint|p1b: Mamoswine\n|move|p1a: Victreebel|Strength Sap|p2a: Palafin\n|-unboost|p2a: Palafin|atk|1\n|-heal|p1a: Victreebel|100/100\n|\n|-weather|none\n|upkeep\n|-message|imr_2100 forfeited.\n|\n|win|SheilaTheSalazzle\n|raw|SheilaTheSalazzle's rating: 1085 &rarr; <strong>1115</strong><br />(+30 for winning)\n|raw|imr_2100's rating: 1116 &rarr; <strong>1089</strong><br />(-27 for losing)\n|l|\u2606imr_2100\n|player|p2|\n",
  "uploadtime": 1776450800,
  "views": 29,
  "formatid": "gen9championsvgc2026regma",
  "rating": 1089,
  "private": 0,
  "password": null
}