{
  "id": "gen9championsvgc2026regma-2584417033",
  "format": "[Gen 9 Champions] VGC 2026 Reg M-A",
  "players": [
    "4ffr2",
    "Hedgehogwarrior"
  ],
  "log": "|j|\u26064ffr2\n|j|\u2606Hedgehogwarrior\n|t:|1776259371\n|gametype|doubles\n|player|p1|4ffr2|266|1124\n|player|p2|Hedgehogwarrior|170|1094\n|gen|9\n|tier|[Gen 9 Champions] VGC 2026 Reg M-A\n|rated|\n|rule|Species Clause: Limit one of each Pok\u00e9mon\n|rule|Item Clause: Limit 1 of each item\n|clearpoke\n|poke|p1|Sharpedo, L50, F|\n|poke|p1|Venusaur, L50, F|\n|poke|p1|Clefable, L50, F|\n|poke|p1|Kingambit, L50, F|\n|poke|p1|Farigiraf, L50, F|\n|poke|p1|Rotom-Heat, L50|\n|poke|p2|Crabominable, L50, F|\n|poke|p2|Slowbro-Galar, L50, F|\n|poke|p2|Sinistcha, L50|\n|poke|p2|Incineroar, L50, F|\n|poke|p2|Aurorus, L50, F|\n|poke|p2|Aerodactyl, L50, M|\n|teampreview|4\n|inactive|Battle timer is ON: inactive players will automatically lose when time's up. (requested by 4ffr2)\n|inactive|Hedgehogwarrior has 60 seconds left.\n|\n|t:|1776259411\n|teamsize|p1|4\n|teamsize|p2|4\n|start\n|switch|p1a: Farigiraf|Farigiraf, L50, F|100/100\n|switch|p1b: Venusaur|Venusaur, L50, F|100/100\n|switch|p2a: Slowbro|Slowbro-Galar, L50, F|100/100\n|switch|p2b: Crabominable|Crabominable, L50, F|100/100\n|turn|1\n|\n|t:|1776259424\n|move|p1b: Venusaur|Protect|p1b: Venusaur\n|-singleturn|p1b: Venusaur|Protect\n|move|p2b: Crabominable|Protect|p2b: Crabominable\n|-singleturn|p2b: Crabominable|Protect\n|move|p1a: Farigiraf|Trick Room|p1a: Farigiraf\n|-fieldstart|move: Trick Room|[of] p1a: Farigiraf\n|move|p2a: Slowbro|Trick Room|p2a: Slowbro\n|-fieldend|move: Trick Room\n|\n|upkeep\n|turn|2\n|\n|t:|1776259444\n|detailschange|p1b: Venusaur|Venusaur-Mega, L50, F\n|-mega|p1b: Venusaur|Venusaur|Venusaurite\n|detailschange|p2b: Crabominable|Crabominable-Mega, L50, F\n|-mega|p2b: Crabominable|Crabominable|Crabominite\n|move|p1a: Farigiraf|Helping Hand|p1b: Venusaur\n|-singleturn|p1b: Venusaur|Helping Hand|[of] p1a: Farigiraf\n|move|p1b: Venusaur|Giga Drain|p2b: Crabominable\n|-damage|p2b: Crabominable|45/100\n|move|p2b: Crabominable|Ice Punch|p1b: Venusaur\n|-supereffective|p1b: Venusaur|1\n|-damage|p1b: Venusaur|49/100\n|move|p2a: Slowbro|Psychic|p1b: Venusaur\n|-supereffective|p1b: Venusaur|1\n|-damage|p1b: Venusaur|0 fnt\n|faint|p1b: Venusaur\n|\n|upkeep\n|\n|t:|1776259460\n|switch|p1b: Kingambit|Kingambit, L50, F|100/100\n|turn|3\n|inactive|Hedgehogwarrior has 30 seconds left.\n|inactive|Hedgehogwarrior has 20 seconds left.\n|\n|t:|1776259498\n|switch|p2a: Aurorus|Aurorus, L50, F|100/100\n|-weather|Snowscape|[from] ability: Snow Warning|[of] p2a: Aurorus\n|move|p1b: Kingambit|Swords Dance|p1b: Kingambit\n|-boost|p1b: Kingambit|atk|2\n|move|p2b: Crabominable|Drain Punch|p1b: Kingambit\n|-supereffective|p1b: Kingambit|2\n|-damage|p1b: Kingambit|0 fnt\n|-heal|p2b: Crabominable|96/100|[from] drain|[of] p1b: Kingambit\n|faint|p1b: Kingambit\n|move|p1a: Farigiraf|Trick Room|p1a: Farigiraf\n|-fieldstart|move: Trick Room|[of] p1a: Farigiraf\n|\n|-weather|Snowscape|[upkeep]\n|upkeep\n|\n|t:|1776259511\n|switch|p1b: Clefable|Clefable, L50, F|100/100\n|turn|4\n|\n|t:|1776259523\n|move|p2b: Crabominable|Ice Punch|p1b: Clefable\n|-damage|p1b: Clefable|55/100\n|move|p2a: Aurorus|Aurora Veil|p2a: Aurorus\n|-sidestart|p2: Hedgehogwarrior|move: Aurora Veil\n|move|p1a: Farigiraf|Psychic|p2b: Crabominable\n|-supereffective|p2b: Crabominable|1\n|-damage|p2b: Crabominable|49/100\n|move|p1b: Clefable|Moonblast|p2b: Crabominable\n|-supereffective|p2b: Crabominable|1\n|-damage|p2b: Crabominable|15/100\n|\n|-weather|Snowscape|[upkeep]\n|upkeep\n|turn|5\n|-message|4ffr2 forfeited.\n|\n|win|Hedgehogwarrior\n|raw|4ffr2's rating: 1124 &rarr; <strong>1097</strong><br />(-27 for losing)\n|raw|Hedgehogwarrior's rating: 1094 &rarr; <strong>1122</strong><br />(+28 for winning)\n|l|\u26064ffr2\n|player|p1|\n",
  "uploadtime": 1776259539,
  "views": 23,
  "formatid": "gen9championsvgc2026regma",
  "rating": 1097,
  "private": 0,
  "password": null
}