{
  "id": "gen9championsvgc2026regma-2583121247",
  "format": "[Gen 9 Champions] VGC 2026 Reg M-A",
  "players": [
    "JarvisTypeGGEZ",
    "cheeseguy43"
  ],
  "log": "|j|\u2606JarvisTypeGGEZ\n|j|\u2606cheeseguy43\n|t:|1776144524\n|gametype|doubles\n|player|p1|JarvisTypeGGEZ|lucas|1058\n|player|p2|cheeseguy43|lass-gen4|1073\n|gen|9\n|tier|[Gen 9 Champions] VGC 2026 Reg M-A\n|rated|\n|rule|Species Clause: Limit one of each Pok\u00e9mon\n|rule|Item Clause: Limit 1 of each item\n|clearpoke\n|poke|p1|Pelipper, L50, M|\n|poke|p1|Incineroar, L50, M|\n|poke|p1|Garchomp, L50, M|\n|poke|p1|Archaludon, L50, M|\n|poke|p1|Basculegion, L50, M|\n|poke|p1|Meganium, L50, F|\n|poke|p2|Whimsicott, L50, F|\n|poke|p2|Greninja-*, L50, F|\n|poke|p2|Dragonite, L50, M|\n|poke|p2|Maushold, L50|\n|poke|p2|Hawlucha, L50, M|\n|poke|p2|Garchomp, L50, M|\n|teampreview|4\n|inactive|Battle timer is ON: inactive players will automatically lose when time's up. (requested by cheeseguy43)\n|inactive|JarvisTypeGGEZ has 60 seconds left.\n|\n|t:|1776144560\n|teamsize|p1|4\n|teamsize|p2|4\n|start\n|switch|p1a: Pelipper|Pelipper, L50, M|100/100\n|switch|p1b: Archaludon|Archaludon, L50, M|100/100\n|switch|p2a: Whimsicott|Whimsicott, L50, F|100/100\n|switch|p2b: Dragonite|Dragonite, L50, M|100/100\n|-weather|RainDance|[from] ability: Drizzle|[of] p1a: Pelipper\n|turn|1\n|inactive|JarvisTypeGGEZ has 30 seconds left.\n|\n|t:|1776144587\n|move|p2a: Whimsicott|Tailwind|p2a: Whimsicott\n|-sidestart|p2: cheeseguy43|move: Tailwind\n|move|p2b: Dragonite|Dragon Dance|p2b: Dragonite\n|-boost|p2b: Dragonite|atk|1\n|-boost|p2b: Dragonite|spe|1\n|move|p1b: Archaludon|Flash Cannon|p2a: Whimsicott\n|-supereffective|p2a: Whimsicott|1\n|-enditem|p2a: Whimsicott|Focus Sash\n|-damage|p2a: Whimsicott|1/100\n|move|p1a: Pelipper|Tailwind|p1a: Pelipper\n|-sidestart|p1: JarvisTypeGGEZ|move: Tailwind\n|\n|-weather|RainDance|[upkeep]\n|upkeep\n|turn|2\n|inactive|JarvisTypeGGEZ has 30 seconds left.\n|inactive|JarvisTypeGGEZ has 20 seconds left.\n|\n|t:|1776144624\n|move|p1b: Archaludon|Protect|p1b: Archaludon\n|-singleturn|p1b: Archaludon|Protect\n|move|p2a: Whimsicott|Encore|p1a: Pelipper\n|-start|p1a: Pelipper|Encore\n|move|p2b: Dragonite|Ice Spinner|p1b: Archaludon\n|-activate|p1b: Archaludon|move: Protect\n|move|p1a: Pelipper|Tailwind||[still]\n|-fail|p1a: Pelipper\n|\n|-weather|RainDance|[upkeep]\n|upkeep\n|turn|3\n|\n|t:|1776144644\n|switch|p1a: Incineroar|Incineroar, L50, M|100/100\n|-ability|p1a: Incineroar|Intimidate|boost\n|-unboost|p2a: Whimsicott|atk|1\n|-fail|p2b: Dragonite|unboost|Attack|[from] ability: Inner Focus|[of] p2b: Dragonite\n|move|p2a: Whimsicott|Helping Hand|p2b: Dragonite\n|-singleturn|p2b: Dragonite|Helping Hand|[of] p2a: Whimsicott\n|move|p2b: Dragonite|Ice Spinner|p1b: Archaludon\n|-damage|p1b: Archaludon|45/100\n|-ability|p1b: Archaludon|Stamina|boost\n|-boost|p1b: Archaludon|def|1\n|move|p1b: Archaludon|Flash Cannon|p2a: Whimsicott\n|-supereffective|p2a: Whimsicott|1\n|-damage|p2a: Whimsicott|0 fnt\n|faint|p2a: Whimsicott\n|\n|-weather|RainDance|[upkeep]\n|-heal|p1b: Archaludon|51/100|[from] item: Leftovers\n|upkeep\n|\n|t:|1776144660\n|switch|p2a: Garchomp|Garchomp, L50, M|100/100\n|turn|4\n|\n|t:|1776144676\n|move|p1a: Incineroar|Fake Out|p2b: Dragonite\n|-damage|p2b: Dragonite|89/100\n|move|p2a: Garchomp|Earthquake|p1a: Incineroar|[spread] p1a,p1b\n|-immune|p2b: Dragonite\n|-supereffective|p1a: Incineroar|1\n|-supereffective|p1b: Archaludon|1\n|-damage|p1a: Incineroar|40/100\n|-damage|p1b: Archaludon|8/100\n|-ability|p1b: Archaludon|Stamina|boost\n|-boost|p1b: Archaludon|def|1\n|-enditem|p1a: Incineroar|Sitrus Berry|[eat]\n|-heal|p1a: Incineroar|65/100|[from] item: Sitrus Berry\n|move|p2b: Dragonite|Stone Edge|p1b: Archaludon\n|-resisted|p1b: Archaludon|1\n|-damage|p1b: Archaludon|0 fnt\n|faint|p1b: Archaludon\n|\n|-weather|RainDance|[upkeep]\n|-sideend|p1: JarvisTypeGGEZ|move: Tailwind\n|-sideend|p2: cheeseguy43|move: Tailwind\n|upkeep\n|\n|t:|1776144694\n|switch|p1b: Meganium|Meganium, L50, F|100/100\n|turn|5\n|\n|t:|1776144701\n|switch|p2a: Ranno|Greninja, L50, F|100/100\n|detailschange|p1b: Meganium|Meganium-Mega, L50, F\n|-mega|p1b: Meganium|Meganium|Meganiumite\n|move|p1a: Incineroar|Helping Hand|p1b: Meganium\n|-singleturn|p1b: Meganium|Helping Hand|[of] p1a: Incineroar\n|move|p2b: Dragonite|Iron Head|p1b: Meganium\n|-supereffective|p1b: Meganium|1\n|-damage|p1b: Meganium|15/100\n|move|p1b: Meganium|Dazzling Gleam|p2a: Ranno|[spread] p2a,p2b\n|-supereffective|p2a: Ranno|1\n|-supereffective|p2b: Dragonite|1\n|-damage|p2a: Ranno|0 fnt\n|-damage|p2b: Dragonite|0 fnt\n|faint|p2a: Ranno\n|faint|p2b: Dragonite\n|\n|-weather|none\n|upkeep\n|\n|t:|1776144714\n|switch|p2b: Garchomp|Garchomp, L50, M|100/100\n|turn|6\n|\n|t:|1776144732\n|switch|p1b: Pelipper|Pelipper, L50, M|100/100\n|-weather|RainDance|[from] ability: Drizzle|[of] p1b: Pelipper\n|move|p2b: Garchomp|Rock Slide|p1a: Incineroar|[spread] p1b\n|-miss|p2b: Garchomp|p1a: Incineroar\n|-supereffective|p1b: Pelipper|1\n|-damage|p1b: Pelipper|46/100\n|move|p1a: Incineroar|Parting Shot|p2b: Garchomp\n|-unboost|p2b: Garchomp|atk|1\n|-unboost|p2b: Garchomp|spa|1\n|\n|t:|1776144742\n|switch|p1a: Meganium|Meganium-Mega, L50, F|15/100|[from] Parting Shot\n|\n|-weather|RainDance|[upkeep]\n|upkeep\n|turn|7\n|\n|t:|1776144763\n|move|p2b: Garchomp|Rock Slide|p1a: Meganium|[spread] p1a,p1b\n|-supereffective|p1b: Pelipper|1\n|-damage|p1a: Meganium|4/100\n|-damage|p1b: Pelipper|10/100\n|move|p1b: Pelipper|Hurricane|p2b: Garchomp\n|-damage|p2b: Garchomp|41/100\n|-start|p2b: Garchomp|confusion\n|move|p1a: Meganium|Dazzling Gleam|p2b: Garchomp\n|-supereffective|p2b: Garchomp|1\n|-damage|p2b: Garchomp|0 fnt\n|faint|p2b: Garchomp\n|\n|win|JarvisTypeGGEZ\n|raw|JarvisTypeGGEZ's rating: 1058 &rarr; <strong>1091</strong><br />(+33 for winning)\n|raw|cheeseguy43's rating: 1073 &rarr; <strong>1051</strong><br />(-22 for losing)\n",
  "uploadtime": 1776144767,
  "views": 16,
  "formatid": "gen9championsvgc2026regma",
  "rating": 1051,
  "private": 0,
  "password": null
}