{
  "id": "gen9championsvgc2026regma-2584341182",
  "format": "[Gen 9 Champions] VGC 2026 Reg M-A",
  "players": [
    "aguenic",
    "saulogali"
  ],
  "log": "|j|\u2606aguenic\n|j|\u2606saulogali\n|t:|1776253014\n|gametype|doubles\n|player|p1|aguenic|2|1065\n|player|p2|saulogali|1|1044\n|gen|9\n|tier|[Gen 9 Champions] VGC 2026 Reg M-A\n|rated|\n|rule|Species Clause: Limit one of each Pok\u00e9mon\n|rule|Item Clause: Limit 1 of each item\n|clearpoke\n|poke|p1|Skarmory, L50, M|\n|poke|p1|Hydreigon, L50, M|\n|poke|p1|Sinistcha, L50|\n|poke|p1|Garchomp, L50, F|\n|poke|p1|Incineroar, L50, M|\n|poke|p1|Rotom-Wash, L50|\n|poke|p2|Aerodactyl, L50, F|\n|poke|p2|Incineroar, L50, F|\n|poke|p2|Floette-Eternal, L50, F|\n|poke|p2|Basculegion, L50, M|\n|poke|p2|Garchomp, L50, M|\n|poke|p2|Sneasler, L50, F|\n|teampreview|4\n|\n|t:|1776253048\n|teamsize|p1|4\n|teamsize|p2|4\n|start\n|switch|p1a: Skarmory|Skarmory, L50, M, shiny|100/100\n|switch|p1b: Incineroar|Incineroar, L50, M|100/100\n|switch|p2a: Aerodactyl|Aerodactyl, L50, F|100/100\n|switch|p2b: Incineroar|Incineroar, L50, F|100/100\n|-ability|p2a: Aerodactyl|Unnerve\n|-ability|p2b: Incineroar|Intimidate|boost\n|-unboost|p1a: Skarmory|atk|1\n|-unboost|p1b: Incineroar|atk|1\n|-ability|p1b: Incineroar|Intimidate|boost\n|-unboost|p2a: Aerodactyl|atk|1\n|-unboost|p2b: Incineroar|atk|1\n|turn|1\n|\n|t:|1776253074\n|detailschange|p1a: Skarmory|Skarmory-Mega, L50, M, shiny\n|-mega|p1a: Skarmory|Skarmory|Skarmorite\n|move|p1b: Incineroar|Fake Out|p2a: Aerodactyl\n|-resisted|p2a: Aerodactyl|1\n|-damage|p2a: Aerodactyl|95/100\n|cant|p2a: Aerodactyl|flinch\n|move|p1a: Skarmory|Swords Dance|p1a: Skarmory\n|-boost|p1a: Skarmory|atk|2\n|move|p2b: Incineroar|Bulk Up|p2b: Incineroar\n|-boost|p2b: Incineroar|atk|1\n|-boost|p2b: Incineroar|def|1\n|\n|upkeep\n|turn|2\n|\n|t:|1776253093\n|move|p2a: Aerodactyl|Tailwind|p2a: Aerodactyl\n|-sidestart|p2: saulogali|move: Tailwind\n|move|p2b: Incineroar|Bulk Up|p2b: Incineroar\n|-boost|p2b: Incineroar|atk|1\n|-boost|p2b: Incineroar|def|1\n|move|p1a: Skarmory|Iron Head|p2a: Aerodactyl\n|-supereffective|p2a: Aerodactyl|1\n|-damage|p2a: Aerodactyl|0 fnt\n|faint|p2a: Aerodactyl\n|move|p1b: Incineroar|Parting Shot|p2b: Incineroar\n|-unboost|p2b: Incineroar|atk|1\n|-unboost|p2b: Incineroar|spa|1\n|\n|t:|1776253106\n|switch|p1b: Hydreigon|Hydreigon, L50, M|100/100|[from] Parting Shot\n|\n|upkeep\n|\n|t:|1776253110\n|switch|p2a: Floette|Floette-Eternal, L50, F|100/100\n|turn|3\n|\n|t:|1776253124\n|detailschange|p2a: Floette|Floette-Mega, L50, F\n|-mega|p2a: Floette|Floette|Floettite\n|-ability|p2a: Floette|Fairy Aura\n|move|p1a: Skarmory|Protect|p1a: Skarmory\n|-singleturn|p1a: Skarmory|Protect\n|move|p2a: Floette|Dazzling Gleam|p1a: Skarmory|[spread] p1b\n|-activate|p1a: Skarmory|move: Protect\n|-supereffective|p1b: Hydreigon|2\n|-enditem|p1b: Hydreigon|Focus Sash\n|-damage|p1b: Hydreigon|1/100\n|move|p2b: Incineroar|Flare Blitz|p1a: Skarmory\n|-activate|p1a: Skarmory|move: Protect\n|move|p1b: Hydreigon|Thunder Wave|p2a: Floette\n|-status|p2a: Floette|par\n|\n|upkeep\n|turn|4\n|\n|t:|1776253157\n|switch|p1a: Garchomp|Garchomp, L50, F|100/100\n|move|p2b: Incineroar|Bulk Up|p2b: Incineroar\n|-boost|p2b: Incineroar|atk|1\n|-boost|p2b: Incineroar|def|1\n|move|p1b: Hydreigon|Tailwind|p1b: Hydreigon\n|-sidestart|p1: aguenic|move: Tailwind\n|move|p2a: Floette|Dazzling Gleam|p1b: Hydreigon|[spread] p1a,p1b\n|-supereffective|p1a: Garchomp|1\n|-supereffective|p1b: Hydreigon|2\n|-damage|p1a: Garchomp|0 fnt\n|-damage|p1b: Hydreigon|0 fnt\n|faint|p1a: Garchomp\n|faint|p1b: Hydreigon\n|\n|upkeep\n|\n|t:|1776253169\n|switch|p1a: Skarmory|Skarmory-Mega, L50, M, shiny|100/100\n|switch|p1b: Incineroar|Incineroar, L50, M|100/100\n|-ability|p1b: Incineroar|Intimidate|boost\n|-unboost|p2a: Floette|atk|1\n|-unboost|p2b: Incineroar|atk|1\n|turn|5\n|\n|t:|1776253178\n|move|p1b: Incineroar|Fake Out|p2b: Incineroar\n|-damage|p2b: Incineroar|95/100\n|move|p1a: Skarmory|Iron Head|p2a: Floette\n|-supereffective|p2a: Floette|1\n|-damage|p2a: Floette|0 fnt\n|faint|p2a: Floette\n|cant|p2b: Incineroar|flinch\n|\n|-sideend|p2: saulogali|move: Tailwind\n|upkeep\n|\n|t:|1776253181\n|switch|p2a: Garchomp|Garchomp, L50, M|100/100\n|turn|6\n|\n|t:|1776253205\n|move|p1a: Skarmory|Protect|p1a: Skarmory\n|-singleturn|p1a: Skarmory|Protect\n|move|p2a: Garchomp|Earthquake|p1a: Skarmory|[spread] p2b,p1b\n|-activate|p1a: Skarmory|move: Protect\n|-supereffective|p2b: Incineroar|1\n|-supereffective|p1b: Incineroar|1\n|-damage|p2b: Incineroar|57/100\n|-damage|p1b: Incineroar|31/100\n|-enditem|p1b: Incineroar|Sitrus Berry|[eat]\n|-heal|p1b: Incineroar|56/100|[from] item: Sitrus Berry\n|move|p1b: Incineroar|Parting Shot|p2b: Incineroar\n|-unboost|p2b: Incineroar|atk|1\n|-unboost|p2b: Incineroar|spa|1\n|move|p2b: Incineroar|Flare Blitz|p1a: Skarmory\n|-activate|p1a: Skarmory|move: Protect\n|\n|upkeep\n|turn|7\n|\n|t:|1776253231\n|move|p1a: Skarmory|Dual Wingbeat|p2b: Incineroar\n|-damage|p2b: Incineroar|46/100\n|-damage|p2b: Incineroar|36/100\n|-hitcount|p2b: Incineroar|2\n|move|p2a: Garchomp|Rock Slide|p1a: Skarmory|[spread] p1a,p1b\n|-supereffective|p1b: Incineroar|1\n|-damage|p1a: Skarmory|78/100\n|-damage|p1b: Incineroar|18/100\n|move|p1b: Incineroar|Parting Shot|p2a: Garchomp\n|-unboost|p2a: Garchomp|atk|1\n|-unboost|p2a: Garchomp|spa|1\n|move|p2b: Incineroar|Flare Blitz|p1a: Skarmory\n|-supereffective|p1a: Skarmory|1\n|-damage|p1a: Skarmory|0 fnt\n|faint|p1a: Skarmory\n|-damage|p2b: Incineroar|15/100|[from] Recoil\n|\n|-sideend|p1: aguenic|move: Tailwind\n|upkeep\n|turn|8\n|\n|t:|1776253249\n|move|p2a: Garchomp|Dragon Claw|p1b: Incineroar\n|-damage|p1b: Incineroar|0 fnt\n|faint|p1b: Incineroar\n|\n|win|saulogali\n|raw|aguenic's rating: 1065 &rarr; <strong>1044</strong><br />(-21 for losing)\n|raw|saulogali's rating: 1044 &rarr; <strong>1079</strong><br />(+35 for winning)\n|l|\u2606aguenic\n|player|p1|\n",
  "uploadtime": 1776253253,
  "views": 25,
  "formatid": "gen9championsvgc2026regma",
  "rating": 1044,
  "private": 0,
  "password": null
}