{
  "id": "gen9championsvgc2026regma-2586653808",
  "format": "[Gen 9 Champions] VGC 2026 Reg M-A",
  "players": [
    "goldennorc",
    "Chesnuaghtmeister"
  ],
  "log": "|j|\u2606goldennorc\n|j|\u2606Chesnuaghtmeister\n|t:|1776449669\n|gametype|doubles\n|player|p1|goldennorc|2|1272\n|player|p2|Chesnuaghtmeister|alder|1274\n|gen|9\n|tier|[Gen 9 Champions] VGC 2026 Reg M-A\n|rated|\n|rule|Species Clause: Limit one of each Pok\u00e9mon\n|rule|Item Clause: Limit 1 of each item\n|clearpoke\n|poke|p1|Aggron, L50, F|\n|poke|p1|Ninetales-Alola, L50, M|\n|poke|p1|Espathra, L50, F|\n|poke|p1|Sinistcha, L50|\n|poke|p1|Quaquaval, L50, M|\n|poke|p1|Rotom-Heat, L50|\n|poke|p2|Chesnaught, L50, M|\n|poke|p2|Archaludon, L50, M|\n|poke|p2|Pelipper, L50, M|\n|poke|p2|Sneasler, L50, M|\n|poke|p2|Sinistcha, L50|\n|poke|p2|Greninja-*, L50, M|\n|teampreview|4\n|inactive|Battle timer is ON: inactive players will automatically lose when time's up. (requested by goldennorc)\n|\n|t:|1776449710\n|teamsize|p1|4\n|teamsize|p2|4\n|start\n|switch|p1a: THE WALL|Aggron, L50, F|100/100\n|switch|p1b: Espathra|Espathra, L50, F|100/100\n|switch|p2a: Superfly|Archaludon, L50, M, shiny|100/100\n|switch|p2b: California Soul|Sinistcha, L50|100/100\n|turn|1\n|\n|t:|1776449733\n|switch|p1b: Ninetales|Ninetales-Alola, L50, M|100/100\n|-weather|Snowscape|[from] ability: Snow Warning|[of] p1b: Ninetales\n|move|p2a: Superfly|Aura Sphere|p1a: THE WALL\n|-supereffective|p1a: THE WALL|2\n|-damage|p1a: THE WALL|0 fnt\n|faint|p1a: THE WALL\n|move|p2b: California Soul|Trick Room|p2b: California Soul\n|-fieldstart|move: Trick Room|[of] p2b: California Soul\n|\n|-weather|Snowscape|[upkeep]\n|upkeep\n|\n|t:|1776449748\n|switch|p1a: Sinistcha|Sinistcha, L50|100/100\n|turn|2\n|c|\u2606goldennorc|how\n|\n|t:|1776449771\n|move|p2b: California Soul|Matcha Gotcha|p1b: Ninetales|[spread] p1a,p1b\n|-resisted|p1a: Sinistcha|1\n|-damage|p1a: Sinistcha|90/100\n|-damage|p1b: Ninetales|73/100\n|-status|p1b: Ninetales|brn\n|move|p2a: Superfly|Flash Cannon|p1b: Ninetales\n|-supereffective|p1b: Ninetales|2\n|-damage|p1b: Ninetales|0 fnt\n|faint|p1b: Ninetales\n|move|p1a: Sinistcha|Trick Room|p1a: Sinistcha\n|-fieldend|move: Trick Room\n|\n|-weather|Snowscape|[upkeep]\n|upkeep\n|\n|t:|1776449781\n|switch|p1b: Espathra|Espathra, L50, F|100/100\n|turn|3\n|\n|t:|1776449791\n|switch|p2b: Beleza Pula|Pelipper, L50, M|100/100\n|-weather|RainDance|[from] ability: Drizzle|[of] p2b: Beleza Pula\n|move|p1a: Sinistcha|Rage Powder|p1a: Sinistcha\n|-singleturn|p1a: Sinistcha|move: Rage Powder\n|move|p1b: Espathra|Calm Mind|p1b: Espathra\n|-boost|p1b: Espathra|spa|1\n|-boost|p1b: Espathra|spd|1\n|move|p2a: Superfly|Electro Shot||[still]\n|-prepare|p2a: Superfly|Electro Shot\n|-boost|p2a: Superfly|spa|1\n|-anim|p2a: Superfly|Electro Shot|p1a: Sinistcha\n|-resisted|p1a: Sinistcha|1\n|-damage|p1a: Sinistcha|61/100\n|\n|-weather|RainDance|[upkeep]\n|-ability|p1b: Espathra|Speed Boost|boost\n|-boost|p1b: Espathra|spe|1\n|upkeep\n|turn|4\n|\n|t:|1776449802\n|move|p1a: Sinistcha|Rage Powder|p1a: Sinistcha\n|-singleturn|p1a: Sinistcha|move: Rage Powder\n|move|p1b: Espathra|Calm Mind|p1b: Espathra\n|-boost|p1b: Espathra|spa|1\n|-boost|p1b: Espathra|spd|1\n|move|p2b: Beleza Pula|Hurricane|p1a: Sinistcha\n|-supereffective|p1a: Sinistcha|1\n|-crit|p1a: Sinistcha\n|-damage|p1a: Sinistcha|0 fnt\n|faint|p1a: Sinistcha\n|move|p2a: Superfly|Electro Shot||[still]\n|-prepare|p2a: Superfly|Electro Shot\n|-boost|p2a: Superfly|spa|1\n|-anim|p2a: Superfly|Electro Shot|p1b: Espathra\n|-damage|p1b: Espathra|43/100\n|-enditem|p1b: Espathra|Sitrus Berry|[eat]\n|-heal|p1b: Espathra|68/100|[from] item: Sitrus Berry\n|\n|-weather|RainDance|[upkeep]\n|-ability|p1b: Espathra|Speed Boost|boost\n|-boost|p1b: Espathra|spe|1\n|upkeep\n|turn|5\n|\n|t:|1776449823\n|move|p1b: Espathra|Stored Power|p2b: Beleza Pula\n|-enditem|p2b: Beleza Pula|Focus Sash\n|-damage|p2b: Beleza Pula|1/100\n|move|p2b: Beleza Pula|Weather Ball|p1b: Espathra\n|-damage|p1b: Espathra|26/100\n|move|p2a: Superfly|Electro Shot||[still]\n|-prepare|p2a: Superfly|Electro Shot\n|-boost|p2a: Superfly|spa|1\n|-anim|p2a: Superfly|Electro Shot|p1b: Espathra\n|-damage|p1b: Espathra|0 fnt\n|faint|p1b: Espathra\n|\n|win|Chesnuaghtmeister\n|raw|goldennorc's rating: 1272 &rarr; <strong>1247</strong><br />(-25 for losing)\n|raw|Chesnuaghtmeister's rating: 1274 &rarr; <strong>1299</strong><br />(+25 for winning)\n",
  "uploadtime": 1776449847,
  "views": 66,
  "formatid": "gen9championsvgc2026regma",
  "rating": 1247,
  "private": 0,
  "password": null
}