{
  "id": "gen9championsvgc2026regma-2588700893",
  "format": "[Gen 9 Champions] VGC 2026 Reg M-A",
  "players": [
    "roykeenkennedy",
    "zeimei"
  ],
  "log": "|j|\u2606roykeenkennedy\n|j|\u2606zeimei\n|t:|1776659366\n|gametype|doubles\n|player|p1|roykeenkennedy|266|1546\n|player|p2|zeimei|170|1549\n|gen|9\n|tier|[Gen 9 Champions] VGC 2026 Reg M-A\n|rated|\n|rule|Species Clause: Limit one of each Pok\u00e9mon\n|rule|Item Clause: Limit 1 of each item\n|clearpoke\n|poke|p1|Sableye, L50, M|\n|poke|p1|Sinistcha, L50|\n|poke|p1|Archaludon, L50, F|\n|poke|p1|Basculegion, L50, M|\n|poke|p1|Aerodactyl, L50, F|\n|poke|p1|Incineroar, L50, F|\n|poke|p2|Incineroar, L50, F|\n|poke|p2|Rotom-Wash, L50|\n|poke|p2|Sneasler, L50, M|\n|poke|p2|Drampa, L50, F|\n|poke|p2|Kingambit, L50, F|\n|poke|p2|Sinistcha, L50|\n|teampreview|4\n|\n|t:|1776659392\n|teamsize|p1|4\n|teamsize|p2|4\n|start\n|switch|p1a: Sableye|Sableye, L50, M|100/100\n|switch|p1b: Archaludon|Archaludon, L50, F|100/100\n|switch|p2a: Kingambit|Kingambit, L50, F|100/100\n|switch|p2b: Drampa|Drampa, L50, F|100/100\n|-ability|p2b: Drampa|Cloud Nine\n|turn|1\n|j| TR34SUR3\n|\n|t:|1776659411\n|detailschange|p2b: Drampa|Drampa-Mega, L50, F\n|-mega|p2b: Drampa|Drampa|Drampanite\n|move|p1a: Sableye|Light Screen|p1a: Sableye\n|-sidestart|p1: roykeenkennedy|move: Light Screen\n|move|p1b: Archaludon|Dragon Pulse|p2b: Drampa\n|-supereffective|p2b: Drampa|1\n|-damage|p2b: Drampa|26/100\n|-ability|p2b: Drampa|Berserk|boost\n|-boost|p2b: Drampa|spa|1\n|move|p2a: Kingambit|Kowtow Cleave|p1b: Archaludon\n|-damage|p1b: Archaludon|63/100\n|-ability|p1b: Archaludon|Stamina|boost\n|-boost|p1b: Archaludon|def|1\n|move|p2b: Drampa|Dragon Pulse|p1b: Archaludon\n|-damage|p1b: Archaludon|10/100\n|-ability|p1b: Archaludon|Stamina|boost\n|-boost|p1b: Archaludon|def|1\n|-enditem|p1b: Archaludon|Sitrus Berry|[eat]\n|-heal|p1b: Archaludon|35/100|[from] item: Sitrus Berry\n|\n|upkeep\n|turn|2\n|inactive|Battle timer is ON: inactive players will automatically lose when time's up. (requested by zeimei)\n|\n|t:|1776659448\n|switch|p2a: Sinistcha|Sinistcha, L50|100/100\n|-heal|p2b: Drampa|51/100|[from] ability: Hospitality|[of] p2a: Sinistcha\n|move|p2b: Drampa|Protect|p2b: Drampa\n|-singleturn|p2b: Drampa|Protect\n|move|p1a: Sableye|Rain Dance|p1a: Sableye\n|-weather|RainDance\n|move|p1b: Archaludon|Electro Shot||[still]\n|-prepare|p1b: Archaludon|Electro Shot\n|-boost|p1b: Archaludon|spa|1\n|-anim|p1b: Archaludon|Electro Shot|p2b: Drampa\n|-activate|p2b: Drampa|move: Protect\n|\n|-weather|RainDance|[upkeep]\n|upkeep\n|turn|3\n|inactive|zeimei has 30 seconds left.\n|\n|t:|1776659474\n|switch|p1a: Sinistcha|Sinistcha, L50|100/100\n|-heal|p1b: Archaludon|60/100|[from] ability: Hospitality|[of] p1a: Sinistcha\n|move|p2a: Sinistcha|Rage Powder|p2a: Sinistcha\n|-singleturn|p2a: Sinistcha|move: Rage Powder\n|move|p1b: Archaludon|Snarl|p2b: Drampa|[spread] p2a,p2b\n|-supereffective|p2a: Sinistcha|1\n|-damage|p2a: Sinistcha|59/100\n|-damage|p2b: Drampa|33/100\n|-unboost|p2a: Sinistcha|spa|1\n|-unboost|p2b: Drampa|spa|1\n|-ability|p2b: Drampa|Berserk|boost\n|-boost|p2b: Drampa|spa|1\n|move|p2b: Drampa|Dragon Pulse|p1b: Archaludon\n|-damage|p1b: Archaludon|5/100\n|-ability|p1b: Archaludon|Stamina|boost\n|-boost|p1b: Archaludon|def|1\n|\n|-weather|RainDance|[upkeep]\n|upkeep\n|turn|4\n|\n|t:|1776659496\n|move|p2b: Drampa|Protect|p2b: Drampa\n|-singleturn|p2b: Drampa|Protect\n|move|p1b: Archaludon|Snarl|p2a: Sinistcha|[spread] p2a\n|-activate|p2b: Drampa|move: Protect\n|-supereffective|p2a: Sinistcha|1\n|-damage|p2a: Sinistcha|16/100\n|-unboost|p2a: Sinistcha|spa|1\n|move|p1a: Sinistcha|Matcha Gotcha|p2b: Drampa|[spread] p2a\n|-activate|p2b: Drampa|move: Protect\n|-resisted|p2a: Sinistcha|1\n|-damage|p2a: Sinistcha|3/100\n|move|p2a: Sinistcha|Trick Room|p2a: Sinistcha\n|-fieldstart|move: Trick Room|[of] p2a: Sinistcha\n|\n|-weather|RainDance|[upkeep]\n|upkeep\n|turn|5\n|inactive|roykeenkennedy has 30 seconds left.\n|\n|t:|1776659525\n|switch|p1b: Sableye|Sableye, L50, M|100/100\n|move|p2b: Drampa|Hyper Voice|p1b: Sableye|[spread] \n|-immune|p1a: Sinistcha\n|-immune|p1b: Sableye\n|move|p2a: Sinistcha|Life Dew|p2a: Sinistcha|[spread] p2a,p2b\n|-heal|p2a: Sinistcha|28/100\n|-heal|p2b: Drampa|58/100\n|move|p1a: Sinistcha|Trick Room|p1a: Sinistcha\n|-fieldend|move: Trick Room\n|\n|-weather|RainDance|[upkeep]\n|-sideend|p1: roykeenkennedy|move: Light Screen\n|upkeep\n|turn|6\n|\n|t:|1776659546\n|move|p1b: Sableye|Light Screen|p1b: Sableye\n|-sidestart|p1: roykeenkennedy|move: Light Screen\n|move|p1a: Sinistcha|Shadow Ball|p2a: Sinistcha\n|-supereffective|p2a: Sinistcha|1\n|-damage|p2a: Sinistcha|0 fnt\n|faint|p2a: Sinistcha\n|move|p2b: Drampa|Dragon Pulse|p1b: Sableye\n|-damage|p1b: Sableye|36/100\n|\n|-weather|none\n|upkeep\n|\n|t:|1776659556\n|switch|p2a: Kingambit|Kingambit, L50, F|100/100\n|turn|7\n|\n|t:|1776659563\n|switch|p1a: Basculegion|Basculegion, L50, M|100/100\n|move|p1b: Sableye|Rain Dance|p1b: Sableye\n|-weather|RainDance\n|move|p2a: Kingambit|Kowtow Cleave|p1a: Basculegion\n|-supereffective|p1a: Basculegion|1\n|-damage|p1a: Basculegion|0 fnt\n|faint|p1a: Basculegion\n|move|p2b: Drampa|Dragon Pulse|p1b: Sableye\n|-damage|p1b: Sableye|0 fnt\n|faint|p1b: Sableye\n|\n|-weather|RainDance|[upkeep]\n|upkeep\n|\n|t:|1776659578\n|switch|p1a: Archaludon|Archaludon, L50, F|5/100\n|switch|p1b: Sinistcha|Sinistcha, L50|100/100\n|-heal|p1a: Archaludon|30/100|[from] ability: Hospitality|[of] p1b: Sinistcha\n|turn|8\n|\n|t:|1776659595\n|move|p2b: Drampa|Protect|p2b: Drampa\n|-singleturn|p2b: Drampa|Protect\n|move|p1a: Archaludon|Electro Shot||[still]\n|-prepare|p1a: Archaludon|Electro Shot\n|-boost|p1a: Archaludon|spa|1\n|-anim|p1a: Archaludon|Electro Shot|p2a: Kingambit\n|-damage|p2a: Kingambit|33/100\n|move|p1b: Sinistcha|Matcha Gotcha|p2b: Drampa|[spread] p2a\n|-activate|p2b: Drampa|move: Protect\n|-resisted|p2a: Kingambit|1\n|-damage|p2a: Kingambit|19/100\n|move|p2a: Kingambit|Kowtow Cleave|p1b: Sinistcha\n|-supereffective|p1b: Sinistcha|1\n|-damage|p1b: Sinistcha|3/100\n|\n|-weather|RainDance|[upkeep]\n|-heal|p1b: Sinistcha|9/100|[from] item: Leftovers\n|upkeep\n|turn|9\n|inactive|roykeenkennedy has 30 seconds left.\n|\n|t:|1776659620\n|move|p1b: Sinistcha|Rage Powder|p1b: Sinistcha\n|-singleturn|p1b: Sinistcha|move: Rage Powder\n|move|p1a: Archaludon|Dragon Pulse|p2b: Drampa\n|-supereffective|p2b: Drampa|1\n|-damage|p2b: Drampa|0 fnt\n|faint|p2b: Drampa\n|move|p2a: Kingambit|Kowtow Cleave|p1b: Sinistcha\n|-supereffective|p1b: Sinistcha|1\n|-damage|p1b: Sinistcha|0 fnt\n|faint|p1b: Sinistcha\n|\n|-weather|RainDance|[upkeep]\n|upkeep\n|\n|t:|1776659633\n|switch|p2b: Incineroar|Incineroar, L50, F|100/100\n|-ability|p2b: Incineroar|Intimidate|boost\n|-unboost|p1a: Archaludon|atk|1\n|turn|10\n|\n|t:|1776659642\n|move|p2b: Incineroar|Fake Out|p1a: Archaludon\n|-resisted|p1a: Archaludon|1\n|-damage|p1a: Archaludon|27/100\n|-ability|p1a: Archaludon|Stamina|boost\n|-boost|p1a: Archaludon|def|1\n|cant|p1a: Archaludon|flinch\n|move|p2a: Kingambit|Kowtow Cleave|p1a: Archaludon\n|-damage|p1a: Archaludon|0 fnt\n|faint|p1a: Archaludon\n|\n|win|zeimei\n|raw|roykeenkennedy's rating: 1546 &rarr; <strong>1526</strong><br />(-20 for losing)\n|raw|zeimei's rating: 1549 &rarr; <strong>1569</strong><br />(+20 for winning)\n|l|\u2606roykeenkennedy\n|player|p1|\n|l|\u2606zeimei\n|player|p2|\n",
  "uploadtime": 1776659680,
  "views": 7,
  "formatid": "gen9championsvgc2026regma",
  "rating": 1526,
  "private": 0,
  "password": null
}