{
  "id": "gen9championsvgc2026regma-2585756915",
  "format": "[Gen 9 Champions] VGC 2026 Reg M-A",
  "players": [
    "yuriimon",
    "hjghngvfc"
  ],
  "log": "|j|\u2606yuriimon\n|j|\u2606hjghngvfc\n|t:|1776368464\n|gametype|doubles\n|player|p1|yuriimon|waitress-gen4|1144\n|player|p2|hjghngvfc|fisherman-gen4|1085\n|gen|9\n|tier|[Gen 9 Champions] VGC 2026 Reg M-A\n|rated|\n|rule|Species Clause: Limit one of each Pok\u00e9mon\n|rule|Item Clause: Limit 1 of each item\n|clearpoke\n|poke|p1|Glimmora, L50, F|\n|poke|p1|Incineroar, L50, M|\n|poke|p1|Politoed, L50, M|\n|poke|p1|Basculegion, L50, M|\n|poke|p1|Chesnaught, L50, F|\n|poke|p1|Dragapult, L50, F|\n|poke|p2|Dragonite, L50, M|\n|poke|p2|Whimsicott, L50, M|\n|poke|p2|Tinkaton, L50, F|\n|poke|p2|Armarouge, L50, M|\n|poke|p2|Farigiraf, L50, F|\n|poke|p2|Blastoise, L50, F|\n|teampreview|4\n|inactive|Battle timer is ON: inactive players will automatically lose when time's up. (requested by yuriimon)\n|inactive|yuriimon has 60 seconds left.\n|inactive|hjghngvfc has 60 seconds left.\n|\n|t:|1776368513\n|teamsize|p1|4\n|teamsize|p2|4\n|start\n|switch|p1a: Chesnaught|Chesnaught, L50, F|100/100\n|switch|p1b: Incineroar|Incineroar, L50, M|100/100\n|switch|p2a: Tinkaton|Tinkaton, L50, F|100/100\n|switch|p2b: Farigiraf|Farigiraf, L50, F|100/100\n|-ability|p1b: Incineroar|Intimidate|boost\n|-fail|p2a: Tinkaton|unboost|Attack|[from] ability: Own Tempo|[of] p2a: Tinkaton\n|-unboost|p2b: Farigiraf|atk|1\n|turn|1\n|\n|t:|1776368533\n|detailschange|p1a: Chesnaught|Chesnaught-Mega, L50, F\n|-mega|p1a: Chesnaught|Chesnaught|Chesnaughtite\n|move|p2a: Tinkaton|Fake Out|p1a: Chesnaught\n|-damage|p1a: Chesnaught|95/100\n|move|p1b: Incineroar|Flare Blitz|p2a: Tinkaton\n|-supereffective|p2a: Tinkaton|1\n|-damage|p2a: Tinkaton|0 fnt\n|faint|p2a: Tinkaton\n|-damage|p1b: Incineroar|74/100|[from] Recoil\n|move|p2b: Farigiraf|Calm Mind|p2b: Farigiraf\n|-boost|p2b: Farigiraf|spa|1\n|-boost|p2b: Farigiraf|spd|1\n|cant|p1a: Chesnaught|flinch\n|\n|upkeep\n|\n|t:|1776368541\n|switch|p2a: Whimsicott|Whimsicott, L50, M|100/100\n|turn|2\n|\n|t:|1776368562\n|switch|p1a: Politoed|Politoed, L50, M|100/100\n|-weather|RainDance|[from] ability: Drizzle|[of] p1a: Politoed\n|move|p2a: Whimsicott|Tailwind|p2a: Whimsicott\n|-sidestart|p2: hjghngvfc|move: Tailwind\n|move|p2b: Farigiraf|Baton Pass|p2b: Farigiraf\n|\n|t:|1776368568\n|switch|p2b: Dragonite|Dragonite, L50, M, shiny|100/100|[from] Baton Pass\n|move|p1b: Incineroar|Flare Blitz|p2a: Whimsicott\n|-supereffective|p2a: Whimsicott|1\n|-damage|p2a: Whimsicott|47/100\n|-damage|p1b: Incineroar|59/100|[from] Recoil\n|\n|-weather|RainDance|[upkeep]\n|upkeep\n|turn|3\n|\n|t:|1776368588\n|detailschange|p2b: Dragonite|Dragonite-Mega, L50, M, shiny\n|-mega|p2b: Dragonite|Dragonite|Dragoninite\n|move|p2a: Whimsicott|Fake Tears|p1a: Politoed\n|-unboost|p1a: Politoed|spd|2\n|move|p2b: Dragonite|Hurricane|p1a: Politoed\n|-damage|p1a: Politoed|0 fnt\n|faint|p1a: Politoed\n|move|p1b: Incineroar|Parting Shot|p2b: Dragonite\n|-unboost|p2b: Dragonite|atk|1\n|-unboost|p2b: Dragonite|spa|1\n|\n|t:|1776368598\n|switch|p1b: Dragapult|Dragapult, L50, F|100/100|[from] Parting Shot\n|\n|-weather|RainDance|[upkeep]\n|upkeep\n|\n|t:|1776368602\n|switch|p1a: Incineroar|Incineroar, L50, M|59/100\n|-ability|p1a: Incineroar|Intimidate|boost\n|-unboost|p2a: Whimsicott|atk|1\n|-unboost|p2b: Dragonite|atk|1\n|turn|4\n|inactive|yuriimon has 30 seconds left.\n|\n|t:|1776368630\n|move|p1a: Incineroar|Fake Out|p2b: Dragonite\n|-damage|p2b: Dragonite|96/100\n|move|p2a: Whimsicott|Moonblast|p1b: Dragapult\n|-supereffective|p1b: Dragapult|1\n|-damage|p1b: Dragapult|27/100\n|cant|p2b: Dragonite|flinch\n|move|p1b: Dragapult|Dragon Pulse|p2b: Dragonite\n|-supereffective|p2b: Dragonite|1\n|-damage|p2b: Dragonite|51/100\n|\n|-weather|RainDance|[upkeep]\n|upkeep\n|turn|5\n|inactive|yuriimon has 30 seconds left.\n|\n|t:|1776368662\n|move|p2a: Whimsicott|Fake Tears|p1a: Incineroar\n|-hint|Since gen 7, Dark is immune to Prankster moves.\n|-immune|p1a: Incineroar\n|move|p2b: Dragonite|Blizzard|p1a: Incineroar|[spread] \n|-miss|p2b: Dragonite|p1a: Incineroar\n|-miss|p2b: Dragonite|p1b: Dragapult\n|move|p1b: Dragapult|Hex|p2a: Whimsicott\n|-damage|p2a: Whimsicott|7/100\n|move|p1a: Incineroar|Parting Shot|p2b: Dragonite\n|-unboost|p2b: Dragonite|atk|1\n|-unboost|p2b: Dragonite|spa|1\n|\n|t:|1776368673\n|switch|p1a: Chesnaught|Chesnaught-Mega, L50, F|95/100|[from] Parting Shot\n|\n|-weather|RainDance|[upkeep]\n|-sideend|p2: hjghngvfc|move: Tailwind\n|upkeep\n|turn|6\n|-message|hjghngvfc forfeited.\n|\n|win|yuriimon\n|raw|yuriimon's rating: 1144 &rarr; <strong>1165</strong><br />(+21 for winning)\n|raw|hjghngvfc's rating: 1085 &rarr; <strong>1066</strong><br />(-19 for losing)\n|l|\u2606hjghngvfc\n|player|p2|\n",
  "uploadtime": 1776368680,
  "views": 15,
  "formatid": "gen9championsvgc2026regma",
  "rating": 1066,
  "private": 0,
  "password": null
}