{
  "id": "gen9championsvgc2026regma-2587834747",
  "format": "[Gen 9 Champions] VGC 2026 Reg M-A",
  "players": [
    "asubircomolaespuma",
    "Lockjaw"
  ],
  "log": "|j|\u203dasubircomolaespuma\n|j|\u2606Lockjaw\n|t:|1776568836\n|gametype|doubles\n|player|p1|asubircomolaespuma|102|1407\n|player|p2|Lockjaw|#puwciiibrazil|1475\n|gen|9\n|tier|[Gen 9 Champions] VGC 2026 Reg M-A\n|rated|\n|rule|Species Clause: Limit one of each Pok\u00e9mon\n|rule|Item Clause: Limit 1 of each item\n|clearpoke\n|poke|p1|Charizard, L50, F|\n|poke|p1|Rotom-Wash, L50|\n|poke|p1|Garchomp, L50, M|\n|poke|p1|Whimsicott, L50, M|\n|poke|p1|Aegislash, L50, M|\n|poke|p1|Sneasler, L50, F|\n|poke|p2|Meganium, L50, F|\n|poke|p2|Farigiraf, L50, F|\n|poke|p2|Incineroar, L50, M|\n|poke|p2|Basculegion, L50, M|\n|poke|p2|Kingambit, L50, F|\n|poke|p2|Aerodactyl, L50, M|\n|teampreview|4\n|j| thruxytwo\n|l| thruxytwo\n|\n|t:|1776568885\n|teamsize|p1|4\n|teamsize|p2|4\n|start\n|switch|p1a: Rotom|Rotom-Wash, L50|100/100\n|switch|p1b: Garchomp|Garchomp, L50, M|100/100\n|switch|p2a: Incineroar|Incineroar, L50, M|100/100\n|switch|p2b: Farigiraf|Farigiraf, L50, F|100/100\n|-ability|p2a: Incineroar|Intimidate|boost\n|-unboost|p1a: Rotom|atk|1\n|-unboost|p1b: Garchomp|atk|1\n|-enditem|p1b: Garchomp|White Herb\n|-clearnegativeboost|p1b: Garchomp|[silent]\n|turn|1\n|\n|t:|1776568894\n|move|p2a: Incineroar|Fake Out|p1b: Garchomp\n|-damage|p1b: Garchomp|90/100\n|-damage|p2a: Incineroar|88/100|[from] ability: Rough Skin|[of] p1b: Garchomp\n|cant|p1b: Garchomp|flinch\n|move|p1a: Rotom|Hydro Pump|p2a: Incineroar\n|-supereffective|p2a: Incineroar|1\n|-damage|p2a: Incineroar|5/100\n|move|p2b: Farigiraf|Trick Room|p2b: Farigiraf\n|-fieldstart|move: Trick Room|[of] p2b: Farigiraf\n|\n|upkeep\n|turn|2\n|\n|t:|1776568909\n|move|p2a: Incineroar|Will-O-Wisp|p1b: Garchomp|[miss]\n|-miss|p2a: Incineroar|p1b: Garchomp\n|move|p2b: Farigiraf|Psychic|p1a: Rotom\n|-damage|p1a: Rotom|53/100\n|move|p1a: Rotom|Thunderbolt|p2a: Incineroar\n|-damage|p2a: Incineroar|0 fnt\n|faint|p2a: Incineroar\n|move|p1b: Garchomp|Earthquake|p2b: Farigiraf|[spread] p2b\n|-immune|p1a: Rotom|[from] ability: Levitate\n|-damage|p2b: Farigiraf|60/100\n|\n|upkeep\n|\n|t:|1776568913\n|switch|p2a: Meganium|Meganium, L50, F|100/100\n|turn|3\n|\n|t:|1776568931\n|detailschange|p2a: Meganium|Meganium-Mega, L50, F\n|-mega|p2a: Meganium|Meganium|Meganiumite\n|move|p2b: Farigiraf|Helping Hand|p2a: Meganium\n|-singleturn|p2a: Meganium|Helping Hand|[of] p2b: Farigiraf\n|move|p1a: Rotom|Protect|p1a: Rotom\n|-singleturn|p1a: Rotom|Protect\n|move|p1b: Garchomp|Protect|p1b: Garchomp\n|-singleturn|p1b: Garchomp|Protect\n|move|p2a: Meganium|Dazzling Gleam|p1b: Garchomp|[spread] \n|-activate|p1a: Rotom|move: Protect\n|-activate|p1b: Garchomp|move: Protect\n|\n|upkeep\n|turn|4\n|\n|t:|1776568948\n|move|p2b: Farigiraf|Helping Hand|p2a: Meganium\n|-singleturn|p2a: Meganium|Helping Hand|[of] p2b: Farigiraf\n|move|p1a: Rotom|Thunderbolt|p2b: Farigiraf\n|-damage|p2b: Farigiraf|23/100\n|-enditem|p2b: Farigiraf|Sitrus Berry|[eat]\n|-heal|p2b: Farigiraf|48/100|[from] item: Sitrus Berry\n|move|p2a: Meganium|Dazzling Gleam|p1b: Garchomp|[spread] p1a,p1b\n|-supereffective|p1b: Garchomp|1\n|-crit|p1b: Garchomp\n|-damage|p1a: Rotom|1/100\n|-damage|p1b: Garchomp|0 fnt\n|-enditem|p1a: Rotom|Sitrus Berry|[eat]\n|-heal|p1a: Rotom|26/100|[from] item: Sitrus Berry\n|faint|p1b: Garchomp\n|\n|upkeep\n|\n|t:|1776568959\n|switch|p1b: Charizard|Charizard, L50, F|100/100\n|turn|5\n|\n|t:|1776568975\n|detailschange|p1b: Charizard|Charizard-Mega-Y, L50, F\n|-mega|p1b: Charizard|Charizard|Charizardite Y\n|-weather|SunnyDay|[from] ability: Drought|[of] p1b: Charizard\n|move|p2a: Meganium|Protect|p2a: Meganium\n|-singleturn|p2a: Meganium|Protect\n|move|p2b: Farigiraf|Hyper Voice|p1a: Rotom|[spread] p1a,p1b\n|-damage|p1a: Rotom|0 fnt\n|-damage|p1b: Charizard|70/100\n|faint|p1a: Rotom\n|move|p1b: Charizard|Heat Wave|p2b: Farigiraf|[spread] p2b\n|-activate|p2a: Meganium|move: Protect\n|-damage|p2b: Farigiraf|0 fnt\n|faint|p2b: Farigiraf\n|\n|-weather|SunnyDay|[upkeep]\n|-fieldend|move: Trick Room\n|upkeep\n|\n|t:|1776568987\n|switch|p1a: Sneasler|Sneasler, L50, F|100/100\n|switch|p2b: Basculegion|Basculegion, L50, M|100/100\n|turn|6\n|\n|t:|1776568996\n|move|p2a: Meganium|Protect||[still]\n|-fail|p2a: Meganium\n|move|p1a: Sneasler|Dire Claw|p2a: Meganium\n|-supereffective|p2a: Meganium|2\n|-damage|p2a: Meganium|0 fnt\n|faint|p2a: Meganium\n|move|p1b: Charizard|Solar Beam||[still]\n|-prepare|p1b: Charizard|Solar Beam\n|-anim|p1b: Charizard|Solar Beam|p2b: Basculegion\n|-supereffective|p2b: Basculegion|1\n|-damage|p2b: Basculegion|0 fnt\n|faint|p2b: Basculegion\n|\n|win|asubircomolaespuma\n|raw|asubircomolaespuma's rating: 1407 &rarr; <strong>1431</strong><br />(+24 for winning)\n|raw|Lockjaw's rating: 1475 &rarr; <strong>1451</strong><br />(-24 for losing)\n|l|\u2606Lockjaw\n|player|p2|\n",
  "uploadtime": 1776569060,
  "views": 13,
  "formatid": "gen9championsvgc2026regma",
  "rating": 1431,
  "private": 0,
  "password": null
}