{
  "id": "gen9championsvgc2026regma-2588072752",
  "format": "[Gen 9 Champions] VGC 2026 Reg M-A",
  "players": [
    "Neic",
    "1stTurnTerra"
  ],
  "log": "|j|\u2606Neic\n|j|\u26061stTurnTerra\n|t:|1776601046\n|gametype|doubles\n|player|p1|Neic|cress|1000\n|player|p2|1stTurnTerra|workerice|1098\n|gen|9\n|tier|[Gen 9 Champions] VGC 2026 Reg M-A\n|rated|\n|rule|Species Clause: Limit one of each Pok\u00e9mon\n|rule|Item Clause: Limit 1 of each item\n|clearpoke\n|poke|p1|Excadrill, L50, F, shiny|\n|poke|p1|Weavile, L50, F|\n|poke|p1|Milotic, L50, F|\n|poke|p1|Talonflame, L50, F|\n|poke|p1|Rotom-Mow, L50|\n|poke|p1|Hydreigon, L50, M|\n|poke|p2|Froslass, L50, F|\n|poke|p2|Greninja, L50, F|\n|poke|p2|Ninetales-Alola, L50, F|\n|poke|p2|Aegislash, L50, M|\n|poke|p2|Sneasler, L50, M|\n|poke|p2|Incineroar, L50, F|\n|teampreview|4\n|inactive|Battle timer is ON: inactive players will automatically lose when time's up. (requested by 1stTurnTerra)\n|\n|t:|1776601063\n|teamsize|p1|4\n|teamsize|p2|4\n|start\n|switch|p1a: Milotic|Milotic, L50, F|100/100\n|switch|p1b: Weavile|Weavile, L50, F|100/100\n|switch|p2a: Aegislash|Aegislash, L50, M|100/100\n|switch|p2b: Froslass|Froslass, L50, F|100/100\n|-ability|p1b: Weavile|Pressure\n|turn|1\n|inactive|Neic has 30 seconds left.\n|\n|t:|1776601089\n|detailschange|p2b: Froslass|Froslass-Mega, L50, F\n|-mega|p2b: Froslass|Froslass|Froslassite\n|-weather|Snowscape|[from] ability: Snow Warning|[of] p2b: Froslass\n|move|p1b: Weavile|Knock Off|p2a: Aegislash\n|-supereffective|p2a: Aegislash|1\n|-damage|p2a: Aegislash|24/100\n|-enditem|p2a: Aegislash|Occa Berry|[from] move: Knock Off|[of] p1b: Weavile\n|move|p2b: Froslass|Icy Wind|p1b: Weavile|[spread] p1a,p1b\n|-resisted|p1a: Milotic|1\n|-resisted|p1b: Weavile|1\n|-damage|p1a: Milotic|93/100\n|-damage|p1b: Weavile|86/100\n|-unboost|p1a: Milotic|spe|1\n|-ability|p1a: Milotic|Competitive|boost\n|-boost|p1a: Milotic|spa|2\n|-unboost|p1b: Weavile|spe|1\n|-formechange|p2a: Aegislash|Aegislash-Blade|\n|move|p2a: Aegislash|Iron Head|p1b: Weavile\n|-supereffective|p1b: Weavile|1\n|-damage|p1b: Weavile|0 fnt\n|faint|p1b: Weavile\n|move|p1a: Milotic|Scald|p2b: Froslass\n|-damage|p2b: Froslass|30/100\n|\n|-weather|Snowscape|[upkeep]\n|upkeep\n|inactive|Neic has 30 seconds left.\n|\n|t:|1776601115\n|switch|p1b: Simon|Excadrill, L50, F, shiny|100/100\n|-ability|p1b: Simon|Mold Breaker\n|turn|2\n|inactive|Neic has 30 seconds left.\n|\n|t:|1776601141\n|detailschange|p1b: Simon|Excadrill-Mega, L50, F, shiny\n|-mega|p1b: Simon|Excadrill|Excadrite\n|-formechange|p2a: Aegislash|Aegislash|\n|move|p2a: Aegislash|King's Shield|p2a: Aegislash\n|-singleturn|p2a: Aegislash|Protect\n|move|p1a: Milotic|Protect|p1a: Milotic\n|-singleturn|p1a: Milotic|Protect\n|move|p2b: Froslass|Shadow Ball|p1b: Simon\n|-damage|p1b: Simon|43/100\n|move|p1b: Simon|Rock Slide|p2b: Froslass|[spread] p2b\n|-activate|p2a: Aegislash|move: Protect\n|-supereffective|p2b: Froslass|1\n|-damage|p2b: Froslass|0 fnt\n|faint|p2b: Froslass\n|\n|-weather|Snowscape|[upkeep]\n|upkeep\n|\n|t:|1776601155\n|switch|p2b: Ninetales|Ninetales-Alola, L50, F|100/100\n|turn|3\n|\n|t:|1776601168\n|move|p2a: Aegislash|Wide Guard|p2a: Aegislash\n|-singleturn|p2a: Aegislash|Wide Guard\n|move|p1b: Simon|Rock Slide|p2a: Aegislash|[spread] \n|-activate|p2a: Aegislash|move: Wide Guard\n|-activate|p2b: Ninetales|move: Wide Guard\n|move|p2b: Ninetales|Aurora Veil|p2b: Ninetales\n|-sidestart|p2: 1stTurnTerra|move: Aurora Veil\n|move|p1a: Milotic|Scald|p2a: Aegislash\n|-damage|p2a: Aegislash|0 fnt\n|faint|p2a: Aegislash\n|\n|-weather|Snowscape|[upkeep]\n|upkeep\n|\n|t:|1776601179\n|switch|p2a: Sneasler|Sneasler, L50, M|100/100\n|turn|4\n|\n|t:|1776601194\n|switch|p1b: Rotom|Rotom-Mow, L50|100/100\n|move|p2b: Ninetales|Freeze-Dry|p1a: Milotic\n|-supereffective|p1a: Milotic|1\n|-damage|p1a: Milotic|51/100\n|move|p2a: Sneasler|Close Combat|p1b: Rotom\n|-damage|p1b: Rotom|6/100\n|-unboost|p2a: Sneasler|def|1\n|-unboost|p2a: Sneasler|spd|1\n|-enditem|p2a: Sneasler|White Herb\n|-clearnegativeboost|p2a: Sneasler|[silent]\n|move|p1a: Milotic|Scald|p2a: Sneasler\n|-damage|p2a: Sneasler|50/100\n|\n|-weather|Snowscape|[upkeep]\n|upkeep\n|turn|5\n|inactive|Neic has 30 seconds left.\n|inactive|1stTurnTerra has 30 seconds left.\n|inactive|Neic has 20 seconds left.\n|inactive|1stTurnTerra has 20 seconds left.\n|inactive|1stTurnTerra has 15 seconds left.\n|inactive|1stTurnTerra has 10 seconds left.\n|inactive|1stTurnTerra has 5 seconds left.\n|\n|t:|1776601255\n|move|p2a: Sneasler|Gunk Shot|p1a: Milotic|[miss]\n|-miss|p2a: Sneasler|p1a: Milotic\n|move|p1b: Rotom|Trick|p2b: Ninetales\n|-activate|p1b: Rotom|move: Trick|[of] p2b: Ninetales\n|-item|p2b: Ninetales|Choice Scarf|[from] move: Trick\n|-item|p1b: Rotom|Focus Sash|[from] move: Trick\n|move|p2b: Ninetales|Aurora Veil||[still]\n|-fail|p2b: Ninetales\n|move|p1a: Milotic|Scald|p2a: Sneasler\n|-damage|p2a: Sneasler|6/100\n|\n|-weather|none\n|upkeep\n|turn|6\n|inactive|Neic has 30 seconds left.\n|\n|t:|1776601282\n|move|p2a: Sneasler|Close Combat|p1b: Rotom\n|-damage|p1b: Rotom|0 fnt\n|-unboost|p2a: Sneasler|def|1\n|-unboost|p2a: Sneasler|spd|1\n|faint|p1b: Rotom\n|move|p2b: Ninetales|Aurora Veil||[still]\n|-fail|p2b: Ninetales\n|move|p1a: Milotic|Scald|p2a: Sneasler\n|-damage|p2a: Sneasler|0 fnt\n|faint|p2a: Sneasler\n|\n|upkeep\n|\n|t:|1776601293\n|switch|p1b: Simon|Excadrill-Mega, L50, F, shiny|43/100\n|turn|7\n|-message|1stTurnTerra forfeited.\n|\n|win|Neic\n|raw|Neic's rating: 1000 &rarr; <strong>1051</strong><br />(+51 for winning)\n|raw|1stTurnTerra's rating: 1098 &rarr; <strong>1067</strong><br />(-31 for losing)\n|l|\u26061stTurnTerra\n|player|p2|\n",
  "uploadtime": 1776601318,
  "views": 16,
  "formatid": "gen9championsvgc2026regma",
  "rating": 1051,
  "private": 0,
  "password": null
}