{
  "id": "gen9championsvgc2026regma-2587496154",
  "format": "[Gen 9 Champions] VGC 2026 Reg M-A",
  "players": [
    "Jluizbr",
    "Sammias"
  ],
  "log": "|j|\u2606Jluizbr\n|j|\u2606Sammias\n|t:|1776536737\n|gametype|doubles\n|player|p1|Jluizbr|gambler|1191\n|player|p2|Sammias|miku-ground|1222\n|gen|9\n|tier|[Gen 9 Champions] VGC 2026 Reg M-A\n|rated|\n|rule|Species Clause: Limit one of each Pok\u00e9mon\n|rule|Item Clause: Limit 1 of each item\n|clearpoke\n|poke|p1|Glimmora, L50, F|\n|poke|p1|Whimsicott, L50, M|\n|poke|p1|Pelipper, L50, F|\n|poke|p1|Archaludon, L50, M|\n|poke|p1|Basculegion, L50, M|\n|poke|p1|Sinistcha, L50|\n|poke|p2|Typhlosion-Hisui, L50, F|\n|poke|p2|Whimsicott, L50, M, shiny|\n|poke|p2|Floette-Eternal, L50, F|\n|poke|p2|Sinistcha, L50|\n|poke|p2|Aerodactyl, L50, F|\n|poke|p2|Garchomp, L50, F|\n|teampreview|4\n|inactive|Battle timer is ON: inactive players will automatically lose when time's up. (requested by Sammias)\n|inactive|Jluizbr has 60 seconds left.\n|inactive|Sammias has 60 seconds left.\nJluizbr has agreed to open team sheets.\n|\n|t:|1776536795\n|teamsize|p1|4\n|teamsize|p2|4\n|start\n|switch|p1a: Pelipper|Pelipper, L50, F|100/100\n|switch|p1b: Basculegion|Basculegion, L50, M|100/100\n|switch|p2a: Whimsicott|Whimsicott, L50, M, shiny|100/100\n|switch|p2b: Garchomp|Garchomp, L50, F|100/100\n|-weather|RainDance|[from] ability: Drizzle|[of] p1a: Pelipper\n|turn|1\n|\n|t:|1776536807\n|move|p1a: Pelipper|Wide Guard|p1a: Pelipper\n|-singleturn|p1a: Pelipper|Wide Guard\n|move|p2a: Whimsicott|Sunny Day|p2a: Whimsicott\n|-weather|SunnyDay\n|move|p2b: Garchomp|Rock Slide|p1a: Pelipper|[spread] \n|-activate|p1a: Pelipper|move: Wide Guard\n|-activate|p1b: Basculegion|move: Wide Guard\n|move|p1b: Basculegion|Substitute|p1b: Basculegion\n|-start|p1b: Basculegion|Substitute\n|-damage|p1b: Basculegion|76/100\n|\n|-weather|SunnyDay|[upkeep]\n|upkeep\n|turn|2\n|inactive|Jluizbr has 30 seconds left.\n|\n|t:|1776536836\n|switch|p2b: Aerodactyl|Aerodactyl, L50, F|100/100\n|-ability|p2b: Aerodactyl|Unnerve\n|move|p2a: Whimsicott|Encore|p1b: Basculegion\n|-start|p1b: Basculegion|Encore\n|move|p1b: Basculegion|Substitute|p1b: Basculegion\n|-fail|p1b: Basculegion|move: Substitute\n|move|p1a: Pelipper|Weather Ball|p2a: Whimsicott\n|-supereffective|p2a: Whimsicott|1\n|-damage|p2a: Whimsicott|0 fnt\n|faint|p2a: Whimsicott\n|\n|-weather|SunnyDay|[upkeep]\n|upkeep\n|\n|t:|1776536849\n|switch|p2a: Floette|Floette-Eternal, L50, F|100/100\n|turn|3\n|\n|t:|1776536861\n|switch|p1b: Sinistcha|Sinistcha, L50|100/100\n|detailschange|p2a: Floette|Floette-Mega, L50, F\n|-mega|p2a: Floette|Floette|Floettite\n|-ability|p2a: Floette|Fairy Aura\n|move|p2b: Aerodactyl|Rock Slide|p1b: Sinistcha|[spread] p1a,p1b\n|-supereffective|p1a: Pelipper|1\n|-damage|p1a: Pelipper|50/100\n|-damage|p1b: Sinistcha|83/100\n|move|p2a: Floette|Moonblast|p1a: Pelipper\n|-damage|p1a: Pelipper|0 fnt\n|faint|p1a: Pelipper\n|\n|-weather|SunnyDay|[upkeep]\n|upkeep\n|\n|t:|1776536877\n|switch|p1a: Glimmora|Glimmora, L50, F|100/100\n|turn|4\n|\n|t:|1776536900\n|detailschange|p1a: Glimmora|Glimmora-Mega, L50, F\n|-mega|p1a: Glimmora|Glimmora|Glimmoranite\n|move|p2a: Floette|Protect|p2a: Floette\n|-singleturn|p2a: Floette|Protect\n|move|p1b: Sinistcha|Rage Powder|p1b: Sinistcha\n|-singleturn|p1b: Sinistcha|move: Rage Powder\n|move|p2b: Aerodactyl|Tailwind|p2b: Aerodactyl\n|-sidestart|p2: Sammias|move: Tailwind\n|move|p1a: Glimmora|Sludge Bomb|p2a: Floette\n|-activate|p2a: Floette|move: Protect\n|\n|-weather|SunnyDay|[upkeep]\n|upkeep\n|turn|5\n|\n|t:|1776536911\n|switch|p2a: Garchomp|Garchomp, L50, F|100/100\n|move|p1b: Sinistcha|Rage Powder|p1b: Sinistcha\n|-singleturn|p1b: Sinistcha|move: Rage Powder\n|move|p2b: Aerodactyl|Dual Wingbeat|p1b: Sinistcha\n|-supereffective|p1b: Sinistcha|1\n|-damage|p1b: Sinistcha|56/100\n|-supereffective|p1b: Sinistcha|1\n|-damage|p1b: Sinistcha|33/100\n|-hitcount|p1b: Sinistcha|2\n|move|p1a: Glimmora|Sludge Bomb|p2a: Garchomp\n|-resisted|p2a: Garchomp|1\n|-damage|p2a: Garchomp|63/100\n|\n|-weather|none\n|upkeep\n|turn|6\n|\n|t:|1776536932\n|switch|p1b: Basculegion|Basculegion, L50, M|76/100\n|move|p1a: Glimmora|Spiky Shield|p1a: Glimmora\n|-singleturn|p1a: Glimmora|move: Protect\n|move|p2b: Aerodactyl|Rock Slide|p1a: Glimmora|[spread] p1b\n|-activate|p1a: Glimmora|move: Protect\n|-damage|p1b: Basculegion|45/100\n|move|p2a: Garchomp|Earthquake|p1b: Basculegion|[spread] p1b\n|-activate|p1a: Glimmora|move: Protect\n|-immune|p2b: Aerodactyl\n|-damage|p1b: Basculegion|0 fnt\n|faint|p1b: Basculegion\n|\n|upkeep\n|\n|t:|1776536945\n|switch|p1b: Sinistcha|Sinistcha, L50|33/100\n|turn|7\n|\n|t:|1776536957\n|move|p2b: Aerodactyl|Rock Slide|p1b: Sinistcha|[spread] p1a,p1b\n|-damage|p1a: Glimmora|75/100\n|-damage|p1b: Sinistcha|14/100\n|move|p2a: Garchomp|Earthquake|p1b: Sinistcha|[spread] p1a,p1b\n|-immune|p2b: Aerodactyl\n|-supereffective|p1a: Glimmora|2\n|-resisted|p1b: Sinistcha|1\n|-damage|p1a: Glimmora|0 fnt\n|-damage|p1b: Sinistcha|0 fnt\n|faint|p1a: Glimmora\n|faint|p1b: Sinistcha\n|\n|win|Sammias\n|raw|Jluizbr's rating: 1191 &rarr; <strong>1168</strong><br />(-23 for losing)\n|raw|Sammias's rating: 1222 &rarr; <strong>1245</strong><br />(+23 for winning)\n|l|\u2606Jluizbr\n|player|p1|\n",
  "uploadtime": 1776536968,
  "views": 15,
  "formatid": "gen9championsvgc2026regma",
  "rating": 1168,
  "private": 0,
  "password": null
}