{
  "id": "gen9championsvgc2026regma-2581820775",
  "format": "[Gen 9 Champions] VGC 2026 Reg M-A",
  "players": [
    "blitzeer22",
    "HiveBowling"
  ],
  "log": "|j|\u2606blitzeer22\n|j|\u2606HiveBowling\n|t:|1776031094\n|gametype|doubles\n|player|p1|blitzeer22|veteran|1019\n|player|p2|HiveBowling|elesa|1000\n|gen|9\n|tier|[Gen 9 Champions] VGC 2026 Reg M-A\n|rated|\n|rule|Species Clause: Limit one of each Pok\u00e9mon\n|rule|Item Clause: Limit 1 of each item\n|clearpoke\n|poke|p1|Gengar, L50, F|\n|poke|p1|Incineroar, L50, F|\n|poke|p1|Pelipper, L50, F|\n|poke|p1|Archaludon, L50, F|\n|poke|p1|Dragonite, L50, M|\n|poke|p1|Clefable, L50, M|\n|poke|p2|Heracross, L50, M|\n|poke|p2|Charizard, L50, M|\n|poke|p2|Mamoswine, L50, M|\n|poke|p2|Alakazam, L50, M|\n|poke|p2|Froslass, L50, F|\n|poke|p2|Kingambit, L50, F|\n|teampreview|4\n|\n|t:|1776031145\n|teamsize|p1|4\n|teamsize|p2|4\n|start\n|switch|p1a: Gengar|Gengar, L50, F, shiny|100/100\n|switch|p1b: Clefable|Clefable, L50, M|100/100\n|switch|p2a: Kingambit|Kingambit, L50, F|100/100\n|switch|p2b: Heracross|Heracross, L50, M|100/100\n|turn|1\n|\n|t:|1776031186\n|detailschange|p1a: Gengar|Gengar-Mega, L50, F, shiny\n|-mega|p1a: Gengar|Gengar|Gengarite\n|detailschange|p2b: Heracross|Heracross-Mega, L50, M\n|-mega|p2b: Heracross|Heracross|Heracronite\n|move|p1b: Clefable|Follow Me|p1b: Clefable\n|-singleturn|p1b: Clefable|move: Follow Me\n|move|p1a: Gengar|Shadow Ball|p2b: Heracross\n|-damage|p2b: Heracross|57/100\n|move|p2b: Heracross|Rock Blast|p1b: Clefable\n|-damage|p1b: Clefable|83/100\n|-damage|p1b: Clefable|69/100\n|-damage|p1b: Clefable|52/100\n|-damage|p1b: Clefable|36/100\n|-damage|p1b: Clefable|22/100\n|-hitcount|p1b: Clefable|5\n|move|p2a: Kingambit|Assurance|p1b: Clefable\n|-resisted|p1b: Clefable|1\n|-damage|p1b: Clefable|0 fnt\n|faint|p1b: Clefable\n|\n|upkeep\n|\n|t:|1776031210\n|switch|p1b: Pelipper|Pelipper, L50, F|100/100\n|-weather|RainDance|[from] ability: Drizzle|[of] p1b: Pelipper\n|turn|2\n|\n|t:|1776031247\n|move|p2b: Heracross|Protect|p2b: Heracross\n|-singleturn|p2b: Heracross|Protect\n|move|p1b: Pelipper|Wide Guard|p1b: Pelipper\n|-singleturn|p1b: Pelipper|Wide Guard\n|move|p1a: Gengar|Shadow Ball|p2b: Heracross\n|-activate|p2b: Heracross|move: Protect\n|move|p2a: Kingambit|Thunder Wave|p1b: Pelipper\n|-status|p1b: Pelipper|par\n|\n|-weather|RainDance|[upkeep]\n|upkeep\n|turn|3\n|\n|t:|1776031273\n|switch|p1b: Dragonite|Dragonite, L50, M, shiny|100/100\n|move|p2a: Kingambit|Sucker Punch|p1a: Gengar\n|-supereffective|p1a: Gengar|1\n|-damage|p1a: Gengar|25/100\n|move|p1a: Gengar|Shadow Ball|p2b: Heracross\n|-damage|p2b: Heracross|13/100\n|move|p2b: Heracross|Rock Blast|p1b: Dragonite\n|-supereffective|p1b: Dragonite|1\n|-damage|p1b: Dragonite|89/100\n|-supereffective|p1b: Dragonite|1\n|-damage|p1b: Dragonite|66/100\n|-supereffective|p1b: Dragonite|1\n|-damage|p1b: Dragonite|43/100\n|-supereffective|p1b: Dragonite|1\n|-damage|p1b: Dragonite|18/100\n|-supereffective|p1b: Dragonite|1\n|-crit|p1b: Dragonite\n|-damage|p1b: Dragonite|0 fnt\n|faint|p1b: Dragonite\n|-hitcount|p1: Dragonite|5\n|\n|-weather|RainDance|[upkeep]\n|upkeep\n|\n|t:|1776031295\n|switch|p1b: Pelipper|Pelipper, L50, F|100/100 par\n|turn|4\n|inactive|Battle timer is ON: inactive players will automatically lose when time's up. (requested by blitzeer22)\n|\n|t:|1776031318\n|move|p1a: Gengar|Protect|p1a: Gengar\n|-singleturn|p1a: Gengar|Protect\n|move|p2b: Heracross|Protect|p2b: Heracross\n|-singleturn|p2b: Heracross|Protect\n|move|p2a: Kingambit|Sucker Punch||[still]\n|-fail|p2a: Kingambit\n|move|p1b: Pelipper|Weather Ball|p2a: Kingambit\n|-damage|p2a: Kingambit|29/100\n|\n|-weather|RainDance|[upkeep]\n|upkeep\n|turn|5\n|inactive|blitzeer22 has 30 seconds left.\n|inactive|blitzeer22 has 20 seconds left.\n|inactive|blitzeer22 has 15 seconds left.\n|\n|t:|1776031360\n|move|p2a: Kingambit|Sucker Punch|p1a: Gengar\n|-supereffective|p1a: Gengar|1\n|-damage|p1a: Gengar|0 fnt\n|faint|p1a: Gengar\n|move|p2b: Heracross|Rock Blast|p1b: Pelipper\n|-supereffective|p1b: Pelipper|1\n|-damage|p1b: Pelipper|67/100 par\n|-supereffective|p1b: Pelipper|1\n|-damage|p1b: Pelipper|35/100 par\n|-supereffective|p1b: Pelipper|1\n|-damage|p1b: Pelipper|5/100 par\n|-supereffective|p1b: Pelipper|1\n|-damage|p1b: Pelipper|0 fnt\n|faint|p1b: Pelipper\n|-hitcount|p1: Pelipper|4\n|\n|win|HiveBowling\n|raw|blitzeer22's rating: 1019 &rarr; <strong>1005</strong><br />(-14 for losing)\n|raw|HiveBowling's rating: 1000 &rarr; <strong>1042</strong><br />(+42 for winning)\n|l|\u2606blitzeer22\n|player|p1|\n",
  "uploadtime": 1776031373,
  "views": 13,
  "formatid": "gen9championsvgc2026regma",
  "rating": 1005,
  "private": 0,
  "password": null
}