{
  "id": "gen9championsvgc2026regma-2587547007",
  "format": "[Gen 9 Champions] VGC 2026 Reg M-A",
  "players": [
    "Chickaen",
    "Apfhjsof"
  ],
  "log": "|j|\u2606Chickaen\n|j|\u2606Apfhjsof\n|t:|1776541172\n|gametype|doubles\n|player|p1|Chickaen|bugcatcher-gen2|1080\n|player|p2|Apfhjsof|2|1036\n|gen|9\n|tier|[Gen 9 Champions] VGC 2026 Reg M-A\n|rated|\n|rule|Species Clause: Limit one of each Pok\u00e9mon\n|rule|Item Clause: Limit 1 of each item\n|clearpoke\n|poke|p1|Drampa, L50, F|\n|poke|p1|Sinistcha, L50|\n|poke|p1|Kingambit, L50, F|\n|poke|p1|Slowking-Galar, L50, M|\n|poke|p1|Primarina, L50, M|\n|poke|p1|Golurk, L50|\n|poke|p2|Sneasler, L50, M|\n|poke|p2|Hatterene, L50, F|\n|poke|p2|Maushold-Four, L50|\n|poke|p2|Avalugg, L50, F|\n|poke|p2|Froslass, L50, F|\n|poke|p2|Torkoal, L50, F|\n|teampreview|4\n|inactive|Battle timer is ON: inactive players will automatically lose when time's up. (requested by Apfhjsof)\n|\n|t:|1776541195\n|teamsize|p1|4\n|teamsize|p2|4\n|start\n|switch|p1a: chucklenuts|Slowking-Galar, L50, M|100/100\n|switch|p1b: Drampa|Drampa, L50, F|100/100\n|switch|p2a: Froslass|Froslass, L50, F|100/100\n|switch|p2b: Avalugg|Avalugg, L50, F|100/100\n|-ability|p1b: Drampa|Cloud Nine\n|turn|1\n|\n|t:|1776541213\n|detailschange|p2a: Froslass|Froslass-Mega, L50, F\n|-mega|p2a: Froslass|Froslass|Froslassite\n|-weather|Snowscape|[from] ability: Snow Warning|[of] p2a: Froslass\n|move|p1b: Drampa|Protect|p1b: Drampa\n|-singleturn|p1b: Drampa|Protect\n|move|p2a: Froslass|Aurora Veil||[still]\n|-fail|p2a: Froslass\n|move|p2b: Avalugg|Iron Defense|p2b: Avalugg\n|-boost|p2b: Avalugg|def|2\n|move|p1a: chucklenuts|Trick Room|p1a: chucklenuts\n|-fieldstart|move: Trick Room|[of] p1a: chucklenuts\n|\n|-weather|Snowscape|[upkeep]\n|upkeep\n|turn|2\n|inactive|Chickaen has 30 seconds left.\n|inactive|Apfhjsof has 30 seconds left.\n|inactive|Chickaen has 20 seconds left.\n|\n|t:|1776541250\n|switch|p2a: Hatterene|Hatterene, L50, F|100/100\n|detailschange|p1b: Drampa|Drampa-Mega, L50, F\n|-mega|p1b: Drampa|Drampa|Drampanite\n|move|p1a: chucklenuts|Psychic Noise|p2a: Hatterene\n|-resisted|p2a: Hatterene|1\n|-damage|p2a: Hatterene|86/100\n|-start|p2a: Hatterene|move: Heal Block\n|move|p2b: Avalugg|Body Press|p1b: Drampa\n|-supereffective|p1b: Drampa|1\n|-damage|p1b: Drampa|0 fnt\n|faint|p1b: Drampa\n|\n|-weather|Snowscape|[upkeep]\n|upkeep\n|\n|t:|1776541267\n|switch|p1b: Kingambit|Kingambit, L50, F|100/100\n|turn|3\n|inactive|Apfhjsof has 30 seconds left.\n|inactive|Apfhjsof has 20 seconds left.\n|\n|t:|1776541303\n|switch|p2a: Torkoal|Torkoal, L50, F|100/100\n|-weather|SunnyDay|[from] ability: Drought|[of] p2a: Torkoal\n|move|p1a: chucklenuts|Sludge Bomb|p2a: Torkoal\n|-damage|p2a: Torkoal|55/100\n|-status|p2a: Torkoal|psn\n|move|p2b: Avalugg|Body Press|p1b: Kingambit\n|-supereffective|p1b: Kingambit|2\n|-damage|p1b: Kingambit|0 fnt\n|faint|p1b: Kingambit\n|\n|-weather|SunnyDay|[upkeep]\n|-damage|p2a: Torkoal|43/100 psn|[from] psn\n|upkeep\n|\n|t:|1776541317\n|switch|p1b: Sinistcha|Sinistcha, L50|100/100\n|turn|4\n|inactive|Chickaen has 30 seconds left.\n|\n|t:|1776541346\n|move|p2a: Torkoal|Heat Wave|p1b: Sinistcha|[spread] p1b\n|-miss|p2a: Torkoal|p1a: chucklenuts\n|-supereffective|p1b: Sinistcha|1\n|-damage|p1b: Sinistcha|0 fnt\n|faint|p1b: Sinistcha\n|move|p1a: chucklenuts|Psychic Noise|p2b: Avalugg\n|-damage|p2b: Avalugg|74/100\n|-start|p2b: Avalugg|move: Heal Block\n|move|p2b: Avalugg|Icicle Crash|p1a: chucklenuts\n|-damage|p1a: chucklenuts|67/100\n|\n|-weather|SunnyDay|[upkeep]\n|-damage|p2a: Torkoal|30/100 psn|[from] psn\n|upkeep\n|turn|5\n|\n|t:|1776541365\n|move|p2a: Torkoal|Earth Power|p1a: chucklenuts\n|-supereffective|p1a: chucklenuts|1\n|-damage|p1a: chucklenuts|29/100\n|move|p1a: chucklenuts|Sludge Bomb|p2b: Avalugg\n|-damage|p2b: Avalugg|32/100\n|move|p2b: Avalugg|Body Press|p1a: chucklenuts\n|-resisted|p1a: chucklenuts|2\n|-damage|p1a: chucklenuts|14/100\n|\n|-weather|SunnyDay|[upkeep]\n|-damage|p2a: Torkoal|18/100 psn|[from] psn\n|-end|p2b: Avalugg|move: Heal Block\n|-fieldend|move: Trick Room\n|upkeep\n|turn|6\n|\n|t:|1776541381\n|move|p1a: chucklenuts|Protect|p1a: chucklenuts\n|-singleturn|p1a: chucklenuts|Protect\n|move|p2b: Avalugg|Body Press|p1a: chucklenuts\n|-activate|p1a: chucklenuts|move: Protect\n|move|p2a: Torkoal|Earth Power|p1a: chucklenuts\n|-activate|p1a: chucklenuts|move: Protect\n|\n|-weather|SunnyDay|[upkeep]\n|-heal|p2b: Avalugg|38/100|[from] item: Leftovers\n|-damage|p2a: Torkoal|6/100 psn|[from] psn\n|upkeep\n|turn|7\n|\n|t:|1776541394\n|move|p2b: Avalugg|Icicle Crash|p1a: chucklenuts\n|-damage|p1a: chucklenuts|0 fnt\n|faint|p1a: chucklenuts\n|\n|win|Apfhjsof\n|raw|Chickaen's rating: 1080 &rarr; <strong>1055</strong><br />(-25 for losing)\n|raw|Apfhjsof's rating: 1036 &rarr; <strong>1075</strong><br />(+39 for winning)\n|c|\u2606Chickaen|gg\n|c|\u2606Chickaen|cool team\n|l|\u2606Apfhjsof\n|player|p2|\n",
  "uploadtime": 1776541407,
  "views": 13,
  "formatid": "gen9championsvgc2026regma",
  "rating": 1055,
  "private": 0,
  "password": null
}