{
  "id": "gen9championsvgc2026regma-2583021097",
  "format": "[Gen 9 Champions] VGC 2026 Reg M-A",
  "players": [
    "Pataru",
    "xHoliTheus"
  ],
  "log": "|j|\u2606Pataru\n|j|\u2606xHoliTheus\n|html|<table width=\"100%\"><tr><td align=\"left\">Pataru</td><td align=\"right\">xHoliTheus</tr><tr><td align=\"left\"><i class=\"fa fa-circle-o\"></i> <i class=\"fa fa-circle-o\"></i> </td><td align=\"right\"><i class=\"fa fa-circle-o\"></i> <i class=\"fa fa-circle\"></i> </tr></table>\n|uhtml|bestof|<h2><strong>Game 2</strong> of <a href=\"/game-bestof3-gen9championsvgc2026regma-2583019322\">a best-of-3</a></h2>\n|t:|1776134045\n|gametype|doubles\n|player|p1|Pataru|fisherman-gen4|\n|player|p2|xHoliTheus|2|\n|gen|9\n|tier|[Gen 9 Champions] VGC 2026 Reg M-A\n|rated|Tournament battle\n|rule|Species Clause: Limit one of each Pok\u00e9mon\n|rule|Item Clause: Limit 1 of each item\n|raw|<div class=\"infobox\"><details class=\"readmore\" open><summary><strong>2 custom rules:</strong></summary> Force Open Team Sheets, Best of = 3</details></div>\n|clearpoke\n|poke|p1|Whimsicott, L50, F|\n|poke|p1|Froslass, L50, F|\n|poke|p1|Sneasler, L50, M|\n|poke|p1|Rotom-Wash, L50|\n|poke|p1|Arcanine-Hisui, L50, M|\n|poke|p1|Garchomp, L50, M|\n|poke|p2|Charizard, L50, F|\n|poke|p2|Venusaur, L50, F|\n|poke|p2|Garchomp, L50, M|\n|poke|p2|Rotom-Wash, L50|\n|poke|p2|Sneasler, L50, F|\n|poke|p2|Incineroar, L50, M|\n|teampreview|4\n|showteam|p1|Whimsicott||FocusSash|Prankster|Tailwind,Encore,Taunt,Moonblast|||F|||50|]Froslass||Froslassite|SnowCloak|Blizzard,ShadowBall,AuroraVeil,Protect|||F|||50|]Sneasler||WhiteHerb|Unburden|FakeOut,CloseCombat,DireClaw,Protect|||M|||50|]Rotom-Wash||Leftovers|Levitate|HydroPump,VoltSwitch,WillOWisp,Protect||||||50|]Arcanine-Hisui||KingsRock|Intimidate|FlareBlitz,RockSlide,ExtremeSpeed,Protect|||M|||50|]Garchomp||ChoiceScarf|RoughSkin|StompingTantrum,Bulldoze,RockSlide,DragonClaw|||M|||50|\n|showteam|p2|Charizard||CharizarditeY|Blaze|SolarBeam,WeatherBall,HeatWave,Protect|||F|||50|]Venusaur||FocusSash|Chlorophyll|EnergyBall,SludgeBomb,SleepPowder,Protect|||F|||50|]Garchomp||ChoiceScarf|RoughSkin|DragonClaw,RockSlide,Earthquake,FireFang|||M|||50|]Rotom-Wash||Leftovers|Levitate|HydroPump,WillOWisp,Thunderbolt,Protect||||||50|]Sneasler||WhiteHerb|Unburden|DireClaw,RockTomb,CloseCombat,FakeOut|||F|||50|]Incineroar||SitrusBerry|Intimidate|DarkestLariat,FakeOut,PartingShot,FlareBlitz|||M|||50|\n|j| OnToTheOther\n|\n|t:|1776134060\n|teamsize|p1|4\n|teamsize|p2|4\n|start\n|switch|p1a: Whimsicott|Whimsicott, L50, F|100/100\n|switch|p1b: Garchomp|Garchomp, L50, M|100/100\n|switch|p2a: Sneasler|Sneasler, L50, F|100/100\n|switch|p2b: Rotom|Rotom-Wash, L50|100/100\n|turn|1\n|\n|t:|1776134075\n|switch|p1b: Froslass|Froslass, L50, F|100/100\n|move|p1a: Whimsicott|Tailwind|p1a: Whimsicott\n|-sidestart|p1: Pataru|move: Tailwind\n|move|p2a: Sneasler|Dire Claw|p1a: Whimsicott\n|-supereffective|p1a: Whimsicott|2\n|-enditem|p1a: Whimsicott|Focus Sash\n|-damage|p1a: Whimsicott|1/100\n|move|p2b: Rotom|Will-O-Wisp|p1b: Froslass\n|-status|p1b: Froslass|brn\n|\n|-damage|p1b: Froslass|94/100 brn|[from] brn\n|upkeep\n|turn|2\n|\n|t:|1776134084\n|detailschange|p1b: Froslass|Froslass-Mega, L50, F\n|-mega|p1b: Froslass|Froslass|Froslassite\n|-weather|Snowscape|[from] ability: Snow Warning|[of] p1b: Froslass\n|move|p1b: Froslass|Blizzard|p2a: Sneasler|[spread] p2a,p2b\n|-resisted|p2b: Rotom|1\n|-crit|p2b: Rotom\n|-damage|p2a: Sneasler|38/100\n|-damage|p2b: Rotom|65/100\n|move|p1a: Whimsicott|Moonblast|p2a: Sneasler\n|-damage|p2a: Sneasler|0 fnt\n|faint|p2a: Sneasler\n|move|p2b: Rotom|Thunderbolt|p1b: Froslass\n|-damage|p1b: Froslass|53/100 brn\n|\n|-weather|Snowscape|[upkeep]\n|-heal|p2b: Rotom|71/100|[from] item: Leftovers\n|-damage|p1b: Froslass|47/100 brn|[from] brn\n|upkeep\n|\n|t:|1776134087\n|switch|p2a: Charizard|Charizard, L50, F|100/100\n|turn|3\n|\n|t:|1776134101\n|switch|p1b: Rotom|Rotom-Wash, L50|100/100\n|detailschange|p2a: Charizard|Charizard-Mega-Y, L50, F\n|-mega|p2a: Charizard|Charizard|Charizardite Y\n|-weather|SunnyDay|[from] ability: Drought|[of] p2a: Charizard\n|move|p2b: Rotom|Protect|p2b: Rotom\n|-singleturn|p2b: Rotom|Protect\n|move|p1a: Whimsicott|Moonblast|p2b: Rotom\n|-activate|p2b: Rotom|move: Protect\n|move|p2a: Charizard|Heat Wave|p1a: Whimsicott|[spread] p1a,p1b\n|-supereffective|p1a: Whimsicott|1\n|-resisted|p1b: Rotom|1\n|-damage|p1a: Whimsicott|0 fnt\n|-damage|p1b: Rotom|69/100\n|faint|p1a: Whimsicott\n|\n|-weather|SunnyDay|[upkeep]\n|-heal|p1b: Rotom|75/100|[from] item: Leftovers\n|-heal|p2b: Rotom|76/100|[from] item: Leftovers\n|upkeep\n|\n|t:|1776134106\n|switch|p1a: Froslass|Froslass-Mega, L50, F|47/100 brn\n|-weather|Snowscape|[from] ability: Snow Warning|[of] p1a: Froslass\n|turn|4\n|j| ShirtlessRayRizzo\n|\n|t:|1776134119\n|switch|p2a: Venusaur|Venusaur, L50, F|100/100\n|move|p1a: Froslass|Shadow Ball|p2b: Rotom\n|-damage|p2b: Rotom|27/100\n|move|p1b: Rotom|Volt Switch|p2b: Rotom\n|-damage|p2b: Rotom|0 fnt\n|faint|p2b: Rotom\n|\n|t:|1776134123\n|switch|p1b: Garchomp|Garchomp, L50, M|100/100|[from] Volt Switch\n|\n|-weather|Snowscape|[upkeep]\n|-damage|p1a: Froslass|41/100 brn|[from] brn\n|-sideend|p1: Pataru|move: Tailwind\n|upkeep\n|\n|t:|1776134125\n|switch|p2b: Charizard|Charizard-Mega-Y, L50, F|100/100\n|-weather|SunnyDay|[from] ability: Drought|[of] p2b: Charizard\n|turn|5\n|\n|t:|1776134141\n|switch|p1a: Rotom|Rotom-Wash, L50|75/100\n|move|p2a: Venusaur|Sleep Powder|p1b: Garchomp\n|-status|p1b: Garchomp|slp|[from] move: Sleep Powder\n|cant|p1b: Garchomp|slp\n|move|p2b: Charizard|Heat Wave|p1a: Rotom|[spread] p1a,p1b\n|-resisted|p1a: Rotom|1\n|-resisted|p1b: Garchomp|1\n|-damage|p1a: Rotom|40/100\n|-damage|p1b: Garchomp|63/100 slp\n|\n|-weather|SunnyDay|[upkeep]\n|-heal|p1a: Rotom|46/100|[from] item: Leftovers\n|upkeep\n|turn|6\n|\n|t:|1776134152\n|move|p1a: Rotom|Protect|p1a: Rotom\n|-singleturn|p1a: Rotom|Protect\n|move|p2a: Venusaur|Energy Ball|p1a: Rotom\n|-activate|p1a: Rotom|move: Protect\n|cant|p1b: Garchomp|slp\n|move|p2b: Charizard|Weather Ball|p1a: Rotom\n|-activate|p1a: Rotom|move: Protect\n|\n|-weather|SunnyDay|[upkeep]\n|-heal|p1a: Rotom|52/100|[from] item: Leftovers\n|upkeep\n|turn|7\n|\n|t:|1776134164\n|move|p2a: Venusaur|Energy Ball|p1b: Garchomp\n|-damage|p1b: Garchomp|22/100 slp\n|-curestatus|p1b: Garchomp|slp|[msg]\n|move|p1b: Garchomp|Rock Slide|p2a: Venusaur|[spread] p2a,p2b\n|-supereffective|p2b: Charizard|2\n|-damage|p2a: Venusaur|70/100\n|-damage|p2b: Charizard|0 fnt\n|faint|p2b: Charizard\n|move|p1a: Rotom|Volt Switch|p2a: Venusaur\n|-resisted|p2a: Venusaur|1\n|-damage|p2a: Venusaur|55/100\n|\n|t:|1776134167\n|switch|p1a: Froslass|Froslass-Mega, L50, F|41/100 brn|[from] Volt Switch\n|-weather|Snowscape|[from] ability: Snow Warning|[of] p1a: Froslass\n|\n|-weather|Snowscape|[upkeep]\n|-damage|p1a: Froslass|35/100 brn|[from] brn\n|upkeep\n|turn|8\n|\n|t:|1776134173\n|switch|p1b: Rotom|Rotom-Wash, L50|52/100\n|move|p1a: Froslass|Blizzard|p2a: Venusaur\n|-supereffective|p2a: Venusaur|1\n|-damage|p2a: Venusaur|0 fnt\n|faint|p2a: Venusaur\n|\n|win|Pataru\n",
  "uploadtime": 1776134175,
  "views": 10,
  "formatid": "gen9championsvgc2026regma",
  "rating": null,
  "private": 0,
  "password": null
}