{
  "id": "gen9championsvgc2026regma-2581266829",
  "format": "[Gen 9 Champions] VGC 2026 Reg M-A",
  "players": [
    "xRAIOOx",
    "balzzzzz"
  ],
  "log": "|j|\u2606xRAIOOx\n|j|\u2606balzzzzz\n|t:|1775978665\n|gametype|doubles\n|player|p1|xRAIOOx|hiker-gen4|1084\n|player|p2|balzzzzz|ballguy|1172\n|gen|9\n|tier|[Gen 9 Champions] VGC 2026 Reg M-A\n|rated|\n|rule|Species Clause: Limit one of each Pok\u00e9mon\n|rule|Item Clause: Limit 1 of each item\n|clearpoke\n|poke|p1|Aggron, L50, M|\n|poke|p1|Farigiraf, L50, F|\n|poke|p1|Crabominable, L50, F|\n|poke|p1|Incineroar, L50, F|\n|poke|p1|Goodra-Hisui, L50, M|\n|poke|p1|Klefki, L50, M|\n|poke|p2|Tyranitar, L50, F|\n|poke|p2|Rotom-Wash, L50|\n|poke|p2|Garchomp, L50, M|\n|poke|p2|Aerodactyl, L50, F|\n|poke|p2|Sinistcha, L50|\n|poke|p2|Sneasler, L50, M|\n|teampreview|4\n|inactive|Battle timer is ON: inactive players will automatically lose when time's up. (requested by balzzzzz)\n|inactive|xRAIOOx also wants the timer to be on.\n|inactive|balzzzzz has 60 seconds left.\n|\n|t:|1775978696\n|teamsize|p1|4\n|teamsize|p2|4\n|start\n|switch|p1a: Farigiraf|Farigiraf, L50, F|100/100\n|switch|p1b: Incineroar|Incineroar, L50, F|100/100\n|switch|p2a: Tyranitar|Tyranitar, L50, F|100/100\n|switch|p2b: Garchomp|Garchomp, L50, M, shiny|100/100\n|-weather|Sandstorm|[from] ability: Sand Stream|[of] p2a: Tyranitar\n|-ability|p1b: Incineroar|Intimidate|boost\n|-unboost|p2a: Tyranitar|atk|1\n|-unboost|p2b: Garchomp|atk|1\n|turn|1\n|\n|t:|1775978710\n|detailschange|p2a: Tyranitar|Tyranitar-Mega, L50, F\n|-mega|p2a: Tyranitar|Tyranitar|Tyranitarite\n|move|p1b: Incineroar|Fake Out|p2a: Tyranitar\n|-resisted|p2a: Tyranitar|1\n|-damage|p2a: Tyranitar|97/100\n|move|p2b: Garchomp|Dragon Claw|p1a: Farigiraf\n|-damage|p1a: Farigiraf|69/100\n|cant|p2a: Tyranitar|flinch\n|move|p1a: Farigiraf|Trick Room|p1a: Farigiraf\n|-fieldstart|move: Trick Room|[of] p1a: Farigiraf\n|\n|-weather|Sandstorm|[upkeep]\n|-damage|p1a: Farigiraf|63/100|[from] Sandstorm\n|-damage|p1b: Incineroar|95/100|[from] Sandstorm\n|-heal|p1a: Farigiraf|69/100|[from] item: Leftovers\n|upkeep\n|turn|2\n|\n|t:|1775978727\n|move|p2a: Tyranitar|Protect|p2a: Tyranitar\n|-singleturn|p2a: Tyranitar|Protect\n|move|p1a: Farigiraf|Hyper Voice|p2b: Garchomp|[spread] p2b\n|-activate|p2a: Tyranitar|move: Protect\n|-damage|p2b: Garchomp|72/100\n|move|p1b: Incineroar|Parting Shot|p2a: Tyranitar\n|-activate|p2a: Tyranitar|move: Protect\n|move|p2b: Garchomp|Earthquake|p1a: Farigiraf|[spread] p1a,p1b\n|-activate|p2a: Tyranitar|move: Protect\n|-supereffective|p1b: Incineroar|1\n|-damage|p1a: Farigiraf|42/100\n|-damage|p1b: Incineroar|55/100\n|\n|-weather|Sandstorm|[upkeep]\n|-damage|p1a: Farigiraf|36/100|[from] Sandstorm\n|-damage|p1b: Incineroar|49/100|[from] Sandstorm\n|-heal|p1a: Farigiraf|42/100|[from] item: Leftovers\n|upkeep\n|turn|3\n|\n|t:|1775978748\n|move|p2b: Garchomp|Protect|p2b: Garchomp\n|-singleturn|p2b: Garchomp|Protect\n|move|p1a: Farigiraf|Hyper Voice|p2a: Tyranitar|[spread] p2a\n|-activate|p2b: Garchomp|move: Protect\n|-resisted|p2a: Tyranitar|1\n|-damage|p2a: Tyranitar|90/100\n|move|p1b: Incineroar|Parting Shot|p2a: Tyranitar\n|-unboost|p2a: Tyranitar|atk|1\n|-unboost|p2a: Tyranitar|spa|1\n|\n|t:|1775978757\n|switch|p1b: Aggron|Aggron, L50, M|100/100|[from] Parting Shot\n|move|p2a: Tyranitar|Knock Off|p1a: Farigiraf\n|-supereffective|p1a: Farigiraf|1\n|-damage|p1a: Farigiraf|0 fnt\n|-enditem|p1a: Farigiraf|Leftovers|[from] move: Knock Off|[of] p2a: Tyranitar\n|faint|p1a: Farigiraf\n|\n|-weather|Sandstorm|[upkeep]\n|upkeep\n|\n|t:|1775978760\n|switch|p1a: Klefki|Klefki, L50, M|100/100\n|turn|4\n|\n|t:|1775978776\n|switch|p2a: Sinistcha|Sinistcha, L50|100/100\n|-heal|p2b: Garchomp|97/100|[from] ability: Hospitality|[of] p2a: Sinistcha\n|detailschange|p1b: Aggron|Aggron-Mega, L50, M\n|-mega|p1b: Aggron|Aggron|Aggronite\n|move|p1a: Klefki|Rain Dance|p1a: Klefki\n|-weather|RainDance\n|move|p1b: Aggron|Iron Defense|p1b: Aggron\n|-boost|p1b: Aggron|def|2\n|move|p2b: Garchomp|Earthquake|p1a: Klefki|[spread] p2a,p1a,p1b\n|-resisted|p2a: Sinistcha|1\n|-supereffective|p1a: Klefki|1\n|-supereffective|p1b: Aggron|1\n|-damage|p2a: Sinistcha|89/100\n|-damage|p1a: Klefki|37/100\n|-damage|p1b: Aggron|90/100\n|\n|-weather|RainDance|[upkeep]\n|-heal|p2a: Sinistcha|95/100|[from] item: Leftovers\n|upkeep\n|turn|5\n|inactive|balzzzzz has 30 seconds left.\n|\n|t:|1775978810\n|move|p1a: Klefki|Light Screen|p1a: Klefki\n|-sidestart|p1: xRAIOOx|move: Light Screen\n|move|p1b: Aggron|Heavy Slam|p2a: Sinistcha\n|-damage|p2a: Sinistcha|48/100\n|move|p2a: Sinistcha|Strength Sap|p1b: Aggron\n|-unboost|p1b: Aggron|atk|1\n|-heal|p2a: Sinistcha|100/100\n|move|p2b: Garchomp|Earthquake|p1a: Klefki|[spread] p2a,p1a,p1b\n|-resisted|p2a: Sinistcha|1\n|-supereffective|p1a: Klefki|1\n|-supereffective|p1b: Aggron|1\n|-damage|p2a: Sinistcha|88/100\n|-damage|p1a: Klefki|0 fnt\n|-damage|p1b: Aggron|82/100\n|faint|p1a: Klefki\n|\n|-weather|RainDance|[upkeep]\n|-heal|p2a: Sinistcha|94/100|[from] item: Leftovers\n|-fieldend|move: Trick Room\n|upkeep\n|\n|t:|1775978817\n|switch|p1a: Incineroar|Incineroar, L50, F|49/100\n|-ability|p1a: Incineroar|Intimidate|boost\n|-unboost|p2a: Sinistcha|atk|1\n|-unboost|p2b: Garchomp|atk|1\n|turn|6\n|\n|t:|1775978837\n|move|p2b: Garchomp|Protect|p2b: Garchomp\n|-singleturn|p2b: Garchomp|Protect\n|move|p2a: Sinistcha|Strength Sap|p1b: Aggron\n|-unboost|p1b: Aggron|atk|1\n|-heal|p2a: Sinistcha|100/100\n|move|p1a: Incineroar|Flare Blitz|p2a: Sinistcha\n|-supereffective|p2a: Sinistcha|1\n|-damage|p2a: Sinistcha|62/100\n|-damage|p1a: Incineroar|40/100|[from] Recoil\n|move|p1b: Aggron|Iron Defense|p1b: Aggron\n|-boost|p1b: Aggron|def|2\n|\n|-weather|RainDance|[upkeep]\n|-heal|p2a: Sinistcha|69/100|[from] item: Leftovers\n|upkeep\n|turn|7\n|\n|t:|1775978854\n|move|p2a: Sinistcha|Rage Powder|p2a: Sinistcha\n|-singleturn|p2a: Sinistcha|move: Rage Powder\n|move|p2b: Garchomp|Earthquake|p1b: Aggron|[spread] p2a,p1a,p1b\n|-resisted|p2a: Sinistcha|1\n|-supereffective|p1a: Incineroar|1\n|-supereffective|p1b: Aggron|1\n|-damage|p2a: Sinistcha|59/100\n|-damage|p1a: Incineroar|13/100\n|-damage|p1b: Aggron|77/100\n|move|p1a: Incineroar|Flare Blitz|p2a: Sinistcha\n|-supereffective|p2a: Sinistcha|1\n|-damage|p2a: Sinistcha|18/100\n|-damage|p1a: Incineroar|3/100|[from] Recoil\n|move|p1b: Aggron|Iron Defense|p1b: Aggron\n|-boost|p1b: Aggron|def|2\n|\n|-weather|RainDance|[upkeep]\n|-heal|p2a: Sinistcha|24/100|[from] item: Leftovers\n|upkeep\n|turn|8\n|\n|t:|1775978870\n|move|p2b: Garchomp|Dragon Claw|p1b: Aggron\n|-resisted|p1b: Aggron|1\n|-damage|p1b: Aggron|75/100\n|move|p2a: Sinistcha|Matcha Gotcha|p1b: Aggron|[spread] p1a,p1b\n|-resisted|p1a: Incineroar|1\n|-resisted|p1b: Aggron|1\n|-damage|p1a: Incineroar|0 fnt\n|-heal|p2a: Sinistcha|26/100|[from] drain|[of] p1a: Incineroar\n|-damage|p1b: Aggron|68/100\n|-heal|p2a: Sinistcha|30/100|[from] drain|[of] p1b: Aggron\n|faint|p1a: Incineroar\n|move|p1b: Aggron|Body Press|p2b: Garchomp\n|-damage|p2b: Garchomp|0 fnt\n|faint|p2b: Garchomp\n|\n|-weather|none\n|-heal|p2a: Sinistcha|37/100|[from] item: Leftovers\n|upkeep\n|\n|t:|1775978885\n|switch|p2b: Tyranitar|Tyranitar-Mega, L50, F|90/100\n|-weather|Sandstorm|[from] ability: Sand Stream|[of] p2b: Tyranitar\n|turn|9\n|\n|t:|1775978893\n|move|p2a: Sinistcha|Rage Powder|p2a: Sinistcha\n|-singleturn|p2a: Sinistcha|move: Rage Powder\n|move|p2b: Tyranitar|High Horsepower|p1b: Aggron\n|-supereffective|p1b: Aggron|1\n|-damage|p1b: Aggron|60/100\n|move|p1b: Aggron|Heavy Slam|p2a: Sinistcha\n|-damage|p2a: Sinistcha|11/100\n|\n|-weather|Sandstorm|[upkeep]\n|-damage|p2a: Sinistcha|5/100|[from] Sandstorm\n|-heal|p2a: Sinistcha|11/100|[from] item: Leftovers\n|-sideend|p1: xRAIOOx|move: Light Screen\n|upkeep\n|turn|10\n|\n|t:|1775978903\n|move|p2b: Tyranitar|Protect|p2b: Tyranitar\n|-singleturn|p2b: Tyranitar|Protect\n|move|p2a: Sinistcha|Strength Sap|p1b: Aggron\n|-unboost|p1b: Aggron|atk|1\n|-heal|p2a: Sinistcha|66/100\n|move|p1b: Aggron|Heavy Slam|p2a: Sinistcha\n|-damage|p2a: Sinistcha|45/100\n|\n|-weather|Sandstorm|[upkeep]\n|-damage|p2a: Sinistcha|39/100|[from] Sandstorm\n|-heal|p2a: Sinistcha|45/100|[from] item: Leftovers\n|upkeep\n|turn|11\n|\n|t:|1775978916\n|move|p2b: Tyranitar|High Horsepower|p1b: Aggron\n|-supereffective|p1b: Aggron|1\n|-damage|p1b: Aggron|52/100\n|move|p2a: Sinistcha|Strength Sap|p1b: Aggron\n|-unboost|p1b: Aggron|atk|1\n|-heal|p2a: Sinistcha|89/100\n|move|p1b: Aggron|Heavy Slam|p2a: Sinistcha\n|-damage|p2a: Sinistcha|72/100\n|\n|-weather|Sandstorm|[upkeep]\n|-damage|p2a: Sinistcha|66/100|[from] Sandstorm\n|-heal|p2a: Sinistcha|72/100|[from] item: Leftovers\n|upkeep\n|turn|12\n|\n|t:|1775978934\n|move|p2a: Sinistcha|Rage Powder|p2a: Sinistcha\n|-singleturn|p2a: Sinistcha|move: Rage Powder\n|move|p2b: Tyranitar|High Horsepower|p1b: Aggron\n|-supereffective|p1b: Aggron|1\n|-damage|p1b: Aggron|44/100\n|move|p1b: Aggron|Body Press|p2a: Sinistcha\n|-immune|p2a: Sinistcha\n|\n|-weather|Sandstorm|[upkeep]\n|-damage|p2a: Sinistcha|66/100|[from] Sandstorm\n|-heal|p2a: Sinistcha|72/100|[from] item: Leftovers\n|upkeep\n|turn|13\n|\n|t:|1775978946\n|move|p2b: Tyranitar|Protect|p2b: Tyranitar\n|-singleturn|p2b: Tyranitar|Protect\n|move|p2a: Sinistcha|Strength Sap|p1b: Aggron\n|-unboost|p1b: Aggron|atk|1\n|-heal|p2a: Sinistcha|100/100\n|move|p1b: Aggron|Rest|p1b: Aggron\n|-status|p1b: Aggron|slp|[from] move: Rest\n|-heal|p1b: Aggron|100/100 slp|[silent]\n|\n|-weather|none\n|upkeep\n|turn|14\n|c|\u2606balzzzzz|imma cry man\n|c|\u2606xRAIOOx|Lmao\n|c|\u2606xRAIOOx|Sorry man\n|\n|t:|1775978967\n|switch|p2b: Sneasler|Sneasler, L50, M|100/100\n|move|p2a: Sinistcha|Matcha Gotcha|p1b: Aggron\n|-resisted|p1b: Aggron|1\n|-damage|p1b: Aggron|87/100 slp\n|cant|p1b: Aggron|slp\n|\n|upkeep\n|turn|15\n|c|\u2606xRAIOOx|Gotta do what's needed\n|\n|t:|1775978977\n|move|p2a: Sinistcha|Rage Powder|p2a: Sinistcha\n|-singleturn|p2a: Sinistcha|move: Rage Powder\n|move|p2b: Sneasler|Close Combat|p1b: Aggron\n|-supereffective|p1b: Aggron|1\n|-damage|p1b: Aggron|75/100 slp\n|-unboost|p2b: Sneasler|def|1\n|-unboost|p2b: Sneasler|spd|1\n|-enditem|p2b: Sneasler|White Herb\n|-clearnegativeboost|p2b: Sneasler|[silent]\n|cant|p1b: Aggron|slp\n|\n|upkeep\n|turn|16\n|c|\u2606balzzzzz|fair enough\n|\n|t:|1775978989\n|move|p2a: Sinistcha|Rage Powder|p2a: Sinistcha\n|-singleturn|p2a: Sinistcha|move: Rage Powder\n|move|p2b: Sneasler|Close Combat|p1b: Aggron\n|-supereffective|p1b: Aggron|1\n|-crit|p1b: Aggron\n|-damage|p1b: Aggron|5/100 slp\n|-unboost|p2b: Sneasler|def|1\n|-unboost|p2b: Sneasler|spd|1\n|-curestatus|p1b: Aggron|slp|[msg]\n|move|p1b: Aggron|Heavy Slam|p2a: Sinistcha\n|-crit|p2a: Sinistcha\n|-damage|p2a: Sinistcha|23/100\n|\n|-heal|p2a: Sinistcha|29/100|[from] item: Leftovers\n|upkeep\n|turn|17\n|c|\u2606balzzzzz|HUGE\n|c|\u2606xRAIOOx|Oh shi\n|\n|t:|1775979004\n|move|p2b: Sneasler|Close Combat|p1b: Aggron\n|-supereffective|p1b: Aggron|1\n|-damage|p1b: Aggron|0 fnt\n|-unboost|p2b: Sneasler|def|1\n|-unboost|p2b: Sneasler|spd|1\n|faint|p1b: Aggron\n|\n|win|balzzzzz\n|raw|xRAIOOx's rating: 1084 &rarr; <strong>1067</strong><br />(-17 for losing)\n|raw|balzzzzz's rating: 1172 &rarr; <strong>1191</strong><br />(+19 for winning)\n|c|\u2606balzzzzz|ggwp\n|c|\u2606xRAIOOx|Damn gg\n|c|\u2606xRAIOOx|I got karmad\n|c|\u2606balzzzzz|lmao\n|c|\u2606balzzzzz|I thought id be karmas\n|c|\u2606balzzzzz|I was using gengar earlier\n|c|\u2606xRAIOOx|Oh you're evil\n|c|\u2606balzzzzz|It was boring tho\n|c|\u2606balzzzzz|lowk\n",
  "uploadtime": 1775979036,
  "views": 18,
  "formatid": "gen9championsvgc2026regma",
  "rating": 1067,
  "private": 0,
  "password": null
}