{
  "id": "gen9championsvgc2026regma-2585855818",
  "format": "[Gen 9 Champions] VGC 2026 Reg M-A",
  "players": [
    "Disfrazdetigre",
    "campeondelfitness"
  ],
  "log": "|j|\u2606Disfrazdetigre\n|j|\u2606campeondelfitness\n|t:|1776375865\n|gametype|doubles\n|player|p1|Disfrazdetigre|2|1335\n|player|p2|campeondelfitness|swimmer|1251\n|gen|9\n|tier|[Gen 9 Champions] VGC 2026 Reg M-A\n|rated|\n|rule|Species Clause: Limit one of each Pok\u00e9mon\n|rule|Item Clause: Limit 1 of each item\n|clearpoke\n|poke|p1|Orthworm, L50, F|\n|poke|p1|Arcanine-Hisui, L50, F|\n|poke|p1|Medicham, L50, F|\n|poke|p1|Alakazam, L50, F|\n|poke|p1|Blastoise, L50, M|\n|poke|p1|Hydreigon, L50, F|\n|poke|p2|Tyranitar, L50, F|\n|poke|p2|Garchomp, L50, M|\n|poke|p2|Heliolisk, L50, M|\n|poke|p2|Rotom-Heat, L50|\n|poke|p2|Orthworm, L50, F|\n|poke|p2|Aerodactyl, L50, F|\n|teampreview|4\n|inactive|Battle timer is ON: inactive players will automatically lose when time's up. (requested by campeondelfitness)\n|\n|t:|1776375883\n|teamsize|p1|4\n|teamsize|p2|4\n|start\n|switch|p1a: Arcanine|Arcanine-Hisui, L50, F|100/100\n|switch|p1b: Orthworm|Orthworm, L50, F|100/100\n|switch|p2a: Heliolisk|Heliolisk, L50, M|100/100\n|switch|p2b: Rotom|Rotom-Heat, L50|100/100\n|-ability|p1a: Arcanine|Intimidate|boost\n|-unboost|p2a: Heliolisk|atk|1\n|-unboost|p2b: Rotom|atk|1\n|turn|1\n|inactive|campeondelfitness has 30 seconds left.\n|\n|t:|1776375911\n|move|p1a: Arcanine|Rock Slide|p2b: Rotom|[spread] p2a,p2b\n|-supereffective|p2b: Rotom|1\n|-damage|p2a: Heliolisk|38/100\n|-damage|p2b: Rotom|38/100\n|move|p2a: Heliolisk|Shed Tail|p2a: Heliolisk\n|-fail|p2a: Heliolisk|move: Shed Tail|[weak]\n|move|p2b: Rotom|Overheat|p1b: Orthworm\n|-supereffective|p1b: Orthworm|1\n|-damage|p1b: Orthworm|9/100\n|-unboost|p2b: Rotom|spa|2\n|-enditem|p1b: Orthworm|Sitrus Berry|[eat]\n|-heal|p1b: Orthworm|34/100|[from] item: Sitrus Berry\n|move|p1b: Orthworm|Shed Tail|p1b: Orthworm\n|-fail|p1b: Orthworm|move: Shed Tail|[weak]\n|\n|upkeep\n|turn|2\n|inactive|campeondelfitness has 30 seconds left.\n|\n|t:|1776375944\n|switch|p2a: Tyranitar|Tyranitar, L50, F|100/100\n|-weather|Sandstorm|[from] ability: Sand Stream|[of] p2a: Tyranitar\n|switch|p2b: Garchomp|Garchomp, L50, M|100/100\n|move|p1a: Arcanine|Rock Slide|p2a: Tyranitar|[spread] p2a,p2b\n|-resisted|p2b: Garchomp|1\n|-damage|p2a: Tyranitar|80/100\n|-damage|p2b: Garchomp|85/100\n|move|p1b: Orthworm|Iron Defense|p1b: Orthworm\n|-boost|p1b: Orthworm|def|2\n|\n|-weather|Sandstorm|[upkeep]\n|upkeep\n|turn|3\n|\n|t:|1776375967\n|switch|p1a: Hydreigon|Hydreigon, L50, F|100/100\n|switch|p2a: Rotom|Rotom-Heat, L50|38/100\n|detailschange|p2b: Garchomp|Garchomp-Mega, L50, M\n|-mega|p2b: Garchomp|Garchomp|Garchompite\n|move|p2b: Garchomp|Dragon Claw|p1b: Orthworm\n|-resisted|p1b: Orthworm|1\n|-crit|p1b: Orthworm\n|-damage|p1b: Orthworm|7/100\n|move|p1b: Orthworm|Body Press|p2a: Rotom\n|-damage|p2a: Rotom|0 fnt\n|faint|p2a: Rotom\n|\n|-weather|Sandstorm|[upkeep]\n|-damage|p1a: Hydreigon|94/100|[from] Sandstorm\n|upkeep\n|\n|t:|1776375981\n|switch|p2a: Heliolisk|Heliolisk, L50, M|38/100\n|turn|4\n|\n|t:|1776376001\n|move|p2b: Garchomp|Protect|p2b: Garchomp\n|-singleturn|p2b: Garchomp|Protect\n|move|p2a: Heliolisk|Discharge|p1a: Hydreigon|[spread] p1a,p1b\n|-activate|p2b: Garchomp|move: Protect\n|-resisted|p1a: Hydreigon|1\n|-damage|p1a: Hydreigon|81/100\n|-damage|p1b: Orthworm|0 fnt\n|faint|p1b: Orthworm\n|move|p1a: Hydreigon|Tailwind|p1a: Hydreigon\n|-sidestart|p1: Disfrazdetigre|move: Tailwind\n|\n|-weather|Sandstorm|[upkeep]\n|-damage|p1a: Hydreigon|75/100|[from] Sandstorm\n|upkeep\n|\n|t:|1776376014\n|switch|p1b: Blastoise|Blastoise, L50, M|100/100\n|turn|5\n|c|\u2606campeondelfitness|gg\n|\n|t:|1776376028\n|move|p1a: Hydreigon|Dark Pulse|p2a: Heliolisk\n|-damage|p2a: Heliolisk|0 fnt\n|faint|p2a: Heliolisk\n|move|p1b: Blastoise|Ice Beam|p2b: Garchomp\n|-supereffective|p2b: Garchomp|2\n|-damage|p2b: Garchomp|0 fnt\n|faint|p2b: Garchomp\n|\n|-weather|Sandstorm|[upkeep]\n|-damage|p1a: Hydreigon|69/100|[from] Sandstorm\n|-damage|p1b: Blastoise|94/100|[from] Sandstorm\n|upkeep\n|-message|campeondelfitness forfeited.\n|\n|win|Disfrazdetigre\n|raw|Disfrazdetigre's rating: 1335 &rarr; <strong>1350</strong><br />(+15 for winning)\n|raw|campeondelfitness's rating: 1251 &rarr; <strong>1232</strong><br />(-19 for losing)\n",
  "uploadtime": 1776376044,
  "views": 58,
  "formatid": "gen9championsvgc2026regma",
  "rating": 1232,
  "private": 0,
  "password": null
}