{
  "id": "gen9championsvgc2026regma-2587644675",
  "format": "[Gen 9 Champions] VGC 2026 Reg M-A",
  "players": [
    "Mind goblin games",
    "Splatgetti"
  ],
  "log": "|j|\u2606Mind goblin games\n|j|\u2606Splatgetti\n|t:|1776549898\n|gametype|doubles\n|player|p1|Mind goblin games|170|1485\n|player|p2|Splatgetti|266|1416\n|gen|9\n|tier|[Gen 9 Champions] VGC 2026 Reg M-A\n|rated|\n|rule|Species Clause: Limit one of each Pok\u00e9mon\n|rule|Item Clause: Limit 1 of each item\n|clearpoke\n|poke|p1|Oranguru, L50, M|\n|poke|p1|Drampa, L50, M|\n|poke|p1|Sneasler, L50, F|\n|poke|p1|Torkoal, L50, F|\n|poke|p1|Kingambit, L50, F|\n|poke|p1|Golurk, L50|\n|poke|p2|Floette-Eternal, L50, F|\n|poke|p2|Aerodactyl, L50, M|\n|poke|p2|Garchomp, L50, F|\n|poke|p2|Basculegion, L50, M|\n|poke|p2|Incineroar, L50, M|\n|poke|p2|Rotom-Wash, L50|\n|teampreview|4\n|inactive|Battle timer is ON: inactive players will automatically lose when time's up. (requested by Mind goblin games)\n|\n|t:|1776549925\n|teamsize|p1|4\n|teamsize|p2|4\n|start\n|switch|p1a: Oranguru|Oranguru, L50, M|100/100\n|switch|p1b: Sneasler|Sneasler, L50, F|100/100\n|switch|p2a: Basculegion|Basculegion, L50, M|100/100\n|switch|p2b: Aerodactyl|Aerodactyl, L50, M|100/100\n|-ability|p2b: Aerodactyl|Unnerve\n|turn|1\n|\n|t:|1776549938\n|move|p1b: Sneasler|Fake Out|p2b: Aerodactyl\n|-resisted|p2b: Aerodactyl|1\n|-damage|p2b: Aerodactyl|89/100\n|move|p2a: Basculegion|Wave Crash|p1a: Oranguru\n|-damage|p1a: Oranguru|46/100\n|-damage|p2a: Basculegion|82/100|[from] Recoil\n|cant|p2b: Aerodactyl|flinch\n|move|p1a: Oranguru|Trick Room|p1a: Oranguru\n|-fieldstart|move: Trick Room|[of] p1a: Oranguru\n|\n|upkeep\n|turn|2\n|inactive|Mind goblin games has 30 seconds left.\n|\n|t:|1776549968\n|move|p1a: Oranguru|Protect|p1a: Oranguru\n|-singleturn|p1a: Oranguru|Protect\n|move|p1b: Sneasler|Close Combat|p2b: Aerodactyl\n|-damage|p2b: Aerodactyl|0 fnt\n|-unboost|p1b: Sneasler|def|1\n|-unboost|p1b: Sneasler|spd|1\n|faint|p2b: Aerodactyl\n|-enditem|p1b: Sneasler|White Herb\n|-clearnegativeboost|p1b: Sneasler|[silent]\n|move|p2a: Basculegion|Wave Crash|p1a: Oranguru\n|-activate|p1a: Oranguru|move: Protect\n|\n|upkeep\n|\n|t:|1776549977\n|switch|p2b: Stupid Cat|Incineroar, L50, M|100/100\n|-ability|p2b: Stupid Cat|Intimidate|boost\n|-fail|p1a: Oranguru|unboost|Attack|[from] ability: Inner Focus|[of] p1a: Oranguru\n|-unboost|p1b: Sneasler|atk|1\n|turn|3\n|\n|t:|1776549993\n|move|p1a: Oranguru|Instruct|p1b: Sneasler\n|-singleturn|p1b: Sneasler|move: Instruct|[of] p1a: Oranguru\n|move|p1b: Sneasler|Close Combat|p2b: Stupid Cat\n|-supereffective|p2b: Stupid Cat|1\n|-damage|p2b: Stupid Cat|10/100\n|-unboost|p1b: Sneasler|def|1\n|-unboost|p1b: Sneasler|spd|1\n|-enditem|p2b: Stupid Cat|Sitrus Berry|[eat]\n|-heal|p2b: Stupid Cat|35/100|[from] item: Sitrus Berry\n|move|p2b: Stupid Cat|Darkest Lariat|p1a: Oranguru\n|-supereffective|p1a: Oranguru|1\n|-damage|p1a: Oranguru|0 fnt\n|faint|p1a: Oranguru\n|move|p2a: Basculegion|Wave Crash|p1b: Sneasler\n|-damage|p1b: Sneasler|0 fnt\n|faint|p1b: Sneasler\n|-damage|p2a: Basculegion|56/100|[from] Recoil\n|\n|upkeep\n|\n|t:|1776550005\n|switch|p1a: Golurk|Golurk, L50|100/100\n|switch|p1b: Kingambit|Kingambit, L50, F|100/100\n|turn|4\n|\n|t:|1776550017\n|switch|p2a: Rika|Floette-Eternal, L50, F|100/100\n|detailschange|p1a: Golurk|Golurk-Mega, L50\n|-mega|p1a: Golurk|Golurk|Golurkite\n|move|p1a: Golurk|Drain Punch|p2b: Stupid Cat\n|-supereffective|p2b: Stupid Cat|1\n|-damage|p2b: Stupid Cat|0 fnt\n|faint|p2b: Stupid Cat\n|move|p1b: Kingambit|Kowtow Cleave|p2a: Rika\n|-resisted|p2a: Rika|1\n|-damage|p2a: Rika|66/100\n|\n|upkeep\n|\n|t:|1776550019\n|switch|p2b: Basculegion|Basculegion, L50, M|56/100\n|turn|5\n|\n|t:|1776550031\n|move|p2a: Rika|Protect|p2a: Rika\n|-singleturn|p2a: Rika|Protect\n|move|p2b: Basculegion|Aqua Jet|p1a: Golurk\n|-supereffective|p1a: Golurk|1\n|-damage|p1a: Golurk|54/100\n|move|p1a: Golurk|Poltergeist|p2a: Rika\n|-activate|p2a: Rika|move: Protect\n|move|p1b: Kingambit|Kowtow Cleave|p2b: Basculegion\n|-supereffective|p2b: Basculegion|1\n|-damage|p2b: Basculegion|0 fnt\n|faint|p2b: Basculegion\n|\n|-fieldend|move: Trick Room\n|upkeep\n|turn|6\n|\n|t:|1776550039\n|detailschange|p2a: Rika|Floette-Mega, L50, F\n|-mega|p2a: Rika|Floette|Floettite\n|-ability|p2a: Rika|Fairy Aura\n|move|p2a: Rika|Dazzling Gleam|p1a: Golurk|[spread] p1a,p1b\n|-crit|p1a: Golurk\n|-damage|p1a: Golurk|0 fnt\n|-damage|p1b: Kingambit|53/100\n|faint|p1a: Golurk\n|move|p1b: Kingambit|Iron Head|p2a: Rika\n|-supereffective|p2a: Rika|1\n|-crit|p2a: Rika\n|-damage|p2a: Rika|0 fnt\n|faint|p2a: Rika\n|\n|win|Mind goblin games\n|raw|Mind goblin games's rating: 1485 &rarr; <strong>1501</strong><br />(+16 for winning)\n|raw|Splatgetti's rating: 1416 &rarr; <strong>1400</strong><br />(-16 for losing)\n",
  "uploadtime": 1776550053,
  "views": 17,
  "formatid": "gen9championsvgc2026regma",
  "rating": 1400,
  "private": 0,
  "password": null
}