{
  "id": "gen9championsvgc2026regma-2584219173",
  "format": "[Gen 9 Champions] VGC 2026 Reg M-A",
  "players": [
    "sweepy boi",
    "gurik"
  ],
  "log": "|j|\u2606sweepy boi\n|j|\u2606gurik\n|t:|1776239642\n|gametype|doubles\n|player|p1|sweepy boi|skyla|1280\n|player|p2|gurik|cynthia-gen4|1347\n|gen|9\n|tier|[Gen 9 Champions] VGC 2026 Reg M-A\n|rated|\n|rule|Species Clause: Limit one of each Pok\u00e9mon\n|rule|Item Clause: Limit 1 of each item\n|clearpoke\n|poke|p1|Palafin, L50, F|\n|poke|p1|Incineroar, L50, M|\n|poke|p1|Sinistcha, L50|\n|poke|p1|Kangaskhan, L50, F|\n|poke|p1|Aegislash, L50, M|\n|poke|p1|Talonflame, L50, M|\n|poke|p2|Charizard, L50, M|\n|poke|p2|Venusaur, L50, F|\n|poke|p2|Incineroar, L50, F|\n|poke|p2|Farigiraf, L50, F|\n|poke|p2|Clefable, L50, F|\n|poke|p2|Torkoal, L50, M|\n|teampreview|4\n|\n|t:|1776239669\n|teamsize|p1|4\n|teamsize|p2|4\n|start\n|switch|p1a: Talonflame|Talonflame, L50, M|100/100\n|switch|p1b: Kangaskhan|Kangaskhan, L50, F|100/100\n|switch|p2a: Charizard|Charizard, L50, M|100/100\n|switch|p2b: Venusaur|Venusaur, L50, F|100/100\n|turn|1\n|inactive|Battle timer is ON: inactive players will automatically lose when time's up. (requested by gurik)\n|\n|t:|1776239686\n|switch|p2b: Farigiraf|Farigiraf, L50, F|100/100\n|detailschange|p2a: Charizard|Charizard-Mega-Y, L50, M\n|-mega|p2a: Charizard|Charizard|Charizardite Y\n|-weather|SunnyDay|[from] ability: Drought|[of] p2a: Charizard\n|detailschange|p1b: Kangaskhan|Kangaskhan-Mega, L50, F\n|-mega|p1b: Kangaskhan|Kangaskhan|Kangaskhanite\n|move|p1a: Talonflame|Tailwind|p1a: Talonflame\n|-sidestart|p1: sweepy boi|move: Tailwind\n|move|p1b: Kangaskhan|Double-Edge|p2a: Charizard\n|-damage|p2a: Charizard|33/100\n|-damage|p2a: Charizard|17/100\n|-hitcount|p2a: Charizard|2\n|-damage|p1b: Kangaskhan|80/100|[from] Recoil\n|move|p2a: Charizard|Heat Wave|p1a: Talonflame|[spread] p1a,p1b\n|-resisted|p1a: Talonflame|1\n|-damage|p1a: Talonflame|45/100\n|-damage|p1b: Kangaskhan|29/100\n|\n|-weather|SunnyDay|[upkeep]\n|upkeep\n|turn|2\n|inactive|sweepy boi has 30 seconds left.\n|inactive|sweepy boi has 20 seconds left.\n|inactive|sweepy boi has 15 seconds left.\n|\n|t:|1776239727\n|switch|p1a: Incineroar|Incineroar, L50, M|100/100\n|-ability|p1a: Incineroar|Intimidate|boost\n|-unboost|p2a: Charizard|atk|1\n|-unboost|p2b: Farigiraf|atk|1\n|switch|p2a: Incineroar|Incineroar, L50, F|100/100\n|-ability|p2a: Incineroar|Intimidate|boost\n|-unboost|p1a: Incineroar|atk|1\n|-unboost|p1b: Kangaskhan|atk|1\n|move|p1b: Kangaskhan|Bite|p2b: Farigiraf\n|-supereffective|p2b: Farigiraf|1\n|-enditem|p2b: Farigiraf|Colbur Berry|[eat]\n|-enditem|p2b: Farigiraf|Colbur Berry|[weaken]\n|-damage|p2b: Farigiraf|91/100\n|-supereffective|p2b: Farigiraf|1\n|-damage|p2b: Farigiraf|86/100\n|-hitcount|p2b: Farigiraf|2\n|cant|p2b: Farigiraf|flinch\n|\n|-weather|SunnyDay|[upkeep]\n|upkeep\n|turn|3\n|inactive|sweepy boi has 30 seconds left.\n|\n|t:|1776239762\n|switch|p1a: Sinistcha|Sinistcha, L50|100/100\n|-heal|p1b: Kangaskhan|54/100|[from] ability: Hospitality|[of] p1a: Sinistcha\n|move|p2a: Incineroar|Fake Out|p1b: Kangaskhan\n|-damage|p1b: Kangaskhan|47/100\n|cant|p1b: Kangaskhan|flinch\n|move|p2b: Farigiraf|Trick Room|p2b: Farigiraf\n|-fieldstart|move: Trick Room|[of] p2b: Farigiraf\n|\n|-weather|SunnyDay|[upkeep]\n|upkeep\n|turn|4\n|\n|t:|1776239777\n|switch|p1b: Incineroar|Incineroar, L50, M|100/100\n|-ability|p1b: Incineroar|Intimidate|boost\n|-unboost|p2a: Incineroar|atk|1\n|-unboost|p2b: Farigiraf|atk|1\n|move|p1a: Sinistcha|Protect|p1a: Sinistcha\n|-singleturn|p1a: Sinistcha|Protect\n|move|p2a: Incineroar|Flare Blitz|p1a: Sinistcha\n|-activate|p1a: Sinistcha|move: Protect\n|move|p2b: Farigiraf|Hyper Voice|p1a: Sinistcha|[spread] p1b\n|-activate|p1a: Sinistcha|move: Protect\n|-damage|p1b: Incineroar|81/100\n|\n|-weather|SunnyDay|[upkeep]\n|-sideend|p1: sweepy boi|move: Tailwind\n|upkeep\n|turn|5\n|\n|t:|1776239802\n|switch|p1a: Talonflame|Talonflame, L50, M|45/100\n|move|p2a: Incineroar|Flare Blitz|p1a: Talonflame\n|-resisted|p1a: Talonflame|1\n|-damage|p1a: Talonflame|11/100\n|-damage|p2a: Incineroar|92/100|[from] Recoil\n|move|p2b: Farigiraf|Hyper Voice|p1b: Incineroar|[spread] p1a,p1b\n|-crit|p1b: Incineroar\n|-damage|p1a: Talonflame|0 fnt\n|-damage|p1b: Incineroar|52/100\n|faint|p1a: Talonflame\n|move|p1b: Incineroar|Flare Blitz|p2b: Farigiraf\n|-damage|p2b: Farigiraf|32/100\n|-damage|p1b: Incineroar|32/100|[from] Recoil\n|\n|-weather|none\n|upkeep\n|\n|t:|1776239820\n|switch|p1a: Sinistcha|Sinistcha, L50|100/100\n|-heal|p1b: Incineroar|57/100|[from] ability: Hospitality|[of] p1a: Sinistcha\n|turn|6\n|\n|t:|1776239838\n|move|p2a: Incineroar|Parting Shot|p1b: Incineroar\n|-unboost|p1b: Incineroar|atk|1\n|-unboost|p1b: Incineroar|spa|1\n|\n|t:|1776239847\n|switch|p2a: Charizard|Charizard-Mega-Y, L50, M|17/100|[from] Parting Shot\n|-weather|SunnyDay|[from] ability: Drought|[of] p2a: Charizard\n|move|p2b: Farigiraf|Psychic|p1a: Sinistcha\n|-damage|p1a: Sinistcha|72/100\n|move|p1a: Sinistcha|Matcha Gotcha|p2b: Farigiraf|[spread] p2a,p2b\n|-resisted|p2a: Charizard|2\n|-damage|p2a: Charizard|11/100\n|-heal|p1a: Sinistcha|75/100|[from] drain|[of] p2a: Charizard\n|-damage|p2b: Farigiraf|7/100\n|-heal|p1a: Sinistcha|91/100|[from] drain|[of] p2b: Farigiraf\n|-status|p2b: Farigiraf|brn\n|move|p1b: Incineroar|Darkest Lariat|p2b: Farigiraf\n|-supereffective|p2b: Farigiraf|1\n|-damage|p2b: Farigiraf|0 fnt\n|faint|p2b: Farigiraf\n|\n|-weather|SunnyDay|[upkeep]\n|upkeep\n|\n|t:|1776239853\n|switch|p2b: Incineroar|Incineroar, L50, F|92/100\n|-ability|p2b: Incineroar|Intimidate|boost\n|-unboost|p1a: Sinistcha|atk|1\n|-unboost|p1b: Incineroar|atk|1\n|turn|7\n|inactive|sweepy boi has 30 seconds left.\n|inactive|sweepy boi has 20 seconds left.\n|inactive|sweepy boi has 15 seconds left.\n|\n|t:|1776239895\n|move|p1a: Sinistcha|Protect|p1a: Sinistcha\n|-singleturn|p1a: Sinistcha|Protect\n|move|p2a: Charizard|Protect|p2a: Charizard\n|-singleturn|p2a: Charizard|Protect\n|move|p2b: Incineroar|Flare Blitz|p1a: Sinistcha\n|-activate|p1a: Sinistcha|move: Protect\n|move|p1b: Incineroar|Darkest Lariat|p2a: Charizard\n|-activate|p2a: Charizard|move: Protect\n|\n|-weather|SunnyDay|[upkeep]\n|-fieldend|move: Trick Room\n|upkeep\n|turn|8\n|inactive|sweepy boi has 30 seconds left.\n|\n|t:|1776239928\n|move|p1a: Sinistcha|Protect||[still]\n|-fail|p1a: Sinistcha\n|move|p2a: Charizard|Heat Wave|p1b: Incineroar|[spread] p1a,p1b\n|-supereffective|p1a: Sinistcha|1\n|-resisted|p1b: Incineroar|1\n|-damage|p1a: Sinistcha|0 fnt\n|-damage|p1b: Incineroar|28/100\n|faint|p1a: Sinistcha\n|move|p1b: Incineroar|Flare Blitz|p2a: Charizard\n|-resisted|p2a: Charizard|1\n|-damage|p2a: Charizard|0 fnt\n|faint|p2a: Charizard\n|-damage|p1b: Incineroar|25/100|[from] Recoil\n|move|p2b: Incineroar|Flare Blitz|p1b: Incineroar\n|-resisted|p1b: Incineroar|1\n|-damage|p1b: Incineroar|0 fnt\n|faint|p1b: Incineroar\n|-damage|p2b: Incineroar|84/100|[from] Recoil\n|\n|-weather|SunnyDay|[upkeep]\n|upkeep\n|\n|t:|1776239935\n|switch|p2a: Venusaur|Venusaur, L50, F|100/100\n|switch|p1b: Kangaskhan|Kangaskhan-Mega, L50, F|47/100\n|turn|9\n|\n|t:|1776239946\n|move|p2a: Venusaur|Sludge Bomb|p1b: Kangaskhan\n|-damage|p1b: Kangaskhan|14/100\n|-status|p1b: Kangaskhan|psn\n|move|p1b: Kangaskhan|Double-Edge|p2b: Incineroar\n|-damage|p2b: Incineroar|39/100\n|-enditem|p2b: Incineroar|Sitrus Berry|[eat]\n|-heal|p2b: Incineroar|64/100|[from] item: Sitrus Berry\n|-damage|p2b: Incineroar|53/100\n|-hitcount|p2b: Incineroar|2\n|-damage|p1b: Kangaskhan|0 fnt|[from] Recoil\n|faint|p1b: Kangaskhan\n|\n|win|gurik\n|raw|sweepy boi's rating: 1280 &rarr; <strong>1260</strong><br />(-20 for losing)\n|raw|gurik's rating: 1347 &rarr; <strong>1363</strong><br />(+16 for winning)\n|l|\u2606gurik\n|player|p2|\n",
  "uploadtime": 1776239958,
  "views": 45,
  "formatid": "gen9championsvgc2026regma",
  "rating": 1260,
  "private": 0,
  "password": null
}