{
  "id": "gen9championsvgc2026regma-2586331208",
  "format": "[Gen 9 Champions] VGC 2026 Reg M-A",
  "players": [
    "Vonneumannalgebra",
    "emmesg"
  ],
  "log": "|j|\u2606Vonneumannalgebra\n|j|\u2606emmesg\n|t:|1776426017\n|gametype|doubles\n|player|p1|Vonneumannalgebra|lucas|1445\n|player|p2|emmesg|266|1439\n|gen|9\n|tier|[Gen 9 Champions] VGC 2026 Reg M-A\n|rated|\n|rule|Species Clause: Limit one of each Pok\u00e9mon\n|rule|Item Clause: Limit 1 of each item\n|clearpoke\n|poke|p1|Blastoise, L50, F|\n|poke|p1|Kingambit, L50, F|\n|poke|p1|Pelipper, L50, F|\n|poke|p1|Talonflame, L50, F|\n|poke|p1|Gengar, L50, F|\n|poke|p1|Goodra-Hisui, L50, F|\n|poke|p2|Floette-Eternal, L50, F|\n|poke|p2|Talonflame, L50, F|\n|poke|p2|Garchomp, L50, M|\n|poke|p2|Sneasler, L50, F|\n|poke|p2|Basculegion, L50, M|\n|poke|p2|Maushold, L50|\n|teampreview|4\n|inactive|Battle timer is ON: inactive players will automatically lose when time's up. (requested by Vonneumannalgebra)\n|inactive|Vonneumannalgebra has 60 seconds left.\n|inactive|emmesg has 60 seconds left.\n|\n|t:|1776426054\n|teamsize|p1|4\n|teamsize|p2|4\n|start\n|switch|p1a: Blastoise|Blastoise, L50, F|100/100\n|switch|p1b: Talonflame|Talonflame, L50, F|100/100\n|switch|p2a: Basculegion|Basculegion, L50, M|100/100\n|switch|p2b: Sneasler|Sneasler, L50, F|100/100\n|turn|1\n|inactive|emmesg has 30 seconds left.\n|\n|t:|1776426081\n|switch|p2a: Floette|Floette-Eternal, L50, F|100/100\n|detailschange|p1a: Blastoise|Blastoise-Mega, L50, F\n|-mega|p1a: Blastoise|Blastoise|Blastoisinite\n|move|p1b: Talonflame|Protect|p1b: Talonflame\n|-singleturn|p1b: Talonflame|Protect\n|move|p2b: Sneasler|Fake Out|p1b: Talonflame\n|-activate|p1b: Talonflame|move: Protect\n|move|p1a: Blastoise|Dark Pulse|p2a: Floette\n|-resisted|p2a: Floette|1\n|-damage|p2a: Floette|78/100\n|\n|upkeep\n|turn|2\n|\n|t:|1776426101\n|switch|p2b: Maushold|Maushold, L50|100/100\n|detailschange|p2a: Floette|Floette-Mega, L50, F\n|-mega|p2a: Floette|Floette|Floettite\n|-ability|p2a: Floette|Fairy Aura\n|move|p1b: Talonflame|Brave Bird|p2b: Maushold\n|-damage|p2b: Maushold|44/100\n|-damage|p1b: Talonflame|79/100|[from] Recoil\n|move|p2a: Floette|Moonblast|p1a: Blastoise\n|-damage|p1a: Blastoise|48/100\n|move|p1a: Blastoise|Water Pulse|p2a: Floette\n|-damage|p2a: Floette|47/100\n|\n|upkeep\n|turn|3\n|inactive|emmesg has 30 seconds left.\n|\n|t:|1776426133\n|move|p2b: Maushold|Follow Me|p2b: Maushold\n|-singleturn|p2b: Maushold|move: Follow Me\n|move|p1b: Talonflame|Tailwind|p1b: Talonflame\n|-sidestart|p1: Vonneumannalgebra|move: Tailwind\n|move|p1a: Blastoise|Dark Pulse|p2b: Maushold\n|-damage|p2b: Maushold|0 fnt\n|faint|p2b: Maushold\n|move|p2a: Floette|Moonblast|p1a: Blastoise\n|-damage|p1a: Blastoise|0 fnt\n|faint|p1a: Blastoise\n|\n|upkeep\n|inactive|Vonneumannalgebra has 30 seconds left.\n|\n|t:|1776426162\n|switch|p2b: Sneasler|Sneasler, L50, F|100/100\n|switch|p1a: Goodra|Goodra-Hisui, L50, F|100/100\n|turn|4\n|\n|t:|1776426176\n|move|p2b: Sneasler|Fake Out|p1b: Talonflame\n|-damage|p1b: Talonflame|54/100\n|cant|p1b: Talonflame|flinch\n|move|p2a: Floette|Moonblast|p1a: Goodra\n|-damage|p1a: Goodra|65/100\n|move|p1a: Goodra|Heavy Slam|p2a: Floette\n|-supereffective|p2a: Floette|1\n|-damage|p2a: Floette|0 fnt\n|faint|p2a: Floette\n|\n|-heal|p1a: Goodra|71/100|[from] item: Leftovers\n|upkeep\n|\n|t:|1776426186\n|switch|p2a: Basculegion|Basculegion, L50, M|100/100\n|turn|5\n|inactive|Vonneumannalgebra has 30 seconds left.\n|inactive|Vonneumannalgebra has 20 seconds left.\n|\n|t:|1776426224\n|move|p1b: Talonflame|Protect|p1b: Talonflame\n|-singleturn|p1b: Talonflame|Protect\n|move|p2b: Sneasler|Protect|p2b: Sneasler\n|-singleturn|p2b: Sneasler|Protect\n|move|p2a: Basculegion|Last Respects|p1b: Talonflame\n|-activate|p1b: Talonflame|move: Protect\n|move|p1a: Goodra|Curse|p1a: Goodra\n|-unboost|p1a: Goodra|spe|1\n|-boost|p1a: Goodra|atk|1\n|-boost|p1a: Goodra|def|1\n|\n|-heal|p1a: Goodra|76/100|[from] item: Leftovers\n|upkeep\n|turn|6\n|\n|t:|1776426241\n|move|p1b: Talonflame|Brave Bird|p2b: Sneasler\n|-supereffective|p2b: Sneasler|1\n|-damage|p2b: Sneasler|0 fnt\n|faint|p2b: Sneasler\n|-damage|p1b: Talonflame|21/100|[from] Recoil\n|move|p2a: Basculegion|Last Respects|p1b: Talonflame\n|-damage|p1b: Talonflame|0 fnt\n|faint|p1b: Talonflame\n|move|p1a: Goodra|Curse|p1a: Goodra\n|-unboost|p1a: Goodra|spe|1\n|-boost|p1a: Goodra|atk|1\n|-boost|p1a: Goodra|def|1\n|\n|-heal|p1a: Goodra|82/100|[from] item: Leftovers\n|-sideend|p1: Vonneumannalgebra|move: Tailwind\n|upkeep\n|\n|t:|1776426259\n|switch|p1b: Kingambit|Kingambit, L50, F|100/100\n|turn|7\n|-message|emmesg forfeited.\n|\n|win|Vonneumannalgebra\n|raw|Vonneumannalgebra's rating: 1466 &rarr; <strong>1484</strong><br />(+18 for winning)\n|raw|emmesg's rating: 1439 &rarr; <strong>1421</strong><br />(-18 for losing)\n|l|\u2606emmesg\n|player|p2|\n|l|\u2606Vonneumannalgebra\n|player|p1|\n",
  "uploadtime": 1776426338,
  "views": 44,
  "formatid": "gen9championsvgc2026regma",
  "rating": 1421,
  "private": 0,
  "password": null
}