{
  "id": "gen9championsvgc2026regma-2586413131",
  "format": "[Gen 9 Champions] VGC 2026 Reg M-A",
  "players": [
    "KogaAF1219",
    "RomanTogepi"
  ],
  "log": "|j|\u2606KogaAF1219\n|j|\u2606RomanTogepi\n|t:|1776432918\n|gametype|doubles\n|player|p1|KogaAF1219|koga|1397\n|player|p2|RomanTogepi|swimmer-gen4dp|1359\n|gen|9\n|tier|[Gen 9 Champions] VGC 2026 Reg M-A\n|rated|\n|rule|Species Clause: Limit one of each Pok\u00e9mon\n|rule|Item Clause: Limit 1 of each item\n|clearpoke\n|poke|p1|Torkoal, L50, M|\n|poke|p1|Venusaur, L50, F|\n|poke|p1|Incineroar, L50, F|\n|poke|p1|Farigiraf, L50, M|\n|poke|p1|Rotom-Fan, L50|\n|poke|p1|Excadrill, L50, F|\n|poke|p2|Gengar, L50, M|\n|poke|p2|Incineroar, L50, M|\n|poke|p2|Sneasler, L50, M|\n|poke|p2|Politoed, L50, M|\n|poke|p2|Sinistcha-Masterpiece, L50|\n|poke|p2|Dragonite, L50, M|\n|teampreview|4\n|inactive|Battle timer is ON: inactive players will automatically lose when time's up. (requested by KogaAF1219)\nKogaAF1219 has agreed to open team sheets.\n|\n|t:|1776432944\n|teamsize|p1|4\n|teamsize|p2|4\n|start\n|switch|p1a: Rotom|Rotom-Fan, L50|100/100\n|switch|p1b: Excadrill|Excadrill, L50, F|100/100\n|switch|p2a: Incineroar|Incineroar, L50, M|100/100\n|switch|p2b: Dragonite|Dragonite, L50, M, shiny|100/100\n|-ability|p1b: Excadrill|Mold Breaker\n|-ability|p2a: Incineroar|Intimidate|boost\n|-unboost|p1a: Rotom|atk|1\n|-unboost|p1b: Excadrill|atk|1\n|turn|1\n|\n|t:|1776432954\n|switch|p1b: Farigiraf|Farigiraf, L50, M|100/100\n|switch|p2a: Politoed|Politoed, L50, M, shiny|100/100\n|-weather|RainDance|[from] ability: Drizzle|[of] p2a: Politoed\n|detailschange|p2b: Dragonite|Dragonite-Mega, L50, M, shiny\n|-mega|p2b: Dragonite|Dragonite|Dragoninite\n|move|p1a: Rotom|Volt Switch|p2b: Dragonite\n|-damage|p2b: Dragonite|91/100\n|\n|t:|1776432967\n|switch|p1a: Venusaur|Venusaur, L50, F|100/100|[from] Volt Switch\n|move|p2b: Dragonite|Weather Ball|p1b: Farigiraf\n|-damage|p1b: Farigiraf|38/100\n|\n|-weather|RainDance|[upkeep]\n|upkeep\n|turn|2\n|\n|t:|1776432979\n|detailschange|p1a: Venusaur|Venusaur-Mega, L50, F\n|-mega|p1a: Venusaur|Venusaur|Venusaurite\n|move|p2a: Politoed|Icy Wind|p1a: Venusaur|[spread] p1a,p1b\n|-supereffective|p1a: Venusaur|1\n|-damage|p1a: Venusaur|91/100\n|-damage|p1b: Farigiraf|26/100\n|-unboost|p1a: Venusaur|spe|1\n|-unboost|p1b: Farigiraf|spe|1\n|move|p2b: Dragonite|Weather Ball|p1b: Farigiraf\n|-damage|p1b: Farigiraf|0 fnt\n|faint|p1b: Farigiraf\n|move|p1a: Venusaur|Sleep Powder|p2b: Dragonite|[miss]\n|-miss|p1a: Venusaur|p2b: Dragonite\n|\n|-weather|RainDance|[upkeep]\n|upkeep\n|\n|t:|1776432988\n|switch|p1b: Rotom|Rotom-Fan, L50|100/100\n|turn|3\n|\n|t:|1776432996\n|switch|p2a: Incineroar|Incineroar, L50, M|100/100\n|-ability|p2a: Incineroar|Intimidate|boost\n|-unboost|p1a: Venusaur|atk|1\n|-unboost|p1b: Rotom|atk|1\n|switch|p1a: Excadrill|Excadrill, L50, F|100/100\n|-ability|p1a: Excadrill|Mold Breaker\n|move|p2b: Dragonite|Protect|p2b: Dragonite\n|-singleturn|p2b: Dragonite|Protect\n|move|p1b: Rotom|Discharge|p2a: Incineroar|[spread] p2a\n|-activate|p2b: Dragonite|move: Protect\n|-immune|p1a: Excadrill\n|-damage|p2a: Incineroar|80/100\n|\n|-weather|RainDance|[upkeep]\n|upkeep\n|turn|4\n|\n|t:|1776433012\n|move|p1a: Excadrill|Protect|p1a: Excadrill\n|-singleturn|p1a: Excadrill|Protect\n|move|p2a: Incineroar|Fake Out|p1a: Excadrill\n|-activate|p1a: Excadrill|move: Protect\n|move|p1b: Rotom|Discharge|p2a: Incineroar|[spread] p2a,p2b\n|-activate|p1a: Excadrill|move: Protect\n|-damage|p2a: Incineroar|57/100\n|-damage|p2b: Dragonite|75/100\n|move|p2b: Dragonite|Weather Ball|p1a: Excadrill\n|-activate|p1a: Excadrill|move: Protect\n|\n|-weather|RainDance|[upkeep]\n|upkeep\n|turn|5\n|\n|t:|1776433024\n|switch|p2a: Sinistcha|Sinistcha-Masterpiece, L50|100/100\n|-heal|p2b: Dragonite|99/100|[from] ability: Hospitality|[of] p2a: Sinistcha\n|move|p1b: Rotom|Discharge|p2a: Sinistcha|[spread] p2a,p2b\n|-immune|p1a: Excadrill\n|-resisted|p2a: Sinistcha|1\n|-damage|p2a: Sinistcha|90/100\n|-damage|p2b: Dragonite|84/100\n|-status|p2a: Sinistcha|par\n|move|p1a: Excadrill|Rock Slide|p2a: Sinistcha|[spread] p2a,p2b\n|-supereffective|p2b: Dragonite|1\n|-damage|p2a: Sinistcha|71/100 par\n|-damage|p2b: Dragonite|52/100\n|cant|p2b: Dragonite|flinch\n|\n|-weather|none\n|upkeep\n|turn|6\n|\n|t:|1776433044\n|switch|p2a: Politoed|Politoed, L50, M, shiny|100/100\n|-weather|RainDance|[from] ability: Drizzle|[of] p2a: Politoed\n|move|p2b: Dragonite|Protect|p2b: Dragonite\n|-singleturn|p2b: Dragonite|Protect\n|move|p1b: Rotom|Discharge|p2a: Politoed|[spread] p2a\n|-activate|p2b: Dragonite|move: Protect\n|-immune|p1a: Excadrill\n|-supereffective|p2a: Politoed|1\n|-damage|p2a: Politoed|53/100\n|move|p1a: Excadrill|Rock Slide|p2b: Dragonite|[spread] p2a\n|-activate|p2b: Dragonite|move: Protect\n|-damage|p2a: Politoed|28/100\n|\n|-weather|RainDance|[upkeep]\n|upkeep\n|turn|7\n|\n|t:|1776433051\n|move|p1b: Rotom|Discharge|p2b: Dragonite|[spread] p2a,p2b\n|-immune|p1a: Excadrill\n|-supereffective|p2a: Politoed|1\n|-damage|p2a: Politoed|0 fnt\n|-damage|p2b: Dragonite|35/100\n|faint|p2a: Politoed\n|move|p1a: Excadrill|Rock Slide|p2b: Dragonite\n|-supereffective|p2b: Dragonite|1\n|-damage|p2b: Dragonite|0 fnt\n|faint|p2b: Dragonite\n|\n|-weather|RainDance|[upkeep]\n|upkeep\n|\n|t:|1776433055\n|switch|p2b: Incineroar|Incineroar, L50, M|57/100\n|switch|p2a: Sinistcha|Sinistcha-Masterpiece, L50|71/100 par\n|-ability|p2b: Incineroar|Intimidate|boost\n|-unboost|p1a: Excadrill|atk|1\n|-unboost|p1b: Rotom|atk|1\n|-heal|p2b: Incineroar|82/100|[from] ability: Hospitality|[of] p2a: Sinistcha\n|turn|8\n|\n|t:|1776433065\n|move|p1a: Excadrill|Protect|p1a: Excadrill\n|-singleturn|p1a: Excadrill|Protect\n|move|p2b: Incineroar|Fake Out|p1a: Excadrill\n|-activate|p1a: Excadrill|move: Protect\n|move|p1b: Rotom|Discharge|p2b: Incineroar|[spread] p2a,p2b\n|-activate|p1a: Excadrill|move: Protect\n|-resisted|p2a: Sinistcha|1\n|-damage|p2a: Sinistcha|61/100 par\n|-damage|p2b: Incineroar|60/100\n|-status|p2b: Incineroar|par\n|move|p2a: Sinistcha|Matcha Gotcha|p1a: Excadrill|[spread] p1b\n|-activate|p1a: Excadrill|move: Protect\n|-resisted|p1b: Rotom|1\n|-damage|p1b: Rotom|87/100\n|-heal|p2a: Sinistcha|67/100 par|[from] drain|[of] p1b: Rotom\n|\n|-weather|RainDance|[upkeep]\n|upkeep\n|turn|9\n|-message|RomanTogepi forfeited.\n|\n|win|KogaAF1219\n|raw|KogaAF1219's rating: 1397 &rarr; <strong>1415</strong><br />(+18 for winning)\n|raw|RomanTogepi's rating: 1359 &rarr; <strong>1341</strong><br />(-18 for losing)\n|l|\u2606RomanTogepi\n|player|p2|\n",
  "uploadtime": 1776433073,
  "views": 44,
  "formatid": "gen9championsvgc2026regma",
  "rating": 1341,
  "private": 0,
  "password": null
}