{
  "id": "gen9championsvgc2026regma-2584793270",
  "format": "[Gen 9 Champions] VGC 2026 Reg M-A",
  "players": [
    "Nickdia1",
    "jyotsha"
  ],
  "log": "|j|\u2606Nickdia1\n|j|\u2606jyotsha\n|t:|1776284066\n|gametype|doubles\n|player|p1|Nickdia1|2|1279\n|player|p2|jyotsha|101|1310\n|gen|9\n|tier|[Gen 9 Champions] VGC 2026 Reg M-A\n|rated|\n|rule|Species Clause: Limit one of each Pok\u00e9mon\n|rule|Item Clause: Limit 1 of each item\n|clearpoke\n|poke|p1|Camerupt, L50, M|\n|poke|p1|Bellibolt, L50, F|\n|poke|p1|Sinistcha-Masterpiece, L50|\n|poke|p1|Incineroar, L50, M|\n|poke|p1|Abomasnow, L50, F|\n|poke|p1|Oranguru, L50, M|\n|poke|p2|Floette-Eternal, L50, F|\n|poke|p2|Sinistcha, L50|\n|poke|p2|Sableye, L50, M|\n|poke|p2|Aegislash, L50, M|\n|poke|p2|Charizard, L50, F|\n|poke|p2|Incineroar, L50, M|\n|teampreview|4\n|inactive|Battle timer is ON: inactive players will automatically lose when time's up. (requested by jyotsha)\n|inactive|Nickdia1 has 60 seconds left.\n|inactive|jyotsha has 60 seconds left.\n|\n|t:|1776284112\n|teamsize|p1|4\n|teamsize|p2|4\n|start\n|switch|p1a: Oranguru|Oranguru, L50, M|100/100\n|switch|p1b: Camerupt|Camerupt, L50, M|100/100\n|switch|p2a: Floette|Floette-Eternal, L50, F|100/100\n|switch|p2b: Incineroar|Incineroar, L50, M|100/100\n|-ability|p2b: Incineroar|Intimidate|boost\n|-fail|p1a: Oranguru|unboost|Attack|[from] ability: Inner Focus|[of] p1a: Oranguru\n|-unboost|p1b: Camerupt|atk|1\n|turn|1\n|\n|t:|1776284126\n|detailschange|p2a: Floette|Floette-Mega, L50, F\n|-mega|p2a: Floette|Floette|Floettite\n|-ability|p2a: Floette|Fairy Aura\n|detailschange|p1b: Camerupt|Camerupt-Mega, L50, M\n|-mega|p1b: Camerupt|Camerupt|Cameruptite\n|move|p1b: Camerupt|Protect|p1b: Camerupt\n|-singleturn|p1b: Camerupt|Protect\n|move|p2b: Incineroar|Fake Out|p1b: Camerupt\n|-activate|p1b: Camerupt|move: Protect\n|move|p2a: Floette|Calm Mind|p2a: Floette\n|-boost|p2a: Floette|spa|1\n|-boost|p2a: Floette|spd|1\n|move|p1a: Oranguru|Trick Room|p1a: Oranguru\n|-fieldstart|move: Trick Room|[of] p1a: Oranguru\n|\n|upkeep\n|turn|2\n|\n|t:|1776284147\n|move|p2a: Floette|Protect|p2a: Floette\n|-singleturn|p2a: Floette|Protect\n|move|p1b: Camerupt|Earth Power|p2b: Incineroar\n|-supereffective|p2b: Incineroar|1\n|-damage|p2b: Incineroar|0 fnt\n|faint|p2b: Incineroar\n|move|p1a: Oranguru|Instruct|p1b: Camerupt\n|-singleturn|p1b: Camerupt|move: Instruct|[of] p1a: Oranguru\n|move|p1b: Camerupt|Earth Power|p2a: Floette\n|-activate|p2a: Floette|move: Protect\n|\n|upkeep\n|\n|t:|1776284153\n|switch|p2b: Sableye|Sableye, L50, M|100/100\n|turn|3\n|inactive|jyotsha has 30 seconds left.\n|\n|t:|1776284180\n|move|p2b: Sableye|Fake Out|p1b: Camerupt\n|-damage|p1b: Camerupt|93/100\n|cant|p1b: Camerupt|flinch\n|move|p1a: Oranguru|Instruct|p1b: Camerupt\n|-singleturn|p1b: Camerupt|move: Instruct|[of] p1a: Oranguru\n|cant|p1b: Camerupt|flinch\n|move|p2a: Floette|Calm Mind|p2a: Floette\n|-boost|p2a: Floette|spa|1\n|-boost|p2a: Floette|spd|1\n|\n|upkeep\n|turn|4\n|inactive|Nickdia1 has 30 seconds left.\n|inactive|Nickdia1 has 20 seconds left.\n|\n|t:|1776284216\n|move|p2b: Sableye|Light Screen|p2b: Sableye\n|-sidestart|p2: jyotsha|move: Light Screen\n|move|p1b: Camerupt|Earth Power|p2a: Floette\n|-damage|p2a: Floette|82/100\n|move|p1a: Oranguru|Yawn|p2a: Floette\n|-start|p2a: Floette|move: Yawn|[of] p1a: Oranguru\n|move|p2a: Floette|Dazzling Gleam|p1a: Oranguru|[spread] p1a,p1b\n|-resisted|p1b: Camerupt|1\n|-damage|p1a: Oranguru|37/100\n|-damage|p1b: Camerupt|54/100\n|\n|upkeep\n|turn|5\n|\n|t:|1776284233\n|move|p2b: Sableye|Encore|p1a: Oranguru\n|-start|p1a: Oranguru|Encore\n|-enditem|p1a: Oranguru|Mental Herb\n|-end|p1a: Oranguru|Encore\n|move|p1b: Camerupt|Heat Wave|p2b: Sableye|[spread] p2a,p2b\n|-damage|p2a: Floette|68/100\n|-damage|p2b: Sableye|52/100\n|move|p1a: Oranguru|Instruct|p1b: Camerupt\n|-singleturn|p1b: Camerupt|move: Instruct|[of] p1a: Oranguru\n|move|p1b: Camerupt|Heat Wave|p2b: Sableye|[spread] p2a,p2b\n|-damage|p2a: Floette|53/100\n|-damage|p2b: Sableye|8/100\n|move|p2a: Floette|Calm Mind|p2a: Floette\n|-boost|p2a: Floette|spa|1\n|-boost|p2a: Floette|spd|1\n|\n|-end|p2a: Floette|move: Yawn|[silent]\n|-status|p2a: Floette|slp\n|-fieldend|move: Trick Room\n|upkeep\n|turn|6\n|\n|t:|1776284253\n|move|p2b: Sableye|Encore|p1a: Oranguru\n|-start|p1a: Oranguru|Encore\n|cant|p2a: Floette|slp\n|move|p1a: Oranguru|Instruct|p2b: Sableye\n|-singleturn|p2b: Sableye|move: Instruct|[of] p1a: Oranguru\n|move|p2b: Sableye|Encore||[still]\n|-fail|p2b: Sableye\n|move|p1b: Camerupt|Heat Wave|p2b: Sableye|[spread] p2a\n|-miss|p1b: Camerupt|p2b: Sableye\n|-damage|p2a: Floette|43/100 slp\n|\n|upkeep\n|turn|7\n|\n|t:|1776284271\n|move|p2b: Sableye|Will-O-Wisp|p1a: Oranguru\n|-status|p1a: Oranguru|brn\n|cant|p2a: Floette|slp\n|move|p1a: Oranguru|Instruct|p1b: Camerupt\n|-singleturn|p1b: Camerupt|move: Instruct|[of] p1a: Oranguru\n|move|p1b: Camerupt|Heat Wave|p2b: Sableye|[spread] p2a,p2b\n|-damage|p2a: Floette|31/100 slp\n|-damage|p2b: Sableye|0 fnt\n|faint|p2b: Sableye\n|move|p1b: Camerupt|Earth Power|p2a: Floette\n|-damage|p2a: Floette|17/100 slp\n|\n|-damage|p1a: Oranguru|30/100 brn|[from] brn\n|upkeep\n|\n|t:|1776284284\n|switch|p2b: Sinistcha|Sinistcha, L50|100/100\n|-heal|p2a: Floette|41/100 slp|[from] ability: Hospitality|[of] p2b: Sinistcha\n|turn|8\n|\n|t:|1776284293\n|-curestatus|p2a: Floette|slp|[msg]\n|move|p2a: Floette|Dazzling Gleam|p1a: Oranguru|[spread] p1a,p1b\n|-resisted|p1b: Camerupt|1\n|-damage|p1a: Oranguru|0 fnt\n|-damage|p1b: Camerupt|10/100\n|faint|p1a: Oranguru\n|move|p2b: Sinistcha|Life Dew||[still]|[spread] p2a,p2b\n|-heal|p2a: Floette|66/100\n|-fail|p2b: Sinistcha|heal\n|move|p1b: Camerupt|Heat Wave|p2b: Sinistcha|[spread] p2a,p2b\n|-supereffective|p2b: Sinistcha|1\n|-damage|p2a: Floette|55/100\n|-damage|p2b: Sinistcha|42/100\n|-enditem|p2b: Sinistcha|Sitrus Berry|[eat]\n|-heal|p2b: Sinistcha|67/100|[from] item: Sitrus Berry\n|\n|-sideend|p2: jyotsha|move: Light Screen\n|upkeep\n|\n|t:|1776284306\n|switch|p1a: Incineroar|Incineroar, L50, M|100/100\n|-ability|p1a: Incineroar|Intimidate|boost\n|-unboost|p2a: Floette|atk|1\n|-unboost|p2b: Sinistcha|atk|1\n|turn|9\n|\n|t:|1776284318\n|move|p2a: Floette|Protect|p2a: Floette\n|-singleturn|p2a: Floette|Protect\n|move|p1a: Incineroar|Fake Out|p2a: Floette\n|-activate|p2a: Floette|move: Protect\n|move|p2b: Sinistcha|Matcha Gotcha|p1b: Camerupt|[spread] p1a,p1b\n|-resisted|p1a: Incineroar|1\n|-damage|p1a: Incineroar|93/100\n|-heal|p2b: Sinistcha|71/100|[from] drain|[of] p1a: Incineroar\n|-damage|p1b: Camerupt|0 fnt\n|-heal|p2b: Sinistcha|76/100|[from] drain|[of] p1b: Camerupt\n|faint|p1b: Camerupt\n|\n|upkeep\n|\n|t:|1776284323\n|switch|p1b: Bellibolt|Bellibolt, L50, F|100/100\n|turn|10\n|\n|t:|1776284336\n|move|p2b: Sinistcha|Rage Powder|p2b: Sinistcha\n|-singleturn|p2b: Sinistcha|move: Rage Powder\n|move|p2a: Floette|Dazzling Gleam|p1b: Bellibolt|[spread] p1a,p1b\n|-crit|p1b: Bellibolt\n|-damage|p1a: Incineroar|21/100\n|-damage|p1b: Bellibolt|0 fnt\n|-enditem|p1a: Incineroar|Sitrus Berry|[eat]\n|-heal|p1a: Incineroar|46/100|[from] item: Sitrus Berry\n|faint|p1b: Bellibolt\n|move|p1a: Incineroar|Snarl|p2b: Sinistcha|[spread] p2a,p2b\n|-resisted|p2a: Floette|1\n|-supereffective|p2b: Sinistcha|1\n|-damage|p2a: Floette|54/100\n|-damage|p2b: Sinistcha|56/100\n|-unboost|p2a: Floette|spa|1\n|-unboost|p2b: Sinistcha|spa|1\n|\n|upkeep\n|turn|11\n|\n|t:|1776284348\n|move|p2a: Floette|Moonblast|p1a: Incineroar\n|-damage|p1a: Incineroar|0 fnt\n|faint|p1a: Incineroar\n|\n|win|jyotsha\n|raw|Nickdia1's rating: 1279 &rarr; <strong>1256</strong><br />(-23 for losing)\n|raw|jyotsha's rating: 1310 &rarr; <strong>1328</strong><br />(+18 for winning)\n",
  "uploadtime": 1776284348,
  "views": 26,
  "formatid": "gen9championsvgc2026regma",
  "rating": 1256,
  "private": 0,
  "password": null
}