{
  "id": "gen9championsvgc2026regma-2586610915",
  "format": "[Gen 9 Champions] VGC 2026 Reg M-A",
  "players": [
    "ivighost47",
    "Malucher"
  ],
  "log": "|j|\u2606ivighost47\n|j|\u2606Malucher\n|t:|1776446647\n|gametype|doubles\n|player|p1|ivighost47|bruno|1138\n|player|p2|Malucher|266|1150\n|gen|9\n|tier|[Gen 9 Champions] VGC 2026 Reg M-A\n|rated|\n|rule|Species Clause: Limit one of each Pok\u00e9mon\n|rule|Item Clause: Limit 1 of each item\n|clearpoke\n|poke|p1|Gardevoir, L50, F|\n|poke|p1|Sneasler, L50, M|\n|poke|p1|Kingambit, L50, F|\n|poke|p1|Milotic, L50, F|\n|poke|p1|Ninetales-Alola, L50, F|\n|poke|p1|Maushold-Four, L50|\n|poke|p2|Scizor, L50, F|\n|poke|p2|Pelipper, L50, F|\n|poke|p2|Basculegion, L50, M|\n|poke|p2|Garchomp, L50, M|\n|poke|p2|Incineroar, L50, F|\n|poke|p2|Meganium, L50, F|\n|teampreview|4\n|inactive|Battle timer is ON: inactive players will automatically lose when time's up. (requested by ivighost47)\nivighost47 has agreed to open team sheets.\n|\n|t:|1776446679\n|teamsize|p1|4\n|teamsize|p2|4\n|start\n|switch|p1a: Gardevoir|Gardevoir, L50, F|100/100\n|switch|p1b: Maushold|Maushold-Four, L50|100/100\n|switch|p2a: Incineroar|Incineroar, L50, F|100/100\n|switch|p2b: Scizor|Scizor, L50, F|100/100\n|-ability|p2a: Incineroar|Intimidate|boost\n|-unboost|p1a: Gardevoir|atk|1\n|-unboost|p1b: Maushold|atk|1\n|turn|1\n|\n|t:|1776446703\n|switch|p1a: Sneasler|Sneasler, L50, M|100/100\n|-ability|p1a: Sneasler|Pressure\n|detailschange|p2b: Scizor|Scizor-Mega, L50, F\n|-mega|p2b: Scizor|Scizor|Scizorite\n|move|p2a: Incineroar|Fake Out|p1a: Sneasler\n|-damage|p1a: Sneasler|87/100\n|move|p1b: Maushold|Super Fang|p2b: Scizor\n|-damage|p2b: Scizor|51/100\n|move|p2b: Scizor|Swords Dance|p2b: Scizor\n|-boost|p2b: Scizor|atk|2\n|\n|upkeep\n|turn|2\n|inactive|Malucher has 30 seconds left.\n|\n|t:|1776446733\n|move|p1a: Sneasler|Fake Out|p2a: Incineroar\n|-damage|p2a: Incineroar|86/100\n|move|p1b: Maushold|Encore|p2b: Scizor\n|-start|p2b: Scizor|Encore\n|move|p2b: Scizor|Swords Dance|p2b: Scizor\n|-boost|p2b: Scizor|atk|2\n|cant|p2a: Incineroar|flinch\n|\n|upkeep\n|turn|3\n|\n|t:|1776446749\n|move|p1b: Maushold|Follow Me|p1b: Maushold\n|-singleturn|p1b: Maushold|move: Follow Me\n|move|p1a: Sneasler|Close Combat|p2b: Scizor\n|-damage|p2b: Scizor|0 fnt\n|-unboost|p1a: Sneasler|def|1\n|-unboost|p1a: Sneasler|spd|1\n|faint|p2b: Scizor\n|move|p2a: Incineroar|Parting Shot|p1b: Maushold\n|-unboost|p1b: Maushold|atk|1\n|-unboost|p1b: Maushold|spa|1\n|\n|t:|1776446759\n|switch|p2a: Garchomp|Garchomp, L50, M|100/100|[from] Parting Shot\n|\n|upkeep\n|\n|t:|1776446764\n|switch|p2b: Basculegion|Basculegion, L50, M|100/100\n|turn|4\n|\n|t:|1776446774\n|move|p2b: Basculegion|Protect|p2b: Basculegion\n|-singleturn|p2b: Basculegion|Protect\n|move|p1a: Sneasler|Protect|p1a: Sneasler\n|-singleturn|p1a: Sneasler|Protect\n|move|p1b: Maushold|Protect|p1b: Maushold\n|-singleturn|p1b: Maushold|Protect\n|move|p2a: Garchomp|Earthquake|p1b: Maushold|[spread] \n|-activate|p2b: Basculegion|move: Protect\n|-activate|p1a: Sneasler|move: Protect\n|-activate|p1b: Maushold|move: Protect\n|\n|upkeep\n|turn|5\n|inactive|ivighost47 has 30 seconds left.\n|inactive|Malucher has 30 seconds left.\n|inactive|Malucher has 20 seconds left.\n|\n|t:|1776446812\n|switch|p2b: Incineroar|Incineroar, L50, F|86/100\n|-ability|p2b: Incineroar|Intimidate|boost\n|-unboost|p1a: Sneasler|atk|1\n|-unboost|p1b: Maushold|atk|1\n|move|p1a: Sneasler|Close Combat|p2a: Garchomp\n|-damage|p2a: Garchomp|62/100\n|-unboost|p1a: Sneasler|def|1\n|-unboost|p1a: Sneasler|spd|1\n|-damage|p1a: Sneasler|75/100|[from] ability: Rough Skin|[of] p2a: Garchomp\n|move|p1b: Maushold|Super Fang|p2a: Garchomp|[miss]\n|-miss|p1b: Maushold|p2a: Garchomp\n|move|p2a: Garchomp|Rock Slide|p1a: Sneasler|[spread] p1a,p1b\n|-resisted|p1a: Sneasler|1\n|-damage|p1a: Sneasler|46/100\n|-damage|p1b: Maushold|72/100\n|\n|upkeep\n|turn|6\n|inactive|ivighost47 has 30 seconds left.\n|inactive|Malucher has 30 seconds left.\n|\n|t:|1776446845\n|move|p1a: Sneasler|Protect|p1a: Sneasler\n|-singleturn|p1a: Sneasler|Protect\n|move|p1b: Maushold|Protect|p1b: Maushold\n|-singleturn|p1b: Maushold|Protect\n|move|p2b: Incineroar|Fake Out|p1a: Sneasler\n|-activate|p1a: Sneasler|move: Protect\n|move|p2a: Garchomp|Dragon Claw|p1a: Sneasler\n|-activate|p1a: Sneasler|move: Protect\n|\n|upkeep\n|turn|7\n|\n|t:|1776446861\n|switch|p1a: Gardevoir|Gardevoir, L50, F|100/100\n|move|p1b: Maushold|Encore|p2a: Garchomp\n|-start|p2a: Garchomp|Encore\n|move|p2a: Garchomp|Dragon Claw|p1a: Gardevoir\n|-immune|p1a: Gardevoir\n|move|p2b: Incineroar|Assurance|p1b: Maushold\n|-damage|p1b: Maushold|44/100\n|\n|upkeep\n|turn|8\n|\n|t:|1776446877\n|switch|p2a: Basculegion|Basculegion, L50, M|100/100\n|detailschange|p1a: Gardevoir|Gardevoir-Mega, L50, F\n|-mega|p1a: Gardevoir|Gardevoir|Gardevoirite\n|move|p1b: Maushold|Follow Me|p1b: Maushold\n|-singleturn|p1b: Maushold|move: Follow Me\n|move|p1a: Gardevoir|Hyper Voice|p2a: Basculegion|[spread] p2a,p2b\n|-damage|p2a: Basculegion|40/100\n|-damage|p2b: Incineroar|46/100\n|-enditem|p2b: Incineroar|Sitrus Berry|[eat]\n|-heal|p2b: Incineroar|71/100|[from] item: Sitrus Berry\n|move|p2b: Incineroar|Parting Shot|p1b: Maushold\n|-unboost|p1b: Maushold|atk|1\n|-unboost|p1b: Maushold|spa|1\n|\n|t:|1776446891\n|switch|p2b: Garchomp|Garchomp, L50, M|62/100|[from] Parting Shot\n|\n|upkeep\n|turn|9\n|\n|t:|1776446902\n|move|p2b: Garchomp|Protect|p2b: Garchomp\n|-singleturn|p2b: Garchomp|Protect\n|move|p1b: Maushold|Follow Me|p1b: Maushold\n|-singleturn|p1b: Maushold|move: Follow Me\n|move|p2a: Basculegion|Last Respects|p1b: Maushold\n|-immune|p1b: Maushold\n|move|p1a: Gardevoir|Hyper Voice|p2b: Garchomp|[spread] p2a\n|-activate|p2b: Garchomp|move: Protect\n|-damage|p2a: Basculegion|0 fnt\n|faint|p2a: Basculegion\n|\n|upkeep\n|\n|t:|1776446914\n|switch|p2a: Incineroar|Incineroar, L50, F|71/100\n|-ability|p2a: Incineroar|Intimidate|boost\n|-unboost|p1a: Gardevoir|atk|1\n|-unboost|p1b: Maushold|atk|1\n|turn|10\n|\n|t:|1776446939\n|move|p1b: Maushold|Protect|p1b: Maushold\n|-singleturn|p1b: Maushold|Protect\n|move|p1a: Gardevoir|Protect|p1a: Gardevoir\n|-singleturn|p1a: Gardevoir|Protect\n|move|p2a: Incineroar|Fake Out|p1a: Gardevoir\n|-activate|p1a: Gardevoir|move: Protect\n|move|p2b: Garchomp|Earthquake|p1b: Maushold|[spread] p2a\n|-activate|p1a: Gardevoir|move: Protect\n|-activate|p1b: Maushold|move: Protect\n|-supereffective|p2a: Incineroar|1\n|-damage|p2a: Incineroar|0 fnt\n|faint|p2a: Incineroar\n|\n|upkeep\n|turn|11\n|-message|Malucher forfeited.\n|\n|win|ivighost47\n|raw|ivighost47's rating: 1138 &rarr; <strong>1164</strong><br />(+26 for winning)\n|raw|Malucher's rating: 1150 &rarr; <strong>1124</strong><br />(-26 for losing)\n|l|\u2606Malucher\n|player|p2|\n|c|\u2606ivighost47|gg\n|c|\u2606ivighost47|gg\n",
  "uploadtime": 1776446997,
  "views": 28,
  "formatid": "gen9championsvgc2026regma",
  "rating": 1124,
  "private": 0,
  "password": null
}