{
  "id": "gen9championsvgc2026regma-2580301285",
  "format": "[Gen 9 Champions] VGC 2026 Reg M-A",
  "players": [
    "RiiceTOB",
    "lolgz"
  ],
  "log": "|j|\u2606RiiceTOB\n|j|\u2606lolgz\n|t:|1775877796\n|gametype|doubles\n|player|p1|RiiceTOB|bugcatcher-gen4dp|1000\n|player|p2|lolgz|265|1089\n|gen|9\n|tier|[Gen 9 Champions] VGC 2026 Reg M-A\n|rated|\n|rule|Species Clause: Limit one of each Pok\u00e9mon\n|rule|Item Clause: Limit 1 of each item\n|clearpoke\n|poke|p1|Scovillain, L50, M|\n|poke|p1|Garchomp, L50, M|\n|poke|p1|Floette-Eternal, L50, F|\n|poke|p1|Typhlosion-Hisui, L50, F|\n|poke|p1|Sneasler, L50, M|\n|poke|p1|Espathra, L50, F|\n|poke|p2|Kingambit, L50, M|\n|poke|p2|Incineroar, L50, M|\n|poke|p2|Sneasler, L50, F|\n|poke|p2|Floette-Eternal, L50, F|\n|poke|p2|Delphox, L50, F|\n|poke|p2|Aerodactyl, L50, F|\n|teampreview|4\n|\n|t:|1775877834\n|teamsize|p1|4\n|teamsize|p2|4\n|start\n|switch|p1a: Scovillain|Scovillain, L50, M|100/100\n|switch|p1b: Typhlosion|Typhlosion-Hisui, L50, F|100/100\n|switch|p2a: Incineroar|Incineroar, L50, M|100/100\n|switch|p2b: Floette|Floette-Eternal, L50, F|100/100\n|turn|1\n|\n|t:|1775877850\n|detailschange|p2b: Floette|Floette-Mega, L50, F\n|-mega|p2b: Floette|Floette|Floettite\n|-ability|p2b: Floette|Fairy Aura\n|detailschange|p1a: Scovillain|Scovillain-Mega, L50, M\n|-mega|p1a: Scovillain|Scovillain|Scovillainite\n|move|p1a: Scovillain|Protect|p1a: Scovillain\n|-singleturn|p1a: Scovillain|Protect\n|move|p2a: Incineroar|Fake Out|p1a: Scovillain\n|-activate|p1a: Scovillain|move: Protect\n|move|p1b: Typhlosion|Substitute|p1b: Typhlosion\n|-start|p1b: Typhlosion|Substitute\n|-damage|p1b: Typhlosion|75/100\n|move|p2b: Floette|Calm Mind|p2b: Floette\n|-boost|p2b: Floette|spa|1\n|-boost|p2b: Floette|spd|1\n|\n|upkeep\n|turn|2\n|\n|t:|1775877872\n|move|p1a: Scovillain|Rage Powder|p1a: Scovillain\n|-singleturn|p1a: Scovillain|move: Rage Powder\n|move|p1b: Typhlosion|Calm Mind|p1b: Typhlosion\n|-boost|p1b: Typhlosion|spa|1\n|-boost|p1b: Typhlosion|spd|1\n|move|p2b: Floette|Dazzling Gleam|p1b: Typhlosion|[spread] p1a,p1b\n|-resisted|p1b: Typhlosion|1\n|-end|p1b: Typhlosion|Substitute\n|-resisted|p1a: Scovillain|1\n|-damage|p1a: Scovillain|53/100\n|-status|p2b: Floette|brn|[from] ability: Spicy Spray|[of] p1a: Scovillain\n|move|p2a: Incineroar|Darkest Lariat|p1a: Scovillain\n|-damage|p1a: Scovillain|7/100\n|-immune|p2a: Incineroar\n|\n|-damage|p2b: Floette|94/100 brn|[from] brn\n|upkeep\n|turn|3\n|\n|t:|1775877897\n|move|p1b: Typhlosion|Infernal Parade|p2b: Floette\n|-damage|p2b: Floette|54/100 brn\n|move|p2b: Floette|Dazzling Gleam|p1b: Typhlosion|[spread] p1a,p1b\n|-resisted|p1a: Scovillain|1\n|-resisted|p1b: Typhlosion|1\n|-damage|p1a: Scovillain|0 fnt\n|-damage|p1b: Typhlosion|44/100\n|faint|p1a: Scovillain\n|move|p2a: Incineroar|Darkest Lariat|p1b: Typhlosion\n|-supereffective|p1b: Typhlosion|1\n|-damage|p1b: Typhlosion|0 fnt\n|faint|p1b: Typhlosion\n|\n|-damage|p2b: Floette|48/100 brn|[from] brn\n|upkeep\n|\n|t:|1775877915\n|switch|p1b: Sneasler|Sneasler, L50, M|100/100\n|switch|p1a: Espathra|Espathra, L50, F|100/100\n|turn|4\n|\n|t:|1775877929\n|move|p1b: Sneasler|Fake Out|p2a: Incineroar\n|-damage|p2a: Incineroar|86/100\n|move|p1a: Espathra|Calm Mind|p1a: Espathra\n|-boost|p1a: Espathra|spa|1\n|-boost|p1a: Espathra|spd|1\n|move|p2b: Floette|Dazzling Gleam|p1a: Espathra|[spread] p1a,p1b\n|-damage|p1a: Espathra|36/100\n|-damage|p1b: Sneasler|2/100\n|cant|p2a: Incineroar|flinch\n|\n|-heal|p1a: Espathra|42/100|[from] item: Leftovers\n|-damage|p2b: Floette|42/100 brn|[from] brn\n|-ability|p1a: Espathra|Speed Boost|boost\n|-boost|p1a: Espathra|spe|1\n|upkeep\n|turn|5\n|\n|t:|1775877958\n|move|p1a: Espathra|Lumina Crash|p2b: Floette\n|-damage|p2b: Floette|14/100 brn\n|-unboost|p2b: Floette|spd|2\n|move|p1b: Sneasler|Close Combat|p2a: Incineroar\n|-supereffective|p2a: Incineroar|1\n|-damage|p2a: Incineroar|0 fnt\n|-unboost|p1b: Sneasler|def|1\n|-unboost|p1b: Sneasler|spd|1\n|faint|p2a: Incineroar\n|move|p2b: Floette|Dazzling Gleam|p1b: Sneasler|[spread] p1a,p1b\n|-damage|p1a: Espathra|0 fnt\n|-damage|p1b: Sneasler|0 fnt\n|faint|p1a: Espathra\n|faint|p1b: Sneasler\n|\n|win|lolgz\n|raw|RiiceTOB's rating: 1000 &rarr; <strong>1000</strong><br />(+0 for losing)\n|raw|lolgz's rating: 1089 &rarr; <strong>1109</strong><br />(+20 for winning)\n",
  "uploadtime": 1775877958,
  "views": 13,
  "formatid": "gen9championsvgc2026regma",
  "rating": 1000,
  "private": 0,
  "password": null
}