{
  "id": "gen9championsvgc2026regma-2588267857",
  "format": "[Gen 9 Champions] VGC 2026 Reg M-A",
  "players": [
    "EmptyVoid84",
    "isabellissima"
  ],
  "log": "|j|\u2606EmptyVoid84\n|j|\u2606isabellissima\n|t:|1776619536\n|gametype|doubles\n|player|p1|EmptyVoid84|n|1395\n|player|p2|isabellissima|266|1292\n|gen|9\n|tier|[Gen 9 Champions] VGC 2026 Reg M-A\n|rated|\n|rule|Species Clause: Limit one of each Pok\u00e9mon\n|rule|Item Clause: Limit 1 of each item\n|clearpoke\n|poke|p1|Tyranitar, L50, M|\n|poke|p1|Excadrill, L50, M|\n|poke|p1|Rotom-Heat, L50|\n|poke|p1|Sinistcha, L50|\n|poke|p1|Corviknight, L50, F, shiny|\n|poke|p1|Milotic, L50, F, shiny|\n|poke|p2|Incineroar, L50, M, shiny|\n|poke|p2|Gengar, L50, M, shiny|\n|poke|p2|Sneasler, L50, M|\n|poke|p2|Maushold-Four, L50|\n|poke|p2|Kommo-o, L50, M, shiny|\n|poke|p2|Politoed, L50, F, shiny|\n|teampreview|4\nEmptyVoid84 rejected open team sheets.\n|inactive|Battle timer is ON: inactive players will automatically lose when time's up. (requested by isabellissima)\n|inactive|EmptyVoid84 has 60 seconds left.\n|\n|t:|1776619610\n|teamsize|p1|4\n|teamsize|p2|4\n|start\n|switch|p1a: Tyranitar|Tyranitar, L50, M|100/100\n|switch|p1b: Excadrill|Excadrill, L50, M|100/100\n|switch|p2a: Incineroar|Incineroar, L50, M, shiny|100/100\n|switch|p2b: Gengar|Gengar, L50, M, shiny|100/100\n|-weather|Sandstorm|[from] ability: Sand Stream|[of] p1a: Tyranitar\n|-ability|p2a: Incineroar|Intimidate|boost\n|-unboost|p1a: Tyranitar|atk|1\n|-unboost|p1b: Excadrill|atk|1\n|turn|1\n|inactive|EmptyVoid84 has 30 seconds left.\n|inactive|EmptyVoid84 has 20 seconds left.\n|inactive|EmptyVoid84 has 15 seconds left.\n|\n|t:|1776619654\n|detailschange|p2b: Gengar|Gengar-Mega, L50, M, shiny\n|-mega|p2b: Gengar|Gengar|Gengarite\n|move|p2a: Incineroar|Fake Out|p1b: Excadrill\n|-resisted|p1b: Excadrill|1\n|-damage|p1b: Excadrill|92/100\n|cant|p1b: Excadrill|flinch\n|move|p2b: Gengar|Perish Song|p2b: Gengar\n|-start|p1a: Tyranitar|perish3|[silent]\n|-start|p1b: Excadrill|perish3|[silent]\n|-start|p2a: Incineroar|perish3|[silent]\n|-start|p2b: Gengar|perish3|[silent]\n|-fieldactivate|move: Perish Song\n|move|p1a: Tyranitar|Knock Off|p2b: Gengar\n|-supereffective|p2b: Gengar|1\n|-damage|p2b: Gengar|38/100\n|\n|-weather|Sandstorm|[upkeep]\n|-damage|p2b: Gengar|32/100|[from] Sandstorm\n|-damage|p2a: Incineroar|95/100|[from] Sandstorm\n|-start|p1b: Excadrill|perish3\n|-start|p2b: Gengar|perish3\n|-start|p1a: Tyranitar|perish3\n|-start|p2a: Incineroar|perish3\n|upkeep\n|turn|2\n|inactive|isabellissima has 30 seconds left.\n|\n|t:|1776619684\n|move|p2b: Gengar|Protect|p2b: Gengar\n|-singleturn|p2b: Gengar|Protect\n|move|p1a: Tyranitar|Protect|p1a: Tyranitar\n|-singleturn|p1a: Tyranitar|Protect\n|move|p2a: Incineroar|Protect|p2a: Incineroar\n|-singleturn|p2a: Incineroar|Protect\n|move|p1b: Excadrill|Earthquake|p2a: Incineroar|[spread] \n|-activate|p1a: Tyranitar|move: Protect\n|-activate|p2a: Incineroar|move: Protect\n|-activate|p2b: Gengar|move: Protect\n|\n|-weather|Sandstorm|[upkeep]\n|-damage|p2b: Gengar|26/100|[from] Sandstorm\n|-damage|p2a: Incineroar|89/100|[from] Sandstorm\n|-start|p1b: Excadrill|perish2\n|-start|p2b: Gengar|perish2\n|-start|p1a: Tyranitar|perish2\n|-start|p2a: Incineroar|perish2\n|upkeep\n|turn|3\n|\n|t:|1776619703\n|switch|p2b: Politoed|Politoed, L50, F, shiny|100/100\n|-weather|RainDance|[from] ability: Drizzle|[of] p2b: Politoed\n|move|p1b: Excadrill|Rock Slide|p2b: Politoed|[spread] p2a,p2b\n|-supereffective|p2a: Incineroar|1\n|-crit|p2b: Politoed\n|-damage|p2a: Incineroar|68/100\n|-damage|p2b: Politoed|71/100\n|move|p1a: Tyranitar|Knock Off|p2b: Politoed\n|-damage|p2b: Politoed|37/100\n|-enditem|p2b: Politoed|Leftovers|[from] move: Knock Off|[of] p1a: Tyranitar\n|move|p2a: Incineroar|Parting Shot|p1a: Tyranitar\n|-unboost|p1a: Tyranitar|atk|1\n|-unboost|p1a: Tyranitar|spa|1\n|\n|t:|1776619716\n|switch|p2a: Gengar|Gengar-Mega, L50, M, shiny|26/100|[from] Parting Shot\n|\n|-weather|RainDance|[upkeep]\n|-start|p1b: Excadrill|perish1\n|-start|p1a: Tyranitar|perish1\n|upkeep\n|turn|4\n|inactive|EmptyVoid84 has 30 seconds left.\n|\n|t:|1776619748\n|detailschange|p1a: Tyranitar|Tyranitar-Mega, L50, M\n|-mega|p1a: Tyranitar|Tyranitar|Tyranitarite\n|-weather|Sandstorm|[from] ability: Sand Stream|[of] p1a: Tyranitar\n|move|p2a: Gengar|Protect|p2a: Gengar\n|-singleturn|p2a: Gengar|Protect\n|move|p2b: Politoed|Protect|p2b: Politoed\n|-singleturn|p2b: Politoed|Protect\n|move|p1b: Excadrill|Earthquake|p2a: Gengar|[spread] p1a\n|-activate|p2a: Gengar|move: Protect\n|-activate|p2b: Politoed|move: Protect\n|-supereffective|p1a: Tyranitar|1\n|-damage|p1a: Tyranitar|69/100\n|move|p1a: Tyranitar|Rock Slide|p2b: Politoed|[spread] \n|-activate|p2a: Gengar|move: Protect\n|-activate|p2b: Politoed|move: Protect\n|\n|-weather|Sandstorm|[upkeep]\n|-damage|p2a: Gengar|20/100|[from] Sandstorm\n|-damage|p2b: Politoed|31/100|[from] Sandstorm\n|-start|p1b: Excadrill|perish0\n|-start|p1a: Tyranitar|perish0\n|faint|p1b: Excadrill\n|faint|p1a: Tyranitar\n|upkeep\n|\n|t:|1776619752\n|switch|p1b: Milotic|Milotic, L50, F, shiny|100/100\n|switch|p1a: Rotom|Rotom-Heat, L50|100/100\n|turn|5\n|inactive|isabellissima has 30 seconds left.\n|\n|t:|1776619778\n|switch|p2a: Incineroar|Incineroar, L50, M, shiny|68/100\n|-ability|p2a: Incineroar|Intimidate|boost\n|-unboost|p1a: Rotom|atk|1\n|-unboost|p1b: Milotic|atk|1\n|-ability|p1b: Milotic|Competitive|boost\n|-boost|p1b: Milotic|spa|2\n|move|p1a: Rotom|Thunderbolt|p2a: Incineroar\n|-damage|p2a: Incineroar|29/100\n|-enditem|p2a: Incineroar|Sitrus Berry|[eat]\n|-heal|p2a: Incineroar|53/100|[from] item: Sitrus Berry\n|move|p1b: Milotic|Ice Beam|p2b: Politoed\n|-resisted|p2b: Politoed|1\n|-damage|p2b: Politoed|13/100\n|move|p2b: Politoed|Perish Song|p2b: Politoed\n|-start|p1a: Rotom|perish3|[silent]\n|-start|p1b: Milotic|perish3|[silent]\n|-start|p2a: Incineroar|perish3|[silent]\n|-start|p2b: Politoed|perish3|[silent]\n|-fieldactivate|move: Perish Song\n|\n|-weather|Sandstorm|[upkeep]\n|-damage|p1a: Rotom|95/100|[from] Sandstorm\n|-damage|p1b: Milotic|95/100|[from] Sandstorm\n|-damage|p2b: Politoed|7/100|[from] Sandstorm\n|-damage|p2a: Incineroar|48/100|[from] Sandstorm\n|-start|p1a: Rotom|perish3\n|-start|p1b: Milotic|perish3\n|-start|p2b: Politoed|perish3\n|-start|p2a: Incineroar|perish3\n|upkeep\n|turn|6\n|inactive|EmptyVoid84 has 30 seconds left.\n|\n|t:|1776619813\n|move|p2b: Politoed|Protect|p2b: Politoed\n|-singleturn|p2b: Politoed|Protect\n|move|p2a: Incineroar|Protect|p2a: Incineroar\n|-singleturn|p2a: Incineroar|Protect\n|move|p1a: Rotom|Thunderbolt|p2a: Incineroar\n|-activate|p2a: Incineroar|move: Protect\n|move|p1b: Milotic|Scald|p2a: Incineroar\n|-activate|p2a: Incineroar|move: Protect\n|\n|-weather|Sandstorm|[upkeep]\n|-damage|p1a: Rotom|89/100|[from] Sandstorm\n|-damage|p1b: Milotic|89/100|[from] Sandstorm\n|-damage|p2b: Politoed|1/100|[from] Sandstorm\n|-damage|p2a: Incineroar|42/100|[from] Sandstorm\n|-start|p1a: Rotom|perish2\n|-start|p1b: Milotic|perish2\n|-start|p2b: Politoed|perish2\n|-start|p2a: Incineroar|perish2\n|upkeep\n|turn|7\n|\n|t:|1776619832\n|move|p1a: Rotom|Thunderbolt|p2b: Politoed\n|-supereffective|p2b: Politoed|1\n|-damage|p2b: Politoed|0 fnt\n|faint|p2b: Politoed\n|move|p1b: Milotic|Scald|p2a: Incineroar\n|-supereffective|p2a: Incineroar|1\n|-damage|p2a: Incineroar|0 fnt\n|faint|p2a: Incineroar\n|\n|-weather|Sandstorm|[upkeep]\n|-damage|p1a: Rotom|84/100|[from] Sandstorm\n|-damage|p1b: Milotic|83/100|[from] Sandstorm\n|-start|p1a: Rotom|perish1\n|-start|p1b: Milotic|perish1\n|upkeep\n|\n|t:|1776619840\n|switch|p2b: Sneasler|Sneasler, L50, M|100/100\n|switch|p2a: Gengar|Gengar-Mega, L50, M, shiny|20/100\n|turn|8\n|-message|EmptyVoid84 forfeited.\n|\n|win|isabellissima\n|raw|EmptyVoid84's rating: 1395 &rarr; <strong>1369</strong><br />(-26 for losing)\n|raw|isabellissima's rating: 1292 &rarr; <strong>1324</strong><br />(+32 for winning)\n|l|\u2606EmptyVoid84\n|player|p1|\n",
  "uploadtime": 1776619850,
  "views": 12,
  "formatid": "gen9championsvgc2026regma",
  "rating": 1324,
  "private": 0,
  "password": null
}