{
  "id": "gen9championsvgc2026regma-2587126474",
  "format": "[Gen 9 Champions] VGC 2026 Reg M-A",
  "players": [
    "smubfinger",
    "deinotheworld"
  ],
  "log": "|j|\u2606smubfinger\n|j|\u2606deinotheworld\n|t:|1776497185\n|gametype|doubles\n|player|p1|smubfinger|lady-gen4|1000\n|player|p2|deinotheworld|2|1021\n|gen|9\n|tier|[Gen 9 Champions] VGC 2026 Reg M-A\n|rated|\n|rule|Species Clause: Limit one of each Pok\u00e9mon\n|rule|Item Clause: Limit 1 of each item\n|clearpoke\n|poke|p1|Froslass, L50, F|\n|poke|p1|Weavile, L50, F|\n|poke|p1|Ninetales-Alola, L50, F|\n|poke|p1|Araquanid, L50, F|\n|poke|p1|Aerodactyl, L50, F|\n|poke|p1|Tinkaton, L50, F|\n|poke|p2|Corviknight, L50, M|\n|poke|p2|Chandelure, L50, F|\n|poke|p2|Sableye, L50, M|\n|poke|p2|Gallade, L50, M|\n|poke|p2|Weavile, L50, M|\n|poke|p2|Vivillon, L50, M|\n|teampreview|4\n|\n|t:|1776497204\n|teamsize|p1|4\n|teamsize|p2|4\n|start\n|switch|p1a: Aerodactyl|Aerodactyl, L50, F|100/100\n|switch|p1b: Ninetales|Ninetales-Alola, L50, F|100/100\n|switch|p2a: Weavile|Weavile, L50, M|100/100\n|switch|p2b: Corviknight|Corviknight, L50, M|100/100\n|-ability|p1a: Aerodactyl|Unnerve\n|-weather|Snowscape|[from] ability: Snow Warning|[of] p1b: Ninetales\n|turn|1\n|\n|t:|1776497223\n|move|p2a: Weavile|Fake Out|p1a: Aerodactyl\n|-resisted|p1a: Aerodactyl|1\n|-damage|p1a: Aerodactyl|90/100\n|cant|p1a: Aerodactyl|flinch\n|move|p1b: Ninetales|Aurora Veil|p1b: Ninetales\n|-sidestart|p1: smubfinger|move: Aurora Veil\n|move|p2b: Corviknight|Iron Head|p1b: Ninetales\n|-supereffective|p1b: Ninetales|2\n|-damage|p1b: Ninetales|29/100\n|\n|-weather|Snowscape|[upkeep]\n|-heal|p1b: Ninetales|35/100|[from] item: Leftovers\n|upkeep\n|turn|2\n|\n|t:|1776497246\n|move|p2a: Weavile|Helping Hand|p2b: Corviknight\n|-singleturn|p2b: Corviknight|Helping Hand|[of] p2a: Weavile\n|move|p1a: Aerodactyl|Rock Slide|p2a: Weavile|[spread] p2a,p2b\n|-supereffective|p2a: Weavile|1\n|-damage|p2a: Weavile|38/100\n|-damage|p2b: Corviknight|85/100\n|move|p1b: Ninetales|Blizzard|p2b: Corviknight|[spread] p2a,p2b\n|-resisted|p2a: Weavile|1\n|-damage|p2a: Weavile|20/100\n|-damage|p2b: Corviknight|54/100\n|move|p2b: Corviknight|Iron Head|p1a: Aerodactyl\n|-supereffective|p1a: Aerodactyl|1\n|-damage|p1a: Aerodactyl|13/100\n|\n|-weather|Snowscape|[upkeep]\n|-heal|p1b: Ninetales|41/100|[from] item: Leftovers\n|-heal|p2b: Corviknight|60/100|[from] item: Leftovers\n|upkeep\n|turn|3\n|\n|t:|1776497269\n|move|p2a: Weavile|Helping Hand|p2b: Corviknight\n|-singleturn|p2b: Corviknight|Helping Hand|[of] p2a: Weavile\n|move|p1a: Aerodactyl|Rock Slide|p2a: Weavile|[spread] p2a,p2b\n|-supereffective|p2a: Weavile|1\n|-damage|p2a: Weavile|0 fnt\n|-damage|p2b: Corviknight|45/100\n|faint|p2a: Weavile\n|move|p1b: Ninetales|Blizzard|p2b: Corviknight\n|-damage|p2b: Corviknight|7/100\n|-status|p2b: Corviknight|frz\n|cant|p2b: Corviknight|frz\n|\n|-weather|Snowscape|[upkeep]\n|-heal|p1b: Ninetales|48/100|[from] item: Leftovers\n|-heal|p2b: Corviknight|13/100 frz|[from] item: Leftovers\n|upkeep\n|\n|t:|1776497285\n|switch|p2a: Chandelure|Chandelure, L50, F|100/100\n|turn|4\n|\n|t:|1776497295\n|move|p1a: Aerodactyl|Rock Slide|p2a: Chandelure|[spread] \n|-miss|p1a: Aerodactyl|p2a: Chandelure\n|-miss|p1a: Aerodactyl|p2b: Corviknight\n|move|p1b: Ninetales|Blizzard|p2a: Chandelure|[spread] p2a,p2b\n|-resisted|p2a: Chandelure|1\n|-damage|p2a: Chandelure|82/100\n|-damage|p2b: Corviknight|0 fnt\n|faint|p2b: Corviknight\n|move|p2a: Chandelure|Shadow Ball|p1a: Aerodactyl\n|-damage|p1a: Aerodactyl|0 fnt\n|faint|p1a: Aerodactyl\n|\n|-weather|Snowscape|[upkeep]\n|-heal|p1b: Ninetales|54/100|[from] item: Leftovers\n|upkeep\n|\n|t:|1776497312\n|switch|p1a: Weavile|Weavile, L50, F|100/100\n|switch|p2b: Gallade|Gallade, L50, M|100/100\n|turn|5\n|\n|t:|1776497332\n|detailschange|p2b: Gallade|Gallade-Mega, L50, M\n|-mega|p2b: Gallade|Gallade|Galladite\n|move|p1b: Ninetales|Ice Shard|p2b: Gallade\n|-damage|p2b: Gallade|89/100\n|move|p1a: Weavile|Assurance|p2b: Gallade\n|-damage|p2b: Gallade|13/100\n|move|p2b: Gallade|Sacred Sword|p1a: Weavile\n|-supereffective|p1a: Weavile|2\n|-enditem|p1a: Weavile|Focus Sash\n|-damage|p1a: Weavile|1/100\n|move|p2a: Chandelure|Overheat|p1b: Ninetales\n|-supereffective|p1b: Ninetales|1\n|-damage|p1b: Ninetales|0 fnt\n|-unboost|p2a: Chandelure|spa|2\n|faint|p1b: Ninetales\n|-enditem|p2a: Chandelure|White Herb\n|-clearnegativeboost|p2a: Chandelure|[silent]\n|\n|-weather|none\n|-sideend|p1: smubfinger|move: Aurora Veil\n|upkeep\n|\n|t:|1776497352\n|switch|p1b: Froslass|Froslass, L50, F|100/100\n|turn|6\n|\n|t:|1776497364\n|detailschange|p1b: Froslass|Froslass-Mega, L50, F\n|-mega|p1b: Froslass|Froslass|Froslassite\n|-weather|Snowscape|[from] ability: Snow Warning|[of] p1b: Froslass\n|move|p1b: Froslass|Shadow Ball|p2a: Chandelure\n|-supereffective|p2a: Chandelure|1\n|-damage|p2a: Chandelure|0 fnt\n|faint|p2a: Chandelure\n|move|p1a: Weavile|Icicle Spear|p2b: Gallade\n|-damage|p2b: Gallade|0 fnt\n|faint|p2b: Gallade\n|-hitcount|p2: Gallade|1\n|\n|win|smubfinger\n|raw|smubfinger's rating: 1000 &rarr; <strong>1042</strong><br />(+42 for winning)\n|raw|deinotheworld's rating: 1021 &rarr; <strong>1007</strong><br />(-14 for losing)\n|l|\u2606deinotheworld\n|player|p2|\n",
  "uploadtime": 1776497376,
  "views": 15,
  "formatid": "gen9championsvgc2026regma",
  "rating": 1007,
  "private": 0,
  "password": null
}