{
  "id": "gen9championsvgc2026regma-2586284532",
  "format": "[Gen 9 Champions] VGC 2026 Reg M-A",
  "players": [
    "edo ghira",
    "1#MiraidonHater"
  ],
  "log": "|j|\u2606edo ghira\n|j|\u26061#MiraidonHater\n|t:|1776421209\n|gametype|doubles\n|player|p1|edo ghira|lance|1223\n|player|p2|1#MiraidonHater|1|1275\n|gen|9\n|tier|[Gen 9 Champions] VGC 2026 Reg M-A\n|rated|\n|rule|Species Clause: Limit one of each Pok\u00e9mon\n|rule|Item Clause: Limit 1 of each item\n|clearpoke\n|poke|p1|Cofagrigus, L50, F|\n|poke|p1|Aggron, L50, F|\n|poke|p1|Sinistcha-Masterpiece, L50|\n|poke|p1|Pelipper, L50, F|\n|poke|p1|Sneasler, L50, F|\n|poke|p1|Mamoswine, L50, F|\n|poke|p2|Glimmora, L50, F|\n|poke|p2|Gardevoir, L50, M|\n|poke|p2|Kommo-o, L50, F|\n|poke|p2|Sinistcha-Masterpiece, L50|\n|poke|p2|Incineroar, L50, M|\n|poke|p2|Kingambit, L50, M|\n|teampreview|4\n|\n|t:|1776421251\n|teamsize|p1|4\n|teamsize|p2|4\n|start\n|switch|p1a: Aggron|Aggron, L50, F|100/100\n|switch|p1b: Sneasler|Sneasler, L50, F|100/100\n|switch|p2a: Kommo-o|Kommo-o, L50, F|100/100\n|switch|p2b: Glimmora|Glimmora, L50, F|100/100\n|turn|1\n|\n|t:|1776421282\n|detailschange|p2b: Glimmora|Glimmora-Mega, L50, F\n|-mega|p2b: Glimmora|Glimmora|Glimmoranite\n|detailschange|p1a: Aggron|Aggron-Mega, L50, F\n|-mega|p1a: Aggron|Aggron|Aggronite\n|move|p1b: Sneasler|Coaching|p1a: Aggron\n|-boost|p1a: Aggron|atk|1\n|-boost|p1a: Aggron|def|1\n|move|p2b: Glimmora|Earth Power|p1b: Sneasler\n|-supereffective|p1b: Sneasler|1\n|-damage|p1b: Sneasler|0 fnt\n|faint|p1b: Sneasler\n|move|p2a: Kommo-o|Clangorous Soul|p2a: Kommo-o\n|-boost|p2a: Kommo-o|atk|1\n|-boost|p2a: Kommo-o|def|1\n|-boost|p2a: Kommo-o|spa|1\n|-boost|p2a: Kommo-o|spd|1\n|-boost|p2a: Kommo-o|spe|1\n|-damage|p2a: Kommo-o|68/100\n|move|p1a: Aggron|Heavy Slam|p2b: Glimmora\n|-supereffective|p2b: Glimmora|1\n|-damage|p2b: Glimmora|0 fnt\n|faint|p2b: Glimmora\n|\n|-heal|p2a: Kommo-o|74/100|[from] item: Leftovers\n|upkeep\n|\n|t:|1776421304\n|switch|p1b: Pelipper|Pelipper, L50, F|100/100\n|switch|p2b: Sinistcha|Sinistcha-Masterpiece, L50|100/100\n|-weather|RainDance|[from] ability: Drizzle|[of] p1b: Pelipper\n|-heal|p2a: Kommo-o|99/100|[from] ability: Hospitality|[of] p2b: Sinistcha\n|turn|2\n|\n|t:|1776421327\n|move|p2b: Sinistcha|Rage Powder|p2b: Sinistcha\n|-singleturn|p2b: Sinistcha|move: Rage Powder\n|move|p2a: Kommo-o|Aura Sphere|p1a: Aggron\n|-supereffective|p1a: Aggron|1\n|-damage|p1a: Aggron|29/100\n|move|p1b: Pelipper|Hurricane|p2b: Sinistcha\n|-supereffective|p2b: Sinistcha|1\n|-damage|p2b: Sinistcha|0 fnt\n|faint|p2b: Sinistcha\n|move|p1a: Aggron|Heavy Slam|p2a: Kommo-o\n|-damage|p2a: Kommo-o|51/100\n|\n|-weather|RainDance|[upkeep]\n|-heal|p2a: Kommo-o|57/100|[from] item: Leftovers\n|upkeep\n|\n|t:|1776421335\n|switch|p2b: Incineroar|Incineroar, L50, M|100/100\n|-ability|p2b: Incineroar|Intimidate|boost\n|-unboost|p1a: Aggron|atk|1\n|-unboost|p1b: Pelipper|atk|1\n|turn|3\n|\n|t:|1776421346\n|move|p1b: Pelipper|Protect|p1b: Pelipper\n|-singleturn|p1b: Pelipper|Protect\n|move|p1a: Aggron|Protect|p1a: Aggron\n|-singleturn|p1a: Aggron|Protect\n|move|p2b: Incineroar|Fake Out|p1b: Pelipper\n|-activate|p1b: Pelipper|move: Protect\n|move|p2a: Kommo-o|Aura Sphere|p1a: Aggron\n|-activate|p1a: Aggron|move: Protect\n|\n|-weather|RainDance|[upkeep]\n|-heal|p2a: Kommo-o|64/100|[from] item: Leftovers\n|upkeep\n|turn|4\n|\n|t:|1776421359\n|move|p2a: Kommo-o|Clanging Scales|p1a: Aggron|[spread] p1a,p1b\n|-resisted|p1a: Aggron|1\n|-damage|p1a: Aggron|4/100\n|-damage|p1b: Pelipper|17/100\n|-unboost|p2a: Kommo-o|def|1\n|move|p1b: Pelipper|Hurricane|p2a: Kommo-o\n|-supereffective|p2a: Kommo-o|1\n|-damage|p2a: Kommo-o|4/100\n|move|p2b: Incineroar|Throat Chop|p1a: Aggron\n|-damage|p1a: Aggron|0 fnt\n|faint|p1a: Aggron\n|\n|-weather|RainDance|[upkeep]\n|-heal|p2a: Kommo-o|11/100|[from] item: Leftovers\n|upkeep\n|\n|t:|1776421371\n|switch|p1a: Mamoswine|Mamoswine, L50, F|100/100\n|turn|5\n|\n|t:|1776421381\n|move|p2a: Kommo-o|Protect|p2a: Kommo-o\n|-singleturn|p2a: Kommo-o|Protect\n|move|p1a: Mamoswine|Ice Shard|p2a: Kommo-o\n|-activate|p2a: Kommo-o|move: Protect\n|move|p1b: Pelipper|Weather Ball|p2b: Incineroar\n|-supereffective|p2b: Incineroar|1\n|-damage|p2b: Incineroar|0 fnt\n|faint|p2b: Incineroar\n|\n|-weather|RainDance|[upkeep]\n|-heal|p2a: Kommo-o|17/100|[from] item: Leftovers\n|upkeep\n|turn|6\n|\n|t:|1776421392\n|move|p1a: Mamoswine|Ice Shard|p2a: Kommo-o\n|-supereffective|p2a: Kommo-o|1\n|-damage|p2a: Kommo-o|0 fnt\n|faint|p2a: Kommo-o\n|\n|win|edo ghira\n|raw|edo ghira's rating: 1223 &rarr; <strong>1252</strong><br />(+29 for winning)\n|raw|1#MiraidonHater's rating: 1275 &rarr; <strong>1246</strong><br />(-29 for losing)\n|l|\u2606edo ghira\n|player|p1|\n|j| porygon-epilepz\n",
  "uploadtime": 1776421420,
  "views": 42,
  "formatid": "gen9championsvgc2026regma",
  "rating": 1246,
  "private": 0,
  "password": null
}