{
  "id": "gen9championsvgc2026regma-2582012968",
  "format": "[Gen 9 Champions] VGC 2026 Reg M-A",
  "players": [
    "tindall65",
    "Arksurit"
  ],
  "log": "|j|\u2606tindall65\n|j|\u2606Arksurit\n|t:|1776048312\n|gametype|doubles\n|player|p1|tindall65|ranmaru-conquest|1130\n|player|p2|Arksurit|hiker-gen4|1213\n|gen|9\n|tier|[Gen 9 Champions] VGC 2026 Reg M-A\n|rated|\n|rule|Species Clause: Limit one of each Pok\u00e9mon\n|rule|Item Clause: Limit 1 of each item\n|clearpoke\n|poke|p1|Alcremie, L50, F|\n|poke|p1|Garchomp, L50, F|\n|poke|p1|Delphox, L50, F|\n|poke|p1|Rotom-Wash, L50|\n|poke|p1|Farigiraf, L50, F|\n|poke|p1|Talonflame, L50, M|\n|poke|p2|Charizard, L50, M|\n|poke|p2|Venusaur, L50, F|\n|poke|p2|Whimsicott, L50, M|\n|poke|p2|Sneasler, L50, M|\n|poke|p2|Milotic, L50, F|\n|poke|p2|Archaludon, L50, F|\n|teampreview|4\n|inactive|Battle timer is ON: inactive players will automatically lose when time's up. (requested by tindall65)\n|\n|t:|1776048342\n|teamsize|p1|4\n|teamsize|p2|4\n|start\n|switch|p1a: Alcremie|Alcremie, L50, F|100/100\n|switch|p1b: Garchomp|Garchomp, L50, F|100/100\n|switch|p2a: Charizard|Charizard, L50, M|100/100\n|switch|p2b: Whimsicott|Whimsicott, L50, M|100/100\n|turn|1\n|\n|t:|1776048354\n|detailschange|p2a: Charizard|Charizard-Mega-X, L50, M\n|-mega|p2a: Charizard|Charizard|Charizardite X\n|move|p2b: Whimsicott|Tailwind|p2b: Whimsicott\n|-sidestart|p2: Arksurit|move: Tailwind\n|move|p2a: Charizard|Dragon Claw|p1b: Garchomp\n|-supereffective|p1b: Garchomp|1\n|-damage|p1b: Garchomp|0 fnt\n|-damage|p2a: Charizard|88/100|[from] ability: Rough Skin|[of] p1b: Garchomp\n|faint|p1b: Garchomp\n|move|p1a: Alcremie|Decorate|p1: Garchomp|[notarget]\n|-fail|p1a: Alcremie\n|\n|upkeep\n|\n|t:|1776048362\n|switch|p1b: Rotom|Rotom-Wash, L50|100/100\n|turn|2\n|\n|t:|1776048373\n|move|p2b: Whimsicott|Moonblast|p1a: Alcremie\n|-damage|p1a: Alcremie|63/100\n|move|p2a: Charizard|Flare Blitz|p1a: Alcremie\n|-damage|p1a: Alcremie|0 fnt\n|faint|p1a: Alcremie\n|-damage|p2a: Charizard|70/100|[from] Recoil\n|move|p1b: Rotom|Electroweb|p2b: Whimsicott|[spread] p2a,p2b\n|-resisted|p2a: Charizard|1\n|-resisted|p2b: Whimsicott|1\n|-damage|p2a: Charizard|62/100\n|-damage|p2b: Whimsicott|86/100\n|-unboost|p2a: Charizard|spe|1\n|-unboost|p2b: Whimsicott|spe|1\n|\n|upkeep\n|\n|t:|1776048379\n|switch|p1a: Delphox|Delphox, L50, F|100/100\n|turn|3\n|\n|t:|1776048401\n|switch|p2b: Milotic|Milotic, L50, F|100/100\n|detailschange|p1a: Delphox|Delphox-Mega, L50, F\n|-mega|p1a: Delphox|Delphox|Delphoxite\n|move|p2a: Charizard|Protect|p2a: Charizard\n|-singleturn|p2a: Charizard|Protect\n|move|p1a: Delphox|Heat Wave|p2a: Charizard|[spread] p2b\n|-activate|p2a: Charizard|move: Protect\n|-resisted|p2b: Milotic|1\n|-damage|p2b: Milotic|88/100\n|-status|p2b: Milotic|brn\n|move|p1b: Rotom|Electroweb|p2b: Milotic|[spread] p2b\n|-activate|p2a: Charizard|move: Protect\n|-supereffective|p2b: Milotic|1\n|-damage|p2b: Milotic|69/100 brn\n|-unboost|p2b: Milotic|spe|1\n|-ability|p2b: Milotic|Competitive|boost\n|-boost|p2b: Milotic|spa|2\n|\n|-heal|p2b: Milotic|75/100 brn|[from] item: Leftovers\n|-damage|p2b: Milotic|69/100 brn|[from] brn\n|upkeep\n|turn|4\n|inactive|Arksurit has 30 seconds left.\n|inactive|Arksurit has 20 seconds left.\n|\n|t:|1776048440\n|move|p1a: Delphox|Psyshock|p2a: Charizard\n|-crit|p2a: Charizard\n|-damage|p2a: Charizard|0 fnt\n|faint|p2a: Charizard\n|move|p2b: Milotic|Life Dew|p2b: Milotic\n|-heal|p2b: Milotic|95/100 brn\n|move|p1b: Rotom|Thunderbolt|p2b: Milotic\n|-supereffective|p2b: Milotic|1\n|-damage|p2b: Milotic|52/100 brn\n|\n|-heal|p2b: Milotic|58/100 brn|[from] item: Leftovers\n|-damage|p2b: Milotic|52/100 brn|[from] brn\n|-sideend|p2: Arksurit|move: Tailwind\n|upkeep\n|\n|t:|1776048452\n|switch|p2a: Whimsicott|Whimsicott, L50, M|86/100\n|turn|5\n|\n|t:|1776048458\n|move|p2a: Whimsicott|Tailwind|p2a: Whimsicott\n|-sidestart|p2: Arksurit|move: Tailwind\n|move|p1a: Delphox|Heat Wave|p2b: Milotic|[spread] p2a,p2b\n|-supereffective|p2a: Whimsicott|1\n|-resisted|p2b: Milotic|1\n|-damage|p2a: Whimsicott|0 fnt\n|-damage|p2b: Milotic|40/100 brn\n|faint|p2a: Whimsicott\n|move|p2b: Milotic|Scald|p1a: Delphox\n|-supereffective|p1a: Delphox|1\n|-damage|p1a: Delphox|0 fnt\n|faint|p1a: Delphox\n|move|p1b: Rotom|Thunderbolt|p2b: Milotic\n|-supereffective|p2b: Milotic|1\n|-damage|p2b: Milotic|0 fnt\n|faint|p2b: Milotic\n|\n|upkeep\n|\n|t:|1776048471\n|switch|p2b: Archaludon|Archaludon, L50, F|100/100\n|turn|6\n|inactive|tindall65 has 30 seconds left.\n|\n|t:|1776048505\n|move|p2b: Archaludon|Thunderbolt|p1b: Rotom\n|-damage|p1b: Rotom|67/100\n|move|p1b: Rotom|Hydro Pump|p2b: Archaludon\n|-resisted|p2b: Archaludon|1\n|-damage|p2b: Archaludon|65/100\n|\n|upkeep\n|turn|7\n|inactive|tindall65 has 30 seconds left.\n|inactive|tindall65 has 20 seconds left.\n|inactive|tindall65 has 15 seconds left.\n|inactive|tindall65 has 10 seconds left.\n|inactive|tindall65 has 5 seconds left.\n|\n|t:|1776048560\n|move|p2b: Archaludon|Thunderbolt|p1b: Rotom\n|-damage|p1b: Rotom|34/100\n|-enditem|p1b: Rotom|Sitrus Berry|[eat]\n|-heal|p1b: Rotom|59/100|[from] item: Sitrus Berry\n|move|p1b: Rotom|Hydro Pump|p2b: Archaludon\n|-resisted|p2b: Archaludon|1\n|-damage|p2b: Archaludon|30/100\n|\n|upkeep\n|turn|8\n|inactive|tindall65 has 30 seconds left.\n|inactive|tindall65 has 20 seconds left.\n|inactive|tindall65 has 15 seconds left.\n|\n|t:|1776048601\n|move|p2b: Archaludon|Thunderbolt|p1b: Rotom\n|-damage|p1b: Rotom|27/100\n|move|p1b: Rotom|Thunderbolt|p2b: Archaludon\n|-resisted|p2b: Archaludon|1\n|-damage|p2b: Archaludon|0 fnt\n|faint|p2b: Archaludon\n|\n|win|tindall65\n|raw|tindall65's rating: 1130 &rarr; <strong>1161</strong><br />(+31 for winning)\n|raw|Arksurit's rating: 1213 &rarr; <strong>1182</strong><br />(-31 for losing)\n|l|\u2606Arksurit\n|player|p2|\n",
  "uploadtime": 1776048616,
  "views": 15,
  "formatid": "gen9championsvgc2026regma",
  "rating": 1161,
  "private": 0,
  "password": null
}