{
  "id": "gen9championsvgc2026regma-2582021197",
  "format": "[Gen 9 Champions] VGC 2026 Reg M-A",
  "players": [
    "D20Manning",
    "GodofSOHAI"
  ],
  "log": "|j|\u2606D20Manning\n|j|\u2606GodofSOHAI\n|t:|1776049096\n|gametype|doubles\n|player|p1|D20Manning|265|1003\n|player|p2|GodofSOHAI|1|1047\n|gen|9\n|tier|[Gen 9 Champions] VGC 2026 Reg M-A\n|rated|\n|rule|Species Clause: Limit one of each Pok\u00e9mon\n|rule|Item Clause: Limit 1 of each item\n|clearpoke\n|poke|p1|Typhlosion, L50, M|\n|poke|p1|Orthworm, L50, M|\n|poke|p1|Sableye, L50, M|\n|poke|p1|Charizard, L50, F|\n|poke|p1|Garchomp, L50, M|\n|poke|p1|Heliolisk, L50, F|\n|poke|p2|Whimsicott, L50, F|\n|poke|p2|Pelipper, L50, M|\n|poke|p2|Archaludon, L50, M|\n|poke|p2|Basculegion, L50, M|\n|poke|p2|Meganium, L50, M|\n|poke|p2|Aegislash, L50, F|\n|teampreview|4\n|inactive|Battle timer is ON: inactive players will automatically lose when time's up. (requested by GodofSOHAI)\n|\n|t:|1776049148\n|teamsize|p1|4\n|teamsize|p2|4\n|start\n|switch|p1a: Sableye|Sableye, L50, M|100/100\n|switch|p1b: Orthworm|Orthworm, L50, M|100/100\n|switch|p2a: Whimsicott|Whimsicott, L50, F|100/100\n|switch|p2b: Basculegion|Basculegion, L50, M|100/100\n|turn|1\n|\n|t:|1776049171\n|move|p1a: Sableye|Fake Out|p2a: Whimsicott\n|-damage|p2a: Whimsicott|89/100\n|cant|p2a: Whimsicott|flinch\n|move|p2b: Basculegion|Liquidation|p1a: Sableye\n|-damage|p1a: Sableye|43/100\n|move|p1b: Orthworm|Shed Tail|p1b: Orthworm\n|-start|p1b: Orthworm|Substitute|[from] move: Shed Tail\n|-damage|p1b: Orthworm|50/100\n|-enditem|p1b: Orthworm|Sitrus Berry|[eat]\n|-heal|p1b: Orthworm|75/100|[from] item: Sitrus Berry\n|inactive|D20Manning has 30 seconds left.\n|\n|t:|1776049197\n|switch|p1b: Typhlosion|Typhlosion, L50, M|100/100|[from] Shed Tail\n|\n|upkeep\n|turn|2\n|inactive|GodofSOHAI has 30 seconds left.\n|\n|t:|1776049223\n|move|p2b: Basculegion|Protect|p2b: Basculegion\n|-singleturn|p2b: Basculegion|Protect\n|move|p2a: Whimsicott|Tailwind|p2a: Whimsicott\n|-sidestart|p2: GodofSOHAI|move: Tailwind\n|move|p1a: Sableye|Sunny Day|p1a: Sableye\n|-weather|SunnyDay\n|move|p1b: Typhlosion|Solar Beam||[still]\n|-prepare|p1b: Typhlosion|Solar Beam\n|-anim|p1b: Typhlosion|Solar Beam|p2b: Basculegion\n|-activate|p2b: Basculegion|move: Protect\n|\n|-weather|SunnyDay|[upkeep]\n|upkeep\n|turn|3\n|inactive|D20Manning has 30 seconds left.\n|inactive|GodofSOHAI has 30 seconds left.\n|\n|t:|1776049251\n|move|p1a: Sableye|Quash|p2b: Basculegion\n|-activate|p2b: Basculegion|move: Quash\n|move|p2a: Whimsicott|Moonblast|p1a: Sableye\n|-supereffective|p1a: Sableye|1\n|-damage|p1a: Sableye|0 fnt\n|faint|p1a: Sableye\n|move|p1b: Typhlosion|Solar Beam||[still]\n|-prepare|p1b: Typhlosion|Solar Beam\n|-anim|p1b: Typhlosion|Solar Beam|p2b: Basculegion\n|-supereffective|p2b: Basculegion|1\n|-damage|p2b: Basculegion|13/100\n|move|p2b: Basculegion|Liquidation|p1b: Typhlosion\n|-supereffective|p1b: Typhlosion|1\n|-end|p1b: Typhlosion|Substitute\n|\n|-weather|SunnyDay|[upkeep]\n|upkeep\n|\n|t:|1776049267\n|switch|p1a: Orthworm|Orthworm, L50, M|75/100\n|turn|4\n|\n|t:|1776049283\n|switch|p2a: Pelipper|Pelipper, L50, M|100/100\n|-weather|RainDance|[from] ability: Drizzle|[of] p2a: Pelipper\n|move|p2b: Basculegion|Liquidation|p1b: Typhlosion\n|-supereffective|p1b: Typhlosion|1\n|-damage|p1b: Typhlosion|0 fnt\n|faint|p1b: Typhlosion\n|move|p1a: Orthworm|Shed Tail|p1a: Orthworm\n|-start|p1a: Orthworm|Substitute|[from] move: Shed Tail\n|-damage|p1a: Orthworm|25/100\n|\n|t:|1776049295\n|switch|p1a: Heliolisk|Heliolisk, L50, F|100/100|[from] Shed Tail\n|\n|-weather|RainDance|[upkeep]\n|upkeep\n|\n|t:|1776049301\n|switch|p1b: Orthworm|Orthworm, L50, M|25/100\n|turn|5\n|\n|t:|1776049326\n|move|p2b: Basculegion|Liquidation|p1b: Orthworm\n|-damage|p1b: Orthworm|0 fnt\n|faint|p1b: Orthworm\n|move|p1a: Heliolisk|Thunder|p2b: Basculegion\n|-supereffective|p2b: Basculegion|1\n|-damage|p2b: Basculegion|0 fnt\n|faint|p2b: Basculegion\n|move|p2a: Pelipper|Hurricane|p1a: Heliolisk\n|-resisted|p1a: Heliolisk|1\n|-end|p1a: Heliolisk|Substitute\n|\n|-weather|RainDance|[upkeep]\n|-sideend|p2: GodofSOHAI|move: Tailwind\n|upkeep\n|\n|t:|1776049339\n|switch|p2b: Meganium|Meganium, L50, M|100/100\n|turn|6\n|\n|t:|1776049360\n|detailschange|p2b: Meganium|Meganium-Mega, L50, M\n|-mega|p2b: Meganium|Meganium|Meganiumite\n|move|p1a: Heliolisk|Thunder|p2a: Pelipper\n|-supereffective|p2a: Pelipper|2\n|-damage|p2a: Pelipper|0 fnt\n|faint|p2a: Pelipper\n|move|p2b: Meganium|Solar Beam||[still]\n|-prepare|p2b: Meganium|Solar Beam\n|-activate|p2b: Meganium|ability: Mega Sol\n|-anim|p2b: Meganium|Solar Beam|p1a: Heliolisk\n|-damage|p1a: Heliolisk|9/100\n|\n|-weather|RainDance|[upkeep]\n|upkeep\n|\n|t:|1776049371\n|switch|p2a: Whimsicott|Whimsicott, L50, F|89/100\n|turn|7\n|\n|t:|1776049378\n|move|p2a: Whimsicott|Tailwind|p2a: Whimsicott\n|-sidestart|p2: GodofSOHAI|move: Tailwind\n|move|p2b: Meganium|Solar Beam||[still]\n|-prepare|p2b: Meganium|Solar Beam\n|-activate|p2b: Meganium|ability: Mega Sol\n|-anim|p2b: Meganium|Solar Beam|p1a: Heliolisk\n|-damage|p1a: Heliolisk|0 fnt\n|faint|p1a: Heliolisk\n|\n|win|GodofSOHAI\n|raw|D20Manning's rating: 1003 &rarr; <strong>1000</strong><br />(-3 for losing)\n|raw|GodofSOHAI's rating: 1047 &rarr; <strong>1076</strong><br />(+29 for winning)\n|l|\u2606D20Manning\n|player|p1|\n",
  "uploadtime": 1776049392,
  "views": 11,
  "formatid": "gen9championsvgc2026regma",
  "rating": 1000,
  "private": 0,
  "password": null
}