{
  "id": "gen9championsvgc2026regma-2581229391",
  "format": "[Gen 9 Champions] VGC 2026 Reg M-A",
  "players": [
    "xRAIOOx",
    "rinai1122"
  ],
  "log": "|j|\u2606xRAIOOx\n|j|\u2606rinai1122\n|t:|1775973536\n|gametype|doubles\n|player|p1|xRAIOOx|hiker-gen4|1089\n|player|p2|rinai1122|170|1186\n|gen|9\n|tier|[Gen 9 Champions] VGC 2026 Reg M-A\n|rated|\n|rule|Species Clause: Limit one of each Pok\u00e9mon\n|rule|Item Clause: Limit 1 of each item\n|clearpoke\n|poke|p1|Aggron, L50, M|\n|poke|p1|Farigiraf, L50, M|\n|poke|p1|Crabominable, L50, F|\n|poke|p1|Incineroar, L50, F|\n|poke|p1|Goodra-Hisui, L50, F|\n|poke|p1|Klefki, L50, F|\n|poke|p2|Froslass, L50, F|\n|poke|p2|Sneasler, L50, F|\n|poke|p2|Arcanine-Hisui, L50, F|\n|poke|p2|Palafin, L50, F|\n|poke|p2|Rotom-Frost, L50|\n|poke|p2|Kingambit, L50, F|\n|teampreview|4\n|inactive|Battle timer is ON: inactive players will automatically lose when time's up. (requested by xRAIOOx)\n|inactive|rinai1122 has 60 seconds left.\n|\n|t:|1775973573\n|teamsize|p1|4\n|teamsize|p2|4\n|start\n|switch|p1a: Farigiraf|Farigiraf, L50, M|100/100\n|switch|p1b: Klefki|Klefki, L50, F|100/100\n|switch|p2a: Froslass|Froslass, L50, F|100/100\n|switch|p2b: Rotom|Rotom-Frost, L50|100/100\n|turn|1\n|\n|t:|1775973586\n|detailschange|p2a: Froslass|Froslass-Mega, L50, F\n|-mega|p2a: Froslass|Froslass|Froslassite\n|-weather|Snowscape|[from] ability: Snow Warning|[of] p2a: Froslass\n|move|p1b: Klefki|Light Screen|p1b: Klefki\n|-sidestart|p1: xRAIOOx|move: Light Screen\n|move|p2b: Rotom|Blizzard|p1b: Klefki|[spread] p1a,p1b\n|-resisted|p1b: Klefki|1\n|-damage|p1a: Farigiraf|82/100\n|-damage|p1b: Klefki|89/100\n|move|p2a: Froslass|Blizzard|p1a: Farigiraf|[spread] p1a,p1b\n|-resisted|p1b: Klefki|1\n|-damage|p1a: Farigiraf|58/100\n|-damage|p1b: Klefki|74/100\n|move|p1a: Farigiraf|Trick Room|p1a: Farigiraf\n|-fieldstart|move: Trick Room|[of] p1a: Farigiraf\n|\n|-weather|Snowscape|[upkeep]\n|-heal|p1a: Farigiraf|64/100|[from] item: Leftovers\n|upkeep\n|turn|2\n|\n|t:|1775973605\n|switch|p1a: Incineroar|Incineroar, L50, F|100/100\n|-ability|p1a: Incineroar|Intimidate|boost\n|-unboost|p2a: Froslass|atk|1\n|-unboost|p2b: Rotom|atk|1\n|move|p1b: Klefki|Rain Dance|p1b: Klefki\n|-weather|RainDance\n|move|p2a: Froslass|Blizzard|p1b: Klefki|[spread] p1a,p1b\n|-resisted|p1a: Incineroar|1\n|-resisted|p1b: Klefki|1\n|-damage|p1a: Incineroar|85/100\n|-damage|p1b: Klefki|60/100\n|move|p2b: Rotom|Blizzard|p1a: Incineroar|[spread] p1a,p1b\n|-resisted|p1a: Incineroar|1\n|-resisted|p1b: Klefki|1\n|-damage|p1a: Incineroar|72/100\n|-damage|p1b: Klefki|48/100\n|-status|p1b: Klefki|frz\n|\n|-weather|RainDance|[upkeep]\n|upkeep\n|turn|3\n|\n|t:|1775973630\n|switch|p2a: Palafin|Palafin, L50, F|100/100\n|switch|p2b: Sneasler|Sneasler, L50, F|100/100\n|move|p1a: Incineroar|Parting Shot|p2a: Palafin\n|-unboost|p2a: Palafin|atk|1\n|-unboost|p2a: Palafin|spa|1\n|\n|t:|1775973635\n|switch|p1a: Aggron|Aggron, L50, M|100/100|[from] Parting Shot\n|cant|p1b: Klefki|frz\n|\n|-weather|RainDance|[upkeep]\n|upkeep\n|turn|4\n|\n|t:|1775973660\n|switch|p1b: Farigiraf|Farigiraf, L50, M|64/100\n|detailschange|p1a: Aggron|Aggron-Mega, L50, M\n|-mega|p1a: Aggron|Aggron|Aggronite\n|move|p1a: Aggron|Iron Defense|p1a: Aggron\n|-boost|p1a: Aggron|def|2\n|move|p2a: Palafin|Flip Turn|p1a: Aggron\n|-damage|p1a: Aggron|94/100\n|\n|t:|1775973679\n|detailschange|p2a: Palafin|Palafin-Hero, L50, F\n|switch|p2a: Froslass|Froslass-Mega, L50, F|100/100|[from] Flip Turn\n|-weather|Snowscape|[from] ability: Snow Warning|[of] p2a: Froslass\n|move|p2b: Sneasler|Close Combat|p1b: Farigiraf\n|-damage|p1b: Farigiraf|0 fnt\n|-unboost|p2b: Sneasler|def|1\n|-unboost|p2b: Sneasler|spd|1\n|faint|p1b: Farigiraf\n|-enditem|p2b: Sneasler|White Herb\n|-clearnegativeboost|p2b: Sneasler|[silent]\n|\n|-weather|Snowscape|[upkeep]\n|upkeep\n|\n|t:|1775973683\n|switch|p1b: Incineroar|Incineroar, L50, F|72/100\n|-ability|p1b: Incineroar|Intimidate|boost\n|-unboost|p2a: Froslass|atk|1\n|-unboost|p2b: Sneasler|atk|1\n|turn|5\n|inactive|rinai1122 has 30 seconds left.\n|inactive|rinai1122 has 20 seconds left.\n|inactive|rinai1122 has 15 seconds left.\n|\n|t:|1775973725\n|move|p2a: Froslass|Protect|p2a: Froslass\n|-singleturn|p2a: Froslass|Protect\n|move|p2b: Sneasler|Protect|p2b: Sneasler\n|-singleturn|p2b: Sneasler|Protect\n|move|p1a: Aggron|Iron Defense|p1a: Aggron\n|-boost|p1a: Aggron|def|2\n|move|p1b: Incineroar|Flare Blitz|p2a: Froslass\n|-activate|p2a: Froslass|move: Protect\n|\n|-weather|Snowscape|[upkeep]\n|-sideend|p1: xRAIOOx|move: Light Screen\n|-fieldend|move: Trick Room\n|upkeep\n|turn|6\n|inactive|xRAIOOx has 30 seconds left.\n|inactive|rinai1122 has 30 seconds left.\n|\n|t:|1775973757\n|move|p2b: Sneasler|Close Combat|p1a: Aggron\n|-supereffective|p1a: Aggron|1\n|-damage|p1a: Aggron|81/100\n|-unboost|p2b: Sneasler|def|1\n|-unboost|p2b: Sneasler|spd|1\n|move|p2a: Froslass|Blizzard|p1a: Aggron|[spread] p1a,p1b\n|-resisted|p1a: Aggron|1\n|-resisted|p1b: Incineroar|1\n|-damage|p1a: Aggron|62/100\n|-damage|p1b: Incineroar|48/100\n|move|p1b: Incineroar|Parting Shot|p2b: Sneasler\n|-unboost|p2b: Sneasler|atk|1\n|-unboost|p2b: Sneasler|spa|1\n|\n|t:|1775973768\n|switch|p1b: Klefki|Klefki, L50, F|48/100 frz|[from] Parting Shot\n|move|p1a: Aggron|Heavy Slam|p2a: Froslass\n|-supereffective|p2a: Froslass|1\n|-damage|p2a: Froslass|0 fnt\n|faint|p2a: Froslass\n|\n|-weather|Snowscape|[upkeep]\n|upkeep\n|\n|t:|1775973778\n|switch|p2a: Palafin|Palafin-Hero, L50, F|100/100\n|-activate|p2a: Palafin|ability: Zero to Hero\n|turn|7\n|\n|t:|1775973790\n|-curestatus|p1b: Klefki|frz|[msg]\n|move|p1b: Klefki|Reflect|p1b: Klefki\n|-sidestart|p1: xRAIOOx|Reflect\n|move|p2b: Sneasler|Close Combat|p1a: Aggron\n|-supereffective|p1a: Aggron|1\n|-damage|p1a: Aggron|56/100\n|-unboost|p2b: Sneasler|def|1\n|-unboost|p2b: Sneasler|spd|1\n|move|p2a: Palafin|Wave Crash|p1a: Aggron\n|-damage|p1a: Aggron|46/100\n|-damage|p2a: Palafin|97/100|[from] Recoil\n|move|p1a: Aggron|Body Press|p2a: Palafin\n|-damage|p2a: Palafin|0 fnt\n|faint|p2a: Palafin\n|\n|-weather|Snowscape|[upkeep]\n|upkeep\n|-message|rinai1122 forfeited.\n|\n|win|xRAIOOx\n|raw|xRAIOOx's rating: 1089 &rarr; <strong>1123</strong><br />(+34 for winning)\n|raw|rinai1122's rating: 1186 &rarr; <strong>1154</strong><br />(-32 for losing)\n|l|\u2606rinai1122\n|player|p2|\n",
  "uploadtime": 1775973809,
  "views": 21,
  "formatid": "gen9championsvgc2026regma",
  "rating": 1123,
  "private": 0,
  "password": null
}