{
  "id": "gen9championsvgc2026regma-2583746790",
  "format": "[Gen 9 Champions] VGC 2026 Reg M-A",
  "players": [
    "tasdzxcvc",
    "MOswagHAWK"
  ],
  "log": "|j|\u2606tasdzxcvc\n|j|\u2606MOswagHAWK\n|t:|1776194921\n|gametype|doubles\n|player|p1|tasdzxcvc|170|1037\n|player|p2|MOswagHAWK|170|1040\n|gen|9\n|tier|[Gen 9 Champions] VGC 2026 Reg M-A\n|rated|\n|rule|Species Clause: Limit one of each Pok\u00e9mon\n|rule|Item Clause: Limit 1 of each item\n|clearpoke\n|poke|p1|Glimmora, L50, F|\n|poke|p1|Incineroar, L50, F|\n|poke|p1|Sinistcha, L50|\n|poke|p1|Tinkaton, L50, F|\n|poke|p1|Ditto, L50|\n|poke|p1|Dragapult, L50, F|\n|poke|p2|Snorlax, L50, M|\n|poke|p2|Sinistcha, L50|\n|poke|p2|Incineroar, L50, F|\n|poke|p2|Sneasler, L50, F|\n|poke|p2|Floette-Eternal, L50, F|\n|poke|p2|Maushold, L50|\n|teampreview|4\n|inactive|Battle timer is ON: inactive players will automatically lose when time's up. (requested by tasdzxcvc)\n|\n|t:|1776194944\n|teamsize|p1|4\n|teamsize|p2|4\n|start\n|switch|p1a: Glimmora|Glimmora, L50, F|100/100\n|switch|p1b: Tinkaton|Tinkaton, L50, F|100/100\n|switch|p2a: Snorlax|Snorlax, L50, M, shiny|100/100\n|switch|p2b: Maushold|Maushold, L50, shiny|100/100\n|-ability|p1b: Tinkaton|Mold Breaker\n|turn|1\n|inactive|MOswagHAWK has 30 seconds left.\n|\n|t:|1776194972\n|detailschange|p1a: Glimmora|Glimmora-Mega, L50, F\n|-mega|p1a: Glimmora|Glimmora|Glimmoranite\n|move|p1b: Tinkaton|Fake Out|p2b: Maushold\n|-damage|p2b: Maushold|88/100\n|cant|p2b: Maushold|flinch\n|move|p1a: Glimmora|Sludge Wave|p2b: Maushold|[spread] p2a,p2b\n|-immune|p1b: Tinkaton\n|-damage|p2a: Snorlax|71/100\n|-damage|p2b: Maushold|20/100\n|move|p2a: Snorlax|Belly Drum|p2a: Snorlax\n|-damage|p2a: Snorlax|21/100\n|-setboost|p2a: Snorlax|atk|6|[from] move: Belly Drum\n|-enditem|p2a: Snorlax|Sitrus Berry|[eat]\n|-heal|p2a: Snorlax|46/100|[from] item: Sitrus Berry\n|\n|upkeep\n|turn|2\n|inactive|MOswagHAWK has 30 seconds left.\n|\n|t:|1776195002\n|switch|p2b: Sinistcha|Sinistcha, L50, shiny|100/100\n|-heal|p2a: Snorlax|71/100|[from] ability: Hospitality|[of] p2b: Sinistcha\n|move|p1a: Glimmora|Sludge Wave|p2b: Sinistcha|[spread] p2a,p2b\n|-immune|p1b: Tinkaton\n|-damage|p2a: Snorlax|32/100\n|-damage|p2b: Sinistcha|45/100\n|move|p1b: Tinkaton|Gigaton Hammer|p2a: Snorlax\n|-damage|p2a: Snorlax|0 fnt\n|faint|p2a: Snorlax\n|\n|upkeep\n|\n|t:|1776195013\n|switch|p2a: Sneasler|Sneasler, L50, F|100/100\n|turn|3\n|\n|t:|1776195037\n|move|p1a: Glimmora|Spiky Shield|p1a: Glimmora\n|-singleturn|p1a: Glimmora|move: Protect\n|move|p2a: Sneasler|Fake Out|p1b: Tinkaton\n|-resisted|p1b: Tinkaton|1\n|-damage|p1b: Tinkaton|91/100\n|cant|p1b: Tinkaton|flinch\n|move|p2b: Sinistcha|Matcha Gotcha|p1b: Tinkaton|[spread] \n|-activate|p1a: Glimmora|move: Protect\n|-miss|p2b: Sinistcha|p1b: Tinkaton\n|\n|upkeep\n|turn|4\n|\n|t:|1776195054\n|switch|p1b: Incineroar|Incineroar, L50, F|100/100\n|-ability|p1b: Incineroar|Intimidate|boost\n|-unboost|p2a: Sneasler|atk|1\n|-unboost|p2b: Sinistcha|atk|1\n|-enditem|p2a: Sneasler|White Herb\n|-clearnegativeboost|p2a: Sneasler|[silent]\n|move|p2b: Sinistcha|Rage Powder|p2b: Sinistcha\n|-singleturn|p2b: Sinistcha|move: Rage Powder\n|move|p2a: Sneasler|Close Combat|p1a: Glimmora\n|-damage|p1a: Glimmora|26/100\n|-unboost|p2a: Sneasler|def|1\n|-unboost|p2a: Sneasler|spd|1\n|move|p1a: Glimmora|Earth Power|p2b: Sinistcha\n|-resisted|p2b: Sinistcha|1\n|-damage|p2b: Sinistcha|27/100\n|\n|upkeep\n|turn|5\n|inactive|MOswagHAWK has 30 seconds left.\n|inactive|MOswagHAWK has 20 seconds left.\n|\n|t:|1776195091\n|move|p1a: Glimmora|Spiky Shield|p1a: Glimmora\n|-singleturn|p1a: Glimmora|move: Protect\n|move|p2a: Sneasler|Close Combat|p1b: Incineroar\n|-supereffective|p1b: Incineroar|1\n|-damage|p1b: Incineroar|0 fnt\n|-unboost|p2a: Sneasler|def|1\n|-unboost|p2a: Sneasler|spd|1\n|faint|p1b: Incineroar\n|move|p2b: Sinistcha|Strength Sap|p1a: Glimmora\n|-activate|p1a: Glimmora|move: Protect\n|\n|upkeep\n|\n|t:|1776195099\n|switch|p1b: Ditto|Ditto, L50|100/100\n|-transform|p1b: Ditto|p2a: Sneasler|[from] ability: Imposter\n|turn|6\n|\n|t:|1776195112\n|switch|p1a: Tinkaton|Tinkaton, L50, F|91/100\n|-ability|p1a: Tinkaton|Mold Breaker\n|move|p2a: Sneasler|Protect|p2a: Sneasler\n|-singleturn|p2a: Sneasler|Protect\n|move|p1b: Ditto|Fake Out|p2a: Sneasler\n|-activate|p2a: Sneasler|move: Protect\n|move|p2b: Sinistcha|Strength Sap|p2a: Sneasler\n|-activate|p2a: Sneasler|move: Protect\n|\n|upkeep\n|turn|7\n|inactive|MOswagHAWK has 30 seconds left.\n|\n|t:|1776195143\n|move|p1a: Tinkaton|Fake Out|p2a: Sneasler\n|-damage|p2a: Sneasler|70/100\n|cant|p2a: Sneasler|flinch\n|move|p1b: Ditto|Dire Claw|p2b: Sinistcha\n|-damage|p2b: Sinistcha|0 fnt\n|faint|p2b: Sinistcha\n|\n|upkeep\n|\n|t:|1776195151\n|switch|p2b: Maushold|Maushold, L50, shiny|20/100\n|turn|8\n|inactive|tasdzxcvc has 30 seconds left.\n|inactive|MOswagHAWK has 30 seconds left.\n|inactive|MOswagHAWK has 20 seconds left.\n|\n|t:|1776195190\n|move|p2a: Sneasler|Close Combat|p1b: Ditto\n|-resisted|p1b: Ditto|1\n|-damage|p1b: Ditto|0 fnt\n|-unboost|p2a: Sneasler|def|1\n|-unboost|p2a: Sneasler|spd|1\n|faint|p1b: Ditto\n|move|p2b: Maushold|Encore|p1a: Tinkaton\n|-start|p1a: Tinkaton|Encore\n|move|p1a: Tinkaton|Fake Out||[still]\n|-hint|Fake Out only works on your first turn out.\n|-fail|p1a: Tinkaton\n|\n|upkeep\n|\n|t:|1776195199\n|switch|p1b: Glimmora|Glimmora-Mega, L50, F|26/100\n|turn|9\n|\n|t:|1776195213\n|move|p1b: Glimmora|Spiky Shield|p1b: Glimmora\n|-singleturn|p1b: Glimmora|move: Protect\n|move|p2a: Sneasler|Close Combat|p1b: Glimmora\n|-activate|p1b: Glimmora|move: Protect\n|-damage|p2a: Sneasler|58/100|[from] Spiky Shield|[of] p1b: Glimmora\n|move|p2b: Maushold|Super Fang|p1a: Tinkaton\n|-damage|p1a: Tinkaton|46/100\n|-activate|p1a: Tinkaton|move: Struggle\n|move|p1a: Tinkaton|Struggle|p2a: Sneasler\n|-damage|p2a: Sneasler|8/100\n|-damage|p1a: Tinkaton|20/100|[from] recoil\n|\n|upkeep\n|turn|10\n|\n|t:|1776195236\n|move|p1b: Glimmora|Spiky Shield||[still]\n|-fail|p1b: Glimmora\n|move|p2b: Maushold|Follow Me|p2b: Maushold\n|-singleturn|p2b: Maushold|move: Follow Me\n|move|p2a: Sneasler|Close Combat|p1b: Glimmora\n|-damage|p1b: Glimmora|0 fnt\n|-unboost|p2a: Sneasler|def|1\n|-unboost|p2a: Sneasler|spd|1\n|faint|p1b: Glimmora\n|-activate|p1a: Tinkaton|move: Struggle\n|move|p1a: Tinkaton|Struggle|p2b: Maushold\n|-damage|p2b: Maushold|4/100\n|-damage|p1a: Tinkaton|0 fnt|[from] recoil\n|faint|p1a: Tinkaton\n|\n|win|MOswagHAWK\n|raw|tasdzxcvc's rating: 1037 &rarr; <strong>1022</strong><br />(-15 for losing)\n|raw|MOswagHAWK's rating: 1040 &rarr; <strong>1074</strong><br />(+34 for winning)\n|l|\u2606tasdzxcvc\n|player|p1|\n",
  "uploadtime": 1776195252,
  "views": 16,
  "formatid": "gen9championsvgc2026regma",
  "rating": 1022,
  "private": 0,
  "password": null
}