{
  "id": "gen9championsvgc2026regma-2587545585",
  "format": "[Gen 9 Champions] VGC 2026 Reg M-A",
  "players": [
    "Mozilla Fennekin",
    "icarusafk"
  ],
  "log": "|j|\u2606Mozilla Fennekin\n|j|\u2606icarusafk\n|t:|1776541050\n|gametype|doubles\n|player|p1|Mozilla Fennekin|marnie-masters3|1126\n|player|p2|icarusafk|unknown|1098\n|gen|9\n|tier|[Gen 9 Champions] VGC 2026 Reg M-A\n|rated|\n|rule|Species Clause: Limit one of each Pok\u00e9mon\n|rule|Item Clause: Limit 1 of each item\n|clearpoke\n|poke|p1|Gyarados, L50, M|\n|poke|p1|Delphox, L50, F|\n|poke|p1|Aerodactyl, L50, M|\n|poke|p1|Archaludon, L50, F|\n|poke|p1|Sinistcha, L50|\n|poke|p1|Mimikyu, L50, M|\n|poke|p2|Aerodactyl, L50, F, shiny|\n|poke|p2|Palafin, L50, M, shiny|\n|poke|p2|Incineroar, L50, M|\n|poke|p2|Froslass, L50, F|\n|poke|p2|Kingambit, L50, M|\n|poke|p2|Meganium, L50, F|\n|teampreview|4\n|\n|t:|1776541086\n|teamsize|p1|4\n|teamsize|p2|4\n|start\n|switch|p1a: Aerodactyl|Aerodactyl, L50, M|100/100\n|switch|p1b: Archaludon|Archaludon, L50, F|100/100\n|switch|p2a: Pink Ranger|Aerodactyl, L50, F, shiny|100/100\n|switch|p2b: SPF 1 000 000|Meganium, L50, F|100/100\n|-ability|p1a: Aerodactyl|Unnerve\n|-ability|p2a: Pink Ranger|Unnerve\n|turn|1\n|\n|t:|1776541100\n|detailschange|p2b: SPF 1 000 000|Meganium-Mega, L50, F\n|-mega|p2b: SPF 1 000 000|Meganium|Meganiumite\n|move|p1a: Aerodactyl|Tailwind|p1a: Aerodactyl\n|-sidestart|p1: Mozilla Fennekin|move: Tailwind\n|move|p1b: Archaludon|Electro Shot||[still]\n|-prepare|p1b: Archaludon|Electro Shot\n|-boost|p1b: Archaludon|spa|1\n|move|p2a: Pink Ranger|Tailwind|p2a: Pink Ranger\n|-sidestart|p2: icarusafk|move: Tailwind\n|move|p2b: SPF 1 000 000|Earth Power|p1b: Archaludon\n|-supereffective|p1b: Archaludon|1\n|-damage|p1b: Archaludon|0 fnt\n|faint|p1b: Archaludon\n|\n|upkeep\n|\n|t:|1776541113\n|switch|p1b: Gyarados|Gyarados, L50, M|100/100\n|-ability|p1b: Gyarados|Intimidate|boost\n|-unboost|p2a: Pink Ranger|atk|1\n|-unboost|p2b: SPF 1 000 000|atk|1\n|turn|2\n|\n|t:|1776541127\n|detailschange|p1b: Gyarados|Gyarados-Mega, L50, M\n|-mega|p1b: Gyarados|Gyarados|Gyaradosite\n|-ability|p1b: Gyarados|Mold Breaker\n|move|p2a: Pink Ranger|Rock Slide|p1b: Gyarados|[spread] p1a,p1b\n|-supereffective|p1a: Aerodactyl|1\n|-damage|p1a: Aerodactyl|54/100\n|-damage|p1b: Gyarados|86/100\n|cant|p1a: Aerodactyl|flinch\n|move|p1b: Gyarados|Dragon Dance|p1b: Gyarados\n|-boost|p1b: Gyarados|atk|1\n|-boost|p1b: Gyarados|spe|1\n|move|p2b: SPF 1 000 000|Solar Beam||[still]\n|-prepare|p2b: SPF 1 000 000|Solar Beam\n|-activate|p2b: SPF 1 000 000|ability: Mega Sol\n|-anim|p2b: SPF 1 000 000|Solar Beam|p1a: Aerodactyl\n|-damage|p1a: Aerodactyl|0 fnt\n|faint|p1a: Aerodactyl\n|\n|upkeep\n|\n|t:|1776541134\n|switch|p1a: Mimikyu|Mimikyu, L50, M|100/100\n|turn|3\n|\n|t:|1776541148\n|move|p2a: Pink Ranger|Rock Slide|p1b: Gyarados|[spread] p1a,p1b\n|-activate|p1a: Mimikyu|ability: Disguise\n|-damage|p1a: Mimikyu|100/100\n|-damage|p1b: Gyarados|73/100\n|detailschange|p1a: Mimikyu|Mimikyu-Busted, L50, M\n|-damage|p1a: Mimikyu|88/100|[from] pokemon: Mimikyu-Busted\n|move|p1b: Gyarados|Iron Head|p2b: SPF 1 000 000\n|-supereffective|p2b: SPF 1 000 000|1\n|-damage|p2b: SPF 1 000 000|6/100\n|move|p1a: Mimikyu|Swords Dance|p1a: Mimikyu\n|-boost|p1a: Mimikyu|atk|2\n|move|p2b: SPF 1 000 000|Dazzling Gleam|p1b: Gyarados|[spread] p1a,p1b\n|-supereffective|p1b: Gyarados|1\n|-damage|p1a: Mimikyu|41/100\n|-damage|p1b: Gyarados|10/100\n|\n|upkeep\n|turn|4\n|\n|t:|1776541171\n|switch|p2b: Checkmate|Kingambit, L50, M|100/100\n|move|p1a: Mimikyu|Shadow Sneak|p2a: Pink Ranger\n|-damage|p2a: Pink Ranger|28/100\n|move|p2a: Pink Ranger|Rock Slide|p1a: Mimikyu|[spread] p1a,p1b\n|-damage|p1a: Mimikyu|17/100\n|-damage|p1b: Gyarados|0 fnt\n|faint|p1b: Gyarados\n|\n|-sideend|p2: icarusafk|move: Tailwind\n|-sideend|p1: Mozilla Fennekin|move: Tailwind\n|upkeep\n|turn|5\n|-message|Mozilla Fennekin forfeited.\n|\n|win|icarusafk\n|raw|Mozilla Fennekin's rating: 1126 &rarr; <strong>1099</strong><br />(-27 for losing)\n|raw|icarusafk's rating: 1098 &rarr; <strong>1125</strong><br />(+27 for winning)\n|l|\u2606Mozilla Fennekin\n|player|p1|\n",
  "uploadtime": 1776541183,
  "views": 16,
  "formatid": "gen9championsvgc2026regma",
  "rating": 1099,
  "private": 0,
  "password": null
}