{
  "id": "gen9championsvgc2026regma-2582854966",
  "format": "[Gen 9 Champions] VGC 2026 Reg M-A",
  "players": [
    "3409c345",
    "jgjhgtjb"
  ],
  "log": "|j|\u26063409c345\n|j|\u2606jgjhgtjb\n|t:|1776119398\n|gametype|doubles\n|player|p1|3409c345|102|1027\n|player|p2|jgjhgtjb|hiker|1000\n|gen|9\n|tier|[Gen 9 Champions] VGC 2026 Reg M-A\n|rated|\n|rule|Species Clause: Limit one of each Pok\u00e9mon\n|rule|Item Clause: Limit 1 of each item\n|clearpoke\n|poke|p1|Farigiraf, L50, M|\n|poke|p1|Meganium, L50, M|\n|poke|p1|Incineroar, L50, M|\n|poke|p1|Politoed, L50, M|\n|poke|p1|Basculegion, L50, M|\n|poke|p1|Kingambit, L50, M|\n|poke|p2|Floette-Eternal, L50, F|\n|poke|p2|Incineroar, L50, M|\n|poke|p2|Blastoise, L50, M|\n|poke|p2|Sinistcha, L50|\n|poke|p2|Talonflame, L50, M|\n|poke|p2|Pelipper, L50, M|\n|teampreview|4\n|\n|t:|1776119442\n|teamsize|p1|4\n|teamsize|p2|4\n|start\n|switch|p1a: Farigiraf|Farigiraf, L50, M|100/100\n|switch|p1b: Kingambit|Kingambit, L50, M|100/100\n|switch|p2a: Sinistcha|Sinistcha, L50|100/100\n|switch|p2b: Floette|Floette-Eternal, L50, F|100/100\n|turn|1\n|\n|t:|1776119470\n|move|p2b: Floette|Protect|p2b: Floette\n|-singleturn|p2b: Floette|Protect\n|move|p2a: Sinistcha|Imprison|p2a: Sinistcha\n|-start|p2a: Sinistcha|move: Imprison\n|move|p1b: Kingambit|Kowtow Cleave|p2a: Sinistcha\n|-supereffective|p2a: Sinistcha|1\n|-damage|p2a: Sinistcha|13/100\n|cant|p1a: Farigiraf|move: Imprison|Trick Room\n|\n|upkeep\n|turn|2\n|\n|t:|1776119508\n|detailschange|p2b: Floette|Floette-Mega, L50, F\n|-mega|p2b: Floette|Floette|Floettite\n|-ability|p2b: Floette|Fairy Aura\n|move|p2a: Sinistcha|Rage Powder|p2a: Sinistcha\n|-singleturn|p2a: Sinistcha|move: Rage Powder\n|move|p2b: Floette|Calm Mind|p2b: Floette\n|-boost|p2b: Floette|spa|1\n|-boost|p2b: Floette|spd|1\n|move|p1a: Farigiraf|Dazzling Gleam|p2a: Sinistcha|[spread] p2a,p2b\n|-damage|p2a: Sinistcha|0 fnt\n|-damage|p2b: Floette|88/100\n|faint|p2a: Sinistcha\n|move|p1b: Kingambit|Iron Head|p2b: Floette\n|-supereffective|p2b: Floette|1\n|-damage|p2b: Floette|14/100\n|\n|upkeep\n|\n|t:|1776119543\n|switch|p2a: Blastoise|Blastoise, L50, M|100/100\n|turn|3\n|\n|t:|1776119565\n|switch|p1a: Meganium|Meganium, L50, M|100/100\n|move|p1b: Kingambit|Sucker Punch|p2b: Floette\n|-resisted|p2b: Floette|1\n|-damage|p2b: Floette|0 fnt\n|faint|p2b: Floette\n|move|p2a: Blastoise|Water Spout|p1b: Kingambit|[spread] p1a,p1b\n|-resisted|p1a: Meganium|1\n|-damage|p1a: Meganium|80/100\n|-damage|p1b: Kingambit|57/100\n|\n|upkeep\n|\n|t:|1776119571\n|switch|p2b: Incineroar|Incineroar, L50, M, shiny|100/100\n|-ability|p2b: Incineroar|Intimidate|boost\n|-unboost|p1a: Meganium|atk|1\n|-unboost|p1b: Kingambit|atk|1\n|-ability|p1b: Kingambit|Defiant|boost\n|-boost|p1b: Kingambit|atk|2\n|turn|4\n|\n|t:|1776119594\n|switch|p1a: Farigiraf|Farigiraf, L50, M|100/100\n|move|p1b: Kingambit|Protect|p1b: Kingambit\n|-singleturn|p1b: Kingambit|Protect\n|move|p2b: Incineroar|Fake Out||[still]\n|cant|p1a: Farigiraf|ability: Armor Tail|Fake Out|[of] p2b: Incineroar\n|move|p2a: Blastoise|Water Spout|p1a: Farigiraf|[spread] p1a\n|-activate|p1b: Kingambit|move: Protect\n|-damage|p1a: Farigiraf|62/100\n|\n|-heal|p1a: Farigiraf|69/100|[from] item: Leftovers\n|upkeep\n|turn|5\n|\n|t:|1776119621\n|move|p2a: Blastoise|Water Spout|p1b: Kingambit|[spread] p1a,p1b\n|-damage|p1a: Farigiraf|33/100\n|-damage|p1b: Kingambit|15/100\n|move|p2b: Incineroar|Flare Blitz|p1b: Kingambit\n|-supereffective|p1b: Kingambit|1\n|-damage|p1b: Kingambit|0 fnt\n|faint|p1b: Kingambit\n|-damage|p2b: Incineroar|96/100|[from] Recoil\n|move|p1a: Farigiraf|Trick Room|p1a: Farigiraf\n|-fieldstart|move: Trick Room|[of] p1a: Farigiraf\n|\n|-heal|p1a: Farigiraf|39/100|[from] item: Leftovers\n|upkeep\n|\n|t:|1776119634\n|switch|p1b: Meganium|Meganium, L50, M|80/100\n|turn|6\n|\n|t:|1776119645\n|switch|p1a: Politoed|Politoed, L50, M|100/100\n|-weather|RainDance|[from] ability: Drizzle|[of] p1a: Politoed\n|detailschange|p1b: Meganium|Meganium-Mega, L50, M\n|-mega|p1b: Meganium|Meganium|Meganiumite\n|move|p2b: Incineroar|Flare Blitz|p1b: Meganium\n|-supereffective|p1b: Meganium|1\n|-damage|p1b: Meganium|28/100\n|-damage|p2b: Incineroar|80/100|[from] Recoil\n|move|p1b: Meganium|Solar Beam||[still]\n|-prepare|p1b: Meganium|Solar Beam\n|-activate|p1b: Meganium|ability: Mega Sol\n|-anim|p1b: Meganium|Solar Beam|p2a: Blastoise\n|-supereffective|p2a: Blastoise|1\n|-damage|p2a: Blastoise|0 fnt\n|faint|p2a: Blastoise\n|\n|-weather|RainDance|[upkeep]\n|upkeep\n|turn|7\n|\n|t:|1776119706\n|move|p1b: Meganium|Protect|p1b: Meganium\n|-singleturn|p1b: Meganium|Protect\n|move|p2b: Incineroar|Flare Blitz|p1b: Meganium\n|-activate|p1b: Meganium|move: Protect\n|move|p1a: Politoed|Chilling Water|p2b: Incineroar\n|-supereffective|p2b: Incineroar|1\n|-damage|p2b: Incineroar|37/100\n|-unboost|p2b: Incineroar|atk|1\n|\n|-weather|RainDance|[upkeep]\n|upkeep\n|turn|8\n|\n|t:|1776119772\n|move|p2b: Incineroar|Darkest Lariat|p1a: Politoed\n|-damage|p1a: Politoed|70/100\n|move|p1b: Meganium|Earth Power|p2b: Incineroar\n|-supereffective|p2b: Incineroar|1\n|-damage|p2b: Incineroar|0 fnt\n|faint|p2b: Incineroar\n|\n|win|3409c345\n|raw|3409c345's rating: 1027 &rarr; <strong>1060</strong><br />(+33 for winning)\n|raw|jgjhgtjb's rating: 1000 &rarr; <strong>1000</strong><br />(+0 for losing)\n|l|\u26063409c345\n|player|p1|\n",
  "uploadtime": 1776119809,
  "views": 11,
  "formatid": "gen9championsvgc2026regma",
  "rating": 1000,
  "private": 0,
  "password": null
}