{
  "id": "gen9championsvgc2026regma-2586061850",
  "format": "[Gen 9 Champions] VGC 2026 Reg M-A",
  "players": [
    "Phillip Blevin",
    "arcticfish"
  ],
  "log": "|j|\u2606Phillip Blevin\n|j|\u2606arcticfish\n|t:|1776394953\n|gametype|doubles\n|player|p1|Phillip Blevin|cynthia-masters4|1331\n|player|p2|arcticfish|pokekid|1426\n|gen|9\n|tier|[Gen 9 Champions] VGC 2026 Reg M-A\n|rated|\n|rule|Species Clause: Limit one of each Pok\u00e9mon\n|rule|Item Clause: Limit 1 of each item\n|clearpoke\n|poke|p1|Froslass, L50, F|\n|poke|p1|Corviknight, L50, F|\n|poke|p1|Sneasler, L50, M|\n|poke|p1|Rotom-Mow, L50|\n|poke|p1|Incineroar, L50, M|\n|poke|p1|Milotic, L50, M|\n|poke|p2|Aegislash, L50, F|\n|poke|p2|Sneasler, L50, F|\n|poke|p2|Floette-Eternal, L50, F|\n|poke|p2|Talonflame, L50, F|\n|poke|p2|Rotom-Wash, L50|\n|poke|p2|Garchomp, L50, F|\n|teampreview|4\n|inactive|Battle timer is ON: inactive players will automatically lose when time's up. (requested by Phillip Blevin)\nPhillip Blevin has agreed to open team sheets.\n|inactive|Phillip Blevin has 60 seconds left.\n|inactive|arcticfish has 60 seconds left.\n|\n|t:|1776395000\n|teamsize|p1|4\n|teamsize|p2|4\n|start\n|switch|p1a: Sneasler|Sneasler, L50, M|100/100\n|switch|p1b: Milotic|Milotic, L50, M|100/100\n|switch|p2a: Talonflame|Talonflame, L50, F|100/100\n|switch|p2b: Floette|Floette-Eternal, L50, F|100/100\n|-ability|p1a: Sneasler|Pressure\n|turn|1\n|\n|t:|1776395020\n|detailschange|p2b: Floette|Floette-Mega, L50, F\n|-mega|p2b: Floette|Floette|Floettite\n|-ability|p2b: Floette|Fairy Aura\n|move|p2a: Talonflame|Protect|p2a: Talonflame\n|-singleturn|p2a: Talonflame|Protect\n|move|p1a: Sneasler|Fake Out|p2a: Talonflame\n|-activate|p2a: Talonflame|move: Protect\n|move|p2b: Floette|Dazzling Gleam|p1b: Milotic|[spread] p1a,p1b\n|-damage|p1a: Sneasler|30/100\n|-damage|p1b: Milotic|72/100\n|move|p1b: Milotic|Coil|p1b: Milotic\n|-boost|p1b: Milotic|atk|1\n|-boost|p1b: Milotic|def|1\n|-boost|p1b: Milotic|accuracy|1\n|\n|upkeep\n|turn|2\n|\n|t:|1776395033\n|move|p2a: Talonflame|Tailwind|p2a: Talonflame\n|-sidestart|p2: arcticfish|move: Tailwind\n|move|p2b: Floette|Dazzling Gleam|p1a: Sneasler|[spread] p1a,p1b\n|-damage|p1a: Sneasler|0 fnt\n|-damage|p1b: Milotic|44/100\n|-enditem|p1b: Milotic|Sitrus Berry|[eat]\n|-heal|p1b: Milotic|69/100|[from] item: Sitrus Berry\n|faint|p1a: Sneasler\n|move|p1b: Milotic|Hypnosis|p2b: Floette\n|-status|p2b: Floette|slp|[from] move: Hypnosis\n|\n|upkeep\n|\n|t:|1776395042\n|switch|p1a: Incineroar|Incineroar, L50, M|100/100\n|-ability|p1a: Incineroar|Intimidate|boost\n|-unboost|p2a: Talonflame|atk|1\n|-unboost|p2b: Floette|atk|1\n|turn|3\n|inactive|arcticfish has 30 seconds left.\n|\n|t:|1776395072\n|move|p1a: Incineroar|Fake Out|p2a: Talonflame\n|-damage|p2a: Talonflame|84/100\n|cant|p2a: Talonflame|flinch\n|cant|p2b: Floette|slp\n|move|p1b: Milotic|Muddy Water|p2a: Talonflame|[spread] p2a,p2b\n|-supereffective|p2a: Talonflame|1\n|-damage|p2a: Talonflame|5/100\n|-damage|p2b: Floette|83/100 slp\n|-unboost|p2b: Floette|accuracy|1\n|\n|upkeep\n|turn|4\n|\n|t:|1776395093\n|move|p2a: Talonflame|Dual Wingbeat|p1b: Milotic\n|-damage|p1b: Milotic|60/100\n|-damage|p1b: Milotic|51/100\n|-hitcount|p1b: Milotic|2\n|-curestatus|p2b: Floette|slp|[msg]\n|move|p2b: Floette|Calm Mind|p2b: Floette\n|-boost|p2b: Floette|spa|1\n|-boost|p2b: Floette|spd|1\n|move|p1b: Milotic|Recover|p1b: Milotic\n|-heal|p1b: Milotic|100/100\n|move|p1a: Incineroar|Parting Shot|p2b: Floette\n|-unboost|p2b: Floette|atk|1\n|-unboost|p2b: Floette|spa|1\n|\n|t:|1776395096\n|switch|p1a: Rotom|Rotom-Mow, L50|100/100|[from] Parting Shot\n|\n|upkeep\n|turn|5\n|inactive|arcticfish has 30 seconds left.\n|\n|t:|1776395130\n|switch|p2b: Aegislash|Aegislash, L50, F|100/100\n|move|p2a: Talonflame|Dual Wingbeat|p1a: Rotom\n|-damage|p1a: Rotom|83/100\n|-damage|p1a: Rotom|66/100\n|-hitcount|p1a: Rotom|2\n|move|p1a: Rotom|Volt Switch|p2a: Talonflame\n|-supereffective|p2a: Talonflame|1\n|-damage|p2a: Talonflame|0 fnt\n|faint|p2a: Talonflame\n|\n|t:|1776395135\n|switch|p1a: Incineroar|Incineroar, L50, M|100/100|[from] Volt Switch\n|-ability|p1a: Incineroar|Intimidate|boost\n|-unboost|p2b: Aegislash|atk|1\n|move|p1b: Milotic|Hypnosis|p2b: Aegislash\n|-status|p2b: Aegislash|slp|[from] move: Hypnosis\n|\n|-sideend|p2: arcticfish|move: Tailwind\n|upkeep\n|\n|t:|1776395144\n|switch|p2a: Sneasler|Sneasler, L50, F, shiny|100/100\n|turn|6\n|\n|t:|1776395152\n|switch|p2b: Floette|Floette-Mega, L50, F|83/100\n|-ability|p2b: Floette|Fairy Aura\n|move|p2a: Sneasler|Fake Out|p1b: Milotic\n|-damage|p1b: Milotic|91/100\n|move|p1a: Incineroar|Fake Out|p2a: Sneasler\n|-damage|p2a: Sneasler|88/100\n|cant|p1b: Milotic|flinch\n|\n|upkeep\n|turn|7\n|\n|t:|1776395175\n|move|p2a: Sneasler|Close Combat|p1b: Milotic\n|-damage|p1b: Milotic|50/100\n|-unboost|p2a: Sneasler|def|1\n|-unboost|p2a: Sneasler|spd|1\n|-enditem|p2a: Sneasler|White Herb\n|-clearnegativeboost|p2a: Sneasler|[silent]\n|move|p2b: Floette|Moonblast|p1b: Milotic\n|-damage|p1b: Milotic|3/100\n|move|p1b: Milotic|Hypnosis|p2b: Floette|[miss]\n|-miss|p1b: Milotic|p2b: Floette\n|move|p1a: Incineroar|Parting Shot|p2a: Sneasler\n|-unboost|p2a: Sneasler|atk|1\n|-unboost|p2a: Sneasler|spa|1\n|\n|t:|1776395185\n|switch|p1a: Rotom|Rotom-Mow, L50|66/100|[from] Parting Shot\n|\n|upkeep\n|turn|8\n|\n|t:|1776395202\n|switch|p1b: Incineroar|Incineroar, L50, M|100/100\n|-ability|p1b: Incineroar|Intimidate|boost\n|-unboost|p2a: Sneasler|atk|1\n|-unboost|p2b: Floette|atk|1\n|move|p2a: Sneasler|Dire Claw|p1a: Rotom\n|-supereffective|p1a: Rotom|1\n|-damage|p1a: Rotom|12/100\n|-status|p1a: Rotom|slp\n|cant|p1a: Rotom|slp\n|move|p2b: Floette|Dazzling Gleam|p1b: Incineroar|[spread] p1a,p1b\n|-damage|p1a: Rotom|0 fnt\n|-damage|p1b: Incineroar|53/100\n|faint|p1a: Rotom\n|\n|upkeep\n|\n|t:|1776395211\n|switch|p1a: Milotic|Milotic, L50, M|3/100\n|turn|9\n|-message|Phillip Blevin forfeited.\n|\n|win|arcticfish\n|raw|Phillip Blevin's rating: 1331 &rarr; <strong>1316</strong><br />(-15 for losing)\n|raw|arcticfish's rating: 1426 &rarr; <strong>1441</strong><br />(+15 for winning)\n",
  "uploadtime": 1776395213,
  "views": 38,
  "formatid": "gen9championsvgc2026regma",
  "rating": 1316,
  "private": 0,
  "password": null
}