{
  "id": "gen9championsvgc2026regma-2583374126",
  "format": "[Gen 9 Champions] VGC 2026 Reg M-A",
  "players": [
    "davvo.wav",
    "raullv"
  ],
  "log": "|j|\u2606davvo.wav\n|j|\u2606raullv\n|t:|1776171131\n|gametype|doubles\n|player|p1|davvo.wav|170|1115\n|player|p2|raullv|blackbelt|1121\n|gen|9\n|tier|[Gen 9 Champions] VGC 2026 Reg M-A\n|rated|\n|rule|Species Clause: Limit one of each Pok\u00e9mon\n|rule|Item Clause: Limit 1 of each item\n|clearpoke\n|poke|p1|Kangaskhan, L50, F|\n|poke|p1|Talonflame, L50, M|\n|poke|p1|Floette-Eternal, L50, F|\n|poke|p1|Aerodactyl, L50, M|\n|poke|p1|Sinistcha, L50|\n|poke|p1|Arcanine-Hisui, L50, M|\n|poke|p2|Hatterene, L50, F|\n|poke|p2|Farigiraf, L50, M|\n|poke|p2|Golurk, L50|\n|poke|p2|Ceruledge, L50, M|\n|poke|p2|Lucario, L50, F|\n|poke|p2|Torkoal, L50, F|\n|teampreview|4\n|j| Zuiriririon\n|\n|t:|1776171174\n|teamsize|p1|4\n|teamsize|p2|4\n|start\n|switch|p1a: Floette|Floette-Eternal, L50, F|100/100\n|switch|p1b: Arcanine|Arcanine-Hisui, L50, M|100/100\n|switch|p2a: Farigiraf|Farigiraf, L50, M|100/100\n|switch|p2b: Ceruledge|Ceruledge, L50, M|100/100\n|-ability|p1b: Arcanine|Intimidate|boost\n|-unboost|p2a: Farigiraf|atk|1\n|-unboost|p2b: Ceruledge|atk|1\n|turn|1\n|\n|t:|1776171184\n|detailschange|p1a: Floette|Floette-Mega, L50, F\n|-mega|p1a: Floette|Floette|Floettite\n|-ability|p1a: Floette|Fairy Aura\n|move|p1b: Arcanine|Rock Slide|p2a: Farigiraf|[spread] p2b\n|-miss|p1b: Arcanine|p2a: Farigiraf\n|-supereffective|p2b: Ceruledge|1\n|-damage|p2b: Ceruledge|30/100\n|move|p1a: Floette|Calm Mind|p1a: Floette\n|-boost|p1a: Floette|spa|1\n|-boost|p1a: Floette|spd|1\n|move|p2b: Ceruledge|Bitter Blade|p1a: Floette\n|-damage|p1a: Floette|71/100\n|-heal|p2b: Ceruledge|45/100|[from] drain|[of] p1a: Floette\n|move|p2a: Farigiraf|Trick Room|p2a: Farigiraf\n|-fieldstart|move: Trick Room|[of] p2a: Farigiraf\n|\n|upkeep\n|turn|2\n|\n|t:|1776171204\n|switch|p1b: Sinistcha|Sinistcha, L50|100/100\n|-heal|p1a: Floette|96/100|[from] ability: Hospitality|[of] p1b: Sinistcha\n|move|p2a: Farigiraf|Psychic|p1a: Floette\n|-damage|p1a: Floette|79/100\n|-unboost|p1a: Floette|spd|1\n|move|p2b: Ceruledge|Bitter Blade|p1a: Floette\n|-damage|p1a: Floette|49/100\n|-heal|p2b: Ceruledge|60/100|[from] drain|[of] p1a: Floette\n|move|p1a: Floette|Draining Kiss|p2b: Ceruledge\n|-resisted|p2b: Ceruledge|1\n|-damage|p2b: Ceruledge|34/100\n|-heal|p1a: Floette|68/100|[from] drain|[of] p2b: Ceruledge\n|\n|upkeep\n|turn|3\n|\n|t:|1776171229\n|switch|p1b: Arcanine|Arcanine-Hisui, L50, M|100/100\n|-ability|p1b: Arcanine|Intimidate|boost\n|-unboost|p2a: Farigiraf|atk|1\n|-unboost|p2b: Ceruledge|atk|1\n|move|p1a: Floette|Protect|p1a: Floette\n|-singleturn|p1a: Floette|Protect\n|move|p2a: Farigiraf|Imprison|p2a: Farigiraf\n|-start|p2a: Farigiraf|move: Imprison\n|move|p2b: Ceruledge|Bitter Blade|p1b: Arcanine\n|-resisted|p1b: Arcanine|2\n|-damage|p1b: Arcanine|93/100\n|-heal|p2b: Ceruledge|38/100|[from] drain|[of] p1b: Arcanine\n|\n|upkeep\n|turn|4\n|\n|t:|1776171245\n|switch|p2b: Torkoal|Torkoal, L50, F|100/100\n|-weather|SunnyDay|[from] ability: Drought|[of] p2b: Torkoal\n|switch|p1b: Sinistcha|Sinistcha, L50|100/100\n|-heal|p1a: Floette|93/100|[from] ability: Hospitality|[of] p1b: Sinistcha\n|move|p2a: Farigiraf|Psychic|p1a: Floette\n|-damage|p1a: Floette|70/100\n|move|p1a: Floette|Dazzling Gleam|p2b: Torkoal|[spread] p2a,p2b\n|-resisted|p2b: Torkoal|1\n|-crit|p2b: Torkoal\n|-damage|p2a: Farigiraf|56/100\n|-damage|p2b: Torkoal|30/100\n|\n|-weather|SunnyDay|[upkeep]\n|upkeep\n|turn|5\n|\n|t:|1776171261\n|switch|p2a: Lucario|Lucario, L50, F|100/100\n|switch|p1b: Arcanine|Arcanine-Hisui, L50, M|93/100\n|-ability|p1b: Arcanine|Intimidate|boost\n|-fail|p2a: Lucario|unboost|Attack|[from] ability: Inner Focus|[of] p2a: Lucario\n|-unboost|p2b: Torkoal|atk|1\n|move|p2b: Torkoal|Heat Wave|p1b: Arcanine|[spread] p1a,p1b\n|-resisted|p1b: Arcanine|2\n|-damage|p1a: Floette|34/100\n|-damage|p1b: Arcanine|75/100\n|-status|p1a: Floette|brn\n|move|p1a: Floette|Dazzling Gleam|p2b: Torkoal|[spread] p2a,p2b\n|-resisted|p2b: Torkoal|1\n|-damage|p2a: Lucario|0 fnt\n|-damage|p2b: Torkoal|0 fnt\n|faint|p2a: Lucario\n|faint|p2b: Torkoal\n|\n|-weather|SunnyDay|[upkeep]\n|-damage|p1a: Floette|28/100 brn|[from] brn\n|-fieldend|move: Trick Room\n|upkeep\n|\n|t:|1776171267\n|switch|p2a: Ceruledge|Ceruledge, L50, M|38/100\n|switch|p2b: Farigiraf|Farigiraf, L50, M|56/100\n|turn|6\n|\n|t:|1776171281\n|move|p1b: Arcanine|Rock Slide|p2a: Ceruledge|[spread] p2a,p2b\n|-supereffective|p2a: Ceruledge|1\n|-damage|p2a: Ceruledge|0 fnt\n|-damage|p2b: Farigiraf|27/100\n|faint|p2a: Ceruledge\n|move|p1a: Floette|Draining Kiss|p2b: Farigiraf\n|-damage|p2b: Farigiraf|0 fnt\n|-heal|p1a: Floette|54/100 brn|[from] drain|[of] p2b: Farigiraf\n|faint|p2b: Farigiraf\n|\n|win|davvo.wav\n|raw|davvo.wav's rating: 1115 &rarr; <strong>1140</strong><br />(+25 for winning)\n|raw|raullv's rating: 1121 &rarr; <strong>1096</strong><br />(-25 for losing)\n|l|\u2606raullv\n|player|p2|\n",
  "uploadtime": 1776171291,
  "views": 16,
  "formatid": "gen9championsvgc2026regma",
  "rating": 1096,
  "private": 0,
  "password": null
}