{
  "id": "gen9championsvgc2026regma-2585851917",
  "format": "[Gen 9 Champions] VGC 2026 Reg M-A",
  "players": [
    "DanimalsFruitSnack",
    "bigearlington"
  ],
  "log": "|j|\u2606DanimalsFruitSnack\n|j|\u2606bigearlington\n|t:|1776375548\n|gametype|doubles\n|player|p1|DanimalsFruitSnack|102|1142\n|player|p2|bigearlington|102|1204\n|gen|9\n|tier|[Gen 9 Champions] VGC 2026 Reg M-A\n|rated|\n|rule|Species Clause: Limit one of each Pok\u00e9mon\n|rule|Item Clause: Limit 1 of each item\n|clearpoke\n|poke|p1|Aggron, L50, M|\n|poke|p1|Pelipper, L50, M|\n|poke|p1|Basculegion, L50, M|\n|poke|p1|Incineroar, L50, F|\n|poke|p1|Sinistcha, L50|\n|poke|p1|Primarina, L50, M|\n|poke|p2|Aerodactyl, L50, M|\n|poke|p2|Maushold, L50|\n|poke|p2|Garchomp, L50, M|\n|poke|p2|Delphox, L50, F|\n|poke|p2|Aegislash, L50, M|\n|poke|p2|Floette-Eternal, L50, F|\n|teampreview|4\n|inactive|Battle timer is ON: inactive players will automatically lose when time's up. (requested by DanimalsFruitSnack)\n|inactive|bigearlington has 60 seconds left.\n|inactive|bigearlington has 30 seconds left.\n|inactive|bigearlington has 20 seconds left.\n|inactive|bigearlington has 15 seconds left.\n|\n|t:|1776375677\n|teamsize|p1|4\n|teamsize|p2|4\n|start\n|switch|p1a: Aggron|Aggron, L50, M|100/100\n|switch|p1b: LaBubu|Sinistcha, L50|100/100\n|switch|p2a: Floette|Floette-Eternal, L50, F|100/100\n|switch|p2b: Maushold|Maushold, L50|100/100\n|turn|1\n|inactive|bigearlington has 30 seconds left.\n|inactive|bigearlington has 20 seconds left.\n|inactive|bigearlington has 15 seconds left.\n|inactive|bigearlington has 10 seconds left.\n|\n|t:|1776375724\n|detailschange|p2a: Floette|Floette-Mega, L50, F\n|-mega|p2a: Floette|Floette|Floettite\n|-ability|p2a: Floette|Fairy Aura\n|detailschange|p1a: Aggron|Aggron-Mega, L50, M\n|-mega|p1a: Aggron|Aggron|Aggronite\n|move|p2b: Maushold|Follow Me|p2b: Maushold\n|-singleturn|p2b: Maushold|move: Follow Me\n|move|p2a: Floette|Calm Mind|p2a: Floette\n|-boost|p2a: Floette|spa|1\n|-boost|p2a: Floette|spd|1\n|move|p1a: Aggron|Body Press|p2b: Maushold\n|-supereffective|p2b: Maushold|1\n|-enditem|p2b: Maushold|Chople Berry|[eat]\n|-enditem|p2b: Maushold|Chople Berry|[weaken]\n|-damage|p2b: Maushold|46/100\n|move|p1b: LaBubu|Trick Room|p1b: LaBubu\n|-fieldstart|move: Trick Room|[of] p1b: LaBubu\n|\n|upkeep\n|turn|2\n|inactive|DanimalsFruitSnack has 30 seconds left.\n|inactive|bigearlington has 30 seconds left.\n|inactive|DanimalsFruitSnack has 20 seconds left.\n|inactive|bigearlington has 20 seconds left.\n|inactive|DanimalsFruitSnack has 15 seconds left.\n|inactive|bigearlington has 15 seconds left.\n|inactive|DanimalsFruitSnack has 10 seconds left.\n|inactive|bigearlington has 10 seconds left.\n|\n|t:|1776375774\n|switch|p2b: Aegislash|Aegislash, L50, M|100/100\n|move|p1b: LaBubu|Protect|p1b: LaBubu\n|-singleturn|p1b: LaBubu|Protect\n|move|p2a: Floette|Protect|p2a: Floette\n|-singleturn|p2a: Floette|Protect\n|move|p1a: Aggron|Heavy Slam|p2a: Floette\n|-activate|p2a: Floette|move: Protect\n|\n|upkeep\n|turn|3\n|inactive|bigearlington has 30 seconds left.\n|inactive|bigearlington has 20 seconds left.\n|inactive|bigearlington has 15 seconds left.\n|inactive|bigearlington has 10 seconds left.\n|\n|t:|1776375819\n|switch|p2a: Garchomp|Garchomp, L50, M|100/100\n|move|p1a: Aggron|Heavy Slam|p2a: Garchomp\n|-damage|p2a: Garchomp|53/100\n|-damage|p1a: Aggron|88/100|[from] ability: Rough Skin|[of] p2a: Garchomp\n|-formechange|p2b: Aegislash|Aegislash-Blade|\n|move|p2b: Aegislash|Poltergeist|p1b: LaBubu\n|-activate|p1b: LaBubu|move: Poltergeist|Sitrus Berry\n|-supereffective|p1b: LaBubu|1\n|-damage|p1b: LaBubu|0 fnt\n|faint|p1b: LaBubu\n|\n|upkeep\n|\n|t:|1776375839\n|switch|p1b: Pelipper|Pelipper, L50, M|100/100\n|-weather|RainDance|[from] ability: Drizzle|[of] p1b: Pelipper\n|turn|4\n|inactive|bigearlington has 30 seconds left.\n|inactive|bigearlington has 20 seconds left.\n|inactive|bigearlington has 15 seconds left.\n|inactive|bigearlington has 10 seconds left.\n|\n|t:|1776375889\n|-formechange|p2b: Aegislash|Aegislash|\n|move|p2b: Aegislash|King's Shield|p2b: Aegislash\n|-singleturn|p2b: Aegislash|Protect\n|move|p2a: Garchomp|Protect|p2a: Garchomp\n|-singleturn|p2a: Garchomp|Protect\n|move|p1a: Aggron|Iron Defense|p1a: Aggron\n|-boost|p1a: Aggron|def|2\n|move|p1b: Pelipper|Weather Ball|p2a: Garchomp\n|-activate|p2a: Garchomp|move: Protect\n|\n|-weather|RainDance|[upkeep]\n|upkeep\n|turn|5\n|inactive|bigearlington has 30 seconds left.\n|inactive|bigearlington has 20 seconds left.\n|inactive|bigearlington has 15 seconds left.\n|inactive|bigearlington has 10 seconds left.\n|\n|t:|1776375936\n|move|p1a: Aggron|Body Press|p2a: Garchomp\n|-damage|p2a: Garchomp|0 fnt\n|-damage|p1a: Aggron|76/100|[from] ability: Rough Skin|[of] p2a: Garchomp\n|faint|p2a: Garchomp\n|-formechange|p2b: Aegislash|Aegislash-Blade|\n|move|p2b: Aegislash|Poltergeist|p1b: Pelipper\n|-activate|p1b: Pelipper|move: Poltergeist|Focus Sash\n|-damage|p1b: Pelipper|21/100\n|move|p1b: Pelipper|Weather Ball|p2b: Aegislash\n|-damage|p2b: Aegislash|0 fnt\n|faint|p2b: Aegislash\n|\n|-weather|RainDance|[upkeep]\n|-fieldend|move: Trick Room\n|upkeep\n|\n|t:|1776375952\n|switch|p2a: Maushold|Maushold, L50|46/100\n|switch|p2b: Floette|Floette-Mega, L50, F|100/100\n|-ability|p2b: Floette|Fairy Aura\n|turn|6\n|\n|t:|1776375972\n|move|p2b: Floette|Protect|p2b: Floette\n|-singleturn|p2b: Floette|Protect\n|move|p2a: Maushold|Super Fang|p1a: Aggron\n|-damage|p1a: Aggron|38/100\n|move|p1b: Pelipper|Weather Ball|p2a: Maushold\n|-damage|p2a: Maushold|0 fnt\n|faint|p2a: Maushold\n|move|p1a: Aggron|Heavy Slam|p2b: Floette\n|-activate|p2b: Floette|move: Protect\n|\n|-weather|RainDance|[upkeep]\n|upkeep\n|turn|7\n|inactive|DanimalsFruitSnack has 30 seconds left.\n|\n|t:|1776376000\n|move|p2b: Floette|Moonblast|p1a: Aggron\n|-resisted|p1a: Aggron|1\n|-damage|p1a: Aggron|6/100\n|move|p1b: Pelipper|Hurricane|p2b: Floette\n|-damage|p2b: Floette|67/100\n|move|p1a: Aggron|Heavy Slam|p2b: Floette\n|-supereffective|p2b: Floette|1\n|-damage|p2b: Floette|0 fnt\n|faint|p2b: Floette\n|\n|win|DanimalsFruitSnack\n|raw|DanimalsFruitSnack's rating: 1142 &rarr; <strong>1171</strong><br />(+29 for winning)\n|raw|bigearlington's rating: 1204 &rarr; <strong>1175</strong><br />(-29 for losing)\n|c|\u2606DanimalsFruitSnack|gg\n|l|\u2606DanimalsFruitSnack\n|player|p1|\n|l|\u2606bigearlington\n|player|p2|\n|j|\u2606bigearlington\n|player|p2|bigearlington|102|\n",
  "uploadtime": 1776376404,
  "views": 21,
  "formatid": "gen9championsvgc2026regma",
  "rating": 1171,
  "private": 0,
  "password": null
}