{
  "id": "gen9championsvgc2026regma-2586090733",
  "format": "[Gen 9 Champions] VGC 2026 Reg M-A",
  "players": [
    "dytldht",
    "PTSDofficial"
  ],
  "log": "|j|\u2606dytldht\n|j|\u2606PTSDofficial\n|t:|1776397944\n|gametype|doubles\n|player|p1|dytldht|twins|1000\n|player|p2|PTSDofficial|169|1000\n|gen|9\n|tier|[Gen 9 Champions] VGC 2026 Reg M-A\n|rated|\n|rule|Species Clause: Limit one of each Pok\u00e9mon\n|rule|Item Clause: Limit 1 of each item\n|clearpoke\n|poke|p1|Scovillain, L50, F|\n|poke|p1|Palafin, L50, F|\n|poke|p1|Incineroar, L50, M|\n|poke|p1|Kingambit, L50, F|\n|poke|p1|Pelipper, L50, F|\n|poke|p1|Archaludon, L50, M|\n|poke|p2|Chandelure, L50, F|\n|poke|p2|Garchomp, L50, F|\n|poke|p2|Whimsicott, L50, M|\n|poke|p2|Sneasler, L50, F|\n|poke|p2|Rotom-Wash, L50|\n|poke|p2|Kingambit, L50, M|\n|teampreview|4\nPTSDofficial has agreed to open team sheets.\n|\n|t:|1776398017\n|teamsize|p1|4\n|teamsize|p2|4\n|start\n|switch|p1a: Scovillain|Scovillain, L50, F|100/100\n|switch|p1b: Palafin|Palafin, L50, F|100/100\n|switch|p2a: I love lamp|Chandelure, L50, F, shiny|100/100\n|switch|p2b: Rotom|Rotom-Wash, L50|100/100\n|turn|1\n|\n|t:|1776398058\n|detailschange|p2a: I love lamp|Chandelure-Mega, L50, F, shiny\n|-mega|p2a: I love lamp|Chandelure|Chandelurite\n|move|p1b: Palafin|Protect|p1b: Palafin\n|-singleturn|p1b: Palafin|Protect\n|move|p1a: Scovillain|Protect|p1a: Scovillain\n|-singleturn|p1a: Scovillain|Protect\n|move|p2b: Rotom|Thunderbolt|p1b: Palafin\n|-activate|p1b: Palafin|move: Protect\n|move|p2a: I love lamp|Heat Wave|p1a: Scovillain|[spread] \n|-activate|p1a: Scovillain|move: Protect\n|-activate|p1b: Palafin|move: Protect\n|\n|-ability|p1a: Scovillain|Moody|boost\n|-boost|p1a: Scovillain|spd|2\n|-unboost|p1a: Scovillain|spa|1\n|upkeep\n|turn|2\n|\n|t:|1776398126\n|switch|p2b: Let's Go Gambling|Sneasler, L50, F|100/100\n|detailschange|p1b: Palafin|Palafin-Hero, L50, F\n|switch|p1b: Incineroar|Incineroar, L50, M|100/100\n|-ability|p1b: Incineroar|Intimidate|boost\n|-unboost|p2a: I love lamp|atk|1\n|-unboost|p2b: Let's Go Gambling|atk|1\n|-enditem|p2b: Let's Go Gambling|White Herb\n|-clearnegativeboost|p2b: Let's Go Gambling|[silent]\n|move|p2a: I love lamp|Shadow Ball|p1b: Incineroar\n|-resisted|p1b: Incineroar|1\n|-damage|p1b: Incineroar|81/100\n|move|p1a: Scovillain|Leech Seed|p2b: Let's Go Gambling\n|-start|p2b: Let's Go Gambling|move: Leech Seed\n|\n|-damage|p2b: Let's Go Gambling|88/100|[from] Leech Seed|[of] p1a: Scovillain\n|-ability|p1a: Scovillain|Moody|boost\n|-boost|p1a: Scovillain|spd|2\n|-unboost|p1a: Scovillain|def|1\n|upkeep\n|turn|3\n|\n|t:|1776398196\n|move|p2a: I love lamp|Protect|p2a: I love lamp\n|-singleturn|p2a: I love lamp|Protect\n|move|p1a: Scovillain|Protect|p1a: Scovillain\n|-singleturn|p1a: Scovillain|Protect\n|move|p2b: Let's Go Gambling|Fake Out|p1a: Scovillain\n|-activate|p1a: Scovillain|move: Protect\n|move|p1b: Incineroar|Fake Out|p2b: Let's Go Gambling\n|-damage|p2b: Let's Go Gambling|70/100\n|\n|-damage|p2b: Let's Go Gambling|58/100|[from] Leech Seed|[of] p1a: Scovillain\n|-ability|p1a: Scovillain|Moody|boost\n|-boost|p1a: Scovillain|spd|2\n|-unboost|p1a: Scovillain|def|1\n|upkeep\n|turn|4\n|\n|t:|1776398294\n|switch|p2b: Rotom|Rotom-Wash, L50|100/100\n|move|p1a: Scovillain|Protect||[still]\n|-fail|p1a: Scovillain\n|move|p2a: I love lamp|Heat Wave|p1a: Scovillain|[spread] p1a,p1b\n|-resisted|p1b: Incineroar|1\n|-damage|p1a: Scovillain|88/100\n|-damage|p1b: Incineroar|65/100\n|move|p1b: Incineroar|Parting Shot|p2b: Rotom\n|-unboost|p2b: Rotom|atk|1\n|-unboost|p2b: Rotom|spa|1\n|\n|t:|1776398309\n|switch|p1b: Palafin|Palafin-Hero, L50, F|100/100|[from] Parting Shot\n|-activate|p1b: Palafin|ability: Zero to Hero\n|\n|-ability|p1a: Scovillain|Moody|boost\n|-boost|p1a: Scovillain|spa|2\n|-unboost|p1a: Scovillain|atk|1\n|upkeep\n|turn|5\n|\n|t:|1776398343\n|move|p2a: I love lamp|Protect|p2a: I love lamp\n|-singleturn|p2a: I love lamp|Protect\n|move|p2b: Rotom|Thunderbolt|p1b: Palafin\n|-supereffective|p1b: Palafin|1\n|-damage|p1b: Palafin|59/100\n|move|p1b: Palafin|Bulk Up|p1b: Palafin\n|-boost|p1b: Palafin|atk|1\n|-boost|p1b: Palafin|def|1\n|move|p1a: Scovillain|Leech Seed|p2b: Rotom\n|-start|p2b: Rotom|move: Leech Seed\n|\n|-heal|p1b: Palafin|65/100|[from] item: Leftovers\n|-damage|p2b: Rotom|88/100|[from] Leech Seed|[of] p1a: Scovillain\n|-heal|p1a: Scovillain|99/100|[silent]\n|-ability|p1a: Scovillain|Moody|boost\n|-boost|p1a: Scovillain|def|2\n|-unboost|p1a: Scovillain|spd|1\n|upkeep\n|turn|6\n|\n|t:|1776398427\n|move|p1a: Scovillain|Rage Powder|p1a: Scovillain\n|-singleturn|p1a: Scovillain|move: Rage Powder\n|move|p1b: Palafin|Jet Punch|p2a: I love lamp\n|-supereffective|p2a: I love lamp|1\n|-damage|p2a: I love lamp|2/100\n|move|p2b: Rotom|Thunderbolt|p1a: Scovillain\n|-resisted|p1a: Scovillain|1\n|-damage|p1a: Scovillain|95/100\n|move|p2a: I love lamp|Shadow Ball|p1a: Scovillain\n|-damage|p1a: Scovillain|80/100\n|\n|-heal|p1b: Palafin|71/100|[from] item: Leftovers\n|-damage|p2b: Rotom|76/100|[from] Leech Seed|[of] p1a: Scovillain\n|-heal|p1a: Scovillain|90/100|[silent]\n|-ability|p1a: Scovillain|Moody|boost\n|-boost|p1a: Scovillain|def|2\n|-unboost|p1a: Scovillain|spa|1\n|upkeep\n|turn|7\n|\n|t:|1776398493\n|switch|p2b: Let's Go Gambling|Sneasler, L50, F|58/100\n|move|p1b: Palafin|Protect|p1b: Palafin\n|-singleturn|p1b: Palafin|Protect\n|move|p2a: I love lamp|Protect|p2a: I love lamp\n|-singleturn|p2a: I love lamp|Protect\n|move|p1a: Scovillain|Leech Seed|p2a: I love lamp\n|-activate|p2a: I love lamp|move: Protect\n|\n|-heal|p1b: Palafin|78/100|[from] item: Leftovers\n|-ability|p1a: Scovillain|Moody|boost\n|-boost|p1a: Scovillain|spa|2\n|-unboost|p1a: Scovillain|spe|1\n|upkeep\n|turn|8\n|\n|t:|1776398534\n|switch|p1b: Incineroar|Incineroar, L50, M|65/100\n|-ability|p1b: Incineroar|Intimidate|boost\n|-unboost|p2a: I love lamp|atk|1\n|-unboost|p2b: Let's Go Gambling|atk|1\n|move|p1a: Scovillain|Protect|p1a: Scovillain\n|-singleturn|p1a: Scovillain|Protect\n|move|p2b: Let's Go Gambling|Dire Claw|p1a: Scovillain\n|-activate|p1a: Scovillain|move: Protect\n|move|p2a: I love lamp|Shadow Ball|p1b: Incineroar\n|-resisted|p1b: Incineroar|1\n|-damage|p1b: Incineroar|46/100\n|\n|-ability|p1a: Scovillain|Moody|boost\n|-boost|p1a: Scovillain|def|2\n|-unboost|p1a: Scovillain|spd|1\n|upkeep\n|turn|9\n|\n|t:|1776398593\n|move|p2a: I love lamp|Protect|p2a: I love lamp\n|-singleturn|p2a: I love lamp|Protect\n|move|p1b: Incineroar|Fake Out|p2b: Let's Go Gambling\n|-damage|p2b: Let's Go Gambling|39/100\n|cant|p2b: Let's Go Gambling|flinch\n|move|p1a: Scovillain|Flamethrower|p2b: Let's Go Gambling\n|-damage|p2b: Let's Go Gambling|0 fnt\n|faint|p2b: Let's Go Gambling\n|\n|-ability|p1a: Scovillain|Moody|boost\n|-boost|p1a: Scovillain|atk|2\n|-unboost|p1a: Scovillain|spa|1\n|upkeep\n|\n|t:|1776398610\n|switch|p2b: Rotom|Rotom-Wash, L50|76/100\n|turn|10\n|\n|t:|1776398657\n|move|p1a: Scovillain|Protect|p1a: Scovillain\n|-singleturn|p1a: Scovillain|Protect\n|move|p2b: Rotom|Thunderbolt|p1b: Incineroar\n|-damage|p1b: Incineroar|13/100\n|move|p2a: I love lamp|Shadow Ball|p1a: Scovillain\n|-activate|p1a: Scovillain|move: Protect\n|move|p1b: Incineroar|Snarl|p2a: I love lamp|[spread] p2a,p2b\n|-supereffective|p2a: I love lamp|1\n|-damage|p2a: I love lamp|0 fnt\n|-damage|p2b: Rotom|62/100\n|-unboost|p2b: Rotom|spa|1\n|faint|p2a: I love lamp\n|\n|-ability|p1a: Scovillain|Moody|boost\n|-boost|p1a: Scovillain|spe|2\n|-unboost|p1a: Scovillain|spa|1\n|upkeep\n|\n|t:|1776398672\n|switch|p2a: Garchomp|Garchomp, L50, F|100/100\n|turn|11\n|\n|t:|1776398719\n|detailschange|p1a: Scovillain|Scovillain-Mega, L50, F\n|-mega|p1a: Scovillain|Scovillain|Scovillainite\n|move|p1a: Scovillain|Rage Powder|p1a: Scovillain\n|-singleturn|p1a: Scovillain|move: Rage Powder\n|move|p2b: Rotom|Thunderbolt|p1a: Scovillain\n|-resisted|p1a: Scovillain|1\n|-damage|p1a: Scovillain|86/100\n|-status|p2b: Rotom|brn|[from] ability: Spicy Spray|[of] p1a: Scovillain\n|move|p2a: Garchomp|Rock Slide|p1b: Incineroar|[spread] p1a,p1b\n|-supereffective|p1a: Scovillain|1\n|-supereffective|p1b: Incineroar|1\n|-damage|p1a: Scovillain|71/100\n|-damage|p1b: Incineroar|0 fnt\n|-status|p2a: Garchomp|brn|[from] ability: Spicy Spray|[of] p1a: Scovillain\n|-enditem|p2a: Garchomp|Lum Berry|[eat]\n|-curestatus|p2a: Garchomp|brn|[msg]\n|faint|p1b: Incineroar\n|\n|-damage|p2b: Rotom|56/100 brn|[from] brn\n|upkeep\n|\n|t:|1776398742\n|switch|p1b: Palafin|Palafin-Hero, L50, F|78/100\n|turn|12\n|\n|t:|1776398768\n|move|p1b: Palafin|Protect|p1b: Palafin\n|-singleturn|p1b: Palafin|Protect\n|move|p2b: Rotom|Thunderbolt|p1b: Palafin\n|-activate|p1b: Palafin|move: Protect\n|move|p2a: Garchomp|Rock Slide|p1a: Scovillain|[spread] p1a\n|-activate|p1b: Palafin|move: Protect\n|-supereffective|p1a: Scovillain|1\n|-damage|p1a: Scovillain|56/100\n|-status|p2a: Garchomp|brn|[from] ability: Spicy Spray|[of] p1a: Scovillain\n|move|p1a: Scovillain|Leech Seed|p2b: Rotom\n|-start|p2b: Rotom|move: Leech Seed\n|\n|-heal|p1b: Palafin|84/100|[from] item: Leftovers\n|-damage|p2b: Rotom|44/100 brn|[from] Leech Seed|[of] p1a: Scovillain\n|-heal|p1a: Scovillain|66/100|[silent]\n|-damage|p2b: Rotom|38/100 brn|[from] brn\n|-damage|p2a: Garchomp|95/100 brn|[from] brn\n|upkeep\n|turn|13\n|\n|t:|1776398814\n|move|p1b: Palafin|Jet Punch|p2b: Rotom\n|-resisted|p2b: Rotom|1\n|-crit|p2b: Rotom\n|-damage|p2b: Rotom|7/100 brn\n|move|p2b: Rotom|Thunderbolt|p1b: Palafin\n|-supereffective|p1b: Palafin|1\n|-damage|p1b: Palafin|37/100\n|move|p2a: Garchomp|Rock Slide|p1a: Scovillain|[spread] p1a,p1b\n|-supereffective|p1a: Scovillain|1\n|-damage|p1a: Scovillain|59/100\n|-damage|p1b: Palafin|27/100\n|move|p1a: Scovillain|Leech Seed|p2a: Garchomp\n|-start|p2a: Garchomp|move: Leech Seed\n|\n|-heal|p1b: Palafin|34/100|[from] item: Leftovers\n|-damage|p2b: Rotom|0 fnt|[from] Leech Seed|[of] p1a: Scovillain\n|-heal|p1a: Scovillain|64/100|[silent]\n|faint|p2b: Rotom\n|-damage|p2a: Garchomp|82/100 brn|[from] Leech Seed|[of] p1a: Scovillain\n|-heal|p1a: Scovillain|78/100|[silent]\n|-damage|p2a: Garchomp|76/100 brn|[from] brn\n|upkeep\n|turn|14\n|\n|t:|1776398837\n|move|p1b: Palafin|Protect|p1b: Palafin\n|-singleturn|p1b: Palafin|Protect\n|move|p2a: Garchomp|Rock Slide|p1b: Palafin|[spread] p1a\n|-activate|p1b: Palafin|move: Protect\n|-supereffective|p1a: Scovillain|1\n|-damage|p1a: Scovillain|70/100\n|move|p1a: Scovillain|Flamethrower|p2a: Garchomp\n|-resisted|p2a: Garchomp|1\n|-damage|p2a: Garchomp|53/100 brn\n|\n|-heal|p1b: Palafin|40/100|[from] item: Leftovers\n|-damage|p2a: Garchomp|41/100 brn|[from] Leech Seed|[of] p1a: Scovillain\n|-heal|p1a: Scovillain|84/100|[silent]\n|-damage|p2a: Garchomp|35/100 brn|[from] brn\n|upkeep\n|turn|15\n|inactive|Battle timer is ON: inactive players will automatically lose when time's up. (requested by PTSDofficial)\n|\n|t:|1776398868\n|move|p1b: Palafin|Jet Punch|p2a: Garchomp\n|-damage|p2a: Garchomp|0 fnt\n|-damage|p1b: Palafin|27/100|[from] ability: Rough Skin|[of] p2a: Garchomp\n|faint|p2a: Garchomp\n|\n|win|dytldht\n|raw|dytldht's rating: 1000 &rarr; <strong>1040</strong><br />(+40 for winning)\n|raw|PTSDofficial's rating: 1000 &rarr; <strong>1000</strong><br />(+0 for losing)\n|l|\u2606PTSDofficial\n|player|p2|\n",
  "uploadtime": 1776398879,
  "views": 31,
  "formatid": "gen9championsvgc2026regma",
  "rating": 1000,
  "private": 0,
  "password": null
}