{
  "id": "gen9championsvgc2026regma-2586297717",
  "format": "[Gen 9 Champions] VGC 2026 Reg M-A",
  "players": [
    "Lclown",
    "Pigcosmos"
  ],
  "log": "|j|\u2606Lclown\n|j|\u2606Pigcosmos\n|t:|1776422638\n|gametype|doubles\n|player|p1|Lclown|169|1125\n|player|p2|Pigcosmos|scientist-gen4|1076\n|gen|9\n|tier|[Gen 9 Champions] VGC 2026 Reg M-A\n|rated|\n|rule|Species Clause: Limit one of each Pok\u00e9mon\n|rule|Item Clause: Limit 1 of each item\n|clearpoke\n|poke|p1|Starmie, L50|\n|poke|p1|Maushold-Four, L50|\n|poke|p1|Vanilluxe, L50, F|\n|poke|p1|Froslass, L50, F|\n|poke|p1|Aerodactyl, L50, M|\n|poke|p1|Whimsicott, L50, M|\n|poke|p2|Victreebel, L50, M|\n|poke|p2|Sableye, L50, M|\n|poke|p2|Forretress, L50, F|\n|poke|p2|Basculegion, L50, M|\n|poke|p2|Garganacl, L50, F|\n|poke|p2|Sharpedo, L50, M|\n|teampreview|4\n|inactive|Battle timer is ON: inactive players will automatically lose when time's up. (requested by Pigcosmos)\n|inactive|Lclown also wants the timer to be on.\n|\n|t:|1776422664\n|teamsize|p1|4\n|teamsize|p2|4\n|start\n|switch|p1a: Froslass|Froslass, L50, F|100/100\n|switch|p1b: Vanilluxe|Vanilluxe, L50, F|100/100\n|switch|p2a: Vapor de frutas|Sableye, L50, M|100/100\n|switch|p2b: Tarja|Forretress, L50, F|100/100\n|turn|1\n|\n|t:|1776422685\n|detailschange|p1a: Froslass|Froslass-Mega, L50, F\n|-mega|p1a: Froslass|Froslass|Froslassite\n|-weather|Snowscape|[from] ability: Snow Warning|[of] p1a: Froslass\n|move|p2a: Vapor de frutas|Fake Out|p1b: Vanilluxe\n|-damage|p1b: Vanilluxe|94/100\n|-ability|p1b: Vanilluxe|Weak Armor|boost\n|-unboost|p1b: Vanilluxe|def|1\n|-boost|p1b: Vanilluxe|spe|2\n|cant|p1b: Vanilluxe|flinch\n|move|p1a: Froslass|Nasty Plot|p1a: Froslass\n|-boost|p1a: Froslass|spa|2\n|move|p2b: Tarja|Hard Press|p1a: Froslass\n|-supereffective|p1a: Froslass|1\n|-damage|p1a: Froslass|3/100\n|\n|-weather|Snowscape|[upkeep]\n|upkeep\n|turn|2\n|inactive|Pigcosmos has 30 seconds left.\n|\n|t:|1776422711\n|move|p2a: Vapor de frutas|Quash|p1b: Vanilluxe\n|-activate|p1b: Vanilluxe|move: Quash\n|move|p1a: Froslass|Blizzard|p2b: Tarja|[spread] p2a,p2b\n|-resisted|p2b: Tarja|1\n|-damage|p2a: Vapor de frutas|0 fnt\n|-damage|p2b: Tarja|44/100\n|-status|p2b: Tarja|frz\n|faint|p2a: Vapor de frutas\n|cant|p2b: Tarja|frz\n|move|p1b: Vanilluxe|Blizzard|p2b: Tarja\n|-resisted|p2b: Tarja|1\n|-damage|p2b: Tarja|16/100 frz\n|-heal|p1b: Vanilluxe|97/100|[from] item: Shell Bell|[of] p2b: Tarja\n|\n|-weather|Snowscape|[upkeep]\n|upkeep\n|\n|t:|1776422729\n|switch|p2a: Refluxonildo|Victreebel, L50, M|100/100\n|turn|3\n|\n|t:|1776422743\n|detailschange|p2a: Refluxonildo|Victreebel-Mega, L50, M\n|-mega|p2a: Refluxonildo|Victreebel|Victreebelite\n|move|p2a: Refluxonildo|Protect|p2a: Refluxonildo\n|-singleturn|p2a: Refluxonildo|Protect\n|move|p1b: Vanilluxe|Aurora Veil|p1b: Vanilluxe\n|-sidestart|p1: Lclown|move: Aurora Veil\n|move|p1a: Froslass|Blizzard|p2a: Refluxonildo|[spread] p2b\n|-activate|p2a: Refluxonildo|move: Protect\n|-resisted|p2b: Tarja|1\n|-damage|p2b: Tarja|0 fnt\n|faint|p2b: Tarja\n|\n|-weather|Snowscape|[upkeep]\n|upkeep\n|\n|t:|1776422754\n|switch|p2b: Rosa|Basculegion, L50, M|100/100\n|turn|4\n|\n|t:|1776422775\n|move|p1b: Vanilluxe|Blizzard|p2a: Refluxonildo|[spread] p2a,p2b\n|-supereffective|p2a: Refluxonildo|1\n|-resisted|p2b: Rosa|1\n|-damage|p2a: Refluxonildo|0 fnt\n|-damage|p2b: Rosa|79/100\n|-damage|p1b: Vanilluxe|0 fnt|[from] ability: Innards Out|[of] p2a: Refluxonildo\n|faint|p2a: Refluxonildo\n|faint|p1b: Vanilluxe\n|move|p2b: Rosa|Last Respects|p1a: Froslass\n|-supereffective|p1a: Froslass|1\n|-damage|p1a: Froslass|0 fnt\n|faint|p1a: Froslass\n|\n|-weather|Snowscape|[upkeep]\n|upkeep\n|\n|t:|1776422781\n|switch|p1a: Maushold|Maushold-Four, L50|100/100\n|switch|p1b: Aerodactyl|Aerodactyl, L50, M|100/100\n|-ability|p1b: Aerodactyl|Unnerve\n|turn|5\n|\n|t:|1776422788\n|move|p1a: Maushold|Follow Me|p1a: Maushold\n|-singleturn|p1a: Maushold|move: Follow Me\n|move|p2b: Rosa|Last Respects|p1a: Maushold\n|-immune|p1a: Maushold\n|move|p1b: Aerodactyl|Dual Wingbeat|p2b: Rosa\n|-damage|p2b: Rosa|57/100\n|-damage|p2b: Rosa|35/100\n|-hitcount|p2b: Rosa|2\n|\n|-weather|none\n|upkeep\n|turn|6\n|\n|t:|1776422794\n|move|p1a: Maushold|Follow Me|p1a: Maushold\n|-singleturn|p1a: Maushold|move: Follow Me\n|move|p2b: Rosa|Last Respects|p1a: Maushold\n|-immune|p1a: Maushold\n|move|p1b: Aerodactyl|Rock Slide|p2b: Rosa\n|-damage|p2b: Rosa|0 fnt\n|faint|p2b: Rosa\n|\n|win|Lclown\n|raw|Lclown's rating: 1125 &rarr; <strong>1146</strong><br />(+21 for winning)\n|raw|Pigcosmos's rating: 1076 &rarr; <strong>1058</strong><br />(-18 for losing)\n|l|\u2606Pigcosmos\n|player|p2|\n",
  "uploadtime": 1776422805,
  "views": 24,
  "formatid": "gen9championsvgc2026regma",
  "rating": 1058,
  "private": 0,
  "password": null
}