{
  "id": "gen9championsvgc2026regma-2581844984",
  "format": "[Gen 9 Champions] VGC 2026 Reg M-A",
  "players": [
    "OJ32",
    "agentesunnyvgc"
  ],
  "log": "|j|\u2606OJ32\n|j|\u2606agentesunnyvgc\n|t:|1776033136\n|gametype|doubles\n|player|p1|OJ32|1|1000\n|player|p2|agentesunnyvgc|dawn|1000\n|gen|9\n|tier|[Gen 9 Champions] VGC 2026 Reg M-A\n|rated|\n|rule|Species Clause: Limit one of each Pok\u00e9mon\n|rule|Item Clause: Limit 1 of each item\n|clearpoke\n|poke|p1|Politoed, L50, M|\n|poke|p1|Gengar, L50, M|\n|poke|p1|Raichu, L50, M|\n|poke|p1|Dragonite, L50, M|\n|poke|p1|Sneasler, L50, F|\n|poke|p1|Palafin, L50, F|\n|poke|p2|Heracross, L50, F|\n|poke|p2|Audino, L50, F|\n|poke|p2|Reuniclus, L50, M|\n|poke|p2|Slowbro, L50, F|\n|poke|p2|Alakazam, L50, F|\n|poke|p2|Starmie, L50|\n|teampreview|4\n|inactive|Battle timer is ON: inactive players will automatically lose when time's up. (requested by OJ32)\nOJ32 has agreed to open team sheets.\n|inactive|agentesunnyvgc has 60 seconds left.\n|\n|t:|1776033175\n|teamsize|p1|4\n|teamsize|p2|4\n|start\n|switch|p1a: Politoed|Politoed, L50, M|100/100\n|switch|p1b: Gengar|Gengar, L50, M|100/100\n|switch|p2a: Reuniclus|Reuniclus, L50, M, shiny|100/100\n|switch|p2b: Alakazam|Alakazam, L50, F, shiny|100/100\n|-weather|RainDance|[from] ability: Drizzle|[of] p1a: Politoed\n|turn|1\n|inactive|OJ32 has 30 seconds left.\n|\n|t:|1776033208\n|detailschange|p2b: Alakazam|Alakazam-Mega, L50, F, shiny\n|-mega|p2b: Alakazam|Alakazam|Alakazite\n|-ability|p2b: Alakazam|Cursed Body|Trace|[from] ability: Trace|[of] p1b: Gengar\n|detailschange|p1b: Gengar|Gengar-Mega, L50, M\n|-mega|p1b: Gengar|Gengar|Gengarite\n|move|p1b: Gengar|Protect|p1b: Gengar\n|-singleturn|p1b: Gengar|Protect\n|move|p2b: Alakazam|Psychic|p1b: Gengar\n|-activate|p1b: Gengar|move: Protect\n|move|p1a: Politoed|Perish Song|p1a: Politoed\n|-start|p1a: Politoed|perish3|[silent]\n|-start|p1b: Gengar|perish3|[silent]\n|-start|p2a: Reuniclus|perish3|[silent]\n|-start|p2b: Alakazam|perish3|[silent]\n|-fieldactivate|move: Perish Song\n|move|p2a: Reuniclus|Psychic|p1b: Gengar\n|-activate|p1b: Gengar|move: Protect\n|\n|-weather|RainDance|[upkeep]\n|-start|p2b: Alakazam|perish3\n|-start|p1b: Gengar|perish3\n|-start|p1a: Politoed|perish3\n|-start|p2a: Reuniclus|perish3\n|upkeep\n|turn|2\n|inactive|OJ32 has 30 seconds left.\n|inactive|agentesunnyvgc has 30 seconds left.\n|inactive|agentesunnyvgc has 20 seconds left.\n|\n|t:|1776033245\n|switch|p1b: Palafin|Palafin, L50, F|100/100\n|move|p2b: Alakazam|Psychic|p1b: Palafin\n|-damage|p1b: Palafin|17/100\n|move|p1a: Politoed|Icy Wind|p2a: Reuniclus|[spread] p2b\n|-miss|p1a: Politoed|p2a: Reuniclus\n|-damage|p2b: Alakazam|88/100\n|-unboost|p2b: Alakazam|spe|1\n|-start|p1a: Politoed|Disable|Icy Wind|[from] ability: Cursed Body|[of] p2b: Alakazam\n|move|p2a: Reuniclus|Trick Room|p2a: Reuniclus\n|-fieldstart|move: Trick Room|[of] p2a: Reuniclus\n|\n|-weather|RainDance|[upkeep]\n|-start|p2a: Reuniclus|perish2\n|-start|p1a: Politoed|perish2\n|-start|p2b: Alakazam|perish2\n|upkeep\n|turn|3\n|\n|t:|1776033264\n|move|p1b: Palafin|Protect|p1b: Palafin\n|-singleturn|p1b: Palafin|Protect\n|move|p2a: Reuniclus|Energy Ball|p1a: Politoed\n|-supereffective|p1a: Politoed|1\n|-damage|p1a: Politoed|52/100\n|move|p1a: Politoed|Weather Ball|p2b: Alakazam\n|-damage|p2b: Alakazam|29/100\n|move|p2b: Alakazam|Energy Ball|p1a: Politoed\n|-supereffective|p1a: Politoed|1\n|-damage|p1a: Politoed|0 fnt\n|faint|p1a: Politoed\n|\n|-weather|RainDance|[upkeep]\n|-start|p2a: Reuniclus|perish1\n|-start|p2b: Alakazam|perish1\n|upkeep\n|\n|t:|1776033269\n|switch|p1a: Gengar|Gengar-Mega, L50, M|100/100\n|turn|4\n|\n|t:|1776033288\n|detailschange|p1b: Palafin|Palafin-Hero, L50, F\n|switch|p1b: Dragonite|Dragonite, L50, M|100/100\n|move|p1a: Gengar|Protect|p1a: Gengar\n|-singleturn|p1a: Gengar|Protect\n|move|p2a: Reuniclus|Psychic|p1a: Gengar\n|-activate|p1a: Gengar|move: Protect\n|move|p2b: Alakazam|Psychic|p1b: Dragonite\n|-damage|p1b: Dragonite|34/100\n|\n|-weather|RainDance|[upkeep]\n|-start|p2a: Reuniclus|perish0\n|-start|p2b: Alakazam|perish0\n|faint|p2a: Reuniclus\n|faint|p2b: Alakazam\n|upkeep\n|\n|t:|1776033300\n|switch|p2a: Starmie|Starmie, L50|100/100\n|switch|p2b: Slowbro|Slowbro, L50, F|100/100\n|turn|5\n|\n|t:|1776033318\n|move|p2b: Slowbro|Psychic|p1a: Gengar\n|-supereffective|p1a: Gengar|1\n|-damage|p1a: Gengar|0 fnt\n|faint|p1a: Gengar\n|move|p1b: Dragonite|Thunder|p2a: Starmie\n|-supereffective|p2a: Starmie|1\n|-damage|p2a: Starmie|1/100\n|move|p2a: Starmie|Liquidation|p1b: Dragonite\n|-resisted|p1b: Dragonite|1\n|-damage|p1b: Dragonite|6/100\n|\n|-weather|none\n|upkeep\n|\n|t:|1776033322\n|switch|p1a: Palafin|Palafin-Hero, L50, F|17/100\n|-activate|p1a: Palafin|ability: Zero to Hero\n|turn|6\n|\n|t:|1776033343\n|move|p1a: Palafin|Jet Punch|p2a: Starmie\n|-resisted|p2a: Starmie|1\n|-damage|p2a: Starmie|0 fnt\n|faint|p2a: Starmie\n|move|p2b: Slowbro|Psychic|p1a: Palafin\n|-damage|p1a: Palafin|0 fnt\n|faint|p1a: Palafin\n|move|p1b: Dragonite|Thunder|p2b: Slowbro\n|-supereffective|p2b: Slowbro|1\n|-damage|p2b: Slowbro|38/100\n|-status|p2b: Slowbro|par\n|\n|-fieldend|move: Trick Room\n|upkeep\n|turn|7\n|\n|t:|1776033352\n|move|p1b: Dragonite|Draco Meteor|p2b: Slowbro\n|-crit|p2b: Slowbro\n|-damage|p2b: Slowbro|0 fnt\n|-unboost|p1b: Dragonite|spa|2\n|faint|p2b: Slowbro\n|\n|win|OJ32\n|raw|OJ32's rating: 1000 &rarr; <strong>1040</strong><br />(+40 for winning)\n|raw|agentesunnyvgc's rating: 1000 &rarr; <strong>1000</strong><br />(+0 for losing)\n",
  "uploadtime": 1776033352,
  "views": 10,
  "formatid": "gen9championsvgc2026regma",
  "rating": 1000,
  "private": 0,
  "password": null
}