{
  "id": "gen9championsvgc2026regma-2581882175",
  "format": "[Gen 9 Champions] VGC 2026 Reg M-A",
  "players": [
    "velasquex",
    "Abarr56"
  ],
  "log": "|j|\u2606velasquex\n|j|\u2606Abarr56\n|t:|1776036394\n|gametype|doubles\n|player|p1|velasquex|veteranf|1000\n|player|p2|Abarr56|lucas-gen4pt|1000\n|gen|9\n|tier|[Gen 9 Champions] VGC 2026 Reg M-A\n|rated|\n|rule|Species Clause: Limit one of each Pok\u00e9mon\n|rule|Item Clause: Limit 1 of each item\n|clearpoke\n|poke|p1|Gardevoir, L50, F|\n|poke|p1|Aegislash, L50, M|\n|poke|p1|Incineroar, L50, F|\n|poke|p1|Vivillon, L50, M|\n|poke|p1|Hydreigon, L50, F|\n|poke|p1|Tauros-Paldea-Aqua, L50, M|\n|poke|p2|Gengar, L50, F|\n|poke|p2|Sneasler, L50, M|\n|poke|p2|Tyranitar, L50, F|\n|poke|p2|Archaludon, L50, M|\n|poke|p2|Pelipper, L50, M|\n|poke|p2|Meowscarada, L50, F|\n|teampreview|4\n|\n|t:|1776036432\n|teamsize|p1|4\n|teamsize|p2|4\n|start\n|switch|p1a: Aegislash|Aegislash, L50, M|100/100\n|switch|p1b: Hydreigon|Hydreigon, L50, F|100/100\n|switch|p2a: Pelipper|Pelipper, L50, M|100/100\n|switch|p2b: Meowscarada|Meowscarada, L50, F|100/100\n|-weather|RainDance|[from] ability: Drizzle|[of] p2a: Pelipper\n|turn|1\n|\n|t:|1776036477\n|move|p2b: Meowscarada|U-turn|p1b: Hydreigon\n|-start|p2b: Meowscarada|typechange|Bug|[from] ability: Protean\n|-supereffective|p1b: Hydreigon|1\n|-damage|p1b: Hydreigon|33/100\n|\n|t:|1776036485\n|switch|p2b: Gengar|Gengar, L50, F, shiny|100/100|[from] U-turn\n|move|p1b: Hydreigon|Tailwind|p1b: Hydreigon\n|-sidestart|p1: velasquex|move: Tailwind\n|-formechange|p1a: Aegislash|Aegislash-Blade|\n|move|p1a: Aegislash|Sacred Sword|p2b: Gengar\n|-immune|p2b: Gengar\n|move|p2a: Pelipper|Hurricane|p1b: Hydreigon\n|-damage|p1b: Hydreigon|0 fnt\n|faint|p1b: Hydreigon\n|\n|-weather|RainDance|[upkeep]\n|upkeep\n|\n|t:|1776036500\n|switch|p1b: Gardevoir|Gardevoir, L50, F, shiny|100/100\n|-ability|p1b: Gardevoir|Drizzle|Trace|[from] ability: Trace|[of] p2a: Pelipper\n|turn|2\n|\n|t:|1776036520\n|detailschange|p2b: Gengar|Gengar-Mega, L50, F, shiny\n|-mega|p2b: Gengar|Gengar|Gengarite\n|move|p1b: Gardevoir|Protect|p1b: Gardevoir\n|-singleturn|p1b: Gardevoir|Protect\n|move|p2b: Gengar|Protect|p2b: Gengar\n|-singleturn|p2b: Gengar|Protect\n|move|p1a: Aegislash|Poltergeist|p2b: Gengar\n|-activate|p2b: Gengar|move: Protect\n|move|p2a: Pelipper|Hurricane|p1b: Gardevoir\n|-activate|p1b: Gardevoir|move: Protect\n|\n|-weather|RainDance|[upkeep]\n|upkeep\n|turn|3\n|\n|t:|1776036558\n|switch|p2b: Archaludon|Archaludon, L50, M|100/100\n|detailschange|p1b: Gardevoir|Gardevoir-Mega, L50, F, shiny\n|-mega|p1b: Gardevoir|Gardevoir|Gardevoirite\n|move|p2a: Pelipper|Protect|p2a: Pelipper\n|-singleturn|p2a: Pelipper|Protect\n|move|p1b: Gardevoir|Calm Mind|p1b: Gardevoir\n|-boost|p1b: Gardevoir|spa|1\n|-boost|p1b: Gardevoir|spd|1\n|move|p1a: Aegislash|Poltergeist|p2b: Archaludon\n|-activate|p2b: Archaludon|move: Poltergeist|Leftovers\n|-damage|p2b: Archaludon|56/100\n|-ability|p2b: Archaludon|Stamina|boost\n|-boost|p2b: Archaludon|def|1\n|\n|-weather|RainDance|[upkeep]\n|-heal|p2b: Archaludon|62/100|[from] item: Leftovers\n|upkeep\n|turn|4\n|\n|t:|1776036605\n|switch|p1b: Incineroar|Incineroar, L50, F|100/100\n|-ability|p1b: Incineroar|Intimidate|boost\n|-unboost|p2a: Pelipper|atk|1\n|-unboost|p2b: Archaludon|atk|1\n|move|p2b: Archaludon|Protect|p2b: Archaludon\n|-singleturn|p2b: Archaludon|Protect\n|move|p1a: Aegislash|Sacred Sword|p2b: Archaludon\n|-activate|p2b: Archaludon|move: Protect\n|move|p2a: Pelipper|Hurricane|p1b: Incineroar\n|-damage|p1b: Incineroar|48/100\n|-enditem|p1b: Incineroar|Sitrus Berry|[eat]\n|-heal|p1b: Incineroar|73/100|[from] item: Sitrus Berry\n|\n|-weather|RainDance|[upkeep]\n|-heal|p2b: Archaludon|68/100|[from] item: Leftovers\n|-sideend|p1: velasquex|move: Tailwind\n|upkeep\n|turn|5\n|\n|t:|1776036640\n|switch|p2b: Gengar|Gengar-Mega, L50, F, shiny|100/100\n|move|p1b: Incineroar|Fake Out|p2a: Pelipper\n|-damage|p2a: Pelipper|85/100\n|cant|p2a: Pelipper|flinch\n|move|p1a: Aegislash|Sacred Sword|p2b: Gengar\n|-immune|p2b: Gengar\n|\n|-weather|none\n|upkeep\n|turn|6\n|inactive|Battle timer is ON: inactive players will automatically lose when time's up. (requested by Abarr56)\n|\n|t:|1776036691\n|switch|p1a: Gardevoir|Gardevoir-Mega, L50, F, shiny|100/100\n|move|p2b: Gengar|Protect|p2b: Gengar\n|-singleturn|p2b: Gengar|Protect\n|move|p2a: Pelipper|Surf|p1a: Gardevoir|[spread] p1a,p1b\n|-activate|p2b: Gengar|move: Protect\n|-supereffective|p1b: Incineroar|1\n|-damage|p1a: Gardevoir|78/100\n|-damage|p1b: Incineroar|22/100\n|move|p1b: Incineroar|Parting Shot|p2a: Pelipper\n|-unboost|p2a: Pelipper|atk|1\n|-unboost|p2a: Pelipper|spa|1\n|\n|t:|1776036704\n|switch|p1b: Aegislash|Aegislash, L50, M|100/100|[from] Parting Shot\n|\n|upkeep\n|turn|7\n|\n|t:|1776036719\n|move|p2b: Gengar|Sludge Wave|p1a: Gardevoir|[spread] p2a,p1a\n|-immune|p1b: Aegislash\n|-supereffective|p1a: Gardevoir|1\n|-damage|p2a: Pelipper|3/100\n|-damage|p1a: Gardevoir|8/100\n|move|p1a: Gardevoir|Psychic|p2b: Gengar\n|-supereffective|p2b: Gengar|1\n|-damage|p2b: Gengar|0 fnt\n|faint|p2b: Gengar\n|move|p2a: Pelipper|Rain Dance|p2a: Pelipper\n|-weather|RainDance\n|-formechange|p1b: Aegislash|Aegislash-Blade|\n|move|p1b: Aegislash|Sacred Sword|p2a: Pelipper\n|-resisted|p2a: Pelipper|1\n|-damage|p2a: Pelipper|0 fnt\n|faint|p2a: Pelipper\n|\n|-weather|RainDance|[upkeep]\n|upkeep\n|\n|t:|1776036736\n|switch|p2b: Meowscarada|Meowscarada, L50, F|100/100\n|switch|p2a: Archaludon|Archaludon, L50, M|68/100\n|turn|8\n|\n|t:|1776036758\n|move|p1a: Gardevoir|Protect|p1a: Gardevoir\n|-singleturn|p1a: Gardevoir|Protect\n|move|p2b: Meowscarada|U-turn|p1a: Gardevoir\n|-start|p2b: Meowscarada|typechange|Bug|[from] ability: Protean\n|-activate|p1a: Gardevoir|move: Protect\n|move|p2a: Archaludon|Electro Shot||[still]\n|-prepare|p2a: Archaludon|Electro Shot\n|-boost|p2a: Archaludon|spa|1\n|-anim|p2a: Archaludon|Electro Shot|p1b: Aegislash\n|-damage|p1b: Aegislash|0 fnt\n|faint|p1b: Aegislash\n|\n|-weather|RainDance|[upkeep]\n|-heal|p2a: Archaludon|74/100|[from] item: Leftovers\n|upkeep\n|\n|t:|1776036771\n|switch|p1b: Incineroar|Incineroar, L50, F|22/100\n|-ability|p1b: Incineroar|Intimidate|boost\n|-unboost|p2a: Archaludon|atk|1\n|-unboost|p2b: Meowscarada|atk|1\n|turn|9\n|\n|t:|1776036788\n|move|p1b: Incineroar|Helping Hand|p1a: Gardevoir\n|-singleturn|p1a: Gardevoir|Helping Hand|[of] p1b: Incineroar\n|move|p2b: Meowscarada|U-turn|p1b: Incineroar\n|-damage|p1b: Incineroar|5/100\n|move|p1a: Gardevoir|Hyper Voice|p2a: Archaludon|[spread] p2a,p2b\n|-crit|p2a: Archaludon\n|-damage|p2a: Archaludon|0 fnt\n|-damage|p2b: Meowscarada|0 fnt\n|faint|p2a: Archaludon\n|faint|p2b: Meowscarada\n|\n|win|velasquex\n|raw|velasquex's rating: 1000 &rarr; <strong>1040</strong><br />(+40 for winning)\n|raw|Abarr56's rating: 1000 &rarr; <strong>1000</strong><br />(+0 for losing)\n",
  "uploadtime": 1776036800,
  "views": 19,
  "formatid": "gen9championsvgc2026regma",
  "rating": 1000,
  "private": 0,
  "password": null
}