{
  "id": "gen9championsvgc2026regma-2587821605",
  "format": "[Gen 9 Champions] VGC 2026 Reg M-A",
  "players": [
    "Danievania",
    "mudkipfan 4589"
  ],
  "log": "|j|\u2606Danievania\n|j|\u2606mudkipfan 4589\n|t:|1776567475\n|gametype|doubles\n|player|p1|Danievania|byron|1450\n|player|p2|mudkipfan 4589|brandon|1430\n|gen|9\n|tier|[Gen 9 Champions] VGC 2026 Reg M-A\n|rated|\n|rule|Species Clause: Limit one of each Pok\u00e9mon\n|rule|Item Clause: Limit 1 of each item\n|clearpoke\n|poke|p1|Delphox, L50, M, shiny|\n|poke|p1|Sneasler, L50, F, shiny|\n|poke|p1|Garchomp, L50, M, shiny|\n|poke|p1|Aerodactyl, L50, M|\n|poke|p1|Kingambit, L50, M|\n|poke|p1|Sinistcha, L50|\n|poke|p2|Sneasler, L50, F|\n|poke|p2|Incineroar, L50, M|\n|poke|p2|Pelipper, L50, F|\n|poke|p2|Basculegion, L50, M|\n|poke|p2|Aggron, L50, F|\n|poke|p2|Sinistcha, L50|\n|teampreview|4\nDanievania rejected open team sheets.\n|inactive|Battle timer is ON: inactive players will automatically lose when time's up. (requested by mudkipfan 4589)\n|\n|t:|1776567535\n|teamsize|p1|4\n|teamsize|p2|4\n|start\n|switch|p1a: Delphox|Delphox, L50, M, shiny|100/100\n|switch|p1b: Sneasler|Sneasler, L50, F, shiny|100/100\n|switch|p2a: Aggron|Aggron, L50, F|100/100\n|switch|p2b: Incineroar|Incineroar, L50, M|100/100\n|-ability|p2b: Incineroar|Intimidate|boost\n|-unboost|p1a: Delphox|atk|1\n|-unboost|p1b: Sneasler|atk|1\n|turn|1\n|\n|t:|1776567557\n|switch|p2a: Pelipper|Pelipper, L50, F|100/100\n|-weather|RainDance|[from] ability: Drizzle|[of] p2a: Pelipper\n|detailschange|p1a: Delphox|Delphox-Mega, L50, M, shiny\n|-mega|p1a: Delphox|Delphox|Delphoxite\n|move|p1b: Sneasler|Fake Out|p2b: Incineroar\n|-damage|p2b: Incineroar|92/100\n|cant|p2b: Incineroar|flinch\n|move|p1a: Delphox|Nasty Plot|p1a: Delphox\n|-boost|p1a: Delphox|spa|2\n|\n|-weather|RainDance|[upkeep]\n|upkeep\n|turn|2\n|inactive|Danievania has 30 seconds left.\n|\n|t:|1776567588\n|move|p1a: Delphox|Protect|p1a: Delphox\n|-singleturn|p1a: Delphox|Protect\n|move|p1b: Sneasler|Close Combat|p2b: Incineroar\n|-supereffective|p2b: Incineroar|1\n|-damage|p2b: Incineroar|8/100\n|-unboost|p1b: Sneasler|def|1\n|-unboost|p1b: Sneasler|spd|1\n|-enditem|p2b: Incineroar|Sitrus Berry|[eat]\n|-heal|p2b: Incineroar|33/100|[from] item: Sitrus Berry\n|move|p2a: Pelipper|Tailwind|p2a: Pelipper\n|-sidestart|p2: mudkipfan 4589|move: Tailwind\n|move|p2b: Incineroar|Throat Chop|p1a: Delphox\n|-activate|p1a: Delphox|move: Protect\n|\n|-weather|RainDance|[upkeep]\n|upkeep\n|turn|3\n|inactive|Danievania has 30 seconds left.\n|inactive|Danievania has 20 seconds left.\n|inactive|Danievania has 15 seconds left.\n|inactive|Danievania has 10 seconds left.\n|\n|t:|1776567637\n|switch|p1a: Sinistcha|Sinistcha, L50|100/100\n|move|p2a: Pelipper|Hurricane|p1b: Sneasler\n|-supereffective|p1b: Sneasler|1\n|-enditem|p1b: Sneasler|Focus Sash\n|-damage|p1b: Sneasler|1/100\n|move|p1b: Sneasler|Close Combat|p2b: Incineroar\n|-supereffective|p2b: Incineroar|1\n|-damage|p2b: Incineroar|0 fnt\n|-unboost|p1b: Sneasler|def|1\n|-unboost|p1b: Sneasler|spd|1\n|faint|p2b: Incineroar\n|\n|-weather|RainDance|[upkeep]\n|upkeep\n|\n|t:|1776567650\n|switch|p2b: Basculegion|Basculegion, L50, M|100/100\n|turn|4\n|\n|t:|1776567667\n|move|p1a: Sinistcha|Protect|p1a: Sinistcha\n|-singleturn|p1a: Sinistcha|Protect\n|move|p2b: Basculegion|Last Respects|p1a: Sinistcha\n|-activate|p1a: Sinistcha|move: Protect\n|move|p1b: Sneasler|Dire Claw|p2a: Pelipper\n|-damage|p2a: Pelipper|66/100\n|-status|p2a: Pelipper|psn\n|move|p2a: Pelipper|Weather Ball|p1b: Sneasler\n|-damage|p1b: Sneasler|0 fnt\n|faint|p1b: Sneasler\n|\n|-weather|RainDance|[upkeep]\n|-damage|p2a: Pelipper|53/100 psn|[from] psn\n|upkeep\n|\n|t:|1776567678\n|switch|p1b: Kingambit|Kingambit, L50, M|100/100\n|turn|5\n|\n|t:|1776567688\n|switch|p2b: Aggron|Aggron, L50, F|100/100\n|move|p1b: Kingambit|Sucker Punch||[still]\n|-fail|p1b: Kingambit\n|move|p2a: Pelipper|Hurricane|p1a: Sinistcha\n|-supereffective|p1a: Sinistcha|1\n|-damage|p1a: Sinistcha|16/100\n|-enditem|p1a: Sinistcha|Sitrus Berry|[eat]\n|-heal|p1a: Sinistcha|41/100|[from] item: Sitrus Berry\n|move|p1a: Sinistcha|Matcha Gotcha|p2a: Pelipper|[spread] p2a,p2b\n|-damage|p2a: Pelipper|9/100 psn\n|-heal|p1a: Sinistcha|59/100|[from] drain|[of] p2a: Pelipper\n|-damage|p2b: Aggron|75/100\n|-heal|p1a: Sinistcha|72/100|[from] drain|[of] p2b: Aggron\n|\n|-weather|none\n|-damage|p2a: Pelipper|0 fnt|[from] psn\n|faint|p2a: Pelipper\n|-sideend|p2: mudkipfan 4589|move: Tailwind\n|upkeep\n|\n|t:|1776567696\n|switch|p2a: Basculegion|Basculegion, L50, M|100/100\n|turn|6\n|\n|t:|1776567714\n|detailschange|p2b: Aggron|Aggron-Mega, L50, F\n|-mega|p2b: Aggron|Aggron|Aggronite\n|move|p1a: Sinistcha|Protect|p1a: Sinistcha\n|-singleturn|p1a: Sinistcha|Protect\n|move|p1b: Kingambit|Protect|p1b: Kingambit\n|-singleturn|p1b: Kingambit|Protect\n|move|p2a: Basculegion|Aqua Jet|p1b: Kingambit\n|-activate|p1b: Kingambit|move: Protect\n|move|p2b: Aggron|Iron Defense|p2b: Aggron\n|-boost|p2b: Aggron|def|2\n|\n|upkeep\n|turn|7\n|\n|t:|1776567728\n|move|p1a: Sinistcha|Rage Powder|p1a: Sinistcha\n|-singleturn|p1a: Sinistcha|move: Rage Powder\n|move|p2a: Basculegion|Aqua Jet|p1a: Sinistcha\n|-resisted|p1a: Sinistcha|1\n|-damage|p1a: Sinistcha|62/100\n|move|p2b: Aggron|Heavy Slam|p1a: Sinistcha\n|-damage|p1a: Sinistcha|9/100\n|move|p1b: Kingambit|Kowtow Cleave|p2a: Basculegion\n|-supereffective|p2a: Basculegion|1\n|-damage|p2a: Basculegion|0 fnt\n|faint|p2a: Basculegion\n|\n|upkeep\n|turn|8\n|\n|t:|1776567745\n|move|p1a: Sinistcha|Matcha Gotcha|p2b: Aggron\n|-resisted|p2b: Aggron|1\n|-damage|p2b: Aggron|61/100\n|-heal|p1a: Sinistcha|16/100|[from] drain|[of] p2b: Aggron\n|move|p2b: Aggron|Heavy Slam|p1a: Sinistcha\n|-crit|p1a: Sinistcha\n|-damage|p1a: Sinistcha|0 fnt\n|faint|p1a: Sinistcha\n|move|p1b: Kingambit|Kowtow Cleave|p2b: Aggron\n|-damage|p2b: Aggron|46/100\n|\n|upkeep\n|c|\u2606mudkipfan 4589|gg\n|\n|t:|1776567752\n|switch|p1a: Delphox|Delphox-Mega, L50, M, shiny|100/100\n|turn|9\n|\n|t:|1776567759\n|move|p1a: Delphox|Heat Wave|p2b: Aggron\n|-supereffective|p2b: Aggron|1\n|-damage|p2b: Aggron|0 fnt\n|faint|p2b: Aggron\n|\n|win|Danievania\n|raw|Danievania's rating: 1450 &rarr; <strong>1469</strong><br />(+19 for winning)\n|raw|mudkipfan 4589's rating: 1430 &rarr; <strong>1411</strong><br />(-19 for losing)\n|c|\u2606Danievania|gg\n|l|\u2606Danievania\n|player|p1|\n",
  "uploadtime": 1776567766,
  "views": 13,
  "formatid": "gen9championsvgc2026regma",
  "rating": 1411,
  "private": 0,
  "password": null
}