{
  "id": "gen9championsvgc2026regma-2580934997",
  "format": "[Gen 9 Champions] VGC 2026 Reg M-A",
  "players": [
    "EnragedPidgeon",
    "emo-reject"
  ],
  "log": "|j|\u2606EnragedPidgeon\n|j|\u2606emo-reject\n|t:|1775944674\n|gametype|doubles\n|player|p1|EnragedPidgeon|klara|1077\n|player|p2|emo-reject|guitarist|1040\n|gen|9\n|tier|[Gen 9 Champions] VGC 2026 Reg M-A\n|rated|\n|rule|Species Clause: Limit one of each Pok\u00e9mon\n|rule|Item Clause: Limit 1 of each item\n|clearpoke\n|poke|p1|Meganium, L50, F|\n|poke|p1|Archaludon, L50, F|\n|poke|p1|Basculegion, L50, M|\n|poke|p1|Maushold, L50|\n|poke|p1|Politoed, L50, F|\n|poke|p1|Talonflame, L50, F|\n|poke|p2|Excadrill, L50, M|\n|poke|p2|Tyranitar, L50, F|\n|poke|p2|Dragonite, L50, M|\n|poke|p2|Rotom-Wash, L50|\n|poke|p2|Maushold-Four, L50|\n|poke|p2|Sinistcha-Masterpiece, L50|\n|teampreview|4\n|\n|t:|1775944706\n|teamsize|p1|4\n|teamsize|p2|4\n|start\n|switch|p1a: Maushold|Maushold, L50|100/100\n|switch|p1b: Meganium|Meganium, L50, F|100/100\n|switch|p2a: Excadrill|Excadrill, L50, M|100/100\n|switch|p2b: Rotom|Rotom-Wash, L50|100/100\n|turn|1\n|\n|t:|1775944732\n|switch|p2a: Maushold|Maushold-Four, L50|100/100\n|detailschange|p1b: Meganium|Meganium-Mega, L50, F\n|-mega|p1b: Meganium|Meganium|Meganiumite\n|move|p1a: Maushold|Follow Me|p1a: Maushold\n|-singleturn|p1a: Maushold|move: Follow Me\n|move|p2b: Rotom|Will-O-Wisp|p1a: Maushold\n|-status|p1a: Maushold|brn\n|move|p1b: Meganium|Earth Power|p2a: Maushold\n|-damage|p2a: Maushold|56/100\n|\n|-damage|p1a: Maushold|95/100 brn|[from] brn\n|upkeep\n|turn|2\n|\n|t:|1775944761\n|move|p1a: Maushold|Population Bomb|p2a: Maushold\n|-damage|p2a: Maushold|48/100\n|-damage|p2a: Maushold|40/100\n|-damage|p2a: Maushold|32/100\n|-damage|p2a: Maushold|25/100\n|-damage|p2a: Maushold|17/100\n|-damage|p2a: Maushold|9/100\n|-damage|p2a: Maushold|3/100\n|-damage|p2a: Maushold|0 fnt\n|faint|p2a: Maushold\n|-hitcount|p2: Maushold|8\n|move|p2b: Rotom|Volt Switch|p1b: Meganium\n|-resisted|p1b: Meganium|1\n|-damage|p1b: Meganium|86/100\n|\n|t:|1775944785\n|switch|p2b: Excadrill|Excadrill, L50, M|100/100|[from] Volt Switch\n|move|p1b: Meganium|Solar Beam||[still]\n|-prepare|p1b: Meganium|Solar Beam\n|-activate|p1b: Meganium|ability: Mega Sol\n|-anim|p1b: Meganium|Solar Beam|p2b: Excadrill\n|-damage|p2b: Excadrill|4/100\n|\n|-damage|p1a: Maushold|89/100 brn|[from] brn\n|upkeep\n|\n|t:|1775944798\n|switch|p2a: Sinistcha|Sinistcha-Masterpiece, L50|100/100\n|-heal|p2b: Excadrill|28/100|[from] ability: Hospitality|[of] p2a: Sinistcha\n|turn|3\n|\n|t:|1775944831\n|detailschange|p2b: Excadrill|Excadrill-Mega, L50, M\n|-mega|p2b: Excadrill|Excadrill|Excadrite\n|move|p1a: Maushold|Follow Me|p1a: Maushold\n|-singleturn|p1a: Maushold|move: Follow Me\n|move|p2a: Sinistcha|Shadow Ball|p1a: Maushold\n|-immune|p1a: Maushold\n|move|p2b: Excadrill|Iron Head|p1a: Maushold\n|-damage|p1a: Maushold|0 fnt\n|faint|p1a: Maushold\n|move|p1b: Meganium|Dazzling Gleam|p2a: Sinistcha|[spread] p2a,p2b\n|-resisted|p2b: Excadrill|1\n|-damage|p2a: Sinistcha|48/100\n|-damage|p2b: Excadrill|4/100\n|\n|upkeep\n|\n|t:|1775944850\n|switch|p1a: Basculegion|Basculegion, L50, M|100/100\n|turn|4\n|\n|t:|1775944863\n|switch|p2a: Rotom|Rotom-Wash, L50|100/100\n|move|p1a: Basculegion|Flip Turn|p2b: Excadrill\n|-supereffective|p2b: Excadrill|1\n|-damage|p2b: Excadrill|0 fnt\n|faint|p2b: Excadrill\n|\n|t:|1775944872\n|switch|p1a: Politoed|Politoed, L50, F|100/100|[from] Flip Turn\n|-weather|RainDance|[from] ability: Drizzle|[of] p1a: Politoed\n|move|p1b: Meganium|Dazzling Gleam|p2a: Rotom\n|-damage|p2a: Rotom|47/100\n|\n|-weather|RainDance|[upkeep]\n|upkeep\n|\n|t:|1775944878\n|switch|p2b: Sinistcha|Sinistcha-Masterpiece, L50|48/100\n|-heal|p2a: Rotom|72/100|[from] ability: Hospitality|[of] p2b: Sinistcha\n|turn|5\n|\n|t:|1775944893\n|move|p2b: Sinistcha|Shadow Ball|p1b: Meganium\n|-damage|p1b: Meganium|43/100\n|move|p2a: Rotom|Thunderbolt|p1a: Politoed\n|-supereffective|p1a: Politoed|1\n|-damage|p1a: Politoed|27/100\n|-enditem|p1a: Politoed|Sitrus Berry|[eat]\n|-heal|p1a: Politoed|52/100|[from] item: Sitrus Berry\n|move|p1b: Meganium|Solar Beam||[still]\n|-prepare|p1b: Meganium|Solar Beam\n|-activate|p1b: Meganium|ability: Mega Sol\n|-anim|p1b: Meganium|Solar Beam|p2a: Rotom\n|-supereffective|p2a: Rotom|1\n|-damage|p2a: Rotom|0 fnt\n|faint|p2a: Rotom\n|move|p1a: Politoed|Weather Ball|p2b: Sinistcha\n|-resisted|p2b: Sinistcha|1\n|-damage|p2b: Sinistcha|13/100\n|\n|-weather|RainDance|[upkeep]\n|upkeep\n|turn|6\n|\n|t:|1775944913\n|move|p2b: Sinistcha|Shadow Ball|p1b: Meganium\n|-damage|p1b: Meganium|1/100\n|move|p1b: Meganium|Dazzling Gleam|p2b: Sinistcha\n|-damage|p2b: Sinistcha|0 fnt\n|faint|p2b: Sinistcha\n|\n|win|EnragedPidgeon\n|raw|EnragedPidgeon's rating: 1077 &rarr; <strong>1102</strong><br />(+25 for winning)\n|raw|emo-reject's rating: 1040 &rarr; <strong>1026</strong><br />(-14 for losing)\n|c|\u2606emo-reject|Gg\n|c|\u2606EnragedPidgeon|ggs\n|l|\u2606EnragedPidgeon\n|player|p1|\n",
  "uploadtime": 1775944925,
  "views": 14,
  "formatid": "gen9championsvgc2026regma",
  "rating": 1026,
  "private": 0,
  "password": null
}