{
  "id": "gen9championsvgc2026regma-2583110028",
  "format": "[Gen 9 Champions] VGC 2026 Reg M-A",
  "players": [
    "iitz_fresh",
    "empotato"
  ],
  "log": "|j|\u2606iitz_fresh\n|j|\u2606empotato\n|t:|1776143148\n|gametype|doubles\n|player|p1|iitz_fresh|169|1067\n|player|p2|empotato|cynthia-gen4|1136\n|gen|9\n|tier|[Gen 9 Champions] VGC 2026 Reg M-A\n|rated|\n|rule|Species Clause: Limit one of each Pok\u00e9mon\n|rule|Item Clause: Limit 1 of each item\n|clearpoke\n|poke|p1|Chandelure, L50, M|\n|poke|p1|Whimsicott, L50, F|\n|poke|p1|Gardevoir, L50, F|\n|poke|p1|Garchomp, L50, M|\n|poke|p1|Aerodactyl, L50, M|\n|poke|p1|Lucario, L50, M|\n|poke|p2|Golurk, L50|\n|poke|p2|Farigiraf, L50, F|\n|poke|p2|Hatterene, L50, F|\n|poke|p2|Rotom-Wash, L50|\n|poke|p2|Sneasler, L50, M|\n|poke|p2|Corviknight, L50, M|\n|teampreview|4\n|inactive|Battle timer is ON: inactive players will automatically lose when time's up. (requested by iitz_fresh)\niitz_fresh rejected open team sheets.\n|\n|t:|1776143196\n|teamsize|p1|4\n|teamsize|p2|4\n|start\n|switch|p1a: Chandelure|Chandelure, L50, M, shiny|100/100\n|switch|p1b: Lucario|Lucario, L50, M, shiny|100/100\n|switch|p2a: Golurk|Golurk, L50|100/100\n|switch|p2b: Farigiraf|Farigiraf, L50, F|100/100\n|turn|1\n|inactive|iitz_fresh has 30 seconds left.\n|\n|t:|1776143230\n|move|p1b: Lucario|Protect|p1b: Lucario\n|-singleturn|p1b: Lucario|Protect\n|move|p2a: Golurk|Protect|p2a: Golurk\n|-singleturn|p2a: Golurk|Protect\n|move|p1a: Chandelure|Imprison|p1a: Chandelure\n|-start|p1a: Chandelure|move: Imprison\n|cant|p2b: Farigiraf|move: Imprison|Trick Room\n|\n|upkeep\n|turn|2\n|inactive|iitz_fresh has 30 seconds left.\n|inactive|empotato has 30 seconds left.\n|inactive|iitz_fresh has 20 seconds left.\n|inactive|iitz_fresh has 15 seconds left.\n|\n|t:|1776143272\n|switch|p2b: Corviknight|Corviknight, L50, M|100/100\n|detailschange|p1b: Lucario|Lucario-Mega, L50, M, shiny\n|-mega|p1b: Lucario|Lucario|Lucarionite\n|detailschange|p2a: Golurk|Golurk-Mega, L50\n|-mega|p2a: Golurk|Golurk|Golurkite\n|move|p1b: Lucario|Aura Sphere|p2b: Corviknight\n|-damage|p2b: Corviknight|40/100\n|move|p1a: Chandelure|Shadow Ball|p2a: Golurk\n|-supereffective|p2a: Golurk|1\n|-damage|p2a: Golurk|15/100\n|-unboost|p2a: Golurk|spd|1\n|move|p2a: Golurk|Poltergeist|p1a: Chandelure\n|-activate|p1a: Chandelure|move: Poltergeist|Focus Sash\n|-supereffective|p1a: Chandelure|1\n|-enditem|p1a: Chandelure|Focus Sash\n|-damage|p1a: Chandelure|1/100\n|\n|-heal|p2b: Corviknight|46/100|[from] item: Leftovers\n|upkeep\n|turn|3\n|inactive|iitz_fresh has 30 seconds left.\n|\n|t:|1776143301\n|switch|p2a: Farigiraf|Farigiraf, L50, F|100/100\n|move|p1b: Lucario|Aura Sphere|p2b: Corviknight\n|-damage|p2b: Corviknight|0 fnt\n|faint|p2b: Corviknight\n|move|p1a: Chandelure|Shadow Ball|p2a: Farigiraf\n|-immune|p2a: Farigiraf\n|\n|upkeep\n|\n|t:|1776143311\n|switch|p2b: Hatterene|Hatterene, L50, F|100/100\n|turn|4\n|inactive|iitz_fresh has 30 seconds left.\n|inactive|empotato has 30 seconds left.\n|\n|t:|1776143343\n|move|p2a: Farigiraf|Helping Hand|p2b: Hatterene\n|-singleturn|p2b: Hatterene|Helping Hand|[of] p2a: Farigiraf\n|move|p1b: Lucario|Flash Cannon|p2b: Hatterene\n|-supereffective|p2b: Hatterene|1\n|-damage|p2b: Hatterene|0 fnt\n|faint|p2b: Hatterene\n|move|p1a: Chandelure|Shadow Ball|p2a: Farigiraf\n|-immune|p2a: Farigiraf\n|\n|upkeep\n|\n|t:|1776143345\n|switch|p2b: Golurk|Golurk-Mega, L50|15/100\n|turn|5\n|\n|t:|1776143356\n|move|p1b: Lucario|Aura Sphere|p2a: Farigiraf\n|-damage|p2a: Farigiraf|50/100\n|move|p1a: Chandelure|Shadow Ball|p2b: Golurk\n|-supereffective|p2b: Golurk|1\n|-damage|p2b: Golurk|0 fnt\n|faint|p2b: Golurk\n|move|p2a: Farigiraf|Hyper Voice|p1a: Chandelure|[spread] p1b\n|-immune|p1a: Chandelure\n|-resisted|p1b: Lucario|1\n|-damage|p1b: Lucario|82/100\n|\n|upkeep\n|turn|6\n|\n|t:|1776143376\n|move|p1b: Lucario|Aura Sphere|p2a: Farigiraf\n|-damage|p2a: Farigiraf|0 fnt\n|faint|p2a: Farigiraf\n|\n|win|iitz_fresh\n|raw|iitz_fresh's rating: 1067 &rarr; <strong>1103</strong><br />(+36 for winning)\n|raw|empotato's rating: 1136 &rarr; <strong>1106</strong><br />(-30 for losing)\n",
  "uploadtime": 1776143383,
  "views": 29,
  "formatid": "gen9championsvgc2026regma",
  "rating": 1103,
  "private": 0,
  "password": null
}