{
  "id": "gen9championsvgc2026regma-2588694952",
  "format": "[Gen 9 Champions] VGC 2026 Reg M-A",
  "players": [
    "Jah_08",
    "StrangrDangr"
  ],
  "log": "|j|\u2606Jah_08\n|j|\u2606StrangrDangr\n|t:|1776658674\n|gametype|doubles\n|player|p1|Jah_08|alder|1376\n|player|p2|StrangrDangr|102|1379\n|gen|9\n|tier|[Gen 9 Champions] VGC 2026 Reg M-A\n|rated|\n|rule|Species Clause: Limit one of each Pok\u00e9mon\n|rule|Item Clause: Limit 1 of each item\n|clearpoke\n|poke|p1|Excadrill, L50, M|\n|poke|p1|Whimsicott, L50, M, shiny|\n|poke|p1|Chandelure, L50, F|\n|poke|p1|Zoroark-Hisui, L50, M|\n|poke|p1|Basculegion, L50, M|\n|poke|p1|Hydreigon, L50, M|\n|poke|p2|Ceruledge, L50, F|\n|poke|p2|Whimsicott, L50, F|\n|poke|p2|Clefable, L50, F|\n|poke|p2|Kangaskhan, L50, F|\n|poke|p2|Kingambit, L50, F|\n|poke|p2|Farigiraf, L50, F|\n|teampreview|4\nJah_08 rejected open team sheets.\n|inactive|Battle timer is ON: inactive players will automatically lose when time's up. (requested by Jah_08)\n|\n|t:|1776658739\n|teamsize|p1|4\n|teamsize|p2|4\n|start\n|switch|p1a: Hydreigon|Hydreigon, L50, M|100/100\n|switch|p1b: Chandelure|Chandelure, L50, F|100/100\n|switch|p2a: Kangaskhan|Kangaskhan, L50, F|100/100\n|switch|p2b: Farigiraf|Farigiraf, L50, F|100/100\n|turn|1\n|\n|t:|1776658762\n|detailschange|p1b: Chandelure|Chandelure-Mega, L50, F\n|-mega|p1b: Chandelure|Chandelure|Chandelurite\n|move|p2a: Kangaskhan|Fake Out|p1a: Hydreigon\n|-damage|p1a: Hydreigon|80/100\n|cant|p1a: Hydreigon|flinch\n|move|p1b: Chandelure|Substitute|p1b: Chandelure\n|-start|p1b: Chandelure|Substitute\n|-damage|p1b: Chandelure|76/100\n|move|p2b: Farigiraf|Trick Room|p2b: Farigiraf\n|-fieldstart|move: Trick Room|[of] p2b: Farigiraf\n|\n|upkeep\n|turn|2\n|inactive|StrangrDangr has 30 seconds left.\n|\n|t:|1776658796\n|move|p1b: Chandelure|Protect|p1b: Chandelure\n|-singleturn|p1b: Chandelure|Protect\n|move|p1a: Hydreigon|Protect|p1a: Hydreigon\n|-singleturn|p1a: Hydreigon|Protect\n|move|p2b: Farigiraf|Psychic|p1b: Chandelure\n|-activate|p1b: Chandelure|move: Protect\n|move|p2a: Kangaskhan|Double-Edge|p1b: Chandelure\n|-activate|p1b: Chandelure|move: Protect\n|\n|upkeep\n|turn|3\n|inactive|StrangrDangr has 30 seconds left.\n|inactive|StrangrDangr has 20 seconds left.\n|\n|t:|1776658835\n|move|p2b: Farigiraf|Psychic|p1b: Chandelure\n|-end|p1b: Chandelure|Substitute\n|move|p1b: Chandelure|Heat Wave|p2b: Farigiraf|[spread] p2a,p2b\n|-damage|p2a: Kangaskhan|48/100\n|-damage|p2b: Farigiraf|57/100\n|move|p2a: Kangaskhan|Double-Edge|p1a: Hydreigon\n|-damage|p1a: Hydreigon|13/100\n|-damage|p2a: Kangaskhan|31/100|[from] Recoil\n|move|p1a: Hydreigon|Dark Pulse|p2b: Farigiraf\n|-supereffective|p2b: Farigiraf|1\n|-enditem|p2b: Farigiraf|Colbur Berry|[eat]\n|-enditem|p2b: Farigiraf|Colbur Berry|[weaken]\n|-damage|p2b: Farigiraf|18/100\n|\n|upkeep\n|turn|4\n|inactive|StrangrDangr has 30 seconds left.\n|inactive|StrangrDangr has 20 seconds left.\n|\n|t:|1776658874\n|switch|p2a: Ceruledge|Ceruledge, L50, F|100/100\n|move|p1a: Hydreigon|Protect|p1a: Hydreigon\n|-singleturn|p1a: Hydreigon|Protect\n|move|p2b: Farigiraf|Hyper Voice|p1b: Chandelure|[spread] \n|-activate|p1a: Hydreigon|move: Protect\n|-immune|p1b: Chandelure\n|move|p1b: Chandelure|Heat Wave|p2b: Farigiraf|[spread] p2b\n|-start|p2a: Ceruledge|ability: Flash Fire\n|-damage|p2b: Farigiraf|0 fnt\n|faint|p2b: Farigiraf\n|\n|upkeep\n|\n|t:|1776658887\n|switch|p2b: Kingambit|Kingambit, L50, F|100/100\n|turn|5\n|\n|t:|1776658901\n|move|p2b: Kingambit|Kowtow Cleave|p1b: Chandelure\n|-supereffective|p1b: Chandelure|1\n|-damage|p1b: Chandelure|0 fnt\n|faint|p1b: Chandelure\n|move|p2a: Ceruledge|Bitter Blade|p1a: Hydreigon\n|-resisted|p1a: Hydreigon|1\n|-damage|p1a: Hydreigon|0 fnt\n|faint|p1a: Hydreigon\n|\n|-fieldend|move: Trick Room\n|upkeep\n|\n|t:|1776658913\n|switch|p1a: Excadrill|Excadrill, L50, M|100/100\n|switch|p1b: Basculegion|Basculegion, L50, M|100/100\n|-ability|p1a: Excadrill|Mold Breaker\n|turn|6\n|\n|t:|1776658932\n|move|p2a: Ceruledge|Protect|p2a: Ceruledge\n|-singleturn|p2a: Ceruledge|Protect\n|move|p2b: Kingambit|Protect|p2b: Kingambit\n|-singleturn|p2b: Kingambit|Protect\n|move|p1b: Basculegion|Wave Crash|p2a: Ceruledge\n|-activate|p2a: Ceruledge|move: Protect\n|move|p1a: Excadrill|High Horsepower|p2b: Kingambit\n|-activate|p2b: Kingambit|move: Protect\n|\n|upkeep\n|turn|7\n|inactive|StrangrDangr has 30 seconds left.\n|\n|t:|1776658958\n|move|p2b: Kingambit|Sucker Punch|p1b: Basculegion\n|-supereffective|p1b: Basculegion|1\n|-damage|p1b: Basculegion|0 fnt\n|faint|p1b: Basculegion\n|move|p1a: Excadrill|High Horsepower|p2b: Kingambit\n|-supereffective|p2b: Kingambit|1\n|-damage|p2b: Kingambit|28/100\n|move|p2a: Ceruledge|Bitter Blade|p1a: Excadrill\n|-supereffective|p1a: Excadrill|1\n|-enditem|p1a: Excadrill|Focus Sash\n|-damage|p1a: Excadrill|1/100\n|\n|upkeep\n|turn|8\n|\n|t:|1776658976\n|move|p1a: Excadrill|Protect|p1a: Excadrill\n|-singleturn|p1a: Excadrill|Protect\n|move|p2a: Ceruledge|Shadow Sneak|p1a: Excadrill\n|-activate|p1a: Excadrill|move: Protect\n|move|p2b: Kingambit|Kowtow Cleave|p1a: Excadrill\n|-activate|p1a: Excadrill|move: Protect\n|\n|upkeep\n|turn|9\n|\n|t:|1776658986\n|move|p2a: Ceruledge|Shadow Sneak|p1a: Excadrill\n|-damage|p1a: Excadrill|0 fnt\n|faint|p1a: Excadrill\n|\n|win|StrangrDangr\n|raw|Jah_08's rating: 1376 &rarr; <strong>1356</strong><br />(-20 for losing)\n|raw|StrangrDangr's rating: 1379 &rarr; <strong>1399</strong><br />(+20 for winning)\n",
  "uploadtime": 1776658992,
  "views": 7,
  "formatid": "gen9championsvgc2026regma",
  "rating": 1356,
  "private": 0,
  "password": null
}