{
  "id": "gen9championsvgc2026regma-2586621410",
  "format": "[Gen 9 Champions] VGC 2026 Reg M-A",
  "players": [
    "testlab12",
    "Mithozz"
  ],
  "log": "|j|\u2606testlab12\n|j|\u2606Mithozz\n|t:|1776447458\n|gametype|doubles\n|player|p1|testlab12|ghetsis|1152\n|player|p2|Mithozz|hilbert|1119\n|gen|9\n|tier|[Gen 9 Champions] VGC 2026 Reg M-A\n|rated|\n|rule|Species Clause: Limit one of each Pok\u00e9mon\n|rule|Item Clause: Limit 1 of each item\n|clearpoke\n|poke|p1|Sinistcha-Masterpiece, L50|\n|poke|p1|Incineroar, L50, F|\n|poke|p1|Crabominable, L50, F|\n|poke|p1|Gallade, L50, M|\n|poke|p1|Aegislash, L50, M|\n|poke|p1|Primarina, L50, F|\n|poke|p2|Meowstic, L50, M|\n|poke|p2|Venusaur, L50, F|\n|poke|p2|Torkoal, L50, M|\n|poke|p2|Milotic, L50, F|\n|poke|p2|Charizard, L50, M|\n|poke|p2|Typhlosion, L50, F|\n|teampreview|4\n|\n|t:|1776447475\n|teamsize|p1|4\n|teamsize|p2|4\n|start\n|switch|p1a: Aegislash|Aegislash, L50, M|100/100\n|switch|p1b: Gallade|Gallade, L50, M|100/100\n|switch|p2a: Torkoal|Torkoal, L50, M|100/100\n|switch|p2b: Typhlosion|Typhlosion, L50, F|100/100\n|-weather|SunnyDay|[from] ability: Drought|[of] p2a: Torkoal\n|turn|1\n|\n|t:|1776447487\n|move|p1a: Aegislash|Wide Guard|p1a: Aegislash\n|-singleturn|p1a: Aegislash|Wide Guard\n|move|p2b: Typhlosion|Eruption|p1b: Gallade|[spread] \n|-activate|p1a: Aegislash|move: Wide Guard\n|-activate|p1b: Gallade|move: Wide Guard\n|move|p2a: Torkoal|Lava Plume|p1b: Gallade|[spread] \n|-activate|p1a: Aegislash|move: Wide Guard\n|-activate|p1b: Gallade|move: Wide Guard\n|-start|p2b: Typhlosion|ability: Flash Fire\n|move|p1b: Gallade|Trick Room|p1b: Gallade\n|-fieldstart|move: Trick Room|[of] p1b: Gallade\n|\n|-weather|SunnyDay|[upkeep]\n|upkeep\n|turn|2\n|inactive|Battle timer is ON: inactive players will automatically lose when time's up. (requested by Mithozz)\n|\n|t:|1776447513\n|move|p1a: Aegislash|Wide Guard|p1a: Aegislash\n|-singleturn|p1a: Aegislash|Wide Guard\n|move|p2a: Torkoal|Eruption|p1b: Gallade|[spread] \n|-activate|p1a: Aegislash|move: Wide Guard\n|-activate|p1b: Gallade|move: Wide Guard\n|move|p1b: Gallade|Sacred Sword|p2a: Torkoal\n|-damage|p2a: Torkoal|43/100\n|move|p2b: Typhlosion|Eruption|p1b: Gallade|[spread] \n|-activate|p1a: Aegislash|move: Wide Guard\n|-activate|p1b: Gallade|move: Wide Guard\n|\n|-weather|SunnyDay|[upkeep]\n|upkeep\n|turn|3\n|\n|t:|1776447530\n|move|p1a: Aegislash|Wide Guard|p1a: Aegislash\n|-singleturn|p1a: Aegislash|Wide Guard\n|move|p2a: Torkoal|Lava Plume|p1b: Gallade|[spread] \n|-activate|p1a: Aegislash|move: Wide Guard\n|-activate|p1b: Gallade|move: Wide Guard\n|-immune|p2b: Typhlosion|[from] ability: Flash Fire\n|move|p1b: Gallade|Sacred Sword|p2a: Torkoal\n|-damage|p2a: Torkoal|0 fnt\n|faint|p2a: Torkoal\n|move|p2b: Typhlosion|Eruption|p1a: Aegislash|[spread] \n|-activate|p1a: Aegislash|move: Wide Guard\n|-activate|p1b: Gallade|move: Wide Guard\n|\n|-weather|SunnyDay|[upkeep]\n|upkeep\n|\n|t:|1776447549\n|switch|p2a: Venusaur|Venusaur, L50, F, shiny|100/100\n|turn|4\n|\n|t:|1776447560\n|move|p1a: Aegislash|Wide Guard|p1a: Aegislash\n|-singleturn|p1a: Aegislash|Wide Guard\n|move|p1b: Gallade|Psycho Cut|p2a: Venusaur\n|-supereffective|p2a: Venusaur|1\n|-damage|p2a: Venusaur|0 fnt\n|faint|p2a: Venusaur\n|move|p2b: Typhlosion|Eruption|p1b: Gallade|[spread] \n|-activate|p1a: Aegislash|move: Wide Guard\n|-activate|p1b: Gallade|move: Wide Guard\n|\n|-weather|SunnyDay|[upkeep]\n|upkeep\n|\n|t:|1776447573\n|switch|p2a: Charizard|Charizard, L50, M, shiny|100/100\n|turn|5\n|\n|t:|1776447584\n|detailschange|p2a: Charizard|Charizard-Mega-Y, L50, M, shiny\n|-mega|p2a: Charizard|Charizard|Charizardite Y\n|move|p1a: Aegislash|Wide Guard|p1a: Aegislash\n|-singleturn|p1a: Aegislash|Wide Guard\n|move|p1b: Gallade|Sacred Sword|p2b: Typhlosion\n|-damage|p2b: Typhlosion|0 fnt\n|faint|p2b: Typhlosion\n|move|p2a: Charizard|Air Slash|p1b: Gallade\n|-supereffective|p1b: Gallade|1\n|-damage|p1b: Gallade|14/100\n|\n|-weather|none\n|-fieldend|move: Trick Room\n|upkeep\n|turn|6\n|\n|t:|1776447598\n|move|p2a: Charizard|Heat Wave|p1b: Gallade|[spread] p1a,p1b\n|-supereffective|p1a: Aegislash|1\n|-damage|p1a: Aegislash|36/100\n|-damage|p1b: Gallade|0 fnt\n|faint|p1b: Gallade\n|-formechange|p1a: Aegislash|Aegislash-Blade|\n|move|p1a: Aegislash|Shadow Ball|p2a: Charizard\n|-damage|p2a: Charizard|46/100\n|\n|-heal|p1a: Aegislash|42/100|[from] item: Leftovers\n|upkeep\n|\n|t:|1776447603\n|switch|p1b: Primarina|Primarina, L50, F|100/100\n|turn|7\n|\n|t:|1776447608\n|move|p2a: Charizard|Solar Beam||[still]\n|-prepare|p2a: Charizard|Solar Beam\n|move|p1a: Aegislash|Shadow Ball|p2a: Charizard\n|-damage|p2a: Charizard|0 fnt\n|faint|p2a: Charizard\n|\n|win|testlab12\n|raw|testlab12's rating: 1152 &rarr; <strong>1175</strong><br />(+23 for winning)\n|raw|Mithozz's rating: 1119 &rarr; <strong>1096</strong><br />(-23 for losing)\n",
  "uploadtime": 1776447612,
  "views": 26,
  "formatid": "gen9championsvgc2026regma",
  "rating": 1096,
  "private": 0,
  "password": null
}