{
  "id": "gen9championsvgc2026regma-2583890910",
  "format": "[Gen 9 Champions] VGC 2026 Reg M-A",
  "players": [
    "GinjaninjaRed",
    "Qloser"
  ],
  "log": "|j|\u2606GinjaninjaRed\n|j|\u2606Qloser\n|t:|1776205884\n|gametype|doubles\n|player|p1|GinjaninjaRed|red|1259\n|player|p2|Qloser|norman|1298\n|gen|9\n|tier|[Gen 9 Champions] VGC 2026 Reg M-A\n|rated|\n|rule|Species Clause: Limit one of each Pok\u00e9mon\n|rule|Item Clause: Limit 1 of each item\n|clearpoke\n|poke|p1|Gardevoir, L50, M|\n|poke|p1|Farigiraf, L50, M|\n|poke|p1|Kingambit, L50, M|\n|poke|p1|Torkoal, L50, M|\n|poke|p1|Incineroar, L50, F|\n|poke|p1|Rhyperior, L50, M|\n|poke|p2|Charizard, L50, F|\n|poke|p2|Kingambit, L50, M|\n|poke|p2|Rotom-Wash, L50|\n|poke|p2|Tyranitar, L50, F|\n|poke|p2|Sinistcha, L50|\n|poke|p2|Excadrill, L50, M|\n|teampreview|4\n|inactive|Battle timer is ON: inactive players will automatically lose when time's up. (requested by Qloser)\n|inactive|GinjaninjaRed also wants the timer to be on.\n|inactive|GinjaninjaRed has 60 seconds left.\n|inactive|GinjaninjaRed has 30 seconds left.\n|\n|t:|1776205948\n|teamsize|p1|4\n|teamsize|p2|4\n|start\n|switch|p1a: Rhyperior|Rhyperior, L50, M|100/100\n|switch|p1b: Farigiraf|Farigiraf, L50, M|100/100\n|switch|p2a: Kingambit|Kingambit, L50, M|100/100\n|switch|p2b: Tyranitar|Tyranitar, L50, F|100/100\n|-weather|Sandstorm|[from] ability: Sand Stream|[of] p2b: Tyranitar\n|turn|1\n|inactive|GinjaninjaRed has 30 seconds left.\n|inactive|Qloser has 30 seconds left.\n|\n|t:|1776205981\n|move|p1b: Farigiraf|Protect|p1b: Farigiraf\n|-singleturn|p1b: Farigiraf|Protect\n|move|p2b: Tyranitar|Knock Off|p1a: Rhyperior\n|-damage|p1a: Rhyperior|62/100\n|-enditem|p1a: Rhyperior|King's Rock|[from] move: Knock Off|[of] p2b: Tyranitar\n|move|p2a: Kingambit|Kowtow Cleave|p1b: Farigiraf\n|-activate|p1b: Farigiraf|move: Protect\n|move|p1a: Rhyperior|High Horsepower|p2b: Tyranitar\n|-supereffective|p2b: Tyranitar|1\n|-damage|p2b: Tyranitar|0 fnt\n|faint|p2b: Tyranitar\n|\n|-weather|Sandstorm|[upkeep]\n|-damage|p1b: Farigiraf|94/100|[from] Sandstorm\n|upkeep\n|\n|t:|1776205990\n|switch|p2b: Sinistcha|Sinistcha, L50|100/100\n|turn|2\n|\n|t:|1776206007\n|switch|p1b: Torkoal|Torkoal, L50, M|100/100\n|-weather|SunnyDay|[from] ability: Drought|[of] p1b: Torkoal\n|move|p2b: Sinistcha|Matcha Gotcha|p1a: Rhyperior|[spread] p1a,p1b\n|-supereffective|p1a: Rhyperior|2\n|-resisted|p1b: Torkoal|1\n|-damage|p1a: Rhyperior|0 fnt\n|-damage|p1b: Torkoal|84/100\n|faint|p1a: Rhyperior\n|move|p2a: Kingambit|Iron Head|p1b: Torkoal\n|-resisted|p1b: Torkoal|1\n|-damage|p1b: Torkoal|65/100\n|\n|-weather|SunnyDay|[upkeep]\n|upkeep\n|\n|t:|1776206023\n|switch|p1a: Farigiraf|Farigiraf, L50, M|94/100\n|turn|3\n|\n|t:|1776206034\n|move|p2b: Sinistcha|Rage Powder|p2b: Sinistcha\n|-singleturn|p2b: Sinistcha|move: Rage Powder\n|move|p2a: Kingambit|Kowtow Cleave|p1a: Farigiraf\n|-supereffective|p1a: Farigiraf|1\n|-enditem|p1a: Farigiraf|Colbur Berry|[eat]\n|-enditem|p1a: Farigiraf|Colbur Berry|[weaken]\n|-damage|p1a: Farigiraf|41/100\n|move|p1b: Torkoal|Overheat|p2b: Sinistcha\n|-supereffective|p2b: Sinistcha|1\n|-damage|p2b: Sinistcha|0 fnt\n|-unboost|p1b: Torkoal|spa|2\n|faint|p2b: Sinistcha\n|move|p1a: Farigiraf|Trick Room|p1a: Farigiraf\n|-fieldstart|move: Trick Room|[of] p1a: Farigiraf\n|\n|-weather|SunnyDay|[upkeep]\n|upkeep\n|\n|t:|1776206044\n|switch|p2b: Rotom|Rotom-Wash, L50|100/100\n|turn|4\n|inactive|GinjaninjaRed has 30 seconds left.\n|\n|t:|1776206073\n|move|p1a: Farigiraf|Helping Hand|p1b: Torkoal\n|-singleturn|p1b: Torkoal|Helping Hand|[of] p1a: Farigiraf\n|move|p2a: Kingambit|Protect|p2a: Kingambit\n|-singleturn|p2a: Kingambit|Protect\n|move|p1b: Torkoal|Eruption|p2b: Rotom|[spread] p2b\n|-activate|p2a: Kingambit|move: Protect\n|-resisted|p2b: Rotom|1\n|-damage|p2b: Rotom|78/100\n|move|p2b: Rotom|Thunderbolt|p1b: Torkoal\n|-damage|p1b: Torkoal|5/100\n|\n|-weather|SunnyDay|[upkeep]\n|upkeep\n|turn|5\n|\n|t:|1776206095\n|move|p1a: Farigiraf|Helping Hand|p1b: Torkoal\n|-singleturn|p1b: Torkoal|Helping Hand|[of] p1a: Farigiraf\n|move|p1b: Torkoal|Overheat|p2a: Kingambit\n|-supereffective|p2a: Kingambit|1\n|-damage|p2a: Kingambit|0 fnt\n|-unboost|p1b: Torkoal|spa|2\n|faint|p2a: Kingambit\n|move|p2b: Rotom|Thunderbolt|p1b: Torkoal\n|-damage|p1b: Torkoal|0 fnt\n|faint|p1b: Torkoal\n|\n|-weather|SunnyDay|[upkeep]\n|upkeep\n|\n|t:|1776206108\n|switch|p1b: Gardevoir|Gardevoir, L50, M|100/100\n|turn|6\n|\n|t:|1776206120\n|detailschange|p1b: Gardevoir|Gardevoir-Mega, L50, M\n|-mega|p1b: Gardevoir|Gardevoir|Gardevoirite\n|move|p1a: Farigiraf|Helping Hand|p1b: Gardevoir\n|-singleturn|p1b: Gardevoir|Helping Hand|[of] p1a: Farigiraf\n|move|p2b: Rotom|Thunderbolt|p1b: Gardevoir\n|-damage|p1b: Gardevoir|65/100\n|-status|p1b: Gardevoir|par\n|move|p1b: Gardevoir|Hyper Voice|p2b: Rotom\n|-damage|p2b: Rotom|0 fnt\n|faint|p2b: Rotom\n|\n|win|GinjaninjaRed\n|raw|GinjaninjaRed's rating: 1259 &rarr; <strong>1287</strong><br />(+28 for winning)\n|raw|Qloser's rating: 1298 &rarr; <strong>1270</strong><br />(-28 for losing)\n",
  "uploadtime": 1776206120,
  "views": 43,
  "formatid": "gen9championsvgc2026regma",
  "rating": 1270,
  "private": 0,
  "password": null
}