{
  "id": "gen9championsvgc2026regma-2587179976",
  "format": "[Gen 9 Champions] VGC 2026 Reg M-A",
  "players": [
    "Arib1906",
    "nsbnsb"
  ],
  "log": "|j|\u2606Arib1906\n|j|\u2606nsbnsb\n|t:|1776505119\n|gametype|doubles\n|player|p1|Arib1906|byron|1383\n|player|p2|nsbnsb|ghetsis|1468\n|gen|9\n|tier|[Gen 9 Champions] VGC 2026 Reg M-A\n|rated|\n|rule|Species Clause: Limit one of each Pok\u00e9mon\n|rule|Item Clause: Limit 1 of each item\n|clearpoke\n|poke|p1|Blastoise, L50, F|\n|poke|p1|Incineroar, L50, M|\n|poke|p1|Sinistcha, L50|\n|poke|p1|Kingambit, L50, M|\n|poke|p1|Aerodactyl, L50, M|\n|poke|p1|Sneasler, L50, M|\n|poke|p2|Crabominable, L50, M|\n|poke|p2|Farigiraf, L50, M|\n|poke|p2|Kingambit, L50, M, shiny|\n|poke|p2|Sinistcha, L50|\n|poke|p2|Camerupt, L50, M|\n|poke|p2|Sneasler, L50, M|\n|teampreview|4\n|inactive|Battle timer is ON: inactive players will automatically lose when time's up. (requested by nsbnsb)\n|\n|t:|1776505147\n|teamsize|p1|4\n|teamsize|p2|4\n|start\n|switch|p1a: Blast chance|Blastoise, L50, F|100/100\n|switch|p1b: Sac the Rookidee|Kingambit, L50, M|100/100\n|switch|p2a: Sinistcha|Sinistcha, L50|100/100\n|switch|p2b: Sneasler|Sneasler, L50, M|100/100\n|turn|1\n|\n|t:|1776505165\n|switch|p1b: Sinistchai-tea|Sinistcha, L50|100/100\n|detailschange|p1a: Blast chance|Blastoise-Mega, L50, F\n|-mega|p1a: Blast chance|Blastoise|Blastoisinite\n|move|p1a: Blast chance|Protect|p1a: Blast chance\n|-singleturn|p1a: Blast chance|Protect\n|move|p2b: Sneasler|Close Combat|p1b: Sinistchai-tea\n|-immune|p1b: Sinistchai-tea\n|move|p2a: Sinistcha|Trick Room|p2a: Sinistcha\n|-fieldstart|move: Trick Room|[of] p2a: Sinistcha\n|\n|upkeep\n|turn|2\n|\n|t:|1776505180\n|move|p2a: Sinistcha|Matcha Gotcha|p1b: Sinistchai-tea|[spread] p1a,p1b\n|-supereffective|p1a: Blast chance|1\n|-resisted|p1b: Sinistchai-tea|1\n|-damage|p1a: Blast chance|44/100\n|-damage|p1b: Sinistchai-tea|84/100\n|-status|p1b: Sinistchai-tea|brn\n|move|p1b: Sinistchai-tea|Matcha Gotcha|p2a: Sinistcha|[spread] p2a,p2b\n|-resisted|p2a: Sinistcha|1\n|-resisted|p2b: Sneasler|1\n|-damage|p2a: Sinistcha|86/100\n|-heal|p1b: Sinistchai-tea|90/100 brn|[from] drain|[of] p2a: Sinistcha\n|-damage|p2b: Sneasler|85/100\n|-heal|p1b: Sinistchai-tea|97/100 brn|[from] drain|[of] p2b: Sneasler\n|-status|p2b: Sneasler|brn\n|move|p1a: Blast chance|Water Spout|p2a: Sinistcha|[spread] p2a,p2b\n|-resisted|p2a: Sinistcha|1\n|-damage|p2a: Sinistcha|68/100\n|-damage|p2b: Sneasler|45/100 brn\n|move|p2b: Sneasler|Dire Claw|p1b: Sinistchai-tea\n|-damage|p1b: Sinistchai-tea|79/100 brn\n|\n|-damage|p1b: Sinistchai-tea|73/100 brn|[from] brn\n|-damage|p2b: Sneasler|39/100 brn|[from] brn\n|upkeep\n|turn|3\n|inactive|Arib1906 has 30 seconds left.\n|\n|t:|1776505206\n|switch|p1b: Wolfe bane|Incineroar, L50, M|100/100\n|-ability|p1b: Wolfe bane|Intimidate|boost\n|-unboost|p2a: Sinistcha|atk|1\n|-unboost|p2b: Sneasler|atk|1\n|-enditem|p2b: Sneasler|White Herb\n|-clearnegativeboost|p2b: Sneasler|[silent]\n|switch|p2b: Crabominable|Crabominable, L50, M|100/100\n|move|p1a: Blast chance|Protect|p1a: Blast chance\n|-singleturn|p1a: Blast chance|Protect\n|move|p2a: Sinistcha|Shadow Ball|p1b: Wolfe bane\n|-resisted|p1b: Wolfe bane|1\n|-damage|p1b: Wolfe bane|80/100\n|\n|upkeep\n|turn|4\n|inactive|nsbnsb has 30 seconds left.\n|\n|t:|1776505232\n|detailschange|p2b: Crabominable|Crabominable-Mega, L50, M\n|-mega|p2b: Crabominable|Crabominable|Crabominite\n|move|p1b: Wolfe bane|Fake Out|p2b: Crabominable\n|-damage|p2b: Crabominable|91/100\n|cant|p2b: Crabominable|flinch\n|move|p2a: Sinistcha|Matcha Gotcha|p1b: Wolfe bane|[spread] p1a,p1b\n|-supereffective|p1a: Blast chance|1\n|-resisted|p1b: Wolfe bane|1\n|-damage|p1a: Blast chance|0 fnt\n|-heal|p2a: Sinistcha|94/100|[from] drain|[of] p1a: Blast chance\n|-damage|p1b: Wolfe bane|64/100\n|-heal|p2a: Sinistcha|100/100|[from] drain|[of] p1b: Wolfe bane\n|faint|p1a: Blast chance\n|\n|upkeep\n|\n|t:|1776505249\n|switch|p1a: Sac the Rookidee|Kingambit, L50, M|100/100\n|turn|5\n|\n|t:|1776505258\n|switch|p2a: Sneasler|Sneasler, L50, M|39/100 brn\n|switch|p1a: Sinistchai-tea|Sinistcha, L50|73/100 brn\n|-heal|p1b: Wolfe bane|88/100|[from] ability: Hospitality|[of] p1a: Sinistchai-tea\n|move|p2b: Crabominable|Drain Punch|p1b: Wolfe bane\n|-supereffective|p1b: Wolfe bane|1\n|-damage|p1b: Wolfe bane|0 fnt\n|-heal|p2b: Crabominable|100/100|[from] drain|[of] p1b: Wolfe bane\n|faint|p1b: Wolfe bane\n|\n|-damage|p1a: Sinistchai-tea|67/100 brn|[from] brn\n|-damage|p2a: Sneasler|33/100 brn|[from] brn\n|-fieldend|move: Trick Room\n|upkeep\n|\n|t:|1776505266\n|switch|p1b: Sac the Rookidee|Kingambit, L50, M|100/100\n|turn|6\n|\n|t:|1776505272\n|move|p2a: Sneasler|Fake Out|p1b: Sac the Rookidee\n|-resisted|p1b: Sac the Rookidee|1\n|-damage|p1b: Sac the Rookidee|97/100\n|move|p1a: Sinistchai-tea|Matcha Gotcha|p2a: Sneasler|[spread] p2a,p2b\n|-resisted|p2a: Sneasler|1\n|-damage|p2a: Sneasler|18/100 brn\n|-heal|p1a: Sinistchai-tea|74/100 brn|[from] drain|[of] p2a: Sneasler\n|-damage|p2b: Crabominable|79/100\n|-heal|p1a: Sinistchai-tea|86/100 brn|[from] drain|[of] p2b: Crabominable\n|-status|p2b: Crabominable|brn\n|cant|p1b: Sac the Rookidee|flinch\n|move|p2b: Crabominable|Ice Hammer|p1a: Sinistchai-tea\n|-supereffective|p1a: Sinistchai-tea|1\n|-damage|p1a: Sinistchai-tea|20/100 brn\n|-unboost|p2b: Crabominable|spe|1\n|-enditem|p1a: Sinistchai-tea|Sitrus Berry|[eat]\n|-heal|p1a: Sinistchai-tea|45/100 brn|[from] item: Sitrus Berry\n|\n|-damage|p2a: Sneasler|12/100 brn|[from] brn\n|-damage|p1a: Sinistchai-tea|39/100 brn|[from] brn\n|-damage|p2b: Crabominable|74/100 brn|[from] brn\n|upkeep\n|turn|7\n|\n|t:|1776505281\n|move|p1a: Sinistchai-tea|Rage Powder|p1a: Sinistchai-tea\n|-singleturn|p1a: Sinistchai-tea|move: Rage Powder\n|move|p2a: Sneasler|Dire Claw|p1a: Sinistchai-tea\n|-damage|p1a: Sinistchai-tea|22/100 brn\n|move|p1b: Sac the Rookidee|Iron Head|p2b: Crabominable\n|-supereffective|p2b: Crabominable|1\n|-damage|p2b: Crabominable|6/100 brn\n|move|p2b: Crabominable|Drain Punch|p1a: Sinistchai-tea\n|-immune|p1a: Sinistchai-tea\n|\n|-damage|p2a: Sneasler|6/100 brn|[from] brn\n|-damage|p1a: Sinistchai-tea|16/100 brn|[from] brn\n|-damage|p2b: Crabominable|0 fnt|[from] brn\n|faint|p2b: Crabominable\n|upkeep\n|\n|t:|1776505288\n|switch|p2b: Sinistcha|Sinistcha, L50|100/100\n|-heal|p2a: Sneasler|31/100 brn|[from] ability: Hospitality|[of] p2b: Sinistcha\n|turn|8\n|\n|t:|1776505304\n|move|p1a: Sinistchai-tea|Rage Powder|p1a: Sinistchai-tea\n|-singleturn|p1a: Sinistchai-tea|move: Rage Powder\n|move|p2b: Sinistcha|Rage Powder|p2b: Sinistcha\n|-singleturn|p2b: Sinistcha|move: Rage Powder\n|move|p2a: Sneasler|Dire Claw|p1a: Sinistchai-tea\n|-crit|p1a: Sinistchai-tea\n|-damage|p1a: Sinistchai-tea|0 fnt\n|faint|p1a: Sinistchai-tea\n|move|p1b: Sac the Rookidee|Iron Head|p2b: Sinistcha\n|-damage|p2b: Sinistcha|51/100\n|\n|-damage|p2a: Sneasler|25/100 brn|[from] brn\n|upkeep\n|turn|9\n|\n|t:|1776505325\n|move|p2b: Sinistcha|Rage Powder|p2b: Sinistcha\n|-singleturn|p2b: Sinistcha|move: Rage Powder\n|move|p2a: Sneasler|Close Combat|p1b: Sac the Rookidee\n|-supereffective|p1b: Sac the Rookidee|2\n|-damage|p1b: Sac the Rookidee|0 fnt\n|-unboost|p2a: Sneasler|def|1\n|-unboost|p2a: Sneasler|spd|1\n|faint|p1b: Sac the Rookidee\n|\n|win|nsbnsb\n|raw|Arib1906's rating: 1383 &rarr; <strong>1369</strong><br />(-14 for losing)\n|raw|nsbnsb's rating: 1492 &rarr; <strong>1506</strong><br />(+14 for winning)\n|l|\u2606Arib1906\n|player|p1|\n|l|\u2606nsbnsb\n|player|p2|\n",
  "uploadtime": 1776505338,
  "views": 21,
  "formatid": "gen9championsvgc2026regma",
  "rating": 1369,
  "private": 0,
  "password": null
}