{
  "id": "gen9championsvgc2026regma-2583785382",
  "format": "[Gen 9 Champions] VGC 2026 Reg M-A",
  "players": [
    "Xzyla",
    "Jah_08"
  ],
  "log": "|j|\u2606Xzyla\n|j|\u2606Jah_08\n|t:|1776197545\n|gametype|doubles\n|player|p1|Xzyla|veteran|1321\n|player|p2|Jah_08|alder|1387\n|gen|9\n|tier|[Gen 9 Champions] VGC 2026 Reg M-A\n|rated|\n|rule|Species Clause: Limit one of each Pok\u00e9mon\n|rule|Item Clause: Limit 1 of each item\n|clearpoke\n|poke|p1|Aerodactyl, L50, F|\n|poke|p1|Sneasler, L50, F|\n|poke|p1|Archaludon, L50, F|\n|poke|p1|Gardevoir, L50, F|\n|poke|p1|Whimsicott, L50, F|\n|poke|p1|Kingambit, L50, M|\n|poke|p2|Excadrill, L50, M|\n|poke|p2|Whimsicott, L50, M|\n|poke|p2|Chandelure, L50, M|\n|poke|p2|Zoroark-Hisui, L50, M|\n|poke|p2|Basculegion, L50, M|\n|poke|p2|Krookodile, L50, M|\n|teampreview|4\n|inactive|Battle timer is ON: inactive players will automatically lose when time's up. (requested by Xzyla)\nXzyla rejected open team sheets.\n|inactive|Xzyla has 60 seconds left.\n|inactive|Jah_08 has 60 seconds left.\n|\n|t:|1776197598\n|teamsize|p1|4\n|teamsize|p2|4\n|start\n|switch|p1a: Aerodactyl|Aerodactyl, L50, F|100/100\n|switch|p1b: Sneasler|Sneasler, L50, F|100/100\n|switch|p2a: Excadrill|Excadrill, L50, M|100/100\n|switch|p2b: Basculegion|Basculegion, L50, M|100/100\n|turn|1\n|inactive|Jah_08 has 30 seconds left.\n|\n|t:|1776197628\n|move|p2b: Basculegion|Flip Turn|p1a: Aerodactyl\n|-supereffective|p1a: Aerodactyl|1\n|-enditem|p1a: Aerodactyl|Focus Sash\n|-damage|p1a: Aerodactyl|1/100\n|\n|t:|1776197641\n|switch|p2b: Whimsicott|Whimsicott, L50, M, shiny|100/100|[from] Flip Turn\n|move|p1a: Aerodactyl|Tailwind|p1a: Aerodactyl\n|-sidestart|p1: Xzyla|move: Tailwind\n|move|p1b: Sneasler|Close Combat|p2a: Excadrill\n|-immune|p2a: Excadrill\n|move|p2a: Excadrill|Icy Wind|p1b: Sneasler|[spread] p1a,p1b\n|-supereffective|p1a: Aerodactyl|1\n|-damage|p1a: Aerodactyl|0 fnt\n|-damage|p1b: Sneasler|82/100\n|-unboost|p1b: Sneasler|spe|1\n|faint|p1a: Aerodactyl\n|-enditem|p1b: Sneasler|White Herb\n|-clearnegativeboost|p1b: Sneasler|[silent]\n|\n|upkeep\n|\n|t:|1776197654\n|switch|p1a: Kingambit|Kingambit, L50, M|100/100\n|turn|2\n|inactive|Jah_08 has 30 seconds left.\n|\n|t:|1776197686\n|move|p2b: Whimsicott|Encore|p1b: Sneasler\n|-start|p1b: Sneasler|Encore\n|move|p1b: Sneasler|Close Combat|p2a: Excadrill\n|-immune|p2a: Excadrill\n|move|p2a: Excadrill|Shadow Ball|p1b: Sneasler\n|-damage|p1b: Sneasler|19/100\n|-unboost|p1b: Sneasler|spd|1\n|move|p1a: Kingambit|Kowtow Cleave|p2a: Excadrill\n|-supereffective|p2a: Excadrill|1\n|-damage|p2a: Excadrill|0 fnt\n|replace|p2a: Zoroark|Zoroark-Hisui, L50, M\n|-end|p2a: Zoroark|Illusion\n|faint|p2a: Zoroark\n|\n|upkeep\n|\n|t:|1776197710\n|switch|p2a: Excadrill|Excadrill, L50, M|100/100\n|-ability|p2a: Excadrill|Mold Breaker\n|turn|3\n|\n|t:|1776197723\n|move|p2a: Excadrill|Protect|p2a: Excadrill\n|-singleturn|p2a: Excadrill|Protect\n|move|p1b: Sneasler|Close Combat|p2a: Excadrill\n|-activate|p2a: Excadrill|move: Protect\n|move|p2b: Whimsicott|Moonblast|p1b: Sneasler\n|-damage|p1b: Sneasler|0 fnt\n|faint|p1b: Sneasler\n|move|p1a: Kingambit|Iron Head|p2b: Whimsicott\n|-supereffective|p2b: Whimsicott|1\n|-damage|p2b: Whimsicott|0 fnt\n|faint|p2b: Whimsicott\n|\n|upkeep\n|\n|t:|1776197738\n|switch|p1b: Gardevoir|Gardevoir, L50, F, shiny|100/100\n|switch|p2b: Basculegion|Basculegion, L50, M|100/100\n|-ability|p1b: Gardevoir|Adaptability|Trace|[from] ability: Trace|[of] p2b: Basculegion\n|turn|4\n|\n|t:|1776197758\n|detailschange|p1b: Gardevoir|Gardevoir-Mega, L50, F, shiny\n|-mega|p1b: Gardevoir|Gardevoir|Gardevoirite\n|move|p2b: Basculegion|Aqua Jet|p1a: Kingambit\n|-damage|p1a: Kingambit|81/100\n|move|p1a: Kingambit|Sucker Punch||[still]\n|-fail|p1a: Kingambit\n|move|p1b: Gardevoir|Encore|p2a: Excadrill\n|-start|p2a: Excadrill|Encore\n|move|p2a: Excadrill|Protect||[still]\n|-fail|p2a: Excadrill\n|\n|-sideend|p1: Xzyla|move: Tailwind\n|upkeep\n|turn|5\n|\n|t:|1776197778\n|move|p2a: Excadrill|Protect|p2a: Excadrill\n|-singleturn|p2a: Excadrill|Protect\n|move|p2b: Basculegion|Aqua Jet|p1b: Gardevoir\n|-damage|p1b: Gardevoir|54/100\n|move|p1b: Gardevoir|Shadow Ball|p2b: Basculegion\n|-supereffective|p2b: Basculegion|1\n|-damage|p2b: Basculegion|27/100\n|move|p1a: Kingambit|Kowtow Cleave|p2b: Basculegion\n|-supereffective|p2b: Basculegion|1\n|-damage|p2b: Basculegion|0 fnt\n|faint|p2b: Basculegion\n|\n|upkeep\n|turn|6\n|\n|t:|1776197792\n|move|p2a: Excadrill|Protect||[still]\n|-fail|p2a: Excadrill\n|move|p1b: Gardevoir|Shadow Ball|p2a: Excadrill\n|-damage|p2a: Excadrill|53/100\n|move|p1a: Kingambit|Kowtow Cleave|p2a: Excadrill\n|-damage|p2a: Excadrill|0 fnt\n|faint|p2a: Excadrill\n|\n|win|Xzyla\n|raw|Xzyla's rating: 1321 &rarr; <strong>1345</strong><br />(+24 for winning)\n|raw|Jah_08's rating: 1387 &rarr; <strong>1363</strong><br />(-24 for losing)\n|c|\u2606Xzyla|gg that zoarark confused me lol\n",
  "uploadtime": 1776197805,
  "views": 41,
  "formatid": "gen9championsvgc2026regma",
  "rating": 1345,
  "private": 0,
  "password": null
}