{
  "id": "gen9championsvgc2026regma-2581477361",
  "format": "[Gen 9 Champions] VGC 2026 Reg M-A",
  "players": [
    "amigomalamar",
    "Breakfastchiken"
  ],
  "log": "|j|\u2606amigomalamar\n|j|\u2606Breakfastchiken\n|t:|1776004140\n|gametype|doubles\n|player|p1|amigomalamar|schoolkid|1128\n|player|p2|Breakfastchiken|rood|1048\n|gen|9\n|tier|[Gen 9 Champions] VGC 2026 Reg M-A\n|rated|\n|rule|Species Clause: Limit one of each Pok\u00e9mon\n|rule|Item Clause: Limit 1 of each item\n|clearpoke\n|poke|p1|Gengar, L50, M|\n|poke|p1|Incineroar, L50, M|\n|poke|p1|Sinistcha, L50|\n|poke|p1|Kingambit, L50, F|\n|poke|p1|Tyranitar, L50, M|\n|poke|p1|Kommo-o, L50, F|\n|poke|p2|Glimmora, L50, F|\n|poke|p2|Whimsicott, L50, M|\n|poke|p2|Sneasler, L50, M|\n|poke|p2|Dragapult, L50, F|\n|poke|p2|Incineroar, L50, M|\n|poke|p2|Primarina, L50, F|\n|teampreview|4\n|\n|t:|1776004166\n|teamsize|p1|4\n|teamsize|p2|4\n|start\n|switch|p1a: Gengar|Gengar, L50, M|100/100\n|switch|p1b: Incineroar|Incineroar, L50, M|100/100\n|switch|p2a: Whimsicott|Whimsicott, L50, M|100/100\n|switch|p2b: Glimmora|Glimmora, L50, F, shiny|100/100\n|-ability|p1b: Incineroar|Intimidate|boost\n|-unboost|p2a: Whimsicott|atk|1\n|-unboost|p2b: Glimmora|atk|1\n|turn|1\n|\n|t:|1776004183\n|detailschange|p1a: Gengar|Gengar-Mega, L50, M\n|-mega|p1a: Gengar|Gengar|Gengarite\n|move|p2a: Whimsicott|Protect|p2a: Whimsicott\n|-singleturn|p2a: Whimsicott|Protect\n|move|p2b: Glimmora|Spiky Shield|p2b: Glimmora\n|-singleturn|p2b: Glimmora|move: Protect\n|move|p1b: Incineroar|Fake Out|p2a: Whimsicott\n|-activate|p2a: Whimsicott|move: Protect\n|move|p1a: Gengar|Perish Song|p1a: Gengar\n|-start|p1a: Gengar|perish3|[silent]\n|-start|p1b: Incineroar|perish3|[silent]\n|-start|p2a: Whimsicott|perish3|[silent]\n|-start|p2b: Glimmora|perish3|[silent]\n|-fieldactivate|move: Perish Song\n|\n|-start|p1a: Gengar|perish3\n|-start|p2b: Glimmora|perish3\n|-start|p2a: Whimsicott|perish3\n|-start|p1b: Incineroar|perish3\n|upkeep\n|turn|2\n|\n|t:|1776004208\n|detailschange|p2b: Glimmora|Glimmora-Mega, L50, F, shiny\n|-mega|p2b: Glimmora|Glimmora|Glimmoranite\n|move|p1a: Gengar|Protect|p1a: Gengar\n|-singleturn|p1a: Gengar|Protect\n|move|p1b: Incineroar|Protect|p1b: Incineroar\n|-singleturn|p1b: Incineroar|Protect\n|move|p2a: Whimsicott|Tailwind|p2a: Whimsicott\n|-sidestart|p2: Breakfastchiken|move: Tailwind\n|move|p2b: Glimmora|Earth Power|p1a: Gengar\n|-activate|p1a: Gengar|move: Protect\n|\n|-start|p2b: Glimmora|perish2\n|-start|p2a: Whimsicott|perish2\n|-start|p1a: Gengar|perish2\n|-start|p1b: Incineroar|perish2\n|upkeep\n|turn|3\n|\n|t:|1776004226\n|switch|p1a: Sinistcha|Sinistcha, L50|100/100\n|move|p2a: Whimsicott|Encore|p1b: Incineroar\n|-hint|Since gen 7, Dark is immune to Prankster moves.\n|-immune|p1b: Incineroar\n|move|p2b: Glimmora|Earth Power|p1a: Sinistcha\n|-resisted|p1a: Sinistcha|1\n|-damage|p1a: Sinistcha|84/100\n|move|p1b: Incineroar|Parting Shot|p2b: Glimmora\n|-unboost|p2b: Glimmora|atk|1\n|-unboost|p2b: Glimmora|spa|1\n|\n|t:|1776004237\n|switch|p1b: Gengar|Gengar-Mega, L50, M|100/100|[from] Parting Shot\n|\n|-start|p2b: Glimmora|perish1\n|-start|p2a: Whimsicott|perish1\n|upkeep\n|turn|4\n|\n|t:|1776004263\n|move|p2a: Whimsicott|Protect|p2a: Whimsicott\n|-singleturn|p2a: Whimsicott|Protect\n|move|p1b: Gengar|Protect|p1b: Gengar\n|-singleturn|p1b: Gengar|Protect\n|move|p1a: Sinistcha|Protect|p1a: Sinistcha\n|-singleturn|p1a: Sinistcha|Protect\n|move|p2b: Glimmora|Sludge Bomb|p1a: Sinistcha\n|-activate|p1a: Sinistcha|move: Protect\n|\n|-start|p2b: Glimmora|perish0\n|-start|p2a: Whimsicott|perish0\n|faint|p2b: Glimmora\n|faint|p2a: Whimsicott\n|upkeep\n|\n|t:|1776004271\n|switch|p2b: Sneasler|Sneasler, L50, M|100/100\n|switch|p2a: Dragapult|Dragapult, L50, F, shiny|100/100\n|turn|5\n|-message|Breakfastchiken forfeited.\n|\n|win|amigomalamar\n|raw|amigomalamar's rating: 1128 &rarr; <strong>1147</strong><br />(+19 for winning)\n|raw|Breakfastchiken's rating: 1048 &rarr; <strong>1035</strong><br />(-13 for losing)\n|l|\u2606Breakfastchiken\n|player|p2|\n",
  "uploadtime": 1776004290,
  "views": 15,
  "formatid": "gen9championsvgc2026regma",
  "rating": 1035,
  "private": 0,
  "password": null
}