{
  "id": "gen9championsvgc2026regma-2583809453",
  "format": "[Gen 9 Champions] VGC 2026 Reg M-A",
  "players": [
    "Prohxy",
    "Remy&Henny"
  ],
  "log": "|j|\u2606Prohxy\n|j|\u2606Remy&Henny\n|t:|1776199296\n|gametype|doubles\n|player|p1|Prohxy|lorelei-lgpe|1047\n|player|p2|Remy&Henny|scientist-gen4dp|1117\n|gen|9\n|tier|[Gen 9 Champions] VGC 2026 Reg M-A\n|rated|\n|rule|Species Clause: Limit one of each Pok\u00e9mon\n|rule|Item Clause: Limit 1 of each item\n|clearpoke\n|poke|p1|Alcremie, L50, F|\n|poke|p1|Sinistcha, L50|\n|poke|p1|Scizor, L50, F|\n|poke|p1|Politoed, L50, F|\n|poke|p1|Basculegion, L50, M|\n|poke|p1|Stunfisk, L50, M|\n|poke|p2|Aerodactyl, L50, M|\n|poke|p2|Charizard, L50, F|\n|poke|p2|Venusaur, L50, F|\n|poke|p2|Chandelure, L50, F|\n|poke|p2|Starmie, L50|\n|poke|p2|Talonflame, L50, F|\n|teampreview|4\n|inactive|Battle timer is ON: inactive players will automatically lose when time's up. (requested by Prohxy)\nProhxy rejected open team sheets.\n|inactive|Remy&Henny has 60 seconds left.\n|\n|t:|1776199396\n|teamsize|p1|4\n|teamsize|p2|4\n|start\n|switch|p1a: Politoed|Politoed, L50, F, shiny|100/100\n|switch|p1b: Stunfisk|Stunfisk, L50, M, shiny|100/100\n|switch|p2a: Aerodactyl|Aerodactyl, L50, M|100/100\n|switch|p2b: Talonflame|Talonflame, L50, F|100/100\n|-ability|p2a: Aerodactyl|Unnerve\n|-weather|RainDance|[from] ability: Drizzle|[of] p1a: Politoed\n|turn|1\n|inactive|Prohxy has 30 seconds left.\n|inactive|Remy&Henny has 30 seconds left.\n|inactive|Remy&Henny has 20 seconds left.\n|\n|t:|1776199454\n|move|p2a: Aerodactyl|Wide Guard|p2a: Aerodactyl\n|-singleturn|p2a: Aerodactyl|Wide Guard\n|move|p2b: Talonflame|Tailwind|p2b: Talonflame\n|-sidestart|p2: Remy&Henny|move: Tailwind\n|move|p1a: Politoed|Icy Wind|p2b: Talonflame|[spread] \n|-activate|p2a: Aerodactyl|move: Wide Guard\n|-activate|p2b: Talonflame|move: Wide Guard\n|move|p1b: Stunfisk|Thunder|p2b: Talonflame\n|-supereffective|p2b: Talonflame|1\n|-enditem|p2b: Talonflame|Focus Sash\n|-damage|p2b: Talonflame|1/100\n|\n|-weather|RainDance|[upkeep]\n|upkeep\n|turn|2\n|inactive|Remy&Henny has 30 seconds left.\n|inactive|Remy&Henny has 20 seconds left.\n|\n|t:|1776199493\n|move|p2a: Aerodactyl|Rock Slide|p1a: Politoed|[spread] p1a,p1b\n|-resisted|p1b: Stunfisk|1\n|-damage|p1a: Politoed|80/100\n|-damage|p1b: Stunfisk|89/100\n|move|p2b: Talonflame|U-turn|p1b: Stunfisk\n|-damage|p1b: Stunfisk|73/100\n|\n|t:|1776199500\n|switch|p2b: Venusaur|Venusaur, L50, F|100/100|[from] U-turn\n|move|p1a: Politoed|Icy Wind|p2a: Aerodactyl|[spread] p2a,p2b\n|-supereffective|p2a: Aerodactyl|1\n|-supereffective|p2b: Venusaur|1\n|-damage|p2a: Aerodactyl|76/100\n|-damage|p2b: Venusaur|79/100\n|-unboost|p2a: Aerodactyl|spe|1\n|-unboost|p2b: Venusaur|spe|1\n|-enditem|p2a: Aerodactyl|White Herb\n|-clearnegativeboost|p2a: Aerodactyl|[silent]\n|move|p1b: Stunfisk|Thunder|p2a: Aerodactyl\n|-supereffective|p2a: Aerodactyl|1\n|-damage|p2a: Aerodactyl|0 fnt\n|faint|p2a: Aerodactyl\n|\n|-weather|RainDance|[upkeep]\n|-heal|p2b: Venusaur|85/100|[from] item: Leftovers\n|-heal|p1b: Stunfisk|79/100|[from] item: Leftovers\n|upkeep\n|inactive|Remy&Henny has 30 seconds left.\n|\n|t:|1776199530\n|switch|p2a: Starmie|Starmie, L50|100/100\n|turn|3\n|inactive|Remy&Henny has 30 seconds left.\n|\n|t:|1776199556\n|detailschange|p2a: Starmie|Starmie-Mega, L50\n|-mega|p2a: Starmie|Starmie|Starminite\n|move|p2a: Starmie|Liquidation|p1b: Stunfisk\n|-supereffective|p1b: Stunfisk|1\n|-damage|p1b: Stunfisk|0 fnt\n|faint|p1b: Stunfisk\n|move|p2b: Venusaur|Sleep Powder|p1a: Politoed\n|-status|p1a: Politoed|slp|[from] move: Sleep Powder\n|cant|p1a: Politoed|slp\n|\n|-weather|RainDance|[upkeep]\n|-heal|p2b: Venusaur|90/100|[from] item: Leftovers\n|upkeep\n|\n|t:|1776199568\n|switch|p1b: Basculegion|Basculegion, L50, M|100/100\n|turn|4\n|\n|t:|1776199583\n|move|p2a: Starmie|Minimize|p2a: Starmie\n|-boost|p2a: Starmie|evasion|2\n|move|p1b: Basculegion|Last Respects|p2a: Starmie\n|-supereffective|p2a: Starmie|1\n|-damage|p2a: Starmie|0 fnt\n|faint|p2a: Starmie\n|move|p2b: Venusaur|Giga Drain|p1b: Basculegion\n|-supereffective|p1b: Basculegion|1\n|-damage|p1b: Basculegion|24/100\n|-heal|p2b: Venusaur|100/100|[from] drain|[of] p1b: Basculegion\n|cant|p1a: Politoed|slp\n|\n|-weather|RainDance|[upkeep]\n|-sideend|p2: Remy&Henny|move: Tailwind\n|upkeep\n|\n|t:|1776199592\n|switch|p2a: Talonflame|Talonflame, L50, F|1/100\n|turn|5\n|\n|t:|1776199614\n|move|p1b: Basculegion|Psychic Fangs|p2b: Venusaur\n|-supereffective|p2b: Venusaur|1\n|-damage|p2b: Venusaur|30/100\n|move|p2a: Talonflame|Tailwind|p2a: Talonflame\n|-sidestart|p2: Remy&Henny|move: Tailwind\n|move|p2b: Venusaur|Giga Drain|p1a: Politoed\n|-supereffective|p1a: Politoed|1\n|-damage|p1a: Politoed|22/100 slp\n|-heal|p2b: Venusaur|65/100|[from] drain|[of] p1a: Politoed\n|-curestatus|p1a: Politoed|slp|[msg]\n|move|p1a: Politoed|Icy Wind|p2a: Talonflame|[spread] p2a,p2b\n|-supereffective|p2b: Venusaur|1\n|-damage|p2a: Talonflame|0 fnt\n|-damage|p2b: Venusaur|42/100\n|-unboost|p2b: Venusaur|spe|1\n|faint|p2a: Talonflame\n|\n|-weather|none\n|-heal|p2b: Venusaur|48/100|[from] item: Leftovers\n|upkeep\n|turn|6\n|inactive|Remy&Henny has 30 seconds left.\n|\n|t:|1776199640\n|move|p2b: Venusaur|Giga Drain|p1b: Basculegion\n|-supereffective|p1b: Basculegion|1\n|-damage|p1b: Basculegion|0 fnt\n|-heal|p2b: Venusaur|62/100|[from] drain|[of] p1b: Basculegion\n|faint|p1b: Basculegion\n|move|p1a: Politoed|Icy Wind|p2b: Venusaur\n|-supereffective|p2b: Venusaur|1\n|-damage|p2b: Venusaur|36/100\n|-unboost|p2b: Venusaur|spe|1\n|\n|-heal|p2b: Venusaur|41/100|[from] item: Leftovers\n|upkeep\n|\n|t:|1776199650\n|switch|p1b: Scizor|Scizor, L50, F, shiny|100/100\n|turn|7\n|\n|t:|1776199656\n|detailschange|p1b: Scizor|Scizor-Mega, L50, F, shiny\n|-mega|p1b: Scizor|Scizor|Scizorite\n|move|p2b: Venusaur|Sleep Powder|p1b: Scizor|[miss]\n|-miss|p2b: Venusaur|p1b: Scizor\n|move|p1b: Scizor|Dual Wingbeat|p2b: Venusaur\n|-supereffective|p2b: Venusaur|1\n|-damage|p2b: Venusaur|0 fnt\n|faint|p2b: Venusaur\n|-hitcount|p2: Venusaur|1\n|\n|win|Prohxy\n|raw|Prohxy's rating: 1047 &rarr; <strong>1087</strong><br />(+40 for winning)\n|raw|Remy&amp;Henny's rating: 1117 &rarr; <strong>1087</strong><br />(-30 for losing)\n|l|\u2606Remy&Henny\n|player|p2|\n",
  "uploadtime": 1776199670,
  "views": 14,
  "formatid": "gen9championsvgc2026regma",
  "rating": 1087,
  "private": 0,
  "password": null
}