{
  "id": "gen9championsvgc2026regma-2588277657",
  "format": "[Gen 9 Champions] VGC 2026 Reg M-A",
  "players": [
    "Jackbenimble",
    "Kojiiii"
  ],
  "log": "|j|\u2606Jackbenimble\n|j|\u2606Kojiiii\n|t:|1776620356\n|gametype|doubles\n|player|p1|Jackbenimble|266|1107\n|player|p2|Kojiiii|2|1203\n|gen|9\n|tier|[Gen 9 Champions] VGC 2026 Reg M-A\n|rated|\n|rule|Species Clause: Limit one of each Pok\u00e9mon\n|rule|Item Clause: Limit 1 of each item\n|clearpoke\n|poke|p1|Arcanine, L50, M, shiny|\n|poke|p1|Gyarados, L50, F|\n|poke|p1|Garchomp, L50, M|\n|poke|p1|Lopunny, L50, F, shiny|\n|poke|p1|Alakazam, L50, F|\n|poke|p1|Mimikyu, L50, M|\n|poke|p2|Pelipper, L50, F|\n|poke|p2|Basculegion, L50, M|\n|poke|p2|Sinistcha, L50|\n|poke|p2|Kangaskhan, L50, F|\n|poke|p2|Sneasler, L50, F|\n|poke|p2|Aegislash, L50, F|\n|teampreview|4\n|inactive|Battle timer is ON: inactive players will automatically lose when time's up. (requested by Jackbenimble)\n|\n|t:|1776620391\n|teamsize|p1|4\n|teamsize|p2|4\n|start\n|switch|p1a: Alakazam|Alakazam, L50, F|100/100\n|switch|p1b: Lopunny|Lopunny, L50, F, shiny|100/100\n|switch|p2a: Pelipper|Pelipper, L50, F|100/100\n|switch|p2b: Basculegion|Basculegion, L50, M|100/100\n|-weather|RainDance|[from] ability: Drizzle|[of] p2a: Pelipper\n|turn|1\n|\n|t:|1776620407\n|detailschange|p1b: Lopunny|Lopunny-Mega, L50, F, shiny\n|-mega|p1b: Lopunny|Lopunny|Lopunnite\n|move|p1b: Lopunny|Fake Out|p2b: Basculegion\n|-damage|p2b: Basculegion|71/100\n|cant|p2b: Basculegion|flinch\n|move|p1a: Alakazam|Energy Ball|p2b: Basculegion\n|-supereffective|p2b: Basculegion|1\n|-damage|p2b: Basculegion|0 fnt\n|faint|p2b: Basculegion\n|move|p2a: Pelipper|Weather Ball|p1a: Alakazam\n|-damage|p1a: Alakazam|6/100\n|\n|-weather|RainDance|[upkeep]\n|upkeep\n|\n|t:|1776620429\n|switch|p2b: Kangaskhan|Kangaskhan, L50, F|100/100\n|turn|2\n|\n|t:|1776620443\n|switch|p1b: Gyarados|Gyarados, L50, F|100/100\n|-ability|p1b: Gyarados|Intimidate|boost\n|-unboost|p2a: Pelipper|atk|1\n|-fail|p2b: Kangaskhan|unboost|Attack|[from] ability: Inner Focus|[of] p2b: Kangaskhan\n|switch|p2a: Sinistcha|Sinistcha, L50|100/100\n|detailschange|p2b: Kangaskhan|Kangaskhan-Mega, L50, F\n|-mega|p2b: Kangaskhan|Kangaskhan|Kangaskhanite\n|move|p2b: Kangaskhan|Fake Out|p1b: Gyarados\n|-damage|p1b: Gyarados|74/100\n|-damage|p1b: Gyarados|68/100\n|-hitcount|p1b: Gyarados|2\n|move|p1a: Alakazam|Focus Blast|p2b: Kangaskhan\n|-supereffective|p2b: Kangaskhan|1\n|-damage|p2b: Kangaskhan|30/100\n|-unboost|p2b: Kangaskhan|spd|1\n|\n|-weather|RainDance|[upkeep]\n|-heal|p1b: Gyarados|74/100|[from] item: Leftovers\n|upkeep\n|turn|3\n|inactive|Jackbenimble has 30 seconds left.\n|inactive|Kojiiii has 30 seconds left.\n|\n|t:|1776620479\n|move|p2b: Kangaskhan|Sucker Punch|p1a: Alakazam\n|-supereffective|p1a: Alakazam|1\n|-damage|p1a: Alakazam|0 fnt\n|faint|p1a: Alakazam\n|-hitcount|p1: Alakazam|1\n|move|p1b: Gyarados|Bounce||[still]\n|-prepare|p1b: Gyarados|Bounce\n|move|p2a: Sinistcha|Life Dew||[still]|[spread] p2a,p2b\n|-fail|p2a: Sinistcha|heal\n|-heal|p2b: Kangaskhan|55/100\n|\n|-weather|RainDance|[upkeep]\n|-heal|p1b: Gyarados|80/100|[from] item: Leftovers\n|upkeep\n|\n|t:|1776620497\n|switch|p1a: Lopunny|Lopunny-Mega, L50, F, shiny|100/100\n|turn|4\n|\n|t:|1776620520\n|switch|p2b: Pelipper|Pelipper, L50, F|100/100\n|move|p1a: Lopunny|Fake Out|p2b: Pelipper\n|-damage|p2b: Pelipper|73/100\n|move|p1b: Gyarados|Bounce|p2a: Sinistcha|[from] lockedmove\n|-supereffective|p2a: Sinistcha|1\n|-damage|p2a: Sinistcha|20/100\n|-status|p2a: Sinistcha|par\n|-enditem|p2a: Sinistcha|Sitrus Berry|[eat]\n|-heal|p2a: Sinistcha|44/100 par|[from] item: Sitrus Berry\n|move|p2a: Sinistcha|Matcha Gotcha|p1b: Gyarados|[spread] p1a,p1b\n|-damage|p1a: Lopunny|70/100\n|-heal|p2a: Sinistcha|57/100 par|[from] drain|[of] p1a: Lopunny\n|-damage|p1b: Gyarados|55/100\n|-heal|p2a: Sinistcha|68/100 par|[from] drain|[of] p1b: Gyarados\n|\n|-weather|RainDance|[upkeep]\n|-heal|p1b: Gyarados|61/100|[from] item: Leftovers\n|upkeep\n|turn|5\n|inactive|Kojiiii has 30 seconds left.\n|\n|t:|1776620547\n|switch|p1a: Arcanine|Arcanine, L50, M, shiny|100/100\n|-ability|p1a: Arcanine|Intimidate|boost\n|-unboost|p2a: Sinistcha|atk|1\n|-unboost|p2b: Pelipper|atk|1\n|move|p2a: Sinistcha|Rage Powder|p2a: Sinistcha\n|-singleturn|p2a: Sinistcha|move: Rage Powder\n|move|p1b: Gyarados|Stone Edge|p2a: Sinistcha\n|-damage|p2a: Sinistcha|38/100 par\n|move|p2b: Pelipper|Weather Ball|p1a: Arcanine\n|-supereffective|p1a: Arcanine|1\n|-damage|p1a: Arcanine|0 fnt\n|faint|p1a: Arcanine\n|\n|-weather|none\n|-heal|p1b: Gyarados|67/100|[from] item: Leftovers\n|upkeep\n|\n|t:|1776620559\n|switch|p1a: Lopunny|Lopunny-Mega, L50, F, shiny|70/100\n|turn|6\n|inactive|Jackbenimble has 30 seconds left.\n|\n|t:|1776620585\n|move|p2b: Pelipper|Protect|p2b: Pelipper\n|-singleturn|p2b: Pelipper|Protect\n|move|p2a: Sinistcha|Protect|p2a: Sinistcha\n|-singleturn|p2a: Sinistcha|Protect\n|move|p1a: Lopunny|Fake Out|p2b: Pelipper\n|-activate|p2b: Pelipper|move: Protect\n|move|p1b: Gyarados|Bounce||[still]\n|-prepare|p1b: Gyarados|Bounce\n|\n|-heal|p1b: Gyarados|73/100|[from] item: Leftovers\n|upkeep\n|turn|7\n|\n|t:|1776620600\n|move|p2a: Sinistcha|Rage Powder|p2a: Sinistcha\n|-singleturn|p2a: Sinistcha|move: Rage Powder\n|move|p1a: Lopunny|Triple Axel|p2a: Sinistcha|[miss]\n|-miss|p1a: Lopunny|p2a: Sinistcha\n|move|p1b: Gyarados|Bounce|p2a: Sinistcha|[from] lockedmove\n|-supereffective|p2a: Sinistcha|1\n|-damage|p2a: Sinistcha|0 fnt\n|faint|p2a: Sinistcha\n|move|p2b: Pelipper|Hurricane|p1a: Lopunny\n|-supereffective|p1a: Lopunny|1\n|-damage|p1a: Lopunny|0 fnt\n|faint|p1a: Lopunny\n|\n|-heal|p1b: Gyarados|79/100|[from] item: Leftovers\n|upkeep\n|\n|t:|1776620615\n|switch|p2a: Kangaskhan|Kangaskhan-Mega, L50, F|55/100\n|turn|8\n|\n|t:|1776620622\n|move|p1b: Gyarados|Protect|p1b: Gyarados\n|-singleturn|p1b: Gyarados|Protect\n|move|p2a: Kangaskhan|Fake Out|p1b: Gyarados\n|-activate|p1b: Gyarados|move: Protect\n|move|p2b: Pelipper|Hurricane|p1b: Gyarados\n|-activate|p1b: Gyarados|move: Protect\n|\n|-heal|p1b: Gyarados|85/100|[from] item: Leftovers\n|upkeep\n|turn|9\n|\n|t:|1776620642\n|move|p2a: Kangaskhan|Sucker Punch|p1b: Gyarados\n|-damage|p1b: Gyarados|51/100\n|-damage|p1b: Gyarados|44/100\n|-hitcount|p1b: Gyarados|2\n|move|p1b: Gyarados|Bounce||[still]\n|-prepare|p1b: Gyarados|Bounce\n|move|p2b: Pelipper|Hurricane|p1b: Gyarados\n|-damage|p1b: Gyarados|0 fnt\n|faint|p1b: Gyarados\n|\n|win|Kojiiii\n|raw|Jackbenimble's rating: 1107 &rarr; <strong>1089</strong><br />(-18 for losing)\n|raw|Kojiiii's rating: 1203 &rarr; <strong>1221</strong><br />(+18 for winning)\n|l|\u2606Jackbenimble\n|player|p1|\n",
  "uploadtime": 1776620657,
  "views": 15,
  "formatid": "gen9championsvgc2026regma",
  "rating": 1089,
  "private": 0,
  "password": null
}