{
  "id": "gen9championsvgc2026regma-2585949318",
  "format": "[Gen 9 Champions] VGC 2026 Reg M-A",
  "players": [
    "Future Alice haver",
    "minh 2m5"
  ],
  "log": "|j|\u2606Future Alice haver\n|j|\u2606minh 2m5\n|t:|1776384250\n|gametype|doubles\n|player|p1|Future Alice haver|kimonogirl|1166\n|player|p2|minh 2m5|102|1265\n|gen|9\n|tier|[Gen 9 Champions] VGC 2026 Reg M-A\n|rated|\n|rule|Species Clause: Limit one of each Pok\u00e9mon\n|rule|Item Clause: Limit 1 of each item\n|clearpoke\n|poke|p1|Charizard, L50, M|\n|poke|p1|Venusaur, L50, M|\n|poke|p1|Orthworm, L50, M|\n|poke|p1|Garchomp, L50, M|\n|poke|p1|Milotic, L50, F|\n|poke|p1|Whimsicott, L50, F|\n|poke|p2|Maushold-Four, L50|\n|poke|p2|Floette-Eternal, L50, F|\n|poke|p2|Garchomp, L50, M|\n|poke|p2|Talonflame, L50, M|\n|poke|p2|Rotom-Wash, L50|\n|poke|p2|Aegislash, L50, F|\n|teampreview|4\n|inactive|Battle timer is ON: inactive players will automatically lose when time's up. (requested by Future Alice haver)\n|\n|t:|1776384280\n|teamsize|p1|4\n|teamsize|p2|4\n|start\n|switch|p1a: Garchomp|Garchomp, L50, M|100/100\n|switch|p1b: Whimsicott|Whimsicott, L50, F|100/100\n|switch|p2a: Floette|Floette-Eternal, L50, F, shiny|100/100\n|switch|p2b: Maushold|Maushold-Four, L50, shiny|100/100\n|turn|1\n|\n|t:|1776384301\n|switch|p1a: Charizard|Charizard, L50, M|100/100\n|detailschange|p2a: Floette|Floette-Mega, L50, F, shiny\n|-mega|p2a: Floette|Floette|Floettite\n|-ability|p2a: Floette|Fairy Aura\n|move|p1b: Whimsicott|Tailwind|p1b: Whimsicott\n|-sidestart|p1: Future Alice haver|move: Tailwind\n|move|p2b: Maushold|Taunt|p1b: Whimsicott\n|-start|p1b: Whimsicott|move: Taunt\n|move|p2a: Floette|Calm Mind|p2a: Floette\n|-boost|p2a: Floette|spa|1\n|-boost|p2a: Floette|spd|1\n|\n|upkeep\n|turn|2\n|\n|t:|1776384322\n|detailschange|p1a: Charizard|Charizard-Mega-Y, L50, M\n|-mega|p1a: Charizard|Charizard|Charizardite Y\n|-weather|SunnyDay|[from] ability: Drought|[of] p1a: Charizard\n|move|p2b: Maushold|Follow Me|p2b: Maushold\n|-singleturn|p2b: Maushold|move: Follow Me\n|move|p1b: Whimsicott|Moonblast|p2b: Maushold\n|-damage|p2b: Maushold|60/100\n|move|p1a: Charizard|Heat Wave|p2a: Floette|[spread] p2a,p2b\n|-damage|p2a: Floette|80/100\n|-damage|p2b: Maushold|0 fnt\n|faint|p2b: Maushold\n|move|p2a: Floette|Dazzling Gleam|p1a: Charizard|[spread] p1a,p1b\n|-resisted|p1a: Charizard|1\n|-damage|p1a: Charizard|70/100\n|-damage|p1b: Whimsicott|3/100\n|\n|-weather|SunnyDay|[upkeep]\n|upkeep\n|\n|t:|1776384326\n|switch|p2b: Rotom|Rotom-Wash, L50, shiny|100/100\n|turn|3\n|inactive|Future Alice haver has 30 seconds left.\n|\n|t:|1776384352\n|move|p1a: Charizard|Protect|p1a: Charizard\n|-singleturn|p1a: Charizard|Protect\n|move|p1b: Whimsicott|Moonblast|p2b: Rotom\n|-damage|p2b: Rotom|64/100\n|move|p2a: Floette|Dazzling Gleam|p1a: Charizard|[spread] p1b\n|-activate|p1a: Charizard|move: Protect\n|-damage|p1b: Whimsicott|0 fnt\n|faint|p1b: Whimsicott\n|move|p2b: Rotom|Volt Switch|p1a: Charizard\n|-activate|p1a: Charizard|move: Protect\n|\n|-weather|SunnyDay|[upkeep]\n|upkeep\n|\n|t:|1776384363\n|switch|p1b: Garchomp|Garchomp, L50, M|100/100\n|turn|4\n|\n|t:|1776384382\n|move|p1b: Garchomp|Earthquake|p2a: Floette|[spread] p2a\n|-immune|p1a: Charizard\n|-immune|p2b: Rotom|[from] ability: Levitate\n|-damage|p2a: Floette|27/100\n|move|p1a: Charizard|Solar Beam||[still]\n|-prepare|p1a: Charizard|Solar Beam\n|-anim|p1a: Charizard|Solar Beam|p2b: Rotom\n|-supereffective|p2b: Rotom|1\n|-damage|p2b: Rotom|0 fnt\n|faint|p2b: Rotom\n|move|p2a: Floette|Dazzling Gleam|p1a: Charizard|[spread] p1a,p1b\n|-resisted|p1a: Charizard|1\n|-supereffective|p1b: Garchomp|1\n|-damage|p1a: Charizard|39/100\n|-damage|p1b: Garchomp|0 fnt\n|faint|p1b: Garchomp\n|\n|-weather|SunnyDay|[upkeep]\n|-sideend|p1: Future Alice haver|move: Tailwind\n|upkeep\n|\n|t:|1776384389\n|switch|p1b: Milotic|Milotic, L50, F|100/100\n|switch|p2b: Aegislash|Aegislash, L50, F, shiny|100/100\n|turn|5\n|\n|t:|1776384407\n|move|p2a: Floette|Protect|p2a: Floette\n|-singleturn|p2a: Floette|Protect\n|move|p2b: Aegislash|King's Shield|p2b: Aegislash\n|-singleturn|p2b: Aegislash|Protect\n|move|p1a: Charizard|Heat Wave|p2b: Aegislash|[spread] \n|-activate|p2a: Floette|move: Protect\n|-activate|p2b: Aegislash|move: Protect\n|move|p1b: Milotic|Ice Beam|p2a: Floette\n|-activate|p2a: Floette|move: Protect\n|\n|-weather|SunnyDay|[upkeep]\n|upkeep\n|turn|6\n|inactive|minh 2m5 has 30 seconds left.\n|\n|t:|1776384438\n|move|p2a: Floette|Moonblast|p1a: Charizard\n|-resisted|p1a: Charizard|1\n|-damage|p1a: Charizard|0 fnt\n|faint|p1a: Charizard\n|move|p1b: Milotic|Ice Beam|p2a: Floette\n|-damage|p2a: Floette|14/100\n|-formechange|p2b: Aegislash|Aegislash-Blade|\n|move|p2b: Aegislash|Poltergeist|p1b: Milotic\n|-activate|p1b: Milotic|move: Poltergeist|Wacan Berry\n|-damage|p1b: Milotic|31/100\n|\n|-weather|none\n|upkeep\n|turn|7\n|\n|t:|1776384450\n|move|p2a: Floette|Moonblast|p1b: Milotic\n|-damage|p1b: Milotic|0 fnt\n|faint|p1b: Milotic\n|\n|win|minh 2m5\n|raw|Future Alice haver's rating: 1166 &rarr; <strong>1148</strong><br />(-18 for losing)\n|raw|minh 2m5's rating: 1265 &rarr; <strong>1283</strong><br />(+18 for winning)\n",
  "uploadtime": 1776384457,
  "views": 25,
  "formatid": "gen9championsvgc2026regma",
  "rating": 1148,
  "private": 0,
  "password": null
}