{
  "id": "gen9championsvgc2026regma-2587311676",
  "format": "[Gen 9 Champions] VGC 2026 Reg M-A",
  "players": [
    "hide on whimscott",
    "Icarus#UPAD"
  ],
  "log": "|j|\u2606hide on whimscott\n|j|\u2606Icarus#UPAD\n|t:|1776520891\n|gametype|doubles\n|player|p1|hide on whimscott|artist-gen4|1403\n|player|p2|Icarus#UPAD|266|1439\n|gen|9\n|tier|[Gen 9 Champions] VGC 2026 Reg M-A\n|rated|\n|rule|Species Clause: Limit one of each Pok\u00e9mon\n|rule|Item Clause: Limit 1 of each item\n|clearpoke\n|poke|p1|Venusaur, L50, F|\n|poke|p1|Sneasler, L50, F|\n|poke|p1|Kingambit, L50, M|\n|poke|p1|Incineroar, L50, M|\n|poke|p1|Basculegion, L50, M|\n|poke|p1|Dragonite, L50, M|\n|poke|p2|Gengar, L50, M|\n|poke|p2|Incineroar, L50, F|\n|poke|p2|Sinistcha, L50|\n|poke|p2|Kingambit, L50, M|\n|poke|p2|Primarina, L50, F|\n|poke|p2|Tyranitar, L50, M|\n|teampreview|4\n|inactive|Battle timer is ON: inactive players will automatically lose when time's up. (requested by Icarus#UPAD)\n|inactive|hide on whimscott has 60 seconds left.\n|\n|t:|1776520942\n|teamsize|p1|4\n|teamsize|p2|4\n|start\n|switch|p1a: Basculegion|Basculegion, L50, M|100/100\n|switch|p1b: Kingambit|Kingambit, L50, M|100/100\n|switch|p2a: Gengar|Gengar, L50, M|100/100\n|switch|p2b: Incineroar|Incineroar, L50, F|100/100\n|-ability|p2b: Incineroar|Intimidate|boost\n|-unboost|p1a: Basculegion|atk|1\n|-unboost|p1b: Kingambit|atk|1\n|-ability|p1b: Kingambit|Defiant|boost\n|-boost|p1b: Kingambit|atk|2\n|turn|1\n|\n|t:|1776520964\n|switch|p2b: Sinistcha|Sinistcha, L50|100/100\n|detailschange|p2a: Gengar|Gengar-Mega, L50, M\n|-mega|p2a: Gengar|Gengar|Gengarite\n|move|p2a: Gengar|Protect|p2a: Gengar\n|-singleturn|p2a: Gengar|Protect\n|move|p1a: Basculegion|Flip Turn|p2b: Sinistcha\n|-resisted|p2b: Sinistcha|1\n|-damage|p2b: Sinistcha|89/100\n|\n|t:|1776520974\n|switch|p1a: Incineroar|Incineroar, L50, M|100/100|[from] Flip Turn\n|-ability|p1a: Incineroar|Intimidate|boost\n|-unboost|p2a: Gengar|atk|1\n|-unboost|p2b: Sinistcha|atk|1\n|move|p1b: Kingambit|Kowtow Cleave|p2a: Gengar\n|-activate|p2a: Gengar|move: Protect\n|\n|upkeep\n|turn|2\n|\n|t:|1776520986\n|move|p2b: Sinistcha|Rage Powder|p2b: Sinistcha\n|-singleturn|p2b: Sinistcha|move: Rage Powder\n|move|p2a: Gengar|Perish Song|p2a: Gengar\n|-start|p1a: Incineroar|perish3|[silent]\n|-start|p1b: Kingambit|perish3|[silent]\n|-start|p2a: Gengar|perish3|[silent]\n|-start|p2b: Sinistcha|perish3|[silent]\n|-fieldactivate|move: Perish Song\n|move|p1a: Incineroar|Parting Shot|p2b: Sinistcha\n|-unboost|p2b: Sinistcha|atk|1\n|-unboost|p2b: Sinistcha|spa|1\n|\n|t:|1776520993\n|switch|p1a: Basculegion|Basculegion, L50, M|100/100|[from] Parting Shot\n|move|p1b: Kingambit|Kowtow Cleave|p2b: Sinistcha\n|-supereffective|p2b: Sinistcha|1\n|-damage|p2b: Sinistcha|0 fnt\n|faint|p2b: Sinistcha\n|\n|-start|p2a: Gengar|perish3\n|-start|p1b: Kingambit|perish3\n|upkeep\n|\n|t:|1776520996\n|switch|p2b: Kingambit|Kingambit, L50, M|100/100\n|turn|3\n|inactive|Icarus#UPAD has 30 seconds left.\n|inactive|Icarus#UPAD has 20 seconds left.\n|\n|t:|1776521045\n|move|p1a: Basculegion|Aqua Jet|p2b: Kingambit\n|-damage|p2b: Kingambit|80/100\n|move|p2a: Gengar|Shadow Ball|p1b: Kingambit\n|-resisted|p1b: Kingambit|1\n|-damage|p1b: Kingambit|77/100\n|move|p2b: Kingambit|Low Kick|p1b: Kingambit\n|-supereffective|p1b: Kingambit|2\n|-enditem|p1b: Kingambit|Chople Berry|[eat]\n|-enditem|p1b: Kingambit|Chople Berry|[weaken]\n|-damage|p1b: Kingambit|18/100\n|move|p1b: Kingambit|Kowtow Cleave|p2b: Kingambit\n|-resisted|p2b: Kingambit|1\n|-damage|p2b: Kingambit|50/100\n|\n|-start|p2a: Gengar|perish2\n|-start|p1b: Kingambit|perish2\n|upkeep\n|turn|4\n|\n|t:|1776521061\n|move|p1a: Basculegion|Aqua Jet|p2b: Kingambit\n|-damage|p2b: Kingambit|26/100\n|move|p1b: Kingambit|Sucker Punch|p2a: Gengar\n|-supereffective|p2a: Gengar|1\n|-damage|p2a: Gengar|0 fnt\n|faint|p2a: Gengar\n|move|p2b: Kingambit|Kowtow Cleave|p1a: Basculegion\n|-supereffective|p1a: Basculegion|1\n|-damage|p1a: Basculegion|0 fnt\n|faint|p1a: Basculegion\n|\n|-start|p1b: Kingambit|perish1\n|upkeep\n|\n|t:|1776521067\n|switch|p2a: Incineroar|Incineroar, L50, F|100/100\n|switch|p1a: Sneasler|Sneasler, L50, F|100/100\n|-ability|p2a: Incineroar|Intimidate|boost\n|-unboost|p1a: Sneasler|atk|1\n|-unboost|p1b: Kingambit|atk|1\n|-ability|p1b: Kingambit|Defiant|boost\n|-boost|p1b: Kingambit|atk|2\n|turn|5\n|inactive|hide on whimscott has 30 seconds left.\n|inactive|hide on whimscott has 20 seconds left.\n|inactive|hide on whimscott has 15 seconds left.\n|\n|t:|1776521116\n|switch|p1a: Incineroar|Incineroar, L50, M|100/100\n|-ability|p1a: Incineroar|Intimidate|boost\n|-unboost|p2a: Incineroar|atk|1\n|-unboost|p2b: Kingambit|atk|1\n|-ability|p2b: Kingambit|Defiant|boost\n|-boost|p2b: Kingambit|atk|2\n|move|p2a: Incineroar|Fake Out|p1a: Incineroar\n|-damage|p1a: Incineroar|92/100\n|move|p1b: Kingambit|Sucker Punch|p2b: Kingambit\n|-resisted|p2b: Kingambit|1\n|-damage|p2b: Kingambit|0 fnt\n|faint|p2b: Kingambit\n|\n|-start|p1b: Kingambit|perish0\n|upkeep\n|faint|p1b: Kingambit\n|\n|t:|1776521121\n|switch|p1b: Sneasler|Sneasler, L50, F|100/100\n|turn|6\n|-message|Icarus#UPAD forfeited.\n|\n|win|hide on whimscott\n|raw|hide on whimscott's rating: 1403 &rarr; <strong>1425</strong><br />(+22 for winning)\n|raw|Icarus#UPAD's rating: 1439 &rarr; <strong>1417</strong><br />(-22 for losing)\n",
  "uploadtime": 1776521128,
  "views": 40,
  "formatid": "gen9championsvgc2026regma",
  "rating": 1417,
  "private": 0,
  "password": null
}