{
  "id": "gen9championsvgc2026regma-2582278603",
  "format": "[Gen 9 Champions] VGC 2026 Reg M-A",
  "players": [
    "qingyunyunyun",
    "Crene"
  ],
  "log": "|j|\u2606qingyunyunyun\n|j|\u2606Crene\n|t:|1776079131\n|gametype|doubles\n|player|p1|qingyunyunyun|2|1158\n|player|p2|Crene|erika|1077\n|gen|9\n|tier|[Gen 9 Champions] VGC 2026 Reg M-A\n|rated|\n|rule|Species Clause: Limit one of each Pok\u00e9mon\n|rule|Item Clause: Limit 1 of each item\n|clearpoke\n|poke|p1|Aerodactyl, L50, M|\n|poke|p1|Floette-Eternal, L50, F|\n|poke|p1|Sinistcha-Masterpiece, L50|\n|poke|p1|Maushold-Four, L50|\n|poke|p1|Basculegion, L50, M|\n|poke|p1|Sneasler, L50, M|\n|poke|p2|Corviknight, L50, F|\n|poke|p2|Froslass, L50, F|\n|poke|p2|Clefable, L50, F|\n|poke|p2|Primarina, L50, F|\n|poke|p2|Maushold-Four, L50|\n|poke|p2|Tyranitar, L50, F|\n|teampreview|4\n|inactive|Battle timer is ON: inactive players will automatically lose when time's up. (requested by qingyunyunyun)\n|inactive|Crene also wants the timer to be on.\n|inactive|qingyunyunyun has 60 seconds left.\n|inactive|Crene has 60 seconds left.\n|\n|t:|1776079174\n|teamsize|p1|4\n|teamsize|p2|4\n|start\n|switch|p1a: Floette|Floette-Eternal, L50, F|100/100\n|switch|p1b: Maushold|Maushold-Four, L50|100/100\n|switch|p2a: Corviknight|Corviknight, L50, F|100/100\n|switch|p2b: Maushold|Maushold-Four, L50|100/100\n|turn|1\n|\n|t:|1776079186\n|detailschange|p1a: Floette|Floette-Mega, L50, F\n|-mega|p1a: Floette|Floette|Floettite\n|-ability|p1a: Floette|Fairy Aura\n|move|p2b: Maushold|Follow Me|p2b: Maushold\n|-singleturn|p2b: Maushold|move: Follow Me\n|move|p1b: Maushold|Follow Me|p1b: Maushold\n|-singleturn|p1b: Maushold|move: Follow Me\n|move|p2a: Corviknight|Iron Defense|p2a: Corviknight\n|-boost|p2a: Corviknight|def|2\n|move|p1a: Floette|Calm Mind|p1a: Floette\n|-boost|p1a: Floette|spa|1\n|-boost|p1a: Floette|spd|1\n|\n|upkeep\n|turn|2\n|\n|t:|1776079201\n|move|p2b: Maushold|Super Fang|p1a: Floette|[miss]\n|-miss|p2b: Maushold|p1a: Floette\n|move|p1b: Maushold|Super Fang|p2a: Corviknight|[miss]\n|-miss|p1b: Maushold|p2a: Corviknight\n|move|p2a: Corviknight|Tailwind|p2a: Corviknight\n|-sidestart|p2: Crene|move: Tailwind\n|move|p1a: Floette|Dazzling Gleam|p2a: Corviknight|[spread] p2a,p2b\n|-resisted|p2a: Corviknight|1\n|-damage|p2a: Corviknight|74/100\n|-damage|p2b: Maushold|17/100\n|\n|-heal|p2a: Corviknight|80/100|[from] item: Leftovers\n|upkeep\n|turn|3\n|\n|t:|1776079214\n|move|p1a: Floette|Protect|p1a: Floette\n|-singleturn|p1a: Floette|Protect\n|move|p2b: Maushold|Population Bomb|p1a: Floette\n|-activate|p1a: Floette|move: Protect\n|move|p2a: Corviknight|Iron Defense|p2a: Corviknight\n|-boost|p2a: Corviknight|def|2\n|move|p1b: Maushold|Super Fang|p2a: Corviknight|[miss]\n|-miss|p1b: Maushold|p2a: Corviknight\n|\n|-heal|p2a: Corviknight|86/100|[from] item: Leftovers\n|upkeep\n|turn|4\n|inactive|qingyunyunyun has 30 seconds left.\n|\n|t:|1776079241\n|move|p1b: Maushold|Follow Me|p1b: Maushold\n|-singleturn|p1b: Maushold|move: Follow Me\n|move|p2b: Maushold|Population Bomb|p1b: Maushold\n|-damage|p1b: Maushold|95/100\n|-damage|p1b: Maushold|90/100\n|-damage|p1b: Maushold|84/100\n|-damage|p1b: Maushold|79/100\n|-damage|p1b: Maushold|73/100\n|-damage|p1b: Maushold|68/100\n|-damage|p1b: Maushold|63/100\n|-damage|p1b: Maushold|57/100\n|-hitcount|p1b: Maushold|8\n|move|p2a: Corviknight|Body Press|p1b: Maushold\n|-supereffective|p1b: Maushold|1\n|-enditem|p1b: Maushold|Chople Berry|[eat]\n|-enditem|p1b: Maushold|Chople Berry|[weaken]\n|-damage|p1b: Maushold|2/100\n|move|p1a: Floette|Calm Mind|p1a: Floette\n|-boost|p1a: Floette|spa|1\n|-boost|p1a: Floette|spd|1\n|\n|-heal|p2a: Corviknight|92/100|[from] item: Leftovers\n|upkeep\n|turn|5\n|\n|t:|1776079262\n|move|p1b: Maushold|Follow Me|p1b: Maushold\n|-singleturn|p1b: Maushold|move: Follow Me\n|move|p2b: Maushold|Population Bomb|p1b: Maushold\n|-crit|p1b: Maushold\n|-damage|p1b: Maushold|0 fnt\n|faint|p1b: Maushold\n|-hitcount|p1: Maushold|1\n|move|p2a: Corviknight|Body Press|p1a: Floette\n|-resisted|p1a: Floette|1\n|-damage|p1a: Floette|69/100\n|move|p1a: Floette|Dazzling Gleam|p2a: Corviknight|[spread] p2a,p2b\n|-resisted|p2a: Corviknight|1\n|-damage|p2a: Corviknight|57/100\n|-damage|p2b: Maushold|0 fnt\n|faint|p2b: Maushold\n|\n|-heal|p2a: Corviknight|62/100|[from] item: Leftovers\n|-sideend|p2: Crene|move: Tailwind\n|upkeep\n|\n|t:|1776079283\n|switch|p2b: Clefable|Clefable, L50, F|100/100\n|switch|p1b: Sneasler|Sneasler, L50, M|100/100\n|turn|6\n|\n|t:|1776079301\n|move|p1b: Sneasler|Fake Out|p2a: Corviknight\n|-resisted|p2a: Corviknight|1\n|-damage|p2a: Corviknight|60/100\n|move|p1a: Floette|Dazzling Gleam|p2b: Clefable|[spread] p2a,p2b\n|-resisted|p2a: Corviknight|1\n|-damage|p2a: Corviknight|20/100\n|-damage|p2b: Clefable|23/100\n|-enditem|p2b: Clefable|Sitrus Berry|[eat]\n|-heal|p2b: Clefable|48/100|[from] item: Sitrus Berry\n|cant|p2a: Corviknight|flinch\n|move|p2b: Clefable|Moonblast|p1b: Sneasler\n|-damage|p1b: Sneasler|40/100\n|\n|-heal|p2a: Corviknight|25/100|[from] item: Leftovers\n|upkeep\n|turn|7\n|\n|t:|1776079316\n|move|p1b: Sneasler|Dire Claw|p2b: Clefable\n|-supereffective|p2b: Clefable|1\n|-damage|p2b: Clefable|0 fnt\n|faint|p2b: Clefable\n|move|p1a: Floette|Dazzling Gleam|p2a: Corviknight\n|-resisted|p2a: Corviknight|1\n|-damage|p2a: Corviknight|0 fnt\n|faint|p2a: Corviknight\n|\n|upkeep\n|\n|t:|1776079319\n|switch|p2b: Froslass|Froslass, L50, F|100/100\n|turn|8\n|\n|t:|1776079326\n|detailschange|p2b: Froslass|Froslass-Mega, L50, F\n|-mega|p2b: Froslass|Froslass|Froslassite\n|-weather|Snowscape|[from] ability: Snow Warning|[of] p2b: Froslass\n|move|p2b: Froslass|Blizzard|p1b: Sneasler|[spread] p1a,p1b\n|-damage|p1a: Floette|52/100\n|-damage|p1b: Sneasler|0 fnt\n|faint|p1b: Sneasler\n|move|p1a: Floette|Dazzling Gleam|p2b: Froslass\n|-damage|p2b: Froslass|0 fnt\n|faint|p2b: Froslass\n|\n|win|qingyunyunyun\n|raw|qingyunyunyun's rating: 1158 &rarr; <strong>1177</strong><br />(+19 for winning)\n|raw|Crene's rating: 1077 &rarr; <strong>1060</strong><br />(-17 for losing)\n",
  "uploadtime": 1776079335,
  "views": 13,
  "formatid": "gen9championsvgc2026regma",
  "rating": 1060,
  "private": 0,
  "password": null
}