{
  "id": "gen9championsvgc2026regma-2588612672",
  "format": "[Gen 9 Champions] VGC 2026 Reg M-A",
  "players": [
    "otherjacob",
    "le143"
  ],
  "log": "|j|\u2606otherjacob\n|j|\u2606le143\n|t:|1776650084\n|gametype|doubles\n|player|p1|otherjacob|102|1132\n|player|p2|le143|265|1225\n|gen|9\n|tier|[Gen 9 Champions] VGC 2026 Reg M-A\n|rated|\n|rule|Species Clause: Limit one of each Pok\u00e9mon\n|rule|Item Clause: Limit 1 of each item\n|clearpoke\n|poke|p1|Garchomp, L50, M, shiny|\n|poke|p1|Floette-Eternal, L50, F|\n|poke|p1|Talonflame, L50, F, shiny|\n|poke|p1|Aegislash, L50, M, shiny|\n|poke|p1|Milotic, L50, M, shiny|\n|poke|p1|Incineroar, L50, M, shiny|\n|poke|p2|Blastoise, L50, M|\n|poke|p2|Sneasler, L50, F|\n|poke|p2|Garchomp, L50, M|\n|poke|p2|Aerodactyl, L50, F|\n|poke|p2|Sinistcha, L50|\n|poke|p2|Sylveon, L50, M, shiny|\n|teampreview|4\notherjacob has agreed to open team sheets.\n|inactive|Battle timer is ON: inactive players will automatically lose when time's up. (requested by le143)\n|\n|t:|1776650120\n|teamsize|p1|4\n|teamsize|p2|4\n|start\n|switch|p1a: Incineroar|Incineroar, L50, M, shiny|100/100\n|switch|p1b: Floette|Floette-Eternal, L50, F|100/100\n|switch|p2a: Blastoise|Blastoise, L50, M|100/100\n|switch|p2b: Sneasler|Sneasler, L50, F|100/100\n|-ability|p1a: Incineroar|Intimidate|boost\n|-unboost|p2a: Blastoise|atk|1\n|-unboost|p2b: Sneasler|atk|1\n|turn|1\n|inactive|otherjacob has 30 seconds left.\n|\n|t:|1776650159\n|detailschange|p1b: Floette|Floette-Mega, L50, F\n|-mega|p1b: Floette|Floette|Floettite\n|-ability|p1b: Floette|Fairy Aura\n|detailschange|p2a: Blastoise|Blastoise-Mega, L50, M\n|-mega|p2a: Blastoise|Blastoise|Blastoisinite\n|move|p1b: Floette|Protect|p1b: Floette\n|-singleturn|p1b: Floette|Protect\n|move|p2b: Sneasler|Fake Out|p1a: Incineroar\n|-damage|p1a: Incineroar|93/100\n|move|p2a: Blastoise|Shell Smash|p2a: Blastoise\n|-unboost|p2a: Blastoise|def|1\n|-unboost|p2a: Blastoise|spd|1\n|-boost|p2a: Blastoise|atk|2\n|-boost|p2a: Blastoise|spa|2\n|-boost|p2a: Blastoise|spe|2\n|cant|p1a: Incineroar|flinch\n|\n|upkeep\n|turn|2\n|inactive|otherjacob has 30 seconds left.\n|\n|t:|1776650190\n|switch|p1b: Aegislash|Aegislash, L50, M, shiny|100/100\n|switch|p1a: Milotic|Milotic, L50, M, shiny|100/100\n|move|p2a: Blastoise|Water Spout|p1a: Milotic|[spread] p1a,p1b\n|-resisted|p1a: Milotic|1\n|-damage|p1a: Milotic|59/100\n|-damage|p1b: Aegislash|0 fnt\n|faint|p1b: Aegislash\n|move|p2b: Sneasler|Dire Claw|p1a: Milotic\n|-damage|p1a: Milotic|33/100\n|\n|-heal|p1a: Milotic|39/100|[from] item: Leftovers\n|upkeep\n|\n|t:|1776650209\n|switch|p1b: Incineroar|Incineroar, L50, M, shiny|93/100\n|-ability|p1b: Incineroar|Intimidate|boost\n|-unboost|p2a: Blastoise|atk|1\n|-unboost|p2b: Sneasler|atk|1\n|turn|3\n|\n|t:|1776650220\n|switch|p2b: Garchomp|Garchomp, L50, M|100/100\n|move|p1b: Incineroar|Fake Out|p2a: Blastoise\n|-damage|p2a: Blastoise|87/100\n|cant|p2a: Blastoise|flinch\n|move|p1a: Milotic|Icy Wind|p2a: Blastoise|[spread] p2a,p2b\n|-resisted|p2a: Blastoise|1\n|-supereffective|p2b: Garchomp|2\n|-damage|p2a: Blastoise|81/100\n|-damage|p2b: Garchomp|62/100\n|-unboost|p2a: Blastoise|spe|1\n|-unboost|p2b: Garchomp|spe|1\n|\n|-heal|p1a: Milotic|45/100|[from] item: Leftovers\n|upkeep\n|turn|4\n|\n|t:|1776650239\n|switch|p2b: Sinistcha|Sinistcha, L50|100/100\n|-heal|p2a: Blastoise|100/100|[from] ability: Hospitality|[of] p2b: Sinistcha\n|move|p1b: Incineroar|Helping Hand|p1a: Milotic\n|-singleturn|p1a: Milotic|Helping Hand|[of] p1b: Incineroar\n|move|p2a: Blastoise|Water Spout|p1b: Incineroar|[spread] p1a,p1b\n|-resisted|p1a: Milotic|1\n|-supereffective|p1b: Incineroar|1\n|-damage|p1a: Milotic|9/100\n|-damage|p1b: Incineroar|0 fnt\n|faint|p1b: Incineroar\n|move|p1a: Milotic|Scald|p2b: Sinistcha\n|-resisted|p2b: Sinistcha|1\n|-damage|p2b: Sinistcha|83/100\n|-status|p2b: Sinistcha|brn\n|\n|-heal|p1a: Milotic|15/100|[from] item: Leftovers\n|-damage|p2b: Sinistcha|77/100 brn|[from] brn\n|upkeep\n|\n|t:|1776650244\n|switch|p1b: Floette|Floette-Mega, L50, F|100/100\n|-ability|p1b: Floette|Fairy Aura\n|turn|5\n|inactive|le143 has 30 seconds left.\n|\n|t:|1776650269\n|move|p2b: Sinistcha|Rage Powder|p2b: Sinistcha\n|-singleturn|p2b: Sinistcha|move: Rage Powder\n|move|p2a: Blastoise|Water Spout|p1b: Floette|[spread] p1a,p1b\n|-resisted|p1a: Milotic|1\n|-damage|p1a: Milotic|0 fnt\n|-damage|p1b: Floette|0 fnt\n|faint|p1a: Milotic\n|faint|p1b: Floette\n|\n|win|le143\n|raw|otherjacob's rating: 1132 &rarr; <strong>1114</strong><br />(-18 for losing)\n|raw|le143's rating: 1225 &rarr; <strong>1243</strong><br />(+18 for winning)\n",
  "uploadtime": 1776650278,
  "views": 6,
  "formatid": "gen9championsvgc2026regma",
  "rating": 1114,
  "private": 0,
  "password": null
}