{
  "id": "gen9championsvgc2026regma-2585829565",
  "format": "[Gen 9 Champions] VGC 2026 Reg M-A",
  "players": [
    "pkmn trainer owen",
    "Bona1718"
  ],
  "log": "|j|\u2606pkmn trainer owen\n|j|\u2606Bona1718\n|t:|1776373772\n|gametype|doubles\n|player|p1|pkmn trainer owen|169|1026\n|player|p2|Bona1718|2|1000\n|gen|9\n|tier|[Gen 9 Champions] VGC 2026 Reg M-A\n|rated|\n|rule|Species Clause: Limit one of each Pok\u00e9mon\n|rule|Item Clause: Limit 1 of each item\n|clearpoke\n|poke|p1|Charizard, L50, M|\n|poke|p1|Venusaur, L50, F|\n|poke|p1|Garchomp, L50, M|\n|poke|p1|Aerodactyl, L50, M|\n|poke|p1|Excadrill, L50, M|\n|poke|p1|Tyranitar, L50, M|\n|poke|p2|Aegislash, L50, M|\n|poke|p2|Kangaskhan, L50, F|\n|poke|p2|Milotic, L50, F|\n|poke|p2|Rotom-Heat, L50|\n|poke|p2|Garchomp, L50, M|\n|poke|p2|Aerodactyl, L50, M|\n|teampreview|4\n|\n|t:|1776373871\n|teamsize|p1|4\n|teamsize|p2|4\n|start\n|switch|p1a: Charizard|Charizard, L50, M|100/100\n|switch|p1b: Venusaur|Venusaur, L50, F|100/100\n|switch|p2a: Kangaskhan|Kangaskhan, L50, F|100/100\n|switch|p2b: Milotic|Milotic, L50, F|100/100\n|turn|1\n|\n|t:|1776373912\n|move|p1a: Charizard|Protect|p1a: Charizard\n|-singleturn|p1a: Charizard|Protect\n|move|p1b: Venusaur|Protect|p1b: Venusaur\n|-singleturn|p1b: Venusaur|Protect\n|move|p2a: Kangaskhan|Fake Out|p1b: Venusaur\n|-activate|p1b: Venusaur|move: Protect\n|move|p2b: Milotic|Scald|p1a: Charizard\n|-activate|p1a: Charizard|move: Protect\n|\n|upkeep\n|turn|2\n|\n|t:|1776373932\n|detailschange|p1a: Charizard|Charizard-Mega-Y, L50, M\n|-mega|p1a: Charizard|Charizard|Charizardite Y\n|-weather|SunnyDay|[from] ability: Drought|[of] p1a: Charizard\n|detailschange|p2a: Kangaskhan|Kangaskhan-Mega, L50, F\n|-mega|p2a: Kangaskhan|Kangaskhan|Kangaskhanite\n|move|p2a: Kangaskhan|Sucker Punch|p1b: Venusaur\n|-damage|p1b: Venusaur|67/100\n|-damage|p1b: Venusaur|60/100\n|-hitcount|p1b: Venusaur|2\n|move|p1b: Venusaur|Leaf Storm|p2b: Milotic\n|-supereffective|p2b: Milotic|1\n|-damage|p2b: Milotic|16/100\n|-unboost|p1b: Venusaur|spa|2\n|-enditem|p2b: Milotic|Sitrus Berry|[eat]\n|-heal|p2b: Milotic|41/100|[from] item: Sitrus Berry\n|-enditem|p1b: Venusaur|White Herb\n|-clearnegativeboost|p1b: Venusaur|[silent]\n|move|p1a: Charizard|Weather Ball|p2a: Kangaskhan\n|-damage|p2a: Kangaskhan|22/100\n|move|p2b: Milotic|Scald|p1a: Charizard\n|-supereffective|p1a: Charizard|1\n|-damage|p1a: Charizard|72/100\n|\n|-weather|SunnyDay|[upkeep]\n|upkeep\n|turn|3\n|\n|t:|1776373971\n|move|p2b: Milotic|Protect|p2b: Milotic\n|-singleturn|p2b: Milotic|Protect\n|move|p1b: Venusaur|Sludge Bomb|p2b: Milotic\n|-activate|p2b: Milotic|move: Protect\n|move|p1a: Charizard|Heat Wave|p2a: Kangaskhan|[spread] \n|-activate|p2b: Milotic|move: Protect\n|-miss|p1a: Charizard|p2a: Kangaskhan\n|move|p2a: Kangaskhan|Double-Edge|p1a: Charizard\n|-damage|p1a: Charizard|0 fnt\n|faint|p1a: Charizard\n|-hitcount|p1: Charizard|1\n|-damage|p2a: Kangaskhan|5/100|[from] Recoil\n|\n|-weather|SunnyDay|[upkeep]\n|upkeep\n|\n|t:|1776373987\n|switch|p1a: Excadrill|Excadrill, L50, M|100/100\n|-ability|p1a: Excadrill|Mold Breaker\n|turn|4\n|\n|t:|1776374021\n|move|p1b: Venusaur|Protect|p1b: Venusaur\n|-singleturn|p1b: Venusaur|Protect\n|move|p2a: Kangaskhan|Sucker Punch||[still]\n|-fail|p2a: Kangaskhan\n|move|p1a: Excadrill|Earthquake|p2b: Milotic|[spread] p2a,p2b\n|-activate|p1b: Venusaur|move: Protect\n|-damage|p2a: Kangaskhan|0 fnt\n|-damage|p2b: Milotic|5/100\n|faint|p2a: Kangaskhan\n|move|p2b: Milotic|Life Dew|p2b: Milotic\n|-heal|p2b: Milotic|30/100\n|\n|-weather|SunnyDay|[upkeep]\n|upkeep\n|\n|t:|1776374037\n|switch|p2a: Aerodactyl|Aerodactyl, L50, M|100/100\n|-ability|p2a: Aerodactyl|Unnerve\n|turn|5\n|\n|t:|1776374064\n|switch|p1b: Aerodactyl|Aerodactyl, L50, M|100/100\n|-ability|p1b: Aerodactyl|Unnerve\n|switch|p2b: Aegislash|Aegislash, L50, M|100/100\n|move|p1a: Excadrill|Earthquake|p2a: Aerodactyl|[spread] p2b\n|-immune|p1b: Aerodactyl\n|-immune|p2a: Aerodactyl\n|-supereffective|p2b: Aegislash|1\n|-damage|p2b: Aegislash|31/100\n|move|p2a: Aerodactyl|Dual Wingbeat|p1b: Aerodactyl|[miss]\n|-miss|p2a: Aerodactyl|p1b: Aerodactyl\n|\n|-weather|SunnyDay|[upkeep]\n|upkeep\n|turn|6\n|\n|t:|1776374088\n|move|p2b: Aegislash|King's Shield|p2b: Aegislash\n|-singleturn|p2b: Aegislash|Protect\n|move|p1a: Excadrill|Earthquake|p2a: Aerodactyl|[spread] \n|-activate|p2b: Aegislash|move: Protect\n|-immune|p1b: Aerodactyl\n|-immune|p2a: Aerodactyl\n|move|p1b: Aerodactyl|Tailwind|p1b: Aerodactyl\n|-sidestart|p1: pkmn trainer owen|move: Tailwind\n|move|p2a: Aerodactyl|Rock Slide|p1b: Aerodactyl|[spread] p1a,p1b\n|-resisted|p1a: Excadrill|2\n|-supereffective|p1b: Aerodactyl|1\n|-damage|p1a: Excadrill|91/100\n|-damage|p1b: Aerodactyl|19/100\n|\n|-weather|none\n|upkeep\n|turn|7\n|\n|t:|1776374106\n|switch|p2b: Milotic|Milotic, L50, F|30/100\n|move|p1a: Excadrill|Earthquake|p2a: Aerodactyl|[spread] p2b\n|-immune|p1b: Aerodactyl\n|-immune|p2a: Aerodactyl\n|-damage|p2b: Milotic|0 fnt\n|faint|p2b: Milotic\n|move|p1b: Aerodactyl|Rock Slide|p2a: Aerodactyl\n|-supereffective|p2a: Aerodactyl|1\n|-enditem|p2a: Aerodactyl|Focus Sash\n|-damage|p2a: Aerodactyl|1/100\n|cant|p2a: Aerodactyl|flinch\n|\n|upkeep\n|\n|t:|1776374122\n|switch|p2b: Aegislash|Aegislash, L50, M|31/100\n|turn|8\n|-message|Bona1718 forfeited.\n|\n|win|pkmn trainer owen\n|raw|pkmn trainer owen's rating: 1026 &rarr; <strong>1059</strong><br />(+33 for winning)\n|raw|Bona1718's rating: 1000 &rarr; <strong>1000</strong><br />(+0 for losing)\n|l|\u2606Bona1718\n|player|p2|\n",
  "uploadtime": 1776374132,
  "views": 21,
  "formatid": "gen9championsvgc2026regma",
  "rating": 1000,
  "private": 0,
  "password": null
}