{
  "id": "gen9championsvgc2026regma-2587682103",
  "format": "[Gen 9 Champions] VGC 2026 Reg M-A",
  "players": [
    "DAVID867",
    "capacete5"
  ],
  "log": "|j|\u2606DAVID867\n|j|\u2606capacete5\n|t:|1776553419\n|gametype|doubles\n|player|p1|DAVID867|102|\n|player|p2|capacete5|byron|\n|gen|9\n|tier|[Gen 9 Champions] VGC 2026 Reg M-A\n|rule|Species Clause: Limit one of each Pok\u00e9mon\n|rule|Item Clause: Limit 1 of each item\n|clearpoke\n|poke|p1|Charizard, L50, M|\n|poke|p1|Venusaur, L50, M|\n|poke|p1|Milotic, L50, F|\n|poke|p1|Garchomp, L50, F|\n|poke|p1|Kingambit, L50, M|\n|poke|p1|Sinistcha, L50|\n|poke|p2|Hatterene, L50, F|\n|poke|p2|Oranguru, L50, F|\n|poke|p2|Golurk, L50|\n|poke|p2|Clefable, L50, F|\n|poke|p2|Hydreigon, L50, F|\n|poke|p2|Torkoal, L50, M|\n|teampreview|4\n|inactive|Battle timer is ON: inactive players will automatically lose when time's up. (requested by capacete5)\ncapacete5 has agreed to open team sheets.\nDAVID867 has agreed to open team sheets.\n|showteam|p1|Charizard||CharizarditeY|Blaze|HeatWave,Overheat,Protect,SolarBeam|||M|||50|]Venusaur||FocusSash|Chlorophyll|EnergyBall,SleepPowder,SludgeBomb,Protect|||M|||50|]Milotic||Leftovers|Competitive|Protect,Scald,Recover,IcyWind|||F|||50|]Garchomp||ChoiceScarf|RoughSkin|Earthquake,RockSlide,DragonClaw,PoisonJab|||F|||50|]Kingambit||BlackGlasses|Defiant|IronHead,SuckerPunch,Protect,SwordsDance|||M|||50|]Sinistcha||SitrusBerry|Hospitality|MatchaGotcha,LifeDew,TrickRoom,RagePowder||||||50|\n|showteam|p2|Hatterene||FairyFeather|MagicBounce|Protect,Psychic,TrickRoom,DazzlingGleam|||F|||50|]Oranguru||MentalHerb|InnerFocus|Protect,Instruct,Psychic,TrickRoom|||F|||50|]Golurk||Golurkite|IronFist|Protect,ThunderPunch,HeadlongRush,DrainPunch||||||50|]Clefable||FocusSash|Unaware|Moonblast,HelpingHand,FollowMe,Charm|||F|||50|]Hydreigon||ChoiceScarf|Levitate|DracoMeteor,DarkPulse,HeatWave,TriAttack|||F|||50|]Torkoal||Charcoal|Drought|Eruption,Protect,ClearSmog,HeatWave|||M|||50|\n|inactive|DAVID867 has 60 seconds left.\n|inactive|capacete5 has 60 seconds left.\n|inactive|DAVID867 has 30 seconds left.\n|\n|t:|1776553488\n|teamsize|p1|4\n|teamsize|p2|4\n|start\n|switch|p1a: Charizard|Charizard, L50, M|100/100\n|switch|p1b: Garchomp|Garchomp, L50, F|100/100\n|switch|p2a: Hydreigon|Hydreigon, L50, F|100/100\n|switch|p2b: Oranguru|Oranguru, L50, F|100/100\n|turn|1\n|inactive|capacete5 has 30 seconds left.\n|\n|t:|1776553514\n|detailschange|p1a: Charizard|Charizard-Mega-Y, L50, M\n|-mega|p1a: Charizard|Charizard|Charizardite Y\n|-weather|SunnyDay|[from] ability: Drought|[of] p1a: Charizard\n|move|p2a: Hydreigon|Draco Meteor|p1b: Garchomp\n|-supereffective|p1b: Garchomp|1\n|-damage|p1b: Garchomp|0 fnt\n|-unboost|p2a: Hydreigon|spa|2\n|faint|p1b: Garchomp\n|move|p1a: Charizard|Overheat|p2b: Oranguru\n|-damage|p2b: Oranguru|0 fnt\n|-unboost|p1a: Charizard|spa|2\n|faint|p2b: Oranguru\n|\n|-weather|SunnyDay|[upkeep]\n|upkeep\n|\n|t:|1776553535\n|switch|p1b: Milotic|Milotic, L50, F|100/100\n|switch|p2b: Golurk|Golurk, L50|100/100\n|turn|2\n|\n|t:|1776553550\n|switch|p2a: Torkoal|Torkoal, L50, M|100/100\n|switch|p1a: Kingambit|Kingambit, L50, M|100/100\n|detailschange|p2b: Golurk|Golurk-Mega, L50\n|-mega|p2b: Golurk|Golurk|Golurkite\n|move|p1b: Milotic|Icy Wind|p2a: Torkoal|[spread] p2a,p2b\n|-resisted|p2a: Torkoal|1\n|-supereffective|p2b: Golurk|1\n|-damage|p2a: Torkoal|94/100\n|-damage|p2b: Golurk|83/100\n|-unboost|p2a: Torkoal|spe|1\n|-unboost|p2b: Golurk|spe|1\n|move|p2b: Golurk|Thunder Punch|p1a: Kingambit\n|-damage|p1a: Kingambit|76/100\n|\n|-weather|SunnyDay|[upkeep]\n|upkeep\n|turn|3\n|inactive|capacete5 has 30 seconds left.\n|inactive|capacete5 has 20 seconds left.\n|\n|t:|1776553587\n|move|p1a: Kingambit|Sucker Punch|p2b: Golurk\n|-supereffective|p2b: Golurk|1\n|-damage|p2b: Golurk|0 fnt\n|faint|p2b: Golurk\n|move|p1b: Milotic|Scald|p2a: Torkoal\n|-supereffective|p2a: Torkoal|1\n|-crit|p2a: Torkoal\n|-damage|p2a: Torkoal|37/100\n|move|p2a: Torkoal|Heat Wave|p1a: Kingambit|[spread] p1a\n|-miss|p2a: Torkoal|p1b: Milotic\n|-supereffective|p1a: Kingambit|1\n|-damage|p1a: Kingambit|0 fnt\n|faint|p1a: Kingambit\n|\n|-weather|SunnyDay|[upkeep]\n|upkeep\n|\n|t:|1776553602\n|switch|p1a: Charizard|Charizard-Mega-Y, L50, M|100/100\n|switch|p2b: Hydreigon|Hydreigon, L50, F|100/100\n|turn|4\n|\n|t:|1776553625\n|move|p2b: Hydreigon|Dark Pulse|p1a: Charizard\n|-damage|p1a: Charizard|60/100\n|move|p1a: Charizard|Heat Wave|p2a: Torkoal|[spread] p2a,p2b\n|-resisted|p2a: Torkoal|1\n|-resisted|p2b: Hydreigon|1\n|-damage|p2a: Torkoal|0 fnt\n|-damage|p2b: Hydreigon|60/100\n|faint|p2a: Torkoal\n|move|p1b: Milotic|Icy Wind|p2b: Hydreigon\n|-supereffective|p2b: Hydreigon|1\n|-damage|p2b: Hydreigon|29/100\n|-unboost|p2b: Hydreigon|spe|1\n|\n|-weather|SunnyDay|[upkeep]\n|upkeep\n|turn|5\n|\n|t:|1776553640\n|move|p2b: Hydreigon|Dark Pulse|p1a: Charizard\n|-damage|p1a: Charizard|17/100\n|move|p1a: Charizard|Overheat|p2b: Hydreigon\n|-resisted|p2b: Hydreigon|1\n|-damage|p2b: Hydreigon|0 fnt\n|-unboost|p1a: Charizard|spa|2\n|faint|p2b: Hydreigon\n|\n|win|DAVID867\n",
  "uploadtime": 1776553640,
  "views": 13,
  "formatid": "gen9championsvgc2026regma",
  "rating": null,
  "private": 0,
  "password": null
}