{
  "id": "gen9championsvgc2026regma-2587677325",
  "format": "[Gen 9 Champions] VGC 2026 Reg M-A",
  "players": [
    "dax92",
    "PM77Switch"
  ],
  "log": "|j|\u2606dax92\n|j|\u2606PM77Switch\n|t:|1776552949\n|gametype|doubles\n|player|p1|dax92|blue|1273\n|player|p2|PM77Switch|may-masters3|1346\n|gen|9\n|tier|[Gen 9 Champions] VGC 2026 Reg M-A\n|rated|\n|rule|Species Clause: Limit one of each Pok\u00e9mon\n|rule|Item Clause: Limit 1 of each item\n|clearpoke\n|poke|p1|Incineroar, L50, M|\n|poke|p1|Garchomp, L50, M|\n|poke|p1|Basculegion, L50, M|\n|poke|p1|Kingambit, L50, F|\n|poke|p1|Gardevoir, L50, F|\n|poke|p1|Aerodactyl, L50, M|\n|poke|p2|Blastoise, L50, M|\n|poke|p2|Kingambit, L50, M|\n|poke|p2|Sneasler, L50, F|\n|poke|p2|Aerodactyl, L50, M|\n|poke|p2|Sinistcha, L50|\n|poke|p2|Incineroar, L50, F|\n|teampreview|4\n|inactive|Battle timer is ON: inactive players will automatically lose when time's up. (requested by PM77Switch)\n|\n|t:|1776552978\n|teamsize|p1|4\n|teamsize|p2|4\n|start\n|switch|p1a: Basculegion|Basculegion, L50, M|100/100\n|switch|p1b: Aerodactyl|Aerodactyl, L50, M|100/100\n|switch|p2a: Kingambit|Kingambit, L50, M|100/100\n|switch|p2b: Aerodactyl|Aerodactyl, L50, M|100/100\n|-ability|p1b: Aerodactyl|Unnerve\n|-ability|p2b: Aerodactyl|Unnerve\n|turn|1\n|inactive|dax92 has 30 seconds left.\n|\n|t:|1776553008\n|move|p2b: Aerodactyl|Protect|p2b: Aerodactyl\n|-singleturn|p2b: Aerodactyl|Protect\n|move|p1a: Basculegion|Aqua Jet|p2b: Aerodactyl\n|-activate|p2b: Aerodactyl|move: Protect\n|move|p1b: Aerodactyl|Tailwind|p1b: Aerodactyl\n|-sidestart|p1: dax92|move: Tailwind\n|move|p2a: Kingambit|Kowtow Cleave|p1a: Basculegion\n|-supereffective|p1a: Basculegion|1\n|-damage|p1a: Basculegion|0 fnt\n|faint|p1a: Basculegion\n|\n|upkeep\n|\n|t:|1776553028\n|switch|p1a: Gardevoir|Gardevoir, L50, F|100/100\n|-ability|p1a: Gardevoir|Unnerve|Trace|[from] ability: Trace|[of] p2b: Aerodactyl\n|-ability|p1a: Gardevoir|Unnerve\n|turn|2\n|\n|t:|1776553046\n|switch|p2b: Sneasler|Sneasler, L50, F|100/100\n|detailschange|p1a: Gardevoir|Gardevoir-Mega, L50, F\n|-mega|p1a: Gardevoir|Gardevoir|Gardevoirite\n|move|p1b: Aerodactyl|Rock Slide|p2a: Kingambit|[spread] p2a,p2b\n|-resisted|p2a: Kingambit|1\n|-resisted|p2b: Sneasler|1\n|-damage|p2a: Kingambit|91/100\n|-damage|p2b: Sneasler|80/100\n|move|p1a: Gardevoir|Hyper Voice|p2b: Sneasler|[spread] p2a,p2b\n|-damage|p2a: Kingambit|37/100\n|-damage|p2b: Sneasler|14/100\n|move|p2a: Kingambit|Iron Head|p1a: Gardevoir\n|-supereffective|p1a: Gardevoir|1\n|-damage|p1a: Gardevoir|0 fnt\n|faint|p1a: Gardevoir\n|\n|upkeep\n|\n|t:|1776553062\n|switch|p1a: Kingambit|Kingambit, L50, F|100/100\n|turn|3\n|\n|t:|1776553083\n|move|p2b: Sneasler|Feint|p1b: Aerodactyl\n|-resisted|p1b: Aerodactyl|1\n|-damage|p1b: Aerodactyl|92/100\n|move|p1b: Aerodactyl|Rock Slide|p2b: Sneasler|[spread] p2a,p2b\n|-resisted|p2a: Kingambit|1\n|-resisted|p2b: Sneasler|1\n|-damage|p2a: Kingambit|28/100\n|-damage|p2b: Sneasler|0 fnt\n|faint|p2b: Sneasler\n|move|p1a: Kingambit|Iron Head|p2a: Kingambit\n|-resisted|p2a: Kingambit|1\n|-damage|p2a: Kingambit|12/100\n|move|p2a: Kingambit|Iron Head|p1b: Aerodactyl\n|-supereffective|p1b: Aerodactyl|1\n|-damage|p1b: Aerodactyl|0 fnt\n|faint|p1b: Aerodactyl\n|\n|upkeep\n|\n|t:|1776553096\n|switch|p2b: Blastoise|Blastoise, L50, M|100/100\n|turn|4\n|\n|t:|1776553103\n|detailschange|p2b: Blastoise|Blastoise-Mega, L50, M\n|-mega|p2b: Blastoise|Blastoise|Blastoisinite\n|move|p2b: Blastoise|Protect|p2b: Blastoise\n|-singleturn|p2b: Blastoise|Protect\n|move|p1a: Kingambit|Sucker Punch|p2a: Kingambit\n|-resisted|p2a: Kingambit|1\n|-damage|p2a: Kingambit|0 fnt\n|faint|p2a: Kingambit\n|\n|-sideend|p1: dax92|move: Tailwind\n|upkeep\n|\n|t:|1776553109\n|switch|p2a: Aerodactyl|Aerodactyl, L50, M|100/100\n|-ability|p2a: Aerodactyl|Unnerve\n|turn|5\n|-message|dax92 forfeited.\n|\n|win|PM77Switch\n|raw|dax92's rating: 1273 &rarr; <strong>1253</strong><br />(-20 for losing)\n|raw|PM77Switch's rating: 1346 &rarr; <strong>1362</strong><br />(+16 for winning)\n|l|\u2606dax92\n|player|p1|\n",
  "uploadtime": 1776553121,
  "views": 17,
  "formatid": "gen9championsvgc2026regma",
  "rating": 1253,
  "private": 0,
  "password": null
}