{
  "id": "gen9championsvgc2026regma-2587975329",
  "format": "[Gen 9 Champions] VGC 2026 Reg M-A",
  "players": [
    "ayano toki",
    "0skiir"
  ],
  "log": "|j|\u2606ayano toki\n|j|\u26060skiir\n|t:|1776587370\n|gametype|doubles\n|player|p1|ayano toki|evelyn|1153\n|player|p2|0skiir|n|1090\n|gen|9\n|tier|[Gen 9 Champions] VGC 2026 Reg M-A\n|rated|\n|rule|Species Clause: Limit one of each Pok\u00e9mon\n|rule|Item Clause: Limit 1 of each item\n|clearpoke\n|poke|p1|Gardevoir, L50, F, shiny|\n|poke|p1|Corviknight, L50, M, shiny|\n|poke|p1|Ninetales-Alola, L50, F, shiny|\n|poke|p1|Kingambit, L50, M, shiny|\n|poke|p1|Garchomp, L50, M, shiny|\n|poke|p1|Scovillain, L50, M, shiny|\n|poke|p2|Meganium, L50, F|\n|poke|p2|Archaludon, L50, M|\n|poke|p2|Aerodactyl, L50, M|\n|poke|p2|Typhlosion-Hisui, L50, F|\n|poke|p2|Tauros-Paldea-Aqua, L50, M|\n|poke|p2|Kangaskhan, L50, F|\n|teampreview|4\n|inactive|Battle timer is ON: inactive players will automatically lose when time's up. (requested by 0skiir)\n|inactive|ayano toki also wants the timer to be on.\n|inactive|ayano toki has 60 seconds left.\n|inactive|0skiir has 60 seconds left.\n|inactive|ayano toki has 30 seconds left.\n|inactive|0skiir has 30 seconds left.\n|inactive|ayano toki has 20 seconds left.\n|inactive|0skiir has 20 seconds left.\n|inactive|ayano toki has 15 seconds left.\n|inactive|ayano toki has 10 seconds left.\n|inactive|ayano toki has 5 seconds left.\n|\n|t:|1776587458\n|teamsize|p1|4\n|teamsize|p2|4\n|start\n|switch|p1a: Gardevoir|Gardevoir, L50, F, shiny|100/100\n|switch|p1b: Garchomp|Garchomp, L50, M, shiny|100/100\n|switch|p2a: Kangaskhan|Kangaskhan, L50, F|100/100\n|switch|p2b: Typhlosion|Typhlosion-Hisui, L50, F|100/100\n|-item|p1a: Gardevoir|Choice Scarf|[from] ability: Frisk|[of] p2b: Typhlosion\n|-item|p1b: Garchomp|White Herb|[from] ability: Frisk|[of] p2b: Typhlosion\n|turn|1\n|inactive|0skiir has 30 seconds left.\n|\n|t:|1776587486\n|move|p2a: Kangaskhan|Fake Out|p1b: Garchomp\n|-damage|p1b: Garchomp|85/100\n|-damage|p2a: Kangaskhan|88/100|[from] ability: Rough Skin|[of] p1b: Garchomp\n|move|p2b: Typhlosion|Shadow Ball|p1a: Gardevoir\n|-supereffective|p1a: Gardevoir|1\n|-damage|p1a: Gardevoir|9/100\n|move|p1a: Gardevoir|Psychic|p2b: Typhlosion\n|-damage|p2b: Typhlosion|26/100\n|cant|p1b: Garchomp|flinch\n|\n|upkeep\n|turn|2\n|inactive|0skiir has 30 seconds left.\n|inactive|0skiir has 20 seconds left.\n|inactive|0skiir has 15 seconds left.\n|inactive|0skiir has 10 seconds left.\n|\n|t:|1776587535\n|switch|p1a: Scovillain|Scovillain, L50, M, shiny|100/100\n|move|p2b: Typhlosion|Shadow Ball|p1a: Scovillain\n|-damage|p1a: Scovillain|47/100\n|move|p1b: Garchomp|Rock Slide|p2a: Kangaskhan|[spread] p2b\n|-miss|p1b: Garchomp|p2a: Kangaskhan\n|-supereffective|p2b: Typhlosion|1\n|-damage|p2b: Typhlosion|0 fnt\n|faint|p2b: Typhlosion\n|move|p2a: Kangaskhan|Low Kick|p1b: Garchomp\n|-damage|p1b: Garchomp|64/100\n|-damage|p2a: Kangaskhan|76/100|[from] ability: Rough Skin|[of] p1b: Garchomp\n|\n|-ability|p1a: Scovillain|Moody|boost\n|-boost|p1a: Scovillain|def|2\n|-unboost|p1a: Scovillain|spa|1\n|upkeep\n|\n|t:|1776587551\n|switch|p2b: Aerodactyl|Aerodactyl, L50, M|100/100\n|-ability|p2b: Aerodactyl|Unnerve\n|turn|3\n|inactive|0skiir has 30 seconds left.\n|\n|t:|1776587580\n|detailschange|p1a: Scovillain|Scovillain-Mega, L50, M, shiny\n|-mega|p1a: Scovillain|Scovillain|Scovillainite\n|move|p2b: Aerodactyl|Rock Slide|p1a: Scovillain|[spread] p1a,p1b\n|-supereffective|p1a: Scovillain|1\n|-resisted|p1b: Garchomp|1\n|-damage|p1a: Scovillain|22/100\n|-damage|p1b: Garchomp|53/100\n|-status|p2b: Aerodactyl|brn|[from] ability: Spicy Spray|[of] p1a: Scovillain\n|cant|p1b: Garchomp|flinch\n|move|p2a: Kangaskhan|Double-Edge|p1b: Garchomp\n|-damage|p1b: Garchomp|8/100\n|-damage|p2a: Kangaskhan|64/100|[from] ability: Rough Skin|[of] p1b: Garchomp\n|-damage|p2a: Kangaskhan|47/100|[from] Recoil\n|move|p1a: Scovillain|Leech Seed|p2a: Kangaskhan\n|-start|p2a: Kangaskhan|move: Leech Seed\n|\n|-damage|p2a: Kangaskhan|35/100|[from] Leech Seed|[of] p1a: Scovillain\n|-heal|p1a: Scovillain|34/100|[silent]\n|-damage|p2b: Aerodactyl|95/100 brn|[from] brn\n|upkeep\n|turn|4\n|inactive|ayano toki has 30 seconds left.\n|inactive|0skiir has 30 seconds left.\n|\n|t:|1776587612\n|move|p1a: Scovillain|Protect|p1a: Scovillain\n|-singleturn|p1a: Scovillain|Protect\n|move|p2b: Aerodactyl|Rock Slide|p1b: Garchomp|[spread] p1b\n|-activate|p1a: Scovillain|move: Protect\n|-resisted|p1b: Garchomp|1\n|-damage|p1b: Garchomp|4/100\n|move|p1b: Garchomp|Rock Slide|p2b: Aerodactyl|[spread] p2a,p2b\n|-supereffective|p2b: Aerodactyl|1\n|-damage|p2a: Kangaskhan|13/100\n|-damage|p2b: Aerodactyl|31/100 brn\n|move|p2a: Kangaskhan|Double-Edge|p1a: Scovillain\n|-activate|p1a: Scovillain|move: Protect\n|\n|-damage|p2a: Kangaskhan|1/100|[from] Leech Seed|[of] p1a: Scovillain\n|-heal|p1a: Scovillain|47/100|[silent]\n|-damage|p2b: Aerodactyl|25/100 brn|[from] brn\n|upkeep\n|turn|5\n|inactive|ayano toki has 30 seconds left.\n|inactive|0skiir has 30 seconds left.\n|\n|t:|1776587640\n|move|p1b: Garchomp|Protect|p1b: Garchomp\n|-singleturn|p1b: Garchomp|Protect\n|move|p2b: Aerodactyl|Rock Slide|p1a: Scovillain|[spread] p1a\n|-activate|p1b: Garchomp|move: Protect\n|-supereffective|p1a: Scovillain|1\n|-damage|p1a: Scovillain|35/100\n|move|p2a: Kangaskhan|Double-Edge|p1a: Scovillain\n|-damage|p1a: Scovillain|9/100\n|-status|p2a: Kangaskhan|brn|[from] ability: Spicy Spray|[of] p1a: Scovillain\n|-damage|p2a: Kangaskhan|0 fnt|[from] Recoil\n|faint|p2a: Kangaskhan\n|move|p1a: Scovillain|Leech Seed|p2b: Aerodactyl\n|-start|p2b: Aerodactyl|move: Leech Seed\n|\n|-damage|p2b: Aerodactyl|13/100 brn|[from] Leech Seed|[of] p1a: Scovillain\n|-heal|p1a: Scovillain|20/100|[silent]\n|-damage|p2b: Aerodactyl|8/100 brn|[from] brn\n|upkeep\n|\n|t:|1776587657\n|switch|p2a: Meganium|Meganium, L50, F|100/100\n|turn|6\n|\n|t:|1776587675\n|detailschange|p2a: Meganium|Meganium-Mega, L50, F\n|-mega|p2a: Meganium|Meganium|Meganiumite\n|move|p1a: Scovillain|Rage Powder|p1a: Scovillain\n|-singleturn|p1a: Scovillain|move: Rage Powder\n|move|p2b: Aerodactyl|Tailwind|p2b: Aerodactyl\n|-sidestart|p2: 0skiir|move: Tailwind\n|move|p2a: Meganium|Dazzling Gleam|p1b: Garchomp|[spread] p1a,p1b\n|-resisted|p1a: Scovillain|1\n|-supereffective|p1b: Garchomp|1\n|-damage|p1a: Scovillain|3/100\n|-damage|p1b: Garchomp|0 fnt\n|-status|p2a: Meganium|brn|[from] ability: Spicy Spray|[of] p1a: Scovillain\n|faint|p1b: Garchomp\n|\n|-damage|p2b: Aerodactyl|0 fnt|[from] Leech Seed|[of] p1a: Scovillain\n|-heal|p1a: Scovillain|10/100|[silent]\n|faint|p2b: Aerodactyl\n|-damage|p2a: Meganium|95/100 brn|[from] brn\n|upkeep\n|inactive|ayano toki has 30 seconds left.\n|inactive|ayano toki has 20 seconds left.\n|inactive|ayano toki has 15 seconds left.\n|inactive|ayano toki has 10 seconds left.\n|inactive|ayano toki has 5 seconds left.\n|\n|t:|1776587730\n|switch|p1b: Kingambit|Kingambit, L50, M, shiny|100/100\n|turn|7\n|\n|t:|1776587748\n|move|p2a: Meganium|Protect|p2a: Meganium\n|-singleturn|p2a: Meganium|Protect\n|move|p1a: Scovillain|Flamethrower|p2a: Meganium\n|-activate|p2a: Meganium|move: Protect\n|move|p1b: Kingambit|Iron Head|p2a: Meganium\n|-activate|p2a: Meganium|move: Protect\n|\n|-damage|p2a: Meganium|89/100 brn|[from] brn\n|upkeep\n|turn|8\n|\n|t:|1776587765\n|move|p2a: Meganium|Weather Ball|p1b: Kingambit\n|-supereffective|p1b: Kingambit|1\n|-damage|p1b: Kingambit|0 fnt\n|faint|p1b: Kingambit\n|move|p1a: Scovillain|Flamethrower|p2a: Meganium\n|-supereffective|p2a: Meganium|1\n|-damage|p2a: Meganium|40/100 brn\n|\n|-damage|p2a: Meganium|34/100 brn|[from] brn\n|upkeep\n|\n|t:|1776587776\n|switch|p1b: Gardevoir|Gardevoir, L50, F, shiny|9/100\n|turn|9\n|\n|t:|1776587783\n|move|p2a: Meganium|Dazzling Gleam|p1b: Gardevoir|[spread] p1a,p1b\n|-resisted|p1a: Scovillain|1\n|-damage|p1a: Scovillain|0 fnt\n|-damage|p1b: Gardevoir|0 fnt\n|faint|p1a: Scovillain\n|faint|p1b: Gardevoir\n|\n|win|0skiir\n|raw|ayano toki's rating: 1153 &rarr; <strong>1124</strong><br />(-29 for losing)\n|raw|0skiir's rating: 1090 &rarr; <strong>1121</strong><br />(+31 for winning)\n|c|\u26060skiir|xdddd\n|l|\u2606ayano toki\n|player|p1|\n",
  "uploadtime": 1776587797,
  "views": 7,
  "formatid": "gen9championsvgc2026regma",
  "rating": 1121,
  "private": 0,
  "password": null
}