{
  "id": "gen9championsvgc2026regma-2583214289",
  "format": "[Gen 9 Champions] VGC 2026 Reg M-A",
  "players": [
    "17kidz",
    "cryforcrys"
  ],
  "log": "|j|\u203d17kidz\n|j|\u2606cryforcrys\n|t:|1776155573\n|gametype|doubles\n|player|p1|17kidz|101|1094\n|player|p2|cryforcrys|caitlin-masters|1050\n|gen|9\n|tier|[Gen 9 Champions] VGC 2026 Reg M-A\n|rated|\n|rule|Species Clause: Limit one of each Pok\u00e9mon\n|rule|Item Clause: Limit 1 of each item\n|clearpoke\n|poke|p1|Incineroar, L50, F|\n|poke|p1|Whimsicott, L50, M|\n|poke|p1|Gengar, L50, M|\n|poke|p1|Lopunny, L50, F|\n|poke|p1|Basculegion, L50, M|\n|poke|p1|Clefable, L50, M|\n|poke|p2|Dragonite, L50, F|\n|poke|p2|Politoed, L50, F|\n|poke|p2|Scizor, L50, M|\n|poke|p2|Meowstic, L50, M|\n|poke|p2|Espeon, L50, F|\n|poke|p2|Basculegion, L50, M|\n|teampreview|4\n|inactive|Battle timer is ON: inactive players will automatically lose when time's up. (requested by 17kidz)\n|\n|t:|1776155607\n|teamsize|p1|4\n|teamsize|p2|4\n|start\n|switch|p1a: Lopunny|Lopunny, L50, F|100/100\n|switch|p1b: Whimsicott|Whimsicott, L50, M|100/100\n|switch|p2a: Meowstic|Meowstic, L50, M, shiny|100/100\n|switch|p2b: Espeon|Espeon, L50, F, shiny|100/100\n|turn|1\n|inactive|17kidz has 30 seconds left.\n|inactive|cryforcrys has 30 seconds left.\n|inactive|17kidz has 20 seconds left.\n|inactive|17kidz has 15 seconds left.\n|\n|t:|1776155648\n|move|p1a: Lopunny|Fake Out|p2a: Meowstic\n|-damage|p2a: Meowstic|82/100\n|cant|p2a: Meowstic|flinch\n|move|p1b: Whimsicott|Tailwind|p1b: Whimsicott\n|-sidestart|p1: 17kidz|move: Tailwind\n|move|p2b: Espeon|Alluring Voice|p1a: Lopunny\n|-damage|p1a: Lopunny|60/100\n|\n|upkeep\n|turn|2\n|\n|t:|1776155668\n|switch|p1a: Incineroar|Incineroar, L50, F|100/100\n|-ability|p1a: Incineroar|Intimidate|boost\n|-unboost|p2a: Meowstic|atk|1\n|-unboost|p2b: Espeon|atk|1\n|move|p1b: Whimsicott|Moonblast|p2b: Espeon\n|-damage|p2b: Espeon|56/100\n|move|p2b: Espeon|Expanding Force|p1b: Whimsicott\n|-damage|p1b: Whimsicott|28/100\n|move|p2a: Meowstic|Psychic Terrain|p2a: Meowstic\n|-fieldstart|move: Psychic Terrain\n|\n|upkeep\n|turn|3\n|inactive|17kidz has 30 seconds left.\n|inactive|cryforcrys has 30 seconds left.\n|\n|t:|1776155697\n|move|p1b: Whimsicott|Moonblast|p2b: Espeon\n|-damage|p2b: Espeon|9/100\n|move|p2b: Espeon|Alluring Voice|p1a: Incineroar\n|-damage|p1a: Incineroar|78/100\n|move|p1a: Incineroar|Flare Blitz|p2a: Meowstic\n|-crit|p2a: Meowstic\n|-damage|p2a: Meowstic|3/100\n|-damage|p1a: Incineroar|54/100|[from] Recoil\n|move|p2a: Meowstic|Expanding Force|p1a: Incineroar|[spread] p1b\n|-immune|p1a: Incineroar\n|-damage|p1b: Whimsicott|0 fnt\n|faint|p1b: Whimsicott\n|\n|upkeep\n|\n|t:|1776155704\n|switch|p1b: Basculegion|Basculegion, L50, M|100/100\n|turn|4\n|\n|t:|1776155716\n|move|p2b: Espeon|Detect|p2b: Espeon\n|-singleturn|p2b: Espeon|Protect\n|move|p2a: Meowstic|Protect|p2a: Meowstic\n|-singleturn|p2a: Meowstic|Protect\n|move|p1b: Basculegion|Last Respects|p2a: Meowstic\n|-activate|p2a: Meowstic|move: Protect\n|move|p1a: Incineroar|Flare Blitz|p2b: Espeon\n|-activate|p2b: Espeon|move: Protect\n|\n|-sideend|p1: 17kidz|move: Tailwind\n|upkeep\n|turn|5\n|\n|t:|1776155733\n|move|p1b: Basculegion|Last Respects|p2a: Meowstic\n|-supereffective|p2a: Meowstic|1\n|-damage|p2a: Meowstic|0 fnt\n|faint|p2a: Meowstic\n|move|p2b: Espeon|Expanding Force|p1b: Basculegion|[spread] p1b\n|-immune|p1a: Incineroar\n|-crit|p1b: Basculegion\n|-damage|p1b: Basculegion|0 fnt\n|faint|p1b: Basculegion\n|move|p1a: Incineroar|Flare Blitz|p2b: Espeon\n|-damage|p2b: Espeon|0 fnt\n|faint|p2b: Espeon\n|-damage|p1a: Incineroar|52/100|[from] Recoil\n|\n|upkeep\n|\n|t:|1776155752\n|switch|p2b: Basculegion|Basculegion, L50, M, shiny|100/100\n|switch|p1b: Lopunny|Lopunny, L50, F|60/100\n|switch|p2a: Scizor|Scizor, L50, M, shiny|100/100\n|turn|6\n|\n|t:|1776155775\n|detailschange|p1b: Lopunny|Lopunny-Mega, L50, F\n|-mega|p1b: Lopunny|Lopunny|Lopunnite\n|move|p1b: Lopunny|Fake Out|p2b: Basculegion\n|-activate|p2b: Basculegion|move: Psychic Terrain\n|move|p2b: Basculegion|Wave Crash|p1a: Incineroar\n|-supereffective|p1a: Incineroar|1\n|-damage|p1a: Incineroar|0 fnt\n|faint|p1a: Incineroar\n|-damage|p2b: Basculegion|83/100|[from] Recoil\n|move|p2a: Scizor|Close Combat|p1b: Lopunny\n|-supereffective|p1b: Lopunny|1\n|-damage|p1b: Lopunny|0 fnt\n|-unboost|p2a: Scizor|def|1\n|-unboost|p2a: Scizor|spd|1\n|faint|p1b: Lopunny\n|\n|win|cryforcrys\n|raw|17kidz's rating: 1094 &rarr; <strong>1067</strong><br />(-27 for losing)\n|raw|cryforcrys's rating: 1050 &rarr; <strong>1087</strong><br />(+37 for winning)\n|l|\u203d17kidz\n|player|p1|\n",
  "uploadtime": 1776155799,
  "views": 23,
  "formatid": "gen9championsvgc2026regma",
  "rating": 1067,
  "private": 0,
  "password": null
}