{
  "id": "gen9championsvgc2026regma-2584551064",
  "format": "[Gen 9 Champions] VGC 2026 Reg M-A",
  "players": [
    "DrDread3k",
    "thc_byakugan"
  ],
  "log": "|j|\u2606DrDread3k\n|j|\u2606thc_byakugan\n|t:|1776268198\n|gametype|doubles\n|player|p1|DrDread3k|2|1108\n|player|p2|thc_byakugan|dancer|1158\n|gen|9\n|tier|[Gen 9 Champions] VGC 2026 Reg M-A\n|rated|\n|rule|Species Clause: Limit one of each Pok\u00e9mon\n|rule|Item Clause: Limit 1 of each item\n|clearpoke\n|poke|p1|Aggron, L50, M|\n|poke|p1|Farigiraf, L50, F|\n|poke|p1|Incineroar, L50, F|\n|poke|p1|Froslass, L50, F|\n|poke|p1|Heliolisk, L50, F|\n|poke|p1|Gliscor, L50, F|\n|poke|p2|Tauros, L50, M|\n|poke|p2|Typhlosion-Hisui, L50, M|\n|poke|p2|Kommo-o, L50, F|\n|poke|p2|Kingambit, L50, M|\n|poke|p2|Blastoise, L50, F|\n|poke|p2|Clefable, L50, F|\n|teampreview|4\nDrDread3k has agreed to open team sheets.\n|\n|t:|1776268245\n|teamsize|p1|4\n|teamsize|p2|4\n|start\n|switch|p1a: Incineroar|Incineroar, L50, F|100/100\n|switch|p1b: Gliscor|Gliscor, L50, F|100/100\n|switch|p2a: Tauros|Tauros, L50, M|100/100\n|switch|p2b: Kingambit|Kingambit, L50, M|100/100\n|-ability|p2a: Tauros|Intimidate|boost\n|-unboost|p1a: Incineroar|atk|1\n|-fail|p1b: Gliscor|unboost|Attack|[from] ability: Hyper Cutter|[of] p1b: Gliscor\n|-ability|p1a: Incineroar|Intimidate|boost\n|-unboost|p2a: Tauros|atk|1\n|-unboost|p2b: Kingambit|atk|1\n|-ability|p2b: Kingambit|Defiant|boost\n|-boost|p2b: Kingambit|atk|2\n|turn|1\n|\n|t:|1776268282\n|move|p1a: Incineroar|Fake Out|p2a: Tauros\n|-damage|p2a: Tauros|92/100\n|move|p2b: Kingambit|Sucker Punch|p1b: Gliscor\n|-damage|p1b: Gliscor|42/100\n|cant|p2a: Tauros|flinch\n|move|p1b: Gliscor|High Horsepower|p2b: Kingambit\n|-supereffective|p2b: Kingambit|1\n|-damage|p2b: Kingambit|50/100\n|\n|upkeep\n|turn|2\n|\n|t:|1776268304\n|move|p1b: Gliscor|Protect|p1b: Gliscor\n|-singleturn|p1b: Gliscor|Protect\n|move|p2b: Kingambit|Protect|p2b: Kingambit\n|-singleturn|p2b: Kingambit|Protect\n|move|p2a: Tauros|Close Combat|p1a: Incineroar\n|-supereffective|p1a: Incineroar|1\n|-damage|p1a: Incineroar|65/100\n|-unboost|p2a: Tauros|def|1\n|-unboost|p2a: Tauros|spd|1\n|move|p1a: Incineroar|Flare Blitz|p2b: Kingambit\n|-activate|p2b: Kingambit|move: Protect\n|\n|upkeep\n|turn|3\n|\n|t:|1776268327\n|switch|p1b: Farigiraf|Farigiraf, L50, F|100/100\n|move|p2a: Tauros|Protect|p2a: Tauros\n|-singleturn|p2a: Tauros|Protect\n|move|p2b: Kingambit|Sucker Punch||[still]\n|cant|p1b: Farigiraf|ability: Armor Tail|Sucker Punch|[of] p2b: Kingambit\n|move|p1a: Incineroar|Flare Blitz|p2b: Kingambit\n|-supereffective|p2b: Kingambit|1\n|-damage|p2b: Kingambit|0 fnt\n|faint|p2b: Kingambit\n|-damage|p1a: Incineroar|46/100|[from] Recoil\n|\n|upkeep\n|\n|t:|1776268344\n|switch|p2b: Typhlosion|Typhlosion-Hisui, L50, M|100/100\n|turn|4\n|\n|t:|1776268369\n|switch|p2a: Blastoise|Blastoise, L50, F|100/100\n|switch|p1a: Gliscor|Gliscor, L50, F|42/100\n|move|p2b: Typhlosion|Eruption|p1a: Gliscor|[spread] p1a,p1b\n|-damage|p1a: Gliscor|0 fnt\n|-damage|p1b: Farigiraf|53/100\n|faint|p1a: Gliscor\n|move|p1b: Farigiraf|Trick Room|p1b: Farigiraf\n|-fieldstart|move: Trick Room|[of] p1b: Farigiraf\n|\n|upkeep\n|\n|t:|1776268379\n|switch|p1a: Aggron|Aggron, L50, M|100/100\n|turn|5\n|\n|t:|1776268408\n|detailschange|p2a: Blastoise|Blastoise-Mega, L50, F\n|-mega|p2a: Blastoise|Blastoise|Blastoisinite\n|move|p1a: Aggron|Iron Defense|p1a: Aggron\n|-boost|p1a: Aggron|def|2\n|move|p1b: Farigiraf|Psychic|p2b: Typhlosion\n|-damage|p2b: Typhlosion|48/100\n|move|p2a: Blastoise|Aura Sphere|p1a: Aggron\n|-supereffective|p1a: Aggron|2\n|-damage|p1a: Aggron|0 fnt\n|faint|p1a: Aggron\n|move|p2b: Typhlosion|Eruption|p1b: Farigiraf\n|-damage|p1b: Farigiraf|23/100\n|\n|upkeep\n|\n|t:|1776268420\n|switch|p1a: Incineroar|Incineroar, L50, F|46/100\n|-ability|p1a: Incineroar|Intimidate|boost\n|-unboost|p2a: Blastoise|atk|1\n|-unboost|p2b: Typhlosion|atk|1\n|turn|6\n|\n|t:|1776268439\n|switch|p2b: Tauros|Tauros, L50, M|92/100\n|-ability|p2b: Tauros|Intimidate|boost\n|-unboost|p1a: Incineroar|atk|1\n|-unboost|p1b: Farigiraf|atk|1\n|move|p2a: Blastoise|Protect|p2a: Blastoise\n|-singleturn|p2a: Blastoise|Protect\n|move|p1a: Incineroar|Fake Out|p2a: Blastoise\n|-activate|p2a: Blastoise|move: Protect\n|move|p1b: Farigiraf|Psychic|p2b: Tauros\n|-damage|p2b: Tauros|27/100\n|-enditem|p2b: Tauros|Sitrus Berry|[eat]\n|-heal|p2b: Tauros|52/100|[from] item: Sitrus Berry\n|\n|upkeep\n|turn|7\n|\n|t:|1776268465\n|move|p2b: Tauros|Protect|p2b: Tauros\n|-singleturn|p2b: Tauros|Protect\n|move|p1b: Farigiraf|Psychic|p2a: Blastoise\n|-damage|p2a: Blastoise|68/100\n|move|p1a: Incineroar|Flare Blitz|p2b: Tauros\n|-activate|p2b: Tauros|move: Protect\n|move|p2a: Blastoise|Aura Sphere|p1a: Incineroar\n|-supereffective|p1a: Incineroar|1\n|-damage|p1a: Incineroar|0 fnt\n|faint|p1a: Incineroar\n|\n|upkeep\n|turn|8\n|\n|t:|1776268484\n|move|p1b: Farigiraf|Psychic|p2b: Tauros\n|-damage|p2b: Tauros|0 fnt\n|faint|p2b: Tauros\n|move|p2a: Blastoise|Dark Pulse|p1b: Farigiraf\n|-supereffective|p1b: Farigiraf|1\n|-damage|p1b: Farigiraf|0 fnt\n|faint|p1b: Farigiraf\n|\n|win|thc_byakugan\n|raw|DrDread3k's rating: 1108 &rarr; <strong>1087</strong><br />(-21 for losing)\n|raw|thc_byakugan's rating: 1158 &rarr; <strong>1179</strong><br />(+21 for winning)\n|c|\u2606DrDread3k|gg\n",
  "uploadtime": 1776268493,
  "views": 33,
  "formatid": "gen9championsvgc2026regma",
  "rating": 1087,
  "private": 0,
  "password": null
}