{
  "id": "gen9championsvgc2026regma-2582831548",
  "format": "[Gen 9 Champions] VGC 2026 Reg M-A",
  "players": [
    "Wolfe Flick",
    "Lone Thief"
  ],
  "log": "|j|\u2606Wolfe Flick\n|j|\u2606Lone Thief\n|t:|1776117476\n|gametype|doubles\n|player|p1|Wolfe Flick|leon-tower|1440\n|player|p2|Lone Thief|gambler|1351\n|gen|9\n|tier|[Gen 9 Champions] VGC 2026 Reg M-A\n|rated|\n|rule|Species Clause: Limit one of each Pok\u00e9mon\n|rule|Item Clause: Limit 1 of each item\n|clearpoke\n|poke|p1|Pelipper, L50, M|\n|poke|p1|Meganium, L50, M|\n|poke|p1|Basculegion, L50, M|\n|poke|p1|Archaludon, L50, M|\n|poke|p1|Glimmora, L50, M|\n|poke|p1|Sableye, L50, M|\n|poke|p2|Pelipper, L50, F|\n|poke|p2|Archaludon, L50, M|\n|poke|p2|Basculegion, L50, M|\n|poke|p2|Alakazam, L50, M|\n|poke|p2|Lucario, L50, M|\n|poke|p2|Meowstic, L50, M|\n|teampreview|4\n|inactive|Battle timer is ON: inactive players will automatically lose when time's up. (requested by Lone Thief)\n|j| Charizard_man777\n|l| Charizard_man777\n|inactive|Wolfe Flick has 60 seconds left.\n|\n|t:|1776117520\n|teamsize|p1|4\n|teamsize|p2|4\n|start\n|switch|p1a: Basculegion|Basculegion, L50, M|100/100\n|switch|p1b: Sableye|Sableye, L50, M|100/100\n|switch|p2a: Archaludon|Archaludon, L50, M|100/100\n|switch|p2b: Meowstic|Meowstic, L50, M|100/100\n|turn|1\n|\n|t:|1776117545\n|move|p2b: Meowstic|Rain Dance|p2b: Meowstic\n|-weather|RainDance\n|move|p1b: Sableye|Thunder Wave|p2a: Archaludon\n|-status|p2a: Archaludon|par\n|move|p1a: Basculegion|Flip Turn|p2b: Meowstic\n|-damage|p2b: Meowstic|13/100\n|-enditem|p2b: Meowstic|Sitrus Berry|[eat]\n|-heal|p2b: Meowstic|38/100|[from] item: Sitrus Berry\n|\n|t:|1776117554\n|switch|p1a: Archaludon|Archaludon, L50, M, shiny|100/100|[from] Flip Turn\n|move|p2a: Archaludon|Electro Shot||[still]\n|-prepare|p2a: Archaludon|Electro Shot\n|-boost|p2a: Archaludon|spa|1\n|-anim|p2a: Archaludon|Electro Shot|p1a: Archaludon\n|-resisted|p1a: Archaludon|1\n|-damage|p1a: Archaludon|61/100\n|\n|-weather|RainDance|[upkeep]\n|upkeep\n|turn|2\n|\n|t:|1776117578\n|move|p2b: Meowstic|Psychic Terrain|p2b: Meowstic\n|-fieldstart|move: Psychic Terrain\n|move|p1b: Sableye|Encore|p2a: Archaludon\n|-activate|p2a: Archaludon|move: Psychic Terrain\n|move|p1a: Archaludon|Electro Shot||[still]\n|-prepare|p1a: Archaludon|Electro Shot\n|-boost|p1a: Archaludon|spa|1\n|-anim|p1a: Archaludon|Electro Shot|p2b: Meowstic\n|-damage|p2b: Meowstic|0 fnt\n|faint|p2b: Meowstic\n|move|p2a: Archaludon|Draco Meteor|p1a: Archaludon\n|-damage|p1a: Archaludon|0 fnt\n|-unboost|p2a: Archaludon|spa|2\n|faint|p1a: Archaludon\n|\n|-weather|RainDance|[upkeep]\n|upkeep\n|\n|t:|1776117594\n|switch|p2b: Basculegion|Basculegion, L50, M|100/100\n|switch|p1a: Meganium|Meganium, L50, M, shiny|100/100\n|turn|3\n|inactive|Wolfe Flick has 30 seconds left.\n|inactive|Wolfe Flick has 20 seconds left.\n|inactive|Wolfe Flick has 15 seconds left.\n|\n|t:|1776117635\n|switch|p1b: Basculegion|Basculegion, L50, M|100/100\n|switch|p2a: Alakazam|Alakazam, L50, M|100/100\n|move|p1a: Meganium|Protect|p1a: Meganium\n|-singleturn|p1a: Meganium|Protect\n|move|p2b: Basculegion|Flip Turn|p1b: Basculegion\n|-resisted|p1b: Basculegion|1\n|-damage|p1b: Basculegion|70/100\n|\n|t:|1776117646\n|switch|p2b: Archaludon|Archaludon, L50, M|100/100 par|[from] Flip Turn\n|\n|-weather|RainDance|[upkeep]\n|upkeep\n|turn|4\n|\n|t:|1776117663\n|switch|p1b: Sableye|Sableye, L50, M|100/100\n|detailschange|p1a: Meganium|Meganium-Mega, L50, M, shiny\n|-mega|p1a: Meganium|Meganium|Meganiumite\n|move|p2a: Alakazam|Protect|p2a: Alakazam\n|-singleturn|p2a: Alakazam|Protect\n|move|p1a: Meganium|Solar Beam||[still]\n|-prepare|p1a: Meganium|Solar Beam\n|-activate|p1a: Meganium|ability: Mega Sol\n|-anim|p1a: Meganium|Solar Beam|p2a: Alakazam\n|-activate|p2a: Alakazam|move: Protect\n|move|p2b: Archaludon|Electro Shot||[still]\n|-prepare|p2b: Archaludon|Electro Shot\n|-boost|p2b: Archaludon|spa|1\n|-anim|p2b: Archaludon|Electro Shot|p1b: Sableye\n|-damage|p1b: Sableye|37/100\n|\n|-weather|RainDance|[upkeep]\n|upkeep\n|turn|5\n|inactive|Wolfe Flick has 30 seconds left.\n|inactive|Lone Thief has 30 seconds left.\n|\n|t:|1776117698\n|detailschange|p2a: Alakazam|Alakazam-Mega, L50, M\n|-mega|p2a: Alakazam|Alakazam|Alakazite\n|-ability|p2a: Alakazam|Mega Sol|Trace|[from] ability: Trace|[of] p1a: Meganium\n|move|p1a: Meganium|Protect|p1a: Meganium\n|-singleturn|p1a: Meganium|Protect\n|move|p1b: Sableye|Thunder Wave|p2a: Alakazam\n|-activate|p2a: Alakazam|move: Psychic Terrain\n|move|p2a: Alakazam|Expanding Force|p1a: Meganium|[spread] \n|-activate|p1a: Meganium|move: Protect\n|-immune|p1b: Sableye\n|move|p2b: Archaludon|Electro Shot||[still]\n|-prepare|p2b: Archaludon|Electro Shot\n|-boost|p2b: Archaludon|spa|1\n|-anim|p2b: Archaludon|Electro Shot|p1b: Sableye\n|-crit|p1b: Sableye\n|-damage|p1b: Sableye|0 fnt\n|faint|p1b: Sableye\n|\n|-weather|none\n|upkeep\n|\n|t:|1776117713\n|switch|p1b: Basculegion|Basculegion, L50, M|70/100\n|turn|6\n|\n|t:|1776117736\n|move|p1b: Basculegion|Last Respects|p2a: Alakazam\n|-supereffective|p2a: Alakazam|1\n|-damage|p2a: Alakazam|0 fnt\n|faint|p2a: Alakazam\n|move|p1a: Meganium|Weather Ball|p2b: Archaludon\n|-damage|p2b: Archaludon|47/100 par\n|-ability|p2b: Archaludon|Stamina|boost\n|-boost|p2b: Archaludon|def|1\n|move|p2b: Archaludon|Flash Cannon|p1a: Meganium\n|-supereffective|p1a: Meganium|1\n|-damage|p1a: Meganium|0 fnt\n|faint|p1a: Meganium\n|\n|-heal|p2b: Archaludon|53/100 par|[from] item: Leftovers\n|-fieldend|move: Psychic Terrain\n|upkeep\n|\n|t:|1776117747\n|switch|p2a: Basculegion|Basculegion, L50, M|100/100\n|turn|7\n|\n|t:|1776117754\n|move|p1b: Basculegion|Last Respects|p2a: Basculegion\n|-supereffective|p2a: Basculegion|1\n|-damage|p2a: Basculegion|0 fnt\n|faint|p2a: Basculegion\n|move|p2b: Archaludon|Draco Meteor|p1b: Basculegion\n|-damage|p1b: Basculegion|0 fnt\n|-unboost|p2b: Archaludon|spa|2\n|faint|p1b: Basculegion\n|\n|win|Lone Thief\n|raw|Wolfe Flick's rating: 1440 &rarr; <strong>1415</strong><br />(-25 for losing)\n|raw|Lone Thief's rating: 1351 &rarr; <strong>1376</strong><br />(+25 for winning)\n|l|\u2606Wolfe Flick\n|player|p1|\n|l|\u2606Lone Thief\n|player|p2|\n",
  "uploadtime": 1776117765,
  "views": 35,
  "formatid": "gen9championsvgc2026regma",
  "rating": 1376,
  "private": 0,
  "password": null
}