{
  "id": "gen9championsvgc2026regma-2580411938",
  "format": "[Gen 9 Champions] VGC 2026 Reg M-A",
  "players": [
    "SabrinaCarTimburr",
    "xomcon"
  ],
  "log": "|j|\u2606SabrinaCarTimburr\n|j|\u2606xomcon\n|t:|1775892531\n|gametype|doubles\n|player|p1|SabrinaCarTimburr|sabrina-frlg|1000\n|player|p2|xomcon|169|1000\n|gen|9\n|tier|[Gen 9 Champions] VGC 2026 Reg M-A\n|rated|\n|rule|Species Clause: Limit one of each Pok\u00e9mon\n|rule|Item Clause: Limit 1 of each item\n|clearpoke\n|poke|p1|Dragonite, L50, F|\n|poke|p1|Politoed, L50, F|\n|poke|p1|Sinistcha, L50|\n|poke|p1|Incineroar, L50, F|\n|poke|p1|Raichu, L50, M|\n|poke|p1|Gengar, L50, M|\n|poke|p2|Gengar, L50, M|\n|poke|p2|Incineroar, L50, M|\n|poke|p2|Milotic, L50, F|\n|poke|p2|Meowscarada, L50, M|\n|poke|p2|Pelipper, L50, M|\n|poke|p2|Araquanid, L50, F|\n|teampreview|4\n|inactive|Battle timer is ON: inactive players will automatically lose when time's up. (requested by xomcon)\n|inactive|SabrinaCarTimburr has 60 seconds left.\n|inactive|xomcon has 60 seconds left.\n|\n|t:|1775892571\n|teamsize|p1|4\n|teamsize|p2|4\n|start\n|switch|p1a: Dragonite|Dragonite, L50, F|100/100\n|switch|p1b: Raichu|Raichu, L50, M|100/100\n|switch|p2a: Gengar|Gengar, L50, M|100/100\n|switch|p2b: Incineroar|Incineroar, L50, M|100/100\n|-ability|p2b: Incineroar|Intimidate|boost\n|-unboost|p1a: Dragonite|atk|1\n|-unboost|p1b: Raichu|atk|1\n|turn|1\n|inactive|SabrinaCarTimburr has 30 seconds left.\n|inactive|xomcon has 30 seconds left.\n|\n|t:|1775892602\n|detailschange|p2a: Gengar|Gengar-Mega, L50, M\n|-mega|p2a: Gengar|Gengar|Gengarite\n|move|p1b: Raichu|Fake Out|p2b: Incineroar\n|-damage|p2b: Incineroar|96/100\n|cant|p2b: Incineroar|flinch\n|move|p2a: Gengar|Perish Song|p2a: Gengar\n|-start|p1a: Dragonite|perish3|[silent]\n|-start|p1b: Raichu|perish3|[silent]\n|-start|p2a: Gengar|perish3|[silent]\n|-start|p2b: Incineroar|perish3|[silent]\n|-fieldactivate|move: Perish Song\n|move|p1a: Dragonite|Tailwind|p1a: Dragonite\n|-sidestart|p1: SabrinaCarTimburr|move: Tailwind\n|\n|-start|p1b: Raichu|perish3\n|-start|p1a: Dragonite|perish3\n|-start|p2a: Gengar|perish3\n|-start|p2b: Incineroar|perish3\n|upkeep\n|turn|2\n|inactive|SabrinaCarTimburr has 30 seconds left.\n|inactive|xomcon has 30 seconds left.\n|inactive|SabrinaCarTimburr has 20 seconds left.\n|inactive|SabrinaCarTimburr has 15 seconds left.\n|\n|t:|1775892644\n|move|p2a: Gengar|Protect|p2a: Gengar\n|-singleturn|p2a: Gengar|Protect\n|move|p2b: Incineroar|Protect|p2b: Incineroar\n|-singleturn|p2b: Incineroar|Protect\n|move|p1b: Raichu|Volt Switch|p2b: Incineroar\n|-activate|p2b: Incineroar|move: Protect\n|move|p1a: Dragonite|Hurricane|p2b: Incineroar\n|-activate|p2b: Incineroar|move: Protect\n|\n|-start|p1b: Raichu|perish2\n|-start|p1a: Dragonite|perish2\n|-start|p2a: Gengar|perish2\n|-start|p2b: Incineroar|perish2\n|upkeep\n|turn|3\n|inactive|xomcon has 30 seconds left.\n|inactive|xomcon has 20 seconds left.\n|\n|t:|1775892680\n|switch|p2a: Milotic|Milotic, L50, F|100/100\n|detailschange|p1a: Dragonite|Dragonite-Mega, L50, F\n|-mega|p1a: Dragonite|Dragonite|Dragoninite\n|move|p1b: Raichu|Volt Switch|p2a: Milotic\n|-supereffective|p2a: Milotic|1\n|-damage|p2a: Milotic|58/100\n|\n|t:|1775892694\n|switch|p1b: Sinistcha|Sinistcha, L50|100/100|[from] Volt Switch\n|move|p1a: Dragonite|Draco Meteor|p2a: Milotic\n|-damage|p2a: Milotic|2/100\n|-unboost|p1a: Dragonite|spa|2\n|move|p2b: Incineroar|Parting Shot|p2a: Milotic\n|-unboost|p2a: Milotic|atk|1\n|-unboost|p2a: Milotic|spa|1\n|\n|t:|1775892709\n|switch|p2b: Gengar|Gengar-Mega, L50, M|100/100|[from] Parting Shot\n|\n|-heal|p2a: Milotic|8/100|[from] item: Leftovers\n|-start|p1a: Dragonite|perish1\n|upkeep\n|turn|4\n|inactive|SabrinaCarTimburr has 30 seconds left.\n|inactive|SabrinaCarTimburr has 20 seconds left.\n|inactive|SabrinaCarTimburr has 15 seconds left.\n|\n|t:|1775892751\n|move|p2b: Gengar|Protect|p2b: Gengar\n|-singleturn|p2b: Gengar|Protect\n|move|p2a: Milotic|Protect|p2a: Milotic\n|-singleturn|p2a: Milotic|Protect\n|move|p1a: Dragonite|Draco Meteor|p2a: Milotic\n|-activate|p2a: Milotic|move: Protect\n|move|p1b: Sinistcha|Trick Room|p1b: Sinistcha\n|-fieldstart|move: Trick Room|[of] p1b: Sinistcha\n|\n|-heal|p2a: Milotic|14/100|[from] item: Leftovers\n|-start|p1a: Dragonite|perish0\n|-sideend|p1: SabrinaCarTimburr|move: Tailwind\n|faint|p1a: Dragonite\n|upkeep\n|\n|t:|1775892762\n|switch|p1a: Incineroar|Incineroar, L50, F|100/100\n|-ability|p1a: Incineroar|Intimidate|boost\n|-unboost|p2a: Milotic|atk|1\n|-ability|p2a: Milotic|Competitive|boost\n|-boost|p2a: Milotic|spa|2\n|-unboost|p2b: Gengar|atk|1\n|turn|5\n|inactive|xomcon has 30 seconds left.\n|inactive|xomcon has 20 seconds left.\n|\n|t:|1775892799\n|move|p1a: Incineroar|Throat Chop|p2b: Gengar\n|-supereffective|p2b: Gengar|1\n|-damage|p2b: Gengar|0 fnt\n|faint|p2b: Gengar\n|move|p1b: Sinistcha|Matcha Gotcha|p2a: Milotic\n|-supereffective|p2a: Milotic|1\n|-damage|p2a: Milotic|0 fnt\n|faint|p2a: Milotic\n|\n|upkeep\n|\n|t:|1775892810\n|switch|p2a: Incineroar|Incineroar, L50, M|96/100\n|switch|p2b: Meowscarada|Meowscarada, L50, M|100/100\n|-ability|p2a: Incineroar|Intimidate|boost\n|-unboost|p1a: Incineroar|atk|1\n|-unboost|p1b: Sinistcha|atk|1\n|turn|6\n|inactive|SabrinaCarTimburr has 30 seconds left.\n|\n|t:|1775892841\n|switch|p1b: Raichu|Raichu, L50, M|100/100\n|move|p2a: Incineroar|Fake Out|p1a: Incineroar\n|-damage|p1a: Incineroar|90/100\n|cant|p1a: Incineroar|flinch\n|move|p2b: Meowscarada|Knock Off|p1b: Raichu\n|-start|p2b: Meowscarada|typechange|Dark|[from] ability: Protean\n|-damage|p1b: Raichu|13/100\n|-enditem|p1b: Raichu|Focus Sash|[from] move: Knock Off|[of] p2b: Meowscarada\n|\n|upkeep\n|turn|7\n|inactive|SabrinaCarTimburr has 30 seconds left.\n|inactive|xomcon has 30 seconds left.\n|\n|t:|1775892874\n|move|p2b: Meowscarada|Protect|p2b: Meowscarada\n|-singleturn|p2b: Meowscarada|Protect\n|move|p1b: Raichu|Fake Out|p2b: Meowscarada\n|-activate|p2b: Meowscarada|move: Protect\n|move|p2a: Incineroar|Flare Blitz|p1b: Raichu\n|-damage|p1b: Raichu|0 fnt\n|faint|p1b: Raichu\n|-damage|p2a: Incineroar|93/100|[from] Recoil\n|move|p1a: Incineroar|Flare Blitz|p2b: Meowscarada\n|-activate|p2b: Meowscarada|move: Protect\n|\n|upkeep\n|\n|t:|1775892876\n|switch|p1b: Sinistcha|Sinistcha, L50|100/100\n|-heal|p1a: Incineroar|100/100|[from] ability: Hospitality|[of] p1b: Sinistcha\n|turn|8\n|inactive|SabrinaCarTimburr has 30 seconds left.\n|inactive|xomcon has 30 seconds left.\n|inactive|SabrinaCarTimburr has 20 seconds left.\n|inactive|SabrinaCarTimburr has 15 seconds left.\n|\n|t:|1775892920\n|move|p2b: Meowscarada|Protect||[still]\n|-fail|p2b: Meowscarada\n|move|p2a: Incineroar|Flare Blitz|p1b: Sinistcha\n|-supereffective|p1b: Sinistcha|1\n|-damage|p1b: Sinistcha|15/100\n|-damage|p2a: Incineroar|68/100|[from] Recoil\n|move|p1a: Incineroar|Flare Blitz|p2a: Incineroar\n|-resisted|p2a: Incineroar|1\n|-damage|p2a: Incineroar|54/100\n|-damage|p1a: Incineroar|96/100|[from] Recoil\n|move|p1b: Sinistcha|Strength Sap|p2b: Meowscarada\n|-unboost|p2b: Meowscarada|atk|1\n|-heal|p1b: Sinistcha|100/100\n|\n|-fieldend|move: Trick Room\n|upkeep\n|turn|9\n|inactive|SabrinaCarTimburr has 30 seconds left.\n|inactive|xomcon has 30 seconds left.\n|\n|t:|1775892949\n|move|p2b: Meowscarada|Knock Off|p1b: Sinistcha\n|-supereffective|p1b: Sinistcha|1\n|-damage|p1b: Sinistcha|52/100\n|-enditem|p1b: Sinistcha|Leftovers|[from] move: Knock Off|[of] p2b: Meowscarada\n|move|p1b: Sinistcha|Strength Sap|p2a: Incineroar\n|-unboost|p2a: Incineroar|atk|1\n|-heal|p1b: Sinistcha|100/100\n|move|p1a: Incineroar|Flare Blitz|p2b: Meowscarada\n|-damage|p2b: Meowscarada|51/100\n|-damage|p1a: Incineroar|83/100|[from] Recoil\n|move|p2a: Incineroar|Flare Blitz|p1b: Sinistcha\n|-supereffective|p1b: Sinistcha|1\n|-damage|p1b: Sinistcha|45/100\n|-damage|p2a: Incineroar|39/100|[from] Recoil\n|\n|upkeep\n|turn|10\n|inactive|SabrinaCarTimburr has 30 seconds left.\n|inactive|SabrinaCarTimburr has 20 seconds left.\n|inactive|SabrinaCarTimburr has 15 seconds left.\n|\n|t:|1775892992\n|move|p2b: Meowscarada|Flower Trick|p1a: Incineroar\n|-resisted|p1a: Incineroar|1\n|-crit|p1a: Incineroar\n|-damage|p1a: Incineroar|66/100\n|move|p1b: Sinistcha|Strength Sap|p2b: Meowscarada\n|-unboost|p2b: Meowscarada|atk|1\n|-heal|p1b: Sinistcha|100/100\n|move|p1a: Incineroar|Flare Blitz|p2a: Incineroar\n|-resisted|p2a: Incineroar|1\n|-damage|p2a: Incineroar|25/100\n|-damage|p1a: Incineroar|62/100|[from] Recoil\n|move|p2a: Incineroar|Flare Blitz|p1b: Sinistcha\n|-supereffective|p1b: Sinistcha|1\n|-damage|p1b: Sinistcha|45/100\n|-damage|p2a: Incineroar|9/100|[from] Recoil\n|\n|upkeep\n|turn|11\n|inactive|xomcon has 30 seconds left.\n|\n|t:|1775893017\n|move|p2b: Meowscarada|Flower Trick|p1a: Incineroar\n|-resisted|p1a: Incineroar|1\n|-crit|p1a: Incineroar\n|-damage|p1a: Incineroar|46/100\n|-enditem|p1a: Incineroar|Sitrus Berry|[eat]\n|-heal|p1a: Incineroar|71/100|[from] item: Sitrus Berry\n|move|p1b: Sinistcha|Strength Sap|p2a: Incineroar\n|-unboost|p2a: Incineroar|atk|1\n|-heal|p1b: Sinistcha|99/100\n|move|p1a: Incineroar|Flare Blitz|p2a: Incineroar\n|-resisted|p2a: Incineroar|1\n|-damage|p2a: Incineroar|0 fnt\n|faint|p2a: Incineroar\n|-damage|p1a: Incineroar|68/100|[from] Recoil\n|\n|upkeep\n|turn|12\n|-message|xomcon forfeited.\n|\n|win|SabrinaCarTimburr\n|raw|SabrinaCarTimburr's rating: 1000 &rarr; <strong>1040</strong><br />(+40 for winning)\n|raw|xomcon's rating: 1000 &rarr; <strong>1000</strong><br />(+0 for losing)\n|l|\u2606xomcon\n|player|p2|\n",
  "uploadtime": 1775893042,
  "views": 14,
  "formatid": "gen9championsvgc2026regma",
  "rating": 1000,
  "private": 0,
  "password": null
}