{
  "id": "gen9championsvgc2026regma-2583844236",
  "format": "[Gen 9 Champions] VGC 2026 Reg M-A",
  "players": [
    "Pandyc",
    "alexesmo5"
  ],
  "log": "|j|\u2606Pandyc\n|j|\u2606alexesmo5\n|t:|1776202119\n|gametype|doubles\n|player|p1|Pandyc|caitlin|1185\n|player|p2|alexesmo5|1|1185\n|gen|9\n|tier|[Gen 9 Champions] VGC 2026 Reg M-A\n|rated|\n|rule|Species Clause: Limit one of each Pok\u00e9mon\n|rule|Item Clause: Limit 1 of each item\n|clearpoke\n|poke|p1|Gardevoir, L50, F|\n|poke|p1|Incineroar, L50, M|\n|poke|p1|Sinistcha, L50|\n|poke|p1|Garchomp, L50, M|\n|poke|p1|Rotom-Wash, L50|\n|poke|p1|Aerodactyl, L50, F|\n|poke|p2|Venusaur, L50, M|\n|poke|p2|Dragonite, L50, F|\n|poke|p2|Incineroar, L50, M|\n|poke|p2|Sneasler, L50, M|\n|poke|p2|Basculegion, L50, M|\n|poke|p2|Kingambit, L50, M|\n|teampreview|4\n|inactive|Battle timer is ON: inactive players will automatically lose when time's up. (requested by alexesmo5)\n|inactive|Pandyc has 60 seconds left.\n|\n|t:|1776202228\n|teamsize|p1|4\n|teamsize|p2|4\n|start\n|switch|p1a: Rotom|Rotom-Wash, L50|100/100\n|switch|p1b: Aerodactyl|Aerodactyl, L50, F|100/100\n|switch|p2a: Basculegion|Basculegion, L50, M|100/100\n|switch|p2b: Incineroar|Incineroar, L50, M|100/100\n|-ability|p1b: Aerodactyl|Unnerve\n|-ability|p2b: Incineroar|Intimidate|boost\n|-unboost|p1a: Rotom|atk|1\n|-unboost|p1b: Aerodactyl|atk|1\n|turn|1\n|\n|t:|1776202248\n|move|p1b: Aerodactyl|Protect|p1b: Aerodactyl\n|-singleturn|p1b: Aerodactyl|Protect\n|move|p1a: Rotom|Protect|p1a: Rotom\n|-singleturn|p1a: Rotom|Protect\n|move|p2b: Incineroar|Fake Out|p1a: Rotom\n|-activate|p1a: Rotom|move: Protect\n|move|p2a: Basculegion|Flip Turn|p1b: Aerodactyl\n|-activate|p1b: Aerodactyl|move: Protect\n|\n|upkeep\n|turn|2\n|inactive|Pandyc has 30 seconds left.\n|\n|t:|1776202279\n|move|p2a: Basculegion|Flip Turn|p1b: Aerodactyl\n|-supereffective|p1b: Aerodactyl|1\n|-enditem|p1b: Aerodactyl|Focus Sash\n|-damage|p1b: Aerodactyl|1/100\n|\n|t:|1776202287\n|switch|p2a: Venusaur|Venusaur, L50, M|100/100|[from] Flip Turn\n|move|p1b: Aerodactyl|Rock Slide|p2b: Incineroar|[spread] p2a,p2b\n|-supereffective|p2b: Incineroar|1\n|-damage|p2a: Venusaur|82/100\n|-damage|p2b: Incineroar|73/100\n|move|p1a: Rotom|Hydro Pump|p2b: Incineroar\n|-supereffective|p2b: Incineroar|1\n|-damage|p2b: Incineroar|0 fnt\n|faint|p2b: Incineroar\n|\n|upkeep\n|\n|t:|1776202301\n|switch|p2b: Basculegion|Basculegion, L50, M|100/100\n|turn|3\n|\n|t:|1776202315\n|detailschange|p2a: Venusaur|Venusaur-Mega, L50, M\n|-mega|p2a: Venusaur|Venusaur|Venusaurite\n|move|p1b: Aerodactyl|Protect|p1b: Aerodactyl\n|-singleturn|p1b: Aerodactyl|Protect\n|move|p1a: Rotom|Protect|p1a: Rotom\n|-singleturn|p1a: Rotom|Protect\n|move|p2b: Basculegion|Last Respects|p1a: Rotom\n|-activate|p1a: Rotom|move: Protect\n|move|p2a: Venusaur|Sludge Bomb|p1b: Aerodactyl\n|-activate|p1b: Aerodactyl|move: Protect\n|\n|upkeep\n|turn|4\n|\n|t:|1776202338\n|move|p2b: Basculegion|Last Respects|p1b: Aerodactyl\n|-damage|p1b: Aerodactyl|0 fnt\n|faint|p1b: Aerodactyl\n|move|p2a: Venusaur|Leech Seed|p1a: Rotom\n|-start|p1a: Rotom|move: Leech Seed\n|move|p1a: Rotom|Thunderbolt|p2b: Basculegion\n|-supereffective|p2b: Basculegion|1\n|-damage|p2b: Basculegion|11/100\n|\n|-damage|p1a: Rotom|88/100|[from] Leech Seed|[of] p2a: Venusaur\n|-heal|p2a: Venusaur|92/100|[silent]\n|upkeep\n|\n|t:|1776202351\n|switch|p1b: Garchomp|Garchomp, L50, M|100/100\n|turn|5\n|\n|t:|1776202371\n|move|p2b: Basculegion|Last Respects|p1a: Rotom\n|-damage|p1a: Rotom|24/100\n|-enditem|p1a: Rotom|Sitrus Berry|[eat]\n|-heal|p1a: Rotom|49/100|[from] item: Sitrus Berry\n|move|p1b: Garchomp|Earthquake|p2b: Basculegion|[spread] p2a,p2b\n|-immune|p1a: Rotom|[from] ability: Levitate\n|-crit|p2a: Venusaur\n|-damage|p2a: Venusaur|39/100\n|-damage|p2b: Basculegion|0 fnt\n|faint|p2b: Basculegion\n|move|p2a: Venusaur|Leech Seed|p1b: Garchomp\n|-start|p1b: Garchomp|move: Leech Seed\n|move|p1a: Rotom|Will-O-Wisp|p2a: Venusaur\n|-status|p2a: Venusaur|brn\n|\n|-damage|p1b: Garchomp|88/100|[from] Leech Seed|[of] p2a: Venusaur\n|-heal|p2a: Venusaur|52/100 brn|[silent]\n|-damage|p1a: Rotom|37/100|[from] Leech Seed|[of] p2a: Venusaur\n|-heal|p2a: Venusaur|62/100 brn|[silent]\n|-damage|p2a: Venusaur|56/100 brn|[from] brn\n|upkeep\n|\n|t:|1776202389\n|switch|p2b: Sneasler|Sneasler, L50, M|100/100\n|turn|6\n|\n|t:|1776202399\n|move|p2b: Sneasler|Protect|p2b: Sneasler\n|-singleturn|p2b: Sneasler|Protect\n|move|p1b: Garchomp|Protect|p1b: Garchomp\n|-singleturn|p1b: Garchomp|Protect\n|move|p2a: Venusaur|Protect|p2a: Venusaur\n|-singleturn|p2a: Venusaur|Protect\n|move|p1a: Rotom|Protect||[still]\n|-fail|p1a: Rotom\n|\n|-damage|p1b: Garchomp|75/100|[from] Leech Seed|[of] p2a: Venusaur\n|-heal|p2a: Venusaur|69/100 brn|[silent]\n|-damage|p1a: Rotom|25/100|[from] Leech Seed|[of] p2a: Venusaur\n|-heal|p2a: Venusaur|79/100 brn|[silent]\n|-damage|p2a: Venusaur|73/100 brn|[from] brn\n|upkeep\n|turn|7\n|inactive|alexesmo5 has 30 seconds left.\n|\n|t:|1776202430\n|move|p2b: Sneasler|Dire Claw|p1b: Garchomp\n|-resisted|p1b: Garchomp|1\n|-damage|p1b: Garchomp|56/100\n|-damage|p2b: Sneasler|88/100|[from] ability: Rough Skin|[of] p1b: Garchomp\n|move|p1b: Garchomp|Earthquake|p2a: Venusaur|[spread] p2a,p2b\n|-immune|p1a: Rotom|[from] ability: Levitate\n|-supereffective|p2b: Sneasler|1\n|-damage|p2a: Venusaur|35/100 brn\n|-damage|p2b: Sneasler|0 fnt\n|faint|p2b: Sneasler\n|move|p2a: Venusaur|Earth Power|p1b: Garchomp\n|-damage|p1b: Garchomp|27/100\n|move|p1a: Rotom|Will-O-Wisp|p2a: Venusaur\n|-fail|p2a: Venusaur|brn\n|\n|-damage|p1b: Garchomp|14/100|[from] Leech Seed|[of] p2a: Venusaur\n|-heal|p2a: Venusaur|48/100 brn|[silent]\n|-damage|p1a: Rotom|13/100|[from] Leech Seed|[of] p2a: Venusaur\n|-heal|p2a: Venusaur|58/100 brn|[silent]\n|-damage|p2a: Venusaur|52/100 brn|[from] brn\n|upkeep\n|turn|8\n|inactive|Pandyc has 30 seconds left.\n|inactive|Pandyc has 20 seconds left.\n|\n|t:|1776202466\n|switch|p1b: Gardevoir|Gardevoir, L50, F|100/100\n|move|p2a: Venusaur|Protect|p2a: Venusaur\n|-singleturn|p2a: Venusaur|Protect\n|move|p1a: Rotom|Thunderbolt|p2a: Venusaur\n|-activate|p2a: Venusaur|move: Protect\n|\n|-damage|p1a: Rotom|0 fnt|[from] Leech Seed|[of] p2a: Venusaur\n|-heal|p2a: Venusaur|63/100 brn|[silent]\n|faint|p1a: Rotom\n|-damage|p2a: Venusaur|57/100 brn|[from] brn\n|upkeep\n|\n|t:|1776202478\n|switch|p1a: Garchomp|Garchomp, L50, M|14/100\n|turn|9\n|\n|t:|1776202489\n|move|p1a: Garchomp|Earthquake|p2a: Venusaur|[spread] p2a\n|-activate|p1b: Gardevoir|ability: Telepathy\n|-damage|p2a: Venusaur|20/100 brn\n|move|p2a: Venusaur|Leech Seed|p1a: Garchomp\n|-start|p1a: Garchomp|move: Leech Seed\n|move|p1b: Gardevoir|Psychic|p2a: Venusaur\n|-supereffective|p2a: Venusaur|1\n|-damage|p2a: Venusaur|0 fnt\n|faint|p2a: Venusaur\n|\n|win|Pandyc\n|raw|Pandyc's rating: 1185 &rarr; <strong>1210</strong><br />(+25 for winning)\n|raw|alexesmo5's rating: 1185 &rarr; <strong>1160</strong><br />(-25 for losing)\n",
  "uploadtime": 1776202498,
  "views": 17,
  "formatid": "gen9championsvgc2026regma",
  "rating": 1160,
  "private": 0,
  "password": null
}