{
  "id": "gen9championsvgc2026regma-2583586535",
  "format": "[Gen 9 Champions] VGC 2026 Reg M-A",
  "players": [
    "Tonywongtong",
    "kjljsdfsg"
  ],
  "log": "|j|\u203dTonywongtong\n|j|\u2606kjljsdfsg\n|t:|1776184955\n|gametype|doubles\n|player|p1|Tonywongtong|cynthia|1125\n|player|p2|kjljsdfsg|102|1133\n|gen|9\n|tier|[Gen 9 Champions] VGC 2026 Reg M-A\n|rated|\n|rule|Species Clause: Limit one of each Pok\u00e9mon\n|rule|Item Clause: Limit 1 of each item\n|clearpoke\n|poke|p1|Feraligatr, L50, F|\n|poke|p1|Incineroar, L50, F|\n|poke|p1|Pelipper, L50, F|\n|poke|p1|Archaludon, L50, M|\n|poke|p1|Sneasler, L50, F|\n|poke|p1|Sinistcha, L50|\n|poke|p2|Froslass, L50, F|\n|poke|p2|Garchomp, L50, F|\n|poke|p2|Aerodactyl, L50, M|\n|poke|p2|Sinistcha-Masterpiece, L50|\n|poke|p2|Sneasler, L50, F|\n|poke|p2|Incineroar, L50, F|\n|teampreview|4\n|inactive|Battle timer is ON: inactive players will automatically lose when time's up. (requested by kjljsdfsg)\n|inactive|Tonywongtong has 60 seconds left.\n|\n|t:|1776185002\n|teamsize|p1|4\n|teamsize|p2|4\n|start\n|switch|p1a: Feraligatr|Feraligatr, L50, F|100/100\n|switch|p1b: Incineroar|Incineroar, L50, F|100/100\n|switch|p2a: Froslass|Froslass, L50, F, shiny|100/100\n|switch|p2b: Garchomp|Garchomp, L50, F|100/100\n|-ability|p1b: Incineroar|Intimidate|boost\n|-unboost|p2a: Froslass|atk|1\n|-unboost|p2b: Garchomp|atk|1\n|turn|1\n|\n|t:|1776185016\n|detailschange|p2a: Froslass|Froslass-Mega, L50, F, shiny\n|-mega|p2a: Froslass|Froslass|Froslassite\n|-weather|Snowscape|[from] ability: Snow Warning|[of] p2a: Froslass\n|move|p1b: Incineroar|Fake Out|p2b: Garchomp\n|-damage|p2b: Garchomp|86/100\n|-damage|p1b: Incineroar|88/100|[from] ability: Rough Skin|[of] p2b: Garchomp\n|cant|p2b: Garchomp|flinch\n|move|p2a: Froslass|Blizzard|p1b: Incineroar|[spread] p1a,p1b\n|-resisted|p1a: Feraligatr|1\n|-resisted|p1b: Incineroar|1\n|-damage|p1a: Feraligatr|70/100\n|-damage|p1b: Incineroar|61/100\n|move|p1a: Feraligatr|Dragon Dance|p1a: Feraligatr\n|-boost|p1a: Feraligatr|atk|1\n|-boost|p1a: Feraligatr|spe|1\n|\n|-weather|Snowscape|[upkeep]\n|upkeep\n|turn|2\n|inactive|Tonywongtong has 30 seconds left.\n|\n|t:|1776185044\n|switch|p1b: Pelipper|Pelipper, L50, F|100/100\n|-weather|RainDance|[from] ability: Drizzle|[of] p1b: Pelipper\n|move|p1a: Feraligatr|Protect|p1a: Feraligatr\n|-singleturn|p1a: Feraligatr|Protect\n|move|p2b: Garchomp|Dragon Claw|p1a: Feraligatr\n|-activate|p1a: Feraligatr|move: Protect\n|move|p2a: Froslass|Aurora Veil||[still]\n|-fail|p2a: Froslass\n|\n|-weather|RainDance|[upkeep]\n|upkeep\n|turn|3\n|inactive|Tonywongtong has 30 seconds left.\n|inactive|Tonywongtong has 20 seconds left.\n|inactive|Tonywongtong has 15 seconds left.\n|\n|t:|1776185087\n|switch|p2a: Sinistcha|Sinistcha-Masterpiece, L50|100/100\n|-heal|p2b: Garchomp|100/100|[from] ability: Hospitality|[of] p2a: Sinistcha\n|detailschange|p1a: Feraligatr|Feraligatr-Mega, L50, F\n|-mega|p1a: Feraligatr|Feraligatr|Feraligite\n|move|p1b: Pelipper|Wide Guard|p1b: Pelipper\n|-singleturn|p1b: Pelipper|Wide Guard\n|move|p2b: Garchomp|Dragon Claw|p1a: Feraligatr\n|-supereffective|p1a: Feraligatr|1\n|-damage|p1a: Feraligatr|16/100\n|move|p1a: Feraligatr|Body Slam|p2b: Garchomp\n|-supereffective|p2b: Garchomp|1\n|-damage|p2b: Garchomp|0 fnt\n|-damage|p1a: Feraligatr|4/100|[from] ability: Rough Skin|[of] p2b: Garchomp\n|faint|p2b: Garchomp\n|\n|-weather|RainDance|[upkeep]\n|upkeep\n|\n|t:|1776185100\n|switch|p2b: Froslass|Froslass-Mega, L50, F, shiny|100/100\n|-weather|Snowscape|[from] ability: Snow Warning|[of] p2b: Froslass\n|turn|4\n|\n|t:|1776185107\n|move|p1a: Feraligatr|Protect|p1a: Feraligatr\n|-singleturn|p1a: Feraligatr|Protect\n|move|p2a: Sinistcha|Rage Powder|p2a: Sinistcha\n|-singleturn|p2a: Sinistcha|move: Rage Powder\n|move|p2b: Froslass|Shadow Ball|p1a: Feraligatr\n|-activate|p1a: Feraligatr|move: Protect\n|move|p1b: Pelipper|Tailwind|p1b: Pelipper\n|-sidestart|p1: Tonywongtong|move: Tailwind\n|\n|-weather|Snowscape|[upkeep]\n|upkeep\n|turn|5\n|\n|t:|1776185131\n|move|p2b: Froslass|Protect|p2b: Froslass\n|-singleturn|p2b: Froslass|Protect\n|move|p1a: Feraligatr|Body Slam|p2b: Froslass\n|-activate|p2b: Froslass|move: Protect\n|move|p1b: Pelipper|Hurricane|p2a: Sinistcha\n|-supereffective|p2a: Sinistcha|1\n|-damage|p2a: Sinistcha|5/100\n|-enditem|p2a: Sinistcha|Sitrus Berry|[eat]\n|-heal|p2a: Sinistcha|30/100|[from] item: Sitrus Berry\n|move|p2a: Sinistcha|Trick Room|p2a: Sinistcha\n|-fieldstart|move: Trick Room|[of] p2a: Sinistcha\n|\n|-weather|Snowscape|[upkeep]\n|upkeep\n|turn|6\n|inactive|Tonywongtong has 30 seconds left.\n|inactive|Tonywongtong has 20 seconds left.\n|inactive|Tonywongtong has 15 seconds left.\n|inactive|Tonywongtong has 10 seconds left.\n|inactive|Tonywongtong has 5 seconds left.\n|inactive|kjljsdfsg has 30 seconds left.\n|\n|t:|1776185188\n|move|p2a: Sinistcha|Matcha Gotcha|p1b: Pelipper|[spread] p1a,p1b\n|-damage|p1a: Feraligatr|0 fnt\n|-heal|p2a: Sinistcha|31/100|[from] drain|[of] p1a: Feraligatr\n|-damage|p1b: Pelipper|71/100\n|-heal|p2a: Sinistcha|43/100|[from] drain|[of] p1b: Pelipper\n|faint|p1a: Feraligatr\n|move|p1b: Pelipper|Weather Ball|p2b: Froslass\n|-resisted|p2b: Froslass|1\n|-damage|p2b: Froslass|81/100\n|move|p2b: Froslass|Shadow Ball|p1b: Pelipper\n|-damage|p1b: Pelipper|14/100\n|-unboost|p1b: Pelipper|spd|1\n|\n|-weather|Snowscape|[upkeep]\n|upkeep\n|\n|t:|1776185200\n|switch|p1a: Incineroar|Incineroar, L50, F|61/100\n|-ability|p1a: Incineroar|Intimidate|boost\n|-unboost|p2a: Sinistcha|atk|1\n|-unboost|p2b: Froslass|atk|1\n|turn|7\n|inactive|Tonywongtong has 30 seconds left.\n|inactive|Tonywongtong has 20 seconds left.\n|inactive|Tonywongtong has 15 seconds left.\n|inactive|Tonywongtong has 10 seconds left.\n|\n|t:|1776185248\n|move|p1b: Pelipper|Wide Guard|p1b: Pelipper\n|-singleturn|p1b: Pelipper|Wide Guard\n|move|p2b: Froslass|Aurora Veil|p2b: Froslass\n|-sidestart|p2: kjljsdfsg|move: Aurora Veil\n|move|p1a: Incineroar|Darkest Lariat|p2b: Froslass\n|-supereffective|p2b: Froslass|1\n|-damage|p2b: Froslass|15/100\n|move|p2a: Sinistcha|Trick Room|p2a: Sinistcha\n|-fieldend|move: Trick Room\n|\n|-weather|Snowscape|[upkeep]\n|-sideend|p1: Tonywongtong|move: Tailwind\n|upkeep\n|turn|8\n|inactive|Tonywongtong has 30 seconds left.\n|inactive|Tonywongtong has 20 seconds left.\n|inactive|Tonywongtong has 15 seconds left.\n|inactive|Tonywongtong has 10 seconds left.\n|inactive|Tonywongtong has 5 seconds left.\n|\n|t:|1776185305\n|move|p2a: Sinistcha|Rage Powder|p2a: Sinistcha\n|-singleturn|p2a: Sinistcha|move: Rage Powder\n|move|p2b: Froslass|Shadow Ball|p1b: Pelipper\n|-damage|p1b: Pelipper|0 fnt\n|faint|p1b: Pelipper\n|move|p1a: Incineroar|Darkest Lariat|p2a: Sinistcha\n|-supereffective|p2a: Sinistcha|1\n|-damage|p2a: Sinistcha|0 fnt\n|faint|p2a: Sinistcha\n|\n|-weather|none\n|upkeep\n|\n|t:|1776185315\n|switch|p1b: Archaludon|Archaludon, L50, M|100/100\n|switch|p2a: Sneasler|Sneasler, L50, F|100/100\n|turn|9\n|\n|t:|1776185335\n|move|p1b: Archaludon|Protect|p1b: Archaludon\n|-singleturn|p1b: Archaludon|Protect\n|move|p2a: Sneasler|Close Combat|p1a: Incineroar\n|-supereffective|p1a: Incineroar|1\n|-enditem|p1a: Incineroar|Chople Berry|[eat]\n|-enditem|p1a: Incineroar|Chople Berry|[weaken]\n|-damage|p1a: Incineroar|0 fnt\n|-unboost|p2a: Sneasler|def|1\n|-unboost|p2a: Sneasler|spd|1\n|faint|p1a: Incineroar\n|move|p2b: Froslass|Shadow Ball|p1b: Archaludon\n|-activate|p1b: Archaludon|move: Protect\n|\n|upkeep\n|turn|10\n|inactive|Tonywongtong has 30 seconds left.\n|\n|t:|1776185368\n|move|p2b: Froslass|Shadow Ball|p1b: Archaludon\n|-damage|p1b: Archaludon|20/100\n|-unboost|p1b: Archaludon|spd|1\n|-ability|p1b: Archaludon|Stamina|boost\n|-boost|p1b: Archaludon|def|1\n|move|p2a: Sneasler|Close Combat|p1b: Archaludon\n|-supereffective|p1b: Archaludon|1\n|-crit|p1b: Archaludon\n|-damage|p1b: Archaludon|0 fnt\n|-unboost|p2a: Sneasler|def|1\n|-unboost|p2a: Sneasler|spd|1\n|faint|p1b: Archaludon\n|\n|win|kjljsdfsg\n|raw|Tonywongtong's rating: 1125 &rarr; <strong>1101</strong><br />(-24 for losing)\n|raw|kjljsdfsg's rating: 1133 &rarr; <strong>1157</strong><br />(+24 for winning)\n|l|\u203dTonywongtong\n|player|p1|\n",
  "uploadtime": 1776185389,
  "views": 13,
  "formatid": "gen9championsvgc2026regma",
  "rating": 1101,
  "private": 0,
  "password": null
}