{
  "id": "gen9championsvgc2026regma-2584990675",
  "format": "[Gen 9 Champions] VGC 2026 Reg M-A",
  "players": [
    "Sinnoh_cel",
    "finessermable"
  ],
  "log": "|j|\u2606Sinnoh_cel\n|j|\u2606finessermable\n|t:|1776301199\n|gametype|doubles\n|player|p1|Sinnoh_cel|cynthia-gen4|1096\n|player|p2|finessermable|mars|1058\n|gen|9\n|tier|[Gen 9 Champions] VGC 2026 Reg M-A\n|rated|\n|rule|Species Clause: Limit one of each Pok\u00e9mon\n|rule|Item Clause: Limit 1 of each item\n|clearpoke\n|poke|p1|Excadrill, L50, M|\n|poke|p1|Tyranitar, L50, F|\n|poke|p1|Whimsicott, L50, M|\n|poke|p1|Armarouge, L50, F|\n|poke|p1|Gengar, L50, M|\n|poke|p1|Sylveon, L50, M|\n|poke|p2|Clefable, L50, M|\n|poke|p2|Kingambit, L50, M|\n|poke|p2|Incineroar, L50, M|\n|poke|p2|Dragonite, L50, F|\n|poke|p2|Sinistcha, L50|\n|poke|p2|Starmie, L50|\n|teampreview|4\n|inactive|Battle timer is ON: inactive players will automatically lose when time's up. (requested by finessermable)\n|inactive|Sinnoh_cel also wants the timer to be on.\n|inactive|Sinnoh_cel has 60 seconds left.\n|\n|t:|1776301233\n|teamsize|p1|4\n|teamsize|p2|4\n|start\n|switch|p1a: Goofy Goober|Whimsicott, L50, M|100/100\n|switch|p1b: meow meow|Sylveon, L50, M|100/100\n|switch|p2a: Dragonite|Dragonite, L50, F|100/100\n|switch|p2b: Incineroar|Incineroar, L50, M|100/100\n|-ability|p2b: Incineroar|Intimidate|boost\n|-unboost|p1a: Goofy Goober|atk|1\n|-unboost|p1b: meow meow|atk|1\n|turn|1\n|inactive|finessermable has 30 seconds left.\n|\n|t:|1776301260\n|move|p1b: meow meow|Protect|p1b: meow meow\n|-singleturn|p1b: meow meow|Protect\n|move|p1a: Goofy Goober|Moonblast|p2a: Dragonite\n|-supereffective|p2a: Dragonite|1\n|-damage|p2a: Dragonite|71/100\n|move|p2a: Dragonite|Tailwind|p2a: Dragonite\n|-sidestart|p2: finessermable|move: Tailwind\n|move|p2b: Incineroar|Parting Shot|p1b: meow meow\n|-activate|p1b: meow meow|move: Protect\n|\n|upkeep\n|turn|2\n|\n|t:|1776301280\n|move|p2a: Dragonite|Protect|p2a: Dragonite\n|-singleturn|p2a: Dragonite|Protect\n|move|p1a: Goofy Goober|Tailwind|p1a: Goofy Goober\n|-sidestart|p1: Sinnoh_cel|move: Tailwind\n|move|p1b: meow meow|Calm Mind|p1b: meow meow\n|-boost|p1b: meow meow|spa|1\n|-boost|p1b: meow meow|spd|1\n|move|p2b: Incineroar|Flare Blitz|p1a: Goofy Goober\n|-supereffective|p1a: Goofy Goober|1\n|-damage|p1a: Goofy Goober|0 fnt\n|faint|p1a: Goofy Goober\n|-damage|p2b: Incineroar|78/100|[from] Recoil\n|\n|upkeep\n|\n|t:|1776301290\n|switch|p1a: Chud-tar|Tyranitar, L50, F|100/100\n|-weather|Sandstorm|[from] ability: Sand Stream|[of] p1a: Chud-tar\n|turn|3\n|\n|t:|1776301303\n|move|p2a: Dragonite|Low Kick|p1a: Chud-tar\n|-supereffective|p1a: Chud-tar|2\n|-damage|p1a: Chud-tar|0 fnt\n|faint|p1a: Chud-tar\n|move|p1b: meow meow|Hyper Voice|p2b: Incineroar|[spread] p2a,p2b\n|-supereffective|p2a: Dragonite|1\n|-damage|p2a: Dragonite|0 fnt\n|-damage|p2b: Incineroar|7/100\n|faint|p2a: Dragonite\n|move|p2b: Incineroar|Parting Shot|p1b: meow meow\n|-unboost|p1b: meow meow|atk|1\n|-unboost|p1b: meow meow|spa|1\n|\n|t:|1776301313\n|switch|p2b: Starmie|Starmie, L50|100/100|[from] Parting Shot\n|\n|-weather|Sandstorm|[upkeep]\n|-damage|p2b: Starmie|95/100|[from] Sandstorm\n|-damage|p1b: meow meow|95/100|[from] Sandstorm\n|upkeep\n|\n|t:|1776301319\n|switch|p2a: Kingambit|Kingambit, L50, M|100/100\n|switch|p1a: Excadill-Nation|Excadrill, L50, M|100/100\n|turn|4\n|inactive|Sinnoh_cel has 30 seconds left.\n|\n|t:|1776301346\n|detailschange|p1a: Excadill-Nation|Excadrill-Mega, L50, M\n|-mega|p1a: Excadill-Nation|Excadrill|Excadrite\n|detailschange|p2b: Starmie|Starmie-Mega, L50\n|-mega|p2b: Starmie|Starmie|Starminite\n|move|p2a: Kingambit|Protect|p2a: Kingambit\n|-singleturn|p2a: Kingambit|Protect\n|move|p2b: Starmie|Liquidation|p1a: Excadill-Nation\n|-supereffective|p1a: Excadill-Nation|1\n|-damage|p1a: Excadill-Nation|0 fnt\n|faint|p1a: Excadill-Nation\n|move|p1b: meow meow|Hyper Voice|p2b: Starmie|[spread] p2b\n|-activate|p2a: Kingambit|move: Protect\n|-damage|p2b: Starmie|37/100\n|\n|-weather|Sandstorm|[upkeep]\n|-damage|p2b: Starmie|31/100|[from] Sandstorm\n|-damage|p1b: meow meow|89/100|[from] Sandstorm\n|-sideend|p2: finessermable|move: Tailwind\n|upkeep\n|turn|5\n|\n|t:|1776301361\n|move|p1b: meow meow|Hyper Voice|p2b: Starmie|[spread] p2a,p2b\n|-damage|p2a: Kingambit|57/100\n|-damage|p2b: Starmie|0 fnt\n|faint|p2b: Starmie\n|move|p2a: Kingambit|Swords Dance|p2a: Kingambit\n|-boost|p2a: Kingambit|atk|2\n|\n|-weather|Sandstorm|[upkeep]\n|-damage|p1b: meow meow|83/100|[from] Sandstorm\n|-sideend|p1: Sinnoh_cel|move: Tailwind\n|upkeep\n|\n|t:|1776301364\n|switch|p2b: Incineroar|Incineroar, L50, M|7/100\n|-ability|p2b: Incineroar|Intimidate|boost\n|-unboost|p1b: meow meow|atk|1\n|turn|6\n|\n|t:|1776301374\n|move|p1b: meow meow|Protect|p1b: meow meow\n|-singleturn|p1b: meow meow|Protect\n|move|p2b: Incineroar|Fake Out|p1b: meow meow\n|-activate|p1b: meow meow|move: Protect\n|move|p2a: Kingambit|Kowtow Cleave|p1b: meow meow\n|-activate|p1b: meow meow|move: Protect\n|\n|-weather|Sandstorm|[upkeep]\n|-damage|p1b: meow meow|77/100|[from] Sandstorm\n|-damage|p2b: Incineroar|1/100|[from] Sandstorm\n|upkeep\n|turn|7\n|\n|t:|1776301383\n|move|p1b: meow meow|Hyper Voice|p2a: Kingambit|[spread] p2a,p2b\n|-damage|p2a: Kingambit|14/100\n|-damage|p2b: Incineroar|0 fnt\n|faint|p2b: Incineroar\n|move|p2a: Kingambit|Kowtow Cleave|p1b: meow meow\n|-resisted|p1b: meow meow|1\n|-damage|p1b: meow meow|0 fnt\n|faint|p1b: meow meow\n|\n|win|finessermable\n|raw|Sinnoh_cel's rating: 1096 &rarr; <strong>1069</strong><br />(-27 for losing)\n|raw|finessermable's rating: 1058 &rarr; <strong>1093</strong><br />(+35 for winning)\n",
  "uploadtime": 1776301385,
  "views": 20,
  "formatid": "gen9championsvgc2026regma",
  "rating": 1069,
  "private": 0,
  "password": null
}