{
  "id": "gen9championsvgc2026regma-2581325031",
  "format": "[Gen 9 Champions] VGC 2026 Reg M-A",
  "players": [
    "Digga D2.0",
    "bigchongdonk"
  ],
  "log": "|j|\u2606Digga D2.0\n|j|\u2606bigchongdonk\n|t:|1775986840\n|gametype|doubles\n|player|p1|Digga D2.0|266|1105\n|player|p2|bigchongdonk|gentleman-gen4|1104\n|gen|9\n|tier|[Gen 9 Champions] VGC 2026 Reg M-A\n|rated|\n|rule|Species Clause: Limit one of each Pok\u00e9mon\n|rule|Item Clause: Limit 1 of each item\n|clearpoke\n|poke|p1|Pelipper, L50, M|\n|poke|p1|Archaludon, L50, M|\n|poke|p1|Dragonite, L50, F|\n|poke|p1|Sneasler, L50, F|\n|poke|p1|Basculegion, L50, M|\n|poke|p1|Incineroar, L50, M|\n|poke|p2|Glimmora, L50, F|\n|poke|p2|Incineroar, L50, M|\n|poke|p2|Klefki, L50, M|\n|poke|p2|Zoroark-Hisui, L50, M|\n|poke|p2|Serperior, L50, M|\n|poke|p2|Corviknight, L50, M|\n|teampreview|4\n|inactive|Battle timer is ON: inactive players will automatically lose when time's up. (requested by bigchongdonk)\n|inactive|bigchongdonk has 60 seconds left.\n|\n|t:|1775986931\n|teamsize|p1|4\n|teamsize|p2|4\n|start\n|switch|p1a: Poppin|Pelipper, L50, M|100/100\n|switch|p1b: OnThaLine|Dragonite, L50, F, shiny|100/100\n|switch|p2a: Corviknight|Corviknight, L50, M, shiny|100/100\n|switch|p2b: Serperior|Serperior, L50, M|100/100\n|-weather|RainDance|[from] ability: Drizzle|[of] p1a: Poppin\n|turn|1\n|inactive|Digga D2.0 has 30 seconds left.\n|inactive|bigchongdonk has 30 seconds left.\n|inactive|Digga D2.0 has 20 seconds left.\n|inactive|bigchongdonk has 20 seconds left.\n|\n|t:|1775986968\n|switch|p2a: Klefki|Klefki, L50, M|100/100\n|detailschange|p1b: OnThaLine|Dragonite-Mega, L50, F, shiny\n|-mega|p1b: OnThaLine|Dragonite|Dragoninite\n|move|p2b: Serperior|Taunt|p1a: Poppin\n|-start|p1a: Poppin|move: Taunt\n|move|p1b: OnThaLine|Hurricane|p2b: Serperior\n|-supereffective|p2b: Serperior|1\n|-damage|p2b: Serperior|0 fnt\n|faint|p2b: Serperior\n|move|p1a: Poppin|Weather Ball|p2a: Klefki\n|-damage|p2a: Klefki|29/100\n|\n|-weather|RainDance|[upkeep]\n|upkeep\n|\n|t:|1775986986\n|switch|p2b: Glimmora|Glimmora, L50, F|100/100\n|turn|2\n|inactive|Digga D2.0 has 30 seconds left.\n|inactive|bigchongdonk has 30 seconds left.\n|inactive|Digga D2.0 has 20 seconds left.\n|\n|t:|1775987025\n|switch|p1a: Bak2Bed|Archaludon, L50, M, shiny|100/100\n|move|p2b: Glimmora|Spiky Shield|p2b: Glimmora\n|-singleturn|p2b: Glimmora|move: Protect\n|move|p2a: Klefki|Sandstorm|p2a: Klefki\n|-weather|Sandstorm\n|move|p1b: OnThaLine|Tailwind|p1b: OnThaLine\n|-sidestart|p1: Digga D2.0|move: Tailwind\n|\n|-weather|Sandstorm|[upkeep]\n|-damage|p1b: OnThaLine|95/100|[from] Sandstorm\n|upkeep\n|turn|3\n|inactive|Digga D2.0 has 30 seconds left.\n|\n|t:|1775987059\n|switch|p1b: Poppin|Pelipper, L50, M|100/100\n|-weather|RainDance|[from] ability: Drizzle|[of] p1b: Poppin\n|detailschange|p2b: Glimmora|Glimmora-Mega, L50, F\n|-mega|p2b: Glimmora|Glimmora|Glimmoranite\n|move|p2a: Klefki|Light Screen|p2a: Klefki\n|-sidestart|p2: bigchongdonk|move: Light Screen\n|move|p1a: Bak2Bed|Flash Cannon|p2b: Glimmora\n|-supereffective|p2b: Glimmora|1\n|-damage|p2b: Glimmora|43/100\n|move|p2b: Glimmora|Power Gem|p1b: Poppin\n|-supereffective|p1b: Poppin|1\n|-enditem|p1b: Poppin|Focus Sash\n|-damage|p1b: Poppin|1/100\n|\n|-weather|RainDance|[upkeep]\n|upkeep\n|turn|4\n|inactive|Digga D2.0 has 30 seconds left.\n|\n|t:|1775987091\n|move|p2b: Glimmora|Spiky Shield|p2b: Glimmora\n|-singleturn|p2b: Glimmora|move: Protect\n|move|p2a: Klefki|Sandstorm|p2a: Klefki\n|-weather|Sandstorm\n|move|p1a: Bak2Bed|Electro Shot||[still]\n|-prepare|p1a: Bak2Bed|Electro Shot\n|-boost|p1a: Bak2Bed|spa|1\n|move|p1b: Poppin|Weather Ball|p2b: Glimmora\n|-activate|p2b: Glimmora|move: Protect\n|\n|-weather|Sandstorm|[upkeep]\n|-damage|p1b: Poppin|0 fnt|[from] Sandstorm\n|faint|p1b: Poppin\n|upkeep\n|\n|t:|1775987110\n|switch|p1b: Real six|Basculegion, L50, M, shiny|100/100\n|turn|5\n|\n|t:|1775987126\n|move|p1b: Real six|Aqua Jet|p2b: Glimmora\n|-supereffective|p2b: Glimmora|1\n|-damage|p2b: Glimmora|0 fnt\n|faint|p2b: Glimmora\n|move|p1a: Bak2Bed|Electro Shot|p2a: Klefki|[from] lockedmove\n|-damage|p2a: Klefki|0 fnt\n|faint|p2a: Klefki\n|\n|-weather|Sandstorm|[upkeep]\n|-damage|p1b: Real six|94/100|[from] Sandstorm\n|-sideend|p1: Digga D2.0|move: Tailwind\n|upkeep\n|-message|bigchongdonk forfeited.\n|\n|win|Digga D2.0\n|raw|Digga D2.0's rating: 1105 &rarr; <strong>1130</strong><br />(+25 for winning)\n|raw|bigchongdonk's rating: 1104 &rarr; <strong>1079</strong><br />(-25 for losing)\n|l|\u2606bigchongdonk\n|player|p2|\n",
  "uploadtime": 1775987151,
  "views": 14,
  "formatid": "gen9championsvgc2026regma",
  "rating": 1079,
  "private": 0,
  "password": null
}