{
  "id": "gen9championsvgc2026regma-2582440511",
  "format": "[Gen 9 Champions] VGC 2026 Reg M-A",
  "players": [
    "NewVGCplayer98",
    "Chatot Kirk"
  ],
  "log": "|j|\u2606NewVGCplayer98\n|j|\u2606Chatot Kirk\n|t:|1776091841\n|gametype|doubles\n|player|p1|NewVGCplayer98|101|1026\n|player|p2|Chatot Kirk|janine|1025\n|gen|9\n|tier|[Gen 9 Champions] VGC 2026 Reg M-A\n|rated|\n|rule|Species Clause: Limit one of each Pok\u00e9mon\n|rule|Item Clause: Limit 1 of each item\n|clearpoke\n|poke|p1|Incineroar, L50, F|\n|poke|p1|Gengar, L50, F|\n|poke|p1|Sinistcha, L50|\n|poke|p1|Kingambit, L50, F|\n|poke|p1|Tyranitar, L50, F|\n|poke|p1|Kommo-o, L50, M|\n|poke|p2|Floette-Eternal, L50, F|\n|poke|p2|Garchomp, L50, F|\n|poke|p2|Skarmory, L50, F|\n|poke|p2|Sinistcha, L50|\n|poke|p2|Milotic, L50, M|\n|poke|p2|Incineroar, L50, F|\n|teampreview|4\nChatot Kirk has agreed to open team sheets.\nNewVGCplayer98 rejected open team sheets.\n|\n|t:|1776091881\n|teamsize|p1|4\n|teamsize|p2|4\n|start\n|switch|p1a: Kingambit|Kingambit, L50, F|100/100\n|switch|p1b: Sinistcha|Sinistcha, L50|100/100\n|switch|p2a: Garchomp|Garchomp, L50, F|100/100\n|switch|p2b: Milotic|Milotic, L50, M|100/100\n|turn|1\n|inactive|Battle timer is ON: inactive players will automatically lose when time's up. (requested by NewVGCplayer98)\n|\n|t:|1776091896\n|switch|p1a: Incineroar|Incineroar, L50, F|100/100\n|-ability|p1a: Incineroar|Intimidate|boost\n|-unboost|p2a: Garchomp|atk|1\n|-unboost|p2b: Milotic|atk|1\n|-ability|p2b: Milotic|Competitive|boost\n|-boost|p2b: Milotic|spa|2\n|move|p2a: Garchomp|Earthquake|p1b: Sinistcha|[spread] p2b,p1a,p1b\n|-supereffective|p1a: Incineroar|1\n|-enditem|p1a: Incineroar|Shuca Berry|[eat]\n|-enditem|p1a: Incineroar|Shuca Berry|[weaken]\n|-resisted|p1b: Sinistcha|1\n|-damage|p2b: Milotic|72/100\n|-damage|p1a: Incineroar|77/100\n|-damage|p1b: Sinistcha|89/100\n|move|p2b: Milotic|Life Dew||[still]|[spread] p2a,p2b\n|-fail|p2a: Garchomp|heal\n|-heal|p2b: Milotic|98/100\n|move|p1b: Sinistcha|Matcha Gotcha|p2b: Milotic|[spread] p2a,p2b\n|-supereffective|p2b: Milotic|1\n|-damage|p2a: Garchomp|74/100\n|-heal|p1b: Sinistcha|100/100|[from] drain|[of] p2a: Garchomp\n|-damage|p2b: Milotic|71/100\n|\n|upkeep\n|turn|2\n|\n|t:|1776091920\n|move|p2b: Milotic|Helping Hand|p2a: Garchomp\n|-singleturn|p2a: Garchomp|Helping Hand|[of] p2b: Milotic\n|move|p1a: Incineroar|Fake Out|p2b: Milotic\n|-damage|p2b: Milotic|58/100\n|move|p2a: Garchomp|Earthquake|p1b: Sinistcha|[spread] p2b,p1a,p1b\n|-supereffective|p1a: Incineroar|1\n|-resisted|p1b: Sinistcha|1\n|-damage|p2b: Milotic|18/100\n|-damage|p1a: Incineroar|2/100\n|-damage|p1b: Sinistcha|83/100\n|-enditem|p2b: Milotic|Sitrus Berry|[eat]\n|-heal|p2b: Milotic|43/100|[from] item: Sitrus Berry\n|move|p1b: Sinistcha|Matcha Gotcha|p2a: Garchomp|[spread] p2a,p2b\n|-supereffective|p2b: Milotic|1\n|-damage|p2a: Garchomp|48/100\n|-heal|p1b: Sinistcha|96/100|[from] drain|[of] p2a: Garchomp\n|-damage|p2b: Milotic|15/100\n|-heal|p1b: Sinistcha|100/100|[from] drain|[of] p2b: Milotic\n|\n|upkeep\n|turn|3\n|\n|t:|1776091942\n|move|p2b: Milotic|Helping Hand|p2a: Garchomp\n|-singleturn|p2a: Garchomp|Helping Hand|[of] p2b: Milotic\n|move|p1a: Incineroar|Protect|p1a: Incineroar\n|-singleturn|p1a: Incineroar|Protect\n|move|p2a: Garchomp|Earthquake|p1a: Incineroar|[spread] p2b,p1b\n|-activate|p1a: Incineroar|move: Protect\n|-resisted|p1b: Sinistcha|1\n|-damage|p2b: Milotic|0 fnt\n|-damage|p1b: Sinistcha|82/100\n|faint|p2b: Milotic\n|move|p1b: Sinistcha|Matcha Gotcha|p2a: Garchomp\n|-damage|p2a: Garchomp|11/100\n|-heal|p1b: Sinistcha|100/100|[from] drain|[of] p2a: Garchomp\n|\n|upkeep\n|\n|t:|1776091953\n|switch|p2b: Skarmory|Skarmory, L50, F|100/100\n|turn|4\n|\n|t:|1776091977\n|move|p2a: Garchomp|Earthquake|p1b: Sinistcha|[spread] p1a,p1b\n|-immune|p2b: Skarmory\n|-supereffective|p1a: Incineroar|1\n|-resisted|p1b: Sinistcha|1\n|-damage|p1a: Incineroar|0 fnt\n|-damage|p1b: Sinistcha|90/100\n|faint|p1a: Incineroar\n|move|p2b: Skarmory|Tailwind|p2b: Skarmory\n|-sidestart|p2: Chatot Kirk|move: Tailwind\n|move|p1b: Sinistcha|Matcha Gotcha|p2a: Garchomp|[spread] p2a,p2b\n|-resisted|p2b: Skarmory|2\n|-damage|p2a: Garchomp|0 fnt\n|-heal|p1b: Sinistcha|95/100|[from] drain|[of] p2a: Garchomp\n|-damage|p2b: Skarmory|90/100\n|-heal|p1b: Sinistcha|99/100|[from] drain|[of] p2b: Skarmory\n|faint|p2a: Garchomp\n|\n|-heal|p2b: Skarmory|96/100|[from] item: Leftovers\n|upkeep\n|\n|t:|1776091995\n|switch|p2a: Floette|Floette-Eternal, L50, F|100/100\n|switch|p1a: Gengar|Gengar, L50, F|100/100\n|turn|5\n|\n|t:|1776092013\n|detailschange|p2a: Floette|Floette-Mega, L50, F\n|-mega|p2a: Floette|Floette|Floettite\n|-ability|p2a: Floette|Fairy Aura\n|detailschange|p1a: Gengar|Gengar-Mega, L50, F\n|-mega|p1a: Gengar|Gengar|Gengarite\n|move|p2a: Floette|Protect|p2a: Floette\n|-singleturn|p2a: Floette|Protect\n|move|p1b: Sinistcha|Rage Powder|p1b: Sinistcha\n|-singleturn|p1b: Sinistcha|move: Rage Powder\n|move|p2b: Skarmory|Taunt|p1b: Sinistcha\n|-start|p1b: Sinistcha|move: Taunt\n|move|p1a: Gengar|Perish Song|p1a: Gengar\n|-start|p1a: Gengar|perish3|[silent]\n|-start|p1b: Sinistcha|perish3|[silent]\n|-start|p2a: Floette|perish3|[silent]\n|-start|p2b: Skarmory|perish3|[silent]\n|-fieldactivate|move: Perish Song\n|\n|-heal|p2b: Skarmory|100/100|[from] item: Leftovers\n|-start|p2a: Floette|perish3\n|-start|p2b: Skarmory|perish3\n|-start|p1a: Gengar|perish3\n|-start|p1b: Sinistcha|perish3\n|upkeep\n|turn|6\n|-message|Chatot Kirk forfeited.\n|\n|win|NewVGCplayer98\n|raw|NewVGCplayer98's rating: 1026 &rarr; <strong>1062</strong><br />(+36 for winning)\n|raw|Chatot Kirk's rating: 1025 &rarr; <strong>1011</strong><br />(-14 for losing)\n|l|\u2606Chatot Kirk\n|player|p2|\n|c|\u2606NewVGCplayer98|ez\n",
  "uploadtime": 1776092037,
  "views": 13,
  "formatid": "gen9championsvgc2026regma",
  "rating": 1011,
  "private": 0,
  "password": null
}