{
  "id": "gen9championsvgc2026regma-2588699443",
  "format": "[Gen 9 Champions] VGC 2026 Reg M-A",
  "players": [
    "Mini Herta #2434",
    "QuakeForest"
  ],
  "log": "|j|\u2606Mini Herta #2434\n|j|\u2606QuakeForest\n|t:|1776659194\n|gametype|doubles\n|player|p1|Mini Herta #2434|marley-masters|1083\n|player|p2|QuakeForest|ethan|1024\n|gen|9\n|tier|[Gen 9 Champions] VGC 2026 Reg M-A\n|rated|\n|rule|Species Clause: Limit one of each Pok\u00e9mon\n|rule|Item Clause: Limit 1 of each item\n|clearpoke\n|poke|p1|Froslass, L50, F|\n|poke|p1|Rotom-Frost, L50|\n|poke|p1|Aegislash, L50, F|\n|poke|p1|Floette-Eternal, L50, F|\n|poke|p1|Garchomp, L50, F|\n|poke|p1|Sinistcha-Masterpiece, L50|\n|poke|p2|Floette-Eternal, L50, F|\n|poke|p2|Victreebel, L50, M|\n|poke|p2|Farigiraf, L50, F, shiny|\n|poke|p2|Aerodactyl, L50, M, shiny|\n|poke|p2|Torkoal, L50, F|\n|poke|p2|Excadrill, L50, M|\n|teampreview|4\n|\n|t:|1776659222\n|teamsize|p1|4\n|teamsize|p2|4\n|start\n|switch|p1a: Cynthia's goat|Garchomp, L50, F|100/100\n|switch|p1b: Refrigerator|Rotom-Frost, L50|100/100\n|switch|p2a: Aerodactyl|Aerodactyl, L50, M, shiny|100/100\n|switch|p2b: Torkoal|Torkoal, L50, F|100/100\n|-ability|p2a: Aerodactyl|Unnerve\n|-weather|SunnyDay|[from] ability: Drought|[of] p2b: Torkoal\n|turn|1\n|\n|t:|1776659254\n|switch|p2b: Floette|Floette-Eternal, L50, F|100/100\n|move|p1b: Refrigerator|Helping Hand|p1a: Cynthia's goat\n|-singleturn|p1a: Cynthia's goat|Helping Hand|[of] p1b: Refrigerator\n|move|p2a: Aerodactyl|Tailwind|p2a: Aerodactyl\n|-sidestart|p2: QuakeForest|move: Tailwind\n|move|p1a: Cynthia's goat|Rock Slide|p2a: Aerodactyl|[spread] p2a,p2b\n|-supereffective|p2a: Aerodactyl|1\n|-damage|p2a: Aerodactyl|20/100\n|-damage|p2b: Floette|57/100\n|-enditem|p2a: Aerodactyl|Sitrus Berry|[eat]\n|-heal|p2a: Aerodactyl|45/100|[from] item: Sitrus Berry\n|\n|-weather|SunnyDay|[upkeep]\n|upkeep\n|turn|2\n|\n|t:|1776659278\n|detailschange|p2b: Floette|Floette-Mega, L50, F\n|-mega|p2b: Floette|Floette|Floettite\n|-ability|p2b: Floette|Fairy Aura\n|move|p1a: Cynthia's goat|Protect|p1a: Cynthia's goat\n|-singleturn|p1a: Cynthia's goat|Protect\n|move|p2a: Aerodactyl|Taunt|p1b: Refrigerator\n|-start|p1b: Refrigerator|move: Taunt\n|move|p2b: Floette|Moonblast|p1a: Cynthia's goat\n|-activate|p1a: Cynthia's goat|move: Protect\n|move|p1b: Refrigerator|Discharge|p2b: Floette|[spread] p2a,p2b\n|-activate|p1a: Cynthia's goat|move: Protect\n|-supereffective|p2a: Aerodactyl|1\n|-crit|p2b: Floette\n|-damage|p2a: Aerodactyl|0 fnt\n|-damage|p2b: Floette|28/100\n|faint|p2a: Aerodactyl\n|\n|-weather|SunnyDay|[upkeep]\n|upkeep\n|\n|t:|1776659298\n|switch|p2a: Victreebel|Victreebel, L50, M|100/100\n|turn|3\n|\n|t:|1776659308\n|switch|p1a: Meowlash|Aegislash, L50, F|100/100\n|move|p2a: Victreebel|Toxic|p1b: Refrigerator\n|-status|p1b: Refrigerator|tox\n|move|p2b: Floette|Moonblast|p1a: Meowlash\n|-resisted|p1a: Meowlash|1\n|-damage|p1a: Meowlash|69/100\n|move|p1b: Refrigerator|Blizzard|p2b: Floette|[spread] p2a,p2b\n|-supereffective|p2a: Victreebel|1\n|-damage|p2a: Victreebel|11/100\n|-damage|p2b: Floette|2/100\n|\n|-weather|SunnyDay|[upkeep]\n|-damage|p1b: Refrigerator|95/100 tox|[from] psn\n|upkeep\n|turn|4\n|\n|t:|1776659340\n|-formechange|p1a: Meowlash|Aegislash-Blade|\n|move|p1a: Meowlash|Shadow Sneak|p2b: Floette\n|-damage|p2b: Floette|0 fnt\n|faint|p2b: Floette\n|move|p2a: Victreebel|Solar Beam||[still]\n|-prepare|p2a: Victreebel|Solar Beam\n|-anim|p2a: Victreebel|Solar Beam|p1a: Meowlash\n|-resisted|p1a: Meowlash|1\n|-damage|p1a: Meowlash|32/100\n|move|p1b: Refrigerator|Shadow Ball|p2a: Victreebel\n|-crit|p2a: Victreebel\n|-damage|p2a: Victreebel|0 fnt\n|faint|p2a: Victreebel\n|\n|-weather|SunnyDay|[upkeep]\n|-damage|p1b: Refrigerator|84/100 tox|[from] psn\n|-end|p1b: Refrigerator|move: Taunt\n|-sideend|p2: QuakeForest|move: Tailwind\n|upkeep\n|\n|t:|1776659359\n|switch|p2b: Torkoal|Torkoal, L50, F|100/100\n|turn|5\n|\n|t:|1776659365\n|move|p2b: Torkoal|Protect|p2b: Torkoal\n|-singleturn|p2b: Torkoal|Protect\n|move|p1a: Meowlash|Wide Guard|p1a: Meowlash\n|-singleturn|p1a: Meowlash|Wide Guard\n|move|p1b: Refrigerator|Discharge|p2b: Torkoal|[spread] \n|-activate|p1a: Meowlash|move: Wide Guard\n|-activate|p2b: Torkoal|move: Protect\n|\n|-weather|none\n|-damage|p1b: Refrigerator|67/100 tox|[from] psn\n|upkeep\n|turn|6\n|\n|t:|1776659379\n|move|p1a: Meowlash|Wide Guard|p1a: Meowlash\n|-singleturn|p1a: Meowlash|Wide Guard\n|move|p1b: Refrigerator|Discharge|p2b: Torkoal|[spread] p2b\n|-activate|p1a: Meowlash|move: Wide Guard\n|-damage|p2b: Torkoal|50/100\n|move|p2b: Torkoal|Eruption|p1a: Meowlash|[spread] \n|-activate|p1a: Meowlash|move: Wide Guard\n|-activate|p1b: Refrigerator|move: Wide Guard\n|\n|-damage|p1b: Refrigerator|44/100 tox|[from] psn\n|upkeep\n|turn|7\n|\n|t:|1776659399\n|move|p2b: Torkoal|Protect|p2b: Torkoal\n|-singleturn|p2b: Torkoal|Protect\n|move|p1b: Refrigerator|Shadow Ball|p2b: Torkoal\n|-activate|p2b: Torkoal|move: Protect\n|move|p1a: Meowlash|Sacred Sword|p2b: Torkoal\n|-activate|p2b: Torkoal|move: Protect\n|\n|-damage|p1b: Refrigerator|16/100 tox|[from] psn\n|upkeep\n|turn|8\n|\n|t:|1776659413\n|move|p1b: Refrigerator|Shadow Ball|p2b: Torkoal\n|-damage|p2b: Torkoal|7/100\n|move|p1a: Meowlash|Sacred Sword|p2b: Torkoal\n|-damage|p2b: Torkoal|0 fnt\n|faint|p2b: Torkoal\n|\n|win|Mini Herta #2434\n|raw|Mini Herta #2434's rating: 1083 &rarr; <strong>1106</strong><br />(+23 for winning)\n|raw|QuakeForest's rating: 1024 &rarr; <strong>1013</strong><br />(-11 for losing)\n|l|\u2606QuakeForest\n|player|p2|\n",
  "uploadtime": 1776659424,
  "views": 8,
  "formatid": "gen9championsvgc2026regma",
  "rating": 1013,
  "private": 0,
  "password": null
}