{
  "id": "gen9championsvgc2026regma-2583531201",
  "format": "[Gen 9 Champions] VGC 2026 Reg M-A",
  "players": [
    "fwoompie",
    "Piphanii"
  ],
  "log": "|j|\u2606fwoompie\n|j|\u2606Piphanii\n|t:|1776181526\n|gametype|doubles\n|player|p1|fwoompie|hiker-gen4|1104\n|player|p2|Piphanii|miku-fairy|1187\n|gen|9\n|tier|[Gen 9 Champions] VGC 2026 Reg M-A\n|rated|\n|rule|Species Clause: Limit one of each Pok\u00e9mon\n|rule|Item Clause: Limit 1 of each item\n|clearpoke\n|poke|p1|Aggron, L50, F|\n|poke|p1|Sinistcha, L50|\n|poke|p1|Volcarona, L50, F|\n|poke|p1|Rotom-Wash, L50|\n|poke|p1|Sneasler, L50, F|\n|poke|p1|Aegislash, L50, F|\n|poke|p2|Torkoal, L50, F|\n|poke|p2|Sinistcha, L50|\n|poke|p2|Primarina, L50, F|\n|poke|p2|Farigiraf, L50, F|\n|poke|p2|Drampa, L50, F|\n|poke|p2|Sneasler, L50, M|\n|teampreview|4\n|inactive|Battle timer is ON: inactive players will automatically lose when time's up. (requested by fwoompie)\n|c|\u2606fwoompie|Good luck\n|c|\u2606Piphanii|u2\n|c|\u2606fwoompie|Drampa should have gotten drizzle\n|c|\u2606fwoompie|Justice for drampa\n|inactive|fwoompie has 60 seconds left.\n|c|\u2606Piphanii|beserk goes crazy sometimes tho\n|\n|t:|1776181587\n|teamsize|p1|4\n|teamsize|p2|4\n|start\n|switch|p1a: Aegislash|Aegislash, L50, F|100/100\n|switch|p1b: Volcarona|Volcarona, L50, F|100/100\n|switch|p2a: Cady|Farigiraf, L50, F|100/100\n|switch|p2b: Ruckus|Drampa, L50, F|100/100\n|-ability|p2b: Ruckus|Cloud Nine\n|turn|1\n|c|\u2606fwoompie|Yeah\n|c|\u2606fwoompie|But I could just use base form tho right\n|\n|t:|1776181612\n|switch|p2b: Oberon Smog|Torkoal, L50, F|100/100\n|-weather|SunnyDay|[from] ability: Drought|[of] p2b: Oberon Smog\n|move|p1b: Volcarona|Struggle Bug|p2b: Oberon Smog|[spread] p2a,p2b\n|-supereffective|p2a: Cady|1\n|-resisted|p2b: Oberon Smog|1\n|-damage|p2a: Cady|68/100\n|-damage|p2b: Oberon Smog|89/100\n|-unboost|p2a: Cady|spa|1\n|-unboost|p2b: Oberon Smog|spa|1\n|-formechange|p1a: Aegislash|Aegislash-Blade|\n|move|p1a: Aegislash|Flash Cannon|p2a: Cady\n|-damage|p2a: Cady|11/100\n|-enditem|p2a: Cady|Sitrus Berry|[eat]\n|-heal|p2a: Cady|36/100|[from] item: Sitrus Berry\n|move|p2a: Cady|Trick Room|p2a: Cady\n|-fieldstart|move: Trick Room|[of] p2a: Cady\n|\n|-weather|SunnyDay|[upkeep]\n|upkeep\n|turn|2\n|c|\u2606Piphanii|mega is bulkier and higher spa\n|\n|t:|1776181631\n|move|p1a: Aegislash|Wide Guard|p1a: Aegislash\n|-singleturn|p1a: Aegislash|Wide Guard\n|move|p2b: Oberon Smog|Weather Ball|p1a: Aegislash\n|-supereffective|p1a: Aegislash|1\n|-damage|p1a: Aegislash|0 fnt\n|faint|p1a: Aegislash\n|move|p2a: Cady|Psychic|p1b: Volcarona\n|-damage|p1b: Volcarona|73/100\n|move|p1b: Volcarona|Struggle Bug|p2a: Cady|[spread] p2a,p2b\n|-supereffective|p2a: Cady|1\n|-crit|p2a: Cady\n|-resisted|p2b: Oberon Smog|1\n|-damage|p2a: Cady|0 fnt\n|-damage|p2b: Oberon Smog|77/100\n|-unboost|p2b: Oberon Smog|spa|1\n|faint|p2a: Cady\n|\n|-weather|SunnyDay|[upkeep]\n|-heal|p1b: Volcarona|80/100|[from] item: Leftovers\n|upkeep\n|c|\u2606fwoompie|Yeah 160 or something?\n|c|\u2606fwoompie|Well played\n|\n|t:|1776181649\n|switch|p1a: Sneasler|Sneasler, L50, F|100/100\n|switch|p2a: Ruckus|Drampa, L50, F|100/100\n|-ability|p2a: Ruckus|Cloud Nine\n|turn|3\n|\n|t:|1776181656\n|move|p2b: Oberon Smog|Protect|p2b: Oberon Smog\n|-singleturn|p2b: Oberon Smog|Protect\n|move|p2a: Ruckus|Protect|p2a: Ruckus\n|-singleturn|p2a: Ruckus|Protect\n|move|p1a: Sneasler|Fake Out|p2b: Oberon Smog\n|-activate|p2b: Oberon Smog|move: Protect\n|move|p1b: Volcarona|Struggle Bug|p2b: Oberon Smog|[spread] \n|-activate|p2a: Ruckus|move: Protect\n|-activate|p2b: Oberon Smog|move: Protect\n|\n|-weather|SunnyDay|[upkeep]\n|-heal|p1b: Volcarona|86/100|[from] item: Leftovers\n|upkeep\n|turn|4\n|\n|t:|1776181664\n|detailschange|p2a: Ruckus|Drampa-Mega, L50, F\n|-mega|p2a: Ruckus|Drampa|Drampanite\n|move|p2b: Oberon Smog|Eruption|p1a: Sneasler|[spread] p1a,p1b\n|-damage|p1a: Sneasler|52/100\n|-damage|p1b: Volcarona|58/100\n|move|p2a: Ruckus|Hyper Voice|p1a: Sneasler|[spread] p1a,p1b\n|-damage|p1a: Sneasler|0 fnt\n|-damage|p1b: Volcarona|17/100\n|faint|p1a: Sneasler\n|move|p1b: Volcarona|Struggle Bug|p2a: Ruckus|[spread] p2a,p2b\n|-resisted|p2b: Oberon Smog|1\n|-damage|p2a: Ruckus|87/100\n|-damage|p2b: Oberon Smog|66/100\n|-unboost|p2a: Ruckus|spa|1\n|-unboost|p2b: Oberon Smog|spa|1\n|\n|-weather|SunnyDay|[upkeep]\n|-heal|p1b: Volcarona|23/100|[from] item: Leftovers\n|upkeep\n|\n|t:|1776181668\n|switch|p1a: Aggron|Aggron, L50, F|100/100\n|turn|5\n|\n|t:|1776181683\n|switch|p2b: Lexi|Sinistcha, L50|100/100\n|-heal|p2a: Ruckus|100/100|[from] ability: Hospitality|[of] p2b: Lexi\n|move|p1a: Aggron|Protect|p1a: Aggron\n|-singleturn|p1a: Aggron|Protect\n|move|p1b: Volcarona|Protect|p1b: Volcarona\n|-singleturn|p1b: Volcarona|Protect\n|move|p2a: Ruckus|Hyper Voice|p1b: Volcarona|[spread] \n|-activate|p1a: Aggron|move: Protect\n|-activate|p1b: Volcarona|move: Protect\n|\n|-weather|none\n|-heal|p1b: Volcarona|30/100|[from] item: Leftovers\n|-fieldend|move: Trick Room\n|upkeep\n|turn|6\n|inactive|Piphanii has 30 seconds left.\n|\n|t:|1776181709\n|move|p2a: Ruckus|Protect|p2a: Ruckus\n|-singleturn|p2a: Ruckus|Protect\n|move|p1b: Volcarona|Fiery Dance|p2b: Lexi\n|-supereffective|p2b: Lexi|1\n|-enditem|p2b: Lexi|Occa Berry|[eat]\n|-enditem|p2b: Lexi|Occa Berry|[weaken]\n|-damage|p2b: Lexi|70/100\n|-boost|p1b: Volcarona|spa|1\n|move|p1a: Aggron|Heavy Slam|p2b: Lexi\n|-damage|p2b: Lexi|32/100\n|move|p2b: Lexi|Trick Room|p2b: Lexi\n|-fieldstart|move: Trick Room|[of] p2b: Lexi\n|\n|-heal|p1b: Volcarona|36/100|[from] item: Leftovers\n|upkeep\n|turn|7\n|c|\u2606fwoompie|Might try out drampa\n|c|\u2606fwoompie|Looks fun\n|inactive|Piphanii has 30 seconds left.\n|c|\u2606Piphanii|it really is, this team started as exca + lucha cheese then i threw a drampa on and now its trick room\n|\n|t:|1776181742\n|detailschange|p1a: Aggron|Aggron-Mega, L50, F\n|-mega|p1a: Aggron|Aggron|Aggronite\n|move|p2a: Ruckus|Hyper Voice|p1b: Volcarona|[spread] p1a,p1b\n|-resisted|p1a: Aggron|1\n|-damage|p1a: Aggron|89/100\n|-damage|p1b: Volcarona|9/100\n|move|p1a: Aggron|Iron Defense|p1a: Aggron\n|-boost|p1a: Aggron|def|2\n|move|p2b: Lexi|Life Dew||[still]|[spread] p2a,p2b\n|-fail|p2a: Ruckus|heal\n|-heal|p2b: Lexi|57/100\n|move|p1b: Volcarona|Struggle Bug|p2a: Ruckus|[spread] p2a,p2b\n|-damage|p2a: Ruckus|81/100\n|-damage|p2b: Lexi|32/100\n|-unboost|p2a: Ruckus|spa|1\n|-unboost|p2b: Lexi|spa|1\n|\n|-heal|p1b: Volcarona|16/100|[from] item: Leftovers\n|upkeep\n|turn|8\n|\n|t:|1776181762\n|switch|p2a: Oberon Smog|Torkoal, L50, F|66/100\n|-weather|SunnyDay|[from] ability: Drought|[of] p2a: Oberon Smog\n|move|p1b: Volcarona|Protect|p1b: Volcarona\n|-singleturn|p1b: Volcarona|Protect\n|move|p1a: Aggron|Body Press|p2a: Oberon Smog\n|-damage|p2a: Oberon Smog|6/100\n|move|p2b: Lexi|Matcha Gotcha|p1b: Volcarona|[spread] \n|-activate|p1b: Volcarona|move: Protect\n|-miss|p2b: Lexi|p1a: Aggron\n|\n|-weather|SunnyDay|[upkeep]\n|-heal|p1b: Volcarona|22/100|[from] item: Leftovers\n|upkeep\n|turn|9\n|\n|t:|1776181778\n|move|p1a: Aggron|Protect|p1a: Aggron\n|-singleturn|p1a: Aggron|Protect\n|move|p2a: Oberon Smog|Heat Wave|p1a: Aggron|[spread] p1b\n|-activate|p1a: Aggron|move: Protect\n|-damage|p1b: Volcarona|0 fnt\n|faint|p1b: Volcarona\n|move|p2b: Lexi|Life Dew|p2b: Lexi|[spread] p2a,p2b\n|-heal|p2a: Oberon Smog|31/100\n|-heal|p2b: Lexi|57/100\n|\n|-weather|SunnyDay|[upkeep]\n|upkeep\n|turn|10\n|\n|t:|1776181790\n|move|p2a: Oberon Smog|Weather Ball|p1a: Aggron\n|-supereffective|p1a: Aggron|1\n|-damage|p1a: Aggron|0 fnt\n|faint|p1a: Aggron\n|\n|win|Piphanii\n|raw|fwoompie's rating: 1104 &rarr; <strong>1085</strong><br />(-19 for losing)\n|raw|Piphanii's rating: 1187 &rarr; <strong>1206</strong><br />(+19 for winning)\n|c|\u2606fwoompie|Gg\n|c|\u2606Piphanii|ggwp\n|l|\u2606fwoompie\n|player|p1|\n",
  "uploadtime": 1776181799,
  "views": 12,
  "formatid": "gen9championsvgc2026regma",
  "rating": 1085,
  "private": 0,
  "password": null
}