{
  "id": "gen9championsvgc2026regma-2581982465",
  "format": "[Gen 9 Champions] VGC 2026 Reg M-A",
  "players": [
    "salt_water123",
    "Misstaken Magic"
  ],
  "log": "|j|\u2606salt_water123\n|j|\u2606Misstaken Magic\n|t:|1776045438\n|gametype|doubles\n|player|p1|salt_water123|harmony|\n|player|p2|Misstaken Magic|psychic-gen4|\n|gen|9\n|tier|[Gen 9 Champions] VGC 2026 Reg M-A\n|rated|Tournament battle\n|rule|Species Clause: Limit one of each Pok\u00e9mon\n|rule|Item Clause: Limit 1 of each item\n|clearpoke\n|poke|p1|Chandelure, L50, F|\n|poke|p1|Milotic, L50, M|\n|poke|p1|Sneasler, L50, M|\n|poke|p1|Talonflame, L50, M|\n|poke|p1|Sinistcha, L50|\n|poke|p1|Garchomp, L50, F|\n|poke|p2|Delphox, L50, F|\n|poke|p2|Basculegion, L50, M|\n|poke|p2|Whimsicott, L50, M|\n|poke|p2|Sneasler, L50, F|\n|poke|p2|Garchomp, L50, M|\n|poke|p2|Kingambit, L50, M|\n|teampreview|4\n|inactive|Battle timer is ON: inactive players will automatically lose when time's up. (requested by salt_water123)\n|inactive|Misstaken Magic also wants the timer to be on.\n|c|\u2606Misstaken Magic|glhf\n|j| island pocket\nMisstaken Magic rejected open team sheets.\n|j| coolguy58213\n|j| yukki0207\n|inactive|salt_water123 has 60 seconds left.\n|inactive|Misstaken Magic has 60 seconds left.\n|j| Khungcanh\n|l| Khungcanh\n|\n|t:|1776045490\n|teamsize|p1|4\n|teamsize|p2|4\n|start\n|switch|p1a: Sneasler|Sneasler, L50, M|100/100\n|switch|p1b: Chandelure|Chandelure, L50, F|100/100\n|switch|p2a: Sneasler|Sneasler, L50, F|100/100\n|switch|p2b: Basculegion|Basculegion, L50, M|100/100\n|turn|1\n|\n|t:|1776045508\n|detailschange|p1b: Chandelure|Chandelure-Mega, L50, F\n|-mega|p1b: Chandelure|Chandelure|Chandelurite\n|move|p1a: Sneasler|Protect|p1a: Sneasler\n|-singleturn|p1a: Sneasler|Protect\n|move|p1b: Chandelure|Protect|p1b: Chandelure\n|-singleturn|p1b: Chandelure|Protect\n|move|p2a: Sneasler|Fake Out|p1a: Sneasler\n|-activate|p1a: Sneasler|move: Protect\n|move|p2b: Basculegion|Flip Turn|p1b: Chandelure\n|-activate|p1b: Chandelure|move: Protect\n|\n|upkeep\n|turn|2\n|\n|t:|1776045528\n|switch|p1a: Milotic|Milotic, L50, M|100/100\n|move|p2a: Sneasler|Protect|p2a: Sneasler\n|-singleturn|p2a: Sneasler|Protect\n|move|p2b: Basculegion|Flip Turn|p1b: Chandelure\n|-supereffective|p1b: Chandelure|1\n|-damage|p1b: Chandelure|30/100\n|\n|t:|1776045537\n|switch|p2b: Whimsicott|Whimsicott, L50, M|100/100|[from] Flip Turn\n|move|p1b: Chandelure|Trick Room|p1b: Chandelure\n|-fieldstart|move: Trick Room|[of] p1b: Chandelure\n|\n|upkeep\n|turn|3\n|\n|t:|1776045554\n|switch|p1b: Talonflame|Talonflame, L50, M|100/100\n|move|p2b: Whimsicott|Encore||[still]\n|-fail|p2b: Whimsicott\n|move|p1a: Milotic|Muddy Water|p2a: Sneasler|[spread] p2a,p2b\n|-resisted|p2b: Whimsicott|1\n|-damage|p2a: Sneasler|68/100\n|-damage|p2b: Whimsicott|82/100\n|move|p2a: Sneasler|Dire Claw|p1a: Milotic\n|-damage|p1a: Milotic|55/100\n|-status|p1a: Milotic|par\n|\n|-heal|p1a: Milotic|61/100 par|[from] item: Leftovers\n|upkeep\n|turn|4\n|\n|t:|1776045573\n|move|p2b: Whimsicott|Protect|p2b: Whimsicott\n|-singleturn|p2b: Whimsicott|Protect\n|move|p2a: Sneasler|Protect|p2a: Sneasler\n|-singleturn|p2a: Sneasler|Protect\n|move|p1b: Talonflame|Acrobatics|p2b: Whimsicott\n|-activate|p2b: Whimsicott|move: Protect\n|move|p1a: Milotic|Coil|p1a: Milotic\n|-boost|p1a: Milotic|atk|1\n|-boost|p1a: Milotic|def|1\n|-boost|p1a: Milotic|accuracy|1\n|\n|-heal|p1a: Milotic|67/100 par|[from] item: Leftovers\n|upkeep\n|turn|5\n|j| zamazenta nerd\n|inactive|Misstaken Magic has 30 seconds left.\n|inactive|Misstaken Magic has 20 seconds left.\n|\n|t:|1776045612\n|switch|p1a: Chandelure|Chandelure-Mega, L50, F|30/100\n|switch|p2b: Basculegion|Basculegion, L50, M|100/100\n|move|p1b: Talonflame|Acrobatics|p2b: Basculegion\n|-damage|p2b: Basculegion|42/100\n|move|p2a: Sneasler|Dire Claw|p1b: Talonflame\n|-damage|p1b: Talonflame|32/100\n|\n|upkeep\n|turn|6\n|\n|t:|1776045636\n|switch|p1a: Milotic|Milotic, L50, M|67/100 par\n|switch|p2b: Whimsicott|Whimsicott, L50, M|82/100\n|move|p2a: Sneasler|Protect|p2a: Sneasler\n|-singleturn|p2a: Sneasler|Protect\n|move|p1b: Talonflame|Acrobatics|p2b: Whimsicott\n|-supereffective|p2b: Whimsicott|1\n|-damage|p2b: Whimsicott|0 fnt\n|faint|p2b: Whimsicott\n|\n|-heal|p1a: Milotic|73/100 par|[from] item: Leftovers\n|-fieldend|move: Trick Room\n|upkeep\n|\n|t:|1776045645\n|switch|p2b: Basculegion|Basculegion, L50, M|42/100\n|turn|7\n|\n|t:|1776045652\n|move|p1b: Talonflame|Protect|p1b: Talonflame\n|-singleturn|p1b: Talonflame|Protect\n|move|p2b: Basculegion|Flip Turn|p1b: Talonflame\n|-activate|p1b: Talonflame|move: Protect\n|move|p2a: Sneasler|Close Combat|p1a: Milotic\n|-damage|p1a: Milotic|3/100 par\n|-unboost|p2a: Sneasler|def|1\n|-unboost|p2a: Sneasler|spd|1\n|-enditem|p2a: Sneasler|White Herb\n|-clearnegativeboost|p2a: Sneasler|[silent]\n|move|p1a: Milotic|Hypnosis|p2b: Basculegion\n|-status|p2b: Basculegion|slp|[from] move: Hypnosis\n|\n|-heal|p1a: Milotic|9/100 par|[from] item: Leftovers\n|upkeep\n|turn|8\n|inactive|Misstaken Magic has 30 seconds left.\n|\n|t:|1776045680\n|move|p2a: Sneasler|Dire Claw|p1b: Talonflame\n|-damage|p1b: Talonflame|0 fnt\n|faint|p1b: Talonflame\n|cant|p2b: Basculegion|slp\n|move|p1a: Milotic|Muddy Water|p2a: Sneasler|[spread] p2a,p2b\n|-resisted|p2b: Basculegion|1\n|-damage|p2a: Sneasler|33/100\n|-damage|p2b: Basculegion|30/100 slp\n|-unboost|p2a: Sneasler|accuracy|1\n|-unboost|p2b: Basculegion|accuracy|1\n|\n|-heal|p1a: Milotic|15/100 par|[from] item: Leftovers\n|upkeep\n|\n|t:|1776045689\n|switch|p1b: Sneasler|Sneasler, L50, M|100/100\n|turn|9\n|\n|t:|1776045695\n|move|p2a: Sneasler|Protect|p2a: Sneasler\n|-singleturn|p2a: Sneasler|Protect\n|cant|p2b: Basculegion|slp\n|move|p1b: Sneasler|Close Combat|p2a: Sneasler\n|-activate|p2a: Sneasler|move: Protect\n|move|p1a: Milotic|Recover|p1a: Milotic\n|-heal|p1a: Milotic|65/100 par\n|\n|-heal|p1a: Milotic|71/100 par|[from] item: Leftovers\n|upkeep\n|turn|10\n|\n|t:|1776045716\n|switch|p1a: Chandelure|Chandelure-Mega, L50, F|30/100\n|move|p2a: Sneasler|Close Combat|p1a: Chandelure\n|-immune|p1a: Chandelure\n|-curestatus|p2b: Basculegion|slp|[msg]\n|move|p2b: Basculegion|Flip Turn|p1a: Chandelure\n|-supereffective|p1a: Chandelure|1\n|-damage|p1a: Chandelure|0 fnt\n|faint|p1a: Chandelure\n|\n|t:|1776045726\n|switch|p2b: Delphox|Delphox, L50, F|100/100|[from] Flip Turn\n|move|p1b: Sneasler|Close Combat|p2a: Sneasler\n|-resisted|p2a: Sneasler|1\n|-damage|p2a: Sneasler|0 fnt\n|-unboost|p1b: Sneasler|def|1\n|-unboost|p1b: Sneasler|spd|1\n|faint|p2a: Sneasler\n|-enditem|p1b: Sneasler|White Herb\n|-clearnegativeboost|p1b: Sneasler|[silent]\n|\n|upkeep\n|\n|t:|1776045731\n|switch|p2a: Basculegion|Basculegion, L50, M|30/100\n|switch|p1a: Milotic|Milotic, L50, M|71/100 par\n|turn|11\n|\n|t:|1776045746\n|detailschange|p2b: Delphox|Delphox-Mega, L50, F\n|-mega|p2b: Delphox|Delphox|Delphoxite\n|move|p1b: Sneasler|Gunk Shot|p2a: Basculegion\n|-resisted|p2a: Basculegion|1\n|-damage|p2a: Basculegion|0 fnt\n|faint|p2a: Basculegion\n|move|p2b: Delphox|Psyshock|p1b: Sneasler\n|-supereffective|p1b: Sneasler|2\n|-damage|p1b: Sneasler|0 fnt\n|faint|p1b: Sneasler\n|move|p1a: Milotic|Hypnosis|p2b: Delphox\n|-status|p2b: Delphox|slp|[from] move: Hypnosis\n|\n|-heal|p1a: Milotic|77/100 par|[from] item: Leftovers\n|upkeep\n|turn|12\n|\n|t:|1776045765\n|cant|p2b: Delphox|slp\n|move|p1a: Milotic|Muddy Water|p2b: Delphox\n|-supereffective|p2b: Delphox|1\n|-damage|p2b: Delphox|39/100 slp\n|-unboost|p2b: Delphox|accuracy|1\n|\n|-heal|p1a: Milotic|83/100 par|[from] item: Leftovers\n|upkeep\n|turn|13\n|\n|t:|1776045770\n|-curestatus|p2b: Delphox|slp|[msg]\n|move|p2b: Delphox|Protect|p2b: Delphox\n|-singleturn|p2b: Delphox|Protect\n|move|p1a: Milotic|Muddy Water|p2b: Delphox\n|-activate|p2b: Delphox|move: Protect\n|\n|-heal|p1a: Milotic|89/100 par|[from] item: Leftovers\n|upkeep\n|turn|14\n|\n|t:|1776045775\n|move|p2b: Delphox|Psyshock|p1a: Milotic|[miss]\n|-miss|p2b: Delphox|p1a: Milotic\n|move|p1a: Milotic|Muddy Water|p2b: Delphox\n|-supereffective|p2b: Delphox|1\n|-damage|p2b: Delphox|0 fnt\n|faint|p2b: Delphox\n|\n|win|salt_water123\n|n|\u2606salt_water123|saltwater123\n|n|\u2606Misstaken Magic|misstakenmagic\n|n| island pocket|islandpocket\n|n| coolguy58213|coolguy58213\n|n| yukki0207|yukki0207\n|n| zamazenta nerd|zamazentanerd\n|c|\u2606Misstaken Magic|ggs\n|l|\u2606salt_water123\n|player|p1|\n",
  "uploadtime": 1776045781,
  "views": 13,
  "formatid": "gen9championsvgc2026regma",
  "rating": null,
  "private": 0,
  "password": null
}