{
  "id": "gen9championsvgc2026regma-2581555537",
  "format": "[Gen 9 Champions] VGC 2026 Reg M-A",
  "players": [
    "emma grande",
    "LeSavior"
  ],
  "log": "|j|\u2606emma grande\n|j|\u2606LeSavior\n|t:|1776010632\n|gametype|doubles\n|player|p1|emma grande|ninjaboy|1326\n|player|p2|LeSavior|elesa-masters3|1246\n|gen|9\n|tier|[Gen 9 Champions] VGC 2026 Reg M-A\n|rated|\n|rule|Species Clause: Limit one of each Pok\u00e9mon\n|rule|Item Clause: Limit 1 of each item\n|clearpoke\n|poke|p1|Delphox, L50, M|\n|poke|p1|Primarina, L50, F|\n|poke|p1|Krookodile, L50, F|\n|poke|p1|Ninetales-Alola, L50, M|\n|poke|p1|Dragonite, L50, M|\n|poke|p1|Sneasler, L50, F|\n|poke|p2|Froslass, L50, F|\n|poke|p2|Palafin, L50, M|\n|poke|p2|Kingambit, L50, M|\n|poke|p2|Arcanine-Hisui, L50, M|\n|poke|p2|Sinistcha, L50|\n|poke|p2|Sneasler, L50, F|\n|teampreview|4\n|inactive|Battle timer is ON: inactive players will automatically lose when time's up. (requested by LeSavior)\n|inactive|emma grande has 60 seconds left.\n|\n|t:|1776010671\n|teamsize|p1|4\n|teamsize|p2|4\n|start\n|switch|p1a: Ninetales|Ninetales-Alola, L50, M|100/100\n|switch|p1b: Primarina|Primarina, L50, F|100/100\n|switch|p2a: Sneasler|Sneasler, L50, F|100/100\n|switch|p2b: Palafin|Palafin, L50, M|100/100\n|-weather|Snowscape|[from] ability: Snow Warning|[of] p1a: Ninetales\n|turn|1\n|inactive|emma grande has 30 seconds left.\n|\n|t:|1776010696\n|detailschange|p2b: Palafin|Palafin-Hero, L50, M\n|switch|p2b: Sinistcha|Sinistcha, L50|100/100\n|move|p1a: Ninetales|Aurora Veil|p1a: Ninetales\n|-sidestart|p1: emma grande|move: Aurora Veil\n|move|p2a: Sneasler|Dire Claw|p1a: Ninetales\n|-supereffective|p1a: Ninetales|1\n|-damage|p1a: Ninetales|44/100\n|move|p1b: Primarina|Calm Mind|p1b: Primarina\n|-boost|p1b: Primarina|spa|1\n|-boost|p1b: Primarina|spd|1\n|\n|-weather|Snowscape|[upkeep]\n|upkeep\n|turn|2\n|\n|t:|1776010714\n|move|p2b: Sinistcha|Rage Powder|p2b: Sinistcha\n|-singleturn|p2b: Sinistcha|move: Rage Powder\n|move|p1a: Ninetales|Blizzard|p2a: Sneasler|[spread] p2a,p2b\n|-supereffective|p2b: Sinistcha|1\n|-damage|p2a: Sneasler|60/100\n|-damage|p2b: Sinistcha|29/100\n|-enditem|p2b: Sinistcha|Sitrus Berry|[eat]\n|-heal|p2b: Sinistcha|53/100|[from] item: Sitrus Berry\n|move|p2a: Sneasler|Dire Claw|p1a: Ninetales\n|-supereffective|p1a: Ninetales|1\n|-damage|p1a: Ninetales|0 fnt\n|faint|p1a: Ninetales\n|move|p1b: Primarina|Moonblast|p2b: Sinistcha\n|-damage|p2b: Sinistcha|0 fnt\n|faint|p2b: Sinistcha\n|\n|-weather|Snowscape|[upkeep]\n|upkeep\n|\n|t:|1776010731\n|switch|p1a: Krookodile|Krookodile, L50, F|100/100\n|switch|p2b: Froslass|Froslass, L50, F|100/100\n|-ability|p1a: Krookodile|Intimidate|boost\n|-unboost|p2a: Sneasler|atk|1\n|-unboost|p2b: Froslass|atk|1\n|-enditem|p2a: Sneasler|White Herb\n|-clearnegativeboost|p2a: Sneasler|[silent]\n|turn|3\n|\n|t:|1776010755\n|detailschange|p2b: Froslass|Froslass-Mega, L50, F\n|-mega|p2b: Froslass|Froslass|Froslassite\n|move|p2a: Sneasler|Dire Claw|p1b: Primarina\n|-supereffective|p1b: Primarina|1\n|-damage|p1b: Primarina|32/100\n|move|p1a: Krookodile|Rock Slide|p2b: Froslass|[spread] p2a,p2b\n|-resisted|p2a: Sneasler|1\n|-supereffective|p2b: Froslass|1\n|-damage|p2a: Sneasler|43/100\n|-damage|p2b: Froslass|56/100\n|move|p2b: Froslass|Blizzard|p1b: Primarina|[spread] p1a,p1b\n|-supereffective|p1a: Krookodile|1\n|-resisted|p1b: Primarina|1\n|-damage|p1a: Krookodile|16/100\n|-damage|p1b: Primarina|25/100\n|move|p1b: Primarina|Hyper Voice|p2a: Sneasler|[spread] p2a,p2b\n|-damage|p2a: Sneasler|0 fnt\n|-damage|p2b: Froslass|0 fnt\n|faint|p2a: Sneasler\n|faint|p2b: Froslass\n|\n|-weather|Snowscape|[upkeep]\n|-heal|p1b: Primarina|30/100|[from] item: Leftovers\n|upkeep\n|\n|t:|1776010773\n|switch|p2a: Palafin|Palafin-Hero, L50, M|100/100\n|-activate|p2a: Palafin|ability: Zero to Hero\n|turn|4\n|\n|t:|1776010780\n|switch|p1a: Sneasler|Sneasler, L50, F|100/100\n|move|p1b: Primarina|Protect|p1b: Primarina\n|-singleturn|p1b: Primarina|Protect\n|move|p2a: Palafin|Wave Crash|p1b: Primarina\n|-activate|p1b: Primarina|move: Protect\n|\n|-weather|Snowscape|[upkeep]\n|-heal|p1b: Primarina|36/100|[from] item: Leftovers\n|upkeep\n|turn|5\n|\n|t:|1776010787\n|move|p2a: Palafin|Protect|p2a: Palafin\n|-singleturn|p2a: Palafin|Protect\n|move|p1a: Sneasler|Fake Out|p2a: Palafin\n|-activate|p2a: Palafin|move: Protect\n|move|p1b: Primarina|Calm Mind|p1b: Primarina\n|-boost|p1b: Primarina|spa|1\n|-boost|p1b: Primarina|spd|1\n|\n|-weather|none\n|-heal|p1b: Primarina|42/100|[from] item: Leftovers\n|-sideend|p1: emma grande|move: Aurora Veil\n|upkeep\n|turn|6\n|\n|t:|1776010796\n|switch|p1a: Krookodile|Krookodile, L50, F|16/100\n|-ability|p1a: Krookodile|Intimidate|boost\n|-unboost|p2a: Palafin|atk|1\n|move|p2a: Palafin|Wave Crash|p1b: Primarina\n|-resisted|p1b: Primarina|1\n|-damage|p1b: Primarina|12/100\n|-damage|p2a: Palafin|90/100|[from] Recoil\n|move|p1b: Primarina|Moonblast|p2a: Palafin\n|-damage|p2a: Palafin|0 fnt\n|faint|p2a: Palafin\n|\n|win|emma grande\n|raw|emma grande's rating: 1326 &rarr; <strong>1341</strong><br />(+15 for winning)\n|raw|LeSavior's rating: 1246 &rarr; <strong>1227</strong><br />(-19 for losing)\n|l|\u2606LeSavior\n|player|p2|\n",
  "uploadtime": 1776010808,
  "views": 38,
  "formatid": "gen9championsvgc2026regma",
  "rating": 1227,
  "private": 0,
  "password": null
}