{
  "id": "gen9championsvgc2026regma-2584065734",
  "format": "[Gen 9 Champions] VGC 2026 Reg M-A",
  "players": [
    "Holibrand",
    "meatzzaa"
  ],
  "log": "|j|\u2606Holibrand\n|j|\u2606meatzzaa\n|t:|1776221680\n|gametype|doubles\n|player|p1|Holibrand|pokemonbreeder-gen4|1093\n|player|p2|meatzzaa|flannery|1062\n|gen|9\n|tier|[Gen 9 Champions] VGC 2026 Reg M-A\n|rated|\n|rule|Species Clause: Limit one of each Pok\u00e9mon\n|rule|Item Clause: Limit 1 of each item\n|clearpoke\n|poke|p1|Arcanine, L50, M|\n|poke|p1|Primarina, L50, F|\n|poke|p1|Whimsicott, L50, M|\n|poke|p1|Charizard, L50, M|\n|poke|p1|Excadrill, L50, F|\n|poke|p1|Sneasler, L50, M|\n|poke|p2|Pelipper, L50, F|\n|poke|p2|Archaludon, L50, M|\n|poke|p2|Sneasler, L50, F|\n|poke|p2|Palafin, L50, M|\n|poke|p2|Sinistcha, L50|\n|poke|p2|Incineroar, L50, F|\n|teampreview|4\n|inactive|Battle timer is ON: inactive players will automatically lose when time's up. (requested by Holibrand)\n|\n|t:|1776221697\n|teamsize|p1|4\n|teamsize|p2|4\n|start\n|switch|p1a: Arcanine|Arcanine, L50, M|100/100\n|switch|p1b: Sneasler|Sneasler, L50, M|100/100\n|switch|p2a: i eat bugs|Pelipper, L50, F|100/100\n|switch|p2b: The Caption.|Palafin, L50, M|100/100\n|-ability|p1a: Arcanine|Intimidate|boost\n|-unboost|p2a: i eat bugs|atk|1\n|-unboost|p2b: The Caption.|atk|1\n|-weather|RainDance|[from] ability: Drizzle|[of] p2a: i eat bugs\n|turn|1\n|\n|t:|1776221715\n|switch|p1a: Whimsicott|Whimsicott, L50, M|100/100\n|move|p1b: Sneasler|Fake Out|p2a: i eat bugs\n|-damage|p2a: i eat bugs|83/100\n|move|p2b: The Caption.|Flip Turn|p1b: Sneasler\n|-damage|p1b: Sneasler|69/100\n|\n|t:|1776221728\n|detailschange|p2b: The Caption.|Palafin-Hero, L50, M\n|switch|p2b: pal|Sneasler, L50, F|100/100|[from] Flip Turn\n|cant|p2a: i eat bugs|flinch\n|\n|-weather|RainDance|[upkeep]\n|upkeep\n|turn|2\n|\n|t:|1776221735\n|move|p1b: Sneasler|Quick Guard|p1b: Sneasler\n|-singleturn|p1b: Sneasler|Quick Guard\n|move|p2b: pal|Fake Out|p1a: Whimsicott\n|-activate|p1a: Whimsicott|move: Quick Guard\n|move|p1a: Whimsicott|Dazzling Gleam|p2a: i eat bugs|[spread] p2a,p2b\n|-crit|p2b: pal\n|-damage|p2a: i eat bugs|40/100\n|-damage|p2b: pal|54/100\n|move|p2a: i eat bugs|Tailwind|p2a: i eat bugs\n|-sidestart|p2: meatzzaa|move: Tailwind\n|\n|-weather|RainDance|[upkeep]\n|upkeep\n|turn|3\n|\n|t:|1776221753\n|move|p1a: Whimsicott|Encore|p2a: i eat bugs\n|-start|p2a: i eat bugs|Encore\n|move|p2b: pal|Dire Claw|p1a: Whimsicott\n|-supereffective|p1a: Whimsicott|2\n|-enditem|p1a: Whimsicott|Focus Sash\n|-damage|p1a: Whimsicott|1/100\n|move|p1b: Sneasler|Close Combat|p2b: pal\n|-resisted|p2b: pal|1\n|-damage|p2b: pal|0 fnt\n|-unboost|p1b: Sneasler|def|1\n|-unboost|p1b: Sneasler|spd|1\n|faint|p2b: pal\n|-enditem|p1b: Sneasler|White Herb\n|-clearnegativeboost|p1b: Sneasler|[silent]\n|move|p2a: i eat bugs|Tailwind||[still]\n|-fail|p2a: i eat bugs\n|\n|-weather|RainDance|[upkeep]\n|upkeep\n|\n|t:|1776221769\n|switch|p2b: The Caption.|Palafin-Hero, L50, M|100/100\n|-activate|p2b: The Caption.|ability: Zero to Hero\n|turn|4\n|\n|t:|1776221784\n|move|p1b: Sneasler|Quick Guard|p1b: Sneasler\n|-singleturn|p1b: Sneasler|Quick Guard\n|move|p1a: Whimsicott|Tailwind|p1a: Whimsicott\n|-sidestart|p1: Holibrand|move: Tailwind\n|move|p2b: The Caption.|Wave Crash|p1a: Whimsicott\n|-resisted|p1a: Whimsicott|1\n|-damage|p1a: Whimsicott|0 fnt\n|faint|p1a: Whimsicott\n|-damage|p2b: The Caption.|99/100|[from] Recoil\n|move|p2a: i eat bugs|Tailwind||[still]\n|-fail|p2a: i eat bugs\n|\n|-weather|RainDance|[upkeep]\n|upkeep\n|\n|t:|1776221793\n|switch|p1a: Arcanine|Arcanine, L50, M|100/100\n|-ability|p1a: Arcanine|Intimidate|boost\n|-unboost|p2a: i eat bugs|atk|1\n|-unboost|p2b: The Caption.|atk|1\n|turn|5\n|\n|t:|1776221807\n|move|p1a: Arcanine|Protect|p1a: Arcanine\n|-singleturn|p1a: Arcanine|Protect\n|move|p1b: Sneasler|Close Combat|p2b: The Caption.\n|-damage|p2b: The Caption.|39/100\n|-unboost|p1b: Sneasler|def|1\n|-unboost|p1b: Sneasler|spd|1\n|move|p2b: The Caption.|Wave Crash|p1a: Arcanine\n|-activate|p1a: Arcanine|move: Protect\n|move|p2a: i eat bugs|Tailwind||[still]\n|-fail|p2a: i eat bugs\n|\n|-weather|none\n|-end|p2a: i eat bugs|Encore\n|-sideend|p2: meatzzaa|move: Tailwind\n|upkeep\n|turn|6\n|inactive|Holibrand has 30 seconds left.\n|inactive|Holibrand has 20 seconds left.\n|\n|t:|1776221843\n|move|p1a: Arcanine|Extreme Speed|p2b: The Caption.\n|-damage|p2b: The Caption.|12/100\n|move|p2b: The Caption.|Jet Punch|p1a: Arcanine\n|-supereffective|p1a: Arcanine|1\n|-damage|p1a: Arcanine|43/100\n|move|p1b: Sneasler|Dire Claw|p2a: i eat bugs\n|-damage|p2a: i eat bugs|0 fnt\n|faint|p2a: i eat bugs\n|\n|upkeep\n|\n|t:|1776221852\n|switch|p2a: Incineroar|Incineroar, L50, F|100/100\n|-ability|p2a: Incineroar|Intimidate|boost\n|-unboost|p1a: Arcanine|atk|1\n|-unboost|p1b: Sneasler|atk|1\n|turn|7\n|\n|t:|1776221863\n|move|p1b: Sneasler|Quick Guard|p1b: Sneasler\n|-singleturn|p1b: Sneasler|Quick Guard\n|move|p2a: Incineroar|Fake Out|p1b: Sneasler\n|-activate|p1b: Sneasler|move: Quick Guard\n|move|p1a: Arcanine|Extreme Speed|p2b: The Caption.\n|-damage|p2b: The Caption.|0 fnt\n|faint|p2b: The Caption.\n|\n|-sideend|p1: Holibrand|move: Tailwind\n|upkeep\n|turn|8\n|\n|t:|1776221879\n|move|p1b: Sneasler|Close Combat|p2a: Incineroar\n|-supereffective|p2a: Incineroar|1\n|-enditem|p2a: Incineroar|Chople Berry|[eat]\n|-enditem|p2a: Incineroar|Chople Berry|[weaken]\n|-damage|p2a: Incineroar|54/100\n|-unboost|p1b: Sneasler|def|1\n|-unboost|p1b: Sneasler|spd|1\n|move|p1a: Arcanine|Burn Up|p2a: Incineroar\n|-resisted|p2a: Incineroar|1\n|-damage|p2a: Incineroar|29/100\n|-start|p1a: Arcanine|typechange|???|[from] move: Burn Up\n|move|p2a: Incineroar|Darkest Lariat|p1a: Arcanine\n|-damage|p1a: Arcanine|0 fnt\n|faint|p1a: Arcanine\n|\n|upkeep\n|\n|t:|1776221891\n|switch|p1a: Charizard|Charizard, L50, M|100/100\n|turn|9\n|\n|t:|1776221898\n|detailschange|p1a: Charizard|Charizard-Mega-Y, L50, M\n|-mega|p1a: Charizard|Charizard|Charizardite Y\n|-weather|SunnyDay|[from] ability: Drought|[of] p1a: Charizard\n|move|p1b: Sneasler|Close Combat|p2a: Incineroar\n|-supereffective|p2a: Incineroar|1\n|-damage|p2a: Incineroar|0 fnt\n|-unboost|p1b: Sneasler|def|1\n|-unboost|p1b: Sneasler|spd|1\n|faint|p2a: Incineroar\n|\n|win|Holibrand\n|raw|Holibrand's rating: 1093 &rarr; <strong>1117</strong><br />(+24 for winning)\n|raw|meatzzaa's rating: 1062 &rarr; <strong>1044</strong><br />(-18 for losing)\n|l|\u2606meatzzaa\n|player|p2|\n",
  "uploadtime": 1776221913,
  "views": 16,
  "formatid": "gen9championsvgc2026regma",
  "rating": 1044,
  "private": 0,
  "password": null
}