{
  "id": "gen9championsvgc2026regma-2580990668",
  "format": "[Gen 9 Champions] VGC 2026 Reg M-A",
  "players": [
    "PCR_Dark",
    "nandosgude"
  ],
  "log": "|j|\u2606PCR_Dark\n|j|\u2606nandosgude\n|t:|1775949604\n|gametype|doubles\n|player|p1|PCR_Dark|hilbert-wonderlauncher|1177\n|player|p2|nandosgude|dawn|1221\n|gen|9\n|tier|[Gen 9 Champions] VGC 2026 Reg M-A\n|rated|\n|rule|Species Clause: Limit one of each Pok\u00e9mon\n|rule|Item Clause: Limit 1 of each item\n|clearpoke\n|poke|p1|Pelipper, L50, F|\n|poke|p1|Archaludon, L50, F|\n|poke|p1|Basculegion, L50, M|\n|poke|p1|Chesnaught, L50, M|\n|poke|p1|Sneasler, L50, F|\n|poke|p1|Aerodactyl, L50, F|\n|poke|p2|Floette-Eternal, L50, F|\n|poke|p2|Maushold-Four, L50|\n|poke|p2|Garchomp, L50, F|\n|poke|p2|Talonflame, L50, M|\n|poke|p2|Rotom-Wash, L50|\n|poke|p2|Aegislash, L50, F|\n|teampreview|4\n|inactive|Battle timer is ON: inactive players will automatically lose when time's up. (requested by PCR_Dark)\n|\n|t:|1775949640\n|teamsize|p1|4\n|teamsize|p2|4\n|start\n|switch|p1a: Aerodactyl|Aerodactyl, L50, F|100/100\n|switch|p1b: Pelipper|Pelipper, L50, F|100/100\n|switch|p2a: Floette|Floette-Eternal, L50, F|100/100\n|switch|p2b: Maushold|Maushold-Four, L50, shiny|100/100\n|-ability|p1a: Aerodactyl|Unnerve\n|-weather|RainDance|[from] ability: Drizzle|[of] p1b: Pelipper\n|turn|1\n|inactive|PCR_Dark has 30 seconds left.\n|\n|t:|1775949671\n|detailschange|p1a: Aerodactyl|Aerodactyl-Mega, L50, F\n|-mega|p1a: Aerodactyl|Aerodactyl|Aerodactylite\n|detailschange|p2a: Floette|Floette-Mega, L50, F\n|-mega|p2a: Floette|Floette|Floettite\n|-ability|p2a: Floette|Fairy Aura\n|move|p1a: Aerodactyl|Rock Slide|p2b: Maushold|[spread] p2a,p2b\n|-damage|p2a: Floette|78/100\n|-damage|p2b: Maushold|59/100\n|move|p2b: Maushold|Taunt|p1a: Aerodactyl\n|-start|p1a: Aerodactyl|move: Taunt\n|move|p1b: Pelipper|Hurricane|p2b: Maushold\n|-damage|p2b: Maushold|3/100\n|cant|p2a: Floette|flinch\n|\n|-weather|RainDance|[upkeep]\n|upkeep\n|turn|2\n|inactive|PCR_Dark has 30 seconds left.\n|\n|t:|1775949699\n|move|p1a: Aerodactyl|Rock Slide|p2a: Floette|[spread] p2a,p2b\n|-damage|p2a: Floette|53/100\n|-damage|p2b: Maushold|0 fnt\n|faint|p2b: Maushold\n|move|p1b: Pelipper|Weather Ball|p2a: Floette\n|-damage|p2a: Floette|8/100\n|move|p2a: Floette|Dazzling Gleam|p1a: Aerodactyl|[spread] p1a,p1b\n|-damage|p1a: Aerodactyl|40/100\n|-damage|p1b: Pelipper|13/100\n|\n|-weather|RainDance|[upkeep]\n|upkeep\n|\n|t:|1775949709\n|switch|p2b: Rotom|Rotom-Wash, L50|100/100\n|turn|3\n|\n|t:|1775949725\n|move|p2a: Floette|Protect|p2a: Floette\n|-singleturn|p2a: Floette|Protect\n|move|p1a: Aerodactyl|Rock Slide|p2b: Rotom|[spread] p2b\n|-activate|p2a: Floette|move: Protect\n|-damage|p2b: Rotom|69/100\n|move|p1b: Pelipper|Tailwind|p1b: Pelipper\n|-sidestart|p1: PCR_Dark|move: Tailwind\n|cant|p2b: Rotom|flinch\n|\n|-weather|RainDance|[upkeep]\n|upkeep\n|turn|4\n|\n|t:|1775949744\n|move|p1a: Aerodactyl|Rock Slide|p2b: Rotom|[spread] p2b\n|-miss|p1a: Aerodactyl|p2a: Floette\n|-damage|p2b: Rotom|36/100\n|-enditem|p2b: Rotom|Sitrus Berry|[eat]\n|-heal|p2b: Rotom|61/100|[from] item: Sitrus Berry\n|move|p1b: Pelipper|Weather Ball|p2a: Floette\n|-damage|p2a: Floette|0 fnt\n|faint|p2a: Floette\n|cant|p2b: Rotom|flinch\n|\n|-weather|RainDance|[upkeep]\n|-end|p1a: Aerodactyl|move: Taunt\n|upkeep\n|\n|t:|1775949756\n|switch|p2a: Garchomp|Garchomp, L50, F, shiny|100/100\n|turn|5\n|c|\u2606nandosgude|30% chance goated, 4/4\n|inactive|PCR_Dark has 30 seconds left.\n|inactive|PCR_Dark has 20 seconds left.\n|inactive|PCR_Dark has 15 seconds left.\n|\n|t:|1775949799\n|move|p1a: Aerodactyl|Rock Slide|p2a: Garchomp|[spread] p2a,p2b\n|-resisted|p2a: Garchomp|1\n|-damage|p2a: Garchomp|86/100\n|-damage|p2b: Rotom|30/100\n|move|p1b: Pelipper|Hurricane|p2b: Rotom\n|-resisted|p2b: Rotom|1\n|-damage|p2b: Rotom|7/100\n|-start|p2b: Rotom|confusion\n|cant|p2a: Garchomp|flinch\n|cant|p2b: Rotom|flinch\n|\n|-weather|none\n|upkeep\n|turn|6\n|c|\u2606nandosgude|nah\n|c|\u2606nandosgude|cant be real\n|inactive|PCR_Dark has 30 seconds left.\n|inactive|nandosgude has 30 seconds left.\n|\n|t:|1775949832\n|move|p1a: Aerodactyl|Rock Slide|p2a: Garchomp|[spread] p2a\n|-miss|p1a: Aerodactyl|p2b: Rotom\n|-resisted|p2a: Garchomp|1\n|-damage|p2a: Garchomp|70/100\n|move|p1b: Pelipper|Weather Ball|p2b: Rotom\n|-damage|p2b: Rotom|0 fnt\n|faint|p2b: Rotom\n|move|p2a: Garchomp|Stone Edge|p1b: Pelipper\n|-supereffective|p1b: Pelipper|1\n|-crit|p1b: Pelipper\n|-damage|p1b: Pelipper|0 fnt\n|faint|p1b: Pelipper\n|\n|-sideend|p1: PCR_Dark|move: Tailwind\n|upkeep\n|\n|t:|1775949849\n|switch|p1b: Archaludon|Archaludon, L50, F|100/100\n|turn|7\n|inactive|nandosgude has 30 seconds left.\n|\n|t:|1775949874\n|move|p1a: Aerodactyl|Iron Head|p2a: Garchomp\n|-damage|p2a: Garchomp|35/100\n|-damage|p1a: Aerodactyl|28/100|[from] ability: Rough Skin|[of] p2a: Garchomp\n|move|p2a: Garchomp|Earthquake|p1b: Archaludon|[spread] p1b\n|-immune|p1a: Aerodactyl\n|-supereffective|p1b: Archaludon|1\n|-damage|p1b: Archaludon|32/100\n|-ability|p1b: Archaludon|Stamina|boost\n|-boost|p1b: Archaludon|def|1\n|move|p1b: Archaludon|Flash Cannon|p2a: Garchomp\n|-damage|p2a: Garchomp|0 fnt\n|faint|p2a: Garchomp\n|\n|win|PCR_Dark\n|raw|PCR_Dark's rating: 1177 &rarr; <strong>1205</strong><br />(+28 for winning)\n|raw|nandosgude's rating: 1221 &rarr; <strong>1193</strong><br />(-28 for losing)\n|l|\u2606nandosgude\n|player|p2|\n",
  "uploadtime": 1775949907,
  "views": 15,
  "formatid": "gen9championsvgc2026regma",
  "rating": 1193,
  "private": 0,
  "password": null
}