{
  "id": "gen9championsvgc2026regma-2582041350",
  "format": "[Gen 9 Champions] VGC 2026 Reg M-A",
  "players": [
    "RealJCubed",
    "kingambit kahn"
  ],
  "log": "|j|\u2606RealJCubed\n|j|\u2606kingambit kahn\n|t:|1776051092\n|gametype|doubles\n|player|p1|RealJCubed|gentleman|1055\n|player|p2|kingambit kahn|roughneck|1066\n|gen|9\n|tier|[Gen 9 Champions] VGC 2026 Reg M-A\n|rated|\n|rule|Species Clause: Limit one of each Pok\u00e9mon\n|rule|Item Clause: Limit 1 of each item\n|clearpoke\n|poke|p1|Klefki, L50, M|\n|poke|p1|Chimecho, L50, M|\n|poke|p1|Clefable, L50, F|\n|poke|p1|Palafin, L50, M|\n|poke|p1|Typhlosion-Hisui, L50, M|\n|poke|p1|Kingambit, L50, F|\n|poke|p2|Charizard, L50, F|\n|poke|p2|Torkoal, L50, F|\n|poke|p2|Venusaur, L50, M|\n|poke|p2|Dragapult, L50, F|\n|poke|p2|Whimsicott, L50, F|\n|poke|p2|Krookodile, L50, M|\n|teampreview|4\n|inactive|Battle timer is ON: inactive players will automatically lose when time's up. (requested by kingambit kahn)\n|\n|t:|1776051122\n|teamsize|p1|4\n|teamsize|p2|4\n|start\n|switch|p1a: Clefable|Clefable, L50, F|100/100\n|switch|p1b: Palafin|Palafin, L50, M|100/100\n|switch|p2a: Charizard|Charizard, L50, F|100/100\n|switch|p2b: Torkoal|Torkoal, L50, F|100/100\n|-weather|SunnyDay|[from] ability: Drought|[of] p2b: Torkoal\n|turn|1\n|\n|t:|1776051142\n|detailschange|p2a: Charizard|Charizard-Mega-Y, L50, F\n|-mega|p2a: Charizard|Charizard|Charizardite Y\n|move|p2a: Charizard|Solar Beam||[still]\n|-prepare|p2a: Charizard|Solar Beam\n|-anim|p2a: Charizard|Solar Beam|p1b: Palafin\n|-supereffective|p1b: Palafin|1\n|-damage|p1b: Palafin|0 fnt\n|faint|p1b: Palafin\n|move|p1a: Clefable|Mystical Fire|p2b: Torkoal\n|-resisted|p2b: Torkoal|1\n|-damage|p2b: Torkoal|90/100\n|-unboost|p2b: Torkoal|spa|1\n|move|p2b: Torkoal|Heat Wave|p1a: Clefable\n|-damage|p1a: Clefable|77/100\n|\n|-weather|SunnyDay|[upkeep]\n|-heal|p1a: Clefable|83/100|[from] item: Leftovers\n|upkeep\n|\n|t:|1776051155\n|switch|p1b: Typhlosion|Typhlosion-Hisui, L50, M|100/100\n|turn|2\n|inactive|kingambit kahn has 30 seconds left.\n|inactive|kingambit kahn has 20 seconds left.\n|\n|t:|1776051192\n|move|p1b: Typhlosion|Infernal Parade|p2a: Charizard\n|-damage|p2a: Charizard|70/100\n|move|p2a: Charizard|Heat Wave|p1a: Clefable|[spread] p1a\n|-miss|p2a: Charizard|p1b: Typhlosion\n|-damage|p1a: Clefable|38/100\n|move|p1a: Clefable|Mystical Fire|p2a: Charizard\n|-resisted|p2a: Charizard|1\n|-damage|p2a: Charizard|57/100\n|-unboost|p2a: Charizard|spa|1\n|move|p2b: Torkoal|Heat Wave|p1a: Clefable|[spread] p1a,p1b\n|-resisted|p1b: Typhlosion|1\n|-damage|p1a: Clefable|20/100\n|-damage|p1b: Typhlosion|82/100\n|\n|-weather|SunnyDay|[upkeep]\n|-heal|p1a: Clefable|26/100|[from] item: Leftovers\n|upkeep\n|turn|3\n|inactive|RealJCubed has 30 seconds left.\n|\n|t:|1776051225\n|move|p1b: Typhlosion|Infernal Parade|p2a: Charizard\n|-damage|p2a: Charizard|21/100\n|move|p2a: Charizard|Air Slash|p1a: Clefable\n|-damage|p1a: Clefable|4/100\n|cant|p1a: Clefable|flinch\n|move|p2b: Torkoal|Yawn|p1b: Typhlosion\n|-start|p1b: Typhlosion|move: Yawn|[of] p2b: Torkoal\n|\n|-weather|SunnyDay|[upkeep]\n|-heal|p1a: Clefable|10/100|[from] item: Leftovers\n|upkeep\n|turn|4\n|\n|t:|1776051243\n|switch|p1b: Chimecho|Chimecho, L50, M|100/100\n|move|p2a: Charizard|Protect|p2a: Charizard\n|-singleturn|p2a: Charizard|Protect\n|move|p1a: Clefable|Moonlight|p1a: Clefable\n|-heal|p1a: Clefable|77/100\n|move|p2b: Torkoal|Heat Wave|p1b: Chimecho|[spread] p1a,p1b\n|-damage|p1a: Clefable|57/100\n|-damage|p1b: Chimecho|76/100\n|\n|-weather|SunnyDay|[upkeep]\n|-heal|p1a: Clefable|63/100|[from] item: Leftovers\n|upkeep\n|turn|5\n|\n|t:|1776051268\n|switch|p2a: Venusaur|Venusaur, L50, M|100/100\n|move|p1b: Chimecho|Recover|p1b: Chimecho\n|-heal|p1b: Chimecho|100/100\n|move|p1a: Clefable|Mystical Fire|p2a: Venusaur\n|-supereffective|p2a: Venusaur|1\n|-damage|p2a: Venusaur|42/100\n|-unboost|p2a: Venusaur|spa|1\n|move|p2b: Torkoal|Yawn|p1a: Clefable\n|-start|p1a: Clefable|move: Yawn|[of] p2b: Torkoal\n|\n|-weather|none\n|-heal|p1a: Clefable|69/100|[from] item: Leftovers\n|upkeep\n|turn|6\n|inactive|RealJCubed has 30 seconds left.\n|\n|t:|1776051301\n|switch|p1a: Typhlosion|Typhlosion-Hisui, L50, M|82/100\n|move|p2a: Venusaur|Protect|p2a: Venusaur\n|-singleturn|p2a: Venusaur|Protect\n|move|p1b: Chimecho|Snarl|p2b: Torkoal|[spread] p2b\n|-activate|p2a: Venusaur|move: Protect\n|-damage|p2b: Torkoal|80/100\n|-unboost|p2b: Torkoal|spa|1\n|move|p2b: Torkoal|Yawn|p1b: Chimecho\n|-start|p1b: Chimecho|move: Yawn|[of] p2b: Torkoal\n|\n|upkeep\n|turn|7\n|\n|t:|1776051318\n|switch|p2a: Dragapult|Dragapult, L50, F|100/100\n|switch|p1b: Clefable|Clefable, L50, F|69/100\n|move|p1a: Typhlosion|Eruption|p2a: Dragapult|[spread] p2a,p2b\n|-resisted|p2a: Dragapult|1\n|-resisted|p2b: Torkoal|1\n|-damage|p2a: Dragapult|69/100\n|-damage|p2b: Torkoal|59/100\n|move|p2b: Torkoal|Yawn|p1a: Typhlosion\n|-start|p1a: Typhlosion|move: Yawn|[of] p2b: Torkoal\n|\n|-heal|p1b: Clefable|75/100|[from] item: Leftovers\n|upkeep\n|turn|8\n|\n|t:|1776051337\n|switch|p1a: Chimecho|Chimecho, L50, M|100/100\n|move|p1b: Clefable|Follow Me|p1b: Clefable\n|-singleturn|p1b: Clefable|move: Follow Me\n|move|p2a: Dragapult|Phantom Force||[still]\n|-prepare|p2a: Dragapult|Phantom Force\n|move|p2b: Torkoal|Yawn|p1b: Clefable\n|-start|p1b: Clefable|move: Yawn|[of] p2b: Torkoal\n|\n|-heal|p1b: Clefable|81/100|[from] item: Leftovers\n|upkeep\n|turn|9\n|inactive|RealJCubed has 30 seconds left.\n|\n|t:|1776051365\n|move|p2a: Dragapult|Phantom Force|p1a: Chimecho|[from] lockedmove\n|-supereffective|p1a: Chimecho|1\n|-damage|p1a: Chimecho|0 fnt\n|faint|p1a: Chimecho\n|move|p1b: Clefable|Moonlight|p1b: Clefable\n|-heal|p1b: Clefable|100/100\n|move|p2b: Torkoal|Yawn||[still]\n|-fail|p2b: Torkoal\n|\n|-end|p1b: Clefable|move: Yawn|[silent]\n|-status|p1b: Clefable|slp\n|upkeep\n|\n|t:|1776051372\n|switch|p1a: Typhlosion|Typhlosion-Hisui, L50, M|82/100\n|turn|10\n|\n|t:|1776051382\n|switch|p2b: Venusaur|Venusaur, L50, M|42/100\n|move|p1a: Typhlosion|Infernal Parade|p2b: Venusaur\n|-damage|p2b: Venusaur|5/100\n|-status|p2b: Venusaur|brn\n|move|p2a: Dragapult|Phantom Force||[still]\n|-prepare|p2a: Dragapult|Phantom Force\n|cant|p1b: Clefable|slp\n|\n|-damage|p2b: Venusaur|0 fnt|[from] brn\n|faint|p2b: Venusaur\n|upkeep\n|\n|t:|1776051391\n|switch|p2b: Charizard|Charizard-Mega-Y, L50, F|21/100\n|-weather|SunnyDay|[from] ability: Drought|[of] p2b: Charizard\n|turn|11\n|\n|t:|1776051402\n|-curestatus|p1b: Clefable|slp|[msg]\n|move|p1b: Clefable|Follow Me|p1b: Clefable\n|-singleturn|p1b: Clefable|move: Follow Me\n|move|p1a: Typhlosion|Infernal Parade|p2b: Charizard\n|-damage|p2b: Charizard|0 fnt\n|faint|p2b: Charizard\n|move|p2a: Dragapult|Phantom Force|p1b: Clefable|[from] lockedmove\n|-damage|p1b: Clefable|56/100\n|\n|-weather|SunnyDay|[upkeep]\n|-heal|p1b: Clefable|62/100|[from] item: Leftovers\n|upkeep\n|\n|t:|1776051412\n|switch|p2b: Torkoal|Torkoal, L50, F|59/100\n|turn|12\n|\n|t:|1776051424\n|move|p1b: Clefable|Follow Me|p1b: Clefable\n|-singleturn|p1b: Clefable|move: Follow Me\n|move|p1a: Typhlosion|Infernal Parade|p2a: Dragapult\n|-supereffective|p2a: Dragapult|1\n|-damage|p2a: Dragapult|0 fnt\n|faint|p2a: Dragapult\n|move|p2b: Torkoal|Yawn|p1b: Clefable\n|-start|p1b: Clefable|move: Yawn|[of] p2b: Torkoal\n|\n|-weather|SunnyDay|[upkeep]\n|-heal|p1b: Clefable|68/100|[from] item: Leftovers\n|upkeep\n|turn|13\n|\n|t:|1776051442\n|move|p1b: Clefable|Follow Me|p1b: Clefable\n|-singleturn|p1b: Clefable|move: Follow Me\n|move|p1a: Typhlosion|Infernal Parade|p2b: Torkoal\n|-damage|p2b: Torkoal|32/100\n|move|p2b: Torkoal|Yawn||[still]\n|-fail|p2b: Torkoal\n|\n|-weather|SunnyDay|[upkeep]\n|-heal|p1b: Clefable|74/100|[from] item: Leftovers\n|-end|p1b: Clefable|move: Yawn|[silent]\n|-status|p1b: Clefable|slp\n|upkeep\n|turn|14\n|-message|kingambit kahn forfeited.\n|\n|win|RealJCubed\n|raw|RealJCubed's rating: 1055 &rarr; <strong>1088</strong><br />(+33 for winning)\n|raw|kingambit kahn's rating: 1066 &rarr; <strong>1045</strong><br />(-21 for losing)\n|l|\u2606kingambit kahn\n|player|p2|\n",
  "uploadtime": 1776051450,
  "views": 28,
  "formatid": "gen9championsvgc2026regma",
  "rating": 1045,
  "private": 0,
  "password": null
}