{
  "id": "gen9championsvgc2026regma-2580991580",
  "format": "[Gen 9 Champions] VGC 2026 Reg M-A",
  "players": [
    "roodlethenoodle",
    "nsbnsb"
  ],
  "log": "|j|\u2606roodlethenoodle\n|j|\u2606nsbnsb\n|t:|1775949690\n|gametype|doubles\n|player|p1|roodlethenoodle|cilan|1326\n|player|p2|nsbnsb|ghetsis|1346\n|gen|9\n|tier|[Gen 9 Champions] VGC 2026 Reg M-A\n|rated|\n|rule|Species Clause: Limit one of each Pok\u00e9mon\n|rule|Item Clause: Limit 1 of each item\n|clearpoke\n|poke|p1|Incineroar, L50, F|\n|poke|p1|Floette-Eternal, L50, F|\n|poke|p1|Rotom-Wash, L50|\n|poke|p1|Garchomp, L50, M|\n|poke|p1|Sinistcha, L50|\n|poke|p1|Orthworm, L50, M|\n|poke|p2|Crabominable, L50, F|\n|poke|p2|Farigiraf, L50, M|\n|poke|p2|Kingambit, L50, M|\n|poke|p2|Sinistcha, L50|\n|poke|p2|Camerupt, L50, F|\n|poke|p2|Incineroar, L50, M|\n|teampreview|4\n|inactive|Battle timer is ON: inactive players will automatically lose when time's up. (requested by nsbnsb)\n|j| gE1xjZRtuhW2DdT0AK\n|inactive|roodlethenoodle has 60 seconds left.\n|\n|t:|1775949733\n|teamsize|p1|4\n|teamsize|p2|4\n|start\n|switch|p1a: Orthworm|Orthworm, L50, M|100/100\n|switch|p1b: Incineroar|Incineroar, L50, F|100/100\n|switch|p2a: Farigiraf|Farigiraf, L50, M|100/100\n|switch|p2b: Incineroar|Incineroar, L50, M|100/100\n|-ability|p1b: Incineroar|Intimidate|boost\n|-unboost|p2a: Farigiraf|atk|1\n|-unboost|p2b: Incineroar|atk|1\n|-ability|p2b: Incineroar|Intimidate|boost\n|-unboost|p1a: Orthworm|atk|1\n|-unboost|p1b: Incineroar|atk|1\n|turn|1\n|\n|t:|1775949740\n|move|p2b: Incineroar|Fake Out|p1a: Orthworm\n|-resisted|p1a: Orthworm|1\n|-damage|p1a: Orthworm|98/100\n|cant|p1a: Orthworm|flinch\n|move|p1b: Incineroar|Taunt|p2a: Farigiraf\n|-start|p2a: Farigiraf|move: Taunt\n|-enditem|p2a: Farigiraf|Mental Herb\n|-end|p2a: Farigiraf|move: Taunt\n|move|p2a: Farigiraf|Trick Room|p2a: Farigiraf\n|-fieldstart|move: Trick Room|[of] p2a: Farigiraf\n|\n|upkeep\n|turn|2\n|inactive|roodlethenoodle has 30 seconds left.\n|\n|t:|1775949769\n|switch|p2a: Crabominable|Crabominable, L50, F|100/100\n|move|p2b: Incineroar|Flare Blitz|p1a: Orthworm\n|-supereffective|p1a: Orthworm|1\n|-damage|p1a: Orthworm|47/100\n|-enditem|p1a: Orthworm|Sitrus Berry|[eat]\n|-heal|p1a: Orthworm|72/100|[from] item: Sitrus Berry\n|-damage|p2b: Incineroar|86/100|[from] Recoil\n|move|p1b: Incineroar|Parting Shot|p2a: Crabominable\n|-fail|p2a: Crabominable|unboost|Attack|[from] ability: Hyper Cutter|[of] p2a: Crabominable\n|-unboost|p2a: Crabominable|spa|1\n|\n|t:|1775949784\n|switch|p1b: Floette|Floette-Eternal, L50, F|100/100|[from] Parting Shot\n|move|p1a: Orthworm|Shed Tail|p1a: Orthworm\n|-start|p1a: Orthworm|Substitute|[from] move: Shed Tail\n|-damage|p1a: Orthworm|21/100\n|\n|t:|1775949787\n|switch|p1a: Incineroar|Incineroar, L50, F|100/100|[from] Shed Tail\n|-ability|p1a: Incineroar|Intimidate|boost\n|-fail|p2a: Crabominable|unboost|Attack|[from] ability: Hyper Cutter|[of] p2a: Crabominable\n|-unboost|p2b: Incineroar|atk|1\n|\n|upkeep\n|turn|3\n|\n|t:|1775949803\n|detailschange|p1b: Floette|Floette-Mega, L50, F\n|-mega|p1b: Floette|Floette|Floettite\n|-ability|p1b: Floette|Fairy Aura\n|move|p2a: Crabominable|Protect|p2a: Crabominable\n|-singleturn|p2a: Crabominable|Protect\n|move|p1a: Incineroar|Fake Out|p2a: Crabominable\n|-activate|p2a: Crabominable|move: Protect\n|move|p2b: Incineroar|Parting Shot|p1b: Floette\n|-unboost|p1b: Floette|atk|1\n|-unboost|p1b: Floette|spa|1\n|\n|t:|1775949811\n|switch|p2b: Kingambit|Kingambit, L50, M|100/100|[from] Parting Shot\n|move|p1b: Floette|Moonblast|p2a: Crabominable\n|-activate|p2a: Crabominable|move: Protect\n|\n|upkeep\n|turn|4\n|\n|t:|1775949824\n|switch|p1b: Orthworm|Orthworm, L50, M|21/100\n|move|p2a: Crabominable|Drain Punch|p1a: Incineroar\n|-supereffective|p1a: Incineroar|1\n|-end|p1a: Incineroar|Substitute\n|move|p2b: Kingambit|Iron Head|p1b: Orthworm\n|-resisted|p1b: Orthworm|1\n|-damage|p1b: Orthworm|6/100\n|move|p1a: Incineroar|Flare Blitz|p2b: Kingambit\n|-supereffective|p2b: Kingambit|1\n|-damage|p2b: Kingambit|34/100\n|-status|p2b: Kingambit|brn\n|-damage|p1a: Incineroar|78/100|[from] Recoil\n|\n|-damage|p2b: Kingambit|28/100 brn|[from] brn\n|upkeep\n|turn|5\n|\n|t:|1775949842\n|move|p2a: Crabominable|Drain Punch|p1a: Incineroar\n|-supereffective|p1a: Incineroar|1\n|-enditem|p1a: Incineroar|Chople Berry|[eat]\n|-enditem|p1a: Incineroar|Chople Berry|[weaken]\n|-damage|p1a: Incineroar|47/100\n|move|p2b: Kingambit|Iron Head|p1b: Orthworm\n|-resisted|p1b: Orthworm|1\n|-damage|p1b: Orthworm|0 fnt\n|faint|p1b: Orthworm\n|move|p1a: Incineroar|Parting Shot|p2a: Crabominable\n|-fail|p2a: Crabominable|unboost|Attack|[from] ability: Hyper Cutter|[of] p2a: Crabominable\n|-unboost|p2a: Crabominable|spa|1\n|\n|t:|1775949853\n|switch|p1a: Floette|Floette-Mega, L50, F|100/100|[from] Parting Shot\n|-ability|p1a: Floette|Fairy Aura\n|\n|-damage|p2b: Kingambit|22/100 brn|[from] brn\n|-fieldend|move: Trick Room\n|upkeep\n|\n|t:|1775949870\n|switch|p1b: Incineroar|Incineroar, L50, F|47/100\n|-ability|p1b: Incineroar|Intimidate|boost\n|-fail|p2a: Crabominable|unboost|Attack|[from] ability: Hyper Cutter|[of] p2a: Crabominable\n|-unboost|p2b: Kingambit|atk|1\n|-ability|p2b: Kingambit|Defiant|boost\n|-boost|p2b: Kingambit|atk|2\n|turn|6\n|\n|t:|1775949881\n|switch|p2a: Incineroar|Incineroar, L50, M|86/100\n|-ability|p2a: Incineroar|Intimidate|boost\n|-unboost|p1a: Floette|atk|1\n|-unboost|p1b: Incineroar|atk|1\n|move|p1b: Incineroar|Fake Out|p2a: Incineroar\n|-damage|p2a: Incineroar|80/100\n|move|p2b: Kingambit|Sucker Punch|p1a: Floette\n|-resisted|p1a: Floette|1\n|-damage|p1a: Floette|81/100\n|move|p1a: Floette|Dazzling Gleam|p2a: Incineroar|[spread] p2a,p2b\n|-damage|p2a: Incineroar|41/100\n|-damage|p2b: Kingambit|0 fnt\n|-enditem|p2a: Incineroar|Sitrus Berry|[eat]\n|-heal|p2a: Incineroar|66/100|[from] item: Sitrus Berry\n|faint|p2b: Kingambit\n|\n|upkeep\n|\n|t:|1775949891\n|switch|p2b: Farigiraf|Farigiraf, L50, M|100/100\n|turn|7\n|\n|t:|1775949901\n|move|p2a: Incineroar|Fake Out|p1b: Incineroar\n|-damage|p1b: Incineroar|39/100\n|move|p1a: Floette|Moonblast|p2a: Incineroar\n|-damage|p2a: Incineroar|2/100\n|cant|p1b: Incineroar|flinch\n|move|p2b: Farigiraf|Trick Room|p2b: Farigiraf\n|-fieldstart|move: Trick Room|[of] p2b: Farigiraf\n|\n|upkeep\n|turn|8\n|\n|t:|1775949925\n|move|p2b: Farigiraf|Hyper Voice|p1a: Floette|[spread] p1a,p1b\n|-damage|p1a: Floette|59/100\n|-damage|p1b: Incineroar|12/100\n|move|p2a: Incineroar|Flare Blitz|p1a: Floette\n|-damage|p1a: Floette|0 fnt\n|faint|p1a: Floette\n|-damage|p2a: Incineroar|0 fnt|[from] Recoil\n|faint|p2a: Incineroar\n|move|p1b: Incineroar|Parting Shot|p2b: Farigiraf\n|-unboost|p2b: Farigiraf|atk|1\n|-unboost|p2b: Farigiraf|spa|1\n|\n|t:|1775949931\n|switch|p1b: Rotom|Rotom-Wash, L50|100/100|[from] Parting Shot\n|\n|upkeep\n|\n|t:|1775949933\n|switch|p2a: Crabominable|Crabominable, L50, F|100/100\n|switch|p1a: Incineroar|Incineroar, L50, F|12/100\n|-ability|p1a: Incineroar|Intimidate|boost\n|-fail|p2a: Crabominable|unboost|Attack|[from] ability: Hyper Cutter|[of] p2a: Crabominable\n|-unboost|p2b: Farigiraf|atk|1\n|turn|9\n|\n|t:|1775949942\n|detailschange|p2a: Crabominable|Crabominable-Mega, L50, F\n|-mega|p2a: Crabominable|Crabominable|Crabominite\n|move|p2a: Crabominable|Thunder Punch|p1b: Rotom\n|-damage|p1b: Rotom|45/100\n|move|p2b: Farigiraf|Hyper Voice|p1b: Rotom|[spread] p1a,p1b\n|-damage|p1a: Incineroar|0 fnt\n|-damage|p1b: Rotom|19/100\n|faint|p1a: Incineroar\n|move|p1b: Rotom|Thunderbolt|p2a: Crabominable\n|-damage|p2a: Crabominable|64/100\n|-status|p2a: Crabominable|par\n|\n|upkeep\n|turn|10\n|c|\u2606nsbnsb|GG\n|j| Blueaquajet3\n|\n|t:|1775949951\n|move|p2a: Crabominable|Drain Punch|p1b: Rotom\n|-damage|p1b: Rotom|0 fnt\n|-heal|p2a: Crabominable|70/100 par|[from] drain|[of] p1b: Rotom\n|faint|p1b: Rotom\n|\n|win|nsbnsb\n|raw|roodlethenoodle's rating: 1326 &rarr; <strong>1307</strong><br />(-19 for losing)\n|raw|nsbnsb's rating: 1346 &rarr; <strong>1365</strong><br />(+19 for winning)\n|l|\u2606roodlethenoodle\n|player|p1|\n",
  "uploadtime": 1775949964,
  "views": 23,
  "formatid": "gen9championsvgc2026regma",
  "rating": 1307,
  "private": 0,
  "password": null
}