{
  "id": "gen9championsvgc2026regma-2584598772",
  "format": "[Gen 9 Champions] VGC 2026 Reg M-A",
  "players": [
    "speedwagon03",
    "etrdyfyiu"
  ],
  "log": "|j|\u2606speedwagon03\n|j|\u2606etrdyfyiu\n|t:|1776271234\n|gametype|doubles\n|player|p1|speedwagon03|hilbert|1267\n|player|p2|etrdyfyiu|266|1200\n|gen|9\n|tier|[Gen 9 Champions] VGC 2026 Reg M-A\n|rated|\n|rule|Species Clause: Limit one of each Pok\u00e9mon\n|rule|Item Clause: Limit 1 of each item\n|clearpoke\n|poke|p1|Aerodactyl, L50, F|\n|poke|p1|Floette-Eternal, L50, F|\n|poke|p1|Garchomp, L50, M|\n|poke|p1|Basculegion, L50, M|\n|poke|p1|Sinistcha, L50|\n|poke|p1|Farigiraf, L50, F|\n|poke|p2|Palafin, L50, M|\n|poke|p2|Arcanine, L50, F|\n|poke|p2|Scizor, L50, F|\n|poke|p2|Tyranitar, L50, F|\n|poke|p2|Sneasler, L50, M|\n|poke|p2|Sinistcha, L50|\n|teampreview|4\n|\n|t:|1776271272\n|teamsize|p1|4\n|teamsize|p2|4\n|start\n|switch|p1a: Aerodactyl|Aerodactyl, L50, F|100/100\n|switch|p1b: Farigiraf|Farigiraf, L50, F|100/100\n|switch|p2a: Tyranitar|Tyranitar, L50, F, shiny|100/100\n|switch|p2b: Sneasler|Sneasler, L50, M, shiny|100/100\n|-ability|p1a: Aerodactyl|Unnerve\n|-weather|Sandstorm|[from] ability: Sand Stream|[of] p2a: Tyranitar\n|turn|1\n|\n|t:|1776271295\n|detailschange|p2a: Tyranitar|Tyranitar-Mega, L50, F, shiny\n|-mega|p2a: Tyranitar|Tyranitar|Tyranitarite\n|move|p2b: Sneasler|Fake Out||[still]\n|cant|p1b: Farigiraf|ability: Armor Tail|Fake Out|[of] p2b: Sneasler\n|move|p1a: Aerodactyl|Dual Wingbeat|p2b: Sneasler\n|-supereffective|p2b: Sneasler|1\n|-damage|p2b: Sneasler|39/100\n|-supereffective|p2b: Sneasler|1\n|-damage|p2b: Sneasler|0 fnt\n|faint|p2b: Sneasler\n|-hitcount|p2: Sneasler|2\n|move|p2a: Tyranitar|Knock Off|p1b: Farigiraf\n|-supereffective|p1b: Farigiraf|1\n|-damage|p1b: Farigiraf|0 fnt\n|-enditem|p1b: Farigiraf|Mental Herb|[from] move: Knock Off|[of] p2a: Tyranitar\n|faint|p1b: Farigiraf\n|\n|-weather|Sandstorm|[upkeep]\n|upkeep\n|\n|t:|1776271333\n|switch|p2b: Arcanine|Arcanine, L50, F, shiny|100/100\n|switch|p1b: Floette|Floette-Eternal, L50, F|100/100\n|-ability|p2b: Arcanine|Intimidate|boost\n|-unboost|p1a: Aerodactyl|atk|1\n|-unboost|p1b: Floette|atk|1\n|turn|2\n|\n|t:|1776271358\n|detailschange|p1b: Floette|Floette-Mega, L50, F\n|-mega|p1b: Floette|Floette|Floettite\n|-ability|p1b: Floette|Fairy Aura\n|move|p2a: Tyranitar|Protect|p2a: Tyranitar\n|-singleturn|p2a: Tyranitar|Protect\n|move|p2b: Arcanine|Extreme Speed|p1b: Floette\n|-damage|p1b: Floette|71/100\n|move|p1a: Aerodactyl|Tailwind|p1a: Aerodactyl\n|-sidestart|p1: speedwagon03|move: Tailwind\n|move|p1b: Floette|Dazzling Gleam|p2b: Arcanine|[spread] p2b\n|-activate|p2a: Tyranitar|move: Protect\n|-resisted|p2b: Arcanine|1\n|-damage|p2b: Arcanine|73/100\n|\n|-weather|Sandstorm|[upkeep]\n|-damage|p1b: Floette|65/100|[from] Sandstorm\n|-damage|p2b: Arcanine|67/100|[from] Sandstorm\n|upkeep\n|turn|3\n|\n|t:|1776271398\n|switch|p2a: Sinistcha|Sinistcha, L50|100/100\n|-heal|p2b: Arcanine|92/100|[from] ability: Hospitality|[of] p2a: Sinistcha\n|move|p1a: Aerodactyl|Rock Slide|p2a: Sinistcha|[spread] p2a,p2b\n|-crit|p2a: Sinistcha\n|-supereffective|p2b: Arcanine|1\n|-damage|p2a: Sinistcha|66/100\n|-damage|p2b: Arcanine|57/100\n|move|p1b: Floette|Dazzling Gleam|p2a: Sinistcha|[spread] p2a,p2b\n|-resisted|p2b: Arcanine|1\n|-damage|p2a: Sinistcha|12/100\n|-damage|p2b: Arcanine|27/100\n|move|p2b: Arcanine|Will-O-Wisp|p1a: Aerodactyl\n|-status|p1a: Aerodactyl|brn\n|\n|-weather|Sandstorm|[upkeep]\n|-damage|p1b: Floette|59/100|[from] Sandstorm\n|-damage|p2b: Arcanine|21/100|[from] Sandstorm\n|-damage|p2a: Sinistcha|6/100|[from] Sandstorm\n|-damage|p1a: Aerodactyl|95/100 brn|[from] brn\n|upkeep\n|turn|4\n|\n|t:|1776271426\n|move|p2a: Sinistcha|Protect|p2a: Sinistcha\n|-singleturn|p2a: Sinistcha|Protect\n|move|p1a: Aerodactyl|Rock Slide|p2b: Arcanine|[spread] p2b\n|-activate|p2a: Sinistcha|move: Protect\n|-supereffective|p2b: Arcanine|1\n|-damage|p2b: Arcanine|4/100\n|move|p1b: Floette|Calm Mind|p1b: Floette\n|-boost|p1b: Floette|spa|1\n|-boost|p1b: Floette|spd|1\n|move|p2b: Arcanine|Flare Blitz|p1b: Floette\n|-crit|p1b: Floette\n|-damage|p1b: Floette|0 fnt\n|faint|p1b: Floette\n|-damage|p2b: Arcanine|0 fnt|[from] Recoil\n|faint|p2b: Arcanine\n|\n|-weather|Sandstorm|[upkeep]\n|-damage|p2a: Sinistcha|0 fnt|[from] Sandstorm\n|faint|p2a: Sinistcha\n|-damage|p1a: Aerodactyl|89/100 brn|[from] brn\n|upkeep\n|\n|t:|1776271447\n|switch|p1b: Basculegion|Basculegion, L50, M|100/100\n|switch|p2b: Tyranitar|Tyranitar-Mega, L50, F, shiny|100/100\n|turn|5\n|\n|t:|1776271459\n|move|p1b: Basculegion|Wave Crash|p2b: Tyranitar\n|-supereffective|p2b: Tyranitar|1\n|-damage|p2b: Tyranitar|4/100\n|-damage|p1b: Basculegion|67/100|[from] Recoil\n|move|p1a: Aerodactyl|Rock Slide|p2b: Tyranitar\n|-damage|p2b: Tyranitar|0 fnt\n|faint|p2b: Tyranitar\n|\n|win|speedwagon03\n|raw|speedwagon03's rating: 1267 &rarr; <strong>1287</strong><br />(+20 for winning)\n|raw|etrdyfyiu's rating: 1200 &rarr; <strong>1180</strong><br />(-20 for losing)\n",
  "uploadtime": 1776271469,
  "views": 25,
  "formatid": "gen9championsvgc2026regma",
  "rating": 1180,
  "private": 0,
  "password": null
}