{
  "id": "gen9championsvgc2026regma-2581462469",
  "format": "[Gen 9 Champions] VGC 2026 Reg M-A",
  "players": [
    "Iamwashed67",
    "CappyCappy"
  ],
  "log": "|j|\u2606Iamwashed67\n|j|\u2606CappyCappy\n|t:|1776002773\n|gametype|doubles\n|player|p1|Iamwashed67|fisherman-gen4|1149\n|player|p2|CappyCappy|miku-fairy|1075\n|gen|9\n|tier|[Gen 9 Champions] VGC 2026 Reg M-A\n|rated|\n|rule|Species Clause: Limit one of each Pok\u00e9mon\n|rule|Item Clause: Limit 1 of each item\n|clearpoke\n|poke|p1|Glimmora, L50, F|\n|poke|p1|Maushold, L50|\n|poke|p1|Aegislash, L50, M|\n|poke|p1|Froslass, L50, F|\n|poke|p1|Whimsicott, L50, F|\n|poke|p1|Ditto, L50|\n|poke|p2|Aerodactyl, L50, M|\n|poke|p2|Garchomp, L50, F|\n|poke|p2|Tyranitar, L50, M|\n|poke|p2|Excadrill, L50, F|\n|poke|p2|Sinistcha, L50|\n|poke|p2|Rotom-Wash, L50|\n|teampreview|4\n|inactive|Battle timer is ON: inactive players will automatically lose when time's up. (requested by Iamwashed67)\n|\n|t:|1776002791\n|teamsize|p1|4\n|teamsize|p2|4\n|start\n|switch|p1a: Glimmora|Glimmora, L50, F|100/100\n|switch|p1b: Maushold|Maushold, L50|100/100\n|switch|p2a: Aerodactyl|Aerodactyl, L50, M, shiny|100/100\n|switch|p2b: Garchomp|Garchomp, L50, F|100/100\n|-ability|p2a: Aerodactyl|Unnerve\n|turn|1\n|inactive|Iamwashed67 has 30 seconds left.\n|inactive|CappyCappy has 30 seconds left.\n|\n|t:|1776002820\n|move|p1a: Glimmora|Spiky Shield|p1a: Glimmora\n|-singleturn|p1a: Glimmora|move: Protect\n|move|p2a: Aerodactyl|Tailwind|p2a: Aerodactyl\n|-sidestart|p2: CappyCappy|move: Tailwind\n|move|p2b: Garchomp|Earthquake|p1a: Glimmora|[spread] p1b\n|-activate|p1a: Glimmora|move: Protect\n|-immune|p2a: Aerodactyl\n|-damage|p1b: Maushold|42/100\n|move|p1b: Maushold|Taunt|p2a: Aerodactyl\n|-start|p2a: Aerodactyl|move: Taunt\n|\n|upkeep\n|turn|2\n|inactive|CappyCappy has 30 seconds left.\n|inactive|Iamwashed67 has 30 seconds left.\n|\n|t:|1776002854\n|move|p1b: Maushold|Protect|p1b: Maushold\n|-singleturn|p1b: Maushold|Protect\n|move|p2a: Aerodactyl|Rock Slide|p1a: Glimmora|[spread] p1a\n|-activate|p1b: Maushold|move: Protect\n|-damage|p1a: Glimmora|78/100\n|-activate|p1a: Glimmora|ability: Toxic Debris\n|-sidestart|p2: CappyCappy|move: Toxic Spikes\n|move|p2b: Garchomp|Earthquake|p1b: Maushold|[spread] p1a\n|-activate|p1b: Maushold|move: Protect\n|-immune|p2a: Aerodactyl\n|-supereffective|p1a: Glimmora|2\n|-damage|p1a: Glimmora|0 fnt\n|-activate|p1a: Glimmora|ability: Toxic Debris\n|-sidestart|p2: CappyCappy|move: Toxic Spikes\n|faint|p1a: Glimmora\n|\n|upkeep\n|\n|t:|1776002869\n|switch|p1a: Froslass|Froslass, L50, F|100/100\n|turn|3\n|\n|t:|1776002881\n|switch|p2b: Excadrill|Excadrill, L50, F|100/100\n|switch|p1b: Ditto|Ditto, L50|100/100\n|-transform|p1b: Ditto|p2a: Aerodactyl|[from] ability: Imposter\n|-ability|p1b: Ditto|Unnerve\n|detailschange|p1a: Froslass|Froslass-Mega, L50, F\n|-mega|p1a: Froslass|Froslass|Froslassite\n|-weather|Snowscape|[from] ability: Snow Warning|[of] p1a: Froslass\n|move|p2a: Aerodactyl|Rock Slide|p1b: Ditto|[spread] p1a,p1b\n|-supereffective|p1a: Froslass|1\n|-supereffective|p1b: Ditto|1\n|-damage|p1a: Froslass|48/100\n|-damage|p1b: Ditto|8/100\n|move|p1a: Froslass|Blizzard|p2b: Excadrill|[spread] p2a,p2b\n|-supereffective|p2a: Aerodactyl|1\n|-damage|p2a: Aerodactyl|0 fnt\n|-damage|p2b: Excadrill|53/100\n|-status|p2b: Excadrill|frz\n|faint|p2a: Aerodactyl\n|\n|-weather|Snowscape|[upkeep]\n|upkeep\n|\n|t:|1776002898\n|switch|p2a: Tyranitar|Tyranitar, L50, M|100/100\n|-status|p2a: Tyranitar|tox\n|-weather|Sandstorm|[from] ability: Sand Stream|[of] p2a: Tyranitar\n|turn|4\n|\n|t:|1776002912\n|switch|p1a: Maushold|Maushold, L50|42/100\n|-enditem|p1a: Maushold|Sitrus Berry|[eat]\n|-heal|p1a: Maushold|67/100|[from] item: Sitrus Berry\n|cant|p2b: Excadrill|frz\n|move|p1b: Ditto|Tailwind|p1b: Ditto\n|-sidestart|p1: Iamwashed67|move: Tailwind\n|move|p2a: Tyranitar|Rock Slide|p1b: Ditto|[spread] p1a,p1b\n|-supereffective|p1b: Ditto|1\n|-damage|p1a: Maushold|24/100\n|-damage|p1b: Ditto|0 fnt\n|faint|p1b: Ditto\n|\n|-weather|Sandstorm|[upkeep]\n|-damage|p1a: Maushold|18/100|[from] Sandstorm\n|-damage|p2a: Tyranitar|95/100 tox|[from] psn\n|-sideend|p2: CappyCappy|move: Tailwind\n|upkeep\n|\n|t:|1776002921\n|switch|p1b: Froslass|Froslass-Mega, L50, F|48/100\n|-weather|Snowscape|[from] ability: Snow Warning|[of] p1b: Froslass\n|turn|5\n|\n|t:|1776002931\n|move|p1a: Maushold|Super Fang|p2a: Tyranitar\n|-damage|p2a: Tyranitar|48/100 tox\n|move|p1b: Froslass|Blizzard|p2b: Excadrill|[spread] p2a,p2b\n|-damage|p2a: Tyranitar|10/100 tox\n|-damage|p2b: Excadrill|1/100 frz\n|move|p2a: Tyranitar|Rock Slide|p1a: Maushold|[spread] p1a,p1b\n|-supereffective|p1b: Froslass|1\n|-damage|p1a: Maushold|0 fnt\n|-damage|p1b: Froslass|5/100\n|faint|p1a: Maushold\n|cant|p2b: Excadrill|frz\n|\n|-weather|Snowscape|[upkeep]\n|-damage|p2a: Tyranitar|0 fnt|[from] psn\n|faint|p2a: Tyranitar\n|upkeep\n|\n|t:|1776002936\n|switch|p2a: Garchomp|Garchomp, L50, F|100/100\n|-status|p2a: Garchomp|tox\n|turn|6\n|\n|t:|1776002951\n|move|p1b: Froslass|Blizzard|p2a: Garchomp|[spread] p2a,p2b\n|-supereffective|p2a: Garchomp|2\n|-damage|p2a: Garchomp|0 fnt\n|-damage|p2b: Excadrill|0 fnt\n|faint|p2a: Garchomp\n|faint|p2b: Excadrill\n|\n|win|Iamwashed67\n|raw|Iamwashed67's rating: 1149 &rarr; <strong>1169</strong><br />(+20 for winning)\n|raw|CappyCappy's rating: 1075 &rarr; <strong>1058</strong><br />(-17 for losing)\n",
  "uploadtime": 1776002952,
  "views": 17,
  "formatid": "gen9championsvgc2026regma",
  "rating": 1058,
  "private": 0,
  "password": null
}