{
  "id": "gen9championsvgc2026regma-2582610170",
  "format": "[Gen 9 Champions] VGC 2026 Reg M-A",
  "players": [
    "Tamejo",
    "nikolasnaiz"
  ],
  "log": "|j|\u2606Tamejo\n|j|\u2606nikolasnaiz\n|t:|1776102473\n|gametype|doubles\n|player|p1|Tamejo|caitlin|1322\n|player|p2|nikolasnaiz|265|1399\n|gen|9\n|tier|[Gen 9 Champions] VGC 2026 Reg M-A\n|rated|\n|rule|Species Clause: Limit one of each Pok\u00e9mon\n|rule|Item Clause: Limit 1 of each item\n|clearpoke\n|poke|p1|Dragapult, L50, M|\n|poke|p1|Farigiraf, L50, M|\n|poke|p1|Sylveon, L50, F|\n|poke|p1|Whimsicott, L50, F|\n|poke|p1|Glimmora, L50, M|\n|poke|p1|Crabominable, L50, F|\n|poke|p2|Incineroar, L50, M|\n|poke|p2|Floette-Eternal, L50, F|\n|poke|p2|Kommo-o, L50, F|\n|poke|p2|Aegislash, L50, F|\n|poke|p2|Rotom-Wash, L50|\n|poke|p2|Tyranitar, L50, F|\n|teampreview|4\n|inactive|Battle timer is ON: inactive players will automatically lose when time's up. (requested by nikolasnaiz)\n|inactive|nikolasnaiz has 60 seconds left.\n|\n|t:|1776102535\n|teamsize|p1|4\n|teamsize|p2|4\n|start\n|switch|p1a: Dragapult|Dragapult, L50, M|100/100\n|switch|p1b: Sylveon|Sylveon, L50, F|100/100\n|switch|p2a: Aegislash|Aegislash, L50, F, shiny|100/100\n|switch|p2b: Tyranitar|Tyranitar, L50, F|100/100\n|-weather|Sandstorm|[from] ability: Sand Stream|[of] p2b: Tyranitar\n|turn|1\n|inactive|Tamejo has 30 seconds left.\n|inactive|Tamejo has 20 seconds left.\n|\n|t:|1776102573\n|move|p1a: Dragapult|Phantom Force||[still]\n|-prepare|p1a: Dragapult|Phantom Force\n|move|p2b: Tyranitar|Knock Off|p1a: Dragapult|[miss]\n|-miss|p2b: Tyranitar|p1a: Dragapult\n|move|p1b: Sylveon|Hyper Voice|p2b: Tyranitar|[spread] p2a,p2b\n|-resisted|p2a: Aegislash|1\n|-supereffective|p2b: Tyranitar|1\n|-damage|p2a: Aegislash|86/100\n|-damage|p2b: Tyranitar|55/100\n|-formechange|p2a: Aegislash|Aegislash-Blade|\n|move|p2a: Aegislash|Iron Head|p1b: Sylveon\n|-supereffective|p1b: Sylveon|1\n|-damage|p1b: Sylveon|0 fnt\n|faint|p1b: Sylveon\n|\n|-weather|Sandstorm|[upkeep]\n|-damage|p1a: Dragapult|94/100|[from] Sandstorm\n|upkeep\n|\n|t:|1776102586\n|switch|p1b: Glimmora|Glimmora, L50, M|100/100\n|turn|2\n|\n|t:|1776102599\n|switch|p2a: Incineroar|Incineroar, L50, M|100/100\n|-ability|p2a: Incineroar|Intimidate|boost\n|-fail|p1a: Dragapult|unboost|[from] ability: Clear Body|[of] p1a: Dragapult\n|-unboost|p1b: Glimmora|atk|1\n|detailschange|p1b: Glimmora|Glimmora-Mega, L50, M\n|-mega|p1b: Glimmora|Glimmora|Glimmoranite\n|move|p1a: Dragapult|Phantom Force|p2a: Incineroar|[from] lockedmove\n|-resisted|p2a: Incineroar|1\n|-damage|p2a: Incineroar|84/100\n|move|p1b: Glimmora|Power Gem|p2a: Incineroar\n|-supereffective|p2a: Incineroar|1\n|-damage|p2a: Incineroar|0 fnt\n|faint|p2a: Incineroar\n|move|p2b: Tyranitar|Knock Off|p1a: Dragapult\n|-supereffective|p1a: Dragapult|1\n|-enditem|p1a: Dragapult|Colbur Berry|[eat]\n|-enditem|p1a: Dragapult|Colbur Berry|[weaken]\n|-damage|p1a: Dragapult|15/100\n|\n|-weather|Sandstorm|[upkeep]\n|-damage|p1a: Dragapult|9/100|[from] Sandstorm\n|upkeep\n|\n|t:|1776102617\n|switch|p2a: Aegislash|Aegislash, L50, F, shiny|86/100\n|turn|3\n|\n|t:|1776102629\n|move|p1b: Glimmora|Spiky Shield|p1b: Glimmora\n|-singleturn|p1b: Glimmora|move: Protect\n|move|p1a: Dragapult|Phantom Force||[still]\n|-prepare|p1a: Dragapult|Phantom Force\n|move|p2b: Tyranitar|Rock Slide|p1a: Dragapult|[spread] \n|-miss|p2b: Tyranitar|p1a: Dragapult\n|-activate|p1b: Glimmora|move: Protect\n|-formechange|p2a: Aegislash|Aegislash-Blade|\n|move|p2a: Aegislash|Iron Head|p1b: Glimmora\n|-activate|p1b: Glimmora|move: Protect\n|-damage|p2a: Aegislash|74/100|[from] Spiky Shield|[of] p1b: Glimmora\n|\n|-weather|Sandstorm|[upkeep]\n|-damage|p1a: Dragapult|3/100|[from] Sandstorm\n|upkeep\n|turn|4\n|\n|t:|1776102643\n|switch|p2a: Floette|Floette-Eternal, L50, F|100/100\n|move|p1a: Dragapult|Phantom Force|p2a: Floette|[from] lockedmove\n|-damage|p2a: Floette|49/100\n|move|p1b: Glimmora|Earth Power|p2b: Tyranitar\n|-supereffective|p2b: Tyranitar|1\n|-damage|p2b: Tyranitar|7/100\n|move|p2b: Tyranitar|Rock Slide|p1a: Dragapult|[spread] p1a,p1b\n|-damage|p1a: Dragapult|0 fnt\n|-damage|p1b: Glimmora|64/100\n|faint|p1a: Dragapult\n|\n|-weather|Sandstorm|[upkeep]\n|-damage|p2a: Floette|42/100|[from] Sandstorm\n|upkeep\n|\n|t:|1776102653\n|switch|p1a: Whimsicott|Whimsicott, L50, F|100/100\n|turn|5\n|inactive|Tamejo has 30 seconds left.\n|\n|t:|1776102682\n|detailschange|p2a: Floette|Floette-Mega, L50, F\n|-mega|p2a: Floette|Floette|Floettite\n|-ability|p2a: Floette|Fairy Aura\n|move|p1a: Whimsicott|Moonblast|p2b: Tyranitar\n|-supereffective|p2b: Tyranitar|1\n|-crit|p2b: Tyranitar\n|-damage|p2b: Tyranitar|0 fnt\n|faint|p2b: Tyranitar\n|move|p1b: Glimmora|Sludge Bomb|p2a: Floette\n|-supereffective|p2a: Floette|1\n|-damage|p2a: Floette|0 fnt\n|faint|p2a: Floette\n|\n|-weather|none\n|upkeep\n|\n|t:|1776102687\n|switch|p2b: Aegislash|Aegislash, L50, F, shiny|74/100\n|turn|6\n|inactive|Tamejo has 30 seconds left.\n|\n|t:|1776102720\n|move|p1a: Whimsicott|Moonblast|p2b: Aegislash\n|-resisted|p2b: Aegislash|1\n|-damage|p2b: Aegislash|64/100\n|move|p1b: Glimmora|Earth Power|p2b: Aegislash\n|-supereffective|p2b: Aegislash|1\n|-damage|p2b: Aegislash|8/100\n|-formechange|p2b: Aegislash|Aegislash-Blade|\n|move|p2b: Aegislash|Iron Head|p1a: Whimsicott\n|-supereffective|p1a: Whimsicott|1\n|-enditem|p1a: Whimsicott|Focus Sash\n|-damage|p1a: Whimsicott|1/100\n|\n|upkeep\n|turn|7\n|inactive|nikolasnaiz has 30 seconds left.\n|\n|t:|1776102749\n|move|p2b: Aegislash|Shadow Sneak|p1a: Whimsicott\n|-damage|p1a: Whimsicott|0 fnt\n|faint|p1a: Whimsicott\n|move|p1b: Glimmora|Earth Power|p2b: Aegislash\n|-supereffective|p2b: Aegislash|1\n|-damage|p2b: Aegislash|0 fnt\n|faint|p2b: Aegislash\n|\n|win|Tamejo\n|raw|Tamejo's rating: 1322 &rarr; <strong>1346</strong><br />(+24 for winning)\n|raw|nikolasnaiz's rating: 1399 &rarr; <strong>1375</strong><br />(-24 for losing)\n|l|\u2606nikolasnaiz\n|player|p2|\n",
  "uploadtime": 1776102757,
  "views": 22,
  "formatid": "gen9championsvgc2026regma",
  "rating": 1346,
  "private": 0,
  "password": null
}