{
  "id": "gen9championsvgc2026regma-2587586270",
  "format": "[Gen 9 Champions] VGC 2026 Reg M-A",
  "players": [
    "appatheboppa",
    "DrakeLong"
  ],
  "log": "|j|\u2606appatheboppa\n|j|\u2606DrakeLong\n|t:|1776544595\n|gametype|doubles\n|player|p1|appatheboppa|rocketgrunt|1096\n|player|p2|DrakeLong|2|1173\n|gen|9\n|tier|[Gen 9 Champions] VGC 2026 Reg M-A\n|rated|\n|rule|Species Clause: Limit one of each Pok\u00e9mon\n|rule|Item Clause: Limit 1 of each item\n|clearpoke\n|poke|p1|Blastoise, L50, F|\n|poke|p1|Talonflame, L50, F, shiny|\n|poke|p1|Garchomp, L50, F|\n|poke|p1|Sinistcha, L50, shiny|\n|poke|p1|Sylveon, L50, F, shiny|\n|poke|p1|Kingambit, L50, M, shiny|\n|poke|p2|Incineroar, L50, F|\n|poke|p2|Kommo-o, L50, F, shiny|\n|poke|p2|Glimmora, L50, F, shiny|\n|poke|p2|Farigiraf, L50, M|\n|poke|p2|Vivillon-Pokeball, L50, F|\n|poke|p2|Delphox, L50, F|\n|teampreview|4\n|\n|t:|1776544723\n|teamsize|p1|4\n|teamsize|p2|4\n|start\n|switch|p1a: Blastoise|Blastoise, L50, F|100/100\n|switch|p1b: Talonflame|Talonflame, L50, F, shiny|100/100\n|switch|p2a: Incineroar|Incineroar, L50, F|100/100\n|switch|p2b: Glimmora|Glimmora, L50, F, shiny|100/100\n|-ability|p2a: Incineroar|Intimidate|boost\n|-unboost|p1a: Blastoise|atk|1\n|-unboost|p1b: Talonflame|atk|1\n|turn|1\n|\n|t:|1776544775\n|detailschange|p2b: Glimmora|Glimmora-Mega, L50, F, shiny\n|-mega|p2b: Glimmora|Glimmora|Glimmoranite\n|detailschange|p1a: Blastoise|Blastoise-Mega, L50, F\n|-mega|p1a: Blastoise|Blastoise|Blastoisinite\n|move|p2a: Incineroar|Fake Out|p1b: Talonflame\n|-damage|p1b: Talonflame|84/100\n|-immune|p2a: Incineroar\n|cant|p1b: Talonflame|flinch\n|move|p2b: Glimmora|Sludge Bomb|p1a: Blastoise\n|-damage|p1a: Blastoise|23/100\n|move|p1a: Blastoise|Water Spout|p2b: Glimmora|[spread] p2a,p2b\n|-supereffective|p2a: Incineroar|1\n|-supereffective|p2b: Glimmora|1\n|-damage|p2a: Incineroar|70/100\n|-damage|p2b: Glimmora|69/100\n|\n|upkeep\n|turn|2\n|\n|t:|1776544819\n|move|p2b: Glimmora|Spiky Shield|p2b: Glimmora\n|-singleturn|p2b: Glimmora|move: Protect\n|move|p1b: Talonflame|Rain Dance|p1b: Talonflame\n|-weather|RainDance\n|move|p1a: Blastoise|Water Spout|p2b: Glimmora|[spread] p2a\n|-activate|p2b: Glimmora|move: Protect\n|-supereffective|p2a: Incineroar|1\n|-damage|p2a: Incineroar|27/100\n|move|p2a: Incineroar|Darkest Lariat|p1a: Blastoise\n|-damage|p1a: Blastoise|0 fnt\n|faint|p1a: Blastoise\n|\n|-weather|RainDance|[upkeep]\n|upkeep\n|\n|t:|1776544834\n|switch|p1a: Kingambit|Kingambit, L50, M, shiny|100/100\n|-activate|p1a: Kingambit|ability: Supreme Overlord\n|-start|p1a: Kingambit|fallen1|[silent]\n|turn|3\n|\n|t:|1776544876\n|move|p1b: Talonflame|U-turn|p2a: Incineroar\n|-damage|p2a: Incineroar|19/100\n|\n|t:|1776544879\n|switch|p1b: Garchomp|Garchomp, L50, F|100/100|[from] U-turn\n|move|p2b: Glimmora|Power Gem|p1b: Garchomp\n|-resisted|p1b: Garchomp|1\n|-damage|p1b: Garchomp|64/100\n|move|p1a: Kingambit|Kowtow Cleave|p2b: Glimmora\n|-damage|p2b: Glimmora|18/100\n|move|p2a: Incineroar|Parting Shot|p1a: Kingambit\n|-unboost|p1a: Kingambit|atk|1\n|-unboost|p1a: Kingambit|spa|1\n|\n|t:|1776544906\n|switch|p2a: Vivillon|Vivillon-Pokeball, L50, F|100/100|[from] Parting Shot\n|\n|-weather|RainDance|[upkeep]\n|-heal|p1b: Garchomp|70/100|[from] item: Leftovers\n|upkeep\n|turn|4\n|\n|t:|1776544931\n|move|p2b: Glimmora|Spiky Shield|p2b: Glimmora\n|-singleturn|p2b: Glimmora|move: Protect\n|move|p2a: Vivillon|Sleep Powder|p1b: Garchomp\n|-status|p1b: Garchomp|slp|[from] move: Sleep Powder\n|cant|p1b: Garchomp|slp\n|move|p1a: Kingambit|Swords Dance|p1a: Kingambit\n|-boost|p1a: Kingambit|atk|2\n|\n|-weather|RainDance|[upkeep]\n|-heal|p1b: Garchomp|76/100 slp|[from] item: Leftovers\n|upkeep\n|turn|5\n|\n|t:|1776544962\n|switch|p2b: Incineroar|Incineroar, L50, F|19/100\n|-ability|p2b: Incineroar|Intimidate|boost\n|-unboost|p1a: Kingambit|atk|1\n|-unboost|p1b: Garchomp|atk|1\n|move|p2a: Vivillon|Rage Powder|p2a: Vivillon\n|-singleturn|p2a: Vivillon|move: Rage Powder\n|cant|p1b: Garchomp|slp\n|move|p1a: Kingambit|Kowtow Cleave|p2a: Vivillon\n|-damage|p2a: Vivillon|2/100\n|\n|-weather|RainDance|[upkeep]\n|-heal|p1b: Garchomp|82/100 slp|[from] item: Leftovers\n|upkeep\n|turn|6\n|\n|t:|1776544995\n|move|p2b: Incineroar|Fake Out|p1b: Garchomp\n|-damage|p1b: Garchomp|68/100 slp\n|move|p2a: Vivillon|Sleep Powder|p1a: Kingambit\n|-status|p1a: Kingambit|slp|[from] move: Sleep Powder\n|-curestatus|p1b: Garchomp|slp|[msg]\n|cant|p1b: Garchomp|flinch\n|cant|p1a: Kingambit|slp\n|\n|-weather|none\n|-heal|p1b: Garchomp|74/100|[from] item: Leftovers\n|upkeep\n|turn|7\n|\n|t:|1776545027\n|move|p2a: Vivillon|Rage Powder|p2a: Vivillon\n|-singleturn|p2a: Vivillon|move: Rage Powder\n|move|p1b: Garchomp|Rock Slide|p2b: Incineroar|[spread] p2a,p2b\n|-supereffective|p2a: Vivillon|2\n|-supereffective|p2b: Incineroar|1\n|-damage|p2a: Vivillon|0 fnt\n|-damage|p2b: Incineroar|0 fnt\n|faint|p2a: Vivillon\n|faint|p2b: Incineroar\n|-curestatus|p1a: Kingambit|slp|[msg]\n|move|p1a: Kingambit|Kowtow Cleave|p2: Vivillon|[notarget]\n|-fail|p1a: Kingambit\n|\n|-heal|p1b: Garchomp|80/100|[from] item: Leftovers\n|upkeep\n|\n|t:|1776545038\n|switch|p2a: Kommo-o|Kommo-o, L50, F, shiny|100/100\n|switch|p2b: Glimmora|Glimmora-Mega, L50, F, shiny|18/100\n|turn|8\n|\n|t:|1776545067\n|move|p2b: Glimmora|Spiky Shield|p2b: Glimmora\n|-singleturn|p2b: Glimmora|move: Protect\n|move|p1a: Kingambit|Protect|p1a: Kingambit\n|-singleturn|p1a: Kingambit|Protect\n|move|p2a: Kommo-o|Clangorous Soul|p2a: Kommo-o\n|-boost|p2a: Kommo-o|atk|1\n|-boost|p2a: Kommo-o|def|1\n|-boost|p2a: Kommo-o|spa|1\n|-boost|p2a: Kommo-o|spd|1\n|-boost|p2a: Kommo-o|spe|1\n|-damage|p2a: Kommo-o|68/100\n|move|p1b: Garchomp|Dragon Tail|p2a: Kommo-o\n|-supereffective|p2a: Kommo-o|1\n|-crit|p2a: Kommo-o\n|-damage|p2a: Kommo-o|0 fnt\n|faint|p2a: Kommo-o\n|\n|-heal|p1b: Garchomp|86/100|[from] item: Leftovers\n|upkeep\n|turn|9\n|c|\u2606DrakeLong|take the team out of showdown and see how far it gets you in champions\n|c|\u2606DrakeLong|chud\n|-message|DrakeLong forfeited.\n|\n|win|appatheboppa\n|raw|appatheboppa's rating: 1096 &rarr; <strong>1127</strong><br />(+31 for winning)\n|raw|DrakeLong's rating: 1173 &rarr; <strong>1143</strong><br />(-30 for losing)\n|l|\u2606DrakeLong\n|player|p2|\n",
  "uploadtime": 1776545134,
  "views": 16,
  "formatid": "gen9championsvgc2026regma",
  "rating": 1127,
  "private": 0,
  "password": null
}