{
  "id": "gen9championsvgc2026regma-2585379414",
  "format": "[Gen 9 Champions] VGC 2026 Reg M-A",
  "players": [
    "ZoeEEman",
    "Lyoi"
  ],
  "log": "|j|\u2606ZoeEEman\n|j|\u2606Lyoi\n|t:|1776342857\n|gametype|doubles\n|player|p1|ZoeEEman|169|1049\n|player|p2|Lyoi|miku-ghost|1000\n|gen|9\n|tier|[Gen 9 Champions] VGC 2026 Reg M-A\n|rated|\n|rule|Species Clause: Limit one of each Pok\u00e9mon\n|rule|Item Clause: Limit 1 of each item\n|clearpoke\n|poke|p1|Gardevoir, L50, F|\n|poke|p1|Garchomp, L50, F|\n|poke|p1|Sinistcha, L50|\n|poke|p1|Conkeldurr, L50, F|\n|poke|p1|Rotom-Wash, L50|\n|poke|p1|Incineroar, L50, F|\n|poke|p2|Sneasler, L50, F|\n|poke|p2|Starmie, L50|\n|poke|p2|Garchomp, L50, F|\n|poke|p2|Sinistcha, L50|\n|poke|p2|Goodra-Hisui, L50, M|\n|poke|p2|Rotom-Heat, L50|\n|teampreview|4\n|\n|t:|1776342893\n|teamsize|p1|4\n|teamsize|p2|4\n|start\n|switch|p1a: Gardevoir|Gardevoir, L50, F|100/100\n|switch|p1b: Garchomp|Garchomp, L50, F|100/100\n|switch|p2a: Sneasler|Sneasler, L50, F|100/100\n|switch|p2b: Goodra|Goodra-Hisui, L50, M|100/100\n|turn|1\n|\n|t:|1776342924\n|move|p2a: Sneasler|Fake Out|p1b: Garchomp\n|-damage|p1b: Garchomp|85/100\n|-damage|p2a: Sneasler|88/100|[from] ability: Rough Skin|[of] p1b: Garchomp\n|cant|p1b: Garchomp|flinch\n|move|p1a: Gardevoir|Calm Mind|p1a: Gardevoir\n|-boost|p1a: Gardevoir|spa|1\n|-boost|p1a: Gardevoir|spd|1\n|move|p2b: Goodra|Shelter|p2b: Goodra\n|-boost|p2b: Goodra|def|2\n|\n|upkeep\n|turn|2\n|\n|t:|1776342940\n|move|p1b: Garchomp|Earthquake|p2a: Sneasler|[spread] p2a,p2b\n|-activate|p1a: Gardevoir|ability: Telepathy\n|-supereffective|p2a: Sneasler|1\n|-supereffective|p2b: Goodra|1\n|-damage|p2a: Sneasler|0 fnt\n|-damage|p2b: Goodra|67/100\n|faint|p2a: Sneasler\n|move|p1a: Gardevoir|Moonblast|p2b: Goodra\n|-damage|p2b: Goodra|28/100\n|move|p2b: Goodra|Knock Off|p1b: Garchomp\n|-damage|p1b: Garchomp|64/100\n|-damage|p2b: Goodra|16/100|[from] ability: Rough Skin|[of] p1b: Garchomp\n|-enditem|p1b: Garchomp|Choice Scarf|[from] move: Knock Off|[of] p2b: Goodra\n|\n|-heal|p2b: Goodra|22/100|[from] item: Leftovers\n|upkeep\n|\n|t:|1776342969\n|switch|p2a: Garchomp|Garchomp, L50, F|100/100\n|turn|3\n|\n|t:|1776342992\n|switch|p1b: Incineroar|Incineroar, L50, F|100/100\n|-ability|p1b: Incineroar|Intimidate|boost\n|-unboost|p2a: Garchomp|atk|1\n|-unboost|p2b: Goodra|atk|1\n|detailschange|p1a: Gardevoir|Gardevoir-Mega, L50, F\n|-mega|p1a: Gardevoir|Gardevoir|Gardevoirite\n|move|p2a: Garchomp|Rock Slide|p1a: Gardevoir|[spread] p1a,p1b\n|-supereffective|p1b: Incineroar|1\n|-damage|p1a: Gardevoir|79/100\n|-damage|p1b: Incineroar|74/100\n|cant|p1a: Gardevoir|flinch\n|move|p2b: Goodra|Body Press|p1b: Incineroar\n|-supereffective|p1b: Incineroar|1\n|-damage|p1b: Incineroar|0 fnt\n|faint|p1b: Incineroar\n|\n|-heal|p2b: Goodra|28/100|[from] item: Leftovers\n|upkeep\n|\n|t:|1776343009\n|switch|p1b: Garchomp|Garchomp, L50, F|64/100\n|turn|4\n|\n|t:|1776343033\n|move|p2a: Garchomp|Rock Slide|p1a: Gardevoir|[spread] p1a,p1b\n|-resisted|p1b: Garchomp|1\n|-damage|p1a: Gardevoir|62/100\n|-damage|p1b: Garchomp|56/100\n|cant|p1b: Garchomp|flinch\n|move|p1a: Gardevoir|Moonblast|p2b: Goodra\n|-damage|p2b: Goodra|0 fnt\n|faint|p2b: Goodra\n|\n|upkeep\n|\n|t:|1776343040\n|switch|p2b: Starmie|Starmie, L50|100/100\n|turn|5\n|\n|t:|1776343056\n|detailschange|p2b: Starmie|Starmie-Mega, L50\n|-mega|p2b: Starmie|Starmie|Starminite\n|move|p2a: Garchomp|Rock Slide|p1a: Gardevoir|[spread] p1a,p1b\n|-crit|p1a: Gardevoir\n|-resisted|p1b: Garchomp|1\n|-damage|p1a: Gardevoir|18/100\n|-damage|p1b: Garchomp|49/100\n|move|p2b: Starmie|Liquidation|p1a: Gardevoir\n|-damage|p1a: Gardevoir|0 fnt\n|faint|p1a: Gardevoir\n|cant|p1b: Garchomp|flinch\n|\n|upkeep\n|\n|t:|1776343067\n|switch|p1a: Rotom|Rotom-Wash, L50|100/100\n|turn|6\n|\n|t:|1776343081\n|move|p2a: Garchomp|Rock Slide|p1a: Rotom|[spread] p1a,p1b\n|-resisted|p1b: Garchomp|1\n|-damage|p1a: Rotom|84/100\n|-damage|p1b: Garchomp|42/100\n|move|p2b: Starmie|Skill Swap|p2a: Garchomp\n|-activate|p2b: Starmie|Skill Swap|||[of] p2a: Garchomp\n|move|p1b: Garchomp|Dragon Claw|p2a: Garchomp\n|-supereffective|p2a: Garchomp|1\n|-damage|p2a: Garchomp|13/100\n|move|p1a: Rotom|Volt Switch|p2b: Starmie\n|-supereffective|p2b: Starmie|1\n|-crit|p2b: Starmie\n|-damage|p2b: Starmie|0 fnt\n|faint|p2b: Starmie\n|\n|upkeep\n|turn|7\n|\n|t:|1776343097\n|move|p1a: Rotom|Protect|p1a: Rotom\n|-singleturn|p1a: Rotom|Protect\n|move|p2a: Garchomp|Rock Slide|p1a: Rotom|[spread] p1b\n|-activate|p1a: Rotom|move: Protect\n|-resisted|p1b: Garchomp|1\n|-damage|p1b: Garchomp|28/100\n|move|p1b: Garchomp|Dragon Claw|p2a: Garchomp\n|-supereffective|p2a: Garchomp|1\n|-damage|p2a: Garchomp|0 fnt\n|faint|p2a: Garchomp\n|\n|win|ZoeEEman\n|raw|ZoeEEman's rating: 1049 &rarr; <strong>1077</strong><br />(+28 for winning)\n|raw|Lyoi's rating: 1000 &rarr; <strong>1000</strong><br />(+0 for losing)\n",
  "uploadtime": 1776343097,
  "views": 20,
  "formatid": "gen9championsvgc2026regma",
  "rating": 1000,
  "private": 0,
  "password": null
}