{
  "id": "gen9championsvgc2026regma-2584999591",
  "format": "[Gen 9 Champions] VGC 2026 Reg M-A",
  "players": [
    "reisquaza1",
    "br41nit"
  ],
  "log": "|j|\u2606reisquaza1\n|j|\u2606br41nit\n|t:|1776302045\n|gametype|doubles\n|player|p1|reisquaza1|flannery|1336\n|player|p2|br41nit|1|1361\n|gen|9\n|tier|[Gen 9 Champions] VGC 2026 Reg M-A\n|rated|\n|rule|Species Clause: Limit one of each Pok\u00e9mon\n|rule|Item Clause: Limit 1 of each item\n|clearpoke\n|poke|p1|Floette-Eternal, L50, F|\n|poke|p1|Kingambit, L50, M|\n|poke|p1|Delphox, L50, F|\n|poke|p1|Incineroar, L50, M|\n|poke|p1|Sneasler, L50, F|\n|poke|p1|Garchomp, L50, F|\n|poke|p2|Milotic, L50, F|\n|poke|p2|Tyranitar, L50, F|\n|poke|p2|Scizor, L50, F|\n|poke|p2|Garchomp, L50, F|\n|poke|p2|Sableye, L50, M|\n|poke|p2|Meganium, L50, F|\n|teampreview|4\n|inactive|Battle timer is ON: inactive players will automatically lose when time's up. (requested by br41nit)\n|inactive|reisquaza1 has 60 seconds left.\n|\n|t:|1776302116\n|teamsize|p1|4\n|teamsize|p2|4\n|start\n|switch|p1a: Floette|Floette-Eternal, L50, F|100/100\n|switch|p1b: Sneasler|Sneasler, L50, F|100/100\n|switch|p2a: Milotic|Milotic, L50, F|100/100\n|switch|p2b: Sableye|Sableye, L50, M|100/100\n|turn|1\n|inactive|br41nit has 30 seconds left.\n|\n|t:|1776302145\n|detailschange|p1a: Floette|Floette-Mega, L50, F\n|-mega|p1a: Floette|Floette|Floettite\n|-ability|p1a: Floette|Fairy Aura\n|move|p1b: Sneasler|Fake Out|p2a: Milotic\n|-damage|p2a: Milotic|85/100\n|move|p1a: Floette|Dazzling Gleam|p2a: Milotic|[spread] p2a,p2b\n|-supereffective|p2b: Sableye|1\n|-damage|p2a: Milotic|55/100\n|-enditem|p2b: Sableye|Focus Sash\n|-damage|p2b: Sableye|1/100\n|cant|p2a: Milotic|flinch\n|move|p2b: Sableye|Foul Play|p1b: Sneasler\n|-resisted|p1b: Sneasler|1\n|-damage|p1b: Sneasler|58/100\n|\n|-heal|p2a: Milotic|61/100|[from] item: Leftovers\n|upkeep\n|turn|2\n|inactive|reisquaza1 has 30 seconds left.\n|\n|t:|1776302173\n|move|p2b: Sableye|Protect|p2b: Sableye\n|-singleturn|p2b: Sableye|Protect\n|move|p1b: Sneasler|Dire Claw|p2b: Sableye\n|-activate|p2b: Sableye|move: Protect\n|move|p1a: Floette|Dazzling Gleam|p2b: Sableye|[spread] p2a\n|-activate|p2b: Sableye|move: Protect\n|-damage|p2a: Milotic|32/100\n|move|p2a: Milotic|Scald|p1b: Sneasler\n|-damage|p1b: Sneasler|14/100\n|-status|p1b: Sneasler|brn\n|\n|-heal|p2a: Milotic|38/100|[from] item: Leftovers\n|-damage|p1b: Sneasler|8/100 brn|[from] brn\n|upkeep\n|turn|3\n|\n|t:|1776302194\n|switch|p1b: Kingambit|Kingambit, L50, M|100/100\n|move|p2b: Sableye|Disable|p1a: Floette\n|-start|p1a: Floette|Disable|Dazzling Gleam\n|cant|p1a: Floette|Disable|Dazzling Gleam\n|move|p2a: Milotic|Icy Wind|p1a: Floette|[spread] p1a,p1b\n|-resisted|p1b: Kingambit|1\n|-damage|p1a: Floette|93/100\n|-damage|p1b: Kingambit|96/100\n|-unboost|p1a: Floette|spe|1\n|-unboost|p1b: Kingambit|spe|1\n|-ability|p1b: Kingambit|Defiant|boost\n|-boost|p1b: Kingambit|atk|2\n|\n|-heal|p2a: Milotic|44/100|[from] item: Leftovers\n|upkeep\n|turn|4\n|inactive|reisquaza1 has 30 seconds left.\n|inactive|reisquaza1 has 20 seconds left.\n|\n|t:|1776302234\n|switch|p2a: Garchomp|Garchomp, L50, F|100/100\n|move|p2b: Sableye|Encore|p1a: Floette\n|-start|p1a: Floette|Encore\n|cant|p1a: Floette|Disable|Dazzling Gleam\n|move|p1b: Kingambit|Iron Head|p2a: Garchomp\n|-damage|p2a: Garchomp|18/100\n|\n|upkeep\n|turn|5\n|\n|t:|1776302253\n|switch|p2a: Scizor|Scizor, L50, F|100/100\n|switch|p1a: Incineroar|Incineroar, L50, M|100/100\n|-ability|p1a: Incineroar|Intimidate|boost\n|-unboost|p2a: Scizor|atk|1\n|-unboost|p2b: Sableye|atk|1\n|move|p1b: Kingambit|Sucker Punch||[still]\n|-fail|p1b: Kingambit\n|move|p2b: Sableye|Foul Play|p1b: Kingambit\n|-resisted|p1b: Kingambit|1\n|-damage|p1b: Kingambit|61/100\n|\n|upkeep\n|turn|6\n|inactive|reisquaza1 has 30 seconds left.\n|inactive|br41nit has 30 seconds left.\n|inactive|reisquaza1 has 20 seconds left.\n|inactive|reisquaza1 has 15 seconds left.\n|\n|t:|1776302296\n|switch|p2a: Milotic|Milotic, L50, F|44/100\n|move|p1a: Incineroar|Flare Blitz|p2a: Milotic\n|-resisted|p2a: Milotic|1\n|-damage|p2a: Milotic|22/100\n|-damage|p1a: Incineroar|93/100|[from] Recoil\n|move|p2b: Sableye|Foul Play|p1b: Kingambit\n|-resisted|p1b: Kingambit|1\n|-damage|p1b: Kingambit|27/100\n|move|p1b: Kingambit|Iron Head|p2b: Sableye\n|-damage|p2b: Sableye|0 fnt\n|faint|p2b: Sableye\n|\n|-heal|p2a: Milotic|28/100|[from] item: Leftovers\n|-heal|p1a: Incineroar|99/100|[from] item: Leftovers\n|upkeep\n|\n|t:|1776302314\n|switch|p2b: Garchomp|Garchomp, L50, F|18/100\n|turn|7\n|\n|t:|1776302331\n|switch|p2b: Scizor|Scizor, L50, F|100/100\n|switch|p1a: Sneasler|Sneasler, L50, F|8/100 brn\n|move|p1b: Kingambit|Protect|p1b: Kingambit\n|-singleturn|p1b: Kingambit|Protect\n|move|p2a: Milotic|Life Dew||[still]|[spread] p2a,p2b\n|-heal|p2a: Milotic|53/100\n|-fail|p2b: Scizor|heal\n|\n|-heal|p2a: Milotic|59/100|[from] item: Leftovers\n|-damage|p1a: Sneasler|2/100 brn|[from] brn\n|upkeep\n|turn|8\n|inactive|reisquaza1 has 30 seconds left.\n|inactive|reisquaza1 has 20 seconds left.\n|inactive|reisquaza1 has 15 seconds left.\n|inactive|br41nit has 30 seconds left.\n|\n|t:|1776302375\n|move|p2a: Milotic|Protect|p2a: Milotic\n|-singleturn|p2a: Milotic|Protect\n|move|p1a: Sneasler|Fake Out|p2b: Scizor\n|-resisted|p2b: Scizor|1\n|-damage|p2b: Scizor|97/100\n|move|p1b: Kingambit|Sucker Punch||[still]\n|-fail|p1b: Kingambit\n|cant|p2b: Scizor|flinch\n|\n|-heal|p2a: Milotic|65/100|[from] item: Leftovers\n|-damage|p1a: Sneasler|0 fnt|[from] brn\n|faint|p1a: Sneasler\n|upkeep\n|\n|t:|1776302383\n|switch|p1a: Incineroar|Incineroar, L50, M|99/100\n|-ability|p1a: Incineroar|Intimidate|boost\n|-unboost|p2a: Milotic|atk|1\n|-ability|p2a: Milotic|Competitive|boost\n|-boost|p2a: Milotic|spa|2\n|-unboost|p2b: Scizor|atk|1\n|turn|9\n|inactive|reisquaza1 has 30 seconds left.\n|inactive|br41nit has 30 seconds left.\n|inactive|reisquaza1 has 20 seconds left.\n|\n|t:|1776302419\n|move|p2a: Milotic|Protect||[still]\n|-fail|p2a: Milotic\n|move|p1b: Kingambit|Sucker Punch||[still]\n|-fail|p1b: Kingambit\n|move|p1a: Incineroar|Flare Blitz|p2b: Scizor\n|-supereffective|p2b: Scizor|2\n|-damage|p2b: Scizor|0 fnt\n|faint|p2b: Scizor\n|-damage|p1a: Incineroar|71/100|[from] Recoil\n|\n|-heal|p2a: Milotic|71/100|[from] item: Leftovers\n|-heal|p1a: Incineroar|77/100|[from] item: Leftovers\n|upkeep\n|\n|t:|1776302432\n|switch|p2b: Garchomp|Garchomp, L50, F|18/100\n|turn|10\n|\n|t:|1776302448\n|move|p1b: Kingambit|Sucker Punch|p2b: Garchomp\n|-damage|p2b: Garchomp|0 fnt\n|faint|p2b: Garchomp\n|move|p2a: Milotic|Scald|p1b: Kingambit\n|-damage|p1b: Kingambit|0 fnt\n|faint|p1b: Kingambit\n|move|p1a: Incineroar|Throat Chop|p2a: Milotic\n|-damage|p2a: Milotic|40/100\n|-start|p2a: Milotic|Throat Chop|[silent]\n|\n|-heal|p2a: Milotic|46/100|[from] item: Leftovers\n|-heal|p1a: Incineroar|83/100|[from] item: Leftovers\n|upkeep\n|\n|t:|1776302457\n|switch|p1b: Floette|Floette-Mega, L50, F|93/100\n|-ability|p1b: Floette|Fairy Aura\n|turn|11\n|\n|t:|1776302470\n|move|p2a: Milotic|Protect|p2a: Milotic\n|-singleturn|p2a: Milotic|Protect\n|move|p1b: Floette|Calm Mind|p1b: Floette\n|-boost|p1b: Floette|spa|1\n|-boost|p1b: Floette|spd|1\n|move|p1a: Incineroar|Throat Chop|p2a: Milotic\n|-activate|p2a: Milotic|move: Protect\n|\n|-heal|p2a: Milotic|51/100|[from] item: Leftovers\n|-heal|p1a: Incineroar|89/100|[from] item: Leftovers\n|-end|p2a: Milotic|Throat Chop|[silent]\n|upkeep\n|turn|12\n|-message|br41nit forfeited.\n|\n|win|reisquaza1\n|raw|reisquaza1's rating: 1336 &rarr; <strong>1357</strong><br />(+21 for winning)\n|raw|br41nit's rating: 1361 &rarr; <strong>1340</strong><br />(-21 for losing)\n|l|\u2606br41nit\n|player|p2|\n",
  "uploadtime": 1776302483,
  "views": 47,
  "formatid": "gen9championsvgc2026regma",
  "rating": 1340,
  "private": 0,
  "password": null
}