{
  "id": "gen9championsvgc2026regma-2583673671",
  "format": "[Gen 9 Champions] VGC 2026 Reg M-A",
  "players": [
    "chaotic based",
    "somerandomcat451"
  ],
  "log": "|j|\u2606chaotic based\n|j|\u2606somerandomcat451\n|t:|1776190214\n|gametype|doubles\n|player|p1|chaotic based|burglar|1230\n|player|p2|somerandomcat451|ingo|1327\n|gen|9\n|tier|[Gen 9 Champions] VGC 2026 Reg M-A\n|rated|\n|rule|Species Clause: Limit one of each Pok\u00e9mon\n|rule|Item Clause: Limit 1 of each item\n|clearpoke\n|poke|p1|Kommo-o, L50, M|\n|poke|p1|Clefable, L50, F|\n|poke|p1|Incineroar, L50, M|\n|poke|p1|Gardevoir, L50, F|\n|poke|p1|Whimsicott, L50, F|\n|poke|p1|Volcarona, L50, F|\n|poke|p2|Hippowdon, L50, M|\n|poke|p2|Camerupt, L50, M|\n|poke|p2|Runerigus, L50, F|\n|poke|p2|Garchomp, L50, F|\n|poke|p2|Torterra, L50, M|\n|poke|p2|Excadrill, L50, F|\n|teampreview|4\n|inactive|Battle timer is ON: inactive players will automatically lose when time's up. (requested by somerandomcat451)\n|inactive|somerandomcat451 has 60 seconds left.\n|\n|t:|1776190248\n|teamsize|p1|4\n|teamsize|p2|4\n|start\n|switch|p1a: Kommo-o|Kommo-o, L50, M|100/100\n|switch|p1b: Incineroar|Incineroar, L50, M|100/100\n|switch|p2a: Runerigus|Runerigus, L50, F|100/100\n|switch|p2b: Camerupt|Camerupt, L50, M|100/100\n|-ability|p1b: Incineroar|Intimidate|boost\n|-unboost|p2a: Runerigus|atk|1\n|-unboost|p2b: Camerupt|atk|1\n|turn|1\n|\n|t:|1776190262\n|move|p2b: Camerupt|Protect|p2b: Camerupt\n|-singleturn|p2b: Camerupt|Protect\n|move|p1b: Incineroar|Fake Out|p2b: Camerupt\n|-activate|p2b: Camerupt|move: Protect\n|move|p1a: Kommo-o|Clangorous Soul|p1a: Kommo-o\n|-boost|p1a: Kommo-o|atk|1\n|-boost|p1a: Kommo-o|def|1\n|-boost|p1a: Kommo-o|spa|1\n|-boost|p1a: Kommo-o|spd|1\n|-boost|p1a: Kommo-o|spe|1\n|-damage|p1a: Kommo-o|68/100\n|move|p2a: Runerigus|Trick Room|p2a: Runerigus\n|-fieldstart|move: Trick Room|[of] p2a: Runerigus\n|\n|upkeep\n|turn|2\n|\n|t:|1776190286\n|detailschange|p2b: Camerupt|Camerupt-Mega, L50, M\n|-mega|p2b: Camerupt|Camerupt|Cameruptite\n|move|p2b: Camerupt|Earth Power|p1a: Kommo-o\n|-damage|p1a: Kommo-o|26/100\n|-enditem|p1a: Kommo-o|Sitrus Berry|[eat]\n|-heal|p1a: Kommo-o|50/100|[from] item: Sitrus Berry\n|move|p2a: Runerigus|Body Press|p1b: Incineroar\n|-supereffective|p1b: Incineroar|1\n|-damage|p1b: Incineroar|35/100\n|move|p1b: Incineroar|Snarl|p2b: Camerupt|[spread] p2a,p2b\n|-supereffective|p2a: Runerigus|1\n|-damage|p2a: Runerigus|74/100\n|-damage|p2b: Camerupt|88/100\n|-unboost|p2a: Runerigus|spa|1\n|-unboost|p2b: Camerupt|spa|1\n|move|p1a: Kommo-o|Earthquake|p2a: Runerigus|[spread] p1b,p2a,p2b\n|-supereffective|p1b: Incineroar|1\n|-enditem|p1b: Incineroar|Shuca Berry|[eat]\n|-enditem|p1b: Incineroar|Shuca Berry|[weaken]\n|-supereffective|p2b: Camerupt|1\n|-damage|p1b: Incineroar|2/100\n|-damage|p2a: Runerigus|47/100\n|-damage|p2b: Camerupt|1/100\n|\n|upkeep\n|turn|3\n|\n|t:|1776190310\n|move|p2b: Camerupt|Heat Wave|p1b: Incineroar|[spread] p1a,p1b\n|-resisted|p1a: Kommo-o|1\n|-resisted|p1b: Incineroar|1\n|-damage|p1a: Kommo-o|37/100\n|-damage|p1b: Incineroar|0 fnt\n|faint|p1b: Incineroar\n|move|p2a: Runerigus|Body Press|p1a: Kommo-o\n|-damage|p1a: Kommo-o|18/100\n|move|p1a: Kommo-o|Earthquake|p2a: Runerigus|[spread] p2a,p2b\n|-supereffective|p2b: Camerupt|1\n|-damage|p2a: Runerigus|18/100\n|-damage|p2b: Camerupt|0 fnt\n|faint|p2b: Camerupt\n|\n|upkeep\n|\n|t:|1776190322\n|switch|p2b: Hippowdon|Hippowdon, L50, M|100/100\n|switch|p1b: Gardevoir|Gardevoir, L50, F|100/100\n|-weather|Sandstorm|[from] ability: Sand Stream|[of] p2b: Hippowdon\n|-ability|p1b: Gardevoir|Wandering Spirit|Trace|[from] ability: Trace|[of] p2a: Runerigus\n|turn|4\n|\n|t:|1776190346\n|detailschange|p1b: Gardevoir|Gardevoir-Mega, L50, F\n|-mega|p1b: Gardevoir|Gardevoir|Gardevoirite\n|move|p2a: Runerigus|Body Press|p1a: Kommo-o\n|-damage|p1a: Kommo-o|0 fnt\n|faint|p1a: Kommo-o\n|move|p2b: Hippowdon|High Horsepower|p1b: Gardevoir\n|-damage|p1b: Gardevoir|17/100\n|move|p1b: Gardevoir|Hyper Voice|p2b: Hippowdon|[spread] p2a,p2b\n|-damage|p2a: Runerigus|0 fnt\n|-damage|p2b: Hippowdon|35/100\n|faint|p2a: Runerigus\n|\n|-weather|Sandstorm|[upkeep]\n|-damage|p1b: Gardevoir|11/100|[from] Sandstorm\n|upkeep\n|\n|t:|1776190363\n|switch|p2a: Excadrill|Excadrill, L50, F|100/100\n|switch|p1a: Clefable|Clefable, L50, F|100/100\n|turn|5\n|\n|t:|1776190382\n|move|p2a: Excadrill|Protect|p2a: Excadrill\n|-singleturn|p2a: Excadrill|Protect\n|move|p1a: Clefable|Follow Me|p1a: Clefable\n|-singleturn|p1a: Clefable|move: Follow Me\n|move|p2b: Hippowdon|Rock Slide|p1a: Clefable|[spread] p1a,p1b\n|-damage|p1a: Clefable|85/100\n|-damage|p1b: Gardevoir|0 fnt\n|faint|p1b: Gardevoir\n|\n|-weather|Sandstorm|[upkeep]\n|-damage|p1a: Clefable|79/100|[from] Sandstorm\n|-heal|p1a: Clefable|85/100|[from] item: Leftovers\n|-fieldend|move: Trick Room\n|upkeep\n|turn|6\n|-message|chaotic based forfeited.\n|\n|win|somerandomcat451\n|raw|chaotic based's rating: 1230 &rarr; <strong>1212</strong><br />(-18 for losing)\n|raw|somerandomcat451's rating: 1327 &rarr; <strong>1342</strong><br />(+15 for winning)\n|l|\u2606chaotic based\n|player|p1|\n",
  "uploadtime": 1776190400,
  "views": 44,
  "formatid": "gen9championsvgc2026regma",
  "rating": 1212,
  "private": 0,
  "password": null
}