{
  "id": "gen9championsvgc2026regma-2586951912",
  "format": "[Gen 9 Champions] VGC 2026 Reg M-A",
  "players": [
    "MrTTTPith",
    "catpotatt"
  ],
  "log": "|j|\u2606MrTTTPith\n|j|\u2606catpotatt\n|t:|1776474993\n|gametype|doubles\n|player|p1|MrTTTPith|101|1346\n|player|p2|catpotatt|roxie|1440\n|gen|9\n|tier|[Gen 9 Champions] VGC 2026 Reg M-A\n|rated|\n|rule|Species Clause: Limit one of each Pok\u00e9mon\n|rule|Item Clause: Limit 1 of each item\n|clearpoke\n|poke|p1|Meganium, L50, M|\n|poke|p1|Excadrill, L50, M|\n|poke|p1|Hippowdon, L50, F|\n|poke|p1|Dragapult, L50, F|\n|poke|p1|Rotom-Wash, L50|\n|poke|p1|Sneasler, L50, F|\n|poke|p2|Floette-Eternal, L50, F|\n|poke|p2|Whimsicott, L50, F|\n|poke|p2|Gengar, L50, F|\n|poke|p2|Rotom-Wash, L50|\n|poke|p2|Tyranitar, L50, M|\n|poke|p2|Araquanid, L50, M|\n|teampreview|4\nMrTTTPith rejected open team sheets.\n|inactive|Battle timer is ON: inactive players will automatically lose when time's up. (requested by MrTTTPith)\n|\n|t:|1776475043\n|teamsize|p1|4\n|teamsize|p2|4\n|start\n|switch|p1a: Dragapult|Dragapult, L50, F|100/100\n|switch|p1b: Excadrill|Excadrill, L50, M|100/100\n|switch|p2a: Whimsicott|Whimsicott, L50, F|100/100\n|switch|p2b: Araquanid|Araquanid, L50, M|100/100\n|turn|1\n|inactive|MrTTTPith has 30 seconds left.\n|\n|t:|1776475077\n|move|p2a: Whimsicott|Protect|p2a: Whimsicott\n|-singleturn|p2a: Whimsicott|Protect\n|move|p1a: Dragapult|Dragon Darts|p2b: Araquanid\n|-damage|p2b: Araquanid|72/100\n|-anim|p1a: Dragapult|Dragon Darts|p2b: Araquanid\n|-damage|p2b: Araquanid|43/100\n|move|p1b: Excadrill|Rock Tomb|p2b: Araquanid\n|-supereffective|p2b: Araquanid|1\n|-damage|p2b: Araquanid|0 fnt\n|faint|p2b: Araquanid\n|\n|upkeep\n|\n|t:|1776475093\n|switch|p2b: Floette|Floette-Eternal, L50, F|100/100\n|turn|2\n|inactive|MrTTTPith has 30 seconds left.\n|\n|t:|1776475118\n|detailschange|p2b: Floette|Floette-Mega, L50, F\n|-mega|p2b: Floette|Floette|Floettite\n|-ability|p2b: Floette|Fairy Aura\n|move|p2a: Whimsicott|Encore|p1b: Excadrill\n|-start|p1b: Excadrill|Encore\n|move|p1a: Dragapult|Phantom Force||[still]\n|-prepare|p1a: Dragapult|Phantom Force\n|move|p2b: Floette|Dazzling Gleam|p1a: Dragapult|[spread] p1b\n|-miss|p2b: Floette|p1a: Dragapult\n|-resisted|p1b: Excadrill|1\n|-damage|p1b: Excadrill|64/100\n|move|p1b: Excadrill|Rock Tomb|p2a: Whimsicott\n|-damage|p2a: Whimsicott|78/100\n|-unboost|p2a: Whimsicott|spe|1\n|\n|upkeep\n|turn|3\n|\n|t:|1776475137\n|switch|p1b: Hippowdon|Hippowdon, L50, F|100/100\n|-weather|Sandstorm|[from] ability: Sand Stream|[of] p1b: Hippowdon\n|move|p2a: Whimsicott|Fake Tears|p1b: Hippowdon\n|-unboost|p1b: Hippowdon|spd|2\n|move|p1a: Dragapult|Phantom Force|p2b: Floette|[from] lockedmove\n|-damage|p2b: Floette|38/100\n|move|p2b: Floette|Dazzling Gleam|p1a: Dragapult|[spread] p1a,p1b\n|-supereffective|p1a: Dragapult|1\n|-crit|p1a: Dragapult\n|-damage|p1a: Dragapult|0 fnt\n|-damage|p1b: Hippowdon|27/100\n|faint|p1a: Dragapult\n|\n|-weather|Sandstorm|[upkeep]\n|-damage|p2b: Floette|32/100|[from] Sandstorm\n|-damage|p2a: Whimsicott|72/100|[from] Sandstorm\n|-heal|p1b: Hippowdon|33/100|[from] item: Leftovers\n|upkeep\n|inactive|MrTTTPith has 30 seconds left.\n|\n|t:|1776475171\n|switch|p1a: Meganium|Meganium, L50, M|100/100\n|turn|4\n|inactive|MrTTTPith has 30 seconds left.\n|\n|t:|1776475200\n|detailschange|p1a: Meganium|Meganium-Mega, L50, M\n|-mega|p1a: Meganium|Meganium|Meganiumite\n|move|p2a: Whimsicott|Fake Tears|p1a: Meganium\n|-unboost|p1a: Meganium|spd|2\n|move|p2b: Floette|Moonblast|p1a: Meganium\n|-damage|p1a: Meganium|0 fnt\n|faint|p1a: Meganium\n|move|p1b: Hippowdon|High Horsepower|p2b: Floette\n|-damage|p2b: Floette|0 fnt\n|faint|p2b: Floette\n|\n|-weather|Sandstorm|[upkeep]\n|-damage|p2a: Whimsicott|66/100|[from] Sandstorm\n|-heal|p1b: Hippowdon|39/100|[from] item: Leftovers\n|upkeep\n|\n|t:|1776475208\n|switch|p2b: Rotom|Rotom-Wash, L50|100/100\n|switch|p1a: Excadrill|Excadrill, L50, M|64/100\n|turn|5\n|\n|t:|1776475220\n|move|p2a: Whimsicott|Encore|p1b: Hippowdon\n|-start|p1b: Hippowdon|Encore\n|move|p1a: Excadrill|Iron Head|p2a: Whimsicott\n|-supereffective|p2a: Whimsicott|1\n|-damage|p2a: Whimsicott|0 fnt\n|faint|p2a: Whimsicott\n|move|p2b: Rotom|Hydro Pump|p1a: Excadrill\n|-supereffective|p1a: Excadrill|1\n|-damage|p1a: Excadrill|0 fnt\n|faint|p1a: Excadrill\n|move|p1b: Hippowdon|High Horsepower|p2b: Rotom\n|-immune|p2b: Rotom|[from] ability: Levitate\n|\n|-weather|Sandstorm|[upkeep]\n|-damage|p2b: Rotom|95/100|[from] Sandstorm\n|-heal|p1b: Hippowdon|45/100|[from] item: Leftovers\n|upkeep\n|turn|6\n|\n|t:|1776475236\n|move|p2b: Rotom|Hydro Pump|p1b: Hippowdon\n|-supereffective|p1b: Hippowdon|1\n|-damage|p1b: Hippowdon|0 fnt\n|faint|p1b: Hippowdon\n|\n|win|catpotatt\n|raw|MrTTTPith's rating: 1346 &rarr; <strong>1331</strong><br />(-15 for losing)\n|raw|catpotatt's rating: 1440 &rarr; <strong>1455</strong><br />(+15 for winning)\n|c|\u2606catpotatt|gg\n",
  "uploadtime": 1776475241,
  "views": 31,
  "formatid": "gen9championsvgc2026regma",
  "rating": 1331,
  "private": 0,
  "password": null
}