{
  "id": "gen9championsvgc2026regma-2588034614",
  "format": "[Gen 9 Champions] VGC 2026 Reg M-A",
  "players": [
    "ivanchur",
    "Chef204"
  ],
  "log": "|j|\u2606ivanchur\n|j|\u2606Chef204\n|t:|1776595955\n|gametype|doubles\n|player|p1|ivanchur|102|1289\n|player|p2|Chef204|cynthia-gen4|1270\n|gen|9\n|tier|[Gen 9 Champions] VGC 2026 Reg M-A\n|rated|\n|rule|Species Clause: Limit one of each Pok\u00e9mon\n|rule|Item Clause: Limit 1 of each item\n|clearpoke\n|poke|p1|Charizard, L50, F|\n|poke|p1|Sinistcha, L50|\n|poke|p1|Rotom-Wash, L50|\n|poke|p1|Sneasler, L50, M|\n|poke|p1|Kingambit, L50, M|\n|poke|p1|Basculegion, L50, M|\n|poke|p2|Milotic, L50, F|\n|poke|p2|Whimsicott, L50, M|\n|poke|p2|Delphox, L50, F|\n|poke|p2|Garchomp, L50, M|\n|poke|p2|Glimmora, L50, F, shiny|\n|poke|p2|Tyranitar, L50, M|\n|teampreview|4\n|inactive|Battle timer is ON: inactive players will automatically lose when time's up. (requested by Chef204)\n|inactive|ivanchur has 60 seconds left.\n|inactive|Chef204 has 60 seconds left.\n|inactive|Chef204 has 30 seconds left.\n|inactive|Chef204 has 20 seconds left.\n|\n|t:|1776596025\n|teamsize|p1|4\n|teamsize|p2|4\n|start\n|switch|p1a: Charizard|Charizard, L50, F|100/100\n|switch|p1b: Rotom|Rotom-Wash, L50|100/100\n|switch|p2a: Whimsicott|Whimsicott, L50, M|100/100\n|switch|p2b: Glimmora|Glimmora, L50, F, shiny|100/100\n|turn|1\n|\n|t:|1776596045\n|switch|p1a: Sinistcha|Sinistcha, L50|100/100\n|move|p2b: Glimmora|Spiky Shield|p2b: Glimmora\n|-singleturn|p2b: Glimmora|move: Protect\n|move|p2a: Whimsicott|Tailwind|p2a: Whimsicott\n|-sidestart|p2: Chef204|move: Tailwind\n|move|p1b: Rotom|Hydro Pump|p2b: Glimmora\n|-activate|p2b: Glimmora|move: Protect\n|\n|upkeep\n|turn|2\n|\n|t:|1776596061\n|switch|p1b: Basculegion|Basculegion, L50, M|100/100\n|move|p2a: Whimsicott|Sunny Day|p2a: Whimsicott\n|-weather|SunnyDay\n|move|p2b: Glimmora|Mortal Spin|p1b: Basculegion|[spread] p1a,p1b\n|-resisted|p1b: Basculegion|1\n|-damage|p1a: Sinistcha|97/100\n|-damage|p1b: Basculegion|98/100\n|-status|p1a: Sinistcha|psn\n|-status|p1b: Basculegion|psn\n|move|p1a: Sinistcha|Matcha Gotcha|p2a: Whimsicott|[spread] p2a,p2b\n|-resisted|p2a: Whimsicott|1\n|-damage|p2a: Whimsicott|86/100\n|-heal|p1a: Sinistcha|100/100 psn|[from] drain|[of] p2a: Whimsicott\n|-damage|p2b: Glimmora|78/100\n|\n|-weather|SunnyDay|[upkeep]\n|-damage|p1b: Basculegion|85/100 psn|[from] psn\n|-damage|p1a: Sinistcha|88/100 psn|[from] psn\n|upkeep\n|turn|3\n|inactive|ivanchur has 30 seconds left.\n|\n|t:|1776596092\n|move|p2a: Whimsicott|Dazzling Gleam|p1b: Basculegion|[spread] p1a,p1b\n|-damage|p1a: Sinistcha|71/100 psn\n|-damage|p1b: Basculegion|69/100 psn\n|move|p2b: Glimmora|Power Gem|p1b: Basculegion\n|-damage|p1b: Basculegion|30/100 psn\n|-enditem|p1b: Basculegion|Sitrus Berry|[eat]\n|-heal|p1b: Basculegion|55/100 psn|[from] item: Sitrus Berry\n|move|p1b: Basculegion|Wave Crash|p2b: Glimmora\n|-supereffective|p2b: Glimmora|1\n|-damage|p2b: Glimmora|3/100\n|-activate|p2b: Glimmora|ability: Toxic Debris\n|-sidestart|p1: ivanchur|move: Toxic Spikes\n|-damage|p1b: Basculegion|36/100 psn|[from] Recoil\n|move|p1a: Sinistcha|Life Dew|p1a: Sinistcha|[spread] p1a,p1b\n|-heal|p1a: Sinistcha|97/100 psn\n|-heal|p1b: Basculegion|60/100 psn\n|\n|-weather|SunnyDay|[upkeep]\n|-heal|p1a: Sinistcha|100/100 psn|[from] item: Leftovers\n|-damage|p1b: Basculegion|48/100 psn|[from] psn\n|-damage|p1a: Sinistcha|88/100 psn|[from] psn\n|upkeep\n|turn|4\n|\n|t:|1776596115\n|move|p2a: Whimsicott|Encore|p1a: Sinistcha\n|-start|p1a: Sinistcha|Encore\n|move|p1b: Basculegion|Aqua Jet|p2b: Glimmora\n|-supereffective|p2b: Glimmora|1\n|-damage|p2b: Glimmora|0 fnt\n|-activate|p2b: Glimmora|ability: Toxic Debris\n|-sidestart|p1: ivanchur|move: Toxic Spikes\n|faint|p2b: Glimmora\n|move|p1a: Sinistcha|Life Dew|p1a: Sinistcha|[spread] p1a,p1b\n|-heal|p1a: Sinistcha|100/100 psn\n|-heal|p1b: Basculegion|73/100 psn\n|\n|-weather|SunnyDay|[upkeep]\n|-damage|p1b: Basculegion|60/100 psn|[from] psn\n|-damage|p1a: Sinistcha|88/100 psn|[from] psn\n|-sideend|p2: Chef204|move: Tailwind\n|upkeep\n|\n|t:|1776596122\n|switch|p2b: Delphox|Delphox, L50, F|100/100\n|turn|5\n|\n|t:|1776596136\n|detailschange|p2b: Delphox|Delphox-Mega, L50, F\n|-mega|p2b: Delphox|Delphox|Delphoxite\n|move|p2a: Whimsicott|Tailwind|p2a: Whimsicott\n|-sidestart|p2: Chef204|move: Tailwind\n|move|p1b: Basculegion|Aqua Jet|p2b: Delphox\n|-supereffective|p2b: Delphox|1\n|-damage|p2b: Delphox|58/100\n|move|p2b: Delphox|Psychic|p1b: Basculegion\n|-damage|p1b: Basculegion|0 fnt\n|faint|p1b: Basculegion\n|move|p1a: Sinistcha|Life Dew|p1a: Sinistcha\n|-heal|p1a: Sinistcha|100/100 psn\n|\n|-weather|SunnyDay|[upkeep]\n|-damage|p1a: Sinistcha|88/100 psn|[from] psn\n|upkeep\n|\n|t:|1776596155\n|switch|p1b: Rotom|Rotom-Wash, L50|100/100\n|turn|6\n|\n|t:|1776596167\n|switch|p1a: Charizard|Charizard, L50, F|100/100\n|move|p2b: Delphox|Heat Wave|p1b: Rotom|[spread] p1a,p1b\n|-resisted|p1a: Charizard|1\n|-resisted|p1b: Rotom|1\n|-damage|p1a: Charizard|52/100\n|-damage|p1b: Rotom|57/100\n|move|p2a: Whimsicott|Dazzling Gleam|p1b: Rotom|[spread] p1a,p1b\n|-resisted|p1a: Charizard|1\n|-damage|p1a: Charizard|41/100\n|-damage|p1b: Rotom|37/100\n|move|p1b: Rotom|Thunderbolt|p2b: Delphox\n|-damage|p2b: Delphox|18/100\n|\n|-weather|none\n|upkeep\n|turn|7\n|\n|t:|1776596187\n|switch|p1a: Sinistcha|Sinistcha, L50|88/100 psn\n|-heal|p1b: Rotom|62/100|[from] ability: Hospitality|[of] p1a: Sinistcha\n|move|p2b: Delphox|Protect|p2b: Delphox\n|-singleturn|p2b: Delphox|Protect\n|move|p2a: Whimsicott|Dazzling Gleam|p1b: Rotom|[spread] p1a,p1b\n|-damage|p1a: Sinistcha|71/100 psn\n|-damage|p1b: Rotom|39/100\n|move|p1b: Rotom|Thunderbolt|p2b: Delphox\n|-activate|p2b: Delphox|move: Protect\n|\n|-heal|p1a: Sinistcha|77/100 psn|[from] item: Leftovers\n|-damage|p1a: Sinistcha|65/100 psn|[from] psn\n|upkeep\n|turn|8\n|\n|t:|1776596207\n|move|p1a: Sinistcha|Rage Powder|p1a: Sinistcha\n|-singleturn|p1a: Sinistcha|move: Rage Powder\n|move|p2b: Delphox|Psychic|p1a: Sinistcha\n|-damage|p1a: Sinistcha|0 fnt\n|faint|p1a: Sinistcha\n|move|p2a: Whimsicott|Dazzling Gleam|p1b: Rotom\n|-damage|p1b: Rotom|9/100\n|move|p1b: Rotom|Thunderbolt|p2b: Delphox\n|-damage|p2b: Delphox|0 fnt\n|faint|p2b: Delphox\n|\n|-sideend|p2: Chef204|move: Tailwind\n|upkeep\n|\n|t:|1776596210\n|switch|p2b: Milotic|Milotic, L50, F|100/100\n|switch|p1a: Charizard|Charizard, L50, F|41/100\n|turn|9\n|\n|t:|1776596225\n|detailschange|p1a: Charizard|Charizard-Mega-X, L50, F\n|-mega|p1a: Charizard|Charizard|Charizardite X\n|move|p2a: Whimsicott|Tailwind|p2a: Whimsicott\n|-sidestart|p2: Chef204|move: Tailwind\n|move|p1b: Rotom|Thunderbolt|p2b: Milotic\n|-supereffective|p2b: Milotic|1\n|-damage|p2b: Milotic|34/100\n|move|p2b: Milotic|Muddy Water|p1b: Rotom|[spread] p1a\n|-miss|p2b: Milotic|p1b: Rotom\n|-damage|p1a: Charizard|5/100\n|move|p1a: Charizard|Dragon Claw|p2b: Milotic\n|-damage|p2b: Milotic|0 fnt\n|faint|p2b: Milotic\n|\n|upkeep\n|turn|10\n|\n|t:|1776596245\n|move|p1a: Charizard|Protect|p1a: Charizard\n|-singleturn|p1a: Charizard|Protect\n|move|p2a: Whimsicott|Dazzling Gleam|p1a: Charizard|[spread] p1b\n|-activate|p1a: Charizard|move: Protect\n|-crit|p1b: Rotom\n|-damage|p1b: Rotom|0 fnt\n|faint|p1b: Rotom\n|\n|upkeep\n|turn|11\n|\n|t:|1776596249\n|move|p2a: Whimsicott|Dazzling Gleam|p1a: Charizard\n|-damage|p1a: Charizard|0 fnt\n|faint|p1a: Charizard\n|\n|win|Chef204\n|raw|ivanchur's rating: 1289 &rarr; <strong>1263</strong><br />(-26 for losing)\n|raw|Chef204's rating: 1270 &rarr; <strong>1296</strong><br />(+26 for winning)\n",
  "uploadtime": 1776596251,
  "views": 25,
  "formatid": "gen9championsvgc2026regma",
  "rating": 1263,
  "private": 0,
  "password": null
}