{
  "id": "gen9championsvgc2026regma-2584883698",
  "format": "[Gen 9 Champions] VGC 2026 Reg M-A",
  "players": [
    "robertsznn",
    "SunTufo"
  ],
  "log": "|j|\u2606robertsznn\n|j|\u2606SunTufo\n|t:|1776291352\n|gametype|doubles\n|player|p1|robertsznn|twins-gen4dp|1204\n|player|p2|SunTufo|li|1206\n|gen|9\n|tier|[Gen 9 Champions] VGC 2026 Reg M-A\n|rated|\n|rule|Species Clause: Limit one of each Pok\u00e9mon\n|rule|Item Clause: Limit 1 of each item\n|clearpoke\n|poke|p1|Charizard, L50, M|\n|poke|p1|Incineroar, L50, F|\n|poke|p1|Dragapult, L50, F|\n|poke|p1|Whimsicott, L50, M|\n|poke|p1|Sneasler, L50, F|\n|poke|p1|Starmie, L50|\n|poke|p2|Aerodactyl, L50, F|\n|poke|p2|Floette-Eternal, L50, F|\n|poke|p2|Incineroar, L50, M|\n|poke|p2|Sinistcha-Masterpiece, L50|\n|poke|p2|Gengar, L50, M|\n|poke|p2|Palafin, L50, M|\n|teampreview|4\n|inactive|Battle timer is ON: inactive players will automatically lose when time's up. (requested by SunTufo)\n|\n|t:|1776291370\n|teamsize|p1|4\n|teamsize|p2|4\n|start\n|switch|p1a: Charizard|Charizard, L50, M|100/100\n|switch|p1b: Whimsicott|Whimsicott, L50, M|100/100\n|switch|p2a: Gengar|Gengar, L50, M, shiny|100/100\n|switch|p2b: Incineroar|Incineroar, L50, M|100/100\n|-ability|p2b: Incineroar|Intimidate|boost\n|-unboost|p1a: Charizard|atk|1\n|-unboost|p1b: Whimsicott|atk|1\n|turn|1\n|inactive|robertsznn has 30 seconds left.\n|inactive|robertsznn has 20 seconds left.\n|\n|t:|1776291405\n|switch|p1b: Dragapult|Dragapult, L50, F|100/100\n|detailschange|p2a: Gengar|Gengar-Mega, L50, M, shiny\n|-mega|p2a: Gengar|Gengar|Gengarite\n|move|p1a: Charizard|Protect|p1a: Charizard\n|-singleturn|p1a: Charizard|Protect\n|move|p2b: Incineroar|Fake Out|p1a: Charizard\n|-activate|p1a: Charizard|move: Protect\n|move|p2a: Gengar|Perish Song|p2a: Gengar\n|-start|p1a: Charizard|perish3|[silent]\n|-start|p1b: Dragapult|perish3|[silent]\n|-start|p2a: Gengar|perish3|[silent]\n|-start|p2b: Incineroar|perish3|[silent]\n|-fieldactivate|move: Perish Song\n|\n|-start|p1b: Dragapult|perish3\n|-start|p2a: Gengar|perish3\n|-start|p1a: Charizard|perish3\n|-start|p2b: Incineroar|perish3\n|upkeep\n|turn|2\n|\n|t:|1776291419\n|detailschange|p1a: Charizard|Charizard-Mega-Y, L50, M\n|-mega|p1a: Charizard|Charizard|Charizardite Y\n|-weather|SunnyDay|[from] ability: Drought|[of] p1a: Charizard\n|move|p2a: Gengar|Protect|p2a: Gengar\n|-singleturn|p2a: Gengar|Protect\n|move|p1b: Dragapult|Breaking Swipe|p2a: Gengar|[spread] p2b\n|-activate|p2a: Gengar|move: Protect\n|-damage|p2b: Incineroar|82/100\n|-unboost|p2b: Incineroar|atk|1\n|move|p1a: Charizard|Heat Wave|p2b: Incineroar|[spread] p2b\n|-activate|p2a: Gengar|move: Protect\n|-resisted|p2b: Incineroar|1\n|-damage|p2b: Incineroar|44/100\n|move|p2b: Incineroar|Parting Shot|p1b: Dragapult\n|-fail|p1b: Dragapult|unboost|[from] ability: Clear Body|[of] p1b: Dragapult\n|\n|-weather|SunnyDay|[upkeep]\n|-start|p1b: Dragapult|perish2\n|-start|p2a: Gengar|perish2\n|-start|p1a: Charizard|perish2\n|-start|p2b: Incineroar|perish2\n|upkeep\n|turn|3\n|\n|t:|1776291435\n|switch|p2a: Sinistcha|Sinistcha-Masterpiece, L50|100/100\n|-heal|p2b: Incineroar|69/100|[from] ability: Hospitality|[of] p2a: Sinistcha\n|move|p1b: Dragapult|Dragon Darts|p2a: Sinistcha\n|-damage|p2a: Sinistcha|74/100\n|-anim|p1b: Dragapult|Dragon Darts|p2b: Incineroar\n|-damage|p2b: Incineroar|48/100\n|move|p1a: Charizard|Heat Wave|p2a: Sinistcha|[spread] p2a,p2b\n|-supereffective|p2a: Sinistcha|1\n|-resisted|p2b: Incineroar|1\n|-damage|p2a: Sinistcha|0 fnt\n|-damage|p2b: Incineroar|12/100\n|faint|p2a: Sinistcha\n|move|p2b: Incineroar|Parting Shot|p1a: Charizard\n|-unboost|p1a: Charizard|atk|1\n|-unboost|p1a: Charizard|spa|1\n|\n|t:|1776291442\n|switch|p2b: Gengar|Gengar-Mega, L50, M, shiny|100/100|[from] Parting Shot\n|\n|-weather|SunnyDay|[upkeep]\n|-start|p1b: Dragapult|perish1\n|-start|p1a: Charizard|perish1\n|upkeep\n|\n|t:|1776291444\n|switch|p2a: Palafin|Palafin, L50, M, shiny|100/100\n|turn|4\n|\n|t:|1776291464\n|switch|p1b: Incineroar|Incineroar, L50, F|100/100\n|-ability|p1b: Incineroar|Intimidate|boost\n|-unboost|p2a: Palafin|atk|1\n|-unboost|p2b: Gengar|atk|1\n|move|p2a: Palafin|Flip Turn|p1b: Incineroar\n|-supereffective|p1b: Incineroar|1\n|-damage|p1b: Incineroar|87/100\n|\n|t:|1776291471\n|detailschange|p2a: Palafin|Palafin-Hero, L50, M, shiny\n|switch|p2a: Incineroar|Incineroar, L50, M|12/100|[from] Flip Turn\n|-ability|p2a: Incineroar|Intimidate|boost\n|-unboost|p1a: Charizard|atk|1\n|-unboost|p1b: Incineroar|atk|1\n|move|p2b: Gengar|Shadow Ball|p1b: Incineroar\n|-resisted|p1b: Incineroar|1\n|-damage|p1b: Incineroar|67/100\n|move|p1a: Charizard|Solar Beam||[still]\n|-prepare|p1a: Charizard|Solar Beam\n|-anim|p1a: Charizard|Solar Beam|p2a: Incineroar\n|-resisted|p2a: Incineroar|1\n|-crit|p2a: Incineroar\n|-damage|p2a: Incineroar|0 fnt\n|faint|p2a: Incineroar\n|\n|-weather|SunnyDay|[upkeep]\n|-start|p1a: Charizard|perish0\n|upkeep\n|faint|p1a: Charizard\n|\n|t:|1776291478\n|switch|p1a: Whimsicott|Whimsicott, L50, M|100/100\n|switch|p2a: Palafin|Palafin-Hero, L50, M, shiny|100/100\n|-activate|p2a: Palafin|ability: Zero to Hero\n|turn|5\n|\n|t:|1776291492\n|move|p1a: Whimsicott|Encore|p2b: Gengar\n|-start|p2b: Gengar|Encore\n|move|p2a: Palafin|Wave Crash|p1a: Whimsicott\n|-resisted|p1a: Whimsicott|1\n|-damage|p1a: Whimsicott|75/100\n|-damage|p2a: Palafin|93/100|[from] Recoil\n|move|p2b: Gengar|Shadow Ball|p1b: Incineroar\n|-resisted|p1b: Incineroar|1\n|-damage|p1b: Incineroar|50/100\n|-enditem|p1b: Incineroar|Sitrus Berry|[eat]\n|-heal|p1b: Incineroar|75/100|[from] item: Sitrus Berry\n|move|p1b: Incineroar|Parting Shot|p2a: Palafin\n|-unboost|p2a: Palafin|atk|1\n|-unboost|p2a: Palafin|spa|1\n|\n|t:|1776291504\n|switch|p1b: Dragapult|Dragapult, L50, F|100/100|[from] Parting Shot\n|\n|-weather|SunnyDay|[upkeep]\n|upkeep\n|turn|6\n|inactive|SunTufo has 30 seconds left.\n|-message|SunTufo forfeited.\n|\n|win|robertsznn\n|raw|robertsznn's rating: 1204 &rarr; <strong>1229</strong><br />(+25 for winning)\n|raw|SunTufo's rating: 1206 &rarr; <strong>1181</strong><br />(-25 for losing)\n",
  "uploadtime": 1776291535,
  "views": 19,
  "formatid": "gen9championsvgc2026regma",
  "rating": 1181,
  "private": 0,
  "password": null
}