{
  "id": "gen9championsvgc2026regma-2585416245",
  "format": "[Gen 9 Champions] VGC 2026 Reg M-A",
  "players": [
    "Virone",
    "Jah_08"
  ],
  "log": "|j|\u2606Virone\n|j|\u2606Jah_08\n|t:|1776345754\n|gametype|doubles\n|player|p1|Virone|veteranf|1303\n|player|p2|Jah_08|alder|1253\n|gen|9\n|tier|[Gen 9 Champions] VGC 2026 Reg M-A\n|rated|\n|rule|Species Clause: Limit one of each Pok\u00e9mon\n|rule|Item Clause: Limit 1 of each item\n|clearpoke\n|poke|p1|Scovillain, L50, M|\n|poke|p1|Dragapult, L50, M|\n|poke|p1|Kangaskhan, L50, F|\n|poke|p1|Archaludon, L50, M|\n|poke|p1|Volcarona, L50, M|\n|poke|p1|Kommo-o, L50, M|\n|poke|p2|Excadrill, L50, M|\n|poke|p2|Whimsicott, L50, M|\n|poke|p2|Chandelure, L50, M|\n|poke|p2|Zoroark-Hisui, L50, M|\n|poke|p2|Basculegion, L50, M|\n|poke|p2|Hydreigon, L50, M|\n|teampreview|4\n|inactive|Battle timer is ON: inactive players will automatically lose when time's up. (requested by Jah_08)\nJah_08 rejected open team sheets.\n|\n|t:|1776345815\n|teamsize|p1|4\n|teamsize|p2|4\n|start\n|switch|p1a: Scovillain|Scovillain, L50, M|100/100\n|switch|p1b: Kangaskhan|Kangaskhan, L50, F|100/100\n|switch|p2a: Whimsicott|Whimsicott, L50, M, shiny|100/100\n|switch|p2b: Chandelure|Chandelure, L50, M|100/100\n|turn|1\n|inactive|Jah_08 has 30 seconds left.\n|\n|t:|1776345846\n|detailschange|p2b: Chandelure|Chandelure-Mega, L50, M\n|-mega|p2b: Chandelure|Chandelure|Chandelurite\n|detailschange|p1a: Scovillain|Scovillain-Mega, L50, M\n|-mega|p1a: Scovillain|Scovillain|Scovillainite\n|move|p2a: Whimsicott|Protect|p2a: Whimsicott\n|-singleturn|p2a: Whimsicott|Protect\n|move|p2b: Chandelure|Protect|p2b: Chandelure\n|-singleturn|p2b: Chandelure|Protect\n|move|p1b: Kangaskhan|Fake Out|p2b: Chandelure\n|-activate|p2b: Chandelure|move: Protect\n|move|p1a: Scovillain|Flamethrower|p2a: Whimsicott\n|-activate|p2a: Whimsicott|move: Protect\n|\n|upkeep\n|turn|2\n|inactive|Jah_08 has 30 seconds left.\n|inactive|Jah_08 has 20 seconds left.\n|inactive|Jah_08 has 15 seconds left.\n|\n|t:|1776345889\n|move|p2a: Whimsicott|Encore|p1b: Kangaskhan\n|-start|p1b: Kangaskhan|Encore\n|move|p1b: Kangaskhan|Fake Out||[still]\n|-hint|Fake Out only works on your first turn out.\n|-fail|p1b: Kangaskhan\n|move|p2b: Chandelure|Heat Wave|p1b: Kangaskhan|[spread] p1a,p1b\n|-damage|p1a: Scovillain|53/100\n|-damage|p1b: Kangaskhan|50/100\n|-immune|p2b: Chandelure\n|move|p1a: Scovillain|Flamethrower|p2a: Whimsicott\n|-supereffective|p2a: Whimsicott|1\n|-damage|p2a: Whimsicott|0 fnt\n|faint|p2a: Whimsicott\n|\n|upkeep\n|inactive|Jah_08 has 30 seconds left.\n|\n|t:|1776345919\n|switch|p2a: Excadrill|Excadrill, L50, M|100/100\n|-ability|p2a: Excadrill|Mold Breaker\n|turn|3\n|\n|t:|1776345927\n|move|p2a: Excadrill|Protect|p2a: Excadrill\n|-singleturn|p2a: Excadrill|Protect\n|move|p1a: Scovillain|Protect|p1a: Scovillain\n|-singleturn|p1a: Scovillain|Protect\n|-activate|p1b: Kangaskhan|move: Struggle\n|move|p1b: Kangaskhan|Struggle|p2b: Chandelure\n|-damage|p2b: Chandelure|84/100\n|-damage|p1b: Kangaskhan|25/100|[from] recoil\n|move|p2b: Chandelure|Shadow Ball|p1a: Scovillain\n|-activate|p1a: Scovillain|move: Protect\n|\n|upkeep\n|turn|4\n|\n|t:|1776345948\n|switch|p2a: Basculegion|Basculegion, L50, M|100/100\n|-activate|p1b: Kangaskhan|move: Struggle\n|move|p1b: Kangaskhan|Struggle|p2a: Basculegion\n|-damage|p2a: Basculegion|81/100\n|-damage|p1b: Kangaskhan|0 fnt|[from] recoil\n|faint|p1b: Kangaskhan\n|move|p2b: Chandelure|Shadow Ball|p1a: Scovillain\n|-damage|p1a: Scovillain|0 fnt\n|-immune|p2b: Chandelure\n|faint|p1a: Scovillain\n|\n|upkeep\n|\n|t:|1776345958\n|switch|p1b: Volcarona|Volcarona, L50, M|100/100\n|switch|p1a: Kommo-o|Kommo-o, L50, M|100/100\n|turn|5\n|inactive|Jah_08 has 30 seconds left.\n|\n|t:|1776345998\n|move|p2a: Basculegion|Last Respects|p1a: Kommo-o\n|-damage|p1a: Kommo-o|53/100\n|move|p1a: Kommo-o|Clangorous Soul|p1a: Kommo-o\n|-boost|p1a: Kommo-o|atk|1\n|-boost|p1a: Kommo-o|def|1\n|-boost|p1a: Kommo-o|spa|1\n|-boost|p1a: Kommo-o|spd|1\n|-boost|p1a: Kommo-o|spe|1\n|-damage|p1a: Kommo-o|20/100\n|move|p1b: Volcarona|Struggle Bug|p2a: Basculegion|[spread] p2a,p2b\n|-resisted|p2a: Basculegion|1\n|-resisted|p2b: Chandelure|2\n|-damage|p2a: Basculegion|70/100\n|-damage|p2b: Chandelure|79/100\n|-unboost|p2a: Basculegion|spa|1\n|-unboost|p2b: Chandelure|spa|1\n|move|p2b: Chandelure|Shadow Ball|p1b: Volcarona\n|-damage|p1b: Volcarona|65/100\n|\n|-heal|p1a: Kommo-o|26/100|[from] item: Leftovers\n|upkeep\n|turn|6\n|\n|t:|1776346022\n|move|p2a: Basculegion|Last Respects|p1a: Kommo-o\n|-damage|p1a: Kommo-o|0 fnt\n|faint|p1a: Kommo-o\n|move|p1b: Volcarona|Quiver Dance|p1b: Volcarona\n|-boost|p1b: Volcarona|spa|1\n|-boost|p1b: Volcarona|spd|1\n|-boost|p1b: Volcarona|spe|1\n|move|p2b: Chandelure|Heat Wave|p1b: Volcarona\n|-damage|p1b: Volcarona|37/100\n|\n|upkeep\n|turn|7\n|\n|t:|1776346036\n|move|p2a: Basculegion|Last Respects|p1b: Volcarona\n|-damage|p1b: Volcarona|0 fnt\n|faint|p1b: Volcarona\n|\n|win|Jah_08\n|raw|Virone's rating: 1303 &rarr; <strong>1280</strong><br />(-23 for losing)\n|raw|Jah_08's rating: 1253 &rarr; <strong>1282</strong><br />(+29 for winning)\n|l|\u2606Virone\n|player|p1|\n",
  "uploadtime": 1776346042,
  "views": 27,
  "formatid": "gen9championsvgc2026regma",
  "rating": 1280,
  "private": 0,
  "password": null
}