{
  "id": "gen9championsvgc2026regma-2587936775",
  "format": "[Gen 9 Champions] VGC 2026 Reg M-A",
  "players": [
    "ha4life",
    "JLFalcon"
  ],
  "log": "|j|\u2606ha4life\n|j|\u2606JLFalcon\n|t:|1776581596\n|gametype|doubles\n|player|p1|ha4life|169|1326\n|player|p2|JLFalcon|brycen|1395\n|gen|9\n|tier|[Gen 9 Champions] VGC 2026 Reg M-A\n|rated|\n|rule|Species Clause: Limit one of each Pok\u00e9mon\n|rule|Item Clause: Limit 1 of each item\n|clearpoke\n|poke|p1|Froslass, L50, F|\n|poke|p1|Jolteon, L50, F|\n|poke|p1|Arcanine-Hisui, L50, F|\n|poke|p1|Hydreigon, L50, F|\n|poke|p1|Sneasler, L50, F|\n|poke|p1|Garchomp, L50, F|\n|poke|p2|Skarmory, L50, F|\n|poke|p2|Sneasler, L50, F|\n|poke|p2|Milotic, L50, F|\n|poke|p2|Tyranitar, L50, M|\n|poke|p2|Excadrill, L50, F|\n|poke|p2|Sinistcha, L50|\n|teampreview|4\n|c|\u2606JLFalcon|Glhf\n|inactive|Battle timer is ON: inactive players will automatically lose when time's up. (requested by ha4life)\n|\n|t:|1776581648\n|teamsize|p1|4\n|teamsize|p2|4\n|start\n|switch|p1a: Jolteon|Jolteon, L50, F|100/100\n|switch|p1b: Garchomp|Garchomp, L50, F|100/100\n|switch|p2a: Milotic|Milotic, L50, F|100/100\n|switch|p2b: Excadrill|Excadrill, L50, F|100/100\n|turn|1\n|\n|t:|1776581669\n|move|p2a: Milotic|Protect|p2a: Milotic\n|-singleturn|p2a: Milotic|Protect\n|move|p1b: Garchomp|Stomping Tantrum|p2b: Excadrill\n|-supereffective|p2b: Excadrill|1\n|-enditem|p2b: Excadrill|Focus Sash\n|-damage|p2b: Excadrill|1/100\n|move|p1a: Jolteon|Thunderbolt|p2a: Milotic\n|-activate|p2a: Milotic|move: Protect\n|move|p2b: Excadrill|High Horsepower|p1a: Jolteon\n|-supereffective|p1a: Jolteon|1\n|-enditem|p1a: Jolteon|Focus Sash\n|-damage|p1a: Jolteon|1/100\n|\n|upkeep\n|turn|2\n|\n|t:|1776581689\n|move|p1a: Jolteon|Protect|p1a: Jolteon\n|-singleturn|p1a: Jolteon|Protect\n|move|p2b: Excadrill|Protect|p2b: Excadrill\n|-singleturn|p2b: Excadrill|Protect\n|move|p1b: Garchomp|Stomping Tantrum|p2b: Excadrill\n|-activate|p2b: Excadrill|move: Protect\n|move|p2a: Milotic|Coil|p2a: Milotic\n|-boost|p2a: Milotic|atk|1\n|-boost|p2a: Milotic|def|1\n|-boost|p2a: Milotic|accuracy|1\n|\n|upkeep\n|turn|3\n|inactive|JLFalcon has 30 seconds left.\n|\n|t:|1776581718\n|switch|p2a: Tyranitar|Tyranitar, L50, M|100/100\n|-weather|Sandstorm|[from] ability: Sand Stream|[of] p2a: Tyranitar\n|move|p2b: Excadrill|Rock Slide|p1a: Jolteon|[spread] p1a,p1b\n|-resisted|p1b: Garchomp|1\n|-damage|p1a: Jolteon|0 fnt\n|-damage|p1b: Garchomp|90/100\n|faint|p1a: Jolteon\n|move|p1b: Garchomp|Stomping Tantrum|p2a: Tyranitar\n|-supereffective|p2a: Tyranitar|1\n|-crit|p2a: Tyranitar\n|-damage|p2a: Tyranitar|4/100\n|\n|-weather|Sandstorm|[upkeep]\n|upkeep\n|\n|t:|1776581732\n|switch|p1a: Sneasler|Sneasler, L50, F|100/100\n|-ability|p1a: Sneasler|Pressure\n|turn|4\n|\n|t:|1776581741\n|move|p2b: Excadrill|Protect|p2b: Excadrill\n|-singleturn|p2b: Excadrill|Protect\n|move|p1a: Sneasler|Protect|p1a: Sneasler\n|-singleturn|p1a: Sneasler|Protect\n|move|p2a: Tyranitar|Protect|p2a: Tyranitar\n|-singleturn|p2a: Tyranitar|Protect\n|move|p1b: Garchomp|Stomping Tantrum|p2b: Excadrill\n|-activate|p2b: Excadrill|move: Protect\n|\n|-weather|Sandstorm|[upkeep]\n|-damage|p1a: Sneasler|95/100|[from] Sandstorm\n|upkeep\n|turn|5\n|inactive|ha4life has 30 seconds left.\n|\n|t:|1776581767\n|detailschange|p2a: Tyranitar|Tyranitar-Mega, L50, M\n|-mega|p2a: Tyranitar|Tyranitar|Tyranitarite\n|move|p2b: Excadrill|High Horsepower|p1a: Sneasler\n|-supereffective|p1a: Sneasler|1\n|-damage|p1a: Sneasler|0 fnt\n|faint|p1a: Sneasler\n|move|p1b: Garchomp|Stomping Tantrum|p2b: Excadrill\n|-supereffective|p2b: Excadrill|1\n|-damage|p2b: Excadrill|0 fnt\n|faint|p2b: Excadrill\n|move|p2a: Tyranitar|Ice Punch|p1b: Garchomp\n|-supereffective|p1b: Garchomp|2\n|-damage|p1b: Garchomp|0 fnt\n|-damage|p2a: Tyranitar|0 fnt|[from] ability: Rough Skin|[of] p1b: Garchomp\n|faint|p1b: Garchomp\n|faint|p2a: Tyranitar\n|\n|-weather|Sandstorm|[upkeep]\n|upkeep\n|l|\u2606JLFalcon\n|inactive|JLFalcon disconnected and has a minute to reconnect!\n|player|p2|\n|j|\u2606JLFalcon\n|inactive|JLFalcon reconnected.\n|player|p2|JLFalcon|brycen|\n|-message|ha4life forfeited.\n|\n|win|JLFalcon\n|raw|ha4life's rating: 1326 &rarr; <strong>1310</strong><br />(-16 for losing)\n|raw|JLFalcon's rating: 1395 &rarr; <strong>1411</strong><br />(+16 for winning)\n|l|\u2606ha4life\n|player|p1|\n",
  "uploadtime": 1776581799,
  "views": 50,
  "formatid": "gen9championsvgc2026regma",
  "rating": 1310,
  "private": 0,
  "password": null
}