{
  "id": "gen9championsvgc2026regma-2584101873",
  "format": "[Gen 9 Champions] VGC 2026 Reg M-A",
  "players": [
    "siunhanech",
    "Bman3111"
  ],
  "log": "|j|\u2606siunhanech\n|j|\u2606Bman3111\n|t:|1776225302\n|gametype|doubles\n|player|p1|siunhanech|cynthia-gen4|1298\n|player|p2|Bman3111|1|1349\n|gen|9\n|tier|[Gen 9 Champions] VGC 2026 Reg M-A\n|rated|\n|rule|Species Clause: Limit one of each Pok\u00e9mon\n|rule|Item Clause: Limit 1 of each item\n|clearpoke\n|poke|p1|Blastoise, L50, F|\n|poke|p1|Sableye, L50, F|\n|poke|p1|Basculegion, L50, M|\n|poke|p1|Sneasler, L50, M|\n|poke|p1|Sinistcha, L50|\n|poke|p1|Rotom-Wash, L50|\n|poke|p2|Incineroar, L50, M|\n|poke|p2|Basculegion, L50, M|\n|poke|p2|Sinistcha, L50|\n|poke|p2|Floette-Eternal, L50, F|\n|poke|p2|Sneasler, L50, M|\n|poke|p2|Tyranitar, L50, M|\n|teampreview|4\n|inactive|Battle timer is ON: inactive players will automatically lose when time's up. (requested by Bman3111)\nBman3111 has agreed to open team sheets.\n|\n|t:|1776225328\n|teamsize|p1|4\n|teamsize|p2|4\n|start\n|switch|p1a: Sinh vi\u00ean|Sableye, L50, F|100/100\n|switch|p1b: Ch\u1ed3n l\u00f9i|Sneasler, L50, M|100/100\n|switch|p2a: Floette|Floette-Eternal, L50, F|100/100\n|switch|p2b: Incineroar|Incineroar, L50, M|100/100\n|-ability|p2b: Incineroar|Intimidate|boost\n|-unboost|p1a: Sinh vi\u00ean|atk|1\n|-unboost|p1b: Ch\u1ed3n l\u00f9i|atk|1\n|-enditem|p1b: Ch\u1ed3n l\u00f9i|White Herb\n|-clearnegativeboost|p1b: Ch\u1ed3n l\u00f9i|[silent]\n|turn|1\n|inactive|siunhanech has 30 seconds left.\n|\n|t:|1776225363\n|detailschange|p2a: Floette|Floette-Mega, L50, F\n|-mega|p2a: Floette|Floette|Floettite\n|-ability|p2a: Floette|Fairy Aura\n|move|p1b: Ch\u1ed3n l\u00f9i|Fake Out|p2b: Incineroar\n|-damage|p2b: Incineroar|90/100\n|move|p1a: Sinh vi\u00ean|Fake Out|p2b: Incineroar\n|-damage|p2b: Incineroar|86/100\n|move|p2a: Floette|Calm Mind|p2a: Floette\n|-boost|p2a: Floette|spa|1\n|-boost|p2a: Floette|spd|1\n|cant|p2b: Incineroar|flinch\n|\n|upkeep\n|turn|2\n|\n|t:|1776225378\n|move|p2a: Floette|Protect|p2a: Floette\n|-singleturn|p2a: Floette|Protect\n|move|p1a: Sinh vi\u00ean|Encore|p2a: Floette\n|-activate|p2a: Floette|move: Protect\n|move|p1b: Ch\u1ed3n l\u00f9i|Close Combat|p2b: Incineroar\n|-supereffective|p2b: Incineroar|1\n|-enditem|p2b: Incineroar|Chople Berry|[eat]\n|-enditem|p2b: Incineroar|Chople Berry|[weaken]\n|-damage|p2b: Incineroar|36/100\n|-unboost|p1b: Ch\u1ed3n l\u00f9i|def|1\n|-unboost|p1b: Ch\u1ed3n l\u00f9i|spd|1\n|move|p2b: Incineroar|Parting Shot|p1b: Ch\u1ed3n l\u00f9i\n|-unboost|p1b: Ch\u1ed3n l\u00f9i|atk|1\n|-unboost|p1b: Ch\u1ed3n l\u00f9i|spa|1\n|\n|t:|1776225393\n|switch|p2b: Sinistcha|Sinistcha, L50|100/100|[from] Parting Shot\n|\n|upkeep\n|turn|3\n|\n|t:|1776225408\n|move|p2b: Sinistcha|Rage Powder|p2b: Sinistcha\n|-singleturn|p2b: Sinistcha|move: Rage Powder\n|move|p1a: Sinh vi\u00ean|Encore|p2b: Sinistcha\n|-start|p2b: Sinistcha|Encore\n|move|p1b: Ch\u1ed3n l\u00f9i|Dire Claw|p2b: Sinistcha\n|-damage|p2b: Sinistcha|76/100\n|move|p2a: Floette|Dazzling Gleam|p1b: Ch\u1ed3n l\u00f9i|[spread] p1a,p1b\n|-supereffective|p1a: Sinh vi\u00ean|1\n|-enditem|p1a: Sinh vi\u00ean|Focus Sash\n|-damage|p1a: Sinh vi\u00ean|1/100\n|-damage|p1b: Ch\u1ed3n l\u00f9i|0 fnt\n|faint|p1b: Ch\u1ed3n l\u00f9i\n|\n|upkeep\n|\n|t:|1776225412\n|switch|p1b: B\u1eafn t\u00f9m lum|Blastoise, L50, F|100/100\n|turn|4\n|\n|t:|1776225423\n|detailschange|p1b: B\u1eafn t\u00f9m lum|Blastoise-Mega, L50, F\n|-mega|p1b: B\u1eafn t\u00f9m lum|Blastoise|Blastoisinite\n|move|p2b: Sinistcha|Rage Powder|p2b: Sinistcha\n|-singleturn|p2b: Sinistcha|move: Rage Powder\n|move|p1a: Sinh vi\u00ean|Disable|p2b: Sinistcha\n|-start|p2b: Sinistcha|Disable|Rage Powder\n|move|p2a: Floette|Dazzling Gleam|p1a: Sinh vi\u00ean|[spread] p1a,p1b\n|-supereffective|p1a: Sinh vi\u00ean|1\n|-damage|p1a: Sinh vi\u00ean|0 fnt\n|-damage|p1b: B\u1eafn t\u00f9m lum|43/100\n|faint|p1a: Sinh vi\u00ean\n|move|p1b: B\u1eafn t\u00f9m lum|Shell Smash|p1b: B\u1eafn t\u00f9m lum\n|-unboost|p1b: B\u1eafn t\u00f9m lum|def|1\n|-unboost|p1b: B\u1eafn t\u00f9m lum|spd|1\n|-boost|p1b: B\u1eafn t\u00f9m lum|atk|2\n|-boost|p1b: B\u1eafn t\u00f9m lum|spa|2\n|-boost|p1b: B\u1eafn t\u00f9m lum|spe|2\n|\n|upkeep\n|\n|t:|1776225425\n|switch|p1a: Tr\u00e0 t\u1eeb tay|Sinistcha, L50|100/100\n|-heal|p1b: B\u1eafn t\u00f9m lum|68/100|[from] ability: Hospitality|[of] p1a: Tr\u00e0 t\u1eeb tay\n|turn|5\n|\n|t:|1776225446\n|switch|p2b: Incineroar|Incineroar, L50, M|36/100\n|-ability|p2b: Incineroar|Intimidate|boost\n|-unboost|p1a: Tr\u00e0 t\u1eeb tay|atk|1\n|-unboost|p1b: B\u1eafn t\u00f9m lum|atk|1\n|move|p2a: Floette|Protect|p2a: Floette\n|-singleturn|p2a: Floette|Protect\n|move|p1b: B\u1eafn t\u00f9m lum|Water Spout|p2a: Floette|[spread] p2b\n|-activate|p2a: Floette|move: Protect\n|-supereffective|p2b: Incineroar|1\n|-damage|p2b: Incineroar|0 fnt\n|faint|p2b: Incineroar\n|move|p1a: Tr\u00e0 t\u1eeb tay|Life Dew||[still]|[spread] p1a,p1b\n|-fail|p1a: Tr\u00e0 t\u1eeb tay|heal\n|-heal|p1b: B\u1eafn t\u00f9m lum|93/100\n|\n|upkeep\n|\n|t:|1776225462\n|switch|p2b: Sinistcha|Sinistcha, L50|76/100\n|turn|6\n|\n|t:|1776225473\n|move|p1a: Tr\u00e0 t\u1eeb tay|Rage Powder|p1a: Tr\u00e0 t\u1eeb tay\n|-singleturn|p1a: Tr\u00e0 t\u1eeb tay|move: Rage Powder\n|move|p1b: B\u1eafn t\u00f9m lum|Ice Beam|p2b: Sinistcha\n|-supereffective|p2b: Sinistcha|1\n|-damage|p2b: Sinistcha|0 fnt\n|faint|p2b: Sinistcha\n|move|p2a: Floette|Dazzling Gleam|p1b: B\u1eafn t\u00f9m lum|[spread] p1a,p1b\n|-damage|p1a: Tr\u00e0 t\u1eeb tay|29/100\n|-damage|p1b: B\u1eafn t\u00f9m lum|0 fnt\n|-enditem|p1a: Tr\u00e0 t\u1eeb tay|Sitrus Berry|[eat]\n|-heal|p1a: Tr\u00e0 t\u1eeb tay|54/100|[from] item: Sitrus Berry\n|faint|p1b: B\u1eafn t\u00f9m lum\n|\n|upkeep\n|\n|t:|1776225480\n|switch|p2b: Basculegion|Basculegion, L50, M|100/100\n|turn|7\n|-message|siunhanech forfeited.\n|\n|win|Bman3111\n|raw|siunhanech's rating: 1298 &rarr; <strong>1277</strong><br />(-21 for losing)\n|raw|Bman3111's rating: 1349 &rarr; <strong>1366</strong><br />(+17 for winning)\n|l|\u2606siunhanech\n|player|p1|\n",
  "uploadtime": 1776225486,
  "views": 29,
  "formatid": "gen9championsvgc2026regma",
  "rating": 1277,
  "private": 0,
  "password": null
}