{
  "id": "gen9championsvgc2026regma-2583236120",
  "format": "[Gen 9 Champions] VGC 2026 Reg M-A",
  "players": [
    "mpaow",
    "RBG_LOL"
  ],
  "log": "|j|\u2606mpaow\n|j|\u2606RBG_LOL\n|t:|1776157974\n|gametype|doubles\n|player|p1|mpaow|lucas|1137\n|player|p2|RBG_LOL|ghetsis-gen5bw|1187\n|gen|9\n|tier|[Gen 9 Champions] VGC 2026 Reg M-A\n|rated|\n|rule|Species Clause: Limit one of each Pok\u00e9mon\n|rule|Item Clause: Limit 1 of each item\n|clearpoke\n|poke|p1|Pelipper, L50, M|\n|poke|p1|Basculegion, L50, M|\n|poke|p1|Archaludon, L50, F|\n|poke|p1|Incineroar, L50, F|\n|poke|p1|Sneasler, L50, M|\n|poke|p1|Meganium, L50, F|\n|poke|p2|Garchomp, L50, M|\n|poke|p2|Froslass, L50, F|\n|poke|p2|Sneasler, L50, M|\n|poke|p2|Kingambit, L50, M|\n|poke|p2|Talonflame, L50, M|\n|poke|p2|Milotic, L50, F|\n|teampreview|4\n|inactive|Battle timer is ON: inactive players will automatically lose when time's up. (requested by mpaow)\n|inactive|mpaow has 60 seconds left.\n|\n|t:|1776158025\n|teamsize|p1|4\n|teamsize|p2|4\n|start\n|switch|p1a: Archaludon|Archaludon, L50, F|100/100\n|switch|p1b: Pelipper|Pelipper, L50, M|100/100\n|switch|p2a: Froslass|Froslass, L50, F|100/100\n|switch|p2b: Talonflame|Talonflame, L50, M, shiny|100/100\n|-weather|RainDance|[from] ability: Drizzle|[of] p1b: Pelipper\n|turn|1\n|inactive|mpaow has 30 seconds left.\n|\n|t:|1776158050\n|switch|p1b: Incineroar|Incineroar, L50, F|100/100\n|-ability|p1b: Incineroar|Intimidate|boost\n|-unboost|p2a: Froslass|atk|1\n|-unboost|p2b: Talonflame|atk|1\n|detailschange|p2a: Froslass|Froslass-Mega, L50, F\n|-mega|p2a: Froslass|Froslass|Froslassite\n|-weather|Snowscape|[from] ability: Snow Warning|[of] p2a: Froslass\n|move|p2b: Talonflame|Tailwind|p2b: Talonflame\n|-sidestart|p2: RBG_LOL|move: Tailwind\n|move|p2a: Froslass|Blizzard|p1a: Archaludon|[spread] p1a,p1b\n|-resisted|p1b: Incineroar|1\n|-damage|p1a: Archaludon|33/100\n|-damage|p1b: Incineroar|83/100\n|-status|p1b: Incineroar|frz\n|-ability|p1a: Archaludon|Stamina|boost\n|-boost|p1a: Archaludon|def|1\n|move|p1a: Archaludon|Electro Shot||[still]\n|-prepare|p1a: Archaludon|Electro Shot\n|-boost|p1a: Archaludon|spa|1\n|\n|-weather|Snowscape|[upkeep]\n|-heal|p1a: Archaludon|39/100|[from] item: Leftovers\n|upkeep\n|turn|2\n|inactive|RBG_LOL has 30 seconds left.\n|\n|t:|1776158083\n|cant|p1b: Incineroar|frz\n|move|p2b: Talonflame|Brave Bird|p1b: Incineroar\n|-damage|p1b: Incineroar|47/100 frz\n|-enditem|p1b: Incineroar|Sitrus Berry|[eat]\n|-heal|p1b: Incineroar|72/100 frz|[from] item: Sitrus Berry\n|-damage|p2b: Talonflame|85/100|[from] Recoil\n|move|p2a: Froslass|Blizzard|p1a: Archaludon|[spread] p1a,p1b\n|-resisted|p1b: Incineroar|1\n|-damage|p1a: Archaludon|0 fnt\n|-damage|p1b: Incineroar|55/100 frz\n|faint|p1a: Archaludon\n|\n|-weather|Snowscape|[upkeep]\n|upkeep\n|\n|t:|1776158092\n|switch|p1a: Pelipper|Pelipper, L50, M|100/100\n|-weather|RainDance|[from] ability: Drizzle|[of] p1a: Pelipper\n|turn|3\n|\n|t:|1776158104\n|switch|p2a: Milotic|Milotic, L50, F|100/100\n|move|p2b: Talonflame|Protect|p2b: Talonflame\n|-singleturn|p2b: Talonflame|Protect\n|move|p1a: Pelipper|Weather Ball|p2b: Talonflame\n|-activate|p2b: Talonflame|move: Protect\n|cant|p1b: Incineroar|frz\n|\n|-weather|RainDance|[upkeep]\n|upkeep\n|turn|4\n|\n|t:|1776158121\n|switch|p2b: Froslass|Froslass-Mega, L50, F|100/100\n|-weather|Snowscape|[from] ability: Snow Warning|[of] p2b: Froslass\n|move|p2a: Milotic|Muddy Water|p1a: Pelipper|[spread] p1a,p1b\n|-resisted|p1a: Pelipper|1\n|-supereffective|p1b: Incineroar|1\n|-damage|p1a: Pelipper|75/100\n|-damage|p1b: Incineroar|7/100 frz\n|-unboost|p1b: Incineroar|accuracy|1\n|move|p1a: Pelipper|Tailwind|p1a: Pelipper\n|-sidestart|p1: mpaow|move: Tailwind\n|-curestatus|p1b: Incineroar|frz|[msg]\n|move|p1b: Incineroar|Parting Shot|p2a: Milotic\n|-unboost|p2a: Milotic|atk|1\n|-ability|p2a: Milotic|Competitive|boost\n|-boost|p2a: Milotic|spa|2\n|-unboost|p2a: Milotic|spa|1\n|-ability|p2a: Milotic|Competitive|boost\n|-boost|p2a: Milotic|spa|2\n|\n|t:|1776158137\n|switch|p1b: Meganium|Meganium, L50, F|100/100|[from] Parting Shot\n|\n|-weather|Snowscape|[upkeep]\n|-sideend|p2: RBG_LOL|move: Tailwind\n|upkeep\n|turn|5\n|\n|t:|1776158145\n|detailschange|p1b: Meganium|Meganium-Mega, L50, F\n|-mega|p1b: Meganium|Meganium|Meganiumite\n|move|p1a: Pelipper|Wide Guard|p1a: Pelipper\n|-singleturn|p1a: Pelipper|Wide Guard\n|move|p1b: Meganium|Solar Beam||[still]\n|-prepare|p1b: Meganium|Solar Beam\n|-activate|p1b: Meganium|ability: Mega Sol\n|-anim|p1b: Meganium|Solar Beam|p2a: Milotic\n|-supereffective|p2a: Milotic|1\n|-damage|p2a: Milotic|0 fnt\n|faint|p2a: Milotic\n|move|p2b: Froslass|Blizzard|p1a: Pelipper|[spread] \n|-activate|p1a: Pelipper|move: Wide Guard\n|-activate|p1b: Meganium|move: Wide Guard\n|\n|-weather|Snowscape|[upkeep]\n|upkeep\n|\n|t:|1776158158\n|switch|p2a: Sneasler|Sneasler, L50, M|100/100\n|turn|6\n|\n|t:|1776158171\n|switch|p1b: Incineroar|Incineroar, L50, F|7/100\n|-ability|p1b: Incineroar|Intimidate|boost\n|-unboost|p2a: Sneasler|atk|1\n|-unboost|p2b: Froslass|atk|1\n|-enditem|p2a: Sneasler|White Herb\n|-clearnegativeboost|p2a: Sneasler|[silent]\n|move|p2a: Sneasler|Fake Out|p1b: Incineroar\n|-damage|p1b: Incineroar|0 fnt\n|faint|p1b: Incineroar\n|move|p1a: Pelipper|Wide Guard|p1a: Pelipper\n|-singleturn|p1a: Pelipper|Wide Guard\n|move|p2b: Froslass|Shadow Ball|p1a: Pelipper\n|-damage|p1a: Pelipper|0 fnt\n|faint|p1a: Pelipper\n|\n|-weather|Snowscape|[upkeep]\n|upkeep\n|\n|t:|1776158182\n|switch|p1b: Meganium|Meganium-Mega, L50, F|100/100\n|turn|7\n|\n|t:|1776158190\n|move|p2a: Sneasler|Dire Claw|p1b: Meganium\n|-supereffective|p1b: Meganium|2\n|-damage|p1b: Meganium|0 fnt\n|faint|p1b: Meganium\n|\n|win|RBG_LOL\n|raw|mpaow's rating: 1137 &rarr; <strong>1116</strong><br />(-21 for losing)\n|raw|RBG_LOL's rating: 1187 &rarr; <strong>1208</strong><br />(+21 for winning)\n",
  "uploadtime": 1776158194,
  "views": 31,
  "formatid": "gen9championsvgc2026regma",
  "rating": 1116,
  "private": 0,
  "password": null
}