{
  "id": "gen9championsvgc2026regma-2585737381",
  "format": "[Gen 9 Champions] VGC 2026 Reg M-A",
  "players": [
    "Autistaqliao",
    "Hakke112"
  ],
  "log": "|j|\u2606Autistaqliao\n|j|\u2606Hakke112\n|t:|1776367117\n|gametype|doubles\n|player|p1|Autistaqliao|266|1253\n|player|p2|Hakke112|2|1171\n|gen|9\n|tier|[Gen 9 Champions] VGC 2026 Reg M-A\n|rated|\n|rule|Species Clause: Limit one of each Pok\u00e9mon\n|rule|Item Clause: Limit 1 of each item\n|clearpoke\n|poke|p1|Scizor, L50, M|\n|poke|p1|Farigiraf, L50, F|\n|poke|p1|Ninetales-Alola, L50, M|\n|poke|p1|Incineroar, L50, F|\n|poke|p1|Milotic, L50, M|\n|poke|p1|Sneasler, L50, M|\n|poke|p2|Chandelure, L50, F|\n|poke|p2|Sinistcha, L50|\n|poke|p2|Arcanine-Hisui, L50, M|\n|poke|p2|Archaludon, L50, F|\n|poke|p2|Farigiraf, L50, M|\n|poke|p2|Primarina, L50, M|\n|teampreview|4\n|inactive|Battle timer is ON: inactive players will automatically lose when time's up. (requested by Hakke112)\n|\n|t:|1776367142\n|teamsize|p1|4\n|teamsize|p2|4\n|start\n|switch|p1a: Milotic|Milotic, L50, M|100/100\n|switch|p1b: Sneasler|Sneasler, L50, M|100/100\n|switch|p2a: Farigiraf|Farigiraf, L50, M|100/100\n|switch|p2b: Chandelure|Chandelure, L50, F|100/100\n|turn|1\n|\n|t:|1776367163\n|switch|p1b: Farigiraf|Farigiraf, L50, F|100/100\n|move|p2b: Chandelure|Protect|p2b: Chandelure\n|-singleturn|p2b: Chandelure|Protect\n|move|p1a: Milotic|Muddy Water|p2a: Farigiraf|[spread] p2a\n|-activate|p2b: Chandelure|move: Protect\n|-damage|p2a: Farigiraf|76/100\n|move|p2a: Farigiraf|Psychic|p1b: Farigiraf\n|-resisted|p1b: Farigiraf|1\n|-damage|p1b: Farigiraf|86/100\n|\n|-heal|p2a: Farigiraf|82/100|[from] item: Leftovers\n|upkeep\n|turn|2\n|inactive|Hakke112 has 30 seconds left.\n|inactive|Hakke112 has 20 seconds left.\n|\n|t:|1776367200\n|detailschange|p2b: Chandelure|Chandelure-Mega, L50, F\n|-mega|p2b: Chandelure|Chandelure|Chandelurite\n|move|p1a: Milotic|Scald|p2b: Chandelure\n|-supereffective|p2b: Chandelure|1\n|-damage|p2b: Chandelure|27/100\n|move|p2b: Chandelure|Calm Mind|p2b: Chandelure\n|-boost|p2b: Chandelure|spa|1\n|-boost|p2b: Chandelure|spd|1\n|move|p1b: Farigiraf|Psychic|p2b: Chandelure\n|-damage|p2b: Chandelure|0 fnt\n|faint|p2b: Chandelure\n|move|p2a: Farigiraf|Trick Room|p2a: Farigiraf\n|-fieldstart|move: Trick Room|[of] p2a: Farigiraf\n|\n|-heal|p2a: Farigiraf|88/100|[from] item: Leftovers\n|upkeep\n|\n|t:|1776367211\n|switch|p2b: Sinistcha|Sinistcha, L50|100/100\n|-heal|p2a: Farigiraf|100/100|[from] ability: Hospitality|[of] p2b: Sinistcha\n|turn|3\n|\n|t:|1776367232\n|move|p2a: Farigiraf|Helping Hand|p2b: Sinistcha\n|-singleturn|p2b: Sinistcha|Helping Hand|[of] p2a: Farigiraf\n|move|p1a: Milotic|Protect|p1a: Milotic\n|-singleturn|p1a: Milotic|Protect\n|move|p1b: Farigiraf|Psychic|p2b: Sinistcha\n|-damage|p2b: Sinistcha|57/100\n|move|p2b: Sinistcha|Matcha Gotcha|p1b: Farigiraf|[spread] p1b\n|-activate|p1a: Milotic|move: Protect\n|-damage|p1b: Farigiraf|52/100\n|-heal|p2b: Sinistcha|83/100|[from] drain|[of] p1b: Farigiraf\n|\n|upkeep\n|turn|4\n|inactive|Hakke112 has 30 seconds left.\n|\n|t:|1776367262\n|switch|p1a: Ninetales|Ninetales-Alola, L50, M|100/100\n|-weather|Snowscape|[from] ability: Snow Warning|[of] p1a: Ninetales\n|move|p1b: Farigiraf|Psychic|p2b: Sinistcha\n|-damage|p2b: Sinistcha|35/100\n|move|p2b: Sinistcha|Life Dew||[still]|[spread] p2a,p2b\n|-fail|p2a: Farigiraf|heal\n|-heal|p2b: Sinistcha|61/100\n|move|p2a: Farigiraf|Trick Room|p2a: Farigiraf\n|-fieldend|move: Trick Room\n|\n|-weather|Snowscape|[upkeep]\n|upkeep\n|turn|5\n|inactive|Hakke112 has 30 seconds left.\n|\n|t:|1776367288\n|switch|p2b: Primarina|Primarina, L50, M|100/100\n|move|p1a: Ninetales|Blizzard|p2b: Primarina|[spread] p2a,p2b\n|-crit|p2a: Farigiraf\n|-resisted|p2b: Primarina|1\n|-damage|p2a: Farigiraf|72/100\n|-damage|p2b: Primarina|88/100\n|move|p1b: Farigiraf|Psychic|p2b: Primarina\n|-crit|p2b: Primarina\n|-damage|p2b: Primarina|23/100\n|move|p2a: Farigiraf|Trick Room|p2a: Farigiraf\n|-fieldstart|move: Trick Room|[of] p2a: Farigiraf\n|\n|-weather|Snowscape|[upkeep]\n|-heal|p2a: Farigiraf|78/100|[from] item: Leftovers\n|upkeep\n|turn|6\n|inactive|Hakke112 has 30 seconds left.\n|\n|t:|1776367314\n|move|p2a: Farigiraf|Helping Hand|p2b: Primarina\n|-singleturn|p2b: Primarina|Helping Hand|[of] p2a: Farigiraf\n|move|p2b: Primarina|Hyper Voice|p1b: Farigiraf|[spread] p1a,p1b\n|-damage|p1a: Ninetales|37/100\n|-damage|p1b: Farigiraf|0 fnt\n|faint|p1b: Farigiraf\n|move|p1a: Ninetales|Aurora Veil|p1a: Ninetales\n|-sidestart|p1: Autistaqliao|move: Aurora Veil\n|\n|-weather|Snowscape|[upkeep]\n|-heal|p2a: Farigiraf|85/100|[from] item: Leftovers\n|upkeep\n|\n|t:|1776367323\n|switch|p1b: Milotic|Milotic, L50, M|100/100\n|turn|7\n|\n|t:|1776367347\n|move|p2b: Primarina|Protect|p2b: Primarina\n|-singleturn|p2b: Primarina|Protect\n|move|p1b: Milotic|Scald|p2b: Primarina\n|-activate|p2b: Primarina|move: Protect\n|move|p1a: Ninetales|Blizzard|p2a: Farigiraf|[spread] p2a\n|-activate|p2b: Primarina|move: Protect\n|-damage|p2a: Farigiraf|66/100\n|move|p2a: Farigiraf|Trick Room|p2a: Farigiraf\n|-fieldend|move: Trick Room\n|\n|-weather|Snowscape|[upkeep]\n|-heal|p2a: Farigiraf|72/100|[from] item: Leftovers\n|upkeep\n|turn|8\n|inactive|Hakke112 has 30 seconds left.\n|\n|t:|1776367376\n|switch|p2a: Sinistcha|Sinistcha, L50|61/100\n|-heal|p2b: Primarina|48/100|[from] ability: Hospitality|[of] p2a: Sinistcha\n|move|p1a: Ninetales|Blizzard|p2b: Primarina|[spread] p2a,p2b\n|-supereffective|p2a: Sinistcha|1\n|-resisted|p2b: Primarina|1\n|-damage|p2a: Sinistcha|11/100\n|-damage|p2b: Primarina|36/100\n|move|p1b: Milotic|Scald|p2b: Primarina\n|-resisted|p2b: Primarina|1\n|-damage|p2b: Primarina|15/100\n|move|p2b: Primarina|Hyper Voice|p1b: Milotic|[spread] p1a,p1b\n|-resisted|p1b: Milotic|1\n|-damage|p1a: Ninetales|9/100\n|-damage|p1b: Milotic|90/100\n|\n|-weather|none\n|-heal|p1b: Milotic|96/100|[from] item: Leftovers\n|upkeep\n|turn|9\n|inactive|Hakke112 has 30 seconds left.\n|\n|t:|1776367406\n|switch|p2a: Farigiraf|Farigiraf, L50, M|72/100\n|move|p2b: Primarina|Protect|p2b: Primarina\n|-singleturn|p2b: Primarina|Protect\n|move|p1a: Ninetales|Blizzard|p2a: Farigiraf|[spread] p2a\n|-activate|p2b: Primarina|move: Protect\n|-damage|p2a: Farigiraf|51/100\n|move|p1b: Milotic|Scald|p2b: Primarina\n|-activate|p2b: Primarina|move: Protect\n|\n|-heal|p1b: Milotic|100/100|[from] item: Leftovers\n|-heal|p2a: Farigiraf|57/100|[from] item: Leftovers\n|upkeep\n|turn|10\n|inactive|Autistaqliao has 30 seconds left.\n|\n|t:|1776367431\n|switch|p1a: Sneasler|Sneasler, L50, M|100/100\n|switch|p2b: Sinistcha|Sinistcha, L50|11/100\n|-heal|p2a: Farigiraf|82/100|[from] ability: Hospitality|[of] p2b: Sinistcha\n|move|p1b: Milotic|Scald|p2b: Sinistcha\n|-resisted|p2b: Sinistcha|1\n|-damage|p2b: Sinistcha|0 fnt\n|faint|p2b: Sinistcha\n|move|p2a: Farigiraf|Trick Room|p2a: Farigiraf\n|-fieldstart|move: Trick Room|[of] p2a: Farigiraf\n|\n|-heal|p2a: Farigiraf|88/100|[from] item: Leftovers\n|-sideend|p1: Autistaqliao|move: Aurora Veil\n|upkeep\n|\n|t:|1776367447\n|switch|p2b: Primarina|Primarina, L50, M|15/100\n|turn|11\n|\n|t:|1776367456\n|move|p2b: Primarina|Protect|p2b: Primarina\n|-singleturn|p2b: Primarina|Protect\n|move|p1a: Sneasler|Protect|p1a: Sneasler\n|-singleturn|p1a: Sneasler|Protect\n|move|p2a: Farigiraf|Psychic|p1a: Sneasler\n|-activate|p1a: Sneasler|move: Protect\n|move|p1b: Milotic|Scald|p2b: Primarina\n|-activate|p2b: Primarina|move: Protect\n|\n|-heal|p2a: Farigiraf|94/100|[from] item: Leftovers\n|upkeep\n|turn|12\n|\n|t:|1776367468\n|switch|p1a: Ninetales|Ninetales-Alola, L50, M|9/100\n|-weather|Snowscape|[from] ability: Snow Warning|[of] p1a: Ninetales\n|move|p2b: Primarina|Moonblast|p1b: Milotic\n|-damage|p1b: Milotic|64/100\n|move|p2a: Farigiraf|Psychic|p1a: Ninetales\n|-damage|p1a: Ninetales|0 fnt\n|faint|p1a: Ninetales\n|move|p1b: Milotic|Scald|p2b: Primarina\n|-resisted|p2b: Primarina|1\n|-damage|p2b: Primarina|0 fnt\n|faint|p2b: Primarina\n|\n|-weather|Snowscape|[upkeep]\n|-heal|p2a: Farigiraf|99/100|[from] item: Leftovers\n|-heal|p1b: Milotic|70/100|[from] item: Leftovers\n|upkeep\n|\n|t:|1776367483\n|switch|p1a: Sneasler|Sneasler, L50, M|100/100\n|turn|13\n|\n|t:|1776367489\n|move|p1a: Sneasler|Protect|p1a: Sneasler\n|-singleturn|p1a: Sneasler|Protect\n|move|p2a: Farigiraf|Psychic|p1b: Milotic\n|-damage|p1b: Milotic|46/100\n|move|p1b: Milotic|Scald|p2a: Farigiraf\n|-damage|p2a: Farigiraf|66/100\n|\n|-weather|Snowscape|[upkeep]\n|-heal|p2a: Farigiraf|72/100|[from] item: Leftovers\n|-heal|p1b: Milotic|52/100|[from] item: Leftovers\n|upkeep\n|turn|14\n|\n|t:|1776367504\n|move|p2a: Farigiraf|Psychic|p1a: Sneasler\n|-supereffective|p1a: Sneasler|2\n|-damage|p1a: Sneasler|0 fnt\n|faint|p1a: Sneasler\n|move|p1b: Milotic|Scald|p2a: Farigiraf\n|-damage|p2a: Farigiraf|39/100\n|\n|-weather|Snowscape|[upkeep]\n|-heal|p2a: Farigiraf|46/100|[from] item: Leftovers\n|-heal|p1b: Milotic|58/100|[from] item: Leftovers\n|-fieldend|move: Trick Room\n|upkeep\n|turn|15\n|\n|t:|1776367514\n|move|p2a: Farigiraf|Protect|p2a: Farigiraf\n|-singleturn|p2a: Farigiraf|Protect\n|move|p1b: Milotic|Scald|p2a: Farigiraf\n|-activate|p2a: Farigiraf|move: Protect\n|\n|-weather|Snowscape|[upkeep]\n|-heal|p1b: Milotic|64/100|[from] item: Leftovers\n|-heal|p2a: Farigiraf|52/100|[from] item: Leftovers\n|upkeep\n|turn|16\n|\n|t:|1776367521\n|move|p1b: Milotic|Scald|p2a: Farigiraf\n|-damage|p2a: Farigiraf|17/100\n|-status|p2a: Farigiraf|brn\n|move|p2a: Farigiraf|Trick Room|p2a: Farigiraf\n|-fieldstart|move: Trick Room|[of] p2a: Farigiraf\n|\n|-weather|none\n|-heal|p2a: Farigiraf|24/100 brn|[from] item: Leftovers\n|-heal|p1b: Milotic|70/100|[from] item: Leftovers\n|-damage|p2a: Farigiraf|17/100 brn|[from] brn\n|upkeep\n|turn|17\n|\n|t:|1776367538\n|move|p2a: Farigiraf|Psychic|p1b: Milotic\n|-damage|p1b: Milotic|42/100\n|move|p1b: Milotic|Scald|p2a: Farigiraf\n|-damage|p2a: Farigiraf|0 fnt\n|faint|p2a: Farigiraf\n|\n|win|Autistaqliao\n|raw|Autistaqliao's rating: 1253 &rarr; <strong>1272</strong><br />(+19 for winning)\n|raw|Hakke112's rating: 1171 &rarr; <strong>1152</strong><br />(-19 for losing)\n|l|\u2606Autistaqliao\n|player|p1|\n",
  "uploadtime": 1776367545,
  "views": 25,
  "formatid": "gen9championsvgc2026regma",
  "rating": 1152,
  "private": 0,
  "password": null
}