{
  "id": "gen9championsvgc2026regma-2586954634",
  "format": "[Gen 9 Champions] VGC 2026 Reg M-A",
  "players": [
    "Sceptilicious",
    "luckyhanky"
  ],
  "log": "|j|\u2606Sceptilicious\n|j|\u2606luckyhanky\n|t:|1776475266\n|gametype|doubles\n|player|p1|Sceptilicious|1|1278\n|player|p2|luckyhanky|medium-gen2jp|1296\n|gen|9\n|tier|[Gen 9 Champions] VGC 2026 Reg M-A\n|rated|\n|rule|Species Clause: Limit one of each Pok\u00e9mon\n|rule|Item Clause: Limit 1 of each item\n|clearpoke\n|poke|p1|Sinistcha, L50|\n|poke|p1|Incineroar, L50, F|\n|poke|p1|Gyarados, L50, M|\n|poke|p1|Kommo-o, L50, M|\n|poke|p1|Gengar, L50, F|\n|poke|p1|Tinkaton, L50, F|\n|poke|p2|Orthworm, L50, M|\n|poke|p2|Maushold-Four, L50|\n|poke|p2|Scovillain, L50, M|\n|poke|p2|Ninetales-Alola, L50, F|\n|poke|p2|Sneasler, L50, M|\n|poke|p2|Basculegion, L50, M|\n|teampreview|4\n|inactive|Battle timer is ON: inactive players will automatically lose when time's up. (requested by luckyhanky)\n|inactive|luckyhanky has 60 seconds left.\n|inactive|Sceptilicious has 60 seconds left.\n|\n|t:|1776475310\n|teamsize|p1|4\n|teamsize|p2|4\n|start\n|switch|p1a: Gengar|Gengar, L50, F|100/100\n|switch|p1b: Tinkaton|Tinkaton, L50, F|100/100\n|switch|p2a: Ninetales|Ninetales-Alola, L50, F|100/100\n|switch|p2b: Basculegion|Basculegion, L50, M|100/100\n|-weather|Snowscape|[from] ability: Snow Warning|[of] p2a: Ninetales\n|turn|1\n|\n|t:|1776475330\n|move|p2a: Ninetales|Protect|p2a: Ninetales\n|-singleturn|p2a: Ninetales|Protect\n|move|p1a: Gengar|Protect|p1a: Gengar\n|-singleturn|p1a: Gengar|Protect\n|move|p2b: Basculegion|Phantom Force||[still]\n|-prepare|p2b: Basculegion|Phantom Force\n|move|p1b: Tinkaton|Gigaton Hammer|p2a: Ninetales\n|-activate|p2a: Ninetales|move: Protect\n|\n|-weather|Snowscape|[upkeep]\n|upkeep\n|turn|2\n|\n|t:|1776475355\n|move|p2b: Basculegion|Phantom Force|p1a: Gengar|[from] lockedmove\n|-supereffective|p1a: Gengar|1\n|-enditem|p1a: Gengar|Focus Sash\n|-damage|p1a: Gengar|1/100\n|move|p2a: Ninetales|Aurora Veil|p2a: Ninetales\n|-sidestart|p2: luckyhanky|move: Aurora Veil\n|move|p1a: Gengar|Sludge Bomb|p2a: Ninetales\n|-supereffective|p2a: Ninetales|1\n|-damage|p2a: Ninetales|27/100\n|move|p1b: Tinkaton|Play Rough|p2b: Basculegion\n|-damage|p2b: Basculegion|71/100\n|-unboost|p2b: Basculegion|atk|1\n|\n|-weather|Snowscape|[upkeep]\n|upkeep\n|turn|3\n|\n|t:|1776475370\n|switch|p2b: Scovillain|Scovillain, L50, M|100/100\n|move|p1b: Tinkaton|Protect|p1b: Tinkaton\n|-singleturn|p1b: Tinkaton|Protect\n|move|p2a: Ninetales|Moonblast|p1a: Gengar\n|-resisted|p1a: Gengar|1\n|-damage|p1a: Gengar|0 fnt\n|-start|p2a: Ninetales|Disable|Moonblast|[from] ability: Cursed Body|[of] p1a: Gengar\n|-enditem|p2a: Ninetales|Mental Herb\n|-end|p2a: Ninetales|Disable\n|faint|p1a: Gengar\n|\n|-weather|Snowscape|[upkeep]\n|-ability|p2b: Scovillain|Moody|boost\n|-boost|p2b: Scovillain|spd|2\n|-unboost|p2b: Scovillain|atk|1\n|upkeep\n|\n|t:|1776475388\n|switch|p1a: Sinistcha|Sinistcha, L50|100/100\n|turn|4\n|\n|t:|1776475404\n|switch|p2a: Maushold|Maushold-Four, L50|100/100\n|move|p1b: Tinkaton|Gigaton Hammer|p2a: Maushold\n|-damage|p2a: Maushold|67/100\n|move|p2b: Scovillain|Leech Seed|p1b: Tinkaton\n|-start|p1b: Tinkaton|move: Leech Seed\n|move|p1a: Sinistcha|Matcha Gotcha|p2a: Maushold|[spread] p2a,p2b\n|-resisted|p2b: Scovillain|2\n|-damage|p2a: Maushold|39/100\n|-damage|p2b: Scovillain|98/100\n|\n|-weather|Snowscape|[upkeep]\n|-damage|p1b: Tinkaton|88/100|[from] Leech Seed|[of] p2b: Scovillain\n|-heal|p2b: Scovillain|100/100|[silent]\n|-ability|p2b: Scovillain|Moody|boost\n|-boost|p2b: Scovillain|spd|2\n|-unboost|p2b: Scovillain|def|1\n|upkeep\n|turn|5\n|\n|t:|1776475421\n|switch|p1b: Gyarados|Gyarados, L50, M|100/100\n|-ability|p1b: Gyarados|Intimidate|boost\n|-unboost|p2a: Maushold|atk|1\n|-unboost|p2b: Scovillain|atk|1\n|move|p1a: Sinistcha|Rage Powder|p1a: Sinistcha\n|-singleturn|p1a: Sinistcha|move: Rage Powder\n|move|p2a: Maushold|Super Fang|p1a: Sinistcha\n|-immune|p1a: Sinistcha\n|move|p2b: Scovillain|Leech Seed|p1a: Sinistcha\n|-immune|p1a: Sinistcha\n|\n|-weather|none\n|-ability|p2b: Scovillain|Moody|boost\n|-boost|p2b: Scovillain|atk|2\n|-unboost|p2b: Scovillain|spd|1\n|upkeep\n|turn|6\n|\n|t:|1776475443\n|detailschange|p1b: Gyarados|Gyarados-Mega, L50, M\n|-mega|p1b: Gyarados|Gyarados|Gyaradosite\n|-ability|p1b: Gyarados|Mold Breaker\n|move|p2b: Scovillain|Protect|p2b: Scovillain\n|-singleturn|p2b: Scovillain|Protect\n|move|p2a: Maushold|Taunt|p1b: Gyarados\n|-start|p1b: Gyarados|move: Taunt\n|move|p1b: Gyarados|Crunch|p2b: Scovillain\n|-activate|p2b: Scovillain|move: Protect\n|move|p1a: Sinistcha|Matcha Gotcha|p2a: Maushold|[spread] p2a\n|-activate|p2b: Scovillain|move: Protect\n|-damage|p2a: Maushold|10/100\n|-status|p2a: Maushold|brn\n|\n|-damage|p2a: Maushold|4/100 brn|[from] brn\n|-sideend|p2: luckyhanky|move: Aurora Veil\n|-ability|p2b: Scovillain|Moody|boost\n|-boost|p2b: Scovillain|spa|2\n|-unboost|p2b: Scovillain|atk|1\n|upkeep\n|turn|7\n|inactive|luckyhanky has 30 seconds left.\n|\n|t:|1776475474\n|switch|p1b: Tinkaton|Tinkaton, L50, F|88/100\n|switch|p2b: Ninetales|Ninetales-Alola, L50, F|27/100\n|-weather|Snowscape|[from] ability: Snow Warning|[of] p2b: Ninetales\n|move|p2a: Maushold|Taunt|p1a: Sinistcha\n|-start|p1a: Sinistcha|move: Taunt\n|move|p1a: Sinistcha|Matcha Gotcha|p2a: Maushold|[spread] p2a,p2b\n|-damage|p2a: Maushold|0 fnt\n|-damage|p2b: Ninetales|0 fnt\n|faint|p2a: Maushold\n|faint|p2b: Ninetales\n|\n|-weather|Snowscape|[upkeep]\n|upkeep\n|\n|t:|1776475476\n|switch|p2b: Scovillain|Scovillain, L50, M|100/100\n|switch|p2a: Basculegion|Basculegion, L50, M|71/100\n|turn|8\n|\n|t:|1776475501\n|move|p2a: Basculegion|Last Respects|p1a: Sinistcha\n|-supereffective|p1a: Sinistcha|1\n|-damage|p1a: Sinistcha|0 fnt\n|faint|p1a: Sinistcha\n|move|p1b: Tinkaton|Gigaton Hammer|p2b: Scovillain\n|-resisted|p2b: Scovillain|1\n|-damage|p2b: Scovillain|65/100\n|-heal|p1b: Tinkaton|92/100|[from] item: Shell Bell|[of] p2b: Scovillain\n|move|p2b: Scovillain|Leech Seed|p1b: Tinkaton|[miss]\n|-miss|p2b: Scovillain|p1b: Tinkaton\n|\n|-weather|Snowscape|[upkeep]\n|-ability|p2b: Scovillain|Moody|boost\n|-boost|p2b: Scovillain|atk|2\n|-unboost|p2b: Scovillain|def|1\n|upkeep\n|\n|t:|1776475513\n|switch|p1a: Gyarados|Gyarados-Mega, L50, M|100/100\n|-ability|p1a: Gyarados|Mold Breaker\n|turn|9\n|\n|t:|1776475520\n|detailschange|p2b: Scovillain|Scovillain-Mega, L50, M\n|-mega|p2b: Scovillain|Scovillain|Scovillainite\n|move|p2a: Basculegion|Last Respects|p1b: Tinkaton\n|-damage|p1b: Tinkaton|4/100\n|move|p1b: Tinkaton|Play Rough|p2b: Scovillain\n|-resisted|p2b: Scovillain|1\n|-damage|p2b: Scovillain|41/100\n|-unboost|p2b: Scovillain|atk|1\n|-status|p1b: Tinkaton|brn|[from] ability: Spicy Spray|[of] p2b: Scovillain\n|-heal|p1b: Tinkaton|7/100 brn|[from] item: Shell Bell|[of] p2b: Scovillain\n|move|p1a: Gyarados|Crunch|p2a: Basculegion\n|-supereffective|p2a: Basculegion|1\n|-damage|p2a: Basculegion|0 fnt\n|faint|p2a: Basculegion\n|move|p2b: Scovillain|Leaf Storm|p1a: Gyarados\n|-supereffective|p1a: Gyarados|1\n|-damage|p1a: Gyarados|0 fnt\n|-unboost|p2b: Scovillain|spa|2\n|faint|p1a: Gyarados\n|\n|-weather|Snowscape|[upkeep]\n|-damage|p1b: Tinkaton|0 fnt|[from] brn\n|faint|p1b: Tinkaton\n|\n|win|luckyhanky\n|raw|Sceptilicious's rating: 1278 &rarr; <strong>1254</strong><br />(-24 for losing)\n|raw|luckyhanky's rating: 1296 &rarr; <strong>1320</strong><br />(+24 for winning)\n|c|\u2606Sceptilicious|gg\n",
  "uploadtime": 1776475542,
  "views": 28,
  "formatid": "gen9championsvgc2026regma",
  "rating": 1254,
  "private": 0,
  "password": null
}