{
  "id": "gen9championsvgc2026regma-2583906994",
  "format": "[Gen 9 Champions] VGC 2026 Reg M-A",
  "players": [
    "chichinitz",
    "novvva"
  ],
  "log": "|j|\u2606chichinitz\n|j|\u2606novvva\n|t:|1776207225\n|gametype|doubles\n|player|p1|chichinitz|psychic-gen4|1191\n|player|p2|novvva|170|1238\n|gen|9\n|tier|[Gen 9 Champions] VGC 2026 Reg M-A\n|rated|\n|rule|Species Clause: Limit one of each Pok\u00e9mon\n|rule|Item Clause: Limit 1 of each item\n|clearpoke\n|poke|p1|Meganium, L50, F|\n|poke|p1|Pelipper, L50, M|\n|poke|p1|Basculegion, L50, M|\n|poke|p1|Archaludon, L50, F|\n|poke|p1|Aerodactyl, L50, M|\n|poke|p1|Kangaskhan, L50, F|\n|poke|p2|Sableye, L50, F|\n|poke|p2|Serperior, L50, F|\n|poke|p2|Pelipper, L50, M|\n|poke|p2|Incineroar, L50, F|\n|poke|p2|Archaludon, L50, F|\n|poke|p2|Blastoise, L50, F|\n|teampreview|4\n|\n|t:|1776207252\n|teamsize|p1|4\n|teamsize|p2|4\n|start\n|switch|p1a: Aerodactyl|Aerodactyl, L50, M|100/100\n|switch|p1b: Kangaskhan|Kangaskhan, L50, F|100/100\n|switch|p2a: Sableye|Sableye, L50, F|100/100\n|switch|p2b: Blastoise|Blastoise, L50, F|100/100\n|-ability|p1a: Aerodactyl|Unnerve\n|turn|1\n|\n|t:|1776207271\n|switch|p2a: Incineroar|Incineroar, L50, F|100/100\n|-ability|p2a: Incineroar|Intimidate|boost\n|-unboost|p1a: Aerodactyl|atk|1\n|-fail|p1b: Kangaskhan|unboost|Attack|[from] ability: Inner Focus|[of] p1b: Kangaskhan\n|detailschange|p2b: Blastoise|Blastoise-Mega, L50, F\n|-mega|p2b: Blastoise|Blastoise|Blastoisinite\n|move|p1b: Kangaskhan|Fake Out|p2b: Blastoise\n|-damage|p2b: Blastoise|85/100\n|move|p1a: Aerodactyl|Dual Wingbeat|p2a: Incineroar\n|-damage|p2a: Incineroar|87/100\n|-damage|p2a: Incineroar|72/100\n|-hitcount|p2a: Incineroar|2\n|cant|p2b: Blastoise|flinch\n|\n|upkeep\n|turn|2\n|\n|t:|1776207302\n|detailschange|p1b: Kangaskhan|Kangaskhan-Mega, L50, F\n|-mega|p1b: Kangaskhan|Kangaskhan|Kangaskhanite\n|move|p2a: Incineroar|Fake Out|p1b: Kangaskhan\n|-damage|p1b: Kangaskhan|87/100\n|move|p1a: Aerodactyl|Tailwind|p1a: Aerodactyl\n|-sidestart|p1: chichinitz|move: Tailwind\n|cant|p1b: Kangaskhan|flinch\n|move|p2b: Blastoise|Shell Smash|p2b: Blastoise\n|-unboost|p2b: Blastoise|def|1\n|-unboost|p2b: Blastoise|spd|1\n|-boost|p2b: Blastoise|atk|2\n|-boost|p2b: Blastoise|spa|2\n|-boost|p2b: Blastoise|spe|2\n|\n|upkeep\n|turn|3\n|\n|t:|1776207321\n|move|p2b: Blastoise|Protect|p2b: Blastoise\n|-singleturn|p2b: Blastoise|Protect\n|move|p1a: Aerodactyl|Rock Slide|p2b: Blastoise|[spread] p2a\n|-activate|p2b: Blastoise|move: Protect\n|-supereffective|p2a: Incineroar|1\n|-damage|p2a: Incineroar|40/100\n|move|p1b: Kangaskhan|Double-Edge|p2b: Blastoise\n|-activate|p2b: Blastoise|move: Protect\n|cant|p2a: Incineroar|flinch\n|\n|upkeep\n|turn|4\n|\n|t:|1776207348\n|switch|p2a: Sableye|Sableye, L50, F|100/100\n|move|p2b: Blastoise|Protect||[still]\n|-fail|p2b: Blastoise\n|move|p1a: Aerodactyl|Rock Slide|p2b: Blastoise|[spread] p2b\n|-miss|p1a: Aerodactyl|p2a: Sableye\n|-damage|p2b: Blastoise|64/100\n|move|p1b: Kangaskhan|Double-Edge|p2b: Blastoise\n|-damage|p2b: Blastoise|0 fnt\n|faint|p2b: Blastoise\n|-hitcount|p2: Blastoise|1\n|-damage|p1b: Kangaskhan|66/100|[from] Recoil\n|\n|upkeep\n|\n|t:|1776207374\n|switch|p2b: Incineroar|Incineroar, L50, F|40/100\n|-ability|p2b: Incineroar|Intimidate|boost\n|-unboost|p1a: Aerodactyl|atk|1\n|-unboost|p1b: Kangaskhan|atk|1\n|turn|5\n|\n|t:|1776207418\n|switch|p1b: Basculegion|Basculegion, L50, M|100/100\n|move|p1a: Aerodactyl|Protect|p1a: Aerodactyl\n|-singleturn|p1a: Aerodactyl|Protect\n|move|p2a: Sableye|Encore|p1a: Aerodactyl\n|-activate|p1a: Aerodactyl|move: Protect\n|move|p2b: Incineroar|Parting Shot|p1b: Basculegion\n|-unboost|p1b: Basculegion|atk|1\n|-unboost|p1b: Basculegion|spa|1\n|\n|t:|1776207428\n|switch|p2b: Serperior|Serperior, L50, F|100/100|[from] Parting Shot\n|\n|-sideend|p1: chichinitz|move: Tailwind\n|upkeep\n|turn|6\n|\n|t:|1776207449\n|switch|p1a: Pelipper|Pelipper, L50, M|100/100\n|-weather|RainDance|[from] ability: Drizzle|[of] p1a: Pelipper\n|move|p1b: Basculegion|Flip Turn|p2a: Sableye\n|-damage|p2a: Sableye|54/100\n|\n|t:|1776207460\n|switch|p1b: Aerodactyl|Aerodactyl, L50, M|100/100|[from] Flip Turn\n|-ability|p1b: Aerodactyl|Unnerve\n|move|p2b: Serperior|Leaf Storm|p1b: Aerodactyl\n|-damage|p1b: Aerodactyl|23/100\n|-boost|p2b: Serperior|spa|2\n|move|p2a: Sableye|Mud-Slap|p1b: Aerodactyl\n|-immune|p1b: Aerodactyl\n|\n|-weather|RainDance|[upkeep]\n|-heal|p2a: Sableye|60/100|[from] item: Leftovers\n|upkeep\n|turn|7\n|\n|t:|1776207496\n|switch|p2a: Incineroar|Incineroar, L50, F|40/100\n|-ability|p2a: Incineroar|Intimidate|boost\n|-unboost|p1a: Pelipper|atk|1\n|-unboost|p1b: Aerodactyl|atk|1\n|move|p2b: Serperior|Leaf Storm|p1a: Pelipper\n|-enditem|p1a: Pelipper|Focus Sash\n|-damage|p1a: Pelipper|1/100\n|-boost|p2b: Serperior|spa|2\n|move|p1b: Aerodactyl|Tailwind|p1b: Aerodactyl\n|-sidestart|p1: chichinitz|move: Tailwind\n|move|p1a: Pelipper|Hurricane|p2b: Serperior\n|-supereffective|p2b: Serperior|1\n|-damage|p2b: Serperior|0 fnt\n|faint|p2b: Serperior\n|\n|-weather|RainDance|[upkeep]\n|upkeep\n|\n|t:|1776207511\n|switch|p2b: Sableye|Sableye, L50, F|60/100\n|turn|8\n|\n|t:|1776207543\n|move|p2b: Sableye|Encore|p1b: Aerodactyl\n|-start|p1b: Aerodactyl|Encore\n|move|p1b: Aerodactyl|Tailwind||[still]\n|-fail|p1b: Aerodactyl\n|move|p1a: Pelipper|Hurricane|p2b: Sableye\n|-damage|p2b: Sableye|2/100\n|move|p2a: Incineroar|Parting Shot|p1a: Pelipper\n|-unboost|p1a: Pelipper|atk|1\n|-unboost|p1a: Pelipper|spa|1\n|\n|-weather|RainDance|[upkeep]\n|-heal|p2b: Sableye|8/100|[from] item: Leftovers\n|upkeep\n|turn|9\n|\n|t:|1776207572\n|switch|p1b: Kangaskhan|Kangaskhan-Mega, L50, F|66/100\n|-enditem|p2a: Incineroar|Sitrus Berry|[eat]\n|-heal|p2a: Incineroar|64/100|[from] item: Sitrus Berry\n|move|p2b: Sableye|Quash|p1a: Pelipper\n|-activate|p1a: Pelipper|move: Quash\n|move|p2a: Incineroar|Throat Chop|p1a: Pelipper\n|-damage|p1a: Pelipper|0 fnt\n|faint|p1a: Pelipper\n|\n|-weather|RainDance|[upkeep]\n|-heal|p2b: Sableye|13/100|[from] item: Leftovers\n|upkeep\n|\n|t:|1776207591\n|switch|p1a: Basculegion|Basculegion, L50, M|100/100\n|turn|10\n|\n|t:|1776207608\n|move|p1b: Kangaskhan|Fake Out|p2a: Incineroar\n|-damage|p2a: Incineroar|43/100\n|-damage|p2a: Incineroar|38/100\n|-hitcount|p2a: Incineroar|2\n|move|p1a: Basculegion|Wave Crash|p2b: Sableye\n|-damage|p2b: Sableye|0 fnt\n|faint|p2b: Sableye\n|-damage|p1a: Basculegion|97/100|[from] Recoil\n|cant|p2a: Incineroar|flinch\n|\n|-weather|none\n|-sideend|p1: chichinitz|move: Tailwind\n|upkeep\n|turn|11\n|\n|t:|1776207625\n|move|p1b: Kangaskhan|Double-Edge|p2a: Incineroar\n|-damage|p2a: Incineroar|0 fnt\n|faint|p2a: Incineroar\n|-hitcount|p2: Incineroar|1\n|-damage|p1b: Kangaskhan|52/100|[from] Recoil\n|\n|win|chichinitz\n|raw|chichinitz's rating: 1191 &rarr; <strong>1219</strong><br />(+28 for winning)\n|raw|novvva's rating: 1238 &rarr; <strong>1210</strong><br />(-28 for losing)\n|c|\u2606chichinitz|gg\n|l|\u2606novvva\n|player|p2|\n",
  "uploadtime": 1776207635,
  "views": 31,
  "formatid": "gen9championsvgc2026regma",
  "rating": 1210,
  "private": 0,
  "password": null
}