{
  "id": "gen9championsvgc2026regma-2582506507",
  "format": "[Gen 9 Champions] VGC 2026 Reg M-A",
  "players": [
    "Energoblock4th",
    "Offline_7482737"
  ],
  "log": "|j|\u2606Energoblock4th\n|j|\u2606Offline_7482737\n|t:|1776096050\n|gametype|doubles\n|player|p1|Energoblock4th|flannery|1205\n|player|p2|Offline_7482737|bianca|1124\n|gen|9\n|tier|[Gen 9 Champions] VGC 2026 Reg M-A\n|rated|\n|rule|Species Clause: Limit one of each Pok\u00e9mon\n|rule|Item Clause: Limit 1 of each item\n|clearpoke\n|poke|p1|Charizard, L50, F|\n|poke|p1|Venusaur, L50, M|\n|poke|p1|Garchomp, L50, F|\n|poke|p1|Sneasler, L50, F|\n|poke|p1|Rotom-Wash, L50|\n|poke|p1|Incineroar, L50, M|\n|poke|p2|Drampa, L50, M|\n|poke|p2|Sinistcha-Masterpiece, L50|\n|poke|p2|Politoed, L50, M|\n|poke|p2|Blastoise, L50, F|\n|poke|p2|Meowstic, L50, M|\n|poke|p2|Aggron, L50, F|\n|teampreview|4\n|\n|t:|1776096081\n|teamsize|p1|4\n|teamsize|p2|4\n|start\n|switch|p1a: Venusaur|Venusaur, L50, M|100/100\n|switch|p1b: Charizard|Charizard, L50, F|100/100\n|switch|p2a: Drampa|Drampa, L50, M, shiny|100/100\n|switch|p2b: Meowstic|Meowstic, L50, M, shiny|100/100\n|turn|1\n|\n|t:|1776096093\n|detailschange|p1b: Charizard|Charizard-Mega-Y, L50, F\n|-mega|p1b: Charizard|Charizard|Charizardite Y\n|-weather|SunnyDay|[from] ability: Drought|[of] p1b: Charizard\n|detailschange|p2a: Drampa|Drampa-Mega, L50, M, shiny\n|-mega|p2a: Drampa|Drampa|Drampanite\n|move|p1b: Charizard|Protect|p1b: Charizard\n|-singleturn|p1b: Charizard|Protect\n|move|p2b: Meowstic|Rain Dance|p2b: Meowstic\n|-weather|RainDance\n|move|p1a: Venusaur|Sleep Powder|p2a: Drampa\n|-status|p2a: Drampa|slp|[from] move: Sleep Powder\n|cant|p2a: Drampa|slp\n|\n|-weather|RainDance|[upkeep]\n|upkeep\n|turn|2\n|\n|t:|1776096114\n|switch|p1b: Sneasler|Sneasler, L50, F|100/100\n|move|p1a: Venusaur|Sleep Powder|p2b: Meowstic\n|-status|p2b: Meowstic|slp|[from] move: Sleep Powder\n|cant|p2a: Drampa|slp\n|cant|p2b: Meowstic|slp\n|\n|-weather|RainDance|[upkeep]\n|upkeep\n|turn|3\n|\n|t:|1776096123\n|move|p1b: Sneasler|Close Combat|p2a: Drampa\n|-supereffective|p2a: Drampa|1\n|-damage|p2a: Drampa|0 fnt\n|-unboost|p1b: Sneasler|def|1\n|-unboost|p1b: Sneasler|spd|1\n|faint|p2a: Drampa\n|-enditem|p1b: Sneasler|White Herb\n|-clearnegativeboost|p1b: Sneasler|[silent]\n|move|p1a: Venusaur|Sludge Bomb|p2b: Meowstic\n|-damage|p2b: Meowstic|52/100 slp\n|cant|p2b: Meowstic|slp\n|\n|-weather|RainDance|[upkeep]\n|upkeep\n|\n|t:|1776096126\n|switch|p2a: Blastoise|Blastoise, L50, F|100/100\n|turn|4\n|\n|t:|1776096135\n|move|p2a: Blastoise|Fake Out|p1a: Venusaur\n|-damage|p1a: Venusaur|89/100\n|move|p1b: Sneasler|Dire Claw|p2b: Meowstic\n|-damage|p2b: Meowstic|15/100 slp\n|cant|p1a: Venusaur|flinch\n|-curestatus|p2b: Meowstic|slp|[msg]\n|move|p2b: Meowstic|Trick Room|p2b: Meowstic\n|-fieldstart|move: Trick Room|[of] p2b: Meowstic\n|\n|-weather|RainDance|[upkeep]\n|upkeep\n|turn|5\n|\n|t:|1776096147\n|switch|p1b: Rotom|Rotom-Wash, L50|100/100\n|move|p2a: Blastoise|Water Spout|p1a: Venusaur|[spread] p1a,p1b\n|-resisted|p1a: Venusaur|1\n|-resisted|p1b: Rotom|1\n|-damage|p1a: Venusaur|39/100\n|-damage|p1b: Rotom|53/100\n|move|p2b: Meowstic|Psychic|p1a: Venusaur\n|-supereffective|p1a: Venusaur|1\n|-damage|p1a: Venusaur|0 fnt\n|faint|p1a: Venusaur\n|\n|-weather|none\n|-heal|p1b: Rotom|59/100|[from] item: Leftovers\n|upkeep\n|\n|t:|1776096158\n|switch|p1a: Sneasler|Sneasler, L50, F|100/100\n|turn|6\n|\n|t:|1776096162\n|move|p1a: Sneasler|Fake Out|p2b: Meowstic\n|-damage|p2b: Meowstic|2/100\n|move|p2a: Blastoise|Water Spout|p1a: Sneasler|[spread] p1a,p1b\n|-resisted|p1b: Rotom|1\n|-damage|p1a: Sneasler|16/100\n|-damage|p1b: Rotom|29/100\n|cant|p2b: Meowstic|flinch\n|move|p1b: Rotom|Thunderbolt|p2a: Blastoise\n|-supereffective|p2a: Blastoise|1\n|-damage|p2a: Blastoise|34/100\n|\n|-heal|p1b: Rotom|34/100|[from] item: Leftovers\n|upkeep\n|turn|7\n|\n|t:|1776096182\n|switch|p1a: Charizard|Charizard-Mega-Y, L50, F|100/100\n|-weather|SunnyDay|[from] ability: Drought|[of] p1a: Charizard\n|move|p1b: Rotom|Protect|p1b: Rotom\n|-singleturn|p1b: Rotom|Protect\n|move|p2a: Blastoise|Flash Cannon|p1b: Rotom\n|-activate|p1b: Rotom|move: Protect\n|move|p2b: Meowstic|Psychic|p1a: Charizard\n|-damage|p1a: Charizard|73/100\n|\n|-weather|SunnyDay|[upkeep]\n|-heal|p1b: Rotom|40/100|[from] item: Leftovers\n|upkeep\n|turn|8\n|\n|t:|1776096203\n|switch|p1b: Sneasler|Sneasler, L50, F|16/100\n|move|p1a: Charizard|Protect|p1a: Charizard\n|-singleturn|p1a: Charizard|Protect\n|move|p2b: Meowstic|Rain Dance|p2b: Meowstic\n|-weather|RainDance\n|move|p2a: Blastoise|Water Spout|p1a: Charizard|[spread] p1b\n|-activate|p1a: Charizard|move: Protect\n|-damage|p1b: Sneasler|0 fnt\n|faint|p1b: Sneasler\n|\n|-weather|RainDance|[upkeep]\n|-heal|p2a: Blastoise|40/100|[from] ability: Rain Dish\n|-fieldend|move: Trick Room\n|upkeep\n|\n|t:|1776096211\n|switch|p1b: Rotom|Rotom-Wash, L50|40/100\n|turn|9\n|\n|t:|1776096236\n|move|p1a: Charizard|Heat Wave|p2a: Blastoise|[spread] p2a,p2b\n|-resisted|p2a: Blastoise|1\n|-damage|p2a: Blastoise|31/100\n|-damage|p2b: Meowstic|0 fnt\n|faint|p2b: Meowstic\n|move|p1b: Rotom|Thunderbolt|p2a: Blastoise\n|-supereffective|p2a: Blastoise|1\n|-damage|p2a: Blastoise|0 fnt\n|faint|p2a: Blastoise\n|\n|-weather|RainDance|[upkeep]\n|-heal|p1b: Rotom|46/100|[from] item: Leftovers\n|upkeep\n|\n|t:|1776096239\n|switch|p2a: Politoed|Politoed, L50, M, shiny|100/100\n|turn|10\n|\n|t:|1776096248\n|move|p1a: Charizard|Protect|p1a: Charizard\n|-singleturn|p1a: Charizard|Protect\n|move|p1b: Rotom|Thunderbolt|p2a: Politoed\n|-supereffective|p2a: Politoed|1\n|-enditem|p2a: Politoed|Wacan Berry|[eat]\n|-enditem|p2a: Politoed|Wacan Berry|[weaken]\n|-damage|p2a: Politoed|75/100\n|move|p2a: Politoed|Weather Ball|p1a: Charizard\n|-activate|p1a: Charizard|move: Protect\n|\n|-weather|RainDance|[upkeep]\n|-heal|p1b: Rotom|51/100|[from] item: Leftovers\n|upkeep\n|turn|11\n|\n|t:|1776096258\n|move|p1a: Charizard|Solar Beam||[still]\n|-prepare|p1a: Charizard|Solar Beam\n|move|p1b: Rotom|Thunderbolt|p2a: Politoed\n|-supereffective|p2a: Politoed|1\n|-damage|p2a: Politoed|22/100\n|move|p2a: Politoed|Weather Ball|p1a: Charizard\n|-supereffective|p1a: Charizard|1\n|-damage|p1a: Charizard|0 fnt\n|faint|p1a: Charizard\n|\n|-weather|RainDance|[upkeep]\n|-heal|p1b: Rotom|57/100|[from] item: Leftovers\n|upkeep\n|turn|12\n|\n|t:|1776096264\n|move|p1b: Rotom|Thunderbolt|p2a: Politoed\n|-supereffective|p2a: Politoed|1\n|-damage|p2a: Politoed|0 fnt\n|faint|p2a: Politoed\n|\n|win|Energoblock4th\n|raw|Energoblock4th's rating: 1205 &rarr; <strong>1224</strong><br />(+19 for winning)\n|raw|Offline_7482737's rating: 1124 &rarr; <strong>1105</strong><br />(-19 for losing)\n",
  "uploadtime": 1776096269,
  "views": 17,
  "formatid": "gen9championsvgc2026regma",
  "rating": 1105,
  "private": 0,
  "password": null
}