{
  "id": "gen9championsvgc2026regma-2585124002",
  "format": "[Gen 9 Champions] VGC 2026 Reg M-A",
  "players": [
    "Mentalsyndrome",
    "DanielleDoll"
  ],
  "log": "|j|\u2606Mentalsyndrome\n|j|\u2606DanielleDoll\n|t:|1776314575\n|gametype|doubles\n|player|p1|Mentalsyndrome|101|1171\n|player|p2|DanielleDoll|twins-gen4dp|1085\n|gen|9\n|tier|[Gen 9 Champions] VGC 2026 Reg M-A\n|rated|\n|rule|Species Clause: Limit one of each Pok\u00e9mon\n|rule|Item Clause: Limit 1 of each item\n|clearpoke\n|poke|p1|Maushold, L50|\n|poke|p1|Farigiraf, L50, F|\n|poke|p1|Hydrapple, L50, M|\n|poke|p1|Crabominable, L50, F|\n|poke|p1|Hatterene, L50, F|\n|poke|p1|Lucario, L50, M|\n|poke|p2|Salazzle, L50, F|\n|poke|p2|Florges-White, L50, F|\n|poke|p2|Aggron, L50, F|\n|poke|p2|Ditto, L50|\n|poke|p2|Empoleon, L50, F|\n|poke|p2|Pidgeot, L50, F|\n|teampreview|4\n|inactive|Battle timer is ON: inactive players will automatically lose when time's up. (requested by Mentalsyndrome)\n|inactive|Mentalsyndrome has 60 seconds left.\n|inactive|Mentalsyndrome has 30 seconds left.\n|inactive|Mentalsyndrome has 20 seconds left.\n|inactive|Mentalsyndrome has 15 seconds left.\n|\n|t:|1776314653\n|teamsize|p1|4\n|teamsize|p2|4\n|start\n|switch|p1a: Maushold|Maushold, L50|100/100\n|switch|p1b: Farigiraf|Farigiraf, L50, F|100/100\n|switch|p2a: Aggron|Aggron, L50, F|100/100\n|switch|p2b: Ditto|Ditto, L50, shiny|100/100\n|-transform|p2b: Ditto|p1a: Maushold|[from] ability: Imposter\n|turn|1\n|\n|t:|1776314675\n|switch|p1b: Lucario|Lucario, L50, M|100/100\n|detailschange|p2a: Aggron|Aggron-Mega, L50, F\n|-mega|p2a: Aggron|Aggron|Aggronite\n|move|p2b: Ditto|Follow Me|p2b: Ditto\n|-singleturn|p2b: Ditto|move: Follow Me\n|move|p1a: Maushold|Population Bomb|p2b: Ditto\n|-damage|p2b: Ditto|81/100\n|-damage|p2b: Ditto|64/100\n|-damage|p2b: Ditto|44/100\n|-damage|p2b: Ditto|26/100\n|-hitcount|p2b: Ditto|4\n|move|p2a: Aggron|Iron Defense|p2a: Aggron\n|-boost|p2a: Aggron|def|2\n|\n|upkeep\n|turn|2\n|\n|t:|1776314695\n|move|p1a: Maushold|Population Bomb|p2b: Ditto\n|-damage|p2b: Ditto|8/100\n|-damage|p2b: Ditto|0 fnt\n|faint|p2b: Ditto\n|-hitcount|p2: Ditto|2\n|move|p1b: Lucario|Final Gambit|p2a: Aggron\n|-damage|p2a: Aggron|12/100\n|faint|p1b: Lucario\n|move|p2a: Aggron|Iron Defense|p2a: Aggron\n|-boost|p2a: Aggron|def|2\n|\n|upkeep\n|\n|t:|1776314707\n|switch|p1b: Farigiraf|Farigiraf, L50, F|100/100\n|switch|p2b: Florges|Florges-White, L50, F|100/100\n|turn|3\n|\n|t:|1776314714\n|move|p2a: Aggron|Protect|p2a: Aggron\n|-singleturn|p2a: Aggron|Protect\n|move|p1a: Maushold|Population Bomb|p2b: Florges\n|-damage|p2b: Florges|81/100\n|-damage|p2b: Florges|61/100\n|-damage|p2b: Florges|41/100\n|-damage|p2b: Florges|21/100\n|-damage|p2b: Florges|3/100\n|-damage|p2b: Florges|0 fnt\n|faint|p2b: Florges\n|-hitcount|p2: Florges|6\n|move|p1b: Farigiraf|Psychic|p2a: Aggron\n|-activate|p2a: Aggron|move: Protect\n|\n|upkeep\n|\n|t:|1776314728\n|switch|p2b: Empoleon|Empoleon, L50, F|100/100\n|turn|4\n|\n|t:|1776314736\n|move|p1a: Maushold|Population Bomb|p2b: Empoleon\n|-resisted|p2b: Empoleon|1\n|-damage|p2b: Empoleon|94/100\n|-resisted|p2b: Empoleon|1\n|-damage|p2b: Empoleon|89/100\n|-resisted|p2b: Empoleon|1\n|-damage|p2b: Empoleon|83/100\n|-resisted|p2b: Empoleon|1\n|-damage|p2b: Empoleon|77/100\n|-resisted|p2b: Empoleon|1\n|-damage|p2b: Empoleon|71/100\n|-resisted|p2b: Empoleon|1\n|-damage|p2b: Empoleon|65/100\n|-resisted|p2b: Empoleon|1\n|-damage|p2b: Empoleon|58/100\n|-hitcount|p2b: Empoleon|7\n|move|p2b: Empoleon|Earthquake|p1b: Farigiraf|[spread] p2a,p1a,p1b\n|-supereffective|p2a: Aggron|1\n|-damage|p2a: Aggron|7/100\n|-damage|p1a: Maushold|66/100\n|-damage|p1b: Farigiraf|83/100\n|move|p1b: Farigiraf|Psychic|p2a: Aggron\n|-resisted|p2a: Aggron|1\n|-damage|p2a: Aggron|0 fnt\n|faint|p2a: Aggron\n|\n|upkeep\n|turn|5\n|\n|t:|1776314740\n|move|p1b: Farigiraf|Helping Hand|p1a: Maushold\n|-singleturn|p1a: Maushold|Helping Hand|[of] p1b: Farigiraf\n|move|p1a: Maushold|Population Bomb|p2b: Empoleon\n|-resisted|p2b: Empoleon|1\n|-crit|p2b: Empoleon\n|-damage|p2b: Empoleon|45/100\n|-resisted|p2b: Empoleon|1\n|-damage|p2b: Empoleon|37/100\n|-resisted|p2b: Empoleon|1\n|-damage|p2b: Empoleon|28/100\n|-resisted|p2b: Empoleon|1\n|-damage|p2b: Empoleon|20/100\n|-resisted|p2b: Empoleon|1\n|-damage|p2b: Empoleon|11/100\n|-resisted|p2b: Empoleon|1\n|-damage|p2b: Empoleon|3/100\n|-resisted|p2b: Empoleon|1\n|-damage|p2b: Empoleon|0 fnt\n|faint|p2b: Empoleon\n|-hitcount|p2: Empoleon|7\n|\n|win|Mentalsyndrome\n|raw|Mentalsyndrome's rating: 1171 &rarr; <strong>1190</strong><br />(+19 for winning)\n|raw|DanielleDoll's rating: 1085 &rarr; <strong>1068</strong><br />(-17 for losing)\n|l|\u2606DanielleDoll\n|player|p2|\n",
  "uploadtime": 1776314749,
  "views": 20,
  "formatid": "gen9championsvgc2026regma",
  "rating": 1068,
  "private": 0,
  "password": null
}