{
  "id": "gen9championsvgc2026regma-2584971885",
  "format": "[Gen 9 Champions] VGC 2026 Reg M-A",
  "players": [
    "kuanyou",
    "islowerspeed"
  ],
  "log": "|j|\u2606kuanyou\n|j|\u2606islowerspeed\n|t:|1776299441\n|gametype|doubles\n|player|p1|kuanyou|102|1294\n|player|p2|islowerspeed|cynthia|1281\n|gen|9\n|tier|[Gen 9 Champions] VGC 2026 Reg M-A\n|rated|\n|rule|Species Clause: Limit one of each Pok\u00e9mon\n|rule|Item Clause: Limit 1 of each item\n|clearpoke\n|poke|p1|Scovillain, L50, F|\n|poke|p1|Sneasler, L50, M|\n|poke|p1|Primarina, L50, M|\n|poke|p1|Kingambit, L50, F|\n|poke|p1|Aerodactyl, L50, M|\n|poke|p1|Garchomp, L50, F|\n|poke|p2|Aggron, L50, F|\n|poke|p2|Incineroar, L50, F|\n|poke|p2|Pelipper, L50, M|\n|poke|p2|Sinistcha, L50|\n|poke|p2|Garchomp, L50, F|\n|poke|p2|Dragapult, L50, M|\n|teampreview|4\nkuanyou has agreed to open team sheets.\n|inactive|Battle timer is ON: inactive players will automatically lose when time's up. (requested by islowerspeed)\n|\n|t:|1776299541\n|teamsize|p1|4\n|teamsize|p2|4\n|start\n|switch|p1a: Scovillain|Scovillain, L50, F|100/100\n|switch|p1b: Primarina|Primarina, L50, M|100/100\n|switch|p2a: Dragapult|Dragapult, L50, M|100/100\n|switch|p2b: Wolfey|Incineroar, L50, F|100/100\n|-ability|p2b: Wolfey|Intimidate|boost\n|-unboost|p1a: Scovillain|atk|1\n|-unboost|p1b: Primarina|atk|1\n|turn|1\n|inactive|islowerspeed has 30 seconds left.\n|\n|t:|1776299573\n|move|p1a: Scovillain|Protect|p1a: Scovillain\n|-singleturn|p1a: Scovillain|Protect\n|move|p1b: Primarina|Protect|p1b: Primarina\n|-singleturn|p1b: Primarina|Protect\n|move|p2b: Wolfey|Fake Out|p1b: Primarina\n|-activate|p1b: Primarina|move: Protect\n|move|p2a: Dragapult|Thunderbolt|p1b: Primarina\n|-activate|p1b: Primarina|move: Protect\n|\n|-ability|p1a: Scovillain|Moody|boost\n|-boost|p1a: Scovillain|spe|2\n|-unboost|p1a: Scovillain|spd|1\n|upkeep\n|turn|2\n|\n|t:|1776299588\n|detailschange|p1a: Scovillain|Scovillain-Mega, L50, F\n|-mega|p1a: Scovillain|Scovillain|Scovillainite\n|move|p1a: Scovillain|Rage Powder|p1a: Scovillain\n|-singleturn|p1a: Scovillain|move: Rage Powder\n|move|p2a: Dragapult|Draco Meteor|p1a: Scovillain|[miss]\n|-miss|p2a: Dragapult|p1a: Scovillain\n|move|p1b: Primarina|Calm Mind|p1b: Primarina\n|-boost|p1b: Primarina|spa|1\n|-boost|p1b: Primarina|spd|1\n|move|p2b: Wolfey|Parting Shot|p1a: Scovillain\n|-unboost|p1a: Scovillain|atk|1\n|-unboost|p1a: Scovillain|spa|1\n|\n|t:|1776299597\n|switch|p2b: matcha thing|Sinistcha, L50|100/100|[from] Parting Shot\n|\n|upkeep\n|turn|3\n|\n|t:|1776299609\n|move|p1a: Scovillain|Rage Powder|p1a: Scovillain\n|-singleturn|p1a: Scovillain|move: Rage Powder\n|move|p2a: Dragapult|Draco Meteor|p1a: Scovillain\n|-damage|p1a: Scovillain|18/100\n|-unboost|p2a: Dragapult|spa|2\n|-status|p2a: Dragapult|brn|[from] ability: Spicy Spray|[of] p1a: Scovillain\n|-enditem|p2a: Dragapult|Lum Berry|[eat]\n|-curestatus|p2a: Dragapult|brn|[msg]\n|move|p1b: Primarina|Moonblast|p2a: Dragapult\n|-supereffective|p2a: Dragapult|1\n|-damage|p2a: Dragapult|0 fnt\n|faint|p2a: Dragapult\n|move|p2b: matcha thing|Matcha Gotcha|p1a: Scovillain|[spread] p1a,p1b\n|-resisted|p1a: Scovillain|2\n|-supereffective|p1b: Primarina|1\n|-damage|p1a: Scovillain|10/100\n|-damage|p1b: Primarina|72/100\n|-status|p1b: Primarina|brn\n|-status|p2b: matcha thing|brn|[from] ability: Spicy Spray|[of] p1a: Scovillain\n|\n|-heal|p1b: Primarina|78/100 brn|[from] item: Leftovers\n|-damage|p1b: Primarina|72/100 brn|[from] brn\n|-damage|p2b: matcha thing|94/100 brn|[from] brn\n|upkeep\n|\n|t:|1776299626\n|switch|p2a: Wolfey|Incineroar, L50, F|100/100\n|-ability|p2a: Wolfey|Intimidate|boost\n|-unboost|p1a: Scovillain|atk|1\n|-unboost|p1b: Primarina|atk|1\n|turn|4\n|\n|t:|1776299639\n|move|p1b: Primarina|Protect|p1b: Primarina\n|-singleturn|p1b: Primarina|Protect\n|move|p2a: Wolfey|Fake Out|p1b: Primarina\n|-activate|p1b: Primarina|move: Protect\n|move|p1a: Scovillain|Leech Seed|p2a: Wolfey\n|-start|p2a: Wolfey|move: Leech Seed\n|move|p2b: matcha thing|Matcha Gotcha|p1a: Scovillain|[spread] p1a\n|-activate|p1b: Primarina|move: Protect\n|-resisted|p1a: Scovillain|2\n|-crit|p1a: Scovillain\n|-damage|p1a: Scovillain|0 fnt\n|-heal|p2b: matcha thing|99/100 brn|[from] drain|[of] p1a: Scovillain\n|faint|p1a: Scovillain\n|\n|-heal|p1b: Primarina|78/100 brn|[from] item: Leftovers\n|-damage|p1b: Primarina|72/100 brn|[from] brn\n|-damage|p2b: matcha thing|93/100 brn|[from] brn\n|upkeep\n|\n|t:|1776299657\n|switch|p1a: Sneasler|Sneasler, L50, M|100/100\n|turn|5\n|\n|t:|1776299673\n|move|p1a: Sneasler|Fake Out|p2a: Wolfey\n|-damage|p2a: Wolfey|88/100\n|move|p1b: Primarina|Hyper Voice|p2a: Wolfey|[spread] p2a,p2b\n|-supereffective|p2a: Wolfey|1\n|-enditem|p2a: Wolfey|Passho Berry|[eat]\n|-enditem|p2a: Wolfey|Passho Berry|[weaken]\n|-resisted|p2b: matcha thing|1\n|-damage|p2a: Wolfey|51/100\n|-damage|p2b: matcha thing|64/100 brn\n|move|p2b: matcha thing|Matcha Gotcha|p1b: Primarina|[spread] p1a,p1b\n|-resisted|p1a: Sneasler|1\n|-supereffective|p1b: Primarina|1\n|-damage|p1a: Sneasler|86/100\n|-heal|p2b: matcha thing|71/100 brn|[from] drain|[of] p1a: Sneasler\n|-damage|p1b: Primarina|46/100 brn\n|-heal|p2b: matcha thing|85/100 brn|[from] drain|[of] p1b: Primarina\n|cant|p2a: Wolfey|flinch\n|\n|-heal|p1b: Primarina|52/100 brn|[from] item: Leftovers\n|-damage|p2a: Wolfey|39/100|[from] Leech Seed|[of] p1a: Sneasler\n|-heal|p1a: Sneasler|99/100|[silent]\n|-damage|p1b: Primarina|46/100 brn|[from] brn\n|-damage|p2b: matcha thing|79/100 brn|[from] brn\n|upkeep\n|turn|6\n|\n|t:|1776299694\n|move|p1a: Sneasler|Close Combat|p2a: Wolfey\n|-supereffective|p2a: Wolfey|1\n|-damage|p2a: Wolfey|0 fnt\n|-unboost|p1a: Sneasler|def|1\n|-unboost|p1a: Sneasler|spd|1\n|faint|p2a: Wolfey\n|-enditem|p1a: Sneasler|White Herb\n|-clearnegativeboost|p1a: Sneasler|[silent]\n|move|p1b: Primarina|Moonblast|p2b: matcha thing\n|-crit|p2b: matcha thing\n|-damage|p2b: matcha thing|0 fnt\n|faint|p2b: matcha thing\n|\n|-heal|p1b: Primarina|52/100 brn|[from] item: Leftovers\n|-damage|p1b: Primarina|46/100 brn|[from] brn\n|upkeep\n|\n|t:|1776299697\n|switch|p2b: Thicc boi|Aggron, L50, F|100/100\n|turn|7\n|\n|t:|1776299714\n|detailschange|p2b: Thicc boi|Aggron-Mega, L50, F\n|-mega|p2b: Thicc boi|Aggron|Aggronite\n|move|p1a: Sneasler|Close Combat|p2b: Thicc boi\n|-supereffective|p2b: Thicc boi|1\n|-damage|p2b: Thicc boi|57/100\n|-unboost|p1a: Sneasler|def|1\n|-unboost|p1a: Sneasler|spd|1\n|move|p1b: Primarina|Hyper Voice|p2b: Thicc boi\n|-damage|p2b: Thicc boi|0 fnt\n|faint|p2b: Thicc boi\n|\n|win|kuanyou\n|raw|kuanyou's rating: 1294 &rarr; <strong>1318</strong><br />(+24 for winning)\n|raw|islowerspeed's rating: 1281 &rarr; <strong>1257</strong><br />(-24 for losing)\n",
  "uploadtime": 1776299714,
  "views": 27,
  "formatid": "gen9championsvgc2026regma",
  "rating": 1257,
  "private": 0,
  "password": null
}