{
  "id": "gen9championsvgc2026regma-2588060698",
  "format": "[Gen 9 Champions] VGC 2026 Reg M-A",
  "players": [
    "NYRR_VGC",
    "DreadlySinister"
  ],
  "log": "|j|\u2606NYRR_VGC\n|j|\u2606DreadlySinister\n|t:|1776599509\n|gametype|doubles\n|player|p1|NYRR_VGC|169|1146\n|player|p2|DreadlySinister|265|1222\n|gen|9\n|tier|[Gen 9 Champions] VGC 2026 Reg M-A\n|rated|\n|rule|Species Clause: Limit one of each Pok\u00e9mon\n|rule|Item Clause: Limit 1 of each item\n|clearpoke\n|poke|p1|Politoed, L50, F|\n|poke|p1|Kingambit, L50, F|\n|poke|p1|Scovillain, L50, F|\n|poke|p1|Sneasler, L50, M|\n|poke|p1|Incineroar, L50, M|\n|poke|p1|Gengar, L50, F|\n|poke|p2|Gallade, L50, M|\n|poke|p2|Kommo-o, L50, F|\n|poke|p2|Talonflame, L50, M|\n|poke|p2|Zoroark-Hisui, L50, F|\n|poke|p2|Lopunny, L50, M|\n|poke|p2|Milotic, L50, M|\n|teampreview|4\n|\n|t:|1776599561\n|teamsize|p1|4\n|teamsize|p2|4\n|start\n|switch|p1a: Politoed|Politoed, L50, F|100/100\n|switch|p1b: Incineroar|Incineroar, L50, M|100/100\n|switch|p2a: Talonflame|Talonflame, L50, M|100/100\n|switch|p2b: Milotic|Milotic, L50, M|100/100\n|-ability|p1b: Incineroar|Intimidate|boost\n|-unboost|p2a: Talonflame|atk|1\n|-unboost|p2b: Milotic|atk|1\n|-ability|p2b: Milotic|Competitive|boost\n|-boost|p2b: Milotic|spa|2\n|-weather|RainDance|[from] ability: Drizzle|[of] p1a: Politoed\n|turn|1\n|\n|t:|1776599580\n|move|p2b: Milotic|Protect|p2b: Milotic\n|-singleturn|p2b: Milotic|Protect\n|move|p1b: Incineroar|Fake Out|p2b: Milotic\n|-activate|p2b: Milotic|move: Protect\n|move|p2a: Talonflame|Tailwind|p2a: Talonflame\n|-sidestart|p2: DreadlySinister|move: Tailwind\n|move|p1a: Politoed|Perish Song|p1a: Politoed\n|-start|p1a: Politoed|perish3|[silent]\n|-start|p1b: Incineroar|perish3|[silent]\n|-start|p2a: Talonflame|perish3|[silent]\n|-start|p2b: Milotic|perish3|[silent]\n|-fieldactivate|move: Perish Song\n|\n|-weather|RainDance|[upkeep]\n|-start|p2a: Talonflame|perish3\n|-start|p2b: Milotic|perish3\n|-start|p1b: Incineroar|perish3\n|-start|p1a: Politoed|perish3\n|upkeep\n|turn|2\n|\n|t:|1776599612\n|switch|p2a: Kommo-o|Kommo-o, L50, F|100/100\n|switch|p1a: Gengar|Gengar, L50, F|100/100\n|move|p1b: Incineroar|Protect|p1b: Incineroar\n|-singleturn|p1b: Incineroar|Protect\n|move|p2b: Milotic|Scald|p1b: Incineroar\n|-activate|p1b: Incineroar|move: Protect\n|\n|-weather|RainDance|[upkeep]\n|-start|p2b: Milotic|perish2\n|-start|p1b: Incineroar|perish2\n|upkeep\n|turn|3\n|\n|t:|1776599666\n|switch|p2b: Lopunny|Lopunny, L50, M|100/100\n|detailschange|p1a: Gengar|Gengar-Mega, L50, F\n|-mega|p1a: Gengar|Gengar|Gengarite\n|move|p1a: Gengar|Protect|p1a: Gengar\n|-singleturn|p1a: Gengar|Protect\n|move|p2a: Kommo-o|Clanging Scales|p1a: Gengar|[spread] p1b\n|-activate|p1a: Gengar|move: Protect\n|-damage|p1b: Incineroar|68/100\n|-unboost|p2a: Kommo-o|def|1\n|move|p1b: Incineroar|Parting Shot|p2b: Lopunny\n|-unboost|p2b: Lopunny|atk|1\n|-unboost|p2b: Lopunny|spa|1\n|\n|t:|1776599680\n|switch|p1b: Sneasler|Sneasler, L50, M|100/100|[from] Parting Shot\n|\n|-weather|RainDance|[upkeep]\n|upkeep\n|turn|4\n|\n|t:|1776599698\n|detailschange|p2b: Lopunny|Lopunny-Mega, L50, M\n|-mega|p2b: Lopunny|Lopunny|Lopunnite\n|move|p2b: Lopunny|Fake Out|p1b: Sneasler\n|-damage|p1b: Sneasler|75/100\n|cant|p1b: Sneasler|flinch\n|move|p2a: Kommo-o|Clanging Scales|p1a: Gengar|[spread] p1a,p1b\n|-damage|p1a: Gengar|51/100\n|-damage|p1b: Sneasler|20/100\n|-unboost|p2a: Kommo-o|def|1\n|move|p1a: Gengar|Perish Song|p1a: Gengar\n|-start|p1a: Gengar|perish3|[silent]\n|-start|p1b: Sneasler|perish3|[silent]\n|-immune|p2a: Kommo-o|[from] ability: Soundproof\n|-start|p2b: Lopunny|perish3|[silent]\n|-fieldactivate|move: Perish Song\n|\n|-weather|RainDance|[upkeep]\n|-start|p2b: Lopunny|perish3\n|-start|p1a: Gengar|perish3\n|-start|p1b: Sneasler|perish3\n|-sideend|p2: DreadlySinister|move: Tailwind\n|upkeep\n|turn|5\n|\n|t:|1776599723\n|switch|p1b: Incineroar|Incineroar, L50, M|68/100\n|-ability|p1b: Incineroar|Intimidate|boost\n|-unboost|p2a: Kommo-o|atk|1\n|-fail|p2b: Lopunny|unboost|Attack|[from] ability: Scrappy|[of] p2b: Lopunny\n|move|p1a: Gengar|Protect|p1a: Gengar\n|-singleturn|p1a: Gengar|Protect\n|move|p2b: Lopunny|Close Combat|p1b: Incineroar\n|-supereffective|p1b: Incineroar|1\n|-damage|p1b: Incineroar|0 fnt\n|-unboost|p2b: Lopunny|def|1\n|-unboost|p2b: Lopunny|spd|1\n|faint|p1b: Incineroar\n|move|p2a: Kommo-o|Clanging Scales|p1a: Gengar\n|-activate|p1a: Gengar|move: Protect\n|\n|-weather|none\n|-start|p2b: Lopunny|perish2\n|-start|p1a: Gengar|perish2\n|upkeep\n|\n|t:|1776599738\n|switch|p1b: Politoed|Politoed, L50, F|100/100\n|-weather|RainDance|[from] ability: Drizzle|[of] p1b: Politoed\n|turn|6\n|-message|NYRR_VGC forfeited.\n|\n|win|DreadlySinister\n|raw|NYRR_VGC's rating: 1146 &rarr; <strong>1126</strong><br />(-20 for losing)\n|raw|DreadlySinister's rating: 1222 &rarr; <strong>1242</strong><br />(+20 for winning)\n|l|\u2606NYRR_VGC\n|player|p1|\n",
  "uploadtime": 1776599856,
  "views": 15,
  "formatid": "gen9championsvgc2026regma",
  "rating": 1126,
  "private": 0,
  "password": null
}