{
  "id": "gen9championsvgc2026regma-2584417002",
  "format": "[Gen 9 Champions] VGC 2026 Reg M-A",
  "players": [
    "marwandk",
    "Humanesss"
  ],
  "log": "|j|\u203dmarwandk\n|j|\u2606Humanesss\n|t:|1776259370\n|gametype|doubles\n|player|p1|marwandk|2|1127\n|player|p2|Humanesss|wattson|1186\n|gen|9\n|tier|[Gen 9 Champions] VGC 2026 Reg M-A\n|rated|\n|rule|Species Clause: Limit one of each Pok\u00e9mon\n|rule|Item Clause: Limit 1 of each item\n|clearpoke\n|poke|p1|Tauros, L50, M|\n|poke|p1|Jolteon, L50, M|\n|poke|p1|Dragonite, L50, F|\n|poke|p1|Starmie, L50|\n|poke|p1|Kangaskhan, L50, F|\n|poke|p1|Aerodactyl, L50, M|\n|poke|p2|Charizard, L50, M|\n|poke|p2|Maushold-Four, L50|\n|poke|p2|Sneasler, L50, F|\n|poke|p2|Dragapult, L50, M|\n|poke|p2|Kingambit, L50, M|\n|poke|p2|Garchomp, L50, M|\n|teampreview|4\nmarwandk has agreed to open team sheets.\n|inactive|Battle timer is ON: inactive players will automatically lose when time's up. (requested by marwandk)\n|\n|t:|1776259413\n|teamsize|p1|4\n|teamsize|p2|4\n|start\n|switch|p1a: Jolteon|Jolteon, L50, M|100/100\n|switch|p1b: Kangaskhan|Kangaskhan, L50, F|100/100\n|switch|p2a: Kingambit|Kingambit, L50, M|100/100\n|switch|p2b: Charizard|Charizard, L50, M, shiny|100/100\n|turn|1\n|\n|t:|1776259433\n|detailschange|p2b: Charizard|Charizard-Mega-Y, L50, M, shiny\n|-mega|p2b: Charizard|Charizard|Charizardite Y\n|-weather|SunnyDay|[from] ability: Drought|[of] p2b: Charizard\n|detailschange|p1b: Kangaskhan|Kangaskhan-Mega, L50, F\n|-mega|p1b: Kangaskhan|Kangaskhan|Kangaskhanite\n|move|p2b: Charizard|Protect|p2b: Charizard\n|-singleturn|p2b: Charizard|Protect\n|move|p1a: Jolteon|Thunderbolt|p2b: Charizard\n|-activate|p2b: Charizard|move: Protect\n|move|p1b: Kangaskhan|Drain Punch|p2a: Kingambit\n|-supereffective|p2a: Kingambit|2\n|-damage|p2a: Kingambit|12/100\n|-supereffective|p2a: Kingambit|2\n|-crit|p2a: Kingambit\n|-damage|p2a: Kingambit|0 fnt\n|faint|p2a: Kingambit\n|-hitcount|p2: Kingambit|2\n|\n|-weather|SunnyDay|[upkeep]\n|upkeep\n|\n|t:|1776259452\n|switch|p2a: Sneasler|Sneasler, L50, F, shiny|100/100\n|turn|2\n|\n|t:|1776259471\n|switch|p1b: Dragonite|Dragonite, L50, F|100/100\n|move|p1a: Jolteon|Protect|p1a: Jolteon\n|-singleturn|p1a: Jolteon|Protect\n|move|p2a: Sneasler|Feint|p1b: Dragonite\n|-damage|p1b: Dragonite|90/100\n|move|p2b: Charizard|Heat Wave|p1a: Jolteon|[spread] p1b\n|-activate|p1a: Jolteon|move: Protect\n|-resisted|p1b: Dragonite|1\n|-damage|p1b: Dragonite|62/100\n|\n|-weather|SunnyDay|[upkeep]\n|-heal|p1b: Dragonite|68/100|[from] item: Leftovers\n|upkeep\n|turn|3\n|inactive|Humanesss has 30 seconds left.\n|\n|t:|1776259498\n|move|p2b: Charizard|Protect|p2b: Charizard\n|-singleturn|p2b: Charizard|Protect\n|move|p1a: Jolteon|Thunderbolt|p2b: Charizard\n|-activate|p2b: Charizard|move: Protect\n|move|p2a: Sneasler|Dire Claw|p1b: Dragonite\n|-damage|p1b: Dragonite|27/100\n|-status|p1b: Dragonite|par\n|move|p1b: Dragonite|Dragon Claw|p2a: Sneasler\n|-damage|p2a: Sneasler|29/100\n|\n|-weather|SunnyDay|[upkeep]\n|-heal|p1b: Dragonite|33/100 par|[from] item: Leftovers\n|upkeep\n|turn|4\n|\n|t:|1776259517\n|switch|p2b: Garchomp|Garchomp, L50, M, shiny|100/100\n|move|p1b: Dragonite|Extreme Speed|p2b: Garchomp\n|-damage|p2b: Garchomp|71/100\n|-damage|p1b: Dragonite|21/100 par|[from] ability: Rough Skin|[of] p2b: Garchomp\n|move|p1a: Jolteon|Electroweb|p2a: Sneasler|[spread] p2a\n|-immune|p2b: Garchomp\n|-damage|p2a: Sneasler|0 fnt\n|faint|p2a: Sneasler\n|\n|-weather|SunnyDay|[upkeep]\n|-heal|p1b: Dragonite|27/100 par|[from] item: Leftovers\n|upkeep\n|\n|t:|1776259529\n|switch|p2a: Charizard|Charizard-Mega-Y, L50, M, shiny|100/100\n|turn|5\n|\n|t:|1776259556\n|move|p1a: Jolteon|Protect|p1a: Jolteon\n|-singleturn|p1a: Jolteon|Protect\n|move|p2a: Charizard|Protect|p2a: Charizard\n|-singleturn|p2a: Charizard|Protect\n|move|p1b: Dragonite|Extreme Speed|p2b: Garchomp\n|-damage|p2b: Garchomp|42/100\n|-damage|p1b: Dragonite|15/100 par|[from] ability: Rough Skin|[of] p2b: Garchomp\n|move|p2b: Garchomp|Rock Slide|p1a: Jolteon|[spread] p1b\n|-activate|p1a: Jolteon|move: Protect\n|-supereffective|p1b: Dragonite|1\n|-damage|p1b: Dragonite|0 fnt\n|faint|p1b: Dragonite\n|\n|-weather|none\n|upkeep\n|\n|t:|1776259573\n|switch|p1b: Kangaskhan|Kangaskhan-Mega, L50, F|100/100\n|turn|6\n|\n|t:|1776259577\n|move|p2b: Garchomp|Rock Slide|p1a: Jolteon|[spread] p1a,p1b\n|-crit|p1b: Kangaskhan\n|-damage|p1a: Jolteon|65/100\n|-damage|p1b: Kangaskhan|74/100\n|move|p1a: Jolteon|Thunderbolt|p2a: Charizard\n|-supereffective|p2a: Charizard|1\n|-damage|p2a: Charizard|21/100\n|move|p2a: Charizard|Heat Wave|p1a: Jolteon|[spread] p1a,p1b\n|-damage|p1a: Jolteon|5/100\n|-damage|p1b: Kangaskhan|41/100\n|move|p1b: Kangaskhan|Ice Punch|p2b: Garchomp\n|-supereffective|p2b: Garchomp|2\n|-damage|p2b: Garchomp|0 fnt\n|-damage|p1b: Kangaskhan|29/100|[from] ability: Rough Skin|[of] p2b: Garchomp\n|faint|p2b: Garchomp\n|-hitcount|p2: Garchomp|1\n|\n|upkeep\n|turn|7\n|\n|t:|1776259595\n|move|p1a: Jolteon|Electroweb|p2a: Charizard\n|-supereffective|p2a: Charizard|1\n|-damage|p2a: Charizard|0 fnt\n|faint|p2a: Charizard\n|\n|win|marwandk\n|raw|marwandk's rating: 1127 &rarr; <strong>1156</strong><br />(+29 for winning)\n|raw|Humanesss's rating: 1186 &rarr; <strong>1157</strong><br />(-29 for losing)\n|l|\u2606Humanesss\n|player|p2|\n",
  "uploadtime": 1776259614,
  "views": 27,
  "formatid": "gen9championsvgc2026regma",
  "rating": 1156,
  "private": 0,
  "password": null
}