{
  "id": "gen9championsvgc2026regma-2586520249",
  "format": "[Gen 9 Champions] VGC 2026 Reg M-A",
  "players": [
    "Dinz77",
    "MadDeSaBlEd"
  ],
  "log": "|j|\u2606Dinz77\n|j|\u2606MadDeSaBlEd\n|t:|1776440281\n|gametype|doubles\n|player|p1|Dinz77|2|1220\n|player|p2|MadDeSaBlEd|2|1264\n|gen|9\n|tier|[Gen 9 Champions] VGC 2026 Reg M-A\n|rated|\n|rule|Species Clause: Limit one of each Pok\u00e9mon\n|rule|Item Clause: Limit 1 of each item\n|clearpoke\n|poke|p1|Heracross, L50, M|\n|poke|p1|Whimsicott, L50, F|\n|poke|p1|Politoed, L50, M|\n|poke|p1|Basculegion, L50, M|\n|poke|p1|Incineroar, L50, F|\n|poke|p1|Archaludon, L50, M|\n|poke|p2|Arcanine-Hisui, L50, M|\n|poke|p2|Scizor, L50, M|\n|poke|p2|Meganium, L50, M|\n|poke|p2|Whimsicott, L50, F|\n|poke|p2|Milotic, L50, F|\n|poke|p2|Sneasler, L50, M|\n|teampreview|4\n|inactive|Battle timer is ON: inactive players will automatically lose when time's up. (requested by MadDeSaBlEd)\nDinz77 has agreed to open team sheets.\n|inactive|Dinz77 has 60 seconds left.\n|inactive|MadDeSaBlEd has 60 seconds left.\n|\n|t:|1776440345\n|teamsize|p1|4\n|teamsize|p2|4\n|start\n|switch|p1a: Whimsicott|Whimsicott, L50, F|100/100\n|switch|p1b: Heracross|Heracross, L50, M|100/100\n|switch|p2a: Whimsicott|Whimsicott, L50, F|100/100\n|switch|p2b: Milotic|Milotic, L50, F|100/100\n|turn|1\n|inactive|Dinz77 has 30 seconds left.\n|inactive|Dinz77 has 20 seconds left.\n|inactive|Dinz77 has 15 seconds left.\n|inactive|Dinz77 has 10 seconds left.\n|\n|t:|1776440398\n|switch|p2b: Arcanine|Arcanine-Hisui, L50, M|100/100\n|-ability|p2b: Arcanine|Intimidate|boost\n|-unboost|p1a: Whimsicott|atk|1\n|-unboost|p1b: Heracross|atk|1\n|detailschange|p1b: Heracross|Heracross-Mega, L50, M\n|-mega|p1b: Heracross|Heracross|Heracronite\n|move|p1a: Whimsicott|Tailwind|p1a: Whimsicott\n|-sidestart|p1: Dinz77|move: Tailwind\n|move|p2a: Whimsicott|Tailwind|p2a: Whimsicott\n|-sidestart|p2: MadDeSaBlEd|move: Tailwind\n|move|p1b: Heracross|Pin Missile|p2a: Whimsicott\n|-damage|p2a: Whimsicott|85/100\n|-damage|p2a: Whimsicott|71/100\n|-crit|p2a: Whimsicott\n|-damage|p2a: Whimsicott|37/100\n|-damage|p2a: Whimsicott|23/100\n|-damage|p2a: Whimsicott|8/100\n|-hitcount|p2a: Whimsicott|5\n|\n|upkeep\n|turn|2\n|inactive|Dinz77 has 30 seconds left.\n|inactive|MadDeSaBlEd has 30 seconds left.\n|inactive|Dinz77 has 20 seconds left.\n|inactive|MadDeSaBlEd has 20 seconds left.\n|inactive|Dinz77 has 15 seconds left.\n|\n|t:|1776440439\n|switch|p1a: Politoed|Politoed, L50, M|100/100\n|-weather|RainDance|[from] ability: Drizzle|[of] p1a: Politoed\n|move|p1b: Heracross|Detect|p1b: Heracross\n|-singleturn|p1b: Heracross|Protect\n|move|p2b: Arcanine|Rock Slide|p1a: Politoed|[spread] p1a\n|-activate|p1b: Heracross|move: Protect\n|-damage|p1a: Politoed|78/100\n|move|p2a: Whimsicott|Moonblast|p1b: Heracross\n|-activate|p1b: Heracross|move: Protect\n|\n|-weather|RainDance|[upkeep]\n|-heal|p1a: Politoed|84/100|[from] item: Leftovers\n|upkeep\n|turn|3\n|inactive|MadDeSaBlEd has 30 seconds left.\n|\n|t:|1776440472\n|switch|p2b: Meganium|Meganium, L50, M|100/100\n|switch|p1b: Archaludon|Archaludon, L50, M|100/100\n|move|p2a: Whimsicott|Encore||[still]\n|-fail|p2a: Whimsicott\n|move|p1a: Politoed|Icy Wind|p2a: Whimsicott|[spread] p2a,p2b\n|-supereffective|p2a: Whimsicott|1\n|-supereffective|p2b: Meganium|1\n|-damage|p2a: Whimsicott|0 fnt\n|-damage|p2b: Meganium|84/100\n|-unboost|p2b: Meganium|spe|1\n|faint|p2a: Whimsicott\n|\n|-weather|RainDance|[upkeep]\n|-heal|p1a: Politoed|90/100|[from] item: Leftovers\n|upkeep\n|\n|t:|1776440483\n|switch|p2a: Milotic|Milotic, L50, F|100/100\n|turn|4\n|inactive|Dinz77 has 30 seconds left.\n|inactive|MadDeSaBlEd has 30 seconds left.\n|\n|t:|1776440512\n|detailschange|p2b: Meganium|Meganium-Mega, L50, M\n|-mega|p2b: Meganium|Meganium|Meganiumite\n|move|p1a: Politoed|Helping Hand|p1b: Archaludon\n|-singleturn|p1b: Archaludon|Helping Hand|[of] p1a: Politoed\n|move|p1b: Archaludon|Electro Shot||[still]\n|-prepare|p1b: Archaludon|Electro Shot\n|-boost|p1b: Archaludon|spa|1\n|-anim|p1b: Archaludon|Electro Shot|p2a: Milotic\n|-supereffective|p2a: Milotic|1\n|-damage|p2a: Milotic|0 fnt\n|faint|p2a: Milotic\n|move|p2b: Meganium|Weather Ball|p1b: Archaludon\n|-damage|p1b: Archaludon|32/100\n|\n|-weather|RainDance|[upkeep]\n|-heal|p1a: Politoed|96/100|[from] item: Leftovers\n|-sideend|p2: MadDeSaBlEd|move: Tailwind\n|-sideend|p1: Dinz77|move: Tailwind\n|upkeep\n|\n|t:|1776440522\n|switch|p2a: Arcanine|Arcanine-Hisui, L50, M|100/100\n|-ability|p2a: Arcanine|Intimidate|boost\n|-unboost|p1a: Politoed|atk|1\n|-unboost|p1b: Archaludon|atk|1\n|turn|5\n|\n|t:|1776440539\n|move|p2a: Arcanine|Flare Blitz|p1b: Archaludon\n|-damage|p1b: Archaludon|8/100\n|-damage|p2a: Arcanine|93/100|[from] Recoil\n|move|p1b: Archaludon|Flash Cannon|p2b: Meganium\n|-supereffective|p2b: Meganium|1\n|-damage|p2b: Meganium|0 fnt\n|faint|p2b: Meganium\n|move|p1a: Politoed|Weather Ball|p2a: Arcanine\n|-supereffective|p2a: Arcanine|2\n|-damage|p2a: Arcanine|0 fnt\n|faint|p2a: Arcanine\n|\n|win|Dinz77\n|raw|Dinz77's rating: 1220 &rarr; <strong>1248</strong><br />(+28 for winning)\n|raw|MadDeSaBlEd's rating: 1264 &rarr; <strong>1236</strong><br />(-28 for losing)\n|l|\u2606MadDeSaBlEd\n|player|p2|\n",
  "uploadtime": 1776440651,
  "views": 65,
  "formatid": "gen9championsvgc2026regma",
  "rating": 1236,
  "private": 0,
  "password": null
}