{
  "id": "gen9championsvgc2026regma-2581028609",
  "format": "[Gen 9 Champions] VGC 2026 Reg M-A",
  "players": [
    "cartaguito21",
    "Sussy J"
  ],
  "log": "|j|\u2606cartaguito21\n|j|\u2606Sussy J\n|t:|1775953158\n|gametype|doubles\n|player|p1|cartaguito21|101|1197\n|player|p2|Sussy J|266|1225\n|gen|9\n|tier|[Gen 9 Champions] VGC 2026 Reg M-A\n|rated|\n|rule|Species Clause: Limit one of each Pok\u00e9mon\n|rule|Item Clause: Limit 1 of each item\n|clearpoke\n|poke|p1|Glimmora, L50, M|\n|poke|p1|Incineroar, L50, F|\n|poke|p1|Garchomp, L50, M|\n|poke|p1|Rotom-Wash, L50|\n|poke|p1|Whimsicott, L50, M|\n|poke|p1|Aegislash, L50, M|\n|poke|p2|Garchomp, L50, F|\n|poke|p2|Corviknight, L50, M|\n|poke|p2|Floette-Eternal, L50, F|\n|poke|p2|Incineroar, L50, M|\n|poke|p2|Rotom-Wash, L50|\n|poke|p2|Sinistcha, L50|\n|teampreview|4\n|inactive|Battle timer is ON: inactive players will automatically lose when time's up. (requested by cartaguito21)\n|\n|t:|1775953210\n|teamsize|p1|4\n|teamsize|p2|4\n|start\n|switch|p1a: Rotom|Rotom-Wash, L50|100/100\n|switch|p1b: Whimsicott|Whimsicott, L50, M|100/100\n|switch|p2a: Corviknight|Corviknight, L50, M|100/100\n|switch|p2b: Incineroar|Incineroar, L50, M|100/100\n|-ability|p2b: Incineroar|Intimidate|boost\n|-unboost|p1a: Rotom|atk|1\n|-unboost|p1b: Whimsicott|atk|1\n|turn|1\n|\n|t:|1775953229\n|move|p1b: Whimsicott|Protect|p1b: Whimsicott\n|-singleturn|p1b: Whimsicott|Protect\n|move|p2b: Incineroar|Fake Out|p1a: Rotom\n|-damage|p1a: Rotom|89/100\n|cant|p1a: Rotom|flinch\n|move|p2a: Corviknight|Tailwind|p2a: Corviknight\n|-sidestart|p2: Sussy J|move: Tailwind\n|\n|upkeep\n|turn|2\n|\n|t:|1775953242\n|move|p1b: Whimsicott|Encore|p2a: Corviknight\n|-start|p2a: Corviknight|Encore\n|move|p2a: Corviknight|Tailwind||[still]\n|-fail|p2a: Corviknight\n|move|p2b: Incineroar|Parting Shot|p1a: Rotom\n|-unboost|p1a: Rotom|atk|1\n|-unboost|p1a: Rotom|spa|1\n|\n|t:|1775953252\n|switch|p2b: Floette|Floette-Eternal, L50, F|100/100|[from] Parting Shot\n|move|p1a: Rotom|Electroweb|p2b: Floette|[spread] p2a\n|-miss|p1a: Rotom|p2b: Floette\n|-supereffective|p2a: Corviknight|1\n|-damage|p2a: Corviknight|79/100\n|-ability|p2a: Corviknight|Mirror Armor\n|-unboost|p1a: Rotom|spe|1\n|\n|upkeep\n|turn|3\n|inactive|Sussy J has 30 seconds left.\n|inactive|Sussy J has 20 seconds left.\n|inactive|Sussy J has 15 seconds left.\n|inactive|Sussy J has 10 seconds left.\n|\n|t:|1775953300\n|switch|p2a: Incineroar|Incineroar, L50, M|100/100\n|-ability|p2a: Incineroar|Intimidate|boost\n|-unboost|p1a: Rotom|atk|1\n|-unboost|p1b: Whimsicott|atk|1\n|switch|p1a: Aegislash|Aegislash, L50, M|100/100\n|detailschange|p2b: Floette|Floette-Mega, L50, F\n|-mega|p2b: Floette|Floette|Floettite\n|-ability|p2b: Floette|Fairy Aura\n|move|p1b: Whimsicott|Tailwind|p1b: Whimsicott\n|-sidestart|p1: cartaguito21|move: Tailwind\n|move|p2b: Floette|Dazzling Gleam|p1a: Aegislash|[spread] p1a,p1b\n|-resisted|p1a: Aegislash|1\n|-damage|p1a: Aegislash|79/100\n|-damage|p1b: Whimsicott|18/100\n|\n|-heal|p1a: Aegislash|85/100|[from] item: Leftovers\n|upkeep\n|turn|4\n|inactive|Sussy J has 30 seconds left.\n|\n|t:|1775953332\n|switch|p1b: Glimmora|Glimmora, L50, M|100/100\n|switch|p2b: Corviknight|Corviknight, L50, M|79/100\n|move|p1a: Aegislash|King's Shield|p1a: Aegislash\n|-singleturn|p1a: Aegislash|Protect\n|move|p2a: Incineroar|Flare Blitz|p1a: Aegislash\n|-activate|p1a: Aegislash|move: Protect\n|-unboost|p2a: Incineroar|atk|1\n|\n|-heal|p1a: Aegislash|91/100|[from] item: Leftovers\n|-sideend|p2: Sussy J|move: Tailwind\n|upkeep\n|turn|5\n|inactive|cartaguito21 has 30 seconds left.\n|\n|t:|1775953362\n|detailschange|p1b: Glimmora|Glimmora-Mega, L50, M\n|-mega|p1b: Glimmora|Glimmora|Glimmoranite\n|move|p1b: Glimmora|Power Gem|p2b: Corviknight\n|-damage|p2b: Corviknight|26/100\n|-formechange|p1a: Aegislash|Aegislash-Blade|\n|move|p1a: Aegislash|Shadow Ball|p2b: Corviknight\n|-damage|p2b: Corviknight|0 fnt\n|faint|p2b: Corviknight\n|move|p2a: Incineroar|Parting Shot|p1b: Glimmora\n|-unboost|p1b: Glimmora|atk|1\n|-unboost|p1b: Glimmora|spa|1\n|\n|t:|1775953372\n|switch|p2a: Garchomp|Garchomp, L50, F|100/100|[from] Parting Shot\n|\n|-heal|p1a: Aegislash|97/100|[from] item: Leftovers\n|upkeep\n|\n|t:|1775953375\n|switch|p2b: Incineroar|Incineroar, L50, M|100/100\n|-ability|p2b: Incineroar|Intimidate|boost\n|-unboost|p1a: Aegislash|atk|1\n|-unboost|p1b: Glimmora|atk|1\n|turn|6\n|\n|t:|1775953383\n|switch|p1b: Rotom|Rotom-Wash, L50|89/100\n|-formechange|p1a: Aegislash|Aegislash|\n|move|p1a: Aegislash|King's Shield|p1a: Aegislash\n|-singleturn|p1a: Aegislash|Protect\n|move|p2b: Incineroar|Fake Out|p1b: Rotom\n|-damage|p1b: Rotom|78/100\n|move|p2a: Garchomp|Earthquake|p1a: Aegislash|[spread] p2b\n|-activate|p1a: Aegislash|move: Protect\n|-immune|p1b: Rotom|[from] ability: Levitate\n|-supereffective|p2b: Incineroar|1\n|-damage|p2b: Incineroar|23/100\n|-enditem|p2b: Incineroar|Sitrus Berry|[eat]\n|-heal|p2b: Incineroar|48/100|[from] item: Sitrus Berry\n|\n|-heal|p1a: Aegislash|100/100|[from] item: Leftovers\n|-sideend|p1: cartaguito21|move: Tailwind\n|upkeep\n|turn|7\n|inactive|Sussy J has 30 seconds left.\n|inactive|cartaguito21 has 30 seconds left.\n|\n|t:|1775953422\n|move|p2a: Garchomp|Dragon Claw|p1b: Rotom\n|-crit|p1b: Rotom\n|-damage|p1b: Rotom|3/100\n|-enditem|p1b: Rotom|Sitrus Berry|[eat]\n|-heal|p1b: Rotom|28/100|[from] item: Sitrus Berry\n|move|p1b: Rotom|Hydro Pump|p2b: Incineroar\n|-supereffective|p2b: Incineroar|1\n|-damage|p2b: Incineroar|0 fnt\n|faint|p2b: Incineroar\n|-formechange|p1a: Aegislash|Aegislash-Blade|\n|move|p1a: Aegislash|Flash Cannon|p2a: Garchomp\n|-damage|p2a: Garchomp|49/100\n|\n|upkeep\n|\n|t:|1775953435\n|switch|p2b: Floette|Floette-Mega, L50, F|100/100\n|-ability|p2b: Floette|Fairy Aura\n|turn|8\n|\n|t:|1775953458\n|-formechange|p1a: Aegislash|Aegislash|\n|move|p1a: Aegislash|King's Shield|p1a: Aegislash\n|-singleturn|p1a: Aegislash|Protect\n|move|p2a: Garchomp|Dragon Claw|p1b: Rotom\n|-damage|p1b: Rotom|0 fnt\n|faint|p1b: Rotom\n|move|p2b: Floette|Calm Mind|p2b: Floette\n|-boost|p2b: Floette|spa|1\n|-boost|p2b: Floette|spd|1\n|\n|upkeep\n|\n|t:|1775953464\n|switch|p1b: Whimsicott|Whimsicott, L50, M|18/100\n|turn|9\n|inactive|cartaguito21 has 30 seconds left.\n|inactive|cartaguito21 has 20 seconds left.\n|inactive|cartaguito21 has 15 seconds left.\n|\n|t:|1775953506\n|move|p2b: Floette|Protect|p2b: Floette\n|-singleturn|p2b: Floette|Protect\n|move|p1b: Whimsicott|Encore|p2b: Floette\n|-activate|p2b: Floette|move: Protect\n|move|p2a: Garchomp|Earthquake|p1b: Whimsicott|[spread] p1a,p1b\n|-activate|p2b: Floette|move: Protect\n|-supereffective|p1a: Aegislash|1\n|-resisted|p1b: Whimsicott|1\n|-damage|p1a: Aegislash|18/100\n|-damage|p1b: Whimsicott|0 fnt\n|faint|p1b: Whimsicott\n|-formechange|p1a: Aegislash|Aegislash-Blade|\n|move|p1a: Aegislash|Flash Cannon|p2a: Garchomp\n|-damage|p2a: Garchomp|0 fnt\n|faint|p2a: Garchomp\n|\n|-heal|p1a: Aegislash|24/100|[from] item: Leftovers\n|upkeep\n|\n|t:|1775953520\n|switch|p1b: Glimmora|Glimmora-Mega, L50, M|100/100\n|turn|10\n|\n|t:|1775953524\n|move|p1a: Aegislash|Wide Guard|p1a: Aegislash\n|-singleturn|p1a: Aegislash|Wide Guard\n|move|p1b: Glimmora|Sludge Bomb|p2b: Floette\n|-supereffective|p2b: Floette|1\n|-damage|p2b: Floette|17/100\n|-status|p2b: Floette|psn\n|move|p2b: Floette|Dazzling Gleam|p1b: Glimmora|[spread] \n|-activate|p1a: Aegislash|move: Wide Guard\n|-activate|p1b: Glimmora|move: Wide Guard\n|\n|-heal|p1a: Aegislash|30/100|[from] item: Leftovers\n|-damage|p2b: Floette|5/100 psn|[from] psn\n|upkeep\n|turn|11\n|c|\u2606Sussy J|gg\n|\n|t:|1775953540\n|move|p1b: Glimmora|Sludge Bomb|p2b: Floette\n|-supereffective|p2b: Floette|1\n|-damage|p2b: Floette|0 fnt\n|faint|p2b: Floette\n|\n|win|cartaguito21\n|raw|cartaguito21's rating: 1197 &rarr; <strong>1224</strong><br />(+27 for winning)\n|raw|Sussy J's rating: 1225 &rarr; <strong>1198</strong><br />(-27 for losing)\n",
  "uploadtime": 1775953548,
  "views": 22,
  "formatid": "gen9championsvgc2026regma",
  "rating": 1198,
  "private": 0,
  "password": null
}