{
  "id": "gen9championsvgc2026regma-2582424064",
  "format": "[Gen 9 Champions] VGC 2026 Reg M-A",
  "players": [
    "chickencharlamagne",
    "LUWITE"
  ],
  "log": "|j|\u2606chickencharlamagne\n|j|\u2606LUWITE\n|t:|1776090775\n|gametype|doubles\n|player|p1|chickencharlamagne|169|1373\n|player|p2|LUWITE|ghetsis|1310\n|gen|9\n|tier|[Gen 9 Champions] VGC 2026 Reg M-A\n|rated|\n|rule|Species Clause: Limit one of each Pok\u00e9mon\n|rule|Item Clause: Limit 1 of each item\n|clearpoke\n|poke|p1|Goodra-Hisui, L50, M|\n|poke|p1|Aromatisse, L50, F|\n|poke|p1|Incineroar, L50, M|\n|poke|p1|Scovillain, L50, M|\n|poke|p1|Basculegion-F, L50, F|\n|poke|p1|Sneasler, L50, F|\n|poke|p2|Sneasler, L50, F|\n|poke|p2|Kingambit, L50, F|\n|poke|p2|Clefable, L50, M|\n|poke|p2|Delphox, L50, F|\n|poke|p2|Dragonite, L50, F|\n|poke|p2|Basculegion, L50, M|\n|teampreview|4\nLUWITE rejected open team sheets.\n|\n|t:|1776090792\n|teamsize|p1|4\n|teamsize|p2|4\n|start\n|switch|p1a: Scovillain|Scovillain, L50, M|100/100\n|switch|p1b: Aromatisse|Aromatisse, L50, F, shiny|100/100\n|switch|p2a: Sneasler|Sneasler, L50, F|100/100\n|switch|p2b: Delphox|Delphox, L50, F|100/100\n|turn|1\n|\n|t:|1776090803\n|detailschange|p2b: Delphox|Delphox-Mega, L50, F\n|-mega|p2b: Delphox|Delphox|Delphoxite\n|move|p1a: Scovillain|Protect|p1a: Scovillain\n|-singleturn|p1a: Scovillain|Protect\n|move|p1b: Aromatisse|Protect|p1b: Aromatisse\n|-singleturn|p1b: Aromatisse|Protect\n|move|p2a: Sneasler|Fake Out|p1b: Aromatisse\n|-activate|p1b: Aromatisse|move: Protect\n|move|p2b: Delphox|Substitute|p2b: Delphox\n|-start|p2b: Delphox|Substitute\n|-damage|p2b: Delphox|76/100\n|\n|-ability|p1a: Scovillain|Moody|boost\n|-boost|p1a: Scovillain|atk|2\n|-unboost|p1a: Scovillain|spd|1\n|upkeep\n|turn|2\n|\n|t:|1776090821\n|detailschange|p1a: Scovillain|Scovillain-Mega, L50, M\n|-mega|p1a: Scovillain|Scovillain|Scovillainite\n|move|p1a: Scovillain|Rage Powder|p1a: Scovillain\n|-singleturn|p1a: Scovillain|move: Rage Powder\n|move|p2b: Delphox|Psychic|p1a: Scovillain\n|-damage|p1a: Scovillain|24/100\n|-unboost|p1a: Scovillain|spd|1\n|-immune|p2b: Delphox\n|move|p2a: Sneasler|Dire Claw|p1a: Scovillain\n|-supereffective|p1a: Scovillain|1\n|-damage|p1a: Scovillain|0 fnt\n|-status|p2a: Sneasler|brn|[from] ability: Spicy Spray|[of] p1a: Scovillain\n|faint|p1a: Scovillain\n|move|p1b: Aromatisse|Trick Room|p1b: Aromatisse\n|-fieldstart|move: Trick Room|[of] p1b: Aromatisse\n|\n|-damage|p2a: Sneasler|95/100 brn|[from] brn\n|upkeep\n|\n|t:|1776090835\n|switch|p1a: Goodra|Goodra-Hisui, L50, M|100/100\n|turn|3\n|\n|t:|1776090842\n|move|p2a: Sneasler|Protect|p2a: Sneasler\n|-singleturn|p2a: Sneasler|Protect\n|move|p2b: Delphox|Protect|p2b: Delphox\n|-singleturn|p2b: Delphox|Protect\n|move|p1b: Aromatisse|Aromatic Mist|p1a: Goodra\n|-boost|p1a: Goodra|spd|1\n|move|p1a: Goodra|Shelter|p1a: Goodra\n|-boost|p1a: Goodra|def|2\n|\n|-damage|p2a: Sneasler|89/100 brn|[from] brn\n|upkeep\n|turn|4\n|\n|t:|1776090857\n|move|p1b: Aromatisse|Aromatic Mist|p1a: Goodra\n|-boost|p1a: Goodra|spd|1\n|move|p1a: Goodra|Shelter|p1a: Goodra\n|-boost|p1a: Goodra|def|2\n|move|p2a: Sneasler|Dire Claw|p1b: Aromatisse\n|-supereffective|p1b: Aromatisse|1\n|-damage|p1b: Aromatisse|61/100\n|-status|p1b: Aromatisse|par\n|move|p2b: Delphox|Heat Wave|p1b: Aromatisse|[spread] p1a,p1b\n|-damage|p1a: Goodra|88/100\n|-damage|p1b: Aromatisse|32/100 par\n|-enditem|p1b: Aromatisse|Sitrus Berry|[eat]\n|-heal|p1b: Aromatisse|57/100 par|[from] item: Sitrus Berry\n|\n|-damage|p2a: Sneasler|83/100 brn|[from] brn\n|upkeep\n|turn|5\n|\n|t:|1776090876\n|move|p1b: Aromatisse|Aromatic Mist|p1a: Goodra\n|-boost|p1a: Goodra|spd|1\n|move|p1a: Goodra|Body Press|p2b: Delphox\n|-resisted|p2b: Delphox|1\n|-end|p2b: Delphox|Substitute\n|move|p2a: Sneasler|Close Combat|p1a: Goodra\n|-supereffective|p1a: Goodra|1\n|-damage|p1a: Goodra|72/100\n|-unboost|p2a: Sneasler|def|1\n|-unboost|p2a: Sneasler|spd|1\n|move|p2b: Delphox|Heat Wave|p1a: Goodra|[spread] p1a,p1b\n|-damage|p1a: Goodra|63/100\n|-damage|p1b: Aromatisse|27/100 par\n|\n|-damage|p2a: Sneasler|77/100 brn|[from] brn\n|upkeep\n|turn|6\n|\n|t:|1776090906\n|switch|p2a: Dragonite|Dragonite, L50, F|100/100\n|move|p2b: Delphox|Protect|p2b: Delphox\n|-singleturn|p2b: Delphox|Protect\n|move|p1b: Aromatisse|Aromatic Mist|p1a: Goodra\n|-boost|p1a: Goodra|spd|1\n|move|p1a: Goodra|Rest|p1a: Goodra\n|-status|p1a: Goodra|slp|[from] move: Rest\n|-heal|p1a: Goodra|100/100 slp|[silent]\n|-enditem|p1a: Goodra|Chesto Berry|[eat]\n|-curestatus|p1a: Goodra|slp|[msg]\n|\n|-fieldend|move: Trick Room\n|upkeep\n|turn|7\n|\n|t:|1776090923\n|move|p2b: Delphox|Substitute|p2b: Delphox\n|-start|p2b: Delphox|Substitute\n|-damage|p2b: Delphox|51/100\n|move|p2a: Dragonite|Haze|p2a: Dragonite\n|-clearallboost\n|move|p1a: Goodra|Body Press|p2a: Dragonite\n|-resisted|p2a: Dragonite|1\n|-damage|p2a: Dragonite|93/100\n|move|p1b: Aromatisse|Moonblast|p2a: Dragonite\n|-supereffective|p2a: Dragonite|1\n|-damage|p2a: Dragonite|18/100\n|\n|upkeep\n|turn|8\n|\n|t:|1776090964\n|move|p2a: Dragonite|Protect|p2a: Dragonite\n|-singleturn|p2a: Dragonite|Protect\n|move|p2b: Delphox|Heat Wave|p1b: Aromatisse|[spread] p1a,p1b\n|-damage|p1a: Goodra|71/100\n|-damage|p1b: Aromatisse|0 fnt\n|faint|p1b: Aromatisse\n|move|p1a: Goodra|Body Press|p2b: Delphox\n|-resisted|p2b: Delphox|1\n|-activate|p2b: Delphox|move: Substitute|[damage]\n|\n|upkeep\n|\n|t:|1776090974\n|switch|p1b: Basculegion|Basculegion-F, L50, F|100/100\n|turn|9\n|\n|t:|1776090988\n|move|p1b: Basculegion|Shadow Ball|p2a: Dragonite\n|-damage|p2a: Dragonite|0 fnt\n|faint|p2a: Dragonite\n|move|p2b: Delphox|Psychic|p1b: Basculegion\n|-damage|p1b: Basculegion|38/100\n|move|p1a: Goodra|Heavy Slam|p2b: Delphox\n|-resisted|p2b: Delphox|1\n|-end|p2b: Delphox|Substitute\n|\n|upkeep\n|\n|t:|1776090997\n|switch|p2a: Sneasler|Sneasler, L50, F|77/100 brn\n|turn|10\n|\n|t:|1776091029\n|move|p2b: Delphox|Protect|p2b: Delphox\n|-singleturn|p2b: Delphox|Protect\n|move|p1b: Basculegion|Shadow Ball|p2a: Sneasler\n|-damage|p2a: Sneasler|14/100 brn\n|move|p2a: Sneasler|Dire Claw|p1b: Basculegion\n|-resisted|p1b: Basculegion|1\n|-damage|p1b: Basculegion|26/100\n|move|p1a: Goodra|Heavy Slam|p2a: Sneasler\n|-damage|p2a: Sneasler|0 fnt\n|faint|p2a: Sneasler\n|\n|upkeep\n|\n|t:|1776091038\n|switch|p2a: Basculegion|Basculegion, L50, M|100/100\n|turn|11\n|\n|t:|1776091059\n|move|p2b: Delphox|Protect||[still]\n|-fail|p2b: Delphox\n|move|p2a: Basculegion|Last Respects|p1b: Basculegion\n|-supereffective|p1b: Basculegion|1\n|-damage|p1b: Basculegion|0 fnt\n|faint|p1b: Basculegion\n|move|p1a: Goodra|Shelter|p1a: Goodra\n|-boost|p1a: Goodra|def|2\n|\n|upkeep\n|turn|12\n|\n|t:|1776091072\n|move|p2a: Basculegion|Last Respects|p1a: Goodra\n|-damage|p1a: Goodra|32/100\n|move|p2b: Delphox|Heat Wave|p1a: Goodra|[miss]\n|-miss|p2b: Delphox|p1a: Goodra\n|move|p1a: Goodra|Heavy Slam|p2b: Delphox\n|-resisted|p2b: Delphox|1\n|-damage|p2b: Delphox|20/100\n|\n|upkeep\n|turn|13\n|\n|t:|1776091082\n|move|p2a: Basculegion|Last Respects|p1a: Goodra\n|-damage|p1a: Goodra|0 fnt\n|faint|p1a: Goodra\n|\n|win|LUWITE\n|raw|chickencharlamagne's rating: 1373 &rarr; <strong>1349</strong><br />(-24 for losing)\n|raw|LUWITE's rating: 1310 &rarr; <strong>1334</strong><br />(+24 for winning)\n|c|\u2606chickencharlamagne|no respect for hackers\n|c|\u2606chickencharlamagne|get a life\n|l|\u2606chickencharlamagne\n|player|p1|\n|c|\u2606LUWITE|???\n",
  "uploadtime": 1776091354,
  "views": 26,
  "formatid": "gen9championsvgc2026regma",
  "rating": 1334,
  "private": 0,
  "password": null
}