{
  "id": "gen9championsvgc2026regma-2584742692",
  "format": "[Gen 9 Champions] VGC 2026 Reg M-A",
  "players": [
    "Tax-Fraud9496",
    "Ahelo"
  ],
  "log": "|j|\u2606Tax-Fraud9496\n|j|\u2606Ahelo\n|t:|1776280491\n|gametype|doubles\n|player|p1|Tax-Fraud9496|gambler|1081\n|player|p2|Ahelo|red|1089\n|gen|9\n|tier|[Gen 9 Champions] VGC 2026 Reg M-A\n|rated|\n|rule|Species Clause: Limit one of each Pok\u00e9mon\n|rule|Item Clause: Limit 1 of each item\n|clearpoke\n|poke|p1|Aerodactyl, L50, F|\n|poke|p1|Chandelure, L50, M|\n|poke|p1|Kingambit, L50, M|\n|poke|p1|Conkeldurr, L50, F|\n|poke|p1|Basculegion, L50, M|\n|poke|p1|Clefable, L50, F|\n|poke|p2|Greninja-*, L50, M|\n|poke|p2|Incineroar, L50, M|\n|poke|p2|Garchomp, L50, M|\n|poke|p2|Gardevoir, L50, F|\n|poke|p2|Sinistcha, L50|\n|poke|p2|Ninetales-Alola, L50, F|\n|teampreview|4\n|inactive|Battle timer is ON: inactive players will automatically lose when time's up. (requested by Tax-Fraud9496)\n|inactive|Tax-Fraud9496 has 60 seconds left.\n|inactive|Ahelo has 60 seconds left.\n|\n|t:|1776280532\n|teamsize|p1|4\n|teamsize|p2|4\n|start\n|switch|p1a: Chandelure|Chandelure, L50, M, shiny|100/100\n|switch|p1b: Conkeldurr|Conkeldurr, L50, F|100/100\n|switch|p2a: Incineroar|Incineroar, L50, M|100/100\n|switch|p2b: Gardevoir|Gardevoir, L50, F, shiny|100/100\n|-ability|p2a: Incineroar|Intimidate|boost\n|-unboost|p1a: Chandelure|atk|1\n|-unboost|p1b: Conkeldurr|atk|1\n|turn|1\n|\n|t:|1776280550\n|move|p1b: Conkeldurr|Protect|p1b: Conkeldurr\n|-singleturn|p1b: Conkeldurr|Protect\n|move|p2a: Incineroar|Fake Out|p1b: Conkeldurr\n|-activate|p1b: Conkeldurr|move: Protect\n|move|p2b: Gardevoir|Dazzling Gleam|p1b: Conkeldurr|[spread] p1a\n|-activate|p1b: Conkeldurr|move: Protect\n|-resisted|p1a: Chandelure|1\n|-crit|p1a: Chandelure\n|-damage|p1a: Chandelure|76/100\n|move|p1a: Chandelure|Trick Room|p1a: Chandelure\n|-fieldstart|move: Trick Room|[of] p1a: Chandelure\n|\n|upkeep\n|turn|2\n|\n|t:|1776280569\n|switch|p2a: Garchomp|Garchomp, L50, M|100/100\n|switch|p2b: Greninja|Greninja, L50, M, shiny|100/100\n|move|p1b: Conkeldurr|Drain Punch|p2a: Garchomp\n|-damage|p2a: Garchomp|62/100\n|-damage|p1b: Conkeldurr|88/100|[from] ability: Rough Skin|[of] p2a: Garchomp\n|move|p1a: Chandelure|Shadow Ball|p2b: Greninja\n|-resisted|p2b: Greninja|1\n|-damage|p2b: Greninja|63/100\n|\n|upkeep\n|turn|3\n|\n|t:|1776280589\n|move|p1a: Chandelure|Protect|p1a: Chandelure\n|-singleturn|p1a: Chandelure|Protect\n|move|p2b: Greninja|Protect|p2b: Greninja\n|-start|p2b: Greninja|typechange|Normal|[from] ability: Protean\n|-singleturn|p2b: Greninja|Protect\n|move|p1b: Conkeldurr|Thunder Punch|p2b: Greninja\n|-activate|p2b: Greninja|move: Protect\n|move|p2a: Garchomp|Earthquake|p1b: Conkeldurr|[spread] p1b\n|-activate|p2b: Greninja|move: Protect\n|-activate|p1a: Chandelure|move: Protect\n|-damage|p1b: Conkeldurr|53/100\n|\n|upkeep\n|turn|4\n|\n|t:|1776280608\n|switch|p2b: Gardevoir|Gardevoir, L50, F, shiny|100/100\n|move|p1a: Chandelure|Protect||[still]\n|-fail|p1a: Chandelure\n|move|p1b: Conkeldurr|Drain Punch|p2b: Gardevoir\n|-resisted|p2b: Gardevoir|2\n|-damage|p2b: Gardevoir|81/100\n|-heal|p1b: Conkeldurr|59/100|[from] drain|[of] p2b: Gardevoir\n|move|p2a: Garchomp|Earthquake|p1a: Chandelure|[spread] p1a,p1b\n|-activate|p2b: Gardevoir|ability: Telepathy\n|-supereffective|p1a: Chandelure|1\n|-crit|p1a: Chandelure\n|-damage|p1a: Chandelure|0 fnt\n|-damage|p1b: Conkeldurr|28/100\n|faint|p1a: Chandelure\n|\n|upkeep\n|\n|t:|1776280620\n|switch|p1a: Aerodactyl|Aerodactyl, L50, F|100/100\n|-ability|p1a: Aerodactyl|Unnerve\n|turn|5\n|\n|t:|1776280632\n|detailschange|p1a: Aerodactyl|Aerodactyl-Mega, L50, F\n|-mega|p1a: Aerodactyl|Aerodactyl|Aerodactylite\n|move|p1b: Conkeldurr|Protect|p1b: Conkeldurr\n|-singleturn|p1b: Conkeldurr|Protect\n|move|p2a: Garchomp|Protect|p2a: Garchomp\n|-singleturn|p2a: Garchomp|Protect\n|move|p1a: Aerodactyl|Protect|p1a: Aerodactyl\n|-singleturn|p1a: Aerodactyl|Protect\n|move|p2b: Gardevoir|Dazzling Gleam|p1b: Conkeldurr|[spread] \n|-activate|p1a: Aerodactyl|move: Protect\n|-activate|p1b: Conkeldurr|move: Protect\n|\n|-fieldend|move: Trick Room\n|upkeep\n|turn|6\n|\n|t:|1776280655\n|switch|p2a: Incineroar|Incineroar, L50, M|100/100\n|-ability|p2a: Incineroar|Intimidate|boost\n|-unboost|p1a: Aerodactyl|atk|1\n|-unboost|p1b: Conkeldurr|atk|1\n|move|p2b: Gardevoir|Dazzling Gleam|p1a: Aerodactyl|[spread] p1a,p1b\n|-supereffective|p1b: Conkeldurr|1\n|-damage|p1a: Aerodactyl|71/100\n|-damage|p1b: Conkeldurr|0 fnt\n|faint|p1b: Conkeldurr\n|move|p1a: Aerodactyl|Tailwind|p1a: Aerodactyl\n|-sidestart|p1: Tax-Fraud9496|move: Tailwind\n|\n|upkeep\n|\n|t:|1776280664\n|switch|p1b: Basculegion|Basculegion, L50, M|100/100\n|turn|7\n|\n|t:|1776280689\n|switch|p2b: Garchomp|Garchomp, L50, M|62/100\n|switch|p2a: Greninja|Greninja, L50, M, shiny|63/100\n|move|p1a: Aerodactyl|Protect|p1a: Aerodactyl\n|-singleturn|p1a: Aerodactyl|Protect\n|move|p1b: Basculegion|Aqua Jet|p2a: Greninja\n|-resisted|p2a: Greninja|1\n|-damage|p2a: Greninja|38/100\n|\n|upkeep\n|turn|8\n|\n|t:|1776280711\n|detailschange|p2a: Greninja|Greninja-Mega, L50, M, shiny\n|-mega|p2a: Greninja|Greninja|Greninjite\n|move|p1a: Aerodactyl|Rock Slide|p2a: Greninja|[spread] p2b\n|-miss|p1a: Aerodactyl|p2a: Greninja\n|-resisted|p2b: Garchomp|1\n|-damage|p2b: Garchomp|54/100\n|move|p1b: Basculegion|Last Respects|p2a: Greninja\n|-resisted|p2a: Greninja|1\n|-damage|p2a: Greninja|0 fnt\n|faint|p2a: Greninja\n|move|p2b: Garchomp|Rock Slide|p1a: Aerodactyl|[spread] p1a,p1b\n|-supereffective|p1a: Aerodactyl|1\n|-damage|p1a: Aerodactyl|30/100\n|-damage|p1b: Basculegion|76/100\n|\n|upkeep\n|\n|t:|1776280723\n|switch|p2a: Incineroar|Incineroar, L50, M|100/100\n|-ability|p2a: Incineroar|Intimidate|boost\n|-unboost|p1a: Aerodactyl|atk|1\n|-unboost|p1b: Basculegion|atk|1\n|turn|9\n|\n|t:|1776280733\n|move|p1a: Aerodactyl|Protect|p1a: Aerodactyl\n|-singleturn|p1a: Aerodactyl|Protect\n|move|p2b: Garchomp|Protect|p2b: Garchomp\n|-singleturn|p2b: Garchomp|Protect\n|move|p1b: Basculegion|Wave Crash|p2a: Incineroar\n|-supereffective|p2a: Incineroar|1\n|-damage|p2a: Incineroar|5/100\n|-enditem|p2a: Incineroar|Sitrus Berry|[eat]\n|-heal|p2a: Incineroar|30/100|[from] item: Sitrus Berry\n|-damage|p1b: Basculegion|44/100|[from] Recoil\n|move|p2a: Incineroar|Parting Shot|p1b: Basculegion\n|-unboost|p1b: Basculegion|atk|1\n|-unboost|p1b: Basculegion|spa|1\n|\n|t:|1776280747\n|switch|p2a: Gardevoir|Gardevoir, L50, F, shiny|81/100|[from] Parting Shot\n|\n|-sideend|p1: Tax-Fraud9496|move: Tailwind\n|upkeep\n|turn|10\n|\n|t:|1776280760\n|move|p2a: Gardevoir|Thunderbolt|p1a: Aerodactyl\n|-supereffective|p1a: Aerodactyl|1\n|-damage|p1a: Aerodactyl|0 fnt\n|faint|p1a: Aerodactyl\n|move|p2b: Garchomp|Earthquake|p1b: Basculegion|[spread] p1b\n|-activate|p2a: Gardevoir|ability: Telepathy\n|-damage|p1b: Basculegion|0 fnt\n|faint|p1b: Basculegion\n|\n|win|Ahelo\n|raw|Tax-Fraud9496's rating: 1081 &rarr; <strong>1059</strong><br />(-22 for losing)\n|raw|Ahelo's rating: 1089 &rarr; <strong>1115</strong><br />(+26 for winning)\n|l|\u2606Tax-Fraud9496\n|player|p1|\n",
  "uploadtime": 1776280770,
  "views": 23,
  "formatid": "gen9championsvgc2026regma",
  "rating": 1059,
  "private": 0,
  "password": null
}