{
  "id": "gen9championsvgc2026regma-2584160740",
  "format": "[Gen 9 Champions] VGC 2026 Reg M-A",
  "players": [
    "boo1309",
    "kirusaya"
  ],
  "log": "|j|\u2606boo1309\n|j|\u2606kirusaya\n|t:|1776232452\n|gametype|doubles\n|player|p1|boo1309|roxie|1163\n|player|p2|kirusaya|266|1253\n|gen|9\n|tier|[Gen 9 Champions] VGC 2026 Reg M-A\n|rated|\n|rule|Species Clause: Limit one of each Pok\u00e9mon\n|rule|Item Clause: Limit 1 of each item\n|clearpoke\n|poke|p1|Aggron, L50, F|\n|poke|p1|Incineroar, L50, F|\n|poke|p1|Sinistcha, L50|\n|poke|p1|Pelipper, L50, F|\n|poke|p1|Basculegion, L50, M|\n|poke|p1|Archaludon, L50, M|\n|poke|p2|Glimmora, L50, M|\n|poke|p2|Rotom-Wash, L50|\n|poke|p2|Aerodactyl, L50, M|\n|poke|p2|Sinistcha, L50|\n|poke|p2|Incineroar, L50, F|\n|poke|p2|Tyranitar, L50, F|\n|teampreview|4\nboo1309 has agreed to open team sheets.\n|c|\u2606boo1309|!dt glamora-mega\n'glamora-mega' has no exact match. Approximate match:\n|c|\u2606boo1309|/raw <div class=\"message\"><ul class=\"utilichart\"><li class=\"result\"><span class=\"col numcol\">OU</span> <span class=\"col iconcol\"><psicon pokemon=\"glimmoramega\"/></span> <span class=\"col pokemonnamecol\" style=\"white-space:nowrap\"><a href=\"https://dex.pokemonshowdown.com/pokemon/glimmoramega\" target=\"_blank\">Glimmora-Mega</a></span> <span class=\"col typecol\"><img src=\"https://play.pokemonshowdown.com/sprites/types/Rock.png\" alt=\"Rock\" height=\"14\" width=\"32\"><img src=\"https://play.pokemonshowdown.com/sprites/types/Poison.png\" alt=\"Poison\" height=\"14\" width=\"32\"></span> <span style=\"float:left;min-height:26px\"><span class=\"col abilitycol\">Adaptability</span><span class=\"col abilitycol\"></span></span><span style=\"float:left;min-height:26px\"><span class=\"col statcol\"><em>HP</em><br />83</span> <span class=\"col statcol\"><em>Atk</em><br />90</span> <span class=\"col statcol\"><em>Def</em><br />105</span> <span class=\"col statcol\"><em>SpA</em><br />150</span> <span class=\"col statcol\"><em>SpD</em><br />96</span> <span class=\"col statcol\"><em>Spe</em><br />101</span> <span class=\"col bstcol\"><em>BST<br />625</em></span> </span></li><li style=\"clear:both\"></li></ul></div>\n|c|\u2606boo1309|/raw <font size=\"1\"><font color=\"#686868\">Dex#:</font> 970&nbsp;|&ThickSpace;<font color=\"#686868\">Gen:</font> 9&nbsp;|&ThickSpace;<font color=\"#686868\">Height:</font> 2.8 m&nbsp;|&ThickSpace;<font color=\"#686868\">Weight:</font> 77 kg <em>(80 BP)</em>&nbsp;|&ThickSpace;<font color=\"#686868\">Dex Colour:</font> Blue&nbsp;|&ThickSpace;<font color=\"#686868\">Egg Group(s):</font> Mineral&nbsp;|&ThickSpace;<font color=\"#686868\">Does Not Evolve</font></font>\n\n|inactive|Battle timer is ON: inactive players will automatically lose when time's up. (requested by kirusaya)\n|\n|t:|1776232520\n|teamsize|p1|4\n|teamsize|p2|4\n|start\n|switch|p1a: The Wall|Aggron, L50, F|100/100\n|switch|p1b: cup'o'tea|Sinistcha, L50|100/100\n|switch|p2a: Glimmora|Glimmora, L50, M|100/100\n|switch|p2b: Incineroar|Incineroar, L50, F|100/100\n|-ability|p2b: Incineroar|Intimidate|boost\n|-unboost|p1a: The Wall|atk|1\n|-unboost|p1b: cup'o'tea|atk|1\n|turn|1\n|inactive|boo1309 has 30 seconds left.\n|\n|t:|1776232553\n|detailschange|p2a: Glimmora|Glimmora-Mega, L50, M\n|-mega|p2a: Glimmora|Glimmora|Glimmoranite\n|move|p1a: The Wall|Protect|p1a: The Wall\n|-singleturn|p1a: The Wall|Protect\n|move|p2b: Incineroar|Fake Out|p1a: The Wall\n|-activate|p1a: The Wall|move: Protect\n|move|p2a: Glimmora|Power Gem|p1b: cup'o'tea\n|-damage|p1b: cup'o'tea|18/100\n|-enditem|p1b: cup'o'tea|Sitrus Berry|[eat]\n|-heal|p1b: cup'o'tea|43/100|[from] item: Sitrus Berry\n|move|p1b: cup'o'tea|Trick Room|p1b: cup'o'tea\n|-fieldstart|move: Trick Room|[of] p1b: cup'o'tea\n|\n|upkeep\n|turn|2\n|inactive|boo1309 has 30 seconds left.\n|inactive|kirusaya has 30 seconds left.\n|inactive|boo1309 has 20 seconds left.\n|inactive|boo1309 has 15 seconds left.\n|inactive|boo1309 has 10 seconds left.\n|inactive|boo1309 has 5 seconds left.\n|\n|t:|1776232604\n|detailschange|p1a: The Wall|Aggron-Mega, L50, F\n|-mega|p1a: The Wall|Aggron|Aggronite\n|move|p1a: The Wall|Iron Defense|p1a: The Wall\n|-boost|p1a: The Wall|def|2\n|move|p2b: Incineroar|Parting Shot|p1a: The Wall\n|-unboost|p1a: The Wall|atk|1\n|-unboost|p1a: The Wall|spa|1\n|\n|t:|1776232611\n|switch|p2b: Sinistcha|Sinistcha, L50|100/100|[from] Parting Shot\n|move|p1b: cup'o'tea|Life Dew||[still]|[spread] p1a,p1b\n|-fail|p1a: The Wall|heal\n|-heal|p1b: cup'o'tea|68/100\n|move|p2a: Glimmora|Power Gem|p1b: cup'o'tea\n|-damage|p1b: cup'o'tea|0 fnt\n|faint|p1b: cup'o'tea\n|\n|upkeep\n|\n|t:|1776232628\n|switch|p1b: pelepelelepelipper|Pelipper, L50, F|100/100\n|-weather|RainDance|[from] ability: Drizzle|[of] p1b: pelepelelepelipper\n|turn|3\n|inactive|kirusaya has 30 seconds left.\n|\n|t:|1776232661\n|switch|p2b: Tyranitar|Tyranitar, L50, F|100/100\n|-weather|Sandstorm|[from] ability: Sand Stream|[of] p2b: Tyranitar\n|move|p1b: pelepelelepelipper|Protect|p1b: pelepelelepelipper\n|-singleturn|p1b: pelepelelepelipper|Protect\n|move|p1a: The Wall|Heavy Slam|p2a: Glimmora\n|-supereffective|p2a: Glimmora|1\n|-damage|p2a: Glimmora|44/100\n|move|p2a: Glimmora|Earth Power|p1a: The Wall\n|-supereffective|p1a: The Wall|1\n|-damage|p1a: The Wall|54/100\n|\n|-weather|Sandstorm|[upkeep]\n|-damage|p1b: pelepelelepelipper|95/100|[from] Sandstorm\n|upkeep\n|turn|4\n|inactive|kirusaya has 30 seconds left.\n|inactive|boo1309 has 30 seconds left.\n|\n|t:|1776232694\n|switch|p1b: bring me to life|Basculegion, L50, M|100/100\n|switch|p2b: Sinistcha|Sinistcha, L50|100/100\n|-heal|p2a: Glimmora|68/100|[from] ability: Hospitality|[of] p2b: Sinistcha\n|move|p1a: The Wall|Protect|p1a: The Wall\n|-singleturn|p1a: The Wall|Protect\n|move|p2a: Glimmora|Protect||[still]\n|-fail|p2a: Glimmora\n|\n|-weather|Sandstorm|[upkeep]\n|-damage|p2b: Sinistcha|94/100|[from] Sandstorm\n|-damage|p1b: bring me to life|94/100|[from] Sandstorm\n|upkeep\n|turn|5\n|inactive|boo1309 has 30 seconds left.\n|inactive|kirusaya has 30 seconds left.\n|inactive|kirusaya has 20 seconds left.\n|\n|t:|1776232733\n|move|p2a: Glimmora|Protect|p2a: Glimmora\n|-singleturn|p2a: Glimmora|Protect\n|move|p1a: The Wall|Heavy Slam|p2b: Sinistcha\n|-damage|p2b: Sinistcha|70/100\n|move|p2b: Sinistcha|Life Dew|p2b: Sinistcha|[spread] p2a,p2b\n|-heal|p2a: Glimmora|94/100\n|-heal|p2b: Sinistcha|95/100\n|move|p1b: bring me to life|Wave Crash|p2a: Glimmora\n|-activate|p2a: Glimmora|move: Protect\n|\n|-weather|Sandstorm|[upkeep]\n|-damage|p2b: Sinistcha|89/100|[from] Sandstorm\n|-damage|p1b: bring me to life|88/100|[from] Sandstorm\n|-fieldend|move: Trick Room\n|upkeep\n|turn|6\n|\n|t:|1776232750\n|move|p2b: Sinistcha|Rage Powder|p2b: Sinistcha\n|-singleturn|p2b: Sinistcha|move: Rage Powder\n|move|p2a: Glimmora|Power Gem|p1b: bring me to life\n|-damage|p1b: bring me to life|4/100\n|move|p1b: bring me to life|Wave Crash|p2b: Sinistcha\n|-resisted|p2b: Sinistcha|1\n|-damage|p2b: Sinistcha|58/100\n|-damage|p1b: bring me to life|0 fnt|[from] Recoil\n|faint|p1b: bring me to life\n|move|p1a: The Wall|Heavy Slam|p2b: Sinistcha\n|-damage|p2b: Sinistcha|34/100\n|-enditem|p2b: Sinistcha|Sitrus Berry|[eat]\n|-heal|p2b: Sinistcha|58/100|[from] item: Sitrus Berry\n|\n|-weather|Sandstorm|[upkeep]\n|-damage|p2b: Sinistcha|52/100|[from] Sandstorm\n|upkeep\n|\n|t:|1776232754\n|switch|p1b: pelepelelepelipper|Pelipper, L50, F|95/100\n|-weather|RainDance|[from] ability: Drizzle|[of] p1b: pelepelelepelipper\n|turn|7\n|inactive|boo1309 has 30 seconds left.\n|inactive|kirusaya has 30 seconds left.\n|inactive|boo1309 has 20 seconds left.\n|inactive|kirusaya has 20 seconds left.\n|inactive|boo1309 has 15 seconds left.\n|\n|t:|1776232795\n|switch|p2b: Tyranitar|Tyranitar, L50, F|100/100\n|-weather|Sandstorm|[from] ability: Sand Stream|[of] p2b: Tyranitar\n|move|p2a: Glimmora|Earth Power|p1a: The Wall\n|-supereffective|p1a: The Wall|1\n|-damage|p1a: The Wall|2/100\n|move|p1b: pelepelelepelipper|Hurricane|p2b: Tyranitar|[miss]\n|-miss|p1b: pelepelelepelipper|p2b: Tyranitar\n|move|p1a: The Wall|Body Press|p2a: Glimmora\n|-damage|p2a: Glimmora|5/100\n|\n|-weather|Sandstorm|[upkeep]\n|-damage|p1b: pelepelelepelipper|89/100|[from] Sandstorm\n|upkeep\n|turn|8\n|\n|t:|1776232818\n|move|p1a: The Wall|Protect|p1a: The Wall\n|-singleturn|p1a: The Wall|Protect\n|move|p2b: Tyranitar|Rock Slide|p1b: pelepelelepelipper|[spread] p1b\n|-activate|p1a: The Wall|move: Protect\n|-supereffective|p1b: pelepelelepelipper|1\n|-damage|p1b: pelepelelepelipper|9/100\n|move|p2a: Glimmora|Power Gem|p1b: pelepelelepelipper\n|-supereffective|p1b: pelepelelepelipper|1\n|-damage|p1b: pelepelelepelipper|0 fnt\n|faint|p1b: pelepelelepelipper\n|\n|-weather|Sandstorm|[upkeep]\n|upkeep\n|turn|9\n|-message|boo1309 forfeited.\n|\n|win|kirusaya\n|raw|boo1309's rating: 1163 &rarr; <strong>1144</strong><br />(-19 for losing)\n|raw|kirusaya's rating: 1253 &rarr; <strong>1272</strong><br />(+19 for winning)\n|l|\u2606boo1309\n|player|p1|\n",
  "uploadtime": 1776232971,
  "views": 32,
  "formatid": "gen9championsvgc2026regma",
  "rating": 1144,
  "private": 0,
  "password": null
}