{
  "id": "gen9championsvgc2026regma-2584848324",
  "format": "[Gen 9 Champions] VGC 2026 Reg M-A",
  "players": [
    "senselessnesses",
    "SunTufo"
  ],
  "log": "|j|\u2606senselessnesses\n|j|\u2606SunTufo\n|t:|1776288392\n|gametype|doubles\n|player|p1|senselessnesses|steven|1327\n|player|p2|SunTufo|li|1276\n|gen|9\n|tier|[Gen 9 Champions] VGC 2026 Reg M-A\n|rated|\n|rule|Species Clause: Limit one of each Pok\u00e9mon\n|rule|Item Clause: Limit 1 of each item\n|clearpoke\n|poke|p1|Aggron, L50, F|\n|poke|p1|Tyranitar, L50, F|\n|poke|p1|Dragapult, L50, M|\n|poke|p1|Sneasler, L50, F|\n|poke|p1|Sinistcha, L50|\n|poke|p1|Incineroar, L50, F|\n|poke|p2|Meowstic, L50, M|\n|poke|p2|Delphox, L50, M|\n|poke|p2|Garchomp, L50, M|\n|poke|p2|Sneasler, L50, M|\n|poke|p2|Basculegion, L50, M|\n|poke|p2|Whimsicott, L50, F|\n|teampreview|4\n|inactive|Battle timer is ON: inactive players will automatically lose when time's up. (requested by SunTufo)\n|inactive|SunTufo has 60 seconds left.\n|\n|t:|1776288437\n|teamsize|p1|4\n|teamsize|p2|4\n|start\n|switch|p1a: Dragapult|Dragapult, L50, M|100/100\n|switch|p1b: Incineroar|Incineroar, L50, F|100/100\n|switch|p2a: Meowstic|Meowstic, L50, M, shiny|100/100\n|switch|p2b: Delphox|Delphox, L50, M, shiny|100/100\n|-ability|p1b: Incineroar|Intimidate|boost\n|-unboost|p2a: Meowstic|atk|1\n|-unboost|p2b: Delphox|atk|1\n|turn|1\n|\n|t:|1776288461\n|switch|p2b: Whimsicott|Whimsicott, L50, F|100/100\n|move|p2a: Meowstic|Fake Out|p1b: Incineroar\n|-damage|p1b: Incineroar|97/100\n|move|p1a: Dragapult|Phantom Force||[still]\n|-prepare|p1a: Dragapult|Phantom Force\n|cant|p1b: Incineroar|flinch\n|\n|upkeep\n|turn|2\n|\n|t:|1776288477\n|move|p2b: Whimsicott|Tailwind|p2b: Whimsicott\n|-sidestart|p2: SunTufo|move: Tailwind\n|move|p2a: Meowstic|Psychic Terrain|p2a: Meowstic\n|-fieldstart|move: Psychic Terrain\n|move|p1a: Dragapult|Phantom Force|p2b: Whimsicott|[from] lockedmove\n|-damage|p2b: Whimsicott|33/100\n|move|p1b: Incineroar|Flare Blitz|p2b: Whimsicott\n|-supereffective|p2b: Whimsicott|1\n|-damage|p2b: Whimsicott|0 fnt\n|faint|p2b: Whimsicott\n|-damage|p1b: Incineroar|89/100|[from] Recoil\n|\n|upkeep\n|\n|t:|1776288483\n|switch|p2b: Delphox|Delphox, L50, M, shiny|100/100\n|turn|3\n|\n|t:|1776288499\n|detailschange|p2b: Delphox|Delphox-Mega, L50, M, shiny\n|-mega|p2b: Delphox|Delphox|Delphoxite\n|move|p1a: Dragapult|Protect|p1a: Dragapult\n|-singleturn|p1a: Dragapult|Protect\n|move|p2a: Meowstic|Gravity|p2a: Meowstic\n|-fieldstart|move: Gravity\n|move|p2b: Delphox|Hypnosis|p1a: Dragapult\n|-activate|p1a: Dragapult|move: Protect\n|move|p1b: Incineroar|Throat Chop|p2a: Meowstic\n|-supereffective|p2a: Meowstic|1\n|-damage|p2a: Meowstic|8/100\n|-start|p2a: Meowstic|Throat Chop|[silent]\n|\n|upkeep\n|turn|4\n|\n|t:|1776288523\n|switch|p2a: Basculegion|Basculegion, L50, M|100/100\n|switch|p1a: Tyranitar|Tyranitar, L50, F|100/100\n|-weather|Sandstorm|[from] ability: Sand Stream|[of] p1a: Tyranitar\n|move|p2b: Delphox|Hypnosis|p1a: Tyranitar\n|-status|p1a: Tyranitar|slp|[from] move: Hypnosis\n|move|p1b: Incineroar|Throat Chop|p2b: Delphox\n|-supereffective|p2b: Delphox|1\n|-damage|p2b: Delphox|6/100\n|-start|p2b: Delphox|Throat Chop|[silent]\n|\n|-weather|Sandstorm|[upkeep]\n|-damage|p2a: Basculegion|94/100|[from] Sandstorm\n|-damage|p2b: Delphox|0 fnt|[from] Sandstorm\n|-damage|p1b: Incineroar|83/100|[from] Sandstorm\n|faint|p2b: Delphox\n|upkeep\n|\n|t:|1776288527\n|switch|p2b: Meowstic|Meowstic, L50, M, shiny|8/100\n|turn|5\n|-message|SunTufo forfeited.\n|\n|win|senselessnesses\n|raw|senselessnesses's rating: 1327 &rarr; <strong>1344</strong><br />(+17 for winning)\n|raw|SunTufo's rating: 1276 &rarr; <strong>1255</strong><br />(-21 for losing)\n",
  "uploadtime": 1776288534,
  "views": 42,
  "formatid": "gen9championsvgc2026regma",
  "rating": 1255,
  "private": 0,
  "password": null
}