{
  "id": "gen9championsvgc2026regma-2581071314",
  "format": "[Gen 9 Champions] VGC 2026 Reg M-A",
  "players": [
    "PYS_Max",
    "Momoi Runa"
  ],
  "log": "|j|\u2606PYS_Max\n|j|\u2606Momoi Runa\n|t:|1775957135\n|gametype|doubles\n|player|p1|PYS_Max|clay|1355\n|player|p2|Momoi Runa|schoolkidf|1273\n|gen|9\n|tier|[Gen 9 Champions] VGC 2026 Reg M-A\n|rated|\n|rule|Species Clause: Limit one of each Pok\u00e9mon\n|rule|Item Clause: Limit 1 of each item\n|clearpoke\n|poke|p1|Floette-Eternal, L50, F|\n|poke|p1|Milotic, L50, M|\n|poke|p1|Sinistcha, L50|\n|poke|p1|Incineroar, L50, F|\n|poke|p1|Garchomp, L50, F|\n|poke|p1|Sneasler, L50, M|\n|poke|p2|Kangaskhan, L50, F|\n|poke|p2|Garchomp, L50, F|\n|poke|p2|Sneasler, L50, F|\n|poke|p2|Aegislash, L50, M|\n|poke|p2|Rotom-Heat, L50|\n|poke|p2|Sylveon, L50, F|\n|teampreview|4\n|c|\u2606PYS_Max|2014 team\n|c|\u2606PYS_Max|lol\n|c|\u2606PYS_Max|gl hf\n|c|\u2606Momoi Runa|vgc 2015\n|c|\u2606Momoi Runa|gl\n|\n|t:|1775957187\n|teamsize|p1|4\n|teamsize|p2|4\n|start\n|switch|p1a: Miloti\u0107|Milotic, L50, M|100/100\n|switch|p1b: Floette|Floette-Eternal, L50, F|100/100\n|switch|p2a: Sylveon|Sylveon, L50, F, shiny|100/100\n|switch|p2b: Sneasler|Sneasler, L50, F|100/100\n|turn|1\n|\n|t:|1775957203\n|switch|p1b: Incineroar|Incineroar, L50, F|100/100\n|-ability|p1b: Incineroar|Intimidate|boost\n|-unboost|p2a: Sylveon|atk|1\n|-unboost|p2b: Sneasler|atk|1\n|-enditem|p2b: Sneasler|White Herb\n|-clearnegativeboost|p2b: Sneasler|[silent]\n|move|p2b: Sneasler|Protect|p2b: Sneasler\n|-singleturn|p2b: Sneasler|Protect\n|move|p1a: Miloti\u0107|Scald|p2b: Sneasler\n|-activate|p2b: Sneasler|move: Protect\n|move|p2a: Sylveon|Hyper Voice|p1b: Incineroar|[spread] p1a,p1b\n|-damage|p1a: Miloti\u0107|69/100\n|-damage|p1b: Incineroar|56/100\n|\n|-heal|p1a: Miloti\u0107|75/100|[from] item: Leftovers\n|upkeep\n|turn|2\n|\n|t:|1775957251\n|switch|p1b: Sinistcha|Sinistcha, L50|100/100\n|-heal|p1a: Miloti\u0107|100/100|[from] ability: Hospitality|[of] p1b: Sinistcha\n|move|p2b: Sneasler|Close Combat|p1b: Sinistcha\n|-immune|p1b: Sinistcha\n|move|p1a: Miloti\u0107|Icy Wind|p2a: Sylveon|[spread] p2a,p2b\n|-damage|p2a: Sylveon|93/100\n|-damage|p2b: Sneasler|86/100\n|-unboost|p2a: Sylveon|spe|1\n|-unboost|p2b: Sneasler|spe|1\n|move|p2a: Sylveon|Hyper Voice|p1a: Miloti\u0107|[spread] p1a,p1b\n|-damage|p1a: Miloti\u0107|68/100\n|-damage|p1b: Sinistcha|60/100\n|\n|-heal|p1a: Miloti\u0107|74/100|[from] item: Leftovers\n|upkeep\n|turn|3\n|\n|t:|1775957294\n|move|p2b: Sneasler|Dire Claw|p1b: Sinistcha\n|-damage|p1b: Sinistcha|20/100\n|move|p1a: Miloti\u0107|Scald|p2a: Sylveon\n|-damage|p2a: Sylveon|74/100\n|-status|p2a: Sylveon|brn\n|move|p1b: Sinistcha|Matcha Gotcha|p2a: Sylveon|[spread] p2a,p2b\n|-resisted|p2b: Sneasler|1\n|-damage|p2a: Sylveon|57/100 brn\n|-heal|p1b: Sinistcha|30/100|[from] drain|[of] p2a: Sylveon\n|-damage|p2b: Sneasler|69/100\n|-heal|p1b: Sinistcha|38/100|[from] drain|[of] p2b: Sneasler\n|move|p2a: Sylveon|Hyper Voice|p1a: Miloti\u0107|[spread] p1a,p1b\n|-damage|p1a: Miloti\u0107|44/100\n|-damage|p1b: Sinistcha|0 fnt\n|faint|p1b: Sinistcha\n|\n|-heal|p1a: Miloti\u0107|50/100|[from] item: Leftovers\n|-damage|p2a: Sylveon|51/100 brn|[from] brn\n|upkeep\n|\n|t:|1775957320\n|switch|p1b: Incineroar|Incineroar, L50, F|56/100\n|-ability|p1b: Incineroar|Intimidate|boost\n|-unboost|p2a: Sylveon|atk|1\n|-unboost|p2b: Sneasler|atk|1\n|turn|4\n|\n|t:|1775957337\n|move|p2b: Sneasler|Protect|p2b: Sneasler\n|-singleturn|p2b: Sneasler|Protect\n|move|p2a: Sylveon|Detect|p2a: Sylveon\n|-singleturn|p2a: Sylveon|Protect\n|move|p1b: Incineroar|Fake Out|p2a: Sylveon\n|-activate|p2a: Sylveon|move: Protect\n|move|p1a: Miloti\u0107|Scald|p2b: Sneasler\n|-activate|p2b: Sneasler|move: Protect\n|\n|-heal|p1a: Miloti\u0107|56/100|[from] item: Leftovers\n|-damage|p2a: Sylveon|45/100 brn|[from] brn\n|upkeep\n|turn|5\n|\n|t:|1775957365\n|move|p2a: Sylveon|Helping Hand|p2b: Sneasler\n|-singleturn|p2b: Sneasler|Helping Hand|[of] p2a: Sylveon\n|move|p2b: Sneasler|Close Combat|p1b: Incineroar\n|-supereffective|p1b: Incineroar|1\n|-damage|p1b: Incineroar|0 fnt\n|-unboost|p2b: Sneasler|def|1\n|-unboost|p2b: Sneasler|spd|1\n|faint|p1b: Incineroar\n|move|p1a: Miloti\u0107|Scald|p2b: Sneasler\n|-damage|p2b: Sneasler|16/100\n|-status|p2b: Sneasler|brn\n|\n|-heal|p1a: Miloti\u0107|62/100|[from] item: Leftovers\n|-damage|p2b: Sneasler|10/100 brn|[from] brn\n|-damage|p2a: Sylveon|39/100 brn|[from] brn\n|upkeep\n|\n|t:|1775957372\n|switch|p1b: Floette|Floette-Eternal, L50, F|100/100\n|turn|6\n|\n|t:|1775957380\n|detailschange|p1b: Floette|Floette-Mega, L50, F\n|-mega|p1b: Floette|Floette|Floettite\n|-ability|p1b: Floette|Fairy Aura\n|move|p2a: Sylveon|Detect|p2a: Sylveon\n|-singleturn|p2a: Sylveon|Protect\n|move|p2b: Sneasler|Dire Claw|p1b: Floette\n|-supereffective|p1b: Floette|1\n|-damage|p1b: Floette|71/100\n|move|p1b: Floette|Dazzling Gleam|p2a: Sylveon|[spread] p2b\n|-activate|p2a: Sylveon|move: Protect\n|-damage|p2b: Sneasler|0 fnt\n|faint|p2b: Sneasler\n|move|p1a: Miloti\u0107|Life Dew|p1a: Miloti\u0107|[spread] p1a,p1b\n|-heal|p1a: Miloti\u0107|87/100\n|-heal|p1b: Floette|96/100\n|\n|-heal|p1a: Miloti\u0107|94/100|[from] item: Leftovers\n|-damage|p2a: Sylveon|33/100 brn|[from] brn\n|upkeep\n|\n|t:|1775957385\n|switch|p2b: Kangaskhan|Kangaskhan, L50, F|100/100\n|turn|7\n|\n|t:|1775957391\n|detailschange|p2b: Kangaskhan|Kangaskhan-Mega, L50, F\n|-mega|p2b: Kangaskhan|Kangaskhan|Kangaskhanite\n|move|p2a: Sylveon|Helping Hand|p2b: Kangaskhan\n|-singleturn|p2b: Kangaskhan|Helping Hand|[of] p2a: Sylveon\n|move|p1b: Floette|Protect|p1b: Floette\n|-singleturn|p1b: Floette|Protect\n|move|p1a: Miloti\u0107|Protect|p1a: Miloti\u0107\n|-singleturn|p1a: Miloti\u0107|Protect\n|move|p2b: Kangaskhan|Double-Edge|p1a: Miloti\u0107\n|-activate|p1a: Miloti\u0107|move: Protect\n|\n|-heal|p1a: Miloti\u0107|99/100|[from] item: Leftovers\n|-damage|p2a: Sylveon|27/100 brn|[from] brn\n|upkeep\n|turn|8\n|\n|t:|1775957409\n|move|p2a: Sylveon|Helping Hand|p2b: Kangaskhan\n|-singleturn|p2b: Kangaskhan|Helping Hand|[of] p2a: Sylveon\n|move|p1b: Floette|Dazzling Gleam|p2b: Kangaskhan|[spread] p2a,p2b\n|-damage|p2a: Sylveon|1/100 brn\n|-damage|p2b: Kangaskhan|69/100\n|move|p2b: Kangaskhan|Double-Edge|p1b: Floette\n|-damage|p1b: Floette|0 fnt\n|faint|p1b: Floette\n|-hitcount|p1: Floette|1\n|-damage|p2b: Kangaskhan|42/100|[from] Recoil\n|move|p1a: Miloti\u0107|Icy Wind|p2b: Kangaskhan|[spread] p2a,p2b\n|-damage|p2a: Sylveon|0 fnt\n|-damage|p2b: Kangaskhan|34/100\n|-unboost|p2b: Kangaskhan|spe|1\n|faint|p2a: Sylveon\n|\n|-heal|p1a: Miloti\u0107|100/100|[from] item: Leftovers\n|upkeep\n|\n|t:|1775957420\n|switch|p2a: Aegislash|Aegislash, L50, M, shiny|100/100\n|turn|9\n|\n|t:|1775957435\n|move|p1a: Miloti\u0107|Scald|p2b: Kangaskhan\n|-damage|p2b: Kangaskhan|11/100\n|-formechange|p2a: Aegislash|Aegislash-Blade|\n|move|p2a: Aegislash|Shadow Ball|p1a: Miloti\u0107\n|-damage|p1a: Miloti\u0107|66/100\n|move|p2b: Kangaskhan|Double-Edge|p1a: Miloti\u0107\n|-damage|p1a: Miloti\u0107|10/100\n|-damage|p1a: Miloti\u0107|0 fnt\n|faint|p1a: Miloti\u0107\n|-hitcount|p1: Miloti\u0107|2\n|-damage|p2b: Kangaskhan|0 fnt|[from] Recoil\n|faint|p2b: Kangaskhan\n|\n|win|Momoi Runa\n|raw|PYS_Max's rating: 1355 &rarr; <strong>1330</strong><br />(-25 for losing)\n|raw|Momoi Runa's rating: 1273 &rarr; <strong>1304</strong><br />(+31 for winning)\n",
  "uploadtime": 1775957448,
  "views": 34,
  "formatid": "gen9championsvgc2026regma",
  "rating": 1304,
  "private": 0,
  "password": null
}