{
  "id": "gen9championsvgc2026regma-2583274492",
  "format": "[Gen 9 Champions] VGC 2026 Reg M-A",
  "players": [
    "funmer",
    "Jollepapu"
  ],
  "log": "|j|\u2606funmer\n|j|\u2606Jollepapu\n|t:|1776162062\n|gametype|doubles\n|player|p1|funmer|101|1102\n|player|p2|Jollepapu|ethan|1029\n|gen|9\n|tier|[Gen 9 Champions] VGC 2026 Reg M-A\n|rated|\n|rule|Species Clause: Limit one of each Pok\u00e9mon\n|rule|Item Clause: Limit 1 of each item\n|clearpoke\n|poke|p1|Froslass, L50, F|\n|poke|p1|Garchomp, L50, M|\n|poke|p1|Incineroar, L50, F|\n|poke|p1|Sneasler, L50, F|\n|poke|p1|Rotom-Wash, L50|\n|poke|p1|Whimsicott, L50, F|\n|poke|p2|Dragonite, L50, F|\n|poke|p2|Pelipper, L50, M|\n|poke|p2|Alcremie, L50, F|\n|poke|p2|Sneasler, L50, F|\n|poke|p2|Rotom-Wash, L50|\n|poke|p2|Gliscor, L50, F|\n|teampreview|4\n|inactive|Battle timer is ON: inactive players will automatically lose when time's up. (requested by funmer)\n|\n|t:|1776162104\n|teamsize|p1|4\n|teamsize|p2|4\n|start\n|switch|p1a: Rotom|Rotom-Wash, L50|100/100\n|switch|p1b: Froslass|Froslass, L50, F|100/100\n|switch|p2a: Ralsei|Pelipper, L50, M, shiny|100/100\n|switch|p2b: Anti-Incin|Sneasler, L50, F, shiny|100/100\n|-weather|RainDance|[from] ability: Drizzle|[of] p2a: Ralsei\n|turn|1\n|inactive|funmer has 30 seconds left.\n|\n|t:|1776162132\n|detailschange|p1b: Froslass|Froslass-Mega, L50, F\n|-mega|p1b: Froslass|Froslass|Froslassite\n|-weather|Snowscape|[from] ability: Snow Warning|[of] p1b: Froslass\n|move|p2b: Anti-Incin|Fake Out|p1a: Rotom\n|-damage|p1a: Rotom|86/100\n|move|p1b: Froslass|Blizzard|p2a: Ralsei|[spread] p2a,p2b\n|-crit|p2b: Anti-Incin\n|-damage|p2a: Ralsei|41/100\n|-damage|p2b: Anti-Incin|27/100\n|cant|p1a: Rotom|flinch\n|move|p2a: Ralsei|Tailwind|p2a: Ralsei\n|-sidestart|p2: Jollepapu|move: Tailwind\n|\n|-weather|Snowscape|[upkeep]\n|upkeep\n|turn|2\n|inactive|funmer has 30 seconds left.\n|inactive|Jollepapu has 30 seconds left.\n|inactive|Jollepapu has 20 seconds left.\n|\n|t:|1776162171\n|move|p2b: Anti-Incin|Dire Claw|p1a: Rotom\n|-damage|p1a: Rotom|42/100\n|move|p1b: Froslass|Blizzard|p2a: Ralsei|[spread] p2a,p2b\n|-damage|p2a: Ralsei|0 fnt\n|-damage|p2b: Anti-Incin|0 fnt\n|faint|p2a: Ralsei\n|faint|p2b: Anti-Incin\n|move|p1a: Rotom|Volt Switch|p2: Ralsei|[notarget]\n|-fail|p1a: Rotom\n|\n|-weather|Snowscape|[upkeep]\n|upkeep\n|\n|t:|1776162183\n|switch|p2b: Idk|Rotom-Wash, L50|100/100\n|switch|p2a: Titan|Dragonite, L50, F|100/100\n|turn|3\n|inactive|Jollepapu has 30 seconds left.\n|inactive|Jollepapu has 20 seconds left.\n|inactive|Jollepapu has 15 seconds left.\n|inactive|Jollepapu has 10 seconds left.\n|inactive|Jollepapu has 5 seconds left.\n|\n|t:|1776162235\n|detailschange|p2a: Titan|Dragonite-Mega, L50, F\n|-mega|p2a: Titan|Dragonite|Dragoninite\n|move|p1b: Froslass|Protect|p1b: Froslass\n|-singleturn|p1b: Froslass|Protect\n|move|p2b: Idk|Dark Pulse|p1b: Froslass\n|-activate|p1b: Froslass|move: Protect\n|move|p2a: Titan|Iron Head|p1b: Froslass\n|-activate|p1b: Froslass|move: Protect\n|move|p1a: Rotom|Volt Switch|p2a: Titan\n|-damage|p2a: Titan|81/100\n|\n|t:|1776162248\n|switch|p1a: Whimsicott|Whimsicott, L50, F|100/100|[from] Volt Switch\n|\n|-weather|Snowscape|[upkeep]\n|upkeep\n|turn|4\n|\n|t:|1776162258\n|move|p1a: Whimsicott|Tailwind|p1a: Whimsicott\n|-sidestart|p1: funmer|move: Tailwind\n|move|p2b: Idk|Dark Pulse|p1b: Froslass\n|-supereffective|p1b: Froslass|1\n|-damage|p1b: Froslass|49/100\n|move|p1b: Froslass|Blizzard|p2a: Titan|[spread] p2a,p2b\n|-supereffective|p2a: Titan|2\n|-resisted|p2b: Idk|1\n|-damage|p2a: Titan|0 fnt\n|-damage|p2b: Idk|72/100\n|faint|p2a: Titan\n|\n|-weather|Snowscape|[upkeep]\n|-sideend|p2: Jollepapu|move: Tailwind\n|upkeep\n|turn|5\n|\n|t:|1776162275\n|switch|p1b: Sneasler|Sneasler, L50, F|100/100\n|move|p1a: Whimsicott|Encore|p2b: Idk\n|-start|p2b: Idk|Encore\n|move|p2b: Idk|Dark Pulse|p1b: Sneasler\n|-resisted|p1b: Sneasler|1\n|-damage|p1b: Sneasler|83/100\n|\n|-weather|none\n|upkeep\n|turn|6\n|-message|Jollepapu forfeited.\n|\n|win|funmer\n|raw|funmer's rating: 1102 &rarr; <strong>1122</strong><br />(+20 for winning)\n|raw|Jollepapu's rating: 1029 &rarr; <strong>1018</strong><br />(-11 for losing)\n|l|\u2606Jollepapu\n|player|p2|\n|c|\u2606funmer|gg\n",
  "uploadtime": 1776162311,
  "views": 14,
  "formatid": "gen9championsvgc2026regma",
  "rating": 1018,
  "private": 0,
  "password": null
}