{
  "id": "gen9championsvgc2026regma-2583625029",
  "format": "[Gen 9 Champions] VGC 2026 Reg M-A",
  "players": [
    "alkdfe",
    "metaroou"
  ],
  "log": "|j|\u2606alkdfe\n|j|\u2606metaroou\n|t:|1776187265\n|gametype|doubles\n|player|p1|alkdfe|101|1126\n|player|p2|metaroou|rocketgrunt|1186\n|gen|9\n|tier|[Gen 9 Champions] VGC 2026 Reg M-A\n|rated|\n|rule|Species Clause: Limit one of each Pok\u00e9mon\n|rule|Item Clause: Limit 1 of each item\n|clearpoke\n|poke|p1|Charizard, L50, F|\n|poke|p1|Sneasler, L50, F|\n|poke|p1|Basculegion, L50, M|\n|poke|p1|Garchomp, L50, F|\n|poke|p1|Incineroar, L50, F|\n|poke|p1|Venusaur, L50, M|\n|poke|p2|Scizor, L50, M|\n|poke|p2|Pelipper, L50, M|\n|poke|p2|Archaludon, L50, M|\n|poke|p2|Basculegion, L50, M|\n|poke|p2|Sinistcha, L50|\n|poke|p2|Arcanine-Hisui, L50, M|\n|teampreview|4\n|inactive|Battle timer is ON: inactive players will automatically lose when time's up. (requested by metaroou)\n|\n|t:|1776187303\n|teamsize|p1|4\n|teamsize|p2|4\n|start\n|switch|p1a: Charizard|Charizard, L50, F|100/100\n|switch|p1b: Venusaur|Venusaur, L50, M|100/100\n|switch|p2a: Montella|Arcanine-Hisui, L50, M|100/100\n|switch|p2b: Totti|Scizor, L50, M|100/100\n|turn|1\n|\n|t:|1776187320\n|detailschange|p1a: Charizard|Charizard-Mega-Y, L50, F\n|-mega|p1a: Charizard|Charizard|Charizardite Y\n|-weather|SunnyDay|[from] ability: Drought|[of] p1a: Charizard\n|detailschange|p2b: Totti|Scizor-Mega, L50, M\n|-mega|p2b: Totti|Scizor|Scizorite\n|move|p1a: Charizard|Protect|p1a: Charizard\n|-singleturn|p1a: Charizard|Protect\n|move|p1b: Venusaur|Sleep Powder|p2a: Montella\n|-status|p2a: Montella|slp|[from] move: Sleep Powder\n|cant|p2a: Montella|slp\n|move|p2b: Totti|Swords Dance|p2b: Totti\n|-boost|p2b: Totti|atk|2\n|\n|-weather|SunnyDay|[upkeep]\n|upkeep\n|turn|2\n|\n|t:|1776187339\n|move|p2b: Totti|Bullet Punch|p1b: Venusaur\n|-damage|p1b: Venusaur|8/100\n|move|p1b: Venusaur|Sleep Powder|p2b: Totti|[miss]\n|-miss|p1b: Venusaur|p2b: Totti\n|cant|p2a: Montella|slp\n|move|p1a: Charizard|Heat Wave|p2a: Montella|[spread] p2a,p2b\n|-resisted|p2a: Montella|2\n|-supereffective|p2b: Totti|2\n|-crit|p2b: Totti\n|-damage|p2a: Montella|78/100 slp\n|-damage|p2b: Totti|0 fnt\n|faint|p2b: Totti\n|\n|-weather|SunnyDay|[upkeep]\n|upkeep\n|\n|t:|1776187348\n|switch|p2b: Tommasi|Pelipper, L50, M, shiny|100/100\n|-weather|RainDance|[from] ability: Drizzle|[of] p2b: Tommasi\n|turn|3\n|\n|t:|1776187365\n|switch|p1a: Garchomp|Garchomp, L50, F|100/100\n|-curestatus|p2a: Montella|slp|[msg]\n|move|p2a: Montella|Rock Slide|p1b: Venusaur|[spread] p1a,p1b\n|-resisted|p1a: Garchomp|1\n|-crit|p1a: Garchomp\n|-damage|p1a: Garchomp|82/100\n|-damage|p1b: Venusaur|0 fnt\n|faint|p1b: Venusaur\n|move|p2b: Tommasi|Hurricane|p1a: Garchomp\n|-damage|p1a: Garchomp|43/100\n|-start|p1a: Garchomp|confusion\n|\n|-weather|RainDance|[upkeep]\n|upkeep\n|\n|t:|1776187377\n|switch|p1b: Charizard|Charizard-Mega-Y, L50, F|100/100\n|-weather|SunnyDay|[from] ability: Drought|[of] p1b: Charizard\n|turn|4\n|\n|t:|1776187400\n|switch|p2b: Batistuta|Archaludon, L50, M|100/100\n|move|p2a: Montella|Rock Slide|p1a: Garchomp|[spread] p1a\n|-miss|p2a: Montella|p1b: Charizard\n|-resisted|p1a: Garchomp|1\n|-damage|p1a: Garchomp|32/100\n|-activate|p1a: Garchomp|confusion\n|move|p1a: Garchomp|Earthquake|p2a: Montella|[spread] p2a,p2b\n|-immune|p1b: Charizard\n|-supereffective|p2a: Montella|2\n|-supereffective|p2b: Batistuta|1\n|-damage|p2a: Montella|0 fnt\n|-damage|p2b: Batistuta|46/100\n|-ability|p2b: Batistuta|Stamina|boost\n|-boost|p2b: Batistuta|def|1\n|faint|p2a: Montella\n|move|p1b: Charizard|Heat Wave|p2b: Batistuta|[miss]\n|-miss|p1b: Charizard|p2b: Batistuta\n|\n|-weather|SunnyDay|[upkeep]\n|upkeep\n|\n|t:|1776187411\n|switch|p2a: Tommasi|Pelipper, L50, M, shiny|100/100\n|-weather|RainDance|[from] ability: Drizzle|[of] p2a: Tommasi\n|turn|5\n|inactive|metaroou has 30 seconds left.\n|inactive|metaroou has 20 seconds left.\n|inactive|metaroou has 15 seconds left.\n|\n|t:|1776187452\n|switch|p1b: Incineroar|Incineroar, L50, F|100/100\n|-ability|p1b: Incineroar|Intimidate|boost\n|-unboost|p2a: Tommasi|atk|1\n|-unboost|p2b: Batistuta|atk|1\n|-end|p1a: Garchomp|confusion\n|move|p1a: Garchomp|Protect|p1a: Garchomp\n|-singleturn|p1a: Garchomp|Protect\n|move|p2a: Tommasi|Tailwind|p2a: Tommasi\n|-sidestart|p2: metaroou|move: Tailwind\n|move|p2b: Batistuta|Dragon Pulse|p1a: Garchomp\n|-activate|p1a: Garchomp|move: Protect\n|\n|-weather|RainDance|[upkeep]\n|upkeep\n|turn|6\n|inactive|alkdfe has 30 seconds left.\n|\n|t:|1776187480\n|move|p1b: Incineroar|Fake Out|p2b: Batistuta\n|-resisted|p2b: Batistuta|1\n|-damage|p2b: Batistuta|43/100\n|-ability|p2b: Batistuta|Stamina|boost\n|-boost|p2b: Batistuta|def|1\n|move|p2a: Tommasi|Weather Ball|p1a: Garchomp\n|-damage|p1a: Garchomp|0 fnt\n|faint|p1a: Garchomp\n|cant|p2b: Batistuta|flinch\n|\n|-weather|RainDance|[upkeep]\n|upkeep\n|\n|t:|1776187490\n|switch|p1a: Charizard|Charizard-Mega-Y, L50, F|100/100\n|-weather|SunnyDay|[from] ability: Drought|[of] p1a: Charizard\n|turn|7\n|\n|t:|1776187503\n|move|p2a: Tommasi|Hurricane|p1b: Incineroar|[miss]\n|-miss|p2a: Tommasi|p1b: Incineroar\n|move|p2b: Batistuta|Draco Meteor|p1a: Charizard\n|-damage|p1a: Charizard|32/100\n|-unboost|p2b: Batistuta|spa|2\n|-heal|p2b: Batistuta|49/100|[from] item: Shell Bell|[of] p1a: Charizard\n|move|p1a: Charizard|Heat Wave|p2b: Batistuta|[spread] p2a,p2b\n|-resisted|p2a: Tommasi|1\n|-damage|p2a: Tommasi|40/100\n|-damage|p2b: Batistuta|0 fnt\n|faint|p2b: Batistuta\n|move|p1b: Incineroar|Parting Shot|p2a: Tommasi\n|-unboost|p2a: Tommasi|atk|1\n|-unboost|p2a: Tommasi|spa|1\n|\n|-weather|SunnyDay|[upkeep]\n|-heal|p2a: Tommasi|46/100|[from] item: Leftovers\n|upkeep\n|turn|8\n|-message|metaroou forfeited.\n|\n|win|alkdfe\n|raw|alkdfe's rating: 1126 &rarr; <strong>1155</strong><br />(+29 for winning)\n|raw|metaroou's rating: 1186 &rarr; <strong>1157</strong><br />(-29 for losing)\n|l|\u2606metaroou\n|player|p2|\n",
  "uploadtime": 1776187523,
  "views": 26,
  "formatid": "gen9championsvgc2026regma",
  "rating": 1155,
  "private": 0,
  "password": null
}