{
  "id": "gen9championsvgc2026regma-2581916936",
  "format": "[Gen 9 Champions] VGC 2026 Reg M-A",
  "players": [
    "free-bean-joe",
    "ryne0"
  ],
  "log": "|j|\u2606free-bean-joe\n|j|\u2606ryne0\n|t:|1776039534\n|gametype|doubles\n|player|p1|free-bean-joe|170|1000\n|player|p2|ryne0|265|1028\n|gen|9\n|tier|[Gen 9 Champions] VGC 2026 Reg M-A\n|rated|\n|rule|Species Clause: Limit one of each Pok\u00e9mon\n|rule|Item Clause: Limit 1 of each item\n|clearpoke\n|poke|p1|Klefki, L50, F|\n|poke|p1|Sneasler, L50, F|\n|poke|p1|Corviknight, L50, F|\n|poke|p1|Slowbro, L50, M|\n|poke|p1|Garchomp, L50, M|\n|poke|p1|Sinistcha, L50|\n|poke|p2|Meowscarada, L50, M|\n|poke|p2|Froslass, L50, F|\n|poke|p2|Chandelure, L50, F|\n|poke|p2|Aegislash, L50, M|\n|poke|p2|Whimsicott, L50, F|\n|poke|p2|Drampa, L50, F|\n|teampreview|4\n|\n|t:|1776039585\n|teamsize|p1|4\n|teamsize|p2|4\n|start\n|switch|p1a: Klefki|Klefki, L50, F|100/100\n|switch|p1b: Sneasler|Sneasler, L50, F|100/100\n|switch|p2a: Whimsicott|Whimsicott, L50, F|100/100\n|switch|p2b: Chandelure|Chandelure, L50, F|100/100\n|turn|1\n|inactive|Battle timer is ON: inactive players will automatically lose when time's up. (requested by ryne0)\n|\n|t:|1776039625\n|move|p1b: Sneasler|Fake Out|p2a: Whimsicott\n|-damage|p2a: Whimsicott|79/100\n|move|p1a: Klefki|Light Screen|p1a: Klefki\n|-sidestart|p1: free-bean-joe|move: Light Screen\n|move|p2b: Chandelure|Heat Wave|p1a: Klefki|[spread] p1a,p1b\n|-supereffective|p1a: Klefki|1\n|-enditem|p1a: Klefki|Occa Berry|[eat]\n|-enditem|p1a: Klefki|Occa Berry|[weaken]\n|-damage|p1a: Klefki|67/100\n|-damage|p1b: Sneasler|51/100\n|cant|p2a: Whimsicott|flinch\n|\n|upkeep\n|turn|2\n|\n|t:|1776039646\n|move|p1b: Sneasler|Dire Claw|p2a: Whimsicott\n|-supereffective|p2a: Whimsicott|2\n|-damage|p2a: Whimsicott|0 fnt\n|faint|p2a: Whimsicott\n|move|p2b: Chandelure|Heat Wave|p1b: Sneasler|[spread] p1a,p1b\n|-supereffective|p1a: Klefki|1\n|-damage|p1a: Klefki|10/100\n|-damage|p1b: Sneasler|0 fnt\n|faint|p1b: Sneasler\n|move|p1a: Klefki|Foul Play|p2b: Chandelure\n|-supereffective|p2b: Chandelure|1\n|-damage|p2b: Chandelure|72/100\n|\n|upkeep\n|\n|t:|1776039665\n|switch|p1b: Slowbro|Slowbro, L50, M|100/100\n|switch|p2a: Aegislash|Aegislash, L50, M|100/100\n|turn|3\n|inactive|free-bean-joe has 30 seconds left.\n|inactive|ryne0 has 30 seconds left.\n|\n|t:|1776039694\n|detailschange|p1b: Slowbro|Slowbro-Mega, L50, M\n|-mega|p1b: Slowbro|Slowbro|Slowbronite\n|move|p2a: Aegislash|King's Shield|p2a: Aegislash\n|-singleturn|p2a: Aegislash|Protect\n|move|p2b: Chandelure|Shadow Ball|p1b: Slowbro\n|-supereffective|p1b: Slowbro|1\n|-damage|p1b: Slowbro|23/100\n|-unboost|p1b: Slowbro|spd|1\n|move|p1b: Slowbro|Surf|p2b: Chandelure|[spread] p1a,p2b\n|-activate|p2a: Aegislash|move: Protect\n|-supereffective|p2b: Chandelure|1\n|-damage|p1a: Klefki|0 fnt\n|-damage|p2b: Chandelure|0 fnt\n|faint|p1a: Klefki\n|faint|p2b: Chandelure\n|\n|upkeep\n|\n|t:|1776039711\n|switch|p2b: Drampa|Drampa, L50, F|100/100\n|switch|p1a: Corviknight|Corviknight, L50, F|100/100\n|-ability|p2b: Drampa|Cloud Nine\n|turn|4\n|inactive|ryne0 has 30 seconds left.\n|inactive|ryne0 has 20 seconds left.\n|\n|t:|1776039746\n|detailschange|p2b: Drampa|Drampa-Mega, L50, F\n|-mega|p2b: Drampa|Drampa|Drampanite\n|move|p1b: Slowbro|Protect|p1b: Slowbro\n|-singleturn|p1b: Slowbro|Protect\n|move|p1a: Corviknight|Brave Bird|p2b: Drampa\n|-damage|p2b: Drampa|45/100\n|-damage|p1a: Corviknight|84/100|[from] Recoil\n|-ability|p2b: Drampa|Berserk|boost\n|-boost|p2b: Drampa|spa|1\n|-formechange|p2a: Aegislash|Aegislash-Blade|\n|move|p2a: Aegislash|Sacred Sword|p1a: Corviknight\n|-damage|p1a: Corviknight|55/100\n|move|p2b: Drampa|Hyper Voice|p1a: Corviknight|[spread] p1a\n|-activate|p1b: Slowbro|move: Protect\n|-resisted|p1a: Corviknight|1\n|-damage|p1a: Corviknight|33/100\n|\n|upkeep\n|turn|5\n|inactive|free-bean-joe has 30 seconds left.\n|inactive|ryne0 has 30 seconds left.\n|inactive|ryne0 has 20 seconds left.\n|inactive|ryne0 has 15 seconds left.\n|inactive|ryne0 has 10 seconds left.\n|\n|t:|1776039792\n|move|p1b: Slowbro|Protect||[still]\n|-fail|p1b: Slowbro\n|move|p1a: Corviknight|Brave Bird|p2b: Drampa\n|-damage|p2b: Drampa|0 fnt\n|faint|p2b: Drampa\n|-damage|p1a: Corviknight|20/100|[from] Recoil\n|move|p2a: Aegislash|Giga Impact|p1b: Slowbro\n|-damage|p1b: Slowbro|0 fnt\n|-mustrecharge|p2a: Aegislash\n|faint|p1b: Slowbro\n|\n|-sideend|p1: free-bean-joe|move: Light Screen\n|upkeep\n|turn|6\n|\n|t:|1776039815\n|move|p1a: Corviknight|Brave Bird|p2a: Aegislash\n|-resisted|p2a: Aegislash|1\n|-crit|p2a: Aegislash\n|-damage|p2a: Aegislash|16/100\n|-damage|p1a: Corviknight|0 fnt|[from] Recoil\n|faint|p1a: Corviknight\n|\n|win|ryne0\n|raw|free-bean-joe's rating: 1000 &rarr; <strong>1000</strong><br />(+0 for losing)\n|raw|ryne0's rating: 1028 &rarr; <strong>1061</strong><br />(+33 for winning)\n|l|\u2606free-bean-joe\n|player|p1|\n",
  "uploadtime": 1776039876,
  "views": 18,
  "formatid": "gen9championsvgc2026regma",
  "rating": 1000,
  "private": 0,
  "password": null
}