{
  "id": "gen9championsvgc2026regma-2588541473",
  "format": "[Gen 9 Champions] VGC 2026 Reg M-A",
  "players": [
    "zoronette",
    "Better Luck VGC"
  ],
  "log": "|j|\u2606zoronette\n|j|\u2606Better Luck VGC\n|t:|1776643167\n|gametype|doubles\n|player|p1|zoronette|n-masters2|\n|player|p2|Better Luck VGC|caitlin|\n|gen|9\n|tier|[Gen 9 Champions] VGC 2026 Reg M-A\n|rated|Tournament battle\n|rule|Species Clause: Limit one of each Pok\u00e9mon\n|rule|Item Clause: Limit 1 of each item\n|raw|<div class=\"infobox\"><details class=\"readmore\" open><summary><strong>1 custom rule:</strong></summary> Force Open Team Sheets</details></div>\n|clearpoke\n|poke|p1|Pelipper, L50, F, shiny|\n|poke|p1|Archaludon, L50, F, shiny|\n|poke|p1|Sneasler, L50, M|\n|poke|p1|Meganium, L50, M, shiny|\n|poke|p1|Basculegion, L50, M, shiny|\n|poke|p1|Sableye, L50, M|\n|poke|p2|Meganium, L50, M|\n|poke|p2|Tyranitar, L50, F|\n|poke|p2|Sinistcha, L50|\n|poke|p2|Basculegion, L50, M|\n|poke|p2|Incineroar, L50, F|\n|poke|p2|Aerodactyl, L50, M|\n|teampreview|4\n|showteam|p1|Pelipper||FocusSash|Drizzle|Hurricane,WeatherBall,Protect,Tailwind|||F|||50|]Archaludon||Leftovers|Stamina|Protect,ElectroShot,DracoMeteor,FlashCannon|||F|||50|]Sneasler||WhiteHerb|Unburden|DireClaw,CloseCombat,FakeOut,Protect|||M|||50|]Meganium||Meganiumite|Overgrow|SolarBeam,WeatherBall,DazzlingGleam,Protect|||M|||50|]Basculegion||MysticWater|SwiftSwim|AquaJet,WaveCrash,Protect,LastRespects|||M|||50|]Sableye||MentalHerb|Prankster|Quash,RainDance,Protect,FoulPlay|||M|||50|\n|showteam|p2|Meganium||Meganiumite|Overgrow|DazzlingGleam,SolarBeam,WeatherBall,Protect|||M|||50|]Tyranitar||Tyranitarite|SandStream|RockSlide,Crunch,LowKick,Protect|||F|||50|]Sinistcha||SitrusBerry|Hospitality|RagePowder,TrickRoom,MatchaGotcha,LifeDew||||||50|]Basculegion||MysticWater|Adaptability|WaveCrash,LastRespects,AquaJet,Protect|||M|||50|]Incineroar||WhiteHerb|Intimidate|FlareBlitz,FakeOut,Superpower,PartingShot|||F|||50|]Aerodactyl||FocusSash|Unnerve|RockSlide,DualWingbeat,Tailwind,Protect|||M|||50|\n|inactive|Battle timer is ON: inactive players will automatically lose when time's up. (requested by zoronette)\n|j| luffy_5086\n|inactive|zoronette has 60 seconds left.\n|inactive|Better Luck VGC has 60 seconds left.\n|inactive|Better Luck VGC has 30 seconds left.\n|inactive|Better Luck VGC has 20 seconds left.\n|inactive|Better Luck VGC has 15 seconds left.\n|\n|t:|1776643244\n|teamsize|p1|4\n|teamsize|p2|4\n|start\n|switch|p1a: Sneasler|Sneasler, L50, M|100/100\n|switch|p1b: Basculegion|Basculegion, L50, M, shiny|100/100\n|switch|p2a: Cecilily|Meganium, L50, M|100/100\n|switch|p2b: Aerodactyl|Aerodactyl, L50, M|100/100\n|-ability|p2b: Aerodactyl|Unnerve\n|turn|1\n|\n|t:|1776643257\n|move|p2b: Aerodactyl|Protect|p2b: Aerodactyl\n|-singleturn|p2b: Aerodactyl|Protect\n|move|p2a: Cecilily|Protect|p2a: Cecilily\n|-singleturn|p2a: Cecilily|Protect\n|move|p1a: Sneasler|Dire Claw|p2a: Cecilily\n|-activate|p2a: Cecilily|move: Protect\n|move|p1b: Basculegion|Wave Crash|p2b: Aerodactyl\n|-activate|p2b: Aerodactyl|move: Protect\n|\n|upkeep\n|turn|2\n|\n|t:|1776643274\n|detailschange|p2a: Cecilily|Meganium-Mega, L50, M\n|-mega|p2a: Cecilily|Meganium|Meganiumite\n|move|p2b: Aerodactyl|Dual Wingbeat|p1a: Sneasler\n|-supereffective|p1a: Sneasler|1\n|-damage|p1a: Sneasler|42/100\n|-supereffective|p1a: Sneasler|1\n|-damage|p1a: Sneasler|0 fnt\n|faint|p1a: Sneasler\n|-hitcount|p1: Sneasler|2\n|move|p1b: Basculegion|Wave Crash|p2b: Aerodactyl\n|-supereffective|p2b: Aerodactyl|1\n|-enditem|p2b: Aerodactyl|Focus Sash\n|-damage|p2b: Aerodactyl|1/100\n|-damage|p1b: Basculegion|76/100|[from] Recoil\n|move|p2a: Cecilily|Solar Beam||[still]\n|-prepare|p2a: Cecilily|Solar Beam\n|-activate|p2a: Cecilily|ability: Mega Sol\n|-anim|p2a: Cecilily|Solar Beam|p1b: Basculegion\n|-supereffective|p1b: Basculegion|1\n|-damage|p1b: Basculegion|0 fnt\n|faint|p1b: Basculegion\n|\n|upkeep\n|\n|t:|1776643279\n|switch|p1a: Archaludon|Archaludon, L50, F, shiny|100/100\n|switch|p1b: Pelipper|Pelipper, L50, F, shiny|100/100\n|-weather|RainDance|[from] ability: Drizzle|[of] p1b: Pelipper\n|turn|3\n|inactive|Better Luck VGC has 30 seconds left.\n|\n|t:|1776643307\n|move|p2b: Aerodactyl|Tailwind|p2b: Aerodactyl\n|-sidestart|p2: Better Luck VGC|move: Tailwind\n|move|p2a: Cecilily|Solar Beam||[still]\n|-prepare|p2a: Cecilily|Solar Beam\n|-activate|p2a: Cecilily|ability: Mega Sol\n|-anim|p2a: Cecilily|Solar Beam|p1b: Pelipper\n|-enditem|p1b: Pelipper|Focus Sash\n|-damage|p1b: Pelipper|1/100\n|move|p1b: Pelipper|Tailwind|p1b: Pelipper\n|-sidestart|p1: zoronette|move: Tailwind\n|move|p1a: Archaludon|Flash Cannon|p2a: Cecilily\n|-supereffective|p2a: Cecilily|1\n|-crit|p2a: Cecilily\n|-damage|p2a: Cecilily|0 fnt\n|faint|p2a: Cecilily\n|\n|-weather|RainDance|[upkeep]\n|upkeep\n|\n|t:|1776643321\n|switch|p2a: Tyranitar|Tyranitar, L50, F|100/100\n|-weather|Sandstorm|[from] ability: Sand Stream|[of] p2a: Tyranitar\n|turn|4\n|\n|t:|1776643333\n|move|p2b: Aerodactyl|Rock Slide|p1a: Archaludon|[spread] p1a,p1b\n|-resisted|p1a: Archaludon|1\n|-supereffective|p1b: Pelipper|1\n|-damage|p1a: Archaludon|91/100\n|-damage|p1b: Pelipper|0 fnt\n|-ability|p1a: Archaludon|Stamina|boost\n|-boost|p1a: Archaludon|def|1\n|faint|p1b: Pelipper\n|move|p1a: Archaludon|Flash Cannon|p2a: Tyranitar\n|-supereffective|p2a: Tyranitar|1\n|-damage|p2a: Tyranitar|50/100\n|move|p2a: Tyranitar|Rock Slide|p1a: Archaludon|[miss]\n|-miss|p2a: Tyranitar|p1a: Archaludon\n|\n|-weather|Sandstorm|[upkeep]\n|-heal|p1a: Archaludon|97/100|[from] item: Leftovers\n|upkeep\n|turn|5\n|inactive|Better Luck VGC has 30 seconds left.\n|inactive|Better Luck VGC has 20 seconds left.\n|\n|t:|1776643372\n|move|p2b: Aerodactyl|Protect|p2b: Aerodactyl\n|-singleturn|p2b: Aerodactyl|Protect\n|move|p2a: Tyranitar|Protect|p2a: Tyranitar\n|-singleturn|p2a: Tyranitar|Protect\n|move|p1a: Archaludon|Flash Cannon|p2b: Aerodactyl\n|-activate|p2b: Aerodactyl|move: Protect\n|\n|-weather|Sandstorm|[upkeep]\n|-heal|p1a: Archaludon|100/100|[from] item: Leftovers\n|upkeep\n|turn|6\n|\n|t:|1776643386\n|move|p2b: Aerodactyl|Protect|p2b: Aerodactyl\n|-singleturn|p2b: Aerodactyl|Protect\n|move|p1a: Archaludon|Flash Cannon|p2b: Aerodactyl\n|-activate|p2b: Aerodactyl|move: Protect\n|move|p2a: Tyranitar|Low Kick|p1a: Archaludon\n|-supereffective|p1a: Archaludon|1\n|-damage|p1a: Archaludon|70/100\n|-ability|p1a: Archaludon|Stamina|boost\n|-boost|p1a: Archaludon|def|1\n|\n|-weather|Sandstorm|[upkeep]\n|-heal|p1a: Archaludon|76/100|[from] item: Leftovers\n|-sideend|p1: zoronette|move: Tailwind\n|-sideend|p2: Better Luck VGC|move: Tailwind\n|upkeep\n|turn|7\n|\n|t:|1776643398\n|move|p1a: Archaludon|Protect|p1a: Archaludon\n|-singleturn|p1a: Archaludon|Protect\n|move|p2b: Aerodactyl|Tailwind|p2b: Aerodactyl\n|-sidestart|p2: Better Luck VGC|move: Tailwind\n|move|p2a: Tyranitar|Low Kick|p1a: Archaludon\n|-activate|p1a: Archaludon|move: Protect\n|\n|-weather|Sandstorm|[upkeep]\n|-heal|p1a: Archaludon|82/100|[from] item: Leftovers\n|upkeep\n|turn|8\n|c|\u2606zoronette|F that\n|c|\u2606Better Luck VGC|i didnt want to give you more stamina\n|inactive|Better Luck VGC has 30 seconds left.\n|c|\u2606zoronette|No the double protect\n|inactive|Better Luck VGC has 20 seconds left.\n|c|\u2606zoronette|1/3 chance\n|inactive|Better Luck VGC has 15 seconds left.\n|inactive|Better Luck VGC has 10 seconds left.\n|c|\u2606Better Luck VGC|it happens sometimes though\n|\n|t:|1776643447\n|move|p2b: Aerodactyl|Protect|p2b: Aerodactyl\n|-singleturn|p2b: Aerodactyl|Protect\n|move|p2a: Tyranitar|Low Kick|p1a: Archaludon\n|-supereffective|p1a: Archaludon|1\n|-damage|p1a: Archaludon|57/100\n|-ability|p1a: Archaludon|Stamina|boost\n|-boost|p1a: Archaludon|def|1\n|move|p1a: Archaludon|Flash Cannon|p2a: Tyranitar\n|-supereffective|p2a: Tyranitar|1\n|-damage|p2a: Tyranitar|3/100\n|\n|-weather|none\n|-heal|p1a: Archaludon|63/100|[from] item: Leftovers\n|upkeep\n|turn|9\n|\n|t:|1776643464\n|move|p2b: Aerodactyl|Protect||[still]\n|-fail|p2b: Aerodactyl\n|move|p1a: Archaludon|Protect|p1a: Archaludon\n|-singleturn|p1a: Archaludon|Protect\n|move|p2a: Tyranitar|Low Kick|p1a: Archaludon\n|-activate|p1a: Archaludon|move: Protect\n|\n|-heal|p1a: Archaludon|69/100|[from] item: Leftovers\n|upkeep\n|turn|10\n|\n|t:|1776643475\n|move|p2b: Aerodactyl|Protect|p2b: Aerodactyl\n|-singleturn|p2b: Aerodactyl|Protect\n|move|p2a: Tyranitar|Low Kick|p1a: Archaludon\n|-supereffective|p1a: Archaludon|1\n|-damage|p1a: Archaludon|50/100\n|-ability|p1a: Archaludon|Stamina|boost\n|-boost|p1a: Archaludon|def|1\n|move|p1a: Archaludon|Flash Cannon|p2a: Tyranitar\n|-supereffective|p2a: Tyranitar|1\n|-damage|p2a: Tyranitar|0 fnt\n|faint|p2a: Tyranitar\n|\n|-heal|p1a: Archaludon|56/100|[from] item: Leftovers\n|-sideend|p2: Better Luck VGC|move: Tailwind\n|upkeep\n|\n|t:|1776643483\n|switch|p2a: Basculegion|Basculegion, L50, M|100/100\n|turn|11\n|j| H4irashi\n|\n|t:|1776643494\n|move|p1a: Archaludon|Protect|p1a: Archaludon\n|-singleturn|p1a: Archaludon|Protect\n|move|p2b: Aerodactyl|Tailwind|p2b: Aerodactyl\n|-sidestart|p2: Better Luck VGC|move: Tailwind\n|move|p2a: Basculegion|Last Respects|p1a: Archaludon\n|-activate|p1a: Archaludon|move: Protect\n|\n|-heal|p1a: Archaludon|62/100|[from] item: Leftovers\n|upkeep\n|turn|12\n|l| H4irashi\n|\n|t:|1776643504\n|move|p2b: Aerodactyl|Protect|p2b: Aerodactyl\n|-singleturn|p2b: Aerodactyl|Protect\n|move|p2a: Basculegion|Last Respects|p1a: Archaludon\n|-damage|p1a: Archaludon|32/100\n|-ability|p1a: Archaludon|Stamina|boost\n|-boost|p1a: Archaludon|def|1\n|move|p1a: Archaludon|Electro Shot||[still]\n|-prepare|p1a: Archaludon|Electro Shot\n|-boost|p1a: Archaludon|spa|1\n|\n|-heal|p1a: Archaludon|38/100|[from] item: Leftovers\n|upkeep\n|turn|13\n|\n|t:|1776643517\n|move|p2a: Basculegion|Protect|p2a: Basculegion\n|-singleturn|p2a: Basculegion|Protect\n|move|p2b: Aerodactyl|Rock Slide|p1a: Archaludon\n|-resisted|p1a: Archaludon|1\n|-damage|p1a: Archaludon|35/100\n|-ability|p1a: Archaludon|Stamina|boost\n|-boost|p1a: Archaludon|def|1\n|move|p1a: Archaludon|Electro Shot|p2a: Basculegion|[from] lockedmove\n|-activate|p2a: Basculegion|move: Protect\n|\n|-heal|p1a: Archaludon|41/100|[from] item: Leftovers\n|upkeep\n|turn|14\n|\n|t:|1776643536\n|move|p1a: Archaludon|Protect|p1a: Archaludon\n|-singleturn|p1a: Archaludon|Protect\n|move|p2a: Basculegion|Aqua Jet|p2b: Aerodactyl\n|-supereffective|p2b: Aerodactyl|1\n|-damage|p2b: Aerodactyl|0 fnt\n|faint|p2b: Aerodactyl\n|\n|-heal|p1a: Archaludon|47/100|[from] item: Leftovers\n|-sideend|p2: Better Luck VGC|move: Tailwind\n|upkeep\n|turn|15\n|\n|t:|1776643549\n|move|p2a: Basculegion|Last Respects|p1a: Archaludon\n|-damage|p1a: Archaludon|19/100\n|move|p1a: Archaludon|Electro Shot||[still]\n|-prepare|p1a: Archaludon|Electro Shot\n|-boost|p1a: Archaludon|spa|1\n|\n|-heal|p1a: Archaludon|25/100|[from] item: Leftovers\n|upkeep\n|turn|16\n|\n|t:|1776643554\n|move|p2a: Basculegion|Protect|p2a: Basculegion\n|-singleturn|p2a: Basculegion|Protect\n|move|p1a: Archaludon|Electro Shot|p2a: Basculegion|[from] lockedmove\n|-activate|p2a: Basculegion|move: Protect\n|\n|-heal|p1a: Archaludon|31/100|[from] item: Leftovers\n|upkeep\n|turn|17\n|\n|t:|1776643557\n|move|p1a: Archaludon|Protect|p1a: Archaludon\n|-singleturn|p1a: Archaludon|Protect\n|move|p2a: Basculegion|Last Respects|p1a: Archaludon\n|-activate|p1a: Archaludon|move: Protect\n|\n|-heal|p1a: Archaludon|37/100|[from] item: Leftovers\n|upkeep\n|turn|18\n|\n|t:|1776643562\n|move|p2a: Basculegion|Last Respects|p1a: Archaludon\n|-damage|p1a: Archaludon|8/100\n|move|p1a: Archaludon|Draco Meteor|p2a: Basculegion\n|-damage|p2a: Basculegion|0 fnt\n|-unboost|p1a: Archaludon|spa|2\n|faint|p2a: Basculegion\n|\n|win|zoronette\n|n|\u2606zoronette|zoronette\n|n|\u2606Better Luck VGC|betterluckvgc\n|n| luffy_5086|luffy5086\n",
  "uploadtime": 1776643563,
  "views": 5,
  "formatid": "gen9championsvgc2026regma",
  "rating": null,
  "private": 0,
  "password": null
}