{
  "id": "gen9championsvgc2026regma-2587961285",
  "format": "[Gen 9 Champions] VGC 2026 Reg M-A",
  "players": [
    "lilJesus07",
    "Tsekaiandincognito"
  ],
  "log": "|j|\u2606lilJesus07\n|j|\u2606Tsekaiandincognito\n|t:|1776585250\n|gametype|doubles\n|player|p1|lilJesus07|brawly|1223\n|player|p2|Tsekaiandincognito|170|1148\n|gen|9\n|tier|[Gen 9 Champions] VGC 2026 Reg M-A\n|rated|\n|rule|Species Clause: Limit one of each Pok\u00e9mon\n|rule|Item Clause: Limit 1 of each item\n|clearpoke\n|poke|p1|Ninetales-Alola, L50, M|\n|poke|p1|Incineroar, L50, M|\n|poke|p1|Kommo-o, L50, M|\n|poke|p1|Meganium, L50, M|\n|poke|p1|Aegislash, L50, F|\n|poke|p1|Arcanine-Hisui, L50, M, shiny|\n|poke|p2|Talonflame, L50, M|\n|poke|p2|Starmie, L50|\n|poke|p2|Krookodile, L50, F|\n|poke|p2|Gardevoir, L50, M|\n|poke|p2|Gengar, L50, M|\n|poke|p2|Aggron, L50, F|\n|teampreview|4\n|inactive|Battle timer is ON: inactive players will automatically lose when time's up. (requested by lilJesus07)\n|inactive|lilJesus07 has 60 seconds left.\n|\n|t:|1776585288\n|teamsize|p1|4\n|teamsize|p2|4\n|start\n|switch|p1a: Incineroar|Incineroar, L50, M|100/100\n|switch|p1b: Aegislash|Aegislash, L50, F|100/100\n|switch|p2a: Starmie|Starmie, L50|100/100\n|switch|p2b: Talonflame|Talonflame, L50, M|100/100\n|-ability|p1a: Incineroar|Intimidate|boost\n|-unboost|p2a: Starmie|atk|1\n|-unboost|p2b: Talonflame|atk|1\n|turn|1\n|\n|t:|1776585301\n|detailschange|p2a: Starmie|Starmie-Mega, L50\n|-mega|p2a: Starmie|Starmie|Starminite\n|move|p2b: Talonflame|Quick Guard|p2b: Talonflame\n|-singleturn|p2b: Talonflame|Quick Guard\n|move|p1a: Incineroar|Fake Out|p2b: Talonflame\n|-activate|p2b: Talonflame|move: Quick Guard\n|move|p2a: Starmie|Liquidation|p1a: Incineroar\n|-supereffective|p1a: Incineroar|1\n|-damage|p1a: Incineroar|0 fnt\n|faint|p1a: Incineroar\n|-formechange|p1b: Aegislash|Aegislash-Blade|\n|move|p1b: Aegislash|Poltergeist|p2a: Starmie|[miss]\n|-miss|p1b: Aegislash|p2a: Starmie\n|\n|upkeep\n|\n|t:|1776585320\n|switch|p1a: Ninetales|Ninetales-Alola, L50, M|100/100\n|-weather|Snowscape|[from] ability: Snow Warning|[of] p1a: Ninetales\n|turn|2\n|\n|t:|1776585327\n|move|p2a: Starmie|Protect|p2a: Starmie\n|-singleturn|p2a: Starmie|Protect\n|-formechange|p1b: Aegislash|Aegislash|\n|move|p1b: Aegislash|King's Shield|p1b: Aegislash\n|-singleturn|p1b: Aegislash|Protect\n|move|p2b: Talonflame|Quick Guard|p2b: Talonflame\n|-singleturn|p2b: Talonflame|Quick Guard\n|move|p1a: Ninetales|Aurora Veil|p1a: Ninetales\n|-sidestart|p1: lilJesus07|move: Aurora Veil\n|\n|-weather|Snowscape|[upkeep]\n|upkeep\n|turn|3\n|\n|t:|1776585341\n|move|p2b: Talonflame|Tailwind|p2b: Talonflame\n|-sidestart|p2: Tsekaiandincognito|move: Tailwind\n|move|p2a: Starmie|Liquidation|p1a: Ninetales\n|-damage|p1a: Ninetales|64/100\n|move|p1a: Ninetales|Blizzard|p2b: Talonflame|[spread] p2a,p2b\n|-resisted|p2a: Starmie|1\n|-damage|p2a: Starmie|80/100\n|-damage|p2b: Talonflame|55/100\n|-status|p2b: Talonflame|frz\n|-formechange|p1b: Aegislash|Aegislash-Blade|\n|move|p1b: Aegislash|Poltergeist|p2a: Starmie\n|-activate|p2a: Starmie|move: Poltergeist|Starminite\n|-supereffective|p2a: Starmie|1\n|-damage|p2a: Starmie|0 fnt\n|faint|p2a: Starmie\n|\n|-weather|Snowscape|[upkeep]\n|upkeep\n|\n|t:|1776585354\n|switch|p2a: Krookodile|Krookodile, L50, F|100/100\n|turn|4\n|\n|t:|1776585363\n|switch|p2b: Gardevoir|Gardevoir, L50, M|100/100\n|-formechange|p1b: Aegislash|Aegislash|\n|move|p1b: Aegislash|King's Shield|p1b: Aegislash\n|-singleturn|p1b: Aegislash|Protect\n|move|p2a: Krookodile|Earthquake|p1b: Aegislash|[spread] p1a\n|-activate|p1b: Aegislash|move: Protect\n|-activate|p2b: Gardevoir|ability: Telepathy\n|-damage|p1a: Ninetales|38/100\n|move|p1a: Ninetales|Moonblast|p2a: Krookodile\n|-supereffective|p2a: Krookodile|1\n|-damage|p2a: Krookodile|0 fnt\n|faint|p2a: Krookodile\n|\n|-weather|Snowscape|[upkeep]\n|upkeep\n|\n|t:|1776585376\n|switch|p2a: Talonflame|Talonflame, L50, M|55/100 frz\n|turn|5\n|-message|Tsekaiandincognito forfeited.\n|\n|win|lilJesus07\n|raw|lilJesus07's rating: 1223 &rarr; <strong>1243</strong><br />(+20 for winning)\n|raw|Tsekaiandincognito's rating: 1148 &rarr; <strong>1128</strong><br />(-20 for losing)\n|l|\u2606Tsekaiandincognito\n|player|p2|\n",
  "uploadtime": 1776585383,
  "views": 9,
  "formatid": "gen9championsvgc2026regma",
  "rating": 1128,
  "private": 0,
  "password": null
}