{
  "id": "gen9championsvgc2026regma-2586268707",
  "format": "[Gen 9 Champions] VGC 2026 Reg M-A",
  "players": [
    "RandomGuyInSchool",
    "BLMO"
  ],
  "log": "|j|\u2606RandomGuyInSchool\n|j|\u2606BLMO\n|t:|1776419474\n|gametype|doubles\n|player|p1|RandomGuyInSchool|schoolkid-gen4|1094\n|player|p2|BLMO|266|1014\n|gen|9\n|tier|[Gen 9 Champions] VGC 2026 Reg M-A\n|rated|\n|rule|Species Clause: Limit one of each Pok\u00e9mon\n|rule|Item Clause: Limit 1 of each item\n|clearpoke\n|poke|p1|Kangaskhan, L50, F|\n|poke|p1|Sinistcha, L50|\n|poke|p1|Sneasler, L50, F|\n|poke|p1|Talonflame, L50, M|\n|poke|p1|Corviknight, L50, F|\n|poke|p1|Primarina, L50, M|\n|poke|p2|Pelipper, L50, M|\n|poke|p2|Scizor, L50, M|\n|poke|p2|Basculegion, L50, M|\n|poke|p2|Sableye, L50, M|\n|poke|p2|Incineroar, L50, F|\n|poke|p2|Sneasler, L50, F|\n|teampreview|4\n|inactive|Battle timer is ON: inactive players will automatically lose when time's up. (requested by RandomGuyInSchool)\nRandomGuyInSchool rejected open team sheets.\n|inactive|BLMO has 60 seconds left.\n|\n|t:|1776419520\n|teamsize|p1|4\n|teamsize|p2|4\n|start\n|switch|p1a: Kangaskhan|Kangaskhan, L50, F|100/100\n|switch|p1b: Sneasler|Sneasler, L50, F|100/100\n|switch|p2a: Incineroar|Incineroar, L50, F|100/100\n|switch|p2b: Sableye|Sableye, L50, M|100/100\n|-ability|p2a: Incineroar|Intimidate|boost\n|-unboost|p1a: Kangaskhan|atk|1\n|-unboost|p1b: Sneasler|atk|1\n|-enditem|p1b: Sneasler|White Herb\n|-clearnegativeboost|p1b: Sneasler|[silent]\n|turn|1\n|\n|t:|1776419543\n|move|p1a: Kangaskhan|Fake Out|p2a: Incineroar\n|-damage|p2a: Incineroar|91/100\n|cant|p2a: Incineroar|flinch\n|move|p2b: Sableye|Will-O-Wisp|p1a: Kangaskhan\n|-status|p1a: Kangaskhan|brn\n|move|p1b: Sneasler|Coaching|p1a: Kangaskhan\n|-boost|p1a: Kangaskhan|atk|1\n|-boost|p1a: Kangaskhan|def|1\n|\n|-damage|p1a: Kangaskhan|94/100 brn|[from] brn\n|upkeep\n|turn|2\n|inactive|RandomGuyInSchool has 30 seconds left.\n|inactive|BLMO has 30 seconds left.\n|inactive|RandomGuyInSchool has 20 seconds left.\n|inactive|BLMO has 20 seconds left.\n|inactive|RandomGuyInSchool has 15 seconds left.\n|inactive|BLMO has 15 seconds left.\n|inactive|RandomGuyInSchool has 10 seconds left.\n|inactive|BLMO has 10 seconds left.\n|inactive|BLMO has 5 seconds left.\n|\n|t:|1776419601\n|move|p1a: Kangaskhan|Protect|p1a: Kangaskhan\n|-singleturn|p1a: Kangaskhan|Protect\n|move|p2b: Sableye|Will-O-Wisp|p1b: Sneasler\n|-status|p1b: Sneasler|brn\n|move|p1b: Sneasler|Close Combat|p2a: Incineroar\n|-supereffective|p2a: Incineroar|1\n|-damage|p2a: Incineroar|42/100\n|-unboost|p1b: Sneasler|def|1\n|-unboost|p1b: Sneasler|spd|1\n|move|p2a: Incineroar|Parting Shot|p1b: Sneasler\n|-unboost|p1b: Sneasler|atk|1\n|-unboost|p1b: Sneasler|spa|1\n|\n|t:|1776419616\n|switch|p2a: Scizor|Scizor, L50, M|100/100|[from] Parting Shot\n|\n|-damage|p1b: Sneasler|95/100 brn|[from] brn\n|-damage|p1a: Kangaskhan|88/100 brn|[from] brn\n|upkeep\n|turn|3\n|\n|t:|1776419632\n|detailschange|p1a: Kangaskhan|Kangaskhan-Mega, L50, F\n|-mega|p1a: Kangaskhan|Kangaskhan|Kangaskhanite\n|detailschange|p2a: Scizor|Scizor-Mega, L50, M\n|-mega|p2a: Scizor|Scizor|Scizorite\n|move|p2b: Sableye|Disable|p1a: Kangaskhan\n|-start|p1a: Kangaskhan|Disable|Protect\n|move|p1b: Sneasler|Coaching|p1a: Kangaskhan\n|-boost|p1a: Kangaskhan|atk|1\n|-boost|p1a: Kangaskhan|def|1\n|move|p1a: Kangaskhan|Double-Edge|p2a: Scizor\n|-resisted|p2a: Scizor|1\n|-damage|p2a: Scizor|85/100\n|-resisted|p2a: Scizor|1\n|-damage|p2a: Scizor|81/100\n|-hitcount|p2a: Scizor|2\n|-damage|p1a: Kangaskhan|83/100 brn|[from] Recoil\n|move|p2a: Scizor|Swords Dance|p2a: Scizor\n|-boost|p2a: Scizor|atk|2\n|\n|-damage|p1b: Sneasler|89/100 brn|[from] brn\n|-damage|p1a: Kangaskhan|77/100 brn|[from] brn\n|upkeep\n|turn|4\n|inactive|RandomGuyInSchool has 30 seconds left.\n|inactive|BLMO has 30 seconds left.\n|\n|t:|1776419663\n|move|p2a: Scizor|Bullet Punch|p1a: Kangaskhan\n|-damage|p1a: Kangaskhan|46/100 brn\n|move|p2b: Sableye|Light Screen|p2b: Sableye\n|-sidestart|p2: BLMO|move: Light Screen\n|move|p1b: Sneasler|Close Combat|p2a: Scizor\n|-damage|p2a: Scizor|66/100\n|-unboost|p1b: Sneasler|def|1\n|-unboost|p1b: Sneasler|spd|1\n|move|p1a: Kangaskhan|Double-Edge|p2a: Scizor\n|-resisted|p2a: Scizor|1\n|-damage|p2a: Scizor|48/100\n|-resisted|p2a: Scizor|1\n|-damage|p2a: Scizor|44/100\n|-hitcount|p2a: Scizor|2\n|-damage|p1a: Kangaskhan|40/100 brn|[from] Recoil\n|\n|-damage|p1b: Sneasler|83/100 brn|[from] brn\n|-damage|p1a: Kangaskhan|34/100 brn|[from] brn\n|upkeep\n|turn|5\n|\n|t:|1776419683\n|move|p1a: Kangaskhan|Sucker Punch|p2a: Scizor\n|-crit|p2a: Scizor\n|-damage|p2a: Scizor|26/100\n|-damage|p2a: Scizor|23/100\n|-hitcount|p2a: Scizor|2\n|move|p2a: Scizor|Bullet Punch|p1a: Kangaskhan\n|-damage|p1a: Kangaskhan|0 fnt\n|faint|p1a: Kangaskhan\n|move|p1b: Sneasler|Coaching|p1: Kangaskhan|[notarget]\n|-fail|p1b: Sneasler\n|move|p2b: Sableye|Foul Play|p1b: Sneasler\n|-resisted|p1b: Sneasler|1\n|-damage|p1b: Sneasler|31/100 brn\n|\n|-damage|p1b: Sneasler|25/100 brn|[from] brn\n|upkeep\n|\n|t:|1776419692\n|switch|p1a: Primarina|Primarina, L50, M|100/100\n|turn|6\n|\n|t:|1776419708\n|move|p1a: Primarina|Protect|p1a: Primarina\n|-singleturn|p1a: Primarina|Protect\n|move|p2a: Scizor|Bullet Punch|p1a: Primarina\n|-activate|p1a: Primarina|move: Protect\n|move|p1b: Sneasler|Coaching|p1a: Primarina\n|-boost|p1a: Primarina|atk|1\n|-boost|p1a: Primarina|def|1\n|move|p2b: Sableye|Foul Play|p1b: Sneasler\n|-resisted|p1b: Sneasler|1\n|-damage|p1b: Sneasler|0 fnt\n|faint|p1b: Sneasler\n|\n|upkeep\n|\n|t:|1776419715\n|switch|p1b: Sinistcha|Sinistcha, L50|100/100\n|turn|7\n|\n|t:|1776419737\n|move|p1b: Sinistcha|Rage Powder|p1b: Sinistcha\n|-singleturn|p1b: Sinistcha|move: Rage Powder\n|move|p2a: Scizor|Bullet Punch|p1b: Sinistcha\n|-damage|p1b: Sinistcha|26/100\n|move|p1a: Primarina|Calm Mind|p1a: Primarina\n|-boost|p1a: Primarina|spa|1\n|-boost|p1a: Primarina|spd|1\n|move|p2b: Sableye|Foul Play|p1b: Sinistcha\n|-supereffective|p1b: Sinistcha|1\n|-enditem|p1b: Sinistcha|Colbur Berry|[eat]\n|-enditem|p1b: Sinistcha|Colbur Berry|[weaken]\n|-damage|p1b: Sinistcha|6/100\n|\n|upkeep\n|turn|8\n|inactive|RandomGuyInSchool has 30 seconds left.\n|inactive|BLMO has 30 seconds left.\n|\n|t:|1776419767\n|move|p1b: Sinistcha|Rage Powder|p1b: Sinistcha\n|-singleturn|p1b: Sinistcha|move: Rage Powder\n|move|p2a: Scizor|Bullet Punch|p1b: Sinistcha\n|-damage|p1b: Sinistcha|0 fnt\n|faint|p1b: Sinistcha\n|move|p1a: Primarina|Hyper Voice|p2a: Scizor|[spread] p2a,p2b\n|-damage|p2a: Scizor|0 fnt\n|-damage|p2b: Sableye|45/100\n|faint|p2a: Scizor\n|move|p2b: Sableye|Foul Play|p1a: Primarina\n|-resisted|p1a: Primarina|1\n|-damage|p1a: Primarina|86/100\n|\n|-sideend|p2: BLMO|move: Light Screen\n|upkeep\n|\n|t:|1776419783\n|switch|p2a: Sneasler|Sneasler, L50, F|100/100\n|turn|9\n|inactive|BLMO has 30 seconds left.\n|\n|t:|1776419809\n|move|p1a: Primarina|Protect|p1a: Primarina\n|-singleturn|p1a: Primarina|Protect\n|move|p2b: Sableye|Disable|p1a: Primarina\n|-activate|p1a: Primarina|move: Protect\n|move|p2a: Sneasler|Dire Claw|p1a: Primarina\n|-activate|p1a: Primarina|move: Protect\n|\n|upkeep\n|turn|10\n|\n|t:|1776419824\n|move|p2b: Sableye|Light Screen|p2b: Sableye\n|-sidestart|p2: BLMO|move: Light Screen\n|move|p2a: Sneasler|Dire Claw|p1a: Primarina\n|-supereffective|p1a: Primarina|1\n|-damage|p1a: Primarina|14/100\n|move|p1a: Primarina|Hyper Voice|p2b: Sableye|[spread] p2a,p2b\n|-damage|p2a: Sneasler|37/100\n|-damage|p2b: Sableye|0 fnt\n|faint|p2b: Sableye\n|\n|upkeep\n|\n|t:|1776419834\n|switch|p2b: Incineroar|Incineroar, L50, F|42/100\n|-ability|p2b: Incineroar|Intimidate|boost\n|-unboost|p1a: Primarina|atk|1\n|turn|11\n|c|\u2606RandomGuyInSchool|ggwp\n|-message|RandomGuyInSchool forfeited.\n|\n|win|BLMO\n|raw|RandomGuyInSchool's rating: 1094 &rarr; <strong>1064</strong><br />(-30 for losing)\n|raw|BLMO's rating: 1014 &rarr; <strong>1060</strong><br />(+46 for winning)\n|l|\u2606BLMO\n|player|p2|\n",
  "uploadtime": 1776419847,
  "views": 22,
  "formatid": "gen9championsvgc2026regma",
  "rating": 1060,
  "private": 0,
  "password": null
}