{
  "id": "gen9championsvgc2026regma-2584073245",
  "format": "[Gen 9 Champions] VGC 2026 Reg M-A",
  "players": [
    "eljoaci",
    "Missed Ledgedash"
  ],
  "log": "|j|\u2606eljoaci\n|j|\u2606Missed Ledgedash\n|t:|1776222412\n|gametype|doubles\n|player|p1|eljoaci|170|1286\n|player|p2|Missed Ledgedash|juan-gen3|1209\n|gen|9\n|tier|[Gen 9 Champions] VGC 2026 Reg M-A\n|rated|\n|rule|Species Clause: Limit one of each Pok\u00e9mon\n|rule|Item Clause: Limit 1 of each item\n|clearpoke\n|poke|p1|Meganium, L50, F|\n|poke|p1|Aerodactyl, L50, F|\n|poke|p1|Archaludon, L50, F|\n|poke|p1|Pelipper, L50, F|\n|poke|p1|Basculegion, L50, M|\n|poke|p1|Dragonite, L50, F|\n|poke|p2|Incineroar, L50, F|\n|poke|p2|Gengar, L50, M|\n|poke|p2|Gyarados, L50, F|\n|poke|p2|Tyranitar, L50, F|\n|poke|p2|Sneasler, L50, M|\n|poke|p2|Excadrill, L50, F|\n|teampreview|4\n|inactive|Battle timer is ON: inactive players will automatically lose when time's up. (requested by eljoaci)\n|\n|t:|1776222449\n|teamsize|p1|4\n|teamsize|p2|4\n|start\n|switch|p1a: Aerodactyl|Aerodactyl, L50, F, shiny|100/100\n|switch|p1b: Meganium|Meganium, L50, F, shiny|100/100\n|switch|p2a: Gengar|Gengar, L50, M|100/100\n|switch|p2b: Incineroar|Incineroar, L50, F|100/100\n|-ability|p1a: Aerodactyl|Unnerve\n|-ability|p2b: Incineroar|Intimidate|boost\n|-unboost|p1a: Aerodactyl|atk|1\n|-unboost|p1b: Meganium|atk|1\n|turn|1\n|\n|t:|1776222470\n|switch|p1b: Basculegion|Basculegion, L50, M, shiny|100/100\n|detailschange|p2a: Gengar|Gengar-Mega, L50, M\n|-mega|p2a: Gengar|Gengar|Gengarite\n|move|p2b: Incineroar|Fake Out|p1b: Basculegion\n|-immune|p1b: Basculegion\n|move|p1a: Aerodactyl|Tailwind|p1a: Aerodactyl\n|-sidestart|p1: eljoaci|move: Tailwind\n|move|p2a: Gengar|Perish Song|p2a: Gengar\n|-start|p1a: Aerodactyl|perish3|[silent]\n|-start|p1b: Basculegion|perish3|[silent]\n|-start|p2a: Gengar|perish3|[silent]\n|-start|p2b: Incineroar|perish3|[silent]\n|-fieldactivate|move: Perish Song\n|\n|-start|p1a: Aerodactyl|perish3\n|-start|p1b: Basculegion|perish3\n|-start|p2a: Gengar|perish3\n|-start|p2b: Incineroar|perish3\n|upkeep\n|turn|2\n|inactive|eljoaci has 30 seconds left.\n|\n|t:|1776222502\n|move|p1a: Aerodactyl|Protect|p1a: Aerodactyl\n|-singleturn|p1a: Aerodactyl|Protect\n|move|p2a: Gengar|Protect|p2a: Gengar\n|-singleturn|p2a: Gengar|Protect\n|move|p1b: Basculegion|Wave Crash|p2a: Gengar\n|-activate|p2a: Gengar|move: Protect\n|move|p2b: Incineroar|Parting Shot|p1b: Basculegion\n|-unboost|p1b: Basculegion|atk|1\n|-unboost|p1b: Basculegion|spa|1\n|\n|t:|1776222512\n|switch|p2b: Tyranitar|Tyranitar, L50, F|100/100|[from] Parting Shot\n|-weather|Sandstorm|[from] ability: Sand Stream|[of] p2b: Tyranitar\n|\n|-weather|Sandstorm|[upkeep]\n|-damage|p1b: Basculegion|94/100|[from] Sandstorm\n|-damage|p2a: Gengar|94/100|[from] Sandstorm\n|-start|p1a: Aerodactyl|perish2\n|-start|p1b: Basculegion|perish2\n|-start|p2a: Gengar|perish2\n|upkeep\n|turn|3\n|\n|t:|1776222528\n|switch|p2b: Incineroar|Incineroar, L50, F|100/100\n|-ability|p2b: Incineroar|Intimidate|boost\n|-unboost|p1a: Aerodactyl|atk|1\n|-unboost|p1b: Basculegion|atk|1\n|move|p1a: Aerodactyl|Rock Slide|p2b: Incineroar|[spread] p2a,p2b\n|-supereffective|p2b: Incineroar|1\n|-damage|p2a: Gengar|75/100\n|-damage|p2b: Incineroar|79/100\n|move|p1b: Basculegion|Wave Crash|p2a: Gengar\n|-damage|p2a: Gengar|27/100\n|-damage|p1b: Basculegion|81/100|[from] Recoil\n|move|p2a: Gengar|Shadow Ball|p1b: Basculegion\n|-supereffective|p1b: Basculegion|1\n|-damage|p1b: Basculegion|0 fnt\n|faint|p1b: Basculegion\n|\n|-weather|Sandstorm|[upkeep]\n|-damage|p2a: Gengar|21/100|[from] Sandstorm\n|-damage|p2b: Incineroar|73/100|[from] Sandstorm\n|-start|p1a: Aerodactyl|perish1\n|-start|p2a: Gengar|perish1\n|upkeep\n|\n|t:|1776222552\n|switch|p1b: Meganium|Meganium, L50, F, shiny|100/100\n|turn|4\n|\n|t:|1776222565\n|switch|p2a: Tyranitar|Tyranitar, L50, F|100/100\n|detailschange|p1b: Meganium|Meganium-Mega, L50, F, shiny\n|-mega|p1b: Meganium|Meganium|Meganiumite\n|move|p2b: Incineroar|Fake Out|p1b: Meganium\n|-damage|p1b: Meganium|89/100\n|move|p1a: Aerodactyl|Rock Slide|p2a: Tyranitar|[spread] p2a,p2b\n|-supereffective|p2b: Incineroar|1\n|-damage|p2a: Tyranitar|87/100\n|-damage|p2b: Incineroar|51/100\n|cant|p1b: Meganium|flinch\n|\n|-weather|Sandstorm|[upkeep]\n|-damage|p1b: Meganium|83/100|[from] Sandstorm\n|-damage|p2b: Incineroar|45/100|[from] Sandstorm\n|-start|p1a: Aerodactyl|perish0\n|-sideend|p1: eljoaci|move: Tailwind\n|upkeep\n|faint|p1a: Aerodactyl\n|\n|t:|1776222582\n|switch|p1a: Pelipper|Pelipper, L50, F|100/100\n|-weather|RainDance|[from] ability: Drizzle|[of] p1a: Pelipper\n|turn|5\n|\n|t:|1776222603\n|switch|p2a: Gengar|Gengar-Mega, L50, M|21/100\n|move|p1b: Meganium|Protect|p1b: Meganium\n|-singleturn|p1b: Meganium|Protect\n|move|p1a: Pelipper|Tailwind|p1a: Pelipper\n|-sidestart|p1: eljoaci|move: Tailwind\n|move|p2b: Incineroar|Parting Shot|p1b: Meganium\n|-activate|p1b: Meganium|move: Protect\n|\n|-weather|RainDance|[upkeep]\n|upkeep\n|turn|6\n|\n|t:|1776222620\n|move|p2a: Gengar|Protect|p2a: Gengar\n|-singleturn|p2a: Gengar|Protect\n|move|p1b: Meganium|Weather Ball|p2a: Gengar\n|-activate|p2a: Gengar|move: Protect\n|move|p1a: Pelipper|Weather Ball|p2b: Incineroar\n|-supereffective|p2b: Incineroar|1\n|-damage|p2b: Incineroar|0 fnt\n|faint|p2b: Incineroar\n|\n|-weather|RainDance|[upkeep]\n|upkeep\n|\n|t:|1776222638\n|switch|p2b: Sneasler|Sneasler, L50, M|100/100\n|turn|7\n|\n|t:|1776222654\n|move|p2b: Sneasler|Fake Out|p1b: Meganium\n|-damage|p1b: Meganium|68/100\n|cant|p1b: Meganium|flinch\n|move|p2a: Gengar|Perish Song|p2a: Gengar\n|-start|p1a: Pelipper|perish3|[silent]\n|-start|p1b: Meganium|perish3|[silent]\n|-start|p2a: Gengar|perish3|[silent]\n|-start|p2b: Sneasler|perish3|[silent]\n|-fieldactivate|move: Perish Song\n|move|p1a: Pelipper|Hurricane|p2b: Sneasler\n|-supereffective|p2b: Sneasler|1\n|-damage|p2b: Sneasler|0 fnt\n|faint|p2b: Sneasler\n|\n|-weather|RainDance|[upkeep]\n|-start|p1b: Meganium|perish3\n|-start|p2a: Gengar|perish3\n|-start|p1a: Pelipper|perish3\n|upkeep\n|\n|t:|1776222663\n|switch|p2b: Tyranitar|Tyranitar, L50, F|87/100\n|-weather|Sandstorm|[from] ability: Sand Stream|[of] p2b: Tyranitar\n|turn|8\n|\n|t:|1776222679\n|move|p2a: Gengar|Protect|p2a: Gengar\n|-singleturn|p2a: Gengar|Protect\n|move|p2b: Tyranitar|Protect|p2b: Tyranitar\n|-singleturn|p2b: Tyranitar|Protect\n|move|p1b: Meganium|Dazzling Gleam|p2b: Tyranitar|[spread] \n|-activate|p2a: Gengar|move: Protect\n|-activate|p2b: Tyranitar|move: Protect\n|move|p1a: Pelipper|Hurricane|p2a: Gengar\n|-activate|p2a: Gengar|move: Protect\n|\n|-weather|Sandstorm|[upkeep]\n|-damage|p1b: Meganium|62/100|[from] Sandstorm\n|-damage|p2a: Gengar|15/100|[from] Sandstorm\n|-damage|p1a: Pelipper|95/100|[from] Sandstorm\n|-start|p1b: Meganium|perish2\n|-start|p2a: Gengar|perish2\n|-start|p1a: Pelipper|perish2\n|-sideend|p1: eljoaci|move: Tailwind\n|upkeep\n|turn|9\n|inactive|eljoaci has 30 seconds left.\n|inactive|eljoaci has 20 seconds left.\n|inactive|eljoaci has 15 seconds left.\n|\n|t:|1776222720\n|move|p2a: Gengar|Icy Wind|p1a: Pelipper|[spread] p1a\n|-miss|p2a: Gengar|p1b: Meganium\n|-damage|p1a: Pelipper|76/100\n|-unboost|p1a: Pelipper|spe|1\n|move|p1b: Meganium|Dazzling Gleam|p2a: Gengar|[spread] p2a,p2b\n|-resisted|p2a: Gengar|1\n|-supereffective|p2b: Tyranitar|1\n|-damage|p2a: Gengar|0 fnt\n|-damage|p2b: Tyranitar|29/100\n|faint|p2a: Gengar\n|move|p2b: Tyranitar|Rock Slide|p1a: Pelipper|[spread] p1a,p1b\n|-supereffective|p1a: Pelipper|1\n|-crit|p1a: Pelipper\n|-damage|p1a: Pelipper|0 fnt\n|-damage|p1b: Meganium|32/100\n|faint|p1a: Pelipper\n|\n|-weather|Sandstorm|[upkeep]\n|-damage|p1b: Meganium|26/100|[from] Sandstorm\n|-start|p1b: Meganium|perish1\n|upkeep\n|turn|10\n|\n|t:|1776222744\n|move|p2b: Tyranitar|Protect|p2b: Tyranitar\n|-singleturn|p2b: Tyranitar|Protect\n|move|p1b: Meganium|Solar Beam||[still]\n|-prepare|p1b: Meganium|Solar Beam\n|-activate|p1b: Meganium|ability: Mega Sol\n|-anim|p1b: Meganium|Solar Beam|p2b: Tyranitar\n|-activate|p2b: Tyranitar|move: Protect\n|\n|-weather|Sandstorm|[upkeep]\n|-damage|p1b: Meganium|20/100|[from] Sandstorm\n|-start|p1b: Meganium|perish0\n|faint|p1b: Meganium\n|\n|win|Missed Ledgedash\n|raw|eljoaci's rating: 1286 &rarr; <strong>1256</strong><br />(-30 for losing)\n|raw|Missed Ledgedash's rating: 1209 &rarr; <strong>1239</strong><br />(+30 for winning)\n",
  "uploadtime": 1776222744,
  "views": 24,
  "formatid": "gen9championsvgc2026regma",
  "rating": 1239,
  "private": 0,
  "password": null
}