{
  "id": "gen9championsvgc2026regma-2585480660",
  "format": "[Gen 9 Champions] VGC 2026 Reg M-A",
  "players": [
    "MaddoxJee",
    "FastForwardMyGame"
  ],
  "log": "|j|\u203dMaddoxJee\n|j|\u2606FastForwardMyGame\n|t:|1776350342\n|gametype|doubles\n|player|p1|MaddoxJee|proton|1132\n|player|p2|FastForwardMyGame|cyclist|1209\n|gen|9\n|tier|[Gen 9 Champions] VGC 2026 Reg M-A\n|rated|\n|rule|Species Clause: Limit one of each Pok\u00e9mon\n|rule|Item Clause: Limit 1 of each item\n|clearpoke\n|poke|p1|Charizard, L50, F|\n|poke|p1|Sneasler, L50, M|\n|poke|p1|Ditto, L50|\n|poke|p1|Heliolisk, L50, F|\n|poke|p1|Gallade, L50, M|\n|poke|p1|Dragonite, L50, M|\n|poke|p2|Aromatisse, L50, M|\n|poke|p2|Heracross, L50, M|\n|poke|p2|Aegislash, L50, M|\n|poke|p2|Hydreigon, L50, M|\n|poke|p2|Avalugg-Hisui, L50, M|\n|poke|p2|Tsareena, L50, F|\n|teampreview|4\n|inactive|Battle timer is ON: inactive players will automatically lose when time's up. (requested by MaddoxJee)\n|inactive|FastForwardMyGame has 60 seconds left.\n|\n|t:|1776350382\n|teamsize|p1|4\n|teamsize|p2|4\n|start\n|switch|p1a: Charizard|Charizard, L50, F, shiny|100/100\n|switch|p1b: Heliolisk|Heliolisk, L50, F, shiny|100/100\n|switch|p2a: HarpNote|Aromatisse, L50, M, shiny|100/100\n|switch|p2b: Leg Day|Tsareena, L50, F, shiny|100/100\n|turn|1\n|\n|t:|1776350391\n|detailschange|p1a: Charizard|Charizard-Mega-Y, L50, F, shiny\n|-mega|p1a: Charizard|Charizard|Charizardite Y\n|-weather|SunnyDay|[from] ability: Drought|[of] p1a: Charizard\n|move|p1a: Charizard|Protect|p1a: Charizard\n|-singleturn|p1a: Charizard|Protect\n|move|p1b: Heliolisk|Weather Ball|p2b: Leg Day\n|-supereffective|p2b: Leg Day|1\n|-damage|p2b: Leg Day|0 fnt\n|faint|p2b: Leg Day\n|move|p2a: HarpNote|Trick Room|p2a: HarpNote\n|-fieldstart|move: Trick Room|[of] p2a: HarpNote\n|\n|-weather|SunnyDay|[upkeep]\n|-damage|p1b: Heliolisk|88/100|[from] ability: Solar Power|[of] p1b: Heliolisk\n|upkeep\n|\n|t:|1776350401\n|switch|p2b: PegasusMagic|Avalugg-Hisui, L50, M|100/100\n|turn|2\n|\n|t:|1776350410\n|switch|p1a: Ditto|Ditto, L50, shiny|100/100\n|-transform|p1a: Ditto|p2b: PegasusMagic|[from] ability: Imposter\n|move|p2a: HarpNote|Sweet Scent|p1b: Heliolisk|[spread] p1a,p1b\n|-unboost|p1a: Ditto|evasion|2\n|-unboost|p1b: Heliolisk|evasion|2\n|move|p2b: PegasusMagic|Rock Slide|p1b: Heliolisk|[spread] p1a,p1b\n|-supereffective|p1a: Ditto|1\n|-damage|p1a: Ditto|60/100\n|-damage|p1b: Heliolisk|15/100\n|move|p1b: Heliolisk|Weather Ball|p2b: PegasusMagic\n|-ability|p2b: PegasusMagic|Sturdy\n|-damage|p2b: PegasusMagic|1/100\n|\n|-weather|SunnyDay|[upkeep]\n|-damage|p1b: Heliolisk|3/100|[from] ability: Solar Power|[of] p1b: Heliolisk\n|-heal|p2b: PegasusMagic|7/100|[from] item: Leftovers\n|upkeep\n|turn|3\n|\n|t:|1776350430\n|move|p1a: Ditto|Wide Guard|p1a: Ditto\n|-singleturn|p1a: Ditto|Wide Guard\n|move|p2a: HarpNote|Hypnosis|p1a: Ditto\n|-status|p1a: Ditto|slp|[from] move: Hypnosis\n|move|p2b: PegasusMagic|Body Press|p1a: Ditto\n|-supereffective|p1a: Ditto|2\n|-damage|p1a: Ditto|0 fnt\n|faint|p1a: Ditto\n|move|p1b: Heliolisk|Weather Ball|p2a: HarpNote\n|-damage|p2a: HarpNote|50/100\n|\n|-weather|SunnyDay|[upkeep]\n|-damage|p1b: Heliolisk|0 fnt|[from] ability: Solar Power|[of] p1b: Heliolisk\n|faint|p1b: Heliolisk\n|-heal|p2b: PegasusMagic|13/100|[from] item: Leftovers\n|upkeep\n|\n|t:|1776350438\n|switch|p1a: Sneasler|Sneasler, L50, M, shiny|100/100\n|switch|p1b: Charizard|Charizard-Mega-Y, L50, F, shiny|100/100\n|turn|4\n|\n|t:|1776350458\n|move|p1a: Sneasler|Fake Out|p2b: PegasusMagic\n|-resisted|p2b: PegasusMagic|1\n|-damage|p2b: PegasusMagic|9/100\n|move|p2a: HarpNote|Hypnosis|p1b: Charizard\n|-status|p1b: Charizard|slp|[from] move: Hypnosis\n|cant|p2b: PegasusMagic|flinch\n|cant|p1b: Charizard|slp\n|\n|-weather|SunnyDay|[upkeep]\n|-heal|p2b: PegasusMagic|15/100|[from] item: Leftovers\n|upkeep\n|turn|5\n|\n|t:|1776350468\n|move|p1a: Sneasler|Protect|p1a: Sneasler\n|-singleturn|p1a: Sneasler|Protect\n|move|p2a: HarpNote|Sweet Scent|p1a: Sneasler|[spread] p1b\n|-activate|p1a: Sneasler|move: Protect\n|-unboost|p1b: Charizard|evasion|2\n|move|p2b: PegasusMagic|Rock Slide|p1a: Sneasler|[spread] p1b\n|-activate|p1a: Sneasler|move: Protect\n|-supereffective|p1b: Charizard|2\n|-damage|p1b: Charizard|0 fnt\n|faint|p1b: Charizard\n|\n|-weather|none\n|-heal|p2b: PegasusMagic|21/100|[from] item: Leftovers\n|-fieldend|move: Trick Room\n|upkeep\n|turn|6\n|\n|t:|1776350480\n|move|p1a: Sneasler|Close Combat|p2b: PegasusMagic\n|-supereffective|p2b: PegasusMagic|2\n|-damage|p2b: PegasusMagic|0 fnt\n|-unboost|p1a: Sneasler|def|1\n|-unboost|p1a: Sneasler|spd|1\n|faint|p2b: PegasusMagic\n|-enditem|p1a: Sneasler|White Herb\n|-clearnegativeboost|p1a: Sneasler|[silent]\n|move|p2a: HarpNote|Trick Room|p2a: HarpNote\n|-fieldstart|move: Trick Room|[of] p2a: HarpNote\n|\n|upkeep\n|\n|t:|1776350486\n|switch|p2b: KingTribe|Aegislash, L50, M|100/100\n|turn|7\n|\n|t:|1776350492\n|move|p2a: HarpNote|Moonblast|p1a: Sneasler\n|-damage|p1a: Sneasler|60/100\n|move|p2b: KingTribe|Swords Dance|p2b: KingTribe\n|-boost|p2b: KingTribe|atk|2\n|move|p1a: Sneasler|Dire Claw|p2a: HarpNote\n|-supereffective|p2a: HarpNote|1\n|-damage|p2a: HarpNote|0 fnt\n|faint|p2a: HarpNote\n|\n|upkeep\n|turn|8\n|\n|t:|1776350500\n|move|p1a: Sneasler|Protect|p1a: Sneasler\n|-singleturn|p1a: Sneasler|Protect\n|-formechange|p2b: KingTribe|Aegislash-Blade|\n|move|p2b: KingTribe|Close Combat|p1a: Sneasler\n|-activate|p1a: Sneasler|move: Protect\n|\n|upkeep\n|turn|9\n|-message|MaddoxJee forfeited.\n|\n|win|FastForwardMyGame\n|raw|MaddoxJee's rating: 1132 &rarr; <strong>1112</strong><br />(-20 for losing)\n|raw|FastForwardMyGame's rating: 1209 &rarr; <strong>1229</strong><br />(+20 for winning)\n|l|\u203dMaddoxJee\n|player|p1|\n",
  "uploadtime": 1776350513,
  "views": 31,
  "formatid": "gen9championsvgc2026regma",
  "rating": 1112,
  "private": 0,
  "password": null
}