{
  "id": "gen9championsvgc2026regma-2587548897",
  "format": "[Gen 9 Champions] VGC 2026 Reg M-A",
  "players": [
    "Xernos123",
    "HandyDude"
  ],
  "log": "|j|\u2606Xernos123\n|j|\u2606HandyDude\n|t:|1776541339\n|gametype|doubles\n|player|p1|Xernos123|169|1022\n|player|p2|HandyDude|1|1050\n|gen|9\n|tier|[Gen 9 Champions] VGC 2026 Reg M-A\n|rated|\n|rule|Species Clause: Limit one of each Pok\u00e9mon\n|rule|Item Clause: Limit 1 of each item\n|clearpoke\n|poke|p1|Incineroar, L50, M|\n|poke|p1|Whimsicott, L50, F|\n|poke|p1|Blastoise, L50, F|\n|poke|p1|Runerigus, L50, M|\n|poke|p1|Clefable, L50, M|\n|poke|p1|Pelipper, L50, F|\n|poke|p2|Hatterene, L50, F|\n|poke|p2|Aegislash, L50, M, shiny|\n|poke|p2|Drampa, L50, F|\n|poke|p2|Slowking-Galar, L50, M|\n|poke|p2|Clefable, L50, F|\n|poke|p2|Snorlax, L50, M|\n|teampreview|4\n|inactive|Battle timer is ON: inactive players will automatically lose when time's up. (requested by Xernos123)\n|inactive|HandyDude has 60 seconds left.\n|\n|t:|1776541390\n|teamsize|p1|4\n|teamsize|p2|4\n|start\n|switch|p1a: Incineroar|Incineroar, L50, M|100/100\n|switch|p1b: Pelipper|Pelipper, L50, F|100/100\n|switch|p2a: Hatterene|Hatterene, L50, F|100/100\n|switch|p2b: Aegislash|Aegislash, L50, M, shiny|100/100\n|-weather|RainDance|[from] ability: Drizzle|[of] p1b: Pelipper\n|-ability|p1a: Incineroar|Intimidate|boost\n|-unboost|p2a: Hatterene|atk|1\n|-unboost|p2b: Aegislash|atk|1\n|turn|1\n|\n|t:|1776541409\n|switch|p2b: Snorlax|Snorlax, L50, M|100/100\n|move|p1a: Incineroar|Fake Out|p2a: Hatterene\n|-damage|p2a: Hatterene|93/100\n|move|p1b: Pelipper|Knock Off|p2b: Snorlax\n|-damage|p2b: Snorlax|89/100\n|-enditem|p2b: Snorlax|Shell Bell|[from] move: Knock Off|[of] p1b: Pelipper\n|cant|p2a: Hatterene|flinch\n|\n|-weather|RainDance|[upkeep]\n|upkeep\n|turn|2\n|\n|t:|1776541424\n|move|p1b: Pelipper|U-turn|p2b: Snorlax\n|-damage|p2b: Snorlax|81/100\n|\n|t:|1776541427\n|switch|p1b: Clefable|Clefable, L50, M|100/100|[from] U-turn\n|move|p1a: Incineroar|Parting Shot|p2a: Hatterene\n|move|p2a: Hatterene|Parting Shot|p1a: Incineroar|[from] ability: Magic Bounce\n|-unboost|p1a: Incineroar|atk|1\n|-unboost|p1a: Incineroar|spa|1\n|\n|t:|1776541440\n|switch|p2a: Slowking|Slowking-Galar, L50, M|100/100|[from] Parting Shot\n|move|p2b: Snorlax|Curse|p2b: Snorlax\n|-unboost|p2b: Snorlax|spe|1\n|-boost|p2b: Snorlax|atk|1\n|-boost|p2b: Snorlax|def|1\n|\n|-weather|RainDance|[upkeep]\n|upkeep\n|turn|3\n|\n|t:|1776541463\n|move|p1b: Clefable|Encore|p2b: Snorlax\n|-start|p2b: Snorlax|Encore\n|move|p1a: Incineroar|Parting Shot|p2a: Slowking\n|-unboost|p2a: Slowking|atk|1\n|-unboost|p2a: Slowking|spa|1\n|\n|t:|1776541467\n|switch|p1a: Blastoise|Blastoise, L50, F|100/100|[from] Parting Shot\n|move|p2b: Snorlax|Curse|p2b: Snorlax\n|-unboost|p2b: Snorlax|spe|1\n|-boost|p2b: Snorlax|atk|1\n|-boost|p2b: Snorlax|def|1\n|move|p2a: Slowking|Trick Room|p2a: Slowking\n|-fieldstart|move: Trick Room|[of] p2a: Slowking\n|\n|-weather|RainDance|[upkeep]\n|upkeep\n|turn|4\n|\n|t:|1776541485\n|detailschange|p1a: Blastoise|Blastoise-Mega, L50, F\n|-mega|p1a: Blastoise|Blastoise|Blastoisinite\n|move|p1b: Clefable|Follow Me|p1b: Clefable\n|-singleturn|p1b: Clefable|move: Follow Me\n|move|p2b: Snorlax|Curse|p2b: Snorlax\n|-unboost|p2b: Snorlax|spe|1\n|-boost|p2b: Snorlax|atk|1\n|-boost|p2b: Snorlax|def|1\n|move|p2a: Slowking|Light Screen|p2a: Slowking\n|-sidestart|p2: HandyDude|move: Light Screen\n|move|p1a: Blastoise|Shell Smash|p1a: Blastoise\n|-unboost|p1a: Blastoise|def|1\n|-unboost|p1a: Blastoise|spd|1\n|-boost|p1a: Blastoise|atk|2\n|-boost|p1a: Blastoise|spa|2\n|-boost|p1a: Blastoise|spe|2\n|\n|-weather|RainDance|[upkeep]\n|upkeep\n|turn|5\n|inactive|Xernos123 has 30 seconds left.\n|inactive|Xernos123 has 20 seconds left.\n|\n|t:|1776541521\n|move|p1b: Clefable|Helping Hand|p1a: Blastoise\n|-singleturn|p1a: Blastoise|Helping Hand|[of] p1b: Clefable\n|move|p2b: Snorlax|Curse|p2b: Snorlax\n|-unboost|p2b: Snorlax|spe|1\n|-boost|p2b: Snorlax|atk|1\n|-boost|p2b: Snorlax|def|1\n|move|p2a: Slowking|Sludge Wave|p1a: Blastoise|[spread] p2b,p1a,p1b\n|-supereffective|p1b: Clefable|1\n|-damage|p2b: Snorlax|74/100\n|-damage|p1a: Blastoise|75/100\n|-damage|p1b: Clefable|62/100\n|move|p1a: Blastoise|Water Spout|p2b: Snorlax|[spread] p2a,p2b\n|-damage|p2a: Slowking|0 fnt\n|-damage|p2b: Snorlax|0 fnt\n|faint|p2a: Slowking\n|faint|p2b: Snorlax\n|\n|-weather|none\n|upkeep\n|\n|t:|1776541536\n|switch|p2a: Hatterene|Hatterene, L50, F|93/100\n|switch|p2b: Aegislash|Aegislash, L50, M, shiny|100/100\n|turn|6\n|\n|t:|1776541548\n|move|p1b: Clefable|Follow Me|p1b: Clefable\n|-singleturn|p1b: Clefable|move: Follow Me\n|move|p2a: Hatterene|Psychic|p1b: Clefable\n|-damage|p1b: Clefable|35/100\n|move|p2b: Aegislash|Swords Dance|p2b: Aegislash\n|-boost|p2b: Aegislash|atk|2\n|move|p1a: Blastoise|Dark Pulse|p2b: Aegislash\n|-supereffective|p2b: Aegislash|1\n|-damage|p2b: Aegislash|0 fnt\n|faint|p2b: Aegislash\n|\n|upkeep\n|turn|7\n|\n|t:|1776541566\n|move|p1b: Clefable|Follow Me|p1b: Clefable\n|-singleturn|p1b: Clefable|move: Follow Me\n|move|p2a: Hatterene|Psychic|p1b: Clefable\n|-crit|p1b: Clefable\n|-damage|p1b: Clefable|0 fnt\n|faint|p1b: Clefable\n|move|p1a: Blastoise|Water Pulse|p2a: Hatterene\n|-damage|p2a: Hatterene|19/100\n|\n|-fieldend|move: Trick Room\n|upkeep\n|\n|t:|1776541570\n|switch|p1b: Pelipper|Pelipper, L50, F|100/100\n|-weather|RainDance|[from] ability: Drizzle|[of] p1b: Pelipper\n|turn|8\n|\n|t:|1776541580\n|move|p1a: Blastoise|Dark Pulse|p2a: Hatterene\n|-damage|p2a: Hatterene|0 fnt\n|faint|p2a: Hatterene\n|\n|win|Xernos123\n|raw|Xernos123's rating: 1022 &rarr; <strong>1062</strong><br />(+40 for winning)\n|raw|HandyDude's rating: 1050 &rarr; <strong>1031</strong><br />(-19 for losing)\n",
  "uploadtime": 1776541585,
  "views": 15,
  "formatid": "gen9championsvgc2026regma",
  "rating": 1031,
  "private": 0,
  "password": null
}