{
  "id": "gen9championsvgc2026regma-2586687278",
  "format": "[Gen 9 Champions] VGC 2026 Reg M-A",
  "players": [
    "rosalynnch",
    "luisnoesrojo"
  ],
  "log": "|j|\u2606rosalynnch\n|j|\u2606luisnoesrojo\n|t:|1776452216\n|gametype|doubles\n|player|p1|rosalynnch|266|1000\n|player|p2|luisnoesrojo|rocketgrunt|1095\n|gen|9\n|tier|[Gen 9 Champions] VGC 2026 Reg M-A\n|rated|\n|rule|Species Clause: Limit one of each Pok\u00e9mon\n|rule|Item Clause: Limit 1 of each item\n|clearpoke\n|poke|p1|Hawlucha, L50, M|\n|poke|p1|Whimsicott, L50, M|\n|poke|p1|Incineroar, L50, M|\n|poke|p1|Sneasler, L50, M|\n|poke|p1|Milotic, L50, F|\n|poke|p1|Mamoswine, L50, M|\n|poke|p2|Floette-Eternal, L50, F|\n|poke|p2|Aegislash, L50, F|\n|poke|p2|Talonflame, L50, F|\n|poke|p2|Incineroar, L50, M|\n|poke|p2|Garchomp, L50, F|\n|poke|p2|Rotom-Wash, L50|\n|teampreview|4\n|\n|t:|1776452265\n|teamsize|p1|4\n|teamsize|p2|4\n|start\n|switch|p1a: Hawlucha|Hawlucha, L50, M|100/100\n|switch|p1b: Milotic|Milotic, L50, F|100/100\n|switch|p2a: Talonflame|Talonflame, L50, F|100/100\n|switch|p2b: Incineroar|Incineroar, L50, M|100/100\n|-ability|p1a: Hawlucha|Mold Breaker\n|-ability|p2b: Incineroar|Intimidate|boost\n|-unboost|p1a: Hawlucha|atk|1\n|-unboost|p1b: Milotic|atk|1\n|-ability|p1b: Milotic|Competitive|boost\n|-boost|p1b: Milotic|spa|2\n|turn|1\n|inactive|Battle timer is ON: inactive players will automatically lose when time's up. (requested by luisnoesrojo)\n|inactive|luisnoesrojo has 60 seconds left.\n|\n|t:|1776452302\n|detailschange|p1a: Hawlucha|Hawlucha-Mega, L50, M\n|-mega|p1a: Hawlucha|Hawlucha|Hawluchanite\n|move|p1a: Hawlucha|Detect|p1a: Hawlucha\n|-singleturn|p1a: Hawlucha|Protect\n|move|p2b: Incineroar|Fake Out|p1a: Hawlucha\n|-activate|p1a: Hawlucha|move: Protect\n|move|p2a: Talonflame|Tailwind|p2a: Talonflame\n|-sidestart|p2: luisnoesrojo|move: Tailwind\n|move|p1b: Milotic|Scald|p2a: Talonflame\n|-supereffective|p2a: Talonflame|1\n|-damage|p2a: Talonflame|0 fnt\n|faint|p2a: Talonflame\n|\n|upkeep\n|\n|t:|1776452314\n|switch|p2a: Rotom|Rotom-Wash, L50|100/100\n|turn|2\n|inactive|rosalynnch has 30 seconds left.\n|\n|t:|1776452341\n|switch|p1a: Sneasler|Sneasler, L50, M|100/100\n|move|p2a: Rotom|Thunderbolt|p1a: Sneasler\n|-damage|p1a: Sneasler|62/100\n|move|p2b: Incineroar|Parting Shot|p1a: Sneasler\n|-unboost|p1a: Sneasler|atk|1\n|-unboost|p1a: Sneasler|spa|1\n|\n|t:|1776452348\n|switch|p2b: Floette|Floette-Eternal, L50, F|100/100|[from] Parting Shot\n|-enditem|p1a: Sneasler|White Herb\n|-clearnegativeboost|p1a: Sneasler|[silent]\n|move|p1b: Milotic|Icy Wind|p2b: Floette|[spread] p2a,p2b\n|-resisted|p2a: Rotom|1\n|-damage|p2a: Rotom|88/100\n|-damage|p2b: Floette|81/100\n|-unboost|p2a: Rotom|spe|1\n|-unboost|p2b: Floette|spe|1\n|\n|upkeep\n|turn|3\n|inactive|luisnoesrojo has 30 seconds left.\n|\n|t:|1776452374\n|detailschange|p2b: Floette|Floette-Mega, L50, F\n|-mega|p2b: Floette|Floette|Floettite\n|-ability|p2b: Floette|Fairy Aura\n|move|p1a: Sneasler|Fake Out|p2b: Floette\n|-damage|p2b: Floette|68/100\n|cant|p2b: Floette|flinch\n|move|p2a: Rotom|Thunderbolt|p1b: Milotic\n|-supereffective|p1b: Milotic|1\n|-damage|p1b: Milotic|55/100\n|move|p1b: Milotic|Scald|p2b: Floette\n|-damage|p2b: Floette|18/100\n|\n|-heal|p1b: Milotic|61/100|[from] item: Leftovers\n|upkeep\n|turn|4\n|inactive|rosalynnch has 30 seconds left.\n|\n|t:|1776452407\n|move|p2b: Floette|Protect|p2b: Floette\n|-singleturn|p2b: Floette|Protect\n|move|p1a: Sneasler|Dire Claw|p2b: Floette\n|-activate|p2b: Floette|move: Protect\n|move|p2a: Rotom|Thunderbolt|p1b: Milotic\n|-supereffective|p1b: Milotic|1\n|-damage|p1b: Milotic|15/100\n|move|p1b: Milotic|Recover|p1b: Milotic\n|-heal|p1b: Milotic|65/100\n|\n|-heal|p1b: Milotic|71/100|[from] item: Leftovers\n|-sideend|p2: luisnoesrojo|move: Tailwind\n|upkeep\n|turn|5\n|\n|t:|1776452425\n|switch|p2b: Incineroar|Incineroar, L50, M|100/100\n|-ability|p2b: Incineroar|Intimidate|boost\n|-unboost|p1a: Sneasler|atk|1\n|-unboost|p1b: Milotic|atk|1\n|-ability|p1b: Milotic|Competitive|boost\n|-boost|p1b: Milotic|spa|2\n|move|p1a: Sneasler|Dire Claw|p2b: Incineroar\n|-damage|p2b: Incineroar|75/100\n|move|p1b: Milotic|Dragon Pulse|p2a: Rotom\n|-damage|p2a: Rotom|13/100\n|-enditem|p2a: Rotom|Sitrus Berry|[eat]\n|-heal|p2a: Rotom|38/100|[from] item: Sitrus Berry\n|move|p2a: Rotom|Thunderbolt|p1b: Milotic\n|-supereffective|p1b: Milotic|1\n|-damage|p1b: Milotic|23/100\n|\n|-heal|p1b: Milotic|29/100|[from] item: Leftovers\n|-heal|p2b: Incineroar|81/100|[from] item: Leftovers\n|upkeep\n|turn|6\n|inactive|rosalynnch has 30 seconds left.\n|\n|t:|1776452459\n|move|p2b: Incineroar|Fake Out|p1b: Milotic\n|-damage|p1b: Milotic|18/100\n|move|p1a: Sneasler|Close Combat|p2a: Rotom\n|-damage|p2a: Rotom|0 fnt\n|-unboost|p1a: Sneasler|def|1\n|-unboost|p1a: Sneasler|spd|1\n|faint|p2a: Rotom\n|cant|p1b: Milotic|flinch\n|\n|-heal|p1b: Milotic|24/100|[from] item: Leftovers\n|-heal|p2b: Incineroar|87/100|[from] item: Leftovers\n|upkeep\n|\n|t:|1776452469\n|switch|p2a: Floette|Floette-Mega, L50, F|18/100\n|-ability|p2a: Floette|Fairy Aura\n|turn|7\n|\n|t:|1776452478\n|move|p1a: Sneasler|Dire Claw|p2a: Floette\n|-supereffective|p2a: Floette|1\n|-damage|p2a: Floette|0 fnt\n|faint|p2a: Floette\n|move|p1b: Milotic|Scald|p2b: Incineroar\n|-supereffective|p2b: Incineroar|1\n|-damage|p2b: Incineroar|0 fnt\n|faint|p2b: Incineroar\n|\n|win|rosalynnch\n|raw|rosalynnch's rating: 1000 &rarr; <strong>1051</strong><br />(+51 for winning)\n|raw|luisnoesrojo's rating: 1095 &rarr; <strong>1064</strong><br />(-31 for losing)\n|l|\u2606luisnoesrojo\n|player|p2|\n",
  "uploadtime": 1776452497,
  "views": 36,
  "formatid": "gen9championsvgc2026regma",
  "rating": 1051,
  "private": 0,
  "password": null
}