{
  "id": "gen9championsvgc2026regma-2588207125",
  "format": "[Gen 9 Champions] VGC 2026 Reg M-A",
  "players": [
    "honest3",
    "hgft6"
  ],
  "log": "|j|\u2606honest3\n|j|\u2606hgft6\n|t:|1776614416\n|gametype|doubles\n|player|p1|honest3|265|1207\n|player|p2|hgft6|2|1243\n|gen|9\n|tier|[Gen 9 Champions] VGC 2026 Reg M-A\n|rated|\n|rule|Species Clause: Limit one of each Pok\u00e9mon\n|rule|Item Clause: Limit 1 of each item\n|clearpoke\n|poke|p1|Altaria, L50, M|\n|poke|p1|Milotic, L50, F|\n|poke|p1|Gallade, L50, M, shiny|\n|poke|p1|Cofagrigus, L50, M|\n|poke|p1|Talonflame, L50, F|\n|poke|p1|Venusaur, L50, M|\n|poke|p2|Aerodactyl, L50, M|\n|poke|p2|Kangaskhan, L50, F|\n|poke|p2|Archaludon, L50, M|\n|poke|p2|Tauros-Paldea-Aqua, L50, M|\n|poke|p2|Meganium, L50, M|\n|poke|p2|Typhlosion-Hisui, L50, F|\n|teampreview|4\n|inactive|Battle timer is ON: inactive players will automatically lose when time's up. (requested by hgft6)\n|inactive|honest3 has 60 seconds left.\n|inactive|hgft6 has 60 seconds left.\n|\n|t:|1776614447\n|teamsize|p1|4\n|teamsize|p2|4\n|start\n|switch|p1a: Milotic|Milotic, L50, F|100/100\n|switch|p1b: Cofagrigus|Cofagrigus, L50, M|100/100\n|switch|p2a: Aerodactyl|Aerodactyl, L50, M|100/100\n|switch|p2b: Kangaskhan|Kangaskhan, L50, F|100/100\n|-ability|p2a: Aerodactyl|Unnerve\n|turn|1\n|\n|t:|1776614465\n|switch|p2b: Meganium|Meganium, L50, M|100/100\n|move|p2a: Aerodactyl|Tailwind|p2a: Aerodactyl\n|-sidestart|p2: hgft6|move: Tailwind\n|move|p1a: Milotic|Muddy Water|p2a: Aerodactyl|[spread] p2a,p2b\n|-supereffective|p2a: Aerodactyl|1\n|-resisted|p2b: Meganium|1\n|-damage|p2a: Aerodactyl|28/100\n|-damage|p2b: Meganium|87/100\n|-unboost|p2b: Meganium|accuracy|1\n|move|p1b: Cofagrigus|Trick Room|p1b: Cofagrigus\n|-fieldstart|move: Trick Room|[of] p1b: Cofagrigus\n|\n|upkeep\n|turn|2\n|\n|t:|1776614487\n|switch|p1a: Venusaur|Venusaur, L50, M|100/100\n|detailschange|p2b: Meganium|Meganium-Mega, L50, M\n|-mega|p2b: Meganium|Meganium|Meganiumite\n|move|p1b: Cofagrigus|Shadow Ball|p2a: Aerodactyl\n|-damage|p2a: Aerodactyl|0 fnt\n|faint|p2a: Aerodactyl\n|move|p2b: Meganium|Solar Beam||[still]\n|-prepare|p2b: Meganium|Solar Beam\n|-activate|p2b: Meganium|ability: Mega Sol\n|-anim|p2b: Meganium|Solar Beam|p1a: Venusaur\n|-resisted|p1a: Venusaur|2\n|-damage|p1a: Venusaur|85/100\n|\n|upkeep\n|\n|t:|1776614493\n|switch|p2a: Kangaskhan|Kangaskhan, L50, F|100/100\n|turn|3\n|\n|t:|1776614513\n|switch|p2b: Archaludon|Archaludon, L50, M|100/100\n|move|p1b: Cofagrigus|Will-O-Wisp|p2a: Kangaskhan\n|-status|p2a: Kangaskhan|brn\n|move|p1a: Venusaur|Sludge Bomb|p2b: Archaludon\n|-immune|p2b: Archaludon\n|move|p2a: Kangaskhan|Double-Edge|p1a: Venusaur\n|-damage|p1a: Venusaur|53/100\n|-damage|p2a: Kangaskhan|90/100 brn|[from] Recoil\n|\n|-damage|p2a: Kangaskhan|83/100 brn|[from] brn\n|upkeep\n|turn|4\n|inactive|honest3 has 30 seconds left.\n|\n|t:|1776614542\n|move|p2b: Archaludon|Protect|p2b: Archaludon\n|-singleturn|p2b: Archaludon|Protect\n|move|p1b: Cofagrigus|Body Press|p2a: Kangaskhan\n|-supereffective|p2a: Kangaskhan|1\n|-damage|p2a: Kangaskhan|10/100 brn\n|move|p1a: Venusaur|Sleep Powder|p2b: Archaludon\n|-activate|p2b: Archaludon|move: Protect\n|move|p2a: Kangaskhan|Double-Edge|p1a: Venusaur\n|-damage|p1a: Venusaur|23/100\n|-damage|p2a: Kangaskhan|0 fnt|[from] Recoil\n|faint|p2a: Kangaskhan\n|\n|-sideend|p2: hgft6|move: Tailwind\n|upkeep\n|\n|t:|1776614554\n|switch|p2a: Meganium|Meganium-Mega, L50, M|87/100\n|turn|5\n|\n|t:|1776614579\n|move|p2a: Meganium|Protect|p2a: Meganium\n|-singleturn|p2a: Meganium|Protect\n|move|p1b: Cofagrigus|Will-O-Wisp|p2b: Archaludon\n|-status|p2b: Archaludon|brn\n|move|p1a: Venusaur|Sludge Bomb|p2a: Meganium\n|-activate|p2a: Meganium|move: Protect\n|move|p2b: Archaludon|Dragon Pulse|p1b: Cofagrigus\n|-damage|p1b: Cofagrigus|60/100\n|\n|-damage|p2b: Archaludon|95/100 brn|[from] brn\n|-fieldend|move: Trick Room\n|upkeep\n|turn|6\n|\n|t:|1776614597\n|move|p1a: Venusaur|Protect|p1a: Venusaur\n|-singleturn|p1a: Venusaur|Protect\n|move|p2b: Archaludon|Dragon Pulse|p1a: Venusaur\n|-activate|p1a: Venusaur|move: Protect\n|move|p2a: Meganium|Solar Beam||[still]\n|-prepare|p2a: Meganium|Solar Beam\n|-activate|p2a: Meganium|ability: Mega Sol\n|-anim|p2a: Meganium|Solar Beam|p1b: Cofagrigus\n|-damage|p1b: Cofagrigus|0 fnt\n|faint|p1b: Cofagrigus\n|\n|-heal|p2b: Archaludon|100/100 brn|[from] item: Leftovers\n|-damage|p2b: Archaludon|95/100 brn|[from] brn\n|upkeep\n|\n|t:|1776614614\n|switch|p1b: Gallade|Gallade, L50, M, shiny|100/100\n|turn|7\n|\n|t:|1776614629\n|move|p2b: Archaludon|Dragon Pulse|p1a: Venusaur\n|-damage|p1a: Venusaur|0 fnt\n|faint|p1a: Venusaur\n|move|p2a: Meganium|Dazzling Gleam|p1b: Gallade\n|-supereffective|p1b: Gallade|1\n|-damage|p1b: Gallade|18/100\n|move|p1b: Gallade|Psycho Cut|p2a: Meganium\n|-damage|p2a: Meganium|29/100\n|\n|-heal|p2b: Archaludon|100/100 brn|[from] item: Leftovers\n|-damage|p2b: Archaludon|95/100 brn|[from] brn\n|upkeep\n|\n|t:|1776614641\n|switch|p1a: Milotic|Milotic, L50, F|100/100\n|turn|8\n|\n|t:|1776614648\n|move|p1b: Gallade|Protect|p1b: Gallade\n|-singleturn|p1b: Gallade|Protect\n|move|p2b: Archaludon|Flash Cannon|p1b: Gallade\n|-activate|p1b: Gallade|move: Protect\n|move|p2a: Meganium|Solar Beam||[still]\n|-prepare|p2a: Meganium|Solar Beam\n|-activate|p2a: Meganium|ability: Mega Sol\n|-anim|p2a: Meganium|Solar Beam|p1a: Milotic\n|-supereffective|p1a: Milotic|1\n|-damage|p1a: Milotic|14/100\n|move|p1a: Milotic|Ice Beam|p2a: Meganium\n|-supereffective|p2a: Meganium|1\n|-damage|p2a: Meganium|0 fnt\n|faint|p2a: Meganium\n|\n|-heal|p2b: Archaludon|100/100 brn|[from] item: Leftovers\n|-heal|p1a: Milotic|20/100|[from] item: Leftovers\n|-damage|p2b: Archaludon|95/100 brn|[from] brn\n|upkeep\n|turn|9\n|inactive|honest3 has 30 seconds left.\n|\n|t:|1776614678\n|move|p2b: Archaludon|Dragon Pulse|p1b: Gallade\n|-damage|p1b: Gallade|0 fnt\n|faint|p1b: Gallade\n|move|p1a: Milotic|Recover|p1a: Milotic\n|-heal|p1a: Milotic|70/100\n|\n|-heal|p2b: Archaludon|100/100 brn|[from] item: Leftovers\n|-heal|p1a: Milotic|76/100|[from] item: Leftovers\n|-damage|p2b: Archaludon|95/100 brn|[from] brn\n|upkeep\n|turn|10\n|\n|t:|1776614689\n|move|p2b: Archaludon|Thunderbolt|p1a: Milotic\n|-supereffective|p1a: Milotic|1\n|-damage|p1a: Milotic|36/100\n|-status|p1a: Milotic|par\n|move|p1a: Milotic|Recover|p1a: Milotic\n|-heal|p1a: Milotic|87/100 par\n|\n|-heal|p2b: Archaludon|100/100 brn|[from] item: Leftovers\n|-heal|p1a: Milotic|93/100 par|[from] item: Leftovers\n|-damage|p2b: Archaludon|95/100 brn|[from] brn\n|upkeep\n|turn|11\n|\n|t:|1776614703\n|move|p2b: Archaludon|Protect|p2b: Archaludon\n|-singleturn|p2b: Archaludon|Protect\n|move|p1a: Milotic|Muddy Water|p2b: Archaludon\n|-activate|p2b: Archaludon|move: Protect\n|\n|-heal|p2b: Archaludon|100/100 brn|[from] item: Leftovers\n|-heal|p1a: Milotic|99/100 par|[from] item: Leftovers\n|-damage|p2b: Archaludon|95/100 brn|[from] brn\n|upkeep\n|turn|12\n|\n|t:|1776614722\n|move|p2b: Archaludon|Dragon Pulse|p1a: Milotic\n|-damage|p1a: Milotic|70/100 par\n|move|p1a: Milotic|Muddy Water|p2b: Archaludon\n|-resisted|p2b: Archaludon|1\n|-damage|p2b: Archaludon|68/100 brn\n|\n|-heal|p2b: Archaludon|74/100 brn|[from] item: Leftovers\n|-heal|p1a: Milotic|76/100 par|[from] item: Leftovers\n|-damage|p2b: Archaludon|68/100 brn|[from] brn\n|upkeep\n|turn|13\n|\n|t:|1776614733\n|move|p2b: Archaludon|Thunderbolt|p1a: Milotic\n|-supereffective|p1a: Milotic|1\n|-damage|p1a: Milotic|38/100 par\n|move|p1a: Milotic|Muddy Water|p2b: Archaludon|[miss]\n|-miss|p1a: Milotic|p2b: Archaludon\n|\n|-heal|p2b: Archaludon|74/100 brn|[from] item: Leftovers\n|-heal|p1a: Milotic|44/100 par|[from] item: Leftovers\n|-damage|p2b: Archaludon|68/100 brn|[from] brn\n|upkeep\n|turn|14\n|inactive|hgft6 has 30 seconds left.\n|\n|t:|1776614769\n|move|p2b: Archaludon|Thunderbolt|p1a: Milotic\n|-supereffective|p1a: Milotic|1\n|-damage|p1a: Milotic|3/100 par\n|move|p1a: Milotic|Recover|p1a: Milotic\n|-heal|p1a: Milotic|53/100 par\n|\n|-heal|p2b: Archaludon|74/100 brn|[from] item: Leftovers\n|-heal|p1a: Milotic|59/100 par|[from] item: Leftovers\n|-damage|p2b: Archaludon|68/100 brn|[from] brn\n|upkeep\n|turn|15\n|\n|t:|1776614779\n|move|p2b: Archaludon|Thunderbolt|p1a: Milotic\n|-supereffective|p1a: Milotic|1\n|-damage|p1a: Milotic|19/100 par\n|move|p1a: Milotic|Recover|p1a: Milotic\n|-heal|p1a: Milotic|70/100 par\n|\n|-heal|p2b: Archaludon|74/100 brn|[from] item: Leftovers\n|-heal|p1a: Milotic|76/100 par|[from] item: Leftovers\n|-damage|p2b: Archaludon|68/100 brn|[from] brn\n|upkeep\n|turn|16\n|\n|t:|1776614789\n|move|p2b: Archaludon|Thunderbolt|p1a: Milotic\n|-supereffective|p1a: Milotic|1\n|-damage|p1a: Milotic|35/100 par\n|move|p1a: Milotic|Recover|p1a: Milotic\n|-heal|p1a: Milotic|85/100 par\n|\n|-heal|p2b: Archaludon|74/100 brn|[from] item: Leftovers\n|-heal|p1a: Milotic|91/100 par|[from] item: Leftovers\n|-damage|p2b: Archaludon|68/100 brn|[from] brn\n|upkeep\n|turn|17\n|\n|t:|1776614802\n|move|p2b: Archaludon|Flash Cannon|p1a: Milotic\n|-resisted|p1a: Milotic|1\n|-damage|p1a: Milotic|78/100 par\n|move|p1a: Milotic|Life Dew|p1a: Milotic\n|-heal|p1a: Milotic|100/100 par\n|\n|-heal|p2b: Archaludon|74/100 brn|[from] item: Leftovers\n|-damage|p2b: Archaludon|68/100 brn|[from] brn\n|upkeep\n|turn|18\n|\n|t:|1776614815\n|move|p2b: Archaludon|Thunderbolt|p1a: Milotic\n|-supereffective|p1a: Milotic|1\n|-damage|p1a: Milotic|60/100 par\n|cant|p1a: Milotic|par\n|\n|-heal|p2b: Archaludon|74/100 brn|[from] item: Leftovers\n|-heal|p1a: Milotic|66/100 par|[from] item: Leftovers\n|-damage|p2b: Archaludon|68/100 brn|[from] brn\n|upkeep\n|turn|19\n|\n|t:|1776614824\n|move|p2b: Archaludon|Thunderbolt|p1a: Milotic\n|-supereffective|p1a: Milotic|1\n|-damage|p1a: Milotic|22/100 par\n|move|p1a: Milotic|Recover|p1a: Milotic\n|-heal|p1a: Milotic|72/100 par\n|\n|-heal|p2b: Archaludon|74/100 brn|[from] item: Leftovers\n|-heal|p1a: Milotic|78/100 par|[from] item: Leftovers\n|-damage|p2b: Archaludon|68/100 brn|[from] brn\n|upkeep\n|turn|20\n|\n|t:|1776614834\n|move|p2b: Archaludon|Thunderbolt|p1a: Milotic\n|-supereffective|p1a: Milotic|1\n|-damage|p1a: Milotic|39/100 par\n|move|p1a: Milotic|Life Dew|p1a: Milotic\n|-heal|p1a: Milotic|64/100 par\n|\n|-heal|p2b: Archaludon|74/100 brn|[from] item: Leftovers\n|-heal|p1a: Milotic|70/100 par|[from] item: Leftovers\n|-damage|p2b: Archaludon|68/100 brn|[from] brn\n|upkeep\n|turn|21\n|\n|t:|1776614845\n|move|p2b: Archaludon|Thunderbolt|p1a: Milotic\n|-supereffective|p1a: Milotic|1\n|-damage|p1a: Milotic|32/100 par\n|move|p1a: Milotic|Life Dew|p1a: Milotic\n|-heal|p1a: Milotic|57/100 par\n|\n|-heal|p2b: Archaludon|74/100 brn|[from] item: Leftovers\n|-heal|p1a: Milotic|63/100 par|[from] item: Leftovers\n|-damage|p2b: Archaludon|68/100 brn|[from] brn\n|upkeep\n|turn|22\n|\n|t:|1776614855\n|move|p2b: Archaludon|Thunderbolt|p1a: Milotic\n|-supereffective|p1a: Milotic|1\n|-damage|p1a: Milotic|21/100 par\n|move|p1a: Milotic|Recover|p1a: Milotic\n|-heal|p1a: Milotic|72/100 par\n|\n|-heal|p2b: Archaludon|74/100 brn|[from] item: Leftovers\n|-heal|p1a: Milotic|78/100 par|[from] item: Leftovers\n|-damage|p2b: Archaludon|68/100 brn|[from] brn\n|upkeep\n|turn|23\n|\n|t:|1776614865\n|move|p2b: Archaludon|Flash Cannon|p1a: Milotic\n|-resisted|p1a: Milotic|1\n|-damage|p1a: Milotic|64/100 par\n|move|p1a: Milotic|Life Dew|p1a: Milotic\n|-heal|p1a: Milotic|89/100 par\n|\n|-heal|p2b: Archaludon|74/100 brn|[from] item: Leftovers\n|-heal|p1a: Milotic|95/100 par|[from] item: Leftovers\n|-damage|p2b: Archaludon|68/100 brn|[from] brn\n|upkeep\n|turn|24\n|\n|t:|1776614875\n|move|p2b: Archaludon|Flash Cannon|p1a: Milotic\n|-resisted|p1a: Milotic|1\n|-damage|p1a: Milotic|83/100 par\n|move|p1a: Milotic|Muddy Water|p2b: Archaludon\n|-resisted|p2b: Archaludon|1\n|-damage|p2b: Archaludon|46/100 brn\n|-unboost|p2b: Archaludon|accuracy|1\n|\n|-heal|p2b: Archaludon|52/100 brn|[from] item: Leftovers\n|-heal|p1a: Milotic|89/100 par|[from] item: Leftovers\n|-damage|p2b: Archaludon|46/100 brn|[from] brn\n|upkeep\n|turn|25\n|\n|t:|1776614888\n|move|p2b: Archaludon|Flash Cannon|p1a: Milotic\n|-resisted|p1a: Milotic|1\n|-damage|p1a: Milotic|76/100 par\n|move|p1a: Milotic|Muddy Water|p2b: Archaludon\n|-resisted|p2b: Archaludon|1\n|-damage|p2b: Archaludon|21/100 brn\n|-unboost|p2b: Archaludon|accuracy|1\n|\n|-heal|p2b: Archaludon|27/100 brn|[from] item: Leftovers\n|-heal|p1a: Milotic|82/100 par|[from] item: Leftovers\n|-damage|p2b: Archaludon|21/100 brn|[from] brn\n|upkeep\n|turn|26\n|\n|t:|1776614899\n|move|p2b: Archaludon|Thunderbolt|p1a: Milotic|[miss]\n|-miss|p2b: Archaludon|p1a: Milotic\n|move|p1a: Milotic|Life Dew|p1a: Milotic\n|-heal|p1a: Milotic|100/100 par\n|\n|-heal|p2b: Archaludon|27/100 brn|[from] item: Leftovers\n|-damage|p2b: Archaludon|21/100 brn|[from] brn\n|upkeep\n|turn|27\n|inactive|hgft6 has 30 seconds left.\n|c|\u2606hgft6|Not even a single paralyze\n|inactive|hgft6 has 20 seconds left.\n|c|\u2606hgft6|You are so lucky\n|c|\u2606honest3|there was one\n|inactive|hgft6 has 15 seconds left.\n|c|\u2606honest3|you believe in luck?\n|inactive|hgft6 has 10 seconds left.\n|c|\u2606hgft6|Out of 18\n|inactive|hgft6 has 5 seconds left.\n|\n|t:|1776614950\n|move|p2b: Archaludon|Thunderbolt|p1a: Milotic|[miss]\n|-miss|p2b: Archaludon|p1a: Milotic\n|cant|p1a: Milotic|par\n|\n|-heal|p2b: Archaludon|27/100 brn|[from] item: Leftovers\n|-damage|p2b: Archaludon|21/100 brn|[from] brn\n|upkeep\n|turn|28\n|c|\u2606honest3|there you go\n|c|\u2606hgft6|GG\n|\n|t:|1776614968\n|move|p2b: Archaludon|Thunderbolt|p1a: Milotic\n|-supereffective|p1a: Milotic|1\n|-damage|p1a: Milotic|63/100 par\n|move|p1a: Milotic|Muddy Water|p2b: Archaludon\n|-resisted|p2b: Archaludon|1\n|-damage|p2b: Archaludon|0 fnt\n|faint|p2b: Archaludon\n|\n|win|honest3\n|raw|honest3's rating: 1207 &rarr; <strong>1235</strong><br />(+28 for winning)\n|raw|hgft6's rating: 1243 &rarr; <strong>1215</strong><br />(-28 for losing)\n|c|\u2606honest3|gg\n|l|\u2606hgft6\n|player|p2|\n",
  "uploadtime": 1776614981,
  "views": 21,
  "formatid": "gen9championsvgc2026regma",
  "rating": 1215,
  "private": 0,
  "password": null
}