{
  "id": "gen9championsvgc2026regma-2586094088",
  "format": "[Gen 9 Champions] VGC 2026 Reg M-A",
  "players": [
    "StarStorm295",
    "zoneviz"
  ],
  "log": "|j|\u2606StarStorm295\n|j|\u2606zoneviz\n|t:|1776398311\n|gametype|doubles\n|player|p1|StarStorm295|marley|1105\n|player|p2|zoneviz|fantina|1104\n|gen|9\n|tier|[Gen 9 Champions] VGC 2026 Reg M-A\n|rated|\n|rule|Species Clause: Limit one of each Pok\u00e9mon\n|rule|Item Clause: Limit 1 of each item\n|clearpoke\n|poke|p1|Lopunny, L50, F|\n|poke|p1|Milotic, L50, M|\n|poke|p1|Garchomp, L50, F|\n|poke|p1|Volcarona, L50, F|\n|poke|p1|Aegislash, L50, F|\n|poke|p1|Tsareena, L50, F|\n|poke|p2|Aerodactyl, L50, M|\n|poke|p2|Garchomp, L50, M|\n|poke|p2|Sinistcha-Masterpiece, L50|\n|poke|p2|Charizard, L50, M|\n|poke|p2|Gengar, L50, M|\n|poke|p2|Basculegion, L50, M|\n|teampreview|4\n|inactive|Battle timer is ON: inactive players will automatically lose when time's up. (requested by zoneviz)\n|inactive|StarStorm295 has 60 seconds left.\n|inactive|StarStorm295 has 30 seconds left.\n|inactive|StarStorm295 has 20 seconds left.\n|inactive|StarStorm295 has 15 seconds left.\n|inactive|StarStorm295 has 10 seconds left.\n|inactive|StarStorm295 has 5 seconds left.\n|\n|t:|1776398473\n|teamsize|p1|4\n|teamsize|p2|4\n|start\n|switch|p1a: Bonnie|Lopunny, L50, F, shiny|100/100\n|switch|p1b: Scylla|Milotic, L50, M, shiny|100/100\n|switch|p2a: Aerodactyl|Aerodactyl, L50, M|100/100\n|switch|p2b: Garchomp|Garchomp, L50, M|100/100\n|-ability|p2a: Aerodactyl|Unnerve\n|turn|1\n|\n|t:|1776398492\n|detailschange|p1a: Bonnie|Lopunny-Mega, L50, F, shiny\n|-mega|p1a: Bonnie|Lopunny|Lopunnite\n|move|p1a: Bonnie|Fake Out|p2a: Aerodactyl\n|-resisted|p2a: Aerodactyl|1\n|-damage|p2a: Aerodactyl|83/100\n|cant|p2a: Aerodactyl|flinch\n|move|p2b: Garchomp|Earthquake|p1a: Bonnie|[spread] p1a,p1b\n|-immune|p2a: Aerodactyl\n|-damage|p1a: Bonnie|43/100\n|-damage|p1b: Scylla|50/100\n|move|p1b: Scylla|Icy Wind|p2b: Garchomp|[spread] p2a,p2b\n|-supereffective|p2a: Aerodactyl|1\n|-supereffective|p2b: Garchomp|2\n|-damage|p2a: Aerodactyl|43/100\n|-damage|p2b: Garchomp|40/100\n|-unboost|p2a: Aerodactyl|spe|1\n|-unboost|p2b: Garchomp|spe|1\n|\n|-heal|p1b: Scylla|55/100|[from] item: Leftovers\n|upkeep\n|turn|2\n|inactive|StarStorm295 has 30 seconds left.\n|inactive|zoneviz has 30 seconds left.\n|inactive|StarStorm295 has 20 seconds left.\n|inactive|StarStorm295 has 15 seconds left.\n|inactive|StarStorm295 has 10 seconds left.\n|\n|t:|1776398539\n|move|p2b: Garchomp|Protect|p2b: Garchomp\n|-singleturn|p2b: Garchomp|Protect\n|move|p1a: Bonnie|Close Combat|p2a: Aerodactyl\n|-damage|p2a: Aerodactyl|0 fnt\n|-unboost|p1a: Bonnie|def|1\n|-unboost|p1a: Bonnie|spd|1\n|faint|p2a: Aerodactyl\n|move|p1b: Scylla|Icy Wind|p2b: Garchomp\n|-activate|p2b: Garchomp|move: Protect\n|\n|-heal|p1b: Scylla|61/100|[from] item: Leftovers\n|upkeep\n|\n|t:|1776398557\n|switch|p2a: Sinistcha|Sinistcha-Masterpiece, L50|100/100\n|-heal|p2b: Garchomp|65/100|[from] ability: Hospitality|[of] p2a: Sinistcha\n|turn|3\n|\n|t:|1776398575\n|move|p1a: Bonnie|Encore|p2b: Garchomp\n|-start|p2b: Garchomp|Encore\n|move|p2b: Garchomp|Protect||[still]\n|-fail|p2b: Garchomp\n|move|p1b: Scylla|Icy Wind|p2b: Garchomp|[spread] p2a,p2b\n|-supereffective|p2a: Sinistcha|1\n|-supereffective|p2b: Garchomp|2\n|-damage|p2a: Sinistcha|76/100\n|-damage|p2b: Garchomp|0 fnt\n|-unboost|p2a: Sinistcha|spe|1\n|faint|p2b: Garchomp\n|move|p2a: Sinistcha|Matcha Gotcha|p1b: Scylla|[spread] p1a,p1b\n|-supereffective|p1b: Scylla|1\n|-damage|p1a: Bonnie|0 fnt\n|-heal|p2a: Sinistcha|94/100|[from] drain|[of] p1a: Bonnie\n|-damage|p1b: Scylla|26/100\n|-heal|p2a: Sinistcha|100/100|[from] drain|[of] p1b: Scylla\n|-status|p1b: Scylla|brn\n|faint|p1a: Bonnie\n|\n|-heal|p1b: Scylla|32/100 brn|[from] item: Leftovers\n|-damage|p1b: Scylla|26/100 brn|[from] brn\n|upkeep\n|\n|t:|1776398600\n|switch|p1a: Hesper|Volcarona, L50, F|100/100\n|switch|p2b: Gengar|Gengar, L50, M|100/100\n|turn|4\n|\n|t:|1776398617\n|detailschange|p2b: Gengar|Gengar-Mega, L50, M\n|-mega|p2b: Gengar|Gengar|Gengarite\n|move|p2b: Gengar|Shadow Ball|p1a: Hesper\n|-damage|p1a: Hesper|58/100\n|-unboost|p1a: Hesper|spd|1\n|move|p1a: Hesper|Heat Wave|p2a: Sinistcha|[spread] p2a,p2b\n|-supereffective|p2a: Sinistcha|1\n|-damage|p2a: Sinistcha|36/100\n|-damage|p2b: Gengar|49/100\n|move|p1b: Scylla|Icy Wind|p2a: Sinistcha|[spread] p2a,p2b\n|-supereffective|p2a: Sinistcha|1\n|-damage|p2a: Sinistcha|14/100\n|-damage|p2b: Gengar|32/100\n|-unboost|p2a: Sinistcha|spe|1\n|-unboost|p2b: Gengar|spe|1\n|move|p2a: Sinistcha|Matcha Gotcha|p1a: Hesper|[spread] p1a,p1b\n|-resisted|p1a: Hesper|2\n|-supereffective|p1b: Scylla|1\n|-damage|p1a: Hesper|49/100\n|-heal|p2a: Sinistcha|18/100|[from] drain|[of] p1a: Hesper\n|-damage|p1b: Scylla|0 fnt\n|-heal|p2a: Sinistcha|33/100|[from] drain|[of] p1b: Scylla\n|faint|p1b: Scylla\n|\n|-heal|p2a: Sinistcha|39/100|[from] item: Leftovers\n|upkeep\n|inactive|StarStorm295 has 30 seconds left.\n|\n|t:|1776398644\n|switch|p1b: Bokrug|Garchomp, L50, F|100/100\n|turn|5\n|\n|t:|1776398654\n|move|p2b: Gengar|Protect|p2b: Gengar\n|-singleturn|p2b: Gengar|Protect\n|move|p1b: Bokrug|Rock Slide|p2b: Gengar|[spread] p2a\n|-activate|p2b: Gengar|move: Protect\n|-damage|p2a: Sinistcha|18/100\n|move|p1a: Hesper|Heat Wave|p2b: Gengar|[spread] p2a\n|-activate|p2b: Gengar|move: Protect\n|-supereffective|p2a: Sinistcha|1\n|-damage|p2a: Sinistcha|0 fnt\n|faint|p2a: Sinistcha\n|\n|upkeep\n|turn|6\n|\n|t:|1776398670\n|move|p1b: Bokrug|Stomping Tantrum|p2b: Gengar\n|-supereffective|p2b: Gengar|1\n|-damage|p2b: Gengar|0 fnt\n|faint|p2b: Gengar\n|\n|win|StarStorm295\n|raw|StarStorm295's rating: 1105 &rarr; <strong>1130</strong><br />(+25 for winning)\n|raw|zoneviz's rating: 1104 &rarr; <strong>1079</strong><br />(-25 for losing)\n",
  "uploadtime": 1776398673,
  "views": 26,
  "formatid": "gen9championsvgc2026regma",
  "rating": 1079,
  "private": 0,
  "password": null
}