{
  "id": "gen9championsvgc2026regma-2581211184",
  "format": "[Gen 9 Champions] VGC 2026 Reg M-A",
  "players": [
    "Swis_Chris",
    "JangoMuice"
  ],
  "log": "|j|\u2606Swis_Chris\n|j|\u2606JangoMuice\n|t:|1775971288\n|gametype|doubles\n|player|p1|Swis_Chris|hop-masters|1049\n|player|p2|JangoMuice|lady-gen4|1152\n|gen|9\n|tier|[Gen 9 Champions] VGC 2026 Reg M-A\n|rated|\n|rule|Species Clause: Limit one of each Pok\u00e9mon\n|rule|Item Clause: Limit 1 of each item\n|clearpoke\n|poke|p1|Chesnaught, L50, M|\n|poke|p1|Basculegion, L50, M|\n|poke|p1|Sinistcha-Masterpiece, L50|\n|poke|p1|Incineroar, L50, M|\n|poke|p1|Pelipper, L50, M|\n|poke|p2|Tyranitar, L50, F|\n|poke|p2|Sinistcha, L50|\n|poke|p2|Garchomp, L50, M|\n|poke|p2|Rotom-Wash, L50|\n|poke|p2|Sneasler, L50, M|\n|poke|p2|Orthworm, L50, F|\n|teampreview|4\nSwis_Chris has agreed to open team sheets.\n|\n|t:|1775971364\n|teamsize|p1|4\n|teamsize|p2|4\n|start\n|switch|p1a: Chesnaught|Chesnaught, L50, M|100/100\n|switch|p1b: Incineroar|Incineroar, L50, M, shiny|100/100\n|switch|p2a: Orthworm|Orthworm, L50, F, shiny|100/100\n|switch|p2b: Sneasler|Sneasler, L50, M|100/100\n|-ability|p1b: Incineroar|Intimidate|boost\n|-unboost|p2a: Orthworm|atk|1\n|-unboost|p2b: Sneasler|atk|1\n|-enditem|p2b: Sneasler|White Herb\n|-clearnegativeboost|p2b: Sneasler|[silent]\n|turn|1\n|\n|t:|1775971407\n|detailschange|p1a: Chesnaught|Chesnaught-Mega, L50, M\n|-mega|p1a: Chesnaught|Chesnaught|Chesnaughtite\n|move|p2b: Sneasler|Fake Out|p1a: Chesnaught\n|-damage|p1a: Chesnaught|93/100\n|move|p1b: Incineroar|Fake Out|p2b: Sneasler\n|-damage|p2b: Sneasler|76/100\n|move|p2a: Orthworm|Shed Tail|p2a: Orthworm\n|-start|p2a: Orthworm|Substitute|[from] move: Shed Tail\n|-damage|p2a: Orthworm|50/100\n|-enditem|p2a: Orthworm|Sitrus Berry|[eat]\n|-heal|p2a: Orthworm|75/100|[from] item: Sitrus Berry\n|\n|t:|1775971421\n|switch|p2a: Tyranitar|Tyranitar, L50, F|100/100|[from] Shed Tail\n|-weather|Sandstorm|[from] ability: Sand Stream|[of] p2a: Tyranitar\n|cant|p1a: Chesnaught|flinch\n|\n|-weather|Sandstorm|[upkeep]\n|-damage|p2b: Sneasler|70/100|[from] Sandstorm\n|-damage|p1b: Incineroar|95/100|[from] Sandstorm\n|-damage|p1a: Chesnaught|87/100|[from] Sandstorm\n|upkeep\n|turn|2\n|\n|t:|1775971486\n|detailschange|p2a: Tyranitar|Tyranitar-Mega, L50, F\n|-mega|p2a: Tyranitar|Tyranitar|Tyranitarite\n|move|p1a: Chesnaught|Spiky Shield|p1a: Chesnaught\n|-singleturn|p1a: Chesnaught|move: Protect\n|move|p2b: Sneasler|Dire Claw|p1a: Chesnaught\n|-activate|p1a: Chesnaught|move: Protect\n|-damage|p2b: Sneasler|58/100|[from] Spiky Shield|[of] p1a: Chesnaught\n|move|p2a: Tyranitar|Dragon Dance|p2a: Tyranitar\n|-boost|p2a: Tyranitar|atk|1\n|-boost|p2a: Tyranitar|spe|1\n|move|p1b: Incineroar|Parting Shot|p2b: Sneasler\n|-unboost|p2b: Sneasler|atk|1\n|-unboost|p2b: Sneasler|spa|1\n|l|\u2606Swis_Chris\n|player|p1|\n|j|\u2606Swis_Chris\n|player|p1|Swis_Chris|hop-masters|\n|\n|t:|1775971529\n|switch|p1b: Pelipper|Pelipper, L50, M, shiny|100/100|[from] Parting Shot\n|-weather|RainDance|[from] ability: Drizzle|[of] p1b: Pelipper\n|\n|-weather|RainDance|[upkeep]\n|upkeep\n|turn|3\n|\n|t:|1775971548\n|move|p1b: Pelipper|Wide Guard|p1b: Pelipper\n|-singleturn|p1b: Pelipper|Wide Guard\n|move|p2b: Sneasler|Dire Claw|p1a: Chesnaught\n|-supereffective|p1a: Chesnaught|1\n|-crit|p1a: Chesnaught\n|-damage|p1a: Chesnaught|25/100\n|move|p2a: Tyranitar|Rock Slide|p1a: Chesnaught|[spread] \n|-activate|p1a: Chesnaught|move: Wide Guard\n|-activate|p1b: Pelipper|move: Wide Guard\n|move|p1a: Chesnaught|Iron Defense|p1a: Chesnaught\n|-boost|p1a: Chesnaught|def|2\n|\n|-weather|RainDance|[upkeep]\n|upkeep\n|turn|4\n|\n|t:|1775971588\n|move|p2b: Sneasler|Dire Claw|p1a: Chesnaught\n|-supereffective|p1a: Chesnaught|1\n|-damage|p1a: Chesnaught|9/100\n|move|p2a: Tyranitar|Knock Off|p1a: Chesnaught\n|-resisted|p1a: Chesnaught|1\n|-damage|p1a: Chesnaught|1/100\n|move|p1b: Pelipper|Hurricane|p2b: Sneasler\n|-supereffective|p2b: Sneasler|1\n|-damage|p2b: Sneasler|0 fnt\n|faint|p2b: Sneasler\n|move|p1a: Chesnaught|Pain Split||[still]\n|-fail|p1a: Chesnaught\n|\n|-weather|RainDance|[upkeep]\n|upkeep\n|\n|t:|1775971601\n|switch|p2b: Rotom|Rotom-Wash, L50|100/100\n|turn|5\n|\n|t:|1775971639\n|move|p1b: Pelipper|Wide Guard|p1b: Pelipper\n|-singleturn|p1b: Pelipper|Wide Guard\n|move|p2b: Rotom|Electroweb|p1b: Pelipper|[spread] \n|-activate|p1a: Chesnaught|move: Wide Guard\n|-activate|p1b: Pelipper|move: Wide Guard\n|move|p2a: Tyranitar|Dragon Dance|p2a: Tyranitar\n|-boost|p2a: Tyranitar|atk|1\n|-boost|p2a: Tyranitar|spe|1\n|move|p1a: Chesnaught|Pain Split|p2b: Rotom\n|-sethp|p2b: Rotom|51/100|[from] move: Pain Split|[silent]\n|-sethp|p1a: Chesnaught|33/100|[from] move: Pain Split\n|\n|-weather|RainDance|[upkeep]\n|upkeep\n|turn|6\n|\n|t:|1775971666\n|switch|p1b: Incineroar|Incineroar, L50, M, shiny|95/100\n|-ability|p1b: Incineroar|Intimidate|boost\n|-immune|p2a: Tyranitar\n|-unboost|p2b: Rotom|atk|1\n|move|p2a: Tyranitar|Knock Off|p1b: Incineroar\n|-resisted|p1b: Incineroar|1\n|-damage|p1b: Incineroar|29/100\n|-enditem|p1b: Incineroar|Sitrus Berry|[from] move: Knock Off|[of] p2a: Tyranitar\n|move|p2b: Rotom|Electroweb|p1a: Chesnaught|[spread] p1a,p1b\n|-resisted|p1a: Chesnaught|1\n|-damage|p1a: Chesnaught|27/100\n|-damage|p1b: Incineroar|11/100\n|-unboost|p1a: Chesnaught|spe|1\n|-unboost|p1b: Incineroar|spe|1\n|move|p1a: Chesnaught|Body Press|p2a: Tyranitar\n|-supereffective|p2a: Tyranitar|2\n|-end|p2a: Tyranitar|Substitute\n|\n|-weather|none\n|upkeep\n|turn|7\n|\n|t:|1775971706\n|switch|p1b: Pelipper|Pelipper, L50, M, shiny|100/100\n|-weather|RainDance|[from] ability: Drizzle|[of] p1b: Pelipper\n|move|p2a: Tyranitar|Protect|p2a: Tyranitar\n|-singleturn|p2a: Tyranitar|Protect\n|move|p2b: Rotom|Electroweb|p1b: Pelipper|[spread] p1a,p1b\n|-resisted|p1a: Chesnaught|1\n|-supereffective|p1b: Pelipper|2\n|-damage|p1a: Chesnaught|21/100\n|-enditem|p1b: Pelipper|Focus Sash\n|-damage|p1b: Pelipper|1/100\n|-unboost|p1a: Chesnaught|spe|1\n|-unboost|p1b: Pelipper|spe|1\n|move|p1a: Chesnaught|Body Press|p2a: Tyranitar\n|-activate|p2a: Tyranitar|move: Protect\n|\n|-weather|RainDance|[upkeep]\n|upkeep\n|turn|8\n|\n|t:|1775971743\n|switch|p2a: Orthworm|Orthworm, L50, F, shiny|75/100\n|move|p2b: Rotom|Electroweb|p1b: Pelipper|[spread] p1a,p1b\n|-resisted|p1a: Chesnaught|1\n|-supereffective|p1b: Pelipper|2\n|-damage|p1a: Chesnaught|14/100\n|-damage|p1b: Pelipper|0 fnt\n|-unboost|p1a: Chesnaught|spe|1\n|faint|p1b: Pelipper\n|move|p1a: Chesnaught|Body Press|p2a: Orthworm\n|-supereffective|p2a: Orthworm|1\n|-damage|p2a: Orthworm|0 fnt\n|faint|p2a: Orthworm\n|\n|-weather|RainDance|[upkeep]\n|upkeep\n|\n|t:|1775971762\n|switch|p2a: Tyranitar|Tyranitar-Mega, L50, F|100/100\n|switch|p1b: Incineroar|Incineroar, L50, M, shiny|11/100\n|-weather|Sandstorm|[from] ability: Sand Stream|[of] p2a: Tyranitar\n|-ability|p1b: Incineroar|Intimidate|boost\n|-unboost|p2a: Tyranitar|atk|1\n|-unboost|p2b: Rotom|atk|1\n|turn|9\n|\n|t:|1775971771\n|move|p2a: Tyranitar|Protect|p2a: Tyranitar\n|-singleturn|p2a: Tyranitar|Protect\n|move|p1b: Incineroar|Fake Out|p2b: Rotom\n|-damage|p2b: Rotom|33/100\n|cant|p2b: Rotom|flinch\n|move|p1a: Chesnaught|Pain Split|p2a: Tyranitar\n|-activate|p2a: Tyranitar|move: Protect\n|\n|-weather|Sandstorm|[upkeep]\n|-damage|p2b: Rotom|27/100|[from] Sandstorm\n|-damage|p1b: Incineroar|5/100|[from] Sandstorm\n|-damage|p1a: Chesnaught|8/100|[from] Sandstorm\n|upkeep\n|turn|10\n|\n|t:|1775971803\n|move|p1a: Chesnaught|Spiky Shield|p1a: Chesnaught\n|-singleturn|p1a: Chesnaught|move: Protect\n|move|p2b: Rotom|Electroweb|p1a: Chesnaught|[spread] p1b\n|-activate|p1a: Chesnaught|move: Protect\n|-damage|p1b: Incineroar|0 fnt\n|faint|p1b: Incineroar\n|move|p2a: Tyranitar|Rock Slide|p1a: Chesnaught\n|-activate|p1a: Chesnaught|move: Protect\n|\n|-weather|Sandstorm|[upkeep]\n|-damage|p2b: Rotom|22/100|[from] Sandstorm\n|-damage|p1a: Chesnaught|2/100|[from] Sandstorm\n|upkeep\n|\n|t:|1775971809\n|switch|p1b: Basculegion|Basculegion, L50, M|100/100\n|turn|11\n|\n|t:|1775971838\n|move|p2a: Tyranitar|Protect|p2a: Tyranitar\n|-singleturn|p2a: Tyranitar|Protect\n|move|p2b: Rotom|Electroweb|p1b: Basculegion|[spread] p1a,p1b\n|-resisted|p1a: Chesnaught|1\n|-supereffective|p1b: Basculegion|1\n|-damage|p1a: Chesnaught|0 fnt\n|-damage|p1b: Basculegion|51/100\n|-unboost|p1b: Basculegion|spe|1\n|faint|p1a: Chesnaught\n|move|p1b: Basculegion|Last Respects|p2b: Rotom\n|-damage|p2b: Rotom|0 fnt\n|faint|p2b: Rotom\n|\n|-weather|Sandstorm|[upkeep]\n|-damage|p1b: Basculegion|45/100|[from] Sandstorm\n|upkeep\n|turn|12\n|\n|t:|1775971844\n|move|p2a: Tyranitar|Knock Off|p1b: Basculegion\n|-supereffective|p1b: Basculegion|1\n|-damage|p1b: Basculegion|0 fnt\n|-enditem|p1b: Basculegion|Mystic Water|[from] move: Knock Off|[of] p2a: Tyranitar\n|faint|p1b: Basculegion\n|\n|win|JangoMuice\n|raw|Swis_Chris's rating: 1082 &rarr; <strong>1064</strong><br />(-18 for losing)\n|raw|JangoMuice's rating: 1152 &rarr; <strong>1172</strong><br />(+20 for winning)\n",
  "uploadtime": 1775971862,
  "views": 23,
  "formatid": "gen9championsvgc2026regma",
  "rating": 1064,
  "private": 0,
  "password": null
}