{
  "id": "gen9championsvgc2026regma-2588675297",
  "format": "[Gen 9 Champions] VGC 2026 Reg M-A",
  "players": [
    "darthbear1976",
    "Silvist"
  ],
  "log": "|j|\u2606darthbear1976\n|j|\u2606Silvist\n|t:|1776656454\n|gametype|doubles\n|player|p1|darthbear1976|pokemonranger-gen4|1235\n|player|p2|Silvist|hilbert|1225\n|gen|9\n|tier|[Gen 9 Champions] VGC 2026 Reg M-A\n|rated|\n|rule|Species Clause: Limit one of each Pok\u00e9mon\n|rule|Item Clause: Limit 1 of each item\n|clearpoke\n|poke|p1|Hawlucha, L50, M|\n|poke|p1|Garchomp, L50, M|\n|poke|p1|Tinkaton, L50, F|\n|poke|p1|Incineroar, L50, F|\n|poke|p1|Whimsicott, L50, F|\n|poke|p1|Milotic, L50, M|\n|poke|p2|Aerodactyl, L50, M|\n|poke|p2|Garchomp, L50, M|\n|poke|p2|Incineroar, L50, M|\n|poke|p2|Sneasler, L50, F|\n|poke|p2|Kingambit, L50, M|\n|poke|p2|Delphox, L50, M|\n|teampreview|4\n|inactive|Battle timer is ON: inactive players will automatically lose when time's up. (requested by darthbear1976)\n|inactive|darthbear1976 has 60 seconds left.\n|\n|t:|1776656486\n|teamsize|p1|4\n|teamsize|p2|4\n|start\n|switch|p1a: Tinkaton|Tinkaton, L50, F|100/100\n|switch|p1b: Whimsicott|Whimsicott, L50, F|100/100\n|switch|p2a: Delphox|Delphox, L50, M|100/100\n|switch|p2b: Sneasler|Sneasler, L50, F|100/100\n|-ability|p1a: Tinkaton|Mold Breaker\n|turn|1\n|inactive|Silvist has 30 seconds left.\n|\n|t:|1776656518\n|detailschange|p2a: Delphox|Delphox-Mega, L50, M\n|-mega|p2a: Delphox|Delphox|Delphoxite\n|move|p2b: Sneasler|Fake Out|p1b: Whimsicott\n|-damage|p1b: Whimsicott|80/100\n|move|p1a: Tinkaton|Fake Out|p2a: Delphox\n|-damage|p2a: Delphox|82/100\n|cant|p1b: Whimsicott|flinch\n|cant|p2a: Delphox|flinch\n|\n|upkeep\n|turn|2\n|\n|t:|1776656534\n|switch|p1a: Milotic|Milotic, L50, M|100/100\n|move|p1b: Whimsicott|Tailwind|p1b: Whimsicott\n|-sidestart|p1: darthbear1976|move: Tailwind\n|move|p2a: Delphox|Heat Wave|p1b: Whimsicott|[spread] p1a\n|-miss|p2a: Delphox|p1b: Whimsicott\n|-resisted|p1a: Milotic|1\n|-damage|p1a: Milotic|84/100\n|move|p2b: Sneasler|Dire Claw|p1b: Whimsicott\n|-supereffective|p1b: Whimsicott|2\n|-damage|p1b: Whimsicott|0 fnt\n|faint|p1b: Whimsicott\n|\n|-heal|p1a: Milotic|90/100|[from] item: Leftovers\n|upkeep\n|\n|t:|1776656556\n|switch|p1b: Hawlucha|Hawlucha, L50, M|100/100\n|turn|3\n|inactive|Silvist has 30 seconds left.\n|inactive|Silvist has 20 seconds left.\n|inactive|Silvist has 15 seconds left.\n|\n|t:|1776656597\n|detailschange|p1b: Hawlucha|Hawlucha-Mega, L50, M\n|-mega|p1b: Hawlucha|Hawlucha|Hawluchanite\n|move|p1b: Hawlucha|Rock Slide|p2b: Sneasler|[spread] p2a,p2b\n|-supereffective|p2a: Delphox|1\n|-resisted|p2b: Sneasler|1\n|-damage|p2a: Delphox|18/100\n|-damage|p2b: Sneasler|82/100\n|move|p1a: Milotic|Scald|p2a: Delphox\n|-supereffective|p2a: Delphox|1\n|-damage|p2a: Delphox|0 fnt\n|faint|p2a: Delphox\n|move|p2b: Sneasler|Dire Claw|p1a: Milotic\n|-damage|p1a: Milotic|47/100\n|\n|-heal|p1a: Milotic|52/100|[from] item: Leftovers\n|upkeep\n|\n|t:|1776656616\n|switch|p2a: Incineroar|Incineroar, L50, M|100/100\n|-ability|p2a: Incineroar|Intimidate|boost\n|-unboost|p1a: Milotic|atk|1\n|-ability|p1a: Milotic|Competitive|boost\n|-boost|p1a: Milotic|spa|2\n|-unboost|p1b: Hawlucha|atk|1\n|turn|4\n|\n|t:|1776656626\n|switch|p1b: Tinkaton|Tinkaton, L50, F|100/100\n|-ability|p1b: Tinkaton|Mold Breaker\n|move|p1a: Milotic|Protect|p1a: Milotic\n|-singleturn|p1a: Milotic|Protect\n|move|p2a: Incineroar|Fake Out|p1b: Tinkaton\n|-resisted|p1b: Tinkaton|1\n|-damage|p1b: Tinkaton|92/100\n|move|p2b: Sneasler|Dire Claw|p1a: Milotic\n|-activate|p1a: Milotic|move: Protect\n|\n|-heal|p1a: Milotic|58/100|[from] item: Leftovers\n|upkeep\n|turn|5\n|\n|t:|1776656643\n|move|p1b: Tinkaton|Gigaton Hammer|p2b: Sneasler\n|-damage|p2b: Sneasler|0 fnt\n|faint|p2b: Sneasler\n|move|p1a: Milotic|Scald|p2a: Incineroar\n|-supereffective|p2a: Incineroar|1\n|-damage|p2a: Incineroar|0 fnt\n|faint|p2a: Incineroar\n|\n|-heal|p1a: Milotic|64/100|[from] item: Leftovers\n|-sideend|p1: darthbear1976|move: Tailwind\n|upkeep\n|\n|t:|1776656654\n|switch|p2a: Garchomp|Garchomp, L50, M|100/100\n|turn|6\n|\n|t:|1776656660\n|switch|p1b: Hawlucha|Hawlucha-Mega, L50, M|100/100\n|move|p2a: Garchomp|Earthquake|p1a: Milotic|[spread] p1a\n|-immune|p1b: Hawlucha\n|-damage|p1a: Milotic|21/100\n|move|p1a: Milotic|Ice Beam|p2a: Garchomp\n|-supereffective|p2a: Garchomp|2\n|-damage|p2a: Garchomp|0 fnt\n|faint|p2a: Garchomp\n|\n|win|darthbear1976\n|raw|darthbear1976's rating: 1235 &rarr; <strong>1259</strong><br />(+24 for winning)\n|raw|Silvist's rating: 1225 &rarr; <strong>1201</strong><br />(-24 for losing)\n|l|\u2606Silvist\n|player|p2|\n",
  "uploadtime": 1776656672,
  "views": 7,
  "formatid": "gen9championsvgc2026regma",
  "rating": 1201,
  "private": 0,
  "password": null
}