{
  "id": "gen9championsvgc2026regma-2588231154",
  "format": "[Gen 9 Champions] VGC 2026 Reg M-A",
  "players": [
    "thalyes",
    "Alex0346"
  ],
  "log": "|j|\u2606thalyes\n|j|\u2606Alex0346\n|t:|1776616459\n|gametype|doubles\n|player|p1|thalyes|steven|1115\n|player|p2|Alex0346|101|1048\n|gen|9\n|tier|[Gen 9 Champions] VGC 2026 Reg M-A\n|rated|\n|rule|Species Clause: Limit one of each Pok\u00e9mon\n|rule|Item Clause: Limit 1 of each item\n|clearpoke\n|poke|p1|Starmie, L50|\n|poke|p1|Pelipper, L50, M|\n|poke|p1|Sneasler, L50, F, shiny|\n|poke|p1|Dragonite, L50, M|\n|poke|p1|Primarina, L50, F|\n|poke|p1|Incineroar, L50, M|\n|poke|p2|Lucario, L50, M|\n|poke|p2|Farigiraf, L50, F|\n|poke|p2|Torkoal, L50, M|\n|poke|p2|Crabominable, L50, F|\n|poke|p2|Typhlosion-Hisui, L50, F|\n|poke|p2|Whimsicott, L50, M|\n|teampreview|4\n|inactive|Battle timer is ON: inactive players will automatically lose when time's up. (requested by thalyes)\nAlex0346 rejected open team sheets.\n|inactive|thalyes has 60 seconds left.\n|\n|t:|1776616495\n|teamsize|p1|4\n|teamsize|p2|4\n|start\n|switch|p1a: BURNING EYES|Starmie, L50|100/100\n|switch|p1b: Moonlight on River|Primarina, L50, F|100/100\n|switch|p2a: Lucario|Lucario, L50, M|100/100\n|switch|p2b: Farigiraf|Farigiraf, L50, F|100/100\n|turn|1\n|\n|t:|1776616515\n|detailschange|p1a: BURNING EYES|Starmie-Mega, L50\n|-mega|p1a: BURNING EYES|Starmie|Starminite\n|move|p1a: BURNING EYES|Zen Headbutt|p2a: Lucario\n|-damage|p2a: Lucario|0 fnt\n|faint|p2a: Lucario\n|move|p1b: Moonlight on River|Hyper Voice|p2b: Farigiraf\n|-damage|p2b: Farigiraf|58/100\n|move|p2b: Farigiraf|Trick Room|p2b: Farigiraf\n|-fieldstart|move: Trick Room|[of] p2b: Farigiraf\n|\n|upkeep\n|\n|t:|1776616530\n|switch|p2a: Crabominable|Crabominable, L50, F|100/100\n|turn|2\n|\n|t:|1776616545\n|move|p2b: Farigiraf|Helping Hand|p2a: Crabominable\n|-singleturn|p2a: Crabominable|Helping Hand|[of] p2b: Farigiraf\n|move|p2a: Crabominable|Knock Off|p1a: BURNING EYES\n|-supereffective|p1a: BURNING EYES|1\n|-damage|p1a: BURNING EYES|7/100\n|move|p1b: Moonlight on River|Moonblast|p2a: Crabominable\n|-supereffective|p2a: Crabominable|1\n|-crit|p2a: Crabominable\n|-damage|p2a: Crabominable|0 fnt\n|faint|p2a: Crabominable\n|move|p1a: BURNING EYES|Zen Headbutt|p2b: Farigiraf\n|-resisted|p2b: Farigiraf|1\n|-damage|p2b: Farigiraf|28/100\n|-enditem|p2b: Farigiraf|Sitrus Berry|[eat]\n|-heal|p2b: Farigiraf|52/100|[from] item: Sitrus Berry\n|\n|upkeep\n|\n|t:|1776616557\n|switch|p2a: Torkoal|Torkoal, L50, M|100/100\n|-weather|SunnyDay|[from] ability: Drought|[of] p2a: Torkoal\n|turn|3\n|\n|t:|1776616564\n|switch|p1b: Chove Chuva|Pelipper, L50, M|100/100\n|-weather|RainDance|[from] ability: Drizzle|[of] p1b: Chove Chuva\n|move|p2b: Farigiraf|Helping Hand|p2a: Torkoal\n|-singleturn|p2a: Torkoal|Helping Hand|[of] p2b: Farigiraf\n|move|p1a: BURNING EYES|Protect|p1a: BURNING EYES\n|-singleturn|p1a: BURNING EYES|Protect\n|move|p2a: Torkoal|Eruption|p1a: BURNING EYES|[spread] p1b\n|-activate|p1a: BURNING EYES|move: Protect\n|-resisted|p1b: Chove Chuva|1\n|-damage|p1b: Chove Chuva|74/100\n|\n|-weather|RainDance|[upkeep]\n|upkeep\n|turn|4\n|\n|t:|1776616580\n|switch|p1a: Moonlight on River|Primarina, L50, F|100/100\n|move|p2b: Farigiraf|Helping Hand|p2a: Torkoal\n|-singleturn|p2a: Torkoal|Helping Hand|[of] p2b: Farigiraf\n|move|p2a: Torkoal|Eruption|p1a: Moonlight on River|[spread] p1a,p1b\n|-resisted|p1a: Moonlight on River|1\n|-resisted|p1b: Chove Chuva|1\n|-damage|p1a: Moonlight on River|80/100\n|-damage|p1b: Chove Chuva|48/100\n|move|p1b: Chove Chuva|Muddy Water|p2a: Torkoal|[spread] p2a,p2b\n|-supereffective|p2a: Torkoal|1\n|-damage|p2a: Torkoal|4/100\n|-damage|p2b: Farigiraf|22/100\n|-unboost|p2b: Farigiraf|accuracy|1\n|\n|-weather|RainDance|[upkeep]\n|-heal|p1a: Moonlight on River|86/100|[from] item: Leftovers\n|upkeep\n|turn|5\n|\n|t:|1776616598\n|move|p2b: Farigiraf|Helping Hand|p2a: Torkoal\n|-singleturn|p2a: Torkoal|Helping Hand|[of] p2b: Farigiraf\n|move|p2a: Torkoal|Weather Ball|p1b: Chove Chuva\n|-resisted|p1b: Chove Chuva|1\n|-damage|p1b: Chove Chuva|8/100\n|move|p1b: Chove Chuva|Muddy Water|p2b: Farigiraf|[spread] p2a\n|-miss|p1b: Chove Chuva|p2b: Farigiraf\n|-supereffective|p2a: Torkoal|1\n|-damage|p2a: Torkoal|0 fnt\n|faint|p2a: Torkoal\n|move|p1a: Moonlight on River|Hyper Voice|p2b: Farigiraf\n|-damage|p2b: Farigiraf|0 fnt\n|faint|p2b: Farigiraf\n|\n|win|thalyes\n|raw|thalyes's rating: 1115 &rarr; <strong>1135</strong><br />(+20 for winning)\n|raw|Alex0346's rating: 1048 &rarr; <strong>1034</strong><br />(-14 for losing)\n",
  "uploadtime": 1776616602,
  "views": 16,
  "formatid": "gen9championsvgc2026regma",
  "rating": 1034,
  "private": 0,
  "password": null
}