{
  "id": "gen9championsvgc2026regma-2587256768",
  "format": "[Gen 9 Champions] VGC 2026 Reg M-A",
  "players": [
    "Kyon_VGC",
    "TheRealWristTwist"
  ],
  "log": "|j|\u2606Kyon_VGC\n|j|\u2606TheRealWristTwist\n|t:|1776515182\n|gametype|doubles\n|player|p1|Kyon_VGC|falkner|1191\n|player|p2|TheRealWristTwist|2|1126\n|gen|9\n|tier|[Gen 9 Champions] VGC 2026 Reg M-A\n|rated|\n|rule|Species Clause: Limit one of each Pok\u00e9mon\n|rule|Item Clause: Limit 1 of each item\n|clearpoke\n|poke|p1|Floette-Eternal, L50, F|\n|poke|p1|Incineroar, L50, F|\n|poke|p1|Whimsicott, L50, M, shiny|\n|poke|p1|Maushold, L50|\n|poke|p1|Kingambit, L50, M|\n|poke|p1|Sneasler, L50, F|\n|poke|p2|Hawlucha, L50, F|\n|poke|p2|Whimsicott, L50, F|\n|poke|p2|Farigiraf, L50, M|\n|poke|p2|Snorlax, L50, F|\n|poke|p2|Incineroar, L50, M|\n|poke|p2|Excadrill, L50, M|\n|teampreview|4\n|inactive|Battle timer is ON: inactive players will automatically lose when time's up. (requested by Kyon_VGC)\n|\n|t:|1776515208\n|teamsize|p1|4\n|teamsize|p2|4\n|start\n|switch|p1a: Floette|Floette-Eternal, L50, F|100/100\n|switch|p1b: Maushold|Maushold, L50|100/100\n|switch|p2a: Hawlucha|Hawlucha, L50, F|100/100\n|switch|p2b: Snorlax|Snorlax, L50, F|100/100\n|-ability|p2a: Hawlucha|Mold Breaker\n|turn|1\n|\n|t:|1776515228\n|detailschange|p2a: Hawlucha|Hawlucha-Mega, L50, F\n|-mega|p2a: Hawlucha|Hawlucha|Hawluchanite\n|detailschange|p1a: Floette|Floette-Mega, L50, F\n|-mega|p1a: Floette|Floette|Floettite\n|-ability|p1a: Floette|Fairy Aura\n|move|p1b: Maushold|Follow Me|p1b: Maushold\n|-singleturn|p1b: Maushold|move: Follow Me\n|move|p2a: Hawlucha|Entrainment|p1b: Maushold\n|-ability|p1b: Maushold|No Guard|Friend Guard|[from] move: Entrainment|[of] p2a: Hawlucha\n|move|p1a: Floette|Calm Mind|p1a: Floette\n|-boost|p1a: Floette|spa|1\n|-boost|p1a: Floette|spd|1\n|move|p2b: Snorlax|Fissure|p1b: Maushold\n|-damage|p1b: Maushold|0 fnt\n|faint|p1b: Maushold\n|-ohko\n|\n|upkeep\n|\n|t:|1776515249\n|switch|p1b: Whimsicott|Whimsicott, L50, M, shiny|100/100\n|turn|2\n|\n|t:|1776515257\n|move|p1b: Whimsicott|Tailwind|p1b: Whimsicott\n|-sidestart|p1: Kyon_VGC|move: Tailwind\n|move|p1a: Floette|Dazzling Gleam|p2a: Hawlucha|[spread] p2a,p2b\n|-supereffective|p2a: Hawlucha|1\n|-damage|p2a: Hawlucha|0 fnt\n|-damage|p2b: Snorlax|59/100\n|faint|p2a: Hawlucha\n|move|p2b: Snorlax|Fissure|p1a: Floette\n|-damage|p1a: Floette|0 fnt\n|faint|p1a: Floette\n|-ohko\n|\n|-heal|p2b: Snorlax|65/100|[from] item: Leftovers\n|upkeep\n|c|\u2606Kyon_VGC|\uff1f\n|\n|t:|1776515277\n|switch|p2a: Farigiraf|Farigiraf, L50, M|100/100\n|switch|p1a: Sneasler|Sneasler, L50, F|100/100\n|turn|3\n|\n|t:|1776515288\n|move|p2a: Farigiraf|Protect|p2a: Farigiraf\n|-singleturn|p2a: Farigiraf|Protect\n|move|p2b: Snorlax|Protect|p2b: Snorlax\n|-singleturn|p2b: Snorlax|Protect\n|move|p1a: Sneasler|Close Combat|p2b: Snorlax\n|-activate|p2b: Snorlax|move: Protect\n|move|p1b: Whimsicott|Moonblast|p2a: Farigiraf\n|-activate|p2a: Farigiraf|move: Protect\n|\n|-heal|p2b: Snorlax|71/100|[from] item: Leftovers\n|upkeep\n|turn|4\n|\n|t:|1776515308\n|move|p1a: Sneasler|Close Combat|p2b: Snorlax\n|-supereffective|p2b: Snorlax|1\n|-damage|p2b: Snorlax|0 fnt\n|-unboost|p1a: Sneasler|def|1\n|-unboost|p1a: Sneasler|spd|1\n|faint|p2b: Snorlax\n|-enditem|p1a: Sneasler|White Herb\n|-clearnegativeboost|p1a: Sneasler|[silent]\n|move|p1b: Whimsicott|Moonblast|p2a: Farigiraf\n|-damage|p2a: Farigiraf|74/100\n|move|p2a: Farigiraf|Psychic|p1a: Sneasler\n|-supereffective|p1a: Sneasler|2\n|-damage|p1a: Sneasler|0 fnt\n|faint|p1a: Sneasler\n|\n|upkeep\n|\n|t:|1776515324\n|switch|p2b: Excadrill|Excadrill, L50, M|100/100\n|-ability|p2b: Excadrill|Mold Breaker\n|turn|5\n|-message|Kyon_VGC forfeited.\n|\n|win|TheRealWristTwist\n|raw|Kyon_VGC's rating: 1191 &rarr; <strong>1161</strong><br />(-30 for losing)\n|raw|TheRealWristTwist's rating: 1126 &rarr; <strong>1156</strong><br />(+30 for winning)\n",
  "uploadtime": 1776515395,
  "views": 21,
  "formatid": "gen9championsvgc2026regma",
  "rating": 1156,
  "private": 0,
  "password": null
}