{
  "id": "gen9championsvgc2026regma-2588545279",
  "format": "[Gen 9 Champions] VGC 2026 Reg M-A",
  "players": [
    "lessa_ped",
    "Elwood_Readz"
  ],
  "log": "|j|\u2606lessa_ped\n|j|\u2606Elwood_Readz\n|t:|1776643545\n|gametype|doubles\n|player|p1|lessa_ped|101|1106\n|player|p2|Elwood_Readz|n|1027\n|gen|9\n|tier|[Gen 9 Champions] VGC 2026 Reg M-A\n|rated|\n|rule|Species Clause: Limit one of each Pok\u00e9mon\n|rule|Item Clause: Limit 1 of each item\n|clearpoke\n|poke|p1|Sinistcha, L50|\n|poke|p1|Sneasler, L50, F|\n|poke|p1|Kingambit, L50, F, shiny|\n|poke|p1|Incineroar, L50, F|\n|poke|p1|Politoed, L50, M|\n|poke|p1|Gengar, L50, F|\n|poke|p2|Gallade, L50, M, shiny|\n|poke|p2|Ninetales-Alola, L50, M|\n|poke|p2|Basculegion, L50, M|\n|poke|p2|Incineroar, L50, F|\n|poke|p2|Sinistcha, L50|\n|poke|p2|Gengar, L50, F|\n|teampreview|4\n|\n|t:|1776643573\n|teamsize|p1|4\n|teamsize|p2|4\n|start\n|switch|p1a: Incineroar|Incineroar, L50, F|100/100\n|switch|p1b: Kingambit|Kingambit, L50, F, shiny|100/100\n|switch|p2a: sNOw weather|Ninetales-Alola, L50, M|100/100\n|switch|p2b: Sinistcha|Sinistcha, L50|100/100\n|-weather|Snowscape|[from] ability: Snow Warning|[of] p2a: sNOw weather\n|-ability|p1a: Incineroar|Intimidate|boost\n|-unboost|p2a: sNOw weather|atk|1\n|-unboost|p2b: Sinistcha|atk|1\n|turn|1\n|\n|t:|1776643601\n|switch|p2b: Excalibur|Gallade, L50, M, shiny|100/100\n|move|p1a: Incineroar|Fake Out|p2a: sNOw weather\n|-damage|p2a: sNOw weather|89/100\n|cant|p2a: sNOw weather|flinch\n|move|p1b: Kingambit|Kowtow Cleave|p2b: Excalibur\n|-damage|p2b: Excalibur|0 fnt\n|faint|p2b: Excalibur\n|\n|-weather|Snowscape|[upkeep]\n|upkeep\n|\n|t:|1776643611\n|switch|p2b: fih|Basculegion, L50, M|100/100\n|turn|2\n|\n|t:|1776643632\n|switch|p1a: Politoed|Politoed, L50, M|100/100\n|-weather|RainDance|[from] ability: Drizzle|[of] p1a: Politoed\n|move|p2b: fih|Flip Turn|p1a: Politoed\n|-resisted|p1a: Politoed|1\n|-damage|p1a: Politoed|70/100\n|\n|t:|1776643640\n|switch|p2b: Sinistcha|Sinistcha, L50|100/100|[from] Flip Turn\n|-heal|p2a: sNOw weather|100/100|[from] ability: Hospitality|[of] p2b: Sinistcha\n|move|p2a: sNOw weather|Aurora Veil||[still]\n|-fail|p2a: sNOw weather\n|move|p1b: Kingambit|Kowtow Cleave|p2b: Sinistcha\n|-supereffective|p2b: Sinistcha|1\n|-damage|p2b: Sinistcha|9/100\n|\n|-weather|RainDance|[upkeep]\n|-heal|p1a: Politoed|76/100|[from] item: Leftovers\n|upkeep\n|turn|3\n|\n|t:|1776643659\n|switch|p2a: fih|Basculegion, L50, M|100/100\n|move|p1a: Politoed|Protect|p1a: Politoed\n|-singleturn|p1a: Politoed|Protect\n|move|p2b: Sinistcha|Matcha Gotcha|p1b: Kingambit|[spread] p1b\n|-activate|p1a: Politoed|move: Protect\n|-resisted|p1b: Kingambit|1\n|-crit|p1b: Kingambit\n|-damage|p1b: Kingambit|81/100\n|-heal|p2b: Sinistcha|21/100|[from] drain|[of] p1b: Kingambit\n|move|p1b: Kingambit|Kowtow Cleave|p2b: Sinistcha\n|-supereffective|p2b: Sinistcha|1\n|-damage|p2b: Sinistcha|0 fnt\n|faint|p2b: Sinistcha\n|\n|-weather|RainDance|[upkeep]\n|-heal|p1a: Politoed|82/100|[from] item: Leftovers\n|upkeep\n|\n|t:|1776643676\n|switch|p2b: sNOw weather|Ninetales-Alola, L50, M|100/100\n|-weather|Snowscape|[from] ability: Snow Warning|[of] p2b: sNOw weather\n|turn|4\n|\n|t:|1776643693\n|move|p1b: Kingambit|Protect|p1b: Kingambit\n|-singleturn|p1b: Kingambit|Protect\n|move|p2a: fih|Wave Crash|p1b: Kingambit\n|-activate|p1b: Kingambit|move: Protect\n|move|p2b: sNOw weather|Aurora Veil|p2b: sNOw weather\n|-sidestart|p2: Elwood_Readz|move: Aurora Veil\n|move|p1a: Politoed|Perish Song|p1a: Politoed\n|-start|p1a: Politoed|perish3|[silent]\n|-start|p1b: Kingambit|perish3|[silent]\n|-start|p2a: fih|perish3|[silent]\n|-start|p2b: sNOw weather|perish3|[silent]\n|-fieldactivate|move: Perish Song\n|\n|-weather|Snowscape|[upkeep]\n|-heal|p1a: Politoed|88/100|[from] item: Leftovers\n|-start|p2a: fih|perish3\n|-start|p2b: sNOw weather|perish3\n|-start|p1a: Politoed|perish3\n|-start|p1b: Kingambit|perish3\n|upkeep\n|turn|5\n|\n|t:|1776643713\n|move|p1b: Kingambit|Sucker Punch|p2a: fih\n|-supereffective|p2a: fih|1\n|-damage|p2a: fih|17/100\n|move|p2a: fih|Wave Crash|p1b: Kingambit\n|-damage|p1b: Kingambit|23/100\n|-damage|p2a: fih|0 fnt|[from] Recoil\n|faint|p2a: fih\n|move|p2b: sNOw weather|Blizzard|p1b: Kingambit|[spread] p1a,p1b\n|-resisted|p1a: Politoed|1\n|-resisted|p1b: Kingambit|1\n|-damage|p1a: Politoed|73/100\n|-damage|p1b: Kingambit|6/100\n|move|p1a: Politoed|Encore|p2b: sNOw weather\n|-start|p2b: sNOw weather|Encore\n|\n|-weather|Snowscape|[upkeep]\n|-heal|p1a: Politoed|79/100|[from] item: Leftovers\n|-start|p2b: sNOw weather|perish2\n|-start|p1a: Politoed|perish2\n|-start|p1b: Kingambit|perish2\n|upkeep\n|turn|6\n|\n|t:|1776643734\n|move|p1a: Politoed|Protect|p1a: Politoed\n|-singleturn|p1a: Politoed|Protect\n|move|p2b: sNOw weather|Blizzard|p1b: Kingambit|[spread] p1b\n|-activate|p1a: Politoed|move: Protect\n|-resisted|p1b: Kingambit|1\n|-damage|p1b: Kingambit|0 fnt\n|faint|p1b: Kingambit\n|\n|-weather|Snowscape|[upkeep]\n|-heal|p1a: Politoed|85/100|[from] item: Leftovers\n|-start|p2b: sNOw weather|perish1\n|-start|p1a: Politoed|perish1\n|upkeep\n|\n|t:|1776643745\n|switch|p1b: Incineroar|Incineroar, L50, F|100/100\n|-ability|p1b: Incineroar|Intimidate|boost\n|-unboost|p2b: sNOw weather|atk|1\n|turn|7\n|\n|t:|1776643754\n|move|p1b: Incineroar|Fake Out|p2b: sNOw weather\n|-damage|p2b: sNOw weather|94/100\n|cant|p2b: sNOw weather|flinch\n|move|p1a: Politoed|Weather Ball|p2b: sNOw weather\n|-resisted|p2b: sNOw weather|1\n|-damage|p2b: sNOw weather|85/100\n|\n|-weather|Snowscape|[upkeep]\n|-heal|p1a: Politoed|91/100|[from] item: Leftovers\n|-start|p2b: sNOw weather|perish0\n|-start|p1a: Politoed|perish0\n|faint|p2b: sNOw weather\n|faint|p1a: Politoed\n|\n|win|lessa_ped\n|raw|lessa_ped's rating: 1106 &rarr; <strong>1125</strong><br />(+19 for winning)\n|raw|Elwood_Readz's rating: 1027 &rarr; <strong>1016</strong><br />(-11 for losing)\n",
  "uploadtime": 1776643765,
  "views": 8,
  "formatid": "gen9championsvgc2026regma",
  "rating": 1016,
  "private": 0,
  "password": null
}