{
  "id": "gen9championsvgc2026regma-2581710601",
  "format": "[Gen 9 Champions] VGC 2026 Reg M-A",
  "players": [
    "zombie481",
    "HappyW"
  ],
  "log": "|j|\u2606zombie481\n|j|\u2606HappyW\n|t:|1776022518\n|gametype|doubles\n|player|p1|zombie481|169|1070\n|player|p2|HappyW|akari|1168\n|gen|9\n|tier|[Gen 9 Champions] VGC 2026 Reg M-A\n|rated|\n|rule|Species Clause: Limit one of each Pok\u00e9mon\n|rule|Item Clause: Limit 1 of each item\n|clearpoke\n|poke|p1|Volcarona, L50, F|\n|poke|p1|Delphox, L50, M|\n|poke|p1|Rotom-Wash, L50|\n|poke|p1|Hippowdon, L50, M|\n|poke|p1|Froslass, L50, F|\n|poke|p1|Tyranitar, L50, M|\n|poke|p2|Sneasler, L50, M|\n|poke|p2|Delphox, L50, M|\n|poke|p2|Whimsicott, L50, F|\n|poke|p2|Rotom-Wash, L50|\n|poke|p2|Kingambit, L50, F|\n|poke|p2|Dragonite, L50, M|\n|teampreview|4\n|inactive|Battle timer is ON: inactive players will automatically lose when time's up. (requested by HappyW)\n|inactive|HappyW has 60 seconds left.\n|\n|t:|1776022558\n|teamsize|p1|4\n|teamsize|p2|4\n|start\n|switch|p1a: Volcarona|Volcarona, L50, F|100/100\n|switch|p1b: Delphox|Delphox, L50, M|100/100\n|switch|p2a: Delphox|Delphox, L50, M|100/100\n|switch|p2b: Sneasler|Sneasler, L50, M|100/100\n|turn|1\n|\n|t:|1776022582\n|switch|p2b: Kingambit|Kingambit, L50, F|100/100\n|detailschange|p1b: Delphox|Delphox-Mega, L50, M\n|-mega|p1b: Delphox|Delphox|Delphoxite\n|move|p1b: Delphox|Protect|p1b: Delphox\n|-singleturn|p1b: Delphox|Protect\n|move|p2a: Delphox|Protect|p2a: Delphox\n|-singleturn|p2a: Delphox|Protect\n|move|p1a: Volcarona|Tailwind|p1a: Volcarona\n|-sidestart|p1: zombie481|move: Tailwind\n|\n|upkeep\n|turn|2\n|inactive|HappyW has 30 seconds left.\n|\n|t:|1776022608\n|detailschange|p2a: Delphox|Delphox-Mega, L50, M\n|-mega|p2a: Delphox|Delphox|Delphoxite\n|move|p2b: Kingambit|Protect|p2b: Kingambit\n|-singleturn|p2b: Kingambit|Protect\n|move|p1a: Volcarona|Rage Powder|p1a: Volcarona\n|-singleturn|p1a: Volcarona|move: Rage Powder\n|move|p1b: Delphox|Heat Wave|p2a: Delphox|[spread] p2a\n|-activate|p2b: Kingambit|move: Protect\n|-resisted|p2a: Delphox|1\n|-damage|p2a: Delphox|81/100\n|move|p2a: Delphox|Mystical Fire|p1a: Volcarona\n|-damage|p1a: Volcarona|66/100\n|-unboost|p1a: Volcarona|spa|1\n|\n|upkeep\n|turn|3\n|inactive|zombie481 has 30 seconds left.\n|\n|t:|1776022639\n|switch|p2b: Dragonite|Dragonite, L50, M|100/100\n|move|p1b: Delphox|Heat Wave|p2b: Dragonite|[spread] p2a,p2b\n|-resisted|p2a: Delphox|1\n|-resisted|p2b: Dragonite|1\n|-damage|p2a: Delphox|59/100\n|-damage|p2b: Dragonite|90/100\n|move|p1a: Volcarona|Heat Wave|p2a: Delphox|[spread] p2a,p2b\n|-resisted|p2a: Delphox|1\n|-resisted|p2b: Dragonite|1\n|-damage|p2a: Delphox|47/100\n|-damage|p2b: Dragonite|77/100\n|move|p2a: Delphox|Psyshock|p1a: Volcarona\n|-damage|p1a: Volcarona|2/100\n|\n|upkeep\n|turn|4\n|inactive|HappyW has 30 seconds left.\n|\n|t:|1776022674\n|move|p1b: Delphox|Dazzling Gleam|p2b: Dragonite|[spread] p2a,p2b\n|-resisted|p2a: Delphox|1\n|-supereffective|p2b: Dragonite|1\n|-damage|p2a: Delphox|35/100\n|-damage|p2b: Dragonite|21/100\n|move|p1a: Volcarona|Hurricane|p2a: Delphox\n|-damage|p2a: Delphox|12/100\n|move|p2a: Delphox|Mystical Fire|p1b: Delphox\n|-resisted|p1b: Delphox|1\n|-damage|p1b: Delphox|77/100\n|-unboost|p1b: Delphox|spa|1\n|move|p2b: Dragonite|Hurricane|p1b: Delphox\n|-crit|p1b: Delphox\n|-damage|p1b: Delphox|10/100\n|\n|-sideend|p1: zombie481|move: Tailwind\n|upkeep\n|turn|5\n|inactive|zombie481 has 30 seconds left.\n|inactive|HappyW has 30 seconds left.\n|\n|t:|1776022703\n|switch|p1b: Rotom|Rotom-Wash, L50|100/100\n|switch|p2b: Sneasler|Sneasler, L50, M|100/100\n|move|p2a: Delphox|Protect|p2a: Delphox\n|-singleturn|p2a: Delphox|Protect\n|move|p1a: Volcarona|Tailwind|p1a: Volcarona\n|-sidestart|p1: zombie481|move: Tailwind\n|\n|upkeep\n|turn|6\n|inactive|HappyW has 30 seconds left.\n|\n|t:|1776022729\n|switch|p1a: Hippowdon|Hippowdon, L50, M|100/100\n|-weather|Sandstorm|[from] ability: Sand Stream|[of] p1a: Hippowdon\n|switch|p2a: Kingambit|Kingambit, L50, F|100/100\n|move|p1b: Rotom|Protect|p1b: Rotom\n|-singleturn|p1b: Rotom|Protect\n|move|p2b: Sneasler|Close Combat|p1b: Rotom\n|-activate|p1b: Rotom|move: Protect\n|\n|-weather|Sandstorm|[upkeep]\n|-damage|p1b: Rotom|95/100|[from] Sandstorm\n|-damage|p2b: Sneasler|95/100|[from] Sandstorm\n|upkeep\n|turn|7\n|\n|t:|1776022750\n|switch|p2a: Dragonite|Dragonite, L50, M|21/100\n|move|p1b: Rotom|Hydro Pump|p2a: Dragonite|[miss]\n|-miss|p1b: Rotom|p2a: Dragonite\n|move|p2b: Sneasler|Close Combat|p1b: Rotom\n|-damage|p1b: Rotom|10/100\n|-unboost|p2b: Sneasler|def|1\n|-unboost|p2b: Sneasler|spd|1\n|-enditem|p2b: Sneasler|White Herb\n|-clearnegativeboost|p2b: Sneasler|[silent]\n|move|p1a: Hippowdon|Earthquake|p2a: Dragonite|[spread] p2b\n|-immune|p1b: Rotom|[from] ability: Levitate\n|-immune|p2a: Dragonite\n|-supereffective|p2b: Sneasler|1\n|-damage|p2b: Sneasler|0 fnt\n|faint|p2b: Sneasler\n|\n|-weather|Sandstorm|[upkeep]\n|-damage|p1b: Rotom|4/100|[from] Sandstorm\n|-damage|p2a: Dragonite|15/100|[from] Sandstorm\n|upkeep\n|\n|t:|1776022772\n|switch|p2b: Kingambit|Kingambit, L50, F|100/100\n|turn|8\n|\n|t:|1776022781\n|move|p2a: Dragonite|Protect|p2a: Dragonite\n|-singleturn|p2a: Dragonite|Protect\n|move|p2b: Kingambit|Protect|p2b: Kingambit\n|-singleturn|p2b: Kingambit|Protect\n|move|p1b: Rotom|Volt Switch|p2a: Dragonite\n|-activate|p2a: Dragonite|move: Protect\n|move|p1a: Hippowdon|Rock Slide|p2a: Dragonite|[spread] \n|-activate|p2a: Dragonite|move: Protect\n|-activate|p2b: Kingambit|move: Protect\n|\n|-weather|Sandstorm|[upkeep]\n|-damage|p1b: Rotom|0 fnt|[from] Sandstorm\n|-damage|p2a: Dragonite|9/100|[from] Sandstorm\n|faint|p1b: Rotom\n|-sideend|p1: zombie481|move: Tailwind\n|upkeep\n|\n|t:|1776022804\n|switch|p1b: Delphox|Delphox-Mega, L50, M|10/100\n|turn|9\n|\n|t:|1776022810\n|move|p2b: Kingambit|Sucker Punch|p1b: Delphox\n|-supereffective|p1b: Delphox|1\n|-damage|p1b: Delphox|0 fnt\n|faint|p1b: Delphox\n|move|p2a: Dragonite|Draco Meteor|p1a: Hippowdon\n|-damage|p1a: Hippowdon|36/100\n|-unboost|p2a: Dragonite|spa|2\n|-enditem|p1a: Hippowdon|Sitrus Berry|[eat]\n|-heal|p1a: Hippowdon|60/100|[from] item: Sitrus Berry\n|move|p1a: Hippowdon|Earthquake|p2b: Kingambit|[spread] p2b\n|-immune|p2a: Dragonite\n|-supereffective|p2b: Kingambit|1\n|-damage|p2b: Kingambit|46/100\n|\n|-weather|Sandstorm|[upkeep]\n|-damage|p2a: Dragonite|3/100|[from] Sandstorm\n|upkeep\n|\n|t:|1776022826\n|switch|p1b: Volcarona|Volcarona, L50, F|2/100\n|turn|10\n|\n|t:|1776022837\n|move|p2b: Kingambit|Protect|p2b: Kingambit\n|-singleturn|p2b: Kingambit|Protect\n|move|p1a: Hippowdon|Protect|p1a: Hippowdon\n|-singleturn|p1a: Hippowdon|Protect\n|move|p2a: Dragonite|Ice Beam|p1a: Hippowdon\n|-activate|p1a: Hippowdon|move: Protect\n|move|p1b: Volcarona|Heat Wave|p2b: Kingambit|[spread] p2a\n|-activate|p2b: Kingambit|move: Protect\n|-resisted|p2a: Dragonite|1\n|-damage|p2a: Dragonite|0 fnt\n|faint|p2a: Dragonite\n|\n|-weather|none\n|upkeep\n|\n|t:|1776022853\n|switch|p2a: Delphox|Delphox-Mega, L50, M|12/100\n|turn|11\n|\n|t:|1776022874\n|move|p2b: Kingambit|Sucker Punch||[still]\n|-fail|p2b: Kingambit\n|move|p2a: Delphox|Encore|p1a: Hippowdon\n|-start|p1a: Hippowdon|Encore\n|move|p1a: Hippowdon|Protect||[still]\n|-fail|p1a: Hippowdon\n|move|p1b: Volcarona|Tailwind|p1b: Volcarona\n|-sidestart|p1: zombie481|move: Tailwind\n|\n|upkeep\n|turn|12\n|inactive|zombie481 has 30 seconds left.\n|\n|t:|1776022901\n|move|p1a: Hippowdon|Protect|p1a: Hippowdon\n|-singleturn|p1a: Hippowdon|Protect\n|move|p2b: Kingambit|Sucker Punch|p1b: Volcarona\n|-damage|p1b: Volcarona|0 fnt\n|faint|p1b: Volcarona\n|move|p2a: Delphox|Psyshock|p1a: Hippowdon\n|-activate|p1a: Hippowdon|move: Protect\n|\n|upkeep\n|turn|13\n|\n|t:|1776022911\n|move|p1a: Hippowdon|Protect|p1a: Hippowdon\n|-singleturn|p1a: Hippowdon|Protect\n|move|p2a: Delphox|Psyshock|p1a: Hippowdon\n|-activate|p1a: Hippowdon|move: Protect\n|move|p2b: Kingambit|Kowtow Cleave|p1a: Hippowdon\n|-activate|p1a: Hippowdon|move: Protect\n|\n|-end|p1a: Hippowdon|Encore\n|upkeep\n|turn|14\n|\n|t:|1776022938\n|move|p2a: Delphox|Protect|p2a: Delphox\n|-singleturn|p2a: Delphox|Protect\n|move|p2b: Kingambit|Protect|p2b: Kingambit\n|-singleturn|p2b: Kingambit|Protect\n|move|p1a: Hippowdon|Rock Slide|p2a: Delphox|[spread] \n|-activate|p2a: Delphox|move: Protect\n|-activate|p2b: Kingambit|move: Protect\n|\n|-sideend|p1: zombie481|move: Tailwind\n|upkeep\n|turn|15\n|\n|t:|1776022951\n|move|p2a: Delphox|Psyshock|p1a: Hippowdon\n|-damage|p1a: Hippowdon|21/100\n|move|p2b: Kingambit|Kowtow Cleave|p1a: Hippowdon\n|-damage|p1a: Hippowdon|0 fnt\n|faint|p1a: Hippowdon\n|\n|win|HappyW\n|raw|zombie481's rating: 1070 &rarr; <strong>1055</strong><br />(-15 for losing)\n|raw|HappyW's rating: 1168 &rarr; <strong>1186</strong><br />(+18 for winning)\n",
  "uploadtime": 1776022959,
  "views": 15,
  "formatid": "gen9championsvgc2026regma",
  "rating": 1055,
  "private": 0,
  "password": null
}