{
  "id": "gen9championsvgc2026regma-2581185659",
  "format": "[Gen 9 Champions] VGC 2026 Reg M-A",
  "players": [
    "llvl100mafiaboss",
    "Mikatt"
  ],
  "log": "|j|\u2606llvl100mafiaboss\n|j|\u2606Mikatt\n|t:|1775968398\n|gametype|doubles\n|player|p1|llvl100mafiaboss|backersf|1096\n|player|p2|Mikatt|169|1081\n|gen|9\n|tier|[Gen 9 Champions] VGC 2026 Reg M-A\n|rated|\n|rule|Species Clause: Limit one of each Pok\u00e9mon\n|rule|Item Clause: Limit 1 of each item\n|clearpoke\n|poke|p1|Kangaskhan, L50, F|\n|poke|p1|Arcanine-Hisui, L50, F|\n|poke|p1|Aegislash, L50, F|\n|poke|p1|Milotic, L50, M|\n|poke|p1|Maushold-Four, L50|\n|poke|p1|Farigiraf, L50, F|\n|poke|p2|Arcanine, L50, M|\n|poke|p2|Aerodactyl, L50, F|\n|poke|p2|Zoroark-Hisui, L50, M|\n|poke|p2|Hydrapple, L50, F|\n|poke|p2|Clefable, L50, F|\n|poke|p2|Milotic, L50, F|\n|teampreview|4\n|\n|t:|1775968438\n|teamsize|p1|4\n|teamsize|p2|4\n|start\n|switch|p1a: Farigiraf|Farigiraf, L50, F|100/100\n|switch|p1b: Kangaskhan|Kangaskhan, L50, F|100/100\n|switch|p2a: Ignite|Arcanine, L50, M|100/100\n|switch|p2b: Dractyl|Aerodactyl, L50, F|100/100\n|-ability|p2a: Ignite|Intimidate|boost\n|-unboost|p1a: Farigiraf|atk|1\n|-fail|p1b: Kangaskhan|unboost|Attack|[from] ability: Scrappy|[of] p1b: Kangaskhan\n|turn|1\n|\n|t:|1775968468\n|move|p1b: Kangaskhan|Fake Out|p2b: Dractyl\n|-damage|p2b: Dractyl|60/100\n|replace|p2b: Pekaboo|Zoroark-Hisui, L50, M\n|-end|p2b: Pekaboo|Illusion\n|cant|p2b: Pekaboo|flinch\n|move|p2a: Ignite|Overheat|p1a: Farigiraf\n|-damage|p1a: Farigiraf|69/100\n|-unboost|p2a: Ignite|spa|2\n|move|p1a: Farigiraf|Trick Room|p1a: Farigiraf\n|-fieldstart|move: Trick Room|[of] p1a: Farigiraf\n|\n|upkeep\n|turn|2\n|\n|t:|1775968511\n|switch|p2b: Manzana|Hydrapple, L50, F|100/100\n|detailschange|p1b: Kangaskhan|Kangaskhan-Mega, L50, F\n|-mega|p1b: Kangaskhan|Kangaskhan|Kangaskhanite\n|move|p1a: Farigiraf|Foul Play|p2b: Manzana\n|-damage|p2b: Manzana|89/100\n|move|p1b: Kangaskhan|Double-Edge|p2a: Ignite\n|-damage|p2a: Ignite|31/100\n|-damage|p2a: Ignite|15/100\n|-hitcount|p2a: Ignite|2\n|-damage|p1b: Kangaskhan|74/100|[from] Recoil\n|move|p2a: Ignite|Snarl|p1b: Kangaskhan|[spread] p1a,p1b\n|-supereffective|p1a: Farigiraf|1\n|-damage|p1a: Farigiraf|62/100\n|-damage|p1b: Kangaskhan|70/100\n|-unboost|p1a: Farigiraf|spa|1\n|-unboost|p1b: Kangaskhan|spa|1\n|\n|upkeep\n|turn|3\n|\n|t:|1775968558\n|switch|p2a: Dractyl|Aerodactyl, L50, F|100/100\n|-ability|p2a: Dractyl|Unnerve\n|move|p2b: Manzana|Pollen Puff|p1a: Farigiraf\n|-supereffective|p1a: Farigiraf|1\n|-damage|p1a: Farigiraf|19/100\n|move|p1a: Farigiraf|Foul Play|p2a: Dractyl\n|-damage|p2a: Dractyl|46/100\n|move|p1b: Kangaskhan|Double-Edge|p2b: Manzana\n|-damage|p2b: Manzana|39/100\n|-damage|p2b: Manzana|26/100\n|-hitcount|p2b: Manzana|2\n|-damage|p1b: Kangaskhan|50/100|[from] Recoil\n|\n|upkeep\n|turn|4\n|\n|t:|1775968594\n|move|p2a: Dractyl|Protect|p2a: Dractyl\n|-singleturn|p2a: Dractyl|Protect\n|move|p2b: Manzana|Leaf Storm|p1b: Kangaskhan\n|-damage|p1b: Kangaskhan|0 fnt\n|-unboost|p2b: Manzana|spa|2\n|faint|p1b: Kangaskhan\n|-enditem|p2b: Manzana|White Herb\n|-clearnegativeboost|p2b: Manzana|[silent]\n|move|p1a: Farigiraf|Psychic|p2b: Manzana\n|-damage|p2b: Manzana|4/100\n|\n|upkeep\n|\n|t:|1775968600\n|switch|p1b: Aegislash|Aegislash, L50, F|100/100\n|turn|5\n|\n|t:|1775968668\n|switch|p2a: Ignite|Arcanine, L50, M|15/100\n|-ability|p2a: Ignite|Intimidate|boost\n|-unboost|p1a: Farigiraf|atk|1\n|-unboost|p1b: Aegislash|atk|1\n|move|p2b: Manzana|Leaf Storm|p1b: Aegislash\n|-resisted|p1b: Aegislash|1\n|-damage|p1b: Aegislash|74/100\n|-unboost|p2b: Manzana|spa|2\n|move|p1a: Farigiraf|Psychic|p2b: Manzana\n|-damage|p2b: Manzana|0 fnt\n|faint|p2b: Manzana\n|-formechange|p1b: Aegislash|Aegislash-Blade|\n|move|p1b: Aegislash|Gyro Ball|p2a: Ignite\n|-resisted|p2a: Ignite|1\n|-damage|p2a: Ignite|5/100\n|\n|-fieldend|move: Trick Room\n|upkeep\n|\n|t:|1775968689\n|switch|p2b: Dractyl|Aerodactyl, L50, F|46/100\n|-ability|p2b: Dractyl|Unnerve\n|turn|6\n|\n|t:|1775968700\n|switch|p1b: Milotic|Milotic, L50, M|100/100\n|move|p2b: Dractyl|Rock Slide|p1a: Farigiraf|[spread] p1a,p1b\n|-damage|p1a: Farigiraf|0 fnt\n|-damage|p1b: Milotic|60/100\n|faint|p1a: Farigiraf\n|move|p2a: Ignite|Overheat|p1b: Milotic\n|-resisted|p1b: Milotic|1\n|-damage|p1b: Milotic|43/100\n|-unboost|p2a: Ignite|spa|2\n|\n|upkeep\n|\n|t:|1775968706\n|switch|p1a: Aegislash|Aegislash, L50, F|74/100\n|turn|7\n|\n|t:|1775968740\n|move|p1b: Milotic|Scald|p2a: Ignite\n|-supereffective|p2a: Ignite|1\n|-enditem|p2a: Ignite|Passho Berry|[eat]\n|-enditem|p2a: Ignite|Passho Berry|[weaken]\n|-damage|p2a: Ignite|0 fnt\n|faint|p2a: Ignite\n|move|p2b: Dractyl|Rock Slide|p1b: Milotic|[spread] p1a,p1b\n|-resisted|p1a: Aegislash|1\n|-damage|p1a: Aegislash|60/100\n|-damage|p1b: Milotic|1/100\n|cant|p1a: Aegislash|flinch\n|\n|upkeep\n|\n|t:|1775968750\n|switch|p2a: Dractyl|Aerodactyl, L50, F|60/100\n|turn|8\n|\n|t:|1775968764\n|move|p1b: Milotic|Scald|p2b: Dractyl\n|-supereffective|p2b: Dractyl|1\n|-damage|p2b: Dractyl|0 fnt\n|faint|p2b: Dractyl\n|move|p2a: Dractyl|Bitter Malice|p1a: Aegislash\n|-supereffective|p1a: Aegislash|1\n|-damage|p1a: Aegislash|0 fnt\n|faint|p1a: Aegislash\n|\n|upkeep\n|turn|9\n|\n|t:|1775968786\n|move|p1b: Milotic|Scald|p2a: Dractyl\n|-damage|p2a: Dractyl|0 fnt\n|replace|p2a: Pekaboo|Zoroark-Hisui, L50, M\n|-end|p2a: Pekaboo|Illusion\n|faint|p2a: Pekaboo\n|\n|win|llvl100mafiaboss\n|raw|llvl100mafiaboss's rating: 1096 &rarr; <strong>1120</strong><br />(+24 for winning)\n|raw|Mikatt's rating: 1081 &rarr; <strong>1060</strong><br />(-21 for losing)\n|l|\u2606llvl100mafiaboss\n|player|p1|\n",
  "uploadtime": 1775968803,
  "views": 14,
  "formatid": "gen9championsvgc2026regma",
  "rating": 1060,
  "private": 0,
  "password": null
}