{
  "id": "gen9championsvgc2026regma-2584583243",
  "format": "[Gen 9 Champions] VGC 2026 Reg M-A",
  "players": [
    "adriangpulido2",
    "Markiito18"
  ],
  "log": "|j|\u2606adriangpulido2\n|j|\u2606Markiito18\n|t:|1776270256\n|gametype|doubles\n|player|p1|adriangpulido2|cyrus|1213\n|player|p2|Markiito18|rood|1307\n|gen|9\n|tier|[Gen 9 Champions] VGC 2026 Reg M-A\n|rated|\n|rule|Species Clause: Limit one of each Pok\u00e9mon\n|rule|Item Clause: Limit 1 of each item\n|clearpoke\n|poke|p1|Floette-Eternal, L50, F|\n|poke|p1|Primarina, L50, M|\n|poke|p1|Sinistcha, L50|\n|poke|p1|Scizor, L50, M|\n|poke|p1|Conkeldurr, L50, F|\n|poke|p1|Aerodactyl, L50, F|\n|poke|p2|Hydreigon, L50, M|\n|poke|p2|Sneasler, L50, M|\n|poke|p2|Aggron, L50, F|\n|poke|p2|Sinistcha, L50|\n|poke|p2|Tyranitar, L50, M|\n|poke|p2|Aerodactyl, L50, F|\n|teampreview|4\n|j| Kimoto Warfire\n|\n|t:|1776270324\n|teamsize|p1|4\n|teamsize|p2|4\n|start\n|switch|p1a: Sinistcha|Sinistcha, L50|100/100\n|switch|p1b: Conkeldurr|Conkeldurr, L50, F, shiny|100/100\n|switch|p2a: Sneasler|Sneasler, L50, M, shiny|100/100\n|switch|p2b: Aggron|Aggron, L50, F, shiny|100/100\n|turn|1\n|\n|t:|1776270337\n|detailschange|p2b: Aggron|Aggron-Mega, L50, F, shiny\n|-mega|p2b: Aggron|Aggron|Aggronite\n|move|p1b: Conkeldurr|Protect|p1b: Conkeldurr\n|-singleturn|p1b: Conkeldurr|Protect\n|move|p2a: Sneasler|Coaching|p2b: Aggron\n|-boost|p2b: Aggron|atk|1\n|-boost|p2b: Aggron|def|1\n|move|p2b: Aggron|Iron Defense|p2b: Aggron\n|-boost|p2b: Aggron|def|2\n|move|p1a: Sinistcha|Trick Room|p1a: Sinistcha\n|-fieldstart|move: Trick Room|[of] p1a: Sinistcha\n|\n|upkeep\n|turn|2\n|\n|t:|1776270377\n|move|p1a: Sinistcha|Rage Powder|p1a: Sinistcha\n|-singleturn|p1a: Sinistcha|move: Rage Powder\n|move|p1b: Conkeldurr|Bulk Up|p1b: Conkeldurr\n|-boost|p1b: Conkeldurr|atk|1\n|-boost|p1b: Conkeldurr|def|1\n|move|p2b: Aggron|Body Press|p1a: Sinistcha\n|-immune|p1a: Sinistcha\n|move|p2a: Sneasler|Coaching|p2b: Aggron\n|-boost|p2b: Aggron|atk|1\n|-boost|p2b: Aggron|def|1\n|\n|upkeep\n|turn|3\n|\n|t:|1776270393\n|move|p1b: Conkeldurr|Drain Punch|p2b: Aggron\n|-supereffective|p2b: Aggron|1\n|-damage|p2b: Aggron|78/100\n|move|p2b: Aggron|Heavy Slam|p1a: Sinistcha\n|-damage|p1a: Sinistcha|0 fnt\n|faint|p1a: Sinistcha\n|move|p2a: Sneasler|Coaching|p2b: Aggron\n|-boost|p2b: Aggron|atk|1\n|-boost|p2b: Aggron|def|1\n|\n|upkeep\n|\n|t:|1776270404\n|switch|p1a: Primarina|Primarina, L50, M, shiny|100/100\n|turn|4\n|\n|t:|1776270425\n|switch|p2a: Sinistcha|Sinistcha, L50|100/100\n|-heal|p2b: Aggron|100/100|[from] ability: Hospitality|[of] p2a: Sinistcha\n|move|p1b: Conkeldurr|Drain Punch|p2b: Aggron\n|-supereffective|p2b: Aggron|1\n|-damage|p2b: Aggron|83/100\n|move|p2b: Aggron|Heavy Slam|p1a: Primarina\n|-damage|p1a: Primarina|0 fnt\n|faint|p1a: Primarina\n|\n|upkeep\n|\n|t:|1776270435\n|switch|p1a: Floette|Floette-Eternal, L50, F, shiny|100/100\n|turn|5\n|\n|t:|1776270468\n|detailschange|p1a: Floette|Floette-Mega, L50, F, shiny\n|-mega|p1a: Floette|Floette|Floettite\n|-ability|p1a: Floette|Fairy Aura\n|move|p2a: Sinistcha|Rage Powder|p2a: Sinistcha\n|-singleturn|p2a: Sinistcha|move: Rage Powder\n|move|p1b: Conkeldurr|Drain Punch|p2a: Sinistcha\n|-immune|p2a: Sinistcha\n|move|p2b: Aggron|Heavy Slam|p1a: Floette\n|-supereffective|p1a: Floette|1\n|-damage|p1a: Floette|0 fnt\n|faint|p1a: Floette\n|\n|-fieldend|move: Trick Room\n|upkeep\n|turn|6\n|l| Kimoto Warfire\n|\n|t:|1776270485\n|move|p2a: Sinistcha|Life Dew||[still]|[spread] p2a,p2b\n|-fail|p2a: Sinistcha|heal\n|-heal|p2b: Aggron|100/100\n|move|p2b: Aggron|Body Press|p1b: Conkeldurr\n|-damage|p1b: Conkeldurr|30/100\n|move|p1b: Conkeldurr|Drain Punch|p2b: Aggron\n|-supereffective|p2b: Aggron|1\n|-damage|p2b: Aggron|83/100\n|-heal|p1b: Conkeldurr|38/100|[from] drain|[of] p2b: Aggron\n|\n|upkeep\n|turn|7\n|\n|t:|1776270498\n|move|p1b: Conkeldurr|Mach Punch|p2a: Sinistcha\n|-immune|p2a: Sinistcha\n|move|p2a: Sinistcha|Life Dew||[still]|[spread] p2a,p2b\n|-fail|p2a: Sinistcha|heal\n|-heal|p2b: Aggron|100/100\n|move|p2b: Aggron|Body Press|p1b: Conkeldurr\n|-damage|p1b: Conkeldurr|0 fnt\n|faint|p1b: Conkeldurr\n|\n|win|Markiito18\n|raw|adriangpulido2's rating: 1213 &rarr; <strong>1195</strong><br />(-18 for losing)\n|raw|Markiito18's rating: 1307 &rarr; <strong>1322</strong><br />(+15 for winning)\n|c|\u2606Markiito18|gg\n|l|\u2606adriangpulido2\n|player|p1|\n",
  "uploadtime": 1776270508,
  "views": 18,
  "formatid": "gen9championsvgc2026regma",
  "rating": 1195,
  "private": 0,
  "password": null
}