{
  "id": "gen9championsvgc2026regma-2583408896",
  "format": "[Gen 9 Champions] VGC 2026 Reg M-A",
  "players": [
    "stonefree_2400",
    "koebel"
  ],
  "log": "|j|\u2606stonefree_2400\n|j|\u2606koebel\n|t:|1776173689\n|gametype|doubles\n|player|p1|stonefree_2400|skyla|1157\n|player|p2|koebel|102|1160\n|gen|9\n|tier|[Gen 9 Champions] VGC 2026 Reg M-A\n|rated|\n|rule|Species Clause: Limit one of each Pok\u00e9mon\n|rule|Item Clause: Limit 1 of each item\n|clearpoke\n|poke|p1|Aerodactyl, L50, F|\n|poke|p1|Froslass, L50, F|\n|poke|p1|Sneasler, L50, M|\n|poke|p1|Kingambit, L50, F|\n|poke|p1|Gardevoir, L50, M|\n|poke|p1|Sinistcha, L50|\n|poke|p2|Tyranitar, L50, F|\n|poke|p2|Corviknight, L50, F|\n|poke|p2|Sinistcha, L50|\n|poke|p2|Excadrill, L50, M|\n|poke|p2|Primarina, L50, M|\n|poke|p2|Incineroar, L50, F|\n|teampreview|4\n|\n|t:|1776173726\n|teamsize|p1|4\n|teamsize|p2|4\n|start\n|switch|p1a: Froslass|Froslass, L50, F|100/100\n|switch|p1b: Sneasler|Sneasler, L50, M|100/100\n|switch|p2a: Corviknight|Corviknight, L50, F|100/100\n|switch|p2b: Sinistcha|Sinistcha, L50|100/100\n|turn|1\n|\n|t:|1776173747\n|switch|p2b: Incineroar|Incineroar, L50, F|100/100\n|-ability|p2b: Incineroar|Intimidate|boost\n|-unboost|p1a: Froslass|atk|1\n|-unboost|p1b: Sneasler|atk|1\n|-enditem|p1b: Sneasler|White Herb\n|-clearnegativeboost|p1b: Sneasler|[silent]\n|detailschange|p1a: Froslass|Froslass-Mega, L50, F\n|-mega|p1a: Froslass|Froslass|Froslassite\n|-weather|Snowscape|[from] ability: Snow Warning|[of] p1a: Froslass\n|move|p1b: Sneasler|Dire Claw|p2b: Incineroar\n|-damage|p2b: Incineroar|59/100\n|move|p1a: Froslass|Aurora Veil|p1a: Froslass\n|-sidestart|p1: stonefree_2400|move: Aurora Veil\n|move|p2a: Corviknight|Tailwind|p2a: Corviknight\n|-sidestart|p2: koebel|move: Tailwind\n|\n|-weather|Snowscape|[upkeep]\n|upkeep\n|turn|2\n|\n|t:|1776173774\n|move|p1a: Froslass|Protect|p1a: Froslass\n|-singleturn|p1a: Froslass|Protect\n|move|p2b: Incineroar|Parting Shot|p1a: Froslass\n|-activate|p1a: Froslass|move: Protect\n|move|p1b: Sneasler|Close Combat|p2b: Incineroar\n|-supereffective|p2b: Incineroar|1\n|-damage|p2b: Incineroar|0 fnt\n|-unboost|p1b: Sneasler|def|1\n|-unboost|p1b: Sneasler|spd|1\n|faint|p2b: Incineroar\n|move|p2a: Corviknight|Bulk Up|p2a: Corviknight\n|-boost|p2a: Corviknight|atk|1\n|-boost|p2a: Corviknight|def|1\n|\n|-weather|Snowscape|[upkeep]\n|upkeep\n|\n|t:|1776173779\n|switch|p2b: Tyranitar|Tyranitar, L50, F|100/100\n|-weather|Sandstorm|[from] ability: Sand Stream|[of] p2b: Tyranitar\n|turn|3\n|\n|t:|1776173791\n|switch|p1a: Kingambit|Kingambit, L50, F|100/100\n|move|p2b: Tyranitar|Rock Slide|p1b: Sneasler|[spread] p1a,p1b\n|-resisted|p1a: Kingambit|1\n|-resisted|p1b: Sneasler|1\n|-damage|p1a: Kingambit|93/100\n|-damage|p1b: Sneasler|77/100\n|move|p1b: Sneasler|Taunt|p2a: Corviknight\n|-start|p2a: Corviknight|move: Taunt\n|cant|p2a: Corviknight|move: Taunt|Bulk Up\n|\n|-weather|Sandstorm|[upkeep]\n|-damage|p1b: Sneasler|71/100|[from] Sandstorm\n|upkeep\n|turn|4\n|\n|t:|1776173810\n|move|p2b: Tyranitar|Protect|p2b: Tyranitar\n|-singleturn|p2b: Tyranitar|Protect\n|move|p1b: Sneasler|Close Combat|p2a: Corviknight\n|-damage|p2a: Corviknight|73/100\n|-unboost|p1b: Sneasler|def|1\n|-unboost|p1b: Sneasler|spd|1\n|move|p2a: Corviknight|Brave Bird|p1a: Kingambit\n|-resisted|p1a: Kingambit|1\n|-damage|p1a: Kingambit|79/100\n|-damage|p2a: Corviknight|68/100|[from] Recoil\n|move|p1a: Kingambit|Iron Head|p2b: Tyranitar\n|-activate|p2b: Tyranitar|move: Protect\n|\n|-weather|Sandstorm|[upkeep]\n|-damage|p1b: Sneasler|65/100|[from] Sandstorm\n|-heal|p2a: Corviknight|74/100|[from] item: Leftovers\n|-sideend|p2: koebel|move: Tailwind\n|upkeep\n|turn|5\n|\n|t:|1776173838\n|move|p1b: Sneasler|Close Combat|p2a: Corviknight\n|-damage|p2a: Corviknight|43/100\n|-unboost|p1b: Sneasler|def|1\n|-unboost|p1b: Sneasler|spd|1\n|move|p2b: Tyranitar|Rock Slide|p1a: Kingambit|[spread] p1a,p1b\n|-resisted|p1a: Kingambit|1\n|-resisted|p1b: Sneasler|1\n|-damage|p1a: Kingambit|72/100\n|-damage|p1b: Sneasler|23/100\n|move|p2a: Corviknight|Brave Bird|p1b: Sneasler\n|-supereffective|p1b: Sneasler|1\n|-damage|p1b: Sneasler|0 fnt\n|faint|p1b: Sneasler\n|-damage|p2a: Corviknight|37/100|[from] Recoil\n|cant|p1a: Kingambit|flinch\n|\n|-weather|Sandstorm|[upkeep]\n|-heal|p2a: Corviknight|43/100|[from] item: Leftovers\n|-end|p2a: Corviknight|move: Taunt\n|-sideend|p1: stonefree_2400|move: Aurora Veil\n|upkeep\n|\n|t:|1776173857\n|switch|p1b: Sinistcha|Sinistcha, L50|100/100\n|-heal|p1a: Kingambit|97/100|[from] ability: Hospitality|[of] p1b: Sinistcha\n|turn|6\n|\n|t:|1776173871\n|move|p2b: Tyranitar|Crunch|p1b: Sinistcha\n|-supereffective|p1b: Sinistcha|1\n|-damage|p1b: Sinistcha|29/100\n|move|p1b: Sinistcha|Matcha Gotcha|p2a: Corviknight|[spread] p2a,p2b\n|-resisted|p2a: Corviknight|2\n|-supereffective|p2b: Tyranitar|1\n|-crit|p2b: Tyranitar\n|-damage|p2a: Corviknight|37/100\n|-heal|p1b: Sinistcha|32/100|[from] drain|[of] p2a: Corviknight\n|-damage|p2b: Tyranitar|60/100\n|-heal|p1b: Sinistcha|56/100|[from] drain|[of] p2b: Tyranitar\n|move|p2a: Corviknight|Roost|p2a: Corviknight\n|-heal|p2a: Corviknight|87/100\n|-singleturn|p2a: Corviknight|move: Roost\n|move|p1a: Kingambit|Iron Head|p2b: Tyranitar\n|-supereffective|p2b: Tyranitar|1\n|-damage|p2b: Tyranitar|0 fnt\n|faint|p2b: Tyranitar\n|\n|-weather|Sandstorm|[upkeep]\n|-damage|p1b: Sinistcha|49/100|[from] Sandstorm\n|-heal|p1b: Sinistcha|56/100|[from] item: Leftovers\n|-heal|p2a: Corviknight|93/100|[from] item: Leftovers\n|upkeep\n|\n|t:|1776173894\n|switch|p2b: Sinistcha|Sinistcha, L50|100/100\n|-heal|p2a: Corviknight|100/100|[from] ability: Hospitality|[of] p2b: Sinistcha\n|turn|7\n|\n|t:|1776173902\n|switch|p1b: Froslass|Froslass-Mega, L50, F|100/100\n|-weather|Snowscape|[from] ability: Snow Warning|[of] p1b: Froslass\n|move|p1a: Kingambit|Protect|p1a: Kingambit\n|-singleturn|p1a: Kingambit|Protect\n|move|p2b: Sinistcha|Matcha Gotcha|p1a: Kingambit|[spread] p1b\n|-activate|p1a: Kingambit|move: Protect\n|-damage|p1b: Froslass|72/100\n|-status|p1b: Froslass|brn\n|move|p2a: Corviknight|Bulk Up|p2a: Corviknight\n|-boost|p2a: Corviknight|atk|1\n|-boost|p2a: Corviknight|def|1\n|\n|-weather|Snowscape|[upkeep]\n|-damage|p1b: Froslass|66/100 brn|[from] brn\n|upkeep\n|turn|8\n|\n|t:|1776173927\n|move|p1b: Froslass|Aurora Veil|p1b: Froslass\n|-sidestart|p1: stonefree_2400|move: Aurora Veil\n|move|p2b: Sinistcha|Strength Sap|p1a: Kingambit\n|-unboost|p1a: Kingambit|atk|1\n|-ability|p1a: Kingambit|Defiant|boost\n|-boost|p1a: Kingambit|atk|2\n|move|p2a: Corviknight|Brave Bird|p1b: Froslass\n|-damage|p1b: Froslass|12/100 brn\n|-damage|p2a: Corviknight|88/100|[from] Recoil\n|move|p1a: Kingambit|Kowtow Cleave|p2b: Sinistcha\n|-supereffective|p2b: Sinistcha|1\n|-damage|p2b: Sinistcha|0 fnt\n|faint|p2b: Sinistcha\n|\n|-weather|Snowscape|[upkeep]\n|-heal|p2a: Corviknight|94/100|[from] item: Leftovers\n|-damage|p1b: Froslass|6/100 brn|[from] brn\n|upkeep\n|turn|9\n|\n|t:|1776173952\n|move|p1b: Froslass|Blizzard|p2a: Corviknight\n|-damage|p2a: Corviknight|33/100\n|move|p2a: Corviknight|Bulk Up|p2a: Corviknight\n|-boost|p2a: Corviknight|atk|1\n|-boost|p2a: Corviknight|def|1\n|move|p1a: Kingambit|Kowtow Cleave|p2a: Corviknight\n|-damage|p2a: Corviknight|8/100\n|\n|-weather|Snowscape|[upkeep]\n|-heal|p2a: Corviknight|14/100|[from] item: Leftovers\n|-damage|p1b: Froslass|0 fnt|[from] brn\n|faint|p1b: Froslass\n|upkeep\n|\n|t:|1776173957\n|switch|p1b: Sinistcha|Sinistcha, L50|56/100\n|-heal|p1a: Kingambit|100/100|[from] ability: Hospitality|[of] p1b: Sinistcha\n|turn|10\n|\n|t:|1776173970\n|move|p1b: Sinistcha|Rage Powder|p1b: Sinistcha\n|-singleturn|p1b: Sinistcha|move: Rage Powder\n|move|p2a: Corviknight|Roost|p2a: Corviknight\n|-heal|p2a: Corviknight|64/100\n|-singleturn|p2a: Corviknight|move: Roost\n|move|p1a: Kingambit|Kowtow Cleave|p2a: Corviknight\n|-damage|p2a: Corviknight|40/100\n|\n|-weather|Snowscape|[upkeep]\n|-heal|p1b: Sinistcha|62/100|[from] item: Leftovers\n|-heal|p2a: Corviknight|46/100|[from] item: Leftovers\n|upkeep\n|turn|11\n|\n|t:|1776173982\n|move|p1b: Sinistcha|Matcha Gotcha|p2a: Corviknight\n|-resisted|p2a: Corviknight|2\n|-damage|p2a: Corviknight|38/100\n|-heal|p1b: Sinistcha|66/100|[from] drain|[of] p2a: Corviknight\n|-status|p2a: Corviknight|brn\n|move|p2a: Corviknight|Roost|p2a: Corviknight\n|-heal|p2a: Corviknight|88/100 brn\n|-singleturn|p2a: Corviknight|move: Roost\n|move|p1a: Kingambit|Kowtow Cleave|p2a: Corviknight\n|-damage|p2a: Corviknight|64/100 brn\n|\n|-weather|none\n|-heal|p1b: Sinistcha|72/100|[from] item: Leftovers\n|-heal|p2a: Corviknight|70/100 brn|[from] item: Leftovers\n|-damage|p2a: Corviknight|64/100 brn|[from] brn\n|upkeep\n|turn|12\n|\n|t:|1776173999\n|move|p1b: Sinistcha|Matcha Gotcha|p2a: Corviknight|[miss]\n|-miss|p1b: Sinistcha|p2a: Corviknight\n|move|p2a: Corviknight|Bulk Up|p2a: Corviknight\n|-boost|p2a: Corviknight|atk|1\n|-boost|p2a: Corviknight|def|1\n|move|p1a: Kingambit|Kowtow Cleave|p2a: Corviknight\n|-damage|p2a: Corviknight|45/100 brn\n|\n|-heal|p1b: Sinistcha|79/100|[from] item: Leftovers\n|-heal|p2a: Corviknight|51/100 brn|[from] item: Leftovers\n|-damage|p2a: Corviknight|45/100 brn|[from] brn\n|-sideend|p1: stonefree_2400|move: Aurora Veil\n|upkeep\n|turn|13\n|\n|t:|1776174014\n|move|p1b: Sinistcha|Matcha Gotcha|p2a: Corviknight|[miss]\n|-miss|p1b: Sinistcha|p2a: Corviknight\n|move|p2a: Corviknight|Bulk Up|p2a: Corviknight\n|-boost|p2a: Corviknight|atk|1\n|-boost|p2a: Corviknight|def|1\n|move|p1a: Kingambit|Kowtow Cleave|p2a: Corviknight\n|-damage|p2a: Corviknight|29/100 brn\n|\n|-heal|p1b: Sinistcha|85/100|[from] item: Leftovers\n|-heal|p2a: Corviknight|35/100 brn|[from] item: Leftovers\n|-damage|p2a: Corviknight|29/100 brn|[from] brn\n|upkeep\n|turn|14\n|\n|t:|1776174028\n|move|p1b: Sinistcha|Matcha Gotcha|p2a: Corviknight\n|-resisted|p2a: Corviknight|2\n|-damage|p2a: Corviknight|21/100 brn\n|-heal|p1b: Sinistcha|89/100|[from] drain|[of] p2a: Corviknight\n|move|p2a: Corviknight|Roost|p2a: Corviknight\n|-heal|p2a: Corviknight|72/100 brn\n|-singleturn|p2a: Corviknight|move: Roost\n|move|p1a: Kingambit|Kowtow Cleave|p2a: Corviknight\n|-damage|p2a: Corviknight|54/100 brn\n|\n|-heal|p1b: Sinistcha|95/100|[from] item: Leftovers\n|-heal|p2a: Corviknight|60/100 brn|[from] item: Leftovers\n|-damage|p2a: Corviknight|54/100 brn|[from] brn\n|upkeep\n|turn|15\n|\n|t:|1776174048\n|move|p1b: Sinistcha|Matcha Gotcha|p2a: Corviknight\n|-resisted|p2a: Corviknight|2\n|-damage|p2a: Corviknight|46/100 brn\n|-heal|p1b: Sinistcha|99/100|[from] drain|[of] p2a: Corviknight\n|move|p2a: Corviknight|Bulk Up|p2a: Corviknight\n|-boost|p2a: Corviknight|atk|1\n|-boost|p2a: Corviknight|def|1\n|move|p1a: Kingambit|Iron Head|p2a: Corviknight\n|-resisted|p2a: Corviknight|1\n|-damage|p2a: Corviknight|40/100 brn\n|\n|-heal|p1b: Sinistcha|100/100|[from] item: Leftovers\n|-heal|p2a: Corviknight|45/100 brn|[from] item: Leftovers\n|-damage|p2a: Corviknight|40/100 brn|[from] brn\n|upkeep\n|turn|16\n|\n|t:|1776174067\n|move|p1b: Sinistcha|Matcha Gotcha|p2a: Corviknight\n|-resisted|p2a: Corviknight|2\n|-damage|p2a: Corviknight|32/100 brn\n|move|p2a: Corviknight|Roost|p2a: Corviknight\n|-heal|p2a: Corviknight|82/100 brn\n|-singleturn|p2a: Corviknight|move: Roost\n|move|p1a: Kingambit|Kowtow Cleave|p2a: Corviknight\n|-damage|p2a: Corviknight|66/100 brn\n|\n|-heal|p2a: Corviknight|72/100 brn|[from] item: Leftovers\n|-damage|p2a: Corviknight|66/100 brn|[from] brn\n|upkeep\n|turn|17\n|\n|t:|1776174083\n|move|p1b: Sinistcha|Matcha Gotcha|p2a: Corviknight\n|-resisted|p2a: Corviknight|2\n|-damage|p2a: Corviknight|59/100 brn\n|move|p2a: Corviknight|Brave Bird|p1b: Sinistcha\n|-supereffective|p1b: Sinistcha|1\n|-damage|p1b: Sinistcha|0 fnt\n|faint|p1b: Sinistcha\n|-damage|p2a: Corviknight|30/100 brn|[from] Recoil\n|move|p1a: Kingambit|Iron Head|p2a: Corviknight\n|-resisted|p2a: Corviknight|1\n|-damage|p2a: Corviknight|24/100 brn\n|\n|-heal|p2a: Corviknight|30/100 brn|[from] item: Leftovers\n|-damage|p2a: Corviknight|24/100 brn|[from] brn\n|upkeep\n|turn|18\n|\n|t:|1776174102\n|move|p1a: Kingambit|Protect|p1a: Kingambit\n|-singleturn|p1a: Kingambit|Protect\n|move|p2a: Corviknight|Roost|p2a: Corviknight\n|-heal|p2a: Corviknight|74/100 brn\n|-singleturn|p2a: Corviknight|move: Roost\n|\n|-heal|p2a: Corviknight|80/100 brn|[from] item: Leftovers\n|-damage|p2a: Corviknight|74/100 brn|[from] brn\n|upkeep\n|turn|19\n|\n|t:|1776174113\n|move|p2a: Corviknight|Brave Bird|p1a: Kingambit\n|-resisted|p1a: Kingambit|1\n|-damage|p1a: Kingambit|69/100\n|-damage|p2a: Corviknight|63/100 brn|[from] Recoil\n|move|p1a: Kingambit|Kowtow Cleave|p2a: Corviknight\n|-damage|p2a: Corviknight|48/100 brn\n|\n|-heal|p2a: Corviknight|54/100 brn|[from] item: Leftovers\n|-damage|p2a: Corviknight|48/100 brn|[from] brn\n|upkeep\n|turn|20\n|\n|t:|1776174124\n|move|p2a: Corviknight|Bulk Up|p2a: Corviknight\n|-boost|p2a: Corviknight|atk|0\n|-boost|p2a: Corviknight|def|0\n|move|p1a: Kingambit|Kowtow Cleave|p2a: Corviknight\n|-damage|p2a: Corviknight|33/100 brn\n|\n|-heal|p2a: Corviknight|39/100 brn|[from] item: Leftovers\n|-damage|p2a: Corviknight|33/100 brn|[from] brn\n|upkeep\n|turn|21\n|\n|t:|1776174134\n|move|p1a: Kingambit|Protect|p1a: Kingambit\n|-singleturn|p1a: Kingambit|Protect\n|move|p2a: Corviknight|Tailwind|p2a: Corviknight\n|-sidestart|p2: koebel|move: Tailwind\n|\n|-heal|p2a: Corviknight|39/100 brn|[from] item: Leftovers\n|-damage|p2a: Corviknight|33/100 brn|[from] brn\n|upkeep\n|turn|22\n|\n|t:|1776174145\n|move|p2a: Corviknight|Brave Bird|p1a: Kingambit\n|-resisted|p1a: Kingambit|1\n|-damage|p1a: Kingambit|40/100\n|-damage|p2a: Corviknight|23/100 brn|[from] Recoil\n|move|p1a: Kingambit|Kowtow Cleave|p2a: Corviknight\n|-damage|p2a: Corviknight|9/100 brn\n|\n|-heal|p2a: Corviknight|15/100 brn|[from] item: Leftovers\n|-damage|p2a: Corviknight|9/100 brn|[from] brn\n|upkeep\n|turn|23\n|\n|t:|1776174156\n|move|p2a: Corviknight|Roost|p2a: Corviknight\n|-heal|p2a: Corviknight|59/100 brn\n|-singleturn|p2a: Corviknight|move: Roost\n|move|p1a: Kingambit|Kowtow Cleave|p2a: Corviknight\n|-damage|p2a: Corviknight|43/100 brn\n|\n|-heal|p2a: Corviknight|49/100 brn|[from] item: Leftovers\n|-damage|p2a: Corviknight|43/100 brn|[from] brn\n|upkeep\n|turn|24\n|-message|stonefree_2400 forfeited.\n|\n|win|koebel\n|raw|stonefree_2400's rating: 1157 &rarr; <strong>1132</strong><br />(-25 for losing)\n|raw|koebel's rating: 1160 &rarr; <strong>1185</strong><br />(+25 for winning)\n|l|\u2606stonefree_2400\n|player|p1|\n",
  "uploadtime": 1776174181,
  "views": 39,
  "formatid": "gen9championsvgc2026regma",
  "rating": 1132,
  "private": 0,
  "password": null
}