{
  "id": "gen9championsvgc2026regma-2581181444",
  "format": "[Gen 9 Champions] VGC 2026 Reg M-A",
  "players": [
    "safan41",
    "Jubbcicle"
  ],
  "log": "|j|\u2606safan41\n|j|\u2606Jubbcicle\n|t:|1775967933\n|gametype|doubles\n|player|p1|safan41|ninjaboy|1040\n|player|p2|Jubbcicle|101|1112\n|gen|9\n|tier|[Gen 9 Champions] VGC 2026 Reg M-A\n|rated|\n|rule|Species Clause: Limit one of each Pok\u00e9mon\n|rule|Item Clause: Limit 1 of each item\n|clearpoke\n|poke|p1|Garchomp, L50, M|\n|poke|p1|Orthworm, L50, M|\n|poke|p1|Basculegion, L50, M|\n|poke|p1|Politoed, L50, M|\n|poke|p1|Incineroar, L50, M|\n|poke|p1|Sinistcha, L50|\n|poke|p2|Abomasnow, L50, M|\n|poke|p2|Rotom-Frost, L50|\n|poke|p2|Chandelure, L50, M|\n|poke|p2|Slowking-Galar, L50, M|\n|poke|p2|Samurott-Hisui, L50, F|\n|poke|p2|Hydreigon, L50, M|\n|teampreview|4\nsafan41 rejected open team sheets.\n|\n|t:|1775967963\n|teamsize|p1|4\n|teamsize|p2|4\n|start\n|switch|p1a: Orthworm|Orthworm, L50, M|100/100\n|switch|p1b: Politoed|Politoed, L50, M|100/100\n|switch|p2a: Abomasnow|Abomasnow, L50, M|100/100\n|switch|p2b: Slowking|Slowking-Galar, L50, M|100/100\n|-weather|RainDance|[from] ability: Drizzle|[of] p1b: Politoed\n|-weather|Snowscape|[from] ability: Snow Warning|[of] p2a: Abomasnow\n|turn|1\n|\n|t:|1775967983\n|detailschange|p2a: Abomasnow|Abomasnow-Mega, L50, M\n|-mega|p2a: Abomasnow|Abomasnow|Abomasite\n|move|p1b: Politoed|Perish Song|p1b: Politoed\n|-start|p1a: Orthworm|perish3|[silent]\n|-start|p1b: Politoed|perish3|[silent]\n|-start|p2a: Abomasnow|perish3|[silent]\n|-start|p2b: Slowking|perish3|[silent]\n|-fieldactivate|move: Perish Song\n|move|p1a: Orthworm|Iron Head|p2a: Abomasnow\n|-supereffective|p2a: Abomasnow|1\n|-damage|p2a: Abomasnow|64/100\n|move|p2a: Abomasnow|Aurora Veil|p2a: Abomasnow\n|-sidestart|p2: Jubbcicle|move: Aurora Veil\n|move|p2b: Slowking|Trick Room|p2b: Slowking\n|-fieldstart|move: Trick Room|[of] p2b: Slowking\n|\n|-weather|Snowscape|[upkeep]\n|-start|p2a: Abomasnow|perish3\n|-start|p2b: Slowking|perish3\n|-start|p1a: Orthworm|perish3\n|-start|p1b: Politoed|perish3\n|upkeep\n|turn|2\n|\n|t:|1775968007\n|switch|p2b: Samurott|Samurott-Hisui, L50, F|100/100\n|move|p1a: Orthworm|Protect|p1a: Orthworm\n|-singleturn|p1a: Orthworm|Protect\n|move|p2a: Abomasnow|Energy Ball|p1b: Politoed\n|-supereffective|p1b: Politoed|1\n|-enditem|p1b: Politoed|Rindo Berry|[eat]\n|-enditem|p1b: Politoed|Rindo Berry|[weaken]\n|-damage|p1b: Politoed|56/100\n|move|p1b: Politoed|Encore||[still]\n|-fail|p1b: Politoed\n|\n|-weather|Snowscape|[upkeep]\n|-start|p2a: Abomasnow|perish2\n|-start|p1a: Orthworm|perish2\n|-start|p1b: Politoed|perish2\n|upkeep\n|turn|3\n|\n|t:|1775968030\n|switch|p1b: Basculegion|Basculegion, L50, M|100/100\n|move|p2a: Abomasnow|Energy Ball|p1b: Basculegion\n|-supereffective|p1b: Basculegion|1\n|-damage|p1b: Basculegion|11/100\n|move|p1a: Orthworm|Shed Tail|p1a: Orthworm\n|-start|p1a: Orthworm|Substitute|[from] move: Shed Tail\n|-damage|p1a: Orthworm|50/100\n|-enditem|p1a: Orthworm|Sitrus Berry|[eat]\n|-heal|p1a: Orthworm|75/100|[from] item: Sitrus Berry\n|\n|t:|1775968040\n|switch|p1a: Politoed|Politoed, L50, M|56/100|[from] Shed Tail\n|-weather|RainDance|[from] ability: Drizzle|[of] p1a: Politoed\n|move|p2b: Samurott|Ceaseless Edge|p1a: Politoed\n|-end|p1a: Politoed|Substitute\n|-sidestart|p1: safan41|Spikes\n|\n|-weather|RainDance|[upkeep]\n|-start|p2a: Abomasnow|perish1\n|upkeep\n|turn|4\n|\n|t:|1775968068\n|switch|p2a: Slowking|Slowking-Galar, L50, M|100/100\n|move|p2b: Samurott|Sucker Punch|p1b: Basculegion\n|-supereffective|p1b: Basculegion|1\n|-damage|p1b: Basculegion|0 fnt\n|faint|p1b: Basculegion\n|move|p1a: Politoed|Perish Song|p1a: Politoed\n|-start|p1a: Politoed|perish3|[silent]\n|-start|p2a: Slowking|perish3|[silent]\n|-start|p2b: Samurott|perish3|[silent]\n|-fieldactivate|move: Perish Song\n|\n|-weather|RainDance|[upkeep]\n|-start|p2a: Slowking|perish3\n|-start|p2b: Samurott|perish3\n|-start|p1a: Politoed|perish3\n|upkeep\n|\n|t:|1775968080\n|switch|p1b: Garchomp|Garchomp, L50, M|100/100\n|-damage|p1b: Garchomp|88/100|[from] Spikes\n|turn|5\n|\n|t:|1775968095\n|switch|p1a: Orthworm|Orthworm, L50, M|75/100\n|-damage|p1a: Orthworm|63/100|[from] Spikes\n|detailschange|p1b: Garchomp|Garchomp-Mega, L50, M\n|-mega|p1b: Garchomp|Garchomp|Garchompite\n|-prepare|p2a: Slowking|Chilly Reception|[premajor]\n|move|p2a: Slowking|Chilly Reception|p2a: Slowking\n|-weather|Snowscape\n|\n|t:|1775968108\n|switch|p2a: Abomasnow|Abomasnow-Mega, L50, M|64/100|[from] Chilly Reception\n|move|p2b: Samurott|Ceaseless Edge|p1b: Garchomp\n|-damage|p1b: Garchomp|49/100\n|-sidestart|p1: safan41|Spikes\n|move|p1b: Garchomp|Earthquake|p2b: Samurott|[spread] p2a,p2b\n|-heal|p1a: Orthworm|88/100|[from] ability: Earth Eater|[of] p1b: Garchomp\n|-resisted|p2a: Abomasnow|1\n|-damage|p2a: Abomasnow|55/100\n|-damage|p2b: Samurott|66/100\n|\n|-weather|Snowscape|[upkeep]\n|-start|p2b: Samurott|perish2\n|-sideend|p2: Jubbcicle|move: Aurora Veil\n|-fieldend|move: Trick Room\n|upkeep\n|turn|6\n|\n|t:|1775968126\n|switch|p1a: Politoed|Politoed, L50, M|56/100\n|-damage|p1a: Politoed|40/100|[from] Spikes\n|-weather|RainDance|[from] ability: Drizzle|[of] p1a: Politoed\n|move|p1b: Garchomp|Protect|p1b: Garchomp\n|-singleturn|p1b: Garchomp|Protect\n|move|p2b: Samurott|Sucker Punch||[still]\n|-fail|p2b: Samurott\n|move|p2a: Abomasnow|Blizzard|p1a: Politoed|[spread] p1a\n|-activate|p1b: Garchomp|move: Protect\n|-resisted|p1a: Politoed|1\n|-damage|p1a: Politoed|18/100\n|\n|-weather|RainDance|[upkeep]\n|-start|p2b: Samurott|perish1\n|upkeep\n|turn|7\n|\n|t:|1775968175\n|switch|p1a: Orthworm|Orthworm, L50, M|88/100\n|-damage|p1a: Orthworm|72/100|[from] Spikes\n|switch|p2b: Slowking|Slowking-Galar, L50, M|100/100\n|move|p2a: Abomasnow|Protect|p2a: Abomasnow\n|-singleturn|p2a: Abomasnow|Protect\n|move|p1b: Garchomp|Earthquake|p2a: Abomasnow|[spread] p2b\n|-activate|p2a: Abomasnow|move: Protect\n|-heal|p1a: Orthworm|97/100|[from] ability: Earth Eater|[of] p1b: Garchomp\n|-supereffective|p2b: Slowking|1\n|-damage|p2b: Slowking|8/100\n|\n|-weather|RainDance|[upkeep]\n|-heal|p2b: Slowking|14/100|[from] item: Leftovers\n|upkeep\n|turn|8\n|\n|t:|1775968210\n|switch|p2b: Chandelure|Chandelure, L50, M|100/100\n|switch|p2a: Samurott|Samurott-Hisui, L50, F|66/100\n|move|p1b: Garchomp|Earthquake|p2a: Samurott|[spread] p2a,p2b\n|-heal|p1a: Orthworm|100/100|[from] ability: Earth Eater|[of] p1b: Garchomp\n|-supereffective|p2b: Chandelure|1\n|-crit|p2b: Chandelure\n|-damage|p2a: Samurott|11/100\n|-enditem|p2b: Chandelure|Focus Sash\n|-damage|p2b: Chandelure|1/100\n|move|p1a: Orthworm|Iron Defense|p1a: Orthworm\n|-boost|p1a: Orthworm|def|2\n|\n|-weather|RainDance|[upkeep]\n|upkeep\n|turn|9\n|\n|t:|1775968233\n|move|p1b: Garchomp|Protect|p1b: Garchomp\n|-singleturn|p1b: Garchomp|Protect\n|move|p2a: Samurott|Sucker Punch||[still]\n|-fail|p2a: Samurott\n|move|p2b: Chandelure|Heat Wave|p1a: Orthworm|[spread] p1a\n|-activate|p1b: Garchomp|move: Protect\n|-supereffective|p1a: Orthworm|1\n|-damage|p1a: Orthworm|23/100\n|-status|p1a: Orthworm|brn\n|move|p1a: Orthworm|Iron Head|p2b: Chandelure\n|-resisted|p2b: Chandelure|1\n|-damage|p2b: Chandelure|0 fnt\n|faint|p2b: Chandelure\n|\n|-weather|RainDance|[upkeep]\n|-damage|p1a: Orthworm|17/100 brn|[from] brn\n|upkeep\n|\n|t:|1775968242\n|switch|p2b: Slowking|Slowking-Galar, L50, M|48/100\n|turn|10\n|\n|t:|1775968258\n|move|p2a: Samurott|Sucker Punch|p1b: Garchomp\n|-damage|p1b: Garchomp|23/100\n|move|p1b: Garchomp|Earthquake|p2a: Samurott|[spread] p2a,p2b\n|-heal|p1a: Orthworm|42/100 brn|[from] ability: Earth Eater|[of] p1b: Garchomp\n|-supereffective|p2b: Slowking|1\n|-damage|p2a: Samurott|0 fnt\n|-damage|p2b: Slowking|0 fnt\n|faint|p2a: Samurott\n|faint|p2b: Slowking\n|move|p1a: Orthworm|Iron Head|p2: Samurott|[notarget]\n|-fail|p1a: Orthworm\n|\n|-weather|none\n|-damage|p1a: Orthworm|36/100 brn|[from] brn\n|upkeep\n|\n|t:|1775968265\n|switch|p2b: Abomasnow|Abomasnow-Mega, L50, M|55/100\n|-weather|Snowscape|[from] ability: Snow Warning|[of] p2b: Abomasnow\n|turn|11\n|\n|t:|1775968282\n|switch|p1b: Politoed|Politoed, L50, M|18/100\n|-damage|p1b: Politoed|2/100|[from] Spikes\n|-weather|RainDance|[from] ability: Drizzle|[of] p1b: Politoed\n|move|p1a: Orthworm|Iron Head|p2b: Abomasnow\n|-supereffective|p2b: Abomasnow|1\n|-damage|p2b: Abomasnow|25/100\n|cant|p2b: Abomasnow|flinch\n|\n|-weather|RainDance|[upkeep]\n|-damage|p1a: Orthworm|30/100 brn|[from] brn\n|upkeep\n|turn|12\n|\n|t:|1775968299\n|move|p1b: Politoed|Weather Ball|p2b: Abomasnow\n|-resisted|p2b: Abomasnow|1\n|-damage|p2b: Abomasnow|4/100\n|move|p1a: Orthworm|Iron Head|p2b: Abomasnow\n|-supereffective|p2b: Abomasnow|1\n|-damage|p2b: Abomasnow|0 fnt\n|faint|p2b: Abomasnow\n|\n|win|safan41\n|raw|safan41's rating: 1040 &rarr; <strong>1081</strong><br />(+41 for winning)\n|raw|Jubbcicle's rating: 1112 &rarr; <strong>1082</strong><br />(-30 for losing)\n|c|\u2606safan41|gg\n",
  "uploadtime": 1775968370,
  "views": 11,
  "formatid": "gen9championsvgc2026regma",
  "rating": 1081,
  "private": 0,
  "password": null
}