{
  "id": "gen9championsvgc2026regma-2583511852",
  "format": "[Gen 9 Champions] VGC 2026 Reg M-A",
  "players": [
    "Brakmeritus",
    "bacxray"
  ],
  "log": "|j|\u2606Brakmeritus\n|j|\u2606bacxray\n|t:|1776180310\n|gametype|doubles\n|player|p1|Brakmeritus|lady|1039\n|player|p2|bacxray|hugh|1113\n|gen|9\n|tier|[Gen 9 Champions] VGC 2026 Reg M-A\n|rated|\n|rule|Species Clause: Limit one of each Pok\u00e9mon\n|rule|Item Clause: Limit 1 of each item\n|clearpoke\n|poke|p1|Charizard, L50, M|\n|poke|p1|Whimsicott, L50, F|\n|poke|p1|Farigiraf, L50, M|\n|poke|p1|Garchomp, L50, F|\n|poke|p1|Sneasler, L50, M|\n|poke|p1|Rotom-Wash, L50|\n|poke|p2|Scizor, L50, F|\n|poke|p2|Sableye, L50, F|\n|poke|p2|Orthworm, L50, M|\n|poke|p2|Basculegion, L50, M|\n|poke|p2|Pelipper, L50, M|\n|poke|p2|Garchomp, L50, M|\n|teampreview|4\n|\n|t:|1776180400\n|teamsize|p1|4\n|teamsize|p2|4\n|start\n|switch|p1a: Charizard|Charizard, L50, M|100/100\n|switch|p1b: Whimsicott|Whimsicott, L50, F|100/100\n|switch|p2a: Hasam\u012b|Scizor, L50, F|100/100\n|switch|p2b: Ferrero|Sableye, L50, F, shiny|100/100\n|turn|1\n|inactive|Battle timer is ON: inactive players will automatically lose when time's up. (requested by bacxray)\n|\n|t:|1776180475\n|detailschange|p1a: Charizard|Charizard-Mega-Y, L50, M\n|-mega|p1a: Charizard|Charizard|Charizardite Y\n|-weather|SunnyDay|[from] ability: Drought|[of] p1a: Charizard\n|detailschange|p2a: Hasam\u012b|Scizor-Mega, L50, F\n|-mega|p2a: Hasam\u012b|Scizor|Scizorite\n|move|p2a: Hasam\u012b|Protect|p2a: Hasam\u012b\n|-singleturn|p2a: Hasam\u012b|Protect\n|move|p1b: Whimsicott|Sunny Day||[still]\n|-fail|p1b: Whimsicott\n|move|p2b: Ferrero|Rain Dance|p2b: Ferrero\n|-weather|RainDance\n|move|p1a: Charizard|Heat Wave|p2b: Ferrero|[spread] \n|-activate|p2a: Hasam\u012b|move: Protect\n|-miss|p1a: Charizard|p2b: Ferrero\n|\n|-weather|RainDance|[upkeep]\n|upkeep\n|turn|2\n|inactive|Brakmeritus has 30 seconds left.\n|inactive|bacxray has 30 seconds left.\n|inactive|Brakmeritus has 20 seconds left.\n|inactive|bacxray has 20 seconds left.\n|inactive|Brakmeritus has 15 seconds left.\n|inactive|Brakmeritus has 10 seconds left.\n|\n|t:|1776180532\n|switch|p2a: Boundless|Basculegion, L50, M|100/100\n|move|p2b: Ferrero|Disable|p1a: Charizard\n|-start|p1a: Charizard|Disable|Heat Wave\n|move|p1b: Whimsicott|Moonblast|p2a: Boundless\n|-damage|p2a: Boundless|62/100\n|-unboost|p2a: Boundless|spa|1\n|move|p1a: Charizard|Weather Ball|p2a: Boundless\n|-resisted|p2a: Boundless|1\n|-damage|p2a: Boundless|27/100\n|\n|-weather|RainDance|[upkeep]\n|upkeep\n|turn|3\n|inactive|bacxray has 30 seconds left.\n|inactive|bacxray has 20 seconds left.\n|inactive|bacxray has 15 seconds left.\n|inactive|bacxray has 10 seconds left.\n|\n|t:|1776180581\n|move|p1b: Whimsicott|Tailwind|p1b: Whimsicott\n|-sidestart|p1: Brakmeritus|move: Tailwind\n|move|p2b: Ferrero|Rain Dance||[still]\n|-fail|p2b: Ferrero\n|move|p1a: Charizard|Solar Beam||[still]\n|-prepare|p1a: Charizard|Solar Beam\n|move|p2a: Boundless|Wave Crash|p1a: Charizard\n|-supereffective|p1a: Charizard|1\n|-damage|p1a: Charizard|0 fnt\n|faint|p1a: Charizard\n|-damage|p2a: Boundless|2/100|[from] Recoil\n|\n|-weather|RainDance|[upkeep]\n|upkeep\n|\n|t:|1776180603\n|switch|p1a: Sneasler|Sneasler, L50, M|100/100\n|turn|4\n|inactive|Brakmeritus has 30 seconds left.\n|\n|t:|1776180632\n|move|p2a: Boundless|Protect|p2a: Boundless\n|-singleturn|p2a: Boundless|Protect\n|move|p2b: Ferrero|Encore|p1b: Whimsicott\n|-start|p1b: Whimsicott|Encore\n|move|p1b: Whimsicott|Tailwind||[still]\n|-fail|p1b: Whimsicott\n|move|p1a: Sneasler|Throat Chop|p2b: Ferrero\n|-damage|p2b: Ferrero|60/100\n|-start|p2b: Ferrero|Throat Chop|[silent]\n|\n|-weather|RainDance|[upkeep]\n|upkeep\n|turn|5\n|inactive|Brakmeritus has 30 seconds left.\n|inactive|bacxray has 30 seconds left.\n|inactive|bacxray has 20 seconds left.\n|\n|t:|1776180669\n|switch|p1b: Garchomp|Garchomp, L50, F|100/100\n|switch|p2a: Gar\u00e7om|Garchomp, L50, M|100/100\n|move|p2b: Ferrero|Encore|p1a: Sneasler\n|-start|p1a: Sneasler|Encore\n|move|p1a: Sneasler|Throat Chop|p2b: Ferrero\n|-damage|p2b: Ferrero|24/100\n|\n|-weather|none\n|-end|p2b: Ferrero|Throat Chop|[silent]\n|upkeep\n|turn|6\n|inactive|Brakmeritus has 30 seconds left.\n|\n|t:|1776180702\n|switch|p1b: Whimsicott|Whimsicott, L50, F|100/100\n|move|p2b: Ferrero|Protect|p2b: Ferrero\n|-singleturn|p2b: Ferrero|Protect\n|move|p2a: Gar\u00e7om|Protect|p2a: Gar\u00e7om\n|-singleturn|p2a: Gar\u00e7om|Protect\n|move|p1a: Sneasler|Throat Chop|p2b: Ferrero\n|-activate|p2b: Ferrero|move: Protect\n|\n|-sideend|p1: Brakmeritus|move: Tailwind\n|upkeep\n|turn|7\n|inactive|Brakmeritus has 30 seconds left.\n|inactive|bacxray has 30 seconds left.\n|\n|t:|1776180730\n|switch|p2b: Hasam\u012b|Scizor-Mega, L50, F|100/100\n|move|p1b: Whimsicott|Moonblast|p2a: Gar\u00e7om\n|-supereffective|p2a: Gar\u00e7om|1\n|-damage|p2a: Gar\u00e7om|22/100\n|move|p1a: Sneasler|Throat Chop|p2b: Hasam\u012b\n|-damage|p2b: Hasam\u012b|75/100\n|-start|p2b: Hasam\u012b|Throat Chop|[silent]\n|move|p2a: Gar\u00e7om|Earthquake|p1b: Whimsicott|[spread] p2b,p1a,p1b\n|-supereffective|p1a: Sneasler|1\n|-resisted|p1b: Whimsicott|1\n|-damage|p2b: Hasam\u012b|36/100\n|-damage|p1a: Sneasler|0 fnt\n|-damage|p1b: Whimsicott|64/100\n|faint|p1a: Sneasler\n|\n|upkeep\n|\n|t:|1776180742\n|switch|p1a: Garchomp|Garchomp, L50, F|100/100\n|turn|8\n|inactive|Brakmeritus has 30 seconds left.\n|\n|t:|1776180774\n|move|p2a: Gar\u00e7om|Protect|p2a: Gar\u00e7om\n|-singleturn|p2a: Gar\u00e7om|Protect\n|move|p1b: Whimsicott|Tailwind|p1b: Whimsicott\n|-sidestart|p1: Brakmeritus|move: Tailwind\n|move|p2b: Hasam\u012b|Bullet Punch|p1b: Whimsicott\n|-supereffective|p1b: Whimsicott|1\n|-damage|p1b: Whimsicott|0 fnt\n|faint|p1b: Whimsicott\n|move|p1a: Garchomp|Earthquake|p2b: Hasam\u012b|[spread] p2b\n|-activate|p2a: Gar\u00e7om|move: Protect\n|-damage|p2b: Hasam\u012b|6/100\n|\n|-end|p2b: Hasam\u012b|Throat Chop|[silent]\n|upkeep\n|turn|9\n|\n|t:|1776180799\n|move|p2b: Hasam\u012b|Bullet Punch|p1a: Garchomp\n|-damage|p1a: Garchomp|61/100\n|-damage|p2b: Hasam\u012b|0 fnt|[from] ability: Rough Skin|[of] p1a: Garchomp\n|faint|p2b: Hasam\u012b\n|move|p1a: Garchomp|Earthquake|p2a: Gar\u00e7om\n|-damage|p2a: Gar\u00e7om|0 fnt\n|faint|p2a: Gar\u00e7om\n|\n|upkeep\n|\n|t:|1776180809\n|switch|p2a: Boundless|Basculegion, L50, M|2/100\n|switch|p2b: Ferrero|Sableye, L50, F, shiny|24/100\n|turn|10\n|\n|t:|1776180827\n|move|p2b: Ferrero|Protect|p2b: Ferrero\n|-singleturn|p2b: Ferrero|Protect\n|move|p2a: Boundless|Protect|p2a: Boundless\n|-singleturn|p2a: Boundless|Protect\n|move|p1a: Garchomp|Rock Slide|p2b: Ferrero|[spread] \n|-activate|p2a: Boundless|move: Protect\n|-activate|p2b: Ferrero|move: Protect\n|\n|upkeep\n|turn|11\n|inactive|bacxray has 30 seconds left.\n|inactive|bacxray has 20 seconds left.\n|inactive|bacxray has 15 seconds left.\n|inactive|bacxray has 10 seconds left.\n|\n|t:|1776180875\n|move|p2b: Ferrero|Disable|p1a: Garchomp\n|-start|p1a: Garchomp|Disable|Rock Slide\n|move|p1a: Garchomp|Earthquake|p2a: Boundless|[spread] p2a,p2b\n|-damage|p2a: Boundless|0 fnt\n|-damage|p2b: Ferrero|0 fnt\n|faint|p2a: Boundless\n|faint|p2b: Ferrero\n|\n|win|Brakmeritus\n|raw|Brakmeritus's rating: 1039 &rarr; <strong>1080</strong><br />(+41 for winning)\n|raw|bacxray's rating: 1113 &rarr; <strong>1083</strong><br />(-30 for losing)\n|c|\u2606Brakmeritus|Sableye putting in work\n",
  "uploadtime": 1776180876,
  "views": 17,
  "formatid": "gen9championsvgc2026regma",
  "rating": 1080,
  "private": 0,
  "password": null
}