{
  "id": "gen9championsvgc2026regma-2589516639",
  "format": "[Gen 9 Champions] VGC 2026 Reg M-A",
  "players": [
    "nifmot",
    "SeekerRanger02"
  ],
  "log": "|j|\u2606nifmot\n|j|\u2606SeekerRanger02\n|t:|1776730117\n|gametype|doubles\n|player|p1|nifmot|lucas|1086\n|player|p2|SeekerRanger02|266|1080\n|gen|9\n|tier|[Gen 9 Champions] VGC 2026 Reg M-A\n|rated|\n|rule|Species Clause: Limit one of each Pok\u00e9mon\n|rule|Item Clause: Limit 1 of each item\n|clearpoke\n|poke|p1|Gallade, L50, M, shiny|\n|poke|p1|Sableye, L50, M|\n|poke|p1|Incineroar, L50, F|\n|poke|p1|Sinistcha, L50|\n|poke|p1|Scizor, L50, M|\n|poke|p1|Rotom-Wash, L50|\n|poke|p2|Charizard, L50, F, shiny|\n|poke|p2|Venusaur, L50, M|\n|poke|p2|Basculegion, L50, M|\n|poke|p2|Farigiraf, L50, F|\n|poke|p2|Incineroar, L50, F|\n|poke|p2|Rhyperior, L50, M|\n|teampreview|4\nSeekerRanger02 rejected open team sheets.\n|\n|t:|1776730142\n|teamsize|p1|4\n|teamsize|p2|4\n|start\n|switch|p1a: Gallade|Gallade, L50, M, shiny|100/100\n|switch|p1b: Rotom|Rotom-Wash, L50|100/100\n|switch|p2a: Charizard|Charizard, L50, F, shiny|100/100\n|switch|p2b: Incineroar|Incineroar, L50, F|100/100\n|-ability|p2b: Incineroar|Intimidate|boost\n|-unboost|p1a: Gallade|atk|1\n|-unboost|p1b: Rotom|atk|1\n|turn|1\n|\n|t:|1776730160\n|detailschange|p2a: Charizard|Charizard-Mega-Y, L50, F, shiny\n|-mega|p2a: Charizard|Charizard|Charizardite Y\n|-weather|SunnyDay|[from] ability: Drought|[of] p2a: Charizard\n|detailschange|p1a: Gallade|Gallade-Mega, L50, M, shiny\n|-mega|p1a: Gallade|Gallade|Galladite\n|move|p2b: Incineroar|Fake Out|p1a: Gallade\n|-damage|p1a: Gallade|90/100\n|move|p1b: Rotom|Thunderbolt|p2a: Charizard\n|-supereffective|p2a: Charizard|1\n|-damage|p2a: Charizard|22/100\n|-status|p2a: Charizard|par\n|move|p1a: Gallade|Bulk Up|p1a: Gallade\n|-boost|p1a: Gallade|atk|1\n|-boost|p1a: Gallade|def|1\n|move|p2a: Charizard|Solar Beam||[still]\n|-prepare|p2a: Charizard|Solar Beam\n|-anim|p2a: Charizard|Solar Beam|p1b: Rotom\n|-supereffective|p1b: Rotom|1\n|-damage|p1b: Rotom|0 fnt\n|faint|p1b: Rotom\n|\n|-weather|SunnyDay|[upkeep]\n|upkeep\n|\n|t:|1776730180\n|switch|p1b: Incineroar|Incineroar, L50, F|100/100\n|-ability|p1b: Incineroar|Intimidate|boost\n|-unboost|p2a: Charizard|atk|1\n|-unboost|p2b: Incineroar|atk|1\n|turn|2\n|\n|t:|1776730194\n|move|p2a: Charizard|Protect|p2a: Charizard\n|-singleturn|p2a: Charizard|Protect\n|move|p1b: Incineroar|Fake Out|p2a: Charizard\n|-activate|p2a: Charizard|move: Protect\n|move|p1a: Gallade|Bulk Up|p1a: Gallade\n|-boost|p1a: Gallade|atk|1\n|-boost|p1a: Gallade|def|1\n|move|p2b: Incineroar|Parting Shot|p1a: Gallade\n|-unboost|p1a: Gallade|atk|1\n|-unboost|p1a: Gallade|spa|1\n|\n|t:|1776730206\n|switch|p2b: Venusaur|Venusaur, L50, M|100/100|[from] Parting Shot\n|\n|-weather|SunnyDay|[upkeep]\n|upkeep\n|turn|3\n|\n|t:|1776730215\n|switch|p2a: Incineroar|Incineroar, L50, F|100/100\n|-ability|p2a: Incineroar|Intimidate|boost\n|-fail|p1a: Gallade|unboost|Attack|[from] ability: Inner Focus|[of] p1a: Gallade\n|-unboost|p1b: Incineroar|atk|1\n|move|p2b: Venusaur|Sleep Powder|p1a: Gallade\n|-status|p1a: Gallade|slp|[from] move: Sleep Powder\n|cant|p1a: Gallade|slp\n|move|p1b: Incineroar|Flare Blitz|p2b: Venusaur\n|-supereffective|p2b: Venusaur|1\n|-enditem|p2b: Venusaur|Focus Sash\n|-damage|p2b: Venusaur|1/100\n|-damage|p1b: Incineroar|75/100|[from] Recoil\n|\n|-weather|SunnyDay|[upkeep]\n|upkeep\n|turn|4\n|\n|t:|1776730238\n|switch|p1b: Sinistcha|Sinistcha, L50|100/100\n|-heal|p1a: Gallade|100/100 slp|[from] ability: Hospitality|[of] p1b: Sinistcha\n|move|p2b: Venusaur|Sludge Bomb|p1b: Sinistcha\n|-damage|p1b: Sinistcha|60/100\n|cant|p1a: Gallade|slp\n|move|p2a: Incineroar|Flare Blitz|p1a: Gallade\n|-damage|p1a: Gallade|63/100 slp\n|-damage|p2a: Incineroar|90/100|[from] Recoil\n|\n|-weather|SunnyDay|[upkeep]\n|-heal|p1b: Sinistcha|66/100|[from] item: Leftovers\n|upkeep\n|turn|5\n|\n|t:|1776730270\n|move|p1b: Sinistcha|Protect|p1b: Sinistcha\n|-singleturn|p1b: Sinistcha|Protect\n|move|p2b: Venusaur|Energy Ball|p1a: Gallade\n|-damage|p1a: Gallade|34/100 slp\n|-curestatus|p1a: Gallade|slp|[msg]\n|move|p1a: Gallade|Drain Punch|p2a: Incineroar\n|-supereffective|p2a: Incineroar|1\n|-enditem|p2a: Incineroar|Chople Berry|[eat]\n|-enditem|p2a: Incineroar|Chople Berry|[weaken]\n|-damage|p2a: Incineroar|50/100\n|-heal|p1a: Gallade|56/100|[from] drain|[of] p2a: Incineroar\n|move|p2a: Incineroar|Snarl|p1a: Gallade|[spread] p1a\n|-activate|p1b: Sinistcha|move: Protect\n|-damage|p1a: Gallade|49/100\n|-unboost|p1a: Gallade|spa|1\n|\n|-weather|none\n|-heal|p1b: Sinistcha|72/100|[from] item: Leftovers\n|upkeep\n|turn|6\n|\n|t:|1776730299\n|move|p2b: Venusaur|Sleep Powder|p1a: Gallade\n|-status|p1a: Gallade|slp|[from] move: Sleep Powder\n|cant|p1a: Gallade|slp\n|move|p1b: Sinistcha|Matcha Gotcha|p2a: Incineroar|[spread] p2a\n|-miss|p1b: Sinistcha|p2b: Venusaur\n|-resisted|p2a: Incineroar|1\n|-damage|p2a: Incineroar|43/100\n|-heal|p1b: Sinistcha|77/100|[from] drain|[of] p2a: Incineroar\n|move|p2a: Incineroar|Parting Shot|p1b: Sinistcha\n|-unboost|p1b: Sinistcha|atk|1\n|-unboost|p1b: Sinistcha|spa|1\n|\n|t:|1776730314\n|switch|p2a: Basculegion|Basculegion, L50, M|100/100|[from] Parting Shot\n|\n|-heal|p1b: Sinistcha|83/100|[from] item: Leftovers\n|upkeep\n|turn|7\n|\n|t:|1776730326\n|switch|p2b: Charizard|Charizard-Mega-Y, L50, F, shiny|22/100 par\n|-weather|SunnyDay|[from] ability: Drought|[of] p2b: Charizard\n|move|p2a: Basculegion|Phantom Force||[still]\n|-prepare|p2a: Basculegion|Phantom Force\n|-curestatus|p1a: Gallade|slp|[msg]\n|move|p1a: Gallade|Drain Punch|p2a: Basculegion|[miss]\n|-miss|p1a: Gallade|p2a: Basculegion\n|move|p1b: Sinistcha|Matcha Gotcha|p2b: Charizard|[spread] p2b\n|-miss|p1b: Sinistcha|p2a: Basculegion\n|-resisted|p2b: Charizard|2\n|-damage|p2b: Charizard|18/100 par\n|-heal|p1b: Sinistcha|85/100|[from] drain|[of] p2b: Charizard\n|\n|-weather|SunnyDay|[upkeep]\n|-heal|p1b: Sinistcha|91/100|[from] item: Leftovers\n|upkeep\n|turn|8\n|\n|t:|1776730350\n|move|p1b: Sinistcha|Rage Powder|p1b: Sinistcha\n|-singleturn|p1b: Sinistcha|move: Rage Powder\n|move|p2a: Basculegion|Phantom Force|p1b: Sinistcha|[from] lockedmove\n|-supereffective|p1b: Sinistcha|1\n|-damage|p1b: Sinistcha|0 fnt\n|faint|p1b: Sinistcha\n|move|p1a: Gallade|Drain Punch|p2a: Basculegion\n|-immune|p2a: Basculegion\n|move|p2b: Charizard|Heat Wave|p1a: Gallade\n|-damage|p1a: Gallade|0 fnt\n|faint|p1a: Gallade\n|\n|-weather|SunnyDay|[upkeep]\n|upkeep\n|\n|t:|1776730361\n|switch|p1b: Incineroar|Incineroar, L50, F|75/100\n|-ability|p1b: Incineroar|Intimidate|boost\n|-unboost|p2a: Basculegion|atk|1\n|-unboost|p2b: Charizard|atk|1\n|turn|9\n|\n|t:|1776730367\n|cant|p2b: Charizard|par\n|move|p2a: Basculegion|Phantom Force||[still]\n|-prepare|p2a: Basculegion|Phantom Force\n|move|p1b: Incineroar|Flare Blitz|p2b: Charizard\n|-resisted|p2b: Charizard|1\n|-damage|p2b: Charizard|0 fnt\n|faint|p2b: Charizard\n|-damage|p1b: Incineroar|71/100|[from] Recoil\n|\n|-weather|SunnyDay|[upkeep]\n|upkeep\n|\n|t:|1776730377\n|switch|p2b: Incineroar|Incineroar, L50, F|43/100\n|-ability|p2b: Incineroar|Intimidate|boost\n|-unboost|p1b: Incineroar|atk|1\n|turn|10\n|\n|t:|1776730383\n|move|p2b: Incineroar|Fake Out|p1b: Incineroar\n|-damage|p1b: Incineroar|60/100\n|move|p2a: Basculegion|Phantom Force|p1b: Incineroar|[from] lockedmove\n|-resisted|p1b: Incineroar|1\n|-damage|p1b: Incineroar|39/100\n|-enditem|p1b: Incineroar|Sitrus Berry|[eat]\n|-heal|p1b: Incineroar|63/100|[from] item: Sitrus Berry\n|cant|p1b: Incineroar|flinch\n|\n|-weather|SunnyDay|[upkeep]\n|upkeep\n|turn|11\n|\n|t:|1776730397\n|switch|p2a: Venusaur|Venusaur, L50, M|1/100\n|move|p2b: Incineroar|Parting Shot|p1b: Incineroar\n|-unboost|p1b: Incineroar|atk|1\n|-unboost|p1b: Incineroar|spa|1\n|\n|t:|1776730404\n|switch|p2b: Basculegion|Basculegion, L50, M|100/100|[from] Parting Shot\n|move|p1b: Incineroar|Flare Blitz|p2b: Basculegion\n|-resisted|p2b: Basculegion|1\n|-damage|p2b: Basculegion|74/100\n|-status|p2b: Basculegion|brn\n|-damage|p1b: Incineroar|55/100|[from] Recoil\n|\n|-weather|none\n|-damage|p2b: Basculegion|68/100 brn|[from] brn\n|upkeep\n|turn|12\n|\n|t:|1776730420\n|move|p2b: Basculegion|Wave Crash|p1b: Incineroar\n|-supereffective|p1b: Incineroar|1\n|-damage|p1b: Incineroar|0 fnt\n|faint|p1b: Incineroar\n|-damage|p2b: Basculegion|50/100 brn|[from] Recoil\n|\n|win|SeekerRanger02\n|raw|nifmot's rating: 1086 &rarr; <strong>1063</strong><br />(-23 for losing)\n|raw|SeekerRanger02's rating: 1080 &rarr; <strong>1108</strong><br />(+28 for winning)\n",
  "uploadtime": 1776730426,
  "views": 3,
  "formatid": "gen9championsvgc2026regma",
  "rating": 1063,
  "private": 0,
  "password": null
}