{
  "id": "gen9championsvgc2026regma-2583145341",
  "format": "[Gen 9 Champions] VGC 2026 Reg M-A",
  "players": [
    "varimare",
    "kunkun4ever"
  ],
  "log": "|j|\u2606varimare\n|j|\u2606kunkun4ever\n|t:|1776147539\n|gametype|doubles\n|player|p1|varimare|alder|1293\n|player|p2|kunkun4ever|102|1354\n|gen|9\n|tier|[Gen 9 Champions] VGC 2026 Reg M-A\n|rated|\n|rule|Species Clause: Limit one of each Pok\u00e9mon\n|rule|Item Clause: Limit 1 of each item\n|clearpoke\n|poke|p1|Chesnaught, L50, M|\n|poke|p1|Archaludon, L50, M|\n|poke|p1|Pelipper, L50, M|\n|poke|p1|Sneasler, L50, M|\n|poke|p1|Sinistcha, L50|\n|poke|p1|Glimmora, L50, F|\n|poke|p2|Garchomp, L50, F|\n|poke|p2|Tyranitar, L50, F|\n|poke|p2|Scizor, L50, F|\n|poke|p2|Incineroar, L50, F|\n|poke|p2|Hatterene, L50, F|\n|poke|p2|Rotom-Wash, L50|\n|teampreview|4\n|\n|t:|1776147557\n|teamsize|p1|4\n|teamsize|p2|4\n|start\n|switch|p1a: Archaludon|Archaludon, L50, M|100/100\n|switch|p1b: Sneasler|Sneasler, L50, M|100/100\n|switch|p2a: Garchomp|Garchomp, L50, F|100/100\n|switch|p2b: Hatterene|Hatterene, L50, F|100/100\n|turn|1\n|inactive|Battle timer is ON: inactive players will automatically lose when time's up. (requested by kunkun4ever)\n|\n|t:|1776147577\n|switch|p1b: Pelipper|Pelipper, L50, M|100/100\n|-weather|RainDance|[from] ability: Drizzle|[of] p1b: Pelipper\n|move|p2a: Garchomp|Protect|p2a: Garchomp\n|-singleturn|p2a: Garchomp|Protect\n|move|p2b: Hatterene|Protect|p2b: Hatterene\n|-singleturn|p2b: Hatterene|Protect\n|move|p1a: Archaludon|Flash Cannon|p2b: Hatterene\n|-activate|p2b: Hatterene|move: Protect\n|\n|-weather|RainDance|[upkeep]\n|upkeep\n|turn|2\n|\n|t:|1776147593\n|detailschange|p2a: Garchomp|Garchomp-Mega, L50, F\n|-mega|p2a: Garchomp|Garchomp|Garchompite\n|move|p1b: Pelipper|Weather Ball|p2b: Hatterene\n|-damage|p2b: Hatterene|20/100\n|move|p2a: Garchomp|Stomping Tantrum|p1a: Archaludon\n|-supereffective|p1a: Archaludon|1\n|-damage|p1a: Archaludon|26/100\n|-ability|p1a: Archaludon|Stamina|boost\n|-boost|p1a: Archaludon|def|1\n|move|p1a: Archaludon|Flash Cannon|p2b: Hatterene\n|-supereffective|p2b: Hatterene|1\n|-enditem|p2b: Hatterene|Babiri Berry|[eat]\n|-enditem|p2b: Hatterene|Babiri Berry|[weaken]\n|-damage|p2b: Hatterene|0 fnt\n|faint|p2b: Hatterene\n|\n|-weather|RainDance|[upkeep]\n|upkeep\n|\n|t:|1776147602\n|switch|p2b: Tyranitar|Tyranitar, L50, F|100/100\n|-weather|Sandstorm|[from] ability: Sand Stream|[of] p2b: Tyranitar\n|turn|3\n|\n|t:|1776147620\n|switch|p1a: Chesnaught|Chesnaught, L50, M, shiny|100/100\n|move|p1b: Pelipper|Tailwind|p1b: Pelipper\n|-sidestart|p1: varimare|move: Tailwind\n|move|p2a: Garchomp|Stomping Tantrum|p1b: Pelipper\n|-immune|p1b: Pelipper\n|move|p2b: Tyranitar|Dark Pulse|p1a: Chesnaught\n|-resisted|p1a: Chesnaught|1\n|-damage|p1a: Chesnaught|83/100\n|\n|-weather|Sandstorm|[upkeep]\n|-damage|p1b: Pelipper|95/100|[from] Sandstorm\n|-damage|p1a: Chesnaught|77/100|[from] Sandstorm\n|upkeep\n|turn|4\n|\n|t:|1776147636\n|switch|p1b: Archaludon|Archaludon, L50, M|26/100\n|detailschange|p1a: Chesnaught|Chesnaught-Mega, L50, M, shiny\n|-mega|p1a: Chesnaught|Chesnaught|Chesnaughtite\n|move|p2b: Tyranitar|Protect|p2b: Tyranitar\n|-singleturn|p2b: Tyranitar|Protect\n|move|p1a: Chesnaught|Leech Seed|p2a: Garchomp\n|-start|p2a: Garchomp|move: Leech Seed\n|move|p2a: Garchomp|Scale Shot|p1a: Chesnaught\n|-damage|p1a: Chesnaught|66/100\n|-damage|p1a: Chesnaught|57/100\n|-damage|p1a: Chesnaught|47/100\n|-damage|p1a: Chesnaught|37/100\n|-hitcount|p1a: Chesnaught|4\n|-unboost|p2a: Garchomp|def|1\n|-boost|p2a: Garchomp|spe|1\n|\n|-weather|Sandstorm|[upkeep]\n|-damage|p1a: Chesnaught|30/100|[from] Sandstorm\n|-damage|p2a: Garchomp|88/100|[from] Leech Seed|[of] p1a: Chesnaught\n|-heal|p1a: Chesnaught|44/100|[silent]\n|upkeep\n|turn|5\n|\n|t:|1776147653\n|move|p1a: Chesnaught|Spiky Shield|p1a: Chesnaught\n|-singleturn|p1a: Chesnaught|move: Protect\n|move|p1b: Archaludon|Draco Meteor|p2a: Garchomp\n|-supereffective|p2a: Garchomp|1\n|-crit|p2a: Garchomp\n|-damage|p2a: Garchomp|0 fnt\n|-unboost|p1b: Archaludon|spa|2\n|faint|p2a: Garchomp\n|move|p2b: Tyranitar|Ice Beam|p1a: Chesnaught\n|-activate|p1a: Chesnaught|move: Protect\n|\n|-weather|Sandstorm|[upkeep]\n|-damage|p1a: Chesnaught|38/100|[from] Sandstorm\n|upkeep\n|\n|t:|1776147658\n|switch|p2a: Scizor|Scizor, L50, F|100/100\n|turn|6\n|\n|t:|1776147669\n|switch|p1a: Pelipper|Pelipper, L50, M|95/100\n|-weather|RainDance|[from] ability: Drizzle|[of] p1a: Pelipper\n|move|p2a: Scizor|Bullet Punch|p1a: Pelipper\n|-resisted|p1a: Pelipper|1\n|-damage|p1a: Pelipper|65/100\n|move|p1b: Archaludon|Aura Sphere|p2b: Tyranitar\n|-supereffective|p2b: Tyranitar|2\n|-crit|p2b: Tyranitar\n|-damage|p2b: Tyranitar|0 fnt\n|faint|p2b: Tyranitar\n|\n|-weather|RainDance|[upkeep]\n|-sideend|p1: varimare|move: Tailwind\n|upkeep\n|turn|7\n|-message|kunkun4ever forfeited.\n|\n|win|varimare\n|raw|varimare's rating: 1293 &rarr; <strong>1322</strong><br />(+29 for winning)\n|raw|kunkun4ever's rating: 1354 &rarr; <strong>1331</strong><br />(-23 for losing)\n|l|\u2606kunkun4ever\n|player|p2|\n",
  "uploadtime": 1776147687,
  "views": 28,
  "formatid": "gen9championsvgc2026regma",
  "rating": 1322,
  "private": 0,
  "password": null
}