{
  "id": "gen9championsvgc2026regma-2581405313",
  "format": "[Gen 9 Champions] VGC 2026 Reg M-A",
  "players": [
    "Syuki501",
    "B. Farro"
  ],
  "log": "|j|\u2606Syuki501\n|j|\u2606B. Farro\n|t:|1775997013\n|gametype|doubles\n|player|p1|Syuki501|lady|1059\n|player|p2|B. Farro|ingo|1046\n|gen|9\n|tier|[Gen 9 Champions] VGC 2026 Reg M-A\n|rated|\n|rule|Species Clause: Limit one of each Pok\u00e9mon\n|rule|Item Clause: Limit 1 of each item\n|clearpoke\n|poke|p1|Incineroar, L50, M|\n|poke|p1|Delphox, L50, M|\n|poke|p1|Dragonite, L50, M|\n|poke|p1|Alcremie, L50, F|\n|poke|p1|Maushold-Four, L50|\n|poke|p1|Kingambit, L50, M|\n|poke|p2|Glimmora, L50, M|\n|poke|p2|Whimsicott, L50, M|\n|poke|p2|Altaria, L50, M|\n|poke|p2|Tauros-Paldea-Blaze, L50, M|\n|poke|p2|Garchomp, L50, F|\n|poke|p2|Kangaskhan, L50, F|\n|teampreview|4\n|\n|t:|1775997060\n|teamsize|p1|4\n|teamsize|p2|4\n|start\n|switch|p1a: Incineroar|Incineroar, L50, M|100/100\n|switch|p1b: Dragonite|Dragonite, L50, M|100/100\n|switch|p2a: Glimmora|Glimmora, L50, M|100/100\n|switch|p2b: Whimsicott|Whimsicott, L50, M|100/100\n|-ability|p1a: Incineroar|Intimidate|boost\n|-unboost|p2a: Glimmora|atk|1\n|-unboost|p2b: Whimsicott|atk|1\n|turn|1\n|\n|t:|1775997087\n|detailschange|p2a: Glimmora|Glimmora-Mega, L50, M\n|-mega|p2a: Glimmora|Glimmora|Glimmoranite\n|move|p1a: Incineroar|Fake Out|p2b: Whimsicott\n|-damage|p2b: Whimsicott|81/100\n|cant|p2b: Whimsicott|flinch\n|move|p2a: Glimmora|Power Gem|p1a: Incineroar\n|-supereffective|p1a: Incineroar|1\n|-damage|p1a: Incineroar|0 fnt\n|faint|p1a: Incineroar\n|move|p1b: Dragonite|Ice Beam|p2a: Glimmora\n|-damage|p2a: Glimmora|64/100\n|\n|upkeep\n|\n|t:|1775997106\n|switch|p1a: Delphox|Delphox, L50, M|100/100\n|turn|2\n|\n|t:|1775997132\n|move|p2b: Whimsicott|Tailwind|p2b: Whimsicott\n|-sidestart|p2: B. Farro|move: Tailwind\n|move|p2a: Glimmora|Power Gem|p1a: Delphox\n|-supereffective|p1a: Delphox|1\n|-damage|p1a: Delphox|0 fnt\n|faint|p1a: Delphox\n|move|p1b: Dragonite|Air Slash|p2b: Whimsicott\n|-supereffective|p2b: Whimsicott|1\n|-damage|p2b: Whimsicott|0 fnt\n|faint|p2b: Whimsicott\n|\n|upkeep\n|\n|t:|1775997143\n|switch|p2b: Kangaskhan|Kangaskhan, L50, F|100/100\n|switch|p1a: Alcremie|Alcremie, L50, F|100/100\n|turn|3\n|\n|t:|1775997169\n|move|p1a: Alcremie|Protect|p1a: Alcremie\n|-singleturn|p1a: Alcremie|Protect\n|move|p2b: Kangaskhan|Fake Out|p1b: Dragonite\n|-damage|p1b: Dragonite|90/100\n|move|p2a: Glimmora|Sludge Bomb|p1a: Alcremie\n|-activate|p1a: Alcremie|move: Protect\n|cant|p1b: Dragonite|flinch\n|\n|-heal|p1b: Dragonite|96/100|[from] item: Leftovers\n|upkeep\n|turn|4\n|\n|t:|1775997192\n|move|p2a: Glimmora|Sludge Bomb|p1a: Alcremie\n|-supereffective|p1a: Alcremie|1\n|-damage|p1a: Alcremie|0 fnt\n|faint|p1a: Alcremie\n|move|p2b: Kangaskhan|Double-Edge|p1b: Dragonite\n|-damage|p1b: Dragonite|35/100\n|-damage|p2b: Kangaskhan|84/100|[from] Recoil\n|move|p1b: Dragonite|Ice Beam|p2a: Glimmora\n|-damage|p2a: Glimmora|30/100\n|\n|-heal|p1b: Dragonite|41/100|[from] item: Leftovers\n|upkeep\n|turn|5\n|\n|t:|1775997207\n|move|p1b: Dragonite|Protect|p1b: Dragonite\n|-singleturn|p1b: Dragonite|Protect\n|move|p2a: Glimmora|Power Gem|p1b: Dragonite\n|-activate|p1b: Dragonite|move: Protect\n|move|p2b: Kangaskhan|Double-Edge|p1b: Dragonite\n|-activate|p1b: Dragonite|move: Protect\n|\n|-heal|p1b: Dragonite|47/100|[from] item: Leftovers\n|-sideend|p2: B. Farro|move: Tailwind\n|upkeep\n|turn|6\n|\n|t:|1775997239\n|move|p2a: Glimmora|Power Gem|p1b: Dragonite\n|-supereffective|p1b: Dragonite|1\n|-damage|p1b: Dragonite|0 fnt\n|faint|p1b: Dragonite\n|\n|win|B. Farro\n|raw|Syuki501's rating: 1059 &rarr; <strong>1039</strong><br />(-20 for losing)\n|raw|B. Farro's rating: 1046 &rarr; <strong>1080</strong><br />(+34 for winning)\n|l|\u2606Syuki501\n|player|p1|\n",
  "uploadtime": 1775997253,
  "views": 19,
  "formatid": "gen9championsvgc2026regma",
  "rating": 1039,
  "private": 0,
  "password": null
}