{
  "id": "gen9championsvgc2026regma-2584497021",
  "format": "[Gen 9 Champions] VGC 2026 Reg M-A",
  "players": [
    "Arcato",
    "CloverG20"
  ],
  "log": "|j|\u2606Arcato\n|j|\u2606CloverG20\n|t:|1776264746\n|gametype|doubles\n|player|p1|Arcato|266|1171\n|player|p2|CloverG20|rosa|1100\n|gen|9\n|tier|[Gen 9 Champions] VGC 2026 Reg M-A\n|rated|\n|rule|Species Clause: Limit one of each Pok\u00e9mon\n|rule|Item Clause: Limit 1 of each item\n|clearpoke\n|poke|p1|Clawitzer, L50, M|\n|poke|p1|Farigiraf, L50, M|\n|poke|p1|Drampa, L50, F|\n|poke|p1|Incineroar, L50, M|\n|poke|p1|Aegislash, L50, M|\n|poke|p1|Lopunny, L50, M|\n|poke|p2|Pelipper, L50, F|\n|poke|p2|Archaludon, L50, M|\n|poke|p2|Dragonite, L50, F|\n|poke|p2|Sinistcha-Masterpiece, L50|\n|poke|p2|Sneasler, L50, F|\n|poke|p2|Basculegion, L50, M|\n|teampreview|4\n|c|\u2606Arcato|GLHF\n|\n|t:|1776264778\n|teamsize|p1|4\n|teamsize|p2|4\n|start\n|switch|p1a: Incineroar|Incineroar, L50, M|100/100\n|switch|p1b: Farigiraf|Farigiraf, L50, M|100/100\n|switch|p2a: Pelipper|Pelipper, L50, F|100/100\n|switch|p2b: Archaludon|Archaludon, L50, M|100/100\n|-weather|RainDance|[from] ability: Drizzle|[of] p2a: Pelipper\n|-ability|p1a: Incineroar|Intimidate|boost\n|-unboost|p2a: Pelipper|atk|1\n|-unboost|p2b: Archaludon|atk|1\n|turn|1\n|\n|t:|1776264811\n|switch|p2b: Sinistcha|Sinistcha-Masterpiece, L50|100/100\n|move|p1a: Incineroar|Fake Out|p2a: Pelipper\n|-damage|p2a: Pelipper|80/100\n|cant|p2a: Pelipper|flinch\n|move|p1b: Farigiraf|Trick Room|p1b: Farigiraf\n|-fieldstart|move: Trick Room|[of] p1b: Farigiraf\n|\n|-weather|RainDance|[upkeep]\n|upkeep\n|turn|2\n|\n|t:|1776264829\n|move|p2a: Pelipper|Protect|p2a: Pelipper\n|-singleturn|p2a: Pelipper|Protect\n|move|p1b: Farigiraf|Psychic|p2b: Sinistcha\n|-damage|p2b: Sinistcha|49/100\n|-enditem|p2b: Sinistcha|Sitrus Berry|[eat]\n|-heal|p2b: Sinistcha|74/100|[from] item: Sitrus Berry\n|move|p1a: Incineroar|Darkest Lariat|p2b: Sinistcha\n|-supereffective|p2b: Sinistcha|1\n|-damage|p2b: Sinistcha|8/100\n|move|p2b: Sinistcha|Trick Room|p2b: Sinistcha\n|-fieldend|move: Trick Room\n|\n|-weather|RainDance|[upkeep]\n|upkeep\n|turn|3\n|\n|t:|1776264849\n|switch|p1a: Drampa|Drampa, L50, F|100/100\n|move|p2a: Pelipper|Tailwind|p2a: Pelipper\n|-sidestart|p2: CloverG20|move: Tailwind\n|move|p2b: Sinistcha|Strength Sap|p1a: Drampa\n|-unboost|p1a: Drampa|atk|1\n|-heal|p2b: Sinistcha|54/100\n|move|p1b: Farigiraf|Trick Room|p1b: Farigiraf\n|-fieldstart|move: Trick Room|[of] p1b: Farigiraf\n|\n|-weather|RainDance|[upkeep]\n|upkeep\n|turn|4\n|\n|t:|1776264869\n|detailschange|p1a: Drampa|Drampa-Mega, L50, F\n|-mega|p1a: Drampa|Drampa|Drampanite\n|move|p1a: Drampa|Calm Mind|p1a: Drampa\n|-boost|p1a: Drampa|spa|1\n|-boost|p1a: Drampa|spd|1\n|move|p2a: Pelipper|Hurricane|p1a: Drampa\n|-damage|p1a: Drampa|76/100\n|move|p1b: Farigiraf|Trick Room|p1b: Farigiraf\n|-fieldend|move: Trick Room\n|move|p2b: Sinistcha|Trick Room|p2b: Sinistcha\n|-fieldstart|move: Trick Room|[of] p2b: Sinistcha\n|\n|-weather|RainDance|[upkeep]\n|upkeep\n|turn|5\n|-message|CloverG20 forfeited.\n|\n|win|Arcato\n|raw|Arcato's rating: 1171 &rarr; <strong>1191</strong><br />(+20 for winning)\n|raw|CloverG20's rating: 1100 &rarr; <strong>1080</strong><br />(-20 for losing)\n|l|\u2606CloverG20\n|player|p2|\n",
  "uploadtime": 1776264886,
  "views": 25,
  "formatid": "gen9championsvgc2026regma",
  "rating": 1080,
  "private": 0,
  "password": null
}