{
  "id": "gen9championsvgc2026regma-2580541225",
  "format": "[Gen 9 Champions] VGC 2026 Reg M-A",
  "players": [
    "mezooki",
    "fr49"
  ],
  "log": "|j|\u2606mezooki\n|j|\u2606fr49\n|t:|1775910735\n|gametype|doubles\n|player|p1|mezooki|lady|1000\n|player|p2|fr49|1|1073\n|gen|9\n|tier|[Gen 9 Champions] VGC 2026 Reg M-A\n|rated|\n|rule|Species Clause: Limit one of each Pok\u00e9mon\n|rule|Item Clause: Limit 1 of each item\n|clearpoke\n|poke|p1|Aerodactyl, L50, F|\n|poke|p1|Floette-Eternal, L50, F|\n|poke|p1|Whimsicott, L50, M|\n|poke|p1|Maushold-Four, L50|\n|poke|p1|Basculegion, L50, M|\n|poke|p1|Aegislash, L50, M|\n|poke|p2|Aggron, L50, F|\n|poke|p2|Incineroar, L50, M|\n|poke|p2|Sinistcha, L50|\n|poke|p2|Tyranitar, L50, M|\n|poke|p2|Rotom-Wash, L50|\n|poke|p2|Sneasler, L50, M|\n|teampreview|4\n|inactive|Battle timer is ON: inactive players will automatically lose when time's up. (requested by mezooki)\n|inactive|fr49 also wants the timer to be on.\n|inactive|mezooki has 60 seconds left.\n|inactive|fr49 has 60 seconds left.\n|\n|t:|1775910769\n|teamsize|p1|4\n|teamsize|p2|4\n|start\n|switch|p1a: Whimsicott|Whimsicott, L50, M|100/100\n|switch|p1b: Basculegion|Basculegion, L50, M|100/100\n|switch|p2a: Khabib|Incineroar, L50, M, shiny|100/100\n|switch|p2b: TehMatcha|Sinistcha, L50, shiny|100/100\n|-ability|p2a: Khabib|Intimidate|boost\n|-unboost|p1a: Whimsicott|atk|1\n|-unboost|p1b: Basculegion|atk|1\n|turn|1\n|inactive|fr49 has 30 seconds left.\n|\n|t:|1775910797\n|move|p1a: Whimsicott|Tailwind|p1a: Whimsicott\n|-sidestart|p1: mezooki|move: Tailwind\n|move|p1b: Basculegion|Flip Turn|p2a: Khabib\n|-supereffective|p2a: Khabib|1\n|-damage|p2a: Khabib|53/100\n|\n|t:|1775910807\n|switch|p1b: Aerodactyl|Aerodactyl, L50, F|100/100|[from] Flip Turn\n|-ability|p1b: Aerodactyl|Unnerve\n|move|p2a: Khabib|Darkest Lariat|p1b: Aerodactyl\n|-damage|p1b: Aerodactyl|49/100\n|move|p2b: TehMatcha|Trick Room|p2b: TehMatcha\n|-fieldstart|move: Trick Room|[of] p2b: TehMatcha\n|\n|upkeep\n|turn|2\n|\n|t:|1775910830\n|switch|p2a: Trex|Tyranitar, L50, M, shiny|100/100\n|-weather|Sandstorm|[from] ability: Sand Stream|[of] p2a: Trex\n|move|p1b: Aerodactyl|Protect|p1b: Aerodactyl\n|-singleturn|p1b: Aerodactyl|Protect\n|move|p2b: TehMatcha|Matcha Gotcha|p1b: Aerodactyl|[spread] p1a\n|-activate|p1b: Aerodactyl|move: Protect\n|-resisted|p1a: Whimsicott|1\n|-damage|p1a: Whimsicott|82/100\n|move|p1a: Whimsicott|Trick Room|p1a: Whimsicott\n|-fieldend|move: Trick Room\n|\n|-weather|Sandstorm|[upkeep]\n|-damage|p1a: Whimsicott|76/100|[from] Sandstorm\n|-damage|p2b: TehMatcha|94/100|[from] Sandstorm\n|upkeep\n|turn|3\n|inactive|mezooki has 30 seconds left.\n|\n|t:|1775910857\n|move|p1b: Aerodactyl|Wide Guard|p1b: Aerodactyl\n|-singleturn|p1b: Aerodactyl|Wide Guard\n|move|p1a: Whimsicott|Giga Drain|p2a: Trex\n|-supereffective|p2a: Trex|1\n|-damage|p2a: Trex|72/100\n|-heal|p1a: Whimsicott|98/100|[from] drain|[of] p2a: Trex\n|move|p2a: Trex|Rock Slide|p1a: Whimsicott|[spread] \n|-activate|p1a: Whimsicott|move: Wide Guard\n|-activate|p1b: Aerodactyl|move: Wide Guard\n|move|p2b: TehMatcha|Trick Room|p2b: TehMatcha\n|-fieldstart|move: Trick Room|[of] p2b: TehMatcha\n|\n|-weather|Sandstorm|[upkeep]\n|-damage|p2b: TehMatcha|88/100|[from] Sandstorm\n|-damage|p1a: Whimsicott|92/100|[from] Sandstorm\n|upkeep\n|turn|4\n|inactive|fr49 has 30 seconds left.\n|\n|t:|1775910888\n|move|p1b: Aerodactyl|Protect||[still]\n|-fail|p1b: Aerodactyl\n|move|p1a: Whimsicott|Encore|p2b: TehMatcha\n|-start|p2b: TehMatcha|Encore\n|move|p2a: Trex|Knock Off|p1b: Aerodactyl\n|-damage|p1b: Aerodactyl|0 fnt\n|-enditem|p1b: Aerodactyl|Hard Stone|[from] move: Knock Off|[of] p2a: Trex\n|faint|p1b: Aerodactyl\n|move|p2b: TehMatcha|Trick Room|p2b: TehMatcha\n|-fieldend|move: Trick Room\n|\n|-weather|Sandstorm|[upkeep]\n|-damage|p1a: Whimsicott|87/100|[from] Sandstorm\n|-damage|p2b: TehMatcha|82/100|[from] Sandstorm\n|-sideend|p1: mezooki|move: Tailwind\n|upkeep\n|\n|t:|1775910895\n|switch|p1b: Floette|Floette-Eternal, L50, F|100/100\n|turn|5\n|inactive|fr49 has 30 seconds left.\n|\n|t:|1775910921\n|switch|p2b: Khabib|Incineroar, L50, M, shiny|53/100\n|-ability|p2b: Khabib|Intimidate|boost\n|-block|p1a: Whimsicott|ability: Flower Veil|[of] p1b: Floette\n|-unboost|p1b: Floette|atk|1\n|detailschange|p1b: Floette|Floette-Mega, L50, F\n|-mega|p1b: Floette|Floette|Floettite\n|-ability|p1b: Floette|Fairy Aura\n|move|p2a: Trex|Protect|p2a: Trex\n|-singleturn|p2a: Trex|Protect\n|move|p1a: Whimsicott|Giga Drain|p2a: Trex\n|-activate|p2a: Trex|move: Protect\n|move|p1b: Floette|Moonblast|p2a: Trex\n|-activate|p2a: Trex|move: Protect\n|\n|-weather|Sandstorm|[upkeep]\n|-damage|p1a: Whimsicott|81/100|[from] Sandstorm\n|-damage|p1b: Floette|95/100|[from] Sandstorm\n|-damage|p2b: Khabib|47/100|[from] Sandstorm\n|upkeep\n|turn|6\n|inactive|fr49 has 30 seconds left.\n|\n|t:|1775910953\n|switch|p2a: TehMatcha|Sinistcha, L50, shiny|82/100\n|-heal|p2b: Khabib|72/100|[from] ability: Hospitality|[of] p2a: TehMatcha\n|move|p1b: Floette|Protect|p1b: Floette\n|-singleturn|p1b: Floette|Protect\n|move|p1a: Whimsicott|Tailwind|p1a: Whimsicott\n|-sidestart|p1: mezooki|move: Tailwind\n|move|p2b: Khabib|Parting Shot|p1a: Whimsicott\n|-unboost|p1a: Whimsicott|atk|1\n|-unboost|p1a: Whimsicott|spa|1\n|\n|t:|1775910964\n|switch|p2b: Diar|Aggron, L50, F, shiny|100/100|[from] Parting Shot\n|\n|-weather|none\n|upkeep\n|turn|7\n|inactive|mezooki has 30 seconds left.\n|\n|t:|1775910993\n|switch|p1a: Basculegion|Basculegion, L50, M|100/100\n|detailschange|p2b: Diar|Aggron-Mega, L50, F, shiny\n|-mega|p2b: Diar|Aggron|Aggronite\n|move|p2a: TehMatcha|Rage Powder|p2a: TehMatcha\n|-singleturn|p2a: TehMatcha|move: Rage Powder\n|move|p1b: Floette|Light of Ruin|p2a: TehMatcha\n|-damage|p2a: TehMatcha|0 fnt\n|faint|p2a: TehMatcha\n|-damage|p1b: Floette|46/100|[from] Recoil\n|move|p2b: Diar|Heavy Slam|p1b: Floette\n|-supereffective|p1b: Floette|1\n|-damage|p1b: Floette|0 fnt\n|faint|p1b: Floette\n|\n|upkeep\n|-message|mezooki forfeited.\n|\n|win|fr49\n|raw|mezooki's rating: 1000 &rarr; <strong>1000</strong><br />(+0 for losing)\n|raw|fr49's rating: 1073 &rarr; <strong>1096</strong><br />(+23 for winning)\n|l|\u2606mezooki\n|player|p1|\n",
  "uploadtime": 1775911016,
  "views": 14,
  "formatid": "gen9championsvgc2026regma",
  "rating": 1000,
  "private": 0,
  "password": null
}