{
  "id": "gen9championsvgc2026regma-2585157836",
  "format": "[Gen 9 Champions] VGC 2026 Reg M-A",
  "players": [
    "fly the coop",
    "ChampionsmatchVGC"
  ],
  "log": "|j|\u2606fly the coop\n|j|\u2606ChampionsmatchVGC\n|t:|1776318942\n|gametype|doubles\n|player|p1|fly the coop|flannery|1433\n|player|p2|ChampionsmatchVGC|gardenia|1529\n|gen|9\n|tier|[Gen 9 Champions] VGC 2026 Reg M-A\n|rated|\n|rule|Species Clause: Limit one of each Pok\u00e9mon\n|rule|Item Clause: Limit 1 of each item\n|clearpoke\n|poke|p1|Blastoise, L50, M|\n|poke|p1|Sinistcha, L50|\n|poke|p1|Incineroar, L50, F|\n|poke|p1|Aerodactyl, L50, F|\n|poke|p1|Floette-Eternal, L50, F|\n|poke|p1|Sneasler, L50, F|\n|poke|p2|Garchomp, L50, F|\n|poke|p2|Delphox, L50, M|\n|poke|p2|Floette-Eternal, L50, F|\n|poke|p2|Kingambit, L50, F|\n|poke|p2|Basculegion, L50, M|\n|poke|p2|Rotom-Wash, L50|\n|teampreview|4\nfly the coop has agreed to open team sheets.\n|\n|t:|1776318984\n|teamsize|p1|4\n|teamsize|p2|4\n|start\n|switch|p1a: Blastoise|Blastoise, L50, M|100/100\n|switch|p1b: Sinistcha|Sinistcha, L50|100/100\n|switch|p2a: Delphox|Delphox, L50, M|100/100\n|switch|p2b: Rotom|Rotom-Wash, L50|100/100\n|turn|1\n|\n|t:|1776318999\n|detailschange|p2a: Delphox|Delphox-Mega, L50, M\n|-mega|p2a: Delphox|Delphox|Delphoxite\n|detailschange|p1a: Blastoise|Blastoise-Mega, L50, M\n|-mega|p1a: Blastoise|Blastoise|Blastoisinite\n|move|p1a: Blastoise|Protect|p1a: Blastoise\n|-singleturn|p1a: Blastoise|Protect\n|move|p2a: Delphox|Encore|p1a: Blastoise\n|-activate|p1a: Blastoise|move: Protect\n|move|p2b: Rotom|Volt Switch|p1a: Blastoise\n|-activate|p1a: Blastoise|move: Protect\n|move|p1b: Sinistcha|Trick Room|p1b: Sinistcha\n|-fieldstart|move: Trick Room|[of] p1b: Sinistcha\n|\n|upkeep\n|turn|2\n|\n|t:|1776319011\n|move|p2a: Delphox|Protect|p2a: Delphox\n|-singleturn|p2a: Delphox|Protect\n|move|p1b: Sinistcha|Rage Powder|p1b: Sinistcha\n|-singleturn|p1b: Sinistcha|move: Rage Powder\n|move|p1a: Blastoise|Water Spout|p2b: Rotom|[spread] p2b\n|-activate|p2a: Delphox|move: Protect\n|-resisted|p2b: Rotom|1\n|-damage|p2b: Rotom|68/100\n|move|p2b: Rotom|Volt Switch|p1b: Sinistcha\n|-resisted|p1b: Sinistcha|1\n|-damage|p1b: Sinistcha|85/100\n|\n|t:|1776319019\n|switch|p2b: Kingambit|Kingambit, L50, F|100/100|[from] Volt Switch\n|\n|upkeep\n|turn|3\n|\n|t:|1776319025\n|switch|p2a: Rotom|Rotom-Wash, L50|68/100\n|move|p1b: Sinistcha|Rage Powder|p1b: Sinistcha\n|-singleturn|p1b: Sinistcha|move: Rage Powder\n|move|p2b: Kingambit|Kowtow Cleave|p1b: Sinistcha\n|-supereffective|p1b: Sinistcha|1\n|-damage|p1b: Sinistcha|17/100\n|-enditem|p1b: Sinistcha|Sitrus Berry|[eat]\n|-heal|p1b: Sinistcha|42/100|[from] item: Sitrus Berry\n|move|p1a: Blastoise|Water Spout|p2b: Kingambit|[spread] p2a,p2b\n|-resisted|p2a: Rotom|1\n|-damage|p2a: Rotom|35/100\n|-damage|p2b: Kingambit|30/100\n|\n|upkeep\n|turn|4\n|\n|t:|1776319043\n|move|p2b: Kingambit|Kowtow Cleave|p1b: Sinistcha\n|-supereffective|p1b: Sinistcha|1\n|-damage|p1b: Sinistcha|0 fnt\n|faint|p1b: Sinistcha\n|move|p1a: Blastoise|Water Spout|p2a: Rotom|[spread] p2a,p2b\n|-resisted|p2a: Rotom|1\n|-damage|p2a: Rotom|0 fnt\n|-damage|p2b: Kingambit|0 fnt\n|faint|p2a: Rotom\n|faint|p2b: Kingambit\n|\n|upkeep\n|inactive|Battle timer is ON: inactive players will automatically lose when time's up. (requested by ChampionsmatchVGC)\n|\n|t:|1776319058\n|switch|p2b: Delphox|Delphox-Mega, L50, M|100/100\n|switch|p1b: Incineroar|Incineroar, L50, F|100/100\n|switch|p2a: Basculegion|Basculegion, L50, M|100/100\n|-ability|p1b: Incineroar|Intimidate|boost\n|-unboost|p2a: Basculegion|atk|1\n|-unboost|p2b: Delphox|atk|1\n|turn|5\n|\n|t:|1776319065\n|move|p2a: Basculegion|Protect|p2a: Basculegion\n|-singleturn|p2a: Basculegion|Protect\n|move|p2b: Delphox|Protect|p2b: Delphox\n|-singleturn|p2b: Delphox|Protect\n|move|p1b: Incineroar|Throat Chop|p2a: Basculegion\n|-activate|p2a: Basculegion|move: Protect\n|move|p1a: Blastoise|Shell Smash|p1a: Blastoise\n|-unboost|p1a: Blastoise|def|1\n|-unboost|p1a: Blastoise|spd|1\n|-boost|p1a: Blastoise|atk|2\n|-boost|p1a: Blastoise|spa|2\n|-boost|p1a: Blastoise|spe|2\n|\n|-fieldend|move: Trick Room\n|upkeep\n|turn|6\n|\n|t:|1776319080\n|move|p1a: Blastoise|Water Spout|p2a: Basculegion|[spread] p2a,p2b\n|-resisted|p2a: Basculegion|1\n|-supereffective|p2b: Delphox|1\n|-damage|p2a: Basculegion|25/100\n|-damage|p2b: Delphox|0 fnt\n|faint|p2b: Delphox\n|move|p2a: Basculegion|Liquidation|p1b: Incineroar\n|-supereffective|p1b: Incineroar|1\n|-damage|p1b: Incineroar|43/100\n|move|p1b: Incineroar|Throat Chop|p2a: Basculegion\n|-supereffective|p2a: Basculegion|1\n|-damage|p2a: Basculegion|0 fnt\n|faint|p2a: Basculegion\n|\n|win|fly the coop\n|raw|fly the coop's rating: 1433 &rarr; <strong>1458</strong><br />(+25 for winning)\n|raw|ChampionsmatchVGC's rating: 1529 &rarr; <strong>1504</strong><br />(-25 for losing)\n|l|\u2606ChampionsmatchVGC\n|player|p2|\n",
  "uploadtime": 1776319084,
  "views": 54,
  "formatid": "gen9championsvgc2026regma",
  "rating": 1458,
  "private": 0,
  "password": null
}