{
  "id": "gen9championsvgc2026regma-2587508155",
  "format": "[Gen 9 Champions] VGC 2026 Reg M-A",
  "players": [
    "Pekokik",
    "Luis779"
  ],
  "log": "|j|\u2606Pekokik\n|j|\u2606Luis779\n|t:|1776537782\n|gametype|doubles\n|player|p1|Pekokik|scientist-gen4|1103\n|player|p2|Luis779|1|1057\n|gen|9\n|tier|[Gen 9 Champions] VGC 2026 Reg M-A\n|rated|\n|rule|Species Clause: Limit one of each Pok\u00e9mon\n|rule|Item Clause: Limit 1 of each item\n|clearpoke\n|poke|p1|Blastoise, L50, F|\n|poke|p1|Talonflame, L50, F|\n|poke|p1|Sneasler, L50, F|\n|poke|p1|Garchomp, L50, F|\n|poke|p1|Sinistcha, L50|\n|poke|p1|Vanilluxe, L50, M|\n|poke|p2|Crabominable, L50, M, shiny|\n|poke|p2|Slowking-Galar, L50, F, shiny|\n|poke|p2|Incineroar, L50, M|\n|poke|p2|Skarmory, L50, F, shiny|\n|poke|p2|Archaludon, L50, M, shiny|\n|poke|p2|Basculegion, L50, M|\n|teampreview|4\n|\n|t:|1776537841\n|teamsize|p1|4\n|teamsize|p2|4\n|start\n|switch|p1a: Sinistcha|Sinistcha, L50|100/100\n|switch|p1b: Sneasler|Sneasler, L50, F|100/100\n|switch|p2a: Incineroar|Incineroar, L50, M|100/100\n|switch|p2b: Archaludon|Archaludon, L50, M, shiny|100/100\n|-ability|p2a: Incineroar|Intimidate|boost\n|-unboost|p1a: Sinistcha|atk|1\n|-unboost|p1b: Sneasler|atk|1\n|turn|1\n|\n|t:|1776537871\n|move|p1b: Sneasler|Fake Out|p2b: Archaludon\n|-resisted|p2b: Archaludon|1\n|-damage|p2b: Archaludon|97/100\n|-ability|p2b: Archaludon|Stamina|boost\n|-boost|p2b: Archaludon|def|1\n|cant|p2b: Archaludon|flinch\n|move|p2a: Incineroar|Parting Shot|p1b: Sneasler\n|-unboost|p1b: Sneasler|atk|1\n|-unboost|p1b: Sneasler|spa|1\n|\n|t:|1776537883\n|switch|p2a: Slowking|Slowking-Galar, L50, F, shiny|100/100|[from] Parting Shot\n|move|p1a: Sinistcha|Trick Room|p1a: Sinistcha\n|-fieldstart|move: Trick Room|[of] p1a: Sinistcha\n|\n|upkeep\n|turn|2\n|\n|t:|1776537944\n|move|p1b: Sneasler|Protect|p1b: Sneasler\n|-singleturn|p1b: Sneasler|Protect\n|-prepare|p2a: Slowking|Chilly Reception|[premajor]\n|move|p2a: Slowking|Chilly Reception|p2a: Slowking\n|-weather|Snowscape\n|\n|t:|1776537952\n|switch|p2a: Crabominable|Crabominable, L50, M, shiny|100/100|[from] Chilly Reception\n|move|p1a: Sinistcha|Phantom Force||[still]\n|-prepare|p1a: Sinistcha|Phantom Force\n|move|p2b: Archaludon|Draco Meteor|p1b: Sneasler\n|-activate|p1b: Sneasler|move: Protect\n|\n|-weather|Snowscape|[upkeep]\n|upkeep\n|turn|3\n|\n|t:|1776538000\n|switch|p1b: Vanilluxe|Vanilluxe, L50, M|100/100\n|detailschange|p2a: Crabominable|Crabominable-Mega, L50, M, shiny\n|-mega|p2a: Crabominable|Crabominable|Crabominite\n|move|p2a: Crabominable|Ice Hammer|p1b: Vanilluxe\n|-resisted|p1b: Vanilluxe|1\n|-damage|p1b: Vanilluxe|66/100\n|-unboost|p2a: Crabominable|spe|1\n|move|p1a: Sinistcha|Phantom Force|p2a: Crabominable|[from] lockedmove\n|-damage|p2a: Crabominable|91/100\n|move|p2b: Archaludon|Snarl|p1a: Sinistcha|[spread] p1a,p1b\n|-supereffective|p1a: Sinistcha|1\n|-damage|p1a: Sinistcha|68/100\n|-damage|p1b: Vanilluxe|48/100\n|-unboost|p1a: Sinistcha|spa|1\n|-unboost|p1b: Vanilluxe|spa|1\n|\n|-weather|Snowscape|[upkeep]\n|-heal|p1a: Sinistcha|74/100|[from] item: Leftovers\n|upkeep\n|turn|4\n|\n|t:|1776538057\n|move|p2a: Crabominable|Ice Hammer|p1a: Sinistcha\n|-supereffective|p1a: Sinistcha|1\n|-damage|p1a: Sinistcha|0 fnt\n|-unboost|p2a: Crabominable|spe|1\n|faint|p1a: Sinistcha\n|move|p2b: Archaludon|Snarl|p1b: Vanilluxe\n|-damage|p1b: Vanilluxe|22/100\n|-unboost|p1b: Vanilluxe|spa|1\n|move|p1b: Vanilluxe|Blizzard|p2b: Archaludon|[spread] p2a,p2b\n|-resisted|p2a: Crabominable|1\n|-damage|p2a: Crabominable|83/100\n|-damage|p2b: Archaludon|75/100\n|-ability|p2b: Archaludon|Stamina|boost\n|-boost|p2b: Archaludon|def|1\n|\n|-weather|Snowscape|[upkeep]\n|upkeep\n|\n|t:|1776538081\n|switch|p1a: Sneasler|Sneasler, L50, F|100/100\n|turn|5\n|\n|t:|1776538095\n|switch|p2b: Slowking|Slowking-Galar, L50, F, shiny|100/100\n|move|p2a: Crabominable|Protect|p2a: Crabominable\n|-singleturn|p2a: Crabominable|Protect\n|move|p1a: Sneasler|Fake Out|p2a: Crabominable\n|-activate|p2a: Crabominable|move: Protect\n|move|p1b: Vanilluxe|Blizzard|p2a: Crabominable|[spread] p2b\n|-activate|p2a: Crabominable|move: Protect\n|-damage|p2b: Slowking|88/100\n|\n|-weather|Snowscape|[upkeep]\n|-fieldend|move: Trick Room\n|upkeep\n|turn|6\n|\n|t:|1776538130\n|switch|p1a: Garchomp|Garchomp, L50, F|100/100\n|switch|p2a: Incineroar|Incineroar, L50, M|100/100\n|-ability|p2a: Incineroar|Intimidate|boost\n|-unboost|p1a: Garchomp|atk|1\n|-unboost|p1b: Vanilluxe|atk|1\n|move|p1b: Vanilluxe|Blizzard|p2b: Slowking|[spread] p2a,p2b\n|-resisted|p2a: Incineroar|1\n|-crit|p2a: Incineroar\n|-damage|p2a: Incineroar|80/100\n|-damage|p2b: Slowking|76/100\n|move|p2b: Slowking|Trick Room|p2b: Slowking\n|-fieldstart|move: Trick Room|[of] p2b: Slowking\n|\n|-weather|none\n|upkeep\n|turn|7\n|\n|t:|1776538164\n|move|p2a: Incineroar|Fake Out|p1a: Garchomp\n|-damage|p1a: Garchomp|91/100\n|-damage|p2a: Incineroar|67/100|[from] ability: Rough Skin|[of] p1a: Garchomp\n|move|p2b: Slowking|Psychic|p1b: Vanilluxe\n|-damage|p1b: Vanilluxe|0 fnt\n|faint|p1b: Vanilluxe\n|cant|p1a: Garchomp|flinch\n|\n|upkeep\n|\n|t:|1776538172\n|switch|p1b: Sneasler|Sneasler, L50, F|100/100\n|turn|8\n|\n|t:|1776538184\n|move|p1b: Sneasler|Fake Out|p2b: Slowking\n|-damage|p2b: Slowking|61/100\n|-prepare|p2b: Slowking|Chilly Reception|[premajor]\n|cant|p2b: Slowking|flinch\n|move|p2a: Incineroar|Parting Shot|p1b: Sneasler\n|-unboost|p1b: Sneasler|atk|1\n|-unboost|p1b: Sneasler|spa|1\n|\n|t:|1776538192\n|switch|p2a: Crabominable|Crabominable-Mega, L50, M, shiny|83/100|[from] Parting Shot\n|move|p1a: Garchomp|Rock Slide|p2b: Slowking|[spread] p2a,p2b\n|-damage|p2a: Crabominable|74/100\n|-damage|p2b: Slowking|48/100\n|\n|upkeep\n|turn|9\n|\n|t:|1776538217\n|move|p1a: Garchomp|Protect|p1a: Garchomp\n|-singleturn|p1a: Garchomp|Protect\n|-prepare|p2b: Slowking|Chilly Reception|[premajor]\n|move|p2b: Slowking|Chilly Reception|p2b: Slowking\n|-weather|Snowscape\n|\n|t:|1776538222\n|switch|p2b: Incineroar|Incineroar, L50, M|67/100|[from] Chilly Reception\n|-ability|p2b: Incineroar|Intimidate|boost\n|-unboost|p1a: Garchomp|atk|1\n|-unboost|p1b: Sneasler|atk|1\n|move|p2a: Crabominable|Ice Hammer|p1a: Garchomp\n|-activate|p1a: Garchomp|move: Protect\n|move|p1b: Sneasler|Close Combat|p2a: Crabominable\n|-supereffective|p2a: Crabominable|1\n|-damage|p2a: Crabominable|40/100\n|-unboost|p1b: Sneasler|def|1\n|-unboost|p1b: Sneasler|spd|1\n|\n|-weather|Snowscape|[upkeep]\n|upkeep\n|turn|10\n|\n|t:|1776538262\n|move|p2b: Incineroar|Fake Out|p1b: Sneasler\n|-damage|p1b: Sneasler|76/100\n|move|p2a: Crabominable|Ice Hammer|p1a: Garchomp\n|-supereffective|p1a: Garchomp|2\n|-damage|p1a: Garchomp|0 fnt\n|-unboost|p2a: Crabominable|spe|1\n|-damage|p2a: Crabominable|28/100|[from] ability: Rough Skin|[of] p1a: Garchomp\n|faint|p1a: Garchomp\n|cant|p1b: Sneasler|flinch\n|\n|-weather|Snowscape|[upkeep]\n|-fieldend|move: Trick Room\n|upkeep\n|turn|11\n|\n|t:|1776538284\n|switch|p2b: Slowking|Slowking-Galar, L50, F, shiny|81/100\n|move|p2a: Crabominable|Protect|p2a: Crabominable\n|-singleturn|p2a: Crabominable|Protect\n|move|p1b: Sneasler|Close Combat|p2a: Crabominable\n|-activate|p2a: Crabominable|move: Protect\n|\n|-weather|Snowscape|[upkeep]\n|upkeep\n|turn|12\n|\n|t:|1776538298\n|switch|p2a: Incineroar|Incineroar, L50, M|67/100\n|-ability|p2a: Incineroar|Intimidate|boost\n|-unboost|p1b: Sneasler|atk|1\n|move|p1b: Sneasler|Close Combat|p2a: Incineroar\n|-supereffective|p2a: Incineroar|1\n|-damage|p2a: Incineroar|29/100\n|-unboost|p1b: Sneasler|def|1\n|-unboost|p1b: Sneasler|spd|1\n|-enditem|p2a: Incineroar|Sitrus Berry|[eat]\n|-heal|p2a: Incineroar|53/100|[from] item: Sitrus Berry\n|move|p2b: Slowking|Trick Room|p2b: Slowking\n|-fieldstart|move: Trick Room|[of] p2b: Slowking\n|\n|-weather|Snowscape|[upkeep]\n|upkeep\n|turn|13\n|\n|t:|1776538314\n|move|p2b: Slowking|Psychic|p1b: Sneasler\n|-supereffective|p1b: Sneasler|2\n|-damage|p1b: Sneasler|0 fnt\n|faint|p1b: Sneasler\n|\n|win|Luis779\n|raw|Pekokik's rating: 1103 &rarr; <strong>1075</strong><br />(-28 for losing)\n|raw|Luis779's rating: 1057 &rarr; <strong>1093</strong><br />(+36 for winning)\n|l|\u2606Pekokik\n|player|p1|\n",
  "uploadtime": 1776538322,
  "views": 19,
  "formatid": "gen9championsvgc2026regma",
  "rating": 1075,
  "private": 0,
  "password": null
}