{
  "id": "gen9championsvgc2026regma-2586976902",
  "format": "[Gen 9 Champions] VGC 2026 Reg M-A",
  "players": [
    "FreakinJoel",
    "Turnip Templar"
  ],
  "log": "|j|\u2606FreakinJoel\n|j|\u2606Turnip Templar\n|t:|1776477506\n|gametype|doubles\n|player|p1|FreakinJoel|1|1266\n|player|p2|Turnip Templar|266|1321\n|gen|9\n|tier|[Gen 9 Champions] VGC 2026 Reg M-A\n|rated|\n|rule|Species Clause: Limit one of each Pok\u00e9mon\n|rule|Item Clause: Limit 1 of each item\n|clearpoke\n|poke|p1|Gengar, L50, F|\n|poke|p1|Whimsicott, L50, F|\n|poke|p1|Incineroar, L50, F|\n|poke|p1|Primarina, L50, M|\n|poke|p1|Kommo-o, L50, M|\n|poke|p1|Weavile, L50, F|\n|poke|p2|Sableye, L50, F|\n|poke|p2|Floette-Eternal, L50, F|\n|poke|p2|Lycanroc-Dusk, L50, F|\n|poke|p2|Sneasler, L50, F|\n|poke|p2|Rotom-Heat, L50|\n|poke|p2|Sinistcha, L50|\n|teampreview|4\n|\n|t:|1776477538\n|teamsize|p1|4\n|teamsize|p2|4\n|start\n|switch|p1a: Gengar|Gengar, L50, F|100/100\n|switch|p1b: Weavile|Weavile, L50, F|100/100\n|switch|p2a: Sableye|Sableye, L50, F|100/100\n|switch|p2b: Floette|Floette-Eternal, L50, F|100/100\n|-ability|p1b: Weavile|Pressure\n|turn|1\n|\n|t:|1776477565\n|detailschange|p1a: Gengar|Gengar-Mega, L50, F\n|-mega|p1a: Gengar|Gengar|Gengarite\n|detailschange|p2b: Floette|Floette-Mega, L50, F\n|-mega|p2b: Floette|Floette|Floettite\n|-ability|p2b: Floette|Fairy Aura\n|move|p2b: Floette|Protect|p2b: Floette\n|-singleturn|p2b: Floette|Protect\n|move|p1b: Weavile|Fake Out|p2b: Floette\n|-activate|p2b: Floette|move: Protect\n|move|p2a: Sableye|Thunder Wave|p1a: Gengar\n|-status|p1a: Gengar|par\n|cant|p1a: Gengar|par\n|\n|upkeep\n|turn|2\n|\n|t:|1776477590\n|move|p2a: Sableye|Helping Hand|p2b: Floette\n|-singleturn|p2b: Floette|Helping Hand|[of] p2a: Sableye\n|move|p1b: Weavile|Triple Axel|p2b: Floette\n|-crit|p2b: Floette\n|-damage|p2b: Floette|77/100\n|-damage|p2b: Floette|47/100\n|-damage|p2b: Floette|7/100\n|-hitcount|p2b: Floette|3\n|move|p2b: Floette|Dazzling Gleam|p1a: Gengar|[spread] p1a,p1b\n|-resisted|p1a: Gengar|1\n|-supereffective|p1b: Weavile|1\n|-damage|p1a: Gengar|46/100 par\n|-damage|p1b: Weavile|0 fnt\n|faint|p1b: Weavile\n|move|p1a: Gengar|Sludge Bomb|p2b: Floette\n|-supereffective|p2b: Floette|1\n|-damage|p2b: Floette|0 fnt\n|faint|p2b: Floette\n|\n|upkeep\n|\n|t:|1776477607\n|switch|p1b: Incineroar|Incineroar, L50, F|100/100\n|switch|p2b: Lycanroc|Lycanroc-Dusk, L50, F|100/100\n|-ability|p1b: Incineroar|Intimidate|boost\n|-unboost|p2a: Sableye|atk|1\n|-unboost|p2b: Lycanroc|atk|1\n|turn|3\n|\n|t:|1776477636\n|move|p1b: Incineroar|Fake Out|p2b: Lycanroc\n|-resisted|p2b: Lycanroc|1\n|-damage|p2b: Lycanroc|91/100\n|move|p2a: Sableye|Disable|p1a: Gengar\n|-start|p1a: Gengar|Disable|Sludge Bomb\n|cant|p2b: Lycanroc|flinch\n|move|p1a: Gengar|Shadow Ball|p2a: Sableye\n|-damage|p2a: Sableye|31/100\n|-unboost|p2a: Sableye|spd|1\n|\n|upkeep\n|turn|4\n|\n|t:|1776477690\n|move|p2a: Sableye|Thunder Wave|p1b: Incineroar\n|-hint|Since gen 7, Dark is immune to Prankster moves.\n|-immune|p1b: Incineroar\n|move|p2b: Lycanroc|Crunch|p1a: Gengar\n|-supereffective|p1a: Gengar|1\n|-damage|p1a: Gengar|0 fnt\n|faint|p1a: Gengar\n|move|p1b: Incineroar|Parting Shot|p2b: Lycanroc\n|-unboost|p2b: Lycanroc|atk|1\n|-unboost|p2b: Lycanroc|spa|1\n|\n|t:|1776477699\n|switch|p1b: Primarina|Primarina, L50, M|100/100|[from] Parting Shot\n|\n|upkeep\n|\n|t:|1776477700\n|switch|p1a: Incineroar|Incineroar, L50, F|100/100\n|-ability|p1a: Incineroar|Intimidate|boost\n|-unboost|p2a: Sableye|atk|1\n|-unboost|p2b: Lycanroc|atk|1\n|turn|5\n|\n|t:|1776477720\n|move|p1a: Incineroar|Fake Out|p2b: Lycanroc\n|-resisted|p2b: Lycanroc|1\n|-damage|p2b: Lycanroc|83/100\n|move|p2a: Sableye|Thunder Wave|p1b: Primarina\n|-status|p1b: Primarina|par\n|cant|p2b: Lycanroc|flinch\n|move|p1b: Primarina|Hyper Voice|p2a: Sableye|[spread] p2a,p2b\n|-supereffective|p2b: Lycanroc|1\n|-damage|p2a: Sableye|0 fnt\n|-damage|p2b: Lycanroc|0 fnt\n|faint|p2a: Sableye\n|faint|p2b: Lycanroc\n|\n|upkeep\n|\n|t:|1776477730\n|switch|p2b: Sneasler|Sneasler, L50, F|100/100\n|turn|6\n|\n|t:|1776477739\n|move|p2b: Sneasler|Dire Claw|p1b: Primarina\n|-supereffective|p1b: Primarina|1\n|-damage|p1b: Primarina|0 fnt\n|faint|p1b: Primarina\n|move|p1a: Incineroar|Flare Blitz|p2b: Sneasler\n|-damage|p2b: Sneasler|15/100\n|-damage|p1a: Incineroar|78/100|[from] Recoil\n|\n|upkeep\n|turn|7\n|\n|t:|1776477749\n|move|p2b: Sneasler|Close Combat|p1a: Incineroar\n|-supereffective|p1a: Incineroar|1\n|-crit|p1a: Incineroar\n|-damage|p1a: Incineroar|0 fnt\n|-unboost|p2b: Sneasler|def|1\n|-unboost|p2b: Sneasler|spd|1\n|faint|p1a: Incineroar\n|\n|win|Turnip Templar\n|raw|FreakinJoel's rating: 1266 &rarr; <strong>1245</strong><br />(-21 for losing)\n|raw|Turnip Templar's rating: 1321 &rarr; <strong>1338</strong><br />(+17 for winning)\n|c|\u2606Turnip Templar|gg\n",
  "uploadtime": 1776477752,
  "views": 24,
  "formatid": "gen9championsvgc2026regma",
  "rating": 1245,
  "private": 0,
  "password": null
}