{
  "id": "gen9championsvgc2026regma-2585390200",
  "format": "[Gen 9 Champions] VGC 2026 Reg M-A",
  "players": [
    "mynameisshazam",
    "MvillMpersonality"
  ],
  "log": "|j|\u2606mynameisshazam\n|j|\u2606MvillMpersonality\n|t:|1776343726\n|gametype|doubles\n|player|p1|mynameisshazam|169|1024\n|player|p2|MvillMpersonality|pokemaniac|1093\n|gen|9\n|tier|[Gen 9 Champions] VGC 2026 Reg M-A\n|rated|\n|rule|Species Clause: Limit one of each Pok\u00e9mon\n|rule|Item Clause: Limit 1 of each item\n|clearpoke\n|poke|p1|Raichu, L50, F|\n|poke|p1|Basculegion, L50, M|\n|poke|p1|Pelipper, L50, M|\n|poke|p1|Sinistcha, L50|\n|poke|p1|Archaludon, L50, F|\n|poke|p1|Weavile, L50, F|\n|poke|p2|Scovillain, L50, F|\n|poke|p2|Sinistcha, L50|\n|poke|p2|Hatterene, L50, F|\n|poke|p2|Kingambit, L50, M|\n|poke|p2|Rhyperior, L50, F|\n|poke|p2|Tyranitar, L50, M|\n|teampreview|4\n|\n|t:|1776343799\n|teamsize|p1|4\n|teamsize|p2|4\n|start\n|switch|p1a: Weavile|Weavile, L50, F|100/100\n|switch|p1b: Basculegion|Basculegion, L50, M|100/100\n|switch|p2a: Scovillain|Scovillain, L50, F|100/100\n|switch|p2b: Rhyperior|Rhyperior, L50, F|100/100\n|-ability|p1a: Weavile|Pressure\n|turn|1\n|\n|t:|1776343820\n|switch|p1a: Pelipper|Pelipper, L50, M|100/100\n|-weather|RainDance|[from] ability: Drizzle|[of] p1a: Pelipper\n|detailschange|p2a: Scovillain|Scovillain-Mega, L50, F\n|-mega|p2a: Scovillain|Scovillain|Scovillainite\n|move|p2b: Rhyperior|Protect|p2b: Rhyperior\n|-singleturn|p2b: Rhyperior|Protect\n|move|p1b: Basculegion|Flip Turn|p2b: Rhyperior\n|-activate|p2b: Rhyperior|move: Protect\n|move|p2a: Scovillain|Leaf Storm|p1b: Basculegion\n|-supereffective|p1b: Basculegion|1\n|-damage|p1b: Basculegion|0 fnt\n|-unboost|p2a: Scovillain|spa|2\n|faint|p1b: Basculegion\n|\n|-weather|RainDance|[upkeep]\n|upkeep\n|\n|t:|1776343834\n|switch|p1b: Archaludon|Archaludon, L50, F|100/100\n|turn|2\n|\n|t:|1776343854\n|move|p2a: Scovillain|Rage Powder|p2a: Scovillain\n|-singleturn|p2a: Scovillain|move: Rage Powder\n|move|p1a: Pelipper|Hydro Pump|p2a: Scovillain\n|-damage|p2a: Scovillain|37/100\n|-status|p1a: Pelipper|brn|[from] ability: Spicy Spray|[of] p2a: Scovillain\n|move|p1b: Archaludon|Electro Shot||[still]\n|-prepare|p1b: Archaludon|Electro Shot\n|-boost|p1b: Archaludon|spa|1\n|-anim|p1b: Archaludon|Electro Shot|p2a: Scovillain\n|-resisted|p2a: Scovillain|1\n|-damage|p2a: Scovillain|5/100\n|-status|p1b: Archaludon|brn|[from] ability: Spicy Spray|[of] p2a: Scovillain\n|move|p2b: Rhyperior|Rock Slide|p1a: Pelipper|[spread] p1a,p1b\n|-supereffective|p1a: Pelipper|1\n|-resisted|p1b: Archaludon|1\n|-damage|p1a: Pelipper|17/100 brn\n|-damage|p1b: Archaludon|84/100 brn\n|-ability|p1b: Archaludon|Stamina|boost\n|-boost|p1b: Archaludon|def|1\n|\n|-weather|RainDance|[upkeep]\n|-heal|p1b: Archaludon|90/100 brn|[from] item: Leftovers\n|-damage|p1a: Pelipper|11/100 brn|[from] brn\n|-damage|p1b: Archaludon|84/100 brn|[from] brn\n|upkeep\n|turn|3\n|\n|t:|1776343887\n|switch|p2a: Tyranitar|Tyranitar, L50, M|100/100\n|-weather|Sandstorm|[from] ability: Sand Stream|[of] p2a: Tyranitar\n|move|p1a: Pelipper|Protect|p1a: Pelipper\n|-singleturn|p1a: Pelipper|Protect\n|move|p2b: Rhyperior|Protect|p2b: Rhyperior\n|-singleturn|p2b: Rhyperior|Protect\n|move|p1b: Archaludon|Electro Shot||[still]\n|-prepare|p1b: Archaludon|Electro Shot\n|-boost|p1b: Archaludon|spa|1\n|\n|-weather|Sandstorm|[upkeep]\n|-damage|p1a: Pelipper|5/100 brn|[from] Sandstorm\n|-heal|p1b: Archaludon|90/100 brn|[from] item: Leftovers\n|-damage|p1a: Pelipper|0 fnt|[from] brn\n|faint|p1a: Pelipper\n|-damage|p1b: Archaludon|84/100 brn|[from] brn\n|upkeep\n|\n|t:|1776343890\n|switch|p1a: Weavile|Weavile, L50, F|100/100\n|-ability|p1a: Weavile|Pressure\n|turn|4\n|inactive|Battle timer is ON: inactive players will automatically lose when time's up. (requested by mynameisshazam)\n|\n|t:|1776343948\n|move|p1a: Weavile|Rain Dance|p1a: Weavile\n|-weather|RainDance\n|move|p1b: Archaludon|Electro Shot|p2a: Tyranitar|[from] lockedmove\n|-damage|p2a: Tyranitar|22/100\n|move|p2a: Tyranitar|Brick Break|p1a: Weavile\n|-supereffective|p1a: Weavile|2\n|-damage|p1a: Weavile|0 fnt\n|faint|p1a: Weavile\n|move|p2b: Rhyperior|High Horsepower|p1b: Archaludon\n|-supereffective|p1b: Archaludon|1\n|-damage|p1b: Archaludon|19/100 brn\n|-ability|p1b: Archaludon|Stamina|boost\n|-boost|p1b: Archaludon|def|1\n|\n|-weather|RainDance|[upkeep]\n|-heal|p1b: Archaludon|25/100 brn|[from] item: Leftovers\n|-damage|p1b: Archaludon|19/100 brn|[from] brn\n|upkeep\n|turn|5\n|-message|mynameisshazam forfeited.\n|\n|win|MvillMpersonality\n|raw|mynameisshazam's rating: 1024 &rarr; <strong>1013</strong><br />(-11 for losing)\n|raw|MvillMpersonality's rating: 1093 &rarr; <strong>1114</strong><br />(+21 for winning)\n|l|\u2606mynameisshazam\n|player|p1|\n",
  "uploadtime": 1776343970,
  "views": 22,
  "formatid": "gen9championsvgc2026regma",
  "rating": 1013,
  "private": 0,
  "password": null
}