{
  "id": "gen9championsvgc2026regma-2584767791",
  "format": "[Gen 9 Champions] VGC 2026 Reg M-A",
  "players": [
    "Ongalabong",
    "skywalkingchris"
  ],
  "log": "|j|\u2606Ongalabong\n|j|\u2606skywalkingchris\n|t:|1776282258\n|gametype|doubles\n|player|p1|Ongalabong|benga|1191\n|player|p2|skywalkingchris|2|1115\n|gen|9\n|tier|[Gen 9 Champions] VGC 2026 Reg M-A\n|rated|\n|rule|Species Clause: Limit one of each Pok\u00e9mon\n|rule|Item Clause: Limit 1 of each item\n|clearpoke\n|poke|p1|Farigiraf, L50, M|\n|poke|p1|Orthworm, L50, M|\n|poke|p1|Garchomp, L50, M|\n|poke|p1|Clefable, L50, M|\n|poke|p1|Tyranitar, L50, M|\n|poke|p1|Aerodactyl, L50, F|\n|poke|p2|Venusaur, L50, M|\n|poke|p2|Sableye, L50, M|\n|poke|p2|Maushold-Four, L50|\n|poke|p2|Pelipper, L50, F|\n|poke|p2|Typhlosion, L50, F|\n|poke|p2|Glimmora, L50, F|\n|teampreview|4\n|inactive|Battle timer is ON: inactive players will automatically lose when time's up. (requested by Ongalabong)\n|\n|t:|1776282301\n|teamsize|p1|4\n|teamsize|p2|4\n|start\n|switch|p1a: Garchomp|Garchomp, L50, M|100/100\n|switch|p1b: Clefable|Clefable, L50, M|100/100\n|switch|p2a: Sableye|Sableye, L50, M|100/100\n|switch|p2b: Pelipper|Pelipper, L50, F|100/100\n|-weather|RainDance|[from] ability: Drizzle|[of] p2b: Pelipper\n|turn|1\n|inactive|skywalkingchris has 30 seconds left.\n|\n|t:|1776282336\n|detailschange|p1b: Clefable|Clefable-Mega, L50, M\n|-mega|p1b: Clefable|Clefable|Clefablite\n|move|p2a: Sableye|Reflect|p2a: Sableye\n|-sidestart|p2: skywalkingchris|Reflect\n|move|p1a: Garchomp|Earthquake|p2a: Sableye|[spread] p2a\n|-immune|p1b: Clefable\n|-immune|p2b: Pelipper\n|-damage|p2a: Sableye|63/100\n|move|p2b: Pelipper|Muddy Water|p1a: Garchomp|[spread] p1a,p1b\n|-damage|p1a: Garchomp|62/100\n|-damage|p1b: Clefable|69/100\n|-unboost|p1a: Garchomp|accuracy|1\n|-unboost|p1b: Clefable|accuracy|1\n|move|p1b: Clefable|Dazzling Gleam|p2b: Pelipper|[spread] p2a,p2b\n|-supereffective|p2a: Sableye|1\n|-damage|p2a: Sableye|0 fnt\n|-damage|p2b: Pelipper|55/100\n|faint|p2a: Sableye\n|\n|-weather|RainDance|[upkeep]\n|-heal|p2b: Pelipper|61/100|[from] item: Leftovers\n|upkeep\n|\n|t:|1776282353\n|switch|p2a: Glimmora|Glimmora, L50, F|100/100\n|turn|2\n|\n|t:|1776282366\n|detailschange|p2a: Glimmora|Glimmora-Mega, L50, F\n|-mega|p2a: Glimmora|Glimmora|Glimmoranite\n|move|p2b: Pelipper|Wide Guard|p2b: Pelipper\n|-singleturn|p2b: Pelipper|Wide Guard\n|move|p1a: Garchomp|Earthquake|p2a: Glimmora|[spread] \n|-activate|p2a: Glimmora|move: Wide Guard\n|-activate|p2b: Pelipper|move: Wide Guard\n|-immune|p1b: Clefable\n|move|p2a: Glimmora|Power Gem|p1b: Clefable\n|-supereffective|p1b: Clefable|1\n|-damage|p1b: Clefable|0 fnt\n|faint|p1b: Clefable\n|\n|-weather|RainDance|[upkeep]\n|-heal|p2b: Pelipper|67/100|[from] item: Leftovers\n|upkeep\n|\n|t:|1776282372\n|switch|p1b: Orthworm|Orthworm, L50, M|100/100\n|turn|3\n|inactive|skywalkingchris has 30 seconds left.\n|inactive|skywalkingchris has 20 seconds left.\n|\n|t:|1776282408\n|switch|p1a: Farigiraf|Farigiraf, L50, M|100/100\n|move|p2a: Glimmora|Sludge Bomb|p1a: Farigiraf\n|-damage|p1a: Farigiraf|47/100\n|-status|p1a: Farigiraf|psn\n|move|p2b: Pelipper|Muddy Water|p1b: Orthworm|[spread] p1a,p1b\n|-damage|p1a: Farigiraf|16/100 psn\n|-damage|p1b: Orthworm|41/100\n|-unboost|p1b: Orthworm|accuracy|1\n|-enditem|p1b: Orthworm|Sitrus Berry|[eat]\n|-heal|p1b: Orthworm|65/100|[from] item: Sitrus Berry\n|move|p1b: Orthworm|Shed Tail|p1b: Orthworm\n|-start|p1b: Orthworm|Substitute|[from] move: Shed Tail\n|-damage|p1b: Orthworm|15/100\n|\n|t:|1776282421\n|switch|p1b: Garchomp|Garchomp, L50, M|62/100|[from] Shed Tail\n|\n|-weather|RainDance|[upkeep]\n|-heal|p2b: Pelipper|73/100|[from] item: Leftovers\n|-damage|p1a: Farigiraf|4/100 psn|[from] psn\n|upkeep\n|turn|4\n|\n|t:|1776282442\n|switch|p2b: Venusaur|Venusaur, L50, M|100/100\n|move|p2a: Glimmora|Spiky Shield|p2a: Glimmora\n|-singleturn|p2a: Glimmora|move: Protect\n|move|p1b: Garchomp|Dragon Claw|p2a: Glimmora\n|-activate|p2a: Glimmora|move: Protect\n|-damage|p1b: Garchomp|49/100|[from] Spiky Shield|[of] p2a: Glimmora\n|move|p1a: Farigiraf|Psychic|p2a: Glimmora\n|-activate|p2a: Glimmora|move: Protect\n|\n|-weather|RainDance|[upkeep]\n|-damage|p1a: Farigiraf|0 fnt|[from] psn\n|faint|p1a: Farigiraf\n|upkeep\n|\n|t:|1776282466\n|switch|p1a: Orthworm|Orthworm, L50, M|15/100\n|turn|5\n|-message|Ongalabong forfeited.\n|\n|win|skywalkingchris\n|raw|Ongalabong's rating: 1191 &rarr; <strong>1161</strong><br />(-30 for losing)\n|raw|skywalkingchris's rating: 1115 &rarr; <strong>1145</strong><br />(+30 for winning)\n|l|\u2606Ongalabong\n|player|p1|\n",
  "uploadtime": 1776282488,
  "views": 31,
  "formatid": "gen9championsvgc2026regma",
  "rating": 1145,
  "private": 0,
  "password": null
}