{
  "id": "gen9championsvgc2026regma-2586089805",
  "format": "[Gen 9 Champions] VGC 2026 Reg M-A",
  "players": [
    "bobripper",
    "blazikenrox"
  ],
  "log": "|j|\u2606bobripper\n|j|\u2606blazikenrox\n|t:|1776397843\n|gametype|doubles\n|player|p1|bobripper|266|1100\n|player|p2|blazikenrox|lisia|1157\n|gen|9\n|tier|[Gen 9 Champions] VGC 2026 Reg M-A\n|rated|\n|rule|Species Clause: Limit one of each Pok\u00e9mon\n|rule|Item Clause: Limit 1 of each item\n|clearpoke\n|poke|p1|Alakazam, L50, M|\n|poke|p1|Garganacl, L50, F|\n|poke|p1|Incineroar, L50, F|\n|poke|p1|Milotic, L50, M|\n|poke|p1|Wyrdeer, L50, M|\n|poke|p1|Sinistcha, L50|\n|poke|p2|Floette-Eternal, L50, F|\n|poke|p2|Whimsicott, L50, F|\n|poke|p2|Sinistcha, L50|\n|poke|p2|Sneasler, L50, F|\n|poke|p2|Gyarados, L50, M|\n|poke|p2|Incineroar, L50, F|\n|teampreview|4\n|inactive|Battle timer is ON: inactive players will automatically lose when time's up. (requested by blazikenrox)\n|inactive|bobripper has 60 seconds left.\n|\n|t:|1776397876\n|teamsize|p1|4\n|teamsize|p2|4\n|start\n|switch|p1a: Milotic|Milotic, L50, M|100/100\n|switch|p1b: Wyrdeer|Wyrdeer, L50, M|100/100\n|switch|p2a: Whimsicott|Whimsicott, L50, F|100/100\n|switch|p2b: Floette|Floette-Eternal, L50, F|100/100\n|-ability|p1b: Wyrdeer|Intimidate|boost\n|-block|p2a: Whimsicott|ability: Flower Veil|[of] p2b: Floette\n|-unboost|p2b: Floette|atk|1\n|turn|1\n|\n|t:|1776397899\n|detailschange|p2b: Floette|Floette-Mega, L50, F\n|-mega|p2b: Floette|Floette|Floettite\n|-ability|p2b: Floette|Fairy Aura\n|move|p2a: Whimsicott|Tailwind|p2a: Whimsicott\n|-sidestart|p2: blazikenrox|move: Tailwind\n|move|p2b: Floette|Calm Mind|p2b: Floette\n|-boost|p2b: Floette|spa|1\n|-boost|p2b: Floette|spd|1\n|move|p1b: Wyrdeer|Skill Swap|p2a: Whimsicott\n|-activate|p1b: Wyrdeer|Skill Swap|Prankster|Intimidate|[of] p2a: Whimsicott\n|-ability|p2a: Whimsicott|Intimidate|boost\n|-unboost|p1a: Milotic|atk|1\n|-ability|p1a: Milotic|Competitive|boost\n|-boost|p1a: Milotic|spa|2\n|-unboost|p1b: Wyrdeer|atk|1\n|move|p1a: Milotic|Scald|p2b: Floette\n|-damage|p2b: Floette|61/100\n|\n|upkeep\n|turn|2\n|inactive|bobripper has 30 seconds left.\n|inactive|bobripper has 20 seconds left.\n|\n|t:|1776397935\n|move|p1b: Wyrdeer|Helping Hand|p1a: Milotic\n|-singleturn|p1a: Milotic|Helping Hand|[of] p1b: Wyrdeer\n|move|p2a: Whimsicott|Encore|p1b: Wyrdeer\n|-start|p1b: Wyrdeer|Encore\n|move|p2b: Floette|Moonblast|p1a: Milotic\n|-damage|p1a: Milotic|29/100\n|move|p1a: Milotic|Scald|p2b: Floette\n|-crit|p2b: Floette\n|-damage|p2b: Floette|0 fnt\n|faint|p2b: Floette\n|\n|-heal|p1a: Milotic|35/100|[from] item: Leftovers\n|upkeep\n|\n|t:|1776397943\n|switch|p2b: Sinistcha|Sinistcha, L50|100/100\n|turn|3\n|\n|t:|1776397961\n|switch|p1b: Garganacl|Garganacl, L50, F|100/100\n|move|p1a: Milotic|Protect|p1a: Milotic\n|-singleturn|p1a: Milotic|Protect\n|move|p2a: Whimsicott|Moonblast|p1b: Garganacl\n|-damage|p1b: Garganacl|67/100\n|-unboost|p1b: Garganacl|spa|1\n|move|p2b: Sinistcha|Matcha Gotcha|p1b: Garganacl|[spread] \n|-activate|p1a: Milotic|move: Protect\n|-miss|p2b: Sinistcha|p1b: Garganacl\n|\n|-heal|p1a: Milotic|41/100|[from] item: Leftovers\n|upkeep\n|turn|4\n|inactive|bobripper has 30 seconds left.\n|\n|t:|1776397991\n|switch|p1a: Alakazam|Alakazam, L50, M|100/100\n|move|p2a: Whimsicott|Encore||[still]\n|-fail|p2a: Whimsicott\n|move|p2b: Sinistcha|Matcha Gotcha|p1a: Alakazam|[spread] p1a\n|-miss|p2b: Sinistcha|p1b: Garganacl\n|-damage|p1a: Alakazam|63/100\n|-status|p1a: Alakazam|brn\n|move|p1b: Garganacl|Salt Cure|p2a: Whimsicott\n|-damage|p2a: Whimsicott|79/100\n|-start|p2a: Whimsicott|Salt Cure\n|\n|-damage|p1a: Alakazam|57/100 brn|[from] brn\n|-damage|p2a: Whimsicott|73/100|[from] Salt Cure\n|-sideend|p2: blazikenrox|move: Tailwind\n|upkeep\n|turn|5\n|inactive|bobripper has 30 seconds left.\n|\n|t:|1776398021\n|detailschange|p1a: Alakazam|Alakazam-Mega, L50, M\n|-mega|p1a: Alakazam|Alakazam|Alakazite\n|-ability|p1a: Alakazam|Intimidate|Trace|[from] ability: Trace|[of] p2a: Whimsicott\n|-ability|p1a: Alakazam|Intimidate|boost\n|-unboost|p2a: Whimsicott|atk|1\n|-unboost|p2b: Sinistcha|atk|1\n|move|p1a: Alakazam|Speed Swap|p1b: Garganacl\n|-activate|p1a: Alakazam|move: Speed Swap|[of] p1b: Garganacl\n|move|p1b: Garganacl|Salt Cure|p2b: Sinistcha\n|-damage|p2b: Sinistcha|89/100\n|-start|p2b: Sinistcha|Salt Cure\n|move|p2a: Whimsicott|Tailwind|p2a: Whimsicott\n|-sidestart|p2: blazikenrox|move: Tailwind\n|move|p2b: Sinistcha|Matcha Gotcha|p1b: Garganacl|[spread] p1a,p1b\n|-supereffective|p1b: Garganacl|1\n|-damage|p1a: Alakazam|23/100 brn\n|-heal|p2b: Sinistcha|100/100|[from] drain|[of] p1a: Alakazam\n|-damage|p1b: Garganacl|23/100\n|\n|-damage|p1a: Alakazam|17/100 brn|[from] brn\n|-damage|p2a: Whimsicott|67/100|[from] Salt Cure\n|-damage|p2b: Sinistcha|94/100|[from] Salt Cure\n|upkeep\n|turn|6\n|inactive|bobripper has 30 seconds left.\n|\n|t:|1776398048\n|switch|p1a: Milotic|Milotic, L50, M|41/100\n|move|p2a: Whimsicott|Protect|p2a: Whimsicott\n|-singleturn|p2a: Whimsicott|Protect\n|move|p1b: Garganacl|Wide Guard|p1b: Garganacl\n|-singleturn|p1b: Garganacl|Wide Guard\n|move|p2b: Sinistcha|Matcha Gotcha|p1a: Milotic|[spread] \n|-activate|p1a: Milotic|move: Wide Guard\n|-activate|p1b: Garganacl|move: Wide Guard\n|\n|-heal|p1a: Milotic|47/100|[from] item: Leftovers\n|-damage|p2a: Whimsicott|61/100|[from] Salt Cure\n|-damage|p2b: Sinistcha|88/100|[from] Salt Cure\n|upkeep\n|turn|7\n|\n|t:|1776398070\n|move|p1b: Garganacl|Protect|p1b: Garganacl\n|-singleturn|p1b: Garganacl|Protect\n|move|p2b: Sinistcha|Protect|p2b: Sinistcha\n|-singleturn|p2b: Sinistcha|Protect\n|move|p2a: Whimsicott|Moonblast|p1b: Garganacl\n|-activate|p1b: Garganacl|move: Protect\n|move|p1a: Milotic|Life Dew|p1a: Milotic|[spread] p1a,p1b\n|-heal|p1a: Milotic|72/100\n|-heal|p1b: Garganacl|48/100\n|\n|-heal|p1a: Milotic|78/100|[from] item: Leftovers\n|-damage|p2a: Whimsicott|55/100|[from] Salt Cure\n|-damage|p2b: Sinistcha|82/100|[from] Salt Cure\n|upkeep\n|turn|8\n|\n|t:|1776398091\n|move|p2a: Whimsicott|Moonblast|p1b: Garganacl\n|-damage|p1b: Garganacl|14/100\n|move|p1b: Garganacl|Body Press|p2a: Whimsicott\n|-resisted|p2a: Whimsicott|1\n|-damage|p2a: Whimsicott|30/100\n|move|p2b: Sinistcha|Matcha Gotcha|p1b: Garganacl|[spread] p1a,p1b\n|-supereffective|p1a: Milotic|1\n|-supereffective|p1b: Garganacl|1\n|-damage|p1a: Milotic|42/100\n|-heal|p2b: Sinistcha|100/100|[from] drain|[of] p1a: Milotic\n|-damage|p1b: Garganacl|0 fnt\n|faint|p1b: Garganacl\n|move|p1a: Milotic|Ice Beam|p2a: Whimsicott\n|-supereffective|p2a: Whimsicott|1\n|-damage|p2a: Whimsicott|0 fnt\n|faint|p2a: Whimsicott\n|\n|-heal|p1a: Milotic|48/100|[from] item: Leftovers\n|-damage|p2b: Sinistcha|94/100|[from] Salt Cure\n|-sideend|p2: blazikenrox|move: Tailwind\n|upkeep\n|\n|t:|1776398109\n|switch|p2a: Gyarados|Gyarados, L50, M|100/100\n|switch|p1b: Wyrdeer|Wyrdeer, L50, M|100/100\n|-ability|p2a: Gyarados|Intimidate|boost\n|-unboost|p1a: Milotic|atk|1\n|-ability|p1a: Milotic|Competitive|boost\n|-boost|p1a: Milotic|spa|2\n|-unboost|p1b: Wyrdeer|atk|1\n|-ability|p1b: Wyrdeer|Intimidate|boost\n|-unboost|p2a: Gyarados|atk|1\n|-unboost|p2b: Sinistcha|atk|1\n|turn|9\n|\n|t:|1776398128\n|move|p1a: Milotic|Protect|p1a: Milotic\n|-singleturn|p1a: Milotic|Protect\n|move|p2a: Gyarados|Crunch|p1a: Milotic\n|-activate|p1a: Milotic|move: Protect\n|move|p1b: Wyrdeer|Skill Swap|p2a: Gyarados\n|-activate|p1b: Wyrdeer|Skill Swap|Intimidate|Intimidate|[of] p2a: Gyarados\n|-ability|p2a: Gyarados|Intimidate|boost\n|-unboost|p1a: Milotic|atk|1\n|-ability|p1a: Milotic|Competitive|boost\n|-boost|p1a: Milotic|spa|2\n|-unboost|p1b: Wyrdeer|atk|1\n|-ability|p1b: Wyrdeer|Intimidate|boost\n|-unboost|p2a: Gyarados|atk|1\n|-unboost|p2b: Sinistcha|atk|1\n|move|p2b: Sinistcha|Matcha Gotcha|p1a: Milotic|[spread] p1b\n|-activate|p1a: Milotic|move: Protect\n|-damage|p1b: Wyrdeer|76/100\n|-heal|p2b: Sinistcha|100/100|[from] drain|[of] p1b: Wyrdeer\n|\n|-heal|p1a: Milotic|53/100|[from] item: Leftovers\n|-damage|p2b: Sinistcha|94/100|[from] Salt Cure\n|upkeep\n|turn|10\n|inactive|bobripper has 30 seconds left.\n|\n|t:|1776398160\n|move|p2a: Gyarados|Crunch|p1a: Milotic\n|-damage|p1a: Milotic|38/100\n|move|p1b: Wyrdeer|Skill Swap|p2b: Sinistcha\n|-activate|p1b: Wyrdeer|Skill Swap|Hospitality|Intimidate|[of] p2b: Sinistcha\n|-ability|p2b: Sinistcha|Intimidate|boost\n|-unboost|p1a: Milotic|atk|1\n|-ability|p1a: Milotic|Competitive|boost\n|-boost|p1a: Milotic|spa|2\n|-unboost|p1b: Wyrdeer|atk|1\n|-heal|p1a: Milotic|62/100|[from] ability: Hospitality|[of] p1b: Wyrdeer\n|move|p1a: Milotic|Ice Beam|p2b: Sinistcha\n|-supereffective|p2b: Sinistcha|1\n|-damage|p2b: Sinistcha|0 fnt\n|faint|p2b: Sinistcha\n|\n|-heal|p1a: Milotic|68/100|[from] item: Leftovers\n|upkeep\n|turn|11\n|-message|blazikenrox forfeited.\n|\n|win|bobripper\n|raw|bobripper's rating: 1100 &rarr; <strong>1130</strong><br />(+30 for winning)\n|raw|blazikenrox's rating: 1176 &rarr; <strong>1146</strong><br />(-30 for losing)\n|l|\u2606blazikenrox\n|player|p2|\n",
  "uploadtime": 1776398181,
  "views": 32,
  "formatid": "gen9championsvgc2026regma",
  "rating": 1130,
  "private": 0,
  "password": null
}