{
  "id": "gen9championsvgc2026regma-2584981545",
  "format": "[Gen 9 Champions] VGC 2026 Reg M-A",
  "players": [
    "kitucho",
    "yamh"
  ],
  "log": "|j|\u2606kitucho\n|j|\u2606yamh\n|t:|1776300345\n|gametype|doubles\n|player|p1|kitucho|169|1033\n|player|p2|yamh|elesa|1068\n|gen|9\n|tier|[Gen 9 Champions] VGC 2026 Reg M-A\n|rated|\n|rule|Species Clause: Limit one of each Pok\u00e9mon\n|rule|Item Clause: Limit 1 of each item\n|clearpoke\n|poke|p1|Gyarados, L50, M|\n|poke|p1|Volcarona, L50, M|\n|poke|p1|Venusaur, L50, F|\n|poke|p1|Raichu, L50, M|\n|poke|p1|Corviknight, L50, M|\n|poke|p1|Dragapult, L50, F|\n|poke|p2|Froslass, L50, F|\n|poke|p2|Garchomp, L50, F|\n|poke|p2|Rotom-Frost, L50|\n|poke|p2|Empoleon, L50, F|\n|poke|p2|Incineroar, L50, M|\n|poke|p2|Kingambit, L50, F|\n|teampreview|4\n|\n|t:|1776300372\n|teamsize|p1|4\n|teamsize|p2|4\n|start\n|switch|p1a: Gyarados|Gyarados, L50, M|100/100\n|switch|p1b: Volcarona|Volcarona, L50, M, shiny|100/100\n|switch|p2a: Rotom|Rotom-Frost, L50, shiny|100/100\n|switch|p2b: Dimitrescu|Froslass, L50, F|100/100\n|-ability|p1a: Gyarados|Intimidate|boost\n|-unboost|p2a: Rotom|atk|1\n|-unboost|p2b: Dimitrescu|atk|1\n|turn|1\n|\n|t:|1776300390\n|detailschange|p2b: Dimitrescu|Froslass-Mega, L50, F\n|-mega|p2b: Dimitrescu|Froslass|Froslassite\n|-weather|Snowscape|[from] ability: Snow Warning|[of] p2b: Dimitrescu\n|detailschange|p1a: Gyarados|Gyarados-Mega, L50, M\n|-mega|p1a: Gyarados|Gyarados|Gyaradosite\n|-ability|p1a: Gyarados|Mold Breaker\n|move|p2a: Rotom|Volt Switch|p1a: Gyarados\n|-supereffective|p1a: Gyarados|1\n|-damage|p1a: Gyarados|53/100\n|\n|t:|1776300400\n|switch|p2a: Empoleon|Empoleon, L50, F, shiny|100/100|[from] Volt Switch\n|move|p2b: Dimitrescu|Aurora Veil|p2b: Dimitrescu\n|-sidestart|p2: yamh|move: Aurora Veil\n|move|p1a: Gyarados|Dragon Dance|p1a: Gyarados\n|-boost|p1a: Gyarados|atk|1\n|-boost|p1a: Gyarados|spe|1\n|move|p1b: Volcarona|Struggle Bug|p2a: Empoleon|[spread] p2a,p2b\n|-resisted|p2a: Empoleon|1\n|-resisted|p2b: Dimitrescu|1\n|-damage|p2a: Empoleon|95/100\n|-damage|p2b: Dimitrescu|93/100\n|-unboost|p2a: Empoleon|spa|1\n|-ability|p2a: Empoleon|Competitive|boost\n|-boost|p2a: Empoleon|spa|2\n|-unboost|p2b: Dimitrescu|spa|1\n|\n|-weather|Snowscape|[upkeep]\n|-heal|p2a: Empoleon|100/100|[from] item: Leftovers\n|upkeep\n|turn|2\n|\n|t:|1776300431\n|move|p1a: Gyarados|Protect|p1a: Gyarados\n|-singleturn|p1a: Gyarados|Protect\n|move|p2b: Dimitrescu|Shadow Ball|p1a: Gyarados\n|-activate|p1a: Gyarados|move: Protect\n|move|p1b: Volcarona|Fiery Dance|p2a: Empoleon\n|-damage|p2a: Empoleon|78/100\n|-boost|p1b: Volcarona|spa|1\n|move|p2a: Empoleon|Roar|p1a: Gyarados\n|drag|p1a: Corviknight|Corviknight, L50, M|100/100\n|-ability|p1a: Corviknight|Unnerve\n|\n|-weather|Snowscape|[upkeep]\n|-heal|p2a: Empoleon|84/100|[from] item: Leftovers\n|upkeep\n|turn|3\n|\n|t:|1776300451\n|switch|p2b: Rotom|Rotom-Frost, L50, shiny|100/100\n|move|p1b: Volcarona|Fiery Dance|p2a: Empoleon\n|-crit|p2a: Empoleon\n|-damage|p2a: Empoleon|0 fnt\n|-boost|p1b: Volcarona|spa|1\n|faint|p2a: Empoleon\n|move|p1a: Corviknight|Body Press|p2b: Rotom\n|-supereffective|p2b: Rotom|1\n|-damage|p2b: Rotom|71/100\n|\n|-weather|Snowscape|[upkeep]\n|upkeep\n|\n|t:|1776300463\n|switch|p2a: Garchomp|Garchomp, L50, F|100/100\n|turn|4\n|\n|t:|1776300490\n|switch|p1a: Dragapult|Dragapult, L50, F|100/100\n|move|p1b: Volcarona|Protect|p1b: Volcarona\n|-singleturn|p1b: Volcarona|Protect\n|move|p2b: Rotom|Thunderbolt|p1a: Dragapult\n|-resisted|p1a: Dragapult|1\n|-damage|p1a: Dragapult|71/100\n|move|p2a: Garchomp|Earthquake|p1b: Volcarona|[spread] p1a\n|-activate|p1b: Volcarona|move: Protect\n|-immune|p2b: Rotom|[from] ability: Levitate\n|-damage|p1a: Dragapult|16/100\n|\n|-weather|Snowscape|[upkeep]\n|upkeep\n|turn|5\n|\n|t:|1776300526\n|move|p1a: Dragapult|U-turn|p2b: Rotom\n|-damage|p2b: Rotom|56/100\n|\n|t:|1776300529\n|switch|p1a: Corviknight|Corviknight, L50, M|100/100|[from] U-turn\n|-ability|p1a: Corviknight|Unnerve\n|move|p2b: Rotom|Thunderbolt|p1a: Corviknight\n|-supereffective|p1a: Corviknight|1\n|-damage|p1a: Corviknight|17/100\n|-enditem|p1a: Corviknight|Sitrus Berry|[eat]\n|-heal|p1a: Corviknight|42/100|[from] item: Sitrus Berry\n|move|p2a: Garchomp|Earthquake|p1a: Corviknight|[spread] p1b\n|-immune|p2b: Rotom|[from] ability: Levitate\n|-immune|p1a: Corviknight\n|-damage|p1b: Volcarona|63/100\n|move|p1b: Volcarona|Fiery Dance|p2b: Rotom\n|-supereffective|p2b: Rotom|1\n|-damage|p2b: Rotom|0 fnt\n|-boost|p1b: Volcarona|spa|1\n|faint|p2b: Rotom\n|\n|-weather|none\n|-heal|p1b: Volcarona|69/100|[from] item: Leftovers\n|-sideend|p2: yamh|move: Aurora Veil\n|upkeep\n|\n|t:|1776300546\n|switch|p2b: Dimitrescu|Froslass-Mega, L50, F|93/100\n|-weather|Snowscape|[from] ability: Snow Warning|[of] p2b: Dimitrescu\n|turn|6\n|\n|t:|1776300591\n|move|p1b: Volcarona|Protect|p1b: Volcarona\n|-singleturn|p1b: Volcarona|Protect\n|move|p2b: Dimitrescu|Aurora Veil|p2b: Dimitrescu\n|-sidestart|p2: yamh|move: Aurora Veil\n|move|p2a: Garchomp|Rock Slide|p1a: Corviknight|[spread] p1a\n|-activate|p1b: Volcarona|move: Protect\n|-damage|p1a: Corviknight|28/100\n|cant|p1a: Corviknight|flinch\n|\n|-weather|Snowscape|[upkeep]\n|-heal|p1b: Volcarona|75/100|[from] item: Leftovers\n|upkeep\n|turn|7\n|\n|t:|1776300627\n|switch|p1b: Gyarados|Gyarados-Mega, L50, M|53/100\n|-ability|p1b: Gyarados|Mold Breaker\n|move|p2b: Dimitrescu|Blizzard|p1a: Corviknight|[spread] p1a,p1b\n|-resisted|p1b: Gyarados|1\n|-damage|p1a: Corviknight|0 fnt\n|-damage|p1b: Gyarados|35/100\n|faint|p1a: Corviknight\n|move|p2a: Garchomp|Rock Slide|p1b: Gyarados\n|-damage|p1b: Gyarados|14/100\n|\n|-weather|Snowscape|[upkeep]\n|upkeep\n|\n|t:|1776300645\n|switch|p1a: Dragapult|Dragapult, L50, F|16/100\n|turn|8\n|\n|t:|1776300669\n|move|p2b: Dimitrescu|Protect|p2b: Dimitrescu\n|-singleturn|p2b: Dimitrescu|Protect\n|move|p1a: Dragapult|Breaking Swipe|p2a: Garchomp|[spread] p2a\n|-activate|p2b: Dimitrescu|move: Protect\n|-supereffective|p2a: Garchomp|1\n|-damage|p2a: Garchomp|72/100\n|-unboost|p2a: Garchomp|atk|1\n|-damage|p1a: Dragapult|4/100|[from] ability: Rough Skin|[of] p2a: Garchomp\n|-enditem|p2a: Garchomp|White Herb\n|-clearnegativeboost|p2a: Garchomp|[silent]\n|move|p2a: Garchomp|Earthquake|p1a: Dragapult|[spread] p1a,p1b\n|-activate|p2b: Dimitrescu|move: Protect\n|-damage|p1a: Dragapult|0 fnt\n|-damage|p1b: Gyarados|0 fnt\n|faint|p1a: Dragapult\n|faint|p1b: Gyarados\n|\n|-weather|Snowscape|[upkeep]\n|upkeep\n|-message|kitucho forfeited.\n|\n|win|yamh\n|raw|kitucho's rating: 1033 &rarr; <strong>1020</strong><br />(-13 for losing)\n|raw|yamh's rating: 1068 &rarr; <strong>1095</strong><br />(+27 for winning)\n|l|\u2606kitucho\n|player|p1|\n",
  "uploadtime": 1776300696,
  "views": 23,
  "formatid": "gen9championsvgc2026regma",
  "rating": 1020,
  "private": 0,
  "password": null
}