{
  "id": "gen9championsvgc2026regma-2586329458",
  "format": "[Gen 9 Champions] VGC 2026 Reg M-A",
  "players": [
    "eepXP",
    "Deriven"
  ],
  "log": "|j|\u2606eepXP\n|j|\u2606Deriven\n|html|<table width=\"100%\"><tr><td align=\"left\">eepXP</td><td align=\"right\">Deriven</tr><tr><td align=\"left\"><i class=\"fa fa-circle-o\"></i> <i class=\"fa fa-circle-o\"></i> <i class=\"fa fa-circle-o\"></i> </td><td align=\"right\"><i class=\"fa fa-circle-o\"></i> <i class=\"fa fa-circle-o\"></i> <i class=\"fa fa-circle-o\"></i> </tr></table>\n|uhtml|bestof|<h2><strong>Game 1</strong> of <a href=\"/game-bestof5-gen9championsvgc2026regma-2586329457\">a best-of-5</a></h2>\n|t:|1776425848\n|gametype|doubles\n|player|p1|eepXP|clerk|\n|player|p2|Deriven|palmer|\n|gen|9\n|tier|[Gen 9 Champions] VGC 2026 Reg M-A\n|rule|Species Clause: Limit one of each Pok\u00e9mon\n|rule|Item Clause: Limit 1 of each item\n|raw|<div class=\"infobox\"><details class=\"readmore\" open><summary><strong>1 custom rule:</strong></summary> Best of = 5</details></div>\n|clearpoke\n|poke|p1|Krookodile, L50, M|\n|poke|p1|Milotic, L50, F|\n|poke|p1|Gengar, L50, F|\n|poke|p1|Whimsicott, L50, M|\n|poke|p1|Tauros-Paldea-Blaze, L50, M|\n|poke|p1|Zoroark-Hisui, L50, M|\n|poke|p2|Floette-Eternal, L50, F|\n|poke|p2|Charizard, L50, F|\n|poke|p2|Incineroar, L50, F|\n|poke|p2|Orthworm, L50, M|\n|poke|p2|Ninetales, L50, M|\n|poke|p2|Meowscarada, L50, F|\n|teampreview|4\neepXP has agreed to open team sheets.\nDeriven has agreed to open team sheets.\n|showteam|p1|Krookodile||FocusSash|Intimidate|ThroatChop,Crunch,ScorchingSands,Taunt|||M|||50|]Milotic||MysticWater|Competitive|Scald,FlipTurn,DrainingKiss,Protect|||F|||50|]Gengar||Gengarite|CursedBody|PerishSong,Substitute,WillOWisp,ShadowBall|||F|||50|]Whimsicott||FairyFeather|Infiltrator|EnergyBall,Moonblast,StunSpore,Tailwind|||M|||50|]Tauros-Paldea-Blaze||BrightPowder|Intimidate|Substitute,BulkUp,BodyPress,FlameCharge|||M|||50|]Zoroark-Hisui||Leftovers|Illusion|ShadowClaw,SwordsDance,ThroatChop,Protect|||M|||50|\n|showteam|p2|Floette-Eternal||Floettite|FlowerVeil|DrainingKiss,LightofRuin,EnergyBall,Protect|||F|||50|]Charizard||CharizarditeY|SolarPower|Earthquake,Overheat,ThunderPunch,Protect|||F|||50|]Incineroar||PasshoBerry|Intimidate|FakeOut,PartingShot,Earthquake,Roar|||F|||50|]Orthworm||Leftovers|EarthEater|ShedTail,HighHorsepower,Protect,IronDefense|||M|||50|]Ninetales||FocusSash|Drought|BatonPass,NastyPlot,WillOWisp,MysticalFire|||M|||50|]Meowscarada||ChoiceScarf|Protean|SuckerPunch,PlayRough,Protect,Uturn|||F|||50|\n|\n|t:|1776426080\n|teamsize|p1|4\n|teamsize|p2|4\n|start\n|switch|p1a: Miloshkh|Milotic, L50, F, shiny|100/100\n|switch|p1b: Tauros|Tauros-Paldea-Blaze, L50, M, shiny|100/100\n|switch|p2a: Incineroar|Incineroar, L50, F|100/100\n|switch|p2b: Meowscarada|Meowscarada, L50, F|100/100\n|-ability|p1b: Tauros|Intimidate|boost\n|-unboost|p2a: Incineroar|atk|1\n|-unboost|p2b: Meowscarada|atk|1\n|-ability|p2a: Incineroar|Intimidate|boost\n|-unboost|p1a: Miloshkh|atk|1\n|-ability|p1a: Miloshkh|Competitive|boost\n|-boost|p1a: Miloshkh|spa|2\n|-unboost|p1b: Tauros|atk|1\n|turn|1\n|\n|t:|1776426110\n|move|p2a: Incineroar|Fake Out|p1b: Tauros\n|-damage|p1b: Tauros|94/100\n|move|p2b: Meowscarada|U-turn|p1a: Miloshkh\n|-start|p2b: Meowscarada|typechange|Bug|[from] ability: Protean\n|-damage|p1a: Miloshkh|74/100\n|\n|t:|1776426120\n|switch|p2b: Orthworm|Orthworm, L50, M|100/100|[from] U-turn\n|cant|p1b: Tauros|flinch\n|move|p1a: Miloshkh|Flip Turn|p2a: Incineroar\n|-supereffective|p2a: Incineroar|1\n|-enditem|p2a: Incineroar|Passho Berry|[eat]\n|-enditem|p2a: Incineroar|Passho Berry|[weaken]\n|-damage|p2a: Incineroar|92/100\n|\n|t:|1776426134\n|switch|p1a: The Krooks|Krookodile, L50, M|100/100|[from] Flip Turn\n|-ability|p1a: The Krooks|Intimidate|boost\n|-unboost|p2a: Incineroar|atk|1\n|-unboost|p2b: Orthworm|atk|1\n|\n|upkeep\n|turn|2\n|\n|t:|1776426150\n|move|p1b: Tauros|Substitute|p1b: Tauros\n|-start|p1b: Tauros|Substitute\n|-damage|p1b: Tauros|69/100\n|move|p1a: The Krooks|Scorching Sands|p2a: Incineroar\n|-supereffective|p2a: Incineroar|1\n|-damage|p2a: Incineroar|58/100\n|move|p2b: Orthworm|Shed Tail|p2b: Orthworm\n|-start|p2b: Orthworm|Substitute|[from] move: Shed Tail\n|-damage|p2b: Orthworm|50/100\n|\n|t:|1776426158\n|switch|p2b: Meowscarada|Meowscarada, L50, F|100/100|[from] Shed Tail\n|move|p2a: Incineroar|Parting Shot|p1a: The Krooks\n|-unboost|p1a: The Krooks|atk|1\n|-unboost|p1a: The Krooks|spa|1\n|\n|t:|1776426165\n|switch|p2a: Floette|Floette-Eternal, L50, F|100/100|[from] Parting Shot\n|\n|upkeep\n|turn|3\n|\n|t:|1776426192\n|detailschange|p2a: Floette|Floette-Mega, L50, F\n|-mega|p2a: Floette|Floette|Floettite\n|-ability|p2a: Floette|Fairy Aura\n|move|p2b: Meowscarada|Play Rough|p1b: Tauros\n|-start|p2b: Meowscarada|typechange|Fairy|[from] ability: Protean\n|-end|p1b: Tauros|Substitute\n|move|p2a: Floette|Energy Ball|p1a: The Krooks\n|-supereffective|p1a: The Krooks|1\n|-enditem|p1a: The Krooks|Focus Sash\n|-damage|p1a: The Krooks|1/100\n|move|p1b: Tauros|Bulk Up|p1b: Tauros\n|-boost|p1b: Tauros|atk|1\n|-boost|p1b: Tauros|def|1\n|move|p1a: The Krooks|Scorching Sands|p2a: Floette\n|-damage|p2a: Floette|90/100\n|\n|upkeep\n|turn|4\n|\n|t:|1776426225\n|switch|p1a: Miloshkh|Milotic, L50, F, shiny|74/100\n|move|p2b: Meowscarada|Play Rough|p1a: Miloshkh\n|-damage|p1a: Miloshkh|0 fnt\n|faint|p1a: Miloshkh\n|move|p2a: Floette|Draining Kiss|p1b: Tauros\n|-damage|p1b: Tauros|12/100\n|-heal|p2a: Floette|100/100|[from] drain|[of] p1b: Tauros\n|move|p1b: Tauros|Flame Charge|p2a: Floette\n|-damage|p2a: Floette|72/100\n|-boost|p1b: Tauros|spe|1\n|\n|upkeep\n|\n|t:|1776426238\n|switch|p1a: The Krooks|Krookodile, L50, M|100/100\n|turn|5\n|\n|t:|1776426251\n|move|p2b: Meowscarada|Play Rough|p1a: The Krooks\n|-damage|p1a: The Krooks|0 fnt\n|replace|p1a: Zoroark|Zoroark-Hisui, L50, M\n|-end|p1a: Zoroark|Illusion\n|faint|p1a: Zoroark\n|move|p1b: Tauros|Flame Charge|p2b: Meowscarada\n|-end|p2b: Meowscarada|Substitute\n|-boost|p1b: Tauros|spe|1\n|move|p2a: Floette|Draining Kiss|p1b: Tauros\n|-damage|p1b: Tauros|0 fnt\n|-heal|p2a: Floette|81/100|[from] drain|[of] p1b: Tauros\n|faint|p1b: Tauros\n|\n|upkeep\n|\n|t:|1776426268\n|switch|p1b: The Krooks|Krookodile, L50, M|1/100\n|-ability|p1b: The Krooks|Intimidate|boost\n|-unboost|p2a: Floette|atk|1\n|-unboost|p2b: Meowscarada|atk|1\n|turn|6\n|\n|t:|1776426279\n|move|p2b: Meowscarada|Play Rough|p1b: The Krooks|[miss]\n|-miss|p2b: Meowscarada|p1b: The Krooks\n|move|p2a: Floette|Draining Kiss|p1b: The Krooks\n|-supereffective|p1b: The Krooks|1\n|-damage|p1b: The Krooks|0 fnt\n|-heal|p2a: Floette|82/100|[from] drain|[of] p1b: The Krooks\n|faint|p1b: The Krooks\n|\n|win|Deriven\n||eepXP is ready for game 2.\n|inactive|Deriven has 30 seconds to confirm battle start!\n|inactive|Deriven has 20 seconds to confirm battle start!\n|inactive|Deriven has 10 seconds to confirm battle start!\n",
  "uploadtime": 1776426311,
  "views": 22,
  "formatid": "gen9championsvgc2026regma",
  "rating": null,
  "private": 0,
  "password": null
}