{
  "id": "gen9championsvgc2026regma-2587371801",
  "format": "[Gen 9 Champions] VGC 2026 Reg M-A",
  "players": [
    "Marcio Lira",
    "Adricrack2090"
  ],
  "log": "|j|\u2606Marcio Lira\n|j|\u2606Adricrack2090\n|t:|1776526236\n|gametype|doubles\n|player|p1|Marcio Lira|bugcatcher-gen4dp|1299\n|player|p2|Adricrack2090|bruno|1229\n|gen|9\n|tier|[Gen 9 Champions] VGC 2026 Reg M-A\n|rated|\n|rule|Species Clause: Limit one of each Pok\u00e9mon\n|rule|Item Clause: Limit 1 of each item\n|clearpoke\n|poke|p1|Floette-Eternal, L50, F|\n|poke|p1|Rotom-Wash, L50, shiny|\n|poke|p1|Talonflame, L50, F|\n|poke|p1|Garchomp, L50, M|\n|poke|p1|Sneasler, L50, M|\n|poke|p1|Maushold, L50|\n|poke|p2|Venusaur, L50, M, shiny|\n|poke|p2|Farigiraf, L50, F|\n|poke|p2|Kingambit, L50, F|\n|poke|p2|Slowking, L50, M|\n|poke|p2|Incineroar, L50, F|\n|poke|p2|Rotom-Heat, L50|\n|teampreview|4\n|inactive|Battle timer is ON: inactive players will automatically lose when time's up. (requested by Adricrack2090)\n|inactive|Marcio Lira has 60 seconds left.\n|inactive|Marcio Lira has 30 seconds left.\n|\n|t:|1776526301\n|teamsize|p1|4\n|teamsize|p2|4\n|start\n|switch|p1a: Sneasler|Sneasler, L50, M|100/100\n|switch|p1b: Maushold|Maushold, L50|100/100\n|switch|p2a: Farigiraf|Farigiraf, L50, F|100/100\n|switch|p2b: Incineroar|Incineroar, L50, F|100/100\n|-ability|p2b: Incineroar|Intimidate|boost\n|-unboost|p1a: Sneasler|atk|1\n|-unboost|p1b: Maushold|atk|1\n|-enditem|p1a: Sneasler|White Herb\n|-clearnegativeboost|p1a: Sneasler|[silent]\n|turn|1\n|inactive|Adricrack2090 has 30 seconds left.\n|\n|t:|1776526327\n|switch|p1a: Rotom|Rotom-Wash, L50, shiny|100/100\n|move|p2b: Incineroar|Fake Out|p1b: Maushold\n|-damage|p1b: Maushold|83/100\n|cant|p1b: Maushold|flinch\n|move|p2a: Farigiraf|Trick Room|p2a: Farigiraf\n|-fieldstart|move: Trick Room|[of] p2a: Farigiraf\n|\n|upkeep\n|turn|2\n|inactive|Marcio Lira has 30 seconds left.\n|\n|t:|1776526355\n|move|p2a: Farigiraf|Light Screen|p2a: Farigiraf\n|-sidestart|p2: Adricrack2090|move: Light Screen\n|move|p2b: Incineroar|Parting Shot|p1a: Rotom\n|-unboost|p1a: Rotom|atk|1\n|-unboost|p1a: Rotom|spa|1\n|\n|t:|1776526369\n|switch|p2b: Venusaur|Venusaur, L50, M, shiny|100/100|[from] Parting Shot\n|move|p1b: Maushold|Population Bomb|p2b: Venusaur\n|-damage|p2b: Venusaur|96/100\n|-crit|p2b: Venusaur\n|-damage|p2b: Venusaur|86/100\n|-damage|p2b: Venusaur|80/100\n|-damage|p2b: Venusaur|75/100\n|-damage|p2b: Venusaur|70/100\n|-damage|p2b: Venusaur|65/100\n|-damage|p2b: Venusaur|59/100\n|-damage|p2b: Venusaur|54/100\n|-damage|p2b: Venusaur|49/100\n|-damage|p2b: Venusaur|44/100\n|-hitcount|p2b: Venusaur|10\n|move|p1a: Rotom|Trick|p2a: Farigiraf\n|-activate|p1a: Rotom|move: Trick|[of] p2a: Farigiraf\n|-item|p2a: Farigiraf|Choice Scarf|[from] move: Trick\n|-item|p1a: Rotom|Mental Herb|[from] move: Trick\n|\n|upkeep\n|turn|3\n|inactive|Marcio Lira has 30 seconds left.\n|inactive|Adricrack2090 has 30 seconds left.\n|inactive|Marcio Lira has 20 seconds left.\n|inactive|Adricrack2090 has 20 seconds left.\n|inactive|Marcio Lira has 15 seconds left.\n|inactive|Adricrack2090 has 15 seconds left.\n|inactive|Marcio Lira has 10 seconds left.\n|inactive|Adricrack2090 has 10 seconds left.\n|\n|t:|1776526416\n|switch|p1a: Sneasler|Sneasler, L50, M|100/100\n|detailschange|p2b: Venusaur|Venusaur-Mega, L50, M, shiny\n|-mega|p2b: Venusaur|Venusaur|Venusaurite\n|move|p2b: Venusaur|Leech Seed|p1a: Sneasler\n|-start|p1a: Sneasler|move: Leech Seed\n|move|p2a: Farigiraf|Reflect|p2a: Farigiraf\n|-sidestart|p2: Adricrack2090|Reflect\n|move|p1b: Maushold|Population Bomb|p2b: Venusaur\n|-damage|p2b: Venusaur|41/100\n|-damage|p2b: Venusaur|38/100\n|-damage|p2b: Venusaur|36/100\n|-damage|p2b: Venusaur|33/100\n|-damage|p2b: Venusaur|30/100\n|-damage|p2b: Venusaur|28/100\n|-damage|p2b: Venusaur|25/100\n|-damage|p2b: Venusaur|22/100\n|-damage|p2b: Venusaur|19/100\n|-damage|p2b: Venusaur|17/100\n|-hitcount|p2b: Venusaur|10\n|\n|-damage|p1a: Sneasler|88/100|[from] Leech Seed|[of] p2b: Venusaur\n|-heal|p2b: Venusaur|27/100|[silent]\n|upkeep\n|turn|4\n|inactive|Marcio Lira has 30 seconds left.\n|\n|t:|1776526443\n|switch|p2a: Incineroar|Incineroar, L50, F|100/100\n|-ability|p2a: Incineroar|Intimidate|boost\n|-unboost|p1a: Sneasler|atk|1\n|-unboost|p1b: Maushold|atk|1\n|move|p2b: Venusaur|Protect|p2b: Venusaur\n|-singleturn|p2b: Venusaur|Protect\n|move|p1a: Sneasler|Protect|p1a: Sneasler\n|-singleturn|p1a: Sneasler|Protect\n|move|p1b: Maushold|Encore|p2b: Venusaur\n|-activate|p2b: Venusaur|move: Protect\n|\n|-damage|p1a: Sneasler|76/100|[from] Leech Seed|[of] p2b: Venusaur\n|-heal|p2b: Venusaur|37/100|[silent]\n|upkeep\n|turn|5\n|\n|t:|1776526463\n|switch|p1a: Rotom|Rotom-Wash, L50, shiny|100/100\n|move|p2a: Incineroar|Fake Out|p1a: Rotom\n|-damage|p1a: Rotom|89/100\n|move|p1b: Maushold|Follow Me|p1b: Maushold\n|-singleturn|p1b: Maushold|move: Follow Me\n|move|p2b: Venusaur|Giga Drain|p1b: Maushold\n|-crit|p1b: Maushold\n|-damage|p1b: Maushold|7/100\n|-heal|p2b: Venusaur|67/100|[from] drain|[of] p1b: Maushold\n|\n|-fieldend|move: Trick Room\n|upkeep\n|turn|6\n|inactive|Marcio Lira has 30 seconds left.\n|\n|t:|1776526494\n|move|p1b: Maushold|Encore|p2b: Venusaur\n|-start|p2b: Venusaur|Encore\n|move|p1a: Rotom|Hydro Pump|p2a: Incineroar\n|-supereffective|p2a: Incineroar|1\n|-damage|p2a: Incineroar|47/100\n|move|p2b: Venusaur|Giga Drain|p1b: Maushold\n|-damage|p1b: Maushold|0 fnt\n|-heal|p2b: Venusaur|70/100|[from] drain|[of] p1b: Maushold\n|faint|p1b: Maushold\n|move|p2a: Incineroar|Parting Shot|p1a: Rotom\n|-unboost|p1a: Rotom|atk|1\n|-unboost|p1a: Rotom|spa|1\n|\n|t:|1776526506\n|switch|p2a: Farigiraf|Farigiraf, L50, F|100/100|[from] Parting Shot\n|\n|-sideend|p2: Adricrack2090|move: Light Screen\n|upkeep\n|\n|t:|1776526510\n|switch|p1b: Floette|Floette-Eternal, L50, F|100/100\n|turn|7\n|\n|t:|1776526522\n|switch|p1a: Sneasler|Sneasler, L50, M|76/100\n|switch|p2b: Incineroar|Incineroar, L50, F|47/100\n|-ability|p2b: Incineroar|Intimidate|boost\n|-unboost|p1a: Sneasler|atk|1\n|-unboost|p1b: Floette|atk|1\n|detailschange|p1b: Floette|Floette-Mega, L50, F\n|-mega|p1b: Floette|Floette|Floettite\n|-ability|p1b: Floette|Fairy Aura\n|move|p1b: Floette|Calm Mind|p1b: Floette\n|-boost|p1b: Floette|spa|1\n|-boost|p1b: Floette|spd|1\n|move|p2a: Farigiraf|Trick Room|p2a: Farigiraf\n|-fieldstart|move: Trick Room|[of] p2a: Farigiraf\n|\n|-sideend|p2: Adricrack2090|Reflect\n|upkeep\n|turn|8\n|\n|t:|1776526546\n|switch|p2a: Venusaur|Venusaur-Mega, L50, M, shiny|70/100\n|move|p1b: Floette|Protect|p1b: Floette\n|-singleturn|p1b: Floette|Protect\n|move|p2b: Incineroar|Fake Out|p1b: Floette\n|-activate|p1b: Floette|move: Protect\n|move|p1a: Sneasler|Close Combat|p2b: Incineroar\n|-supereffective|p2b: Incineroar|1\n|-crit|p2b: Incineroar\n|-enditem|p2b: Incineroar|Chople Berry|[eat]\n|-enditem|p2b: Incineroar|Chople Berry|[weaken]\n|-damage|p2b: Incineroar|0 fnt\n|-unboost|p1a: Sneasler|def|1\n|-unboost|p1a: Sneasler|spd|1\n|faint|p2b: Incineroar\n|\n|upkeep\n|\n|t:|1776526559\n|switch|p2b: Farigiraf|Farigiraf, L50, F|100/100\n|turn|9\n|\n|t:|1776526568\n|move|p2a: Venusaur|Leech Seed|p1b: Floette\n|-start|p1b: Floette|move: Leech Seed\n|move|p2b: Farigiraf|Light Screen|p2b: Farigiraf\n|-sidestart|p2: Adricrack2090|move: Light Screen\n|move|p1b: Floette|Moonblast|p2a: Venusaur\n|-resisted|p2a: Venusaur|1\n|-damage|p2a: Venusaur|44/100\n|move|p1a: Sneasler|Dire Claw|p2a: Venusaur\n|-damage|p2a: Venusaur|20/100\n|\n|-damage|p1b: Floette|88/100|[from] Leech Seed|[of] p2a: Venusaur\n|-heal|p2a: Venusaur|31/100|[silent]\n|upkeep\n|turn|10\n|\n|t:|1776526587\n|switch|p2b: Kingambit|Kingambit, L50, F|100/100\n|switch|p1a: Rotom|Rotom-Wash, L50, shiny|89/100\n|move|p2a: Venusaur|Protect|p2a: Venusaur\n|-singleturn|p2a: Venusaur|Protect\n|move|p1b: Floette|Protect||[still]\n|-fail|p1b: Floette\n|\n|-damage|p1b: Floette|76/100|[from] Leech Seed|[of] p2a: Venusaur\n|-heal|p2a: Venusaur|42/100|[silent]\n|upkeep\n|turn|11\n|\n|t:|1776526613\n|switch|p2b: Farigiraf|Farigiraf, L50, F|100/100\n|switch|p1b: Sneasler|Sneasler, L50, M|76/100\n|move|p2a: Venusaur|Giga Drain|p1a: Rotom\n|-supereffective|p1a: Rotom|1\n|-crit|p1a: Rotom\n|-damage|p1a: Rotom|0 fnt\n|-heal|p2a: Venusaur|72/100|[from] drain|[of] p1a: Rotom\n|faint|p1a: Rotom\n|\n|-fieldend|move: Trick Room\n|upkeep\n|\n|t:|1776526617\n|switch|p1a: Floette|Floette-Mega, L50, F|76/100\n|-ability|p1a: Floette|Fairy Aura\n|turn|12\n|\n|t:|1776526638\n|move|p1b: Sneasler|Close Combat|p2a: Venusaur\n|-resisted|p2a: Venusaur|1\n|-damage|p2a: Venusaur|47/100\n|-unboost|p1b: Sneasler|def|1\n|-unboost|p1b: Sneasler|spd|1\n|move|p1a: Floette|Calm Mind|p1a: Floette\n|-boost|p1a: Floette|spa|1\n|-boost|p1a: Floette|spd|1\n|move|p2a: Venusaur|Leech Seed|p1a: Floette\n|-start|p1a: Floette|move: Leech Seed\n|move|p2b: Farigiraf|Trick Room|p2b: Farigiraf\n|-fieldstart|move: Trick Room|[of] p2b: Farigiraf\n|\n|-damage|p1a: Floette|64/100|[from] Leech Seed|[of] p2a: Venusaur\n|-heal|p2a: Venusaur|58/100|[silent]\n|upkeep\n|turn|13\n|\n|t:|1776526663\n|switch|p2b: Kingambit|Kingambit, L50, F|100/100\n|move|p1a: Floette|Protect|p1a: Floette\n|-singleturn|p1a: Floette|Protect\n|move|p2a: Venusaur|Leech Seed|p1b: Sneasler\n|-start|p1b: Sneasler|move: Leech Seed\n|move|p1b: Sneasler|Close Combat|p2b: Kingambit\n|-supereffective|p2b: Kingambit|2\n|-damage|p2b: Kingambit|0 fnt\n|-unboost|p1b: Sneasler|def|1\n|-unboost|p1b: Sneasler|spd|1\n|faint|p2b: Kingambit\n|\n|-damage|p1a: Floette|51/100|[from] Leech Seed|[of] p2a: Venusaur\n|-heal|p2a: Venusaur|69/100|[silent]\n|-damage|p1b: Sneasler|64/100|[from] Leech Seed|[of] p2a: Venusaur\n|-heal|p2a: Venusaur|80/100|[silent]\n|-sideend|p2: Adricrack2090|move: Light Screen\n|upkeep\n|\n|t:|1776526674\n|switch|p2b: Farigiraf|Farigiraf, L50, F|100/100\n|turn|14\n|\n|t:|1776526684\n|move|p2a: Venusaur|Sludge Bomb|p1a: Floette\n|-supereffective|p1a: Floette|1\n|-damage|p1a: Floette|12/100\n|-status|p1a: Floette|psn\n|move|p2b: Farigiraf|Light Screen|p2b: Farigiraf\n|-sidestart|p2: Adricrack2090|move: Light Screen\n|move|p1a: Floette|Moonblast|p2a: Venusaur\n|-resisted|p2a: Venusaur|1\n|-damage|p2a: Venusaur|57/100\n|move|p1b: Sneasler|Dire Claw|p2a: Venusaur\n|-damage|p2a: Venusaur|23/100\n|-status|p2a: Venusaur|slp\n|\n|-damage|p1a: Floette|0 fnt|[from] Leech Seed|[of] p2a: Venusaur\n|-heal|p2a: Venusaur|33/100 slp|[silent]\n|faint|p1a: Floette\n|-damage|p1b: Sneasler|51/100|[from] Leech Seed|[of] p2a: Venusaur\n|-heal|p2a: Venusaur|43/100 slp|[silent]\n|upkeep\n|turn|15\n|\n|t:|1776526709\n|cant|p2a: Venusaur|slp\n|move|p2b: Farigiraf|Light Screen||[still]\n|-fail|p2b: Farigiraf\n|move|p1b: Sneasler|Dire Claw|p2a: Venusaur\n|-damage|p2a: Venusaur|11/100 slp\n|\n|-damage|p1b: Sneasler|39/100|[from] Leech Seed|[of] p2a: Venusaur\n|-heal|p2a: Venusaur|21/100 slp|[silent]\n|upkeep\n|turn|16\n|\n|t:|1776526725\n|cant|p2a: Venusaur|slp\n|move|p2b: Farigiraf|Light Screen||[still]\n|-fail|p2b: Farigiraf\n|move|p1b: Sneasler|Dire Claw|p2a: Venusaur\n|-damage|p2a: Venusaur|0 fnt\n|faint|p2a: Venusaur\n|\n|-fieldend|move: Trick Room\n|upkeep\n|turn|17\n|-message|Adricrack2090 forfeited.\n|\n|win|Marcio Lira\n|raw|Marcio Lira's rating: 1299 &rarr; <strong>1319</strong><br />(+20 for winning)\n|raw|Adricrack2090's rating: 1229 &rarr; <strong>1209</strong><br />(-20 for losing)\n|l|\u2606Adricrack2090\n|player|p2|\n",
  "uploadtime": 1776526734,
  "views": 26,
  "formatid": "gen9championsvgc2026regma",
  "rating": 1209,
  "private": 0,
  "password": null
}