{
  "id": "gen9championsvgc2026regma-2586565019",
  "format": "[Gen 9 Champions] VGC 2026 Reg M-A",
  "players": [
    "dylvgc",
    "MightyTaggart"
  ],
  "log": "|j|\u2606dylvgc\n|j|\u2606MightyTaggart\n|t:|1776443395\n|gametype|doubles\n|player|p1|dylvgc|lida|1267\n|player|p2|MightyTaggart|102|1306\n|gen|9\n|tier|[Gen 9 Champions] VGC 2026 Reg M-A\n|rated|\n|rule|Species Clause: Limit one of each Pok\u00e9mon\n|rule|Item Clause: Limit 1 of each item\n|clearpoke\n|poke|p1|Charizard, L50, M|\n|poke|p1|Milotic, L50, F|\n|poke|p1|Sinistcha, L50|\n|poke|p1|Incineroar, L50, F|\n|poke|p1|Gardevoir, L50, F|\n|poke|p1|Corviknight, L50, M|\n|poke|p2|Scovillain, L50, F|\n|poke|p2|Primarina, L50, F|\n|poke|p2|Sinistcha-Masterpiece, L50|\n|poke|p2|Aerodactyl, L50, M|\n|poke|p2|Sneasler, L50, M|\n|poke|p2|Aegislash, L50, M|\n|teampreview|4\n|l|\u2606MightyTaggart\n|player|p2|\n|\n|t:|1776443433\n|teamsize|p1|4\n|teamsize|p2|4\n|start\n|switch|p1a: Incineroar|Incineroar, L50, F|100/100\n|switch|p1b: Gardevoir|Gardevoir, L50, F|100/100\n|switch|p2a: Scovillain|Scovillain, L50, F|100/100\n|switch|p2b: Primarina|Primarina, L50, F|100/100\n|-ability|p1b: Gardevoir|Moody|Trace|[from] ability: Trace|[of] p2a: Scovillain\n|-ability|p1a: Incineroar|Intimidate|boost\n|-unboost|p2a: Scovillain|atk|1\n|-unboost|p2b: Primarina|atk|1\n|turn|1\n|j|\u2606MightyTaggart\n|player|p2|MightyTaggart|102|\n|\n|t:|1776443452\n|move|p1a: Incineroar|Fake Out|p2b: Primarina\n|-damage|p2b: Primarina|87/100\n|move|p2a: Scovillain|Leech Seed|p1b: Gardevoir|[miss]\n|-miss|p2a: Scovillain|p1b: Gardevoir\n|move|p1b: Gardevoir|Psyshock|p2b: Primarina\n|-damage|p2b: Primarina|44/100\n|cant|p2b: Primarina|flinch\n|\n|-heal|p2b: Primarina|50/100|[from] item: Leftovers\n|-ability|p2a: Scovillain|Moody|boost\n|-boost|p2a: Scovillain|spe|2\n|-unboost|p2a: Scovillain|spd|1\n|-ability|p1b: Gardevoir|Moody|boost\n|-boost|p1b: Gardevoir|spa|2\n|-unboost|p1b: Gardevoir|spe|1\n|upkeep\n|turn|2\n|\n|t:|1776443477\n|detailschange|p1b: Gardevoir|Gardevoir-Mega, L50, F\n|-mega|p1b: Gardevoir|Gardevoir|Gardevoirite\n|move|p2b: Primarina|Protect|p2b: Primarina\n|-singleturn|p2b: Primarina|Protect\n|move|p2a: Scovillain|Leech Seed|p1b: Gardevoir\n|-start|p1b: Gardevoir|move: Leech Seed\n|move|p1b: Gardevoir|Hyper Voice|p2b: Primarina|[spread] p2a\n|-activate|p2b: Primarina|move: Protect\n|-resisted|p2a: Scovillain|1\n|-damage|p2a: Scovillain|0 fnt\n|faint|p2a: Scovillain\n|move|p1a: Incineroar|Parting Shot|p2b: Primarina\n|-activate|p2b: Primarina|move: Protect\n|\n|-heal|p2b: Primarina|56/100|[from] item: Leftovers\n|upkeep\n|\n|t:|1776443496\n|switch|p2a: Aerodactyl|Aerodactyl, L50, M|100/100\n|-ability|p2a: Aerodactyl|Unnerve\n|turn|3\n|\n|t:|1776443503\n|switch|p1a: Sinistcha|Sinistcha, L50|100/100\n|move|p1b: Gardevoir|Protect|p1b: Gardevoir\n|-singleturn|p1b: Gardevoir|Protect\n|move|p2a: Aerodactyl|Rock Slide|p1b: Gardevoir|[spread] p1a\n|-activate|p1b: Gardevoir|move: Protect\n|-damage|p1a: Sinistcha|76/100\n|move|p2b: Primarina|Calm Mind|p2b: Primarina\n|-boost|p2b: Primarina|spa|1\n|-boost|p2b: Primarina|spd|1\n|\n|-heal|p2b: Primarina|62/100|[from] item: Leftovers\n|-damage|p1b: Gardevoir|88/100|[from] Leech Seed|[of] p2a: Aerodactyl\n|upkeep\n|turn|4\n|\n|t:|1776443525\n|move|p2a: Aerodactyl|Wide Guard|p2a: Aerodactyl\n|-singleturn|p2a: Aerodactyl|Wide Guard\n|move|p1a: Sinistcha|Rage Powder|p1a: Sinistcha\n|-singleturn|p1a: Sinistcha|move: Rage Powder\n|move|p2b: Primarina|Moonblast|p1a: Sinistcha\n|-damage|p1a: Sinistcha|12/100\n|move|p1b: Gardevoir|Trick Room|p1b: Gardevoir\n|-fieldstart|move: Trick Room|[of] p1b: Gardevoir\n|\n|-heal|p2b: Primarina|69/100|[from] item: Leftovers\n|-damage|p1b: Gardevoir|76/100|[from] Leech Seed|[of] p2a: Aerodactyl\n|upkeep\n|turn|5\n|\n|t:|1776443550\n|switch|p1a: Incineroar|Incineroar, L50, F|100/100\n|-ability|p1a: Incineroar|Intimidate|boost\n|-unboost|p2a: Aerodactyl|atk|1\n|-unboost|p2b: Primarina|atk|1\n|move|p2b: Primarina|Protect|p2b: Primarina\n|-singleturn|p2b: Primarina|Protect\n|move|p1b: Gardevoir|Psyshock|p2b: Primarina\n|-activate|p2b: Primarina|move: Protect\n|move|p2a: Aerodactyl|Dual Wingbeat|p1b: Gardevoir\n|-damage|p1b: Gardevoir|64/100\n|-damage|p1b: Gardevoir|52/100\n|-hitcount|p1b: Gardevoir|2\n|\n|-heal|p2b: Primarina|75/100|[from] item: Leftovers\n|-damage|p1b: Gardevoir|40/100|[from] Leech Seed|[of] p2a: Aerodactyl\n|upkeep\n|turn|6\n|\n|t:|1776443574\n|switch|p1a: Sinistcha|Sinistcha, L50|12/100\n|-heal|p1b: Gardevoir|64/100|[from] ability: Hospitality|[of] p1a: Sinistcha\n|move|p1b: Gardevoir|Psyshock|p2b: Primarina\n|-damage|p2b: Primarina|0 fnt\n|faint|p2b: Primarina\n|move|p2a: Aerodactyl|Rock Slide|p1b: Gardevoir|[spread] p1b\n|-miss|p2a: Aerodactyl|p1a: Sinistcha\n|-damage|p1b: Gardevoir|47/100\n|\n|-damage|p1b: Gardevoir|35/100|[from] Leech Seed|[of] p2a: Aerodactyl\n|upkeep\n|\n|t:|1776443588\n|switch|p2b: Sneasler|Sneasler, L50, M|100/100\n|turn|7\n|\n|t:|1776443595\n|move|p1b: Gardevoir|Protect|p1b: Gardevoir\n|-singleturn|p1b: Gardevoir|Protect\n|move|p1a: Sinistcha|Matcha Gotcha|p2a: Aerodactyl|[spread] p2a\n|-miss|p1a: Sinistcha|p2b: Sneasler\n|-damage|p2a: Aerodactyl|64/100\n|-heal|p1a: Sinistcha|28/100|[from] drain|[of] p2a: Aerodactyl\n|move|p2b: Sneasler|Coaching|p2a: Aerodactyl\n|-boost|p2a: Aerodactyl|atk|1\n|-boost|p2a: Aerodactyl|def|1\n|move|p2a: Aerodactyl|Rock Slide|p1a: Sinistcha|[spread] p1a\n|-activate|p1b: Gardevoir|move: Protect\n|-damage|p1a: Sinistcha|6/100\n|\n|-damage|p1b: Gardevoir|23/100|[from] Leech Seed|[of] p2a: Aerodactyl\n|-heal|p2a: Aerodactyl|78/100|[silent]\n|upkeep\n|turn|8\n|\n|t:|1776443624\n|switch|p1a: Incineroar|Incineroar, L50, F|100/100\n|-ability|p1a: Incineroar|Intimidate|boost\n|-unboost|p2a: Aerodactyl|atk|1\n|-unboost|p2b: Sneasler|atk|1\n|-enditem|p2b: Sneasler|White Herb\n|-clearnegativeboost|p2b: Sneasler|[silent]\n|move|p2a: Aerodactyl|Wide Guard|p2a: Aerodactyl\n|-singleturn|p2a: Aerodactyl|Wide Guard\n|move|p1b: Gardevoir|Hyper Voice|p2b: Sneasler|[spread] \n|-activate|p2a: Aerodactyl|move: Wide Guard\n|-activate|p2b: Sneasler|move: Wide Guard\n|move|p2b: Sneasler|Dire Claw|p1a: Incineroar\n|-damage|p1a: Incineroar|60/100\n|\n|-damage|p1b: Gardevoir|11/100|[from] Leech Seed|[of] p2a: Aerodactyl\n|-heal|p2a: Aerodactyl|91/100|[silent]\n|-fieldend|move: Trick Room\n|upkeep\n|turn|9\n|\n|t:|1776443652\n|switch|p1b: Corviknight|Corviknight, L50, M|100/100\n|move|p1a: Incineroar|Fake Out|p2a: Aerodactyl\n|-resisted|p2a: Aerodactyl|1\n|-damage|p2a: Aerodactyl|85/100\n|move|p2b: Sneasler|Dire Claw|p1b: Corviknight\n|-immune|p1b: Corviknight\n|cant|p2a: Aerodactyl|flinch\n|\n|upkeep\n|turn|10\n|\n|t:|1776443669\n|switch|p1a: Gardevoir|Gardevoir-Mega, L50, F|11/100\n|move|p2b: Sneasler|Coaching|p2a: Aerodactyl\n|-boost|p2a: Aerodactyl|atk|1\n|-boost|p2a: Aerodactyl|def|1\n|move|p2a: Aerodactyl|Tailwind|p2a: Aerodactyl\n|-sidestart|p2: MightyTaggart|move: Tailwind\n|move|p1b: Corviknight|Bulk Up|p1b: Corviknight\n|-boost|p1b: Corviknight|atk|1\n|-boost|p1b: Corviknight|def|1\n|\n|upkeep\n|turn|11\n|\n|t:|1776443684\n|move|p2b: Sneasler|Close Combat|p1b: Corviknight\n|-damage|p1b: Corviknight|63/100\n|-unboost|p2b: Sneasler|def|1\n|-unboost|p2b: Sneasler|spd|1\n|move|p2a: Aerodactyl|Rock Slide|p1a: Gardevoir|[spread] p1a,p1b\n|-damage|p1a: Gardevoir|0 fnt\n|-damage|p1b: Corviknight|49/100\n|faint|p1a: Gardevoir\n|cant|p1b: Corviknight|flinch\n|\n|-heal|p1b: Corviknight|55/100|[from] item: Leftovers\n|upkeep\n|\n|t:|1776443695\n|switch|p1a: Incineroar|Incineroar, L50, F|60/100\n|-ability|p1a: Incineroar|Intimidate|boost\n|-unboost|p2a: Aerodactyl|atk|1\n|-unboost|p2b: Sneasler|atk|1\n|turn|12\n|\n|t:|1776443704\n|switch|p1a: Sinistcha|Sinistcha, L50|6/100\n|-heal|p1b: Corviknight|80/100|[from] ability: Hospitality|[of] p1a: Sinistcha\n|move|p2b: Sneasler|Close Combat|p1a: Sinistcha\n|-immune|p1a: Sinistcha\n|move|p2a: Aerodactyl|Rock Slide|p1b: Corviknight|[spread] p1a,p1b\n|-damage|p1a: Sinistcha|0 fnt\n|-damage|p1b: Corviknight|69/100\n|faint|p1a: Sinistcha\n|move|p1b: Corviknight|Bulk Up|p1b: Corviknight\n|-boost|p1b: Corviknight|atk|1\n|-boost|p1b: Corviknight|def|1\n|\n|-heal|p1b: Corviknight|75/100|[from] item: Leftovers\n|upkeep\n|\n|t:|1776443718\n|switch|p1a: Incineroar|Incineroar, L50, F|60/100\n|-ability|p1a: Incineroar|Intimidate|boost\n|-unboost|p2a: Aerodactyl|atk|1\n|-unboost|p2b: Sneasler|atk|1\n|turn|13\n|\n|t:|1776443736\n|move|p1a: Incineroar|Fake Out|p2a: Aerodactyl\n|-resisted|p2a: Aerodactyl|1\n|-damage|p2a: Aerodactyl|81/100\n|move|p2b: Sneasler|Coaching|p2a: Aerodactyl\n|-boost|p2a: Aerodactyl|atk|1\n|-boost|p2a: Aerodactyl|def|1\n|cant|p2a: Aerodactyl|flinch\n|move|p1b: Corviknight|Iron Head|p2b: Sneasler\n|-damage|p2b: Sneasler|0 fnt\n|faint|p2b: Sneasler\n|\n|-heal|p1b: Corviknight|81/100|[from] item: Leftovers\n|-sideend|p2: MightyTaggart|move: Tailwind\n|upkeep\n|turn|14\n|\n|t:|1776443752\n|move|p2a: Aerodactyl|Rock Slide|p1a: Incineroar|[spread] p1a,p1b\n|-supereffective|p1a: Incineroar|1\n|-damage|p1a: Incineroar|32/100\n|-damage|p1b: Corviknight|74/100\n|move|p1b: Corviknight|Iron Head|p2a: Aerodactyl\n|-supereffective|p2a: Aerodactyl|1\n|-damage|p2a: Aerodactyl|0 fnt\n|faint|p2a: Aerodactyl\n|\n|win|dylvgc\n|raw|dylvgc's rating: 1267 &rarr; <strong>1295</strong><br />(+28 for winning)\n|raw|MightyTaggart's rating: 1306 &rarr; <strong>1284</strong><br />(-22 for losing)\n|l|\u2606MightyTaggart\n|player|p2|\n|l|\u2606dylvgc\n|player|p1|\n",
  "uploadtime": 1776443791,
  "views": 59,
  "formatid": "gen9championsvgc2026regma",
  "rating": 1284,
  "private": 0,
  "password": null
}