{
  "id": "gen9championsvgc2026regma-2586392344",
  "format": "[Gen 9 Champions] VGC 2026 Reg M-A",
  "players": [
    "regufe",
    "SammerJammer"
  ],
  "log": "|j|\u2606regufe\n|j|\u2606SammerJammer\n|t:|1776431366\n|gametype|doubles\n|player|p1|regufe|pokemonbreeder|1118\n|player|p2|SammerJammer|265|1052\n|gen|9\n|tier|[Gen 9 Champions] VGC 2026 Reg M-A\n|rated|\n|rule|Species Clause: Limit one of each Pok\u00e9mon\n|rule|Item Clause: Limit 1 of each item\n|clearpoke\n|poke|p1|Lopunny, L50, F|\n|poke|p1|Basculegion, L50, M|\n|poke|p1|Zoroark-Hisui, L50, F|\n|poke|p1|Sableye, L50, F|\n|poke|p1|Incineroar, L50, F|\n|poke|p1|Roserade, L50, F|\n|poke|p2|Aerodactyl, L50, M|\n|poke|p2|Gengar, L50, M|\n|poke|p2|Sneasler, L50, M|\n|poke|p2|Mamoswine, L50, F|\n|poke|p2|Rotom-Wash, L50|\n|poke|p2|Arcanine, L50, F|\n|teampreview|4\n|\n|t:|1776431412\n|teamsize|p1|4\n|teamsize|p2|4\n|start\n|switch|p1a: Basculegion|Basculegion, L50, M|100/100\n|switch|p1b: Sableye|Sableye, L50, F|100/100\n|switch|p2a: Sneasler|Sneasler, L50, M|100/100\n|switch|p2b: Aerodactyl|Aerodactyl, L50, M|100/100\n|-ability|p2b: Aerodactyl|Unnerve\n|turn|1\n|\n|t:|1776431472\n|move|p1b: Sableye|Fake Out|p2b: Aerodactyl\n|-resisted|p2b: Aerodactyl|1\n|-damage|p2b: Aerodactyl|95/100\n|move|p1a: Basculegion|Flip Turn|p2b: Aerodactyl\n|-supereffective|p2b: Aerodactyl|1\n|-damage|p2b: Aerodactyl|0 fnt\n|faint|p2b: Aerodactyl\n|\n|t:|1776431482\n|switch|p1a: Basculegion|Basculegion, L50, M|100/100|[from] Flip Turn\n|move|p2a: Sneasler|U-turn|p1b: Sableye\n|-damage|p1b: Sableye|65/100\n|\n|t:|1776431494\n|switch|p2a: Arcanine|Arcanine, L50, F|100/100|[from] U-turn\n|-ability|p2a: Arcanine|Intimidate|boost\n|-unboost|p1a: Basculegion|atk|1\n|-unboost|p1b: Sableye|atk|1\n|\n|upkeep\n|\n|t:|1776431531\n|switch|p2b: Sneasler|Sneasler, L50, M|100/100\n|turn|2\n|\n|t:|1776431548\n|move|p1b: Sableye|Will-O-Wisp|p2b: Sneasler\n|-status|p2b: Sneasler|brn\n|move|p1a: Basculegion|Hyper Voice|p2b: Sneasler|[spread] p2a,p2b\n|-damage|p2a: Arcanine|57/100\n|-damage|p2b: Sneasler|48/100 brn\n|move|p2b: Sneasler|Dire Claw|p1a: Basculegion\n|-resisted|p1a: Basculegion|1\n|-damage|p1a: Basculegion|76/100\n|replace|p1a: Zoroark|Zoroark-Hisui, L50, F\n|-end|p1a: Zoroark|Illusion\n|move|p2a: Arcanine|Snarl|p1b: Sableye|[spread] p1a,p1b\n|-supereffective|p1a: Zoroark|1\n|-crit|p1a: Zoroark\n|-damage|p1a: Zoroark|5/100\n|-damage|p1b: Sableye|54/100\n|-unboost|p1a: Zoroark|spa|1\n|-unboost|p1b: Sableye|spa|1\n|\n|-damage|p2b: Sneasler|43/100 brn|[from] brn\n|upkeep\n|turn|3\n|\n|t:|1776431594\n|move|p1b: Sableye|Disable|p2a: Arcanine\n|-start|p2a: Arcanine|Disable|Snarl\n|move|p1a: Zoroark|Hyper Voice|p2b: Sneasler|[spread] p2a,p2b\n|-damage|p2a: Arcanine|25/100\n|-damage|p2b: Sneasler|4/100 brn\n|move|p2b: Sneasler|U-turn|p1b: Sableye\n|-damage|p1b: Sableye|34/100\n|-enditem|p1b: Sableye|Sitrus Berry|[eat]\n|-heal|p1b: Sableye|58/100|[from] item: Sitrus Berry\n|\n|t:|1776431605\n|switch|p2b: Mamoswine|Mamoswine, L50, F|100/100|[from] U-turn\n|cant|p2a: Arcanine|Disable|Snarl\n|\n|upkeep\n|turn|4\n|\n|t:|1776431623\n|move|p2a: Arcanine|Protect|p2a: Arcanine\n|-singleturn|p2a: Arcanine|Protect\n|move|p1b: Sableye|Encore|p2a: Arcanine\n|-activate|p2a: Arcanine|move: Protect\n|move|p2b: Mamoswine|Earthquake|p1b: Sableye|[spread] p1a,p1b\n|-activate|p2a: Arcanine|move: Protect\n|-damage|p1a: Zoroark|0 fnt\n|-damage|p1b: Sableye|0 fnt\n|faint|p1a: Zoroark\n|faint|p1b: Sableye\n|\n|upkeep\n|\n|t:|1776431637\n|switch|p1a: Basculegion|Basculegion, L50, M|100/100\n|switch|p1b: Lopunny|Lopunny, L50, F|100/100\n|turn|5\n|\n|t:|1776431654\n|detailschange|p1b: Lopunny|Lopunny-Mega, L50, F\n|-mega|p1b: Lopunny|Lopunny|Lopunnite\n|move|p1b: Lopunny|Protect|p1b: Lopunny\n|-singleturn|p1b: Lopunny|Protect\n|move|p2b: Mamoswine|Earthquake|p1a: Basculegion|[spread] p2a,p1a\n|-activate|p1b: Lopunny|move: Protect\n|-supereffective|p2a: Arcanine|1\n|-damage|p2a: Arcanine|0 fnt\n|-damage|p1a: Basculegion|55/100\n|faint|p2a: Arcanine\n|move|p1a: Basculegion|Last Respects|p2b: Mamoswine\n|-damage|p2b: Mamoswine|0 fnt\n|faint|p2b: Mamoswine\n|\n|upkeep\n|-message|SammerJammer forfeited.\n|\n|win|regufe\n|raw|regufe's rating: 1118 &rarr; <strong>1138</strong><br />(+20 for winning)\n|raw|SammerJammer's rating: 1052 &rarr; <strong>1038</strong><br />(-14 for losing)\n|l|\u2606SammerJammer\n|player|p2|\n",
  "uploadtime": 1776431683,
  "views": 30,
  "formatid": "gen9championsvgc2026regma",
  "rating": 1038,
  "private": 0,
  "password": null
}