{
  "id": "gen9championsvgc2026regma-2588763143",
  "format": "[Gen 9 Champions] VGC 2026 Reg M-A",
  "players": [
    "esperanzasaltas",
    "gigaxp"
  ],
  "log": "|j|\u2606esperanzasaltas\n|j|\u2606gigaxp\n|t:|1776667602\n|gametype|doubles\n|player|p1|esperanzasaltas|wattson|1110\n|player|p2|gigaxp|1|1134\n|gen|9\n|tier|[Gen 9 Champions] VGC 2026 Reg M-A\n|rated|\n|rule|Species Clause: Limit one of each Pok\u00e9mon\n|rule|Item Clause: Limit 1 of each item\n|clearpoke\n|poke|p1|Tyranitar, L50, M|\n|poke|p1|Excadrill, L50, M|\n|poke|p1|Kommo-o, L50, M|\n|poke|p1|Sinistcha, L50|\n|poke|p1|Incineroar, L50, M|\n|poke|p1|Corviknight, L50, M|\n|poke|p2|Alakazam, L50, M|\n|poke|p2|Meowstic, L50, M|\n|poke|p2|Sinistcha-Masterpiece, L50|\n|poke|p2|Rotom-Wash, L50|\n|poke|p2|Sylveon, L50, F|\n|poke|p2|Incineroar, L50, M|\n|teampreview|4\n|\n|t:|1776667654\n|teamsize|p1|4\n|teamsize|p2|4\n|start\n|switch|p1a: Tyranitar|Tyranitar, L50, M|100/100\n|switch|p1b: Corviknight|Corviknight, L50, M|100/100\n|switch|p2a: Alakazam|Alakazam, L50, M|100/100\n|switch|p2b: Meowstic|Meowstic, L50, M|100/100\n|-weather|Sandstorm|[from] ability: Sand Stream|[of] p1a: Tyranitar\n|turn|1\n|inactive|Battle timer is ON: inactive players will automatically lose when time's up. (requested by esperanzasaltas)\n|\n|t:|1776667675\n|move|p1a: Tyranitar|Protect|p1a: Tyranitar\n|-singleturn|p1a: Tyranitar|Protect\n|move|p2b: Meowstic|Reflect|p2b: Meowstic\n|-sidestart|p2: gigaxp|Reflect\n|move|p2a: Alakazam|Nasty Plot|p2a: Alakazam\n|-boost|p2a: Alakazam|spa|2\n|move|p1b: Corviknight|Tailwind|p1b: Corviknight\n|-sidestart|p1: esperanzasaltas|move: Tailwind\n|\n|-weather|Sandstorm|[upkeep]\n|-damage|p2a: Alakazam|94/100|[from] Sandstorm\n|-damage|p2b: Meowstic|94/100|[from] Sandstorm\n|upkeep\n|turn|2\n|\n|t:|1776667699\n|detailschange|p2a: Alakazam|Alakazam-Mega, L50, M\n|-mega|p2a: Alakazam|Alakazam|Alakazite\n|-ability|p2a: Alakazam|Mirror Armor|Trace|[from] ability: Trace|[of] p1b: Corviknight\n|move|p2a: Alakazam|Protect|p2a: Alakazam\n|-singleturn|p2a: Alakazam|Protect\n|move|p1b: Corviknight|Bulk Up|p1b: Corviknight\n|-boost|p1b: Corviknight|atk|1\n|-boost|p1b: Corviknight|def|1\n|move|p1a: Tyranitar|Crunch|p2a: Alakazam\n|-activate|p2a: Alakazam|move: Protect\n|move|p2b: Meowstic|Trick Room|p2b: Meowstic\n|-fieldstart|move: Trick Room|[of] p2b: Meowstic\n|\n|-weather|Sandstorm|[upkeep]\n|-damage|p2b: Meowstic|88/100|[from] Sandstorm\n|-damage|p2a: Alakazam|88/100|[from] Sandstorm\n|upkeep\n|turn|3\n|inactive|esperanzasaltas has 30 seconds left.\n|inactive|esperanzasaltas has 20 seconds left.\n|inactive|esperanzasaltas has 15 seconds left.\n|\n|t:|1776667740\n|move|p1a: Tyranitar|Protect|p1a: Tyranitar\n|-singleturn|p1a: Tyranitar|Protect\n|move|p2b: Meowstic|Light Screen|p2b: Meowstic\n|-sidestart|p2: gigaxp|move: Light Screen\n|move|p2a: Alakazam|Focus Blast|p1a: Tyranitar\n|-activate|p1a: Tyranitar|move: Protect\n|move|p1b: Corviknight|Brave Bird|p2a: Alakazam\n|-damage|p2a: Alakazam|12/100\n|-damage|p1b: Corviknight|84/100|[from] Recoil\n|\n|-weather|Sandstorm|[upkeep]\n|-damage|p2b: Meowstic|82/100|[from] Sandstorm\n|-damage|p2a: Alakazam|6/100|[from] Sandstorm\n|upkeep\n|turn|4\n|inactive|esperanzasaltas has 30 seconds left.\n|\n|t:|1776667768\n|switch|p2b: Sinistcha|Sinistcha-Masterpiece, L50|100/100\n|-heal|p2a: Alakazam|31/100|[from] ability: Hospitality|[of] p2b: Sinistcha\n|switch|p1a: Excadrill|Excadrill, L50, M|100/100\n|move|p2a: Alakazam|Focus Blast|p1a: Excadrill\n|-supereffective|p1a: Excadrill|1\n|-enditem|p1a: Excadrill|Focus Sash\n|-damage|p1a: Excadrill|1/100\n|move|p1b: Corviknight|Brave Bird|p2a: Alakazam\n|-damage|p2a: Alakazam|0 fnt\n|faint|p2a: Alakazam\n|-damage|p1b: Corviknight|78/100|[from] Recoil\n|\n|-weather|Sandstorm|[upkeep]\n|-damage|p2b: Sinistcha|94/100|[from] Sandstorm\n|-sideend|p1: esperanzasaltas|move: Tailwind\n|upkeep\n|\n|t:|1776667787\n|switch|p2a: Incineroar|Incineroar, L50, M|100/100\n|-ability|p2a: Incineroar|Intimidate|boost\n|-unboost|p1a: Excadrill|atk|1\n|-ability|p1b: Corviknight|Mirror Armor\n|-unboost|p2a: Incineroar|atk|1\n|turn|5\n|inactive|gigaxp has 30 seconds left.\n|\n|t:|1776667817\n|switch|p1a: Incineroar|Incineroar, L50, M|100/100\n|-ability|p1a: Incineroar|Intimidate|boost\n|-unboost|p2a: Incineroar|atk|1\n|-unboost|p2b: Sinistcha|atk|1\n|move|p2a: Incineroar|Fake Out|p1a: Incineroar\n|-damage|p1a: Incineroar|96/100\n|move|p2b: Sinistcha|Matcha Gotcha|p1a: Incineroar|[spread] p1a,p1b\n|-resisted|p1a: Incineroar|1\n|-resisted|p1b: Corviknight|2\n|-damage|p1a: Incineroar|87/100\n|-heal|p2b: Sinistcha|99/100|[from] drain|[of] p1a: Incineroar\n|-damage|p1b: Corviknight|73/100\n|-heal|p2b: Sinistcha|100/100|[from] drain|[of] p1b: Corviknight\n|-status|p1b: Corviknight|brn\n|move|p1b: Corviknight|Bulk Up|p1b: Corviknight\n|-boost|p1b: Corviknight|atk|1\n|-boost|p1b: Corviknight|def|1\n|\n|-weather|none\n|-damage|p1b: Corviknight|67/100 brn|[from] brn\n|-sideend|p2: gigaxp|Reflect\n|upkeep\n|turn|6\n|inactive|esperanzasaltas has 30 seconds left.\n|inactive|gigaxp has 30 seconds left.\n|\n|t:|1776667846\n|switch|p2b: Meowstic|Meowstic, L50, M|82/100\n|move|p1a: Incineroar|Parting Shot|p2a: Incineroar\n|-unboost|p2a: Incineroar|atk|1\n|-unboost|p2a: Incineroar|spa|1\n|\n|t:|1776667855\n|switch|p1a: Tyranitar|Tyranitar, L50, M|100/100|[from] Parting Shot\n|-weather|Sandstorm|[from] ability: Sand Stream|[of] p1a: Tyranitar\n|move|p1b: Corviknight|Roost|p1b: Corviknight\n|-heal|p1b: Corviknight|100/100 brn\n|-singleturn|p1b: Corviknight|move: Roost\n|move|p2a: Incineroar|Flare Blitz|p1b: Corviknight\n|-supereffective|p1b: Corviknight|1\n|-enditem|p1b: Corviknight|Occa Berry|[eat]\n|-enditem|p1b: Corviknight|Occa Berry|[weaken]\n|-damage|p1b: Corviknight|91/100 brn\n|-damage|p2a: Incineroar|98/100|[from] Recoil\n|\n|-weather|Sandstorm|[upkeep]\n|-damage|p2a: Incineroar|92/100|[from] Sandstorm\n|-damage|p2b: Meowstic|76/100|[from] Sandstorm\n|-damage|p1b: Corviknight|85/100 brn|[from] brn\n|-fieldend|move: Trick Room\n|upkeep\n|turn|7\n|-message|gigaxp forfeited.\n|\n|win|esperanzasaltas\n|raw|esperanzasaltas's rating: 1110 &rarr; <strong>1137</strong><br />(+27 for winning)\n|raw|gigaxp's rating: 1134 &rarr; <strong>1107</strong><br />(-27 for losing)\n|l|\u2606gigaxp\n|player|p2|\n",
  "uploadtime": 1776667860,
  "views": 12,
  "formatid": "gen9championsvgc2026regma",
  "rating": 1107,
  "private": 0,
  "password": null
}