{
  "id": "gen9championsvgc2026regma-2587273266",
  "format": "[Gen 9 Champions] VGC 2026 Reg M-A",
  "players": [
    "h2obama",
    "chubbles no"
  ],
  "log": "|j|\u2606h2obama\n|j|\u2606chubbles no\n|t:|1776517045\n|gametype|doubles\n|player|p1|h2obama|170|1189\n|player|p2|chubbles no|linebacker|1165\n|gen|9\n|tier|[Gen 9 Champions] VGC 2026 Reg M-A\n|rated|\n|rule|Species Clause: Limit one of each Pok\u00e9mon\n|rule|Item Clause: Limit 1 of each item\n|clearpoke\n|poke|p1|Garchomp, L50, F|\n|poke|p1|Rotom-Heat, L50|\n|poke|p1|Basculegion, L50, M|\n|poke|p1|Pinsir, L50, M|\n|poke|p1|Archaludon, L50, M|\n|poke|p1|Sableye, L50, M|\n|poke|p2|Gengar, L50, M, shiny|\n|poke|p2|Sableye, L50, M, shiny|\n|poke|p2|Maushold-Four, L50|\n|poke|p2|Kingambit, L50, F, shiny|\n|poke|p2|Corviknight, L50, M|\n|poke|p2|Garchomp, L50, M, shiny|\n|teampreview|4\n|\n|t:|1776517090\n|teamsize|p1|4\n|teamsize|p2|4\n|start\n|switch|p1a: Sableye|Sableye, L50, M|100/100\n|switch|p1b: Basculegion|Basculegion, L50, M|100/100\n|switch|p2a: Corviknight|Corviknight, L50, M|100/100\n|switch|p2b: Sableye|Sableye, L50, M, shiny|100/100\n|turn|1\n|\n|t:|1776517110\n|move|p2a: Corviknight|Protect|p2a: Corviknight\n|-singleturn|p2a: Corviknight|Protect\n|move|p1a: Sableye|Fake Out|p2a: Corviknight\n|-activate|p2a: Corviknight|move: Protect\n|move|p2b: Sableye|Will-O-Wisp|p1b: Basculegion\n|-status|p1b: Basculegion|brn\n|move|p1b: Basculegion|Flip Turn|p2b: Sableye\n|-damage|p2b: Sableye|78/100\n|\n|t:|1776517121\n|switch|p1b: Archaludon|Archaludon, L50, M|100/100|[from] Flip Turn\n|\n|-heal|p2b: Sableye|83/100|[from] item: Leftovers\n|upkeep\n|turn|2\n|\n|t:|1776517144\n|move|p1a: Sableye|Rain Dance|p1a: Sableye\n|-weather|RainDance\n|move|p2b: Sableye|Will-O-Wisp|p1b: Archaludon\n|-status|p1b: Archaludon|brn\n|move|p1b: Archaludon|Electro Shot||[still]\n|-prepare|p1b: Archaludon|Electro Shot\n|-boost|p1b: Archaludon|spa|1\n|-anim|p1b: Archaludon|Electro Shot|p2a: Corviknight\n|-supereffective|p2a: Corviknight|1\n|-damage|p2a: Corviknight|0 fnt\n|faint|p2a: Corviknight\n|\n|-weather|RainDance|[upkeep]\n|-heal|p2b: Sableye|89/100|[from] item: Leftovers\n|-damage|p1b: Archaludon|94/100 brn|[from] brn\n|upkeep\n|\n|t:|1776517160\n|switch|p2a: Gengar|Gengar, L50, M, shiny|100/100\n|turn|3\n|\n|t:|1776517176\n|detailschange|p2a: Gengar|Gengar-Mega, L50, M, shiny\n|-mega|p2a: Gengar|Gengar|Gengarite\n|move|p1a: Sableye|Quash|p2a: Gengar\n|-activate|p2a: Gengar|move: Quash\n|move|p2b: Sableye|Disable|p1b: Archaludon\n|-start|p1b: Archaludon|Disable|Electro Shot\n|cant|p1b: Archaludon|Disable|Electro Shot\n|move|p2a: Gengar|Shadow Ball|p1b: Archaludon\n|-damage|p1b: Archaludon|41/100 brn\n|\n|-weather|RainDance|[upkeep]\n|-heal|p2b: Sableye|95/100|[from] item: Leftovers\n|-damage|p1b: Archaludon|35/100 brn|[from] brn\n|upkeep\n|turn|4\n|\n|t:|1776517196\n|switch|p2b: Maushold|Maushold-Four, L50|100/100\n|move|p2a: Gengar|Protect|p2a: Gengar\n|-singleturn|p2a: Gengar|Protect\n|move|p1a: Sableye|Quash|p2a: Gengar\n|-activate|p2a: Gengar|move: Protect\n|move|p1b: Archaludon|Flash Cannon|p2a: Gengar\n|-activate|p2a: Gengar|move: Protect\n|\n|-weather|RainDance|[upkeep]\n|-damage|p1b: Archaludon|29/100 brn|[from] brn\n|upkeep\n|turn|5\n|\n|t:|1776517213\n|move|p2b: Maushold|Follow Me|p2b: Maushold\n|-singleturn|p2b: Maushold|move: Follow Me\n|move|p1a: Sableye|Quash||[still]\n|-fail|p1a: Sableye\n|move|p2a: Gengar|Shadow Ball|p1b: Archaludon\n|-damage|p1b: Archaludon|0 fnt\n|faint|p1b: Archaludon\n|\n|-weather|RainDance|[upkeep]\n|upkeep\n|\n|t:|1776517222\n|switch|p1b: Pinsir|Pinsir, L50, M|100/100\n|turn|6\n|\n|t:|1776517238\n|detailschange|p1b: Pinsir|Pinsir-Mega, L50, M\n|-mega|p1b: Pinsir|Pinsir|Pinsirite\n|move|p2a: Gengar|Nasty Plot|p2a: Gengar\n|-boost|p2a: Gengar|spa|2\n|move|p2b: Maushold|Taunt|p1a: Sableye\n|-start|p1a: Sableye|move: Taunt\n|move|p1b: Pinsir|Body Slam|p2b: Maushold\n|-damage|p2b: Maushold|19/100\n|move|p1a: Sableye|Foul Play|p2a: Gengar\n|-supereffective|p2a: Gengar|1\n|-damage|p2a: Gengar|55/100\n|\n|-weather|none\n|upkeep\n|turn|7\n|\n|t:|1776517264\n|switch|p1a: Basculegion|Basculegion, L50, M|100/100 brn\n|move|p1b: Pinsir|Protect|p1b: Pinsir\n|-singleturn|p1b: Pinsir|Protect\n|move|p2b: Maushold|Follow Me|p2b: Maushold\n|-singleturn|p2b: Maushold|move: Follow Me\n|move|p2a: Gengar|Shadow Ball|p1b: Pinsir\n|-activate|p1b: Pinsir|move: Protect\n|\n|-damage|p1a: Basculegion|94/100 brn|[from] brn\n|upkeep\n|turn|8\n|\n|t:|1776517281\n|move|p2b: Maushold|Follow Me|p2b: Maushold\n|-singleturn|p2b: Maushold|move: Follow Me\n|move|p1b: Pinsir|Feint|p2b: Maushold\n|-damage|p2b: Maushold|0 fnt\n|faint|p2b: Maushold\n|move|p1a: Basculegion|Last Respects|p2a: Gengar\n|-supereffective|p2a: Gengar|1\n|-damage|p2a: Gengar|0 fnt\n|faint|p2a: Gengar\n|\n|-damage|p1a: Basculegion|88/100 brn|[from] brn\n|upkeep\n|\n|t:|1776517294\n|switch|p2a: Sableye|Sableye, L50, M, shiny|95/100\n|turn|9\n|-message|chubbles no forfeited.\n|\n|win|h2obama\n|raw|h2obama's rating: 1189 &rarr; <strong>1212</strong><br />(+23 for winning)\n|raw|chubbles no's rating: 1165 &rarr; <strong>1142</strong><br />(-23 for losing)\n|l|\u2606chubbles no\n|player|p2|\n|c|\u2606h2obama|Ngl kinda feeling myself\n|c|\u2606h2obama|gg\n",
  "uploadtime": 1776517311,
  "views": 35,
  "formatid": "gen9championsvgc2026regma",
  "rating": 1142,
  "private": 0,
  "password": null
}