{
  "id": "gen9championsvgc2026regma-2583551452",
  "format": "[Gen 9 Champions] VGC 2026 Reg M-A",
  "players": [
    "ace the des",
    "LakeHuron"
  ],
  "log": "|j|\u2606ace the des\n|j|\u2606LakeHuron\n|t:|1776182794\n|gametype|doubles\n|player|p1|ace the des|iris-gen5bw2|1216\n|player|p2|LakeHuron|aetherfoundation2|1253\n|gen|9\n|tier|[Gen 9 Champions] VGC 2026 Reg M-A\n|rated|\n|rule|Species Clause: Limit one of each Pok\u00e9mon\n|rule|Item Clause: Limit 1 of each item\n|clearpoke\n|poke|p1|Golurk, L50|\n|poke|p1|Farigiraf, L50, F|\n|poke|p1|Incineroar, L50, M|\n|poke|p1|Torkoal, L50, F|\n|poke|p1|Sneasler, L50, F|\n|poke|p1|Venusaur, L50, M|\n|poke|p2|Heracross, L50, M|\n|poke|p2|Sinistcha, L50|\n|poke|p2|Incineroar, L50, M|\n|poke|p2|Farigiraf, L50, F|\n|poke|p2|Aerodactyl, L50, F|\n|poke|p2|Kingambit, L50, M|\n|teampreview|4\n|\n|t:|1776182817\n|teamsize|p1|4\n|teamsize|p2|4\n|start\n|switch|p1a: ultra golurk|Golurk, L50, shiny|100/100\n|switch|p1b: Farigiraf|Farigiraf, L50, F|100/100\n|switch|p2a: Sinistcha|Sinistcha, L50|100/100\n|switch|p2b: Heracross|Heracross, L50, M|100/100\n|turn|1\n|\n|t:|1776182832\n|detailschange|p2b: Heracross|Heracross-Mega, L50, M\n|-mega|p2b: Heracross|Heracross|Heracronite\n|move|p1a: ultra golurk|Protect|p1a: ultra golurk\n|-singleturn|p1a: ultra golurk|Protect\n|move|p2b: Heracross|Knock Off|p1b: Farigiraf\n|-supereffective|p1b: Farigiraf|1\n|-damage|p1b: Farigiraf|18/100\n|-enditem|p1b: Farigiraf|Sitrus Berry|[from] move: Knock Off|[of] p2b: Heracross\n|move|p2a: Sinistcha|Strength Sap|p1a: ultra golurk\n|-activate|p1a: ultra golurk|move: Protect\n|move|p1b: Farigiraf|Trick Room|p1b: Farigiraf\n|-fieldstart|move: Trick Room|[of] p1b: Farigiraf\n|\n|upkeep\n|turn|2\n|\n|t:|1776182857\n|switch|p1b: Torkoal|Torkoal, L50, F|100/100\n|-weather|SunnyDay|[from] ability: Drought|[of] p1b: Torkoal\n|detailschange|p1a: ultra golurk|Golurk-Mega, L50, shiny\n|-mega|p1a: ultra golurk|Golurk|Golurkite\n|move|p2b: Heracross|Protect|p2b: Heracross\n|-singleturn|p2b: Heracross|Protect\n|move|p1a: ultra golurk|Poltergeist|p2a: Sinistcha\n|-activate|p2a: Sinistcha|move: Poltergeist|Mental Herb\n|-supereffective|p2a: Sinistcha|1\n|-damage|p2a: Sinistcha|0 fnt\n|faint|p2a: Sinistcha\n|\n|-weather|SunnyDay|[upkeep]\n|upkeep\n|\n|t:|1776182870\n|switch|p2a: Farigiraf|Farigiraf, L50, F|100/100\n|turn|3\n|\n|t:|1776182883\n|switch|p2b: Incineroar|Incineroar, L50, M|100/100\n|-ability|p2b: Incineroar|Intimidate|boost\n|-unboost|p1a: ultra golurk|atk|1\n|-unboost|p1b: Torkoal|atk|1\n|move|p1b: Torkoal|Eruption|p2b: Incineroar|[spread] p2a,p2b\n|-resisted|p2b: Incineroar|1\n|-damage|p2a: Farigiraf|42/100\n|-damage|p2b: Incineroar|77/100\n|move|p1a: ultra golurk|Headlong Rush|p2a: Farigiraf\n|-damage|p2a: Farigiraf|0 fnt\n|-unboost|p1a: ultra golurk|def|1\n|-unboost|p1a: ultra golurk|spd|1\n|faint|p2a: Farigiraf\n|\n|-weather|SunnyDay|[upkeep]\n|-heal|p2b: Incineroar|83/100|[from] item: Leftovers\n|upkeep\n|\n|t:|1776182892\n|switch|p2a: Heracross|Heracross-Mega, L50, M|100/100\n|turn|4\n|\n|t:|1776182907\n|move|p2b: Incineroar|Fake Out|p1b: Torkoal\n|-damage|p1b: Torkoal|93/100\n|cant|p1b: Torkoal|flinch\n|move|p1a: ultra golurk|Headlong Rush|p2b: Incineroar\n|-supereffective|p2b: Incineroar|1\n|-damage|p2b: Incineroar|0 fnt\n|-unboost|p1a: ultra golurk|def|1\n|-unboost|p1a: ultra golurk|spd|1\n|faint|p2b: Incineroar\n|move|p2a: Heracross|Knock Off|p1a: ultra golurk\n|-supereffective|p1a: ultra golurk|1\n|-damage|p1a: ultra golurk|0 fnt\n|faint|p1a: ultra golurk\n|\n|-weather|SunnyDay|[upkeep]\n|upkeep\n|\n|t:|1776182911\n|switch|p1a: Sneasler|Sneasler, L50, F|100/100\n|turn|5\n|\n|t:|1776182919\n|move|p2a: Heracross|Protect|p2a: Heracross\n|-singleturn|p2a: Heracross|Protect\n|move|p1a: Sneasler|Fake Out|p2a: Heracross\n|-activate|p2a: Heracross|move: Protect\n|move|p1b: Torkoal|Eruption|p2a: Heracross\n|-activate|p2a: Heracross|move: Protect\n|\n|-weather|SunnyDay|[upkeep]\n|-fieldend|move: Trick Room\n|upkeep\n|turn|6\n|\n|t:|1776182926\n|move|p1a: Sneasler|Close Combat|p2a: Heracross\n|-resisted|p2a: Heracross|1\n|-damage|p2a: Heracross|67/100\n|-unboost|p1a: Sneasler|def|1\n|-unboost|p1a: Sneasler|spd|1\n|-enditem|p1a: Sneasler|White Herb\n|-clearnegativeboost|p1a: Sneasler|[silent]\n|move|p2a: Heracross|Rock Blast|p1b: Torkoal\n|-supereffective|p1b: Torkoal|1\n|-damage|p1b: Torkoal|75/100\n|-supereffective|p1b: Torkoal|1\n|-crit|p1b: Torkoal\n|-damage|p1b: Torkoal|47/100\n|-supereffective|p1b: Torkoal|1\n|-damage|p1b: Torkoal|29/100\n|-supereffective|p1b: Torkoal|1\n|-damage|p1b: Torkoal|11/100\n|-supereffective|p1b: Torkoal|1\n|-damage|p1b: Torkoal|0 fnt\n|faint|p1b: Torkoal\n|-hitcount|p1: Torkoal|5\n|\n|-weather|none\n|upkeep\n|\n|t:|1776182935\n|switch|p1b: Farigiraf|Farigiraf, L50, F|18/100\n|turn|7\n|\n|t:|1776182946\n|move|p2a: Heracross|Protect|p2a: Heracross\n|-singleturn|p2a: Heracross|Protect\n|move|p1a: Sneasler|Close Combat|p2a: Heracross\n|-activate|p2a: Heracross|move: Protect\n|move|p1b: Farigiraf|Psychic|p2a: Heracross\n|-activate|p2a: Heracross|move: Protect\n|\n|upkeep\n|turn|8\n|\n|t:|1776182951\n|move|p1a: Sneasler|Close Combat|p2a: Heracross\n|-resisted|p2a: Heracross|1\n|-damage|p2a: Heracross|39/100\n|-unboost|p1a: Sneasler|def|1\n|-unboost|p1a: Sneasler|spd|1\n|move|p2a: Heracross|Knock Off|p1b: Farigiraf\n|-supereffective|p1b: Farigiraf|1\n|-damage|p1b: Farigiraf|0 fnt\n|faint|p1b: Farigiraf\n|\n|upkeep\n|turn|9\n|\n|t:|1776182960\n|move|p1a: Sneasler|Close Combat|p2a: Heracross\n|-resisted|p2a: Heracross|1\n|-damage|p2a: Heracross|9/100\n|-unboost|p1a: Sneasler|def|1\n|-unboost|p1a: Sneasler|spd|1\n|move|p2a: Heracross|Close Combat|p1a: Sneasler\n|-resisted|p1a: Sneasler|1\n|-damage|p1a: Sneasler|0 fnt\n|-unboost|p2a: Heracross|def|1\n|-unboost|p2a: Heracross|spd|1\n|faint|p1a: Sneasler\n|\n|win|LakeHuron\n|raw|ace the des's rating: 1216 &rarr; <strong>1194</strong><br />(-22 for losing)\n|raw|LakeHuron's rating: 1253 &rarr; <strong>1275</strong><br />(+22 for winning)\n|l|\u2606ace the des\n|player|p1|\n",
  "uploadtime": 1776182972,
  "views": 21,
  "formatid": "gen9championsvgc2026regma",
  "rating": 1194,
  "private": 0,
  "password": null
}