{
  "id": "gen9championsvgc2026regma-2584294089",
  "format": "[Gen 9 Champions] VGC 2026 Reg M-A",
  "players": [
    "Zhi2",
    "Hideonfary"
  ],
  "log": "|j|\u2606Zhi2\n|j|\u2606Hideonfary\n|t:|1776248089\n|gametype|doubles\n|player|p1|Zhi2|266|1047\n|player|p2|Hideonfary|265|1083\n|gen|9\n|tier|[Gen 9 Champions] VGC 2026 Reg M-A\n|rated|\n|rule|Species Clause: Limit one of each Pok\u00e9mon\n|rule|Item Clause: Limit 1 of each item\n|clearpoke\n|poke|p1|Pelipper, L50, M|\n|poke|p1|Blastoise, L50, F|\n|poke|p1|Starmie, L50|\n|poke|p1|Sinistcha, L50|\n|poke|p1|Kingambit, L50, M|\n|poke|p1|Garchomp, L50, M|\n|poke|p2|Farigiraf, L50, F|\n|poke|p2|Torkoal, L50, M|\n|poke|p2|Hatterene, L50, F|\n|poke|p2|Meowstic, L50, M|\n|poke|p2|Aggron, L50, M|\n|poke|p2|Conkeldurr, L50, M|\n|teampreview|4\n|\n|t:|1776248167\n|teamsize|p1|4\n|teamsize|p2|4\n|start\n|switch|p1a: Blastoise|Blastoise, L50, F|100/100\n|switch|p1b: Garchomp|Garchomp, L50, M|100/100\n|switch|p2a: Farigiraf|Farigiraf, L50, F|100/100\n|switch|p2b: Aggron|Aggron, L50, M|100/100\n|turn|1\n|\n|t:|1776248194\n|detailschange|p1a: Blastoise|Blastoise-Mega, L50, F\n|-mega|p1a: Blastoise|Blastoise|Blastoisinite\n|detailschange|p2b: Aggron|Aggron-Mega, L50, M\n|-mega|p2b: Aggron|Aggron|Aggronite\n|move|p1b: Garchomp|Rock Slide|p2a: Farigiraf|[spread] p2a,p2b\n|-resisted|p2b: Aggron|1\n|-damage|p2a: Farigiraf|83/100\n|-damage|p2b: Aggron|96/100\n|move|p1a: Blastoise|Water Spout|p2b: Aggron|[spread] p2a,p2b\n|-damage|p2a: Farigiraf|25/100\n|-damage|p2b: Aggron|39/100\n|-enditem|p2a: Farigiraf|Sitrus Berry|[eat]\n|-heal|p2a: Farigiraf|49/100|[from] item: Sitrus Berry\n|move|p2b: Aggron|Iron Defense|p2b: Aggron\n|-boost|p2b: Aggron|def|2\n|move|p2a: Farigiraf|Trick Room|p2a: Farigiraf\n|-fieldstart|move: Trick Room|[of] p2a: Farigiraf\n|\n|upkeep\n|turn|2\n|\n|t:|1776248217\n|move|p2b: Aggron|Body Press|p1a: Blastoise\n|-damage|p1a: Blastoise|19/100\n|move|p2a: Farigiraf|Psychic|p1a: Blastoise\n|-damage|p1a: Blastoise|0 fnt\n|faint|p1a: Blastoise\n|move|p1b: Garchomp|Rock Slide|p2b: Aggron|[spread] p2a,p2b\n|-resisted|p2b: Aggron|1\n|-damage|p2a: Farigiraf|31/100\n|-damage|p2b: Aggron|37/100\n|\n|upkeep\n|\n|t:|1776248230\n|switch|p1a: Sinistcha|Sinistcha, L50|100/100\n|turn|3\n|\n|t:|1776248240\n|switch|p1b: Pelipper|Pelipper, L50, M|100/100\n|-weather|RainDance|[from] ability: Drizzle|[of] p1b: Pelipper\n|move|p2b: Aggron|Protect|p2b: Aggron\n|-singleturn|p2b: Aggron|Protect\n|move|p2a: Farigiraf|Psychic|p1b: Pelipper\n|-damage|p1b: Pelipper|55/100\n|move|p1a: Sinistcha|Trick Room|p1a: Sinistcha\n|-fieldend|move: Trick Room\n|\n|-weather|RainDance|[upkeep]\n|upkeep\n|turn|4\n|\n|t:|1776248263\n|move|p1a: Sinistcha|Scald|p2b: Aggron\n|-damage|p2b: Aggron|7/100\n|move|p1b: Pelipper|Hurricane|p2a: Farigiraf\n|-damage|p2a: Farigiraf|1/100\n|-start|p2a: Farigiraf|confusion\n|move|p2b: Aggron|Heavy Slam|p1a: Sinistcha\n|-damage|p1a: Sinistcha|49/100\n|-activate|p2a: Farigiraf|confusion\n|move|p2a: Farigiraf|Trick Room|p2a: Farigiraf\n|-fieldstart|move: Trick Room|[of] p2a: Farigiraf\n|\n|-weather|RainDance|[upkeep]\n|upkeep\n|turn|5\n|\n|t:|1776248283\n|move|p2b: Aggron|Body Press|p1b: Pelipper\n|-resisted|p1b: Pelipper|1\n|-crit|p1b: Pelipper\n|-damage|p1b: Pelipper|0 fnt\n|faint|p1b: Pelipper\n|-activate|p2a: Farigiraf|confusion\n|-damage|p2a: Farigiraf|0 fnt|[from] confusion\n|faint|p2a: Farigiraf\n|move|p1a: Sinistcha|Trick Room|p1a: Sinistcha\n|-fieldend|move: Trick Room\n|\n|-weather|RainDance|[upkeep]\n|upkeep\n|\n|t:|1776248297\n|switch|p1b: Garchomp|Garchomp, L50, M|100/100\n|switch|p2a: Meowstic|Meowstic, L50, M|100/100\n|turn|6\n|\n|t:|1776248309\n|move|p1a: Sinistcha|Protect|p1a: Sinistcha\n|-singleturn|p1a: Sinistcha|Protect\n|move|p1b: Garchomp|Earthquake|p2a: Meowstic|[spread] p2a,p2b\n|-activate|p1a: Sinistcha|move: Protect\n|-supereffective|p2b: Aggron|1\n|-damage|p2a: Meowstic|44/100\n|-damage|p2b: Aggron|0 fnt\n|faint|p2b: Aggron\n|move|p2a: Meowstic|Dark Pulse|p1a: Sinistcha\n|-activate|p1a: Sinistcha|move: Protect\n|\n|-weather|RainDance|[upkeep]\n|upkeep\n|\n|t:|1776248314\n|switch|p2b: Conkeldurr|Conkeldurr, L50, M|100/100\n|turn|7\n|\n|t:|1776248328\n|move|p2b: Conkeldurr|Protect|p2b: Conkeldurr\n|-singleturn|p2b: Conkeldurr|Protect\n|move|p1b: Garchomp|Earthquake|p2b: Conkeldurr|[spread] p1a,p2a\n|-activate|p2b: Conkeldurr|move: Protect\n|-resisted|p1a: Sinistcha|1\n|-damage|p1a: Sinistcha|31/100\n|-damage|p2a: Meowstic|0 fnt\n|faint|p2a: Meowstic\n|move|p1a: Sinistcha|Matcha Gotcha|p2b: Conkeldurr\n|-activate|p2b: Conkeldurr|move: Protect\n|\n|-weather|none\n|upkeep\n|turn|8\n|\n|t:|1776248346\n|move|p1b: Garchomp|Earthquake|p2b: Conkeldurr|[spread] p1a,p2b\n|-resisted|p1a: Sinistcha|1\n|-damage|p1a: Sinistcha|12/100\n|-damage|p2b: Conkeldurr|62/100\n|move|p1a: Sinistcha|Matcha Gotcha|p2b: Conkeldurr\n|-damage|p2b: Conkeldurr|30/100\n|-heal|p1a: Sinistcha|32/100|[from] drain|[of] p2b: Conkeldurr\n|move|p2b: Conkeldurr|Brick Break|p1b: Garchomp\n|-damage|p1b: Garchomp|52/100\n|-damage|p2b: Conkeldurr|17/100|[from] ability: Rough Skin|[of] p1b: Garchomp\n|\n|upkeep\n|turn|9\n|-message|Hideonfary forfeited.\n|\n|win|Zhi2\n|raw|Zhi2's rating: 1047 &rarr; <strong>1083</strong><br />(+36 for winning)\n|raw|Hideonfary's rating: 1083 &rarr; <strong>1058</strong><br />(-25 for losing)\n|l|\u2606Hideonfary\n|player|p2|\n",
  "uploadtime": 1776248367,
  "views": 23,
  "formatid": "gen9championsvgc2026regma",
  "rating": 1058,
  "private": 0,
  "password": null
}