{
  "id": "gen9championsvgc2026regma-2586980447",
  "format": "[Gen 9 Champions] VGC 2026 Reg M-A",
  "players": [
    "Testetestthetest",
    "Onyx45310"
  ],
  "log": "|j|\u2606Testetestthetest\n|j|\u2606Onyx45310\n|t:|1776477869\n|gametype|doubles\n|player|p1|Testetestthetest|266|1000\n|player|p2|Onyx45310|li|1026\n|gen|9\n|tier|[Gen 9 Champions] VGC 2026 Reg M-A\n|rated|\n|rule|Species Clause: Limit one of each Pok\u00e9mon\n|rule|Item Clause: Limit 1 of each item\n|clearpoke\n|poke|p1|Sableye, L50, F|\n|poke|p1|Garchomp, L50, F|\n|poke|p1|Gengar, L50, M|\n|poke|p1|Ariados, L50, M|\n|poke|p1|Farigiraf, L50, F|\n|poke|p1|Kingambit, L50, F|\n|poke|p2|Excadrill, L50, M|\n|poke|p2|Tyranitar, L50, F|\n|poke|p2|Garchomp, L50, M|\n|poke|p2|Orthworm, L50, F|\n|poke|p2|Farigiraf, L50, M|\n|poke|p2|Aerodactyl, L50, M|\n|teampreview|4\n|\n|t:|1776477891\n|teamsize|p1|4\n|teamsize|p2|4\n|start\n|switch|p1a: Sableye|Sableye, L50, F|100/100\n|switch|p1b: Garchomp|Garchomp, L50, F|100/100\n|switch|p2a: Tyranitar|Tyranitar, L50, F|100/100\n|switch|p2b: Orthworm|Orthworm, L50, F|100/100\n|-weather|Sandstorm|[from] ability: Sand Stream|[of] p2a: Tyranitar\n|turn|1\n|\n|t:|1776477909\n|move|p2a: Tyranitar|Protect|p2a: Tyranitar\n|-singleturn|p2a: Tyranitar|Protect\n|move|p1a: Sableye|Gravity|p1a: Sableye\n|-fieldstart|move: Gravity\n|move|p1b: Garchomp|Earthquake|p2a: Tyranitar|[spread] p1a\n|-activate|p2a: Tyranitar|move: Protect\n|-immune|p2b: Orthworm|[from] ability: Earth Eater\n|-damage|p1a: Sableye|41/100\n|move|p2b: Orthworm|Shed Tail|p2b: Orthworm\n|-start|p2b: Orthworm|Substitute|[from] move: Shed Tail\n|-damage|p2b: Orthworm|50/100\n|\n|t:|1776477923\n|switch|p2b: Excadrill|Excadrill, L50, M|100/100|[from] Shed Tail\n|\n|-weather|Sandstorm|[upkeep]\n|-damage|p1a: Sableye|35/100|[from] Sandstorm\n|upkeep\n|turn|2\n|\n|t:|1776477960\n|move|p1a: Sableye|Will-O-Wisp|p2a: Tyranitar\n|-hint|Since gen 7, Dark is immune to Prankster moves.\n|-immune|p2a: Tyranitar\n|move|p2b: Excadrill|Earthquake|p1b: Garchomp|[spread] p2a,p1a,p1b\n|-supereffective|p2a: Tyranitar|1\n|-damage|p2a: Tyranitar|29/100\n|-damage|p1a: Sableye|0 fnt\n|-damage|p1b: Garchomp|56/100\n|faint|p1a: Sableye\n|move|p1b: Garchomp|Earthquake|p2a: Tyranitar|[spread] p2a,p2b\n|-supereffective|p2b: Excadrill|1\n|-end|p2b: Excadrill|Substitute\n|-supereffective|p2a: Tyranitar|1\n|-damage|p2a: Tyranitar|0 fnt\n|faint|p2a: Tyranitar\n|\n|-weather|Sandstorm|[upkeep]\n|upkeep\n|inactive|Battle timer is ON: inactive players will automatically lose when time's up. (requested by Onyx45310)\n|\n|t:|1776478019\n|switch|p2a: Aerodactyl|Aerodactyl, L50, M|100/100\n|switch|p1a: Ariados|Ariados, L50, M|100/100\n|turn|3\n|inactive|Onyx45310 has 30 seconds left.\n|\n|t:|1776478047\n|detailschange|p2b: Excadrill|Excadrill-Mega, L50, M\n|-mega|p2b: Excadrill|Excadrill|Excadrite\n|move|p1b: Garchomp|Earthquake|p2b: Excadrill|[spread] p1a,p2a,p2b\n|-supereffective|p2a: Aerodactyl|1\n|-supereffective|p2b: Excadrill|1\n|-damage|p1a: Ariados|34/100\n|-enditem|p2a: Aerodactyl|Focus Sash\n|-damage|p2a: Aerodactyl|1/100\n|-damage|p2b: Excadrill|17/100\n|-enditem|p1a: Ariados|Sitrus Berry|[eat]\n|-heal|p1a: Ariados|59/100|[from] item: Sitrus Berry\n|move|p2a: Aerodactyl|Rock Slide|p1b: Garchomp|[spread] p1a,p1b\n|-supereffective|p1a: Ariados|1\n|-resisted|p1b: Garchomp|1\n|-damage|p1a: Ariados|0 fnt\n|-damage|p1b: Garchomp|43/100\n|faint|p1a: Ariados\n|move|p2b: Excadrill|Rock Slide|p1b: Garchomp\n|-resisted|p1b: Garchomp|1\n|-damage|p1b: Garchomp|27/100\n|\n|-weather|Sandstorm|[upkeep]\n|upkeep\n|inactive|Testetestthetest has 30 seconds left.\n|inactive|Testetestthetest has 20 seconds left.\n|inactive|Testetestthetest has 15 seconds left.\n|inactive|Testetestthetest has 10 seconds left.\n|inactive|Testetestthetest has 5 seconds left.\n|\n|t:|1776478102\n|switch|p1a: Gengar|Gengar, L50, M, shiny|100/100\n|turn|4\n|inactive|Onyx45310 has 30 seconds left.\n|\n|t:|1776478137\n|detailschange|p1a: Gengar|Gengar-Mega, L50, M, shiny\n|-mega|p1a: Gengar|Gengar|Gengarite\n|move|p1a: Gengar|Protect|p1a: Gengar\n|-singleturn|p1a: Gengar|Protect\n|move|p2a: Aerodactyl|Protect|p2a: Aerodactyl\n|-singleturn|p2a: Aerodactyl|Protect\n|move|p1b: Garchomp|Earthquake|p2b: Excadrill|[spread] p2b\n|-activate|p1a: Gengar|move: Protect\n|-activate|p2a: Aerodactyl|move: Protect\n|-supereffective|p2b: Excadrill|1\n|-damage|p2b: Excadrill|0 fnt\n|faint|p2b: Excadrill\n|\n|-weather|Sandstorm|[upkeep]\n|-damage|p1a: Gengar|95/100|[from] Sandstorm\n|upkeep\n|\n|t:|1776478153\n|switch|p2b: Orthworm|Orthworm, L50, F|50/100\n|turn|5\n|\n|t:|1776478177\n|move|p2b: Orthworm|Protect|p2b: Orthworm\n|-singleturn|p2b: Orthworm|Protect\n|move|p1b: Garchomp|Earthquake|p2b: Orthworm|[spread] p1a,p2a\n|-activate|p2b: Orthworm|move: Protect\n|-supereffective|p1a: Gengar|1\n|-crit|p1a: Gengar\n|-supereffective|p2a: Aerodactyl|1\n|-damage|p1a: Gengar|0 fnt\n|-damage|p2a: Aerodactyl|0 fnt\n|faint|p1a: Gengar\n|faint|p2a: Aerodactyl\n|\n|-weather|none\n|-heal|p2b: Orthworm|56/100|[from] item: Leftovers\n|-fieldend|move: Gravity\n|upkeep\n|turn|6\n|-message|Testetestthetest forfeited.\n|\n|win|Onyx45310\n|raw|Testetestthetest's rating: 1040 &rarr; <strong>1023</strong><br />(-17 for losing)\n|raw|Onyx45310's rating: 1026 &rarr; <strong>1064</strong><br />(+38 for winning)\n|l|\u2606Testetestthetest\n|player|p1|\n",
  "uploadtime": 1776478201,
  "views": 55,
  "formatid": "gen9championsvgc2026regma",
  "rating": 1023,
  "private": 0,
  "password": null
}