{
  "id": "gen9championsvgc2026regma-2585326584",
  "format": "[Gen 9 Champions] VGC 2026 Reg M-A",
  "players": [
    "ka12",
    "colfox"
  ],
  "log": "|j|\u2606ka12\n|j|\u203dcolfox\n|t:|1776338095\n|gametype|doubles\n|player|p1|ka12|170|1306\n|player|p2|colfox|2|1243\n|gen|9\n|tier|[Gen 9 Champions] VGC 2026 Reg M-A\n|rated|\n|rule|Species Clause: Limit one of each Pok\u00e9mon\n|rule|Item Clause: Limit 1 of each item\n|clearpoke\n|poke|p1|Tyranitar, L50, M|\n|poke|p1|Blastoise, L50, F|\n|poke|p1|Sinistcha-Masterpiece, L50|\n|poke|p1|Incineroar, L50, M|\n|poke|p1|Excadrill, L50, F|\n|poke|p1|Farigiraf, L50, M|\n|poke|p2|Sylveon, L50, M|\n|poke|p2|Garchomp, L50, M|\n|poke|p2|Milotic, L50, M|\n|poke|p2|Ninetales, L50, F|\n|poke|p2|Raichu, L50, M|\n|poke|p2|Scizor, L50, M|\n|teampreview|4\n|\n|t:|1776338147\n|teamsize|p1|4\n|teamsize|p2|4\n|start\n|switch|p1a: Blastoise|Blastoise, L50, F|100/100\n|switch|p1b: Sinistcha|Sinistcha-Masterpiece, L50|100/100\n|switch|p2a: Milotic|Milotic, L50, M|100/100\n|switch|p2b: Raichu|Raichu, L50, M|100/100\n|turn|1\n|\n|t:|1776338185\n|move|p1a: Blastoise|Protect|p1a: Blastoise\n|-singleturn|p1a: Blastoise|Protect\n|move|p2b: Raichu|Thunderbolt|p1a: Blastoise\n|-activate|p1a: Blastoise|move: Protect\n|move|p2a: Milotic|Icy Wind|p1a: Blastoise|[spread] p1b\n|-activate|p1a: Blastoise|move: Protect\n|-supereffective|p1b: Sinistcha|1\n|-crit|p1b: Sinistcha\n|-damage|p1b: Sinistcha|54/100\n|-unboost|p1b: Sinistcha|spe|1\n|move|p1b: Sinistcha|Matcha Gotcha|p2b: Raichu|[spread] p2a,p2b\n|-supereffective|p2a: Milotic|1\n|-damage|p2a: Milotic|65/100\n|-heal|p1b: Sinistcha|75/100|[from] drain|[of] p2a: Milotic\n|-damage|p2b: Raichu|65/100\n|-heal|p1b: Sinistcha|88/100|[from] drain|[of] p2b: Raichu\n|\n|upkeep\n|turn|2\n|\n|t:|1776338222\n|switch|p1a: Tyranitar|Tyranitar, L50, M|100/100\n|-weather|Sandstorm|[from] ability: Sand Stream|[of] p1a: Tyranitar\n|move|p2b: Raichu|Thunderbolt|p1a: Tyranitar\n|-damage|p1a: Tyranitar|76/100\n|move|p2a: Milotic|Icy Wind|p1a: Tyranitar|[spread] p1a,p1b\n|-supereffective|p1b: Sinistcha|1\n|-damage|p1a: Tyranitar|69/100\n|-damage|p1b: Sinistcha|58/100\n|-unboost|p1a: Tyranitar|spe|1\n|-unboost|p1b: Sinistcha|spe|1\n|move|p1b: Sinistcha|Trick Room|p1b: Sinistcha\n|-fieldstart|move: Trick Room|[of] p1b: Sinistcha\n|\n|-weather|Sandstorm|[upkeep]\n|-damage|p1b: Sinistcha|52/100|[from] Sandstorm\n|-damage|p2a: Milotic|59/100|[from] Sandstorm\n|-damage|p2b: Raichu|59/100|[from] Sandstorm\n|upkeep\n|turn|3\n|inactive|Battle timer is ON: inactive players will automatically lose when time's up. (requested by ka12)\n|\n|t:|1776338254\n|switch|p2b: Scizor|Scizor, L50, M|100/100\n|detailschange|p1a: Tyranitar|Tyranitar-Mega, L50, M\n|-mega|p1a: Tyranitar|Tyranitar|Tyranitarite\n|move|p1b: Sinistcha|Matcha Gotcha|p2b: Scizor|[spread] p2a\n|-miss|p1b: Sinistcha|p2b: Scizor\n|-supereffective|p2a: Milotic|1\n|-damage|p2a: Milotic|26/100\n|-heal|p1b: Sinistcha|70/100|[from] drain|[of] p2a: Milotic\n|move|p1a: Tyranitar|Rock Slide|p2b: Scizor|[spread] p2a,p2b\n|-damage|p2a: Milotic|0 fnt\n|-damage|p2b: Scizor|66/100\n|faint|p2a: Milotic\n|\n|-weather|Sandstorm|[upkeep]\n|-damage|p1b: Sinistcha|64/100|[from] Sandstorm\n|upkeep\n|\n|t:|1776338273\n|switch|p2a: Garchomp|Garchomp, L50, M|100/100\n|turn|4\n|\n|t:|1776338291\n|switch|p1b: Incineroar|Incineroar, L50, M|100/100\n|-ability|p1b: Incineroar|Intimidate|boost\n|-unboost|p2a: Garchomp|atk|1\n|-unboost|p2b: Scizor|atk|1\n|detailschange|p2b: Scizor|Scizor-Mega, L50, M\n|-mega|p2b: Scizor|Scizor|Scizorite\n|move|p1a: Tyranitar|Rock Slide|p2a: Garchomp|[spread] p2a,p2b\n|-resisted|p2a: Garchomp|1\n|-damage|p2a: Garchomp|83/100\n|-damage|p2b: Scizor|42/100\n|move|p2b: Scizor|Swords Dance|p2b: Scizor\n|-boost|p2b: Scizor|atk|2\n|move|p2a: Garchomp|Rock Slide|p1b: Incineroar|[spread] p1a\n|-miss|p2a: Garchomp|p1b: Incineroar\n|-damage|p1a: Tyranitar|61/100\n|\n|-weather|Sandstorm|[upkeep]\n|-damage|p1b: Incineroar|95/100|[from] Sandstorm\n|upkeep\n|turn|5\n|inactive|ka12 has 30 seconds left.\n|inactive|colfox has 30 seconds left.\n|inactive|colfox has 20 seconds left.\n|\n|t:|1776338330\n|move|p2b: Scizor|Protect|p2b: Scizor\n|-singleturn|p2b: Scizor|Protect\n|move|p2a: Garchomp|Protect|p2a: Garchomp\n|-singleturn|p2a: Garchomp|Protect\n|move|p1a: Tyranitar|Knock Off|p2a: Garchomp\n|-activate|p2a: Garchomp|move: Protect\n|move|p1b: Incineroar|Flare Blitz|p2b: Scizor\n|-activate|p2b: Scizor|move: Protect\n|\n|-weather|Sandstorm|[upkeep]\n|-damage|p1b: Incineroar|89/100|[from] Sandstorm\n|upkeep\n|turn|6\n|inactive|colfox has 30 seconds left.\n|inactive|ka12 has 30 seconds left.\n|inactive|colfox has 20 seconds left.\n|inactive|colfox has 15 seconds left.\n|inactive|colfox has 10 seconds left.\n|\n|t:|1776338375\n|switch|p2a: Raichu|Raichu, L50, M|59/100\n|move|p2b: Scizor|Bullet Punch|p1a: Tyranitar\n|-supereffective|p1a: Tyranitar|1\n|-damage|p1a: Tyranitar|0 fnt\n|faint|p1a: Tyranitar\n|move|p1b: Incineroar|Flare Blitz|p2b: Scizor\n|-supereffective|p2b: Scizor|2\n|-damage|p2b: Scizor|0 fnt\n|faint|p2b: Scizor\n|-damage|p1b: Incineroar|77/100|[from] Recoil\n|\n|-weather|none\n|-fieldend|move: Trick Room\n|upkeep\n|\n|t:|1776338391\n|switch|p2b: Garchomp|Garchomp, L50, M|83/100\n|switch|p1a: Sinistcha|Sinistcha-Masterpiece, L50|64/100\n|-heal|p1b: Incineroar|100/100|[from] ability: Hospitality|[of] p1a: Sinistcha\n|turn|7\n|\n|t:|1776338409\n|move|p2a: Raichu|Thunderbolt|p1b: Incineroar\n|-damage|p1b: Incineroar|55/100\n|move|p2b: Garchomp|Rock Slide|p1a: Sinistcha|[spread] p1a,p1b\n|-supereffective|p1b: Incineroar|1\n|-damage|p1a: Sinistcha|48/100\n|-damage|p1b: Incineroar|17/100\n|-enditem|p1a: Sinistcha|Sitrus Berry|[eat]\n|-heal|p1a: Sinistcha|73/100|[from] item: Sitrus Berry\n|move|p1a: Sinistcha|Strength Sap|p2b: Garchomp\n|-unboost|p2b: Garchomp|atk|1\n|-heal|p1a: Sinistcha|100/100\n|move|p1b: Incineroar|Flare Blitz|p2a: Raichu\n|-damage|p2a: Raichu|0 fnt\n|faint|p2a: Raichu\n|-damage|p1b: Incineroar|4/100|[from] Recoil\n|\n|upkeep\n|turn|8\n|\n|t:|1776338433\n|move|p2b: Garchomp|Earthquake|p1b: Incineroar|[spread] p1a,p1b\n|-resisted|p1a: Sinistcha|1\n|-supereffective|p1b: Incineroar|1\n|-damage|p1a: Sinistcha|91/100\n|-damage|p1b: Incineroar|0 fnt\n|faint|p1b: Incineroar\n|move|p1a: Sinistcha|Trick Room|p1a: Sinistcha\n|-fieldstart|move: Trick Room|[of] p1a: Sinistcha\n|\n|upkeep\n|\n|t:|1776338440\n|switch|p1b: Blastoise|Blastoise, L50, F|100/100\n|turn|9\n|\n|t:|1776338453\n|move|p1a: Sinistcha|Strength Sap|p2b: Garchomp\n|-unboost|p2b: Garchomp|atk|1\n|-heal|p1a: Sinistcha|100/100\n|move|p1b: Blastoise|Water Spout|p2b: Garchomp\n|-damage|p2b: Garchomp|17/100\n|move|p2b: Garchomp|Dragon Claw|p1a: Sinistcha\n|-damage|p1a: Sinistcha|85/100\n|\n|upkeep\n|turn|10\n|-message|colfox forfeited.\n|\n|win|ka12\n|raw|ka12's rating: 1306 &rarr; <strong>1322</strong><br />(+16 for winning)\n|raw|colfox's rating: 1243 &rarr; <strong>1222</strong><br />(-21 for losing)\n",
  "uploadtime": 1776338483,
  "views": 43,
  "formatid": "gen9championsvgc2026regma",
  "rating": 1222,
  "private": 0,
  "password": null
}