{
  "id": "gen9championsvgc2026regma-2586534773",
  "format": "[Gen 9 Champions] VGC 2026 Reg M-A",
  "players": [
    "iccr",
    "Elesa Fan Account"
  ],
  "log": "|j|\u2606iccr\n|j|\u2606Elesa Fan Account\n|t:|1776441321\n|gametype|doubles\n|player|p1|iccr|170|1167\n|player|p2|Elesa Fan Account|170|1172\n|gen|9\n|tier|[Gen 9 Champions] VGC 2026 Reg M-A\n|rated|\n|rule|Species Clause: Limit one of each Pok\u00e9mon\n|rule|Item Clause: Limit 1 of each item\n|clearpoke\n|poke|p1|Pelipper, L50, F|\n|poke|p1|Basculegion-F, L50, F|\n|poke|p1|Starmie, L50|\n|poke|p1|Sneasler, L50, M|\n|poke|p1|Sableye, L50, M|\n|poke|p1|Dragapult, L50, M|\n|poke|p2|Meowstic, L50, M|\n|poke|p2|Armarouge, L50, F|\n|poke|p2|Hatterene, L50, F|\n|poke|p2|Torkoal, L50, M|\n|poke|p2|Kingambit, L50, M|\n|poke|p2|Conkeldurr, L50, M|\n|teampreview|4\n|inactive|Battle timer is ON: inactive players will automatically lose when time's up. (requested by iccr)\n|inactive|Elesa Fan Account has 60 seconds left.\n|\n|t:|1776441370\n|teamsize|p1|4\n|teamsize|p2|4\n|start\n|switch|p1a: Pelipper|Pelipper, L50, F|100/100\n|switch|p1b: Basculegion|Basculegion-F, L50, F, shiny|100/100\n|switch|p2a: Meowstic|Meowstic, L50, M|100/100\n|switch|p2b: Hatterene|Hatterene, L50, F|100/100\n|-weather|RainDance|[from] ability: Drizzle|[of] p1a: Pelipper\n|turn|1\n|\n|t:|1776441394\n|move|p2a: Meowstic|Psychic Terrain|p2a: Meowstic\n|-fieldstart|move: Psychic Terrain\n|move|p1b: Basculegion|Muddy Water|p2b: Hatterene|[spread] p2a,p2b\n|-damage|p2a: Meowstic|44/100\n|-damage|p2b: Hatterene|38/100\n|-enditem|p2a: Meowstic|Sitrus Berry|[eat]\n|-heal|p2a: Meowstic|68/100|[from] item: Sitrus Berry\n|move|p1a: Pelipper|Weather Ball|p2b: Hatterene\n|-damage|p2b: Hatterene|0 fnt\n|faint|p2b: Hatterene\n|\n|-weather|RainDance|[upkeep]\n|upkeep\n|\n|t:|1776441407\n|switch|p2b: Torkoal|Torkoal, L50, M|100/100\n|-weather|SunnyDay|[from] ability: Drought|[of] p2b: Torkoal\n|turn|2\n|\n|t:|1776441421\n|move|p1b: Basculegion|Shadow Ball|p2b: Torkoal\n|-damage|p2b: Torkoal|52/100\n|-unboost|p2b: Torkoal|spd|1\n|move|p1a: Pelipper|Hurricane|p2b: Torkoal|[miss]\n|-miss|p1a: Pelipper|p2b: Torkoal\n|move|p2b: Torkoal|Solar Beam||[still]\n|-prepare|p2b: Torkoal|Solar Beam\n|-anim|p2b: Torkoal|Solar Beam|p1b: Basculegion\n|-supereffective|p1b: Basculegion|1\n|-damage|p1b: Basculegion|14/100\n|move|p2a: Meowstic|Trick Room|p2a: Meowstic\n|-fieldstart|move: Trick Room|[of] p2a: Meowstic\n|\n|-weather|SunnyDay|[upkeep]\n|upkeep\n|turn|3\n|\n|t:|1776441443\n|switch|p1a: Starmie|Starmie, L50, shiny|100/100\n|move|p1b: Basculegion|Protect|p1b: Basculegion\n|-singleturn|p1b: Basculegion|Protect\n|move|p2b: Torkoal|Heat Wave|p1b: Basculegion|[spread] \n|-activate|p1b: Basculegion|move: Protect\n|-miss|p2b: Torkoal|p1a: Starmie\n|move|p2a: Meowstic|Expanding Force|p1b: Basculegion|[spread] p1a\n|-activate|p1b: Basculegion|move: Protect\n|-resisted|p1a: Starmie|1\n|-damage|p1a: Starmie|80/100\n|\n|-weather|SunnyDay|[upkeep]\n|upkeep\n|turn|4\n|\n|t:|1776441465\n|switch|p1b: Pelipper|Pelipper, L50, F|100/100\n|-weather|RainDance|[from] ability: Drizzle|[of] p1b: Pelipper\n|detailschange|p1a: Starmie|Starmie-Mega, L50, shiny\n|-mega|p1a: Starmie|Starmie|Starminite\n|move|p2b: Torkoal|Solar Beam||[still]\n|-prepare|p2b: Torkoal|Solar Beam\n|move|p2a: Meowstic|Expanding Force|p1a: Starmie|[spread] p1a,p1b\n|-resisted|p1a: Starmie|1\n|-damage|p1a: Starmie|62/100\n|-damage|p1b: Pelipper|39/100\n|move|p1a: Starmie|Liquidation|p2a: Meowstic\n|-damage|p2a: Meowstic|0 fnt\n|faint|p2a: Meowstic\n|\n|-weather|RainDance|[upkeep]\n|upkeep\n|\n|t:|1776441482\n|switch|p2a: Kingambit|Kingambit, L50, M|100/100\n|turn|5\n|\n|t:|1776441491\n|move|p1a: Starmie|Protect|p1a: Starmie\n|-singleturn|p1a: Starmie|Protect\n|move|p2a: Kingambit|Sucker Punch||[still]\n|-fail|p2a: Kingambit\n|move|p2b: Torkoal|Solar Beam|p1a: Starmie|[from] lockedmove\n|-activate|p1a: Starmie|move: Protect\n|move|p1b: Pelipper|Weather Ball|p2b: Torkoal\n|-supereffective|p2b: Torkoal|1\n|-damage|p2b: Torkoal|0 fnt\n|faint|p2b: Torkoal\n|\n|-weather|RainDance|[upkeep]\n|-fieldend|move: Psychic Terrain\n|upkeep\n|turn|6\n|\n|t:|1776441509\n|move|p1a: Starmie|Protect||[still]\n|-fail|p1a: Starmie\n|move|p2a: Kingambit|Sucker Punch||[still]\n|-fail|p2a: Kingambit\n|move|p1b: Pelipper|Hurricane|p2a: Kingambit\n|-resisted|p2a: Kingambit|1\n|-damage|p2a: Kingambit|76/100\n|-start|p2a: Kingambit|confusion\n|\n|-weather|RainDance|[upkeep]\n|-fieldend|move: Trick Room\n|upkeep\n|turn|7\n|\n|t:|1776441519\n|move|p1a: Starmie|Protect|p1a: Starmie\n|-singleturn|p1a: Starmie|Protect\n|move|p1b: Pelipper|Weather Ball|p2a: Kingambit\n|-damage|p2a: Kingambit|16/100\n|-activate|p2a: Kingambit|confusion\n|move|p2a: Kingambit|Kowtow Cleave|p1a: Starmie\n|-activate|p1a: Starmie|move: Protect\n|\n|-weather|RainDance|[upkeep]\n|upkeep\n|turn|8\n|\n|t:|1776441529\n|move|p1a: Starmie|Aqua Jet|p2a: Kingambit\n|-damage|p2a: Kingambit|0 fnt\n|faint|p2a: Kingambit\n|\n|win|iccr\n|raw|iccr's rating: 1167 &rarr; <strong>1192</strong><br />(+25 for winning)\n|raw|Elesa Fan Account's rating: 1172 &rarr; <strong>1147</strong><br />(-25 for losing)\n",
  "uploadtime": 1776441534,
  "views": 24,
  "formatid": "gen9championsvgc2026regma",
  "rating": 1147,
  "private": 0,
  "password": null
}