{
  "id": "gen9championsvgc2026regma-2587008697",
  "format": "[Gen 9 Champions] VGC 2026 Reg M-A",
  "players": [
    "zippyss",
    "Dgggxeevcdf"
  ],
  "log": "|j|\u2606zippyss\n|j|\u203dDgggxeevcdf\n|t:|1776480750\n|gametype|doubles\n|player|p1|zippyss|backersf|1062\n|player|p2|Dgggxeevcdf|102|1000\n|gen|9\n|tier|[Gen 9 Champions] VGC 2026 Reg M-A\n|rated|\n|rule|Species Clause: Limit one of each Pok\u00e9mon\n|rule|Item Clause: Limit 1 of each item\n|clearpoke\n|poke|p1|Chimecho, L50, F|\n|poke|p1|Pelipper, L50, M|\n|poke|p1|Basculegion-F, L50, F|\n|poke|p1|Golurk, L50|\n|poke|p1|Sinistcha, L50|\n|poke|p1|Incineroar, L50, M|\n|poke|p2|Feraligatr, L50, F|\n|poke|p2|Pelipper, L50, F|\n|poke|p2|Gardevoir, L50, M|\n|poke|p2|Rotom-Wash, L50|\n|poke|p2|Excadrill, L50, M|\n|poke|p2|Whimsicott, L50, F|\n|teampreview|4\n|inactive|Battle timer is ON: inactive players will automatically lose when time's up. (requested by Dgggxeevcdf)\n|\n|t:|1776480782\n|teamsize|p1|4\n|teamsize|p2|4\n|start\n|switch|p1a: Basculegion|Basculegion-F, L50, F|100/100\n|switch|p1b: Golurk|Golurk, L50, shiny|100/100\n|switch|p2a: Rotom|Rotom-Wash, L50|100/100\n|switch|p2b: Pelipper|Pelipper, L50, F|100/100\n|-weather|RainDance|[from] ability: Drizzle|[of] p2b: Pelipper\n|turn|1\n|\n|t:|1776480806\n|switch|p1a: Incineroar|Incineroar, L50, M|100/100\n|-ability|p1a: Incineroar|Intimidate|boost\n|-unboost|p2a: Rotom|atk|1\n|-unboost|p2b: Pelipper|atk|1\n|move|p1b: Golurk|Earthquake|p2a: Rotom|[spread] p1a\n|-immune|p2a: Rotom|[from] ability: Levitate\n|-immune|p2b: Pelipper\n|-supereffective|p1a: Incineroar|1\n|-damage|p1a: Incineroar|35/100\n|-enditem|p1a: Incineroar|Sitrus Berry|[eat]\n|-heal|p1a: Incineroar|60/100|[from] item: Sitrus Berry\n|move|p2a: Rotom|Thunder|p1a: Incineroar\n|-damage|p1a: Incineroar|15/100\n|move|p2b: Pelipper|Tailwind|p2b: Pelipper\n|-sidestart|p2: Dgggxeevcdf|move: Tailwind\n|\n|-weather|RainDance|[upkeep]\n|upkeep\n|turn|2\n|inactive|Dgggxeevcdf has 30 seconds left.\n|inactive|Dgggxeevcdf has 20 seconds left.\n|inactive|Dgggxeevcdf has 15 seconds left.\n|inactive|Dgggxeevcdf has 10 seconds left.\n|\n|t:|1776480853\n|move|p1a: Incineroar|Fake Out|p2b: Pelipper\n|-damage|p2b: Pelipper|90/100\n|move|p2a: Rotom|Will-O-Wisp|p1b: Golurk|[miss]\n|-miss|p2a: Rotom|p1b: Golurk\n|cant|p2b: Pelipper|flinch\n|move|p1b: Golurk|Close Combat|p2a: Rotom\n|-damage|p2a: Rotom|54/100\n|-unboost|p1b: Golurk|def|1\n|-unboost|p1b: Golurk|spd|1\n|\n|-weather|RainDance|[upkeep]\n|upkeep\n|turn|3\n|inactive|zippyss has 30 seconds left.\n|\n|t:|1776480880\n|switch|p1a: Basculegion|Basculegion-F, L50, F|100/100\n|move|p2a: Rotom|Thunder|p1a: Basculegion\n|-supereffective|p1a: Basculegion|1\n|-damage|p1a: Basculegion|0 fnt\n|faint|p1a: Basculegion\n|move|p2b: Pelipper|Hurricane|p1b: Golurk\n|-damage|p1b: Golurk|6/100\n|move|p1b: Golurk|Close Combat|p2b: Pelipper\n|-resisted|p2b: Pelipper|1\n|-damage|p2b: Pelipper|65/100\n|-unboost|p1b: Golurk|def|1\n|-unboost|p1b: Golurk|spd|1\n|\n|-weather|RainDance|[upkeep]\n|upkeep\n|\n|t:|1776480894\n|switch|p1a: Sinistcha|Sinistcha, L50|100/100\n|-heal|p1b: Golurk|31/100|[from] ability: Hospitality|[of] p1a: Sinistcha\n|turn|4\n|inactive|Dgggxeevcdf has 30 seconds left.\n|\n|t:|1776480922\n|move|p2a: Rotom|Will-O-Wisp|p1b: Golurk\n|-status|p1b: Golurk|brn\n|move|p2b: Pelipper|Hurricane|p1b: Golurk\n|-damage|p1b: Golurk|0 fnt\n|faint|p1b: Golurk\n|move|p1a: Sinistcha|Matcha Gotcha|p2b: Pelipper|[spread] p2a,p2b\n|-supereffective|p2a: Rotom|1\n|-damage|p2a: Rotom|0 fnt\n|-damage|p2b: Pelipper|31/100\n|-status|p2b: Pelipper|brn\n|faint|p2a: Rotom\n|\n|-weather|RainDance|[upkeep]\n|-damage|p2b: Pelipper|25/100 brn|[from] brn\n|-sideend|p2: Dgggxeevcdf|move: Tailwind\n|upkeep\n|\n|t:|1776480939\n|switch|p1b: Incineroar|Incineroar, L50, M|15/100\n|switch|p2a: Excadrill|Excadrill, L50, M|100/100\n|-ability|p1b: Incineroar|Intimidate|boost\n|-unboost|p2a: Excadrill|atk|1\n|-unboost|p2b: Pelipper|atk|1\n|turn|5\n|\n|t:|1776480949\n|move|p2b: Pelipper|Wide Guard|p2b: Pelipper\n|-singleturn|p2b: Pelipper|Wide Guard\n|move|p2a: Excadrill|Earthquake|p1a: Sinistcha|[spread] p1a,p1b\n|-activate|p2b: Pelipper|move: Wide Guard\n|-resisted|p1a: Sinistcha|1\n|-supereffective|p1b: Incineroar|1\n|-damage|p1a: Sinistcha|89/100\n|-damage|p1b: Incineroar|0 fnt\n|faint|p1b: Incineroar\n|move|p1a: Sinistcha|Matcha Gotcha|p2a: Excadrill|[spread] \n|-activate|p2a: Excadrill|move: Wide Guard\n|-activate|p2b: Pelipper|move: Wide Guard\n|\n|-weather|none\n|-heal|p1a: Sinistcha|95/100|[from] item: Leftovers\n|-damage|p2b: Pelipper|19/100 brn|[from] brn\n|upkeep\n|turn|6\n|\n|t:|1776480973\n|move|p2a: Excadrill|Iron Head|p1a: Sinistcha\n|-damage|p1a: Sinistcha|70/100\n|cant|p1a: Sinistcha|flinch\n|move|p2b: Pelipper|Tailwind|p2b: Pelipper\n|-sidestart|p2: Dgggxeevcdf|move: Tailwind\n|\n|-heal|p1a: Sinistcha|76/100|[from] item: Leftovers\n|-damage|p2b: Pelipper|13/100 brn|[from] brn\n|upkeep\n|turn|7\n|\n|t:|1776480997\n|switch|p2a: Feraligatr|Feraligatr, L50, F|100/100\n|move|p2b: Pelipper|Wide Guard|p2b: Pelipper\n|-singleturn|p2b: Pelipper|Wide Guard\n|move|p1a: Sinistcha|Matcha Gotcha|p2a: Feraligatr|[spread] \n|-activate|p2a: Feraligatr|move: Wide Guard\n|-activate|p2b: Pelipper|move: Wide Guard\n|\n|-heal|p1a: Sinistcha|82/100|[from] item: Leftovers\n|-damage|p2b: Pelipper|7/100 brn|[from] brn\n|upkeep\n|turn|8\n|\n|t:|1776481014\n|switch|p2b: Excadrill|Excadrill, L50, M|100/100\n|detailschange|p2a: Feraligatr|Feraligatr-Mega, L50, F\n|-mega|p2a: Feraligatr|Feraligatr|Feraligite\n|move|p2a: Feraligatr|Crunch|p1a: Sinistcha\n|-supereffective|p1a: Sinistcha|1\n|-damage|p1a: Sinistcha|26/100\n|-unboost|p1a: Sinistcha|def|1\n|move|p1a: Sinistcha|Matcha Gotcha|p2b: Excadrill|[spread] p2a\n|-miss|p1a: Sinistcha|p2b: Excadrill\n|-damage|p2a: Feraligatr|72/100\n|-heal|p1a: Sinistcha|39/100|[from] drain|[of] p2a: Feraligatr\n|\n|-heal|p1a: Sinistcha|45/100|[from] item: Leftovers\n|upkeep\n|turn|9\n|\n|t:|1776481036\n|move|p2b: Excadrill|Iron Head|p1a: Sinistcha\n|-damage|p1a: Sinistcha|0 fnt\n|faint|p1a: Sinistcha\n|\n|win|Dgggxeevcdf\n|raw|zippyss's rating: 1062 &rarr; <strong>1039</strong><br />(-23 for losing)\n|raw|Dgggxeevcdf's rating: 1000 &rarr; <strong>1047</strong><br />(+47 for winning)\n",
  "uploadtime": 1776481041,
  "views": 14,
  "formatid": "gen9championsvgc2026regma",
  "rating": 1039,
  "private": 0,
  "password": null
}