{
  "id": "gen9championsvgc2026regma-2581220383",
  "format": "[Gen 9 Champions] VGC 2026 Reg M-A",
  "players": [
    "MrKwan",
    "StrikerMohamud"
  ],
  "log": "|j|\u2606MrKwan\n|j|\u2606StrikerMohamud\n|t:|1775972419\n|gametype|doubles\n|player|p1|MrKwan|102|1090\n|player|p2|StrikerMohamud|unknown|1056\n|gen|9\n|tier|[Gen 9 Champions] VGC 2026 Reg M-A\n|rated|\n|rule|Species Clause: Limit one of each Pok\u00e9mon\n|rule|Item Clause: Limit 1 of each item\n|clearpoke\n|poke|p1|Torkoal, L50, F|\n|poke|p1|Lopunny, L50, M|\n|poke|p1|Farigiraf, L50, F|\n|poke|p1|Sinistcha, L50|\n|poke|p1|Azumarill, L50, M|\n|poke|p1|Talonflame, L50, M|\n|poke|p2|Kangaskhan, L50, F|\n|poke|p2|Incineroar, L50, F|\n|poke|p2|Azumarill, L50, M|\n|poke|p2|Froslass, L50, F|\n|poke|p2|Garchomp, L50, M|\n|poke|p2|Talonflame, L50, F|\n|teampreview|4\nStrikerMohamud has agreed to open team sheets.\n|\n|t:|1775972472\n|teamsize|p1|4\n|teamsize|p2|4\n|start\n|switch|p1a: Talonflame|Talonflame, L50, M|100/100\n|switch|p1b: Sinistcha|Sinistcha, L50|100/100\n|switch|p2a: Talonflame|Talonflame, L50, F, shiny|100/100\n|switch|p2b: Azumarill|Azumarill, L50, M, shiny|100/100\n|turn|1\n|\n|t:|1775972487\n|move|p1a: Talonflame|Upper Hand||[still]\n|-fail|p1a: Talonflame\n|move|p2a: Talonflame|Taunt|p1b: Sinistcha\n|-start|p1b: Sinistcha|move: Taunt\n|move|p2b: Azumarill|Belly Drum|p2b: Azumarill\n|-damage|p2b: Azumarill|50/100\n|-setboost|p2b: Azumarill|atk|6|[from] move: Belly Drum\n|-enditem|p2b: Azumarill|Sitrus Berry|[eat]\n|-heal|p2b: Azumarill|75/100|[from] item: Sitrus Berry\n|cant|p1b: Sinistcha|move: Taunt|Trick Room\n|\n|upkeep\n|turn|2\n|\n|t:|1775972501\n|move|p2a: Talonflame|Quick Guard|p2a: Talonflame\n|-singleturn|p2a: Talonflame|Quick Guard\n|move|p1a: Talonflame|Brave Bird|p2b: Azumarill\n|-activate|p2b: Azumarill|move: Quick Guard\n|move|p2b: Azumarill|Aqua Jet|p1a: Talonflame\n|-supereffective|p1a: Talonflame|1\n|-enditem|p1a: Talonflame|Focus Sash\n|-damage|p1a: Talonflame|1/100\n|move|p1b: Sinistcha|Matcha Gotcha|p2b: Azumarill|[spread] p2b\n|-miss|p1b: Sinistcha|p2a: Talonflame\n|-supereffective|p2b: Azumarill|1\n|-damage|p2b: Azumarill|7/100\n|\n|upkeep\n|turn|3\n|\n|t:|1775972526\n|move|p2b: Azumarill|Protect|p2b: Azumarill\n|-singleturn|p2b: Azumarill|Protect\n|move|p1a: Talonflame|Upper Hand||[still]\n|-fail|p1a: Talonflame\n|move|p2a: Talonflame|Dual Wingbeat|p1b: Sinistcha|[miss]\n|-miss|p2a: Talonflame|p1b: Sinistcha\n|move|p1b: Sinistcha|Shadow Ball|p2a: Talonflame\n|-damage|p2a: Talonflame|35/100\n|\n|-end|p1b: Sinistcha|move: Taunt\n|upkeep\n|turn|4\n|\n|t:|1775972546\n|move|p2a: Talonflame|Quick Guard|p2a: Talonflame\n|-singleturn|p2a: Talonflame|Quick Guard\n|move|p1a: Talonflame|Upper Hand||[still]\n|-fail|p1a: Talonflame\n|move|p1b: Sinistcha|Shadow Ball|p2a: Talonflame\n|-damage|p2a: Talonflame|0 fnt\n|faint|p2a: Talonflame\n|move|p2b: Azumarill|Play Rough|p1b: Sinistcha\n|-damage|p1b: Sinistcha|0 fnt\n|faint|p1b: Sinistcha\n|\n|upkeep\n|\n|t:|1775972560\n|switch|p2a: Froslass|Froslass, L50, F, shiny|100/100\n|switch|p1b: Farigiraf|Farigiraf, L50, F|100/100\n|turn|5\n|\n|t:|1775972582\n|detailschange|p2a: Froslass|Froslass-Mega, L50, F, shiny\n|-mega|p2a: Froslass|Froslass|Froslassite\n|-weather|Snowscape|[from] ability: Snow Warning|[of] p2a: Froslass\n|move|p1a: Talonflame|Upper Hand||[still]\n|-fail|p1a: Talonflame\n|move|p2a: Froslass|Blizzard|p1b: Farigiraf|[spread] p1a,p1b\n|-damage|p1a: Talonflame|0 fnt\n|-damage|p1b: Farigiraf|60/100\n|faint|p1a: Talonflame\n|move|p1b: Farigiraf|Psychic|p2a: Froslass\n|-damage|p2a: Froslass|49/100\n|move|p2b: Azumarill|Play Rough|p1b: Farigiraf\n|-damage|p1b: Farigiraf|0 fnt\n|faint|p1b: Farigiraf\n|\n|-weather|Snowscape|[upkeep]\n|upkeep\n|-message|MrKwan forfeited.\n|\n|win|StrikerMohamud\n|raw|MrKwan's rating: 1090 &rarr; <strong>1064</strong><br />(-26 for losing)\n|raw|StrikerMohamud's rating: 1056 &rarr; <strong>1091</strong><br />(+35 for winning)\n|l|\u2606MrKwan\n|player|p1|\n",
  "uploadtime": 1775972421,
  "views": 16,
  "formatid": "gen9championsvgc2026regma",
  "rating": 1064,
  "private": 0,
  "password": null
}