{
  "id": "gen9championsvgc2026regma-2587767966",
  "format": "[Gen 9 Champions] VGC 2026 Reg M-A",
  "players": [
    "ragtagdad",
    "holibrand"
  ],
  "log": "|j|\u2606ragtagdad\n|j|\u2606holibrand\n|t:|1776562016\n|gametype|doubles\n|player|p1|ragtagdad|101|1070\n|player|p2|holibrand|pokemonbreeder-gen4|1125\n|gen|9\n|tier|[Gen 9 Champions] VGC 2026 Reg M-A\n|rated|\n|rule|Species Clause: Limit one of each Pok\u00e9mon\n|rule|Item Clause: Limit 1 of each item\n|clearpoke\n|poke|p1|Glaceon, L50, M|\n|poke|p1|Froslass, L50, F|\n|poke|p1|Incineroar, L50, F|\n|poke|p1|Primarina, L50, F|\n|poke|p1|Sneasler, L50, M|\n|poke|p1|Sinistcha, L50|\n|poke|p2|Floette-Eternal, L50, F|\n|poke|p2|Sinistcha, L50|\n|poke|p2|Scizor, L50, M|\n|poke|p2|Sneasler, L50, M|\n|poke|p2|Aerodactyl, L50, F|\n|poke|p2|Incineroar, L50, M|\n|teampreview|4\n|inactive|Battle timer is ON: inactive players will automatically lose when time's up. (requested by holibrand)\n|inactive|ragtagdad has 60 seconds left.\n|inactive|holibrand has 60 seconds left.\n|inactive|holibrand has 30 seconds left.\n|inactive|holibrand has 20 seconds left.\n|\n|t:|1776562090\n|teamsize|p1|4\n|teamsize|p2|4\n|start\n|switch|p1a: Sinistcha|Sinistcha, L50|100/100\n|switch|p1b: Incineroar|Incineroar, L50, F|100/100\n|switch|p2a: Aerodactyl|Aerodactyl, L50, F|100/100\n|switch|p2b: Floette|Floette-Eternal, L50, F|100/100\n|-ability|p2a: Aerodactyl|Unnerve\n|-ability|p1b: Incineroar|Intimidate|boost\n|-unboost|p2a: Aerodactyl|atk|1\n|-unboost|p2b: Floette|atk|1\n|turn|1\n|inactive|ragtagdad has 30 seconds left.\n|inactive|holibrand has 30 seconds left.\n|\n|t:|1776562120\n|detailschange|p2b: Floette|Floette-Mega, L50, F\n|-mega|p2b: Floette|Floette|Floettite\n|-ability|p2b: Floette|Fairy Aura\n|move|p2a: Aerodactyl|Protect|p2a: Aerodactyl\n|-singleturn|p2a: Aerodactyl|Protect\n|move|p1b: Incineroar|Fake Out|p2b: Floette\n|-damage|p2b: Floette|91/100\n|cant|p2b: Floette|flinch\n|move|p1a: Sinistcha|Trick Room|p1a: Sinistcha\n|-fieldstart|move: Trick Room|[of] p1a: Sinistcha\n|\n|upkeep\n|turn|2\n|\n|t:|1776562143\n|move|p1b: Incineroar|Parting Shot|p2b: Floette\n|-unboost|p2b: Floette|atk|1\n|-unboost|p2b: Floette|spa|1\n|\n|t:|1776562150\n|switch|p1b: Primarina|Primarina, L50, F|100/100|[from] Parting Shot\n|move|p1a: Sinistcha|Matcha Gotcha|p2a: Aerodactyl|[spread] p2a,p2b\n|-damage|p2a: Aerodactyl|68/100\n|-damage|p2b: Floette|73/100\n|-status|p2a: Aerodactyl|brn\n|move|p2b: Floette|Calm Mind|p2b: Floette\n|-boost|p2b: Floette|spa|1\n|-boost|p2b: Floette|spd|1\n|move|p2a: Aerodactyl|Dual Wingbeat|p1a: Sinistcha\n|-supereffective|p1a: Sinistcha|1\n|-damage|p1a: Sinistcha|89/100\n|-supereffective|p1a: Sinistcha|1\n|-damage|p1a: Sinistcha|76/100\n|-hitcount|p1a: Sinistcha|2\n|\n|-damage|p2a: Aerodactyl|62/100 brn|[from] brn\n|upkeep\n|turn|3\n|inactive|ragtagdad has 30 seconds left.\n|\n|t:|1776562176\n|move|p2a: Aerodactyl|Protect|p2a: Aerodactyl\n|-singleturn|p2a: Aerodactyl|Protect\n|move|p1a: Sinistcha|Rage Powder|p1a: Sinistcha\n|-singleturn|p1a: Sinistcha|move: Rage Powder\n|move|p1b: Primarina|Calm Mind|p1b: Primarina\n|-boost|p1b: Primarina|spa|1\n|-boost|p1b: Primarina|spd|1\n|move|p2b: Floette|Calm Mind|p2b: Floette\n|-boost|p2b: Floette|spa|1\n|-boost|p2b: Floette|spd|1\n|\n|-damage|p2a: Aerodactyl|56/100 brn|[from] brn\n|upkeep\n|turn|4\n|inactive|ragtagdad has 30 seconds left.\n|\n|t:|1776562208\n|switch|p1a: Incineroar|Incineroar, L50, F|100/100\n|-ability|p1a: Incineroar|Intimidate|boost\n|-unboost|p2a: Aerodactyl|atk|1\n|-unboost|p2b: Floette|atk|1\n|move|p1b: Primarina|Hyper Voice|p2a: Aerodactyl|[spread] p2a,p2b\n|-supereffective|p2a: Aerodactyl|1\n|-damage|p2a: Aerodactyl|0 fnt\n|-damage|p2b: Floette|55/100\n|faint|p2a: Aerodactyl\n|move|p2b: Floette|Calm Mind|p2b: Floette\n|-boost|p2b: Floette|spa|1\n|-boost|p2b: Floette|spd|1\n|\n|upkeep\n|\n|t:|1776562220\n|switch|p2a: Scizor|Scizor, L50, M|100/100\n|turn|5\n|\n|t:|1776562238\n|move|p1b: Primarina|Protect|p1b: Primarina\n|-singleturn|p1b: Primarina|Protect\n|move|p2a: Scizor|Protect|p2a: Scizor\n|-singleturn|p2a: Scizor|Protect\n|move|p2b: Floette|Protect|p2b: Floette\n|-singleturn|p2b: Floette|Protect\n|move|p1a: Incineroar|Flare Blitz|p2b: Floette\n|-activate|p2b: Floette|move: Protect\n|\n|-fieldend|move: Trick Room\n|upkeep\n|turn|6\n|inactive|ragtagdad has 30 seconds left.\n|\n|t:|1776562264\n|move|p2b: Floette|Dazzling Gleam|p1a: Incineroar|[spread] p1a,p1b\n|-damage|p1a: Incineroar|41/100\n|-damage|p1b: Primarina|49/100\n|move|p2a: Scizor|Bug Bite|p1a: Incineroar\n|-damage|p1a: Incineroar|0 fnt\n|-enditem|p1a: Incineroar|Lum Berry|[from] stealeat|[move] Bug Bite|[of] p2a: Scizor\n|faint|p1a: Incineroar\n|move|p1b: Primarina|Hyper Voice|p2b: Floette|[spread] p2a,p2b\n|-damage|p2a: Scizor|29/100\n|-damage|p2b: Floette|39/100\n|\n|-heal|p1b: Primarina|55/100|[from] item: Leftovers\n|upkeep\n|\n|t:|1776562278\n|switch|p1a: Froslass|Froslass, L50, F|100/100\n|turn|7\n|\n|t:|1776562288\n|detailschange|p1a: Froslass|Froslass-Mega, L50, F\n|-mega|p1a: Froslass|Froslass|Froslassite\n|-weather|Snowscape|[from] ability: Snow Warning|[of] p1a: Froslass\n|move|p1a: Froslass|Protect|p1a: Froslass\n|-singleturn|p1a: Froslass|Protect\n|move|p2a: Scizor|Bullet Punch|p1a: Froslass\n|-activate|p1a: Froslass|move: Protect\n|move|p2b: Floette|Dazzling Gleam|p1a: Froslass|[spread] p1b\n|-activate|p1a: Froslass|move: Protect\n|-damage|p1b: Primarina|1/100\n|move|p1b: Primarina|Hyper Voice|p2a: Scizor|[spread] p2a,p2b\n|-damage|p2a: Scizor|0 fnt\n|-damage|p2b: Floette|24/100\n|faint|p2a: Scizor\n|\n|-weather|Snowscape|[upkeep]\n|-heal|p1b: Primarina|7/100|[from] item: Leftovers\n|upkeep\n|\n|t:|1776562301\n|switch|p2a: Incineroar|Incineroar, L50, M|100/100\n|turn|8\n|inactive|ragtagdad has 30 seconds left.\n|\n|t:|1776562332\n|move|p1b: Primarina|Protect|p1b: Primarina\n|-singleturn|p1b: Primarina|Protect\n|move|p1a: Froslass|Aurora Veil|p1a: Froslass\n|-sidestart|p1: ragtagdad|move: Aurora Veil\n|move|p2b: Floette|Dazzling Gleam|p1b: Primarina|[spread] p1a\n|-activate|p1b: Primarina|move: Protect\n|-damage|p1a: Froslass|24/100\n|move|p2a: Incineroar|Flare Blitz|p1a: Froslass\n|-supereffective|p1a: Froslass|1\n|-damage|p1a: Froslass|0 fnt\n|faint|p1a: Froslass\n|-damage|p2a: Incineroar|95/100|[from] Recoil\n|\n|-weather|Snowscape|[upkeep]\n|-heal|p1b: Primarina|13/100|[from] item: Leftovers\n|upkeep\n|\n|t:|1776562343\n|switch|p1a: Sinistcha|Sinistcha, L50|76/100\n|-heal|p1b: Primarina|37/100|[from] ability: Hospitality|[of] p1a: Sinistcha\n|turn|9\n|\n|t:|1776562351\n|move|p2b: Floette|Dazzling Gleam|p1a: Sinistcha|[spread] p1a,p1b\n|-damage|p1a: Sinistcha|21/100\n|-damage|p1b: Primarina|5/100\n|-enditem|p1a: Sinistcha|Sitrus Berry|[eat]\n|-heal|p1a: Sinistcha|46/100|[from] item: Sitrus Berry\n|move|p2a: Incineroar|Flare Blitz|p1a: Sinistcha\n|-supereffective|p1a: Sinistcha|1\n|-damage|p1a: Sinistcha|0 fnt\n|faint|p1a: Sinistcha\n|-damage|p2a: Incineroar|82/100|[from] Recoil\n|move|p1b: Primarina|Hyper Voice|p2b: Floette|[spread] p2a,p2b\n|-supereffective|p2a: Incineroar|1\n|-damage|p2a: Incineroar|0 fnt\n|-damage|p2b: Floette|8/100\n|faint|p2a: Incineroar\n|\n|-weather|Snowscape|[upkeep]\n|-heal|p1b: Primarina|11/100|[from] item: Leftovers\n|upkeep\n|turn|10\n|\n|t:|1776562369\n|move|p2b: Floette|Dazzling Gleam|p1b: Primarina\n|-damage|p1b: Primarina|0 fnt\n|faint|p1b: Primarina\n|\n|win|holibrand\n|raw|ragtagdad's rating: 1070 &rarr; <strong>1053</strong><br />(-17 for losing)\n|raw|holibrand's rating: 1125 &rarr; <strong>1146</strong><br />(+21 for winning)\n|l|\u2606ragtagdad\n|player|p1|\n",
  "uploadtime": 1776562375,
  "views": 18,
  "formatid": "gen9championsvgc2026regma",
  "rating": 1053,
  "private": 0,
  "password": null
}