{
  "id": "gen9championsvgc2026regma-2581545489",
  "format": "[Gen 9 Champions] VGC 2026 Reg M-A",
  "players": [
    "rauliito_adh",
    "Aspired103"
  ],
  "log": "|j|\u2606rauliito_adh\n|j|\u2606Aspired103\n|t:|1776009819\n|gametype|doubles\n|player|p1|rauliito_adh|hilbert|1048\n|player|p2|Aspired103|cynthia-gen4|1075\n|gen|9\n|tier|[Gen 9 Champions] VGC 2026 Reg M-A\n|rated|\n|rule|Species Clause: Limit one of each Pok\u00e9mon\n|rule|Item Clause: Limit 1 of each item\n|clearpoke\n|poke|p1|Arcanine, L50, M|\n|poke|p1|Rotom-Wash, L50|\n|poke|p1|Garchomp, L50, M|\n|poke|p1|Venusaur, L50, F|\n|poke|p1|Corviknight, L50, F|\n|poke|p1|Sneasler, L50, M|\n|poke|p2|Ampharos, L50, F|\n|poke|p2|Oranguru, L50, M|\n|poke|p2|Primarina, L50, M|\n|poke|p2|Torkoal, L50, F|\n|poke|p2|Aerodactyl, L50, M|\n|poke|p2|Kingambit, L50, F|\n|teampreview|4\n|inactive|Battle timer is ON: inactive players will automatically lose when time's up. (requested by Aspired103)\nAspired103 rejected open team sheets.\n|inactive|rauliito_adh has 60 seconds left.\n|\n|t:|1776009856\n|teamsize|p1|4\n|teamsize|p2|4\n|start\n|switch|p1a: Rotom|Rotom-Wash, L50|100/100\n|switch|p1b: Sneasler|Sneasler, L50, M|100/100\n|switch|p2a: Oranguru|Oranguru, L50, M|100/100\n|switch|p2b: Ampharos|Ampharos, L50, F|100/100\n|turn|1\n|inactive|rauliito_adh has 30 seconds left.\n|\n|t:|1776009889\n|detailschange|p2b: Ampharos|Ampharos-Mega, L50, F\n|-mega|p2b: Ampharos|Ampharos|Ampharosite\n|-ability|p2b: Ampharos|Mold Breaker\n|move|p2b: Ampharos|Protect|p2b: Ampharos\n|-singleturn|p2b: Ampharos|Protect\n|move|p1a: Rotom|Hydro Pump|p2a: Oranguru\n|-damage|p2a: Oranguru|59/100\n|move|p1b: Sneasler|Close Combat|p2a: Oranguru\n|-damage|p2a: Oranguru|13/100\n|-unboost|p1b: Sneasler|def|1\n|-unboost|p1b: Sneasler|spd|1\n|move|p2a: Oranguru|Psychic|p1b: Sneasler\n|-supereffective|p1b: Sneasler|2\n|-crit|p1b: Sneasler\n|-enditem|p1b: Sneasler|Focus Sash\n|-damage|p1b: Sneasler|1/100\n|\n|upkeep\n|turn|2\n|\n|t:|1776009907\n|move|p2a: Oranguru|Protect|p2a: Oranguru\n|-singleturn|p2a: Oranguru|Protect\n|move|p1b: Sneasler|Dire Claw|p2b: Ampharos\n|-damage|p2b: Ampharos|63/100\n|move|p1a: Rotom|Hydro Pump|p2a: Oranguru\n|-activate|p2a: Oranguru|move: Protect\n|move|p2b: Ampharos|Thunderbolt|p1a: Rotom\n|-damage|p1a: Rotom|19/100\n|\n|upkeep\n|turn|3\n|\n|t:|1776009923\n|move|p1b: Sneasler|Dire Claw|p2b: Ampharos\n|-damage|p2b: Ampharos|28/100\n|move|p1a: Rotom|Hydro Pump|p2a: Oranguru|[miss]\n|-miss|p1a: Rotom|p2a: Oranguru\n|move|p2b: Ampharos|Volt Switch|p1b: Sneasler\n|-damage|p1b: Sneasler|0 fnt\n|faint|p1b: Sneasler\n|\n|t:|1776009933\n|switch|p2b: Torkoal|Torkoal, L50, F|100/100|[from] Volt Switch\n|-weather|SunnyDay|[from] ability: Drought|[of] p2b: Torkoal\n|move|p2a: Oranguru|Trick Room|p2a: Oranguru\n|-fieldstart|move: Trick Room|[of] p2a: Oranguru\n|\n|-weather|SunnyDay|[upkeep]\n|upkeep\n|\n|t:|1776009950\n|switch|p1b: Arcanine|Arcanine, L50, M|100/100\n|-ability|p1b: Arcanine|Intimidate|boost\n|-fail|p2a: Oranguru|unboost|Attack|[from] ability: Inner Focus|[of] p2a: Oranguru\n|-unboost|p2b: Torkoal|atk|1\n|turn|4\n|\n|t:|1776009969\n|move|p2b: Torkoal|Eruption|p1a: Rotom|[spread] p1a,p1b\n|-resisted|p1a: Rotom|1\n|-resisted|p1b: Arcanine|1\n|-damage|p1a: Rotom|0 fnt\n|-damage|p1b: Arcanine|58/100\n|faint|p1a: Rotom\n|move|p2a: Oranguru|Psychic|p1b: Arcanine\n|-damage|p1b: Arcanine|29/100\n|-enditem|p1b: Arcanine|Sitrus Berry|[eat]\n|-heal|p1b: Arcanine|54/100|[from] item: Sitrus Berry\n|move|p1b: Arcanine|Snarl|p2b: Torkoal|[spread] p2b\n|-miss|p1b: Arcanine|p2a: Oranguru\n|-damage|p2b: Torkoal|88/100\n|-unboost|p2b: Torkoal|spa|1\n|\n|-weather|SunnyDay|[upkeep]\n|upkeep\n|\n|t:|1776009982\n|switch|p1a: Venusaur|Venusaur, L50, F|100/100\n|turn|5\n|\n|t:|1776009987\n|move|p1a: Venusaur|Protect|p1a: Venusaur\n|-singleturn|p1a: Venusaur|Protect\n|move|p2b: Torkoal|Eruption|p1a: Venusaur|[spread] p1b\n|-activate|p1a: Venusaur|move: Protect\n|-resisted|p1b: Arcanine|1\n|-damage|p1b: Arcanine|29/100\n|move|p2a: Oranguru|Instruct|p2b: Torkoal\n|-singleturn|p2b: Torkoal|move: Instruct|[of] p2a: Oranguru\n|move|p2b: Torkoal|Eruption|p1a: Venusaur|[spread] p1b\n|-activate|p1a: Venusaur|move: Protect\n|-resisted|p1b: Arcanine|1\n|-damage|p1b: Arcanine|2/100\n|move|p1b: Arcanine|Snarl|p2a: Oranguru|[spread] p2a,p2b\n|-supereffective|p2a: Oranguru|1\n|-crit|p2a: Oranguru\n|-damage|p2a: Oranguru|0 fnt\n|-damage|p2b: Torkoal|76/100\n|-unboost|p2b: Torkoal|spa|1\n|faint|p2a: Oranguru\n|\n|-weather|SunnyDay|[upkeep]\n|upkeep\n|\n|t:|1776009990\n|switch|p2a: Primarina|Primarina, L50, M|100/100\n|turn|6\n|\n|t:|1776010013\n|detailschange|p1a: Venusaur|Venusaur-Mega, L50, F\n|-mega|p1a: Venusaur|Venusaur|Venusaurite\n|move|p1b: Arcanine|Protect|p1b: Arcanine\n|-singleturn|p1b: Arcanine|Protect\n|move|p2b: Torkoal|Eruption|p1b: Arcanine|[spread] p1a\n|-activate|p1b: Arcanine|move: Protect\n|-supereffective|p1a: Venusaur|1\n|-damage|p1a: Venusaur|75/100\n|move|p2a: Primarina|Ice Beam|p1a: Venusaur\n|-supereffective|p1a: Venusaur|1\n|-damage|p1a: Venusaur|48/100\n|move|p1a: Venusaur|Leech Seed|p2a: Primarina\n|-start|p2a: Primarina|move: Leech Seed\n|\n|-weather|SunnyDay|[upkeep]\n|-damage|p2a: Primarina|88/100|[from] Leech Seed|[of] p1a: Venusaur\n|-heal|p1a: Venusaur|60/100|[silent]\n|upkeep\n|turn|7\n|inactive|Aspired103 has 30 seconds left.\n|\n|t:|1776010041\n|move|p1a: Venusaur|Protect|p1a: Venusaur\n|-singleturn|p1a: Venusaur|Protect\n|move|p1b: Arcanine|Protect||[still]\n|-fail|p1b: Arcanine\n|move|p2b: Torkoal|Eruption|p1a: Venusaur|[spread] p1b\n|-activate|p1a: Venusaur|move: Protect\n|-resisted|p1b: Arcanine|1\n|-damage|p1b: Arcanine|0 fnt\n|faint|p1b: Arcanine\n|move|p2a: Primarina|Ice Beam|p1a: Venusaur\n|-activate|p1a: Venusaur|move: Protect\n|\n|-weather|none\n|-damage|p2a: Primarina|76/100|[from] Leech Seed|[of] p1a: Venusaur\n|-heal|p1a: Venusaur|73/100|[silent]\n|-fieldend|move: Trick Room\n|upkeep\n|turn|8\n|\n|t:|1776010057\n|move|p1a: Venusaur|Sludge Bomb|p2b: Torkoal\n|-damage|p2b: Torkoal|16/100\n|-status|p2b: Torkoal|psn\n|move|p2a: Primarina|Ice Beam|p1a: Venusaur\n|-supereffective|p1a: Venusaur|1\n|-damage|p1a: Venusaur|46/100\n|move|p2b: Torkoal|Eruption|p1a: Venusaur\n|-supereffective|p1a: Venusaur|1\n|-damage|p1a: Venusaur|40/100\n|\n|-damage|p2a: Primarina|64/100|[from] Leech Seed|[of] p1a: Venusaur\n|-heal|p1a: Venusaur|52/100|[silent]\n|-damage|p2b: Torkoal|4/100 psn|[from] psn\n|upkeep\n|turn|9\n|\n|t:|1776010074\n|move|p2a: Primarina|Protect|p2a: Primarina\n|-singleturn|p2a: Primarina|Protect\n|move|p1a: Venusaur|Giga Drain|p2a: Primarina\n|-activate|p2a: Primarina|move: Protect\n|move|p2b: Torkoal|Eruption|p1a: Venusaur\n|-supereffective|p1a: Venusaur|1\n|-damage|p1a: Venusaur|51/100\n|\n|-damage|p2a: Primarina|51/100|[from] Leech Seed|[of] p1a: Venusaur\n|-heal|p1a: Venusaur|63/100|[silent]\n|-damage|p2b: Torkoal|0 fnt|[from] psn\n|faint|p2b: Torkoal\n|upkeep\n|\n|t:|1776010078\n|switch|p2b: Ampharos|Ampharos-Mega, L50, F|28/100\n|-ability|p2b: Ampharos|Mold Breaker\n|turn|10\n|\n|t:|1776010083\n|move|p1a: Venusaur|Protect|p1a: Venusaur\n|-singleturn|p1a: Venusaur|Protect\n|move|p2a: Primarina|Ice Beam|p1a: Venusaur\n|-activate|p1a: Venusaur|move: Protect\n|move|p2b: Ampharos|Dragon Pulse|p1a: Venusaur\n|-activate|p1a: Venusaur|move: Protect\n|\n|-damage|p2a: Primarina|39/100|[from] Leech Seed|[of] p1a: Venusaur\n|-heal|p1a: Venusaur|75/100|[silent]\n|upkeep\n|turn|11\n|\n|t:|1776010096\n|move|p1a: Venusaur|Giga Drain|p2a: Primarina\n|-supereffective|p2a: Primarina|1\n|-crit|p2a: Primarina\n|-damage|p2a: Primarina|0 fnt\n|-heal|p1a: Venusaur|95/100|[from] drain|[of] p2a: Primarina\n|faint|p2a: Primarina\n|move|p2b: Ampharos|Dragon Pulse|p1a: Venusaur\n|-damage|p1a: Venusaur|51/100\n|\n|upkeep\n|turn|12\n|\n|t:|1776010109\n|move|p1a: Venusaur|Sludge Bomb|p2b: Ampharos\n|-damage|p2b: Ampharos|0 fnt\n|faint|p2b: Ampharos\n|\n|win|rauliito_adh\n|raw|rauliito_adh's rating: 1048 &rarr; <strong>1083</strong><br />(+35 for winning)\n|raw|Aspired103's rating: 1075 &rarr; <strong>1052</strong><br />(-23 for losing)\n",
  "uploadtime": 1776010109,
  "views": 14,
  "formatid": "gen9championsvgc2026regma",
  "rating": 1052,
  "private": 0,
  "password": null
}