{
  "id": "gen9championsvgc2026regma-2586475823",
  "format": "[Gen 9 Champions] VGC 2026 Reg M-A",
  "players": [
    "ShonenScientist",
    "michaelgscott"
  ],
  "log": "|j|\u2606ShonenScientist\n|j|\u2606michaelgscott\n|t:|1776437274\n|gametype|doubles\n|player|p1|ShonenScientist|colress|1063\n|player|p2|michaelgscott|veteran|1071\n|gen|9\n|tier|[Gen 9 Champions] VGC 2026 Reg M-A\n|rated|\n|rule|Species Clause: Limit one of each Pok\u00e9mon\n|rule|Item Clause: Limit 1 of each item\n|clearpoke\n|poke|p1|Kommo-o, L50, M|\n|poke|p1|Aegislash, L50, M|\n|poke|p1|Incineroar, L50, M|\n|poke|p1|Sinistcha-Masterpiece, L50|\n|poke|p1|Palafin, L50, F|\n|poke|p1|Froslass, L50, F|\n|poke|p2|Dragapult, L50, M|\n|poke|p2|Basculegion, L50, M|\n|poke|p2|Kingambit, L50, F|\n|poke|p2|Froslass, L50, F|\n|poke|p2|Beedrill, L50, F|\n|poke|p2|Heracross, L50, M|\n|teampreview|4\n|inactive|Battle timer is ON: inactive players will automatically lose when time's up. (requested by michaelgscott)\n|\n|t:|1776437296\n|teamsize|p1|4\n|teamsize|p2|4\n|start\n|switch|p1a: Kommo-o|Kommo-o, L50, M|100/100\n|switch|p1b: Palafin|Palafin, L50, F, shiny|100/100\n|switch|p2a: Dragapult|Dragapult, L50, M|100/100\n|switch|p2b: Heracross|Heracross, L50, M|100/100\n|turn|1\n|inactive|ShonenScientist has 30 seconds left.\n|\n|t:|1776437326\n|detailschange|p2b: Heracross|Heracross-Mega, L50, M\n|-mega|p2b: Heracross|Heracross|Heracronite\n|move|p2a: Dragapult|Dragon Claw|p1a: Kommo-o\n|-supereffective|p1a: Kommo-o|1\n|-damage|p1a: Kommo-o|19/100\n|move|p1b: Palafin|Flip Turn|p2b: Heracross\n|-damage|p2b: Heracross|78/100\n|\n|t:|1776437334\n|detailschange|p1b: Palafin|Palafin-Hero, L50, F, shiny\n|switch|p1b: Sinistcha|Sinistcha-Masterpiece, L50, shiny|100/100|[from] Flip Turn\n|-heal|p1a: Kommo-o|44/100|[from] ability: Hospitality|[of] p1b: Sinistcha\n|move|p1a: Kommo-o|Clangorous Soul|p1a: Kommo-o\n|-boost|p1a: Kommo-o|atk|1\n|-boost|p1a: Kommo-o|def|1\n|-boost|p1a: Kommo-o|spa|1\n|-boost|p1a: Kommo-o|spd|1\n|-boost|p1a: Kommo-o|spe|1\n|-damage|p1a: Kommo-o|11/100\n|move|p2b: Heracross|Pin Missile|p1b: Sinistcha\n|-damage|p1b: Sinistcha|83/100\n|-damage|p1b: Sinistcha|64/100\n|-damage|p1b: Sinistcha|44/100\n|-damage|p1b: Sinistcha|25/100\n|-damage|p1b: Sinistcha|7/100\n|-hitcount|p1b: Sinistcha|5\n|\n|upkeep\n|turn|2\n|inactive|ShonenScientist has 30 seconds left.\n|inactive|ShonenScientist has 20 seconds left.\n|\n|t:|1776437371\n|move|p2b: Heracross|Protect|p2b: Heracross\n|-singleturn|p2b: Heracross|Protect\n|move|p1a: Kommo-o|Clanging Scales|p2b: Heracross|[spread] p2a\n|-activate|p2b: Heracross|move: Protect\n|-supereffective|p2a: Dragapult|1\n|-damage|p2a: Dragapult|0 fnt\n|faint|p2a: Dragapult\n|-unboost|p1a: Kommo-o|def|1\n|move|p1b: Sinistcha|Life Dew|p1b: Sinistcha|[spread] p1a,p1b\n|-heal|p1a: Kommo-o|36/100\n|-heal|p1b: Sinistcha|32/100\n|\n|upkeep\n|\n|t:|1776437382\n|switch|p2a: Basculegion|Basculegion, L50, M|100/100\n|turn|3\n|\n|t:|1776437400\n|move|p1a: Kommo-o|Clanging Scales|p2a: Basculegion|[spread] p2a,p2b\n|-damage|p2a: Basculegion|47/100\n|-damage|p2b: Heracross|25/100\n|-unboost|p1a: Kommo-o|def|1\n|move|p2a: Basculegion|Phantom Force||[still]\n|-prepare|p2a: Basculegion|Phantom Force\n|move|p2b: Heracross|Pin Missile|p1b: Sinistcha\n|-damage|p1b: Sinistcha|12/100\n|-damage|p1b: Sinistcha|0 fnt\n|faint|p1b: Sinistcha\n|-hitcount|p1: Sinistcha|2\n|\n|-heal|p2a: Basculegion|53/100|[from] item: Leftovers\n|upkeep\n|\n|t:|1776437418\n|switch|p1b: Palafin|Palafin-Hero, L50, F, shiny|100/100\n|-activate|p1b: Palafin|ability: Zero to Hero\n|turn|4\n|inactive|ShonenScientist has 30 seconds left.\n|\n|t:|1776437448\n|move|p1b: Palafin|Protect|p1b: Palafin\n|-singleturn|p1b: Palafin|Protect\n|move|p2b: Heracross|Protect|p2b: Heracross\n|-singleturn|p2b: Heracross|Protect\n|move|p1a: Kommo-o|Clanging Scales|p2b: Heracross|[spread] \n|-miss|p1a: Kommo-o|p2a: Basculegion\n|-activate|p2b: Heracross|move: Protect\n|move|p2a: Basculegion|Phantom Force|p1a: Kommo-o|[from] lockedmove\n|-damage|p1a: Kommo-o|0 fnt\n|faint|p1a: Kommo-o\n|\n|-heal|p2a: Basculegion|60/100|[from] item: Leftovers\n|upkeep\n|\n|t:|1776437465\n|switch|p1a: Froslass|Froslass, L50, F|100/100\n|turn|5\n|\n|t:|1776437485\n|detailschange|p1a: Froslass|Froslass-Mega, L50, F\n|-mega|p1a: Froslass|Froslass|Froslassite\n|-weather|Snowscape|[from] ability: Snow Warning|[of] p1a: Froslass\n|move|p1a: Froslass|Protect|p1a: Froslass\n|-singleturn|p1a: Froslass|Protect\n|move|p1b: Palafin|Jet Punch|p2a: Basculegion\n|-resisted|p2a: Basculegion|1\n|-damage|p2a: Basculegion|36/100\n|move|p2a: Basculegion|Phantom Force||[still]\n|-prepare|p2a: Basculegion|Phantom Force\n|move|p2b: Heracross|Pin Missile|p1b: Palafin\n|-crit|p1b: Palafin\n|-damage|p1b: Palafin|69/100\n|-damage|p1b: Palafin|49/100\n|-damage|p1b: Palafin|30/100\n|-damage|p1b: Palafin|10/100\n|-damage|p1b: Palafin|0 fnt\n|faint|p1b: Palafin\n|-hitcount|p1: Palafin|5\n|\n|-weather|Snowscape|[upkeep]\n|-heal|p2a: Basculegion|42/100|[from] item: Leftovers\n|upkeep\n|turn|6\n|-message|ShonenScientist forfeited.\n|\n|win|michaelgscott\n|raw|ShonenScientist's rating: 1063 &rarr; <strong>1044</strong><br />(-19 for losing)\n|raw|michaelgscott's rating: 1071 &rarr; <strong>1100</strong><br />(+29 for winning)\n|l|\u2606ShonenScientist\n|player|p1|\n",
  "uploadtime": 1776437516,
  "views": 14,
  "formatid": "gen9championsvgc2026regma",
  "rating": 1044,
  "private": 0,
  "password": null
}