{
  "id": "gen9championsvgc2026regma-2587909283",
  "format": "[Gen 9 Champions] VGC 2026 Reg M-A",
  "players": [
    "choko1",
    "kirkykirku"
  ],
  "log": "|j|\u2606choko1\n|j|\u2606kirkykirku\n|t:|1776577671\n|gametype|doubles\n|player|p1|choko1|clown|1123\n|player|p2|kirkykirku|102|1100\n|gen|9\n|tier|[Gen 9 Champions] VGC 2026 Reg M-A\n|rated|\n|rule|Species Clause: Limit one of each Pok\u00e9mon\n|rule|Item Clause: Limit 1 of each item\n|clearpoke\n|poke|p1|Tyranitar, L50, M|\n|poke|p1|Tinkaton, L50, F|\n|poke|p1|Gengar, L50, M, shiny|\n|poke|p1|Arcanine, L50, M, shiny|\n|poke|p1|Rotom-Wash, L50|\n|poke|p1|Mamoswine, L50, F|\n|poke|p2|Garchomp, L50, F|\n|poke|p2|Sneasler, L50, F|\n|poke|p2|Gengar, L50, F|\n|poke|p2|Kingambit, L50, M|\n|poke|p2|Basculegion, L50, M|\n|poke|p2|Froslass, L50, F|\n|teampreview|4\n|\n|t:|1776577709\n|teamsize|p1|4\n|teamsize|p2|4\n|start\n|switch|p1a: Gengar|Gengar, L50, M, shiny|100/100\n|switch|p1b: Rotom|Rotom-Wash, L50|100/100\n|switch|p2a: Sneasler|Sneasler, L50, F|100/100\n|switch|p2b: Kingambit|Kingambit, L50, M|100/100\n|turn|1\n|inactive|Battle timer is ON: inactive players will automatically lose when time's up. (requested by choko1)\n|\n|t:|1776577744\n|detailschange|p1a: Gengar|Gengar-Mega, L50, M, shiny\n|-mega|p1a: Gengar|Gengar|Gengarite\n|move|p1a: Gengar|Protect|p1a: Gengar\n|-singleturn|p1a: Gengar|Protect\n|move|p2a: Sneasler|Fake Out|p1b: Rotom\n|-damage|p1b: Rotom|83/100\n|cant|p1b: Rotom|flinch\n|move|p2b: Kingambit|Kowtow Cleave|p1a: Gengar\n|-activate|p1a: Gengar|move: Protect\n|\n|upkeep\n|turn|2\n|\n|t:|1776577762\n|switch|p1a: Tinkaton|Tinkaton, L50, F|100/100\n|move|p1b: Rotom|Will-O-Wisp|p2b: Kingambit\n|-status|p2b: Kingambit|brn\n|move|p2a: Sneasler|Dire Claw|p1b: Rotom\n|-damage|p1b: Rotom|31/100\n|-status|p1b: Rotom|psn|[from] ability: Poison Touch|[of] p2a: Sneasler\n|move|p2b: Kingambit|Kowtow Cleave|p1a: Tinkaton\n|-resisted|p1a: Tinkaton|1\n|-damage|p1a: Tinkaton|89/100\n|\n|-damage|p1b: Rotom|19/100 psn|[from] psn\n|-damage|p2b: Kingambit|95/100 brn|[from] brn\n|upkeep\n|turn|3\n|\n|t:|1776577783\n|move|p1a: Tinkaton|Fake Out|p2b: Kingambit\n|-resisted|p2b: Kingambit|1\n|-damage|p2b: Kingambit|91/100 brn\n|move|p1b: Rotom|Will-O-Wisp|p2a: Sneasler\n|-status|p2a: Sneasler|brn\n|move|p2a: Sneasler|Close Combat|p1a: Tinkaton\n|-damage|p1a: Tinkaton|58/100\n|-unboost|p2a: Sneasler|def|1\n|-unboost|p2a: Sneasler|spd|1\n|cant|p2b: Kingambit|flinch\n|\n|-damage|p1b: Rotom|7/100 psn|[from] psn\n|-damage|p2a: Sneasler|95/100 brn|[from] brn\n|-damage|p2b: Kingambit|86/100 brn|[from] brn\n|upkeep\n|turn|4\n|inactive|choko1 has 30 seconds left.\n|\n|t:|1776577809\n|switch|p1b: Gengar|Gengar-Mega, L50, M, shiny|100/100\n|move|p2a: Sneasler|Close Combat|p1a: Tinkaton\n|-damage|p1a: Tinkaton|26/100\n|-unboost|p2a: Sneasler|def|1\n|-unboost|p2a: Sneasler|spd|1\n|move|p1a: Tinkaton|Play Rough|p2a: Sneasler\n|-damage|p2a: Sneasler|0 fnt\n|faint|p2a: Sneasler\n|move|p2b: Kingambit|Low Kick|p1a: Tinkaton\n|-damage|p1a: Tinkaton|9/100\n|\n|-damage|p2b: Kingambit|80/100 brn|[from] brn\n|upkeep\n|\n|t:|1776577825\n|switch|p2a: Garchomp|Garchomp, L50, F|100/100\n|turn|5\n|\n|t:|1776577832\n|move|p2b: Kingambit|Protect|p2b: Kingambit\n|-singleturn|p2b: Kingambit|Protect\n|move|p1b: Gengar|Icy Wind|p2b: Kingambit|[spread] p2a\n|-activate|p2b: Kingambit|move: Protect\n|-supereffective|p2a: Garchomp|2\n|-damage|p2a: Garchomp|30/100\n|-unboost|p2a: Garchomp|spe|1\n|-enditem|p2a: Garchomp|Sitrus Berry|[eat]\n|-heal|p2a: Garchomp|54/100|[from] item: Sitrus Berry\n|move|p1a: Tinkaton|Play Rough|p2a: Garchomp\n|-supereffective|p2a: Garchomp|1\n|-damage|p2a: Garchomp|0 fnt\n|-damage|p1a: Tinkaton|0 fnt|[from] ability: Rough Skin|[of] p2a: Garchomp\n|faint|p2a: Garchomp\n|faint|p1a: Tinkaton\n|\n|-damage|p2b: Kingambit|74/100 brn|[from] brn\n|upkeep\n|\n|t:|1776577852\n|switch|p2a: Gengar|Gengar, L50, F|100/100\n|switch|p1a: Mamoswine|Mamoswine, L50, F|100/100\n|turn|6\n|\n|t:|1776577868\n|detailschange|p2a: Gengar|Gengar-Mega, L50, F\n|-mega|p2a: Gengar|Gengar|Gengarite\n|move|p1b: Gengar|Protect|p1b: Gengar\n|-singleturn|p1b: Gengar|Protect\n|move|p2a: Gengar|Substitute|p2a: Gengar\n|-start|p2a: Gengar|Substitute\n|-damage|p2a: Gengar|76/100\n|move|p1a: Mamoswine|High Horsepower|p2a: Gengar\n|-supereffective|p2a: Gengar|1\n|-end|p2a: Gengar|Substitute\n|move|p2b: Kingambit|Kowtow Cleave|p1b: Gengar\n|-activate|p1b: Gengar|move: Protect\n|\n|-damage|p2b: Kingambit|68/100 brn|[from] brn\n|upkeep\n|turn|7\n|\n|t:|1776577884\n|move|p2a: Gengar|Shadow Ball|p1b: Gengar\n|-supereffective|p1b: Gengar|1\n|-damage|p1b: Gengar|0 fnt\n|faint|p1b: Gengar\n|move|p1a: Mamoswine|High Horsepower|p2a: Gengar\n|-supereffective|p2a: Gengar|1\n|-damage|p2a: Gengar|0 fnt\n|faint|p2a: Gengar\n|move|p2b: Kingambit|Kowtow Cleave|p1a: Mamoswine\n|-damage|p1a: Mamoswine|72/100\n|\n|-damage|p2b: Kingambit|62/100 brn|[from] brn\n|upkeep\n|\n|t:|1776577897\n|switch|p1b: Rotom|Rotom-Wash, L50|7/100 psn\n|turn|8\n|\n|t:|1776577904\n|move|p2b: Kingambit|Protect|p2b: Kingambit\n|-singleturn|p2b: Kingambit|Protect\n|move|p1b: Rotom|Thunderbolt|p2b: Kingambit\n|-activate|p2b: Kingambit|move: Protect\n|move|p1a: Mamoswine|High Horsepower|p2b: Kingambit\n|-activate|p2b: Kingambit|move: Protect\n|\n|-damage|p1b: Rotom|0 fnt|[from] psn\n|faint|p1b: Rotom\n|-damage|p2b: Kingambit|57/100 brn|[from] brn\n|upkeep\n|turn|9\n|\n|t:|1776577912\n|move|p1a: Mamoswine|Protect|p1a: Mamoswine\n|-singleturn|p1a: Mamoswine|Protect\n|move|p2b: Kingambit|Low Kick|p1a: Mamoswine\n|-activate|p1a: Mamoswine|move: Protect\n|\n|-damage|p2b: Kingambit|51/100 brn|[from] brn\n|upkeep\n|turn|10\n|\n|t:|1776577921\n|move|p1a: Mamoswine|High Horsepower|p2b: Kingambit\n|-supereffective|p2b: Kingambit|1\n|-damage|p2b: Kingambit|0 fnt\n|faint|p2b: Kingambit\n|\n|win|choko1\n|raw|choko1's rating: 1123 &rarr; <strong>1146</strong><br />(+23 for winning)\n|raw|kirkykirku's rating: 1100 &rarr; <strong>1077</strong><br />(-23 for losing)\n|l|\u2606kirkykirku\n|player|p2|\n",
  "uploadtime": 1776577928,
  "views": 9,
  "formatid": "gen9championsvgc2026regma",
  "rating": 1077,
  "private": 0,
  "password": null
}