{
  "id": "gen9championsvgc2026regma-2582419114",
  "format": "[Gen 9 Champions] VGC 2026 Reg M-A",
  "players": [
    "Theuros",
    "yuriimon"
  ],
  "log": "|j|\u2606Theuros\n|j|\u2606yuriimon\n|t:|1776090446\n|gametype|doubles\n|player|p1|Theuros|li|1074\n|player|p2|yuriimon|waitress-gen4|1131\n|gen|9\n|tier|[Gen 9 Champions] VGC 2026 Reg M-A\n|rated|\n|rule|Species Clause: Limit one of each Pok\u00e9mon\n|rule|Item Clause: Limit 1 of each item\n|clearpoke\n|poke|p1|Tyranitar, L50, F|\n|poke|p1|Starmie, L50|\n|poke|p1|Garchomp, L50, M|\n|poke|p1|Aerodactyl, L50, M|\n|poke|p1|Aegislash, L50, M|\n|poke|p1|Rotom-Heat, L50|\n|poke|p2|Feraligatr, L50, M|\n|poke|p2|Aerodactyl, L50, F|\n|poke|p2|Sneasler, L50, F|\n|poke|p2|Mimikyu, L50, F|\n|poke|p2|Camerupt, L50, M|\n|poke|p2|Kingambit, L50, M|\n|teampreview|4\n|inactive|Battle timer is ON: inactive players will automatically lose when time's up. (requested by yuriimon)\n|inactive|Theuros also wants the timer to be on.\n|inactive|Theuros has 60 seconds left.\n|\n|t:|1776090503\n|teamsize|p1|4\n|teamsize|p2|4\n|start\n|switch|p1a: Starmie|Starmie, L50|100/100\n|switch|p1b: Tyranitar|Tyranitar, L50, F|100/100\n|switch|p2a: Sneasler|Sneasler, L50, F|100/100\n|switch|p2b: Mimikyu|Mimikyu, L50, F|100/100\n|-weather|Sandstorm|[from] ability: Sand Stream|[of] p1b: Tyranitar\n|turn|1\n|\n|t:|1776090518\n|detailschange|p1a: Starmie|Starmie-Mega, L50\n|-mega|p1a: Starmie|Starmie|Starminite\n|move|p2a: Sneasler|Fake Out|p1b: Tyranitar\n|-resisted|p1b: Tyranitar|1\n|-damage|p1b: Tyranitar|94/100\n|move|p1a: Starmie|Skill Swap|p1b: Tyranitar\n|-activate|p1a: Starmie|Skill Swap|||[of] p1b: Tyranitar\n|cant|p1b: Tyranitar|flinch\n|move|p2b: Mimikyu|Trick Room|p2b: Mimikyu\n|-fieldstart|move: Trick Room|[of] p2b: Mimikyu\n|\n|-weather|Sandstorm|[upkeep]\n|-damage|p2b: Mimikyu|94/100|[from] Sandstorm\n|-damage|p2a: Sneasler|95/100|[from] Sandstorm\n|-damage|p1a: Starmie|95/100|[from] Sandstorm\n|upkeep\n|turn|2\n|\n|t:|1776090540\n|switch|p1a: Aegislash|Aegislash, L50, M, shiny|100/100\n|move|p2b: Mimikyu|Sunny Day|p2b: Mimikyu\n|-weather|SunnyDay\n|move|p1b: Tyranitar|Rock Slide|p2a: Sneasler|[spread] p2a,p2b\n|-resisted|p2a: Sneasler|1\n|-damage|p2a: Sneasler|47/100\n|-activate|p2b: Mimikyu|ability: Disguise\n|-damage|p2b: Mimikyu|94/100\n|detailschange|p2b: Mimikyu|Mimikyu-Busted, L50, F\n|-damage|p2b: Mimikyu|82/100|[from] pokemon: Mimikyu-Busted\n|move|p2a: Sneasler|Close Combat|p1b: Tyranitar\n|-supereffective|p1b: Tyranitar|2\n|-damage|p1b: Tyranitar|0 fnt\n|-unboost|p2a: Sneasler|def|1\n|-unboost|p2a: Sneasler|spd|1\n|faint|p1b: Tyranitar\n|\n|-weather|SunnyDay|[upkeep]\n|upkeep\n|\n|t:|1776090559\n|switch|p1b: Rotom|Rotom-Heat, L50, shiny|100/100\n|turn|3\n|\n|t:|1776090582\n|switch|p2b: Feraligatr|Feraligatr, L50, M|100/100\n|switch|p2a: Kingambit|Kingambit, L50, M|100/100\n|-formechange|p1a: Aegislash|Aegislash-Blade|\n|move|p1a: Aegislash|Flash Cannon|p2b: Feraligatr\n|-resisted|p2b: Feraligatr|1\n|-damage|p2b: Feraligatr|77/100\n|-unboost|p2b: Feraligatr|spd|1\n|move|p1b: Rotom|Thunderbolt|p2a: Kingambit\n|-damage|p2a: Kingambit|56/100\n|\n|-weather|SunnyDay|[upkeep]\n|upkeep\n|turn|4\n|inactive|Theuros has 30 seconds left.\n|inactive|yuriimon has 30 seconds left.\n|\n|t:|1776090611\n|detailschange|p2b: Feraligatr|Feraligatr-Mega, L50, M\n|-mega|p2b: Feraligatr|Feraligatr|Feraligite\n|-formechange|p1a: Aegislash|Aegislash|\n|move|p1a: Aegislash|King's Shield|p1a: Aegislash\n|-singleturn|p1a: Aegislash|Protect\n|move|p2a: Kingambit|Kowtow Cleave|p1a: Aegislash\n|-activate|p1a: Aegislash|move: Protect\n|-unboost|p2a: Kingambit|atk|1\n|-ability|p2a: Kingambit|Defiant|boost\n|-boost|p2a: Kingambit|atk|2\n|move|p2b: Feraligatr|Swords Dance|p2b: Feraligatr\n|-boost|p2b: Feraligatr|atk|2\n|move|p1b: Rotom|Thunderbolt|p2b: Feraligatr\n|-damage|p2b: Feraligatr|15/100\n|\n|-weather|SunnyDay|[upkeep]\n|upkeep\n|turn|5\n|inactive|Theuros has 30 seconds left.\n|inactive|yuriimon has 30 seconds left.\n|\n|t:|1776090640\n|move|p2a: Kingambit|Kowtow Cleave|p1a: Aegislash\n|-supereffective|p1a: Aegislash|1\n|-damage|p1a: Aegislash|0 fnt\n|faint|p1a: Aegislash\n|move|p2b: Feraligatr|Liquidation|p1b: Rotom\n|-supereffective|p1b: Rotom|1\n|-damage|p1b: Rotom|0 fnt\n|faint|p1b: Rotom\n|\n|-weather|SunnyDay|[upkeep]\n|-fieldend|move: Trick Room\n|upkeep\n|-message|Theuros forfeited.\n|\n|win|yuriimon\n|raw|Theuros's rating: 1074 &rarr; <strong>1056</strong><br />(-18 for losing)\n|raw|yuriimon's rating: 1131 &rarr; <strong>1152</strong><br />(+21 for winning)\n|l|\u2606Theuros\n|player|p1|\n",
  "uploadtime": 1776090652,
  "views": 8,
  "formatid": "gen9championsvgc2026regma",
  "rating": 1056,
  "private": 0,
  "password": null
}