{
  "id": "gen9championsvgc2026regma-2583765417",
  "format": "[Gen 9 Champions] VGC 2026 Reg M-A",
  "players": [
    "hyunbelievable",
    "Gin06134"
  ],
  "log": "|j|\u2606hyunbelievable\n|j|\u203dGin06134\n|t:|1776196201\n|gametype|doubles\n|player|p1|hyunbelievable|guzma|1101\n|player|p2|Gin06134|red|1158\n|gen|9\n|tier|[Gen 9 Champions] VGC 2026 Reg M-A\n|rated|\n|rule|Species Clause: Limit one of each Pok\u00e9mon\n|rule|Item Clause: Limit 1 of each item\n|clearpoke\n|poke|p1|Floette-Eternal, L50, F|\n|poke|p1|Delphox, L50, F|\n|poke|p1|Excadrill, L50, F|\n|poke|p1|Tyranitar, L50, M|\n|poke|p1|Orthworm, L50, M|\n|poke|p1|Rotom-Wash, L50|\n|poke|p2|Gengar, L50, M|\n|poke|p2|Whimsicott, L50, F|\n|poke|p2|Politoed, L50, F|\n|poke|p2|Sneasler, L50, M|\n|poke|p2|Incineroar, L50, M|\n|poke|p2|Archaludon, L50, M|\n|teampreview|4\n|inactive|Battle timer is ON: inactive players will automatically lose when time's up. (requested by Gin06134)\n|inactive|hyunbelievable has 60 seconds left.\n|\n|t:|1776196233\n|teamsize|p1|4\n|teamsize|p2|4\n|start\n|switch|p1a: Delphox|Delphox, L50, F|100/100\n|switch|p1b: Excadrill|Excadrill, L50, F|100/100\n|switch|p2a: Whimsicott|Whimsicott, L50, F|100/100\n|switch|p2b: Archaludon|Archaludon, L50, M|100/100\n|turn|1\n|inactive|Gin06134 has 30 seconds left.\n|inactive|Gin06134 has 20 seconds left.\n|inactive|Gin06134 has 15 seconds left.\n|inactive|Gin06134 has 10 seconds left.\n|\n|t:|1776196280\n|detailschange|p1a: Delphox|Delphox-Mega, L50, F\n|-mega|p1a: Delphox|Delphox|Delphoxite\n|move|p2a: Whimsicott|Tailwind|p2a: Whimsicott\n|-sidestart|p2: Gin06134|move: Tailwind\n|move|p2b: Archaludon|Aura Sphere|p1b: Excadrill\n|-supereffective|p1b: Excadrill|1\n|-damage|p1b: Excadrill|26/100\n|move|p1a: Delphox|Heat Wave|p2a: Whimsicott|[spread] p2a,p2b\n|-supereffective|p2a: Whimsicott|1\n|-damage|p2a: Whimsicott|0 fnt\n|-damage|p2b: Archaludon|32/100\n|faint|p2a: Whimsicott\n|move|p1b: Excadrill|Earthquake|p2b: Archaludon|[spread] p2b\n|-immune|p1a: Delphox|[from] ability: Levitate\n|-supereffective|p2b: Archaludon|1\n|-damage|p2b: Archaludon|0 fnt\n|faint|p2b: Archaludon\n|\n|upkeep\n|\n|t:|1776196290\n|switch|p2a: Gengar|Gengar, L50, M, shiny|100/100\n|switch|p2b: Politoed|Politoed, L50, F|100/100\n|-weather|RainDance|[from] ability: Drizzle|[of] p2b: Politoed\n|turn|2\n|inactive|hyunbelievable has 30 seconds left.\n|inactive|Gin06134 has 30 seconds left.\n|\n|t:|1776196320\n|switch|p1a: Tyranitar|Tyranitar, L50, M|100/100\n|-weather|Sandstorm|[from] ability: Sand Stream|[of] p1a: Tyranitar\n|detailschange|p2a: Gengar|Gengar-Mega, L50, M, shiny\n|-mega|p2a: Gengar|Gengar|Gengarite\n|move|p1b: Excadrill|Protect|p1b: Excadrill\n|-singleturn|p1b: Excadrill|Protect\n|move|p2a: Gengar|Nasty Plot|p2a: Gengar\n|-boost|p2a: Gengar|spa|2\n|move|p2b: Politoed|Weather Ball|p1b: Excadrill\n|-activate|p1b: Excadrill|move: Protect\n|\n|-weather|Sandstorm|[upkeep]\n|-damage|p2a: Gengar|95/100|[from] Sandstorm\n|-damage|p2b: Politoed|94/100|[from] Sandstorm\n|upkeep\n|turn|3\n|\n|t:|1776196338\n|move|p2a: Gengar|Protect|p2a: Gengar\n|-singleturn|p2a: Gengar|Protect\n|move|p1b: Excadrill|Iron Head|p2a: Gengar\n|-activate|p2a: Gengar|move: Protect\n|move|p2b: Politoed|Icy Wind|p1a: Tyranitar|[spread] p1a,p1b\n|-damage|p1a: Tyranitar|95/100\n|-damage|p1b: Excadrill|14/100\n|-unboost|p1a: Tyranitar|spe|1\n|-unboost|p1b: Excadrill|spe|1\n|move|p1a: Tyranitar|Knock Off|p2a: Gengar\n|-activate|p2a: Gengar|move: Protect\n|\n|-weather|Sandstorm|[upkeep]\n|-damage|p2a: Gengar|89/100|[from] Sandstorm\n|-damage|p2b: Politoed|88/100|[from] Sandstorm\n|upkeep\n|turn|4\n|\n|t:|1776196353\n|move|p2a: Gengar|Disable|p1a: Tyranitar\n|-start|p1a: Tyranitar|Disable|Knock Off\n|move|p2b: Politoed|Icy Wind|p1a: Tyranitar|[spread] p1a\n|-miss|p2b: Politoed|p1b: Excadrill\n|-damage|p1a: Tyranitar|89/100\n|-unboost|p1a: Tyranitar|spe|1\n|move|p1b: Excadrill|Iron Head|p2a: Gengar\n|-damage|p2a: Gengar|28/100\n|cant|p1a: Tyranitar|Disable|Knock Off\n|\n|-weather|Sandstorm|[upkeep]\n|-damage|p2a: Gengar|23/100|[from] Sandstorm\n|-damage|p2b: Politoed|82/100|[from] Sandstorm\n|-sideend|p2: Gin06134|move: Tailwind\n|upkeep\n|turn|5\n|\n|t:|1776196369\n|move|p2a: Gengar|Protect|p2a: Gengar\n|-singleturn|p2a: Gengar|Protect\n|move|p1b: Excadrill|Earthquake|p2b: Politoed|[spread] p1a,p2b\n|-activate|p2a: Gengar|move: Protect\n|-supereffective|p1a: Tyranitar|1\n|-damage|p1a: Tyranitar|12/100\n|-damage|p2b: Politoed|46/100\n|-enditem|p2b: Politoed|Sitrus Berry|[eat]\n|-heal|p2b: Politoed|71/100|[from] item: Sitrus Berry\n|move|p2b: Politoed|Icy Wind|p1a: Tyranitar|[spread] p1a,p1b\n|-damage|p1a: Tyranitar|6/100\n|-damage|p1b: Excadrill|3/100\n|-unboost|p1a: Tyranitar|spe|1\n|-unboost|p1b: Excadrill|spe|1\n|move|p1a: Tyranitar|Rock Slide|p2a: Gengar|[spread] p2b\n|-activate|p2a: Gengar|move: Protect\n|-damage|p2b: Politoed|40/100\n|\n|-weather|Sandstorm|[upkeep]\n|-damage|p2a: Gengar|17/100|[from] Sandstorm\n|-damage|p2b: Politoed|33/100|[from] Sandstorm\n|upkeep\n|turn|6\n|\n|t:|1776196386\n|move|p2a: Gengar|Shadow Ball|p1b: Excadrill\n|-damage|p1b: Excadrill|0 fnt\n|faint|p1b: Excadrill\n|move|p2b: Politoed|Weather Ball|p1a: Tyranitar\n|-damage|p1a: Tyranitar|0 fnt\n|faint|p1a: Tyranitar\n|\n|-weather|none\n|upkeep\n|\n|t:|1776196389\n|switch|p1b: Rotom|Rotom-Wash, L50|100/100\n|switch|p1a: Delphox|Delphox-Mega, L50, F|100/100\n|turn|7\n|\n|t:|1776196414\n|move|p1b: Rotom|Discharge|p2b: Politoed|[spread] p1a,p2a,p2b\n|-supereffective|p2b: Politoed|1\n|-damage|p1a: Delphox|74/100\n|-damage|p2a: Gengar|0 fnt\n|-damage|p2b: Politoed|0 fnt\n|faint|p2a: Gengar\n|faint|p2b: Politoed\n|\n|win|hyunbelievable\n|raw|hyunbelievable's rating: 1101 &rarr; <strong>1130</strong><br />(+29 for winning)\n|raw|Gin06134's rating: 1158 &rarr; <strong>1129</strong><br />(-29 for losing)\n",
  "uploadtime": 1776196417,
  "views": 15,
  "formatid": "gen9championsvgc2026regma",
  "rating": 1129,
  "private": 0,
  "password": null
}