{
  "id": "gen9championsvgc2026regma-2581243390",
  "format": "[Gen 9 Champions] VGC 2026 Reg M-A",
  "players": [
    "mayomukcha",
    "CODZ-UWWU"
  ],
  "log": "|j|\u2606mayomukcha\n|j|\u2606CODZ-UWWU\n|t:|1775975381\n|gametype|doubles\n|player|p1|mayomukcha|iris-gen5bw2|1032\n|player|p2|CODZ-UWWU|266|1020\n|gen|9\n|tier|[Gen 9 Champions] VGC 2026 Reg M-A\n|rated|\n|rule|Species Clause: Limit one of each Pok\u00e9mon\n|rule|Item Clause: Limit 1 of each item\n|clearpoke\n|poke|p1|Sneasler, L50, F|\n|poke|p1|Corviknight, L50, F|\n|poke|p1|Incineroar, L50, M|\n|poke|p1|Rotom-Wash, L50|\n|poke|p1|Excadrill, L50, M|\n|poke|p1|Tyranitar, L50, M|\n|poke|p2|Charizard, L50, M|\n|poke|p2|Whimsicott, L50, M|\n|poke|p2|Rotom-Heat, L50|\n|poke|p2|Basculegion, L50, M|\n|poke|p2|Aerodactyl, L50, M|\n|poke|p2|Incineroar, L50, F|\n|teampreview|4\n|c|\u2606CODZ-UWWU|Glhf\n|inactive|Battle timer is ON: inactive players will automatically lose when time's up. (requested by CODZ-UWWU)\n|\n|t:|1775975465\n|teamsize|p1|4\n|teamsize|p2|4\n|start\n|switch|p1a: Tyranitar|Tyranitar, L50, M|100/100\n|switch|p1b: Excadrill|Excadrill, L50, M|100/100\n|switch|p2a: Basculegion|Basculegion, L50, M|100/100\n|switch|p2b: Incineroar|Incineroar, L50, F|100/100\n|-weather|Sandstorm|[from] ability: Sand Stream|[of] p1a: Tyranitar\n|-ability|p2b: Incineroar|Intimidate|boost\n|-unboost|p1a: Tyranitar|atk|1\n|-unboost|p1b: Excadrill|atk|1\n|turn|1\n|inactive|mayomukcha has 30 seconds left.\n|inactive|mayomukcha has 20 seconds left.\n|inactive|mayomukcha has 15 seconds left.\n|\n|t:|1775975506\n|move|p1b: Excadrill|Protect|p1b: Excadrill\n|-singleturn|p1b: Excadrill|Protect\n|move|p2b: Incineroar|Fake Out|p1b: Excadrill\n|-activate|p1b: Excadrill|move: Protect\n|move|p2a: Basculegion|Flip Turn|p1a: Tyranitar\n|-supereffective|p1a: Tyranitar|1\n|-damage|p1a: Tyranitar|28/100\n|\n|t:|1775975514\n|switch|p2a: Rotom|Rotom-Heat, L50|100/100|[from] Flip Turn\n|move|p1a: Tyranitar|Knock Off|p2a: Rotom\n|-damage|p2a: Rotom|56/100\n|-enditem|p2a: Rotom|Charcoal|[from] move: Knock Off|[of] p1a: Tyranitar\n|\n|-weather|Sandstorm|[upkeep]\n|-damage|p2a: Rotom|50/100|[from] Sandstorm\n|-damage|p2b: Incineroar|95/100|[from] Sandstorm\n|-heal|p2b: Incineroar|100/100|[from] item: Leftovers\n|upkeep\n|turn|2\n|\n|t:|1775975539\n|switch|p1a: Rotom|Rotom-Wash, L50|100/100\n|move|p1b: Excadrill|Rock Slide|p2b: Incineroar|[spread] p2a,p2b\n|-supereffective|p2a: Rotom|1\n|-supereffective|p2b: Incineroar|1\n|-damage|p2a: Rotom|14/100\n|-damage|p2b: Incineroar|70/100\n|move|p2a: Rotom|Overheat|p1a: Rotom|[miss]\n|-miss|p2a: Rotom|p1a: Rotom\n|cant|p2b: Incineroar|flinch\n|\n|-weather|Sandstorm|[upkeep]\n|-damage|p1a: Rotom|95/100|[from] Sandstorm\n|-damage|p2a: Rotom|8/100|[from] Sandstorm\n|-damage|p2b: Incineroar|64/100|[from] Sandstorm\n|-heal|p2b: Incineroar|70/100|[from] item: Leftovers\n|upkeep\n|turn|3\n|\n|t:|1775975564\n|move|p1b: Excadrill|Rock Slide|p2a: Rotom|[spread] p2a,p2b\n|-supereffective|p2a: Rotom|1\n|-crit|p2a: Rotom\n|-supereffective|p2b: Incineroar|1\n|-damage|p2a: Rotom|0 fnt\n|-damage|p2b: Incineroar|43/100\n|faint|p2a: Rotom\n|move|p1a: Rotom|Hydro Pump|p2b: Incineroar\n|-supereffective|p2b: Incineroar|1\n|-damage|p2b: Incineroar|0 fnt\n|faint|p2b: Incineroar\n|\n|-weather|Sandstorm|[upkeep]\n|-damage|p1a: Rotom|89/100|[from] Sandstorm\n|upkeep\n|\n|t:|1775975567\n|switch|p2a: Basculegion|Basculegion, L50, M|100/100\n|switch|p2b: Charizard|Charizard, L50, M|100/100\n|turn|4\n|\n|t:|1775975590\n|detailschange|p2b: Charizard|Charizard-Mega-Y, L50, M\n|-mega|p2b: Charizard|Charizard|Charizardite Y\n|-weather|SunnyDay|[from] ability: Drought|[of] p2b: Charizard\n|move|p1b: Excadrill|Protect|p1b: Excadrill\n|-singleturn|p1b: Excadrill|Protect\n|move|p2a: Basculegion|Last Respects|p1a: Rotom\n|-damage|p1a: Rotom|0 fnt\n|faint|p1a: Rotom\n|move|p2b: Charizard|Weather Ball|p1b: Excadrill\n|-activate|p1b: Excadrill|move: Protect\n|\n|-weather|SunnyDay|[upkeep]\n|upkeep\n|\n|t:|1775975601\n|switch|p1a: Tyranitar|Tyranitar, L50, M|28/100\n|-weather|Sandstorm|[from] ability: Sand Stream|[of] p1a: Tyranitar\n|turn|5\n|inactive|mayomukcha has 30 seconds left.\n|inactive|mayomukcha has 20 seconds left.\n|\n|t:|1775975640\n|detailschange|p1a: Tyranitar|Tyranitar-Mega, L50, M\n|-mega|p1a: Tyranitar|Tyranitar|Tyranitarite\n|move|p1b: Excadrill|Rock Slide|p2b: Charizard|[spread] p2a,p2b\n|-supereffective|p2b: Charizard|2\n|-damage|p2a: Basculegion|82/100\n|-damage|p2b: Charizard|19/100\n|move|p2a: Basculegion|Last Respects|p1a: Tyranitar\n|-resisted|p1a: Tyranitar|1\n|-damage|p1a: Tyranitar|0 fnt\n|faint|p1a: Tyranitar\n|move|p2b: Charizard|Heat Wave|p1b: Excadrill\n|-supereffective|p1b: Excadrill|1\n|-enditem|p1b: Excadrill|Focus Sash\n|-damage|p1b: Excadrill|1/100\n|\n|-weather|Sandstorm|[upkeep]\n|-damage|p2a: Basculegion|76/100|[from] Sandstorm\n|-damage|p2b: Charizard|14/100|[from] Sandstorm\n|upkeep\n|\n|t:|1775975655\n|switch|p1a: Corviknight|Corviknight, L50, F|100/100\n|turn|6\n|inactive|mayomukcha has 30 seconds left.\n|\n|t:|1775975689\n|move|p2b: Charizard|Protect|p2b: Charizard\n|-singleturn|p2b: Charizard|Protect\n|move|p1b: Excadrill|Rock Slide|p2b: Charizard|[spread] p2a\n|-activate|p2b: Charizard|move: Protect\n|-damage|p2a: Basculegion|58/100\n|move|p2a: Basculegion|Last Respects|p1b: Excadrill\n|-damage|p1b: Excadrill|0 fnt\n|faint|p1b: Excadrill\n|move|p1a: Corviknight|Iron Defense|p1a: Corviknight\n|-boost|p1a: Corviknight|def|2\n|\n|-weather|Sandstorm|[upkeep]\n|-damage|p2a: Basculegion|52/100|[from] Sandstorm\n|-damage|p2b: Charizard|8/100|[from] Sandstorm\n|upkeep\n|turn|7\n|\n|t:|1775975710\n|move|p1a: Corviknight|Protect|p1a: Corviknight\n|-singleturn|p1a: Corviknight|Protect\n|move|p2a: Basculegion|Last Respects|p1a: Corviknight\n|-activate|p1a: Corviknight|move: Protect\n|move|p2b: Charizard|Heat Wave|p1a: Corviknight\n|-activate|p1a: Corviknight|move: Protect\n|\n|-weather|Sandstorm|[upkeep]\n|-damage|p2a: Basculegion|46/100|[from] Sandstorm\n|-damage|p2b: Charizard|2/100|[from] Sandstorm\n|upkeep\n|turn|8\n|\n|t:|1775975716\n|move|p1a: Corviknight|Protect|p1a: Corviknight\n|-singleturn|p1a: Corviknight|Protect\n|move|p2a: Basculegion|Last Respects|p1a: Corviknight\n|-activate|p1a: Corviknight|move: Protect\n|move|p2b: Charizard|Heat Wave|p1a: Corviknight\n|-activate|p1a: Corviknight|move: Protect\n|\n|-weather|Sandstorm|[upkeep]\n|-damage|p2a: Basculegion|40/100|[from] Sandstorm\n|-damage|p2b: Charizard|0 fnt|[from] Sandstorm\n|faint|p2b: Charizard\n|upkeep\n|turn|9\n|\n|t:|1775975727\n|move|p2a: Basculegion|Last Respects|p1a: Corviknight\n|-damage|p1a: Corviknight|49/100\n|move|p1a: Corviknight|Brave Bird|p2a: Basculegion\n|-damage|p2a: Basculegion|0 fnt\n|faint|p2a: Basculegion\n|-damage|p1a: Corviknight|37/100|[from] Recoil\n|\n|win|mayomukcha\n|raw|mayomukcha's rating: 1068 &rarr; <strong>1094</strong><br />(+26 for winning)\n|raw|CODZ-UWWU's rating: 1020 &rarr; <strong>1009</strong><br />(-11 for losing)\n",
  "uploadtime": 1775975730,
  "views": 9,
  "formatid": "gen9championsvgc2026regma",
  "rating": 1009,
  "private": 0,
  "password": null
}