{
  "id": "gen9championsvgc2026regma-2587999519",
  "format": "[Gen 9 Champions] VGC 2026 Reg M-A",
  "players": [
    "lowtiergimmick",
    "Ryan96"
  ],
  "log": "|j|\u2606lowtiergimmick\n|j|\u2606Ryan96\n|t:|1776590950\n|gametype|doubles\n|player|p1|lowtiergimmick|1|1145\n|player|p2|Ryan96|crasherwake|1191\n|gen|9\n|tier|[Gen 9 Champions] VGC 2026 Reg M-A\n|rated|\n|rule|Species Clause: Limit one of each Pok\u00e9mon\n|rule|Item Clause: Limit 1 of each item\n|clearpoke\n|poke|p1|Aggron, L50, F, shiny|\n|poke|p1|Milotic, L50, M|\n|poke|p1|Sinistcha-Masterpiece, L50|\n|poke|p1|Pelipper, L50, M|\n|poke|p1|Basculegion, L50, M|\n|poke|p1|Dragonite, L50, F|\n|poke|p2|Starmie, L50|\n|poke|p2|Passimian, L50, M|\n|poke|p2|Raichu, L50, M|\n|poke|p2|Tsareena, L50, F|\n|poke|p2|Incineroar, L50, M|\n|poke|p2|Sableye, L50, M|\n|teampreview|4\n|\n|t:|1776590971\n|teamsize|p1|4\n|teamsize|p2|4\n|start\n|switch|p1a: The Wall\u2122|Aggron, L50, F, shiny|100/100\n|switch|p1b: Milotic|Milotic, L50, M|100/100\n|switch|p2a: W.W.E.|Incineroar, L50, M|100/100\n|switch|p2b: B.O.N.K.|Starmie, L50|100/100\n|-ability|p2a: W.W.E.|Intimidate|boost\n|-unboost|p1a: The Wall\u2122|atk|1\n|-unboost|p1b: Milotic|atk|1\n|-ability|p1b: Milotic|Competitive|boost\n|-boost|p1b: Milotic|spa|2\n|turn|1\n|c|\u2606Ryan96|can't outstall the wall\n|\n|t:|1776591001\n|detailschange|p2b: B.O.N.K.|Starmie-Mega, L50\n|-mega|p2b: B.O.N.K.|Starmie|Starminite\n|detailschange|p1a: The Wall\u2122|Aggron-Mega, L50, F, shiny\n|-mega|p1a: The Wall\u2122|Aggron|Aggronite\n|move|p2a: W.W.E.|Fake Out|p1b: Milotic\n|-damage|p1b: Milotic|90/100\n|move|p2b: B.O.N.K.|Zen Headbutt|p1b: Milotic\n|-damage|p1b: Milotic|37/100\n|cant|p1b: Milotic|flinch\n|move|p1a: The Wall\u2122|Iron Defense|p1a: The Wall\u2122\n|-boost|p1a: The Wall\u2122|def|2\n|\n|-heal|p1b: Milotic|43/100|[from] item: Leftovers\n|upkeep\n|turn|2\n|\n|t:|1776591028\n|switch|p1b: Sinistcha|Sinistcha-Masterpiece, L50|100/100\n|move|p2b: B.O.N.K.|Zen Headbutt|p1b: Sinistcha\n|-damage|p1b: Sinistcha|43/100\n|-enditem|p1b: Sinistcha|Sitrus Berry|[eat]\n|-heal|p1b: Sinistcha|67/100|[from] item: Sitrus Berry\n|move|p2a: W.W.E.|Parting Shot|p1a: The Wall\u2122\n|-unboost|p1a: The Wall\u2122|atk|1\n|-unboost|p1a: The Wall\u2122|spa|1\n|\n|t:|1776591036\n|switch|p2a: B.Z.Z.T.|Raichu, L50, M|100/100|[from] Parting Shot\n|move|p1a: The Wall\u2122|Iron Defense|p1a: The Wall\u2122\n|-boost|p1a: The Wall\u2122|def|2\n|\n|upkeep\n|turn|3\n|\n|t:|1776591048\n|move|p2a: B.Z.Z.T.|Thunder|p1a: The Wall\u2122|[miss]\n|-miss|p2a: B.Z.Z.T.|p1a: The Wall\u2122\n|move|p2b: B.O.N.K.|Liquidation|p1a: The Wall\u2122\n|-damage|p1a: The Wall\u2122|87/100\n|move|p1a: The Wall\u2122|Iron Defense|p1a: The Wall\u2122\n|-boost|p1a: The Wall\u2122|def|2\n|move|p1b: Sinistcha|Trick Room|p1b: Sinistcha\n|-fieldstart|move: Trick Room|[of] p1b: Sinistcha\n|\n|upkeep\n|turn|4\n|\n|t:|1776591071\n|move|p2b: B.O.N.K.|Protect|p2b: B.O.N.K.\n|-singleturn|p2b: B.O.N.K.|Protect\n|move|p2a: B.Z.Z.T.|Protect|p2a: B.Z.Z.T.\n|-singleturn|p2a: B.Z.Z.T.|Protect\n|move|p1a: The Wall\u2122|Body Press|p2a: B.Z.Z.T.\n|-activate|p2a: B.Z.Z.T.|move: Protect\n|move|p1b: Sinistcha|Life Dew|p1b: Sinistcha|[spread] p1a,p1b\n|-heal|p1a: The Wall\u2122|100/100\n|-heal|p1b: Sinistcha|93/100\n|\n|upkeep\n|turn|5\n|\n|t:|1776591088\n|switch|p2a: W.W.E.|Incineroar, L50, M|100/100\n|-ability|p2a: W.W.E.|Intimidate|boost\n|-unboost|p1a: The Wall\u2122|atk|1\n|-unboost|p1b: Sinistcha|atk|1\n|move|p1a: The Wall\u2122|Body Press|p2a: W.W.E.\n|-supereffective|p2a: W.W.E.|1\n|-damage|p2a: W.W.E.|0 fnt\n|faint|p2a: W.W.E.\n|move|p1b: Sinistcha|Matcha Gotcha|p2b: B.O.N.K.\n|-supereffective|p2b: B.O.N.K.|1\n|-damage|p2b: B.O.N.K.|17/100\n|-heal|p1b: Sinistcha|100/100|[from] drain|[of] p2b: B.O.N.K.\n|move|p2b: B.O.N.K.|Zen Headbutt|p1b: Sinistcha\n|-damage|p1b: Sinistcha|36/100\n|\n|upkeep\n|\n|t:|1776591098\n|switch|p2a: B.Z.Z.T.|Raichu, L50, M|100/100\n|turn|6\n|\n|t:|1776591109\n|move|p2a: B.Z.Z.T.|Fake Out|p1a: The Wall\u2122\n|-resisted|p1a: The Wall\u2122|1\n|-damage|p1a: The Wall\u2122|99/100\n|cant|p1a: The Wall\u2122|flinch\n|move|p1b: Sinistcha|Matcha Gotcha|p2a: B.Z.Z.T.|[spread] p2a\n|-miss|p1b: Sinistcha|p2b: B.O.N.K.\n|-crit|p2a: B.Z.Z.T.\n|-damage|p2a: B.Z.Z.T.|47/100\n|-heal|p1b: Sinistcha|57/100|[from] drain|[of] p2a: B.Z.Z.T.\n|move|p2b: B.O.N.K.|Zen Headbutt|p1b: Sinistcha\n|-damage|p1b: Sinistcha|0 fnt\n|faint|p1b: Sinistcha\n|\n|upkeep\n|\n|t:|1776591116\n|switch|p1b: Milotic|Milotic, L50, M|43/100\n|turn|7\n|\n|t:|1776591121\n|move|p2b: B.O.N.K.|Protect|p2b: B.O.N.K.\n|-singleturn|p2b: B.O.N.K.|Protect\n|move|p2a: B.Z.Z.T.|Protect|p2a: B.Z.Z.T.\n|-singleturn|p2a: B.Z.Z.T.|Protect\n|move|p1a: The Wall\u2122|Body Press|p2a: B.Z.Z.T.\n|-activate|p2a: B.Z.Z.T.|move: Protect\n|move|p1b: Milotic|Life Dew|p1b: Milotic|[spread] p1a,p1b\n|-heal|p1a: The Wall\u2122|100/100\n|-heal|p1b: Milotic|68/100\n|\n|-heal|p1b: Milotic|74/100|[from] item: Leftovers\n|-fieldend|move: Trick Room\n|upkeep\n|turn|8\n|\n|t:|1776591137\n|move|p2a: B.Z.Z.T.|Thunder|p1a: The Wall\u2122\n|-damage|p1a: The Wall\u2122|59/100\n|move|p2b: B.O.N.K.|Zen Headbutt|p1b: Milotic\n|-damage|p1b: Milotic|17/100\n|move|p1b: Milotic|Life Dew|p1b: Milotic|[spread] p1a,p1b\n|-heal|p1a: The Wall\u2122|84/100\n|-heal|p1b: Milotic|43/100\n|move|p1a: The Wall\u2122|Body Press|p2a: B.Z.Z.T.\n|-damage|p2a: B.Z.Z.T.|0 fnt\n|faint|p2a: B.Z.Z.T.\n|\n|-heal|p1b: Milotic|49/100|[from] item: Leftovers\n|upkeep\n|\n|t:|1776591143\n|switch|p2a: M.O.N.K.E.|Passimian, L50, M|100/100\n|turn|9\n|\n|t:|1776591157\n|move|p1a: The Wall\u2122|Protect|p1a: The Wall\u2122\n|-singleturn|p1a: The Wall\u2122|Protect\n|move|p2a: M.O.N.K.E.|Close Combat|p1a: The Wall\u2122\n|-activate|p1a: The Wall\u2122|move: Protect\n|move|p2b: B.O.N.K.|Zen Headbutt|p1a: The Wall\u2122\n|-activate|p1a: The Wall\u2122|move: Protect\n|move|p1b: Milotic|Life Dew|p1b: Milotic|[spread] p1a,p1b\n|-heal|p1a: The Wall\u2122|100/100\n|-heal|p1b: Milotic|74/100\n|\n|-heal|p1b: Milotic|80/100|[from] item: Leftovers\n|upkeep\n|turn|10\n|\n|t:|1776591169\n|move|p2a: M.O.N.K.E.|Close Combat|p1a: The Wall\u2122\n|-supereffective|p1a: The Wall\u2122|1\n|-damage|p1a: The Wall\u2122|88/100\n|-unboost|p2a: M.O.N.K.E.|def|1\n|-unboost|p2a: M.O.N.K.E.|spd|1\n|move|p2b: B.O.N.K.|Liquidation|p1a: The Wall\u2122\n|-damage|p1a: The Wall\u2122|77/100\n|move|p1b: Milotic|Life Dew|p1b: Milotic|[spread] p1a,p1b\n|-heal|p1a: The Wall\u2122|100/100\n|-heal|p1b: Milotic|100/100\n|move|p1a: The Wall\u2122|Body Press|p2b: B.O.N.K.\n|-resisted|p2b: B.O.N.K.|1\n|-damage|p2b: B.O.N.K.|0 fnt\n|faint|p2b: B.O.N.K.\n|\n|upkeep\n|turn|11\n|c|\u2606Ryan96|lol\n|c|\u2606Ryan96|ggs\n|\n|t:|1776591192\n|switch|p1b: Pelipper|Pelipper, L50, M|100/100\n|-weather|RainDance|[from] ability: Drizzle|[of] p1b: Pelipper\n|move|p2a: M.O.N.K.E.|Close Combat|p1a: The Wall\u2122\n|-supereffective|p1a: The Wall\u2122|1\n|-damage|p1a: The Wall\u2122|88/100\n|-unboost|p2a: M.O.N.K.E.|def|1\n|-unboost|p2a: M.O.N.K.E.|spd|1\n|move|p1a: The Wall\u2122|Body Press|p2a: M.O.N.K.E.\n|-damage|p2a: M.O.N.K.E.|0 fnt\n|faint|p2a: M.O.N.K.E.\n|\n|win|lowtiergimmick\n|raw|lowtiergimmick's rating: 1145 &rarr; <strong>1173</strong><br />(+28 for winning)\n|raw|Ryan96's rating: 1191 &rarr; <strong>1163</strong><br />(-28 for losing)\n",
  "uploadtime": 1776591203,
  "views": 13,
  "formatid": "gen9championsvgc2026regma",
  "rating": 1163,
  "private": 0,
  "password": null
}