{
  "id": "gen9championsvgc2026regma-2587984126",
  "format": "[Gen 9 Champions] VGC 2026 Reg M-A",
  "players": [
    "Nfcslckk",
    "B. Farro"
  ],
  "log": "|j|\u203dNfcslckk\n|j|\u2606B. Farro\n|t:|1776588675\n|gametype|doubles\n|player|p1|Nfcslckk|102|1051\n|player|p2|B. Farro|ingo|1134\n|gen|9\n|tier|[Gen 9 Champions] VGC 2026 Reg M-A\n|rated|\n|rule|Species Clause: Limit one of each Pok\u00e9mon\n|rule|Item Clause: Limit 1 of each item\n|clearpoke\n|poke|p1|Garchomp, L50, M|\n|poke|p1|Tyranitar, L50, F|\n|poke|p1|Excadrill, L50, F, shiny|\n|poke|p1|Orthworm, L50, F, shiny|\n|poke|p1|Rotom-Heat, L50, shiny|\n|poke|p1|Venusaur, L50, F, shiny|\n|poke|p2|Glimmora, L50, M|\n|poke|p2|Whimsicott, L50, F|\n|poke|p2|Altaria, L50, M|\n|poke|p2|Talonflame, L50, F|\n|poke|p2|Garchomp, L50, M|\n|poke|p2|Weavile, L50, M|\n|teampreview|4\n|inactive|Battle timer is ON: inactive players will automatically lose when time's up. (requested by Nfcslckk)\n|\n|t:|1776588755\n|teamsize|p1|4\n|teamsize|p2|4\n|start\n|switch|p1a: Venusaur|Venusaur, L50, F, shiny|100/100\n|switch|p1b: Orthworm|Orthworm, L50, F, shiny|100/100\n|switch|p2a: Weavile|Weavile, L50, M|100/100\n|switch|p2b: Altaria|Altaria, L50, M|100/100\n|-ability|p2a: Weavile|Pressure\n|-ability|p2b: Altaria|Cloud Nine\n|turn|1\n|inactive|Nfcslckk has 30 seconds left.\n|inactive|B. Farro has 30 seconds left.\n|\n|t:|1776588785\n|move|p1a: Venusaur|Protect|p1a: Venusaur\n|-singleturn|p1a: Venusaur|Protect\n|move|p2a: Weavile|Fake Out|p1b: Orthworm\n|-resisted|p1b: Orthworm|1\n|-damage|p1b: Orthworm|96/100\n|move|p2b: Altaria|Tailwind|p2b: Altaria\n|-sidestart|p2: B. Farro|move: Tailwind\n|cant|p1b: Orthworm|flinch\n|\n|upkeep\n|turn|2\n|inactive|Nfcslckk has 30 seconds left.\n|inactive|B. Farro has 30 seconds left.\n|inactive|Nfcslckk has 20 seconds left.\n|inactive|Nfcslckk has 15 seconds left.\n|inactive|Nfcslckk has 10 seconds left.\n|inactive|Nfcslckk has 5 seconds left.\n|\n|t:|1776588840\n|move|p2a: Weavile|Triple Axel|p1a: Venusaur\n|-supereffective|p1a: Venusaur|1\n|-damage|p1a: Venusaur|77/100\n|-supereffective|p1a: Venusaur|1\n|-damage|p1a: Venusaur|35/100\n|-supereffective|p1a: Venusaur|1\n|-damage|p1a: Venusaur|0 fnt\n|faint|p1a: Venusaur\n|-hitcount|p1: Venusaur|3\n|move|p2b: Altaria|Ice Beam|p1b: Orthworm\n|-resisted|p1b: Orthworm|1\n|-damage|p1b: Orthworm|78/100\n|move|p1b: Orthworm|Body Press|p2a: Weavile\n|-supereffective|p2a: Weavile|2\n|-enditem|p2a: Weavile|Focus Sash\n|-damage|p2a: Weavile|1/100\n|\n|upkeep\n|inactive|Nfcslckk has 30 seconds left.\n|inactive|Nfcslckk has 20 seconds left.\n|inactive|Nfcslckk has 15 seconds left.\n|inactive|Nfcslckk has 10 seconds left.\n|inactive|Nfcslckk has 5 seconds left.\n|\n|t:|1776588895\n|switch|p1a: Excadrill|Excadrill, L50, F, shiny|100/100\n|turn|3\n|inactive|B. Farro has 30 seconds left.\n|inactive|B. Farro has 20 seconds left.\n|\n|t:|1776588930\n|move|p2b: Altaria|Helping Hand|p2a: Weavile\n|-singleturn|p2a: Weavile|Helping Hand|[of] p2b: Altaria\n|move|p1b: Orthworm|Protect|p1b: Orthworm\n|-singleturn|p1b: Orthworm|Protect\n|move|p2a: Weavile|Brick Break|p1b: Orthworm\n|-activate|p1b: Orthworm|move: Protect\n|move|p1a: Excadrill|Rock Slide|p2a: Weavile|[spread] p2a,p2b\n|-supereffective|p2a: Weavile|1\n|-supereffective|p2b: Altaria|1\n|-damage|p2a: Weavile|0 fnt\n|-damage|p2b: Altaria|48/100\n|faint|p2a: Weavile\n|\n|upkeep\n|\n|t:|1776588948\n|switch|p2a: Garchomp|Garchomp, L50, M|100/100\n|turn|4\n|\n|t:|1776588964\n|move|p1a: Excadrill|Protect|p1a: Excadrill\n|-singleturn|p1a: Excadrill|Protect\n|move|p2a: Garchomp|Dragon Claw|p1a: Excadrill\n|-activate|p1a: Excadrill|move: Protect\n|move|p2b: Altaria|Ice Beam|p1a: Excadrill\n|-activate|p1a: Excadrill|move: Protect\n|move|p1b: Orthworm|Shed Tail|p1b: Orthworm\n|-start|p1b: Orthworm|Substitute|[from] move: Shed Tail\n|-damage|p1b: Orthworm|28/100\n|-enditem|p1b: Orthworm|Sitrus Berry|[eat]\n|-heal|p1b: Orthworm|53/100|[from] item: Sitrus Berry\n|\n|t:|1776588977\n|switch|p1b: Tyranitar|Tyranitar, L50, F|100/100|[from] Shed Tail\n|-weather|Sandstorm|[from] ability: Sand Stream|[of] p1b: Tyranitar\n|\n|-weather|Sandstorm|[upkeep]\n|-sideend|p2: B. Farro|move: Tailwind\n|upkeep\n|turn|5\n|inactive|Nfcslckk has 30 seconds left.\n|\n|t:|1776589002\n|move|p2a: Garchomp|Earthquake|p1a: Excadrill|[spread] p1a,p1b\n|-immune|p2b: Altaria\n|-supereffective|p1b: Tyranitar|1\n|-end|p1b: Tyranitar|Substitute\n|-supereffective|p1a: Excadrill|1\n|-damage|p1a: Excadrill|3/100\n|move|p2b: Altaria|Tailwind|p2b: Altaria\n|-sidestart|p2: B. Farro|move: Tailwind\n|move|p1a: Excadrill|Rock Slide|p2b: Altaria|[spread] p2a,p2b\n|-resisted|p2a: Garchomp|1\n|-supereffective|p2b: Altaria|1\n|-damage|p2a: Garchomp|89/100\n|-damage|p2b: Altaria|0 fnt\n|faint|p2b: Altaria\n|move|p1b: Tyranitar|Knock Off|p2a: Garchomp\n|-damage|p2a: Garchomp|38/100\n|-damage|p1b: Tyranitar|88/100|[from] ability: Rough Skin|[of] p2a: Garchomp\n|-enditem|p2a: Garchomp|Yache Berry|[from] move: Knock Off|[of] p1b: Tyranitar\n|\n|-weather|Sandstorm|[upkeep]\n|upkeep\n|\n|t:|1776589019\n|switch|p2b: Glimmora|Glimmora, L50, M|100/100\n|turn|6\n|\n|t:|1776589040\n|switch|p1b: Orthworm|Orthworm, L50, F, shiny|53/100\n|move|p2b: Glimmora|Spiky Shield|p2b: Glimmora\n|-singleturn|p2b: Glimmora|move: Protect\n|move|p2a: Garchomp|Earthquake|p1b: Orthworm|[spread] p1a\n|-activate|p2b: Glimmora|move: Protect\n|-heal|p1b: Orthworm|78/100|[from] ability: Earth Eater|[of] p2a: Garchomp\n|-supereffective|p1a: Excadrill|1\n|-damage|p1a: Excadrill|0 fnt\n|faint|p1a: Excadrill\n|\n|-weather|Sandstorm|[upkeep]\n|upkeep\n|\n|t:|1776589055\n|switch|p1a: Tyranitar|Tyranitar, L50, F|88/100\n|turn|7\n|\n|t:|1776589076\n|detailschange|p2b: Glimmora|Glimmora-Mega, L50, M\n|-mega|p2b: Glimmora|Glimmora|Glimmoranite\n|move|p1a: Tyranitar|Protect|p1a: Tyranitar\n|-singleturn|p1a: Tyranitar|Protect\n|move|p2a: Garchomp|Dragon Claw|p1b: Orthworm\n|-resisted|p1b: Orthworm|1\n|-damage|p1b: Orthworm|63/100\n|move|p2b: Glimmora|Power Gem|p1b: Orthworm\n|-resisted|p1b: Orthworm|1\n|-damage|p1b: Orthworm|19/100\n|move|p1b: Orthworm|Body Press|p2a: Garchomp\n|-damage|p2a: Garchomp|2/100\n|-damage|p1b: Orthworm|7/100|[from] ability: Rough Skin|[of] p2a: Garchomp\n|\n|-weather|Sandstorm|[upkeep]\n|upkeep\n|turn|8\n|inactive|Nfcslckk has 30 seconds left.\n|inactive|Nfcslckk has 20 seconds left.\n|inactive|Nfcslckk has 15 seconds left.\n|\n|t:|1776589121\n|detailschange|p1a: Tyranitar|Tyranitar-Mega, L50, F\n|-mega|p1a: Tyranitar|Tyranitar|Tyranitarite\n|move|p2b: Glimmora|Spiky Shield|p2b: Glimmora\n|-singleturn|p2b: Glimmora|move: Protect\n|move|p2a: Garchomp|Earthquake|p1b: Orthworm|[spread] p1a\n|-activate|p2b: Glimmora|move: Protect\n|-heal|p1b: Orthworm|32/100|[from] ability: Earth Eater|[of] p2a: Garchomp\n|-supereffective|p1a: Tyranitar|1\n|-damage|p1a: Tyranitar|37/100\n|move|p1a: Tyranitar|Dragon Dance|p1a: Tyranitar\n|-boost|p1a: Tyranitar|atk|1\n|-boost|p1a: Tyranitar|spe|1\n|move|p1b: Orthworm|Rock Slide|p2a: Garchomp|[spread] p2a\n|-activate|p2b: Glimmora|move: Protect\n|-resisted|p2a: Garchomp|1\n|-damage|p2a: Garchomp|0 fnt\n|faint|p2a: Garchomp\n|\n|-weather|none\n|-sideend|p2: B. Farro|move: Tailwind\n|upkeep\n|turn|9\n|inactive|Nfcslckk has 30 seconds left.\n|\n|t:|1776589149\n|move|p1a: Tyranitar|Rock Slide|p2b: Glimmora\n|-damage|p2b: Glimmora|27/100\n|move|p2b: Glimmora|Earth Power|p1a: Tyranitar\n|-supereffective|p1a: Tyranitar|1\n|-damage|p1a: Tyranitar|0 fnt\n|faint|p1a: Tyranitar\n|move|p1b: Orthworm|Body Press|p2b: Glimmora\n|-damage|p2b: Glimmora|0 fnt\n|faint|p2b: Glimmora\n|\n|win|Nfcslckk\n|raw|Nfcslckk's rating: 1051 &rarr; <strong>1091</strong><br />(+40 for winning)\n|raw|B. Farro's rating: 1134 &rarr; <strong>1103</strong><br />(-31 for losing)\n",
  "uploadtime": 1776589159,
  "views": 9,
  "formatid": "gen9championsvgc2026regma",
  "rating": 1091,
  "private": 0,
  "password": null
}