{
  "id": "gen9championsvgc2026regma-2581763771",
  "format": "[Gen 9 Champions] VGC 2026 Reg M-A",
  "players": [
    "vitzilantis",
    "Vortex729"
  ],
  "log": "|j|\u2606vitzilantis\n|j|\u2606Vortex729\n|t:|1776026550\n|gametype|doubles\n|player|p1|vitzilantis|265|1149\n|player|p2|Vortex729|266|1048\n|gen|9\n|tier|[Gen 9 Champions] VGC 2026 Reg M-A\n|rated|\n|rule|Species Clause: Limit one of each Pok\u00e9mon\n|rule|Item Clause: Limit 1 of each item\n|clearpoke\n|poke|p1|Lopunny, L50, M|\n|poke|p1|Dragapult, L50, F|\n|poke|p1|Incineroar, L50, F|\n|poke|p1|Sneasler, L50, F|\n|poke|p1|Whimsicott, L50, F|\n|poke|p1|Empoleon, L50, M|\n|poke|p2|Golurk, L50|\n|poke|p2|Alcremie-Mint-Cream, L50, F|\n|poke|p2|Kingambit, L50, F|\n|poke|p2|Sinistcha, L50|\n|poke|p2|Hydreigon, L50, F|\n|poke|p2|Incineroar, L50, M|\n|teampreview|4\n|\n|t:|1776026585\n|teamsize|p1|4\n|teamsize|p2|4\n|start\n|switch|p1a: Lopunny|Lopunny, L50, M|100/100\n|switch|p1b: Empoleon|Empoleon, L50, M|100/100\n|switch|p2a: Incineroar|Incineroar, L50, M|100/100\n|switch|p2b: Sinistcha|Sinistcha, L50|100/100\n|-ability|p2a: Incineroar|Intimidate|boost\n|-unboost|p1a: Lopunny|atk|1\n|-unboost|p1b: Empoleon|atk|1\n|-ability|p1b: Empoleon|Competitive|boost\n|-boost|p1b: Empoleon|spa|2\n|turn|1\n|inactive|Battle timer is ON: inactive players will automatically lose when time's up. (requested by vitzilantis)\n|\n|t:|1776026601\n|detailschange|p1a: Lopunny|Lopunny-Mega, L50, M\n|-mega|p1a: Lopunny|Lopunny|Lopunnite\n|move|p1a: Lopunny|Fake Out|p2b: Sinistcha\n|-damage|p2b: Sinistcha|87/100\n|move|p2a: Incineroar|Fake Out|p1b: Empoleon\n|-resisted|p1b: Empoleon|1\n|-damage|p1b: Empoleon|95/100\n|cant|p1b: Empoleon|flinch\n|cant|p2b: Sinistcha|flinch\n|\n|upkeep\n|turn|2\n|inactive|Vortex729 has 30 seconds left.\n|\n|t:|1776026630\n|switch|p2a: Alcremie|Alcremie-Mint-Cream, L50, F|100/100\n|move|p1a: Lopunny|Triple Axel|p2b: Sinistcha\n|-supereffective|p2b: Sinistcha|1\n|-damage|p2b: Sinistcha|77/100\n|-supereffective|p2b: Sinistcha|1\n|-damage|p2b: Sinistcha|57/100\n|-supereffective|p2b: Sinistcha|1\n|-damage|p2b: Sinistcha|27/100\n|-enditem|p2b: Sinistcha|Sitrus Berry|[eat]\n|-heal|p2b: Sinistcha|52/100|[from] item: Sitrus Berry\n|-hitcount|p2b: Sinistcha|3\n|move|p1b: Empoleon|Hydro Pump|p2a: Alcremie\n|-damage|p2a: Alcremie|0 fnt\n|faint|p2a: Alcremie\n|move|p2b: Sinistcha|Trick Room|p2b: Sinistcha\n|-fieldstart|move: Trick Room|[of] p2b: Sinistcha\n|\n|upkeep\n|\n|t:|1776026648\n|switch|p2a: Golurk|Golurk, L50|100/100\n|turn|3\n|\n|t:|1776026670\n|switch|p1a: Whimsicott|Whimsicott, L50, F|100/100\n|detailschange|p2a: Golurk|Golurk-Mega, L50\n|-mega|p2a: Golurk|Golurk|Golurkite\n|move|p2a: Golurk|Drain Punch|p1b: Empoleon\n|-supereffective|p1b: Empoleon|1\n|-damage|p1b: Empoleon|29/100\n|move|p2b: Sinistcha|Strength Sap|p1a: Whimsicott\n|-unboost|p1a: Whimsicott|atk|1\n|-heal|p2b: Sinistcha|96/100\n|move|p1b: Empoleon|Hydro Pump|p2a: Golurk\n|-supereffective|p2a: Golurk|1\n|-damage|p2a: Golurk|0 fnt\n|faint|p2a: Golurk\n|\n|upkeep\n|\n|t:|1776026686\n|switch|p2a: Incineroar|Incineroar, L50, M|100/100\n|-ability|p2a: Incineroar|Intimidate|boost\n|-unboost|p1a: Whimsicott|atk|1\n|-unboost|p1b: Empoleon|atk|1\n|-ability|p1b: Empoleon|Competitive|boost\n|-boost|p1b: Empoleon|spa|2\n|turn|4\n|inactive|vitzilantis has 30 seconds left.\n|\n|t:|1776026712\n|move|p1b: Empoleon|Protect|p1b: Empoleon\n|-singleturn|p1b: Empoleon|Protect\n|move|p2a: Incineroar|Fake Out|p1b: Empoleon\n|-activate|p1b: Empoleon|move: Protect\n|move|p1a: Whimsicott|Light Screen|p1a: Whimsicott\n|-sidestart|p1: vitzilantis|move: Light Screen\n|move|p2b: Sinistcha|Matcha Gotcha|p1b: Empoleon|[spread] p1a\n|-activate|p1b: Empoleon|move: Protect\n|-resisted|p1a: Whimsicott|1\n|-damage|p1a: Whimsicott|87/100\n|-heal|p2b: Sinistcha|100/100|[from] drain|[of] p1a: Whimsicott\n|\n|upkeep\n|turn|5\n|inactive|vitzilantis has 30 seconds left.\n|\n|t:|1776026738\n|move|p2b: Sinistcha|Rage Powder|p2b: Sinistcha\n|-singleturn|p2b: Sinistcha|move: Rage Powder\n|move|p2a: Incineroar|Taunt|p1a: Whimsicott\n|-start|p1a: Whimsicott|move: Taunt\n|move|p1b: Empoleon|Hydro Pump|p2b: Sinistcha\n|-resisted|p2b: Sinistcha|1\n|-damage|p2b: Sinistcha|35/100\n|move|p1a: Whimsicott|Moonblast|p2a: Incineroar\n|-damage|p2a: Incineroar|74/100\n|\n|upkeep\n|turn|6\n|\n|t:|1776026761\n|move|p1b: Empoleon|Protect|p1b: Empoleon\n|-singleturn|p1b: Empoleon|Protect\n|move|p2a: Incineroar|Parting Shot|p1b: Empoleon\n|-activate|p1b: Empoleon|move: Protect\n|move|p2b: Sinistcha|Matcha Gotcha|p1b: Empoleon|[spread] \n|-activate|p1b: Empoleon|move: Protect\n|-miss|p2b: Sinistcha|p1a: Whimsicott\n|move|p1a: Whimsicott|Moonblast|p2b: Sinistcha\n|-damage|p2b: Sinistcha|7/100\n|\n|-fieldend|move: Trick Room\n|upkeep\n|turn|7\n|inactive|Vortex729 has 30 seconds left.\n|\n|t:|1776026788\n|move|p1a: Whimsicott|Moonblast|p2b: Sinistcha\n|-damage|p2b: Sinistcha|0 fnt\n|faint|p2b: Sinistcha\n|move|p1b: Empoleon|Hydro Pump|p2a: Incineroar\n|-supereffective|p2a: Incineroar|1\n|-damage|p2a: Incineroar|0 fnt\n|faint|p2a: Incineroar\n|\n|win|vitzilantis\n|raw|vitzilantis's rating: 1149 &rarr; <strong>1167</strong><br />(+18 for winning)\n|raw|Vortex729's rating: 1048 &rarr; <strong>1036</strong><br />(-12 for losing)\n|l|\u2606Vortex729\n|player|p2|\n",
  "uploadtime": 1776026797,
  "views": 19,
  "formatid": "gen9championsvgc2026regma",
  "rating": 1036,
  "private": 0,
  "password": null
}