{
  "id": "gen9championsvgc2026regma-2582556748",
  "format": "[Gen 9 Champions] VGC 2026 Reg M-A",
  "players": [
    "deivi111",
    "TayDeWay"
  ],
  "log": "|j|\u2606deivi111\n|j|\u2606TayDeWay\n|t:|1776099181\n|gametype|doubles\n|player|p1|deivi111|lucas|1048\n|player|p2|TayDeWay|169|1063\n|gen|9\n|tier|[Gen 9 Champions] VGC 2026 Reg M-A\n|rated|\n|rule|Species Clause: Limit one of each Pok\u00e9mon\n|rule|Item Clause: Limit 1 of each item\n|clearpoke\n|poke|p1|Arcanine, L50, F|\n|poke|p1|Rotom-Wash, L50|\n|poke|p1|Garchomp, L50, F|\n|poke|p1|Venusaur, L50, M|\n|poke|p1|Corviknight, L50, F|\n|poke|p1|Sneasler, L50, M|\n|poke|p2|Corviknight, L50, F|\n|poke|p2|Tyranitar, L50, M|\n|poke|p2|Rotom-Wash, L50|\n|poke|p2|Sinistcha-Masterpiece, L50|\n|poke|p2|Sneasler, L50, M|\n|poke|p2|Whimsicott, L50, F|\n|teampreview|4\n|\n|t:|1776099223\n|teamsize|p1|4\n|teamsize|p2|4\n|start\n|switch|p1a: Arcanine|Arcanine, L50, F|100/100\n|switch|p1b: Venusaur|Venusaur, L50, M|100/100\n|switch|p2a: Corviknight|Corviknight, L50, F|100/100\n|switch|p2b: Sneasler|Sneasler, L50, M|100/100\n|-ability|p2b: Sneasler|Pressure\n|-ability|p1a: Arcanine|Intimidate|boost\n|-ability|p2a: Corviknight|Mirror Armor\n|-unboost|p1a: Arcanine|atk|1\n|-unboost|p2b: Sneasler|atk|1\n|-enditem|p2b: Sneasler|White Herb\n|-clearnegativeboost|p2b: Sneasler|[silent]\n|turn|1\n|inactive|Battle timer is ON: inactive players will automatically lose when time's up. (requested by deivi111)\n|\n|t:|1776099244\n|move|p1b: Venusaur|Protect|p1b: Venusaur\n|-singleturn|p1b: Venusaur|Protect\n|move|p2b: Sneasler|Fake Out|p1a: Arcanine\n|-damage|p1a: Arcanine|84/100\n|cant|p1a: Arcanine|flinch\n|move|p2a: Corviknight|Body Press|p1a: Arcanine\n|-damage|p1a: Arcanine|58/100\n|\n|upkeep\n|turn|2\n|\n|t:|1776099268\n|detailschange|p1b: Venusaur|Venusaur-Mega, L50, M\n|-mega|p1b: Venusaur|Venusaur|Venusaurite\n|move|p2b: Sneasler|Close Combat|p1a: Arcanine\n|-damage|p1a: Arcanine|0 fnt\n|-unboost|p2b: Sneasler|def|1\n|-unboost|p2b: Sneasler|spd|1\n|faint|p1a: Arcanine\n|move|p2a: Corviknight|Roost||[still]\n|-fail|p2a: Corviknight|heal\n|move|p1b: Venusaur|Leech Seed|p2a: Corviknight\n|-start|p2a: Corviknight|move: Leech Seed\n|\n|-damage|p2a: Corviknight|88/100|[from] Leech Seed|[of] p1b: Venusaur\n|upkeep\n|\n|t:|1776099280\n|switch|p1a: Corviknight|Corviknight, L50, F|100/100\n|turn|3\n|\n|t:|1776099290\n|move|p2b: Sneasler|Protect|p2b: Sneasler\n|-singleturn|p2b: Sneasler|Protect\n|move|p2a: Corviknight|Tailwind|p2a: Corviknight\n|-sidestart|p2: TayDeWay|move: Tailwind\n|move|p1b: Venusaur|Sludge Bomb|p2b: Sneasler\n|-activate|p2b: Sneasler|move: Protect\n|move|p1a: Corviknight|Tailwind|p1a: Corviknight\n|-sidestart|p1: deivi111|move: Tailwind\n|\n|-damage|p2a: Corviknight|76/100|[from] Leech Seed|[of] p1b: Venusaur\n|upkeep\n|turn|4\n|\n|t:|1776099304\n|move|p2b: Sneasler|Dire Claw|p1b: Venusaur\n|-damage|p1b: Venusaur|63/100\n|move|p2a: Corviknight|Iron Head|p1b: Venusaur\n|-damage|p1b: Venusaur|44/100\n|move|p1b: Venusaur|Leech Seed|p2b: Sneasler\n|-start|p2b: Sneasler|move: Leech Seed\n|move|p1a: Corviknight|Brave Bird|p2b: Sneasler\n|-supereffective|p2b: Sneasler|1\n|-damage|p2b: Sneasler|0 fnt\n|faint|p2b: Sneasler\n|-damage|p1a: Corviknight|76/100|[from] Recoil\n|\n|-heal|p1a: Corviknight|81/100|[from] item: Leftovers\n|-damage|p2a: Corviknight|64/100|[from] Leech Seed|[of] p1b: Venusaur\n|-heal|p1b: Venusaur|56/100|[silent]\n|upkeep\n|\n|t:|1776099310\n|switch|p2b: Sinistcha|Sinistcha-Masterpiece, L50|100/100\n|-heal|p2a: Corviknight|89/100|[from] ability: Hospitality|[of] p2b: Sinistcha\n|turn|5\n|\n|t:|1776099328\n|move|p1b: Venusaur|Protect|p1b: Venusaur\n|-singleturn|p1b: Venusaur|Protect\n|move|p2a: Corviknight|Iron Head|p1b: Venusaur\n|-activate|p1b: Venusaur|move: Protect\n|move|p1a: Corviknight|Brave Bird|p2b: Sinistcha\n|-supereffective|p2b: Sinistcha|1\n|-damage|p2b: Sinistcha|30/100\n|-enditem|p2b: Sinistcha|Sitrus Berry|[eat]\n|-heal|p2b: Sinistcha|54/100|[from] item: Sitrus Berry\n|-damage|p1a: Corviknight|61/100|[from] Recoil\n|move|p2b: Sinistcha|Shadow Ball|p1b: Venusaur\n|-activate|p1b: Venusaur|move: Protect\n|\n|-heal|p1a: Corviknight|67/100|[from] item: Leftovers\n|-damage|p2a: Corviknight|77/100|[from] Leech Seed|[of] p1b: Venusaur\n|-heal|p1b: Venusaur|67/100|[silent]\n|upkeep\n|turn|6\n|inactive|deivi111 has 30 seconds left.\n|\n|t:|1776099353\n|switch|p1b: Rotom|Rotom-Wash, L50|100/100\n|move|p2a: Corviknight|Body Press|p1a: Corviknight\n|-damage|p1a: Corviknight|43/100\n|move|p1a: Corviknight|Brave Bird|p2b: Sinistcha\n|-supereffective|p2b: Sinistcha|1\n|-damage|p2b: Sinistcha|0 fnt\n|faint|p2b: Sinistcha\n|-damage|p1a: Corviknight|27/100|[from] Recoil\n|\n|-heal|p1a: Corviknight|33/100|[from] item: Leftovers\n|-damage|p2a: Corviknight|65/100|[from] Leech Seed|[of] p1b: Rotom\n|-sideend|p1: deivi111|move: Tailwind\n|-sideend|p2: TayDeWay|move: Tailwind\n|upkeep\n|\n|t:|1776099358\n|switch|p2b: Whimsicott|Whimsicott, L50, F|100/100\n|turn|7\n|\n|t:|1776099375\n|move|p1a: Corviknight|Protect|p1a: Corviknight\n|-singleturn|p1a: Corviknight|Protect\n|move|p2b: Whimsicott|Light Screen|p2b: Whimsicott\n|-sidestart|p2: TayDeWay|move: Light Screen\n|move|p1b: Rotom|Discharge|p2b: Whimsicott|[spread] p2a,p2b\n|-activate|p1a: Corviknight|move: Protect\n|-supereffective|p2a: Corviknight|1\n|-resisted|p2b: Whimsicott|1\n|-damage|p2a: Corviknight|19/100\n|-damage|p2b: Whimsicott|90/100\n|move|p2a: Corviknight|Roost|p2a: Corviknight\n|-heal|p2a: Corviknight|69/100\n|-singleturn|p2a: Corviknight|move: Roost\n|\n|-heal|p1a: Corviknight|39/100|[from] item: Leftovers\n|-damage|p2a: Corviknight|57/100|[from] Leech Seed|[of] p1b: Rotom\n|upkeep\n|turn|8\n|\n|t:|1776099391\n|move|p2b: Whimsicott|Encore|p1a: Corviknight\n|-start|p1a: Corviknight|Encore\n|move|p1a: Corviknight|Protect|p1a: Corviknight\n|-singleturn|p1a: Corviknight|Protect\n|move|p1b: Rotom|Discharge|p2a: Corviknight|[spread] p2a,p2b\n|-activate|p1a: Corviknight|move: Protect\n|-supereffective|p2a: Corviknight|1\n|-resisted|p2b: Whimsicott|1\n|-damage|p2a: Corviknight|14/100\n|-damage|p2b: Whimsicott|79/100\n|move|p2a: Corviknight|Body Press|p1a: Corviknight\n|-activate|p1a: Corviknight|move: Protect\n|\n|-heal|p1a: Corviknight|45/100|[from] item: Leftovers\n|-damage|p2a: Corviknight|2/100|[from] Leech Seed|[of] p1b: Rotom\n|upkeep\n|turn|9\n|\n|t:|1776099412\n|switch|p1a: Venusaur|Venusaur-Mega, L50, M|67/100\n|move|p1b: Rotom|Discharge|p2a: Corviknight|[spread] p1a,p2a,p2b\n|-resisted|p1a: Venusaur|1\n|-supereffective|p2a: Corviknight|1\n|-resisted|p2b: Whimsicott|1\n|-damage|p1a: Venusaur|56/100\n|-damage|p2a: Corviknight|0 fnt\n|-damage|p2b: Whimsicott|68/100\n|-status|p1a: Venusaur|par\n|faint|p2a: Corviknight\n|move|p2b: Whimsicott|Moonblast|p1b: Rotom\n|-damage|p1b: Rotom|67/100\n|\n|upkeep\n|turn|10\n|-message|TayDeWay forfeited.\n|\n|win|deivi111\n|raw|deivi111's rating: 1048 &rarr; <strong>1082</strong><br />(+34 for winning)\n|raw|TayDeWay's rating: 1063 &rarr; <strong>1043</strong><br />(-20 for losing)\n|l|\u2606TayDeWay\n|player|p2|\n",
  "uploadtime": 1776099424,
  "views": 11,
  "formatid": "gen9championsvgc2026regma",
  "rating": 1043,
  "private": 0,
  "password": null
}