{
  "id": "gen9championsvgc2026regma-2584377470",
  "format": "[Gen 9 Champions] VGC 2026 Reg M-A",
  "players": [
    "smp on whimsicott",
    "Timo_0320"
  ],
  "log": "|j|\u2606smp on whimsicott\n|j|\u2606Timo_0320\n|t:|1776256263\n|gametype|doubles\n|player|p1|smp on whimsicott|artist-gen4|1351\n|player|p2|Timo_0320|265|1331\n|gen|9\n|tier|[Gen 9 Champions] VGC 2026 Reg M-A\n|rated|\n|rule|Species Clause: Limit one of each Pok\u00e9mon\n|rule|Item Clause: Limit 1 of each item\n|clearpoke\n|poke|p1|Arcanine, L50, F|\n|poke|p1|Venusaur, L50, F|\n|poke|p1|Sneasler, L50, M|\n|poke|p1|Rotom-Wash, L50|\n|poke|p1|Garchomp, L50, M|\n|poke|p1|Corviknight, L50, F|\n|poke|p2|Froslass, L50, F|\n|poke|p2|Garchomp, L50, M|\n|poke|p2|Rotom-Wash, L50|\n|poke|p2|Delphox, L50, F|\n|poke|p2|Whimsicott, L50, M|\n|poke|p2|Sneasler, L50, M|\n|teampreview|4\n|\n|t:|1776256326\n|teamsize|p1|4\n|teamsize|p2|4\n|start\n|switch|p1a: Arcanine|Arcanine, L50, F|100/100\n|switch|p1b: Garchomp|Garchomp, L50, M|100/100\n|switch|p2a: Froslass|Froslass, L50, F|100/100\n|switch|p2b: Sneasler|Sneasler, L50, M|100/100\n|-ability|p1a: Arcanine|Intimidate|boost\n|-unboost|p2a: Froslass|atk|1\n|-unboost|p2b: Sneasler|atk|1\n|-enditem|p2b: Sneasler|White Herb\n|-clearnegativeboost|p2b: Sneasler|[silent]\n|turn|1\n|\n|t:|1776256343\n|switch|p1b: Rotom|Rotom-Wash, L50|100/100\n|detailschange|p2a: Froslass|Froslass-Mega, L50, F\n|-mega|p2a: Froslass|Froslass|Froslassite\n|-weather|Snowscape|[from] ability: Snow Warning|[of] p2a: Froslass\n|move|p2b: Sneasler|Fake Out|p1a: Arcanine\n|-damage|p1a: Arcanine|85/100\n|move|p2a: Froslass|Blizzard|p1b: Rotom|[spread] p1a,p1b\n|-resisted|p1a: Arcanine|1\n|-resisted|p1b: Rotom|1\n|-damage|p1a: Arcanine|64/100\n|-damage|p1b: Rotom|77/100\n|-status|p1a: Arcanine|frz\n|-curestatus|p1a: Arcanine|frz|[msg]\n|cant|p1a: Arcanine|flinch\n|\n|-weather|Snowscape|[upkeep]\n|upkeep\n|turn|2\n|\n|t:|1776256376\n|switch|p2a: Rotom|Rotom-Wash, L50|100/100\n|move|p1a: Arcanine|Protect|p1a: Arcanine\n|-singleturn|p1a: Arcanine|Protect\n|move|p2b: Sneasler|Dire Claw|p1b: Rotom\n|-damage|p1b: Rotom|27/100\n|move|p1b: Rotom|Electroweb|p2a: Rotom|[spread] p2a,p2b\n|-damage|p2a: Rotom|83/100\n|-damage|p2b: Sneasler|82/100\n|-unboost|p2a: Rotom|spe|1\n|-unboost|p2b: Sneasler|spe|1\n|\n|-weather|Snowscape|[upkeep]\n|upkeep\n|turn|3\n|\n|t:|1776256402\n|switch|p1a: Garchomp|Garchomp, L50, M|100/100\n|move|p1b: Rotom|Electroweb|p2a: Rotom|[spread] p2a,p2b\n|-damage|p2a: Rotom|64/100\n|-damage|p2b: Sneasler|63/100\n|-unboost|p2a: Rotom|spe|1\n|-unboost|p2b: Sneasler|spe|1\n|move|p2b: Sneasler|Close Combat|p1a: Garchomp\n|-damage|p1a: Garchomp|31/100\n|-unboost|p2b: Sneasler|def|1\n|-unboost|p2b: Sneasler|spd|1\n|-damage|p2b: Sneasler|50/100|[from] ability: Rough Skin|[of] p1a: Garchomp\n|move|p2a: Rotom|Volt Switch|p1b: Rotom\n|-damage|p1b: Rotom|0 fnt\n|faint|p1b: Rotom\n|\n|t:|1776256418\n|switch|p2a: Froslass|Froslass-Mega, L50, F|100/100|[from] Volt Switch\n|\n|-weather|Snowscape|[upkeep]\n|upkeep\n|\n|t:|1776256427\n|switch|p1b: Arcanine|Arcanine, L50, F|64/100\n|-ability|p1b: Arcanine|Intimidate|boost\n|-unboost|p2a: Froslass|atk|1\n|-unboost|p2b: Sneasler|atk|1\n|turn|4\n|\n|t:|1776256449\n|switch|p2b: Garchomp|Garchomp, L50, M|100/100\n|move|p2a: Froslass|Protect|p2a: Froslass\n|-singleturn|p2a: Froslass|Protect\n|move|p1a: Garchomp|Dragon Claw|p2b: Garchomp\n|-supereffective|p2b: Garchomp|1\n|-damage|p2b: Garchomp|20/100\n|-damage|p1a: Garchomp|19/100|[from] ability: Rough Skin|[of] p2b: Garchomp\n|move|p1b: Arcanine|Flare Blitz|p2a: Froslass\n|-activate|p2a: Froslass|move: Protect\n|\n|-weather|Snowscape|[upkeep]\n|upkeep\n|turn|5\n|\n|t:|1776256466\n|switch|p2a: Rotom|Rotom-Wash, L50|64/100\n|move|p1a: Garchomp|Protect|p1a: Garchomp\n|-singleturn|p1a: Garchomp|Protect\n|move|p2b: Garchomp|Earthquake|p1a: Garchomp|[spread] p1b\n|-activate|p1a: Garchomp|move: Protect\n|-immune|p2a: Rotom|[from] ability: Levitate\n|-supereffective|p1b: Arcanine|1\n|-damage|p1b: Arcanine|0 fnt\n|faint|p1b: Arcanine\n|\n|-weather|none\n|upkeep\n|\n|t:|1776256469\n|switch|p1b: Venusaur|Venusaur, L50, F|100/100\n|turn|6\n|-message|smp on whimsicott forfeited.\n|\n|win|Timo_0320\n|raw|smp on whimsicott's rating: 1351 &rarr; <strong>1330</strong><br />(-21 for losing)\n|raw|Timo_0320's rating: 1331 &rarr; <strong>1352</strong><br />(+21 for winning)\n",
  "uploadtime": 1776256475,
  "views": 41,
  "formatid": "gen9championsvgc2026regma",
  "rating": 1330,
  "private": 0,
  "password": null
}