{
  "id": "gen9championsvgc2026regma-2586128352",
  "format": "[Gen 9 Champions] VGC 2026 Reg M-A",
  "players": [
    "CalmLeaf",
    "Emberniaa"
  ],
  "log": "|j|\u2606CalmLeaf\n|j|\u2606Emberniaa\n|t:|1776402452\n|gametype|doubles\n|player|p1|CalmLeaf|leaf-masters|1000\n|player|p2|Emberniaa|shauntal|1046\n|gen|9\n|tier|[Gen 9 Champions] VGC 2026 Reg M-A\n|rated|\n|rule|Species Clause: Limit one of each Pok\u00e9mon\n|rule|Item Clause: Limit 1 of each item\n|clearpoke\n|poke|p1|Excadrill, L50, M|\n|poke|p1|Medicham, L50, F|\n|poke|p1|Aerodactyl, L50, F|\n|poke|p1|Rampardos, L50, F|\n|poke|p1|Slowbro, L50, M|\n|poke|p1|Hatterene, L50, F|\n|poke|p2|Lopunny, L50, M|\n|poke|p2|Aerodactyl, L50, M|\n|poke|p2|Excadrill, L50, M|\n|poke|p2|Rotom-Wash, L50|\n|poke|p2|Incineroar, L50, F|\n|poke|p2|Sinistcha, L50|\n|teampreview|4\nEmberniaa has agreed to open team sheets.\nCalmLeaf has agreed to open team sheets.\n|showteam|p1|Excadrill||ChoiceScarf|MoldBreaker|Earthquake,RockSlide,IronHead,Megahorn|||M|||50|]Medicham||FocusSash|PurePower|SkillSwap,TrickRoom,FakeOut,CloseCombat|||F|||50|]Aerodactyl||Aerodactylite|Pressure|RockSlide,DragonDance,Fly,Crunch|||F|||50|]Rampardos||HardStone|SheerForce|RockSlide,FirePunch,SwordsDance,Protect|||F|||50|]Slowbro||Slowbronite|Oblivious|TrickRoom,ExpandingForce,Flamethrower,SlackOff|||M|||50|]Hatterene||Leftovers|MagicBounce|DazzlingGleam,PsychicTerrain,CalmMind,ExpandingForce|||F|||50|\n|showteam|p2|Lopunny||Lopunnite|Limber|CloseCombat,FakeOut,TripleAxel,Encore|||M|||50|]Aerodactyl||MentalHerb|Unnerve|RockSlide,DualWingbeat,WideGuard,Tailwind|||M|||50|]Excadrill||ChoiceScarf|MoldBreaker|IronHead,RockSlide,HighHorsepower,Earthquake|||M|||50|]Rotom-Wash||Magnet|Levitate|HydroPump,Thunderbolt,Protect,VoltSwitch||||||50|]Incineroar||LumBerry|Intimidate|DarkestLariat,FlareBlitz,FakeOut,PartingShot|||F|||50|]Sinistcha||Leftovers|Hospitality|MatchaGotcha,RagePowder,Protect,ShadowBall||||||50|\n|\n|t:|1776402576\n|teamsize|p1|4\n|teamsize|p2|4\n|start\n|switch|p1a: Slowbro|Slowbro, L50, M|100/100\n|switch|p1b: Hatterene|Hatterene, L50, F|100/100\n|switch|p2a: Lopunny|Lopunny, L50, M|100/100\n|switch|p2b: Rotom|Rotom-Wash, L50|100/100\n|turn|1\n|\n|t:|1776402608\n|detailschange|p2a: Lopunny|Lopunny-Mega, L50, M\n|-mega|p2a: Lopunny|Lopunny|Lopunnite\n|move|p2a: Lopunny|Fake Out|p1b: Hatterene\n|-damage|p1b: Hatterene|74/100\n|move|p2b: Rotom|Thunderbolt|p1a: Slowbro\n|-supereffective|p1a: Slowbro|1\n|-damage|p1a: Slowbro|7/100\n|cant|p1b: Hatterene|flinch\n|move|p1a: Slowbro|Trick Room|p1a: Slowbro\n|-fieldstart|move: Trick Room|[of] p1a: Slowbro\n|\n|-heal|p1b: Hatterene|80/100|[from] item: Leftovers\n|upkeep\n|turn|2\n|\n|t:|1776402640\n|switch|p2a: Sinistcha|Sinistcha, L50|100/100\n|detailschange|p1a: Slowbro|Slowbro-Mega, L50, M\n|-mega|p1a: Slowbro|Slowbro|Slowbronite\n|move|p1b: Hatterene|Psychic Terrain|p1b: Hatterene\n|-fieldstart|move: Psychic Terrain\n|move|p1a: Slowbro|Slack Off|p1a: Slowbro\n|-heal|p1a: Slowbro|57/100\n|move|p2b: Rotom|Volt Switch|p1b: Hatterene\n|-damage|p1b: Hatterene|40/100\n|\n|t:|1776402649\n|switch|p2b: Lopunny|Lopunny-Mega, L50, M|100/100|[from] Volt Switch\n|\n|-heal|p1b: Hatterene|47/100|[from] item: Leftovers\n|upkeep\n|turn|3\n|\n|t:|1776402684\n|move|p2b: Lopunny|Fake Out|p1a: Slowbro\n|-activate|p1a: Slowbro|move: Psychic Terrain\n|move|p1b: Hatterene|Calm Mind|p1b: Hatterene\n|-boost|p1b: Hatterene|spa|1\n|-boost|p1b: Hatterene|spd|1\n|move|p1a: Slowbro|Slack Off|p1a: Slowbro\n|-heal|p1a: Slowbro|100/100\n|move|p2a: Sinistcha|Matcha Gotcha|p1a: Slowbro|[spread] p1b\n|-miss|p2a: Sinistcha|p1a: Slowbro\n|-damage|p1b: Hatterene|24/100\n|-status|p1b: Hatterene|brn\n|\n|-heal|p1b: Hatterene|30/100 brn|[from] item: Leftovers\n|-damage|p1b: Hatterene|24/100 brn|[from] brn\n|upkeep\n|turn|4\n|\n|t:|1776402735\n|switch|p2b: Rotom|Rotom-Wash, L50|100/100\n|move|p1b: Hatterene|Dazzling Gleam|p2a: Sinistcha|[spread] p2a,p2b\n|-damage|p2a: Sinistcha|43/100\n|-damage|p2b: Rotom|48/100\n|move|p1a: Slowbro|Expanding Force|p2a: Sinistcha|[spread] p2a,p2b\n|-damage|p2a: Sinistcha|0 fnt\n|-damage|p2b: Rotom|0 fnt\n|faint|p2a: Sinistcha\n|faint|p2b: Rotom\n|\n|-heal|p1b: Hatterene|30/100 brn|[from] item: Leftovers\n|-damage|p1b: Hatterene|24/100 brn|[from] brn\n|upkeep\n|\n|t:|1776402748\n|switch|p2a: Incineroar|Incineroar, L50, F|100/100\n|switch|p2b: Lopunny|Lopunny-Mega, L50, M|100/100\n|-ability|p2a: Incineroar|Intimidate|boost\n|-unboost|p1a: Slowbro|atk|1\n|-unboost|p1b: Hatterene|atk|1\n|turn|5\n|\n|t:|1776402772\n|move|p1b: Hatterene|Dazzling Gleam|p2b: Lopunny|[spread] p2a,p2b\n|-supereffective|p2b: Lopunny|1\n|-damage|p2a: Incineroar|52/100\n|-damage|p2b: Lopunny|0 fnt\n|faint|p2b: Lopunny\n|move|p1a: Slowbro|Flamethrower|p2a: Incineroar\n|-resisted|p2a: Incineroar|1\n|-damage|p2a: Incineroar|37/100\n|move|p2a: Incineroar|Darkest Lariat|p1a: Slowbro\n|-supereffective|p1a: Slowbro|1\n|-damage|p1a: Slowbro|55/100\n|\n|-heal|p1b: Hatterene|30/100 brn|[from] item: Leftovers\n|-damage|p1b: Hatterene|24/100 brn|[from] brn\n|-fieldend|move: Trick Room\n|upkeep\n|turn|6\n|\n|t:|1776402792\n|move|p2a: Incineroar|Flare Blitz|p1b: Hatterene\n|-damage|p1b: Hatterene|0 fnt\n|faint|p1b: Hatterene\n|-damage|p2a: Incineroar|31/100|[from] Recoil\n|move|p1a: Slowbro|Trick Room|p1a: Slowbro\n|-fieldstart|move: Trick Room|[of] p1a: Slowbro\n|\n|-fieldend|move: Psychic Terrain\n|upkeep\n|\n|t:|1776402801\n|switch|p1b: Medicham|Medicham, L50, F|100/100\n|turn|7\n|\n|t:|1776402812\n|move|p1a: Slowbro|Flamethrower|p2a: Incineroar\n|-resisted|p2a: Incineroar|1\n|-damage|p2a: Incineroar|16/100\n|move|p2a: Incineroar|Flare Blitz|p1b: Medicham\n|-damage|p1b: Medicham|20/100\n|-damage|p2a: Incineroar|0 fnt|[from] Recoil\n|faint|p2a: Incineroar\n|\n|win|CalmLeaf\n|raw|CalmLeaf's rating: 1000 &rarr; <strong>1045</strong><br />(+45 for winning)\n|raw|Emberniaa's rating: 1046 &rarr; <strong>1027</strong><br />(-19 for losing)\n|c|\u2606Emberniaa|gg\n|c|\u2606CalmLeaf|gg\n|l|\u2606Emberniaa\n|player|p2|\n",
  "uploadtime": 1776402827,
  "views": 16,
  "formatid": "gen9championsvgc2026regma",
  "rating": 1027,
  "private": 0,
  "password": null
}