{
  "id": "gen9championsvgc2026regma-2587657374",
  "format": "[Gen 9 Champions] VGC 2026 Reg M-A",
  "players": [
    "Tyspn",
    "El Gingero"
  ],
  "log": "|j|\u2606Tyspn\n|j|\u2606El Gingero\n|t:|1776551059\n|gametype|doubles\n|player|p1|Tyspn|265|1000\n|player|p2|El Gingero|gentleman-gen4|1055\n|gen|9\n|tier|[Gen 9 Champions] VGC 2026 Reg M-A\n|rated|\n|rule|Species Clause: Limit one of each Pok\u00e9mon\n|rule|Item Clause: Limit 1 of each item\n|clearpoke\n|poke|p1|Beedrill, L50, F|\n|poke|p1|Whimsicott, L50, M|\n|poke|p1|Alcremie, L50, F|\n|poke|p1|Farigiraf, L50, F|\n|poke|p1|Chandelure, L50, M|\n|poke|p1|Morpeko, L50, M|\n|poke|p2|Charizard, L50, M|\n|poke|p2|Heliolisk, L50, F|\n|poke|p2|Golurk, L50, shiny|\n|poke|p2|Whimsicott, L50, M|\n|poke|p2|Empoleon, L50, F|\n|poke|p2|Farigiraf, L50, M|\n|teampreview|4\n|inactive|Battle timer is ON: inactive players will automatically lose when time's up. (requested by Tyspn)\n|\n|t:|1776551119\n|teamsize|p1|4\n|teamsize|p2|4\n|start\n|switch|p1a: Whimsicott|Whimsicott, L50, M|100/100\n|switch|p1b: Chandelure|Chandelure, L50, M|100/100\n|switch|p2a: Iron Giant|Golurk, L50, shiny|100/100\n|switch|p2b: Farigiraf|Farigiraf, L50, M|100/100\n|turn|1\n|inactive|Tyspn has 30 seconds left.\n|\n|t:|1776551150\n|move|p2a: Iron Giant|Protect|p2a: Iron Giant\n|-singleturn|p2a: Iron Giant|Protect\n|move|p1a: Whimsicott|Tailwind|p1a: Whimsicott\n|-sidestart|p1: Tyspn|move: Tailwind\n|move|p1b: Chandelure|Calm Mind|p1b: Chandelure\n|-boost|p1b: Chandelure|spa|1\n|-boost|p1b: Chandelure|spd|1\n|move|p2b: Farigiraf|Trick Room|p2b: Farigiraf\n|-fieldstart|move: Trick Room|[of] p2b: Farigiraf\n|\n|upkeep\n|turn|2\n|inactive|Tyspn has 30 seconds left.\n|\n|t:|1776551182\n|detailschange|p2a: Iron Giant|Golurk-Mega, L50, shiny\n|-mega|p2a: Iron Giant|Golurk|Golurkite\n|move|p2a: Iron Giant|High Horsepower|p1b: Chandelure\n|-supereffective|p1b: Chandelure|1\n|-enditem|p1b: Chandelure|Focus Sash\n|-damage|p1b: Chandelure|1/100\n|move|p2b: Farigiraf|Psych Up|p1b: Chandelure\n|-copyboost|p2b: Farigiraf|p1b: Chandelure|[from] move: Psych Up\n|move|p1a: Whimsicott|Moonblast|p2b: Farigiraf\n|-damage|p2b: Farigiraf|77/100\n|move|p1b: Chandelure|Shadow Ball|p2a: Iron Giant\n|-supereffective|p2a: Iron Giant|1\n|-damage|p2a: Iron Giant|0 fnt\n|faint|p2a: Iron Giant\n|\n|-heal|p2b: Farigiraf|83/100|[from] item: Leftovers\n|upkeep\n|\n|t:|1776551199\n|switch|p2a: Whimsicott|Whimsicott, L50, M|100/100\n|turn|3\n|inactive|Tyspn has 30 seconds left.\n|inactive|El Gingero has 30 seconds left.\n|inactive|Tyspn has 20 seconds left.\n|inactive|El Gingero has 20 seconds left.\n|inactive|El Gingero has 15 seconds left.\n|inactive|El Gingero has 10 seconds left.\n|\n|t:|1776551254\n|move|p2b: Farigiraf|Psychic|p1a: Whimsicott\n|-damage|p1a: Whimsicott|41/100\n|move|p2a: Whimsicott|Moonblast|p1b: Chandelure\n|-resisted|p1b: Chandelure|1\n|-damage|p1b: Chandelure|0 fnt\n|faint|p1b: Chandelure\n|move|p1a: Whimsicott|Moonblast|p2b: Farigiraf\n|-damage|p2b: Farigiraf|61/100\n|\n|-heal|p2b: Farigiraf|67/100|[from] item: Leftovers\n|-heal|p1a: Whimsicott|47/100|[from] item: Leftovers\n|upkeep\n|\n|t:|1776551276\n|switch|p1b: Farigiraf|Farigiraf, L50, F|100/100\n|turn|4\n|\n|t:|1776551287\n|move|p2b: Farigiraf|Psychic|p1a: Whimsicott\n|-damage|p1a: Whimsicott|0 fnt\n|faint|p1a: Whimsicott\n|move|p1b: Farigiraf|Hyper Beam|p2a: Whimsicott\n|-enditem|p2a: Whimsicott|Focus Sash\n|-damage|p2a: Whimsicott|1/100\n|-mustrecharge|p1b: Farigiraf\n|move|p2a: Whimsicott|Moonblast|p1b: Farigiraf\n|-damage|p1b: Farigiraf|59/100\n|\n|-heal|p2b: Farigiraf|73/100|[from] item: Leftovers\n|-sideend|p1: Tyspn|move: Tailwind\n|upkeep\n|\n|t:|1776551300\n|switch|p1a: Beedrill|Beedrill, L50, F|100/100\n|turn|5\n|\n|t:|1776551310\n|move|p1a: Beedrill|Protect|p1a: Beedrill\n|-singleturn|p1a: Beedrill|Protect\n|move|p2a: Whimsicott|Encore||[still]\n|cant|p1b: Farigiraf|ability: Armor Tail|Encore|[of] p2a: Whimsicott\n|move|p2b: Farigiraf|Psychic|p1a: Beedrill\n|-activate|p1a: Beedrill|move: Protect\n|cant|p1b: Farigiraf|recharge\n|\n|-heal|p2b: Farigiraf|79/100|[from] item: Leftovers\n|-fieldend|move: Trick Room\n|upkeep\n|turn|6\n|\n|t:|1776551332\n|move|p2a: Whimsicott|Encore||[still]\n|cant|p1b: Farigiraf|ability: Armor Tail|Encore|[of] p2a: Whimsicott\n|move|p1a: Beedrill|U-turn|p2b: Farigiraf\n|-supereffective|p2b: Farigiraf|1\n|-damage|p2b: Farigiraf|30/100\n|move|p1b: Farigiraf|Hyper Voice|p2a: Whimsicott|[spread] p2a,p2b\n|-damage|p2a: Whimsicott|0 fnt\n|-damage|p2b: Farigiraf|2/100\n|faint|p2a: Whimsicott\n|move|p2b: Farigiraf|Psychic|p1b: Farigiraf\n|-resisted|p1b: Farigiraf|1\n|-damage|p1b: Farigiraf|29/100\n|\n|-heal|p2b: Farigiraf|8/100|[from] item: Leftovers\n|upkeep\n|\n|t:|1776551345\n|switch|p2a: Charizard|Charizard, L50, M|100/100\n|turn|7\n|\n|t:|1776551366\n|detailschange|p1a: Beedrill|Beedrill-Mega, L50, F\n|-mega|p1a: Beedrill|Beedrill|Beedrillite\n|move|p1a: Beedrill|Protect|p1a: Beedrill\n|-singleturn|p1a: Beedrill|Protect\n|move|p2b: Farigiraf|Protect|p2b: Farigiraf\n|-singleturn|p2b: Farigiraf|Protect\n|move|p2a: Charizard|Heat Wave|p1a: Beedrill|[spread] p1b\n|-activate|p1a: Beedrill|move: Protect\n|-damage|p1b: Farigiraf|0 fnt\n|faint|p1b: Farigiraf\n|\n|-heal|p2b: Farigiraf|14/100|[from] item: Leftovers\n|upkeep\n|turn|8\n|\n|t:|1776551391\n|move|p1a: Beedrill|Poison Jab|p2a: Charizard\n|-damage|p2a: Charizard|14/100\n|move|p2a: Charizard|Heat Wave|p1a: Beedrill\n|-supereffective|p1a: Beedrill|1\n|-damage|p1a: Beedrill|0 fnt\n|faint|p1a: Beedrill\n|\n|win|El Gingero\n|raw|Tyspn's rating: 1000 &rarr; <strong>1000</strong><br />(+0 for losing)\n|raw|El Gingero's rating: 1055 &rarr; <strong>1082</strong><br />(+27 for winning)\n",
  "uploadtime": 1776551399,
  "views": 23,
  "formatid": "gen9championsvgc2026regma",
  "rating": 1000,
  "private": 0,
  "password": null
}