{
  "id": "gen9championsvgc2026regma-2582426112",
  "format": "[Gen 9 Champions] VGC 2026 Reg M-A",
  "players": [
    "Ph4npy",
    "pipowaso13"
  ],
  "log": "|j|\u2606Ph4npy\n|j|\u2606pipowaso13\n|t:|1776090909\n|gametype|doubles\n|player|p1|Ph4npy|2|1132\n|player|p2|pipowaso13|silver|1190\n|gen|9\n|tier|[Gen 9 Champions] VGC 2026 Reg M-A\n|rated|\n|rule|Species Clause: Limit one of each Pok\u00e9mon\n|rule|Item Clause: Limit 1 of each item\n|clearpoke\n|poke|p1|Morpeko, L50, M|\n|poke|p1|Passimian, L50, M|\n|poke|p1|Golurk, L50|\n|poke|p1|Charizard, L50, M|\n|poke|p1|Salazzle, L50, F|\n|poke|p1|Hydrapple, L50, F|\n|poke|p2|Gardevoir, L50, F|\n|poke|p2|Tyranitar, L50, M|\n|poke|p2|Excadrill, L50, F|\n|poke|p2|Rotom-Heat, L50|\n|poke|p2|Gyarados, L50, M|\n|poke|p2|Sinistcha, L50|\n|teampreview|4\n|\n|t:|1776090943\n|teamsize|p1|4\n|teamsize|p2|4\n|start\n|switch|p1a: Passimian|Passimian, L50, M|100/100\n|switch|p1b: Golurk|Golurk, L50|100/100\n|switch|p2a: Gardevoir|Gardevoir, L50, F|100/100\n|switch|p2b: Rotom|Rotom-Heat, L50|100/100\n|turn|1\n|\n|t:|1776090968\n|detailschange|p2a: Gardevoir|Gardevoir-Mega, L50, F\n|-mega|p2a: Gardevoir|Gardevoir|Gardevoirite\n|move|p1b: Golurk|Protect|p1b: Golurk\n|-singleturn|p1b: Golurk|Protect\n|move|p2b: Rotom|Volt Switch|p1a: Passimian\n|-damage|p1a: Passimian|65/100\n|\n|t:|1776090978\n|switch|p2b: Gyarados|Gyarados, L50, M|100/100|[from] Volt Switch\n|-ability|p2b: Gyarados|Intimidate|boost\n|-unboost|p1a: Passimian|atk|1\n|-unboost|p1b: Golurk|atk|1\n|move|p2a: Gardevoir|Calm Mind|p2a: Gardevoir\n|-boost|p2a: Gardevoir|spa|1\n|-boost|p2a: Gardevoir|spd|1\n|move|p1a: Passimian|Electroweb|p2a: Gardevoir|[spread] p2a,p2b\n|-supereffective|p2b: Gyarados|2\n|-enditem|p2b: Gyarados|Wacan Berry|[eat]\n|-enditem|p2b: Gyarados|Wacan Berry|[weaken]\n|-damage|p2a: Gardevoir|98/100\n|-damage|p2b: Gyarados|93/100\n|-unboost|p2a: Gardevoir|spe|1\n|-unboost|p2b: Gyarados|spe|1\n|\n|-heal|p1a: Passimian|71/100|[from] item: Leftovers\n|upkeep\n|turn|2\n|\n|t:|1776091000\n|detailschange|p1b: Golurk|Golurk-Mega, L50\n|-mega|p1b: Golurk|Golurk|Golurkite\n|move|p2b: Gyarados|Helping Hand|p2a: Gardevoir\n|-singleturn|p2a: Gardevoir|Helping Hand|[of] p2b: Gyarados\n|move|p1a: Passimian|Coaching|p1b: Golurk\n|-boost|p1b: Golurk|atk|1\n|-boost|p1b: Golurk|def|1\n|move|p2a: Gardevoir|Hyper Voice|p1a: Passimian|[spread] p1a,p1b\n|-supereffective|p1a: Passimian|1\n|-damage|p1a: Passimian|0 fnt\n|-damage|p1b: Golurk|5/100\n|faint|p1a: Passimian\n|move|p1b: Golurk|Poltergeist|p2a: Gardevoir\n|-activate|p2a: Gardevoir|move: Poltergeist|Gardevoirite\n|-supereffective|p2a: Gardevoir|1\n|-damage|p2a: Gardevoir|0 fnt\n|faint|p2a: Gardevoir\n|\n|upkeep\n|\n|t:|1776091021\n|switch|p2a: Rotom|Rotom-Heat, L50|100/100\n|switch|p1a: Morpeko|Morpeko, L50, M|100/100\n|turn|3\n|\n|t:|1776091033\n|switch|p2b: Sinistcha|Sinistcha, L50|100/100\n|move|p1b: Golurk|Protect|p1b: Golurk\n|-singleturn|p1b: Golurk|Protect\n|move|p2a: Rotom|Volt Switch|p1a: Morpeko\n|-resisted|p1a: Morpeko|1\n|-damage|p1a: Morpeko|71/100\n|\n|t:|1776091041\n|switch|p2a: Gyarados|Gyarados, L50, M|93/100|[from] Volt Switch\n|-ability|p2a: Gyarados|Intimidate|boost\n|-unboost|p1a: Morpeko|atk|1\n|-unboost|p1b: Golurk|atk|1\n|move|p1a: Morpeko|Aura Wheel|p2b: Sinistcha\n|-resisted|p2b: Sinistcha|1\n|-damage|p2b: Sinistcha|89/100\n|-boost|p1a: Morpeko|spe|1\n|\n|-formechange|p1a: Morpeko|Morpeko-Hangry|\n|upkeep\n|turn|4\n|\n|t:|1776091062\n|move|p2b: Sinistcha|Rage Powder|p2b: Sinistcha\n|-singleturn|p2b: Sinistcha|move: Rage Powder\n|move|p1a: Morpeko|Aura Wheel|p2b: Sinistcha\n|-supereffective|p2b: Sinistcha|1\n|-damage|p2b: Sinistcha|42/100\n|-boost|p1a: Morpeko|spe|1\n|-enditem|p2b: Sinistcha|Sitrus Berry|[eat]\n|-heal|p2b: Sinistcha|67/100|[from] item: Sitrus Berry\n|move|p2a: Gyarados|Waterfall|p1b: Golurk\n|-supereffective|p1b: Golurk|1\n|-damage|p1b: Golurk|0 fnt\n|faint|p1b: Golurk\n|\n|-formechange|p1a: Morpeko|Morpeko|\n|upkeep\n|\n|t:|1776091074\n|switch|p1b: Hydrapple|Hydrapple, L50, F|100/100\n|turn|5\n|\n|t:|1776091090\n|move|p2b: Sinistcha|Rage Powder|p2b: Sinistcha\n|-singleturn|p2b: Sinistcha|move: Rage Powder\n|move|p1a: Morpeko|Aura Wheel|p2b: Sinistcha\n|-resisted|p2b: Sinistcha|1\n|-damage|p2b: Sinistcha|55/100\n|-boost|p1a: Morpeko|spe|1\n|move|p1b: Hydrapple|Fickle Beam|p2b: Sinistcha\n|-crit|p2b: Sinistcha\n|-damage|p2b: Sinistcha|0 fnt\n|faint|p2b: Sinistcha\n|move|p2a: Gyarados|Avalanche|p1b: Hydrapple\n|-supereffective|p1b: Hydrapple|2\n|-damage|p1b: Hydrapple|46/100\n|\n|-formechange|p1a: Morpeko|Morpeko-Hangry|\n|upkeep\n|\n|t:|1776091100\n|switch|p2b: Rotom|Rotom-Heat, L50|100/100\n|turn|6\n|\n|t:|1776091119\n|move|p1a: Morpeko|Parting Shot|p2b: Rotom\n|-unboost|p2b: Rotom|atk|1\n|-unboost|p2b: Rotom|spa|1\n|move|p2b: Rotom|Trick|p1b: Hydrapple\n|-activate|p2b: Rotom|move: Trick|[of] p1b: Hydrapple\n|-item|p1b: Hydrapple|Choice Scarf|[from] move: Trick\n|-item|p2b: Rotom|Quick Claw|[from] move: Trick\n|move|p1b: Hydrapple|Fickle Beam|p2b: Rotom|[anim] Fickle Beam All Out\n|-activate|p1b: Hydrapple|move: Fickle Beam\n|-damage|p2b: Rotom|8/100\n|move|p2a: Gyarados|Avalanche|p1b: Hydrapple\n|-supereffective|p1b: Hydrapple|2\n|-damage|p1b: Hydrapple|0 fnt\n|faint|p1b: Hydrapple\n|\n|-formechange|p1a: Morpeko|Morpeko|\n|upkeep\n|turn|7\n|l|\u2606pipowaso13\n|player|p2|\n|j|\u2606pipowaso13\n|player|p2|pipowaso13|silver|\n|\n|t:|1776091147\n|move|p1a: Morpeko|Aura Wheel|p2a: Gyarados\n|-supereffective|p2a: Gyarados|2\n|-damage|p2a: Gyarados|0 fnt\n|-boost|p1a: Morpeko|spe|1\n|faint|p2a: Gyarados\n|move|p2b: Rotom|Overheat|p1a: Morpeko\n|-damage|p1a: Morpeko|1/100\n|-unboost|p2b: Rotom|spa|2\n|\n|-formechange|p1a: Morpeko|Morpeko-Hangry|\n|upkeep\n|turn|8\n|\n|t:|1776091158\n|move|p1a: Morpeko|Aura Wheel|p2b: Rotom\n|-damage|p2b: Rotom|0 fnt\n|-boost|p1a: Morpeko|spe|1\n|faint|p2b: Rotom\n|\n|win|Ph4npy\n|raw|Ph4npy's rating: 1132 &rarr; <strong>1161</strong><br />(+29 for winning)\n|raw|pipowaso13's rating: 1190 &rarr; <strong>1161</strong><br />(-29 for losing)\n",
  "uploadtime": 1776091164,
  "views": 12,
  "formatid": "gen9championsvgc2026regma",
  "rating": 1161,
  "private": 0,
  "password": null
}