{
  "id": "gen9championsvgc2026regma-2585323606",
  "format": "[Gen 9 Champions] VGC 2026 Reg M-A",
  "players": [
    "4bied",
    "Dirty urine"
  ],
  "log": "|j|\u26064bied\n|j|\u2606Dirty urine\n|t:|1776337797\n|gametype|doubles\n|player|p1|4bied|giovanni|1176\n|player|p2|Dirty urine|266|1189\n|gen|9\n|tier|[Gen 9 Champions] VGC 2026 Reg M-A\n|rated|\n|rule|Species Clause: Limit one of each Pok\u00e9mon\n|rule|Item Clause: Limit 1 of each item\n|clearpoke\n|poke|p1|Gengar, L50, F|\n|poke|p1|Incineroar, L50, F|\n|poke|p1|Kingambit, L50, M|\n|poke|p1|Sinistcha, L50|\n|poke|p1|Kommo-o, L50, M|\n|poke|p1|Tyranitar, L50, F|\n|poke|p2|Tyranitar, L50, F|\n|poke|p2|Rotom-Wash, L50|\n|poke|p2|Garchomp, L50, F|\n|poke|p2|Aerodactyl, L50, F|\n|poke|p2|Sinistcha, L50|\n|poke|p2|Sneasler, L50, F|\n|teampreview|4\n|\n|t:|1776337828\n|teamsize|p1|4\n|teamsize|p2|4\n|start\n|switch|p1a: Gengar|Gengar, L50, F|100/100\n|switch|p1b: Incineroar|Incineroar, L50, F|100/100\n|switch|p2a: Aerodactyl|Aerodactyl, L50, F|100/100\n|switch|p2b: Sneasler|Sneasler, L50, F|100/100\n|-ability|p2a: Aerodactyl|Unnerve\n|-ability|p1b: Incineroar|Intimidate|boost\n|-unboost|p2a: Aerodactyl|atk|1\n|-unboost|p2b: Sneasler|atk|1\n|-enditem|p2b: Sneasler|White Herb\n|-clearnegativeboost|p2b: Sneasler|[silent]\n|turn|1\n|l|\u2606Dirty urine\n|player|p2|\n|j|\u2606Dirty urine\n|player|p2|Dirty urine|266|\n|\n|t:|1776337858\n|switch|p1b: Sinistcha|Sinistcha, L50|100/100\n|detailschange|p1a: Gengar|Gengar-Mega, L50, F\n|-mega|p1a: Gengar|Gengar|Gengarite\n|move|p2b: Sneasler|Fake Out|p1b: Sinistcha\n|-immune|p1b: Sinistcha\n|move|p2a: Aerodactyl|Tailwind|p2a: Aerodactyl\n|-sidestart|p2: Dirty urine|move: Tailwind\n|move|p1a: Gengar|Perish Song|p1a: Gengar\n|-start|p1a: Gengar|perish3|[silent]\n|-start|p1b: Sinistcha|perish3|[silent]\n|-start|p2a: Aerodactyl|perish3|[silent]\n|-start|p2b: Sneasler|perish3|[silent]\n|-fieldactivate|move: Perish Song\n|\n|-start|p2b: Sneasler|perish3\n|-start|p2a: Aerodactyl|perish3\n|-start|p1a: Gengar|perish3\n|-start|p1b: Sinistcha|perish3\n|upkeep\n|turn|2\n|\n|t:|1776337883\n|switch|p1b: Incineroar|Incineroar, L50, F|100/100\n|-ability|p1b: Incineroar|Intimidate|boost\n|-unboost|p2a: Aerodactyl|atk|1\n|-unboost|p2b: Sneasler|atk|1\n|move|p1a: Gengar|Protect|p1a: Gengar\n|-singleturn|p1a: Gengar|Protect\n|move|p2b: Sneasler|Dire Claw|p1b: Incineroar\n|-damage|p1b: Incineroar|77/100\n|-status|p1b: Incineroar|par\n|move|p2a: Aerodactyl|Dual Wingbeat|p1a: Gengar\n|-activate|p1a: Gengar|move: Protect\n|\n|-start|p2b: Sneasler|perish2\n|-start|p2a: Aerodactyl|perish2\n|-start|p1a: Gengar|perish2\n|upkeep\n|turn|3\n|\n|t:|1776337909\n|switch|p1a: Sinistcha|Sinistcha, L50|100/100\n|-heal|p1b: Incineroar|100/100 par|[from] ability: Hospitality|[of] p1a: Sinistcha\n|move|p2b: Sneasler|Dire Claw|p1b: Incineroar\n|-damage|p1b: Incineroar|77/100 par\n|move|p2a: Aerodactyl|Dual Wingbeat|p1a: Sinistcha\n|-supereffective|p1a: Sinistcha|1\n|-damage|p1a: Sinistcha|82/100\n|-supereffective|p1a: Sinistcha|1\n|-damage|p1a: Sinistcha|65/100\n|-hitcount|p1a: Sinistcha|2\n|move|p1b: Incineroar|Parting Shot|p2a: Aerodactyl\n|-unboost|p2a: Aerodactyl|atk|1\n|-unboost|p2a: Aerodactyl|spa|1\n|\n|t:|1776337924\n|switch|p1b: Gengar|Gengar-Mega, L50, F|100/100|[from] Parting Shot\n|\n|-start|p2b: Sneasler|perish1\n|-start|p2a: Aerodactyl|perish1\n|upkeep\n|turn|4\n|\n|t:|1776337935\n|move|p1b: Gengar|Protect|p1b: Gengar\n|-singleturn|p1b: Gengar|Protect\n|move|p1a: Sinistcha|Protect|p1a: Sinistcha\n|-singleturn|p1a: Sinistcha|Protect\n|move|p2b: Sneasler|Dire Claw|p1a: Sinistcha\n|-activate|p1a: Sinistcha|move: Protect\n|move|p2a: Aerodactyl|Dual Wingbeat|p1a: Sinistcha\n|-activate|p1a: Sinistcha|move: Protect\n|\n|-start|p2b: Sneasler|perish0\n|-start|p2a: Aerodactyl|perish0\n|-sideend|p2: Dirty urine|move: Tailwind\n|faint|p2b: Sneasler\n|faint|p2a: Aerodactyl\n|upkeep\n|\n|t:|1776337950\n|switch|p2a: Garchomp|Garchomp, L50, F|100/100\n|switch|p2b: Tyranitar|Tyranitar, L50, F|100/100\n|-weather|Sandstorm|[from] ability: Sand Stream|[of] p2b: Tyranitar\n|turn|5\n|\n|t:|1776337962\n|switch|p1a: Incineroar|Incineroar, L50, F|77/100 par\n|-ability|p1a: Incineroar|Intimidate|boost\n|-unboost|p2a: Garchomp|atk|1\n|-unboost|p2b: Tyranitar|atk|1\n|detailschange|p2b: Tyranitar|Tyranitar-Mega, L50, F\n|-mega|p2b: Tyranitar|Tyranitar|Tyranitarite\n|move|p1b: Gengar|Protect||[still]\n|-fail|p1b: Gengar\n|move|p2a: Garchomp|Poison Jab|p1a: Incineroar\n|-damage|p1a: Incineroar|59/100 par\n|move|p2b: Tyranitar|Knock Off|p1b: Gengar\n|-supereffective|p1b: Gengar|1\n|-damage|p1b: Gengar|35/100\n|\n|-weather|Sandstorm|[upkeep]\n|-damage|p1b: Gengar|29/100|[from] Sandstorm\n|-damage|p1a: Incineroar|53/100 par|[from] Sandstorm\n|upkeep\n|turn|6\n|\n|t:|1776337986\n|switch|p1a: Sinistcha|Sinistcha, L50|65/100\n|-heal|p1b: Gengar|53/100|[from] ability: Hospitality|[of] p1a: Sinistcha\n|move|p2b: Tyranitar|Protect|p2b: Tyranitar\n|-singleturn|p2b: Tyranitar|Protect\n|move|p1b: Gengar|Perish Song|p1b: Gengar\n|-start|p1a: Sinistcha|perish3|[silent]\n|-start|p1b: Gengar|perish3|[silent]\n|-start|p2a: Garchomp|perish3|[silent]\n|-start|p2b: Tyranitar|perish3|[silent]\n|-fieldactivate|move: Perish Song\n|move|p2a: Garchomp|Earthquake|p1b: Gengar|[spread] p1a,p1b\n|-activate|p2b: Tyranitar|move: Protect\n|-resisted|p1a: Sinistcha|1\n|-supereffective|p1b: Gengar|1\n|-damage|p1a: Sinistcha|52/100\n|-damage|p1b: Gengar|0 fnt\n|faint|p1b: Gengar\n|\n|-weather|Sandstorm|[upkeep]\n|-damage|p1a: Sinistcha|46/100|[from] Sandstorm\n|-enditem|p1a: Sinistcha|Sitrus Berry|[eat]\n|-heal|p1a: Sinistcha|71/100|[from] item: Sitrus Berry\n|-start|p2a: Garchomp|perish3\n|-start|p2b: Tyranitar|perish3\n|-start|p1a: Sinistcha|perish3\n|upkeep\n|\n|t:|1776338008\n|switch|p1b: Incineroar|Incineroar, L50, F|53/100 par\n|-ability|p1b: Incineroar|Intimidate|boost\n|-unboost|p2a: Garchomp|atk|1\n|-unboost|p2b: Tyranitar|atk|1\n|turn|7\n|\n|t:|1776338016\n|move|p1b: Incineroar|Fake Out|p2a: Garchomp\n|-damage|p2a: Garchomp|90/100\n|cant|p2a: Garchomp|flinch\n|move|p2b: Tyranitar|Knock Off|p1a: Sinistcha\n|-supereffective|p1a: Sinistcha|1\n|-damage|p1a: Sinistcha|27/100\n|move|p1a: Sinistcha|Matcha Gotcha|p2a: Garchomp|[spread] p2a,p2b\n|-supereffective|p2b: Tyranitar|1\n|-damage|p2a: Garchomp|62/100\n|-heal|p1a: Sinistcha|42/100|[from] drain|[of] p2a: Garchomp\n|-damage|p2b: Tyranitar|72/100\n|-heal|p1a: Sinistcha|56/100|[from] drain|[of] p2b: Tyranitar\n|\n|-weather|Sandstorm|[upkeep]\n|-damage|p1a: Sinistcha|50/100|[from] Sandstorm\n|-damage|p1b: Incineroar|47/100 par|[from] Sandstorm\n|-start|p2a: Garchomp|perish2\n|-start|p2b: Tyranitar|perish2\n|-start|p1a: Sinistcha|perish2\n|upkeep\n|turn|8\n|\n|t:|1776338039\n|switch|p1b: Kommo-o|Kommo-o, L50, M|100/100\n|move|p2b: Tyranitar|Protect|p2b: Tyranitar\n|-singleturn|p2b: Tyranitar|Protect\n|move|p1a: Sinistcha|Protect|p1a: Sinistcha\n|-singleturn|p1a: Sinistcha|Protect\n|move|p2a: Garchomp|Earthquake|p1b: Kommo-o|[spread] p1b\n|-activate|p2b: Tyranitar|move: Protect\n|-activate|p1a: Sinistcha|move: Protect\n|-crit|p1b: Kommo-o\n|-damage|p1b: Kommo-o|42/100\n|\n|-weather|Sandstorm|[upkeep]\n|-damage|p1b: Kommo-o|37/100|[from] Sandstorm\n|-damage|p1a: Sinistcha|43/100|[from] Sandstorm\n|-heal|p1b: Kommo-o|42/100|[from] item: Leftovers\n|-start|p2a: Garchomp|perish1\n|-start|p2b: Tyranitar|perish1\n|-start|p1a: Sinistcha|perish1\n|upkeep\n|turn|9\n|\n|t:|1776338063\n|switch|p1a: Incineroar|Incineroar, L50, F|47/100 par\n|-ability|p1a: Incineroar|Intimidate|boost\n|-unboost|p2a: Garchomp|atk|1\n|-unboost|p2b: Tyranitar|atk|1\n|move|p2a: Garchomp|Dragon Claw|p1b: Kommo-o\n|-supereffective|p1b: Kommo-o|1\n|-damage|p1b: Kommo-o|6/100\n|move|p1b: Kommo-o|Clanging Scales|p2a: Garchomp|[spread] p2a,p2b\n|-supereffective|p2a: Garchomp|1\n|-damage|p2a: Garchomp|0 fnt\n|-damage|p2b: Tyranitar|50/100\n|faint|p2a: Garchomp\n|-unboost|p1b: Kommo-o|def|1\n|move|p2b: Tyranitar|Knock Off|p1a: Incineroar\n|-resisted|p1a: Incineroar|1\n|-damage|p1a: Incineroar|35/100 par\n|-enditem|p1a: Incineroar|Shuca Berry|[from] move: Knock Off|[of] p2b: Tyranitar\n|\n|-weather|none\n|-heal|p1b: Kommo-o|12/100|[from] item: Leftovers\n|-start|p2b: Tyranitar|perish0\n|upkeep\n|faint|p2b: Tyranitar\n|\n|win|4bied\n|raw|4bied's rating: 1176 &rarr; <strong>1202</strong><br />(+26 for winning)\n|raw|Dirty urine's rating: 1189 &rarr; <strong>1163</strong><br />(-26 for losing)\n",
  "uploadtime": 1776338086,
  "views": 20,
  "formatid": "gen9championsvgc2026regma",
  "rating": 1163,
  "private": 0,
  "password": null
}