{
  "id": "gen9championsvgc2026regma-2583588344",
  "format": "[Gen 9 Champions] VGC 2026 Reg M-A",
  "players": [
    "bomber12",
    "Hadrian Blue"
  ],
  "log": "|j|\u2606bomber12\n|j|\u2606Hadrian Blue\n|t:|1776185062\n|gametype|doubles\n|player|p1|bomber12|266|1026\n|player|p2|Hadrian Blue|palmer|1000\n|gen|9\n|tier|[Gen 9 Champions] VGC 2026 Reg M-A\n|rated|\n|rule|Species Clause: Limit one of each Pok\u00e9mon\n|rule|Item Clause: Limit 1 of each item\n|clearpoke\n|poke|p1|Skarmory, L50, F|\n|poke|p1|Aerodactyl, L50, M|\n|poke|p1|Garchomp, L50, M|\n|poke|p1|Meowscarada, L50, F|\n|poke|p1|Rhyperior, L50, M|\n|poke|p2|Kingambit, L50, F|\n|poke|p2|Froslass, L50, F|\n|poke|p2|Hydreigon, L50, M|\n|poke|p2|Whimsicott, L50, M|\n|poke|p2|Sneasler, L50, F|\n|poke|p2|Ninetales-Alola, L50, M|\n|teampreview|4\n|inactive|Battle timer is ON: inactive players will automatically lose when time's up. (requested by bomber12)\n|inactive|bomber12 has 60 seconds left.\n|inactive|Hadrian Blue has 60 seconds left.\n|\n|t:|1776185115\n|teamsize|p1|4\n|teamsize|p2|4\n|start\n|switch|p1a: Meowscarada|Meowscarada, L50, F|100/100\n|switch|p1b: Aerodactyl|Aerodactyl, L50, M|100/100\n|switch|p2a: Whimsicott|Whimsicott, L50, M|100/100\n|switch|p2b: Sneasler|Sneasler, L50, F|100/100\n|-ability|p1b: Aerodactyl|Unnerve\n|turn|1\n|inactive|bomber12 has 30 seconds left.\n|\n|t:|1776185143\n|move|p2a: Whimsicott|Tailwind|p2a: Whimsicott\n|-sidestart|p2: Hadrian Blue|move: Tailwind\n|move|p2b: Sneasler|Dire Claw|p1a: Meowscarada\n|-supereffective|p1a: Meowscarada|1\n|-damage|p1a: Meowscarada|0 fnt\n|faint|p1a: Meowscarada\n|move|p1b: Aerodactyl|Tailwind|p1b: Aerodactyl\n|-sidestart|p1: bomber12|move: Tailwind\n|\n|upkeep\n|\n|t:|1776185151\n|switch|p1a: Garchomp|Garchomp, L50, M|100/100\n|turn|2\n|inactive|Hadrian Blue has 30 seconds left.\n|inactive|Hadrian Blue has 20 seconds left.\n|\n|t:|1776185187\n|move|p2b: Sneasler|Protect|p2b: Sneasler\n|-singleturn|p2b: Sneasler|Protect\n|move|p2a: Whimsicott|Encore|p1b: Aerodactyl\n|-start|p1b: Aerodactyl|Encore\n|move|p1b: Aerodactyl|Tailwind||[still]\n|-fail|p1b: Aerodactyl\n|move|p1a: Garchomp|Swords Dance|p1a: Garchomp\n|-boost|p1a: Garchomp|atk|2\n|\n|upkeep\n|turn|3\n|\n|t:|1776185200\n|switch|p1b: Skarmory|Skarmory, L50, F|100/100\n|move|p2b: Sneasler|Close Combat|p1a: Garchomp\n|-damage|p1a: Garchomp|37/100\n|-unboost|p2b: Sneasler|def|1\n|-unboost|p2b: Sneasler|spd|1\n|-damage|p2b: Sneasler|88/100|[from] ability: Rough Skin|[of] p1a: Garchomp\n|move|p2a: Whimsicott|Moonblast|p1a: Garchomp\n|-supereffective|p1a: Garchomp|1\n|-damage|p1a: Garchomp|0 fnt\n|faint|p1a: Garchomp\n|\n|upkeep\n|\n|t:|1776185210\n|switch|p1a: Aerodactyl|Aerodactyl, L50, M|100/100\n|-ability|p1a: Aerodactyl|Unnerve\n|turn|4\n|inactive|Hadrian Blue has 30 seconds left.\n|inactive|Hadrian Blue has 20 seconds left.\n|inactive|Hadrian Blue has 15 seconds left.\n|\n|t:|1776185251\n|detailschange|p1b: Skarmory|Skarmory-Mega, L50, F\n|-mega|p1b: Skarmory|Skarmory|Skarmorite\n|move|p2a: Whimsicott|Helping Hand|p2b: Sneasler\n|-singleturn|p2b: Sneasler|Helping Hand|[of] p2a: Whimsicott\n|move|p1a: Aerodactyl|Rock Slide|p2b: Sneasler|[spread] p2a,p2b\n|-resisted|p2b: Sneasler|1\n|-damage|p2a: Whimsicott|68/100\n|-damage|p2b: Sneasler|59/100\n|move|p2b: Sneasler|Close Combat|p1b: Skarmory\n|-damage|p1b: Skarmory|0 fnt\n|-unboost|p2b: Sneasler|def|1\n|-unboost|p2b: Sneasler|spd|1\n|faint|p1b: Skarmory\n|\n|-sideend|p1: bomber12|move: Tailwind\n|-sideend|p2: Hadrian Blue|move: Tailwind\n|upkeep\n|turn|5\n|-message|bomber12 forfeited.\n|\n|win|Hadrian Blue\n|raw|bomber12's rating: 1026 &rarr; <strong>1011</strong><br />(-15 for losing)\n|raw|Hadrian Blue's rating: 1000 &rarr; <strong>1043</strong><br />(+43 for winning)\n|l|\u2606bomber12\n|player|p1|\n",
  "uploadtime": 1776185289,
  "views": 12,
  "formatid": "gen9championsvgc2026regma",
  "rating": 1011,
  "private": 0,
  "password": null
}