{
  "id": "gen9championsvgc2026regma-2586743173",
  "format": "[Gen 9 Champions] VGC 2026 Reg M-A",
  "players": [
    "Thomper",
    "pkscept"
  ],
  "log": "|j|\u2606Thomper\n|j|\u2606pkscept\n|t:|1776456424\n|gametype|doubles\n|player|p1|Thomper|102|1084\n|player|p2|pkscept|1|1000\n|gen|9\n|tier|[Gen 9 Champions] VGC 2026 Reg M-A\n|rated|\n|rule|Species Clause: Limit one of each Pok\u00e9mon\n|rule|Item Clause: Limit 1 of each item\n|clearpoke\n|poke|p1|Sableye, L50, F|\n|poke|p1|Flapple, L50, F|\n|poke|p1|Maushold, L50|\n|poke|p1|Incineroar, L50, M|\n|poke|p1|Milotic, L50, F|\n|poke|p1|Gengar, L50, M|\n|poke|p2|Tyranitar, L50, F|\n|poke|p2|Excadrill, L50, M|\n|poke|p2|Klefki, L50, M|\n|poke|p2|Incineroar, L50, F|\n|poke|p2|Rotom-Wash, L50|\n|poke|p2|Sinistcha, L50|\n|teampreview|4\npkscept rejected open team sheets.\n|inactive|Battle timer is ON: inactive players will automatically lose when time's up. (requested by pkscept)\n|\n|t:|1776456464\n|teamsize|p1|4\n|teamsize|p2|4\n|start\n|switch|p1a: Sableye|Sableye, L50, F|100/100\n|switch|p1b: Flapple|Flapple, L50, F, shiny|100/100\n|switch|p2a: Tyranitar|Tyranitar, L50, F|100/100\n|switch|p2b: Klefki|Klefki, L50, M|100/100\n|-weather|Sandstorm|[from] ability: Sand Stream|[of] p2a: Tyranitar\n|turn|1\n|\n|t:|1776456483\n|move|p2a: Tyranitar|Protect|p2a: Tyranitar\n|-singleturn|p2a: Tyranitar|Protect\n|move|p1a: Sableye|Fake Out|p2a: Tyranitar\n|-activate|p2a: Tyranitar|move: Protect\n|move|p2b: Klefki|Thunder Wave|p1b: Flapple\n|-status|p1b: Flapple|par\n|cant|p1b: Flapple|par\n|\n|-weather|Sandstorm|[upkeep]\n|-damage|p1b: Flapple|94/100 par|[from] Sandstorm\n|-damage|p1a: Sableye|95/100|[from] Sandstorm\n|upkeep\n|turn|2\n|inactive|Thomper has 30 seconds left.\n|\n|t:|1776456515\n|detailschange|p2a: Tyranitar|Tyranitar-Mega, L50, F\n|-mega|p2a: Tyranitar|Tyranitar|Tyranitarite\n|move|p1a: Sableye|Encore|p2a: Tyranitar\n|-hint|Since gen 7, Dark is immune to Prankster moves.\n|-immune|p2a: Tyranitar\n|move|p2a: Tyranitar|Rock Slide|p1b: Flapple|[spread] p1a,p1b\n|-damage|p1a: Sableye|48/100\n|-damage|p1b: Flapple|44/100 par\n|-enditem|p1a: Sableye|Sitrus Berry|[eat]\n|-heal|p1a: Sableye|73/100|[from] item: Sitrus Berry\n|move|p2b: Klefki|Dazzling Gleam|p1a: Sableye|[spread] p1a,p1b\n|-supereffective|p1a: Sableye|1\n|-supereffective|p1b: Flapple|1\n|-damage|p1a: Sableye|22/100\n|-damage|p1b: Flapple|0 fnt\n|faint|p1b: Flapple\n|\n|-weather|Sandstorm|[upkeep]\n|-damage|p1a: Sableye|16/100|[from] Sandstorm\n|upkeep\n|c|\u2606Thomper|Yes im smart\n|\n|t:|1776456536\n|switch|p1b: Milotic|Milotic, L50, F|100/100\n|turn|3\n|\n|t:|1776456543\n|move|p2a: Tyranitar|Protect|p2a: Tyranitar\n|-singleturn|p2a: Tyranitar|Protect\n|move|p2b: Klefki|Thunder Wave|p1b: Milotic\n|-status|p1b: Milotic|par\n|move|p1a: Sableye|Gravity|p1a: Sableye\n|-fieldstart|move: Gravity\n|move|p1b: Milotic|Hypnosis|p2a: Tyranitar\n|-activate|p2a: Tyranitar|move: Protect\n|\n|-weather|Sandstorm|[upkeep]\n|-damage|p1a: Sableye|11/100|[from] Sandstorm\n|-damage|p1b: Milotic|95/100 par|[from] Sandstorm\n|-heal|p1b: Milotic|100/100 par|[from] item: Leftovers\n|upkeep\n|turn|4\n|\n|t:|1776456566\n|move|p1a: Sableye|Encore|p2b: Klefki\n|-start|p2b: Klefki|Encore\n|move|p2b: Klefki|Thunder Wave|p1a: Sableye\n|-hint|Since gen 7, Dark is immune to Prankster moves.\n|-immune|p1a: Sableye\n|move|p2a: Tyranitar|Rock Slide|p1b: Milotic|[spread] p1a,p1b\n|-damage|p1a: Sableye|0 fnt\n|-damage|p1b: Milotic|62/100 par\n|faint|p1a: Sableye\n|move|p1b: Milotic|Hypnosis|p2a: Tyranitar\n|-status|p2a: Tyranitar|slp|[from] move: Hypnosis\n|\n|-weather|Sandstorm|[upkeep]\n|-damage|p1b: Milotic|56/100 par|[from] Sandstorm\n|-heal|p1b: Milotic|62/100 par|[from] item: Leftovers\n|upkeep\n|\n|t:|1776456579\n|switch|p1a: Gengar|Gengar, L50, M|100/100\n|turn|5\n|\n|t:|1776456588\n|detailschange|p1a: Gengar|Gengar-Mega, L50, M\n|-mega|p1a: Gengar|Gengar|Gengarite\n|move|p2b: Klefki|Thunder Wave|p1a: Gengar\n|-status|p1a: Gengar|par\n|cant|p2a: Tyranitar|slp\n|move|p1a: Gengar|Icy Wind|p2b: Klefki|[spread] p2a,p2b\n|-resisted|p2b: Klefki|1\n|-damage|p2a: Tyranitar|90/100 slp\n|-damage|p2b: Klefki|92/100\n|-unboost|p2a: Tyranitar|spe|1\n|-unboost|p2b: Klefki|spe|1\n|move|p1b: Milotic|Scald|p2a: Tyranitar\n|-supereffective|p2a: Tyranitar|1\n|-damage|p2a: Tyranitar|49/100 slp\n|\n|-weather|none\n|-heal|p1b: Milotic|68/100 par|[from] item: Leftovers\n|upkeep\n|turn|6\n|inactive|Thomper has 30 seconds left.\n|\n|t:|1776456615\n|move|p2b: Klefki|Thunder Wave|p1a: Gengar\n|-fail|p1a: Gengar|par\n|move|p1a: Gengar|Sludge Bomb|p2a: Tyranitar\n|-resisted|p2a: Tyranitar|1\n|-damage|p2a: Tyranitar|28/100 slp\n|cant|p2a: Tyranitar|slp\n|move|p1b: Milotic|Hypnosis|p2b: Klefki\n|-status|p2b: Klefki|slp|[from] move: Hypnosis\n|\n|-heal|p1b: Milotic|74/100 par|[from] item: Leftovers\n|-end|p2b: Klefki|Encore\n|upkeep\n|turn|7\n|\n|t:|1776456635\n|move|p1a: Gengar|Icy Wind|p2b: Klefki|[spread] p2a,p2b\n|-resisted|p2b: Klefki|1\n|-damage|p2a: Tyranitar|13/100 slp\n|-damage|p2b: Klefki|82/100 slp\n|-unboost|p2a: Tyranitar|spe|1\n|-unboost|p2b: Klefki|spe|1\n|-curestatus|p2a: Tyranitar|slp|[msg]\n|move|p2a: Tyranitar|Knock Off|p1a: Gengar\n|-supereffective|p1a: Gengar|1\n|-damage|p1a: Gengar|0 fnt\n|faint|p1a: Gengar\n|move|p1b: Milotic|Scald|p2a: Tyranitar\n|-supereffective|p2a: Tyranitar|1\n|-damage|p2a: Tyranitar|0 fnt\n|faint|p2a: Tyranitar\n|cant|p2b: Klefki|slp\n|\n|-heal|p1b: Milotic|80/100 par|[from] item: Leftovers\n|-fieldend|move: Gravity\n|upkeep\n|\n|t:|1776456645\n|switch|p2a: Rotom|Rotom-Wash, L50|100/100\n|turn|8\n|\n|t:|1776456657\n|move|p2a: Rotom|Thunderbolt|p1b: Milotic\n|-supereffective|p1b: Milotic|1\n|-damage|p1b: Milotic|14/100 par\n|move|p1b: Milotic|Scald|p2b: Klefki\n|-damage|p2b: Klefki|44/100 slp\n|cant|p2b: Klefki|slp\n|\n|-heal|p1b: Milotic|20/100 par|[from] item: Leftovers\n|upkeep\n|turn|9\n|\n|t:|1776456666\n|move|p2a: Rotom|Thunderbolt|p1b: Milotic\n|-supereffective|p1b: Milotic|1\n|-damage|p1b: Milotic|0 fnt\n|faint|p1b: Milotic\n|\n|win|pkscept\n|raw|Thomper's rating: 1084 &rarr; <strong>1056</strong><br />(-28 for losing)\n|raw|pkscept's rating: 1000 &rarr; <strong>1049</strong><br />(+49 for winning)\n",
  "uploadtime": 1776456669,
  "views": 35,
  "formatid": "gen9championsvgc2026regma",
  "rating": 1049,
  "private": 0,
  "password": null
}