{
  "id": "gen9championsvgc2026regma-2581489633",
  "format": "[Gen 9 Champions] VGC 2026 Reg M-A",
  "players": [
    "darksol1111",
    "TonySopranosWife"
  ],
  "log": "|j|\u2606darksol1111\n|j|\u2606TonySopranosWife\n|t:|1776005211\n|gametype|doubles\n|player|p1|darksol1111|veteran|1133\n|player|p2|TonySopranosWife|battlegirl-gen4|1110\n|gen|9\n|tier|[Gen 9 Champions] VGC 2026 Reg M-A\n|rated|\n|rule|Species Clause: Limit one of each Pok\u00e9mon\n|rule|Item Clause: Limit 1 of each item\n|clearpoke\n|poke|p1|Charizard, L50, M|\n|poke|p1|Venusaur, L50, M|\n|poke|p1|Rotom-Wash, L50|\n|poke|p1|Garchomp, L50, F|\n|poke|p1|Sneasler, L50, F|\n|poke|p1|Incineroar, L50, F|\n|poke|p2|Starmie, L50|\n|poke|p2|Sinistcha, L50|\n|poke|p2|Volcarona, L50, F|\n|poke|p2|Farigiraf, L50, F|\n|poke|p2|Kingambit, L50, M|\n|poke|p2|Charizard, L50, F|\n|teampreview|4\n|\n|t:|1776005244\n|teamsize|p1|4\n|teamsize|p2|4\n|start\n|switch|p1a: Venusaur|Venusaur, L50, M, shiny|100/100\n|switch|p1b: Rotom|Rotom-Wash, L50, shiny|100/100\n|switch|p2a: Kingambit|Kingambit, L50, M|100/100\n|switch|p2b: Starmie|Starmie, L50|100/100\n|turn|1\n|\n|t:|1776005264\n|detailschange|p2b: Starmie|Starmie-Mega, L50\n|-mega|p2b: Starmie|Starmie|Starminite\n|move|p1a: Venusaur|Protect|p1a: Venusaur\n|-singleturn|p1a: Venusaur|Protect\n|move|p2b: Starmie|Zen Headbutt|p1a: Venusaur\n|-activate|p1a: Venusaur|move: Protect\n|move|p1b: Rotom|Will-O-Wisp|p2b: Starmie\n|-status|p2b: Starmie|brn\n|move|p2a: Kingambit|Iron Head|p1a: Venusaur\n|-activate|p1a: Venusaur|move: Protect\n|\n|-damage|p2b: Starmie|95/100 brn|[from] brn\n|upkeep\n|turn|2\n|\n|t:|1776005281\n|switch|p1a: Charizard|Charizard, L50, M, shiny|100/100\n|move|p2b: Starmie|Skill Swap|p2a: Kingambit\n|-activate|p2b: Starmie|Skill Swap|||[of] p2a: Kingambit\n|move|p1b: Rotom|Thunderbolt|p2b: Starmie\n|-supereffective|p2b: Starmie|1\n|-damage|p2b: Starmie|1/100 brn\n|move|p2a: Kingambit|Iron Head|p1a: Charizard\n|-resisted|p1a: Charizard|1\n|-damage|p1a: Charizard|40/100\n|\n|-damage|p2b: Starmie|0 fnt|[from] brn\n|faint|p2b: Starmie\n|upkeep\n|\n|t:|1776005292\n|switch|p2b: Sinistcha|Sinistcha, L50|100/100\n|turn|3\n|\n|t:|1776005301\n|move|p1a: Charizard|Protect|p1a: Charizard\n|-singleturn|p1a: Charizard|Protect\n|move|p2b: Sinistcha|Rage Powder|p2b: Sinistcha\n|-singleturn|p2b: Sinistcha|move: Rage Powder\n|move|p2a: Kingambit|Sucker Punch||[still]\n|-fail|p2a: Kingambit\n|move|p1b: Rotom|Hydro Pump|p2b: Sinistcha\n|-resisted|p2b: Sinistcha|1\n|-damage|p2b: Sinistcha|72/100\n|\n|upkeep\n|turn|4\n|\n|t:|1776005319\n|switch|p1a: Venusaur|Venusaur, L50, M, shiny|100/100\n|move|p2a: Kingambit|Sucker Punch||[still]\n|-fail|p2a: Kingambit\n|move|p1b: Rotom|Will-O-Wisp|p2a: Kingambit|[miss]\n|-miss|p1b: Rotom|p2a: Kingambit\n|move|p2b: Sinistcha|Matcha Gotcha|p1b: Rotom|[spread] p1a,p1b\n|-resisted|p1a: Venusaur|2\n|-supereffective|p1b: Rotom|1\n|-damage|p1a: Venusaur|93/100\n|-heal|p2b: Sinistcha|75/100|[from] drain|[of] p1a: Venusaur\n|-damage|p1b: Rotom|50/100\n|-heal|p2b: Sinistcha|98/100|[from] drain|[of] p1b: Rotom\n|-status|p1b: Rotom|brn\n|\n|-heal|p1b: Rotom|55/100 brn|[from] item: Leftovers\n|-damage|p1b: Rotom|50/100 brn|[from] brn\n|upkeep\n|turn|5\n|\n|t:|1776005343\n|move|p2a: Kingambit|Protect|p2a: Kingambit\n|-singleturn|p2a: Kingambit|Protect\n|move|p1a: Venusaur|Sleep Powder|p2a: Kingambit\n|-activate|p2a: Kingambit|move: Protect\n|move|p1b: Rotom|Will-O-Wisp|p2b: Sinistcha\n|-status|p2b: Sinistcha|brn\n|move|p2b: Sinistcha|Matcha Gotcha|p1b: Rotom|[spread] p1a,p1b\n|-resisted|p1a: Venusaur|2\n|-supereffective|p1b: Rotom|1\n|-crit|p1b: Rotom\n|-damage|p1a: Venusaur|86/100\n|-heal|p2b: Sinistcha|100/100 brn|[from] drain|[of] p1a: Venusaur\n|-damage|p1b: Rotom|0 fnt\n|faint|p1b: Rotom\n|\n|-damage|p2b: Sinistcha|94/100 brn|[from] brn\n|upkeep\n|\n|t:|1776005359\n|switch|p1b: Sneasler|Sneasler, L50, F, shiny|100/100\n|turn|6\n|\n|t:|1776005376\n|move|p2b: Sinistcha|Rage Powder|p2b: Sinistcha\n|-singleturn|p2b: Sinistcha|move: Rage Powder\n|move|p1b: Sneasler|Close Combat|p2b: Sinistcha\n|-immune|p2b: Sinistcha\n|move|p1a: Venusaur|Sleep Powder|p2a: Kingambit\n|-status|p2a: Kingambit|slp|[from] move: Sleep Powder\n|cant|p2a: Kingambit|slp\n|\n|-damage|p2b: Sinistcha|88/100 brn|[from] brn\n|upkeep\n|turn|7\n|\n|t:|1776005388\n|-curestatus|p2a: Kingambit|slp|[msg]\n|move|p2a: Kingambit|Protect|p2a: Kingambit\n|-singleturn|p2a: Kingambit|Protect\n|move|p2b: Sinistcha|Rage Powder|p2b: Sinistcha\n|-singleturn|p2b: Sinistcha|move: Rage Powder\n|move|p1b: Sneasler|Dire Claw|p2b: Sinistcha\n|-damage|p2b: Sinistcha|56/100 brn\n|move|p1a: Venusaur|Sludge Bomb|p2b: Sinistcha\n|-damage|p2b: Sinistcha|6/100 brn\n|\n|-damage|p2b: Sinistcha|0 fnt|[from] brn\n|faint|p2b: Sinistcha\n|upkeep\n|\n|t:|1776005395\n|switch|p2b: Farigiraf|Farigiraf, L50, F|100/100\n|turn|8\n|\n|t:|1776005408\n|move|p1a: Venusaur|Protect|p1a: Venusaur\n|-singleturn|p1a: Venusaur|Protect\n|move|p2b: Farigiraf|Ally Switch|p2b: Farigiraf\n|swap|p2b: Farigiraf|0|[from] move: Ally Switch\n|move|p1b: Sneasler|Close Combat|p2a: Farigiraf\n|-damage|p2a: Farigiraf|44/100\n|-unboost|p1b: Sneasler|def|1\n|-unboost|p1b: Sneasler|spd|1\n|-enditem|p1b: Sneasler|White Herb\n|-clearnegativeboost|p1b: Sneasler|[silent]\n|move|p2b: Kingambit|Iron Head|p1a: Venusaur\n|-activate|p1a: Venusaur|move: Protect\n|\n|-heal|p2a: Farigiraf|50/100|[from] item: Leftovers\n|upkeep\n|turn|9\n|\n|t:|1776005424\n|move|p1b: Sneasler|Protect|p1b: Sneasler\n|-singleturn|p1b: Sneasler|Protect\n|move|p1a: Venusaur|Sleep Powder|p2a: Farigiraf\n|-status|p2a: Farigiraf|slp|[from] move: Sleep Powder\n|move|p2b: Kingambit|Iron Head|p1a: Venusaur\n|-damage|p1a: Venusaur|0 fnt\n|faint|p1a: Venusaur\n|cant|p2a: Farigiraf|slp\n|\n|-heal|p2a: Farigiraf|56/100 slp|[from] item: Leftovers\n|upkeep\n|\n|t:|1776005435\n|switch|p1a: Charizard|Charizard, L50, M, shiny|40/100\n|turn|10\n|\n|t:|1776005444\n|detailschange|p1a: Charizard|Charizard-Mega-Y, L50, M, shiny\n|-mega|p1a: Charizard|Charizard|Charizardite Y\n|-weather|SunnyDay|[from] ability: Drought|[of] p1a: Charizard\n|move|p2b: Kingambit|Protect|p2b: Kingambit\n|-singleturn|p2b: Kingambit|Protect\n|cant|p2a: Farigiraf|slp\n|move|p1b: Sneasler|Close Combat|p2b: Kingambit\n|-activate|p2b: Kingambit|move: Protect\n|move|p1a: Charizard|Heat Wave|p2b: Kingambit|[spread] p2a\n|-activate|p2b: Kingambit|move: Protect\n|-damage|p2a: Farigiraf|0 fnt\n|faint|p2a: Farigiraf\n|\n|-weather|SunnyDay|[upkeep]\n|upkeep\n|turn|11\n|\n|t:|1776005461\n|move|p2b: Kingambit|Sucker Punch|p1b: Sneasler\n|-resisted|p1b: Sneasler|1\n|-damage|p1b: Sneasler|28/100\n|move|p1b: Sneasler|Close Combat|p2b: Kingambit\n|-supereffective|p2b: Kingambit|2\n|-damage|p2b: Kingambit|0 fnt\n|-unboost|p1b: Sneasler|def|1\n|-unboost|p1b: Sneasler|spd|1\n|faint|p2b: Kingambit\n|\n|win|darksol1111\n|raw|darksol1111's rating: 1133 &rarr; <strong>1156</strong><br />(+23 for winning)\n|raw|TonySopranosWife's rating: 1110 &rarr; <strong>1087</strong><br />(-23 for losing)\n|l|\u2606TonySopranosWife\n|player|p2|\n|c|\u2606darksol1111|gg\n",
  "uploadtime": 1776005471,
  "views": 15,
  "formatid": "gen9championsvgc2026regma",
  "rating": 1087,
  "private": 0,
  "password": null
}