{
  "id": "gen9championsvgc2026regma-2585925640",
  "format": "[Gen 9 Champions] VGC 2026 Reg M-A",
  "players": [
    "kylekim",
    "im gonna sleep"
  ],
  "log": "|j|\u2606kylekim\n|j|\u2606im gonna sleep\n|html|<table width=\"100%\"><tr><td align=\"left\">kylekim</td><td align=\"right\">im gonna sleep</tr><tr><td align=\"left\"><i class=\"fa fa-circle-o\"></i> <i class=\"fa fa-circle-o\"></i> </td><td align=\"right\"><i class=\"fa fa-circle-o\"></i> <i class=\"fa fa-circle\"></i> </tr></table>\n|uhtml|bestof|<h2><strong>Game 2</strong> of <a href=\"/game-bestof3-gen9championsvgc2026regma-2585923253\">a best-of-3</a></h2>\n|t:|1776382040\n|gametype|doubles\n|player|p1|kylekim|lucas-gen4pt|\n|player|p2|im gonna sleep|akari|\n|gen|9\n|tier|[Gen 9 Champions] VGC 2026 Reg M-A\n|rule|Species Clause: Limit one of each Pok\u00e9mon\n|rule|Item Clause: Limit 1 of each item\n|raw|<div class=\"infobox\"><details class=\"readmore\" open><summary><strong>1 custom rule:</strong></summary> Best of = 3</details></div>\n|clearpoke\n|poke|p1|Charizard, L50, M|\n|poke|p1|Venusaur, L50, F|\n|poke|p1|Sinistcha, L50|\n|poke|p1|Incineroar, L50, M|\n|poke|p1|Garchomp, L50, M|\n|poke|p1|Rotom-Wash, L50|\n|poke|p2|Sneasler, L50, F|\n|poke|p2|Beartic, L50, F|\n|poke|p2|Froslass, L50, F|\n|poke|p2|Incineroar, L50, F|\n|poke|p2|Glaceon, L50, M|\n|poke|p2|Orthworm, L50, F|\n|teampreview|4\nkylekim has agreed to open team sheets.\nim gonna sleep rejected open team sheets.\n|\n|t:|1776382065\n|teamsize|p1|4\n|teamsize|p2|4\n|start\n|switch|p1a: Charizard|Charizard, L50, M|100/100\n|switch|p1b: Venusaur|Venusaur, L50, F|100/100\n|switch|p2a: Froslass|Froslass, L50, F|100/100\n|switch|p2b: Beartic|Beartic, L50, F|100/100\n|turn|1\n|\n|t:|1776382081\n|detailschange|p2a: Froslass|Froslass-Mega, L50, F\n|-mega|p2a: Froslass|Froslass|Froslassite\n|-weather|Snowscape|[from] ability: Snow Warning|[of] p2a: Froslass\n|detailschange|p1a: Charizard|Charizard-Mega-Y, L50, M\n|-mega|p1a: Charizard|Charizard|Charizardite Y\n|-weather|SunnyDay|[from] ability: Drought|[of] p1a: Charizard\n|move|p1b: Venusaur|Sleep Powder|p2a: Froslass\n|-status|p2a: Froslass|slp|[from] move: Sleep Powder\n|cant|p2a: Froslass|slp\n|move|p1a: Charizard|Heat Wave|p2b: Beartic|[spread] p2a,p2b\n|-supereffective|p2a: Froslass|1\n|-supereffective|p2b: Beartic|1\n|-damage|p2a: Froslass|0 fnt\n|-damage|p2b: Beartic|0 fnt\n|faint|p2a: Froslass\n|faint|p2b: Beartic\n|\n|-weather|SunnyDay|[upkeep]\n|upkeep\n|\n|t:|1776382098\n|switch|p2a: Sneasler|Sneasler, L50, F|100/100\n|switch|p2b: Incineroar|Incineroar, L50, F|100/100\n|-ability|p2b: Incineroar|Intimidate|boost\n|-unboost|p1a: Charizard|atk|1\n|-unboost|p1b: Venusaur|atk|1\n|turn|2\n|\n|t:|1776382113\n|move|p2a: Sneasler|Fake Out|p1b: Venusaur\n|-damage|p1b: Venusaur|82/100\n|move|p2b: Incineroar|Fake Out|p1a: Charizard\n|-damage|p1a: Charizard|83/100\n|cant|p1b: Venusaur|flinch\n|cant|p1a: Charizard|flinch\n|\n|-weather|SunnyDay|[upkeep]\n|upkeep\n|turn|3\n|\n|t:|1776382129\n|move|p1b: Venusaur|Sludge Bomb|p2b: Incineroar\n|-damage|p2b: Incineroar|72/100\n|move|p2a: Sneasler|Dire Claw|p1a: Charizard\n|-damage|p1a: Charizard|20/100\n|move|p1a: Charizard|Rock Slide|p2b: Incineroar|[spread] p2a,p2b\n|-resisted|p2a: Sneasler|1\n|-supereffective|p2b: Incineroar|1\n|-damage|p2a: Sneasler|94/100\n|-damage|p2b: Incineroar|56/100\n|move|p2b: Incineroar|Darkest Lariat|p1b: Venusaur\n|-damage|p1b: Venusaur|39/100\n|\n|-weather|SunnyDay|[upkeep]\n|upkeep\n|turn|4\n|\n|t:|1776382153\n|move|p1b: Venusaur|Sleep Powder|p2a: Sneasler\n|-status|p2a: Sneasler|slp|[from] move: Sleep Powder\n|cant|p2a: Sneasler|slp\n|move|p1a: Charizard|Heat Wave|p2a: Sneasler|[spread] p2a,p2b\n|-resisted|p2b: Incineroar|1\n|-damage|p2a: Sneasler|8/100 slp\n|-damage|p2b: Incineroar|35/100\n|move|p2b: Incineroar|Darkest Lariat|p1b: Venusaur\n|-damage|p1b: Venusaur|0 fnt\n|faint|p1b: Venusaur\n|\n|-weather|SunnyDay|[upkeep]\n|upkeep\n|\n|t:|1776382167\n|switch|p1b: Incineroar|Incineroar, L50, M, shiny|100/100\n|-ability|p1b: Incineroar|Intimidate|boost\n|-unboost|p2a: Sneasler|atk|1\n|-unboost|p2b: Incineroar|atk|1\n|turn|5\n|\n|t:|1776382180\n|move|p1b: Incineroar|Fake Out|p2b: Incineroar\n|-crit|p2b: Incineroar\n|-damage|p2b: Incineroar|21/100\n|cant|p2a: Sneasler|slp\n|move|p1a: Charizard|Heat Wave|p2b: Incineroar|[spread] p2a,p2b\n|-resisted|p2b: Incineroar|1\n|-damage|p2a: Sneasler|0 fnt\n|-damage|p2b: Incineroar|0 fnt\n|faint|p2a: Sneasler\n|faint|p2b: Incineroar\n|\n|win|kylekim\n||im gonna sleep is ready for game 3.\n||kylekim is ready for game 3.\n|uhtml|next|Next: <a href=\"/battle-gen9championsvgc2026regma-2585927292\"><strong>Game 3 of 3</strong></a>\n|l|\u2606kylekim\n|player|p1|\n|l|\u2606im gonna sleep\n|player|p2|\n|j|\u2606kylekim\n|player|p1|kylekim|lucas-gen4pt|\n",
  "uploadtime": 1776382723,
  "views": 36,
  "formatid": "gen9championsvgc2026regma",
  "rating": null,
  "private": 0,
  "password": null
}