{
  "id": "gen9championsvgc2026regma-2580732127",
  "format": "[Gen 9 Champions] VGC 2026 Reg M-A",
  "players": [
    "kendytelusma123456",
    "TheFlamingSponge"
  ],
  "log": "|j|\u2606kendytelusma123456\n|j|\u2606TheFlamingSponge\n|t:|1775927948\n|gametype|doubles\n|player|p1|kendytelusma123456|101|1035\n|player|p2|TheFlamingSponge|roxie|1057\n|gen|9\n|tier|[Gen 9 Champions] VGC 2026 Reg M-A\n|rated|\n|rule|Species Clause: Limit one of each Pok\u00e9mon\n|rule|Item Clause: Limit 1 of each item\n|clearpoke\n|poke|p1|Skarmory, L50, M|\n|poke|p1|Clefable, L50, F|\n|poke|p1|Garchomp, L50, M|\n|poke|p1|Incineroar, L50, F|\n|poke|p1|Farigiraf, L50, F|\n|poke|p1|Basculegion, L50, M|\n|poke|p2|Glimmora, L50, M|\n|poke|p2|Whimsicott, L50, F|\n|poke|p2|Incineroar, L50, F|\n|poke|p2|Rotom-Wash, L50|\n|poke|p2|Runerigus, L50, F|\n|poke|p2|Meowscarada, L50, M|\n|teampreview|4\n|\n|t:|1775927979\n|teamsize|p1|4\n|teamsize|p2|4\n|start\n|switch|p1a: Farigiraf|Farigiraf, L50, F|100/100\n|switch|p1b: Incineroar|Incineroar, L50, F|100/100\n|switch|p2a: Whimsicott|Whimsicott, L50, F|100/100\n|switch|p2b: Rotom|Rotom-Wash, L50|100/100\n|-ability|p1b: Incineroar|Intimidate|boost\n|-unboost|p2a: Whimsicott|atk|1\n|-unboost|p2b: Rotom|atk|1\n|turn|1\n|\n|t:|1775927995\n|move|p2a: Whimsicott|Taunt||[still]\n|cant|p1a: Farigiraf|ability: Armor Tail|Taunt|[of] p2a: Whimsicott\n|move|p2b: Rotom|Hydro Pump|p1b: Incineroar|[miss]\n|-miss|p2b: Rotom|p1b: Incineroar\n|move|p1b: Incineroar|Flare Blitz|p2a: Whimsicott\n|-supereffective|p2a: Whimsicott|1\n|-damage|p2a: Whimsicott|20/100\n|-damage|p1b: Incineroar|77/100|[from] Recoil\n|move|p1a: Farigiraf|Trick Room|p1a: Farigiraf\n|-fieldstart|move: Trick Room|[of] p1a: Farigiraf\n|\n|upkeep\n|turn|2\n|\n|t:|1775928015\n|move|p2a: Whimsicott|Tailwind|p2a: Whimsicott\n|-sidestart|p2: TheFlamingSponge|move: Tailwind\n|move|p1a: Farigiraf|Hyper Voice|p2a: Whimsicott|[spread] p2a,p2b\n|-damage|p2a: Whimsicott|0 fnt\n|-damage|p2b: Rotom|73/100\n|faint|p2a: Whimsicott\n|move|p1b: Incineroar|Parting Shot|p2b: Rotom\n|-unboost|p2b: Rotom|atk|1\n|-unboost|p2b: Rotom|spa|1\n|\n|t:|1775928022\n|switch|p1b: Skarmory|Skarmory, L50, M|100/100|[from] Parting Shot\n|move|p2b: Rotom|Hydro Pump|p1b: Skarmory\n|-damage|p1b: Skarmory|49/100\n|\n|upkeep\n|\n|t:|1775928034\n|switch|p2a: Meowscarada|Meowscarada, L50, M|100/100\n|turn|3\n|\n|t:|1775928044\n|detailschange|p1b: Skarmory|Skarmory-Mega, L50, M\n|-mega|p1b: Skarmory|Skarmory|Skarmorite\n|move|p1a: Farigiraf|Hyper Voice|p2b: Rotom|[spread] p2a,p2b\n|-damage|p2a: Meowscarada|53/100\n|-damage|p2b: Rotom|44/100\n|-enditem|p2b: Rotom|Sitrus Berry|[eat]\n|-heal|p2b: Rotom|69/100|[from] item: Sitrus Berry\n|move|p1b: Skarmory|Brave Bird|p2a: Meowscarada\n|-supereffective|p2a: Meowscarada|1\n|-damage|p2a: Meowscarada|0 fnt\n|faint|p2a: Meowscarada\n|-damage|p1b: Skarmory|30/100|[from] Recoil\n|move|p2b: Rotom|Volt Switch|p1b: Skarmory\n|-supereffective|p1b: Skarmory|1\n|-damage|p1b: Skarmory|0 fnt\n|faint|p1b: Skarmory\n|\n|t:|1775928058\n|switch|p2b: Glimmora|Glimmora, L50, M|100/100|[from] Volt Switch\n|\n|upkeep\n|\n|t:|1775928062\n|switch|p1b: Incineroar|Incineroar, L50, F|77/100\n|switch|p2a: Rotom|Rotom-Wash, L50|69/100\n|-ability|p1b: Incineroar|Intimidate|boost\n|-unboost|p2a: Rotom|atk|1\n|-unboost|p2b: Glimmora|atk|1\n|turn|4\n|\n|t:|1775928079\n|move|p2b: Glimmora|Spiky Shield|p2b: Glimmora\n|-singleturn|p2b: Glimmora|move: Protect\n|move|p1a: Farigiraf|Psychic|p2b: Glimmora\n|-activate|p2b: Glimmora|move: Protect\n|move|p1b: Incineroar|Snarl|p2a: Rotom|[spread] p2a\n|-activate|p2b: Glimmora|move: Protect\n|-damage|p2a: Rotom|59/100\n|-unboost|p2a: Rotom|spa|1\n|move|p2a: Rotom|Pain Split|p1a: Farigiraf\n|-sethp|p1a: Farigiraf|71/100|[from] move: Pain Split|[silent]\n|-sethp|p2a: Rotom|100/100|[from] move: Pain Split\n|\n|upkeep\n|turn|5\n|\n|t:|1775928095\n|move|p2b: Glimmora|Spiky Shield|p2b: Glimmora\n|-singleturn|p2b: Glimmora|move: Protect\n|move|p1a: Farigiraf|Psychic|p2b: Glimmora\n|-activate|p2b: Glimmora|move: Protect\n|move|p1b: Incineroar|Snarl|p2a: Rotom|[spread] p2a\n|-activate|p2b: Glimmora|move: Protect\n|-damage|p2a: Rotom|90/100\n|-unboost|p2a: Rotom|spa|1\n|move|p2a: Rotom|Hydro Pump|p1b: Incineroar\n|-supereffective|p1b: Incineroar|1\n|-damage|p1b: Incineroar|36/100\n|-enditem|p1b: Incineroar|Sitrus Berry|[eat]\n|-heal|p1b: Incineroar|60/100|[from] item: Sitrus Berry\n|\n|-sideend|p2: TheFlamingSponge|move: Tailwind\n|-fieldend|move: Trick Room\n|upkeep\n|turn|6\n|l|\u2606TheFlamingSponge\n|player|p2|\n|j|\u2606TheFlamingSponge\n|player|p2|TheFlamingSponge|roxie|\n|\n|t:|1775928135\n|detailschange|p2b: Glimmora|Glimmora-Mega, L50, M\n|-mega|p2b: Glimmora|Glimmora|Glimmoranite\n|move|p2b: Glimmora|Power Gem|p1a: Farigiraf\n|-damage|p1a: Farigiraf|16/100\n|move|p2a: Rotom|Hydro Pump|p1b: Incineroar\n|-supereffective|p1b: Incineroar|1\n|-damage|p1b: Incineroar|19/100\n|move|p1b: Incineroar|Snarl|p2b: Glimmora|[spread] p2a,p2b\n|-damage|p2a: Rotom|79/100\n|-damage|p2b: Glimmora|85/100\n|-unboost|p2a: Rotom|spa|1\n|-unboost|p2b: Glimmora|spa|1\n|move|p1a: Farigiraf|Psychic|p2b: Glimmora\n|-supereffective|p2b: Glimmora|1\n|-damage|p2b: Glimmora|0 fnt\n|faint|p2b: Glimmora\n|\n|upkeep\n|turn|7\n|-message|TheFlamingSponge forfeited.\n|\n|win|kendytelusma123456\n|raw|kendytelusma123456's rating: 1035 &rarr; <strong>1072</strong><br />(+37 for winning)\n|raw|TheFlamingSponge's rating: 1057 &rarr; <strong>1037</strong><br />(-20 for losing)\n|l|\u2606TheFlamingSponge\n|player|p2|\n",
  "uploadtime": 1775928152,
  "views": 10,
  "formatid": "gen9championsvgc2026regma",
  "rating": 1037,
  "private": 0,
  "password": null
}