{
  "id": "gen9championsvgc2026regma-2587965630",
  "format": "[Gen 9 Champions] VGC 2026 Reg M-A",
  "players": [
    "Captain Clean 13",
    "Mr.D.1622"
  ],
  "log": "|j|\u2606Captain Clean 13\n|j|\u2606Mr.D.1622\n|t:|1776585900\n|gametype|doubles\n|player|p1|Captain Clean 13|steven|1348\n|player|p2|Mr.D.1622|n|1271\n|gen|9\n|tier|[Gen 9 Champions] VGC 2026 Reg M-A\n|rated|\n|rule|Species Clause: Limit one of each Pok\u00e9mon\n|rule|Item Clause: Limit 1 of each item\n|clearpoke\n|poke|p1|Volcarona, L50, M|\n|poke|p1|Torkoal, L50, F|\n|poke|p1|Golurk, L50|\n|poke|p1|Kingambit, L50, F, shiny|\n|poke|p1|Kangaskhan, L50, F|\n|poke|p1|Sinistcha, L50|\n|poke|p2|Tyranitar, L50, F, shiny|\n|poke|p2|Gardevoir, L50, F|\n|poke|p2|Excadrill, L50, M|\n|poke|p2|Rotom-Heat, L50|\n|poke|p2|Milotic, L50, M|\n|poke|p2|Sinistcha, L50|\n|teampreview|4\n|inactive|Battle timer is ON: inactive players will automatically lose when time's up. (requested by Mr.D.1622)\n|inactive|Captain Clean 13 also wants the timer to be on.\n|inactive|Captain Clean 13 has 60 seconds left.\n|inactive|Mr.D.1622 has 60 seconds left.\n|\n|t:|1776585955\n|teamsize|p1|4\n|teamsize|p2|4\n|start\n|switch|p1a: Rohnta|Volcarona, L50, M|100/100\n|switch|p1b: Sinistcha|Sinistcha, L50|100/100\n|switch|p2a: Tyranitar|Tyranitar, L50, F, shiny|100/100\n|switch|p2b: Excadrill|Excadrill, L50, M|100/100\n|-weather|Sandstorm|[from] ability: Sand Stream|[of] p2a: Tyranitar\n|turn|1\n|\n|t:|1776585974\n|move|p2b: Excadrill|Protect|p2b: Excadrill\n|-singleturn|p2b: Excadrill|Protect\n|move|p1a: Rohnta|Rage Powder|p1a: Rohnta\n|-singleturn|p1a: Rohnta|move: Rage Powder\n|move|p2a: Tyranitar|Rock Slide|p1a: Rohnta|[spread] p1a,p1b\n|-supereffective|p1a: Rohnta|2\n|-enditem|p1a: Rohnta|Focus Sash\n|-damage|p1a: Rohnta|1/100\n|-damage|p1b: Sinistcha|76/100\n|cant|p1b: Sinistcha|flinch\n|\n|-weather|Sandstorm|[upkeep]\n|-damage|p1a: Rohnta|0 fnt|[from] Sandstorm\n|-damage|p1b: Sinistcha|70/100|[from] Sandstorm\n|faint|p1a: Rohnta\n|upkeep\n|c|\u2606Captain Clean 13|Well, that is quite unlucky\n|inactive|Captain Clean 13 has 30 seconds left.\n|\n|t:|1776586000\n|switch|p1a: Chains|Golurk, L50|100/100\n|turn|2\n|\n|t:|1776586014\n|detailschange|p1a: Chains|Golurk-Mega, L50\n|-mega|p1a: Chains|Golurk|Golurkite\n|move|p2a: Tyranitar|Protect|p2a: Tyranitar\n|-singleturn|p2a: Tyranitar|Protect\n|move|p2b: Excadrill|Iron Head|p1a: Chains\n|-damage|p1a: Chains|66/100\n|move|p1a: Chains|Headlong Rush|p2b: Excadrill\n|-supereffective|p2b: Excadrill|1\n|-enditem|p2b: Excadrill|Focus Sash\n|-damage|p2b: Excadrill|1/100\n|-unboost|p1a: Chains|def|1\n|-unboost|p1a: Chains|spd|1\n|move|p1b: Sinistcha|Trick Room|p1b: Sinistcha\n|-fieldstart|move: Trick Room|[of] p1b: Sinistcha\n|\n|-weather|Sandstorm|[upkeep]\n|-damage|p1b: Sinistcha|64/100|[from] Sandstorm\n|upkeep\n|turn|3\n|inactive|Mr.D.1622 has 30 seconds left.\n|\n|t:|1776586044\n|switch|p2a: Rotom|Rotom-Heat, L50|100/100\n|move|p2b: Excadrill|Protect|p2b: Excadrill\n|-singleturn|p2b: Excadrill|Protect\n|move|p1a: Chains|Headlong Rush|p2a: Rotom\n|-immune|p2a: Rotom|[from] ability: Levitate\n|move|p1b: Sinistcha|Matcha Gotcha|p2a: Rotom|[spread] p2a\n|-activate|p2b: Excadrill|move: Protect\n|-resisted|p2a: Rotom|1\n|-damage|p2a: Rotom|86/100\n|-heal|p1b: Sinistcha|70/100|[from] drain|[of] p2a: Rotom\n|\n|-weather|Sandstorm|[upkeep]\n|-damage|p1b: Sinistcha|63/100|[from] Sandstorm\n|-damage|p2a: Rotom|80/100|[from] Sandstorm\n|upkeep\n|turn|4\n|\n|t:|1776586061\n|move|p1a: Chains|Poltergeist|p2a: Rotom|[miss]\n|-miss|p1a: Chains|p2a: Rotom\n|move|p1b: Sinistcha|Matcha Gotcha|p2b: Excadrill|[spread] p2a,p2b\n|-resisted|p2a: Rotom|1\n|-damage|p2a: Rotom|67/100\n|-heal|p1b: Sinistcha|68/100|[from] drain|[of] p2a: Rotom\n|-damage|p2b: Excadrill|0 fnt\n|-heal|p1b: Sinistcha|69/100|[from] drain|[of] p2b: Excadrill\n|faint|p2b: Excadrill\n|move|p2a: Rotom|Overheat|p1a: Chains\n|-damage|p1a: Chains|5/100\n|-unboost|p2a: Rotom|spa|2\n|\n|-weather|Sandstorm|[upkeep]\n|-damage|p1b: Sinistcha|63/100|[from] Sandstorm\n|-damage|p2a: Rotom|62/100|[from] Sandstorm\n|upkeep\n|\n|t:|1776586072\n|switch|p2b: Sinistcha|Sinistcha, L50|100/100\n|-heal|p2a: Rotom|86/100|[from] ability: Hospitality|[of] p2b: Sinistcha\n|turn|5\n|c|\u2606Captain Clean 13|Why do I ever use moves that are less than 100% accurate\n|inactive|Captain Clean 13 has 30 seconds left.\n|\n|t:|1776586106\n|switch|p2b: Tyranitar|Tyranitar, L50, F, shiny|100/100\n|switch|p1b: Her Majesty|Kingambit, L50, F, shiny|100/100\n|move|p1a: Chains|Poltergeist|p2b: Tyranitar\n|-activate|p2b: Tyranitar|move: Poltergeist|Tyranitarite\n|-resisted|p2b: Tyranitar|1\n|-damage|p2b: Tyranitar|64/100\n|move|p2a: Rotom|Overheat|p1a: Chains\n|-damage|p1a: Chains|0 fnt\n|-unboost|p2a: Rotom|spa|2\n|faint|p1a: Chains\n|\n|-weather|none\n|upkeep\n|\n|t:|1776586109\n|switch|p1a: Sinistcha|Sinistcha, L50|63/100\n|turn|6\n|\n|t:|1776586131\n|switch|p2a: Sinistcha|Sinistcha, L50|100/100\n|-heal|p2b: Tyranitar|89/100|[from] ability: Hospitality|[of] p2a: Sinistcha\n|move|p2b: Tyranitar|Protect|p2b: Tyranitar\n|-singleturn|p2b: Tyranitar|Protect\n|move|p1b: Her Majesty|Kowtow Cleave|p2a: Sinistcha\n|-supereffective|p2a: Sinistcha|1\n|-damage|p2a: Sinistcha|9/100\n|-enditem|p2a: Sinistcha|Sitrus Berry|[eat]\n|-heal|p2a: Sinistcha|34/100|[from] item: Sitrus Berry\n|move|p1a: Sinistcha|Matcha Gotcha|p2b: Tyranitar|[spread] p2a\n|-activate|p2b: Tyranitar|move: Protect\n|-resisted|p2a: Sinistcha|1\n|-damage|p2a: Sinistcha|21/100\n|-heal|p1a: Sinistcha|70/100|[from] drain|[of] p2a: Sinistcha\n|\n|-fieldend|move: Trick Room\n|upkeep\n|turn|7\n|inactive|Mr.D.1622 has 30 seconds left.\n|\n|t:|1776586164\n|move|p2b: Tyranitar|Rock Slide|p1b: Her Majesty|[spread] p1a,p1b\n|-resisted|p1b: Her Majesty|1\n|-damage|p1a: Sinistcha|44/100\n|-damage|p1b: Her Majesty|87/100\n|-enditem|p1a: Sinistcha|Sitrus Berry|[eat]\n|-heal|p1a: Sinistcha|69/100|[from] item: Sitrus Berry\n|move|p1a: Sinistcha|Strength Sap|p2b: Tyranitar\n|-unboost|p2b: Tyranitar|atk|1\n|-heal|p1a: Sinistcha|100/100\n|move|p2a: Sinistcha|Matcha Gotcha|p1b: Her Majesty|[spread] p1a\n|-miss|p2a: Sinistcha|p1b: Her Majesty\n|-resisted|p1a: Sinistcha|1\n|-damage|p1a: Sinistcha|89/100\n|-heal|p2a: Sinistcha|27/100|[from] drain|[of] p1a: Sinistcha\n|-status|p1a: Sinistcha|brn\n|move|p1b: Her Majesty|Iron Head|p2b: Tyranitar\n|-supereffective|p2b: Tyranitar|1\n|-damage|p2b: Tyranitar|0 fnt\n|faint|p2b: Tyranitar\n|\n|-heal|p1b: Her Majesty|92/100|[from] item: Leftovers\n|-damage|p1a: Sinistcha|83/100 brn|[from] brn\n|upkeep\n|\n|t:|1776586183\n|switch|p2b: Rotom|Rotom-Heat, L50|86/100\n|turn|8\n|\n|t:|1776586196\n|move|p1b: Her Majesty|Protect|p1b: Her Majesty\n|-singleturn|p1b: Her Majesty|Protect\n|move|p2b: Rotom|Thunderbolt|p1b: Her Majesty\n|-activate|p1b: Her Majesty|move: Protect\n|move|p1a: Sinistcha|Matcha Gotcha|p2b: Rotom|[spread] p2a,p2b\n|-resisted|p2a: Sinistcha|1\n|-resisted|p2b: Rotom|1\n|-damage|p2a: Sinistcha|16/100\n|-heal|p1a: Sinistcha|89/100 brn|[from] drain|[of] p2a: Sinistcha\n|-damage|p2b: Rotom|72/100\n|-heal|p1a: Sinistcha|94/100 brn|[from] drain|[of] p2b: Rotom\n|move|p2a: Sinistcha|Matcha Gotcha|p1b: Her Majesty|[spread] p1a\n|-activate|p1b: Her Majesty|move: Protect\n|-resisted|p1a: Sinistcha|1\n|-damage|p1a: Sinistcha|83/100 brn\n|-heal|p2a: Sinistcha|22/100|[from] drain|[of] p1a: Sinistcha\n|\n|-heal|p1b: Her Majesty|98/100|[from] item: Leftovers\n|-damage|p1a: Sinistcha|76/100 brn|[from] brn\n|upkeep\n|turn|9\n|\n|t:|1776586220\n|move|p1b: Her Majesty|Sucker Punch|p2b: Rotom\n|-damage|p2b: Rotom|23/100\n|move|p2b: Rotom|Thunderbolt|p1b: Her Majesty\n|-damage|p1b: Her Majesty|62/100\n|move|p1a: Sinistcha|Matcha Gotcha|p2b: Rotom|[spread] p2b\n|-miss|p1a: Sinistcha|p2a: Sinistcha\n|-resisted|p2b: Rotom|1\n|-damage|p2b: Rotom|10/100\n|-heal|p1a: Sinistcha|81/100 brn|[from] drain|[of] p2b: Rotom\n|move|p2a: Sinistcha|Life Dew|p2a: Sinistcha|[spread] p2a,p2b\n|-heal|p2a: Sinistcha|47/100\n|-heal|p2b: Rotom|35/100\n|\n|-heal|p1b: Her Majesty|67/100|[from] item: Leftovers\n|-damage|p1a: Sinistcha|75/100 brn|[from] brn\n|upkeep\n|turn|10\n|inactive|Captain Clean 13 has 30 seconds left.\n|\n|t:|1776586247\n|move|p2a: Sinistcha|Rage Powder|p2a: Sinistcha\n|-singleturn|p2a: Sinistcha|move: Rage Powder\n|move|p2b: Rotom|Thunderbolt|p1b: Her Majesty\n|-damage|p1b: Her Majesty|26/100\n|move|p1a: Sinistcha|Matcha Gotcha|p2a: Sinistcha|[spread] p2a\n|-miss|p1a: Sinistcha|p2b: Rotom\n|-resisted|p2a: Sinistcha|1\n|-damage|p2a: Sinistcha|34/100\n|-heal|p1a: Sinistcha|82/100 brn|[from] drain|[of] p2a: Sinistcha\n|move|p1b: Her Majesty|Kowtow Cleave|p2a: Sinistcha\n|-supereffective|p2a: Sinistcha|1\n|-damage|p2a: Sinistcha|0 fnt\n|faint|p2a: Sinistcha\n|\n|-heal|p1b: Her Majesty|32/100|[from] item: Leftovers\n|-damage|p1a: Sinistcha|76/100 brn|[from] brn\n|upkeep\n|turn|11\n|-message|Mr.D.1622 forfeited.\n|\n|win|Captain Clean 13\n|raw|Captain Clean 13's rating: 1348 &rarr; <strong>1364</strong><br />(+16 for winning)\n|raw|Mr.D.1622's rating: 1271 &rarr; <strong>1251</strong><br />(-20 for losing)\n|l|\u2606Mr.D.1622\n|player|p2|\n|c|\u2606Captain Clean 13|that was really close\n|c|\u2606Captain Clean 13|GG\n",
  "uploadtime": 1776586286,
  "views": 19,
  "formatid": "gen9championsvgc2026regma",
  "rating": 1251,
  "private": 0,
  "password": null
}