{
  "id": "gen9championsvgc2026regma-2586504682",
  "format": "[Gen 9 Champions] VGC 2026 Reg M-A",
  "players": [
    "yayap18",
    "Loecki"
  ],
  "log": "|j|\u2606yayap18\n|j|\u2606Loecki\n|t:|1776439248\n|gametype|doubles\n|player|p1|yayap18|lance|1023\n|player|p2|Loecki|crasherwake|1080\n|gen|9\n|tier|[Gen 9 Champions] VGC 2026 Reg M-A\n|rated|\n|rule|Species Clause: Limit one of each Pok\u00e9mon\n|rule|Item Clause: Limit 1 of each item\n|clearpoke\n|poke|p1|Farigiraf, L50, M|\n|poke|p1|Sinistcha, L50|\n|poke|p1|Milotic, L50, M|\n|poke|p1|Sylveon, L50, M|\n|poke|p1|Sneasler, L50, F|\n|poke|p1|Aggron, L50, F|\n|poke|p2|Floette-Eternal, L50, F|\n|poke|p2|Garchomp, L50, F|\n|poke|p2|Kingambit, L50, F|\n|poke|p2|Basculegion, L50, M|\n|poke|p2|Sneasler, L50, F|\n|poke|p2|Froslass, L50, F|\n|teampreview|4\n|inactive|Battle timer is ON: inactive players will automatically lose when time's up. (requested by Loecki)\nyayap18 rejected open team sheets.\n|inactive|Loecki has 60 seconds left.\n|\n|t:|1776439290\n|teamsize|p1|4\n|teamsize|p2|4\n|start\n|switch|p1a: Farigiraf|Farigiraf, L50, M|100/100\n|switch|p1b: Sneasler|Sneasler, L50, F|100/100\n|switch|p2a: Froslass|Froslass, L50, F|100/100\n|switch|p2b: Sneasler|Sneasler, L50, F|100/100\n|turn|1\n|\n|t:|1776439310\n|detailschange|p2a: Froslass|Froslass-Mega, L50, F\n|-mega|p2a: Froslass|Froslass|Froslassite\n|-weather|Snowscape|[from] ability: Snow Warning|[of] p2a: Froslass\n|move|p2b: Sneasler|Protect|p2b: Sneasler\n|-singleturn|p2b: Sneasler|Protect\n|move|p1b: Sneasler|Fake Out|p2b: Sneasler\n|-activate|p2b: Sneasler|move: Protect\n|move|p2a: Froslass|Substitute|p2a: Froslass\n|-start|p2a: Froslass|Substitute\n|-damage|p2a: Froslass|76/100\n|move|p1a: Farigiraf|Trick Room|p1a: Farigiraf\n|-fieldstart|move: Trick Room|[of] p1a: Farigiraf\n|\n|-weather|Snowscape|[upkeep]\n|upkeep\n|turn|2\n|inactive|Loecki has 30 seconds left.\n|inactive|Loecki has 20 seconds left.\n|\n|t:|1776439349\n|switch|p1a: Sinistcha|Sinistcha, L50|100/100\n|move|p2a: Froslass|Blizzard|p1a: Sinistcha|[spread] p1a,p1b\n|-supereffective|p1a: Sinistcha|1\n|-damage|p1a: Sinistcha|0 fnt\n|-damage|p1b: Sneasler|41/100\n|faint|p1a: Sinistcha\n|move|p2b: Sneasler|Close Combat|p1b: Sneasler\n|-resisted|p1b: Sneasler|1\n|-damage|p1b: Sneasler|0 fnt\n|-unboost|p2b: Sneasler|def|1\n|-unboost|p2b: Sneasler|spd|1\n|faint|p1b: Sneasler\n|\n|-weather|Snowscape|[upkeep]\n|upkeep\n|\n|t:|1776439362\n|switch|p1a: Aggron|Aggron, L50, F|100/100\n|switch|p1b: Farigiraf|Farigiraf, L50, M|100/100\n|turn|3\n|\n|t:|1776439375\n|detailschange|p1a: Aggron|Aggron-Mega, L50, F\n|-mega|p1a: Aggron|Aggron|Aggronite\n|move|p1a: Aggron|Body Press|p2b: Sneasler\n|-resisted|p2b: Sneasler|1\n|-damage|p2b: Sneasler|51/100\n|move|p1b: Farigiraf|Thunder Wave||[still]\n|-fail|p1b: Farigiraf\n|move|p2a: Froslass|Blizzard|p1b: Farigiraf|[spread] p1a,p1b\n|-resisted|p1a: Aggron|1\n|-damage|p1a: Aggron|82/100\n|-damage|p1b: Farigiraf|70/100\n|move|p2b: Sneasler|Close Combat|p1a: Aggron\n|-supereffective|p1a: Aggron|1\n|-damage|p1a: Aggron|31/100\n|-unboost|p2b: Sneasler|def|1\n|-unboost|p2b: Sneasler|spd|1\n|-immune|p1a: Aggron\n|\n|-weather|Snowscape|[upkeep]\n|upkeep\n|turn|4\n|inactive|Loecki has 30 seconds left.\n|\n|t:|1776439402\n|switch|p2b: Basculegion|Basculegion, L50, M|100/100\n|move|p1b: Farigiraf|Protect|p1b: Farigiraf\n|-singleturn|p1b: Farigiraf|Protect\n|move|p1a: Aggron|Body Press|p2b: Basculegion\n|-immune|p2b: Basculegion\n|move|p2a: Froslass|Blizzard|p1b: Farigiraf|[spread] p1a\n|-activate|p1b: Farigiraf|move: Protect\n|-resisted|p1a: Aggron|1\n|-damage|p1a: Aggron|12/100\n|\n|-weather|Snowscape|[upkeep]\n|upkeep\n|turn|5\n|-message|yayap18 forfeited.\n|\n|win|Loecki\n|raw|yayap18's rating: 1023 &rarr; <strong>1012</strong><br />(-11 for losing)\n|raw|Loecki's rating: 1080 &rarr; <strong>1103</strong><br />(+23 for winning)\n",
  "uploadtime": 1776439408,
  "views": 19,
  "formatid": "gen9championsvgc2026regma",
  "rating": 1012,
  "private": 0,
  "password": null
}