{
  "id": "gen9championsvgc2026regma-2580316242",
  "format": "[Gen 9 Champions] VGC 2026 Reg M-A",
  "players": [
    "MolluskVGC",
    "Kalifebo"
  ],
  "log": "|j|\u2606MolluskVGC\n|j|\u2606Kalifebo\n|t:|1775879579\n|gametype|doubles\n|player|p1|MolluskVGC|hiker-gen4|1000\n|player|p2|Kalifebo|janitor|1000\n|gen|9\n|tier|[Gen 9 Champions] VGC 2026 Reg M-A\n|rated|\n|rule|Species Clause: Limit one of each Pok\u00e9mon\n|rule|Item Clause: Limit 1 of each item\n|clearpoke\n|poke|p1|Meganium, L50, F|\n|poke|p1|Tyranitar, L50, F|\n|poke|p1|Excadrill, L50, F|\n|poke|p1|Talonflame, L50, F|\n|poke|p1|Palafin, L50, M|\n|poke|p1|Glimmora, L50, M|\n|poke|p2|Aggron, L50, M|\n|poke|p2|Glimmora, L50, F|\n|poke|p2|Oranguru, L50, F|\n|poke|p2|Maushold-Four, L50|\n|poke|p2|Torkoal, L50, M|\n|poke|p2|Typhlosion-Hisui, L50, F|\n|teampreview|4\n|inactive|Battle timer is ON: inactive players will automatically lose when time's up. (requested by MolluskVGC)\n|\n|t:|1775879603\n|teamsize|p1|4\n|teamsize|p2|4\n|start\n|switch|p1a: Palafin|Palafin, L50, M|100/100\n|switch|p1b: Excadrill|Excadrill, L50, F|100/100\n|switch|p2a: Glimmora|Glimmora, L50, F|100/100\n|switch|p2b: Aggron|Aggron, L50, M|100/100\n|turn|1\n|\n|t:|1775879619\n|detailschange|p1a: Palafin|Palafin-Hero, L50, M\n|switch|p1a: Tyranitar|Tyranitar, L50, F|100/100\n|-weather|Sandstorm|[from] ability: Sand Stream|[of] p1a: Tyranitar\n|detailschange|p2b: Aggron|Aggron-Mega, L50, M\n|-mega|p2b: Aggron|Aggron|Aggronite\n|move|p1b: Excadrill|High Horsepower|p2b: Aggron\n|-supereffective|p2b: Aggron|1\n|-damage|p2b: Aggron|65/100\n|move|p2a: Glimmora|Earth Power|p1b: Excadrill\n|-supereffective|p1b: Excadrill|1\n|-damage|p1b: Excadrill|12/100\n|move|p2b: Aggron|Iron Defense|p2b: Aggron\n|-boost|p2b: Aggron|def|2\n|\n|-weather|Sandstorm|[upkeep]\n|upkeep\n|turn|2\n|inactive|MolluskVGC has 30 seconds left.\n|inactive|Kalifebo has 30 seconds left.\n|\n|t:|1775879647\n|move|p2a: Glimmora|Protect|p2a: Glimmora\n|-singleturn|p2a: Glimmora|Protect\n|move|p1b: Excadrill|High Horsepower|p2a: Glimmora\n|-activate|p2a: Glimmora|move: Protect\n|move|p1a: Tyranitar|Low Kick|p2b: Aggron\n|-supereffective|p2b: Aggron|1\n|-damage|p2b: Aggron|51/100\n|move|p2b: Aggron|Body Press|p1a: Tyranitar\n|-supereffective|p1a: Tyranitar|2\n|-enditem|p1a: Tyranitar|Chople Berry|[eat]\n|-enditem|p1a: Tyranitar|Chople Berry|[weaken]\n|-damage|p1a: Tyranitar|0 fnt\n|faint|p1a: Tyranitar\n|\n|-weather|Sandstorm|[upkeep]\n|upkeep\n|\n|t:|1775879649\n|switch|p1a: Glimmora|Glimmora, L50, M|100/100\n|turn|3\n|\n|t:|1775879662\n|detailschange|p1a: Glimmora|Glimmora-Mega, L50, M\n|-mega|p1a: Glimmora|Glimmora|Glimmoranite\n|move|p1b: Excadrill|High Horsepower|p2a: Glimmora\n|-supereffective|p2a: Glimmora|2\n|-damage|p2a: Glimmora|0 fnt\n|-activate|p2a: Glimmora|ability: Toxic Debris\n|-sidestart|p1: MolluskVGC|move: Toxic Spikes\n|faint|p2a: Glimmora\n|move|p1a: Glimmora|Earth Power|p2b: Aggron\n|-supereffective|p2b: Aggron|1\n|-damage|p2b: Aggron|0 fnt\n|faint|p2b: Aggron\n|\n|-weather|Sandstorm|[upkeep]\n|upkeep\n|\n|t:|1775879673\n|switch|p2a: Torkoal|Torkoal, L50, M|100/100\n|switch|p2b: Typhlosion|Typhlosion-Hisui, L50, F|100/100\n|-item|p1a: Glimmora|Glimmoranite|[from] ability: Frisk|[of] p2b: Typhlosion\n|-item|p1b: Excadrill|Focus Sash|[from] ability: Frisk|[of] p2b: Typhlosion\n|-weather|SunnyDay|[from] ability: Drought|[of] p2a: Torkoal\n|turn|4\n|\n|t:|1775879684\n|move|p1b: Excadrill|Protect|p1b: Excadrill\n|-singleturn|p1b: Excadrill|Protect\n|move|p2b: Typhlosion|Eruption|p1b: Excadrill|[spread] p1a\n|-activate|p1b: Excadrill|move: Protect\n|-resisted|p1a: Glimmora|1\n|-damage|p1a: Glimmora|47/100\n|move|p1a: Glimmora|Power Gem|p2b: Typhlosion\n|-supereffective|p2b: Typhlosion|1\n|-damage|p2b: Typhlosion|0 fnt\n|faint|p2b: Typhlosion\n|move|p2a: Torkoal|Heat Wave|p1a: Glimmora|[spread] p1a\n|-activate|p1b: Excadrill|move: Protect\n|-resisted|p1a: Glimmora|1\n|-crit|p1a: Glimmora\n|-damage|p1a: Glimmora|0 fnt\n|faint|p1a: Glimmora\n|\n|-weather|SunnyDay|[upkeep]\n|upkeep\n|\n|t:|1775879692\n|switch|p1a: Palafin|Palafin-Hero, L50, M|100/100\n|-status|p1a: Palafin|psn\n|-activate|p1a: Palafin|ability: Zero to Hero\n|turn|5\n|\n|t:|1775879704\n|move|p1b: Excadrill|High Horsepower|p2a: Torkoal\n|-supereffective|p2a: Torkoal|1\n|-damage|p2a: Torkoal|15/100\n|move|p1a: Palafin|Wave Crash|p2a: Torkoal\n|-supereffective|p2a: Torkoal|1\n|-damage|p2a: Torkoal|0 fnt\n|faint|p2a: Torkoal\n|-damage|p1a: Palafin|97/100 psn|[from] Recoil\n|\n|win|MolluskVGC\n|raw|MolluskVGC's rating: 1000 &rarr; <strong>1040</strong><br />(+40 for winning)\n|raw|Kalifebo's rating: 1000 &rarr; <strong>1000</strong><br />(+0 for losing)\n|l|\u2606Kalifebo\n|player|p2|\n|l|\u2606MolluskVGC\n|player|p1|\n|j|\u2606MolluskVGC\n|player|p1|MolluskVGC|hiker-gen4|\n|l|\u2606MolluskVGC\n|player|p1|\n|j|\u2606MolluskVGC\n|player|p1|MolluskVGC|hiker-gen4|\n",
  "uploadtime": 1775880341,
  "views": 10,
  "formatid": "gen9championsvgc2026regma",
  "rating": 1000,
  "private": 0,
  "password": null
}