{
  "id": "gen9championsvgc2026regma-2581157195",
  "format": "[Gen 9 Champions] VGC 2026 Reg M-A",
  "players": [
    "rilaxee",
    "lizardon0516"
  ],
  "log": "|j|\u2606rilaxee\n|j|\u2606lizardon0516\n|t:|1775965416\n|gametype|doubles\n|player|p1|rilaxee|101|1050\n|player|p2|lizardon0516|169|1013\n|gen|9\n|tier|[Gen 9 Champions] VGC 2026 Reg M-A\n|rated|\n|rule|Species Clause: Limit one of each Pok\u00e9mon\n|rule|Item Clause: Limit 1 of each item\n|clearpoke\n|poke|p1|Crabominable, L50, M|\n|poke|p1|Sinistcha, L50|\n|poke|p1|Kingambit, L50, M|\n|poke|p1|Volcarona, L50, F|\n|poke|p1|Slowking, L50, M|\n|poke|p1|Ninetales-Alola, L50, F|\n|poke|p2|Charizard, L50, M|\n|poke|p2|Milotic, L50, F|\n|poke|p2|Sinistcha, L50|\n|poke|p2|Incineroar, L50, M|\n|poke|p2|Sneasler, L50, F|\n|poke|p2|Aerodactyl, L50, M|\n|teampreview|4\n|\n|t:|1775965456\n|teamsize|p1|4\n|teamsize|p2|4\n|start\n|switch|p1a: Slowking|Slowking, L50, M|100/100\n|switch|p1b: Volcarona|Volcarona, L50, F|100/100\n|switch|p2a: Sneasler|Sneasler, L50, F|100/100\n|switch|p2b: Charizard|Charizard, L50, M, shiny|100/100\n|turn|1\n|inactive|Battle timer is ON: inactive players will automatically lose when time's up. (requested by rilaxee)\n|inactive|rilaxee has 60 seconds left.\n|\n|t:|1775965488\n|detailschange|p2b: Charizard|Charizard-Mega-X, L50, M, shiny\n|-mega|p2b: Charizard|Charizard|Charizardite X\n|move|p1b: Volcarona|Rage Powder|p1b: Volcarona\n|-singleturn|p1b: Volcarona|move: Rage Powder\n|move|p2a: Sneasler|Coaching|p2b: Charizard\n|-boost|p2b: Charizard|atk|1\n|-boost|p2b: Charizard|def|1\n|move|p2b: Charizard|Dragon Dance|p2b: Charizard\n|-boost|p2b: Charizard|atk|1\n|-boost|p2b: Charizard|spe|1\n|move|p1a: Slowking|Psychic|p2a: Sneasler\n|-supereffective|p2a: Sneasler|2\n|-damage|p2a: Sneasler|0 fnt\n|faint|p2a: Sneasler\n|\n|upkeep\n|\n|t:|1775965501\n|switch|p2a: Incineroar|Incineroar, L50, M, shiny|100/100\n|-ability|p2a: Incineroar|Intimidate|boost\n|-fail|p1a: Slowking|unboost|Attack|[from] ability: Oblivious|[of] p1a: Slowking\n|-unboost|p1b: Volcarona|atk|1\n|turn|2\n|\n|t:|1775965515\n|move|p2a: Incineroar|Fake Out|p1b: Volcarona\n|-damage|p1b: Volcarona|89/100\n|cant|p1b: Volcarona|flinch\n|move|p2b: Charizard|Dragon Claw|p1a: Slowking\n|-damage|p1a: Slowking|5/100\n|move|p1a: Slowking|Trick Room|p1a: Slowking\n|-fieldstart|move: Trick Room|[of] p1a: Slowking\n|\n|-heal|p1b: Volcarona|95/100|[from] item: Leftovers\n|upkeep\n|turn|3\n|inactive|rilaxee has 30 seconds left.\n|inactive|rilaxee has 20 seconds left.\n|\n|t:|1775965552\n|switch|p1b: Ninetales|Ninetales-Alola, L50, F|100/100\n|-weather|Snowscape|[from] ability: Snow Warning|[of] p1b: Ninetales\n|move|p1a: Slowking|Hydro Pump|p2a: Incineroar\n|-supereffective|p2a: Incineroar|1\n|-damage|p2a: Incineroar|19/100\n|move|p2a: Incineroar|Throat Chop|p1a: Slowking\n|-supereffective|p1a: Slowking|1\n|-enditem|p1a: Slowking|Colbur Berry|[eat]\n|-enditem|p1a: Slowking|Colbur Berry|[weaken]\n|-damage|p1a: Slowking|0 fnt\n|faint|p1a: Slowking\n|move|p2b: Charizard|Dragon Claw|p1b: Ninetales\n|-immune|p1b: Ninetales\n|\n|-weather|Snowscape|[upkeep]\n|upkeep\n|\n|t:|1775965568\n|switch|p1a: Crabominable|Crabominable, L50, M, shiny|100/100\n|turn|4\n|\n|t:|1775965586\n|detailschange|p1a: Crabominable|Crabominable-Mega, L50, M, shiny\n|-mega|p1a: Crabominable|Crabominable|Crabominite\n|move|p2b: Charizard|Protect|p2b: Charizard\n|-singleturn|p2b: Charizard|Protect\n|move|p1a: Crabominable|Thunder Punch|p2a: Incineroar\n|-damage|p2a: Incineroar|0 fnt\n|faint|p2a: Incineroar\n|move|p1b: Ninetales|Blizzard|p2b: Charizard\n|-activate|p2b: Charizard|move: Protect\n|\n|-weather|Snowscape|[upkeep]\n|upkeep\n|\n|t:|1775965593\n|switch|p2a: Milotic|Milotic, L50, F, shiny|100/100\n|turn|5\n|inactive|rilaxee has 30 seconds left.\n|\n|t:|1775965621\n|move|p1a: Crabominable|Thunder Punch|p2a: Milotic\n|-supereffective|p2a: Milotic|1\n|-damage|p2a: Milotic|29/100\n|move|p2a: Milotic|Scald|p1a: Crabominable\n|-damage|p1a: Crabominable|76/100\n|move|p1b: Ninetales|Moonblast|p2b: Charizard\n|-damage|p2b: Charizard|57/100\n|move|p2b: Charizard|Flare Blitz|p1a: Crabominable\n|-supereffective|p1a: Crabominable|1\n|-damage|p1a: Crabominable|0 fnt\n|faint|p1a: Crabominable\n|-damage|p2b: Charizard|29/100|[from] Recoil\n|\n|-weather|Snowscape|[upkeep]\n|-heal|p2a: Milotic|35/100|[from] item: Leftovers\n|upkeep\n|\n|t:|1775965637\n|switch|p1a: Volcarona|Volcarona, L50, F|95/100\n|turn|6\n|\n|t:|1775965649\n|move|p2b: Charizard|Protect|p2b: Charizard\n|-singleturn|p2b: Charizard|Protect\n|move|p2a: Milotic|Coil|p2a: Milotic\n|-boost|p2a: Milotic|atk|1\n|-boost|p2a: Milotic|def|1\n|-boost|p2a: Milotic|accuracy|1\n|move|p1a: Volcarona|Giga Drain|p2a: Milotic\n|-supereffective|p2a: Milotic|1\n|-damage|p2a: Milotic|2/100\n|-heal|p1a: Volcarona|100/100|[from] drain|[of] p2a: Milotic\n|move|p1b: Ninetales|Moonblast|p2b: Charizard\n|-activate|p2b: Charizard|move: Protect\n|\n|-weather|Snowscape|[upkeep]\n|-heal|p2a: Milotic|8/100|[from] item: Leftovers\n|-fieldend|move: Trick Room\n|upkeep\n|turn|7\n|inactive|rilaxee has 30 seconds left.\n|\n|t:|1775965680\n|move|p1a: Volcarona|Rage Powder|p1a: Volcarona\n|-singleturn|p1a: Volcarona|move: Rage Powder\n|move|p2b: Charizard|Flare Blitz|p1a: Volcarona\n|-damage|p1a: Volcarona|0 fnt\n|faint|p1a: Volcarona\n|-damage|p2b: Charizard|0 fnt|[from] Recoil\n|faint|p2b: Charizard\n|move|p1b: Ninetales|Blizzard|p2a: Milotic\n|-resisted|p2a: Milotic|1\n|-damage|p2a: Milotic|0 fnt\n|faint|p2a: Milotic\n|\n|win|rilaxee\n|raw|rilaxee's rating: 1050 &rarr; <strong>1079</strong><br />(+29 for winning)\n|raw|lizardon0516's rating: 1013 &rarr; <strong>1002</strong><br />(-11 for losing)\n",
  "uploadtime": 1775965691,
  "views": 34,
  "formatid": "gen9championsvgc2026regma",
  "rating": 1002,
  "private": 0,
  "password": null
}