{
  "id": "gen9championsvgc2026regma-2584073738",
  "format": "[Gen 9 Champions] VGC 2026 Reg M-A",
  "players": [
    "AthenaStrive9",
    "grape city"
  ],
  "log": "|j|\u2606AthenaStrive9\n|j|\u2606grape city\n|t:|1776222460\n|gametype|doubles\n|player|p1|AthenaStrive9|nancy|\n|player|p2|grape city|infielder|\n|gen|9\n|tier|[Gen 9 Champions] VGC 2026 Reg M-A\n|rated|Tournament battle\n|rule|Species Clause: Limit one of each Pok\u00e9mon\n|rule|Item Clause: Limit 1 of each item\n|raw|<div class=\"infobox\"><details class=\"readmore\" open><summary><strong>1 custom rule:</strong></summary> Force Open Team Sheets</details></div>\n|clearpoke\n|poke|p1|Floette-Eternal, L50, F|\n|poke|p1|Sneasler, L50, M|\n|poke|p1|Corviknight, L50, M|\n|poke|p1|Aerodactyl, L50, F|\n|poke|p1|Sinistcha-Masterpiece, L50|\n|poke|p1|Incineroar, L50, F|\n|poke|p2|Gengar, L50, M|\n|poke|p2|Palafin, L50, F|\n|poke|p2|Pelipper, L50, M|\n|poke|p2|Kingambit, L50, M|\n|poke|p2|Dragonite, L50, F|\n|poke|p2|Incineroar, L50, F|\n|teampreview|4\n|showteam|p1|Floette-Eternal||Floettite|FlowerVeil|Protect,Moonblast,DazzlingGleam,CalmMind|||F|||50|]Sneasler||FocusSash|Unburden|DireClaw,CloseCombat,FakeOut,Coaching|||M|||50|]Corviknight||Leftovers|MirrorArmor|Roost,IronHead,BodyPress,BulkUp|||M|||50|]Aerodactyl||Aerodactylite|Unnerve|Protect,RockSlide,DualWingbeat,Tailwind|||F|||50|]Sinistcha-Masterpiece||SitrusBerry|Hospitality|RagePowder,MatchaGotcha,LifeDew,TrickRoom||||||50|]Incineroar||LumBerry|Intimidate|DarkestLariat,FlareBlitz,FakeOut,PartingShot|||F|||50|\n|showteam|p2|Gengar||Gengarite|CursedBody|ShadowBall,SludgeBomb,IcyWind,Protect|||M|||50|]Palafin||MysticWater|ZerotoHero|WaveCrash,JetPunch,CloseCombat,Protect|||F|||50|]Pelipper||ChoiceScarf|Drizzle|Hurricane,MuddyWater,WeatherBall,Tailwind|||M|||50|]Kingambit||ChopleBerry|Defiant|KowtowCleave,IronHead,SuckerPunch,LowKick|||M|||50|]Dragonite||LumBerry|InnerFocus|ScaleShot,ExtremeSpeed,RockSlide,Protect|||F|||50|]Incineroar||SitrusBerry|Intimidate|ThroatChop,PartingShot,HelpingHand,FakeOut|||F|||50|\n|j| Tiefighter450\n|j| camala64\n|j| 21Kieran\n|c|\u2606AthenaStrive9|hf :3\n|c|\u2606grape city|u2!\n|j|@Radio Free C-Side\n|j| maxdeesevgc\n|l| maxdeesevgc\n|inactive|Battle timer is ON: inactive players will automatically lose when time's up. (requested by grape city)\n|\n|t:|1776222539\n|teamsize|p1|4\n|teamsize|p2|4\n|start\n|switch|p1a: Floette|Floette-Eternal, L50, F|100/100\n|switch|p1b: Incineroar|Incineroar, L50, F, shiny|100/100\n|switch|p2a: Gengar|Gengar, L50, M|100/100\n|switch|p2b: Palafin|Palafin, L50, F|100/100\n|-ability|p1b: Incineroar|Intimidate|boost\n|-unboost|p2a: Gengar|atk|1\n|-unboost|p2b: Palafin|atk|1\n|turn|1\n|inactive|grape city has 30 seconds left.\n|\n|t:|1776222566\n|detailschange|p2b: Palafin|Palafin-Hero, L50, F\n|switch|p2b: Pelipper|Pelipper, L50, M|100/100\n|-weather|RainDance|[from] ability: Drizzle|[of] p2b: Pelipper\n|detailschange|p2a: Gengar|Gengar-Mega, L50, M\n|-mega|p2a: Gengar|Gengar|Gengarite\n|detailschange|p1a: Floette|Floette-Mega, L50, F\n|-mega|p1a: Floette|Floette|Floettite\n|-ability|p1a: Floette|Fairy Aura\n|move|p2a: Gengar|Sludge Bomb|p1a: Floette\n|-supereffective|p1a: Floette|1\n|-damage|p1a: Floette|19/100\n|move|p1a: Floette|Calm Mind|p1a: Floette\n|-boost|p1a: Floette|spa|1\n|-boost|p1a: Floette|spd|1\n|move|p1b: Incineroar|Darkest Lariat|p2a: Gengar\n|-supereffective|p2a: Gengar|1\n|-damage|p2a: Gengar|1/100\n|\n|-weather|RainDance|[upkeep]\n|upkeep\n|turn|2\n|inactive|grape city has 30 seconds left.\n|inactive|grape city has 20 seconds left.\n|\n|t:|1776222602\n|move|p1a: Floette|Protect|p1a: Floette\n|-singleturn|p1a: Floette|Protect\n|move|p2a: Gengar|Sludge Bomb|p1b: Incineroar\n|-damage|p1b: Incineroar|41/100\n|-status|p1b: Incineroar|psn\n|-enditem|p1b: Incineroar|Lum Berry|[eat]\n|-curestatus|p1b: Incineroar|psn|[msg]\n|move|p2b: Pelipper|Muddy Water|p1b: Incineroar|[spread] p1b\n|-activate|p1a: Floette|move: Protect\n|-supereffective|p1b: Incineroar|1\n|-damage|p1b: Incineroar|0 fnt\n|faint|p1b: Incineroar\n|\n|-weather|RainDance|[upkeep]\n|upkeep\n|l| camala64\n|\n|t:|1776222620\n|switch|p1b: Aerodactyl|Aerodactyl, L50, F|100/100\n|-ability|p1b: Aerodactyl|Unnerve\n|turn|3\n|\n|t:|1776222640\n|move|p1a: Floette|Protect||[still]\n|-fail|p1a: Floette\n|move|p2a: Gengar|Shadow Ball|p1a: Floette\n|-damage|p1a: Floette|0 fnt\n|faint|p1a: Floette\n|move|p1b: Aerodactyl|Rock Slide|p2b: Pelipper|[spread] p2a,p2b\n|-supereffective|p2b: Pelipper|1\n|-damage|p2a: Gengar|0 fnt\n|-damage|p2b: Pelipper|35/100\n|faint|p2a: Gengar\n|cant|p2b: Pelipper|flinch\n|\n|-weather|RainDance|[upkeep]\n|upkeep\n|\n|t:|1776222663\n|switch|p2a: Kingambit|Kingambit, L50, M|100/100\n|switch|p1a: Sinistcha|Sinistcha-Masterpiece, L50, shiny|100/100\n|turn|4\n|\n|t:|1776222680\n|move|p1b: Aerodactyl|Rock Slide|p2a: Kingambit|[spread] p2a,p2b\n|-resisted|p2a: Kingambit|1\n|-supereffective|p2b: Pelipper|1\n|-damage|p2a: Kingambit|93/100\n|-damage|p2b: Pelipper|0 fnt\n|faint|p2b: Pelipper\n|move|p1a: Sinistcha|Matcha Gotcha|p2a: Kingambit\n|-resisted|p2a: Kingambit|1\n|-damage|p2a: Kingambit|75/100\n|move|p2a: Kingambit|Kowtow Cleave|p1a: Sinistcha\n|-supereffective|p1a: Sinistcha|1\n|-damage|p1a: Sinistcha|26/100\n|-enditem|p1a: Sinistcha|Sitrus Berry|[eat]\n|-heal|p1a: Sinistcha|51/100|[from] item: Sitrus Berry\n|\n|-weather|RainDance|[upkeep]\n|upkeep\n|\n|t:|1776222690\n|switch|p2b: Palafin|Palafin-Hero, L50, F|100/100\n|-activate|p2b: Palafin|ability: Zero to Hero\n|turn|5\n|\n|t:|1776222698\n|move|p2b: Palafin|Protect|p2b: Palafin\n|-singleturn|p2b: Palafin|Protect\n|move|p1a: Sinistcha|Rage Powder|p1a: Sinistcha\n|-singleturn|p1a: Sinistcha|move: Rage Powder\n|move|p1b: Aerodactyl|Rock Slide|p2a: Kingambit|[spread] \n|-activate|p2b: Palafin|move: Protect\n|-miss|p1b: Aerodactyl|p2a: Kingambit\n|move|p2a: Kingambit|Kowtow Cleave|p1a: Sinistcha\n|-supereffective|p1a: Sinistcha|1\n|-damage|p1a: Sinistcha|0 fnt\n|faint|p1a: Sinistcha\n|\n|-weather|none\n|upkeep\n|turn|6\n|\n|t:|1776222708\n|move|p2b: Palafin|Jet Punch|p1b: Aerodactyl\n|-supereffective|p1b: Aerodactyl|1\n|-damage|p1b: Aerodactyl|0 fnt\n|faint|p1b: Aerodactyl\n|\n|win|grape city\n|n|\u2606AthenaStrive9|athenastrive9\n|n|\u2606grape city|grapecity\n|n| Tiefighter450|tiefighter450\n|n| 21Kieran|21kieran\n|n|+Radio Free C-Side|radiofreecside\n|c|\u2606grape city|gg!\n|l|+Radio Free C-Side\n|l|\u2606AthenaStrive9\n|player|p1|\n|l| Tiefighter450\n",
  "uploadtime": 1776222731,
  "views": 15,
  "formatid": "gen9championsvgc2026regma",
  "rating": null,
  "private": 0,
  "password": null
}