{
  "id": "gen9championsvgc2026regma-2582322257",
  "format": "[Gen 9 Champions] VGC 2026 Reg M-A",
  "players": [
    "LycheeEXE",
    "busterbunner"
  ],
  "log": "|j|\u2606LycheeEXE\n|j|\u2606busterbunner\n|t:|1776083222\n|gametype|doubles\n|player|p1|LycheeEXE|170|1067\n|player|p2|busterbunner|grimsley|1123\n|gen|9\n|tier|[Gen 9 Champions] VGC 2026 Reg M-A\n|rated|\n|rule|Species Clause: Limit one of each Pok\u00e9mon\n|rule|Item Clause: Limit 1 of each item\n|clearpoke\n|poke|p1|Vivillon, L50, M|\n|poke|p1|Volcarona, L50, M|\n|poke|p1|Heracross, L50, F|\n|poke|p1|Scizor, L50, F|\n|poke|p1|Araquanid, L50, F|\n|poke|p1|Ariados, L50, F|\n|poke|p2|Floette-Eternal, L50, F|\n|poke|p2|Sinistcha, L50|\n|poke|p2|Passimian, L50, M|\n|poke|p2|Excadrill, L50, M|\n|poke|p2|Whimsicott, L50, F|\n|poke|p2|Noivern, L50, M|\n|teampreview|4\n|inactive|Battle timer is ON: inactive players will automatically lose when time's up. (requested by busterbunner)\n|inactive|busterbunner has 60 seconds left.\n|\n|t:|1776083263\n|teamsize|p1|4\n|teamsize|p2|4\n|start\n|switch|p1a: Vivillon|Vivillon, L50, M|100/100\n|switch|p1b: Scizor|Scizor, L50, F|100/100\n|switch|p2a: Whimsicott|Whimsicott, L50, F|100/100\n|switch|p2b: Excadrill|Excadrill, L50, M|100/100\n|turn|1\n|\n|t:|1776083282\n|switch|p1a: Araquanid|Araquanid, L50, F|100/100\n|detailschange|p2b: Excadrill|Excadrill-Mega, L50, M\n|-mega|p2b: Excadrill|Excadrill|Excadrite\n|move|p2a: Whimsicott|Stun Spore|p1a: Araquanid\n|-status|p1a: Araquanid|par\n|move|p1b: Scizor|Bullet Punch|p2a: Whimsicott\n|-supereffective|p2a: Whimsicott|1\n|-damage|p2a: Whimsicott|1/100\n|move|p2b: Excadrill|Rock Slide|p1a: Araquanid|[spread] p1a,p1b\n|-supereffective|p1a: Araquanid|1\n|-damage|p1a: Araquanid|40/100 par\n|-damage|p1b: Scizor|76/100\n|\n|upkeep\n|turn|2\n|\n|t:|1776083305\n|switch|p1a: Vivillon|Vivillon, L50, M|100/100\n|move|p1b: Scizor|Protect|p1b: Scizor\n|-singleturn|p1b: Scizor|Protect\n|move|p2a: Whimsicott|Tailwind|p2a: Whimsicott\n|-sidestart|p2: busterbunner|move: Tailwind\n|move|p2b: Excadrill|Rock Slide|p1a: Vivillon|[spread] p1a\n|-activate|p1b: Scizor|move: Protect\n|-supereffective|p1a: Vivillon|2\n|-damage|p1a: Vivillon|0 fnt\n|faint|p1a: Vivillon\n|\n|upkeep\n|\n|t:|1776083316\n|switch|p1a: Araquanid|Araquanid, L50, F|40/100 par\n|turn|3\n|\n|t:|1776083322\n|move|p1a: Araquanid|Wide Guard|p1a: Araquanid\n|-singleturn|p1a: Araquanid|Wide Guard\n|move|p2a: Whimsicott|Stun Spore|p1b: Scizor|[miss]\n|-miss|p2a: Whimsicott|p1b: Scizor\n|move|p1b: Scizor|Bullet Punch|p2a: Whimsicott\n|-supereffective|p2a: Whimsicott|1\n|-damage|p2a: Whimsicott|0 fnt\n|faint|p2a: Whimsicott\n|move|p2b: Excadrill|Rock Slide|p1b: Scizor|[spread] \n|-activate|p1a: Araquanid|move: Wide Guard\n|-activate|p1b: Scizor|move: Wide Guard\n|\n|upkeep\n|\n|t:|1776083327\n|switch|p2a: Passimian|Passimian, L50, M|100/100\n|turn|4\n|\n|t:|1776083345\n|move|p1a: Araquanid|Wide Guard|p1a: Araquanid\n|-singleturn|p1a: Araquanid|Wide Guard\n|move|p2b: Excadrill|Drill Run|p1b: Scizor\n|-damage|p1b: Scizor|26/100\n|move|p2a: Passimian|Acrobatics|p1a: Araquanid\n|-supereffective|p1a: Araquanid|1\n|-damage|p1a: Araquanid|4/100 par\n|move|p1b: Scizor|Superpower|p2b: Excadrill\n|-supereffective|p2b: Excadrill|1\n|-damage|p2b: Excadrill|3/100\n|-unboost|p1b: Scizor|atk|1\n|-unboost|p1b: Scizor|def|1\n|-enditem|p1b: Scizor|White Herb\n|-clearnegativeboost|p1b: Scizor|[silent]\n|\n|upkeep\n|turn|5\n|inactive|LycheeEXE has 30 seconds left.\n|\n|t:|1776083376\n|move|p2b: Excadrill|Protect|p2b: Excadrill\n|-singleturn|p2b: Excadrill|Protect\n|move|p1b: Scizor|Bullet Punch|p2b: Excadrill\n|-activate|p2b: Excadrill|move: Protect\n|move|p2a: Passimian|Rock Slide|p1a: Araquanid|[spread] p1b\n|-miss|p2a: Passimian|p1a: Araquanid\n|-crit|p1b: Scizor\n|-damage|p1b: Scizor|2/100\n|move|p1a: Araquanid|Hydro Pump|p2a: Passimian\n|-damage|p2a: Passimian|13/100\n|\n|-sideend|p2: busterbunner|move: Tailwind\n|upkeep\n|turn|6\n|\n|t:|1776083395\n|switch|p2b: Noivern|Noivern, L50, M|100/100\n|-item|p1a: Araquanid|Never-Melt Ice|[from] ability: Frisk|[of] p2b: Noivern\n|move|p1b: Scizor|Bullet Punch|p2b: Noivern\n|-damage|p2b: Noivern|58/100\n|move|p2a: Passimian|Acrobatics|p1b: Scizor\n|-damage|p1b: Scizor|0 fnt\n|faint|p1b: Scizor\n|move|p1a: Araquanid|Ice Beam|p2a: Passimian\n|-damage|p2a: Passimian|0 fnt\n|faint|p2a: Passimian\n|\n|-heal|p2b: Noivern|64/100|[from] item: Leftovers\n|upkeep\n|\n|t:|1776083403\n|switch|p2a: Excadrill|Excadrill-Mega, L50, M|3/100\n|switch|p1b: Heracross|Heracross, L50, F|100/100\n|turn|7\n|inactive|LycheeEXE has 30 seconds left.\n|inactive|LycheeEXE has 20 seconds left.\n|inactive|LycheeEXE has 15 seconds left.\n|\n|t:|1776083443\n|detailschange|p1b: Heracross|Heracross-Mega, L50, F\n|-mega|p1b: Heracross|Heracross|Heracronite\n|move|p1a: Araquanid|Wide Guard|p1a: Araquanid\n|-singleturn|p1a: Araquanid|Wide Guard\n|move|p2b: Noivern|Draco Meteor|p1b: Heracross\n|-damage|p1b: Heracross|54/100\n|-unboost|p2b: Noivern|spa|2\n|move|p2a: Excadrill|Rock Slide|p1a: Araquanid|[spread] \n|-activate|p1a: Araquanid|move: Wide Guard\n|-activate|p1b: Heracross|move: Wide Guard\n|move|p1b: Heracross|Rock Blast|p2b: Noivern\n|-supereffective|p2b: Noivern|1\n|-damage|p2b: Noivern|34/100\n|-supereffective|p2b: Noivern|1\n|-damage|p2b: Noivern|8/100\n|-supereffective|p2b: Noivern|1\n|-damage|p2b: Noivern|0 fnt\n|faint|p2b: Noivern\n|-hitcount|p2: Noivern|3\n|\n|upkeep\n|turn|8\n|inactive|LycheeEXE has 30 seconds left.\n|inactive|LycheeEXE has 20 seconds left.\n|inactive|LycheeEXE has 15 seconds left.\n|inactive|LycheeEXE has 10 seconds left.\n|inactive|LycheeEXE has 5 seconds left.\n|\n|t:|1776083498\n|move|p2a: Excadrill|Iron Head|p1b: Heracross\n|-damage|p1b: Heracross|4/100\n|move|p1b: Heracross|Rock Blast|p2a: Excadrill\n|-resisted|p2a: Excadrill|2\n|-damage|p2a: Excadrill|1/100\n|-resisted|p2a: Excadrill|2\n|-damage|p2a: Excadrill|0 fnt\n|faint|p2a: Excadrill\n|-hitcount|p2: Excadrill|2\n|\n|win|LycheeEXE\n|raw|LycheeEXE's rating: 1067 &rarr; <strong>1102</strong><br />(+35 for winning)\n|raw|busterbunner's rating: 1123 &rarr; <strong>1094</strong><br />(-29 for losing)\n|l|\u2606busterbunner\n|player|p2|\n",
  "uploadtime": 1776083522,
  "views": 17,
  "formatid": "gen9championsvgc2026regma",
  "rating": 1094,
  "private": 0,
  "password": null
}