{
  "id": "gen9championsvgc2026regma-2589581023",
  "format": "[Gen 9 Champions] VGC 2026 Reg M-A",
  "players": [
    "joaco_0529",
    "GIANT ENEMY"
  ],
  "log": "|j|\u2606joaco_0529\n|j|\u2606GIANT ENEMY\n|t:|1776736102\n|gametype|doubles\n|player|p1|joaco_0529|cynthia|1043\n|player|p2|GIANT ENEMY|101|1118\n|gen|9\n|tier|[Gen 9 Champions] VGC 2026 Reg M-A\n|rated|\n|rule|Species Clause: Limit one of each Pok\u00e9mon\n|rule|Item Clause: Limit 1 of each item\n|clearpoke\n|poke|p1|Dragonite, L50, F, shiny|\n|poke|p1|Basculegion, L50, M, shiny|\n|poke|p1|Archaludon, L50, M, shiny|\n|poke|p1|Sneasler, L50, F, shiny|\n|poke|p1|Starmie, L50, shiny|\n|poke|p1|Pelipper, L50, F, shiny|\n|poke|p2|Tyranitar, L50, M|\n|poke|p2|Excadrill, L50, F|\n|poke|p2|Rotom-Wash, L50|\n|poke|p2|Corviknight, L50, M|\n|poke|p2|Hydreigon, L50, F|\n|poke|p2|Mimikyu, L50, M|\n|teampreview|4\n|\n|t:|1776736143\n|teamsize|p1|4\n|teamsize|p2|4\n|start\n|switch|p1a: Pelipper|Pelipper, L50, F, shiny|100/100\n|switch|p1b: Archaludon|Archaludon, L50, M, shiny|100/100\n|switch|p2a: Mimikyu|Mimikyu, L50, M|100/100\n|switch|p2b: Hydreigon|Hydreigon, L50, F|100/100\n|-weather|RainDance|[from] ability: Drizzle|[of] p1a: Pelipper\n|turn|1\n|\n|t:|1776736183\n|switch|p2b: Tyranitar|Tyranitar, L50, M|100/100\n|-weather|Sandstorm|[from] ability: Sand Stream|[of] p2b: Tyranitar\n|move|p1a: Pelipper|Protect|p1a: Pelipper\n|-singleturn|p1a: Pelipper|Protect\n|move|p2a: Mimikyu|Play Rough|p1b: Archaludon\n|-damage|p1b: Archaludon|72/100\n|move|p1b: Archaludon|Draco Meteor|p2b: Tyranitar\n|-damage|p2b: Tyranitar|61/100\n|-unboost|p1b: Archaludon|spa|2\n|-enditem|p1b: Archaludon|White Herb\n|-clearnegativeboost|p1b: Archaludon|[silent]\n|\n|-weather|Sandstorm|[upkeep]\n|-damage|p2a: Mimikyu|94/100|[from] Sandstorm\n|-damage|p1a: Pelipper|94/100|[from] Sandstorm\n|upkeep\n|turn|2\n|\n|t:|1776736218\n|detailschange|p2b: Tyranitar|Tyranitar-Mega, L50, M\n|-mega|p2b: Tyranitar|Tyranitar|Tyranitarite\n|move|p2a: Mimikyu|Play Rough|p1b: Archaludon\n|-damage|p1b: Archaludon|43/100\n|move|p1b: Archaludon|Electro Shot||[still]\n|-prepare|p1b: Archaludon|Electro Shot\n|-boost|p1b: Archaludon|spa|1\n|move|p2b: Tyranitar|Knock Off|p1a: Pelipper\n|-damage|p1a: Pelipper|41/100\n|-enditem|p1a: Pelipper|Focus Sash|[from] move: Knock Off|[of] p2b: Tyranitar\n|move|p1a: Pelipper|Weather Ball|p2a: Mimikyu\n|-activate|p2a: Mimikyu|ability: Disguise\n|-damage|p2a: Mimikyu|94/100\n|detailschange|p2a: Mimikyu|Mimikyu-Busted, L50, M\n|-damage|p2a: Mimikyu|82/100|[from] pokemon: Mimikyu-Busted\n|\n|-weather|Sandstorm|[upkeep]\n|-damage|p2a: Mimikyu|76/100|[from] Sandstorm\n|-damage|p1a: Pelipper|35/100|[from] Sandstorm\n|upkeep\n|turn|3\n|\n|t:|1776736251\n|move|p2a: Mimikyu|Protect|p2a: Mimikyu\n|-singleturn|p2a: Mimikyu|Protect\n|move|p1a: Pelipper|Protect|p1a: Pelipper\n|-singleturn|p1a: Pelipper|Protect\n|move|p1b: Archaludon|Electro Shot|p2a: Mimikyu|[from] lockedmove\n|-activate|p2a: Mimikyu|move: Protect\n|move|p2b: Tyranitar|Low Kick|p1b: Archaludon\n|-supereffective|p1b: Archaludon|1\n|-damage|p1b: Archaludon|0 fnt\n|faint|p1b: Archaludon\n|\n|-weather|Sandstorm|[upkeep]\n|-damage|p2a: Mimikyu|70/100|[from] Sandstorm\n|-damage|p1a: Pelipper|29/100|[from] Sandstorm\n|upkeep\n|\n|t:|1776736265\n|switch|p1b: Basculegion|Basculegion, L50, M, shiny|100/100\n|turn|4\n|\n|t:|1776736280\n|move|p2b: Tyranitar|Protect|p2b: Tyranitar\n|-singleturn|p2b: Tyranitar|Protect\n|move|p2a: Mimikyu|Shadow Sneak|p1b: Basculegion\n|-supereffective|p1b: Basculegion|1\n|-damage|p1b: Basculegion|61/100\n|move|p1b: Basculegion|Wave Crash|p2b: Tyranitar\n|-activate|p2b: Tyranitar|move: Protect\n|move|p1a: Pelipper|Tailwind|p1a: Pelipper\n|-sidestart|p1: joaco_0529|move: Tailwind\n|\n|-weather|Sandstorm|[upkeep]\n|-damage|p1b: Basculegion|55/100|[from] Sandstorm\n|-damage|p1a: Pelipper|22/100|[from] Sandstorm\n|-damage|p2a: Mimikyu|64/100|[from] Sandstorm\n|upkeep\n|turn|5\n|\n|t:|1776736307\n|switch|p2b: Hydreigon|Hydreigon, L50, F|100/100\n|move|p1a: Pelipper|Protect|p1a: Pelipper\n|-singleturn|p1a: Pelipper|Protect\n|move|p2a: Mimikyu|Shadow Sneak|p1b: Basculegion\n|-supereffective|p1b: Basculegion|1\n|-damage|p1b: Basculegion|12/100\n|move|p1b: Basculegion|Wave Crash|p2b: Hydreigon\n|-resisted|p2b: Hydreigon|1\n|-damage|p2b: Hydreigon|58/100\n|-damage|p1b: Basculegion|0 fnt|[from] Recoil\n|faint|p1b: Basculegion\n|\n|-weather|none\n|upkeep\n|\n|t:|1776736327\n|switch|p1b: Starmie|Starmie, L50, shiny|100/100\n|turn|6\n|\n|t:|1776736352\n|switch|p2b: Tyranitar|Tyranitar-Mega, L50, M|61/100\n|-weather|Sandstorm|[from] ability: Sand Stream|[of] p2b: Tyranitar\n|detailschange|p1b: Starmie|Starmie-Mega, L50, shiny\n|-mega|p1b: Starmie|Starmie|Starminite\n|move|p2a: Mimikyu|Shadow Sneak|p1a: Pelipper\n|-damage|p1a: Pelipper|7/100\n|move|p1b: Starmie|Waterfall|p2a: Mimikyu\n|-damage|p2a: Mimikyu|0 fnt\n|faint|p2a: Mimikyu\n|move|p1a: Pelipper|Hurricane|p2b: Tyranitar|[miss]\n|-miss|p1a: Pelipper|p2b: Tyranitar\n|\n|-weather|Sandstorm|[upkeep]\n|-damage|p1b: Starmie|95/100|[from] Sandstorm\n|-damage|p1a: Pelipper|1/100|[from] Sandstorm\n|upkeep\n|\n|t:|1776736362\n|switch|p2a: Excadrill|Excadrill, L50, F|100/100\n|turn|7\n|\n|t:|1776736371\n|move|p2a: Excadrill|Protect|p2a: Excadrill\n|-singleturn|p2a: Excadrill|Protect\n|move|p1a: Pelipper|Protect|p1a: Pelipper\n|-singleturn|p1a: Pelipper|Protect\n|move|p2b: Tyranitar|Protect|p2b: Tyranitar\n|-singleturn|p2b: Tyranitar|Protect\n|move|p1b: Starmie|Waterfall|p2b: Tyranitar\n|-activate|p2b: Tyranitar|move: Protect\n|\n|-weather|Sandstorm|[upkeep]\n|-damage|p1b: Starmie|89/100|[from] Sandstorm\n|-damage|p1a: Pelipper|0 fnt|[from] Sandstorm\n|faint|p1a: Pelipper\n|-sideend|p1: joaco_0529|move: Tailwind\n|upkeep\n|turn|8\n|\n|t:|1776736393\n|move|p2a: Excadrill|High Horsepower|p1b: Starmie\n|-damage|p1b: Starmie|16/100\n|move|p1b: Starmie|Waterfall|p2b: Tyranitar\n|-supereffective|p2b: Tyranitar|1\n|-damage|p2b: Tyranitar|0 fnt\n|faint|p2b: Tyranitar\n|\n|-weather|Sandstorm|[upkeep]\n|-damage|p1b: Starmie|10/100|[from] Sandstorm\n|upkeep\n|\n|t:|1776736402\n|switch|p2b: Hydreigon|Hydreigon, L50, F|58/100\n|turn|9\n|\n|t:|1776736406\n|move|p2a: Excadrill|High Horsepower|p1b: Starmie\n|-damage|p1b: Starmie|0 fnt\n|faint|p1b: Starmie\n|\n|win|GIANT ENEMY\n|raw|joaco_0529's rating: 1043 &rarr; <strong>1030</strong><br />(-13 for losing)\n|raw|GIANT ENEMY's rating: 1118 &rarr; <strong>1138</strong><br />(+20 for winning)\n",
  "uploadtime": 1776736412,
  "views": 2,
  "formatid": "gen9championsvgc2026regma",
  "rating": 1030,
  "private": 0,
  "password": null
}