{
  "id": "gen9championsvgc2026regma-2583522465",
  "format": "[Gen 9 Champions] VGC 2026 Reg M-A",
  "players": [
    "Kronos0317",
    "shmlott"
  ],
  "log": "|j|\u2606Kronos0317\n|j|\u203dshmlott\n|t:|1776180980\n|gametype|doubles\n|player|p1|Kronos0317|265|1000\n|player|p2|shmlott|sabrina|1025\n|gen|9\n|tier|[Gen 9 Champions] VGC 2026 Reg M-A\n|rated|\n|rule|Species Clause: Limit one of each Pok\u00e9mon\n|rule|Item Clause: Limit 1 of each item\n|clearpoke\n|poke|p1|Hatterene, L50, F|\n|poke|p1|Primarina, L50, F|\n|poke|p1|Ampharos, L50, F|\n|poke|p1|Aggron, L50, M|\n|poke|p1|Appletun, L50, M|\n|poke|p1|Wyrdeer, L50, F|\n|poke|p2|Garchomp, L50, F|\n|poke|p2|Tyranitar, L50, F|\n|poke|p2|Slowbro-Galar, L50, M|\n|poke|p2|Ditto, L50|\n|poke|p2|Zoroark-Hisui, L50, F|\n|poke|p2|Klefki, L50, F|\n|teampreview|4\n|inactive|Battle timer is ON: inactive players will automatically lose when time's up. (requested by shmlott)\n|\n|t:|1776181013\n|teamsize|p1|4\n|teamsize|p2|4\n|start\n|switch|p1a: Hatterene|Hatterene, L50, F, shiny|100/100\n|switch|p1b: Aggron|Aggron, L50, M|100/100\n|switch|p2a: Tyranitar|Tyranitar, L50, F|100/100\n|switch|p2b: Garchomp|Garchomp, L50, F|100/100\n|-weather|Sandstorm|[from] ability: Sand Stream|[of] p2a: Tyranitar\n|turn|1\n|inactive|shmlott has 30 seconds left.\n|\n|t:|1776181047\n|detailschange|p2a: Tyranitar|Tyranitar-Mega, L50, F\n|-mega|p2a: Tyranitar|Tyranitar|Tyranitarite\n|detailschange|p1b: Aggron|Aggron-Mega, L50, M\n|-mega|p1b: Aggron|Aggron|Aggronite\n|move|p2b: Garchomp|Bitter Malice|p1a: Hatterene\n|-supereffective|p1a: Hatterene|1\n|-damage|p1a: Hatterene|22/100\n|-unboost|p1a: Hatterene|atk|1\n|move|p2a: Tyranitar|Rock Slide|p1b: Aggron|[spread] p1a,p1b\n|-resisted|p1b: Aggron|1\n|-damage|p1a: Hatterene|0 fnt\n|-damage|p1b: Aggron|90/100\n|faint|p1a: Hatterene\n|cant|p1b: Aggron|flinch\n|\n|-weather|Sandstorm|[upkeep]\n|-damage|p2b: Garchomp|94/100|[from] Sandstorm\n|upkeep\n|\n|t:|1776181068\n|switch|p1a: Primarina|Primarina, L50, F|100/100\n|turn|2\n|\n|t:|1776181085\n|move|p2a: Tyranitar|Protect|p2a: Tyranitar\n|-singleturn|p2a: Tyranitar|Protect\n|move|p2b: Garchomp|Focus Blast|p1b: Aggron\n|-supereffective|p1b: Aggron|1\n|-damage|p1b: Aggron|16/100\n|move|p1a: Primarina|Dazzling Gleam|p2b: Garchomp|[spread] p2b\n|-activate|p2a: Tyranitar|move: Protect\n|-damage|p2b: Garchomp|28/100\n|replace|p2b: Zoroark|Zoroark-Hisui, L50, F\n|-end|p2b: Zoroark|Illusion\n|move|p1b: Aggron|Brick Break|p2a: Tyranitar\n|-activate|p2a: Tyranitar|move: Protect\n|\n|-weather|Sandstorm|[upkeep]\n|-damage|p2b: Zoroark|22/100|[from] Sandstorm\n|-damage|p1a: Primarina|95/100|[from] Sandstorm\n|upkeep\n|turn|3\n|inactive|Kronos0317 has 30 seconds left.\n|inactive|shmlott has 30 seconds left.\n|\n|t:|1776181124\n|switch|p2a: Slowbro|Slowbro-Galar, L50, M|100/100\n|move|p2b: Zoroark|Bitter Malice|p1b: Aggron\n|-damage|p1b: Aggron|0 fnt\n|faint|p1b: Aggron\n|move|p1a: Primarina|Dazzling Gleam|p2a: Slowbro|[spread] p2a,p2b\n|-resisted|p2a: Slowbro|1\n|-damage|p2a: Slowbro|83/100\n|-damage|p2b: Zoroark|0 fnt\n|faint|p2b: Zoroark\n|\n|-weather|Sandstorm|[upkeep]\n|-damage|p1a: Primarina|89/100|[from] Sandstorm\n|-damage|p2a: Slowbro|77/100|[from] Sandstorm\n|upkeep\n|inactive|Kronos0317 has 30 seconds left.\n|\n|t:|1776181154\n|switch|p2b: Garchomp|Garchomp, L50, F|100/100\n|switch|p1b: Appletun|Appletun, L50, M, shiny|100/100\n|turn|4\n|-activate|p2a: Slowbro|ability: Quick Draw\n|\n|t:|1776181174\n|move|p2b: Garchomp|Protect|p2b: Garchomp\n|-singleturn|p2b: Garchomp|Protect\n|move|p2a: Slowbro|Shell Side Arm|p1a: Primarina|[anim] Shell Side Arm Special\n|-supereffective|p1a: Primarina|1\n|-damage|p1a: Primarina|8/100\n|-hint|Special Shell Side Arm\n|move|p1a: Primarina|Icy Wind|p2a: Slowbro|[spread] p2a\n|-activate|p2b: Garchomp|move: Protect\n|-damage|p2a: Slowbro|58/100\n|-unboost|p2a: Slowbro|spe|1\n|move|p1b: Appletun|Dragon Pulse|p2b: Garchomp\n|-activate|p2b: Garchomp|move: Protect\n|\n|-weather|Sandstorm|[upkeep]\n|-damage|p1a: Primarina|2/100|[from] Sandstorm\n|-damage|p1b: Appletun|95/100|[from] Sandstorm\n|-damage|p2a: Slowbro|52/100|[from] Sandstorm\n|upkeep\n|turn|5\n|inactive|shmlott has 30 seconds left.\n|-activate|p2a: Slowbro|ability: Quick Draw\n|\n|t:|1776181205\n|move|p1a: Primarina|Protect|p1a: Primarina\n|-singleturn|p1a: Primarina|Protect\n|move|p2a: Slowbro|Shell Side Arm|p1b: Appletun|[anim] Shell Side Arm Special\n|-supereffective|p1b: Appletun|1\n|-damage|p1b: Appletun|17/100\n|-hint|Special Shell Side Arm\n|-status|p1b: Appletun|psn\n|move|p2b: Garchomp|Rock Slide|p1a: Primarina|[spread] p1b\n|-activate|p1a: Primarina|move: Protect\n|-damage|p1b: Appletun|0 fnt\n|faint|p1b: Appletun\n|\n|-weather|none\n|upkeep\n|turn|6\n|inactive|Kronos0317 has 30 seconds left.\n|inactive|Kronos0317 has 20 seconds left.\n|-activate|p2a: Slowbro|ability: Quick Draw\n|\n|t:|1776181244\n|move|p2a: Slowbro|Shell Side Arm|p1a: Primarina|[anim] Shell Side Arm Special\n|-supereffective|p1a: Primarina|1\n|-damage|p1a: Primarina|0 fnt\n|-hint|Special Shell Side Arm\n|faint|p1a: Primarina\n|\n|win|shmlott\n|raw|Kronos0317's rating: 1000 &rarr; <strong>1000</strong><br />(+0 for losing)\n|raw|shmlott's rating: 1025 &rarr; <strong>1059</strong><br />(+34 for winning)\n|l|\u203dshmlott\n|player|p2|\n",
  "uploadtime": 1776181275,
  "views": 12,
  "formatid": "gen9championsvgc2026regma",
  "rating": 1000,
  "private": 0,
  "password": null
}