{
  "id": "gen9championsvgc2026regma-2580372965",
  "format": "[Gen 9 Champions] VGC 2026 Reg M-A",
  "players": [
    "Cabin6",
    "Willthekid65934"
  ],
  "log": "|j|\u2606Cabin6\n|j|\u2606Willthekid65934\n|t:|1775886858\n|gametype|doubles\n|player|p1|Cabin6|leon|1121\n|player|p2|Willthekid65934|steven|1112\n|gen|9\n|tier|[Gen 9 Champions] VGC 2026 Reg M-A\n|rated|\n|rule|Species Clause: Limit one of each Pok\u00e9mon\n|rule|Item Clause: Limit 1 of each item\n|clearpoke\n|poke|p1|Maushold, L50|\n|poke|p1|Floette-Eternal, L50, F|\n|poke|p1|Garchomp, L50, M|\n|poke|p1|Talonflame, L50, M|\n|poke|p1|Rotom-Wash, L50|\n|poke|p1|Aegislash, L50, F|\n|poke|p2|Tyranitar, L50, M|\n|poke|p2|Excadrill, L50, F|\n|poke|p2|Primarina, L50, M|\n|poke|p2|Incineroar, L50, M|\n|poke|p2|Sinistcha-Masterpiece, L50|\n|poke|p2|Corviknight, L50, F|\n|teampreview|4\n|inactive|Battle timer is ON: inactive players will automatically lose when time's up. (requested by Willthekid65934)\n|\n|t:|1775886885\n|teamsize|p1|4\n|teamsize|p2|4\n|start\n|switch|p1a: Garchomp|Garchomp, L50, M|100/100\n|switch|p1b: Aegislash|Aegislash, L50, F|100/100\n|switch|p2a: Godzilla|Tyranitar, L50, M|100/100\n|switch|p2b: Craven edge|Corviknight, L50, F|100/100\n|-weather|Sandstorm|[from] ability: Sand Stream|[of] p2a: Godzilla\n|turn|1\n|inactive|Cabin6 has 30 seconds left.\n|inactive|Cabin6 has 20 seconds left.\n|inactive|Cabin6 has 15 seconds left.\n|\n|t:|1775886930\n|switch|p1b: Floette|Floette-Eternal, L50, F|100/100\n|move|p2a: Godzilla|Protect|p2a: Godzilla\n|-singleturn|p2a: Godzilla|Protect\n|move|p1a: Garchomp|Stomping Tantrum|p2a: Godzilla\n|-activate|p2a: Godzilla|move: Protect\n|move|p2b: Craven edge|Tailwind|p2b: Craven edge\n|-sidestart|p2: Willthekid65934|move: Tailwind\n|\n|-weather|Sandstorm|[upkeep]\n|-damage|p1b: Floette|94/100|[from] Sandstorm\n|upkeep\n|turn|2\n|\n|t:|1775886951\n|detailschange|p2a: Godzilla|Tyranitar-Mega, L50, M\n|-mega|p2a: Godzilla|Tyranitar|Tyranitarite\n|detailschange|p1b: Floette|Floette-Mega, L50, F\n|-mega|p1b: Floette|Floette|Floettite\n|-ability|p1b: Floette|Fairy Aura\n|move|p1b: Floette|Protect|p1b: Floette\n|-singleturn|p1b: Floette|Protect\n|move|p2a: Godzilla|Rock Slide|p1a: Garchomp|[spread] p1a\n|-activate|p1b: Floette|move: Protect\n|-resisted|p1a: Garchomp|1\n|-damage|p1a: Garchomp|83/100\n|move|p2b: Craven edge|Brave Bird|p1b: Floette\n|-activate|p1b: Floette|move: Protect\n|move|p1a: Garchomp|Stone Edge|p2b: Craven edge|[miss]\n|-miss|p1a: Garchomp|p2b: Craven edge\n|\n|-weather|Sandstorm|[upkeep]\n|-damage|p1b: Floette|88/100|[from] Sandstorm\n|upkeep\n|turn|3\n|inactive|Cabin6 has 30 seconds left.\n|\n|t:|1775886980\n|move|p2a: Godzilla|Rock Slide|p1a: Garchomp|[spread] p1a,p1b\n|-resisted|p1a: Garchomp|1\n|-damage|p1a: Garchomp|65/100\n|-damage|p1b: Floette|48/100\n|move|p2b: Craven edge|Brave Bird|p1b: Floette\n|-damage|p1b: Floette|3/100\n|-damage|p2b: Craven edge|87/100|[from] Recoil\n|move|p1a: Garchomp|Stomping Tantrum|p2a: Godzilla\n|-supereffective|p2a: Godzilla|1\n|-damage|p2a: Godzilla|0 fnt\n|faint|p2a: Godzilla\n|cant|p1b: Floette|flinch\n|\n|-weather|Sandstorm|[upkeep]\n|-damage|p1b: Floette|0 fnt|[from] Sandstorm\n|faint|p1b: Floette\n|-heal|p2b: Craven edge|93/100|[from] item: Leftovers\n|upkeep\n|\n|t:|1775887000\n|switch|p1b: Rotom|Rotom-Wash, L50|100/100\n|switch|p2a: Gurren lugun|Excadrill, L50, F|100/100\n|turn|4\n|\n|t:|1775887018\n|move|p2a: Gurren lugun|Earthquake|p1a: Garchomp|[spread] p1a\n|-immune|p2b: Craven edge\n|-immune|p1b: Rotom|[from] ability: Levitate\n|-damage|p1a: Garchomp|24/100\n|move|p2b: Craven edge|Roost|p2b: Craven edge\n|-heal|p2b: Craven edge|100/100\n|-singleturn|p2b: Craven edge|move: Roost\n|move|p1a: Garchomp|Stomping Tantrum|p2a: Gurren lugun\n|-supereffective|p2a: Gurren lugun|1\n|-enditem|p2a: Gurren lugun|Focus Sash\n|-damage|p2a: Gurren lugun|1/100\n|move|p1b: Rotom|Thunderbolt|p2b: Craven edge\n|-damage|p2b: Craven edge|59/100\n|-status|p2b: Craven edge|par\n|\n|-weather|Sandstorm|[upkeep]\n|-damage|p1b: Rotom|95/100|[from] Sandstorm\n|-heal|p2b: Craven edge|65/100 par|[from] item: Leftovers\n|-sideend|p2: Willthekid65934|move: Tailwind\n|upkeep\n|turn|5\n|inactive|Willthekid65934 has 30 seconds left.\n|\n|t:|1775887046\n|switch|p2b: Sinistcha|Sinistcha-Masterpiece, L50|100/100\n|-heal|p2a: Gurren lugun|26/100|[from] ability: Hospitality|[of] p2b: Sinistcha\n|move|p1a: Garchomp|Protect|p1a: Garchomp\n|-singleturn|p1a: Garchomp|Protect\n|move|p2a: Gurren lugun|High Horsepower|p1a: Garchomp\n|-activate|p1a: Garchomp|move: Protect\n|move|p1b: Rotom|Volt Switch|p2a: Gurren lugun\n|-immune|p2a: Gurren lugun\n|\n|-weather|none\n|upkeep\n|turn|6\n|inactive|Cabin6 has 30 seconds left.\n|inactive|Cabin6 has 20 seconds left.\n|\n|t:|1775887084\n|move|p2a: Gurren lugun|Protect|p2a: Gurren lugun\n|-singleturn|p2a: Gurren lugun|Protect\n|move|p1a: Garchomp|Earthquake|p2b: Sinistcha|[spread] p2b\n|-activate|p2a: Gurren lugun|move: Protect\n|-immune|p1b: Rotom|[from] ability: Levitate\n|-resisted|p2b: Sinistcha|1\n|-damage|p2b: Sinistcha|82/100\n|move|p1b: Rotom|Volt Switch|p2b: Sinistcha\n|-resisted|p2b: Sinistcha|1\n|-damage|p2b: Sinistcha|64/100\n|\n|t:|1775887095\n|switch|p1b: Aegislash|Aegislash, L50, F|100/100|[from] Volt Switch\n|move|p2b: Sinistcha|Matcha Gotcha|p1a: Garchomp|[spread] p1a,p1b\n|-resisted|p1b: Aegislash|1\n|-damage|p1a: Garchomp|0 fnt\n|-heal|p2b: Sinistcha|77/100|[from] drain|[of] p1a: Garchomp\n|-damage|p1b: Aegislash|90/100\n|-heal|p2b: Sinistcha|82/100|[from] drain|[of] p1b: Aegislash\n|faint|p1a: Garchomp\n|\n|upkeep\n|\n|t:|1775887106\n|switch|p1a: Rotom|Rotom-Wash, L50|95/100\n|turn|7\n|inactive|Cabin6 has 30 seconds left.\n|inactive|Cabin6 has 20 seconds left.\n|inactive|Cabin6 has 15 seconds left.\n|\n|t:|1775887146\n|move|p2b: Sinistcha|Rage Powder|p2b: Sinistcha\n|-singleturn|p2b: Sinistcha|move: Rage Powder\n|-formechange|p1b: Aegislash|Aegislash-Blade|\n|move|p1b: Aegislash|Shadow Sneak|p2b: Sinistcha\n|-supereffective|p2b: Sinistcha|1\n|-damage|p2b: Sinistcha|41/100\n|-enditem|p2b: Sinistcha|Sitrus Berry|[eat]\n|-heal|p2b: Sinistcha|66/100|[from] item: Sitrus Berry\n|move|p2a: Gurren lugun|High Horsepower|p1b: Aegislash\n|-supereffective|p1b: Aegislash|1\n|-damage|p1b: Aegislash|0 fnt\n|faint|p1b: Aegislash\n|move|p1a: Rotom|Thunderbolt|p2b: Sinistcha\n|-resisted|p2b: Sinistcha|1\n|-damage|p2b: Sinistcha|42/100\n|\n|upkeep\n|turn|8\n|\n|t:|1775887162\n|move|p2a: Gurren lugun|Iron Head|p1a: Rotom\n|-resisted|p1a: Rotom|2\n|-crit|p1a: Rotom\n|-damage|p1a: Rotom|76/100\n|move|p1a: Rotom|Hydro Pump|p2a: Gurren lugun\n|-supereffective|p2a: Gurren lugun|1\n|-damage|p2a: Gurren lugun|0 fnt\n|faint|p2a: Gurren lugun\n|move|p2b: Sinistcha|Matcha Gotcha|p1a: Rotom\n|-supereffective|p1a: Rotom|1\n|-damage|p1a: Rotom|0 fnt\n|-heal|p2b: Sinistcha|75/100|[from] drain|[of] p1a: Rotom\n|faint|p1a: Rotom\n|\n|win|Willthekid65934\n|raw|Cabin6's rating: 1121 &rarr; <strong>1095</strong><br />(-26 for losing)\n|raw|Willthekid65934's rating: 1112 &rarr; <strong>1138</strong><br />(+26 for winning)\n|l|\u2606Cabin6\n|player|p1|\n",
  "uploadtime": 1775887177,
  "views": 13,
  "formatid": "gen9championsvgc2026regma",
  "rating": 1095,
  "private": 0,
  "password": null
}