{
  "id": "gen9championsvgc2026regma-2587913366",
  "format": "[Gen 9 Champions] VGC 2026 Reg M-A",
  "players": [
    "rifou88",
    "shapy23"
  ],
  "log": "|j|\u2606rifou88\n|j|\u2606shapy23\n|t:|1776578230\n|gametype|doubles\n|player|p1|rifou88|brycen|1160\n|player|p2|shapy23|266|1084\n|gen|9\n|tier|[Gen 9 Champions] VGC 2026 Reg M-A\n|rated|\n|rule|Species Clause: Limit one of each Pok\u00e9mon\n|rule|Item Clause: Limit 1 of each item\n|clearpoke\n|poke|p1|Lucario, L50, M|\n|poke|p1|Aerodactyl, L50, M|\n|poke|p1|Gyarados, L50, F|\n|poke|p1|Garchomp, L50, F|\n|poke|p1|Altaria, L50, F|\n|poke|p1|Sinistcha, L50|\n|poke|p2|Gyarados, L50, M|\n|poke|p2|Dragapult, L50, F|\n|poke|p2|Sinistcha, L50|\n|poke|p2|Emboar, L50, F|\n|poke|p2|Floette-Eternal, L50, F|\n|poke|p2|Kingambit, L50, F|\n|teampreview|4\n|inactive|Battle timer is ON: inactive players will automatically lose when time's up. (requested by shapy23)\n|inactive|shapy23 has 60 seconds left.\n|\n|t:|1776578276\n|teamsize|p1|4\n|teamsize|p2|4\n|start\n|switch|p1a: Aerodactyl|Aerodactyl, L50, M|100/100\n|switch|p1b: Lucario|Lucario, L50, M|100/100\n|switch|p2a: Gyarados|Gyarados, L50, M|100/100\n|switch|p2b: Dragapult|Dragapult, L50, F|100/100\n|-ability|p1a: Aerodactyl|Pressure\n|-ability|p2a: Gyarados|Intimidate|boost\n|-unboost|p1a: Aerodactyl|atk|1\n|-unboost|p1b: Lucario|atk|1\n|turn|1\n|\n|t:|1776578297\n|switch|p1b: Gyarados|Gyarados, L50, F|100/100\n|-ability|p1b: Gyarados|Intimidate|boost\n|-unboost|p2a: Gyarados|atk|1\n|-fail|p2b: Dragapult|unboost|[from] ability: Clear Body|[of] p2b: Dragapult\n|move|p2b: Dragapult|Dragon Darts|p1a: Aerodactyl\n|-damage|p1a: Aerodactyl|58/100\n|-anim|p2b: Dragapult|Dragon Darts|p1b: Gyarados\n|-damage|p1b: Gyarados|70/100\n|move|p1a: Aerodactyl|Tailwind|p1a: Aerodactyl\n|-sidestart|p1: rifou88|move: Tailwind\n|move|p2a: Gyarados|Dragon Cheer|p2b: Dragapult\n|-start|p2b: Dragapult|move: Dragon Cheer\n|\n|upkeep\n|turn|2\n|\n|t:|1776578317\n|move|p2b: Dragapult|Protect|p2b: Dragapult\n|-singleturn|p2b: Dragapult|Protect\n|move|p1a: Aerodactyl|Rock Slide|p2a: Gyarados|[spread] p2a\n|-activate|p2b: Dragapult|move: Protect\n|-supereffective|p2a: Gyarados|1\n|-damage|p2a: Gyarados|66/100\n|move|p1b: Gyarados|Thunder Wave|p2b: Dragapult\n|-activate|p2b: Dragapult|move: Protect\n|move|p2a: Gyarados|Thunder Wave|p1a: Aerodactyl\n|-status|p1a: Aerodactyl|par\n|\n|-heal|p2a: Gyarados|72/100|[from] item: Leftovers\n|upkeep\n|turn|3\n|inactive|rifou88 has 30 seconds left.\n|inactive|shapy23 has 30 seconds left.\n|\n|t:|1776578345\n|move|p1b: Gyarados|Thunder Wave|p2b: Dragapult\n|-status|p2b: Dragapult|par\n|move|p1a: Aerodactyl|Taunt|p2a: Gyarados\n|-start|p2a: Gyarados|move: Taunt\n|cant|p2a: Gyarados|move: Taunt|Taunt\n|move|p2b: Dragapult|Phantom Force||[still]\n|-prepare|p2b: Dragapult|Phantom Force\n|\n|-heal|p2a: Gyarados|78/100|[from] item: Leftovers\n|upkeep\n|turn|4\n|\n|t:|1776578367\n|move|p1b: Gyarados|Power Whip|p2a: Gyarados\n|-damage|p2a: Gyarados|38/100\n|move|p1a: Aerodactyl|Rock Slide|p2a: Gyarados|[spread] p2a\n|-miss|p1a: Aerodactyl|p2b: Dragapult\n|-supereffective|p2a: Gyarados|1\n|-damage|p2a: Gyarados|8/100\n|move|p2a: Gyarados|Waterfall|p1a: Aerodactyl\n|-supereffective|p1a: Aerodactyl|1\n|-damage|p1a: Aerodactyl|0 fnt\n|faint|p1a: Aerodactyl\n|move|p2b: Dragapult|Phantom Force|p1b: Gyarados|[from] lockedmove\n|-crit|p1b: Gyarados\n|-damage|p1b: Gyarados|0 fnt\n|faint|p1b: Gyarados\n|\n|-heal|p2a: Gyarados|14/100|[from] item: Leftovers\n|-sideend|p1: rifou88|move: Tailwind\n|upkeep\n|\n|t:|1776578378\n|switch|p1a: Lucario|Lucario, L50, M|100/100\n|switch|p1b: Sinistcha|Sinistcha, L50|100/100\n|turn|5\n|inactive|shapy23 has 30 seconds left.\n|\n|t:|1776578408\n|switch|p2a: Sinistcha|Sinistcha, L50|100/100\n|detailschange|p1a: Lucario|Lucario-Mega, L50, M\n|-mega|p1a: Lucario|Lucario|Lucarionite\n|move|p1b: Sinistcha|Rage Powder|p1b: Sinistcha\n|-singleturn|p1b: Sinistcha|move: Rage Powder\n|move|p1a: Lucario|Meteor Mash|p2b: Dragapult\n|-damage|p2b: Dragapult|10/100 par\n|move|p2b: Dragapult|Psychic Fangs|p1b: Sinistcha\n|-crit|p1b: Sinistcha\n|-damage|p1b: Sinistcha|59/100\n|\n|upkeep\n|turn|6\n|inactive|rifou88 has 30 seconds left.\n|\n|t:|1776578436\n|move|p2a: Sinistcha|Rage Powder|p2a: Sinistcha\n|-singleturn|p2a: Sinistcha|move: Rage Powder\n|move|p1a: Lucario|Rock Slide|p2a: Sinistcha|[spread] p2a,p2b\n|-damage|p2a: Sinistcha|81/100\n|-damage|p2b: Dragapult|0 fnt\n|faint|p2b: Dragapult\n|move|p1b: Sinistcha|Shadow Ball|p2a: Sinistcha\n|-supereffective|p2a: Sinistcha|1\n|-crit|p2a: Sinistcha\n|-damage|p2a: Sinistcha|0 fnt\n|faint|p2a: Sinistcha\n|\n|upkeep\n|\n|t:|1776578444\n|switch|p2b: Floette|Floette-Eternal, L50, F|100/100\n|switch|p2a: Gyarados|Gyarados, L50, M|14/100\n|-ability|p2a: Gyarados|Intimidate|boost\n|-unboost|p1a: Lucario|atk|1\n|-unboost|p1b: Sinistcha|atk|1\n|turn|7\n|\n|t:|1776578456\n|detailschange|p2b: Floette|Floette-Mega, L50, F\n|-mega|p2b: Floette|Floette|Floettite\n|-ability|p2b: Floette|Fairy Aura\n|move|p1b: Sinistcha|Rage Powder|p1b: Sinistcha\n|-singleturn|p1b: Sinistcha|move: Rage Powder\n|move|p1a: Lucario|Meteor Mash|p2b: Floette\n|-supereffective|p2b: Floette|1\n|-damage|p2b: Floette|0 fnt\n|-boost|p1a: Lucario|atk|1\n|faint|p2b: Floette\n|move|p2a: Gyarados|Waterfall|p1b: Sinistcha\n|-resisted|p1b: Sinistcha|1\n|-damage|p1b: Sinistcha|40/100\n|-enditem|p1b: Sinistcha|Sitrus Berry|[eat]\n|-heal|p1b: Sinistcha|65/100|[from] item: Sitrus Berry\n|\n|-heal|p2a: Gyarados|20/100|[from] item: Leftovers\n|upkeep\n|turn|8\n|-message|shapy23 forfeited.\n|\n|win|rifou88\n|raw|rifou88's rating: 1160 &rarr; <strong>1180</strong><br />(+20 for winning)\n|raw|shapy23's rating: 1084 &rarr; <strong>1066</strong><br />(-18 for losing)\n|l|\u2606shapy23\n|player|p2|\n",
  "uploadtime": 1776578484,
  "views": 9,
  "formatid": "gen9championsvgc2026regma",
  "rating": 1066,
  "private": 0,
  "password": null
}