{
  "id": "gen9championsvgc2026regma-2586299378",
  "format": "[Gen 9 Champions] VGC 2026 Reg M-A",
  "players": [
    "Skoekelememe",
    "Pigcosmos"
  ],
  "log": "|j|\u2606Skoekelememe\n|j|\u2606Pigcosmos\n|t:|1776422808\n|gametype|doubles\n|player|p1|Skoekelememe|266|1150\n|player|p2|Pigcosmos|scientist-gen4|1058\n|gen|9\n|tier|[Gen 9 Champions] VGC 2026 Reg M-A\n|rated|\n|rule|Species Clause: Limit one of each Pok\u00e9mon\n|rule|Item Clause: Limit 1 of each item\n|clearpoke\n|poke|p1|Empoleon, L50, F|\n|poke|p1|Froslass, L50, F|\n|poke|p1|Delphox, L50, M|\n|poke|p1|Weavile, L50, M|\n|poke|p1|Reuniclus, L50, F|\n|poke|p1|Snorlax, L50, F|\n|poke|p2|Victreebel, L50, M|\n|poke|p2|Sableye, L50, M|\n|poke|p2|Forretress, L50, F|\n|poke|p2|Basculegion, L50, M|\n|poke|p2|Garganacl, L50, F|\n|poke|p2|Sharpedo, L50, M|\n|teampreview|4\n|inactive|Battle timer is ON: inactive players will automatically lose when time's up. (requested by Pigcosmos)\nSkoekelememe rejected open team sheets.\n|inactive|Skoekelememe has 60 seconds left.\n|inactive|Skoekelememe has 30 seconds left.\n|\n|t:|1776422872\n|teamsize|p1|4\n|teamsize|p2|4\n|start\n|switch|p1a: Snorlax|Snorlax, L50, F|100/100\n|switch|p1b: Delphox|Delphox, L50, M|100/100\n|switch|p2a: Vapor de frutas|Sableye, L50, M|100/100\n|switch|p2b: Tarja|Forretress, L50, F|100/100\n|turn|1\n|inactive|Skoekelememe has 30 seconds left.\n|inactive|Skoekelememe has 20 seconds left.\n|\n|t:|1776422909\n|detailschange|p1b: Delphox|Delphox-Mega, L50, M\n|-mega|p1b: Delphox|Delphox|Delphoxite\n|move|p2a: Vapor de frutas|Fake Out|p1b: Delphox\n|-damage|p1b: Delphox|89/100\n|cant|p1b: Delphox|flinch\n|move|p2b: Tarja|Stealth Rock|p1a: Snorlax\n|-sidestart|p1: Skoekelememe|move: Stealth Rock\n|move|p1a: Snorlax|Curse|p1a: Snorlax\n|-unboost|p1a: Snorlax|spe|1\n|-boost|p1a: Snorlax|atk|1\n|-boost|p1a: Snorlax|def|1\n|\n|upkeep\n|turn|2\n|inactive|Pigcosmos has 30 seconds left.\n|inactive|Pigcosmos has 20 seconds left.\n|inactive|Pigcosmos has 15 seconds left.\n|inactive|Pigcosmos has 10 seconds left.\n|-activate|p2b: Tarja|item: Quick Claw\n|\n|t:|1776422958\n|move|p2b: Tarja|Body Press|p1a: Snorlax\n|-supereffective|p1a: Snorlax|1\n|-damage|p1a: Snorlax|80/100\n|move|p1b: Delphox|Heat Wave|p2a: Vapor de frutas|[spread] p2a\n|-miss|p1b: Delphox|p2b: Tarja\n|-damage|p2a: Vapor de frutas|47/100\n|-enditem|p2a: Vapor de frutas|Sitrus Berry|[eat]\n|-heal|p2a: Vapor de frutas|72/100|[from] item: Sitrus Berry\n|move|p2a: Vapor de frutas|Foul Play|p1a: Snorlax\n|-damage|p1a: Snorlax|56/100\n|move|p1a: Snorlax|Crunch|p2b: Tarja\n|-damage|p2b: Tarja|74/100\n|\n|upkeep\n|turn|3\n|-activate|p2b: Tarja|item: Quick Claw\n|\n|t:|1776422981\n|move|p2b: Tarja|Protect|p2b: Tarja\n|-singleturn|p2b: Tarja|Protect\n|move|p1b: Delphox|Heat Wave|p2a: Vapor de frutas|[spread] p2a\n|-activate|p2b: Tarja|move: Protect\n|-damage|p2a: Vapor de frutas|25/100\n|move|p2a: Vapor de frutas|Foul Play|p1b: Delphox\n|-supereffective|p1b: Delphox|1\n|-damage|p1b: Delphox|18/100\n|move|p1a: Snorlax|Crunch|p2b: Tarja\n|-activate|p2b: Tarja|move: Protect\n|\n|upkeep\n|turn|4\n|inactive|Skoekelememe has 30 seconds left.\n|inactive|Pigcosmos has 30 seconds left.\n|-activate|p2b: Tarja|item: Quick Claw\n|\n|t:|1776423008\n|move|p2a: Vapor de frutas|Recover|p2a: Vapor de frutas\n|-heal|p2a: Vapor de frutas|76/100\n|move|p2b: Tarja|Body Press|p1b: Delphox\n|-resisted|p1b: Delphox|1\n|-damage|p1b: Delphox|0 fnt\n|faint|p1b: Delphox\n|move|p1a: Snorlax|Crunch|p2b: Tarja\n|-damage|p2b: Tarja|46/100\n|\n|upkeep\n|c|\u2606Skoekelememe|gg\n|\n|t:|1776423019\n|switch|p1b: Reuniclus|Reuniclus, L50, F|100/100\n|-damage|p1b: Reuniclus|88/100|[from] Stealth Rock\n|turn|5\n|c|\u2606Skoekelememe|this shit is ridicilous\n|\n|t:|1776423042\n|move|p2a: Vapor de frutas|Foul Play|p1b: Reuniclus\n|-supereffective|p1b: Reuniclus|1\n|-damage|p1b: Reuniclus|49/100\n|move|p2b: Tarja|Hard Press|p1b: Reuniclus\n|-damage|p1b: Reuniclus|29/100\n|move|p1b: Reuniclus|Energy Ball|p2a: Vapor de frutas\n|-damage|p2a: Vapor de frutas|45/100\n|move|p1a: Snorlax|Body Press|p2b: Tarja\n|-damage|p2b: Tarja|19/100\n|\n|upkeep\n|turn|6\n|-activate|p2b: Tarja|item: Quick Claw\n|\n|t:|1776423059\n|move|p2b: Tarja|Protect|p2b: Tarja\n|-singleturn|p2b: Tarja|Protect\n|move|p1b: Reuniclus|Ally Switch|p1b: Reuniclus\n|swap|p1b: Reuniclus|0|[from] move: Ally Switch\n|move|p2a: Vapor de frutas|Recover|p2a: Vapor de frutas\n|-heal|p2a: Vapor de frutas|95/100\n|move|p1b: Snorlax|Curse|p1b: Snorlax\n|-unboost|p1b: Snorlax|spe|1\n|-boost|p1b: Snorlax|atk|1\n|-boost|p1b: Snorlax|def|1\n|\n|upkeep\n|turn|7\n|\n|t:|1776423082\n|move|p2a: Vapor de frutas|Foul Play|p1a: Reuniclus\n|-supereffective|p1a: Reuniclus|1\n|-damage|p1a: Reuniclus|0 fnt\n|faint|p1a: Reuniclus\n|move|p2b: Tarja|Body Press|p1b: Snorlax\n|-supereffective|p1b: Snorlax|1\n|-damage|p1b: Snorlax|41/100\n|move|p1b: Snorlax|Rest|p1b: Snorlax\n|-status|p1b: Snorlax|slp|[from] move: Rest\n|-heal|p1b: Snorlax|100/100 slp|[silent]\n|-enditem|p1b: Snorlax|Chesto Berry|[eat]\n|-curestatus|p1b: Snorlax|slp|[msg]\n|\n|upkeep\n|\n|t:|1776423095\n|switch|p1a: Weavile|Weavile, L50, M|100/100\n|-damage|p1a: Weavile|76/100|[from] Stealth Rock\n|-ability|p1a: Weavile|Pressure\n|turn|8\n|\n|t:|1776423108\n|move|p1a: Weavile|Knock Off|p2a: Vapor de frutas\n|-damage|p2a: Vapor de frutas|53/100\n|move|p2a: Vapor de frutas|Foul Play|p1a: Weavile\n|-resisted|p1a: Weavile|1\n|-damage|p1a: Weavile|33/100\n|move|p2b: Tarja|Body Press|p1a: Weavile\n|-supereffective|p1a: Weavile|2\n|-damage|p1a: Weavile|0 fnt\n|faint|p1a: Weavile\n|move|p1b: Snorlax|Body Press|p2b: Tarja\n|-damage|p2b: Tarja|0 fnt\n|faint|p2b: Tarja\n|\n|upkeep\n|c|\u2606Skoekelememe|bro I cant lie\n|\n|t:|1776423121\n|switch|p2b: Refluxonildo|Victreebel, L50, M|100/100\n|turn|9\n|c|\u2606Skoekelememe|If i ever run into you again its wraps\n|\n|t:|1776423130\n|detailschange|p2b: Refluxonildo|Victreebel-Mega, L50, M\n|-mega|p2b: Refluxonildo|Victreebel|Victreebelite\n|move|p2a: Vapor de frutas|Recover|p2a: Vapor de frutas\n|-heal|p2a: Vapor de frutas|100/100\n|move|p2b: Refluxonildo|Toxic|p1b: Snorlax\n|-status|p1b: Snorlax|tox\n|move|p1b: Snorlax|Crunch|p2a: Vapor de frutas\n|-damage|p2a: Vapor de frutas|54/100\n|\n|-damage|p1b: Snorlax|95/100 tox|[from] psn\n|upkeep\n|turn|10\n|c|\u2606Skoekelememe|and you know that\n|-message|Skoekelememe forfeited.\n|\n|win|Pigcosmos\n|raw|Skoekelememe's rating: 1150 &rarr; <strong>1119</strong><br />(-31 for losing)\n|raw|Pigcosmos's rating: 1058 &rarr; <strong>1097</strong><br />(+39 for winning)\n|l|\u2606Skoekelememe\n|player|p1|\n",
  "uploadtime": 1776423261,
  "views": 24,
  "formatid": "gen9championsvgc2026regma",
  "rating": 1097,
  "private": 0,
  "password": null
}