{
  "id": "gen9championsvgc2026regma-2588861356",
  "format": "[Gen 9 Champions] VGC 2026 Reg M-A",
  "players": [
    "rpm16",
    "Yamh"
  ],
  "log": "|j|\u2606rpm16\n|j|\u2606Yamh\n|t:|1776679686\n|gametype|doubles\n|player|p1|rpm16|nate|1378\n|player|p2|Yamh|darach-caitlin|1439\n|gen|9\n|tier|[Gen 9 Champions] VGC 2026 Reg M-A\n|rated|\n|rule|Species Clause: Limit one of each Pok\u00e9mon\n|rule|Item Clause: Limit 1 of each item\n|clearpoke\n|poke|p1|Incineroar, L50, M|\n|poke|p1|Corviknight, L50, F|\n|poke|p1|Garchomp, L50, F|\n|poke|p1|Floette-Eternal, L50, F|\n|poke|p1|Sneasler, L50, F|\n|poke|p1|Sinistcha, L50|\n|poke|p2|Sneasler, L50, F|\n|poke|p2|Kingambit, L50, F|\n|poke|p2|Milotic, L50, F|\n|poke|p2|Basculegion, L50, M|\n|poke|p2|Aerodactyl, L50, F|\n|poke|p2|Floette-Eternal, L50, F|\n|teampreview|4\n|j| kirusaya\n|inactive|Battle timer is ON: inactive players will automatically lose when time's up. (requested by Yamh)\n|\n|t:|1776679712\n|teamsize|p1|4\n|teamsize|p2|4\n|start\n|switch|p1a: Sinistcha|Sinistcha, L50|100/100\n|switch|p1b: Floette|Floette-Eternal, L50, F|100/100\n|switch|p2a: Solid Snake|Milotic, L50, F|100/100\n|switch|p2b: Reptilia|Aerodactyl, L50, F|100/100\n|-ability|p2b: Reptilia|Unnerve\n|turn|1\n|\n|t:|1776679728\n|detailschange|p1b: Floette|Floette-Mega, L50, F\n|-mega|p1b: Floette|Floette|Floettite\n|-ability|p1b: Floette|Fairy Aura\n|move|p2a: Solid Snake|Protect|p2a: Solid Snake\n|-singleturn|p2a: Solid Snake|Protect\n|move|p2b: Reptilia|Tailwind|p2b: Reptilia\n|-sidestart|p2: Yamh|move: Tailwind\n|move|p1b: Floette|Calm Mind|p1b: Floette\n|-boost|p1b: Floette|spa|1\n|-boost|p1b: Floette|spd|1\n|move|p1a: Sinistcha|Matcha Gotcha|p2b: Reptilia|[spread] p2b\n|-activate|p2a: Solid Snake|move: Protect\n|-damage|p2b: Reptilia|64/100\n|-status|p2b: Reptilia|brn\n|\n|-damage|p2b: Reptilia|58/100 brn|[from] brn\n|upkeep\n|turn|2\n|\n|t:|1776679749\n|move|p1a: Sinistcha|Protect|p1a: Sinistcha\n|-singleturn|p1a: Sinistcha|Protect\n|move|p2b: Reptilia|Dual Wingbeat|p1a: Sinistcha\n|-activate|p1a: Sinistcha|move: Protect\n|move|p2a: Solid Snake|Ice Beam|p1a: Sinistcha\n|-activate|p1a: Sinistcha|move: Protect\n|move|p1b: Floette|Moonblast|p2b: Reptilia\n|-damage|p2b: Reptilia|0 fnt\n|faint|p2b: Reptilia\n|\n|upkeep\n|\n|t:|1776679760\n|switch|p2b: \u660e\u661f\u30d2\u30de\u30ea|Floette-Eternal, L50, F|100/100\n|turn|3\n|\n|t:|1776679773\n|detailschange|p2b: \u660e\u661f\u30d2\u30de\u30ea|Floette-Mega, L50, F\n|-mega|p2b: \u660e\u661f\u30d2\u30de\u30ea|Floette|Floettite\n|-ability|p2b: \u660e\u661f\u30d2\u30de\u30ea|Fairy Aura\n|move|p2b: \u660e\u661f\u30d2\u30de\u30ea|Moonblast|p1a: Sinistcha\n|-damage|p1a: Sinistcha|26/100\n|-enditem|p1a: Sinistcha|Sitrus Berry|[eat]\n|-heal|p1a: Sinistcha|50/100|[from] item: Sitrus Berry\n|move|p2a: Solid Snake|Ice Beam|p1a: Sinistcha\n|-supereffective|p1a: Sinistcha|1\n|-damage|p1a: Sinistcha|11/100\n|move|p1b: Floette|Moonblast|p2b: \u660e\u661f\u30d2\u30de\u30ea\n|-damage|p2b: \u660e\u661f\u30d2\u30de\u30ea|15/100\n|-unboost|p2b: \u660e\u661f\u30d2\u30de\u30ea|spa|1\n|move|p1a: Sinistcha|Matcha Gotcha|p2a: Solid Snake|[spread] p2a,p2b\n|-supereffective|p2a: Solid Snake|1\n|-damage|p2a: Solid Snake|74/100\n|-heal|p1a: Sinistcha|26/100|[from] drain|[of] p2a: Solid Snake\n|-damage|p2b: \u660e\u661f\u30d2\u30de\u30ea|0 fnt\n|-heal|p1a: Sinistcha|33/100|[from] drain|[of] p2b: \u660e\u661f\u30d2\u30de\u30ea\n|faint|p2b: \u660e\u661f\u30d2\u30de\u30ea\n|\n|-heal|p2a: Solid Snake|80/100|[from] item: Leftovers\n|upkeep\n|\n|t:|1776679790\n|switch|p2b: Greta|Basculegion, L50, M|100/100\n|turn|4\n|\n|t:|1776679800\n|move|p1a: Sinistcha|Protect|p1a: Sinistcha\n|-singleturn|p1a: Sinistcha|Protect\n|move|p2b: Greta|Last Respects|p1b: Floette\n|-damage|p1b: Floette|0 fnt\n|faint|p1b: Floette\n|move|p2a: Solid Snake|Ice Beam|p1a: Sinistcha\n|-activate|p1a: Sinistcha|move: Protect\n|\n|-heal|p2a: Solid Snake|86/100|[from] item: Leftovers\n|-sideend|p2: Yamh|move: Tailwind\n|upkeep\n|\n|t:|1776679809\n|switch|p1b: Sneasler|Sneasler, L50, F|100/100\n|-ability|p1b: Sneasler|Pressure\n|turn|5\n|\n|t:|1776679822\n|switch|p1a: Corviknight|Corviknight, L50, F|100/100\n|move|p2a: Solid Snake|Protect|p2a: Solid Snake\n|-singleturn|p2a: Solid Snake|Protect\n|move|p2b: Greta|Last Respects|p1a: Corviknight\n|-crit|p1a: Corviknight\n|-damage|p1a: Corviknight|0 fnt\n|faint|p1a: Corviknight\n|move|p1b: Sneasler|Close Combat|p2a: Solid Snake\n|-activate|p2a: Solid Snake|move: Protect\n|\n|-heal|p2a: Solid Snake|92/100|[from] item: Leftovers\n|upkeep\n|\n|t:|1776679825\n|switch|p1a: Sinistcha|Sinistcha, L50|33/100\n|turn|6\n|inactive|Yamh has 30 seconds left.\n|\n|t:|1776679852\n|move|p2b: Greta|Last Respects|p1b: Sneasler\n|-enditem|p1b: Sneasler|Focus Sash\n|-damage|p1b: Sneasler|1/100\n|move|p1b: Sneasler|Close Combat|p2a: Solid Snake\n|-damage|p2a: Solid Snake|17/100\n|-unboost|p1b: Sneasler|def|1\n|-unboost|p1b: Sneasler|spd|1\n|move|p2a: Solid Snake|Ice Beam|p1a: Sinistcha\n|-supereffective|p1a: Sinistcha|1\n|-damage|p1a: Sinistcha|0 fnt\n|faint|p1a: Sinistcha\n|\n|-heal|p2a: Solid Snake|23/100|[from] item: Leftovers\n|upkeep\n|turn|7\n|\n|t:|1776679867\n|move|p2b: Greta|Last Respects|p1b: Sneasler\n|-damage|p1b: Sneasler|0 fnt\n|faint|p1b: Sneasler\n|\n|win|Yamh\n|raw|rpm16's rating: 1378 &rarr; <strong>1361</strong><br />(-17 for losing)\n|raw|Yamh's rating: 1439 &rarr; <strong>1456</strong><br />(+17 for winning)\n|l|\u2606rpm16\n|player|p1|\n",
  "uploadtime": 1776679874,
  "views": 11,
  "formatid": "gen9championsvgc2026regma",
  "rating": 1361,
  "private": 0,
  "password": null
}