{
  "id": "gen9championsvgc2026regma-2586164338",
  "format": "[Gen 9 Champions] VGC 2026 Reg M-A",
  "players": [
    "Hades_72",
    "jfreson"
  ],
  "log": "|j|\u2606Hades_72\n|j|\u2606jfreson\n|t:|1776407184\n|gametype|doubles\n|player|p1|Hades_72|ghetsis|1091\n|player|p2|jfreson|ghetsis-gen5bw|1072\n|gen|9\n|tier|[Gen 9 Champions] VGC 2026 Reg M-A\n|rated|\n|rule|Species Clause: Limit one of each Pok\u00e9mon\n|rule|Item Clause: Limit 1 of each item\n|clearpoke\n|poke|p1|Froslass, L50, F|\n|poke|p1|Greninja-*, L50, M|\n|poke|p1|Sneasler, L50, M|\n|poke|p1|Sinistcha-Masterpiece, L50|\n|poke|p1|Tyranitar, L50, M|\n|poke|p1|Kingambit, L50, M|\n|poke|p2|Hawlucha, L50, F|\n|poke|p2|Snorlax, L50, F|\n|poke|p2|Incineroar, L50, M|\n|poke|p2|Glimmora, L50, F|\n|poke|p2|Sinistcha, L50|\n|poke|p2|Rotom-Wash, L50|\n|teampreview|4\n|inactive|Battle timer is ON: inactive players will automatically lose when time's up. (requested by jfreson)\njfreson rejected open team sheets.\n|inactive|Hades_72 has 60 seconds left.\n|inactive|Hades_72 has 30 seconds left.\n|\n|t:|1776407252\n|teamsize|p1|4\n|teamsize|p2|4\n|start\n|switch|p1a: Tyranitar|Tyranitar, L50, M|100/100\n|switch|p1b: Sneasler|Sneasler, L50, M|100/100\n|switch|p2a: Incineroar|Incineroar, L50, M|100/100\n|switch|p2b: Snorlax|Snorlax, L50, F|100/100\n|-weather|Sandstorm|[from] ability: Sand Stream|[of] p1a: Tyranitar\n|-ability|p2a: Incineroar|Intimidate|boost\n|-unboost|p1a: Tyranitar|atk|1\n|-unboost|p1b: Sneasler|atk|1\n|turn|1\n|inactive|Hades_72 has 30 seconds left.\n|\n|t:|1776407282\n|detailschange|p1a: Tyranitar|Tyranitar-Mega, L50, M\n|-mega|p1a: Tyranitar|Tyranitar|Tyranitarite\n|move|p1b: Sneasler|Fake Out|p2a: Incineroar\n|-damage|p2a: Incineroar|92/100\n|cant|p2a: Incineroar|flinch\n|move|p1a: Tyranitar|Rock Slide|p2a: Incineroar|[spread] p2a,p2b\n|-supereffective|p2a: Incineroar|1\n|-damage|p2a: Incineroar|52/100\n|-damage|p2b: Snorlax|86/100\n|move|p2b: Snorlax|Fissure|p1b: Sneasler\n|-enditem|p1b: Sneasler|Focus Sash\n|-damage|p1b: Sneasler|1/100\n|\n|-weather|Sandstorm|[upkeep]\n|-damage|p1b: Sneasler|0 fnt|[from] Sandstorm\n|-damage|p2a: Incineroar|46/100|[from] Sandstorm\n|-damage|p2b: Snorlax|80/100|[from] Sandstorm\n|faint|p1b: Sneasler\n|-heal|p2b: Snorlax|86/100|[from] item: Leftovers\n|upkeep\n|inactive|Hades_72 has 30 seconds left.\n|\n|t:|1776407311\n|switch|p1b: Sinistcha|Sinistcha-Masterpiece, L50|100/100\n|turn|2\n|\n|t:|1776407330\n|move|p2b: Snorlax|Protect|p2b: Snorlax\n|-singleturn|p2b: Snorlax|Protect\n|move|p1a: Tyranitar|Knock Off|p2b: Snorlax\n|-activate|p2b: Snorlax|move: Protect\n|move|p1b: Sinistcha|Matcha Gotcha|p2a: Incineroar|[spread] p2a\n|-activate|p2b: Snorlax|move: Protect\n|-resisted|p2a: Incineroar|1\n|-damage|p2a: Incineroar|35/100\n|move|p2a: Incineroar|Parting Shot|p1a: Tyranitar\n|-unboost|p1a: Tyranitar|atk|1\n|-unboost|p1a: Tyranitar|spa|1\n|\n|t:|1776407342\n|switch|p2a: Hawlucha|Hawlucha, L50, F|100/100|[from] Parting Shot\n|\n|-weather|Sandstorm|[upkeep]\n|-damage|p2a: Hawlucha|94/100|[from] Sandstorm\n|-damage|p1b: Sinistcha|94/100|[from] Sandstorm\n|-damage|p2b: Snorlax|80/100|[from] Sandstorm\n|-heal|p1b: Sinistcha|100/100|[from] item: Leftovers\n|-heal|p2b: Snorlax|86/100|[from] item: Leftovers\n|upkeep\n|turn|3\n|\n|t:|1776407364\n|detailschange|p2a: Hawlucha|Hawlucha-Mega, L50, F\n|-mega|p2a: Hawlucha|Hawlucha|Hawluchanite\n|move|p2a: Hawlucha|Entrainment|p2b: Snorlax\n|-ability|p2b: Snorlax|No Guard|Thick Fat|[from] move: Entrainment|[of] p2a: Hawlucha\n|move|p1a: Tyranitar|Rock Slide|p2a: Hawlucha|[spread] p2a,p2b\n|-damage|p2a: Hawlucha|76/100\n|-damage|p2b: Snorlax|73/100\n|move|p1b: Sinistcha|Strength Sap|p2a: Hawlucha\n|-unboost|p2a: Hawlucha|atk|1\n|move|p2b: Snorlax|Fissure|p1a: Tyranitar\n|-damage|p1a: Tyranitar|0 fnt\n|faint|p1a: Tyranitar\n|-ohko\n|\n|-weather|Sandstorm|[upkeep]\n|-damage|p2a: Hawlucha|70/100|[from] Sandstorm\n|-damage|p1b: Sinistcha|94/100|[from] Sandstorm\n|-damage|p2b: Snorlax|67/100|[from] Sandstorm\n|-heal|p1b: Sinistcha|100/100|[from] item: Leftovers\n|-heal|p2b: Snorlax|73/100|[from] item: Leftovers\n|upkeep\n|\n|t:|1776407385\n|switch|p1a: Kingambit|Kingambit, L50, M|100/100\n|turn|4\n|\n|t:|1776407395\n|move|p2b: Snorlax|Protect|p2b: Snorlax\n|-singleturn|p2b: Snorlax|Protect\n|move|p2a: Hawlucha|Close Combat|p1a: Kingambit\n|-supereffective|p1a: Kingambit|2\n|-enditem|p1a: Kingambit|Chople Berry|[eat]\n|-enditem|p1a: Kingambit|Chople Berry|[weaken]\n|-damage|p1a: Kingambit|42/100\n|-unboost|p2a: Hawlucha|def|1\n|-unboost|p2a: Hawlucha|spd|1\n|move|p1b: Sinistcha|Matcha Gotcha|p2b: Snorlax|[spread] p2a\n|-activate|p2b: Snorlax|move: Protect\n|-resisted|p2a: Hawlucha|1\n|-damage|p2a: Hawlucha|48/100\n|move|p1a: Kingambit|Iron Head|p2b: Snorlax\n|-activate|p2b: Snorlax|move: Protect\n|\n|-weather|Sandstorm|[upkeep]\n|-damage|p2a: Hawlucha|42/100|[from] Sandstorm\n|-damage|p1b: Sinistcha|94/100|[from] Sandstorm\n|-damage|p2b: Snorlax|67/100|[from] Sandstorm\n|-heal|p1b: Sinistcha|100/100|[from] item: Leftovers\n|-heal|p2b: Snorlax|73/100|[from] item: Leftovers\n|upkeep\n|turn|5\n|inactive|Hades_72 has 30 seconds left.\n|\n|t:|1776407422\n|move|p2a: Hawlucha|Close Combat|p1a: Kingambit\n|-supereffective|p1a: Kingambit|2\n|-damage|p1a: Kingambit|0 fnt\n|-unboost|p2a: Hawlucha|def|1\n|-unboost|p2a: Hawlucha|spd|1\n|faint|p1a: Kingambit\n|move|p1b: Sinistcha|Matcha Gotcha|p2a: Hawlucha|[spread] p2a,p2b\n|-resisted|p2a: Hawlucha|1\n|-damage|p2a: Hawlucha|12/100\n|-damage|p2b: Snorlax|54/100\n|-status|p2b: Snorlax|brn\n|move|p2b: Snorlax|Fissure|p1b: Sinistcha\n|-damage|p1b: Sinistcha|0 fnt\n|faint|p1b: Sinistcha\n|-ohko\n|\n|win|jfreson\n|raw|Hades_72's rating: 1091 &rarr; <strong>1066</strong><br />(-25 for losing)\n|raw|jfreson's rating: 1072 &rarr; <strong>1103</strong><br />(+31 for winning)\n|c|\u2606jfreson|gg\n",
  "uploadtime": 1776407450,
  "views": 20,
  "formatid": "gen9championsvgc2026regma",
  "rating": 1066,
  "private": 0,
  "password": null
}