{
  "id": "gen9championsvgc2026regma-2583456737",
  "format": "[Gen 9 Champions] VGC 2026 Reg M-A",
  "players": [
    "Juytre",
    "suibiandajiba"
  ],
  "log": "|j|\u2606Juytre\n|j|\u2606suibiandajiba\n|t:|1776176854\n|gametype|doubles\n|player|p1|Juytre|roxie-masters|1538\n|player|p2|suibiandajiba|hilbert|1475\n|gen|9\n|tier|[Gen 9 Champions] VGC 2026 Reg M-A\n|rated|\n|rule|Species Clause: Limit one of each Pok\u00e9mon\n|rule|Item Clause: Limit 1 of each item\n|clearpoke\n|poke|p1|Floette-Eternal, L50, F|\n|poke|p1|Pelipper, L50, F|\n|poke|p1|Basculegion, L50, M|\n|poke|p1|Archaludon, L50, F|\n|poke|p1|Kingambit, L50, M|\n|poke|p1|Sneasler, L50, M|\n|poke|p2|Gardevoir, L50, F|\n|poke|p2|Incineroar, L50, M|\n|poke|p2|Rotom-Wash, L50|\n|poke|p2|Garchomp, L50, M|\n|poke|p2|Corviknight, L50, M|\n|poke|p2|Sinistcha, L50|\n|teampreview|4\n|\n|t:|1776176880\n|teamsize|p1|4\n|teamsize|p2|4\n|start\n|switch|p1a: Floette|Floette-Eternal, L50, F|100/100\n|switch|p1b: Sneasler|Sneasler, L50, M|100/100\n|switch|p2a: Rotom|Rotom-Wash, L50|100/100\n|switch|p2b: Garchomp|Garchomp, L50, M|100/100\n|turn|1\n|\n|t:|1776176892\n|detailschange|p1a: Floette|Floette-Mega, L50, F\n|-mega|p1a: Floette|Floette|Floettite\n|-ability|p1a: Floette|Fairy Aura\n|move|p1b: Sneasler|Fake Out|p2a: Rotom\n|-damage|p2a: Rotom|82/100\n|cant|p2a: Rotom|flinch\n|move|p1a: Floette|Dazzling Gleam|p2a: Rotom|[spread] p2a,p2b\n|-supereffective|p2b: Garchomp|1\n|-damage|p2a: Rotom|22/100\n|-damage|p2b: Garchomp|0 fnt\n|faint|p2b: Garchomp\n|\n|upkeep\n|j| sileshar\n|\n|t:|1776176911\n|switch|p2b: Sinistcha|Sinistcha, L50|100/100\n|-heal|p2a: Rotom|46/100|[from] ability: Hospitality|[of] p2b: Sinistcha\n|turn|2\n|\n|t:|1776176918\n|move|p2a: Rotom|Eerie Impulse|p1a: Floette\n|-unboost|p1a: Floette|spa|2\n|move|p1b: Sneasler|Dire Claw|p2b: Sinistcha\n|-damage|p2b: Sinistcha|70/100\n|move|p1a: Floette|Dazzling Gleam|p2a: Rotom|[spread] p2a,p2b\n|-damage|p2a: Rotom|18/100\n|-damage|p2b: Sinistcha|44/100\n|-enditem|p2b: Sinistcha|Sitrus Berry|[eat]\n|-heal|p2b: Sinistcha|69/100|[from] item: Sitrus Berry\n|move|p2b: Sinistcha|Trick Room|p2b: Sinistcha\n|-fieldstart|move: Trick Room|[of] p2b: Sinistcha\n|\n|upkeep\n|turn|3\n|\n|t:|1776176931\n|switch|p2a: Forever Queen|Gardevoir, L50, F, shiny|100/100\n|-ability|p2a: Forever Queen|Unburden|Trace|[from] ability: Trace|[of] p1b: Sneasler\n|move|p2b: Sinistcha|Life Dew||[still]|[spread] p2a,p2b\n|-fail|p2a: Forever Queen|heal\n|-heal|p2b: Sinistcha|94/100\n|move|p1a: Floette|Dazzling Gleam|p2b: Sinistcha|[spread] p2a,p2b\n|-damage|p2a: Forever Queen|82/100\n|-damage|p2b: Sinistcha|68/100\n|move|p1b: Sneasler|Dire Claw|p2b: Sinistcha\n|-damage|p2b: Sinistcha|38/100\n|\n|upkeep\n|turn|4\n|j| AlbinoShinyWooloo\n|\n|t:|1776176946\n|switch|p1b: Pelipper|Pelipper, L50, F|100/100\n|-weather|RainDance|[from] ability: Drizzle|[of] p1b: Pelipper\n|detailschange|p2a: Forever Queen|Gardevoir-Mega, L50, F, shiny\n|-mega|p2a: Forever Queen|Gardevoir|Gardevoirite\n|move|p2b: Sinistcha|Matcha Gotcha|p1b: Pelipper|[spread] p1a,p1b\n|-damage|p1a: Floette|81/100\n|-heal|p2b: Sinistcha|47/100|[from] drain|[of] p1a: Floette\n|-damage|p1b: Pelipper|64/100\n|-heal|p2b: Sinistcha|65/100|[from] drain|[of] p1b: Pelipper\n|move|p2a: Forever Queen|Hyper Voice|p1a: Floette|[spread] p1a,p1b\n|-damage|p1a: Floette|19/100\n|-damage|p1b: Pelipper|0 fnt\n|faint|p1b: Pelipper\n|move|p1a: Floette|Calm Mind|p1a: Floette\n|-boost|p1a: Floette|spa|1\n|-boost|p1a: Floette|spd|1\n|\n|-weather|RainDance|[upkeep]\n|upkeep\n|\n|t:|1776176951\n|switch|p1b: Sneasler|Sneasler, L50, M|100/100\n|turn|5\n|\n|t:|1776176975\n|move|p1b: Sneasler|Fake Out|p2a: Forever Queen\n|-damage|p2a: Forever Queen|60/100\n|move|p2b: Sinistcha|Matcha Gotcha|p1a: Floette|[spread] p1a,p1b\n|-resisted|p1b: Sneasler|1\n|-damage|p1a: Floette|5/100\n|-heal|p2b: Sinistcha|71/100|[from] drain|[of] p1a: Floette\n|-damage|p1b: Sneasler|85/100\n|-heal|p2b: Sinistcha|78/100|[from] drain|[of] p1b: Sneasler\n|cant|p2a: Forever Queen|flinch\n|move|p1a: Floette|Calm Mind|p1a: Floette\n|-boost|p1a: Floette|spa|1\n|-boost|p1a: Floette|spd|1\n|\n|-weather|RainDance|[upkeep]\n|upkeep\n|turn|6\n|\n|t:|1776177002\n|switch|p2b: Rotom|Rotom-Wash, L50|18/100\n|move|p1a: Floette|Protect|p1a: Floette\n|-singleturn|p1a: Floette|Protect\n|move|p1b: Sneasler|Protect|p1b: Sneasler\n|-singleturn|p1b: Sneasler|Protect\n|move|p2a: Forever Queen|Hyper Voice|p1a: Floette|[spread] \n|-activate|p1a: Floette|move: Protect\n|-activate|p1b: Sneasler|move: Protect\n|\n|-weather|RainDance|[upkeep]\n|-fieldend|move: Trick Room\n|upkeep\n|turn|7\n|\n|t:|1776177034\n|move|p2b: Rotom|Hydro Pump|p1b: Sneasler\n|-damage|p1b: Sneasler|0 fnt\n|faint|p1b: Sneasler\n|move|p1a: Floette|Dazzling Gleam|p2b: Rotom|[spread] p2a,p2b\n|-damage|p2a: Forever Queen|27/100\n|-damage|p2b: Rotom|0 fnt\n|faint|p2b: Rotom\n|move|p2a: Forever Queen|Hyper Voice|p1a: Floette\n|-damage|p1a: Floette|0 fnt\n|faint|p1a: Floette\n|\n|-weather|RainDance|[upkeep]\n|upkeep\n|\n|t:|1776177039\n|switch|p1b: Archaludon|Archaludon, L50, F|100/100\n|switch|p2b: Sinistcha|Sinistcha, L50|78/100\n|-heal|p2a: Forever Queen|52/100|[from] ability: Hospitality|[of] p2b: Sinistcha\n|turn|8\n|\n|t:|1776177045\n|move|p2b: Sinistcha|Rage Powder|p2b: Sinistcha\n|-singleturn|p2b: Sinistcha|move: Rage Powder\n|move|p2a: Forever Queen|Calm Mind|p2a: Forever Queen\n|-boost|p2a: Forever Queen|spa|1\n|-boost|p2a: Forever Queen|spd|1\n|move|p1b: Archaludon|Electro Shot||[still]\n|-prepare|p1b: Archaludon|Electro Shot\n|-boost|p1b: Archaludon|spa|1\n|-anim|p1b: Archaludon|Electro Shot|p2b: Sinistcha\n|-resisted|p2b: Sinistcha|1\n|-damage|p2b: Sinistcha|41/100\n|\n|-weather|none\n|upkeep\n|turn|9\n|-message|Juytre forfeited.\n|\n|win|suibiandajiba\n|raw|Juytre's rating: 1538 &rarr; <strong>1514</strong><br />(-24 for losing)\n|raw|suibiandajiba's rating: 1475 &rarr; <strong>1499</strong><br />(+24 for winning)\n|l|\u2606Juytre\n|player|p1|\n",
  "uploadtime": 1776177057,
  "views": 61,
  "formatid": "gen9championsvgc2026regma",
  "rating": 1499,
  "private": 0,
  "password": null
}