{
  "id": "gen9championsvgc2026regma-2587381449",
  "format": "[Gen 9 Champions] VGC 2026 Reg M-A",
  "players": [
    "ReVeRBaSS",
    "asd2za2"
  ],
  "log": "|j|\u2606ReVeRBaSS\n|j|\u2606asd2za2\n|t:|1776527073\n|gametype|doubles\n|player|p1|ReVeRBaSS|blue|1211\n|player|p2|asd2za2|170|1217\n|gen|9\n|tier|[Gen 9 Champions] VGC 2026 Reg M-A\n|rated|\n|rule|Species Clause: Limit one of each Pok\u00e9mon\n|rule|Item Clause: Limit 1 of each item\n|clearpoke\n|poke|p1|Gyarados, L50, M, shiny|\n|poke|p1|Ninetales-Alola, L50, F|\n|poke|p1|Ceruledge, L50, M|\n|poke|p1|Sneasler, L50, M|\n|poke|p1|Garchomp, L50, M|\n|poke|p1|Scizor, L50, M|\n|poke|p2|Tyranitar, L50, M, shiny|\n|poke|p2|Excadrill, L50, M|\n|poke|p2|Incineroar, L50, M, shiny|\n|poke|p2|Corviknight, L50, M, shiny|\n|poke|p2|Sinistcha, L50|\n|poke|p2|Milotic, L50, F|\n|teampreview|4\n|inactive|Battle timer is ON: inactive players will automatically lose when time's up. (requested by asd2za2)\nasd2za2 has agreed to open team sheets.\n|\n|t:|1776527124\n|teamsize|p1|4\n|teamsize|p2|4\n|start\n|switch|p1a: Sneasler|Sneasler, L50, M|100/100\n|switch|p1b: Garchomp|Garchomp, L50, M|100/100\n|switch|p2a: Tyranitar|Tyranitar, L50, M, shiny|100/100\n|switch|p2b: Sinistcha|Sinistcha, L50|100/100\n|-weather|Sandstorm|[from] ability: Sand Stream|[of] p2a: Tyranitar\n|turn|1\n|inactive|ReVeRBaSS has 30 seconds left.\n|\n|t:|1776527158\n|move|p2a: Tyranitar|Protect|p2a: Tyranitar\n|-singleturn|p2a: Tyranitar|Protect\n|move|p1b: Garchomp|Dragon Claw|p2b: Sinistcha\n|-damage|p2b: Sinistcha|66/100\n|move|p1a: Sneasler|Close Combat|p2a: Tyranitar\n|-activate|p2a: Tyranitar|move: Protect\n|move|p2b: Sinistcha|Trick Room|p2b: Sinistcha\n|-fieldstart|move: Trick Room|[of] p2b: Sinistcha\n|\n|-weather|Sandstorm|[upkeep]\n|-damage|p2b: Sinistcha|60/100|[from] Sandstorm\n|-damage|p1a: Sneasler|94/100|[from] Sandstorm\n|upkeep\n|turn|2\n|inactive|ReVeRBaSS has 30 seconds left.\n|\n|t:|1776527189\n|switch|p2a: Milotic|Milotic, L50, F|100/100\n|switch|p1a: Gyarados|Gyarados, L50, M, shiny|100/100\n|-ability|p1a: Gyarados|Intimidate|boost\n|-unboost|p2a: Milotic|atk|1\n|-ability|p2a: Milotic|Competitive|boost\n|-boost|p2a: Milotic|spa|2\n|-unboost|p2b: Sinistcha|atk|1\n|move|p2b: Sinistcha|Strength Sap|p1b: Garchomp\n|-unboost|p1b: Garchomp|atk|1\n|-heal|p2b: Sinistcha|100/100\n|move|p1b: Garchomp|Dragon Claw|p2b: Sinistcha\n|-damage|p2b: Sinistcha|78/100\n|\n|-weather|Sandstorm|[upkeep]\n|-damage|p2b: Sinistcha|72/100|[from] Sandstorm\n|-damage|p2a: Milotic|95/100|[from] Sandstorm\n|-damage|p1a: Gyarados|95/100|[from] Sandstorm\n|upkeep\n|turn|3\n|inactive|ReVeRBaSS has 30 seconds left.\n|inactive|ReVeRBaSS has 20 seconds left.\n|\n|t:|1776527225\n|switch|p1b: Ninetales|Ninetales-Alola, L50, F|100/100\n|-weather|Snowscape|[from] ability: Snow Warning|[of] p1b: Ninetales\n|move|p1a: Gyarados|Protect|p1a: Gyarados\n|-singleturn|p1a: Gyarados|Protect\n|move|p2b: Sinistcha|Matcha Gotcha|p1a: Gyarados|[spread] p1b\n|-activate|p1a: Gyarados|move: Protect\n|-crit|p1b: Ninetales\n|-damage|p1b: Ninetales|60/100\n|-heal|p2b: Sinistcha|89/100|[from] drain|[of] p1b: Ninetales\n|move|p2a: Milotic|Ice Beam|p1a: Gyarados\n|-activate|p1a: Gyarados|move: Protect\n|\n|-weather|Snowscape|[upkeep]\n|upkeep\n|turn|4\n|inactive|ReVeRBaSS has 30 seconds left.\n|\n|t:|1776527254\n|switch|p2a: Tyranitar|Tyranitar, L50, M, shiny|100/100\n|-weather|Sandstorm|[from] ability: Sand Stream|[of] p2a: Tyranitar\n|switch|p1a: Sneasler|Sneasler, L50, M|94/100\n|move|p1b: Ninetales|Protect|p1b: Ninetales\n|-singleturn|p1b: Ninetales|Protect\n|move|p2b: Sinistcha|Strength Sap|p1a: Sneasler\n|-unboost|p1a: Sneasler|atk|1\n|-heal|p2b: Sinistcha|100/100\n|-enditem|p1a: Sneasler|White Herb\n|-clearnegativeboost|p1a: Sneasler|[silent]\n|\n|-weather|Sandstorm|[upkeep]\n|-damage|p2b: Sinistcha|94/100|[from] Sandstorm\n|-damage|p1b: Ninetales|54/100|[from] Sandstorm\n|-damage|p1a: Sneasler|88/100|[from] Sandstorm\n|upkeep\n|turn|5\n|inactive|ReVeRBaSS has 30 seconds left.\n|\n|t:|1776527287\n|switch|p1b: Garchomp|Garchomp, L50, M|100/100\n|move|p1a: Sneasler|Protect|p1a: Sneasler\n|-singleturn|p1a: Sneasler|Protect\n|move|p2b: Sinistcha|Rage Powder|p2b: Sinistcha\n|-singleturn|p2b: Sinistcha|move: Rage Powder\n|move|p2a: Tyranitar|Knock Off|p1a: Sneasler\n|-activate|p1a: Sneasler|move: Protect\n|\n|-weather|Sandstorm|[upkeep]\n|-damage|p2b: Sinistcha|88/100|[from] Sandstorm\n|-damage|p1a: Sneasler|82/100|[from] Sandstorm\n|-fieldend|move: Trick Room\n|upkeep\n|turn|6\n|inactive|ReVeRBaSS has 30 seconds left.\n|\n|t:|1776527319\n|move|p2a: Tyranitar|Protect|p2a: Tyranitar\n|-singleturn|p2a: Tyranitar|Protect\n|move|p1a: Sneasler|Dire Claw|p2b: Sinistcha\n|-damage|p2b: Sinistcha|61/100\n|move|p1b: Garchomp|Dragon Claw|p2b: Sinistcha\n|-damage|p2b: Sinistcha|26/100\n|move|p2b: Sinistcha|Trick Room|p2b: Sinistcha\n|-fieldstart|move: Trick Room|[of] p2b: Sinistcha\n|\n|-weather|Sandstorm|[upkeep]\n|-damage|p2b: Sinistcha|20/100|[from] Sandstorm\n|-damage|p1a: Sneasler|76/100|[from] Sandstorm\n|upkeep\n|turn|7\n|inactive|ReVeRBaSS has 30 seconds left.\n|\n|t:|1776527348\n|switch|p1b: Ninetales|Ninetales-Alola, L50, F|54/100\n|-weather|Snowscape|[from] ability: Snow Warning|[of] p1b: Ninetales\n|move|p2a: Tyranitar|Knock Off|p1a: Sneasler\n|-resisted|p1a: Sneasler|1\n|-damage|p1a: Sneasler|47/100\n|move|p2b: Sinistcha|Strength Sap|p1b: Ninetales\n|-unboost|p1b: Ninetales|atk|1\n|-heal|p2b: Sinistcha|64/100\n|move|p1a: Sneasler|Dire Claw|p2b: Sinistcha\n|-damage|p2b: Sinistcha|34/100\n|-status|p2b: Sinistcha|slp\n|\n|-weather|Snowscape|[upkeep]\n|upkeep\n|turn|8\n|\n|t:|1776527372\n|detailschange|p2a: Tyranitar|Tyranitar-Mega, L50, M, shiny\n|-mega|p2a: Tyranitar|Tyranitar|Tyranitarite\n|-weather|Sandstorm|[from] ability: Sand Stream|[of] p2a: Tyranitar\n|move|p1b: Ninetales|Protect|p1b: Ninetales\n|-singleturn|p1b: Ninetales|Protect\n|move|p1a: Sneasler|Protect|p1a: Sneasler\n|-singleturn|p1a: Sneasler|Protect\n|cant|p2b: Sinistcha|slp\n|move|p2a: Tyranitar|Rock Slide|p1a: Sneasler|[spread] \n|-activate|p1a: Sneasler|move: Protect\n|-activate|p1b: Ninetales|move: Protect\n|\n|-weather|Sandstorm|[upkeep]\n|-damage|p2b: Sinistcha|27/100 slp|[from] Sandstorm\n|-damage|p1b: Ninetales|48/100|[from] Sandstorm\n|-damage|p1a: Sneasler|41/100|[from] Sandstorm\n|upkeep\n|turn|9\n|inactive|ReVeRBaSS has 30 seconds left.\n|\n|t:|1776527406\n|switch|p1b: Gyarados|Gyarados, L50, M, shiny|95/100\n|-ability|p1b: Gyarados|Intimidate|boost\n|-unboost|p2a: Tyranitar|atk|1\n|-unboost|p2b: Sinistcha|atk|1\n|move|p2a: Tyranitar|Protect|p2a: Tyranitar\n|-singleturn|p2a: Tyranitar|Protect\n|-curestatus|p2b: Sinistcha|slp|[msg]\n|move|p2b: Sinistcha|Strength Sap|p1a: Sneasler\n|-unboost|p1a: Sneasler|atk|1\n|-heal|p2b: Sinistcha|100/100\n|move|p1a: Sneasler|Coaching|p1b: Gyarados\n|-boost|p1b: Gyarados|atk|1\n|-boost|p1b: Gyarados|def|1\n|\n|-weather|Sandstorm|[upkeep]\n|-damage|p2b: Sinistcha|94/100|[from] Sandstorm\n|-damage|p1b: Gyarados|89/100|[from] Sandstorm\n|-damage|p1a: Sneasler|35/100|[from] Sandstorm\n|upkeep\n|turn|10\n|inactive|ReVeRBaSS has 30 seconds left.\n|\n|t:|1776527436\n|move|p1b: Gyarados|Protect|p1b: Gyarados\n|-singleturn|p1b: Gyarados|Protect\n|move|p1a: Sneasler|Protect|p1a: Sneasler\n|-singleturn|p1a: Sneasler|Protect\n|move|p2b: Sinistcha|Rage Powder|p2b: Sinistcha\n|-singleturn|p2b: Sinistcha|move: Rage Powder\n|move|p2a: Tyranitar|Rock Slide|p1b: Gyarados|[spread] \n|-activate|p1a: Sneasler|move: Protect\n|-activate|p1b: Gyarados|move: Protect\n|\n|-weather|Sandstorm|[upkeep]\n|-damage|p2b: Sinistcha|88/100|[from] Sandstorm\n|-damage|p1b: Gyarados|83/100|[from] Sandstorm\n|-damage|p1a: Sneasler|28/100|[from] Sandstorm\n|-fieldend|move: Trick Room\n|upkeep\n|turn|11\n|\n|t:|1776527458\n|detailschange|p1b: Gyarados|Gyarados-Mega, L50, M, shiny\n|-mega|p1b: Gyarados|Gyarados|Gyaradosite\n|-ability|p1b: Gyarados|Mold Breaker\n|move|p2a: Tyranitar|Protect|p2a: Tyranitar\n|-singleturn|p2a: Tyranitar|Protect\n|move|p1a: Sneasler|Close Combat|p2a: Tyranitar\n|-activate|p2a: Tyranitar|move: Protect\n|move|p1b: Gyarados|Crunch|p2b: Sinistcha\n|-supereffective|p2b: Sinistcha|1\n|-damage|p2b: Sinistcha|0 fnt\n|faint|p2b: Sinistcha\n|\n|-weather|Sandstorm|[upkeep]\n|-damage|p1a: Sneasler|22/100|[from] Sandstorm\n|-damage|p1b: Gyarados|78/100|[from] Sandstorm\n|upkeep\n|\n|t:|1776527471\n|switch|p2b: Excadrill|Excadrill, L50, M|100/100\n|turn|12\n|inactive|ReVeRBaSS has 30 seconds left.\n|inactive|ReVeRBaSS has 20 seconds left.\n|\n|t:|1776527510\n|move|p1a: Sneasler|Protect|p1a: Sneasler\n|-singleturn|p1a: Sneasler|Protect\n|move|p1b: Gyarados|Protect|p1b: Gyarados\n|-singleturn|p1b: Gyarados|Protect\n|move|p2b: Excadrill|Rock Slide|p1b: Gyarados|[spread] \n|-activate|p1a: Sneasler|move: Protect\n|-activate|p1b: Gyarados|move: Protect\n|move|p2a: Tyranitar|Rock Slide|p1a: Sneasler|[spread] \n|-activate|p1a: Sneasler|move: Protect\n|-activate|p1b: Gyarados|move: Protect\n|\n|-weather|none\n|upkeep\n|turn|13\n|inactive|ReVeRBaSS has 30 seconds left.\n|\n|t:|1776527539\n|switch|p2a: Milotic|Milotic, L50, F|95/100\n|move|p2b: Excadrill|Protect|p2b: Excadrill\n|-singleturn|p2b: Excadrill|Protect\n|move|p1a: Sneasler|Close Combat|p2b: Excadrill\n|-activate|p2b: Excadrill|move: Protect\n|move|p1b: Gyarados|Waterfall|p2b: Excadrill\n|-activate|p2b: Excadrill|move: Protect\n|\n|upkeep\n|turn|14\n|\n|t:|1776527553\n|switch|p2a: Tyranitar|Tyranitar-Mega, L50, M, shiny|100/100\n|-weather|Sandstorm|[from] ability: Sand Stream|[of] p2a: Tyranitar\n|move|p1a: Sneasler|Close Combat|p2b: Excadrill\n|-supereffective|p2b: Excadrill|1\n|-enditem|p2b: Excadrill|Focus Sash\n|-damage|p2b: Excadrill|1/100\n|-unboost|p1a: Sneasler|def|1\n|-unboost|p1a: Sneasler|spd|1\n|move|p2b: Excadrill|Rock Slide|p1b: Gyarados|[spread] p1a,p1b\n|-resisted|p1a: Sneasler|1\n|-damage|p1a: Sneasler|0 fnt\n|-damage|p1b: Gyarados|64/100\n|faint|p1a: Sneasler\n|move|p1b: Gyarados|Waterfall|p2b: Excadrill\n|-supereffective|p2b: Excadrill|1\n|-damage|p2b: Excadrill|0 fnt\n|faint|p2b: Excadrill\n|\n|-weather|Sandstorm|[upkeep]\n|-damage|p1b: Gyarados|58/100|[from] Sandstorm\n|upkeep\n|\n|t:|1776527571\n|switch|p1a: Ninetales|Ninetales-Alola, L50, F|48/100\n|switch|p2b: Milotic|Milotic, L50, F|95/100\n|-weather|Snowscape|[from] ability: Snow Warning|[of] p1a: Ninetales\n|turn|15\n|\n|t:|1776527589\n|move|p1a: Ninetales|Moonblast|p2a: Tyranitar\n|-supereffective|p2a: Tyranitar|1\n|-damage|p2a: Tyranitar|47/100\n|move|p1b: Gyarados|Crunch|p2b: Milotic\n|-damage|p2b: Milotic|38/100\n|move|p2b: Milotic|Ice Beam|p1b: Gyarados\n|-resisted|p1b: Gyarados|1\n|-damage|p1b: Gyarados|49/100\n|move|p2a: Tyranitar|Rock Slide|p1a: Ninetales|[spread] p1a,p1b\n|-supereffective|p1a: Ninetales|1\n|-damage|p1a: Ninetales|0 fnt\n|-damage|p1b: Gyarados|26/100\n|faint|p1a: Ninetales\n|\n|-weather|Snowscape|[upkeep]\n|upkeep\n|\n|t:|1776527592\n|switch|p1a: Garchomp|Garchomp, L50, M|100/100\n|turn|16\n|inactive|ReVeRBaSS has 30 seconds left.\n|\n|t:|1776527607\n|move|p2a: Tyranitar|Protect|p2a: Tyranitar\n|-singleturn|p2a: Tyranitar|Protect\n|move|p1a: Garchomp|Stomping Tantrum|p2a: Tyranitar\n|-activate|p2a: Tyranitar|move: Protect\n|move|p1b: Gyarados|Crunch|p2b: Milotic\n|-damage|p2b: Milotic|0 fnt\n|faint|p2b: Milotic\n|\n|-weather|Snowscape|[upkeep]\n|upkeep\n|turn|17\n|inactive|ReVeRBaSS has 25 seconds left this turn.\n|inactive|ReVeRBaSS has 20 seconds left.\n|-message|asd2za2 forfeited.\n|\n|win|ReVeRBaSS\n|raw|ReVeRBaSS's rating: 1211 &rarr; <strong>1236</strong><br />(+25 for winning)\n|raw|asd2za2's rating: 1217 &rarr; <strong>1192</strong><br />(-25 for losing)\n|l|\u2606asd2za2\n|player|p2|\n",
  "uploadtime": 1776527630,
  "views": 20,
  "formatid": "gen9championsvgc2026regma",
  "rating": 1192,
  "private": 0,
  "password": null
}