{
  "id": "gen9championsvgc2026regma-2585424647",
  "format": "[Gen 9 Champions] VGC 2026 Reg M-A",
  "players": [
    "Bilbobagginz",
    "Disfrazdetigre"
  ],
  "log": "|j|\u2606Bilbobagginz\n|j|\u2606Disfrazdetigre\n|t:|1776346364\n|gametype|doubles\n|player|p1|Bilbobagginz|lance|1402\n|player|p2|Disfrazdetigre|2|1396\n|gen|9\n|tier|[Gen 9 Champions] VGC 2026 Reg M-A\n|rated|\n|rule|Species Clause: Limit one of each Pok\u00e9mon\n|rule|Item Clause: Limit 1 of each item\n|clearpoke\n|poke|p1|Oranguru, L50, M|\n|poke|p1|Aggron, L50, F|\n|poke|p1|Torkoal, L50, M|\n|poke|p1|Sneasler, L50, M|\n|poke|p1|Sinistcha-Masterpiece, L50|\n|poke|p1|Hydreigon, L50, M|\n|poke|p2|Orthworm, L50, M|\n|poke|p2|Arcanine-Hisui, L50, M|\n|poke|p2|Medicham, L50, F|\n|poke|p2|Alakazam, L50, M|\n|poke|p2|Blastoise, L50, M|\n|poke|p2|Kingambit, L50, F|\n|teampreview|4\n|\n|t:|1776346420\n|teamsize|p1|4\n|teamsize|p2|4\n|start\n|switch|p1a: Oranguru|Oranguru, L50, M|100/100\n|switch|p1b: Sneasler|Sneasler, L50, M|100/100\n|switch|p2a: Alakazam|Alakazam, L50, M|100/100\n|switch|p2b: Orthworm|Orthworm, L50, M|100/100\n|turn|1\n|\n|t:|1776346431\n|move|p2a: Alakazam|Psyshock|p1b: Sneasler\n|-supereffective|p1b: Sneasler|2\n|-damage|p1b: Sneasler|0 fnt\n|faint|p1b: Sneasler\n|move|p2b: Orthworm|Shed Tail|p2b: Orthworm\n|-start|p2b: Orthworm|Substitute|[from] move: Shed Tail\n|-damage|p2b: Orthworm|50/100\n|-enditem|p2b: Orthworm|Sitrus Berry|[eat]\n|-heal|p2b: Orthworm|75/100|[from] item: Sitrus Berry\n|\n|t:|1776346447\n|switch|p2b: Medicham|Medicham, L50, F|100/100|[from] Shed Tail\n|move|p1a: Oranguru|Trick Room|p1a: Oranguru\n|-fieldstart|move: Trick Room|[of] p1a: Oranguru\n|\n|upkeep\n|\n|t:|1776346455\n|switch|p1b: Aggron|Aggron, L50, F|100/100\n|turn|2\n|\n|t:|1776346473\n|switch|p2a: Kingambit|Kingambit, L50, F|100/100\n|detailschange|p1b: Aggron|Aggron-Mega, L50, F\n|-mega|p1b: Aggron|Aggron|Aggronite\n|detailschange|p2b: Medicham|Medicham-Mega, L50, F\n|-mega|p2b: Medicham|Medicham|Medichamite\n|move|p1b: Aggron|Iron Defense|p1b: Aggron\n|-boost|p1b: Aggron|def|2\n|move|p1a: Oranguru|Instruct|p1b: Aggron\n|-singleturn|p1b: Aggron|move: Instruct|[of] p1a: Oranguru\n|move|p1b: Aggron|Iron Defense|p1b: Aggron\n|-boost|p1b: Aggron|def|2\n|move|p2b: Medicham|Trick Room|p2b: Medicham\n|-fieldend|move: Trick Room\n|\n|upkeep\n|turn|3\n|\n|t:|1776346493\n|move|p2b: Medicham|Close Combat|p1a: Oranguru\n|-damage|p1a: Oranguru|0 fnt\n|-unboost|p2b: Medicham|def|1\n|-unboost|p2b: Medicham|spd|1\n|faint|p1a: Oranguru\n|move|p2a: Kingambit|Kowtow Cleave|p1b: Aggron\n|-damage|p1b: Aggron|93/100\n|move|p1b: Aggron|Body Press|p2a: Kingambit\n|-supereffective|p2a: Kingambit|2\n|-damage|p2a: Kingambit|0 fnt\n|faint|p2a: Kingambit\n|\n|upkeep\n|\n|t:|1776346505\n|switch|p2a: Alakazam|Alakazam, L50, M|100/100\n|switch|p1a: Hydreigon|Hydreigon, L50, M|100/100\n|turn|4\n|\n|t:|1776346517\n|move|p2a: Alakazam|Protect|p2a: Alakazam\n|-singleturn|p2a: Alakazam|Protect\n|move|p2b: Medicham|Close Combat|p1a: Hydreigon\n|-supereffective|p1a: Hydreigon|1\n|-damage|p1a: Hydreigon|0 fnt\n|-unboost|p2b: Medicham|def|1\n|-unboost|p2b: Medicham|spd|1\n|faint|p1a: Hydreigon\n|move|p1b: Aggron|Body Press|p2b: Medicham\n|-resisted|p2b: Medicham|1\n|-end|p2b: Medicham|Substitute\n|\n|upkeep\n|turn|5\n|\n|t:|1776346534\n|move|p2a: Alakazam|Disable|p1b: Aggron\n|-start|p1b: Aggron|Disable|Body Press\n|move|p2b: Medicham|Close Combat|p1b: Aggron\n|-supereffective|p1b: Aggron|1\n|-damage|p1b: Aggron|64/100\n|-unboost|p2b: Medicham|def|1\n|-unboost|p2b: Medicham|spd|1\n|cant|p1b: Aggron|Disable|Body Press\n|\n|upkeep\n|turn|6\n|\n|t:|1776346549\n|move|p2a: Alakazam|Focus Blast|p1b: Aggron|[miss]\n|-miss|p2a: Alakazam|p1b: Aggron\n|move|p2b: Medicham|Close Combat|p1b: Aggron\n|-supereffective|p1b: Aggron|1\n|-damage|p1b: Aggron|36/100\n|-unboost|p2b: Medicham|def|1\n|-unboost|p2b: Medicham|spd|1\n|move|p1b: Aggron|Heavy Slam|p2b: Medicham\n|-damage|p2b: Medicham|0 fnt\n|faint|p2b: Medicham\n|\n|upkeep\n|\n|t:|1776346559\n|switch|p2b: Orthworm|Orthworm, L50, M|75/100\n|turn|7\n|\n|t:|1776346566\n|move|p1b: Aggron|Protect|p1b: Aggron\n|-singleturn|p1b: Aggron|Protect\n|move|p2a: Alakazam|Focus Blast|p1b: Aggron\n|-activate|p1b: Aggron|move: Protect\n|move|p2b: Orthworm|Iron Defense|p2b: Orthworm\n|-boost|p2b: Orthworm|def|2\n|\n|upkeep\n|turn|8\n|\n|t:|1776346576\n|move|p2a: Alakazam|Focus Blast|p1b: Aggron\n|-supereffective|p1b: Aggron|1\n|-damage|p1b: Aggron|0 fnt\n|faint|p1b: Aggron\n|\n|win|Disfrazdetigre\n|raw|Bilbobagginz's rating: 1402 &rarr; <strong>1382</strong><br />(-20 for losing)\n|raw|Disfrazdetigre's rating: 1396 &rarr; <strong>1416</strong><br />(+20 for winning)\n|l|\u2606Bilbobagginz\n|player|p1|\n",
  "uploadtime": 1776346599,
  "views": 36,
  "formatid": "gen9championsvgc2026regma",
  "rating": 1382,
  "private": 0,
  "password": null
}