{
  "id": "gen9championsvgc2026regma-2581274373",
  "format": "[Gen 9 Champions] VGC 2026 Reg M-A",
  "players": [
    "L3mmy.-.",
    "mrfelicia"
  ],
  "log": "|j|\u2606L3mmy.-.\n|j|\u2606mrfelicia\n|t:|1775979779\n|gametype|doubles\n|player|p1|L3mmy.-.|1|1257\n|player|p2|mrfelicia|169|1325\n|gen|9\n|tier|[Gen 9 Champions] VGC 2026 Reg M-A\n|rated|\n|rule|Species Clause: Limit one of each Pok\u00e9mon\n|rule|Item Clause: Limit 1 of each item\n|clearpoke\n|poke|p1|Salazzle, L50, F|\n|poke|p1|Hydreigon, L50, F|\n|poke|p1|Corviknight, L50, M|\n|poke|p1|Rotom-Wash, L50|\n|poke|p1|Drampa, L50, F|\n|poke|p1|Slowking-Galar, L50, F|\n|poke|p2|Tyranitar, L50, F|\n|poke|p2|Gardevoir, L50, M|\n|poke|p2|Gyarados, L50, F|\n|poke|p2|Excadrill, L50, F|\n|poke|p2|Sinistcha, L50|\n|poke|p2|Rotom-Heat, L50|\n|teampreview|4\n|j| BirdGuySoap\n|l| BirdGuySoap\n|\n|t:|1775979804\n|teamsize|p1|4\n|teamsize|p2|4\n|start\n|switch|p1a: Rotom|Rotom-Wash, L50|100/100\n|switch|p1b: Slowking|Slowking-Galar, L50, F|100/100\n|switch|p2a: Excadrill|Excadrill, L50, F|100/100\n|switch|p2b: Rotom|Rotom-Heat, L50|100/100\n|turn|1\n|inactive|Battle timer is ON: inactive players will automatically lose when time's up. (requested by mrfelicia)\n|\n|t:|1775979825\n|move|p2b: Rotom|Discharge|p1b: Slowking|[spread] p1a,p1b\n|-immune|p2a: Excadrill\n|-damage|p1a: Rotom|73/100\n|-damage|p1b: Slowking|79/100\n|move|p2a: Excadrill|High Horsepower|p1b: Slowking\n|-supereffective|p1b: Slowking|1\n|-damage|p1b: Slowking|0 fnt\n|faint|p1b: Slowking\n|move|p1a: Rotom|Will-O-Wisp|p2a: Excadrill\n|-status|p2a: Excadrill|brn\n|\n|-damage|p2a: Excadrill|95/100 brn|[from] brn\n|upkeep\n|j| gE1xjZRtuhW2DdT0AK\n|\n|t:|1775979835\n|switch|p1b: Drampa|Drampa, L50, F|100/100\n|-ability|p1b: Drampa|Cloud Nine\n|turn|2\n|inactive|mrfelicia has 30 seconds left.\n|inactive|mrfelicia has 20 seconds left.\n|\n|t:|1775979871\n|move|p2b: Rotom|Discharge|p1b: Drampa|[spread] p1a,p1b\n|-immune|p2a: Excadrill\n|-resisted|p1b: Drampa|1\n|-damage|p1a: Rotom|47/100\n|-damage|p1b: Drampa|87/100\n|move|p2a: Excadrill|High Horsepower|p1b: Drampa\n|-damage|p1b: Drampa|59/100\n|move|p1a: Rotom|Hydro Pump|p2b: Rotom\n|-supereffective|p2b: Rotom|1\n|-damage|p2b: Rotom|0 fnt\n|faint|p2b: Rotom\n|move|p1b: Drampa|Hyper Voice|p2a: Excadrill\n|-resisted|p2a: Excadrill|1\n|-damage|p2a: Excadrill|64/100 brn\n|\n|-damage|p2a: Excadrill|58/100 brn|[from] brn\n|upkeep\n|\n|t:|1775979887\n|switch|p2b: Gardevoir|Gardevoir, L50, M|100/100\n|turn|3\n|\n|t:|1775979898\n|switch|p1b: Corviknight|Corviknight, L50, M|100/100\n|detailschange|p2b: Gardevoir|Gardevoir-Mega, L50, M\n|-mega|p2b: Gardevoir|Gardevoir|Gardevoirite\n|move|p2a: Excadrill|High Horsepower|p1b: Corviknight\n|-immune|p1b: Corviknight\n|move|p2b: Gardevoir|Hyper Voice|p1b: Corviknight|[spread] p1a,p1b\n|-resisted|p1b: Corviknight|1\n|-damage|p1a: Rotom|2/100\n|-damage|p1b: Corviknight|77/100\n|move|p1a: Rotom|Volt Switch|p2b: Gardevoir\n|-damage|p2b: Gardevoir|71/100\n|\n|t:|1775979911\n|switch|p1a: Drampa|Drampa, L50, F|59/100|[from] Volt Switch\n|-ability|p1a: Drampa|Cloud Nine\n|\n|-damage|p2a: Excadrill|52/100 brn|[from] brn\n|upkeep\n|turn|4\n|\n|t:|1775979922\n|move|p1a: Drampa|Protect|p1a: Drampa\n|-singleturn|p1a: Drampa|Protect\n|move|p2a: Excadrill|High Horsepower|p1a: Drampa\n|-activate|p1a: Drampa|move: Protect\n|move|p2b: Gardevoir|Hyper Voice|p1a: Drampa|[spread] p1b\n|-activate|p1a: Drampa|move: Protect\n|-resisted|p1b: Corviknight|1\n|-damage|p1b: Corviknight|53/100\n|move|p1b: Corviknight|Tailwind|p1b: Corviknight\n|-sidestart|p1: L3mmy.-.|move: Tailwind\n|\n|-damage|p2a: Excadrill|46/100 brn|[from] brn\n|upkeep\n|turn|5\n|\n|t:|1775979938\n|detailschange|p1a: Drampa|Drampa-Mega, L50, F\n|-mega|p1a: Drampa|Drampa|Drampanite\n|move|p1b: Corviknight|Iron Head|p2b: Gardevoir\n|-supereffective|p2b: Gardevoir|1\n|-damage|p2b: Gardevoir|9/100\n|move|p2a: Excadrill|High Horsepower|p1a: Drampa\n|-damage|p1a: Drampa|37/100\n|-ability|p1a: Drampa|Berserk|boost\n|-boost|p1a: Drampa|spa|1\n|cant|p2b: Gardevoir|flinch\n|move|p1a: Drampa|Hyper Voice|p2a: Excadrill|[spread] p2a,p2b\n|-resisted|p2a: Excadrill|1\n|-damage|p2a: Excadrill|0 fnt\n|-damage|p2b: Gardevoir|0 fnt\n|faint|p2a: Excadrill\n|faint|p2b: Gardevoir\n|\n|upkeep\n|c|\u2606mrfelicia|,\n|c|\u2606mrfelicia|..\n|c|\u2606mrfelicia|nice flinch\n|inactive|mrfelicia has 30 seconds left.\n|-message|mrfelicia forfeited.\n|\n|win|L3mmy.-.\n|raw|L3mmy.-.'s rating: 1257 &rarr; <strong>1287</strong><br />(+30 for winning)\n|raw|mrfelicia's rating: 1325 &rarr; <strong>1301</strong><br />(-24 for losing)\n|l|\u2606mrfelicia\n|player|p2|\n",
  "uploadtime": 1775979969,
  "views": 18,
  "formatid": "gen9championsvgc2026regma",
  "rating": 1287,
  "private": 0,
  "password": null
}