{
  "id": "gen9championsvgc2026regma-2588279252",
  "format": "[Gen 9 Champions] VGC 2026 Reg M-A",
  "players": [
    "mynamegrassgreen",
    "ppyyy-inertia"
  ],
  "log": "|j|\u2606mynamegrassgreen\n|j|\u2606ppyyy-inertia\n|html|<table width=\"100%\"><tr><td align=\"left\">mynamegrassgreen</td><td align=\"right\">ppyyy-inertia</tr><tr><td align=\"left\"><i class=\"fa fa-circle-o\"></i> <i class=\"fa fa-circle-o\"></i> </td><td align=\"right\"><i class=\"fa fa-circle-o\"></i> <i class=\"fa fa-circle\"></i> </tr></table>\n|uhtml|bestof|<h2><strong>Game 2</strong> of <a href=\"/game-bestof3-gen9championsvgc2026regma-2588277077\">a best-of-3</a></h2>\n|t:|1776620486\n|gametype|doubles\n|player|p1|mynamegrassgreen|n-masters|\n|player|p2|ppyyy-inertia|elesa-gen5bw2|\n|gen|9\n|tier|[Gen 9 Champions] VGC 2026 Reg M-A\n|rated|Tournament battle\n|rule|Species Clause: Limit one of each Pok\u00e9mon\n|rule|Item Clause: Limit 1 of each item\n|raw|<div class=\"infobox\"><details class=\"readmore\" open><summary><strong>1 custom rule:</strong></summary> Best of = 3</details></div>\n|clearpoke\n|poke|p1|Kommo-o, L50, F|\n|poke|p1|Gengar, L50, F|\n|poke|p1|Whimsicott, L50, F|\n|poke|p1|Sinistcha-Masterpiece, L50|\n|poke|p1|Incineroar, L50, M|\n|poke|p1|Kingambit, L50, M|\n|poke|p2|Incineroar, L50, M|\n|poke|p2|Floette-Eternal, L50, F, shiny|\n|poke|p2|Zoroark-Hisui, L50, M, shiny|\n|poke|p2|Tinkaton, L50, F, shiny|\n|poke|p2|Dragonite, L50, F, shiny|\n|poke|p2|Garchomp, L50, F|\n|teampreview|4\n|\n|t:|1776620516\n|teamsize|p1|4\n|teamsize|p2|4\n|start\n|switch|p1a: The King|Incineroar, L50, M|100/100\n|switch|p1b: Kingambit|Kingambit, L50, M|100/100\n|switch|p2a: Floette|Floette-Eternal, L50, F, shiny|100/100\n|switch|p2b: Tinkaton|Tinkaton, L50, F, shiny|100/100\n|-ability|p1a: The King|Intimidate|boost\n|-unboost|p2a: Floette|atk|1\n|-fail|p2b: Tinkaton|unboost|Attack|[from] ability: Own Tempo|[of] p2b: Tinkaton\n|turn|1\n|\n|t:|1776620531\n|detailschange|p2a: Floette|Floette-Mega, L50, F, shiny\n|-mega|p2a: Floette|Floette|Floettite\n|-ability|p2a: Floette|Fairy Aura\n|move|p2b: Tinkaton|Fake Out|p1a: The King\n|-damage|p1a: The King|92/100\n|move|p2a: Floette|Calm Mind|p2a: Floette\n|-boost|p2a: Floette|spa|1\n|-boost|p2a: Floette|spd|1\n|cant|p1a: The King|flinch\n|move|p1b: Kingambit|Iron Head|p2b: Tinkaton\n|-damage|p2b: Tinkaton|52/100\n|\n|upkeep\n|turn|2\n|j| Rolling Stonedge\n|\n|t:|1776620547\n|move|p2a: Floette|Protect|p2a: Floette\n|-singleturn|p2a: Floette|Protect\n|move|p1b: Kingambit|Protect|p1b: Kingambit\n|-singleturn|p1b: Kingambit|Protect\n|move|p2b: Tinkaton|Play Rough|p1a: The King\n|-damage|p1a: The King|56/100\n|move|p1a: The King|Parting Shot|p2a: Floette\n|-activate|p2a: Floette|move: Protect\n|\n|upkeep\n|turn|3\n|j| bundleofvolts\n|\n|t:|1776620559\n|switch|p1b: beer|Sinistcha-Masterpiece, L50|100/100\n|-heal|p1a: The King|81/100|[from] ability: Hospitality|[of] p1b: beer\n|move|p2a: Floette|Moonblast|p1b: beer\n|-damage|p1b: beer|0 fnt\n|faint|p1b: beer\n|move|p2b: Tinkaton|Play Rough|p1a: The King\n|-damage|p1a: The King|45/100\n|move|p1a: The King|Parting Shot|p2a: Floette\n|-unboost|p2a: Floette|atk|1\n|-unboost|p2a: Floette|spa|1\n|\n|t:|1776620566\n|switch|p1a: Kingambit|Kingambit, L50, M|100/100|[from] Parting Shot\n|\n|upkeep\n|\n|t:|1776620568\n|switch|p1b: The King|Incineroar, L50, M|45/100\n|-ability|p1b: The King|Intimidate|boost\n|-unboost|p2a: Floette|atk|1\n|-fail|p2b: Tinkaton|unboost|Attack|[from] ability: Own Tempo|[of] p2b: Tinkaton\n|turn|4\n|\n|t:|1776620575\n|move|p2a: Floette|Protect|p2a: Floette\n|-singleturn|p2a: Floette|Protect\n|move|p1b: The King|Fake Out|p2b: Tinkaton\n|-resisted|p2b: Tinkaton|1\n|-crit|p2b: Tinkaton\n|-damage|p2b: Tinkaton|44/100\n|cant|p2b: Tinkaton|flinch\n|move|p1a: Kingambit|Iron Head|p2b: Tinkaton\n|-damage|p2b: Tinkaton|1/100\n|\n|upkeep\n|turn|5\n|\n|t:|1776620597\n|move|p1b: The King|Protect|p1b: The King\n|-singleturn|p1b: The King|Protect\n|move|p2b: Tinkaton|Feint|p1a: Kingambit\n|-resisted|p1a: Kingambit|1\n|-damage|p1a: Kingambit|98/100\n|move|p2a: Floette|Moonblast|p1a: Kingambit\n|-damage|p1a: Kingambit|32/100\n|-unboost|p1a: Kingambit|spa|1\n|-ability|p1a: Kingambit|Defiant|boost\n|-boost|p1a: Kingambit|atk|2\n|move|p1a: Kingambit|Iron Head|p2a: Floette\n|-supereffective|p2a: Floette|1\n|-damage|p2a: Floette|0 fnt\n|faint|p2a: Floette\n|\n|upkeep\n|c|\u2606mynamegrassgreen|yo?\n|\n|t:|1776620616\n|switch|p2a: Dragonite|Dragonite, L50, F, shiny|100/100\n|turn|6\n|\n|t:|1776620622\n|move|p1a: Kingambit|Protect|p1a: Kingambit\n|-singleturn|p1a: Kingambit|Protect\n|move|p2b: Tinkaton|Feint|p1a: Kingambit\n|-activate|p1a: Kingambit|move: Feint\n|-resisted|p1a: Kingambit|1\n|-damage|p1a: Kingambit|29/100\n|move|p2a: Dragonite|Shadow Ball|p1a: Kingambit\n|-resisted|p1a: Kingambit|1\n|-damage|p1a: Kingambit|9/100\n|move|p1b: The King|Parting Shot|p2a: Dragonite\n|-unboost|p2a: Dragonite|atk|1\n|-unboost|p2a: Dragonite|spa|1\n|\n|t:|1776620632\n|switch|p1b: Stay with me... \ud83c\udfb5|Gengar, L50, F|100/100|[from] Parting Shot\n|\n|upkeep\n|turn|7\n|\n|t:|1776620641\n|switch|p1a: The King|Incineroar, L50, M|45/100\n|-ability|p1a: The King|Intimidate|boost\n|-unboost|p2a: Dragonite|atk|1\n|-fail|p2b: Tinkaton|unboost|Attack|[from] ability: Own Tempo|[of] p2b: Tinkaton\n|detailschange|p1b: Stay with me... \ud83c\udfb5|Gengar-Mega, L50, F\n|-mega|p1b: Stay with me... \ud83c\udfb5|Gengar|Gengarite\n|move|p2a: Dragonite|Protect|p2a: Dragonite\n|-singleturn|p2a: Dragonite|Protect\n|move|p1b: Stay with me... \ud83c\udfb5|Shadow Ball|p2b: Tinkaton\n|-damage|p2b: Tinkaton|0 fnt\n|faint|p2b: Tinkaton\n|\n|upkeep\n|\n|t:|1776620645\n|switch|p2b: Dragonite|Dragonite, L50, F, shiny|100/100\n|turn|8\n|\n|t:|1776620656\n|move|p1b: Stay with me... \ud83c\udfb5|Shadow Ball|p2b: Dragonite\n|-damage|p2b: Dragonite|75/100\n|move|p2a: Dragonite|Shadow Ball|p1b: Stay with me... \ud83c\udfb5\n|-supereffective|p1b: Stay with me... \ud83c\udfb5|1\n|-damage|p1b: Stay with me... \ud83c\udfb5|34/100\n|move|p2b: Dragonite|Scale Shot|p1a: The King\n|-damage|p1a: The King|30/100\n|-damage|p1a: The King|14/100\n|-hitcount|p1a: The King|2\n|-unboost|p2b: Dragonite|def|1\n|-boost|p2b: Dragonite|spe|1\n|move|p1a: The King|Flare Blitz|p2a: Dragonite\n|-enditem|p2a: Dragonite|Focus Sash\n|-damage|p2a: Dragonite|1/100\n|replace|p2a: Zoroark|Zoroark-Hisui, L50, M, shiny\n|-end|p2a: Zoroark|Illusion\n|-damage|p1a: The King|0 fnt|[from] Recoil\n|faint|p1a: The King\n|\n|upkeep\n|\n|t:|1776620666\n|switch|p1a: Kingambit|Kingambit, L50, M|9/100\n|turn|9\n|\n|t:|1776620673\n|move|p1b: Stay with me... \ud83c\udfb5|Protect|p1b: Stay with me... \ud83c\udfb5\n|-singleturn|p1b: Stay with me... \ud83c\udfb5|Protect\n|move|p2b: Dragonite|Protect|p2b: Dragonite\n|-singleturn|p2b: Dragonite|Protect\n|move|p1a: Kingambit|Sucker Punch||[still]\n|-fail|p1a: Kingambit\n|move|p2a: Zoroark|Will-O-Wisp|p1a: Kingambit|[miss]\n|-miss|p2a: Zoroark|p1a: Kingambit\n|\n|upkeep\n|turn|10\n|\n|t:|1776620690\n|move|p1a: Kingambit|Sucker Punch||[still]\n|-fail|p1a: Kingambit\n|move|p1b: Stay with me... \ud83c\udfb5|Shadow Ball|p2b: Dragonite\n|-damage|p2b: Dragonite|25/100\n|move|p2b: Dragonite|Tailwind|p2b: Dragonite\n|-sidestart|p2: ppyyy-inertia|move: Tailwind\n|move|p2a: Zoroark|Shadow Ball|p1b: Stay with me... \ud83c\udfb5\n|-supereffective|p1b: Stay with me... \ud83c\udfb5|1\n|-damage|p1b: Stay with me... \ud83c\udfb5|0 fnt\n|faint|p1b: Stay with me... \ud83c\udfb5\n|\n|upkeep\n|turn|11\n|l| bundleofvolts\n|c|\u2606ppyyy-inertia|Gg\n|\n|t:|1776620698\n|move|p1a: Kingambit|Sucker Punch|p2b: Dragonite\n|-damage|p2b: Dragonite|0 fnt\n|faint|p2b: Dragonite\n|move|p2a: Zoroark|Shadow Ball|p1a: Kingambit\n|-resisted|p1a: Kingambit|1\n|-damage|p1a: Kingambit|0 fnt\n|faint|p1a: Kingambit\n|\n|win|ppyyy-inertia\n",
  "uploadtime": 1776620700,
  "views": 6,
  "formatid": "gen9championsvgc2026regma",
  "rating": null,
  "private": 0,
  "password": null
}