{
  "id": "gen9championsvgc2026regma-2583921119",
  "format": "[Gen 9 Champions] VGC 2026 Reg M-A",
  "players": [
    "XxStpYTxX",
    "srpelea"
  ],
  "log": "|j|\u2606XxStpYTxX\n|j|\u2606srpelea\n|t:|1776208471\n|gametype|doubles\n|player|p1|XxStpYTxX|169|1098\n|player|p2|srpelea|n|1073\n|gen|9\n|tier|[Gen 9 Champions] VGC 2026 Reg M-A\n|rated|\n|rule|Species Clause: Limit one of each Pok\u00e9mon\n|rule|Item Clause: Limit 1 of each item\n|clearpoke\n|poke|p1|Meganium, L50, F|\n|poke|p1|Archaludon, L50, M|\n|poke|p1|Aerodactyl, L50, M|\n|poke|p1|Typhlosion-Hisui, L50, F|\n|poke|p1|Tauros-Paldea-Aqua, L50, M|\n|poke|p1|Kangaskhan, L50, F|\n|poke|p2|Tyranitar, L50, F|\n|poke|p2|Excadrill, L50, M|\n|poke|p2|Gallade, L50, M|\n|poke|p2|Incineroar, L50, M|\n|poke|p2|Kingambit, L50, M|\n|poke|p2|Milotic, L50, M|\n|teampreview|4\n|inactive|Battle timer is ON: inactive players will automatically lose when time's up. (requested by srpelea)\n|inactive|XxStpYTxX has 60 seconds left.\n|\n|t:|1776208504\n|teamsize|p1|4\n|teamsize|p2|4\n|start\n|switch|p1a: Byrd V2|Aerodactyl, L50, M, shiny|100/100\n|switch|p1b: Sua|Typhlosion-Hisui, L50, F|100/100\n|switch|p2a: Incineroar|Incineroar, L50, M|100/100\n|switch|p2b: Gallade|Gallade, L50, M|100/100\n|-ability|p1a: Byrd V2|Unnerve\n|-item|p2a: Incineroar|Sitrus Berry|[from] ability: Frisk|[of] p1b: Sua\n|-item|p2b: Gallade|Galladite|[from] ability: Frisk|[of] p1b: Sua\n|-ability|p2a: Incineroar|Intimidate|boost\n|-unboost|p1a: Byrd V2|atk|1\n|-unboost|p1b: Sua|atk|1\n|turn|1\n|\n|t:|1776208526\n|move|p1a: Byrd V2|Protect|p1a: Byrd V2\n|-singleturn|p1a: Byrd V2|Protect\n|move|p2b: Gallade|Protect|p2b: Gallade\n|-singleturn|p2b: Gallade|Protect\n|move|p1b: Sua|Shadow Ball|p2b: Gallade\n|-activate|p2b: Gallade|move: Protect\n|move|p2a: Incineroar|Parting Shot|p1b: Sua\n|-unboost|p1b: Sua|atk|1\n|-unboost|p1b: Sua|spa|1\n|\n|t:|1776208537\n|switch|p2a: Excadrill|Excadrill, L50, M|100/100|[from] Parting Shot\n|\n|upkeep\n|turn|2\n|\n|t:|1776208550\n|switch|p2b: Tyranitar|Tyranitar, L50, F|100/100\n|-weather|Sandstorm|[from] ability: Sand Stream|[of] p2b: Tyranitar\n|move|p2a: Excadrill|Stomping Tantrum|p1b: Sua\n|-supereffective|p1b: Sua|1\n|-damage|p1b: Sua|10/100\n|move|p1a: Byrd V2|Dual Wingbeat|p2b: Tyranitar\n|-resisted|p2b: Tyranitar|1\n|-damage|p2b: Tyranitar|94/100\n|-resisted|p2b: Tyranitar|1\n|-damage|p2b: Tyranitar|88/100\n|-hitcount|p2b: Tyranitar|2\n|move|p1b: Sua|Shadow Ball|p2b: Tyranitar\n|-resisted|p2b: Tyranitar|1\n|-damage|p2b: Tyranitar|78/100\n|\n|-weather|Sandstorm|[upkeep]\n|-damage|p1b: Sua|4/100|[from] Sandstorm\n|-heal|p2b: Tyranitar|84/100|[from] item: Leftovers\n|upkeep\n|turn|3\n|inactive|XxStpYTxX has 30 seconds left.\n|inactive|srpelea has 30 seconds left.\n|\n|t:|1776208580\n|move|p2a: Excadrill|Protect|p2a: Excadrill\n|-singleturn|p2a: Excadrill|Protect\n|move|p1a: Byrd V2|Tailwind|p1a: Byrd V2\n|-sidestart|p1: XxStpYTxX|move: Tailwind\n|move|p1b: Sua|Shadow Ball|p2a: Excadrill\n|-activate|p2a: Excadrill|move: Protect\n|move|p2b: Tyranitar|Rock Slide|p1b: Sua|[spread] p1a,p1b\n|-supereffective|p1a: Byrd V2|1\n|-supereffective|p1b: Sua|1\n|-damage|p1a: Byrd V2|16/100\n|-damage|p1b: Sua|0 fnt\n|faint|p1b: Sua\n|\n|-weather|Sandstorm|[upkeep]\n|-heal|p2b: Tyranitar|90/100|[from] item: Leftovers\n|upkeep\n|\n|t:|1776208597\n|switch|p1b: Dad|Tauros-Paldea-Aqua, L50, M, shiny|100/100\n|-ability|p1b: Dad|Intimidate|boost\n|-unboost|p2a: Excadrill|atk|1\n|-unboost|p2b: Tyranitar|atk|1\n|turn|4\n|\n|t:|1776208616\n|switch|p2a: Incineroar|Incineroar, L50, M|100/100\n|-ability|p2a: Incineroar|Intimidate|boost\n|-unboost|p1a: Byrd V2|atk|1\n|-unboost|p1b: Dad|atk|1\n|-enditem|p1b: Dad|White Herb\n|-clearnegativeboost|p1b: Dad|[silent]\n|switch|p2b: Gallade|Gallade, L50, M|100/100\n|move|p1a: Byrd V2|Rock Slide|p2a: Incineroar|[spread] p2a,p2b\n|-supereffective|p2a: Incineroar|1\n|-resisted|p2b: Gallade|1\n|-crit|p2b: Gallade\n|-damage|p2a: Incineroar|72/100\n|-damage|p2b: Gallade|70/100\n|move|p1b: Dad|Wave Crash|p2a: Incineroar\n|-supereffective|p2a: Incineroar|1\n|-damage|p2a: Incineroar|0 fnt\n|faint|p2a: Incineroar\n|-damage|p1b: Dad|76/100|[from] Recoil\n|\n|-weather|Sandstorm|[upkeep]\n|-damage|p1b: Dad|70/100|[from] Sandstorm\n|-damage|p2b: Gallade|64/100|[from] Sandstorm\n|upkeep\n|\n|t:|1776208638\n|switch|p2a: Excadrill|Excadrill, L50, M|100/100\n|turn|5\n|\n|t:|1776208651\n|detailschange|p2b: Gallade|Gallade-Mega, L50, M\n|-mega|p2b: Gallade|Gallade|Galladite\n|move|p1a: Byrd V2|Dual Wingbeat|p2b: Gallade\n|-supereffective|p2b: Gallade|1\n|-damage|p2b: Gallade|41/100\n|-supereffective|p2b: Gallade|1\n|-damage|p2b: Gallade|16/100\n|-hitcount|p2b: Gallade|2\n|move|p1b: Dad|Wave Crash|p2a: Excadrill\n|-supereffective|p2a: Excadrill|1\n|-enditem|p2a: Excadrill|Focus Sash\n|-damage|p2a: Excadrill|1/100\n|-damage|p1b: Dad|33/100|[from] Recoil\n|move|p2a: Excadrill|Rock Slide|p1b: Dad|[spread] p1a,p1b\n|-supereffective|p1a: Byrd V2|1\n|-resisted|p1b: Dad|1\n|-damage|p1a: Byrd V2|0 fnt\n|-damage|p1b: Dad|23/100\n|faint|p1a: Byrd V2\n|move|p2b: Gallade|Psycho Cut|p1b: Dad\n|-supereffective|p1b: Dad|1\n|-crit|p1b: Dad\n|-damage|p1b: Dad|0 fnt\n|faint|p1b: Dad\n|\n|-weather|Sandstorm|[upkeep]\n|-damage|p2b: Gallade|10/100|[from] Sandstorm\n|upkeep\n|\n|t:|1776208673\n|switch|p1a: Mizi|Meganium, L50, F|100/100\n|turn|6\n|\n|t:|1776208688\n|detailschange|p1a: Mizi|Meganium-Mega, L50, F\n|-mega|p1a: Mizi|Meganium|Meganiumite\n|move|p2a: Excadrill|Protect|p2a: Excadrill\n|-singleturn|p2a: Excadrill|Protect\n|move|p2b: Gallade|Protect|p2b: Gallade\n|-singleturn|p2b: Gallade|Protect\n|move|p1a: Mizi|Dazzling Gleam|p2a: Excadrill|[spread] \n|-activate|p2a: Excadrill|move: Protect\n|-activate|p2b: Gallade|move: Protect\n|\n|-weather|none\n|-sideend|p1: XxStpYTxX|move: Tailwind\n|upkeep\n|turn|7\n|\n|t:|1776208706\n|move|p2b: Gallade|Triple Axel|p1a: Mizi\n|-supereffective|p1a: Mizi|1\n|-damage|p1a: Mizi|85/100\n|-supereffective|p1a: Mizi|1\n|-damage|p1a: Mizi|56/100\n|-supereffective|p1a: Mizi|1\n|-damage|p1a: Mizi|13/100\n|-hitcount|p1a: Mizi|3\n|move|p1a: Mizi|Dazzling Gleam|p2b: Gallade|[spread] p2a,p2b\n|-resisted|p2a: Excadrill|1\n|-supereffective|p2b: Gallade|1\n|-damage|p2a: Excadrill|0 fnt\n|-damage|p2b: Gallade|0 fnt\n|faint|p2a: Excadrill\n|faint|p2b: Gallade\n|\n|upkeep\n|\n|t:|1776208721\n|switch|p2b: Tyranitar|Tyranitar, L50, F|90/100\n|-weather|Sandstorm|[from] ability: Sand Stream|[of] p2b: Tyranitar\n|turn|8\n|\n|t:|1776208732\n|move|p2b: Tyranitar|Protect|p2b: Tyranitar\n|-singleturn|p2b: Tyranitar|Protect\n|move|p1a: Mizi|Solar Beam||[still]\n|-prepare|p1a: Mizi|Solar Beam\n|-activate|p1a: Mizi|ability: Mega Sol\n|-anim|p1a: Mizi|Solar Beam|p2b: Tyranitar\n|-activate|p2b: Tyranitar|move: Protect\n|\n|-weather|Sandstorm|[upkeep]\n|-damage|p1a: Mizi|7/100|[from] Sandstorm\n|-heal|p2b: Tyranitar|97/100|[from] item: Leftovers\n|upkeep\n|turn|9\n|\n|t:|1776208746\n|move|p1a: Mizi|Solar Beam||[still]\n|-prepare|p1a: Mizi|Solar Beam\n|-activate|p1a: Mizi|ability: Mega Sol\n|-anim|p1a: Mizi|Solar Beam|p2b: Tyranitar\n|-supereffective|p2b: Tyranitar|1\n|-damage|p2b: Tyranitar|0 fnt\n|faint|p2b: Tyranitar\n|\n|win|XxStpYTxX\n|raw|XxStpYTxX's rating: 1098 &rarr; <strong>1121</strong><br />(+23 for winning)\n|raw|srpelea's rating: 1073 &rarr; <strong>1054</strong><br />(-19 for losing)\n|c|\u2606XxStpYTxX|gg\n|c|\u2606XxStpYTxX|wp\n|c|\u2606XxStpYTxX|won with the skin of my teeth\n|c|\u2606XxStpYTxX|I didn't know if it'd kill\n",
  "uploadtime": 1776208780,
  "views": 15,
  "formatid": "gen9championsvgc2026regma",
  "rating": 1054,
  "private": 0,
  "password": null
}