{
  "id": "gen9championsvgc2026regma-2583379562",
  "format": "[Gen 9 Champions] VGC 2026 Reg M-A",
  "players": [
    "KKameleon8",
    "KogaAF1219"
  ],
  "log": "|j|\u2606KKameleon8\n|j|\u2606KogaAF1219\n|t:|1776171550\n|gametype|doubles\n|player|p1|KKameleon8|steven|1203\n|player|p2|KogaAF1219|koga|1215\n|gen|9\n|tier|[Gen 9 Champions] VGC 2026 Reg M-A\n|rated|\n|rule|Species Clause: Limit one of each Pok\u00e9mon\n|rule|Item Clause: Limit 1 of each item\n|clearpoke\n|poke|p1|Froslass, L50, F|\n|poke|p1|Kingambit, L50, F|\n|poke|p1|Sneasler, L50, M|\n|poke|p1|Milotic, L50, F|\n|poke|p1|Garchomp, L50, M|\n|poke|p1|Sinistcha, L50|\n|poke|p2|Torkoal, L50, F|\n|poke|p2|Venusaur, L50, F|\n|poke|p2|Incineroar, L50, M|\n|poke|p2|Farigiraf, L50, F|\n|poke|p2|Rotom-Fan, L50|\n|poke|p2|Excadrill, L50, F|\n|teampreview|4\n|\n|t:|1776171578\n|teamsize|p1|4\n|teamsize|p2|4\n|start\n|switch|p1a: Froslass|Froslass, L50, F|100/100\n|switch|p1b: Milotic|Milotic, L50, F|100/100\n|switch|p2a: Rotom|Rotom-Fan, L50|100/100\n|switch|p2b: Farigiraf|Farigiraf, L50, F|100/100\n|turn|1\n|\n|t:|1776171603\n|detailschange|p1a: Froslass|Froslass-Mega, L50, F\n|-mega|p1a: Froslass|Froslass|Froslassite\n|-weather|Snowscape|[from] ability: Snow Warning|[of] p1a: Froslass\n|move|p2a: Rotom|Volt Switch|p1b: Milotic\n|-supereffective|p1b: Milotic|1\n|-damage|p1b: Milotic|64/100\n|\n|t:|1776171609\n|switch|p2a: Torkoal|Torkoal, L50, F|100/100|[from] Volt Switch\n|-weather|SunnyDay|[from] ability: Drought|[of] p2a: Torkoal\n|move|p1a: Froslass|Blizzard|p2a: Torkoal|[spread] p2a\n|-miss|p1a: Froslass|p2b: Farigiraf\n|-resisted|p2a: Torkoal|1\n|-damage|p2a: Torkoal|75/100\n|move|p1b: Milotic|Scald|p2b: Farigiraf\n|-damage|p2b: Farigiraf|86/100\n|move|p2b: Farigiraf|Trick Room|p2b: Farigiraf\n|-fieldstart|move: Trick Room|[of] p2b: Farigiraf\n|\n|-weather|SunnyDay|[upkeep]\n|-heal|p1b: Milotic|70/100|[from] item: Leftovers\n|upkeep\n|turn|2\n|\n|t:|1776171626\n|switch|p1a: Garchomp|Garchomp, L50, M|100/100\n|move|p2a: Torkoal|Eruption|p1b: Milotic|[spread] p1a,p1b\n|-resisted|p1a: Garchomp|1\n|-resisted|p1b: Milotic|1\n|-damage|p1a: Garchomp|70/100\n|-damage|p1b: Milotic|49/100\n|move|p2b: Farigiraf|Thunderbolt|p1b: Milotic\n|-supereffective|p1b: Milotic|1\n|-damage|p1b: Milotic|9/100\n|move|p1b: Milotic|Life Dew|p1b: Milotic|[spread] p1a,p1b\n|-heal|p1a: Garchomp|96/100\n|-heal|p1b: Milotic|35/100\n|\n|-weather|SunnyDay|[upkeep]\n|-heal|p1b: Milotic|41/100|[from] item: Leftovers\n|upkeep\n|turn|3\n|\n|t:|1776171643\n|switch|p2a: Incineroar|Incineroar, L50, M|100/100\n|-ability|p2a: Incineroar|Intimidate|boost\n|-unboost|p1a: Garchomp|atk|1\n|-unboost|p1b: Milotic|atk|1\n|-ability|p1b: Milotic|Competitive|boost\n|-boost|p1b: Milotic|spa|2\n|move|p1b: Milotic|Protect|p1b: Milotic\n|-singleturn|p1b: Milotic|Protect\n|move|p2b: Farigiraf|Thunderbolt|p1b: Milotic\n|-activate|p1b: Milotic|move: Protect\n|move|p1a: Garchomp|Earthquake|p2a: Incineroar|[spread] p2a,p2b\n|-activate|p1b: Milotic|move: Protect\n|-supereffective|p2a: Incineroar|1\n|-damage|p2a: Incineroar|44/100\n|-damage|p2b: Farigiraf|56/100\n|\n|-weather|SunnyDay|[upkeep]\n|-heal|p1b: Milotic|47/100|[from] item: Leftovers\n|upkeep\n|turn|4\n|\n|t:|1776171656\n|switch|p1a: Froslass|Froslass-Mega, L50, F|100/100\n|-weather|Snowscape|[from] ability: Snow Warning|[of] p1a: Froslass\n|move|p2b: Farigiraf|Thunderbolt|p1b: Milotic\n|-supereffective|p1b: Milotic|1\n|-damage|p1b: Milotic|3/100\n|move|p2a: Incineroar|Close Combat|p1b: Milotic\n|-damage|p1b: Milotic|0 fnt\n|-unboost|p2a: Incineroar|def|1\n|-unboost|p2a: Incineroar|spd|1\n|faint|p1b: Milotic\n|\n|-weather|Snowscape|[upkeep]\n|upkeep\n|\n|t:|1776171663\n|switch|p1b: Garchomp|Garchomp, L50, M|96/100\n|turn|5\n|\n|t:|1776171676\n|move|p1a: Froslass|Protect|p1a: Froslass\n|-singleturn|p1a: Froslass|Protect\n|move|p2b: Farigiraf|Dazzling Gleam|p1b: Garchomp|[spread] p1b\n|-activate|p1a: Froslass|move: Protect\n|-supereffective|p1b: Garchomp|1\n|-damage|p1b: Garchomp|53/100\n|move|p2a: Incineroar|Parting Shot|p1b: Garchomp\n|-unboost|p1b: Garchomp|atk|1\n|-unboost|p1b: Garchomp|spa|1\n|\n|t:|1776171684\n|switch|p2a: Rotom|Rotom-Fan, L50|100/100|[from] Parting Shot\n|move|p1b: Garchomp|Earthquake|p2a: Rotom|[spread] p2b\n|-activate|p1a: Froslass|move: Protect\n|-immune|p2a: Rotom\n|-damage|p2b: Farigiraf|26/100\n|\n|-weather|Snowscape|[upkeep]\n|-fieldend|move: Trick Room\n|upkeep\n|turn|6\n|\n|t:|1776171701\n|switch|p2b: Torkoal|Torkoal, L50, F|75/100\n|-weather|SunnyDay|[from] ability: Drought|[of] p2b: Torkoal\n|move|p1b: Garchomp|Earthquake|p2b: Torkoal|[spread] p1a,p2b\n|-immune|p2a: Rotom\n|-supereffective|p2b: Torkoal|1\n|-damage|p1a: Froslass|51/100\n|-damage|p2b: Torkoal|31/100\n|move|p2a: Rotom|Will-O-Wisp|p1b: Garchomp\n|-status|p1b: Garchomp|brn\n|move|p1a: Froslass|Aurora Veil||[still]\n|-fail|p1a: Froslass\n|\n|-weather|SunnyDay|[upkeep]\n|-damage|p1b: Garchomp|47/100 brn|[from] brn\n|upkeep\n|turn|7\n|\n|t:|1776171727\n|switch|p2a: Incineroar|Incineroar, L50, M|44/100\n|-ability|p2a: Incineroar|Intimidate|boost\n|-unboost|p1a: Froslass|atk|1\n|-unboost|p1b: Garchomp|atk|1\n|switch|p1a: Sinistcha|Sinistcha, L50|100/100\n|-heal|p1b: Garchomp|72/100 brn|[from] ability: Hospitality|[of] p1a: Sinistcha\n|move|p1b: Garchomp|Earthquake|p2b: Torkoal|[spread] p1a,p2a,p2b\n|-resisted|p1a: Sinistcha|1\n|-supereffective|p2a: Incineroar|1\n|-supereffective|p2b: Torkoal|1\n|-damage|p1a: Sinistcha|97/100\n|-damage|p2a: Incineroar|23/100\n|-damage|p2b: Torkoal|16/100\n|move|p2b: Torkoal|Weather Ball|p1a: Sinistcha\n|-supereffective|p1a: Sinistcha|1\n|-damage|p1a: Sinistcha|0 fnt\n|faint|p1a: Sinistcha\n|\n|-weather|SunnyDay|[upkeep]\n|-damage|p1b: Garchomp|66/100 brn|[from] brn\n|upkeep\n|\n|t:|1776171732\n|switch|p1a: Froslass|Froslass-Mega, L50, F|51/100\n|-weather|Snowscape|[from] ability: Snow Warning|[of] p1a: Froslass\n|turn|8\n|\n|t:|1776171747\n|switch|p2b: Farigiraf|Farigiraf, L50, F|26/100\n|move|p2a: Incineroar|Fake Out|p1b: Garchomp\n|-damage|p1b: Garchomp|52/100 brn\n|-damage|p2a: Incineroar|10/100|[from] ability: Rough Skin|[of] p1b: Garchomp\n|cant|p1b: Garchomp|flinch\n|move|p1a: Froslass|Blizzard|p2b: Farigiraf|[spread] p2a,p2b\n|-resisted|p2a: Incineroar|1\n|-damage|p2a: Incineroar|0 fnt\n|-damage|p2b: Farigiraf|0 fnt\n|faint|p2a: Incineroar\n|faint|p2b: Farigiraf\n|\n|-weather|Snowscape|[upkeep]\n|-damage|p1b: Garchomp|46/100 brn|[from] brn\n|upkeep\n|\n|t:|1776171752\n|switch|p2a: Torkoal|Torkoal, L50, F|16/100\n|switch|p2b: Rotom|Rotom-Fan, L50|100/100\n|-weather|SunnyDay|[from] ability: Drought|[of] p2a: Torkoal\n|turn|9\n|\n|t:|1776171768\n|move|p1a: Froslass|Protect|p1a: Froslass\n|-singleturn|p1a: Froslass|Protect\n|move|p1b: Garchomp|Earthquake|p2b: Rotom|[spread] p2a\n|-activate|p1a: Froslass|move: Protect\n|-immune|p2b: Rotom\n|-supereffective|p2a: Torkoal|1\n|-damage|p2a: Torkoal|0 fnt\n|faint|p2a: Torkoal\n|move|p2b: Rotom|Air Slash|p1a: Froslass\n|-activate|p1a: Froslass|move: Protect\n|\n|-weather|SunnyDay|[upkeep]\n|-damage|p1b: Garchomp|40/100 brn|[from] brn\n|upkeep\n|turn|10\n|\n|t:|1776171776\n|move|p1b: Garchomp|Earthquake|p2b: Rotom|[spread] p1a\n|-immune|p2b: Rotom\n|-damage|p1a: Froslass|33/100\n|move|p2b: Rotom|Air Slash|p1a: Froslass|[miss]\n|-miss|p2b: Rotom|p1a: Froslass\n|move|p1a: Froslass|Shadow Ball|p2b: Rotom\n|-damage|p2b: Rotom|52/100\n|\n|-weather|SunnyDay|[upkeep]\n|-damage|p1b: Garchomp|34/100 brn|[from] brn\n|upkeep\n|turn|11\n|\n|t:|1776171788\n|move|p1b: Garchomp|Earthquake|p2b: Rotom|[spread] p1a\n|-immune|p2b: Rotom\n|-damage|p1a: Froslass|16/100\n|move|p2b: Rotom|Air Slash|p1a: Froslass\n|-crit|p1a: Froslass\n|-damage|p1a: Froslass|0 fnt\n|faint|p1a: Froslass\n|\n|-weather|SunnyDay|[upkeep]\n|-damage|p1b: Garchomp|28/100 brn|[from] brn\n|upkeep\n|turn|12\n|-message|KKameleon8 forfeited.\n|\n|win|KogaAF1219\n|raw|KKameleon8's rating: 1203 &rarr; <strong>1179</strong><br />(-24 for losing)\n|raw|KogaAF1219's rating: 1215 &rarr; <strong>1239</strong><br />(+24 for winning)\n|l|\u2606KKameleon8\n|player|p1|\n",
  "uploadtime": 1776171842,
  "views": 21,
  "formatid": "gen9championsvgc2026regma",
  "rating": 1179,
  "private": 0,
  "password": null
}