{
  "id": "gen9championsvgc2026regma-2585178068",
  "format": "[Gen 9 Champions] VGC 2026 Reg M-A",
  "players": [
    "txpxyy",
    "Jurdghy"
  ],
  "log": "|j|\u2606txpxyy\n|j|\u2606Jurdghy\n|t:|1776321507\n|gametype|doubles\n|player|p1|txpxyy|marshal|1000\n|player|p2|Jurdghy|harlequin|1000\n|gen|9\n|tier|[Gen 9 Champions] VGC 2026 Reg M-A\n|rated|\n|rule|Species Clause: Limit one of each Pok\u00e9mon\n|rule|Item Clause: Limit 1 of each item\n|clearpoke\n|poke|p1|Mimikyu, L50, F|\n|poke|p1|Clawitzer, L50, M|\n|poke|p1|Beedrill, L50, M|\n|poke|p1|Scizor, L50, M|\n|poke|p1|Talonflame, L50, M|\n|poke|p1|Incineroar, L50, M|\n|poke|p2|Excadrill, L50, F|\n|poke|p2|Talonflame, L50, M|\n|poke|p2|Basculegion, L50, M|\n|poke|p2|Ninetales-Alola, L50, F|\n|poke|p2|Delphox, L50, M|\n|poke|p2|Farigiraf, L50, M|\n|teampreview|4\n|\n|t:|1776321538\n|teamsize|p1|4\n|teamsize|p2|4\n|start\n|switch|p1a: Clawitzer|Clawitzer, L50, M|100/100\n|switch|p1b: Talonflame|Talonflame, L50, M|100/100\n|switch|p2a: Basculegion|Basculegion, L50, M|100/100\n|switch|p2b: Delphox|Delphox, L50, M|100/100\n|turn|1\n|\n|t:|1776321569\n|move|p2b: Delphox|Protect|p2b: Delphox\n|-singleturn|p2b: Delphox|Protect\n|move|p1b: Talonflame|Tailwind|p1b: Talonflame\n|-sidestart|p1: txpxyy|move: Tailwind\n|move|p1a: Clawitzer|Water Pulse|p2b: Delphox\n|-activate|p2b: Delphox|move: Protect\n|move|p2a: Basculegion|Flip Turn|p1b: Talonflame\n|-supereffective|p1b: Talonflame|1\n|-enditem|p1b: Talonflame|Focus Sash\n|-damage|p1b: Talonflame|1/100\n|\n|t:|1776321581\n|switch|p2a: Farigiraf|Farigiraf, L50, M|100/100|[from] Flip Turn\n|\n|upkeep\n|turn|2\n|\n|t:|1776321589\n|switch|p2b: Basculegion|Basculegion, L50, M|100/100\n|move|p1b: Talonflame|U-turn|p2a: Farigiraf\n|-supereffective|p2a: Farigiraf|1\n|-damage|p2a: Farigiraf|69/100\n|\n|t:|1776321595\n|switch|p1b: Incineroar|Incineroar, L50, M|100/100|[from] U-turn\n|-ability|p1b: Incineroar|Intimidate|boost\n|-unboost|p2a: Farigiraf|atk|1\n|-unboost|p2b: Basculegion|atk|1\n|move|p1a: Clawitzer|Water Pulse|p2b: Basculegion\n|-resisted|p2b: Basculegion|1\n|-damage|p2b: Basculegion|75/100\n|move|p2a: Farigiraf|Trick Room|p2a: Farigiraf\n|-fieldstart|move: Trick Room|[of] p2a: Farigiraf\n|\n|upkeep\n|turn|3\n|\n|t:|1776321612\n|move|p2a: Farigiraf|Psychic|p1a: Clawitzer\n|-damage|p1a: Clawitzer|67/100\n|move|p2b: Basculegion|Wave Crash|p1b: Incineroar\n|-supereffective|p1b: Incineroar|1\n|-damage|p1b: Incineroar|0 fnt\n|faint|p1b: Incineroar\n|-damage|p2b: Basculegion|47/100|[from] Recoil\n|move|p1a: Clawitzer|Water Pulse|p2a: Farigiraf\n|-damage|p2a: Farigiraf|29/100\n|\n|upkeep\n|\n|t:|1776321626\n|switch|p1b: Scizor|Scizor, L50, M|100/100\n|turn|4\n|\n|t:|1776321640\n|detailschange|p1b: Scizor|Scizor-Mega, L50, M\n|-mega|p1b: Scizor|Scizor|Scizorite\n|move|p1b: Scizor|Bullet Punch||[still]\n|cant|p2a: Farigiraf|ability: Armor Tail|Bullet Punch|[of] p1b: Scizor\n|move|p2a: Farigiraf|Psychic|p1a: Clawitzer\n|-damage|p1a: Clawitzer|31/100\n|move|p2b: Basculegion|Wave Crash|p1b: Scizor\n|-damage|p1b: Scizor|53/100\n|-damage|p2b: Basculegion|34/100|[from] Recoil\n|move|p1a: Clawitzer|Water Pulse|p2a: Farigiraf\n|-damage|p2a: Farigiraf|0 fnt\n|faint|p2a: Farigiraf\n|\n|-sideend|p1: txpxyy|move: Tailwind\n|upkeep\n|\n|t:|1776321659\n|switch|p2a: Ninetales|Ninetales-Alola, L50, F|100/100\n|-weather|Snowscape|[from] ability: Snow Warning|[of] p2a: Ninetales\n|turn|5\n|\n|t:|1776321675\n|move|p2a: Ninetales|Protect|p2a: Ninetales\n|-singleturn|p2a: Ninetales|Protect\n|move|p1b: Scizor|Bullet Punch|p2b: Basculegion\n|-resisted|p2b: Basculegion|1\n|-damage|p2b: Basculegion|16/100\n|move|p1a: Clawitzer|Water Pulse|p2b: Basculegion\n|-resisted|p2b: Basculegion|1\n|-damage|p2b: Basculegion|0 fnt\n|faint|p2b: Basculegion\n|\n|-weather|Snowscape|[upkeep]\n|upkeep\n|\n|t:|1776321683\n|switch|p2b: Delphox|Delphox, L50, M|100/100\n|turn|6\n|\n|t:|1776321691\n|detailschange|p2b: Delphox|Delphox-Mega, L50, M\n|-mega|p2b: Delphox|Delphox|Delphoxite\n|move|p1b: Scizor|Bullet Punch|p2a: Ninetales\n|-supereffective|p2a: Ninetales|2\n|-crit|p2a: Ninetales\n|-damage|p2a: Ninetales|0 fnt\n|faint|p2a: Ninetales\n|move|p1a: Clawitzer|Water Pulse|p2b: Delphox\n|-supereffective|p2b: Delphox|1\n|-damage|p2b: Delphox|14/100\n|move|p2b: Delphox|Heat Wave|p1b: Scizor|[spread] p1a,p1b\n|-resisted|p1a: Clawitzer|1\n|-supereffective|p1b: Scizor|2\n|-damage|p1a: Clawitzer|8/100\n|-damage|p1b: Scizor|0 fnt\n|faint|p1b: Scizor\n|\n|-weather|Snowscape|[upkeep]\n|-fieldend|move: Trick Room\n|upkeep\n|\n|t:|1776321704\n|switch|p1b: Talonflame|Talonflame, L50, M|1/100\n|turn|7\n|\n|t:|1776321714\n|move|p2b: Delphox|Heat Wave|p1b: Talonflame|[spread] p1a,p1b\n|-resisted|p1a: Clawitzer|1\n|-resisted|p1b: Talonflame|1\n|-damage|p1a: Clawitzer|0 fnt\n|-damage|p1b: Talonflame|0 fnt\n|faint|p1a: Clawitzer\n|faint|p1b: Talonflame\n|\n|win|Jurdghy\n|raw|txpxyy's rating: 1000 &rarr; <strong>1000</strong><br />(+0 for losing)\n|raw|Jurdghy's rating: 1000 &rarr; <strong>1040</strong><br />(+40 for winning)\n|l|\u2606Jurdghy\n|player|p2|\n|c|\u2606txpxyy|bruh\n|c|\u2606txpxyy|gg\n",
  "uploadtime": 1776321901,
  "views": 20,
  "formatid": "gen9championsvgc2026regma",
  "rating": 1000,
  "private": 0,
  "password": null
}