{
  "id": "gen9championsvgc2026regma-2585947938",
  "format": "[Gen 9 Champions] VGC 2026 Reg M-A",
  "players": [
    "Shakhdsh",
    "OmniverseCommander"
  ],
  "log": "|j|\u203dShakhdsh\n|j|\u2606OmniverseCommander\n|t:|1776384121\n|gametype|doubles\n|player|p1|Shakhdsh|169|1000\n|player|p2|OmniverseCommander|101|1045\n|gen|9\n|tier|[Gen 9 Champions] VGC 2026 Reg M-A\n|rated|\n|rule|Species Clause: Limit one of each Pok\u00e9mon\n|rule|Item Clause: Limit 1 of each item\n|clearpoke\n|poke|p1|Ampharos, L50, F|\n|poke|p1|Sinistcha, L50|\n|poke|p1|Gyarados, L50, F|\n|poke|p1|Incineroar, L50, M|\n|poke|p1|Sylveon, L50, F|\n|poke|p1|Kingambit, L50, M|\n|poke|p2|Pelipper, L50, F|\n|poke|p2|Dragonite, L50, F|\n|poke|p2|Archaludon, L50, M|\n|poke|p2|Basculegion, L50, M|\n|poke|p2|Sneasler, L50, M|\n|poke|p2|Rotom-Heat, L50|\n|teampreview|4\n|\n|t:|1776384144\n|teamsize|p1|4\n|teamsize|p2|4\n|start\n|switch|p1a: Sinistcha|Sinistcha, L50|100/100\n|switch|p1b: Incineroar|Incineroar, L50, M, shiny|100/100\n|switch|p2a: Pelipper|Pelipper, L50, F|100/100\n|switch|p2b: Dragonite|Dragonite, L50, F|100/100\n|-weather|RainDance|[from] ability: Drizzle|[of] p2a: Pelipper\n|-ability|p1b: Incineroar|Intimidate|boost\n|-unboost|p2a: Pelipper|atk|1\n|-unboost|p2b: Dragonite|atk|1\n|turn|1\n|\n|t:|1776384190\n|move|p1b: Incineroar|Fake Out|p2a: Pelipper\n|-damage|p2a: Pelipper|86/100\n|move|p2b: Dragonite|Thunder|p1a: Sinistcha\n|-resisted|p1a: Sinistcha|1\n|-damage|p1a: Sinistcha|80/100\n|cant|p2a: Pelipper|flinch\n|move|p1a: Sinistcha|Trick Room|p1a: Sinistcha\n|-fieldstart|move: Trick Room|[of] p1a: Sinistcha\n|\n|-weather|RainDance|[upkeep]\n|-heal|p1a: Sinistcha|86/100|[from] item: Leftovers\n|upkeep\n|turn|2\n|\n|t:|1776384229\n|switch|p1a: Ampharos|Ampharos, L50, F, shiny|100/100\n|move|p1b: Incineroar|Parting Shot|p2b: Dragonite\n|-unboost|p2b: Dragonite|atk|1\n|-unboost|p2b: Dragonite|spa|1\n|\n|t:|1776384235\n|switch|p1b: Sylveon|Sylveon, L50, F, shiny|100/100|[from] Parting Shot\n|move|p2a: Pelipper|Weather Ball|p1b: Sylveon\n|-damage|p1b: Sylveon|44/100\n|move|p2b: Dragonite|Tailwind|p2b: Dragonite\n|-sidestart|p2: OmniverseCommander|move: Tailwind\n|\n|-weather|RainDance|[upkeep]\n|upkeep\n|turn|3\n|\n|t:|1776384266\n|switch|p2a: Archaludon|Archaludon, L50, M|100/100\n|detailschange|p1a: Ampharos|Ampharos-Mega, L50, F, shiny\n|-mega|p1a: Ampharos|Ampharos|Ampharosite\n|-ability|p1a: Ampharos|Mold Breaker\n|move|p1a: Ampharos|Dragon Pulse|p2b: Dragonite\n|-supereffective|p2b: Dragonite|1\n|-damage|p2b: Dragonite|0 fnt\n|faint|p2b: Dragonite\n|move|p1b: Sylveon|Hyper Voice|p2a: Archaludon\n|-damage|p2a: Archaludon|44/100\n|-ability|p2a: Archaludon|Stamina|boost\n|-boost|p2a: Archaludon|def|1\n|\n|-weather|RainDance|[upkeep]\n|-heal|p2a: Archaludon|50/100|[from] item: Leftovers\n|upkeep\n|\n|t:|1776384282\n|switch|p2b: Basculegion|Basculegion, L50, M|100/100\n|turn|4\n|inactive|Battle timer is ON: inactive players will automatically lose when time's up. (requested by Shakhdsh)\n|\n|t:|1776384305\n|move|p2b: Basculegion|Aqua Jet|p1b: Sylveon\n|-damage|p1b: Sylveon|0 fnt\n|faint|p1b: Sylveon\n|move|p1a: Ampharos|Dragon Pulse|p2a: Archaludon\n|-damage|p2a: Archaludon|0 fnt\n|faint|p2a: Archaludon\n|\n|-weather|RainDance|[upkeep]\n|upkeep\n|\n|t:|1776384316\n|switch|p1b: Incineroar|Incineroar, L50, M, shiny|100/100\n|switch|p2a: Pelipper|Pelipper, L50, F|86/100\n|-ability|p1b: Incineroar|Intimidate|boost\n|-unboost|p2a: Pelipper|atk|1\n|-unboost|p2b: Basculegion|atk|1\n|turn|5\n|\n|t:|1776384332\n|move|p2b: Basculegion|Aqua Jet|p1b: Incineroar\n|-supereffective|p1b: Incineroar|1\n|-crit|p1b: Incineroar\n|-damage|p1b: Incineroar|0 fnt\n|faint|p1b: Incineroar\n|move|p1a: Ampharos|Thunderbolt|p2a: Pelipper\n|-supereffective|p2a: Pelipper|2\n|-damage|p2a: Pelipper|0 fnt\n|faint|p2a: Pelipper\n|\n|-weather|none\n|-sideend|p2: OmniverseCommander|move: Tailwind\n|-fieldend|move: Trick Room\n|upkeep\n|\n|t:|1776384344\n|switch|p1b: Sinistcha|Sinistcha, L50|86/100\n|turn|6\n|\n|t:|1776384355\n|move|p2b: Basculegion|Last Respects|p1b: Sinistcha\n|-supereffective|p1b: Sinistcha|1\n|-damage|p1b: Sinistcha|0 fnt\n|faint|p1b: Sinistcha\n|move|p1a: Ampharos|Thunderbolt|p2b: Basculegion\n|-supereffective|p2b: Basculegion|1\n|-damage|p2b: Basculegion|0 fnt\n|faint|p2b: Basculegion\n|\n|win|Shakhdsh\n|raw|Shakhdsh's rating: 1000 &rarr; <strong>1045</strong><br />(+45 for winning)\n|raw|OmniverseCommander's rating: 1045 &rarr; <strong>1026</strong><br />(-19 for losing)\n",
  "uploadtime": 1776384367,
  "views": 16,
  "formatid": "gen9championsvgc2026regma",
  "rating": 1026,
  "private": 0,
  "password": null
}