{
  "id": "gen9championsvgc2026regma-2585083726",
  "format": "[Gen 9 Champions] VGC 2026 Reg M-A",
  "players": [
    "joymaxxing",
    "EifieLisa"
  ],
  "log": "|j|\u2606joymaxxing\n|j|\u2606EifieLisa\n|t:|1776310029\n|gametype|doubles\n|player|p1|joymaxxing|elesa|1243\n|player|p2|EifieLisa|winona|1186\n|gen|9\n|tier|[Gen 9 Champions] VGC 2026 Reg M-A\n|rated|\n|rule|Species Clause: Limit one of each Pok\u00e9mon\n|rule|Item Clause: Limit 1 of each item\n|clearpoke\n|poke|p1|Sylveon, L50, M|\n|poke|p1|Milotic, L50, M|\n|poke|p1|Whimsicott, L50, F|\n|poke|p1|Gyarados, L50, M|\n|poke|p1|Lopunny, L50, F|\n|poke|p1|Incineroar, L50, M|\n|poke|p2|Delphox, L50, F|\n|poke|p2|Aerodactyl, L50, M|\n|poke|p2|Garchomp, L50, F|\n|poke|p2|Basculegion, L50, M|\n|poke|p2|Clefable, L50, F|\n|poke|p2|Kingambit, L50, M|\n|teampreview|4\n|\n|t:|1776310082\n|teamsize|p1|4\n|teamsize|p2|4\n|start\n|switch|p1a: Lopunny|Lopunny, L50, F, shiny|100/100\n|switch|p1b: Sylveon|Sylveon, L50, M|100/100\n|switch|p2a: Aerodactyl|Aerodactyl, L50, M|100/100\n|switch|p2b: Clefable|Clefable, L50, F|100/100\n|-ability|p2a: Aerodactyl|Unnerve\n|turn|1\n|\n|t:|1776310096\n|detailschange|p1a: Lopunny|Lopunny-Mega, L50, F, shiny\n|-mega|p1a: Lopunny|Lopunny|Lopunnite\n|move|p2a: Aerodactyl|Protect|p2a: Aerodactyl\n|-singleturn|p2a: Aerodactyl|Protect\n|move|p2b: Clefable|Protect|p2b: Clefable\n|-singleturn|p2b: Clefable|Protect\n|move|p1a: Lopunny|Fake Out|p2a: Aerodactyl\n|-activate|p2a: Aerodactyl|move: Protect\n|move|p1b: Sylveon|Hyper Voice|p2b: Clefable|[spread] \n|-activate|p2a: Aerodactyl|move: Protect\n|-activate|p2b: Clefable|move: Protect\n|\n|upkeep\n|turn|2\n|\n|t:|1776310104\n|move|p2b: Clefable|Follow Me|p2b: Clefable\n|-singleturn|p2b: Clefable|move: Follow Me\n|move|p1a: Lopunny|Triple Axel|p2b: Clefable\n|-damage|p2b: Clefable|94/100\n|-damage|p2b: Clefable|80/100\n|-damage|p2b: Clefable|60/100\n|-hitcount|p2b: Clefable|3\n|move|p2a: Aerodactyl|Tailwind|p2a: Aerodactyl\n|-sidestart|p2: EifieLisa|move: Tailwind\n|move|p1b: Sylveon|Hyper Voice|p2a: Aerodactyl|[spread] p2a,p2b\n|-damage|p2a: Aerodactyl|27/100\n|-damage|p2b: Clefable|19/100\n|-enditem|p2b: Clefable|Sitrus Berry|[eat]\n|-heal|p2b: Clefable|44/100|[from] item: Sitrus Berry\n|\n|upkeep\n|turn|3\n|\n|t:|1776310119\n|switch|p1a: Incineroar|Incineroar, L50, M, shiny|100/100\n|-ability|p1a: Incineroar|Intimidate|boost\n|-unboost|p2a: Aerodactyl|atk|1\n|-unboost|p2b: Clefable|atk|1\n|move|p2a: Aerodactyl|Dual Wingbeat|p1a: Incineroar\n|-damage|p1a: Incineroar|90/100\n|-damage|p1a: Incineroar|80/100\n|-hitcount|p1a: Incineroar|2\n|move|p2b: Clefable|Moonblast|p1b: Sylveon\n|-damage|p1b: Sylveon|74/100\n|move|p1b: Sylveon|Hyper Voice|p2a: Aerodactyl|[spread] p2a,p2b\n|-crit|p2a: Aerodactyl\n|-damage|p2a: Aerodactyl|0 fnt\n|-damage|p2b: Clefable|0 fnt\n|faint|p2a: Aerodactyl\n|faint|p2b: Clefable\n|\n|upkeep\n|\n|t:|1776310124\n|switch|p2a: Delphox|Delphox, L50, F|100/100\n|switch|p2b: Basculegion|Basculegion, L50, M|100/100\n|turn|4\n|\n|t:|1776310156\n|detailschange|p2a: Delphox|Delphox-Mega, L50, F\n|-mega|p2a: Delphox|Delphox|Delphoxite\n|move|p1b: Sylveon|Protect|p1b: Sylveon\n|-singleturn|p1b: Sylveon|Protect\n|move|p2b: Basculegion|Wave Crash|p1a: Incineroar\n|-supereffective|p1a: Incineroar|1\n|-crit|p1a: Incineroar\n|-damage|p1a: Incineroar|0 fnt\n|faint|p1a: Incineroar\n|-damage|p2b: Basculegion|74/100|[from] Recoil\n|move|p2a: Delphox|Substitute|p2a: Delphox\n|-start|p2a: Delphox|Substitute\n|-damage|p2a: Delphox|75/100\n|\n|upkeep\n|\n|t:|1776310167\n|switch|p1a: Lopunny|Lopunny-Mega, L50, F, shiny|100/100\n|turn|5\n|\n|t:|1776310183\n|move|p1a: Lopunny|Fake Out|p2b: Basculegion\n|-crit|p2b: Basculegion\n|-damage|p2b: Basculegion|32/100\n|cant|p2b: Basculegion|flinch\n|move|p2a: Delphox|Heat Wave|p1a: Lopunny|[spread] p1a,p1b\n|-damage|p1a: Lopunny|39/100\n|-damage|p1b: Sylveon|42/100\n|move|p1b: Sylveon|Hyper Voice|p2b: Basculegion|[spread] p2a,p2b\n|-resisted|p2a: Delphox|1\n|-damage|p2a: Delphox|49/100\n|-damage|p2b: Basculegion|0 fnt\n|faint|p2b: Basculegion\n|\n|-sideend|p2: EifieLisa|move: Tailwind\n|upkeep\n|turn|6\n|\n|t:|1776310201\n|move|p1a: Lopunny|Close Combat|p2a: Delphox\n|-resisted|p2a: Delphox|1\n|-end|p2a: Delphox|Substitute\n|-unboost|p1a: Lopunny|def|1\n|-unboost|p1a: Lopunny|spd|1\n|move|p2a: Delphox|Heat Wave|p1a: Lopunny|[spread] p1a,p1b\n|-damage|p1a: Lopunny|0 fnt\n|-damage|p1b: Sylveon|8/100\n|faint|p1a: Lopunny\n|move|p1b: Sylveon|Hyper Voice|p2a: Delphox\n|-resisted|p2a: Delphox|1\n|-damage|p2a: Delphox|16/100\n|\n|upkeep\n|\n|t:|1776310203\n|switch|p1a: Milotic|Milotic, L50, M|100/100\n|turn|7\n|\n|t:|1776310207\n|move|p2a: Delphox|Heat Wave|p1a: Milotic|[spread] p1a\n|-miss|p2a: Delphox|p1b: Sylveon\n|-resisted|p1a: Milotic|1\n|-damage|p1a: Milotic|85/100\n|move|p1a: Milotic|Scald|p2a: Delphox\n|-supereffective|p2a: Delphox|1\n|-damage|p2a: Delphox|0 fnt\n|faint|p2a: Delphox\n|\n|win|joymaxxing\n|raw|joymaxxing's rating: 1243 &rarr; <strong>1264</strong><br />(+21 for winning)\n|raw|EifieLisa's rating: 1186 &rarr; <strong>1165</strong><br />(-21 for losing)\n|l|\u2606EifieLisa\n|player|p2|\n",
  "uploadtime": 1776310228,
  "views": 23,
  "formatid": "gen9championsvgc2026regma",
  "rating": 1165,
  "private": 0,
  "password": null
}