{
  "id": "gen9championsvgc2026regma-2587629708",
  "format": "[Gen 9 Champions] VGC 2026 Reg M-A",
  "players": [
    "FallenTurtlle",
    "gingerific"
  ],
  "log": "|j|\u2606FallenTurtlle\n|j|\u2606gingerific\n|t:|1776548489\n|gametype|doubles\n|player|p1|FallenTurtlle|serena|1198\n|player|p2|gingerific|hilbert|1183\n|gen|9\n|tier|[Gen 9 Champions] VGC 2026 Reg M-A\n|rated|\n|rule|Species Clause: Limit one of each Pok\u00e9mon\n|rule|Item Clause: Limit 1 of each item\n|clearpoke\n|poke|p1|Mamoswine, L50, F|\n|poke|p1|Aerodactyl, L50, F|\n|poke|p1|Incineroar, L50, F|\n|poke|p1|Meganium, L50, F, shiny|\n|poke|p1|Pelipper, L50, M|\n|poke|p1|Heliolisk, L50, F, shiny|\n|poke|p2|Aggron, L50, M|\n|poke|p2|Ampharos, L50, M|\n|poke|p2|Sinistcha, L50|\n|poke|p2|Farigiraf, L50, M|\n|poke|p2|Incineroar, L50, M|\n|poke|p2|Kingambit, L50, F|\n|teampreview|4\n|l|\u2606gingerific\n|player|p2|\n|j|\u2606gingerific\n|player|p2|gingerific|hilbert|\n|\n|t:|1776548532\n|teamsize|p1|4\n|teamsize|p2|4\n|start\n|switch|p1a: Mamoswine|Mamoswine, L50, F|100/100\n|switch|p1b: Incineroar|Incineroar, L50, F|100/100\n|switch|p2a: Sinistcha|Sinistcha, L50|100/100\n|switch|p2b: Incineroar|Incineroar, L50, M|100/100\n|-ability|p1b: Incineroar|Intimidate|boost\n|-unboost|p2a: Sinistcha|atk|1\n|-unboost|p2b: Incineroar|atk|1\n|-ability|p2b: Incineroar|Intimidate|boost\n|-fail|p1a: Mamoswine|unboost|Attack|[from] ability: Oblivious|[of] p1a: Mamoswine\n|-unboost|p1b: Incineroar|atk|1\n|turn|1\n|\n|t:|1776548558\n|move|p2b: Incineroar|Fake Out|p1a: Mamoswine\n|-damage|p1a: Mamoswine|90/100\n|cant|p1a: Mamoswine|flinch\n|move|p1b: Incineroar|Flare Blitz|p2a: Sinistcha\n|-supereffective|p2a: Sinistcha|1\n|-damage|p2a: Sinistcha|52/100\n|-damage|p1b: Incineroar|87/100|[from] Recoil\n|move|p2a: Sinistcha|Trick Room|p2a: Sinistcha\n|-fieldstart|move: Trick Room|[of] p2a: Sinistcha\n|\n|-heal|p1b: Incineroar|93/100|[from] item: Leftovers\n|upkeep\n|turn|2\n|l|\u2606gingerific\n|player|p2|\n|j|\u2606gingerific\n|player|p2|gingerific|hilbert|\n|\n|t:|1776548610\n|move|p1a: Mamoswine|Ice Shard|p2a: Sinistcha\n|-supereffective|p2a: Sinistcha|1\n|-damage|p2a: Sinistcha|12/100\n|move|p2b: Incineroar|Parting Shot|p1a: Mamoswine\n|-unboost|p1a: Mamoswine|atk|1\n|-unboost|p1a: Mamoswine|spa|1\n|\n|t:|1776548618\n|switch|p2b: Aggron|Aggron, L50, M|100/100|[from] Parting Shot\n|move|p2a: Sinistcha|Matcha Gotcha|p1b: Incineroar|[spread] p1a,p1b\n|-supereffective|p1a: Mamoswine|1\n|-resisted|p1b: Incineroar|1\n|-damage|p1a: Mamoswine|38/100\n|-heal|p2a: Sinistcha|42/100|[from] drain|[of] p1a: Mamoswine\n|-damage|p1b: Incineroar|84/100\n|-heal|p2a: Sinistcha|47/100|[from] drain|[of] p1b: Incineroar\n|-status|p1a: Mamoswine|brn\n|move|p1b: Incineroar|Flare Blitz|p2b: Aggron\n|-damage|p2b: Aggron|86/100\n|-damage|p1b: Incineroar|80/100|[from] Recoil\n|\n|-heal|p1b: Incineroar|86/100|[from] item: Leftovers\n|-damage|p1a: Mamoswine|32/100 brn|[from] brn\n|upkeep\n|turn|3\n|\n|t:|1776548641\n|detailschange|p2b: Aggron|Aggron-Mega, L50, M\n|-mega|p2b: Aggron|Aggron|Aggronite\n|move|p2b: Aggron|Iron Defense|p2b: Aggron\n|-boost|p2b: Aggron|def|2\n|move|p2a: Sinistcha|Life Dew|p2a: Sinistcha|[spread] p2a,p2b\n|-heal|p2a: Sinistcha|72/100\n|-heal|p2b: Aggron|100/100\n|move|p1b: Incineroar|Flare Blitz|p2a: Sinistcha\n|-supereffective|p2a: Sinistcha|1\n|-damage|p2a: Sinistcha|25/100\n|-damage|p1b: Incineroar|72/100|[from] Recoil\n|move|p1a: Mamoswine|Earthquake|p2b: Aggron|[spread] p1b,p2a,p2b\n|-supereffective|p1b: Incineroar|1\n|-resisted|p2a: Sinistcha|1\n|-supereffective|p2b: Aggron|1\n|-damage|p1b: Incineroar|48/100\n|-damage|p2a: Sinistcha|20/100\n|-damage|p2b: Aggron|97/100\n|\n|-heal|p1b: Incineroar|54/100|[from] item: Leftovers\n|-damage|p1a: Mamoswine|25/100 brn|[from] brn\n|upkeep\n|turn|4\n|\n|t:|1776548669\n|move|p1a: Mamoswine|Ice Shard|p2a: Sinistcha\n|-supereffective|p2a: Sinistcha|1\n|-damage|p2a: Sinistcha|7/100\n|move|p2b: Aggron|Iron Defense|p2b: Aggron\n|-boost|p2b: Aggron|def|2\n|move|p2a: Sinistcha|Life Dew|p2a: Sinistcha|[spread] p2a,p2b\n|-heal|p2a: Sinistcha|32/100\n|-heal|p2b: Aggron|100/100\n|move|p1b: Incineroar|Flare Blitz|p2b: Aggron\n|-supereffective|p2b: Aggron|1\n|-damage|p2b: Aggron|93/100\n|-damage|p1b: Incineroar|52/100|[from] Recoil\n|\n|-heal|p1b: Incineroar|58/100|[from] item: Leftovers\n|-damage|p1a: Mamoswine|19/100 brn|[from] brn\n|upkeep\n|turn|5\n|l|\u2606gingerific\n|player|p2|\n|inactive|Battle timer is ON: inactive players will automatically lose when time's up. (requested by FallenTurtlle)\n|j|\u2606gingerific\n|inactive|gingerific reconnected and has 90 seconds left.\n|player|p2|gingerific|hilbert|\n|\n|t:|1776548714\n|move|p2b: Aggron|Body Press|p1b: Incineroar\n|-supereffective|p1b: Incineroar|1\n|-damage|p1b: Incineroar|0 fnt\n|faint|p1b: Incineroar\n|move|p2a: Sinistcha|Life Dew|p2a: Sinistcha|[spread] p2a,p2b\n|-heal|p2a: Sinistcha|57/100\n|-heal|p2b: Aggron|100/100\n|move|p1a: Mamoswine|Icicle Crash|p2a: Sinistcha\n|-supereffective|p2a: Sinistcha|1\n|-damage|p2a: Sinistcha|29/100\n|\n|-damage|p1a: Mamoswine|13/100 brn|[from] brn\n|-fieldend|move: Trick Room\n|upkeep\n|\n|t:|1776548722\n|switch|p1b: Pelipper|Pelipper, L50, M|100/100\n|-weather|RainDance|[from] ability: Drizzle|[of] p1b: Pelipper\n|turn|6\n|\n|t:|1776548747\n|move|p1a: Mamoswine|Icicle Crash|p2b: Aggron\n|-resisted|p2b: Aggron|1\n|-damage|p2b: Aggron|99/100\n|move|p1b: Pelipper|Hurricane|p2a: Sinistcha\n|-supereffective|p2a: Sinistcha|1\n|-damage|p2a: Sinistcha|0 fnt\n|faint|p2a: Sinistcha\n|move|p2b: Aggron|Body Press|p1b: Pelipper\n|-resisted|p1b: Pelipper|1\n|-damage|p1b: Pelipper|27/100\n|-enditem|p1b: Pelipper|Sitrus Berry|[eat]\n|-heal|p1b: Pelipper|52/100|[from] item: Sitrus Berry\n|\n|-weather|RainDance|[upkeep]\n|-damage|p1a: Mamoswine|7/100 brn|[from] brn\n|upkeep\n|\n|t:|1776548762\n|switch|p2a: Kingambit|Kingambit, L50, F|100/100\n|turn|7\n|\n|t:|1776548775\n|move|p2a: Kingambit|Sucker Punch|p1a: Mamoswine\n|-damage|p1a: Mamoswine|0 fnt\n|faint|p1a: Mamoswine\n|move|p1b: Pelipper|Weather Ball|p2b: Aggron\n|-damage|p2b: Aggron|23/100\n|move|p2b: Aggron|Body Press|p1b: Pelipper\n|-resisted|p1b: Pelipper|1\n|-damage|p1b: Pelipper|0 fnt\n|faint|p1b: Pelipper\n|\n|-weather|RainDance|[upkeep]\n|upkeep\n|\n|t:|1776548779\n|switch|p1a: Heliolisk|Heliolisk, L50, F, shiny|100/100\n|turn|8\n|l|\u2606gingerific\n|inactive|gingerific disconnected and has a minute to reconnect!\n|player|p2|\n|inactive|gingerific has 30 seconds left.\n|inactive|gingerific has 20 seconds left.\n|inactive|gingerific has 15 seconds left.\n|inactive|gingerific has 10 seconds left.\n|inactive|gingerific has 5 seconds left.\n|j|\u2606gingerific\n|inactive|gingerific reconnected and has 5 seconds left.\n|player|p2|gingerific|hilbert|\n|\n|t:|1776548834\n|move|p1a: Heliolisk|Thunderbolt|p2b: Aggron\n|-damage|p2b: Aggron|0 fnt\n|faint|p2b: Aggron\n|move|p2a: Kingambit|Kowtow Cleave|p1a: Heliolisk\n|-damage|p1a: Heliolisk|0 fnt\n|faint|p1a: Heliolisk\n|\n|win|gingerific\n|raw|FallenTurtlle's rating: 1198 &rarr; <strong>1172</strong><br />(-26 for losing)\n|raw|gingerific's rating: 1183 &rarr; <strong>1209</strong><br />(+26 for winning)\n",
  "uploadtime": 1776548834,
  "views": 10,
  "formatid": "gen9championsvgc2026regma",
  "rating": 1172,
  "private": 0,
  "password": null
}