{
  "id": "gen9championsvgc2026regma-2584626218",
  "format": "[Gen 9 Champions] VGC 2026 Reg M-A",
  "players": [
    "battle sim trainer",
    "Kanto's Finest"
  ],
  "log": "|j|\u2606battle sim trainer\n|j|\u2606Kanto's Finest\n|t:|1776272955\n|gametype|doubles\n|player|p1|battle sim trainer|turo|1018\n|player|p2|Kanto's Finest|red-masters|1057\n|gen|9\n|tier|[Gen 9 Champions] VGC 2026 Reg M-A\n|rated|\n|rule|Species Clause: Limit one of each Pok\u00e9mon\n|rule|Item Clause: Limit 1 of each item\n|clearpoke\n|poke|p1|Farigiraf, L50, F|\n|poke|p1|Drampa, L50, F|\n|poke|p1|Sinistcha, L50|\n|poke|p1|Hatterene, L50, F|\n|poke|p1|Slowbro, L50, M|\n|poke|p1|Ninetales-Alola, L50, F|\n|poke|p2|Clefable, L50, M|\n|poke|p2|Dragonite, L50, F|\n|poke|p2|Blastoise, L50, F|\n|poke|p2|Machamp, L50, M|\n|poke|p2|Victreebel, L50, F|\n|poke|p2|Starmie, L50|\n|teampreview|4\n|\n|t:|1776273014\n|teamsize|p1|4\n|teamsize|p2|4\n|start\n|switch|p1a: Ninetales|Ninetales-Alola, L50, F|100/100\n|switch|p1b: Farigiraf|Farigiraf, L50, F|100/100\n|switch|p2a: Victreebel|Victreebel, L50, F|100/100\n|switch|p2b: Machamp|Machamp, L50, M|100/100\n|-weather|Snowscape|[from] ability: Snow Warning|[of] p1a: Ninetales\n|turn|1\n|inactive|Battle timer is ON: inactive players will automatically lose when time's up. (requested by battle sim trainer)\n|\n|t:|1776273040\n|move|p1b: Farigiraf|Helping Hand|p1a: Ninetales\n|-singleturn|p1a: Ninetales|Helping Hand|[of] p1b: Farigiraf\n|move|p1a: Ninetales|Moonblast|p2b: Machamp\n|-supereffective|p2b: Machamp|1\n|-damage|p2b: Machamp|0 fnt\n|faint|p2b: Machamp\n|move|p2a: Victreebel|Encore|p1a: Ninetales\n|-start|p1a: Ninetales|Encore\n|\n|-weather|Snowscape|[upkeep]\n|upkeep\n|\n|t:|1776273052\n|switch|p2b: Clefable|Clefable, L50, M|100/100\n|turn|2\n|\n|t:|1776273061\n|move|p2b: Clefable|Follow Me|p2b: Clefable\n|-singleturn|p2b: Clefable|move: Follow Me\n|move|p1a: Ninetales|Moonblast|p2b: Clefable\n|-damage|p2b: Clefable|64/100\n|move|p2a: Victreebel|Knock Off|p1b: Farigiraf\n|-supereffective|p1b: Farigiraf|1\n|-damage|p1b: Farigiraf|48/100\n|-enditem|p1b: Farigiraf|Sitrus Berry|[from] move: Knock Off|[of] p2a: Victreebel\n|move|p1b: Farigiraf|Trick Room|p1b: Farigiraf\n|-fieldstart|move: Trick Room|[of] p1b: Farigiraf\n|\n|-weather|Snowscape|[upkeep]\n|upkeep\n|turn|3\n|l|\u2606battle sim trainer\n|inactive|battle sim trainer disconnected and has a minute to reconnect!\n|player|p1|\n|inactive|battle sim trainer has 30 seconds left.\n|inactive|Kanto's Finest has 30 seconds left.\n|j|\u2606battle sim trainer\n|inactive|battle sim trainer reconnected and has 25 seconds left.\n|player|p1|battle sim trainer|turo|\n|inactive|battle sim trainer has 20 seconds left.\n|\n|t:|1776273101\n|switch|p1b: Drampa|Drampa, L50, F|100/100\n|detailschange|p2a: Victreebel|Victreebel-Mega, L50, F\n|-mega|p2a: Victreebel|Victreebel|Victreebelite\n|move|p2b: Clefable|Sunny Day|p2b: Clefable\n|-weather|SunnyDay\n|move|p2a: Victreebel|Knock Off|p1b: Drampa\n|-damage|p1b: Drampa|79/100\n|move|p1a: Ninetales|Moonblast|p2b: Clefable\n|-damage|p2b: Clefable|33/100\n|-enditem|p2b: Clefable|Sitrus Berry|[eat]\n|-heal|p2b: Clefable|57/100|[from] item: Sitrus Berry\n|\n|-weather|SunnyDay|[upkeep]\n|upkeep\n|turn|4\n|inactive|Kanto's Finest has 30 seconds left.\n|\n|t:|1776273134\n|switch|p1a: Hatterene|Hatterene, L50, F|100/100\n|move|p1b: Drampa|Protect|p1b: Drampa\n|-singleturn|p1b: Drampa|Protect\n|move|p2b: Clefable|Dazzling Gleam|p1a: Hatterene|[spread] p1a\n|-activate|p1b: Drampa|move: Protect\n|-damage|p1a: Hatterene|82/100\n|move|p2a: Victreebel|Leaf Blade|p1a: Hatterene\n|-damage|p1a: Hatterene|29/100\n|\n|-weather|SunnyDay|[upkeep]\n|upkeep\n|turn|5\n|inactive|Kanto's Finest has 30 seconds left.\n|\n|t:|1776273161\n|detailschange|p1b: Drampa|Drampa-Mega, L50, F\n|-mega|p1b: Drampa|Drampa|Drampanite\n|move|p1a: Hatterene|Dazzling Gleam|p2b: Clefable|[spread] p2a,p2b\n|-resisted|p2a: Victreebel|1\n|-damage|p2a: Victreebel|77/100\n|-damage|p2b: Clefable|16/100\n|move|p1b: Drampa|Hyper Voice|p2b: Clefable|[spread] p2a,p2b\n|-damage|p2a: Victreebel|32/100\n|-damage|p2b: Clefable|0 fnt\n|faint|p2b: Clefable\n|move|p2a: Victreebel|Leaf Blade|p1a: Hatterene\n|-damage|p1a: Hatterene|0 fnt\n|faint|p1a: Hatterene\n|\n|-weather|SunnyDay|[upkeep]\n|upkeep\n|\n|t:|1776273177\n|switch|p1a: Farigiraf|Farigiraf, L50, F|48/100\n|switch|p2b: Blastoise|Blastoise, L50, F|100/100\n|turn|6\n|c|\u2606battle sim trainer|!dt innards out\n|c|\u2606battle sim trainer|/raw <ul class=\"utilichart\"><li class=\"result\"><span class=\"col namecol\"><a href=\"https://dex.pokemonshowdown.com/abilities/innardsout\">Innards Out</a></span> <span class=\"col abilitydesccol\">If this Pokemon is KOed with a move, that move's user loses an equal amount of HP.</span> </li><li style=\"clear:both\"></li></ul>\n|c|\u2606battle sim trainer|/raw <font size=\"1\"><font color=\"#686868\">Gen:</font> 7</font>\n\n|\n|t:|1776273197\n|move|p1b: Drampa|Hyper Voice|p2a: Victreebel|[spread] p2a,p2b\n|-damage|p2a: Victreebel|0 fnt\n|-damage|p2b: Blastoise|58/100\n|-damage|p1b: Drampa|52/100|[from] ability: Innards Out|[of] p2a: Victreebel\n|faint|p2a: Victreebel\n|move|p1a: Farigiraf|Psyshock|p2b: Blastoise\n|-damage|p2b: Blastoise|23/100\n|move|p2b: Blastoise|Shell Smash|p2b: Blastoise\n|-unboost|p2b: Blastoise|def|1\n|-unboost|p2b: Blastoise|spd|1\n|-boost|p2b: Blastoise|atk|2\n|-boost|p2b: Blastoise|spa|2\n|-boost|p2b: Blastoise|spe|2\n|-enditem|p2b: Blastoise|White Herb\n|-clearnegativeboost|p2b: Blastoise|[silent]\n|\n|-weather|SunnyDay|[upkeep]\n|-fieldend|move: Trick Room\n|upkeep\n|turn|7\n|\n|t:|1776273216\n|move|p2b: Blastoise|Earthquake|p1a: Farigiraf|[spread] p1a,p1b\n|-damage|p1a: Farigiraf|20/100\n|-damage|p1b: Drampa|32/100\n|-ability|p1b: Drampa|Berserk|boost\n|-boost|p1b: Drampa|spa|1\n|move|p1a: Farigiraf|Psyshock|p2b: Blastoise\n|-damage|p2b: Blastoise|0 fnt\n|faint|p2b: Blastoise\n|\n|win|battle sim trainer\n|raw|battle sim trainer's rating: 1018 &rarr; <strong>1059</strong><br />(+41 for winning)\n|raw|Kanto&apos;s Finest's rating: 1057 &rarr; <strong>1036</strong><br />(-21 for losing)\n",
  "uploadtime": 1776273225,
  "views": 27,
  "formatid": "gen9championsvgc2026regma",
  "rating": 1036,
  "private": 0,
  "password": null
}