{
  "id": "gen9championsvgc2026regma-2587426028",
  "format": "[Gen 9 Champions] VGC 2026 Reg M-A",
  "players": [
    "DustHeart",
    "megalodonFRA"
  ],
  "log": "|j|\u2606DustHeart\n|j|\u203dmegalodonFRA\n|t:|1776530793\n|gametype|doubles\n|player|p1|DustHeart|gambler|1320\n|player|p2|megalodonFRA|cynthia|1305\n|gen|9\n|tier|[Gen 9 Champions] VGC 2026 Reg M-A\n|rated|\n|rule|Species Clause: Limit one of each Pok\u00e9mon\n|rule|Item Clause: Limit 1 of each item\n|clearpoke\n|poke|p1|Gengar, L50, M|\n|poke|p1|Incineroar, L50, M|\n|poke|p1|Kommo-o, L50, F|\n|poke|p1|Sinistcha, L50|\n|poke|p1|Tyranitar, L50, M|\n|poke|p1|Archaludon, L50, M|\n|poke|p2|Incineroar, L50, M, shiny|\n|poke|p2|Charizard, L50, M, shiny|\n|poke|p2|Venusaur, L50, F|\n|poke|p2|Garchomp, L50, M|\n|poke|p2|Rotom-Wash, L50|\n|poke|p2|Sneasler, L50, F|\n|teampreview|4\n|inactive|Battle timer is ON: inactive players will automatically lose when time's up. (requested by megalodonFRA)\n|\n|t:|1776530846\n|teamsize|p1|4\n|teamsize|p2|4\n|start\n|switch|p1a: Incineroar|Incineroar, L50, M|100/100\n|switch|p1b: Gengar|Gengar, L50, M|100/100\n|switch|p2a: Charizard|Charizard, L50, M, shiny|100/100\n|switch|p2b: Garchomp|Garchomp, L50, M|100/100\n|-ability|p1a: Incineroar|Intimidate|boost\n|-unboost|p2a: Charizard|atk|1\n|-unboost|p2b: Garchomp|atk|1\n|turn|1\n|inactive|megalodonFRA has 30 seconds left.\n|inactive|megalodonFRA has 20 seconds left.\n|inactive|DustHeart has 30 seconds left.\n|inactive|megalodonFRA has 15 seconds left.\n|\n|t:|1776530895\n|switch|p2a: Rotom|Rotom-Wash, L50|100/100\n|detailschange|p1b: Gengar|Gengar-Mega, L50, M\n|-mega|p1b: Gengar|Gengar|Gengarite\n|move|p1a: Incineroar|Fake Out|p2b: Garchomp\n|-damage|p2b: Garchomp|89/100\n|-damage|p1a: Incineroar|88/100|[from] ability: Rough Skin|[of] p2b: Garchomp\n|cant|p2b: Garchomp|flinch\n|move|p1b: Gengar|Substitute|p1b: Gengar\n|-start|p1b: Gengar|Substitute\n|-damage|p1b: Gengar|76/100\n|\n|upkeep\n|turn|2\n|inactive|megalodonFRA has 30 seconds left.\n|\n|t:|1776530926\n|move|p1b: Gengar|Protect|p1b: Gengar\n|-singleturn|p1b: Gengar|Protect\n|move|p1a: Incineroar|Protect|p1a: Incineroar\n|-singleturn|p1a: Incineroar|Protect\n|move|p2b: Garchomp|Earthquake|p1b: Gengar|[spread] \n|-activate|p1a: Incineroar|move: Protect\n|-activate|p1b: Gengar|move: Protect\n|-immune|p2a: Rotom|[from] ability: Levitate\n|move|p2a: Rotom|Thunderbolt|p1b: Gengar\n|-activate|p1b: Gengar|move: Protect\n|\n|upkeep\n|turn|3\n|inactive|DustHeart has 30 seconds left.\n|inactive|DustHeart has 20 seconds left.\n|\n|t:|1776530963\n|switch|p1a: Sinistcha|Sinistcha, L50|100/100\n|-heal|p1b: Gengar|100/100|[from] ability: Hospitality|[of] p1a: Sinistcha\n|move|p2b: Garchomp|Earthquake|p1a: Sinistcha|[spread] p1a,p1b\n|-immune|p2a: Rotom|[from] ability: Levitate\n|-supereffective|p1b: Gengar|1\n|-end|p1b: Gengar|Substitute\n|-resisted|p1a: Sinistcha|1\n|-damage|p1a: Sinistcha|87/100\n|move|p1b: Gengar|Substitute|p1b: Gengar\n|-start|p1b: Gengar|Substitute\n|-damage|p1b: Gengar|76/100\n|move|p2a: Rotom|Thunderbolt|p1b: Gengar\n|-end|p1b: Gengar|Substitute\n|\n|upkeep\n|turn|4\n|\n|t:|1776530987\n|move|p1b: Gengar|Protect|p1b: Gengar\n|-singleturn|p1b: Gengar|Protect\n|move|p2b: Garchomp|Earthquake|p1a: Sinistcha|[spread] p1a\n|-activate|p1b: Gengar|move: Protect\n|-immune|p2a: Rotom|[from] ability: Levitate\n|-resisted|p1a: Sinistcha|1\n|-damage|p1a: Sinistcha|74/100\n|move|p2a: Rotom|Thunderbolt|p1a: Sinistcha\n|-resisted|p1a: Sinistcha|1\n|-damage|p1a: Sinistcha|56/100\n|move|p1a: Sinistcha|Matcha Gotcha|p2a: Rotom|[spread] p2a\n|-miss|p1a: Sinistcha|p2b: Garchomp\n|-supereffective|p2a: Rotom|1\n|-damage|p2a: Rotom|47/100\n|-heal|p1a: Sinistcha|80/100|[from] drain|[of] p2a: Rotom\n|\n|-heal|p2a: Rotom|53/100|[from] item: Leftovers\n|upkeep\n|turn|5\n|\n|t:|1776531005\n|switch|p1b: Incineroar|Incineroar, L50, M|88/100\n|-ability|p1b: Incineroar|Intimidate|boost\n|-unboost|p2a: Rotom|atk|1\n|-unboost|p2b: Garchomp|atk|1\n|move|p2b: Garchomp|Earthquake|p1a: Sinistcha|[spread] p1a,p1b\n|-immune|p2a: Rotom|[from] ability: Levitate\n|-resisted|p1a: Sinistcha|1\n|-supereffective|p1b: Incineroar|1\n|-enditem|p1b: Incineroar|Shuca Berry|[eat]\n|-enditem|p1b: Incineroar|Shuca Berry|[weaken]\n|-damage|p1a: Sinistcha|70/100\n|-damage|p1b: Incineroar|69/100\n|move|p2a: Rotom|Thunderbolt|p1b: Incineroar\n|-damage|p1b: Incineroar|39/100\n|move|p1a: Sinistcha|Matcha Gotcha|p2b: Garchomp|[spread] p2a\n|-miss|p1a: Sinistcha|p2b: Garchomp\n|-supereffective|p2a: Rotom|1\n|-crit|p2a: Rotom\n|-damage|p2a: Rotom|0 fnt\n|-heal|p1a: Sinistcha|93/100|[from] drain|[of] p2a: Rotom\n|faint|p2a: Rotom\n|\n|upkeep\n|inactive|megalodonFRA has 30 seconds left.\n|\n|t:|1776531032\n|switch|p2a: Charizard|Charizard, L50, M, shiny|100/100\n|turn|6\n|inactive|DustHeart has 30 seconds left.\n|\n|t:|1776531062\n|switch|p2b: Sneasler|Sneasler, L50, F|100/100\n|detailschange|p2a: Charizard|Charizard-Mega-Y, L50, M, shiny\n|-mega|p2a: Charizard|Charizard|Charizardite Y\n|-weather|SunnyDay|[from] ability: Drought|[of] p2a: Charizard\n|move|p1b: Incineroar|Fake Out|p2a: Charizard\n|-damage|p2a: Charizard|86/100\n|cant|p2a: Charizard|flinch\n|move|p1a: Sinistcha|Matcha Gotcha|p2b: Sneasler|[spread] p2a,p2b\n|-resisted|p2a: Charizard|2\n|-resisted|p2b: Sneasler|1\n|-damage|p2a: Charizard|80/100\n|-heal|p1a: Sinistcha|96/100|[from] drain|[of] p2a: Charizard\n|-damage|p2b: Sneasler|83/100\n|-heal|p1a: Sinistcha|100/100|[from] drain|[of] p2b: Sneasler\n|-status|p2b: Sneasler|brn\n|\n|-weather|SunnyDay|[upkeep]\n|-damage|p2b: Sneasler|77/100 brn|[from] brn\n|upkeep\n|turn|7\n|inactive|megalodonFRA has 30 seconds left.\n|inactive|DustHeart has 30 seconds left.\n|inactive|megalodonFRA has 20 seconds left.\n|\n|t:|1776531102\n|switch|p1a: Tyranitar|Tyranitar, L50, M|100/100\n|-weather|Sandstorm|[from] ability: Sand Stream|[of] p1a: Tyranitar\n|move|p2b: Sneasler|Close Combat|p1a: Tyranitar\n|-supereffective|p1a: Tyranitar|2\n|-damage|p1a: Tyranitar|0 fnt\n|-unboost|p2b: Sneasler|def|1\n|-unboost|p2b: Sneasler|spd|1\n|faint|p1a: Tyranitar\n|-enditem|p2b: Sneasler|White Herb\n|-clearnegativeboost|p2b: Sneasler|[silent]\n|move|p2a: Charizard|Weather Ball|p1b: Incineroar\n|-supereffective|p1b: Incineroar|1\n|-damage|p1b: Incineroar|0 fnt\n|faint|p1b: Incineroar\n|\n|-weather|Sandstorm|[upkeep]\n|-damage|p2b: Sneasler|71/100 brn|[from] Sandstorm\n|-damage|p2a: Charizard|75/100|[from] Sandstorm\n|-damage|p2b: Sneasler|66/100 brn|[from] brn\n|upkeep\n|\n|t:|1776531111\n|switch|p1a: Sinistcha|Sinistcha, L50|100/100\n|switch|p1b: Gengar|Gengar-Mega, L50, M|76/100\n|-heal|p1b: Gengar|100/100|[from] ability: Hospitality|[of] p1a: Sinistcha\n|turn|8\n|\n|t:|1776531133\n|move|p1a: Sinistcha|Protect|p1a: Sinistcha\n|-singleturn|p1a: Sinistcha|Protect\n|move|p2b: Sneasler|Dire Claw|p1a: Sinistcha\n|-activate|p1a: Sinistcha|move: Protect\n|move|p1b: Gengar|Shadow Ball|p2a: Charizard\n|-damage|p2a: Charizard|31/100\n|move|p2a: Charizard|Heat Wave|p1a: Sinistcha|[spread] \n|-activate|p1a: Sinistcha|move: Protect\n|-miss|p2a: Charizard|p1b: Gengar\n|\n|-weather|Sandstorm|[upkeep]\n|-damage|p2b: Sneasler|60/100 brn|[from] Sandstorm\n|-damage|p1b: Gengar|95/100|[from] Sandstorm\n|-damage|p2a: Charizard|25/100|[from] Sandstorm\n|-damage|p1a: Sinistcha|94/100|[from] Sandstorm\n|-damage|p2b: Sneasler|54/100 brn|[from] brn\n|upkeep\n|turn|9\n|\n|t:|1776531153\n|move|p2b: Sneasler|Rock Tomb|p1b: Gengar\n|-damage|p1b: Gengar|83/100\n|-unboost|p1b: Gengar|spe|1\n|move|p2a: Charizard|Heat Wave|p1b: Gengar|[spread] p1a,p1b\n|-supereffective|p1a: Sinistcha|1\n|-damage|p1a: Sinistcha|19/100\n|-damage|p1b: Gengar|39/100\n|-status|p1b: Gengar|brn\n|-enditem|p1a: Sinistcha|Sitrus Berry|[eat]\n|-heal|p1a: Sinistcha|43/100|[from] item: Sitrus Berry\n|move|p1b: Gengar|Shadow Ball|p2a: Charizard\n|-damage|p2a: Charizard|0 fnt\n|faint|p2a: Charizard\n|move|p1a: Sinistcha|Life Dew|p1a: Sinistcha|[spread] p1a,p1b\n|-heal|p1a: Sinistcha|68/100\n|-heal|p1b: Gengar|64/100 brn\n|\n|-weather|Sandstorm|[upkeep]\n|-damage|p2b: Sneasler|48/100 brn|[from] Sandstorm\n|-damage|p1b: Gengar|58/100 brn|[from] Sandstorm\n|-damage|p1a: Sinistcha|62/100|[from] Sandstorm\n|-damage|p2b: Sneasler|42/100 brn|[from] brn\n|-damage|p1b: Gengar|52/100 brn|[from] brn\n|upkeep\n|\n|t:|1776531167\n|switch|p2a: Garchomp|Garchomp, L50, M|89/100\n|turn|10\n|\n|t:|1776531178\n|move|p1b: Gengar|Protect|p1b: Gengar\n|-singleturn|p1b: Gengar|Protect\n|move|p2b: Sneasler|Dire Claw|p1a: Sinistcha\n|-damage|p1a: Sinistcha|42/100\n|move|p2a: Garchomp|Dragon Claw|p1a: Sinistcha\n|-damage|p1a: Sinistcha|0 fnt\n|faint|p1a: Sinistcha\n|\n|-weather|Sandstorm|[upkeep]\n|-damage|p2b: Sneasler|37/100 brn|[from] Sandstorm\n|-damage|p1b: Gengar|46/100 brn|[from] Sandstorm\n|-damage|p2b: Sneasler|31/100 brn|[from] brn\n|-damage|p1b: Gengar|40/100 brn|[from] brn\n|upkeep\n|turn|11\n|\n|t:|1776531191\n|move|p2b: Sneasler|Dire Claw|p1b: Gengar\n|-resisted|p1b: Gengar|2\n|-damage|p1b: Gengar|34/100 brn\n|move|p2a: Garchomp|Dragon Claw|p1b: Gengar\n|-damage|p1b: Gengar|0 fnt\n|faint|p1b: Gengar\n|\n|win|megalodonFRA\n|raw|DustHeart's rating: 1320 &rarr; <strong>1299</strong><br />(-21 for losing)\n|raw|megalodonFRA's rating: 1305 &rarr; <strong>1326</strong><br />(+21 for winning)\n|l|\u2606DustHeart\n|player|p1|\n",
  "uploadtime": 1776531202,
  "views": 28,
  "formatid": "gen9championsvgc2026regma",
  "rating": 1299,
  "private": 0,
  "password": null
}