{
  "id": "gen9championsvgc2026regma-2584161806",
  "format": "[Gen 9 Champions] VGC 2026 Reg M-A",
  "players": [
    "AlejoSv8",
    "Berryjuicejoy"
  ],
  "log": "|j|\u2606AlejoSv8\n|j|\u2606Berryjuicejoy\n|t:|1776232603\n|gametype|doubles\n|player|p1|AlejoSv8|102|1040\n|player|p2|Berryjuicejoy|karen-gen2|1028\n|gen|9\n|tier|[Gen 9 Champions] VGC 2026 Reg M-A\n|rated|\n|rule|Species Clause: Limit one of each Pok\u00e9mon\n|rule|Item Clause: Limit 1 of each item\n|clearpoke\n|poke|p1|Torkoal, L50, F|\n|poke|p1|Gallade, L50, M|\n|poke|p1|Venusaur, L50, F|\n|poke|p1|Farigiraf, L50, F|\n|poke|p1|Charizard, L50, F|\n|poke|p1|Garchomp, L50, M|\n|poke|p2|Kingambit, L50, M|\n|poke|p2|Farigiraf, L50, M|\n|poke|p2|Klefki, L50, F|\n|poke|p2|Aggron, L50, F|\n|poke|p2|Sinistcha, L50|\n|poke|p2|Primarina, L50, F|\n|teampreview|4\n|\n|t:|1776232656\n|teamsize|p1|4\n|teamsize|p2|4\n|start\n|switch|p1a: Farigiraf|Farigiraf, L50, F|100/100\n|switch|p1b: Gallade|Gallade, L50, M|100/100\n|switch|p2a: Farigiraf|Farigiraf, L50, M|100/100\n|switch|p2b: Primarina|Primarina, L50, F|100/100\n|turn|1\n|inactive|Battle timer is ON: inactive players will automatically lose when time's up. (requested by Berryjuicejoy)\n|\n|t:|1776232693\n|move|p2a: Farigiraf|Protect|p2a: Farigiraf\n|-singleturn|p2a: Farigiraf|Protect\n|move|p1b: Gallade|Sacred Sword|p2a: Farigiraf\n|-activate|p2a: Farigiraf|move: Protect\n|move|p1a: Farigiraf|Hyper Voice|p2b: Primarina|[spread] p2b\n|-activate|p2a: Farigiraf|move: Protect\n|-damage|p2b: Primarina|79/100\n|move|p2b: Primarina|Dazzling Gleam|p1a: Farigiraf|[spread] p1a,p1b\n|-supereffective|p1b: Gallade|1\n|-damage|p1a: Farigiraf|65/100\n|-damage|p1b: Gallade|49/100\n|\n|upkeep\n|turn|2\n|inactive|AlejoSv8 has 30 seconds left.\n|\n|t:|1776232724\n|move|p1b: Gallade|Sacred Sword|p2a: Farigiraf\n|-damage|p2a: Farigiraf|29/100\n|-enditem|p2a: Farigiraf|Sitrus Berry|[eat]\n|-heal|p2a: Farigiraf|53/100|[from] item: Sitrus Berry\n|move|p1a: Farigiraf|Psychic|p2b: Primarina\n|-damage|p2b: Primarina|50/100\n|move|p2b: Primarina|Dazzling Gleam|p1b: Gallade|[spread] p1a,p1b\n|-supereffective|p1b: Gallade|1\n|-damage|p1a: Farigiraf|33/100\n|-damage|p1b: Gallade|1/100\n|-enditem|p1a: Farigiraf|Sitrus Berry|[eat]\n|-heal|p1a: Farigiraf|58/100|[from] item: Sitrus Berry\n|move|p2a: Farigiraf|Trick Room|p2a: Farigiraf\n|-fieldstart|move: Trick Room|[of] p2a: Farigiraf\n|\n|upkeep\n|turn|3\n|inactive|AlejoSv8 has 30 seconds left.\n|\n|t:|1776232753\n|move|p2a: Farigiraf|Thunderbolt|p1a: Farigiraf\n|-damage|p1a: Farigiraf|23/100\n|move|p2b: Primarina|Hyper Voice|p1b: Gallade|[spread] p1a,p1b\n|-damage|p1a: Farigiraf|0 fnt\n|-damage|p1b: Gallade|0 fnt\n|faint|p1a: Farigiraf\n|faint|p1b: Gallade\n|\n|upkeep\n|\n|t:|1776232765\n|switch|p1a: Torkoal|Torkoal, L50, F|100/100\n|switch|p1b: Garchomp|Garchomp, L50, M|100/100\n|-weather|SunnyDay|[from] ability: Drought|[of] p1a: Torkoal\n|turn|4\n|inactive|AlejoSv8 has 30 seconds left.\n|\n|t:|1776232798\n|move|p1a: Torkoal|Eruption|p2b: Primarina|[spread] p2a,p2b\n|-resisted|p2b: Primarina|1\n|-crit|p2b: Primarina\n|-damage|p2a: Farigiraf|0 fnt\n|-damage|p2b: Primarina|0 fnt\n|faint|p2a: Farigiraf\n|faint|p2b: Primarina\n|move|p1b: Garchomp|Stomping Tantrum|p2: Farigiraf|[notarget]\n|-fail|p1b: Garchomp\n|\n|-weather|SunnyDay|[upkeep]\n|upkeep\n|\n|t:|1776232802\n|switch|p2b: Kingambit|Kingambit, L50, M|100/100\n|switch|p2a: Aggron|Aggron, L50, F|100/100\n|turn|5\n|\n|t:|1776232814\n|detailschange|p2a: Aggron|Aggron-Mega, L50, F\n|-mega|p2a: Aggron|Aggron|Aggronite\n|move|p2b: Kingambit|Sucker Punch|p1a: Torkoal\n|-damage|p1a: Torkoal|68/100\n|move|p1a: Torkoal|Eruption|p2a: Aggron|[spread] p2a,p2b\n|-supereffective|p2a: Aggron|1\n|-supereffective|p2b: Kingambit|1\n|-damage|p2a: Aggron|0 fnt\n|-damage|p2b: Kingambit|0 fnt\n|faint|p2a: Aggron\n|faint|p2b: Kingambit\n|\n|win|AlejoSv8\n|raw|AlejoSv8's rating: 1040 &rarr; <strong>1073</strong><br />(+33 for winning)\n|raw|Berryjuicejoy's rating: 1028 &rarr; <strong>1014</strong><br />(-14 for losing)\n|l|\u2606Berryjuicejoy\n|player|p2|\n",
  "uploadtime": 1776232832,
  "views": 18,
  "formatid": "gen9championsvgc2026regma",
  "rating": 1014,
  "private": 0,
  "password": null
}