{
  "id": "gen9championsvgc2026regma-2582492861",
  "format": "[Gen 9 Champions] VGC 2026 Reg M-A",
  "players": [
    "HailHydra257",
    "Dell44"
  ],
  "log": "|j|\u2606HailHydra257\n|j|\u2606Dell44\n|t:|1776095186\n|gametype|doubles\n|player|p1|HailHydra257|101|1046\n|player|p2|Dell44|janine|1098\n|gen|9\n|tier|[Gen 9 Champions] VGC 2026 Reg M-A\n|rated|\n|rule|Species Clause: Limit one of each Pok\u00e9mon\n|rule|Item Clause: Limit 1 of each item\n|clearpoke\n|poke|p1|Delphox, L50, F|\n|poke|p1|Meowstic, L50, M|\n|poke|p1|Garchomp, L50, M|\n|poke|p1|Talonflame, L50, F|\n|poke|p1|Aegislash, L50, M|\n|poke|p1|Sneasler, L50, F|\n|poke|p2|Weavile, L50, M|\n|poke|p2|Clefable, L50, F|\n|poke|p2|Milotic, L50, M|\n|poke|p2|Gengar, L50, F|\n|poke|p2|Scizor, L50, F|\n|poke|p2|Lycanroc-Dusk, L50, M|\n|teampreview|4\n|\n|t:|1776095256\n|teamsize|p1|4\n|teamsize|p2|4\n|start\n|switch|p1a: Delphox|Delphox, L50, F|100/100\n|switch|p1b: Garchomp|Garchomp, L50, M|100/100\n|switch|p2a: Weavile|Weavile, L50, M|100/100\n|switch|p2b: Milotic|Milotic, L50, M|100/100\n|-ability|p2a: Weavile|Pressure\n|turn|1\n|\n|t:|1776095274\n|move|p1b: Garchomp|Protect|p1b: Garchomp\n|-singleturn|p1b: Garchomp|Protect\n|move|p1a: Delphox|Protect|p1a: Delphox\n|-singleturn|p1a: Delphox|Protect\n|move|p2a: Weavile|Fake Out|p1a: Delphox\n|-activate|p1a: Delphox|move: Protect\n|move|p2b: Milotic|Ice Beam|p1b: Garchomp\n|-activate|p1b: Garchomp|move: Protect\n|\n|upkeep\n|turn|2\n|\n|t:|1776095319\n|detailschange|p1a: Delphox|Delphox-Mega, L50, F\n|-mega|p1a: Delphox|Delphox|Delphoxite\n|move|p2a: Weavile|Icicle Crash|p1b: Garchomp\n|-supereffective|p1b: Garchomp|2\n|-damage|p1b: Garchomp|0 fnt\n|faint|p1b: Garchomp\n|move|p1a: Delphox|Heat Wave|p2a: Weavile|[spread] p2a,p2b\n|-supereffective|p2a: Weavile|1\n|-resisted|p2b: Milotic|1\n|-enditem|p2a: Weavile|Focus Sash\n|-damage|p2a: Weavile|1/100\n|-damage|p2b: Milotic|85/100\n|-status|p2b: Milotic|brn\n|move|p2b: Milotic|Scald|p1a: Delphox\n|-supereffective|p1a: Delphox|1\n|-damage|p1a: Delphox|47/100\n|\n|-heal|p2b: Milotic|91/100 brn|[from] item: Leftovers\n|-damage|p2b: Milotic|85/100 brn|[from] brn\n|upkeep\n|\n|t:|1776095337\n|switch|p1b: Talonflame|Talonflame, L50, F|100/100\n|turn|3\n|\n|t:|1776095370\n|move|p2a: Weavile|Feint|p1a: Delphox\n|-damage|p1a: Delphox|31/100\n|move|p1b: Talonflame|Tailwind|p1b: Talonflame\n|-sidestart|p1: HailHydra257|move: Tailwind\n|move|p1a: Delphox|Dazzling Gleam|p2b: Milotic|[spread] p2a,p2b\n|-supereffective|p2a: Weavile|1\n|-damage|p2a: Weavile|0 fnt\n|-damage|p2b: Milotic|66/100 brn\n|faint|p2a: Weavile\n|move|p2b: Milotic|Scald|p1a: Delphox\n|-supereffective|p1a: Delphox|1\n|-damage|p1a: Delphox|0 fnt\n|faint|p1a: Delphox\n|\n|-heal|p2b: Milotic|72/100 brn|[from] item: Leftovers\n|-damage|p2b: Milotic|66/100 brn|[from] brn\n|upkeep\n|\n|t:|1776095395\n|switch|p2a: Clefable|Clefable, L50, F|100/100\n|switch|p1a: Sneasler|Sneasler, L50, F|100/100\n|turn|4\n|\n|t:|1776095440\n|move|p2a: Clefable|Protect|p2a: Clefable\n|-singleturn|p2a: Clefable|Protect\n|move|p1a: Sneasler|Fake Out|p2a: Clefable\n|-activate|p2a: Clefable|move: Protect\n|move|p1b: Talonflame|Acrobatics|p2b: Milotic\n|-damage|p2b: Milotic|41/100 brn\n|move|p2b: Milotic|Flip Turn|p1a: Sneasler\n|-crit|p1a: Sneasler\n|-damage|p1a: Sneasler|84/100\n|\n|t:|1776095451\n|switch|p2b: Gengar|Gengar, L50, F|100/100|[from] Flip Turn\n|\n|upkeep\n|turn|5\n|\n|t:|1776095478\n|detailschange|p2b: Gengar|Gengar-Mega, L50, F\n|-mega|p2b: Gengar|Gengar|Gengarite\n|move|p1b: Talonflame|Acrobatics|p2b: Gengar\n|-damage|p2b: Gengar|46/100\n|move|p1a: Sneasler|Dire Claw|p2a: Clefable\n|-supereffective|p2a: Clefable|1\n|-damage|p2a: Clefable|2/100\n|-enditem|p2a: Clefable|Sitrus Berry|[eat]\n|-heal|p2a: Clefable|27/100|[from] item: Sitrus Berry\n|move|p2b: Gengar|Shadow Ball|p1a: Sneasler\n|-damage|p1a: Sneasler|11/100\n|move|p2a: Clefable|Moonblast|p1b: Talonflame\n|-resisted|p1b: Talonflame|1\n|-damage|p1b: Talonflame|80/100\n|\n|upkeep\n|turn|6\n|\n|t:|1776095516\n|switch|p2b: Milotic|Milotic, L50, M|41/100 brn\n|move|p2a: Clefable|Protect|p2a: Clefable\n|-singleturn|p2a: Clefable|Protect\n|move|p1a: Sneasler|Dire Claw|p2a: Clefable\n|-activate|p2a: Clefable|move: Protect\n|move|p1b: Talonflame|Acrobatics|p2b: Milotic\n|-damage|p2b: Milotic|13/100 brn\n|\n|-heal|p2b: Milotic|19/100 brn|[from] item: Leftovers\n|-damage|p2b: Milotic|13/100 brn|[from] brn\n|-sideend|p1: HailHydra257|move: Tailwind\n|upkeep\n|turn|7\n|\n|t:|1776095555\n|move|p1a: Sneasler|Dire Claw|p2a: Clefable\n|-supereffective|p2a: Clefable|1\n|-damage|p2a: Clefable|0 fnt\n|faint|p2a: Clefable\n|move|p1b: Talonflame|Acrobatics|p2b: Milotic\n|-damage|p2b: Milotic|0 fnt\n|faint|p2b: Milotic\n|\n|upkeep\n|\n|t:|1776095563\n|switch|p2b: Gengar|Gengar-Mega, L50, F|46/100\n|turn|8\n|\n|t:|1776095576\n|move|p2b: Gengar|Thunderbolt|p1b: Talonflame\n|-supereffective|p1b: Talonflame|1\n|-damage|p1b: Talonflame|0 fnt\n|faint|p1b: Talonflame\n|move|p1a: Sneasler|Dire Claw|p2b: Gengar\n|-resisted|p2b: Gengar|2\n|-damage|p2b: Gengar|30/100\n|\n|upkeep\n|turn|9\n|\n|t:|1776095585\n|move|p1a: Sneasler|Protect|p1a: Sneasler\n|-singleturn|p1a: Sneasler|Protect\n|move|p2b: Gengar|Shadow Ball|p1a: Sneasler\n|-activate|p1a: Sneasler|move: Protect\n|\n|upkeep\n|turn|10\n|\n|t:|1776095591\n|move|p2b: Gengar|Shadow Ball|p1a: Sneasler\n|-damage|p1a: Sneasler|0 fnt\n|faint|p1a: Sneasler\n|\n|win|Dell44\n|raw|HailHydra257's rating: 1046 &rarr; <strong>1032</strong><br />(-14 for losing)\n|raw|Dell44's rating: 1098 &rarr; <strong>1120</strong><br />(+22 for winning)\n|l|\u2606HailHydra257\n|player|p1|\n",
  "uploadtime": 1776095597,
  "views": 9,
  "formatid": "gen9championsvgc2026regma",
  "rating": 1032,
  "private": 0,
  "password": null
}