{
  "id": "gen9championsvgc2026regma-2581818281",
  "format": "[Gen 9 Champions] VGC 2026 Reg M-A",
  "players": [
    "nikolasnaiz",
    "Nomad3929"
  ],
  "log": "|j|\u2606nikolasnaiz\n|j|\u2606Nomad3929\n|t:|1776030891\n|gametype|doubles\n|player|p1|nikolasnaiz|265|1235\n|player|p2|Nomad3929|hilbert|1207\n|gen|9\n|tier|[Gen 9 Champions] VGC 2026 Reg M-A\n|rated|\n|rule|Species Clause: Limit one of each Pok\u00e9mon\n|rule|Item Clause: Limit 1 of each item\n|clearpoke\n|poke|p1|Charizard, L50, M|\n|poke|p1|Maushold-Four, L50|\n|poke|p1|Sneasler, L50, M|\n|poke|p1|Kingambit, L50, F|\n|poke|p1|Dragapult, L50, M|\n|poke|p1|Garchomp, L50, M|\n|poke|p2|Charizard, L50, F|\n|poke|p2|Venusaur, L50, M|\n|poke|p2|Garchomp, L50, F|\n|poke|p2|Rotom-Wash, L50|\n|poke|p2|Sneasler, L50, F|\n|poke|p2|Incineroar, L50, F|\n|teampreview|4\n|inactive|Battle timer is ON: inactive players will automatically lose when time's up. (requested by Nomad3929)\n|inactive|Nomad3929 has 60 seconds left.\n|\n|t:|1776030943\n|teamsize|p1|4\n|teamsize|p2|4\n|start\n|switch|p1a: Dragapult|Dragapult, L50, M|100/100\n|switch|p1b: Garchomp|Garchomp, L50, M|100/100\n|switch|p2a: Charizard|Charizard, L50, F|100/100\n|switch|p2b: Venusaur|Venusaur, L50, M|100/100\n|turn|1\n|\n|t:|1776030962\n|detailschange|p2a: Charizard|Charizard-Mega-Y, L50, F\n|-mega|p2a: Charizard|Charizard|Charizardite Y\n|-weather|SunnyDay|[from] ability: Drought|[of] p2a: Charizard\n|move|p2b: Venusaur|Sleep Powder|p1b: Garchomp\n|-status|p1b: Garchomp|slp|[from] move: Sleep Powder\n|cant|p1b: Garchomp|slp\n|move|p1a: Dragapult|Psychic Fangs|p2b: Venusaur\n|-supereffective|p2b: Venusaur|1\n|-damage|p2b: Venusaur|44/100\n|move|p2a: Charizard|Heat Wave|p1b: Garchomp|[spread] p1a,p1b\n|-resisted|p1a: Dragapult|1\n|-resisted|p1b: Garchomp|1\n|-damage|p1a: Dragapult|51/100\n|-damage|p1b: Garchomp|66/100 slp\n|\n|-weather|SunnyDay|[upkeep]\n|upkeep\n|turn|2\n|\n|t:|1776030979\n|move|p2b: Venusaur|Sleep Powder|p1a: Dragapult\n|-status|p1a: Dragapult|slp|[from] move: Sleep Powder\n|-enditem|p1a: Dragapult|Lum Berry|[eat]\n|-curestatus|p1a: Dragapult|slp|[msg]\n|cant|p1b: Garchomp|slp\n|move|p1a: Dragapult|Psychic Fangs|p2b: Venusaur\n|-supereffective|p2b: Venusaur|1\n|-damage|p2b: Venusaur|0 fnt\n|faint|p2b: Venusaur\n|move|p2a: Charizard|Heat Wave|p1b: Garchomp|[spread] p1b\n|-miss|p2a: Charizard|p1a: Dragapult\n|-resisted|p1b: Garchomp|1\n|-crit|p1b: Garchomp\n|-damage|p1b: Garchomp|12/100 slp\n|\n|-weather|SunnyDay|[upkeep]\n|upkeep\n|\n|t:|1776030990\n|switch|p2b: Garchomp|Garchomp, L50, F|100/100\n|turn|3\n|\n|t:|1776031000\n|move|p2a: Charizard|Protect|p2a: Charizard\n|-singleturn|p2a: Charizard|Protect\n|-curestatus|p1b: Garchomp|slp|[msg]\n|move|p1b: Garchomp|Rock Slide|p2b: Garchomp|[spread] p2b\n|-activate|p2a: Charizard|move: Protect\n|-resisted|p2b: Garchomp|1\n|-damage|p2b: Garchomp|90/100\n|move|p2b: Garchomp|Earthquake|p1a: Dragapult|[spread] p1a,p1b\n|-activate|p2a: Charizard|move: Protect\n|-damage|p1a: Dragapult|0 fnt\n|-damage|p1b: Garchomp|0 fnt\n|faint|p1a: Dragapult\n|faint|p1b: Garchomp\n|\n|-weather|SunnyDay|[upkeep]\n|upkeep\n|\n|t:|1776031011\n|switch|p1a: Charizard|Charizard, L50, M|100/100\n|switch|p1b: Maushold|Maushold-Four, L50|100/100\n|turn|4\n|\n|t:|1776031019\n|switch|p2b: Sneasler|Sneasler, L50, F|100/100\n|detailschange|p1a: Charizard|Charizard-Mega-Y, L50, M\n|-mega|p1a: Charizard|Charizard|Charizardite Y\n|move|p1b: Maushold|Encore|p2a: Charizard\n|-start|p2a: Charizard|Encore\n|move|p2a: Charizard|Protect|p2a: Charizard\n|-singleturn|p2a: Charizard|Protect\n|move|p1a: Charizard|Heat Wave|p2a: Charizard|[spread] p2b\n|-activate|p2a: Charizard|move: Protect\n|-damage|p2b: Sneasler|11/100\n|-status|p2b: Sneasler|brn\n|\n|-weather|SunnyDay|[upkeep]\n|-damage|p2b: Sneasler|5/100 brn|[from] brn\n|upkeep\n|turn|5\n|\n|t:|1776031034\n|switch|p2a: Garchomp|Garchomp, L50, F|90/100\n|move|p1b: Maushold|Protect|p1b: Maushold\n|-singleturn|p1b: Maushold|Protect\n|move|p1a: Charizard|Protect|p1a: Charizard\n|-singleturn|p1a: Charizard|Protect\n|move|p2b: Sneasler|Fake Out|p1a: Charizard\n|-activate|p1a: Charizard|move: Protect\n|\n|-weather|none\n|-damage|p2b: Sneasler|0 fnt|[from] brn\n|faint|p2b: Sneasler\n|upkeep\n|\n|t:|1776031040\n|switch|p2b: Charizard|Charizard-Mega-Y, L50, F|100/100\n|-weather|SunnyDay|[from] ability: Drought|[of] p2b: Charizard\n|turn|6\n|\n|t:|1776031048\n|move|p1b: Maushold|Follow Me|p1b: Maushold\n|-singleturn|p1b: Maushold|move: Follow Me\n|move|p2a: Garchomp|Rock Slide|p1a: Charizard|[spread] p1a,p1b\n|-supereffective|p1a: Charizard|2\n|-damage|p1a: Charizard|25/100\n|-damage|p1b: Maushold|71/100\n|move|p2b: Charizard|Heat Wave|p1b: Maushold|[spread] p1a,p1b\n|-resisted|p1a: Charizard|1\n|-damage|p1a: Charizard|3/100\n|-damage|p1b: Maushold|0 fnt\n|faint|p1b: Maushold\n|move|p1a: Charizard|Heat Wave|p2b: Charizard|[spread] p2a,p2b\n|-resisted|p2a: Garchomp|1\n|-resisted|p2b: Charizard|1\n|-damage|p2a: Garchomp|53/100\n|-damage|p2b: Charizard|67/100\n|\n|-weather|SunnyDay|[upkeep]\n|upkeep\n|turn|7\n|-message|nikolasnaiz forfeited.\n|\n|win|Nomad3929\n|raw|nikolasnaiz's rating: 1235 &rarr; <strong>1208</strong><br />(-27 for losing)\n|raw|Nomad3929's rating: 1207 &rarr; <strong>1234</strong><br />(+27 for winning)\n|l|\u2606nikolasnaiz\n|player|p1|\n",
  "uploadtime": 1776031064,
  "views": 24,
  "formatid": "gen9championsvgc2026regma",
  "rating": 1208,
  "private": 0,
  "password": null
}