{
  "id": "gen9championsvgc2026regma-2588097577",
  "format": "[Gen 9 Champions] VGC 2026 Reg M-A",
  "players": [
    "Betsie",
    "joymaxxing"
  ],
  "log": "|j|\u2606Betsie\n|j|\u2606joymaxxing\n|t:|1776603971\n|gametype|doubles\n|player|p1|Betsie|jacinthe|1492\n|player|p2|joymaxxing|elesa|1417\n|gen|9\n|tier|[Gen 9 Champions] VGC 2026 Reg M-A\n|rated|\n|rule|Species Clause: Limit one of each Pok\u00e9mon\n|rule|Item Clause: Limit 1 of each item\n|clearpoke\n|poke|p1|Pelipper, L50, M|\n|poke|p1|Basculegion, L50, M|\n|poke|p1|Scovillain, L50, F|\n|poke|p1|Kingambit, L50, F|\n|poke|p1|Sneasler, L50, M|\n|poke|p1|Archaludon, L50, M|\n|poke|p2|Incineroar, L50, M, shiny|\n|poke|p2|Milotic, L50, F, shiny|\n|poke|p2|Meganium, L50, F, shiny|\n|poke|p2|Farigiraf, L50, M, shiny|\n|poke|p2|Aegislash, L50, M, shiny|\n|poke|p2|Garchomp, L50, M, shiny|\n|teampreview|4\n|\n|t:|1776604000\n|teamsize|p1|4\n|teamsize|p2|4\n|start\n|switch|p1a: Kingambit|Kingambit, L50, F|100/100\n|switch|p1b: Scovillain|Scovillain, L50, F|100/100\n|switch|p2a: Aegislash|Aegislash, L50, M, shiny|100/100\n|switch|p2b: Meganium|Meganium, L50, F, shiny|100/100\n|turn|1\n|\n|t:|1776604009\n|switch|p2a: Farigiraf|Farigiraf, L50, M, shiny|100/100\n|detailschange|p2b: Meganium|Meganium-Mega, L50, F, shiny\n|-mega|p2b: Meganium|Meganium|Meganiumite\n|detailschange|p1b: Scovillain|Scovillain-Mega, L50, F\n|-mega|p1b: Scovillain|Scovillain|Scovillainite\n|move|p1a: Kingambit|Protect|p1a: Kingambit\n|-singleturn|p1a: Kingambit|Protect\n|move|p2b: Meganium|Dazzling Gleam|p1a: Kingambit|[spread] p1b\n|-activate|p1a: Kingambit|move: Protect\n|-resisted|p1b: Scovillain|1\n|-damage|p1b: Scovillain|85/100\n|-status|p2b: Meganium|brn|[from] ability: Spicy Spray|[of] p1b: Scovillain\n|move|p1b: Scovillain|Overheat|p2b: Meganium\n|-supereffective|p2b: Meganium|1\n|-damage|p2b: Meganium|10/100 brn\n|-unboost|p1b: Scovillain|spa|2\n|\n|-damage|p2b: Meganium|4/100 brn|[from] brn\n|upkeep\n|turn|2\n|j| lebronsmask\n|\n|t:|1776604048\n|switch|p2a: Garchomp|Garchomp, L50, M, shiny|100/100\n|switch|p1a: Archaludon|Archaludon, L50, M|100/100\n|move|p2b: Meganium|Weather Ball|p1a: Archaludon\n|-damage|p1a: Archaludon|10/100\n|move|p1b: Scovillain|Energy Ball|p2a: Garchomp\n|-damage|p2a: Garchomp|79/100\n|\n|-damage|p2b: Meganium|0 fnt|[from] brn\n|faint|p2b: Meganium\n|upkeep\n|\n|t:|1776604054\n|switch|p2b: Farigiraf|Farigiraf, L50, M, shiny|100/100\n|turn|3\n|\n|t:|1776604069\n|move|p2a: Garchomp|Protect|p2a: Garchomp\n|-singleturn|p2a: Garchomp|Protect\n|move|p1b: Scovillain|Protect|p1b: Scovillain\n|-singleturn|p1b: Scovillain|Protect\n|move|p1a: Archaludon|Draco Meteor|p2a: Garchomp\n|-activate|p2a: Garchomp|move: Protect\n|move|p2b: Farigiraf|Hyper Voice|p1b: Scovillain|[spread] p1a\n|-activate|p1b: Scovillain|move: Protect\n|-resisted|p1a: Archaludon|1\n|-damage|p1a: Archaludon|0 fnt\n|faint|p1a: Archaludon\n|\n|upkeep\n|\n|t:|1776604074\n|switch|p1a: Kingambit|Kingambit, L50, F|100/100\n|turn|4\n|j| jspe1212121\n|\n|t:|1776604090\n|move|p1b: Scovillain|Rage Powder|p1b: Scovillain\n|-singleturn|p1b: Scovillain|move: Rage Powder\n|move|p2a: Garchomp|Dragon Claw|p1b: Scovillain\n|-damage|p1b: Scovillain|34/100\n|-status|p2a: Garchomp|brn|[from] ability: Spicy Spray|[of] p1b: Scovillain\n|-enditem|p2a: Garchomp|Lum Berry|[eat]\n|-curestatus|p2a: Garchomp|brn|[msg]\n|move|p2b: Farigiraf|Hyper Voice|p1a: Kingambit|[spread] p1a,p1b\n|-resisted|p1a: Kingambit|1\n|-damage|p1a: Kingambit|84/100\n|-damage|p1b: Scovillain|2/100\n|-status|p2b: Farigiraf|brn|[from] ability: Spicy Spray|[of] p1b: Scovillain\n|move|p1a: Kingambit|Kowtow Cleave|p2b: Farigiraf\n|-supereffective|p2b: Farigiraf|1\n|-damage|p2b: Farigiraf|0 fnt\n|faint|p2b: Farigiraf\n|\n|upkeep\n|l| jspe1212121\n|\n|t:|1776604098\n|switch|p2b: Aegislash|Aegislash, L50, M, shiny|100/100\n|turn|5\n|\n|t:|1776604121\n|move|p1a: Kingambit|Protect|p1a: Kingambit\n|-singleturn|p1a: Kingambit|Protect\n|move|p2a: Garchomp|Rock Slide|p1b: Scovillain|[spread] p1b\n|-activate|p1a: Kingambit|move: Protect\n|-supereffective|p1b: Scovillain|1\n|-damage|p1b: Scovillain|0 fnt\n|-status|p2a: Garchomp|brn|[from] ability: Spicy Spray|[of] p1b: Scovillain\n|faint|p1b: Scovillain\n|-formechange|p2b: Aegislash|Aegislash-Blade|\n|move|p2b: Aegislash|Sacred Sword|p1a: Kingambit\n|-activate|p1a: Kingambit|move: Protect\n|\n|-damage|p2a: Garchomp|73/100 brn|[from] brn\n|upkeep\n|l| lebronsmask\n|\n|t:|1776604127\n|switch|p1b: Sneasler|Sneasler, L50, M|100/100\n|turn|6\n|j| lebronsmask\n|l| lebronsmask\n|\n|t:|1776604152\n|move|p1b: Sneasler|Close Combat|p2a: Garchomp\n|-damage|p2a: Garchomp|9/100 brn\n|-unboost|p1b: Sneasler|def|1\n|-unboost|p1b: Sneasler|spd|1\n|-damage|p1b: Sneasler|88/100|[from] ability: Rough Skin|[of] p2a: Garchomp\n|-enditem|p1b: Sneasler|White Herb\n|-clearnegativeboost|p1b: Sneasler|[silent]\n|move|p2a: Garchomp|Stomping Tantrum|p1b: Sneasler\n|-supereffective|p1b: Sneasler|1\n|-damage|p1b: Sneasler|21/100\n|move|p2b: Aegislash|Sacred Sword|p1a: Kingambit\n|-supereffective|p1a: Kingambit|2\n|-damage|p1a: Kingambit|0 fnt\n|faint|p1a: Kingambit\n|\n|-damage|p2a: Garchomp|3/100 brn|[from] brn\n|upkeep\n|turn|7\n|-message|Betsie forfeited.\n|\n|win|joymaxxing\n|raw|Betsie's rating: 1492 &rarr; <strong>1468</strong><br />(-24 for losing)\n|raw|joymaxxing's rating: 1417 &rarr; <strong>1441</strong><br />(+24 for winning)\n|l|\u2606Betsie\n|player|p1|\n",
  "uploadtime": 1776604177,
  "views": 17,
  "formatid": "gen9championsvgc2026regma",
  "rating": 1441,
  "private": 0,
  "password": null
}