{
  "id": "gen9championsvgc2026regma-2584555915",
  "format": "[Gen 9 Champions] VGC 2026 Reg M-A",
  "players": [
    "redeye555",
    "piedidiconkeldurr"
  ],
  "log": "|j|\u2606redeye555\n|j|\u2606piedidiconkeldurr\n|t:|1776268509\n|gametype|doubles\n|player|p1|redeye555|acetrainersnow|1183\n|player|p2|piedidiconkeldurr|266|1210\n|gen|9\n|tier|[Gen 9 Champions] VGC 2026 Reg M-A\n|rated|\n|rule|Species Clause: Limit one of each Pok\u00e9mon\n|rule|Item Clause: Limit 1 of each item\n|clearpoke\n|poke|p1|Floette-Eternal, L50, F|\n|poke|p1|Talonflame, L50, M|\n|poke|p1|Primarina, L50, F|\n|poke|p1|Maushold-Four, L50|\n|poke|p1|Heracross, L50, M|\n|poke|p1|Sneasler, L50, F|\n|poke|p2|Corviknight, L50, F|\n|poke|p2|Tyranitar, L50, F|\n|poke|p2|Incineroar, L50, F|\n|poke|p2|Rotom-Wash, L50|\n|poke|p2|Garchomp, L50, F|\n|poke|p2|Sinistcha, L50|\n|teampreview|4\n|\n|t:|1776268565\n|teamsize|p1|4\n|teamsize|p2|4\n|start\n|switch|p1a: Talonflame|Talonflame, L50, M|100/100\n|switch|p1b: Sneasler|Sneasler, L50, F|100/100\n|switch|p2a: Incineroar|Incineroar, L50, F|100/100\n|switch|p2b: Corviknight|Corviknight, L50, F|100/100\n|-ability|p2a: Incineroar|Intimidate|boost\n|-unboost|p1a: Talonflame|atk|1\n|-unboost|p1b: Sneasler|atk|1\n|-enditem|p1b: Sneasler|White Herb\n|-clearnegativeboost|p1b: Sneasler|[silent]\n|turn|1\n|\n|t:|1776268610\n|move|p1a: Talonflame|Protect|p1a: Talonflame\n|-singleturn|p1a: Talonflame|Protect\n|move|p1b: Sneasler|Fake Out|p2b: Corviknight\n|-resisted|p2b: Corviknight|1\n|-damage|p2b: Corviknight|94/100\n|move|p2a: Incineroar|Fake Out|p1b: Sneasler\n|-damage|p1b: Sneasler|79/100\n|cant|p2b: Corviknight|flinch\n|\n|-heal|p2b: Corviknight|99/100|[from] item: Leftovers\n|upkeep\n|turn|2\n|\n|t:|1776268651\n|move|p1b: Sneasler|Close Combat|p2a: Incineroar\n|-supereffective|p2a: Incineroar|1\n|-enditem|p2a: Incineroar|Chople Berry|[eat]\n|-enditem|p2a: Incineroar|Chople Berry|[weaken]\n|-damage|p2a: Incineroar|34/100\n|-unboost|p1b: Sneasler|def|1\n|-unboost|p1b: Sneasler|spd|1\n|move|p1a: Talonflame|Flare Blitz|p2b: Corviknight\n|-supereffective|p2b: Corviknight|1\n|-damage|p2b: Corviknight|44/100\n|-damage|p1a: Talonflame|76/100|[from] Recoil\n|move|p2b: Corviknight|Tailwind|p2b: Corviknight\n|-sidestart|p2: piedidiconkeldurr|move: Tailwind\n|move|p2a: Incineroar|Flare Blitz|p1b: Sneasler\n|-damage|p1b: Sneasler|0 fnt\n|faint|p1b: Sneasler\n|-damage|p2a: Incineroar|13/100|[from] Recoil\n|\n|-heal|p2b: Corviknight|50/100|[from] item: Leftovers\n|upkeep\n|\n|t:|1776268682\n|switch|p1b: Floette|Floette-Eternal, L50, F|100/100\n|turn|3\n|\n|t:|1776268699\n|detailschange|p1b: Floette|Floette-Mega, L50, F\n|-mega|p1b: Floette|Floette|Floettite\n|-ability|p1b: Floette|Fairy Aura\n|move|p1a: Talonflame|Tailwind|p1a: Talonflame\n|-sidestart|p1: redeye555|move: Tailwind\n|move|p1b: Floette|Dazzling Gleam|p2b: Corviknight|[spread] p2a,p2b\n|-resisted|p2b: Corviknight|1\n|-damage|p2a: Incineroar|0 fnt\n|-damage|p2b: Corviknight|29/100\n|faint|p2a: Incineroar\n|move|p2b: Corviknight|Iron Head|p1b: Floette\n|-supereffective|p1b: Floette|1\n|-damage|p1b: Floette|24/100\n|\n|-heal|p2b: Corviknight|35/100|[from] item: Leftovers\n|upkeep\n|\n|t:|1776268744\n|switch|p2a: Garchomp|Garchomp, L50, F|100/100\n|turn|4\n|\n|t:|1776268774\n|switch|p2b: Rotom|Rotom-Wash, L50|100/100\n|move|p1a: Talonflame|Flare Blitz|p2b: Rotom\n|-resisted|p2b: Rotom|1\n|-damage|p2b: Rotom|81/100\n|-damage|p1a: Talonflame|70/100|[from] Recoil\n|move|p2a: Garchomp|Earthquake|p1a: Talonflame|[spread] p1b\n|-immune|p2b: Rotom|[from] ability: Levitate\n|-immune|p1a: Talonflame\n|-damage|p1b: Floette|0 fnt\n|faint|p1b: Floette\n|\n|upkeep\n|\n|t:|1776268787\n|switch|p1b: Primarina|Primarina, L50, F|100/100\n|turn|5\n|\n|t:|1776268813\n|detailschange|p2a: Garchomp|Garchomp-Mega, L50, F\n|-mega|p2a: Garchomp|Garchomp|Garchompite\n|move|p1a: Talonflame|Protect|p1a: Talonflame\n|-singleturn|p1a: Talonflame|Protect\n|move|p2b: Rotom|Volt Switch|p1b: Primarina\n|-supereffective|p1b: Primarina|1\n|-damage|p1b: Primarina|51/100\n|\n|t:|1776268821\n|switch|p2b: Corviknight|Corviknight, L50, F|35/100|[from] Volt Switch\n|move|p2a: Garchomp|Rock Slide|p1a: Talonflame|[spread] p1b\n|-activate|p1a: Talonflame|move: Protect\n|-damage|p1b: Primarina|25/100\n|cant|p1b: Primarina|flinch\n|\n|-heal|p2b: Corviknight|41/100|[from] item: Leftovers\n|-sideend|p2: piedidiconkeldurr|move: Tailwind\n|upkeep\n|turn|6\n|inactive|Battle timer is ON: inactive players will automatically lose when time's up. (requested by piedidiconkeldurr)\n|\n|t:|1776268873\n|move|p1a: Talonflame|Flare Blitz|p2b: Corviknight\n|-supereffective|p2b: Corviknight|1\n|-damage|p2b: Corviknight|0 fnt\n|faint|p2b: Corviknight\n|-damage|p1a: Talonflame|52/100|[from] Recoil\n|move|p1b: Primarina|Dazzling Gleam|p2a: Garchomp\n|-supereffective|p2a: Garchomp|1\n|-damage|p2a: Garchomp|0 fnt\n|faint|p2a: Garchomp\n|\n|-sideend|p1: redeye555|move: Tailwind\n|upkeep\n|\n|t:|1776268882\n|switch|p2b: Rotom|Rotom-Wash, L50|81/100\n|turn|7\n|\n|t:|1776268895\n|move|p2b: Rotom|Electroweb|p1b: Primarina|[spread] p1a,p1b\n|-supereffective|p1a: Talonflame|1\n|-supereffective|p1b: Primarina|1\n|-crit|p1b: Primarina\n|-damage|p1a: Talonflame|0 fnt\n|-damage|p1b: Primarina|0 fnt\n|faint|p1a: Talonflame\n|faint|p1b: Primarina\n|\n|win|piedidiconkeldurr\n|raw|redeye555's rating: 1183 &rarr; <strong>1160</strong><br />(-23 for losing)\n|raw|piedidiconkeldurr's rating: 1210 &rarr; <strong>1233</strong><br />(+23 for winning)\n",
  "uploadtime": 1776268899,
  "views": 18,
  "formatid": "gen9championsvgc2026regma",
  "rating": 1160,
  "private": 0,
  "password": null
}