{
  "id": "gen9championsvgc2026regma-2587188151",
  "format": "[Gen 9 Champions] VGC 2026 Reg M-A",
  "players": [
    "lolgz",
    "NotPector"
  ],
  "log": "|j|\u2606lolgz\n|j|\u2606NotPector\n|t:|1776506276\n|gametype|doubles\n|player|p1|lolgz|dawn|1199\n|player|p2|NotPector|265|1297\n|gen|9\n|tier|[Gen 9 Champions] VGC 2026 Reg M-A\n|rated|\n|rule|Species Clause: Limit one of each Pok\u00e9mon\n|rule|Item Clause: Limit 1 of each item\n|clearpoke\n|poke|p1|Floette-Eternal, L50, F|\n|poke|p1|Maushold, L50|\n|poke|p1|Garchomp, L50, F|\n|poke|p1|Aerodactyl, L50, F|\n|poke|p1|Gallade, L50, M|\n|poke|p1|Delphox, L50, M|\n|poke|p2|Gengar, L50, F|\n|poke|p2|Tyranitar, L50, F|\n|poke|p2|Excadrill, L50, F|\n|poke|p2|Gyarados, L50, F|\n|poke|p2|Corviknight, L50, M|\n|poke|p2|Rotom-Heat, L50|\n|teampreview|4\n|\n|t:|1776506306\n|teamsize|p1|4\n|teamsize|p2|4\n|start\n|switch|p1a: Aerodactyl|Aerodactyl, L50, F|100/100\n|switch|p1b: Garchomp|Garchomp, L50, F|100/100\n|switch|p2a: Tyranitar|Tyranitar, L50, F|100/100\n|switch|p2b: Excadrill|Excadrill, L50, F|100/100\n|-ability|p1a: Aerodactyl|Unnerve\n|-weather|Sandstorm|[from] ability: Sand Stream|[of] p2a: Tyranitar\n|turn|1\n|\n|t:|1776506320\n|move|p2b: Excadrill|Protect|p2b: Excadrill\n|-singleturn|p2b: Excadrill|Protect\n|move|p1a: Aerodactyl|Tailwind|p1a: Aerodactyl\n|-sidestart|p1: lolgz|move: Tailwind\n|move|p1b: Garchomp|Earthquake|p2b: Excadrill|[spread] p2a\n|-activate|p2b: Excadrill|move: Protect\n|-immune|p1a: Aerodactyl\n|-supereffective|p2a: Tyranitar|1\n|-damage|p2a: Tyranitar|45/100\n|move|p2a: Tyranitar|Ice Punch|p1b: Garchomp\n|-supereffective|p1b: Garchomp|2\n|-damage|p1b: Garchomp|0 fnt\n|-damage|p2a: Tyranitar|33/100|[from] ability: Rough Skin|[of] p1b: Garchomp\n|faint|p1b: Garchomp\n|\n|-weather|Sandstorm|[upkeep]\n|upkeep\n|\n|t:|1776506335\n|switch|p1b: Gallade|Gallade, L50, M|100/100\n|turn|2\n|\n|t:|1776506347\n|switch|p2b: Corviknight|Corviknight, L50, M|100/100\n|move|p1b: Gallade|Sacred Sword|p2b: Corviknight\n|-damage|p2b: Corviknight|46/100\n|move|p1a: Aerodactyl|Rock Slide|p2b: Corviknight|[spread] p2a,p2b\n|-damage|p2a: Tyranitar|18/100\n|-damage|p2b: Corviknight|28/100\n|move|p2a: Tyranitar|Rock Slide|p1b: Gallade|[spread] p1a,p1b\n|-supereffective|p1a: Aerodactyl|1\n|-resisted|p1b: Gallade|1\n|-enditem|p1a: Aerodactyl|Focus Sash\n|-damage|p1a: Aerodactyl|1/100\n|-damage|p1b: Gallade|75/100\n|\n|-weather|Sandstorm|[upkeep]\n|-damage|p1b: Gallade|70/100|[from] Sandstorm\n|-heal|p2b: Corviknight|34/100|[from] item: Leftovers\n|upkeep\n|turn|3\n|\n|t:|1776506378\n|switch|p2b: Gengar|Gengar, L50, F|100/100\n|move|p1b: Gallade|Sacred Sword|p2b: Gengar\n|-immune|p2b: Gengar\n|move|p1a: Aerodactyl|Rock Slide|p2a: Tyranitar|[spread] p2a,p2b\n|-damage|p2a: Tyranitar|2/100\n|-damage|p2b: Gengar|52/100\n|move|p2a: Tyranitar|Rock Slide|p1b: Gallade|[spread] p1a,p1b\n|-supereffective|p1a: Aerodactyl|1\n|-resisted|p1b: Gallade|1\n|-damage|p1a: Aerodactyl|0 fnt\n|-damage|p1b: Gallade|46/100\n|faint|p1a: Aerodactyl\n|\n|-weather|Sandstorm|[upkeep]\n|-damage|p1b: Gallade|40/100|[from] Sandstorm\n|-damage|p2b: Gengar|46/100|[from] Sandstorm\n|upkeep\n|\n|t:|1776506380\n|switch|p1a: Delphox|Delphox, L50, M|100/100\n|turn|4\n|\n|t:|1776506401\n|switch|p2a: Corviknight|Corviknight, L50, M|34/100\n|detailschange|p1a: Delphox|Delphox-Mega, L50, M\n|-mega|p1a: Delphox|Delphox|Delphoxite\n|move|p2b: Gengar|Protect|p2b: Gengar\n|-singleturn|p2b: Gengar|Protect\n|move|p1b: Gallade|Sacred Sword|p2a: Corviknight\n|-crit|p2a: Corviknight\n|-damage|p2a: Corviknight|0 fnt\n|faint|p2a: Corviknight\n|move|p1a: Delphox|Psychic|p2b: Gengar\n|-activate|p2b: Gengar|move: Protect\n|\n|-weather|Sandstorm|[upkeep]\n|-damage|p1b: Gallade|35/100|[from] Sandstorm\n|-damage|p1a: Delphox|94/100|[from] Sandstorm\n|-damage|p2b: Gengar|41/100|[from] Sandstorm\n|-sideend|p1: lolgz|move: Tailwind\n|upkeep\n|\n|t:|1776506416\n|switch|p2a: Excadrill|Excadrill, L50, F|100/100\n|turn|5\n|\n|t:|1776506425\n|detailschange|p2b: Gengar|Gengar-Mega, L50, F\n|-mega|p2b: Gengar|Gengar|Gengarite\n|move|p2a: Excadrill|Rock Slide|p1a: Delphox|[spread] p1a,p1b\n|-supereffective|p1a: Delphox|1\n|-resisted|p1b: Gallade|1\n|-damage|p1a: Delphox|24/100\n|-damage|p1b: Gallade|15/100\n|move|p1b: Gallade|Sacred Sword|p2a: Excadrill\n|-supereffective|p2a: Excadrill|1\n|-enditem|p2a: Excadrill|Focus Sash\n|-damage|p2a: Excadrill|1/100\n|move|p1a: Delphox|Heat Wave|p2a: Excadrill|[spread] p2a,p2b\n|-supereffective|p2a: Excadrill|1\n|-crit|p2b: Gengar\n|-damage|p2a: Excadrill|0 fnt\n|-damage|p2b: Gengar|0 fnt\n|faint|p2a: Excadrill\n|faint|p2b: Gengar\n|\n|-weather|none\n|upkeep\n|\n|t:|1776506438\n|switch|p2b: Tyranitar|Tyranitar, L50, F|2/100\n|-weather|Sandstorm|[from] ability: Sand Stream|[of] p2b: Tyranitar\n|turn|6\n|\n|t:|1776506444\n|move|p1b: Gallade|Sacred Sword|p2b: Tyranitar\n|-supereffective|p2b: Tyranitar|2\n|-damage|p2b: Tyranitar|0 fnt\n|faint|p2b: Tyranitar\n|\n|win|lolgz\n|raw|lolgz's rating: 1199 &rarr; <strong>1231</strong><br />(+32 for winning)\n|raw|NotPector's rating: 1297 &rarr; <strong>1265</strong><br />(-32 for losing)\n",
  "uploadtime": 1776506445,
  "views": 20,
  "formatid": "gen9championsvgc2026regma",
  "rating": 1231,
  "private": 0,
  "password": null
}