{
  "id": "gen9championsvgc2026regma-2582797855",
  "format": "[Gen 9 Champions] VGC 2026 Reg M-A",
  "players": [
    "Capt_dx",
    "corrinel6"
  ],
  "log": "|j|\u2606Capt_dx\n|j|\u2606corrinel6\n|t:|1776114902\n|gametype|doubles\n|player|p1|Capt_dx|cynthia-gen4|1112\n|player|p2|corrinel6|266|1137\n|gen|9\n|tier|[Gen 9 Champions] VGC 2026 Reg M-A\n|rated|\n|rule|Species Clause: Limit one of each Pok\u00e9mon\n|rule|Item Clause: Limit 1 of each item\n|clearpoke\n|poke|p1|Sinistcha, L50|\n|poke|p1|Kingambit, L50, M|\n|poke|p1|Bellibolt, L50, M|\n|poke|p1|Starmie, L50|\n|poke|p1|Snorlax, L50, F|\n|poke|p1|Oranguru, L50, F|\n|poke|p2|Pelipper, L50, M|\n|poke|p2|Dragonite, L50, F|\n|poke|p2|Archaludon, L50, F|\n|poke|p2|Basculegion, L50, M|\n|poke|p2|Sneasler, L50, F|\n|poke|p2|Rotom-Heat, L50|\n|teampreview|4\n|inactive|Battle timer is ON: inactive players will automatically lose when time's up. (requested by corrinel6)\n|\n|t:|1776114932\n|teamsize|p1|4\n|teamsize|p2|4\n|start\n|switch|p1a: Oranguru|Oranguru, L50, F|100/100\n|switch|p1b: Bellibolt|Bellibolt, L50, M|100/100\n|switch|p2a: Dragonite|Dragonite, L50, F, shiny|100/100\n|switch|p2b: Rotom|Rotom-Heat, L50|100/100\n|turn|1\n|\n|t:|1776114947\n|move|p2b: Rotom|Volt Switch|p1a: Oranguru\n|-damage|p1a: Oranguru|75/100\n|\n|t:|1776114952\n|switch|p2b: Pelipper|Pelipper, L50, M|100/100|[from] Volt Switch\n|-weather|RainDance|[from] ability: Drizzle|[of] p2b: Pelipper\n|move|p2a: Dragonite|Hurricane|p1a: Oranguru\n|-damage|p1a: Oranguru|38/100\n|move|p1b: Bellibolt|Light Screen|p1b: Bellibolt\n|-sidestart|p1: Capt_dx|move: Light Screen\n|move|p1a: Oranguru|Trick Room|p1a: Oranguru\n|-fieldstart|move: Trick Room|[of] p1a: Oranguru\n|\n|-weather|RainDance|[upkeep]\n|upkeep\n|turn|2\n|\n|t:|1776114963\n|switch|p2b: Rotom|Rotom-Heat, L50|100/100\n|detailschange|p2a: Dragonite|Dragonite-Mega, L50, F, shiny\n|-mega|p2a: Dragonite|Dragonite|Dragoninite\n|move|p1b: Bellibolt|Parabolic Charge|p2b: Rotom|[spread] p1a,p2a,p2b\n|-resisted|p2b: Rotom|1\n|-damage|p1a: Oranguru|27/100\n|-damage|p2a: Dragonite|90/100\n|-damage|p2b: Rotom|86/100\n|move|p1a: Oranguru|Instruct|p1b: Bellibolt\n|-singleturn|p1b: Bellibolt|move: Instruct|[of] p1a: Oranguru\n|move|p1b: Bellibolt|Parabolic Charge|p2a: Dragonite|[spread] p1a,p2a,p2b\n|-resisted|p2b: Rotom|1\n|-damage|p1a: Oranguru|15/100\n|-damage|p2a: Dragonite|70/100\n|-damage|p2b: Rotom|72/100\n|move|p2a: Dragonite|Hurricane|p1a: Oranguru\n|-damage|p1a: Oranguru|0 fnt\n|faint|p1a: Oranguru\n|\n|-weather|RainDance|[upkeep]\n|upkeep\n|\n|t:|1776114978\n|switch|p1a: Snorlax|Snorlax, L50, F|100/100\n|turn|3\n|\n|t:|1776114991\n|move|p1a: Snorlax|Curse|p1a: Snorlax\n|-unboost|p1a: Snorlax|spe|1\n|-boost|p1a: Snorlax|atk|1\n|-boost|p1a: Snorlax|def|1\n|move|p1b: Bellibolt|Muddy Water|p2b: Rotom|[spread] p2a,p2b\n|-resisted|p2a: Dragonite|1\n|-supereffective|p2b: Rotom|1\n|-damage|p2a: Dragonite|58/100\n|-damage|p2b: Rotom|0 fnt\n|-unboost|p2a: Dragonite|accuracy|1\n|faint|p2b: Rotom\n|move|p2a: Dragonite|Dragon Pulse|p1b: Bellibolt\n|-damage|p1b: Bellibolt|74/100\n|-start|p1b: Bellibolt|Charge|Dragon Pulse|[from] ability: Electromorphosis\n|\n|-weather|RainDance|[upkeep]\n|upkeep\n|\n|t:|1776115002\n|switch|p2b: Pelipper|Pelipper, L50, M|100/100\n|turn|4\n|\n|t:|1776115014\n|move|p1a: Snorlax|Curse|p1a: Snorlax\n|-unboost|p1a: Snorlax|spe|1\n|-boost|p1a: Snorlax|atk|1\n|-boost|p1a: Snorlax|def|1\n|move|p1b: Bellibolt|Parabolic Charge|p2b: Pelipper|[spread] p1a,p2a,p2b\n|-supereffective|p2b: Pelipper|2\n|-damage|p1a: Snorlax|86/100\n|-heal|p1b: Bellibolt|82/100|[from] drain|[of] p1a: Snorlax\n|-damage|p2a: Dragonite|15/100\n|-heal|p1b: Bellibolt|99/100|[from] drain|[of] p2a: Dragonite\n|-enditem|p2b: Pelipper|Focus Sash\n|-damage|p2b: Pelipper|1/100\n|-heal|p1b: Bellibolt|100/100|[from] drain|[of] p2b: Pelipper\n|-end|p1b: Bellibolt|Charge|[silent]\n|move|p2b: Pelipper|Hurricane|p1a: Snorlax\n|-damage|p1a: Snorlax|70/100\n|move|p2a: Dragonite|Hurricane|p1a: Snorlax\n|-damage|p1a: Snorlax|47/100\n|-start|p1a: Snorlax|confusion\n|-enditem|p1a: Snorlax|Sitrus Berry|[eat]\n|-heal|p1a: Snorlax|72/100|[from] item: Sitrus Berry\n|\n|-weather|RainDance|[upkeep]\n|upkeep\n|turn|5\n|-message|corrinel6 forfeited.\n|\n|win|Capt_dx\n|raw|Capt_dx's rating: 1112 &rarr; <strong>1139</strong><br />(+27 for winning)\n|raw|corrinel6's rating: 1137 &rarr; <strong>1110</strong><br />(-27 for losing)\n|l|\u2606corrinel6\n|player|p2|\n",
  "uploadtime": 1776115038,
  "views": 20,
  "formatid": "gen9championsvgc2026regma",
  "rating": 1110,
  "private": 0,
  "password": null
}