{
  "id": "gen9championsvgc2026regma-2584346980",
  "format": "[Gen 9 Champions] VGC 2026 Reg M-A",
  "players": [
    "smp on whimsicott",
    "aarsgarnaal"
  ],
  "log": "|j|\u2606smp on whimsicott\n|j|\u2606aarsgarnaal\n|t:|1776253562\n|gametype|doubles\n|player|p1|smp on whimsicott|artist-gen4|1220\n|player|p2|aarsgarnaal|265|1263\n|gen|9\n|tier|[Gen 9 Champions] VGC 2026 Reg M-A\n|rated|\n|rule|Species Clause: Limit one of each Pok\u00e9mon\n|rule|Item Clause: Limit 1 of each item\n|clearpoke\n|poke|p1|Arcanine, L50, F|\n|poke|p1|Venusaur, L50, M|\n|poke|p1|Sneasler, L50, F|\n|poke|p1|Rotom-Wash, L50|\n|poke|p1|Garchomp, L50, M|\n|poke|p1|Corviknight, L50, M|\n|poke|p2|Meganium, L50, M|\n|poke|p2|Aerodactyl, L50, F|\n|poke|p2|Tauros-Paldea-Aqua, L50, M|\n|poke|p2|Typhlosion-Hisui, L50, M|\n|poke|p2|Archaludon, L50, F|\n|poke|p2|Kangaskhan, L50, F|\n|teampreview|4\n|inactive|Battle timer is ON: inactive players will automatically lose when time's up. (requested by aarsgarnaal)\n|\n|t:|1776253604\n|teamsize|p1|4\n|teamsize|p2|4\n|start\n|switch|p1a: Rotom|Rotom-Wash, L50|100/100\n|switch|p1b: Garchomp|Garchomp, L50, M|100/100\n|switch|p2a: Meganium|Meganium, L50, M|100/100\n|switch|p2b: Aerodactyl|Aerodactyl, L50, F|100/100\n|-ability|p2b: Aerodactyl|Unnerve\n|turn|1\n|\n|t:|1776253617\n|detailschange|p2a: Meganium|Meganium-Mega, L50, M\n|-mega|p2a: Meganium|Meganium|Meganiumite\n|move|p1a: Rotom|Electroweb|p2b: Aerodactyl|[spread] p2b\n|-miss|p1a: Rotom|p2a: Meganium\n|-supereffective|p2b: Aerodactyl|1\n|-damage|p2b: Aerodactyl|54/100\n|-unboost|p2b: Aerodactyl|spe|1\n|move|p1b: Garchomp|Dragon Claw|p2b: Aerodactyl\n|-damage|p2b: Aerodactyl|0 fnt\n|faint|p2b: Aerodactyl\n|move|p2a: Meganium|Dazzling Gleam|p1a: Rotom|[spread] p1a,p1b\n|-supereffective|p1b: Garchomp|1\n|-crit|p1b: Garchomp\n|-damage|p1a: Rotom|58/100\n|-damage|p1b: Garchomp|0 fnt\n|faint|p1b: Garchomp\n|\n|upkeep\n|\n|t:|1776253635\n|switch|p2b: Typhlosion|Typhlosion-Hisui, L50, M|100/100\n|switch|p1b: Sneasler|Sneasler, L50, F|100/100\n|turn|2\n|\n|t:|1776253653\n|move|p2b: Typhlosion|Eruption|p1b: Sneasler|[spread] p1a,p1b\n|-resisted|p1a: Rotom|1\n|-damage|p1a: Rotom|25/100\n|-damage|p1b: Sneasler|11/100\n|move|p1a: Rotom|Electroweb|p2a: Meganium|[spread] p2a,p2b\n|-resisted|p2a: Meganium|1\n|-damage|p2a: Meganium|93/100\n|-damage|p2b: Typhlosion|76/100\n|-unboost|p2a: Meganium|spe|1\n|-unboost|p2b: Typhlosion|spe|1\n|move|p1b: Sneasler|Dire Claw|p2b: Typhlosion\n|-resisted|p2b: Typhlosion|1\n|-damage|p2b: Typhlosion|42/100\n|move|p2a: Meganium|Solar Beam||[still]\n|-prepare|p2a: Meganium|Solar Beam\n|-activate|p2a: Meganium|ability: Mega Sol\n|-anim|p2a: Meganium|Solar Beam|p1a: Rotom\n|-supereffective|p1a: Rotom|1\n|-damage|p1a: Rotom|0 fnt\n|faint|p1a: Rotom\n|\n|upkeep\n|\n|t:|1776253657\n|switch|p1a: Venusaur|Venusaur, L50, M|100/100\n|turn|3\n|inactive|aarsgarnaal has 30 seconds left.\n|\n|t:|1776253687\n|detailschange|p1a: Venusaur|Venusaur-Mega, L50, M\n|-mega|p1a: Venusaur|Venusaur|Venusaurite\n|move|p1b: Sneasler|Dire Claw|p2b: Typhlosion\n|-resisted|p2b: Typhlosion|1\n|-damage|p2b: Typhlosion|8/100\n|-status|p2b: Typhlosion|par\n|move|p1a: Venusaur|Sludge Bomb|p2a: Meganium\n|-supereffective|p2a: Meganium|2\n|-damage|p2a: Meganium|0 fnt\n|faint|p2a: Meganium\n|move|p2b: Typhlosion|Eruption|p1b: Sneasler|[spread] p1a,p1b\n|-supereffective|p1a: Venusaur|1\n|-damage|p1a: Venusaur|96/100\n|-damage|p1b: Sneasler|1/100\n|\n|upkeep\n|\n|t:|1776253698\n|switch|p2a: Archaludon|Archaludon, L50, F|100/100\n|turn|4\n|\n|t:|1776253711\n|move|p1b: Sneasler|Dire Claw|p2b: Typhlosion\n|-resisted|p2b: Typhlosion|1\n|-crit|p2b: Typhlosion\n|-damage|p2b: Typhlosion|0 fnt\n|faint|p2b: Typhlosion\n|move|p1a: Venusaur|Leech Seed|p2a: Archaludon\n|-start|p2a: Archaludon|move: Leech Seed\n|move|p2a: Archaludon|Draco Meteor|p1a: Venusaur\n|-damage|p1a: Venusaur|24/100\n|-unboost|p2a: Archaludon|spa|2\n|\n|-damage|p2a: Archaludon|88/100|[from] Leech Seed|[of] p1a: Venusaur\n|-heal|p1a: Venusaur|35/100|[silent]\n|upkeep\n|turn|5\n|\n|t:|1776253727\n|move|p1b: Sneasler|Close Combat|p2a: Archaludon\n|-supereffective|p2a: Archaludon|1\n|-damage|p2a: Archaludon|0 fnt\n|-unboost|p1b: Sneasler|def|1\n|-unboost|p1b: Sneasler|spd|1\n|faint|p2a: Archaludon\n|\n|win|smp on whimsicott\n|raw|smp on whimsicott's rating: 1220 &rarr; <strong>1248</strong><br />(+28 for winning)\n|raw|aarsgarnaal's rating: 1263 &rarr; <strong>1235</strong><br />(-28 for losing)\n",
  "uploadtime": 1776253727,
  "views": 31,
  "formatid": "gen9championsvgc2026regma",
  "rating": 1235,
  "private": 0,
  "password": null
}