{
  "id": "gen9championsvgc2026regma-2581648549",
  "format": "[Gen 9 Champions] VGC 2026 Reg M-A",
  "players": [
    "MrPpingu",
    "injuryreserv3"
  ],
  "log": "|j|\u2606MrPpingu\n|j|\u2606injuryreserv3\n|t:|1776017828\n|gametype|doubles\n|player|p1|MrPpingu|jogger|1114\n|player|p2|injuryreserv3|sabrina|1149\n|gen|9\n|tier|[Gen 9 Champions] VGC 2026 Reg M-A\n|rated|\n|rule|Species Clause: Limit one of each Pok\u00e9mon\n|rule|Item Clause: Limit 1 of each item\n|clearpoke\n|poke|p1|Gardevoir, L50, M|\n|poke|p1|Incineroar, L50, M|\n|poke|p1|Whimsicott, L50, M|\n|poke|p1|Rotom-Wash, L50|\n|poke|p1|Dragonite, L50, F|\n|poke|p1|Tyranitar, L50, F|\n|poke|p2|Whimsicott, L50, F|\n|poke|p2|Charizard, L50, M|\n|poke|p2|Sneasler, L50, M|\n|poke|p2|Basculegion, L50, M|\n|poke|p2|Floette-Eternal, L50, F|\n|poke|p2|Incineroar, L50, M|\n|teampreview|4\n|inactive|Battle timer is ON: inactive players will automatically lose when time's up. (requested by injuryreserv3)\n|\n|t:|1776017853\n|teamsize|p1|4\n|teamsize|p2|4\n|start\n|switch|p1a: Rotom|Rotom-Wash, L50|100/100\n|switch|p1b: Whimsicott|Whimsicott, L50, M|100/100\n|switch|p2a: Sneasler|Sneasler, L50, M|100/100\n|switch|p2b: Incineroar|Incineroar, L50, M|100/100\n|-ability|p2b: Incineroar|Intimidate|boost\n|-unboost|p1a: Rotom|atk|1\n|-unboost|p1b: Whimsicott|atk|1\n|turn|1\n|\n|t:|1776017871\n|move|p2a: Sneasler|Fake Out|p1a: Rotom\n|-damage|p1a: Rotom|78/100\n|move|p1b: Whimsicott|Tailwind|p1b: Whimsicott\n|-sidestart|p1: MrPpingu|move: Tailwind\n|cant|p1a: Rotom|flinch\n|move|p2b: Incineroar|Flare Blitz|p1b: Whimsicott\n|-supereffective|p1b: Whimsicott|1\n|-damage|p1b: Whimsicott|21/100\n|-damage|p2b: Incineroar|79/100|[from] Recoil\n|\n|-heal|p1a: Rotom|84/100|[from] item: Leftovers\n|-heal|p2b: Incineroar|85/100|[from] item: Leftovers\n|upkeep\n|turn|2\n|\n|t:|1776017888\n|move|p1b: Whimsicott|Encore|p2a: Sneasler\n|-start|p2a: Sneasler|Encore\n|move|p2a: Sneasler|Fake Out||[still]\n|-hint|Fake Out only works on your first turn out.\n|-fail|p2a: Sneasler\n|move|p1a: Rotom|Hydro Pump|p2b: Incineroar\n|-supereffective|p2b: Incineroar|1\n|-damage|p2b: Incineroar|4/100\n|move|p2b: Incineroar|Parting Shot|p1a: Rotom\n|-unboost|p1a: Rotom|atk|1\n|-unboost|p1a: Rotom|spa|1\n|\n|t:|1776017902\n|switch|p2b: Floette|Floette-Eternal, L50, F|100/100|[from] Parting Shot\n|\n|-heal|p1a: Rotom|89/100|[from] item: Leftovers\n|upkeep\n|turn|3\n|\n|t:|1776017922\n|switch|p2a: Basculegion|Basculegion, L50, M|100/100\n|detailschange|p2b: Floette|Floette-Mega, L50, F\n|-mega|p2b: Floette|Floette|Floettite\n|-ability|p2b: Floette|Fairy Aura\n|move|p1b: Whimsicott|Taunt|p2b: Floette\n|-start|p2b: Floette|move: Taunt\n|move|p1a: Rotom|Thunderbolt|p2a: Basculegion\n|-supereffective|p2a: Basculegion|1\n|-damage|p2a: Basculegion|32/100\n|cant|p2b: Floette|move: Taunt|Calm Mind\n|\n|-heal|p1a: Rotom|95/100|[from] item: Leftovers\n|upkeep\n|turn|4\n|inactive|MrPpingu has 30 seconds left.\n|\n|t:|1776017948\n|move|p2a: Basculegion|Aqua Jet|p1a: Rotom\n|-resisted|p1a: Rotom|1\n|-damage|p1a: Rotom|75/100\n|move|p1a: Rotom|Thunderbolt|p2b: Floette\n|-damage|p2b: Floette|74/100\n|move|p1b: Whimsicott|Dazzling Gleam|p2a: Basculegion|[spread] p2a,p2b\n|-damage|p2a: Basculegion|3/100\n|-damage|p2b: Floette|54/100\n|move|p2b: Floette|Dazzling Gleam|p1b: Whimsicott|[spread] p1a,p1b\n|-damage|p1a: Rotom|7/100\n|-damage|p1b: Whimsicott|0 fnt\n|faint|p1b: Whimsicott\n|\n|-heal|p1a: Rotom|12/100|[from] item: Leftovers\n|-sideend|p1: MrPpingu|move: Tailwind\n|upkeep\n|\n|t:|1776017967\n|switch|p1b: Gardevoir|Gardevoir, L50, M|100/100\n|turn|5\n|\n|t:|1776017989\n|detailschange|p1b: Gardevoir|Gardevoir-Mega, L50, M\n|-mega|p1b: Gardevoir|Gardevoir|Gardevoirite\n|move|p2a: Basculegion|Aqua Jet|p1b: Gardevoir\n|-damage|p1b: Gardevoir|54/100\n|move|p2b: Floette|Dazzling Gleam|p1a: Rotom|[spread] p1a,p1b\n|-damage|p1a: Rotom|0 fnt\n|-damage|p1b: Gardevoir|18/100\n|faint|p1a: Rotom\n|move|p1b: Gardevoir|Hyper Voice|p2b: Floette|[spread] p2a,p2b\n|-damage|p2a: Basculegion|0 fnt\n|-damage|p2b: Floette|0 fnt\n|faint|p2a: Basculegion\n|faint|p2b: Floette\n|\n|upkeep\n|\n|t:|1776018004\n|switch|p2b: Incineroar|Incineroar, L50, M|4/100\n|switch|p1a: Tyranitar|Tyranitar, L50, F|100/100\n|switch|p2a: Sneasler|Sneasler, L50, M|100/100\n|-ability|p1a: Tyranitar|Unnerve\n|-ability|p2b: Incineroar|Intimidate|boost\n|-unboost|p1a: Tyranitar|atk|1\n|-unboost|p1b: Gardevoir|atk|1\n|turn|6\n|\n|t:|1776018022\n|move|p1b: Gardevoir|Protect|p1b: Gardevoir\n|-singleturn|p1b: Gardevoir|Protect\n|move|p2b: Incineroar|Fake Out|p1b: Gardevoir\n|-activate|p1b: Gardevoir|move: Protect\n|move|p2a: Sneasler|Close Combat|p1a: Tyranitar\n|-supereffective|p1a: Tyranitar|2\n|-damage|p1a: Tyranitar|0 fnt\n|-unboost|p2a: Sneasler|def|1\n|-unboost|p2a: Sneasler|spd|1\n|faint|p1a: Tyranitar\n|-enditem|p2a: Sneasler|White Herb\n|-clearnegativeboost|p2a: Sneasler|[silent]\n|\n|-heal|p2b: Incineroar|10/100|[from] item: Leftovers\n|upkeep\n|turn|7\n|\n|t:|1776018043\n|move|p2a: Sneasler|Dire Claw|p1b: Gardevoir\n|-supereffective|p1b: Gardevoir|1\n|-damage|p1b: Gardevoir|0 fnt\n|faint|p1b: Gardevoir\n|\n|win|injuryreserv3\n|raw|MrPpingu's rating: 1114 &rarr; <strong>1092</strong><br />(-22 for losing)\n|raw|injuryreserv3's rating: 1149 &rarr; <strong>1171</strong><br />(+22 for winning)\n",
  "uploadtime": 1776018051,
  "views": 29,
  "formatid": "gen9championsvgc2026regma",
  "rating": 1092,
  "private": 0,
  "password": null
}