{
  "id": "gen9championsvgc2026regma-2584653376",
  "format": "[Gen 9 Champions] VGC 2026 Reg M-A",
  "players": [
    "lorin zirankibar",
    "corek"
  ],
  "log": "|j|\u2606lorin zirankibar\n|j|\u2606corek\n|t:|1776274650\n|gametype|doubles\n|player|p1|lorin zirankibar|sada-ai|1163\n|player|p2|corek|lucas|1145\n|gen|9\n|tier|[Gen 9 Champions] VGC 2026 Reg M-A\n|rated|\n|rule|Species Clause: Limit one of each Pok\u00e9mon\n|rule|Item Clause: Limit 1 of each item\n|clearpoke\n|poke|p1|Froslass, L50, F|\n|poke|p1|Araquanid, L50, M|\n|poke|p1|Lycanroc-Dusk, L50, M|\n|poke|p1|Talonflame, L50, F|\n|poke|p1|Rotom-Frost, L50|\n|poke|p1|Sneasler, L50, M|\n|poke|p2|Lucario, L50, F|\n|poke|p2|Meowscarada, L50, F|\n|poke|p2|Infernape, L50, M|\n|poke|p2|Scizor, L50, M|\n|poke|p2|Chandelure, L50, F|\n|poke|p2|Leafeon, L50, F|\n|teampreview|4\n|inactive|Battle timer is ON: inactive players will automatically lose when time's up. (requested by corek)\n|inactive|corek has 60 seconds left.\n|\n|t:|1776274687\n|teamsize|p1|4\n|teamsize|p2|4\n|start\n|switch|p1a: Talonflame|Talonflame, L50, F|100/100\n|switch|p1b: Lycanroc|Lycanroc-Dusk, L50, M|100/100\n|switch|p2a: Meowscarada|Meowscarada, L50, F|100/100\n|switch|p2b: Scizor|Scizor, L50, M|100/100\n|turn|1\n|\n|t:|1776274709\n|move|p1a: Talonflame|Tailwind|p1a: Talonflame\n|-sidestart|p1: lorin zirankibar|move: Tailwind\n|move|p2b: Scizor|Bullet Punch|p1b: Lycanroc\n|-supereffective|p1b: Lycanroc|1\n|-enditem|p1b: Lycanroc|Focus Sash\n|-damage|p1b: Lycanroc|1/100\n|move|p1b: Lycanroc|Close Combat|p2b: Scizor\n|-damage|p2b: Scizor|31/100\n|-unboost|p1b: Lycanroc|def|1\n|-unboost|p1b: Lycanroc|spd|1\n|move|p2a: Meowscarada|Power Gem|p1a: Talonflame\n|-start|p2a: Meowscarada|typechange|Rock|[from] ability: Protean\n|-supereffective|p1a: Talonflame|2\n|-damage|p1a: Talonflame|0 fnt\n|faint|p1a: Talonflame\n|\n|upkeep\n|\n|t:|1776274727\n|switch|p1a: Rotom|Rotom-Frost, L50, shiny|100/100\n|turn|2\n|\n|t:|1776274744\n|switch|p1b: Araquanid|Araquanid, L50, M, shiny|100/100\n|switch|p2a: Leafeon|Leafeon, L50, F|100/100\n|move|p2b: Scizor|Bullet Punch|p1b: Araquanid\n|-resisted|p1b: Araquanid|1\n|-damage|p1b: Araquanid|84/100\n|move|p1a: Rotom|Volt Switch|p2b: Scizor\n|-damage|p2b: Scizor|0 fnt\n|faint|p2b: Scizor\n|\n|t:|1776274755\n|switch|p1a: Lycanroc|Lycanroc-Dusk, L50, M|1/100|[from] Volt Switch\n|\n|-heal|p1b: Araquanid|90/100|[from] item: Leftovers\n|upkeep\n|\n|t:|1776274761\n|switch|p2b: Meowscarada|Meowscarada, L50, F|100/100\n|turn|3\n|\n|t:|1776274779\n|move|p1a: Lycanroc|Close Combat|p2b: Meowscarada\n|-supereffective|p2b: Meowscarada|1\n|-damage|p2b: Meowscarada|0 fnt\n|-unboost|p1a: Lycanroc|def|1\n|-unboost|p1a: Lycanroc|spd|1\n|faint|p2b: Meowscarada\n|move|p2a: Leafeon|Sunny Day|p2a: Leafeon\n|-weather|SunnyDay\n|move|p1b: Araquanid|Substitute|p1b: Araquanid\n|-start|p1b: Araquanid|Substitute\n|-damage|p1b: Araquanid|65/100\n|\n|-weather|SunnyDay|[upkeep]\n|-heal|p1b: Araquanid|72/100|[from] item: Leftovers\n|upkeep\n|\n|t:|1776274790\n|switch|p2b: Infernape|Infernape, L50, M|100/100\n|turn|4\n|\n|t:|1776274810\n|move|p2b: Infernape|Upper Hand||[still]\n|-fail|p2b: Infernape\n|move|p1a: Lycanroc|Psychic Fangs|p2b: Infernape\n|-supereffective|p2b: Infernape|1\n|-damage|p2b: Infernape|0 fnt\n|faint|p2b: Infernape\n|move|p2a: Leafeon|Knock Off|p1b: Araquanid\n|-end|p1b: Araquanid|Substitute\n|move|p1b: Araquanid|Leech Life|p2a: Leafeon\n|-supereffective|p2a: Leafeon|1\n|-damage|p2a: Leafeon|54/100\n|-heal|p1b: Araquanid|92/100|[from] drain|[of] p2a: Leafeon\n|\n|-weather|SunnyDay|[upkeep]\n|-heal|p1b: Araquanid|99/100|[from] item: Leftovers\n|-sideend|p1: lorin zirankibar|move: Tailwind\n|upkeep\n|turn|5\n|inactive|lorin zirankibar has 30 seconds left.\n|inactive|lorin zirankibar has 20 seconds left.\n|inactive|lorin zirankibar has 15 seconds left.\n|\n|t:|1776274853\n|move|p2a: Leafeon|Knock Off|p1a: Lycanroc\n|-damage|p1a: Lycanroc|0 fnt\n|faint|p1a: Lycanroc\n|move|p1b: Araquanid|Substitute|p1b: Araquanid\n|-start|p1b: Araquanid|Substitute\n|-damage|p1b: Araquanid|74/100\n|\n|-weather|SunnyDay|[upkeep]\n|-heal|p1b: Araquanid|80/100|[from] item: Leftovers\n|upkeep\n|\n|t:|1776274861\n|switch|p1a: Rotom|Rotom-Frost, L50, shiny|100/100\n|turn|6\n|\n|t:|1776274870\n|move|p2a: Leafeon|Knock Off|p1a: Rotom\n|-damage|p1a: Rotom|64/100\n|-enditem|p1a: Rotom|Sitrus Berry|[from] move: Knock Off|[of] p2a: Leafeon\n|move|p1a: Rotom|Thunderbolt|p2a: Leafeon\n|-resisted|p2a: Leafeon|1\n|-damage|p2a: Leafeon|19/100\n|move|p1b: Araquanid|Leech Life|p2a: Leafeon\n|-supereffective|p2a: Leafeon|1\n|-damage|p2a: Leafeon|0 fnt\n|-heal|p1b: Araquanid|88/100|[from] drain|[of] p2a: Leafeon\n|faint|p2a: Leafeon\n|\n|win|lorin zirankibar\n|raw|lorin zirankibar's rating: 1163 &rarr; <strong>1187</strong><br />(+24 for winning)\n|raw|corek's rating: 1145 &rarr; <strong>1121</strong><br />(-24 for losing)\n|l|\u2606corek\n|player|p2|\n",
  "uploadtime": 1776274883,
  "views": 20,
  "formatid": "gen9championsvgc2026regma",
  "rating": 1121,
  "private": 0,
  "password": null
}