{
  "id": "gen9championsvgc2026regma-2588707990",
  "format": "[Gen 9 Champions] VGC 2026 Reg M-A",
  "players": [
    "RhapsodyVx",
    "Bmansp"
  ],
  "log": "|j|\u2606RhapsodyVx\n|j|\u2606Bmansp\n|t:|1776660244\n|gametype|doubles\n|player|p1|RhapsodyVx|265|1224\n|player|p2|Bmansp|2|1209\n|gen|9\n|tier|[Gen 9 Champions] VGC 2026 Reg M-A\n|rated|\n|rule|Species Clause: Limit one of each Pok\u00e9mon\n|rule|Item Clause: Limit 1 of each item\n|clearpoke\n|poke|p1|Incineroar, L50, F|\n|poke|p1|Whimsicott, L50, M|\n|poke|p1|Floette-Eternal, L50, F|\n|poke|p1|Aegislash, L50, F, shiny|\n|poke|p1|Garchomp, L50, F, shiny|\n|poke|p1|Rotom-Wash, L50|\n|poke|p2|Charizard, L50, F|\n|poke|p2|Scizor, L50, F|\n|poke|p2|Sneasler, L50, F|\n|poke|p2|Incineroar, L50, M|\n|poke|p2|Sinistcha, L50|\n|poke|p2|Milotic, L50, F|\n|teampreview|4\n|inactive|Battle timer is ON: inactive players will automatically lose when time's up. (requested by Bmansp)\nBmansp has agreed to open team sheets.\n|inactive|RhapsodyVx has 60 seconds left.\n|inactive|Bmansp has 60 seconds left.\n|\n|t:|1776660288\n|teamsize|p1|4\n|teamsize|p2|4\n|start\n|switch|p1a: Whimsicott|Whimsicott, L50, M|100/100\n|switch|p1b: Garchomp|Garchomp, L50, F, shiny|100/100\n|switch|p2a: Milotic|Milotic, L50, F|100/100\n|switch|p2b: Sneasler|Sneasler, L50, F|100/100\n|turn|1\n|\n|t:|1776660307\n|move|p2b: Sneasler|Fake Out|p1a: Whimsicott\n|-damage|p1a: Whimsicott|79/100\n|-status|p1a: Whimsicott|psn|[from] ability: Poison Touch|[of] p2b: Sneasler\n|move|p1b: Garchomp|Rock Slide|p2b: Sneasler|[spread] p2a\n|-miss|p1b: Garchomp|p2b: Sneasler\n|-damage|p2a: Milotic|85/100\n|cant|p1a: Whimsicott|flinch\n|move|p2a: Milotic|Icy Wind|p1b: Garchomp|[spread] p1a,p1b\n|-supereffective|p1a: Whimsicott|1\n|-supereffective|p1b: Garchomp|2\n|-damage|p1a: Whimsicott|45/100 psn\n|-damage|p1b: Garchomp|52/100\n|-unboost|p1a: Whimsicott|spe|1\n|-unboost|p1b: Garchomp|spe|1\n|-enditem|p1b: Garchomp|White Herb\n|-clearnegativeboost|p1b: Garchomp|[silent]\n|\n|-heal|p2a: Milotic|91/100|[from] item: Leftovers\n|-damage|p1a: Whimsicott|33/100 psn|[from] psn\n|upkeep\n|turn|2\n|inactive|RhapsodyVx has 30 seconds left.\n|\n|t:|1776660335\n|switch|p2b: Incineroar|Incineroar, L50, M|100/100\n|-ability|p2b: Incineroar|Intimidate|boost\n|-unboost|p1a: Whimsicott|atk|1\n|-unboost|p1b: Garchomp|atk|1\n|move|p1a: Whimsicott|Encore|p2b: Incineroar\n|-hint|Since gen 7, Dark is immune to Prankster moves.\n|-immune|p2b: Incineroar\n|move|p1b: Garchomp|Rock Slide|p2a: Milotic|[spread] p2a\n|-miss|p1b: Garchomp|p2b: Incineroar\n|-damage|p2a: Milotic|80/100\n|cant|p2a: Milotic|flinch\n|\n|-heal|p2a: Milotic|86/100|[from] item: Leftovers\n|-damage|p1a: Whimsicott|20/100 psn|[from] psn\n|upkeep\n|turn|3\n|\n|t:|1776660356\n|move|p2b: Incineroar|Fake Out|p1b: Garchomp\n|-damage|p1b: Garchomp|41/100\n|-damage|p2b: Incineroar|88/100|[from] ability: Rough Skin|[of] p1b: Garchomp\n|move|p1a: Whimsicott|Tailwind|p1a: Whimsicott\n|-sidestart|p1: RhapsodyVx|move: Tailwind\n|cant|p1b: Garchomp|flinch\n|move|p2a: Milotic|Icy Wind|p1b: Garchomp|[spread] p1a,p1b\n|-supereffective|p1a: Whimsicott|1\n|-supereffective|p1b: Garchomp|2\n|-damage|p1a: Whimsicott|0 fnt\n|-damage|p1b: Garchomp|0 fnt\n|faint|p1a: Whimsicott\n|faint|p1b: Garchomp\n|\n|-heal|p2a: Milotic|92/100|[from] item: Leftovers\n|upkeep\n|\n|t:|1776660368\n|switch|p1b: Rotom|Rotom-Wash, L50|100/100\n|switch|p1a: Floette|Floette-Eternal, L50, F|100/100\n|turn|4\n|\n|t:|1776660384\n|detailschange|p1a: Floette|Floette-Mega, L50, F\n|-mega|p1a: Floette|Floette|Floettite\n|-ability|p1a: Floette|Fairy Aura\n|move|p1a: Floette|Dazzling Gleam|p2a: Milotic|[spread] p2a,p2b\n|-damage|p2a: Milotic|55/100\n|-damage|p2b: Incineroar|45/100\n|move|p1b: Rotom|Hydro Pump|p2b: Incineroar\n|-supereffective|p2b: Incineroar|1\n|-damage|p2b: Incineroar|0 fnt\n|faint|p2b: Incineroar\n|move|p2a: Milotic|Icy Wind|p1b: Rotom|[spread] p1a,p1b\n|-resisted|p1b: Rotom|1\n|-damage|p1a: Floette|92/100\n|-damage|p1b: Rotom|95/100\n|-unboost|p1a: Floette|spe|1\n|-unboost|p1b: Rotom|spe|1\n|\n|-heal|p2a: Milotic|61/100|[from] item: Leftovers\n|upkeep\n|\n|t:|1776660394\n|switch|p2b: Scizor|Scizor, L50, F|100/100\n|turn|5\n|-message|RhapsodyVx forfeited.\n|\n|win|Bmansp\n|raw|RhapsodyVx's rating: 1224 &rarr; <strong>1198</strong><br />(-26 for losing)\n|raw|Bmansp's rating: 1209 &rarr; <strong>1235</strong><br />(+26 for winning)\n",
  "uploadtime": 1776660406,
  "views": 5,
  "formatid": "gen9championsvgc2026regma",
  "rating": 1198,
  "private": 0,
  "password": null
}