{
  "id": "gen9championsvgc2026regma-2587167537",
  "format": "[Gen 9 Champions] VGC 2026 Reg M-A",
  "players": [
    "aktinium666",
    "DancingWithTheWind"
  ],
  "log": "|j|\u2606aktinium666\n|j|\u2606DancingWithTheWind\n|t:|1776503334\n|gametype|doubles\n|player|p1|aktinium666|kukui|1032\n|player|p2|DancingWithTheWind|2|1000\n|gen|9\n|tier|[Gen 9 Champions] VGC 2026 Reg M-A\n|rated|\n|rule|Species Clause: Limit one of each Pok\u00e9mon\n|rule|Item Clause: Limit 1 of each item\n|clearpoke\n|poke|p1|Drampa, L50, M|\n|poke|p1|Basculegion, L50, M|\n|poke|p1|Archaludon, L50, M|\n|poke|p1|Sinistcha, L50|\n|poke|p1|Pelipper, L50, F|\n|poke|p1|Kingambit, L50, F|\n|poke|p2|Glimmora, L50, F|\n|poke|p2|Corviknight, L50, M|\n|poke|p2|Ninetales-Alola, L50, F|\n|poke|p2|Garchomp, L50, M|\n|poke|p2|Gyarados, L50, F|\n|poke|p2|Volcarona, L50, F|\n|teampreview|4\n|\n|t:|1776503410\n|teamsize|p1|4\n|teamsize|p2|4\n|start\n|switch|p1a: Pelipper|Pelipper, L50, F|100/100\n|switch|p1b: Archaludon|Archaludon, L50, M|100/100\n|switch|p2a: Gyarados|Gyarados, L50, F|100/100\n|switch|p2b: Corviknight|Corviknight, L50, M|100/100\n|-ability|p2a: Gyarados|Intimidate|boost\n|-unboost|p1a: Pelipper|atk|1\n|-unboost|p1b: Archaludon|atk|1\n|-weather|RainDance|[from] ability: Drizzle|[of] p1a: Pelipper\n|turn|1\n|inactive|Battle timer is ON: inactive players will automatically lose when time's up. (requested by aktinium666)\n|\n|t:|1776503446\n|switch|p2b: Ninetales|Ninetales-Alola, L50, F|100/100\n|-weather|Snowscape|[from] ability: Snow Warning|[of] p2b: Ninetales\n|detailschange|p2a: Gyarados|Gyarados-Mega, L50, F\n|-mega|p2a: Gyarados|Gyarados|Gyaradosite\n|-ability|p2a: Gyarados|Mold Breaker\n|move|p1a: Pelipper|Protect|p1a: Pelipper\n|-singleturn|p1a: Pelipper|Protect\n|move|p2a: Gyarados|Dragon Dance|p2a: Gyarados\n|-boost|p2a: Gyarados|atk|1\n|-boost|p2a: Gyarados|spe|1\n|move|p1b: Archaludon|Electro Shot||[still]\n|-prepare|p1b: Archaludon|Electro Shot\n|-boost|p1b: Archaludon|spa|1\n|\n|-weather|Snowscape|[upkeep]\n|upkeep\n|turn|2\n|inactive|DancingWithTheWind has 30 seconds left.\n|\n|t:|1776503476\n|move|p2a: Gyarados|Protect|p2a: Gyarados\n|-singleturn|p2a: Gyarados|Protect\n|move|p2b: Ninetales|Blizzard|p1a: Pelipper|[spread] p1a,p1b\n|-damage|p1a: Pelipper|66/100\n|-damage|p1b: Archaludon|60/100\n|-ability|p1b: Archaludon|Stamina|boost\n|-boost|p1b: Archaludon|def|1\n|move|p1b: Archaludon|Electro Shot|p2b: Ninetales|[from] lockedmove\n|-damage|p2b: Ninetales|20/100\n|move|p1a: Pelipper|Tailwind|p1a: Pelipper\n|-sidestart|p1: aktinium666|move: Tailwind\n|\n|-weather|Snowscape|[upkeep]\n|-heal|p1a: Pelipper|72/100|[from] item: Leftovers\n|upkeep\n|turn|3\n|inactive|aktinium666 has 30 seconds left.\n|inactive|DancingWithTheWind has 30 seconds left.\n|inactive|DancingWithTheWind has 20 seconds left.\n|inactive|DancingWithTheWind has 15 seconds left.\n|inactive|DancingWithTheWind has 10 seconds left.\n|\n|t:|1776503521\n|switch|p1a: Sinistcha|Sinistcha, L50|100/100\n|-heal|p1b: Archaludon|85/100|[from] ability: Hospitality|[of] p1a: Sinistcha\n|move|p1b: Archaludon|Dragon Pulse|p2a: Gyarados\n|-damage|p2a: Gyarados|51/100\n|move|p2b: Ninetales|Aurora Veil|p2b: Ninetales\n|-sidestart|p2: DancingWithTheWind|move: Aurora Veil\n|move|p2a: Gyarados|Dragon Dance|p2a: Gyarados\n|-boost|p2a: Gyarados|atk|1\n|-boost|p2a: Gyarados|spe|1\n|\n|-weather|Snowscape|[upkeep]\n|upkeep\n|turn|4\n|inactive|DancingWithTheWind has 30 seconds left.\n|inactive|aktinium666 has 30 seconds left.\n|\n|t:|1776503553\n|move|p2a: Gyarados|Crunch|p1b: Archaludon\n|-damage|p1b: Archaludon|33/100\n|-ability|p1b: Archaludon|Stamina|boost\n|-boost|p1b: Archaludon|def|1\n|move|p1b: Archaludon|Dragon Pulse|p2a: Gyarados\n|-damage|p2a: Gyarados|21/100\n|move|p1a: Sinistcha|Matcha Gotcha|p2a: Gyarados|[spread] p2a,p2b\n|-supereffective|p2a: Gyarados|1\n|-damage|p2a: Gyarados|0 fnt\n|-damage|p2b: Ninetales|0 fnt\n|faint|p2a: Gyarados\n|faint|p2b: Ninetales\n|\n|-weather|Snowscape|[upkeep]\n|upkeep\n|\n|t:|1776503569\n|switch|p2b: Corviknight|Corviknight, L50, M|100/100\n|switch|p2a: Garchomp|Garchomp, L50, M|100/100\n|turn|5\n|inactive|DancingWithTheWind has 30 seconds left.\n|inactive|DancingWithTheWind has 20 seconds left.\n|inactive|DancingWithTheWind has 15 seconds left.\n|inactive|DancingWithTheWind has 10 seconds left.\n|\n|t:|1776503617\n|switch|p1a: Pelipper|Pelipper, L50, F|72/100\n|-weather|RainDance|[from] ability: Drizzle|[of] p1a: Pelipper\n|move|p2a: Garchomp|Earthquake|p1b: Archaludon|[spread] p1b\n|-immune|p2b: Corviknight\n|-immune|p1a: Pelipper\n|-supereffective|p1b: Archaludon|1\n|-damage|p1b: Archaludon|6/100\n|-ability|p1b: Archaludon|Stamina|boost\n|-boost|p1b: Archaludon|def|1\n|move|p1b: Archaludon|Electro Shot||[still]\n|-prepare|p1b: Archaludon|Electro Shot\n|-boost|p1b: Archaludon|spa|1\n|-anim|p1b: Archaludon|Electro Shot|p2b: Corviknight\n|-supereffective|p2b: Corviknight|1\n|-damage|p2b: Corviknight|0 fnt\n|faint|p2b: Corviknight\n|\n|-weather|RainDance|[upkeep]\n|-heal|p1a: Pelipper|78/100|[from] item: Leftovers\n|-sideend|p1: aktinium666|move: Tailwind\n|upkeep\n|turn|6\n|inactive|aktinium666 has 30 seconds left.\n|\n|t:|1776503643\n|move|p1b: Archaludon|Protect|p1b: Archaludon\n|-singleturn|p1b: Archaludon|Protect\n|move|p2a: Garchomp|Earthquake|p1a: Pelipper|[spread] \n|-activate|p1b: Archaludon|move: Protect\n|-immune|p1a: Pelipper\n|move|p1a: Pelipper|Weather Ball|p2a: Garchomp\n|-damage|p2a: Garchomp|63/100\n|\n|-weather|RainDance|[upkeep]\n|-heal|p1a: Pelipper|84/100|[from] item: Leftovers\n|upkeep\n|turn|7\n|\n|t:|1776503659\n|move|p1b: Archaludon|Protect||[still]\n|-fail|p1b: Archaludon\n|move|p2a: Garchomp|Earthquake|p1a: Pelipper|[spread] p1b\n|-immune|p1a: Pelipper\n|-supereffective|p1b: Archaludon|1\n|-damage|p1b: Archaludon|0 fnt\n|faint|p1b: Archaludon\n|move|p1a: Pelipper|Weather Ball|p2a: Garchomp\n|-damage|p2a: Garchomp|24/100\n|\n|-weather|RainDance|[upkeep]\n|-heal|p1a: Pelipper|90/100|[from] item: Leftovers\n|-sideend|p2: DancingWithTheWind|move: Aurora Veil\n|upkeep\n|\n|t:|1776503675\n|switch|p1b: Drampa|Drampa, L50, M|100/100\n|turn|8\n|\n|t:|1776503684\n|detailschange|p1b: Drampa|Drampa-Mega, L50, M\n|-mega|p1b: Drampa|Drampa|Drampanite\n|move|p1a: Pelipper|Protect|p1a: Pelipper\n|-singleturn|p1a: Pelipper|Protect\n|move|p2a: Garchomp|Earthquake|p1b: Drampa|[spread] p1b\n|-activate|p1a: Pelipper|move: Protect\n|-damage|p1b: Drampa|68/100\n|move|p1b: Drampa|Hyper Voice|p2a: Garchomp\n|-damage|p2a: Garchomp|0 fnt\n|faint|p2a: Garchomp\n|\n|win|aktinium666\n|raw|aktinium666's rating: 1032 &rarr; <strong>1064</strong><br />(+32 for winning)\n|raw|DancingWithTheWind's rating: 1000 &rarr; <strong>1000</strong><br />(+0 for losing)\n",
  "uploadtime": 1776503697,
  "views": 14,
  "formatid": "gen9championsvgc2026regma",
  "rating": 1000,
  "private": 0,
  "password": null
}