{
  "id": "gen9championsvgc2026regma-2585503559",
  "format": "[Gen 9 Champions] VGC 2026 Reg M-A",
  "players": [
    "SvenSvensonIII",
    "smp on whimsicott"
  ],
  "log": "|j|\u2606SvenSvensonIII\n|j|\u2606smp on whimsicott\n|t:|1776351935\n|gametype|doubles\n|player|p1|SvenSvensonIII|1|1411\n|player|p2|smp on whimsicott|artist-gen4|1421\n|gen|9\n|tier|[Gen 9 Champions] VGC 2026 Reg M-A\n|rated|\n|rule|Species Clause: Limit one of each Pok\u00e9mon\n|rule|Item Clause: Limit 1 of each item\n|clearpoke\n|poke|p1|Kleavor, L50, M|\n|poke|p1|Aegislash, L50, M|\n|poke|p1|Sneasler, L50, F|\n|poke|p1|Incineroar, L50, M|\n|poke|p1|Scovillain, L50, M|\n|poke|p1|Heliolisk, L50, F|\n|poke|p2|Aerodactyl, L50, M|\n|poke|p2|Garchomp, L50, F|\n|poke|p2|Milotic, L50, M|\n|poke|p2|Hydreigon, L50, F|\n|poke|p2|Mimikyu, L50, M|\n|poke|p2|Scizor, L50, M|\n|teampreview|4\n|inactive|Battle timer is ON: inactive players will automatically lose when time's up. (requested by SvenSvensonIII)\n|inactive|smp on whimsicott has 60 seconds left.\n|\n|t:|1776351971\n|teamsize|p1|4\n|teamsize|p2|4\n|start\n|switch|p1a: Sneasler|Sneasler, L50, F|100/100\n|switch|p1b: Aegislash|Aegislash, L50, M|100/100\n|switch|p2a: Hydreigon|Hydreigon, L50, F|100/100\n|switch|p2b: Milotic|Milotic, L50, M|100/100\n|turn|1\n|\n|t:|1776351984\n|move|p1a: Sneasler|Fake Out|p2a: Hydreigon\n|-damage|p2a: Hydreigon|83/100\n|cant|p2a: Hydreigon|flinch\n|move|p2b: Milotic|Icy Wind|p1b: Aegislash|[spread] p1a,p1b\n|-resisted|p1b: Aegislash|1\n|-damage|p1a: Sneasler|85/100\n|-damage|p1b: Aegislash|96/100\n|-unboost|p1a: Sneasler|spe|1\n|-unboost|p1b: Aegislash|spe|1\n|-enditem|p1a: Sneasler|White Herb\n|-clearnegativeboost|p1a: Sneasler|[silent]\n|move|p1b: Aegislash|Swords Dance|p1b: Aegislash\n|-boost|p1b: Aegislash|atk|2\n|\n|-heal|p1b: Aegislash|100/100|[from] item: Leftovers\n|upkeep\n|turn|2\n|inactive|smp on whimsicott has 30 seconds left.\n|\n|t:|1776352015\n|switch|p2a: Garchomp|Garchomp, L50, F|100/100\n|move|p1a: Sneasler|Close Combat|p2a: Garchomp\n|-damage|p2a: Garchomp|37/100\n|-unboost|p1a: Sneasler|def|1\n|-unboost|p1a: Sneasler|spd|1\n|-damage|p1a: Sneasler|73/100|[from] ability: Rough Skin|[of] p2a: Garchomp\n|-enditem|p2a: Garchomp|Sitrus Berry|[eat]\n|-heal|p2a: Garchomp|62/100|[from] item: Sitrus Berry\n|move|p2b: Milotic|Muddy Water|p1b: Aegislash|[spread] p1a,p1b\n|-damage|p1a: Sneasler|13/100\n|-damage|p1b: Aegislash|79/100\n|-unboost|p1a: Sneasler|accuracy|1\n|move|p1b: Aegislash|Swords Dance|p1b: Aegislash\n|-boost|p1b: Aegislash|atk|2\n|\n|-heal|p1b: Aegislash|85/100|[from] item: Leftovers\n|upkeep\n|turn|3\n|inactive|smp on whimsicott has 30 seconds left.\n|inactive|smp on whimsicott has 20 seconds left.\n|inactive|smp on whimsicott has 15 seconds left.\n|inactive|smp on whimsicott has 10 seconds left.\n|inactive|smp on whimsicott has 5 seconds left.\n|\n|t:|1776352066\n|move|p2a: Garchomp|Protect|p2a: Garchomp\n|-singleturn|p2a: Garchomp|Protect\n|-formechange|p1b: Aegislash|Aegislash-Blade|\n|move|p1b: Aegislash|Shadow Sneak|p2a: Garchomp\n|-activate|p2a: Garchomp|move: Protect\n|move|p1a: Sneasler|Dire Claw|p2b: Milotic|[miss]\n|-miss|p1a: Sneasler|p2b: Milotic\n|move|p2b: Milotic|Muddy Water|p1a: Sneasler|[spread] p1a,p1b\n|-damage|p1a: Sneasler|0 fnt\n|-damage|p1b: Aegislash|35/100\n|faint|p1a: Sneasler\n|\n|-heal|p1b: Aegislash|41/100|[from] item: Leftovers\n|upkeep\n|\n|t:|1776352075\n|switch|p1a: Scovillain|Scovillain, L50, M|100/100\n|turn|4\n|\n|t:|1776352092\n|switch|p2b: Hydreigon|Hydreigon, L50, F|83/100\n|detailschange|p1a: Scovillain|Scovillain-Mega, L50, M\n|-mega|p1a: Scovillain|Scovillain|Scovillainite\n|move|p1b: Aegislash|Shadow Sneak|p2a: Garchomp\n|-damage|p2a: Garchomp|0 fnt\n|-damage|p1b: Aegislash|29/100|[from] ability: Rough Skin|[of] p2a: Garchomp\n|faint|p2a: Garchomp\n|move|p1a: Scovillain|Leaf Storm|p2b: Hydreigon\n|-resisted|p2b: Hydreigon|1\n|-damage|p2b: Hydreigon|50/100\n|-unboost|p1a: Scovillain|spa|2\n|\n|-heal|p1b: Aegislash|35/100|[from] item: Leftovers\n|upkeep\n|\n|t:|1776352104\n|switch|p2a: Milotic|Milotic, L50, M|100/100\n|turn|5\n|\n|t:|1776352114\n|move|p1a: Scovillain|Rage Powder|p1a: Scovillain\n|-singleturn|p1a: Scovillain|move: Rage Powder\n|move|p2b: Hydreigon|Snarl|p1a: Scovillain|[spread] p1a,p1b\n|-supereffective|p1b: Aegislash|1\n|-damage|p1a: Scovillain|76/100\n|-damage|p1b: Aegislash|0 fnt\n|-unboost|p1a: Scovillain|spa|1\n|-status|p2b: Hydreigon|brn|[from] ability: Spicy Spray|[of] p1a: Scovillain\n|faint|p1b: Aegislash\n|move|p2a: Milotic|Muddy Water|p1a: Scovillain\n|-damage|p1a: Scovillain|32/100\n|-status|p2a: Milotic|brn|[from] ability: Spicy Spray|[of] p1a: Scovillain\n|\n|-damage|p2b: Hydreigon|44/100 brn|[from] brn\n|-damage|p2a: Milotic|95/100 brn|[from] brn\n|upkeep\n|\n|t:|1776352123\n|switch|p1b: Kleavor|Kleavor, L50, M|100/100\n|turn|6\n|\n|t:|1776352135\n|move|p1b: Kleavor|Stone Axe|p2b: Hydreigon\n|-damage|p2b: Hydreigon|0 fnt\n|-sidestart|p2: smp on whimsicott|move: Stealth Rock\n|faint|p2b: Hydreigon\n|move|p2a: Milotic|Muddy Water|p1a: Scovillain|[spread] p1a,p1b\n|-supereffective|p1b: Kleavor|1\n|-damage|p1a: Scovillain|1/100\n|-damage|p1b: Kleavor|10/100\n|move|p1a: Scovillain|Leaf Storm|p2a: Milotic\n|-supereffective|p2a: Milotic|1\n|-damage|p2a: Milotic|62/100 brn\n|-unboost|p1a: Scovillain|spa|2\n|\n|-heal|p2a: Milotic|68/100 brn|[from] item: Leftovers\n|-damage|p2a: Milotic|62/100 brn|[from] brn\n|upkeep\n|\n|t:|1776352142\n|switch|p2b: Scizor|Scizor, L50, M|100/100\n|-damage|p2b: Scizor|88/100|[from] Stealth Rock\n|turn|7\n|\n|t:|1776352148\n|detailschange|p2b: Scizor|Scizor-Mega, L50, M\n|-mega|p2b: Scizor|Scizor|Scizorite\n|move|p1a: Scovillain|Rage Powder|p1a: Scovillain\n|-singleturn|p1a: Scovillain|move: Rage Powder\n|move|p2b: Scizor|Bullet Punch|p1a: Scovillain\n|-resisted|p1a: Scovillain|1\n|-damage|p1a: Scovillain|0 fnt\n|-status|p2b: Scizor|brn|[from] ability: Spicy Spray|[of] p1a: Scovillain\n|faint|p1a: Scovillain\n|move|p1b: Kleavor|Stone Axe|p2a: Milotic|[miss]\n|-miss|p1b: Kleavor|p2a: Milotic\n|move|p2a: Milotic|Muddy Water|p1b: Kleavor\n|-supereffective|p1b: Kleavor|1\n|-damage|p1b: Kleavor|0 fnt\n|faint|p1b: Kleavor\n|\n|win|smp on whimsicott\n|raw|SvenSvensonIII's rating: 1411 &rarr; <strong>1392</strong><br />(-19 for losing)\n|raw|smp on whimsicott's rating: 1421 &rarr; <strong>1440</strong><br />(+19 for winning)\n",
  "uploadtime": 1776352149,
  "views": 30,
  "formatid": "gen9championsvgc2026regma",
  "rating": 1392,
  "private": 0,
  "password": null
}