{
  "id": "gen9championsvgc2026regma-2587672332",
  "format": "[Gen 9 Champions] VGC 2026 Reg M-A",
  "players": [
    "MegaEmboarSupreme",
    "maroonslasher"
  ],
  "log": "|j|\u2606MegaEmboarSupreme\n|j|\u2606maroonslasher\n|t:|1776552466\n|gametype|doubles\n|player|p1|MegaEmboarSupreme|hilbert|1063\n|player|p2|maroonslasher|170|1086\n|gen|9\n|tier|[Gen 9 Champions] VGC 2026 Reg M-A\n|rated|\n|rule|Species Clause: Limit one of each Pok\u00e9mon\n|rule|Item Clause: Limit 1 of each item\n|clearpoke\n|poke|p1|Kangaskhan, L50, F|\n|poke|p1|Aerodactyl, L50, M|\n|poke|p1|Sneasler, L50, F|\n|poke|p1|Basculegion, L50, M|\n|poke|p1|Meganium, L50, M|\n|poke|p1|Politoed, L50, F|\n|poke|p2|Starmie, L50|\n|poke|p2|Alcremie-Ruby-Swirl, L50, F|\n|poke|p2|Glimmora, L50, M|\n|poke|p2|Gliscor, L50, M|\n|poke|p2|Sinistcha, L50|\n|poke|p2|Runerigus, L50, F|\n|teampreview|4\nmaroonslasher rejected open team sheets.\n|\n|t:|1776552517\n|teamsize|p1|4\n|teamsize|p2|4\n|start\n|switch|p1a: Kangaskhan|Kangaskhan, L50, F|100/100\n|switch|p1b: Aerodactyl|Aerodactyl, L50, M|100/100\n|switch|p2a: Glimmora|Glimmora, L50, M|100/100\n|switch|p2b: Gliscor|Gliscor, L50, M|100/100\n|-ability|p1b: Aerodactyl|Unnerve\n|turn|1\n|\n|t:|1776552544\n|detailschange|p1a: Kangaskhan|Kangaskhan-Mega, L50, F\n|-mega|p1a: Kangaskhan|Kangaskhan|Kangaskhanite\n|move|p1a: Kangaskhan|Fake Out|p2a: Glimmora\n|-resisted|p2a: Glimmora|1\n|-damage|p2a: Glimmora|87/100\n|-activate|p2a: Glimmora|ability: Toxic Debris\n|-sidestart|p1: MegaEmboarSupreme|move: Toxic Spikes\n|-resisted|p2a: Glimmora|1\n|-damage|p2a: Glimmora|84/100\n|-activate|p2a: Glimmora|ability: Toxic Debris\n|-sidestart|p1: MegaEmboarSupreme|move: Toxic Spikes\n|-hitcount|p2a: Glimmora|2\n|move|p1b: Aerodactyl|Tailwind|p1b: Aerodactyl\n|-sidestart|p1: MegaEmboarSupreme|move: Tailwind\n|cant|p2a: Glimmora|flinch\n|move|p2b: Gliscor|Knock Off|p1b: Aerodactyl\n|-damage|p1b: Aerodactyl|62/100\n|-enditem|p1b: Aerodactyl|Focus Sash|[from] move: Knock Off|[of] p2b: Gliscor\n|\n|upkeep\n|turn|2\n|\n|t:|1776552577\n|detailschange|p2a: Glimmora|Glimmora-Mega, L50, M\n|-mega|p2a: Glimmora|Glimmora|Glimmoranite\n|move|p1b: Aerodactyl|Rock Slide|p2b: Gliscor|[spread] p2a\n|-miss|p1b: Aerodactyl|p2b: Gliscor\n|-crit|p2a: Glimmora\n|-damage|p2a: Glimmora|45/100\n|move|p1a: Kangaskhan|Drain Punch|p2a: Glimmora\n|-damage|p2a: Glimmora|16/100\n|-damage|p2a: Glimmora|9/100\n|-hitcount|p2a: Glimmora|2\n|move|p2a: Glimmora|Toxic|p2b: Gliscor\n|-status|p2b: Gliscor|tox\n|move|p2b: Gliscor|Swords Dance|p2b: Gliscor\n|-boost|p2b: Gliscor|atk|2\n|\n|upkeep\n|turn|3\n|\n|t:|1776552599\n|move|p1a: Kangaskhan|Protect|p1a: Kangaskhan\n|-singleturn|p1a: Kangaskhan|Protect\n|move|p2a: Glimmora|Spiky Shield|p2a: Glimmora\n|-singleturn|p2a: Glimmora|move: Protect\n|move|p1b: Aerodactyl|Rock Slide|p2b: Gliscor|[spread] p2b\n|-activate|p2a: Glimmora|move: Protect\n|-damage|p2b: Gliscor|82/100 tox\n|cant|p2b: Gliscor|flinch\n|\n|-heal|p2b: Gliscor|94/100 tox|[from] ability: Poison Heal\n|upkeep\n|turn|4\n|\n|t:|1776552619\n|switch|p2a: Runerigus|Runerigus, L50, F|100/100\n|move|p1b: Aerodactyl|Rock Slide|p2b: Gliscor|[spread] p2a,p2b\n|-resisted|p2a: Runerigus|1\n|-damage|p2a: Runerigus|93/100\n|-damage|p2b: Gliscor|76/100 tox\n|move|p1a: Kangaskhan|Last Resort|p2b: Gliscor\n|-damage|p2b: Gliscor|18/100 tox\n|-damage|p2b: Gliscor|4/100 tox\n|-hitcount|p2b: Gliscor|2\n|move|p2b: Gliscor|Knock Off|p1a: Kangaskhan\n|-damage|p1a: Kangaskhan|77/100\n|\n|-heal|p2a: Runerigus|99/100|[from] item: Leftovers\n|-heal|p2b: Gliscor|16/100 tox|[from] ability: Poison Heal\n|-sideend|p1: MegaEmboarSupreme|move: Tailwind\n|upkeep\n|turn|5\n|\n|t:|1776552650\n|switch|p1a: Sneasler|Sneasler, L50, F|100/100\n|-sideend|p1: MegaEmboarSupreme|move: Toxic Spikes|[of] p1a: Sneasler\n|move|p2b: Gliscor|Protect|p2b: Gliscor\n|-singleturn|p2b: Gliscor|Protect\n|move|p1b: Aerodactyl|Dual Wingbeat|p2b: Gliscor\n|-activate|p2b: Gliscor|move: Protect\n|move|p2a: Runerigus|Body Press|p1a: Sneasler\n|-resisted|p1a: Sneasler|1\n|-damage|p1a: Sneasler|75/100\n|\n|-heal|p2a: Runerigus|100/100|[from] item: Leftovers\n|-heal|p2b: Gliscor|29/100 tox|[from] ability: Poison Heal\n|upkeep\n|turn|6\n|\n|t:|1776552674\n|switch|p1b: Basculegion|Basculegion, L50, M|100/100\n|-enditem|p2b: Gliscor|Sitrus Berry|[eat]\n|-heal|p2b: Gliscor|53/100 tox|[from] item: Sitrus Berry\n|move|p1a: Sneasler|Fake Out|p2b: Gliscor\n|-damage|p2b: Gliscor|44/100 tox\n|cant|p2b: Gliscor|flinch\n|move|p2a: Runerigus|Earthquake|p1b: Basculegion|[spread] p1a,p1b\n|-immune|p2b: Gliscor\n|-supereffective|p1a: Sneasler|1\n|-damage|p1a: Sneasler|0 fnt\n|-damage|p1b: Basculegion|65/100\n|faint|p1a: Sneasler\n|\n|-heal|p2b: Gliscor|56/100 tox|[from] ability: Poison Heal\n|upkeep\n|\n|t:|1776552676\n|switch|p1a: Kangaskhan|Kangaskhan-Mega, L50, F|77/100\n|turn|7\n|\n|t:|1776552695\n|move|p2b: Gliscor|Protect|p2b: Gliscor\n|-singleturn|p2b: Gliscor|Protect\n|move|p1a: Kangaskhan|Fake Out|p2b: Gliscor\n|-activate|p2b: Gliscor|move: Protect\n|move|p1b: Basculegion|Last Respects|p2a: Runerigus\n|-supereffective|p2a: Runerigus|1\n|-damage|p2a: Runerigus|18/100\n|move|p2a: Runerigus|Iron Defense|p2a: Runerigus\n|-boost|p2a: Runerigus|def|2\n|\n|-heal|p2a: Runerigus|24/100|[from] item: Leftovers\n|-heal|p2b: Gliscor|68/100 tox|[from] ability: Poison Heal\n|upkeep\n|turn|8\n|\n|t:|1776552714\n|move|p2a: Runerigus|Protect|p2a: Runerigus\n|-singleturn|p2a: Runerigus|Protect\n|move|p1b: Basculegion|Last Respects|p2a: Runerigus\n|-activate|p2a: Runerigus|move: Protect\n|move|p1a: Kangaskhan|Last Resort||[still]\n|-fail|p1a: Kangaskhan\n|move|p2b: Gliscor|Knock Off|p1b: Basculegion\n|-supereffective|p1b: Basculegion|1\n|-damage|p1b: Basculegion|0 fnt\n|-enditem|p1b: Basculegion|Mystic Water|[from] move: Knock Off|[of] p2b: Gliscor\n|faint|p1b: Basculegion\n|\n|-heal|p2a: Runerigus|30/100|[from] item: Leftovers\n|-heal|p2b: Gliscor|80/100 tox|[from] ability: Poison Heal\n|upkeep\n|\n|t:|1776552718\n|switch|p1b: Aerodactyl|Aerodactyl, L50, M|62/100\n|-ability|p1b: Aerodactyl|Unnerve\n|turn|9\n|-message|MegaEmboarSupreme forfeited.\n|\n|win|maroonslasher\n|raw|MegaEmboarSupreme's rating: 1063 &rarr; <strong>1045</strong><br />(-18 for losing)\n|raw|maroonslasher's rating: 1086 &rarr; <strong>1111</strong><br />(+25 for winning)\n|l|\u2606MegaEmboarSupreme\n|player|p1|\n",
  "uploadtime": 1776552750,
  "views": 27,
  "formatid": "gen9championsvgc2026regma",
  "rating": 1045,
  "private": 0,
  "password": null
}