{
  "id": "gen9championsvgc2026regma-2588793962",
  "format": "[Gen 9 Champions] VGC 2026 Reg M-A",
  "players": [
    "annannanna",
    "Djejusj"
  ],
  "log": "|j|\u2606annannanna\n|j|\u2606Djejusj\n|t:|1776671613\n|gametype|doubles\n|player|p1|annannanna|caitlin|1018\n|player|p2|Djejusj|266|1000\n|gen|9\n|tier|[Gen 9 Champions] VGC 2026 Reg M-A\n|rated|\n|rule|Species Clause: Limit one of each Pok\u00e9mon\n|rule|Item Clause: Limit 1 of each item\n|clearpoke\n|poke|p1|Starmie, L50|\n|poke|p1|Pelipper, L50, M|\n|poke|p1|Raichu, L50, F|\n|poke|p1|Archaludon, L50, M|\n|poke|p1|Serperior, L50, M|\n|poke|p1|Sneasler, L50, F|\n|poke|p2|Farigiraf, L50, M|\n|poke|p2|Hatterene, L50, F|\n|poke|p2|Incineroar, L50, F|\n|poke|p2|Sinistcha, L50|\n|poke|p2|Feraligatr, L50, M|\n|poke|p2|Snorlax, L50, F|\n|teampreview|4\n|\n|t:|1776671657\n|teamsize|p1|4\n|teamsize|p2|4\n|start\n|switch|p1a: Serperior|Serperior, L50, M|100/100\n|switch|p1b: Raichu|Raichu, L50, F|100/100\n|switch|p2a: Farigiraf|Farigiraf, L50, M|100/100\n|switch|p2b: Incineroar|Incineroar, L50, F|100/100\n|-ability|p2b: Incineroar|Intimidate|boost\n|-boost|p1a: Serperior|atk|1\n|-unboost|p1b: Raichu|atk|1\n|turn|1\n|inactive|Battle timer is ON: inactive players will automatically lose when time's up. (requested by annannanna)\n|\n|t:|1776671691\n|move|p1b: Raichu|Protect|p1b: Raichu\n|-singleturn|p1b: Raichu|Protect\n|move|p2b: Incineroar|Fake Out|p1b: Raichu\n|-activate|p1b: Raichu|move: Protect\n|move|p1a: Serperior|Taunt|p2a: Farigiraf\n|-start|p2a: Farigiraf|move: Taunt\n|cant|p2a: Farigiraf|move: Taunt|Trick Room\n|\n|upkeep\n|turn|2\n|inactive|annannanna has 30 seconds left.\n|\n|t:|1776671719\n|move|p1a: Serperior|Taunt|p2b: Incineroar\n|-start|p2b: Incineroar|move: Taunt\n|move|p1b: Raichu|Knock Off|p2a: Farigiraf\n|-supereffective|p2a: Farigiraf|1\n|-damage|p2a: Farigiraf|58/100\n|-enditem|p2a: Farigiraf|Leftovers|[from] move: Knock Off|[of] p1b: Raichu\n|cant|p2b: Incineroar|move: Taunt|Parting Shot\n|move|p2a: Farigiraf|Psychic|p1b: Raichu\n|-damage|p1b: Raichu|29/100\n|\n|upkeep\n|turn|3\n|\n|t:|1776671740\n|move|p1a: Serperior|Leaf Storm|p2a: Farigiraf\n|-damage|p2a: Farigiraf|15/100\n|-boost|p1a: Serperior|spa|2\n|move|p1b: Raichu|Knock Off|p2a: Farigiraf\n|-supereffective|p2a: Farigiraf|1\n|-damage|p2a: Farigiraf|0 fnt\n|faint|p2a: Farigiraf\n|move|p2b: Incineroar|Flare Blitz|p1a: Serperior\n|-supereffective|p1a: Serperior|1\n|-damage|p1a: Serperior|0 fnt\n|faint|p1a: Serperior\n|-damage|p2b: Incineroar|71/100|[from] Recoil\n|\n|upkeep\n|\n|t:|1776671754\n|switch|p1a: Starmie|Starmie, L50|100/100\n|switch|p2a: Sinistcha|Sinistcha, L50|100/100\n|-heal|p2b: Incineroar|96/100|[from] ability: Hospitality|[of] p2a: Sinistcha\n|turn|4\n|\n|t:|1776671776\n|detailschange|p1a: Starmie|Starmie-Mega, L50\n|-mega|p1a: Starmie|Starmie|Starminite\n|move|p2a: Sinistcha|Rage Powder|p2a: Sinistcha\n|-singleturn|p2a: Sinistcha|move: Rage Powder\n|move|p1b: Raichu|Knock Off|p2a: Sinistcha\n|-supereffective|p2a: Sinistcha|1\n|-damage|p2a: Sinistcha|70/100\n|-enditem|p2a: Sinistcha|Mental Herb|[from] move: Knock Off|[of] p1b: Raichu\n|move|p1a: Starmie|Ice Spinner|p2a: Sinistcha\n|-supereffective|p2a: Sinistcha|1\n|-damage|p2a: Sinistcha|0 fnt\n|faint|p2a: Sinistcha\n|move|p2b: Incineroar|Flare Blitz|p1b: Raichu\n|-damage|p1b: Raichu|0 fnt\n|faint|p1b: Raichu\n|-damage|p2b: Incineroar|88/100|[from] Recoil\n|\n|-end|p2b: Incineroar|move: Taunt\n|upkeep\n|\n|t:|1776671795\n|switch|p1b: Archaludon|Archaludon, L50, M|100/100\n|switch|p2a: Feraligatr|Feraligatr, L50, M|100/100\n|turn|5\n|\n|t:|1776671817\n|detailschange|p2a: Feraligatr|Feraligatr-Mega, L50, M\n|-mega|p2a: Feraligatr|Feraligatr|Feraligite\n|move|p2b: Incineroar|Protect|p2b: Incineroar\n|-singleturn|p2b: Incineroar|Protect\n|move|p1b: Archaludon|Draco Meteor|p2a: Feraligatr\n|-supereffective|p2a: Feraligatr|1\n|-damage|p2a: Feraligatr|0 fnt\n|-unboost|p1b: Archaludon|spa|2\n|faint|p2a: Feraligatr\n|move|p1a: Starmie|Liquidation|p2b: Incineroar\n|-activate|p2b: Incineroar|move: Protect\n|\n|upkeep\n|turn|6\n|\n|t:|1776671833\n|move|p1b: Archaludon|Draco Meteor|p2b: Incineroar|[miss]\n|-miss|p1b: Archaludon|p2b: Incineroar\n|move|p1a: Starmie|Liquidation|p2b: Incineroar\n|-supereffective|p2b: Incineroar|1\n|-damage|p2b: Incineroar|0 fnt\n|faint|p2b: Incineroar\n|\n|win|annannanna\n|raw|annannanna's rating: 1018 &rarr; <strong>1053</strong><br />(+35 for winning)\n|raw|Djejusj's rating: 1000 &rarr; <strong>1000</strong><br />(+0 for losing)\n",
  "uploadtime": 1776671838,
  "views": 11,
  "formatid": "gen9championsvgc2026regma",
  "rating": 1000,
  "private": 0,
  "password": null
}