{
  "id": "gen9championsvgc2026regma-2588531191",
  "format": "[Gen 9 Champions] VGC 2026 Reg M-A",
  "players": [
    "Tabula Rasa (TB)",
    "capychara"
  ],
  "log": "|j|\u2606Tabula Rasa (TB)\n|j|\u2606capychara\n|t:|1776642181\n|gametype|doubles\n|player|p1|Tabula Rasa (TB)|zinzolin|1115\n|player|p2|capychara|iris|1080\n|gen|9\n|tier|[Gen 9 Champions] VGC 2026 Reg M-A\n|rated|\n|rule|Species Clause: Limit one of each Pok\u00e9mon\n|rule|Item Clause: Limit 1 of each item\n|clearpoke\n|poke|p1|Sableye, L50, M, shiny|\n|poke|p1|Sinistcha-Masterpiece, L50, shiny|\n|poke|p1|Incineroar, L50, M, shiny|\n|poke|p1|Zoroark-Hisui, L50, M, shiny|\n|poke|p1|Kommo-o, L50, M, shiny|\n|poke|p1|Gengar, L50, M, shiny|\n|poke|p2|Golurk, L50, shiny|\n|poke|p2|Torkoal, L50, M, shiny|\n|poke|p2|Incineroar, L50, M|\n|poke|p2|Farigiraf, L50, M|\n|poke|p2|Sneasler, L50, M|\n|poke|p2|Sinistcha, L50|\n|teampreview|4\n|inactive|Battle timer is ON: inactive players will automatically lose when time's up. (requested by Tabula Rasa (TB))\n|inactive|Tabula Rasa (TB) has 60 seconds left.\n|inactive|capychara has 60 seconds left.\n|inactive|capychara has 30 seconds left.\n|inactive|capychara has 20 seconds left.\n|inactive|capychara has 15 seconds left.\n|inactive|capychara has 10 seconds left.\n|\n|t:|1776642261\n|teamsize|p1|4\n|teamsize|p2|4\n|start\n|switch|p1a: Jewl|Sableye, L50, M, shiny|100/100\n|switch|p1b: Kommo-o|Kommo-o, L50, M, shiny|100/100\n|switch|p2a: Farigiraf|Farigiraf, L50, M|100/100\n|switch|p2b: Incineroar|Incineroar, L50, M|100/100\n|-ability|p2b: Incineroar|Intimidate|boost\n|-unboost|p1a: Jewl|atk|1\n|-unboost|p1b: Kommo-o|atk|1\n|turn|1\n|\n|t:|1776642280\n|detailschange|p1a: Jewl|Sableye-Mega, L50, M, shiny\n|-mega|p1a: Jewl|Sableye|Sablenite\n|move|p1b: Kommo-o|Iron Defense|p1b: Kommo-o\n|-boost|p1b: Kommo-o|def|2\n|move|p2b: Incineroar|Parting Shot|p1b: Kommo-o\n|-immune|p1b: Kommo-o|[from] ability: Soundproof\n|move|p1a: Jewl|Encore|p2b: Incineroar\n|-start|p2b: Incineroar|Encore\n|move|p2a: Farigiraf|Trick Room|p2a: Farigiraf\n|-fieldstart|move: Trick Room|[of] p2a: Farigiraf\n|\n|upkeep\n|turn|2\n|\n|t:|1776642295\n|move|p1a: Jewl|Encore|p2a: Farigiraf\n|-start|p2a: Farigiraf|Encore\n|move|p2b: Incineroar|Parting Shot|p1a: Jewl\n|move|p1a: Jewl|Parting Shot|p2b: Incineroar|[from] ability: Magic Bounce\n|-unboost|p2b: Incineroar|atk|1\n|-unboost|p2b: Incineroar|spa|1\n|\n|t:|1776642307\n|switch|p1a: Fright Night|Gengar, L50, M, shiny|100/100|[from] Parting Shot\n|move|p1b: Kommo-o|Body Press|p2b: Incineroar\n|-supereffective|p2b: Incineroar|1\n|-damage|p2b: Incineroar|0 fnt\n|faint|p2b: Incineroar\n|move|p2a: Farigiraf|Trick Room|p2a: Farigiraf\n|-fieldend|move: Trick Room\n|\n|upkeep\n|\n|t:|1776642322\n|switch|p2b: Golurk|Golurk, L50, shiny|100/100\n|turn|3\n|\n|t:|1776642331\n|switch|p1a: Jewl|Sableye-Mega, L50, M, shiny|100/100\n|detailschange|p2b: Golurk|Golurk-Mega, L50, shiny\n|-mega|p2b: Golurk|Golurk|Golurkite\n|move|p2b: Golurk|Protect|p2b: Golurk\n|-singleturn|p2b: Golurk|Protect\n|move|p1b: Kommo-o|Iron Defense|p1b: Kommo-o\n|-boost|p1b: Kommo-o|def|2\n|move|p2a: Farigiraf|Trick Room|p2a: Farigiraf\n|-fieldstart|move: Trick Room|[of] p2a: Farigiraf\n|\n|upkeep\n|turn|4\n|inactive|capychara has 30 seconds left.\n|\n|t:|1776642357\n|move|p1a: Jewl|Encore|p2b: Golurk\n|-start|p2b: Golurk|Encore\n|move|p2b: Golurk|Protect||[still]\n|-fail|p2b: Golurk\n|move|p1b: Kommo-o|Body Press|p2a: Farigiraf\n|-damage|p2a: Farigiraf|0 fnt\n|faint|p2a: Farigiraf\n|\n|upkeep\n|\n|t:|1776642365\n|switch|p2a: Torkoal|Torkoal, L50, M, shiny|100/100\n|-weather|SunnyDay|[from] ability: Drought|[of] p2a: Torkoal\n|turn|5\n|\n|t:|1776642377\n|move|p1a: Jewl|Protect|p1a: Jewl\n|-singleturn|p1a: Jewl|Protect\n|move|p2b: Golurk|Protect|p2b: Golurk\n|-singleturn|p2b: Golurk|Protect\n|move|p1b: Kommo-o|Protect|p1b: Kommo-o\n|-singleturn|p1b: Kommo-o|Protect\n|move|p2a: Torkoal|Eruption|p1b: Kommo-o|[spread] \n|-activate|p1a: Jewl|move: Protect\n|-activate|p1b: Kommo-o|move: Protect\n|\n|-weather|SunnyDay|[upkeep]\n|upkeep\n|turn|6\n|\n|t:|1776642392\n|move|p2b: Golurk|Protect||[still]\n|-fail|p2b: Golurk\n|move|p2a: Torkoal|Eruption|p1a: Jewl|[spread] p1a,p1b\n|-resisted|p1b: Kommo-o|1\n|-damage|p1a: Jewl|20/100\n|-damage|p1b: Kommo-o|61/100\n|move|p1a: Jewl|Disable|p2a: Torkoal\n|-start|p2a: Torkoal|Disable|Eruption\n|move|p1b: Kommo-o|Body Press|p2a: Torkoal\n|-damage|p2a: Torkoal|0 fnt\n|faint|p2a: Torkoal\n|\n|-weather|SunnyDay|[upkeep]\n|-heal|p1b: Kommo-o|67/100|[from] item: Leftovers\n|-end|p2b: Golurk|Encore\n|upkeep\n|turn|7\n|inactive|capychara has 30 seconds left.\n|c|\u2606capychara|sabeleye would never do this to me if he was real\n|inactive|capychara has 20 seconds left.\n|c|\u2606capychara|me and sabeleye are tight like that\n|inactive|capychara has 15 seconds left.\n|\n|t:|1776642437\n|move|p1a: Jewl|Encore|p2b: Golurk\n|-start|p2b: Golurk|Encore\n|move|p2b: Golurk|Protect|p2b: Golurk\n|-singleturn|p2b: Golurk|Protect\n|move|p1b: Kommo-o|Iron Head|p2b: Golurk\n|-activate|p2b: Golurk|move: Protect\n|\n|-weather|SunnyDay|[upkeep]\n|-heal|p1b: Kommo-o|73/100|[from] item: Leftovers\n|-fieldend|move: Trick Room\n|upkeep\n|turn|8\n|c|\u2606Tabula Rasa (TB)|lmfao\n|\n|t:|1776642450\n|move|p2b: Golurk|Protect|p2b: Golurk\n|-singleturn|p2b: Golurk|Protect\n|move|p1b: Kommo-o|Iron Head|p2b: Golurk\n|-activate|p2b: Golurk|move: Protect\n|move|p1a: Jewl|Recover|p1a: Jewl\n|-heal|p1a: Jewl|70/100\n|\n|-weather|SunnyDay|[upkeep]\n|-heal|p1b: Kommo-o|79/100|[from] item: Leftovers\n|upkeep\n|turn|9\n|c|\u2606capychara|horrifying torture team\n|c|\u2606capychara|its good\n|\n|t:|1776642470\n|switch|p1a: Hero|Incineroar, L50, M, shiny|100/100\n|-ability|p1a: Hero|Intimidate|boost\n|-unboost|p2b: Golurk|atk|1\n|move|p2b: Golurk|Protect||[still]\n|-fail|p2b: Golurk\n|move|p1b: Kommo-o|Iron Defense|p1b: Kommo-o\n|-boost|p1b: Kommo-o|def|2\n|\n|-weather|none\n|-heal|p1b: Kommo-o|85/100|[from] item: Leftovers\n|-end|p2b: Golurk|Encore\n|upkeep\n|turn|10\n|\n|t:|1776642485\n|move|p1b: Kommo-o|Iron Head|p2b: Golurk\n|-damage|p2b: Golurk|88/100\n|move|p1a: Hero|Will-O-Wisp|p2b: Golurk|[miss]\n|-miss|p1a: Hero|p2b: Golurk\n|cant|p2b: Golurk|flinch\n|\n|-heal|p1b: Kommo-o|91/100|[from] item: Leftovers\n|upkeep\n|turn|11\n|c|\u2606Tabula Rasa (TB)|any recommendations\n|inactive|capychara has 30 seconds left.\n|\n|t:|1776642516\n|move|p1b: Kommo-o|Iron Head|p2b: Golurk\n|-damage|p2b: Golurk|77/100\n|move|p1a: Hero|Will-O-Wisp|p2b: Golurk\n|-status|p2b: Golurk|brn\n|move|p2b: Golurk|Headlong Rush|p1a: Hero\n|-supereffective|p1a: Hero|1\n|-damage|p1a: Hero|54/100\n|-unboost|p2b: Golurk|def|1\n|-unboost|p2b: Golurk|spd|1\n|\n|-heal|p1b: Kommo-o|97/100|[from] item: Leftovers\n|-damage|p2b: Golurk|71/100 brn|[from] brn\n|upkeep\n|turn|12\n|c|\u2606capychara|hmmm\n|c|\u2606capychara|2nd fake out user maybe\n|inactive|capychara has 30 seconds left.\n|\n|t:|1776642545\n|move|p1b: Kommo-o|Iron Head|p2b: Golurk\n|-damage|p2b: Golurk|54/100 brn\n|move|p1a: Hero|Parting Shot|p2b: Golurk\n|-unboost|p2b: Golurk|atk|1\n|-unboost|p2b: Golurk|spa|1\n|c|\u2606Tabula Rasa (TB)|kimmo o doesn\u2019t fit the vibe but i need it\n|\n|t:|1776642566\n|switch|p1a: Fright Night|Gengar, L50, M, shiny|100/100|[from] Parting Shot\n|move|p2b: Golurk|Ice Punch|p1b: Kommo-o\n|-supereffective|p1b: Kommo-o|1\n|-damage|p1b: Kommo-o|94/100\n|\n|-heal|p1b: Kommo-o|100/100|[from] item: Leftovers\n|-damage|p2b: Golurk|48/100 brn|[from] brn\n|upkeep\n|turn|13\n|c|\u2606capychara|kommo-o is doing so much by being an active threat\n|\n|t:|1776642589\n|move|p1a: Fright Night|Perish Song|p1a: Fright Night\n|-start|p1a: Fright Night|perish3|[silent]\n|-immune|p1b: Kommo-o|[from] ability: Soundproof\n|-start|p2b: Golurk|perish3|[silent]\n|-fieldactivate|move: Perish Song\n|move|p1b: Kommo-o|Iron Head|p2b: Golurk\n|-damage|p2b: Golurk|29/100 brn\n|move|p2b: Golurk|Poltergeist|p1a: Fright Night\n|-activate|p1a: Fright Night|move: Poltergeist|Gengarite\n|-supereffective|p1a: Fright Night|1\n|-damage|p1a: Fright Night|48/100\n|\n|-damage|p2b: Golurk|23/100 brn|[from] brn\n|-start|p1a: Fright Night|perish3\n|-start|p2b: Golurk|perish3\n|upkeep\n|turn|14\n|c|\u2606Tabula Rasa (TB)|fr. i need it\n|c|\u2606capychara|omg perish song soundproof\n|c|\u2606capychara|lmaooo\n|inactive|Tabula Rasa (TB) has 30 seconds left.\n|\n|t:|1776642621\n|move|p1a: Fright Night|Protect|p1a: Fright Night\n|-singleturn|p1a: Fright Night|Protect\n|move|p1b: Kommo-o|Iron Head|p2b: Golurk\n|-damage|p2b: Golurk|6/100 brn\n|move|p2b: Golurk|Poltergeist|p1a: Fright Night\n|-activate|p1a: Fright Night|move: Protect\n|\n|-damage|p2b: Golurk|0 fnt|[from] brn\n|faint|p2b: Golurk\n|\n|win|Tabula Rasa (TB)\n|raw|Tabula Rasa (TB)'s rating: 1115 &rarr; <strong>1137</strong><br />(+22 for winning)\n|raw|capychara's rating: 1080 &rarr; <strong>1060</strong><br />(-20 for losing)\n|c|\u2606capychara|freedom\n|c|\u2606capychara|gg\n",
  "uploadtime": 1776642635,
  "views": 24,
  "formatid": "gen9championsvgc2026regma",
  "rating": 1060,
  "private": 0,
  "password": null
}