{
  "id": "gen9championsvgc2026regma-2583817268",
  "format": "[Gen 9 Champions] VGC 2026 Reg M-A",
  "players": [
    "Mashndrow",
    "nagohs"
  ],
  "log": "|j|\u2606Mashndrow\n|j|\u2606nagohs\n|t:|1776200009\n|gametype|doubles\n|player|p1|Mashndrow|bugcatcher-gen4dp|1078\n|player|p2|nagohs|iris-gen5bw2|1127\n|gen|9\n|tier|[Gen 9 Champions] VGC 2026 Reg M-A\n|rated|\n|rule|Species Clause: Limit one of each Pok\u00e9mon\n|rule|Item Clause: Limit 1 of each item\n|clearpoke\n|poke|p1|Arcanine-Hisui, L50, F|\n|poke|p1|Serperior, L50, M|\n|poke|p1|Clefable, L50, F|\n|poke|p1|Sneasler, L50, M|\n|poke|p1|Aegislash, L50, F|\n|poke|p1|Dragonite, L50, F|\n|poke|p2|Gardevoir, L50, M|\n|poke|p2|Aegislash, L50, F|\n|poke|p2|Incineroar, L50, M|\n|poke|p2|Vivillon-Marine, L50, M|\n|poke|p2|Hydreigon, L50, M|\n|poke|p2|Tauros-Paldea-Aqua, L50, M|\n|teampreview|4\n|inactive|Battle timer is ON: inactive players will automatically lose when time's up. (requested by Mashndrow)\n|inactive|Mashndrow has 60 seconds left.\n|inactive|nagohs has 60 seconds left.\n|inactive|Mashndrow has 30 seconds left.\n|inactive|nagohs has 30 seconds left.\n|\n|t:|1776200072\n|teamsize|p1|4\n|teamsize|p2|4\n|start\n|switch|p1a: Clefable|Clefable, L50, F|100/100\n|switch|p1b: Sneasler|Sneasler, L50, M|100/100\n|switch|p2a: Tauros|Tauros-Paldea-Aqua, L50, M|100/100\n|switch|p2b: Hydreigon|Hydreigon, L50, M|100/100\n|-ability|p2a: Tauros|Intimidate|boost\n|-unboost|p1a: Clefable|atk|1\n|-unboost|p1b: Sneasler|atk|1\n|-enditem|p1b: Sneasler|White Herb\n|-clearnegativeboost|p1b: Sneasler|[silent]\n|turn|1\n|inactive|Mashndrow has 30 seconds left.\n|inactive|nagohs has 30 seconds left.\n|inactive|nagohs has 20 seconds left.\n|\n|t:|1776200112\n|move|p2a: Tauros|Aqua Jet|p1b: Sneasler\n|-damage|p1b: Sneasler|55/100\n|move|p1b: Sneasler|Close Combat|p2a: Tauros\n|-damage|p2a: Tauros|41/100\n|-unboost|p1b: Sneasler|def|1\n|-unboost|p1b: Sneasler|spd|1\n|move|p2b: Hydreigon|Tailwind|p2b: Hydreigon\n|-sidestart|p2: nagohs|move: Tailwind\n|move|p1a: Clefable|Moonblast|p2a: Tauros\n|-supereffective|p2a: Tauros|1\n|-damage|p2a: Tauros|0 fnt\n|faint|p2a: Tauros\n|\n|upkeep\n|\n|t:|1776200126\n|switch|p2a: Gardevoir|Gardevoir, L50, M, shiny|100/100\n|turn|2\n|\n|t:|1776200151\n|detailschange|p2a: Gardevoir|Gardevoir-Mega, L50, M, shiny\n|-mega|p2a: Gardevoir|Gardevoir|Gardevoirite\n|move|p1b: Sneasler|Protect|p1b: Sneasler\n|-singleturn|p1b: Sneasler|Protect\n|move|p2b: Hydreigon|Protect|p2b: Hydreigon\n|-singleturn|p2b: Hydreigon|Protect\n|move|p2a: Gardevoir|Psychic|p1b: Sneasler\n|-activate|p1b: Sneasler|move: Protect\n|move|p1a: Clefable|Moonblast|p2b: Hydreigon\n|-activate|p2b: Hydreigon|move: Protect\n|\n|upkeep\n|turn|3\n|inactive|Mashndrow has 30 seconds left.\n|\n|t:|1776200180\n|move|p1a: Clefable|Follow Me|p1a: Clefable\n|-singleturn|p1a: Clefable|move: Follow Me\n|move|p1b: Sneasler|Close Combat|p2b: Hydreigon\n|-supereffective|p2b: Hydreigon|1\n|-damage|p2b: Hydreigon|0 fnt\n|-unboost|p1b: Sneasler|def|1\n|-unboost|p1b: Sneasler|spd|1\n|faint|p2b: Hydreigon\n|move|p2a: Gardevoir|Calm Mind|p2a: Gardevoir\n|-boost|p2a: Gardevoir|spa|1\n|-boost|p2a: Gardevoir|spd|1\n|\n|upkeep\n|\n|t:|1776200189\n|switch|p2b: Vivillon|Vivillon-Marine, L50, M|100/100\n|turn|4\n|inactive|Mashndrow has 30 seconds left.\n|\n|t:|1776200219\n|move|p1a: Clefable|Follow Me|p1a: Clefable\n|-singleturn|p1a: Clefable|move: Follow Me\n|move|p1b: Sneasler|Dire Claw|p2a: Gardevoir\n|-supereffective|p2a: Gardevoir|1\n|-damage|p2a: Gardevoir|0 fnt\n|faint|p2a: Gardevoir\n|move|p2b: Vivillon|Sleep Powder|p1a: Clefable\n|-status|p1a: Clefable|slp|[from] move: Sleep Powder\n|\n|-sideend|p2: nagohs|move: Tailwind\n|upkeep\n|turn|5\n|\n|t:|1776200230\n|move|p1b: Sneasler|Dire Claw|p2b: Vivillon\n|-damage|p2b: Vivillon|36/100\n|move|p2b: Vivillon|Hurricane|p1b: Sneasler|[miss]\n|-miss|p2b: Vivillon|p1b: Sneasler\n|cant|p1a: Clefable|slp\n|\n|upkeep\n|turn|6\n|\n|t:|1776200237\n|move|p1b: Sneasler|Dire Claw|p2b: Vivillon\n|-damage|p2b: Vivillon|0 fnt\n|faint|p2b: Vivillon\n|\n|win|Mashndrow\n|raw|Mashndrow's rating: 1078 &rarr; <strong>1110</strong><br />(+32 for winning)\n|raw|nagohs's rating: 1127 &rarr; <strong>1098</strong><br />(-29 for losing)\n|l|\u2606nagohs\n|player|p2|\n|c|\u2606Mashndrow|gg\n",
  "uploadtime": 1776200243,
  "views": 14,
  "formatid": "gen9championsvgc2026regma",
  "rating": 1098,
  "private": 0,
  "password": null
}