{
  "id": "gen9championsvgc2026regma-2589411365",
  "format": "[Gen 9 Champions] VGC 2026 Reg M-A",
  "players": [
    "wunga",
    "Ramity"
  ],
  "log": "|j|\u2606wunga\n|j|\u2606Ramity\n|t:|1776720745\n|gametype|doubles\n|player|p1|wunga|medium|1000\n|player|p2|Ramity|101|1000\n|gen|9\n|tier|[Gen 9 Champions] VGC 2026 Reg M-A\n|rated|\n|rule|Species Clause: Limit one of each Pok\u00e9mon\n|rule|Item Clause: Limit 1 of each item\n|clearpoke\n|poke|p1|Passimian, L50, M|\n|poke|p1|Glalie, L50, M|\n|poke|p1|Gardevoir, L50, M|\n|poke|p1|Whimsicott, L50, F|\n|poke|p1|Starmie, L50|\n|poke|p1|Incineroar, L50, F|\n|poke|p2|Starmie, L50|\n|poke|p2|Garchomp, L50, M|\n|poke|p2|Kingambit, L50, M|\n|poke|p2|Aerodactyl, L50, M|\n|poke|p2|Floette-Eternal, L50, F|\n|poke|p2|Mimikyu, L50, M|\n|teampreview|4\nwunga has agreed to open team sheets.\n|c|\u2606wunga|gl hf\n|\n|t:|1776720792\n|teamsize|p1|4\n|teamsize|p2|4\n|start\n|switch|p1a: Passimian|Passimian, L50, M|100/100\n|switch|p1b: Starmie|Starmie, L50|100/100\n|switch|p2a: Kingambit|Kingambit, L50, M|100/100\n|switch|p2b: Starmie|Starmie, L50|100/100\n|turn|1\n|\n|t:|1776720833\n|detailschange|p1b: Starmie|Starmie-Mega, L50\n|-mega|p1b: Starmie|Starmie|Starminite\n|detailschange|p2b: Starmie|Starmie-Mega, L50\n|-mega|p2b: Starmie|Starmie|Starminite\n|move|p1a: Passimian|Protect|p1a: Passimian\n|-singleturn|p1a: Passimian|Protect\n|move|p2a: Kingambit|Protect|p2a: Kingambit\n|-singleturn|p2a: Kingambit|Protect\n|move|p1b: Starmie|Self-Destruct|p2b: Starmie|[spread] p2b\n|-activate|p1a: Passimian|move: Protect\n|-activate|p2a: Kingambit|move: Protect\n|-damage|p2b: Starmie|6/100\n|faint|p1b: Starmie\n|-ability|p1a: Passimian|Huge Power|Receiver|[from] ability: Receiver|[of] p1b: Starmie\n|move|p2b: Starmie|Flip Turn|p1a: Passimian\n|-activate|p1a: Passimian|move: Protect\n|\n|upkeep\n|c|\u2606Ramity|u2\n|\n|t:|1776720858\n|switch|p1b: Incineroar|Incineroar, L50, F|100/100\n|-ability|p1b: Incineroar|Intimidate|boost\n|-unboost|p2a: Kingambit|atk|1\n|-ability|p2a: Kingambit|Defiant|boost\n|-boost|p2a: Kingambit|atk|2\n|-unboost|p2b: Starmie|atk|1\n|turn|2\n|\n|t:|1776720875\n|switch|p2b: Aerodactyl|Aerodactyl, L50, M|100/100\n|-ability|p2b: Aerodactyl|Unnerve\n|switch|p2a: Garchomp|Garchomp, L50, M|100/100\n|move|p1b: Incineroar|Fake Out|p2b: Aerodactyl\n|-resisted|p2b: Aerodactyl|1\n|-damage|p2b: Aerodactyl|89/100\n|move|p1a: Passimian|Close Combat|p2a: Garchomp\n|-damage|p2a: Garchomp|0 fnt\n|-unboost|p1a: Passimian|def|1\n|-unboost|p1a: Passimian|spd|1\n|-damage|p1a: Passimian|88/100|[from] ability: Rough Skin|[of] p2a: Garchomp\n|faint|p2a: Garchomp\n|\n|upkeep\n|\n|t:|1776720888\n|switch|p2a: Starmie|Starmie-Mega, L50|6/100\n|turn|3\n|\n|t:|1776720904\n|move|p1a: Passimian|Quick Attack|p2a: Starmie\n|-crit|p2a: Starmie\n|-damage|p2a: Starmie|0 fnt\n|faint|p2a: Starmie\n|move|p2b: Aerodactyl|Dual Wingbeat|p1a: Passimian|[miss]\n|-miss|p2b: Aerodactyl|p1a: Passimian\n|move|p1b: Incineroar|Darkest Lariat|p2b: Aerodactyl\n|-damage|p2b: Aerodactyl|15/100\n|\n|upkeep\n|\n|t:|1776720911\n|switch|p2a: Kingambit|Kingambit, L50, M|100/100\n|turn|4\n|\n|t:|1776720921\n|move|p2a: Kingambit|Protect|p2a: Kingambit\n|-singleturn|p2a: Kingambit|Protect\n|move|p2b: Aerodactyl|Tailwind|p2b: Aerodactyl\n|-sidestart|p2: Ramity|move: Tailwind\n|move|p1a: Passimian|Close Combat|p2a: Kingambit\n|-activate|p2a: Kingambit|move: Protect\n|move|p1b: Incineroar|Darkest Lariat|p2b: Aerodactyl\n|-damage|p2b: Aerodactyl|0 fnt\n|faint|p2b: Aerodactyl\n|\n|upkeep\n|turn|5\n|\n|t:|1776720934\n|move|p1a: Passimian|Close Combat|p2a: Kingambit\n|-supereffective|p2a: Kingambit|2\n|-crit|p2a: Kingambit\n|-damage|p2a: Kingambit|0 fnt\n|-unboost|p1a: Passimian|def|1\n|-unboost|p1a: Passimian|spd|1\n|faint|p2a: Kingambit\n|\n|win|wunga\n|raw|wunga's rating: 1000 &rarr; <strong>1040</strong><br />(+40 for winning)\n|raw|Ramity's rating: 1000 &rarr; <strong>1000</strong><br />(+0 for losing)\n|c|\u2606wunga|gg\n|c|\u2606Ramity|gg\n",
  "uploadtime": 1776720942,
  "views": 21,
  "formatid": "gen9championsvgc2026regma",
  "rating": 1000,
  "private": 0,
  "password": null
}