{
  "id": "gen9championsvgc2026regma-2583811730",
  "format": "[Gen 9 Champions] VGC 2026 Reg M-A",
  "players": [
    "JD20shoots3s",
    "Namat01"
  ],
  "log": "|j|\u2606JD20shoots3s\n|j|\u2606Namat01\n|t:|1776199532\n|gametype|doubles\n|player|p1|JD20shoots3s|hoopster|1135\n|player|p2|Namat01|170|1215\n|gen|9\n|tier|[Gen 9 Champions] VGC 2026 Reg M-A\n|rated|\n|rule|Species Clause: Limit one of each Pok\u00e9mon\n|rule|Item Clause: Limit 1 of each item\n|clearpoke\n|poke|p1|Gengar, L50, F|\n|poke|p1|Incineroar, L50, M|\n|poke|p1|Milotic, L50, M|\n|poke|p1|Tyranitar, L50, F|\n|poke|p1|Excadrill, L50, M|\n|poke|p1|Vivillon, L50, F|\n|poke|p2|Dragonite, L50, F|\n|poke|p2|Pelipper, L50, F|\n|poke|p2|Archaludon, L50, F|\n|poke|p2|Basculegion, L50, M|\n|poke|p2|Sneasler, L50, M|\n|poke|p2|Rotom-Heat, L50|\n|teampreview|4\n|inactive|Battle timer is ON: inactive players will automatically lose when time's up. (requested by JD20shoots3s)\n|inactive|JD20shoots3s has 60 seconds left.\n|inactive|Namat01 has 60 seconds left.\n|\n|t:|1776199571\n|teamsize|p1|4\n|teamsize|p2|4\n|start\n|switch|p1a: Gengar|Gengar, L50, F|100/100\n|switch|p1b: Vivillon|Vivillon, L50, F|100/100\n|switch|p2a: Basculegion|Basculegion, L50, M|100/100\n|switch|p2b: Sneasler|Sneasler, L50, M|100/100\n|turn|1\n|\n|t:|1776199593\n|detailschange|p1a: Gengar|Gengar-Mega, L50, F\n|-mega|p1a: Gengar|Gengar|Gengarite\n|move|p1b: Vivillon|Protect|p1b: Vivillon\n|-singleturn|p1b: Vivillon|Protect\n|move|p2b: Sneasler|Fake Out|p1b: Vivillon\n|-activate|p1b: Vivillon|move: Protect\n|move|p1a: Gengar|Shadow Ball|p2a: Basculegion\n|-supereffective|p2a: Basculegion|1\n|-damage|p2a: Basculegion|0 fnt\n|faint|p2a: Basculegion\n|\n|upkeep\n|\n|t:|1776199604\n|switch|p2a: Pelipper|Pelipper, L50, F|100/100\n|-weather|RainDance|[from] ability: Drizzle|[of] p2a: Pelipper\n|turn|2\n|inactive|JD20shoots3s has 30 seconds left.\n|\n|t:|1776199630\n|move|p1a: Gengar|Perish Song|p1a: Gengar\n|-start|p1a: Gengar|perish3|[silent]\n|-start|p1b: Vivillon|perish3|[silent]\n|-start|p2a: Pelipper|perish3|[silent]\n|-start|p2b: Sneasler|perish3|[silent]\n|-fieldactivate|move: Perish Song\n|move|p2b: Sneasler|Dire Claw|p1b: Vivillon\n|-damage|p1b: Vivillon|33/100\n|move|p1b: Vivillon|Sleep Powder|p2b: Sneasler\n|-status|p2b: Sneasler|slp|[from] move: Sleep Powder\n|move|p2a: Pelipper|Tailwind|p2a: Pelipper\n|-sidestart|p2: Namat01|move: Tailwind\n|\n|-weather|RainDance|[upkeep]\n|-start|p2b: Sneasler|perish3\n|-start|p2a: Pelipper|perish3\n|-start|p1a: Gengar|perish3\n|-start|p1b: Vivillon|perish3\n|upkeep\n|turn|3\n|\n|t:|1776199655\n|move|p1b: Vivillon|Rage Powder|p1b: Vivillon\n|-singleturn|p1b: Vivillon|move: Rage Powder\n|cant|p2b: Sneasler|slp\n|move|p2a: Pelipper|Hurricane|p1b: Vivillon\n|-supereffective|p1b: Vivillon|1\n|-crit|p1b: Vivillon\n|-damage|p1b: Vivillon|0 fnt\n|faint|p1b: Vivillon\n|move|p1a: Gengar|Sludge Bomb|p2a: Pelipper\n|-damage|p2a: Pelipper|8/100\n|-status|p2a: Pelipper|psn\n|\n|-weather|RainDance|[upkeep]\n|-damage|p2a: Pelipper|0 fnt|[from] psn\n|faint|p2a: Pelipper\n|-start|p2b: Sneasler|perish2\n|-start|p1a: Gengar|perish2\n|upkeep\n|inactive|JD20shoots3s has 30 seconds left.\n|\n|t:|1776199680\n|switch|p1b: Tyranitar|Tyranitar, L50, F|100/100\n|switch|p2a: Dragonite|Dragonite, L50, F|100/100\n|-weather|Sandstorm|[from] ability: Sand Stream|[of] p1b: Tyranitar\n|turn|4\n|\n|t:|1776199698\n|detailschange|p2a: Dragonite|Dragonite-Mega, L50, F\n|-mega|p2a: Dragonite|Dragonite|Dragoninite\n|move|p1a: Gengar|Protect|p1a: Gengar\n|-singleturn|p1a: Gengar|Protect\n|cant|p2b: Sneasler|slp\n|move|p2a: Dragonite|Dragon Pulse|p1a: Gengar\n|-activate|p1a: Gengar|move: Protect\n|move|p1b: Tyranitar|Ice Punch|p2a: Dragonite\n|-supereffective|p2a: Dragonite|2\n|-damage|p2a: Dragonite|53/100\n|-status|p2a: Dragonite|frz\n|\n|-weather|Sandstorm|[upkeep]\n|-damage|p2b: Sneasler|95/100 slp|[from] Sandstorm\n|-damage|p2a: Dragonite|47/100 frz|[from] Sandstorm\n|-damage|p1a: Gengar|95/100|[from] Sandstorm\n|-start|p2b: Sneasler|perish1\n|-start|p1a: Gengar|perish1\n|upkeep\n|turn|5\n|\n|t:|1776199720\n|switch|p1a: Milotic|Milotic, L50, M|100/100\n|move|p1b: Tyranitar|Protect|p1b: Tyranitar\n|-singleturn|p1b: Tyranitar|Protect\n|-curestatus|p2b: Sneasler|slp|[msg]\n|move|p2b: Sneasler|Close Combat|p1b: Tyranitar\n|-activate|p1b: Tyranitar|move: Protect\n|-curestatus|p2a: Dragonite|frz|[msg]\n|move|p2a: Dragonite|Dragon Pulse|p1a: Milotic\n|-damage|p1a: Milotic|64/100\n|\n|-weather|Sandstorm|[upkeep]\n|-damage|p2b: Sneasler|89/100|[from] Sandstorm\n|-damage|p2a: Dragonite|41/100|[from] Sandstorm\n|-damage|p1a: Milotic|58/100|[from] Sandstorm\n|-heal|p1a: Milotic|64/100|[from] item: Leftovers\n|-start|p2b: Sneasler|perish0\n|-sideend|p2: Namat01|move: Tailwind\n|faint|p2b: Sneasler\n|upkeep\n|turn|6\n|-message|Namat01 forfeited.\n|\n|win|JD20shoots3s\n|raw|JD20shoots3s's rating: 1135 &rarr; <strong>1166</strong><br />(+31 for winning)\n|raw|Namat01's rating: 1215 &rarr; <strong>1184</strong><br />(-31 for losing)\n|l|\u2606Namat01\n|player|p2|\n",
  "uploadtime": 1776199738,
  "views": 24,
  "formatid": "gen9championsvgc2026regma",
  "rating": 1166,
  "private": 0,
  "password": null
}