{
  "id": "gen9championsvgc2026regma-2584794347",
  "format": "[Gen 9 Champions] VGC 2026 Reg M-A",
  "players": [
    "isabellissima",
    "SekoBoyAkaYungBeef"
  ],
  "log": "|j|\u2606isabellissima\n|j|\u2606SekoBoyAkaYungBeef\n|t:|1776284148\n|gametype|doubles\n|player|p1|isabellissima|2|1099\n|player|p2|SekoBoyAkaYungBeef|1|1027\n|gen|9\n|tier|[Gen 9 Champions] VGC 2026 Reg M-A\n|rated|\n|rule|Species Clause: Limit one of each Pok\u00e9mon\n|rule|Item Clause: Limit 1 of each item\n|clearpoke\n|poke|p1|Incineroar, L50, F|\n|poke|p1|Gengar, L50, F|\n|poke|p1|Sneasler, L50, F|\n|poke|p1|Maushold-Four, L50|\n|poke|p1|Kommo-o, L50, M|\n|poke|p1|Politoed, L50, F|\n|poke|p2|Volcarona, L50, F|\n|poke|p2|Aerodactyl, L50, M|\n|poke|p2|Garchomp, L50, F|\n|poke|p2|Kingambit, L50, F|\n|poke|p2|Floette-Eternal, L50, F|\n|poke|p2|Sneasler, L50, F|\n|teampreview|4\n|inactive|Battle timer is ON: inactive players will automatically lose when time's up. (requested by isabellissima)\n|inactive|SekoBoyAkaYungBeef has 60 seconds left.\n|inactive|isabellissima has 60 seconds left.\n|\n|t:|1776284203\n|teamsize|p1|4\n|teamsize|p2|4\n|start\n|switch|p1a: Sneasler|Sneasler, L50, F|100/100\n|switch|p1b: Maushold|Maushold-Four, L50|100/100\n|switch|p2a: Volcarona|Volcarona, L50, F|100/100\n|switch|p2b: Floette|Floette-Eternal, L50, F|100/100\n|turn|1\n|\n|t:|1776284225\n|detailschange|p2b: Floette|Floette-Mega, L50, F\n|-mega|p2b: Floette|Floette|Floettite\n|-ability|p2b: Floette|Fairy Aura\n|move|p1b: Maushold|Helping Hand|p1a: Sneasler\n|-singleturn|p1a: Sneasler|Helping Hand|[of] p1b: Maushold\n|move|p2b: Floette|Protect|p2b: Floette\n|-singleturn|p2b: Floette|Protect\n|move|p1a: Sneasler|Dire Claw|p2b: Floette\n|-activate|p2b: Floette|move: Protect\n|move|p2a: Volcarona|Tailwind|p2a: Volcarona\n|-sidestart|p2: SekoBoyAkaYungBeef|move: Tailwind\n|\n|upkeep\n|turn|2\n|inactive|isabellissima has 30 seconds left.\n|\n|t:|1776284252\n|move|p1a: Sneasler|Protect|p1a: Sneasler\n|-singleturn|p1a: Sneasler|Protect\n|move|p2a: Volcarona|Rage Powder|p2a: Volcarona\n|-singleturn|p2a: Volcarona|move: Rage Powder\n|move|p2b: Floette|Calm Mind|p2b: Floette\n|-boost|p2b: Floette|spa|1\n|-boost|p2b: Floette|spd|1\n|move|p1b: Maushold|Super Fang|p2a: Volcarona|[miss]\n|-miss|p1b: Maushold|p2a: Volcarona\n|\n|upkeep\n|turn|3\n|inactive|isabellissima has 30 seconds left.\n|inactive|isabellissima has 20 seconds left.\n|inactive|isabellissima has 15 seconds left.\n|\n|t:|1776284296\n|move|p2a: Volcarona|Rage Powder|p2a: Volcarona\n|-singleturn|p2a: Volcarona|move: Rage Powder\n|move|p2b: Floette|Moonblast|p1a: Sneasler\n|-damage|p1a: Sneasler|0 fnt\n|faint|p1a: Sneasler\n|move|p1b: Maushold|Super Fang|p2a: Volcarona\n|-damage|p2a: Volcarona|51/100\n|\n|upkeep\n|\n|t:|1776284307\n|switch|p1a: Gengar|Gengar, L50, F, shiny|100/100\n|turn|4\n|\n|t:|1776284329\n|detailschange|p1a: Gengar|Gengar-Mega, L50, F, shiny\n|-mega|p1a: Gengar|Gengar|Gengarite\n|move|p1b: Maushold|Protect|p1b: Maushold\n|-singleturn|p1b: Maushold|Protect\n|move|p1a: Gengar|Protect|p1a: Gengar\n|-singleturn|p1a: Gengar|Protect\n|move|p2a: Volcarona|Rage Powder|p2a: Volcarona\n|-singleturn|p2a: Volcarona|move: Rage Powder\n|move|p2b: Floette|Moonblast|p1b: Maushold\n|-activate|p1b: Maushold|move: Protect\n|\n|-sideend|p2: SekoBoyAkaYungBeef|move: Tailwind\n|upkeep\n|turn|5\n|\n|t:|1776284352\n|move|p2b: Floette|Protect|p2b: Floette\n|-singleturn|p2b: Floette|Protect\n|move|p1b: Maushold|Follow Me|p1b: Maushold\n|-singleturn|p1b: Maushold|move: Follow Me\n|move|p1a: Gengar|Substitute|p1a: Gengar\n|-start|p1a: Gengar|Substitute\n|-damage|p1a: Gengar|76/100\n|move|p2a: Volcarona|Tailwind|p2a: Volcarona\n|-sidestart|p2: SekoBoyAkaYungBeef|move: Tailwind\n|\n|upkeep\n|turn|6\n|\n|t:|1776284370\n|move|p1b: Maushold|Helping Hand|p1a: Gengar\n|-singleturn|p1a: Gengar|Helping Hand|[of] p1b: Maushold\n|move|p2a: Volcarona|Rage Powder|p2a: Volcarona\n|-singleturn|p2a: Volcarona|move: Rage Powder\n|move|p2b: Floette|Dazzling Gleam|p1b: Maushold|[spread] p1a,p1b\n|-resisted|p1a: Gengar|1\n|-end|p1a: Gengar|Substitute\n|-damage|p1b: Maushold|9/100\n|move|p1a: Gengar|Shadow Ball|p2a: Volcarona\n|-damage|p2a: Volcarona|0 fnt\n|faint|p2a: Volcarona\n|\n|upkeep\n|\n|t:|1776284382\n|switch|p2a: Garchomp|Garchomp, L50, F|100/100\n|turn|7\n|\n|t:|1776284403\n|move|p1b: Maushold|Protect|p1b: Maushold\n|-singleturn|p1b: Maushold|Protect\n|move|p1a: Gengar|Protect|p1a: Gengar\n|-singleturn|p1a: Gengar|Protect\n|move|p2a: Garchomp|Stomping Tantrum|p1a: Gengar\n|-activate|p1a: Gengar|move: Protect\n|move|p2b: Floette|Dazzling Gleam|p1b: Maushold|[spread] \n|-activate|p1a: Gengar|move: Protect\n|-activate|p1b: Maushold|move: Protect\n|\n|upkeep\n|turn|8\n|\n|t:|1776284418\n|move|p1b: Maushold|Follow Me|p1b: Maushold\n|-singleturn|p1b: Maushold|move: Follow Me\n|move|p2a: Garchomp|Stomping Tantrum|p1b: Maushold\n|-damage|p1b: Maushold|0 fnt\n|faint|p1b: Maushold\n|move|p2b: Floette|Dazzling Gleam|p1a: Gengar\n|-resisted|p1a: Gengar|1\n|-damage|p1a: Gengar|17/100\n|move|p1a: Gengar|Shadow Ball|p2b: Floette\n|-damage|p2b: Floette|76/100\n|\n|-sideend|p2: SekoBoyAkaYungBeef|move: Tailwind\n|upkeep\n|\n|t:|1776284429\n|switch|p1b: Kommo-o|Kommo-o, L50, M, shiny|100/100\n|turn|9\n|\n|t:|1776284442\n|move|p1a: Gengar|Shadow Ball|p2b: Floette\n|-crit|p2b: Floette\n|-damage|p2b: Floette|22/100\n|move|p2a: Garchomp|Dragon Claw|p1b: Kommo-o\n|-supereffective|p1b: Kommo-o|1\n|-damage|p1b: Kommo-o|33/100\n|move|p2b: Floette|Moonblast|p1a: Gengar\n|-resisted|p1a: Gengar|1\n|-damage|p1a: Gengar|0 fnt\n|faint|p1a: Gengar\n|move|p1b: Kommo-o|Aura Sphere|p2b: Floette\n|-resisted|p2b: Floette|1\n|-damage|p2b: Floette|13/100\n|\n|upkeep\n|turn|10\n|-message|isabellissima forfeited.\n|\n|win|SekoBoyAkaYungBeef\n|raw|isabellissima's rating: 1099 &rarr; <strong>1069</strong><br />(-30 for losing)\n|raw|SekoBoyAkaYungBeef's rating: 1027 &rarr; <strong>1070</strong><br />(+43 for winning)\n",
  "uploadtime": 1776284458,
  "views": 46,
  "formatid": "gen9championsvgc2026regma",
  "rating": 1069,
  "private": 0,
  "password": null
}