{
  "id": "gen9championsvgc2026regma-2581444881",
  "format": "[Gen 9 Champions] VGC 2026 Reg M-A",
  "players": [
    "amigomalamar",
    "yanxi0312"
  ],
  "log": "|j|\u2606amigomalamar\n|j|\u2606yanxi0312\n|t:|1776001083\n|gametype|doubles\n|player|p1|amigomalamar|schoolkid|1203\n|player|p2|yanxi0312|hilbert-wonderlauncher|1184\n|gen|9\n|tier|[Gen 9 Champions] VGC 2026 Reg M-A\n|rated|\n|rule|Species Clause: Limit one of each Pok\u00e9mon\n|rule|Item Clause: Limit 1 of each item\n|clearpoke\n|poke|p1|Gengar, L50, M|\n|poke|p1|Incineroar, L50, M|\n|poke|p1|Sinistcha, L50|\n|poke|p1|Kingambit, L50, M|\n|poke|p1|Tyranitar, L50, M|\n|poke|p1|Kommo-o, L50, M|\n|poke|p2|Blastoise, L50, F|\n|poke|p2|Torkoal, L50, M|\n|poke|p2|Farigiraf, L50, F|\n|poke|p2|Kingambit, L50, M|\n|poke|p2|Sinistcha, L50|\n|poke|p2|Typhlosion-Hisui, L50, F|\n|teampreview|4\n|j| Knightmoon25-X\nyanxi0312 rejected open team sheets.\n|inactive|Battle timer is ON: inactive players will automatically lose when time's up. (requested by yanxi0312)\n|inactive|amigomalamar has 60 seconds left.\n|\n|t:|1776001137\n|teamsize|p1|4\n|teamsize|p2|4\n|start\n|switch|p1a: Gengar|Gengar, L50, M|100/100\n|switch|p1b: Kommo-o|Kommo-o, L50, M|100/100\n|switch|p2a: Blastoise|Blastoise, L50, F|100/100\n|switch|p2b: Farigiraf|Farigiraf, L50, F|100/100\n|turn|1\n|\n|t:|1776001151\n|detailschange|p1a: Gengar|Gengar-Mega, L50, M\n|-mega|p1a: Gengar|Gengar|Gengarite\n|detailschange|p2a: Blastoise|Blastoise-Mega, L50, F\n|-mega|p2a: Blastoise|Blastoise|Blastoisinite\n|move|p2a: Blastoise|Fake Out|p1b: Kommo-o\n|-damage|p1b: Kommo-o|92/100\n|move|p1a: Gengar|Perish Song|p1a: Gengar\n|-start|p1a: Gengar|perish3|[silent]\n|-immune|p1b: Kommo-o|[from] ability: Soundproof\n|-start|p2a: Blastoise|perish3|[silent]\n|-start|p2b: Farigiraf|perish3|[silent]\n|-fieldactivate|move: Perish Song\n|cant|p1b: Kommo-o|flinch\n|move|p2b: Farigiraf|Trick Room|p2b: Farigiraf\n|-fieldstart|move: Trick Room|[of] p2b: Farigiraf\n|\n|-start|p2b: Farigiraf|perish3\n|-start|p2a: Blastoise|perish3\n|-start|p1a: Gengar|perish3\n|upkeep\n|turn|2\n|\n|t:|1776001176\n|move|p1b: Kommo-o|Protect|p1b: Kommo-o\n|-singleturn|p1b: Kommo-o|Protect\n|move|p1a: Gengar|Protect|p1a: Gengar\n|-singleturn|p1a: Gengar|Protect\n|move|p2b: Farigiraf|Dazzling Gleam|p1a: Gengar|[spread] \n|-activate|p1a: Gengar|move: Protect\n|-activate|p1b: Kommo-o|move: Protect\n|move|p2a: Blastoise|Dark Pulse|p1a: Gengar\n|-activate|p1a: Gengar|move: Protect\n|\n|-start|p2b: Farigiraf|perish2\n|-start|p2a: Blastoise|perish2\n|-start|p1a: Gengar|perish2\n|upkeep\n|turn|3\n|inactive|amigomalamar has 30 seconds left.\n|\n|t:|1776001203\n|switch|p1b: Tyranitar|Tyranitar, L50, M|100/100\n|-weather|Sandstorm|[from] ability: Sand Stream|[of] p1b: Tyranitar\n|switch|p1a: Incineroar|Incineroar, L50, M|100/100\n|-ability|p1a: Incineroar|Intimidate|boost\n|-unboost|p2a: Blastoise|atk|1\n|-unboost|p2b: Farigiraf|atk|1\n|move|p2b: Farigiraf|Dazzling Gleam|p1b: Tyranitar|[spread] p1a,p1b\n|-supereffective|p1b: Tyranitar|1\n|-damage|p1a: Incineroar|86/100\n|-damage|p1b: Tyranitar|73/100\n|move|p2a: Blastoise|Water Spout|p1a: Incineroar|[spread] p1a,p1b\n|-supereffective|p1a: Incineroar|1\n|-supereffective|p1b: Tyranitar|1\n|-damage|p1a: Incineroar|0 fnt\n|-damage|p1b: Tyranitar|0 fnt\n|faint|p1a: Incineroar\n|faint|p1b: Tyranitar\n|\n|-weather|Sandstorm|[upkeep]\n|-damage|p2b: Farigiraf|94/100|[from] Sandstorm\n|-damage|p2a: Blastoise|95/100|[from] Sandstorm\n|-start|p2b: Farigiraf|perish1\n|-start|p2a: Blastoise|perish1\n|upkeep\n|\n|t:|1776001219\n|switch|p1a: Gengar|Gengar-Mega, L50, M|100/100\n|switch|p1b: Kommo-o|Kommo-o, L50, M|92/100\n|turn|4\n|\n|t:|1776001239\n|move|p1b: Kommo-o|Protect|p1b: Kommo-o\n|-singleturn|p1b: Kommo-o|Protect\n|move|p1a: Gengar|Protect|p1a: Gengar\n|-singleturn|p1a: Gengar|Protect\n|move|p2b: Farigiraf|Dazzling Gleam|p1a: Gengar|[spread] \n|-activate|p1a: Gengar|move: Protect\n|-activate|p1b: Kommo-o|move: Protect\n|move|p2a: Blastoise|Dark Pulse|p1a: Gengar\n|-activate|p1a: Gengar|move: Protect\n|\n|-weather|Sandstorm|[upkeep]\n|-damage|p2b: Farigiraf|88/100|[from] Sandstorm\n|-damage|p2a: Blastoise|89/100|[from] Sandstorm\n|-damage|p1b: Kommo-o|86/100|[from] Sandstorm\n|-damage|p1a: Gengar|95/100|[from] Sandstorm\n|-start|p2b: Farigiraf|perish0\n|-start|p2a: Blastoise|perish0\n|faint|p2b: Farigiraf\n|faint|p2a: Blastoise\n|upkeep\n|\n|t:|1776001243\n|switch|p2b: Sinistcha|Sinistcha, L50|100/100\n|switch|p2a: Torkoal|Torkoal, L50, M|100/100\n|-weather|SunnyDay|[from] ability: Drought|[of] p2a: Torkoal\n|turn|5\n|inactive|amigomalamar has 30 seconds left.\n|inactive|amigomalamar has 20 seconds left.\n|\n|t:|1776001282\n|move|p2a: Torkoal|Eruption|p1a: Gengar|[spread] p1a,p1b\n|-resisted|p1b: Kommo-o|1\n|-damage|p1a: Gengar|0 fnt\n|-damage|p1b: Kommo-o|40/100\n|faint|p1a: Gengar\n|move|p2b: Sinistcha|Shadow Ball|p1b: Kommo-o\n|-damage|p1b: Kommo-o|0 fnt\n|faint|p1b: Kommo-o\n|\n|win|yanxi0312\n|raw|amigomalamar's rating: 1203 &rarr; <strong>1177</strong><br />(-26 for losing)\n|raw|yanxi0312's rating: 1184 &rarr; <strong>1210</strong><br />(+26 for winning)\n|l|\u2606yanxi0312\n|player|p2|\n",
  "uploadtime": 1776001289,
  "views": 17,
  "formatid": "gen9championsvgc2026regma",
  "rating": 1177,
  "private": 0,
  "password": null
}