{
  "id": "gen9championsvgc2026regma-2581327107",
  "format": "[Gen 9 Champions] VGC 2026 Reg M-A",
  "players": [
    "zeranogamer147",
    "SpiderKash"
  ],
  "log": "|j|\u2606zeranogamer147\n|j|\u2606SpiderKash\n|t:|1775987128\n|gametype|doubles\n|player|p1|zeranogamer147|2|1359\n|player|p2|SpiderKash|170|1407\n|gen|9\n|tier|[Gen 9 Champions] VGC 2026 Reg M-A\n|rated|\n|rule|Species Clause: Limit one of each Pok\u00e9mon\n|rule|Item Clause: Limit 1 of each item\n|clearpoke\n|poke|p1|Charizard, L50, F|\n|poke|p1|Venusaur, L50, M|\n|poke|p1|Garchomp, L50, F|\n|poke|p1|Gardevoir, L50, M|\n|poke|p1|Milotic, L50, F|\n|poke|p1|Incineroar, L50, M|\n|poke|p2|Hawlucha, L50, M|\n|poke|p2|Snorlax, L50, F|\n|poke|p2|Sinistcha, L50|\n|poke|p2|Incineroar, L50, M|\n|poke|p2|Kleavor, L50, M|\n|poke|p2|Milotic, L50, M|\n|teampreview|4\n|inactive|Battle timer is ON: inactive players will automatically lose when time's up. (requested by SpiderKash)\n|\n|t:|1775987144\n|teamsize|p1|4\n|teamsize|p2|4\n|start\n|switch|p1a: Charizard|Charizard, L50, F|100/100\n|switch|p1b: Gardevoir|Gardevoir, L50, M|100/100\n|switch|p2a: Kleavor|Kleavor, L50, M|100/100\n|switch|p2b: Milotic|Milotic, L50, M|100/100\n|-ability|p1b: Gardevoir|Sharpness|Trace|[from] ability: Trace|[of] p2a: Kleavor\n|turn|1\n|j| gE1xjZRtuhW2DdT0AK\n|\n|t:|1775987164\n|detailschange|p1a: Charizard|Charizard-Mega-Y, L50, F\n|-mega|p1a: Charizard|Charizard|Charizardite Y\n|-weather|SunnyDay|[from] ability: Drought|[of] p1a: Charizard\n|move|p1b: Gardevoir|Moonblast|p2a: Kleavor\n|-damage|p2a: Kleavor|18/100\n|move|p2a: Kleavor|Stone Axe|p1a: Charizard\n|-supereffective|p1a: Charizard|2\n|-damage|p1a: Charizard|0 fnt\n|-sidestart|p1: zeranogamer147|move: Stealth Rock\n|faint|p1a: Charizard\n|move|p2b: Milotic|Coil|p2b: Milotic\n|-boost|p2b: Milotic|atk|1\n|-boost|p2b: Milotic|def|1\n|-boost|p2b: Milotic|accuracy|1\n|\n|-weather|SunnyDay|[upkeep]\n|upkeep\n|\n|t:|1775987175\n|switch|p1a: Venusaur|Venusaur, L50, M|100/100\n|-damage|p1a: Venusaur|88/100|[from] Stealth Rock\n|turn|2\n|j| KOPLUS\n|\n|t:|1775987184\n|move|p2b: Milotic|Protect|p2b: Milotic\n|-singleturn|p2b: Milotic|Protect\n|move|p1a: Venusaur|Sleep Powder|p2b: Milotic\n|-activate|p2b: Milotic|move: Protect\n|move|p1b: Gardevoir|Moonblast|p2a: Kleavor\n|-damage|p2a: Kleavor|0 fnt\n|faint|p2a: Kleavor\n|\n|-weather|SunnyDay|[upkeep]\n|upkeep\n|\n|t:|1775987187\n|switch|p2a: Hawlucha|Hawlucha, L50, M|100/100\n|turn|3\n|\n|t:|1775987198\n|detailschange|p2a: Hawlucha|Hawlucha-Mega, L50, M\n|-mega|p2a: Hawlucha|Hawlucha|Hawluchanite\n|move|p2a: Hawlucha|Protect|p2a: Hawlucha\n|-singleturn|p2a: Hawlucha|Protect\n|move|p1a: Venusaur|Sleep Powder|p2b: Milotic|[miss]\n|-miss|p1a: Venusaur|p2b: Milotic\n|move|p1b: Gardevoir|Moonblast|p2a: Hawlucha\n|-activate|p2a: Hawlucha|move: Protect\n|move|p2b: Milotic|Hypnosis|p1b: Gardevoir\n|-status|p1b: Gardevoir|slp|[from] move: Hypnosis\n|\n|-weather|SunnyDay|[upkeep]\n|upkeep\n|turn|4\n|j| Podim1\n|\n|t:|1775987222\n|move|p1a: Venusaur|Sleep Powder|p2a: Hawlucha\n|-status|p2a: Hawlucha|slp|[from] move: Sleep Powder\n|cant|p1b: Gardevoir|slp\n|cant|p2a: Hawlucha|slp\n|move|p2b: Milotic|Coil|p2b: Milotic\n|-boost|p2b: Milotic|atk|1\n|-boost|p2b: Milotic|def|1\n|-boost|p2b: Milotic|accuracy|1\n|\n|-weather|SunnyDay|[upkeep]\n|upkeep\n|turn|5\n|\n|t:|1775987233\n|switch|p2a: Snorlax|Snorlax, L50, F|100/100\n|move|p1a: Venusaur|Sleep Powder|p2b: Milotic\n|-status|p2b: Milotic|slp|[from] move: Sleep Powder\n|cant|p1b: Gardevoir|slp\n|cant|p2b: Milotic|slp\n|\n|-weather|none\n|upkeep\n|turn|6\n|\n|t:|1775987248\n|move|p2a: Snorlax|Protect|p2a: Snorlax\n|-singleturn|p2a: Snorlax|Protect\n|-curestatus|p1b: Gardevoir|slp|[msg]\n|move|p1b: Gardevoir|Moonblast|p2b: Milotic\n|-damage|p2b: Milotic|66/100 slp\n|move|p1a: Venusaur|Leaf Storm|p2b: Milotic\n|-supereffective|p2b: Milotic|1\n|-damage|p2b: Milotic|0 fnt\n|-unboost|p1a: Venusaur|spa|2\n|faint|p2b: Milotic\n|\n|upkeep\n|\n|t:|1775987254\n|switch|p2b: Hawlucha|Hawlucha-Mega, L50, M|100/100 slp\n|turn|7\n|-message|SpiderKash forfeited.\n|\n|win|zeranogamer147\n|raw|zeranogamer147's rating: 1359 &rarr; <strong>1382</strong><br />(+23 for winning)\n|raw|SpiderKash's rating: 1407 &rarr; <strong>1384</strong><br />(-23 for losing)\n|l|\u2606SpiderKash\n|player|p2|\n|l|\u2606zeranogamer147\n|player|p1|\n",
  "uploadtime": 1775987299,
  "views": 52,
  "formatid": "gen9championsvgc2026regma",
  "rating": 1382,
  "private": 0,
  "password": null
}