{
  "id": "gen9championsvgc2026regma-2586550397",
  "format": "[Gen 9 Champions] VGC 2026 Reg M-A",
  "players": [
    "647w",
    "orangejuicenut"
  ],
  "log": "|j|\u2606647w\n|j|\u2606orangejuicenut\n|t:|1776442386\n|gametype|doubles\n|player|p1|647w|lucas-gen4pt|1219\n|player|p2|orangejuicenut|169|1216\n|gen|9\n|tier|[Gen 9 Champions] VGC 2026 Reg M-A\n|rated|\n|rule|Species Clause: Limit one of each Pok\u00e9mon\n|rule|Item Clause: Limit 1 of each item\n|clearpoke\n|poke|p1|Snorlax, L50, M|\n|poke|p1|Chimecho, L50, F|\n|poke|p1|Sinistcha, L50|\n|poke|p1|Rotom-Wash, L50|\n|poke|p1|Delphox, L50, M|\n|poke|p1|Hydreigon, L50, F|\n|poke|p2|Floette-Eternal, L50, F|\n|poke|p2|Garchomp, L50, M|\n|poke|p2|Aerodactyl, L50, F|\n|poke|p2|Incineroar, L50, F|\n|poke|p2|Sinistcha, L50|\n|poke|p2|Kingambit, L50, M|\n|teampreview|4\n647w has agreed to open team sheets.\n|inactive|Battle timer is ON: inactive players will automatically lose when time's up. (requested by orangejuicenut)\n|\n|t:|1776442396\n|teamsize|p1|4\n|teamsize|p2|4\n|start\n|switch|p1a: Chimecho|Chimecho, L50, F|100/100\n|switch|p1b: Rotom|Rotom-Wash, L50|100/100\n|switch|p2a: Aerodactyl|Aerodactyl, L50, F|100/100\n|switch|p2b: Garchomp|Garchomp, L50, M|100/100\n|-ability|p2a: Aerodactyl|Unnerve\n|turn|1\n|\n|t:|1776442413\n|detailschange|p1a: Chimecho|Chimecho-Mega, L50, F\n|-mega|p1a: Chimecho|Chimecho|Chimechite\n|move|p2a: Aerodactyl|Tailwind|p2a: Aerodactyl\n|-sidestart|p2: orangejuicenut|move: Tailwind\n|move|p2b: Garchomp|Rock Slide|p1b: Rotom|[spread] p1a,p1b\n|-resisted|p1a: Chimecho|1\n|-damage|p1a: Chimecho|93/100\n|-damage|p1b: Rotom|77/100\n|move|p1b: Rotom|Volt Switch|p2a: Aerodactyl\n|-supereffective|p2a: Aerodactyl|1\n|-damage|p2a: Aerodactyl|15/100\n|inactive|647w has 30 seconds left.\n|\n|t:|1776442449\n|switch|p1b: Snorlax|Snorlax, L50, M|100/100|[from] Volt Switch\n|move|p1a: Chimecho|Trick Room|p1a: Chimecho\n|-fieldstart|move: Trick Room|[of] p1a: Chimecho\n|\n|upkeep\n|turn|2\n|\n|t:|1776442465\n|switch|p2a: Kingambit|Kingambit, L50, M|100/100\n|move|p1b: Snorlax|Belly Drum|p1b: Snorlax\n|-damage|p1b: Snorlax|50/100\n|-setboost|p1b: Snorlax|atk|6|[from] move: Belly Drum\n|-enditem|p1b: Snorlax|Sitrus Berry|[eat]\n|-heal|p1b: Snorlax|75/100|[from] item: Sitrus Berry\n|move|p1a: Chimecho|Encore|p2b: Garchomp\n|-start|p2b: Garchomp|Encore\n|move|p2b: Garchomp|Rock Slide|p1b: Snorlax|[spread] p1b\n|-miss|p2b: Garchomp|p1a: Chimecho\n|-damage|p1b: Snorlax|53/100\n|\n|upkeep\n|turn|3\n|\n|t:|1776442483\n|switch|p1a: Sinistcha|Sinistcha, L50|100/100\n|-heal|p1b: Snorlax|78/100|[from] ability: Hospitality|[of] p1a: Sinistcha\n|move|p2a: Kingambit|Sucker Punch|p1b: Snorlax\n|-damage|p1b: Snorlax|32/100\n|move|p1b: Snorlax|Earthquake|p2a: Kingambit|[spread] p1a,p2a,p2b\n|-resisted|p1a: Sinistcha|1\n|-supereffective|p2a: Kingambit|1\n|-damage|p1a: Sinistcha|65/100\n|-damage|p2a: Kingambit|0 fnt\n|-damage|p2b: Garchomp|4/100\n|faint|p2a: Kingambit\n|move|p2b: Garchomp|Rock Slide|p1a: Sinistcha|[spread] p1a,p1b\n|-damage|p1a: Sinistcha|47/100\n|-damage|p1b: Snorlax|12/100\n|\n|upkeep\n|\n|t:|1776442498\n|switch|p2a: Floette|Floette-Eternal, L50, F|100/100\n|turn|4\n|\n|t:|1776442504\n|detailschange|p2a: Floette|Floette-Mega, L50, F\n|-mega|p2a: Floette|Floette|Floettite\n|-ability|p2a: Floette|Fairy Aura\n|move|p2a: Floette|Protect|p2a: Floette\n|-singleturn|p2a: Floette|Protect\n|move|p1b: Snorlax|Earthquake|p2b: Garchomp|[spread] p1a,p2b\n|-activate|p2a: Floette|move: Protect\n|-resisted|p1a: Sinistcha|1\n|-damage|p1a: Sinistcha|7/100\n|-damage|p2b: Garchomp|0 fnt\n|faint|p2b: Garchomp\n|move|p1a: Sinistcha|Life Dew|p1a: Sinistcha|[spread] p1a,p1b\n|-heal|p1a: Sinistcha|33/100\n|-heal|p1b: Snorlax|37/100\n|\n|-sideend|p2: orangejuicenut|move: Tailwind\n|upkeep\n|\n|t:|1776442519\n|switch|p2b: Aerodactyl|Aerodactyl, L50, F|15/100\n|-ability|p2b: Aerodactyl|Unnerve\n|turn|5\n|\n|t:|1776442524\n|move|p1b: Snorlax|Body Slam|p2a: Floette\n|-damage|p2a: Floette|0 fnt\n|faint|p2a: Floette\n|move|p1a: Sinistcha|Life Dew|p1a: Sinistcha|[spread] p1a,p1b\n|-heal|p1a: Sinistcha|58/100\n|-heal|p1b: Snorlax|62/100\n|move|p2b: Aerodactyl|Rock Slide|p1b: Snorlax|[spread] p1a\n|-miss|p2b: Aerodactyl|p1b: Snorlax\n|-damage|p1a: Sinistcha|39/100\n|\n|-fieldend|move: Trick Room\n|upkeep\n|turn|6\n|\n|t:|1776442540\n|move|p1a: Sinistcha|Rage Powder|p1a: Sinistcha\n|-singleturn|p1a: Sinistcha|move: Rage Powder\n|move|p2b: Aerodactyl|Rock Slide|p1a: Sinistcha|[spread] p1a,p1b\n|-damage|p1a: Sinistcha|20/100\n|-damage|p1b: Snorlax|36/100\n|cant|p1b: Snorlax|flinch\n|\n|upkeep\n|turn|7\n|\n|t:|1776442550\n|move|p2b: Aerodactyl|Rock Slide|p1b: Snorlax|[spread] p1b\n|-miss|p2b: Aerodactyl|p1a: Sinistcha\n|-damage|p1b: Snorlax|14/100\n|move|p1a: Sinistcha|Life Dew|p1a: Sinistcha|[spread] p1a,p1b\n|-heal|p1a: Sinistcha|45/100\n|-heal|p1b: Snorlax|39/100\n|cant|p1b: Snorlax|flinch\n|\n|upkeep\n|turn|8\n|\n|t:|1776442559\n|move|p2b: Aerodactyl|Rock Slide|p1a: Sinistcha|[spread] p1a,p1b\n|-damage|p1a: Sinistcha|25/100\n|-damage|p1b: Snorlax|17/100\n|move|p1b: Snorlax|Body Slam|p2b: Aerodactyl\n|-resisted|p2b: Aerodactyl|1\n|-damage|p2b: Aerodactyl|0 fnt\n|faint|p2b: Aerodactyl\n|\n|win|647w\n|raw|647w's rating: 1219 &rarr; <strong>1244</strong><br />(+25 for winning)\n|raw|orangejuicenut's rating: 1216 &rarr; <strong>1191</strong><br />(-25 for losing)\n|l|\u2606orangejuicenut\n|player|p2|\n",
  "uploadtime": 1776442576,
  "views": 29,
  "formatid": "gen9championsvgc2026regma",
  "rating": 1191,
  "private": 0,
  "password": null
}