{
  "id": "gen9championsvgc2026regma-2586622168",
  "format": "[Gen 9 Champions] VGC 2026 Reg M-A",
  "players": [
    "ClickingTubb",
    "Johten"
  ],
  "log": "|j|\u2606ClickingTubb\n|j|\u2606Johten\n|t:|1776447509\n|gametype|doubles\n|player|p1|ClickingTubb|102|1189\n|player|p2|Johten|veteran|1182\n|gen|9\n|tier|[Gen 9 Champions] VGC 2026 Reg M-A\n|rated|\n|rule|Species Clause: Limit one of each Pok\u00e9mon\n|rule|Item Clause: Limit 1 of each item\n|clearpoke\n|poke|p1|Palafin, L50, F|\n|poke|p1|Pelipper, L50, M|\n|poke|p1|Meganium, L50, F|\n|poke|p1|Garchomp, L50, M|\n|poke|p1|Rotom-Wash, L50|\n|poke|p1|Incineroar, L50, M|\n|poke|p2|Golurk, L50|\n|poke|p2|Rotom-Heat, L50|\n|poke|p2|Whimsicott, L50, F|\n|poke|p2|Archaludon, L50, F|\n|poke|p2|Gallade, L50, M|\n|poke|p2|Mimikyu, L50, F|\n|teampreview|4\n|inactive|Battle timer is ON: inactive players will automatically lose when time's up. (requested by Johten)\n|inactive|ClickingTubb also wants the timer to be on.\n|inactive|ClickingTubb has 60 seconds left.\n|\n|t:|1776447563\n|teamsize|p1|4\n|teamsize|p2|4\n|start\n|switch|p1a: Palafin|Palafin, L50, F|100/100\n|switch|p1b: Rotom|Rotom-Wash, L50, shiny|100/100\n|switch|p2a: Rotom|Rotom-Heat, L50|100/100\n|switch|p2b: Whimsicott|Whimsicott, L50, F|100/100\n|turn|1\n|\n|t:|1776447581\n|move|p2b: Whimsicott|Protect|p2b: Whimsicott\n|-singleturn|p2b: Whimsicott|Protect\n|move|p1b: Rotom|Hydro Pump|p2a: Rotom\n|-supereffective|p2a: Rotom|1\n|-damage|p2a: Rotom|0 fnt\n|faint|p2a: Rotom\n|move|p1a: Palafin|Flip Turn|p2b: Whimsicott\n|-activate|p2b: Whimsicott|move: Protect\n|\n|upkeep\n|\n|t:|1776447593\n|switch|p2a: Mimikyu|Mimikyu, L50, F, shiny|100/100\n|turn|2\n|\n|t:|1776447603\n|switch|p1b: Incineroar|Incineroar, L50, M|100/100\n|-ability|p1b: Incineroar|Intimidate|boost\n|-unboost|p2a: Mimikyu|atk|1\n|-unboost|p2b: Whimsicott|atk|1\n|move|p2b: Whimsicott|Tailwind|p2b: Whimsicott\n|-sidestart|p2: Johten|move: Tailwind\n|move|p2a: Mimikyu|Will-O-Wisp|p1a: Palafin\n|-status|p1a: Palafin|brn\n|move|p1a: Palafin|Flip Turn|p2a: Mimikyu\n|-activate|p2a: Mimikyu|ability: Disguise\n|-damage|p2a: Mimikyu|100/100\n|detailschange|p2a: Mimikyu|Mimikyu-Busted, L50, F, shiny\n|-damage|p2a: Mimikyu|88/100|[from] pokemon: Mimikyu-Busted\n|\n|t:|1776447614\n|detailschange|p1a: Palafin|Palafin-Hero, L50, F\n|switch|p1a: Rotom|Rotom-Wash, L50, shiny|100/100|[from] Flip Turn\n|\n|upkeep\n|turn|3\n|\n|t:|1776447629\n|switch|p2a: Gallade|Gallade, L50, M|100/100\n|move|p1b: Incineroar|Fake Out|p2b: Whimsicott\n|-crit|p2b: Whimsicott\n|-damage|p2b: Whimsicott|81/100\n|cant|p2b: Whimsicott|flinch\n|move|p1a: Rotom|Shadow Ball|p2a: Gallade\n|-supereffective|p2a: Gallade|1\n|-damage|p2a: Gallade|58/100\n|\n|upkeep\n|turn|4\n|\n|t:|1776447647\n|move|p2b: Whimsicott|Beat Up|p2a: Gallade\n|-damage|p2a: Gallade|54/100\n|-ability|p2a: Gallade|Justified|boost\n|-boost|p2a: Gallade|atk|1\n|-damage|p2a: Gallade|52/100\n|-ability|p2a: Gallade|Justified|boost\n|-boost|p2a: Gallade|atk|1\n|-damage|p2a: Gallade|50/100\n|-ability|p2a: Gallade|Justified|boost\n|-boost|p2a: Gallade|atk|1\n|-hitcount|p2a: Gallade|3\n|move|p2a: Gallade|Drain Punch|p1b: Incineroar\n|-supereffective|p1b: Incineroar|1\n|-damage|p1b: Incineroar|0 fnt\n|-heal|p2a: Gallade|100/100|[from] drain|[of] p1b: Incineroar\n|faint|p1b: Incineroar\n|move|p1a: Rotom|Shadow Ball|p2a: Gallade\n|-supereffective|p2a: Gallade|1\n|-damage|p2a: Gallade|58/100\n|-unboost|p2a: Gallade|spd|1\n|\n|upkeep\n|\n|t:|1776447666\n|switch|p1b: Pelipper|Pelipper, L50, M|100/100\n|-weather|RainDance|[from] ability: Drizzle|[of] p1b: Pelipper\n|turn|5\n|\n|t:|1776447690\n|detailschange|p2a: Gallade|Gallade-Mega, L50, M\n|-mega|p2a: Gallade|Gallade|Galladite\n|move|p2a: Gallade|Drain Punch|p1b: Pelipper\n|-resisted|p1b: Pelipper|1\n|-damage|p1b: Pelipper|49/100\n|-heal|p2a: Gallade|85/100|[from] drain|[of] p1b: Pelipper\n|move|p2b: Whimsicott|Moonblast|p1b: Pelipper\n|-damage|p1b: Pelipper|0 fnt\n|faint|p1b: Pelipper\n|move|p1a: Rotom|Shadow Ball|p2a: Gallade\n|-supereffective|p2a: Gallade|1\n|-damage|p2a: Gallade|17/100\n|\n|-weather|RainDance|[upkeep]\n|-sideend|p2: Johten|move: Tailwind\n|upkeep\n|\n|t:|1776447700\n|switch|p1b: Palafin|Palafin-Hero, L50, F|100/100 brn\n|-activate|p1b: Palafin|ability: Zero to Hero\n|turn|6\n|\n|t:|1776447712\n|move|p2a: Gallade|Protect|p2a: Gallade\n|-singleturn|p2a: Gallade|Protect\n|move|p1b: Palafin|Jet Punch|p2a: Gallade\n|-activate|p2a: Gallade|move: Protect\n|move|p1a: Rotom|Shadow Ball|p2b: Whimsicott\n|-damage|p2b: Whimsicott|46/100\n|move|p2b: Whimsicott|Moonblast|p1a: Rotom\n|-damage|p1a: Rotom|49/100\n|\n|-weather|RainDance|[upkeep]\n|-damage|p1b: Palafin|95/100 brn|[from] brn\n|upkeep\n|turn|7\n|\n|t:|1776447726\n|switch|p2a: Mimikyu|Mimikyu-Busted, L50, F, shiny|88/100\n|move|p1b: Palafin|Jet Punch|p2a: Mimikyu\n|-damage|p2a: Mimikyu|49/100\n|move|p1a: Rotom|Shadow Ball|p2b: Whimsicott\n|-damage|p2b: Whimsicott|12/100\n|move|p2b: Whimsicott|Moonblast|p1a: Rotom\n|-damage|p1a: Rotom|4/100\n|-unboost|p1a: Rotom|spa|1\n|\n|-weather|RainDance|[upkeep]\n|-damage|p1b: Palafin|89/100 brn|[from] brn\n|upkeep\n|turn|8\n|\n|t:|1776447750\n|move|p1b: Palafin|Jet Punch|p2b: Whimsicott\n|-resisted|p2b: Whimsicott|1\n|-damage|p2b: Whimsicott|0 fnt\n|faint|p2b: Whimsicott\n|move|p1a: Rotom|Shadow Ball|p2a: Mimikyu\n|-supereffective|p2a: Mimikyu|1\n|-damage|p2a: Mimikyu|17/100\n|-unboost|p2a: Mimikyu|spd|1\n|move|p2a: Mimikyu|Drain Punch|p1a: Rotom\n|-damage|p1a: Rotom|0 fnt\n|-heal|p2a: Mimikyu|18/100|[from] drain|[of] p1a: Rotom\n|faint|p1a: Rotom\n|\n|-weather|RainDance|[upkeep]\n|-damage|p1b: Palafin|83/100 brn|[from] brn\n|upkeep\n|\n|t:|1776447764\n|switch|p2b: Gallade|Gallade-Mega, L50, M|17/100\n|turn|9\n|\n|t:|1776447770\n|move|p2a: Mimikyu|Protect|p2a: Mimikyu\n|-singleturn|p2a: Mimikyu|Protect\n|move|p1b: Palafin|Jet Punch|p2a: Mimikyu\n|-activate|p2a: Mimikyu|move: Protect\n|move|p2b: Gallade|Drain Punch|p1b: Palafin\n|-damage|p1b: Palafin|43/100 brn\n|-heal|p2b: Gallade|39/100|[from] drain|[of] p1b: Palafin\n|\n|-weather|none\n|-damage|p1b: Palafin|38/100 brn|[from] brn\n|upkeep\n|turn|10\n|\n|t:|1776447782\n|move|p1b: Palafin|Protect|p1b: Palafin\n|-singleturn|p1b: Palafin|Protect\n|move|p2b: Gallade|Drain Punch|p1b: Palafin\n|-activate|p1b: Palafin|move: Protect\n|move|p2a: Mimikyu|Drain Punch|p1b: Palafin\n|-activate|p1b: Palafin|move: Protect\n|\n|-damage|p1b: Palafin|32/100 brn|[from] brn\n|upkeep\n|turn|11\n|\n|t:|1776447797\n|move|p2b: Gallade|Protect|p2b: Gallade\n|-singleturn|p2b: Gallade|Protect\n|move|p2a: Mimikyu|Protect|p2a: Mimikyu\n|-singleturn|p2a: Mimikyu|Protect\n|move|p1b: Palafin|Wave Crash|p2b: Gallade\n|-activate|p2b: Gallade|move: Protect\n|\n|-damage|p1b: Palafin|26/100 brn|[from] brn\n|upkeep\n|turn|12\n|\n|t:|1776447809\n|move|p2b: Gallade|Drain Punch|p1b: Palafin\n|-damage|p1b: Palafin|0 fnt\n|-heal|p2b: Gallade|54/100|[from] drain|[of] p1b: Palafin\n|faint|p1b: Palafin\n|\n|win|Johten\n|raw|ClickingTubb's rating: 1189 &rarr; <strong>1163</strong><br />(-26 for losing)\n|raw|Johten's rating: 1182 &rarr; <strong>1208</strong><br />(+26 for winning)\n|l|\u2606ClickingTubb\n|player|p1|\n",
  "uploadtime": 1776447816,
  "views": 45,
  "formatid": "gen9championsvgc2026regma",
  "rating": 1163,
  "private": 0,
  "password": null
}