{
  "id": "gen9championsvgc2026regma-2583132884",
  "format": "[Gen 9 Champions] VGC 2026 Reg M-A",
  "players": [
    "playerrWon",
    "I\u2764\ufe0f\u5a1c\u7984Forever"
  ],
  "log": "|j|\u2606playerrWon\n|j|\u2606I\u2764\ufe0f\u5a1c\u7984Forever\n|t:|1776145976\n|gametype|doubles\n|player|p1|playerrWon|102|\n|player|p2|I\u2764\ufe0f\u5a1c\u7984Forever|youngcouple-gen4dp|\n|gen|9\n|tier|[Gen 9 Champions] VGC 2026 Reg M-A\n|rated|Tournament battle\n|rule|Species Clause: Limit one of each Pok\u00e9mon\n|rule|Item Clause: Limit 1 of each item\n|raw|<div class=\"infobox\"><details class=\"readmore\" open><summary><strong>1 custom rule:</strong></summary> Force Open Team Sheets</details></div>\n|clearpoke\n|poke|p1|Typhlosion-Hisui, L50, M|\n|poke|p1|Sneasler, L50, M|\n|poke|p1|Charizard, L50, F|\n|poke|p1|Whimsicott, L50, F|\n|poke|p1|Incineroar, L50, M|\n|poke|p1|Venusaur, L50, M|\n|poke|p2|Sylveon, L50, F|\n|poke|p2|Wyrdeer, L50, M|\n|poke|p2|Whimsicott, L50, M|\n|poke|p2|Archaludon, L50, M|\n|poke|p2|Blastoise, L50, F|\n|poke|p2|Aegislash, L50, M|\n|teampreview|4\n|showteam|p1|Typhlosion-Hisui||Charcoal|Blaze|Eruption,HeatWave,ShadowBall,Overheat|||M|||50|]Sneasler||WhiteHerb|Unburden|FakeOut,CloseCombat,DireClaw,Coaching|||M|||50|]Charizard||CharizarditeY|Blaze|Protect,AirSlash,HeatWave,SolarBeam|||F|||50|]Whimsicott||SitrusBerry|Prankster|FakeTears,SunnyDay,Tailwind,Moonblast|||F|||50|]Incineroar||Leftovers|Intimidate|FakeOut,FlareBlitz,Protect,PartingShot|||M|||50|]Venusaur||FocusSash|Chlorophyll|EnergyBall,SleepPowder,SludgeBomb,Protect|||M|||50|\n|showteam|p2|Sylveon||FairyFeather|Pixilate|HyperVoice,Protect,Psychic,QuickAttack|||F|||50|]Wyrdeer||SitrusBerry|Intimidate|Thunderbolt,EarthPower,Protect,Psychic|||M|||50|]Whimsicott||FocusSash|Prankster|Tailwind,TrickRoom,EnergyBall,Protect|||M|||50|]Archaludon||ChoiceScarf|Sturdy|DracoMeteor,IronHead,AuraSphere,Thunderbolt|||M|||50|]Blastoise||Blastoisinite|Torrent|WaterSpout,AuraSphere,DarkPulse,Protect|||F|||50|]Aegislash||Leftovers|StanceChange|IronHead,KingsShield,Substitute,Poltergeist|||M|||50|\nplayerrWon has agreed to open team sheets.\n|\n|t:|1776146002\n|teamsize|p1|4\n|teamsize|p2|4\n|start\n|switch|p1a: Charizard|Charizard, L50, F|100/100\n|switch|p1b: Whimsicott|Whimsicott, L50, F|100/100\n|switch|p2a: Whimsicott|Whimsicott, L50, M|100/100\n|switch|p2b: Blastoise|Blastoise, L50, F|100/100\n|turn|1\n|\n|t:|1776146024\n|detailschange|p1a: Charizard|Charizard-Mega-Y, L50, F\n|-mega|p1a: Charizard|Charizard|Charizardite Y\n|-weather|SunnyDay|[from] ability: Drought|[of] p1a: Charizard\n|detailschange|p2b: Blastoise|Blastoise-Mega, L50, F\n|-mega|p2b: Blastoise|Blastoise|Blastoisinite\n|move|p2b: Blastoise|Protect|p2b: Blastoise\n|-singleturn|p2b: Blastoise|Protect\n|move|p1b: Whimsicott|Tailwind|p1b: Whimsicott\n|-sidestart|p1: playerrWon|move: Tailwind\n|move|p1a: Charizard|Solar Beam||[still]\n|-prepare|p1a: Charizard|Solar Beam\n|-anim|p1a: Charizard|Solar Beam|p2b: Blastoise\n|-activate|p2b: Blastoise|move: Protect\n|move|p2a: Whimsicott|Trick Room|p2a: Whimsicott\n|-fieldstart|move: Trick Room|[of] p2a: Whimsicott\n|\n|-weather|SunnyDay|[upkeep]\n|upkeep\n|turn|2\n|\n|t:|1776146045\n|switch|p2a: Wyrdeer|Wyrdeer, L50, M|100/100\n|-ability|p2a: Wyrdeer|Intimidate|boost\n|-unboost|p1a: Charizard|atk|1\n|-unboost|p1b: Whimsicott|atk|1\n|move|p1a: Charizard|Protect|p1a: Charizard\n|-singleturn|p1a: Charizard|Protect\n|move|p2b: Blastoise|Water Spout|p1b: Whimsicott|[spread] p1b\n|-activate|p1a: Charizard|move: Protect\n|-resisted|p1b: Whimsicott|1\n|-damage|p1b: Whimsicott|81/100\n|move|p1b: Whimsicott|Moonblast|p2b: Blastoise\n|-damage|p2b: Blastoise|79/100\n|\n|-weather|SunnyDay|[upkeep]\n|upkeep\n|turn|3\n|\n|t:|1776146086\n|switch|p1a: Venusaur|Venusaur, L50, M|100/100\n|move|p1b: Whimsicott|Fake Tears|p2b: Blastoise\n|-unboost|p2b: Blastoise|spd|2\n|move|p2a: Wyrdeer|Thunderbolt|p1a: Venusaur\n|-resisted|p1a: Venusaur|1\n|-damage|p1a: Venusaur|83/100\n|move|p2b: Blastoise|Water Spout|p1a: Venusaur|[spread] p1a,p1b\n|-resisted|p1a: Venusaur|1\n|-resisted|p1b: Whimsicott|1\n|-damage|p1a: Venusaur|70/100\n|-damage|p1b: Whimsicott|64/100\n|\n|-weather|SunnyDay|[upkeep]\n|upkeep\n|turn|4\n|\n|t:|1776146130\n|move|p1a: Venusaur|Protect|p1a: Venusaur\n|-singleturn|p1a: Venusaur|Protect\n|move|p2a: Wyrdeer|Psychic|p1b: Whimsicott\n|-damage|p1b: Whimsicott|9/100\n|-enditem|p1b: Whimsicott|Sitrus Berry|[eat]\n|-heal|p1b: Whimsicott|34/100|[from] item: Sitrus Berry\n|move|p2b: Blastoise|Dark Pulse|p1b: Whimsicott\n|-resisted|p1b: Whimsicott|1\n|-damage|p1b: Whimsicott|3/100\n|move|p1b: Whimsicott|Moonblast|p2b: Blastoise\n|-damage|p2b: Blastoise|37/100\n|\n|-weather|SunnyDay|[upkeep]\n|-sideend|p1: playerrWon|move: Tailwind\n|upkeep\n|turn|5\n|\n|t:|1776146177\n|move|p1b: Whimsicott|Fake Tears|p2a: Wyrdeer\n|-unboost|p2a: Wyrdeer|spd|2\n|move|p2a: Wyrdeer|Psychic|p1a: Venusaur\n|-supereffective|p1a: Venusaur|1\n|-damage|p1a: Venusaur|0 fnt\n|faint|p1a: Venusaur\n|move|p2b: Blastoise|Water Spout|p1b: Whimsicott\n|-resisted|p1b: Whimsicott|1\n|-damage|p1b: Whimsicott|0 fnt\n|faint|p1b: Whimsicott\n|\n|-weather|none\n|-fieldend|move: Trick Room\n|upkeep\n|\n|t:|1776146188\n|switch|p1b: Sneasler|Sneasler, L50, M|100/100\n|switch|p1a: Charizard|Charizard-Mega-Y, L50, F|100/100\n|-weather|SunnyDay|[from] ability: Drought|[of] p1a: Charizard\n|turn|6\n|j| AgencyScientist007\n|\n|t:|1776146203\n|move|p2b: Blastoise|Protect|p2b: Blastoise\n|-singleturn|p2b: Blastoise|Protect\n|move|p2a: Wyrdeer|Protect|p2a: Wyrdeer\n|-singleturn|p2a: Wyrdeer|Protect\n|move|p1b: Sneasler|Fake Out|p2a: Wyrdeer\n|-activate|p2a: Wyrdeer|move: Protect\n|move|p1a: Charizard|Solar Beam||[still]\n|-prepare|p1a: Charizard|Solar Beam\n|-anim|p1a: Charizard|Solar Beam|p2b: Blastoise\n|-activate|p2b: Blastoise|move: Protect\n|\n|-weather|SunnyDay|[upkeep]\n|upkeep\n|turn|7\n|\n|t:|1776146226\n|switch|p2a: Whimsicott|Whimsicott, L50, M|100/100\n|move|p1b: Sneasler|Coaching|p1a: Charizard\n|-boost|p1a: Charizard|atk|1\n|-boost|p1a: Charizard|def|1\n|move|p1a: Charizard|Solar Beam||[still]\n|-prepare|p1a: Charizard|Solar Beam\n|-anim|p1a: Charizard|Solar Beam|p2b: Blastoise\n|-supereffective|p2b: Blastoise|1\n|-damage|p2b: Blastoise|0 fnt\n|faint|p2b: Blastoise\n|\n|-weather|SunnyDay|[upkeep]\n|upkeep\n|\n|t:|1776146241\n|switch|p2b: Archaludon|Archaludon, L50, M|100/100\n|turn|8\n|\n|t:|1776146257\n|move|p2b: Archaludon|Draco Meteor|p1a: Charizard\n|-damage|p1a: Charizard|29/100\n|-unboost|p2b: Archaludon|spa|2\n|move|p1b: Sneasler|Dire Claw|p2a: Whimsicott\n|-supereffective|p2a: Whimsicott|2\n|-enditem|p2a: Whimsicott|Focus Sash\n|-damage|p2a: Whimsicott|1/100\n|-status|p2a: Whimsicott|psn\n|move|p1a: Charizard|Heat Wave|p2a: Whimsicott|[spread] p2a,p2b\n|-supereffective|p2a: Whimsicott|1\n|-damage|p2a: Whimsicott|0 fnt\n|-ability|p2b: Archaludon|Sturdy\n|-damage|p2b: Archaludon|1/100\n|faint|p2a: Whimsicott\n|\n|-weather|SunnyDay|[upkeep]\n|upkeep\n|\n|t:|1776146269\n|switch|p2a: Wyrdeer|Wyrdeer, L50, M|100/100\n|-ability|p2a: Wyrdeer|Intimidate|boost\n|-unboost|p1a: Charizard|atk|1\n|-unboost|p1b: Sneasler|atk|1\n|-enditem|p1b: Sneasler|White Herb\n|-clearnegativeboost|p1b: Sneasler|[silent]\n|turn|9\n|\n|t:|1776146284\n|move|p1a: Charizard|Protect|p1a: Charizard\n|-singleturn|p1a: Charizard|Protect\n|move|p1b: Sneasler|Dire Claw|p2b: Archaludon\n|-immune|p2b: Archaludon\n|move|p2b: Archaludon|Draco Meteor|p1a: Charizard\n|-activate|p1a: Charizard|move: Protect\n|move|p2a: Wyrdeer|Psychic|p1b: Sneasler\n|-supereffective|p1b: Sneasler|2\n|-damage|p1b: Sneasler|0 fnt\n|faint|p1b: Sneasler\n|\n|-weather|SunnyDay|[upkeep]\n|upkeep\n|turn|10\n|\n|t:|1776146300\n|move|p2b: Archaludon|Draco Meteor|p1a: Charizard\n|-damage|p1a: Charizard|0 fnt\n|-unboost|p2b: Archaludon|spa|2\n|faint|p1a: Charizard\n|\n|win|I\u2764\ufe0f\u5a1c\u7984Forever\n|n|\u2606playerrWon|playerrwon\n|n|\u2606I\u2764\ufe0f\u5a1c\u7984Forever|iforever\n|n| AgencyScientist007|agencyscientist007\n|c|\u2606I\u2764\ufe0f\u5a1c\u7984Forever|\uff1f\n|c|\u2606playerrWon|ggs\n",
  "uploadtime": 1776146313,
  "views": 22,
  "formatid": "gen9championsvgc2026regma",
  "rating": null,
  "private": 0,
  "password": null
}