{
  "id": "gen9championsvgc2026regma-2587139307",
  "format": "[Gen 9 Champions] VGC 2026 Reg M-A",
  "players": [
    "gworf",
    "JAY1983"
  ],
  "log": "|j|\u2606gworf\n|j|\u2606JAY1983\n|t:|1776499122\n|gametype|doubles\n|player|p1|gworf|cynthia|1115\n|player|p2|JAY1983|dawn|1168\n|gen|9\n|tier|[Gen 9 Champions] VGC 2026 Reg M-A\n|rated|\n|rule|Species Clause: Limit one of each Pok\u00e9mon\n|rule|Item Clause: Limit 1 of each item\n|clearpoke\n|poke|p1|Ninetales, L50, F|\n|poke|p1|Floette-Eternal, L50, F|\n|poke|p1|Venusaur, L50, F|\n|poke|p1|Aerodactyl, L50, M|\n|poke|p1|Dragonite, L50, M|\n|poke|p1|Garchomp, L50, F|\n|poke|p2|Charizard, L50, M|\n|poke|p2|Venusaur, L50, M, shiny|\n|poke|p2|Sneasler, L50, F|\n|poke|p2|Archaludon, L50, M|\n|poke|p2|Milotic, L50, F|\n|poke|p2|Whimsicott, L50, M|\n|teampreview|4\n|inactive|Battle timer is ON: inactive players will automatically lose when time's up. (requested by gworf)\n|inactive|JAY1983 has 60 seconds left.\n|\n|t:|1776499160\n|teamsize|p1|4\n|teamsize|p2|4\n|start\n|switch|p1a: Aerodactyl|Aerodactyl, L50, M|100/100\n|switch|p1b: Garchomp|Garchomp, L50, F|100/100\n|switch|p2a: Sneasler|Sneasler, L50, F|100/100\n|switch|p2b: Archaludon|Archaludon, L50, M|100/100\n|-ability|p1a: Aerodactyl|Unnerve\n|turn|1\n|l|\u2606gworf\n|inactive|gworf disconnected and has a minute to reconnect!\n|player|p1|\n|j|\u2606gworf\n|inactive|gworf reconnected and has 45 seconds left.\n|player|p1|gworf|cynthia|\n|\n|t:|1776499181\n|move|p2a: Sneasler|Fake Out|p1a: Aerodactyl\n|-resisted|p1a: Aerodactyl|1\n|-damage|p1a: Aerodactyl|90/100\n|move|p2b: Archaludon|Draco Meteor|p1b: Garchomp\n|-supereffective|p1b: Garchomp|1\n|-damage|p1b: Garchomp|0 fnt\n|-unboost|p2b: Archaludon|spa|2\n|faint|p1b: Garchomp\n|cant|p1a: Aerodactyl|flinch\n|\n|upkeep\n|inactive|gworf has 30 seconds left.\n|inactive|gworf has 20 seconds left.\n|inactive|gworf has 15 seconds left.\n|\n|t:|1776499221\n|switch|p1b: Floette|Floette-Eternal, L50, F|100/100\n|turn|2\n|c|\u2606gworf|how did archalufon just outspeed choice scarf garchomp?\n|inactive|gworf has 30 seconds left.\n|inactive|gworf has 20 seconds left.\n|inactive|JAY1983 has 30 seconds left.\n|\n|t:|1776499261\n|switch|p2a: Milotic|Milotic, L50, F|100/100\n|detailschange|p1b: Floette|Floette-Mega, L50, F\n|-mega|p1b: Floette|Floette|Floettite\n|-ability|p1b: Floette|Fairy Aura\n|move|p1b: Floette|Protect|p1b: Floette\n|-singleturn|p1b: Floette|Protect\n|move|p2b: Archaludon|Draco Meteor|p1a: Aerodactyl\n|-crit|p1a: Aerodactyl\n|-damage|p1a: Aerodactyl|0 fnt\n|-unboost|p2b: Archaludon|spa|2\n|faint|p1a: Aerodactyl\n|\n|upkeep\n|inactive|gworf has 30 seconds left.\n|\n|t:|1776499288\n|switch|p1a: Dragonite|Dragonite, L50, M|100/100\n|turn|3\n|\n|t:|1776499306\n|switch|p2b: Sneasler|Sneasler, L50, F|100/100\n|move|p1a: Dragonite|Protect|p1a: Dragonite\n|-singleturn|p1a: Dragonite|Protect\n|move|p1b: Floette|Dazzling Gleam|p2b: Sneasler|[spread] p2a,p2b\n|-damage|p2a: Milotic|72/100\n|-damage|p2b: Sneasler|34/100\n|move|p2a: Milotic|Icy Wind|p1b: Floette|[spread] p1b\n|-activate|p1a: Dragonite|move: Protect\n|-damage|p1b: Floette|92/100\n|-unboost|p1b: Floette|spe|1\n|\n|-heal|p2a: Milotic|78/100|[from] item: Leftovers\n|upkeep\n|turn|4\n|\n|t:|1776499328\n|move|p1a: Dragonite|Extreme Speed|p2b: Sneasler\n|-damage|p2b: Sneasler|0 fnt\n|faint|p2b: Sneasler\n|move|p2a: Milotic|Icy Wind|p1a: Dragonite|[spread] p1a,p1b\n|-supereffective|p1a: Dragonite|2\n|-damage|p1a: Dragonite|60/100\n|-damage|p1b: Floette|84/100\n|-unboost|p1a: Dragonite|spe|1\n|-unboost|p1b: Floette|spe|1\n|move|p1b: Floette|Moonblast|p2a: Milotic\n|-damage|p2a: Milotic|35/100\n|\n|-heal|p2a: Milotic|41/100|[from] item: Leftovers\n|upkeep\n|\n|t:|1776499343\n|switch|p2b: Archaludon|Archaludon, L50, M|100/100\n|turn|5\n|\n|t:|1776499355\n|move|p2a: Milotic|Protect|p2a: Milotic\n|-singleturn|p2a: Milotic|Protect\n|move|p1b: Floette|Protect|p1b: Floette\n|-singleturn|p1b: Floette|Protect\n|move|p2b: Archaludon|Flash Cannon|p1b: Floette\n|-activate|p1b: Floette|move: Protect\n|move|p1a: Dragonite|Low Kick|p2b: Archaludon\n|-supereffective|p2b: Archaludon|1\n|-damage|p2b: Archaludon|46/100\n|\n|-heal|p2a: Milotic|47/100|[from] item: Leftovers\n|upkeep\n|turn|6\n|\n|t:|1776499368\n|move|p1b: Floette|Protect||[still]\n|-fail|p1b: Floette\n|move|p2b: Archaludon|Flash Cannon|p1b: Floette\n|-supereffective|p1b: Floette|1\n|-damage|p1b: Floette|26/100\n|move|p2a: Milotic|Life Dew|p2a: Milotic|[spread] p2a,p2b\n|-heal|p2a: Milotic|72/100\n|-heal|p2b: Archaludon|71/100\n|move|p1a: Dragonite|Low Kick|p2b: Archaludon\n|-supereffective|p2b: Archaludon|1\n|-damage|p2b: Archaludon|11/100\n|\n|-heal|p2a: Milotic|78/100|[from] item: Leftovers\n|upkeep\n|turn|7\n|inactive|gworf has 30 seconds left.\n|inactive|gworf has 20 seconds left.\n|\n|t:|1776499406\n|move|p1b: Floette|Protect|p1b: Floette\n|-singleturn|p1b: Floette|Protect\n|move|p1a: Dragonite|Extreme Speed|p2b: Archaludon\n|-resisted|p2b: Archaludon|1\n|-damage|p2b: Archaludon|0 fnt\n|faint|p2b: Archaludon\n|move|p2a: Milotic|Icy Wind|p1b: Floette|[spread] p1a\n|-activate|p1b: Floette|move: Protect\n|-supereffective|p1a: Dragonite|2\n|-damage|p1a: Dragonite|24/100\n|-unboost|p1a: Dragonite|spe|1\n|\n|-heal|p2a: Milotic|84/100|[from] item: Leftovers\n|upkeep\n|\n|t:|1776499422\n|switch|p2b: Whimsicott|Whimsicott, L50, M|100/100\n|turn|8\n|inactive|JAY1983 has 30 seconds left.\n|inactive|JAY1983 has 20 seconds left.\n|inactive|JAY1983 has 15 seconds left.\n|inactive|JAY1983 has 10 seconds left.\n|inactive|JAY1983 has 5 seconds left.\n|\n|t:|1776499473\n|move|p1a: Dragonite|Extreme Speed|p2b: Whimsicott\n|-damage|p2b: Whimsicott|52/100\n|move|p2b: Whimsicott|Tailwind|p2b: Whimsicott\n|-sidestart|p2: JAY1983|move: Tailwind\n|move|p2a: Milotic|Icy Wind|p1a: Dragonite|[spread] p1a,p1b\n|-supereffective|p1a: Dragonite|2\n|-damage|p1a: Dragonite|0 fnt\n|-damage|p1b: Floette|18/100\n|-unboost|p1b: Floette|spe|1\n|faint|p1a: Dragonite\n|move|p1b: Floette|Dazzling Gleam|p2b: Whimsicott|[spread] p2a,p2b\n|-damage|p2a: Milotic|58/100\n|-damage|p2b: Whimsicott|0 fnt\n|faint|p2b: Whimsicott\n|\n|-heal|p2a: Milotic|64/100|[from] item: Leftovers\n|upkeep\n|turn|9\n|\n|t:|1776499492\n|move|p2a: Milotic|Protect|p2a: Milotic\n|-singleturn|p2a: Milotic|Protect\n|move|p1b: Floette|Moonblast|p2a: Milotic\n|-activate|p2a: Milotic|move: Protect\n|\n|-heal|p2a: Milotic|70/100|[from] item: Leftovers\n|upkeep\n|turn|10\n|\n|t:|1776499505\n|move|p2a: Milotic|Scald|p1b: Floette\n|-damage|p1b: Floette|0 fnt\n|faint|p1b: Floette\n|\n|win|JAY1983\n|raw|gworf's rating: 1115 &rarr; <strong>1094</strong><br />(-21 for losing)\n|raw|JAY1983's rating: 1168 &rarr; <strong>1189</strong><br />(+21 for winning)\n|l|\u2606JAY1983\n|player|p2|\n",
  "uploadtime": 1776499523,
  "views": 25,
  "formatid": "gen9championsvgc2026regma",
  "rating": 1094,
  "private": 0,
  "password": null
}