{
  "id": "gen9championsvgc2026regma-2587403617",
  "format": "[Gen 9 Champions] VGC 2026 Reg M-A",
  "players": [
    "zeranogamer147",
    "Edward-xyc"
  ],
  "log": "|j|\u2606zeranogamer147\n|j|\u2606Edward-xyc\n|t:|1776528951\n|gametype|doubles\n|player|p1|zeranogamer147|benga|1464\n|player|p2|Edward-xyc|1|1591\n|gen|9\n|tier|[Gen 9 Champions] VGC 2026 Reg M-A\n|rated|\n|rule|Species Clause: Limit one of each Pok\u00e9mon\n|rule|Item Clause: Limit 1 of each item\n|clearpoke\n|poke|p1|Charizard, L50, F|\n|poke|p1|Venusaur, L50, F|\n|poke|p1|Garchomp, L50, M|\n|poke|p1|Gardevoir, L50, F|\n|poke|p1|Milotic, L50, M|\n|poke|p1|Incineroar, L50, F|\n|poke|p2|Gengar, L50, F|\n|poke|p2|Kommo-o, L50, M|\n|poke|p2|Incineroar, L50, M|\n|poke|p2|Sinistcha, L50|\n|poke|p2|Azumarill, L50, M|\n|poke|p2|Kangaskhan, L50, F|\n|teampreview|4\n|inactive|Battle timer is ON: inactive players will automatically lose when time's up. (requested by Edward-xyc)\n|\n|t:|1776528972\n|teamsize|p1|4\n|teamsize|p2|4\n|start\n|switch|p1a: Charizard|Charizard, L50, F|100/100\n|switch|p1b: Gardevoir|Gardevoir, L50, F|100/100\n|switch|p2a: Sinistcha|Sinistcha, L50|100/100\n|switch|p2b: Kangaskhan|Kangaskhan, L50, F|100/100\n|-ability|p1b: Gardevoir|Hospitality|Trace|[from] ability: Trace|[of] p2a: Sinistcha\n|turn|1\n|\n|t:|1776528988\n|detailschange|p2b: Kangaskhan|Kangaskhan-Mega, L50, F\n|-mega|p2b: Kangaskhan|Kangaskhan|Kangaskhanite\n|move|p1a: Charizard|Protect|p1a: Charizard\n|-singleturn|p1a: Charizard|Protect\n|move|p2b: Kangaskhan|Fake Out|p1a: Charizard\n|-activate|p1a: Charizard|move: Protect\n|move|p1b: Gardevoir|Moonblast|p2a: Sinistcha\n|-damage|p2a: Sinistcha|56/100\n|move|p2a: Sinistcha|Trick Room|p2a: Sinistcha\n|-fieldstart|move: Trick Room|[of] p2a: Sinistcha\n|\n|upkeep\n|turn|2\n|\n|t:|1776529002\n|detailschange|p1a: Charizard|Charizard-Mega-Y, L50, F\n|-mega|p1a: Charizard|Charizard|Charizardite Y\n|-weather|SunnyDay|[from] ability: Drought|[of] p1a: Charizard\n|move|p2a: Sinistcha|Matcha Gotcha|p1b: Gardevoir|[spread] p1a,p1b\n|-resisted|p1a: Charizard|2\n|-damage|p1a: Charizard|94/100\n|-heal|p2a: Sinistcha|59/100|[from] drain|[of] p1a: Charizard\n|-damage|p1b: Gardevoir|71/100\n|-heal|p2a: Sinistcha|71/100|[from] drain|[of] p1b: Gardevoir\n|move|p2b: Kangaskhan|Double-Edge|p1a: Charizard\n|-damage|p1a: Charizard|5/100\n|-damage|p1a: Charizard|0 fnt\n|faint|p1a: Charizard\n|-hitcount|p1: Charizard|2\n|-damage|p2b: Kangaskhan|78/100|[from] Recoil\n|move|p1b: Gardevoir|Moonblast|p2a: Sinistcha\n|-damage|p2a: Sinistcha|27/100\n|-unboost|p2a: Sinistcha|spa|1\n|-enditem|p2a: Sinistcha|Sitrus Berry|[eat]\n|-heal|p2a: Sinistcha|52/100|[from] item: Sitrus Berry\n|\n|-weather|SunnyDay|[upkeep]\n|upkeep\n|\n|t:|1776529025\n|switch|p1a: Milotic|Milotic, L50, M|100/100\n|turn|3\n|\n|t:|1776529043\n|move|p2a: Sinistcha|Matcha Gotcha|p1a: Milotic|[spread] p1a,p1b\n|-supereffective|p1a: Milotic|1\n|-damage|p1a: Milotic|77/100\n|-heal|p2a: Sinistcha|66/100|[from] drain|[of] p1a: Milotic\n|-damage|p1b: Gardevoir|50/100\n|-heal|p2a: Sinistcha|74/100|[from] drain|[of] p1b: Gardevoir\n|move|p1a: Milotic|Ice Beam|p2a: Sinistcha\n|-supereffective|p2a: Sinistcha|1\n|-damage|p2a: Sinistcha|30/100\n|move|p2b: Kangaskhan|Double-Edge|p1b: Gardevoir\n|-damage|p1b: Gardevoir|0 fnt\n|faint|p1b: Gardevoir\n|-hitcount|p1: Gardevoir|1\n|-damage|p2b: Kangaskhan|67/100|[from] Recoil\n|\n|-weather|SunnyDay|[upkeep]\n|-heal|p1a: Milotic|83/100|[from] item: Leftovers\n|upkeep\n|\n|t:|1776529048\n|switch|p1b: Venusaur|Venusaur, L50, F|100/100\n|turn|4\n|\n|t:|1776529062\n|move|p1b: Venusaur|Protect|p1b: Venusaur\n|-singleturn|p1b: Venusaur|Protect\n|move|p2a: Sinistcha|Matcha Gotcha|p1a: Milotic|[spread] p1a\n|-activate|p1b: Venusaur|move: Protect\n|-supereffective|p1a: Milotic|1\n|-damage|p1a: Milotic|55/100\n|-heal|p2a: Sinistcha|46/100|[from] drain|[of] p1a: Milotic\n|move|p1a: Milotic|Ice Beam|p2a: Sinistcha\n|-supereffective|p2a: Sinistcha|1\n|-damage|p2a: Sinistcha|0 fnt\n|faint|p2a: Sinistcha\n|move|p2b: Kangaskhan|Double-Edge|p1b: Venusaur\n|-activate|p1b: Venusaur|move: Protect\n|\n|-weather|SunnyDay|[upkeep]\n|-heal|p1a: Milotic|61/100|[from] item: Leftovers\n|upkeep\n|\n|t:|1776529078\n|switch|p2a: Azumarill|Azumarill, L50, M|100/100\n|turn|5\n|\n|t:|1776529086\n|move|p2a: Azumarill|Play Rough|p1a: Milotic\n|-damage|p1a: Milotic|7/100\n|move|p1a: Milotic|Ice Beam|p2b: Kangaskhan\n|-crit|p2b: Kangaskhan\n|-damage|p2b: Kangaskhan|38/100\n|move|p2b: Kangaskhan|Double-Edge|p1b: Venusaur\n|-damage|p1b: Venusaur|13/100\n|-damage|p1b: Venusaur|0 fnt\n|faint|p1b: Venusaur\n|-hitcount|p1: Venusaur|2\n|-damage|p2b: Kangaskhan|14/100|[from] Recoil\n|\n|-weather|SunnyDay|[upkeep]\n|-heal|p1a: Milotic|13/100|[from] item: Leftovers\n|-fieldend|move: Trick Room\n|upkeep\n|turn|6\n|\n|t:|1776529104\n|move|p2b: Kangaskhan|Sucker Punch||[still]\n|-fail|p2b: Kangaskhan\n|move|p1a: Milotic|Recover|p1a: Milotic\n|-heal|p1a: Milotic|63/100\n|move|p2a: Azumarill|Liquidation|p1a: Milotic\n|-resisted|p1a: Milotic|1\n|-damage|p1a: Milotic|50/100\n|\n|-weather|none\n|-heal|p1a: Milotic|55/100|[from] item: Leftovers\n|upkeep\n|turn|7\n|inactive|Edward-xyc has 30 seconds left.\n|\n|t:|1776529139\n|move|p1a: Milotic|Protect|p1a: Milotic\n|-singleturn|p1a: Milotic|Protect\n|move|p2a: Azumarill|Aqua Jet|p1a: Milotic\n|-activate|p1a: Milotic|move: Protect\n|move|p2b: Kangaskhan|Double-Edge|p1a: Milotic\n|-activate|p1a: Milotic|move: Protect\n|\n|-heal|p1a: Milotic|61/100|[from] item: Leftovers\n|upkeep\n|turn|8\n|inactive|zeranogamer147 has 30 seconds left.\n|inactive|zeranogamer147 has 20 seconds left.\n|\n|t:|1776529176\n|move|p2a: Azumarill|Aqua Jet|p1a: Milotic\n|-resisted|p1a: Milotic|1\n|-damage|p1a: Milotic|49/100\n|move|p2b: Kangaskhan|Double-Edge|p1a: Milotic\n|-damage|p1a: Milotic|0 fnt\n|faint|p1a: Milotic\n|-hitcount|p1: Milotic|1\n|-damage|p2b: Kangaskhan|0 fnt|[from] Recoil\n|faint|p2b: Kangaskhan\n|\n|win|Edward-xyc\n|raw|zeranogamer147's rating: 1464 &rarr; <strong>1451</strong><br />(-13 for losing)\n|raw|Edward-xyc's rating: 1591 &rarr; <strong>1604</strong><br />(+13 for winning)\n|l|\u2606zeranogamer147\n|player|p1|\n",
  "uploadtime": 1776529202,
  "views": 22,
  "formatid": "gen9championsvgc2026regma",
  "rating": 1451,
  "private": 0,
  "password": null
}