{
  "id": "gen9championsvgc2026regma-2586176354",
  "format": "[Gen 9 Champions] VGC 2026 Reg M-A",
  "players": [
    "longtimecarp4",
    "huchuachua"
  ],
  "log": "|j|\u2606longtimecarp4\n|j|\u2606huchuachua\n|t:|1776408703\n|gametype|doubles\n|player|p1|longtimecarp4|169|1140\n|player|p2|huchuachua|265|1219\n|gen|9\n|tier|[Gen 9 Champions] VGC 2026 Reg M-A\n|rated|\n|rule|Species Clause: Limit one of each Pok\u00e9mon\n|rule|Item Clause: Limit 1 of each item\n|clearpoke\n|poke|p1|Scizor, L50, F|\n|poke|p1|Pelipper, L50, M|\n|poke|p1|Basculegion, L50, M|\n|poke|p1|Sableye, L50, F|\n|poke|p1|Sneasler, L50, F|\n|poke|p1|Incineroar, L50, F|\n|poke|p2|Kingambit, L50, M|\n|poke|p2|Gardevoir, L50, M|\n|poke|p2|Aerodactyl, L50, F|\n|poke|p2|Maushold, L50|\n|poke|p2|Incineroar, L50, M|\n|poke|p2|Sneasler, L50, M|\n|teampreview|4\n|\n|t:|1776408742\n|teamsize|p1|4\n|teamsize|p2|4\n|start\n|switch|p1a: Scizor|Scizor, L50, F|100/100\n|switch|p1b: Sableye|Sableye, L50, F|100/100\n|switch|p2a: Gardevoir|Gardevoir, L50, M|100/100\n|switch|p2b: Maushold|Maushold, L50|100/100\n|-ability|p2a: Gardevoir|Technician|Trace|[from] ability: Trace|[of] p1a: Scizor\n|turn|1\n|\n|t:|1776408757\n|move|p2a: Gardevoir|Protect|p2a: Gardevoir\n|-singleturn|p2a: Gardevoir|Protect\n|move|p1b: Sableye|Light Screen|p1b: Sableye\n|-sidestart|p1: longtimecarp4|move: Light Screen\n|move|p2b: Maushold|Super Fang|p1a: Scizor\n|-damage|p1a: Scizor|51/100\n|move|p1a: Scizor|Swords Dance|p1a: Scizor\n|-boost|p1a: Scizor|atk|2\n|\n|upkeep\n|turn|2\n|\n|t:|1776408828\n|switch|p2a: Incineroar|Incineroar, L50, M|100/100\n|-ability|p2a: Incineroar|Intimidate|boost\n|-unboost|p1a: Scizor|atk|1\n|-unboost|p1b: Sableye|atk|1\n|switch|p1b: Incineroar|Incineroar, L50, F|100/100\n|-ability|p1b: Incineroar|Intimidate|boost\n|-unboost|p2a: Incineroar|atk|1\n|-unboost|p2b: Maushold|atk|1\n|detailschange|p1a: Scizor|Scizor-Mega, L50, F\n|-mega|p1a: Scizor|Scizor|Scizorite\n|move|p1a: Scizor|Bullet Punch|p2a: Incineroar\n|-resisted|p2a: Incineroar|1\n|-damage|p2a: Incineroar|86/100\n|move|p2b: Maushold|Taunt|p1a: Scizor\n|-start|p1a: Scizor|move: Taunt\n|\n|upkeep\n|turn|3\n|\n|t:|1776408854\n|move|p1b: Incineroar|Fake Out|p2a: Incineroar\n|-damage|p2a: Incineroar|80/100\n|move|p2b: Maushold|Super Fang|p1a: Scizor\n|-damage|p1a: Scizor|26/100\n|move|p1a: Scizor|Bug Bite|p2b: Maushold\n|-damage|p2b: Maushold|23/100\n|-enditem|p2b: Maushold|Chople Berry|[from] stealeat|[move] Bug Bite|[of] p1a: Scizor\n|cant|p2a: Incineroar|flinch\n|\n|upkeep\n|turn|4\n|\n|t:|1776408895\n|move|p2b: Maushold|Super Fang|p1b: Incineroar\n|-damage|p1b: Incineroar|50/100\n|move|p1a: Scizor|Bug Bite|p2a: Incineroar\n|-damage|p2a: Incineroar|30/100\n|-enditem|p2a: Incineroar|Sitrus Berry|[from] stealeat|[move] Bug Bite|[of] p1a: Scizor\n|-heal|p1a: Scizor|51/100|[from] item: Sitrus Berry\n|move|p2a: Incineroar|Parting Shot|p1a: Scizor\n|-unboost|p1a: Scizor|atk|1\n|-unboost|p1a: Scizor|spa|1\n|\n|t:|1776408905\n|switch|p2a: Gardevoir|Gardevoir, L50, M|100/100|[from] Parting Shot\n|-ability|p2a: Gardevoir|Intimidate|Trace|[from] ability: Trace|[of] p1b: Incineroar\n|-ability|p2a: Gardevoir|Intimidate|boost\n|-unboost|p1a: Scizor|atk|1\n|-unboost|p1b: Incineroar|atk|1\n|move|p1b: Incineroar|Flare Blitz|p2b: Maushold\n|-damage|p2b: Maushold|0 fnt\n|faint|p2b: Maushold\n|-damage|p1b: Incineroar|44/100|[from] Recoil\n|\n|upkeep\n|\n|t:|1776408917\n|switch|p2b: Incineroar|Incineroar, L50, M|30/100\n|-ability|p2b: Incineroar|Intimidate|boost\n|-unboost|p1a: Scizor|atk|1\n|-unboost|p1b: Incineroar|atk|1\n|turn|5\n|\n|t:|1776408941\n|switch|p1a: Sableye|Sableye, L50, F|100/100\n|detailschange|p2a: Gardevoir|Gardevoir-Mega, L50, M\n|-mega|p2a: Gardevoir|Gardevoir|Gardevoirite\n|move|p2b: Incineroar|Fake Out|p1a: Sableye\n|-immune|p1a: Sableye\n|move|p2a: Gardevoir|Hyper Voice|p1a: Sableye|[spread] p1a,p1b\n|-supereffective|p1a: Sableye|1\n|-crit|p1a: Sableye\n|-enditem|p1a: Sableye|Roseli Berry|[eat]\n|-enditem|p1a: Sableye|Roseli Berry|[weaken]\n|-damage|p1a: Sableye|16/100\n|-damage|p1b: Incineroar|16/100\n|move|p1b: Incineroar|Parting Shot|p2a: Gardevoir\n|-unboost|p2a: Gardevoir|atk|1\n|-unboost|p2a: Gardevoir|spa|1\n|\n|t:|1776408968\n|switch|p1b: Sneasler|Sneasler, L50, F|100/100|[from] Parting Shot\n|\n|-sideend|p1: longtimecarp4|move: Light Screen\n|upkeep\n|turn|6\n|\n|t:|1776408980\n|move|p2a: Gardevoir|Protect|p2a: Gardevoir\n|-singleturn|p2a: Gardevoir|Protect\n|move|p1a: Sableye|Light Screen|p1a: Sableye\n|-sidestart|p1: longtimecarp4|move: Light Screen\n|move|p1b: Sneasler|Dire Claw|p2a: Gardevoir\n|-activate|p2a: Gardevoir|move: Protect\n|move|p2b: Incineroar|Parting Shot|p1b: Sneasler\n|-unboost|p1b: Sneasler|atk|1\n|-unboost|p1b: Sneasler|spa|1\n|\n|t:|1776408989\n|switch|p2b: Sneasler|Sneasler, L50, M|100/100|[from] Parting Shot\n|-enditem|p1b: Sneasler|White Herb\n|-clearnegativeboost|p1b: Sneasler|[silent]\n|\n|upkeep\n|turn|7\n|\n|t:|1776409005\n|move|p2b: Sneasler|Fake Out|p1b: Sneasler\n|-damage|p1b: Sneasler|75/100\n|move|p1a: Sableye|Will-O-Wisp|p2b: Sneasler\n|-status|p2b: Sneasler|brn\n|cant|p1b: Sneasler|flinch\n|move|p2a: Gardevoir|Psychic|p1b: Sneasler\n|-supereffective|p1b: Sneasler|2\n|-damage|p1b: Sneasler|0 fnt\n|faint|p1b: Sneasler\n|\n|-damage|p2b: Sneasler|95/100 brn|[from] brn\n|upkeep\n|\n|t:|1776409021\n|switch|p1b: Scizor|Scizor-Mega, L50, F|51/100\n|turn|8\n|\n|t:|1776409030\n|switch|p2a: Incineroar|Incineroar, L50, M|30/100\n|-ability|p2a: Incineroar|Intimidate|boost\n|-unboost|p1a: Sableye|atk|1\n|-unboost|p1b: Scizor|atk|1\n|move|p1b: Scizor|Protect|p1b: Scizor\n|-singleturn|p1b: Scizor|Protect\n|move|p1a: Sableye|Disable|p2b: Sneasler\n|-start|p2b: Sneasler|Disable|Fake Out\n|move|p2b: Sneasler|Close Combat|p1b: Scizor\n|-activate|p1b: Scizor|move: Protect\n|\n|-damage|p2b: Sneasler|89/100 brn|[from] brn\n|upkeep\n|turn|9\n|\n|t:|1776409066\n|switch|p1b: Incineroar|Incineroar, L50, F|16/100\n|-ability|p1b: Incineroar|Intimidate|boost\n|-unboost|p2a: Incineroar|atk|1\n|-unboost|p2b: Sneasler|atk|1\n|-enditem|p2b: Sneasler|White Herb\n|-clearnegativeboost|p2b: Sneasler|[silent]\n|move|p2b: Sneasler|Close Combat|p1b: Incineroar\n|-supereffective|p1b: Incineroar|1\n|-damage|p1b: Incineroar|0 fnt\n|-unboost|p2b: Sneasler|def|1\n|-unboost|p2b: Sneasler|spd|1\n|faint|p1b: Incineroar\n|move|p2a: Incineroar|Flare Blitz|p1a: Sableye\n|-damage|p1a: Sableye|0 fnt\n|faint|p1a: Sableye\n|-damage|p2a: Incineroar|26/100|[from] Recoil\n|\n|-damage|p2b: Sneasler|83/100 brn|[from] brn\n|upkeep\n|\n|t:|1776409082\n|switch|p1b: Scizor|Scizor-Mega, L50, F|51/100\n|turn|10\n|\n|t:|1776409120\n|move|p2b: Sneasler|Close Combat|p1b: Scizor\n|-damage|p1b: Scizor|25/100\n|-unboost|p2b: Sneasler|def|1\n|-unboost|p2b: Sneasler|spd|1\n|move|p1b: Scizor|Bug Bite|p2a: Incineroar\n|-damage|p2a: Incineroar|0 fnt\n|faint|p2a: Incineroar\n|\n|-damage|p2b: Sneasler|77/100 brn|[from] brn\n|-sideend|p1: longtimecarp4|move: Light Screen\n|upkeep\n|\n|t:|1776409129\n|switch|p2a: Gardevoir|Gardevoir-Mega, L50, M|100/100\n|turn|11\n|\n|t:|1776409135\n|move|p1b: Scizor|Protect|p1b: Scizor\n|-singleturn|p1b: Scizor|Protect\n|move|p2b: Sneasler|Close Combat|p1b: Scizor\n|-activate|p1b: Scizor|move: Protect\n|move|p2a: Gardevoir|Hyper Voice|p1b: Scizor\n|-activate|p1b: Scizor|move: Protect\n|\n|-damage|p2b: Sneasler|71/100 brn|[from] brn\n|-end|p2b: Sneasler|Disable\n|upkeep\n|turn|12\n|\n|t:|1776409151\n|move|p1b: Scizor|Bullet Punch|p2a: Gardevoir\n|-supereffective|p2a: Gardevoir|1\n|-damage|p2a: Gardevoir|6/100\n|move|p2b: Sneasler|Close Combat|p1b: Scizor\n|-damage|p1b: Scizor|0 fnt\n|-unboost|p2b: Sneasler|def|1\n|-unboost|p2b: Sneasler|spd|1\n|faint|p1b: Scizor\n|\n|win|huchuachua\n|raw|longtimecarp4's rating: 1140 &rarr; <strong>1121</strong><br />(-19 for losing)\n|raw|huchuachua's rating: 1219 &rarr; <strong>1238</strong><br />(+19 for winning)\n|l|\u2606longtimecarp4\n|player|p1|\n",
  "uploadtime": 1776409164,
  "views": 22,
  "formatid": "gen9championsvgc2026regma",
  "rating": 1121,
  "private": 0,
  "password": null
}