{
  "id": "gen9championsvgc2026regma-2583898745",
  "format": "[Gen 9 Champions] VGC 2026 Reg M-A",
  "players": [
    "ayetea",
    "tetaslocasmx"
  ],
  "log": "|j|\u2606ayetea\n|j|\u2606tetaslocasmx\n|t:|1776206540\n|gametype|doubles\n|player|p1|ayetea|harlequin|1053\n|player|p2|tetaslocasmx|101|1000\n|gen|9\n|tier|[Gen 9 Champions] VGC 2026 Reg M-A\n|rated|\n|rule|Species Clause: Limit one of each Pok\u00e9mon\n|rule|Item Clause: Limit 1 of each item\n|clearpoke\n|poke|p1|Greninja-*, L50, M|\n|poke|p1|Farigiraf, L50, F|\n|poke|p1|Volcarona, L50, M|\n|poke|p1|Kommo-o, L50, F|\n|poke|p1|Sneasler, L50, M|\n|poke|p1|Tinkaton, L50, F|\n|poke|p2|Beedrill, L50, F|\n|poke|p2|Farigiraf, L50, F|\n|poke|p2|Tyranitar, L50, F|\n|poke|p2|Dragonite, L50, M|\n|poke|p2|Maushold, L50|\n|poke|p2|Zoroark-Hisui, L50, F|\n|teampreview|4\n|inactive|Battle timer is ON: inactive players will automatically lose when time's up. (requested by tetaslocasmx)\n|\n|t:|1776206586\n|teamsize|p1|4\n|teamsize|p2|4\n|start\n|switch|p1a: Tinkaton|Tinkaton, L50, F|100/100\n|switch|p1b: Greninja|Greninja, L50, M|100/100\n|switch|p2a: Beedrill|Beedrill, L50, F|100/100\n|switch|p2b: Maushold|Maushold, L50|100/100\n|turn|1\n|inactive|ayetea has 30 seconds left.\n|inactive|tetaslocasmx has 30 seconds left.\n|inactive|ayetea has 20 seconds left.\n|inactive|tetaslocasmx has 20 seconds left.\n|inactive|ayetea has 15 seconds left.\n|inactive|tetaslocasmx has 15 seconds left.\n|inactive|tetaslocasmx has 10 seconds left.\n|inactive|tetaslocasmx has 5 seconds left.\n|\n|t:|1776206638\n|detailschange|p1b: Greninja|Greninja-Mega, L50, M\n|-mega|p1b: Greninja|Greninja|Greninjite\n|move|p1a: Tinkaton|Fake Out|p2a: Beedrill\n|-immune|p2a: Beedrill\n|move|p1b: Greninja|Liquidation|p2b: Maushold\n|-start|p1b: Greninja|typechange|Water|[from] ability: Protean\n|-damage|p2b: Maushold|40/100\n|move|p2a: Beedrill|Icy Wind|p1a: Tinkaton|[spread] p1a,p1b\n|-resisted|p1a: Tinkaton|1\n|-resisted|p1b: Greninja|1\n|-damage|p1a: Tinkaton|92/100\n|-damage|p1b: Greninja|90/100\n|-unboost|p1a: Tinkaton|spe|1\n|-unboost|p1b: Greninja|spe|1\n|move|p2b: Maushold|Population Bomb|p1b: Greninja\n|-damage|p1b: Greninja|79/100\n|-damage|p1b: Greninja|68/100\n|-damage|p1b: Greninja|56/100\n|-damage|p1b: Greninja|44/100\n|-damage|p1b: Greninja|32/100\n|-damage|p1b: Greninja|21/100\n|-crit|p1b: Greninja\n|-damage|p1b: Greninja|3/100\n|-damage|p1b: Greninja|0 fnt\n|faint|p1b: Greninja\n|-hitcount|p1: Greninja|8\n|\n|upkeep\n|inactive|ayetea has 30 seconds left.\n|\n|t:|1776206673\n|switch|p1b: Sneasler|Sneasler, L50, M|100/100\n|turn|2\n|inactive|ayetea has 30 seconds left.\n|inactive|ayetea has 20 seconds left.\n|inactive|ayetea has 15 seconds left.\n|\n|t:|1776206716\n|move|p2b: Maushold|Protect|p2b: Maushold\n|-singleturn|p2b: Maushold|Protect\n|move|p1b: Sneasler|Fake Out|p2b: Maushold\n|-activate|p2b: Maushold|move: Protect\n|move|p2a: Beedrill|Flamethrower|p1a: Tinkaton\n|-supereffective|p1a: Tinkaton|1\n|-damage|p1a: Tinkaton|15/100\n|-enditem|p1a: Tinkaton|Sitrus Berry|[eat]\n|-heal|p1a: Tinkaton|39/100|[from] item: Sitrus Berry\n|move|p1a: Tinkaton|Gigaton Hammer|p2a: Beedrill\n|-damage|p2a: Beedrill|17/100\n|replace|p2a: Zoroark|Zoroark-Hisui, L50, F\n|-end|p2a: Zoroark|Illusion\n|\n|upkeep\n|turn|3\n|inactive|ayetea has 30 seconds left.\n|inactive|tetaslocasmx has 30 seconds left.\n|inactive|tetaslocasmx has 20 seconds left.\n|inactive|tetaslocasmx has 15 seconds left.\n|inactive|tetaslocasmx has 10 seconds left.\n|\n|t:|1776206762\n|move|p2b: Maushold|Follow Me|p2b: Maushold\n|-singleturn|p2b: Maushold|move: Follow Me\n|move|p1a: Tinkaton|Feint|p2b: Maushold\n|-damage|p2b: Maushold|30/100\n|move|p1b: Sneasler|Dire Claw|p2b: Maushold\n|-damage|p2b: Maushold|0 fnt\n|faint|p2b: Maushold\n|move|p2a: Zoroark|Icy Wind|p1b: Sneasler|[spread] p1a,p1b\n|-resisted|p1a: Tinkaton|1\n|-damage|p1a: Tinkaton|32/100\n|-damage|p1b: Sneasler|79/100\n|-unboost|p1a: Tinkaton|spe|1\n|-unboost|p1b: Sneasler|spe|1\n|\n|upkeep\n|\n|t:|1776206775\n|switch|p2b: Beedrill|Beedrill, L50, F|100/100\n|turn|4\n|\n|t:|1776206799\n|detailschange|p2b: Beedrill|Beedrill-Mega, L50, F\n|-mega|p2b: Beedrill|Beedrill|Beedrillite\n|move|p1a: Tinkaton|Protect|p1a: Tinkaton\n|-singleturn|p1a: Tinkaton|Protect\n|move|p2b: Beedrill|Drill Run|p1b: Sneasler\n|-supereffective|p1b: Sneasler|1\n|-crit|p1b: Sneasler\n|-damage|p1b: Sneasler|0 fnt\n|faint|p1b: Sneasler\n|move|p2a: Zoroark|Flamethrower|p1a: Tinkaton\n|-activate|p1a: Tinkaton|move: Protect\n|\n|upkeep\n|\n|t:|1776206809\n|switch|p1b: Kommo-o|Kommo-o, L50, F|100/100\n|turn|5\n|inactive|ayetea has 30 seconds left.\n|\n|t:|1776206834\n|move|p2b: Beedrill|Poison Jab|p1b: Kommo-o\n|-damage|p1b: Kommo-o|52/100\n|move|p2a: Zoroark|Icy Wind|p1a: Tinkaton|[spread] p1a,p1b\n|-resisted|p1a: Tinkaton|1\n|-supereffective|p1b: Kommo-o|1\n|-damage|p1a: Tinkaton|24/100\n|-damage|p1b: Kommo-o|16/100\n|-unboost|p1a: Tinkaton|spe|1\n|-unboost|p1b: Kommo-o|spe|1\n|move|p1b: Kommo-o|Iron Defense|p1b: Kommo-o\n|-boost|p1b: Kommo-o|def|2\n|move|p1a: Tinkaton|Gigaton Hammer|p2b: Beedrill\n|-damage|p2b: Beedrill|0 fnt\n|faint|p2b: Beedrill\n|\n|upkeep\n|\n|t:|1776206843\n|switch|p2b: Farigiraf|Farigiraf, L50, F|100/100\n|turn|6\n|inactive|ayetea has 30 seconds left.\n|inactive|ayetea has 20 seconds left.\n|\n|t:|1776206882\n|move|p1b: Kommo-o|Protect|p1b: Kommo-o\n|-singleturn|p1b: Kommo-o|Protect\n|move|p1a: Tinkaton|Protect|p1a: Tinkaton\n|-singleturn|p1a: Tinkaton|Protect\n|move|p2a: Zoroark|Icy Wind|p1b: Kommo-o|[spread] \n|-activate|p1a: Tinkaton|move: Protect\n|-activate|p1b: Kommo-o|move: Protect\n|move|p2b: Farigiraf|Psychic|p1a: Tinkaton\n|-activate|p1a: Tinkaton|move: Protect\n|\n|upkeep\n|turn|7\n|inactive|tetaslocasmx has 30 seconds left.\n|\n|t:|1776206914\n|move|p2a: Zoroark|Icy Wind|p1b: Kommo-o|[spread] p1b\n|-miss|p2a: Zoroark|p1a: Tinkaton\n|-supereffective|p1b: Kommo-o|1\n|-damage|p1b: Kommo-o|0 fnt\n|faint|p1b: Kommo-o\n|move|p2b: Farigiraf|Psychic|p1a: Tinkaton\n|-resisted|p1a: Tinkaton|1\n|-damage|p1a: Tinkaton|0 fnt\n|faint|p1a: Tinkaton\n|\n|win|tetaslocasmx\n|raw|ayetea's rating: 1053 &rarr; <strong>1032</strong><br />(-21 for losing)\n|raw|tetaslocasmx's rating: 1000 &rarr; <strong>1046</strong><br />(+46 for winning)\n|l|\u2606tetaslocasmx\n|player|p2|\n",
  "uploadtime": 1776206925,
  "views": 27,
  "formatid": "gen9championsvgc2026regma",
  "rating": 1032,
  "private": 0,
  "password": null
}