{
  "id": "gen9championsvgc2026regma-2587212833",
  "format": "[Gen 9 Champions] VGC 2026 Reg M-A",
  "players": [
    "elyse33",
    "Da1mon!"
  ],
  "log": "|j|\u2606elyse33\n|j|\u2606Da1mon!\n|t:|1776509712\n|gametype|doubles\n|player|p1|elyse33|lass-gen4dp|1076\n|player|p2|Da1mon!|giovanni|1042\n|gen|9\n|tier|[Gen 9 Champions] VGC 2026 Reg M-A\n|rated|\n|rule|Species Clause: Limit one of each Pok\u00e9mon\n|rule|Item Clause: Limit 1 of each item\n|clearpoke\n|poke|p1|Froslass, L50, F|\n|poke|p1|Garchomp, L50, F|\n|poke|p1|Rotom-Frost, L50|\n|poke|p1|Empoleon, L50, M|\n|poke|p1|Incineroar, L50, F|\n|poke|p1|Kingambit, L50, M|\n|poke|p2|Chesnaught, L50, M, shiny|\n|poke|p2|Slowking-Galar, L50, M|\n|poke|p2|Kingambit, L50, M|\n|poke|p2|Armarouge, L50, M|\n|poke|p2|Oranguru, L50, F|\n|poke|p2|Primarina, L50, F|\n|teampreview|4\n|\n|t:|1776509779\n|teamsize|p1|4\n|teamsize|p2|4\n|start\n|switch|p1a: Rotom|Rotom-Frost, L50|100/100\n|switch|p1b: Kingambit|Kingambit, L50, M|100/100\n|switch|p2a: Kingambit|Kingambit, L50, M|100/100\n|switch|p2b: Oranguru|Oranguru, L50, F|100/100\n|turn|1\n|\n|t:|1776509806\n|move|p1a: Rotom|Volt Switch|p2b: Oranguru\n|-damage|p2b: Oranguru|76/100\n|\n|t:|1776509813\n|switch|p1a: Empoleon|Empoleon, L50, M|100/100|[from] Volt Switch\n|move|p1b: Kingambit|Low Kick|p2a: Kingambit\n|-supereffective|p2a: Kingambit|2\n|-damage|p2a: Kingambit|0 fnt\n|faint|p2a: Kingambit\n|move|p2b: Oranguru|Trick Room|p2b: Oranguru\n|-fieldstart|move: Trick Room|[of] p2b: Oranguru\n|\n|upkeep\n|\n|t:|1776509820\n|switch|p2a: Chesnaught|Chesnaught, L50, M, shiny|100/100\n|turn|2\n|\n|t:|1776509837\n|switch|p2b: Armarouge|Armarouge, L50, M|100/100\n|detailschange|p2a: Chesnaught|Chesnaught-Mega, L50, M, shiny\n|-mega|p2a: Chesnaught|Chesnaught|Chesnaughtite\n|move|p2a: Chesnaught|Rock Slide|p1b: Kingambit|[spread] p1a,p1b\n|-resisted|p1a: Empoleon|1\n|-resisted|p1b: Kingambit|1\n|-damage|p1a: Empoleon|91/100\n|-damage|p1b: Kingambit|92/100\n|move|p1a: Empoleon|Flash Cannon|p2b: Armarouge\n|-resisted|p2b: Armarouge|1\n|-damage|p2b: Armarouge|80/100\n|cant|p1b: Kingambit|flinch\n|\n|-heal|p1a: Empoleon|97/100|[from] item: Leftovers\n|upkeep\n|turn|3\n|\n|t:|1776509861\n|move|p2b: Armarouge|Protect|p2b: Armarouge\n|-singleturn|p2b: Armarouge|Protect\n|move|p1b: Kingambit|Sucker Punch|p2a: Chesnaught\n|-resisted|p2a: Chesnaught|1\n|-damage|p2a: Chesnaught|91/100\n|move|p2a: Chesnaught|Body Press|p1b: Kingambit\n|-supereffective|p1b: Kingambit|2\n|-damage|p1b: Kingambit|0 fnt\n|faint|p1b: Kingambit\n|move|p1a: Empoleon|Water Pulse|p2b: Armarouge\n|-activate|p2b: Armarouge|move: Protect\n|\n|-heal|p1a: Empoleon|100/100|[from] item: Leftovers\n|upkeep\n|\n|t:|1776509878\n|switch|p1b: Froslass|Froslass, L50, F|100/100\n|turn|4\n|\n|t:|1776509893\n|detailschange|p1b: Froslass|Froslass-Mega, L50, F\n|-mega|p1b: Froslass|Froslass|Froslassite\n|-weather|Snowscape|[from] ability: Snow Warning|[of] p1b: Froslass\n|move|p2a: Chesnaught|Rock Slide|p1b: Froslass|[spread] p1a,p1b\n|-resisted|p1a: Empoleon|1\n|-supereffective|p1b: Froslass|1\n|-damage|p1a: Empoleon|93/100\n|-damage|p1b: Froslass|61/100\n|move|p2b: Armarouge|Heat Wave|p1a: Empoleon|[spread] p1b\n|-miss|p2b: Armarouge|p1a: Empoleon\n|-supereffective|p1b: Froslass|1\n|-damage|p1b: Froslass|0 fnt\n|faint|p1b: Froslass\n|cant|p1a: Empoleon|flinch\n|\n|-weather|Snowscape|[upkeep]\n|-heal|p1a: Empoleon|98/100|[from] item: Leftovers\n|upkeep\n|\n|t:|1776509907\n|switch|p1b: Rotom|Rotom-Frost, L50|100/100\n|turn|5\n|\n|t:|1776509922\n|move|p2a: Chesnaught|Body Press|p1b: Rotom\n|-supereffective|p1b: Rotom|1\n|-damage|p1b: Rotom|1/100\n|move|p2b: Armarouge|Heat Wave|p1b: Rotom|[spread] p1a,p1b\n|-supereffective|p1b: Rotom|1\n|-damage|p1a: Empoleon|59/100\n|-damage|p1b: Rotom|0 fnt\n|faint|p1b: Rotom\n|move|p1a: Empoleon|Water Pulse|p2b: Armarouge\n|-supereffective|p2b: Armarouge|1\n|-damage|p2b: Armarouge|15/100\n|-enditem|p2b: Armarouge|Sitrus Berry|[eat]\n|-heal|p2b: Armarouge|40/100|[from] item: Sitrus Berry\n|\n|-weather|Snowscape|[upkeep]\n|-heal|p1a: Empoleon|65/100|[from] item: Leftovers\n|-fieldend|move: Trick Room\n|upkeep\n|turn|6\n|\n|t:|1776509942\n|move|p1a: Empoleon|Water Pulse|p2b: Armarouge\n|-supereffective|p2b: Armarouge|1\n|-damage|p2b: Armarouge|0 fnt\n|faint|p2b: Armarouge\n|move|p2a: Chesnaught|Body Press|p1a: Empoleon\n|-supereffective|p1a: Empoleon|1\n|-damage|p1a: Empoleon|0 fnt\n|faint|p1a: Empoleon\n|\n|win|Da1mon!\n|raw|elyse33's rating: 1076 &rarr; <strong>1053</strong><br />(-23 for losing)\n|raw|Da1mon!'s rating: 1042 &rarr; <strong>1079</strong><br />(+37 for winning)\n|l|\u2606elyse33\n|player|p1|\n",
  "uploadtime": 1776509996,
  "views": 16,
  "formatid": "gen9championsvgc2026regma",
  "rating": 1053,
  "private": 0,
  "password": null
}