{
  "id": "gen9championsvgc2026regma-2582299120",
  "format": "[Gen 9 Champions] VGC 2026 Reg M-A",
  "players": [
    "shin-tv07",
    "Angelhuberpokr"
  ],
  "log": "|j|\u2606shin-tv07\n|j|\u2606Angelhuberpokr\n|t:|1776081107\n|gametype|doubles\n|player|p1|shin-tv07|twins-gen4dp|1000\n|player|p2|Angelhuberpokr|hilbert|1026\n|gen|9\n|tier|[Gen 9 Champions] VGC 2026 Reg M-A\n|rated|\n|rule|Species Clause: Limit one of each Pok\u00e9mon\n|rule|Item Clause: Limit 1 of each item\n|clearpoke\n|poke|p1|Sneasler, L50, F|\n|poke|p1|Kingambit, L50, M|\n|poke|p1|Clefable, L50, M|\n|poke|p1|Delphox, L50, M|\n|poke|p1|Dragonite, L50, M|\n|poke|p1|Basculegion, L50, M|\n|poke|p2|Lucario, L50, M|\n|poke|p2|Whimsicott, L50, F|\n|poke|p2|Garchomp, L50, M|\n|poke|p2|Sneasler, L50, M|\n|poke|p2|Arcanine-Hisui, L50, F|\n|poke|p2|Hydreigon, L50, F|\n|teampreview|4\n|\n|t:|1776081157\n|teamsize|p1|4\n|teamsize|p2|4\n|start\n|switch|p1a: Clefable|Clefable, L50, M|100/100\n|switch|p1b: Delphox|Delphox, L50, M|100/100\n|switch|p2a: Whimsicott|Whimsicott, L50, F|100/100\n|switch|p2b: Sneasler|Sneasler, L50, M|100/100\n|turn|1\n|\n|t:|1776081188\n|move|p1b: Delphox|Protect|p1b: Delphox\n|-singleturn|p1b: Delphox|Protect\n|move|p2b: Sneasler|Fake Out|p1a: Clefable\n|-crit|p1a: Clefable\n|-damage|p1a: Clefable|76/100\n|move|p2a: Whimsicott|Tailwind|p2a: Whimsicott\n|-sidestart|p2: Angelhuberpokr|move: Tailwind\n|cant|p1a: Clefable|flinch\n|\n|upkeep\n|turn|2\n|\n|t:|1776081203\n|detailschange|p1b: Delphox|Delphox-Mega, L50, M\n|-mega|p1b: Delphox|Delphox|Delphoxite\n|move|p1a: Clefable|Helping Hand|p1b: Delphox\n|-singleturn|p1b: Delphox|Helping Hand|[of] p1a: Clefable\n|move|p2b: Sneasler|Dire Claw|p1a: Clefable\n|-supereffective|p1a: Clefable|1\n|-damage|p1a: Clefable|0 fnt\n|faint|p1a: Clefable\n|move|p2a: Whimsicott|Moonblast|p1b: Delphox\n|-resisted|p1b: Delphox|1\n|-damage|p1b: Delphox|84/100\n|move|p1b: Delphox|Heat Wave|p2b: Sneasler|[spread] p2a,p2b\n|-supereffective|p2a: Whimsicott|1\n|-enditem|p2a: Whimsicott|Focus Sash\n|-damage|p2a: Whimsicott|1/100\n|-damage|p2b: Sneasler|18/100\n|-status|p2a: Whimsicott|brn\n|\n|-damage|p2a: Whimsicott|0 fnt|[from] brn\n|faint|p2a: Whimsicott\n|upkeep\n|\n|t:|1776081230\n|switch|p2a: Garchomp|Garchomp, L50, M|100/100\n|switch|p1a: Sneasler|Sneasler, L50, F|100/100\n|turn|3\n|\n|t:|1776081244\n|move|p2b: Sneasler|Protect|p2b: Sneasler\n|-singleturn|p2b: Sneasler|Protect\n|move|p2a: Garchomp|Protect|p2a: Garchomp\n|-singleturn|p2a: Garchomp|Protect\n|move|p1a: Sneasler|Fake Out|p2a: Garchomp\n|-activate|p2a: Garchomp|move: Protect\n|move|p1b: Delphox|Substitute|p1b: Delphox\n|-start|p1b: Delphox|Substitute\n|-damage|p1b: Delphox|60/100\n|\n|upkeep\n|turn|4\n|\n|t:|1776081267\n|move|p1b: Delphox|Protect|p1b: Delphox\n|-singleturn|p1b: Delphox|Protect\n|move|p1a: Sneasler|Protect|p1a: Sneasler\n|-singleturn|p1a: Sneasler|Protect\n|move|p2b: Sneasler|Dire Claw|p1b: Delphox\n|-activate|p1b: Delphox|move: Protect\n|move|p2a: Garchomp|Rock Slide|p1b: Delphox|[spread] \n|-activate|p1a: Sneasler|move: Protect\n|-activate|p1b: Delphox|move: Protect\n|\n|-sideend|p2: Angelhuberpokr|move: Tailwind\n|upkeep\n|turn|5\n|c|\u2606shin-tv07|i mean it is your tailwind you are stalling\n|\n|t:|1776081296\n|switch|p2b: Hydreigon|Hydreigon, L50, F|100/100\n|move|p1b: Delphox|Psychic|p2a: Garchomp\n|-damage|p2a: Garchomp|35/100\n|move|p1a: Sneasler|Dire Claw|p2a: Garchomp\n|-resisted|p2a: Garchomp|1\n|-damage|p2a: Garchomp|12/100\n|-damage|p1a: Sneasler|88/100|[from] ability: Rough Skin|[of] p2a: Garchomp\n|move|p2a: Garchomp|Earthquake|p1a: Sneasler|[spread] p1a\n|-immune|p2b: Hydreigon|[from] ability: Levitate\n|-immune|p1b: Delphox|[from] ability: Levitate\n|-supereffective|p1a: Sneasler|1\n|-damage|p1a: Sneasler|0 fnt\n|faint|p1a: Sneasler\n|\n|upkeep\n|\n|t:|1776081313\n|switch|p1a: Basculegion|Basculegion, L50, M|100/100\n|turn|6\n|\n|t:|1776081349\n|move|p1b: Delphox|Heat Wave|p2a: Garchomp|[spread] p2a,p2b\n|-resisted|p2a: Garchomp|1\n|-resisted|p2b: Hydreigon|1\n|-damage|p2a: Garchomp|0 fnt\n|-damage|p2b: Hydreigon|79/100\n|faint|p2a: Garchomp\n|move|p1a: Basculegion|Last Respects|p2b: Hydreigon\n|-resisted|p2b: Hydreigon|1\n|-damage|p2b: Hydreigon|18/100\n|move|p2b: Hydreigon|Snarl|p1a: Basculegion|[spread] p1a,p1b\n|-supereffective|p1a: Basculegion|1\n|-supereffective|p1b: Delphox|1\n|-damage|p1a: Basculegion|48/100\n|-damage|p1b: Delphox|18/100\n|-unboost|p1a: Basculegion|spa|1\n|-unboost|p1b: Delphox|spa|1\n|\n|upkeep\n|\n|t:|1776081360\n|switch|p2a: Sneasler|Sneasler, L50, M|18/100\n|turn|7\n|\n|t:|1776081368\n|move|p2a: Sneasler|Fake Out|p1b: Delphox\n|-end|p1b: Delphox|Substitute\n|move|p1b: Delphox|Heat Wave|p2a: Sneasler|[spread] p2a,p2b\n|-resisted|p2b: Hydreigon|1\n|-damage|p2a: Sneasler|0 fnt\n|-damage|p2b: Hydreigon|2/100\n|faint|p2a: Sneasler\n|move|p1a: Basculegion|Last Respects|p2b: Hydreigon\n|-resisted|p2b: Hydreigon|1\n|-damage|p2b: Hydreigon|0 fnt\n|faint|p2b: Hydreigon\n|\n|win|shin-tv07\n|raw|shin-tv07's rating: 1000 &rarr; <strong>1043</strong><br />(+43 for winning)\n|raw|Angelhuberpokr's rating: 1026 &rarr; <strong>1011</strong><br />(-15 for losing)\n|l|\u2606Angelhuberpokr\n|player|p2|\n|c|\u2606shin-tv07|gg\n|c|\u2606shin-tv07|lol\n",
  "uploadtime": 1776081380,
  "views": 14,
  "formatid": "gen9championsvgc2026regma",
  "rating": 1011,
  "private": 0,
  "password": null
}