{
  "id": "gen9championsvgc2026regma-2585362011",
  "format": "[Gen 9 Champions] VGC 2026 Reg M-A",
  "players": [
    "Markiito18",
    "PepeDewitt"
  ],
  "log": "|j|\u2606Markiito18\n|j|\u2606PepeDewitt\n|t:|1776341377\n|gametype|doubles\n|player|p1|Markiito18|rood|1265\n|player|p2|PepeDewitt|2|1164\n|gen|9\n|tier|[Gen 9 Champions] VGC 2026 Reg M-A\n|rated|\n|rule|Species Clause: Limit one of each Pok\u00e9mon\n|rule|Item Clause: Limit 1 of each item\n|clearpoke\n|poke|p1|Hydreigon, L50, F|\n|poke|p1|Sneasler, L50, M|\n|poke|p1|Aggron, L50, M|\n|poke|p1|Sinistcha, L50|\n|poke|p1|Tyranitar, L50, F|\n|poke|p1|Aerodactyl, L50, F|\n|poke|p2|Pelipper, L50, M|\n|poke|p2|Scizor, L50, M|\n|poke|p2|Milotic, L50, F|\n|poke|p2|Venusaur, L50, F|\n|poke|p2|Garchomp, L50, M|\n|poke|p2|Whimsicott, L50, F|\n|teampreview|4\n|inactive|Battle timer is ON: inactive players will automatically lose when time's up. (requested by Markiito18)\n|inactive|PepeDewitt also wants the timer to be on.\n|inactive|Markiito18 has 60 seconds left.\n|inactive|PepeDewitt has 60 seconds left.\n|\n|t:|1776341427\n|teamsize|p1|4\n|teamsize|p2|4\n|start\n|switch|p1a: Aerodactyl|Aerodactyl, L50, F, shiny|100/100\n|switch|p1b: Sneasler|Sneasler, L50, M, shiny|100/100\n|switch|p2a: Pelipper|Pelipper, L50, M|100/100\n|switch|p2b: Garchomp|Garchomp, L50, M|100/100\n|-weather|RainDance|[from] ability: Drizzle|[of] p2a: Pelipper\n|turn|1\n|inactive|Markiito18 has 30 seconds left.\n|\n|t:|1776341453\n|detailschange|p1a: Aerodactyl|Aerodactyl-Mega, L50, F, shiny\n|-mega|p1a: Aerodactyl|Aerodactyl|Aerodactylite\n|move|p1b: Sneasler|Fake Out|p2a: Pelipper\n|-damage|p2a: Pelipper|90/100\n|move|p1a: Aerodactyl|Ice Fang|p2b: Garchomp\n|-supereffective|p2b: Garchomp|2\n|-damage|p2b: Garchomp|0 fnt\n|-damage|p1a: Aerodactyl|88/100|[from] ability: Rough Skin|[of] p2b: Garchomp\n|faint|p2b: Garchomp\n|cant|p2a: Pelipper|flinch\n|\n|-weather|RainDance|[upkeep]\n|upkeep\n|\n|t:|1776341465\n|switch|p2b: Milotic|Milotic, L50, F|100/100\n|turn|2\n|\n|t:|1776341489\n|switch|p1a: Hydreigon|Hydreigon, L50, F, shiny|100/100\n|switch|p1b: Tyranitar|Tyranitar, L50, F|100/100\n|-weather|Sandstorm|[from] ability: Sand Stream|[of] p1b: Tyranitar\n|move|p2b: Milotic|Protect|p2b: Milotic\n|-singleturn|p2b: Milotic|Protect\n|move|p2a: Pelipper|Tailwind|p2a: Pelipper\n|-sidestart|p2: PepeDewitt|move: Tailwind\n|\n|-weather|Sandstorm|[upkeep]\n|-damage|p2b: Milotic|95/100|[from] Sandstorm\n|-damage|p2a: Pelipper|84/100|[from] Sandstorm\n|-damage|p1a: Hydreigon|95/100|[from] Sandstorm\n|-heal|p2b: Milotic|100/100|[from] item: Leftovers\n|upkeep\n|turn|3\n|\n|t:|1776341506\n|switch|p2a: Venusaur|Venusaur, L50, F|100/100\n|move|p2b: Milotic|Scald|p1b: Tyranitar\n|-supereffective|p1b: Tyranitar|1\n|-damage|p1b: Tyranitar|67/100\n|-status|p1b: Tyranitar|brn\n|move|p1a: Hydreigon|Dark Pulse|p2b: Milotic\n|-damage|p2b: Milotic|72/100\n|move|p1b: Tyranitar|Rock Slide|p2b: Milotic|[spread] p2a,p2b\n|-damage|p2a: Venusaur|83/100\n|-damage|p2b: Milotic|58/100\n|\n|-weather|Sandstorm|[upkeep]\n|-damage|p2b: Milotic|52/100|[from] Sandstorm\n|-damage|p2a: Venusaur|77/100|[from] Sandstorm\n|-damage|p1a: Hydreigon|89/100|[from] Sandstorm\n|-heal|p2b: Milotic|58/100|[from] item: Leftovers\n|-damage|p1b: Tyranitar|61/100 brn|[from] brn\n|upkeep\n|turn|4\n|inactive|Markiito18 has 30 seconds left.\n|\n|t:|1776341536\n|switch|p1b: Sneasler|Sneasler, L50, M, shiny|100/100\n|detailschange|p2a: Venusaur|Venusaur-Mega, L50, F\n|-mega|p2a: Venusaur|Venusaur|Venusaurite\n|move|p2b: Milotic|Icy Wind|p1a: Hydreigon|[spread] p1b\n|-miss|p2b: Milotic|p1a: Hydreigon\n|-damage|p1b: Sneasler|86/100\n|-unboost|p1b: Sneasler|spe|1\n|-enditem|p1b: Sneasler|White Herb\n|-clearnegativeboost|p1b: Sneasler|[silent]\n|move|p2a: Venusaur|Leech Seed|p1a: Hydreigon\n|-start|p1a: Hydreigon|move: Leech Seed\n|move|p1a: Hydreigon|Dark Pulse|p2a: Venusaur\n|-damage|p2a: Venusaur|48/100\n|\n|-weather|Sandstorm|[upkeep]\n|-damage|p1b: Sneasler|81/100|[from] Sandstorm\n|-damage|p2b: Milotic|52/100|[from] Sandstorm\n|-damage|p2a: Venusaur|42/100|[from] Sandstorm\n|-damage|p1a: Hydreigon|83/100|[from] Sandstorm\n|-heal|p2b: Milotic|58/100|[from] item: Leftovers\n|-damage|p1a: Hydreigon|70/100|[from] Leech Seed|[of] p2a: Venusaur\n|-heal|p2a: Venusaur|53/100|[silent]\n|upkeep\n|turn|5\n|inactive|Markiito18 has 30 seconds left.\n|\n|t:|1776341562\n|switch|p1a: Aerodactyl|Aerodactyl-Mega, L50, F, shiny|88/100\n|move|p1b: Sneasler|Dire Claw|p2b: Milotic\n|-damage|p2b: Milotic|23/100\n|-status|p2b: Milotic|psn\n|move|p2b: Milotic|Recover|p2b: Milotic\n|-heal|p2b: Milotic|73/100 psn\n|move|p2a: Venusaur|Earth Power|p1b: Sneasler\n|-supereffective|p1b: Sneasler|1\n|-damage|p1b: Sneasler|17/100\n|\n|-weather|Sandstorm|[upkeep]\n|-damage|p1b: Sneasler|11/100|[from] Sandstorm\n|-damage|p2b: Milotic|67/100 psn|[from] Sandstorm\n|-damage|p2a: Venusaur|47/100|[from] Sandstorm\n|-heal|p2b: Milotic|73/100 psn|[from] item: Leftovers\n|-damage|p2b: Milotic|60/100 psn|[from] psn\n|-sideend|p2: PepeDewitt|move: Tailwind\n|upkeep\n|turn|6\n|l|\u2606PepeDewitt\n|inactive|PepeDewitt disconnected and has a minute to reconnect!\n|player|p2|\n|inactive|Markiito18 has 30 seconds left.\n|inactive|PepeDewitt has 30 seconds left.\n|inactive|PepeDewitt has 20 seconds left.\n|inactive|PepeDewitt has 15 seconds left.\n|inactive|PepeDewitt has 10 seconds left.\n|j|\u2606PepeDewitt\n|inactive|PepeDewitt reconnected and has 10 seconds left.\n|player|p2|PepeDewitt|2|\n|inactive|PepeDewitt has 5 seconds left.\n|\n|t:|1776341616\n|move|p1b: Sneasler|Coaching|p1a: Aerodactyl\n|-boost|p1a: Aerodactyl|atk|1\n|-boost|p1a: Aerodactyl|def|1\n|move|p1a: Aerodactyl|Dual Wingbeat|p2b: Milotic\n|-damage|p2b: Milotic|23/100 psn\n|-damage|p2b: Milotic|0 fnt\n|faint|p2b: Milotic\n|-hitcount|p2: Milotic|2\n|move|p2a: Venusaur|Leech Seed|p1a: Aerodactyl\n|-start|p1a: Aerodactyl|move: Leech Seed\n|\n|-weather|none\n|-damage|p1a: Aerodactyl|76/100|[from] Leech Seed|[of] p2a: Venusaur\n|-heal|p2a: Venusaur|58/100|[silent]\n|upkeep\n|\n|t:|1776341623\n|switch|p2b: Pelipper|Pelipper, L50, M|84/100\n|-weather|RainDance|[from] ability: Drizzle|[of] p2b: Pelipper\n|turn|7\n|\n|t:|1776341635\n|move|p1a: Aerodactyl|Protect|p1a: Aerodactyl\n|-singleturn|p1a: Aerodactyl|Protect\n|move|p2a: Venusaur|Protect|p2a: Venusaur\n|-singleturn|p2a: Venusaur|Protect\n|move|p1b: Sneasler|Dire Claw|p2b: Pelipper\n|-damage|p2b: Pelipper|49/100\n|move|p2b: Pelipper|Tailwind|p2b: Pelipper\n|-sidestart|p2: PepeDewitt|move: Tailwind\n|\n|-weather|RainDance|[upkeep]\n|-damage|p1a: Aerodactyl|64/100|[from] Leech Seed|[of] p2a: Venusaur\n|-heal|p2a: Venusaur|68/100|[silent]\n|upkeep\n|turn|8\n|inactive|Markiito18 has 30 seconds left.\n|\n|t:|1776341661\n|move|p1b: Sneasler|Dire Claw|p2b: Pelipper\n|-crit|p2b: Pelipper\n|-damage|p2b: Pelipper|0 fnt\n|faint|p2b: Pelipper\n|move|p1a: Aerodactyl|Dual Wingbeat|p2a: Venusaur\n|-supereffective|p2a: Venusaur|1\n|-damage|p2a: Venusaur|1/100\n|-supereffective|p2a: Venusaur|1\n|-damage|p2a: Venusaur|0 fnt\n|faint|p2a: Venusaur\n|-hitcount|p2: Venusaur|2\n|\n|win|Markiito18\n|raw|Markiito18's rating: 1265 &rarr; <strong>1283</strong><br />(+18 for winning)\n|raw|PepeDewitt's rating: 1164 &rarr; <strong>1146</strong><br />(-18 for losing)\n|l|\u2606PepeDewitt\n|player|p2|\n|c|\u2606Markiito18|gg\n",
  "uploadtime": 1776341672,
  "views": 21,
  "formatid": "gen9championsvgc2026regma",
  "rating": 1146,
  "private": 0,
  "password": null
}