{
  "id": "gen9championsvgc2026regma-2585900800",
  "format": "[Gen 9 Champions] VGC 2026 Reg M-A",
  "players": [
    "tperz",
    "koxicity"
  ],
  "log": "|j|\u2606tperz\n|j|\u2606koxicity\n|t:|1776379754\n|gametype|doubles\n|player|p1|tperz|burglar|1044\n|player|p2|koxicity|265|1031\n|gen|9\n|tier|[Gen 9 Champions] VGC 2026 Reg M-A\n|rated|\n|rule|Species Clause: Limit one of each Pok\u00e9mon\n|rule|Item Clause: Limit 1 of each item\n|clearpoke\n|poke|p1|Garchomp, L50, F|\n|poke|p1|Gardevoir, L50, M|\n|poke|p1|Skarmory, L50, M|\n|poke|p1|Incineroar, L50, F|\n|poke|p1|Rotom-Wash, L50|\n|poke|p1|Vanilluxe, L50, M|\n|poke|p2|Starmie, L50|\n|poke|p2|Oranguru, L50, M|\n|poke|p2|Sylveon, L50, M|\n|poke|p2|Houndoom, L50, F|\n|poke|p2|Torkoal, L50, F|\n|poke|p2|Incineroar, L50, F|\n|teampreview|4\n|inactive|Battle timer is ON: inactive players will automatically lose when time's up. (requested by tperz)\n|inactive|tperz has 60 seconds left.\n|\n|t:|1776379785\n|teamsize|p1|4\n|teamsize|p2|4\n|start\n|switch|p1a: Garchomp|Garchomp, L50, F|100/100\n|switch|p1b: Incineroar|Incineroar, L50, F|100/100\n|switch|p2a: Oranguru|Oranguru, L50, M|100/100\n|switch|p2b: Houndoom|Houndoom, L50, F|100/100\n|-ability|p1b: Incineroar|Intimidate|boost\n|-fail|p2a: Oranguru|unboost|Attack|[from] ability: Inner Focus|[of] p2a: Oranguru\n|-unboost|p2b: Houndoom|atk|1\n|turn|1\n|inactive|tperz has 30 seconds left.\n|inactive|tperz has 20 seconds left.\n|inactive|tperz has 15 seconds left.\n|\n|t:|1776379826\n|move|p2b: Houndoom|Protect|p2b: Houndoom\n|-singleturn|p2b: Houndoom|Protect\n|move|p1b: Incineroar|Fake Out|p2b: Houndoom\n|-activate|p2b: Houndoom|move: Protect\n|move|p1a: Garchomp|Dragon Tail|p2b: Houndoom\n|-activate|p2b: Houndoom|move: Protect\n|move|p2a: Oranguru|Trick Room|p2a: Oranguru\n|-fieldstart|move: Trick Room|[of] p2a: Oranguru\n|\n|upkeep\n|turn|2\n|\n|t:|1776379843\n|switch|p2a: Torkoal|Torkoal, L50, F|100/100\n|-weather|SunnyDay|[from] ability: Drought|[of] p2a: Torkoal\n|detailschange|p2b: Houndoom|Houndoom-Mega, L50, F\n|-mega|p2b: Houndoom|Houndoom|Houndoominite\n|move|p1b: Incineroar|Parting Shot|p2b: Houndoom\n|-unboost|p2b: Houndoom|atk|1\n|-unboost|p2b: Houndoom|spa|1\n|\n|t:|1776379853\n|switch|p1b: Rotom|Rotom-Wash, L50|100/100|[from] Parting Shot\n|move|p2b: Houndoom|Heat Wave|p1a: Garchomp|[spread] p1a,p1b\n|-resisted|p1a: Garchomp|1\n|-resisted|p1b: Rotom|1\n|-damage|p1a: Garchomp|66/100\n|-damage|p1b: Rotom|71/100\n|move|p1a: Garchomp|Dragon Tail|p2b: Houndoom\n|-damage|p2b: Houndoom|72/100\n|drag|p2b: Sylveon|Sylveon, L50, M|100/100\n|\n|-weather|SunnyDay|[upkeep]\n|-heal|p1b: Rotom|76/100|[from] item: Leftovers\n|upkeep\n|turn|3\n|inactive|tperz has 30 seconds left.\n|inactive|koxicity has 30 seconds left.\n|\n|t:|1776379887\n|move|p2a: Torkoal|Solar Beam||[still]\n|-prepare|p2a: Torkoal|Solar Beam\n|-anim|p2a: Torkoal|Solar Beam|p1b: Rotom\n|-supereffective|p1b: Rotom|1\n|-damage|p1b: Rotom|19/100\n|move|p2b: Sylveon|Calm Mind|p2b: Sylveon\n|-boost|p2b: Sylveon|spa|1\n|-boost|p2b: Sylveon|spd|1\n|move|p1b: Rotom|Volt Switch|p2b: Sylveon\n|-damage|p2b: Sylveon|85/100\n|\n|t:|1776379900\n|switch|p1b: Incineroar|Incineroar, L50, F|100/100|[from] Volt Switch\n|-ability|p1b: Incineroar|Intimidate|boost\n|-unboost|p2a: Torkoal|atk|1\n|-unboost|p2b: Sylveon|atk|1\n|move|p1a: Garchomp|Dragon Tail|p2a: Torkoal\n|-damage|p2a: Torkoal|73/100\n|drag|p2a: Oranguru|Oranguru, L50, M|100/100\n|\n|-weather|SunnyDay|[upkeep]\n|upkeep\n|turn|4\n|inactive|koxicity has 30 seconds left.\n|\n|t:|1776379928\n|move|p2a: Oranguru|Protect|p2a: Oranguru\n|-singleturn|p2a: Oranguru|Protect\n|move|p1b: Incineroar|Fake Out|p2b: Sylveon\n|-damage|p2b: Sylveon|73/100\n|cant|p2b: Sylveon|flinch\n|move|p1a: Garchomp|Dragon Tail|p2a: Oranguru\n|-activate|p2a: Oranguru|move: Protect\n|\n|-weather|SunnyDay|[upkeep]\n|upkeep\n|turn|5\n|inactive|tperz has 30 seconds left.\n|\n|t:|1776379957\n|switch|p1a: Rotom|Rotom-Wash, L50|19/100\n|move|p1b: Incineroar|Taunt|p2a: Oranguru\n|-start|p2a: Oranguru|move: Taunt\n|-enditem|p2a: Oranguru|Mental Herb\n|-end|p2a: Oranguru|move: Taunt\n|move|p2a: Oranguru|Instruct|p2b: Sylveon\n|-singleturn|p2b: Sylveon|move: Instruct|[of] p2a: Oranguru\n|move|p2b: Sylveon|Calm Mind|p2b: Sylveon\n|-boost|p2b: Sylveon|spa|1\n|-boost|p2b: Sylveon|spd|1\n|move|p2b: Sylveon|Calm Mind|p2b: Sylveon\n|-boost|p2b: Sylveon|spa|1\n|-boost|p2b: Sylveon|spd|1\n|\n|-weather|SunnyDay|[upkeep]\n|-heal|p1a: Rotom|25/100|[from] item: Leftovers\n|-fieldend|move: Trick Room\n|upkeep\n|turn|6\n|inactive|tperz has 30 seconds left.\n|inactive|tperz has 20 seconds left.\n|inactive|tperz has 15 seconds left.\n|\n|t:|1776379999\n|move|p1a: Rotom|Pain Split|p2b: Sylveon\n|-sethp|p2b: Sylveon|47/100|[from] move: Pain Split|[silent]\n|-sethp|p1a: Rotom|57/100|[from] move: Pain Split\n|move|p2b: Sylveon|Hyper Voice|p1b: Incineroar|[spread] p1a,p1b\n|-damage|p1a: Rotom|0 fnt\n|-damage|p1b: Incineroar|0 fnt\n|faint|p1a: Rotom\n|faint|p1b: Incineroar\n|move|p2a: Oranguru|Trick Room|p2a: Oranguru\n|-fieldstart|move: Trick Room|[of] p2a: Oranguru\n|\n|-weather|none\n|upkeep\n|\n|t:|1776380008\n|switch|p1b: Garchomp|Garchomp, L50, F|66/100\n|switch|p1a: Gardevoir|Gardevoir, L50, M|100/100\n|turn|7\n|\n|t:|1776380019\n|move|p2a: Oranguru|Instruct|p2b: Sylveon\n|-singleturn|p2b: Sylveon|move: Instruct|[of] p2a: Oranguru\n|move|p2b: Sylveon|Hyper Voice|p1a: Gardevoir|[spread] p1a,p1b\n|-crit|p1a: Gardevoir\n|-supereffective|p1b: Garchomp|1\n|-damage|p1a: Gardevoir|0 fnt\n|-damage|p1b: Garchomp|0 fnt\n|faint|p1a: Gardevoir\n|faint|p1b: Garchomp\n|\n|win|koxicity\n|raw|tperz's rating: 1044 &rarr; <strong>1027</strong><br />(-17 for losing)\n|raw|koxicity's rating: 1031 &rarr; <strong>1068</strong><br />(+37 for winning)\n|l|\u2606tperz\n|player|p1|\n",
  "uploadtime": 1776380027,
  "views": 23,
  "formatid": "gen9championsvgc2026regma",
  "rating": 1027,
  "private": 0,
  "password": null
}