{
  "id": "gen9championsvgc2026regma-2584148071",
  "format": "[Gen 9 Champions] VGC 2026 Reg M-A",
  "players": [
    "Paulina Bueno",
    "scottyylmao"
  ],
  "log": "|j|\u2606Paulina Bueno\n|j|\u2606scottyylmao\n|t:|1776230782\n|gametype|doubles\n|player|p1|Paulina Bueno|bertha|1153\n|player|p2|scottyylmao|caitlin|1094\n|gen|9\n|tier|[Gen 9 Champions] VGC 2026 Reg M-A\n|rated|\n|rule|Species Clause: Limit one of each Pok\u00e9mon\n|rule|Item Clause: Limit 1 of each item\n|clearpoke\n|poke|p1|Froslass, L50, F|\n|poke|p1|Milotic, L50, F|\n|poke|p1|Mamoswine, L50, M|\n|poke|p1|Slowking, L50, F|\n|poke|p1|Rotom-Frost, L50|\n|poke|p1|Garchomp, L50, M|\n|poke|p2|Sneasler, L50, M|\n|poke|p2|Froslass, L50, F|\n|poke|p2|Ninetales-Alola, L50, M|\n|poke|p2|Garchomp, L50, M|\n|poke|p2|Arcanine-Hisui, L50, M|\n|poke|p2|Milotic, L50, M|\n|teampreview|4\n|\n|t:|1776230831\n|teamsize|p1|4\n|teamsize|p2|4\n|start\n|switch|p1a: Milotic|Milotic, L50, F, shiny|100/100\n|switch|p1b: Froslass|Froslass, L50, F, shiny|100/100\n|switch|p2a: Ninetales|Ninetales-Alola, L50, M|100/100\n|switch|p2b: Garchomp|Garchomp, L50, M|100/100\n|-weather|Snowscape|[from] ability: Snow Warning|[of] p2a: Ninetales\n|turn|1\n|\n|t:|1776230848\n|detailschange|p1b: Froslass|Froslass-Mega, L50, F, shiny\n|-mega|p1b: Froslass|Froslass|Froslassite\n|move|p2b: Garchomp|Rock Slide|p1b: Froslass|[spread] p1a,p1b\n|-supereffective|p1b: Froslass|1\n|-damage|p1a: Milotic|79/100\n|-damage|p1b: Froslass|59/100\n|move|p2a: Ninetales|Aurora Veil|p2a: Ninetales\n|-sidestart|p2: scottyylmao|move: Aurora Veil\n|cant|p1b: Froslass|flinch\n|move|p1a: Milotic|Icy Wind|p2a: Ninetales|[spread] p2a,p2b\n|-resisted|p2a: Ninetales|1\n|-supereffective|p2b: Garchomp|2\n|-damage|p2a: Ninetales|96/100\n|-damage|p2b: Garchomp|61/100\n|-unboost|p2a: Ninetales|spe|1\n|-unboost|p2b: Garchomp|spe|1\n|\n|-weather|Snowscape|[upkeep]\n|-heal|p1a: Milotic|85/100|[from] item: Leftovers\n|upkeep\n|turn|2\n|\n|t:|1776230862\n|move|p1b: Froslass|Blizzard|p2a: Ninetales|[spread] p2a,p2b\n|-resisted|p2a: Ninetales|1\n|-supereffective|p2b: Garchomp|2\n|-damage|p2a: Ninetales|80/100\n|-damage|p2b: Garchomp|0 fnt\n|faint|p2b: Garchomp\n|move|p2a: Ninetales|Icy Wind|p1b: Froslass|[spread] p1a,p1b\n|-resisted|p1a: Milotic|1\n|-resisted|p1b: Froslass|1\n|-damage|p1a: Milotic|81/100\n|-damage|p1b: Froslass|52/100\n|-unboost|p1a: Milotic|spe|1\n|-ability|p1a: Milotic|Competitive|boost\n|-boost|p1a: Milotic|spa|2\n|-unboost|p1b: Froslass|spe|1\n|move|p1a: Milotic|Icy Wind|p2a: Ninetales\n|-resisted|p2a: Ninetales|1\n|-damage|p2a: Ninetales|67/100\n|-unboost|p2a: Ninetales|spe|1\n|\n|-weather|Snowscape|[upkeep]\n|-heal|p1a: Milotic|87/100|[from] item: Leftovers\n|upkeep\n|\n|t:|1776230871\n|switch|p2b: Sneasler|Sneasler, L50, M|100/100\n|turn|3\n|\n|t:|1776230878\n|move|p2b: Sneasler|Dire Claw|p1a: Milotic\n|-damage|p1a: Milotic|39/100\n|move|p1b: Froslass|Aurora Veil|p1b: Froslass\n|-sidestart|p1: Paulina Bueno|move: Aurora Veil\n|move|p2a: Ninetales|Freeze-Dry|p1a: Milotic\n|-supereffective|p1a: Milotic|1\n|-damage|p1a: Milotic|15/100\n|move|p1a: Milotic|Icy Wind|p2b: Sneasler|[spread] p2b\n|-miss|p1a: Milotic|p2a: Ninetales\n|-damage|p2b: Sneasler|78/100\n|-unboost|p2b: Sneasler|spe|1\n|-enditem|p2b: Sneasler|White Herb\n|-clearnegativeboost|p2b: Sneasler|[silent]\n|\n|-weather|Snowscape|[upkeep]\n|-heal|p1a: Milotic|21/100|[from] item: Leftovers\n|upkeep\n|turn|4\n|\n|t:|1776230896\n|move|p2b: Sneasler|Dire Claw|p1b: Froslass\n|-resisted|p1b: Froslass|1\n|-damage|p1b: Froslass|36/100\n|move|p1b: Froslass|Will-O-Wisp|p2b: Sneasler|[miss]\n|-miss|p1b: Froslass|p2b: Sneasler\n|move|p2a: Ninetales|Freeze-Dry|p1a: Milotic\n|-supereffective|p1a: Milotic|1\n|-damage|p1a: Milotic|0 fnt\n|faint|p1a: Milotic\n|\n|-weather|Snowscape|[upkeep]\n|upkeep\n|\n|t:|1776230911\n|switch|p1a: Rotom|Rotom-Frost, L50, shiny|100/100\n|turn|5\n|\n|t:|1776230925\n|move|p2b: Sneasler|Close Combat|p1a: Rotom\n|-supereffective|p1a: Rotom|1\n|-damage|p1a: Rotom|36/100\n|-unboost|p2b: Sneasler|def|1\n|-unboost|p2b: Sneasler|spd|1\n|move|p1b: Froslass|Will-O-Wisp|p2b: Sneasler\n|-status|p2b: Sneasler|brn\n|move|p1a: Rotom|Thunder Wave|p2a: Ninetales\n|-status|p2a: Ninetales|par\n|move|p2a: Ninetales|Icy Wind|p1b: Froslass|[spread] p1a,p1b\n|-resisted|p1a: Rotom|1\n|-resisted|p1b: Froslass|1\n|-damage|p1a: Rotom|31/100\n|-damage|p1b: Froslass|32/100\n|-unboost|p1a: Rotom|spe|1\n|-unboost|p1b: Froslass|spe|1\n|\n|-weather|none\n|-damage|p2b: Sneasler|72/100 brn|[from] brn\n|-sideend|p2: scottyylmao|move: Aurora Veil\n|upkeep\n|turn|6\n|-activate|p1a: Rotom|item: Quick Claw\n|\n|t:|1776230944\n|switch|p1b: Garchomp|Garchomp, L50, M|100/100\n|move|p1a: Rotom|Discharge|p2b: Sneasler|[spread] p2a,p2b\n|-immune|p1b: Garchomp\n|-damage|p2a: Ninetales|34/100 par\n|-damage|p2b: Sneasler|10/100 brn\n|move|p2b: Sneasler|Dire Claw|p1b: Garchomp\n|-resisted|p1b: Garchomp|1\n|-damage|p1b: Garchomp|93/100\n|-damage|p2b: Sneasler|0 fnt|[from] ability: Rough Skin|[of] p1b: Garchomp\n|faint|p2b: Sneasler\n|move|p2a: Ninetales|Moonblast|p1b: Garchomp\n|-supereffective|p1b: Garchomp|1\n|-damage|p1b: Garchomp|48/100\n|\n|upkeep\n|\n|t:|1776230947\n|switch|p2b: Froslass|Froslass, L50, F|100/100\n|turn|7\n|\n|t:|1776230966\n|detailschange|p2b: Froslass|Froslass-Mega, L50, F\n|-mega|p2b: Froslass|Froslass|Froslassite\n|-weather|Snowscape|[from] ability: Snow Warning|[of] p2b: Froslass\n|move|p2b: Froslass|Blizzard|p1a: Rotom|[spread] p1a,p1b\n|-resisted|p1a: Rotom|1\n|-supereffective|p1b: Garchomp|2\n|-enditem|p1b: Garchomp|Yache Berry|[eat]\n|-enditem|p1b: Garchomp|Yache Berry|[weaken]\n|-damage|p1a: Rotom|15/100\n|-damage|p1b: Garchomp|0 fnt\n|faint|p1b: Garchomp\n|move|p1a: Rotom|Blizzard|p2a: Ninetales|[spread] p2a,p2b\n|-resisted|p2a: Ninetales|1\n|-resisted|p2b: Froslass|1\n|-damage|p2a: Ninetales|12/100 par\n|-damage|p2b: Froslass|78/100\n|move|p2a: Ninetales|Freeze-Dry|p1a: Rotom\n|-resisted|p1a: Rotom|1\n|-damage|p1a: Rotom|8/100\n|\n|-weather|Snowscape|[upkeep]\n|-sideend|p1: Paulina Bueno|move: Aurora Veil\n|upkeep\n|\n|t:|1776230979\n|switch|p1b: Froslass|Froslass-Mega, L50, F, shiny|32/100\n|turn|8\n|\n|t:|1776230993\n|move|p2b: Froslass|Shadow Ball|p1b: Froslass\n|-supereffective|p1b: Froslass|1\n|-damage|p1b: Froslass|0 fnt\n|faint|p1b: Froslass\n|move|p1a: Rotom|Discharge|p2a: Ninetales|[spread] p2a,p2b\n|-damage|p2a: Ninetales|0 fnt\n|-damage|p2b: Froslass|44/100\n|faint|p2a: Ninetales\n|\n|-weather|Snowscape|[upkeep]\n|upkeep\n|turn|9\n|\n|t:|1776231001\n|move|p2b: Froslass|Shadow Ball|p1a: Rotom\n|-damage|p1a: Rotom|0 fnt\n|faint|p1a: Rotom\n|\n|win|scottyylmao\n|raw|Paulina Bueno's rating: 1153 &rarr; <strong>1124</strong><br />(-29 for losing)\n|raw|scottyylmao's rating: 1094 &rarr; <strong>1124</strong><br />(+30 for winning)\n|c|\u2606scottyylmao|gg\n",
  "uploadtime": 1776231010,
  "views": 25,
  "formatid": "gen9championsvgc2026regma",
  "rating": 1124,
  "private": 0,
  "password": null
}