{
  "id": "gen9championsvgc2026regma-2589487093",
  "format": "[Gen 9 Champions] VGC 2026 Reg M-A",
  "players": [
    "satanisdaddy",
    "stinkyvomit"
  ],
  "log": "|j|\u2606satanisdaddy\n|j|\u2606stinkyvomit\n|t:|1776727396\n|gametype|doubles\n|player|p1|satanisdaddy|boarder|1024\n|player|p2|stinkyvomit|waiter|1113\n|gen|9\n|tier|[Gen 9 Champions] VGC 2026 Reg M-A\n|rated|\n|rule|Species Clause: Limit one of each Pok\u00e9mon\n|rule|Item Clause: Limit 1 of each item\n|clearpoke\n|poke|p1|Tinkaton, L50, F|\n|poke|p1|Liepard, L50, F|\n|poke|p1|Slowbro, L50, F|\n|poke|p1|Vivillon-Fancy, L50, F|\n|poke|p1|Decidueye-Hisui, L50, M|\n|poke|p1|Farigiraf, L50, F|\n|poke|p2|Greninja, L50, M|\n|poke|p2|Aggron, L50, M, shiny|\n|poke|p2|Vanilluxe, L50, M|\n|poke|p2|Whimsicott, L50, F, shiny|\n|poke|p2|Sinistcha, L50|\n|poke|p2|Garchomp, L50, F|\n|teampreview|4\nstinkyvomit rejected open team sheets.\n|inactive|Battle timer is ON: inactive players will automatically lose when time's up. (requested by stinkyvomit)\n|inactive|satanisdaddy has 60 seconds left.\n|\n|t:|1776727458\n|teamsize|p1|4\n|teamsize|p2|4\n|start\n|switch|p1a: Liepard|Liepard, L50, F|100/100\n|switch|p1b: Decidueye|Decidueye-Hisui, L50, M|100/100\n|switch|p2a: Whimsicott|Whimsicott, L50, F, shiny|100/100\n|switch|p2b: Garchomp|Garchomp, L50, F|100/100\n|turn|1\n|\n|t:|1776727481\n|move|p1a: Liepard|Trick|p2a: Whimsicott\n|-activate|p1a: Liepard|move: Trick|[of] p2a: Whimsicott\n|-item|p2a: Whimsicott|Choice Scarf|[from] move: Trick\n|-item|p1a: Liepard|Focus Sash|[from] move: Trick\n|move|p2a: Whimsicott|Dazzling Gleam|p1a: Liepard|[spread] p1a,p1b\n|-supereffective|p1a: Liepard|1\n|-supereffective|p1b: Decidueye|1\n|-damage|p1a: Liepard|26/100\n|-damage|p1b: Decidueye|48/100\n|move|p2b: Garchomp|Rock Slide|p1b: Decidueye|[spread] p1a,p1b\n|-resisted|p1b: Decidueye|1\n|-damage|p1a: Liepard|0 fnt\n|-damage|p1b: Decidueye|35/100\n|faint|p1a: Liepard\n|move|p1b: Decidueye|Tailwind|p1b: Decidueye\n|-sidestart|p1: satanisdaddy|move: Tailwind\n|\n|upkeep\n|\n|t:|1776727492\n|switch|p1a: Tinkaton|Tinkaton, L50, F|100/100\n|-ability|p1a: Tinkaton|Mold Breaker\n|turn|2\n|\n|t:|1776727506\n|switch|p2a: Vanilluxe|Vanilluxe, L50, M|100/100\n|-weather|Snowscape|[from] ability: Snow Warning|[of] p2a: Vanilluxe\n|move|p2b: Garchomp|Protect|p2b: Garchomp\n|-singleturn|p2b: Garchomp|Protect\n|move|p1a: Tinkaton|Fake Out|p2a: Vanilluxe\n|-damage|p2a: Vanilluxe|94/100\n|move|p1b: Decidueye|Leaf Blade|p2b: Garchomp\n|-activate|p2b: Garchomp|move: Protect\n|\n|-weather|Snowscape|[upkeep]\n|upkeep\n|turn|3\n|\n|t:|1776727526\n|move|p1a: Tinkaton|Helping Hand|p1b: Decidueye\n|-singleturn|p1b: Decidueye|Helping Hand|[of] p1a: Tinkaton\n|move|p1b: Decidueye|Triple Arrows|p2a: Vanilluxe\n|-supereffective|p2a: Vanilluxe|1\n|-crit|p2a: Vanilluxe\n|-damage|p2a: Vanilluxe|0 fnt\n|faint|p2a: Vanilluxe\n|move|p2b: Garchomp|Earthquake|p1a: Tinkaton|[spread] p1a,p1b\n|-supereffective|p1a: Tinkaton|1\n|-resisted|p1b: Decidueye|1\n|-damage|p1a: Tinkaton|9/100\n|-damage|p1b: Decidueye|10/100\n|\n|-weather|Snowscape|[upkeep]\n|-heal|p1a: Tinkaton|15/100|[from] item: Leftovers\n|upkeep\n|\n|t:|1776727538\n|switch|p2a: Whimsicott|Whimsicott, L50, F, shiny|100/100\n|turn|4\n|\n|t:|1776727556\n|move|p1a: Tinkaton|Helping Hand|p1b: Decidueye\n|-singleturn|p1b: Decidueye|Helping Hand|[of] p1a: Tinkaton\n|move|p2a: Whimsicott|Tailwind|p2a: Whimsicott\n|-sidestart|p2: stinkyvomit|move: Tailwind\n|move|p2b: Garchomp|Earthquake|p1b: Decidueye|[spread] p2a,p1a,p1b\n|-resisted|p2a: Whimsicott|1\n|-supereffective|p1a: Tinkaton|1\n|-resisted|p1b: Decidueye|1\n|-damage|p2a: Whimsicott|75/100\n|-damage|p1a: Tinkaton|0 fnt\n|-damage|p1b: Decidueye|0 fnt\n|faint|p1a: Tinkaton\n|faint|p1b: Decidueye\n|\n|-weather|Snowscape|[upkeep]\n|-sideend|p1: satanisdaddy|move: Tailwind\n|upkeep\n|\n|t:|1776727575\n|switch|p1b: Vivillon|Vivillon-Fancy, L50, F|100/100\n|turn|5\n|\n|t:|1776727583\n|switch|p2a: Greninja|Greninja, L50, M|100/100\n|move|p2b: Garchomp|Rock Slide|p1b: Vivillon\n|-supereffective|p1b: Vivillon|2\n|-damage|p1b: Vivillon|0 fnt\n|faint|p1b: Vivillon\n|\n|win|stinkyvomit\n|raw|satanisdaddy's rating: 1024 &rarr; <strong>1014</strong><br />(-10 for losing)\n|raw|stinkyvomit's rating: 1113 &rarr; <strong>1132</strong><br />(+19 for winning)\n|l|\u2606satanisdaddy\n|player|p1|\n|c|\u2606stinkyvomit|ggs\n",
  "uploadtime": 1776727596,
  "views": 6,
  "formatid": "gen9championsvgc2026regma",
  "rating": 1014,
  "private": 0,
  "password": null
}