{
  "id": "gen9championsvgc2026regma-2587837455",
  "format": "[Gen 9 Champions] VGC 2026 Reg M-A",
  "players": [
    "poopsweq69",
    "Danievania"
  ],
  "log": "|j|\u2606poopsweq69\n|j|\u2606Danievania\n|t:|1776569125\n|gametype|doubles\n|player|p1|poopsweq69|unknown|1441\n|player|p2|Danievania|byron|1461\n|gen|9\n|tier|[Gen 9 Champions] VGC 2026 Reg M-A\n|rated|\n|rule|Species Clause: Limit one of each Pok\u00e9mon\n|rule|Item Clause: Limit 1 of each item\n|clearpoke\n|poke|p1|Floette-Eternal, L50, F|\n|poke|p1|Sinistcha-Masterpiece, L50|\n|poke|p1|Incineroar, L50, M|\n|poke|p1|Sneasler, L50, M|\n|poke|p1|Aerodactyl, L50, F|\n|poke|p1|Scizor, L50, F, shiny|\n|poke|p2|Delphox, L50, M, shiny|\n|poke|p2|Sneasler, L50, F, shiny|\n|poke|p2|Garchomp, L50, F, shiny|\n|poke|p2|Aerodactyl, L50, F|\n|poke|p2|Kingambit, L50, M|\n|poke|p2|Sinistcha, L50|\n|teampreview|4\n|inactive|Battle timer is ON: inactive players will automatically lose when time's up. (requested by poopsweq69)\n|\n|t:|1776569154\n|teamsize|p1|4\n|teamsize|p2|4\n|start\n|switch|p1a: Sneasler|Sneasler, L50, M|100/100\n|switch|p1b: Aerodactyl|Aerodactyl, L50, F|100/100\n|switch|p2a: Sneasler|Sneasler, L50, F, shiny|100/100\n|switch|p2b: Aerodactyl|Aerodactyl, L50, F|100/100\n|-ability|p1b: Aerodactyl|Unnerve\n|turn|1\n|\n|t:|1776569179\n|move|p1a: Sneasler|Fake Out|p2a: Sneasler\n|-damage|p2a: Sneasler|78/100\n|cant|p2a: Sneasler|flinch\n|move|p1b: Aerodactyl|Tailwind|p1b: Aerodactyl\n|-sidestart|p1: poopsweq69|move: Tailwind\n|move|p2b: Aerodactyl|Tailwind|p2b: Aerodactyl\n|-sidestart|p2: Danievania|move: Tailwind\n|\n|upkeep\n|turn|2\n|\n|t:|1776569199\n|switch|p1a: Incineroar|Incineroar, L50, M|100/100\n|-ability|p1a: Incineroar|Intimidate|boost\n|-unboost|p2a: Sneasler|atk|1\n|-unboost|p2b: Aerodactyl|atk|1\n|move|p2a: Sneasler|Protect|p2a: Sneasler\n|-singleturn|p2a: Sneasler|Protect\n|move|p2b: Aerodactyl|Dual Wingbeat|p1a: Incineroar|[miss]\n|-miss|p2b: Aerodactyl|p1a: Incineroar\n|move|p1b: Aerodactyl|Dual Wingbeat|p2a: Sneasler\n|-activate|p2a: Sneasler|move: Protect\n|\n|upkeep\n|turn|3\n|\n|t:|1776569223\n|switch|p2a: Garchomp|Garchomp, L50, F, shiny|100/100\n|move|p2b: Aerodactyl|Protect|p2b: Aerodactyl\n|-singleturn|p2b: Aerodactyl|Protect\n|move|p1a: Incineroar|Fake Out|p2a: Garchomp\n|-damage|p2a: Garchomp|90/100\n|-damage|p1a: Incineroar|88/100|[from] ability: Rough Skin|[of] p2a: Garchomp\n|move|p1b: Aerodactyl|Rock Slide|p2a: Garchomp|[spread] \n|-activate|p2b: Aerodactyl|move: Protect\n|-miss|p1b: Aerodactyl|p2a: Garchomp\n|\n|upkeep\n|turn|4\n|\n|t:|1776569248\n|switch|p1a: Floette|Floette-Eternal, L50, F|100/100\n|move|p2b: Aerodactyl|Rock Slide|p1a: Floette|[spread] p1a,p1b\n|-supereffective|p1b: Aerodactyl|1\n|-damage|p1a: Floette|79/100\n|-damage|p1b: Aerodactyl|45/100\n|move|p1b: Aerodactyl|Rock Slide|p2b: Aerodactyl|[spread] p2a,p2b\n|-resisted|p2a: Garchomp|1\n|-supereffective|p2b: Aerodactyl|1\n|-damage|p2a: Garchomp|77/100\n|-damage|p2b: Aerodactyl|20/100\n|cant|p2a: Garchomp|flinch\n|\n|-sideend|p2: Danievania|move: Tailwind\n|-sideend|p1: poopsweq69|move: Tailwind\n|upkeep\n|turn|5\n|inactive|poopsweq69 has 30 seconds left.\n|inactive|Danievania has 30 seconds left.\n|inactive|poopsweq69 has 20 seconds left.\n|inactive|Danievania has 20 seconds left.\n|inactive|Danievania has 15 seconds left.\n|\n|t:|1776569290\n|switch|p1b: Incineroar|Incineroar, L50, M|88/100\n|-ability|p1b: Incineroar|Intimidate|boost\n|-unboost|p2a: Garchomp|atk|1\n|-unboost|p2b: Aerodactyl|atk|1\n|-enditem|p2a: Garchomp|White Herb\n|-clearnegativeboost|p2a: Garchomp|[silent]\n|detailschange|p1a: Floette|Floette-Mega, L50, F\n|-mega|p1a: Floette|Floette|Floettite\n|-ability|p1a: Floette|Fairy Aura\n|move|p2b: Aerodactyl|Tailwind|p2b: Aerodactyl\n|-sidestart|p2: Danievania|move: Tailwind\n|move|p2a: Garchomp|Dragon Claw|p1b: Incineroar\n|-damage|p1b: Incineroar|45/100\n|move|p1a: Floette|Calm Mind|p1a: Floette\n|-boost|p1a: Floette|spa|1\n|-boost|p1a: Floette|spd|1\n|\n|upkeep\n|turn|6\n|\n|t:|1776569315\n|move|p2a: Garchomp|Protect|p2a: Garchomp\n|-singleturn|p2a: Garchomp|Protect\n|move|p1b: Incineroar|Fake Out|p2b: Aerodactyl\n|-resisted|p2b: Aerodactyl|1\n|-damage|p2b: Aerodactyl|13/100\n|cant|p2b: Aerodactyl|flinch\n|move|p1a: Floette|Dazzling Gleam|p2a: Garchomp|[spread] p2b\n|-activate|p2a: Garchomp|move: Protect\n|-damage|p2b: Aerodactyl|0 fnt\n|faint|p2b: Aerodactyl\n|\n|upkeep\n|\n|t:|1776569324\n|switch|p2b: Delphox|Delphox, L50, M, shiny|100/100\n|turn|7\n|\n|t:|1776569336\n|switch|p1b: Sneasler|Sneasler, L50, M|100/100\n|detailschange|p2b: Delphox|Delphox-Mega, L50, M, shiny\n|-mega|p2b: Delphox|Delphox|Delphoxite\n|move|p1a: Floette|Protect|p1a: Floette\n|-singleturn|p1a: Floette|Protect\n|move|p2b: Delphox|Psyshock|p1a: Floette\n|-activate|p1a: Floette|move: Protect\n|move|p2a: Garchomp|Earthquake|p1b: Sneasler|[spread] p1b\n|-activate|p1a: Floette|move: Protect\n|-immune|p2b: Delphox|[from] ability: Levitate\n|-supereffective|p1b: Sneasler|1\n|-damage|p1b: Sneasler|0 fnt\n|faint|p1b: Sneasler\n|\n|upkeep\n|\n|t:|1776569350\n|switch|p1b: Incineroar|Incineroar, L50, M|45/100\n|-ability|p1b: Incineroar|Intimidate|boost\n|-unboost|p2a: Garchomp|atk|1\n|-unboost|p2b: Delphox|atk|1\n|turn|8\n|inactive|Danievania has 30 seconds left.\n|\n|t:|1776569377\n|move|p1b: Incineroar|Fake Out|p2b: Delphox\n|-damage|p2b: Delphox|84/100\n|cant|p2b: Delphox|flinch\n|move|p2a: Garchomp|Earthquake|p1b: Incineroar|[spread] p1a,p1b\n|-immune|p2b: Delphox|[from] ability: Levitate\n|-supereffective|p1b: Incineroar|1\n|-damage|p1a: Floette|49/100\n|-damage|p1b: Incineroar|0 fnt\n|faint|p1b: Incineroar\n|move|p1a: Floette|Dazzling Gleam|p2a: Garchomp|[spread] p2a,p2b\n|-supereffective|p2a: Garchomp|1\n|-resisted|p2b: Delphox|1\n|-damage|p2a: Garchomp|0 fnt\n|-damage|p2b: Delphox|56/100\n|faint|p2a: Garchomp\n|\n|-sideend|p2: Danievania|move: Tailwind\n|upkeep\n|\n|t:|1776569394\n|switch|p2a: Sneasler|Sneasler, L50, F, shiny|78/100\n|switch|p1b: Aerodactyl|Aerodactyl, L50, F|45/100\n|-ability|p1b: Aerodactyl|Unnerve\n|turn|9\n|\n|t:|1776569422\n|move|p1b: Aerodactyl|Protect|p1b: Aerodactyl\n|-singleturn|p1b: Aerodactyl|Protect\n|move|p1a: Floette|Protect|p1a: Floette\n|-singleturn|p1a: Floette|Protect\n|move|p2a: Sneasler|Fake Out|p1b: Aerodactyl\n|-activate|p1b: Aerodactyl|move: Protect\n|move|p2b: Delphox|Psyshock|p1a: Floette\n|-activate|p1a: Floette|move: Protect\n|\n|upkeep\n|turn|10\n|inactive|poopsweq69 has 30 seconds left.\n|inactive|Danievania has 30 seconds left.\n|\n|t:|1776569455\n|move|p2b: Delphox|Psyshock|p1b: Aerodactyl\n|-damage|p1b: Aerodactyl|0 fnt\n|faint|p1b: Aerodactyl\n|move|p2a: Sneasler|Dire Claw|p1a: Floette\n|-supereffective|p1a: Floette|1\n|-damage|p1a: Floette|0 fnt\n|faint|p1a: Floette\n|\n|win|Danievania\n|raw|poopsweq69's rating: 1441 &rarr; <strong>1422</strong><br />(-19 for losing)\n|raw|Danievania's rating: 1461 &rarr; <strong>1480</strong><br />(+19 for winning)\n|l|\u2606Danievania\n|player|p2|\n",
  "uploadtime": 1776569468,
  "views": 14,
  "formatid": "gen9championsvgc2026regma",
  "rating": 1422,
  "private": 0,
  "password": null
}