{
  "id": "gen9championsvgc2026regma-2586871632",
  "format": "[Gen 9 Champions] VGC 2026 Reg M-A",
  "players": [
    "Dani20YT",
    "Todo CCT"
  ],
  "log": "|j|\u2606Dani20YT\n|j|\u2606Todo CCT\n|t:|1776467176\n|gametype|doubles\n|player|p1|Dani20YT|hilbert|1425\n|player|p2|Todo CCT|giovanni|1420\n|gen|9\n|tier|[Gen 9 Champions] VGC 2026 Reg M-A\n|rated|\n|rule|Species Clause: Limit one of each Pok\u00e9mon\n|rule|Item Clause: Limit 1 of each item\n|clearpoke\n|poke|p1|Gengar, L50, F|\n|poke|p1|Incineroar, L50, M|\n|poke|p1|Sinistcha, L50|\n|poke|p1|Kingambit, L50, F|\n|poke|p1|Tyranitar, L50, M|\n|poke|p1|Kommo-o, L50, F|\n|poke|p2|Sneasler, L50, M|\n|poke|p2|Kingambit, L50, M|\n|poke|p2|Farigiraf, L50, F|\n|poke|p2|Torkoal, L50, M|\n|poke|p2|Whimsicott, L50, F|\n|poke|p2|Floette-Eternal, L50, F|\n|teampreview|4\n|\n|t:|1776467203\n|teamsize|p1|4\n|teamsize|p2|4\n|start\n|switch|p1a: Kingambit|Kingambit, L50, F|100/100\n|switch|p1b: Gengar|Gengar, L50, F|100/100\n|switch|p2a: Kingambit|Kingambit, L50, M|100/100\n|switch|p2b: Whimsicott|Whimsicott, L50, F|100/100\n|turn|1\n|\n|t:|1776467214\n|switch|p2b: Farigiraf|Farigiraf, L50, F|100/100\n|detailschange|p1b: Gengar|Gengar-Mega, L50, F\n|-mega|p1b: Gengar|Gengar|Gengarite\n|move|p1b: Gengar|Substitute|p1b: Gengar\n|-start|p1b: Gengar|Substitute\n|-damage|p1b: Gengar|76/100\n|move|p2a: Kingambit|Low Kick|p1a: Kingambit\n|-supereffective|p1a: Kingambit|2\n|-enditem|p1a: Kingambit|Chople Berry|[eat]\n|-enditem|p1a: Kingambit|Chople Berry|[weaken]\n|-damage|p1a: Kingambit|45/100\n|move|p1a: Kingambit|Low Kick|p2a: Kingambit\n|-supereffective|p2a: Kingambit|2\n|-enditem|p2a: Kingambit|Chople Berry|[eat]\n|-enditem|p2a: Kingambit|Chople Berry|[weaken]\n|-damage|p2a: Kingambit|47/100\n|\n|upkeep\n|turn|2\n|j| GentleH\n|\n|t:|1776467238\n|move|p1a: Kingambit|Protect|p1a: Kingambit\n|-singleturn|p1a: Kingambit|Protect\n|move|p1b: Gengar|Perish Song|p1b: Gengar\n|-start|p1a: Kingambit|perish3|[silent]\n|-start|p1b: Gengar|perish3|[silent]\n|-start|p2a: Kingambit|perish3|[silent]\n|-start|p2b: Farigiraf|perish3|[silent]\n|-fieldactivate|move: Perish Song\n|move|p2a: Kingambit|Low Kick|p1a: Kingambit\n|-activate|p1a: Kingambit|move: Protect\n|move|p2b: Farigiraf|Twin Beam|p1b: Gengar\n|-supereffective|p1b: Gengar|1\n|-end|p1b: Gengar|Substitute\n|-supereffective|p1b: Gengar|1\n|-damage|p1b: Gengar|35/100\n|-hitcount|p1b: Gengar|2\n|\n|-start|p1b: Gengar|perish3\n|-start|p2a: Kingambit|perish3\n|-start|p2b: Farigiraf|perish3\n|-start|p1a: Kingambit|perish3\n|upkeep\n|turn|3\n|\n|t:|1776467250\n|switch|p1a: Sinistcha|Sinistcha, L50|100/100\n|-heal|p1b: Gengar|60/100|[from] ability: Hospitality|[of] p1a: Sinistcha\n|move|p1b: Gengar|Protect|p1b: Gengar\n|-singleturn|p1b: Gengar|Protect\n|move|p2a: Kingambit|Low Kick|p1a: Sinistcha\n|-immune|p1a: Sinistcha\n|move|p2b: Farigiraf|Trick Room|p2b: Farigiraf\n|-fieldstart|move: Trick Room|[of] p2b: Farigiraf\n|\n|-start|p2b: Farigiraf|perish2\n|-start|p2a: Kingambit|perish2\n|-start|p1b: Gengar|perish2\n|upkeep\n|turn|4\n|\n|t:|1776467292\n|move|p2b: Farigiraf|Helping Hand|p2a: Kingambit\n|-singleturn|p2a: Kingambit|Helping Hand|[of] p2b: Farigiraf\n|move|p1b: Gengar|Protect|p1b: Gengar\n|-singleturn|p1b: Gengar|Protect\n|move|p1a: Sinistcha|Rage Powder|p1a: Sinistcha\n|-singleturn|p1a: Sinistcha|move: Rage Powder\n|move|p2a: Kingambit|Kowtow Cleave|p1a: Sinistcha\n|-supereffective|p1a: Sinistcha|1\n|-damage|p1a: Sinistcha|0 fnt\n|faint|p1a: Sinistcha\n|\n|-start|p2b: Farigiraf|perish1\n|-start|p2a: Kingambit|perish1\n|-start|p1b: Gengar|perish1\n|upkeep\n|\n|t:|1776467306\n|switch|p1a: Kingambit|Kingambit, L50, F|45/100\n|turn|5\n|\n|t:|1776467319\n|switch|p1b: Incineroar|Incineroar, L50, M, shiny|100/100\n|-ability|p1b: Incineroar|Intimidate|boost\n|-unboost|p2a: Kingambit|atk|1\n|-ability|p2a: Kingambit|Defiant|boost\n|-boost|p2a: Kingambit|atk|2\n|-unboost|p2b: Farigiraf|atk|1\n|move|p1a: Kingambit|Protect|p1a: Kingambit\n|-singleturn|p1a: Kingambit|Protect\n|move|p2a: Kingambit|Low Kick|p1b: Incineroar\n|-supereffective|p1b: Incineroar|1\n|-crit|p1b: Incineroar\n|-damage|p1b: Incineroar|0 fnt\n|faint|p1b: Incineroar\n|move|p2b: Farigiraf|Trick Room|p2b: Farigiraf\n|-fieldend|move: Trick Room\n|\n|-start|p2a: Kingambit|perish0\n|-start|p2b: Farigiraf|perish0\n|faint|p2a: Kingambit\n|faint|p2b: Farigiraf\n|upkeep\n|\n|t:|1776467331\n|switch|p2a: Whimsicott|Whimsicott, L50, F|100/100\n|switch|p1b: Gengar|Gengar-Mega, L50, F|60/100\n|switch|p2b: Floette|Floette-Eternal, L50, F|100/100\n|turn|6\n|\n|t:|1776467341\n|detailschange|p2b: Floette|Floette-Mega, L50, F\n|-mega|p2b: Floette|Floette|Floettite\n|-ability|p2b: Floette|Fairy Aura\n|move|p2a: Whimsicott|Tailwind|p2a: Whimsicott\n|-sidestart|p2: Todo CCT|move: Tailwind\n|move|p2b: Floette|Dazzling Gleam|p1b: Gengar|[spread] p1a,p1b\n|-resisted|p1b: Gengar|1\n|-damage|p1a: Kingambit|0 fnt\n|-damage|p1b: Gengar|33/100\n|faint|p1a: Kingambit\n|move|p1b: Gengar|Shadow Ball|p2a: Whimsicott\n|-damage|p2a: Whimsicott|30/100\n|\n|upkeep\n|turn|7\n|\n|t:|1776467352\n|move|p1b: Gengar|Protect|p1b: Gengar\n|-singleturn|p1b: Gengar|Protect\n|move|p2a: Whimsicott|Fake Tears|p1b: Gengar\n|-activate|p1b: Gengar|move: Protect\n|move|p2b: Floette|Moonblast|p1b: Gengar\n|-activate|p1b: Gengar|move: Protect\n|\n|upkeep\n|turn|8\n|l| GentleH\n|\n|t:|1776467359\n|move|p1b: Gengar|Protect|p1b: Gengar\n|-singleturn|p1b: Gengar|Protect\n|move|p2a: Whimsicott|Encore|p1b: Gengar\n|-activate|p1b: Gengar|move: Protect\n|move|p2b: Floette|Moonblast|p1b: Gengar\n|-activate|p1b: Gengar|move: Protect\n|\n|upkeep\n|turn|9\n|\n|t:|1776467363\n|move|p2a: Whimsicott|Encore|p1b: Gengar\n|-start|p1b: Gengar|Encore\n|move|p1b: Gengar|Protect||[still]\n|-fail|p1b: Gengar\n|move|p2b: Floette|Moonblast|p1b: Gengar\n|-resisted|p1b: Gengar|1\n|-damage|p1b: Gengar|0 fnt\n|faint|p1b: Gengar\n|\n|win|Todo CCT\n|raw|Dani20YT's rating: 1425 &rarr; <strong>1405</strong><br />(-20 for losing)\n|raw|Todo CCT's rating: 1420 &rarr; <strong>1440</strong><br />(+20 for winning)\n|l|\u2606Dani20YT\n|player|p1|\n",
  "uploadtime": 1776467370,
  "views": 38,
  "formatid": "gen9championsvgc2026regma",
  "rating": 1405,
  "private": 0,
  "password": null
}