{
  "id": "gen9championsvgc2026regma-2582269817",
  "format": "[Gen 9 Champions] VGC 2026 Reg M-A",
  "players": [
    "clodsirethebest",
    "SCPRafael"
  ],
  "log": "|j|\u2606clodsirethebest\n|j|\u2606SCPRafael\n|t:|1776078226\n|gametype|doubles\n|player|p1|clodsirethebest|101|1249\n|player|p2|SCPRafael|170|1216\n|gen|9\n|tier|[Gen 9 Champions] VGC 2026 Reg M-A\n|rated|\n|rule|Species Clause: Limit one of each Pok\u00e9mon\n|rule|Item Clause: Limit 1 of each item\n|clearpoke\n|poke|p1|Gardevoir, L50, M|\n|poke|p1|Aegislash, L50, M|\n|poke|p1|Aerodactyl, L50, F|\n|poke|p1|Tauros-Paldea-Aqua, L50, M|\n|poke|p1|Hydreigon, L50, F|\n|poke|p1|Rotom-Heat, L50|\n|poke|p2|Aegislash, L50, F|\n|poke|p2|Sneasler, L50, F|\n|poke|p2|Froslass, L50, F|\n|poke|p2|Volcarona, L50, F|\n|poke|p2|Araquanid, L50, M|\n|poke|p2|Garchomp, L50, M|\n|teampreview|4\n|inactive|Battle timer is ON: inactive players will automatically lose when time's up. (requested by clodsirethebest)\n|inactive|SCPRafael has 60 seconds left.\n|inactive|SCPRafael has 30 seconds left.\n|inactive|SCPRafael has 20 seconds left.\n|\n|t:|1776078340\n|teamsize|p1|4\n|teamsize|p2|4\n|start\n|switch|p1a: Rotom|Rotom-Heat, L50|100/100\n|switch|p1b: Gardevoir|Gardevoir, L50, M|100/100\n|switch|p2a: Sneasler|Sneasler, L50, F, shiny|100/100\n|switch|p2b: Froslass|Froslass, L50, F, shiny|100/100\n|turn|1\n|\n|t:|1776078357\n|detailschange|p2b: Froslass|Froslass-Mega, L50, F, shiny\n|-mega|p2b: Froslass|Froslass|Froslassite\n|-weather|Snowscape|[from] ability: Snow Warning|[of] p2b: Froslass\n|move|p1b: Gardevoir|Protect|p1b: Gardevoir\n|-singleturn|p1b: Gardevoir|Protect\n|move|p2a: Sneasler|Fake Out|p1a: Rotom\n|-damage|p1a: Rotom|84/100\n|cant|p1a: Rotom|flinch\n|move|p2b: Froslass|Shadow Ball|p1b: Gardevoir\n|-activate|p1b: Gardevoir|move: Protect\n|\n|-weather|Snowscape|[upkeep]\n|upkeep\n|turn|2\n|inactive|SCPRafael has 30 seconds left.\n|\n|t:|1776078386\n|switch|p2b: Araquanid|Araquanid, L50, M, shiny|100/100\n|switch|p1b: Tauros|Tauros-Paldea-Aqua, L50, M|100/100\n|-ability|p1b: Tauros|Intimidate|boost\n|-unboost|p2a: Sneasler|atk|1\n|-unboost|p2b: Araquanid|atk|1\n|move|p1a: Rotom|Overheat|p2b: Araquanid\n|-damage|p2b: Araquanid|76/100\n|-unboost|p1a: Rotom|spa|2\n|move|p2a: Sneasler|Dire Claw|p1b: Tauros\n|-damage|p1b: Tauros|72/100\n|-status|p1b: Tauros|par\n|\n|-weather|Snowscape|[upkeep]\n|upkeep\n|turn|3\n|\n|t:|1776078410\n|switch|p1a: Aerodactyl|Aerodactyl, L50, F|100/100\n|-ability|p1a: Aerodactyl|Unnerve\n|move|p2a: Sneasler|Dire Claw|p1a: Aerodactyl\n|-resisted|p1a: Aerodactyl|1\n|-damage|p1a: Aerodactyl|77/100\n|-status|p1a: Aerodactyl|psn|[from] ability: Poison Touch|[of] p2a: Sneasler\n|move|p1b: Tauros|Wave Crash|p2a: Sneasler\n|-damage|p2a: Sneasler|13/100\n|-damage|p1b: Tauros|47/100 par|[from] Recoil\n|move|p2b: Araquanid|Liquidation|p1a: Aerodactyl\n|-supereffective|p1a: Aerodactyl|1\n|-damage|p1a: Aerodactyl|0 fnt\n|faint|p1a: Aerodactyl\n|\n|-weather|Snowscape|[upkeep]\n|upkeep\n|\n|t:|1776078428\n|switch|p1a: Gardevoir|Gardevoir, L50, M|100/100\n|turn|4\n|\n|t:|1776078446\n|move|p1a: Gardevoir|Protect|p1a: Gardevoir\n|-singleturn|p1a: Gardevoir|Protect\n|cant|p1b: Tauros|par\n|move|p2a: Sneasler|Dire Claw|p1a: Gardevoir\n|-activate|p1a: Gardevoir|move: Protect\n|move|p2b: Araquanid|Leech Life|p1a: Gardevoir\n|-activate|p1a: Gardevoir|move: Protect\n|\n|-weather|Snowscape|[upkeep]\n|upkeep\n|turn|5\n|\n|t:|1776078458\n|switch|p1a: Rotom|Rotom-Heat, L50|84/100\n|move|p1b: Tauros|Aqua Jet|p2a: Sneasler\n|-damage|p2a: Sneasler|0 fnt\n|faint|p2a: Sneasler\n|move|p2b: Araquanid|Leech Life|p1a: Rotom\n|-resisted|p1a: Rotom|1\n|-damage|p1a: Rotom|74/100\n|-heal|p2b: Araquanid|81/100|[from] drain|[of] p1a: Rotom\n|\n|-weather|none\n|upkeep\n|\n|t:|1776078472\n|switch|p2a: Garchomp|Garchomp, L50, M, shiny|100/100\n|turn|6\n|inactive|clodsirethebest has 30 seconds left.\n|\n|t:|1776078499\n|move|p2a: Garchomp|Dragon Claw|p1b: Tauros\n|-damage|p1b: Tauros|6/100 par\n|move|p1a: Rotom|Thunderbolt|p2b: Araquanid\n|-supereffective|p2b: Araquanid|1\n|-damage|p2b: Araquanid|12/100\n|move|p1b: Tauros|Close Combat|p2b: Araquanid\n|-resisted|p2b: Araquanid|1\n|-damage|p2b: Araquanid|0 fnt\n|-unboost|p1b: Tauros|def|1\n|-unboost|p1b: Tauros|spd|1\n|faint|p2b: Araquanid\n|\n|upkeep\n|\n|t:|1776078508\n|switch|p2b: Froslass|Froslass-Mega, L50, F, shiny|100/100\n|-weather|Snowscape|[from] ability: Snow Warning|[of] p2b: Froslass\n|turn|7\n|\n|t:|1776078530\n|move|p1b: Tauros|Aqua Jet|p2a: Garchomp\n|-crit|p2a: Garchomp\n|-damage|p2a: Garchomp|72/100\n|-damage|p1b: Tauros|0 fnt|[from] ability: Rough Skin|[of] p2a: Garchomp\n|faint|p1b: Tauros\n|move|p2a: Garchomp|Dragon Claw|p1a: Rotom\n|-crit|p1a: Rotom\n|-damage|p1a: Rotom|0 fnt\n|faint|p1a: Rotom\n|move|p2b: Froslass|Blizzard|p1: Rotom|[notarget]\n|-fail|p2b: Froslass\n|\n|-weather|Snowscape|[upkeep]\n|upkeep\n|\n|t:|1776078542\n|switch|p1b: Gardevoir|Gardevoir, L50, M|100/100\n|turn|8\n|\n|t:|1776078549\n|detailschange|p1b: Gardevoir|Gardevoir-Mega, L50, M\n|-mega|p1b: Gardevoir|Gardevoir|Gardevoirite\n|move|p2a: Garchomp|Dragon Claw|p1b: Gardevoir\n|-immune|p1b: Gardevoir\n|move|p2b: Froslass|Shadow Ball|p1b: Gardevoir\n|-supereffective|p1b: Gardevoir|1\n|-damage|p1b: Gardevoir|25/100\n|move|p1b: Gardevoir|Hyper Voice|p2a: Garchomp|[spread] p2a,p2b\n|-supereffective|p2a: Garchomp|1\n|-damage|p2a: Garchomp|0 fnt\n|-damage|p2b: Froslass|49/100\n|faint|p2a: Garchomp\n|\n|-weather|Snowscape|[upkeep]\n|upkeep\n|turn|9\n|c|\u2606clodsirethebest|that crit\n|c|\u2606clodsirethebest|to rotom\n|c|\u2606clodsirethebest|gave u the game\n|c|\u2606clodsirethebest|incredible\n|inactive|clodsirethebest has 30 seconds left.\n|\n|t:|1776078580\n|move|p1b: Gardevoir|Protect|p1b: Gardevoir\n|-singleturn|p1b: Gardevoir|Protect\n|move|p2b: Froslass|Shadow Ball|p1b: Gardevoir\n|-activate|p1b: Gardevoir|move: Protect\n|\n|-weather|Snowscape|[upkeep]\n|upkeep\n|turn|10\n|\n|t:|1776078587\n|move|p2b: Froslass|Shadow Ball|p1b: Gardevoir\n|-supereffective|p1b: Gardevoir|1\n|-damage|p1b: Gardevoir|0 fnt\n|faint|p1b: Gardevoir\n|\n|win|SCPRafael\n|raw|clodsirethebest's rating: 1249 &rarr; <strong>1222</strong><br />(-27 for losing)\n|raw|SCPRafael's rating: 1216 &rarr; <strong>1243</strong><br />(+27 for winning)\n|l|\u2606clodsirethebest\n|player|p1|\n",
  "uploadtime": 1776078591,
  "views": 32,
  "formatid": "gen9championsvgc2026regma",
  "rating": 1222,
  "private": 0,
  "password": null
}