{
  "id": "gen9championsvgc2026regma-2583915413",
  "format": "[Gen 9 Champions] VGC 2026 Reg M-A",
  "players": [
    "hugeevee",
    "conflict1914"
  ],
  "log": "|j|\u2606hugeevee\n|j|\u2606conflict1914\n|t:|1776207957\n|gametype|doubles\n|player|p1|hugeevee|1|1111\n|player|p2|conflict1914|1|1062\n|gen|9\n|tier|[Gen 9 Champions] VGC 2026 Reg M-A\n|rated|\n|rule|Species Clause: Limit one of each Pok\u00e9mon\n|rule|Item Clause: Limit 1 of each item\n|clearpoke\n|poke|p1|Gyarados, L50, M|\n|poke|p1|Dragonite, L50, M|\n|poke|p1|Raichu, L50, M|\n|poke|p1|Pelipper, L50, F|\n|poke|p1|Sylveon, L50, F|\n|poke|p1|Incineroar, L50, M|\n|poke|p2|Gengar, L50, F|\n|poke|p2|Incineroar, L50, M|\n|poke|p2|Toxapex, L50, M|\n|poke|p2|Conkeldurr, L50, F|\n|poke|p2|Sableye, L50, M|\n|poke|p2|Garchomp, L50, F|\n|teampreview|4\n|\n|t:|1776208003\n|teamsize|p1|4\n|teamsize|p2|4\n|start\n|switch|p1a: Capi|Raichu, L50, M, shiny|100/100\n|switch|p1b: Pelipper|Pelipper, L50, F|100/100\n|switch|p2a: Gengar|Gengar, L50, F|100/100\n|switch|p2b: Incineroar|Incineroar, L50, M|100/100\n|-ability|p2b: Incineroar|Intimidate|boost\n|-unboost|p1a: Capi|atk|1\n|-unboost|p1b: Pelipper|atk|1\n|-weather|RainDance|[from] ability: Drizzle|[of] p1b: Pelipper\n|turn|1\n|\n|t:|1776208028\n|detailschange|p2a: Gengar|Gengar-Mega, L50, F\n|-mega|p2a: Gengar|Gengar|Gengarite\n|move|p1a: Capi|Fake Out|p2b: Incineroar\n|-damage|p2b: Incineroar|96/100\n|cant|p2b: Incineroar|flinch\n|move|p2a: Gengar|Shadow Ball|p1a: Capi\n|-damage|p1a: Capi|41/100\n|move|p1b: Pelipper|Weather Ball|p2a: Gengar\n|-damage|p2a: Gengar|42/100\n|\n|-weather|RainDance|[upkeep]\n|-heal|p2b: Incineroar|100/100|[from] item: Leftovers\n|upkeep\n|turn|2\n|\n|t:|1776208048\n|move|p1a: Capi|Protect|p1a: Capi\n|-singleturn|p1a: Capi|Protect\n|move|p2a: Gengar|Shadow Ball|p1a: Capi\n|-activate|p1a: Capi|move: Protect\n|move|p2b: Incineroar|Parting Shot|p1b: Pelipper\n|-unboost|p1b: Pelipper|atk|1\n|-unboost|p1b: Pelipper|spa|1\n|\n|t:|1776208057\n|switch|p2b: Garchomp|Garchomp, L50, F|100/100|[from] Parting Shot\n|move|p1b: Pelipper|Tailwind|p1b: Pelipper\n|-sidestart|p1: hugeevee|move: Tailwind\n|\n|-weather|RainDance|[upkeep]\n|upkeep\n|turn|3\n|\n|t:|1776208072\n|move|p1a: Capi|Nuzzle|p2a: Gengar\n|-damage|p2a: Gengar|36/100\n|-status|p2a: Gengar|par\n|move|p1b: Pelipper|Hurricane|p2a: Gengar\n|-damage|p2a: Gengar|6/100 par\n|move|p2b: Garchomp|Dragon Claw|p1b: Pelipper\n|-damage|p1b: Pelipper|62/100\n|move|p2a: Gengar|Shadow Ball|p1a: Capi\n|-damage|p1a: Capi|0 fnt\n|faint|p1a: Capi\n|\n|-weather|RainDance|[upkeep]\n|upkeep\n|\n|t:|1776208086\n|switch|p1a: Gyarados|Gyarados, L50, M, shiny|100/100\n|-ability|p1a: Gyarados|Intimidate|boost\n|-unboost|p2a: Gengar|atk|1\n|-unboost|p2b: Garchomp|atk|1\n|turn|4\n|\n|t:|1776208102\n|switch|p2b: Toxapex|Toxapex, L50, M|100/100\n|move|p2a: Gengar|Protect|p2a: Gengar\n|-singleturn|p2a: Gengar|Protect\n|move|p1a: Gyarados|Dragon Dance|p1a: Gyarados\n|-boost|p1a: Gyarados|atk|1\n|-boost|p1a: Gyarados|spe|1\n|move|p1b: Pelipper|Hurricane|p2a: Gengar\n|-activate|p2a: Gengar|move: Protect\n|\n|-weather|RainDance|[upkeep]\n|upkeep\n|turn|5\n|\n|t:|1776208121\n|detailschange|p1a: Gyarados|Gyarados-Mega, L50, M, shiny\n|-mega|p1a: Gyarados|Gyarados|Gyaradosite\n|-ability|p1a: Gyarados|Mold Breaker\n|move|p1a: Gyarados|Earthquake|p2a: Gengar|[spread] p2a,p2b\n|-immune|p1b: Pelipper\n|-supereffective|p2a: Gengar|1\n|-supereffective|p2b: Toxapex|1\n|-damage|p2a: Gengar|0 fnt\n|-damage|p2b: Toxapex|34/100\n|faint|p2a: Gengar\n|move|p1b: Pelipper|Hurricane|p2b: Toxapex\n|-damage|p2b: Toxapex|13/100\n|move|p2b: Toxapex|Gunk Shot|p1a: Gyarados\n|-crit|p1a: Gyarados\n|-damage|p1a: Gyarados|56/100\n|-status|p1a: Gyarados|psn\n|\n|-weather|none\n|-damage|p1a: Gyarados|44/100 psn|[from] psn\n|-sideend|p1: hugeevee|move: Tailwind\n|upkeep\n|\n|t:|1776208137\n|switch|p2a: Garchomp|Garchomp, L50, F|100/100\n|turn|6\n|\n|t:|1776208150\n|move|p2b: Toxapex|Baneful Bunker|p2b: Toxapex\n|-singleturn|p2b: Toxapex|move: Protect\n|move|p1a: Gyarados|Earthquake|p2b: Toxapex|[spread] p2a\n|-activate|p2b: Toxapex|move: Protect\n|-immune|p1b: Pelipper\n|-damage|p2a: Garchomp|56/100\n|move|p2a: Garchomp|Earthquake|p1b: Pelipper|[spread] p1a\n|-activate|p2b: Toxapex|move: Protect\n|-immune|p1b: Pelipper\n|-damage|p1a: Gyarados|2/100 psn\n|move|p1b: Pelipper|Tailwind|p1b: Pelipper\n|-sidestart|p1: hugeevee|move: Tailwind\n|\n|-damage|p1a: Gyarados|0 fnt|[from] psn\n|faint|p1a: Gyarados\n|upkeep\n|\n|t:|1776208165\n|switch|p1a: Sylveon|Sylveon, L50, F, shiny|100/100\n|turn|7\n|c|\u2606conflict1914|??? Why did Garchomp lose health?\n|\n|t:|1776208200\n|move|p1b: Pelipper|Hurricane|p2a: Garchomp|[miss]\n|-miss|p1b: Pelipper|p2a: Garchomp\n|move|p1a: Sylveon|Hyper Voice|p2b: Toxapex|[spread] p2a,p2b\n|-supereffective|p2a: Garchomp|1\n|-resisted|p2b: Toxapex|1\n|-damage|p2a: Garchomp|0 fnt\n|-damage|p2b: Toxapex|0 fnt\n|faint|p2a: Garchomp\n|faint|p2b: Toxapex\n|\n|upkeep\n|\n|t:|1776208213\n|switch|p2a: Incineroar|Incineroar, L50, M|100/100\n|-ability|p2a: Incineroar|Intimidate|boost\n|-unboost|p1a: Sylveon|atk|1\n|-unboost|p1b: Pelipper|atk|1\n|turn|8\n|\n|t:|1776208222\n|move|p2a: Incineroar|Fake Out|p1a: Sylveon\n|-damage|p1a: Sylveon|88/100\n|move|p1b: Pelipper|Hurricane|p2a: Incineroar\n|-damage|p2a: Incineroar|77/100\n|-start|p2a: Incineroar|confusion\n|cant|p1a: Sylveon|flinch\n|\n|-heal|p1a: Sylveon|94/100|[from] item: Leftovers\n|-heal|p2a: Incineroar|83/100|[from] item: Leftovers\n|upkeep\n|turn|9\n|\n|t:|1776208234\n|move|p1b: Pelipper|Hurricane|p2a: Incineroar|[miss]\n|-miss|p1b: Pelipper|p2a: Incineroar\n|move|p1a: Sylveon|Hyper Voice|p2a: Incineroar\n|-damage|p2a: Incineroar|31/100\n|-activate|p2a: Incineroar|confusion\n|-damage|p2a: Incineroar|20/100|[from] confusion\n|\n|-heal|p1a: Sylveon|99/100|[from] item: Leftovers\n|-heal|p2a: Incineroar|26/100|[from] item: Leftovers\n|-sideend|p1: hugeevee|move: Tailwind\n|upkeep\n|turn|10\n|\n|t:|1776208249\n|-end|p2a: Incineroar|confusion\n|move|p2a: Incineroar|Flare Blitz|p1a: Sylveon\n|-damage|p1a: Sylveon|39/100\n|-status|p1a: Sylveon|brn\n|-damage|p2a: Incineroar|6/100|[from] Recoil\n|move|p1b: Pelipper|Tailwind|p1b: Pelipper\n|-sidestart|p1: hugeevee|move: Tailwind\n|move|p1a: Sylveon|Hyper Voice|p2a: Incineroar\n|-damage|p2a: Incineroar|0 fnt\n|faint|p2a: Incineroar\n|\n|win|hugeevee\n|raw|hugeevee's rating: 1111 &rarr; <strong>1132</strong><br />(+21 for winning)\n|raw|conflict1914's rating: 1062 &rarr; <strong>1045</strong><br />(-17 for losing)\n|l|\u2606hugeevee\n|player|p1|\n|j|+mist\n",
  "uploadtime": 1776208372,
  "views": 13,
  "formatid": "gen9championsvgc2026regma",
  "rating": 1045,
  "private": 0,
  "password": null
}