{
  "id": "gen9championsvgc2026regma-2586446309",
  "format": "[Gen 9 Champions] VGC 2026 Reg M-A",
  "players": [
    "crosspoisonvgc",
    "EllAkuro"
  ],
  "log": "|j|\u2606crosspoisonvgc\n|j|\u2606EllAkuro\n|t:|1776435259\n|gametype|doubles\n|player|p1|crosspoisonvgc|101|1363\n|player|p2|EllAkuro|101|1368\n|gen|9\n|tier|[Gen 9 Champions] VGC 2026 Reg M-A\n|rated|\n|rule|Species Clause: Limit one of each Pok\u00e9mon\n|rule|Item Clause: Limit 1 of each item\n|clearpoke\n|poke|p1|Torkoal, L50, M|\n|poke|p1|Whimsicott, L50, M|\n|poke|p1|Excadrill, L50, M|\n|poke|p1|Quaquaval, L50, F|\n|poke|p1|Delphox, L50, F|\n|poke|p1|Farigiraf, L50, F|\n|poke|p2|Clefable, L50, F|\n|poke|p2|Slowbro, L50, F|\n|poke|p2|Kangaskhan, L50, F|\n|poke|p2|Torterra, L50, M|\n|poke|p2|Rotom-Heat, L50|\n|poke|p2|Sneasler, L50, M|\n|teampreview|4\n|inactive|Battle timer is ON: inactive players will automatically lose when time's up. (requested by EllAkuro)\n|\n|t:|1776435302\n|teamsize|p1|4\n|teamsize|p2|4\n|start\n|switch|p1a: Whimsicott|Whimsicott, L50, M|100/100\n|switch|p1b: FieryAffinity|Delphox, L50, F|100/100\n|switch|p2a: Sneasler|Sneasler, L50, M|100/100\n|switch|p2b: Slowbro|Slowbro, L50, F|100/100\n|turn|1\n|\n|t:|1776435325\n|detailschange|p1b: FieryAffinity|Delphox-Mega, L50, F\n|-mega|p1b: FieryAffinity|Delphox|Delphoxite\n|detailschange|p2b: Slowbro|Slowbro-Mega, L50, F\n|-mega|p2b: Slowbro|Slowbro|Slowbronite\n|move|p1b: FieryAffinity|Psychic|p2a: Sneasler\n|-supereffective|p2a: Sneasler|2\n|-enditem|p2a: Sneasler|Focus Sash\n|-damage|p2a: Sneasler|1/100\n|move|p2a: Sneasler|Dire Claw|p1a: Whimsicott\n|-supereffective|p1a: Whimsicott|2\n|-enditem|p1a: Whimsicott|Focus Sash\n|-damage|p1a: Whimsicott|1/100\n|move|p1a: Whimsicott|Moonblast|p2b: Slowbro\n|-damage|p2b: Slowbro|66/100\n|move|p2b: Slowbro|Calm Mind|p2b: Slowbro\n|-boost|p2b: Slowbro|spa|1\n|-boost|p2b: Slowbro|spd|1\n|\n|upkeep\n|turn|2\n|\n|t:|1776435343\n|move|p1a: Whimsicott|Encore|p2b: Slowbro\n|-start|p2b: Slowbro|Encore\n|move|p2a: Sneasler|Coaching|p2b: Slowbro\n|-boost|p2b: Slowbro|atk|1\n|-boost|p2b: Slowbro|def|1\n|move|p1b: FieryAffinity|Heat Wave|p2a: Sneasler|[spread] p2a,p2b\n|-resisted|p2b: Slowbro|1\n|-damage|p2a: Sneasler|0 fnt\n|-damage|p2b: Slowbro|54/100\n|faint|p2a: Sneasler\n|move|p2b: Slowbro|Calm Mind|p2b: Slowbro\n|-boost|p2b: Slowbro|spa|1\n|-boost|p2b: Slowbro|spd|1\n|\n|upkeep\n|\n|t:|1776435349\n|switch|p2a: Clefable|Clefable, L50, F|100/100\n|turn|3\n|\n|t:|1776435361\n|move|p1b: FieryAffinity|Heat Wave|p2a: Clefable|[spread] p2a,p2b\n|-resisted|p2b: Slowbro|1\n|-damage|p2a: Clefable|65/100\n|-damage|p2b: Slowbro|44/100\n|move|p1a: Whimsicott|Moonblast|p2b: Slowbro\n|-damage|p2b: Slowbro|28/100\n|move|p2a: Clefable|Life Dew|p2a: Clefable|[spread] p2a,p2b\n|-heal|p2a: Clefable|90/100\n|-heal|p2b: Slowbro|53/100\n|move|p2b: Slowbro|Calm Mind|p2b: Slowbro\n|-boost|p2b: Slowbro|spa|1\n|-boost|p2b: Slowbro|spd|1\n|\n|upkeep\n|turn|4\n|\n|t:|1776435381\n|move|p2a: Clefable|Protect|p2a: Clefable\n|-singleturn|p2a: Clefable|Protect\n|move|p1b: FieryAffinity|Psychic|p2a: Clefable\n|-activate|p2a: Clefable|move: Protect\n|move|p1a: Whimsicott|Moonblast|p2a: Clefable\n|-activate|p2a: Clefable|move: Protect\n|move|p2b: Slowbro|Calm Mind|p2b: Slowbro\n|-boost|p2b: Slowbro|spa|1\n|-boost|p2b: Slowbro|spd|1\n|\n|-end|p2b: Slowbro|Encore\n|upkeep\n|turn|5\n|\n|t:|1776435398\n|move|p1b: FieryAffinity|Protect|p1b: FieryAffinity\n|-singleturn|p1b: FieryAffinity|Protect\n|move|p2a: Clefable|Follow Me|p2a: Clefable\n|-singleturn|p2a: Clefable|move: Follow Me\n|move|p1a: Whimsicott|Encore|p2a: Clefable\n|-start|p2a: Clefable|Encore\n|move|p2b: Slowbro|Scald|p1a: Whimsicott\n|-resisted|p1a: Whimsicott|1\n|-damage|p1a: Whimsicott|0 fnt\n|faint|p1a: Whimsicott\n|\n|upkeep\n|\n|t:|1776435413\n|switch|p1a: Quaquaval|Quaquaval, L50, F|100/100\n|turn|6\n|\n|t:|1776435426\n|move|p2a: Clefable|Follow Me|p2a: Clefable\n|-singleturn|p2a: Clefable|move: Follow Me\n|move|p1a: Quaquaval|Wave Crash|p2a: Clefable\n|-damage|p2a: Clefable|38/100\n|-enditem|p2a: Clefable|Sitrus Berry|[eat]\n|-heal|p2a: Clefable|63/100|[from] item: Sitrus Berry\n|-damage|p1a: Quaquaval|80/100|[from] Recoil\n|move|p1b: FieryAffinity|Heat Wave|p2a: Clefable|[spread] p2a,p2b\n|-resisted|p2b: Slowbro|1\n|-damage|p2a: Clefable|30/100\n|-damage|p2b: Slowbro|46/100\n|move|p2b: Slowbro|Stored Power|p1a: Quaquaval\n|-supereffective|p1a: Quaquaval|1\n|-damage|p1a: Quaquaval|0 fnt\n|faint|p1a: Quaquaval\n|\n|upkeep\n|\n|t:|1776435436\n|switch|p1a: Torkoal|Torkoal, L50, M|100/100\n|-weather|SunnyDay|[from] ability: Drought|[of] p1a: Torkoal\n|turn|7\n|\n|t:|1776435445\n|move|p2a: Clefable|Follow Me|p2a: Clefable\n|-singleturn|p2a: Clefable|move: Follow Me\n|move|p1b: FieryAffinity|Heat Wave|p2a: Clefable|[spread] p2a,p2b\n|-resisted|p2b: Slowbro|1\n|-damage|p2a: Clefable|0 fnt\n|-damage|p2b: Slowbro|35/100\n|faint|p2a: Clefable\n|move|p2b: Slowbro|Stored Power|p1a: Torkoal\n|-damage|p1a: Torkoal|0 fnt\n|faint|p1a: Torkoal\n|\n|-weather|SunnyDay|[upkeep]\n|upkeep\n|\n|t:|1776435449\n|switch|p2a: Rotom|Rotom-Heat, L50|100/100\n|turn|8\n|\n|t:|1776435462\n|move|p2a: Rotom|Volt Switch|p1b: FieryAffinity\n|-damage|p1b: FieryAffinity|69/100\n|move|p1b: FieryAffinity|Heat Wave|p2a: Rotom|[spread] p2a,p2b\n|-resisted|p2a: Rotom|1\n|-resisted|p2b: Slowbro|1\n|-damage|p2a: Rotom|60/100\n|-damage|p2b: Slowbro|25/100\n|move|p2b: Slowbro|Slack Off|p2b: Slowbro\n|-heal|p2b: Slowbro|75/100\n|\n|-weather|SunnyDay|[upkeep]\n|upkeep\n|turn|9\n|\n|t:|1776435471\n|move|p2a: Rotom|Volt Switch|p1b: FieryAffinity\n|-damage|p1b: FieryAffinity|37/100\n|move|p1b: FieryAffinity|Heat Wave|p2b: Slowbro|[spread] p2a,p2b\n|-resisted|p2a: Rotom|1\n|-resisted|p2b: Slowbro|1\n|-damage|p2a: Rotom|18/100\n|-damage|p2b: Slowbro|66/100\n|move|p2b: Slowbro|Scald|p1b: FieryAffinity\n|-supereffective|p1b: FieryAffinity|1\n|-crit|p1b: FieryAffinity\n|-damage|p1b: FieryAffinity|0 fnt\n|faint|p1b: FieryAffinity\n|\n|win|EllAkuro\n|raw|crosspoisonvgc's rating: 1363 &rarr; <strong>1343</strong><br />(-20 for losing)\n|raw|EllAkuro's rating: 1368 &rarr; <strong>1388</strong><br />(+20 for winning)\n|l|\u2606crosspoisonvgc\n|player|p1|\n",
  "uploadtime": 1776435484,
  "views": 47,
  "formatid": "gen9championsvgc2026regma",
  "rating": 1343,
  "private": 0,
  "password": null
}