{
  "id": "gen9championsvgc2026regma-2588318982",
  "format": "[Gen 9 Champions] VGC 2026 Reg M-A",
  "players": [
    "vgc lost 2",
    "pabilisco"
  ],
  "log": "|j|\u2606vgc lost 2\n|j|\u2606pabilisco\n|t:|1776623727\n|gametype|doubles\n|player|p1|vgc lost 2|red|1222\n|player|p2|pabilisco|rosa-masters3|1241\n|gen|9\n|tier|[Gen 9 Champions] VGC 2026 Reg M-A\n|rated|\n|rule|Species Clause: Limit one of each Pok\u00e9mon\n|rule|Item Clause: Limit 1 of each item\n|clearpoke\n|poke|p1|Delphox, L50, F|\n|poke|p1|Garchomp, L50, M|\n|poke|p1|Tyranitar, L50, F|\n|poke|p1|Torkoal, L50, M|\n|poke|p1|Farigiraf, L50, M|\n|poke|p1|Greninja, L50, M|\n|poke|p2|Greninja, L50, F|\n|poke|p2|Farigiraf, L50, F|\n|poke|p2|Meowscarada, L50, M|\n|poke|p2|Clefable, L50, F|\n|poke|p2|Hatterene, L50, F|\n|poke|p2|Ceruledge, L50, M|\n|teampreview|4\n|inactive|Battle timer is ON: inactive players will automatically lose when time's up. (requested by pabilisco)\n|inactive|vgc lost 2 has 60 seconds left.\n|inactive|vgc lost 2 has 30 seconds left.\n|inactive|vgc lost 2 has 20 seconds left.\n|\n|t:|1776623812\n|teamsize|p1|4\n|teamsize|p2|4\n|start\n|switch|p1a: Garchomp|Garchomp, L50, M|100/100\n|switch|p1b: Tyranitar|Tyranitar, L50, F|100/100\n|switch|p2a: Meowscarada|Meowscarada, L50, M|100/100\n|switch|p2b: Hatterene|Hatterene, L50, F|100/100\n|-weather|Sandstorm|[from] ability: Sand Stream|[of] p1b: Tyranitar\n|turn|1\n|\n|t:|1776623835\n|move|p1a: Garchomp|Iron Head|p2b: Hatterene\n|-supereffective|p2b: Hatterene|1\n|-enditem|p2b: Hatterene|Babiri Berry|[eat]\n|-enditem|p2b: Hatterene|Babiri Berry|[weaken]\n|-damage|p2b: Hatterene|74/100\n|move|p2a: Meowscarada|Flower Trick|p1a: Garchomp\n|-crit|p1a: Garchomp\n|-damage|p1a: Garchomp|51/100\n|move|p1b: Tyranitar|Knock Off|p2b: Hatterene\n|-damage|p2b: Hatterene|48/100\n|move|p2b: Hatterene|Nuzzle|p1b: Tyranitar\n|-damage|p1b: Tyranitar|97/100\n|-status|p1b: Tyranitar|par\n|\n|-weather|Sandstorm|[upkeep]\n|-damage|p2a: Meowscarada|95/100|[from] Sandstorm\n|-damage|p2b: Hatterene|42/100|[from] Sandstorm\n|-heal|p1b: Tyranitar|100/100 par|[from] item: Leftovers\n|upkeep\n|turn|2\n|\n|t:|1776623854\n|move|p1a: Garchomp|Iron Head|p2b: Hatterene\n|-supereffective|p2b: Hatterene|1\n|-damage|p2b: Hatterene|0 fnt\n|faint|p2b: Hatterene\n|move|p2a: Meowscarada|Flower Trick|p1b: Tyranitar\n|-supereffective|p1b: Tyranitar|1\n|-crit|p1b: Tyranitar\n|-damage|p1b: Tyranitar|23/100 par\n|move|p1b: Tyranitar|Thunder Wave|p2a: Meowscarada\n|-status|p2a: Meowscarada|par\n|\n|-weather|Sandstorm|[upkeep]\n|-damage|p2a: Meowscarada|89/100 par|[from] Sandstorm\n|-heal|p1b: Tyranitar|29/100 par|[from] item: Leftovers\n|upkeep\n|\n|t:|1776623858\n|switch|p2b: Greninja|Greninja, L50, F|100/100\n|turn|3\n|\n|t:|1776623880\n|switch|p1a: Farigiraf|Farigiraf, L50, M|100/100\n|move|p1b: Tyranitar|Protect|p1b: Tyranitar\n|-singleturn|p1b: Tyranitar|Protect\n|move|p2b: Greninja|Rock Slide|p1a: Farigiraf|[spread] \n|-start|p2b: Greninja|typechange|Rock|[from] ability: Protean\n|-activate|p1b: Tyranitar|move: Protect\n|-miss|p2b: Greninja|p1a: Farigiraf\n|move|p2a: Meowscarada|Flower Trick|p1b: Tyranitar\n|-activate|p1b: Tyranitar|move: Protect\n|\n|-weather|Sandstorm|[upkeep]\n|-damage|p2a: Meowscarada|83/100 par|[from] Sandstorm\n|-damage|p1a: Farigiraf|94/100|[from] Sandstorm\n|-heal|p1b: Tyranitar|35/100 par|[from] item: Leftovers\n|upkeep\n|turn|4\n|\n|t:|1776623910\n|move|p1a: Farigiraf|Protect|p1a: Farigiraf\n|-singleturn|p1a: Farigiraf|Protect\n|move|p2b: Greninja|Waterfall|p1b: Tyranitar\n|-supereffective|p1b: Tyranitar|1\n|-damage|p1b: Tyranitar|2/100 par\n|move|p2a: Meowscarada|Knock Off|p1a: Farigiraf\n|-activate|p1a: Farigiraf|move: Protect\n|move|p1b: Tyranitar|Thunder Wave|p2b: Greninja\n|-status|p2b: Greninja|par\n|\n|-weather|Sandstorm|[upkeep]\n|-damage|p2a: Meowscarada|77/100 par|[from] Sandstorm\n|-damage|p1a: Farigiraf|88/100|[from] Sandstorm\n|-heal|p1b: Tyranitar|8/100 par|[from] item: Leftovers\n|upkeep\n|turn|5\n|\n|t:|1776623927\n|move|p2a: Meowscarada|Knock Off|p1a: Farigiraf\n|-supereffective|p1a: Farigiraf|1\n|-enditem|p1a: Farigiraf|Colbur Berry|[eat]\n|-enditem|p1a: Farigiraf|Colbur Berry|[weaken]\n|-damage|p1a: Farigiraf|45/100\n|move|p2b: Greninja|Rock Slide|p1a: Farigiraf|[spread] p1a,p1b\n|-damage|p1a: Farigiraf|26/100\n|-damage|p1b: Tyranitar|0 fnt\n|faint|p1b: Tyranitar\n|move|p1a: Farigiraf|Hyper Voice|p2a: Meowscarada|[spread] p2a,p2b\n|-resisted|p2b: Greninja|1\n|-damage|p2a: Meowscarada|35/100 par\n|-damage|p2b: Greninja|88/100 par\n|\n|-weather|none\n|upkeep\n|\n|t:|1776623938\n|switch|p1b: Garchomp|Garchomp, L50, M|51/100\n|turn|6\n|\n|t:|1776623949\n|detailschange|p2b: Greninja|Greninja-Mega, L50, F\n|-mega|p2b: Greninja|Greninja|Greninjite\n|move|p2a: Meowscarada|Protect|p2a: Meowscarada\n|-singleturn|p2a: Meowscarada|Protect\n|move|p1a: Farigiraf|Protect|p1a: Farigiraf\n|-singleturn|p1a: Farigiraf|Protect\n|move|p1b: Garchomp|Earthquake|p2b: Greninja|[spread] p2b\n|-activate|p1a: Farigiraf|move: Protect\n|-activate|p2a: Meowscarada|move: Protect\n|-damage|p2b: Greninja|27/100 par\n|move|p2b: Greninja|Waterfall|p1a: Farigiraf\n|-start|p2b: Greninja|typechange|Water|[from] ability: Protean\n|-activate|p1a: Farigiraf|move: Protect\n|\n|upkeep\n|turn|7\n|\n|t:|1776623964\n|switch|p2a: Clefable|Clefable, L50, F|100/100\n|move|p1a: Farigiraf|Protect|p1a: Farigiraf\n|-singleturn|p1a: Farigiraf|Protect\n|move|p1b: Garchomp|Earthquake|p2a: Clefable|[spread] p2a,p2b\n|-activate|p1a: Farigiraf|move: Protect\n|-damage|p2a: Clefable|60/100\n|-damage|p2b: Greninja|0 fnt\n|faint|p2b: Greninja\n|\n|-heal|p2a: Clefable|66/100|[from] item: Leftovers\n|upkeep\n|\n|t:|1776623972\n|switch|p2b: Meowscarada|Meowscarada, L50, M|35/100 par\n|turn|8\n|\n|t:|1776623978\n|move|p2b: Meowscarada|Protect|p2b: Meowscarada\n|-singleturn|p2b: Meowscarada|Protect\n|move|p1b: Garchomp|Earthquake|p2b: Meowscarada|[spread] p1a,p2a\n|-activate|p2b: Meowscarada|move: Protect\n|-damage|p1a: Farigiraf|0 fnt\n|-damage|p2a: Clefable|20/100\n|faint|p1a: Farigiraf\n|move|p2a: Clefable|Moonblast|p1b: Garchomp\n|-supereffective|p1b: Garchomp|1\n|-damage|p1b: Garchomp|0 fnt\n|faint|p1b: Garchomp\n|\n|-heal|p2a: Clefable|26/100|[from] item: Leftovers\n|upkeep\n|\n|t:|1776623980\n|switch|p1b: Delphox|Delphox, L50, F|100/100\n|turn|9\n|\n|t:|1776623990\n|detailschange|p1b: Delphox|Delphox-Mega, L50, F\n|-mega|p1b: Delphox|Delphox|Delphoxite\n|move|p2b: Meowscarada|Sucker Punch|p1b: Delphox\n|-supereffective|p1b: Delphox|1\n|-damage|p1b: Delphox|8/100\n|move|p1b: Delphox|Heat Wave|p2a: Clefable|[spread] p2b\n|-miss|p1b: Delphox|p2a: Clefable\n|-supereffective|p2b: Meowscarada|1\n|-damage|p2b: Meowscarada|0 fnt\n|faint|p2b: Meowscarada\n|move|p2a: Clefable|Moonblast|p1b: Delphox\n|-resisted|p1b: Delphox|1\n|-damage|p1b: Delphox|0 fnt\n|faint|p1b: Delphox\n|\n|win|pabilisco\n|raw|vgc lost 2's rating: 1222 &rarr; <strong>1198</strong><br />(-24 for losing)\n|raw|pabilisco's rating: 1241 &rarr; <strong>1265</strong><br />(+24 for winning)\n",
  "uploadtime": 1776624009,
  "views": 9,
  "formatid": "gen9championsvgc2026regma",
  "rating": 1198,
  "private": 0,
  "password": null
}