{
  "id": "gen9championsvgc2026regma-2585777553",
  "format": "[Gen 9 Champions] VGC 2026 Reg M-A",
  "players": [
    "Mentalsyndrome",
    "AndreHero007"
  ],
  "log": "|j|\u2606Mentalsyndrome\n|j|\u2606AndreHero007\n|t:|1776369918\n|gametype|doubles\n|player|p1|Mentalsyndrome|2|1063\n|player|p2|AndreHero007|1|1016\n|gen|9\n|tier|[Gen 9 Champions] VGC 2026 Reg M-A\n|rated|\n|rule|Species Clause: Limit one of each Pok\u00e9mon\n|rule|Item Clause: Limit 1 of each item\n|clearpoke\n|poke|p1|Tinkaton, L50, F|\n|poke|p1|Kangaskhan, L50, F|\n|poke|p1|Farigiraf, L50, F|\n|poke|p1|Camerupt, L50, M|\n|poke|p1|Gardevoir, L50, M|\n|poke|p1|Conkeldurr, L50, F|\n|poke|p2|Alakazam, L50, M|\n|poke|p2|Delphox, L50, M|\n|poke|p2|Liepard, L50, F|\n|poke|p2|Basculegion, L50, M|\n|poke|p2|Jolteon, L50, F|\n|poke|p2|Excadrill, L50, F|\n|teampreview|4\n|inactive|Battle timer is ON: inactive players will automatically lose when time's up. (requested by Mentalsyndrome)\n|inactive|Mentalsyndrome has 60 seconds left.\n|inactive|AndreHero007 has 60 seconds left.\n|\n|t:|1776369976\n|teamsize|p1|4\n|teamsize|p2|4\n|start\n|switch|p1a: Kangaskhan|Kangaskhan, L50, F|100/100\n|switch|p1b: Farigiraf|Farigiraf, L50, F|100/100\n|switch|p2a: Liepard|Liepard, L50, F, shiny|100/100\n|switch|p2b: Excadrill|Excadrill, L50, F|100/100\n|-ability|p2b: Excadrill|Mold Breaker\n|turn|1\n|\n|t:|1776369999\n|detailschange|p2b: Excadrill|Excadrill-Mega, L50, F\n|-mega|p2b: Excadrill|Excadrill|Excadrite\n|move|p1a: Kangaskhan|Fake Out|p2b: Excadrill\n|-resisted|p2b: Excadrill|1\n|-damage|p2b: Excadrill|91/100\n|cant|p2b: Excadrill|flinch\n|move|p2a: Liepard|Dark Pulse|p1b: Farigiraf\n|-supereffective|p1b: Farigiraf|1\n|-damage|p1b: Farigiraf|48/100\n|move|p1b: Farigiraf|Trick Room|p1b: Farigiraf\n|-fieldstart|move: Trick Room|[of] p1b: Farigiraf\n|\n|upkeep\n|turn|2\n|\n|t:|1776370018\n|move|p1b: Farigiraf|Helping Hand|p1a: Kangaskhan\n|-singleturn|p1a: Kangaskhan|Helping Hand|[of] p1b: Farigiraf\n|move|p1a: Kangaskhan|Low Kick|p2b: Excadrill\n|-supereffective|p2b: Excadrill|1\n|-damage|p2b: Excadrill|29/100\n|move|p2a: Liepard|Dark Pulse|p1b: Farigiraf\n|-supereffective|p1b: Farigiraf|1\n|-damage|p1b: Farigiraf|0 fnt\n|faint|p1b: Farigiraf\n|move|p2b: Excadrill|Swords Dance|p2b: Excadrill\n|-boost|p2b: Excadrill|atk|2\n|\n|upkeep\n|\n|t:|1776370021\n|switch|p1b: Camerupt|Camerupt, L50, M|100/100\n|turn|3\n|\n|t:|1776370042\n|detailschange|p1b: Camerupt|Camerupt-Mega, L50, M\n|-mega|p1b: Camerupt|Camerupt|Cameruptite\n|move|p2b: Excadrill|Protect|p2b: Excadrill\n|-singleturn|p2b: Excadrill|Protect\n|move|p2a: Liepard|Double Team|p2a: Liepard\n|-boost|p2a: Liepard|evasion|1\n|move|p1b: Camerupt|Eruption|p2a: Liepard|[spread] \n|-activate|p2b: Excadrill|move: Protect\n|-miss|p1b: Camerupt|p2a: Liepard\n|move|p1a: Kangaskhan|Double-Edge|p2a: Liepard\n|-damage|p2a: Liepard|0 fnt\n|faint|p2a: Liepard\n|-damage|p1a: Kangaskhan|76/100|[from] Recoil\n|\n|upkeep\n|\n|t:|1776370059\n|switch|p2a: Basculegion|Basculegion, L50, M|100/100\n|turn|4\n|\n|t:|1776370081\n|move|p1b: Camerupt|Protect|p1b: Camerupt\n|-singleturn|p1b: Camerupt|Protect\n|move|p2b: Excadrill|Protect||[still]\n|-fail|p2b: Excadrill\n|move|p1a: Kangaskhan|Double-Edge|p2a: Basculegion\n|-damage|p2a: Basculegion|15/100\n|-damage|p1a: Kangaskhan|47/100|[from] Recoil\n|move|p2a: Basculegion|Waterfall|p1b: Camerupt\n|-activate|p1b: Camerupt|move: Protect\n|\n|upkeep\n|turn|5\n|\n|t:|1776370093\n|move|p2b: Excadrill|Protect|p2b: Excadrill\n|-singleturn|p2b: Excadrill|Protect\n|move|p1a: Kangaskhan|Sucker Punch|p2a: Basculegion\n|-supereffective|p2a: Basculegion|1\n|-damage|p2a: Basculegion|0 fnt\n|faint|p2a: Basculegion\n|move|p1b: Camerupt|Eruption|p2b: Excadrill\n|-activate|p2b: Excadrill|move: Protect\n|\n|-fieldend|move: Trick Room\n|upkeep\n|\n|t:|1776370101\n|switch|p2a: Jolteon|Jolteon, L50, F|100/100\n|turn|6\n|\n|t:|1776370114\n|move|p1b: Camerupt|Protect|p1b: Camerupt\n|-singleturn|p1b: Camerupt|Protect\n|move|p1a: Kangaskhan|Sucker Punch|p2b: Excadrill\n|-damage|p2b: Excadrill|10/100\n|move|p2a: Jolteon|Thunderbolt|p1a: Kangaskhan\n|-damage|p1a: Kangaskhan|0 fnt\n|faint|p1a: Kangaskhan\n|move|p2b: Excadrill|Drill Run|p1b: Camerupt\n|-supereffective|p1b: Camerupt|1\n|-ability|p2b: Excadrill|Piercing Drill\n|-zbroken|p1b: Camerupt\n|-damage|p1b: Camerupt|55/100\n|\n|upkeep\n|\n|t:|1776370125\n|switch|p1a: Gardevoir|Gardevoir, L50, M|100/100\n|-ability|p1a: Gardevoir|Volt Absorb|Trace|[from] ability: Trace|[of] p2a: Jolteon\n|turn|7\n|inactive|AndreHero007 has 30 seconds left.\n|\n|t:|1776370157\n|move|p2a: Jolteon|Protect|p2a: Jolteon\n|-singleturn|p2a: Jolteon|Protect\n|move|p2b: Excadrill|Drill Run|p1b: Camerupt\n|-supereffective|p1b: Camerupt|1\n|-damage|p1b: Camerupt|0 fnt\n|faint|p1b: Camerupt\n|move|p1a: Gardevoir|Psychic|p2b: Excadrill\n|-resisted|p2b: Excadrill|1\n|-damage|p2b: Excadrill|0 fnt\n|faint|p2b: Excadrill\n|\n|upkeep\n|turn|8\n|-message|AndreHero007 forfeited.\n|\n|win|Mentalsyndrome\n|raw|Mentalsyndrome's rating: 1063 &rarr; <strong>1089</strong><br />(+26 for winning)\n|raw|AndreHero007's rating: 1016 &rarr; <strong>1005</strong><br />(-11 for losing)\n|l|\u2606AndreHero007\n|player|p2|\n",
  "uploadtime": 1776370174,
  "views": 16,
  "formatid": "gen9championsvgc2026regma",
  "rating": 1005,
  "private": 0,
  "password": null
}