{
  "id": "gen9championsvgc2026regma-2585447031",
  "format": "[Gen 9 Champions] VGC 2026 Reg M-A",
  "players": [
    "Lunatic_Sly",
    "Drcheems19"
  ],
  "log": "|j|\u2606Lunatic_Sly\n|j|\u2606Drcheems19\n|t:|1776347904\n|gametype|doubles\n|player|p1|Lunatic_Sly|unknown|1000\n|player|p2|Drcheems19|169|1045\n|gen|9\n|tier|[Gen 9 Champions] VGC 2026 Reg M-A\n|rated|\n|rule|Species Clause: Limit one of each Pok\u00e9mon\n|rule|Item Clause: Limit 1 of each item\n|clearpoke\n|poke|p1|Zoroark-Hisui, L50, M|\n|poke|p1|Lopunny, L50, M|\n|poke|p1|Dragonite, L50, F|\n|poke|p1|Arcanine, L50, M|\n|poke|p1|Greninja-*, L50, F|\n|poke|p1|Whimsicott, L50, F|\n|poke|p2|Alakazam, L50, F|\n|poke|p2|Ceruledge, L50, F|\n|poke|p2|Altaria, L50, F|\n|poke|p2|Incineroar, L50, M|\n|poke|p2|Clefable, L50, M|\n|poke|p2|Dragapult, L50, F|\n|teampreview|4\n|inactive|Battle timer is ON: inactive players will automatically lose when time's up. (requested by Drcheems19)\n|\n|t:|1776347978\n|teamsize|p1|4\n|teamsize|p2|4\n|start\n|switch|p1a: Greninja|Greninja, L50, F, shiny|100/100\n|switch|p1b: Whimsicott|Whimsicott, L50, F, shiny|100/100\n|switch|p2a: Incineroar|Incineroar, L50, M|100/100\n|switch|p2b: Altaria|Altaria, L50, F|100/100\n|-ability|p2b: Altaria|Cloud Nine\n|turn|1\n|inactive|Lunatic_Sly has 30 seconds left.\n|inactive|Drcheems19 has 30 seconds left.\n|\n|t:|1776348008\n|move|p1a: Greninja|Chilling Water|p2a: Incineroar\n|-supereffective|p2a: Incineroar|1\n|-damage|p2a: Incineroar|61/100\n|-unboost|p2a: Incineroar|atk|1\n|move|p1b: Whimsicott|Icy Wind|p2a: Incineroar|[spread] p2a,p2b\n|-resisted|p2a: Incineroar|1\n|-supereffective|p2b: Altaria|2\n|-damage|p2a: Incineroar|55/100\n|-damage|p2b: Altaria|43/100\n|-unboost|p2a: Incineroar|spe|1\n|-unboost|p2b: Altaria|spe|1\n|move|p2b: Altaria|Cotton Guard|p2b: Altaria\n|-boost|p2b: Altaria|def|3\n|move|p2a: Incineroar|Flare Blitz|p1b: Whimsicott\n|-damage|p1b: Whimsicott|11/100\n|replace|p1b: Zoroark|Zoroark-Hisui, L50, M, shiny\n|-end|p1b: Zoroark|Illusion\n|-damage|p2a: Incineroar|34/100|[from] Recoil\n|-enditem|p2a: Incineroar|Sitrus Berry|[eat]\n|-heal|p2a: Incineroar|59/100|[from] item: Sitrus Berry\n|\n|upkeep\n|turn|2\n|inactive|Lunatic_Sly has 30 seconds left.\n|inactive|Drcheems19 has 30 seconds left.\n|inactive|Drcheems19 has 20 seconds left.\n|inactive|Drcheems19 has 15 seconds left.\n|inactive|Drcheems19 has 10 seconds left.\n|inactive|Drcheems19 has 5 seconds left.\n|\n|t:|1776348065\n|move|p1a: Greninja|Chilling Water|p2a: Incineroar\n|-supereffective|p2a: Incineroar|1\n|-damage|p2a: Incineroar|18/100\n|-unboost|p2a: Incineroar|atk|1\n|move|p1b: Zoroark|Icy Wind|p2b: Altaria|[spread] p2a,p2b\n|-resisted|p2a: Incineroar|1\n|-supereffective|p2b: Altaria|2\n|-damage|p2a: Incineroar|11/100\n|-damage|p2b: Altaria|0 fnt\n|-unboost|p2a: Incineroar|spe|1\n|faint|p2b: Altaria\n|move|p2a: Incineroar|Flare Blitz|p1a: Greninja\n|-resisted|p1a: Greninja|1\n|-damage|p1a: Greninja|62/100\n|-damage|p2a: Incineroar|1/100|[from] Recoil\n|\n|upkeep\n|\n|t:|1776348069\n|switch|p2b: Alakazam|Alakazam, L50, F|100/100\n|turn|3\n|\n|t:|1776348091\n|detailschange|p2b: Alakazam|Alakazam-Mega, L50, F\n|-mega|p2b: Alakazam|Alakazam|Alakazite\n|-ability|p2b: Alakazam|Torrent|Trace|[from] ability: Trace|[of] p1a: Greninja\n|move|p2a: Incineroar|Protect|p2a: Incineroar\n|-singleturn|p2a: Incineroar|Protect\n|move|p2b: Alakazam|Dazzling Gleam|p1b: Zoroark|[spread] p1a,p1b\n|-supereffective|p1a: Greninja|1\n|-damage|p1a: Greninja|0 fnt\n|-damage|p1b: Zoroark|0 fnt\n|faint|p1a: Greninja\n|faint|p1b: Zoroark\n|\n|upkeep\n|\n|t:|1776348102\n|switch|p1a: Whimsicott|Whimsicott, L50, F, shiny|100/100\n|switch|p1b: Lopunny|Lopunny, L50, M|100/100\n|turn|4\n|\n|t:|1776348125\n|detailschange|p1b: Lopunny|Lopunny-Mega, L50, M\n|-mega|p1b: Lopunny|Lopunny|Lopunnite\n|move|p2b: Alakazam|Protect|p2b: Alakazam\n|-singleturn|p2b: Alakazam|Protect\n|move|p1b: Lopunny|Fake Out|p2b: Alakazam\n|-activate|p2b: Alakazam|move: Protect\n|move|p1a: Whimsicott|Tailwind|p1a: Whimsicott\n|-sidestart|p1: Lunatic_Sly|move: Tailwind\n|move|p2a: Incineroar|Flare Blitz|p1a: Whimsicott\n|-supereffective|p1a: Whimsicott|1\n|-damage|p1a: Whimsicott|0 fnt\n|faint|p1a: Whimsicott\n|-damage|p2a: Incineroar|0 fnt|[from] Recoil\n|faint|p2a: Incineroar\n|\n|upkeep\n|\n|t:|1776348134\n|switch|p2a: Ceruledge|Ceruledge, L50, F|100/100\n|turn|5\n|inactive|Drcheems19 has 30 seconds left.\n|\n|t:|1776348164\n|move|p1b: Lopunny|Close Combat|p2b: Alakazam\n|-resisted|p2b: Alakazam|1\n|-damage|p2b: Alakazam|40/100\n|-unboost|p1b: Lopunny|def|1\n|-unboost|p1b: Lopunny|spd|1\n|move|p2b: Alakazam|Dazzling Gleam|p1b: Lopunny\n|-supereffective|p1b: Lopunny|1\n|-damage|p1b: Lopunny|0 fnt\n|faint|p1b: Lopunny\n|\n|win|Drcheems19\n|raw|Lunatic_Sly's rating: 1000 &rarr; <strong>1000</strong><br />(+0 for losing)\n|raw|Drcheems19's rating: 1045 &rarr; <strong>1074</strong><br />(+29 for winning)\n|l|\u2606Lunatic_Sly\n|player|p1|\n|l|\u2606Drcheems19\n|player|p2|\n|j|\u2606Drcheems19\n|player|p2|Drcheems19|169|\n",
  "uploadtime": 1776348200,
  "views": 28,
  "formatid": "gen9championsvgc2026regma",
  "rating": 1000,
  "private": 0,
  "password": null
}