{
  "id": "gen9championsvgc2026regma-2582462235",
  "format": "[Gen 9 Champions] VGC 2026 Reg M-A",
  "players": [
    "4396godie",
    "ronjansje"
  ],
  "log": "|j|\u26064396godie\n|j|\u2606ronjansje\n|t:|1776093255\n|gametype|doubles\n|player|p1|4396godie|caitlin|1195\n|player|p2|ronjansje|ninjaboy|1160\n|gen|9\n|tier|[Gen 9 Champions] VGC 2026 Reg M-A\n|rated|\n|rule|Species Clause: Limit one of each Pok\u00e9mon\n|rule|Item Clause: Limit 1 of each item\n|clearpoke\n|poke|p1|Manectric, L50, M|\n|poke|p1|Incineroar, L50, M|\n|poke|p1|Tyranitar, L50, M|\n|poke|p1|Corviknight, L50, F|\n|poke|p1|Garchomp, L50, M|\n|poke|p1|Sinistcha-Masterpiece, L50|\n|poke|p2|Golurk, L50|\n|poke|p2|Farigiraf, L50, M|\n|poke|p2|Incineroar, L50, M|\n|poke|p2|Torkoal, L50, M|\n|poke|p2|Sneasler, L50, M|\n|poke|p2|Venusaur, L50, F|\n|teampreview|4\n|inactive|Battle timer is ON: inactive players will automatically lose when time's up. (requested by 4396godie)\n|inactive|ronjansje also wants the timer to be on.\nronjansje rejected open team sheets.\n|inactive|ronjansje has 60 seconds left.\n|\n|t:|1776093311\n|teamsize|p1|4\n|teamsize|p2|4\n|start\n|switch|p1a: Manectric|Manectric, L50, M, shiny|100/100\n|switch|p1b: Incineroar|Incineroar, L50, M, shiny|100/100\n|switch|p2a: Farigiraf|Farigiraf, L50, M, shiny|100/100\n|switch|p2b: Incineroar|Incineroar, L50, M, shiny|100/100\n|-ability|p1b: Incineroar|Intimidate|boost\n|-unboost|p2a: Farigiraf|atk|1\n|-unboost|p2b: Incineroar|atk|1\n|-ability|p2b: Incineroar|Intimidate|boost\n|-unboost|p1a: Manectric|atk|1\n|-unboost|p1b: Incineroar|atk|1\n|turn|1\n|inactive|4396godie has 30 seconds left.\n|inactive|ronjansje has 30 seconds left.\n|\n|t:|1776093339\n|detailschange|p1a: Manectric|Manectric-Mega, L50, M, shiny\n|-mega|p1a: Manectric|Manectric|Manectite\n|-ability|p1a: Manectric|Intimidate|boost\n|-unboost|p2a: Farigiraf|atk|1\n|-unboost|p2b: Incineroar|atk|1\n|move|p2b: Incineroar|Fake Out|p1a: Manectric\n|-damage|p1a: Manectric|92/100\n|cant|p1a: Manectric|flinch\n|move|p1b: Incineroar|Throat Chop|p2a: Farigiraf\n|-supereffective|p2a: Farigiraf|1\n|-damage|p2a: Farigiraf|63/100\n|-start|p2a: Farigiraf|Throat Chop|[silent]\n|cant|p2a: Farigiraf|move: Throat Chop\n|\n|upkeep\n|turn|2\n|\n|t:|1776093359\n|move|p1a: Manectric|Snarl|p2b: Incineroar|[spread] p2a,p2b\n|-supereffective|p2a: Farigiraf|1\n|-resisted|p2b: Incineroar|1\n|-damage|p2a: Farigiraf|34/100\n|-damage|p2b: Incineroar|94/100\n|-unboost|p2a: Farigiraf|spa|1\n|-unboost|p2b: Incineroar|spa|1\n|-enditem|p2a: Farigiraf|Sitrus Berry|[eat]\n|-heal|p2a: Farigiraf|59/100|[from] item: Sitrus Berry\n|move|p1b: Incineroar|Parting Shot|p2b: Incineroar\n|-unboost|p2b: Incineroar|atk|1\n|-unboost|p2b: Incineroar|spa|1\n|\n|t:|1776093371\n|switch|p1b: Tyranitar|Tyranitar, L50, M|100/100|[from] Parting Shot\n|-weather|Sandstorm|[from] ability: Sand Stream|[of] p1b: Tyranitar\n|move|p2b: Incineroar|Parting Shot|p1b: Tyranitar\n|-unboost|p1b: Tyranitar|atk|1\n|-unboost|p1b: Tyranitar|spa|1\n|\n|t:|1776093384\n|switch|p2b: Torkoal|Torkoal, L50, M, shiny|100/100|[from] Parting Shot\n|-weather|SunnyDay|[from] ability: Drought|[of] p2b: Torkoal\n|move|p2a: Farigiraf|Trick Room|p2a: Farigiraf\n|-fieldstart|move: Trick Room|[of] p2a: Farigiraf\n|\n|-weather|SunnyDay|[upkeep]\n|-end|p2a: Farigiraf|Throat Chop|[silent]\n|upkeep\n|turn|3\n|\n|t:|1776093398\n|switch|p2a: Golurk|Golurk, L50|100/100\n|move|p1a: Manectric|Protect|p1a: Manectric\n|-singleturn|p1a: Manectric|Protect\n|move|p2b: Torkoal|Eruption|p1b: Tyranitar|[spread] p1b\n|-activate|p1a: Manectric|move: Protect\n|-resisted|p1b: Tyranitar|1\n|-damage|p1b: Tyranitar|62/100\n|move|p1b: Tyranitar|Rock Slide|p2a: Golurk|[spread] p2a,p2b\n|-resisted|p2a: Golurk|1\n|-supereffective|p2b: Torkoal|1\n|-damage|p2a: Golurk|88/100\n|-damage|p2b: Torkoal|64/100\n|\n|-weather|SunnyDay|[upkeep]\n|upkeep\n|turn|4\n|inactive|4396godie has 30 seconds left.\n|inactive|4396godie has 20 seconds left.\n|inactive|ronjansje has 30 seconds left.\n|inactive|4396godie has 15 seconds left.\n|\n|t:|1776093441\n|switch|p1a: Incineroar|Incineroar, L50, M, shiny|100/100\n|-ability|p1a: Incineroar|Intimidate|boost\n|-unboost|p2a: Golurk|atk|1\n|-unboost|p2b: Torkoal|atk|1\n|detailschange|p2a: Golurk|Golurk-Mega, L50\n|-mega|p2a: Golurk|Golurk|Golurkite\n|move|p1b: Tyranitar|Protect|p1b: Tyranitar\n|-singleturn|p1b: Tyranitar|Protect\n|move|p2b: Torkoal|Weather Ball|p1a: Incineroar\n|-resisted|p1a: Incineroar|1\n|-damage|p1a: Incineroar|72/100\n|move|p2a: Golurk|Headlong Rush|p1b: Tyranitar\n|-supereffective|p1b: Tyranitar|1\n|-ability|p2a: Golurk|Unseen Fist\n|-zbroken|p1b: Tyranitar\n|-damage|p1b: Tyranitar|40/100\n|-unboost|p2a: Golurk|def|1\n|-unboost|p2a: Golurk|spd|1\n|\n|-weather|SunnyDay|[upkeep]\n|upkeep\n|turn|5\n|inactive|ronjansje has 30 seconds left.\n|inactive|4396godie has 30 seconds left.\n|inactive|ronjansje has 20 seconds left.\n|\n|t:|1776093479\n|switch|p2b: Incineroar|Incineroar, L50, M, shiny|94/100\n|-ability|p2b: Incineroar|Intimidate|boost\n|-unboost|p1a: Incineroar|atk|1\n|-unboost|p1b: Tyranitar|atk|1\n|switch|p1b: Manectric|Manectric-Mega, L50, M, shiny|92/100\n|-ability|p1b: Manectric|Intimidate|boost\n|-unboost|p2a: Golurk|atk|1\n|-unboost|p2b: Incineroar|atk|1\n|move|p1a: Incineroar|Fake Out|p2b: Incineroar\n|-damage|p2b: Incineroar|88/100\n|move|p2a: Golurk|Headlong Rush|p1a: Incineroar\n|-supereffective|p1a: Incineroar|1\n|-damage|p1a: Incineroar|0 fnt\n|-unboost|p2a: Golurk|def|1\n|-unboost|p2a: Golurk|spd|1\n|faint|p1a: Incineroar\n|\n|-weather|SunnyDay|[upkeep]\n|upkeep\n|\n|t:|1776093494\n|switch|p1a: Sinistcha|Sinistcha-Masterpiece, L50|100/100\n|-heal|p1b: Manectric|100/100|[from] ability: Hospitality|[of] p1a: Sinistcha\n|turn|6\n|inactive|ronjansje has 30 seconds left.\n|inactive|ronjansje has 20 seconds left.\n|inactive|ronjansje has 15 seconds left.\n|\n|t:|1776093539\n|move|p1b: Manectric|Protect|p1b: Manectric\n|-singleturn|p1b: Manectric|Protect\n|move|p2a: Golurk|Poltergeist|p1a: Sinistcha\n|-activate|p1a: Sinistcha|move: Poltergeist|Mental Herb\n|-supereffective|p1a: Sinistcha|1\n|-damage|p1a: Sinistcha|41/100\n|move|p2b: Incineroar|Flare Blitz|p1a: Sinistcha\n|-supereffective|p1a: Sinistcha|1\n|-damage|p1a: Sinistcha|0 fnt\n|faint|p1a: Sinistcha\n|-damage|p2b: Incineroar|77/100|[from] Recoil\n|\n|-weather|none\n|-fieldend|move: Trick Room\n|upkeep\n|\n|t:|1776093553\n|switch|p1a: Tyranitar|Tyranitar, L50, M|40/100\n|-weather|Sandstorm|[from] ability: Sand Stream|[of] p1a: Tyranitar\n|turn|7\n|\n|t:|1776093573\n|switch|p2b: Torkoal|Torkoal, L50, M, shiny|64/100\n|-weather|SunnyDay|[from] ability: Drought|[of] p2b: Torkoal\n|move|p2a: Golurk|Protect|p2a: Golurk\n|-singleturn|p2a: Golurk|Protect\n|move|p1b: Manectric|Snarl|p2b: Torkoal|[spread] p2b\n|-activate|p2a: Golurk|move: Protect\n|-damage|p2b: Torkoal|45/100\n|-unboost|p2b: Torkoal|spa|1\n|move|p1a: Tyranitar|Knock Off|p2a: Golurk\n|-activate|p2a: Golurk|move: Protect\n|\n|-weather|SunnyDay|[upkeep]\n|upkeep\n|turn|8\n|inactive|ronjansje has 30 seconds left.\n|\n|t:|1776093605\n|switch|p2a: Incineroar|Incineroar, L50, M, shiny|77/100\n|-ability|p2a: Incineroar|Intimidate|boost\n|-unboost|p1a: Tyranitar|atk|1\n|-unboost|p1b: Manectric|atk|1\n|move|p1b: Manectric|Snarl|p2a: Incineroar|[spread] p2a,p2b\n|-resisted|p2a: Incineroar|1\n|-damage|p2a: Incineroar|71/100\n|-damage|p2b: Torkoal|27/100\n|-unboost|p2a: Incineroar|spa|1\n|-unboost|p2b: Torkoal|spa|1\n|move|p1a: Tyranitar|Knock Off|p2a: Incineroar\n|-resisted|p2a: Incineroar|1\n|-damage|p2a: Incineroar|54/100\n|-enditem|p2a: Incineroar|Shuca Berry|[from] move: Knock Off|[of] p1a: Tyranitar\n|move|p2b: Torkoal|Weather Ball|p1a: Tyranitar\n|-resisted|p1a: Tyranitar|1\n|-damage|p1a: Tyranitar|24/100\n|\n|-weather|SunnyDay|[upkeep]\n|upkeep\n|turn|9\n|inactive|4396godie has 30 seconds left.\n|inactive|ronjansje has 30 seconds left.\n|\n|t:|1776093631\n|switch|p2b: Golurk|Golurk-Mega, L50|88/100\n|move|p2a: Incineroar|Fake Out|p1b: Manectric\n|-damage|p1b: Manectric|86/100\n|cant|p1b: Manectric|flinch\n|move|p1a: Tyranitar|Rock Slide|p2a: Incineroar|[spread] p2a,p2b\n|-supereffective|p2a: Incineroar|1\n|-resisted|p2b: Golurk|1\n|-damage|p2a: Incineroar|17/100\n|-damage|p2b: Golurk|79/100\n|\n|-weather|SunnyDay|[upkeep]\n|upkeep\n|turn|10\n|\n|t:|1776093646\n|switch|p2a: Torkoal|Torkoal, L50, M, shiny|27/100\n|move|p2b: Golurk|Protect|p2b: Golurk\n|-singleturn|p2b: Golurk|Protect\n|move|p1b: Manectric|Snarl|p2a: Torkoal|[spread] p2a\n|-activate|p2b: Golurk|move: Protect\n|-damage|p2a: Torkoal|9/100\n|-unboost|p2a: Torkoal|spa|1\n|move|p1a: Tyranitar|Rock Slide|p2b: Golurk|[spread] p2a\n|-activate|p2b: Golurk|move: Protect\n|-supereffective|p2a: Torkoal|1\n|-damage|p2a: Torkoal|0 fnt\n|faint|p2a: Torkoal\n|\n|-weather|SunnyDay|[upkeep]\n|upkeep\n|\n|t:|1776093648\n|switch|p2a: Incineroar|Incineroar, L50, M, shiny|17/100\n|-ability|p2a: Incineroar|Intimidate|boost\n|-unboost|p1a: Tyranitar|atk|1\n|-unboost|p1b: Manectric|atk|1\n|turn|11\n|\n|t:|1776093661\n|move|p1b: Manectric|Protect|p1b: Manectric\n|-singleturn|p1b: Manectric|Protect\n|move|p1a: Tyranitar|Protect|p1a: Tyranitar\n|-singleturn|p1a: Tyranitar|Protect\n|move|p2a: Incineroar|Fake Out|p1b: Manectric\n|-activate|p1b: Manectric|move: Protect\n|move|p2b: Golurk|Headlong Rush|p1a: Tyranitar\n|-supereffective|p1a: Tyranitar|1\n|-ability|p2b: Golurk|Unseen Fist\n|-zbroken|p1a: Tyranitar\n|-damage|p1a: Tyranitar|0 fnt\n|-unboost|p2b: Golurk|def|1\n|-unboost|p2b: Golurk|spd|1\n|faint|p1a: Tyranitar\n|\n|-weather|none\n|upkeep\n|turn|12\n|\n|t:|1776093679\n|move|p1b: Manectric|Snarl|p2a: Incineroar|[spread] p2a,p2b\n|-resisted|p2a: Incineroar|1\n|-supereffective|p2b: Golurk|1\n|-damage|p2a: Incineroar|11/100\n|-damage|p2b: Golurk|40/100\n|-unboost|p2a: Incineroar|spa|1\n|-unboost|p2b: Golurk|spa|1\n|move|p2a: Incineroar|Parting Shot|p1b: Manectric\n|-unboost|p1b: Manectric|atk|1\n|-unboost|p1b: Manectric|spa|1\n|\n|t:|1776093683\n|switch|p2a: Farigiraf|Farigiraf, L50, M, shiny|59/100|[from] Parting Shot\n|move|p2b: Golurk|Headlong Rush|p1b: Manectric\n|-supereffective|p1b: Manectric|1\n|-damage|p1b: Manectric|0 fnt\n|-unboost|p2b: Golurk|def|1\n|-unboost|p2b: Golurk|spd|1\n|faint|p1b: Manectric\n|\n|win|ronjansje\n|raw|4396godie's rating: 1195 &rarr; <strong>1167</strong><br />(-28 for losing)\n|raw|ronjansje's rating: 1160 &rarr; <strong>1188</strong><br />(+28 for winning)\n|l|\u26064396godie\n|player|p1|\n",
  "uploadtime": 1776093691,
  "views": 11,
  "formatid": "gen9championsvgc2026regma",
  "rating": 1167,
  "private": 0,
  "password": null
}