{
  "id": "gen9championsvgc2026regma-2580587930",
  "format": "[Gen 9 Champions] VGC 2026 Reg M-A",
  "players": [
    "Danilo-chan",
    "resfdzcw"
  ],
  "log": "|j|\u2606Danilo-chan\n|j|\u2606resfdzcw\n|t:|1775915725\n|gametype|doubles\n|player|p1|Danilo-chan|dancer|1000\n|player|p2|resfdzcw|169|1044\n|gen|9\n|tier|[Gen 9 Champions] VGC 2026 Reg M-A\n|rated|\n|rule|Species Clause: Limit one of each Pok\u00e9mon\n|rule|Item Clause: Limit 1 of each item\n|clearpoke\n|poke|p1|Tyranitar, L50, M|\n|poke|p1|Araquanid, L50, M|\n|poke|p1|Garchomp, L50, M|\n|poke|p1|Glimmora, L50, F|\n|poke|p1|Orthworm, L50, M|\n|poke|p1|Sinistcha, L50|\n|poke|p2|Gengar, L50, F|\n|poke|p2|Politoed, L50, F|\n|poke|p2|Kingambit, L50, M|\n|poke|p2|Sinistcha-Masterpiece, L50|\n|poke|p2|Dragonite, L50, F|\n|poke|p2|Garchomp, L50, F|\n|teampreview|4\n|inactive|Battle timer is ON: inactive players will automatically lose when time's up. (requested by resfdzcw)\n|inactive|Danilo-chan also wants the timer to be on.\n|inactive|Danilo-chan has 60 seconds left.\n|inactive|resfdzcw has 60 seconds left.\n|inactive|Danilo-chan has 30 seconds left.\n|inactive|Danilo-chan has 20 seconds left.\n|inactive|Danilo-chan has 15 seconds left.\n|inactive|Danilo-chan has 10 seconds left.\n|inactive|Danilo-chan has 5 seconds left.\n|\n|t:|1775915812\n|teamsize|p1|4\n|teamsize|p2|4\n|start\n|switch|p1a: Garchomp|Garchomp, L50, M|100/100\n|switch|p1b: Orthworm|Orthworm, L50, M|100/100\n|switch|p2a: Garchomp|Garchomp, L50, F|100/100\n|switch|p2b: Dragonite|Dragonite, L50, F|100/100\n|turn|1\n|inactive|Danilo-chan has 30 seconds left.\n|inactive|Danilo-chan has 20 seconds left.\n|\n|t:|1775915847\n|switch|p2a: Politoed|Politoed, L50, F|100/100\n|-weather|RainDance|[from] ability: Drizzle|[of] p2a: Politoed\n|detailschange|p2b: Dragonite|Dragonite-Mega, L50, F\n|-mega|p2b: Dragonite|Dragonite|Dragoninite\n|move|p1a: Garchomp|Protect|p1a: Garchomp\n|-singleturn|p1a: Garchomp|Protect\n|move|p2b: Dragonite|Weather Ball|p1b: Orthworm\n|-damage|p1b: Orthworm|20/100\n|-enditem|p1b: Orthworm|Sitrus Berry|[eat]\n|-heal|p1b: Orthworm|45/100|[from] item: Sitrus Berry\n|move|p1b: Orthworm|Shed Tail|p1b: Orthworm\n|-fail|p1b: Orthworm|move: Shed Tail|[weak]\n|\n|-weather|RainDance|[upkeep]\n|upkeep\n|turn|2\n|\n|t:|1775915870\n|switch|p1b: Tyranitar|Tyranitar, L50, M|100/100\n|-weather|Sandstorm|[from] ability: Sand Stream|[of] p1b: Tyranitar\n|move|p2b: Dragonite|Protect|p2b: Dragonite\n|-singleturn|p2b: Dragonite|Protect\n|move|p1a: Garchomp|Rock Slide|p2b: Dragonite|[spread] p2a\n|-activate|p2b: Dragonite|move: Protect\n|-damage|p2a: Politoed|78/100\n|move|p2a: Politoed|Icy Wind|p1a: Garchomp|[spread] p1a,p1b\n|-supereffective|p1a: Garchomp|2\n|-damage|p1a: Garchomp|55/100\n|-damage|p1b: Tyranitar|95/100\n|-unboost|p1a: Garchomp|spe|1\n|-unboost|p1b: Tyranitar|spe|1\n|\n|-weather|Sandstorm|[upkeep]\n|-damage|p2b: Dragonite|95/100|[from] Sandstorm\n|-damage|p2a: Politoed|72/100|[from] Sandstorm\n|upkeep\n|turn|3\n|inactive|Danilo-chan has 30 seconds left.\n|inactive|resfdzcw has 30 seconds left.\n|inactive|Danilo-chan has 20 seconds left.\n|inactive|Danilo-chan has 15 seconds left.\n|inactive|Danilo-chan has 10 seconds left.\n|\n|t:|1775915916\n|switch|p2b: Kingambit|Kingambit, L50, M|100/100\n|switch|p2a: Garchomp|Garchomp, L50, F|100/100\n|switch|p1a: Orthworm|Orthworm, L50, M|45/100\n|move|p1b: Tyranitar|Ice Punch|p2b: Kingambit\n|-resisted|p2b: Kingambit|1\n|-damage|p2b: Kingambit|89/100\n|\n|-weather|Sandstorm|[upkeep]\n|-heal|p2b: Kingambit|95/100|[from] item: Leftovers\n|upkeep\n|turn|4\n|inactive|Danilo-chan has 30 seconds left.\n|inactive|Danilo-chan has 20 seconds left.\n|\n|t:|1775915951\n|move|p1b: Tyranitar|Protect|p1b: Tyranitar\n|-singleturn|p1b: Tyranitar|Protect\n|move|p2a: Garchomp|Stomping Tantrum|p1b: Tyranitar\n|-activate|p1b: Tyranitar|move: Protect\n|move|p1a: Orthworm|Iron Defense|p1a: Orthworm\n|-boost|p1a: Orthworm|def|2\n|move|p2b: Kingambit|Iron Head|p1b: Tyranitar\n|-activate|p1b: Tyranitar|move: Protect\n|\n|-weather|Sandstorm|[upkeep]\n|-heal|p2b: Kingambit|100/100|[from] item: Leftovers\n|upkeep\n|turn|5\n|\n|t:|1775915973\n|move|p2b: Kingambit|Protect|p2b: Kingambit\n|-singleturn|p2b: Kingambit|Protect\n|move|p2a: Garchomp|Stomping Tantrum|p1b: Tyranitar\n|-supereffective|p1b: Tyranitar|1\n|-damage|p1b: Tyranitar|33/100\n|move|p1a: Orthworm|Body Press|p2b: Kingambit\n|-activate|p2b: Kingambit|move: Protect\n|move|p1b: Tyranitar|Ice Punch|p2a: Garchomp\n|-supereffective|p2a: Garchomp|2\n|-enditem|p2a: Garchomp|Yache Berry|[eat]\n|-enditem|p2a: Garchomp|Yache Berry|[weaken]\n|-damage|p2a: Garchomp|52/100\n|-damage|p1b: Tyranitar|21/100|[from] ability: Rough Skin|[of] p2a: Garchomp\n|\n|-weather|Sandstorm|[upkeep]\n|upkeep\n|turn|6\n|\n|t:|1775915994\n|switch|p1b: Garchomp|Garchomp, L50, M|55/100\n|move|p2b: Kingambit|Sucker Punch|p1a: Orthworm\n|-damage|p1a: Orthworm|32/100\n|move|p2a: Garchomp|Rock Slide|p1b: Garchomp|[spread] p1b\n|-miss|p2a: Garchomp|p1a: Orthworm\n|-resisted|p1b: Garchomp|1\n|-damage|p1b: Garchomp|45/100\n|move|p1a: Orthworm|Body Press|p2b: Kingambit\n|-supereffective|p2b: Kingambit|2\n|-damage|p2b: Kingambit|0 fnt\n|faint|p2b: Kingambit\n|\n|-weather|none\n|upkeep\n|\n|t:|1775916012\n|switch|p2b: Politoed|Politoed, L50, F|72/100\n|-weather|RainDance|[from] ability: Drizzle|[of] p2b: Politoed\n|turn|7\n|inactive|Danilo-chan has 30 seconds left.\n|\n|t:|1775916037\n|switch|p1b: Tyranitar|Tyranitar, L50, M|21/100\n|-weather|Sandstorm|[from] ability: Sand Stream|[of] p1b: Tyranitar\n|switch|p2b: Dragonite|Dragonite-Mega, L50, F|95/100\n|move|p2a: Garchomp|Dragon Claw|p1b: Tyranitar\n|-damage|p1b: Tyranitar|0 fnt\n|faint|p1b: Tyranitar\n|move|p1a: Orthworm|Body Press|p2b: Dragonite\n|-resisted|p2b: Dragonite|1\n|-damage|p2b: Dragonite|70/100\n|\n|-weather|Sandstorm|[upkeep]\n|-damage|p2b: Dragonite|64/100|[from] Sandstorm\n|upkeep\n|\n|t:|1775916053\n|switch|p1b: Glimmora|Glimmora, L50, F|100/100\n|turn|8\n|\n|t:|1775916064\n|switch|p2b: Politoed|Politoed, L50, F|72/100\n|-weather|RainDance|[from] ability: Drizzle|[of] p2b: Politoed\n|detailschange|p1b: Glimmora|Glimmora-Mega, L50, F\n|-mega|p1b: Glimmora|Glimmora|Glimmoranite\n|move|p1b: Glimmora|Power Gem|p2b: Politoed\n|-damage|p2b: Politoed|9/100\n|-enditem|p2b: Politoed|Sitrus Berry|[eat]\n|-heal|p2b: Politoed|34/100|[from] item: Sitrus Berry\n|move|p2a: Garchomp|Stomping Tantrum|p1b: Glimmora\n|-supereffective|p1b: Glimmora|2\n|-damage|p1b: Glimmora|0 fnt\n|faint|p1b: Glimmora\n|move|p1a: Orthworm|Body Press|p2a: Garchomp\n|-damage|p2a: Garchomp|0 fnt\n|-damage|p1a: Orthworm|20/100|[from] ability: Rough Skin|[of] p2a: Garchomp\n|faint|p2a: Garchomp\n|\n|-weather|RainDance|[upkeep]\n|upkeep\n|\n|t:|1775916082\n|switch|p1b: Garchomp|Garchomp, L50, M|45/100\n|switch|p2a: Dragonite|Dragonite-Mega, L50, F|64/100\n|turn|9\n|\n|t:|1775916094\n|move|p1b: Garchomp|Protect|p1b: Garchomp\n|-singleturn|p1b: Garchomp|Protect\n|move|p2a: Dragonite|Weather Ball|p1a: Orthworm\n|-damage|p1a: Orthworm|0 fnt\n|faint|p1a: Orthworm\n|move|p2b: Politoed|Icy Wind|p1b: Garchomp\n|-activate|p1b: Garchomp|move: Protect\n|\n|-weather|RainDance|[upkeep]\n|upkeep\n|turn|10\n|\n|t:|1775916107\n|move|p1b: Garchomp|Rock Slide|p2a: Dragonite|[spread] p2a,p2b\n|-supereffective|p2a: Dragonite|1\n|-crit|p2a: Dragonite\n|-damage|p2a: Dragonite|15/100\n|-damage|p2b: Politoed|11/100\n|cant|p2a: Dragonite|flinch\n|move|p2b: Politoed|Icy Wind|p1b: Garchomp\n|-supereffective|p1b: Garchomp|2\n|-damage|p1b: Garchomp|0 fnt\n|faint|p1b: Garchomp\n|\n|win|resfdzcw\n|raw|Danilo-chan's rating: 1000 &rarr; <strong>1000</strong><br />(+0 for losing)\n|raw|resfdzcw's rating: 1044 &rarr; <strong>1073</strong><br />(+29 for winning)\n|l|\u2606resfdzcw\n|player|p2|\n",
  "uploadtime": 1775916118,
  "views": 11,
  "formatid": "gen9championsvgc2026regma",
  "rating": 1000,
  "private": 0,
  "password": null
}