{
  "id": "gen9championsvgc2026regma-2580770343",
  "format": "[Gen 9 Champions] VGC 2026 Reg M-A",
  "players": [
    "techie of course o",
    "firjiwater"
  ],
  "log": "|j|\u2606techie of course o\n|j|\u2606firjiwater\n|t:|1775931078\n|gametype|doubles\n|player|p1|techie of course o|acetrainerf|1000\n|player|p2|firjiwater|cheryl|1000\n|gen|9\n|tier|[Gen 9 Champions] VGC 2026 Reg M-A\n|rated|\n|rule|Species Clause: Limit one of each Pok\u00e9mon\n|rule|Item Clause: Limit 1 of each item\n|clearpoke\n|poke|p1|Floette-Eternal, L50, F|\n|poke|p1|Whimsicott, L50, F|\n|poke|p1|Sylveon, L50, M|\n|poke|p1|Tinkaton, L50, F|\n|poke|p1|Alcremie-Ruby-Swirl, L50, F|\n|poke|p1|Azumarill, L50, F|\n|poke|p2|Kangaskhan, L50, F|\n|poke|p2|Whimsicott, L50, F|\n|poke|p2|Dragapult, L50, M|\n|poke|p2|Gallade, L50, M|\n|poke|p2|Slowbro, L50, M|\n|poke|p2|Garchomp, L50, F|\n|teampreview|4\n|\n|t:|1775931105\n|teamsize|p1|4\n|teamsize|p2|4\n|start\n|switch|p1a: Floette|Floette-Eternal, L50, F|100/100\n|switch|p1b: Alcremie|Alcremie-Ruby-Swirl, L50, F|100/100\n|switch|p2a: Big Stepper|Kangaskhan, L50, F, shiny|100/100\n|switch|p2b: Aerosmith|Dragapult, L50, M, shiny|100/100\n|turn|1\n|\n|t:|1775931137\n|detailschange|p2a: Big Stepper|Kangaskhan-Mega, L50, F, shiny\n|-mega|p2a: Big Stepper|Kangaskhan|Kangaskhanite\n|move|p2a: Big Stepper|Fake Out|p1b: Alcremie\n|-damage|p1b: Alcremie|77/100\n|-damage|p1b: Alcremie|70/100\n|-hitcount|p1b: Alcremie|2\n|move|p2b: Aerosmith|Fly||[still]\n|-prepare|p2b: Aerosmith|Fly\n|move|p1a: Floette|Dazzling Gleam|p2a: Big Stepper|[spread] p2a\n|-miss|p1a: Floette|p2b: Aerosmith\n|-damage|p2a: Big Stepper|69/100\n|cant|p1b: Alcremie|flinch\n|\n|upkeep\n|turn|2\n|\n|t:|1775931162\n|move|p2b: Aerosmith|Fly|p1b: Alcremie|[from] lockedmove\n|-damage|p1b: Alcremie|30/100\n|move|p2a: Big Stepper|Double-Edge|p1b: Alcremie\n|-damage|p1b: Alcremie|0 fnt\n|faint|p1b: Alcremie\n|-hitcount|p1: Alcremie|1\n|-damage|p2a: Big Stepper|60/100|[from] Recoil\n|move|p1a: Floette|Dazzling Gleam|p2a: Big Stepper|[spread] p2a,p2b\n|-supereffective|p2b: Aerosmith|1\n|-damage|p2a: Big Stepper|32/100\n|-damage|p2b: Aerosmith|23/100\n|\n|upkeep\n|\n|t:|1775931170\n|switch|p1b: Sylveon|Sylveon, L50, M|100/100\n|turn|3\n|\n|t:|1775931193\n|detailschange|p1a: Floette|Floette-Mega, L50, F\n|-mega|p1a: Floette|Floette|Floettite\n|-ability|p1a: Floette|Fairy Aura\n|move|p2b: Aerosmith|Fly||[still]\n|-prepare|p2b: Aerosmith|Fly\n|move|p1a: Floette|Dazzling Gleam|p2b: Aerosmith|[spread] p2a\n|-miss|p1a: Floette|p2b: Aerosmith\n|-damage|p2a: Big Stepper|0 fnt\n|faint|p2a: Big Stepper\n|move|p1b: Sylveon|Hyper Voice|p2b: Aerosmith|[miss]\n|-miss|p1b: Sylveon|p2b: Aerosmith\n|\n|upkeep\n|\n|t:|1775931211\n|switch|p2a: Stefani|Whimsicott, L50, F, shiny|100/100\n|turn|4\n|\n|t:|1775931227\n|move|p2a: Stefani|Helping Hand|p2b: Aerosmith\n|-singleturn|p2b: Aerosmith|Helping Hand|[of] p2a: Stefani\n|move|p2b: Aerosmith|Fly|p1b: Sylveon|[from] lockedmove\n|-damage|p1b: Sylveon|27/100\n|move|p1a: Floette|Dazzling Gleam|p2a: Stefani|[spread] p2a,p2b\n|-supereffective|p2b: Aerosmith|1\n|-damage|p2a: Stefani|28/100\n|-damage|p2b: Aerosmith|0 fnt\n|faint|p2b: Aerosmith\n|move|p1b: Sylveon|Mystical Fire|p2a: Stefani\n|-supereffective|p2a: Stefani|1\n|-damage|p2a: Stefani|0 fnt\n|faint|p2a: Stefani\n|\n|upkeep\n|\n|t:|1775931243\n|switch|p2a: Justice For All|Garchomp, L50, F, shiny|100/100\n|turn|5\n|\n|t:|1775931256\n|move|p2a: Justice For All|Earthquake|p1a: Floette|[spread] p1a,p1b\n|-damage|p1a: Floette|49/100\n|-damage|p1b: Sylveon|0 fnt\n|faint|p1b: Sylveon\n|move|p1a: Floette|Light of Ruin|p2a: Justice For All|[miss]\n|-miss|p1a: Floette|p2a: Justice For All\n|\n|upkeep\n|\n|t:|1775931260\n|switch|p1b: Azumarill|Azumarill, L50, F|100/100\n|turn|6\n|\n|t:|1775931273\n|move|p2a: Justice For All|Protect|p2a: Justice For All\n|-singleturn|p2a: Justice For All|Protect\n|move|p1a: Floette|Light of Ruin|p2a: Justice For All\n|-activate|p2a: Justice For All|move: Protect\n|move|p1b: Azumarill|Play Rough|p2a: Justice For All\n|-activate|p2a: Justice For All|move: Protect\n|\n|upkeep\n|turn|7\n|\n|t:|1775931289\n|move|p1a: Floette|Light of Ruin|p2a: Justice For All\n|-supereffective|p2a: Justice For All|1\n|-damage|p2a: Justice For All|0 fnt\n|faint|p2a: Justice For All\n|-damage|p1a: Floette|0 fnt|[from] Recoil\n|faint|p1a: Floette\n|\n|win|techie of course o\n|raw|techie of course o's rating: 1000 &rarr; <strong>1040</strong><br />(+40 for winning)\n|raw|firjiwater's rating: 1000 &rarr; <strong>1000</strong><br />(+0 for losing)\n|c|\u2606firjiwater|gg\n|c|\u2606techie of course o|gg\\\n|l|\u2606firjiwater\n|player|p2|\n",
  "uploadtime": 1775931396,
  "views": 24,
  "formatid": "gen9championsvgc2026regma",
  "rating": 1000,
  "private": 0,
  "password": null
}