{
  "id": "gen9championsvgc2026regma-2583974836",
  "format": "[Gen 9 Champions] VGC 2026 Reg M-A",
  "players": [
    "Miko008",
    "Jasonjarmoosh"
  ],
  "log": "|j|\u2606Miko008\n|j|\u203dJasonjarmoosh\n|t:|1776213308\n|gametype|doubles\n|player|p1|Miko008|lady|1161\n|player|p2|Jasonjarmoosh|265|1133\n|gen|9\n|tier|[Gen 9 Champions] VGC 2026 Reg M-A\n|rated|\n|rule|Species Clause: Limit one of each Pok\u00e9mon\n|rule|Item Clause: Limit 1 of each item\n|clearpoke\n|poke|p1|Primarina, L50, F|\n|poke|p1|Beedrill, L50, F|\n|poke|p1|Zoroark-Hisui, L50, F|\n|poke|p1|Noivern, L50, F|\n|poke|p1|Farigiraf, L50, F|\n|poke|p1|Garchomp, L50, M|\n|poke|p2|Crabominable, L50, M|\n|poke|p2|Incineroar, L50, F|\n|poke|p2|Politoed, L50, F|\n|poke|p2|Basculegion, L50, M|\n|poke|p2|Archaludon, L50, M|\n|poke|p2|Sinistcha-Masterpiece, L50|\n|teampreview|4\n|inactive|Battle timer is ON: inactive players will automatically lose when time's up. (requested by Jasonjarmoosh)\n|\n|t:|1776213360\n|teamsize|p1|4\n|teamsize|p2|4\n|start\n|switch|p1a: Aby|Beedrill, L50, F|100/100\n|switch|p1b: Poni|Farigiraf, L50, F|100/100\n|switch|p2a: Incineroar|Incineroar, L50, F|100/100\n|switch|p2b: Sinistcha|Sinistcha-Masterpiece, L50|100/100\n|-ability|p2a: Incineroar|Intimidate|boost\n|-unboost|p1a: Aby|atk|1\n|-unboost|p1b: Poni|atk|1\n|turn|1\n|inactive|Jasonjarmoosh has 30 seconds left.\n|\n|t:|1776213392\n|switch|p2b: Crabominable|Crabominable, L50, M|100/100\n|move|p1a: Aby|Shadow Ball|p2b: Crabominable\n|-damage|p2b: Crabominable|49/100\n|move|p2a: Incineroar|Parting Shot|p1b: Poni\n|-unboost|p1b: Poni|atk|1\n|-unboost|p1b: Poni|spa|1\n|\n|t:|1776213402\n|switch|p2a: Sinistcha|Sinistcha-Masterpiece, L50|100/100|[from] Parting Shot\n|-heal|p2b: Crabominable|74/100|[from] ability: Hospitality|[of] p2a: Sinistcha\n|move|p1b: Poni|Psychic|p2b: Crabominable\n|-supereffective|p2b: Crabominable|1\n|-damage|p2b: Crabominable|11/100\n|\n|upkeep\n|turn|2\n|\n|t:|1776213421\n|move|p2a: Sinistcha|Rage Powder|p2a: Sinistcha\n|-singleturn|p2a: Sinistcha|move: Rage Powder\n|move|p1a: Aby|Shadow Ball|p2a: Sinistcha\n|-supereffective|p2a: Sinistcha|1\n|-damage|p2a: Sinistcha|18/100\n|move|p1b: Poni|Psychic|p2a: Sinistcha\n|-damage|p2a: Sinistcha|0 fnt\n|faint|p2a: Sinistcha\n|move|p2b: Crabominable|Ice Hammer|p1b: Poni\n|-damage|p1b: Poni|51/100\n|-unboost|p2b: Crabominable|spe|1\n|\n|upkeep\n|\n|t:|1776213425\n|switch|p2a: Incineroar|Incineroar, L50, F|100/100\n|-ability|p2a: Incineroar|Intimidate|boost\n|-unboost|p1a: Aby|atk|1\n|-unboost|p1b: Poni|atk|1\n|turn|3\n|inactive|Miko008 has 30 seconds left.\n|\n|t:|1776213451\n|switch|p1b: Perla|Primarina, L50, F|100/100\n|move|p2b: Crabominable|Protect|p2b: Crabominable\n|-singleturn|p2b: Crabominable|Protect\n|move|p1a: Aby|Shadow Ball|p2b: Crabominable\n|-activate|p2b: Crabominable|move: Protect\n|move|p2a: Incineroar|Flare Blitz|p1a: Aby\n|-damage|p1a: Aby|0 fnt\n|replace|p1a: The Fool|Zoroark-Hisui, L50, F\n|-end|p1a: The Fool|Illusion\n|faint|p1a: The Fool\n|-damage|p2a: Incineroar|77/100|[from] Recoil\n|\n|upkeep\n|\n|t:|1776213471\n|switch|p1a: Poni|Farigiraf, L50, F|51/100\n|turn|4\n|\n|t:|1776213481\n|switch|p2b: Archaludon|Archaludon, L50, M|100/100\n|move|p1a: Poni|Helping Hand|p1b: Perla\n|-singleturn|p1b: Perla|Helping Hand|[of] p1a: Poni\n|move|p1b: Perla|Hyper Voice|p2a: Incineroar|[spread] p2a,p2b\n|-supereffective|p2a: Incineroar|1\n|-resisted|p2b: Archaludon|1\n|-damage|p2a: Incineroar|0 fnt\n|-damage|p2b: Archaludon|57/100\n|faint|p2a: Incineroar\n|\n|upkeep\n|\n|t:|1776213487\n|switch|p2a: Crabominable|Crabominable, L50, M|11/100\n|turn|5\n|-message|Jasonjarmoosh forfeited.\n|\n|win|Miko008\n|raw|Miko008's rating: 1161 &rarr; <strong>1184</strong><br />(+23 for winning)\n|raw|Jasonjarmoosh's rating: 1133 &rarr; <strong>1110</strong><br />(-23 for losing)\n|l|\u203dJasonjarmoosh\n|player|p2|\n",
  "uploadtime": 1776213498,
  "views": 23,
  "formatid": "gen9championsvgc2026regma",
  "rating": 1110,
  "private": 0,
  "password": null
}