{
  "id": "gen9championsvgc2026regma-2587077027",
  "format": "[Gen 9 Champions] VGC 2026 Reg M-A",
  "players": [
    "zac5224666",
    "CoolTrainerBu"
  ],
  "log": "|j|\u2606zac5224666\n|j|\u2606CoolTrainerBu\n|t:|1776490238\n|gametype|doubles\n|player|p1|zac5224666|265|1324\n|player|p2|CoolTrainerBu|1|1260\n|gen|9\n|tier|[Gen 9 Champions] VGC 2026 Reg M-A\n|rated|\n|rule|Species Clause: Limit one of each Pok\u00e9mon\n|rule|Item Clause: Limit 1 of each item\n|clearpoke\n|poke|p1|Primarina, L50, M, shiny|\n|poke|p1|Scovillain, L50, M, shiny|\n|poke|p1|Garchomp, L50, F, shiny|\n|poke|p1|Kingambit, L50, M|\n|poke|p1|Aerodactyl, L50, F, shiny|\n|poke|p1|Sneasler, L50, F, shiny|\n|poke|p2|Charizard, L50, M|\n|poke|p2|Whimsicott, L50, F|\n|poke|p2|Garchomp, L50, F|\n|poke|p2|Sneasler, L50, F|\n|poke|p2|Maushold, L50|\n|poke|p2|Incineroar, L50, M|\n|teampreview|4\n|inactive|Battle timer is ON: inactive players will automatically lose when time's up. (requested by zac5224666)\n|inactive|zac5224666 has 60 seconds left.\n|inactive|zac5224666 has 30 seconds left.\n|inactive|zac5224666 has 20 seconds left.\n|inactive|zac5224666 has 15 seconds left.\n|inactive|zac5224666 has 10 seconds left.\n|inactive|zac5224666 has 5 seconds left.\n|\n|t:|1776490351\n|teamsize|p1|4\n|teamsize|p2|4\n|start\n|switch|p1a: Primarina|Primarina, L50, M, shiny|100/100\n|switch|p1b: Scovillain|Scovillain, L50, M, shiny|100/100\n|switch|p2a: Whimsicott|Whimsicott, L50, F|100/100\n|switch|p2b: Garchomp|Garchomp, L50, F|100/100\n|turn|1\n|inactive|zac5224666 has 30 seconds left.\n|inactive|zac5224666 has 20 seconds left.\n|\n|t:|1776490389\n|switch|p2b: Charizard|Charizard, L50, M|100/100\n|move|p2a: Whimsicott|Tailwind|p2a: Whimsicott\n|-sidestart|p2: CoolTrainerBu|move: Tailwind\n|move|p1b: Scovillain|Overheat|p2a: Whimsicott\n|-supereffective|p2a: Whimsicott|1\n|-enditem|p2a: Whimsicott|Focus Sash\n|-damage|p2a: Whimsicott|1/100\n|-unboost|p1b: Scovillain|spa|2\n|move|p1a: Primarina|Moonblast|p2b: Charizard\n|-resisted|p2b: Charizard|1\n|-damage|p2b: Charizard|73/100\n|\n|-ability|p1b: Scovillain|Moody|boost\n|-boost|p1b: Scovillain|spa|2\n|-unboost|p1b: Scovillain|atk|1\n|upkeep\n|turn|2\n|inactive|zac5224666 has 30 seconds left.\n|inactive|zac5224666 has 20 seconds left.\n|inactive|zac5224666 has 15 seconds left.\n|inactive|zac5224666 has 10 seconds left.\n|inactive|zac5224666 has 5 seconds left.\n|\n|t:|1776490442\n|switch|p2a: Incineroar|Incineroar, L50, M|100/100\n|-ability|p2a: Incineroar|Intimidate|boost\n|-unboost|p1a: Primarina|atk|1\n|-unboost|p1b: Scovillain|atk|1\n|switch|p1a: Garchomp|Garchomp, L50, F, shiny|100/100\n|detailschange|p2b: Charizard|Charizard-Mega-Y, L50, M\n|-mega|p2b: Charizard|Charizard|Charizardite Y\n|-weather|SunnyDay|[from] ability: Drought|[of] p2b: Charizard\n|move|p1b: Scovillain|Protect|p1b: Scovillain\n|-singleturn|p1b: Scovillain|Protect\n|move|p2b: Charizard|Solar Beam||[still]\n|-prepare|p2b: Charizard|Solar Beam\n|-anim|p2b: Charizard|Solar Beam|p1a: Garchomp\n|-damage|p1a: Garchomp|51/100\n|\n|-weather|SunnyDay|[upkeep]\n|-ability|p1b: Scovillain|Moody|boost\n|-boost|p1b: Scovillain|def|2\n|-unboost|p1b: Scovillain|spa|1\n|upkeep\n|turn|3\n|inactive|zac5224666 has 30 seconds left.\n|inactive|CoolTrainerBu has 30 seconds left.\n|inactive|zac5224666 has 20 seconds left.\n|inactive|CoolTrainerBu has 20 seconds left.\n|inactive|zac5224666 has 15 seconds left.\n|inactive|zac5224666 has 10 seconds left.\n|\n|t:|1776490488\n|detailschange|p1b: Scovillain|Scovillain-Mega, L50, M, shiny\n|-mega|p1b: Scovillain|Scovillain|Scovillainite\n|move|p2a: Incineroar|Fake Out|p1a: Garchomp\n|-damage|p1a: Garchomp|41/100\n|-damage|p2a: Incineroar|88/100|[from] ability: Rough Skin|[of] p1a: Garchomp\n|move|p2b: Charizard|Solar Beam||[still]\n|-prepare|p2b: Charizard|Solar Beam\n|-anim|p2b: Charizard|Solar Beam|p1a: Garchomp\n|-damage|p1a: Garchomp|0 fnt\n|faint|p1a: Garchomp\n|move|p1b: Scovillain|Overheat|p2b: Charizard\n|-resisted|p2b: Charizard|1\n|-damage|p2b: Charizard|45/100\n|-unboost|p1b: Scovillain|spa|2\n|\n|-weather|SunnyDay|[upkeep]\n|upkeep\n|\n|t:|1776490511\n|switch|p1a: Kingambit|Kingambit, L50, M|100/100\n|turn|4\n|\n|t:|1776490530\n|move|p2b: Charizard|Protect|p2b: Charizard\n|-singleturn|p2b: Charizard|Protect\n|move|p1b: Scovillain|Rage Powder|p1b: Scovillain\n|-singleturn|p1b: Scovillain|move: Rage Powder\n|move|p1a: Kingambit|Sucker Punch||[still]\n|-fail|p1a: Kingambit\n|move|p2a: Incineroar|Parting Shot|p1b: Scovillain\n|-unboost|p1b: Scovillain|atk|1\n|-unboost|p1b: Scovillain|spa|1\n|\n|t:|1776490538\n|switch|p2a: Garchomp|Garchomp, L50, F|100/100|[from] Parting Shot\n|\n|-weather|SunnyDay|[upkeep]\n|-sideend|p2: CoolTrainerBu|move: Tailwind\n|upkeep\n|turn|5\n|\n|t:|1776490559\n|switch|p1a: Primarina|Primarina, L50, M, shiny|100/100\n|move|p2a: Garchomp|Earthquake|p1b: Scovillain|[spread] p1a,p1b\n|-immune|p2b: Charizard\n|-damage|p1a: Primarina|58/100\n|-damage|p1b: Scovillain|81/100\n|-status|p2a: Garchomp|brn|[from] ability: Spicy Spray|[of] p1b: Scovillain\n|move|p2b: Charizard|Heat Wave|p1a: Primarina|[spread] p1a\n|-miss|p2b: Charizard|p1b: Scovillain\n|-resisted|p1a: Primarina|1\n|-damage|p1a: Primarina|30/100\n|-status|p1a: Primarina|brn\n|move|p1b: Scovillain|Leech Seed|p2b: Charizard\n|-start|p2b: Charizard|move: Leech Seed\n|\n|-weather|SunnyDay|[upkeep]\n|-heal|p1a: Primarina|37/100 brn|[from] item: Leftovers\n|-damage|p2b: Charizard|33/100|[from] Leech Seed|[of] p1b: Scovillain\n|-heal|p1b: Scovillain|93/100|[silent]\n|-damage|p2a: Garchomp|95/100 brn|[from] brn\n|-damage|p1a: Primarina|30/100 brn|[from] brn\n|upkeep\n|turn|6\n|inactive|zac5224666 has 30 seconds left.\n|inactive|CoolTrainerBu has 30 seconds left.\n|inactive|CoolTrainerBu has 20 seconds left.\n|\n|t:|1776490595\n|move|p1a: Primarina|Protect|p1a: Primarina\n|-singleturn|p1a: Primarina|Protect\n|move|p2a: Garchomp|Rock Slide|p1b: Scovillain|[spread] p1b\n|-activate|p1a: Primarina|move: Protect\n|-supereffective|p1b: Scovillain|1\n|-damage|p1b: Scovillain|84/100\n|move|p2b: Charizard|Solar Beam||[still]\n|-prepare|p2b: Charizard|Solar Beam\n|-anim|p2b: Charizard|Solar Beam|p1a: Primarina\n|-activate|p1a: Primarina|move: Protect\n|move|p1b: Scovillain|Leech Seed|p2a: Garchomp\n|-start|p2a: Garchomp|move: Leech Seed\n|\n|-weather|none\n|-heal|p1a: Primarina|37/100 brn|[from] item: Leftovers\n|-damage|p2a: Garchomp|82/100 brn|[from] Leech Seed|[of] p1b: Scovillain\n|-heal|p1b: Scovillain|97/100|[silent]\n|-damage|p2b: Charizard|21/100|[from] Leech Seed|[of] p1b: Scovillain\n|-heal|p1b: Scovillain|100/100|[silent]\n|-damage|p2a: Garchomp|76/100 brn|[from] brn\n|-damage|p1a: Primarina|30/100 brn|[from] brn\n|upkeep\n|turn|7\n|inactive|CoolTrainerBu has 30 seconds left.\n|inactive|CoolTrainerBu has 20 seconds left.\n|inactive|CoolTrainerBu has 15 seconds left.\n|inactive|CoolTrainerBu has 10 seconds left.\n|\n|t:|1776490644\n|switch|p2a: Incineroar|Incineroar, L50, M|88/100\n|-ability|p2a: Incineroar|Intimidate|boost\n|-unboost|p1a: Primarina|atk|1\n|-unboost|p1b: Scovillain|atk|1\n|move|p1b: Scovillain|Rage Powder|p1b: Scovillain\n|-singleturn|p1b: Scovillain|move: Rage Powder\n|move|p2b: Charizard|Heat Wave|p1b: Scovillain|[spread] p1a,p1b\n|-resisted|p1a: Primarina|1\n|-damage|p1a: Primarina|10/100 brn\n|-damage|p1b: Scovillain|58/100\n|-immune|p2b: Charizard\n|move|p1a: Primarina|Hyper Voice|p2b: Charizard|[spread] p2a,p2b\n|-supereffective|p2a: Incineroar|1\n|-supereffective|p2b: Charizard|1\n|-damage|p2a: Incineroar|20/100\n|-damage|p2b: Charizard|0 fnt\n|faint|p2b: Charizard\n|\n|-heal|p1a: Primarina|16/100 brn|[from] item: Leftovers\n|-damage|p1a: Primarina|10/100 brn|[from] brn\n|upkeep\n|\n|t:|1776490662\n|switch|p2b: Whimsicott|Whimsicott, L50, F|1/100\n|turn|8\n|inactive|zac5224666 has 30 seconds left.\n|inactive|CoolTrainerBu has 30 seconds left.\n|\n|t:|1776490692\n|switch|p1a: Kingambit|Kingambit, L50, M|100/100\n|move|p2a: Incineroar|Fake Out|p1a: Kingambit\n|-resisted|p1a: Kingambit|1\n|-damage|p1a: Kingambit|96/100\n|move|p2b: Whimsicott|Tailwind|p2b: Whimsicott\n|-sidestart|p2: CoolTrainerBu|move: Tailwind\n|move|p1b: Scovillain|Leech Seed|p2a: Incineroar\n|-start|p2a: Incineroar|move: Leech Seed\n|\n|-damage|p2a: Incineroar|7/100|[from] Leech Seed|[of] p1b: Scovillain\n|-heal|p1b: Scovillain|72/100|[silent]\n|upkeep\n|turn|9\n|inactive|zac5224666 has 30 seconds left.\n|inactive|CoolTrainerBu has 30 seconds left.\n|inactive|zac5224666 has 20 seconds left.\n|inactive|zac5224666 has 15 seconds left.\n|\n|t:|1776490735\n|move|p1a: Kingambit|Protect|p1a: Kingambit\n|-singleturn|p1a: Kingambit|Protect\n|move|p2b: Whimsicott|Encore|p1b: Scovillain\n|-start|p1b: Scovillain|Encore\n|move|p2a: Incineroar|Flare Blitz|p1a: Kingambit\n|-activate|p1a: Kingambit|move: Protect\n|move|p1b: Scovillain|Leech Seed|p2b: Whimsicott\n|-immune|p2b: Whimsicott\n|\n|-damage|p2a: Incineroar|0 fnt|[from] Leech Seed|[of] p1b: Scovillain\n|-heal|p1b: Scovillain|81/100|[silent]\n|faint|p2a: Incineroar\n|upkeep\n|\n|t:|1776490746\n|switch|p2a: Garchomp|Garchomp, L50, F|76/100 brn\n|turn|10\n|\n|t:|1776490766\n|move|p1a: Kingambit|Sucker Punch|p2a: Garchomp\n|-damage|p2a: Garchomp|37/100 brn\n|-damage|p1a: Kingambit|84/100|[from] ability: Rough Skin|[of] p2a: Garchomp\n|move|p2b: Whimsicott|Moonblast|p1a: Kingambit\n|-damage|p1a: Kingambit|51/100\n|-unboost|p1a: Kingambit|spa|1\n|-ability|p1a: Kingambit|Defiant|boost\n|-boost|p1a: Kingambit|atk|2\n|move|p2a: Garchomp|Earthquake|p1b: Scovillain|[spread] p2b,p1a,p1b\n|-resisted|p2b: Whimsicott|1\n|-supereffective|p1a: Kingambit|1\n|-damage|p2b: Whimsicott|0 fnt\n|-damage|p1a: Kingambit|24/100\n|-damage|p1b: Scovillain|70/100\n|faint|p2b: Whimsicott\n|move|p1b: Scovillain|Leech Seed|p2a: Garchomp\n|-start|p2a: Garchomp|move: Leech Seed\n|\n|-damage|p2a: Garchomp|24/100 brn|[from] Leech Seed|[of] p1b: Scovillain\n|-heal|p1b: Scovillain|84/100|[silent]\n|-damage|p2a: Garchomp|18/100 brn|[from] brn\n|upkeep\n|turn|11\n|\n|t:|1776490790\n|move|p1a: Kingambit|Sucker Punch|p2a: Garchomp\n|-damage|p2a: Garchomp|0 fnt\n|-damage|p1a: Kingambit|12/100|[from] ability: Rough Skin|[of] p2a: Garchomp\n|faint|p2a: Garchomp\n|\n|win|zac5224666\n|raw|zac5224666's rating: 1324 &rarr; <strong>1340</strong><br />(+16 for winning)\n|raw|CoolTrainerBu's rating: 1260 &rarr; <strong>1240</strong><br />(-20 for losing)\n",
  "uploadtime": 1776490796,
  "views": 24,
  "formatid": "gen9championsvgc2026regma",
  "rating": 1240,
  "private": 0,
  "password": null
}