{
  "id": "gen9championsvgc2026regma-2582003825",
  "format": "[Gen 9 Champions] VGC 2026 Reg M-A",
  "players": [
    "sdxgfhcgnvn",
    "Ecaracini"
  ],
  "log": "|j|\u2606sdxgfhcgnvn\n|j|\u2606Ecaracini\n|t:|1776047447\n|gametype|doubles\n|player|p1|sdxgfhcgnvn|102|1263\n|player|p2|Ecaracini|1|1250\n|gen|9\n|tier|[Gen 9 Champions] VGC 2026 Reg M-A\n|rated|\n|rule|Species Clause: Limit one of each Pok\u00e9mon\n|rule|Item Clause: Limit 1 of each item\n|clearpoke\n|poke|p1|Corviknight, L50, F|\n|poke|p1|Floette-Eternal, L50, F|\n|poke|p1|Sneasler, L50, F|\n|poke|p1|Incineroar, L50, F|\n|poke|p1|Garchomp, L50, F|\n|poke|p1|Rotom-Wash, L50|\n|poke|p2|Froslass, L50, F|\n|poke|p2|Sneasler, L50, M|\n|poke|p2|Kingambit, L50, M|\n|poke|p2|Garchomp, L50, M|\n|poke|p2|Aerodactyl, L50, F|\n|poke|p2|Rotom-Wash, L50|\n|teampreview|4\n|inactive|Battle timer is ON: inactive players will automatically lose when time's up. (requested by Ecaracini)\n|inactive|sdxgfhcgnvn has 60 seconds left.\n|inactive|sdxgfhcgnvn has 30 seconds left.\nEcaracini has agreed to open team sheets.\n|inactive|sdxgfhcgnvn has 20 seconds left.\n|\n|t:|1776047544\n|teamsize|p1|4\n|teamsize|p2|4\n|start\n|switch|p1a: Floette|Floette-Eternal, L50, F|100/100\n|switch|p1b: Sneasler|Sneasler, L50, F|100/100\n|switch|p2a: Froslass|Froslass, L50, F, shiny|100/100\n|switch|p2b: Sneasler|Sneasler, L50, M|100/100\n|turn|1\n|inactive|sdxgfhcgnvn has 30 seconds left.\n|inactive|Ecaracini has 30 seconds left.\n|inactive|Ecaracini has 20 seconds left.\n|inactive|Ecaracini has 15 seconds left.\n|inactive|Ecaracini has 10 seconds left.\n|\n|t:|1776047590\n|detailschange|p2a: Froslass|Froslass-Mega, L50, F, shiny\n|-mega|p2a: Froslass|Froslass|Froslassite\n|-weather|Snowscape|[from] ability: Snow Warning|[of] p2a: Froslass\n|detailschange|p1a: Floette|Floette-Mega, L50, F\n|-mega|p1a: Floette|Floette|Floettite\n|-ability|p1a: Floette|Fairy Aura\n|move|p2a: Froslass|Protect|p2a: Froslass\n|-singleturn|p2a: Froslass|Protect\n|move|p2b: Sneasler|Protect|p2b: Sneasler\n|-singleturn|p2b: Sneasler|Protect\n|move|p1b: Sneasler|Fake Out|p2b: Sneasler\n|-activate|p2b: Sneasler|move: Protect\n|move|p1a: Floette|Dazzling Gleam|p2b: Sneasler|[spread] \n|-activate|p2a: Froslass|move: Protect\n|-activate|p2b: Sneasler|move: Protect\n|\n|-weather|Snowscape|[upkeep]\n|upkeep\n|turn|2\n|\n|t:|1776047609\n|switch|p1b: Incineroar|Incineroar, L50, F|100/100\n|-ability|p1b: Incineroar|Intimidate|boost\n|-unboost|p2a: Froslass|atk|1\n|-unboost|p2b: Sneasler|atk|1\n|-enditem|p2b: Sneasler|White Herb\n|-clearnegativeboost|p2b: Sneasler|[silent]\n|move|p2b: Sneasler|Dire Claw|p1a: Floette\n|-supereffective|p1a: Floette|1\n|-damage|p1a: Floette|15/100\n|move|p2a: Froslass|Blizzard|p1b: Incineroar|[spread] p1a,p1b\n|-resisted|p1b: Incineroar|1\n|-damage|p1a: Floette|0 fnt\n|-damage|p1b: Incineroar|77/100\n|faint|p1a: Floette\n|\n|-weather|Snowscape|[upkeep]\n|upkeep\n|\n|t:|1776047620\n|switch|p1a: Rotom|Rotom-Wash, L50|100/100\n|turn|3\n|inactive|Ecaracini has 30 seconds left.\n|\n|t:|1776047646\n|switch|p2a: Kingambit|Kingambit, L50, M, shiny|100/100\n|switch|p1b: Sneasler|Sneasler, L50, F|100/100\n|move|p2b: Sneasler|Protect|p2b: Sneasler\n|-singleturn|p2b: Sneasler|Protect\n|move|p1a: Rotom|Volt Switch|p2b: Sneasler\n|-activate|p2b: Sneasler|move: Protect\n|\n|-weather|Snowscape|[upkeep]\n|upkeep\n|turn|4\n|inactive|Ecaracini has 30 seconds left.\n|\n|t:|1776047679\n|move|p2a: Kingambit|Protect|p2a: Kingambit\n|-singleturn|p2a: Kingambit|Protect\n|move|p2b: Sneasler|Close Combat|p1a: Rotom\n|-damage|p1a: Rotom|36/100\n|-unboost|p2b: Sneasler|def|1\n|-unboost|p2b: Sneasler|spd|1\n|move|p1a: Rotom|Volt Switch|p2b: Sneasler\n|-damage|p2b: Sneasler|53/100\n|\n|t:|1776047688\n|switch|p1a: Incineroar|Incineroar, L50, F|77/100|[from] Volt Switch\n|-ability|p1a: Incineroar|Intimidate|boost\n|-unboost|p2a: Kingambit|atk|1\n|-ability|p2a: Kingambit|Defiant|boost\n|-boost|p2a: Kingambit|atk|2\n|-unboost|p2b: Sneasler|atk|1\n|move|p1b: Sneasler|Close Combat|p2a: Kingambit\n|-activate|p2a: Kingambit|move: Protect\n|\n|-weather|Snowscape|[upkeep]\n|upkeep\n|turn|5\n|\n|t:|1776047701\n|switch|p2a: Froslass|Froslass-Mega, L50, F, shiny|100/100\n|move|p2b: Sneasler|Close Combat|p1a: Incineroar\n|-supereffective|p1a: Incineroar|1\n|-enditem|p1a: Incineroar|Chople Berry|[eat]\n|-enditem|p1a: Incineroar|Chople Berry|[weaken]\n|-damage|p1a: Incineroar|37/100\n|-unboost|p2b: Sneasler|def|1\n|-unboost|p2b: Sneasler|spd|1\n|move|p1b: Sneasler|Close Combat|p2a: Froslass\n|-immune|p2a: Froslass\n|move|p1a: Incineroar|Flare Blitz|p2b: Sneasler\n|-damage|p2b: Sneasler|0 fnt\n|faint|p2b: Sneasler\n|-damage|p1a: Incineroar|21/100|[from] Recoil\n|\n|-weather|none\n|upkeep\n|\n|t:|1776047714\n|switch|p2b: Rotom|Rotom-Wash, L50, shiny|100/100\n|turn|6\n|\n|t:|1776047731\n|move|p2b: Rotom|Volt Switch|p1a: Incineroar\n|-damage|p1a: Incineroar|0 fnt\n|faint|p1a: Incineroar\n|\n|t:|1776047734\n|switch|p2b: Kingambit|Kingambit, L50, M, shiny|100/100|[from] Volt Switch\n|move|p1b: Sneasler|Close Combat|p2b: Kingambit\n|-supereffective|p2b: Kingambit|2\n|-damage|p2b: Kingambit|0 fnt\n|-unboost|p1b: Sneasler|def|1\n|-unboost|p1b: Sneasler|spd|1\n|faint|p2b: Kingambit\n|move|p2a: Froslass|Shadow Ball|p1b: Sneasler\n|-damage|p1b: Sneasler|15/100\n|\n|upkeep\n|\n|t:|1776047744\n|switch|p1a: Rotom|Rotom-Wash, L50|36/100\n|switch|p2b: Rotom|Rotom-Wash, L50, shiny|100/100\n|turn|7\n|-message|sdxgfhcgnvn forfeited.\n|\n|win|Ecaracini\n|raw|sdxgfhcgnvn's rating: 1263 &rarr; <strong>1237</strong><br />(-26 for losing)\n|raw|Ecaracini's rating: 1250 &rarr; <strong>1276</strong><br />(+26 for winning)\n|l|\u2606sdxgfhcgnvn\n|player|p1|\n",
  "uploadtime": 1776047751,
  "views": 19,
  "formatid": "gen9championsvgc2026regma",
  "rating": 1237,
  "private": 0,
  "password": null
}