{
  "id": "gen9championsvgc2026regma-2587860683",
  "format": "[Gen 9 Champions] VGC 2026 Reg M-A",
  "players": [
    "henitusec",
    "Saintrod"
  ],
  "log": "|j|\u2606henitusec\n|j|\u2606Saintrod\n|t:|1776571658\n|gametype|doubles\n|player|p1|henitusec|steven-masters|1171\n|player|p2|Saintrod|pokefan-gen4|1143\n|gen|9\n|tier|[Gen 9 Champions] VGC 2026 Reg M-A\n|rated|\n|rule|Species Clause: Limit one of each Pok\u00e9mon\n|rule|Item Clause: Limit 1 of each item\n|clearpoke\n|poke|p1|Froslass, L50, F|\n|poke|p1|Garchomp, L50, F|\n|poke|p1|Rotom-Frost, L50|\n|poke|p1|Empoleon, L50, F|\n|poke|p1|Incineroar, L50, F|\n|poke|p1|Kingambit, L50, M|\n|poke|p2|Scovillain, L50, M|\n|poke|p2|Tyranitar, L50, F|\n|poke|p2|Garchomp, L50, F|\n|poke|p2|Aegislash, L50, F|\n|poke|p2|Orthworm, L50, M|\n|poke|p2|Gallade, L50, M|\n|teampreview|4\n|inactive|Battle timer is ON: inactive players will automatically lose when time's up. (requested by henitusec)\nhenitusec rejected open team sheets.\n|\n|t:|1776571686\n|teamsize|p1|4\n|teamsize|p2|4\n|start\n|switch|p1a: Froslass|Froslass, L50, F|100/100\n|switch|p1b: Incineroar|Incineroar, L50, F|100/100\n|switch|p2a: Gallade|Gallade, L50, M|100/100\n|switch|p2b: Scovillain|Scovillain, L50, M|100/100\n|-ability|p1b: Incineroar|Intimidate|boost\n|-unboost|p2a: Gallade|atk|1\n|-unboost|p2b: Scovillain|atk|1\n|turn|1\n|\n|t:|1776571706\n|detailschange|p1a: Froslass|Froslass-Mega, L50, F\n|-mega|p1a: Froslass|Froslass|Froslassite\n|-weather|Snowscape|[from] ability: Snow Warning|[of] p1a: Froslass\n|detailschange|p2b: Scovillain|Scovillain-Mega, L50, M\n|-mega|p2b: Scovillain|Scovillain|Scovillainite\n|move|p1b: Incineroar|Fake Out|p2b: Scovillain\n|-damage|p2b: Scovillain|87/100\n|-immune|p1b: Incineroar\n|move|p1a: Froslass|Blizzard|p2a: Gallade|[spread] p2a,p2b\n|-damage|p2a: Gallade|57/100\n|-damage|p2b: Scovillain|18/100\n|-status|p1a: Froslass|brn|[from] ability: Spicy Spray|[of] p2b: Scovillain\n|cant|p2b: Scovillain|flinch\n|move|p2a: Gallade|Trick Room|p2a: Gallade\n|-fieldstart|move: Trick Room|[of] p2a: Gallade\n|\n|-weather|Snowscape|[upkeep]\n|-damage|p1a: Froslass|94/100 brn|[from] brn\n|upkeep\n|turn|2\n|inactive|Saintrod has 30 seconds left.\n|inactive|Saintrod has 20 seconds left.\n|\n|t:|1776571743\n|move|p1b: Incineroar|Flare Blitz|p2a: Gallade\n|-damage|p2a: Gallade|0 fnt\n|faint|p2a: Gallade\n|-damage|p1b: Incineroar|84/100|[from] Recoil\n|move|p2b: Scovillain|Overheat|p1a: Froslass\n|-supereffective|p1a: Froslass|1\n|-damage|p1a: Froslass|0 fnt\n|-unboost|p2b: Scovillain|spa|2\n|faint|p1a: Froslass\n|\n|-weather|Snowscape|[upkeep]\n|upkeep\n|\n|t:|1776571754\n|switch|p2a: Orthworm|Orthworm, L50, M|100/100\n|switch|p1a: Kingambit|Kingambit, L50, M|100/100\n|turn|3\n|\n|t:|1776571764\n|move|p2b: Scovillain|Protect|p2b: Scovillain\n|-singleturn|p2b: Scovillain|Protect\n|move|p1b: Incineroar|Flare Blitz|p2b: Scovillain\n|-activate|p2b: Scovillain|move: Protect\n|move|p2a: Orthworm|Shed Tail|p2a: Orthworm\n|-start|p2a: Orthworm|Substitute|[from] move: Shed Tail\n|-damage|p2a: Orthworm|50/100\n|-enditem|p2a: Orthworm|Sitrus Berry|[eat]\n|-heal|p2a: Orthworm|75/100|[from] item: Sitrus Berry\n|\n|t:|1776571773\n|switch|p2a: Garchomp|Garchomp, L50, F|100/100|[from] Shed Tail\n|move|p1a: Kingambit|Low Kick|p2a: Garchomp\n|-end|p2a: Garchomp|Substitute\n|\n|-weather|Snowscape|[upkeep]\n|upkeep\n|turn|4\n|inactive|henitusec has 30 seconds left.\n|\n|t:|1776571799\n|switch|p2b: Orthworm|Orthworm, L50, M|75/100\n|move|p1b: Incineroar|Flare Blitz|p2b: Orthworm\n|-supereffective|p2b: Orthworm|1\n|-damage|p2b: Orthworm|0 fnt\n|faint|p2b: Orthworm\n|-damage|p1b: Incineroar|62/100|[from] Recoil\n|move|p1a: Kingambit|Low Kick|p2a: Garchomp\n|-damage|p2a: Garchomp|69/100\n|move|p2a: Garchomp|Earthquake|p1b: Incineroar|[spread] p1a,p1b\n|-supereffective|p1a: Kingambit|1\n|-supereffective|p1b: Incineroar|1\n|-damage|p1a: Kingambit|35/100\n|-damage|p1b: Incineroar|0 fnt\n|faint|p1b: Incineroar\n|\n|-weather|Snowscape|[upkeep]\n|upkeep\n|\n|t:|1776571814\n|switch|p1b: Rotom|Rotom-Frost, L50|100/100\n|switch|p2b: Scovillain|Scovillain-Mega, L50, M|18/100\n|turn|5\n|\n|t:|1776571832\n|move|p1a: Kingambit|Sucker Punch|p2b: Scovillain\n|-damage|p2b: Scovillain|0 fnt\n|-status|p1a: Kingambit|brn|[from] ability: Spicy Spray|[of] p2b: Scovillain\n|faint|p2b: Scovillain\n|move|p2a: Garchomp|Rock Slide|p1b: Rotom|[spread] p1a,p1b\n|-resisted|p1a: Kingambit|1\n|-supereffective|p1b: Rotom|1\n|-damage|p1a: Kingambit|27/100 brn\n|-damage|p1b: Rotom|64/100\n|move|p1b: Rotom|Blizzard|p2a: Garchomp\n|-supereffective|p2a: Garchomp|2\n|-damage|p2a: Garchomp|0 fnt\n|faint|p2a: Garchomp\n|\n|win|henitusec\n|raw|henitusec's rating: 1171 &rarr; <strong>1194</strong><br />(+23 for winning)\n|raw|Saintrod's rating: 1143 &rarr; <strong>1120</strong><br />(-23 for losing)\n",
  "uploadtime": 1776571843,
  "views": 8,
  "formatid": "gen9championsvgc2026regma",
  "rating": 1120,
  "private": 0,
  "password": null
}