{
  "id": "gen9championsvgc2026regma-2581231802",
  "format": "[Gen 9 Champions] VGC 2026 Reg M-A",
  "players": [
    "OniOnTruck",
    "Tybreaker16"
  ],
  "log": "|j|\u2606OniOnTruck\n|j|\u2606Tybreaker16\n|t:|1775973841\n|gametype|doubles\n|player|p1|OniOnTruck|265|1028\n|player|p2|Tybreaker16|norman|1000\n|gen|9\n|tier|[Gen 9 Champions] VGC 2026 Reg M-A\n|rated|\n|rule|Species Clause: Limit one of each Pok\u00e9mon\n|rule|Item Clause: Limit 1 of each item\n|clearpoke\n|poke|p1|Charizard, L50, F|\n|poke|p1|Maushold-Four, L50|\n|poke|p1|Sneasler, L50, M|\n|poke|p1|Whimsicott, L50, F|\n|poke|p1|Garchomp, L50, F|\n|poke|p1|Kingambit, L50, F|\n|poke|p2|Beedrill, L50, F|\n|poke|p2|Sinistcha, L50|\n|poke|p2|Blastoise, L50, F|\n|poke|p2|Pelipper, L50, F|\n|poke|p2|Raichu-Alola, L50, M|\n|poke|p2|Heliolisk, L50, F|\n|teampreview|4\n|inactive|Battle timer is ON: inactive players will automatically lose when time's up. (requested by Tybreaker16)\n|\n|t:|1775973869\n|teamsize|p1|4\n|teamsize|p2|4\n|start\n|switch|p1a: ReyChorizo|Charizard, L50, F|100/100\n|switch|p1b: pachuco|Sneasler, L50, M|100/100\n|switch|p2a: Pelipper|Pelipper, L50, F|100/100\n|switch|p2b: Heliolisk|Heliolisk, L50, F|100/100\n|-weather|RainDance|[from] ability: Drizzle|[of] p2a: Pelipper\n|turn|1\n|\n|t:|1775973885\n|detailschange|p1a: ReyChorizo|Charizard-Mega-Y, L50, F\n|-mega|p1a: ReyChorizo|Charizard|Charizardite Y\n|-weather|SunnyDay|[from] ability: Drought|[of] p1a: ReyChorizo\n|move|p1b: pachuco|Fake Out|p2b: Heliolisk\n|-damage|p2b: Heliolisk|70/100\n|cant|p2b: Heliolisk|flinch\n|move|p1a: ReyChorizo|Heat Wave|p2b: Heliolisk|[spread] p2a,p2b\n|-resisted|p2a: Pelipper|1\n|-damage|p2a: Pelipper|45/100\n|-damage|p2b: Heliolisk|0 fnt\n|faint|p2b: Heliolisk\n|move|p2a: Pelipper|Tailwind|p2a: Pelipper\n|-sidestart|p2: Tybreaker16|move: Tailwind\n|\n|-weather|SunnyDay|[upkeep]\n|upkeep\n|\n|t:|1775973890\n|switch|p2b: Blastoise|Blastoise, L50, F|100/100\n|turn|2\n|inactive|OniOnTruck has 30 seconds left.\n|\n|t:|1775973925\n|switch|p1a: skibidi|Whimsicott, L50, F|100/100\n|detailschange|p2b: Blastoise|Blastoise-Mega, L50, F\n|-mega|p2b: Blastoise|Blastoise|Blastoisinite\n|move|p2a: Pelipper|Protect|p2a: Pelipper\n|-singleturn|p2a: Pelipper|Protect\n|move|p2b: Blastoise|Water Pulse|p1a: skibidi\n|-resisted|p1a: skibidi|1\n|-damage|p1a: skibidi|83/100\n|-start|p1a: skibidi|confusion\n|move|p1b: pachuco|Dire Claw|p2b: Blastoise\n|-damage|p2b: Blastoise|51/100\n|\n|-weather|SunnyDay|[upkeep]\n|upkeep\n|turn|3\n|\n|t:|1775973947\n|switch|p2a: Beedrill|Beedrill, L50, F|100/100\n|-activate|p1a: skibidi|confusion\n|-damage|p1a: skibidi|73/100|[from] confusion\n|move|p2b: Blastoise|Life Dew||[still]|[spread] p2a,p2b\n|-fail|p2a: Beedrill|heal\n|-heal|p2b: Blastoise|76/100\n|move|p1b: pachuco|Dire Claw|p2b: Blastoise\n|-damage|p2b: Blastoise|32/100\n|\n|-weather|SunnyDay|[upkeep]\n|upkeep\n|turn|4\n|inactive|OniOnTruck has 30 seconds left.\n|\n|t:|1775973973\n|switch|p1a: ReyChorizo|Charizard-Mega-Y, L50, F|100/100\n|move|p2a: Beedrill|Poison Jab|p1a: ReyChorizo\n|-damage|p1a: ReyChorizo|57/100\n|move|p2b: Blastoise|Water Pulse|p1b: pachuco\n|-damage|p1b: pachuco|64/100\n|-start|p1b: pachuco|confusion\n|-activate|p1b: pachuco|confusion\n|move|p1b: pachuco|Dire Claw|p2b: Blastoise\n|-damage|p2b: Blastoise|0 fnt\n|faint|p2b: Blastoise\n|\n|-weather|SunnyDay|[upkeep]\n|-sideend|p2: Tybreaker16|move: Tailwind\n|upkeep\n|\n|t:|1775973980\n|switch|p2b: Pelipper|Pelipper, L50, F|45/100\n|-weather|RainDance|[from] ability: Drizzle|[of] p2b: Pelipper\n|turn|5\n|\n|t:|1775973997\n|switch|p1a: garnachas|Garchomp, L50, F|100/100\n|-activate|p1b: pachuco|confusion\n|move|p1b: pachuco|Protect|p1b: pachuco\n|-singleturn|p1b: pachuco|Protect\n|move|p2b: Pelipper|Tailwind|p2b: Pelipper\n|-sidestart|p2: Tybreaker16|move: Tailwind\n|move|p2a: Beedrill|Poison Jab|p1a: garnachas\n|-resisted|p1a: garnachas|1\n|-damage|p1a: garnachas|81/100\n|-damage|p2a: Beedrill|89/100|[from] ability: Rough Skin|[of] p1a: garnachas\n|\n|-weather|RainDance|[upkeep]\n|upkeep\n|turn|6\n|inactive|OniOnTruck has 30 seconds left.\n|\n|t:|1775974027\n|move|p2b: Pelipper|Weather Ball|p1b: pachuco\n|-crit|p1b: pachuco\n|-damage|p1b: pachuco|0 fnt\n|faint|p1b: pachuco\n|move|p2a: Beedrill|Swords Dance|p2a: Beedrill\n|-boost|p2a: Beedrill|atk|2\n|move|p1a: garnachas|Rock Slide|p2a: Beedrill|[spread] p2a,p2b\n|-supereffective|p2a: Beedrill|1\n|-supereffective|p2b: Pelipper|1\n|-damage|p2a: Beedrill|0 fnt\n|-damage|p2b: Pelipper|0 fnt\n|faint|p2a: Beedrill\n|faint|p2b: Pelipper\n|\n|win|OniOnTruck\n|raw|OniOnTruck's rating: 1028 &rarr; <strong>1061</strong><br />(+33 for winning)\n|raw|Tybreaker16's rating: 1000 &rarr; <strong>1000</strong><br />(+0 for losing)\n|l|\u2606Tybreaker16\n|player|p2|\n",
  "uploadtime": 1775974684,
  "views": 26,
  "formatid": "gen9championsvgc2026regma",
  "rating": 1000,
  "private": 0,
  "password": null
}