{
  "id": "gen9championsvgc2026regma-2584394616",
  "format": "[Gen 9 Champions] VGC 2026 Reg M-A",
  "players": [
    "Chang21",
    "ScribbleScribble"
  ],
  "log": "|j|\u2606Chang21\n|j|\u2606ScribbleScribble\n|t:|1776257666\n|gametype|doubles\n|player|p1|Chang21|265|1474\n|player|p2|ScribbleScribble|mina-lgpe|1531\n|gen|9\n|tier|[Gen 9 Champions] VGC 2026 Reg M-A\n|rated|\n|rule|Species Clause: Limit one of each Pok\u00e9mon\n|rule|Item Clause: Limit 1 of each item\n|clearpoke\n|poke|p1|Crabominable, L50, F|\n|poke|p1|Sinistcha, L50|\n|poke|p1|Kingambit, L50, F|\n|poke|p1|Incineroar, L50, F|\n|poke|p1|Primarina, L50, F|\n|poke|p1|Slowking-Galar, L50, M|\n|poke|p2|Floette-Eternal, L50, F|\n|poke|p2|Sneasler, L50, M|\n|poke|p2|Aerodactyl, L50, M|\n|poke|p2|Kingambit, L50, M|\n|poke|p2|Basculegion, L50, M|\n|poke|p2|Farigiraf, L50, M|\n|teampreview|4\n|inactive|Battle timer is ON: inactive players will automatically lose when time's up. (requested by ScribbleScribble)\n|inactive|Chang21 has 60 seconds left.\n|\n|t:|1776257707\n|teamsize|p1|4\n|teamsize|p2|4\n|start\n|switch|p1a: Slowking|Slowking-Galar, L50, M|100/100\n|switch|p1b: Primarina|Primarina, L50, F|100/100\n|switch|p2a: Farigiraf|Farigiraf, L50, M|100/100\n|switch|p2b: Kingambit|Kingambit, L50, M|100/100\n|turn|1\n|\n|t:|1776257721\n|move|p1a: Slowking|Protect|p1a: Slowking\n|-singleturn|p1a: Slowking|Protect\n|move|p2a: Farigiraf|Imprison|p2a: Farigiraf\n|-start|p2a: Farigiraf|move: Imprison\n|move|p1b: Primarina|Calm Mind|p1b: Primarina\n|-boost|p1b: Primarina|spa|1\n|-boost|p1b: Primarina|spd|1\n|move|p2b: Kingambit|Kowtow Cleave|p1a: Slowking\n|-activate|p1a: Slowking|move: Protect\n|\n|upkeep\n|turn|2\n|\n|t:|1776257746\n|move|p2a: Farigiraf|Hyper Voice|p1b: Primarina|[spread] p1a,p1b\n|-damage|p1a: Slowking|80/100\n|-damage|p1b: Primarina|85/100\n|move|p1b: Primarina|Moonblast|p2a: Farigiraf\n|-damage|p2a: Farigiraf|28/100\n|-enditem|p2a: Farigiraf|Sitrus Berry|[eat]\n|-heal|p2a: Farigiraf|53/100|[from] item: Sitrus Berry\n|move|p2b: Kingambit|Kowtow Cleave|p1b: Primarina\n|-resisted|p1b: Primarina|1\n|-damage|p1b: Primarina|52/100\n|-prepare|p1a: Slowking|Chilly Reception|[premajor]\n|move|p1a: Slowking|Chilly Reception|p1a: Slowking\n|-weather|Snowscape\n|\n|t:|1776257758\n|switch|p1a: Crabominable|Crabominable, L50, F|100/100|[from] Chilly Reception\n|\n|-weather|Snowscape|[upkeep]\n|-heal|p1b: Primarina|58/100|[from] item: Leftovers\n|upkeep\n|turn|3\n|\n|t:|1776257766\n|switch|p2b: Floette|Floette-Eternal, L50, F|100/100\n|move|p1a: Crabominable|Protect|p1a: Crabominable\n|-singleturn|p1a: Crabominable|Protect\n|move|p2a: Farigiraf|Hyper Voice|p1b: Primarina|[spread] p1b\n|-activate|p1a: Crabominable|move: Protect\n|-damage|p1b: Primarina|42/100\n|move|p1b: Primarina|Moonblast|p2b: Floette\n|-damage|p2b: Floette|35/100\n|\n|-weather|Snowscape|[upkeep]\n|-heal|p1b: Primarina|48/100|[from] item: Leftovers\n|upkeep\n|turn|4\n|inactive|Chang21 has 30 seconds left.\n|\n|t:|1776257796\n|switch|p1a: Slowking|Slowking-Galar, L50, M|100/100\n|detailschange|p2b: Floette|Floette-Mega, L50, F\n|-mega|p2b: Floette|Floette|Floettite\n|-ability|p2b: Floette|Fairy Aura\n|move|p2b: Floette|Moonblast|p1a: Slowking\n|-resisted|p1a: Slowking|1\n|-damage|p1a: Slowking|72/100\n|move|p2a: Farigiraf|Psyshock|p1b: Primarina\n|-damage|p1b: Primarina|13/100\n|move|p1b: Primarina|Moonblast|p2a: Farigiraf\n|-damage|p2a: Farigiraf|0 fnt\n|faint|p2a: Farigiraf\n|\n|-weather|Snowscape|[upkeep]\n|-heal|p1b: Primarina|19/100|[from] item: Leftovers\n|upkeep\n|\n|t:|1776257804\n|switch|p2a: Kingambit|Kingambit, L50, M|100/100\n|turn|5\n|inactive|Chang21 has 30 seconds left.\n|inactive|Chang21 has 20 seconds left.\n|inactive|Chang21 has 15 seconds left.\n|\n|t:|1776257847\n|move|p1b: Primarina|Protect|p1b: Primarina\n|-singleturn|p1b: Primarina|Protect\n|move|p2b: Floette|Dazzling Gleam|p1b: Primarina|[spread] p1a\n|-activate|p1b: Primarina|move: Protect\n|-resisted|p1a: Slowking|1\n|-damage|p1a: Slowking|54/100\n|move|p2a: Kingambit|Kowtow Cleave|p1a: Slowking\n|-supereffective|p1a: Slowking|1\n|-damage|p1a: Slowking|0 fnt\n|faint|p1a: Slowking\n|\n|-weather|Snowscape|[upkeep]\n|-heal|p1b: Primarina|25/100|[from] item: Leftovers\n|upkeep\n|\n|t:|1776257864\n|switch|p1a: Kingambit|Kingambit, L50, F|100/100\n|turn|6\n|\n|t:|1776257872\n|move|p2b: Floette|Moonblast|p1b: Primarina\n|-damage|p1b: Primarina|0 fnt\n|faint|p1b: Primarina\n|move|p2a: Kingambit|Low Kick|p1a: Kingambit\n|-supereffective|p1a: Kingambit|2\n|-enditem|p1a: Kingambit|Chople Berry|[eat]\n|-enditem|p1a: Kingambit|Chople Berry|[weaken]\n|-damage|p1a: Kingambit|39/100\n|move|p1a: Kingambit|Iron Head|p2b: Floette\n|-supereffective|p2b: Floette|1\n|-damage|p2b: Floette|0 fnt\n|faint|p2b: Floette\n|\n|-weather|none\n|upkeep\n|\n|t:|1776257884\n|switch|p2b: Basculegion|Basculegion, L50, M|100/100\n|switch|p1b: Crabominable|Crabominable, L50, F|100/100\n|turn|7\n|j| Themoonisbright\n|\n|t:|1776257896\n|detailschange|p1b: Crabominable|Crabominable-Mega, L50, F\n|-mega|p1b: Crabominable|Crabominable|Crabominite\n|move|p2a: Kingambit|Protect|p2a: Kingambit\n|-singleturn|p2a: Kingambit|Protect\n|move|p2b: Basculegion|Aqua Jet|p1a: Kingambit\n|-damage|p1a: Kingambit|17/100\n|move|p1a: Kingambit|Sucker Punch||[still]\n|-fail|p1a: Kingambit\n|move|p1b: Crabominable|Ice Hammer|p2b: Basculegion\n|-resisted|p2b: Basculegion|1\n|-damage|p2b: Basculegion|48/100\n|-unboost|p1b: Crabominable|spe|1\n|\n|upkeep\n|turn|8\n|inactive|ScribbleScribble has 30 seconds left.\n|\n|t:|1776257925\n|move|p2b: Basculegion|Aqua Jet|p1a: Kingambit\n|-damage|p1a: Kingambit|0 fnt\n|faint|p1a: Kingambit\n|move|p2a: Kingambit|Low Kick|p1b: Crabominable\n|-supereffective|p1b: Crabominable|1\n|-damage|p1b: Crabominable|29/100\n|move|p1b: Crabominable|Ice Hammer|p2b: Basculegion\n|-resisted|p2b: Basculegion|1\n|-damage|p2b: Basculegion|0 fnt\n|-unboost|p1b: Crabominable|spe|1\n|faint|p2b: Basculegion\n|\n|upkeep\n|turn|9\n|\n|t:|1776257939\n|move|p2a: Kingambit|Protect|p2a: Kingambit\n|-singleturn|p2a: Kingambit|Protect\n|move|p1b: Crabominable|Mach Punch|p2a: Kingambit\n|-activate|p2a: Kingambit|move: Protect\n|\n|upkeep\n|turn|10\n|\n|t:|1776257950\n|move|p2a: Kingambit|Sucker Punch|p1b: Crabominable\n|-resisted|p1b: Crabominable|1\n|-damage|p1b: Crabominable|9/100\n|move|p1b: Crabominable|Mach Punch|p2a: Kingambit\n|-supereffective|p2a: Kingambit|2\n|-damage|p2a: Kingambit|13/100\n|\n|upkeep\n|turn|11\n|\n|t:|1776257960\n|move|p1b: Crabominable|Protect|p1b: Crabominable\n|-singleturn|p1b: Crabominable|Protect\n|move|p2a: Kingambit|Sucker Punch||[still]\n|-fail|p2a: Kingambit\n|\n|upkeep\n|turn|12\n|\n|t:|1776257969\n|move|p2a: Kingambit|Protect|p2a: Kingambit\n|-singleturn|p2a: Kingambit|Protect\n|move|p1b: Crabominable|Protect||[still]\n|-fail|p1b: Crabominable\n|\n|upkeep\n|turn|13\n|\n|t:|1776257976\n|move|p2a: Kingambit|Sucker Punch|p1b: Crabominable\n|-resisted|p1b: Crabominable|1\n|-damage|p1b: Crabominable|0 fnt\n|faint|p1b: Crabominable\n|\n|win|ScribbleScribble\n|raw|Chang21's rating: 1474 &rarr; <strong>1457</strong><br />(-17 for losing)\n|raw|ScribbleScribble's rating: 1531 &rarr; <strong>1548</strong><br />(+17 for winning)\n|l|\u2606Chang21\n|player|p1|\n",
  "uploadtime": 1776257981,
  "views": 72,
  "formatid": "gen9championsvgc2026regma",
  "rating": 1457,
  "private": 0,
  "password": null
}