{
  "id": "gen9championsvgc2026regma-2583618679",
  "format": "[Gen 9 Champions] VGC 2026 Reg M-A",
  "players": [
    "NicoDullblade",
    "LGPESWEEPER"
  ],
  "log": "|j|\u2606NicoDullblade\n|j|\u2606LGPESWEEPER\n|t:|1776186891\n|gametype|doubles\n|player|p1|NicoDullblade|bugcatcher-gen4dp|1232\n|player|p2|LGPESWEEPER|265|1145\n|gen|9\n|tier|[Gen 9 Champions] VGC 2026 Reg M-A\n|rated|\n|rule|Species Clause: Limit one of each Pok\u00e9mon\n|rule|Item Clause: Limit 1 of each item\n|clearpoke\n|poke|p1|Manectric, L50, F|\n|poke|p1|Pelipper, L50, M|\n|poke|p1|Basculegion, L50, M|\n|poke|p1|Garchomp, L50, F|\n|poke|p1|Kingambit, L50, M|\n|poke|p1|Tsareena, L50, F|\n|poke|p2|Gyarados, L50, F|\n|poke|p2|Garchomp, L50, M|\n|poke|p2|Tinkaton, L50, F|\n|poke|p2|Sneasler, L50, M|\n|poke|p2|Sinistcha, L50|\n|poke|p2|Pelipper, L50, F|\n|teampreview|4\n|inactive|Battle timer is ON: inactive players will automatically lose when time's up. (requested by NicoDullblade)\n|inactive|NicoDullblade has 60 seconds left.\n|\n|t:|1776186933\n|teamsize|p1|4\n|teamsize|p2|4\n|start\n|switch|p1a: Iscan|Basculegion, L50, M|100/100\n|switch|p1b: Stella|Manectric, L50, F, shiny|100/100\n|switch|p2a: Garchomp|Garchomp, L50, M|100/100\n|switch|p2b: Sneasler|Sneasler, L50, M|100/100\n|turn|1\n|inactive|LGPESWEEPER has 30 seconds left.\n|\n|t:|1776186962\n|move|p1b: Stella|Protect|p1b: Stella\n|-singleturn|p1b: Stella|Protect\n|move|p1a: Iscan|Wave Crash|p2b: Sneasler\n|-damage|p2b: Sneasler|0 fnt\n|faint|p2b: Sneasler\n|-damage|p1a: Iscan|74/100|[from] Recoil\n|move|p2a: Garchomp|Rock Slide|p1a: Iscan|[spread] p1a\n|-activate|p1b: Stella|move: Protect\n|-damage|p1a: Iscan|48/100\n|\n|upkeep\n|\n|t:|1776186974\n|switch|p2b: Sinistcha|Sinistcha, L50|100/100\n|turn|2\n|\n|t:|1776186983\n|switch|p2a: Gyarados|Gyarados, L50, F|100/100\n|-ability|p2a: Gyarados|Intimidate|boost\n|-unboost|p1a: Iscan|atk|1\n|-unboost|p1b: Stella|atk|1\n|detailschange|p1b: Stella|Manectric-Mega, L50, F, shiny\n|-mega|p1b: Stella|Manectric|Manectite\n|-ability|p1b: Stella|Intimidate|boost\n|-unboost|p2a: Gyarados|atk|1\n|-unboost|p2b: Sinistcha|atk|1\n|move|p2b: Sinistcha|Rage Powder|p2b: Sinistcha\n|-singleturn|p2b: Sinistcha|move: Rage Powder\n|move|p1a: Iscan|Wave Crash|p2b: Sinistcha\n|-resisted|p2b: Sinistcha|1\n|-damage|p2b: Sinistcha|80/100\n|-damage|p1a: Iscan|42/100|[from] Recoil\n|move|p1b: Stella|Overheat|p2b: Sinistcha|[miss]\n|-miss|p1b: Stella|p2b: Sinistcha\n|\n|-heal|p2b: Sinistcha|86/100|[from] item: Leftovers\n|upkeep\n|turn|3\n|\n|t:|1776187005\n|switch|p1a: Garchomp|Garchomp, L50, F|100/100\n|switch|p2a: Garchomp|Garchomp, L50, M|100/100\n|move|p1b: Stella|Thunderbolt|p2a: Garchomp\n|-immune|p2a: Garchomp\n|move|p2b: Sinistcha|Matcha Gotcha|p1a: Garchomp|[spread] p1a,p1b\n|-damage|p1a: Garchomp|71/100\n|-heal|p2b: Sinistcha|100/100|[from] drain|[of] p1a: Garchomp\n|-damage|p1b: Stella|68/100\n|\n|upkeep\n|turn|4\n|\n|t:|1776187022\n|switch|p2b: Gyarados|Gyarados, L50, F|100/100\n|-ability|p2b: Gyarados|Intimidate|boost\n|-unboost|p1a: Garchomp|atk|1\n|-unboost|p1b: Stella|atk|1\n|move|p1b: Stella|Overheat|p2b: Gyarados\n|-resisted|p2b: Gyarados|1\n|-damage|p2b: Gyarados|76/100\n|-unboost|p1b: Stella|spa|2\n|move|p2a: Garchomp|Earthquake|p1b: Stella|[spread] p1a,p1b\n|-immune|p2b: Gyarados\n|-supereffective|p1b: Stella|1\n|-damage|p1a: Garchomp|25/100\n|-damage|p1b: Stella|0 fnt\n|faint|p1b: Stella\n|move|p1a: Garchomp|Dragon Claw|p2a: Garchomp\n|-supereffective|p2a: Garchomp|1\n|-damage|p2a: Garchomp|45/100\n|-damage|p1a: Garchomp|13/100|[from] ability: Rough Skin|[of] p2a: Garchomp\n|\n|upkeep\n|\n|t:|1776187039\n|switch|p1b: Iscan|Basculegion, L50, M|42/100\n|turn|5\n|\n|t:|1776187044\n|switch|p2b: Sinistcha|Sinistcha, L50|100/100\n|-heal|p2a: Garchomp|70/100|[from] ability: Hospitality|[of] p2b: Sinistcha\n|move|p1a: Garchomp|Protect|p1a: Garchomp\n|-singleturn|p1a: Garchomp|Protect\n|move|p2a: Garchomp|Protect|p2a: Garchomp\n|-singleturn|p2a: Garchomp|Protect\n|move|p1b: Iscan|Flip Turn|p2a: Garchomp\n|-activate|p2a: Garchomp|move: Protect\n|\n|upkeep\n|turn|6\n|\n|t:|1776187068\n|move|p2b: Sinistcha|Rage Powder|p2b: Sinistcha\n|-singleturn|p2b: Sinistcha|move: Rage Powder\n|move|p1b: Iscan|Flip Turn|p2b: Sinistcha\n|-resisted|p2b: Sinistcha|1\n|-damage|p2b: Sinistcha|85/100\n|\n|t:|1776187072\n|switch|p1b: Gulper|Pelipper, L50, M|100/100|[from] Flip Turn\n|-weather|RainDance|[from] ability: Drizzle|[of] p1b: Gulper\n|move|p1a: Garchomp|Dragon Claw|p2b: Sinistcha\n|-damage|p2b: Sinistcha|61/100\n|move|p2a: Garchomp|Rock Slide|p1a: Garchomp|[spread] p1a,p1b\n|-resisted|p1a: Garchomp|1\n|-supereffective|p1b: Gulper|1\n|-damage|p1a: Garchomp|4/100\n|-damage|p1b: Gulper|64/100\n|\n|-weather|RainDance|[upkeep]\n|-heal|p2b: Sinistcha|67/100|[from] item: Leftovers\n|-heal|p1b: Gulper|70/100|[from] item: Leftovers\n|upkeep\n|turn|7\n|\n|t:|1776187092\n|move|p1a: Garchomp|Protect|p1a: Garchomp\n|-singleturn|p1a: Garchomp|Protect\n|move|p2a: Garchomp|Rock Slide|p1b: Gulper|[spread] p1b\n|-activate|p1a: Garchomp|move: Protect\n|-supereffective|p1b: Gulper|1\n|-damage|p1b: Gulper|40/100\n|move|p2b: Sinistcha|Matcha Gotcha|p1a: Garchomp|[spread] p1b\n|-activate|p1a: Garchomp|move: Protect\n|-damage|p1b: Gulper|6/100\n|-heal|p2b: Sinistcha|83/100|[from] drain|[of] p1b: Gulper\n|move|p1b: Gulper|Hurricane|p2b: Sinistcha\n|-supereffective|p2b: Sinistcha|1\n|-damage|p2b: Sinistcha|8/100\n|\n|-weather|RainDance|[upkeep]\n|-heal|p2b: Sinistcha|15/100|[from] item: Leftovers\n|-heal|p1b: Gulper|11/100|[from] item: Leftovers\n|upkeep\n|turn|8\n|\n|t:|1776187114\n|move|p1b: Gulper|Protect|p1b: Gulper\n|-singleturn|p1b: Gulper|Protect\n|move|p1a: Garchomp|Earthquake|p2a: Garchomp|[spread] p2a,p2b\n|-activate|p1b: Gulper|move: Protect\n|-resisted|p2b: Sinistcha|1\n|-damage|p2a: Garchomp|46/100\n|-damage|p2b: Sinistcha|4/100\n|move|p2a: Garchomp|Rock Slide|p1a: Garchomp|[spread] p1a\n|-activate|p1b: Gulper|move: Protect\n|-resisted|p1a: Garchomp|1\n|-damage|p1a: Garchomp|0 fnt\n|faint|p1a: Garchomp\n|move|p2b: Sinistcha|Matcha Gotcha|p1b: Gulper\n|-activate|p1b: Gulper|move: Protect\n|\n|-weather|RainDance|[upkeep]\n|-heal|p2b: Sinistcha|11/100|[from] item: Leftovers\n|-heal|p1b: Gulper|17/100|[from] item: Leftovers\n|upkeep\n|\n|t:|1776187125\n|switch|p1a: Iscan|Basculegion, L50, M|42/100\n|turn|9\n|\n|t:|1776187138\n|move|p2b: Sinistcha|Rage Powder|p2b: Sinistcha\n|-singleturn|p2b: Sinistcha|move: Rage Powder\n|move|p1a: Iscan|Last Respects|p2b: Sinistcha\n|-supereffective|p2b: Sinistcha|1\n|-damage|p2b: Sinistcha|0 fnt\n|faint|p2b: Sinistcha\n|move|p2a: Garchomp|Rock Slide|p1a: Iscan|[spread] p1a,p1b\n|-supereffective|p1b: Gulper|1\n|-damage|p1a: Iscan|19/100\n|-damage|p1b: Gulper|0 fnt\n|faint|p1b: Gulper\n|\n|-weather|RainDance|[upkeep]\n|upkeep\n|\n|t:|1776187149\n|switch|p2b: Gyarados|Gyarados, L50, F|76/100\n|-ability|p2b: Gyarados|Intimidate|boost\n|-unboost|p1a: Iscan|atk|1\n|turn|10\n|\n|t:|1776187157\n|move|p1a: Iscan|Last Respects|p2a: Garchomp\n|-crit|p2a: Garchomp\n|-damage|p2a: Garchomp|0 fnt\n|faint|p2a: Garchomp\n|move|p2b: Gyarados|Crunch|p1a: Iscan\n|-supereffective|p1a: Iscan|1\n|-damage|p1a: Iscan|0 fnt\n|faint|p1a: Iscan\n|\n|win|LGPESWEEPER\n|raw|NicoDullblade's rating: 1232 &rarr; <strong>1201</strong><br />(-31 for losing)\n|raw|LGPESWEEPER's rating: 1145 &rarr; <strong>1176</strong><br />(+31 for winning)\n",
  "uploadtime": 1776187165,
  "views": 21,
  "formatid": "gen9championsvgc2026regma",
  "rating": 1176,
  "private": 0,
  "password": null
}