{
  "id": "gen9championsvgc2026regma-2586769769",
  "format": "[Gen 9 Champions] VGC 2026 Reg M-A",
  "players": [
    "zzzzzegarra",
    "kadomatsu"
  ],
  "log": "|j|\u2606zzzzzegarra\n|j|\u2606kadomatsu\n|t:|1776458492\n|gametype|doubles\n|player|p1|zzzzzegarra|2|1113\n|player|p2|kadomatsu|miku-ground|1073\n|gen|9\n|tier|[Gen 9 Champions] VGC 2026 Reg M-A\n|rated|\n|rule|Species Clause: Limit one of each Pok\u00e9mon\n|rule|Item Clause: Limit 1 of each item\n|clearpoke\n|poke|p1|Gengar, L50, M|\n|poke|p1|Sableye, L50, M|\n|poke|p1|Gyarados, L50, M|\n|poke|p1|Dragonite, L50, M|\n|poke|p1|Absol, L50, F|\n|poke|p1|Aggron, L50, F|\n|poke|p2|Chandelure, L50, F|\n|poke|p2|Sinistcha, L50|\n|poke|p2|Sneasler, L50, F|\n|poke|p2|Garchomp, L50, M|\n|poke|p2|Whimsicott, L50, F|\n|poke|p2|Greninja-*, L50, M|\n|teampreview|4\nzzzzzegarra rejected open team sheets.\n|\n|t:|1776458538\n|teamsize|p1|4\n|teamsize|p2|4\n|start\n|switch|p1a: Gengar|Gengar, L50, M|100/100\n|switch|p1b: Sableye|Sableye, L50, M, shiny|100/100\n|switch|p2a: Sneasler|Sneasler, L50, F|100/100\n|switch|p2b: Garchomp|Garchomp, L50, M|100/100\n|turn|1\n|\n|t:|1776458560\n|move|p1b: Sableye|Gravity|p1b: Sableye\n|-fieldstart|move: Gravity\n|move|p2a: Sneasler|Dire Claw|p1b: Sableye\n|-resisted|p1b: Sableye|1\n|-damage|p1b: Sableye|70/100\n|move|p1a: Gengar|Hypnosis|p2b: Garchomp\n|-status|p2b: Garchomp|slp|[from] move: Hypnosis\n|cant|p2b: Garchomp|slp\n|\n|upkeep\n|turn|2\n|c|\u2606zzzzzegarra|Its over... for you\n|\n|t:|1776458582\n|move|p1b: Sableye|Quash|p2a: Sneasler\n|-activate|p2a: Sneasler|move: Quash\n|move|p1a: Gengar|Hypnosis|p2a: Sneasler\n|-status|p2a: Sneasler|slp|[from] move: Hypnosis\n|-curestatus|p2b: Garchomp|slp|[msg]\n|move|p2b: Garchomp|Rock Slide|p1b: Sableye|[spread] p1a,p1b\n|-damage|p1a: Gengar|64/100\n|-damage|p1b: Sableye|45/100\n|-enditem|p1b: Sableye|Sitrus Berry|[eat]\n|-heal|p1b: Sableye|69/100|[from] item: Sitrus Berry\n|cant|p2a: Sneasler|slp\n|\n|upkeep\n|turn|3\n|\n|t:|1776458612\n|cant|p2a: Sneasler|slp\n|move|p1a: Gengar|Hypnosis|p2b: Garchomp\n|-status|p2b: Garchomp|slp|[from] move: Hypnosis\n|cant|p2b: Garchomp|slp\n|move|p1b: Sableye|Foul Play|p2b: Garchomp\n|-damage|p2b: Garchomp|55/100 slp\n|-damage|p1b: Sableye|57/100|[from] ability: Rough Skin|[of] p2b: Garchomp\n|\n|upkeep\n|turn|4\n|c|\u2606zzzzzegarra|I am going to send you to kingdom fuck\n|c|\u2606zzzzzegarra|ITS OVER\n|c|\u2606zzzzzegarra|i wouldnt swap if i was you\n|inactive|Battle timer is ON: inactive players will automatically lose when time's up. (requested by zzzzzegarra)\n|\n|t:|1776458664\n|move|p1b: Sableye|Helping Hand|p1a: Gengar\n|-singleturn|p1a: Gengar|Helping Hand|[of] p1b: Sableye\n|-curestatus|p2a: Sneasler|slp|[msg]\n|move|p2a: Sneasler|Dire Claw|p1a: Gengar\n|-resisted|p1a: Gengar|2\n|-damage|p1a: Gengar|44/100\n|-status|p1a: Gengar|par\n|-start|p2a: Sneasler|Disable|Dire Claw|[from] ability: Cursed Body|[of] p1a: Gengar\n|-curestatus|p2b: Garchomp|slp|[msg]\n|move|p2b: Garchomp|Bulldoze|p1a: Gengar|[spread] p2a,p1a,p1b\n|-supereffective|p2a: Sneasler|1\n|-supereffective|p1a: Gengar|1\n|-damage|p2a: Sneasler|14/100\n|-damage|p1a: Gengar|0 fnt\n|-damage|p1b: Sableye|26/100\n|-unboost|p2a: Sneasler|spe|1\n|-unboost|p1b: Sableye|spe|1\n|faint|p1a: Gengar\n|-enditem|p2a: Sneasler|White Herb\n|-clearnegativeboost|p2a: Sneasler|[silent]\n|\n|upkeep\n|inactive|zzzzzegarra has 30 seconds left.\n|inactive|zzzzzegarra has 20 seconds left.\n|\n|t:|1776458700\n|switch|p1a: Gyarados|Gyarados, L50, M, shiny|100/100\n|-ability|p1a: Gyarados|Intimidate|boost\n|-unboost|p2a: Sneasler|atk|1\n|-unboost|p2b: Garchomp|atk|1\n|turn|5\n|inactive|kadomatsu has 30 seconds left.\n|\n|t:|1776458727\n|move|p2a: Sneasler|Protect|p2a: Sneasler\n|-singleturn|p2a: Sneasler|Protect\n|move|p1a: Gyarados|Waterfall|p2b: Garchomp\n|-damage|p2b: Garchomp|12/100\n|-damage|p1a: Gyarados|88/100|[from] ability: Rough Skin|[of] p2b: Garchomp\n|-enditem|p2b: Garchomp|Sitrus Berry|[eat]\n|-heal|p2b: Garchomp|37/100|[from] item: Sitrus Berry\n|cant|p2b: Garchomp|flinch\n|move|p1b: Sableye|Foul Play|p2a: Sneasler\n|-activate|p2a: Sneasler|move: Protect\n|\n|-fieldend|move: Gravity\n|upkeep\n|turn|6\n|inactive|kadomatsu has 30 seconds left.\n|\n|t:|1776458759\n|switch|p2a: Whimsicott|Whimsicott, L50, F|100/100\n|move|p1b: Sableye|Gravity|p1b: Sableye\n|-fieldstart|move: Gravity\n|move|p1a: Gyarados|Waterfall|p2a: Whimsicott\n|-resisted|p2a: Whimsicott|1\n|-damage|p2a: Whimsicott|75/100\n|move|p2b: Garchomp|Rock Slide|p1b: Sableye|[spread] p1a,p1b\n|-supereffective|p1a: Gyarados|1\n|-damage|p1a: Gyarados|52/100\n|-damage|p1b: Sableye|10/100\n|\n|upkeep\n|turn|7\n|inactive|kadomatsu has 30 seconds left.\n|\n|t:|1776458785\n|move|p1b: Sableye|Helping Hand|p1a: Gyarados\n|-singleturn|p1a: Gyarados|Helping Hand|[of] p1b: Sableye\n|move|p2a: Whimsicott|Tailwind|p2a: Whimsicott\n|-sidestart|p2: kadomatsu|move: Tailwind\n|move|p2b: Garchomp|Rock Slide|p1a: Gyarados|[spread] p1a,p1b\n|-supereffective|p1a: Gyarados|1\n|-crit|p1b: Sableye\n|-damage|p1a: Gyarados|20/100\n|-damage|p1b: Sableye|0 fnt\n|faint|p1b: Sableye\n|move|p1a: Gyarados|Waterfall|p2b: Garchomp\n|-damage|p2b: Garchomp|0 fnt\n|-damage|p1a: Gyarados|7/100|[from] ability: Rough Skin|[of] p2b: Garchomp\n|faint|p2b: Garchomp\n|\n|upkeep\n|\n|t:|1776458799\n|switch|p2b: Sneasler|Sneasler, L50, F|14/100\n|switch|p1b: Dragonite|Dragonite, L50, M, shiny|100/100\n|turn|8\n|\n|t:|1776458824\n|move|p1b: Dragonite|Extreme Speed|p2b: Sneasler\n|-damage|p2b: Sneasler|0 fnt\n|faint|p2b: Sneasler\n|move|p2a: Whimsicott|Dazzling Gleam|p1a: Gyarados|[spread] p1a,p1b\n|-supereffective|p1b: Dragonite|1\n|-damage|p1a: Gyarados|0 fnt\n|-damage|p1b: Dragonite|81/100\n|faint|p1a: Gyarados\n|\n|upkeep\n|\n|t:|1776458830\n|switch|p2b: Chandelure|Chandelure, L50, F, shiny|100/100\n|turn|9\n|\n|t:|1776458845\n|detailschange|p2b: Chandelure|Chandelure-Mega, L50, F, shiny\n|-mega|p2b: Chandelure|Chandelure|Chandelurite\n|detailschange|p1b: Dragonite|Dragonite-Mega, L50, M, shiny\n|-mega|p1b: Dragonite|Dragonite|Dragoninite\n|move|p2a: Whimsicott|Encore|p1b: Dragonite\n|-start|p1b: Dragonite|Encore\n|move|p1b: Dragonite|Extreme Speed|p2b: Chandelure\n|-immune|p2b: Chandelure\n|move|p2b: Chandelure|Shadow Ball|p1b: Dragonite\n|-damage|p1b: Dragonite|37/100\n|\n|upkeep\n|turn|10\n|\n|t:|1776458859\n|move|p1b: Dragonite|Extreme Speed|p2a: Whimsicott\n|-damage|p2a: Whimsicott|51/100\n|move|p2a: Whimsicott|Dazzling Gleam|p1b: Dragonite\n|-supereffective|p1b: Dragonite|1\n|-damage|p1b: Dragonite|0 fnt\n|faint|p1b: Dragonite\n|\n|win|kadomatsu\n|raw|zzzzzegarra's rating: 1113 &rarr; <strong>1085</strong><br />(-28 for losing)\n|raw|kadomatsu's rating: 1073 &rarr; <strong>1105</strong><br />(+32 for winning)\n|l|\u2606zzzzzegarra\n|player|p1|\n",
  "uploadtime": 1776458612,
  "views": 46,
  "formatid": "gen9championsvgc2026regma",
  "rating": 1085,
  "private": 0,
  "password": null
}