{
  "id": "gen9championsvgc2026regma-2580455907",
  "format": "[Gen 9 Champions] VGC 2026 Reg M-A",
  "players": [
    "bruhgokusolo",
    "Okaywut"
  ],
  "log": "|j|\u2606bruhgokusolo\n|j|\u2606Okaywut\n|t:|1775899238\n|gametype|doubles\n|player|p1|bruhgokusolo|265|1099\n|player|p2|Okaywut|170|1167\n|gen|9\n|tier|[Gen 9 Champions] VGC 2026 Reg M-A\n|rated|\n|rule|Species Clause: Limit one of each Pok\u00e9mon\n|rule|Item Clause: Limit 1 of each item\n|clearpoke\n|poke|p1|Basculegion, L50, M|\n|poke|p1|Pelipper, L50, F|\n|poke|p1|Archaludon, L50, F|\n|poke|p1|Garchomp, L50, F|\n|poke|p1|Kingambit, L50, F|\n|poke|p1|Venusaur, L50, F|\n|poke|p2|Incineroar, L50, F|\n|poke|p2|Sinistcha, L50|\n|poke|p2|Empoleon, L50, F|\n|poke|p2|Garchomp, L50, M|\n|poke|p2|Froslass, L50, F|\n|poke|p2|Aerodactyl, L50, M|\n|teampreview|4\n|inactive|Battle timer is ON: inactive players will automatically lose when time's up. (requested by bruhgokusolo)\n|\n|t:|1775899260\n|teamsize|p1|4\n|teamsize|p2|4\n|start\n|switch|p1a: Pelipper|Pelipper, L50, F|100/100\n|switch|p1b: Venusaur|Venusaur, L50, F|100/100\n|switch|p2a: Garchomp|Garchomp, L50, M|100/100\n|switch|p2b: Aerodactyl|Aerodactyl, L50, M|100/100\n|-ability|p2b: Aerodactyl|Unnerve\n|-weather|RainDance|[from] ability: Drizzle|[of] p1a: Pelipper\n|turn|1\n|\n|t:|1775899279\n|detailschange|p2b: Aerodactyl|Aerodactyl-Mega, L50, M\n|-mega|p2b: Aerodactyl|Aerodactyl|Aerodactylite\n|detailschange|p1b: Venusaur|Venusaur-Mega, L50, F\n|-mega|p1b: Venusaur|Venusaur|Venusaurite\n|move|p2b: Aerodactyl|Dual Wingbeat|p1b: Venusaur\n|-supereffective|p1b: Venusaur|1\n|-damage|p1b: Venusaur|58/100\n|-supereffective|p1b: Venusaur|1\n|-damage|p1b: Venusaur|18/100\n|-hitcount|p1b: Venusaur|2\n|move|p2a: Garchomp|Dragon Claw|p1a: Pelipper\n|-damage|p1a: Pelipper|55/100\n|move|p1a: Pelipper|Weather Ball|p2b: Aerodactyl\n|-supereffective|p2b: Aerodactyl|1\n|-damage|p2b: Aerodactyl|0 fnt\n|faint|p2b: Aerodactyl\n|move|p1b: Venusaur|Giga Drain|p2a: Garchomp\n|-damage|p2a: Garchomp|58/100\n|-heal|p1b: Venusaur|40/100|[from] drain|[of] p2a: Garchomp\n|\n|-weather|RainDance|[upkeep]\n|upkeep\n|\n|t:|1775899298\n|switch|p2b: Froslass|Froslass, L50, F|100/100\n|turn|2\n|inactive|Okaywut has 30 seconds left.\n|\n|t:|1775899326\n|move|p2a: Garchomp|Protect|p2a: Garchomp\n|-singleturn|p2a: Garchomp|Protect\n|move|p2b: Froslass|Nasty Plot|p2b: Froslass\n|-boost|p2b: Froslass|spa|2\n|move|p1a: Pelipper|Weather Ball|p2a: Garchomp\n|-activate|p2a: Garchomp|move: Protect\n|move|p1b: Venusaur|Giga Drain|p2b: Froslass\n|-damage|p2b: Froslass|41/100\n|-heal|p1b: Venusaur|65/100|[from] drain|[of] p2b: Froslass\n|-start|p1b: Venusaur|Disable|Giga Drain|[from] ability: Cursed Body|[of] p2b: Froslass\n|\n|-weather|RainDance|[upkeep]\n|upkeep\n|turn|3\n|inactive|Okaywut has 30 seconds left.\n|\n|t:|1775899360\n|move|p2b: Froslass|Shadow Ball|p1a: Pelipper\n|-damage|p1a: Pelipper|0 fnt\n|faint|p1a: Pelipper\n|move|p2a: Garchomp|Dragon Claw|p1b: Venusaur\n|-damage|p1b: Venusaur|29/100\n|move|p1b: Venusaur|Sludge Bomb|p2b: Froslass\n|-resisted|p2b: Froslass|1\n|-damage|p2b: Froslass|7/100\n|-status|p2b: Froslass|psn\n|\n|-weather|RainDance|[upkeep]\n|-damage|p2b: Froslass|0 fnt|[from] psn\n|faint|p2b: Froslass\n|upkeep\n|l|\u2606bruhgokusolo\n|inactive|bruhgokusolo disconnected and has a minute to reconnect!\n|player|p1|\n|j|\u2606bruhgokusolo\n|inactive|bruhgokusolo reconnected and has 45 seconds left.\n|player|p1|bruhgokusolo|265|\n|\n|t:|1775899376\n|switch|p2b: Empoleon|Empoleon, L50, F|100/100\n|switch|p1a: Basculegion|Basculegion, L50, M|100/100\n|turn|4\n|\n|t:|1775899385\n|move|p2a: Garchomp|Protect|p2a: Garchomp\n|-singleturn|p2a: Garchomp|Protect\n|move|p1a: Basculegion|Last Respects|p2b: Empoleon\n|-damage|p2b: Empoleon|50/100\n|move|p1b: Venusaur|Sludge Bomb|p2a: Garchomp\n|-activate|p2a: Garchomp|move: Protect\n|move|p2b: Empoleon|Icy Wind|p1b: Venusaur|[spread] p1a,p1b\n|-resisted|p1a: Basculegion|1\n|-supereffective|p1b: Venusaur|1\n|-damage|p1a: Basculegion|94/100\n|-damage|p1b: Venusaur|19/100\n|-unboost|p1a: Basculegion|spe|1\n|-unboost|p1b: Venusaur|spe|1\n|\n|-weather|RainDance|[upkeep]\n|-heal|p2b: Empoleon|56/100|[from] item: Leftovers\n|upkeep\n|turn|5\n|\n|t:|1775899405\n|move|p2b: Empoleon|Protect|p2b: Empoleon\n|-singleturn|p2b: Empoleon|Protect\n|move|p1a: Basculegion|Last Respects|p2b: Empoleon\n|-activate|p2b: Empoleon|move: Protect\n|move|p2a: Garchomp|Earthquake|p1a: Basculegion|[spread] p1a,p1b\n|-activate|p2b: Empoleon|move: Protect\n|-damage|p1a: Basculegion|42/100\n|-damage|p1b: Venusaur|0 fnt\n|faint|p1b: Venusaur\n|\n|-weather|none\n|-heal|p2b: Empoleon|62/100|[from] item: Leftovers\n|upkeep\n|\n|t:|1775899411\n|switch|p1b: Archaludon|Archaludon, L50, F|100/100\n|turn|6\n|inactive|Okaywut has 30 seconds left.\n|\n|t:|1775899436\n|move|p2a: Garchomp|Dragon Claw|p1a: Basculegion\n|-damage|p1a: Basculegion|0 fnt\n|faint|p1a: Basculegion\n|move|p1b: Archaludon|Flash Cannon|p2a: Garchomp\n|-damage|p2a: Garchomp|12/100\n|move|p2b: Empoleon|Water Pulse|p1b: Archaludon\n|-resisted|p1b: Archaludon|1\n|-damage|p1b: Archaludon|85/100\n|-ability|p1b: Archaludon|Stamina|boost\n|-boost|p1b: Archaludon|def|1\n|\n|-heal|p2b: Empoleon|68/100|[from] item: Leftovers\n|upkeep\n|turn|7\n|inactive|Okaywut has 30 seconds left.\n|\n|t:|1775899466\n|move|p2a: Garchomp|Stomping Tantrum|p1b: Archaludon\n|-supereffective|p1b: Archaludon|1\n|-damage|p1b: Archaludon|42/100\n|-ability|p1b: Archaludon|Stamina|boost\n|-boost|p1b: Archaludon|def|1\n|move|p1b: Archaludon|Flash Cannon|p2a: Garchomp\n|-damage|p2a: Garchomp|0 fnt\n|faint|p2a: Garchomp\n|move|p2b: Empoleon|Icy Wind|p1b: Archaludon\n|-damage|p1b: Archaludon|22/100\n|-unboost|p1b: Archaludon|spe|1\n|-ability|p1b: Archaludon|Stamina|boost\n|-boost|p1b: Archaludon|def|1\n|\n|-heal|p2b: Empoleon|74/100|[from] item: Leftovers\n|upkeep\n|turn|8\n|\n|t:|1775899489\n|move|p2b: Empoleon|Water Pulse|p1b: Archaludon\n|-resisted|p1b: Archaludon|1\n|-damage|p1b: Archaludon|6/100\n|-ability|p1b: Archaludon|Stamina|boost\n|-boost|p1b: Archaludon|def|1\n|move|p1b: Archaludon|Draco Meteor|p2b: Empoleon|[miss]\n|-miss|p1b: Archaludon|p2b: Empoleon\n|\n|-heal|p2b: Empoleon|80/100|[from] item: Leftovers\n|upkeep\n|turn|9\n|-message|bruhgokusolo forfeited.\n|\n|win|Okaywut\n|raw|bruhgokusolo's rating: 1099 &rarr; <strong>1079</strong><br />(-20 for losing)\n|raw|Okaywut's rating: 1167 &rarr; <strong>1187</strong><br />(+20 for winning)\n|l|\u2606bruhgokusolo\n|player|p1|\n",
  "uploadtime": 1775899507,
  "views": 17,
  "formatid": "gen9championsvgc2026regma",
  "rating": 1079,
  "private": 0,
  "password": null
}