{
  "id": "gen9championsvgc2026regma-2584042751",
  "format": "[Gen 9 Champions] VGC 2026 Reg M-A",
  "players": [
    "CementTheBlock",
    "Latros"
  ],
  "log": "|j|\u2606CementTheBlock\n|j|\u2606Latros\n|t:|1776219490\n|gametype|doubles\n|player|p1|CementTheBlock|pokefanf|1095\n|player|p2|Latros|170|1038\n|gen|9\n|tier|[Gen 9 Champions] VGC 2026 Reg M-A\n|rated|\n|rule|Species Clause: Limit one of each Pok\u00e9mon\n|rule|Item Clause: Limit 1 of each item\n|clearpoke\n|poke|p1|Froslass, L50, F|\n|poke|p1|Arcanine-Hisui, L50, M|\n|poke|p1|Espeon, L50, F|\n|poke|p1|Rotom-Wash, L50|\n|poke|p1|Dragapult, L50, F|\n|poke|p1|Whimsicott, L50, F|\n|poke|p2|Aurorus, L50, M|\n|poke|p2|Greninja-*, L50, F|\n|poke|p2|Slowbro-Galar, L50, M|\n|poke|p2|Banette, L50, M|\n|poke|p2|Decidueye-Hisui, L50, M|\n|poke|p2|Dragapult, L50, M|\n|teampreview|4\n|\n|t:|1776219515\n|teamsize|p1|4\n|teamsize|p2|4\n|start\n|switch|p1a: Whimsicott|Whimsicott, L50, F|100/100\n|switch|p1b: Dragapult|Dragapult, L50, F|100/100\n|switch|p2a: Greninja|Greninja, L50, F|100/100\n|switch|p2b: Banette|Banette, L50, M|100/100\n|-item|p1a: Whimsicott|Focus Sash|[from] ability: Frisk|[of] p2b: Banette\n|-item|p1b: Dragapult|Dragon Fang|[from] ability: Frisk|[of] p2b: Banette\n|turn|1\n|\n|t:|1776219561\n|switch|p1b: Rotom|Rotom-Wash, L50|100/100\n|switch|p2b: Aurorus|Aurorus, L50, M|100/100\n|-weather|Snowscape|[from] ability: Snow Warning|[of] p2b: Aurorus\n|move|p1a: Whimsicott|Tailwind|p1a: Whimsicott\n|-sidestart|p1: CementTheBlock|move: Tailwind\n|move|p2a: Greninja|Switcheroo|p1a: Whimsicott\n|-start|p2a: Greninja|typechange|Dark|[from] ability: Protean\n|-activate|p2a: Greninja|move: Trick|[of] p1a: Whimsicott\n|-item|p1a: Whimsicott|Choice Scarf|[from] move: Switcheroo\n|-item|p2a: Greninja|Focus Sash|[from] move: Switcheroo\n|\n|-weather|Snowscape|[upkeep]\n|upkeep\n|turn|2\n|\n|t:|1776219591\n|move|p2b: Aurorus|Protect|p2b: Aurorus\n|-singleturn|p2b: Aurorus|Protect\n|move|p1a: Whimsicott|Moonblast|p2a: Greninja\n|-supereffective|p2a: Greninja|1\n|-damage|p2a: Greninja|30/100\n|-unboost|p2a: Greninja|spa|1\n|move|p1b: Rotom|Hydro Pump|p2b: Aurorus\n|-activate|p2b: Aurorus|move: Protect\n|move|p2a: Greninja|Weather Ball|p1a: Whimsicott\n|-supereffective|p1a: Whimsicott|1\n|-crit|p1a: Whimsicott\n|-damage|p1a: Whimsicott|0 fnt\n|faint|p1a: Whimsicott\n|\n|-weather|Snowscape|[upkeep]\n|upkeep\n|\n|t:|1776219608\n|switch|p1a: Froslass|Froslass, L50, F|100/100\n|turn|3\n|\n|t:|1776219641\n|switch|p2b: Banette|Banette, L50, M|100/100\n|-item|p1a: Froslass|Froslassite|[from] ability: Frisk|[of] p2b: Banette\n|-item|p1b: Rotom|Leftovers|[from] ability: Frisk|[of] p2b: Banette\n|detailschange|p1a: Froslass|Froslass-Mega, L50, F\n|-mega|p1a: Froslass|Froslass|Froslassite\n|move|p2a: Greninja|Water Shuriken|p1b: Rotom\n|-resisted|p1b: Rotom|1\n|-damage|p1b: Rotom|99/100\n|-resisted|p1b: Rotom|1\n|-damage|p1b: Rotom|97/100\n|-resisted|p1b: Rotom|1\n|-damage|p1b: Rotom|95/100\n|-resisted|p1b: Rotom|1\n|-damage|p1b: Rotom|93/100\n|-resisted|p1b: Rotom|1\n|-crit|p1b: Rotom\n|-damage|p1b: Rotom|89/100\n|-hitcount|p1b: Rotom|5\n|move|p1a: Froslass|Blizzard|p2a: Greninja|[spread] p2a,p2b\n|-damage|p2a: Greninja|0 fnt\n|-damage|p2b: Banette|32/100\n|-status|p2b: Banette|frz\n|faint|p2a: Greninja\n|move|p1b: Rotom|Hydro Pump|p2b: Banette\n|-damage|p2b: Banette|0 fnt\n|faint|p2b: Banette\n|\n|-weather|Snowscape|[upkeep]\n|-heal|p1b: Rotom|95/100|[from] item: Leftovers\n|upkeep\n|\n|t:|1776219672\n|switch|p2a: Slowbro|Slowbro-Galar, L50, M|100/100\n|switch|p2b: Aurorus|Aurorus, L50, M|100/100\n|turn|4\n|\n|t:|1776219689\n|move|p1a: Froslass|Shadow Ball|p2a: Slowbro\n|-supereffective|p2a: Slowbro|1\n|-damage|p2a: Slowbro|5/100\n|move|p1b: Rotom|Hydro Pump|p2b: Aurorus\n|-supereffective|p2b: Aurorus|1\n|-damage|p2b: Aurorus|24/100\n|move|p2b: Aurorus|Aurora Veil|p2b: Aurorus\n|-sidestart|p2: Latros|move: Aurora Veil\n|move|p2a: Slowbro|Trick Room|p2a: Slowbro\n|-fieldstart|move: Trick Room|[of] p2a: Slowbro\n|\n|-weather|Snowscape|[upkeep]\n|-heal|p2a: Slowbro|11/100|[from] item: Leftovers\n|-heal|p1b: Rotom|100/100|[from] item: Leftovers\n|-sideend|p1: CementTheBlock|move: Tailwind\n|upkeep\n|turn|5\n|\n|t:|1776219713\n|move|p2a: Slowbro|Protect|p2a: Slowbro\n|-singleturn|p2a: Slowbro|Protect\n|move|p2b: Aurorus|Ancient Power|p1a: Froslass\n|-supereffective|p1a: Froslass|1\n|-damage|p1a: Froslass|47/100\n|move|p1b: Rotom|Thunderbolt|p2b: Aurorus\n|-damage|p2b: Aurorus|1/100\n|move|p1a: Froslass|Blizzard|p2b: Aurorus|[spread] p2b\n|-activate|p2a: Slowbro|move: Protect\n|-resisted|p2b: Aurorus|1\n|-damage|p2b: Aurorus|0 fnt\n|faint|p2b: Aurorus\n|\n|-weather|none\n|-heal|p2a: Slowbro|17/100|[from] item: Leftovers\n|upkeep\n|turn|6\n|-message|Latros forfeited.\n|\n|win|CementTheBlock\n|raw|CementTheBlock's rating: 1095 &rarr; <strong>1117</strong><br />(+22 for winning)\n|raw|Latros's rating: 1038 &rarr; <strong>1025</strong><br />(-13 for losing)\n|l|\u2606Latros\n|player|p2|\n",
  "uploadtime": 1776219741,
  "views": 16,
  "formatid": "gen9championsvgc2026regma",
  "rating": 1025,
  "private": 0,
  "password": null
}