{
  "id": "gen9championsvgc2026regma-2587288186",
  "format": "[Gen 9 Champions] VGC 2026 Reg M-A",
  "players": [
    "ilovefalsettos2",
    "Over The Falls"
  ],
  "log": "|j|\u2606ilovefalsettos2\n|j|\u2606Over The Falls\n|t:|1776518600\n|gametype|doubles\n|player|p1|ilovefalsettos2|benga|1234\n|player|p2|Over The Falls|fisherman|1250\n|gen|9\n|tier|[Gen 9 Champions] VGC 2026 Reg M-A\n|rated|\n|rule|Species Clause: Limit one of each Pok\u00e9mon\n|rule|Item Clause: Limit 1 of each item\n|clearpoke\n|poke|p1|Pelipper, L50, F, shiny|\n|poke|p1|Archaludon, L50, M, shiny|\n|poke|p1|Dragonite, L50, M, shiny|\n|poke|p1|Basculegion, L50, M, shiny|\n|poke|p1|Sneasler, L50, F, shiny|\n|poke|p1|Gardevoir, L50, F, shiny|\n|poke|p2|Machamp, L50, M|\n|poke|p2|Slowbro, L50, M|\n|poke|p2|Incineroar, L50, M|\n|poke|p2|Sinistcha, L50|\n|poke|p2|Hydreigon, L50, M|\n|poke|p2|Excadrill, L50, M|\n|teampreview|4\n|inactive|Battle timer is ON: inactive players will automatically lose when time's up. (requested by ilovefalsettos2)\n|\n|t:|1776518653\n|teamsize|p1|4\n|teamsize|p2|4\n|start\n|switch|p1a: Pop|Pelipper, L50, F, shiny|100/100\n|switch|p1b: Basculegion|Basculegion, L50, M, shiny|100/100\n|switch|p2a: Hydreigon|Hydreigon, L50, M|100/100\n|switch|p2b: Excadrill|Excadrill, L50, M|100/100\n|-ability|p2b: Excadrill|Mold Breaker\n|-weather|RainDance|[from] ability: Drizzle|[of] p1a: Pop\n|turn|1\n|\n|t:|1776518676\n|move|p1b: Basculegion|Wave Crash|p2b: Excadrill\n|-supereffective|p2b: Excadrill|1\n|-enditem|p2b: Excadrill|Focus Sash\n|-damage|p2b: Excadrill|1/100\n|-damage|p1b: Basculegion|70/100|[from] Recoil\n|move|p2a: Hydreigon|Dark Pulse|p1a: Pop\n|-damage|p1a: Pop|20/100\n|move|p2b: Excadrill|Rock Slide|p1a: Pop|[spread] p1a,p1b\n|-supereffective|p1a: Pop|1\n|-damage|p1a: Pop|0 fnt\n|-damage|p1b: Basculegion|45/100\n|faint|p1a: Pop\n|\n|-weather|RainDance|[upkeep]\n|upkeep\n|\n|t:|1776518689\n|switch|p1a: Sneasler|Sneasler, L50, F, shiny|100/100\n|turn|2\n|\n|t:|1776518698\n|switch|p2a: Sinistcha|Sinistcha, L50|100/100\n|move|p2b: Excadrill|Protect|p2b: Excadrill\n|-singleturn|p2b: Excadrill|Protect\n|move|p1b: Basculegion|Aqua Jet|p2b: Excadrill\n|-activate|p2b: Excadrill|move: Protect\n|move|p1a: Sneasler|Close Combat|p2a: Sinistcha\n|-immune|p2a: Sinistcha\n|\n|-weather|RainDance|[upkeep]\n|upkeep\n|turn|3\n|\n|t:|1776518713\n|move|p1a: Sneasler|Protect|p1a: Sneasler\n|-singleturn|p1a: Sneasler|Protect\n|move|p1b: Basculegion|Last Respects|p2a: Sinistcha\n|-supereffective|p2a: Sinistcha|1\n|-damage|p2a: Sinistcha|6/100\n|move|p2b: Excadrill|Rock Slide|p1b: Basculegion|[spread] p1b\n|-activate|p1a: Sneasler|move: Protect\n|-damage|p1b: Basculegion|17/100\n|move|p2a: Sinistcha|Trick Room|p2a: Sinistcha\n|-fieldstart|move: Trick Room|[of] p2a: Sinistcha\n|\n|-weather|RainDance|[upkeep]\n|upkeep\n|turn|4\n|\n|t:|1776518734\n|switch|p2a: Hydreigon|Hydreigon, L50, M|100/100\n|move|p1b: Basculegion|Aqua Jet|p2a: Hydreigon\n|-resisted|p2a: Hydreigon|1\n|-damage|p2a: Hydreigon|77/100\n|move|p2b: Excadrill|Earthquake|p1b: Basculegion|[spread] p2a,p1a,p1b\n|-supereffective|p1a: Sneasler|1\n|-damage|p2a: Hydreigon|32/100\n|-damage|p1a: Sneasler|0 fnt\n|-damage|p1b: Basculegion|0 fnt\n|faint|p1a: Sneasler\n|faint|p1b: Basculegion\n|\n|-weather|RainDance|[upkeep]\n|upkeep\n|\n|t:|1776518748\n|switch|p1a: Dragonite|Dragonite, L50, M, shiny|100/100\n|turn|5\n|\n|t:|1776518763\n|switch|p2a: Sinistcha|Sinistcha, L50|6/100\n|detailschange|p1a: Dragonite|Dragonite-Mega, L50, M, shiny\n|-mega|p1a: Dragonite|Dragonite|Dragoninite\n|move|p1a: Dragonite|Dragon Pulse|p2a: Sinistcha\n|-damage|p2a: Sinistcha|0 fnt\n|faint|p2a: Sinistcha\n|move|p2b: Excadrill|Iron Head|p1a: Dragonite\n|-damage|p1a: Dragonite|61/100\n|\n|-weather|none\n|upkeep\n|\n|t:|1776518771\n|switch|p2a: Machamo|Machamp, L50, M|100/100\n|turn|6\n|\n|t:|1776518779\n|move|p2a: Machamo|Stone Edge|p1a: Dragonite\n|-supereffective|p1a: Dragonite|1\n|-crit|p1a: Dragonite\n|-damage|p1a: Dragonite|0 fnt\n|faint|p1a: Dragonite\n|\n|win|Over The Falls\n|raw|ilovefalsettos2's rating: 1234 &rarr; <strong>1210</strong><br />(-24 for losing)\n|raw|Over The Falls's rating: 1250 &rarr; <strong>1274</strong><br />(+24 for winning)\n|l|\u2606ilovefalsettos2\n|player|p1|\n",
  "uploadtime": 1776518801,
  "views": 34,
  "formatid": "gen9championsvgc2026regma",
  "rating": 1210,
  "private": 0,
  "password": null
}