{
  "id": "gen9championsvgc2026regma-2589545298",
  "format": "[Gen 9 Champions] VGC 2026 Reg M-A",
  "players": [
    "duvay",
    "badaaabum"
  ],
  "log": "|j|\u2606duvay\n|j|\u2606badaaabum\n|t:|1776732792\n|gametype|doubles\n|player|p1|duvay|102|1194\n|player|p2|badaaabum|rocketgrunt|1191\n|gen|9\n|tier|[Gen 9 Champions] VGC 2026 Reg M-A\n|rated|\n|rule|Species Clause: Limit one of each Pok\u00e9mon\n|rule|Item Clause: Limit 1 of each item\n|clearpoke\n|poke|p1|Tyrantrum, L50, M|\n|poke|p1|Talonflame, L50, F|\n|poke|p1|Sinistcha, L50|\n|poke|p1|Milotic, L50, M|\n|poke|p1|Gardevoir, L50, M|\n|poke|p1|Sneasler, L50, M|\n|poke|p2|Altaria, L50, F, shiny|\n|poke|p2|Espathra, L50, F, shiny|\n|poke|p2|Scovillain, L50, M, shiny|\n|poke|p2|Milotic, L50, F, shiny|\n|poke|p2|Goodra-Hisui, L50, M, shiny|\n|poke|p2|Runerigus, L50, F, shiny|\n|teampreview|4\n|inactive|Battle timer is ON: inactive players will automatically lose when time's up. (requested by duvay)\nduvay rejected open team sheets.\n|\n|t:|1776732820\n|teamsize|p1|4\n|teamsize|p2|4\n|start\n|switch|p1a: Tyrantrum|Tyrantrum, L50, M|100/100\n|switch|p1b: Talonflame|Talonflame, L50, F|100/100\n|switch|p2a: Espathra|Espathra, L50, F, shiny|100/100\n|switch|p2b: Milotic|Milotic, L50, F, shiny|100/100\n|turn|1\n|\n|t:|1776732843\n|move|p1b: Talonflame|Brave Bird|p2a: Espathra\n|-damage|p2a: Espathra|30/100\n|-damage|p1b: Talonflame|74/100|[from] Recoil\n|move|p2a: Espathra|Lumina Crash|p1a: Tyrantrum\n|-damage|p1a: Tyrantrum|48/100\n|-unboost|p1a: Tyrantrum|spd|2\n|move|p2b: Milotic|Icy Wind|p1b: Talonflame|[spread] p1a,p1b\n|-supereffective|p1a: Tyrantrum|1\n|-damage|p1a: Tyrantrum|0 fnt\n|-damage|p1b: Talonflame|59/100\n|-unboost|p1b: Talonflame|spe|1\n|faint|p1a: Tyrantrum\n|-enditem|p1b: Talonflame|White Herb\n|-clearnegativeboost|p1b: Talonflame|[silent]\n|\n|-ability|p2a: Espathra|Speed Boost|boost\n|-boost|p2a: Espathra|spe|1\n|upkeep\n|\n|t:|1776732855\n|switch|p1a: Sinistcha|Sinistcha, L50|100/100\n|-heal|p1b: Talonflame|84/100|[from] ability: Hospitality|[of] p1a: Sinistcha\n|turn|2\n|\n|t:|1776732878\n|move|p1b: Talonflame|Protect|p1b: Talonflame\n|-singleturn|p1b: Talonflame|Protect\n|move|p2a: Espathra|Baton Pass|p2a: Espathra\n|\n|t:|1776732883\n|switch|p2a: Goodra|Goodra-Hisui, L50, M, shiny|100/100|[from] Baton Pass\n|move|p2b: Milotic|Light Screen|p2b: Milotic\n|-sidestart|p2: badaaabum|move: Light Screen\n|move|p1a: Sinistcha|Matcha Gotcha|p2a: Goodra|[spread] p2b\n|-ability|p2a: Goodra|Sap Sipper|boost\n|-boost|p2a: Goodra|atk|1\n|-supereffective|p2b: Milotic|1\n|-damage|p2b: Milotic|77/100\n|\n|-heal|p2b: Milotic|83/100|[from] item: Leftovers\n|upkeep\n|turn|3\n|\n|t:|1776732905\n|move|p1b: Talonflame|Flare Blitz|p2a: Goodra\n|-damage|p2a: Goodra|63/100\n|-damage|p1b: Talonflame|69/100|[from] Recoil\n|move|p2a: Goodra|Shelter|p2a: Goodra\n|-boost|p2a: Goodra|def|2\n|move|p2b: Milotic|Scald|p1b: Talonflame\n|-supereffective|p1b: Talonflame|1\n|-damage|p1b: Talonflame|0 fnt\n|faint|p1b: Talonflame\n|move|p1a: Sinistcha|Shadow Ball|p2a: Goodra\n|-damage|p2a: Goodra|47/100\n|-enditem|p2a: Goodra|Sitrus Berry|[eat]\n|-heal|p2a: Goodra|72/100|[from] item: Sitrus Berry\n|\n|-heal|p2b: Milotic|88/100|[from] item: Leftovers\n|upkeep\n|\n|t:|1776732916\n|switch|p1b: Sneasler|Sneasler, L50, M|100/100\n|turn|4\n|\n|t:|1776732933\n|move|p1b: Sneasler|Close Combat|p2a: Goodra\n|-supereffective|p2a: Goodra|1\n|-damage|p2a: Goodra|26/100\n|-unboost|p1b: Sneasler|def|1\n|-unboost|p1b: Sneasler|spd|1\n|move|p2a: Goodra|Breaking Swipe|p1a: Sinistcha|[spread] p1a,p1b\n|-damage|p1a: Sinistcha|82/100\n|-damage|p1b: Sneasler|27/100\n|-unboost|p1a: Sinistcha|atk|1\n|-unboost|p1b: Sneasler|atk|1\n|move|p2b: Milotic|Icy Wind|p1a: Sinistcha|[spread] p1a,p1b\n|-supereffective|p1a: Sinistcha|1\n|-damage|p1a: Sinistcha|61/100\n|-damage|p1b: Sneasler|4/100\n|-unboost|p1a: Sinistcha|spe|1\n|-unboost|p1b: Sneasler|spe|1\n|move|p1a: Sinistcha|Shadow Ball|p2a: Goodra\n|-damage|p2a: Goodra|11/100\n|-unboost|p2a: Goodra|spd|1\n|\n|-heal|p2b: Milotic|94/100|[from] item: Leftovers\n|upkeep\n|turn|5\n|inactive|duvay has 30 seconds left.\n|inactive|badaaabum has 30 seconds left.\n|\n|t:|1776732958\n|move|p1b: Sneasler|Close Combat|p2a: Goodra\n|-supereffective|p2a: Goodra|1\n|-damage|p2a: Goodra|0 fnt\n|-unboost|p1b: Sneasler|def|1\n|-unboost|p1b: Sneasler|spd|1\n|faint|p2a: Goodra\n|move|p2b: Milotic|Icy Wind|p1a: Sinistcha|[spread] p1a,p1b\n|-supereffective|p1a: Sinistcha|1\n|-damage|p1a: Sinistcha|39/100\n|-damage|p1b: Sneasler|0 fnt\n|-unboost|p1a: Sinistcha|spe|1\n|-enditem|p1a: Sinistcha|Sitrus Berry|[eat]\n|-heal|p1a: Sinistcha|64/100|[from] item: Sitrus Berry\n|faint|p1b: Sneasler\n|move|p1a: Sinistcha|Matcha Gotcha|p2b: Milotic\n|-supereffective|p2b: Milotic|1\n|-damage|p2b: Milotic|60/100\n|-heal|p1a: Sinistcha|82/100|[from] drain|[of] p2b: Milotic\n|-status|p2b: Milotic|brn\n|\n|-heal|p2b: Milotic|66/100 brn|[from] item: Leftovers\n|-damage|p2b: Milotic|60/100 brn|[from] brn\n|upkeep\n|\n|t:|1776732983\n|switch|p2a: Espathra|Espathra, L50, F, shiny|30/100\n|turn|6\n|\n|t:|1776732992\n|move|p2a: Espathra|Lumina Crash|p1a: Sinistcha\n|-damage|p1a: Sinistcha|43/100\n|-unboost|p1a: Sinistcha|spd|2\n|move|p2b: Milotic|Recover|p2b: Milotic\n|-heal|p2b: Milotic|100/100 brn\n|move|p1a: Sinistcha|Matcha Gotcha|p2b: Milotic|[spread] p2a,p2b\n|-supereffective|p2b: Milotic|1\n|-damage|p2a: Espathra|3/100\n|-heal|p1a: Sinistcha|57/100|[from] drain|[of] p2a: Espathra\n|-damage|p2b: Milotic|75/100 brn\n|-heal|p1a: Sinistcha|71/100|[from] drain|[of] p2b: Milotic\n|\n|-heal|p2b: Milotic|80/100 brn|[from] item: Leftovers\n|-damage|p2b: Milotic|75/100 brn|[from] brn\n|-sideend|p2: badaaabum|move: Light Screen\n|-ability|p2a: Espathra|Speed Boost|boost\n|-boost|p2a: Espathra|spe|1\n|upkeep\n|turn|7\n|\n|t:|1776733014\n|move|p2a: Espathra|Lumina Crash|p1a: Sinistcha\n|-damage|p1a: Sinistcha|1/100\n|-unboost|p1a: Sinistcha|spd|2\n|move|p2b: Milotic|Icy Wind|p1a: Sinistcha\n|-supereffective|p1a: Sinistcha|1\n|-damage|p1a: Sinistcha|0 fnt\n|faint|p1a: Sinistcha\n|\n|win|badaaabum\n|raw|duvay's rating: 1194 &rarr; <strong>1169</strong><br />(-25 for losing)\n|raw|badaaabum's rating: 1191 &rarr; <strong>1216</strong><br />(+25 for winning)\n",
  "uploadtime": 1776733018,
  "views": 3,
  "formatid": "gen9championsvgc2026regma",
  "rating": 1169,
  "private": 0,
  "password": null
}