{
  "id": "gen9championsvgc2026regma-2584238245",
  "format": "[Gen 9 Champions] VGC 2026 Reg M-A",
  "players": [
    "Lockton",
    "Sadkeum"
  ],
  "log": "|j|\u2606Lockton\n|j|\u2606Sadkeum\n|t:|1776241852\n|gametype|doubles\n|player|p1|Lockton|266|1234\n|player|p2|Sadkeum|allister|1177\n|gen|9\n|tier|[Gen 9 Champions] VGC 2026 Reg M-A\n|rated|\n|rule|Species Clause: Limit one of each Pok\u00e9mon\n|rule|Item Clause: Limit 1 of each item\n|clearpoke\n|poke|p1|Blastoise, L50, M|\n|poke|p1|Incineroar, L50, F|\n|poke|p1|Sinistcha, L50|\n|poke|p1|Tyranitar, L50, M|\n|poke|p1|Typhlosion-Hisui, L50, M|\n|poke|p1|Excadrill, L50, F|\n|poke|p2|Tyranitar, L50, F|\n|poke|p2|Rotom-Wash, L50|\n|poke|p2|Gardevoir, L50, M|\n|poke|p2|Excadrill, L50, F|\n|poke|p2|Incineroar, L50, F|\n|poke|p2|Sinistcha-Masterpiece, L50|\n|teampreview|4\n|inactive|Battle timer is ON: inactive players will automatically lose when time's up. (requested by Sadkeum)\n|inactive|Sadkeum has 60 seconds left.\n|\n|t:|1776241896\n|teamsize|p1|4\n|teamsize|p2|4\n|start\n|switch|p1a: Blastoise|Blastoise, L50, M|100/100\n|switch|p1b: Incineroar|Incineroar, L50, F|100/100\n|switch|p2a: Incineroar|Incineroar, L50, F|100/100\n|switch|p2b: Rotom|Rotom-Wash, L50|100/100\n|-ability|p1b: Incineroar|Intimidate|boost\n|-unboost|p2a: Incineroar|atk|1\n|-unboost|p2b: Rotom|atk|1\n|-ability|p2a: Incineroar|Intimidate|boost\n|-unboost|p1a: Blastoise|atk|1\n|-unboost|p1b: Incineroar|atk|1\n|turn|1\n|inactive|Lockton has 30 seconds left.\n|\n|t:|1776241930\n|detailschange|p1a: Blastoise|Blastoise-Mega, L50, M\n|-mega|p1a: Blastoise|Blastoise|Blastoisinite\n|move|p1b: Incineroar|Fake Out|p2b: Rotom\n|-damage|p2b: Rotom|93/100\n|move|p2a: Incineroar|Fake Out|p1b: Incineroar\n|-damage|p1b: Incineroar|94/100\n|cant|p2b: Rotom|flinch\n|move|p1a: Blastoise|Shell Smash|p1a: Blastoise\n|-unboost|p1a: Blastoise|def|1\n|-unboost|p1a: Blastoise|spd|1\n|-boost|p1a: Blastoise|atk|2\n|-boost|p1a: Blastoise|spa|2\n|-boost|p1a: Blastoise|spe|2\n|\n|-heal|p2b: Rotom|99/100|[from] item: Leftovers\n|upkeep\n|turn|2\n|inactive|Lockton has 30 seconds left.\n|inactive|Lockton has 20 seconds left.\n|inactive|Lockton has 15 seconds left.\n|inactive|Lockton has 10 seconds left.\n|\n|t:|1776241978\n|switch|p2a: Sinistcha|Sinistcha-Masterpiece, L50|100/100\n|-heal|p2b: Rotom|100/100|[from] ability: Hospitality|[of] p2a: Sinistcha\n|move|p1a: Blastoise|Water Spout|p2a: Sinistcha|[spread] p2a,p2b\n|-resisted|p2a: Sinistcha|1\n|-crit|p2a: Sinistcha\n|-resisted|p2b: Rotom|1\n|-damage|p2a: Sinistcha|23/100\n|-damage|p2b: Rotom|43/100\n|-enditem|p2a: Sinistcha|Sitrus Berry|[eat]\n|-heal|p2a: Sinistcha|47/100|[from] item: Sitrus Berry\n|move|p2b: Rotom|Thunderbolt|p1a: Blastoise\n|-supereffective|p1a: Blastoise|1\n|-damage|p1a: Blastoise|13/100\n|move|p1b: Incineroar|Darkest Lariat|p2a: Sinistcha\n|-supereffective|p2a: Sinistcha|1\n|-damage|p2a: Sinistcha|9/100\n|\n|-heal|p2b: Rotom|49/100|[from] item: Leftovers\n|upkeep\n|turn|3\n|inactive|Lockton has 30 seconds left.\n|\n|t:|1776242007\n|move|p1a: Blastoise|Protect|p1a: Blastoise\n|-singleturn|p1a: Blastoise|Protect\n|move|p2a: Sinistcha|Rage Powder|p2a: Sinistcha\n|-singleturn|p2a: Sinistcha|move: Rage Powder\n|move|p2b: Rotom|Thunderbolt|p1a: Blastoise\n|-activate|p1a: Blastoise|move: Protect\n|move|p1b: Incineroar|Darkest Lariat|p2a: Sinistcha\n|-supereffective|p2a: Sinistcha|1\n|-damage|p2a: Sinistcha|0 fnt\n|faint|p2a: Sinistcha\n|\n|-heal|p2b: Rotom|55/100|[from] item: Leftovers\n|upkeep\n|\n|t:|1776242022\n|switch|p2a: Tyranitar|Tyranitar, L50, F|100/100\n|-weather|Sandstorm|[from] ability: Sand Stream|[of] p2a: Tyranitar\n|turn|4\n|\n|t:|1776242043\n|switch|p1b: Sinistcha|Sinistcha, L50|100/100\n|-heal|p1a: Blastoise|38/100|[from] ability: Hospitality|[of] p1b: Sinistcha\n|move|p2a: Tyranitar|Protect|p2a: Tyranitar\n|-singleturn|p2a: Tyranitar|Protect\n|move|p1a: Blastoise|Water Spout|p2b: Rotom|[spread] p2b\n|-activate|p2a: Tyranitar|move: Protect\n|-resisted|p2b: Rotom|1\n|-damage|p2b: Rotom|32/100\n|move|p2b: Rotom|Thunderbolt|p1a: Blastoise\n|-supereffective|p1a: Blastoise|1\n|-damage|p1a: Blastoise|0 fnt\n|faint|p1a: Blastoise\n|\n|-weather|Sandstorm|[upkeep]\n|-damage|p2b: Rotom|27/100|[from] Sandstorm\n|-damage|p1b: Sinistcha|94/100|[from] Sandstorm\n|-heal|p2b: Rotom|32/100|[from] item: Leftovers\n|upkeep\n|inactive|Lockton has 30 seconds left.\n|\n|t:|1776242072\n|switch|p1a: Excadrill|Excadrill, L50, F|100/100\n|turn|5\n|\n|t:|1776242093\n|switch|p2a: Incineroar|Incineroar, L50, F|100/100\n|-ability|p2a: Incineroar|Intimidate|boost\n|-unboost|p1a: Excadrill|atk|1\n|-unboost|p1b: Sinistcha|atk|1\n|move|p1a: Excadrill|High Horsepower|p2a: Incineroar\n|-supereffective|p2a: Incineroar|1\n|-damage|p2a: Incineroar|35/100\n|move|p2b: Rotom|Will-O-Wisp|p1a: Excadrill\n|-status|p1a: Excadrill|brn\n|move|p1b: Sinistcha|Matcha Gotcha|p2a: Incineroar|[spread] p2a,p2b\n|-resisted|p2a: Incineroar|1\n|-supereffective|p2b: Rotom|1\n|-damage|p2a: Incineroar|25/100\n|-heal|p1b: Sinistcha|99/100|[from] drain|[of] p2a: Incineroar\n|-damage|p2b: Rotom|0 fnt\n|-heal|p1b: Sinistcha|100/100|[from] drain|[of] p2b: Rotom\n|faint|p2b: Rotom\n|\n|-weather|Sandstorm|[upkeep]\n|-damage|p1b: Sinistcha|94/100|[from] Sandstorm\n|-damage|p2a: Incineroar|19/100|[from] Sandstorm\n|-damage|p1a: Excadrill|95/100 brn|[from] brn\n|upkeep\n|\n|t:|1776242116\n|switch|p2b: Tyranitar|Tyranitar, L50, F|100/100\n|turn|6\n|\n|t:|1776242140\n|detailschange|p2b: Tyranitar|Tyranitar-Mega, L50, F\n|-mega|p2b: Tyranitar|Tyranitar|Tyranitarite\n|move|p1a: Excadrill|Rock Slide|p2b: Tyranitar|[spread] p2b\n|-miss|p1a: Excadrill|p2a: Incineroar\n|-damage|p2b: Tyranitar|96/100\n|move|p2b: Tyranitar|Crunch|p1b: Sinistcha\n|-supereffective|p1b: Sinistcha|1\n|-damage|p1b: Sinistcha|0 fnt\n|faint|p1b: Sinistcha\n|move|p2a: Incineroar|Flare Blitz|p1a: Excadrill\n|-supereffective|p1a: Excadrill|1\n|-damage|p1a: Excadrill|0 fnt\n|faint|p1a: Excadrill\n|-damage|p2a: Incineroar|0 fnt|[from] Recoil\n|faint|p2a: Incineroar\n|\n|-weather|Sandstorm|[upkeep]\n|upkeep\n|\n|t:|1776242163\n|switch|p1a: Incineroar|Incineroar, L50, F|94/100\n|-ability|p1a: Incineroar|Intimidate|boost\n|-unboost|p2b: Tyranitar|atk|1\n|turn|7\n|\n|t:|1776242168\n|move|p1a: Incineroar|Fake Out|p2b: Tyranitar\n|-resisted|p2b: Tyranitar|1\n|-damage|p2b: Tyranitar|93/100\n|cant|p2b: Tyranitar|flinch\n|\n|-weather|Sandstorm|[upkeep]\n|-damage|p1a: Incineroar|88/100|[from] Sandstorm\n|upkeep\n|turn|8\n|\n|t:|1776242180\n|move|p2b: Tyranitar|Rock Slide|p1a: Incineroar\n|-supereffective|p1a: Incineroar|1\n|-damage|p1a: Incineroar|37/100\n|cant|p1a: Incineroar|flinch\n|\n|-weather|none\n|upkeep\n|turn|9\n|-message|Lockton forfeited.\n|\n|win|Sadkeum\n|raw|Lockton's rating: 1234 &rarr; <strong>1205</strong><br />(-29 for losing)\n|raw|Sadkeum's rating: 1177 &rarr; <strong>1206</strong><br />(+29 for winning)\n|l|\u2606Lockton\n|player|p1|\n",
  "uploadtime": 1776242193,
  "views": 35,
  "formatid": "gen9championsvgc2026regma",
  "rating": 1205,
  "private": 0,
  "password": null
}