{
  "id": "gen9championsvgc2026regma-2586398172",
  "format": "[Gen 9 Champions] VGC 2026 Reg M-A",
  "players": [
    "celticsredsox",
    "Xalvadore"
  ],
  "log": "|j|\u2606celticsredsox\n|j|\u2606Xalvadore\n|t:|1776431812\n|gametype|doubles\n|player|p1|celticsredsox|169|1105\n|player|p2|Xalvadore|2|1211\n|gen|9\n|tier|[Gen 9 Champions] VGC 2026 Reg M-A\n|rated|\n|rule|Species Clause: Limit one of each Pok\u00e9mon\n|rule|Item Clause: Limit 1 of each item\n|clearpoke\n|poke|p1|Sneasler, L50, M|\n|poke|p1|Kingambit, L50, M|\n|poke|p1|Clefable, L50, M|\n|poke|p1|Delphox, L50, M|\n|poke|p1|Dragonite, L50, M|\n|poke|p1|Basculegion, L50, M|\n|poke|p2|Meganium, L50, F|\n|poke|p2|Incineroar, L50, F|\n|poke|p2|Krookodile, L50, M|\n|poke|p2|Blastoise, L50, M|\n|poke|p2|Aerodactyl, L50, F|\n|poke|p2|Scizor, L50, M|\n|teampreview|4\n|inactive|Battle timer is ON: inactive players will automatically lose when time's up. (requested by celticsredsox)\n|inactive|celticsredsox has 60 seconds left.\n|inactive|Xalvadore has 60 seconds left.\n|\n|t:|1776431865\n|teamsize|p1|4\n|teamsize|p2|4\n|start\n|switch|p1a: Dragonite|Dragonite, L50, M|100/100\n|switch|p1b: Basculegion|Basculegion, L50, M|100/100\n|switch|p2a: Aerodactyl|Aerodactyl, L50, F|100/100\n|switch|p2b: Incineroar|Incineroar, L50, F|100/100\n|-ability|p2a: Aerodactyl|Unnerve\n|-ability|p2b: Incineroar|Intimidate|boost\n|-unboost|p1a: Dragonite|atk|1\n|-unboost|p1b: Basculegion|atk|1\n|turn|1\n|\n|t:|1776431887\n|switch|p2b: Krookodile|Krookodile, L50, M|100/100\n|-ability|p2b: Krookodile|Intimidate|boost\n|-unboost|p1a: Dragonite|atk|1\n|-unboost|p1b: Basculegion|atk|1\n|move|p1a: Dragonite|Protect|p1a: Dragonite\n|-singleturn|p1a: Dragonite|Protect\n|move|p1b: Basculegion|Wave Crash|p2b: Krookodile\n|-supereffective|p2b: Krookodile|1\n|-damage|p2b: Krookodile|12/100\n|-damage|p1b: Basculegion|75/100|[from] Recoil\n|move|p2a: Aerodactyl|Tailwind|p2a: Aerodactyl\n|-sidestart|p2: Xalvadore|move: Tailwind\n|\n|upkeep\n|turn|2\n|\n|t:|1776431908\n|switch|p1b: Sneasler|Sneasler, L50, M|100/100\n|move|p1a: Dragonite|Extreme Speed|p2b: Krookodile\n|-damage|p2b: Krookodile|0 fnt\n|faint|p2b: Krookodile\n|move|p2a: Aerodactyl|Rock Slide|p1a: Dragonite|[spread] p1a,p1b\n|-supereffective|p1a: Dragonite|1\n|-resisted|p1b: Sneasler|1\n|-damage|p1a: Dragonite|73/100\n|-damage|p1b: Sneasler|77/100\n|\n|upkeep\n|\n|t:|1776431917\n|switch|p2b: Blastoise|Blastoise, L50, M|100/100\n|turn|3\n|\n|t:|1776431931\n|switch|p1a: Basculegion|Basculegion, L50, M|75/100\n|detailschange|p2b: Blastoise|Blastoise-Mega, L50, M\n|-mega|p2b: Blastoise|Blastoise|Blastoisinite\n|move|p1b: Sneasler|Fake Out|p2b: Blastoise\n|-damage|p2b: Blastoise|88/100\n|move|p2a: Aerodactyl|Dual Wingbeat|p1b: Sneasler\n|-supereffective|p1b: Sneasler|1\n|-damage|p1b: Sneasler|16/100\n|-supereffective|p1b: Sneasler|1\n|-damage|p1b: Sneasler|0 fnt\n|faint|p1b: Sneasler\n|-hitcount|p1: Sneasler|2\n|cant|p2b: Blastoise|flinch\n|\n|upkeep\n|\n|t:|1776431944\n|switch|p1b: Dragonite|Dragonite, L50, M|73/100\n|turn|4\n|inactive|celticsredsox has 30 seconds left.\n|\n|t:|1776431975\n|move|p2a: Aerodactyl|Dual Wingbeat|p1a: Basculegion|[miss]\n|-miss|p2a: Aerodactyl|p1a: Basculegion\n|move|p2b: Blastoise|Ice Beam|p1b: Dragonite\n|-supereffective|p1b: Dragonite|2\n|-damage|p1b: Dragonite|0 fnt\n|faint|p1b: Dragonite\n|move|p1a: Basculegion|Last Respects|p2b: Blastoise\n|-damage|p2b: Blastoise|0 fnt\n|faint|p2b: Blastoise\n|\n|-sideend|p2: Xalvadore|move: Tailwind\n|upkeep\n|\n|t:|1776431984\n|switch|p1b: Delphox|Delphox, L50, M|100/100\n|switch|p2b: Incineroar|Incineroar, L50, F|100/100\n|-ability|p2b: Incineroar|Intimidate|boost\n|-unboost|p1a: Basculegion|atk|1\n|-unboost|p1b: Delphox|atk|1\n|turn|5\n|\n|t:|1776432001\n|move|p1b: Delphox|Protect|p1b: Delphox\n|-singleturn|p1b: Delphox|Protect\n|move|p1a: Basculegion|Last Respects|p2b: Incineroar\n|-resisted|p2b: Incineroar|1\n|-damage|p2b: Incineroar|69/100\n|move|p2a: Aerodactyl|Rock Slide|p1b: Delphox|[spread] p1a\n|-activate|p1b: Delphox|move: Protect\n|-damage|p1a: Basculegion|40/100\n|move|p2b: Incineroar|Parting Shot|p1a: Basculegion\n|-unboost|p1a: Basculegion|atk|1\n|-unboost|p1a: Basculegion|spa|1\n|\n|upkeep\n|turn|6\n|\n|t:|1776432022\n|detailschange|p1b: Delphox|Delphox-Mega, L50, M\n|-mega|p1b: Delphox|Delphox|Delphoxite\n|move|p1a: Basculegion|Last Respects|p2a: Aerodactyl\n|-crit|p2a: Aerodactyl\n|-enditem|p2a: Aerodactyl|Focus Sash\n|-damage|p2a: Aerodactyl|1/100\n|move|p1b: Delphox|Heat Wave|p2b: Incineroar|[spread] p2a,p2b\n|-resisted|p2a: Aerodactyl|1\n|-resisted|p2b: Incineroar|1\n|-damage|p2a: Aerodactyl|0 fnt\n|-damage|p2b: Incineroar|50/100\n|-enditem|p2b: Incineroar|Sitrus Berry|[eat]\n|-heal|p2b: Incineroar|75/100|[from] item: Sitrus Berry\n|faint|p2a: Aerodactyl\n|move|p2b: Incineroar|Flare Blitz|p1a: Basculegion\n|-resisted|p1a: Basculegion|1\n|-damage|p1a: Basculegion|0 fnt\n|faint|p1a: Basculegion\n|-damage|p2b: Incineroar|63/100|[from] Recoil\n|\n|upkeep\n|turn|7\n|-message|celticsredsox forfeited.\n|\n|win|Xalvadore\n|raw|celticsredsox's rating: 1105 &rarr; <strong>1087</strong><br />(-18 for losing)\n|raw|Xalvadore's rating: 1211 &rarr; <strong>1229</strong><br />(+18 for winning)\n|l|\u2606celticsredsox\n|player|p1|\n|c|\u2606Xalvadore|gg\n",
  "uploadtime": 1776432044,
  "views": 35,
  "formatid": "gen9championsvgc2026regma",
  "rating": 1087,
  "private": 0,
  "password": null
}