{
  "id": "gen9championsvgc2026regma-2588772422",
  "format": "[Gen 9 Champions] VGC 2026 Reg M-A",
  "players": [
    "test123vgc456",
    "FireGatorXC"
  ],
  "log": "|j|\u2606test123vgc456\n|j|\u2606FireGatorXC\n|t:|1776668824\n|gametype|doubles\n|player|p1|test123vgc456|170|1262\n|player|p2|FireGatorXC|169|1177\n|gen|9\n|tier|[Gen 9 Champions] VGC 2026 Reg M-A\n|rated|\n|rule|Species Clause: Limit one of each Pok\u00e9mon\n|rule|Item Clause: Limit 1 of each item\n|clearpoke\n|poke|p1|Delphox, L50, M|\n|poke|p1|Sneasler, L50, M|\n|poke|p1|Pelipper, L50, F|\n|poke|p1|Basculegion, L50, M|\n|poke|p1|Dragonite, L50, M|\n|poke|p1|Kingambit, L50, M|\n|poke|p2|Feraligatr, L50, M|\n|poke|p2|Talonflame, L50, F|\n|poke|p2|Sinistcha, L50|\n|poke|p2|Sneasler, L50, M|\n|poke|p2|Kingambit, L50, M, shiny|\n|poke|p2|Gardevoir, L50, F, shiny|\n|teampreview|4\n|inactive|Battle timer is ON: inactive players will automatically lose when time's up. (requested by test123vgc456)\n|\n|t:|1776668853\n|teamsize|p1|4\n|teamsize|p2|4\n|start\n|switch|p1a: Delphox|Delphox, L50, M|100/100\n|switch|p1b: Sneasler|Sneasler, L50, M|100/100\n|switch|p2a: Feraligatr|Feraligatr, L50, M|100/100\n|switch|p2b: Talonflame|Talonflame, L50, F|100/100\n|turn|1\n|c|\u2606test123vgc456|Glhf\n|inactive|test123vgc456 has 30 seconds left.\n|\n|t:|1776668883\n|detailschange|p1a: Delphox|Delphox-Mega, L50, M\n|-mega|p1a: Delphox|Delphox|Delphoxite\n|move|p2b: Talonflame|Protect|p2b: Talonflame\n|-singleturn|p2b: Talonflame|Protect\n|move|p2a: Feraligatr|Protect|p2a: Feraligatr\n|-singleturn|p2a: Feraligatr|Protect\n|move|p1b: Sneasler|Fake Out|p2b: Talonflame\n|-activate|p2b: Talonflame|move: Protect\n|move|p1a: Delphox|Substitute|p1a: Delphox\n|-start|p1a: Delphox|Substitute\n|-damage|p1a: Delphox|76/100\n|\n|upkeep\n|turn|2\n|inactive|FireGatorXC has 30 seconds left.\n|inactive|test123vgc456 has 30 seconds left.\n|\n|t:|1776668918\n|switch|p1b: Kingambit|Kingambit, L50, M|100/100\n|detailschange|p2a: Feraligatr|Feraligatr-Mega, L50, M\n|-mega|p2a: Feraligatr|Feraligatr|Feraligite\n|move|p2b: Talonflame|Brave Bird|p1a: Delphox\n|-end|p1a: Delphox|Substitute\n|-damage|p2b: Talonflame|92/100|[from] Recoil|[of] p1a: Delphox\n|move|p2a: Feraligatr|Aqua Jet|p1a: Delphox\n|-supereffective|p1a: Delphox|1\n|-damage|p1a: Delphox|20/100\n|move|p1a: Delphox|Psychic|p2b: Talonflame\n|-damage|p2b: Talonflame|16/100\n|\n|upkeep\n|turn|3\n|inactive|test123vgc456 has 30 seconds left.\n|\n|t:|1776668945\n|move|p1a: Delphox|Protect|p1a: Delphox\n|-singleturn|p1a: Delphox|Protect\n|move|p2a: Feraligatr|Aqua Jet|p1a: Delphox\n|-activate|p1a: Delphox|move: Protect\n|move|p2b: Talonflame|Tailwind|p2b: Talonflame\n|-sidestart|p2: FireGatorXC|move: Tailwind\n|move|p1b: Kingambit|Kowtow Cleave|p2a: Feraligatr\n|-damage|p2a: Feraligatr|61/100\n|\n|upkeep\n|turn|4\n|\n|t:|1776668962\n|switch|p1a: Basculegion|Basculegion, L50, M|100/100\n|move|p2a: Feraligatr|Aqua Jet|p1a: Basculegion\n|-resisted|p1a: Basculegion|1\n|-damage|p1a: Basculegion|88/100\n|move|p2b: Talonflame|Flare Blitz|p1b: Kingambit\n|-supereffective|p1b: Kingambit|1\n|-damage|p1b: Kingambit|33/100\n|-damage|p2b: Talonflame|0 fnt|[from] Recoil\n|faint|p2b: Talonflame\n|move|p1b: Kingambit|Kowtow Cleave|p2a: Feraligatr\n|-damage|p2a: Feraligatr|25/100\n|\n|upkeep\n|\n|t:|1776668972\n|switch|p2b: Kingambit|Kingambit, L50, M, shiny|100/100\n|turn|5\n|inactive|test123vgc456 has 30 seconds left.\n|\n|t:|1776669000\n|move|p2a: Feraligatr|Protect|p2a: Feraligatr\n|-singleturn|p2a: Feraligatr|Protect\n|move|p2b: Kingambit|Sucker Punch|p1a: Basculegion\n|-supereffective|p1a: Basculegion|1\n|-damage|p1a: Basculegion|10/100\n|move|p1b: Kingambit|Sucker Punch||[still]\n|-fail|p1b: Kingambit\n|move|p1a: Basculegion|Flip Turn|p2b: Kingambit\n|-crit|p2b: Kingambit\n|-damage|p2b: Kingambit|61/100\n|\n|t:|1776669008\n|switch|p1a: Sneasler|Sneasler, L50, M|100/100|[from] Flip Turn\n|\n|upkeep\n|turn|6\n|inactive|FireGatorXC has 30 seconds left.\n|inactive|FireGatorXC has 20 seconds left.\n|\n|t:|1776669045\n|switch|p2b: Gardevoir|Gardevoir, L50, F, shiny|100/100\n|move|p2a: Feraligatr|Protect||[still]\n|-fail|p2a: Feraligatr\n|move|p1b: Kingambit|Sucker Punch||[still]\n|-fail|p1b: Kingambit\n|move|p1a: Sneasler|Close Combat|p2b: Gardevoir\n|-resisted|p2b: Gardevoir|2\n|-damage|p2b: Gardevoir|79/100\n|-unboost|p1a: Sneasler|def|1\n|-unboost|p1a: Sneasler|spd|1\n|-enditem|p1a: Sneasler|White Herb\n|-clearnegativeboost|p1a: Sneasler|[silent]\n|\n|-sideend|p2: FireGatorXC|move: Tailwind\n|upkeep\n|turn|7\n|inactive|FireGatorXC has 30 seconds left.\n|\n|t:|1776669078\n|move|p2a: Feraligatr|Aqua Jet|p1b: Kingambit\n|-damage|p1b: Kingambit|15/100\n|move|p1b: Kingambit|Sucker Punch|p2b: Gardevoir\n|-damage|p2b: Gardevoir|24/100\n|move|p1a: Sneasler|Close Combat|p2a: Feraligatr\n|-damage|p2a: Feraligatr|0 fnt\n|-unboost|p1a: Sneasler|def|1\n|-unboost|p1a: Sneasler|spd|1\n|faint|p2a: Feraligatr\n|move|p2b: Gardevoir|Psychic|p1a: Sneasler\n|-supereffective|p1a: Sneasler|2\n|-damage|p1a: Sneasler|0 fnt\n|faint|p1a: Sneasler\n|\n|upkeep\n|\n|t:|1776669096\n|switch|p1a: Basculegion|Basculegion, L50, M|10/100\n|switch|p2a: Kingambit|Kingambit, L50, M, shiny|61/100\n|turn|8\n|\n|t:|1776669104\n|move|p2b: Gardevoir|Protect|p2b: Gardevoir\n|-singleturn|p2b: Gardevoir|Protect\n|move|p1a: Basculegion|Aqua Jet|p2b: Gardevoir\n|-activate|p2b: Gardevoir|move: Protect\n|move|p2a: Kingambit|Sucker Punch||[still]\n|-fail|p2a: Kingambit\n|move|p1b: Kingambit|Low Kick|p2a: Kingambit\n|-supereffective|p2a: Kingambit|2\n|-damage|p2a: Kingambit|0 fnt\n|faint|p2a: Kingambit\n|\n|upkeep\n|turn|9\n|-message|FireGatorXC forfeited.\n|\n|win|test123vgc456\n|raw|test123vgc456's rating: 1262 &rarr; <strong>1281</strong><br />(+19 for winning)\n|raw|FireGatorXC's rating: 1177 &rarr; <strong>1158</strong><br />(-19 for losing)\n|c|\u2606test123vgc456|GG\n|l|\u2606FireGatorXC\n|player|p2|\n",
  "uploadtime": 1776669123,
  "views": 11,
  "formatid": "gen9championsvgc2026regma",
  "rating": 1158,
  "private": 0,
  "password": null
}