{
  "id": "gen9championsvgc2026regma-2587820868",
  "format": "[Gen 9 Champions] VGC 2026 Reg M-A",
  "players": [
    "Nonobran7",
    "EXSA"
  ],
  "log": "|j|\u2606Nonobran7\n|j|\u2606EXSA\n|t:|1776567397\n|gametype|doubles\n|player|p1|Nonobran7|boarder|1188\n|player|p2|EXSA|169|1176\n|gen|9\n|tier|[Gen 9 Champions] VGC 2026 Reg M-A\n|rated|\n|rule|Species Clause: Limit one of each Pok\u00e9mon\n|rule|Item Clause: Limit 1 of each item\n|clearpoke\n|poke|p1|Froslass, L50, F, shiny|\n|poke|p1|Whimsicott, L50, F, shiny|\n|poke|p1|Hatterene, L50, F, shiny|\n|poke|p1|Abomasnow, L50, M, shiny|\n|poke|p1|Talonflame, L50, M, shiny|\n|poke|p1|Mamoswine, L50, F|\n|poke|p2|Oranguru, L50, F|\n|poke|p2|Incineroar, L50, M|\n|poke|p2|Chesnaught, L50, F|\n|poke|p2|Maushold-Four, L50|\n|poke|p2|Torkoal, L50, M|\n|poke|p2|Gengar, L50, F|\n|teampreview|4\n|\n|t:|1776567434\n|teamsize|p1|4\n|teamsize|p2|4\n|start\n|switch|p1a: Hatterene|Hatterene, L50, F, shiny|100/100\n|switch|p1b: Abomasnow|Abomasnow, L50, M, shiny|100/100\n|switch|p2a: Oranguru|Oranguru, L50, F|100/100\n|switch|p2b: Incineroar|Incineroar, L50, M|100/100\n|-ability|p2b: Incineroar|Intimidate|boost\n|-unboost|p1a: Hatterene|atk|1\n|-unboost|p1b: Abomasnow|atk|1\n|-weather|Snowscape|[from] ability: Snow Warning|[of] p1b: Abomasnow\n|turn|1\n|\n|t:|1776567461\n|switch|p2a: Torkoal|Torkoal, L50, M|100/100\n|-weather|SunnyDay|[from] ability: Drought|[of] p2a: Torkoal\n|detailschange|p1b: Abomasnow|Abomasnow-Mega, L50, M, shiny\n|-mega|p1b: Abomasnow|Abomasnow|Abomasite\n|-weather|Snowscape|[from] ability: Snow Warning|[of] p1b: Abomasnow\n|move|p2b: Incineroar|Flare Blitz|p1b: Abomasnow\n|-supereffective|p1b: Abomasnow|2\n|-damage|p1b: Abomasnow|0 fnt\n|faint|p1b: Abomasnow\n|-damage|p2b: Incineroar|72/100|[from] Recoil\n|move|p1a: Hatterene|Trick Room|p1a: Hatterene\n|-fieldstart|move: Trick Room|[of] p1a: Hatterene\n|\n|-weather|Snowscape|[upkeep]\n|upkeep\n|\n|t:|1776567474\n|switch|p1b: Mamoswine|Mamoswine, L50, F|100/100\n|turn|2\n|\n|t:|1776567505\n|move|p1a: Hatterene|Helping Hand|p1b: Mamoswine\n|-singleturn|p1b: Mamoswine|Helping Hand|[of] p1a: Hatterene\n|move|p2a: Torkoal|Protect|p2a: Torkoal\n|-singleturn|p2a: Torkoal|Protect\n|move|p2b: Incineroar|Parting Shot|p1b: Mamoswine\n|-unboost|p1b: Mamoswine|atk|1\n|-unboost|p1b: Mamoswine|spa|1\n|\n|t:|1776567514\n|switch|p2b: Maushold|Maushold-Four, L50|100/100|[from] Parting Shot\n|move|p1b: Mamoswine|Rock Slide|p2b: Maushold|[spread] p2b\n|-activate|p2a: Torkoal|move: Protect\n|-damage|p2b: Maushold|78/100\n|\n|-weather|Snowscape|[upkeep]\n|upkeep\n|turn|3\n|\n|t:|1776567529\n|switch|p2b: Incineroar|Incineroar, L50, M|72/100\n|-ability|p2b: Incineroar|Intimidate|boost\n|-unboost|p1a: Hatterene|atk|1\n|-unboost|p1b: Mamoswine|atk|1\n|move|p1a: Hatterene|Protect|p1a: Hatterene\n|-singleturn|p1a: Hatterene|Protect\n|move|p2a: Torkoal|Eruption|p1b: Mamoswine|[spread] p1b\n|-activate|p1a: Hatterene|move: Protect\n|-supereffective|p1b: Mamoswine|1\n|-damage|p1b: Mamoswine|20/100\n|move|p1b: Mamoswine|High Horsepower|p2a: Torkoal\n|-supereffective|p2a: Torkoal|1\n|-damage|p2a: Torkoal|65/100\n|\n|-weather|Snowscape|[upkeep]\n|-heal|p1b: Mamoswine|26/100|[from] item: Leftovers\n|upkeep\n|turn|4\n|\n|t:|1776567555\n|move|p1a: Hatterene|Helping Hand|p1b: Mamoswine\n|-singleturn|p1b: Mamoswine|Helping Hand|[of] p1a: Hatterene\n|move|p2a: Torkoal|Eruption|p1b: Mamoswine|[spread] p1a,p1b\n|-crit|p1a: Hatterene\n|-supereffective|p1b: Mamoswine|1\n|-damage|p1a: Hatterene|45/100\n|-damage|p1b: Mamoswine|0 fnt\n|-enditem|p1a: Hatterene|Sitrus Berry|[eat]\n|-heal|p1a: Hatterene|70/100|[from] item: Sitrus Berry\n|faint|p1b: Mamoswine\n|move|p2b: Incineroar|Flare Blitz|p1a: Hatterene\n|-damage|p1a: Hatterene|6/100\n|-damage|p2b: Incineroar|58/100|[from] Recoil\n|\n|-weather|Snowscape|[upkeep]\n|upkeep\n|\n|t:|1776567567\n|switch|p1b: Talonflame|Talonflame, L50, M, shiny|100/100\n|turn|5\n|\n|t:|1776567582\n|switch|p2a: Oranguru|Oranguru, L50, F|100/100\n|move|p1b: Talonflame|Tailwind|p1b: Talonflame\n|-sidestart|p1: Nonobran7|move: Tailwind\n|move|p2b: Incineroar|Throat Chop|p1b: Talonflame\n|-damage|p1b: Talonflame|34/100\n|-start|p1b: Talonflame|Throat Chop|[silent]\n|move|p1a: Hatterene|Dazzling Gleam|p2a: Oranguru|[spread] p2a,p2b\n|-damage|p2a: Oranguru|78/100\n|-damage|p2b: Incineroar|34/100\n|-enditem|p2b: Incineroar|Sitrus Berry|[eat]\n|-heal|p2b: Incineroar|59/100|[from] item: Sitrus Berry\n|\n|-weather|none\n|-fieldend|move: Trick Room\n|upkeep\n|turn|6\n|\n|t:|1776567602\n|move|p1b: Talonflame|Brave Bird|p2a: Oranguru\n|-damage|p2a: Oranguru|39/100\n|-damage|p1b: Talonflame|18/100|[from] Recoil\n|move|p1a: Hatterene|Dazzling Gleam|p2b: Incineroar|[spread] p2a,p2b\n|-damage|p2a: Oranguru|16/100\n|-damage|p2b: Incineroar|36/100\n|move|p2b: Incineroar|Parting Shot|p1b: Talonflame\n|-unboost|p1b: Talonflame|atk|1\n|-unboost|p1b: Talonflame|spa|1\n|\n|t:|1776567610\n|switch|p2b: Torkoal|Torkoal, L50, M|65/100|[from] Parting Shot\n|-enditem|p1b: Talonflame|White Herb\n|-clearnegativeboost|p1b: Talonflame|[silent]\n|-weather|SunnyDay|[from] ability: Drought|[of] p2b: Torkoal\n|move|p2a: Oranguru|Trick Room|p2a: Oranguru\n|-fieldstart|move: Trick Room|[of] p2a: Oranguru\n|\n|-weather|SunnyDay|[upkeep]\n|-end|p1b: Talonflame|Throat Chop|[silent]\n|upkeep\n|turn|7\n|\n|t:|1776567625\n|move|p1a: Hatterene|Helping Hand|p1b: Talonflame\n|-singleturn|p1b: Talonflame|Helping Hand|[of] p1a: Hatterene\n|move|p2b: Torkoal|Eruption|p1b: Talonflame|[spread] p1a,p1b\n|-resisted|p1b: Talonflame|1\n|-damage|p1a: Hatterene|0 fnt\n|-damage|p1b: Talonflame|0 fnt\n|faint|p1a: Hatterene\n|faint|p1b: Talonflame\n|\n|win|EXSA\n|raw|Nonobran7's rating: 1188 &rarr; <strong>1162</strong><br />(-26 for losing)\n|raw|EXSA's rating: 1176 &rarr; <strong>1202</strong><br />(+26 for winning)\n|l|\u2606Nonobran7\n|player|p1|\n",
  "uploadtime": 1776567633,
  "views": 7,
  "formatid": "gen9championsvgc2026regma",
  "rating": 1162,
  "private": 0,
  "password": null
}