{
  "id": "gen9championsvgc2026regma-2581973576",
  "format": "[Gen 9 Champions] VGC 2026 Reg M-A",
  "players": [
    "ramesses_the_ii",
    "kwicks065"
  ],
  "log": "|j|\u2606ramesses_the_ii\n|j|\u2606kwicks065\n|t:|1776044634\n|gametype|doubles\n|player|p1|ramesses_the_ii|li|1000\n|player|p2|kwicks065|hilbert-wonderlauncher|1047\n|gen|9\n|tier|[Gen 9 Champions] VGC 2026 Reg M-A\n|rated|\n|rule|Species Clause: Limit one of each Pok\u00e9mon\n|rule|Item Clause: Limit 1 of each item\n|clearpoke\n|poke|p1|Houndoom, L50, F|\n|poke|p1|Incineroar, L50, F|\n|poke|p1|Whimsicott, L50, M|\n|poke|p1|Feraligatr, L50, F|\n|poke|p1|Rotom-Wash, L50|\n|poke|p1|Sneasler, L50, M|\n|poke|p2|Excadrill, L50, F|\n|poke|p2|Hawlucha, L50, M|\n|poke|p2|Milotic, L50, M|\n|poke|p2|Aerodactyl, L50, F|\n|poke|p2|Rotom-Mow, L50|\n|poke|p2|Volcarona, L50, F|\n|teampreview|4\n|inactive|Battle timer is ON: inactive players will automatically lose when time's up. (requested by kwicks065)\n|\n|t:|1776044660\n|teamsize|p1|4\n|teamsize|p2|4\n|start\n|switch|p1a: Whimsicott|Whimsicott, L50, M|100/100\n|switch|p1b: Houndoom|Houndoom, L50, F|100/100\n|switch|p2a: Milotic|Milotic, L50, M|100/100\n|switch|p2b: Aerodactyl|Aerodactyl, L50, F|100/100\n|turn|1\n|\n|t:|1776044673\n|move|p1b: Houndoom|Protect|p1b: Houndoom\n|-singleturn|p1b: Houndoom|Protect\n|move|p1a: Whimsicott|Tailwind|p1a: Whimsicott\n|-sidestart|p1: ramesses_the_ii|move: Tailwind\n|move|p2b: Aerodactyl|Dual Wingbeat|p1a: Whimsicott\n|-supereffective|p1a: Whimsicott|1\n|-damage|p1a: Whimsicott|48/100\n|-supereffective|p1a: Whimsicott|1\n|-damage|p1a: Whimsicott|0 fnt\n|faint|p1a: Whimsicott\n|-hitcount|p1: Whimsicott|2\n|move|p2a: Milotic|Scald|p1b: Houndoom\n|-activate|p1b: Houndoom|move: Protect\n|\n|upkeep\n|\n|t:|1776044688\n|switch|p1a: Rotom|Rotom-Wash, L50|100/100\n|turn|2\n|\n|t:|1776044702\n|detailschange|p1b: Houndoom|Houndoom-Mega, L50, F\n|-mega|p1b: Houndoom|Houndoom|Houndoominite\n|move|p1b: Houndoom|Dark Pulse|p2b: Aerodactyl\n|-damage|p2b: Aerodactyl|34/100\n|move|p1a: Rotom|Thunderbolt|p2a: Milotic\n|-supereffective|p2a: Milotic|1\n|-damage|p2a: Milotic|20/100\n|move|p2b: Aerodactyl|Tailwind|p2b: Aerodactyl\n|-sidestart|p2: kwicks065|move: Tailwind\n|move|p2a: Milotic|Muddy Water|p1b: Houndoom|[spread] p1a,p1b\n|-resisted|p1a: Rotom|1\n|-supereffective|p1b: Houndoom|1\n|-damage|p1a: Rotom|87/100\n|-damage|p1b: Houndoom|43/100\n|\n|-heal|p2a: Milotic|26/100|[from] item: Leftovers\n|upkeep\n|turn|3\n|\n|t:|1776044719\n|switch|p2a: Excadrill|Excadrill, L50, F|100/100\n|-ability|p2a: Excadrill|Mold Breaker\n|move|p2b: Aerodactyl|Rock Slide|p1b: Houndoom|[spread] p1a,p1b\n|-supereffective|p1b: Houndoom|1\n|-damage|p1a: Rotom|62/100\n|-damage|p1b: Houndoom|0 fnt\n|faint|p1b: Houndoom\n|move|p1a: Rotom|Thunderbolt|p2b: Aerodactyl\n|-supereffective|p2b: Aerodactyl|1\n|-damage|p2b: Aerodactyl|0 fnt\n|faint|p2b: Aerodactyl\n|\n|upkeep\n|\n|t:|1776044730\n|switch|p2b: Hawlucha|Hawlucha, L50, M|100/100\n|switch|p1b: Incineroar|Incineroar, L50, F|100/100\n|-ability|p1b: Incineroar|Intimidate|boost\n|-unboost|p2a: Excadrill|atk|1\n|-unboost|p2b: Hawlucha|atk|1\n|turn|4\n|\n|t:|1776044742\n|move|p2b: Hawlucha|Quick Guard|p2b: Hawlucha\n|-singleturn|p2b: Hawlucha|Quick Guard\n|move|p1b: Incineroar|Fake Out|p2b: Hawlucha\n|-activate|p2b: Hawlucha|move: Quick Guard\n|move|p2a: Excadrill|Drill Run|p1a: Rotom\n|-supereffective|p1a: Rotom|1\n|-damage|p1a: Rotom|3/100\n|move|p1a: Rotom|Thunderbolt|p2b: Hawlucha\n|-supereffective|p2b: Hawlucha|1\n|-enditem|p2b: Hawlucha|Focus Sash\n|-damage|p2b: Hawlucha|1/100\n|\n|-sideend|p1: ramesses_the_ii|move: Tailwind\n|upkeep\n|turn|5\n|\n|t:|1776044759\n|detailschange|p2a: Excadrill|Excadrill-Mega, L50, F\n|-mega|p2a: Excadrill|Excadrill|Excadrite\n|move|p1a: Rotom|Protect|p1a: Rotom\n|-singleturn|p1a: Rotom|Protect\n|move|p2b: Hawlucha|Coaching|p2a: Excadrill\n|-boost|p2a: Excadrill|atk|1\n|-boost|p2a: Excadrill|def|1\n|move|p2a: Excadrill|Earthquake|p1b: Incineroar|[spread] p1b\n|-activate|p1a: Rotom|move: Protect\n|-immune|p2b: Hawlucha\n|-supereffective|p1b: Incineroar|1\n|-damage|p1b: Incineroar|16/100\n|-enditem|p1b: Incineroar|Sitrus Berry|[eat]\n|-heal|p1b: Incineroar|41/100|[from] item: Sitrus Berry\n|move|p1b: Incineroar|Flare Blitz|p2a: Excadrill\n|-supereffective|p2a: Excadrill|1\n|-damage|p2a: Excadrill|36/100\n|-damage|p1b: Incineroar|21/100|[from] Recoil\n|\n|-sideend|p2: kwicks065|move: Tailwind\n|upkeep\n|turn|6\n|\n|t:|1776044782\n|move|p2b: Hawlucha|Coaching|p2a: Excadrill\n|-boost|p2a: Excadrill|atk|1\n|-boost|p2a: Excadrill|def|1\n|move|p2a: Excadrill|Earthquake|p1b: Incineroar|[spread] p1b\n|-immune|p2b: Hawlucha\n|-immune|p1a: Rotom|[from] ability: Levitate\n|-supereffective|p1b: Incineroar|1\n|-damage|p1b: Incineroar|0 fnt\n|faint|p1b: Incineroar\n|move|p1a: Rotom|Thunderbolt|p2b: Hawlucha\n|-supereffective|p2b: Hawlucha|1\n|-damage|p2b: Hawlucha|0 fnt\n|faint|p2b: Hawlucha\n|\n|upkeep\n|\n|t:|1776044792\n|switch|p2b: Milotic|Milotic, L50, M|26/100\n|turn|7\n|\n|t:|1776044798\n|move|p2a: Excadrill|Iron Head|p1a: Rotom\n|-resisted|p1a: Rotom|2\n|-damage|p1a: Rotom|0 fnt\n|faint|p1a: Rotom\n|\n|win|kwicks065\n|raw|ramesses_the_ii's rating: 1000 &rarr; <strong>1000</strong><br />(+0 for losing)\n|raw|kwicks065's rating: 1047 &rarr; <strong>1076</strong><br />(+29 for winning)\n|l|\u2606ramesses_the_ii\n|player|p1|\n",
  "uploadtime": 1776044807,
  "views": 11,
  "formatid": "gen9championsvgc2026regma",
  "rating": 1000,
  "private": 0,
  "password": null
}