{
  "id": "gen9championsvgc2026regma-2585640451",
  "format": "[Gen 9 Champions] VGC 2026 Reg M-A",
  "players": [
    "Mameon",
    "anskj"
  ],
  "log": "|j|\u2606Mameon\n|j|\u2606anskj\n|t:|1776360641\n|gametype|doubles\n|player|p1|Mameon|2|1264\n|player|p2|anskj|1|1172\n|gen|9\n|tier|[Gen 9 Champions] VGC 2026 Reg M-A\n|rated|\n|rule|Species Clause: Limit one of each Pok\u00e9mon\n|rule|Item Clause: Limit 1 of each item\n|clearpoke\n|poke|p1|Charizard, L50, F|\n|poke|p1|Kingambit, L50, M|\n|poke|p1|Incineroar, L50, M|\n|poke|p1|Aerodactyl, L50, F|\n|poke|p1|Floette-Eternal, L50, F|\n|poke|p1|Sneasler, L50, M|\n|poke|p2|Slowbro, L50, M|\n|poke|p2|Chimecho, L50, F|\n|poke|p2|Oranguru, L50, M|\n|poke|p2|Sinistcha-Masterpiece, L50|\n|poke|p2|Crabominable, L50, M|\n|poke|p2|Aerodactyl, L50, F|\n|teampreview|4\n|\n|t:|1776360673\n|teamsize|p1|4\n|teamsize|p2|4\n|start\n|switch|p1a: Kingambit|Kingambit, L50, M|100/100\n|switch|p1b: Incineroar|Incineroar, L50, M|100/100\n|switch|p2a: RAID BOSS|Slowbro, L50, M, shiny|100/100\n|switch|p2b: Oranguru|Oranguru, L50, M|100/100\n|-ability|p1b: Incineroar|Intimidate|boost\n|-fail|p2a: RAID BOSS|unboost|Attack|[from] ability: Oblivious|[of] p2a: RAID BOSS\n|-fail|p2b: Oranguru|unboost|Attack|[from] ability: Inner Focus|[of] p2b: Oranguru\n|turn|1\n|\n|t:|1776360688\n|move|p1a: Kingambit|Kowtow Cleave|p2b: Oranguru\n|-supereffective|p2b: Oranguru|1\n|-damage|p2b: Oranguru|0 fnt\n|faint|p2b: Oranguru\n|move|p1b: Incineroar|Throat Chop|p2a: RAID BOSS\n|-supereffective|p2a: RAID BOSS|1\n|-crit|p2a: RAID BOSS\n|-damage|p2a: RAID BOSS|19/100\n|-start|p2a: RAID BOSS|Throat Chop|[silent]\n|move|p2a: RAID BOSS|Iron Defense|p2a: RAID BOSS\n|-boost|p2a: RAID BOSS|def|2\n|\n|upkeep\n|\n|t:|1776360691\n|switch|p2b: Sinistcha|Sinistcha-Masterpiece, L50|100/100\n|-heal|p2a: RAID BOSS|44/100|[from] ability: Hospitality|[of] p2b: Sinistcha\n|turn|2\n|\n|t:|1776360713\n|detailschange|p2a: RAID BOSS|Slowbro-Mega, L50, M, shiny\n|-mega|p2a: RAID BOSS|Slowbro|Slowbronite\n|move|p2b: Sinistcha|Protect|p2b: Sinistcha\n|-singleturn|p2b: Sinistcha|Protect\n|move|p1a: Kingambit|Kowtow Cleave|p2a: RAID BOSS\n|-supereffective|p2a: RAID BOSS|1\n|-damage|p2a: RAID BOSS|11/100\n|move|p1b: Incineroar|Flare Blitz|p2b: Sinistcha\n|-activate|p2b: Sinistcha|move: Protect\n|move|p2a: RAID BOSS|Iron Defense|p2a: RAID BOSS\n|-boost|p2a: RAID BOSS|def|2\n|\n|-end|p2a: RAID BOSS|Throat Chop|[silent]\n|upkeep\n|turn|3\n|\n|t:|1776360736\n|switch|p2b: Chimecho|Chimecho, L50, F|100/100\n|move|p1a: Kingambit|Kowtow Cleave|p2a: RAID BOSS\n|-supereffective|p2a: RAID BOSS|1\n|-damage|p2a: RAID BOSS|0 fnt\n|faint|p2a: RAID BOSS\n|move|p1b: Incineroar|Flare Blitz|p2b: Chimecho\n|-damage|p2b: Chimecho|58/100\n|-damage|p1b: Incineroar|88/100|[from] Recoil\n|\n|upkeep\n|\n|t:|1776360740\n|switch|p2a: Sinistcha|Sinistcha-Masterpiece, L50|100/100\n|-heal|p2b: Chimecho|82/100|[from] ability: Hospitality|[of] p2a: Sinistcha\n|turn|4\n|\n|t:|1776360753\n|move|p2a: Sinistcha|Rage Powder|p2a: Sinistcha\n|-singleturn|p2a: Sinistcha|move: Rage Powder\n|move|p1a: Kingambit|Kowtow Cleave|p2a: Sinistcha\n|-supereffective|p2a: Sinistcha|1\n|-crit|p2a: Sinistcha\n|-damage|p2a: Sinistcha|0 fnt\n|faint|p2a: Sinistcha\n|move|p2b: Chimecho|Heal Pulse|p1b: Incineroar\n|-heal|p1b: Incineroar|100/100\n|move|p1b: Incineroar|Flare Blitz|p2b: Chimecho\n|-damage|p2b: Chimecho|36/100\n|-damage|p1b: Incineroar|87/100|[from] Recoil\n|\n|upkeep\n|turn|5\n|\n|t:|1776360768\n|move|p1a: Kingambit|Kowtow Cleave|p2b: Chimecho\n|-supereffective|p2b: Chimecho|1\n|-damage|p2b: Chimecho|0 fnt\n|faint|p2b: Chimecho\n|\n|win|Mameon\n|raw|Mameon's rating: 1264 &rarr; <strong>1283</strong><br />(+19 for winning)\n|raw|anskj's rating: 1172 &rarr; <strong>1153</strong><br />(-19 for losing)\n|l|\u2606anskj\n|player|p2|\n",
  "uploadtime": 1776360774,
  "views": 40,
  "formatid": "gen9championsvgc2026regma",
  "rating": 1153,
  "private": 0,
  "password": null
}