{
  "id": "gen9championsvgc2026regma-2584471797",
  "format": "[Gen 9 Champions] VGC 2026 Reg M-A",
  "players": [
    "NathanaelW19",
    "KENNJO3"
  ],
  "log": "|j|\u2606NathanaelW19\n|j|\u2606KENNJO3\n|t:|1776263129\n|gametype|doubles\n|player|p1|NathanaelW19|dragontamer|1243\n|player|p2|KENNJO3|169|1187\n|gen|9\n|tier|[Gen 9 Champions] VGC 2026 Reg M-A\n|rated|\n|rule|Species Clause: Limit one of each Pok\u00e9mon\n|rule|Item Clause: Limit 1 of each item\n|clearpoke\n|poke|p1|Emboar, L50, F|\n|poke|p1|Heliolisk, L50, M|\n|poke|p1|Sneasler, L50, F|\n|poke|p1|Aerodactyl, L50, F|\n|poke|p1|Hydreigon, L50, F|\n|poke|p1|Farigiraf, L50, F|\n|poke|p2|Basculegion, L50, M|\n|poke|p2|Sneasler, L50, M|\n|poke|p2|Gardevoir, L50, M|\n|poke|p2|Farigiraf, L50, M|\n|poke|p2|Pelipper, L50, F|\n|poke|p2|Garchomp, L50, F|\n|teampreview|4\n|inactive|Battle timer is ON: inactive players will automatically lose when time's up. (requested by NathanaelW19)\n|inactive|KENNJO3 has 60 seconds left.\n|inactive|NathanaelW19 has 60 seconds left.\n|\n|t:|1776263181\n|teamsize|p1|4\n|teamsize|p2|4\n|start\n|switch|p1a: Sneasler|Sneasler, L50, F, shiny|100/100\n|switch|p1b: Hydreigon|Hydreigon, L50, F|100/100\n|switch|p2a: Basculegion|Basculegion, L50, M|100/100\n|switch|p2b: Pelipper|Pelipper, L50, F|100/100\n|-weather|RainDance|[from] ability: Drizzle|[of] p2b: Pelipper\n|turn|1\n|\n|t:|1776263198\n|switch|p1a: Heliolisk|Heliolisk, L50, M|100/100\n|move|p2a: Basculegion|Wave Crash|p1a: Heliolisk\n|-immune|p1a: Heliolisk|[from] ability: Dry Skin\n|move|p1b: Hydreigon|Taunt|p2b: Pelipper\n|-start|p2b: Pelipper|move: Taunt\n|cant|p2b: Pelipper|move: Taunt|Tailwind\n|\n|-weather|RainDance|[upkeep]\n|upkeep\n|turn|2\n|\n|t:|1776263220\n|switch|p2a: Gardevoir|Gardevoir, L50, M|100/100\n|-ability|p2a: Gardevoir|Dry Skin|Trace|[from] ability: Trace|[of] p1a: Heliolisk\n|move|p1a: Heliolisk|Volt Switch|p2b: Pelipper\n|-supereffective|p2b: Pelipper|2\n|-enditem|p2b: Pelipper|Focus Sash\n|-damage|p2b: Pelipper|1/100\n|\n|t:|1776263229\n|switch|p1a: Sneasler|Sneasler, L50, F, shiny|100/100|[from] Volt Switch\n|move|p1b: Hydreigon|Dark Pulse|p2a: Gardevoir\n|-damage|p2a: Gardevoir|70/100\n|move|p2b: Pelipper|Hurricane|p1b: Hydreigon\n|-damage|p1b: Hydreigon|54/100\n|\n|-weather|RainDance|[upkeep]\n|-heal|p2a: Gardevoir|82/100|[from] ability: Dry Skin\n|upkeep\n|turn|3\n|\n|t:|1776263248\n|move|p2a: Gardevoir|Protect|p2a: Gardevoir\n|-singleturn|p2a: Gardevoir|Protect\n|move|p1a: Sneasler|Fake Out|p2a: Gardevoir\n|-activate|p2a: Gardevoir|move: Protect\n|move|p1b: Hydreigon|Dark Pulse|p2b: Pelipper\n|-damage|p2b: Pelipper|0 fnt\n|faint|p2b: Pelipper\n|\n|-weather|RainDance|[upkeep]\n|-heal|p2a: Gardevoir|94/100|[from] ability: Dry Skin\n|upkeep\n|\n|t:|1776263264\n|switch|p2b: Basculegion|Basculegion, L50, M|100/100\n|turn|4\n|inactive|NathanaelW19 has 30 seconds left.\n|\n|t:|1776263295\n|detailschange|p2a: Gardevoir|Gardevoir-Mega, L50, M\n|-mega|p2a: Gardevoir|Gardevoir|Gardevoirite\n|move|p2b: Basculegion|Wave Crash|p1a: Sneasler\n|-damage|p1a: Sneasler|0 fnt\n|faint|p1a: Sneasler\n|-damage|p2b: Basculegion|74/100|[from] Recoil\n|move|p1b: Hydreigon|Dark Pulse|p2b: Basculegion\n|-supereffective|p2b: Basculegion|1\n|-damage|p2b: Basculegion|0 fnt\n|faint|p2b: Basculegion\n|move|p2a: Gardevoir|Hyper Voice|p1b: Hydreigon\n|-supereffective|p1b: Hydreigon|2\n|-damage|p1b: Hydreigon|0 fnt\n|faint|p1b: Hydreigon\n|\n|-weather|RainDance|[upkeep]\n|upkeep\n|\n|t:|1776263312\n|switch|p1a: Heliolisk|Heliolisk, L50, M|100/100\n|switch|p1b: Emboar|Emboar, L50, F, shiny|100/100\n|switch|p2b: Sneasler|Sneasler, L50, M|100/100\n|turn|5\n|\n|t:|1776263332\n|move|p1a: Heliolisk|Protect|p1a: Heliolisk\n|-singleturn|p1a: Heliolisk|Protect\n|move|p1b: Emboar|Protect|p1b: Emboar\n|-singleturn|p1b: Emboar|Protect\n|move|p2b: Sneasler|Close Combat|p1a: Heliolisk\n|-activate|p1a: Heliolisk|move: Protect\n|move|p2a: Gardevoir|Hyper Voice|p1b: Emboar|[spread] \n|-activate|p1a: Heliolisk|move: Protect\n|-activate|p1b: Emboar|move: Protect\n|\n|-weather|none\n|upkeep\n|turn|6\n|inactive|KENNJO3 has 30 seconds left.\n|\n|t:|1776263363\n|move|p1a: Heliolisk|Hyper Voice|p2a: Gardevoir|[spread] p2a,p2b\n|-damage|p2a: Gardevoir|70/100\n|-damage|p2b: Sneasler|48/100\n|move|p2b: Sneasler|Close Combat|p1a: Heliolisk\n|-supereffective|p1a: Heliolisk|1\n|-damage|p1a: Heliolisk|0 fnt\n|-unboost|p2b: Sneasler|def|1\n|-unboost|p2b: Sneasler|spd|1\n|faint|p1a: Heliolisk\n|-enditem|p2b: Sneasler|White Herb\n|-clearnegativeboost|p2b: Sneasler|[silent]\n|move|p2a: Gardevoir|Hyper Voice|p1b: Emboar\n|-damage|p1b: Emboar|23/100\n|move|p1b: Emboar|Flare Blitz|p2b: Sneasler\n|-damage|p2b: Sneasler|0 fnt\n|faint|p2b: Sneasler\n|-damage|p1b: Emboar|11/100|[from] Recoil\n|\n|upkeep\n|turn|7\n|inactive|KENNJO3 has 30 seconds left.\n|\n|t:|1776263396\n|detailschange|p1b: Emboar|Emboar-Mega, L50, F, shiny\n|-mega|p1b: Emboar|Emboar|Emboarite\n|-ability|p1b: Emboar|Mold Breaker\n|move|p1b: Emboar|Sucker Punch|p2a: Gardevoir\n|-damage|p2a: Gardevoir|32/100\n|move|p2a: Gardevoir|Moonblast|p1b: Emboar\n|-damage|p1b: Emboar|0 fnt\n|faint|p1b: Emboar\n|\n|win|KENNJO3\n|raw|NathanaelW19's rating: 1243 &rarr; <strong>1214</strong><br />(-29 for losing)\n|raw|KENNJO3's rating: 1187 &rarr; <strong>1216</strong><br />(+29 for winning)\n",
  "uploadtime": 1776263410,
  "views": 27,
  "formatid": "gen9championsvgc2026regma",
  "rating": 1214,
  "private": 0,
  "password": null
}