{
  "id": "gen9championsvgc2026regma-2582927921",
  "format": "[Gen 9 Champions] VGC 2026 Reg M-A",
  "players": [
    "CTON8",
    "bax's love sosa"
  ],
  "log": "|j|\u2606CTON8\n|j|\u2606bax's love sosa\n|t:|1776125753\n|gametype|doubles\n|player|p1|CTON8|169|1178\n|player|p2|bax's love sosa|elesa|1221\n|gen|9\n|tier|[Gen 9 Champions] VGC 2026 Reg M-A\n|rated|\n|rule|Species Clause: Limit one of each Pok\u00e9mon\n|rule|Item Clause: Limit 1 of each item\n|clearpoke\n|poke|p1|Dragonite, L50, M|\n|poke|p1|Pelipper, L50, M|\n|poke|p1|Archaludon, L50, M|\n|poke|p1|Basculegion, L50, M|\n|poke|p1|Sneasler, L50, F|\n|poke|p1|Rotom-Heat, L50|\n|poke|p2|Meganium, L50, F|\n|poke|p2|Incineroar, L50, M|\n|poke|p2|Sneasler, L50, M|\n|poke|p2|Garchomp, L50, M|\n|poke|p2|Aerodactyl, L50, M|\n|poke|p2|Tyranitar, L50, M|\n|teampreview|4\n|inactive|Battle timer is ON: inactive players will automatically lose when time's up. (requested by bax's love sosa)\nbax's love sosa has agreed to open team sheets.\n|inactive|bax's love sosa has 60 seconds left.\n|\n|t:|1776125791\n|teamsize|p1|4\n|teamsize|p2|4\n|start\n|switch|p1a: Sneasler|Sneasler, L50, F|100/100\n|switch|p1b: Archaludon|Archaludon, L50, M|100/100\n|switch|p2a: Meganium|Meganium, L50, F|100/100\n|switch|p2b: Aerodactyl|Aerodactyl, L50, M|100/100\n|-ability|p2b: Aerodactyl|Unnerve\n|turn|1\n|\n|t:|1776125815\n|detailschange|p2a: Meganium|Meganium-Mega, L50, F\n|-mega|p2a: Meganium|Meganium|Meganiumite\n|move|p2a: Meganium|Protect|p2a: Meganium\n|-singleturn|p2a: Meganium|Protect\n|move|p1b: Archaludon|Protect|p1b: Archaludon\n|-singleturn|p1b: Archaludon|Protect\n|move|p1a: Sneasler|Fake Out|p2b: Aerodactyl\n|-resisted|p2b: Aerodactyl|1\n|-damage|p2b: Aerodactyl|90/100\n|cant|p2b: Aerodactyl|flinch\n|\n|upkeep\n|turn|2\n|inactive|bax's love sosa has 30 seconds left.\n|\n|t:|1776125849\n|move|p1a: Sneasler|Protect|p1a: Sneasler\n|-singleturn|p1a: Sneasler|Protect\n|move|p2b: Aerodactyl|Dual Wingbeat|p1a: Sneasler\n|-activate|p1a: Sneasler|move: Protect\n|move|p2a: Meganium|Weather Ball|p1b: Archaludon\n|-damage|p1b: Archaludon|44/100\n|-ability|p1b: Archaludon|Stamina|boost\n|-boost|p1b: Archaludon|def|1\n|move|p1b: Archaludon|Flash Cannon|p2b: Aerodactyl\n|-supereffective|p2b: Aerodactyl|1\n|-damage|p2b: Aerodactyl|0 fnt\n|faint|p2b: Aerodactyl\n|\n|-heal|p1b: Archaludon|50/100|[from] item: Leftovers\n|upkeep\n|\n|t:|1776125861\n|switch|p2b: Garchomp|Garchomp, L50, M|100/100\n|turn|3\n|\n|t:|1776125875\n|move|p2a: Meganium|Protect|p2a: Meganium\n|-singleturn|p2a: Meganium|Protect\n|move|p1b: Archaludon|Protect|p1b: Archaludon\n|-singleturn|p1b: Archaludon|Protect\n|move|p1a: Sneasler|Dire Claw|p2a: Meganium\n|-activate|p2a: Meganium|move: Protect\n|move|p2b: Garchomp|Scale Shot|p1a: Sneasler\n|-damage|p1a: Sneasler|77/100\n|-damage|p1a: Sneasler|55/100\n|-hitcount|p1a: Sneasler|2\n|-unboost|p2b: Garchomp|def|1\n|-boost|p2b: Garchomp|spe|1\n|\n|-heal|p1b: Archaludon|56/100|[from] item: Leftovers\n|upkeep\n|turn|4\n|inactive|CTON8 has 30 seconds left.\n|\n|t:|1776125901\n|move|p1a: Sneasler|Protect|p1a: Sneasler\n|-singleturn|p1a: Sneasler|Protect\n|move|p2b: Garchomp|Earthquake|p1a: Sneasler|[spread] p2a,p1b\n|-activate|p1a: Sneasler|move: Protect\n|-resisted|p2a: Meganium|1\n|-supereffective|p1b: Archaludon|1\n|-damage|p2a: Meganium|79/100\n|-damage|p1b: Archaludon|9/100\n|-ability|p1b: Archaludon|Stamina|boost\n|-boost|p1b: Archaludon|def|1\n|move|p2a: Meganium|Dazzling Gleam|p1b: Archaludon|[spread] p1b\n|-activate|p1a: Sneasler|move: Protect\n|-damage|p1b: Archaludon|0 fnt\n|faint|p1b: Archaludon\n|\n|upkeep\n|\n|t:|1776125924\n|switch|p1b: Pelipper|Pelipper, L50, M|100/100\n|-weather|RainDance|[from] ability: Drizzle|[of] p1b: Pelipper\n|turn|5\n|\n|t:|1776125948\n|switch|p1a: Dragonite|Dragonite, L50, M, shiny|100/100\n|move|p2b: Garchomp|Scale Shot|p1a: Dragonite\n|-supereffective|p1a: Dragonite|1\n|-damage|p1a: Dragonite|72/100\n|-supereffective|p1a: Dragonite|1\n|-damage|p1a: Dragonite|42/100\n|-supereffective|p1a: Dragonite|1\n|-damage|p1a: Dragonite|12/100\n|-hitcount|p1a: Dragonite|3\n|-unboost|p2b: Garchomp|def|1\n|-boost|p2b: Garchomp|spe|1\n|move|p1b: Pelipper|Tailwind|p1b: Pelipper\n|-sidestart|p1: CTON8|move: Tailwind\n|move|p2a: Meganium|Solar Beam||[still]\n|-prepare|p2a: Meganium|Solar Beam\n|-activate|p2a: Meganium|ability: Mega Sol\n|-anim|p2a: Meganium|Solar Beam|p1b: Pelipper\n|-enditem|p1b: Pelipper|Focus Sash\n|-damage|p1b: Pelipper|1/100\n|\n|-weather|RainDance|[upkeep]\n|upkeep\n|turn|6\n|inactive|CTON8 has 30 seconds left.\n|inactive|bax's love sosa has 30 seconds left.\n|\n|t:|1776125977\n|switch|p2a: Tyranitar|Tyranitar, L50, M|100/100\n|-weather|Sandstorm|[from] ability: Sand Stream|[of] p2a: Tyranitar\n|detailschange|p1a: Dragonite|Dragonite-Mega, L50, M, shiny\n|-mega|p1a: Dragonite|Dragonite|Dragoninite\n|move|p1a: Dragonite|Protect|p1a: Dragonite\n|-singleturn|p1a: Dragonite|Protect\n|move|p2b: Garchomp|Scale Shot|p1a: Dragonite\n|-activate|p1a: Dragonite|move: Protect\n|move|p1b: Pelipper|Hurricane|p2a: Tyranitar\n|-resisted|p2a: Tyranitar|1\n|-damage|p2a: Tyranitar|86/100\n|\n|-weather|Sandstorm|[upkeep]\n|-damage|p1a: Dragonite|6/100|[from] Sandstorm\n|-damage|p1b: Pelipper|0 fnt|[from] Sandstorm\n|faint|p1b: Pelipper\n|upkeep\n|\n|t:|1776125994\n|switch|p1b: Sneasler|Sneasler, L50, F|55/100\n|turn|7\n|\n|t:|1776126004\n|move|p2b: Garchomp|Protect|p2b: Garchomp\n|-singleturn|p2b: Garchomp|Protect\n|move|p2a: Tyranitar|Protect|p2a: Tyranitar\n|-singleturn|p2a: Tyranitar|Protect\n|move|p1b: Sneasler|Close Combat|p2a: Tyranitar\n|-activate|p2a: Tyranitar|move: Protect\n|move|p1a: Dragonite|Dragon Pulse|p2b: Garchomp\n|-activate|p2b: Garchomp|move: Protect\n|\n|-weather|Sandstorm|[upkeep]\n|-damage|p1b: Sneasler|50/100|[from] Sandstorm\n|-damage|p1a: Dragonite|0 fnt|[from] Sandstorm\n|faint|p1a: Dragonite\n|upkeep\n|turn|8\n|\n|t:|1776126018\n|switch|p2a: Meganium|Meganium-Mega, L50, F|79/100\n|move|p1b: Sneasler|Close Combat|p2a: Meganium\n|-resisted|p2a: Meganium|1\n|-damage|p2a: Meganium|51/100\n|-unboost|p1b: Sneasler|def|1\n|-unboost|p1b: Sneasler|spd|1\n|-enditem|p1b: Sneasler|White Herb\n|-clearnegativeboost|p1b: Sneasler|[silent]\n|move|p2b: Garchomp|Stomping Tantrum|p1b: Sneasler\n|-supereffective|p1b: Sneasler|1\n|-damage|p1b: Sneasler|0 fnt\n|faint|p1b: Sneasler\n|\n|win|bax's love sosa\n|raw|CTON8's rating: 1178 &rarr; <strong>1156</strong><br />(-22 for losing)\n|raw|bax&apos;s love sosa's rating: 1221 &rarr; <strong>1243</strong><br />(+22 for winning)\n|l|\u2606CTON8\n|player|p1|\n",
  "uploadtime": 1776126037,
  "views": 32,
  "formatid": "gen9championsvgc2026regma",
  "rating": 1156,
  "private": 0,
  "password": null
}