{
  "id": "gen9championsvgc2026regma-2580706988",
  "format": "[Gen 9 Champions] VGC 2026 Reg M-A",
  "players": [
    "IuseExeggutor",
    "Gyaradoscanfly"
  ],
  "log": "|j|\u2606IuseExeggutor\n|j|\u2606Gyaradoscanfly\n|t:|1775925904\n|gametype|doubles\n|player|p1|IuseExeggutor|psychic-gen3rs|1024\n|player|p2|Gyaradoscanfly|crasherwake|1087\n|gen|9\n|tier|[Gen 9 Champions] VGC 2026 Reg M-A\n|rated|\n|rule|Species Clause: Limit one of each Pok\u00e9mon\n|rule|Item Clause: Limit 1 of each item\n|clearpoke\n|poke|p1|Torkoal, L50, F|\n|poke|p1|Houndoom, L50, M|\n|poke|p1|Maushold-Four, L50|\n|poke|p1|Leafeon, L50, M|\n|poke|p1|Talonflame, L50, M|\n|poke|p1|Sylveon, L50, F|\n|poke|p2|Froslass, L50, F|\n|poke|p2|Sylveon, L50, M|\n|poke|p2|Palafin, L50, F|\n|poke|p2|Kingambit, L50, M|\n|poke|p2|Sinistcha, L50|\n|poke|p2|Incineroar, L50, M|\n|teampreview|4\n|inactive|Battle timer is ON: inactive players will automatically lose when time's up. (requested by Gyaradoscanfly)\n|\n|t:|1775925944\n|teamsize|p1|4\n|teamsize|p2|4\n|start\n|switch|p1a: Talonflame|Talonflame, L50, M, shiny|100/100\n|switch|p1b: Maushold|Maushold-Four, L50|100/100\n|switch|p2a: Froslass|Froslass, L50, F|100/100\n|switch|p2b: Palafin|Palafin, L50, F|100/100\n|turn|1\n|\n|t:|1775925960\n|detailschange|p2b: Palafin|Palafin-Hero, L50, F\n|switch|p2b: Incineroar|Incineroar, L50, M|100/100\n|-ability|p2b: Incineroar|Intimidate|boost\n|-unboost|p1a: Talonflame|atk|1\n|-unboost|p1b: Maushold|atk|1\n|move|p2a: Froslass|Protect|p2a: Froslass\n|-singleturn|p2a: Froslass|Protect\n|move|p1a: Talonflame|Tailwind|p1a: Talonflame\n|-sidestart|p1: IuseExeggutor|move: Tailwind\n|move|p1b: Maushold|Population Bomb|p2b: Incineroar\n|-damage|p2b: Incineroar|97/100\n|-damage|p2b: Incineroar|94/100\n|-damage|p2b: Incineroar|90/100\n|-damage|p2b: Incineroar|87/100\n|-damage|p2b: Incineroar|83/100\n|-damage|p2b: Incineroar|80/100\n|-damage|p2b: Incineroar|76/100\n|-damage|p2b: Incineroar|73/100\n|-damage|p2b: Incineroar|69/100\n|-damage|p2b: Incineroar|66/100\n|-hitcount|p2b: Incineroar|10\n|\n|upkeep\n|turn|2\n|inactive|Gyaradoscanfly has 30 seconds left.\n|\n|t:|1775925987\n|switch|p2a: Palafin|Palafin-Hero, L50, F|100/100\n|-activate|p2a: Palafin|ability: Zero to Hero\n|move|p1a: Talonflame|U-turn|p2b: Incineroar\n|-damage|p2b: Incineroar|56/100\n|\n|t:|1775925995\n|switch|p1a: torkoal.png|Torkoal, L50, F|100/100|[from] U-turn\n|-weather|SunnyDay|[from] ability: Drought|[of] p1a: torkoal.png\n|move|p1b: Maushold|Population Bomb|p2b: Incineroar\n|-damage|p2b: Incineroar|52/100\n|-damage|p2b: Incineroar|49/100\n|-enditem|p2b: Incineroar|Sitrus Berry|[eat]\n|-heal|p2b: Incineroar|74/100|[from] item: Sitrus Berry\n|-hitcount|p2b: Incineroar|2\n|move|p2b: Incineroar|Flare Blitz|p1b: Maushold\n|-enditem|p1b: Maushold|Focus Sash\n|-damage|p1b: Maushold|1/100\n|-damage|p2b: Incineroar|48/100|[from] Recoil\n|\n|-weather|SunnyDay|[upkeep]\n|upkeep\n|turn|3\n|\n|t:|1775926019\n|switch|p1a: Talonflame|Talonflame, L50, M, shiny|100/100\n|move|p2a: Palafin|Jet Punch|p1b: Maushold\n|-damage|p1b: Maushold|0 fnt\n|faint|p1b: Maushold\n|move|p2b: Incineroar|Parting Shot|p1a: Talonflame\n|-unboost|p1a: Talonflame|atk|1\n|-unboost|p1a: Talonflame|spa|1\n|\n|t:|1775926026\n|switch|p2b: Froslass|Froslass, L50, F|100/100|[from] Parting Shot\n|\n|-weather|SunnyDay|[upkeep]\n|upkeep\n|\n|t:|1775926033\n|switch|p1b: Houndoom|Houndoom, L50, M, shiny|100/100\n|turn|4\n|\n|t:|1775926047\n|detailschange|p1b: Houndoom|Houndoom-Mega, L50, M, shiny\n|-mega|p1b: Houndoom|Houndoom|Houndoominite\n|detailschange|p2b: Froslass|Froslass-Mega, L50, F\n|-mega|p2b: Froslass|Froslass|Froslassite\n|-weather|Snowscape|[from] ability: Snow Warning|[of] p2b: Froslass\n|move|p2b: Froslass|Protect|p2b: Froslass\n|-singleturn|p2b: Froslass|Protect\n|move|p1a: Talonflame|U-turn|p2a: Palafin\n|-damage|p2a: Palafin|91/100\n|\n|t:|1775926059\n|switch|p1a: torkoal.png|Torkoal, L50, F|100/100|[from] U-turn\n|-weather|SunnyDay|[from] ability: Drought|[of] p1a: torkoal.png\n|move|p1b: Houndoom|Solar Beam||[still]\n|-prepare|p1b: Houndoom|Solar Beam\n|-anim|p1b: Houndoom|Solar Beam|p2a: Palafin\n|-supereffective|p2a: Palafin|1\n|-damage|p2a: Palafin|0 fnt\n|faint|p2a: Palafin\n|\n|-weather|SunnyDay|[upkeep]\n|-damage|p1b: Houndoom|88/100|[from] ability: Solar Power|[of] p1b: Houndoom\n|-sideend|p1: IuseExeggutor|move: Tailwind\n|upkeep\n|\n|t:|1775926076\n|switch|p2a: Kingambit|Kingambit, L50, M|100/100\n|turn|5\n|\n|t:|1775926094\n|switch|p2b: Incineroar|Incineroar, L50, M|48/100\n|-ability|p2b: Incineroar|Intimidate|boost\n|-unboost|p1a: torkoal.png|atk|1\n|-unboost|p1b: Houndoom|atk|1\n|move|p2a: Kingambit|Protect|p2a: Kingambit\n|-singleturn|p2a: Kingambit|Protect\n|move|p1b: Houndoom|Heat Wave|p2b: Incineroar|[spread] p2b\n|-activate|p2a: Kingambit|move: Protect\n|-resisted|p2b: Incineroar|1\n|-damage|p2b: Incineroar|3/100\n|move|p1a: torkoal.png|Heat Wave|p2b: Incineroar|[spread] p2b\n|-activate|p2a: Kingambit|move: Protect\n|-resisted|p2b: Incineroar|1\n|-damage|p2b: Incineroar|0 fnt\n|faint|p2b: Incineroar\n|\n|-weather|SunnyDay|[upkeep]\n|-damage|p1b: Houndoom|76/100|[from] ability: Solar Power|[of] p1b: Houndoom\n|upkeep\n|\n|t:|1775926106\n|switch|p2b: Froslass|Froslass-Mega, L50, F|100/100\n|-weather|Snowscape|[from] ability: Snow Warning|[of] p2b: Froslass\n|turn|6\n|\n|t:|1775926121\n|switch|p1b: Talonflame|Talonflame, L50, M, shiny|100/100\n|move|p2a: Kingambit|Sucker Punch||[still]\n|-fail|p2a: Kingambit\n|move|p2b: Froslass|Blizzard|p1b: Talonflame|[spread] p1a,p1b\n|-resisted|p1a: torkoal.png|1\n|-damage|p1a: torkoal.png|72/100\n|-damage|p1b: Talonflame|39/100\n|move|p1a: torkoal.png|Heat Wave|p2a: Kingambit|[spread] p2a,p2b\n|-supereffective|p2a: Kingambit|1\n|-supereffective|p2b: Froslass|1\n|-damage|p2a: Kingambit|36/100\n|-damage|p2b: Froslass|25/100\n|\n|-weather|Snowscape|[upkeep]\n|upkeep\n|turn|7\n|\n|t:|1775926145\n|switch|p1a: Houndoom|Houndoom-Mega, L50, M, shiny|76/100\n|move|p2a: Kingambit|Sucker Punch|p1b: Talonflame\n|-damage|p1b: Talonflame|0 fnt\n|faint|p1b: Talonflame\n|move|p2b: Froslass|Blizzard|p1a: Houndoom\n|-resisted|p1a: Houndoom|1\n|-damage|p1a: Houndoom|39/100\n|\n|-weather|Snowscape|[upkeep]\n|upkeep\n|\n|t:|1775926157\n|switch|p1b: torkoal.png|Torkoal, L50, F|72/100\n|-weather|SunnyDay|[from] ability: Drought|[of] p1b: torkoal.png\n|turn|8\n|\n|t:|1775926167\n|move|p2a: Kingambit|Sucker Punch|p1a: Houndoom\n|-resisted|p1a: Houndoom|1\n|-damage|p1a: Houndoom|6/100\n|move|p2b: Froslass|Shadow Ball|p1b: torkoal.png\n|-damage|p1b: torkoal.png|23/100\n|move|p1a: Houndoom|Heat Wave|p2b: Froslass|[spread] p2a,p2b\n|-supereffective|p2a: Kingambit|1\n|-supereffective|p2b: Froslass|1\n|-damage|p2a: Kingambit|0 fnt\n|-damage|p2b: Froslass|0 fnt\n|faint|p2a: Kingambit\n|faint|p2b: Froslass\n|\n|win|IuseExeggutor\n|raw|IuseExeggutor's rating: 1024 &rarr; <strong>1067</strong><br />(+43 for winning)\n|raw|Gyaradoscanfly's rating: 1087 &rarr; <strong>1060</strong><br />(-27 for losing)\n|l|\u2606Gyaradoscanfly\n|player|p2|\n",
  "uploadtime": 1775926182,
  "views": 10,
  "formatid": "gen9championsvgc2026regma",
  "rating": 1060,
  "private": 0,
  "password": null
}