{
  "id": "gen9championsvgc2026regma-2587116939",
  "format": "[Gen 9 Champions] VGC 2026 Reg M-A",
  "players": [
    "kkaitanggky",
    "Isidino"
  ],
  "log": "|j|\u2606kkaitanggky\n|j|\u2606Isidino\n|t:|1776495786\n|gametype|doubles\n|player|p1|kkaitanggky|giovanni|1192\n|player|p2|Isidino|169|1288\n|gen|9\n|tier|[Gen 9 Champions] VGC 2026 Reg M-A\n|rated|\n|rule|Species Clause: Limit one of each Pok\u00e9mon\n|rule|Item Clause: Limit 1 of each item\n|clearpoke\n|poke|p1|Heracross, L50, F|\n|poke|p1|Farigiraf, L50, F|\n|poke|p1|Aerodactyl, L50, F|\n|poke|p1|Milotic, L50, F|\n|poke|p1|Skeledirge, L50, M|\n|poke|p1|Archaludon, L50, M|\n|poke|p2|Pelipper, L50, F|\n|poke|p2|Basculegion-F, L50, F, shiny|\n|poke|p2|Starmie, L50, shiny|\n|poke|p2|Sneasler, L50, M|\n|poke|p2|Sableye, L50, M, shiny|\n|poke|p2|Kingambit, L50, M, shiny|\n|teampreview|4\n|inactive|Battle timer is ON: inactive players will automatically lose when time's up. (requested by Isidino)\nkkaitanggky rejected open team sheets.\n|inactive|Isidino has 60 seconds left.\n|\n|t:|1776495827\n|teamsize|p1|4\n|teamsize|p2|4\n|start\n|switch|p1a: Milotic|Milotic, L50, F|100/100\n|switch|p1b: Heracross|Heracross, L50, F|100/100\n|switch|p2a: Basculegion|Basculegion-F, L50, F, shiny|100/100\n|switch|p2b: Sableye|Sableye, L50, M, shiny|100/100\n|turn|1\n|inactive|kkaitanggky has 30 seconds left.\n|\n|t:|1776495861\n|move|p1b: Heracross|Detect|p1b: Heracross\n|-singleturn|p1b: Heracross|Protect\n|move|p2b: Sableye|Fake Out|p1b: Heracross\n|-activate|p1b: Heracross|move: Protect\n|move|p2a: Basculegion|Muddy Water|p1b: Heracross|[spread] p1a\n|-activate|p1b: Heracross|move: Protect\n|-resisted|p1a: Milotic|1\n|-damage|p1a: Milotic|89/100\n|move|p1a: Milotic|Coil|p1a: Milotic\n|-boost|p1a: Milotic|atk|1\n|-boost|p1a: Milotic|def|1\n|-boost|p1a: Milotic|accuracy|1\n|\n|-heal|p1a: Milotic|95/100|[from] item: Leftovers\n|upkeep\n|turn|2\n|inactive|kkaitanggky has 30 seconds left.\n|inactive|kkaitanggky has 20 seconds left.\n|\n|t:|1776495900\n|switch|p1b: Farigiraf|Farigiraf, L50, F|100/100\n|move|p2b: Sableye|Encore||[still]\n|cant|p1b: Farigiraf|ability: Armor Tail|Encore|[of] p2b: Sableye\n|move|p2a: Basculegion|Muddy Water|p1a: Milotic|[spread] p1a,p1b\n|-resisted|p1a: Milotic|1\n|-damage|p1a: Milotic|83/100\n|-damage|p1b: Farigiraf|60/100\n|-unboost|p1a: Milotic|accuracy|1\n|-ability|p1a: Milotic|Competitive|boost\n|-boost|p1a: Milotic|spa|2\n|-unboost|p1b: Farigiraf|accuracy|1\n|move|p1a: Milotic|Hypnosis|p2a: Basculegion\n|-status|p2a: Basculegion|slp|[from] move: Hypnosis\n|\n|-heal|p1a: Milotic|89/100|[from] item: Leftovers\n|upkeep\n|turn|3\n|c|\u2606Isidino|Obv drop\n|inactive|kkaitanggky has 30 seconds left.\n|c|\u2606Isidino|Bravo gg\n|c|\u2606Isidino|Dai\n|\n|t:|1776495932\n|move|p2b: Sableye|Rain Dance|p2b: Sableye\n|-weather|RainDance\n|cant|p2a: Basculegion|slp\n|move|p1a: Milotic|Coil|p1a: Milotic\n|-boost|p1a: Milotic|atk|1\n|-boost|p1a: Milotic|def|1\n|-boost|p1a: Milotic|accuracy|1\n|move|p1b: Farigiraf|Imprison|p1b: Farigiraf\n|-start|p1b: Farigiraf|move: Imprison\n|\n|-weather|RainDance|[upkeep]\n|-heal|p1a: Milotic|95/100|[from] item: Leftovers\n|upkeep\n|turn|4\n|\n|t:|1776495953\n|switch|p2b: Starmie|Starmie, L50, shiny|100/100\n|move|p1b: Farigiraf|Protect|p1b: Farigiraf\n|-singleturn|p1b: Farigiraf|Protect\n|cant|p2a: Basculegion|slp\n|move|p1a: Milotic|Coil|p1a: Milotic\n|-boost|p1a: Milotic|atk|1\n|-boost|p1a: Milotic|def|1\n|-boost|p1a: Milotic|accuracy|1\n|\n|-weather|RainDance|[upkeep]\n|-heal|p1a: Milotic|100/100|[from] item: Leftovers\n|upkeep\n|turn|5\n|\n|t:|1776495968\n|detailschange|p2b: Starmie|Starmie-Mega, L50, shiny\n|-mega|p2b: Starmie|Starmie|Starminite\n|-curestatus|p2a: Basculegion|slp|[msg]\n|move|p2a: Basculegion|Muddy Water|p1b: Farigiraf|[spread] p1a,p1b\n|-resisted|p1a: Milotic|1\n|-damage|p1a: Milotic|81/100\n|-damage|p1b: Farigiraf|0 fnt\n|faint|p1b: Farigiraf\n|move|p2b: Starmie|Liquidation|p1a: Milotic\n|-resisted|p1a: Milotic|1\n|-damage|p1a: Milotic|57/100\n|move|p1a: Milotic|Hypnosis|p2b: Starmie\n|-status|p2b: Starmie|slp|[from] move: Hypnosis\n|\n|-weather|RainDance|[upkeep]\n|-heal|p1a: Milotic|63/100|[from] item: Leftovers\n|upkeep\n|\n|t:|1776495989\n|switch|p1b: Heracross|Heracross, L50, F|100/100\n|turn|6\n|\n|t:|1776496000\n|move|p2a: Basculegion|Protect|p2a: Basculegion\n|-singleturn|p2a: Basculegion|Protect\n|move|p1b: Heracross|Detect|p1b: Heracross\n|-singleturn|p1b: Heracross|Protect\n|cant|p2b: Starmie|slp\n|move|p1a: Milotic|Hypnosis|p2a: Basculegion\n|-activate|p2a: Basculegion|move: Protect\n|\n|-weather|RainDance|[upkeep]\n|-heal|p1a: Milotic|69/100|[from] item: Leftovers\n|upkeep\n|turn|7\n|\n|t:|1776496015\n|switch|p2b: Sableye|Sableye, L50, M, shiny|100/100\n|switch|p1b: Archaludon|Archaludon, L50, M|100/100\n|move|p2a: Basculegion|Muddy Water|p1b: Archaludon|[spread] p1a,p1b\n|-resisted|p1a: Milotic|1\n|-resisted|p1b: Archaludon|1\n|-damage|p1a: Milotic|53/100\n|-damage|p1b: Archaludon|57/100\n|move|p1a: Milotic|Muddy Water|p2a: Basculegion|[spread] p2a,p2b\n|-resisted|p2a: Basculegion|1\n|-damage|p2a: Basculegion|53/100\n|-damage|p2b: Sableye|10/100\n|-unboost|p2b: Sableye|accuracy|1\n|-enditem|p2b: Sableye|Sitrus Berry|[eat]\n|-heal|p2b: Sableye|35/100|[from] item: Sitrus Berry\n|\n|-weather|none\n|-heal|p1a: Milotic|59/100|[from] item: Leftovers\n|upkeep\n|turn|8\n|inactive|kkaitanggky has 30 seconds left.\n|inactive|kkaitanggky has 20 seconds left.\n|\n|t:|1776496052\n|move|p2b: Sableye|Fake Out|p1b: Archaludon\n|-resisted|p1b: Archaludon|1\n|-crit|p1b: Archaludon\n|-damage|p1b: Archaludon|53/100\n|cant|p1b: Archaludon|flinch\n|move|p2a: Basculegion|Muddy Water|p1a: Milotic|[spread] p1b\n|-miss|p2a: Basculegion|p1a: Milotic\n|-resisted|p1b: Archaludon|1\n|-damage|p1b: Archaludon|23/100\n|move|p1a: Milotic|Recover|p1a: Milotic\n|-heal|p1a: Milotic|100/100\n|\n|upkeep\n|turn|9\n|inactive|kkaitanggky has 30 seconds left.\n|\n|t:|1776496078\n|switch|p1b: Heracross|Heracross, L50, F|100/100\n|move|p2b: Sableye|Encore|p1a: Milotic\n|-start|p1a: Milotic|Encore\n|move|p2a: Basculegion|Shadow Ball|p1b: Heracross\n|-damage|p1b: Heracross|54/100\n|move|p1a: Milotic|Recover||[still]\n|-fail|p1a: Milotic|heal\n|\n|upkeep\n|turn|10\n|inactive|kkaitanggky has 30 seconds left.\n|\n|t:|1776496104\n|detailschange|p1b: Heracross|Heracross-Mega, L50, F\n|-mega|p1b: Heracross|Heracross|Heracronite\n|move|p2b: Sableye|Rain Dance|p2b: Sableye\n|-weather|RainDance\n|move|p2a: Basculegion|Muddy Water|p1b: Heracross|[spread] p1a,p1b\n|-resisted|p1a: Milotic|1\n|-damage|p1a: Milotic|81/100\n|-damage|p1b: Heracross|0 fnt\n|faint|p1b: Heracross\n|move|p1a: Milotic|Recover|p1a: Milotic\n|-heal|p1a: Milotic|100/100\n|\n|-weather|RainDance|[upkeep]\n|upkeep\n|\n|t:|1776496113\n|switch|p1b: Archaludon|Archaludon, L50, M|23/100\n|turn|11\n|\n|t:|1776496124\n|switch|p2b: Starmie|Starmie-Mega, L50, shiny|100/100 slp\n|move|p2a: Basculegion|Muddy Water|p1a: Milotic|[spread] p1a,p1b\n|-resisted|p1a: Milotic|1\n|-resisted|p1b: Archaludon|1\n|-damage|p1a: Milotic|82/100\n|-damage|p1b: Archaludon|0 fnt\n|faint|p1b: Archaludon\n|move|p1a: Milotic|Recover|p1a: Milotic\n|-heal|p1a: Milotic|100/100\n|\n|-weather|RainDance|[upkeep]\n|-end|p1a: Milotic|Encore\n|upkeep\n|turn|12\n|\n|t:|1776496136\n|move|p2a: Basculegion|Shadow Ball|p1a: Milotic\n|-damage|p1a: Milotic|75/100\n|cant|p2b: Starmie|slp\n|move|p1a: Milotic|Muddy Water|p2b: Starmie|[spread] p2a,p2b\n|-resisted|p2a: Basculegion|1\n|-resisted|p2b: Starmie|1\n|-damage|p2a: Basculegion|10/100\n|-damage|p2b: Starmie|61/100 slp\n|\n|-weather|RainDance|[upkeep]\n|-heal|p1a: Milotic|81/100|[from] item: Leftovers\n|upkeep\n|turn|13\n|\n|t:|1776496146\n|move|p2a: Basculegion|Shadow Ball|p1a: Milotic\n|-damage|p1a: Milotic|57/100\n|-curestatus|p2b: Starmie|slp|[msg]\n|move|p2b: Starmie|Liquidation|p1a: Milotic\n|-resisted|p1a: Milotic|1\n|-damage|p1a: Milotic|35/100\n|move|p1a: Milotic|Muddy Water|p2b: Starmie|[spread] p2a,p2b\n|-resisted|p2a: Basculegion|1\n|-resisted|p2b: Starmie|1\n|-damage|p2a: Basculegion|0 fnt\n|-damage|p2b: Starmie|23/100\n|faint|p2a: Basculegion\n|\n|-weather|RainDance|[upkeep]\n|-heal|p1a: Milotic|41/100|[from] item: Leftovers\n|upkeep\n|\n|t:|1776496156\n|switch|p2a: Sableye|Sableye, L50, M, shiny|35/100\n|turn|14\n|\n|t:|1776496160\n|move|p2a: Sableye|Fake Out|p1a: Milotic\n|-damage|p1a: Milotic|37/100\n|move|p2b: Starmie|Liquidation|p1a: Milotic\n|-resisted|p1a: Milotic|1\n|-damage|p1a: Milotic|14/100\n|cant|p1a: Milotic|flinch\n|\n|-weather|none\n|-heal|p1a: Milotic|20/100|[from] item: Leftovers\n|upkeep\n|turn|15\n|\n|t:|1776496171\n|move|p2a: Sableye|Rain Dance|p2a: Sableye\n|-weather|RainDance\n|move|p2b: Starmie|Liquidation|p1a: Milotic\n|-resisted|p1a: Milotic|1\n|-damage|p1a: Milotic|0 fnt\n|faint|p1a: Milotic\n|\n|win|Isidino\n|raw|kkaitanggky's rating: 1192 &rarr; <strong>1174</strong><br />(-18 for losing)\n|raw|Isidino's rating: 1288 &rarr; <strong>1306</strong><br />(+18 for winning)\n|c|\u2606kkaitanggky|gg\n",
  "uploadtime": 1776496175,
  "views": 17,
  "formatid": "gen9championsvgc2026regma",
  "rating": 1174,
  "private": 0,
  "password": null
}