{
  "id": "gen9championsvgc2026regma-2585430660",
  "format": "[Gen 9 Champions] VGC 2026 Reg M-A",
  "players": [
    "oilive",
    "sugarvgc"
  ],
  "log": "|j|\u2606oilive\n|j|\u2606sugarvgc\n|t:|1776346787\n|gametype|doubles\n|player|p1|oilive|iris|1242\n|player|p2|sugarvgc|101|1294\n|gen|9\n|tier|[Gen 9 Champions] VGC 2026 Reg M-A\n|rated|\n|rule|Species Clause: Limit one of each Pok\u00e9mon\n|rule|Item Clause: Limit 1 of each item\n|clearpoke\n|poke|p1|Araquanid, L50, M|\n|poke|p1|Hatterene, L50, F|\n|poke|p1|Tsareena, L50, F|\n|poke|p1|Maushold, L50|\n|poke|p1|Camerupt, L50, F|\n|poke|p1|Kingambit, L50, M|\n|poke|p2|Milotic, L50, M|\n|poke|p2|Hydreigon, L50, F|\n|poke|p2|Tyranitar, L50, M|\n|poke|p2|Lucario, L50, M|\n|poke|p2|Mimikyu, L50, M|\n|poke|p2|Charizard, L50, F|\n|teampreview|4\n|inactive|Battle timer is ON: inactive players will automatically lose when time's up. (requested by oilive)\n|\n|t:|1776346850\n|teamsize|p1|4\n|teamsize|p2|4\n|start\n|switch|p1a: Hatterene|Hatterene, L50, F|100/100\n|switch|p1b: Maushold|Maushold, L50|100/100\n|switch|p2a: Charizard|Charizard, L50, F|100/100\n|switch|p2b: Hydreigon|Hydreigon, L50, F|100/100\n|turn|1\n|\n|t:|1776346868\n|detailschange|p2a: Charizard|Charizard-Mega-Y, L50, F\n|-mega|p2a: Charizard|Charizard|Charizardite Y\n|-weather|SunnyDay|[from] ability: Drought|[of] p2a: Charizard\n|move|p2a: Charizard|Heat Wave|p1b: Maushold|[spread] p1a,p1b\n|-damage|p1a: Hatterene|46/100\n|-damage|p1b: Maushold|9/100\n|-status|p1a: Hatterene|brn\n|move|p2b: Hydreigon|Dark Pulse|p1a: Hatterene\n|-damage|p1a: Hatterene|11/100 brn\n|move|p1b: Maushold|Population Bomb|p2b: Hydreigon\n|-damage|p2b: Hydreigon|89/100\n|-damage|p2b: Hydreigon|79/100\n|-hitcount|p2b: Hydreigon|2\n|move|p1a: Hatterene|Trick Room|p1a: Hatterene\n|-fieldstart|move: Trick Room|[of] p1a: Hatterene\n|\n|-weather|SunnyDay|[upkeep]\n|-damage|p1a: Hatterene|5/100 brn|[from] brn\n|upkeep\n|turn|2\n|\n|t:|1776346888\n|move|p2b: Hydreigon|Protect|p2b: Hydreigon\n|-singleturn|p2b: Hydreigon|Protect\n|move|p2a: Charizard|Protect|p2a: Charizard\n|-singleturn|p2a: Charizard|Protect\n|move|p1a: Hatterene|Dazzling Gleam|p2a: Charizard|[spread] \n|-activate|p2a: Charizard|move: Protect\n|-activate|p2b: Hydreigon|move: Protect\n|move|p1b: Maushold|Population Bomb|p2a: Charizard\n|-activate|p2a: Charizard|move: Protect\n|\n|-weather|SunnyDay|[upkeep]\n|-damage|p1a: Hatterene|0 fnt|[from] brn\n|faint|p1a: Hatterene\n|upkeep\n|\n|t:|1776346904\n|switch|p1a: Araquanid|Araquanid, L50, M|100/100\n|turn|3\n|\n|t:|1776346926\n|move|p1b: Maushold|Protect|p1b: Maushold\n|-singleturn|p1b: Maushold|Protect\n|move|p1a: Araquanid|Liquidation|p2a: Charizard\n|-supereffective|p2a: Charizard|1\n|-damage|p2a: Charizard|0 fnt\n|faint|p2a: Charizard\n|move|p2b: Hydreigon|Dark Pulse|p1b: Maushold\n|-activate|p1b: Maushold|move: Protect\n|\n|-weather|SunnyDay|[upkeep]\n|upkeep\n|\n|t:|1776346935\n|switch|p2a: Tyranitar|Tyranitar, L50, M|100/100\n|-weather|Sandstorm|[from] ability: Sand Stream|[of] p2a: Tyranitar\n|turn|4\n|-activate|p2a: Tyranitar|item: Quick Claw\n|\n|t:|1776346952\n|move|p1b: Maushold|Helping Hand|p1a: Araquanid\n|-singleturn|p1a: Araquanid|Helping Hand|[of] p1b: Maushold\n|move|p2b: Hydreigon|Protect|p2b: Hydreigon\n|-singleturn|p2b: Hydreigon|Protect\n|move|p2a: Tyranitar|Rock Slide|p1b: Maushold|[spread] p1a,p1b\n|-supereffective|p1a: Araquanid|1\n|-damage|p1a: Araquanid|51/100\n|-damage|p1b: Maushold|0 fnt\n|faint|p1b: Maushold\n|move|p1a: Araquanid|Liquidation|p2a: Tyranitar\n|-supereffective|p2a: Tyranitar|1\n|-damage|p2a: Tyranitar|0 fnt\n|faint|p2a: Tyranitar\n|\n|-weather|Sandstorm|[upkeep]\n|-damage|p1a: Araquanid|45/100|[from] Sandstorm\n|-damage|p2b: Hydreigon|73/100|[from] Sandstorm\n|upkeep\n|\n|t:|1776346968\n|switch|p2a: Lucario|Lucario, L50, M|100/100\n|switch|p1b: Tsareena|Tsareena, L50, F|100/100\n|turn|5\n|\n|t:|1776346976\n|move|p2a: Lucario|Protect|p2a: Lucario\n|-singleturn|p2a: Lucario|Protect\n|move|p2b: Hydreigon|Protect|p2b: Hydreigon\n|-singleturn|p2b: Hydreigon|Protect\n|move|p1a: Araquanid|Liquidation|p2a: Lucario\n|-activate|p2a: Lucario|move: Protect\n|move|p1b: Tsareena|Triple Axel|p2b: Hydreigon\n|-activate|p2b: Hydreigon|move: Protect\n|\n|-weather|Sandstorm|[upkeep]\n|-damage|p1a: Araquanid|39/100|[from] Sandstorm\n|-damage|p1b: Tsareena|94/100|[from] Sandstorm\n|-damage|p2b: Hydreigon|67/100|[from] Sandstorm\n|-fieldend|move: Trick Room\n|upkeep\n|turn|6\n|inactive|sugarvgc has 30 seconds left.\n|inactive|sugarvgc has 20 seconds left.\n|\n|t:|1776347014\n|move|p2b: Hydreigon|Dark Pulse|p1a: Araquanid\n|-damage|p1a: Araquanid|5/100\n|move|p2a: Lucario|Aura Sphere|p1b: Tsareena\n|-damage|p1b: Tsareena|55/100\n|move|p1b: Tsareena|Triple Axel|p2b: Hydreigon|[miss]\n|-miss|p1b: Tsareena|p2b: Hydreigon\n|move|p1a: Araquanid|Liquidation|p2a: Lucario\n|-damage|p2a: Lucario|0 fnt\n|faint|p2a: Lucario\n|\n|-weather|Sandstorm|[upkeep]\n|-damage|p2b: Hydreigon|61/100|[from] Sandstorm\n|-damage|p1b: Tsareena|49/100|[from] Sandstorm\n|-damage|p1a: Araquanid|0 fnt|[from] Sandstorm\n|faint|p1a: Araquanid\n|upkeep\n|turn|7\n|\n|t:|1776347032\n|move|p2b: Hydreigon|Dark Pulse|p1b: Tsareena\n|-damage|p1b: Tsareena|5/100\n|move|p1b: Tsareena|Triple Axel|p2b: Hydreigon\n|-supereffective|p2b: Hydreigon|1\n|-damage|p2b: Hydreigon|42/100\n|-supereffective|p2b: Hydreigon|1\n|-damage|p2b: Hydreigon|10/100\n|-supereffective|p2b: Hydreigon|1\n|-damage|p2b: Hydreigon|0 fnt\n|faint|p2b: Hydreigon\n|-hitcount|p2: Hydreigon|3\n|\n|win|oilive\n|raw|oilive's rating: 1242 &rarr; <strong>1271</strong><br />(+29 for winning)\n|raw|sugarvgc's rating: 1294 &rarr; <strong>1265</strong><br />(-29 for losing)\n|l|\u2606sugarvgc\n|player|p2|\n",
  "uploadtime": 1776347125,
  "views": 67,
  "formatid": "gen9championsvgc2026regma",
  "rating": 1265,
  "private": 0,
  "password": null
}