{
  "id": "gen9championsvgc2026regma-2582890918",
  "format": "[Gen 9 Champions] VGC 2026 Reg M-A",
  "players": [
    "Riverpasta",
    "Eon_Edge"
  ],
  "log": "|j|\u2606Riverpasta\n|j|\u2606Eon_Edge\n|t:|1776122481\n|gametype|doubles\n|player|p1|Riverpasta|red|1354\n|player|p2|Eon_Edge|coin|1345\n|gen|9\n|tier|[Gen 9 Champions] VGC 2026 Reg M-A\n|rated|\n|rule|Species Clause: Limit one of each Pok\u00e9mon\n|rule|Item Clause: Limit 1 of each item\n|clearpoke\n|poke|p1|Crabominable, L50, M|\n|poke|p1|Slowking, L50, F|\n|poke|p1|Incineroar, L50, M|\n|poke|p1|Camerupt, L50, F|\n|poke|p1|Sinistcha, L50|\n|poke|p1|Aegislash, L50, F|\n|poke|p2|Banette, L50, F|\n|poke|p2|Aerodactyl, L50, F|\n|poke|p2|Empoleon, L50, M|\n|poke|p2|Garchomp, L50, M|\n|poke|p2|Charizard, L50, M|\n|poke|p2|Maushold, L50|\n|teampreview|4\n|inactive|Battle timer is ON: inactive players will automatically lose when time's up. (requested by Riverpasta)\n|c|\u2606Eon_Edge|one sec can you pause timer\n|c|\u2606Eon_Edge|ill be back in twenty seconds\n|c|\u2606Eon_Edge|promise\n|inactive|Eon_Edge has 60 seconds left.\n|inactiveoff|Battle timer is now OFF.\n|c|\u2606Riverpasta|I gotchu\n|c|\u2606Eon_Edge|god bless u sir\n|c|\u2606Eon_Edge|wanna just give u the win for that kindness\n|c|\u2606Eon_Edge|but uh\n|c|\u2606Eon_Edge|glhf instead how about lol\n|c|\u2606Riverpasta|Yeah\n|c|\u2606Riverpasta|I wanna earn it\n|\n|t:|1776122664\n|teamsize|p1|4\n|teamsize|p2|4\n|start\n|switch|p1a: Incineroar|Incineroar, L50, M|100/100\n|switch|p1b: Slowking|Slowking, L50, F|100/100\n|switch|p2a: Banette|Banette, L50, F|100/100\n|switch|p2b: Empoleon|Empoleon, L50, M|100/100\n|-item|p1a: Incineroar|Sitrus Berry|[from] ability: Frisk|[of] p2a: Banette\n|-item|p1b: Slowking|Colbur Berry|[from] ability: Frisk|[of] p2a: Banette\n|-ability|p1a: Incineroar|Intimidate|boost\n|-unboost|p2a: Banette|atk|1\n|-unboost|p2b: Empoleon|atk|1\n|-ability|p2b: Empoleon|Competitive|boost\n|-boost|p2b: Empoleon|spa|2\n|turn|1\n|c|\u2606Riverpasta|Glhf\n|\n|t:|1776122685\n|detailschange|p2a: Banette|Banette-Mega, L50, F\n|-mega|p2a: Banette|Banette|Banettite\n|move|p1a: Incineroar|Fake Out|p2b: Empoleon\n|-resisted|p2b: Empoleon|1\n|-damage|p2b: Empoleon|94/100\n|move|p2a: Banette|Poltergeist|p1b: Slowking\n|-activate|p1b: Slowking|move: Poltergeist|Colbur Berry\n|-supereffective|p1b: Slowking|1\n|-damage|p1b: Slowking|16/100\n|cant|p2b: Empoleon|flinch\n|move|p1b: Slowking|Yawn|p2b: Empoleon\n|-start|p2b: Empoleon|move: Yawn|[of] p1b: Slowking\n|\n|-heal|p2b: Empoleon|99/100|[from] item: Leftovers\n|upkeep\n|turn|2\n|c|\u2606Riverpasta|Frick\n|\n|t:|1776122700\n|move|p2a: Banette|Poltergeist|p1b: Slowking\n|-activate|p1b: Slowking|move: Poltergeist|Colbur Berry\n|-supereffective|p1b: Slowking|1\n|-damage|p1b: Slowking|0 fnt\n|faint|p1b: Slowking\n|move|p2b: Empoleon|Hydro Pump|p1a: Incineroar\n|-supereffective|p1a: Incineroar|1\n|-damage|p1a: Incineroar|0 fnt\n|faint|p1a: Incineroar\n|\n|-heal|p2b: Empoleon|100/100|[from] item: Leftovers\n|-end|p2b: Empoleon|move: Yawn|[silent]\n|-status|p2b: Empoleon|slp\n|upkeep\n|\n|t:|1776122704\n|switch|p1a: Crabominable|Crabominable, L50, M|100/100\n|switch|p1b: Aegislash|Aegislash, L50, F|100/100\n|turn|3\n|c|\u2606Eon_Edge|how is mega crab btw\n|c|\u2606Riverpasta|I love him\n|c|\u2606Riverpasta|Hes not the best but hes my boy\n|c|\u2606Eon_Edge|i wish he got contrary like the leaks thought tho tbh\n|c|\u2606Eon_Edge|lol i love that\n|\n|t:|1776122734\n|detailschange|p1a: Crabominable|Crabominable-Mega, L50, M\n|-mega|p1a: Crabominable|Crabominable|Crabominite\n|move|p2a: Banette|Protect|p2a: Banette\n|-singleturn|p2a: Banette|Protect\n|cant|p2b: Empoleon|slp\n|-formechange|p1b: Aegislash|Aegislash-Blade|\n|move|p1b: Aegislash|Poltergeist|p2a: Banette\n|-activate|p2a: Banette|move: Protect\n|move|p1a: Crabominable|Drain Punch|p2b: Empoleon\n|-supereffective|p2b: Empoleon|1\n|-damage|p2b: Empoleon|0 fnt\n|faint|p2b: Empoleon\n|\n|upkeep\n|j| tbhidek20\n|\n|t:|1776122757\n|switch|p2b: Maushold|Maushold, L50|100/100\n|turn|4\n|\n|t:|1776122765\n|-formechange|p1b: Aegislash|Aegislash|\n|move|p1b: Aegislash|King's Shield|p1b: Aegislash\n|-singleturn|p1b: Aegislash|Protect\n|move|p2a: Banette|Disable|p1a: Crabominable\n|-start|p1a: Crabominable|Disable|Drain Punch\n|move|p2b: Maushold|Encore|p1a: Crabominable\n|-start|p1a: Crabominable|Encore\n|cant|p1a: Crabominable|Disable|Drain Punch\n|\n|upkeep\n|turn|5\n|c|\u2606Riverpasta|IM SORRY what\n|c|\u2606Eon_Edge|lolol im so sorry\n|c|\u2606Eon_Edge|i love mega banette ok\n|c|\u2606Riverpasta|If i had set tr turn 1\n|\n|t:|1776122791\n|move|p2b: Maushold|Encore|p1b: Aegislash\n|-start|p1b: Aegislash|Encore\n|move|p1b: Aegislash|King's Shield||[still]\n|-fail|p1b: Aegislash\n|move|p2a: Banette|Poltergeist|p1a: Crabominable\n|-activate|p1a: Crabominable|move: Poltergeist|Crabominite\n|-damage|p1a: Crabominable|64/100\n|-activate|p1a: Crabominable|move: Struggle\n|move|p1a: Crabominable|Struggle|p2b: Maushold\n|-damage|p2b: Maushold|75/100\n|-damage|p1a: Crabominable|39/100|[from] recoil\n|\n|upkeep\n|turn|6\n|c|\u2606Riverpasta|I thought banette got tr\n|c|\u2606Eon_Edge|i think it does\n|c|\u2606Eon_Edge|struggle should not do that much oml\n|\n|t:|1776122816\n|switch|p2b: Garchomp|Garchomp, L50, M|100/100\n|move|p1b: Aegislash|King's Shield|p1b: Aegislash\n|-singleturn|p1b: Aegislash|Protect\n|move|p2a: Banette|Poltergeist|p1a: Crabominable|[miss]\n|-miss|p2a: Banette|p1a: Crabominable\n|-activate|p1a: Crabominable|move: Struggle\n|move|p1a: Crabominable|Struggle|p2b: Garchomp\n|-damage|p2b: Garchomp|78/100\n|-damage|p1a: Crabominable|26/100|[from] ability: Rough Skin|[of] p2b: Garchomp\n|-damage|p1a: Crabominable|1/100|[from] recoil\n|\n|-end|p1a: Crabominable|Encore\n|upkeep\n|turn|7\n|-message|Riverpasta forfeited.\n|\n|win|Eon_Edge\n|raw|Riverpasta's rating: 1354 &rarr; <strong>1333</strong><br />(-21 for losing)\n|raw|Eon_Edge's rating: 1345 &rarr; <strong>1366</strong><br />(+21 for winning)\n|l|\u2606Riverpasta\n|player|p1|\n|c|\u2606Eon_Edge|gg\n",
  "uploadtime": 1776122829,
  "views": 22,
  "formatid": "gen9championsvgc2026regma",
  "rating": 1333,
  "private": 0,
  "password": null
}