{
  "id": "gen9championsvgc2026regma-2589456327",
  "format": "[Gen 9 Champions] VGC 2026 Reg M-A",
  "players": [
    "slippybingus",
    "PHOENIX_PLAYS_VGC"
  ],
  "log": "|j|\u2606slippybingus\n|j|\u2606PHOENIX_PLAYS_VGC\n|t:|1776724565\n|gametype|doubles\n|player|p1|slippybingus|101|1174\n|player|p2|PHOENIX_PLAYS_VGC|101|1189\n|gen|9\n|tier|[Gen 9 Champions] VGC 2026 Reg M-A\n|rated|\n|rule|Species Clause: Limit one of each Pok\u00e9mon\n|rule|Item Clause: Limit 1 of each item\n|clearpoke\n|poke|p1|Charizard, L50, M, shiny|\n|poke|p1|Sneasler, L50, M|\n|poke|p1|Scizor, L50, M|\n|poke|p1|Milotic, L50, F, shiny|\n|poke|p1|Sinistcha, L50|\n|poke|p1|Incineroar, L50, M|\n|poke|p2|Garchomp, L50, F|\n|poke|p2|Charizard, L50, M|\n|poke|p2|Whimsicott, L50, M|\n|poke|p2|Floette-Eternal, L50, F|\n|poke|p2|Aegislash, L50, F|\n|poke|p2|Basculegion, L50, M|\n|teampreview|4\n|inactive|Battle timer is ON: inactive players will automatically lose when time's up. (requested by slippybingus)\n|inactive|slippybingus has 60 seconds left.\n|\n|t:|1776724608\n|teamsize|p1|4\n|teamsize|p2|4\n|start\n|switch|p1a: Incineroar|Incineroar, L50, M|100/100\n|switch|p1b: Charizard|Charizard, L50, M, shiny|100/100\n|switch|p2a: Garchomp|Garchomp, L50, F|100/100\n|switch|p2b: Floette|Floette-Eternal, L50, F|100/100\n|-ability|p1a: Incineroar|Intimidate|boost\n|-unboost|p2a: Garchomp|atk|1\n|-unboost|p2b: Floette|atk|1\n|-enditem|p2a: Garchomp|White Herb\n|-clearnegativeboost|p2a: Garchomp|[silent]\n|turn|1\n|\n|t:|1776724624\n|detailschange|p2b: Floette|Floette-Mega, L50, F\n|-mega|p2b: Floette|Floette|Floettite\n|-ability|p2b: Floette|Fairy Aura\n|move|p2a: Garchomp|Protect|p2a: Garchomp\n|-singleturn|p2a: Garchomp|Protect\n|move|p1a: Incineroar|Fake Out|p2a: Garchomp\n|-activate|p2a: Garchomp|move: Protect\n|move|p1b: Charizard|Dragon Dance|p1b: Charizard\n|-boost|p1b: Charizard|atk|1\n|-boost|p1b: Charizard|spe|1\n|move|p2b: Floette|Calm Mind|p2b: Floette\n|-boost|p2b: Floette|spa|1\n|-boost|p2b: Floette|spd|1\n|\n|upkeep\n|turn|2\n|inactive|slippybingus has 30 seconds left.\n|\n|t:|1776724657\n|detailschange|p1b: Charizard|Charizard-Mega-X, L50, M, shiny\n|-mega|p1b: Charizard|Charizard|Charizardite X\n|move|p1b: Charizard|Dragon Claw|p2a: Garchomp\n|-supereffective|p2a: Garchomp|1\n|-damage|p2a: Garchomp|0 fnt\n|-damage|p1b: Charizard|88/100|[from] ability: Rough Skin|[of] p2a: Garchomp\n|faint|p2a: Garchomp\n|move|p2b: Floette|Moonblast|p1a: Incineroar\n|-damage|p1a: Incineroar|11/100\n|move|p1a: Incineroar|Parting Shot|p2b: Floette\n|-unboost|p2b: Floette|atk|1\n|-unboost|p2b: Floette|spa|1\n|\n|t:|1776724671\n|switch|p1a: Milotic|Milotic, L50, F, shiny|100/100|[from] Parting Shot\n|\n|upkeep\n|\n|t:|1776724680\n|switch|p2a: Basculegion|Basculegion, L50, M|100/100\n|turn|3\n|\n|t:|1776724697\n|move|p1b: Charizard|Protect|p1b: Charizard\n|-singleturn|p1b: Charizard|Protect\n|move|p2a: Basculegion|Wave Crash|p1b: Charizard\n|-activate|p1b: Charizard|move: Protect\n|move|p2b: Floette|Moonblast|p1b: Charizard\n|-activate|p1b: Charizard|move: Protect\n|move|p1a: Milotic|Icy Wind|p2b: Floette|[spread] p2a,p2b\n|-resisted|p2a: Basculegion|1\n|-damage|p2a: Basculegion|95/100\n|-damage|p2b: Floette|96/100\n|-unboost|p2a: Basculegion|spe|1\n|-unboost|p2b: Floette|spe|1\n|\n|upkeep\n|turn|4\n|\n|t:|1776724721\n|switch|p1a: Incineroar|Incineroar, L50, M|11/100\n|-ability|p1a: Incineroar|Intimidate|boost\n|-unboost|p2a: Basculegion|atk|1\n|-unboost|p2b: Floette|atk|1\n|move|p1b: Charizard|Flare Blitz|p2b: Floette\n|-damage|p2b: Floette|0 fnt\n|faint|p2b: Floette\n|-damage|p1b: Charizard|61/100|[from] Recoil\n|move|p2a: Basculegion|Wave Crash|p1b: Charizard\n|-damage|p1b: Charizard|19/100\n|-damage|p2a: Basculegion|82/100|[from] Recoil\n|\n|upkeep\n|\n|t:|1776724732\n|switch|p2b: Whimsicott|Whimsicott, L50, M|100/100\n|turn|5\n|inactive|slippybingus has 30 seconds left.\n|\n|t:|1776724762\n|switch|p1a: Sinistcha|Sinistcha, L50|100/100\n|-heal|p1b: Charizard|44/100|[from] ability: Hospitality|[of] p1a: Sinistcha\n|move|p1b: Charizard|Protect|p1b: Charizard\n|-singleturn|p1b: Charizard|Protect\n|move|p2b: Whimsicott|Tailwind|p2b: Whimsicott\n|-sidestart|p2: PHOENIX_PLAYS_VGC|move: Tailwind\n|move|p2a: Basculegion|Wave Crash|p1b: Charizard\n|-activate|p1b: Charizard|move: Protect\n|\n|upkeep\n|turn|6\n|\n|t:|1776724780\n|move|p1a: Sinistcha|Rage Powder|p1a: Sinistcha\n|-singleturn|p1a: Sinistcha|move: Rage Powder\n|move|p2a: Basculegion|Wave Crash|p1a: Sinistcha\n|-resisted|p1a: Sinistcha|1\n|-damage|p1a: Sinistcha|84/100\n|-damage|p2a: Basculegion|77/100|[from] Recoil\n|move|p2b: Whimsicott|Moonblast|p1b: Charizard\n|-damage|p1b: Charizard|13/100\n|move|p1b: Charizard|Dragon Claw|p2a: Basculegion\n|-damage|p2a: Basculegion|0 fnt\n|faint|p2a: Basculegion\n|\n|upkeep\n|turn|7\n|-message|PHOENIX_PLAYS_VGC forfeited.\n|\n|win|slippybingus\n|raw|slippybingus's rating: 1174 &rarr; <strong>1200</strong><br />(+26 for winning)\n|raw|PHOENIX_PLAYS_VGC's rating: 1189 &rarr; <strong>1163</strong><br />(-26 for losing)\n|l|\u2606PHOENIX_PLAYS_VGC\n|player|p2|\n",
  "uploadtime": 1776724798,
  "views": 6,
  "formatid": "gen9championsvgc2026regma",
  "rating": 1163,
  "private": 0,
  "password": null
}