{
  "id": "gen9championsvgc2026regma-2582956233",
  "format": "[Gen 9 Champions] VGC 2026 Reg M-A",
  "players": [
    "Prohxy",
    "cod3broken1170"
  ],
  "log": "|j|\u2606Prohxy\n|j|\u2606cod3broken1170\n|t:|1776128270\n|gametype|doubles\n|player|p1|Prohxy|lorelei-lgpe|1052\n|player|p2|cod3broken1170|lusamine-nihilego|1000\n|gen|9\n|tier|[Gen 9 Champions] VGC 2026 Reg M-A\n|rated|\n|rule|Species Clause: Limit one of each Pok\u00e9mon\n|rule|Item Clause: Limit 1 of each item\n|clearpoke\n|poke|p1|Alcremie, L50, F|\n|poke|p1|Sinistcha, L50|\n|poke|p1|Scizor, L50, F|\n|poke|p1|Politoed, L50, F|\n|poke|p1|Basculegion, L50, M|\n|poke|p1|Manectric, L50, M|\n|poke|p2|Victreebel, L50, M|\n|poke|p2|Talonflame, L50, M|\n|poke|p2|Basculegion, L50, M|\n|poke|p2|Sneasler, L50, F|\n|poke|p2|Garchomp, L50, M|\n|poke|p2|Floette-Eternal, L50, F|\n|teampreview|4\n|c|\u2606cod3broken1170|glhf\ncod3broken1170 has agreed to open team sheets.\n|\n|t:|1776128304\n|teamsize|p1|4\n|teamsize|p2|4\n|start\n|switch|p1a: Politoed|Politoed, L50, F, shiny|100/100\n|switch|p1b: Basculegion|Basculegion, L50, M|100/100\n|switch|p2a: Victreebel|Victreebel, L50, M|100/100\n|switch|p2b: Talonflame|Talonflame, L50, M|100/100\n|-weather|RainDance|[from] ability: Drizzle|[of] p1a: Politoed\n|turn|1\n|\n|t:|1776128328\n|switch|p2b: Basculegion|Basculegion, L50, M|100/100\n|detailschange|p2a: Victreebel|Victreebel-Mega, L50, M\n|-mega|p2a: Victreebel|Victreebel|Victreebelite\n|move|p2a: Victreebel|Sucker Punch|p1b: Basculegion\n|-supereffective|p1b: Basculegion|1\n|-damage|p1b: Basculegion|51/100\n|move|p1b: Basculegion|Psychic Fangs|p2a: Victreebel\n|-supereffective|p2a: Victreebel|1\n|-damage|p2a: Victreebel|29/100\n|move|p1a: Politoed|Icy Wind|p2b: Basculegion|[spread] p2a,p2b\n|-supereffective|p2a: Victreebel|1\n|-resisted|p2b: Basculegion|1\n|-damage|p2a: Victreebel|10/100\n|-damage|p2b: Basculegion|96/100\n|-unboost|p2a: Victreebel|spe|1\n|-unboost|p2b: Basculegion|spe|1\n|\n|-weather|RainDance|[upkeep]\n|-heal|p2b: Basculegion|100/100|[from] item: Leftovers\n|upkeep\n|turn|2\n|\n|t:|1776128356\n|move|p1b: Basculegion|Psychic Fangs|p2a: Victreebel\n|-supereffective|p2a: Victreebel|1\n|-damage|p2a: Victreebel|0 fnt\n|-damage|p1b: Basculegion|43/100|[from] ability: Innards Out|[of] p2a: Victreebel\n|faint|p2a: Victreebel\n|move|p1a: Politoed|Icy Wind|p2b: Basculegion\n|-resisted|p2b: Basculegion|1\n|-damage|p2b: Basculegion|94/100\n|-unboost|p2b: Basculegion|spe|1\n|move|p2b: Basculegion|Phantom Force||[still]\n|-prepare|p2b: Basculegion|Phantom Force\n|\n|-weather|RainDance|[upkeep]\n|-heal|p2b: Basculegion|99/100|[from] item: Leftovers\n|upkeep\n|\n|t:|1776128371\n|switch|p2a: Sneasler|Sneasler, L50, F|100/100\n|turn|3\n|\n|t:|1776128381\n|move|p1a: Politoed|Helping Hand|p1b: Basculegion\n|-singleturn|p1b: Basculegion|Helping Hand|[of] p1a: Politoed\n|move|p2a: Sneasler|Fake Out|p1a: Politoed\n|-damage|p1a: Politoed|86/100\n|move|p1b: Basculegion|Psychic Fangs|p2a: Sneasler\n|-supereffective|p2a: Sneasler|2\n|-enditem|p2a: Sneasler|Focus Sash\n|-damage|p2a: Sneasler|1/100\n|move|p2b: Basculegion|Phantom Force|p1a: Politoed|[from] lockedmove\n|-damage|p1a: Politoed|35/100\n|\n|-weather|RainDance|[upkeep]\n|-heal|p2b: Basculegion|100/100|[from] item: Leftovers\n|upkeep\n|turn|4\n|\n|t:|1776128402\n|move|p2a: Sneasler|Dire Claw|p1b: Basculegion\n|-resisted|p1b: Basculegion|1\n|-damage|p1b: Basculegion|13/100\n|move|p1b: Basculegion|Last Respects|p2b: Basculegion\n|-supereffective|p2b: Basculegion|1\n|-damage|p2b: Basculegion|40/100\n|move|p1a: Politoed|Icy Wind|p2a: Sneasler|[spread] p2a,p2b\n|-resisted|p2b: Basculegion|1\n|-crit|p2b: Basculegion\n|-damage|p2a: Sneasler|0 fnt\n|-damage|p2b: Basculegion|33/100\n|-unboost|p2b: Basculegion|spe|1\n|faint|p2a: Sneasler\n|move|p2b: Basculegion|Phantom Force||[still]\n|-prepare|p2b: Basculegion|Phantom Force\n|\n|-weather|RainDance|[upkeep]\n|-heal|p2b: Basculegion|39/100|[from] item: Leftovers\n|upkeep\n|\n|t:|1776128419\n|switch|p2a: Talonflame|Talonflame, L50, M|100/100\n|turn|5\n|\n|t:|1776128429\n|move|p2a: Talonflame|Tailwind|p2a: Talonflame\n|-sidestart|p2: cod3broken1170|move: Tailwind\n|move|p1b: Basculegion|Wave Crash|p2a: Talonflame\n|-supereffective|p2a: Talonflame|1\n|-damage|p2a: Talonflame|0 fnt\n|faint|p2a: Talonflame\n|-damage|p1b: Basculegion|0 fnt|[from] Recoil\n|faint|p1b: Basculegion\n|move|p1a: Politoed|Icy Wind|p2b: Basculegion|[miss]\n|-miss|p1a: Politoed|p2b: Basculegion\n|move|p2b: Basculegion|Phantom Force|p1a: Politoed|[from] lockedmove\n|-damage|p1a: Politoed|0 fnt\n|faint|p1a: Politoed\n|\n|-weather|none\n|-heal|p2b: Basculegion|45/100|[from] item: Leftovers\n|upkeep\n|\n|t:|1776128445\n|switch|p1b: Scizor|Scizor, L50, F, shiny|100/100\n|switch|p1a: Manectric|Manectric, L50, M, shiny|100/100\n|turn|6\n|\n|t:|1776128456\n|detailschange|p1b: Scizor|Scizor-Mega, L50, F, shiny\n|-mega|p1b: Scizor|Scizor|Scizorite\n|move|p1b: Scizor|Bullet Punch|p2b: Basculegion\n|-resisted|p2b: Basculegion|1\n|-damage|p2b: Basculegion|23/100\n|move|p1a: Manectric|Substitute|p1a: Manectric\n|-start|p1a: Manectric|Substitute\n|-damage|p1a: Manectric|76/100\n|move|p2b: Basculegion|Ice Fang|p1b: Scizor\n|-resisted|p1b: Scizor|1\n|-damage|p1b: Scizor|92/100\n|\n|-heal|p2b: Basculegion|29/100|[from] item: Leftovers\n|upkeep\n|turn|7\n|\n|t:|1776128473\n|move|p1a: Manectric|Snarl|p2b: Basculegion\n|-supereffective|p2b: Basculegion|1\n|-damage|p2b: Basculegion|0 fnt\n|faint|p2b: Basculegion\n|\n|win|Prohxy\n|raw|Prohxy's rating: 1052 &rarr; <strong>1079</strong><br />(+27 for winning)\n|raw|cod3broken1170's rating: 1000 &rarr; <strong>1000</strong><br />(+0 for losing)\n|c|\u2606cod3broken1170|gg\n",
  "uploadtime": 1776128478,
  "views": 21,
  "formatid": "gen9championsvgc2026regma",
  "rating": 1000,
  "private": 0,
  "password": null
}