{
  "id": "gen9championsvgc2026regma-2586554386",
  "format": "[Gen 9 Champions] VGC 2026 Reg M-A",
  "players": [
    "anonymoususeer",
    "Froghemothranger"
  ],
  "log": "|j|\u2606anonymoususeer\n|j|\u2606Froghemothranger\n|t:|1776442676\n|gametype|doubles\n|player|p1|anonymoususeer|102|1146\n|player|p2|Froghemothranger|pokemaniac|1109\n|gen|9\n|tier|[Gen 9 Champions] VGC 2026 Reg M-A\n|rated|\n|rule|Species Clause: Limit one of each Pok\u00e9mon\n|rule|Item Clause: Limit 1 of each item\n|clearpoke\n|poke|p1|Glalie, L50, M|\n|poke|p1|Sinistcha, L50|\n|poke|p1|Basculegion, L50, M|\n|poke|p1|Incineroar, L50, M|\n|poke|p1|Whimsicott, L50, M|\n|poke|p1|Pelipper, L50, M|\n|poke|p2|Pidgeot, L50, M|\n|poke|p2|Sneasler, L50, M|\n|poke|p2|Ninetales, L50, F|\n|poke|p2|Garchomp, L50, F|\n|poke|p2|Venusaur, L50, F|\n|poke|p2|Talonflame, L50, M|\n|teampreview|4\n|inactive|Battle timer is ON: inactive players will automatically lose when time's up. (requested by anonymoususeer)\n|inactive|Froghemothranger has 60 seconds left.\n|\n|t:|1776442772\n|teamsize|p1|4\n|teamsize|p2|4\n|start\n|switch|p1a: Glalie|Glalie, L50, M|100/100\n|switch|p1b: Whimsicott|Whimsicott, L50, M|100/100\n|switch|p2a: Talonflame|Talonflame, L50, M|100/100\n|switch|p2b: Sneasler|Sneasler, L50, M|100/100\n|turn|1\n|inactive|anonymoususeer has 30 seconds left.\n|inactive|anonymoususeer has 20 seconds left.\n|\n|t:|1776442811\n|detailschange|p1a: Glalie|Glalie-Mega, L50, M\n|-mega|p1a: Glalie|Glalie|Glalitite\n|move|p2b: Sneasler|Fake Out|p1a: Glalie\n|-damage|p1a: Glalie|78/100\n|move|p2a: Talonflame|Tailwind|p2a: Talonflame\n|-sidestart|p2: Froghemothranger|move: Tailwind\n|move|p1b: Whimsicott|Tailwind|p1b: Whimsicott\n|-sidestart|p1: anonymoususeer|move: Tailwind\n|cant|p1a: Glalie|flinch\n|\n|upkeep\n|turn|2\n|\n|t:|1776442832\n|move|p2b: Sneasler|Protect|p2b: Sneasler\n|-singleturn|p2b: Sneasler|Protect\n|move|p1b: Whimsicott|Encore|p2a: Talonflame\n|-start|p2a: Talonflame|Encore\n|move|p2a: Talonflame|Tailwind||[still]\n|-fail|p2a: Talonflame\n|move|p1a: Glalie|Explosion|p2b: Sneasler|[spread] p1b,p2a\n|-activate|p2b: Sneasler|move: Protect\n|-supereffective|p1b: Whimsicott|1\n|-crit|p1b: Whimsicott\n|-enditem|p1b: Whimsicott|Focus Sash\n|-damage|p1b: Whimsicott|1/100\n|-damage|p2a: Talonflame|0 fnt\n|faint|p1a: Glalie\n|faint|p2a: Talonflame\n|\n|upkeep\n|\n|t:|1776442853\n|switch|p1a: Pelipper|Pelipper, L50, M|100/100\n|switch|p2a: Pidgeot|Pidgeot, L50, M|100/100\n|-weather|RainDance|[from] ability: Drizzle|[of] p1a: Pelipper\n|turn|3\n|inactive|Froghemothranger has 30 seconds left.\n|\n|t:|1776442880\n|switch|p2b: Ninetales|Ninetales, L50, F|100/100\n|-weather|SunnyDay|[from] ability: Drought|[of] p2b: Ninetales\n|switch|p1b: Basculegion|Basculegion, L50, M|100/100\n|detailschange|p2a: Pidgeot|Pidgeot-Mega, L50, M\n|-mega|p2a: Pidgeot|Pidgeot|Pidgeotite\n|move|p2a: Pidgeot|Quick Attack|p1b: Basculegion\n|-immune|p1b: Basculegion\n|move|p1a: Pelipper|Icy Wind|p2a: Pidgeot|[spread] p2a,p2b\n|-supereffective|p2a: Pidgeot|1\n|-resisted|p2b: Ninetales|1\n|-damage|p2a: Pidgeot|65/100\n|-damage|p2b: Ninetales|95/100\n|-unboost|p2a: Pidgeot|spe|1\n|-unboost|p2b: Ninetales|spe|1\n|\n|-weather|SunnyDay|[upkeep]\n|upkeep\n|turn|4\n|inactive|Froghemothranger has 30 seconds left.\n|inactive|Froghemothranger has 20 seconds left.\n|inactive|Froghemothranger has 15 seconds left.\n|inactive|Froghemothranger has 10 seconds left.\n|\n|t:|1776442929\n|move|p1a: Pelipper|Icy Wind|p2a: Pidgeot|[spread] p2a,p2b\n|-supereffective|p2a: Pidgeot|1\n|-resisted|p2b: Ninetales|1\n|-damage|p2a: Pidgeot|35/100\n|-damage|p2b: Ninetales|89/100\n|-unboost|p2a: Pidgeot|spe|1\n|-unboost|p2b: Ninetales|spe|1\n|move|p1b: Basculegion|Wave Crash|p2a: Pidgeot\n|-damage|p2a: Pidgeot|0 fnt\n|faint|p2a: Pidgeot\n|-damage|p1b: Basculegion|91/100|[from] Recoil\n|move|p2b: Ninetales|Fake Tears|p1b: Basculegion\n|-unboost|p1b: Basculegion|spd|2\n|\n|-weather|SunnyDay|[upkeep]\n|-sideend|p2: Froghemothranger|move: Tailwind\n|-sideend|p1: anonymoususeer|move: Tailwind\n|upkeep\n|\n|t:|1776442942\n|switch|p2a: Sneasler|Sneasler, L50, M|100/100\n|turn|5\n|-message|Froghemothranger forfeited.\n|\n|win|anonymoususeer\n|raw|anonymoususeer's rating: 1146 &rarr; <strong>1168</strong><br />(+22 for winning)\n|raw|Froghemothranger's rating: 1109 &rarr; <strong>1087</strong><br />(-22 for losing)\n|l|\u2606Froghemothranger\n|player|p2|\n",
  "uploadtime": 1776443087,
  "views": 17,
  "formatid": "gen9championsvgc2026regma",
  "rating": 1087,
  "private": 0,
  "password": null
}