{
  "id": "gen9championsvgc2026regma-2587027878",
  "format": "[Gen 9 Champions] VGC 2026 Reg M-A",
  "players": [
    "bruhgokusolo",
    "u lost da game"
  ],
  "log": "|j|\u2606bruhgokusolo\n|j|\u2606u lost da game\n|t:|1776482787\n|gametype|doubles\n|player|p1|bruhgokusolo|265|1089\n|player|p2|u lost da game|101|1070\n|gen|9\n|tier|[Gen 9 Champions] VGC 2026 Reg M-A\n|rated|\n|rule|Species Clause: Limit one of each Pok\u00e9mon\n|rule|Item Clause: Limit 1 of each item\n|clearpoke\n|poke|p1|Floette-Eternal, L50, F|\n|poke|p1|Sinistcha, L50|\n|poke|p1|Basculegion, L50, M|\n|poke|p1|Talonflame, L50, F|\n|poke|p1|Garchomp, L50, F|\n|poke|p1|Rotom-Wash, L50|\n|poke|p2|Gengar, L50, F|\n|poke|p2|Maushold-Four, L50|\n|poke|p2|Farigiraf, L50, M|\n|poke|p2|Dragonite, L50, M|\n|poke|p2|Basculegion, L50, M|\n|poke|p2|Ditto, L50|\n|teampreview|4\n|inactive|Battle timer is ON: inactive players will automatically lose when time's up. (requested by bruhgokusolo)\n|\n|t:|1776482815\n|teamsize|p1|4\n|teamsize|p2|4\n|start\n|switch|p1a: Tr\u00e0 t\u1eeb tay|Sinistcha, L50|100/100\n|switch|p1b: C\u00e1 ch\u00e9p r\u00e1n|Basculegion, L50, M, shiny|100/100\n|switch|p2a: Sin Perish|Gengar, L50, F|100/100\n|switch|p2b: Bousehold|Maushold-Four, L50|100/100\n|turn|1\n|inactive|bruhgokusolo has 30 seconds left.\n|\n|t:|1776482841\n|detailschange|p2a: Sin Perish|Gengar-Mega, L50, F\n|-mega|p2a: Sin Perish|Gengar|Gengarite\n|move|p2b: Bousehold|Follow Me|p2b: Bousehold\n|-singleturn|p2b: Bousehold|move: Follow Me\n|move|p1b: C\u00e1 ch\u00e9p r\u00e1n|Wave Crash|p2b: Bousehold\n|-enditem|p2b: Bousehold|Focus Sash\n|-damage|p2b: Bousehold|1/100\n|-damage|p1b: C\u00e1 ch\u00e9p r\u00e1n|74/100|[from] Recoil\n|move|p2a: Sin Perish|Nasty Plot|p2a: Sin Perish\n|-boost|p2a: Sin Perish|spa|2\n|move|p1a: Tr\u00e0 t\u1eeb tay|Trick Room|p1a: Tr\u00e0 t\u1eeb tay\n|-fieldstart|move: Trick Room|[of] p1a: Tr\u00e0 t\u1eeb tay\n|\n|upkeep\n|turn|2\n|\n|t:|1776482857\n|move|p2b: Bousehold|Follow Me|p2b: Bousehold\n|-singleturn|p2b: Bousehold|move: Follow Me\n|move|p1a: Tr\u00e0 t\u1eeb tay|Matcha Gotcha|p2b: Bousehold|[spread] p2a,p2b\n|-resisted|p2a: Sin Perish|1\n|-damage|p2a: Sin Perish|88/100\n|-damage|p2b: Bousehold|0 fnt\n|faint|p2b: Bousehold\n|move|p2a: Sin Perish|Shadow Ball|p1b: C\u00e1 ch\u00e9p r\u00e1n\n|-supereffective|p1b: C\u00e1 ch\u00e9p r\u00e1n|1\n|-damage|p1b: C\u00e1 ch\u00e9p r\u00e1n|0 fnt\n|faint|p1b: C\u00e1 ch\u00e9p r\u00e1n\n|\n|upkeep\n|\n|t:|1776482868\n|switch|p1b: C\u00e1 m\u1eadp b\u00e9o|Garchomp, L50, F|100/100\n|switch|p2b: McDonald's Worker|Dragonite, L50, M|100/100\n|turn|3\n|\n|t:|1776482878\n|move|p2a: Sin Perish|Protect|p2a: Sin Perish\n|-singleturn|p2a: Sin Perish|Protect\n|move|p1a: Tr\u00e0 t\u1eeb tay|Matcha Gotcha|p2a: Sin Perish|[spread] p2b\n|-activate|p2a: Sin Perish|move: Protect\n|-resisted|p2b: McDonald's Worker|2\n|-damage|p2b: McDonald's Worker|94/100\n|move|p2b: McDonald's Worker|Breaking Swipe|p1a: Tr\u00e0 t\u1eeb tay|[spread] p1a,p1b\n|-supereffective|p1b: C\u00e1 m\u1eadp b\u00e9o|1\n|-damage|p1a: Tr\u00e0 t\u1eeb tay|79/100\n|-damage|p1b: C\u00e1 m\u1eadp b\u00e9o|52/100\n|-unboost|p1a: Tr\u00e0 t\u1eeb tay|atk|1\n|-unboost|p1b: C\u00e1 m\u1eadp b\u00e9o|atk|1\n|-damage|p2b: McDonald's Worker|82/100|[from] ability: Rough Skin|[of] p1b: C\u00e1 m\u1eadp b\u00e9o\n|-enditem|p1b: C\u00e1 m\u1eadp b\u00e9o|White Herb\n|-clearnegativeboost|p1b: C\u00e1 m\u1eadp b\u00e9o|[silent]\n|move|p1b: C\u00e1 m\u1eadp b\u00e9o|Earthquake|p2b: McDonald's Worker|[spread] p1a\n|-activate|p2a: Sin Perish|move: Protect\n|-immune|p2b: McDonald's Worker\n|-resisted|p1a: Tr\u00e0 t\u1eeb tay|1\n|-damage|p1a: Tr\u00e0 t\u1eeb tay|61/100\n|\n|-heal|p2b: McDonald's Worker|88/100|[from] item: Leftovers\n|upkeep\n|turn|4\n|inactive|u lost da game has 30 seconds left.\n|\n|t:|1776482908\n|move|p1a: Tr\u00e0 t\u1eeb tay|Life Dew|p1a: Tr\u00e0 t\u1eeb tay|[spread] p1a,p1b\n|-heal|p1a: Tr\u00e0 t\u1eeb tay|86/100\n|-heal|p1b: C\u00e1 m\u1eadp b\u00e9o|77/100\n|move|p2b: McDonald's Worker|Breaking Swipe|p1a: Tr\u00e0 t\u1eeb tay|[spread] p1a,p1b\n|-supereffective|p1b: C\u00e1 m\u1eadp b\u00e9o|1\n|-damage|p1a: Tr\u00e0 t\u1eeb tay|62/100\n|-damage|p1b: C\u00e1 m\u1eadp b\u00e9o|30/100\n|-unboost|p1a: Tr\u00e0 t\u1eeb tay|atk|1\n|-unboost|p1b: C\u00e1 m\u1eadp b\u00e9o|atk|1\n|-damage|p2b: McDonald's Worker|76/100|[from] ability: Rough Skin|[of] p1b: C\u00e1 m\u1eadp b\u00e9o\n|move|p1b: C\u00e1 m\u1eadp b\u00e9o|Earthquake|p2b: McDonald's Worker|[spread] p1a,p2a\n|-immune|p2b: McDonald's Worker\n|-resisted|p1a: Tr\u00e0 t\u1eeb tay|1\n|-supereffective|p2a: Sin Perish|1\n|-damage|p1a: Tr\u00e0 t\u1eeb tay|49/100\n|-damage|p2a: Sin Perish|8/100\n|-enditem|p1a: Tr\u00e0 t\u1eeb tay|Sitrus Berry|[eat]\n|-heal|p1a: Tr\u00e0 t\u1eeb tay|74/100|[from] item: Sitrus Berry\n|move|p2a: Sin Perish|Shadow Ball|p1b: C\u00e1 m\u1eadp b\u00e9o\n|-damage|p1b: C\u00e1 m\u1eadp b\u00e9o|0 fnt\n|faint|p1b: C\u00e1 m\u1eadp b\u00e9o\n|\n|-heal|p2b: McDonald's Worker|82/100|[from] item: Leftovers\n|upkeep\n|\n|t:|1776482930\n|switch|p1b: Hoa|Floette-Eternal, L50, F|100/100\n|turn|5\n|\n|t:|1776482939\n|detailschange|p1b: Hoa|Floette-Mega, L50, F\n|-mega|p1b: Hoa|Floette|Floettite\n|-ability|p1b: Hoa|Fairy Aura\n|move|p2a: Sin Perish|Protect|p2a: Sin Perish\n|-singleturn|p2a: Sin Perish|Protect\n|move|p1a: Tr\u00e0 t\u1eeb tay|Matcha Gotcha|p2a: Sin Perish|[spread] p2b\n|-activate|p2a: Sin Perish|move: Protect\n|-resisted|p2b: McDonald's Worker|2\n|-damage|p2b: McDonald's Worker|76/100\n|-heal|p1a: Tr\u00e0 t\u1eeb tay|77/100|[from] drain|[of] p2b: McDonald's Worker\n|move|p2b: McDonald's Worker|Tailwind|p2b: McDonald's Worker\n|-sidestart|p2: u lost da game|move: Tailwind\n|move|p1b: Hoa|Dazzling Gleam|p2b: McDonald's Worker|[spread] p2b\n|-activate|p2a: Sin Perish|move: Protect\n|-supereffective|p2b: McDonald's Worker|1\n|-damage|p2b: McDonald's Worker|0 fnt\n|faint|p2b: McDonald's Worker\n|\n|-fieldend|move: Trick Room\n|upkeep\n|\n|t:|1776482954\n|switch|p2b: Mr Fish|Basculegion, L50, M|100/100\n|turn|6\n|\n|t:|1776482966\n|move|p2b: Mr Fish|Last Respects|p1a: Tr\u00e0 t\u1eeb tay\n|-supereffective|p1a: Tr\u00e0 t\u1eeb tay|1\n|-damage|p1a: Tr\u00e0 t\u1eeb tay|0 fnt\n|faint|p1a: Tr\u00e0 t\u1eeb tay\n|move|p2a: Sin Perish|Sludge Bomb|p1b: Hoa\n|-supereffective|p1b: Hoa|1\n|-damage|p1b: Hoa|0 fnt\n|faint|p1b: Hoa\n|\n|win|u lost da game\n|raw|bruhgokusolo's rating: 1089 &rarr; <strong>1064</strong><br />(-25 for losing)\n|raw|u lost da game's rating: 1070 &rarr; <strong>1101</strong><br />(+31 for winning)\n",
  "uploadtime": 1776482975,
  "views": 14,
  "formatid": "gen9championsvgc2026regma",
  "rating": 1064,
  "private": 0,
  "password": null
}