{
  "id": "gen9championsvgc2026regma-2584082126",
  "format": "[Gen 9 Champions] VGC 2026 Reg M-A",
  "players": [
    "rexoguns",
    "MeeChaaaN"
  ],
  "log": "|j|\u2606rexoguns\n|j|\u2606MeeChaaaN\n|t:|1776223280\n|gametype|doubles\n|player|p1|rexoguns|ingo|1585\n|player|p2|MeeChaaaN|101|1529\n|gen|9\n|tier|[Gen 9 Champions] VGC 2026 Reg M-A\n|rated|\n|rule|Species Clause: Limit one of each Pok\u00e9mon\n|rule|Item Clause: Limit 1 of each item\n|clearpoke\n|poke|p1|Kingambit, L50, M|\n|poke|p1|Sneasler, L50, F|\n|poke|p1|Delphox, L50, F|\n|poke|p1|Basculegion, L50, M|\n|poke|p1|Sinistcha, L50|\n|poke|p1|Clefable, L50, F|\n|poke|p2|Whimsicott, L50, M|\n|poke|p2|Blastoise, L50, M|\n|poke|p2|Tyranitar, L50, F|\n|poke|p2|Tsareena, L50, F|\n|poke|p2|Mimikyu, L50, M|\n|poke|p2|Pelipper, L50, F|\n|teampreview|4\n|inactive|Battle timer is ON: inactive players will automatically lose when time's up. (requested by rexoguns)\n|\n|t:|1776223304\n|teamsize|p1|4\n|teamsize|p2|4\n|start\n|switch|p1a: Natalia|Sneasler, L50, F|100/100\n|switch|p1b: Argus|Kingambit, L50, M|100/100\n|switch|p2a: Whimsicott|Whimsicott, L50, M|100/100\n|switch|p2b: Blastoise|Blastoise, L50, M|100/100\n|turn|1\n|\n|t:|1776223329\n|detailschange|p2b: Blastoise|Blastoise-Mega, L50, M\n|-mega|p2b: Blastoise|Blastoise|Blastoisinite\n|move|p1a: Natalia|Fake Out|p2b: Blastoise\n|-damage|p2b: Blastoise|90/100\n|move|p2a: Whimsicott|Sunny Day|p2a: Whimsicott\n|-weather|SunnyDay\n|cant|p2b: Blastoise|flinch\n|move|p1b: Argus|Swords Dance|p1b: Argus\n|-boost|p1b: Argus|atk|2\n|\n|-weather|SunnyDay|[upkeep]\n|upkeep\n|turn|2\n|\n|t:|1776223351\n|move|p2a: Whimsicott|Tailwind|p2a: Whimsicott\n|-sidestart|p2: MeeChaaaN|move: Tailwind\n|move|p1b: Argus|Sucker Punch|p2b: Blastoise\n|-damage|p2b: Blastoise|17/100\n|move|p1a: Natalia|Dire Claw|p2a: Whimsicott\n|-supereffective|p2a: Whimsicott|2\n|-enditem|p2a: Whimsicott|Focus Sash\n|-damage|p2a: Whimsicott|1/100\n|move|p2b: Blastoise|Weather Ball|p1b: Argus\n|-supereffective|p1b: Argus|1\n|-damage|p1b: Argus|0 fnt\n|faint|p1b: Argus\n|\n|-weather|SunnyDay|[upkeep]\n|upkeep\n|\n|t:|1776223364\n|switch|p1b: Hanzo|Basculegion, L50, M|100/100\n|turn|3\n|\n|t:|1776223374\n|switch|p2b: Tsareena|Tsareena, L50, F|100/100\n|move|p1b: Hanzo|Aqua Jet||[still]\n|cant|p2b: Tsareena|ability: Queenly Majesty|Aqua Jet|[of] p1b: Hanzo\n|move|p1a: Natalia|Dire Claw|p2b: Tsareena\n|-supereffective|p2b: Tsareena|1\n|-damage|p2b: Tsareena|12/100\n|move|p2a: Whimsicott|Trick Room|p2a: Whimsicott\n|-fieldstart|move: Trick Room|[of] p2a: Whimsicott\n|\n|-weather|SunnyDay|[upkeep]\n|upkeep\n|turn|4\n|inactive|rexoguns has 30 seconds left.\n|\n|t:|1776223401\n|switch|p1b: Matcha|Sinistcha, L50|100/100\n|move|p2b: Tsareena|Triple Axel|p1a: Natalia\n|-crit|p1a: Natalia\n|-damage|p1a: Natalia|76/100\n|-damage|p1a: Natalia|48/100\n|-damage|p1a: Natalia|6/100\n|-hitcount|p1a: Natalia|3\n|move|p1a: Natalia|Dire Claw|p2b: Tsareena\n|-supereffective|p2b: Tsareena|1\n|-damage|p2b: Tsareena|0 fnt\n|faint|p2b: Tsareena\n|move|p2a: Whimsicott|Moonblast|p1a: Natalia\n|-damage|p1a: Natalia|0 fnt\n|faint|p1a: Natalia\n|\n|-weather|SunnyDay|[upkeep]\n|upkeep\n|\n|t:|1776223420\n|switch|p2b: Mimikyu|Mimikyu, L50, M|100/100\n|switch|p1a: Hanzo|Basculegion, L50, M|100/100\n|turn|5\n|\n|t:|1776223437\n|move|p1b: Matcha|Matcha Gotcha|p2b: Mimikyu|[spread] p2a,p2b\n|-resisted|p2a: Whimsicott|1\n|-damage|p2a: Whimsicott|0 fnt\n|-activate|p2b: Mimikyu|ability: Disguise\n|-damage|p2b: Mimikyu|100/100\n|detailschange|p2b: Mimikyu|Mimikyu-Busted, L50, M\n|-damage|p2b: Mimikyu|88/100|[from] pokemon: Mimikyu-Busted\n|faint|p2a: Whimsicott\n|move|p1a: Hanzo|Last Respects|p2b: Mimikyu\n|-supereffective|p2b: Mimikyu|1\n|-damage|p2b: Mimikyu|0 fnt\n|faint|p2b: Mimikyu\n|\n|-weather|none\n|-sideend|p2: MeeChaaaN|move: Tailwind\n|upkeep\n|j| coscu fan\n|-message|MeeChaaaN forfeited.\n|\n|win|rexoguns\n|raw|rexoguns's rating: 1585 &rarr; <strong>1602</strong><br />(+17 for winning)\n|raw|MeeChaaaN's rating: 1529 &rarr; <strong>1512</strong><br />(-17 for losing)\n|l|\u2606MeeChaaaN\n|player|p2|\n",
  "uploadtime": 1776223456,
  "views": 102,
  "formatid": "gen9championsvgc2026regma",
  "rating": 1512,
  "private": 0,
  "password": null
}