{
  "id": "gen9championsvgc2026regma-2583421946",
  "format": "[Gen 9 Champions] VGC 2026 Reg M-A",
  "players": [
    "joej m",
    "Jiggidy"
  ],
  "log": "|j|\u2606joej m\n|j|\u2606Jiggidy\n|t:|1776174579\n|gametype|doubles\n|player|p1|joej m|266|1295\n|player|p2|Jiggidy|170|1251\n|gen|9\n|tier|[Gen 9 Champions] VGC 2026 Reg M-A\n|rated|\n|rule|Species Clause: Limit one of each Pok\u00e9mon\n|rule|Item Clause: Limit 1 of each item\n|clearpoke\n|poke|p1|Floette-Eternal, L50, F|\n|poke|p1|Aerodactyl, L50, F|\n|poke|p1|Garchomp, L50, F|\n|poke|p1|Sneasler, L50, M|\n|poke|p1|Incineroar, L50, M|\n|poke|p1|Rotom-Wash, L50|\n|poke|p2|Scovillain, L50, M|\n|poke|p2|Conkeldurr, L50, F|\n|poke|p2|Aegislash, L50, M|\n|poke|p2|Rotom-Wash, L50|\n|poke|p2|Hatterene, L50, F|\n|poke|p2|Aerodactyl, L50, F|\n|teampreview|4\n|\n|t:|1776174621\n|teamsize|p1|4\n|teamsize|p2|4\n|start\n|switch|p1a: Incineroar|Incineroar, L50, M|100/100\n|switch|p1b: Floette|Floette-Eternal, L50, F|100/100\n|switch|p2a: Scovillain|Scovillain, L50, M|100/100\n|switch|p2b: Aegislash|Aegislash, L50, M|100/100\n|-ability|p1a: Incineroar|Intimidate|boost\n|-unboost|p2a: Scovillain|atk|1\n|-unboost|p2b: Aegislash|atk|1\n|turn|1\n|\n|t:|1776174634\n|detailschange|p1b: Floette|Floette-Mega, L50, F\n|-mega|p1b: Floette|Floette|Floettite\n|-ability|p1b: Floette|Fairy Aura\n|detailschange|p2a: Scovillain|Scovillain-Mega, L50, M\n|-mega|p2a: Scovillain|Scovillain|Scovillainite\n|move|p1b: Floette|Protect|p1b: Floette\n|-singleturn|p1b: Floette|Protect\n|move|p2a: Scovillain|Rage Powder|p2a: Scovillain\n|-singleturn|p2a: Scovillain|move: Rage Powder\n|move|p1a: Incineroar|Parting Shot|p2a: Scovillain\n|-unboost|p2a: Scovillain|atk|1\n|-unboost|p2a: Scovillain|spa|1\n|\n|t:|1776174648\n|switch|p1a: Garchomp|Garchomp, L50, F|100/100|[from] Parting Shot\n|-formechange|p2b: Aegislash|Aegislash-Blade|\n|move|p2b: Aegislash|Iron Head|p1b: Floette\n|-activate|p1b: Floette|move: Protect\n|\n|upkeep\n|turn|2\n|\n|t:|1776174674\n|switch|p1a: Incineroar|Incineroar, L50, M|100/100\n|-ability|p1a: Incineroar|Intimidate|boost\n|-unboost|p2a: Scovillain|atk|1\n|-unboost|p2b: Aegislash|atk|1\n|switch|p2b: Rotom|Rotom-Wash, L50, shiny|100/100\n|move|p2a: Scovillain|Rage Powder|p2a: Scovillain\n|-singleturn|p2a: Scovillain|move: Rage Powder\n|move|p1b: Floette|Calm Mind|p1b: Floette\n|-boost|p1b: Floette|spa|1\n|-boost|p1b: Floette|spd|1\n|\n|upkeep\n|turn|3\n|inactive|Battle timer is ON: inactive players will automatically lose when time's up. (requested by Jiggidy)\n|\n|t:|1776174717\n|move|p1a: Incineroar|Fake Out|p2b: Rotom\n|-damage|p2b: Rotom|86/100\n|move|p1b: Floette|Calm Mind|p1b: Floette\n|-boost|p1b: Floette|spa|1\n|-boost|p1b: Floette|spd|1\n|cant|p2b: Rotom|flinch\n|move|p2a: Scovillain|Flamethrower|p1b: Floette\n|-damage|p1b: Floette|89/100\n|\n|upkeep\n|turn|4\n|inactive|joej m has 30 seconds left.\n|\n|t:|1776174744\n|switch|p1a: Garchomp|Garchomp, L50, F|100/100\n|move|p1b: Floette|Dazzling Gleam|p2a: Scovillain|[spread] p2a,p2b\n|-resisted|p2a: Scovillain|1\n|-damage|p2a: Scovillain|27/100\n|-damage|p2b: Rotom|0 fnt\n|-status|p1b: Floette|brn|[from] ability: Spicy Spray|[of] p2a: Scovillain\n|faint|p2b: Rotom\n|move|p2a: Scovillain|Flamethrower|p1b: Floette\n|-damage|p1b: Floette|77/100 brn\n|\n|-damage|p1b: Floette|71/100 brn|[from] brn\n|upkeep\n|\n|t:|1776174760\n|switch|p2b: Hatterene|Hatterene, L50, F, shiny|100/100\n|turn|5\n|\n|t:|1776174776\n|move|p2a: Scovillain|Rage Powder|p2a: Scovillain\n|-singleturn|p2a: Scovillain|move: Rage Powder\n|move|p1a: Garchomp|Rock Slide|p2a: Scovillain|[spread] p2a,p2b\n|-supereffective|p2a: Scovillain|1\n|-damage|p2a: Scovillain|0 fnt\n|-damage|p2b: Hatterene|75/100\n|-status|p1a: Garchomp|brn|[from] ability: Spicy Spray|[of] p2a: Scovillain\n|faint|p2a: Scovillain\n|move|p1b: Floette|Moonblast|p2b: Hatterene\n|-damage|p2b: Hatterene|0 fnt\n|faint|p2b: Hatterene\n|\n|-damage|p1a: Garchomp|95/100 brn|[from] brn\n|-damage|p1b: Floette|65/100 brn|[from] brn\n|upkeep\n|-message|Jiggidy forfeited.\n|\n|win|joej m\n|raw|joej m's rating: 1295 &rarr; <strong>1317</strong><br />(+22 for winning)\n|raw|Jiggidy's rating: 1251 &rarr; <strong>1229</strong><br />(-22 for losing)\n|l|\u2606Jiggidy\n|player|p2|\n",
  "uploadtime": 1776174794,
  "views": 33,
  "formatid": "gen9championsvgc2026regma",
  "rating": 1229,
  "private": 0,
  "password": null
}