{
  "id": "gen9championsvgc2026regma-2580806714",
  "format": "[Gen 9 Champions] VGC 2026 Reg M-A",
  "players": [
    "GuitarManNoah",
    "Strawbs"
  ],
  "log": "|j|\u2606GuitarManNoah\n|j|\u2606Strawbs\n|t:|1775934025\n|gametype|doubles\n|player|p1|GuitarManNoah|2|1079\n|player|p2|Strawbs|volkner|1028\n|gen|9\n|tier|[Gen 9 Champions] VGC 2026 Reg M-A\n|rated|\n|rule|Species Clause: Limit one of each Pok\u00e9mon\n|rule|Item Clause: Limit 1 of each item\n|clearpoke\n|poke|p1|Charizard, L50, M|\n|poke|p1|Venusaur, L50, F|\n|poke|p1|Basculegion, L50, M|\n|poke|p1|Whimsicott, L50, F|\n|poke|p1|Sneasler, L50, F|\n|poke|p1|Kingambit, L50, F|\n|poke|p2|Decidueye-Hisui, L50, M|\n|poke|p2|Gengar, L50, F|\n|poke|p2|Kingambit, L50, M|\n|poke|p2|Meowstic, L50, M|\n|poke|p2|Vivillon, L50, F|\n|poke|p2|Empoleon, L50, M|\n|teampreview|4\n|\n|t:|1775934073\n|teamsize|p1|4\n|teamsize|p2|4\n|start\n|switch|p1a: Whimsicott|Whimsicott, L50, F|100/100\n|switch|p1b: Basculegion|Basculegion, L50, M|100/100\n|switch|p2a: Gengar|Gengar, L50, F|100/100\n|switch|p2b: Vivillon|Vivillon, L50, F|100/100\n|turn|1\n|\n|t:|1775934102\n|detailschange|p2a: Gengar|Gengar-Mega, L50, F\n|-mega|p2a: Gengar|Gengar|Gengarite\n|move|p2b: Vivillon|Rage Powder|p2b: Vivillon\n|-singleturn|p2b: Vivillon|move: Rage Powder\n|move|p1a: Whimsicott|Tailwind|p1a: Whimsicott\n|-sidestart|p1: GuitarManNoah|move: Tailwind\n|move|p1b: Basculegion|Last Respects|p2b: Vivillon\n|-damage|p2b: Vivillon|43/100\n|move|p2a: Gengar|Trick Room|p2a: Gengar\n|-fieldstart|move: Trick Room|[of] p2a: Gengar\n|\n|upkeep\n|turn|2\n|\n|t:|1775934137\n|switch|p1b: Charizard|Charizard, L50, M|100/100\n|move|p1a: Whimsicott|Protect|p1a: Whimsicott\n|-singleturn|p1a: Whimsicott|Protect\n|move|p2a: Gengar|Sludge Wave|p1b: Charizard|[spread] p2b,p1b\n|-activate|p1a: Whimsicott|move: Protect\n|-damage|p2b: Vivillon|0 fnt\n|-damage|p1b: Charizard|39/100\n|faint|p2b: Vivillon\n|\n|upkeep\n|\n|t:|1775934150\n|switch|p2b: Empoleon|Empoleon, L50, M|100/100\n|turn|3\n|\n|t:|1775934169\n|detailschange|p1b: Charizard|Charizard-Mega-Y, L50, M\n|-mega|p1b: Charizard|Charizard|Charizardite Y\n|-weather|SunnyDay|[from] ability: Drought|[of] p1b: Charizard\n|move|p2b: Empoleon|Ice Beam|p1a: Whimsicott\n|-supereffective|p1a: Whimsicott|1\n|-damage|p1a: Whimsicott|3/100\n|move|p2a: Gengar|Sludge Wave|p1b: Charizard|[spread] p1a,p1b\n|-immune|p2b: Empoleon\n|-supereffective|p1a: Whimsicott|2\n|-crit|p1b: Charizard\n|-damage|p1a: Whimsicott|0 fnt\n|-damage|p1b: Charizard|0 fnt\n|faint|p1a: Whimsicott\n|faint|p1b: Charizard\n|\n|-weather|SunnyDay|[upkeep]\n|upkeep\n|\n|t:|1775934183\n|switch|p1b: Sneasler|Sneasler, L50, F|100/100\n|switch|p1a: Basculegion|Basculegion, L50, M|100/100\n|turn|4\n|\n|t:|1775934209\n|move|p1b: Sneasler|Fake Out|p2b: Empoleon\n|-resisted|p2b: Empoleon|1\n|-damage|p2b: Empoleon|94/100\n|cant|p2b: Empoleon|flinch\n|move|p2a: Gengar|Shadow Ball|p1a: Basculegion\n|-supereffective|p1a: Basculegion|1\n|-damage|p1a: Basculegion|0 fnt\n|faint|p1a: Basculegion\n|\n|-weather|SunnyDay|[upkeep]\n|-heal|p2b: Empoleon|99/100|[from] item: Leftovers\n|-sideend|p1: GuitarManNoah|move: Tailwind\n|upkeep\n|turn|5\n|-message|GuitarManNoah forfeited.\n|\n|win|Strawbs\n|raw|GuitarManNoah's rating: 1079 &rarr; <strong>1054</strong><br />(-25 for losing)\n|raw|Strawbs's rating: 1028 &rarr; <strong>1069</strong><br />(+41 for winning)\n|l|\u2606GuitarManNoah\n|player|p1|\n",
  "uploadtime": 1775934240,
  "views": 13,
  "formatid": "gen9championsvgc2026regma",
  "rating": 1054,
  "private": 0,
  "password": null
}