{
  "id": "gen9championsvgc2026regma-2587169791",
  "format": "[Gen 9 Champions] VGC 2026 Reg M-A",
  "players": [
    "ultramanhaaah",
    "fdgbSFdgdavsdvf"
  ],
  "log": "|j|\u2606ultramanhaaah\n|j|\u2606fdgbSFdgdavsdvf\n|t:|1776503658\n|gametype|doubles\n|player|p1|ultramanhaaah|102|1000\n|player|p2|fdgbSFdgdavsdvf|acetrainerf-gen4|1026\n|gen|9\n|tier|[Gen 9 Champions] VGC 2026 Reg M-A\n|rated|\n|rule|Species Clause: Limit one of each Pok\u00e9mon\n|rule|Item Clause: Limit 1 of each item\n|clearpoke\n|poke|p1|Camerupt, L50, F|\n|poke|p1|Farigiraf, L50, M|\n|poke|p1|Torkoal, L50, M|\n|poke|p1|Klefki, L50, F|\n|poke|p1|Sinistcha, L50|\n|poke|p1|Ceruledge, L50, F|\n|poke|p2|Aerodactyl, L50, M|\n|poke|p2|Jolteon, L50, M|\n|poke|p2|Raichu-Alola, L50, M|\n|poke|p2|Garchomp, L50, F|\n|poke|p2|Steelix, L50, F|\n|poke|p2|Azumarill, L50, M|\n|teampreview|4\n|\n|t:|1776503705\n|teamsize|p1|4\n|teamsize|p2|4\n|start\n|switch|p1a: Torkoal|Torkoal, L50, M|100/100\n|switch|p1b: Farigiraf|Farigiraf, L50, M|100/100\n|switch|p2a: Garchomp|Garchomp, L50, F|100/100\n|switch|p2b: Azumarill|Azumarill, L50, M|100/100\n|-weather|SunnyDay|[from] ability: Drought|[of] p1a: Torkoal\n|turn|1\n|\n|t:|1776503733\n|move|p2a: Garchomp|Rock Slide|p1a: Torkoal|[spread] p1a,p1b\n|-supereffective|p1a: Torkoal|1\n|-damage|p1a: Torkoal|62/100\n|-damage|p1b: Farigiraf|82/100\n|move|p2b: Azumarill|Belly Drum|p2b: Azumarill\n|-damage|p2b: Azumarill|51/100\n|-setboost|p2b: Azumarill|atk|6|[from] move: Belly Drum\n|cant|p1a: Torkoal|flinch\n|cant|p1b: Farigiraf|flinch\n|\n|-weather|SunnyDay|[upkeep]\n|upkeep\n|turn|2\n|\n|t:|1776503756\n|switch|p1a: Sinistcha|Sinistcha, L50|100/100\n|-heal|p1b: Farigiraf|100/100|[from] ability: Hospitality|[of] p1a: Sinistcha\n|move|p2b: Azumarill|Aqua Jet||[still]\n|cant|p1b: Farigiraf|ability: Armor Tail|Aqua Jet|[of] p2b: Azumarill\n|move|p2a: Garchomp|Rock Slide|p1b: Farigiraf|[spread] p1a,p1b\n|-damage|p1a: Sinistcha|77/100\n|-damage|p1b: Farigiraf|83/100\n|cant|p1b: Farigiraf|flinch\n|\n|-weather|SunnyDay|[upkeep]\n|upkeep\n|turn|3\n|\n|t:|1776503779\n|move|p2a: Garchomp|Rock Slide|p1a: Sinistcha|[spread] p1a,p1b\n|-damage|p1a: Sinistcha|55/100\n|-damage|p1b: Farigiraf|65/100\n|move|p1a: Sinistcha|Life Dew|p1a: Sinistcha|[spread] p1a,p1b\n|-heal|p1a: Sinistcha|80/100\n|-heal|p1b: Farigiraf|90/100\n|move|p2b: Azumarill|Play Rough|p1a: Sinistcha\n|-damage|p1a: Sinistcha|0 fnt\n|faint|p1a: Sinistcha\n|move|p1b: Farigiraf|Trick Room|p1b: Farigiraf\n|-fieldstart|move: Trick Room|[of] p1b: Farigiraf\n|\n|-weather|SunnyDay|[upkeep]\n|upkeep\n|\n|t:|1776503798\n|switch|p1a: Torkoal|Torkoal, L50, M|62/100\n|turn|4\n|\n|t:|1776503807\n|move|p1b: Farigiraf|Helping Hand|p1a: Torkoal\n|-singleturn|p1a: Torkoal|Helping Hand|[of] p1b: Farigiraf\n|move|p2b: Azumarill|Protect|p2b: Azumarill\n|-singleturn|p2b: Azumarill|Protect\n|move|p1a: Torkoal|Heat Wave|p2b: Azumarill|[spread] p2a\n|-activate|p2b: Azumarill|move: Protect\n|-resisted|p2a: Garchomp|1\n|-damage|p2a: Garchomp|63/100\n|move|p2a: Garchomp|Rock Slide|p1b: Farigiraf|[spread] p1a,p1b\n|-supereffective|p1a: Torkoal|1\n|-damage|p1a: Torkoal|27/100\n|-damage|p1b: Farigiraf|73/100\n|\n|-weather|SunnyDay|[upkeep]\n|upkeep\n|turn|5\n|\n|t:|1776503828\n|move|p1b: Farigiraf|Helping Hand|p1a: Torkoal\n|-singleturn|p1a: Torkoal|Helping Hand|[of] p1b: Farigiraf\n|move|p1a: Torkoal|Solar Beam||[still]\n|-prepare|p1a: Torkoal|Solar Beam\n|-anim|p1a: Torkoal|Solar Beam|p2b: Azumarill\n|-supereffective|p2b: Azumarill|1\n|-damage|p2b: Azumarill|0 fnt\n|faint|p2b: Azumarill\n|move|p2a: Garchomp|Rock Slide|p1a: Torkoal|[spread] p1b\n|-miss|p2a: Garchomp|p1a: Torkoal\n|-damage|p1b: Farigiraf|55/100\n|\n|-weather|none\n|upkeep\n|\n|t:|1776503840\n|switch|p2b: Steelix|Steelix, L50, F|100/100\n|turn|6\n|\n|t:|1776503850\n|detailschange|p2b: Steelix|Steelix-Mega, L50, F\n|-mega|p2b: Steelix|Steelix|Steelixite\n|move|p1a: Torkoal|Heat Wave|p2a: Garchomp|[spread] p2a,p2b\n|-resisted|p2a: Garchomp|1\n|-supereffective|p2b: Steelix|1\n|-damage|p2a: Garchomp|45/100\n|-damage|p2b: Steelix|53/100\n|move|p2b: Steelix|Body Press|p1b: Farigiraf\n|-damage|p1b: Farigiraf|22/100\n|move|p1b: Farigiraf|Sunny Day|p1b: Farigiraf\n|-weather|SunnyDay\n|move|p2a: Garchomp|Rock Slide|p1a: Torkoal|[spread] p1a,p1b\n|-supereffective|p1a: Torkoal|1\n|-damage|p1a: Torkoal|0 fnt\n|-damage|p1b: Farigiraf|5/100\n|faint|p1a: Torkoal\n|\n|-weather|SunnyDay|[upkeep]\n|upkeep\n|\n|t:|1776503868\n|switch|p1a: Camerupt|Camerupt, L50, F|100/100\n|turn|7\n|\n|t:|1776503891\n|detailschange|p1a: Camerupt|Camerupt-Mega, L50, F\n|-mega|p1a: Camerupt|Camerupt|Cameruptite\n|move|p1b: Farigiraf|Helping Hand|p1a: Camerupt\n|-singleturn|p1a: Camerupt|Helping Hand|[of] p1b: Farigiraf\n|move|p1a: Camerupt|Heat Wave|p2b: Steelix|[spread] p2a,p2b\n|-resisted|p2a: Garchomp|1\n|-supereffective|p2b: Steelix|1\n|-damage|p2a: Garchomp|0 fnt\n|-damage|p2b: Steelix|0 fnt\n|faint|p2a: Garchomp\n|faint|p2b: Steelix\n|\n|-weather|SunnyDay|[upkeep]\n|-fieldend|move: Trick Room\n|upkeep\n|\n|t:|1776503907\n|switch|p2a: Aerodactyl|Aerodactyl, L50, M|100/100\n|-ability|p2a: Aerodactyl|Unnerve\n|turn|8\n|\n|t:|1776503932\n|move|p1b: Farigiraf|Helping Hand|p1a: Camerupt\n|-singleturn|p1a: Camerupt|Helping Hand|[of] p1b: Farigiraf\n|move|p2a: Aerodactyl|Rock Slide|p1b: Farigiraf|[spread] p1a\n|-miss|p2a: Aerodactyl|p1b: Farigiraf\n|-damage|p1a: Camerupt|74/100\n|move|p1a: Camerupt|Heat Wave|p2a: Aerodactyl\n|-resisted|p2a: Aerodactyl|1\n|-enditem|p2a: Aerodactyl|Focus Sash\n|-damage|p2a: Aerodactyl|1/100\n|\n|-weather|SunnyDay|[upkeep]\n|upkeep\n|turn|9\n|\n|t:|1776503948\n|move|p2a: Aerodactyl|Rock Slide|p1b: Farigiraf|[spread] \n|-miss|p2a: Aerodactyl|p1a: Camerupt\n|-miss|p2a: Aerodactyl|p1b: Farigiraf\n|move|p1b: Farigiraf|Hyper Voice|p2a: Aerodactyl\n|-resisted|p2a: Aerodactyl|1\n|-damage|p2a: Aerodactyl|0 fnt\n|faint|p2a: Aerodactyl\n|\n|win|ultramanhaaah\n|raw|ultramanhaaah's rating: 1000 &rarr; <strong>1043</strong><br />(+43 for winning)\n|raw|fdgbSFdgdavsdvf's rating: 1026 &rarr; <strong>1011</strong><br />(-15 for losing)\n|l|\u2606fdgbSFdgdavsdvf\n|player|p2|\n",
  "uploadtime": 1776503960,
  "views": 35,
  "formatid": "gen9championsvgc2026regma",
  "rating": 1011,
  "private": 0,
  "password": null
}