{
  "id": "gen9championsvgc2026regma-2586415870",
  "format": "[Gen 9 Champions] VGC 2026 Reg M-A",
  "players": [
    "NightjarCore",
    "YeetThings0"
  ],
  "log": "|j|\u2606NightjarCore\n|j|\u2606YeetThings0\n|t:|1776433117\n|gametype|doubles\n|player|p1|NightjarCore|n|1034\n|player|p2|YeetThings0|shadowtriad|1042\n|gen|9\n|tier|[Gen 9 Champions] VGC 2026 Reg M-A\n|rated|\n|rule|Species Clause: Limit one of each Pok\u00e9mon\n|rule|Item Clause: Limit 1 of each item\n|clearpoke\n|poke|p1|Charizard, L50, F|\n|poke|p1|Venusaur, L50, M|\n|poke|p1|Incineroar, L50, F|\n|poke|p1|Sneasler, L50, M|\n|poke|p1|Garchomp, L50, F|\n|poke|p1|Rotom-Wash, L50|\n|poke|p2|Tyranitar, L50, M|\n|poke|p2|Glimmora, L50, F|\n|poke|p2|Excadrill, L50, F|\n|poke|p2|Garchomp, L50, F|\n|poke|p2|Orthworm, L50, F|\n|poke|p2|Rotom-Heat, L50|\n|teampreview|4\n|inactive|Battle timer is ON: inactive players will automatically lose when time's up. (requested by YeetThings0)\nYeetThings0 has agreed to open team sheets.\n|inactive|YeetThings0 has 60 seconds left.\n|\n|t:|1776433149\n|teamsize|p1|4\n|teamsize|p2|4\n|start\n|switch|p1a: Garchomp|Garchomp, L50, F|100/100\n|switch|p1b: Sneasler|Sneasler, L50, M|100/100\n|switch|p2a: Orthworm|Orthworm, L50, F|100/100\n|switch|p2b: Excadrill|Excadrill, L50, F|100/100\n|turn|1\n|\n|t:|1776433166\n|move|p2a: Orthworm|Protect|p2a: Orthworm\n|-singleturn|p2a: Orthworm|Protect\n|move|p2b: Excadrill|Drill Run|p1b: Sneasler\n|-supereffective|p1b: Sneasler|1\n|-enditem|p1b: Sneasler|Focus Sash\n|-damage|p1b: Sneasler|1/100\n|move|p1b: Sneasler|Rain Dance|p1b: Sneasler\n|-weather|RainDance\n|move|p1a: Garchomp|Liquidation|p2b: Excadrill\n|-supereffective|p2b: Excadrill|1\n|-damage|p2b: Excadrill|0 fnt\n|faint|p2b: Excadrill\n|\n|-weather|RainDance|[upkeep]\n|upkeep\n|\n|t:|1776433178\n|switch|p2b: Tyranitar|Tyranitar, L50, M|100/100\n|-weather|Sandstorm|[from] ability: Sand Stream|[of] p2b: Tyranitar\n|turn|2\n|c|\u2606YeetThings0|bro what\n|\n|t:|1776433190\n|detailschange|p1a: Garchomp|Garchomp-Mega, L50, F\n|-mega|p1a: Garchomp|Garchomp|Garchompite\n|move|p1b: Sneasler|Rain Dance|p1b: Sneasler\n|-weather|RainDance\n|move|p1a: Garchomp|Liquidation|p2b: Tyranitar\n|-supereffective|p2b: Tyranitar|1\n|-damage|p2b: Tyranitar|2/100\n|move|p2b: Tyranitar|Heavy Slam|p1a: Garchomp\n|-damage|p1a: Garchomp|82/100\n|move|p2a: Orthworm|Shed Tail|p2a: Orthworm\n|-start|p2a: Orthworm|Substitute|[from] move: Shed Tail\n|-damage|p2a: Orthworm|50/100\n|-enditem|p2a: Orthworm|Sitrus Berry|[eat]\n|-heal|p2a: Orthworm|75/100|[from] item: Sitrus Berry\n|\n|t:|1776433201\n|switch|p2a: Glimmora|Glimmora, L50, F|100/100|[from] Shed Tail\n|\n|-weather|RainDance|[upkeep]\n|-heal|p2b: Tyranitar|8/100|[from] item: Leftovers\n|upkeep\n|turn|3\n|c|\u2606NightjarCore|:)\n|\n|t:|1776433217\n|switch|p2b: Orthworm|Orthworm, L50, F|75/100\n|detailschange|p2a: Glimmora|Glimmora-Mega, L50, F\n|-mega|p2a: Glimmora|Glimmora|Glimmoranite\n|move|p1b: Sneasler|Dire Claw|p2b: Orthworm\n|-immune|p2b: Orthworm\n|move|p2a: Glimmora|Earth Power|p1a: Garchomp\n|-damage|p1a: Garchomp|50/100\n|move|p1a: Garchomp|Earthquake|p2b: Orthworm|[spread] p1b,p2a\n|-heal|p2b: Orthworm|99/100|[from] ability: Earth Eater|[of] p1a: Garchomp\n|-supereffective|p2a: Glimmora|2\n|-end|p2a: Glimmora|Substitute\n|-supereffective|p1b: Sneasler|1\n|-damage|p1b: Sneasler|0 fnt\n|faint|p1b: Sneasler\n|\n|-weather|RainDance|[upkeep]\n|upkeep\n|c|\u2606YeetThings0|this set is kinda insane\n|\n|t:|1776433239\n|switch|p1b: Incineroar|Incineroar, L50, F|100/100\n|turn|4\n|\n|t:|1776433251\n|switch|p1a: Charizard|Charizard, L50, F|100/100\n|move|p2a: Glimmora|Protect|p2a: Glimmora\n|-singleturn|p2a: Glimmora|Protect\n|move|p2b: Orthworm|Iron Defense|p2b: Orthworm\n|-boost|p2b: Orthworm|def|2\n|move|p1b: Incineroar|Nasty Plot|p1b: Incineroar\n|-boost|p1b: Incineroar|spa|2\n|\n|-weather|RainDance|[upkeep]\n|upkeep\n|turn|5\n|\n|t:|1776433273\n|move|p1a: Charizard|Sunny Day|p1a: Charizard\n|-weather|SunnyDay\n|move|p2a: Glimmora|Power Gem|p1a: Charizard\n|-supereffective|p1a: Charizard|2\n|-damage|p1a: Charizard|0 fnt\n|faint|p1a: Charizard\n|move|p2b: Orthworm|Body Press|p1b: Incineroar\n|-supereffective|p1b: Incineroar|1\n|-damage|p1b: Incineroar|0 fnt\n|faint|p1b: Incineroar\n|\n|-weather|SunnyDay|[upkeep]\n|upkeep\n|c|\u2606NightjarCore|damn\n|c|\u2606NightjarCore|gg\n|c|\u2606YeetThings0|bro im so confused what\n|\n|t:|1776433288\n|switch|p1b: Garchomp|Garchomp-Mega, L50, F|50/100\n|turn|6\n|c|\u2606NightjarCore|that's the point ;)\n|\n|t:|1776433297\n|move|p2a: Glimmora|Earth Power|p1b: Garchomp\n|-damage|p1b: Garchomp|20/100\n|-unboost|p1b: Garchomp|spd|1\n|move|p1b: Garchomp|Earthquake|p2b: Orthworm|[spread] p2a\n|-heal|p2b: Orthworm|100/100|[from] ability: Earth Eater|[of] p1b: Garchomp\n|-supereffective|p2a: Glimmora|2\n|-damage|p2a: Glimmora|0 fnt\n|faint|p2a: Glimmora\n|move|p2b: Orthworm|Body Press|p1b: Garchomp\n|-damage|p1b: Garchomp|0 fnt\n|faint|p1b: Garchomp\n|\n|win|YeetThings0\n|raw|NightjarCore's rating: 1034 &rarr; <strong>1019</strong><br />(-15 for losing)\n|raw|YeetThings0's rating: 1042 &rarr; <strong>1075</strong><br />(+33 for winning)\n",
  "uploadtime": 1776433308,
  "views": 24,
  "formatid": "gen9championsvgc2026regma",
  "rating": 1019,
  "private": 0,
  "password": null
}