{
  "id": "gen9championsvgc2026regma-2580656478",
  "format": "[Gen 9 Champions] VGC 2026 Reg M-A",
  "players": [
    "Yx7",
    "MaknussiYksi"
  ],
  "log": "|j|\u2606Yx7\n|j|\u2606MaknussiYksi\n|t:|1775921820\n|gametype|doubles\n|player|p1|Yx7|2|1063\n|player|p2|MaknussiYksi|265|1152\n|gen|9\n|tier|[Gen 9 Champions] VGC 2026 Reg M-A\n|rated|\n|rule|Species Clause: Limit one of each Pok\u00e9mon\n|rule|Item Clause: Limit 1 of each item\n|clearpoke\n|poke|p1|Tyranitar, L50, F|\n|poke|p1|Excadrill, L50, M|\n|poke|p1|Sylveon, L50, M|\n|poke|p1|Sinistcha, L50|\n|poke|p1|Corviknight, L50, F|\n|poke|p1|Incineroar, L50, M|\n|poke|p2|Glimmora, L50, M|\n|poke|p2|Whimsicott, L50, F|\n|poke|p2|Incineroar, L50, M|\n|poke|p2|Tyranitar, L50, M|\n|poke|p2|Rotom-Wash, L50|\n|poke|p2|Garchomp, L50, F|\n|teampreview|4\n|inactive|Battle timer is ON: inactive players will automatically lose when time's up. (requested by MaknussiYksi)\n|inactive|Yx7 has 60 seconds left.\n|inactive|MaknussiYksi has 60 seconds left.\n|\n|t:|1775921870\n|teamsize|p1|4\n|teamsize|p2|4\n|start\n|switch|p1a: Corviknight|Corviknight, L50, F|100/100\n|switch|p1b: Incineroar|Incineroar, L50, M|100/100\n|switch|p2a: Whimsicott|Whimsicott, L50, F|100/100\n|switch|p2b: Tyranitar|Tyranitar, L50, M|100/100\n|-weather|Sandstorm|[from] ability: Sand Stream|[of] p2b: Tyranitar\n|-ability|p1b: Incineroar|Intimidate|boost\n|-unboost|p2a: Whimsicott|atk|1\n|-unboost|p2b: Tyranitar|atk|1\n|turn|1\n|inactive|Yx7 has 30 seconds left.\n|inactive|Yx7 has 20 seconds left.\n|\n|t:|1775921905\n|switch|p2a: Incineroar|Incineroar, L50, M|100/100\n|-ability|p2a: Incineroar|Intimidate|boost\n|-ability|p1a: Corviknight|Mirror Armor\n|-unboost|p2a: Incineroar|atk|1\n|-unboost|p1b: Incineroar|atk|1\n|move|p1b: Incineroar|Fake Out|p2b: Tyranitar\n|-resisted|p2b: Tyranitar|1\n|-damage|p2b: Tyranitar|97/100\n|cant|p2b: Tyranitar|flinch\n|move|p1a: Corviknight|Tailwind|p1a: Corviknight\n|-sidestart|p1: Yx7|move: Tailwind\n|\n|-weather|Sandstorm|[upkeep]\n|-damage|p1b: Incineroar|95/100|[from] Sandstorm\n|-damage|p2a: Incineroar|95/100|[from] Sandstorm\n|upkeep\n|turn|2\n|\n|t:|1775921928\n|move|p1a: Corviknight|Iron Head|p2b: Tyranitar\n|-supereffective|p2b: Tyranitar|1\n|-damage|p2b: Tyranitar|52/100\n|move|p1b: Incineroar|Parting Shot|p2b: Tyranitar\n|-unboost|p2b: Tyranitar|atk|1\n|-unboost|p2b: Tyranitar|spa|1\n|\n|t:|1775921936\n|switch|p1b: Excadrill|Excadrill, L50, M|100/100|[from] Parting Shot\n|cant|p2b: Tyranitar|flinch\n|move|p2a: Incineroar|Parting Shot|p1b: Excadrill\n|-unboost|p1b: Excadrill|atk|1\n|-unboost|p1b: Excadrill|spa|1\n|\n|t:|1775921948\n|switch|p2a: Rotom|Rotom-Wash, L50|100/100|[from] Parting Shot\n|-enditem|p1b: Excadrill|White Herb\n|-clearnegativeboost|p1b: Excadrill|[silent]\n|\n|-weather|Sandstorm|[upkeep]\n|-damage|p2a: Rotom|95/100|[from] Sandstorm\n|upkeep\n|turn|3\n|\n|t:|1775921971\n|switch|p2b: Incineroar|Incineroar, L50, M|95/100\n|-ability|p2b: Incineroar|Intimidate|boost\n|-ability|p1a: Corviknight|Mirror Armor\n|-unboost|p2b: Incineroar|atk|1\n|-unboost|p1b: Excadrill|atk|1\n|move|p1b: Excadrill|Rock Slide|p2a: Rotom|[spread] p2a,p2b\n|-supereffective|p2b: Incineroar|1\n|-damage|p2a: Rotom|77/100\n|-damage|p2b: Incineroar|73/100\n|move|p2a: Rotom|Volt Switch|p1a: Corviknight\n|-supereffective|p1a: Corviknight|1\n|-damage|p1a: Corviknight|33/100\n|\n|t:|1775921987\n|switch|p2a: Whimsicott|Whimsicott, L50, F|100/100|[from] Volt Switch\n|move|p1a: Corviknight|Iron Head|p2b: Incineroar\n|-resisted|p2b: Incineroar|1\n|-damage|p2b: Incineroar|61/100\n|\n|-weather|Sandstorm|[upkeep]\n|-damage|p2a: Whimsicott|95/100|[from] Sandstorm\n|-damage|p2b: Incineroar|55/100|[from] Sandstorm\n|upkeep\n|turn|4\n|\n|t:|1775922009\n|switch|p1a: Incineroar|Incineroar, L50, M|95/100\n|-ability|p1a: Incineroar|Intimidate|boost\n|-unboost|p2a: Whimsicott|atk|1\n|-unboost|p2b: Incineroar|atk|1\n|move|p2a: Whimsicott|Protect|p2a: Whimsicott\n|-singleturn|p2a: Whimsicott|Protect\n|move|p1b: Excadrill|Iron Head|p2a: Whimsicott\n|-activate|p2a: Whimsicott|move: Protect\n|move|p2b: Incineroar|Flare Blitz|p1a: Incineroar\n|-resisted|p1a: Incineroar|1\n|-damage|p1a: Incineroar|84/100\n|-damage|p2b: Incineroar|52/100|[from] Recoil\n|\n|-weather|Sandstorm|[upkeep]\n|-damage|p1a: Incineroar|78/100|[from] Sandstorm\n|-damage|p2a: Whimsicott|89/100|[from] Sandstorm\n|-damage|p2b: Incineroar|46/100|[from] Sandstorm\n|-enditem|p2b: Incineroar|Sitrus Berry|[eat]\n|-heal|p2b: Incineroar|71/100|[from] item: Sitrus Berry\n|-sideend|p1: Yx7|move: Tailwind\n|upkeep\n|turn|5\n|inactive|Yx7 has 30 seconds left.\n|\n|t:|1775922038\n|switch|p2a: Rotom|Rotom-Wash, L50|77/100\n|move|p1a: Incineroar|Fake Out|p2b: Incineroar\n|-damage|p2b: Incineroar|61/100\n|move|p1b: Excadrill|Iron Head|p2a: Rotom\n|-resisted|p2a: Rotom|2\n|-damage|p2a: Rotom|68/100\n|cant|p2b: Incineroar|flinch\n|\n|-weather|none\n|upkeep\n|turn|6\n|inactive|Yx7 has 30 seconds left.\n|\n|t:|1775922066\n|move|p1b: Excadrill|Protect|p1b: Excadrill\n|-singleturn|p1b: Excadrill|Protect\n|move|p2a: Rotom|Hydro Pump|p1b: Excadrill\n|-activate|p1b: Excadrill|move: Protect\n|move|p2b: Incineroar|Parting Shot|p1a: Incineroar\n|-unboost|p1a: Incineroar|atk|1\n|-unboost|p1a: Incineroar|spa|1\n|\n|t:|1775922080\n|switch|p2b: Whimsicott|Whimsicott, L50, F|89/100|[from] Parting Shot\n|move|p1a: Incineroar|Parting Shot|p2a: Rotom\n|-unboost|p2a: Rotom|atk|1\n|-unboost|p2a: Rotom|spa|1\n|\n|t:|1775922090\n|switch|p1a: Corviknight|Corviknight, L50, F|33/100|[from] Parting Shot\n|\n|upkeep\n|turn|7\n|\n|t:|1775922105\n|switch|p2a: Incineroar|Incineroar, L50, M|61/100\n|-ability|p2a: Incineroar|Intimidate|boost\n|-ability|p1a: Corviknight|Mirror Armor\n|-unboost|p2a: Incineroar|atk|1\n|-unboost|p1b: Excadrill|atk|1\n|move|p2b: Whimsicott|Protect|p2b: Whimsicott\n|-singleturn|p2b: Whimsicott|Protect\n|move|p1b: Excadrill|Rock Slide|p2a: Incineroar|[spread] p2a\n|-activate|p2b: Whimsicott|move: Protect\n|-supereffective|p2a: Incineroar|1\n|-damage|p2a: Incineroar|42/100\n|move|p1a: Corviknight|Tailwind|p1a: Corviknight\n|-sidestart|p1: Yx7|move: Tailwind\n|\n|upkeep\n|turn|8\n|inactive|Yx7 has 30 seconds left.\n|inactive|MaknussiYksi has 30 seconds left.\n|\n|t:|1775922139\n|switch|p1b: Incineroar|Incineroar, L50, M|78/100\n|-ability|p1b: Incineroar|Intimidate|boost\n|-unboost|p2a: Incineroar|atk|1\n|-unboost|p2b: Whimsicott|atk|1\n|move|p2b: Whimsicott|Tailwind|p2b: Whimsicott\n|-sidestart|p2: MaknussiYksi|move: Tailwind\n|move|p1a: Corviknight|Brave Bird|p2b: Whimsicott\n|-supereffective|p2b: Whimsicott|1\n|-damage|p2b: Whimsicott|24/100\n|-damage|p1a: Corviknight|16/100|[from] Recoil\n|move|p2a: Incineroar|Flare Blitz|p1b: Incineroar\n|-resisted|p1b: Incineroar|1\n|-damage|p1b: Incineroar|68/100\n|-damage|p2a: Incineroar|39/100|[from] Recoil\n|\n|upkeep\n|turn|9\n|\n|t:|1775922162\n|move|p2b: Whimsicott|Protect|p2b: Whimsicott\n|-singleturn|p2b: Whimsicott|Protect\n|move|p1b: Incineroar|Fake Out|p2b: Whimsicott\n|-activate|p2b: Whimsicott|move: Protect\n|move|p1a: Corviknight|Iron Head|p2b: Whimsicott\n|-activate|p2b: Whimsicott|move: Protect\n|move|p2a: Incineroar|Flare Blitz|p1a: Corviknight\n|-supereffective|p1a: Corviknight|1\n|-enditem|p1a: Corviknight|Occa Berry|[eat]\n|-enditem|p1a: Corviknight|Occa Berry|[weaken]\n|-damage|p1a: Corviknight|1/100\n|-damage|p2a: Incineroar|34/100|[from] Recoil\n|\n|upkeep\n|turn|10\n|\n|t:|1775922182\n|move|p2b: Whimsicott|Moonblast|p1a: Corviknight\n|-resisted|p1a: Corviknight|1\n|-damage|p1a: Corviknight|0 fnt\n|faint|p1a: Corviknight\n|move|p1b: Incineroar|Parting Shot|p2a: Incineroar\n|-unboost|p2a: Incineroar|atk|1\n|-unboost|p2a: Incineroar|spa|1\n|\n|t:|1775922190\n|switch|p1b: Excadrill|Excadrill, L50, M|100/100|[from] Parting Shot\n|move|p2a: Incineroar|Parting Shot|p1b: Excadrill\n|-unboost|p1b: Excadrill|atk|1\n|-unboost|p1b: Excadrill|spa|1\n|\n|t:|1775922198\n|switch|p2a: Rotom|Rotom-Wash, L50|68/100|[from] Parting Shot\n|\n|-sideend|p1: Yx7|move: Tailwind\n|upkeep\n|\n|t:|1775922208\n|switch|p1a: Tyranitar|Tyranitar, L50, F|100/100\n|-weather|Sandstorm|[from] ability: Sand Stream|[of] p1a: Tyranitar\n|turn|11\n|inactive|Yx7 has 30 seconds left.\n|inactive|Yx7 has 20 seconds left.\n|inactive|Yx7 has 15 seconds left.\n|\n|t:|1775922251\n|switch|p1b: Incineroar|Incineroar, L50, M|68/100\n|-ability|p1b: Incineroar|Intimidate|boost\n|-unboost|p2a: Rotom|atk|1\n|-unboost|p2b: Whimsicott|atk|1\n|detailschange|p1a: Tyranitar|Tyranitar-Mega, L50, F\n|-mega|p1a: Tyranitar|Tyranitar|Tyranitarite\n|move|p2b: Whimsicott|Protect|p2b: Whimsicott\n|-singleturn|p2b: Whimsicott|Protect\n|move|p2a: Rotom|Hydro Pump|p1b: Incineroar\n|-supereffective|p1b: Incineroar|1\n|-damage|p1b: Incineroar|0 fnt\n|faint|p1b: Incineroar\n|move|p1a: Tyranitar|Rock Slide|p2b: Whimsicott|[spread] p2a\n|-activate|p2b: Whimsicott|move: Protect\n|-damage|p2a: Rotom|12/100\n|\n|-weather|Sandstorm|[upkeep]\n|-damage|p2a: Rotom|6/100|[from] Sandstorm\n|-damage|p2b: Whimsicott|18/100|[from] Sandstorm\n|-sideend|p2: MaknussiYksi|move: Tailwind\n|upkeep\n|\n|t:|1775922272\n|switch|p1b: Excadrill|Excadrill, L50, M|100/100\n|turn|12\n|\n|t:|1775922285\n|switch|p2a: Incineroar|Incineroar, L50, M|34/100\n|-ability|p2a: Incineroar|Intimidate|boost\n|-unboost|p1a: Tyranitar|atk|1\n|-unboost|p1b: Excadrill|atk|1\n|move|p2b: Whimsicott|Tailwind|p2b: Whimsicott\n|-sidestart|p2: MaknussiYksi|move: Tailwind\n|move|p1b: Excadrill|Rock Slide|p2a: Incineroar|[spread] \n|-miss|p1b: Excadrill|p2a: Incineroar\n|-miss|p1b: Excadrill|p2b: Whimsicott\n|move|p1a: Tyranitar|Rock Slide|p2b: Whimsicott|[spread] p2b\n|-miss|p1a: Tyranitar|p2a: Incineroar\n|-damage|p2b: Whimsicott|0 fnt\n|faint|p2b: Whimsicott\n|\n|-weather|Sandstorm|[upkeep]\n|-damage|p2a: Incineroar|28/100|[from] Sandstorm\n|upkeep\n|inactive|MaknussiYksi has 30 seconds left.\n|\n|t:|1775922316\n|switch|p2b: Rotom|Rotom-Wash, L50|6/100\n|turn|13\n|\n|t:|1775922327\n|move|p2a: Incineroar|Fake Out|p1a: Tyranitar\n|-resisted|p1a: Tyranitar|1\n|-damage|p1a: Tyranitar|97/100\n|move|p2b: Rotom|Hydro Pump|p1b: Excadrill\n|-supereffective|p1b: Excadrill|1\n|-damage|p1b: Excadrill|0 fnt\n|faint|p1b: Excadrill\n|cant|p1a: Tyranitar|flinch\n|\n|-weather|Sandstorm|[upkeep]\n|-damage|p2b: Rotom|0 fnt|[from] Sandstorm\n|-damage|p2a: Incineroar|22/100|[from] Sandstorm\n|faint|p2b: Rotom\n|upkeep\n|\n|t:|1775922336\n|switch|p2b: Tyranitar|Tyranitar, L50, M|52/100\n|turn|14\n|\n|t:|1775922343\n|move|p2b: Tyranitar|Low Kick|p1a: Tyranitar\n|-supereffective|p1a: Tyranitar|2\n|-damage|p1a: Tyranitar|0 fnt\n|faint|p1a: Tyranitar\n|\n|win|MaknussiYksi\n|raw|Yx7's rating: 1063 &rarr; <strong>1048</strong><br />(-15 for losing)\n|raw|MaknussiYksi's rating: 1152 &rarr; <strong>1171</strong><br />(+19 for winning)\n|c|\u2606MaknussiYksi|gg\n",
  "uploadtime": 1775922354,
  "views": 15,
  "formatid": "gen9championsvgc2026regma",
  "rating": 1048,
  "private": 0,
  "password": null
}