{
  "id": "gen9championsvgc2026regma-2587928450",
  "format": "[Gen 9 Champions] VGC 2026 Reg M-A",
  "players": [
    "michaelgscott",
    "duffmcwhaling"
  ],
  "log": "|j|\u2606michaelgscott\n|j|\u2606duffmcwhaling\n|t:|1776580366\n|gametype|doubles\n|player|p1|michaelgscott|veteran|1177\n|player|p2|duffmcwhaling|scientist-gen4dp|1236\n|gen|9\n|tier|[Gen 9 Champions] VGC 2026 Reg M-A\n|rated|\n|rule|Species Clause: Limit one of each Pok\u00e9mon\n|rule|Item Clause: Limit 1 of each item\n|clearpoke\n|poke|p1|Dragapult, L50, M|\n|poke|p1|Kingambit, L50, M|\n|poke|p1|Basculegion, L50, M|\n|poke|p1|Sneasler, L50, F|\n|poke|p1|Meganium, L50, M|\n|poke|p1|Zoroark-Hisui, L50, F|\n|poke|p2|Glimmora, L50, F|\n|poke|p2|Talonflame, L50, M|\n|poke|p2|Tyranitar, L50, F|\n|poke|p2|Garchomp, L50, F|\n|poke|p2|Farigiraf, L50, M|\n|poke|p2|Ninetales-Alola, L50, F|\n|teampreview|4\n|inactive|Battle timer is ON: inactive players will automatically lose when time's up. (requested by michaelgscott)\n|\n|t:|1776580408\n|teamsize|p1|4\n|teamsize|p2|4\n|start\n|switch|p1a: Dragapult|Dragapult, L50, M|100/100\n|switch|p1b: Meganium|Meganium, L50, M|100/100\n|switch|p2a: Talonflame|Talonflame, L50, M|100/100\n|switch|p2b: Garchomp|Garchomp, L50, F|100/100\n|turn|1\n|inactive|michaelgscott has 30 seconds left.\n|\n|t:|1776580434\n|move|p2a: Talonflame|Tailwind|p2a: Talonflame\n|-sidestart|p2: duffmcwhaling|move: Tailwind\n|move|p2b: Garchomp|Earthquake|p1b: Meganium|[spread] p1a,p1b\n|-immune|p2a: Talonflame\n|-damage|p1a: Dragapult|50/100\n|-damage|p1b: Meganium|16/100\n|replace|p1b: Zoroark|Zoroark-Hisui, L50, F\n|-end|p1b: Zoroark|Illusion\n|move|p1a: Dragapult|Phantom Force||[still]\n|-prepare|p1a: Dragapult|Phantom Force\n|move|p1b: Zoroark|Hyper Voice|p2a: Talonflame|[spread] p2a,p2b\n|-damage|p2a: Talonflame|51/100\n|-damage|p2b: Garchomp|64/100\n|\n|upkeep\n|turn|2\n|inactive|duffmcwhaling has 30 seconds left.\n|\n|t:|1776580466\n|switch|p2b: Farigiraf|Farigiraf, L50, M|100/100\n|move|p1b: Zoroark|Protect|p1b: Zoroark\n|-singleturn|p1b: Zoroark|Protect\n|move|p2a: Talonflame|Flare Blitz|p1b: Zoroark\n|-activate|p1b: Zoroark|move: Protect\n|move|p1a: Dragapult|Phantom Force|p2a: Talonflame|[from] lockedmove\n|-damage|p2a: Talonflame|0 fnt\n|faint|p2a: Talonflame\n|\n|upkeep\n|\n|t:|1776580487\n|switch|p2a: Garchomp|Garchomp, L50, F|64/100\n|turn|3\n|\n|t:|1776580509\n|switch|p1b: Meganium|Meganium, L50, M|100/100\n|move|p2b: Farigiraf|Protect|p2b: Farigiraf\n|-singleturn|p2b: Farigiraf|Protect\n|move|p2a: Garchomp|Earthquake|p1a: Dragapult|[spread] p1a,p1b\n|-activate|p2b: Farigiraf|move: Protect\n|-resisted|p1b: Meganium|1\n|-damage|p1a: Dragapult|0 fnt\n|-damage|p1b: Meganium|83/100\n|faint|p1a: Dragapult\n|\n|upkeep\n|\n|t:|1776580521\n|switch|p1a: Kingambit|Kingambit, L50, M|16/100\n|turn|4\n|inactive|duffmcwhaling has 30 seconds left.\n|\n|t:|1776580553\n|switch|p2b: Glimmora|Glimmora, L50, F|100/100\n|detailschange|p1b: Meganium|Meganium-Mega, L50, M\n|-mega|p1b: Meganium|Meganium|Meganiumite\n|move|p1a: Kingambit|Protect|p1a: Kingambit\n|-singleturn|p1a: Kingambit|Protect\n|move|p2a: Garchomp|Dragon Claw|p1a: Kingambit\n|-activate|p1a: Kingambit|move: Protect\n|move|p1b: Meganium|Dazzling Gleam|p2a: Garchomp|[spread] p2a,p2b\n|-supereffective|p2a: Garchomp|1\n|-resisted|p2b: Glimmora|1\n|-damage|p2a: Garchomp|0 fnt\n|-damage|p2b: Glimmora|82/100\n|faint|p2a: Garchomp\n|\n|-sideend|p2: duffmcwhaling|move: Tailwind\n|upkeep\n|\n|t:|1776580563\n|switch|p2a: Farigiraf|Farigiraf, L50, M|100/100\n|turn|5\n|inactive|michaelgscott has 30 seconds left.\n|inactive|michaelgscott has 20 seconds left.\n|\n|t:|1776580599\n|detailschange|p2b: Glimmora|Glimmora-Mega, L50, F\n|-mega|p2b: Glimmora|Glimmora|Glimmoranite\n|move|p2a: Farigiraf|Protect|p2a: Farigiraf\n|-singleturn|p2a: Farigiraf|Protect\n|move|p1a: Kingambit|Hyper Voice|p2b: Glimmora|[spread] p2b\n|-activate|p2a: Farigiraf|move: Protect\n|-resisted|p2b: Glimmora|1\n|-damage|p2b: Glimmora|64/100\n|move|p2b: Glimmora|Sludge Wave|p1b: Meganium|[spread] p1a,p1b\n|-activate|p2a: Farigiraf|move: Protect\n|-resisted|p1a: Kingambit|1\n|-supereffective|p1b: Meganium|2\n|-damage|p1a: Kingambit|0 fnt\n|-damage|p1b: Meganium|0 fnt\n|replace|p1a: Zoroark|Zoroark-Hisui, L50, F\n|-end|p1a: Zoroark|Illusion\n|faint|p1a: Zoroark\n|faint|p1b: Meganium\n|\n|upkeep\n|\n|t:|1776580616\n|switch|p1b: Kingambit|Kingambit, L50, M|100/100\n|-activate|p1b: Kingambit|ability: Supreme Overlord\n|-start|p1b: Kingambit|fallen3|[silent]\n|turn|6\n|-message|duffmcwhaling forfeited.\n|\n|win|michaelgscott\n|raw|michaelgscott's rating: 1177 &rarr; <strong>1206</strong><br />(+29 for winning)\n|raw|duffmcwhaling's rating: 1236 &rarr; <strong>1207</strong><br />(-29 for losing)\n|l|\u2606duffmcwhaling\n|player|p2|\n",
  "uploadtime": 1776580637,
  "views": 20,
  "formatid": "gen9championsvgc2026regma",
  "rating": 1206,
  "private": 0,
  "password": null
}