{
  "id": "gen9championsvgc2026regma-2585880076",
  "format": "[Gen 9 Champions] VGC 2026 Reg M-A",
  "players": [
    "ray_on_1248_",
    "isanito"
  ],
  "log": "|j|\u2606ray_on_1248_\n|j|\u2606isanito\n|t:|1776377917\n|gametype|doubles\n|player|p1|ray_on_1248_|hilda|1163\n|player|p2|isanito|102|1143\n|gen|9\n|tier|[Gen 9 Champions] VGC 2026 Reg M-A\n|rated|\n|rule|Species Clause: Limit one of each Pok\u00e9mon\n|rule|Item Clause: Limit 1 of each item\n|clearpoke\n|poke|p1|Delphox, L50, F|\n|poke|p1|Aerodactyl, L50, M|\n|poke|p1|Maushold, L50|\n|poke|p1|Kingambit, L50, M|\n|poke|p1|Sneasler, L50, F|\n|poke|p1|Basculegion, L50, M|\n|poke|p2|Diggersby, L50, F|\n|poke|p2|Archaludon, L50, F|\n|poke|p2|Pelipper, L50, M|\n|poke|p2|Oranguru, L50, M|\n|poke|p2|Camerupt, L50, F|\n|poke|p2|Torkoal, L50, F|\n|teampreview|4\n|inactive|Battle timer is ON: inactive players will automatically lose when time's up. (requested by isanito)\n|c|\u2606ray_on_1248_|are you pernhaps a trick room player?\n|c|\u2606ray_on_1248_|lol\n|c|\u2606ray_on_1248_|glhf\n|inactive|ray_on_1248_ has 60 seconds left.\n|\n|t:|1776377962\n|teamsize|p1|4\n|teamsize|p2|4\n|start\n|switch|p1a: Sneasler|Sneasler, L50, F, shiny|100/100\n|switch|p1b: Maushold|Maushold, L50, shiny|100/100\n|switch|p2a: Diggersby|Diggersby, L50, F|100/100\n|switch|p2b: Oranguru|Oranguru, L50, M|100/100\n|turn|1\n|\n|t:|1776377975\n|move|p1b: Maushold|Taunt|p2b: Oranguru\n|-start|p2b: Oranguru|move: Taunt\n|move|p1a: Sneasler|Close Combat|p2a: Diggersby\n|-supereffective|p2a: Diggersby|1\n|-enditem|p2a: Diggersby|Focus Sash\n|-damage|p2a: Diggersby|1/100\n|-unboost|p1a: Sneasler|def|1\n|-unboost|p1a: Sneasler|spd|1\n|-enditem|p1a: Sneasler|White Herb\n|-clearnegativeboost|p1a: Sneasler|[silent]\n|move|p2a: Diggersby|Swords Dance|p2a: Diggersby\n|-boost|p2a: Diggersby|atk|2\n|cant|p2b: Oranguru|move: Taunt|Trick Room\n|\n|upkeep\n|turn|2\n|inactive|isanito has 30 seconds left.\n|inactive|isanito has 20 seconds left.\n|\n|t:|1776378010\n|switch|p2b: Torkoal|Torkoal, L50, F|100/100\n|-weather|SunnyDay|[from] ability: Drought|[of] p2b: Torkoal\n|move|p1b: Maushold|Follow Me|p1b: Maushold\n|-singleturn|p1b: Maushold|move: Follow Me\n|move|p1a: Sneasler|Dire Claw|p2a: Diggersby\n|-resisted|p2a: Diggersby|1\n|-damage|p2a: Diggersby|0 fnt\n|faint|p2a: Diggersby\n|\n|-weather|SunnyDay|[upkeep]\n|upkeep\n|\n|t:|1776378020\n|switch|p2a: Camerupt|Camerupt, L50, F|100/100\n|turn|3\n|\n|t:|1776378027\n|detailschange|p2a: Camerupt|Camerupt-Mega, L50, F\n|-mega|p2a: Camerupt|Camerupt|Cameruptite\n|move|p1b: Maushold|Feint|p2a: Camerupt\n|-damage|p2a: Camerupt|91/100\n|move|p1a: Sneasler|Close Combat|p2a: Camerupt\n|-crit|p2a: Camerupt\n|-damage|p2a: Camerupt|0 fnt\n|-unboost|p1a: Sneasler|def|1\n|-unboost|p1a: Sneasler|spd|1\n|faint|p2a: Camerupt\n|move|p2b: Torkoal|Eruption|p1a: Sneasler|[spread] p1a,p1b\n|-damage|p1a: Sneasler|0 fnt\n|-damage|p1b: Maushold|0 fnt\n|faint|p1a: Sneasler\n|faint|p1b: Maushold\n|\n|-weather|SunnyDay|[upkeep]\n|upkeep\n|\n|t:|1776378040\n|switch|p1b: Delphox|Delphox, L50, F, shiny|100/100\n|switch|p1a: Aerodactyl|Aerodactyl, L50, M, shiny|100/100\n|switch|p2a: Oranguru|Oranguru, L50, M|100/100\n|-ability|p1a: Aerodactyl|Unnerve\n|turn|4\n|\n|t:|1776378053\n|detailschange|p1b: Delphox|Delphox-Mega, L50, F, shiny\n|-mega|p1b: Delphox|Delphox|Delphoxite\n|move|p1b: Delphox|Heat Wave|p2a: Oranguru|[spread] p2a,p2b\n|-resisted|p2b: Torkoal|1\n|-damage|p2a: Oranguru|56/100\n|-damage|p2b: Torkoal|63/100\n|move|p1a: Aerodactyl|Rock Slide|p2b: Torkoal|[spread] p2a,p2b\n|-supereffective|p2b: Torkoal|1\n|-damage|p2a: Oranguru|33/100\n|-damage|p2b: Torkoal|25/100\n|move|p2b: Torkoal|Rock Slide|p1b: Delphox|[spread] p1a,p1b\n|-supereffective|p1a: Aerodactyl|1\n|-supereffective|p1b: Delphox|1\n|-damage|p1a: Aerodactyl|71/100\n|-damage|p1b: Delphox|69/100\n|move|p2a: Oranguru|Trick Room|p2a: Oranguru\n|-fieldstart|move: Trick Room|[of] p2a: Oranguru\n|\n|-weather|SunnyDay|[upkeep]\n|upkeep\n|turn|5\n|inactive|isanito has 30 seconds left.\n|c|\u2606ray_on_1248_|rock slide torkoal\n|\n|t:|1776378086\n|move|p2b: Torkoal|Rock Slide|p1a: Aerodactyl|[spread] p1a\n|-miss|p2b: Torkoal|p1b: Delphox\n|-supereffective|p1a: Aerodactyl|1\n|-damage|p1a: Aerodactyl|39/100\n|move|p2a: Oranguru|Foul Play|p1b: Delphox\n|-supereffective|p1b: Delphox|1\n|-damage|p1b: Delphox|19/100\n|move|p1a: Aerodactyl|Rock Slide|p2a: Oranguru|[spread] p2a,p2b\n|-supereffective|p2b: Torkoal|1\n|-damage|p2a: Oranguru|12/100\n|-damage|p2b: Torkoal|0 fnt\n|faint|p2b: Torkoal\n|move|p1b: Delphox|Heat Wave|p2a: Oranguru\n|-damage|p2a: Oranguru|0 fnt\n|faint|p2a: Oranguru\n|\n|win|ray_on_1248_\n|raw|ray_on_1248_'s rating: 1163 &rarr; <strong>1187</strong><br />(+24 for winning)\n|raw|isanito's rating: 1143 &rarr; <strong>1119</strong><br />(-24 for losing)\n|l|\u2606isanito\n|player|p2|\n",
  "uploadtime": 1776378108,
  "views": 14,
  "formatid": "gen9championsvgc2026regma",
  "rating": 1119,
  "private": 0,
  "password": null
}