{
  "id": "gen9championsvgc2026regma-2585030075",
  "format": "[Gen 9 Champions] VGC 2026 Reg M-A",
  "players": [
    "Troodon_Jesus",
    "LordSpectreX"
  ],
  "log": "|j|\u2606Troodon_Jesus\n|j|\u2606LordSpectreX\n|t:|1776304891\n|gametype|doubles\n|player|p1|Troodon_Jesus|pokemaniac|1133\n|player|p2|LordSpectreX|266|1218\n|gen|9\n|tier|[Gen 9 Champions] VGC 2026 Reg M-A\n|rated|\n|rule|Species Clause: Limit one of each Pok\u00e9mon\n|rule|Item Clause: Limit 1 of each item\n|clearpoke\n|poke|p1|Aggron, L50, F|\n|poke|p1|Sinistcha, L50|\n|poke|p1|Hydreigon, L50, F|\n|poke|p1|Aerodactyl, L50, F|\n|poke|p1|Sneasler, L50, M|\n|poke|p1|Tyranitar, L50, F|\n|poke|p2|Lopunny, L50, F|\n|poke|p2|Kommo-o, L50, M|\n|poke|p2|Whimsicott, L50, M|\n|poke|p2|Zoroark-Hisui, L50, F|\n|poke|p2|Sableye, L50, M|\n|poke|p2|Weavile, L50, M|\n|teampreview|4\n|inactive|Battle timer is ON: inactive players will automatically lose when time's up. (requested by Troodon_Jesus)\n|inactive|Troodon_Jesus has 60 seconds left.\n|inactive|LordSpectreX has 60 seconds left.\n|\n|t:|1776304942\n|teamsize|p1|4\n|teamsize|p2|4\n|start\n|switch|p1a: THE WALL|Aggron, L50, F|100/100\n|switch|p1b: Sneasler|Sneasler, L50, M|100/100\n|switch|p2a: Sableye|Sableye, L50, M|100/100\n|switch|p2b: Kommo-o|Kommo-o, L50, M|100/100\n|turn|1\n|inactive|LordSpectreX has 30 seconds left.\n|inactive|Troodon_Jesus has 30 seconds left.\n|inactive|LordSpectreX has 20 seconds left.\n|\n|t:|1776304980\n|switch|p1b: Sinistcha|Sinistcha, L50|100/100\n|detailschange|p1a: THE WALL|Aggron-Mega, L50, F\n|-mega|p1a: THE WALL|Aggron|Aggronite\n|move|p2b: Kommo-o|Protect|p2b: Kommo-o\n|-singleturn|p2b: Kommo-o|Protect\n|move|p1a: THE WALL|Protect|p1a: THE WALL\n|-singleturn|p1a: THE WALL|Protect\n|move|p2a: Sableye|Fake Out|p1b: Sinistcha\n|-immune|p1b: Sinistcha\n|\n|upkeep\n|turn|2\n|inactive|Troodon_Jesus has 30 seconds left.\n|\n|t:|1776305006\n|move|p1b: Sinistcha|Rage Powder|p1b: Sinistcha\n|-singleturn|p1b: Sinistcha|move: Rage Powder\n|move|p2a: Sableye|Encore|p1b: Sinistcha\n|-start|p1b: Sinistcha|Encore\n|move|p2b: Kommo-o|Clangorous Soul|p2b: Kommo-o\n|-boost|p2b: Kommo-o|atk|1\n|-boost|p2b: Kommo-o|def|1\n|-boost|p2b: Kommo-o|spa|1\n|-boost|p2b: Kommo-o|spd|1\n|-boost|p2b: Kommo-o|spe|1\n|-damage|p2b: Kommo-o|68/100\n|move|p1a: THE WALL|Iron Defense|p1a: THE WALL\n|-boost|p1a: THE WALL|def|2\n|\n|upkeep\n|turn|3\n|\n|t:|1776305028\n|switch|p1b: Sneasler|Sneasler, L50, M|100/100\n|move|p2a: Sableye|Disable||[still]\n|-fail|p2a: Sableye\n|move|p2b: Kommo-o|Clanging Scales|p1a: THE WALL|[spread] p1a,p1b\n|-resisted|p1a: THE WALL|1\n|-damage|p1a: THE WALL|65/100\n|-damage|p1b: Sneasler|11/100\n|-unboost|p2b: Kommo-o|def|1\n|move|p1a: THE WALL|Body Press|p2b: Kommo-o\n|-damage|p2b: Kommo-o|0 fnt\n|faint|p2b: Kommo-o\n|\n|upkeep\n|\n|t:|1776305042\n|switch|p2b: Lopunny|Lopunny, L50, F|100/100\n|turn|4\n|\n|t:|1776305057\n|detailschange|p2b: Lopunny|Lopunny-Mega, L50, F\n|-mega|p2b: Lopunny|Lopunny|Lopunnite\n|move|p2a: Sableye|Disable|p1a: THE WALL\n|-start|p1a: THE WALL|Disable|Body Press\n|move|p1b: Sneasler|Coaching|p1a: THE WALL\n|-boost|p1a: THE WALL|atk|1\n|-boost|p1a: THE WALL|def|1\n|move|p2b: Lopunny|Ice Punch|p1b: Sneasler\n|-damage|p1b: Sneasler|0 fnt\n|faint|p1b: Sneasler\n|cant|p1a: THE WALL|Disable|Body Press\n|\n|upkeep\n|\n|t:|1776305082\n|switch|p1b: Sinistcha|Sinistcha, L50|100/100\n|-heal|p1a: THE WALL|90/100|[from] ability: Hospitality|[of] p1b: Sinistcha\n|turn|5\n|\n|t:|1776305098\n|move|p2a: Sableye|Helping Hand|p2b: Lopunny\n|-singleturn|p2b: Lopunny|Helping Hand|[of] p2a: Sableye\n|move|p2b: Lopunny|Ice Punch|p1b: Sinistcha\n|-supereffective|p1b: Sinistcha|1\n|-damage|p1b: Sinistcha|30/100\n|move|p1a: THE WALL|Heavy Slam|p2b: Lopunny\n|-damage|p2b: Lopunny|2/100\n|move|p1b: Sinistcha|Trick Room|p1b: Sinistcha\n|-fieldstart|move: Trick Room|[of] p1b: Sinistcha\n|\n|upkeep\n|turn|6\n|\n|t:|1776305118\n|move|p2b: Lopunny|Protect|p2b: Lopunny\n|-singleturn|p2b: Lopunny|Protect\n|move|p2a: Sableye|Encore|p1b: Sinistcha\n|-start|p1b: Sinistcha|Encore\n|move|p1a: THE WALL|Heavy Slam|p2a: Sableye\n|-damage|p2a: Sableye|0 fnt\n|faint|p2a: Sableye\n|move|p1b: Sinistcha|Trick Room|p1b: Sinistcha\n|-fieldend|move: Trick Room\n|\n|upkeep\n|\n|t:|1776305127\n|switch|p2a: Weavile|Weavile, L50, M|100/100\n|turn|7\n|\n|t:|1776305145\n|move|p2a: Weavile|Triple Axel|p1b: Sinistcha\n|-supereffective|p1b: Sinistcha|1\n|-damage|p1b: Sinistcha|13/100\n|-supereffective|p1b: Sinistcha|1\n|-damage|p1b: Sinistcha|0 fnt\n|faint|p1b: Sinistcha\n|-hitcount|p1: Sinistcha|2\n|move|p2b: Lopunny|Close Combat|p1a: THE WALL\n|-supereffective|p1a: THE WALL|1\n|-damage|p1a: THE WALL|72/100\n|-unboost|p2b: Lopunny|def|1\n|-unboost|p2b: Lopunny|spd|1\n|move|p1a: THE WALL|Heavy Slam|p2b: Lopunny\n|-damage|p2b: Lopunny|0 fnt\n|faint|p2b: Lopunny\n|\n|-end|p1a: THE WALL|Disable\n|upkeep\n|\n|t:|1776305156\n|switch|p1b: Tyranitar|Tyranitar, L50, F|100/100\n|-weather|Sandstorm|[from] ability: Sand Stream|[of] p1b: Tyranitar\n|turn|8\n|-message|LordSpectreX forfeited.\n|\n|win|Troodon_Jesus\n|raw|Troodon_Jesus's rating: 1133 &rarr; <strong>1164</strong><br />(+31 for winning)\n|raw|LordSpectreX's rating: 1218 &rarr; <strong>1187</strong><br />(-31 for losing)\n|l|\u2606LordSpectreX\n|player|p2|\n",
  "uploadtime": 1776305220,
  "views": 23,
  "formatid": "gen9championsvgc2026regma",
  "rating": 1164,
  "private": 0,
  "password": null
}