{
  "id": "gen9championsvgc2026regma-2589579836",
  "format": "[Gen 9 Champions] VGC 2026 Reg M-A",
  "players": [
    "ScribbleScribble",
    "Otterz"
  ],
  "log": "|j|\u2606ScribbleScribble\n|j|\u2606Otterz\n|t:|1776735994\n|gametype|doubles\n|player|p1|ScribbleScribble|mina-lgpe|1583\n|player|p2|Otterz|wattson|1668\n|gen|9\n|tier|[Gen 9 Champions] VGC 2026 Reg M-A\n|rated|\n|rule|Species Clause: Limit one of each Pok\u00e9mon\n|rule|Item Clause: Limit 1 of each item\n|clearpoke\n|poke|p1|Meganium, L50, M|\n|poke|p1|Sneasler, L50, F|\n|poke|p1|Aerodactyl, L50, M|\n|poke|p1|Kingambit, L50, F|\n|poke|p1|Basculegion, L50, M|\n|poke|p1|Farigiraf, L50, F|\n|poke|p2|Meganium, L50, M|\n|poke|p2|Aegislash, L50, M|\n|poke|p2|Ceruledge, L50, F|\n|poke|p2|Farigiraf, L50, F|\n|poke|p2|Aerodactyl, L50, F|\n|poke|p2|Milotic, L50, M|\n|teampreview|4\n|inactive|Battle timer is ON: inactive players will automatically lose when time's up. (requested by ScribbleScribble)\n|\n|t:|1776736012\n|teamsize|p1|4\n|teamsize|p2|4\n|start\n|switch|p1a: Farigiraf|Farigiraf, L50, F|100/100\n|switch|p1b: Meganium|Meganium, L50, M|100/100\n|switch|p2a: Aerodactyl|Aerodactyl, L50, F|100/100\n|switch|p2b: Meganium|Meganium, L50, M|100/100\n|-ability|p2a: Aerodactyl|Unnerve\n|turn|1\n|j| Badaxx\n|\n|t:|1776736023\n|detailschange|p2b: Meganium|Meganium-Mega, L50, M\n|-mega|p2b: Meganium|Meganium|Meganiumite\n|detailschange|p1b: Meganium|Meganium-Mega, L50, M\n|-mega|p1b: Meganium|Meganium|Meganiumite\n|move|p2a: Aerodactyl|Rock Slide|p1b: Meganium|[spread] p1a,p1b\n|-damage|p1a: Farigiraf|77/100\n|-damage|p1b: Meganium|77/100\n|move|p2b: Meganium|Weather Ball|p1b: Meganium\n|-supereffective|p1b: Meganium|1\n|-damage|p1b: Meganium|0 fnt\n|faint|p1b: Meganium\n|move|p1a: Farigiraf|Trick Room|p1a: Farigiraf\n|-fieldstart|move: Trick Room|[of] p1a: Farigiraf\n|\n|upkeep\n|\n|t:|1776736029\n|switch|p1b: Kingambit|Kingambit, L50, F|100/100\n|turn|2\n|\n|t:|1776736049\n|switch|p2b: Ceruledge|Ceruledge, L50, F|100/100\n|move|p1b: Kingambit|Iron Head|p2b: Ceruledge\n|-resisted|p2b: Ceruledge|1\n|-damage|p2b: Ceruledge|70/100\n|move|p1a: Farigiraf|Hyper Voice|p2b: Ceruledge|[spread] p2a\n|-immune|p2b: Ceruledge\n|-resisted|p2a: Aerodactyl|1\n|-damage|p2a: Aerodactyl|82/100\n|move|p2a: Aerodactyl|Dual Wingbeat|p1a: Farigiraf\n|-damage|p1a: Farigiraf|61/100\n|-damage|p1a: Farigiraf|45/100\n|-hitcount|p1a: Farigiraf|2\n|\n|upkeep\n|turn|3\n|\n|t:|1776736069\n|move|p2b: Ceruledge|Protect|p2b: Ceruledge\n|-singleturn|p2b: Ceruledge|Protect\n|move|p1b: Kingambit|Kowtow Cleave|p2b: Ceruledge\n|-activate|p2b: Ceruledge|move: Protect\n|move|p1a: Farigiraf|Psyshock|p2a: Aerodactyl\n|-damage|p2a: Aerodactyl|27/100\n|move|p2a: Aerodactyl|Dual Wingbeat|p1a: Farigiraf\n|-damage|p1a: Farigiraf|28/100\n|-damage|p1a: Farigiraf|10/100\n|-hitcount|p1a: Farigiraf|2\n|\n|upkeep\n|turn|4\n|\n|t:|1776736092\n|move|p1b: Kingambit|Iron Head|p2b: Ceruledge\n|-resisted|p2b: Ceruledge|1\n|-damage|p2b: Ceruledge|42/100\n|move|p1a: Farigiraf|Psyshock|p2a: Aerodactyl\n|-damage|p2a: Aerodactyl|0 fnt\n|-enditem|p1a: Farigiraf|Sitrus Berry|[eat]\n|-heal|p1a: Farigiraf|35/100|[from] item: Sitrus Berry\n|faint|p2a: Aerodactyl\n|move|p2b: Ceruledge|Bitter Blade|p1b: Kingambit\n|-supereffective|p1b: Kingambit|1\n|-damage|p1b: Kingambit|22/100\n|-heal|p2b: Ceruledge|87/100|[from] drain|[of] p1b: Kingambit\n|\n|upkeep\n|\n|t:|1776736110\n|switch|p2a: Meganium|Meganium-Mega, L50, M|100/100\n|turn|5\n|\n|t:|1776736122\n|switch|p1a: Basculegion|Basculegion, L50, M|100/100\n|move|p1b: Kingambit|Kowtow Cleave|p2b: Ceruledge\n|-supereffective|p2b: Ceruledge|1\n|-enditem|p2b: Ceruledge|Colbur Berry|[eat]\n|-enditem|p2b: Ceruledge|Colbur Berry|[weaken]\n|-damage|p2b: Ceruledge|13/100\n|move|p2b: Ceruledge|Swords Dance|p2b: Ceruledge\n|-boost|p2b: Ceruledge|atk|2\n|move|p2a: Meganium|Solar Beam||[still]\n|-prepare|p2a: Meganium|Solar Beam\n|-activate|p2a: Meganium|ability: Mega Sol\n|-anim|p2a: Meganium|Solar Beam|p1a: Basculegion\n|-supereffective|p1a: Basculegion|1\n|-damage|p1a: Basculegion|0 fnt\n|faint|p1a: Basculegion\n|\n|-fieldend|move: Trick Room\n|upkeep\n|\n|t:|1776736129\n|switch|p1a: Farigiraf|Farigiraf, L50, F|35/100\n|turn|6\n|\n|t:|1776736142\n|switch|p2a: Farigiraf|Farigiraf, L50, F|100/100\n|move|p2b: Ceruledge|Bitter Blade|p1b: Kingambit\n|-supereffective|p1b: Kingambit|1\n|-damage|p1b: Kingambit|0 fnt\n|-heal|p2b: Ceruledge|26/100|[from] drain|[of] p1b: Kingambit\n|faint|p1b: Kingambit\n|move|p1a: Farigiraf|Psyshock|p2b: Ceruledge\n|-damage|p2b: Ceruledge|0 fnt\n|faint|p2b: Ceruledge\n|\n|upkeep\n|\n|t:|1776736151\n|switch|p2b: Meganium|Meganium-Mega, L50, M|100/100\n|turn|7\n|j| trisew\n|-message|ScribbleScribble forfeited.\n|\n|win|Otterz\n|raw|ScribbleScribble's rating: 1583 &rarr; <strong>1568</strong><br />(-15 for losing)\n|raw|Otterz's rating: 1668 &rarr; <strong>1683</strong><br />(+15 for winning)\n|l|\u2606ScribbleScribble\n|player|p1|\n|l| Badaxx\n|l|\u2606Otterz\n|player|p2|\n|l| trisew\n",
  "uploadtime": 1776736251,
  "views": 0,
  "formatid": "gen9championsvgc2026regma",
  "rating": 1568,
  "private": 0,
  "password": null
}