{
  "id": "gen9championsvgc2026regma-2582426526",
  "format": "[Gen 9 Champions] VGC 2026 Reg M-A",
  "players": [
    "sjysjysjy6",
    "red2k01"
  ],
  "log": "|j|\u2606sjysjysjy6\n|j|\u2606red2k01\n|t:|1776090935\n|gametype|doubles\n|player|p1|sjysjysjy6|265|1269\n|player|p2|red2k01|169|1186\n|gen|9\n|tier|[Gen 9 Champions] VGC 2026 Reg M-A\n|rated|\n|rule|Species Clause: Limit one of each Pok\u00e9mon\n|rule|Item Clause: Limit 1 of each item\n|clearpoke\n|poke|p1|Gengar, L50, M|\n|poke|p1|Garchomp, L50, F|\n|poke|p1|Whimsicott, L50, M|\n|poke|p1|Kingambit, L50, M|\n|poke|p1|Rotom-Wash, L50|\n|poke|p1|Delphox, L50, F|\n|poke|p2|Floette-Eternal, L50, F|\n|poke|p2|Incineroar, L50, M|\n|poke|p2|Volcarona, L50, M|\n|poke|p2|Florges, L50, F|\n|poke|p2|Sinistcha, L50|\n|poke|p2|Farigiraf, L50, M|\n|teampreview|4\n|inactive|Battle timer is ON: inactive players will automatically lose when time's up. (requested by red2k01)\n|inactive|sjysjysjy6 has 60 seconds left.\n|\n|t:|1776090975\n|teamsize|p1|4\n|teamsize|p2|4\n|start\n|switch|p1a: Whimsicott|Whimsicott, L50, M|100/100\n|switch|p1b: Delphox|Delphox, L50, F|100/100\n|switch|p2a: Floette|Floette-Eternal, L50, F|100/100\n|switch|p2b: Volcarona|Volcarona, L50, M|100/100\n|turn|1\n|\n|t:|1776090989\n|detailschange|p1b: Delphox|Delphox-Mega, L50, F\n|-mega|p1b: Delphox|Delphox|Delphoxite\n|move|p2a: Floette|Protect|p2a: Floette\n|-singleturn|p2a: Floette|Protect\n|move|p1a: Whimsicott|Tailwind|p1a: Whimsicott\n|-sidestart|p1: sjysjysjy6|move: Tailwind\n|move|p1b: Delphox|Heat Wave|p2a: Floette|[spread] p2b\n|-activate|p2a: Floette|move: Protect\n|-damage|p2b: Volcarona|58/100\n|move|p2b: Volcarona|Tailwind|p2b: Volcarona\n|-sidestart|p2: red2k01|move: Tailwind\n|\n|-heal|p2b: Volcarona|65/100|[from] item: Leftovers\n|upkeep\n|turn|2\n|\n|t:|1776091007\n|switch|p2b: Farigiraf|Farigiraf, L50, M|100/100\n|detailschange|p2a: Floette|Floette-Mega, L50, F\n|-mega|p2a: Floette|Floette|Floettite\n|-ability|p2a: Floette|Fairy Aura\n|move|p1a: Whimsicott|Encore||[still]\n|cant|p2b: Farigiraf|ability: Armor Tail|Encore|[of] p1a: Whimsicott\n|move|p1b: Delphox|Encore|p2a: Floette\n|-start|p2a: Floette|Encore\n|move|p2a: Floette|Protect||[still]\n|-fail|p2a: Floette\n|\n|upkeep\n|turn|3\n|\n|t:|1776091020\n|switch|p2a: Volcarona|Volcarona, L50, M|65/100\n|move|p1a: Whimsicott|Sunny Day|p1a: Whimsicott\n|-weather|SunnyDay\n|move|p1b: Delphox|Heat Wave|p2b: Farigiraf|[spread] p2a\n|-miss|p1b: Delphox|p2b: Farigiraf\n|-damage|p2a: Volcarona|3/100\n|move|p2b: Farigiraf|Trick Room|p2b: Farigiraf\n|-fieldstart|move: Trick Room|[of] p2b: Farigiraf\n|\n|-weather|SunnyDay|[upkeep]\n|-heal|p2a: Volcarona|9/100|[from] item: Leftovers\n|upkeep\n|turn|4\n|\n|t:|1776091040\n|switch|p1a: Rotom|Rotom-Wash, L50|100/100\n|move|p2b: Farigiraf|Protect|p2b: Farigiraf\n|-singleturn|p2b: Farigiraf|Protect\n|move|p2a: Volcarona|Protect|p2a: Volcarona\n|-singleturn|p2a: Volcarona|Protect\n|move|p1b: Delphox|Heat Wave|p2b: Farigiraf|[spread] \n|-activate|p2a: Volcarona|move: Protect\n|-activate|p2b: Farigiraf|move: Protect\n|\n|-weather|SunnyDay|[upkeep]\n|-heal|p2a: Volcarona|16/100|[from] item: Leftovers\n|-sideend|p1: sjysjysjy6|move: Tailwind\n|-sideend|p2: red2k01|move: Tailwind\n|upkeep\n|turn|5\n|\n|t:|1776091055\n|move|p1b: Delphox|Protect|p1b: Delphox\n|-singleturn|p1b: Delphox|Protect\n|move|p2b: Farigiraf|Hyper Voice|p1b: Delphox|[spread] p1a\n|-activate|p1b: Delphox|move: Protect\n|-damage|p1a: Rotom|72/100\n|move|p2a: Volcarona|Heat Wave|p1a: Rotom|[spread] p1a\n|-activate|p1b: Delphox|move: Protect\n|-resisted|p1a: Rotom|1\n|-damage|p1a: Rotom|46/100\n|-enditem|p1a: Rotom|Sitrus Berry|[eat]\n|-heal|p1a: Rotom|71/100|[from] item: Sitrus Berry\n|move|p1a: Rotom|Volt Switch|p2a: Volcarona\n|-damage|p2a: Volcarona|0 fnt\n|faint|p2a: Volcarona\n|\n|t:|1776091069\n|switch|p1a: Kingambit|Kingambit, L50, M|100/100|[from] Volt Switch\n|\n|-weather|SunnyDay|[upkeep]\n|upkeep\n|\n|t:|1776091074\n|switch|p2a: Sinistcha|Sinistcha, L50|100/100\n|turn|6\n|\n|t:|1776091085\n|move|p1a: Kingambit|Iron Head|p2b: Farigiraf\n|-damage|p2b: Farigiraf|63/100\n|move|p2b: Farigiraf|Hyper Voice|p1b: Delphox|[spread] p1a,p1b\n|-resisted|p1a: Kingambit|1\n|-damage|p1a: Kingambit|88/100\n|-damage|p1b: Delphox|75/100\n|move|p2a: Sinistcha|Matcha Gotcha|p1b: Delphox|[spread] p1a,p1b\n|-resisted|p1a: Kingambit|1\n|-resisted|p1b: Delphox|1\n|-damage|p1a: Kingambit|77/100\n|-damage|p1b: Delphox|64/100\n|move|p1b: Delphox|Heat Wave|p2a: Sinistcha|[spread] p2a,p2b\n|-supereffective|p2a: Sinistcha|1\n|-enditem|p2a: Sinistcha|Occa Berry|[eat]\n|-enditem|p2a: Sinistcha|Occa Berry|[weaken]\n|-damage|p2a: Sinistcha|27/100\n|-damage|p2b: Farigiraf|6/100\n|\n|-weather|SunnyDay|[upkeep]\n|upkeep\n|turn|7\n|-message|red2k01 forfeited.\n|\n|win|sjysjysjy6\n|raw|sjysjysjy6's rating: 1269 &rarr; <strong>1288</strong><br />(+19 for winning)\n|raw|red2k01's rating: 1186 &rarr; <strong>1167</strong><br />(-19 for losing)\n|l|\u2606red2k01\n|player|p2|\n",
  "uploadtime": 1776091113,
  "views": 13,
  "formatid": "gen9championsvgc2026regma",
  "rating": 1167,
  "private": 0,
  "password": null
}