{
  "id": "gen9championsvgc2026regma-2580481920",
  "format": "[Gen 9 Champions] VGC 2026 Reg M-A",
  "players": [
    "majayong03",
    "kirkenuenlypokemon"
  ],
  "log": "|j|\u2606majayong03\n|j|\u2606kirkenuenlypokemon\n|t:|1775902993\n|gametype|doubles\n|player|p1|majayong03|fisherman|1050\n|player|p2|kirkenuenlypokemon|266|1051\n|gen|9\n|tier|[Gen 9 Champions] VGC 2026 Reg M-A\n|rated|\n|rule|Species Clause: Limit one of each Pok\u00e9mon\n|rule|Item Clause: Limit 1 of each item\n|clearpoke\n|poke|p1|Dragonite, L50, F|\n|poke|p1|Whimsicott, L50, F|\n|poke|p1|Delphox, L50, F|\n|poke|p1|Kingambit, L50, M|\n|poke|p1|Basculegion, L50, M|\n|poke|p1|Incineroar, L50, F|\n|poke|p2|Typhlosion, L50, M|\n|poke|p2|Torkoal, L50, F|\n|poke|p2|Farigiraf, L50, F|\n|poke|p2|Charizard, L50, F|\n|poke|p2|Incineroar, L50, F|\n|poke|p2|Kingambit, L50, M|\n|teampreview|4\n|inactive|Battle timer is ON: inactive players will automatically lose when time's up. (requested by majayong03)\n|\n|t:|1775903047\n|teamsize|p1|4\n|teamsize|p2|4\n|start\n|switch|p1a: Whimsicott|Whimsicott, L50, F|100/100\n|switch|p1b: Delphox|Delphox, L50, F|100/100\n|switch|p2a: Farigiraf|Farigiraf, L50, F|100/100\n|switch|p2b: Charizard|Charizard, L50, F, shiny|100/100\n|turn|1\n|inactive|kirkenuenlypokemon has 30 seconds left.\n|\n|t:|1775903072\n|detailschange|p2b: Charizard|Charizard-Mega-Y, L50, F, shiny\n|-mega|p2b: Charizard|Charizard|Charizardite Y\n|-weather|SunnyDay|[from] ability: Drought|[of] p2b: Charizard\n|move|p1a: Whimsicott|Protect|p1a: Whimsicott\n|-singleturn|p1a: Whimsicott|Protect\n|move|p1b: Delphox|Psychic|p2b: Charizard\n|-damage|p2b: Charizard|57/100\n|move|p2b: Charizard|Heat Wave|p1a: Whimsicott|[spread] \n|-activate|p1a: Whimsicott|move: Protect\n|-miss|p2b: Charizard|p1b: Delphox\n|move|p2a: Farigiraf|Shadow Ball|p1b: Delphox\n|-supereffective|p1b: Delphox|1\n|-damage|p1b: Delphox|48/100\n|-unboost|p1b: Delphox|spd|1\n|\n|-weather|SunnyDay|[upkeep]\n|upkeep\n|turn|2\n|inactive|majayong03 has 30 seconds left.\n|inactive|kirkenuenlypokemon has 30 seconds left.\n|\n|t:|1775903112\n|move|p1b: Delphox|Psychic|p2b: Charizard\n|-crit|p2b: Charizard\n|-damage|p2b: Charizard|0 fnt\n|faint|p2b: Charizard\n|move|p1a: Whimsicott|Moonblast|p2a: Farigiraf\n|-damage|p2a: Farigiraf|67/100\n|move|p2a: Farigiraf|Shadow Ball|p1b: Delphox\n|-supereffective|p1b: Delphox|1\n|-damage|p1b: Delphox|0 fnt\n|faint|p1b: Delphox\n|\n|-weather|SunnyDay|[upkeep]\n|upkeep\n|\n|t:|1775903126\n|switch|p1b: Dragonite|Dragonite, L50, F|100/100\n|switch|p2b: Torkoal|Torkoal, L50, F|100/100\n|turn|3\n|\n|t:|1775903139\n|detailschange|p1b: Dragonite|Dragonite-Mega, L50, F\n|-mega|p1b: Dragonite|Dragonite|Dragoninite\n|move|p2b: Torkoal|Protect|p2b: Torkoal\n|-singleturn|p2b: Torkoal|Protect\n|move|p1a: Whimsicott|Moonblast|p2b: Torkoal\n|-activate|p2b: Torkoal|move: Protect\n|move|p1b: Dragonite|Scale Shot|p2b: Torkoal\n|-activate|p2b: Torkoal|move: Protect\n|move|p2a: Farigiraf|Trick Room|p2a: Farigiraf\n|-fieldstart|move: Trick Room|[of] p2a: Farigiraf\n|\n|-weather|SunnyDay|[upkeep]\n|upkeep\n|turn|4\n|\n|t:|1775903155\n|move|p1b: Dragonite|Protect|p1b: Dragonite\n|-singleturn|p1b: Dragonite|Protect\n|move|p1a: Whimsicott|Encore||[still]\n|cant|p2a: Farigiraf|ability: Armor Tail|Encore|[of] p1a: Whimsicott\n|move|p2b: Torkoal|Eruption|p1b: Dragonite|[spread] p1a\n|-activate|p1b: Dragonite|move: Protect\n|-supereffective|p1a: Whimsicott|1\n|-enditem|p1a: Whimsicott|Focus Sash\n|-damage|p1a: Whimsicott|1/100\n|move|p2a: Farigiraf|Hyper Voice|p1a: Whimsicott|[spread] p1a\n|-activate|p1b: Dragonite|move: Protect\n|-crit|p1a: Whimsicott\n|-damage|p1a: Whimsicott|0 fnt\n|faint|p1a: Whimsicott\n|\n|-weather|SunnyDay|[upkeep]\n|upkeep\n|\n|t:|1775903173\n|switch|p1a: Incineroar|Incineroar, L50, F|100/100\n|-ability|p1a: Incineroar|Intimidate|boost\n|-unboost|p2a: Farigiraf|atk|1\n|-unboost|p2b: Torkoal|atk|1\n|turn|5\n|\n|t:|1775903182\n|move|p2b: Torkoal|Eruption|p1a: Incineroar|[spread] p1a,p1b\n|-resisted|p1a: Incineroar|1\n|-resisted|p1b: Dragonite|1\n|-damage|p1a: Incineroar|79/100\n|-damage|p1b: Dragonite|86/100\n|move|p2a: Farigiraf|Hyper Voice|p1a: Incineroar|[spread] p1a,p1b\n|-damage|p1a: Incineroar|58/100\n|-damage|p1b: Dragonite|59/100\n|move|p1a: Incineroar|Throat Chop|p2a: Farigiraf\n|-supereffective|p2a: Farigiraf|1\n|-enditem|p2a: Farigiraf|Colbur Berry|[eat]\n|-enditem|p2a: Farigiraf|Colbur Berry|[weaken]\n|-damage|p2a: Farigiraf|37/100\n|-start|p2a: Farigiraf|Throat Chop|[silent]\n|move|p1b: Dragonite|Scale Shot|p2b: Torkoal\n|-damage|p2b: Torkoal|89/100\n|-damage|p2b: Torkoal|75/100\n|-damage|p2b: Torkoal|62/100\n|-damage|p2b: Torkoal|49/100\n|-hitcount|p2b: Torkoal|4\n|-unboost|p1b: Dragonite|def|1\n|-boost|p1b: Dragonite|spe|1\n|\n|-weather|none\n|-heal|p2b: Torkoal|55/100|[from] item: Leftovers\n|upkeep\n|turn|6\n|inactive|majayong03 has 30 seconds left.\n|inactive|kirkenuenlypokemon has 30 seconds left.\n|\n|t:|1775903214\n|move|p1b: Dragonite|Protect|p1b: Dragonite\n|-singleturn|p1b: Dragonite|Protect\n|move|p2b: Torkoal|Yawn|p1b: Dragonite\n|-activate|p1b: Dragonite|move: Protect\n|move|p2a: Farigiraf|Shadow Ball|p1b: Dragonite\n|-activate|p1b: Dragonite|move: Protect\n|move|p1a: Incineroar|Throat Chop|p2a: Farigiraf\n|-supereffective|p2a: Farigiraf|1\n|-damage|p2a: Farigiraf|0 fnt\n|faint|p2a: Farigiraf\n|\n|-heal|p2b: Torkoal|61/100|[from] item: Leftovers\n|upkeep\n|\n|t:|1775903218\n|switch|p2a: Kingambit|Kingambit, L50, M, shiny|100/100\n|turn|7\n|\n|t:|1775903236\n|move|p1b: Dragonite|Protect|p1b: Dragonite\n|-singleturn|p1b: Dragonite|Protect\n|move|p2b: Torkoal|Yawn|p1b: Dragonite\n|-activate|p1b: Dragonite|move: Protect\n|move|p2a: Kingambit|Low Kick|p1a: Incineroar\n|-supereffective|p1a: Incineroar|1\n|-damage|p1a: Incineroar|0 fnt\n|faint|p1a: Incineroar\n|\n|-heal|p2b: Torkoal|67/100|[from] item: Leftovers\n|-fieldend|move: Trick Room\n|upkeep\n|turn|8\n|\n|t:|1775903249\n|move|p2a: Kingambit|Sucker Punch|p1b: Dragonite\n|-damage|p1b: Dragonite|0 fnt\n|faint|p1b: Dragonite\n|\n|win|kirkenuenlypokemon\n|raw|majayong03's rating: 1050 &rarr; <strong>1033</strong><br />(-17 for losing)\n|raw|kirkenuenlypokemon's rating: 1051 &rarr; <strong>1083</strong><br />(+32 for winning)\n|l|\u2606majayong03\n|player|p1|\n",
  "uploadtime": 1775903254,
  "views": 23,
  "formatid": "gen9championsvgc2026regma",
  "rating": 1033,
  "private": 0,
  "password": null
}