{
  "id": "gen9championsvgc2026regma-2585849138",
  "format": "[Gen 9 Champions] VGC 2026 Reg M-A",
  "players": [
    "hfjolffckudbl",
    "benny bagatelli"
  ],
  "log": "|j|\u2606hfjolffckudbl\n|j|\u2606benny bagatelli\n|t:|1776375325\n|gametype|doubles\n|player|p1|hfjolffckudbl|jasmine|1353\n|player|p2|benny bagatelli|skier|1453\n|gen|9\n|tier|[Gen 9 Champions] VGC 2026 Reg M-A\n|rated|\n|rule|Species Clause: Limit one of each Pok\u00e9mon\n|rule|Item Clause: Limit 1 of each item\n|clearpoke\n|poke|p1|Ampharos, L50, F|\n|poke|p1|Farigiraf, L50, F|\n|poke|p1|Clefable, L50, M|\n|poke|p1|Rhyperior, L50, M|\n|poke|p1|Pelipper, L50, M|\n|poke|p1|Sneasler, L50, M|\n|poke|p2|Gengar, L50, M|\n|poke|p2|Politoed, L50, M|\n|poke|p2|Incineroar, L50, M|\n|poke|p2|Aggron, L50, M|\n|poke|p2|Sinistcha, L50|\n|poke|p2|Aegislash, L50, M|\n|teampreview|4\nbenny bagatelli rejected open team sheets.\n|inactive|Battle timer is ON: inactive players will automatically lose when time's up. (requested by benny bagatelli)\n|\n|t:|1776375351\n|teamsize|p1|4\n|teamsize|p2|4\n|start\n|switch|p1a: Farigiraf|Farigiraf, L50, F|100/100\n|switch|p1b: Ampharos|Ampharos, L50, F|100/100\n|switch|p2a: Aggron|Aggron, L50, M|100/100\n|switch|p2b: Aegislash|Aegislash, L50, M|100/100\n|turn|1\n|\n|t:|1776375371\n|detailschange|p1b: Ampharos|Ampharos-Mega, L50, F\n|-mega|p1b: Ampharos|Ampharos|Ampharosite\n|-ability|p1b: Ampharos|Mold Breaker\n|move|p2a: Aggron|Protect|p2a: Aggron\n|-singleturn|p2a: Aggron|Protect\n|-formechange|p2b: Aegislash|Aegislash-Blade|\n|move|p2b: Aegislash|Poltergeist|p1b: Ampharos|[miss]\n|-miss|p2b: Aegislash|p1b: Ampharos\n|move|p1a: Farigiraf|Psychic|p2a: Aggron\n|-activate|p2a: Aggron|move: Protect\n|move|p1b: Ampharos|Thunderbolt|p2a: Aggron\n|-activate|p2a: Aggron|move: Protect\n|\n|upkeep\n|turn|2\n|\n|t:|1776375395\n|switch|p2a: Incineroar|Incineroar, L50, M|100/100\n|-ability|p2a: Incineroar|Intimidate|boost\n|-unboost|p1a: Farigiraf|atk|1\n|-unboost|p1b: Ampharos|atk|1\n|switch|p1b: Rhyperior|Rhyperior, L50, M|100/100\n|-formechange|p2b: Aegislash|Aegislash|\n|move|p2b: Aegislash|King's Shield|p2b: Aegislash\n|-singleturn|p2b: Aegislash|Protect\n|move|p1a: Farigiraf|Trick Room|p1a: Farigiraf\n|-fieldstart|move: Trick Room|[of] p1a: Farigiraf\n|\n|upkeep\n|turn|3\n|inactive|hfjolffckudbl has 30 seconds left.\n|\n|t:|1776375425\n|move|p1a: Farigiraf|Protect|p1a: Farigiraf\n|-singleturn|p1a: Farigiraf|Protect\n|move|p2b: Aegislash|Wide Guard|p2b: Aegislash\n|-singleturn|p2b: Aegislash|Wide Guard\n|move|p1b: Rhyperior|Earthquake|p2a: Incineroar|[spread] \n|-activate|p2a: Incineroar|move: Wide Guard\n|-activate|p2b: Aegislash|move: Wide Guard\n|-activate|p1a: Farigiraf|move: Protect\n|move|p2a: Incineroar|Parting Shot|p1b: Rhyperior\n|-unboost|p1b: Rhyperior|atk|1\n|-unboost|p1b: Rhyperior|spa|1\n|\n|t:|1776375439\n|switch|p2a: Aggron|Aggron, L50, M|100/100|[from] Parting Shot\n|-enditem|p1b: Rhyperior|White Herb\n|-clearnegativeboost|p1b: Rhyperior|[silent]\n|\n|upkeep\n|turn|4\n|\n|t:|1776375450\n|switch|p2b: Incineroar|Incineroar, L50, M|100/100\n|-ability|p2b: Incineroar|Intimidate|boost\n|-unboost|p1a: Farigiraf|atk|1\n|-unboost|p1b: Rhyperior|atk|1\n|detailschange|p2a: Aggron|Aggron-Mega, L50, M\n|-mega|p2a: Aggron|Aggron|Aggronite\n|move|p2a: Aggron|Protect|p2a: Aggron\n|-singleturn|p2a: Aggron|Protect\n|move|p1b: Rhyperior|High Horsepower|p2a: Aggron\n|-activate|p2a: Aggron|move: Protect\n|move|p1a: Farigiraf|Psychic|p2a: Aggron\n|-activate|p2a: Aggron|move: Protect\n|\n|upkeep\n|turn|5\n|\n|t:|1776375470\n|move|p1a: Farigiraf|Protect|p1a: Farigiraf\n|-singleturn|p1a: Farigiraf|Protect\n|move|p1b: Rhyperior|Earthquake|p2a: Aggron|[spread] p2a,p2b\n|-activate|p1a: Farigiraf|move: Protect\n|-supereffective|p2a: Aggron|1\n|-supereffective|p2b: Incineroar|1\n|-damage|p2a: Aggron|80/100\n|-damage|p2b: Incineroar|55/100\n|move|p2a: Aggron|Iron Defense|p2a: Aggron\n|-boost|p2a: Aggron|def|2\n|move|p2b: Incineroar|Throat Chop|p1a: Farigiraf\n|-activate|p1a: Farigiraf|move: Protect\n|\n|upkeep\n|turn|6\n|\n|t:|1776375492\n|switch|p2b: Sinistcha|Sinistcha, L50|100/100\n|-heal|p2a: Aggron|100/100|[from] ability: Hospitality|[of] p2b: Sinistcha\n|move|p1b: Rhyperior|High Horsepower|p2b: Sinistcha\n|-resisted|p2b: Sinistcha|1\n|-damage|p2b: Sinistcha|83/100\n|move|p2a: Aggron|Body Press|p1a: Farigiraf\n|-damage|p1a: Farigiraf|39/100\n|move|p1a: Farigiraf|Psychic|p2a: Aggron\n|-resisted|p2a: Aggron|1\n|-damage|p2a: Aggron|85/100\n|\n|-fieldend|move: Trick Room\n|upkeep\n|turn|7\n|inactive|hfjolffckudbl has 30 seconds left.\n|\n|t:|1776375522\n|move|p2b: Sinistcha|Matcha Gotcha|p1a: Farigiraf|[spread] p1a\n|-miss|p2b: Sinistcha|p1b: Rhyperior\n|-damage|p1a: Farigiraf|12/100\n|-heal|p2b: Sinistcha|99/100|[from] drain|[of] p1a: Farigiraf\n|move|p1a: Farigiraf|Psychic|p2a: Aggron\n|-resisted|p2a: Aggron|1\n|-damage|p2a: Aggron|68/100\n|-unboost|p2a: Aggron|spd|1\n|move|p2a: Aggron|Body Press|p1a: Farigiraf\n|-damage|p1a: Farigiraf|0 fnt\n|faint|p1a: Farigiraf\n|move|p1b: Rhyperior|High Horsepower|p2a: Aggron\n|-supereffective|p2a: Aggron|1\n|-damage|p2a: Aggron|53/100\n|\n|upkeep\n|\n|t:|1776375540\n|switch|p1a: Ampharos|Ampharos-Mega, L50, F|100/100\n|-ability|p1a: Ampharos|Mold Breaker\n|turn|8\n|\n|t:|1776375551\n|move|p2b: Sinistcha|Rage Powder|p2b: Sinistcha\n|-singleturn|p2b: Sinistcha|move: Rage Powder\n|move|p2a: Aggron|Body Press|p1a: Ampharos\n|-damage|p1a: Ampharos|33/100\n|move|p1a: Ampharos|Parabolic Charge|p2a: Aggron|[spread] p2a,p2b\n|-immune|p1b: Rhyperior\n|-resisted|p2b: Sinistcha|1\n|-damage|p2a: Aggron|3/100\n|-heal|p1a: Ampharos|56/100|[from] drain|[of] p2a: Aggron\n|-damage|p2b: Sinistcha|86/100\n|-heal|p1a: Ampharos|62/100|[from] drain|[of] p2b: Sinistcha\n|move|p1b: Rhyperior|Rock Slide|p2a: Aggron|[spread] p2a,p2b\n|-resisted|p2a: Aggron|1\n|-damage|p2a: Aggron|1/100\n|-damage|p2b: Sinistcha|66/100\n|\n|upkeep\n|turn|9\n|\n|t:|1776375573\n|move|p2b: Sinistcha|Life Dew|p2b: Sinistcha|[spread] p2a,p2b\n|-heal|p2a: Aggron|26/100\n|-heal|p2b: Sinistcha|91/100\n|move|p2a: Aggron|Body Press|p1a: Ampharos\n|-damage|p1a: Ampharos|0 fnt\n|faint|p1a: Ampharos\n|move|p1b: Rhyperior|Rock Slide|p2a: Aggron|[spread] p2a,p2b\n|-resisted|p2a: Aggron|1\n|-damage|p2a: Aggron|24/100\n|-damage|p2b: Sinistcha|72/100\n|\n|upkeep\n|\n|t:|1776375581\n|switch|p1a: Sneasler|Sneasler, L50, M|100/100\n|turn|10\n|\n|t:|1776375590\n|switch|p2b: Incineroar|Incineroar, L50, M|55/100\n|-ability|p2b: Incineroar|Intimidate|boost\n|-unboost|p1a: Sneasler|atk|1\n|-unboost|p1b: Rhyperior|atk|1\n|move|p2a: Aggron|Protect|p2a: Aggron\n|-singleturn|p2a: Aggron|Protect\n|move|p1a: Sneasler|Dire Claw|p2b: Incineroar\n|-damage|p2b: Incineroar|32/100\n|-status|p2b: Incineroar|psn\n|move|p1b: Rhyperior|High Horsepower|p2a: Aggron\n|-activate|p2a: Aggron|move: Protect\n|\n|-damage|p2b: Incineroar|20/100 psn|[from] psn\n|upkeep\n|turn|11\n|\n|t:|1776375609\n|switch|p2b: Sinistcha|Sinistcha, L50|72/100\n|-heal|p2a: Aggron|49/100|[from] ability: Hospitality|[of] p2b: Sinistcha\n|move|p1a: Sneasler|Protect|p1a: Sneasler\n|-singleturn|p1a: Sneasler|Protect\n|move|p2a: Aggron|Body Press|p1b: Rhyperior\n|-supereffective|p1b: Rhyperior|1\n|-damage|p1b: Rhyperior|22/100\n|move|p1b: Rhyperior|High Horsepower|p2a: Aggron\n|-supereffective|p2a: Aggron|1\n|-damage|p2a: Aggron|38/100\n|\n|upkeep\n|turn|12\n|\n|t:|1776375627\n|move|p1a: Sneasler|Dire Claw|p2b: Sinistcha\n|-damage|p2b: Sinistcha|47/100\n|-enditem|p2b: Sinistcha|Sitrus Berry|[eat]\n|-heal|p2b: Sinistcha|71/100|[from] item: Sitrus Berry\n|move|p2b: Sinistcha|Life Dew|p2b: Sinistcha|[spread] p2a,p2b\n|-heal|p2a: Aggron|63/100\n|-heal|p2b: Sinistcha|97/100\n|move|p2a: Aggron|Body Press|p1b: Rhyperior\n|-supereffective|p1b: Rhyperior|1\n|-damage|p1b: Rhyperior|0 fnt\n|faint|p1b: Rhyperior\n|\n|upkeep\n|turn|13\n|\n|t:|1776375640\n|move|p1a: Sneasler|Close Combat|p2a: Aggron\n|-supereffective|p2a: Aggron|1\n|-damage|p2a: Aggron|47/100\n|-unboost|p1a: Sneasler|def|1\n|-unboost|p1a: Sneasler|spd|1\n|move|p2b: Sinistcha|Life Dew|p2b: Sinistcha|[spread] p2a,p2b\n|-heal|p2a: Aggron|72/100\n|-heal|p2b: Sinistcha|100/100\n|move|p2a: Aggron|Heavy Slam|p1a: Sneasler\n|-enditem|p1a: Sneasler|Focus Sash\n|-damage|p1a: Sneasler|1/100\n|\n|upkeep\n|turn|14\n|\n|t:|1776375647\n|move|p1a: Sneasler|Close Combat|p2a: Aggron\n|-supereffective|p2a: Aggron|1\n|-crit|p2a: Aggron\n|-damage|p2a: Aggron|0 fnt\n|-unboost|p1a: Sneasler|def|1\n|-unboost|p1a: Sneasler|spd|1\n|faint|p2a: Aggron\n|move|p2b: Sinistcha|Life Dew||[still]\n|-fail|p2b: Sinistcha|heal\n|\n|upkeep\n|\n|t:|1776375650\n|switch|p2a: Incineroar|Incineroar, L50, M|20/100 psn\n|-ability|p2a: Incineroar|Intimidate|boost\n|-unboost|p1a: Sneasler|atk|1\n|turn|15\n|\n|t:|1776375656\n|move|p1a: Sneasler|Protect|p1a: Sneasler\n|-singleturn|p1a: Sneasler|Protect\n|move|p2a: Incineroar|Fake Out|p1a: Sneasler\n|-activate|p1a: Sneasler|move: Protect\n|move|p2b: Sinistcha|Matcha Gotcha|p1a: Sneasler\n|-activate|p1a: Sneasler|move: Protect\n|\n|-damage|p2a: Incineroar|7/100 psn|[from] psn\n|upkeep\n|turn|16\n|\n|t:|1776375664\n|move|p1a: Sneasler|Dire Claw|p2b: Sinistcha\n|-damage|p2b: Sinistcha|80/100\n|move|p2b: Sinistcha|Matcha Gotcha|p1a: Sneasler\n|-resisted|p1a: Sneasler|1\n|-damage|p1a: Sneasler|0 fnt\n|-heal|p2b: Sinistcha|80/100|[from] drain|[of] p1a: Sneasler\n|faint|p1a: Sneasler\n|\n|win|benny bagatelli\n|raw|hfjolffckudbl's rating: 1353 &rarr; <strong>1339</strong><br />(-14 for losing)\n|raw|benny bagatelli's rating: 1453 &rarr; <strong>1467</strong><br />(+14 for winning)\n",
  "uploadtime": 1776375666,
  "views": 31,
  "formatid": "gen9championsvgc2026regma",
  "rating": 1339,
  "private": 0,
  "password": null
}