{
  "id": "gen9championsvgc2026regma-2583396838",
  "format": "[Gen 9 Champions] VGC 2026 Reg M-A",
  "players": [
    "nd40",
    "Apeqo123"
  ],
  "log": "|j|\u2606nd40\n|j|\u2606Apeqo123\n|t:|1776172831\n|gametype|doubles\n|player|p1|nd40|gentleman-gen4|1040\n|player|p2|Apeqo123|1|1133\n|gen|9\n|tier|[Gen 9 Champions] VGC 2026 Reg M-A\n|rated|\n|rule|Species Clause: Limit one of each Pok\u00e9mon\n|rule|Item Clause: Limit 1 of each item\n|clearpoke\n|poke|p1|Camerupt, L50, M|\n|poke|p1|Hatterene, L50, F|\n|poke|p1|Scizor, L50, F|\n|poke|p1|Venusaur, L50, F|\n|poke|p1|Avalugg, L50, F|\n|poke|p1|Kingambit, L50, M|\n|poke|p2|Venusaur, L50, M|\n|poke|p2|Charizard, L50, M|\n|poke|p2|Farigiraf, L50, M|\n|poke|p2|Rhyperior, L50, F|\n|poke|p2|Incineroar, L50, F|\n|poke|p2|Torkoal, L50, M|\n|teampreview|4\n|\n|t:|1776172854\n|teamsize|p1|4\n|teamsize|p2|4\n|start\n|switch|p1a: Hatterene|Hatterene, L50, F|100/100\n|switch|p1b: Avalugg|Avalugg, L50, F|100/100\n|switch|p2a: Charizard|Charizard, L50, M|100/100\n|switch|p2b: Venusaur|Venusaur, L50, M|100/100\n|turn|1\n|\n|t:|1776172869\n|detailschange|p2a: Charizard|Charizard-Mega-Y, L50, M\n|-mega|p2a: Charizard|Charizard|Charizardite Y\n|-weather|SunnyDay|[from] ability: Drought|[of] p2a: Charizard\n|move|p2b: Venusaur|Sleep Powder|p1a: Hatterene\n|move|p1a: Hatterene|Sleep Powder|p2b: Venusaur|[from] ability: Magic Bounce\n|-immune|p2b: Venusaur\n|move|p2a: Charizard|Heat Wave|p1a: Hatterene|[spread] p1a,p1b\n|-supereffective|p1b: Avalugg|1\n|-damage|p1a: Hatterene|47/100\n|-ability|p1b: Avalugg|Sturdy\n|-damage|p1b: Avalugg|1/100\n|move|p1b: Avalugg|Rock Slide|p2a: Charizard|[spread] p2a,p2b\n|-supereffective|p2a: Charizard|2\n|-damage|p2a: Charizard|23/100\n|-damage|p2b: Venusaur|74/100\n|move|p1a: Hatterene|Trick Room|p1a: Hatterene\n|-fieldstart|move: Trick Room|[of] p1a: Hatterene\n|\n|-weather|SunnyDay|[upkeep]\n|upkeep\n|turn|2\n|\n|t:|1776172899\n|switch|p2a: Torkoal|Torkoal, L50, M|100/100\n|move|p1b: Avalugg|Icicle Crash|p2b: Venusaur\n|-supereffective|p2b: Venusaur|1\n|-damage|p2b: Venusaur|0 fnt\n|faint|p2b: Venusaur\n|move|p1a: Hatterene|Dark Pulse|p2a: Torkoal\n|-damage|p2a: Torkoal|70/100\n|\n|-weather|SunnyDay|[upkeep]\n|upkeep\n|\n|t:|1776172910\n|switch|p2b: Incineroar|Incineroar, L50, F|100/100\n|-ability|p2b: Incineroar|Intimidate|boost\n|-unboost|p1a: Hatterene|atk|1\n|-unboost|p1b: Avalugg|atk|1\n|turn|3\n|\n|t:|1776172926\n|move|p1b: Avalugg|Protect|p1b: Avalugg\n|-singleturn|p1b: Avalugg|Protect\n|move|p2b: Incineroar|Fake Out|p1a: Hatterene\n|-damage|p1a: Hatterene|36/100\n|move|p2a: Torkoal|Eruption|p1b: Avalugg|[spread] p1a\n|-activate|p1b: Avalugg|move: Protect\n|-damage|p1a: Hatterene|0 fnt\n|faint|p1a: Hatterene\n|\n|-weather|SunnyDay|[upkeep]\n|upkeep\n|\n|t:|1776172932\n|switch|p1a: Camerupt|Camerupt, L50, M|100/100\n|turn|4\n|\n|t:|1776172956\n|detailschange|p1a: Camerupt|Camerupt-Mega, L50, M\n|-mega|p1a: Camerupt|Camerupt|Cameruptite\n|move|p1a: Camerupt|Scorching Sands|p2a: Torkoal\n|-supereffective|p2a: Torkoal|1\n|-damage|p2a: Torkoal|0 fnt\n|faint|p2a: Torkoal\n|move|p1b: Avalugg|Rock Slide|p2b: Incineroar\n|-supereffective|p2b: Incineroar|1\n|-damage|p2b: Incineroar|71/100\n|move|p2b: Incineroar|Throat Chop|p1b: Avalugg\n|-damage|p1b: Avalugg|0 fnt\n|faint|p1b: Avalugg\n|\n|-weather|SunnyDay|[upkeep]\n|upkeep\n|\n|t:|1776172972\n|switch|p2a: Charizard|Charizard-Mega-Y, L50, M|23/100\n|switch|p1b: Venusaur|Venusaur, L50, F|100/100\n|turn|5\n|\n|t:|1776172985\n|move|p1a: Camerupt|Eruption|p2a: Charizard|[spread] p2a,p2b\n|-resisted|p2a: Charizard|1\n|-resisted|p2b: Incineroar|1\n|-crit|p2b: Incineroar\n|-damage|p2a: Charizard|0 fnt\n|-damage|p2b: Incineroar|6/100\n|-enditem|p2b: Incineroar|Sitrus Berry|[eat]\n|-heal|p2b: Incineroar|31/100|[from] item: Sitrus Berry\n|faint|p2a: Charizard\n|move|p2b: Incineroar|Throat Chop|p1a: Camerupt\n|-damage|p1a: Camerupt|60/100\n|-start|p1a: Camerupt|Throat Chop|[silent]\n|move|p1b: Venusaur|Sludge Wave|p2b: Incineroar|[spread] p1a,p2b\n|-resisted|p1a: Camerupt|1\n|-damage|p1a: Camerupt|46/100\n|-damage|p2b: Incineroar|0 fnt\n|faint|p2b: Incineroar\n|\n|win|nd40\n|raw|nd40's rating: 1040 &rarr; <strong>1083</strong><br />(+43 for winning)\n|raw|Apeqo123's rating: 1133 &rarr; <strong>1101</strong><br />(-32 for losing)\n|l|\u2606Apeqo123\n|player|p2|\n",
  "uploadtime": 1776173003,
  "views": 15,
  "formatid": "gen9championsvgc2026regma",
  "rating": 1083,
  "private": 0,
  "password": null
}