{
  "id": "gen9championsvgc2026regma-2583646423",
  "format": "[Gen 9 Champions] VGC 2026 Reg M-A",
  "players": [
    "alibabajr",
    "heyman331"
  ],
  "log": "|j|\u2606alibabajr\n|j|\u2606heyman331\n|t:|1776188540\n|gametype|doubles\n|player|p1|alibabajr|cyclist|1061\n|player|p2|heyman331|miku-water|1044\n|gen|9\n|tier|[Gen 9 Champions] VGC 2026 Reg M-A\n|rated|\n|rule|Species Clause: Limit one of each Pok\u00e9mon\n|rule|Item Clause: Limit 1 of each item\n|clearpoke\n|poke|p1|Victreebel, L50, M|\n|poke|p1|Cofagrigus, L50, F|\n|poke|p1|Corviknight, L50, M|\n|poke|p1|Heliolisk, L50, M|\n|poke|p1|Palafin, L50, F|\n|poke|p1|Gallade, L50, M|\n|poke|p2|Charizard, L50, F|\n|poke|p2|Whimsicott, L50, M|\n|poke|p2|Venusaur, L50, M|\n|poke|p2|Sneasler, L50, M|\n|poke|p2|Aerodactyl, L50, M|\n|poke|p2|Kingambit, L50, M|\n|teampreview|4\nheyman331 has agreed to open team sheets.\n|\n|t:|1776188591\n|teamsize|p1|4\n|teamsize|p2|4\n|start\n|switch|p1a: Victreebel|Victreebel, L50, M|100/100\n|switch|p1b: Palafin|Palafin, L50, F|100/100\n|switch|p2a: LETMEGOFIRST|Aerodactyl, L50, M|100/100\n|switch|p2b: toucher|Sneasler, L50, M|100/100\n|-ability|p2a: LETMEGOFIRST|Unnerve\n|turn|1\n|\n|t:|1776188606\n|detailschange|p1b: Palafin|Palafin-Hero, L50, F\n|switch|p1b: Cofagrigus|Cofagrigus, L50, F|100/100\n|detailschange|p2a: LETMEGOFIRST|Aerodactyl-Mega, L50, M\n|-mega|p2a: LETMEGOFIRST|Aerodactyl|Aerodactylite\n|detailschange|p1a: Victreebel|Victreebel-Mega, L50, M\n|-mega|p1a: Victreebel|Victreebel|Victreebelite\n|move|p2b: toucher|Fake Out|p1b: Cofagrigus\n|-immune|p1b: Cofagrigus\n|move|p2a: LETMEGOFIRST|Dual Wingbeat|p1a: Victreebel\n|-supereffective|p1a: Victreebel|1\n|-damage|p1a: Victreebel|26/100\n|-supereffective|p1a: Victreebel|1\n|-damage|p1a: Victreebel|0 fnt\n|-damage|p2a: LETMEGOFIRST|76/100|[from] ability: Innards Out|[of] p1a: Victreebel\n|faint|p1a: Victreebel\n|-hitcount|p1: Victreebel|2\n|\n|upkeep\n|\n|t:|1776188617\n|switch|p1a: Palafin|Palafin-Hero, L50, F|100/100\n|-activate|p1a: Palafin|ability: Zero to Hero\n|turn|2\n|\n|t:|1776188643\n|switch|p2a: nuh uh|Whimsicott, L50, M|100/100\n|move|p1a: Palafin|Jet Punch|p2a: nuh uh\n|-resisted|p2a: nuh uh|1\n|-damage|p2a: nuh uh|71/100\n|move|p2b: toucher|Dire Claw|p1a: Palafin\n|-damage|p1a: Palafin|56/100\n|move|p1b: Cofagrigus|Confuse Ray|p2b: toucher\n|-start|p2b: toucher|confusion\n|\n|upkeep\n|turn|3\n|\n|t:|1776188665\n|switch|p2b: how Hungry..|Venusaur, L50, M, shiny|100/100\n|switch|p1a: Corviknight|Corviknight, L50, M|100/100\n|-ability|p1a: Corviknight|Unnerve\n|move|p2a: nuh uh|Protect|p2a: nuh uh\n|-singleturn|p2a: nuh uh|Protect\n|move|p1b: Cofagrigus|Confuse Ray|p2a: nuh uh\n|-activate|p2a: nuh uh|move: Protect\n|\n|upkeep\n|turn|4\n|\n|t:|1776188690\n|move|p2a: nuh uh|Tailwind|p2a: nuh uh\n|-sidestart|p2: heyman331|move: Tailwind\n|move|p2b: how Hungry..|Sleep Powder|p1a: Corviknight\n|-status|p1a: Corviknight|slp|[from] move: Sleep Powder\n|cant|p1a: Corviknight|slp\n|move|p1b: Cofagrigus|Confuse Ray|p2b: how Hungry..\n|-start|p2b: how Hungry..|confusion\n|\n|upkeep\n|turn|5\n|\n|t:|1776188707\n|move|p2a: nuh uh|Moonblast|p1b: Cofagrigus\n|-damage|p1b: Cofagrigus|68/100\n|-activate|p2b: how Hungry..|confusion\n|-damage|p2b: how Hungry..|92/100|[from] confusion\n|cant|p1a: Corviknight|slp\n|move|p1b: Cofagrigus|Confuse Ray|p2a: nuh uh\n|-start|p2a: nuh uh|confusion\n|\n|upkeep\n|turn|6\n|\n|t:|1776188722\n|switch|p2a: LETMEGOFIRST|Aerodactyl-Mega, L50, M|76/100\n|-activate|p2b: how Hungry..|confusion\n|move|p2b: how Hungry..|Sleep Powder|p1b: Cofagrigus|[miss]\n|-miss|p2b: how Hungry..|p1b: Cofagrigus\n|-curestatus|p1a: Corviknight|slp|[msg]\n|move|p1a: Corviknight|Iron Defense|p1a: Corviknight\n|-boost|p1a: Corviknight|def|2\n|move|p1b: Cofagrigus|Shadow Ball|p2b: how Hungry..\n|-damage|p2b: how Hungry..|57/100\n|\n|upkeep\n|turn|7\n|\n|t:|1776188743\n|move|p2a: LETMEGOFIRST|Rock Slide|p1b: Cofagrigus|[spread] p1b\n|-miss|p2a: LETMEGOFIRST|p1a: Corviknight\n|-damage|p1b: Cofagrigus|45/100\n|-enditem|p1b: Cofagrigus|Sitrus Berry|[eat]\n|-heal|p1b: Cofagrigus|70/100|[from] item: Sitrus Berry\n|-end|p2b: how Hungry..|confusion\n|move|p2b: how Hungry..|Sleep Powder|p1a: Corviknight\n|-status|p1a: Corviknight|slp|[from] move: Sleep Powder\n|cant|p1a: Corviknight|slp\n|cant|p1b: Cofagrigus|flinch\n|\n|-sideend|p2: heyman331|move: Tailwind\n|upkeep\n|turn|8\n|\n|t:|1776188767\n|move|p2a: LETMEGOFIRST|Rock Slide|p1b: Cofagrigus|[spread] p1a,p1b\n|-damage|p1a: Corviknight|89/100 slp\n|-damage|p1b: Cofagrigus|46/100\n|move|p2b: how Hungry..|Energy Ball|p1b: Cofagrigus\n|-damage|p1b: Cofagrigus|10/100\n|cant|p1a: Corviknight|slp\n|cant|p1b: Cofagrigus|flinch\n|\n|-heal|p1a: Corviknight|95/100 slp|[from] item: Leftovers\n|upkeep\n|turn|9\n|\n|t:|1776188789\n|move|p2b: how Hungry..|Protect|p2b: how Hungry..\n|-singleturn|p2b: how Hungry..|Protect\n|move|p1b: Cofagrigus|Protect|p1b: Cofagrigus\n|-singleturn|p1b: Cofagrigus|Protect\n|move|p2a: LETMEGOFIRST|Rock Slide|p1b: Cofagrigus|[spread] p1a\n|-activate|p1b: Cofagrigus|move: Protect\n|-damage|p1a: Corviknight|83/100 slp\n|-curestatus|p1a: Corviknight|slp|[msg]\n|move|p1a: Corviknight|Tailwind|p1a: Corviknight\n|-sidestart|p1: alibabajr|move: Tailwind\n|\n|-heal|p1a: Corviknight|89/100|[from] item: Leftovers\n|upkeep\n|turn|10\n|\n|t:|1776188819\n|move|p2a: LETMEGOFIRST|Protect|p2a: LETMEGOFIRST\n|-singleturn|p2a: LETMEGOFIRST|Protect\n|move|p1a: Corviknight|Body Press|p2a: LETMEGOFIRST\n|-activate|p2a: LETMEGOFIRST|move: Protect\n|move|p2b: how Hungry..|Energy Ball|p1b: Cofagrigus\n|-damage|p1b: Cofagrigus|0 fnt\n|faint|p1b: Cofagrigus\n|\n|-heal|p1a: Corviknight|95/100|[from] item: Leftovers\n|upkeep\n|\n|t:|1776188828\n|switch|p1b: Palafin|Palafin-Hero, L50, F|56/100\n|turn|11\n|\n|t:|1776188856\n|switch|p2a: nuh uh|Whimsicott, L50, M|71/100\n|move|p2b: how Hungry..|Protect|p2b: how Hungry..\n|-singleturn|p2b: how Hungry..|Protect\n|move|p1b: Palafin|Wave Crash|p2b: how Hungry..\n|-activate|p2b: how Hungry..|move: Protect\n|move|p1a: Corviknight|Body Press|p2a: nuh uh\n|-resisted|p2a: nuh uh|1\n|-damage|p2a: nuh uh|44/100\n|\n|-heal|p1a: Corviknight|100/100|[from] item: Leftovers\n|upkeep\n|turn|12\n|\n|t:|1776188876\n|move|p2a: nuh uh|Tailwind|p2a: nuh uh\n|-sidestart|p2: heyman331|move: Tailwind\n|move|p1b: Palafin|Wave Crash|p2a: nuh uh\n|-resisted|p2a: nuh uh|1\n|-damage|p2a: nuh uh|0 fnt\n|faint|p2a: nuh uh\n|-damage|p1b: Palafin|45/100|[from] Recoil\n|move|p2b: how Hungry..|Sleep Powder|p1a: Corviknight\n|-status|p1a: Corviknight|slp|[from] move: Sleep Powder\n|cant|p1a: Corviknight|slp\n|\n|-sideend|p1: alibabajr|move: Tailwind\n|upkeep\n|\n|t:|1776188887\n|switch|p2a: toucher|Sneasler, L50, M|100/100\n|turn|13\n|\n|t:|1776188894\n|move|p2a: toucher|Fake Out|p1b: Palafin\n|-damage|p1b: Palafin|30/100\n|cant|p1b: Palafin|flinch\n|move|p2b: how Hungry..|Sleep Powder|p1b: Palafin\n|-status|p1b: Palafin|slp|[from] move: Sleep Powder\n|cant|p1a: Corviknight|slp\n|\n|upkeep\n|turn|14\n|\n|t:|1776188911\n|cant|p1b: Palafin|slp\n|move|p2a: toucher|Dire Claw|p1b: Palafin\n|-damage|p1b: Palafin|0 fnt\n|faint|p1b: Palafin\n|move|p2b: how Hungry..|Energy Ball|p1a: Corviknight\n|-resisted|p1a: Corviknight|2\n|-damage|p1a: Corviknight|93/100 slp\n|-curestatus|p1a: Corviknight|slp|[msg]\n|move|p1a: Corviknight|Iron Defense|p1a: Corviknight\n|-boost|p1a: Corviknight|def|2\n|\n|-heal|p1a: Corviknight|99/100|[from] item: Leftovers\n|upkeep\n|turn|15\n|\n|t:|1776188927\n|move|p2a: toucher|Close Combat|p1a: Corviknight\n|-damage|p1a: Corviknight|81/100\n|-unboost|p2a: toucher|def|1\n|-unboost|p2a: toucher|spd|1\n|-enditem|p2a: toucher|White Herb\n|-clearnegativeboost|p2a: toucher|[silent]\n|move|p2b: how Hungry..|Sleep Powder|p1a: Corviknight\n|-status|p1a: Corviknight|slp|[from] move: Sleep Powder\n|cant|p1a: Corviknight|slp\n|\n|-heal|p1a: Corviknight|87/100 slp|[from] item: Leftovers\n|-sideend|p2: heyman331|move: Tailwind\n|upkeep\n|turn|16\n|\n|t:|1776188938\n|move|p2a: toucher|Close Combat|p1a: Corviknight\n|-damage|p1a: Corviknight|69/100 slp\n|-unboost|p2a: toucher|def|1\n|-unboost|p2a: toucher|spd|1\n|move|p2b: how Hungry..|Energy Ball|p1a: Corviknight\n|-resisted|p1a: Corviknight|2\n|-damage|p1a: Corviknight|62/100 slp\n|cant|p1a: Corviknight|slp\n|\n|-heal|p1a: Corviknight|68/100 slp|[from] item: Leftovers\n|upkeep\n|turn|17\n|\n|t:|1776188953\n|move|p2a: toucher|Close Combat|p1a: Corviknight\n|-damage|p1a: Corviknight|50/100 slp\n|-unboost|p2a: toucher|def|1\n|-unboost|p2a: toucher|spd|1\n|move|p2b: how Hungry..|Energy Ball|p1a: Corviknight\n|-resisted|p1a: Corviknight|2\n|-damage|p1a: Corviknight|42/100 slp\n|-curestatus|p1a: Corviknight|slp|[msg]\n|move|p1a: Corviknight|Body Press|p2b: how Hungry..\n|-resisted|p2b: how Hungry..|1\n|-damage|p2b: how Hungry..|22/100\n|\n|-heal|p1a: Corviknight|48/100|[from] item: Leftovers\n|upkeep\n|turn|18\n|\n|t:|1776188967\n|move|p2a: toucher|Close Combat|p1a: Corviknight\n|-damage|p1a: Corviknight|30/100\n|-unboost|p2a: toucher|def|1\n|-unboost|p2a: toucher|spd|1\n|move|p2b: how Hungry..|Sleep Powder|p1a: Corviknight|[miss]\n|-miss|p2b: how Hungry..|p1a: Corviknight\n|move|p1a: Corviknight|Body Press|p2b: how Hungry..\n|-resisted|p2b: how Hungry..|1\n|-damage|p2b: how Hungry..|0 fnt\n|faint|p2b: how Hungry..\n|\n|-heal|p1a: Corviknight|36/100|[from] item: Leftovers\n|upkeep\n|\n|t:|1776188976\n|switch|p2b: LETMEGOFIRST|Aerodactyl-Mega, L50, M|76/100\n|turn|19\n|\n|t:|1776188985\n|move|p1a: Corviknight|Protect|p1a: Corviknight\n|-singleturn|p1a: Corviknight|Protect\n|move|p2a: toucher|Close Combat|p1a: Corviknight\n|-activate|p1a: Corviknight|move: Protect\n|move|p2b: LETMEGOFIRST|Rock Slide|p1a: Corviknight\n|-activate|p1a: Corviknight|move: Protect\n|\n|-heal|p1a: Corviknight|42/100|[from] item: Leftovers\n|upkeep\n|turn|20\n|\n|t:|1776188995\n|move|p2a: toucher|Close Combat|p1a: Corviknight\n|-damage|p1a: Corviknight|24/100\n|-unboost|p2a: toucher|def|1\n|-unboost|p2a: toucher|spd|1\n|move|p2b: LETMEGOFIRST|Rock Slide|p1a: Corviknight\n|-damage|p1a: Corviknight|11/100\n|cant|p1a: Corviknight|flinch\n|\n|-heal|p1a: Corviknight|17/100|[from] item: Leftovers\n|upkeep\n|turn|21\n|\n|t:|1776189012\n|move|p1a: Corviknight|Protect|p1a: Corviknight\n|-singleturn|p1a: Corviknight|Protect\n|move|p2a: toucher|Close Combat|p1a: Corviknight\n|-activate|p1a: Corviknight|move: Protect\n|move|p2b: LETMEGOFIRST|Rock Slide|p1a: Corviknight\n|-activate|p1a: Corviknight|move: Protect\n|\n|-heal|p1a: Corviknight|22/100|[from] item: Leftovers\n|upkeep\n|turn|22\n|\n|t:|1776189016\n|move|p2a: toucher|Close Combat|p1a: Corviknight\n|-damage|p1a: Corviknight|4/100\n|-unboost|p2a: toucher|def|1\n|-unboost|p2a: toucher|spd|1\n|move|p2b: LETMEGOFIRST|Rock Slide|p1a: Corviknight\n|-damage|p1a: Corviknight|0 fnt\n|faint|p1a: Corviknight\n|\n|win|heyman331\n|raw|alibabajr's rating: 1061 &rarr; <strong>1041</strong><br />(-20 for losing)\n|raw|heyman331's rating: 1044 &rarr; <strong>1079</strong><br />(+35 for winning)\n|c|\u2606heyman331|gg\n|l|\u2606alibabajr\n|player|p1|\n",
  "uploadtime": 1776189024,
  "views": 21,
  "formatid": "gen9championsvgc2026regma",
  "rating": 1041,
  "private": 0,
  "password": null
}