{
  "id": "gen9championsvgc2026regma-2588277078",
  "format": "[Gen 9 Champions] VGC 2026 Reg M-A",
  "players": [
    "mynamegrassgreen",
    "ppyyy-inertia"
  ],
  "log": "|j|\u2606mynamegrassgreen\n|j|\u2606ppyyy-inertia\n|html|<table width=\"100%\"><tr><td align=\"left\">mynamegrassgreen</td><td align=\"right\">ppyyy-inertia</tr><tr><td align=\"left\"><i class=\"fa fa-circle-o\"></i> <i class=\"fa fa-circle-o\"></i> </td><td align=\"right\"><i class=\"fa fa-circle-o\"></i> <i class=\"fa fa-circle-o\"></i> </tr></table>\n|uhtml|bestof|<h2><strong>Game 1</strong> of <a href=\"/game-bestof3-gen9championsvgc2026regma-2588277077\">a best-of-3</a></h2>\n|t:|1776620304\n|gametype|doubles\n|player|p1|mynamegrassgreen|n-masters|\n|player|p2|ppyyy-inertia|elesa-gen5bw2|\n|gen|9\n|tier|[Gen 9 Champions] VGC 2026 Reg M-A\n|rated|Tournament battle\n|rule|Species Clause: Limit one of each Pok\u00e9mon\n|rule|Item Clause: Limit 1 of each item\n|raw|<div class=\"infobox\"><details class=\"readmore\" open><summary><strong>1 custom rule:</strong></summary> Best of = 3</details></div>\n|clearpoke\n|poke|p1|Kommo-o, L50, F|\n|poke|p1|Gengar, L50, M|\n|poke|p1|Whimsicott, L50, F|\n|poke|p1|Sinistcha-Masterpiece, L50|\n|poke|p1|Incineroar, L50, F|\n|poke|p1|Kingambit, L50, F|\n|poke|p2|Incineroar, L50, F|\n|poke|p2|Floette-Eternal, L50, F, shiny|\n|poke|p2|Zoroark-Hisui, L50, F, shiny|\n|poke|p2|Tinkaton, L50, F, shiny|\n|poke|p2|Dragonite, L50, M, shiny|\n|poke|p2|Garchomp, L50, M|\n|teampreview|4\nmynamegrassgreen has agreed to open team sheets.\n|j| toadsamongmen\n|l| toadsamongmen\nppyyy-inertia rejected open team sheets.\n|\n|t:|1776620340\n|teamsize|p1|4\n|teamsize|p2|4\n|start\n|switch|p1a: The King|Incineroar, L50, F|100/100\n|switch|p1b: Stay with me... \ud83c\udfb5|Gengar, L50, M|100/100\n|switch|p2a: Dragonite|Dragonite, L50, M, shiny|100/100\n|switch|p2b: Tinkaton|Tinkaton, L50, F, shiny|100/100\n|-ability|p1a: The King|Intimidate|boost\n|-unboost|p2a: Dragonite|atk|1\n|-fail|p2b: Tinkaton|unboost|Attack|[from] ability: Own Tempo|[of] p2b: Tinkaton\n|turn|1\n|\n|t:|1776620358\n|detailschange|p1b: Stay with me... \ud83c\udfb5|Gengar-Mega, L50, M\n|-mega|p1b: Stay with me... \ud83c\udfb5|Gengar|Gengarite\n|move|p1b: Stay with me... \ud83c\udfb5|Protect|p1b: Stay with me... \ud83c\udfb5\n|-singleturn|p1b: Stay with me... \ud83c\udfb5|Protect\n|move|p1a: The King|Protect|p1a: The King\n|-singleturn|p1a: The King|Protect\n|move|p2b: Tinkaton|Fake Out|p1a: The King\n|-activate|p1a: The King|move: Protect\n|move|p2a: Dragonite|Shadow Ball|p1b: Stay with me... \ud83c\udfb5\n|-activate|p1b: Stay with me... \ud83c\udfb5|move: Protect\n|\n|upkeep\n|turn|2\n|\n|t:|1776620381\n|switch|p1b: Kingambit|Kingambit, L50, F|100/100\n|move|p2a: Dragonite|Shadow Ball|p1b: Kingambit\n|-resisted|p1b: Kingambit|1\n|-damage|p1b: Kingambit|80/100\n|move|p2b: Tinkaton|Gigaton Hammer|p1b: Kingambit\n|-resisted|p1b: Kingambit|1\n|-damage|p1b: Kingambit|60/100\n|move|p1a: The King|Flare Blitz|p2a: Dragonite\n|-damage|p2a: Dragonite|5/100\n|-status|p2a: Dragonite|brn\n|replace|p2a: Zoroark|Zoroark-Hisui, L50, F, shiny\n|-end|p2a: Zoroark|Illusion\n|-damage|p1a: The King|80/100|[from] Recoil\n|\n|-damage|p2a: Zoroark|0 fnt|[from] brn\n|faint|p2a: Zoroark\n|upkeep\n|\n|t:|1776620396\n|switch|p2a: Floette|Floette-Eternal, L50, F, shiny|100/100\n|turn|3\n|\n|t:|1776620404\n|move|p2a: Floette|Protect|p2a: Floette\n|-singleturn|p2a: Floette|Protect\n|move|p1b: Kingambit|Protect|p1b: Kingambit\n|-singleturn|p1b: Kingambit|Protect\n|move|p2b: Tinkaton|Play Rough|p1a: The King\n|-damage|p1a: The King|50/100\n|move|p1a: The King|Parting Shot|p2a: Floette\n|-activate|p2a: Floette|move: Protect\n|\n|upkeep\n|turn|4\n|\n|t:|1776620425\n|switch|p1a: beer|Sinistcha-Masterpiece, L50|100/100\n|-heal|p1b: Kingambit|85/100|[from] ability: Hospitality|[of] p1a: beer\n|detailschange|p2a: Floette|Floette-Mega, L50, F, shiny\n|-mega|p2a: Floette|Floette|Floettite\n|-ability|p2a: Floette|Fairy Aura\n|move|p2a: Floette|Moonblast|p1b: Kingambit\n|-damage|p1b: Kingambit|19/100\n|move|p2b: Tinkaton|Play Rough|p1b: Kingambit\n|-damage|p1b: Kingambit|0 fnt\n|faint|p1b: Kingambit\n|\n|upkeep\n|\n|t:|1776620438\n|switch|p1b: Stay with me... \ud83c\udfb5|Gengar-Mega, L50, M|100/100\n|turn|5\n|\n|t:|1776620445\n|move|p1b: Stay with me... \ud83c\udfb5|Perish Song|p1b: Stay with me... \ud83c\udfb5\n|-start|p1a: beer|perish3|[silent]\n|-start|p1b: Stay with me... \ud83c\udfb5|perish3|[silent]\n|-start|p2a: Floette|perish3|[silent]\n|-start|p2b: Tinkaton|perish3|[silent]\n|-fieldactivate|move: Perish Song\n|move|p2a: Floette|Moonblast|p1a: beer\n|-damage|p1a: beer|26/100\n|-enditem|p1a: beer|Sitrus Berry|[eat]\n|-heal|p1a: beer|50/100|[from] item: Sitrus Berry\n|move|p2b: Tinkaton|Gigaton Hammer|p1a: beer\n|-damage|p1a: beer|0 fnt\n|faint|p1a: beer\n|\n|-start|p1b: Stay with me... \ud83c\udfb5|perish3\n|-start|p2a: Floette|perish3\n|-start|p2b: Tinkaton|perish3\n|upkeep\n|j| bundleofvolts\n|\n|t:|1776620454\n|switch|p1a: The King|Incineroar, L50, F|50/100\n|-ability|p1a: The King|Intimidate|boost\n|-unboost|p2a: Floette|atk|1\n|-fail|p2b: Tinkaton|unboost|Attack|[from] ability: Own Tempo|[of] p2b: Tinkaton\n|turn|6\n|\n|t:|1776620459\n|move|p2a: Floette|Protect|p2a: Floette\n|-singleturn|p2a: Floette|Protect\n|move|p1a: The King|Fake Out|p2a: Floette\n|-activate|p2a: Floette|move: Protect\n|move|p1b: Stay with me... \ud83c\udfb5|Shadow Ball|p2b: Tinkaton\n|-damage|p2b: Tinkaton|58/100\n|move|p2b: Tinkaton|Play Rough|p1a: The King\n|-damage|p1a: The King|14/100\n|\n|-start|p1b: Stay with me... \ud83c\udfb5|perish2\n|-start|p2a: Floette|perish2\n|-start|p2b: Tinkaton|perish2\n|upkeep\n|turn|7\n|\n|t:|1776620470\n|move|p1b: Stay with me... \ud83c\udfb5|Protect|p1b: Stay with me... \ud83c\udfb5\n|-singleturn|p1b: Stay with me... \ud83c\udfb5|Protect\n|move|p1a: The King|Protect|p1a: The King\n|-singleturn|p1a: The King|Protect\n|move|p2a: Floette|Dazzling Gleam|p1b: Stay with me... \ud83c\udfb5|[spread] \n|-activate|p1a: The King|move: Protect\n|-activate|p1b: Stay with me... \ud83c\udfb5|move: Protect\n|move|p2b: Tinkaton|Gigaton Hammer|p1a: The King\n|-activate|p1a: The King|move: Protect\n|\n|-start|p1b: Stay with me... \ud83c\udfb5|perish1\n|-start|p2a: Floette|perish1\n|-start|p2b: Tinkaton|perish1\n|upkeep\n|turn|8\n|\n|t:|1776620480\n|move|p1a: The King|Protect||[still]\n|-fail|p1a: The King\n|move|p1b: Stay with me... \ud83c\udfb5|Shadow Ball|p2b: Tinkaton\n|-damage|p2b: Tinkaton|19/100\n|move|p2a: Floette|Dazzling Gleam|p1b: Stay with me... \ud83c\udfb5|[spread] p1a,p1b\n|-resisted|p1b: Stay with me... \ud83c\udfb5|1\n|-damage|p1a: The King|0 fnt\n|-damage|p1b: Stay with me... \ud83c\udfb5|76/100\n|faint|p1a: The King\n|move|p2b: Tinkaton|Play Rough|p1b: Stay with me... \ud83c\udfb5\n|-resisted|p1b: Stay with me... \ud83c\udfb5|1\n|-damage|p1b: Stay with me... \ud83c\udfb5|50/100\n|-unboost|p1b: Stay with me... \ud83c\udfb5|atk|1\n|\n|-start|p1b: Stay with me... \ud83c\udfb5|perish0\n|-start|p2a: Floette|perish0\n|-start|p2b: Tinkaton|perish0\n|upkeep\n|faint|p1b: Stay with me... \ud83c\udfb5\n|faint|p2a: Floette\n|faint|p2b: Tinkaton\n|\n|win|ppyyy-inertia\n||mynamegrassgreen is ready for game 2.\n|l|\u2606mynamegrassgreen\n|player|p1|\n|l|\u2606ppyyy-inertia\n|player|p2|\n||ppyyy-inertia is ready for game 2.\n|uhtml|next|Next: <a href=\"/battle-gen9championsvgc2026regma-2588279252\"><strong>Game 2 of 3</strong></a>\n|l| bundleofvolts\n|j|\u2606ppyyy-inertia\n|player|p2|ppyyy-inertia|elesa-gen5bw2|\n",
  "uploadtime": 1776620482,
  "views": 6,
  "formatid": "gen9championsvgc2026regma",
  "rating": null,
  "private": 0,
  "password": null
}