{
  "id": "gen9championsvgc2026regma-2581697435",
  "format": "[Gen 9 Champions] VGC 2026 Reg M-A",
  "players": [
    "HappyW",
    "Bigbro2022"
  ],
  "log": "|j|\u2606HappyW\n|j|\u2606Bigbro2022\n|t:|1776021511\n|gametype|doubles\n|player|p1|HappyW|akari|1119\n|player|p2|Bigbro2022|cynthia-gen4|1084\n|gen|9\n|tier|[Gen 9 Champions] VGC 2026 Reg M-A\n|rated|\n|rule|Species Clause: Limit one of each Pok\u00e9mon\n|rule|Item Clause: Limit 1 of each item\n|clearpoke\n|poke|p1|Sneasler, L50, F|\n|poke|p1|Delphox, L50, M|\n|poke|p1|Whimsicott, L50, M|\n|poke|p1|Rotom-Wash, L50|\n|poke|p1|Kingambit, L50, M|\n|poke|p1|Dragonite, L50, F|\n|poke|p2|Floette-Eternal, L50, F|\n|poke|p2|Empoleon, L50, M|\n|poke|p2|Luxray, L50, F|\n|poke|p2|Gardevoir, L50, M|\n|poke|p2|Scovillain, L50, M|\n|poke|p2|Garchomp, L50, F|\n|teampreview|4\n|inactive|Battle timer is ON: inactive players will automatically lose when time's up. (requested by HappyW)\n|inactive|HappyW has 60 seconds left.\nBigbro2022 rejected open team sheets.\n|\n|t:|1776021567\n|teamsize|p1|4\n|teamsize|p2|4\n|start\n|switch|p1a: Sneasler|Sneasler, L50, F|100/100\n|switch|p1b: Whimsicott|Whimsicott, L50, M|100/100\n|switch|p2a: Empoleon|Empoleon, L50, M|100/100\n|switch|p2b: Scovillain|Scovillain, L50, M|100/100\n|turn|1\n|inactive|Bigbro2022 has 30 seconds left.\n|\n|t:|1776021598\n|move|p1b: Whimsicott|Protect|p1b: Whimsicott\n|-singleturn|p1b: Whimsicott|Protect\n|move|p1a: Sneasler|Dire Claw|p2b: Scovillain\n|-supereffective|p2b: Scovillain|1\n|-damage|p2b: Scovillain|0 fnt\n|faint|p2b: Scovillain\n|move|p2a: Empoleon|Blizzard|p1a: Sneasler|[spread] p1a\n|-activate|p1b: Whimsicott|move: Protect\n|-damage|p1a: Sneasler|58/100\n|\n|upkeep\n|\n|t:|1776021609\n|switch|p2b: Gardevoir|Gardevoir, L50, M|100/100\n|turn|2\n|\n|t:|1776021623\n|move|p1b: Whimsicott|Tailwind|p1b: Whimsicott\n|-sidestart|p1: HappyW|move: Tailwind\n|move|p1a: Sneasler|Dire Claw|p2b: Gardevoir\n|-supereffective|p2b: Gardevoir|1\n|-damage|p2b: Gardevoir|0 fnt\n|faint|p2b: Gardevoir\n|move|p2a: Empoleon|Blizzard|p1a: Sneasler|[spread] p1a\n|-miss|p2a: Empoleon|p1b: Whimsicott\n|-damage|p1a: Sneasler|21/100\n|\n|upkeep\n|inactive|Bigbro2022 has 30 seconds left.\n|inactive|Bigbro2022 has 20 seconds left.\n|inactive|Bigbro2022 has 15 seconds left.\n|inactive|Bigbro2022 has 10 seconds left.\n|\n|t:|1776021670\n|switch|p2b: Floette|Floette-Eternal, L50, F|100/100\n|turn|3\n|\n|t:|1776021680\n|move|p2b: Floette|Protect|p2b: Floette\n|-singleturn|p2b: Floette|Protect\n|move|p1a: Sneasler|Dire Claw|p2b: Floette\n|-activate|p2b: Floette|move: Protect\n|move|p1b: Whimsicott|Moonblast|p2b: Floette\n|-activate|p2b: Floette|move: Protect\n|move|p2a: Empoleon|Blizzard|p1a: Sneasler|[spread] p1a,p1b\n|-supereffective|p1b: Whimsicott|1\n|-damage|p1a: Sneasler|0 fnt\n|-damage|p1b: Whimsicott|9/100\n|faint|p1a: Sneasler\n|\n|upkeep\n|\n|t:|1776021687\n|switch|p1a: Rotom|Rotom-Wash, L50|100/100\n|turn|4\n|inactive|HappyW has 30 seconds left.\n|inactive|HappyW has 20 seconds left.\n|inactive|HappyW has 15 seconds left.\n|inactive|HappyW has 10 seconds left.\n|inactive|HappyW has 5 seconds left.\n|\n|t:|1776021740\n|detailschange|p2b: Floette|Floette-Mega, L50, F\n|-mega|p2b: Floette|Floette|Floettite\n|-ability|p2b: Floette|Fairy Aura\n|move|p1b: Whimsicott|Encore|p2b: Floette\n|-start|p2b: Floette|Encore\n|move|p2b: Floette|Protect||[still]\n|-fail|p2b: Floette\n|move|p1a: Rotom|Thunderbolt|p2a: Empoleon\n|-supereffective|p2a: Empoleon|1\n|-damage|p2a: Empoleon|30/100\n|move|p2a: Empoleon|Blizzard|p1b: Whimsicott|[spread] p1a,p1b\n|-resisted|p1a: Rotom|1\n|-supereffective|p1b: Whimsicott|1\n|-damage|p1a: Rotom|87/100\n|-damage|p1b: Whimsicott|0 fnt\n|faint|p1b: Whimsicott\n|\n|-heal|p1a: Rotom|93/100|[from] item: Leftovers\n|-heal|p2a: Empoleon|36/100|[from] item: Leftovers\n|upkeep\n|\n|t:|1776021754\n|switch|p1b: Dragonite|Dragonite, L50, F|100/100\n|turn|5\n|\n|t:|1776021763\n|detailschange|p1b: Dragonite|Dragonite-Mega, L50, F\n|-mega|p1b: Dragonite|Dragonite|Dragoninite\n|move|p2b: Floette|Protect|p2b: Floette\n|-singleturn|p2b: Floette|Protect\n|move|p1b: Dragonite|Hurricane|p2b: Floette\n|-activate|p2b: Floette|move: Protect\n|move|p1a: Rotom|Thunderbolt|p2a: Empoleon\n|-supereffective|p2a: Empoleon|1\n|-damage|p2a: Empoleon|0 fnt\n|faint|p2a: Empoleon\n|\n|-heal|p1a: Rotom|99/100|[from] item: Leftovers\n|-sideend|p1: HappyW|move: Tailwind\n|upkeep\n|turn|6\n|\n|t:|1776021776\n|move|p2b: Floette|Protect||[still]\n|-fail|p2b: Floette\n|move|p1b: Dragonite|Hurricane|p2b: Floette\n|-damage|p2b: Floette|57/100\n|move|p1a: Rotom|Thunderbolt|p2b: Floette\n|-damage|p2b: Floette|27/100\n|\n|-heal|p1a: Rotom|100/100|[from] item: Leftovers\n|-end|p2b: Floette|Encore\n|upkeep\n|turn|7\n|\n|t:|1776021787\n|move|p1b: Dragonite|Ice Beam|p2b: Floette\n|-damage|p2b: Floette|3/100\n|move|p2b: Floette|Draining Kiss|p1a: Rotom\n|-damage|p1a: Rotom|53/100\n|-heal|p2b: Floette|32/100|[from] drain|[of] p1a: Rotom\n|move|p1a: Rotom|Thunderbolt|p2b: Floette\n|-damage|p2b: Floette|0 fnt\n|faint|p2b: Floette\n|\n|win|HappyW\n|raw|HappyW's rating: 1119 &rarr; <strong>1141</strong><br />(+22 for winning)\n|raw|Bigbro2022's rating: 1084 &rarr; <strong>1064</strong><br />(-20 for losing)\n",
  "uploadtime": 1776021795,
  "views": 27,
  "formatid": "gen9championsvgc2026regma",
  "rating": 1064,
  "private": 0,
  "password": null
}