{
  "id": "gen9championsvgc2026regma-2586709292",
  "format": "[Gen 9 Champions] VGC 2026 Reg M-A",
  "players": [
    "Relink007",
    "lambisbola"
  ],
  "log": "|j|\u2606Relink007\n|j|\u2606lambisbola\n|t:|1776453869\n|gametype|doubles\n|player|p1|Relink007|169|1114\n|player|p2|lambisbola|infielder|1183\n|gen|9\n|tier|[Gen 9 Champions] VGC 2026 Reg M-A\n|rated|\n|rule|Species Clause: Limit one of each Pok\u00e9mon\n|rule|Item Clause: Limit 1 of each item\n|clearpoke\n|poke|p1|Azumarill, L50, M|\n|poke|p1|Garchomp, L50, F|\n|poke|p1|Sneasler, L50, F|\n|poke|p1|Ceruledge, L50, M|\n|poke|p1|Froslass, L50, F|\n|poke|p1|Orthworm, L50, M|\n|poke|p2|Blastoise, L50, F|\n|poke|p2|Pelipper, L50, F|\n|poke|p2|Sinistcha, L50|\n|poke|p2|Sneasler, L50, M|\n|poke|p2|Garchomp, L50, M|\n|poke|p2|Kingambit, L50, F|\n|teampreview|4\n|\n|t:|1776453909\n|teamsize|p1|4\n|teamsize|p2|4\n|start\n|switch|p1a: Sneasler|Sneasler, L50, F|100/100\n|switch|p1b: Orthworm|Orthworm, L50, M, shiny|100/100\n|switch|p2a: Kingambit|Kingambit, L50, F|100/100\n|switch|p2b: Sneasler|Sneasler, L50, M|100/100\n|turn|1\n|\n|t:|1776453963\n|switch|p2a: Blastoise|Blastoise, L50, F|100/100\n|move|p1a: Sneasler|Fake Out|p2b: Sneasler\n|-damage|p2b: Sneasler|76/100\n|cant|p2b: Sneasler|flinch\n|move|p1b: Orthworm|Shed Tail|p1b: Orthworm\n|-start|p1b: Orthworm|Substitute|[from] move: Shed Tail\n|-damage|p1b: Orthworm|50/100\n|-enditem|p1b: Orthworm|Sitrus Berry|[eat]\n|-heal|p1b: Orthworm|75/100|[from] item: Sitrus Berry\n|\n|t:|1776453991\n|switch|p1b: Froslass|Froslass, L50, F|100/100|[from] Shed Tail\n|\n|upkeep\n|turn|2\n|\n|t:|1776454026\n|detailschange|p1b: Froslass|Froslass-Mega, L50, F\n|-mega|p1b: Froslass|Froslass|Froslassite\n|-weather|Snowscape|[from] ability: Snow Warning|[of] p1b: Froslass\n|move|p1a: Sneasler|Protect|p1a: Sneasler\n|-singleturn|p1a: Sneasler|Protect\n|move|p2a: Blastoise|Protect|p2a: Blastoise\n|-singleturn|p2a: Blastoise|Protect\n|move|p2b: Sneasler|Dire Claw|p1b: Froslass\n|-resisted|p1b: Froslass|1\n|-activate|p1b: Froslass|move: Substitute|[damage]\n|move|p1b: Froslass|Nasty Plot|p1b: Froslass\n|-boost|p1b: Froslass|spa|2\n|\n|-weather|Snowscape|[upkeep]\n|upkeep\n|turn|3\n|\n|t:|1776454057\n|switch|p2b: Pelipper|Pelipper, L50, F|100/100\n|-weather|RainDance|[from] ability: Drizzle|[of] p2b: Pelipper\n|switch|p1a: Orthworm|Orthworm, L50, M, shiny|75/100\n|detailschange|p2a: Blastoise|Blastoise-Mega, L50, F\n|-mega|p2a: Blastoise|Blastoise|Blastoisinite\n|move|p1b: Froslass|Shadow Ball|p2a: Blastoise\n|-damage|p2a: Blastoise|0 fnt\n|faint|p2a: Blastoise\n|\n|-weather|RainDance|[upkeep]\n|upkeep\n|\n|t:|1776454070\n|switch|p2a: Kingambit|Kingambit, L50, F|100/100\n|turn|4\n|\n|t:|1776454093\n|move|p1b: Froslass|Blizzard|p2a: Kingambit|[spread] p2a,p2b\n|-resisted|p2a: Kingambit|1\n|-crit|p2a: Kingambit\n|-damage|p2a: Kingambit|29/100\n|-enditem|p2b: Pelipper|Focus Sash\n|-damage|p2b: Pelipper|1/100\n|-status|p2a: Kingambit|frz\n|-status|p2b: Pelipper|frz\n|cant|p2b: Pelipper|frz\n|move|p1a: Orthworm|Shed Tail|p1a: Orthworm\n|-start|p1a: Orthworm|Substitute|[from] move: Shed Tail\n|-damage|p1a: Orthworm|25/100\n|c|\u2606lambisbola|BRLL\n|c|\u2606lambisbola|BROOO\n|c|\u2606lambisbola|KAKASDKASDKASD\n|\n|t:|1776454107\n|switch|p1a: Azumarill|Azumarill, L50, M|100/100|[from] Shed Tail\n|cant|p2a: Kingambit|frz\n|\n|-weather|RainDance|[upkeep]\n|upkeep\n|turn|5\n|\n|t:|1776454122\n|cant|p2b: Pelipper|frz\n|move|p1b: Froslass|Blizzard|p2b: Pelipper|[spread] p2a,p2b\n|-resisted|p2a: Kingambit|1\n|-damage|p2a: Kingambit|0 fnt\n|-damage|p2b: Pelipper|0 fnt\n|faint|p2a: Kingambit\n|faint|p2b: Pelipper\n|move|p1a: Azumarill|Belly Drum|p1a: Azumarill\n|-damage|p1a: Azumarill|51/100\n|-setboost|p1a: Azumarill|atk|6|[from] move: Belly Drum\n|\n|-weather|RainDance|[upkeep]\n|upkeep\n|-message|lambisbola forfeited.\n|\n|win|Relink007\n|raw|Relink007's rating: 1114 &rarr; <strong>1144</strong><br />(+30 for winning)\n|raw|lambisbola's rating: 1183 &rarr; <strong>1153</strong><br />(-30 for losing)\n|l|\u2606lambisbola\n|player|p2|\n",
  "uploadtime": 1776454236,
  "views": 31,
  "formatid": "gen9championsvgc2026regma",
  "rating": 1144,
  "private": 0,
  "password": null
}