{
  "id": "gen9championsvgc2026regma-2581738575",
  "format": "[Gen 9 Champions] VGC 2026 Reg M-A",
  "players": [
    "killapowa",
    "Furka58yy"
  ],
  "log": "|j|\u2606killapowa\n|j|\u2606Furka58yy\n|t:|1776024636\n|gametype|doubles\n|player|p1|killapowa|101|1472\n|player|p2|Furka58yy|102|1456\n|gen|9\n|tier|[Gen 9 Champions] VGC 2026 Reg M-A\n|rated|\n|rule|Species Clause: Limit one of each Pok\u00e9mon\n|rule|Item Clause: Limit 1 of each item\n|clearpoke\n|poke|p1|Politoed, L50, F|\n|poke|p1|Archaludon, L50, M|\n|poke|p1|Scizor, L50, M|\n|poke|p1|Basculegion, L50, M|\n|poke|p1|Sneasler, L50, M|\n|poke|p1|Garchomp, L50, M|\n|poke|p2|Kingambit, L50, F|\n|poke|p2|Charizard, L50, M|\n|poke|p2|Venusaur, L50, F|\n|poke|p2|Garchomp, L50, F|\n|poke|p2|Sneasler, L50, M|\n|poke|p2|Aerodactyl, L50, F|\n|teampreview|4\nkillapowa has agreed to open team sheets.\n|inactive|Battle timer is ON: inactive players will automatically lose when time's up. (requested by killapowa)\n|inactive|Furka58yy has 60 seconds left.\n|\n|t:|1776024697\n|teamsize|p1|4\n|teamsize|p2|4\n|start\n|switch|p1a: Garchomp|Garchomp, L50, M|100/100\n|switch|p1b: Sneasler|Sneasler, L50, M|100/100\n|switch|p2a: Kingambit|Kingambit, L50, F|100/100\n|switch|p2b: Aerodactyl|Aerodactyl, L50, F|100/100\n|-ability|p2b: Aerodactyl|Unnerve\n|turn|1\n|j| gE1xjZRtuhW2DdT0AK\n|inactive|killapowa has 30 seconds left.\n|l| gE1xjZRtuhW2DdT0AK\n|j| gE1xjZRtuhW2DdT0AK\n|inactive|killapowa has 20 seconds left.\n|\n|t:|1776024734\n|move|p2b: Aerodactyl|Protect|p2b: Aerodactyl\n|-singleturn|p2b: Aerodactyl|Protect\n|move|p2a: Kingambit|Protect|p2a: Kingambit\n|-singleturn|p2a: Kingambit|Protect\n|move|p1b: Sneasler|Fake Out|p2b: Aerodactyl\n|-activate|p2b: Aerodactyl|move: Protect\n|move|p1a: Garchomp|Stomping Tantrum|p2a: Kingambit\n|-activate|p2a: Kingambit|move: Protect\n|\n|upkeep\n|turn|2\n|j| zane121\n|inactive|Furka58yy has 30 seconds left.\n|inactive|killapowa has 30 seconds left.\n|inactive|killapowa has 20 seconds left.\n|inactive|killapowa has 15 seconds left.\n|\n|t:|1776024789\n|switch|p1b: Archaludon|Archaludon, L50, M|100/100\n|switch|p2a: Charizard|Charizard, L50, M|100/100\n|move|p2b: Aerodactyl|Tailwind|p2b: Aerodactyl\n|-sidestart|p2: Furka58yy|move: Tailwind\n|move|p1a: Garchomp|Stomping Tantrum|p2a: Charizard\n|-immune|p2a: Charizard\n|\n|upkeep\n|turn|3\n|inactive|Furka58yy has 30 seconds left.\n|inactive|Furka58yy has 20 seconds left.\n|inactive|Furka58yy has 15 seconds left.\n|\n|t:|1776024829\n|switch|p2b: Venusaur|Venusaur, L50, F|100/100\n|move|p2a: Charizard|Protect|p2a: Charizard\n|-singleturn|p2a: Charizard|Protect\n|move|p1a: Garchomp|Protect|p1a: Garchomp\n|-singleturn|p1a: Garchomp|Protect\n|move|p1b: Archaludon|Protect||[still]\n|-fail|p1b: Archaludon\n|\n|upkeep\n|turn|4\n|inactive|killapowa has 30 seconds left.\n|inactive|killapowa has 20 seconds left.\n|\n|t:|1776024865\n|detailschange|p2a: Charizard|Charizard-Mega-Y, L50, M\n|-mega|p2a: Charizard|Charizard|Charizardite Y\n|-weather|SunnyDay|[from] ability: Drought|[of] p2a: Charizard\n|move|p2b: Venusaur|Sleep Powder|p1a: Garchomp\n|-status|p1a: Garchomp|slp|[from] move: Sleep Powder\n|move|p2a: Charizard|Heat Wave|p1b: Archaludon|[spread] p1a,p1b\n|-resisted|p1a: Garchomp|1\n|-damage|p1a: Garchomp|63/100 slp\n|-damage|p1b: Archaludon|33/100\n|-status|p1b: Archaludon|brn\n|-ability|p1b: Archaludon|Stamina|boost\n|-boost|p1b: Archaludon|def|1\n|cant|p1a: Garchomp|slp\n|move|p1b: Archaludon|Dragon Pulse|p2a: Charizard\n|-crit|p2a: Charizard\n|-damage|p2a: Charizard|51/100\n|\n|-weather|SunnyDay|[upkeep]\n|-damage|p1b: Archaludon|27/100 brn|[from] brn\n|upkeep\n|turn|5\n|inactive|Furka58yy has 30 seconds left.\n|\n|t:|1776024897\n|switch|p1b: Politoed|Politoed, L50, F|100/100\n|-weather|RainDance|[from] ability: Drizzle|[of] p1b: Politoed\n|move|p2b: Venusaur|Leaf Storm|p1a: Garchomp\n|-damage|p1a: Garchomp|0 fnt\n|-unboost|p2b: Venusaur|spa|2\n|faint|p1a: Garchomp\n|move|p2a: Charizard|Heat Wave|p1b: Politoed\n|-resisted|p1b: Politoed|1\n|-damage|p1b: Politoed|87/100\n|\n|-weather|RainDance|[upkeep]\n|-sideend|p2: Furka58yy|move: Tailwind\n|upkeep\n|\n|t:|1776024910\n|switch|p1a: Sneasler|Sneasler, L50, M|100/100\n|turn|6\n|j| krazeen\n|\n|t:|1776024928\n|switch|p2a: Aerodactyl|Aerodactyl, L50, F|100/100\n|-ability|p2a: Aerodactyl|Unnerve\n|move|p2b: Venusaur|Protect|p2b: Venusaur\n|-singleturn|p2b: Venusaur|Protect\n|move|p1a: Sneasler|Dire Claw|p2b: Venusaur\n|-activate|p2b: Venusaur|move: Protect\n|move|p1b: Politoed|Muddy Water|p2a: Aerodactyl|[spread] p2a\n|-activate|p2b: Venusaur|move: Protect\n|-supereffective|p2a: Aerodactyl|1\n|-enditem|p2a: Aerodactyl|Focus Sash\n|-damage|p2a: Aerodactyl|1/100\n|-unboost|p2a: Aerodactyl|accuracy|1\n|\n|-weather|RainDance|[upkeep]\n|upkeep\n|turn|7\n|j| Junglebolt\n|l| Junglebolt\n|\n|t:|1776024950\n|switch|p1a: Archaludon|Archaludon, L50, M|27/100 brn\n|switch|p2b: Kingambit|Kingambit, L50, F|100/100\n|move|p2a: Aerodactyl|Tailwind|p2a: Aerodactyl\n|-sidestart|p2: Furka58yy|move: Tailwind\n|move|p1b: Politoed|Icy Wind|p2a: Aerodactyl|[spread] p2a,p2b\n|-supereffective|p2a: Aerodactyl|1\n|-resisted|p2b: Kingambit|1\n|-damage|p2a: Aerodactyl|0 fnt\n|-damage|p2b: Kingambit|96/100\n|-unboost|p2b: Kingambit|spe|1\n|-ability|p2b: Kingambit|Defiant|boost\n|-boost|p2b: Kingambit|atk|2\n|faint|p2a: Aerodactyl\n|\n|-weather|RainDance|[upkeep]\n|-damage|p1a: Archaludon|21/100 brn|[from] brn\n|upkeep\n|\n|t:|1776024966\n|switch|p2a: Charizard|Charizard-Mega-Y, L50, M|51/100\n|-weather|SunnyDay|[from] ability: Drought|[of] p2a: Charizard\n|turn|8\n|j| Elpirulas666\n|l| Elpirulas666\n|\n|t:|1776024980\n|switch|p1b: Sneasler|Sneasler, L50, M|100/100\n|move|p2a: Charizard|Heat Wave|p1a: Archaludon|[spread] p1b\n|-miss|p2a: Charizard|p1a: Archaludon\n|-damage|p1b: Sneasler|9/100\n|move|p1a: Archaludon|Dragon Pulse|p2a: Charizard\n|-damage|p2a: Charizard|15/100\n|move|p2b: Kingambit|Kowtow Cleave|p1b: Sneasler\n|-resisted|p1b: Sneasler|1\n|-damage|p1b: Sneasler|0 fnt\n|faint|p1b: Sneasler\n|\n|-weather|SunnyDay|[upkeep]\n|-damage|p1a: Archaludon|16/100 brn|[from] brn\n|upkeep\n|\n|t:|1776024989\n|switch|p1b: Politoed|Politoed, L50, F|87/100\n|-weather|RainDance|[from] ability: Drizzle|[of] p1b: Politoed\n|turn|9\n|\n|t:|1776025004\n|switch|p2a: Venusaur|Venusaur, L50, F|100/100\n|move|p1a: Archaludon|Protect|p1a: Archaludon\n|-singleturn|p1a: Archaludon|Protect\n|move|p2b: Kingambit|Sucker Punch||[still]\n|-fail|p2b: Kingambit\n|move|p1b: Politoed|Muddy Water|p2a: Venusaur|[spread] p2a,p2b\n|-resisted|p2a: Venusaur|1\n|-damage|p2a: Venusaur|79/100\n|-damage|p2b: Kingambit|62/100\n|-unboost|p2b: Kingambit|accuracy|1\n|-ability|p2b: Kingambit|Defiant|boost\n|-boost|p2b: Kingambit|atk|2\n|\n|-weather|RainDance|[upkeep]\n|-damage|p1a: Archaludon|10/100 brn|[from] brn\n|upkeep\n|turn|10\n|\n|t:|1776025027\n|switch|p2b: Charizard|Charizard-Mega-Y, L50, M|15/100\n|-weather|SunnyDay|[from] ability: Drought|[of] p2b: Charizard\n|move|p2a: Venusaur|Leaf Storm|p1a: Archaludon\n|-resisted|p1a: Archaludon|2\n|-damage|p1a: Archaludon|0 fnt\n|-unboost|p2a: Venusaur|spa|2\n|faint|p1a: Archaludon\n|move|p1b: Politoed|Muddy Water|p2a: Venusaur|[spread] p2a,p2b\n|-resisted|p2a: Venusaur|1\n|-supereffective|p2b: Charizard|1\n|-damage|p2a: Venusaur|73/100\n|-damage|p2b: Charizard|0 fnt\n|-unboost|p2a: Venusaur|accuracy|1\n|faint|p2b: Charizard\n|\n|-weather|SunnyDay|[upkeep]\n|-sideend|p2: Furka58yy|move: Tailwind\n|upkeep\n|\n|t:|1776025041\n|switch|p2b: Kingambit|Kingambit, L50, F|62/100\n|turn|11\n|\n|t:|1776025048\n|move|p1b: Politoed|Protect|p1b: Politoed\n|-singleturn|p1b: Politoed|Protect\n|move|p2a: Venusaur|Leaf Storm|p1b: Politoed\n|-activate|p1b: Politoed|move: Protect\n|move|p2b: Kingambit|Kowtow Cleave|p1b: Politoed\n|-activate|p1b: Politoed|move: Protect\n|\n|-weather|SunnyDay|[upkeep]\n|upkeep\n|turn|12\n|j| Elpirulas666\n|\n|t:|1776025053\n|move|p2a: Venusaur|Leaf Storm|p1b: Politoed\n|-supereffective|p1b: Politoed|1\n|-damage|p1b: Politoed|31/100\n|-unboost|p2a: Venusaur|spa|2\n|move|p1b: Politoed|Muddy Water|p2b: Kingambit|[spread] p2a,p2b\n|-resisted|p2a: Venusaur|1\n|-crit|p2a: Venusaur\n|-damage|p2a: Venusaur|65/100\n|-damage|p2b: Kingambit|51/100\n|-unboost|p2a: Venusaur|accuracy|1\n|move|p2b: Kingambit|Kowtow Cleave|p1b: Politoed\n|-damage|p1b: Politoed|0 fnt\n|faint|p1b: Politoed\n|\n|win|Furka58yy\n|raw|killapowa's rating: 1472 &rarr; <strong>1451</strong><br />(-21 for losing)\n|raw|Furka58yy's rating: 1456 &rarr; <strong>1477</strong><br />(+21 for winning)\n|l|\u2606killapowa\n|player|p1|\n|l| Elpirulas666\n|l|\u2606Furka58yy\n|player|p2|\n|l| zane121\n|l| krazeen\n",
  "uploadtime": 1776026852,
  "views": 151,
  "formatid": "gen9championsvgc2026regma",
  "rating": 1451,
  "private": 0,
  "password": null
}