{
  "id": "gen9championsvgc2026regma-2587622501",
  "format": "[Gen 9 Champions] VGC 2026 Reg M-A",
  "players": [
    "ChampionLuvon",
    "PyriteSkies"
  ],
  "log": "|j|\u2606ChampionLuvon\n|j|\u2606PyriteSkies\n|t:|1776547827\n|gametype|doubles\n|player|p1|ChampionLuvon|scientist|1108\n|player|p2|PyriteSkies|169|1066\n|gen|9\n|tier|[Gen 9 Champions] VGC 2026 Reg M-A\n|rated|\n|rule|Species Clause: Limit one of each Pok\u00e9mon\n|rule|Item Clause: Limit 1 of each item\n|clearpoke\n|poke|p1|Floette-Eternal, L50, F|\n|poke|p1|Maushold, L50|\n|poke|p1|Garchomp, L50, F|\n|poke|p1|Rotom-Wash, L50|\n|poke|p1|Aegislash, L50, F|\n|poke|p1|Sneasler, L50, M|\n|poke|p2|Tyranitar, L50, F|\n|poke|p2|Garchomp, L50, F|\n|poke|p2|Orthworm, L50, M|\n|poke|p2|Excadrill, L50, F|\n|poke|p2|Garganacl, L50, M|\n|poke|p2|Aerodactyl, L50, F|\n|teampreview|4\n|inactive|Battle timer is ON: inactive players will automatically lose when time's up. (requested by ChampionLuvon)\n|inactive|ChampionLuvon has 60 seconds left.\n|\n|t:|1776547863\n|teamsize|p1|4\n|teamsize|p2|4\n|start\n|switch|p1a: Garchomp|Garchomp, L50, F|100/100\n|switch|p1b: Rotom|Rotom-Wash, L50|100/100\n|switch|p2a: Tyranitar|Tyranitar, L50, F|100/100\n|switch|p2b: Aerodactyl|Aerodactyl, L50, F|100/100\n|-ability|p2b: Aerodactyl|Unnerve\n|-weather|Sandstorm|[from] ability: Sand Stream|[of] p2a: Tyranitar\n|turn|1\n|inactive|ChampionLuvon has 30 seconds left.\n|\n|t:|1776547889\n|move|p1b: Rotom|Hydro Pump|p2a: Tyranitar\n|-supereffective|p2a: Tyranitar|1\n|-damage|p2a: Tyranitar|43/100\n|move|p2b: Aerodactyl|Taunt|p1b: Rotom\n|-start|p1b: Rotom|move: Taunt\n|move|p1a: Garchomp|Rock Slide|p2a: Tyranitar|[spread] p2a,p2b\n|-supereffective|p2b: Aerodactyl|1\n|-damage|p2a: Tyranitar|29/100\n|-damage|p2b: Aerodactyl|47/100\n|move|p2a: Tyranitar|Ice Beam|p1a: Garchomp\n|-supereffective|p1a: Garchomp|2\n|-damage|p1a: Garchomp|3/100\n|\n|-weather|Sandstorm|[upkeep]\n|-damage|p1b: Rotom|95/100|[from] Sandstorm\n|upkeep\n|turn|2\n|\n|t:|1776547914\n|switch|p2a: Garchomp|Garchomp, L50, F|100/100\n|move|p1b: Rotom|Hydro Pump|p2a: Garchomp\n|-damage|p2a: Garchomp|48/100\n|move|p2b: Aerodactyl|Rock Slide|p1a: Garchomp|[spread] p1a,p1b\n|-resisted|p1a: Garchomp|1\n|-crit|p1a: Garchomp\n|-damage|p1a: Garchomp|0 fnt\n|-damage|p1b: Rotom|68/100\n|faint|p1a: Garchomp\n|\n|-weather|Sandstorm|[upkeep]\n|-damage|p1b: Rotom|62/100|[from] Sandstorm\n|upkeep\n|inactive|ChampionLuvon has 30 seconds left.\n|inactive|ChampionLuvon has 20 seconds left.\n|inactive|ChampionLuvon has 15 seconds left.\n|\n|t:|1776547958\n|switch|p1a: Sneasler|Sneasler, L50, M|100/100\n|turn|3\n|\n|t:|1776547968\n|move|p1a: Sneasler|Fake Out|p2a: Garchomp\n|-damage|p2a: Garchomp|33/100\n|move|p1b: Rotom|Hydro Pump|p2a: Garchomp|[miss]\n|-miss|p1b: Rotom|p2a: Garchomp\n|move|p2b: Aerodactyl|Tailwind|p2b: Aerodactyl\n|-sidestart|p2: PyriteSkies|move: Tailwind\n|cant|p2a: Garchomp|flinch\n|\n|-weather|Sandstorm|[upkeep]\n|-damage|p1b: Rotom|56/100|[from] Sandstorm\n|-damage|p1a: Sneasler|95/100|[from] Sandstorm\n|upkeep\n|turn|4\n|\n|t:|1776547987\n|move|p2b: Aerodactyl|Dual Wingbeat|p1a: Sneasler\n|-supereffective|p1a: Sneasler|1\n|-damage|p1a: Sneasler|44/100\n|-supereffective|p1a: Sneasler|1\n|-damage|p1a: Sneasler|0 fnt\n|faint|p1a: Sneasler\n|-hitcount|p1: Sneasler|2\n|move|p2a: Garchomp|Earthquake|p1b: Rotom|[spread] \n|-immune|p2b: Aerodactyl\n|-immune|p1b: Rotom|[from] ability: Levitate\n|move|p1b: Rotom|Hydro Pump|p2a: Garchomp|[miss]\n|-miss|p1b: Rotom|p2a: Garchomp\n|\n|-weather|Sandstorm|[upkeep]\n|-damage|p1b: Rotom|51/100|[from] Sandstorm\n|-end|p1b: Rotom|move: Taunt\n|upkeep\n|\n|t:|1776548002\n|switch|p1a: Aegislash|Aegislash, L50, F|100/100\n|turn|5\n|\n|t:|1776548017\n|move|p2b: Aerodactyl|Dual Wingbeat|p1b: Rotom\n|-resisted|p1b: Rotom|1\n|-damage|p1b: Rotom|40/100\n|-resisted|p1b: Rotom|1\n|-damage|p1b: Rotom|31/100\n|-hitcount|p1b: Rotom|2\n|move|p2a: Garchomp|Earthquake|p1a: Aegislash|[spread] p1a\n|-immune|p2b: Aerodactyl\n|-immune|p1b: Rotom|[from] ability: Levitate\n|-supereffective|p1a: Aegislash|1\n|-damage|p1a: Aegislash|37/100\n|move|p1b: Rotom|Hydro Pump|p2a: Garchomp\n|-damage|p2a: Garchomp|0 fnt\n|faint|p2a: Garchomp\n|-formechange|p1a: Aegislash|Aegislash-Blade|\n|move|p1a: Aegislash|Iron Head|p2b: Aerodactyl\n|-supereffective|p2b: Aerodactyl|1\n|-damage|p2b: Aerodactyl|0 fnt\n|faint|p2b: Aerodactyl\n|\n|-weather|none\n|upkeep\n|\n|t:|1776548035\n|switch|p2b: Excadrill|Excadrill, L50, F|100/100\n|switch|p2a: Tyranitar|Tyranitar, L50, F|29/100\n|-weather|Sandstorm|[from] ability: Sand Stream|[of] p2a: Tyranitar\n|turn|6\n|inactive|ChampionLuvon has 30 seconds left.\n|\n|t:|1776548061\n|detailschange|p2a: Tyranitar|Tyranitar-Mega, L50, F\n|-mega|p2a: Tyranitar|Tyranitar|Tyranitarite\n|-formechange|p1a: Aegislash|Aegislash|\n|move|p1a: Aegislash|King's Shield|p1a: Aegislash\n|-singleturn|p1a: Aegislash|Protect\n|move|p2b: Excadrill|Rock Slide|p1a: Aegislash|[spread] p1b\n|-activate|p1a: Aegislash|move: Protect\n|-damage|p1b: Rotom|8/100\n|move|p1b: Rotom|Hydro Pump|p2b: Excadrill\n|-supereffective|p2b: Excadrill|1\n|-damage|p2b: Excadrill|15/100\n|-enditem|p2b: Excadrill|Sitrus Berry|[eat]\n|-heal|p2b: Excadrill|40/100|[from] item: Sitrus Berry\n|move|p2a: Tyranitar|Dark Pulse|p1b: Rotom\n|-crit|p1b: Rotom\n|-damage|p1b: Rotom|0 fnt\n|faint|p1b: Rotom\n|\n|-weather|Sandstorm|[upkeep]\n|-sideend|p2: PyriteSkies|move: Tailwind\n|upkeep\n|turn|7\n|inactive|ChampionLuvon has 30 seconds left.\n|inactive|PyriteSkies has 30 seconds left.\n|\n|t:|1776548092\n|-formechange|p1a: Aegislash|Aegislash-Blade|\n|move|p1a: Aegislash|Shadow Sneak|p2b: Excadrill\n|-damage|p2b: Excadrill|3/100\n|move|p2b: Excadrill|Iron Head|p1a: Aegislash\n|-resisted|p1a: Aegislash|1\n|-damage|p1a: Aegislash|8/100\n|move|p2a: Tyranitar|Dark Pulse|p1a: Aegislash\n|-supereffective|p1a: Aegislash|1\n|-damage|p1a: Aegislash|0 fnt\n|faint|p1a: Aegislash\n|\n|win|PyriteSkies\n|raw|ChampionLuvon's rating: 1108 &rarr; <strong>1080</strong><br />(-28 for losing)\n|raw|PyriteSkies's rating: 1066 &rarr; <strong>1100</strong><br />(+34 for winning)\n|l|\u2606ChampionLuvon\n|player|p1|\n",
  "uploadtime": 1776548103,
  "views": 13,
  "formatid": "gen9championsvgc2026regma",
  "rating": 1080,
  "private": 0,
  "password": null
}