{
  "id": "gen9championsvgc2026regma-2584748103",
  "format": "[Gen 9 Champions] VGC 2026 Reg M-A",
  "players": [
    "NJ_STRANGE90209",
    "Rimebliss"
  ],
  "log": "|j|\u2606NJ_STRANGE90209\n|j|\u2606Rimebliss\n|t:|1776280867\n|gametype|doubles\n|player|p1|NJ_STRANGE90209|hilbert|1067\n|player|p2|Rimebliss|lady-gen4|1099\n|gen|9\n|tier|[Gen 9 Champions] VGC 2026 Reg M-A\n|rated|\n|rule|Species Clause: Limit one of each Pok\u00e9mon\n|rule|Item Clause: Limit 1 of each item\n|clearpoke\n|poke|p1|Meganium, L50, M|\n|poke|p1|Aerodactyl, L50, F|\n|poke|p1|Sneasler, L50, M|\n|poke|p1|Tyranitar, L50, F|\n|poke|p1|Archaludon, L50, F|\n|poke|p1|Garchomp, L50, F|\n|poke|p2|Farigiraf, L50, M|\n|poke|p2|Whimsicott, L50, F|\n|poke|p2|Charizard, L50, M|\n|poke|p2|Incineroar, L50, F|\n|poke|p2|Garchomp, L50, F|\n|poke|p2|Empoleon, L50, F|\n|teampreview|4\n|\n|t:|1776280891\n|teamsize|p1|4\n|teamsize|p2|4\n|start\n|switch|p1a: Aerodactyl|Aerodactyl, L50, F|100/100\n|switch|p1b: Tyranitar|Tyranitar, L50, F|100/100\n|switch|p2a: Farigiraf|Farigiraf, L50, M|100/100\n|switch|p2b: Whimsicott|Whimsicott, L50, F|100/100\n|-ability|p1a: Aerodactyl|Unnerve\n|-weather|Sandstorm|[from] ability: Sand Stream|[of] p1b: Tyranitar\n|turn|1\n|\n|t:|1776280916\n|move|p2b: Whimsicott|Tailwind|p2b: Whimsicott\n|-sidestart|p2: Rimebliss|move: Tailwind\n|move|p2a: Farigiraf|Low Kick|p1b: Tyranitar\n|-supereffective|p1b: Tyranitar|2\n|-damage|p1b: Tyranitar|18/100\n|-enditem|p1b: Tyranitar|Sitrus Berry|[eat]\n|-heal|p1b: Tyranitar|43/100|[from] item: Sitrus Berry\n|move|p1a: Aerodactyl|Dual Wingbeat|p2b: Whimsicott\n|-supereffective|p2b: Whimsicott|1\n|-damage|p2b: Whimsicott|61/100\n|-supereffective|p2b: Whimsicott|1\n|-damage|p2b: Whimsicott|20/100\n|-hitcount|p2b: Whimsicott|2\n|move|p1b: Tyranitar|Crunch|p2a: Farigiraf\n|-supereffective|p2a: Farigiraf|1\n|-damage|p2a: Farigiraf|3/100\n|\n|-weather|Sandstorm|[upkeep]\n|-damage|p2b: Whimsicott|14/100|[from] Sandstorm\n|-damage|p2a: Farigiraf|0 fnt|[from] Sandstorm\n|faint|p2a: Farigiraf\n|upkeep\n|\n|t:|1776280924\n|switch|p2a: Garchomp|Garchomp, L50, F|100/100\n|turn|2\n|\n|t:|1776280952\n|move|p2a: Garchomp|Rock Slide|p1a: Aerodactyl|[spread] p1a,p1b\n|-supereffective|p1a: Aerodactyl|1\n|-damage|p1a: Aerodactyl|45/100\n|-damage|p1b: Tyranitar|28/100\n|move|p2b: Whimsicott|Moonblast|p1b: Tyranitar\n|-supereffective|p1b: Tyranitar|1\n|-damage|p1b: Tyranitar|0 fnt\n|faint|p1b: Tyranitar\n|move|p1a: Aerodactyl|Tailwind|p1a: Aerodactyl\n|-sidestart|p1: NJ_STRANGE90209|move: Tailwind\n|\n|-weather|Sandstorm|[upkeep]\n|-damage|p2b: Whimsicott|8/100|[from] Sandstorm\n|upkeep\n|\n|t:|1776280967\n|switch|p1b: Meganium|Meganium, L50, M|100/100\n|turn|3\n|\n|t:|1776280989\n|detailschange|p1b: Meganium|Meganium-Mega, L50, M\n|-mega|p1b: Meganium|Meganium|Meganiumite\n|move|p2b: Whimsicott|Encore|p1a: Aerodactyl\n|-start|p1a: Aerodactyl|Encore\n|move|p2a: Garchomp|Rock Slide|p1a: Aerodactyl|[spread] p1a,p1b\n|-supereffective|p1a: Aerodactyl|1\n|-damage|p1a: Aerodactyl|0 fnt\n|-damage|p1b: Meganium|86/100\n|faint|p1a: Aerodactyl\n|move|p1b: Meganium|Dazzling Gleam|p2a: Garchomp|[spread] p2a,p2b\n|-supereffective|p2a: Garchomp|1\n|-damage|p2a: Garchomp|41/100\n|-damage|p2b: Whimsicott|0 fnt\n|faint|p2b: Whimsicott\n|\n|-weather|Sandstorm|[upkeep]\n|-damage|p1b: Meganium|80/100|[from] Sandstorm\n|upkeep\n|\n|t:|1776281007\n|switch|p1a: Sneasler|Sneasler, L50, M|100/100\n|switch|p2b: Charizard|Charizard, L50, M|100/100\n|turn|4\n|\n|t:|1776281029\n|detailschange|p2b: Charizard|Charizard-Mega-Y, L50, M\n|-mega|p2b: Charizard|Charizard|Charizardite Y\n|-weather|SunnyDay|[from] ability: Drought|[of] p2b: Charizard\n|move|p1a: Sneasler|Fake Out|p2b: Charizard\n|-damage|p2b: Charizard|84/100\n|move|p2a: Garchomp|Rock Slide|p1b: Meganium|[spread] p1a,p1b\n|-resisted|p1a: Sneasler|1\n|-damage|p1a: Sneasler|88/100\n|-damage|p1b: Meganium|64/100\n|cant|p1b: Meganium|flinch\n|cant|p2b: Charizard|flinch\n|\n|-weather|SunnyDay|[upkeep]\n|-sideend|p2: Rimebliss|move: Tailwind\n|upkeep\n|turn|5\n|\n|t:|1776281051\n|move|p1a: Sneasler|Dire Claw|p2b: Charizard\n|-damage|p2b: Charizard|31/100\n|move|p1b: Meganium|Dazzling Gleam|p2b: Charizard|[spread] p2a,p2b\n|-supereffective|p2a: Garchomp|1\n|-resisted|p2b: Charizard|1\n|-damage|p2a: Garchomp|0 fnt\n|-damage|p2b: Charizard|15/100\n|faint|p2a: Garchomp\n|move|p2b: Charizard|Heat Wave|p1b: Meganium|[spread] p1a,p1b\n|-supereffective|p1b: Meganium|1\n|-damage|p1a: Sneasler|0 fnt\n|-damage|p1b: Meganium|0 fnt\n|faint|p1a: Sneasler\n|faint|p1b: Meganium\n|\n|win|Rimebliss\n|raw|NJ_STRANGE90209's rating: 1067 &rarr; <strong>1049</strong><br />(-18 for losing)\n|raw|Rimebliss's rating: 1099 &rarr; <strong>1122</strong><br />(+23 for winning)\n",
  "uploadtime": 1776281058,
  "views": 15,
  "formatid": "gen9championsvgc2026regma",
  "rating": 1049,
  "private": 0,
  "password": null
}