{
  "id": "gen9championsvgc2026regma-2581237239",
  "format": "[Gen 9 Champions] VGC 2026 Reg M-A",
  "players": [
    "Poke Chiyo",
    "happidoodledoo"
  ],
  "log": "|j|\u2606Poke Chiyo\n|j|\u2606happidoodledoo\n|t:|1775974554\n|gametype|doubles\n|player|p1|Poke Chiyo|1|1377\n|player|p2|happidoodledoo|ghetsis|1448\n|gen|9\n|tier|[Gen 9 Champions] VGC 2026 Reg M-A\n|rated|\n|rule|Species Clause: Limit one of each Pok\u00e9mon\n|rule|Item Clause: Limit 1 of each item\n|clearpoke\n|poke|p1|Gardevoir, L50, F|\n|poke|p1|Incineroar, L50, M|\n|poke|p1|Maushold-Four, L50|\n|poke|p1|Aerodactyl, L50, M|\n|poke|p1|Milotic, L50, M|\n|poke|p1|Sinistcha, L50|\n|poke|p2|Starmie, L50|\n|poke|p2|Rotom-Mow, L50|\n|poke|p2|Archaludon, L50, F|\n|poke|p2|Sneasler, L50, M|\n|poke|p2|Pelipper, L50, M|\n|poke|p2|Kingambit, L50, F|\n|teampreview|4\n|\n|t:|1775974601\n|teamsize|p1|4\n|teamsize|p2|4\n|start\n|switch|p1a: Gardevoir|Gardevoir, L50, F|100/100\n|switch|p1b: Maushold|Maushold-Four, L50|100/100\n|switch|p2a: Sneasler|Sneasler, L50, M|100/100\n|switch|p2b: Pelipper|Pelipper, L50, M|100/100\n|-weather|RainDance|[from] ability: Drizzle|[of] p2b: Pelipper\n|-ability|p1a: Gardevoir|Drizzle|Trace|[from] ability: Trace|[of] p2b: Pelipper\n|turn|1\n|\n|t:|1775974625\n|switch|p2b: Starmie|Starmie, L50|100/100\n|move|p1b: Maushold|Protect|p1b: Maushold\n|-singleturn|p1b: Maushold|Protect\n|move|p1a: Gardevoir|Protect|p1a: Gardevoir\n|-singleturn|p1a: Gardevoir|Protect\n|move|p2a: Sneasler|Fake Out|p1a: Gardevoir\n|-activate|p1a: Gardevoir|move: Protect\n|\n|-weather|RainDance|[upkeep]\n|upkeep\n|turn|2\n|\n|t:|1775974652\n|detailschange|p2b: Starmie|Starmie-Mega, L50\n|-mega|p2b: Starmie|Starmie|Starminite\n|detailschange|p1a: Gardevoir|Gardevoir-Mega, L50, F\n|-mega|p1a: Gardevoir|Gardevoir|Gardevoirite\n|move|p1b: Maushold|Follow Me|p1b: Maushold\n|-singleturn|p1b: Maushold|move: Follow Me\n|move|p2a: Sneasler|Close Combat|p1b: Maushold\n|-supereffective|p1b: Maushold|1\n|-enditem|p1b: Maushold|Chople Berry|[eat]\n|-enditem|p1b: Maushold|Chople Berry|[weaken]\n|-damage|p1b: Maushold|23/100\n|-unboost|p2a: Sneasler|def|1\n|-unboost|p2a: Sneasler|spd|1\n|-enditem|p2a: Sneasler|White Herb\n|-clearnegativeboost|p2a: Sneasler|[silent]\n|move|p2b: Starmie|Liquidation|p1b: Maushold\n|-damage|p1b: Maushold|0 fnt\n|faint|p1b: Maushold\n|move|p1a: Gardevoir|Trick Room|p1a: Gardevoir\n|-fieldstart|move: Trick Room|[of] p1a: Gardevoir\n|\n|-weather|RainDance|[upkeep]\n|upkeep\n|\n|t:|1775974666\n|switch|p1b: Sinistcha|Sinistcha, L50|100/100\n|turn|3\n|j| gE1xjZRtuhW2DdT0AK\n|\n|t:|1775974718\n|switch|p2a: Kingambit|Kingambit, L50, F|100/100\n|move|p2b: Starmie|Protect|p2b: Starmie\n|-singleturn|p2b: Starmie|Protect\n|move|p1b: Sinistcha|Matcha Gotcha|p2a: Kingambit|[spread] p2a\n|-activate|p2b: Starmie|move: Protect\n|-resisted|p2a: Kingambit|1\n|-damage|p2a: Kingambit|88/100\n|move|p1a: Gardevoir|Hyper Voice|p2b: Starmie|[spread] p2a\n|-activate|p2b: Starmie|move: Protect\n|-damage|p2a: Kingambit|39/100\n|\n|-weather|RainDance|[upkeep]\n|upkeep\n|turn|4\n|\n|t:|1775974739\n|move|p1b: Sinistcha|Rage Powder|p1b: Sinistcha\n|-singleturn|p1b: Sinistcha|move: Rage Powder\n|move|p2a: Kingambit|Kowtow Cleave|p1b: Sinistcha\n|-supereffective|p1b: Sinistcha|1\n|-enditem|p1b: Sinistcha|Colbur Berry|[eat]\n|-enditem|p1b: Sinistcha|Colbur Berry|[weaken]\n|-damage|p1b: Sinistcha|46/100\n|move|p1a: Gardevoir|Hyper Voice|p2b: Starmie|[spread] p2a,p2b\n|-damage|p2a: Kingambit|0 fnt\n|-damage|p2b: Starmie|34/100\n|faint|p2a: Kingambit\n|move|p2b: Starmie|Liquidation|p1b: Sinistcha\n|-resisted|p1b: Sinistcha|1\n|-damage|p1b: Sinistcha|0 fnt\n|faint|p1b: Sinistcha\n|\n|-weather|RainDance|[upkeep]\n|upkeep\n|c|\u2606happidoodledoo|lmao\n|\n|t:|1775974763\n|switch|p2a: Sneasler|Sneasler, L50, M|100/100\n|switch|p1b: Milotic|Milotic, L50, M|100/100\n|turn|5\n|\n|t:|1775974786\n|switch|p2b: Pelipper|Pelipper, L50, M|100/100\n|move|p1a: Gardevoir|Protect|p1a: Gardevoir\n|-singleturn|p1a: Gardevoir|Protect\n|move|p2a: Sneasler|Fake Out|p1a: Gardevoir\n|-activate|p1a: Gardevoir|move: Protect\n|move|p1b: Milotic|Scald|p2b: Pelipper\n|-resisted|p2b: Pelipper|1\n|-damage|p2b: Pelipper|62/100\n|\n|-weather|none\n|upkeep\n|turn|6\n|\n|t:|1775974811\n|move|p2a: Sneasler|Protect|p2a: Sneasler\n|-singleturn|p2a: Sneasler|Protect\n|move|p1b: Milotic|Icy Wind|p2a: Sneasler|[spread] p2b\n|-activate|p2a: Sneasler|move: Protect\n|-damage|p2b: Pelipper|46/100\n|-unboost|p2b: Pelipper|spe|1\n|move|p2b: Pelipper|Hurricane|p1b: Milotic|[miss]\n|-miss|p2b: Pelipper|p1b: Milotic\n|move|p1a: Gardevoir|Psyshock|p2a: Sneasler\n|-activate|p2a: Sneasler|move: Protect\n|\n|-fieldend|move: Trick Room\n|upkeep\n|turn|7\n|j| Namcan\n|\n|t:|1775974864\n|move|p2a: Sneasler|Dire Claw|p1a: Gardevoir\n|-supereffective|p1a: Gardevoir|1\n|-damage|p1a: Gardevoir|9/100\n|-status|p1a: Gardevoir|par\n|move|p1b: Milotic|Scald|p2a: Sneasler\n|-damage|p2a: Sneasler|65/100\n|-status|p2a: Sneasler|brn\n|move|p2b: Pelipper|Tailwind|p2b: Pelipper\n|-sidestart|p2: happidoodledoo|move: Tailwind\n|move|p1a: Gardevoir|Hyper Voice|p2a: Sneasler|[spread] p2a,p2b\n|-damage|p2a: Sneasler|0 fnt\n|-damage|p2b: Pelipper|0 fnt\n|faint|p2a: Sneasler\n|faint|p2b: Pelipper\n|\n|upkeep\n|\n|t:|1775974877\n|switch|p2b: Starmie|Starmie-Mega, L50|34/100\n|turn|8\n|\n|t:|1775974890\n|move|p2b: Starmie|Zen Headbutt|p1b: Milotic\n|-damage|p1b: Milotic|42/100\n|move|p1b: Milotic|Scald|p2b: Starmie\n|-resisted|p2b: Starmie|1\n|-damage|p2b: Starmie|15/100\n|move|p1a: Gardevoir|Hyper Voice|p2b: Starmie\n|-damage|p2b: Starmie|0 fnt\n|faint|p2b: Starmie\n|\n|win|Poke Chiyo\n|raw|Poke Chiyo's rating: 1377 &rarr; <strong>1401</strong><br />(+24 for winning)\n|raw|happidoodledoo's rating: 1448 &rarr; <strong>1424</strong><br />(-24 for losing)\n|l|\u2606happidoodledoo\n|player|p2|\n",
  "uploadtime": 1775974948,
  "views": 56,
  "formatid": "gen9championsvgc2026regma",
  "rating": 1401,
  "private": 0,
  "password": null
}