{
  "id": "gen9championsvgc2026regma-2588578296",
  "format": "[Gen 9 Champions] VGC 2026 Reg M-A",
  "players": [
    "Zapdos79",
    "DrPressure80"
  ],
  "log": "|j|\u2606Zapdos79\n|j|\u2606DrPressure80\n|t:|1776646777\n|gametype|doubles\n|player|p1|Zapdos79|flannery|1138\n|player|p2|DrPressure80|lass-gen4dp|1133\n|gen|9\n|tier|[Gen 9 Champions] VGC 2026 Reg M-A\n|rated|\n|rule|Species Clause: Limit one of each Pok\u00e9mon\n|rule|Item Clause: Limit 1 of each item\n|clearpoke\n|poke|p1|Tyranitar, L50, F|\n|poke|p1|Basculegion, L50, M|\n|poke|p1|Excadrill, L50, F|\n|poke|p1|Meganium, L50, M|\n|poke|p1|Farigiraf, L50, M|\n|poke|p1|Incineroar, L50, F|\n|poke|p2|Aggron, L50, F|\n|poke|p2|Incineroar, L50, M|\n|poke|p2|Sinistcha, L50|\n|poke|p2|Milotic, L50, M|\n|poke|p2|Garganacl, L50, M|\n|poke|p2|Altaria, L50, M|\n|teampreview|4\n|inactive|Battle timer is ON: inactive players will automatically lose when time's up. (requested by Zapdos79)\n|inactive|Zapdos79 has 60 seconds left.\n|inactive|Zapdos79 has 30 seconds left.\n|\n|t:|1776646848\n|teamsize|p1|4\n|teamsize|p2|4\n|start\n|switch|p1a: Incineroar|Incineroar, L50, F|100/100\n|switch|p1b: Meganium|Meganium, L50, M|100/100\n|switch|p2a: Aggron|Aggron, L50, F|100/100\n|switch|p2b: Incineroar|Incineroar, L50, M|100/100\n|-ability|p1a: Incineroar|Intimidate|boost\n|-unboost|p2a: Aggron|atk|1\n|-unboost|p2b: Incineroar|atk|1\n|turn|1\n|inactive|Zapdos79 has 30 seconds left.\n|inactive|DrPressure80 has 30 seconds left.\n|\n|t:|1776646878\n|detailschange|p1b: Meganium|Meganium-Mega, L50, M\n|-mega|p1b: Meganium|Meganium|Meganiumite\n|detailschange|p2a: Aggron|Aggron-Mega, L50, F\n|-mega|p2a: Aggron|Aggron|Aggronite\n|move|p2b: Incineroar|Fake Out|p1b: Meganium\n|-damage|p1b: Meganium|93/100\n|move|p1a: Incineroar|Fake Out|p2b: Incineroar\n|-damage|p2b: Incineroar|91/100\n|cant|p1b: Meganium|flinch\n|move|p2a: Aggron|Iron Defense|p2a: Aggron\n|-boost|p2a: Aggron|def|2\n|\n|upkeep\n|turn|2\n|inactive|DrPressure80 has 30 seconds left.\n|inactive|DrPressure80 has 20 seconds left.\n|inactive|DrPressure80 has 15 seconds left.\n|\n|t:|1776646921\n|move|p1b: Meganium|Weather Ball|p2a: Aggron\n|-supereffective|p2a: Aggron|1\n|-damage|p2a: Aggron|27/100\n|move|p2b: Incineroar|Snarl|p1a: Incineroar|[spread] p1a\n|-miss|p2b: Incineroar|p1b: Meganium\n|-resisted|p1a: Incineroar|1\n|-damage|p1a: Incineroar|96/100\n|-unboost|p1a: Incineroar|spa|1\n|move|p1a: Incineroar|Parting Shot|p2b: Incineroar\n|-unboost|p2b: Incineroar|atk|1\n|-unboost|p2b: Incineroar|spa|1\n|\n|t:|1776646937\n|switch|p1a: Tyranitar|Tyranitar, L50, F|100/100|[from] Parting Shot\n|-weather|Sandstorm|[from] ability: Sand Stream|[of] p1a: Tyranitar\n|move|p2a: Aggron|Body Press|p1b: Meganium\n|-resisted|p1b: Meganium|1\n|-damage|p1b: Meganium|55/100\n|\n|-weather|Sandstorm|[upkeep]\n|-damage|p1b: Meganium|49/100|[from] Sandstorm\n|-damage|p2b: Incineroar|85/100|[from] Sandstorm\n|upkeep\n|turn|3\n|inactive|DrPressure80 has 30 seconds left.\n|\n|t:|1776646963\n|switch|p1b: Incineroar|Incineroar, L50, F|96/100\n|-ability|p1b: Incineroar|Intimidate|boost\n|-unboost|p2a: Aggron|atk|1\n|-unboost|p2b: Incineroar|atk|1\n|move|p1a: Tyranitar|Protect|p1a: Tyranitar\n|-singleturn|p1a: Tyranitar|Protect\n|move|p2a: Aggron|Protect|p2a: Aggron\n|-singleturn|p2a: Aggron|Protect\n|move|p2b: Incineroar|Parting Shot|p1b: Incineroar\n|-unboost|p1b: Incineroar|atk|1\n|-unboost|p1b: Incineroar|spa|1\n|\n|t:|1776646983\n|switch|p2b: Sinistcha|Sinistcha, L50|100/100|[from] Parting Shot\n|-heal|p2a: Aggron|52/100|[from] ability: Hospitality|[of] p2b: Sinistcha\n|\n|-weather|Sandstorm|[upkeep]\n|-damage|p2b: Sinistcha|94/100|[from] Sandstorm\n|-damage|p1b: Incineroar|90/100|[from] Sandstorm\n|-heal|p2b: Sinistcha|100/100|[from] item: Leftovers\n|upkeep\n|turn|4\n|\n|t:|1776646996\n|move|p1b: Incineroar|Fake Out|p2a: Aggron\n|-resisted|p2a: Aggron|1\n|-damage|p2a: Aggron|50/100\n|move|p2b: Sinistcha|Rage Powder|p2b: Sinistcha\n|-singleturn|p2b: Sinistcha|move: Rage Powder\n|move|p1a: Tyranitar|Knock Off|p2b: Sinistcha\n|-supereffective|p2b: Sinistcha|1\n|-damage|p2b: Sinistcha|22/100\n|-enditem|p2b: Sinistcha|Leftovers|[from] move: Knock Off|[of] p1a: Tyranitar\n|cant|p2a: Aggron|flinch\n|\n|-weather|Sandstorm|[upkeep]\n|-damage|p2b: Sinistcha|16/100|[from] Sandstorm\n|-damage|p1b: Incineroar|84/100|[from] Sandstorm\n|upkeep\n|turn|5\n|\n|t:|1776647020\n|switch|p2b: Milotic|Milotic, L50, M|100/100\n|move|p1a: Tyranitar|Rock Slide|p2b: Milotic|[spread] p2a,p2b\n|-resisted|p2a: Aggron|1\n|-damage|p2a: Aggron|47/100\n|-damage|p2b: Milotic|72/100\n|move|p2a: Aggron|Body Press|p1a: Tyranitar\n|-supereffective|p1a: Tyranitar|2\n|-damage|p1a: Tyranitar|0 fnt\n|faint|p1a: Tyranitar\n|move|p1b: Incineroar|Flare Blitz|p2a: Aggron\n|-supereffective|p2a: Aggron|1\n|-damage|p2a: Aggron|32/100\n|-damage|p1b: Incineroar|80/100|[from] Recoil\n|\n|-weather|Sandstorm|[upkeep]\n|-damage|p2b: Milotic|66/100|[from] Sandstorm\n|-damage|p1b: Incineroar|74/100|[from] Sandstorm\n|upkeep\n|\n|t:|1776647034\n|switch|p1a: Meganium|Meganium-Mega, L50, M|49/100\n|turn|6\n|l|\u2606Zapdos79\n|inactive|Zapdos79 disconnected and has a minute to reconnect!\n|player|p1|\n|inactive|Zapdos79 has 30 seconds left.\n|inactive|DrPressure80 has 30 seconds left.\n|inactive|Zapdos79 has 20 seconds left.\n|inactive|Zapdos79 has 15 seconds left.\n|j|\u2606Zapdos79\n|inactive|Zapdos79 reconnected and has 15 seconds left.\n|player|p1|Zapdos79|flannery|\n|inactive|Zapdos79 has 10 seconds left.\n|inactive|Zapdos79 has 5 seconds left.\n|\n|t:|1776647085\n|switch|p2b: Sinistcha|Sinistcha, L50|16/100\n|-heal|p2a: Aggron|56/100|[from] ability: Hospitality|[of] p2b: Sinistcha\n|move|p1a: Meganium|Weather Ball|p2a: Aggron\n|-supereffective|p2a: Aggron|1\n|-crit|p2a: Aggron\n|-damage|p2a: Aggron|0 fnt\n|faint|p2a: Aggron\n|move|p1b: Incineroar|Parting Shot|p2b: Sinistcha\n|-unboost|p2b: Sinistcha|atk|1\n|-unboost|p2b: Sinistcha|spa|1\n|-message|DrPressure80 forfeited.\n|\n|win|Zapdos79\n|raw|Zapdos79's rating: 1138 &rarr; <strong>1163</strong><br />(+25 for winning)\n|raw|DrPressure80's rating: 1133 &rarr; <strong>1108</strong><br />(-25 for losing)\n",
  "uploadtime": 1776647109,
  "views": 15,
  "formatid": "gen9championsvgc2026regma",
  "rating": 1108,
  "private": 0,
  "password": null
}