{
  "id": "gen9championsvgc2026regma-2588389288",
  "format": "[Gen 9 Champions] VGC 2026 Reg M-A",
  "players": [
    "pikafenn",
    "krullenbol"
  ],
  "log": "|j|\u2606pikafenn\n|j|\u2606krullenbol\n|t:|1776629426\n|gametype|doubles\n|player|p1|pikafenn|265|1162\n|player|p2|krullenbol|170|1065\n|gen|9\n|tier|[Gen 9 Champions] VGC 2026 Reg M-A\n|rated|\n|rule|Species Clause: Limit one of each Pok\u00e9mon\n|rule|Item Clause: Limit 1 of each item\n|clearpoke\n|poke|p1|Chesnaught, L50, M|\n|poke|p1|Starmie, L50|\n|poke|p1|Tyranitar, L50, M|\n|poke|p1|Sinistcha, L50|\n|poke|p1|Excadrill, L50, M|\n|poke|p1|Rotom-Heat, L50|\n|poke|p2|Scizor, L50, F|\n|poke|p2|Salazzle, L50, F|\n|poke|p2|Milotic, L50, F|\n|poke|p2|Whimsicott, L50, M|\n|poke|p2|Lucario, L50, F|\n|poke|p2|Garchomp, L50, M|\n|teampreview|4\n|inactive|Battle timer is ON: inactive players will automatically lose when time's up. (requested by pikafenn)\npikafenn rejected open team sheets.\n|inactive|pikafenn has 60 seconds left.\n|inactive|krullenbol has 60 seconds left.\n|\n|t:|1776629485\n|teamsize|p1|4\n|teamsize|p2|4\n|start\n|switch|p1a: Starmie|Starmie, L50|100/100\n|switch|p1b: Chesnaught|Chesnaught, L50, M|100/100\n|switch|p2a: Whimsicott|Whimsicott, L50, M|100/100\n|switch|p2b: Lucario|Lucario, L50, F|100/100\n|turn|1\n|inactive|krullenbol has 30 seconds left.\n|inactive|krullenbol has 20 seconds left.\n|\n|t:|1776629520\n|detailschange|p2b: Lucario|Lucario-Mega, L50, F\n|-mega|p2b: Lucario|Lucario|Lucarionite\n|detailschange|p1b: Chesnaught|Chesnaught-Mega, L50, M\n|-mega|p1b: Chesnaught|Chesnaught|Chesnaughtite\n|move|p2b: Lucario|Protect|p2b: Lucario\n|-singleturn|p2b: Lucario|Protect\n|move|p2a: Whimsicott|Tailwind|p2a: Whimsicott\n|-sidestart|p2: krullenbol|move: Tailwind\n|move|p1b: Chesnaught|Iron Defense|p1b: Chesnaught\n|-boost|p1b: Chesnaught|def|2\n|move|p1a: Starmie|Trick Room|p1a: Starmie\n|-fieldstart|move: Trick Room|[of] p1a: Starmie\n|\n|upkeep\n|turn|2\n|inactive|pikafenn has 30 seconds left.\n|inactive|krullenbol has 30 seconds left.\n|inactive|pikafenn has 20 seconds left.\n|\n|t:|1776629556\n|switch|p1a: Rotom|Rotom-Heat, L50|100/100\n|switch|p2b: Milotic|Milotic, L50, F|100/100\n|move|p1b: Chesnaught|Body Press|p2b: Milotic\n|-damage|p2b: Milotic|26/100\n|move|p2a: Whimsicott|Moonblast|p1b: Chesnaught\n|-supereffective|p1b: Chesnaught|1\n|-damage|p1b: Chesnaught|70/100\n|\n|-heal|p2b: Milotic|32/100|[from] item: Leftovers\n|upkeep\n|turn|3\n|inactive|pikafenn has 30 seconds left.\n|\n|t:|1776629584\n|move|p2a: Whimsicott|Light Screen|p2a: Whimsicott\n|-sidestart|p2: krullenbol|move: Light Screen\n|move|p1b: Chesnaught|Body Press|p2a: Whimsicott\n|-resisted|p2a: Whimsicott|1\n|-damage|p2a: Whimsicott|56/100\n|move|p1a: Rotom|Volt Switch|p2b: Milotic\n|-supereffective|p2b: Milotic|1\n|-damage|p2b: Milotic|0 fnt\n|faint|p2b: Milotic\n|\n|t:|1776629592\n|switch|p1a: Sinistcha|Sinistcha, L50|100/100|[from] Volt Switch\n|-heal|p1b: Chesnaught|94/100|[from] ability: Hospitality|[of] p1a: Sinistcha\n|\n|upkeep\n|\n|t:|1776629597\n|switch|p2b: Lucario|Lucario-Mega, L50, F|100/100\n|turn|4\n|\n|t:|1776629611\n|move|p1a: Sinistcha|Rage Powder|p1a: Sinistcha\n|-singleturn|p1a: Sinistcha|move: Rage Powder\n|move|p1b: Chesnaught|Body Press|p2a: Whimsicott\n|-resisted|p2a: Whimsicott|1\n|-damage|p2a: Whimsicott|6/100\n|move|p2a: Whimsicott|Moonblast|p1b: Chesnaught\n|-supereffective|p1b: Chesnaught|1\n|-damage|p1b: Chesnaught|60/100\n|move|p2b: Lucario|Aura Sphere|p1a: Sinistcha\n|-immune|p1a: Sinistcha\n|\n|-sideend|p2: krullenbol|move: Tailwind\n|upkeep\n|turn|5\n|\n|t:|1776629628\n|move|p2b: Lucario|Protect|p2b: Lucario\n|-singleturn|p2b: Lucario|Protect\n|move|p1b: Chesnaught|Body Press|p2b: Lucario\n|-activate|p2b: Lucario|move: Protect\n|move|p1a: Sinistcha|Matcha Gotcha|p2a: Whimsicott|[spread] p2a\n|-activate|p2b: Lucario|move: Protect\n|-resisted|p2a: Whimsicott|1\n|-damage|p2a: Whimsicott|0 fnt\n|faint|p2a: Whimsicott\n|\n|-fieldend|move: Trick Room\n|upkeep\n|\n|t:|1776629640\n|switch|p2a: Garchomp|Garchomp, L50, M|100/100\n|turn|6\n|inactive|krullenbol has 30 seconds left.\n|\n|t:|1776629670\n|switch|p1a: Rotom|Rotom-Heat, L50|100/100\n|move|p2b: Lucario|Dragon Pulse|p1a: Rotom\n|-damage|p1a: Rotom|69/100\n|move|p2a: Garchomp|Dragon Claw|p1a: Rotom\n|-damage|p1a: Rotom|21/100\n|move|p1b: Chesnaught|Body Press|p2b: Lucario\n|-supereffective|p2b: Lucario|1\n|-damage|p2b: Lucario|0 fnt\n|faint|p2b: Lucario\n|\n|upkeep\n|turn|7\n|-message|krullenbol forfeited.\n|\n|win|pikafenn\n|raw|pikafenn's rating: 1162 &rarr; <strong>1180</strong><br />(+18 for winning)\n|raw|krullenbol's rating: 1065 &rarr; <strong>1051</strong><br />(-14 for losing)\n|l|\u2606krullenbol\n|player|p2|\n",
  "uploadtime": 1776629687,
  "views": 10,
  "formatid": "gen9championsvgc2026regma",
  "rating": 1051,
  "private": 0,
  "password": null
}