{
  "id": "gen9championsvgc2026regma-2588684517",
  "format": "[Gen 9 Champions] VGC 2026 Reg M-A",
  "players": [
    "adyaroz",
    "sllawitoo"
  ],
  "log": "|j|\u2606adyaroz\n|j|\u2606sllawitoo\n|t:|1776657469\n|gametype|doubles\n|player|p1|adyaroz|102|1102\n|player|p2|sllawitoo|170|1175\n|gen|9\n|tier|[Gen 9 Champions] VGC 2026 Reg M-A\n|rated|\n|rule|Species Clause: Limit one of each Pok\u00e9mon\n|rule|Item Clause: Limit 1 of each item\n|clearpoke\n|poke|p1|Politoed, L50, F|\n|poke|p1|Talonflame, L50, F|\n|poke|p1|Basculegion, L50, M|\n|poke|p1|Sneasler, L50, F|\n|poke|p1|Archaludon, L50, M|\n|poke|p1|Meganium, L50, F|\n|poke|p2|Tyranitar, L50, M|\n|poke|p2|Excadrill, L50, M|\n|poke|p2|Sinistcha, L50|\n|poke|p2|Corviknight, L50, F|\n|poke|p2|Primarina, L50, M|\n|poke|p2|Incineroar, L50, M|\n|teampreview|4\nadyaroz rejected open team sheets.\n|\n|t:|1776657504\n|teamsize|p1|4\n|teamsize|p2|4\n|start\n|switch|p1a: Talonflame|Talonflame, L50, F|100/100\n|switch|p1b: Politoed|Politoed, L50, F|100/100\n|switch|p2a: Excadrill|Excadrill, L50, M|100/100\n|switch|p2b: Corviknight|Corviknight, L50, F|100/100\n|-weather|RainDance|[from] ability: Drizzle|[of] p1b: Politoed\n|turn|1\n|\n|t:|1776657533\n|move|p2a: Excadrill|Protect|p2a: Excadrill\n|-singleturn|p2a: Excadrill|Protect\n|move|p1a: Talonflame|Tailwind|p1a: Talonflame\n|-sidestart|p1: adyaroz|move: Tailwind\n|move|p1b: Politoed|Icy Wind|p2b: Corviknight|[spread] p2b\n|-activate|p2a: Excadrill|move: Protect\n|-damage|p2b: Corviknight|89/100\n|-ability|p2b: Corviknight|Mirror Armor\n|-unboost|p1b: Politoed|spe|1\n|move|p2b: Corviknight|Tailwind|p2b: Corviknight\n|-sidestart|p2: sllawitoo|move: Tailwind\n|\n|-weather|RainDance|[upkeep]\n|-heal|p2b: Corviknight|95/100|[from] item: Leftovers\n|upkeep\n|turn|2\n|\n|t:|1776657556\n|switch|p2b: Tyranitar|Tyranitar, L50, M|100/100\n|-weather|Sandstorm|[from] ability: Sand Stream|[of] p2b: Tyranitar\n|move|p2a: Excadrill|Rock Slide|p1a: Talonflame|[spread] p1a,p1b\n|-supereffective|p1a: Talonflame|2\n|-enditem|p1a: Talonflame|Focus Sash\n|-damage|p1a: Talonflame|1/100\n|-damage|p1b: Politoed|74/100\n|move|p1a: Talonflame|Flare Blitz|p2a: Excadrill\n|-supereffective|p2a: Excadrill|1\n|-enditem|p2a: Excadrill|Focus Sash\n|-damage|p2a: Excadrill|1/100\n|-damage|p1a: Talonflame|0 fnt|[from] Recoil\n|faint|p1a: Talonflame\n|move|p1b: Politoed|Muddy Water|p2a: Excadrill|[spread] p2a,p2b\n|-supereffective|p2a: Excadrill|1\n|-supereffective|p2b: Tyranitar|1\n|-damage|p2a: Excadrill|0 fnt\n|-damage|p2b: Tyranitar|62/100\n|-unboost|p2b: Tyranitar|accuracy|1\n|faint|p2a: Excadrill\n|\n|-weather|Sandstorm|[upkeep]\n|-damage|p1b: Politoed|68/100|[from] Sandstorm\n|upkeep\n|inactive|Battle timer is ON: inactive players will automatically lose when time's up. (requested by adyaroz)\n|\n|t:|1776657578\n|switch|p1a: Meganium|Meganium, L50, F|100/100\n|switch|p2a: Incineroar|Incineroar, L50, M|100/100\n|-ability|p2a: Incineroar|Intimidate|boost\n|-unboost|p1a: Meganium|atk|1\n|-unboost|p1b: Politoed|atk|1\n|turn|3\n|\n|t:|1776657601\n|switch|p2b: Corviknight|Corviknight, L50, F|95/100\n|detailschange|p1a: Meganium|Meganium-Mega, L50, F\n|-mega|p1a: Meganium|Meganium|Meganiumite\n|move|p1a: Meganium|Protect|p1a: Meganium\n|-singleturn|p1a: Meganium|Protect\n|move|p2a: Incineroar|Fake Out|p1a: Meganium\n|-activate|p1a: Meganium|move: Protect\n|move|p1b: Politoed|Rain Dance|p1b: Politoed\n|-weather|RainDance\n|\n|-weather|RainDance|[upkeep]\n|-heal|p2b: Corviknight|100/100|[from] item: Leftovers\n|upkeep\n|turn|4\n|inactive|sllawitoo has 30 seconds left.\n|\n|t:|1776657627\n|move|p1a: Meganium|Weather Ball|p2b: Corviknight\n|-supereffective|p2b: Corviknight|1\n|-damage|p2b: Corviknight|0 fnt\n|faint|p2b: Corviknight\n|move|p2a: Incineroar|Parting Shot|p1a: Meganium\n|-unboost|p1a: Meganium|atk|1\n|-unboost|p1a: Meganium|spa|1\n|\n|t:|1776657634\n|switch|p2a: Tyranitar|Tyranitar, L50, M|62/100|[from] Parting Shot\n|-weather|Sandstorm|[from] ability: Sand Stream|[of] p2a: Tyranitar\n|move|p1b: Politoed|Muddy Water|p2a: Tyranitar\n|-supereffective|p2a: Tyranitar|1\n|-damage|p2a: Tyranitar|10/100\n|\n|-weather|Sandstorm|[upkeep]\n|-damage|p1a: Meganium|95/100|[from] Sandstorm\n|-damage|p1b: Politoed|62/100|[from] Sandstorm\n|-sideend|p1: adyaroz|move: Tailwind\n|-sideend|p2: sllawitoo|move: Tailwind\n|upkeep\n|\n|t:|1776657638\n|switch|p2b: Incineroar|Incineroar, L50, M|100/100\n|-ability|p2b: Incineroar|Intimidate|boost\n|-unboost|p1a: Meganium|atk|1\n|-unboost|p1b: Politoed|atk|1\n|turn|5\n|\n|t:|1776657650\n|detailschange|p2a: Tyranitar|Tyranitar-Mega, L50, M\n|-mega|p2a: Tyranitar|Tyranitar|Tyranitarite\n|move|p2a: Tyranitar|Protect|p2a: Tyranitar\n|-singleturn|p2a: Tyranitar|Protect\n|move|p2b: Incineroar|Fake Out|p1b: Politoed\n|-damage|p1b: Politoed|44/100\n|-enditem|p1b: Politoed|Sitrus Berry|[eat]\n|-heal|p1b: Politoed|69/100|[from] item: Sitrus Berry\n|move|p1a: Meganium|Dazzling Gleam|p2b: Incineroar|[spread] p2b\n|-activate|p2a: Tyranitar|move: Protect\n|-damage|p2b: Incineroar|78/100\n|cant|p1b: Politoed|flinch\n|\n|-weather|Sandstorm|[upkeep]\n|-damage|p1a: Meganium|89/100|[from] Sandstorm\n|-damage|p2b: Incineroar|72/100|[from] Sandstorm\n|-damage|p1b: Politoed|63/100|[from] Sandstorm\n|upkeep\n|turn|6\n|\n|t:|1776657671\n|move|p2a: Tyranitar|Crunch|p1a: Meganium\n|-resisted|p1a: Meganium|1\n|-damage|p1a: Meganium|63/100\n|move|p1a: Meganium|Dazzling Gleam|p2b: Incineroar|[spread] p2a,p2b\n|-supereffective|p2a: Tyranitar|1\n|-crit|p2a: Tyranitar\n|-damage|p2a: Tyranitar|0 fnt\n|-damage|p2b: Incineroar|48/100\n|faint|p2a: Tyranitar\n|move|p2b: Incineroar|Flare Blitz|p1a: Meganium\n|-supereffective|p1a: Meganium|1\n|-damage|p1a: Meganium|0 fnt\n|faint|p1a: Meganium\n|-damage|p2b: Incineroar|30/100|[from] Recoil\n|move|p1b: Politoed|Rain Dance|p1b: Politoed\n|-weather|RainDance\n|\n|-weather|RainDance|[upkeep]\n|upkeep\n|\n|t:|1776657685\n|switch|p1a: Basculegion|Basculegion, L50, M|100/100\n|turn|7\n|\n|t:|1776657692\n|move|p1a: Basculegion|Wave Crash|p2b: Incineroar\n|-supereffective|p2b: Incineroar|1\n|-damage|p2b: Incineroar|0 fnt\n|faint|p2b: Incineroar\n|-damage|p1a: Basculegion|93/100|[from] Recoil\n|\n|win|adyaroz\n|raw|adyaroz's rating: 1102 &rarr; <strong>1132</strong><br />(+30 for winning)\n|raw|sllawitoo's rating: 1175 &rarr; <strong>1145</strong><br />(-30 for losing)\n|l|\u2606adyaroz\n|player|p1|\n",
  "uploadtime": 1776657700,
  "views": 5,
  "formatid": "gen9championsvgc2026regma",
  "rating": 1132,
  "private": 0,
  "password": null
}