{
  "id": "gen9championsvgc2026regma-2585809256",
  "format": "[Gen 9 Champions] VGC 2026 Reg M-A",
  "players": [
    "loklastaji",
    "PauloMS"
  ],
  "log": "|j|\u2606loklastaji\n|j|\u2606PauloMS\n|t:|1776372213\n|gametype|doubles\n|player|p1|loklastaji|265|1086\n|player|p2|PauloMS|101|1000\n|gen|9\n|tier|[Gen 9 Champions] VGC 2026 Reg M-A\n|rated|\n|rule|Species Clause: Limit one of each Pok\u00e9mon\n|rule|Item Clause: Limit 1 of each item\n|clearpoke\n|poke|p1|Samurott-Hisui, L50, F|\n|poke|p1|Delphox, L50, F|\n|poke|p1|Tinkaton, L50, F|\n|poke|p1|Decidueye-Hisui, L50, M|\n|poke|p1|Dragonite, L50, M|\n|poke|p1|Farigiraf, L50, F|\n|poke|p2|Incineroar, L50, F|\n|poke|p2|Sneasler, L50, M|\n|poke|p2|Garchomp, L50, M|\n|poke|p2|Kingambit, L50, M|\n|poke|p2|Sinistcha, L50|\n|poke|p2|Basculegion, L50, M|\n|teampreview|4\n|\n|t:|1776372281\n|teamsize|p1|4\n|teamsize|p2|4\n|start\n|switch|p1a: Tinkaton|Tinkaton, L50, F|100/100\n|switch|p1b: Dragonite|Dragonite, L50, M|100/100\n|switch|p2a: Kingambit|Kingambit, L50, M|100/100\n|switch|p2b: Sinistcha|Sinistcha, L50|100/100\n|turn|1\n|\n|t:|1776372330\n|detailschange|p1b: Dragonite|Dragonite-Mega, L50, M\n|-mega|p1b: Dragonite|Dragonite|Dragoninite\n|move|p1a: Tinkaton|Fake Out|p2a: Kingambit\n|-resisted|p2a: Kingambit|1\n|-damage|p2a: Kingambit|97/100\n|move|p2b: Sinistcha|Rage Powder|p2b: Sinistcha\n|-singleturn|p2b: Sinistcha|move: Rage Powder\n|move|p1b: Dragonite|Air Slash|p2b: Sinistcha\n|-supereffective|p2b: Sinistcha|1\n|-damage|p2b: Sinistcha|0 fnt\n|faint|p2b: Sinistcha\n|cant|p2a: Kingambit|flinch\n|\n|upkeep\n|\n|t:|1776372352\n|switch|p2b: Basculegion|Basculegion, L50, M|100/100\n|turn|2\n|\n|t:|1776372381\n|switch|p1a: Samurott|Samurott-Hisui, L50, F|100/100\n|move|p2b: Basculegion|Icy Wind|p1a: Samurott|[spread] p1a,p1b\n|-resisted|p1a: Samurott|1\n|-supereffective|p1b: Dragonite|2\n|-damage|p1a: Samurott|95/100\n|-damage|p1b: Dragonite|87/100\n|-unboost|p1a: Samurott|spe|1\n|-unboost|p1b: Dragonite|spe|1\n|-enditem|p1a: Samurott|White Herb\n|-clearnegativeboost|p1a: Samurott|[silent]\n|move|p1b: Dragonite|Tailwind|p1b: Dragonite\n|-sidestart|p1: loklastaji|move: Tailwind\n|move|p2a: Kingambit|Kowtow Cleave|p1b: Dragonite\n|-damage|p1b: Dragonite|30/100\n|\n|upkeep\n|turn|3\n|\n|t:|1776372429\n|switch|p1b: Tinkaton|Tinkaton, L50, F|100/100\n|switch|p2b: Incineroar|Incineroar, L50, F, shiny|100/100\n|-ability|p2b: Incineroar|Intimidate|boost\n|-unboost|p1a: Samurott|atk|1\n|-fail|p1b: Tinkaton|unboost|Attack|[from] ability: Own Tempo|[of] p1b: Tinkaton\n|move|p2a: Kingambit|Protect|p2a: Kingambit\n|-singleturn|p2a: Kingambit|Protect\n|move|p1a: Samurott|Sacred Sword|p2a: Kingambit\n|-activate|p2a: Kingambit|move: Protect\n|\n|upkeep\n|turn|4\n|\n|t:|1776372463\n|switch|p2a: Basculegion|Basculegion, L50, M|100/100\n|move|p1b: Tinkaton|Fake Out|p2b: Incineroar\n|-damage|p2b: Incineroar|89/100\n|move|p1a: Samurott|Sacred Sword|p2a: Basculegion\n|-immune|p2a: Basculegion\n|cant|p2b: Incineroar|flinch\n|\n|upkeep\n|turn|5\n|\n|t:|1776372504\n|move|p1b: Tinkaton|Protect|p1b: Tinkaton\n|-singleturn|p1b: Tinkaton|Protect\n|move|p1a: Samurott|Ceaseless Edge|p2a: Basculegion\n|-supereffective|p2a: Basculegion|1\n|-damage|p2a: Basculegion|12/100\n|-sidestart|p2: PauloMS|Spikes\n|move|p2a: Basculegion|Wave Crash|p1b: Tinkaton\n|-activate|p1b: Tinkaton|move: Protect\n|move|p2b: Incineroar|Parting Shot|p1a: Samurott\n|-unboost|p1a: Samurott|atk|1\n|-unboost|p1a: Samurott|spa|1\n|\n|t:|1776372524\n|switch|p2b: Kingambit|Kingambit, L50, M|97/100|[from] Parting Shot\n|-damage|p2b: Kingambit|85/100|[from] Spikes\n|\n|-sideend|p1: loklastaji|move: Tailwind\n|upkeep\n|turn|6\n|\n|t:|1776372561\n|switch|p2a: Incineroar|Incineroar, L50, F, shiny|89/100\n|-damage|p2a: Incineroar|77/100|[from] Spikes\n|-ability|p2a: Incineroar|Intimidate|boost\n|-unboost|p1a: Samurott|atk|1\n|-fail|p1b: Tinkaton|unboost|Attack|[from] ability: Own Tempo|[of] p1b: Tinkaton\n|switch|p1b: Decidueye|Decidueye-Hisui, L50, M|100/100\n|move|p1a: Samurott|Sucker Punch||[still]\n|-fail|p1a: Samurott\n|move|p2b: Kingambit|Kowtow Cleave|p1b: Decidueye\n|-resisted|p1b: Decidueye|1\n|-damage|p1b: Decidueye|61/100\n|\n|upkeep\n|turn|7\n|\n|t:|1776372619\n|switch|p1a: Tinkaton|Tinkaton, L50, F|100/100\n|move|p2b: Kingambit|Protect|p2b: Kingambit\n|-singleturn|p2b: Kingambit|Protect\n|move|p1b: Decidueye|Close Combat|p2b: Kingambit\n|-activate|p2b: Kingambit|move: Protect\n|move|p2a: Incineroar|Flare Blitz|p1b: Decidueye\n|-supereffective|p1b: Decidueye|1\n|-damage|p1b: Decidueye|0 fnt\n|faint|p1b: Decidueye\n|-damage|p2a: Incineroar|58/100|[from] Recoil\n|\n|upkeep\n|\n|t:|1776372633\n|switch|p1b: Samurott|Samurott-Hisui, L50, F|95/100\n|turn|8\n|\n|t:|1776372662\n|switch|p2b: Basculegion|Basculegion, L50, M|12/100\n|-damage|p2b: Basculegion|0 fnt|[from] Spikes\n|faint|p2b: Basculegion\n|move|p1a: Tinkaton|Fake Out|p2a: Incineroar\n|-damage|p2a: Incineroar|46/100\n|-enditem|p2a: Incineroar|Sitrus Berry|[eat]\n|-heal|p2a: Incineroar|71/100|[from] item: Sitrus Berry\n|move|p1b: Samurott|Sacred Sword|p2a: Incineroar\n|-supereffective|p2a: Incineroar|1\n|-damage|p2a: Incineroar|0 fnt\n|faint|p2a: Incineroar\n|\n|upkeep\n|inactive|Battle timer is ON: inactive players will automatically lose when time's up. (requested by loklastaji)\n|inactive|PauloMS has 60 seconds left.\n|-message|PauloMS forfeited.\n|\n|win|loklastaji\n|raw|loklastaji's rating: 1086 &rarr; <strong>1107</strong><br />(+21 for winning)\n|raw|PauloMS's rating: 1000 &rarr; <strong>1000</strong><br />(+0 for losing)\n|l|\u2606PauloMS\n|player|p2|\n",
  "uploadtime": 1776372736,
  "views": 23,
  "formatid": "gen9championsvgc2026regma",
  "rating": 1000,
  "private": 0,
  "password": null
}