{
  "id": "gen9championsvgc2026regma-2586246232",
  "format": "[Gen 9 Champions] VGC 2026 Reg M-A",
  "players": [
    "Franklinwzx",
    "VicSaus53"
  ],
  "log": "|j|\u2606Franklinwzx\n|j|\u2606VicSaus53\n|t:|1776416895\n|gametype|doubles\n|player|p1|Franklinwzx|red|1028\n|player|p2|VicSaus53|giovanni|1000\n|gen|9\n|tier|[Gen 9 Champions] VGC 2026 Reg M-A\n|rated|\n|rule|Species Clause: Limit one of each Pok\u00e9mon\n|rule|Item Clause: Limit 1 of each item\n|clearpoke\n|poke|p1|Gengar, L50, M|\n|poke|p1|Incineroar, L50, M|\n|poke|p1|Politoed, L50, F|\n|poke|p1|Hydrapple, L50, F|\n|poke|p1|Corviknight, L50, F|\n|poke|p1|Starmie, L50|\n|poke|p2|Chandelure, L50, M|\n|poke|p2|Whimsicott, L50, F|\n|poke|p2|Sneasler, L50, M|\n|poke|p2|Maushold-Four, L50|\n|poke|p2|Corviknight, L50, M|\n|poke|p2|Garchomp, L50, M|\n|teampreview|4\n|inactive|Battle timer is ON: inactive players will automatically lose when time's up. (requested by Franklinwzx)\n|\n|t:|1776416929\n|teamsize|p1|4\n|teamsize|p2|4\n|start\n|switch|p1a: Gengar|Gengar, L50, M|100/100\n|switch|p1b: Hydrapple|Hydrapple, L50, F|100/100\n|switch|p2a: Chandelure|Chandelure, L50, M|100/100\n|switch|p2b: Whimsicott|Whimsicott, L50, F|100/100\n|turn|1\n|inactive|Franklinwzx has 30 seconds left.\n|inactive|Franklinwzx has 20 seconds left.\n|inactive|Franklinwzx has 15 seconds left.\n|\n|t:|1776416972\n|detailschange|p1a: Gengar|Gengar-Mega, L50, M\n|-mega|p1a: Gengar|Gengar|Gengarite\n|detailschange|p2a: Chandelure|Chandelure-Mega, L50, M\n|-mega|p2a: Chandelure|Chandelure|Chandelurite\n|move|p2b: Whimsicott|Tailwind|p2b: Whimsicott\n|-sidestart|p2: VicSaus53|move: Tailwind\n|move|p2a: Chandelure|Shadow Ball|p1a: Gengar\n|-supereffective|p1a: Gengar|1\n|-damage|p1a: Gengar|0 fnt\n|faint|p1a: Gengar\n|move|p1b: Hydrapple|Earth Power|p2a: Chandelure\n|-supereffective|p2a: Chandelure|1\n|-damage|p2a: Chandelure|22/100\n|\n|upkeep\n|\n|t:|1776416981\n|switch|p1a: Incineroar|Incineroar, L50, M|100/100\n|-ability|p1a: Incineroar|Intimidate|boost\n|-unboost|p2a: Chandelure|atk|1\n|-unboost|p2b: Whimsicott|atk|1\n|turn|2\n|\n|t:|1776416990\n|switch|p2b: Maushold|Maushold-Four, L50|100/100\n|move|p2a: Chandelure|Protect|p2a: Chandelure\n|-singleturn|p2a: Chandelure|Protect\n|move|p1a: Incineroar|Flare Blitz|p2b: Maushold\n|-damage|p2b: Maushold|32/100\n|-damage|p1a: Incineroar|80/100|[from] Recoil\n|move|p1b: Hydrapple|Earth Power|p2a: Chandelure\n|-activate|p2a: Chandelure|move: Protect\n|\n|upkeep\n|turn|3\n|\n|t:|1776417009\n|move|p2b: Maushold|Super Fang|p1b: Hydrapple\n|-damage|p1b: Hydrapple|50/100\n|move|p2a: Chandelure|Heat Wave|p1a: Incineroar|[spread] p1a,p1b\n|-resisted|p1a: Incineroar|1\n|-damage|p1a: Incineroar|61/100\n|-damage|p1b: Hydrapple|4/100\n|move|p1a: Incineroar|Flare Blitz|p2b: Maushold\n|-damage|p2b: Maushold|0 fnt\n|faint|p2b: Maushold\n|-damage|p1a: Incineroar|52/100|[from] Recoil\n|move|p1b: Hydrapple|Earth Power|p2a: Chandelure\n|-supereffective|p2a: Chandelure|1\n|-damage|p2a: Chandelure|0 fnt\n|faint|p2a: Chandelure\n|\n|upkeep\n|\n|t:|1776417017\n|switch|p2b: Whimsicott|Whimsicott, L50, F|100/100\n|switch|p2a: Sneasler|Sneasler, L50, M|100/100\n|turn|4\n|\n|t:|1776417024\n|switch|p1b: Politoed|Politoed, L50, F|100/100\n|-weather|RainDance|[from] ability: Drizzle|[of] p1b: Politoed\n|move|p1a: Incineroar|Protect|p1a: Incineroar\n|-singleturn|p1a: Incineroar|Protect\n|move|p2b: Whimsicott|Moonblast|p1b: Politoed\n|-damage|p1b: Politoed|73/100\n|move|p2a: Sneasler|Close Combat|p1a: Incineroar\n|-activate|p1a: Incineroar|move: Protect\n|\n|-weather|RainDance|[upkeep]\n|-sideend|p2: VicSaus53|move: Tailwind\n|upkeep\n|turn|5\n|\n|t:|1776417039\n|move|p2b: Whimsicott|Moonblast|p1b: Politoed\n|-damage|p1b: Politoed|42/100\n|-unboost|p1b: Politoed|spa|1\n|move|p2a: Sneasler|Close Combat|p1b: Politoed\n|-damage|p1b: Politoed|0 fnt\n|-unboost|p2a: Sneasler|def|1\n|-unboost|p2a: Sneasler|spd|1\n|faint|p1b: Politoed\n|-enditem|p2a: Sneasler|White Herb\n|-clearnegativeboost|p2a: Sneasler|[silent]\n|move|p1a: Incineroar|Parting Shot|p2a: Sneasler\n|-unboost|p2a: Sneasler|atk|1\n|-unboost|p2a: Sneasler|spa|1\n|\n|t:|1776417045\n|switch|p1a: Hydrapple|Hydrapple, L50, F|38/100|[from] Parting Shot\n|\n|-weather|RainDance|[upkeep]\n|upkeep\n|\n|t:|1776417047\n|switch|p1b: Incineroar|Incineroar, L50, M|52/100\n|-ability|p1b: Incineroar|Intimidate|boost\n|-unboost|p2a: Sneasler|atk|1\n|-unboost|p2b: Whimsicott|atk|1\n|turn|6\n|\n|t:|1776417065\n|move|p2a: Sneasler|Protect|p2a: Sneasler\n|-singleturn|p2a: Sneasler|Protect\n|move|p1b: Incineroar|Protect|p1b: Incineroar\n|-singleturn|p1b: Incineroar|Protect\n|move|p1a: Hydrapple|Protect|p1a: Hydrapple\n|-singleturn|p1a: Hydrapple|Protect\n|move|p2b: Whimsicott|Moonblast|p1a: Hydrapple\n|-activate|p1a: Hydrapple|move: Protect\n|\n|-weather|RainDance|[upkeep]\n|upkeep\n|turn|7\n|\n|t:|1776417076\n|move|p2a: Sneasler|Close Combat|p1b: Incineroar\n|-supereffective|p1b: Incineroar|1\n|-damage|p1b: Incineroar|0 fnt\n|-unboost|p2a: Sneasler|def|1\n|-unboost|p2a: Sneasler|spd|1\n|faint|p1b: Incineroar\n|move|p2b: Whimsicott|Moonblast|p1a: Hydrapple\n|-supereffective|p1a: Hydrapple|1\n|-enditem|p1a: Hydrapple|Roseli Berry|[eat]\n|-enditem|p1a: Hydrapple|Roseli Berry|[weaken]\n|-damage|p1a: Hydrapple|3/100\n|-unboost|p1a: Hydrapple|spa|1\n|move|p1a: Hydrapple|Fickle Beam|p2a: Sneasler\n|-damage|p2a: Sneasler|46/100\n|\n|-weather|RainDance|[upkeep]\n|upkeep\n|turn|8\n|-message|Franklinwzx forfeited.\n|\n|win|VicSaus53\n|raw|Franklinwzx's rating: 1028 &rarr; <strong>1013</strong><br />(-15 for losing)\n|raw|VicSaus53's rating: 1000 &rarr; <strong>1043</strong><br />(+43 for winning)\n|l|\u2606Franklinwzx\n|player|p1|\n",
  "uploadtime": 1776417090,
  "views": 41,
  "formatid": "gen9championsvgc2026regma",
  "rating": 1013,
  "private": 0,
  "password": null
}