{
  "id": "gen9championsvgc2026regma-2587341647",
  "format": "[Gen 9 Champions] VGC 2026 Reg M-A",
  "players": [
    "Jrmoore896",
    "Blank_Playe_pract"
  ],
  "log": "|j|\u2606Jrmoore896\n|j|\u2606Blank_Playe_pract\n|t:|1776523634\n|gametype|doubles\n|player|p1|Jrmoore896|red|1142\n|player|p2|Blank_Playe_pract|169|1120\n|gen|9\n|tier|[Gen 9 Champions] VGC 2026 Reg M-A\n|rated|\n|rule|Species Clause: Limit one of each Pok\u00e9mon\n|rule|Item Clause: Limit 1 of each item\n|clearpoke\n|poke|p1|Pelipper, L50, M|\n|poke|p1|Dragonite, L50, M, shiny|\n|poke|p1|Basculegion, L50, M|\n|poke|p1|Rotom-Heat, L50, shiny|\n|poke|p1|Archaludon, L50, M, shiny|\n|poke|p1|Sneasler, L50, M|\n|poke|p2|Delphox, L50, M|\n|poke|p2|Torkoal, L50, F|\n|poke|p2|Tsareena, L50, F|\n|poke|p2|Kingambit, L50, F|\n|poke|p2|Heliolisk, L50, M|\n|poke|p2|Aerodactyl, L50, M|\n|teampreview|4\n|inactive|Battle timer is ON: inactive players will automatically lose when time's up. (requested by Blank_Playe_pract)\n|inactive|Jrmoore896 has 60 seconds left.\n|inactive|Blank_Playe_pract has 60 seconds left.\n|inactive|Blank_Playe_pract has 30 seconds left.\n|\n|t:|1776523697\n|teamsize|p1|4\n|teamsize|p2|4\n|start\n|switch|p1a: Archaludon|Archaludon, L50, M, shiny|100/100\n|switch|p1b: Sneasler|Sneasler, L50, M|100/100\n|switch|p2a: Torkoal|Torkoal, L50, F|100/100\n|switch|p2b: Heliolisk|Heliolisk, L50, M|100/100\n|-weather|SunnyDay|[from] ability: Drought|[of] p2a: Torkoal\n|turn|1\n|inactive|Jrmoore896 has 30 seconds left.\n|inactive|Blank_Playe_pract has 30 seconds left.\n|inactive|Jrmoore896 has 20 seconds left.\n|inactive|Jrmoore896 has 15 seconds left.\n|inactive|Jrmoore896 has 10 seconds left.\n|\n|t:|1776523743\n|switch|p1b: Pelipper|Pelipper, L50, M|100/100\n|-weather|RainDance|[from] ability: Drizzle|[of] p1b: Pelipper\n|move|p2b: Heliolisk|Volt Switch|p1b: Pelipper\n|-supereffective|p1b: Pelipper|2\n|-enditem|p1b: Pelipper|Focus Sash\n|-damage|p1b: Pelipper|1/100\n|\n|t:|1776523751\n|switch|p2b: Aerodactyl|Aerodactyl, L50, M|100/100|[from] Volt Switch\n|-ability|p2b: Aerodactyl|Unnerve\n|move|p1a: Archaludon|Dragon Pulse|p2a: Torkoal\n|-damage|p2a: Torkoal|51/100\n|move|p2a: Torkoal|Heat Wave|p1a: Archaludon|[spread] p1a,p1b\n|-resisted|p1b: Pelipper|1\n|-damage|p1a: Archaludon|90/100\n|-damage|p1b: Pelipper|0 fnt\n|-ability|p1a: Archaludon|Stamina|boost\n|-boost|p1a: Archaludon|def|1\n|faint|p1b: Pelipper\n|\n|-weather|RainDance|[upkeep]\n|-heal|p1a: Archaludon|96/100|[from] item: Leftovers\n|upkeep\n|\n|t:|1776523768\n|switch|p1b: Basculegion|Basculegion, L50, M|100/100\n|turn|2\n|\n|t:|1776523790\n|move|p2a: Torkoal|Protect|p2a: Torkoal\n|-singleturn|p2a: Torkoal|Protect\n|move|p1b: Basculegion|Flip Turn|p2b: Aerodactyl\n|-supereffective|p2b: Aerodactyl|1\n|-enditem|p2b: Aerodactyl|Focus Sash\n|-damage|p2b: Aerodactyl|1/100\n|\n|t:|1776523798\n|switch|p1b: Sneasler|Sneasler, L50, M|100/100|[from] Flip Turn\n|move|p2b: Aerodactyl|Tailwind|p2b: Aerodactyl\n|-sidestart|p2: Blank_Playe_pract|move: Tailwind\n|move|p1a: Archaludon|Electro Shot||[still]\n|-prepare|p1a: Archaludon|Electro Shot\n|-boost|p1a: Archaludon|spa|1\n|-anim|p1a: Archaludon|Electro Shot|p2a: Torkoal\n|-activate|p2a: Torkoal|move: Protect\n|\n|-weather|RainDance|[upkeep]\n|-heal|p1a: Archaludon|100/100|[from] item: Leftovers\n|upkeep\n|turn|3\n|inactive|Jrmoore896 has 30 seconds left.\n|\n|t:|1776523826\n|switch|p2a: Kingambit|Kingambit, L50, F|100/100\n|move|p1b: Sneasler|Fake Out|p2b: Aerodactyl\n|-resisted|p2b: Aerodactyl|1\n|-damage|p2b: Aerodactyl|0 fnt\n|faint|p2b: Aerodactyl\n|move|p1a: Archaludon|Electro Shot||[still]\n|-prepare|p1a: Archaludon|Electro Shot\n|-boost|p1a: Archaludon|spa|1\n|-anim|p1a: Archaludon|Electro Shot|p2a: Kingambit\n|-damage|p2a: Kingambit|22/100\n|\n|-weather|RainDance|[upkeep]\n|upkeep\n|\n|t:|1776523840\n|switch|p2b: Torkoal|Torkoal, L50, F|51/100\n|-weather|SunnyDay|[from] ability: Drought|[of] p2b: Torkoal\n|turn|4\n|\n|t:|1776523850\n|move|p1b: Sneasler|Protect|p1b: Sneasler\n|-singleturn|p1b: Sneasler|Protect\n|move|p1a: Archaludon|Protect|p1a: Archaludon\n|-singleturn|p1a: Archaludon|Protect\n|move|p2a: Kingambit|Sucker Punch||[still]\n|-fail|p2a: Kingambit\n|move|p2b: Torkoal|Heat Wave|p1b: Sneasler|[spread] \n|-activate|p1a: Archaludon|move: Protect\n|-activate|p1b: Sneasler|move: Protect\n|\n|-weather|SunnyDay|[upkeep]\n|upkeep\n|turn|5\n|\n|t:|1776523873\n|switch|p1b: Basculegion|Basculegion, L50, M|100/100\n|move|p2a: Kingambit|Sucker Punch|p1a: Archaludon\n|-damage|p1a: Archaludon|81/100\n|-ability|p1a: Archaludon|Stamina|boost\n|-boost|p1a: Archaludon|def|1\n|move|p1a: Archaludon|Dragon Pulse|p2a: Kingambit\n|-resisted|p2a: Kingambit|1\n|-damage|p2a: Kingambit|0 fnt\n|faint|p2a: Kingambit\n|move|p2b: Torkoal|Heat Wave|p1a: Archaludon|[spread] p1a,p1b\n|-resisted|p1b: Basculegion|1\n|-damage|p1a: Archaludon|48/100\n|-damage|p1b: Basculegion|82/100\n|-ability|p1a: Archaludon|Stamina|boost\n|-boost|p1a: Archaludon|def|1\n|\n|-weather|SunnyDay|[upkeep]\n|-heal|p1a: Archaludon|54/100|[from] item: Leftovers\n|-sideend|p2: Blank_Playe_pract|move: Tailwind\n|upkeep\n|\n|t:|1776523885\n|switch|p2a: Heliolisk|Heliolisk, L50, M|100/100\n|turn|6\n|inactive|Jrmoore896 has 30 seconds left.\n|inactive|Blank_Playe_pract has 30 seconds left.\n|inactive|Jrmoore896 has 20 seconds left.\n|\n|t:|1776523924\n|move|p2b: Torkoal|Helping Hand|p2a: Heliolisk\n|-singleturn|p2a: Heliolisk|Helping Hand|[of] p2b: Torkoal\n|move|p2a: Heliolisk|Volt Switch|p1a: Archaludon\n|-resisted|p1a: Archaludon|1\n|-damage|p1a: Archaludon|15/100\n|-ability|p1a: Archaludon|Stamina|boost\n|-boost|p1a: Archaludon|def|1\n|move|p1b: Basculegion|Flip Turn|p2a: Heliolisk\n|-damage|p2a: Heliolisk|65/100\n|\n|t:|1776523933\n|switch|p1b: Sneasler|Sneasler, L50, M|100/100|[from] Flip Turn\n|move|p1a: Archaludon|Dragon Pulse|p2b: Torkoal\n|-damage|p2b: Torkoal|0 fnt\n|faint|p2b: Torkoal\n|\n|-weather|SunnyDay|[upkeep]\n|-damage|p2a: Heliolisk|52/100|[from] ability: Solar Power|[of] p2a: Heliolisk\n|-heal|p1a: Archaludon|21/100|[from] item: Leftovers\n|upkeep\n|turn|7\n|\n|t:|1776523954\n|move|p1b: Sneasler|Fake Out|p2a: Heliolisk\n|-damage|p2a: Heliolisk|17/100\n|cant|p2a: Heliolisk|flinch\n|move|p1a: Archaludon|Dragon Pulse|p2a: Heliolisk\n|-damage|p2a: Heliolisk|0 fnt\n|faint|p2a: Heliolisk\n|\n|win|Jrmoore896\n|raw|Jrmoore896's rating: 1121 &rarr; <strong>1146</strong><br />(+25 for winning)\n|raw|Blank_Playe_pract's rating: 1120 &rarr; <strong>1095</strong><br />(-25 for losing)\n|l|\u2606Blank_Playe_pract\n|player|p2|\n",
  "uploadtime": 1776523968,
  "views": 17,
  "formatid": "gen9championsvgc2026regma",
  "rating": 1095,
  "private": 0,
  "password": null
}