{
  "id": "gen9championsvgc2026regma-2581299032",
  "format": "[Gen 9 Champions] VGC 2026 Reg M-A",
  "players": [
    "2026412myyzz",
    "loklastaji"
  ],
  "log": "|j|\u26062026412myyzz\n|j|\u2606loklastaji\n|t:|1775983259\n|gametype|doubles\n|player|p1|2026412myyzz|2|1111\n|player|p2|loklastaji|266|1164\n|gen|9\n|tier|[Gen 9 Champions] VGC 2026 Reg M-A\n|rated|\n|rule|Species Clause: Limit one of each Pok\u00e9mon\n|rule|Item Clause: Limit 1 of each item\n|clearpoke\n|poke|p1|Charizard, L50, M|\n|poke|p1|Whimsicott, L50, F|\n|poke|p1|Sneasler, L50, M|\n|poke|p1|Incineroar, L50, F|\n|poke|p1|Garchomp, L50, F|\n|poke|p1|Kingambit, L50, F|\n|poke|p2|Samurott-Hisui, L50, F|\n|poke|p2|Mamoswine, L50, F|\n|poke|p2|Delphox, L50, M|\n|poke|p2|Clefable, L50, F|\n|poke|p2|Corviknight, L50, M|\n|poke|p2|Dragonite, L50, F|\n|teampreview|4\n|\n|t:|1775983313\n|teamsize|p1|4\n|teamsize|p2|4\n|start\n|switch|p1a: Charizard|Charizard, L50, M|100/100\n|switch|p1b: Whimsicott|Whimsicott, L50, F|100/100\n|switch|p2a: Dragonite|Dragonite, L50, F|100/100\n|switch|p2b: Delphox|Delphox, L50, M|100/100\n|turn|1\n|\n|t:|1775983358\n|detailschange|p2b: Delphox|Delphox-Mega, L50, M\n|-mega|p2b: Delphox|Delphox|Delphoxite\n|detailschange|p1a: Charizard|Charizard-Mega-Y, L50, M\n|-mega|p1a: Charizard|Charizard|Charizardite Y\n|-weather|SunnyDay|[from] ability: Drought|[of] p1a: Charizard\n|move|p1b: Whimsicott|Tailwind|p1b: Whimsicott\n|-sidestart|p1: 2026412myyzz|move: Tailwind\n|move|p1a: Charizard|Heat Wave|p2b: Delphox|[spread] p2a,p2b\n|-resisted|p2a: Dragonite|1\n|-resisted|p2b: Delphox|1\n|-damage|p2a: Dragonite|68/100\n|-damage|p2b: Delphox|70/100\n|move|p2b: Delphox|Heat Wave|p1b: Whimsicott|[spread] p1a,p1b\n|-resisted|p1a: Charizard|1\n|-supereffective|p1b: Whimsicott|1\n|-damage|p1a: Charizard|70/100\n|-enditem|p1b: Whimsicott|Focus Sash\n|-damage|p1b: Whimsicott|1/100\n|move|p2a: Dragonite|Air Slash|p1b: Whimsicott\n|-supereffective|p1b: Whimsicott|1\n|-damage|p1b: Whimsicott|0 fnt\n|faint|p1b: Whimsicott\n|\n|-weather|SunnyDay|[upkeep]\n|upkeep\n|\n|t:|1775983378\n|switch|p1b: Incineroar|Incineroar, L50, F|100/100\n|-ability|p1b: Incineroar|Intimidate|boost\n|-fail|p2a: Dragonite|unboost|Attack|[from] ability: Inner Focus|[of] p2a: Dragonite\n|-unboost|p2b: Delphox|atk|1\n|turn|2\n|\n|t:|1775983414\n|move|p2b: Delphox|Protect|p2b: Delphox\n|-singleturn|p2b: Delphox|Protect\n|move|p2a: Dragonite|Protect|p2a: Dragonite\n|-singleturn|p2a: Dragonite|Protect\n|move|p1b: Incineroar|Fake Out|p2b: Delphox\n|-activate|p2b: Delphox|move: Protect\n|move|p1a: Charizard|Heat Wave|p2b: Delphox|[spread] \n|-activate|p2a: Dragonite|move: Protect\n|-activate|p2b: Delphox|move: Protect\n|\n|-weather|SunnyDay|[upkeep]\n|upkeep\n|turn|3\n|\n|t:|1775983439\n|switch|p2b: Samurott|Samurott-Hisui, L50, F|100/100\n|move|p1a: Charizard|Heat Wave|p2b: Samurott|[spread] p2b\n|-miss|p1a: Charizard|p2a: Dragonite\n|-resisted|p2b: Samurott|1\n|-damage|p2b: Samurott|51/100\n|move|p1b: Incineroar|Darkest Lariat|p2b: Samurott\n|-resisted|p2b: Samurott|1\n|-damage|p2b: Samurott|27/100\n|move|p2a: Dragonite|Thunderbolt|p1a: Charizard\n|-supereffective|p1a: Charizard|1\n|-damage|p1a: Charizard|17/100\n|\n|-weather|SunnyDay|[upkeep]\n|upkeep\n|turn|4\n|\n|t:|1775983458\n|move|p2b: Samurott|Sucker Punch|p1a: Charizard\n|-damage|p1a: Charizard|0 fnt\n|faint|p1a: Charizard\n|move|p1b: Incineroar|Parting Shot|p2a: Dragonite\n|-unboost|p2a: Dragonite|atk|1\n|-unboost|p2a: Dragonite|spa|1\n|\n|t:|1775983462\n|switch|p1b: Sneasler|Sneasler, L50, M|100/100|[from] Parting Shot\n|move|p2a: Dragonite|Air Slash|p1b: Sneasler\n|-supereffective|p1b: Sneasler|1\n|-damage|p1b: Sneasler|39/100\n|\n|-weather|SunnyDay|[upkeep]\n|-sideend|p1: 2026412myyzz|move: Tailwind\n|upkeep\n|\n|t:|1775983465\n|switch|p1a: Incineroar|Incineroar, L50, F|100/100\n|-ability|p1a: Incineroar|Intimidate|boost\n|-fail|p2a: Dragonite|unboost|Attack|[from] ability: Inner Focus|[of] p2a: Dragonite\n|-unboost|p2b: Samurott|atk|1\n|-enditem|p2b: Samurott|White Herb\n|-clearnegativeboost|p2b: Samurott|[silent]\n|turn|5\n|\n|t:|1775983499\n|move|p2a: Dragonite|Protect|p2a: Dragonite\n|-singleturn|p2a: Dragonite|Protect\n|move|p1a: Incineroar|Fake Out|p2a: Dragonite\n|-activate|p2a: Dragonite|move: Protect\n|move|p1b: Sneasler|Dire Claw|p2b: Samurott\n|-damage|p2b: Samurott|0 fnt\n|faint|p2b: Samurott\n|\n|-weather|none\n|upkeep\n|\n|t:|1775983511\n|switch|p2b: Mamoswine|Mamoswine, L50, F|100/100\n|turn|6\n|\n|t:|1775983521\n|switch|p2a: Delphox|Delphox-Mega, L50, M|70/100\n|move|p2b: Mamoswine|Earthquake|p1b: Sneasler|[spread] p1a,p1b\n|-immune|p2a: Delphox|[from] ability: Levitate\n|-supereffective|p1a: Incineroar|1\n|-supereffective|p1b: Sneasler|1\n|-crit|p1b: Sneasler\n|-damage|p1a: Incineroar|29/100\n|-damage|p1b: Sneasler|0 fnt\n|-enditem|p1a: Incineroar|Sitrus Berry|[eat]\n|-heal|p1a: Incineroar|54/100|[from] item: Sitrus Berry\n|faint|p1b: Sneasler\n|move|p1a: Incineroar|Darkest Lariat|p2a: Delphox\n|-supereffective|p2a: Delphox|1\n|-damage|p2a: Delphox|0 fnt\n|faint|p2a: Delphox\n|\n|upkeep\n|\n|t:|1775983537\n|switch|p2a: Dragonite|Dragonite, L50, F|68/100\n|turn|7\n|\n|t:|1775983543\n|move|p2b: Mamoswine|Earthquake|p1a: Incineroar|[spread] p1a\n|-immune|p2a: Dragonite\n|-supereffective|p1a: Incineroar|1\n|-damage|p1a: Incineroar|0 fnt\n|faint|p1a: Incineroar\n|\n|win|loklastaji\n|raw|2026412myyzz's rating: 1111 &rarr; <strong>1090</strong><br />(-21 for losing)\n|raw|loklastaji's rating: 1164 &rarr; <strong>1185</strong><br />(+21 for winning)\n|l|\u26062026412myyzz\n|player|p1|\n",
  "uploadtime": 1775983549,
  "views": 14,
  "formatid": "gen9championsvgc2026regma",
  "rating": 1090,
  "private": 0,
  "password": null
}