{
  "id": "gen9championsvgc2026regma-2589416822",
  "format": "[Gen 9 Champions] VGC 2026 Reg M-A",
  "players": [
    "Ran613",
    "TophBoom"
  ],
  "log": "|j|\u2606Ran613\n|j|\u2606TophBoom\n|t:|1776721183\n|gametype|doubles\n|player|p1|Ran613|preschooler|1371\n|player|p2|TophBoom|miku-fairy|1309\n|gen|9\n|tier|[Gen 9 Champions] VGC 2026 Reg M-A\n|rated|\n|rule|Species Clause: Limit one of each Pok\u00e9mon\n|rule|Item Clause: Limit 1 of each item\n|clearpoke\n|poke|p1|Kingambit, L50, M|\n|poke|p1|Whimsicott, L50, M|\n|poke|p1|Charizard, L50, M|\n|poke|p1|Sinistcha, L50|\n|poke|p1|Typhlosion-Hisui, L50, F|\n|poke|p1|Mamoswine, L50, M|\n|poke|p2|Floette-Eternal, L50, F|\n|poke|p2|Banette, L50, M|\n|poke|p2|Sinistcha-Masterpiece, L50|\n|poke|p2|Incineroar, L50, M|\n|poke|p2|Palafin, L50, M, shiny|\n|poke|p2|Aerodactyl, L50, F|\n|teampreview|4\n|inactive|Battle timer is ON: inactive players will automatically lose when time's up. (requested by Ran613)\n|inactive|Ran613 has 60 seconds left.\n|inactive|TophBoom has 60 seconds left.\n|\n|t:|1776721236\n|teamsize|p1|4\n|teamsize|p2|4\n|start\n|switch|p1a: Whimsicott|Whimsicott, L50, M|100/100\n|switch|p1b: Mamoswine|Mamoswine, L50, M|100/100\n|switch|p2a: Aerodactyl|Aerodactyl, L50, F|100/100\n|switch|p2b: Palafin|Palafin, L50, M, shiny|100/100\n|-ability|p2a: Aerodactyl|Unnerve\n|turn|1\n|\n|t:|1776721251\n|move|p1a: Whimsicott|Tailwind|p1a: Whimsicott\n|-sidestart|p1: Ran613|move: Tailwind\n|move|p1b: Mamoswine|Icicle Spear|p2a: Aerodactyl\n|-supereffective|p2a: Aerodactyl|1\n|-damage|p2a: Aerodactyl|55/100\n|-supereffective|p2a: Aerodactyl|1\n|-damage|p2a: Aerodactyl|11/100\n|-supereffective|p2a: Aerodactyl|1\n|-damage|p2a: Aerodactyl|0 fnt\n|faint|p2a: Aerodactyl\n|-hitcount|p2: Aerodactyl|3\n|move|p2b: Palafin|Flip Turn|p1b: Mamoswine\n|-supereffective|p1b: Mamoswine|1\n|-damage|p1b: Mamoswine|44/100\n|\n|t:|1776721274\n|detailschange|p2b: Palafin|Palafin-Hero, L50, M, shiny\n|switch|p2b: Floette|Floette-Eternal, L50, F|100/100|[from] Flip Turn\n|\n|upkeep\n|\n|t:|1776721275\n|switch|p2a: Palafin|Palafin-Hero, L50, M, shiny|100/100\n|-activate|p2a: Palafin|ability: Zero to Hero\n|turn|2\n|inactive|Ran613 has 30 seconds left.\n|\n|t:|1776721303\n|detailschange|p2b: Floette|Floette-Mega, L50, F\n|-mega|p2b: Floette|Floette|Floettite\n|-ability|p2b: Floette|Fairy Aura\n|move|p1b: Mamoswine|Protect|p1b: Mamoswine\n|-singleturn|p1b: Mamoswine|Protect\n|move|p2a: Palafin|Jet Punch|p1b: Mamoswine\n|-activate|p1b: Mamoswine|move: Protect\n|move|p1a: Whimsicott|Moonblast|p2a: Palafin\n|-damage|p2a: Palafin|52/100\n|move|p2b: Floette|Dazzling Gleam|p1b: Mamoswine|[spread] p1a\n|-activate|p1b: Mamoswine|move: Protect\n|-damage|p1a: Whimsicott|14/100\n|\n|upkeep\n|turn|3\n|inactive|TophBoom has 30 seconds left.\n|inactive|TophBoom has 20 seconds left.\n|inactive|TophBoom has 15 seconds left.\n|inactive|Ran613 has 30 seconds left.\n|\n|t:|1776721356\n|move|p1a: Whimsicott|Sunny Day|p1a: Whimsicott\n|-weather|SunnyDay\n|move|p1b: Mamoswine|Ice Shard|p2a: Palafin\n|-resisted|p2a: Palafin|1\n|-damage|p2a: Palafin|41/100\n|move|p2a: Palafin|Jet Punch|p1b: Mamoswine\n|-supereffective|p1b: Mamoswine|1\n|-damage|p1b: Mamoswine|0 fnt\n|faint|p1b: Mamoswine\n|move|p2b: Floette|Moonblast|p1a: Whimsicott\n|-damage|p1a: Whimsicott|0 fnt\n|faint|p1a: Whimsicott\n|\n|-weather|SunnyDay|[upkeep]\n|upkeep\n|\n|t:|1776721360\n|switch|p1a: Kingambit|Kingambit, L50, M|100/100\n|switch|p1b: Charizard|Charizard, L50, M|100/100\n|turn|4\n|\n|t:|1776721383\n|detailschange|p1b: Charizard|Charizard-Mega-X, L50, M\n|-mega|p1b: Charizard|Charizard|Charizardite X\n|move|p1b: Charizard|Flare Blitz|p2b: Floette\n|-damage|p2b: Floette|0 fnt\n|faint|p2b: Floette\n|-damage|p1b: Charizard|68/100|[from] Recoil\n|move|p1a: Kingambit|Swords Dance|p1a: Kingambit\n|-boost|p1a: Kingambit|atk|2\n|move|p2a: Palafin|Close Combat|p1a: Kingambit\n|-supereffective|p1a: Kingambit|2\n|-damage|p1a: Kingambit|0 fnt\n|-unboost|p2a: Palafin|def|1\n|-unboost|p2a: Palafin|spd|1\n|faint|p1a: Kingambit\n|\n|-weather|SunnyDay|[upkeep]\n|-sideend|p1: Ran613|move: Tailwind\n|upkeep\n|\n|t:|1776721393\n|switch|p2b: Incineroar|Incineroar, L50, M|100/100\n|-ability|p2b: Incineroar|Intimidate|boost\n|-unboost|p1b: Charizard|atk|1\n|turn|5\n|\n|t:|1776721400\n|move|p1b: Charizard|Protect|p1b: Charizard\n|-singleturn|p1b: Charizard|Protect\n|move|p2b: Incineroar|Fake Out|p1b: Charizard\n|-activate|p1b: Charizard|move: Protect\n|move|p2a: Palafin|Wave Crash|p1b: Charizard\n|-activate|p1b: Charizard|move: Protect\n|\n|-weather|SunnyDay|[upkeep]\n|upkeep\n|turn|6\n|\n|t:|1776721407\n|move|p1b: Charizard|Dragon Claw|p2a: Palafin\n|-damage|p2a: Palafin|0 fnt\n|faint|p2a: Palafin\n|move|p2b: Incineroar|Throat Chop|p1b: Charizard\n|-damage|p1b: Charizard|42/100\n|-start|p1b: Charizard|Throat Chop|[silent]\n|\n|-weather|SunnyDay|[upkeep]\n|upkeep\n|turn|7\n|\n|t:|1776721414\n|move|p1b: Charizard|Dragon Claw|p2b: Incineroar\n|-damage|p2b: Incineroar|72/100\n|move|p2b: Incineroar|Throat Chop|p1b: Charizard\n|-damage|p1b: Charizard|13/100\n|\n|-weather|none\n|-end|p1b: Charizard|Throat Chop|[silent]\n|upkeep\n|turn|8\n|\n|t:|1776721418\n|move|p1b: Charizard|Dragon Claw|p2b: Incineroar\n|-damage|p2b: Incineroar|45/100\n|move|p2b: Incineroar|Throat Chop|p1b: Charizard\n|-damage|p1b: Charizard|0 fnt\n|faint|p1b: Charizard\n|\n|win|TophBoom\n|raw|Ran613's rating: 1371 &rarr; <strong>1347</strong><br />(-24 for losing)\n|raw|TophBoom's rating: 1309 &rarr; <strong>1333</strong><br />(+24 for winning)\n",
  "uploadtime": 1776721421,
  "views": 8,
  "formatid": "gen9championsvgc2026regma",
  "rating": 1333,
  "private": 0,
  "password": null
}