{
  "id": "gen9championsvgc2026regma-2581790984",
  "format": "[Gen 9 Champions] VGC 2026 Reg M-A",
  "players": [
    "Poke_Jorge76",
    "food14"
  ],
  "log": "|j|\u2606Poke_Jorge76\n|j|\u2606food14\n|t:|1776028676\n|gametype|doubles\n|player|p1|Poke_Jorge76|hilbert|1040\n|player|p2|food14|preschooler|1067\n|gen|9\n|tier|[Gen 9 Champions] VGC 2026 Reg M-A\n|rated|\n|rule|Species Clause: Limit one of each Pok\u00e9mon\n|rule|Item Clause: Limit 1 of each item\n|clearpoke\n|poke|p1|Charizard, L50, F|\n|poke|p1|Whimsicott, L50, M|\n|poke|p1|Farigiraf, L50, F|\n|poke|p1|Garchomp, L50, F|\n|poke|p1|Sneasler, L50, M|\n|poke|p1|Rotom-Wash, L50|\n|poke|p2|Steelix, L50, F|\n|poke|p2|Farigiraf, L50, M|\n|poke|p2|Drampa, L50, M|\n|poke|p2|Incineroar, L50, F|\n|poke|p2|Ditto, L50|\n|poke|p2|Basculegion, L50, M|\n|teampreview|4\n|inactive|Battle timer is ON: inactive players will automatically lose when time's up. (requested by Poke_Jorge76)\n|inactive|Poke_Jorge76 has 60 seconds left.\n|inactive|Poke_Jorge76 has 30 seconds left.\n|inactive|Poke_Jorge76 has 20 seconds left.\n|inactive|Poke_Jorge76 has 15 seconds left.\n|inactive|Poke_Jorge76 has 10 seconds left.\n|\n|t:|1776028758\n|teamsize|p1|4\n|teamsize|p2|4\n|start\n|switch|p1a: Charizard|Charizard, L50, F|100/100\n|switch|p1b: Whimsicott|Whimsicott, L50, M|100/100\n|switch|p2a: Steelix|Steelix, L50, F|100/100\n|switch|p2b: Farigiraf|Farigiraf, L50, M|100/100\n|turn|1\n|\n|t:|1776028775\n|detailschange|p1a: Charizard|Charizard-Mega-Y, L50, F\n|-mega|p1a: Charizard|Charizard|Charizardite Y\n|-weather|SunnyDay|[from] ability: Drought|[of] p1a: Charizard\n|move|p2a: Steelix|Protect|p2a: Steelix\n|-singleturn|p2a: Steelix|Protect\n|move|p1b: Whimsicott|Tailwind|p1b: Whimsicott\n|-sidestart|p1: Poke_Jorge76|move: Tailwind\n|move|p1a: Charizard|Heat Wave|p2a: Steelix|[spread] p2b\n|-activate|p2a: Steelix|move: Protect\n|-damage|p2b: Farigiraf|37/100\n|move|p2b: Farigiraf|Trick Room|p2b: Farigiraf\n|-fieldstart|move: Trick Room|[of] p2b: Farigiraf\n|\n|-weather|SunnyDay|[upkeep]\n|upkeep\n|turn|2\n|\n|t:|1776028791\n|detailschange|p2a: Steelix|Steelix-Mega, L50, F\n|-mega|p2a: Steelix|Steelix|Steelixite\n|move|p1a: Charizard|Protect|p1a: Charizard\n|-singleturn|p1a: Charizard|Protect\n|move|p1b: Whimsicott|Encore||[still]\n|cant|p2b: Farigiraf|ability: Armor Tail|Encore|[of] p1b: Whimsicott\n|move|p2a: Steelix|Rock Slide|p1a: Charizard|[spread] p1b\n|-activate|p1a: Charizard|move: Protect\n|-damage|p1b: Whimsicott|71/100\n|move|p2b: Farigiraf|Psychic|p1b: Whimsicott\n|-damage|p1b: Whimsicott|17/100\n|\n|-weather|SunnyDay|[upkeep]\n|upkeep\n|turn|3\n|\n|t:|1776028808\n|move|p2a: Steelix|Rock Slide|p1b: Whimsicott|[spread] p1a,p1b\n|-supereffective|p1a: Charizard|2\n|-damage|p1a: Charizard|0 fnt\n|-damage|p1b: Whimsicott|0 fnt\n|faint|p1a: Charizard\n|faint|p1b: Whimsicott\n|move|p2b: Farigiraf|Hyper Voice|p1: Charizard|[notarget]\n|-fail|p2b: Farigiraf\n|\n|-weather|SunnyDay|[upkeep]\n|upkeep\n|\n|t:|1776028813\n|switch|p1a: Garchomp|Garchomp, L50, F|100/100\n|switch|p1b: Sneasler|Sneasler, L50, M|100/100\n|turn|4\n|\n|t:|1776028825\n|move|p2a: Steelix|High Horsepower|p1b: Sneasler\n|-supereffective|p1b: Sneasler|1\n|-damage|p1b: Sneasler|0 fnt\n|faint|p1b: Sneasler\n|move|p2b: Farigiraf|Psychic|p1a: Garchomp\n|-damage|p1a: Garchomp|64/100\n|move|p1a: Garchomp|Dragon Claw|p2b: Farigiraf\n|-damage|p2b: Farigiraf|6/100\n|\n|-weather|SunnyDay|[upkeep]\n|-sideend|p1: Poke_Jorge76|move: Tailwind\n|upkeep\n|turn|5\n|\n|t:|1776028839\n|move|p2a: Steelix|High Horsepower|p1a: Garchomp\n|-damage|p1a: Garchomp|15/100\n|-damage|p2a: Steelix|88/100|[from] ability: Rough Skin|[of] p1a: Garchomp\n|move|p2b: Farigiraf|Psychic|p1a: Garchomp\n|-damage|p1a: Garchomp|0 fnt\n|faint|p1a: Garchomp\n|\n|win|food14\n|raw|Poke_Jorge76's rating: 1040 &rarr; <strong>1025</strong><br />(-15 for losing)\n|raw|food14's rating: 1067 &rarr; <strong>1095</strong><br />(+28 for winning)\n|l|\u2606Poke_Jorge76\n|player|p1|\n",
  "uploadtime": 1776029505,
  "views": 13,
  "formatid": "gen9championsvgc2026regma",
  "rating": 1025,
  "private": 0,
  "password": null
}