{
  "id": "gen9championsvgc2026regma-2586891881",
  "format": "[Gen 9 Champions] VGC 2026 Reg M-A",
  "players": [
    "SakikoPlushie",
    "Spare Me Goofy"
  ],
  "log": "|j|\u2606SakikoPlushie\n|j|\u2606Spare Me Goofy\n|t:|1776469123\n|gametype|doubles\n|player|p1|SakikoPlushie|miku-ghost|1047\n|player|p2|Spare Me Goofy|gambler|1094\n|gen|9\n|tier|[Gen 9 Champions] VGC 2026 Reg M-A\n|rated|\n|rule|Species Clause: Limit one of each Pok\u00e9mon\n|rule|Item Clause: Limit 1 of each item\n|clearpoke\n|poke|p1|Basculegion, L50, M|\n|poke|p1|Dragonite, L50, F|\n|poke|p1|Garchomp, L50, F|\n|poke|p1|Whimsicott, L50, F|\n|poke|p1|Pelipper, L50, F|\n|poke|p1|Incineroar, L50, F|\n|poke|p2|Pelipper, L50, M|\n|poke|p2|Blastoise, L50, M|\n|poke|p2|Sinistcha, L50|\n|poke|p2|Sneasler, L50, M|\n|poke|p2|Farigiraf, L50, F|\n|poke|p2|Goodra-Hisui, L50, F|\n|teampreview|4\n|inactive|Battle timer is ON: inactive players will automatically lose when time's up. (requested by Spare Me Goofy)\n|\n|t:|1776469143\n|teamsize|p1|4\n|teamsize|p2|4\n|start\n|switch|p1a: SpecialWeek|Dragonite, L50, F|100/100\n|switch|p1b: Juvia|Pelipper, L50, F|100/100\n|switch|p2a: Benito|Sinistcha, L50|100/100\n|switch|p2b: Sherman|Blastoise, L50, M|100/100\n|-weather|RainDance|[from] ability: Drizzle|[of] p1b: Juvia\n|turn|1\n|\n|t:|1776469162\n|detailschange|p1a: SpecialWeek|Dragonite-Mega, L50, F\n|-mega|p1a: SpecialWeek|Dragonite|Dragoninite\n|detailschange|p2b: Sherman|Blastoise-Mega, L50, M\n|-mega|p2b: Sherman|Blastoise|Blastoisinite\n|move|p1a: SpecialWeek|Hurricane|p2a: Benito\n|-supereffective|p2a: Benito|1\n|-damage|p2a: Benito|0 fnt\n|faint|p2a: Benito\n|move|p1b: Juvia|Tailwind|p1b: Juvia\n|-sidestart|p1: SakikoPlushie|move: Tailwind\n|move|p2b: Sherman|Shell Smash|p2b: Sherman\n|-unboost|p2b: Sherman|def|1\n|-unboost|p2b: Sherman|spd|1\n|-boost|p2b: Sherman|atk|2\n|-boost|p2b: Sherman|spa|2\n|-boost|p2b: Sherman|spe|2\n|\n|-weather|RainDance|[upkeep]\n|upkeep\n|\n|t:|1776469176\n|switch|p2a: Goodra|Goodra-Hisui, L50, F|100/100\n|turn|2\n|\n|t:|1776469185\n|move|p2b: Sherman|Protect|p2b: Sherman\n|-singleturn|p2b: Sherman|Protect\n|move|p1a: SpecialWeek|Hurricane|p2b: Sherman\n|-activate|p2b: Sherman|move: Protect\n|move|p1b: Juvia|Hurricane|p2b: Sherman\n|-activate|p2b: Sherman|move: Protect\n|move|p2a: Goodra|Draco Meteor|p1a: SpecialWeek\n|-supereffective|p1a: SpecialWeek|1\n|-damage|p1a: SpecialWeek|58/100\n|-unboost|p2a: Goodra|spa|2\n|\n|-weather|RainDance|[upkeep]\n|upkeep\n|turn|3\n|\n|t:|1776469206\n|switch|p1b: Opera O|Garchomp, L50, F|100/100\n|move|p1a: SpecialWeek|Hurricane|p2b: Sherman\n|-damage|p2b: Sherman|20/100\n|move|p2b: Sherman|Ice Beam|p1a: SpecialWeek\n|-supereffective|p1a: SpecialWeek|2\n|-damage|p1a: SpecialWeek|0 fnt\n|faint|p1a: SpecialWeek\n|move|p2a: Goodra|Thunder Punch|p1b: Opera O\n|-immune|p1b: Opera O\n|\n|-weather|RainDance|[upkeep]\n|upkeep\n|\n|t:|1776469217\n|switch|p1a: RiceShower|Basculegion, L50, M|100/100\n|turn|4\n|\n|t:|1776469226\n|move|p2b: Sherman|Protect|p2b: Sherman\n|-singleturn|p2b: Sherman|Protect\n|move|p1b: Opera O|Stomping Tantrum|p2a: Goodra\n|-supereffective|p2a: Goodra|1\n|-damage|p2a: Goodra|22/100\n|move|p1a: RiceShower|Last Respects|p2a: Goodra\n|-damage|p2a: Goodra|0 fnt\n|faint|p2a: Goodra\n|\n|-weather|RainDance|[upkeep]\n|-sideend|p1: SakikoPlushie|move: Tailwind\n|upkeep\n|\n|t:|1776469236\n|switch|p2a: MINE|Pelipper, L50, M|100/100\n|turn|5\n|-message|Spare Me Goofy forfeited.\n|\n|win|SakikoPlushie\n|raw|SakikoPlushie's rating: 1047 &rarr; <strong>1084</strong><br />(+37 for winning)\n|raw|Spare Me Goofy's rating: 1094 &rarr; <strong>1067</strong><br />(-27 for losing)\n|l|\u2606Spare Me Goofy\n|player|p2|\n",
  "uploadtime": 1776469126,
  "views": 22,
  "formatid": "gen9championsvgc2026regma",
  "rating": 1067,
  "private": 0,
  "password": null
}