{
  "id": "gen9championsvgc2026regma-2586647262",
  "format": "[Gen 9 Champions] VGC 2026 Reg M-A",
  "players": [
    "antarcticbeluga",
    "saltgon"
  ],
  "log": "|j|\u2606antarcticbeluga\n|j|\u2606saltgon\n|t:|1776449221\n|gametype|doubles\n|player|p1|antarcticbeluga|102|1252\n|player|p2|saltgon|scientist-gen4|1331\n|gen|9\n|tier|[Gen 9 Champions] VGC 2026 Reg M-A\n|rated|\n|rule|Species Clause: Limit one of each Pok\u00e9mon\n|rule|Item Clause: Limit 1 of each item\n|clearpoke\n|poke|p1|Sneasler, L50, M|\n|poke|p1|Tyranitar, L50, M|\n|poke|p1|Rotom-Wash, L50|\n|poke|p1|Excadrill, L50, F|\n|poke|p1|Dragapult, L50, F|\n|poke|p1|Meganium, L50, M|\n|poke|p2|Lycanroc-Dusk, L50, F|\n|poke|p2|Basculegion, L50, M|\n|poke|p2|Archaludon, L50, M|\n|poke|p2|Pelipper, L50, M|\n|poke|p2|Manectric, L50, F|\n|poke|p2|Meganium, L50, F|\n|teampreview|4\n|inactive|Battle timer is ON: inactive players will automatically lose when time's up. (requested by antarcticbeluga)\n|\n|t:|1776449277\n|teamsize|p1|4\n|teamsize|p2|4\n|start\n|switch|p1a: Dragapult|Dragapult, L50, F|100/100\n|switch|p1b: Sneasler|Sneasler, L50, M|100/100\n|switch|p2a: shinybluedeadfish|Basculegion, L50, M, shiny|100/100\n|switch|p2b: Cage of the Sun|Meganium, L50, F|100/100\n|turn|1\n|\n|t:|1776449291\n|switch|p2b: Agua de a a|Pelipper, L50, M|100/100\n|-weather|RainDance|[from] ability: Drizzle|[of] p2b: Agua de a a\n|move|p1b: Sneasler|Fake Out|p2b: Agua de a a\n|-damage|p2b: Agua de a a|84/100\n|move|p2a: shinybluedeadfish|Wave Crash|p1b: Sneasler\n|-damage|p1b: Sneasler|0 fnt\n|faint|p1b: Sneasler\n|-damage|p2a: shinybluedeadfish|74/100|[from] Recoil\n|move|p1a: Dragapult|Will-O-Wisp|p2a: shinybluedeadfish|[miss]\n|-miss|p1a: Dragapult|p2a: shinybluedeadfish\n|\n|-weather|RainDance|[upkeep]\n|upkeep\n|\n|t:|1776449306\n|switch|p1b: Rotom|Rotom-Wash, L50|100/100\n|turn|2\n|\n|t:|1776449323\n|switch|p2b: RIP AV BRIDGE|Archaludon, L50, M|100/100\n|move|p2a: shinybluedeadfish|Wave Crash|p1a: Dragapult\n|-resisted|p1a: Dragapult|1\n|-damage|p1a: Dragapult|25/100\n|-damage|p2a: shinybluedeadfish|53/100|[from] Recoil\n|move|p1a: Dragapult|Will-O-Wisp|p2a: shinybluedeadfish\n|-status|p2a: shinybluedeadfish|brn\n|move|p1b: Rotom|Thunderbolt|p2b: RIP AV BRIDGE\n|-resisted|p2b: RIP AV BRIDGE|1\n|-damage|p2b: RIP AV BRIDGE|87/100\n|-ability|p2b: RIP AV BRIDGE|Stamina|boost\n|-boost|p2b: RIP AV BRIDGE|def|1\n|\n|-weather|RainDance|[upkeep]\n|-heal|p2b: RIP AV BRIDGE|93/100|[from] item: Leftovers\n|-damage|p2a: shinybluedeadfish|47/100 brn|[from] brn\n|upkeep\n|turn|3\n|\n|t:|1776449346\n|switch|p2a: Cage of the Sun|Meganium, L50, F|100/100\n|move|p1a: Dragapult|Protect|p1a: Dragapult\n|-singleturn|p1a: Dragapult|Protect\n|move|p1b: Rotom|Volt Switch|p2a: Cage of the Sun\n|-resisted|p2a: Cage of the Sun|1\n|-damage|p2a: Cage of the Sun|89/100\n|\n|t:|1776449354\n|switch|p1b: Meganium|Meganium, L50, M|100/100|[from] Volt Switch\n|move|p2b: RIP AV BRIDGE|Breaking Swipe|p1b: Meganium|[spread] p1b\n|-activate|p1a: Dragapult|move: Protect\n|-damage|p1b: Meganium|86/100\n|-unboost|p1b: Meganium|atk|1\n|\n|-weather|RainDance|[upkeep]\n|-heal|p2b: RIP AV BRIDGE|99/100|[from] item: Leftovers\n|upkeep\n|turn|4\n|\n|t:|1776449369\n|detailschange|p1b: Meganium|Meganium-Mega, L50, M\n|-mega|p1b: Meganium|Meganium|Meganiumite\n|detailschange|p2a: Cage of the Sun|Meganium-Mega, L50, F\n|-mega|p2a: Cage of the Sun|Meganium|Meganiumite\n|move|p1a: Dragapult|Protect||[still]\n|-fail|p1a: Dragapult\n|move|p2a: Cage of the Sun|Weather Ball|p1b: Meganium\n|-supereffective|p1b: Meganium|1\n|-damage|p1b: Meganium|0 fnt\n|faint|p1b: Meganium\n|move|p2b: RIP AV BRIDGE|Flash Cannon|p1a: Dragapult\n|-damage|p1a: Dragapult|0 fnt\n|faint|p1a: Dragapult\n|\n|-weather|RainDance|[upkeep]\n|-heal|p2b: RIP AV BRIDGE|100/100|[from] item: Leftovers\n|upkeep\n|\n|t:|1776449384\n|switch|p1b: Rotom|Rotom-Wash, L50|100/100\n|turn|5\n|inactive|saltgon has 30 seconds left.\n|\n|t:|1776449410\n|move|p1b: Rotom|Volt Switch|p2a: Cage of the Sun\n|-resisted|p2a: Cage of the Sun|1\n|-damage|p2a: Cage of the Sun|79/100\n|move|p2a: Cage of the Sun|Solar Beam||[still]\n|-prepare|p2a: Cage of the Sun|Solar Beam\n|-activate|p2a: Cage of the Sun|ability: Mega Sol\n|-anim|p2a: Cage of the Sun|Solar Beam|p1b: Rotom\n|-supereffective|p1b: Rotom|1\n|-damage|p1b: Rotom|0 fnt\n|faint|p1b: Rotom\n|\n|win|saltgon\n|raw|antarcticbeluga's rating: 1252 &rarr; <strong>1233</strong><br />(-19 for losing)\n|raw|saltgon's rating: 1331 &rarr; <strong>1347</strong><br />(+16 for winning)\n",
  "uploadtime": 1776449414,
  "views": 41,
  "formatid": "gen9championsvgc2026regma",
  "rating": 1233,
  "private": 0,
  "password": null
}