{
  "id": "gen9championsvgc2026regma-2582880788",
  "format": "[Gen 9 Champions] VGC 2026 Reg M-A",
  "players": [
    "corek",
    "Nachofrize"
  ],
  "log": "|j|\u2606corek\n|j|\u2606Nachofrize\n|t:|1776121602\n|gametype|doubles\n|player|p1|corek|lucas|1093\n|player|p2|Nachofrize|cynthia|1023\n|gen|9\n|tier|[Gen 9 Champions] VGC 2026 Reg M-A\n|rated|\n|rule|Species Clause: Limit one of each Pok\u00e9mon\n|rule|Item Clause: Limit 1 of each item\n|clearpoke\n|poke|p1|Armarouge, L50, M|\n|poke|p1|Scizor, L50, M|\n|poke|p1|Lucario, L50, F|\n|poke|p1|Meowscarada, L50, F|\n|poke|p1|Infernape, L50, M|\n|poke|p1|Alakazam, L50, M|\n|poke|p2|Sableye, L50, M|\n|poke|p2|Aggron, L50, M|\n|poke|p2|Toxapex, L50, M|\n|poke|p2|Clefable, L50, M|\n|poke|p2|Meowscarada, L50, F|\n|poke|p2|Alakazam, L50, M|\n|teampreview|4\n|inactive|Battle timer is ON: inactive players will automatically lose when time's up. (requested by corek)\n|\n|t:|1776121635\n|teamsize|p1|4\n|teamsize|p2|4\n|start\n|switch|p1a: Meowscarada|Meowscarada, L50, F|100/100\n|switch|p1b: Alakazam|Alakazam, L50, M|100/100\n|switch|p2a: Sableye|Sableye, L50, M|100/100\n|switch|p2b: Aggron|Aggron, L50, M, shiny|100/100\n|turn|1\n|inactive|corek has 30 seconds left.\n|\n|t:|1776121668\n|detailschange|p2b: Aggron|Aggron-Mega, L50, M, shiny\n|-mega|p2b: Aggron|Aggron|Aggronite\n|move|p2a: Sableye|Fake Out|p1b: Alakazam\n|-damage|p1b: Alakazam|84/100\n|move|p1a: Meowscarada|Knock Off|p2a: Sableye\n|-start|p1a: Meowscarada|typechange|Dark|[from] ability: Protean\n|-damage|p2a: Sableye|54/100\n|-enditem|p2a: Sableye|Focus Sash|[from] move: Knock Off|[of] p1a: Meowscarada\n|move|p1b: Alakazam|Skill Swap|p1a: Meowscarada\n|-activate|p1b: Alakazam|Skill Swap|||[of] p1a: Meowscarada\n|move|p2b: Aggron|Iron Defense|p2b: Aggron\n|-boost|p2b: Aggron|def|2\n|\n|upkeep\n|turn|2\n|inactive|corek has 30 seconds left.\n|inactive|Nachofrize has 30 seconds left.\n|inactive|Nachofrize has 20 seconds left.\n|inactive|corek has 20 seconds left.\n|inactive|Nachofrize has 15 seconds left.\n|inactive|Nachofrize has 10 seconds left.\n|\n|t:|1776121714\n|move|p2a: Sableye|Light Screen|p2a: Sableye\n|-sidestart|p2: Nachofrize|move: Light Screen\n|move|p1a: Meowscarada|Knock Off|p2a: Sableye\n|-damage|p2a: Sableye|23/100\n|move|p1b: Alakazam|Shadow Ball|p2b: Aggron\n|-start|p1b: Alakazam|typechange|Ghost|[from] ability: Protean\n|-damage|p2b: Aggron|78/100\n|move|p2b: Aggron|Body Press|p1a: Meowscarada\n|-supereffective|p1a: Meowscarada|1\n|-enditem|p1a: Meowscarada|Chople Berry|[eat]\n|-enditem|p1a: Meowscarada|Chople Berry|[weaken]\n|-damage|p1a: Meowscarada|0 fnt\n|faint|p1a: Meowscarada\n|\n|upkeep\n|\n|t:|1776121728\n|switch|p1a: Armarouge|Armarouge, L50, M|100/100\n|turn|3\n|inactive|Nachofrize has 30 seconds left.\n|\n|t:|1776121753\n|move|p2b: Aggron|Protect|p2b: Aggron\n|-singleturn|p2b: Aggron|Protect\n|move|p1a: Armarouge|Armor Cannon|p2b: Aggron\n|-activate|p2b: Aggron|move: Protect\n|move|p1b: Alakazam|Skill Swap|p1a: Armarouge\n|-activate|p1b: Alakazam|Skill Swap|||[of] p1a: Armarouge\n|move|p2a: Sableye|Foul Play|p1b: Alakazam\n|-supereffective|p1b: Alakazam|1\n|-damage|p1b: Alakazam|0 fnt\n|faint|p1b: Alakazam\n|\n|upkeep\n|\n|t:|1776121764\n|switch|p1b: Scizor|Scizor, L50, M|100/100\n|turn|4\n|\n|t:|1776121786\n|detailschange|p1b: Scizor|Scizor-Mega, L50, M\n|-mega|p1b: Scizor|Scizor|Scizorite\n|move|p1b: Scizor|Bullet Punch|p2a: Sableye\n|-damage|p2a: Sableye|0 fnt\n|faint|p2a: Sableye\n|move|p1a: Armarouge|Armor Cannon|p2b: Aggron\n|-start|p1a: Armarouge|typechange|Fire|[from] ability: Protean\n|-supereffective|p2b: Aggron|1\n|-damage|p2b: Aggron|26/100\n|-unboost|p1a: Armarouge|def|1\n|-unboost|p1a: Armarouge|spd|1\n|move|p2b: Aggron|Body Press|p1a: Armarouge\n|-damage|p1a: Armarouge|0 fnt\n|faint|p1a: Armarouge\n|\n|upkeep\n|\n|t:|1776121804\n|switch|p2a: Clefable|Clefable, L50, M|100/100\n|turn|5\n|\n|t:|1776121809\n|move|p2b: Aggron|Protect|p2b: Aggron\n|-singleturn|p2b: Aggron|Protect\n|move|p1b: Scizor|Bullet Punch|p2a: Clefable\n|-supereffective|p2a: Clefable|1\n|-damage|p2a: Clefable|37/100\n|-enditem|p2a: Clefable|Sitrus Berry|[eat]\n|-heal|p2a: Clefable|62/100|[from] item: Sitrus Berry\n|move|p2a: Clefable|Life Dew|p2a: Clefable|[spread] p2a,p2b\n|-heal|p2a: Clefable|87/100\n|-heal|p2b: Aggron|51/100\n|\n|upkeep\n|turn|6\n|\n|t:|1776121826\n|move|p2a: Clefable|Follow Me|p2a: Clefable\n|-singleturn|p2a: Clefable|move: Follow Me\n|move|p1b: Scizor|Bullet Punch|p2a: Clefable\n|-supereffective|p2a: Clefable|1\n|-damage|p2a: Clefable|21/100\n|move|p2b: Aggron|Body Press|p1b: Scizor\n|-damage|p1b: Scizor|46/100\n|\n|-sideend|p2: Nachofrize|move: Light Screen\n|upkeep\n|turn|7\n|\n|t:|1776121837\n|move|p2a: Clefable|Protect|p2a: Clefable\n|-singleturn|p2a: Clefable|Protect\n|move|p1b: Scizor|Bullet Punch|p2a: Clefable\n|-activate|p2a: Clefable|move: Protect\n|move|p2b: Aggron|Body Press|p1b: Scizor\n|-damage|p1b: Scizor|0 fnt\n|faint|p1b: Scizor\n|\n|win|Nachofrize\n|raw|corek's rating: 1093 &rarr; <strong>1064</strong><br />(-29 for losing)\n|raw|Nachofrize's rating: 1023 &rarr; <strong>1067</strong><br />(+44 for winning)\n|l|\u2606corek\n|player|p1|\n",
  "uploadtime": 1776121848,
  "views": 12,
  "formatid": "gen9championsvgc2026regma",
  "rating": 1064,
  "private": 0,
  "password": null
}