{
  "id": "gen9championsvgc2026regma-2583888327",
  "format": "[Gen 9 Champions] VGC 2026 Reg M-A",
  "players": [
    "CallMeLexi",
    "wzzlr"
  ],
  "log": "|j|\u2606CallMeLexi\n|j|\u2606wzzlr\n|t:|1776205668\n|gametype|doubles\n|player|p1|CallMeLexi|rosa|1337\n|player|p2|wzzlr|rancher|1362\n|gen|9\n|tier|[Gen 9 Champions] VGC 2026 Reg M-A\n|rated|\n|rule|Species Clause: Limit one of each Pok\u00e9mon\n|rule|Item Clause: Limit 1 of each item\n|clearpoke\n|poke|p1|Maushold, L50|\n|poke|p1|Hatterene, L50, F|\n|poke|p1|Floette-Eternal, L50, F|\n|poke|p1|Farigiraf, L50, F|\n|poke|p1|Crabominable, L50, F|\n|poke|p1|Incineroar, L50, M|\n|poke|p2|Sneasler, L50, M|\n|poke|p2|Pelipper, L50, F|\n|poke|p2|Basculegion, L50, M|\n|poke|p2|Farigiraf, L50, F|\n|poke|p2|Archaludon, L50, M|\n|poke|p2|Meganium, L50, F|\n|teampreview|4\n|inactive|Battle timer is ON: inactive players will automatically lose when time's up. (requested by wzzlr)\n|inactive|CallMeLexi also wants the timer to be on.\n|inactive|CallMeLexi has 60 seconds left.\n|inactive|wzzlr has 60 seconds left.\n|\n|t:|1776205707\n|teamsize|p1|4\n|teamsize|p2|4\n|start\n|switch|p1a: Maushold|Maushold, L50|100/100\n|switch|p1b: Farigiraf|Farigiraf, L50, F|100/100\n|switch|p2a: Farigiraf|Farigiraf, L50, F, shiny|100/100\n|switch|p2b: Basculegion|Basculegion, L50, M|100/100\n|turn|1\n|inactive|wzzlr has 30 seconds left.\n|\n|t:|1776205739\n|move|p2a: Farigiraf|Helping Hand|p2b: Basculegion\n|-singleturn|p2b: Basculegion|Helping Hand|[of] p2a: Farigiraf\n|move|p2b: Basculegion|Wave Crash|p1a: Maushold\n|-damage|p1a: Maushold|0 fnt\n|faint|p1a: Maushold\n|-damage|p2b: Basculegion|75/100|[from] Recoil\n|move|p1b: Farigiraf|Trick Room|p1b: Farigiraf\n|-fieldstart|move: Trick Room|[of] p1b: Farigiraf\n|\n|upkeep\n|inactive|CallMeLexi has 30 seconds left.\n|\n|t:|1776205768\n|switch|p1a: Floette|Floette-Eternal, L50, F|100/100\n|turn|2\n|\n|t:|1776205781\n|detailschange|p1a: Floette|Floette-Mega, L50, F\n|-mega|p1a: Floette|Floette|Floettite\n|-ability|p1a: Floette|Fairy Aura\n|move|p2a: Farigiraf|Helping Hand|p2b: Basculegion\n|-singleturn|p2b: Basculegion|Helping Hand|[of] p2a: Farigiraf\n|move|p1b: Farigiraf|Twin Beam|p2b: Basculegion\n|-damage|p2b: Basculegion|59/100\n|-damage|p2b: Basculegion|43/100\n|-hitcount|p2b: Basculegion|2\n|move|p1a: Floette|Moonblast|p2a: Farigiraf\n|-damage|p2a: Farigiraf|29/100\n|-enditem|p2a: Farigiraf|Sitrus Berry|[eat]\n|-heal|p2a: Farigiraf|53/100|[from] item: Sitrus Berry\n|move|p2b: Basculegion|Wave Crash|p1a: Floette\n|-damage|p1a: Floette|0 fnt\n|faint|p1a: Floette\n|-damage|p2b: Basculegion|18/100|[from] Recoil\n|\n|upkeep\n|\n|t:|1776205786\n|switch|p1a: Hatterene|Hatterene, L50, F|100/100\n|turn|3\n|j| Choklit Milk\n|l| Choklit Milk\n|\n|t:|1776205797\n|switch|p2b: Pelipper|Pelipper, L50, F, shiny|100/100\n|-weather|RainDance|[from] ability: Drizzle|[of] p2b: Pelipper\n|move|p1a: Hatterene|Dazzling Gleam|p2a: Farigiraf|[spread] p2a,p2b\n|-damage|p2a: Farigiraf|18/100\n|-damage|p2b: Pelipper|24/100\n|move|p1b: Farigiraf|Hyper Voice|p2b: Pelipper|[spread] p2a,p2b\n|-damage|p2a: Farigiraf|0 fnt\n|-damage|p2b: Pelipper|0 fnt\n|faint|p2a: Farigiraf\n|faint|p2b: Pelipper\n|\n|-weather|RainDance|[upkeep]\n|upkeep\n|\n|t:|1776205803\n|switch|p2a: Basculegion|Basculegion, L50, M|18/100\n|switch|p2b: Meganium|Meganium, L50, F, shiny|100/100\n|turn|4\n|\n|t:|1776205825\n|detailschange|p2b: Meganium|Meganium-Mega, L50, F, shiny\n|-mega|p2b: Meganium|Meganium|Meganiumite\n|move|p1a: Hatterene|Dazzling Gleam|p2a: Basculegion|[spread] p2a,p2b\n|-damage|p2a: Basculegion|0 fnt\n|-damage|p2b: Meganium|67/100\n|faint|p2a: Basculegion\n|move|p1b: Farigiraf|Hyper Voice|p2b: Meganium\n|-damage|p2b: Meganium|36/100\n|move|p2b: Meganium|Dazzling Gleam|p1a: Hatterene|[spread] p1a,p1b\n|-damage|p1a: Hatterene|62/100\n|-damage|p1b: Farigiraf|63/100\n|\n|-weather|RainDance|[upkeep]\n|upkeep\n|turn|5\n|\n|t:|1776205831\n|move|p2b: Meganium|Protect|p2b: Meganium\n|-singleturn|p2b: Meganium|Protect\n|move|p1a: Hatterene|Dazzling Gleam|p2b: Meganium\n|-activate|p2b: Meganium|move: Protect\n|move|p1b: Farigiraf|Hyper Voice|p2b: Meganium\n|-activate|p2b: Meganium|move: Protect\n|\n|-weather|RainDance|[upkeep]\n|-fieldend|move: Trick Room\n|upkeep\n|turn|6\n|\n|t:|1776205840\n|move|p2b: Meganium|Solar Beam||[still]\n|-prepare|p2b: Meganium|Solar Beam\n|-activate|p2b: Meganium|ability: Mega Sol\n|-anim|p2b: Meganium|Solar Beam|p1a: Hatterene\n|-damage|p1a: Hatterene|0 fnt\n|faint|p1a: Hatterene\n|move|p1b: Farigiraf|Hyper Voice|p2b: Meganium\n|-damage|p2b: Meganium|4/100\n|\n|-weather|RainDance|[upkeep]\n|upkeep\n|turn|7\n|\n|t:|1776205847\n|move|p2b: Meganium|Solar Beam||[still]\n|-prepare|p2b: Meganium|Solar Beam\n|-activate|p2b: Meganium|ability: Mega Sol\n|-anim|p2b: Meganium|Solar Beam|p1b: Farigiraf\n|-damage|p1b: Farigiraf|0 fnt\n|faint|p1b: Farigiraf\n|\n|win|wzzlr\n|raw|CallMeLexi's rating: 1337 &rarr; <strong>1318</strong><br />(-19 for losing)\n|raw|wzzlr's rating: 1362 &rarr; <strong>1381</strong><br />(+19 for winning)\n|l|\u2606CallMeLexi\n|player|p1|\n|c|\u2606wzzlr|gg\n",
  "uploadtime": 1776205857,
  "views": 43,
  "formatid": "gen9championsvgc2026regma",
  "rating": 1318,
  "private": 0,
  "password": null
}