{
  "id": "gen9championsvgc2026regma-2585796941",
  "format": "[Gen 9 Champions] VGC 2026 Reg M-A",
  "players": [
    "sirae",
    "steezup"
  ],
  "log": "|j|\u2606sirae\n|j|\u2606steezup\n|t:|1776371310\n|gametype|doubles\n|player|p1|sirae|caitlin|1097\n|player|p2|steezup|265|1000\n|gen|9\n|tier|[Gen 9 Champions] VGC 2026 Reg M-A\n|rated|\n|rule|Species Clause: Limit one of each Pok\u00e9mon\n|rule|Item Clause: Limit 1 of each item\n|clearpoke\n|poke|p1|Kingambit, L50, F|\n|poke|p1|Rotom-Mow, L50|\n|poke|p1|Gengar, L50, F|\n|poke|p1|Incineroar, L50, F|\n|poke|p1|Milotic, L50, F|\n|poke|p1|Maushold, L50|\n|poke|p2|Tyranitar, L50, M|\n|poke|p2|Excadrill, L50, M|\n|poke|p2|Incineroar, L50, F|\n|poke|p2|Rotom-Wash, L50|\n|poke|p2|Sinistcha, L50|\n|poke|p2|Aerodactyl, L50, F|\n|teampreview|4\n|inactive|Battle timer is ON: inactive players will automatically lose when time's up. (requested by sirae)\nsteezup rejected open team sheets.\n|inactive|steezup has 60 seconds left.\n|\n|t:|1776371342\n|teamsize|p1|4\n|teamsize|p2|4\n|start\n|switch|p1a: Gengar|Gengar, L50, F|100/100\n|switch|p1b: Incineroar|Incineroar, L50, F|100/100\n|switch|p2a: Tyranitar|Tyranitar, L50, M|100/100\n|switch|p2b: Excadrill|Excadrill, L50, M|100/100\n|-ability|p1b: Incineroar|Intimidate|boost\n|-unboost|p2a: Tyranitar|atk|1\n|-unboost|p2b: Excadrill|atk|1\n|-weather|Sandstorm|[from] ability: Sand Stream|[of] p2a: Tyranitar\n|-enditem|p2b: Excadrill|White Herb\n|-clearnegativeboost|p2b: Excadrill|[silent]\n|turn|1\n|inactive|sirae has 30 seconds left.\n|inactive|steezup has 30 seconds left.\n|\n|t:|1776371371\n|detailschange|p1a: Gengar|Gengar-Mega, L50, F\n|-mega|p1a: Gengar|Gengar|Gengarite\n|detailschange|p2a: Tyranitar|Tyranitar-Mega, L50, M\n|-mega|p2a: Tyranitar|Tyranitar|Tyranitarite\n|move|p2b: Excadrill|Protect|p2b: Excadrill\n|-singleturn|p2b: Excadrill|Protect\n|move|p1a: Gengar|Protect|p1a: Gengar\n|-singleturn|p1a: Gengar|Protect\n|move|p1b: Incineroar|Flare Blitz|p2b: Excadrill\n|-activate|p2b: Excadrill|move: Protect\n|move|p2a: Tyranitar|Crunch|p1a: Gengar\n|-activate|p1a: Gengar|move: Protect\n|\n|-weather|Sandstorm|[upkeep]\n|-damage|p1a: Gengar|94/100|[from] Sandstorm\n|-damage|p1b: Incineroar|95/100|[from] Sandstorm\n|upkeep\n|turn|2\n|inactive|steezup has 30 seconds left.\n|inactive|steezup has 20 seconds left.\n|\n|t:|1776371409\n|move|p2b: Excadrill|Rock Slide|p1a: Gengar|[spread] p1a,p1b\n|-supereffective|p1b: Incineroar|1\n|-damage|p1a: Gengar|73/100\n|-damage|p1b: Incineroar|53/100\n|move|p1a: Gengar|Disable|p2a: Tyranitar\n|-start|p2a: Tyranitar|Disable|Crunch\n|cant|p1b: Incineroar|flinch\n|cant|p2a: Tyranitar|Disable|Crunch\n|\n|-weather|Sandstorm|[upkeep]\n|-damage|p1a: Gengar|67/100|[from] Sandstorm\n|-damage|p1b: Incineroar|47/100|[from] Sandstorm\n|-enditem|p1b: Incineroar|Sitrus Berry|[eat]\n|-heal|p1b: Incineroar|72/100|[from] item: Sitrus Berry\n|upkeep\n|turn|3\n|\n|t:|1776371431\n|move|p2b: Excadrill|Protect|p2b: Excadrill\n|-singleturn|p2b: Excadrill|Protect\n|move|p1a: Gengar|Protect|p1a: Gengar\n|-singleturn|p1a: Gengar|Protect\n|move|p1b: Incineroar|Flare Blitz|p2b: Excadrill\n|-activate|p2b: Excadrill|move: Protect\n|move|p2a: Tyranitar|Rock Slide|p1a: Gengar|[spread] p1b\n|-activate|p1a: Gengar|move: Protect\n|-supereffective|p1b: Incineroar|1\n|-damage|p1b: Incineroar|19/100\n|\n|-weather|Sandstorm|[upkeep]\n|-damage|p1a: Gengar|60/100|[from] Sandstorm\n|-damage|p1b: Incineroar|13/100|[from] Sandstorm\n|upkeep\n|turn|4\n|\n|t:|1776371455\n|switch|p1b: Rotom|Rotom-Mow, L50|100/100\n|move|p2b: Excadrill|Rock Slide|p1a: Gengar|[spread] p1a\n|-miss|p2b: Excadrill|p1b: Rotom\n|-damage|p1a: Gengar|37/100\n|move|p1a: Gengar|Perish Song|p1a: Gengar\n|-start|p1a: Gengar|perish3|[silent]\n|-start|p1b: Rotom|perish3|[silent]\n|-start|p2a: Tyranitar|perish3|[silent]\n|-start|p2b: Excadrill|perish3|[silent]\n|-fieldactivate|move: Perish Song\n|move|p2a: Tyranitar|Rock Slide|p1a: Gengar|[spread] p1a,p1b\n|-damage|p1a: Gengar|9/100\n|-damage|p1b: Rotom|74/100\n|\n|-weather|Sandstorm|[upkeep]\n|-damage|p1a: Gengar|2/100|[from] Sandstorm\n|-damage|p1b: Rotom|68/100|[from] Sandstorm\n|-start|p2b: Excadrill|perish3\n|-start|p1a: Gengar|perish3\n|-start|p1b: Rotom|perish3\n|-start|p2a: Tyranitar|perish3\n|upkeep\n|turn|5\n|inactive|sirae has 30 seconds left.\n|inactive|steezup has 30 seconds left.\n|\n|t:|1776371484\n|switch|p1a: Incineroar|Incineroar, L50, F|13/100\n|-ability|p1a: Incineroar|Intimidate|boost\n|-unboost|p2a: Tyranitar|atk|1\n|-unboost|p2b: Excadrill|atk|1\n|move|p2b: Excadrill|Protect|p2b: Excadrill\n|-singleturn|p2b: Excadrill|Protect\n|move|p1b: Rotom|Volt Switch|p2a: Tyranitar\n|-damage|p2a: Tyranitar|84/100\n|\n|t:|1776371494\n|switch|p1b: Milotic|Milotic, L50, F|100/100|[from] Volt Switch\n|move|p2a: Tyranitar|Rock Slide|p1b: Milotic|[spread] p1a,p1b\n|-supereffective|p1a: Incineroar|1\n|-crit|p1a: Incineroar\n|-crit|p1b: Milotic\n|-damage|p1a: Incineroar|0 fnt\n|-damage|p1b: Milotic|49/100\n|faint|p1a: Incineroar\n|\n|-weather|none\n|-heal|p1b: Milotic|55/100|[from] item: Leftovers\n|-end|p2a: Tyranitar|Disable\n|-start|p2b: Excadrill|perish2\n|-start|p2a: Tyranitar|perish2\n|upkeep\n|\n|t:|1776371501\n|switch|p1a: Gengar|Gengar-Mega, L50, F|2/100\n|turn|6\n|\n|t:|1776371519\n|move|p1a: Gengar|Protect|p1a: Gengar\n|-singleturn|p1a: Gengar|Protect\n|move|p2b: Excadrill|Rock Slide|p1a: Gengar|[spread] p1b\n|-activate|p1a: Gengar|move: Protect\n|-damage|p1b: Milotic|42/100\n|move|p2a: Tyranitar|Rock Slide|p1b: Milotic|[spread] p1b\n|-activate|p1a: Gengar|move: Protect\n|-damage|p1b: Milotic|25/100\n|cant|p1b: Milotic|flinch\n|\n|-heal|p1b: Milotic|31/100|[from] item: Leftovers\n|-start|p2b: Excadrill|perish1\n|-start|p2a: Tyranitar|perish1\n|upkeep\n|turn|7\n|\n|t:|1776371535\n|switch|p1a: Rotom|Rotom-Mow, L50|68/100\n|move|p1b: Milotic|Protect|p1b: Milotic\n|-singleturn|p1b: Milotic|Protect\n|move|p2b: Excadrill|Rock Slide|p1b: Milotic|[spread] p1a\n|-activate|p1b: Milotic|move: Protect\n|-damage|p1a: Rotom|50/100\n|move|p2a: Tyranitar|Rock Slide|p1b: Milotic|[spread] p1a\n|-activate|p1b: Milotic|move: Protect\n|-damage|p1a: Rotom|30/100\n|\n|-heal|p1b: Milotic|37/100|[from] item: Leftovers\n|-start|p2b: Excadrill|perish0\n|-start|p2a: Tyranitar|perish0\n|faint|p2b: Excadrill\n|faint|p2a: Tyranitar\n|upkeep\n|\n|t:|1776371552\n|switch|p2b: Aerodactyl|Aerodactyl, L50, F|100/100\n|switch|p2a: Incineroar|Incineroar, L50, F|100/100\n|-ability|p2b: Aerodactyl|Unnerve\n|-ability|p2a: Incineroar|Intimidate|boost\n|-unboost|p1a: Rotom|atk|1\n|-unboost|p1b: Milotic|atk|1\n|-ability|p1b: Milotic|Competitive|boost\n|-boost|p1b: Milotic|spa|2\n|turn|8\n|\n|t:|1776371574\n|move|p2a: Incineroar|Fake Out|p1b: Milotic\n|-damage|p1b: Milotic|25/100\n|move|p2b: Aerodactyl|Dual Wingbeat|p1b: Milotic\n|-damage|p1b: Milotic|6/100\n|-damage|p1b: Milotic|0 fnt\n|faint|p1b: Milotic\n|-hitcount|p1: Milotic|2\n|move|p1a: Rotom|Volt Switch|p2b: Aerodactyl\n|-supereffective|p2b: Aerodactyl|1\n|-damage|p2b: Aerodactyl|14/100\n|\n|t:|1776371586\n|switch|p1a: Gengar|Gengar-Mega, L50, F|2/100|[from] Volt Switch\n|\n|upkeep\n|\n|t:|1776371589\n|switch|p1b: Rotom|Rotom-Mow, L50|30/100\n|turn|9\n|\n|t:|1776371607\n|move|p2b: Aerodactyl|Protect|p2b: Aerodactyl\n|-singleturn|p2b: Aerodactyl|Protect\n|move|p1a: Gengar|Protect|p1a: Gengar\n|-singleturn|p1a: Gengar|Protect\n|move|p2a: Incineroar|Fake Out||[still]\n|-hint|Fake Out only works on your first turn out.\n|-fail|p2a: Incineroar\n|move|p1b: Rotom|Volt Switch|p2b: Aerodactyl\n|-activate|p2b: Aerodactyl|move: Protect\n|\n|upkeep\n|turn|10\n|inactive|steezup has 30 seconds left.\n|\n|t:|1776371642\n|move|p2b: Aerodactyl|Dual Wingbeat|p1b: Rotom\n|-damage|p1b: Rotom|10/100\n|-damage|p1b: Rotom|0 fnt\n|faint|p1b: Rotom\n|-hitcount|p1: Rotom|2\n|move|p1a: Gengar|Perish Song|p1a: Gengar\n|-start|p1a: Gengar|perish3|[silent]\n|-start|p2a: Incineroar|perish3|[silent]\n|-start|p2b: Aerodactyl|perish3|[silent]\n|-fieldactivate|move: Perish Song\n|move|p2a: Incineroar|Throat Chop|p1a: Gengar\n|-supereffective|p1a: Gengar|1\n|-damage|p1a: Gengar|0 fnt\n|faint|p1a: Gengar\n|\n|win|steezup\n|raw|sirae's rating: 1097 &rarr; <strong>1066</strong><br />(-31 for losing)\n|raw|steezup's rating: 1000 &rarr; <strong>1051</strong><br />(+51 for winning)\n|l|\u2606sirae\n|player|p1|\n",
  "uploadtime": 1776371659,
  "views": 33,
  "formatid": "gen9championsvgc2026regma",
  "rating": 1051,
  "private": 0,
  "password": null
}