{
  "id": "gen9championsvgc2026regma-2580785669",
  "format": "[Gen 9 Champions] VGC 2026 Reg M-A",
  "players": [
    "hozesama",
    "realmadridlegends"
  ],
  "log": "|j|\u2606hozesama\n|j|\u2606realmadridlegends\n|t:|1775932323\n|gametype|doubles\n|player|p1|hozesama|cynthia-masters4|1170\n|player|p2|realmadridlegends|ghetsis|1183\n|gen|9\n|tier|[Gen 9 Champions] VGC 2026 Reg M-A\n|rated|\n|rule|Species Clause: Limit one of each Pok\u00e9mon\n|rule|Item Clause: Limit 1 of each item\n|clearpoke\n|poke|p1|Gyarados, L50, F|\n|poke|p1|Venusaur, L50, M|\n|poke|p1|Sneasler, L50, F|\n|poke|p1|Kingambit, L50, F|\n|poke|p1|Basculegion, L50, M|\n|poke|p1|Gliscor, L50, M|\n|poke|p2|Blastoise, L50, M|\n|poke|p2|Raichu, L50, M|\n|poke|p2|Pelipper, L50, F|\n|poke|p2|Archaludon, L50, M|\n|poke|p2|Sinistcha, L50|\n|poke|p2|Basculegion, L50, M|\n|teampreview|4\n|inactive|Battle timer is ON: inactive players will automatically lose when time's up. (requested by realmadridlegends)\n|\n|t:|1775932347\n|teamsize|p1|4\n|teamsize|p2|4\n|start\n|switch|p1a: Venusaur|Venusaur, L50, M|100/100\n|switch|p1b: Sneasler|Sneasler, L50, F|100/100\n|switch|p2a: Malo|Blastoise, L50, M|100/100\n|switch|p2b: Useless|Raichu, L50, M|100/100\n|turn|1\n|\n|t:|1775932355\n|detailschange|p2a: Malo|Blastoise-Mega, L50, M\n|-mega|p2a: Malo|Blastoise|Blastoisinite\n|detailschange|p1a: Venusaur|Venusaur-Mega, L50, M\n|-mega|p1a: Venusaur|Venusaur|Venusaurite\n|move|p1b: Sneasler|Fake Out|p2a: Malo\n|-damage|p2a: Malo|87/100\n|move|p2b: Useless|Fake Out|p1a: Venusaur\n|-damage|p1a: Venusaur|94/100\n|cant|p2a: Malo|flinch\n|cant|p1a: Venusaur|flinch\n|\n|upkeep\n|turn|2\n|\n|t:|1775932368\n|move|p1b: Sneasler|Dire Claw|p2a: Malo\n|-damage|p2a: Malo|47/100\n|-status|p2a: Malo|par\n|move|p2b: Useless|Light Screen|p2b: Useless\n|-sidestart|p2: realmadridlegends|move: Light Screen\n|move|p1a: Venusaur|Earth Power|p2b: Useless\n|-supereffective|p2b: Useless|1\n|-enditem|p2b: Useless|Shuca Berry|[eat]\n|-enditem|p2b: Useless|Shuca Berry|[weaken]\n|-damage|p2b: Useless|68/100\n|move|p2a: Malo|Shell Smash|p2a: Malo\n|-unboost|p2a: Malo|def|1\n|-unboost|p2a: Malo|spd|1\n|-boost|p2a: Malo|atk|2\n|-boost|p2a: Malo|spa|2\n|-boost|p2a: Malo|spe|2\n|\n|upkeep\n|turn|3\n|\n|t:|1775932385\n|switch|p2b: Batidito|Sinistcha, L50|100/100\n|-heal|p2a: Malo|72/100 par|[from] ability: Hospitality|[of] p2b: Batidito\n|move|p2a: Malo|Protect|p2a: Malo\n|-singleturn|p2a: Malo|Protect\n|move|p1b: Sneasler|Close Combat|p2b: Batidito\n|-immune|p2b: Batidito\n|move|p1a: Venusaur|Giga Drain|p2a: Malo\n|-activate|p2a: Malo|move: Protect\n|\n|upkeep\n|turn|4\n|inactive|realmadridlegends has 30 seconds left.\n|\n|t:|1775932416\n|move|p2b: Batidito|Rage Powder|p2b: Batidito\n|-singleturn|p2b: Batidito|move: Rage Powder\n|move|p1b: Sneasler|Close Combat|p2b: Batidito\n|-immune|p2b: Batidito\n|move|p2a: Malo|Water Spout|p1a: Venusaur|[spread] p1a,p1b\n|-resisted|p1a: Venusaur|1\n|-damage|p1a: Venusaur|58/100\n|-damage|p1b: Sneasler|0 fnt\n|faint|p1b: Sneasler\n|move|p1a: Venusaur|Giga Drain|p2a: Malo\n|-supereffective|p2a: Malo|1\n|-damage|p2a: Malo|0 fnt\n|-heal|p1a: Venusaur|88/100|[from] drain|[of] p2a: Malo\n|faint|p2a: Malo\n|\n|upkeep\n|\n|t:|1775932429\n|switch|p1b: Basculegion|Basculegion, L50, M|100/100\n|switch|p2a: :)|Pelipper, L50, F|100/100\n|-weather|RainDance|[from] ability: Drizzle|[of] p2a: :)\n|turn|5\n|\n|t:|1775932440\n|switch|p1a: Kingambit|Kingambit, L50, F|100/100\n|move|p1b: Basculegion|Last Respects|p2b: Batidito\n|-supereffective|p2b: Batidito|1\n|-damage|p2b: Batidito|0 fnt\n|faint|p2b: Batidito\n|move|p2a: :)|Hurricane|p1a: Kingambit\n|-resisted|p1a: Kingambit|1\n|-damage|p1a: Kingambit|84/100\n|-start|p1a: Kingambit|confusion\n|\n|-weather|RainDance|[upkeep]\n|upkeep\n|\n|t:|1775932450\n|switch|p2b: Useless|Raichu, L50, M|68/100\n|turn|6\n|\n|t:|1775932461\n|-activate|p1a: Kingambit|confusion\n|move|p1a: Kingambit|Protect|p1a: Kingambit\n|-singleturn|p1a: Kingambit|Protect\n|move|p1b: Basculegion|Last Respects|p2b: Useless\n|-damage|p2b: Useless|0 fnt\n|faint|p2b: Useless\n|move|p2a: :)|Hurricane|p1b: Basculegion\n|-damage|p1b: Basculegion|57/100\n|-start|p1b: Basculegion|confusion\n|\n|-weather|RainDance|[upkeep]\n|-sideend|p2: realmadridlegends|move: Light Screen\n|upkeep\n|turn|7\n|-message|realmadridlegends forfeited.\n|\n|win|hozesama\n|raw|hozesama's rating: 1170 &rarr; <strong>1196</strong><br />(+26 for winning)\n|raw|realmadridlegends's rating: 1183 &rarr; <strong>1157</strong><br />(-26 for losing)\n|l|\u2606realmadridlegends\n|player|p2|\n",
  "uploadtime": 1775932479,
  "views": 14,
  "formatid": "gen9championsvgc2026regma",
  "rating": 1157,
  "private": 0,
  "password": null
}