{
  "id": "gen9championsvgc2026regma-2584978975",
  "format": "[Gen 9 Champions] VGC 2026 Reg M-A",
  "players": [
    "saddeq",
    "everlol"
  ],
  "log": "|j|\u2606saddeq\n|j|\u203deverlol\n|t:|1776300104\n|gametype|doubles\n|player|p1|saddeq|marshal|1400\n|player|p2|everlol|1|1416\n|gen|9\n|tier|[Gen 9 Champions] VGC 2026 Reg M-A\n|rated|\n|rule|Species Clause: Limit one of each Pok\u00e9mon\n|rule|Item Clause: Limit 1 of each item\n|clearpoke\n|poke|p1|Aerodactyl, L50, M|\n|poke|p1|Tauros-Paldea-Aqua, L50, M|\n|poke|p1|Kingambit, L50, F|\n|poke|p1|Meganium, L50, F|\n|poke|p1|Armarouge, L50, M|\n|poke|p1|Froslass, L50, F|\n|poke|p2|Sneasler, L50, M|\n|poke|p2|Delphox, L50, F|\n|poke|p2|Whimsicott, L50, M|\n|poke|p2|Basculegion, L50, M|\n|poke|p2|Floette-Eternal, L50, F|\n|poke|p2|Farigiraf, L50, F|\n|teampreview|4\n|inactive|Battle timer is ON: inactive players will automatically lose when time's up. (requested by everlol)\n|inactive|everlol has 60 seconds left.\n|inactive|everlol has 30 seconds left.\n|inactive|everlol has 20 seconds left.\n|inactive|everlol has 15 seconds left.\n|inactive|everlol has 10 seconds left.\n|\n|t:|1776300204\n|teamsize|p1|4\n|teamsize|p2|4\n|start\n|switch|p1a: Aerodactyl|Aerodactyl, L50, M|100/100\n|switch|p1b: Froslass|Froslass, L50, F|100/100\n|switch|p2a: Whimsicott|Whimsicott, L50, M|100/100\n|switch|p2b: Basculegion|Basculegion, L50, M|100/100\n|-ability|p1a: Aerodactyl|Unnerve\n|turn|1\n|inactive|everlol has 30 seconds left.\n|\n|t:|1776300230\n|detailschange|p1b: Froslass|Froslass-Mega, L50, F\n|-mega|p1b: Froslass|Froslass|Froslassite\n|-weather|Snowscape|[from] ability: Snow Warning|[of] p1b: Froslass\n|move|p2a: Whimsicott|Protect|p2a: Whimsicott\n|-singleturn|p2a: Whimsicott|Protect\n|move|p2b: Basculegion|Flip Turn|p1a: Aerodactyl\n|-supereffective|p1a: Aerodactyl|1\n|-enditem|p1a: Aerodactyl|Focus Sash\n|-damage|p1a: Aerodactyl|1/100\n|\n|t:|1776300247\n|switch|p2b: Sneasler|Sneasler, L50, M|100/100|[from] Flip Turn\n|move|p1a: Aerodactyl|Tailwind|p1a: Aerodactyl\n|-sidestart|p1: saddeq|move: Tailwind\n|move|p1b: Froslass|Shadow Ball|p2b: Sneasler\n|-damage|p2b: Sneasler|35/100\n|\n|-weather|Snowscape|[upkeep]\n|upkeep\n|turn|2\n|\n|t:|1776300263\n|move|p1a: Aerodactyl|Protect|p1a: Aerodactyl\n|-singleturn|p1a: Aerodactyl|Protect\n|move|p2b: Sneasler|Fake Out|p1a: Aerodactyl\n|-activate|p1a: Aerodactyl|move: Protect\n|move|p2a: Whimsicott|Tailwind|p2a: Whimsicott\n|-sidestart|p2: everlol|move: Tailwind\n|move|p1b: Froslass|Blizzard|p2a: Whimsicott|[spread] p2a,p2b\n|-supereffective|p2a: Whimsicott|1\n|-enditem|p2a: Whimsicott|Focus Sash\n|-damage|p2a: Whimsicott|1/100\n|-damage|p2b: Sneasler|0 fnt\n|faint|p2b: Sneasler\n|\n|-weather|Snowscape|[upkeep]\n|upkeep\n|\n|t:|1776300266\n|switch|p2b: Basculegion|Basculegion, L50, M|100/100\n|turn|3\n|\n|t:|1776300283\n|switch|p1b: Kingambit|Kingambit, L50, F|100/100\n|move|p2a: Whimsicott|Encore|p1a: Aerodactyl\n|-start|p1a: Aerodactyl|Encore\n|move|p1a: Aerodactyl|Protect||[still]\n|-fail|p1a: Aerodactyl\n|move|p2b: Basculegion|Last Respects|p1b: Kingambit\n|-resisted|p1b: Kingambit|1\n|-damage|p1b: Kingambit|77/100\n|\n|-weather|Snowscape|[upkeep]\n|upkeep\n|turn|4\n|\n|t:|1776300302\n|switch|p2b: Floette|Floette-Eternal, L50, F|100/100\n|move|p1a: Aerodactyl|Protect|p1a: Aerodactyl\n|-singleturn|p1a: Aerodactyl|Protect\n|move|p2a: Whimsicott|Moonblast|p1b: Kingambit\n|-damage|p1b: Kingambit|43/100\n|move|p1b: Kingambit|Kowtow Cleave|p2b: Floette\n|-resisted|p2b: Floette|1\n|-damage|p2b: Floette|53/100\n|\n|-weather|Snowscape|[upkeep]\n|-sideend|p1: saddeq|move: Tailwind\n|upkeep\n|turn|5\n|inactive|everlol has 30 seconds left.\n|inactive|everlol has 20 seconds left.\n|inactive|everlol has 15 seconds left.\n|\n|t:|1776300345\n|switch|p1a: Armarouge|Armarouge, L50, M|100/100\n|detailschange|p2b: Floette|Floette-Mega, L50, F\n|-mega|p2b: Floette|Floette|Floettite\n|-ability|p2b: Floette|Fairy Aura\n|move|p2a: Whimsicott|Protect|p2a: Whimsicott\n|-singleturn|p2a: Whimsicott|Protect\n|move|p1b: Kingambit|Sucker Punch||[still]\n|-fail|p1b: Kingambit\n|move|p2b: Floette|Moonblast|p1b: Kingambit\n|-damage|p1b: Kingambit|0 fnt\n|faint|p1b: Kingambit\n|\n|-weather|none\n|-sideend|p2: everlol|move: Tailwind\n|upkeep\n|\n|t:|1776300355\n|switch|p1b: Froslass|Froslass-Mega, L50, F|100/100\n|-weather|Snowscape|[from] ability: Snow Warning|[of] p1b: Froslass\n|turn|6\n|\n|t:|1776300365\n|move|p1b: Froslass|Protect|p1b: Froslass\n|-singleturn|p1b: Froslass|Protect\n|move|p2a: Whimsicott|Tailwind|p2a: Whimsicott\n|-sidestart|p2: everlol|move: Tailwind\n|move|p2b: Floette|Light of Ruin|p1b: Froslass\n|-activate|p1b: Froslass|move: Protect\n|move|p1a: Armarouge|Armor Cannon|p2b: Floette\n|-damage|p2b: Floette|0 fnt\n|-unboost|p1a: Armarouge|def|1\n|-unboost|p1a: Armarouge|spd|1\n|faint|p2b: Floette\n|\n|-weather|Snowscape|[upkeep]\n|upkeep\n|\n|t:|1776300367\n|switch|p2b: Basculegion|Basculegion, L50, M|100/100\n|turn|7\n|inactive|saddeq has 30 seconds left.\n|\n|t:|1776300400\n|move|p2a: Whimsicott|Encore|p1a: Armarouge\n|-start|p1a: Armarouge|Encore\n|move|p2b: Basculegion|Last Respects|p1b: Froslass\n|-supereffective|p1b: Froslass|1\n|-damage|p1b: Froslass|0 fnt\n|faint|p1b: Froslass\n|move|p1a: Armarouge|Armor Cannon|p2b: Basculegion\n|-resisted|p2b: Basculegion|1\n|-damage|p2b: Basculegion|60/100\n|-unboost|p1a: Armarouge|def|1\n|-unboost|p1a: Armarouge|spd|1\n|\n|-weather|Snowscape|[upkeep]\n|upkeep\n|-message|saddeq forfeited.\n|\n|win|everlol\n|raw|saddeq's rating: 1400 &rarr; <strong>1381</strong><br />(-19 for losing)\n|raw|everlol's rating: 1416 &rarr; <strong>1435</strong><br />(+19 for winning)\n|l|\u2606saddeq\n|player|p1|\n|l|\u203deverlol\n|player|p2|\n",
  "uploadtime": 1776300572,
  "views": 38,
  "formatid": "gen9championsvgc2026regma",
  "rating": 1381,
  "private": 0,
  "password": null
}