{
  "id": "gen9championsvgc2026regma-2581942014",
  "format": "[Gen 9 Champions] VGC 2026 Reg M-A",
  "players": [
    "TeamYourNoobs",
    "Rose Gastrodon"
  ],
  "log": "|j|\u2606TeamYourNoobs\n|j|\u2606Rose Gastrodon\n|t:|1776041790\n|gametype|doubles\n|player|p1|TeamYourNoobs|iono|\n|player|p2|Rose Gastrodon|barry|\n|gen|9\n|tier|[Gen 9 Champions] VGC 2026 Reg M-A\n|rated|Tournament battle\n|rule|Species Clause: Limit one of each Pok\u00e9mon\n|rule|Item Clause: Limit 1 of each item\n|clearpoke\n|poke|p1|Delphox, L50, F|\n|poke|p1|Whimsicott, L50, M|\n|poke|p1|Garchomp, L50, F|\n|poke|p1|Venusaur, L50, F|\n|poke|p1|Ninetales, L50, F|\n|poke|p1|Tinkaton, L50, F|\n|poke|p2|Aerodactyl, L50, F|\n|poke|p2|Mamoswine, L50, M|\n|poke|p2|Floette-Eternal, L50, F|\n|poke|p2|Sinistcha, L50|\n|poke|p2|Sylveon, L50, F|\n|poke|p2|Machamp, L50, F|\n|teampreview|4\n|\n|t:|1776041821\n|teamsize|p1|4\n|teamsize|p2|4\n|start\n|switch|p1a: Venusaur|Venusaur, L50, F|100/100\n|switch|p1b: Whimsicott|Whimsicott, L50, M|100/100\n|switch|p2a: Aerodactyl|Aerodactyl, L50, F|100/100\n|switch|p2b: Mamoswine|Mamoswine, L50, M|100/100\n|-ability|p2a: Aerodactyl|Unnerve\n|turn|1\n|\n|t:|1776041858\n|move|p1b: Whimsicott|Sunny Day|p1b: Whimsicott\n|-weather|SunnyDay\n|move|p1a: Venusaur|Sleep Powder|p2b: Mamoswine\n|-status|p2b: Mamoswine|slp|[from] move: Sleep Powder\n|move|p2a: Aerodactyl|Tailwind|p2a: Aerodactyl\n|-sidestart|p2: Rose Gastrodon|move: Tailwind\n|cant|p2b: Mamoswine|slp\n|\n|-weather|SunnyDay|[upkeep]\n|upkeep\n|turn|2\n|\n|t:|1776041871\n|move|p1b: Whimsicott|Encore|p2a: Aerodactyl\n|-start|p2a: Aerodactyl|Encore\n|move|p2a: Aerodactyl|Tailwind||[still]\n|-fail|p2a: Aerodactyl\n|move|p1a: Venusaur|Giga Drain|p2b: Mamoswine\n|-supereffective|p2b: Mamoswine|1\n|-damage|p2b: Mamoswine|4/100 slp\n|cant|p2b: Mamoswine|slp\n|\n|-weather|SunnyDay|[upkeep]\n|upkeep\n|turn|3\n|j| ika_shinobi\n|l| ika_shinobi\n|\n|t:|1776041893\n|switch|p2a: Machamp|Machamp, L50, F|100/100\n|-curestatus|p2b: Mamoswine|slp|[msg]\n|move|p2b: Mamoswine|Ice Shard|p1a: Venusaur\n|-supereffective|p1a: Venusaur|1\n|-damage|p1a: Venusaur|43/100\n|move|p1b: Whimsicott|Taunt|p2a: Machamp\n|-start|p2a: Machamp|move: Taunt\n|move|p1a: Venusaur|Giga Drain|p2b: Mamoswine\n|-supereffective|p2b: Mamoswine|1\n|-damage|p2b: Mamoswine|0 fnt\n|-heal|p1a: Venusaur|46/100|[from] drain|[of] p2b: Mamoswine\n|faint|p2b: Mamoswine\n|\n|-weather|SunnyDay|[upkeep]\n|-heal|p1a: Venusaur|51/100|[from] item: Leftovers\n|upkeep\n|\n|t:|1776041907\n|switch|p2b: Aerodactyl|Aerodactyl, L50, F|100/100\n|-ability|p2b: Aerodactyl|Unnerve\n|turn|4\n|\n|t:|1776041913\n|switch|p2a: Floette|Floette-Eternal, L50, F|100/100\n|move|p1b: Whimsicott|Tailwind|p1b: Whimsicott\n|-sidestart|p1: TeamYourNoobs|move: Tailwind\n|move|p1a: Venusaur|Sleep Powder|p2b: Aerodactyl\n|-status|p2b: Aerodactyl|slp|[from] move: Sleep Powder\n|cant|p2b: Aerodactyl|slp\n|\n|-weather|SunnyDay|[upkeep]\n|-heal|p1a: Venusaur|57/100|[from] item: Leftovers\n|-sideend|p2: Rose Gastrodon|move: Tailwind\n|upkeep\n|turn|5\n|\n|t:|1776041937\n|detailschange|p2a: Floette|Floette-Mega, L50, F\n|-mega|p2a: Floette|Floette|Floettite\n|-ability|p2a: Floette|Fairy Aura\n|move|p1b: Whimsicott|Taunt|p2a: Floette\n|-start|p2a: Floette|move: Taunt\n|move|p1a: Venusaur|Acid Spray|p2a: Floette\n|-supereffective|p2a: Floette|1\n|-damage|p2a: Floette|67/100\n|-unboost|p2a: Floette|spd|2\n|cant|p2b: Aerodactyl|slp\n|move|p2a: Floette|Dazzling Gleam|p1b: Whimsicott|[spread] p1a,p1b\n|-resisted|p1a: Venusaur|1\n|-damage|p1a: Venusaur|32/100\n|-damage|p1b: Whimsicott|59/100\n|\n|-weather|none\n|-heal|p1a: Venusaur|38/100|[from] item: Leftovers\n|upkeep\n|turn|6\n|\n|t:|1776041957\n|switch|p2a: Machamp|Machamp, L50, F|100/100\n|move|p1b: Whimsicott|Sunny Day|p1b: Whimsicott\n|-weather|SunnyDay\n|move|p1a: Venusaur|Acid Spray|p2a: Machamp\n|-crit|p2a: Machamp\n|-damage|p2a: Machamp|65/100\n|-unboost|p2a: Machamp|spd|2\n|-curestatus|p2b: Aerodactyl|slp|[msg]\n|move|p2b: Aerodactyl|Dual Wingbeat|p1a: Venusaur\n|-supereffective|p1a: Venusaur|1\n|-damage|p1a: Venusaur|0 fnt\n|faint|p1a: Venusaur\n|-hitcount|p1: Venusaur|1\n|\n|-weather|SunnyDay|[upkeep]\n|upkeep\n|\n|t:|1776041971\n|switch|p1a: Ninetales|Ninetales, L50, F|100/100\n|turn|7\n|\n|t:|1776041982\n|move|p2a: Machamp|Wide Guard|p2a: Machamp\n|-singleturn|p2a: Machamp|Wide Guard\n|move|p1b: Whimsicott|Taunt|p2a: Machamp\n|-start|p2a: Machamp|move: Taunt\n|move|p1a: Ninetales|Will-O-Wisp|p2b: Aerodactyl\n|-status|p2b: Aerodactyl|brn\n|move|p2b: Aerodactyl|Rock Slide|p1b: Whimsicott|[spread] p1a,p1b\n|-supereffective|p1a: Ninetales|1\n|-damage|p1a: Ninetales|68/100\n|-damage|p1b: Whimsicott|45/100\n|\n|-weather|SunnyDay|[upkeep]\n|-damage|p2b: Aerodactyl|95/100 brn|[from] brn\n|-sideend|p1: TeamYourNoobs|move: Tailwind\n|upkeep\n|turn|8\n|j| ika_shinobi\n|\n|t:|1776042002\n|switch|p1a: Delphox|Delphox, L50, F|100/100\n|switch|p2a: Floette|Floette-Mega, L50, F|67/100\n|-ability|p2a: Floette|Fairy Aura\n|move|p1b: Whimsicott|Tailwind|p1b: Whimsicott\n|-sidestart|p1: TeamYourNoobs|move: Tailwind\n|move|p2b: Aerodactyl|Rock Slide|p1a: Delphox|[spread] p1b\n|-miss|p2b: Aerodactyl|p1a: Delphox\n|-damage|p1b: Whimsicott|29/100\n|\n|-weather|SunnyDay|[upkeep]\n|-damage|p2b: Aerodactyl|89/100 brn|[from] brn\n|upkeep\n|turn|9\n|\n|t:|1776042064\n|detailschange|p1a: Delphox|Delphox-Mega, L50, F\n|-mega|p1a: Delphox|Delphox|Delphoxite\n|move|p1b: Whimsicott|Taunt|p2a: Floette\n|-start|p2a: Floette|move: Taunt\n|move|p1a: Delphox|Heat Wave|p2b: Aerodactyl|[spread] p2a,p2b\n|-resisted|p2b: Aerodactyl|1\n|-damage|p2a: Floette|4/100\n|-damage|p2b: Aerodactyl|34/100 brn\n|move|p2b: Aerodactyl|Rock Slide|p1b: Whimsicott|[spread] p1a,p1b\n|-supereffective|p1a: Delphox|1\n|-damage|p1a: Delphox|62/100\n|-damage|p1b: Whimsicott|13/100\n|move|p2a: Floette|Light of Ruin|p1a: Delphox\n|-resisted|p1a: Delphox|1\n|-damage|p1a: Delphox|12/100\n|-damage|p2a: Floette|0 fnt|[from] Recoil\n|faint|p2a: Floette\n|\n|-weather|SunnyDay|[upkeep]\n|-damage|p2b: Aerodactyl|28/100 brn|[from] brn\n|upkeep\n|\n|t:|1776042066\n|switch|p2a: Machamp|Machamp, L50, F|65/100\n|turn|10\n|c|\u2606TeamYourNoobs|Gang\n|\n|t:|1776042097\n|move|p1a: Delphox|Protect|p1a: Delphox\n|-singleturn|p1a: Delphox|Protect\n|move|p1b: Whimsicott|Taunt|p2a: Machamp\n|-start|p2a: Machamp|move: Taunt\n|move|p2a: Machamp|Bullet Punch|p1a: Delphox\n|-activate|p1a: Delphox|move: Protect\n|move|p2b: Aerodactyl|Tailwind|p2b: Aerodactyl\n|-sidestart|p2: Rose Gastrodon|move: Tailwind\n|\n|-weather|none\n|-damage|p2b: Aerodactyl|22/100 brn|[from] brn\n|upkeep\n|turn|11\n|\n|t:|1776042127\n|move|p2b: Aerodactyl|Protect|p2b: Aerodactyl\n|-singleturn|p2b: Aerodactyl|Protect\n|move|p1b: Whimsicott|Encore|p2b: Aerodactyl\n|-activate|p2b: Aerodactyl|move: Protect\n|move|p2a: Machamp|Bullet Punch|p1b: Whimsicott\n|-supereffective|p1b: Whimsicott|1\n|-damage|p1b: Whimsicott|0 fnt\n|faint|p1b: Whimsicott\n|move|p1a: Delphox|Heat Wave|p2b: Aerodactyl|[spread] p2a\n|-activate|p2b: Aerodactyl|move: Protect\n|-damage|p2a: Machamp|6/100\n|\n|-damage|p2b: Aerodactyl|16/100 brn|[from] brn\n|-sideend|p1: TeamYourNoobs|move: Tailwind\n|upkeep\n|\n|t:|1776042138\n|switch|p1b: Ninetales|Ninetales, L50, F|68/100\n|-weather|SunnyDay|[from] ability: Drought|[of] p1b: Ninetales\n|turn|12\n|\n|t:|1776042148\n|move|p2b: Aerodactyl|Rock Slide|p1a: Delphox|[spread] p1a,p1b\n|-supereffective|p1a: Delphox|1\n|-supereffective|p1b: Ninetales|1\n|-damage|p1a: Delphox|0 fnt\n|-damage|p1b: Ninetales|40/100\n|faint|p1a: Delphox\n|move|p2a: Machamp|Stone Edge|p1b: Ninetales\n|-supereffective|p1b: Ninetales|1\n|-crit|p1b: Ninetales\n|-damage|p1b: Ninetales|0 fnt\n|faint|p1b: Ninetales\n|\n|win|Rose Gastrodon\n|n|\u2606TeamYourNoobs|teamyournoobs\n|n|\u2606Rose Gastrodon|rosegastrodon\n|n| ika_shinobi|ikashinobi\n|l|\u2606TeamYourNoobs\n|player|p1|\n",
  "uploadtime": 1776042157,
  "views": 8,
  "formatid": "gen9championsvgc2026regma",
  "rating": null,
  "private": 0,
  "password": null
}