{
  "id": "gen9championsvgc2026regma-2582530162",
  "format": "[Gen 9 Champions] VGC 2026 Reg M-A",
  "players": [
    "Bartillo",
    "PlayingViking"
  ],
  "log": "|j|\u2606Bartillo\n|j|\u2606PlayingViking\n|t:|1776097544\n|gametype|doubles\n|player|p1|Bartillo|2|1118\n|player|p2|PlayingViking|101|1122\n|gen|9\n|tier|[Gen 9 Champions] VGC 2026 Reg M-A\n|rated|\n|rule|Species Clause: Limit one of each Pok\u00e9mon\n|rule|Item Clause: Limit 1 of each item\n|clearpoke\n|poke|p1|Milotic, L50, F|\n|poke|p1|Corviknight, L50, M|\n|poke|p1|Incineroar, L50, M|\n|poke|p1|Gyarados, L50, M|\n|poke|p1|Whimsicott, L50, F|\n|poke|p1|Hydreigon, L50, M|\n|poke|p2|Gliscor, L50, M|\n|poke|p2|Arcanine-Hisui, L50, M|\n|poke|p2|Milotic, L50, F|\n|poke|p2|Gardevoir, L50, F|\n|poke|p2|Rotom-Wash, L50|\n|poke|p2|Farigiraf, L50, F|\n|teampreview|4\nPlayingViking rejected open team sheets.\n|\n|t:|1776097610\n|teamsize|p1|4\n|teamsize|p2|4\n|start\n|switch|p1a: Skibidi|Whimsicott, L50, F, shiny|100/100\n|switch|p1b: Solid|Gyarados, L50, M, shiny|100/100\n|switch|p2a: Milotic|Milotic, L50, F|100/100\n|switch|p2b: Gliscor|Gliscor, L50, M|100/100\n|-ability|p1b: Solid|Intimidate|boost\n|-unboost|p2a: Milotic|atk|1\n|-ability|p2a: Milotic|Competitive|boost\n|-boost|p2a: Milotic|spa|2\n|-fail|p2b: Gliscor|unboost|Attack|[from] ability: Hyper Cutter|[of] p2b: Gliscor\n|turn|1\n|\n|t:|1776097659\n|move|p1a: Skibidi|Tailwind|p1a: Skibidi\n|-sidestart|p1: Bartillo|move: Tailwind\n|move|p1b: Solid|Dragon Dance|p1b: Solid\n|-boost|p1b: Solid|atk|1\n|-boost|p1b: Solid|spe|1\n|move|p2b: Gliscor|U-turn|p1a: Skibidi\n|-damage|p1a: Skibidi|79/100\n|\n|t:|1776097669\n|switch|p2b: Gardevoir|Gardevoir, L50, F|100/100|[from] U-turn\n|move|p2a: Milotic|Ice Beam|p1a: Skibidi\n|-supereffective|p1a: Skibidi|1\n|-damage|p1a: Skibidi|0 fnt\n|faint|p1a: Skibidi\n|\n|upkeep\n|\n|t:|1776097679\n|switch|p1a: Silver|Corviknight, L50, M, shiny|100/100\n|-ability|p1a: Silver|Unnerve\n|turn|2\n|\n|t:|1776097722\n|detailschange|p1b: Solid|Gyarados-Mega, L50, M, shiny\n|-mega|p1b: Solid|Gyarados|Gyaradosite\n|-ability|p1b: Solid|Mold Breaker\n|move|p2b: Gardevoir|Protect|p2b: Gardevoir\n|-singleturn|p2b: Gardevoir|Protect\n|move|p1b: Solid|Waterfall|p2b: Gardevoir\n|-activate|p2b: Gardevoir|move: Protect\n|move|p1a: Silver|Brave Bird|p2b: Gardevoir\n|-activate|p2b: Gardevoir|move: Protect\n|move|p2a: Milotic|Icy Wind|p1b: Solid|[spread] p1a,p1b\n|-resisted|p1b: Solid|1\n|-damage|p1a: Silver|84/100\n|-damage|p1b: Solid|94/100\n|-unboost|p1a: Silver|spe|1\n|-unboost|p1b: Solid|spe|1\n|\n|upkeep\n|turn|3\n|\n|t:|1776097743\n|switch|p2b: Rotom|Rotom-Wash, L50|100/100\n|move|p1b: Solid|Crunch|p2b: Rotom\n|-damage|p2b: Rotom|32/100\n|move|p1a: Silver|Brave Bird|p2b: Rotom\n|-resisted|p2b: Rotom|1\n|-damage|p2b: Rotom|11/100\n|-damage|p1a: Silver|79/100|[from] Recoil\n|move|p2a: Milotic|Icy Wind|p1a: Silver|[spread] p1a,p1b\n|-resisted|p1b: Solid|1\n|-damage|p1a: Silver|62/100\n|-damage|p1b: Solid|88/100\n|-unboost|p1a: Silver|spe|1\n|-unboost|p1b: Solid|spe|1\n|\n|upkeep\n|turn|4\n|\n|t:|1776097767\n|move|p2b: Rotom|Protect|p2b: Rotom\n|-singleturn|p2b: Rotom|Protect\n|move|p1b: Solid|Crunch|p2a: Milotic\n|-damage|p2a: Milotic|47/100\n|move|p2a: Milotic|Scald|p1a: Silver\n|-damage|p1a: Silver|9/100\n|-enditem|p1a: Silver|Sitrus Berry|[eat]\n|-heal|p1a: Silver|34/100|[from] item: Sitrus Berry\n|move|p1a: Silver|Body Press|p2b: Rotom\n|-activate|p2b: Rotom|move: Protect\n|\n|-heal|p2a: Milotic|53/100|[from] item: Leftovers\n|-sideend|p1: Bartillo|move: Tailwind\n|upkeep\n|turn|5\n|\n|t:|1776097807\n|move|p2b: Rotom|Thunderbolt|p1a: Silver\n|-supereffective|p1a: Silver|1\n|-damage|p1a: Silver|0 fnt\n|-enditem|p2b: Rotom|Sitrus Berry|[eat]\n|-heal|p2b: Rotom|36/100|[from] item: Sitrus Berry\n|faint|p1a: Silver\n|move|p2a: Milotic|Recover|p2a: Milotic\n|-heal|p2a: Milotic|100/100\n|move|p1b: Solid|Crunch|p2a: Milotic\n|-damage|p2a: Milotic|50/100\n|\n|-heal|p2a: Milotic|56/100|[from] item: Leftovers\n|upkeep\n|\n|t:|1776097815\n|switch|p1a: Aqua|Milotic, L50, F, shiny|100/100\n|turn|6\n|\n|t:|1776097838\n|move|p1a: Aqua|Protect|p1a: Aqua\n|-singleturn|p1a: Aqua|Protect\n|move|p2b: Rotom|Volt Switch|p1a: Aqua\n|-activate|p1a: Aqua|move: Protect\n|move|p2a: Milotic|Recover|p2a: Milotic\n|-heal|p2a: Milotic|100/100\n|move|p1b: Solid|Crunch|p2b: Rotom\n|-damage|p2b: Rotom|0 fnt\n|faint|p2b: Rotom\n|\n|upkeep\n|\n|t:|1776097851\n|switch|p2b: Gardevoir|Gardevoir, L50, F|100/100\n|turn|7\n|\n|t:|1776097871\n|detailschange|p2b: Gardevoir|Gardevoir-Mega, L50, F\n|-mega|p2b: Gardevoir|Gardevoir|Gardevoirite\n|move|p2b: Gardevoir|Hyper Voice|p1a: Aqua|[spread] p1a,p1b\n|-supereffective|p1b: Solid|1\n|-damage|p1a: Aqua|64/100\n|-damage|p1b: Solid|17/100\n|move|p1a: Aqua|Scald|p2b: Gardevoir\n|-damage|p2b: Gardevoir|67/100\n|move|p2a: Milotic|Scald|p1b: Solid\n|-resisted|p1b: Solid|1\n|-damage|p1b: Solid|0 fnt\n|faint|p1b: Solid\n|\n|-heal|p1a: Aqua|70/100|[from] item: Leftovers\n|upkeep\n|turn|8\n|-message|Bartillo forfeited.\n|\n|win|PlayingViking\n|raw|Bartillo's rating: 1118 &rarr; <strong>1093</strong><br />(-25 for losing)\n|raw|PlayingViking's rating: 1122 &rarr; <strong>1147</strong><br />(+25 for winning)\n|l|\u2606Bartillo\n|player|p1|\n",
  "uploadtime": 1776097890,
  "views": 9,
  "formatid": "gen9championsvgc2026regma",
  "rating": 1093,
  "private": 0,
  "password": null
}