{
  "id": "gen9championsvgc2026regma-2585697186",
  "format": "[Gen 9 Champions] VGC 2026 Reg M-A",
  "players": [
    "Vgcsworstplayer",
    "DaviBritoficial"
  ],
  "log": "|j|\u2606Vgcsworstplayer\n|j|\u2606DaviBritoficial\n|t:|1776364420\n|gametype|doubles\n|player|p1|Vgcsworstplayer|1|1277\n|player|p2|DaviBritoficial|n|1258\n|gen|9\n|tier|[Gen 9 Champions] VGC 2026 Reg M-A\n|rated|\n|rule|Species Clause: Limit one of each Pok\u00e9mon\n|rule|Item Clause: Limit 1 of each item\n|clearpoke\n|poke|p1|Lopunny, L50, M|\n|poke|p1|Floette-Eternal, L50, F|\n|poke|p1|Liepard, L50, M|\n|poke|p1|Corviknight, L50, F|\n|poke|p1|Primarina, L50, F|\n|poke|p1|Farigiraf, L50, F|\n|poke|p2|Aerodactyl, L50, M|\n|poke|p2|Sinistcha, L50|\n|poke|p2|Garchomp, L50, F|\n|poke|p2|Rotom-Wash, L50|\n|poke|p2|Sneasler, L50, F|\n|poke|p2|Kingambit, L50, M|\n|teampreview|4\n|inactive|Battle timer is ON: inactive players will automatically lose when time's up. (requested by DaviBritoficial)\n|\n|t:|1776364469\n|teamsize|p1|4\n|teamsize|p2|4\n|start\n|switch|p1a: Corviknight|Corviknight, L50, F, shiny|100/100\n|switch|p1b: Farigiraf|Farigiraf, L50, F|100/100\n|switch|p2a: Aerodactyl|Aerodactyl, L50, M|100/100\n|switch|p2b: Sneasler|Sneasler, L50, F|100/100\n|-ability|p2a: Aerodactyl|Unnerve\n|turn|1\n|\n|t:|1776364489\n|detailschange|p2a: Aerodactyl|Aerodactyl-Mega, L50, M\n|-mega|p2a: Aerodactyl|Aerodactyl|Aerodactylite\n|move|p2a: Aerodactyl|Rock Slide|p1b: Farigiraf|[spread] p1a,p1b\n|-damage|p1a: Corviknight|75/100\n|-damage|p1b: Farigiraf|72/100\n|move|p2b: Sneasler|Taunt|p1a: Corviknight\n|-start|p1a: Corviknight|move: Taunt\n|cant|p1a: Corviknight|flinch\n|move|p1b: Farigiraf|Trick Room|p1b: Farigiraf\n|-fieldstart|move: Trick Room|[of] p1b: Farigiraf\n|\n|-heal|p1a: Corviknight|81/100|[from] item: Leftovers\n|upkeep\n|turn|2\n|inactive|Vgcsworstplayer has 30 seconds left.\n|\n|t:|1776364518\n|switch|p2b: Rotom|Rotom-Wash, L50|100/100\n|move|p1b: Farigiraf|Psychic|p2b: Rotom\n|-damage|p2b: Rotom|58/100\n|move|p1a: Corviknight|Iron Head|p2a: Aerodactyl\n|-supereffective|p2a: Aerodactyl|1\n|-damage|p2a: Aerodactyl|23/100\n|move|p2a: Aerodactyl|Dual Wingbeat|p1b: Farigiraf\n|-damage|p1b: Farigiraf|45/100\n|-damage|p1b: Farigiraf|16/100\n|-hitcount|p1b: Farigiraf|2\n|\n|-heal|p1a: Corviknight|87/100|[from] item: Leftovers\n|-heal|p2b: Rotom|64/100|[from] item: Leftovers\n|upkeep\n|turn|3\n|\n|t:|1776364536\n|move|p2a: Aerodactyl|Protect|p2a: Aerodactyl\n|-singleturn|p2a: Aerodactyl|Protect\n|move|p1b: Farigiraf|Dazzling Gleam|p2a: Aerodactyl|[spread] p2b\n|-activate|p2a: Aerodactyl|move: Protect\n|-damage|p2b: Rotom|48/100\n|move|p1a: Corviknight|Brave Bird|p2b: Rotom\n|-resisted|p2b: Rotom|1\n|-damage|p2b: Rotom|23/100\n|-damage|p1a: Corviknight|80/100|[from] Recoil\n|move|p2b: Rotom|Thunderbolt|p1a: Corviknight\n|-supereffective|p1a: Corviknight|1\n|-damage|p1a: Corviknight|0 fnt\n|faint|p1a: Corviknight\n|\n|-heal|p2b: Rotom|29/100|[from] item: Leftovers\n|upkeep\n|\n|t:|1776364546\n|switch|p1a: Floette|Floette-Eternal, L50, F|100/100\n|turn|4\n|\n|t:|1776364569\n|switch|p1b: Lopunny|Lopunny, L50, M|100/100\n|switch|p2a: Sneasler|Sneasler, L50, F|100/100\n|detailschange|p1a: Floette|Floette-Mega, L50, F\n|-mega|p1a: Floette|Floette|Floettite\n|-ability|p1a: Floette|Fairy Aura\n|move|p2b: Rotom|Thunderbolt|p1b: Lopunny\n|-damage|p1b: Lopunny|52/100\n|move|p1a: Floette|Calm Mind|p1a: Floette\n|-boost|p1a: Floette|spa|1\n|-boost|p1a: Floette|spd|1\n|\n|-heal|p2b: Rotom|34/100|[from] item: Leftovers\n|upkeep\n|turn|5\n|inactive|DaviBritoficial has 30 seconds left.\n|inactive|DaviBritoficial has 20 seconds left.\n|inactive|DaviBritoficial has 15 seconds left.\n|inactive|DaviBritoficial has 10 seconds left.\n|\n|t:|1776364616\n|switch|p2a: Aerodactyl|Aerodactyl-Mega, L50, M|23/100\n|move|p2b: Rotom|Protect|p2b: Rotom\n|-singleturn|p2b: Rotom|Protect\n|move|p1b: Lopunny|Fake Out|p2a: Aerodactyl\n|-resisted|p2a: Aerodactyl|1\n|-damage|p2a: Aerodactyl|13/100\n|move|p1a: Floette|Dazzling Gleam|p2a: Aerodactyl|[spread] p2a\n|-activate|p2b: Rotom|move: Protect\n|-damage|p2a: Aerodactyl|0 fnt\n|faint|p2a: Aerodactyl\n|\n|-heal|p2b: Rotom|40/100|[from] item: Leftovers\n|-fieldend|move: Trick Room\n|upkeep\n|\n|t:|1776364638\n|switch|p2a: Sneasler|Sneasler, L50, F|100/100\n|turn|6\n|\n|t:|1776364649\n|move|p2a: Sneasler|Dire Claw|p1a: Floette\n|-supereffective|p1a: Floette|1\n|-damage|p1a: Floette|1/100\n|move|p1b: Lopunny|U-turn|p2a: Sneasler\n|-resisted|p2a: Sneasler|2\n|-damage|p2a: Sneasler|93/100\n|\n|t:|1776364655\n|switch|p1b: Farigiraf|Farigiraf, L50, F|16/100|[from] U-turn\n|move|p1a: Floette|Draining Kiss|p2a: Sneasler\n|-damage|p2a: Sneasler|5/100\n|-heal|p1a: Floette|60/100|[from] drain|[of] p2a: Sneasler\n|move|p2b: Rotom|Hydro Pump|p1b: Farigiraf\n|-crit|p1b: Farigiraf\n|-damage|p1b: Farigiraf|0 fnt\n|faint|p1b: Farigiraf\n|\n|-heal|p2b: Rotom|46/100|[from] item: Leftovers\n|upkeep\n|\n|t:|1776364664\n|switch|p1b: Lopunny|Lopunny, L50, M|52/100\n|turn|7\n|\n|t:|1776364684\n|switch|p2a: Garchomp|Garchomp, L50, F|100/100\n|move|p2b: Rotom|Protect|p2b: Rotom\n|-singleturn|p2b: Rotom|Protect\n|move|p1b: Lopunny|Fake Out|p2a: Garchomp\n|-damage|p2a: Garchomp|85/100\n|-damage|p1b: Lopunny|40/100|[from] ability: Rough Skin|[of] p2a: Garchomp\n|move|p1a: Floette|Dazzling Gleam|p2a: Garchomp|[spread] p2a\n|-activate|p2b: Rotom|move: Protect\n|-supereffective|p2a: Garchomp|1\n|-damage|p2a: Garchomp|0 fnt\n|faint|p2a: Garchomp\n|\n|-heal|p2b: Rotom|51/100|[from] item: Leftovers\n|upkeep\n|\n|t:|1776364701\n|switch|p2a: Sneasler|Sneasler, L50, F|5/100\n|turn|8\n|inactive|Vgcsworstplayer has 30 seconds left.\n|inactive|DaviBritoficial has 30 seconds left.\n|inactive|Vgcsworstplayer has 20 seconds left.\n|\n|t:|1776364737\n|move|p1b: Lopunny|U-turn|p2a: Sneasler\n|-resisted|p2a: Sneasler|2\n|-damage|p2a: Sneasler|0 fnt\n|faint|p2a: Sneasler\n|move|p1a: Floette|Draining Kiss|p2b: Rotom\n|-damage|p2b: Rotom|0 fnt\n|-heal|p1a: Floette|95/100|[from] drain|[of] p2b: Rotom\n|faint|p2b: Rotom\n|\n|win|Vgcsworstplayer\n|raw|Vgcsworstplayer's rating: 1277 &rarr; <strong>1301</strong><br />(+24 for winning)\n|raw|DaviBritoficial's rating: 1258 &rarr; <strong>1234</strong><br />(-24 for losing)\n|c|\u2606Vgcsworstplayer|Ggs\n|l|\u2606DaviBritoficial\n|player|p2|\n",
  "uploadtime": 1776364761,
  "views": 38,
  "formatid": "gen9championsvgc2026regma",
  "rating": 1234,
  "private": 0,
  "password": null
}