{
  "id": "gen9championsvgc2026regma-2586280393",
  "format": "[Gen 9 Champions] VGC 2026 Reg M-A",
  "players": [
    "gsgwben",
    "r13974682"
  ],
  "log": "|j|\u2606gsgwben\n|j|\u2606r13974682\n|t:|1776420767\n|gametype|doubles\n|player|p1|gsgwben|169|1280\n|player|p2|r13974682|170|1346\n|gen|9\n|tier|[Gen 9 Champions] VGC 2026 Reg M-A\n|rated|\n|rule|Species Clause: Limit one of each Pok\u00e9mon\n|rule|Item Clause: Limit 1 of each item\n|clearpoke\n|poke|p1|Froslass, L50, F|\n|poke|p1|Incineroar, L50, M|\n|poke|p1|Rotom-Wash, L50|\n|poke|p1|Sneasler, L50, F|\n|poke|p1|Garchomp, L50, M|\n|poke|p1|Whimsicott, L50, M|\n|poke|p2|Gardevoir, L50, F|\n|poke|p2|Incineroar, L50, F|\n|poke|p2|Garchomp, L50, M|\n|poke|p2|Basculegion, L50, M|\n|poke|p2|Aerodactyl, L50, F|\n|poke|p2|Kingambit, L50, F|\n|teampreview|4\n|\n|t:|1776420818\n|teamsize|p1|4\n|teamsize|p2|4\n|start\n|switch|p1a: Whimsicott|Whimsicott, L50, M|100/100\n|switch|p1b: Froslass|Froslass, L50, F|100/100\n|switch|p2a: Basculegion|Basculegion, L50, M|100/100\n|switch|p2b: Kingambit|Kingambit, L50, F|100/100\n|turn|1\n|\n|t:|1776420839\n|switch|p2a: Incineroar|Incineroar, L50, F|100/100\n|-ability|p2a: Incineroar|Intimidate|boost\n|-unboost|p1a: Whimsicott|atk|1\n|-unboost|p1b: Froslass|atk|1\n|switch|p1b: Sneasler|Sneasler, L50, F|100/100\n|move|p1a: Whimsicott|Tailwind|p1a: Whimsicott\n|-sidestart|p1: gsgwben|move: Tailwind\n|move|p2b: Kingambit|Iron Head|p1b: Sneasler\n|-damage|p1b: Sneasler|19/100\n|\n|upkeep\n|turn|2\n|\n|t:|1776420881\n|move|p1b: Sneasler|Protect|p1b: Sneasler\n|-singleturn|p1b: Sneasler|Protect\n|move|p2a: Incineroar|Fake Out|p1b: Sneasler\n|-activate|p1b: Sneasler|move: Protect\n|move|p1a: Whimsicott|Moonblast|p2b: Kingambit\n|-damage|p2b: Kingambit|70/100\n|move|p2b: Kingambit|Iron Head|p1a: Whimsicott\n|-supereffective|p1a: Whimsicott|1\n|-enditem|p1a: Whimsicott|Focus Sash\n|-damage|p1a: Whimsicott|1/100\n|\n|upkeep\n|turn|3\n|\n|t:|1776420905\n|switch|p1a: Froslass|Froslass, L50, F|100/100\n|switch|p2a: Basculegion|Basculegion, L50, M|100/100\n|move|p2b: Kingambit|Protect|p2b: Kingambit\n|-singleturn|p2b: Kingambit|Protect\n|move|p1b: Sneasler|Close Combat|p2b: Kingambit\n|-activate|p2b: Kingambit|move: Protect\n|\n|upkeep\n|turn|4\n|\n|t:|1776420938\n|switch|p1b: Whimsicott|Whimsicott, L50, M|1/100\n|switch|p2a: Incineroar|Incineroar, L50, F|100/100\n|-ability|p2a: Incineroar|Intimidate|boost\n|-unboost|p1a: Froslass|atk|1\n|-unboost|p1b: Whimsicott|atk|1\n|detailschange|p1a: Froslass|Froslass-Mega, L50, F\n|-mega|p1a: Froslass|Froslass|Froslassite\n|-weather|Snowscape|[from] ability: Snow Warning|[of] p1a: Froslass\n|move|p1a: Froslass|Protect|p1a: Froslass\n|-singleturn|p1a: Froslass|Protect\n|move|p2b: Kingambit|Sucker Punch||[still]\n|-fail|p2b: Kingambit\n|\n|-weather|Snowscape|[upkeep]\n|-sideend|p1: gsgwben|move: Tailwind\n|upkeep\n|turn|5\n|\n|t:|1776420961\n|move|p1b: Whimsicott|Tailwind|p1b: Whimsicott\n|-sidestart|p1: gsgwben|move: Tailwind\n|move|p1a: Froslass|Aurora Veil|p1a: Froslass\n|-sidestart|p1: gsgwben|move: Aurora Veil\n|move|p2a: Incineroar|Parting Shot|p1a: Froslass\n|-unboost|p1a: Froslass|atk|1\n|-unboost|p1a: Froslass|spa|1\n|\n|t:|1776420969\n|switch|p2a: Gardevoir|Gardevoir, L50, F|100/100|[from] Parting Shot\n|-ability|p2a: Gardevoir|Snow Warning|Trace|[from] ability: Trace|[of] p1a: Froslass\n|move|p2b: Kingambit|Iron Head|p1b: Whimsicott\n|-supereffective|p1b: Whimsicott|1\n|-damage|p1b: Whimsicott|0 fnt\n|faint|p1b: Whimsicott\n|\n|-weather|Snowscape|[upkeep]\n|upkeep\n|\n|t:|1776420979\n|switch|p1b: Sneasler|Sneasler, L50, F|19/100\n|turn|6\n|\n|t:|1776421001\n|switch|p2b: Incineroar|Incineroar, L50, F|100/100\n|-ability|p2b: Incineroar|Intimidate|boost\n|-unboost|p1a: Froslass|atk|1\n|-unboost|p1b: Sneasler|atk|1\n|-enditem|p1b: Sneasler|White Herb\n|-clearnegativeboost|p1b: Sneasler|[silent]\n|move|p2a: Gardevoir|Protect|p2a: Gardevoir\n|-singleturn|p2a: Gardevoir|Protect\n|move|p1b: Sneasler|Close Combat|p2b: Incineroar\n|-supereffective|p2b: Incineroar|1\n|-crit|p2b: Incineroar\n|-damage|p2b: Incineroar|0 fnt\n|-unboost|p1b: Sneasler|def|1\n|-unboost|p1b: Sneasler|spd|1\n|faint|p2b: Incineroar\n|move|p1a: Froslass|Shadow Ball|p2a: Gardevoir\n|-activate|p2a: Gardevoir|move: Protect\n|\n|-weather|Snowscape|[upkeep]\n|upkeep\n|\n|t:|1776421020\n|switch|p2b: Kingambit|Kingambit, L50, F|70/100\n|turn|7\n|\n|t:|1776421034\n|switch|p1b: Rotom|Rotom-Wash, L50|100/100\n|detailschange|p2a: Gardevoir|Gardevoir-Mega, L50, F\n|-mega|p2a: Gardevoir|Gardevoir|Gardevoirite\n|move|p2b: Kingambit|Sucker Punch||[still]\n|-fail|p2b: Kingambit\n|move|p1a: Froslass|Shadow Ball|p2a: Gardevoir\n|-supereffective|p2a: Gardevoir|1\n|-damage|p2a: Gardevoir|51/100\n|move|p2a: Gardevoir|Trick Room|p2a: Gardevoir\n|-fieldstart|move: Trick Room|[of] p2a: Gardevoir\n|\n|-weather|Snowscape|[upkeep]\n|upkeep\n|turn|8\n|\n|t:|1776421058\n|move|p2b: Kingambit|Protect|p2b: Kingambit\n|-singleturn|p2b: Kingambit|Protect\n|move|p1a: Froslass|Protect|p1a: Froslass\n|-singleturn|p1a: Froslass|Protect\n|move|p2a: Gardevoir|Hyper Voice|p1b: Rotom|[spread] p1b\n|-activate|p1a: Froslass|move: Protect\n|-damage|p1b: Rotom|66/100\n|move|p1b: Rotom|Will-O-Wisp|p2b: Kingambit\n|-activate|p2b: Kingambit|move: Protect\n|\n|-weather|none\n|-heal|p1b: Rotom|72/100|[from] item: Leftovers\n|-sideend|p1: gsgwben|move: Tailwind\n|upkeep\n|turn|9\n|\n|t:|1776421103\n|move|p2b: Kingambit|Assurance|p1b: Rotom\n|-damage|p1b: Rotom|42/100\n|move|p2a: Gardevoir|Hyper Voice|p1a: Froslass|[spread] p1a,p1b\n|-damage|p1a: Froslass|67/100\n|-damage|p1b: Rotom|4/100\n|move|p1b: Rotom|Electroweb|p2b: Kingambit|[spread] p2b\n|-miss|p1b: Rotom|p2a: Gardevoir\n|-damage|p2b: Kingambit|54/100\n|-unboost|p2b: Kingambit|spe|1\n|-ability|p2b: Kingambit|Defiant|boost\n|-boost|p2b: Kingambit|atk|2\n|move|p1a: Froslass|Shadow Ball|p2a: Gardevoir\n|-supereffective|p2a: Gardevoir|1\n|-crit|p2a: Gardevoir\n|-damage|p2a: Gardevoir|0 fnt\n|faint|p2a: Gardevoir\n|\n|-heal|p1b: Rotom|10/100|[from] item: Leftovers\n|-sideend|p1: gsgwben|move: Aurora Veil\n|upkeep\n|\n|t:|1776421122\n|switch|p2a: Basculegion|Basculegion, L50, M|100/100\n|turn|10\n|\n|t:|1776421156\n|move|p2b: Kingambit|Iron Head|p1a: Froslass\n|-supereffective|p1a: Froslass|1\n|-damage|p1a: Froslass|0 fnt\n|faint|p1a: Froslass\n|move|p1b: Rotom|Will-O-Wisp|p2b: Kingambit|[miss]\n|-miss|p1b: Rotom|p2b: Kingambit\n|move|p2a: Basculegion|Flip Turn|p1b: Rotom\n|-resisted|p1b: Rotom|1\n|-damage|p1b: Rotom|0 fnt\n|faint|p1b: Rotom\n|\n|upkeep\n|\n|t:|1776421169\n|switch|p1b: Sneasler|Sneasler, L50, F|19/100\n|turn|11\n|\n|t:|1776421175\n|move|p1b: Sneasler|Protect|p1b: Sneasler\n|-singleturn|p1b: Sneasler|Protect\n|move|p2b: Kingambit|Iron Head|p1b: Sneasler\n|-activate|p1b: Sneasler|move: Protect\n|move|p2a: Basculegion|Flip Turn|p1b: Sneasler\n|-activate|p1b: Sneasler|move: Protect\n|\n|-fieldend|move: Trick Room\n|upkeep\n|turn|12\n|\n|t:|1776421187\n|move|p1b: Sneasler|Protect||[still]\n|-fail|p1b: Sneasler\n|move|p2b: Kingambit|Sucker Punch||[still]\n|-fail|p2b: Kingambit\n|move|p2a: Basculegion|Flip Turn|p1b: Sneasler\n|-damage|p1b: Sneasler|0 fnt\n|faint|p1b: Sneasler\n|\n|win|r13974682\n|raw|gsgwben's rating: 1280 &rarr; <strong>1260</strong><br />(-20 for losing)\n|raw|r13974682's rating: 1346 &rarr; <strong>1362</strong><br />(+16 for winning)\n|l|\u2606gsgwben\n|player|p1|\n",
  "uploadtime": 1776421199,
  "views": 42,
  "formatid": "gen9championsvgc2026regma",
  "rating": 1260,
  "private": 0,
  "password": null
}