{
  "id": "gen9championsvgc2026regma-2584869806",
  "format": "[Gen 9 Champions] VGC 2026 Reg M-A",
  "players": [
    "Agesanamon",
    "vnunesp12"
  ],
  "log": "|j|\u2606Agesanamon\n|j|\u2606vnunesp12\n|t:|1776290165\n|gametype|doubles\n|player|p1|Agesanamon|swimmer-gen4dp|1132\n|player|p2|vnunesp12|red|1167\n|gen|9\n|tier|[Gen 9 Champions] VGC 2026 Reg M-A\n|rated|\n|rule|Species Clause: Limit one of each Pok\u00e9mon\n|rule|Item Clause: Limit 1 of each item\n|clearpoke\n|poke|p1|Oranguru, L50, F|\n|poke|p1|Torkoal, L50, M|\n|poke|p1|Sylveon, L50, M|\n|poke|p1|Glalie, L50, M|\n|poke|p1|Conkeldurr, L50, M|\n|poke|p1|Scovillain, L50, F|\n|poke|p2|Froslass, L50, F|\n|poke|p2|Sneasler, L50, M|\n|poke|p2|Kingambit, L50, M|\n|poke|p2|Garchomp, L50, F|\n|poke|p2|Talonflame, L50, F|\n|poke|p2|Primarina, L50, M|\n|teampreview|4\n|inactive|Battle timer is ON: inactive players will automatically lose when time's up. (requested by Agesanamon)\n|\n|t:|1776290190\n|teamsize|p1|4\n|teamsize|p2|4\n|start\n|switch|p1a: Oranguru|Oranguru, L50, F|100/100\n|switch|p1b: Scovillain|Scovillain, L50, F|100/100\n|switch|p2a: Erick|Kingambit, L50, M|100/100\n|switch|p2b: Pulga|Sneasler, L50, M|100/100\n|turn|1\n|\n|t:|1776290204\n|detailschange|p1b: Scovillain|Scovillain-Mega, L50, F\n|-mega|p1b: Scovillain|Scovillain|Scovillainite\n|move|p2b: Pulga|Fake Out|p1b: Scovillain\n|-damage|p1b: Scovillain|82/100\n|-status|p2b: Pulga|brn|[from] ability: Spicy Spray|[of] p1b: Scovillain\n|cant|p1b: Scovillain|flinch\n|move|p2a: Erick|Kowtow Cleave|p1a: Oranguru\n|-supereffective|p1a: Oranguru|1\n|-damage|p1a: Oranguru|0 fnt\n|faint|p1a: Oranguru\n|\n|-damage|p2b: Pulga|95/100 brn|[from] brn\n|upkeep\n|\n|t:|1776290217\n|switch|p1a: Torkoal|Torkoal, L50, M|100/100\n|-weather|SunnyDay|[from] ability: Drought|[of] p1a: Torkoal\n|turn|2\n|\n|t:|1776290231\n|move|p2a: Erick|Protect|p2a: Erick\n|-singleturn|p2a: Erick|Protect\n|move|p1b: Scovillain|Rage Powder|p1b: Scovillain\n|-singleturn|p1b: Scovillain|move: Rage Powder\n|move|p2b: Pulga|Dire Claw|p1b: Scovillain\n|-supereffective|p1b: Scovillain|1\n|-damage|p1b: Scovillain|32/100\n|-status|p1b: Scovillain|slp\n|move|p1a: Torkoal|Eruption|p2a: Erick|[spread] p2b\n|-activate|p2a: Erick|move: Protect\n|-damage|p2b: Pulga|0 fnt\n|faint|p2b: Pulga\n|\n|-weather|SunnyDay|[upkeep]\n|upkeep\n|\n|t:|1776290249\n|switch|p2b: Caio Alexandre|Talonflame, L50, F|100/100\n|turn|3\n|\n|t:|1776290268\n|cant|p1b: Scovillain|slp\n|move|p2b: Caio Alexandre|Brave Bird|p1b: Scovillain\n|-supereffective|p1b: Scovillain|1\n|-damage|p1b: Scovillain|0 fnt\n|-immune|p2b: Caio Alexandre\n|faint|p1b: Scovillain\n|-damage|p2b: Caio Alexandre|91/100|[from] Recoil\n|move|p2a: Erick|Kowtow Cleave|p1a: Torkoal\n|-damage|p1a: Torkoal|58/100\n|move|p1a: Torkoal|Heat Wave|p2a: Erick|[spread] p2a,p2b\n|-supereffective|p2a: Erick|1\n|-resisted|p2b: Caio Alexandre|1\n|-damage|p2a: Erick|0 fnt\n|-damage|p2b: Caio Alexandre|56/100\n|faint|p2a: Erick\n|\n|-weather|SunnyDay|[upkeep]\n|upkeep\n|\n|t:|1776290287\n|switch|p1b: Sylveon|Sylveon, L50, M|100/100\n|switch|p2a: Everaldo|Froslass, L50, F|100/100\n|turn|4\n|\n|t:|1776290304\n|detailschange|p2a: Everaldo|Froslass-Mega, L50, F\n|-mega|p2a: Everaldo|Froslass|Froslassite\n|-weather|Snowscape|[from] ability: Snow Warning|[of] p2a: Everaldo\n|move|p1a: Torkoal|Protect|p1a: Torkoal\n|-singleturn|p1a: Torkoal|Protect\n|move|p2b: Caio Alexandre|Brave Bird|p1a: Torkoal\n|-activate|p1a: Torkoal|move: Protect\n|move|p2a: Everaldo|Blizzard|p1b: Sylveon|[spread] p1b\n|-activate|p1a: Torkoal|move: Protect\n|-damage|p1b: Sylveon|69/100\n|move|p1b: Sylveon|Hyper Voice|p2a: Everaldo|[spread] p2a,p2b\n|-resisted|p2b: Caio Alexandre|1\n|-damage|p2a: Everaldo|43/100\n|-damage|p2b: Caio Alexandre|27/100\n|\n|-weather|Snowscape|[upkeep]\n|upkeep\n|turn|5\n|\n|t:|1776290328\n|move|p2b: Caio Alexandre|Flare Blitz|p1b: Sylveon\n|-damage|p1b: Sylveon|21/100\n|-damage|p2b: Caio Alexandre|10/100|[from] Recoil\n|move|p2a: Everaldo|Blizzard|p1b: Sylveon|[spread] p1a,p1b\n|-resisted|p1a: Torkoal|1\n|-crit|p1a: Torkoal\n|-damage|p1a: Torkoal|15/100\n|-damage|p1b: Sylveon|0 fnt\n|-status|p1a: Torkoal|frz\n|faint|p1b: Sylveon\n|cant|p1a: Torkoal|frz\n|\n|-weather|Snowscape|[upkeep]\n|upkeep\n|turn|6\n|-message|Agesanamon forfeited.\n|\n|win|vnunesp12\n|raw|Agesanamon's rating: 1132 &rarr; <strong>1110</strong><br />(-22 for losing)\n|raw|vnunesp12's rating: 1167 &rarr; <strong>1189</strong><br />(+22 for winning)\n|l|\u2606Agesanamon\n|player|p1|\n",
  "uploadtime": 1776290353,
  "views": 27,
  "formatid": "gen9championsvgc2026regma",
  "rating": 1110,
  "private": 0,
  "password": null
}