{
  "id": "gen9championsvgc2026regma-2586768191",
  "format": "[Gen 9 Champions] VGC 2026 Reg M-A",
  "players": [
    "KogaAF1219",
    "Yunobo7"
  ],
  "log": "|j|\u2606KogaAF1219\n|j|\u2606Yunobo7\n|t:|1776458371\n|gametype|doubles\n|player|p1|KogaAF1219|koga|1422\n|player|p2|Yunobo7|miku-ghost|1424\n|gen|9\n|tier|[Gen 9 Champions] VGC 2026 Reg M-A\n|rated|\n|rule|Species Clause: Limit one of each Pok\u00e9mon\n|rule|Item Clause: Limit 1 of each item\n|clearpoke\n|poke|p1|Torkoal, L50, M|\n|poke|p1|Venusaur, L50, F|\n|poke|p1|Incineroar, L50, F|\n|poke|p1|Farigiraf, L50, M|\n|poke|p1|Rotom-Fan, L50|\n|poke|p1|Excadrill, L50, F|\n|poke|p2|Glimmora, L50, F|\n|poke|p2|Orthworm, L50, F|\n|poke|p2|Garchomp, L50, F|\n|poke|p2|Sinistcha, L50|\n|poke|p2|Rotom-Wash, L50|\n|poke|p2|Incineroar, L50, F|\n|teampreview|4\n|inactive|Battle timer is ON: inactive players will automatically lose when time's up. (requested by Yunobo7)\n|inactive|KogaAF1219 has 60 seconds left.\n|\n|t:|1776458410\n|teamsize|p1|4\n|teamsize|p2|4\n|start\n|switch|p1a: Incineroar|Incineroar, L50, F|100/100\n|switch|p1b: Farigiraf|Farigiraf, L50, M|100/100\n|switch|p2a: Garchomp|Garchomp, L50, F|100/100\n|switch|p2b: Incineroar|Incineroar, L50, F|100/100\n|-ability|p1a: Incineroar|Intimidate|boost\n|-unboost|p2a: Garchomp|atk|1\n|-unboost|p2b: Incineroar|atk|1\n|-ability|p2b: Incineroar|Intimidate|boost\n|-unboost|p1a: Incineroar|atk|1\n|-unboost|p1b: Farigiraf|atk|1\n|turn|1\n|\n|t:|1776458421\n|switch|p2a: Glimmora|Glimmora, L50, F|100/100\n|move|p1a: Incineroar|Fake Out|p2b: Incineroar\n|-damage|p2b: Incineroar|92/100\n|cant|p2b: Incineroar|flinch\n|move|p1b: Farigiraf|Trick Room|p1b: Farigiraf\n|-fieldstart|move: Trick Room|[of] p1b: Farigiraf\n|\n|upkeep\n|turn|2\n|\n|t:|1776458439\n|detailschange|p2a: Glimmora|Glimmora-Mega, L50, F\n|-mega|p2a: Glimmora|Glimmora|Glimmoranite\n|move|p1b: Farigiraf|Thunderbolt|p2b: Incineroar\n|-damage|p2b: Incineroar|64/100\n|move|p2b: Incineroar|Flare Blitz|p1a: Incineroar\n|-resisted|p1a: Incineroar|1\n|-damage|p1a: Incineroar|85/100\n|-damage|p2b: Incineroar|59/100|[from] Recoil\n|move|p1a: Incineroar|Close Combat|p2b: Incineroar\n|-supereffective|p2b: Incineroar|1\n|-damage|p2b: Incineroar|8/100\n|-unboost|p1a: Incineroar|def|1\n|-unboost|p1a: Incineroar|spd|1\n|move|p2a: Glimmora|Earth Power|p1a: Incineroar\n|-supereffective|p1a: Incineroar|1\n|-damage|p1a: Incineroar|0 fnt\n|faint|p1a: Incineroar\n|\n|upkeep\n|\n|t:|1776458459\n|switch|p1a: Torkoal|Torkoal, L50, M|100/100\n|-weather|SunnyDay|[from] ability: Drought|[of] p1a: Torkoal\n|turn|3\n|\n|t:|1776458465\n|move|p2a: Glimmora|Spiky Shield|p2a: Glimmora\n|-singleturn|p2a: Glimmora|move: Protect\n|move|p1a: Torkoal|Earth Power|p2a: Glimmora\n|-activate|p2a: Glimmora|move: Protect\n|move|p1b: Farigiraf|Dazzling Gleam|p2b: Incineroar|[spread] p2b\n|-activate|p2a: Glimmora|move: Protect\n|-damage|p2b: Incineroar|0 fnt\n|faint|p2b: Incineroar\n|\n|-weather|SunnyDay|[upkeep]\n|upkeep\n|\n|t:|1776458475\n|switch|p2b: Garchomp|Garchomp, L50, F|100/100\n|turn|4\n|\n|t:|1776458483\n|switch|p2a: Sinistcha|Sinistcha, L50|100/100\n|move|p1a: Torkoal|Eruption|p2b: Garchomp|[spread] p2a,p2b\n|-supereffective|p2a: Sinistcha|1\n|-resisted|p2b: Garchomp|1\n|-damage|p2a: Sinistcha|0 fnt\n|-damage|p2b: Garchomp|57/100\n|faint|p2a: Sinistcha\n|move|p1b: Farigiraf|Dazzling Gleam|p2b: Garchomp\n|-supereffective|p2b: Garchomp|1\n|-damage|p2b: Garchomp|1/100\n|move|p2b: Garchomp|Stomping Tantrum|p1a: Torkoal\n|-supereffective|p1a: Torkoal|1\n|-damage|p1a: Torkoal|35/100\n|\n|-weather|SunnyDay|[upkeep]\n|upkeep\n|\n|t:|1776458497\n|switch|p2a: Glimmora|Glimmora-Mega, L50, F|100/100\n|turn|5\n|\n|t:|1776458502\n|switch|p1a: Venusaur|Venusaur, L50, F|100/100\n|move|p2a: Glimmora|Spiky Shield|p2a: Glimmora\n|-singleturn|p2a: Glimmora|move: Protect\n|move|p2b: Garchomp|Protect|p2b: Garchomp\n|-singleturn|p2b: Garchomp|Protect\n|move|p1b: Farigiraf|Dazzling Gleam|p2b: Garchomp|[spread] \n|-activate|p2a: Glimmora|move: Protect\n|-activate|p2b: Garchomp|move: Protect\n|\n|-weather|SunnyDay|[upkeep]\n|-fieldend|move: Trick Room\n|upkeep\n|turn|6\n|\n|t:|1776458520\n|move|p1a: Venusaur|Giga Drain|p2b: Garchomp\n|-damage|p2b: Garchomp|0 fnt\n|faint|p2b: Garchomp\n|move|p2a: Glimmora|Sludge Bomb|p1b: Farigiraf\n|-damage|p1b: Farigiraf|28/100\n|move|p1b: Farigiraf|Trick Room|p1b: Farigiraf\n|-fieldstart|move: Trick Room|[of] p1b: Farigiraf\n|\n|-weather|SunnyDay|[upkeep]\n|upkeep\n|turn|7\n|\n|t:|1776458531\n|move|p1b: Farigiraf|Thunderbolt|p2a: Glimmora\n|-damage|p2a: Glimmora|74/100\n|-status|p2a: Glimmora|par\n|move|p2a: Glimmora|Sludge Bomb|p1a: Venusaur\n|-damage|p1a: Venusaur|17/100\n|move|p1a: Venusaur|Giga Drain|p2a: Glimmora\n|-damage|p2a: Glimmora|39/100 par\n|-heal|p1a: Venusaur|38/100|[from] drain|[of] p2a: Glimmora\n|\n|-weather|none\n|upkeep\n|turn|8\n|\n|t:|1776458549\n|detailschange|p1a: Venusaur|Venusaur-Mega, L50, F\n|-mega|p1a: Venusaur|Venusaur|Venusaurite\n|cant|p2a: Glimmora|par\n|move|p1b: Farigiraf|Thunderbolt|p2a: Glimmora\n|-damage|p2a: Glimmora|10/100 par\n|move|p1a: Venusaur|Giga Drain|p2a: Glimmora\n|-damage|p2a: Glimmora|0 fnt\n|-heal|p1a: Venusaur|44/100|[from] drain|[of] p2a: Glimmora\n|faint|p2a: Glimmora\n|\n|win|KogaAF1219\n|raw|KogaAF1219's rating: 1422 &rarr; <strong>1442</strong><br />(+20 for winning)\n|raw|Yunobo7's rating: 1424 &rarr; <strong>1404</strong><br />(-20 for losing)\n|l|\u2606Yunobo7\n|player|p2|\n",
  "uploadtime": 1776458553,
  "views": 51,
  "formatid": "gen9championsvgc2026regma",
  "rating": 1404,
  "private": 0,
  "password": null
}