{
  "id": "gen9championsvgc2026regma-2581257953",
  "format": "[Gen 9 Champions] VGC 2026 Reg M-A",
  "players": [
    "dragapult-flygon2",
    "lolgz"
  ],
  "log": "|j|\u2606dragapult-flygon2\n|j|\u2606lolgz\n|t:|1775977377\n|gametype|doubles\n|player|p1|dragapult-flygon2|dawn-gen4pt|1173\n|player|p2|lolgz|170|1159\n|gen|9\n|tier|[Gen 9 Champions] VGC 2026 Reg M-A\n|rated|\n|rule|Species Clause: Limit one of each Pok\u00e9mon\n|rule|Item Clause: Limit 1 of each item\n|clearpoke\n|poke|p1|Charizard, L50, M|\n|poke|p1|Incineroar, L50, F|\n|poke|p1|Garchomp, L50, F|\n|poke|p1|Aerodactyl, L50, M|\n|poke|p1|Sneasler, L50, M|\n|poke|p1|Whimsicott, L50, M|\n|poke|p2|Charizard, L50, F|\n|poke|p2|Whimsicott, L50, M|\n|poke|p2|Basculegion, L50, M|\n|poke|p2|Dragapult, L50, M|\n|poke|p2|Sneasler, L50, M|\n|poke|p2|Floette-Eternal, L50, F|\n|teampreview|4\n|inactive|Battle timer is ON: inactive players will automatically lose when time's up. (requested by dragapult-flygon2)\n|inactive|dragapult-flygon2 has 60 seconds left.\n|\n|t:|1775977419\n|teamsize|p1|4\n|teamsize|p2|4\n|start\n|switch|p1a: Aerodactyl|Aerodactyl, L50, M|100/100\n|switch|p1b: Garchomp|Garchomp, L50, F|100/100\n|switch|p2a: Dragapult|Dragapult, L50, M|100/100\n|switch|p2b: Basculegion|Basculegion, L50, M|100/100\n|-ability|p1a: Aerodactyl|Unnerve\n|turn|1\n|\n|t:|1775977436\n|move|p1b: Garchomp|Rock Slide|p2a: Dragapult|[spread] p2a,p2b\n|-damage|p2a: Dragapult|72/100\n|-damage|p2b: Basculegion|74/100\n|move|p2b: Basculegion|Flip Turn|p1a: Aerodactyl\n|-supereffective|p1a: Aerodactyl|1\n|-enditem|p1a: Aerodactyl|Focus Sash\n|-damage|p1a: Aerodactyl|1/100\n|\n|t:|1775977449\n|switch|p2b: Sneasler|Sneasler, L50, M|100/100|[from] Flip Turn\n|cant|p2a: Dragapult|flinch\n|move|p1a: Aerodactyl|Tailwind|p1a: Aerodactyl\n|-sidestart|p1: dragapult-flygon2|move: Tailwind\n|\n|upkeep\n|turn|2\n|\n|t:|1775977461\n|move|p1a: Aerodactyl|Protect|p1a: Aerodactyl\n|-singleturn|p1a: Aerodactyl|Protect\n|move|p2b: Sneasler|Fake Out|p1a: Aerodactyl\n|-activate|p1a: Aerodactyl|move: Protect\n|move|p1b: Garchomp|Rock Slide|p2a: Dragapult|[spread] p2a,p2b\n|-resisted|p2b: Sneasler|1\n|-damage|p2a: Dragapult|46/100\n|-damage|p2b: Sneasler|83/100\n|move|p2a: Dragapult|Dragon Darts|p1b: Garchomp\n|-supereffective|p1b: Garchomp|1\n|-damage|p1b: Garchomp|36/100\n|-anim|p2a: Dragapult|Dragon Darts|p1b: Garchomp\n|-supereffective|p1b: Garchomp|1\n|-damage|p1b: Garchomp|0 fnt\n|faint|p1b: Garchomp\n|\n|upkeep\n|\n|t:|1775977464\n|switch|p1b: Charizard|Charizard, L50, M|100/100\n|turn|3\n|\n|t:|1775977488\n|detailschange|p1b: Charizard|Charizard-Mega-Y, L50, M\n|-mega|p1b: Charizard|Charizard|Charizardite Y\n|-weather|SunnyDay|[from] ability: Drought|[of] p1b: Charizard\n|move|p2a: Dragapult|Protect|p2a: Dragapult\n|-singleturn|p2a: Dragapult|Protect\n|move|p1a: Aerodactyl|Dual Wingbeat|p2a: Dragapult\n|-activate|p2a: Dragapult|move: Protect\n|move|p1b: Charizard|Heat Wave|p2b: Sneasler|[spread] p2b\n|-activate|p2a: Dragapult|move: Protect\n|-damage|p2b: Sneasler|0 fnt\n|faint|p2b: Sneasler\n|\n|-weather|SunnyDay|[upkeep]\n|upkeep\n|\n|t:|1775977506\n|switch|p2b: Basculegion|Basculegion, L50, M|74/100\n|turn|4\n|\n|t:|1775977517\n|move|p2b: Basculegion|Aqua Jet|p1a: Aerodactyl\n|-supereffective|p1a: Aerodactyl|1\n|-damage|p1a: Aerodactyl|0 fnt\n|faint|p1a: Aerodactyl\n|move|p1b: Charizard|Heat Wave|p2a: Dragapult|[spread] p2a,p2b\n|-resisted|p2a: Dragapult|1\n|-resisted|p2b: Basculegion|1\n|-damage|p2a: Dragapult|2/100\n|-damage|p2b: Basculegion|37/100\n|-status|p2b: Basculegion|brn\n|move|p2a: Dragapult|Dragon Darts|p1b: Charizard\n|-damage|p1b: Charizard|59/100\n|-anim|p2a: Dragapult|Dragon Darts|p1b: Charizard\n|-damage|p1b: Charizard|14/100\n|\n|-weather|SunnyDay|[upkeep]\n|-damage|p2b: Basculegion|31/100 brn|[from] brn\n|-sideend|p1: dragapult-flygon2|move: Tailwind\n|upkeep\n|\n|t:|1775977524\n|switch|p1a: Sneasler|Sneasler, L50, M|100/100\n|turn|5\n|\n|t:|1775977541\n|move|p2b: Basculegion|Aqua Jet|p1b: Charizard\n|-supereffective|p1b: Charizard|1\n|-damage|p1b: Charizard|0 fnt\n|faint|p1b: Charizard\n|move|p2a: Dragapult|Dragon Darts|p1a: Sneasler\n|-damage|p1a: Sneasler|49/100\n|-anim|p2a: Dragapult|Dragon Darts|p1a: Sneasler\n|-damage|p1a: Sneasler|0 fnt\n|faint|p1a: Sneasler\n|\n|win|lolgz\n|raw|dragapult-flygon2's rating: 1173 &rarr; <strong>1147</strong><br />(-26 for losing)\n|raw|lolgz's rating: 1159 &rarr; <strong>1185</strong><br />(+26 for winning)\n",
  "uploadtime": 1775977542,
  "views": 16,
  "formatid": "gen9championsvgc2026regma",
  "rating": 1147,
  "private": 0,
  "password": null
}