{
  "id": "gen9championsvgc2026regma-2584229051",
  "format": "[Gen 9 Champions] VGC 2026 Reg M-A",
  "players": [
    "arijankonac",
    "NathanaelW19"
  ],
  "log": "|j|\u2606arijankonac\n|j|\u2606NathanaelW19\n|t:|1776240801\n|gametype|doubles\n|player|p1|arijankonac|lucas|1166\n|player|p2|NathanaelW19|dragontamer|1177\n|gen|9\n|tier|[Gen 9 Champions] VGC 2026 Reg M-A\n|rated|\n|rule|Species Clause: Limit one of each Pok\u00e9mon\n|rule|Item Clause: Limit 1 of each item\n|clearpoke\n|poke|p1|Sneasler, L50, M|\n|poke|p1|Dragonite, L50, M|\n|poke|p1|Ceruledge, L50, M|\n|poke|p1|Whimsicott, L50, F|\n|poke|p1|Charizard, L50, M|\n|poke|p1|Incineroar, L50, M|\n|poke|p2|Venusaur, L50, M|\n|poke|p2|Sinistcha-Masterpiece, L50|\n|poke|p2|Clefable, L50, F|\n|poke|p2|Incineroar, L50, M|\n|poke|p2|Charizard, L50, F|\n|poke|p2|Sneasler, L50, F|\n|teampreview|4\n|inactive|Battle timer is ON: inactive players will automatically lose when time's up. (requested by NathanaelW19)\narijankonac rejected open team sheets.\n|\n|t:|1776240831\n|teamsize|p1|4\n|teamsize|p2|4\n|start\n|switch|p1a: Dragonite|Dragonite, L50, M|100/100\n|switch|p1b: Incineroar|Incineroar, L50, M|100/100\n|switch|p2a: Venusaur|Venusaur, L50, M, shiny|100/100\n|switch|p2b: Sneasler|Sneasler, L50, F, shiny|100/100\n|-ability|p1b: Incineroar|Intimidate|boost\n|-unboost|p2a: Venusaur|atk|1\n|-unboost|p2b: Sneasler|atk|1\n|-enditem|p2b: Sneasler|White Herb\n|-clearnegativeboost|p2b: Sneasler|[silent]\n|turn|1\n|\n|t:|1776240844\n|detailschange|p2a: Venusaur|Venusaur-Mega, L50, M, shiny\n|-mega|p2a: Venusaur|Venusaur|Venusaurite\n|move|p1a: Dragonite|Protect|p1a: Dragonite\n|-singleturn|p1a: Dragonite|Protect\n|move|p2b: Sneasler|Fake Out|p1b: Incineroar\n|-damage|p1b: Incineroar|90/100\n|cant|p1b: Incineroar|flinch\n|move|p2a: Venusaur|Giga Drain|p1a: Dragonite\n|-activate|p1a: Dragonite|move: Protect\n|\n|upkeep\n|turn|2\n|\n|t:|1776240860\n|move|p2b: Sneasler|Close Combat|p1b: Incineroar\n|-supereffective|p1b: Incineroar|1\n|-damage|p1b: Incineroar|0 fnt\n|-unboost|p2b: Sneasler|def|1\n|-unboost|p2b: Sneasler|spd|1\n|faint|p1b: Incineroar\n|move|p1a: Dragonite|Tailwind|p1a: Dragonite\n|-sidestart|p1: arijankonac|move: Tailwind\n|move|p2a: Venusaur|Sludge Bomb|p1a: Dragonite|[miss]\n|-miss|p2a: Venusaur|p1a: Dragonite\n|\n|upkeep\n|\n|t:|1776240870\n|switch|p1b: Charizard|Charizard, L50, M|100/100\n|turn|3\n|\n|t:|1776240881\n|switch|p2a: Incineroar|Incineroar, L50, M, shiny|100/100\n|-ability|p2a: Incineroar|Intimidate|boost\n|-unboost|p1a: Dragonite|atk|1\n|-unboost|p1b: Charizard|atk|1\n|detailschange|p1b: Charizard|Charizard-Mega-Y, L50, M\n|-mega|p1b: Charizard|Charizard|Charizardite Y\n|-weather|SunnyDay|[from] ability: Drought|[of] p1b: Charizard\n|move|p1a: Dragonite|Protect|p1a: Dragonite\n|-singleturn|p1a: Dragonite|Protect\n|move|p2b: Sneasler|Rock Slide|p1b: Charizard|[spread] p1b\n|-activate|p1a: Dragonite|move: Protect\n|-supereffective|p1b: Charizard|2\n|-damage|p1b: Charizard|0 fnt\n|faint|p1b: Charizard\n|\n|-weather|SunnyDay|[upkeep]\n|upkeep\n|\n|t:|1776240897\n|switch|p1b: Ceruledge|Ceruledge, L50, M, shiny|100/100\n|turn|4\n|\n|t:|1776240912\n|move|p2a: Incineroar|Fake Out|p1a: Dragonite\n|-damage|p1a: Dragonite|95/100\n|move|p2b: Sneasler|Rock Slide|p1a: Dragonite|[spread] p1a,p1b\n|-supereffective|p1a: Dragonite|1\n|-supereffective|p1b: Ceruledge|1\n|-damage|p1a: Dragonite|61/100\n|-damage|p1b: Ceruledge|47/100\n|-ability|p1b: Ceruledge|Weak Armor|boost\n|-unboost|p1b: Ceruledge|def|1\n|-boost|p1b: Ceruledge|spe|2\n|move|p1b: Ceruledge|Swords Dance|p1b: Ceruledge\n|-boost|p1b: Ceruledge|atk|2\n|cant|p1a: Dragonite|flinch\n|\n|-weather|SunnyDay|[upkeep]\n|upkeep\n|turn|5\n|\n|t:|1776240930\n|move|p2b: Sneasler|Protect|p2b: Sneasler\n|-singleturn|p2b: Sneasler|Protect\n|move|p1b: Ceruledge|Bitter Blade|p2b: Sneasler\n|-activate|p2b: Sneasler|move: Protect\n|move|p1a: Dragonite|Draco Meteor|p2a: Incineroar\n|-damage|p2a: Incineroar|51/100\n|-unboost|p1a: Dragonite|spa|2\n|move|p2a: Incineroar|Throat Chop|p1b: Ceruledge\n|-supereffective|p1b: Ceruledge|1\n|-crit|p1b: Ceruledge\n|-damage|p1b: Ceruledge|0 fnt\n|faint|p1b: Ceruledge\n|\n|-weather|SunnyDay|[upkeep]\n|-sideend|p1: arijankonac|move: Tailwind\n|upkeep\n|turn|6\n|-message|arijankonac forfeited.\n|\n|win|NathanaelW19\n|raw|arijankonac's rating: 1166 &rarr; <strong>1142</strong><br />(-24 for losing)\n|raw|NathanaelW19's rating: 1177 &rarr; <strong>1201</strong><br />(+24 for winning)\n|l|\u2606arijankonac\n|player|p1|\n",
  "uploadtime": 1776240954,
  "views": 17,
  "formatid": "gen9championsvgc2026regma",
  "rating": 1142,
  "private": 0,
  "password": null
}