{
  "id": "gen9championsvgc2026regma-2583873720",
  "format": "[Gen 9 Champions] VGC 2026 Reg M-A",
  "players": [
    "GammaBouillon12",
    "Misterman108"
  ],
  "log": "|j|\u203dGammaBouillon12\n|j|\u2606Misterman108\n|t:|1776204459\n|gametype|doubles\n|player|p1|GammaBouillon12|clerkf|1049\n|player|p2|Misterman108|170|1101\n|gen|9\n|tier|[Gen 9 Champions] VGC 2026 Reg M-A\n|rated|\n|rule|Species Clause: Limit one of each Pok\u00e9mon\n|rule|Item Clause: Limit 1 of each item\n|clearpoke\n|poke|p1|Kommo-o, L50, M|\n|poke|p1|Basculegion, L50, M|\n|poke|p1|Incineroar, L50, M|\n|poke|p1|Scizor, L50, F|\n|poke|p1|Sneasler, L50, M|\n|poke|p1|Ninetales-Alola, L50, F|\n|poke|p2|Rotom-Heat, L50|\n|poke|p2|Pelipper, L50, M|\n|poke|p2|Basculegion, L50, M|\n|poke|p2|Archaludon, L50, M|\n|poke|p2|Sneasler, L50, F|\n|poke|p2|Dragonite, L50, F|\n|teampreview|4\n|inactive|Battle timer is ON: inactive players will automatically lose when time's up. (requested by Misterman108)\n|\n|t:|1776204489\n|teamsize|p1|4\n|teamsize|p2|4\n|start\n|switch|p1a: Kommo-o|Kommo-o, L50, M|100/100\n|switch|p1b: Basculegion|Basculegion, L50, M|100/100\n|switch|p2a: Rotom|Rotom-Heat, L50|100/100\n|switch|p2b: Sneasler|Sneasler, L50, F|100/100\n|turn|1\n|\n|t:|1776204505\n|move|p2b: Sneasler|Fake Out|p1a: Kommo-o\n|-damage|p1a: Kommo-o|85/100\n|move|p1b: Basculegion|Aqua Jet|p2a: Rotom\n|-supereffective|p2a: Rotom|1\n|-damage|p2a: Rotom|33/100\n|move|p2a: Rotom|Volt Switch|p1b: Basculegion\n|-supereffective|p1b: Basculegion|1\n|-crit|p1b: Basculegion\n|-damage|p1b: Basculegion|0 fnt\n|faint|p1b: Basculegion\n|\n|t:|1776204518\n|switch|p2a: Dragonite|Dragonite, L50, F|100/100|[from] Volt Switch\n|cant|p1a: Kommo-o|flinch\n|\n|-heal|p1a: Kommo-o|91/100|[from] item: Leftovers\n|upkeep\n|\n|t:|1776204526\n|switch|p1b: Ninetales|Ninetales-Alola, L50, F|100/100\n|-weather|Snowscape|[from] ability: Snow Warning|[of] p1b: Ninetales\n|turn|2\n|\n|t:|1776204536\n|move|p2a: Dragonite|Protect|p2a: Dragonite\n|-singleturn|p2a: Dragonite|Protect\n|move|p1b: Ninetales|Blizzard|p2a: Dragonite|[spread] p2b\n|-activate|p2a: Dragonite|move: Protect\n|-damage|p2b: Sneasler|54/100\n|move|p2b: Sneasler|Close Combat|p1b: Ninetales\n|-damage|p1b: Ninetales|28/100\n|-unboost|p2b: Sneasler|def|1\n|-unboost|p2b: Sneasler|spd|1\n|-enditem|p2b: Sneasler|White Herb\n|-clearnegativeboost|p2b: Sneasler|[silent]\n|move|p1a: Kommo-o|Clanging Scales|p2a: Dragonite|[spread] p2b\n|-activate|p2a: Dragonite|move: Protect\n|-damage|p2b: Sneasler|6/100\n|-unboost|p1a: Kommo-o|def|1\n|\n|-weather|Snowscape|[upkeep]\n|-heal|p1a: Kommo-o|97/100|[from] item: Leftovers\n|upkeep\n|turn|3\n|inactive|GammaBouillon12 has 30 seconds left.\n|\n|t:|1776204562\n|detailschange|p2a: Dragonite|Dragonite-Mega, L50, F\n|-mega|p2a: Dragonite|Dragonite|Dragoninite\n|move|p2b: Sneasler|Dire Claw|p1b: Ninetales\n|-supereffective|p1b: Ninetales|1\n|-damage|p1b: Ninetales|0 fnt\n|faint|p1b: Ninetales\n|move|p2a: Dragonite|Draco Meteor|p1a: Kommo-o\n|-supereffective|p1a: Kommo-o|1\n|-damage|p1a: Kommo-o|0 fnt\n|-unboost|p2a: Dragonite|spa|2\n|faint|p1a: Kommo-o\n|\n|-weather|Snowscape|[upkeep]\n|upkeep\n|\n|t:|1776204576\n|switch|p1b: Scizor|Scizor, L50, F|100/100\n|turn|4\n|\n|t:|1776204586\n|switch|p2a: Rotom|Rotom-Heat, L50|33/100\n|detailschange|p1b: Scizor|Scizor-Mega, L50, F\n|-mega|p1b: Scizor|Scizor|Scizorite\n|move|p2b: Sneasler|Protect|p2b: Sneasler\n|-singleturn|p2b: Sneasler|Protect\n|move|p1b: Scizor|Protect||[still]\n|-fail|p1b: Scizor\n|\n|-weather|Snowscape|[upkeep]\n|upkeep\n|turn|5\n|\n|t:|1776204598\n|move|p2b: Sneasler|Close Combat|p1b: Scizor\n|-damage|p1b: Scizor|40/100\n|-unboost|p2b: Sneasler|def|1\n|-unboost|p2b: Sneasler|spd|1\n|move|p2a: Rotom|Overheat|p1b: Scizor\n|-supereffective|p1b: Scizor|2\n|-damage|p1b: Scizor|0 fnt\n|-unboost|p2a: Rotom|spa|2\n|faint|p1b: Scizor\n|\n|win|Misterman108\n|raw|GammaBouillon12's rating: 1049 &rarr; <strong>1034</strong><br />(-15 for losing)\n|raw|Misterman108's rating: 1101 &rarr; <strong>1122</strong><br />(+21 for winning)\n",
  "uploadtime": 1776204606,
  "views": 27,
  "formatid": "gen9championsvgc2026regma",
  "rating": 1034,
  "private": 0,
  "password": null
}