{
  "id": "gen9championsvgc2026regma-2586330000",
  "format": "[Gen 9 Champions] VGC 2026 Reg M-A",
  "players": [
    "Astraision",
    "tsukifrombilllie"
  ],
  "log": "|j|\u2606Astraision\n|j|\u2606tsukifrombilllie\n|t:|1776425902\n|gametype|doubles\n|player|p1|Astraision|iris-gen5bw2|1224\n|player|p2|tsukifrombilllie|lyra|1192\n|gen|9\n|tier|[Gen 9 Champions] VGC 2026 Reg M-A\n|rated|\n|rule|Species Clause: Limit one of each Pok\u00e9mon\n|rule|Item Clause: Limit 1 of each item\n|clearpoke\n|poke|p1|Aggron, L50, M|\n|poke|p1|Incineroar, L50, M|\n|poke|p1|Sinistcha, L50|\n|poke|p1|Kangaskhan, L50, F|\n|poke|p1|Kommo-o, L50, M|\n|poke|p1|Milotic, L50, M|\n|poke|p2|Meganium, L50, M|\n|poke|p2|Excadrill, L50, M|\n|poke|p2|Tyranitar, L50, M|\n|poke|p2|Rotom-Wash, L50|\n|poke|p2|Dragapult, L50, F|\n|poke|p2|Sneasler, L50, M|\n|teampreview|4\n|inactive|Battle timer is ON: inactive players will automatically lose when time's up. (requested by Astraision)\n|\n|t:|1776425926\n|teamsize|p1|4\n|teamsize|p2|4\n|start\n|switch|p1a: Kurama|Incineroar, L50, M|100/100\n|switch|p1b: Charon|Kommo-o, L50, M, shiny|100/100\n|switch|p2a: Sneasler|Sneasler, L50, M|100/100\n|switch|p2b: Dragapult|Dragapult, L50, F, shiny|100/100\n|-ability|p1a: Kurama|Intimidate|boost\n|-unboost|p2a: Sneasler|atk|1\n|-fail|p2b: Dragapult|unboost|[from] ability: Clear Body|[of] p2b: Dragapult\n|-enditem|p2a: Sneasler|White Herb\n|-clearnegativeboost|p2a: Sneasler|[silent]\n|turn|1\n|\n|t:|1776425946\n|move|p2a: Sneasler|Protect|p2a: Sneasler\n|-singleturn|p2a: Sneasler|Protect\n|move|p1b: Charon|Protect|p1b: Charon\n|-singleturn|p1b: Charon|Protect\n|move|p2b: Dragapult|Dragon Darts|p1a: Kurama\n|-damage|p1a: Kurama|78/100\n|-anim|p2b: Dragapult|Dragon Darts|p1a: Kurama\n|-damage|p1a: Kurama|57/100\n|move|p1a: Kurama|Darkest Lariat|p2b: Dragapult\n|-supereffective|p2b: Dragapult|1\n|-enditem|p2b: Dragapult|Colbur Berry|[eat]\n|-enditem|p2b: Dragapult|Colbur Berry|[weaken]\n|-damage|p2b: Dragapult|44/100\n|\n|upkeep\n|turn|2\n|\n|t:|1776425965\n|switch|p1b: MARINEFORD|Aggron, L50, M, shiny|100/100\n|switch|p1a: Cola|Sinistcha, L50|100/100\n|move|p2a: Sneasler|Close Combat|p1a: Cola\n|-immune|p1a: Cola\n|move|p2b: Dragapult|Dragon Darts|p1b: MARINEFORD\n|-resisted|p1b: MARINEFORD|1\n|-damage|p1b: MARINEFORD|93/100\n|-anim|p2b: Dragapult|Dragon Darts|p1a: Cola\n|-damage|p1a: Cola|80/100\n|\n|upkeep\n|turn|3\n|inactive|Astraision has 30 seconds left.\n|\n|t:|1776425999\n|switch|p2b: Meganium|Meganium, L50, M, shiny|100/100\n|detailschange|p1b: MARINEFORD|Aggron-Mega, L50, M, shiny\n|-mega|p1b: MARINEFORD|Aggron|Aggronite\n|move|p1a: Cola|Protect|p1a: Cola\n|-singleturn|p1a: Cola|Protect\n|move|p2a: Sneasler|Dire Claw|p1a: Cola\n|-activate|p1a: Cola|move: Protect\n|move|p1b: MARINEFORD|Iron Defense|p1b: MARINEFORD\n|-boost|p1b: MARINEFORD|def|2\n|\n|upkeep\n|turn|4\n|\n|t:|1776426019\n|switch|p1a: Kurama|Incineroar, L50, M|57/100\n|-ability|p1a: Kurama|Intimidate|boost\n|-unboost|p2a: Sneasler|atk|1\n|-unboost|p2b: Meganium|atk|1\n|detailschange|p2b: Meganium|Meganium-Mega, L50, M, shiny\n|-mega|p2b: Meganium|Meganium|Meganiumite\n|move|p1b: MARINEFORD|Protect|p1b: MARINEFORD\n|-singleturn|p1b: MARINEFORD|Protect\n|move|p2a: Sneasler|Dire Claw|p1a: Kurama\n|-damage|p1a: Kurama|33/100\n|-status|p1a: Kurama|par\n|move|p2b: Meganium|Weather Ball|p1b: MARINEFORD\n|-activate|p1b: MARINEFORD|move: Protect\n|\n|upkeep\n|turn|5\n|inactive|Astraision has 30 seconds left.\n|\n|t:|1776426046\n|switch|p1b: Cola|Sinistcha, L50|80/100\n|-heal|p1a: Kurama|58/100 par|[from] ability: Hospitality|[of] p1b: Cola\n|move|p2a: Sneasler|Protect|p2a: Sneasler\n|-singleturn|p2a: Sneasler|Protect\n|move|p2b: Meganium|Protect|p2b: Meganium\n|-singleturn|p2b: Meganium|Protect\n|move|p1a: Kurama|Parting Shot|p2b: Meganium\n|-activate|p2b: Meganium|move: Protect\n|\n|upkeep\n|turn|6\n|\n|t:|1776426059\n|move|p1b: Cola|Protect|p1b: Cola\n|-singleturn|p1b: Cola|Protect\n|move|p2a: Sneasler|Close Combat|p1a: Kurama\n|-supereffective|p1a: Kurama|1\n|-enditem|p1a: Kurama|Chople Berry|[eat]\n|-enditem|p1a: Kurama|Chople Berry|[weaken]\n|-damage|p1a: Kurama|25/100 par\n|-unboost|p2a: Sneasler|def|1\n|-unboost|p2a: Sneasler|spd|1\n|move|p2b: Meganium|Weather Ball|p1b: Cola\n|-activate|p1b: Cola|move: Protect\n|move|p1a: Kurama|Flare Blitz|p2b: Meganium\n|-supereffective|p2b: Meganium|1\n|-damage|p2b: Meganium|7/100\n|-damage|p1a: Kurama|0 fnt|[from] Recoil\n|faint|p1a: Kurama\n|\n|upkeep\n|\n|t:|1776426078\n|switch|p1a: Charon|Kommo-o, L50, M, shiny|100/100\n|turn|7\n|\n|t:|1776426087\n|switch|p2b: Tyranitar|Tyranitar, L50, M, shiny|100/100\n|-weather|Sandstorm|[from] ability: Sand Stream|[of] p2b: Tyranitar\n|move|p1b: Cola|Rage Powder|p1b: Cola\n|-singleturn|p1b: Cola|move: Rage Powder\n|move|p2a: Sneasler|Dire Claw|p1b: Cola\n|-damage|p1b: Cola|54/100\n|-status|p1b: Cola|par\n|move|p1a: Charon|Clangorous Soul|p1a: Charon\n|-boost|p1a: Charon|atk|1\n|-boost|p1a: Charon|def|1\n|-boost|p1a: Charon|spa|1\n|-boost|p1a: Charon|spd|1\n|-boost|p1a: Charon|spe|1\n|-damage|p1a: Charon|68/100\n|\n|-weather|Sandstorm|[upkeep]\n|-damage|p2a: Sneasler|94/100|[from] Sandstorm\n|-damage|p1a: Charon|61/100|[from] Sandstorm\n|-damage|p1b: Cola|48/100 par|[from] Sandstorm\n|-enditem|p1b: Cola|Sitrus Berry|[eat]\n|-heal|p1b: Cola|73/100 par|[from] item: Sitrus Berry\n|-heal|p1a: Charon|68/100|[from] item: Leftovers\n|upkeep\n|turn|8\n|inactive|Astraision has 30 seconds left.\n|\n|t:|1776426114\n|move|p2a: Sneasler|Protect|p2a: Sneasler\n|-singleturn|p2a: Sneasler|Protect\n|move|p1a: Charon|Protect|p1a: Charon\n|-singleturn|p1a: Charon|Protect\n|move|p2b: Tyranitar|Ice Punch|p1a: Charon\n|-activate|p1a: Charon|move: Protect\n|move|p1b: Cola|Life Dew|p1b: Cola|[spread] p1a,p1b\n|-heal|p1a: Charon|92/100\n|-heal|p1b: Cola|98/100 par\n|\n|-weather|Sandstorm|[upkeep]\n|-damage|p2a: Sneasler|88/100|[from] Sandstorm\n|-damage|p1a: Charon|86/100|[from] Sandstorm\n|-damage|p1b: Cola|92/100 par|[from] Sandstorm\n|-heal|p1a: Charon|92/100|[from] item: Leftovers\n|upkeep\n|turn|9\n|inactive|Astraision has 30 seconds left.\n|\n|t:|1776426142\n|move|p1b: Cola|Rage Powder|p1b: Cola\n|-singleturn|p1b: Cola|move: Rage Powder\n|move|p2a: Sneasler|Dire Claw|p1b: Cola\n|-damage|p1b: Cola|66/100 par\n|move|p1a: Charon|Clanging Scales|p2a: Sneasler|[spread] p2a,p2b\n|-damage|p2a: Sneasler|0 fnt\n|-damage|p2b: Tyranitar|70/100\n|faint|p2a: Sneasler\n|-unboost|p1a: Charon|def|1\n|move|p2b: Tyranitar|Ice Punch|p1b: Cola\n|-supereffective|p1b: Cola|1\n|-damage|p1b: Cola|12/100 par\n|\n|-weather|Sandstorm|[upkeep]\n|-damage|p1a: Charon|86/100|[from] Sandstorm\n|-damage|p1b: Cola|6/100 par|[from] Sandstorm\n|-heal|p1a: Charon|92/100|[from] item: Leftovers\n|upkeep\n|\n|t:|1776426157\n|switch|p2a: Dragapult|Dragapult, L50, F, shiny|44/100\n|turn|10\n|\n|t:|1776426171\n|switch|p1b: MARINEFORD|Aggron-Mega, L50, M, shiny|93/100\n|move|p2a: Dragapult|Dragon Darts|p1b: MARINEFORD\n|-resisted|p1b: MARINEFORD|1\n|-damage|p1b: MARINEFORD|86/100\n|-anim|p2a: Dragapult|Dragon Darts|p1a: Charon\n|-supereffective|p1a: Charon|1\n|-damage|p1a: Charon|48/100\n|move|p1a: Charon|Clanging Scales|p2a: Dragapult|[spread] p2a,p2b\n|-supereffective|p2a: Dragapult|1\n|-damage|p2a: Dragapult|0 fnt\n|-damage|p2b: Tyranitar|33/100\n|faint|p2a: Dragapult\n|-unboost|p1a: Charon|def|1\n|move|p2b: Tyranitar|Ice Punch|p1a: Charon\n|-supereffective|p1a: Charon|1\n|-damage|p1a: Charon|0 fnt\n|faint|p1a: Charon\n|\n|-weather|Sandstorm|[upkeep]\n|upkeep\n|\n|t:|1776426187\n|switch|p2a: Meganium|Meganium-Mega, L50, M, shiny|7/100\n|switch|p1a: Cola|Sinistcha, L50|6/100 par\n|-heal|p1b: MARINEFORD|100/100|[from] ability: Hospitality|[of] p1a: Cola\n|turn|11\n|\n|t:|1776426199\n|move|p1b: MARINEFORD|Protect|p1b: MARINEFORD\n|-singleturn|p1b: MARINEFORD|Protect\n|move|p1a: Cola|Protect|p1a: Cola\n|-singleturn|p1a: Cola|Protect\n|move|p2a: Meganium|Weather Ball|p1b: MARINEFORD\n|-activate|p1b: MARINEFORD|move: Protect\n|move|p2b: Tyranitar|Rock Slide|p1a: Cola|[spread] \n|-activate|p1a: Cola|move: Protect\n|-activate|p1b: MARINEFORD|move: Protect\n|\n|-weather|none\n|upkeep\n|turn|12\n|\n|t:|1776426210\n|move|p1a: Cola|Rage Powder|p1a: Cola\n|-singleturn|p1a: Cola|move: Rage Powder\n|move|p2a: Meganium|Weather Ball|p1b: MARINEFORD\n|-supereffective|p1b: MARINEFORD|1\n|-damage|p1b: MARINEFORD|29/100\n|move|p2b: Tyranitar|Rock Slide|p1b: MARINEFORD|[spread] p1a,p1b\n|-resisted|p1b: MARINEFORD|1\n|-damage|p1a: Cola|0 fnt\n|-damage|p1b: MARINEFORD|20/100\n|faint|p1a: Cola\n|cant|p1b: MARINEFORD|flinch\n|\n|upkeep\n|turn|13\n|-message|Astraision forfeited.\n|\n|win|tsukifrombilllie\n|raw|Astraision's rating: 1224 &rarr; <strong>1197</strong><br />(-27 for losing)\n|raw|tsukifrombilllie's rating: 1192 &rarr; <strong>1219</strong><br />(+27 for winning)\n|l|\u2606Astraision\n|player|p1|\n",
  "uploadtime": 1776426223,
  "views": 31,
  "formatid": "gen9championsvgc2026regma",
  "rating": 1197,
  "private": 0,
  "password": null
}