{
  "id": "gen9championsvgc2026regma-2583916600",
  "format": "[Gen 9 Champions] VGC 2026 Reg M-A",
  "players": [
    "Oh-Look-A-Sailboat",
    "tacocato"
  ],
  "log": "|j|\u2606Oh-Look-A-Sailboat\n|j|\u2606tacocato\n|t:|1776208066\n|gametype|doubles\n|player|p1|Oh-Look-A-Sailboat|102|1129\n|player|p2|tacocato|n|1174\n|gen|9\n|tier|[Gen 9 Champions] VGC 2026 Reg M-A\n|rated|\n|rule|Species Clause: Limit one of each Pok\u00e9mon\n|rule|Item Clause: Limit 1 of each item\n|clearpoke\n|poke|p1|Banette, L50, M|\n|poke|p1|Ditto, L50|\n|poke|p1|Kingambit, L50, F|\n|poke|p1|Whimsicott, L50, M|\n|poke|p1|Incineroar, L50, F|\n|poke|p1|Sinistcha, L50|\n|poke|p2|Froslass, L50, F|\n|poke|p2|Whimsicott, L50, F|\n|poke|p2|Kommo-o, L50, F|\n|poke|p2|Milotic, L50, F|\n|poke|p2|Aerodactyl, L50, M|\n|poke|p2|Hatterene, L50, F|\n|teampreview|4\n|inactive|Battle timer is ON: inactive players will automatically lose when time's up. (requested by tacocato)\n|inactive|Oh-Look-A-Sailboat also wants the timer to be on.\n|inactive|Oh-Look-A-Sailboat has 60 seconds left.\n|\n|t:|1776208118\n|teamsize|p1|4\n|teamsize|p2|4\n|start\n|switch|p1a: Whimsicott|Whimsicott, L50, M|100/100\n|switch|p1b: Kingambit|Kingambit, L50, F|100/100\n|switch|p2a: Milotic|Milotic, L50, F|100/100\n|switch|p2b: Kommo-o|Kommo-o, L50, F|100/100\n|turn|1\n|\n|t:|1776208142\n|move|p1a: Whimsicott|Moonblast|p2b: Kommo-o\n|-supereffective|p2b: Kommo-o|2\n|-damage|p2b: Kommo-o|0 fnt\n|faint|p2b: Kommo-o\n|move|p2a: Milotic|Coil|p2a: Milotic\n|-boost|p2a: Milotic|atk|1\n|-boost|p2a: Milotic|def|1\n|-boost|p2a: Milotic|accuracy|1\n|move|p1b: Kingambit|Kowtow Cleave|p2a: Milotic\n|-damage|p2a: Milotic|65/100\n|\n|upkeep\n|\n|t:|1776208146\n|switch|p2b: Whimsicott|Whimsicott, L50, F|100/100\n|turn|2\n|\n|t:|1776208166\n|switch|p1b: Banette|Banette, L50, M|100/100\n|-item|p2a: Milotic|Sitrus Berry|[from] ability: Frisk|[of] p1b: Banette\n|-item|p2b: Whimsicott|Focus Sash|[from] ability: Frisk|[of] p1b: Banette\n|move|p1a: Whimsicott|Encore|p2a: Milotic\n|-start|p2a: Milotic|Encore\n|move|p2b: Whimsicott|Taunt|p1a: Whimsicott\n|-start|p1a: Whimsicott|move: Taunt\n|move|p2a: Milotic|Coil|p2a: Milotic\n|-boost|p2a: Milotic|atk|1\n|-boost|p2a: Milotic|def|1\n|-boost|p2a: Milotic|accuracy|1\n|\n|upkeep\n|turn|3\n|inactive|Oh-Look-A-Sailboat has 30 seconds left.\n|\n|t:|1776208191\n|switch|p2a: Froslass|Froslass, L50, F, shiny|100/100\n|switch|p1b: Kingambit|Kingambit, L50, F|100/100\n|move|p1a: Whimsicott|Moonblast|p2a: Froslass\n|-damage|p2a: Froslass|41/100\n|move|p2b: Whimsicott|Dazzling Gleam|p1a: Whimsicott|[spread] p1a,p1b\n|-damage|p1a: Whimsicott|60/100\n|-damage|p1b: Kingambit|74/100\n|\n|upkeep\n|turn|4\n|\n|t:|1776208211\n|switch|p2a: Milotic|Milotic, L50, F|65/100\n|move|p1b: Kingambit|Protect|p1b: Kingambit\n|-singleturn|p1b: Kingambit|Protect\n|move|p1a: Whimsicott|Moonblast|p2a: Milotic\n|-damage|p2a: Milotic|44/100\n|-enditem|p2a: Milotic|Sitrus Berry|[eat]\n|-heal|p2a: Milotic|69/100|[from] item: Sitrus Berry\n|move|p2b: Whimsicott|Dazzling Gleam|p1b: Kingambit|[spread] p1a\n|-activate|p1b: Kingambit|move: Protect\n|-damage|p1a: Whimsicott|21/100\n|\n|upkeep\n|turn|5\n|\n|t:|1776208233\n|move|p1a: Whimsicott|Moonblast|p2b: Whimsicott\n|-damage|p2b: Whimsicott|43/100\n|move|p2b: Whimsicott|Dazzling Gleam|p1a: Whimsicott|[spread] p1a,p1b\n|-damage|p1a: Whimsicott|0 fnt\n|-damage|p1b: Kingambit|46/100\n|faint|p1a: Whimsicott\n|move|p2a: Milotic|Coil|p2a: Milotic\n|-boost|p2a: Milotic|atk|1\n|-boost|p2a: Milotic|def|1\n|-boost|p2a: Milotic|accuracy|1\n|move|p1b: Kingambit|Kowtow Cleave|p2a: Milotic\n|-damage|p2a: Milotic|33/100\n|\n|upkeep\n|\n|t:|1776208247\n|switch|p1a: Banette|Banette, L50, M|100/100\n|-item|p2b: Whimsicott|Focus Sash|[from] ability: Frisk|[of] p1a: Banette\n|turn|6\n|\n|t:|1776208265\n|detailschange|p1a: Banette|Banette-Mega, L50, M\n|-mega|p1a: Banette|Banette|Banettite\n|move|p2b: Whimsicott|Tailwind|p2b: Whimsicott\n|-sidestart|p2: tacocato|move: Tailwind\n|move|p1a: Banette|Will-O-Wisp|p2a: Milotic\n|-status|p2a: Milotic|brn\n|move|p2a: Milotic|Hypnosis|p1b: Kingambit\n|-status|p1b: Kingambit|slp|[from] move: Hypnosis\n|cant|p1b: Kingambit|slp\n|\n|-damage|p2a: Milotic|27/100 brn|[from] brn\n|upkeep\n|turn|7\n|inactive|Oh-Look-A-Sailboat has 30 seconds left.\n|\n|t:|1776208294\n|move|p2b: Whimsicott|Encore|p1a: Banette\n|-start|p1a: Banette|Encore\n|-curestatus|p1b: Kingambit|slp|[msg]\n|move|p1b: Kingambit|Sucker Punch||[still]\n|-fail|p1b: Kingambit\n|move|p1a: Banette|Will-O-Wisp|p2a: Milotic\n|-fail|p2a: Milotic|brn\n|move|p2a: Milotic|Muddy Water|p1b: Kingambit|[spread] p1a,p1b\n|-damage|p1a: Banette|77/100\n|-damage|p1b: Kingambit|18/100\n|-unboost|p1b: Kingambit|accuracy|1\n|-ability|p1b: Kingambit|Defiant|boost\n|-boost|p1b: Kingambit|atk|2\n|\n|-damage|p2a: Milotic|21/100 brn|[from] brn\n|upkeep\n|turn|8\n|\n|t:|1776208318\n|move|p1b: Kingambit|Sucker Punch|p2a: Milotic\n|-damage|p2a: Milotic|0 fnt\n|faint|p2a: Milotic\n|move|p1a: Banette|Will-O-Wisp|p2b: Whimsicott\n|-status|p2b: Whimsicott|brn\n|move|p2b: Whimsicott|Dazzling Gleam|p1b: Kingambit|[spread] p1a,p1b\n|-damage|p1a: Banette|51/100\n|-damage|p1b: Kingambit|0 fnt\n|faint|p1b: Kingambit\n|\n|-damage|p2b: Whimsicott|37/100 brn|[from] brn\n|upkeep\n|\n|t:|1776208329\n|switch|p2a: Froslass|Froslass, L50, F, shiny|41/100\n|switch|p1b: Incineroar|Incineroar, L50, F|100/100\n|-ability|p1b: Incineroar|Intimidate|boost\n|-unboost|p2a: Froslass|atk|1\n|-unboost|p2b: Whimsicott|atk|1\n|turn|9\n|\n|t:|1776208354\n|move|p1b: Incineroar|Fake Out|p2b: Whimsicott\n|-damage|p2b: Whimsicott|18/100 brn\n|move|p1a: Banette|Will-O-Wisp|p2a: Froslass\n|-status|p2a: Froslass|brn\n|move|p2a: Froslass|Destiny Bond|p2a: Froslass\n|-singlemove|p2a: Froslass|Destiny Bond\n|cant|p2b: Whimsicott|flinch\n|\n|-damage|p2a: Froslass|35/100 brn|[from] brn\n|-damage|p2b: Whimsicott|12/100 brn|[from] brn\n|-end|p1a: Banette|Encore\n|-sideend|p2: tacocato|move: Tailwind\n|upkeep\n|turn|10\n|inactive|Oh-Look-A-Sailboat has 30 seconds left.\n|\n|t:|1776208382\n|detailschange|p2a: Froslass|Froslass-Mega, L50, F, shiny\n|-mega|p2a: Froslass|Froslass|Froslassite\n|-weather|Snowscape|[from] ability: Snow Warning|[of] p2a: Froslass\n|move|p2b: Whimsicott|Encore|p1a: Banette\n|-start|p1a: Banette|Encore\n|move|p1a: Banette|Will-O-Wisp|p2a: Froslass|[miss]\n|-miss|p1a: Banette|p2a: Froslass\n|move|p2a: Froslass|Shadow Ball|p1a: Banette\n|-supereffective|p1a: Banette|1\n|-damage|p1a: Banette|0 fnt\n|faint|p1a: Banette\n|move|p1b: Incineroar|Darkest Lariat|p2b: Whimsicott\n|-resisted|p2b: Whimsicott|1\n|-damage|p2b: Whimsicott|0 fnt\n|faint|p2b: Whimsicott\n|\n|-weather|Snowscape|[upkeep]\n|-damage|p2a: Froslass|29/100 brn|[from] brn\n|upkeep\n|turn|11\n|\n|t:|1776208402\n|move|p2a: Froslass|Blizzard|p1b: Incineroar\n|-resisted|p1b: Incineroar|1\n|-damage|p1b: Incineroar|71/100\n|-status|p1b: Incineroar|frz\n|-curestatus|p1b: Incineroar|frz|[from] move: Flare Blitz\n|move|p1b: Incineroar|Flare Blitz|p2a: Froslass\n|-supereffective|p2a: Froslass|1\n|-damage|p2a: Froslass|0 fnt\n|faint|p2a: Froslass\n|-damage|p1b: Incineroar|64/100|[from] Recoil\n|\n|win|Oh-Look-A-Sailboat\n|raw|Oh-Look-A-Sailboat's rating: 1129 &rarr; <strong>1157</strong><br />(+28 for winning)\n|raw|tacocato's rating: 1174 &rarr; <strong>1146</strong><br />(-28 for losing)\n|l|\u2606tacocato\n|player|p2|\n",
  "uploadtime": 1776208418,
  "views": 29,
  "formatid": "gen9championsvgc2026regma",
  "rating": 1146,
  "private": 0,
  "password": null
}