{
  "id": "gen9championsvgc2026regma-2584604848",
  "format": "[Gen 9 Champions] VGC 2026 Reg M-A",
  "players": [
    "Abascal Julapa",
    "for tch"
  ],
  "log": "|j|\u2606Abascal Julapa\n|j|\u2606for tch\n|t:|1776271613\n|gametype|doubles\n|player|p1|Abascal Julapa|169|1000\n|player|p2|for tch|265|1000\n|gen|9\n|tier|[Gen 9 Champions] VGC 2026 Reg M-A\n|rated|\n|rule|Species Clause: Limit one of each Pok\u00e9mon\n|rule|Item Clause: Limit 1 of each item\n|clearpoke\n|poke|p1|Garchomp, L50, M|\n|poke|p1|Maushold-Four, L50|\n|poke|p1|Incineroar, L50, M|\n|poke|p1|Sneasler, L50, M|\n|poke|p1|Delphox, L50, F|\n|poke|p1|Whimsicott, L50, M|\n|poke|p2|Froslass, L50, F|\n|poke|p2|Glaceon, L50, F|\n|poke|p2|Sneasler, L50, F|\n|poke|p2|Arcanine-Hisui, L50, F|\n|poke|p2|Maushold-Four, L50|\n|poke|p2|Dragapult, L50, M|\n|teampreview|4\n|\n|t:|1776271647\n|teamsize|p1|4\n|teamsize|p2|4\n|start\n|switch|p1a: Whimsicott|Whimsicott, L50, M|100/100\n|switch|p1b: Garchomp|Garchomp, L50, M|100/100\n|switch|p2a: Froslass|Froslass, L50, F|100/100\n|switch|p2b: Sneasler|Sneasler, L50, F|100/100\n|turn|1\n|inactive|Battle timer is ON: inactive players will automatically lose when time's up. (requested by for tch)\n|\n|t:|1776271672\n|detailschange|p2a: Froslass|Froslass-Mega, L50, F\n|-mega|p2a: Froslass|Froslass|Froslassite\n|-weather|Snowscape|[from] ability: Snow Warning|[of] p2a: Froslass\n|move|p2b: Sneasler|Fake Out|p1a: Whimsicott\n|-damage|p1a: Whimsicott|83/100\n|cant|p1a: Whimsicott|flinch\n|move|p1b: Garchomp|Stomping Tantrum|p2b: Sneasler\n|-supereffective|p2b: Sneasler|1\n|-damage|p2b: Sneasler|0 fnt\n|faint|p2b: Sneasler\n|move|p2a: Froslass|Aurora Veil|p2a: Froslass\n|-sidestart|p2: for tch|move: Aurora Veil\n|\n|-weather|Snowscape|[upkeep]\n|upkeep\n|\n|t:|1776271687\n|switch|p2b: Glaceon|Glaceon, L50, F, shiny|100/100\n|turn|2\n|\n|t:|1776271699\n|move|p1a: Whimsicott|Sunny Day|p1a: Whimsicott\n|-weather|SunnyDay\n|move|p1b: Garchomp|Stomping Tantrum|p2a: Froslass\n|-damage|p2a: Froslass|54/100\n|move|p2a: Froslass|Blizzard|p1a: Whimsicott|[spread] p1a\n|-miss|p2a: Froslass|p1b: Garchomp\n|-supereffective|p1a: Whimsicott|1\n|-damage|p1a: Whimsicott|0 fnt\n|faint|p1a: Whimsicott\n|move|p2b: Glaceon|Substitute|p2b: Glaceon\n|-start|p2b: Glaceon|Substitute\n|-damage|p2b: Glaceon|75/100\n|\n|-weather|SunnyDay|[upkeep]\n|-heal|p2b: Glaceon|81/100|[from] item: Leftovers\n|upkeep\n|\n|t:|1776271717\n|switch|p1a: Incineroar|Incineroar, L50, M|100/100\n|-ability|p1a: Incineroar|Intimidate|boost\n|-unboost|p2a: Froslass|atk|1\n|-immune|p2b: Glaceon\n|turn|3\n|\n|t:|1776271727\n|switch|p2a: Dragapult|Dragapult, L50, M, shiny|100/100\n|move|p1a: Incineroar|Fake Out|p2b: Glaceon\n|-activate|p2b: Glaceon|move: Substitute|[damage]\n|move|p1b: Garchomp|Stomping Tantrum|p2a: Dragapult\n|-damage|p2a: Dragapult|61/100\n|move|p2b: Glaceon|Calm Mind|p2b: Glaceon\n|-boost|p2b: Glaceon|spa|1\n|-boost|p2b: Glaceon|spd|1\n|\n|-weather|SunnyDay|[upkeep]\n|-heal|p2b: Glaceon|87/100|[from] item: Leftovers\n|upkeep\n|turn|4\n|inactive|Abascal Julapa has 30 seconds left.\n|inactive|Abascal Julapa has 20 seconds left.\n|\n|t:|1776271763\n|switch|p2a: Froslass|Froslass-Mega, L50, F|54/100\n|-weather|Snowscape|[from] ability: Snow Warning|[of] p2a: Froslass\n|move|p1b: Garchomp|Stomping Tantrum|p2a: Froslass\n|-damage|p2a: Froslass|20/100\n|move|p2b: Glaceon|Blizzard|p1b: Garchomp|[spread] p1a,p1b\n|-resisted|p1a: Incineroar|1\n|-supereffective|p1b: Garchomp|2\n|-damage|p1a: Incineroar|79/100\n|-damage|p1b: Garchomp|0 fnt\n|faint|p1b: Garchomp\n|move|p1a: Incineroar|Flare Blitz|p2b: Glaceon\n|-supereffective|p2b: Glaceon|1\n|-end|p2b: Glaceon|Substitute\n|-damage|p1a: Incineroar|73/100|[from] Recoil|[of] p2b: Glaceon\n|\n|-weather|Snowscape|[upkeep]\n|-heal|p2b: Glaceon|93/100|[from] ability: Ice Body\n|-heal|p2b: Glaceon|99/100|[from] item: Leftovers\n|upkeep\n|inactive|Abascal Julapa has 30 seconds left.\n|\n|t:|1776271792\n|switch|p1b: Sneasler|Sneasler, L50, M|100/100\n|turn|5\n|\n|t:|1776271814\n|move|p1b: Sneasler|Fake Out|p2b: Glaceon\n|-damage|p2b: Glaceon|92/100\n|move|p2a: Froslass|Aurora Veil||[still]\n|-fail|p2a: Froslass\n|cant|p2b: Glaceon|flinch\n|move|p1a: Incineroar|Flare Blitz|p2a: Froslass\n|-supereffective|p2a: Froslass|1\n|-damage|p2a: Froslass|0 fnt\n|faint|p2a: Froslass\n|-damage|p1a: Incineroar|68/100|[from] Recoil\n|\n|-weather|Snowscape|[upkeep]\n|-heal|p2b: Glaceon|98/100|[from] ability: Ice Body\n|-heal|p2b: Glaceon|100/100|[from] item: Leftovers\n|-sideend|p2: for tch|move: Aurora Veil\n|upkeep\n|\n|t:|1776271831\n|switch|p2a: Dragapult|Dragapult, L50, M, shiny|61/100\n|turn|6\n|\n|t:|1776271847\n|move|p2a: Dragapult|Phantom Force||[still]\n|-prepare|p2a: Dragapult|Phantom Force\n|move|p1b: Sneasler|Close Combat|p2b: Glaceon\n|-supereffective|p2b: Glaceon|1\n|-damage|p2b: Glaceon|20/100\n|-unboost|p1b: Sneasler|def|1\n|-unboost|p1b: Sneasler|spd|1\n|-enditem|p1b: Sneasler|White Herb\n|-clearnegativeboost|p1b: Sneasler|[silent]\n|move|p2b: Glaceon|Substitute|p2b: Glaceon\n|-fail|p2b: Glaceon|move: Substitute|[weak]\n|move|p1a: Incineroar|Flare Blitz|p2b: Glaceon\n|-supereffective|p2b: Glaceon|1\n|-damage|p2b: Glaceon|0 fnt\n|faint|p2b: Glaceon\n|-damage|p1a: Incineroar|63/100|[from] Recoil\n|\n|-weather|Snowscape|[upkeep]\n|upkeep\n|turn|7\n|inactive|Abascal Julapa has 30 seconds left.\n|inactive|Abascal Julapa has 20 seconds left.\n|inactive|Abascal Julapa has 15 seconds left.\n|\n|t:|1776271888\n|move|p1b: Sneasler|Dire Claw|p2a: Dragapult|[miss]\n|-miss|p1b: Sneasler|p2a: Dragapult\n|move|p2a: Dragapult|Phantom Force|p1b: Sneasler|[from] lockedmove\n|-damage|p1b: Sneasler|19/100\n|move|p1a: Incineroar|Throat Chop|p2a: Dragapult\n|-supereffective|p2a: Dragapult|1\n|-damage|p2a: Dragapult|0 fnt\n|faint|p2a: Dragapult\n|\n|win|Abascal Julapa\n|raw|Abascal Julapa's rating: 1000 &rarr; <strong>1040</strong><br />(+40 for winning)\n|raw|for tch's rating: 1000 &rarr; <strong>1000</strong><br />(+0 for losing)\n|l|\u2606for tch\n|player|p2|\n",
  "uploadtime": 1776271969,
  "views": 15,
  "formatid": "gen9championsvgc2026regma",
  "rating": 1000,
  "private": 0,
  "password": null
}