{
  "id": "gen9championsvgc2026regma-2581670627",
  "format": "[Gen 9 Champions] VGC 2026 Reg M-A",
  "players": [
    "apoted",
    "injuryreserv3"
  ],
  "log": "|j|\u2606apoted\n|j|\u2606injuryreserv3\n|t:|1776019482\n|gametype|doubles\n|player|p1|apoted|265|1125\n|player|p2|injuryreserv3|sabrina|1221\n|gen|9\n|tier|[Gen 9 Champions] VGC 2026 Reg M-A\n|rated|\n|rule|Species Clause: Limit one of each Pok\u00e9mon\n|rule|Item Clause: Limit 1 of each item\n|clearpoke\n|poke|p1|Scizor, L50, F|\n|poke|p1|Incineroar, L50, M|\n|poke|p1|Basculegion, L50, M|\n|poke|p1|Politoed, L50, M|\n|poke|p1|Sableye, L50, M|\n|poke|p1|Sneasler, L50, M|\n|poke|p2|Whimsicott, L50, M|\n|poke|p2|Charizard, L50, F|\n|poke|p2|Sneasler, L50, F|\n|poke|p2|Basculegion, L50, M|\n|poke|p2|Floette-Eternal, L50, F|\n|poke|p2|Incineroar, L50, F|\n|teampreview|4\n|inactive|Battle timer is ON: inactive players will automatically lose when time's up. (requested by apoted)\napoted has agreed to open team sheets.\n|inactive|apoted has 60 seconds left.\n|inactive|injuryreserv3 has 60 seconds left.\n|inactive|injuryreserv3 has 30 seconds left.\n|\n|t:|1776019550\n|teamsize|p1|4\n|teamsize|p2|4\n|start\n|switch|p1a: Sableye|Sableye, L50, M|100/100\n|switch|p1b: Basculegion|Basculegion, L50, M|100/100\n|switch|p2a: Charizard|Charizard, L50, F|100/100\n|switch|p2b: Whimsicott|Whimsicott, L50, M|100/100\n|turn|1\n|\n|t:|1776019567\n|detailschange|p2a: Charizard|Charizard-Mega-Y, L50, F\n|-mega|p2a: Charizard|Charizard|Charizardite Y\n|-weather|SunnyDay|[from] ability: Drought|[of] p2a: Charizard\n|move|p2b: Whimsicott|Tailwind|p2b: Whimsicott\n|-sidestart|p2: injuryreserv3|move: Tailwind\n|move|p1a: Sableye|Light Screen|p1a: Sableye\n|-sidestart|p1: apoted|move: Light Screen\n|move|p2a: Charizard|Solar Beam||[still]\n|-prepare|p2a: Charizard|Solar Beam\n|-anim|p2a: Charizard|Solar Beam|p1b: Basculegion\n|-supereffective|p1b: Basculegion|1\n|-damage|p1b: Basculegion|30/100\n|move|p1b: Basculegion|Wave Crash|p2a: Charizard\n|-supereffective|p2a: Charizard|1\n|-damage|p2a: Charizard|0 fnt\n|faint|p2a: Charizard\n|-damage|p1b: Basculegion|8/100|[from] Recoil\n|\n|-weather|SunnyDay|[upkeep]\n|upkeep\n|\n|t:|1776019587\n|switch|p2a: Sneasler|Sneasler, L50, F|100/100\n|turn|2\n|\n|t:|1776019604\n|switch|p1a: Politoed|Politoed, L50, M|100/100\n|-weather|RainDance|[from] ability: Drizzle|[of] p1a: Politoed\n|move|p2a: Sneasler|Dire Claw|p1b: Basculegion\n|-resisted|p1b: Basculegion|1\n|-damage|p1b: Basculegion|0 fnt\n|faint|p1b: Basculegion\n|move|p2b: Whimsicott|Moonblast|p1a: Politoed\n|-damage|p1a: Politoed|85/100\n|-unboost|p1a: Politoed|spa|1\n|\n|-weather|RainDance|[upkeep]\n|upkeep\n|\n|t:|1776019616\n|switch|p1b: Scizor|Scizor, L50, F|100/100\n|turn|3\n|\n|t:|1776019633\n|switch|p2b: Basculegion|Basculegion, L50, M|100/100\n|detailschange|p1b: Scizor|Scizor-Mega, L50, F\n|-mega|p1b: Scizor|Scizor|Scizorite\n|move|p2a: Sneasler|Close Combat|p1b: Scizor\n|-damage|p1b: Scizor|44/100\n|-unboost|p2a: Sneasler|def|1\n|-unboost|p2a: Sneasler|spd|1\n|-enditem|p2a: Sneasler|White Herb\n|-clearnegativeboost|p2a: Sneasler|[silent]\n|move|p1b: Scizor|Swords Dance|p1b: Scizor\n|-boost|p1b: Scizor|atk|2\n|move|p1a: Politoed|Weather Ball|p2a: Sneasler\n|-damage|p2a: Sneasler|43/100\n|\n|-weather|RainDance|[upkeep]\n|upkeep\n|turn|4\n|inactive|injuryreserv3 has 30 seconds left.\n|inactive|injuryreserv3 has 20 seconds left.\n|\n|t:|1776019668\n|move|p1b: Scizor|Protect|p1b: Scizor\n|-singleturn|p1b: Scizor|Protect\n|move|p2a: Sneasler|Dire Claw|p1a: Politoed\n|-damage|p1a: Politoed|36/100\n|-enditem|p1a: Politoed|Sitrus Berry|[eat]\n|-heal|p1a: Politoed|60/100|[from] item: Sitrus Berry\n|move|p2b: Basculegion|Wave Crash|p1b: Scizor\n|-activate|p1b: Scizor|move: Protect\n|move|p1a: Politoed|Icy Wind|p2a: Sneasler|[spread] p2a,p2b\n|-resisted|p2b: Basculegion|1\n|-damage|p2a: Sneasler|31/100\n|-damage|p2b: Basculegion|96/100\n|-unboost|p2a: Sneasler|spe|1\n|-unboost|p2b: Basculegion|spe|1\n|\n|-weather|RainDance|[upkeep]\n|-sideend|p2: injuryreserv3|move: Tailwind\n|upkeep\n|turn|5\n|inactive|apoted has 30 seconds left.\n|inactive|injuryreserv3 has 30 seconds left.\n|inactive|apoted has 20 seconds left.\n|inactive|apoted has 15 seconds left.\n|inactive|apoted has 10 seconds left.\n|\n|t:|1776019715\n|switch|p1b: Sableye|Sableye, L50, M|100/100\n|move|p2a: Sneasler|Close Combat|p1b: Sableye\n|-immune|p1b: Sableye\n|move|p2b: Basculegion|Wave Crash|p1b: Sableye\n|-damage|p1b: Sableye|0 fnt\n|faint|p1b: Sableye\n|-damage|p2b: Basculegion|70/100|[from] Recoil\n|move|p1a: Politoed|Weather Ball|p2a: Sneasler\n|-damage|p2a: Sneasler|0 fnt\n|faint|p2a: Sneasler\n|\n|-weather|RainDance|[upkeep]\n|-sideend|p1: apoted|move: Light Screen\n|upkeep\n|\n|t:|1776019727\n|switch|p2a: Whimsicott|Whimsicott, L50, M|100/100\n|switch|p1b: Scizor|Scizor-Mega, L50, F|44/100\n|turn|6\n|\n|t:|1776019740\n|move|p1b: Scizor|Protect|p1b: Scizor\n|-singleturn|p1b: Scizor|Protect\n|move|p2a: Whimsicott|Moonblast|p1a: Politoed\n|-damage|p1a: Politoed|38/100\n|-unboost|p1a: Politoed|spa|1\n|move|p2b: Basculegion|Wave Crash|p1b: Scizor\n|-activate|p1b: Scizor|move: Protect\n|move|p1a: Politoed|Icy Wind|p2a: Whimsicott|[spread] p2a,p2b\n|-supereffective|p2a: Whimsicott|1\n|-resisted|p2b: Basculegion|1\n|-damage|p2a: Whimsicott|90/100\n|-damage|p2b: Basculegion|67/100\n|-unboost|p2a: Whimsicott|spe|1\n|-unboost|p2b: Basculegion|spe|1\n|\n|-weather|none\n|upkeep\n|turn|7\n|\n|t:|1776019761\n|move|p1a: Politoed|Helping Hand|p1b: Scizor\n|-singleturn|p1b: Scizor|Helping Hand|[of] p1a: Politoed\n|move|p1b: Scizor|Bullet Punch|p2b: Basculegion\n|-resisted|p2b: Basculegion|1\n|-damage|p2b: Basculegion|32/100\n|move|p2a: Whimsicott|Tailwind|p2a: Whimsicott\n|-sidestart|p2: injuryreserv3|move: Tailwind\n|move|p2b: Basculegion|Wave Crash|p1b: Scizor\n|-damage|p1b: Scizor|0 fnt\n|faint|p1b: Scizor\n|-damage|p2b: Basculegion|19/100|[from] Recoil\n|\n|upkeep\n|turn|8\n|\n|t:|1776019775\n|move|p2b: Basculegion|Wave Crash|p1a: Politoed\n|-resisted|p1a: Politoed|1\n|-damage|p1a: Politoed|0 fnt\n|faint|p1a: Politoed\n|-damage|p2b: Basculegion|7/100|[from] Recoil\n|\n|win|injuryreserv3\n|raw|apoted's rating: 1107 &rarr; <strong>1090</strong><br />(-17 for losing)\n|raw|injuryreserv3's rating: 1221 &rarr; <strong>1238</strong><br />(+17 for winning)\n|l|\u2606apoted\n|player|p1|\n",
  "uploadtime": 1776019783,
  "views": 29,
  "formatid": "gen9championsvgc2026regma",
  "rating": 1090,
  "private": 0,
  "password": null
}