{
  "id": "gen9championsvgc2026regma-2585507304",
  "format": "[Gen 9 Champions] VGC 2026 Reg M-A",
  "players": [
    "phoneimpostor",
    "squid_mile22"
  ],
  "log": "|j|\u2606phoneimpostor\n|j|\u2606squid_mile22\n|t:|1776352184\n|gametype|doubles\n|player|p1|phoneimpostor|miku-ground|1038\n|player|p2|squid_mile22|pokemonbreeder-gen4|1017\n|gen|9\n|tier|[Gen 9 Champions] VGC 2026 Reg M-A\n|rated|\n|rule|Species Clause: Limit one of each Pok\u00e9mon\n|rule|Item Clause: Limit 1 of each item\n|clearpoke\n|poke|p1|Golurk, L50|\n|poke|p1|Incineroar, L50, M|\n|poke|p1|Farigiraf, L50, F|\n|poke|p1|Sneasler, L50, M|\n|poke|p1|Torkoal, L50, F|\n|poke|p1|Venusaur, L50, M|\n|poke|p2|Politoed, L50, F|\n|poke|p2|Gengar, L50, F|\n|poke|p2|Armarouge, L50, M|\n|poke|p2|Kingambit, L50, M|\n|poke|p2|Kommo-o, L50, M|\n|poke|p2|Alcremie, L50, F|\n|teampreview|4\nsquid_mile22 has agreed to open team sheets.\nphoneimpostor has agreed to open team sheets.\n|showteam|p1|Golurk||Golurkite|IronFist|HeadlongRush,Poltergeist,IcePunch,Protect||||||50|]Incineroar||ShucaBerry|Intimidate|FakeOut,PartingShot,ThroatChop,FlareBlitz|||M|||50|]Farigiraf||SitrusBerry|ArmorTail|Psychic,HyperVoice,HelpingHand,TrickRoom|||F|||50|]Sneasler||WhiteHerb|Unburden|FakeOut,DireClaw,Coaching,CloseCombat|||M|||50|]Torkoal||Charcoal|Drought|Eruption,HeatWave,WeatherBall,Protect|||F|||50|]Venusaur||FocusSash|Chlorophyll|Protect,LeafStorm,SludgeBomb,SleepPowder|||M|||50|\n|showteam|p2|Politoed||Leftovers|Drizzle|MuddyWater,Protect,PerishSong,IcyWind|||F|||50|]Gengar||Gengarite|CursedBody|Protect,TrickRoom,Taunt,PerishSong|||F|||50|]Armarouge||Charcoal|FlashFire|ArmorCannon,WideGuard,TrickRoom,Protect|||M|||50|]Kingambit||BrightPowder|Defiant|KowtowCleave,SuckerPunch,IronHead,Protect|||M|||50|]Kommo-o||ShellBell|Soundproof|DragonCheer,AuraSphere,DracoMeteor,Protect|||M|||50|]Alcremie||SitrusBerry|AromaVeil|EnergyBall,PlayRough,Protect,Substitute|||F|||50|\n|c|\u2606squid_mile22|GL\n|c|\u2606phoneimpostor|glhf\n|\n|t:|1776352240\n|teamsize|p1|4\n|teamsize|p2|4\n|start\n|switch|p1a: Sneasler|Sneasler, L50, M|100/100\n|switch|p1b: Incineroar|Incineroar, L50, M|100/100\n|switch|p2a: Alcremie|Alcremie, L50, F|100/100\n|switch|p2b: Kingambit|Kingambit, L50, M|100/100\n|-ability|p1b: Incineroar|Intimidate|boost\n|-unboost|p2a: Alcremie|atk|1\n|-unboost|p2b: Kingambit|atk|1\n|-ability|p2b: Kingambit|Defiant|boost\n|-boost|p2b: Kingambit|atk|2\n|turn|1\n|\n|t:|1776352271\n|switch|p1b: Golurk|Golurk, L50|100/100\n|move|p2a: Alcremie|Protect|p2a: Alcremie\n|-singleturn|p2a: Alcremie|Protect\n|move|p1a: Sneasler|Fake Out|p2b: Kingambit\n|-resisted|p2b: Kingambit|1\n|-damage|p2b: Kingambit|95/100\n|cant|p2b: Kingambit|flinch\n|\n|upkeep\n|turn|2\n|\n|t:|1776352308\n|detailschange|p1b: Golurk|Golurk-Mega, L50\n|-mega|p1b: Golurk|Golurk|Golurkite\n|move|p1b: Golurk|Protect|p1b: Golurk\n|-singleturn|p1b: Golurk|Protect\n|move|p1a: Sneasler|Coaching|p1b: Golurk\n|-boost|p1b: Golurk|atk|1\n|-boost|p1b: Golurk|def|1\n|move|p2a: Alcremie|Substitute|p2a: Alcremie\n|-start|p2a: Alcremie|Substitute\n|-damage|p2a: Alcremie|75/100\n|move|p2b: Kingambit|Iron Head|p1a: Sneasler\n|-damage|p1a: Sneasler|0 fnt\n|faint|p1a: Sneasler\n|\n|upkeep\n|\n|t:|1776352322\n|switch|p1a: Torkoal|Torkoal, L50, F|100/100\n|-weather|SunnyDay|[from] ability: Drought|[of] p1a: Torkoal\n|turn|3\n|\n|t:|1776352355\n|switch|p2b: Politoed|Politoed, L50, F|100/100\n|-weather|RainDance|[from] ability: Drizzle|[of] p2b: Politoed\n|move|p1b: Golurk|Ice Punch|p2a: Alcremie\n|-end|p2a: Alcremie|Substitute\n|move|p2a: Alcremie|Energy Ball|p1b: Golurk\n|-supereffective|p1b: Golurk|1\n|-damage|p1b: Golurk|57/100\n|move|p1a: Torkoal|Heat Wave|p2a: Alcremie|[spread] p2a,p2b\n|-resisted|p2b: Politoed|1\n|-damage|p2a: Alcremie|60/100\n|-damage|p2b: Politoed|94/100\n|\n|-weather|RainDance|[upkeep]\n|-heal|p2b: Politoed|100/100|[from] item: Leftovers\n|upkeep\n|turn|4\n|\n|t:|1776352380\n|switch|p1a: Incineroar|Incineroar, L50, M|100/100\n|-ability|p1a: Incineroar|Intimidate|boost\n|-unboost|p2a: Alcremie|atk|1\n|-unboost|p2b: Politoed|atk|1\n|move|p2b: Politoed|Muddy Water|p1a: Incineroar|[spread] p1a,p1b\n|-supereffective|p1a: Incineroar|1\n|-supereffective|p1b: Golurk|1\n|-damage|p1a: Incineroar|39/100\n|-damage|p1b: Golurk|2/100\n|move|p1b: Golurk|Headlong Rush|p2b: Politoed\n|-damage|p2b: Politoed|0 fnt\n|-unboost|p1b: Golurk|def|1\n|-unboost|p1b: Golurk|spd|1\n|faint|p2b: Politoed\n|move|p2a: Alcremie|Energy Ball|p1b: Golurk\n|-supereffective|p1b: Golurk|1\n|-damage|p1b: Golurk|0 fnt\n|faint|p1b: Golurk\n|\n|-weather|RainDance|[upkeep]\n|upkeep\n|\n|t:|1776352401\n|switch|p2b: Kingambit|Kingambit, L50, M|95/100\n|switch|p1b: Torkoal|Torkoal, L50, F|100/100\n|-weather|SunnyDay|[from] ability: Drought|[of] p1b: Torkoal\n|turn|5\n|\n|t:|1776352411\n|move|p2a: Alcremie|Protect|p2a: Alcremie\n|-singleturn|p2a: Alcremie|Protect\n|move|p2b: Kingambit|Protect|p2b: Kingambit\n|-singleturn|p2b: Kingambit|Protect\n|move|p1a: Incineroar|Fake Out|p2b: Kingambit\n|-activate|p2b: Kingambit|move: Protect\n|move|p1b: Torkoal|Eruption|p2b: Kingambit|[spread] \n|-activate|p2a: Alcremie|move: Protect\n|-activate|p2b: Kingambit|move: Protect\n|\n|-weather|SunnyDay|[upkeep]\n|upkeep\n|turn|6\n|\n|t:|1776352435\n|move|p2b: Kingambit|Sucker Punch|p1b: Torkoal\n|-damage|p1b: Torkoal|64/100\n|move|p1a: Incineroar|Flare Blitz|p2b: Kingambit\n|-supereffective|p2b: Kingambit|1\n|-damage|p2b: Kingambit|0 fnt\n|faint|p2b: Kingambit\n|-damage|p1a: Incineroar|10/100|[from] Recoil\n|move|p2a: Alcremie|Play Rough|p1a: Incineroar\n|-damage|p1a: Incineroar|1/100\n|-unboost|p1a: Incineroar|atk|1\n|move|p1b: Torkoal|Heat Wave|p2a: Alcremie\n|-damage|p2a: Alcremie|2/100\n|-enditem|p2a: Alcremie|Sitrus Berry|[eat]\n|-heal|p2a: Alcremie|27/100|[from] item: Sitrus Berry\n|\n|-weather|SunnyDay|[upkeep]\n|upkeep\n|\n|t:|1776352453\n|switch|p2b: Kommo-o|Kommo-o, L50, M|100/100\n|turn|7\n|c|\u2606phoneimpostor|ggwp\n|\n|t:|1776352472\n|move|p2a: Alcremie|Protect|p2a: Alcremie\n|-singleturn|p2a: Alcremie|Protect\n|move|p2b: Kommo-o|Draco Meteor|p1b: Torkoal|[miss]\n|-miss|p2b: Kommo-o|p1b: Torkoal\n|move|p1a: Incineroar|Parting Shot|p2b: Kommo-o\n|-immune|p2b: Kommo-o|[from] ability: Soundproof\n|move|p1b: Torkoal|Heat Wave|p2b: Kommo-o|[spread] p2b\n|-activate|p2a: Alcremie|move: Protect\n|-resisted|p2b: Kommo-o|1\n|-damage|p2b: Kommo-o|74/100\n|\n|-weather|SunnyDay|[upkeep]\n|upkeep\n|turn|8\n|\n|t:|1776352495\n|move|p2b: Kommo-o|Aura Sphere|p1b: Torkoal\n|-damage|p1b: Torkoal|22/100\n|-heal|p2b: Kommo-o|78/100|[from] item: Shell Bell|[of] p1b: Torkoal\n|move|p1a: Incineroar|Throat Chop|p2b: Kommo-o\n|-resisted|p2b: Kommo-o|1\n|-damage|p2b: Kommo-o|69/100\n|-start|p2b: Kommo-o|Throat Chop|[silent]\n|move|p2a: Alcremie|Energy Ball|p1a: Incineroar\n|-resisted|p1a: Incineroar|1\n|-damage|p1a: Incineroar|0 fnt\n|faint|p1a: Incineroar\n|move|p1b: Torkoal|Heat Wave|p2b: Kommo-o|[spread] p2a,p2b\n|-resisted|p2b: Kommo-o|1\n|-damage|p2a: Alcremie|0 fnt\n|-damage|p2b: Kommo-o|41/100\n|faint|p2a: Alcremie\n|\n|-weather|SunnyDay|[upkeep]\n|upkeep\n|turn|9\n|\n|t:|1776352517\n|move|p2b: Kommo-o|Draco Meteor|p1b: Torkoal\n|-damage|p1b: Torkoal|0 fnt\n|-unboost|p2b: Kommo-o|spa|2\n|faint|p1b: Torkoal\n|-heal|p2b: Kommo-o|43/100|[from] item: Shell Bell|[of] p1: Torkoal\n|\n|win|squid_mile22\n|raw|phoneimpostor's rating: 1038 &rarr; <strong>1021</strong><br />(-17 for losing)\n|raw|squid_mile22's rating: 1017 &rarr; <strong>1057</strong><br />(+40 for winning)\n|c|\u2606squid_mile22|gg\n|l|\u2606phoneimpostor\n|player|p1|\n",
  "uploadtime": 1776352527,
  "views": 20,
  "formatid": "gen9championsvgc2026regma",
  "rating": 1021,
  "private": 0,
  "password": null
}