{
  "id": "gen9championsvgc2026regma-2587989882",
  "format": "[Gen 9 Champions] VGC 2026 Reg M-A",
  "players": [
    "Spookyboogie56",
    "Alice369"
  ],
  "log": "|j|\u2606Spookyboogie56\n|j|\u2606Alice369\n|t:|1776589535\n|gametype|doubles\n|player|p1|Spookyboogie56|backpacker|1097\n|player|p2|Alice369|guitarist|1190\n|gen|9\n|tier|[Gen 9 Champions] VGC 2026 Reg M-A\n|rated|\n|rule|Species Clause: Limit one of each Pok\u00e9mon\n|rule|Item Clause: Limit 1 of each item\n|clearpoke\n|poke|p1|Garchomp, L50, F|\n|poke|p1|Tyranitar, L50, M|\n|poke|p1|Sneasler, L50, M|\n|poke|p1|Gyarados, L50, M|\n|poke|p1|Rotom-Heat, L50|\n|poke|p1|Sinistcha, L50|\n|poke|p2|Araquanid, L50, F|\n|poke|p2|Sinistcha, L50|\n|poke|p2|Snorlax, L50, M|\n|poke|p2|Crabominable, L50, F|\n|poke|p2|Incineroar, L50, F|\n|poke|p2|Farigiraf, L50, M|\n|teampreview|4\n|inactive|Battle timer is ON: inactive players will automatically lose when time's up. (requested by Alice369)\n|inactive|Spookyboogie56 has 60 seconds left.\n|inactive|Spookyboogie56 has 30 seconds left.\n|\n|t:|1776589607\n|teamsize|p1|4\n|teamsize|p2|4\n|start\n|switch|p1a: Rotom|Rotom-Heat, L50|100/100\n|switch|p1b: Tyranitar|Tyranitar, L50, M|100/100\n|switch|p2a: Farigiraf|Farigiraf, L50, M|100/100\n|switch|p2b: Araquanid|Araquanid, L50, F|100/100\n|-weather|Sandstorm|[from] ability: Sand Stream|[of] p1b: Tyranitar\n|turn|1\n|inactive|Spookyboogie56 has 30 seconds left.\n|inactive|Alice369 has 30 seconds left.\n|-activate|p2b: Araquanid|item: Quick Claw\n|\n|t:|1776589637\n|move|p2b: Araquanid|Reflect|p2b: Araquanid\n|-sidestart|p2: Alice369|Reflect\n|move|p1a: Rotom|Volt Switch|p2b: Araquanid\n|-supereffective|p2b: Araquanid|1\n|-damage|p2b: Araquanid|50/100\n|\n|t:|1776589643\n|switch|p1a: Gyarados|Gyarados, L50, M|100/100|[from] Volt Switch\n|-ability|p1a: Gyarados|Intimidate|boost\n|-unboost|p2a: Farigiraf|atk|1\n|-unboost|p2b: Araquanid|atk|1\n|move|p1b: Tyranitar|Knock Off|p2a: Farigiraf\n|-supereffective|p2a: Farigiraf|1\n|-enditem|p2a: Farigiraf|Colbur Berry|[eat]\n|-enditem|p2a: Farigiraf|Colbur Berry|[weaken]\n|-damage|p2a: Farigiraf|73/100\n|move|p2a: Farigiraf|Trick Room|p2a: Farigiraf\n|-fieldstart|move: Trick Room|[of] p2a: Farigiraf\n|\n|-weather|Sandstorm|[upkeep]\n|-damage|p2b: Araquanid|44/100|[from] Sandstorm\n|-damage|p2a: Farigiraf|67/100|[from] Sandstorm\n|-damage|p1a: Gyarados|95/100|[from] Sandstorm\n|upkeep\n|turn|2\n|\n|t:|1776589666\n|switch|p2b: Crabominable|Crabominable, L50, F|100/100\n|switch|p2a: Incineroar|Incineroar, L50, F|100/100\n|-ability|p2a: Incineroar|Intimidate|boost\n|-unboost|p1a: Gyarados|atk|1\n|-unboost|p1b: Tyranitar|atk|1\n|move|p1b: Tyranitar|Protect|p1b: Tyranitar\n|-singleturn|p1b: Tyranitar|Protect\n|move|p1a: Gyarados|Taunt|p2b: Crabominable\n|-start|p2b: Crabominable|move: Taunt\n|\n|-weather|Sandstorm|[upkeep]\n|-damage|p2b: Crabominable|94/100|[from] Sandstorm\n|-damage|p2a: Incineroar|94/100|[from] Sandstorm\n|-damage|p1a: Gyarados|89/100|[from] Sandstorm\n|upkeep\n|turn|3\n|inactive|Alice369 has 30 seconds left.\n|\n|t:|1776589697\n|switch|p1b: Sinistcha|Sinistcha, L50|100/100\n|-heal|p1a: Gyarados|100/100|[from] ability: Hospitality|[of] p1b: Sinistcha\n|detailschange|p2b: Crabominable|Crabominable-Mega, L50, F\n|-mega|p2b: Crabominable|Crabominable|Crabominite\n|move|p2a: Incineroar|Fake Out|p1a: Gyarados\n|-damage|p1a: Gyarados|88/100\n|move|p2b: Crabominable|Drain Punch|p1b: Sinistcha\n|-immune|p1b: Sinistcha\n|cant|p1a: Gyarados|flinch\n|\n|-weather|Sandstorm|[upkeep]\n|-damage|p2b: Crabominable|88/100|[from] Sandstorm\n|-damage|p2a: Incineroar|88/100|[from] Sandstorm\n|-damage|p1b: Sinistcha|94/100|[from] Sandstorm\n|-damage|p1a: Gyarados|82/100|[from] Sandstorm\n|upkeep\n|turn|4\n|inactive|Spookyboogie56 has 30 seconds left.\n|inactive|Spookyboogie56 has 20 seconds left.\n|\n|t:|1776589736\n|switch|p1a: Rotom|Rotom-Heat, L50|100/100\n|move|p2b: Crabominable|Ice Hammer|p1b: Sinistcha\n|-supereffective|p1b: Sinistcha|1\n|-damage|p1b: Sinistcha|0 fnt\n|-unboost|p2b: Crabominable|spe|1\n|faint|p1b: Sinistcha\n|move|p2a: Incineroar|Flare Blitz|p1a: Rotom\n|-resisted|p1a: Rotom|1\n|-damage|p1a: Rotom|76/100\n|-damage|p2a: Incineroar|81/100|[from] Recoil\n|\n|-weather|Sandstorm|[upkeep]\n|-damage|p2b: Crabominable|82/100|[from] Sandstorm\n|-damage|p2a: Incineroar|75/100|[from] Sandstorm\n|-damage|p1a: Rotom|70/100|[from] Sandstorm\n|-end|p2b: Crabominable|move: Taunt\n|upkeep\n|\n|t:|1776589753\n|switch|p1b: Gyarados|Gyarados, L50, M|82/100\n|-ability|p1b: Gyarados|Intimidate|boost\n|-unboost|p2a: Incineroar|atk|1\n|-unboost|p2b: Crabominable|atk|1\n|turn|5\n|\n|t:|1776589773\n|switch|p2b: Araquanid|Araquanid, L50, F|44/100\n|switch|p1b: Tyranitar|Tyranitar, L50, M|100/100\n|move|p2a: Incineroar|Parting Shot|p1a: Rotom\n|-unboost|p1a: Rotom|atk|1\n|-unboost|p1a: Rotom|spa|1\n|\n|t:|1776589781\n|switch|p2a: Farigiraf|Farigiraf, L50, M|67/100|[from] Parting Shot\n|move|p1a: Rotom|Will-O-Wisp|p2b: Araquanid\n|-immune|p2b: Araquanid|[from] ability: Water Bubble\n|\n|-weather|none\n|-sideend|p2: Alice369|Reflect\n|-fieldend|move: Trick Room\n|upkeep\n|turn|6\n|\n|t:|1776589796\n|move|p2b: Araquanid|Protect|p2b: Araquanid\n|-singleturn|p2b: Araquanid|Protect\n|move|p1a: Rotom|Volt Switch|p2b: Araquanid\n|-activate|p2b: Araquanid|move: Protect\n|move|p1b: Tyranitar|Rock Slide|p2a: Farigiraf|[spread] \n|-activate|p2b: Araquanid|move: Protect\n|-miss|p1b: Tyranitar|p2a: Farigiraf\n|move|p2a: Farigiraf|Trick Room|p2a: Farigiraf\n|-fieldstart|move: Trick Room|[of] p2a: Farigiraf\n|\n|upkeep\n|turn|7\n|\n|t:|1776589813\n|move|p1a: Rotom|Protect|p1a: Rotom\n|-singleturn|p1a: Rotom|Protect\n|move|p2b: Araquanid|Leech Life|p1b: Tyranitar\n|-supereffective|p1b: Tyranitar|1\n|-damage|p1b: Tyranitar|57/100\n|-heal|p2b: Araquanid|75/100|[from] drain|[of] p1b: Tyranitar\n|move|p2a: Farigiraf|Hyper Voice|p1b: Tyranitar|[spread] p1b\n|-activate|p1a: Rotom|move: Protect\n|-resisted|p1b: Tyranitar|1\n|-damage|p1b: Tyranitar|45/100\n|move|p1b: Tyranitar|Rock Slide|p2a: Farigiraf|[spread] p2a,p2b\n|-supereffective|p2b: Araquanid|1\n|-damage|p2a: Farigiraf|41/100\n|-damage|p2b: Araquanid|17/100\n|\n|upkeep\n|turn|8\n|inactive|Alice369 has 30 seconds left.\n|\n|t:|1776589841\n|detailschange|p1b: Tyranitar|Tyranitar-Mega, L50, M\n|-mega|p1b: Tyranitar|Tyranitar|Tyranitarite\n|-weather|Sandstorm|[from] ability: Sand Stream|[of] p1b: Tyranitar\n|move|p1b: Tyranitar|Protect|p1b: Tyranitar\n|-singleturn|p1b: Tyranitar|Protect\n|move|p2b: Araquanid|Liquidation|p1b: Tyranitar\n|-activate|p1b: Tyranitar|move: Protect\n|move|p2a: Farigiraf|Hyper Voice|p1b: Tyranitar|[spread] p1a\n|-activate|p1b: Tyranitar|move: Protect\n|-damage|p1a: Rotom|36/100\n|move|p1a: Rotom|Volt Switch|p2b: Araquanid\n|-supereffective|p2b: Araquanid|1\n|-damage|p2b: Araquanid|0 fnt\n|faint|p2b: Araquanid\n|\n|t:|1776589858\n|switch|p1a: Gyarados|Gyarados, L50, M|82/100|[from] Volt Switch\n|-ability|p1a: Gyarados|Intimidate|boost\n|-unboost|p2a: Farigiraf|atk|1\n|\n|-weather|Sandstorm|[upkeep]\n|-damage|p2a: Farigiraf|35/100|[from] Sandstorm\n|-damage|p1a: Gyarados|76/100|[from] Sandstorm\n|upkeep\n|\n|t:|1776589868\n|switch|p2b: Incineroar|Incineroar, L50, F|75/100\n|-ability|p2b: Incineroar|Intimidate|boost\n|-unboost|p1a: Gyarados|atk|1\n|-unboost|p1b: Tyranitar|atk|1\n|turn|9\n|\n|t:|1776589883\n|move|p2b: Incineroar|Fake Out|p1b: Tyranitar\n|-resisted|p1b: Tyranitar|1\n|-damage|p1b: Tyranitar|41/100\n|move|p2a: Farigiraf|Hyper Voice|p1b: Tyranitar|[spread] p1a,p1b\n|-resisted|p1b: Tyranitar|1\n|-damage|p1a: Gyarados|56/100\n|-damage|p1b: Tyranitar|34/100\n|move|p1a: Gyarados|Waterfall|p2b: Incineroar\n|-supereffective|p2b: Incineroar|1\n|-damage|p2b: Incineroar|41/100\n|-enditem|p2b: Incineroar|Sitrus Berry|[eat]\n|-heal|p2b: Incineroar|66/100|[from] item: Sitrus Berry\n|cant|p1b: Tyranitar|flinch\n|\n|-weather|Sandstorm|[upkeep]\n|-damage|p2a: Farigiraf|29/100|[from] Sandstorm\n|-damage|p2b: Incineroar|59/100|[from] Sandstorm\n|-damage|p1a: Gyarados|50/100|[from] Sandstorm\n|upkeep\n|turn|10\n|inactive|Alice369 has 30 seconds left.\n|inactive|Alice369 has 20 seconds left.\n|inactive|Alice369 has 15 seconds left.\n|inactive|Alice369 has 10 seconds left.\n|\n|t:|1776589928\n|move|p2a: Farigiraf|Protect|p2a: Farigiraf\n|-singleturn|p2a: Farigiraf|Protect\n|move|p2b: Incineroar|Parting Shot|p1a: Gyarados\n|-unboost|p1a: Gyarados|atk|1\n|-unboost|p1a: Gyarados|spa|1\n|\n|t:|1776589936\n|switch|p2b: Crabominable|Crabominable-Mega, L50, F|82/100|[from] Parting Shot\n|move|p1b: Tyranitar|Dragon Dance|p1b: Tyranitar\n|-boost|p1b: Tyranitar|atk|1\n|-boost|p1b: Tyranitar|spe|1\n|move|p1a: Gyarados|Taunt|p2a: Farigiraf\n|-activate|p2a: Farigiraf|move: Protect\n|\n|-weather|Sandstorm|[upkeep]\n|-damage|p2b: Crabominable|76/100|[from] Sandstorm\n|-damage|p2a: Farigiraf|22/100|[from] Sandstorm\n|-damage|p1a: Gyarados|45/100|[from] Sandstorm\n|-fieldend|move: Trick Room\n|upkeep\n|turn|11\n|\n|t:|1776589957\n|move|p2b: Crabominable|Mach Punch|p1b: Tyranitar\n|-supereffective|p1b: Tyranitar|2\n|-damage|p1b: Tyranitar|0 fnt\n|faint|p1b: Tyranitar\n|move|p1a: Gyarados|Taunt|p2a: Farigiraf\n|-start|p2a: Farigiraf|move: Taunt\n|move|p2a: Farigiraf|Hyper Voice|p1a: Gyarados\n|-damage|p1a: Gyarados|18/100\n|\n|-weather|Sandstorm|[upkeep]\n|-damage|p1a: Gyarados|12/100|[from] Sandstorm\n|-damage|p2a: Farigiraf|16/100|[from] Sandstorm\n|-damage|p2b: Crabominable|70/100|[from] Sandstorm\n|upkeep\n|\n|t:|1776589960\n|switch|p1b: Rotom|Rotom-Heat, L50|36/100\n|turn|12\n|\n|t:|1776589978\n|switch|p2a: Incineroar|Incineroar, L50, F|59/100\n|-ability|p2a: Incineroar|Intimidate|boost\n|-unboost|p1a: Gyarados|atk|1\n|-unboost|p1b: Rotom|atk|1\n|move|p2b: Crabominable|Protect|p2b: Crabominable\n|-singleturn|p2b: Crabominable|Protect\n|move|p1b: Rotom|Overheat|p2b: Crabominable\n|-activate|p2b: Crabominable|move: Protect\n|move|p1a: Gyarados|Waterfall|p2a: Incineroar\n|-supereffective|p2a: Incineroar|1\n|-damage|p2a: Incineroar|37/100\n|\n|-weather|none\n|upkeep\n|turn|13\n|\n|t:|1776589994\n|move|p1b: Rotom|Protect|p1b: Rotom\n|-singleturn|p1b: Rotom|Protect\n|move|p1a: Gyarados|Protect|p1a: Gyarados\n|-singleturn|p1a: Gyarados|Protect\n|move|p2a: Incineroar|Fake Out|p1b: Rotom\n|-activate|p1b: Rotom|move: Protect\n|move|p2b: Crabominable|Mach Punch|p1a: Gyarados\n|-activate|p1a: Gyarados|move: Protect\n|\n|upkeep\n|turn|14\n|\n|t:|1776590009\n|move|p2b: Crabominable|Protect|p2b: Crabominable\n|-singleturn|p2b: Crabominable|Protect\n|move|p1b: Rotom|Overheat|p2b: Crabominable\n|-activate|p2b: Crabominable|move: Protect\n|move|p1a: Gyarados|Waterfall|p2a: Incineroar\n|-supereffective|p2a: Incineroar|1\n|-damage|p2a: Incineroar|12/100\n|move|p2a: Incineroar|Throat Chop|p1b: Rotom\n|-damage|p1b: Rotom|3/100\n|-start|p1b: Rotom|Throat Chop|[silent]\n|\n|upkeep\n|turn|15\n|inactive|Alice369 has 30 seconds left.\n|\n|t:|1776590040\n|move|p1b: Rotom|Protect|p1b: Rotom\n|-singleturn|p1b: Rotom|Protect\n|move|p2b: Crabominable|Protect||[still]\n|-fail|p2b: Crabominable\n|move|p1a: Gyarados|Waterfall|p2a: Incineroar\n|-supereffective|p2a: Incineroar|1\n|-damage|p2a: Incineroar|0 fnt\n|faint|p2a: Incineroar\n|\n|-end|p1b: Rotom|Throat Chop|[silent]\n|upkeep\n|\n|t:|1776590048\n|switch|p2a: Farigiraf|Farigiraf, L50, M|16/100\n|turn|16\n|\n|t:|1776590058\n|move|p2a: Farigiraf|Protect|p2a: Farigiraf\n|-singleturn|p2a: Farigiraf|Protect\n|move|p2b: Crabominable|Mach Punch|p1b: Rotom\n|-damage|p1b: Rotom|0 fnt\n|faint|p1b: Rotom\n|move|p1a: Gyarados|Waterfall|p2a: Farigiraf\n|-activate|p2a: Farigiraf|move: Protect\n|\n|upkeep\n|turn|17\n|-message|Spookyboogie56 forfeited.\n|\n|win|Alice369\n|raw|Spookyboogie56's rating: 1097 &rarr; <strong>1079</strong><br />(-18 for losing)\n|raw|Alice369's rating: 1190 &rarr; <strong>1208</strong><br />(+18 for winning)\n|l|\u2606Spookyboogie56\n|player|p1|\n",
  "uploadtime": 1776590098,
  "views": 11,
  "formatid": "gen9championsvgc2026regma",
  "rating": 1079,
  "private": 0,
  "password": null
}