{
  "id": "gen9championsvgc2026regma-2582794871",
  "format": "[Gen 9 Champions] VGC 2026 Reg M-A",
  "players": [
    "Kdog2025",
    "tf2026"
  ],
  "log": "|j|\u2606Kdog2025\n|j|\u2606tf2026\n|t:|1776114678\n|gametype|doubles\n|player|p1|Kdog2025|266|1386\n|player|p2|tf2026|2|1446\n|gen|9\n|tier|[Gen 9 Champions] VGC 2026 Reg M-A\n|rated|\n|rule|Species Clause: Limit one of each Pok\u00e9mon\n|rule|Item Clause: Limit 1 of each item\n|clearpoke\n|poke|p1|Empoleon, L50, M|\n|poke|p1|Floette-Eternal, L50, F|\n|poke|p1|Ninetales-Alola, L50, M|\n|poke|p1|Incineroar, L50, M|\n|poke|p1|Aerodactyl, L50, F|\n|poke|p1|Farigiraf, L50, F|\n|poke|p2|Froslass, L50, F|\n|poke|p2|Milotic, L50, F|\n|poke|p2|Azumarill, L50, F|\n|poke|p2|Sinistcha-Masterpiece, L50|\n|poke|p2|Sneasler, L50, F|\n|poke|p2|Whimsicott, L50, M|\n|teampreview|4\n|inactive|Battle timer is ON: inactive players will automatically lose when time's up. (requested by Kdog2025)\n|\n|t:|1776114700\n|teamsize|p1|4\n|teamsize|p2|4\n|start\n|switch|p1a: Farigiraf|Farigiraf, L50, F|100/100\n|switch|p1b: Aerodactyl|Aerodactyl, L50, F|100/100\n|switch|p2a: Milotic|Milotic, L50, F|100/100\n|switch|p2b: Froslass|Froslass, L50, F|100/100\n|-ability|p1b: Aerodactyl|Unnerve\n|turn|1\n|\n|t:|1776114718\n|detailschange|p2b: Froslass|Froslass-Mega, L50, F\n|-mega|p2b: Froslass|Froslass|Froslassite\n|-weather|Snowscape|[from] ability: Snow Warning|[of] p2b: Froslass\n|move|p1b: Aerodactyl|Tailwind|p1b: Aerodactyl\n|-sidestart|p1: Kdog2025|move: Tailwind\n|move|p2b: Froslass|Aurora Veil|p2b: Froslass\n|-sidestart|p2: tf2026|move: Aurora Veil\n|move|p1a: Farigiraf|Psychic Noise|p2a: Milotic\n|-damage|p2a: Milotic|81/100\n|-start|p2a: Milotic|move: Heal Block\n|move|p2a: Milotic|Muddy Water|p1b: Aerodactyl|[spread] p1a,p1b\n|-supereffective|p1b: Aerodactyl|1\n|-damage|p1a: Farigiraf|67/100\n|-damage|p1b: Aerodactyl|8/100\n|-unboost|p1b: Aerodactyl|accuracy|1\n|\n|-weather|Snowscape|[upkeep]\n|upkeep\n|turn|2\n|\n|t:|1776114738\n|move|p1b: Aerodactyl|Rock Slide|p2b: Froslass|[spread] \n|-miss|p1b: Aerodactyl|p2a: Milotic\n|-miss|p1b: Aerodactyl|p2b: Froslass\n|move|p2b: Froslass|Blizzard|p1b: Aerodactyl|[spread] p1a,p1b\n|-supereffective|p1b: Aerodactyl|1\n|-damage|p1a: Farigiraf|15/100\n|-damage|p1b: Aerodactyl|0 fnt\n|faint|p1b: Aerodactyl\n|move|p1a: Farigiraf|Psychic Noise|p2b: Froslass\n|-damage|p2b: Froslass|67/100\n|-start|p2b: Froslass|move: Heal Block\n|move|p2a: Milotic|Blizzard|p1a: Farigiraf\n|-damage|p1a: Farigiraf|0 fnt\n|faint|p1a: Farigiraf\n|\n|-weather|Snowscape|[upkeep]\n|-end|p2a: Milotic|move: Heal Block\n|upkeep\n|\n|t:|1776114742\n|switch|p1b: Ninetales|Ninetales-Alola, L50, M|100/100\n|switch|p1a: Floette|Floette-Eternal, L50, F|100/100\n|turn|3\n|inactive|tf2026 has 30 seconds left.\n|\n|t:|1776114768\n|detailschange|p1a: Floette|Floette-Mega, L50, F\n|-mega|p1a: Floette|Floette|Floettite\n|-ability|p1a: Floette|Fairy Aura\n|move|p1b: Ninetales|Aurora Veil|p1b: Ninetales\n|-sidestart|p1: Kdog2025|move: Aurora Veil\n|move|p1a: Floette|Calm Mind|p1a: Floette\n|-boost|p1a: Floette|spa|1\n|-boost|p1a: Floette|spd|1\n|move|p2b: Froslass|Blizzard|p1a: Floette|[spread] p1a,p1b\n|-resisted|p1b: Ninetales|1\n|-damage|p1a: Floette|82/100\n|-damage|p1b: Ninetales|84/100\n|move|p2a: Milotic|Haze|p2a: Milotic\n|-clearallboost\n|\n|-weather|Snowscape|[upkeep]\n|-heal|p2a: Milotic|87/100|[from] item: Leftovers\n|-end|p2b: Froslass|move: Heal Block\n|upkeep\n|turn|4\n|\n|t:|1776114786\n|move|p1b: Ninetales|Freeze-Dry|p2a: Milotic\n|-supereffective|p2a: Milotic|1\n|-damage|p2a: Milotic|54/100\n|move|p1a: Floette|Calm Mind|p1a: Floette\n|-boost|p1a: Floette|spa|1\n|-boost|p1a: Floette|spd|1\n|move|p2b: Froslass|Blizzard|p1a: Floette|[spread] p1a,p1b\n|-resisted|p1b: Ninetales|1\n|-damage|p1a: Floette|67/100\n|-damage|p1b: Ninetales|65/100\n|move|p2a: Milotic|Muddy Water|p1a: Floette|[spread] p1a,p1b\n|-damage|p1a: Floette|53/100\n|-damage|p1b: Ninetales|41/100\n|\n|-weather|Snowscape|[upkeep]\n|-heal|p2a: Milotic|60/100|[from] item: Leftovers\n|-sideend|p1: Kdog2025|move: Tailwind\n|upkeep\n|turn|5\n|inactive|Kdog2025 has 30 seconds left.\n|inactive|Kdog2025 has 20 seconds left.\n|inactive|Kdog2025 has 15 seconds left.\n|inactive|Kdog2025 has 10 seconds left.\n|\n|t:|1776114831\n|move|p2b: Froslass|Blizzard|p1a: Floette|[spread] p1a,p1b\n|-resisted|p1b: Ninetales|1\n|-damage|p1a: Floette|37/100\n|-damage|p1b: Ninetales|24/100\n|move|p1b: Ninetales|Freeze-Dry|p2a: Milotic\n|-supereffective|p2a: Milotic|1\n|-damage|p2a: Milotic|27/100\n|move|p1a: Floette|Dazzling Gleam|p2a: Milotic|[spread] p2a,p2b\n|-damage|p2a: Milotic|0 fnt\n|-damage|p2b: Froslass|5/100\n|faint|p2a: Milotic\n|\n|-weather|none\n|-sideend|p2: tf2026|move: Aurora Veil\n|upkeep\n|\n|t:|1776114842\n|switch|p2a: Sneasler|Sneasler, L50, F|100/100\n|turn|6\n|\n|t:|1776114849\n|move|p2a: Sneasler|Protect|p2a: Sneasler\n|-singleturn|p2a: Sneasler|Protect\n|move|p1a: Floette|Protect|p1a: Floette\n|-singleturn|p1a: Floette|Protect\n|move|p2b: Froslass|Shadow Ball|p1b: Ninetales\n|-crit|p1b: Ninetales\n|-damage|p1b: Ninetales|0 fnt\n|faint|p1b: Ninetales\n|\n|upkeep\n|turn|7\n|\n|t:|1776114856\n|move|p2b: Froslass|Shadow Ball|p1a: Floette\n|-damage|p1a: Floette|21/100\n|move|p2a: Sneasler|Dire Claw|p1a: Floette\n|-supereffective|p1a: Floette|1\n|-damage|p1a: Floette|0 fnt\n|faint|p1a: Floette\n|\n|win|tf2026\n|raw|Kdog2025's rating: 1386 &rarr; <strong>1369</strong><br />(-17 for losing)\n|raw|tf2026's rating: 1446 &rarr; <strong>1463</strong><br />(+17 for winning)\n|l|\u2606Kdog2025\n|player|p1|\n",
  "uploadtime": 1776114973,
  "views": 31,
  "formatid": "gen9championsvgc2026regma",
  "rating": 1369,
  "private": 0,
  "password": null
}