{
  "id": "gen9championsvgc2026regma-2583601049",
  "format": "[Gen 9 Champions] VGC 2026 Reg M-A",
  "players": [
    "Mirthinion",
    "HosTrax"
  ],
  "log": "|j|\u2606Mirthinion\n|j|\u2606HosTrax\n|t:|1776185821\n|gametype|doubles\n|player|p1|Mirthinion|janitor|1199\n|player|p2|HosTrax|steven|1124\n|gen|9\n|tier|[Gen 9 Champions] VGC 2026 Reg M-A\n|rated|\n|rule|Species Clause: Limit one of each Pok\u00e9mon\n|rule|Item Clause: Limit 1 of each item\n|clearpoke\n|poke|p1|Tyranitar, L50, M|\n|poke|p1|Lycanroc, L50, M|\n|poke|p1|Primarina, L50, F|\n|poke|p1|Corviknight, L50, M|\n|poke|p1|Kommo-o, L50, M|\n|poke|p1|Incineroar, L50, M|\n|poke|p2|Medicham, L50, F|\n|poke|p2|Samurott-Hisui, L50, F|\n|poke|p2|Glimmora, L50, F|\n|poke|p2|Talonflame, L50, M|\n|poke|p2|Maushold-Four, L50|\n|poke|p2|Primarina, L50, F|\n|teampreview|4\n|inactive|Battle timer is ON: inactive players will automatically lose when time's up. (requested by Mirthinion)\n|inactive|Mirthinion has 60 seconds left.\n|inactive|HosTrax has 60 seconds left.\n|inactive|Mirthinion has 30 seconds left.\n|\n|t:|1776185888\n|teamsize|p1|4\n|teamsize|p2|4\n|start\n|switch|p1a: Tyranitar|Tyranitar, L50, M|100/100\n|switch|p1b: Lycanroc|Lycanroc, L50, M|100/100\n|switch|p2a: Medicham|Medicham, L50, F|100/100\n|switch|p2b: Glimmora|Glimmora, L50, F|100/100\n|-weather|Sandstorm|[from] ability: Sand Stream|[of] p1a: Tyranitar\n|turn|1\n|inactive|HosTrax has 30 seconds left.\n|inactive|HosTrax has 20 seconds left.\n|inactive|HosTrax has 15 seconds left.\n|\n|t:|1776185928\n|switch|p1a: Corviknight|Corviknight, L50, M|100/100\n|detailschange|p2a: Medicham|Medicham-Mega, L50, F\n|-mega|p2a: Medicham|Medicham|Medichamite\n|move|p1b: Lycanroc|Protect|p1b: Lycanroc\n|-singleturn|p1b: Lycanroc|Protect\n|move|p2a: Medicham|Fake Out|p1b: Lycanroc\n|-activate|p1b: Lycanroc|move: Protect\n|move|p2b: Glimmora|Energy Ball|p1a: Corviknight\n|-resisted|p1a: Corviknight|2\n|-damage|p1a: Corviknight|95/100\n|\n|-weather|Sandstorm|[upkeep]\n|-damage|p2a: Medicham|95/100|[from] Sandstorm\n|upkeep\n|turn|2\n|inactive|HosTrax has 30 seconds left.\n|\n|t:|1776185960\n|move|p1b: Lycanroc|Rock Slide|p2b: Glimmora|[spread] p2a,p2b\n|-resisted|p2a: Medicham|1\n|-damage|p2a: Medicham|74/100\n|-damage|p2b: Glimmora|64/100\n|-activate|p2b: Glimmora|ability: Toxic Debris\n|-sidestart|p1: Mirthinion|move: Toxic Spikes\n|move|p2a: Medicham|Close Combat|p1b: Lycanroc\n|-supereffective|p1b: Lycanroc|1\n|-enditem|p1b: Lycanroc|Focus Sash\n|-damage|p1b: Lycanroc|1/100\n|-unboost|p2a: Medicham|def|1\n|-unboost|p2a: Medicham|spd|1\n|cant|p2b: Glimmora|flinch\n|move|p1a: Corviknight|Brave Bird|p2a: Medicham\n|-supereffective|p2a: Medicham|1\n|-damage|p2a: Medicham|0 fnt\n|faint|p2a: Medicham\n|-damage|p1a: Corviknight|79/100|[from] Recoil\n|\n|-weather|Sandstorm|[upkeep]\n|upkeep\n|\n|t:|1776185982\n|switch|p2a: Maushold|Maushold-Four, L50|100/100\n|turn|3\n|\n|t:|1776186005\n|move|p1b: Lycanroc|Close Combat|p2a: Maushold\n|-supereffective|p2a: Maushold|1\n|-enditem|p2a: Maushold|Focus Sash\n|-damage|p2a: Maushold|1/100\n|-unboost|p1b: Lycanroc|def|1\n|-unboost|p1b: Lycanroc|spd|1\n|move|p2a: Maushold|Population Bomb|p1b: Lycanroc\n|-resisted|p1b: Lycanroc|1\n|-damage|p1b: Lycanroc|0 fnt\n|faint|p1b: Lycanroc\n|-hitcount|p1: Lycanroc|1\n|move|p2b: Glimmora|Power Gem|p1a: Corviknight\n|-damage|p1a: Corviknight|47/100\n|-enditem|p1a: Corviknight|Sitrus Berry|[eat]\n|-heal|p1a: Corviknight|72/100|[from] item: Sitrus Berry\n|move|p1a: Corviknight|Tailwind|p1a: Corviknight\n|-sidestart|p1: Mirthinion|move: Tailwind\n|\n|-weather|Sandstorm|[upkeep]\n|-damage|p2a: Maushold|0 fnt|[from] Sandstorm\n|faint|p2a: Maushold\n|upkeep\n|\n|t:|1776186026\n|switch|p2a: Primarina|Primarina, L50, F|100/100\n|switch|p1b: Primarina|Primarina, L50, F|100/100\n|-status|p1b: Primarina|psn\n|turn|4\n|inactive|HosTrax has 30 seconds left.\n|-activate|p1b: Primarina|item: Quick Claw\n|\n|t:|1776186054\n|move|p1b: Primarina|Hyper Voice|p2b: Glimmora|[spread] p2a,p2b\n|-resisted|p2a: Primarina|1\n|-supereffective|p2b: Glimmora|1\n|-damage|p2a: Primarina|86/100\n|-damage|p2b: Glimmora|0 fnt\n|faint|p2b: Glimmora\n|move|p1a: Corviknight|Iron Head|p2a: Primarina\n|-damage|p2a: Primarina|55/100\n|move|p2a: Primarina|Hyper Voice|p1b: Primarina|[spread] p1a,p1b\n|-resisted|p1b: Primarina|1\n|-damage|p1a: Corviknight|43/100\n|-damage|p1b: Primarina|83/100 psn\n|\n|-weather|Sandstorm|[upkeep]\n|-damage|p1b: Primarina|77/100 psn|[from] Sandstorm\n|-damage|p2a: Primarina|49/100|[from] Sandstorm\n|-heal|p2a: Primarina|55/100|[from] item: Leftovers\n|-damage|p1b: Primarina|65/100 psn|[from] psn\n|upkeep\n|turn|5\n|\n|t:|1776186074\n|move|p1b: Primarina|Moonblast|p2a: Primarina\n|-damage|p2a: Primarina|9/100\n|move|p1a: Corviknight|Roost|p1a: Corviknight\n|-heal|p1a: Corviknight|93/100\n|-singleturn|p1a: Corviknight|move: Roost\n|move|p2a: Primarina|Hyper Voice|p1b: Primarina|[spread] p1a,p1b\n|-resisted|p1b: Primarina|1\n|-damage|p1a: Corviknight|65/100\n|-damage|p1b: Primarina|45/100 psn\n|\n|-weather|none\n|-heal|p2a: Primarina|15/100|[from] item: Leftovers\n|-damage|p1b: Primarina|33/100 psn|[from] psn\n|upkeep\n|turn|6\n|\n|t:|1776186088\n|move|p1b: Primarina|Moonblast|p2a: Primarina\n|-damage|p2a: Primarina|0 fnt\n|faint|p2a: Primarina\n|\n|win|Mirthinion\n|raw|Mirthinion's rating: 1199 &rarr; <strong>1219</strong><br />(+20 for winning)\n|raw|HosTrax's rating: 1124 &rarr; <strong>1104</strong><br />(-20 for losing)\n|l|\u2606HosTrax\n|player|p2|\n",
  "uploadtime": 1776186093,
  "views": 41,
  "formatid": "gen9championsvgc2026regma",
  "rating": 1104,
  "private": 0,
  "password": null
}