{
  "id": "gen9championsvgc2026regma-2586623168",
  "format": "[Gen 9 Champions] VGC 2026 Reg M-A",
  "players": [
    "Boneyard00",
    "ddddrcvgg"
  ],
  "log": "|j|\u2606Boneyard00\n|j|\u2606ddddrcvgg\n|t:|1776447576\n|gametype|doubles\n|player|p1|Boneyard00|acetrainer-gen4dp|1106\n|player|p2|ddddrcvgg|169|1073\n|gen|9\n|tier|[Gen 9 Champions] VGC 2026 Reg M-A\n|rated|\n|rule|Species Clause: Limit one of each Pok\u00e9mon\n|rule|Item Clause: Limit 1 of each item\n|clearpoke\n|poke|p1|Abomasnow, L50, M|\n|poke|p1|Talonflame, L50, F|\n|poke|p1|Avalugg, L50, M|\n|poke|p1|Basculegion, L50, M|\n|poke|p1|Vanilluxe, L50, M|\n|poke|p1|Alcremie-Salted-Cream, L50, F|\n|poke|p2|Manectric, L50, F|\n|poke|p2|Tauros-Paldea-Aqua, L50, M|\n|poke|p2|Talonflame, L50, M|\n|poke|p2|Raichu-Alola, L50, F|\n|poke|p2|Glaceon, L50, F|\n|poke|p2|Roserade, L50, F|\n|teampreview|4\n|inactive|Battle timer is ON: inactive players will automatically lose when time's up. (requested by Boneyard00)\n|\n|t:|1776447597\n|teamsize|p1|4\n|teamsize|p2|4\n|start\n|switch|p1a: Northwoods|Abomasnow, L50, M|100/100\n|switch|p1b: Caribbean|Talonflame, L50, F|100/100\n|switch|p2a: Talonflame|Talonflame, L50, M|100/100\n|switch|p2b: Tauros|Tauros-Paldea-Aqua, L50, M|100/100\n|-ability|p2b: Tauros|Intimidate|boost\n|-unboost|p1a: Northwoods|atk|1\n|-unboost|p1b: Caribbean|atk|1\n|-weather|Snowscape|[from] ability: Snow Warning|[of] p1a: Northwoods\n|turn|1\n|inactive|Boneyard00 has 30 seconds left.\n|\n|t:|1776447625\n|move|p1b: Caribbean|Tailwind|p1b: Caribbean\n|-sidestart|p1: Boneyard00|move: Tailwind\n|move|p2a: Talonflame|Dual Wingbeat|p1a: Northwoods\n|-supereffective|p1a: Northwoods|1\n|-damage|p1a: Northwoods|75/100\n|-supereffective|p1a: Northwoods|1\n|-damage|p1a: Northwoods|51/100\n|-hitcount|p1a: Northwoods|2\n|move|p1a: Northwoods|Aurora Veil|p1a: Northwoods\n|-sidestart|p1: Boneyard00|move: Aurora Veil\n|move|p2b: Tauros|Bulk Up|p2b: Tauros\n|-boost|p2b: Tauros|atk|1\n|-boost|p2b: Tauros|def|1\n|\n|-weather|Snowscape|[upkeep]\n|upkeep\n|turn|2\n|\n|t:|1776447650\n|switch|p1a: Cream Puff|Alcremie-Salted-Cream, L50, F|100/100\n|move|p2a: Talonflame|Tailwind|p2a: Talonflame\n|-sidestart|p2: ddddrcvgg|move: Tailwind\n|move|p2b: Tauros|Aqua Jet|p1b: Caribbean\n|-supereffective|p1b: Caribbean|1\n|-damage|p1b: Caribbean|52/100\n|move|p1b: Caribbean|Taunt|p2b: Tauros\n|-start|p2b: Tauros|move: Taunt\n|\n|-weather|Snowscape|[upkeep]\n|upkeep\n|turn|3\n|\n|t:|1776447672\n|switch|p1b: Culvers|Vanilluxe, L50, M|100/100\n|move|p2b: Tauros|Aqua Jet|p1b: Culvers\n|-damage|p1b: Culvers|82/100\n|-ability|p1b: Culvers|Weak Armor|boost\n|-unboost|p1b: Culvers|def|1\n|-boost|p1b: Culvers|spe|2\n|move|p2a: Talonflame|Steel Wing|p1a: Cream Puff\n|-supereffective|p1a: Cream Puff|1\n|-crit|p1a: Cream Puff\n|-damage|p1a: Cream Puff|40/100\n|move|p1a: Cream Puff|Decorate|p1b: Culvers\n|-boost|p1b: Culvers|atk|2\n|-boost|p1b: Culvers|spa|2\n|\n|-weather|Snowscape|[upkeep]\n|upkeep\n|turn|4\n|inactive|ddddrcvgg has 30 seconds left.\n|\n|t:|1776447702\n|move|p1a: Cream Puff|Helping Hand|p1b: Culvers\n|-singleturn|p1b: Culvers|Helping Hand|[of] p1a: Cream Puff\n|move|p1b: Culvers|Blizzard|p2b: Tauros|[spread] p2a,p2b\n|-resisted|p2b: Tauros|1\n|-damage|p2a: Talonflame|0 fnt\n|-damage|p2b: Tauros|0 fnt\n|faint|p2a: Talonflame\n|faint|p2b: Tauros\n|\n|-weather|Snowscape|[upkeep]\n|-sideend|p1: Boneyard00|move: Tailwind\n|upkeep\n|\n|t:|1776447715\n|switch|p2a: Raichu|Raichu-Alola, L50, F|100/100\n|switch|p2b: Manectric|Manectric, L50, F|100/100\n|turn|5\n|\n|t:|1776447728\n|move|p1a: Cream Puff|Helping Hand|p1b: Culvers\n|-singleturn|p1b: Culvers|Helping Hand|[of] p1a: Cream Puff\n|move|p2a: Raichu|Electric Terrain|p2a: Raichu\n|-fieldstart|move: Electric Terrain\n|move|p2b: Manectric|Flamethrower|p1b: Culvers\n|-supereffective|p1b: Culvers|1\n|-damage|p1b: Culvers|30/100\n|move|p1b: Culvers|Blizzard|p2a: Raichu|[spread] p2a,p2b\n|-enditem|p2a: Raichu|Focus Sash\n|-damage|p2a: Raichu|1/100\n|-damage|p2b: Manectric|0 fnt\n|faint|p2b: Manectric\n|\n|-weather|none\n|-sideend|p2: ddddrcvgg|move: Tailwind\n|-sideend|p1: Boneyard00|move: Aurora Veil\n|upkeep\n|turn|6\n|\n|t:|1776447747\n|move|p1a: Cream Puff|Protect|p1a: Cream Puff\n|-singleturn|p1a: Cream Puff|Protect\n|move|p2a: Raichu|Rising Voltage|p1b: Culvers\n|-hint|Rising Voltage's BP doubled on grounded target.\n|-damage|p1b: Culvers|0 fnt\n|faint|p1b: Culvers\n|\n|upkeep\n|\n|t:|1776447755\n|switch|p1b: Northwoods|Abomasnow, L50, M|51/100\n|-weather|Snowscape|[from] ability: Snow Warning|[of] p1b: Northwoods\n|turn|7\n|\n|t:|1776447765\n|detailschange|p1b: Northwoods|Abomasnow-Mega, L50, M\n|-mega|p1b: Northwoods|Abomasnow|Abomasite\n|move|p1a: Cream Puff|Helping Hand|p1b: Northwoods\n|-singleturn|p1b: Northwoods|Helping Hand|[of] p1a: Cream Puff\n|move|p1b: Northwoods|Ice Shard|p2a: Raichu\n|-damage|p2a: Raichu|0 fnt\n|faint|p2a: Raichu\n|\n|win|Boneyard00\n|raw|Boneyard00's rating: 1106 &rarr; <strong>1129</strong><br />(+23 for winning)\n|raw|ddddrcvgg's rating: 1073 &rarr; <strong>1054</strong><br />(-19 for losing)\n|l|\u2606ddddrcvgg\n|player|p2|\n",
  "uploadtime": 1776447779,
  "views": 45,
  "formatid": "gen9championsvgc2026regma",
  "rating": 1054,
  "private": 0,
  "password": null
}