{
  "id": "gen9championsvgc2026regma-2580890746",
  "format": "[Gen 9 Champions] VGC 2026 Reg M-A",
  "players": [
    "whathead",
    "PalmUltra"
  ],
  "log": "|j|\u2606whathead\n|j|\u2606PalmUltra\n|t:|1775940921\n|gametype|doubles\n|player|p1|whathead|265|1045\n|player|p2|PalmUltra|li|1030\n|gen|9\n|tier|[Gen 9 Champions] VGC 2026 Reg M-A\n|rated|\n|rule|Species Clause: Limit one of each Pok\u00e9mon\n|rule|Item Clause: Limit 1 of each item\n|clearpoke\n|poke|p1|Sableye, L50, M|\n|poke|p1|Archaludon, L50, M|\n|poke|p1|Farigiraf, L50, M|\n|poke|p1|Pelipper, L50, M|\n|poke|p1|Raichu-Alola, L50, M|\n|poke|p1|Tsareena, L50, F|\n|poke|p2|Froslass, L50, F|\n|poke|p2|Ninetales-Alola, L50, F|\n|poke|p2|Chimecho, L50, M|\n|poke|p2|Slowking-Galar, L50, M|\n|poke|p2|Samurott-Hisui, L50, M|\n|poke|p2|Mamoswine, L50, M|\n|teampreview|4\n|\n|t:|1775940949\n|teamsize|p1|4\n|teamsize|p2|4\n|start\n|switch|p1a: Sableye|Sableye, L50, M|100/100\n|switch|p1b: Raichu|Raichu-Alola, L50, M|100/100\n|switch|p2a: Froslass|Froslass, L50, F, shiny|100/100\n|switch|p2b: Ninetales|Ninetales-Alola, L50, F|100/100\n|turn|1\n|\n|t:|1775940973\n|detailschange|p2a: Froslass|Froslass-Mega, L50, F, shiny\n|-mega|p2a: Froslass|Froslass|Froslassite\n|-weather|Snowscape|[from] ability: Snow Warning|[of] p2a: Froslass\n|detailschange|p1a: Sableye|Sableye-Mega, L50, M\n|-mega|p1a: Sableye|Sableye|Sablenite\n|move|p1b: Raichu|Fake Out|p2b: Ninetales\n|-damage|p2b: Ninetales|93/100\n|move|p2a: Froslass|Aurora Veil|p2a: Froslass\n|-sidestart|p2: PalmUltra|move: Aurora Veil\n|cant|p2b: Ninetales|flinch\n|move|p1a: Sableye|Light Screen|p1a: Sableye\n|-sidestart|p1: whathead|move: Light Screen\n|\n|-weather|Snowscape|[upkeep]\n|upkeep\n|turn|2\n|\n|t:|1775941004\n|switch|p1a: Pelipper|Pelipper, L50, M|100/100\n|-weather|RainDance|[from] ability: Drizzle|[of] p1a: Pelipper\n|move|p2a: Froslass|Shadow Ball|p1b: Raichu\n|-supereffective|p1b: Raichu|1\n|-damage|p1b: Raichu|13/100\n|move|p2b: Ninetales|Moonblast|p1a: Pelipper\n|-damage|p1a: Pelipper|65/100\n|move|p1b: Raichu|Electric Terrain|p1b: Raichu\n|-fieldstart|move: Electric Terrain\n|\n|-weather|RainDance|[upkeep]\n|upkeep\n|turn|3\n|inactive|Battle timer is ON: inactive players will automatically lose when time's up. (requested by whathead)\n|\n|t:|1775941024\n|move|p2a: Froslass|Protect|p2a: Froslass\n|-singleturn|p2a: Froslass|Protect\n|move|p1b: Raichu|Thunder|p2a: Froslass\n|-activate|p2a: Froslass|move: Protect\n|move|p2b: Ninetales|Freeze-Dry|p1a: Pelipper\n|-supereffective|p1a: Pelipper|2\n|-damage|p1a: Pelipper|0 fnt\n|faint|p1a: Pelipper\n|\n|-weather|RainDance|[upkeep]\n|upkeep\n|\n|t:|1775941029\n|switch|p1a: Archaludon|Archaludon, L50, M|100/100\n|turn|4\n|\n|t:|1775941043\n|switch|p2a: Samurott|Samurott-Hisui, L50, M|100/100\n|move|p2b: Ninetales|Protect|p2b: Ninetales\n|-singleturn|p2b: Ninetales|Protect\n|move|p1b: Raichu|Thunder|p2a: Samurott\n|-supereffective|p2a: Samurott|1\n|-damage|p2a: Samurott|0 fnt\n|faint|p2a: Samurott\n|move|p1a: Archaludon|Flash Cannon|p2b: Ninetales\n|-activate|p2b: Ninetales|move: Protect\n|\n|-weather|RainDance|[upkeep]\n|upkeep\n|\n|t:|1775941056\n|switch|p2a: Froslass|Froslass-Mega, L50, F, shiny|100/100\n|-weather|Snowscape|[from] ability: Snow Warning|[of] p2a: Froslass\n|turn|5\n|inactive|PalmUltra has 30 seconds left.\n|inactive|whathead has 30 seconds left.\n|\n|t:|1775941089\n|move|p2a: Froslass|Protect|p2a: Froslass\n|-singleturn|p2a: Froslass|Protect\n|move|p1b: Raichu|Volt Switch|p2a: Froslass\n|-activate|p2a: Froslass|move: Protect\n|move|p2b: Ninetales|Blizzard|p1a: Archaludon|[spread] p1a,p1b\n|-damage|p1a: Archaludon|79/100\n|-damage|p1b: Raichu|0 fnt\n|-ability|p1a: Archaludon|Stamina|boost\n|-boost|p1a: Archaludon|def|1\n|faint|p1b: Raichu\n|move|p1a: Archaludon|Flash Cannon|p2a: Froslass\n|-activate|p2a: Froslass|move: Protect\n|\n|-weather|Snowscape|[upkeep]\n|-heal|p1a: Archaludon|85/100|[from] item: Leftovers\n|-sideend|p1: whathead|move: Light Screen\n|-sideend|p2: PalmUltra|move: Aurora Veil\n|upkeep\n|\n|t:|1775941092\n|switch|p1b: Sableye|Sableye-Mega, L50, M|100/100\n|turn|6\n|\n|t:|1775941117\n|move|p2a: Froslass|Shadow Ball|p1b: Sableye\n|-damage|p1b: Sableye|60/100\n|-unboost|p1b: Sableye|spd|1\n|move|p2b: Ninetales|Moonblast|p1b: Sableye\n|-supereffective|p1b: Sableye|1\n|-damage|p1b: Sableye|0 fnt\n|faint|p1b: Sableye\n|move|p1a: Archaludon|Flash Cannon|p2a: Froslass\n|-supereffective|p2a: Froslass|1\n|-damage|p2a: Froslass|9/100\n|\n|-weather|Snowscape|[upkeep]\n|-heal|p1a: Archaludon|91/100|[from] item: Leftovers\n|-fieldend|move: Electric Terrain\n|upkeep\n|turn|7\n|inactive|whathead has 30 seconds left.\n|\n|t:|1775941144\n|move|p1a: Archaludon|Protect|p1a: Archaludon\n|-singleturn|p1a: Archaludon|Protect\n|move|p2a: Froslass|Aurora Veil|p2a: Froslass\n|-sidestart|p2: PalmUltra|move: Aurora Veil\n|move|p2b: Ninetales|Blizzard|p1a: Archaludon\n|-activate|p1a: Archaludon|move: Protect\n|\n|-weather|Snowscape|[upkeep]\n|-heal|p1a: Archaludon|97/100|[from] item: Leftovers\n|upkeep\n|turn|8\n|\n|t:|1775941163\n|move|p2a: Froslass|Will-O-Wisp|p1a: Archaludon\n|-status|p1a: Archaludon|brn\n|move|p2b: Ninetales|Moonblast|p1a: Archaludon\n|-damage|p1a: Archaludon|61/100 brn\n|-unboost|p1a: Archaludon|spa|1\n|-ability|p1a: Archaludon|Stamina|boost\n|-boost|p1a: Archaludon|def|1\n|move|p1a: Archaludon|Flash Cannon|p2a: Froslass\n|-supereffective|p2a: Froslass|1\n|-damage|p2a: Froslass|0 fnt\n|faint|p2a: Froslass\n|\n|-weather|Snowscape|[upkeep]\n|-heal|p1a: Archaludon|68/100 brn|[from] item: Leftovers\n|-damage|p1a: Archaludon|61/100 brn|[from] brn\n|upkeep\n|\n|t:|1775941179\n|switch|p2a: Mamoswine|Mamoswine, L50, M|100/100\n|turn|9\n|\n|t:|1775941188\n|move|p2b: Ninetales|Protect|p2b: Ninetales\n|-singleturn|p2b: Ninetales|Protect\n|move|p1a: Archaludon|Flash Cannon|p2a: Mamoswine\n|-supereffective|p2a: Mamoswine|1\n|-damage|p2a: Mamoswine|56/100\n|move|p2a: Mamoswine|Earthquake|p1a: Archaludon|[spread] p1a\n|-activate|p2b: Ninetales|move: Protect\n|-supereffective|p1a: Archaludon|1\n|-damage|p1a: Archaludon|30/100 brn\n|-ability|p1a: Archaludon|Stamina|boost\n|-boost|p1a: Archaludon|def|1\n|\n|-weather|none\n|-heal|p1a: Archaludon|36/100 brn|[from] item: Leftovers\n|-damage|p1a: Archaludon|30/100 brn|[from] brn\n|upkeep\n|turn|10\n|\n|t:|1775941207\n|move|p2a: Mamoswine|Ice Shard|p1a: Archaludon\n|-damage|p1a: Archaludon|22/100 brn\n|-ability|p1a: Archaludon|Stamina|boost\n|-boost|p1a: Archaludon|def|1\n|move|p2b: Ninetales|Moonblast|p1a: Archaludon\n|-damage|p1a: Archaludon|0 fnt\n|faint|p1a: Archaludon\n|\n|win|PalmUltra\n|raw|whathead's rating: 1045 &rarr; <strong>1028</strong><br />(-17 for losing)\n|raw|PalmUltra's rating: 1030 &rarr; <strong>1067</strong><br />(+37 for winning)\n|l|\u2606whathead\n|player|p1|\n",
  "uploadtime": 1775941221,
  "views": 13,
  "formatid": "gen9championsvgc2026regma",
  "rating": 1028,
  "private": 0,
  "password": null
}