{
  "id": "gen9championsvgc2026regma-2584343621",
  "format": "[Gen 9 Champions] VGC 2026 Reg M-A",
  "players": [
    "Lord of Yes",
    "JuanluRR_47"
  ],
  "log": "|j|\u203dLord of Yes\n|j|\u2606JuanluRR_47\n|t:|1776253244\n|gametype|doubles\n|player|p1|Lord of Yes|sailor|1329\n|player|p2|JuanluRR_47|worker-gen4|1230\n|gen|9\n|tier|[Gen 9 Champions] VGC 2026 Reg M-A\n|rated|\n|rule|Species Clause: Limit one of each Pok\u00e9mon\n|rule|Item Clause: Limit 1 of each item\n|clearpoke\n|poke|p1|Sinistcha, L50|\n|poke|p1|Ninetales-Alola, L50, M|\n|poke|p1|Incineroar, L50, F|\n|poke|p1|Primarina, L50, F|\n|poke|p1|Aggron, L50, M|\n|poke|p1|Drampa, L50, M|\n|poke|p2|Archaludon, L50, M|\n|poke|p2|Pelipper, L50, M|\n|poke|p2|Dragonite, L50, M|\n|poke|p2|Sinistcha, L50|\n|poke|p2|Basculegion, L50, M|\n|poke|p2|Sneasler, L50, M|\n|teampreview|4\n|\n|t:|1776253284\n|teamsize|p1|4\n|teamsize|p2|4\n|start\n|switch|p1a: Sinistcha|Sinistcha, L50|100/100\n|switch|p1b: Aggron|Aggron, L50, M|100/100\n|switch|p2a: Archaludon|Archaludon, L50, M|100/100\n|switch|p2b: Sneasler|Sneasler, L50, M|100/100\n|turn|1\n|\n|t:|1776253301\n|detailschange|p1b: Aggron|Aggron-Mega, L50, M\n|-mega|p1b: Aggron|Aggron|Aggronite\n|move|p1a: Sinistcha|Rage Powder|p1a: Sinistcha\n|-singleturn|p1a: Sinistcha|move: Rage Powder\n|move|p2b: Sneasler|Dire Claw|p1a: Sinistcha\n|-damage|p1a: Sinistcha|64/100\n|-status|p1a: Sinistcha|psn\n|move|p2a: Archaludon|Dragon Pulse|p1a: Sinistcha\n|-damage|p1a: Sinistcha|25/100 psn\n|-enditem|p1a: Sinistcha|Sitrus Berry|[eat]\n|-heal|p1a: Sinistcha|50/100 psn|[from] item: Sitrus Berry\n|move|p1b: Aggron|Iron Defense|p1b: Aggron\n|-boost|p1b: Aggron|def|2\n|\n|-damage|p1a: Sinistcha|38/100 psn|[from] psn\n|upkeep\n|turn|2\n|\n|t:|1776253318\n|move|p2a: Archaludon|Protect|p2a: Archaludon\n|-singleturn|p2a: Archaludon|Protect\n|move|p1a: Sinistcha|Rage Powder|p1a: Sinistcha\n|-singleturn|p1a: Sinistcha|move: Rage Powder\n|move|p2b: Sneasler|Dire Claw|p1a: Sinistcha\n|-damage|p1a: Sinistcha|1/100 psn\n|move|p1b: Aggron|Iron Defense|p1b: Aggron\n|-boost|p1b: Aggron|def|2\n|\n|-damage|p1a: Sinistcha|0 fnt|[from] psn\n|faint|p1a: Sinistcha\n|upkeep\n|\n|t:|1776253330\n|switch|p1a: Incineroar|Incineroar, L50, F|100/100\n|-ability|p1a: Incineroar|Intimidate|boost\n|-unboost|p2a: Archaludon|atk|1\n|-unboost|p2b: Sneasler|atk|1\n|-enditem|p2b: Sneasler|White Herb\n|-clearnegativeboost|p2b: Sneasler|[silent]\n|turn|3\n|\n|t:|1776253345\n|move|p1a: Incineroar|Fake Out|p2b: Sneasler\n|-damage|p2b: Sneasler|81/100\n|cant|p2b: Sneasler|flinch\n|move|p2a: Archaludon|Dragon Pulse|p1a: Incineroar\n|-damage|p1a: Incineroar|70/100\n|move|p1b: Aggron|Body Press|p2a: Archaludon\n|-supereffective|p2a: Archaludon|1\n|-damage|p2a: Archaludon|0 fnt\n|faint|p2a: Archaludon\n|\n|upkeep\n|\n|t:|1776253348\n|switch|p2a: Pelipper|Pelipper, L50, M|100/100\n|-weather|RainDance|[from] ability: Drizzle|[of] p2a: Pelipper\n|turn|4\n|\n|t:|1776253364\n|move|p2b: Sneasler|Close Combat|p1a: Incineroar\n|-supereffective|p1a: Incineroar|1\n|-enditem|p1a: Incineroar|Chople Berry|[eat]\n|-enditem|p1a: Incineroar|Chople Berry|[weaken]\n|-damage|p1a: Incineroar|8/100\n|-unboost|p2b: Sneasler|def|1\n|-unboost|p2b: Sneasler|spd|1\n|move|p2a: Pelipper|Weather Ball|p1b: Aggron\n|-damage|p1b: Aggron|50/100\n|move|p1a: Incineroar|Throat Chop|p2b: Sneasler\n|-resisted|p2b: Sneasler|1\n|-damage|p2b: Sneasler|41/100\n|-start|p2b: Sneasler|Throat Chop|[silent]\n|move|p1b: Aggron|Heavy Slam|p2b: Sneasler\n|-crit|p2b: Sneasler\n|-damage|p2b: Sneasler|0 fnt\n|faint|p2b: Sneasler\n|\n|-weather|RainDance|[upkeep]\n|upkeep\n|\n|t:|1776253377\n|switch|p2b: Basculegion|Basculegion, L50, M|100/100\n|turn|5\n|\n|t:|1776253388\n|switch|p1a: Ninetales|Ninetales-Alola, L50, M|100/100\n|-weather|Snowscape|[from] ability: Snow Warning|[of] p1a: Ninetales\n|move|p1b: Aggron|Protect|p1b: Aggron\n|-singleturn|p1b: Aggron|Protect\n|move|p2b: Basculegion|Wave Crash|p1a: Ninetales\n|-damage|p1a: Ninetales|22/100\n|-damage|p2b: Basculegion|81/100|[from] Recoil\n|move|p2a: Pelipper|Weather Ball|p1b: Aggron\n|-activate|p1b: Aggron|move: Protect\n|\n|-weather|Snowscape|[upkeep]\n|upkeep\n|turn|6\n|\n|t:|1776253405\n|move|p2b: Basculegion|Wave Crash|p1a: Ninetales\n|-damage|p1a: Ninetales|0 fnt\n|faint|p1a: Ninetales\n|-damage|p2b: Basculegion|75/100|[from] Recoil\n|move|p2a: Pelipper|Hurricane|p1b: Aggron\n|-resisted|p1b: Aggron|1\n|-damage|p1b: Aggron|30/100\n|move|p1b: Aggron|Body Press|p2a: Pelipper\n|-resisted|p2a: Pelipper|1\n|-damage|p2a: Pelipper|35/100\n|\n|-weather|Snowscape|[upkeep]\n|upkeep\n|\n|t:|1776253416\n|switch|p1a: Incineroar|Incineroar, L50, F|8/100\n|-ability|p1a: Incineroar|Intimidate|boost\n|-unboost|p2a: Pelipper|atk|1\n|-unboost|p2b: Basculegion|atk|1\n|turn|7\n|\n|t:|1776253428\n|move|p2a: Pelipper|Protect|p2a: Pelipper\n|-singleturn|p2a: Pelipper|Protect\n|move|p1a: Incineroar|Fake Out|p2a: Pelipper\n|-activate|p2a: Pelipper|move: Protect\n|move|p2b: Basculegion|Wave Crash|p1a: Incineroar\n|-supereffective|p1a: Incineroar|1\n|-damage|p1a: Incineroar|0 fnt\n|faint|p1a: Incineroar\n|-damage|p2b: Basculegion|73/100|[from] Recoil\n|move|p1b: Aggron|Heavy Slam|p2b: Basculegion\n|-resisted|p2b: Basculegion|1\n|-damage|p2b: Basculegion|49/100\n|\n|-weather|Snowscape|[upkeep]\n|upkeep\n|turn|8\n|\n|t:|1776253442\n|move|p2b: Basculegion|Wave Crash|p1b: Aggron\n|-damage|p1b: Aggron|21/100\n|-damage|p2b: Basculegion|47/100|[from] Recoil\n|move|p2a: Pelipper|Hurricane|p1b: Aggron|[miss]\n|-miss|p2a: Pelipper|p1b: Aggron\n|move|p1b: Aggron|Body Press|p2a: Pelipper\n|-resisted|p2a: Pelipper|1\n|-damage|p2a: Pelipper|0 fnt\n|faint|p2a: Pelipper\n|\n|-weather|Snowscape|[upkeep]\n|upkeep\n|turn|9\n|\n|t:|1776253455\n|move|p2b: Basculegion|Wave Crash|p1b: Aggron\n|-damage|p1b: Aggron|11/100\n|-damage|p2b: Basculegion|44/100|[from] Recoil\n|move|p1b: Aggron|Heavy Slam|p2b: Basculegion\n|-resisted|p2b: Basculegion|1\n|-damage|p2b: Basculegion|20/100\n|\n|-weather|none\n|upkeep\n|turn|10\n|\n|t:|1776253465\n|move|p2b: Basculegion|Wave Crash|p1b: Aggron\n|-damage|p1b: Aggron|2/100\n|-damage|p2b: Basculegion|18/100|[from] Recoil\n|move|p1b: Aggron|Heavy Slam|p2b: Basculegion\n|-resisted|p2b: Basculegion|1\n|-damage|p2b: Basculegion|0 fnt\n|faint|p2b: Basculegion\n|\n|win|Lord of Yes\n|raw|Lord of Yes's rating: 1329 &rarr; <strong>1343</strong><br />(+14 for winning)\n|raw|JuanluRR_47's rating: 1230 &rarr; <strong>1212</strong><br />(-18 for losing)\n|l|\u2606JuanluRR_47\n|player|p2|\n",
  "uploadtime": 1776253473,
  "views": 52,
  "formatid": "gen9championsvgc2026regma",
  "rating": 1212,
  "private": 0,
  "password": null
}