{
  "id": "gen9championsvgc2026regma-2580468673",
  "format": "[Gen 9 Champions] VGC 2026 Reg M-A",
  "players": [
    "Little1988",
    "sixthsavior"
  ],
  "log": "|j|\u2606Little1988\n|j|\u2606sixthsavior\n|t:|1775901118\n|gametype|doubles\n|player|p1|Little1988|102|1040\n|player|p2|sixthsavior|102|1076\n|gen|9\n|tier|[Gen 9 Champions] VGC 2026 Reg M-A\n|rated|\n|rule|Species Clause: Limit one of each Pok\u00e9mon\n|rule|Item Clause: Limit 1 of each item\n|clearpoke\n|poke|p1|Tyranitar, L50, F|\n|poke|p1|Excadrill, L50, F|\n|poke|p1|Gyarados, L50, M|\n|poke|p1|Sinistcha, L50|\n|poke|p1|Gardevoir, L50, F|\n|poke|p1|Rotom-Heat, L50|\n|poke|p2|Audino, L50, M|\n|poke|p2|Goodra, L50, M|\n|poke|p2|Incineroar, L50, M|\n|poke|p2|Sinistcha-Masterpiece, L50|\n|poke|p2|Slowking-Galar, L50, F|\n|poke|p2|Chesnaught, L50, M|\n|teampreview|4\n|\n|t:|1775901168\n|teamsize|p1|4\n|teamsize|p2|4\n|start\n|switch|p1a: Gardevoir|Gardevoir, L50, F|100/100\n|switch|p1b: Sinistcha|Sinistcha, L50|100/100\n|switch|p2a: Incineroar|Incineroar, L50, M|100/100\n|switch|p2b: Audino|Audino, L50, M|100/100\n|-ability|p2a: Incineroar|Intimidate|boost\n|-unboost|p1a: Gardevoir|atk|1\n|-unboost|p1b: Sinistcha|atk|1\n|turn|1\n|inactive|Battle timer is ON: inactive players will automatically lose when time's up. (requested by sixthsavior)\n|\n|t:|1775901195\n|switch|p1b: Excadrill|Excadrill, L50, F|100/100\n|detailschange|p2b: Audino|Audino-Mega, L50, M\n|-mega|p2b: Audino|Audino|Audinite\n|move|p1a: Gardevoir|Protect|p1a: Gardevoir\n|-singleturn|p1a: Gardevoir|Protect\n|move|p2a: Incineroar|Fake Out|p1a: Gardevoir\n|-activate|p1a: Gardevoir|move: Protect\n|move|p2b: Audino|Light Screen|p2b: Audino\n|-sidestart|p2: sixthsavior|move: Light Screen\n|\n|upkeep\n|turn|2\n|\n|t:|1775901211\n|switch|p2a: Sinistcha|Sinistcha-Masterpiece, L50|100/100\n|move|p1b: Excadrill|Earthquake|p2a: Sinistcha|[spread] p2a,p2b\n|-activate|p1a: Gardevoir|ability: Telepathy\n|-resisted|p2a: Sinistcha|1\n|-damage|p2a: Sinistcha|84/100\n|-damage|p2b: Audino|72/100\n|move|p1a: Gardevoir|Calm Mind|p1a: Gardevoir\n|-boost|p1a: Gardevoir|spa|1\n|-boost|p1a: Gardevoir|spd|1\n|move|p2b: Audino|Reflect|p2b: Audino\n|-sidestart|p2: sixthsavior|Reflect\n|\n|-heal|p2a: Sinistcha|90/100|[from] item: Leftovers\n|upkeep\n|turn|3\n|\n|t:|1775901235\n|switch|p1b: Sinistcha|Sinistcha, L50|100/100\n|switch|p2b: Incineroar|Incineroar, L50, M|100/100\n|-ability|p2b: Incineroar|Intimidate|boost\n|-unboost|p1a: Gardevoir|atk|1\n|-unboost|p1b: Sinistcha|atk|1\n|detailschange|p1a: Gardevoir|Gardevoir-Mega, L50, F\n|-mega|p1a: Gardevoir|Gardevoir|Gardevoirite\n|move|p1a: Gardevoir|Protect|p1a: Gardevoir\n|-singleturn|p1a: Gardevoir|Protect\n|move|p2a: Sinistcha|Strength Sap|p1b: Sinistcha\n|-unboost|p1b: Sinistcha|atk|1\n|-heal|p2a: Sinistcha|100/100\n|\n|upkeep\n|turn|4\n|inactive|Little1988 has 30 seconds left.\n|\n|t:|1775901262\n|move|p2b: Incineroar|Fake Out|p1a: Gardevoir\n|-damage|p1a: Gardevoir|91/100\n|cant|p1a: Gardevoir|flinch\n|move|p1b: Sinistcha|Shadow Ball|p2a: Sinistcha\n|-supereffective|p2a: Sinistcha|1\n|-damage|p2a: Sinistcha|62/100\n|move|p2a: Sinistcha|Phantom Force||[still]\n|-prepare|p2a: Sinistcha|Phantom Force\n|\n|-heal|p2a: Sinistcha|68/100|[from] item: Leftovers\n|upkeep\n|turn|5\n|\n|t:|1775901275\n|move|p1a: Gardevoir|Hyper Voice|p2a: Sinistcha|[spread] p2b\n|-miss|p1a: Gardevoir|p2a: Sinistcha\n|-damage|p2b: Incineroar|72/100\n|move|p2a: Sinistcha|Phantom Force|p1a: Gardevoir|[from] lockedmove\n|-supereffective|p1a: Gardevoir|1\n|-damage|p1a: Gardevoir|46/100\n|move|p2b: Incineroar|Snarl|p1b: Sinistcha|[spread] p1a,p1b\n|-supereffective|p1b: Sinistcha|1\n|-damage|p1a: Gardevoir|39/100\n|-damage|p1b: Sinistcha|76/100\n|-unboost|p1a: Gardevoir|spa|1\n|-unboost|p1b: Sinistcha|spa|1\n|move|p1b: Sinistcha|Trick Room|p1b: Sinistcha\n|-fieldstart|move: Trick Room|[of] p1b: Sinistcha\n|\n|-heal|p2a: Sinistcha|75/100|[from] item: Leftovers\n|-sideend|p2: sixthsavior|move: Light Screen\n|upkeep\n|turn|6\n|\n|t:|1775901297\n|switch|p1b: Rotom|Rotom-Heat, L50|100/100\n|switch|p1a: Excadrill|Excadrill, L50, F|100/100\n|move|p2b: Incineroar|Snarl|p1a: Excadrill|[spread] p1a,p1b\n|-damage|p1a: Excadrill|85/100\n|-damage|p1b: Rotom|84/100\n|-unboost|p1a: Excadrill|spa|1\n|-unboost|p1b: Rotom|spa|1\n|move|p2a: Sinistcha|Life Dew|p2a: Sinistcha|[spread] p2a,p2b\n|-heal|p2a: Sinistcha|99/100\n|-heal|p2b: Incineroar|97/100\n|\n|-heal|p2a: Sinistcha|100/100|[from] item: Leftovers\n|-sideend|p2: sixthsavior|Reflect\n|upkeep\n|turn|7\n|inactive|sixthsavior has 30 seconds left.\n|\n|t:|1775901323\n|switch|p2b: Slowking|Slowking-Galar, L50, F|100/100\n|move|p2a: Sinistcha|Strength Sap|p1a: Excadrill\n|-unboost|p1a: Excadrill|atk|1\n|move|p1a: Excadrill|Earthquake|p2a: Sinistcha|[spread] p2a,p2b\n|-immune|p1b: Rotom|[from] ability: Levitate\n|-resisted|p2a: Sinistcha|1\n|-supereffective|p2b: Slowking|1\n|-damage|p2a: Sinistcha|89/100\n|-damage|p2b: Slowking|41/100\n|move|p1b: Rotom|Overheat|p2a: Sinistcha|[miss]\n|-miss|p1b: Rotom|p2a: Sinistcha\n|\n|-heal|p2a: Sinistcha|95/100|[from] item: Leftovers\n|upkeep\n|turn|8\n|\n|t:|1775901340\n|switch|p2b: Audino|Audino-Mega, L50, M|72/100\n|switch|p1b: Sinistcha|Sinistcha, L50|76/100\n|-heal|p1a: Excadrill|100/100|[from] ability: Hospitality|[of] p1b: Sinistcha\n|move|p1a: Excadrill|Protect|p1a: Excadrill\n|-singleturn|p1a: Excadrill|Protect\n|move|p2a: Sinistcha|Life Dew|p2a: Sinistcha|[spread] p2a,p2b\n|-heal|p2a: Sinistcha|100/100\n|-heal|p2b: Audino|97/100\n|\n|upkeep\n|turn|9\n|inactive|Little1988 has 30 seconds left.\n|\n|t:|1775901367\n|switch|p2a: Incineroar|Incineroar, L50, M|97/100\n|-ability|p2a: Incineroar|Intimidate|boost\n|-unboost|p1a: Excadrill|atk|1\n|-unboost|p1b: Sinistcha|atk|1\n|move|p2b: Audino|Light Screen|p2b: Audino\n|-sidestart|p2: sixthsavior|move: Light Screen\n|move|p1b: Sinistcha|Shadow Ball|p2a: Incineroar\n|-resisted|p2a: Incineroar|1\n|-damage|p2a: Incineroar|89/100\n|move|p1a: Excadrill|Iron Head|p2b: Audino\n|-supereffective|p2b: Audino|1\n|-damage|p2b: Audino|65/100\n|\n|-fieldend|move: Trick Room\n|upkeep\n|turn|10\n|\n|t:|1775901381\n|switch|p1b: Gardevoir|Gardevoir-Mega, L50, F|39/100\n|move|p1a: Excadrill|Protect|p1a: Excadrill\n|-singleturn|p1a: Excadrill|Protect\n|move|p2a: Incineroar|Snarl|p1a: Excadrill|[spread] p1b\n|-activate|p1a: Excadrill|move: Protect\n|-damage|p1b: Gardevoir|30/100\n|-unboost|p1b: Gardevoir|spa|1\n|move|p2b: Audino|Chilling Water|p1a: Excadrill\n|-activate|p1a: Excadrill|move: Protect\n|\n|upkeep\n|turn|11\n|\n|t:|1775901401\n|move|p1b: Gardevoir|Protect|p1b: Gardevoir\n|-singleturn|p1b: Gardevoir|Protect\n|move|p1a: Excadrill|Earthquake|p2b: Audino|[spread] p2a,p2b\n|-activate|p1b: Gardevoir|move: Protect\n|-supereffective|p2a: Incineroar|1\n|-damage|p2a: Incineroar|52/100\n|-damage|p2b: Audino|50/100\n|move|p2a: Incineroar|Will-O-Wisp|p1a: Excadrill\n|-status|p1a: Excadrill|brn\n|move|p2b: Audino|Life Dew|p2b: Audino|[spread] p2a,p2b\n|-heal|p2a: Incineroar|78/100\n|-heal|p2b: Audino|76/100\n|\n|-damage|p1a: Excadrill|95/100 brn|[from] brn\n|upkeep\n|turn|12\n|\n|t:|1775901424\n|switch|p1a: Sinistcha|Sinistcha, L50|76/100\n|-heal|p1b: Gardevoir|55/100|[from] ability: Hospitality|[of] p1a: Sinistcha\n|move|p1b: Gardevoir|Hyper Voice|p2b: Audino|[spread] p2a,p2b\n|-damage|p2a: Incineroar|66/100\n|-damage|p2b: Audino|65/100\n|move|p2a: Incineroar|Snarl|p1a: Sinistcha|[spread] p1a,p1b\n|-supereffective|p1a: Sinistcha|1\n|-damage|p1a: Sinistcha|52/100\n|-damage|p1b: Gardevoir|46/100\n|-unboost|p1a: Sinistcha|spa|1\n|-unboost|p1b: Gardevoir|spa|1\n|move|p2b: Audino|Life Dew|p2b: Audino|[spread] p2a,p2b\n|-heal|p2a: Incineroar|91/100\n|-heal|p2b: Audino|90/100\n|\n|upkeep\n|turn|13\n|\n|t:|1775901443\n|switch|p1b: Rotom|Rotom-Heat, L50|84/100\n|move|p2a: Incineroar|Will-O-Wisp|p1a: Sinistcha\n|-status|p1a: Sinistcha|brn\n|move|p2b: Audino|Life Dew|p2b: Audino|[spread] p2a,p2b\n|-heal|p2a: Incineroar|100/100\n|-heal|p2b: Audino|100/100\n|move|p1a: Sinistcha|Trick Room|p1a: Sinistcha\n|-fieldstart|move: Trick Room|[of] p1a: Sinistcha\n|\n|-damage|p1a: Sinistcha|46/100 brn|[from] brn\n|-sideend|p2: sixthsavior|move: Light Screen\n|upkeep\n|-enditem|p1a: Sinistcha|Sitrus Berry|[eat]\n|-heal|p1a: Sinistcha|71/100 brn|[from] item: Sitrus Berry\n|turn|14\n|inactive|Little1988 has 30 seconds left.\n|\n|t:|1775901473\n|switch|p1a: Excadrill|Excadrill, L50, F|95/100 brn\n|move|p2b: Audino|Light Screen|p2b: Audino\n|-sidestart|p2: sixthsavior|move: Light Screen\n|move|p2a: Incineroar|Snarl|p1b: Rotom|[spread] p1a,p1b\n|-damage|p1a: Excadrill|78/100 brn\n|-damage|p1b: Rotom|68/100\n|-unboost|p1a: Excadrill|spa|1\n|-unboost|p1b: Rotom|spa|1\n|move|p1b: Rotom|Thunderbolt|p2b: Audino\n|-damage|p2b: Audino|90/100\n|\n|-damage|p1a: Excadrill|72/100 brn|[from] brn\n|upkeep\n|turn|15\n|inactive|Little1988 has 30 seconds left.\n|inactive|Little1988 has 20 seconds left.\n|inactive|Little1988 has 15 seconds left.\n|inactive|Little1988 has 10 seconds left.\n|inactive|Little1988 has 5 seconds left.\n|\n|t:|1775901528\n|switch|p2a: Sinistcha|Sinistcha-Masterpiece, L50|100/100\n|-heal|p2b: Audino|100/100|[from] ability: Hospitality|[of] p2a: Sinistcha\n|move|p2b: Audino|Reflect|p2b: Audino\n|-sidestart|p2: sixthsavior|Reflect\n|move|p1a: Excadrill|Iron Head|p2b: Audino\n|-supereffective|p2b: Audino|1\n|-damage|p2b: Audino|81/100\n|move|p1b: Rotom|Thunderbolt|p2b: Audino\n|-damage|p2b: Audino|71/100\n|\n|-damage|p1a: Excadrill|66/100 brn|[from] brn\n|upkeep\n|turn|16\n|inactive|Little1988 has 30 seconds left.\n|inactive|sixthsavior has 30 seconds left.\n|\n|t:|1775901556\n|switch|p2a: Slowking|Slowking-Galar, L50, F|74/100\n|switch|p1a: Sinistcha|Sinistcha, L50|71/100 brn\n|-heal|p1b: Rotom|93/100|[from] ability: Hospitality|[of] p1a: Sinistcha\n|switch|p1b: Gardevoir|Gardevoir-Mega, L50, F|46/100\n|move|p2b: Audino|Life Dew|p2b: Audino|[spread] p2a,p2b\n|-heal|p2a: Slowking|99/100\n|-heal|p2b: Audino|97/100\n|\n|-damage|p1a: Sinistcha|65/100 brn|[from] brn\n|upkeep\n|turn|17\n|inactive|sixthsavior has 30 seconds left.\n|\n|t:|1775901582\n|switch|p2a: Incineroar|Incineroar, L50, M|100/100\n|-ability|p2a: Incineroar|Intimidate|boost\n|-unboost|p1a: Sinistcha|atk|1\n|-unboost|p1b: Gardevoir|atk|1\n|move|p1a: Sinistcha|Rage Powder|p1a: Sinistcha\n|-singleturn|p1a: Sinistcha|move: Rage Powder\n|move|p2b: Audino|Chilling Water|p1a: Sinistcha\n|-resisted|p1a: Sinistcha|1\n|-damage|p1a: Sinistcha|59/100 brn\n|-unboost|p1a: Sinistcha|atk|1\n|move|p1b: Gardevoir|Calm Mind|p1b: Gardevoir\n|-boost|p1b: Gardevoir|spa|1\n|-boost|p1b: Gardevoir|spd|1\n|\n|-damage|p1a: Sinistcha|53/100 brn|[from] brn\n|-fieldend|move: Trick Room\n|upkeep\n|turn|18\n|\n|t:|1775901602\n|move|p2a: Incineroar|Fake Out|p1b: Gardevoir\n|-damage|p1b: Gardevoir|36/100\n|move|p1a: Sinistcha|Rage Powder|p1a: Sinistcha\n|-singleturn|p1a: Sinistcha|move: Rage Powder\n|cant|p1b: Gardevoir|flinch\n|move|p2b: Audino|Chilling Water|p1a: Sinistcha\n|-resisted|p1a: Sinistcha|1\n|-damage|p1a: Sinistcha|49/100 brn\n|-unboost|p1a: Sinistcha|atk|1\n|\n|-damage|p1a: Sinistcha|43/100 brn|[from] brn\n|-sideend|p2: sixthsavior|move: Light Screen\n|upkeep\n|turn|19\n|\n|t:|1775901616\n|switch|p1a: Excadrill|Excadrill, L50, F|66/100 brn\n|switch|p2b: Slowking|Slowking-Galar, L50, F|100/100\n|move|p1b: Gardevoir|Hyper Voice|p2b: Slowking|[spread] p2a,p2b\n|-resisted|p2b: Slowking|1\n|-damage|p2a: Incineroar|60/100\n|-damage|p2b: Slowking|82/100\n|move|p2a: Incineroar|Snarl|p1b: Gardevoir|[spread] p1a,p1b\n|-damage|p1a: Excadrill|51/100 brn\n|-damage|p1b: Gardevoir|29/100\n|-unboost|p1a: Excadrill|spa|1\n|-unboost|p1b: Gardevoir|spa|1\n|\n|-damage|p1a: Excadrill|45/100 brn|[from] brn\n|-sideend|p2: sixthsavior|Reflect\n|upkeep\n|turn|20\n|\n|t:|1775901633\n|switch|p1a: Sinistcha|Sinistcha, L50|43/100 brn\n|-heal|p1b: Gardevoir|54/100|[from] ability: Hospitality|[of] p1a: Sinistcha\n|switch|p2a: Sinistcha|Sinistcha-Masterpiece, L50|100/100\n|-heal|p2b: Slowking|100/100|[from] ability: Hospitality|[of] p2a: Sinistcha\n|move|p1b: Gardevoir|Calm Mind|p1b: Gardevoir\n|-boost|p1b: Gardevoir|spa|1\n|-boost|p1b: Gardevoir|spd|1\n|move|p2b: Slowking|Snarl|p1a: Sinistcha|[spread] p1a,p1b\n|-supereffective|p1a: Sinistcha|1\n|-damage|p1a: Sinistcha|22/100 brn\n|-damage|p1b: Gardevoir|50/100\n|-unboost|p1a: Sinistcha|spa|1\n|-unboost|p1b: Gardevoir|spa|1\n|\n|-damage|p1a: Sinistcha|16/100 brn|[from] brn\n|upkeep\n|turn|21\n|inactive|Little1988 has 30 seconds left.\n|inactive|sixthsavior has 30 seconds left.\n|\n|t:|1775901659\n|move|p1b: Gardevoir|Hyper Voice|p2a: Sinistcha|[spread] p2a,p2b\n|-resisted|p2b: Slowking|1\n|-damage|p2a: Sinistcha|67/100\n|-damage|p2b: Slowking|88/100\n|move|p2a: Sinistcha|Phantom Force||[still]\n|-prepare|p2a: Sinistcha|Phantom Force\n|move|p2b: Slowking|Snarl|p1b: Gardevoir|[spread] p1a,p1b\n|-supereffective|p1a: Sinistcha|1\n|-damage|p1a: Sinistcha|0 fnt\n|-damage|p1b: Gardevoir|45/100\n|-unboost|p1b: Gardevoir|spa|1\n|faint|p1a: Sinistcha\n|\n|-heal|p2a: Sinistcha|73/100|[from] item: Leftovers\n|upkeep\n|inactive|Little1988 has 30 seconds left this turn.\n|inactive|Little1988 has 20 seconds left.\n|\n|t:|1775901670\n|switch|p1a: Excadrill|Excadrill, L50, F|45/100 brn\n|turn|22\n|inactive|Little1988 has 20 seconds left this turn.\n|\n|t:|1775901680\n|switch|p2b: Incineroar|Incineroar, L50, M|60/100\n|-ability|p2b: Incineroar|Intimidate|boost\n|-unboost|p1a: Excadrill|atk|1\n|-unboost|p1b: Gardevoir|atk|1\n|move|p1b: Gardevoir|Protect|p1b: Gardevoir\n|-singleturn|p1b: Gardevoir|Protect\n|move|p1a: Excadrill|Earthquake|p2b: Incineroar|[spread] p2b\n|-miss|p1a: Excadrill|p2a: Sinistcha\n|-activate|p1b: Gardevoir|move: Protect\n|-supereffective|p2b: Incineroar|1\n|-damage|p2b: Incineroar|33/100\n|-enditem|p2b: Incineroar|Sitrus Berry|[eat]\n|-heal|p2b: Incineroar|58/100|[from] item: Sitrus Berry\n|move|p2a: Sinistcha|Phantom Force|p1b: Gardevoir|[from] lockedmove\n|-activate|p1b: Gardevoir|move: Phantom Force|[broken]\n|-supereffective|p1b: Gardevoir|1\n|-damage|p1b: Gardevoir|4/100\n|\n|-heal|p2a: Sinistcha|79/100|[from] item: Leftovers\n|-damage|p1a: Excadrill|39/100 brn|[from] brn\n|upkeep\n|turn|23\n|inactive|Little1988 has 20 seconds left this turn.\n|inactive|Little1988 has 15 seconds left.\n|inactive|Little1988 has 10 seconds left.\n|inactive|Little1988 has 5 seconds left.\n|-message|Little1988 lost due to inactivity.\n|\n|win|sixthsavior\n|raw|Little1988's rating: 1040 &rarr; <strong>1026</strong><br />(-14 for losing)\n|raw|sixthsavior's rating: 1076 &rarr; <strong>1102</strong><br />(+26 for winning)\n",
  "uploadtime": 1775901703,
  "views": 37,
  "formatid": "gen9championsvgc2026regma",
  "rating": 1026,
  "private": 0,
  "password": null
}