{
  "id": "gen9championsvgc2026regma-2581786505",
  "format": "[Gen 9 Champions] VGC 2026 Reg M-A",
  "players": [
    "ambik",
    "Cmiguezf"
  ],
  "log": "|j|\u2606ambik\n|j|\u2606Cmiguezf\n|t:|1776028319\n|gametype|doubles\n|player|p1|ambik|bellelba|1149\n|player|p2|Cmiguezf|boarder|1167\n|gen|9\n|tier|[Gen 9 Champions] VGC 2026 Reg M-A\n|rated|\n|rule|Species Clause: Limit one of each Pok\u00e9mon\n|rule|Item Clause: Limit 1 of each item\n|clearpoke\n|poke|p1|Whimsicott, L50, M|\n|poke|p1|Incineroar, L50, M|\n|poke|p1|Venusaur, L50, F|\n|poke|p1|Kingambit, L50, M|\n|poke|p1|Sneasler, L50, F|\n|poke|p1|Charizard, L50, F|\n|poke|p2|Charizard, L50, M|\n|poke|p2|Maushold-Four, L50|\n|poke|p2|Sneasler, L50, M|\n|poke|p2|Garchomp, L50, F|\n|poke|p2|Kingambit, L50, F|\n|poke|p2|Dragapult, L50, F|\n|teampreview|4\n|\n|t:|1776028367\n|teamsize|p1|4\n|teamsize|p2|4\n|start\n|switch|p1a: Kingambit|Kingambit, L50, M|100/100\n|switch|p1b: Incineroar|Incineroar, L50, M|100/100\n|switch|p2a: Maushold|Maushold-Four, L50|100/100\n|switch|p2b: Sneasler|Sneasler, L50, M|100/100\n|-ability|p1b: Incineroar|Intimidate|boost\n|-unboost|p2a: Maushold|atk|1\n|-unboost|p2b: Sneasler|atk|1\n|-enditem|p2b: Sneasler|White Herb\n|-clearnegativeboost|p2b: Sneasler|[silent]\n|turn|1\n|j| YisusNube\n|c| YisusNube|mega charizard X btw\n|c| YisusNube|on ambik\n|\n|t:|1776028397\n|move|p2b: Sneasler|Fake Out|p1a: Kingambit\n|-resisted|p1a: Kingambit|1\n|-damage|p1a: Kingambit|95/100\n|move|p1b: Incineroar|Fake Out|p2b: Sneasler\n|-damage|p2b: Sneasler|84/100\n|move|p2a: Maushold|Encore|p1b: Incineroar\n|-start|p1b: Incineroar|Encore\n|cant|p1a: Kingambit|flinch\n|\n|upkeep\n|turn|2\n|c| YisusNube|maybe Y because venusaur\n|c| YisusNube|free\n|\n|t:|1776028463\n|switch|p1b: Sneasler|Sneasler, L50, F|100/100\n|move|p1a: Kingambit|Protect|p1a: Kingambit\n|-singleturn|p1a: Kingambit|Protect\n|move|p2b: Sneasler|Close Combat|p1a: Kingambit\n|-activate|p1a: Kingambit|move: Protect\n|move|p2a: Maushold|Super Fang|p1b: Sneasler\n|-damage|p1b: Sneasler|51/100\n|\n|upkeep\n|turn|3\n|\n|t:|1776028487\n|move|p2b: Sneasler|Protect|p2b: Sneasler\n|-singleturn|p2b: Sneasler|Protect\n|move|p1b: Sneasler|Fake Out|p2b: Sneasler\n|-activate|p2b: Sneasler|move: Protect\n|move|p1a: Kingambit|Sucker Punch||[still]\n|-fail|p1a: Kingambit\n|move|p2a: Maushold|Encore|p1a: Kingambit\n|-start|p1a: Kingambit|Encore\n|\n|upkeep\n|turn|4\n|c| YisusNube|xDDD\n|c| YisusNube|this guy is so bad\n|\n|t:|1776028537\n|switch|p2b: Charizard|Charizard, L50, M|100/100\n|move|p2a: Maushold|Follow Me|p2a: Maushold\n|-singleturn|p2a: Maushold|move: Follow Me\n|move|p1a: Kingambit|Sucker Punch||[still]\n|-fail|p1a: Kingambit\n|move|p1b: Sneasler|Coaching|p1a: Kingambit\n|-boost|p1a: Kingambit|atk|1\n|-boost|p1a: Kingambit|def|1\n|\n|upkeep\n|turn|5\n|c| YisusNube|follow me heat wave is free\n|\n|t:|1776028568\n|detailschange|p2b: Charizard|Charizard-Mega-Y, L50, M\n|-mega|p2b: Charizard|Charizard|Charizardite Y\n|-weather|SunnyDay|[from] ability: Drought|[of] p2b: Charizard\n|move|p2a: Maushold|Follow Me|p2a: Maushold\n|-singleturn|p2a: Maushold|move: Follow Me\n|move|p1a: Kingambit|Sucker Punch||[still]\n|-fail|p1a: Kingambit\n|move|p1b: Sneasler|Coaching|p1a: Kingambit\n|-boost|p1a: Kingambit|atk|1\n|-boost|p1a: Kingambit|def|1\n|move|p2b: Charizard|Heat Wave|p1b: Sneasler|[spread] p1a,p1b\n|-supereffective|p1a: Kingambit|1\n|-damage|p1a: Kingambit|0 fnt\n|-damage|p1b: Sneasler|0 fnt\n|faint|p1a: Kingambit\n|faint|p1b: Sneasler\n|\n|-weather|SunnyDay|[upkeep]\n|upkeep\n|c| YisusNube|how is this guy so bad\n|c| YisusNube|xD\n|\n|t:|1776028582\n|switch|p1b: Incineroar|Incineroar, L50, M|100/100\n|switch|p1a: Venusaur|Venusaur, L50, F|100/100\n|-ability|p1b: Incineroar|Intimidate|boost\n|-unboost|p2a: Maushold|atk|1\n|-unboost|p2b: Charizard|atk|1\n|turn|6\n|c| YisusNube|dale miguel\n|inactive|Battle timer is ON: inactive players will automatically lose when time's up. (requested by Cmiguezf)\n|inactive|ambik has 60 seconds left.\n|inactive|ambik has 30 seconds left.\n|inactive|ambik has 20 seconds left.\n|c| YisusNube|ambik is expert on stalling\n|inactive|ambik has 15 seconds left.\n|c| YisusNube|and wasting time\n|inactive|ambik has 10 seconds left.\n|inactive|ambik has 5 seconds left.\n|\n|t:|1776028717\n|move|p2b: Charizard|Protect|p2b: Charizard\n|-singleturn|p2b: Charizard|Protect\n|move|p1b: Incineroar|Fake Out|p2a: Maushold\n|-damage|p2a: Maushold|84/100\n|move|p1a: Venusaur|Solar Beam||[still]\n|-prepare|p1a: Venusaur|Solar Beam\n|-anim|p1a: Venusaur|Solar Beam|p2b: Charizard\n|-activate|p2b: Charizard|move: Protect\n|cant|p2a: Maushold|flinch\n|\n|-weather|SunnyDay|[upkeep]\n|upkeep\n|turn|7\n|inactive|ambik has 30 seconds left.\n|inactive|Cmiguezf has 30 seconds left.\n|inactive|ambik has 20 seconds left.\n|inactive|ambik has 15 seconds left.\n|inactive|ambik has 10 seconds left.\n|inactive|ambik has 5 seconds left.\n|inactive|Cmiguezf has 20 seconds left.\n|inactive|Cmiguezf has 15 seconds left.\n|\n|t:|1776028776\n|move|p1a: Venusaur|Solar Beam||[still]\n|-prepare|p1a: Venusaur|Solar Beam\n|-anim|p1a: Venusaur|Solar Beam|p2b: Charizard\n|-resisted|p2b: Charizard|2\n|-damage|p2b: Charizard|91/100\n|move|p2a: Maushold|Encore|p1b: Incineroar\n|-start|p1b: Incineroar|Encore\n|move|p1b: Incineroar|Fake Out||[still]\n|-hint|Fake Out only works on your first turn out.\n|-fail|p1b: Incineroar\n|move|p2b: Charizard|Heat Wave|p1b: Incineroar|[spread] p1a,p1b\n|-supereffective|p1a: Venusaur|1\n|-resisted|p1b: Incineroar|1\n|-damage|p1a: Venusaur|0 fnt\n|-damage|p1b: Incineroar|71/100\n|faint|p1a: Venusaur\n|\n|-weather|SunnyDay|[upkeep]\n|upkeep\n|turn|8\n|c| YisusNube|gg miguez\n|inactive|ambik has 30 seconds left.\n|c| YisusNube|ty for winning this restarted\n|c|\u2606Cmiguezf|Gg\n|inactive|ambik has 20 seconds left.\n|c| YisusNube|hes insanely bad\n|inactive|ambik has 15 seconds left.\n|inactive|ambik has 10 seconds left.\n|inactive|ambik has 5 seconds left.\n|\n|t:|1776028831\n|move|p2a: Maushold|Super Fang|p1b: Incineroar\n|-damage|p1b: Incineroar|36/100\n|-enditem|p1b: Incineroar|Sitrus Berry|[eat]\n|-heal|p1b: Incineroar|60/100|[from] item: Sitrus Berry\n|move|p2b: Charizard|Overheat|p1b: Incineroar\n|-resisted|p1b: Incineroar|1\n|-damage|p1b: Incineroar|7/100\n|-unboost|p2b: Charizard|spa|2\n|-activate|p1b: Incineroar|move: Struggle\n|move|p1b: Incineroar|Struggle|p2a: Maushold\n|-damage|p2a: Maushold|64/100\n|-damage|p1b: Incineroar|0 fnt|[from] recoil\n|faint|p1b: Incineroar\n|\n|win|Cmiguezf\n|raw|ambik's rating: 1173 &rarr; <strong>1148</strong><br />(-25 for losing)\n|raw|Cmiguezf's rating: 1167 &rarr; <strong>1192</strong><br />(+25 for winning)\n|l| YisusNube\n|l|\u2606ambik\n|player|p1|\n",
  "uploadtime": 1776028895,
  "views": 17,
  "formatid": "gen9championsvgc2026regma",
  "rating": 1148,
  "private": 0,
  "password": null
}