{
  "id": "gen9championsvgc2026regma-2583075732",
  "format": "[Gen 9 Champions] VGC 2026 Reg M-A",
  "players": [
    "holdingb",
    "OnToTheOther"
  ],
  "log": "|j|\u2606holdingb\n|j|\u2606OnToTheOther\n|t:|1776139269\n|gametype|doubles\n|player|p1|holdingb|anabel-gen7|\n|player|p2|OnToTheOther|ingo|\n|gen|9\n|tier|[Gen 9 Champions] VGC 2026 Reg M-A\n|rated|Tournament battle\n|rule|Species Clause: Limit one of each Pok\u00e9mon\n|rule|Item Clause: Limit 1 of each item\n|clearpoke\n|poke|p1|Clefable, L50, F|\n|poke|p1|Starmie, L50|\n|poke|p1|Meowstic, L50, M|\n|poke|p1|Sneasler, L50, F|\n|poke|p1|Talonflame, L50, F|\n|poke|p1|Garchomp, L50, F|\n|poke|p2|Lucario, L50, F|\n|poke|p2|Hydreigon, L50, F|\n|poke|p2|Aerodactyl, L50, M|\n|poke|p2|Rotom-Mow, L50|\n|poke|p2|Talonflame, L50, F|\n|poke|p2|Empoleon, L50, F|\n|teampreview|4\n|inactive|Battle timer is ON: inactive players will automatically lose when time's up. (requested by holdingb)\nOnToTheOther has agreed to open team sheets.\n|j|@Radio Free C-Side\nholdingb has agreed to open team sheets.\n|showteam|p1|Clefable||Clefablite|MagicGuard|Moonblast,PsychUp,StoredPower,Moonlight|||F|||50|]Starmie||Leftovers|Analytic|Scald,CosmicPower,Recover,Minimize||||||50|]Meowstic||ChestoBerry|Prankster|ChargeBeam,PsychUp,Rest,StoredPower|||M|||50|]Sneasler||FocusSash|Unburden|FakeOut,DireClaw,CloseCombat,RockSlide|||F|||50|]Talonflame||SharpBeak|GaleWings|Tailwind,QuickGuard,BraveBird,SunnyDay|||F|||50|]Garchomp||WhiteHerb|RoughSkin|Earthquake,RockSlide,DragonClaw,Protect|||F|||50|\n|showteam|p2|Lucario||Lucarionite|InnerFocus|IcePunch,AuraSphere,MeteorMash,Protect|||F|||50|]Hydreigon||WhiteHerb|Levitate|DracoMeteor,FocusBlast,DarkPulse,Protect|||F|||50|]Aerodactyl||Aerodactylite|Unnerve|DragonClaw,DualWingbeat,RockSlide,Protect|||M|||50|]Rotom-Mow||ChoiceScarf|Levitate|Thunderbolt,Electroweb,LeafStorm,VoltSwitch||||||50|]Talonflame||FocusSash|GaleWings|Tailwind,DualWingbeat,FlareBlitz,Protect|||F|||50|]Empoleon||SitrusBerry|Competitive|HydroPump,IceBeam,Roost,Protect|||F|||50|\n|inactive|holdingb has 60 seconds left.\n|inactive|OnToTheOther has 60 seconds left.\n|c|@Radio Free C-Side|I was really hoping it would be 4 megas\n|inactive|OnToTheOther has 30 seconds left.\n|\n|t:|1776139339\n|teamsize|p1|4\n|teamsize|p2|4\n|start\n|switch|p1a: Sneasler|Sneasler, L50, F|100/100\n|switch|p1b: Starmie|Starmie, L50|100/100\n|switch|p2a: Talonflame|Talonflame, L50, F|100/100\n|switch|p2b: Aerodactyl|Aerodactyl, L50, M|100/100\n|-ability|p2b: Aerodactyl|Unnerve\n|turn|1\n|inactive|holdingb has 30 seconds left.\n|inactive|holdingb has 20 seconds left.\n|inactive|holdingb has 15 seconds left.\n|inactive|holdingb has 10 seconds left.\n|\n|t:|1776139386\n|move|p2b: Aerodactyl|Protect|p2b: Aerodactyl\n|-singleturn|p2b: Aerodactyl|Protect\n|move|p2a: Talonflame|Protect|p2a: Talonflame\n|-singleturn|p2a: Talonflame|Protect\n|move|p1a: Sneasler|Fake Out|p2b: Aerodactyl\n|-activate|p2b: Aerodactyl|move: Protect\n|move|p1b: Starmie|Minimize|p1b: Starmie\n|-boost|p1b: Starmie|evasion|2\n|\n|upkeep\n|turn|2\n|\n|t:|1776139402\n|detailschange|p2b: Aerodactyl|Aerodactyl-Mega, L50, M\n|-mega|p2b: Aerodactyl|Aerodactyl|Aerodactylite\n|move|p2a: Talonflame|Tailwind|p2a: Talonflame\n|-sidestart|p2: OnToTheOther|move: Tailwind\n|move|p2b: Aerodactyl|Dual Wingbeat|p1a: Sneasler\n|-supereffective|p1a: Sneasler|1\n|-damage|p1a: Sneasler|11/100\n|-supereffective|p1a: Sneasler|1\n|-damage|p1a: Sneasler|0 fnt\n|faint|p1a: Sneasler\n|-hitcount|p1: Sneasler|2\n|move|p1b: Starmie|Minimize|p1b: Starmie\n|-boost|p1b: Starmie|evasion|2\n|\n|upkeep\n|j| mynamegrassgreen\n|\n|t:|1776139410\n|switch|p1a: Meowstic|Meowstic, L50, M|100/100\n|turn|3\n|\n|t:|1776139427\n|move|p2a: Talonflame|Dual Wingbeat|p1b: Starmie|[miss]\n|-miss|p2a: Talonflame|p1b: Starmie\n|move|p1a: Meowstic|Psych Up|p1b: Starmie\n|-copyboost|p1a: Meowstic|p1b: Starmie|[from] move: Psych Up\n|move|p2b: Aerodactyl|Dragon Claw|p1b: Starmie|[miss]\n|-miss|p2b: Aerodactyl|p1b: Starmie\n|move|p1b: Starmie|Cosmic Power|p1b: Starmie\n|-boost|p1b: Starmie|def|1\n|-boost|p1b: Starmie|spd|1\n|\n|upkeep\n|turn|4\n|\n|t:|1776139442\n|move|p2a: Talonflame|Dual Wingbeat|p1b: Starmie|[miss]\n|-miss|p2a: Talonflame|p1b: Starmie\n|move|p2b: Aerodactyl|Dragon Claw|p1b: Starmie\n|-damage|p1b: Starmie|74/100\n|move|p1b: Starmie|Cosmic Power|p1b: Starmie\n|-boost|p1b: Starmie|def|1\n|-boost|p1b: Starmie|spd|1\n|move|p1a: Meowstic|Charge Beam|p2a: Talonflame|[miss]\n|-miss|p1a: Meowstic|p2a: Talonflame\n|\n|-heal|p1b: Starmie|80/100|[from] item: Leftovers\n|upkeep\n|turn|5\n|\n|t:|1776139466\n|move|p2a: Talonflame|Dual Wingbeat|p1a: Meowstic\n|-damage|p1a: Meowstic|82/100\n|-damage|p1a: Meowstic|64/100\n|-hitcount|p1a: Meowstic|2\n|move|p2b: Aerodactyl|Dual Wingbeat|p1a: Meowstic|[miss]\n|-miss|p2b: Aerodactyl|p1a: Meowstic\n|move|p1b: Starmie|Cosmic Power|p1b: Starmie\n|-boost|p1b: Starmie|def|1\n|-boost|p1b: Starmie|spd|1\n|move|p1a: Meowstic|Charge Beam|p2a: Talonflame|[miss]\n|-miss|p1a: Meowstic|p2a: Talonflame\n|\n|-heal|p1b: Starmie|86/100|[from] item: Leftovers\n|-sideend|p2: OnToTheOther|move: Tailwind\n|upkeep\n|turn|6\n|c| mynamegrassgreen|imagine dodging attacks\n|c| mynamegrassgreen|payc should have a chance to miss :)\n|\n|t:|1776139487\n|move|p2a: Talonflame|Dual Wingbeat|p1a: Meowstic\n|-damage|p1a: Meowstic|46/100\n|-crit|p1a: Meowstic\n|-damage|p1a: Meowstic|21/100\n|-hitcount|p1a: Meowstic|2\n|move|p2b: Aerodactyl|Dual Wingbeat|p1a: Meowstic|[miss]\n|-miss|p2b: Aerodactyl|p1a: Meowstic\n|move|p1b: Starmie|Minimize|p1b: Starmie\n|-boost|p1b: Starmie|evasion|2\n|move|p1a: Meowstic|Charge Beam|p2a: Talonflame\n|-supereffective|p2a: Talonflame|1\n|-damage|p2a: Talonflame|69/100\n|-boost|p1a: Meowstic|spa|1\n|\n|-heal|p1b: Starmie|92/100|[from] item: Leftovers\n|upkeep\n|turn|7\n|c| mynamegrassgreen|psyc up*\n|\n|t:|1776139498\n|move|p1a: Meowstic|Psych Up|p1b: Starmie\n|-copyboost|p1a: Meowstic|p1b: Starmie|[from] move: Psych Up\n|move|p2b: Aerodactyl|Dual Wingbeat|p1a: Meowstic\n|-damage|p1a: Meowstic|9/100\n|-damage|p1a: Meowstic|0 fnt\n|faint|p1a: Meowstic\n|-hitcount|p1: Meowstic|2\n|move|p2a: Talonflame|Dual Wingbeat|p1b: Starmie|[miss]\n|-miss|p2a: Talonflame|p1b: Starmie\n|move|p1b: Starmie|Scald|p2b: Aerodactyl\n|-supereffective|p2b: Aerodactyl|1\n|-damage|p2b: Aerodactyl|13/100\n|\n|-heal|p1b: Starmie|98/100|[from] item: Leftovers\n|upkeep\n|\n|t:|1776139501\n|switch|p1a: Clefable|Clefable, L50, F|100/100\n|turn|8\n|\n|t:|1776139526\n|switch|p2b: Lucario|Lucario, L50, F|100/100\n|move|p2a: Talonflame|Tailwind|p2a: Talonflame\n|-sidestart|p2: OnToTheOther|move: Tailwind\n|move|p1b: Starmie|Scald|p2b: Lucario\n|-damage|p2b: Lucario|50/100\n|move|p1a: Clefable|Psych Up|p1b: Starmie\n|-copyboost|p1a: Clefable|p1b: Starmie|[from] move: Psych Up\n|\n|-heal|p1b: Starmie|100/100|[from] item: Leftovers\n|upkeep\n|turn|9\n|j| ImActuallyShrek\n|c|@Radio Free C-Side|this is fucked up\n|\n|t:|1776139550\n|detailschange|p1a: Clefable|Clefable-Mega, L50, F\n|-mega|p1a: Clefable|Clefable|Clefablite\n|move|p2a: Talonflame|Flare Blitz|p1a: Clefable\n|-damage|p1a: Clefable|82/100\n|-damage|p2a: Talonflame|61/100|[from] Recoil\n|move|p2b: Lucario|Aura Sphere|p1a: Clefable\n|-resisted|p1a: Clefable|2\n|-damage|p1a: Clefable|80/100\n|move|p1b: Starmie|Cosmic Power|p1b: Starmie\n|-boost|p1b: Starmie|def|1\n|-boost|p1b: Starmie|spd|1\n|move|p1a: Clefable|Stored Power|p2b: Lucario\n|-damage|p2b: Lucario|0 fnt\n|faint|p2b: Lucario\n|\n|upkeep\n|\n|t:|1776139558\n|switch|p2b: Aerodactyl|Aerodactyl-Mega, L50, M|13/100\n|turn|10\n|-message|OnToTheOther forfeited.\n|\n|win|holdingb\n|n|\u2606holdingb|holdingb\n|n|\u2606OnToTheOther|ontotheother\n|n|+Radio Free C-Side|radiofreecside\n|n| mynamegrassgreen|mynamegrassgreen\n|n| ImActuallyShrek|imactuallyshrek\n|l|\u2606OnToTheOther\n|player|p2|\n",
  "uploadtime": 1776139567,
  "views": 12,
  "formatid": "gen9championsvgc2026regma",
  "rating": null,
  "private": 0,
  "password": null
}