{
  "id": "gen9championsvgc2026regma-2586597261",
  "format": "[Gen 9 Champions] VGC 2026 Reg M-A",
  "players": [
    "mimiquiu01",
    "MimeYourBusiness"
  ],
  "log": "|j|\u2606mimiquiu01\n|j|\u2606MimeYourBusiness\n|t:|1776445731\n|gametype|doubles\n|player|p1|mimiquiu01|265|1265\n|player|p2|MimeYourBusiness|nemona-s|1357\n|gen|9\n|tier|[Gen 9 Champions] VGC 2026 Reg M-A\n|rated|\n|rule|Species Clause: Limit one of each Pok\u00e9mon\n|rule|Item Clause: Limit 1 of each item\n|clearpoke\n|poke|p1|Araquanid, L50, M|\n|poke|p1|Blastoise, L50, M|\n|poke|p1|Pelipper, L50, F|\n|poke|p1|Volcarona, L50, F|\n|poke|p1|Tsareena, L50, F|\n|poke|p1|Sinistcha, L50|\n|poke|p2|Aerodactyl, L50, F|\n|poke|p2|Garchomp, L50, F|\n|poke|p2|Froslass, L50, F|\n|poke|p2|Sneasler, L50, F|\n|poke|p2|Basculegion, L50, M|\n|poke|p2|Kingambit, L50, M|\n|teampreview|4\n|inactive|Battle timer is ON: inactive players will automatically lose when time's up. (requested by MimeYourBusiness)\n|\n|t:|1776445775\n|teamsize|p1|4\n|teamsize|p2|4\n|start\n|switch|p1a: Araquanid|Araquanid, L50, M|100/100\n|switch|p1b: Pelipper|Pelipper, L50, F|100/100\n|switch|p2a: Aerodactyl|Aerodactyl, L50, F|100/100\n|switch|p2b: Sneasler|Sneasler, L50, F|100/100\n|-ability|p2a: Aerodactyl|Unnerve\n|-weather|RainDance|[from] ability: Drizzle|[of] p1b: Pelipper\n|turn|1\n|\n|t:|1776445787\n|move|p2b: Sneasler|Fake Out|p1b: Pelipper\n|-damage|p1b: Pelipper|82/100\n|move|p2a: Aerodactyl|Dual Wingbeat|p1a: Araquanid\n|-supereffective|p1a: Araquanid|1\n|-damage|p1a: Araquanid|63/100\n|-supereffective|p1a: Araquanid|1\n|-damage|p1a: Araquanid|28/100\n|-hitcount|p1a: Araquanid|2\n|cant|p1b: Pelipper|flinch\n|move|p1a: Araquanid|Sticky Web|p2b: Sneasler\n|-sidestart|p2: MimeYourBusiness|move: Sticky Web\n|\n|-weather|RainDance|[upkeep]\n|upkeep\n|turn|2\n|inactive|MimeYourBusiness has 30 seconds left.\n|\n|t:|1776445814\n|move|p2a: Aerodactyl|Tailwind|p2a: Aerodactyl\n|-sidestart|p2: MimeYourBusiness|move: Tailwind\n|move|p2b: Sneasler|Dire Claw|p1a: Araquanid\n|-damage|p1a: Araquanid|0 fnt\n|faint|p1a: Araquanid\n|move|p1b: Pelipper|Tailwind|p1b: Pelipper\n|-sidestart|p1: mimiquiu01|move: Tailwind\n|\n|-weather|RainDance|[upkeep]\n|upkeep\n|\n|t:|1776445824\n|switch|p1a: Blastoise|Blastoise, L50, M|100/100\n|turn|3\n|\n|t:|1776445829\n|move|p1a: Blastoise|Protect|p1a: Blastoise\n|-singleturn|p1a: Blastoise|Protect\n|move|p2a: Aerodactyl|Rock Slide|p1b: Pelipper|[spread] p1b\n|-activate|p1a: Blastoise|move: Protect\n|-supereffective|p1b: Pelipper|1\n|-damage|p1b: Pelipper|15/100\n|move|p2b: Sneasler|Dire Claw|p1a: Blastoise\n|-activate|p1a: Blastoise|move: Protect\n|move|p1b: Pelipper|Hurricane|p2b: Sneasler\n|-supereffective|p2b: Sneasler|1\n|-damage|p2b: Sneasler|0 fnt\n|faint|p2b: Sneasler\n|\n|-weather|RainDance|[upkeep]\n|upkeep\n|inactive|MimeYourBusiness has 30 seconds left.\n|\n|t:|1776445858\n|switch|p2b: Basculegion|Basculegion, L50, M|100/100\n|-activate|p2b: Basculegion|move: Sticky Web\n|-unboost|p2b: Basculegion|spe|1\n|turn|4\n|\n|t:|1776445872\n|switch|p1a: Sinistcha|Sinistcha, L50|100/100\n|-heal|p1b: Pelipper|40/100|[from] ability: Hospitality|[of] p1a: Sinistcha\n|move|p2a: Aerodactyl|Dual Wingbeat|p1a: Sinistcha\n|-supereffective|p1a: Sinistcha|1\n|-damage|p1a: Sinistcha|69/100\n|-supereffective|p1a: Sinistcha|1\n|-damage|p1a: Sinistcha|34/100\n|-hitcount|p1a: Sinistcha|2\n|move|p2b: Basculegion|Last Respects|p1a: Sinistcha\n|-supereffective|p1a: Sinistcha|1\n|-damage|p1a: Sinistcha|0 fnt\n|faint|p1a: Sinistcha\n|move|p1b: Pelipper|Weather Ball|p2a: Aerodactyl\n|-supereffective|p2a: Aerodactyl|1\n|-enditem|p2a: Aerodactyl|Focus Sash\n|-damage|p2a: Aerodactyl|1/100\n|\n|-weather|RainDance|[upkeep]\n|upkeep\n|\n|t:|1776445887\n|switch|p1a: Blastoise|Blastoise, L50, M|100/100\n|turn|5\n|\n|t:|1776445896\n|detailschange|p1a: Blastoise|Blastoise-Mega, L50, M\n|-mega|p1a: Blastoise|Blastoise|Blastoisinite\n|move|p2a: Aerodactyl|Rock Slide|p1a: Blastoise|[spread] p1a\n|-miss|p2a: Aerodactyl|p1b: Pelipper\n|-damage|p1a: Blastoise|75/100\n|move|p2b: Basculegion|Last Respects|p1b: Pelipper\n|-damage|p1b: Pelipper|0 fnt\n|faint|p1b: Pelipper\n|move|p1a: Blastoise|Water Spout|p2a: Aerodactyl|[spread] p2a,p2b\n|-supereffective|p2a: Aerodactyl|1\n|-resisted|p2b: Basculegion|1\n|-damage|p2a: Aerodactyl|0 fnt\n|-damage|p2b: Basculegion|56/100\n|faint|p2a: Aerodactyl\n|\n|-weather|none\n|-sideend|p2: MimeYourBusiness|move: Tailwind\n|-sideend|p1: mimiquiu01|move: Tailwind\n|upkeep\n|\n|t:|1776445907\n|switch|p2a: Froslass|Froslass, L50, F|100/100\n|-activate|p2a: Froslass|move: Sticky Web\n|-unboost|p2a: Froslass|spe|1\n|turn|6\n|inactive|MimeYourBusiness has 30 seconds left.\n|\n|t:|1776445936\n|move|p2a: Froslass|Protect|p2a: Froslass\n|-singleturn|p2a: Froslass|Protect\n|move|p2b: Basculegion|Last Respects|p1a: Blastoise\n|-damage|p1a: Blastoise|0 fnt\n|faint|p1a: Blastoise\n|\n|win|MimeYourBusiness\n|raw|mimiquiu01's rating: 1265 &rarr; <strong>1246</strong><br />(-19 for losing)\n|raw|MimeYourBusiness's rating: 1357 &rarr; <strong>1372</strong><br />(+15 for winning)\n|l|\u2606mimiquiu01\n|player|p1|\n",
  "uploadtime": 1776445944,
  "views": 49,
  "formatid": "gen9championsvgc2026regma",
  "rating": 1246,
  "private": 0,
  "password": null
}