{
  "id": "gen9championsvgc2026regma-2585933357",
  "format": "[Gen 9 Champions] VGC 2026 Reg M-A",
  "players": [
    "Ruizpaa",
    "KogaAF1219"
  ],
  "log": "|j|\u2606Ruizpaa\n|j|\u2606KogaAF1219\n|t:|1776382748\n|gametype|doubles\n|player|p1|Ruizpaa|266|1298\n|player|p2|KogaAF1219|koga|1254\n|gen|9\n|tier|[Gen 9 Champions] VGC 2026 Reg M-A\n|rated|\n|rule|Species Clause: Limit one of each Pok\u00e9mon\n|rule|Item Clause: Limit 1 of each item\n|clearpoke\n|poke|p1|Gardevoir, L50, F|\n|poke|p1|Basculegion, L50, M|\n|poke|p1|Maushold-Four, L50|\n|poke|p1|Talonflame, L50, F|\n|poke|p1|Garchomp, L50, M|\n|poke|p1|Kingambit, L50, F|\n|poke|p2|Simipour, L50, M|\n|poke|p2|Charizard, L50, M|\n|poke|p2|Garchomp, L50, M|\n|poke|p2|Rotom-Heat, L50|\n|poke|p2|Whimsicott, L50, M|\n|poke|p2|Venusaur, L50, M|\n|teampreview|4\nKogaAF1219 has agreed to open team sheets.\n|\n|t:|1776382765\n|teamsize|p1|4\n|teamsize|p2|4\n|start\n|switch|p1a: Talonflame|Talonflame, L50, F|100/100\n|switch|p1b: Garchomp|Garchomp, L50, M|100/100\n|switch|p2a: Simipour|Simipour, L50, M|100/100\n|switch|p2b: Garchomp|Garchomp, L50, M|100/100\n|turn|1\n|inactive|Battle timer is ON: inactive players will automatically lose when time's up. (requested by KogaAF1219)\n|\n|t:|1776382809\n|move|p1a: Talonflame|Tailwind|p1a: Talonflame\n|-sidestart|p1: Ruizpaa|move: Tailwind\n|move|p1b: Garchomp|Dragon Claw|p2b: Garchomp\n|-supereffective|p2b: Garchomp|1\n|-damage|p2b: Garchomp|15/100\n|-damage|p1b: Garchomp|88/100|[from] ability: Rough Skin|[of] p2b: Garchomp\n|move|p2b: Garchomp|Rock Slide|p1a: Talonflame|[spread] p1a,p1b\n|-supereffective|p1a: Talonflame|2\n|-resisted|p1b: Garchomp|1\n|-damage|p1a: Talonflame|0 fnt\n|-damage|p1b: Garchomp|80/100\n|faint|p1a: Talonflame\n|move|p2a: Simipour|Ice Beam|p1b: Garchomp\n|-supereffective|p1b: Garchomp|2\n|-damage|p1b: Garchomp|0 fnt\n|faint|p1b: Garchomp\n|\n|upkeep\n|\n|t:|1776382823\n|switch|p1a: Gardevoir|Gardevoir, L50, F|100/100\n|switch|p1b: Maushold|Maushold-Four, L50|100/100\n|turn|2\n|\n|t:|1776382832\n|switch|p2a: Rotom|Rotom-Heat, L50|100/100\n|detailschange|p1a: Gardevoir|Gardevoir-Mega, L50, F\n|-mega|p1a: Gardevoir|Gardevoir|Gardevoirite\n|move|p2b: Garchomp|Protect|p2b: Garchomp\n|-singleturn|p2b: Garchomp|Protect\n|move|p1b: Maushold|Super Fang|p2a: Rotom\n|-damage|p2a: Rotom|51/100\n|move|p1a: Gardevoir|Hyper Voice|p2b: Garchomp|[spread] p2a\n|-activate|p2b: Garchomp|move: Protect\n|-resisted|p2a: Rotom|1\n|-damage|p2a: Rotom|17/100\n|\n|upkeep\n|turn|3\n|\n|t:|1776382851\n|move|p1b: Maushold|Super Fang|p2b: Garchomp\n|-damage|p2b: Garchomp|8/100\n|-damage|p1b: Maushold|88/100|[from] ability: Rough Skin|[of] p2b: Garchomp\n|move|p1a: Gardevoir|Hyper Voice|p2b: Garchomp|[spread] p2a\n|-miss|p1a: Gardevoir|p2b: Garchomp\n|-resisted|p2a: Rotom|1\n|-damage|p2a: Rotom|0 fnt\n|faint|p2a: Rotom\n|move|p2b: Garchomp|Earthquake|p1b: Maushold|[spread] p1a,p1b\n|-damage|p1a: Gardevoir|60/100\n|-damage|p1b: Maushold|39/100\n|\n|upkeep\n|\n|t:|1776382862\n|switch|p2a: Simipour|Simipour, L50, M|100/100\n|turn|4\n|inactive|KogaAF1219 has 30 seconds left.\n|\n|t:|1776382891\n|move|p2a: Simipour|Fake Out|p1a: Gardevoir\n|-damage|p1a: Gardevoir|51/100\n|move|p1b: Maushold|Super Fang|p2a: Simipour\n|-damage|p2a: Simipour|50/100\n|cant|p1a: Gardevoir|flinch\n|move|p2b: Garchomp|Rock Slide|p1a: Gardevoir|[spread] p1a,p1b\n|-damage|p1a: Gardevoir|30/100\n|-damage|p1b: Maushold|15/100\n|\n|-sideend|p1: Ruizpaa|move: Tailwind\n|upkeep\n|turn|5\n|\n|t:|1776382907\n|move|p1b: Maushold|Follow Me|p1b: Maushold\n|-singleturn|p1b: Maushold|move: Follow Me\n|move|p2b: Garchomp|Rock Slide|p1a: Gardevoir|[spread] p1a,p1b\n|-damage|p1a: Gardevoir|12/100\n|-damage|p1b: Maushold|0 fnt\n|faint|p1b: Maushold\n|move|p2a: Simipour|Scald|p1a: Gardevoir\n|-damage|p1a: Gardevoir|0 fnt\n|faint|p1a: Gardevoir\n|\n|win|KogaAF1219\n|raw|Ruizpaa's rating: 1298 &rarr; <strong>1270</strong><br />(-28 for losing)\n|raw|KogaAF1219's rating: 1254 &rarr; <strong>1282</strong><br />(+28 for winning)\n",
  "uploadtime": 1776382911,
  "views": 34,
  "formatid": "gen9championsvgc2026regma",
  "rating": 1270,
  "private": 0,
  "password": null
}