{
  "id": "gen9championsvgc2026regma-2584581227",
  "format": "[Gen 9 Champions] VGC 2026 Reg M-A",
  "players": [
    "ddrfunk",
    "Gatorl0ver"
  ],
  "log": "|j|\u2606ddrfunk\n|j|\u2606Gatorl0ver\n|t:|1776270129\n|gametype|doubles\n|player|p1|ddrfunk|101|1291\n|player|p2|Gatorl0ver|1|1286\n|gen|9\n|tier|[Gen 9 Champions] VGC 2026 Reg M-A\n|rated|\n|rule|Species Clause: Limit one of each Pok\u00e9mon\n|rule|Item Clause: Limit 1 of each item\n|clearpoke\n|poke|p1|Blastoise, L50, M|\n|poke|p1|Sinistcha, L50|\n|poke|p1|Sableye, L50, F|\n|poke|p1|Farigiraf, L50, M|\n|poke|p1|Pelipper, L50, M|\n|poke|p1|Archaludon, L50, F|\n|poke|p2|Feraligatr, L50, F|\n|poke|p2|Ninetales-Alola, L50, F|\n|poke|p2|Incineroar, L50, M|\n|poke|p2|Sinistcha, L50|\n|poke|p2|Sneasler, L50, F|\n|poke|p2|Corviknight, L50, F|\n|teampreview|4\nGatorl0ver has agreed to open team sheets.\n|inactive|Battle timer is ON: inactive players will automatically lose when time's up. (requested by Gatorl0ver)\n|\n|t:|1776270168\n|teamsize|p1|4\n|teamsize|p2|4\n|start\n|switch|p1a: Sableye|Sableye, L50, F|100/100\n|switch|p1b: Blastoise|Blastoise, L50, M|100/100\n|switch|p2a: Sinistcha|Sinistcha, L50|100/100\n|switch|p2b: Feraligatr|Feraligatr, L50, F|100/100\n|turn|1\n|inactive|ddrfunk has 30 seconds left.\n|\n|t:|1776270200\n|switch|p1b: Archaludon|Archaludon, L50, F|100/100\n|move|p2b: Feraligatr|Protect|p2b: Feraligatr\n|-singleturn|p2b: Feraligatr|Protect\n|move|p1a: Sableye|Fake Out|p2b: Feraligatr\n|-activate|p2b: Feraligatr|move: Protect\n|move|p2a: Sinistcha|Matcha Gotcha|p1a: Sableye|[spread] p1a,p1b\n|-resisted|p1b: Archaludon|2\n|-damage|p1a: Sableye|68/100\n|-damage|p1b: Archaludon|91/100\n|\n|upkeep\n|turn|2\n|\n|t:|1776270217\n|detailschange|p2b: Feraligatr|Feraligatr-Mega, L50, F\n|-mega|p2b: Feraligatr|Feraligatr|Feraligite\n|move|p2a: Sinistcha|Rage Powder|p2a: Sinistcha\n|-singleturn|p2a: Sinistcha|move: Rage Powder\n|move|p1a: Sableye|Encore|p2a: Sinistcha\n|-start|p2a: Sinistcha|Encore\n|move|p1b: Archaludon|Dragon Pulse|p2a: Sinistcha\n|-damage|p2a: Sinistcha|53/100\n|move|p2b: Feraligatr|Dragon Dance|p2b: Feraligatr\n|-boost|p2b: Feraligatr|atk|1\n|-boost|p2b: Feraligatr|spe|1\n|\n|upkeep\n|turn|3\n|\n|t:|1776270239\n|switch|p1b: Pelipper|Pelipper, L50, M|100/100\n|-weather|RainDance|[from] ability: Drizzle|[of] p1b: Pelipper\n|move|p2a: Sinistcha|Rage Powder|p2a: Sinistcha\n|-singleturn|p2a: Sinistcha|move: Rage Powder\n|move|p1a: Sableye|Disable|p2a: Sinistcha\n|-start|p2a: Sinistcha|Disable|Rage Powder\n|move|p2b: Feraligatr|Liquidation|p1a: Sableye\n|-crit|p1a: Sableye\n|-damage|p1a: Sableye|0 fnt\n|faint|p1a: Sableye\n|\n|-weather|RainDance|[upkeep]\n|upkeep\n|\n|t:|1776270250\n|switch|p1a: Archaludon|Archaludon, L50, F|91/100\n|turn|4\n|inactive|Gatorl0ver has 30 seconds left.\n|inactive|Gatorl0ver has 20 seconds left.\n|\n|t:|1776270286\n|switch|p2a: Sneasler|Sneasler, L50, F|100/100\n|move|p2b: Feraligatr|Double-Edge|p1a: Archaludon\n|-damage|p1a: Archaludon|0 fnt\n|faint|p1a: Archaludon\n|-damage|p2b: Feraligatr|70/100|[from] Recoil\n|move|p1b: Pelipper|Tailwind|p1b: Pelipper\n|-sidestart|p1: ddrfunk|move: Tailwind\n|\n|-weather|RainDance|[upkeep]\n|upkeep\n|\n|t:|1776270296\n|switch|p1a: Blastoise|Blastoise, L50, M|100/100\n|turn|5\n|\n|t:|1776270309\n|switch|p2a: Sinistcha|Sinistcha, L50|53/100\n|-heal|p2b: Feraligatr|94/100|[from] ability: Hospitality|[of] p2a: Sinistcha\n|detailschange|p1a: Blastoise|Blastoise-Mega, L50, M\n|-mega|p1a: Blastoise|Blastoise|Blastoisinite\n|move|p2b: Feraligatr|Protect|p2b: Feraligatr\n|-singleturn|p2b: Feraligatr|Protect\n|move|p1a: Blastoise|Fake Out|p2b: Feraligatr\n|-activate|p2b: Feraligatr|move: Protect\n|move|p1b: Pelipper|Hurricane|p2a: Sinistcha\n|-supereffective|p2a: Sinistcha|1\n|-damage|p2a: Sinistcha|0 fnt\n|faint|p2a: Sinistcha\n|\n|-weather|RainDance|[upkeep]\n|upkeep\n|\n|t:|1776270318\n|switch|p2a: Sneasler|Sneasler, L50, F|100/100\n|turn|6\n|\n|t:|1776270337\n|move|p1b: Pelipper|Protect|p1b: Pelipper\n|-singleturn|p1b: Pelipper|Protect\n|move|p1a: Blastoise|Protect|p1a: Blastoise\n|-singleturn|p1a: Blastoise|Protect\n|move|p2a: Sneasler|Fake Out|p1b: Pelipper\n|-activate|p1b: Pelipper|move: Protect\n|move|p2b: Feraligatr|Double-Edge|p1b: Pelipper\n|-activate|p1b: Pelipper|move: Protect\n|\n|-weather|RainDance|[upkeep]\n|upkeep\n|turn|7\n|\n|t:|1776270355\n|move|p2b: Feraligatr|Protect|p2b: Feraligatr\n|-singleturn|p2b: Feraligatr|Protect\n|move|p1b: Pelipper|Hurricane|p2a: Sneasler\n|-supereffective|p2a: Sneasler|1\n|-damage|p2a: Sneasler|0 fnt\n|faint|p2a: Sneasler\n|move|p1a: Blastoise|Shell Smash|p1a: Blastoise\n|-unboost|p1a: Blastoise|def|1\n|-unboost|p1a: Blastoise|spd|1\n|-boost|p1a: Blastoise|atk|2\n|-boost|p1a: Blastoise|spa|2\n|-boost|p1a: Blastoise|spe|2\n|\n|-weather|none\n|-sideend|p1: ddrfunk|move: Tailwind\n|upkeep\n|\n|t:|1776270375\n|switch|p2a: Ninetales|Ninetales-Alola, L50, F|100/100\n|-weather|Snowscape|[from] ability: Snow Warning|[of] p2a: Ninetales\n|turn|8\n|inactive|ddrfunk has 30 seconds left.\n|\n|t:|1776270402\n|move|p1a: Blastoise|Water Spout|p2b: Feraligatr|[spread] p2a,p2b\n|-resisted|p2b: Feraligatr|2\n|-enditem|p2a: Ninetales|Focus Sash\n|-damage|p2a: Ninetales|1/100\n|-damage|p2b: Feraligatr|62/100\n|move|p2b: Feraligatr|Double-Edge|p1a: Blastoise\n|-damage|p1a: Blastoise|0 fnt\n|faint|p1a: Blastoise\n|-damage|p2b: Feraligatr|24/100|[from] Recoil\n|move|p2a: Ninetales|Freeze-Dry|p1b: Pelipper\n|-supereffective|p1b: Pelipper|2\n|-enditem|p1b: Pelipper|Focus Sash\n|-damage|p1b: Pelipper|1/100\n|move|p1b: Pelipper|Hurricane|p2b: Feraligatr\n|-damage|p2b: Feraligatr|0 fnt\n|faint|p2b: Feraligatr\n|\n|-weather|Snowscape|[upkeep]\n|upkeep\n|turn|9\n|\n|t:|1776270423\n|move|p2a: Ninetales|Freeze-Dry|p1b: Pelipper\n|-supereffective|p1b: Pelipper|2\n|-damage|p1b: Pelipper|0 fnt\n|faint|p1b: Pelipper\n|\n|win|Gatorl0ver\n|raw|ddrfunk's rating: 1291 &rarr; <strong>1267</strong><br />(-24 for losing)\n|raw|Gatorl0ver's rating: 1309 &rarr; <strong>1328</strong><br />(+19 for winning)\n",
  "uploadtime": 1776270428,
  "views": 28,
  "formatid": "gen9championsvgc2026regma",
  "rating": 1267,
  "private": 0,
  "password": null
}