{
  "id": "gen9championsvgc2026regma-2587853253",
  "format": "[Gen 9 Champions] VGC 2026 Reg M-A",
  "players": [
    "Ikorra_37",
    "Anicredible"
  ],
  "log": "|j|\u2606Ikorra_37\n|j|\u2606Anicredible\n|t:|1776570819\n|gametype|doubles\n|player|p1|Ikorra_37|dawn|1021\n|player|p2|Anicredible|schoolkid-gen4|1065\n|gen|9\n|tier|[Gen 9 Champions] VGC 2026 Reg M-A\n|rated|\n|rule|Species Clause: Limit one of each Pok\u00e9mon\n|rule|Item Clause: Limit 1 of each item\n|clearpoke\n|poke|p1|Incineroar, L50, M|\n|poke|p1|Maushold-Four, L50, shiny|\n|poke|p1|Starmie, L50|\n|poke|p1|Sylveon, L50, F|\n|poke|p1|Lucario, L50, F|\n|poke|p1|Garchomp, L50, F|\n|poke|p2|Kangaskhan, L50, F|\n|poke|p2|Sinistcha, L50|\n|poke|p2|Sneasler, L50, F|\n|poke|p2|Whimsicott, L50, F|\n|poke|p2|Corviknight, L50, F|\n|poke|p2|Primarina, L50, F|\n|teampreview|4\n|inactive|Battle timer is ON: inactive players will automatically lose when time's up. (requested by Anicredible)\n|inactive|Ikorra_37 also wants the timer to be on.\nAnicredible rejected open team sheets.\n|inactive|Anicredible has 60 seconds left.\n|\n|t:|1776570867\n|teamsize|p1|4\n|teamsize|p2|4\n|start\n|switch|p1a: Maushold|Maushold-Four, L50, shiny|100/100\n|switch|p1b: Starmie|Starmie, L50|100/100\n|switch|p2a: Primarina|Primarina, L50, F|100/100\n|switch|p2b: Sinistcha|Sinistcha, L50|100/100\n|turn|1\n|inactive|Ikorra_37 has 30 seconds left.\n|inactive|Anicredible has 30 seconds left.\n|inactive|Ikorra_37 has 20 seconds left.\n|inactive|Ikorra_37 has 15 seconds left.\n|inactive|Ikorra_37 has 10 seconds left.\n|inactive|Ikorra_37 has 5 seconds left.\n|\n|t:|1776570919\n|switch|p1b: Incineroar|Incineroar, L50, M|100/100\n|-ability|p1b: Incineroar|Intimidate|boost\n|-unboost|p2a: Primarina|atk|1\n|-unboost|p2b: Sinistcha|atk|1\n|move|p1a: Maushold|Beat Up|p2b: Sinistcha\n|-supereffective|p2b: Sinistcha|1\n|-enditem|p2b: Sinistcha|Colbur Berry|[eat]\n|-enditem|p2b: Sinistcha|Colbur Berry|[weaken]\n|-damage|p2b: Sinistcha|98/100\n|-supereffective|p2b: Sinistcha|1\n|-damage|p2b: Sinistcha|90/100\n|-supereffective|p2b: Sinistcha|1\n|-damage|p2b: Sinistcha|84/100\n|-supereffective|p2b: Sinistcha|1\n|-damage|p2b: Sinistcha|79/100\n|-hitcount|p2b: Sinistcha|4\n|move|p2a: Primarina|Calm Mind|p2a: Primarina\n|-boost|p2a: Primarina|spa|1\n|-boost|p2a: Primarina|spd|1\n|move|p2b: Sinistcha|Matcha Gotcha|p1a: Maushold|[spread] p1a,p1b\n|-resisted|p1b: Incineroar|1\n|-damage|p1a: Maushold|70/100\n|-heal|p2b: Sinistcha|94/100|[from] drain|[of] p1a: Maushold\n|-damage|p1b: Incineroar|93/100\n|-heal|p2b: Sinistcha|98/100|[from] drain|[of] p1b: Incineroar\n|\n|upkeep\n|turn|2\n|inactive|Ikorra_37 has 30 seconds left.\n|inactive|Anicredible has 30 seconds left.\n|\n|t:|1776570947\n|switch|p1b: Lucario|Lucario, L50, F|100/100\n|move|p1a: Maushold|Encore|p2a: Primarina\n|-start|p2a: Primarina|Encore\n|move|p2a: Primarina|Calm Mind|p2a: Primarina\n|-boost|p2a: Primarina|spa|1\n|-boost|p2a: Primarina|spd|1\n|move|p2b: Sinistcha|Trick Room|p2b: Sinistcha\n|-fieldstart|move: Trick Room|[of] p2b: Sinistcha\n|\n|upkeep\n|turn|3\n|inactive|Ikorra_37 has 30 seconds left.\n|\n|t:|1776570975\n|move|p2b: Sinistcha|Strength Sap|p1b: Lucario\n|-unboost|p1b: Lucario|atk|1\n|-heal|p2b: Sinistcha|100/100\n|move|p2a: Primarina|Calm Mind|p2a: Primarina\n|-boost|p2a: Primarina|spa|1\n|-boost|p2a: Primarina|spd|1\n|move|p1b: Lucario|Bone Rush|p2a: Primarina\n|-damage|p2a: Primarina|92/100\n|-damage|p2a: Primarina|82/100\n|-hitcount|p2a: Primarina|2\n|move|p1a: Maushold|Beat Up|p1b: Lucario\n|-resisted|p1b: Lucario|1\n|-damage|p1b: Lucario|99/100\n|-ability|p1b: Lucario|Justified|boost\n|-boost|p1b: Lucario|atk|1\n|-resisted|p1b: Lucario|1\n|-damage|p1b: Lucario|97/100\n|-ability|p1b: Lucario|Justified|boost\n|-boost|p1b: Lucario|atk|1\n|-resisted|p1b: Lucario|1\n|-damage|p1b: Lucario|96/100\n|-ability|p1b: Lucario|Justified|boost\n|-boost|p1b: Lucario|atk|1\n|-resisted|p1b: Lucario|1\n|-damage|p1b: Lucario|94/100\n|-ability|p1b: Lucario|Justified|boost\n|-boost|p1b: Lucario|atk|1\n|-hitcount|p1b: Lucario|4\n|\n|upkeep\n|turn|4\n|\n|t:|1776570994\n|detailschange|p1b: Lucario|Lucario-Mega, L50, F\n|-mega|p1b: Lucario|Lucario|Lucarionite\n|move|p2b: Sinistcha|Rage Powder|p2b: Sinistcha\n|-singleturn|p2b: Sinistcha|move: Rage Powder\n|move|p1a: Maushold|Follow Me|p1a: Maushold\n|-singleturn|p1a: Maushold|move: Follow Me\n|move|p1b: Lucario|Bullet Punch|p2b: Sinistcha\n|-damage|p2b: Sinistcha|21/100\n|move|p2a: Primarina|Calm Mind|p2a: Primarina\n|-boost|p2a: Primarina|spa|1\n|-boost|p2a: Primarina|spd|1\n|\n|-end|p2a: Primarina|Encore\n|upkeep\n|turn|5\n|\n|t:|1776571010\n|move|p2b: Sinistcha|Rage Powder|p2b: Sinistcha\n|-singleturn|p2b: Sinistcha|move: Rage Powder\n|move|p1b: Lucario|Bullet Punch|p2b: Sinistcha\n|-damage|p2b: Sinistcha|0 fnt\n|faint|p2b: Sinistcha\n|move|p2a: Primarina|Hyper Voice|p1b: Lucario|[spread] p1a,p1b\n|-damage|p1a: Maushold|0 fnt\n|-damage|p1b: Lucario|0 fnt\n|faint|p1a: Maushold\n|faint|p1b: Lucario\n|\n|upkeep\n|\n|t:|1776571027\n|switch|p2b: Sneasler|Sneasler, L50, F|100/100\n|switch|p1b: Starmie|Starmie, L50|100/100\n|switch|p1a: Incineroar|Incineroar, L50, M|93/100\n|-ability|p1a: Incineroar|Intimidate|boost\n|-unboost|p2a: Primarina|atk|1\n|-unboost|p2b: Sneasler|atk|1\n|-enditem|p2b: Sneasler|White Herb\n|-clearnegativeboost|p2b: Sneasler|[silent]\n|turn|6\n|\n|t:|1776571044\n|move|p1a: Incineroar|Fake Out|p2a: Primarina\n|-damage|p2a: Primarina|68/100\n|cant|p2a: Primarina|flinch\n|move|p1b: Starmie|Psychic|p2b: Sneasler\n|-supereffective|p2b: Sneasler|2\n|-damage|p2b: Sneasler|0 fnt\n|faint|p2b: Sneasler\n|\n|-fieldend|move: Trick Room\n|upkeep\n|\n|t:|1776571052\n|switch|p2b: Corviknight|Corviknight, L50, F|100/100\n|turn|7\n|\n|t:|1776571061\n|move|p1b: Starmie|Skill Swap|p2a: Primarina\n|-activate|p1b: Starmie|Skill Swap|Liquid Voice|Illuminate|[of] p2a: Primarina\n|move|p2a: Primarina|Moonblast|p1b: Starmie\n|-damage|p1b: Starmie|0 fnt\n|faint|p1b: Starmie\n|move|p2b: Corviknight|Body Press|p1a: Incineroar\n|-supereffective|p1a: Incineroar|1\n|-damage|p1a: Incineroar|44/100\n|-enditem|p1a: Incineroar|Sitrus Berry|[eat]\n|-heal|p1a: Incineroar|68/100|[from] item: Sitrus Berry\n|move|p1a: Incineroar|Flare Blitz|p2b: Corviknight\n|-supereffective|p2b: Corviknight|1\n|-damage|p2b: Corviknight|28/100\n|-damage|p1a: Incineroar|48/100|[from] Recoil\n|\n|-heal|p2b: Corviknight|34/100|[from] item: Leftovers\n|upkeep\n|turn|8\n|c|\u2606Anicredible|ggwp\n|\n|t:|1776571083\n|move|p2b: Corviknight|Protect|p2b: Corviknight\n|-singleturn|p2b: Corviknight|Protect\n|move|p2a: Primarina|Moonblast|p1a: Incineroar\n|-damage|p1a: Incineroar|0 fnt\n|faint|p1a: Incineroar\n|\n|win|Anicredible\n|raw|Ikorra_37's rating: 1021 &rarr; <strong>1010</strong><br />(-11 for losing)\n|raw|Anicredible's rating: 1065 &rarr; <strong>1091</strong><br />(+26 for winning)\n|l|\u2606Ikorra_37\n|player|p1|\n",
  "uploadtime": 1776571092,
  "views": 10,
  "formatid": "gen9championsvgc2026regma",
  "rating": 1010,
  "private": 0,
  "password": null
}