{
  "id": "gen9championsvgc2026regma-2586887022",
  "format": "[Gen 9 Champions] VGC 2026 Reg M-A",
  "players": [
    "mrguy888",
    "sandwich_lizard1"
  ],
  "log": "|j|\u2606mrguy888\n|j|\u2606sandwich_lizard1\n|t:|1776468647\n|gametype|doubles\n|player|p1|mrguy888|noland-gen3|1309\n|player|p2|sandwich_lizard1|winona|1251\n|gen|9\n|tier|[Gen 9 Champions] VGC 2026 Reg M-A\n|rated|\n|rule|Species Clause: Limit one of each Pok\u00e9mon\n|rule|Item Clause: Limit 1 of each item\n|clearpoke\n|poke|p1|Floette-Eternal, L50, F|\n|poke|p1|Aerodactyl, L50, M|\n|poke|p1|Tauros-Paldea-Aqua, L50, M|\n|poke|p1|Kangaskhan, L50, F|\n|poke|p1|Rotom-Heat, L50|\n|poke|p1|Aegislash, L50, M|\n|poke|p2|Meganium, L50, F|\n|poke|p2|Pelipper, L50, F|\n|poke|p2|Basculegion-F, L50, F|\n|poke|p2|Archaludon, L50, F|\n|poke|p2|Drampa, L50, F|\n|poke|p2|Luxray, L50, M|\n|teampreview|4\n|inactive|Battle timer is ON: inactive players will automatically lose when time's up. (requested by mrguy888)\n|inactive|sandwich_lizard1 also wants the timer to be on.\n|inactive|mrguy888 has 60 seconds left.\n|\n|t:|1776468679\n|teamsize|p1|4\n|teamsize|p2|4\n|start\n|switch|p1a: Aerodactyl|Aerodactyl, L50, M|100/100\n|switch|p1b: Floette|Floette-Eternal, L50, F|100/100\n|switch|p2a: Ignorance|Meganium, L50, F|100/100\n|switch|p2b: Gun|Archaludon, L50, F|100/100\n|-ability|p1a: Aerodactyl|Unnerve\n|turn|1\n|inactive|mrguy888 has 30 seconds left.\n|\n|t:|1776468710\n|detailschange|p1b: Floette|Floette-Mega, L50, F\n|-mega|p1b: Floette|Floette|Floettite\n|-ability|p1b: Floette|Fairy Aura\n|detailschange|p2a: Ignorance|Meganium-Mega, L50, F\n|-mega|p2a: Ignorance|Meganium|Meganiumite\n|move|p1b: Floette|Protect|p1b: Floette\n|-singleturn|p1b: Floette|Protect\n|move|p1a: Aerodactyl|Tailwind|p1a: Aerodactyl\n|-sidestart|p1: mrguy888|move: Tailwind\n|move|p2b: Gun|Flash Cannon|p1b: Floette\n|-activate|p1b: Floette|move: Protect\n|move|p2a: Ignorance|Solar Beam||[still]\n|-prepare|p2a: Ignorance|Solar Beam\n|-activate|p2a: Ignorance|ability: Mega Sol\n|-anim|p2a: Ignorance|Solar Beam|p1b: Floette\n|-activate|p1b: Floette|move: Protect\n|\n|upkeep\n|turn|2\n|\n|t:|1776468730\n|move|p1a: Aerodactyl|Dual Wingbeat|p2a: Ignorance\n|-supereffective|p2a: Ignorance|1\n|-damage|p2a: Ignorance|68/100\n|-supereffective|p2a: Ignorance|1\n|-damage|p2a: Ignorance|35/100\n|-hitcount|p2a: Ignorance|2\n|move|p1b: Floette|Dazzling Gleam|p2b: Gun|[spread] p2a,p2b\n|-damage|p2a: Ignorance|0 fnt\n|-damage|p2b: Gun|25/100\n|-ability|p2b: Gun|Stamina|boost\n|-boost|p2b: Gun|def|1\n|faint|p2a: Ignorance\n|move|p2b: Gun|Flash Cannon|p1b: Floette\n|-supereffective|p1b: Floette|1\n|-damage|p1b: Floette|40/100\n|\n|-heal|p2b: Gun|31/100|[from] item: Leftovers\n|upkeep\n|\n|t:|1776468734\n|switch|p2a: Toilet|Pelipper, L50, F|100/100\n|-weather|RainDance|[from] ability: Drizzle|[of] p2a: Toilet\n|turn|3\n|inactive|mrguy888 has 30 seconds left.\n|\n|t:|1776468760\n|move|p1a: Aerodactyl|Rock Slide|p2a: Toilet|[spread] p2a,p2b\n|-supereffective|p2a: Toilet|1\n|-resisted|p2b: Gun|1\n|-damage|p2a: Toilet|50/100\n|-damage|p2b: Gun|23/100\n|-ability|p2b: Gun|Stamina|boost\n|-boost|p2b: Gun|def|1\n|move|p1b: Floette|Moonblast|p2b: Gun\n|-damage|p2b: Gun|0 fnt\n|faint|p2b: Gun\n|move|p2a: Toilet|Tailwind|p2a: Toilet\n|-sidestart|p2: sandwich_lizard1|move: Tailwind\n|\n|-weather|RainDance|[upkeep]\n|upkeep\n|\n|t:|1776468769\n|switch|p2b: Fisch|Basculegion-F, L50, F|100/100\n|turn|4\n|\n|t:|1776468792\n|move|p1b: Floette|Protect|p1b: Floette\n|-singleturn|p1b: Floette|Protect\n|move|p2b: Fisch|Muddy Water|p1a: Aerodactyl|[spread] p1a\n|-activate|p1b: Floette|move: Protect\n|-supereffective|p1a: Aerodactyl|1\n|-enditem|p1a: Aerodactyl|Focus Sash\n|-damage|p1a: Aerodactyl|1/100\n|move|p1a: Aerodactyl|Rock Slide|p2a: Toilet|[spread] p2a,p2b\n|-supereffective|p2a: Toilet|1\n|-damage|p2a: Toilet|0 fnt\n|-damage|p2b: Fisch|65/100\n|faint|p2a: Toilet\n|\n|-weather|RainDance|[upkeep]\n|-sideend|p1: mrguy888|move: Tailwind\n|upkeep\n|turn|5\n|inactive|mrguy888 has 30 seconds left.\n|inactive|mrguy888 has 20 seconds left.\n|\n|t:|1776468828\n|move|p2b: Fisch|Muddy Water|p1a: Aerodactyl|[spread] p1a,p1b\n|-supereffective|p1a: Aerodactyl|1\n|-damage|p1a: Aerodactyl|0 fnt\n|-damage|p1b: Floette|0 fnt\n|faint|p1a: Aerodactyl\n|faint|p1b: Floette\n|\n|-weather|RainDance|[upkeep]\n|upkeep\n|\n|t:|1776468831\n|switch|p1a: Aegislash|Aegislash, L50, M|100/100\n|switch|p1b: Rotom|Rotom-Heat, L50|100/100\n|turn|6\n|\n|t:|1776468855\n|move|p2b: Fisch|Muddy Water|p1a: Aegislash|[spread] p1a\n|-miss|p2b: Fisch|p1b: Rotom\n|-damage|p1a: Aegislash|56/100\n|-unboost|p1a: Aegislash|accuracy|1\n|move|p1b: Rotom|Electroweb|p2b: Fisch\n|-supereffective|p2b: Fisch|1\n|-damage|p2b: Fisch|13/100\n|-unboost|p2b: Fisch|spe|1\n|-formechange|p1a: Aegislash|Aegislash-Blade|\n|move|p1a: Aegislash|Poltergeist|p2b: Fisch|[miss]\n|-miss|p1a: Aegislash|p2b: Fisch\n|\n|-weather|RainDance|[upkeep]\n|-sideend|p2: sandwich_lizard1|move: Tailwind\n|upkeep\n|turn|7\n|c|\u2606sandwich_lizard1|Ggs\n|\n|t:|1776468868\n|move|p1a: Aegislash|Shadow Sneak|p2b: Fisch|[miss]\n|-miss|p1a: Aegislash|p2b: Fisch\n|move|p1b: Rotom|Electroweb|p2b: Fisch|[miss]\n|-miss|p1b: Rotom|p2b: Fisch\n|move|p2b: Fisch|Muddy Water|p1b: Rotom|[spread] p1a,p1b\n|-supereffective|p1b: Rotom|1\n|-damage|p1a: Aegislash|0 fnt\n|-damage|p1b: Rotom|0 fnt\n|faint|p1a: Aegislash\n|faint|p1b: Rotom\n|\n|win|sandwich_lizard1\n|raw|mrguy888's rating: 1309 &rarr; <strong>1286</strong><br />(-23 for losing)\n|raw|sandwich_lizard1's rating: 1251 &rarr; <strong>1280</strong><br />(+29 for winning)\n|c|\u2606sandwich_lizard1|Wait what\n|c|\u2606sandwich_lizard1|Rngsus take the wheel\n|c|\u2606mrguy888|bright powder?\n|c|\u2606sandwich_lizard1|No\n|c|\u2606sandwich_lizard1|Mystic water\n|c|\u2606sandwich_lizard1|I thought shadow sneak was 100%?\n|c|\u2606mrguy888|i got an acc drop\n",
  "uploadtime": 1776468930,
  "views": 35,
  "formatid": "gen9championsvgc2026regma",
  "rating": 1280,
  "private": 0,
  "password": null
}