{
  "id": "gen9championsvgc2026regma-2581825085",
  "format": "[Gen 9 Champions] VGC 2026 Reg M-A",
  "players": [
    "Morrocan AXL BLAZE",
    "trueartisinfinity"
  ],
  "log": "|j|\u2606Morrocan AXL BLAZE\n|j|\u2606trueartisinfinity\n|t:|1776031451\n|gametype|doubles\n|player|p1|Morrocan AXL BLAZE|nate|1131\n|player|p2|trueartisinfinity|265|1076\n|gen|9\n|tier|[Gen 9 Champions] VGC 2026 Reg M-A\n|rated|\n|rule|Species Clause: Limit one of each Pok\u00e9mon\n|rule|Item Clause: Limit 1 of each item\n|clearpoke\n|poke|p1|Arcanine-Hisui, L50, M|\n|poke|p1|Palafin, L50, M|\n|poke|p1|Sinistcha, L50|\n|poke|p1|Talonflame, L50, M|\n|poke|p1|Froslass, L50, F|\n|poke|p1|Ninetales-Alola, L50, F|\n|poke|p2|Crabominable, L50, F|\n|poke|p2|Sinistcha-Masterpiece, L50|\n|poke|p2|Hatterene, L50, F|\n|poke|p2|Torkoal, L50, M|\n|poke|p2|Typhlosion-Hisui, L50, F|\n|poke|p2|Charizard, L50, F|\n|teampreview|4\nMorrocan AXL BLAZE has agreed to open team sheets.\n|\n|t:|1776031495\n|teamsize|p1|4\n|teamsize|p2|4\n|start\n|switch|p1a: Chad|Arcanine-Hisui, L50, M|100/100\n|switch|p1b: subhuman|Sinistcha, L50|100/100\n|switch|p2a: Torkoal|Torkoal, L50, M|100/100\n|switch|p2b: Sinistcha|Sinistcha-Masterpiece, L50|100/100\n|-ability|p1a: Chad|Intimidate|boost\n|-unboost|p2a: Torkoal|atk|1\n|-unboost|p2b: Sinistcha|atk|1\n|-weather|SunnyDay|[from] ability: Drought|[of] p2a: Torkoal\n|turn|1\n|\n|t:|1776031519\n|switch|p2b: Crabominable|Crabominable, L50, F|100/100\n|move|p1b: subhuman|Protect|p1b: subhuman\n|-singleturn|p1b: subhuman|Protect\n|move|p1a: Chad|Flare Blitz|p2b: Crabominable\n|-supereffective|p2b: Crabominable|1\n|-damage|p2b: Crabominable|0 fnt\n|faint|p2b: Crabominable\n|-damage|p1a: Chad|65/100|[from] Recoil\n|move|p2a: Torkoal|Eruption|p1b: subhuman|[spread] p1a\n|-activate|p1b: subhuman|move: Protect\n|-resisted|p1a: Chad|2\n|-damage|p1a: Chad|41/100\n|\n|-weather|SunnyDay|[upkeep]\n|upkeep\n|\n|t:|1776031532\n|switch|p2b: Charizard|Charizard, L50, F|100/100\n|turn|2\n|\n|t:|1776031552\n|switch|p1b: stzcy|Ninetales-Alola, L50, F, shiny|100/100\n|-weather|Snowscape|[from] ability: Snow Warning|[of] p1b: stzcy\n|detailschange|p2b: Charizard|Charizard-Mega-Y, L50, F\n|-mega|p2b: Charizard|Charizard|Charizardite Y\n|-weather|SunnyDay|[from] ability: Drought|[of] p2b: Charizard\n|move|p1a: Chad|Protect|p1a: Chad\n|-singleturn|p1a: Chad|Protect\n|move|p2b: Charizard|Protect|p2b: Charizard\n|-singleturn|p2b: Charizard|Protect\n|move|p2a: Torkoal|Eruption|p1b: stzcy|[spread] p1b\n|-activate|p1a: Chad|move: Protect\n|-supereffective|p1b: stzcy|1\n|-enditem|p1b: stzcy|Focus Sash\n|-damage|p1b: stzcy|1/100\n|\n|-weather|SunnyDay|[upkeep]\n|upkeep\n|turn|3\n|\n|t:|1776031574\n|move|p1a: Chad|Protect||[still]\n|-fail|p1a: Chad\n|move|p2a: Torkoal|Protect|p2a: Torkoal\n|-singleturn|p2a: Torkoal|Protect\n|move|p1b: stzcy|Icy Wind|p2b: Charizard|[spread] \n|-activate|p2a: Torkoal|move: Protect\n|-miss|p1b: stzcy|p2b: Charizard\n|move|p2b: Charizard|Heat Wave|p1b: stzcy|[spread] p1a,p1b\n|-resisted|p1a: Chad|2\n|-supereffective|p1b: stzcy|1\n|-damage|p1a: Chad|20/100\n|-damage|p1b: stzcy|0 fnt\n|faint|p1b: stzcy\n|\n|-weather|SunnyDay|[upkeep]\n|upkeep\n|\n|t:|1776031582\n|switch|p1b: subhuman|Sinistcha, L50|100/100\n|-heal|p1a: Chad|45/100|[from] ability: Hospitality|[of] p1b: subhuman\n|turn|4\n|\n|t:|1776031598\n|move|p1a: Chad|Rock Slide|p2a: Torkoal|[spread] p2a,p2b\n|-supereffective|p2a: Torkoal|1\n|-supereffective|p2b: Charizard|2\n|-damage|p2a: Torkoal|56/100\n|-damage|p2b: Charizard|0 fnt\n|faint|p2b: Charizard\n|move|p1b: subhuman|Life Dew||[still]|[spread] p1a,p1b\n|-heal|p1a: Chad|70/100\n|-fail|p1b: subhuman|heal\n|move|p2a: Torkoal|Eruption|p1b: subhuman|[spread] p1a,p1b\n|-resisted|p1a: Chad|2\n|-supereffective|p1b: subhuman|1\n|-damage|p1a: Chad|55/100\n|-damage|p1b: subhuman|0 fnt\n|faint|p1b: subhuman\n|\n|-weather|SunnyDay|[upkeep]\n|upkeep\n|\n|t:|1776031605\n|switch|p2b: Sinistcha|Sinistcha-Masterpiece, L50|100/100\n|switch|p1b: true eve|Froslass, L50, F|100/100\n|-heal|p2a: Torkoal|81/100|[from] ability: Hospitality|[of] p2b: Sinistcha\n|turn|5\n|\n|t:|1776031619\n|detailschange|p1b: true eve|Froslass-Mega, L50, F\n|-mega|p1b: true eve|Froslass|Froslassite\n|-weather|Snowscape|[from] ability: Snow Warning|[of] p1b: true eve\n|move|p1b: true eve|Blizzard|p2b: Sinistcha|[spread] p2a,p2b\n|-resisted|p2a: Torkoal|1\n|-supereffective|p2b: Sinistcha|1\n|-damage|p2a: Torkoal|58/100\n|-damage|p2b: Sinistcha|6/100\n|-enditem|p2b: Sinistcha|Sitrus Berry|[eat]\n|-heal|p2b: Sinistcha|31/100|[from] item: Sitrus Berry\n|move|p1a: Chad|Flare Blitz|p2b: Sinistcha\n|-supereffective|p2b: Sinistcha|1\n|-damage|p2b: Sinistcha|0 fnt\n|faint|p2b: Sinistcha\n|-damage|p1a: Chad|46/100|[from] Recoil\n|move|p2a: Torkoal|Heat Wave|p1b: true eve|[spread] p1a,p1b\n|-resisted|p1a: Chad|2\n|-supereffective|p1b: true eve|1\n|-damage|p1a: Chad|36/100\n|-damage|p1b: true eve|27/100\n|\n|-weather|Snowscape|[upkeep]\n|upkeep\n|turn|6\n|\n|t:|1776031630\n|move|p1b: true eve|Shadow Ball|p2a: Torkoal\n|-damage|p2a: Torkoal|2/100\n|move|p1a: Chad|Rock Slide|p2a: Torkoal\n|-supereffective|p2a: Torkoal|1\n|-damage|p2a: Torkoal|0 fnt\n|faint|p2a: Torkoal\n|\n|win|Morrocan AXL BLAZE\n|raw|Morrocan AXL BLAZE's rating: 1107 &rarr; <strong>1130</strong><br />(+23 for winning)\n|raw|trueartisinfinity's rating: 1076 &rarr; <strong>1057</strong><br />(-19 for losing)\n|l|\u2606trueartisinfinity\n|player|p2|\n",
  "uploadtime": 1776031630,
  "views": 12,
  "formatid": "gen9championsvgc2026regma",
  "rating": 1057,
  "private": 0,
  "password": null
}