{
  "id": "gen9championsvgc2026regma-2585004840",
  "format": "[Gen 9 Champions] VGC 2026 Reg M-A",
  "players": [
    "foxgirlmoony",
    "JacintoElGrande"
  ],
  "log": "|j|\u2606foxgirlmoony\n|j|\u2606JacintoElGrande\n|t:|1776302534\n|gametype|doubles\n|player|p1|foxgirlmoony|rocketgruntf|1240\n|player|p2|JacintoElGrande|cheryl|1231\n|gen|9\n|tier|[Gen 9 Champions] VGC 2026 Reg M-A\n|rated|\n|rule|Species Clause: Limit one of each Pok\u00e9mon\n|rule|Item Clause: Limit 1 of each item\n|clearpoke\n|poke|p1|Gengar, L50, M|\n|poke|p1|Passimian, L50, M|\n|poke|p1|Sinistcha, L50|\n|poke|p1|Floette-Eternal, L50, F|\n|poke|p1|Politoed, L50, M|\n|poke|p1|Basculegion-F, L50, F|\n|poke|p2|Politoed, L50, F|\n|poke|p2|Gengar, L50, M|\n|poke|p2|Kingambit, L50, F|\n|poke|p2|Farigiraf, L50, F|\n|poke|p2|Archaludon, L50, M|\n|poke|p2|Sinistcha, L50|\n|teampreview|4\n|inactive|Battle timer is ON: inactive players will automatically lose when time's up. (requested by foxgirlmoony)\nJacintoElGrande has agreed to open team sheets.\n|\n|t:|1776302559\n|teamsize|p1|4\n|teamsize|p2|4\n|start\n|switch|p1a: Passimian|Passimian, L50, M|100/100\n|switch|p1b: Floette|Floette-Eternal, L50, F|100/100\n|switch|p2a: Farigiraf|Farigiraf, L50, F|100/100\n|switch|p2b: Politoed|Politoed, L50, F|100/100\n|-weather|RainDance|[from] ability: Drizzle|[of] p2b: Politoed\n|turn|1\n|inactive|foxgirlmoony has 30 seconds left.\n|inactive|JacintoElGrande has 30 seconds left.\n|inactive|JacintoElGrande has 20 seconds left.\n|inactive|foxgirlmoony has 20 seconds left.\n|inactive|JacintoElGrande has 15 seconds left.\n|inactive|foxgirlmoony has 15 seconds left.\n|\n|t:|1776302606\n|detailschange|p1b: Floette|Floette-Mega, L50, F\n|-mega|p1b: Floette|Floette|Floettite\n|-ability|p1b: Floette|Fairy Aura\n|move|p1b: Floette|Calm Mind|p1b: Floette\n|-boost|p1b: Floette|spa|1\n|-boost|p1b: Floette|spd|1\n|move|p1a: Passimian|Close Combat|p2b: Politoed\n|-damage|p2b: Politoed|48/100\n|-unboost|p1a: Passimian|def|1\n|-unboost|p1a: Passimian|spd|1\n|move|p2b: Politoed|Weather Ball|p1a: Passimian\n|-damage|p1a: Passimian|37/100\n|-enditem|p1a: Passimian|Sitrus Berry|[eat]\n|-heal|p1a: Passimian|61/100|[from] item: Sitrus Berry\n|move|p2a: Farigiraf|Trick Room|p2a: Farigiraf\n|-fieldstart|move: Trick Room|[of] p2a: Farigiraf\n|\n|-weather|RainDance|[upkeep]\n|upkeep\n|turn|2\n|\n|t:|1776302634\n|switch|p2b: Archaludon|Archaludon, L50, M|100/100\n|move|p1a: Passimian|Protect|p1a: Passimian\n|-singleturn|p1a: Passimian|Protect\n|move|p2a: Farigiraf|Psychic|p1a: Passimian\n|-activate|p1a: Passimian|move: Protect\n|move|p1b: Floette|Calm Mind|p1b: Floette\n|-boost|p1b: Floette|spa|1\n|-boost|p1b: Floette|spd|1\n|\n|-weather|RainDance|[upkeep]\n|upkeep\n|turn|3\n|\n|t:|1776302650\n|switch|p1a: Politoed|Politoed, L50, M|100/100\n|move|p2a: Farigiraf|Psychic|p1a: Politoed\n|-damage|p1a: Politoed|67/100\n|move|p2b: Archaludon|Flash Cannon|p1b: Floette\n|-supereffective|p1b: Floette|1\n|-damage|p1b: Floette|77/100\n|-unboost|p1b: Floette|spd|1\n|move|p1b: Floette|Calm Mind|p1b: Floette\n|-boost|p1b: Floette|spa|1\n|-boost|p1b: Floette|spd|1\n|\n|-weather|RainDance|[upkeep]\n|upkeep\n|turn|4\n|\n|t:|1776302665\n|move|p1a: Politoed|Protect|p1a: Politoed\n|-singleturn|p1a: Politoed|Protect\n|move|p2a: Farigiraf|Psychic|p1b: Floette\n|-damage|p1b: Floette|67/100\n|move|p2b: Archaludon|Electro Shot||[still]\n|-prepare|p2b: Archaludon|Electro Shot\n|-boost|p2b: Archaludon|spa|1\n|-anim|p2b: Archaludon|Electro Shot|p1a: Politoed\n|-activate|p1a: Politoed|move: Protect\n|move|p1b: Floette|Dazzling Gleam|p2a: Farigiraf|[spread] p2a,p2b\n|-crit|p2b: Archaludon\n|-damage|p2a: Farigiraf|10/100\n|-damage|p2b: Archaludon|0 fnt\n|faint|p2b: Archaludon\n|\n|-weather|RainDance|[upkeep]\n|upkeep\n|\n|t:|1776302670\n|switch|p2b: Gengar|Gengar, L50, M|100/100\n|turn|5\n|\n|t:|1776302685\n|switch|p1a: Sinistcha|Sinistcha, L50|100/100\n|-heal|p1b: Floette|92/100|[from] ability: Hospitality|[of] p1a: Sinistcha\n|detailschange|p2b: Gengar|Gengar-Mega, L50, M\n|-mega|p2b: Gengar|Gengar|Gengarite\n|move|p2a: Farigiraf|Psychic|p1b: Floette\n|-damage|p1b: Floette|83/100\n|move|p1b: Floette|Moonblast|p2b: Gengar\n|-resisted|p2b: Gengar|1\n|-damage|p2b: Gengar|0 fnt\n|faint|p2b: Gengar\n|\n|-weather|none\n|-fieldend|move: Trick Room\n|upkeep\n|-message|JacintoElGrande forfeited.\n|\n|win|foxgirlmoony\n|raw|foxgirlmoony's rating: 1240 &rarr; <strong>1264</strong><br />(+24 for winning)\n|raw|JacintoElGrande's rating: 1231 &rarr; <strong>1207</strong><br />(-24 for losing)\n|l|\u2606JacintoElGrande\n|player|p2|\n",
  "uploadtime": 1776302709,
  "views": 23,
  "formatid": "gen9championsvgc2026regma",
  "rating": 1207,
  "private": 0,
  "password": null
}