{
  "id": "gen9championsvgc2026regma-2584078332",
  "format": "[Gen 9 Champions] VGC 2026 Reg M-A",
  "players": [
    "frifoo",
    "iiSilverkx"
  ],
  "log": "|j|\u2606frifoo\n|j|\u2606iiSilverkx\n|t:|1776222912\n|gametype|doubles\n|player|p1|frifoo|dawn|1063\n|player|p2|iiSilverkx|miku-ground|1026\n|gen|9\n|tier|[Gen 9 Champions] VGC 2026 Reg M-A\n|rated|\n|rule|Species Clause: Limit one of each Pok\u00e9mon\n|rule|Item Clause: Limit 1 of each item\n|clearpoke\n|poke|p1|Delphox, L50, F|\n|poke|p1|Drampa, L50, F|\n|poke|p1|Sinistcha, L50|\n|poke|p1|Tauros-Paldea-Aqua, L50, M|\n|poke|p1|Aerodactyl, L50, F|\n|poke|p1|Kingambit, L50, F|\n|poke|p2|Hawlucha, L50, M|\n|poke|p2|Excadrill, L50, M|\n|poke|p2|Volcarona, L50, M|\n|poke|p2|Incineroar, L50, M|\n|poke|p2|Kingambit, L50, M|\n|poke|p2|Sinistcha, L50|\n|teampreview|4\n|inactive|Battle timer is ON: inactive players will automatically lose when time's up. (requested by iiSilverkx)\niiSilverkx rejected open team sheets.\n|inactive|frifoo has 60 seconds left.\n|inactive|iiSilverkx has 60 seconds left.\n|inactive|frifoo has 30 seconds left.\n|inactive|frifoo has 20 seconds left.\n|inactive|iiSilverkx has 30 seconds left.\n|inactive|frifoo has 15 seconds left.\n|inactive|frifoo has 10 seconds left.\n|inactive|iiSilverkx has 20 seconds left.\n|inactive|frifoo has 5 seconds left.\n|\n|t:|1776222999\n|teamsize|p1|4\n|teamsize|p2|4\n|start\n|switch|p1a: Tauros|Tauros-Paldea-Aqua, L50, M|100/100\n|switch|p1b: Drampa|Drampa, L50, F|100/100\n|switch|p2a: \u30b9\u30c8\u30ec\u30f3\u30b0\u30b9|Hawlucha, L50, M|100/100\n|switch|p2b: \u592a\u967d|Volcarona, L50, M|100/100\n|-ability|p1a: Tauros|Intimidate|boost\n|-unboost|p2a: \u30b9\u30c8\u30ec\u30f3\u30b0\u30b9|atk|1\n|-unboost|p2b: \u592a\u967d|atk|1\n|-ability|p1b: Drampa|Cloud Nine\n|turn|1\n|inactive|frifoo has 30 seconds left.\n|inactive|frifoo has 20 seconds left.\n|\n|t:|1776223035\n|move|p2a: \u30b9\u30c8\u30ec\u30f3\u30b0\u30b9|U-turn|p1b: Drampa\n|-crit|p1b: Drampa\n|-damage|p1b: Drampa|70/100\n|\n|t:|1776223039\n|switch|p2a: \u30b8\u30e3\u30c3\u30b8\u30e1\u30f3\u30c8|Incineroar, L50, M|100/100|[from] U-turn\n|-ability|p2a: \u30b8\u30e3\u30c3\u30b8\u30e1\u30f3\u30c8|Intimidate|boost\n|-unboost|p1a: Tauros|atk|1\n|-unboost|p1b: Drampa|atk|1\n|move|p1a: Tauros|Wave Crash|p2b: \u592a\u967d\n|-supereffective|p2b: \u592a\u967d|1\n|-damage|p2b: \u592a\u967d|13/100\n|-damage|p1a: Tauros|64/100|[from] Recoil\n|move|p2b: \u592a\u967d|Tailwind|p2b: \u592a\u967d\n|-sidestart|p2: iiSilverkx|move: Tailwind\n|move|p1b: Drampa|Thunderbolt|p2a: \u30b8\u30e3\u30c3\u30b8\u30e1\u30f3\u30c8\n|-damage|p2a: \u30b8\u30e3\u30c3\u30b8\u30e1\u30f3\u30c8|65/100\n|\n|-heal|p2b: \u592a\u967d|19/100|[from] item: Leftovers\n|upkeep\n|turn|2\n|inactive|frifoo has 30 seconds left.\n|\n|t:|1776223068\n|switch|p1b: Sinistcha|Sinistcha, L50|100/100\n|-heal|p1a: Tauros|89/100|[from] ability: Hospitality|[of] p1b: Sinistcha\n|move|p2b: \u592a\u967d|U-turn|p1a: Tauros\n|-resisted|p1a: Tauros|1\n|-damage|p1a: Tauros|83/100\n|inactive|iiSilverkx has 30 seconds left.\n|\n|t:|1776223097\n|switch|p2b: \u30a8\u30f3\u30da\u30e9\u30fc|Kingambit, L50, M|100/100|[from] U-turn\n|move|p2a: \u30b8\u30e3\u30c3\u30b8\u30e1\u30f3\u30c8|Parting Shot|p1b: Sinistcha\n|-unboost|p1b: Sinistcha|atk|1\n|-unboost|p1b: Sinistcha|spa|1\n|\n|t:|1776223102\n|switch|p2a: \u30b9\u30c8\u30ec\u30f3\u30b0\u30b9|Hawlucha, L50, M|100/100|[from] Parting Shot\n|move|p1a: Tauros|Earthquake|p2a: \u30b9\u30c8\u30ec\u30f3\u30b0\u30b9|[spread] p1b,p2b\n|-immune|p2a: \u30b9\u30c8\u30ec\u30f3\u30b0\u30b9\n|-resisted|p1b: Sinistcha|1\n|-supereffective|p2b: \u30a8\u30f3\u30da\u30e9\u30fc|1\n|-damage|p1b: Sinistcha|93/100\n|-damage|p2b: \u30a8\u30f3\u30da\u30e9\u30fc|68/100\n|\n|upkeep\n|turn|3\n|inactive|frifoo has 30 seconds left.\n|inactive|iiSilverkx has 30 seconds left.\n|inactive|frifoo has 20 seconds left.\n|\n|t:|1776223142\n|switch|p1b: Drampa|Drampa, L50, F|70/100\n|-ability|p1b: Drampa|Cloud Nine\n|detailschange|p2a: \u30b9\u30c8\u30ec\u30f3\u30b0\u30b9|Hawlucha-Mega, L50, M\n|-mega|p2a: \u30b9\u30c8\u30ec\u30f3\u30b0\u30b9|Hawlucha|Hawluchanite\n|move|p2b: \u30a8\u30f3\u30da\u30e9\u30fc|Protect|p2b: \u30a8\u30f3\u30da\u30e9\u30fc\n|-singleturn|p2b: \u30a8\u30f3\u30da\u30e9\u30fc|Protect\n|move|p2a: \u30b9\u30c8\u30ec\u30f3\u30b0\u30b9|Brave Bird|p1a: Tauros\n|-supereffective|p1a: Tauros|1\n|-damage|p1a: Tauros|0 fnt\n|faint|p1a: Tauros\n|-damage|p2a: \u30b9\u30c8\u30ec\u30f3\u30b0\u30b9|76/100|[from] Recoil\n|\n|upkeep\n|\n|t:|1776223157\n|switch|p1a: Delphox|Delphox, L50, F|100/100\n|turn|4\n|\n|t:|1776223173\n|detailschange|p1a: Delphox|Delphox-Mega, L50, F\n|-mega|p1a: Delphox|Delphox|Delphoxite\n|move|p2a: \u30b9\u30c8\u30ec\u30f3\u30b0\u30b9|Entrainment|p2b: \u30a8\u30f3\u30da\u30e9\u30fc\n|-end|p2b: \u30a8\u30f3\u30da\u30e9\u30fc|fallenundefined|[silent]\n|-ability|p2b: \u30a8\u30f3\u30da\u30e9\u30fc|No Guard|Supreme Overlord|[from] move: Entrainment|[of] p2a: \u30b9\u30c8\u30ec\u30f3\u30b0\u30b9\n|move|p2b: \u30a8\u30f3\u30da\u30e9\u30fc|Guillotine|p1a: Delphox\n|-damage|p1a: Delphox|0 fnt\n|faint|p1a: Delphox\n|-ohko\n|move|p1b: Drampa|Thunderbolt|p2a: \u30b9\u30c8\u30ec\u30f3\u30b0\u30b9\n|-supereffective|p2a: \u30b9\u30c8\u30ec\u30f3\u30b0\u30b9|1\n|-damage|p2a: \u30b9\u30c8\u30ec\u30f3\u30b0\u30b9|0 fnt\n|faint|p2a: \u30b9\u30c8\u30ec\u30f3\u30b0\u30b9\n|\n|-sideend|p2: iiSilverkx|move: Tailwind\n|upkeep\n|\n|t:|1776223196\n|switch|p2a: \u592a\u967d|Volcarona, L50, M|19/100\n|switch|p1a: Sinistcha|Sinistcha, L50|93/100\n|-heal|p1b: Drampa|95/100|[from] ability: Hospitality|[of] p1a: Sinistcha\n|turn|5\n|inactive|frifoo has 30 seconds left.\n|inactive|frifoo has 20 seconds left.\n|\n|t:|1776223233\n|move|p2a: \u592a\u967d|Rage Powder|p2a: \u592a\u967d\n|-singleturn|p2a: \u592a\u967d|move: Rage Powder\n|move|p2b: \u30a8\u30f3\u30da\u30e9\u30fc|Guillotine|p1b: Drampa\n|-damage|p1b: Drampa|0 fnt\n|faint|p1b: Drampa\n|-ohko\n|move|p1a: Sinistcha|Trick Room|p1a: Sinistcha\n|-fieldstart|move: Trick Room|[of] p1a: Sinistcha\n|\n|-heal|p2a: \u592a\u967d|25/100|[from] item: Leftovers\n|upkeep\n|turn|6\n|-message|frifoo forfeited.\n|\n|win|iiSilverkx\n|raw|frifoo's rating: 1063 &rarr; <strong>1041</strong><br />(-22 for losing)\n|raw|iiSilverkx's rating: 1026 &rarr; <strong>1066</strong><br />(+40 for winning)\n",
  "uploadtime": 1776223248,
  "views": 20,
  "formatid": "gen9championsvgc2026regma",
  "rating": 1041,
  "private": 0,
  "password": null
}