{
  "id": "gen9championsvgc2026regma-2580821469",
  "format": "[Gen 9 Champions] VGC 2026 Reg M-A",
  "players": [
    "the xpurt",
    "Lacertos"
  ],
  "log": "|j|\u2606the xpurt\n|j|\u203dLacertos\n|t:|1775935230\n|gametype|doubles\n|player|p1|the xpurt|harlequin|1072\n|player|p2|Lacertos|169|1043\n|gen|9\n|tier|[Gen 9 Champions] VGC 2026 Reg M-A\n|rated|\n|rule|Species Clause: Limit one of each Pok\u00e9mon\n|rule|Item Clause: Limit 1 of each item\n|clearpoke\n|poke|p1|Crabominable, L50, F|\n|poke|p1|Sinistcha, L50|\n|poke|p1|Ninetales-Alola, L50, F|\n|poke|p1|Hydrapple, L50, F|\n|poke|p1|Maushold-Four, L50|\n|poke|p1|Kingambit, L50, F|\n|poke|p2|Scovillain, L50, F|\n|poke|p2|Typhlosion-Hisui, L50, M|\n|poke|p2|Emolga, L50, M|\n|poke|p2|Milotic, L50, F|\n|poke|p2|Kingambit, L50, F|\n|poke|p2|Conkeldurr, L50, M|\n|teampreview|4\n|\n|t:|1775935265\n|teamsize|p1|4\n|teamsize|p2|4\n|start\n|switch|p1a: Crabominable|Crabominable, L50, F|100/100\n|switch|p1b: Sinistcha|Sinistcha, L50, shiny|100/100\n|switch|p2a: Scovillain|Scovillain, L50, F|100/100\n|switch|p2b: Conkeldurr|Conkeldurr, L50, M|100/100\n|turn|1\n|\n|t:|1775935293\n|detailschange|p2a: Scovillain|Scovillain-Mega, L50, F\n|-mega|p2a: Scovillain|Scovillain|Scovillainite\n|move|p1a: Crabominable|Protect|p1a: Crabominable\n|-singleturn|p1a: Crabominable|Protect\n|move|p2b: Conkeldurr|Mach Punch|p2a: Scovillain\n|-damage|p2a: Scovillain|74/100\n|-status|p2b: Conkeldurr|brn|[from] ability: Spicy Spray|[of] p2a: Scovillain\n|move|p2a: Scovillain|Flamethrower|p1b: Sinistcha\n|-supereffective|p1b: Sinistcha|1\n|-damage|p1b: Sinistcha|6/100\n|move|p1b: Sinistcha|Trick Room|p1b: Sinistcha\n|-fieldstart|move: Trick Room|[of] p1b: Sinistcha\n|\n|-heal|p1b: Sinistcha|12/100|[from] item: Leftovers\n|-damage|p2b: Conkeldurr|94/100 brn|[from] brn\n|upkeep\n|turn|2\n|\n|t:|1775935333\n|switch|p1b: Hydrapple|Hydrapple, L50, F, shiny|100/100\n|-ability|p1b: Hydrapple|Supersweet Syrup\n|-unboost|p2a: Scovillain|evasion|1\n|-unboost|p2b: Conkeldurr|evasion|1\n|detailschange|p1a: Crabominable|Crabominable-Mega, L50, F\n|-mega|p1a: Crabominable|Crabominable|Crabominite\n|move|p2a: Scovillain|Rage Powder|p2a: Scovillain\n|-singleturn|p2a: Scovillain|move: Rage Powder\n|move|p1a: Crabominable|Ice Hammer|p2a: Scovillain\n|-damage|p2a: Scovillain|0 fnt\n|-unboost|p1a: Crabominable|spe|1\n|-status|p1a: Crabominable|brn|[from] ability: Spicy Spray|[of] p2a: Scovillain\n|faint|p2a: Scovillain\n|move|p2b: Conkeldurr|Close Combat|p1a: Crabominable\n|-supereffective|p1a: Crabominable|1\n|-damage|p1a: Crabominable|0 fnt\n|-unboost|p2b: Conkeldurr|def|1\n|-unboost|p2b: Conkeldurr|spd|1\n|faint|p1a: Crabominable\n|\n|-damage|p2b: Conkeldurr|88/100 brn|[from] brn\n|upkeep\n|\n|t:|1775935368\n|switch|p1a: Kingambit|Kingambit, L50, F, shiny|100/100\n|switch|p2a: Typhlosion|Typhlosion-Hisui, L50, M|100/100\n|-item|p1a: Kingambit|Chople Berry|[from] ability: Frisk|[of] p2a: Typhlosion\n|-item|p1b: Hydrapple|Yache Berry|[from] ability: Frisk|[of] p2a: Typhlosion\n|turn|3\n|\n|t:|1775935389\n|switch|p2a: Kingambit|Kingambit, L50, F|100/100\n|-activate|p2a: Kingambit|ability: Supreme Overlord\n|-start|p2a: Kingambit|fallen1|[silent]\n|move|p2b: Conkeldurr|Mach Punch|p1a: Kingambit\n|-supereffective|p1a: Kingambit|2\n|-enditem|p1a: Kingambit|Chople Berry|[eat]\n|-enditem|p1a: Kingambit|Chople Berry|[weaken]\n|-damage|p1a: Kingambit|41/100\n|move|p1b: Hydrapple|Earth Power|p2a: Kingambit\n|-supereffective|p2a: Kingambit|1\n|-damage|p2a: Kingambit|36/100\n|move|p1a: Kingambit|Kowtow Cleave|p2a: Kingambit\n|-resisted|p2a: Kingambit|1\n|-damage|p2a: Kingambit|16/100\n|\n|-damage|p2b: Conkeldurr|82/100 brn|[from] brn\n|upkeep\n|turn|4\n|\n|t:|1775935422\n|move|p1a: Kingambit|Protect|p1a: Kingambit\n|-singleturn|p1a: Kingambit|Protect\n|move|p2a: Kingambit|Protect|p2a: Kingambit\n|-singleturn|p2a: Kingambit|Protect\n|move|p2b: Conkeldurr|Mach Punch|p1a: Kingambit\n|-activate|p1a: Kingambit|move: Protect\n|move|p1b: Hydrapple|Draco Meteor|p2b: Conkeldurr\n|-damage|p2b: Conkeldurr|0 fnt\n|-unboost|p1b: Hydrapple|spa|2\n|faint|p2b: Conkeldurr\n|\n|upkeep\n|\n|t:|1775935436\n|switch|p2b: Typhlosion|Typhlosion-Hisui, L50, M|100/100\n|-item|p1b: Hydrapple|Yache Berry|[from] ability: Frisk|[of] p2b: Typhlosion\n|turn|5\n|\n|t:|1775935449\n|switch|p1b: Sinistcha|Sinistcha, L50, shiny|12/100\n|-heal|p1a: Kingambit|65/100|[from] ability: Hospitality|[of] p1b: Sinistcha\n|move|p1a: Kingambit|Kowtow Cleave|p2b: Typhlosion\n|-supereffective|p2b: Typhlosion|1\n|-damage|p2b: Typhlosion|0 fnt\n|faint|p2b: Typhlosion\n|move|p2a: Kingambit|Kowtow Cleave|p1b: Sinistcha\n|-supereffective|p1b: Sinistcha|1\n|-damage|p1b: Sinistcha|0 fnt\n|faint|p1b: Sinistcha\n|\n|-fieldend|move: Trick Room\n|upkeep\n|\n|t:|1775935460\n|switch|p1b: Hydrapple|Hydrapple, L50, F, shiny|100/100\n|turn|6\n|\n|t:|1775935470\n|move|p2a: Kingambit|Sucker Punch|p1b: Hydrapple\n|-damage|p1b: Hydrapple|58/100\n|move|p1a: Kingambit|Iron Head|p2a: Kingambit\n|-resisted|p2a: Kingambit|1\n|-damage|p2a: Kingambit|0 fnt\n|faint|p2a: Kingambit\n|-end|p2a: Kingambit|fallen1|[silent]\n|\n|win|the xpurt\n|raw|the xpurt's rating: 1072 &rarr; <strong>1099</strong><br />(+27 for winning)\n|raw|Lacertos's rating: 1043 &rarr; <strong>1028</strong><br />(-15 for losing)\n|c|\u2606the xpurt|gg\n|l|\u203dLacertos\n|player|p2|\n",
  "uploadtime": 1775935499,
  "views": 27,
  "formatid": "gen9championsvgc2026regma",
  "rating": 1028,
  "private": 0,
  "password": null
}