{
  "id": "gen9championsvgc2026regma-2584406530",
  "format": "[Gen 9 Champions] VGC 2026 Reg M-A",
  "players": [
    "Kitsune.Post",
    "AFlippingFish"
  ],
  "log": "|j|\u2606Kitsune.Post\n|j|\u2606AFlippingFish\n|t:|1776258597\n|gametype|doubles\n|player|p1|Kitsune.Post|medium|1107\n|player|p2|AFlippingFish|101|1137\n|gen|9\n|tier|[Gen 9 Champions] VGC 2026 Reg M-A\n|rated|\n|rule|Species Clause: Limit one of each Pok\u00e9mon\n|rule|Item Clause: Limit 1 of each item\n|clearpoke\n|poke|p1|Dragonite, L50, F|\n|poke|p1|Garchomp, L50, F|\n|poke|p1|Maushold-Four, L50|\n|poke|p1|Kingambit, L50, F|\n|poke|p1|Greninja-*, L50, M|\n|poke|p1|Whimsicott, L50, M|\n|poke|p2|Starmie, L50|\n|poke|p2|Kingambit, L50, F|\n|poke|p2|Incineroar, L50, M|\n|poke|p2|Sylveon, L50, M|\n|poke|p2|Sneasler, L50, F|\n|poke|p2|Sinistcha, L50|\n|teampreview|4\n|inactive|Battle timer is ON: inactive players will automatically lose when time's up. (requested by Kitsune.Post)\n|\n|t:|1776258633\n|teamsize|p1|4\n|teamsize|p2|4\n|start\n|switch|p1a: Garchomp|Garchomp, L50, F|100/100\n|switch|p1b: Dragonite|Dragonite, L50, F|100/100\n|switch|p2a: Incineroar|Incineroar, L50, M|100/100\n|switch|p2b: Sneasler|Sneasler, L50, F|100/100\n|-ability|p2a: Incineroar|Intimidate|boost\n|-unboost|p1a: Garchomp|atk|1\n|-fail|p1b: Dragonite|unboost|Attack|[from] ability: Inner Focus|[of] p1b: Dragonite\n|turn|1\n|inactive|Kitsune.Post has 30 seconds left.\n|inactive|AFlippingFish has 30 seconds left.\n|\n|t:|1776258664\n|switch|p2b: Sylveon|Sylveon, L50, M|100/100\n|detailschange|p1b: Dragonite|Dragonite-Mega, L50, F\n|-mega|p1b: Dragonite|Dragonite|Dragoninite\n|move|p2a: Incineroar|Fake Out|p1a: Garchomp\n|-damage|p1a: Garchomp|87/100\n|-damage|p2a: Incineroar|88/100|[from] ability: Rough Skin|[of] p1a: Garchomp\n|move|p1b: Dragonite|Extreme Speed|p2b: Sylveon\n|-damage|p2b: Sylveon|81/100\n|cant|p1a: Garchomp|flinch\n|\n|upkeep\n|turn|2\n|\n|t:|1776258685\n|move|p1a: Garchomp|Earthquake|p2a: Incineroar|[spread] p2a,p2b\n|-immune|p1b: Dragonite\n|-supereffective|p2a: Incineroar|1\n|-crit|p2b: Sylveon\n|-damage|p2a: Incineroar|42/100\n|-damage|p2b: Sylveon|20/100\n|-enditem|p2a: Incineroar|Sitrus Berry|[eat]\n|-heal|p2a: Incineroar|67/100|[from] item: Sitrus Berry\n|move|p1b: Dragonite|Heat Wave|p2a: Incineroar|[spread] p2a,p2b\n|-resisted|p2a: Incineroar|1\n|-damage|p2a: Incineroar|55/100\n|-damage|p2b: Sylveon|0 fnt\n|faint|p2b: Sylveon\n|cant|p2a: Incineroar|flinch\n|\n|upkeep\n|\n|t:|1776258710\n|switch|p2b: Starmie|Starmie, L50|100/100\n|turn|3\n|\n|t:|1776258733\n|detailschange|p2b: Starmie|Starmie-Mega, L50\n|-mega|p2b: Starmie|Starmie|Starminite\n|move|p2b: Starmie|Zen Headbutt|p1b: Dragonite\n|-damage|p1b: Dragonite|71/100\n|move|p1a: Garchomp|Rock Slide|p2a: Incineroar|[spread] p2a,p2b\n|-supereffective|p2a: Incineroar|1\n|-damage|p2a: Incineroar|29/100\n|-damage|p2b: Starmie|84/100\n|move|p1b: Dragonite|Thunderbolt|p2b: Starmie\n|-supereffective|p2b: Starmie|1\n|-damage|p2b: Starmie|0 fnt\n|faint|p2b: Starmie\n|cant|p2a: Incineroar|flinch\n|\n|upkeep\n|\n|t:|1776258745\n|switch|p2b: Sneasler|Sneasler, L50, F|100/100\n|turn|4\n|\n|t:|1776258765\n|move|p2b: Sneasler|Fake Out|p1a: Garchomp\n|-damage|p1a: Garchomp|73/100\n|-damage|p2b: Sneasler|88/100|[from] ability: Rough Skin|[of] p1a: Garchomp\n|move|p1b: Dragonite|Extreme Speed|p2b: Sneasler\n|-damage|p2b: Sneasler|55/100\n|cant|p1a: Garchomp|flinch\n|move|p2a: Incineroar|Darkest Lariat|p1b: Dragonite\n|-damage|p1b: Dragonite|34/100\n|\n|upkeep\n|turn|5\n|\n|t:|1776258787\n|move|p1b: Dragonite|Extreme Speed|p2b: Sneasler\n|-damage|p2b: Sneasler|22/100\n|move|p2b: Sneasler|Rock Slide|p1a: Garchomp|[spread] p1a\n|-miss|p2b: Sneasler|p1b: Dragonite\n|-resisted|p1a: Garchomp|1\n|-damage|p1a: Garchomp|63/100\n|move|p1a: Garchomp|Rock Slide|p2b: Sneasler|[spread] p2a,p2b\n|-supereffective|p2a: Incineroar|1\n|-resisted|p2b: Sneasler|1\n|-damage|p2a: Incineroar|5/100\n|-damage|p2b: Sneasler|12/100\n|cant|p2a: Incineroar|flinch\n|\n|upkeep\n|turn|6\n|-message|AFlippingFish forfeited.\n|\n|win|Kitsune.Post\n|raw|Kitsune.Post's rating: 1107 &rarr; <strong>1134</strong><br />(+27 for winning)\n|raw|AFlippingFish's rating: 1137 &rarr; <strong>1110</strong><br />(-27 for losing)\n|l|\u2606AFlippingFish\n|player|p2|\n",
  "uploadtime": 1776258814,
  "views": 28,
  "formatid": "gen9championsvgc2026regma",
  "rating": 1110,
  "private": 0,
  "password": null
}