{
  "id": "gen9championsvgc2026regma-2583813805",
  "format": "[Gen 9 Champions] VGC 2026 Reg M-A",
  "players": [
    "Smami",
    "Mikemino321"
  ],
  "log": "|j|\u2606Smami\n|j|\u2606Mikemino321\n|t:|1776199724\n|gametype|doubles\n|player|p1|Smami|2|1079\n|player|p2|Mikemino321|cheren|1000\n|gen|9\n|tier|[Gen 9 Champions] VGC 2026 Reg M-A\n|rated|\n|rule|Species Clause: Limit one of each Pok\u00e9mon\n|rule|Item Clause: Limit 1 of each item\n|clearpoke\n|poke|p1|Meganium, L50, F|\n|poke|p1|Incineroar, L50, F|\n|poke|p1|Aerodactyl, L50, M|\n|poke|p1|Maushold, L50|\n|poke|p1|Milotic, L50, F|\n|poke|p1|Dragonite, L50, M|\n|poke|p2|Gallade, L50, M|\n|poke|p2|Sneasler, L50, F|\n|poke|p2|Incineroar, L50, F|\n|poke|p2|Sinistcha, L50|\n|poke|p2|Corviknight, L50, M|\n|poke|p2|Primarina, L50, M|\n|teampreview|4\n|inactive|Battle timer is ON: inactive players will automatically lose when time's up. (requested by Smami)\nSmami has agreed to open team sheets.\n|\n|t:|1776199768\n|teamsize|p1|4\n|teamsize|p2|4\n|start\n|switch|p1a: Milotic|Milotic, L50, F|100/100\n|switch|p1b: Aerodactyl|Aerodactyl, L50, M|100/100\n|switch|p2a: Corviknight|Corviknight, L50, M|100/100\n|switch|p2b: Sneasler|Sneasler, L50, F|100/100\n|-ability|p1b: Aerodactyl|Unnerve\n|turn|1\n|inactive|Smami has 30 seconds left.\n|\n|t:|1776199793\n|move|p2b: Sneasler|Fake Out|p1b: Aerodactyl\n|-resisted|p1b: Aerodactyl|1\n|-damage|p1b: Aerodactyl|88/100\n|cant|p1b: Aerodactyl|flinch\n|move|p1a: Milotic|Scald|p2b: Sneasler\n|-damage|p2b: Sneasler|47/100\n|move|p2a: Corviknight|Iron Defense|p2a: Corviknight\n|-boost|p2a: Corviknight|def|2\n|\n|upkeep\n|turn|2\n|\n|t:|1776199811\n|move|p2b: Sneasler|Protect|p2b: Sneasler\n|-singleturn|p2b: Sneasler|Protect\n|move|p1b: Aerodactyl|Tailwind|p1b: Aerodactyl\n|-sidestart|p1: Smami|move: Tailwind\n|move|p1a: Milotic|Scald|p2a: Corviknight\n|-damage|p2a: Corviknight|61/100\n|move|p2a: Corviknight|Iron Head|p1b: Aerodactyl\n|-supereffective|p1b: Aerodactyl|1\n|-damage|p1b: Aerodactyl|3/100\n|\n|-heal|p2a: Corviknight|67/100|[from] item: Leftovers\n|upkeep\n|turn|3\n|\n|t:|1776199828\n|switch|p2b: Primarina|Primarina, L50, M|100/100\n|move|p2a: Corviknight|Protect|p2a: Corviknight\n|-singleturn|p2a: Corviknight|Protect\n|move|p1b: Aerodactyl|Dual Wingbeat|p2b: Primarina\n|-damage|p2b: Primarina|78/100\n|-damage|p2b: Primarina|56/100\n|-hitcount|p2b: Primarina|2\n|move|p1a: Milotic|Scald|p2a: Corviknight\n|-activate|p2a: Corviknight|move: Protect\n|\n|-heal|p2a: Corviknight|73/100|[from] item: Leftovers\n|upkeep\n|turn|4\n|inactive|Smami has 30 seconds left.\n|\n|t:|1776199855\n|move|p1b: Aerodactyl|Rock Slide|p2a: Corviknight|[spread] p2a,p2b\n|-damage|p2a: Corviknight|65/100\n|-damage|p2b: Primarina|27/100\n|move|p1a: Milotic|Scald|p2a: Corviknight\n|-damage|p2a: Corviknight|27/100\n|move|p2a: Corviknight|Body Press|p1a: Milotic\n|-damage|p1a: Milotic|45/100\n|move|p2b: Primarina|Hyper Voice|p1a: Milotic|[spread] p1a,p1b\n|-resisted|p1a: Milotic|1\n|-supereffective|p1b: Aerodactyl|1\n|-damage|p1a: Milotic|28/100\n|-damage|p1b: Aerodactyl|0 fnt\n|faint|p1b: Aerodactyl\n|\n|-heal|p1a: Milotic|34/100|[from] item: Leftovers\n|-heal|p2a: Corviknight|33/100|[from] item: Leftovers\n|upkeep\n|\n|t:|1776199870\n|switch|p1b: Meganium|Meganium, L50, F|100/100\n|turn|5\n|\n|t:|1776199891\n|detailschange|p1b: Meganium|Meganium-Mega, L50, F\n|-mega|p1b: Meganium|Meganium|Meganiumite\n|move|p2a: Corviknight|Protect|p2a: Corviknight\n|-singleturn|p2a: Corviknight|Protect\n|move|p1b: Meganium|Solar Beam||[still]\n|-prepare|p1b: Meganium|Solar Beam\n|-activate|p1b: Meganium|ability: Mega Sol\n|-anim|p1b: Meganium|Solar Beam|p2b: Primarina\n|-supereffective|p2b: Primarina|1\n|-damage|p2b: Primarina|0 fnt\n|faint|p2b: Primarina\n|move|p1a: Milotic|Scald|p2a: Corviknight\n|-activate|p2a: Corviknight|move: Protect\n|\n|-heal|p1a: Milotic|40/100|[from] item: Leftovers\n|-heal|p2a: Corviknight|39/100|[from] item: Leftovers\n|-sideend|p1: Smami|move: Tailwind\n|upkeep\n|\n|t:|1776199910\n|switch|p2b: Sneasler|Sneasler, L50, F|47/100\n|turn|6\n|\n|t:|1776199923\n|move|p1b: Meganium|Protect|p1b: Meganium\n|-singleturn|p1b: Meganium|Protect\n|move|p2b: Sneasler|Fake Out|p1a: Milotic\n|-damage|p1a: Milotic|25/100\n|cant|p1a: Milotic|flinch\n|move|p2a: Corviknight|Body Press|p1a: Milotic\n|-damage|p1a: Milotic|0 fnt\n|faint|p1a: Milotic\n|\n|-heal|p2a: Corviknight|44/100|[from] item: Leftovers\n|upkeep\n|\n|t:|1776199934\n|switch|p1a: Maushold|Maushold, L50|100/100\n|turn|7\n|\n|t:|1776199950\n|move|p1a: Maushold|Follow Me|p1a: Maushold\n|-singleturn|p1a: Maushold|move: Follow Me\n|move|p2b: Sneasler|Dire Claw|p1a: Maushold\n|-damage|p1a: Maushold|38/100\n|-status|p1a: Maushold|psn\n|move|p1b: Meganium|Dazzling Gleam|p2b: Sneasler|[spread] p2a,p2b\n|-resisted|p2a: Corviknight|1\n|-crit|p2b: Sneasler\n|-damage|p2a: Corviknight|27/100\n|-damage|p2b: Sneasler|0 fnt\n|faint|p2b: Sneasler\n|move|p2a: Corviknight|Body Press|p1a: Maushold\n|-supereffective|p1a: Maushold|1\n|-damage|p1a: Maushold|0 fnt\n|faint|p1a: Maushold\n|\n|-heal|p2a: Corviknight|33/100|[from] item: Leftovers\n|upkeep\n|\n|t:|1776199963\n|switch|p2b: Gallade|Gallade, L50, M|100/100\n|turn|8\n|\n|t:|1776199972\n|detailschange|p2b: Gallade|Gallade-Mega, L50, M\n|-mega|p2b: Gallade|Gallade|Galladite\n|move|p1b: Meganium|Dazzling Gleam|p2a: Corviknight|[spread] p2a,p2b\n|-resisted|p2a: Corviknight|1\n|-supereffective|p2b: Gallade|1\n|-crit|p2b: Gallade\n|-damage|p2a: Corviknight|14/100\n|-damage|p2b: Gallade|0 fnt\n|faint|p2b: Gallade\n|move|p2a: Corviknight|Iron Head|p1b: Meganium\n|-supereffective|p1b: Meganium|1\n|-damage|p1b: Meganium|46/100\n|\n|-heal|p2a: Corviknight|20/100|[from] item: Leftovers\n|upkeep\n|turn|9\n|\n|t:|1776199986\n|move|p2a: Corviknight|Protect|p2a: Corviknight\n|-singleturn|p2a: Corviknight|Protect\n|move|p1b: Meganium|Weather Ball|p2a: Corviknight\n|-activate|p2a: Corviknight|move: Protect\n|\n|-heal|p2a: Corviknight|26/100|[from] item: Leftovers\n|upkeep\n|turn|10\n|\n|t:|1776199995\n|move|p1b: Meganium|Weather Ball|p2a: Corviknight\n|-supereffective|p2a: Corviknight|1\n|-damage|p2a: Corviknight|0 fnt\n|faint|p2a: Corviknight\n|\n|win|Smami\n|raw|Smami's rating: 1079 &rarr; <strong>1101</strong><br />(+22 for winning)\n|raw|Mikemino321's rating: 1000 &rarr; <strong>1000</strong><br />(+0 for losing)\n|l|\u2606Mikemino321\n|player|p2|\n",
  "uploadtime": 1776200005,
  "views": 32,
  "formatid": "gen9championsvgc2026regma",
  "rating": 1000,
  "private": 0,
  "password": null
}