{
  "id": "gen9championsvgc2026regma-2582743103",
  "format": "[Gen 9 Champions] VGC 2026 Reg M-A",
  "players": [
    "Ahelo",
    "BushGaming41"
  ],
  "log": "|j|\u2606Ahelo\n|j|\u2606BushGaming41\n|t:|1776111019\n|gametype|doubles\n|player|p1|Ahelo|red|1042\n|player|p2|BushGaming41|101|1000\n|gen|9\n|tier|[Gen 9 Champions] VGC 2026 Reg M-A\n|rated|\n|rule|Species Clause: Limit one of each Pok\u00e9mon\n|rule|Item Clause: Limit 1 of each item\n|clearpoke\n|poke|p1|Dragonite, L50, M|\n|poke|p1|Politoed, L50, M|\n|poke|p1|Basculegion, L50, M|\n|poke|p1|Rotom-Mow, L50|\n|poke|p1|Aegislash, L50, M|\n|poke|p1|Incineroar, L50, M|\n|poke|p2|Aerodactyl, L50, F|\n|poke|p2|Empoleon, L50, M|\n|poke|p2|Torterra, L50, M|\n|poke|p2|Infernape, L50, M|\n|poke|p2|Steelix, L50, M|\n|poke|p2|Raichu-Alola, L50, M|\n|teampreview|4\n|\n|t:|1776111055\n|teamsize|p1|4\n|teamsize|p2|4\n|start\n|switch|p1a: Politoed|Politoed, L50, M|100/100\n|switch|p1b: Incineroar|Incineroar, L50, M|100/100\n|switch|p2a: Aerodactyl|Aerodactyl, L50, F|100/100\n|switch|p2b: Torterra|Torterra, L50, M|100/100\n|-weather|RainDance|[from] ability: Drizzle|[of] p1a: Politoed\n|-ability|p1b: Incineroar|Intimidate|boost\n|-unboost|p2a: Aerodactyl|atk|1\n|-unboost|p2b: Torterra|atk|1\n|turn|1\n|\n|t:|1776111077\n|detailschange|p2a: Aerodactyl|Aerodactyl-Mega, L50, F\n|-mega|p2a: Aerodactyl|Aerodactyl|Aerodactylite\n|move|p1b: Incineroar|Fake Out|p2a: Aerodactyl\n|-resisted|p2a: Aerodactyl|1\n|-damage|p2a: Aerodactyl|93/100\n|cant|p2a: Aerodactyl|flinch\n|move|p1a: Politoed|Weather Ball|p2a: Aerodactyl\n|-supereffective|p2a: Aerodactyl|1\n|-damage|p2a: Aerodactyl|0 fnt\n|faint|p2a: Aerodactyl\n|move|p2b: Torterra|Leech Seed|p1a: Politoed\n|-start|p1a: Politoed|move: Leech Seed\n|\n|-weather|RainDance|[upkeep]\n|-damage|p1a: Politoed|88/100|[from] Leech Seed|[of] p2b: Torterra\n|upkeep\n|\n|t:|1776111091\n|switch|p2a: Raichu|Raichu-Alola, L50, M|100/100\n|turn|2\n|\n|t:|1776111106\n|move|p1a: Politoed|Protect|p1a: Politoed\n|-singleturn|p1a: Politoed|Protect\n|move|p2a: Raichu|Encore|p1b: Incineroar\n|-start|p1b: Incineroar|Encore\n|move|p1b: Incineroar|Fake Out||[still]\n|-hint|Fake Out only works on your first turn out.\n|-fail|p1b: Incineroar\n|move|p2b: Torterra|Leech Seed|p1b: Incineroar\n|-start|p1b: Incineroar|move: Leech Seed\n|\n|-weather|RainDance|[upkeep]\n|-damage|p1a: Politoed|76/100|[from] Leech Seed|[of] p2b: Torterra\n|-damage|p1b: Incineroar|88/100|[from] Leech Seed|[of] p2b: Torterra\n|upkeep\n|turn|3\n|\n|t:|1776111138\n|switch|p1b: Dragonite|Dragonite, L50, M|100/100\n|move|p2a: Raichu|Nuzzle|p1b: Dragonite\n|-damage|p1b: Dragonite|97/100\n|-status|p1b: Dragonite|par\n|move|p1a: Politoed|Weather Ball|p2b: Torterra\n|-damage|p2b: Torterra|54/100\n|move|p2b: Torterra|Seed Bomb|p1a: Politoed\n|-supereffective|p1a: Politoed|1\n|-enditem|p1a: Politoed|Rindo Berry|[eat]\n|-enditem|p1a: Politoed|Rindo Berry|[weaken]\n|-damage|p1a: Politoed|60/100\n|\n|-weather|RainDance|[upkeep]\n|-heal|p2b: Torterra|60/100|[from] item: Leftovers\n|-damage|p1a: Politoed|48/100|[from] Leech Seed|[of] p2b: Torterra\n|-heal|p2b: Torterra|72/100|[silent]\n|upkeep\n|turn|4\n|\n|t:|1776111161\n|switch|p2b: Steelix|Steelix, L50, M|100/100\n|detailschange|p1b: Dragonite|Dragonite-Mega, L50, M\n|-mega|p1b: Dragonite|Dragonite|Dragoninite\n|move|p1a: Politoed|Helping Hand|p1b: Dragonite\n|-singleturn|p1b: Dragonite|Helping Hand|[of] p1a: Politoed\n|move|p2a: Raichu|Nuzzle|p1a: Politoed\n|-supereffective|p1a: Politoed|1\n|-damage|p1a: Politoed|38/100\n|-status|p1a: Politoed|par\n|move|p1b: Dragonite|Draco Meteor|p2a: Raichu\n|-enditem|p2a: Raichu|Focus Sash\n|-damage|p2a: Raichu|1/100\n|-unboost|p1b: Dragonite|spa|2\n|\n|-weather|RainDance|[upkeep]\n|-damage|p1a: Politoed|26/100 par|[from] Leech Seed|[of] p2b: Steelix\n|upkeep\n|turn|5\n|\n|t:|1776111185\n|switch|p1a: Incineroar|Incineroar, L50, M|88/100\n|-ability|p1a: Incineroar|Intimidate|boost\n|-unboost|p2a: Raichu|atk|1\n|-unboost|p2b: Steelix|atk|1\n|move|p1b: Dragonite|Protect|p1b: Dragonite\n|-singleturn|p1b: Dragonite|Protect\n|move|p2a: Raichu|Psychic|p1a: Incineroar\n|-immune|p1a: Incineroar\n|move|p2b: Steelix|Curse|p2b: Steelix\n|-unboost|p2b: Steelix|spe|1\n|-boost|p2b: Steelix|atk|1\n|-boost|p2b: Steelix|def|1\n|\n|-weather|none\n|upkeep\n|turn|6\n|\n|t:|1776111205\n|move|p1a: Incineroar|Fake Out|p2a: Raichu\n|-damage|p2a: Raichu|0 fnt\n|faint|p2a: Raichu\n|cant|p1b: Dragonite|par\n|move|p2b: Steelix|High Horsepower|p1a: Incineroar\n|-supereffective|p1a: Incineroar|1\n|-damage|p1a: Incineroar|35/100\n|-enditem|p1a: Incineroar|Sitrus Berry|[eat]\n|-heal|p1a: Incineroar|59/100|[from] item: Sitrus Berry\n|\n|upkeep\n|\n|t:|1776111214\n|switch|p2a: Torterra|Torterra, L50, M|72/100\n|turn|7\n|-message|BushGaming41 forfeited.\n|\n|win|Ahelo\n|raw|Ahelo's rating: 1042 &rarr; <strong>1072</strong><br />(+30 for winning)\n|raw|BushGaming41's rating: 1000 &rarr; <strong>1000</strong><br />(+0 for losing)\n|l|\u2606BushGaming41\n|player|p2|\n",
  "uploadtime": 1776111223,
  "views": 16,
  "formatid": "gen9championsvgc2026regma",
  "rating": 1000,
  "private": 0,
  "password": null
}