{
  "id": "gen9championsvgc2026regma-2587255131",
  "format": "[Gen 9 Champions] VGC 2026 Reg M-A",
  "players": [
    "dohawyth",
    "Reoryz"
  ],
  "log": "|j|\u2606dohawyth\n|j|\u2606Reoryz\n|t:|1776514986\n|gametype|doubles\n|player|p1|dohawyth|169|1153\n|player|p2|Reoryz|pokekid|1141\n|gen|9\n|tier|[Gen 9 Champions] VGC 2026 Reg M-A\n|rated|\n|rule|Species Clause: Limit one of each Pok\u00e9mon\n|rule|Item Clause: Limit 1 of each item\n|clearpoke\n|poke|p1|Incineroar, L50, M|\n|poke|p1|Crabominable, L50, M|\n|poke|p1|Aggron, L50, F|\n|poke|p1|Kingambit, L50, F|\n|poke|p1|Slowking-Galar, L50, M|\n|poke|p1|Sinistcha, L50|\n|poke|p2|Sneasler, L50, M|\n|poke|p2|Charizard, L50, M|\n|poke|p2|Incineroar, L50, M|\n|poke|p2|Sinistcha, L50|\n|poke|p2|Milotic, L50, F|\n|poke|p2|Sylveon, L50, M|\n|teampreview|4\n|inactive|Battle timer is ON: inactive players will automatically lose when time's up. (requested by Reoryz)\n|\n|t:|1776515043\n|teamsize|p1|4\n|teamsize|p2|4\n|start\n|switch|p1a: Sinistcha|Sinistcha, L50|100/100\n|switch|p1b: Crabominable|Crabominable, L50, M|100/100\n|switch|p2a: Charizard|Charizard, L50, M|100/100\n|switch|p2b: Sinistcha|Sinistcha, L50|100/100\n|turn|1\n|\n|t:|1776515054\n|detailschange|p2a: Charizard|Charizard-Mega-X, L50, M\n|-mega|p2a: Charizard|Charizard|Charizardite X\n|move|p1b: Crabominable|Protect|p1b: Crabominable\n|-singleturn|p1b: Crabominable|Protect\n|move|p2a: Charizard|Flare Blitz|p1b: Crabominable\n|-activate|p1b: Crabominable|move: Protect\n|move|p2b: Sinistcha|Trick Room|p2b: Sinistcha\n|-fieldstart|move: Trick Room|[of] p2b: Sinistcha\n|move|p1a: Sinistcha|Trick Room|p1a: Sinistcha\n|-fieldend|move: Trick Room\n|\n|upkeep\n|turn|2\n|inactive|dohawyth has 30 seconds left.\n|inactive|Reoryz has 30 seconds left.\n|inactive|dohawyth has 20 seconds left.\n|inactive|dohawyth has 15 seconds left.\n|\n|t:|1776515094\n|switch|p1b: Slowking|Slowking-Galar, L50, M|100/100\n|move|p2a: Charizard|Flare Blitz|p1a: Sinistcha\n|-supereffective|p1a: Sinistcha|1\n|-enditem|p1a: Sinistcha|Occa Berry|[eat]\n|-enditem|p1a: Sinistcha|Occa Berry|[weaken]\n|-damage|p1a: Sinistcha|53/100\n|-damage|p2a: Charizard|85/100|[from] Recoil\n|move|p2b: Sinistcha|Life Dew||[still]|[spread] p2a,p2b\n|-heal|p2a: Charizard|100/100\n|-fail|p2b: Sinistcha|heal\n|move|p1a: Sinistcha|Shadow Ball|p2b: Sinistcha\n|-supereffective|p2b: Sinistcha|1\n|-damage|p2b: Sinistcha|18/100\n|\n|upkeep\n|turn|3\n|\n|t:|1776515113\n|switch|p2b: Sylveon|Sylveon, L50, M|100/100\n|move|p2a: Charizard|Flare Blitz|p1a: Sinistcha\n|-supereffective|p1a: Sinistcha|1\n|-damage|p1a: Sinistcha|0 fnt\n|faint|p1a: Sinistcha\n|-damage|p2a: Charizard|84/100|[from] Recoil\n|move|p1b: Slowking|Trick Room|p1b: Slowking\n|-fieldstart|move: Trick Room|[of] p1b: Slowking\n|\n|upkeep\n|\n|t:|1776515121\n|switch|p1a: Kingambit|Kingambit, L50, F|100/100\n|turn|4\n|\n|t:|1776515142\n|move|p2a: Charizard|Protect|p2a: Charizard\n|-singleturn|p2a: Charizard|Protect\n|move|p1b: Slowking|Sludge Bomb|p2a: Charizard\n|-activate|p2a: Charizard|move: Protect\n|move|p1a: Kingambit|Kowtow Cleave|p2a: Charizard\n|-activate|p2a: Charizard|move: Protect\n|move|p2b: Sylveon|Hyper Voice|p1b: Slowking|[spread] p1a,p1b\n|-resisted|p1b: Slowking|1\n|-damage|p1a: Kingambit|55/100\n|-damage|p1b: Slowking|85/100\n|\n|upkeep\n|turn|5\n|\n|t:|1776515157\n|switch|p2a: Sinistcha|Sinistcha, L50|18/100\n|move|p1b: Slowking|Sludge Bomb|p2b: Sylveon\n|-supereffective|p2b: Sylveon|1\n|-damage|p2b: Sylveon|53/100\n|move|p1a: Kingambit|Iron Head|p2b: Sylveon\n|-supereffective|p2b: Sylveon|1\n|-damage|p2b: Sylveon|0 fnt\n|faint|p2b: Sylveon\n|\n|upkeep\n|\n|t:|1776515168\n|switch|p2b: Sneasler|Sneasler, L50, M|100/100\n|turn|6\n|\n|t:|1776515175\n|move|p2b: Sneasler|Fake Out|p1a: Kingambit\n|-resisted|p1a: Kingambit|1\n|-damage|p1a: Kingambit|50/100\n|cant|p1a: Kingambit|flinch\n|move|p1b: Slowking|Sludge Bomb|p2a: Sinistcha\n|-damage|p2a: Sinistcha|0 fnt\n|faint|p2a: Sinistcha\n|\n|upkeep\n|\n|t:|1776515183\n|switch|p2a: Charizard|Charizard-Mega-X, L50, M|84/100\n|turn|7\n|\n|t:|1776515186\n|move|p2a: Charizard|Protect|p2a: Charizard\n|-singleturn|p2a: Charizard|Protect\n|move|p2b: Sneasler|Protect|p2b: Sneasler\n|-singleturn|p2b: Sneasler|Protect\n|move|p1b: Slowking|Psychic Noise|p2b: Sneasler\n|-activate|p2b: Sneasler|move: Protect\n|move|p1a: Kingambit|Kowtow Cleave|p2a: Charizard\n|-activate|p2a: Charizard|move: Protect\n|\n|-fieldend|move: Trick Room\n|upkeep\n|turn|8\n|\n|t:|1776515211\n|move|p1a: Kingambit|Sucker Punch|p2a: Charizard\n|-damage|p2a: Charizard|29/100\n|move|p2b: Sneasler|Dire Claw|p1b: Slowking\n|-resisted|p1b: Slowking|1\n|-damage|p1b: Slowking|68/100\n|-immune|p1b: Slowking\n|move|p2a: Charizard|Dragon Claw|p1b: Slowking\n|-damage|p1b: Slowking|18/100\n|move|p1b: Slowking|Psychic Noise|p2b: Sneasler\n|-supereffective|p2b: Sneasler|2\n|-enditem|p2b: Sneasler|Focus Sash\n|-damage|p2b: Sneasler|1/100\n|-start|p2b: Sneasler|move: Heal Block\n|\n|upkeep\n|turn|9\n|\n|t:|1776515229\n|move|p2a: Charizard|Protect|p2a: Charizard\n|-singleturn|p2a: Charizard|Protect\n|move|p1a: Kingambit|Sucker Punch||[still]\n|-fail|p1a: Kingambit\n|move|p2b: Sneasler|Close Combat|p1a: Kingambit\n|-supereffective|p1a: Kingambit|2\n|-damage|p1a: Kingambit|0 fnt\n|-unboost|p2b: Sneasler|def|1\n|-unboost|p2b: Sneasler|spd|1\n|faint|p1a: Kingambit\n|move|p1b: Slowking|Trick Room|p1b: Slowking\n|-fieldstart|move: Trick Room|[of] p1b: Slowking\n|\n|-end|p2b: Sneasler|move: Heal Block\n|upkeep\n|\n|t:|1776515234\n|switch|p1a: Crabominable|Crabominable, L50, M|100/100\n|turn|10\n|\n|t:|1776515249\n|move|p1a: Crabominable|Protect|p1a: Crabominable\n|-singleturn|p1a: Crabominable|Protect\n|move|p1b: Slowking|Sludge Bomb|p2a: Charizard\n|-damage|p2a: Charizard|0 fnt\n|faint|p2a: Charizard\n|move|p2b: Sneasler|Dire Claw|p1b: Slowking\n|-resisted|p1b: Slowking|1\n|-damage|p1b: Slowking|2/100\n|\n|upkeep\n|turn|11\n|-message|Reoryz forfeited.\n|\n|win|dohawyth\n|raw|dohawyth's rating: 1153 &rarr; <strong>1177</strong><br />(+24 for winning)\n|raw|Reoryz's rating: 1141 &rarr; <strong>1117</strong><br />(-24 for losing)\n|l|\u2606Reoryz\n|player|p2|\n",
  "uploadtime": 1776515268,
  "views": 17,
  "formatid": "gen9championsvgc2026regma",
  "rating": 1117,
  "private": 0,
  "password": null
}