{
  "id": "gen9championsvgc2026regma-2585183684",
  "format": "[Gen 9 Champions] VGC 2026 Reg M-A",
  "players": [
    "Endergeimer",
    "phase_shift"
  ],
  "log": "|j|\u2606Endergeimer\n|j|\u2606phase_shift\n|t:|1776322188\n|gametype|doubles\n|player|p1|Endergeimer|265|1000\n|player|p2|phase_shift|cheren|1075\n|gen|9\n|tier|[Gen 9 Champions] VGC 2026 Reg M-A\n|rated|\n|rule|Species Clause: Limit one of each Pok\u00e9mon\n|rule|Item Clause: Limit 1 of each item\n|clearpoke\n|poke|p1|Basculegion, L50, M|\n|poke|p1|Gengar, L50, F|\n|poke|p1|Runerigus, L50, F|\n|poke|p1|Chandelure, L50, F|\n|poke|p1|Trevenant, L50, F|\n|poke|p1|Zoroark-Hisui, L50, F|\n|poke|p2|Slowbro, L50, F|\n|poke|p2|Incineroar, L50, M|\n|poke|p2|Venusaur, L50, F|\n|poke|p2|Garganacl, L50, M|\n|poke|p2|Rotom-Fan, L50|\n|poke|p2|Snorlax, L50, M|\n|teampreview|4\n|c|\u2606Endergeimer|GL...\n|c|\u2606phase_shift|glhf\n|inactive|Battle timer is ON: inactive players will automatically lose when time's up. (requested by phase_shift)\n|\n|t:|1776322267\n|teamsize|p1|4\n|teamsize|p2|4\n|start\n|switch|p1a: Chandelure|Chandelure, L50, F|100/100\n|switch|p1b: Gengar|Gengar, L50, F|100/100\n|switch|p2a: Incineroar|Incineroar, L50, M|100/100\n|switch|p2b: Snorlax|Snorlax, L50, M|100/100\n|-ability|p2a: Incineroar|Intimidate|boost\n|-unboost|p1a: Chandelure|atk|1\n|-unboost|p1b: Gengar|atk|1\n|turn|1\n|inactive|phase_shift has 30 seconds left.\n|inactive|phase_shift has 20 seconds left.\n|\n|t:|1776322305\n|move|p1b: Gengar|Protect|p1b: Gengar\n|-singleturn|p1b: Gengar|Protect\n|move|p1a: Chandelure|Sludge Bomb|p2a: Incineroar\n|-damage|p2a: Incineroar|73/100\n|move|p2a: Incineroar|Parting Shot|p1b: Gengar\n|-activate|p1b: Gengar|move: Protect\n|move|p2b: Snorlax|Curse|p2b: Snorlax\n|-unboost|p2b: Snorlax|spe|1\n|-boost|p2b: Snorlax|atk|1\n|-boost|p2b: Snorlax|def|1\n|\n|upkeep\n|turn|2\n|\n|t:|1776322329\n|move|p1a: Chandelure|Sludge Bomb|p2b: Snorlax\n|-damage|p2b: Snorlax|81/100\n|-status|p2b: Snorlax|psn\n|move|p1b: Gengar|Clear Smog|p2b: Snorlax\n|-crit|p2b: Snorlax\n|-damage|p2b: Snorlax|57/100 psn\n|-clearboost|p2b: Snorlax\n|move|p2a: Incineroar|Parting Shot|p1b: Gengar\n|-unboost|p1b: Gengar|atk|1\n|-unboost|p1b: Gengar|spa|1\n|\n|t:|1776322345\n|switch|p2a: Venusaur|Venusaur, L50, F|100/100|[from] Parting Shot\n|move|p2b: Snorlax|Curse|p2b: Snorlax\n|-unboost|p2b: Snorlax|spe|1\n|-boost|p2b: Snorlax|atk|1\n|-boost|p2b: Snorlax|def|1\n|\n|-damage|p2b: Snorlax|44/100 psn|[from] psn\n|upkeep\n|-enditem|p2b: Snorlax|Sitrus Berry|[eat]\n|-heal|p2b: Snorlax|69/100 psn|[from] item: Sitrus Berry\n|turn|3\n|\n|t:|1776322368\n|detailschange|p2a: Venusaur|Venusaur-Mega, L50, F\n|-mega|p2a: Venusaur|Venusaur|Venusaurite\n|move|p1b: Gengar|Clear Smog|p2b: Snorlax\n|-damage|p2b: Snorlax|59/100 psn\n|-clearboost|p2b: Snorlax\n|move|p1a: Chandelure|Flamethrower|p2a: Venusaur\n|-supereffective|p2a: Venusaur|1\n|-damage|p2a: Venusaur|75/100\n|move|p2a: Venusaur|Sleep Powder|p1a: Chandelure\n|-status|p1a: Chandelure|slp|[from] move: Sleep Powder\n|move|p2b: Snorlax|Rest|p2b: Snorlax\n|-status|p2b: Snorlax|slp|[from] move: Rest\n|-heal|p2b: Snorlax|100/100 slp|[silent]\n|\n|upkeep\n|turn|4\n|inactive|Endergeimer has 30 seconds left.\n|inactive|Endergeimer has 20 seconds left.\n|\n|t:|1776322406\n|switch|p1a: Trevenant|Trevenant, L50, F|100/100\n|move|p1b: Gengar|Shadow Ball|p2a: Venusaur\n|-damage|p2a: Venusaur|52/100\n|-unboost|p2a: Venusaur|spd|1\n|move|p2a: Venusaur|Sludge Wave|p1b: Gengar|[spread] p2b,p1a,p1b\n|-resisted|p1b: Gengar|2\n|-damage|p2b: Snorlax|74/100 slp\n|-damage|p1a: Trevenant|61/100\n|-damage|p1b: Gengar|85/100\n|cant|p2b: Snorlax|slp\n|move|p2b: Snorlax|Sleep Talk|p2b: Snorlax\n|move|p2b: Snorlax|Body Slam|p1a: Trevenant|[from] move: Sleep Talk\n|-immune|p1a: Trevenant\n|\n|upkeep\n|turn|5\n|inactive|Endergeimer has 30 seconds left.\n|inactive|phase_shift has 30 seconds left.\n|\n|t:|1776322435\n|move|p1b: Gengar|Shadow Ball|p2a: Venusaur\n|-damage|p2a: Venusaur|20/100\n|-unboost|p2a: Venusaur|spd|1\n|move|p2a: Venusaur|Sludge Wave|p1b: Gengar|[spread] p2b,p1a,p1b\n|-crit|p2b: Snorlax\n|-resisted|p1b: Gengar|2\n|-damage|p2b: Snorlax|41/100 slp\n|-damage|p1a: Trevenant|17/100\n|-damage|p1b: Gengar|71/100\n|-enditem|p1a: Trevenant|Sitrus Berry|[eat]\n|-heal|p1a: Trevenant|41/100|[from] item: Sitrus Berry\n|move|p1a: Trevenant|Drain Punch|p2b: Snorlax\n|-supereffective|p2b: Snorlax|1\n|-damage|p2b: Snorlax|11/100 slp\n|-heal|p1a: Trevenant|66/100|[from] drain|[of] p2b: Snorlax\n|cant|p2b: Snorlax|slp\n|move|p2b: Snorlax|Sleep Talk|p2b: Snorlax\n|move|p2b: Snorlax|Body Slam|p1a: Trevenant|[from] move: Sleep Talk\n|-immune|p1a: Trevenant\n|\n|upkeep\n|turn|6\n|\n|t:|1776322459\n|move|p1b: Gengar|Shadow Ball|p2a: Venusaur\n|-damage|p2a: Venusaur|0 fnt\n|faint|p2a: Venusaur\n|move|p1a: Trevenant|Drain Punch|p2b: Snorlax\n|-supereffective|p2b: Snorlax|1\n|-damage|p2b: Snorlax|0 fnt\n|-heal|p1a: Trevenant|75/100|[from] drain|[of] p2b: Snorlax\n|faint|p2b: Snorlax\n|\n|upkeep\n|-message|phase_shift forfeited.\n|\n|win|Endergeimer\n|raw|Endergeimer's rating: 1000 &rarr; <strong>1049</strong><br />(+49 for winning)\n|raw|phase_shift's rating: 1075 &rarr; <strong>1049</strong><br />(-26 for losing)\n|l|\u2606phase_shift\n|player|p2|\n",
  "uploadtime": 1776322480,
  "views": 18,
  "formatid": "gen9championsvgc2026regma",
  "rating": 1049,
  "private": 0,
  "password": null
}