{
  "id": "gen9championsvgc2026regma-2583391870",
  "format": "[Gen 9 Champions] VGC 2026 Reg M-A",
  "players": [
    "Gengarhaterrr",
    "Bg07162"
  ],
  "log": "|j|\u2606Gengarhaterrr\n|j|\u2606Bg07162\n|t:|1776172469\n|gametype|doubles\n|player|p1|Gengarhaterrr|dragontamer|1000\n|player|p2|Bg07162|1|1040\n|gen|9\n|tier|[Gen 9 Champions] VGC 2026 Reg M-A\n|rated|\n|rule|Species Clause: Limit one of each Pok\u00e9mon\n|rule|Item Clause: Limit 1 of each item\n|clearpoke\n|poke|p1|Venusaur, L50, F|\n|poke|p1|Sinistcha-Masterpiece, L50|\n|poke|p1|Clefable, L50, M|\n|poke|p1|Incineroar, L50, F|\n|poke|p1|Charizard, L50, F|\n|poke|p1|Sneasler, L50, M|\n|poke|p2|Venusaur, L50, F|\n|poke|p2|Torkoal, L50, F|\n|poke|p2|Incineroar, L50, F|\n|poke|p2|Tauros-Paldea-Combat, L50, M|\n|poke|p2|Dragapult, L50, F|\n|poke|p2|Heliolisk, L50, M|\n|teampreview|4\n|inactive|Battle timer is ON: inactive players will automatically lose when time's up. (requested by Gengarhaterrr)\n|inactive|Bg07162 has 60 seconds left.\n|\n|t:|1776172524\n|teamsize|p1|4\n|teamsize|p2|4\n|start\n|switch|p1a: Venusaur|Venusaur, L50, F, shiny|100/100\n|switch|p1b: Incineroar|Incineroar, L50, F, shiny|100/100\n|switch|p2a: Tauros|Tauros-Paldea-Combat, L50, M|100/100\n|switch|p2b: Heliolisk|Heliolisk, L50, M|100/100\n|-ability|p2a: Tauros|Intimidate|boost\n|-unboost|p1a: Venusaur|atk|1\n|-unboost|p1b: Incineroar|atk|1\n|-ability|p1b: Incineroar|Intimidate|boost\n|-unboost|p2a: Tauros|atk|1\n|-unboost|p2b: Heliolisk|atk|1\n|-enditem|p2a: Tauros|White Herb\n|-clearnegativeboost|p2a: Tauros|[silent]\n|turn|1\n|\n|t:|1776172548\n|detailschange|p1a: Venusaur|Venusaur-Mega, L50, F, shiny\n|-mega|p1a: Venusaur|Venusaur|Venusaurite\n|move|p2a: Tauros|Protect|p2a: Tauros\n|-singleturn|p2a: Tauros|Protect\n|move|p1b: Incineroar|Fake Out|p2a: Tauros\n|-activate|p2a: Tauros|move: Protect\n|move|p2b: Heliolisk|Focus Blast|p1b: Incineroar\n|-supereffective|p1b: Incineroar|1\n|-enditem|p1b: Incineroar|Chople Berry|[eat]\n|-enditem|p1b: Incineroar|Chople Berry|[weaken]\n|-damage|p1b: Incineroar|73/100\n|move|p1a: Venusaur|Leech Seed|p2b: Heliolisk|[miss]\n|-miss|p1a: Venusaur|p2b: Heliolisk\n|\n|upkeep\n|turn|2\n|\n|t:|1776172569\n|switch|p1b: Clefable|Clefable, L50, M, shiny|100/100\n|move|p2b: Heliolisk|Focus Blast|p1b: Clefable|[miss]\n|-miss|p2b: Heliolisk|p1b: Clefable\n|move|p2a: Tauros|Zen Headbutt|p1a: Venusaur\n|-supereffective|p1a: Venusaur|1\n|-damage|p1a: Venusaur|64/100\n|cant|p1a: Venusaur|flinch\n|\n|upkeep\n|turn|3\n|\n|t:|1776172586\n|switch|p2b: Venusaur|Venusaur, L50, F|100/100\n|move|p1b: Clefable|Follow Me|p1b: Clefable\n|-singleturn|p1b: Clefable|move: Follow Me\n|move|p2a: Tauros|Zen Headbutt|p1b: Clefable\n|-damage|p1b: Clefable|75/100\n|move|p1a: Venusaur|Giga Drain|p2a: Tauros\n|-damage|p2a: Tauros|54/100\n|-heal|p1a: Venusaur|83/100|[from] drain|[of] p2a: Tauros\n|\n|-heal|p1b: Clefable|81/100|[from] item: Leftovers\n|upkeep\n|turn|4\n|\n|t:|1776172606\n|switch|p1b: Incineroar|Incineroar, L50, F, shiny|73/100\n|-ability|p1b: Incineroar|Intimidate|boost\n|-unboost|p2a: Tauros|atk|1\n|-unboost|p2b: Venusaur|atk|1\n|detailschange|p2b: Venusaur|Venusaur-Mega, L50, F\n|-mega|p2b: Venusaur|Venusaur|Venusaurite\n|move|p2a: Tauros|Zen Headbutt|p1a: Venusaur\n|-supereffective|p1a: Venusaur|1\n|-damage|p1a: Venusaur|61/100\n|move|p2b: Venusaur|Sludge Bomb|p1b: Incineroar\n|-damage|p1b: Incineroar|37/100\n|move|p1a: Venusaur|Leech Seed|p2a: Tauros\n|-start|p2a: Tauros|move: Leech Seed\n|\n|-damage|p2a: Tauros|42/100|[from] Leech Seed|[of] p1a: Venusaur\n|-heal|p1a: Venusaur|71/100|[silent]\n|upkeep\n|turn|5\n|inactive|Bg07162 has 30 seconds left.\n|\n|t:|1776172631\n|move|p2a: Tauros|Protect|p2a: Tauros\n|-singleturn|p2a: Tauros|Protect\n|move|p1b: Incineroar|Fake Out|p2b: Venusaur\n|-damage|p2b: Venusaur|91/100\n|cant|p2b: Venusaur|flinch\n|move|p1a: Venusaur|Sludge Bomb|p2b: Venusaur\n|-damage|p2b: Venusaur|53/100\n|\n|-damage|p2a: Tauros|30/100|[from] Leech Seed|[of] p1a: Venusaur\n|-heal|p1a: Venusaur|81/100|[silent]\n|upkeep\n|turn|6\n|\n|t:|1776172655\n|switch|p1b: Sneasler|Sneasler, L50, M, shiny|100/100\n|-ability|p1b: Sneasler|Pressure\n|move|p1a: Venusaur|Protect|p1a: Venusaur\n|-singleturn|p1a: Venusaur|Protect\n|move|p2a: Tauros|Close Combat|p1a: Venusaur\n|-activate|p1a: Venusaur|move: Protect\n|move|p2b: Venusaur|Earth Power|p1b: Sneasler\n|-supereffective|p1b: Sneasler|1\n|-damage|p1b: Sneasler|18/100\n|\n|-damage|p2a: Tauros|18/100|[from] Leech Seed|[of] p1a: Venusaur\n|-heal|p1a: Venusaur|90/100|[silent]\n|upkeep\n|turn|7\n|\n|t:|1776172678\n|move|p2a: Tauros|Protect|p2a: Tauros\n|-singleturn|p2a: Tauros|Protect\n|move|p1b: Sneasler|Fake Out|p2b: Venusaur\n|-crit|p2b: Venusaur\n|-damage|p2b: Venusaur|31/100\n|cant|p2b: Venusaur|flinch\n|move|p1a: Venusaur|Sludge Bomb|p2b: Venusaur\n|-damage|p2b: Venusaur|0 fnt\n|faint|p2b: Venusaur\n|\n|-damage|p2a: Tauros|6/100|[from] Leech Seed|[of] p1a: Venusaur\n|-heal|p1a: Venusaur|99/100|[silent]\n|upkeep\n|\n|t:|1776172694\n|switch|p2b: Heliolisk|Heliolisk, L50, M|100/100\n|turn|8\n|\n|t:|1776172707\n|move|p2b: Heliolisk|Thunderbolt|p1b: Sneasler\n|-damage|p1b: Sneasler|0 fnt\n|faint|p1b: Sneasler\n|move|p2a: Tauros|Rock Slide|p1a: Venusaur|[miss]\n|-miss|p2a: Tauros|p1a: Venusaur\n|move|p1a: Venusaur|Leech Seed|p2b: Heliolisk\n|-start|p2b: Heliolisk|move: Leech Seed\n|\n|-damage|p2b: Heliolisk|88/100|[from] Leech Seed|[of] p1a: Venusaur\n|-heal|p1a: Venusaur|100/100|[silent]\n|-damage|p2a: Tauros|0 fnt|[from] Leech Seed|[of] p1a: Venusaur\n|faint|p2a: Tauros\n|upkeep\n|\n|t:|1776172720\n|switch|p1b: Incineroar|Incineroar, L50, F, shiny|37/100\n|switch|p2a: Dragapult|Dragapult, L50, F|100/100\n|-ability|p1b: Incineroar|Intimidate|boost\n|-fail|p2a: Dragapult|unboost|[from] ability: Clear Body|[of] p2a: Dragapult\n|-unboost|p2b: Heliolisk|atk|1\n|turn|9\n|\n|t:|1776172741\n|move|p1b: Incineroar|Fake Out|p2b: Heliolisk\n|-damage|p2b: Heliolisk|65/100\n|cant|p2b: Heliolisk|flinch\n|move|p2a: Dragapult|Dragon Pulse|p1b: Incineroar\n|-damage|p1b: Incineroar|4/100\n|move|p1a: Venusaur|Leech Seed|p2a: Dragapult\n|-start|p2a: Dragapult|move: Leech Seed\n|\n|-damage|p2b: Heliolisk|52/100|[from] Leech Seed|[of] p1a: Venusaur\n|-damage|p2a: Dragapult|88/100|[from] Leech Seed|[of] p1a: Venusaur\n|upkeep\n|turn|10\n|\n|t:|1776172755\n|move|p2b: Heliolisk|Thunderbolt|p1b: Incineroar\n|-damage|p1b: Incineroar|0 fnt\n|faint|p1b: Incineroar\n|move|p2a: Dragapult|Dragon Pulse|p1a: Venusaur\n|-damage|p1a: Venusaur|73/100\n|move|p1a: Venusaur|Sludge Bomb|p2a: Dragapult\n|-resisted|p2a: Dragapult|1\n|-damage|p2a: Dragapult|62/100\n|-status|p2a: Dragapult|psn\n|\n|-damage|p2b: Heliolisk|40/100|[from] Leech Seed|[of] p1a: Venusaur\n|-heal|p1a: Venusaur|82/100|[silent]\n|-damage|p2a: Dragapult|50/100 psn|[from] Leech Seed|[of] p1a: Venusaur\n|-heal|p1a: Venusaur|93/100|[silent]\n|-damage|p2a: Dragapult|37/100 psn|[from] psn\n|upkeep\n|\n|t:|1776172769\n|switch|p1b: Clefable|Clefable, L50, M, shiny|81/100\n|turn|11\n|\n|t:|1776172777\n|move|p1a: Venusaur|Protect|p1a: Venusaur\n|-singleturn|p1a: Venusaur|Protect\n|move|p1b: Clefable|Protect|p1b: Clefable\n|-singleturn|p1b: Clefable|Protect\n|move|p2b: Heliolisk|Thunderbolt|p1b: Clefable\n|-activate|p1b: Clefable|move: Protect\n|move|p2a: Dragapult|Thunderbolt|p1b: Clefable\n|-activate|p1b: Clefable|move: Protect\n|\n|-heal|p1b: Clefable|87/100|[from] item: Leftovers\n|-damage|p2b: Heliolisk|28/100|[from] Leech Seed|[of] p1a: Venusaur\n|-heal|p1a: Venusaur|100/100|[silent]\n|-damage|p2a: Dragapult|25/100 psn|[from] Leech Seed|[of] p1a: Venusaur\n|-damage|p2a: Dragapult|13/100 psn|[from] psn\n|upkeep\n|turn|12\n|\n|t:|1776172798\n|move|p1b: Clefable|Follow Me|p1b: Clefable\n|-singleturn|p1b: Clefable|move: Follow Me\n|move|p2b: Heliolisk|Thunderbolt|p1b: Clefable\n|-damage|p1b: Clefable|58/100\n|move|p2a: Dragapult|Thunderbolt|p1b: Clefable\n|-damage|p1b: Clefable|39/100\n|move|p1a: Venusaur|Giga Drain|p2b: Heliolisk\n|-damage|p2b: Heliolisk|0 fnt\n|faint|p2b: Heliolisk\n|\n|-heal|p1b: Clefable|45/100|[from] item: Leftovers\n|-damage|p2a: Dragapult|0 fnt|[from] Leech Seed|[of] p1a: Venusaur\n|faint|p2a: Dragapult\n|\n|win|Gengarhaterrr\n|raw|Gengarhaterrr's rating: 1000 &rarr; <strong>1045</strong><br />(+45 for winning)\n|raw|Bg07162's rating: 1040 &rarr; <strong>1022</strong><br />(-18 for losing)\n|c|\u2606Gengarhaterrr|Ggs\n|l|\u2606Bg07162\n|player|p2|\n",
  "uploadtime": 1776172816,
  "views": 11,
  "formatid": "gen9championsvgc2026regma",
  "rating": 1022,
  "private": 0,
  "password": null
}