{
  "id": "gen9championsvgc2026regma-2580881581",
  "format": "[Gen 9 Champions] VGC 2026 Reg M-A",
  "players": [
    "P0keJr",
    "FreshSurfyOcean"
  ],
  "log": "|j|\u2606P0keJr\n|j|\u2606FreshSurfyOcean\n|t:|1775940170\n|gametype|doubles\n|player|p1|P0keJr|265|1088\n|player|p2|FreshSurfyOcean|170|1008\n|gen|9\n|tier|[Gen 9 Champions] VGC 2026 Reg M-A\n|rated|\n|rule|Species Clause: Limit one of each Pok\u00e9mon\n|rule|Item Clause: Limit 1 of each item\n|clearpoke\n|poke|p1|Arcanine, L50, F|\n|poke|p1|Rotom-Wash, L50|\n|poke|p1|Garchomp, L50, F|\n|poke|p1|Venusaur, L50, F|\n|poke|p1|Corviknight, L50, M|\n|poke|p1|Sneasler, L50, M|\n|poke|p2|Slowking-Galar, L50, F|\n|poke|p2|Hydrapple, L50, M|\n|poke|p2|Mr. Rime, L50, M|\n|poke|p2|Delphox, L50, F|\n|poke|p2|Aggron, L50, M|\n|poke|p2|Morpeko, L50, M|\n|teampreview|4\n|inactive|Battle timer is ON: inactive players will automatically lose when time's up. (requested by P0keJr)\n|\n|t:|1775940225\n|teamsize|p1|4\n|teamsize|p2|4\n|start\n|switch|p1a: Rotom|Rotom-Wash, L50|100/100\n|switch|p1b: Garchomp|Garchomp, L50, F|100/100\n|switch|p2a: Delphox|Delphox, L50, F|100/100\n|switch|p2b: Morpeko|Morpeko, L50, M|100/100\n|turn|1\n|inactive|FreshSurfyOcean has 30 seconds left.\n|\n|t:|1775940254\n|detailschange|p2a: Delphox|Delphox-Mega, L50, F\n|-mega|p2a: Delphox|Delphox|Delphoxite\n|move|p2b: Morpeko|Fake Out|p1a: Rotom\n|-damage|p1a: Rotom|85/100\n|cant|p1a: Rotom|flinch\n|move|p2a: Delphox|Dazzling Gleam|p1a: Rotom|[spread] p1a,p1b\n|-supereffective|p1b: Garchomp|1\n|-damage|p1a: Rotom|51/100\n|-damage|p1b: Garchomp|40/100\n|move|p1b: Garchomp|Earthquake|p2a: Delphox|[spread] p2b\n|-immune|p1a: Rotom|[from] ability: Levitate\n|-immune|p2a: Delphox|[from] ability: Levitate\n|-supereffective|p2b: Morpeko|1\n|-enditem|p2b: Morpeko|Focus Sash\n|-damage|p2b: Morpeko|1/100\n|\n|-formechange|p2b: Morpeko|Morpeko-Hangry|\n|upkeep\n|turn|2\n|\n|t:|1775940276\n|move|p1b: Garchomp|Protect|p1b: Garchomp\n|-singleturn|p1b: Garchomp|Protect\n|move|p1a: Rotom|Volt Switch|p2b: Morpeko\n|-resisted|p2b: Morpeko|1\n|-damage|p2b: Morpeko|0 fnt\n|faint|p2b: Morpeko\n|\n|t:|1775940287\n|switch|p1a: Sneasler|Sneasler, L50, M|100/100|[from] Volt Switch\n|move|p2a: Delphox|Dazzling Gleam|p1b: Garchomp|[spread] p1a\n|-activate|p1b: Garchomp|move: Protect\n|-damage|p1a: Sneasler|67/100\n|\n|upkeep\n|\n|t:|1775940294\n|switch|p2b: Mr. Rime|Mr. Rime, L50, M|100/100\n|turn|3\n|inactive|P0keJr has 30 seconds left.\n|inactive|P0keJr has 20 seconds left.\n|inactive|P0keJr has 15 seconds left.\n|inactive|P0keJr has 10 seconds left.\n|\n|t:|1775940344\n|move|p2a: Delphox|Protect|p2a: Delphox\n|-singleturn|p2a: Delphox|Protect\n|move|p1a: Sneasler|Fake Out|p2a: Delphox\n|-activate|p2a: Delphox|move: Protect\n|move|p1b: Garchomp|Stone Edge|p2b: Mr. Rime\n|-supereffective|p2b: Mr. Rime|1\n|-damage|p2b: Mr. Rime|22/100\n|move|p2b: Mr. Rime|Freeze-Dry|p1b: Garchomp\n|-supereffective|p1b: Garchomp|2\n|-damage|p1b: Garchomp|0 fnt\n|faint|p1b: Garchomp\n|\n|upkeep\n|\n|t:|1775940356\n|switch|p1b: Rotom|Rotom-Wash, L50|51/100\n|turn|4\n|inactive|FreshSurfyOcean has 30 seconds left.\n|\n|t:|1775940387\n|switch|p2a: Hydrapple|Hydrapple, L50, M|100/100\n|move|p1b: Rotom|Hydro Pump|p2a: Hydrapple\n|-resisted|p2a: Hydrapple|2\n|-damage|p2a: Hydrapple|88/100\n|move|p1a: Sneasler|Dire Claw|p2b: Mr. Rime\n|-damage|p2b: Mr. Rime|0 fnt\n|faint|p2b: Mr. Rime\n|\n|upkeep\n|\n|t:|1775940397\n|switch|p2b: Delphox|Delphox-Mega, L50, F|100/100\n|turn|5\n|\n|t:|1775940420\n|move|p1b: Rotom|Hydro Pump|p2b: Delphox\n|-supereffective|p2b: Delphox|1\n|-damage|p2b: Delphox|2/100\n|move|p1a: Sneasler|Dire Claw|p2a: Hydrapple\n|-supereffective|p2a: Hydrapple|1\n|-damage|p2a: Hydrapple|20/100\n|move|p2b: Delphox|Scorching Sands|p1a: Sneasler\n|-supereffective|p1a: Sneasler|1\n|-damage|p1a: Sneasler|0 fnt\n|faint|p1a: Sneasler\n|move|p2a: Hydrapple|Leaf Storm|p1b: Rotom|[miss]\n|-miss|p2a: Hydrapple|p1b: Rotom\n|\n|upkeep\n|\n|t:|1775940427\n|switch|p1a: Corviknight|Corviknight, L50, M|100/100\n|turn|6\n|\n|t:|1775940442\n|move|p2b: Delphox|Protect|p2b: Delphox\n|-singleturn|p2b: Delphox|Protect\n|move|p1b: Rotom|Hydro Pump|p2b: Delphox\n|-activate|p2b: Delphox|move: Protect\n|move|p1a: Corviknight|Brave Bird|p2a: Hydrapple\n|-supereffective|p2a: Hydrapple|1\n|-damage|p2a: Hydrapple|0 fnt\n|faint|p2a: Hydrapple\n|-damage|p1a: Corviknight|94/100|[from] Recoil\n|\n|-heal|p1a: Corviknight|99/100|[from] item: Leftovers\n|upkeep\n|turn|7\n|\n|t:|1775940462\n|move|p1b: Rotom|Hydro Pump|p2b: Delphox\n|-supereffective|p2b: Delphox|1\n|-damage|p2b: Delphox|0 fnt\n|faint|p2b: Delphox\n|\n|win|P0keJr\n|raw|P0keJr's rating: 1088 &rarr; <strong>1109</strong><br />(+21 for winning)\n|raw|FreshSurfyOcean's rating: 1008 &rarr; <strong>1000</strong><br />(-8 for losing)\n|l|\u2606FreshSurfyOcean\n|player|p2|\n|l|\u2606P0keJr\n|player|p1|\n|j|\u2606P0keJr\n|player|p1|P0keJr|265|\n",
  "uploadtime": 1775940631,
  "views": 28,
  "formatid": "gen9championsvgc2026regma",
  "rating": 1000,
  "private": 0,
  "password": null
}