{
  "id": "gen9championsvgc2026regma-2584878289",
  "format": "[Gen 9 Champions] VGC 2026 Reg M-A",
  "players": [
    "jack zelong",
    "Adapri29"
  ],
  "log": "|j|\u2606jack zelong\n|j|\u2606Adapri29\n|t:|1776290889\n|gametype|doubles\n|player|p1|jack zelong|chili|1220\n|player|p2|Adapri29|grimsley|1185\n|gen|9\n|tier|[Gen 9 Champions] VGC 2026 Reg M-A\n|rated|\n|rule|Species Clause: Limit one of each Pok\u00e9mon\n|rule|Item Clause: Limit 1 of each item\n|clearpoke\n|poke|p1|Crabominable, L50, F|\n|poke|p1|Aromatisse, L50, M|\n|poke|p1|Kingambit, L50, F|\n|poke|p1|Conkeldurr, L50, M|\n|poke|p1|Farigiraf, L50, F|\n|poke|p1|Aegislash, L50, F|\n|poke|p2|Froslass, L50, F|\n|poke|p2|Garchomp, L50, F|\n|poke|p2|Tinkaton, L50, F|\n|poke|p2|Sneasler, L50, F|\n|poke|p2|Rotom-Wash, L50|\n|poke|p2|Sinistcha, L50|\n|teampreview|4\n|\n|t:|1776290944\n|teamsize|p1|4\n|teamsize|p2|4\n|start\n|switch|p1a: Conkeldurr|Conkeldurr, L50, M|100/100\n|switch|p1b: Farigiraf|Farigiraf, L50, F|100/100\n|switch|p2a: Froslass|Froslass, L50, F|100/100\n|switch|p2b: Sneasler|Sneasler, L50, F|100/100\n|turn|1\n|\n|t:|1776290983\n|switch|p2a: Sinistcha|Sinistcha, L50|100/100\n|move|p2b: Sneasler|Dire Claw|p1b: Farigiraf\n|-damage|p1b: Farigiraf|63/100\n|-status|p1b: Farigiraf|psn\n|move|p1a: Conkeldurr|Knock Off|p2a: Sinistcha\n|-supereffective|p2a: Sinistcha|1\n|-damage|p2a: Sinistcha|32/100\n|-enditem|p2a: Sinistcha|Leftovers|[from] move: Knock Off|[of] p1a: Conkeldurr\n|move|p1b: Farigiraf|Trick Room|p1b: Farigiraf\n|-fieldstart|move: Trick Room|[of] p1b: Farigiraf\n|\n|-damage|p1b: Farigiraf|51/100 psn|[from] psn\n|upkeep\n|turn|2\n|\n|t:|1776291028\n|move|p2a: Sinistcha|Protect|p2a: Sinistcha\n|-singleturn|p2a: Sinistcha|Protect\n|move|p1a: Conkeldurr|Ice Punch|p2b: Sneasler\n|-damage|p2b: Sneasler|33/100\n|move|p1b: Farigiraf|Hyper Voice|p2b: Sneasler|[spread] p2b\n|-activate|p2a: Sinistcha|move: Protect\n|-damage|p2b: Sneasler|0 fnt\n|faint|p2b: Sneasler\n|\n|-damage|p1b: Farigiraf|38/100 psn|[from] psn\n|upkeep\n|\n|t:|1776291038\n|switch|p2b: Froslass|Froslass, L50, F|100/100\n|turn|3\n|\n|t:|1776291051\n|detailschange|p2b: Froslass|Froslass-Mega, L50, F\n|-mega|p2b: Froslass|Froslass|Froslassite\n|-weather|Snowscape|[from] ability: Snow Warning|[of] p2b: Froslass\n|move|p1b: Farigiraf|Helping Hand|p1a: Conkeldurr\n|-singleturn|p1a: Conkeldurr|Helping Hand|[of] p1b: Farigiraf\n|move|p2a: Sinistcha|Rage Powder|p2a: Sinistcha\n|-singleturn|p2a: Sinistcha|move: Rage Powder\n|move|p1a: Conkeldurr|Knock Off|p2a: Sinistcha\n|-supereffective|p2a: Sinistcha|1\n|-damage|p2a: Sinistcha|0 fnt\n|faint|p2a: Sinistcha\n|move|p2b: Froslass|Aurora Veil|p2b: Froslass\n|-sidestart|p2: Adapri29|move: Aurora Veil\n|\n|-weather|Snowscape|[upkeep]\n|-damage|p1b: Farigiraf|26/100 psn|[from] psn\n|upkeep\n|\n|t:|1776291062\n|switch|p2a: Tinkaton|Tinkaton, L50, F|100/100\n|turn|4\n|\n|t:|1776291095\n|switch|p1a: Aegislash|Aegislash, L50, F|100/100\n|move|p1b: Farigiraf|Protect|p1b: Farigiraf\n|-singleturn|p1b: Farigiraf|Protect\n|move|p2a: Tinkaton|Play Rough|p1a: Aegislash\n|-resisted|p1a: Aegislash|1\n|-damage|p1a: Aegislash|85/100\n|move|p2b: Froslass|Blizzard|p1b: Farigiraf|[spread] p1a\n|-activate|p1b: Farigiraf|move: Protect\n|-resisted|p1a: Aegislash|1\n|-damage|p1a: Aegislash|63/100\n|\n|-weather|Snowscape|[upkeep]\n|-damage|p1b: Farigiraf|14/100 psn|[from] psn\n|upkeep\n|turn|5\n|\n|t:|1776291123\n|move|p1b: Farigiraf|Helping Hand|p1a: Aegislash\n|-singleturn|p1a: Aegislash|Helping Hand|[of] p1b: Farigiraf\n|-formechange|p1a: Aegislash|Aegislash-Blade|\n|move|p1a: Aegislash|Flash Cannon|p2b: Froslass\n|-supereffective|p2b: Froslass|1\n|-damage|p2b: Froslass|0 fnt\n|faint|p2b: Froslass\n|move|p2a: Tinkaton|Gigaton Hammer|p1b: Farigiraf\n|-damage|p1b: Farigiraf|0 fnt\n|faint|p1b: Farigiraf\n|\n|-weather|Snowscape|[upkeep]\n|-fieldend|move: Trick Room\n|upkeep\n|\n|t:|1776291131\n|switch|p1b: Crabominable|Crabominable, L50, F|100/100\n|turn|6\n|\n|t:|1776291142\n|detailschange|p1b: Crabominable|Crabominable-Mega, L50, F\n|-mega|p1b: Crabominable|Crabominable|Crabominite\n|move|p2a: Tinkaton|Play Rough|p1b: Crabominable\n|-supereffective|p1b: Crabominable|1\n|-damage|p1b: Crabominable|64/100\n|move|p1a: Aegislash|Flash Cannon|p2a: Tinkaton\n|-damage|p2a: Tinkaton|64/100\n|move|p1b: Crabominable|Drain Punch|p2a: Tinkaton\n|-damage|p2a: Tinkaton|13/100\n|-heal|p1b: Crabominable|84/100|[from] drain|[of] p2a: Tinkaton\n|-enditem|p2a: Tinkaton|Sitrus Berry|[eat]\n|-heal|p2a: Tinkaton|38/100|[from] item: Sitrus Berry\n|\n|-weather|Snowscape|[upkeep]\n|upkeep\n|turn|7\n|-message|Adapri29 forfeited.\n|\n|win|jack zelong\n|raw|jack zelong's rating: 1220 &rarr; <strong>1242</strong><br />(+22 for winning)\n|raw|Adapri29's rating: 1185 &rarr; <strong>1163</strong><br />(-22 for losing)\n|l|\u2606Adapri29\n|player|p2|\n",
  "uploadtime": 1776291162,
  "views": 32,
  "formatid": "gen9championsvgc2026regma",
  "rating": 1163,
  "private": 0,
  "password": null
}