{
  "id": "gen9championsvgc2026regma-2588145982",
  "format": "[Gen 9 Champions] VGC 2026 Reg M-A",
  "players": [
    "magicalarcher57",
    "mynamegrassgreen"
  ],
  "log": "|j|\u2606magicalarcher57\n|j|\u2606mynamegrassgreen\n|html|<table width=\"100%\"><tr><td align=\"left\">magicalarcher57</td><td align=\"right\">mynamegrassgreen</tr><tr><td align=\"left\"><i class=\"fa fa-circle\"></i> <i class=\"fa fa-circle-o\"></i> </td><td align=\"right\"><i class=\"fa fa-circle-o\"></i> <i class=\"fa fa-circle\"></i> </tr></table>\n|uhtml|bestof|<h2><strong>Game 3</strong> of <a href=\"/game-bestof3-gen9championsvgc2026regma-2588140319\">a best-of-3</a></h2>\n|t:|1776608943\n|gametype|doubles\n|player|p1|magicalarcher57|valerie|\n|player|p2|mynamegrassgreen|n-masters|\n|gen|9\n|tier|[Gen 9 Champions] VGC 2026 Reg M-A\n|rated|Tournament battle\n|rule|Species Clause: Limit one of each Pok\u00e9mon\n|rule|Item Clause: Limit 1 of each item\n|raw|<div class=\"infobox\"><details class=\"readmore\" open><summary><strong>2 custom rules:</strong></summary> Force Open Team Sheets, Best of = 3</details></div>\n|clearpoke\n|poke|p1|Kangaskhan, L50, F, shiny|\n|poke|p1|Farigiraf, L50, F, shiny|\n|poke|p1|Talonflame, L50, F, shiny|\n|poke|p1|Floette-Eternal, L50, F|\n|poke|p1|Sneasler, L50, M, shiny|\n|poke|p1|Basculegion, L50, M|\n|poke|p2|Kommo-o, L50, M|\n|poke|p2|Gengar, L50, M|\n|poke|p2|Whimsicott, L50, F|\n|poke|p2|Sinistcha-Masterpiece, L50|\n|poke|p2|Incineroar, L50, F|\n|poke|p2|Kingambit, L50, M|\n|teampreview|4\n|showteam|p1|Kangaskhan||Kangaskhanite|Scrappy|FakeOut,HammerArm,DoubleEdge,Crunch|||F|||50|]Farigiraf||ColburBerry|ArmorTail|ShadowBall,HyperVoice,TrickRoom,Psychic|||F|||50|]Talonflame||SharpBeak|GaleWings|Tailwind,Taunt,Protect,BraveBird|||F|||50|]Floette-Eternal||Floettite|FlowerVeil|Moonblast,LightofRuin,DazzlingGleam,Protect|||F|||50|]Sneasler||FocusSash|Unburden|FakeOut,CloseCombat,DireClaw,Protect|||M|||50|]Basculegion||MysticWater|Adaptability|AquaJet,LastRespects,Protect,WaveCrash|||M|||50|\n|showteam|p2|Kommo-o||Leftovers|Overcoat|ClangorousSoul,ClangingScales,AuraSphere,Protect|||M|||50|]Gengar||Gengarite|CursedBody|ShadowBall,PerishSong,Substitute,Protect|||M|||50|]Whimsicott||FocusSash|Prankster|Moonblast,Encore,Tailwind,Protect|||F|||50|]Sinistcha-Masterpiece||SitrusBerry|Hospitality|MatchaGotcha,RagePowder,TrickRoom,StrengthSap||||||50|]Incineroar||ShucaBerry|Intimidate|FakeOut,FlareBlitz,Protect,PartingShot|||F|||50|]Kingambit||ChopleBerry|Defiant|SuckerPunch,IronHead,SwordsDance,Protect|||M|||50|\n|c|\u2606mynamegrassgreen|hmmmmmm\n|j| ZuriHan\n|j| poyolo33\n|j| reanschawrzer\n|j| zannara\n|\n|t:|1776609000\n|teamsize|p1|4\n|teamsize|p2|4\n|start\n|switch|p1a: Ryoiki Tenkai|Farigiraf, L50, F, shiny|100/100\n|switch|p1b: Kangaskhan|Kangaskhan, L50, F, shiny|100/100\n|switch|p2a: Stay with me... \ud83c\udfb5|Gengar, L50, M|100/100\n|switch|p2b: The King|Incineroar, L50, F|100/100\n|-ability|p2b: The King|Intimidate|boost\n|-unboost|p1a: Ryoiki Tenkai|atk|1\n|-fail|p1b: Kangaskhan|unboost|Attack|[from] ability: Scrappy|[of] p1b: Kangaskhan\n|turn|1\n|c|\u2606mynamegrassgreen|NOOOOO\n|\n|t:|1776609020\n|detailschange|p2a: Stay with me... \ud83c\udfb5|Gengar-Mega, L50, M\n|-mega|p2a: Stay with me... \ud83c\udfb5|Gengar|Gengarite\n|detailschange|p1b: Kangaskhan|Kangaskhan-Mega, L50, F, shiny\n|-mega|p1b: Kangaskhan|Kangaskhan|Kangaskhanite\n|move|p2a: Stay with me... \ud83c\udfb5|Protect|p2a: Stay with me... \ud83c\udfb5\n|-singleturn|p2a: Stay with me... \ud83c\udfb5|Protect\n|move|p1b: Kangaskhan|Double-Edge|p2b: The King\n|-damage|p2b: The King|37/100\n|-damage|p2b: The King|22/100\n|-hitcount|p2b: The King|2\n|-damage|p1b: Kangaskhan|76/100|[from] Recoil\n|move|p2b: The King|Parting Shot|p1b: Kangaskhan\n|-unboost|p1b: Kangaskhan|atk|1\n|-unboost|p1b: Kangaskhan|spa|1\n|j| Forever1507\n|\n|t:|1776609035\n|switch|p2b: Kingambit|Kingambit, L50, M|100/100|[from] Parting Shot\n|move|p1a: Ryoiki Tenkai|Psychic|p2a: Stay with me... \ud83c\udfb5\n|-activate|p2a: Stay with me... \ud83c\udfb5|move: Protect\n|\n|upkeep\n|turn|2\n|l| Forever1507\n|\n|t:|1776609053\n|switch|p2a: The King|Incineroar, L50, F|22/100\n|-ability|p2a: The King|Intimidate|boost\n|-unboost|p1a: Ryoiki Tenkai|atk|1\n|-unboost|p1b: Kangaskhan|atk|1\n|move|p1b: Kangaskhan|Hammer Arm|p2b: Kingambit\n|-supereffective|p2b: Kingambit|2\n|-enditem|p2b: Kingambit|Chople Berry|[eat]\n|-enditem|p2b: Kingambit|Chople Berry|[weaken]\n|-damage|p2b: Kingambit|72/100\n|-unboost|p1b: Kangaskhan|spe|1\n|-supereffective|p2b: Kingambit|2\n|-damage|p2b: Kingambit|60/100\n|-unboost|p1b: Kangaskhan|spe|1\n|-hitcount|p2b: Kingambit|2\n|move|p1a: Ryoiki Tenkai|Psychic|p2a: The King\n|-immune|p2a: The King\n|move|p2b: Kingambit|Swords Dance|p2b: Kingambit\n|-boost|p2b: Kingambit|atk|2\n|\n|upkeep\n|turn|3\n|c|\u2606magicalarcher57|all i need is chip\n|c|\u2606magicalarcher57|COME ON GAME\n|\n|t:|1776609072\n|move|p2a: The King|Parting Shot|p1a: Ryoiki Tenkai\n|-unboost|p1a: Ryoiki Tenkai|atk|1\n|-unboost|p1a: Ryoiki Tenkai|spa|1\n|c|\u2606magicalarcher57|DONT MISS ON ME NOW\n|\n|t:|1776609075\n|switch|p2a: beer|Sinistcha-Masterpiece, L50|100/100|[from] Parting Shot\n|-heal|p2b: Kingambit|85/100|[from] ability: Hospitality|[of] p2a: beer\n|move|p2b: Kingambit|Iron Head|p1b: Kangaskhan\n|-damage|p1b: Kangaskhan|3/100\n|move|p1b: Kangaskhan|Hammer Arm|p2b: Kingambit\n|-supereffective|p2b: Kingambit|2\n|-damage|p2b: Kingambit|25/100\n|-unboost|p1b: Kangaskhan|spe|1\n|-supereffective|p2b: Kingambit|2\n|-damage|p2b: Kingambit|11/100\n|-unboost|p1b: Kangaskhan|spe|1\n|-hitcount|p2b: Kingambit|2\n|move|p1a: Ryoiki Tenkai|Trick Room|p1a: Ryoiki Tenkai\n|-fieldstart|move: Trick Room|[of] p1a: Ryoiki Tenkai\n|\n|upkeep\n|turn|4\n|\n|t:|1776609087\n|move|p2b: Kingambit|Protect|p2b: Kingambit\n|-singleturn|p2b: Kingambit|Protect\n|move|p1b: Kangaskhan|Crunch|p2a: beer\n|-supereffective|p2a: beer|1\n|-damage|p2a: beer|74/100\n|-supereffective|p2a: beer|1\n|-damage|p2a: beer|68/100\n|-hitcount|p2a: beer|2\n|move|p1a: Ryoiki Tenkai|Hyper Voice|p2a: beer|[spread] \n|-activate|p2b: Kingambit|move: Protect\n|-immune|p2a: beer\n|move|p2a: beer|Matcha Gotcha|p1b: Kangaskhan|[spread] p1b\n|-miss|p2a: beer|p1a: Ryoiki Tenkai\n|-damage|p1b: Kangaskhan|0 fnt\n|-heal|p2a: beer|70/100|[from] drain|[of] p1b: Kangaskhan\n|faint|p1b: Kangaskhan\n|\n|upkeep\n|\n|t:|1776609092\n|switch|p1b: Athena|Talonflame, L50, F, shiny|100/100\n|turn|5\n|\n|t:|1776609107\n|switch|p2b: The King|Incineroar, L50, F|22/100\n|-ability|p2b: The King|Intimidate|boost\n|-unboost|p1a: Ryoiki Tenkai|atk|1\n|-unboost|p1b: Athena|atk|1\n|move|p1b: Athena|Brave Bird|p2b: The King\n|-damage|p2b: The King|0 fnt\n|faint|p2b: The King\n|-damage|p1b: Athena|91/100|[from] Recoil\n|move|p1a: Ryoiki Tenkai|Psychic|p2a: beer\n|-damage|p2a: beer|39/100\n|-unboost|p2a: beer|spd|1\n|-enditem|p2a: beer|Sitrus Berry|[eat]\n|-heal|p2a: beer|63/100|[from] item: Sitrus Berry\n|move|p2a: beer|Strength Sap|p1b: Athena\n|-unboost|p1b: Athena|atk|1\n|-heal|p2a: beer|100/100\n|\n|upkeep\n|\n|t:|1776609126\n|switch|p2b: Kingambit|Kingambit, L50, M|11/100\n|turn|6\n|\n|t:|1776609145\n|switch|p1a: Sneasler|Sneasler, L50, M, shiny|100/100\n|switch|p2a: Stay with me... \ud83c\udfb5|Gengar-Mega, L50, M|100/100\n|move|p2b: Kingambit|Protect|p2b: Kingambit\n|-singleturn|p2b: Kingambit|Protect\n|move|p1b: Athena|Brave Bird|p2a: Stay with me... \ud83c\udfb5\n|-damage|p2a: Stay with me... \ud83c\udfb5|64/100\n|-damage|p1b: Athena|78/100|[from] Recoil\n|\n|upkeep\n|turn|7\n|\n|t:|1776609162\n|switch|p2a: beer|Sinistcha-Masterpiece, L50|100/100\n|-heal|p2b: Kingambit|36/100|[from] ability: Hospitality|[of] p2a: beer\n|move|p1a: Sneasler|Fake Out|p2b: Kingambit\n|-resisted|p2b: Kingambit|1\n|-crit|p2b: Kingambit\n|-damage|p2b: Kingambit|27/100\n|cant|p2b: Kingambit|flinch\n|move|p1b: Athena|Taunt|p2a: beer\n|-start|p2a: beer|move: Taunt\n|\n|-fieldend|move: Trick Room\n|upkeep\n|turn|8\n|\n|t:|1776609198\n|switch|p2a: Stay with me... \ud83c\udfb5|Gengar-Mega, L50, M|64/100\n|move|p2b: Kingambit|Protect|p2b: Kingambit\n|-singleturn|p2b: Kingambit|Protect\n|move|p1b: Athena|Tailwind|p1b: Athena\n|-sidestart|p1: magicalarcher57|move: Tailwind\n|move|p1a: Sneasler|Close Combat|p2b: Kingambit\n|-activate|p2b: Kingambit|move: Protect\n|\n|upkeep\n|turn|9\n|\n|t:|1776609224\n|move|p2b: Kingambit|Sucker Punch|p1a: Sneasler\n|-resisted|p1a: Sneasler|1\n|-damage|p1a: Sneasler|65/100\n|move|p1b: Athena|Taunt|p2a: Stay with me... \ud83c\udfb5\n|-start|p2a: Stay with me... \ud83c\udfb5|move: Taunt\n|move|p1a: Sneasler|Close Combat|p2b: Kingambit\n|-supereffective|p2b: Kingambit|2\n|-damage|p2b: Kingambit|0 fnt\n|-unboost|p1a: Sneasler|def|1\n|-unboost|p1a: Sneasler|spd|1\n|faint|p2b: Kingambit\n|move|p2a: Stay with me... \ud83c\udfb5|Shadow Ball|p1a: Sneasler\n|-damage|p1a: Sneasler|0 fnt\n|faint|p1a: Sneasler\n|\n|upkeep\n|\n|t:|1776609239\n|switch|p1a: Ryoiki Tenkai|Farigiraf, L50, F, shiny|100/100\n|switch|p2b: beer|Sinistcha-Masterpiece, L50|100/100\n|-heal|p2a: Stay with me... \ud83c\udfb5|88/100|[from] ability: Hospitality|[of] p2b: beer\n|turn|10\n|\n|t:|1776609261\n|move|p1b: Athena|Brave Bird|p2b: beer\n|-supereffective|p2b: beer|1\n|-damage|p2b: beer|52/100\n|-damage|p1b: Athena|60/100|[from] Recoil\n|move|p2a: Stay with me... \ud83c\udfb5|Shadow Ball|p1b: Athena\n|-damage|p1b: Athena|0 fnt\n|faint|p1b: Athena\n|move|p1a: Ryoiki Tenkai|Shadow Ball|p2b: beer\n|-supereffective|p2b: beer|1\n|-damage|p2b: beer|0 fnt\n|faint|p2b: beer\n|\n|upkeep\n|turn|11\n|c|\u2606magicalarcher57|gg\n|\n|t:|1776609273\n|move|p2a: Stay with me... \ud83c\udfb5|Shadow Ball|p1a: Ryoiki Tenkai\n|-immune|p1a: Ryoiki Tenkai\n|move|p1a: Ryoiki Tenkai|Psychic|p2a: Stay with me... \ud83c\udfb5\n|-supereffective|p2a: Stay with me... \ud83c\udfb5|1\n|-crit|p2a: Stay with me... \ud83c\udfb5\n|-damage|p2a: Stay with me... \ud83c\udfb5|0 fnt\n|faint|p2a: Stay with me... \ud83c\udfb5\n|\n|win|magicalarcher57\n",
  "uploadtime": 1776609273,
  "views": 5,
  "formatid": "gen9championsvgc2026regma",
  "rating": null,
  "private": 0,
  "password": null
}