{
  "id": "gen9championsvgc2026regma-2589407842",
  "format": "[Gen 9 Champions] VGC 2026 Reg M-A",
  "players": [
    "ValdyrArden",
    "bigearlington"
  ],
  "log": "|j|\u2606ValdyrArden\n|j|\u2606bigearlington\n|t:|1776720463\n|gametype|doubles\n|player|p1|ValdyrArden|riley|1334\n|player|p2|bigearlington|265|1296\n|gen|9\n|tier|[Gen 9 Champions] VGC 2026 Reg M-A\n|rated|\n|rule|Species Clause: Limit one of each Pok\u00e9mon\n|rule|Item Clause: Limit 1 of each item\n|clearpoke\n|poke|p1|Gardevoir, L50, F, shiny|\n|poke|p1|Kingambit, L50, M, shiny|\n|poke|p1|Maushold-Four, L50|\n|poke|p1|Basculegion, L50, M, shiny|\n|poke|p1|Talonflame, L50, F|\n|poke|p1|Garchomp, L50, M|\n|poke|p2|Scizor, L50, F|\n|poke|p2|Sneasler, L50, F|\n|poke|p2|Sinistcha, L50|\n|poke|p2|Tyranitar, L50, M|\n|poke|p2|Milotic, L50, M|\n|poke|p2|Rotom-Wash, L50|\n|teampreview|4\n|\n|t:|1776720513\n|teamsize|p1|4\n|teamsize|p2|4\n|start\n|switch|p1a: Garchomp|Garchomp, L50, M|100/100\n|switch|p1b: Talonflame|Talonflame, L50, F|100/100\n|switch|p2a: Sneasler|Sneasler, L50, F|100/100\n|switch|p2b: Rotom|Rotom-Wash, L50|100/100\n|turn|1\n|\n|t:|1776720579\n|switch|p2a: Scizor|Scizor, L50, F|100/100\n|move|p1b: Talonflame|Protect|p1b: Talonflame\n|-singleturn|p1b: Talonflame|Protect\n|move|p2b: Rotom|Hydro Pump|p1b: Talonflame\n|-activate|p1b: Talonflame|move: Protect\n|move|p1a: Garchomp|Earthquake|p2a: Scizor|[spread] p2a\n|-activate|p1b: Talonflame|move: Protect\n|-immune|p2b: Rotom|[from] ability: Levitate\n|-damage|p2a: Scizor|56/100\n|\n|upkeep\n|turn|2\n|\n|t:|1776720618\n|detailschange|p2a: Scizor|Scizor-Mega, L50, F\n|-mega|p2a: Scizor|Scizor|Scizorite\n|move|p2a: Scizor|Protect|p2a: Scizor\n|-singleturn|p2a: Scizor|Protect\n|move|p2b: Rotom|Hydro Pump|p1a: Garchomp\n|-damage|p1a: Garchomp|43/100\n|move|p1b: Talonflame|Will-O-Wisp|p2a: Scizor\n|-activate|p2a: Scizor|move: Protect\n|move|p1a: Garchomp|Earthquake|p2a: Scizor|[spread] \n|-activate|p2a: Scizor|move: Protect\n|-immune|p1b: Talonflame\n|-immune|p2b: Rotom|[from] ability: Levitate\n|\n|upkeep\n|turn|3\n|\n|t:|1776720646\n|switch|p1a: Corvus|Kingambit, L50, M, shiny|100/100\n|switch|p2a: Sinistcha|Sinistcha, L50|100/100\n|move|p1b: Talonflame|Protect|p1b: Talonflame\n|-singleturn|p1b: Talonflame|Protect\n|move|p2b: Rotom|Hydro Pump|p1a: Corvus\n|-damage|p1a: Corvus|51/100\n|\n|upkeep\n|turn|4\n|\n|t:|1776720665\n|move|p2a: Sinistcha|Protect|p2a: Sinistcha\n|-singleturn|p2a: Sinistcha|Protect\n|move|p1b: Talonflame|Tailwind|p1b: Talonflame\n|-sidestart|p1: ValdyrArden|move: Tailwind\n|move|p2b: Rotom|Hydro Pump|p1b: Talonflame\n|-supereffective|p1b: Talonflame|1\n|-damage|p1b: Talonflame|0 fnt\n|faint|p1b: Talonflame\n|move|p1a: Corvus|Kowtow Cleave|p2b: Rotom\n|-damage|p2b: Rotom|37/100\n|\n|upkeep\n|\n|t:|1776720673\n|switch|p1b: Elowen|Gardevoir, L50, F, shiny|100/100\n|turn|5\n|\n|t:|1776720749\n|switch|p2a: Scizor|Scizor-Mega, L50, F|56/100\n|detailschange|p1b: Elowen|Gardevoir-Mega, L50, F, shiny\n|-mega|p1b: Elowen|Gardevoir|Gardevoirite\n|move|p1b: Elowen|Hyper Voice|p2a: Scizor|[spread] p2a,p2b\n|-resisted|p2a: Scizor|1\n|-damage|p2a: Scizor|34/100\n|-damage|p2b: Rotom|0 fnt\n|faint|p2b: Rotom\n|move|p1a: Corvus|Kowtow Cleave|p2a: Scizor\n|-damage|p2a: Scizor|0 fnt\n|faint|p2a: Scizor\n|\n|upkeep\n|\n|t:|1776720761\n|switch|p2b: Sinistcha|Sinistcha, L50|100/100\n|switch|p2a: Sneasler|Sneasler, L50, F|100/100\n|turn|6\n|\n|t:|1776720814\n|move|p1b: Elowen|Protect|p1b: Elowen\n|-singleturn|p1b: Elowen|Protect\n|move|p1a: Corvus|Protect|p1a: Corvus\n|-singleturn|p1a: Corvus|Protect\n|move|p2a: Sneasler|Fake Out|p1b: Elowen\n|-activate|p1b: Elowen|move: Protect\n|move|p2b: Sinistcha|Rage Powder|p2b: Sinistcha\n|-singleturn|p2b: Sinistcha|move: Rage Powder\n|\n|upkeep\n|turn|7\n|\n|t:|1776720860\n|move|p2b: Sinistcha|Rage Powder|p2b: Sinistcha\n|-singleturn|p2b: Sinistcha|move: Rage Powder\n|move|p1b: Elowen|Hyper Voice|p2b: Sinistcha|[spread] p2a,p2b\n|-damage|p2a: Sneasler|22/100\n|-damage|p2b: Sinistcha|44/100\n|-enditem|p2b: Sinistcha|Sitrus Berry|[eat]\n|-heal|p2b: Sinistcha|69/100|[from] item: Sitrus Berry\n|move|p2a: Sneasler|Dire Claw|p1b: Elowen\n|-supereffective|p1b: Elowen|1\n|-damage|p1b: Elowen|0 fnt\n|faint|p1b: Elowen\n|move|p1a: Corvus|Kowtow Cleave|p2b: Sinistcha\n|-supereffective|p2b: Sinistcha|1\n|-damage|p2b: Sinistcha|0 fnt\n|faint|p2b: Sinistcha\n|\n|-sideend|p1: ValdyrArden|move: Tailwind\n|upkeep\n|\n|t:|1776720866\n|switch|p1b: Garchomp|Garchomp, L50, M|43/100\n|turn|8\n|\n|t:|1776720873\n|move|p2a: Sneasler|Close Combat|p1a: Corvus\n|-supereffective|p1a: Corvus|2\n|-enditem|p1a: Corvus|Chople Berry|[eat]\n|-enditem|p1a: Corvus|Chople Berry|[weaken]\n|-damage|p1a: Corvus|0 fnt\n|-unboost|p2a: Sneasler|def|1\n|-unboost|p2a: Sneasler|spd|1\n|faint|p1a: Corvus\n|-enditem|p2a: Sneasler|White Herb\n|-clearnegativeboost|p2a: Sneasler|[silent]\n|move|p1b: Garchomp|Dragon Claw|p2a: Sneasler\n|-damage|p2a: Sneasler|0 fnt\n|faint|p2a: Sneasler\n|\n|win|ValdyrArden\n|raw|ValdyrArden's rating: 1334 &rarr; <strong>1352</strong><br />(+18 for winning)\n|raw|bigearlington's rating: 1296 &rarr; <strong>1274</strong><br />(-22 for losing)\n",
  "uploadtime": 1776720873,
  "views": 10,
  "formatid": "gen9championsvgc2026regma",
  "rating": 1274,
  "private": 0,
  "password": null
}