{
  "id": "gen9championsvgc2026regma-2581545987",
  "format": "[Gen 9 Champions] VGC 2026 Reg M-A",
  "players": [
    "1234zaki",
    "disciple of blahaj"
  ],
  "log": "|j|\u26061234zaki\n|j|\u2606disciple of blahaj\n|t:|1776009858\n|gametype|doubles\n|player|p1|1234zaki|1|1046\n|player|p2|disciple of blahaj|jacinthe|1069\n|gen|9\n|tier|[Gen 9 Champions] VGC 2026 Reg M-A\n|rated|\n|rule|Species Clause: Limit one of each Pok\u00e9mon\n|rule|Item Clause: Limit 1 of each item\n|clearpoke\n|poke|p1|Maushold-Four, L50|\n|poke|p1|Glimmora, L50, M|\n|poke|p1|Scizor, L50, F|\n|poke|p1|Pelipper, L50, F|\n|poke|p1|Sinistcha, L50|\n|poke|p1|Milotic, L50, M|\n|poke|p2|Floette-Eternal, L50, F|\n|poke|p2|Aegislash, L50, F|\n|poke|p2|Mimikyu, L50, F|\n|poke|p2|Incineroar, L50, F|\n|poke|p2|Maushold-Four, L50|\n|poke|p2|Rotom-Wash, L50|\n|teampreview|4\n|\n|t:|1776009886\n|teamsize|p1|4\n|teamsize|p2|4\n|start\n|switch|p1a: Scizor|Scizor, L50, F|100/100\n|switch|p1b: Maushold|Maushold-Four, L50|100/100\n|switch|p2a: Mimikyu|Mimikyu, L50, F|100/100\n|switch|p2b: Rotom|Rotom-Wash, L50|100/100\n|turn|1\n|\n|t:|1776009904\n|move|p1b: Maushold|Taunt|p2a: Mimikyu\n|-start|p2a: Mimikyu|move: Taunt\n|-enditem|p2a: Mimikyu|Mental Herb\n|-end|p2a: Mimikyu|move: Taunt\n|move|p2b: Rotom|Volt Switch|p1b: Maushold\n|-damage|p1b: Maushold|59/100\n|\n|t:|1776009911\n|switch|p2b: Incineroar|Incineroar, L50, F|100/100|[from] Volt Switch\n|-ability|p2b: Incineroar|Intimidate|boost\n|-unboost|p1a: Scizor|atk|1\n|-unboost|p1b: Maushold|atk|1\n|move|p1a: Scizor|Swords Dance|p1a: Scizor\n|-boost|p1a: Scizor|atk|2\n|move|p2a: Mimikyu|Trick Room|p2a: Mimikyu\n|-fieldstart|move: Trick Room|[of] p2a: Mimikyu\n|\n|upkeep\n|turn|2\n|\n|t:|1776009926\n|move|p2b: Incineroar|Fake Out|p1b: Maushold\n|-damage|p1b: Maushold|48/100\n|-enditem|p1b: Maushold|Sitrus Berry|[eat]\n|-heal|p1b: Maushold|73/100|[from] item: Sitrus Berry\n|cant|p1b: Maushold|flinch\n|move|p1a: Scizor|Bullet Punch|p2a: Mimikyu\n|-activate|p2a: Mimikyu|ability: Disguise\n|-damage|p2a: Mimikyu|100/100\n|detailschange|p2a: Mimikyu|Mimikyu-Busted, L50, F\n|-damage|p2a: Mimikyu|88/100|[from] pokemon: Mimikyu-Busted\n|move|p2a: Mimikyu|Will-O-Wisp|p1a: Scizor\n|-status|p1a: Scizor|brn\n|\n|-damage|p1a: Scizor|94/100 brn|[from] brn\n|upkeep\n|turn|3\n|\n|t:|1776009945\n|switch|p2a: Aegislash|Aegislash, L50, F|100/100\n|move|p1b: Maushold|Follow Me|p1b: Maushold\n|-singleturn|p1b: Maushold|move: Follow Me\n|move|p2b: Incineroar|Flare Blitz|p1b: Maushold\n|-damage|p1b: Maushold|29/100\n|-damage|p2b: Incineroar|88/100|[from] Recoil\n|move|p1a: Scizor|Swords Dance|p1a: Scizor\n|-boost|p1a: Scizor|atk|2\n|\n|-damage|p1a: Scizor|88/100 brn|[from] brn\n|upkeep\n|turn|4\n|\n|t:|1776009967\n|move|p1b: Maushold|Follow Me|p1b: Maushold\n|-singleturn|p1b: Maushold|move: Follow Me\n|-formechange|p2a: Aegislash|Aegislash-Blade|\n|move|p2a: Aegislash|Iron Head|p1b: Maushold\n|-damage|p1b: Maushold|0 fnt\n|faint|p1b: Maushold\n|move|p2b: Incineroar|Flare Blitz|p1a: Scizor\n|-supereffective|p1a: Scizor|2\n|-damage|p1a: Scizor|0 fnt\n|faint|p1a: Scizor\n|-damage|p2b: Incineroar|62/100|[from] Recoil\n|\n|upkeep\n|\n|t:|1776009972\n|switch|p1a: Sinistcha|Sinistcha, L50|100/100\n|switch|p1b: Milotic|Milotic, L50, M|100/100\n|turn|5\n|\n|t:|1776009988\n|move|p2a: Aegislash|Shadow Ball|p1a: Sinistcha\n|-supereffective|p1a: Sinistcha|1\n|-damage|p1a: Sinistcha|30/100\n|move|p2b: Incineroar|Flare Blitz|p1a: Sinistcha\n|-supereffective|p1a: Sinistcha|1\n|-damage|p1a: Sinistcha|0 fnt\n|faint|p1a: Sinistcha\n|-damage|p2b: Incineroar|54/100|[from] Recoil\n|move|p1b: Milotic|Coil|p1b: Milotic\n|-boost|p1b: Milotic|atk|1\n|-boost|p1b: Milotic|def|1\n|-boost|p1b: Milotic|accuracy|1\n|\n|-fieldend|move: Trick Room\n|upkeep\n|turn|6\n|\n|t:|1776010007\n|switch|p2b: Mimikyu|Mimikyu-Busted, L50, F|88/100\n|move|p1b: Milotic|Hypnosis|p2a: Aegislash|[miss]\n|-miss|p1b: Milotic|p2a: Aegislash\n|move|p2a: Aegislash|Sacred Sword|p1b: Milotic\n|-damage|p1b: Milotic|56/100\n|\n|-heal|p1b: Milotic|62/100|[from] item: Leftovers\n|upkeep\n|turn|7\n|\n|t:|1776010014\n|move|p1b: Milotic|Hydro Pump|p2b: Mimikyu\n|-damage|p2b: Mimikyu|38/100\n|move|p2b: Mimikyu|Curse|p1b: Milotic\n|-start|p1b: Milotic|Curse|[of] p2b: Mimikyu\n|-damage|p2b: Mimikyu|0 fnt\n|faint|p2b: Mimikyu\n|move|p2a: Aegislash|Sacred Sword|p1b: Milotic\n|-damage|p1b: Milotic|16/100\n|\n|-heal|p1b: Milotic|21/100|[from] item: Leftovers\n|-damage|p1b: Milotic|0 fnt|[from] Curse\n|faint|p1b: Milotic\n|\n|win|disciple of blahaj\n|raw|1234zaki's rating: 1046 &rarr; <strong>1030</strong><br />(-16 for losing)\n|raw|disciple of blahaj's rating: 1069 &rarr; <strong>1097</strong><br />(+28 for winning)\n|l|\u26061234zaki\n|player|p1|\n",
  "uploadtime": 1776010033,
  "views": 11,
  "formatid": "gen9championsvgc2026regma",
  "rating": 1030,
  "private": 0,
  "password": null
}