{
  "id": "gen9championsvgc2026regma-2587435145",
  "format": "[Gen 9 Champions] VGC 2026 Reg M-A",
  "players": [
    "tacazmacaz",
    "Jamstiffer"
  ],
  "log": "|j|\u2606tacazmacaz\n|j|\u2606Jamstiffer\n|t:|1776531556\n|gametype|doubles\n|player|p1|tacazmacaz|steven|\n|player|p2|Jamstiffer|aaron|\n|gen|9\n|tier|[Gen 9 Champions] VGC 2026 Reg M-A\n|rule|Species Clause: Limit one of each Pok\u00e9mon\n|rule|Item Clause: Limit 1 of each item\n|clearpoke\n|poke|p1|Charizard, L50, F|\n|poke|p1|Garchomp, L50, M|\n|poke|p1|Tyranitar, L50, M|\n|poke|p1|Torkoal, L50, F|\n|poke|p1|Corviknight, L50, F|\n|poke|p1|Primarina, L50, M|\n|poke|p2|Tyranitar, L50, M|\n|poke|p2|Garchomp, L50, F|\n|poke|p2|Corviknight, L50, M|\n|poke|p2|Sneasler, L50, M|\n|poke|p2|Rotom-Wash, L50|\n|poke|p2|Sinistcha, L50|\n|teampreview|4\n|inactive|Battle timer is ON: inactive players will automatically lose when time's up. (requested by Jamstiffer)\n|inactive|tacazmacaz also wants the timer to be on.\nJamstiffer has agreed to open team sheets.\n|\n|t:|1776531586\n|teamsize|p1|4\n|teamsize|p2|4\n|start\n|switch|p1a: Corviknight|Corviknight, L50, F|100/100\n|switch|p1b: Garchomp|Garchomp, L50, M|100/100\n|switch|p2a: Rotom|Rotom-Wash, L50|100/100\n|switch|p2b: Sneasler|Sneasler, L50, M|100/100\n|turn|1\n|\n|t:|1776531604\n|move|p2b: Sneasler|Fake Out|p1b: Garchomp\n|-damage|p1b: Garchomp|86/100\n|-damage|p2b: Sneasler|88/100|[from] ability: Rough Skin|[of] p1b: Garchomp\n|cant|p1b: Garchomp|flinch\n|move|p1a: Corviknight|Tailwind|p1a: Corviknight\n|-sidestart|p1: tacazmacaz|move: Tailwind\n|move|p2a: Rotom|Will-O-Wisp|p1b: Garchomp\n|-status|p1b: Garchomp|brn\n|\n|-damage|p1b: Garchomp|80/100 brn|[from] brn\n|upkeep\n|turn|2\n|inactive|tacazmacaz has 30 seconds left.\n|\n|t:|1776531632\n|switch|p2b: Tyranitar|Tyranitar, L50, M|100/100\n|-weather|Sandstorm|[from] ability: Sand Stream|[of] p2b: Tyranitar\n|move|p1b: Garchomp|Earthquake|p2b: Tyranitar|[spread] p2b\n|-immune|p1a: Corviknight\n|-immune|p2a: Rotom|[from] ability: Levitate\n|-supereffective|p2b: Tyranitar|1\n|-damage|p2b: Tyranitar|67/100\n|move|p1a: Corviknight|Brave Bird|p2a: Rotom\n|-resisted|p2a: Rotom|1\n|-damage|p2a: Rotom|84/100\n|-damage|p1a: Corviknight|97/100|[from] Recoil\n|move|p2a: Rotom|Volt Switch|p1a: Corviknight\n|-supereffective|p1a: Corviknight|1\n|-damage|p1a: Corviknight|25/100\n|-enditem|p1a: Corviknight|Sitrus Berry|[eat]\n|-heal|p1a: Corviknight|50/100|[from] item: Sitrus Berry\n|\n|t:|1776531643\n|switch|p2a: Sneasler|Sneasler, L50, M|88/100|[from] Volt Switch\n|\n|-weather|Sandstorm|[upkeep]\n|-damage|p2a: Sneasler|83/100|[from] Sandstorm\n|-damage|p1b: Garchomp|74/100 brn|[from] brn\n|upkeep\n|turn|3\n|inactive|tacazmacaz has 30 seconds left.\n|\n|t:|1776531668\n|switch|p2a: Rotom|Rotom-Wash, L50|84/100\n|move|p2b: Tyranitar|Protect|p2b: Tyranitar\n|-singleturn|p2b: Tyranitar|Protect\n|move|p1b: Garchomp|Earthquake|p2a: Rotom|[spread] \n|-activate|p2b: Tyranitar|move: Protect\n|-immune|p1a: Corviknight\n|-immune|p2a: Rotom|[from] ability: Levitate\n|move|p1a: Corviknight|Brave Bird|p2a: Rotom\n|-resisted|p2a: Rotom|1\n|-damage|p2a: Rotom|66/100\n|-damage|p1a: Corviknight|46/100|[from] Recoil\n|\n|-weather|Sandstorm|[upkeep]\n|-damage|p2a: Rotom|60/100|[from] Sandstorm\n|-damage|p1b: Garchomp|68/100 brn|[from] brn\n|upkeep\n|turn|4\n|inactive|tacazmacaz has 30 seconds left.\n|\n|t:|1776531696\n|switch|p2b: Garchomp|Garchomp, L50, F|100/100\n|move|p1b: Garchomp|Earthquake|p2b: Garchomp|[spread] p2b\n|-immune|p1a: Corviknight\n|-immune|p2a: Rotom|[from] ability: Levitate\n|-damage|p2b: Garchomp|81/100\n|move|p1a: Corviknight|Iron Head|p2b: Garchomp\n|-damage|p2b: Garchomp|58/100\n|move|p2a: Rotom|Volt Switch|p1a: Corviknight\n|-supereffective|p1a: Corviknight|1\n|-damage|p1a: Corviknight|0 fnt\n|faint|p1a: Corviknight\n|\n|t:|1776531707\n|switch|p2a: Sneasler|Sneasler, L50, M|83/100|[from] Volt Switch\n|\n|-weather|Sandstorm|[upkeep]\n|-damage|p2a: Sneasler|77/100|[from] Sandstorm\n|-damage|p1b: Garchomp|62/100 brn|[from] brn\n|-sideend|p1: tacazmacaz|move: Tailwind\n|upkeep\n|\n|t:|1776531719\n|switch|p1a: Charizard|Charizard, L50, F|100/100\n|turn|5\n|\n|t:|1776531725\n|switch|p1b: Primarina|Primarina, L50, M|100/100\n|move|p1a: Charizard|Protect|p1a: Charizard\n|-singleturn|p1a: Charizard|Protect\n|move|p2a: Sneasler|Fake Out|p1a: Charizard\n|-activate|p1a: Charizard|move: Protect\n|move|p2b: Garchomp|Dragon Claw|p1b: Primarina\n|-immune|p1b: Primarina\n|\n|-weather|Sandstorm|[upkeep]\n|-damage|p2a: Sneasler|71/100|[from] Sandstorm\n|-damage|p1a: Charizard|95/100|[from] Sandstorm\n|-damage|p1b: Primarina|95/100|[from] Sandstorm\n|upkeep\n|turn|6\n|inactive|tacazmacaz has 30 seconds left.\n|\n|t:|1776531755\n|move|p2b: Garchomp|Dragon Claw|p1a: Charizard\n|-damage|p1a: Charizard|27/100\n|move|p2a: Sneasler|Dire Claw|p1a: Charizard\n|-damage|p1a: Charizard|0 fnt\n|faint|p1a: Charizard\n|move|p1b: Primarina|Moonblast|p2b: Garchomp\n|-supereffective|p2b: Garchomp|1\n|-damage|p2b: Garchomp|0 fnt\n|faint|p2b: Garchomp\n|\n|-weather|none\n|upkeep\n|inactive|Jamstiffer has 30 seconds left.\n|l|\u2606Jamstiffer\n|inactive|Jamstiffer disconnected and has 300 seconds to reconnect!\n|player|p2|\n|-message|tacazmacaz forfeited.\n|\n|win|Jamstiffer\n|l|\u2606tacazmacaz\n|player|p1|\n|j|\u2606Jamstiffer\n|player|p2|Jamstiffer|aaron|\n",
  "uploadtime": 1776531826,
  "views": 21,
  "formatid": "gen9championsvgc2026regma",
  "rating": null,
  "private": 0,
  "password": null
}