{
  "id": "gen9championsvgc2026regma-2588589624",
  "format": "[Gen 9 Champions] VGC 2026 Reg M-A",
  "players": [
    "godv10",
    "Disfrazdetigre"
  ],
  "log": "|j|\u2606godv10\n|j|\u2606Disfrazdetigre\n|t:|1776647892\n|gametype|doubles\n|player|p1|godv10|red|1499\n|player|p2|Disfrazdetigre|1|1514\n|gen|9\n|tier|[Gen 9 Champions] VGC 2026 Reg M-A\n|rated|\n|rule|Species Clause: Limit one of each Pok\u00e9mon\n|rule|Item Clause: Limit 1 of each item\n|clearpoke\n|poke|p1|Floette-Eternal, L50, F|\n|poke|p1|Garchomp, L50, M|\n|poke|p1|Talonflame, L50, F|\n|poke|p1|Aegislash, L50, M|\n|poke|p1|Milotic, L50, M|\n|poke|p1|Basculegion, L50, M|\n|poke|p2|Scizor, L50, M|\n|poke|p2|Milotic, L50, F|\n|poke|p2|Medicham, L50, F|\n|poke|p2|Arcanine-Hisui, L50, M|\n|poke|p2|Aegislash, L50, M|\n|poke|p2|Hydreigon, L50, F|\n|teampreview|4\n|inactive|Battle timer is ON: inactive players will automatically lose when time's up. (requested by godv10)\n|inactive|godv10 has 60 seconds left.\n|\n|t:|1776647931\n|teamsize|p1|4\n|teamsize|p2|4\n|start\n|switch|p1a: Floette|Floette-Eternal, L50, F|100/100\n|switch|p1b: Milotic|Milotic, L50, M|100/100\n|switch|p2a: Aegislash|Aegislash, L50, M|100/100\n|switch|p2b: Ashnard|Hydreigon, L50, F|100/100\n|turn|1\n|\n|t:|1776647944\n|move|p1a: Floette|Protect|p1a: Floette\n|-singleturn|p1a: Floette|Protect\n|move|p2b: Ashnard|Tailwind|p2b: Ashnard\n|-sidestart|p2: Disfrazdetigre|move: Tailwind\n|-formechange|p2a: Aegislash|Aegislash-Blade|\n|move|p2a: Aegislash|Shadow Ball|p1b: Milotic\n|-damage|p1b: Milotic|69/100\n|move|p1b: Milotic|Icy Wind|p2b: Ashnard|[spread] p2a,p2b\n|-resisted|p2a: Aegislash|1\n|-supereffective|p2b: Ashnard|1\n|-damage|p2a: Aegislash|90/100\n|-damage|p2b: Ashnard|76/100\n|-unboost|p2a: Aegislash|spe|1\n|-unboost|p2b: Ashnard|spe|1\n|\n|upkeep\n|turn|2\n|\n|t:|1776647967\n|switch|p2b: Tibarn|Scizor, L50, M|100/100\n|detailschange|p1a: Floette|Floette-Mega, L50, F\n|-mega|p1a: Floette|Floette|Floettite\n|-ability|p1a: Floette|Fairy Aura\n|move|p1a: Floette|Dazzling Gleam|p2b: Tibarn|[spread] p2a,p2b\n|-resisted|p2a: Aegislash|1\n|-resisted|p2b: Tibarn|1\n|-damage|p2a: Aegislash|47/100\n|-damage|p2b: Tibarn|72/100\n|move|p1b: Milotic|Scald|p2a: Aegislash\n|-crit|p2a: Aegislash\n|-damage|p2a: Aegislash|0 fnt\n|faint|p2a: Aegislash\n|\n|upkeep\n|\n|t:|1776647986\n|switch|p2a: Leanne|Milotic, L50, F|100/100\n|turn|3\n|\n|t:|1776647995\n|move|p1a: Floette|Protect|p1a: Floette\n|-singleturn|p1a: Floette|Protect\n|move|p2a: Leanne|Scald|p1b: Milotic\n|-resisted|p1b: Milotic|1\n|-damage|p1b: Milotic|58/100\n|move|p2b: Tibarn|Swords Dance|p2b: Tibarn\n|-boost|p2b: Tibarn|atk|2\n|move|p1b: Milotic|Icy Wind|p2b: Tibarn|[spread] p2a,p2b\n|-resisted|p2a: Leanne|1\n|-resisted|p2b: Tibarn|1\n|-damage|p2a: Leanne|96/100\n|-damage|p2b: Tibarn|64/100\n|-unboost|p2a: Leanne|spe|1\n|-ability|p2a: Leanne|Competitive|boost\n|-boost|p2a: Leanne|spa|2\n|-unboost|p2b: Tibarn|spe|1\n|\n|upkeep\n|turn|4\n|\n|t:|1776648016\n|move|p2a: Leanne|Protect|p2a: Leanne\n|-singleturn|p2a: Leanne|Protect\n|move|p1a: Floette|Moonblast|p2b: Tibarn\n|-resisted|p2b: Tibarn|1\n|-damage|p2b: Tibarn|19/100\n|-unboost|p2b: Tibarn|spa|1\n|move|p2b: Tibarn|Bug Bite|p1b: Milotic\n|-damage|p1b: Milotic|0 fnt\n|-enditem|p1b: Milotic|Sitrus Berry|[from] stealeat|[move] Bug Bite|[of] p2b: Tibarn\n|-heal|p2b: Tibarn|43/100|[from] item: Sitrus Berry\n|faint|p1b: Milotic\n|\n|-sideend|p2: Disfrazdetigre|move: Tailwind\n|upkeep\n|\n|t:|1776648034\n|switch|p1b: Basculegion|Basculegion, L50, M|100/100\n|turn|5\n|\n|t:|1776648042\n|move|p2b: Tibarn|Protect|p2b: Tibarn\n|-singleturn|p2b: Tibarn|Protect\n|move|p1b: Basculegion|Last Respects|p2a: Leanne\n|-damage|p2a: Leanne|51/100\n|move|p1a: Floette|Moonblast|p2b: Tibarn\n|-activate|p2b: Tibarn|move: Protect\n|move|p2a: Leanne|Scald|p1b: Basculegion\n|-resisted|p1b: Basculegion|1\n|-damage|p1b: Basculegion|72/100\n|-status|p1b: Basculegion|brn\n|\n|-damage|p1b: Basculegion|65/100 brn|[from] brn\n|upkeep\n|turn|6\n|\n|t:|1776648058\n|move|p2b: Tibarn|Bullet Punch|p1a: Floette\n|-supereffective|p1a: Floette|1\n|-damage|p1a: Floette|0 fnt\n|faint|p1a: Floette\n|move|p1b: Basculegion|Last Respects|p2a: Leanne\n|-damage|p2a: Leanne|17/100\n|-enditem|p2a: Leanne|Sitrus Berry|[eat]\n|-heal|p2a: Leanne|42/100|[from] item: Sitrus Berry\n|move|p2a: Leanne|Recover|p2a: Leanne\n|-heal|p2a: Leanne|92/100\n|\n|-damage|p1b: Basculegion|59/100 brn|[from] brn\n|upkeep\n|\n|t:|1776648064\n|switch|p1a: Garchomp|Garchomp, L50, M|100/100\n|turn|7\n|\n|t:|1776648072\n|move|p2b: Tibarn|Protect|p2b: Tibarn\n|-singleturn|p2b: Tibarn|Protect\n|move|p1b: Basculegion|Last Respects|p2a: Leanne\n|-damage|p2a: Leanne|57/100\n|move|p1a: Garchomp|Stomping Tantrum|p2a: Leanne\n|-damage|p2a: Leanne|29/100\n|move|p2a: Leanne|Ice Beam|p1a: Garchomp\n|-supereffective|p1a: Garchomp|2\n|-damage|p1a: Garchomp|0 fnt\n|faint|p1a: Garchomp\n|\n|-damage|p1b: Basculegion|53/100 brn|[from] brn\n|upkeep\n|turn|8\n|-message|godv10 forfeited.\n|\n|win|Disfrazdetigre\n|raw|godv10's rating: 1499 &rarr; <strong>1480</strong><br />(-19 for losing)\n|raw|Disfrazdetigre's rating: 1514 &rarr; <strong>1533</strong><br />(+19 for winning)\n|l|\u2606godv10\n|player|p1|\n",
  "uploadtime": 1776648088,
  "views": 18,
  "formatid": "gen9championsvgc2026regma",
  "rating": 1480,
  "private": 0,
  "password": null
}