{
  "id": "gen9championsvgc2026regma-2582747759",
  "format": "[Gen 9 Champions] VGC 2026 Reg M-A",
  "players": [
    "Sinnoh_cel",
    "jloooooooo"
  ],
  "log": "|j|\u2606Sinnoh_cel\n|j|\u2606jloooooooo\n|t:|1776111336\n|gametype|doubles\n|player|p1|Sinnoh_cel|cynthia-gen4|1037\n|player|p2|jloooooooo|102|1014\n|gen|9\n|tier|[Gen 9 Champions] VGC 2026 Reg M-A\n|rated|\n|rule|Species Clause: Limit one of each Pok\u00e9mon\n|rule|Item Clause: Limit 1 of each item\n|clearpoke\n|poke|p1|Excadrill, L50, F|\n|poke|p1|Tyranitar, L50, M|\n|poke|p1|Whimsicott, L50, M|\n|poke|p1|Armarouge, L50, M|\n|poke|p1|Gengar, L50, M|\n|poke|p1|Sylveon, L50, F|\n|poke|p2|Blastoise, L50, F|\n|poke|p2|Sinistcha, L50|\n|poke|p2|Tauros-Paldea-Blaze, L50, M|\n|poke|p2|Lucario, L50, M|\n|poke|p2|Rotom-Frost, L50|\n|poke|p2|Kleavor, L50, F|\n|teampreview|4\n|\n|t:|1776111361\n|teamsize|p1|4\n|teamsize|p2|4\n|start\n|switch|p1a: Reginald|Gengar, L50, M|100/100\n|switch|p1b: Goofy Goober|Whimsicott, L50, M|100/100\n|switch|p2a: Kleavor|Kleavor, L50, F|100/100\n|switch|p2b: Lucario|Lucario, L50, M|100/100\n|turn|1\n|\n|t:|1776111405\n|switch|p1b: Excadill-Nation|Excadrill, L50, F|100/100\n|move|p2a: Kleavor|Stone Axe|p1a: Reginald\n|-damage|p1a: Reginald|0 fnt\n|-sidestart|p1: Sinnoh_cel|move: Stealth Rock\n|faint|p1a: Reginald\n|move|p2b: Lucario|Swords Dance|p2b: Lucario\n|-boost|p2b: Lucario|atk|2\n|\n|upkeep\n|\n|t:|1776111415\n|switch|p1a: Goofy Goober|Whimsicott, L50, M|100/100\n|-damage|p1a: Goofy Goober|88/100|[from] Stealth Rock\n|turn|2\n|\n|t:|1776111432\n|detailschange|p1b: Excadill-Nation|Excadrill-Mega, L50, F\n|-mega|p1b: Excadill-Nation|Excadrill|Excadrite\n|move|p1a: Goofy Goober|Tailwind|p1a: Goofy Goober\n|-sidestart|p1: Sinnoh_cel|move: Tailwind\n|move|p1b: Excadill-Nation|High Horsepower|p2b: Lucario\n|-supereffective|p2b: Lucario|1\n|-enditem|p2b: Lucario|Focus Sash\n|-damage|p2b: Lucario|1/100\n|move|p2a: Kleavor|Stone Axe|p1b: Excadill-Nation\n|-resisted|p1b: Excadill-Nation|2\n|-damage|p1b: Excadill-Nation|88/100\n|move|p2b: Lucario|Swords Dance|p2b: Lucario\n|-boost|p2b: Lucario|atk|2\n|\n|upkeep\n|turn|3\n|\n|t:|1776111471\n|move|p1a: Goofy Goober|Encore|p2a: Kleavor\n|-start|p2a: Kleavor|Encore\n|move|p2b: Lucario|Bullet Punch|p1b: Excadill-Nation\n|-resisted|p1b: Excadill-Nation|1\n|-damage|p1b: Excadill-Nation|60/100\n|move|p1b: Excadill-Nation|Rapid Spin|p2b: Lucario\n|-resisted|p2b: Lucario|1\n|-damage|p2b: Lucario|0 fnt\n|-boost|p1b: Excadill-Nation|spe|1\n|-sideend|p1: Sinnoh_cel|Stealth Rock|[from] move: Rapid Spin|[of] p1b: Excadill-Nation\n|faint|p2b: Lucario\n|move|p2a: Kleavor|Stone Axe|p1a: Goofy Goober\n|-damage|p1a: Goofy Goober|27/100\n|-sidestart|p1: Sinnoh_cel|move: Stealth Rock\n|\n|upkeep\n|\n|t:|1776111486\n|switch|p2b: Blastoise|Blastoise, L50, F|100/100\n|turn|4\n|\n|t:|1776111506\n|detailschange|p2b: Blastoise|Blastoise-Mega, L50, F\n|-mega|p2b: Blastoise|Blastoise|Blastoisinite\n|move|p1a: Goofy Goober|Taunt|p2b: Blastoise\n|-start|p2b: Blastoise|move: Taunt\n|move|p1b: Excadill-Nation|Iron Head|p2a: Kleavor\n|-supereffective|p2a: Kleavor|1\n|-damage|p2a: Kleavor|0 fnt\n|faint|p2a: Kleavor\n|cant|p2b: Blastoise|move: Taunt|Shell Smash\n|\n|upkeep\n|\n|t:|1776111516\n|switch|p2a: Sinistcha|Sinistcha, L50|100/100\n|turn|5\n|\n|t:|1776111541\n|move|p1a: Goofy Goober|Taunt|p2a: Sinistcha\n|-start|p2a: Sinistcha|move: Taunt\n|move|p1b: Excadill-Nation|Iron Head|p2b: Blastoise\n|-resisted|p2b: Blastoise|1\n|-damage|p2b: Blastoise|75/100\n|move|p2b: Blastoise|Aura Sphere|p1b: Excadill-Nation\n|-supereffective|p1b: Excadill-Nation|1\n|-damage|p1b: Excadill-Nation|0 fnt\n|faint|p1b: Excadill-Nation\n|move|p2a: Sinistcha|Matcha Gotcha|p1a: Goofy Goober\n|-resisted|p1a: Goofy Goober|1\n|-damage|p1a: Goofy Goober|8/100\n|\n|-sideend|p1: Sinnoh_cel|move: Tailwind\n|upkeep\n|\n|t:|1776111549\n|switch|p1b: Chud-tar|Tyranitar, L50, M|100/100\n|-damage|p1b: Chud-tar|88/100|[from] Stealth Rock\n|-weather|Sandstorm|[from] ability: Sand Stream|[of] p1b: Chud-tar\n|turn|6\n|\n|t:|1776111565\n|move|p1a: Goofy Goober|Light Screen|p1a: Goofy Goober\n|-sidestart|p1: Sinnoh_cel|move: Light Screen\n|move|p2b: Blastoise|Water Pulse|p1b: Chud-tar\n|-supereffective|p1b: Chud-tar|1\n|-damage|p1b: Chud-tar|48/100\n|move|p2a: Sinistcha|Matcha Gotcha|p1b: Chud-tar|[spread] p1b\n|-miss|p2a: Sinistcha|p1a: Goofy Goober\n|-supereffective|p1b: Chud-tar|1\n|-damage|p1b: Chud-tar|30/100\n|move|p1b: Chud-tar|Knock Off|p2a: Sinistcha\n|-supereffective|p2a: Sinistcha|1\n|-damage|p2a: Sinistcha|26/100\n|-enditem|p2a: Sinistcha|Sitrus Berry|[from] move: Knock Off|[of] p1b: Chud-tar\n|\n|-weather|Sandstorm|[upkeep]\n|-damage|p1a: Goofy Goober|2/100|[from] Sandstorm\n|-damage|p2b: Blastoise|70/100|[from] Sandstorm\n|-damage|p2a: Sinistcha|20/100|[from] Sandstorm\n|-heal|p1b: Chud-tar|36/100|[from] item: Leftovers\n|-end|p2b: Blastoise|move: Taunt\n|upkeep\n|turn|7\n|\n|t:|1776111615\n|move|p1a: Goofy Goober|Tailwind|p1a: Goofy Goober\n|-sidestart|p1: Sinnoh_cel|move: Tailwind\n|move|p1b: Chud-tar|Thunder|p2b: Blastoise\n|-supereffective|p2b: Blastoise|1\n|-damage|p2b: Blastoise|18/100\n|-status|p2b: Blastoise|par\n|move|p2a: Sinistcha|Matcha Gotcha|p1b: Chud-tar|[spread] p1a,p1b\n|-resisted|p1a: Goofy Goober|1\n|-supereffective|p1b: Chud-tar|1\n|-damage|p1a: Goofy Goober|0 fnt\n|-heal|p2a: Sinistcha|21/100|[from] drain|[of] p1a: Goofy Goober\n|-damage|p1b: Chud-tar|19/100\n|-heal|p2a: Sinistcha|30/100|[from] drain|[of] p1b: Chud-tar\n|faint|p1a: Goofy Goober\n|cant|p2b: Blastoise|par\n|\n|-weather|Sandstorm|[upkeep]\n|-damage|p2a: Sinistcha|24/100|[from] Sandstorm\n|-damage|p2b: Blastoise|13/100 par|[from] Sandstorm\n|-heal|p1b: Chud-tar|25/100|[from] item: Leftovers\n|-end|p2a: Sinistcha|move: Taunt\n|upkeep\n|turn|8\n|\n|t:|1776111644\n|move|p1b: Chud-tar|Knock Off|p2a: Sinistcha\n|-supereffective|p2a: Sinistcha|1\n|-crit|p2a: Sinistcha\n|-damage|p2a: Sinistcha|0 fnt\n|faint|p2a: Sinistcha\n|cant|p2b: Blastoise|par\n|\n|-weather|Sandstorm|[upkeep]\n|-damage|p2b: Blastoise|7/100 par|[from] Sandstorm\n|-heal|p1b: Chud-tar|31/100|[from] item: Leftovers\n|upkeep\n|turn|9\n|\n|t:|1776111661\n|move|p1b: Chud-tar|Body Press|p2b: Blastoise\n|-damage|p2b: Blastoise|0 fnt\n|faint|p2b: Blastoise\n|\n|win|Sinnoh_cel\n|raw|Sinnoh_cel's rating: 1037 &rarr; <strong>1069</strong><br />(+32 for winning)\n|raw|jloooooooo's rating: 1014 &rarr; <strong>1003</strong><br />(-11 for losing)\n|l|\u2606jloooooooo\n|player|p2|\n",
  "uploadtime": 1776111687,
  "views": 25,
  "formatid": "gen9championsvgc2026regma",
  "rating": 1003,
  "private": 0,
  "password": null
}