{
  "id": "gen9championsvgc2026regma-2587454403",
  "format": "[Gen 9 Champions] VGC 2026 Reg M-A",
  "players": [
    "joe19394",
    "dohawyth"
  ],
  "log": "|j|\u2606joe19394\n|j|\u2606dohawyth\n|t:|1776533190\n|gametype|doubles\n|player|p1|joe19394|266|1221\n|player|p2|dohawyth|265|1253\n|gen|9\n|tier|[Gen 9 Champions] VGC 2026 Reg M-A\n|rated|\n|rule|Species Clause: Limit one of each Pok\u00e9mon\n|rule|Item Clause: Limit 1 of each item\n|clearpoke\n|poke|p1|Pelipper, L50, M|\n|poke|p1|Toxicroak, L50, F|\n|poke|p1|Meganium, L50, M|\n|poke|p1|Incineroar, L50, F|\n|poke|p1|Greninja, L50, F|\n|poke|p1|Archaludon, L50, M|\n|poke|p2|Incineroar, L50, F|\n|poke|p2|Crabominable, L50, F|\n|poke|p2|Kingambit, L50, F|\n|poke|p2|Slowking-Galar, L50, M|\n|poke|p2|Sinistcha, L50|\n|poke|p2|Primarina, L50, F|\n|teampreview|4\n|inactive|Battle timer is ON: inactive players will automatically lose when time's up. (requested by joe19394)\n|j| Daap_15\ndohawyth rejected open team sheets.\n|c|\u2606dohawyth|Daap de 15e entered chat\n|inactive|dohawyth has 60 seconds left.\n|\n|t:|1776533235\n|teamsize|p1|4\n|teamsize|p2|4\n|start\n|switch|p1a: Greninja|Greninja, L50, F|100/100\n|switch|p1b: Pelipper|Pelipper, L50, M|100/100\n|switch|p2a: Slowking|Slowking-Galar, L50, M|100/100\n|switch|p2b: Kingambit|Kingambit, L50, F|100/100\n|-weather|RainDance|[from] ability: Drizzle|[of] p1b: Pelipper\n|turn|1\n|\n|t:|1776533252\n|switch|p1b: Toxicroak|Toxicroak, L50, F|100/100\n|detailschange|p1a: Greninja|Greninja-Mega, L50, F\n|-mega|p1a: Greninja|Greninja|Greninjite\n|move|p1a: Greninja|Surf|p2b: Kingambit|[spread] p2a,p2b\n|-start|p1a: Greninja|typechange|Water|[from] ability: Protean\n|-immune|p1b: Toxicroak|[from] ability: Dry Skin\n|-damage|p2a: Slowking|61/100\n|-damage|p2b: Kingambit|47/100\n|move|p2b: Kingambit|Kowtow Cleave|p1b: Toxicroak\n|-resisted|p1b: Toxicroak|1\n|-damage|p1b: Toxicroak|64/100\n|move|p2a: Slowking|Trick Room|p2a: Slowking\n|-fieldstart|move: Trick Room|[of] p2a: Slowking\n|\n|-weather|RainDance|[upkeep]\n|-heal|p1b: Toxicroak|76/100|[from] ability: Dry Skin\n|upkeep\n|turn|2\n|\n|t:|1776533273\n|move|p1b: Toxicroak|Fake Out|p2a: Slowking\n|-damage|p2a: Slowking|53/100\n|cant|p2a: Slowking|flinch\n|move|p2b: Kingambit|Kowtow Cleave|p1a: Greninja\n|-damage|p1a: Greninja|3/100\n|move|p1a: Greninja|Surf|p2b: Kingambit|[spread] p2a,p2b\n|-heal|p1b: Toxicroak|100/100|[from] ability: Dry Skin|[of] p1a: Greninja\n|-damage|p2a: Slowking|14/100\n|-damage|p2b: Kingambit|0 fnt\n|faint|p2b: Kingambit\n|\n|-weather|RainDance|[upkeep]\n|upkeep\n|l| Daap_15\n|\n|t:|1776533282\n|switch|p2b: Crabominable|Crabominable, L50, F|100/100\n|turn|3\n|\n|t:|1776533298\n|move|p2b: Crabominable|Mach Punch|p1a: Greninja\n|-damage|p1a: Greninja|0 fnt\n|faint|p1a: Greninja\n|move|p2a: Slowking|Psychic Noise|p1b: Toxicroak\n|-supereffective|p1b: Toxicroak|2\n|-damage|p1b: Toxicroak|0 fnt\n|faint|p1b: Toxicroak\n|\n|-weather|RainDance|[upkeep]\n|upkeep\n|\n|t:|1776533305\n|switch|p1b: Pelipper|Pelipper, L50, M|100/100\n|switch|p1a: Archaludon|Archaludon, L50, M|100/100\n|turn|4\n|\n|t:|1776533321\n|switch|p2a: Sinistcha|Sinistcha, L50|100/100\n|move|p2b: Crabominable|Protect|p2b: Crabominable\n|-singleturn|p2b: Crabominable|Protect\n|move|p1b: Pelipper|Weather Ball|p2a: Sinistcha\n|-resisted|p2a: Sinistcha|1\n|-damage|p2a: Sinistcha|70/100\n|move|p1a: Archaludon|Electro Shot||[still]\n|-prepare|p1a: Archaludon|Electro Shot\n|-boost|p1a: Archaludon|spa|1\n|-anim|p1a: Archaludon|Electro Shot|p2b: Crabominable\n|-activate|p2b: Crabominable|move: Protect\n|\n|-weather|RainDance|[upkeep]\n|upkeep\n|turn|5\n|\n|t:|1776533338\n|detailschange|p2b: Crabominable|Crabominable-Mega, L50, F\n|-mega|p2b: Crabominable|Crabominable|Crabominite\n|move|p2b: Crabominable|Drain Punch|p1a: Archaludon\n|-supereffective|p1a: Archaludon|1\n|-damage|p1a: Archaludon|11/100\n|-ability|p1a: Archaludon|Stamina|boost\n|-boost|p1a: Archaludon|def|1\n|move|p2a: Sinistcha|Matcha Gotcha|p1b: Pelipper|[spread] p1a,p1b\n|-resisted|p1a: Archaludon|2\n|-damage|p1a: Archaludon|5/100\n|-heal|p2a: Sinistcha|74/100|[from] drain|[of] p1a: Archaludon\n|-damage|p1b: Pelipper|56/100\n|-heal|p2a: Sinistcha|100/100|[from] drain|[of] p1b: Pelipper\n|-ability|p1a: Archaludon|Stamina|boost\n|-boost|p1a: Archaludon|def|1\n|move|p1b: Pelipper|Hurricane|p2a: Sinistcha\n|-supereffective|p2a: Sinistcha|1\n|-damage|p2a: Sinistcha|21/100\n|-start|p2a: Sinistcha|confusion\n|move|p1a: Archaludon|Electro Shot||[still]\n|-prepare|p1a: Archaludon|Electro Shot\n|-boost|p1a: Archaludon|spa|1\n|-anim|p1a: Archaludon|Electro Shot|p2b: Crabominable\n|-damage|p2b: Crabominable|43/100\n|\n|-weather|none\n|-heal|p1a: Archaludon|11/100|[from] item: Leftovers\n|-fieldend|move: Trick Room\n|upkeep\n|turn|6\n|inactive|joe19394 has 30 seconds left.\n|\n|t:|1776533366\n|move|p2b: Crabominable|Mach Punch|p1a: Archaludon\n|-supereffective|p1a: Archaludon|1\n|-damage|p1a: Archaludon|0 fnt\n|faint|p1a: Archaludon\n|move|p1b: Pelipper|Hurricane|p2a: Sinistcha\n|-supereffective|p2a: Sinistcha|1\n|-damage|p2a: Sinistcha|0 fnt\n|faint|p2a: Sinistcha\n|\n|upkeep\n|\n|t:|1776533370\n|switch|p2a: Slowking|Slowking-Galar, L50, M|48/100\n|turn|7\n|\n|t:|1776533376\n|move|p2b: Crabominable|Mach Punch|p1b: Pelipper\n|-resisted|p1b: Pelipper|1\n|-damage|p1b: Pelipper|44/100\n|move|p1b: Pelipper|Hurricane|p2b: Crabominable\n|-supereffective|p2b: Crabominable|1\n|-damage|p2b: Crabominable|0 fnt\n|faint|p2b: Crabominable\n|move|p2a: Slowking|Sludge Bomb|p1b: Pelipper\n|-damage|p1b: Pelipper|0 fnt\n|faint|p1b: Pelipper\n|\n|win|dohawyth\n|raw|joe19394's rating: 1221 &rarr; <strong>1198</strong><br />(-23 for losing)\n|raw|dohawyth's rating: 1253 &rarr; <strong>1276</strong><br />(+23 for winning)\n",
  "uploadtime": 1776533386,
  "views": 21,
  "formatid": "gen9championsvgc2026regma",
  "rating": 1198,
  "private": 0,
  "password": null
}