{
  "id": "gen9championsvgc2026regma-2581159545",
  "format": "[Gen 9 Champions] VGC 2026 Reg M-A",
  "players": [
    "vnunesp12",
    "Corsav."
  ],
  "log": "|j|\u2606vnunesp12\n|j|\u2606Corsav.\n|t:|1775965650\n|gametype|doubles\n|player|p1|vnunesp12|red|1124\n|player|p2|Corsav.|266|1178\n|gen|9\n|tier|[Gen 9 Champions] VGC 2026 Reg M-A\n|rated|\n|rule|Species Clause: Limit one of each Pok\u00e9mon\n|rule|Item Clause: Limit 1 of each item\n|clearpoke\n|poke|p1|Manectric, L50, F|\n|poke|p1|Pelipper, L50, M|\n|poke|p1|Sinistcha, L50|\n|poke|p1|Dragonite, L50, M|\n|poke|p1|Basculegion, L50, M|\n|poke|p1|Sneasler, L50, F|\n|poke|p2|Tyranitar, L50, F|\n|poke|p2|Gyarados, L50, M|\n|poke|p2|Excadrill, L50, M|\n|poke|p2|Sinistcha, L50|\n|poke|p2|Gardevoir, L50, M|\n|poke|p2|Rotom-Heat, L50|\n|teampreview|4\n|inactive|Battle timer is ON: inactive players will automatically lose when time's up. (requested by vnunesp12)\n|inactive|vnunesp12 has 60 seconds left.\n|\n|t:|1775965694\n|teamsize|p1|4\n|teamsize|p2|4\n|start\n|switch|p1a: Sneasler|Sneasler, L50, F|100/100\n|switch|p1b: Manectric|Manectric, L50, F|100/100\n|switch|p2a: Tyranitar|Tyranitar, L50, F|100/100\n|switch|p2b: Excadrill|Excadrill, L50, M|100/100\n|-weather|Sandstorm|[from] ability: Sand Stream|[of] p2a: Tyranitar\n|turn|1\n|\n|t:|1775965717\n|detailschange|p1b: Manectric|Manectric-Mega, L50, F\n|-mega|p1b: Manectric|Manectric|Manectite\n|-ability|p1b: Manectric|Intimidate|boost\n|-unboost|p2a: Tyranitar|atk|1\n|-unboost|p2b: Excadrill|atk|1\n|move|p2a: Tyranitar|Protect|p2a: Tyranitar\n|-singleturn|p2a: Tyranitar|Protect\n|move|p1a: Sneasler|Fake Out|p2b: Excadrill\n|-resisted|p2b: Excadrill|1\n|-damage|p2b: Excadrill|91/100\n|cant|p2b: Excadrill|flinch\n|move|p1b: Manectric|Volt Switch|p2a: Tyranitar\n|-activate|p2a: Tyranitar|move: Protect\n|\n|-weather|Sandstorm|[upkeep]\n|-damage|p1b: Manectric|94/100|[from] Sandstorm\n|-damage|p1a: Sneasler|95/100|[from] Sandstorm\n|upkeep\n|turn|2\n|inactive|vnunesp12 has 30 seconds left.\n|\n|t:|1775965744\n|switch|p1b: Pelipper|Pelipper, L50, M|100/100\n|-weather|RainDance|[from] ability: Drizzle|[of] p1b: Pelipper\n|switch|p2a: Rotom|Rotom-Heat, L50|100/100\n|move|p1a: Sneasler|Close Combat|p2b: Excadrill\n|-supereffective|p2b: Excadrill|1\n|-damage|p2b: Excadrill|0 fnt\n|-unboost|p1a: Sneasler|def|1\n|-unboost|p1a: Sneasler|spd|1\n|faint|p2b: Excadrill\n|-enditem|p1a: Sneasler|White Herb\n|-clearnegativeboost|p1a: Sneasler|[silent]\n|\n|-weather|RainDance|[upkeep]\n|upkeep\n|\n|t:|1775965759\n|switch|p2b: Sinistcha|Sinistcha, L50|100/100\n|turn|3\n|\n|t:|1775965779\n|switch|p1b: Manectric|Manectric-Mega, L50, F|94/100\n|-ability|p1b: Manectric|Intimidate|boost\n|-unboost|p2a: Rotom|atk|1\n|-unboost|p2b: Sinistcha|atk|1\n|move|p1a: Sneasler|Dire Claw|p2b: Sinistcha\n|-damage|p2b: Sinistcha|65/100\n|move|p2a: Rotom|Volt Switch|p1b: Manectric\n|-resisted|p1b: Manectric|1\n|-damage|p1b: Manectric|72/100\n|\n|t:|1775965791\n|switch|p2a: Tyranitar|Tyranitar, L50, F|100/100|[from] Volt Switch\n|-weather|Sandstorm|[from] ability: Sand Stream|[of] p2a: Tyranitar\n|move|p2b: Sinistcha|Trick Room|p2b: Sinistcha\n|-fieldstart|move: Trick Room|[of] p2b: Sinistcha\n|\n|-weather|Sandstorm|[upkeep]\n|-damage|p2b: Sinistcha|59/100|[from] Sandstorm\n|-damage|p1b: Manectric|65/100|[from] Sandstorm\n|-damage|p1a: Sneasler|89/100|[from] Sandstorm\n|upkeep\n|turn|4\n|inactive|vnunesp12 has 30 seconds left.\n|inactive|Corsav. has 30 seconds left.\n|inactive|vnunesp12 has 20 seconds left.\n|inactive|vnunesp12 has 15 seconds left.\n|\n|t:|1775965833\n|move|p1b: Manectric|Protect|p1b: Manectric\n|-singleturn|p1b: Manectric|Protect\n|move|p2b: Sinistcha|Shadow Ball|p1a: Sneasler\n|-damage|p1a: Sneasler|48/100\n|-unboost|p1a: Sneasler|spd|1\n|move|p2a: Tyranitar|Rock Slide|p1a: Sneasler|[spread] p1a\n|-activate|p1b: Manectric|move: Protect\n|-resisted|p1a: Sneasler|1\n|-damage|p1a: Sneasler|23/100\n|move|p1a: Sneasler|Close Combat|p2a: Tyranitar\n|-supereffective|p2a: Tyranitar|2\n|-damage|p2a: Tyranitar|0 fnt\n|-unboost|p1a: Sneasler|def|1\n|-unboost|p1a: Sneasler|spd|1\n|faint|p2a: Tyranitar\n|\n|-weather|Sandstorm|[upkeep]\n|-damage|p2b: Sinistcha|53/100|[from] Sandstorm\n|-damage|p1b: Manectric|59/100|[from] Sandstorm\n|-damage|p1a: Sneasler|17/100|[from] Sandstorm\n|upkeep\n|\n|t:|1775965850\n|switch|p2a: Rotom|Rotom-Heat, L50|100/100\n|turn|5\n|inactive|vnunesp12 has 30 seconds left.\n|\n|t:|1775965880\n|switch|p1a: Pelipper|Pelipper, L50, M|100/100\n|-weather|RainDance|[from] ability: Drizzle|[of] p1a: Pelipper\n|move|p2b: Sinistcha|Matcha Gotcha|p1b: Manectric|[spread] p1a,p1b\n|-damage|p1a: Pelipper|68/100\n|-heal|p2b: Sinistcha|66/100|[from] drain|[of] p1a: Pelipper\n|-damage|p1b: Manectric|21/100\n|-heal|p2b: Sinistcha|82/100|[from] drain|[of] p1b: Manectric\n|move|p1b: Manectric|Flamethrower|p2b: Sinistcha\n|-supereffective|p2b: Sinistcha|1\n|-damage|p2b: Sinistcha|44/100\n|-enditem|p2b: Sinistcha|Sitrus Berry|[eat]\n|-heal|p2b: Sinistcha|68/100|[from] item: Sitrus Berry\n|move|p2a: Rotom|Discharge|p1b: Manectric|[spread] p2b,p1a,p1b\n|-resisted|p2b: Sinistcha|1\n|-crit|p2b: Sinistcha\n|-supereffective|p1a: Pelipper|2\n|-resisted|p1b: Manectric|1\n|-damage|p2b: Sinistcha|48/100\n|-damage|p1a: Pelipper|0 fnt\n|-damage|p1b: Manectric|3/100\n|faint|p1a: Pelipper\n|\n|-weather|RainDance|[upkeep]\n|upkeep\n|inactive|vnunesp12 has 30 seconds left.\n|\n|t:|1775965911\n|switch|p1a: Sneasler|Sneasler, L50, F|17/100\n|turn|6\n|\n|t:|1775965928\n|move|p1b: Manectric|Protect|p1b: Manectric\n|-singleturn|p1b: Manectric|Protect\n|move|p1a: Sneasler|Fake Out|p2a: Rotom\n|-damage|p2a: Rotom|83/100\n|move|p2b: Sinistcha|Matcha Gotcha|p1a: Sneasler|[spread] p1a\n|-activate|p1b: Manectric|move: Protect\n|-resisted|p1a: Sneasler|1\n|-damage|p1a: Sneasler|4/100\n|-heal|p2b: Sinistcha|54/100|[from] drain|[of] p1a: Sneasler\n|cant|p2a: Rotom|flinch\n|\n|-weather|RainDance|[upkeep]\n|upkeep\n|turn|7\n|\n|t:|1775965951\n|move|p1b: Manectric|Protect||[still]\n|-fail|p1b: Manectric\n|move|p2b: Sinistcha|Matcha Gotcha|p1a: Sneasler|[spread] p1a,p1b\n|-resisted|p1a: Sneasler|1\n|-damage|p1a: Sneasler|0 fnt\n|-heal|p2b: Sinistcha|56/100|[from] drain|[of] p1a: Sneasler\n|-damage|p1b: Manectric|0 fnt\n|-heal|p2b: Sinistcha|57/100|[from] drain|[of] p1b: Manectric\n|faint|p1a: Sneasler\n|faint|p1b: Manectric\n|move|p2a: Rotom|Discharge|p2b: Sinistcha\n|-resisted|p2b: Sinistcha|1\n|-damage|p2b: Sinistcha|39/100\n|\n|-weather|RainDance|[upkeep]\n|-fieldend|move: Trick Room\n|upkeep\n|\n|t:|1775965969\n|switch|p1a: Basculegion|Basculegion, L50, M|100/100\n|turn|8\n|\n|t:|1775965987\n|move|p1a: Basculegion|Last Respects|p2a: Rotom\n|-damage|p2a: Rotom|0 fnt\n|faint|p2a: Rotom\n|move|p2b: Sinistcha|Matcha Gotcha|p1a: Basculegion\n|-supereffective|p1a: Basculegion|1\n|-damage|p1a: Basculegion|32/100\n|-heal|p2b: Sinistcha|76/100|[from] drain|[of] p1a: Basculegion\n|\n|-weather|RainDance|[upkeep]\n|upkeep\n|turn|9\n|\n|t:|1775966001\n|move|p1a: Basculegion|Last Respects|p2b: Sinistcha\n|-supereffective|p2b: Sinistcha|1\n|-damage|p2b: Sinistcha|0 fnt\n|faint|p2b: Sinistcha\n|\n|win|vnunesp12\n|raw|vnunesp12's rating: 1124 &rarr; <strong>1153</strong><br />(+29 for winning)\n|raw|Corsav.'s rating: 1178 &rarr; <strong>1149</strong><br />(-29 for losing)\n|l|\u2606Corsav.\n|player|p2|\n",
  "uploadtime": 1775966015,
  "views": 27,
  "formatid": "gen9championsvgc2026regma",
  "rating": 1149,
  "private": 0,
  "password": null
}