{
  "id": "gen9championsvgc2026regma-2588097374",
  "format": "[Gen 9 Champions] VGC 2026 Reg M-A",
  "players": [
    "YSKM9923",
    "screamingfroge"
  ],
  "log": "|j|\u2606YSKM9923\n|j|\u2606screamingfroge\n|t:|1776603948\n|gametype|doubles\n|player|p1|YSKM9923|ghetsis|1187\n|player|p2|screamingfroge|richboy|1144\n|gen|9\n|tier|[Gen 9 Champions] VGC 2026 Reg M-A\n|rated|\n|rule|Species Clause: Limit one of each Pok\u00e9mon\n|rule|Item Clause: Limit 1 of each item\n|clearpoke\n|poke|p1|Charizard, L50, M, shiny|\n|poke|p1|Sneasler, L50, M, shiny|\n|poke|p1|Whimsicott, L50, F, shiny|\n|poke|p1|Incineroar, L50, M, shiny|\n|poke|p1|Rotom-Wash, L50, shiny|\n|poke|p1|Garchomp, L50, F, shiny|\n|poke|p2|Starmie, L50|\n|poke|p2|Aegislash, L50, F|\n|poke|p2|Aerodactyl, L50, F|\n|poke|p2|Archaludon, L50, M|\n|poke|p2|Pelipper, L50, F|\n|poke|p2|Basculegion, L50, M|\n|teampreview|4\n|inactive|Battle timer is ON: inactive players will automatically lose when time's up. (requested by screamingfroge)\n|inactive|YSKM9923 has 60 seconds left.\n|\n|t:|1776603994\n|teamsize|p1|4\n|teamsize|p2|4\n|start\n|switch|p1a: Whimsicott|Whimsicott, L50, F, shiny|100/100\n|switch|p1b: Rotom|Rotom-Wash, L50, shiny|100/100\n|switch|p2a: Starmie|Starmie, L50|100/100\n|switch|p2b: Aegislash|Aegislash, L50, F|100/100\n|turn|1\n|\n|t:|1776604016\n|detailschange|p2a: Starmie|Starmie-Mega, L50\n|-mega|p2a: Starmie|Starmie|Starminite\n|move|p2a: Starmie|Protect|p2a: Starmie\n|-singleturn|p2a: Starmie|Protect\n|move|p1a: Whimsicott|Tailwind|p1a: Whimsicott\n|-sidestart|p1: YSKM9923|move: Tailwind\n|move|p1b: Rotom|Volt Switch|p2a: Starmie\n|-activate|p2a: Starmie|move: Protect\n|move|p2b: Aegislash|Substitute|p2b: Aegislash\n|-start|p2b: Aegislash|Substitute\n|-damage|p2b: Aegislash|76/100\n|\n|upkeep\n|turn|2\n|\n|t:|1776604039\n|switch|p2a: Archaludon|Archaludon, L50, M|100/100\n|move|p1a: Whimsicott|Taunt|p2a: Archaludon\n|-start|p2a: Archaludon|move: Taunt\n|move|p1b: Rotom|Volt Switch|p2a: Archaludon\n|-resisted|p2a: Archaludon|1\n|-crit|p2a: Archaludon\n|-damage|p2a: Archaludon|72/100\n|\n|t:|1776604050\n|switch|p1b: Charizard|Charizard, L50, M, shiny|100/100|[from] Volt Switch\n|move|p2b: Aegislash|Swords Dance|p2b: Aegislash\n|-boost|p2b: Aegislash|atk|2\n|\n|upkeep\n|turn|3\n|\n|t:|1776604071\n|switch|p2a: Starmie|Starmie-Mega, L50|100/100\n|detailschange|p1b: Charizard|Charizard-Mega-Y, L50, M, shiny\n|-mega|p1b: Charizard|Charizard|Charizardite Y\n|-weather|SunnyDay|[from] ability: Drought|[of] p1b: Charizard\n|move|p2b: Aegislash|King's Shield|p2b: Aegislash\n|-singleturn|p2b: Aegislash|Protect\n|move|p1a: Whimsicott|Taunt|p2b: Aegislash\n|-start|p2b: Aegislash|move: Taunt\n|-enditem|p2b: Aegislash|Mental Herb\n|-end|p2b: Aegislash|move: Taunt\n|move|p1b: Charizard|Heat Wave|p2b: Aegislash|[spread] p2a\n|-activate|p2b: Aegislash|move: Protect\n|-resisted|p2a: Starmie|1\n|-damage|p2a: Starmie|57/100\n|\n|-weather|SunnyDay|[upkeep]\n|upkeep\n|turn|4\n|inactive|screamingfroge has 30 seconds left.\n|\n|t:|1776604100\n|move|p1b: Charizard|Protect|p1b: Charizard\n|-singleturn|p1b: Charizard|Protect\n|-formechange|p2b: Aegislash|Aegislash-Blade|\n|move|p2b: Aegislash|Shadow Sneak|p1b: Charizard\n|-activate|p1b: Charizard|move: Protect\n|move|p1a: Whimsicott|Moonblast|p2b: Aegislash\n|-resisted|p2b: Aegislash|1\n|-end|p2b: Aegislash|Substitute\n|move|p2a: Starmie|Liquidation|p1b: Charizard\n|-activate|p1b: Charizard|move: Protect\n|\n|-weather|SunnyDay|[upkeep]\n|-sideend|p1: YSKM9923|move: Tailwind\n|upkeep\n|turn|5\n|\n|t:|1776604123\n|move|p2a: Starmie|Protect|p2a: Starmie\n|-singleturn|p2a: Starmie|Protect\n|move|p1a: Whimsicott|Tailwind|p1a: Whimsicott\n|-sidestart|p1: YSKM9923|move: Tailwind\n|move|p2b: Aegislash|Shadow Sneak|p1b: Charizard\n|-damage|p1b: Charizard|44/100\n|move|p1b: Charizard|Solar Beam||[still]\n|-prepare|p1b: Charizard|Solar Beam\n|-anim|p1b: Charizard|Solar Beam|p2a: Starmie\n|-activate|p2a: Starmie|move: Protect\n|\n|-weather|SunnyDay|[upkeep]\n|upkeep\n|turn|6\n|\n|t:|1776604141\n|switch|p2a: Pelipper|Pelipper, L50, F|100/100\n|-weather|RainDance|[from] ability: Drizzle|[of] p2a: Pelipper\n|move|p1a: Whimsicott|Taunt|p2b: Aegislash\n|-start|p2b: Aegislash|move: Taunt\n|move|p2b: Aegislash|Shadow Sneak|p1b: Charizard\n|-damage|p1b: Charizard|0 fnt\n|faint|p1b: Charizard\n|\n|-weather|RainDance|[upkeep]\n|upkeep\n|\n|t:|1776604151\n|switch|p1b: Rotom|Rotom-Wash, L50, shiny|100/100\n|turn|7\n|\n|t:|1776604169\n|move|p2a: Pelipper|Protect|p2a: Pelipper\n|-singleturn|p2a: Pelipper|Protect\n|move|p1a: Whimsicott|Sunny Day|p1a: Whimsicott\n|-weather|SunnyDay\n|move|p2b: Aegislash|Shadow Sneak|p1a: Whimsicott\n|-damage|p1a: Whimsicott|25/100\n|move|p1b: Rotom|Volt Switch|p2a: Pelipper\n|-activate|p2a: Pelipper|move: Protect\n|\n|-weather|SunnyDay|[upkeep]\n|upkeep\n|turn|8\n|\n|t:|1776604192\n|switch|p2a: Archaludon|Archaludon, L50, M|72/100\n|move|p1a: Whimsicott|Taunt|p2a: Archaludon\n|-start|p2a: Archaludon|move: Taunt\n|move|p2b: Aegislash|Shadow Sneak|p1a: Whimsicott\n|-damage|p1a: Whimsicott|0 fnt\n|faint|p1a: Whimsicott\n|move|p1b: Rotom|Electroweb|p2b: Aegislash|[spread] p2a,p2b\n|-resisted|p2a: Archaludon|1\n|-damage|p2a: Archaludon|60/100\n|-damage|p2b: Aegislash|51/100\n|-unboost|p2a: Archaludon|spe|1\n|-unboost|p2b: Aegislash|spe|1\n|-enditem|p2a: Archaludon|White Herb\n|-clearnegativeboost|p2a: Archaludon|[silent]\n|\n|-weather|SunnyDay|[upkeep]\n|-end|p2b: Aegislash|move: Taunt\n|-sideend|p1: YSKM9923|move: Tailwind\n|upkeep\n|\n|t:|1776604209\n|switch|p1a: Garchomp|Garchomp, L50, F, shiny|100/100\n|turn|9\n|\n|t:|1776604225\n|switch|p2a: Pelipper|Pelipper, L50, F|100/100\n|-weather|RainDance|[from] ability: Drizzle|[of] p2a: Pelipper\n|-formechange|p2b: Aegislash|Aegislash|\n|move|p2b: Aegislash|King's Shield|p2b: Aegislash\n|-singleturn|p2b: Aegislash|Protect\n|move|p1a: Garchomp|Earthquake|p2b: Aegislash|[spread] \n|-activate|p2b: Aegislash|move: Protect\n|-immune|p1b: Rotom|[from] ability: Levitate\n|-immune|p2a: Pelipper\n|move|p1b: Rotom|Electroweb|p2b: Aegislash|[spread] p2a\n|-activate|p2b: Aegislash|move: Protect\n|-supereffective|p2a: Pelipper|2\n|-damage|p2a: Pelipper|22/100\n|-unboost|p2a: Pelipper|spe|1\n|-enditem|p2a: Pelipper|Sitrus Berry|[eat]\n|-heal|p2a: Pelipper|46/100|[from] item: Sitrus Berry\n|\n|-weather|RainDance|[upkeep]\n|upkeep\n|turn|10\n|inactive|screamingfroge has 30 seconds left.\n|inactive|screamingfroge has 20 seconds left.\n|\n|t:|1776604261\n|-formechange|p2b: Aegislash|Aegislash-Blade|\n|move|p2b: Aegislash|Shadow Sneak|p1b: Rotom\n|-damage|p1b: Rotom|58/100\n|move|p1a: Garchomp|Earthquake|p2b: Aegislash|[spread] p2b\n|-immune|p1b: Rotom|[from] ability: Levitate\n|-immune|p2a: Pelipper\n|-supereffective|p2b: Aegislash|1\n|-damage|p2b: Aegislash|0 fnt\n|faint|p2b: Aegislash\n|move|p1b: Rotom|Electroweb|p2a: Pelipper\n|-supereffective|p2a: Pelipper|2\n|-damage|p2a: Pelipper|0 fnt\n|faint|p2a: Pelipper\n|\n|-weather|RainDance|[upkeep]\n|-heal|p1b: Rotom|64/100|[from] item: Leftovers\n|upkeep\n|\n|t:|1776604276\n|switch|p2a: Starmie|Starmie-Mega, L50|57/100\n|switch|p2b: Archaludon|Archaludon, L50, M|60/100\n|turn|11\n|inactive|screamingfroge has 30 seconds left.\n|\n|t:|1776604311\n|move|p2b: Archaludon|Protect|p2b: Archaludon\n|-singleturn|p2b: Archaludon|Protect\n|move|p1a: Garchomp|Earthquake|p2b: Archaludon|[spread] p2a\n|-activate|p2b: Archaludon|move: Protect\n|-immune|p1b: Rotom|[from] ability: Levitate\n|-damage|p2a: Starmie|3/100\n|move|p2a: Starmie|Liquidation|p1a: Garchomp\n|-damage|p1a: Garchomp|0 fnt\n|-damage|p2a: Starmie|0 fnt|[from] ability: Rough Skin|[of] p1a: Garchomp\n|faint|p1a: Garchomp\n|faint|p2a: Starmie\n|move|p1b: Rotom|Electroweb|p2b: Archaludon\n|-activate|p2b: Archaludon|move: Protect\n|\n|-weather|RainDance|[upkeep]\n|-heal|p1b: Rotom|70/100|[from] item: Leftovers\n|upkeep\n|turn|12\n|inactive|screamingfroge has 30 seconds left.\n|\n|t:|1776604341\n|move|p2b: Archaludon|Electro Shot||[still]\n|-prepare|p2b: Archaludon|Electro Shot\n|-boost|p2b: Archaludon|spa|1\n|-anim|p2b: Archaludon|Electro Shot|p1b: Rotom\n|-damage|p1b: Rotom|0 fnt\n|faint|p1b: Rotom\n|\n|win|screamingfroge\n|raw|YSKM9923's rating: 1187 &rarr; <strong>1159</strong><br />(-28 for losing)\n|raw|screamingfroge's rating: 1144 &rarr; <strong>1172</strong><br />(+28 for winning)\n|l|\u2606screamingfroge\n|player|p2|\n",
  "uploadtime": 1776604873,
  "views": 9,
  "formatid": "gen9championsvgc2026regma",
  "rating": 1159,
  "private": 0,
  "password": null
}