{
  "id": "gen9championsvgc2026regma-2583853259",
  "format": "[Gen 9 Champions] VGC 2026 Reg M-A",
  "players": [
    "daelynntheshark",
    "iSacred1362"
  ],
  "log": "|j|\u2606daelynntheshark\n|j|\u2606iSacred1362\n|t:|1776202825\n|gametype|doubles\n|player|p1|daelynntheshark|guitarist|1105\n|player|p2|iSacred1362|cyrus|1109\n|gen|9\n|tier|[Gen 9 Champions] VGC 2026 Reg M-A\n|rated|\n|rule|Species Clause: Limit one of each Pok\u00e9mon\n|rule|Item Clause: Limit 1 of each item\n|clearpoke\n|poke|p1|Basculegion-F, L50, F|\n|poke|p1|Meowstic, L50, M|\n|poke|p1|Alakazam, L50, M|\n|poke|p1|Aerodactyl, L50, M|\n|poke|p1|Garchomp, L50, M|\n|poke|p1|Delphox, L50, F|\n|poke|p2|Crabominable, L50, M|\n|poke|p2|Mr. Rime, L50, M|\n|poke|p2|Ninetales-Alola, L50, M|\n|poke|p2|Hatterene, L50, F|\n|poke|p2|Camerupt, L50, F|\n|poke|p2|Incineroar, L50, M|\n|teampreview|4\n|inactive|Battle timer is ON: inactive players will automatically lose when time's up. (requested by iSacred1362)\n|\n|t:|1776202845\n|teamsize|p1|4\n|teamsize|p2|4\n|start\n|switch|p1a: Meowstic|Meowstic, L50, M|100/100\n|switch|p1b: Alakazam|Alakazam, L50, M|100/100\n|switch|p2a: Mr. Rime|Mr. Rime, L50, M|100/100\n|switch|p2b: Incineroar|Incineroar, L50, M|100/100\n|-ability|p2b: Incineroar|Intimidate|boost\n|-unboost|p1a: Meowstic|atk|1\n|-fail|p1b: Alakazam|unboost|Attack|[from] ability: Inner Focus|[of] p1b: Alakazam\n|turn|1\n|\n|t:|1776202868\n|switch|p2b: Crabominable|Crabominable, L50, M|100/100\n|detailschange|p1b: Alakazam|Alakazam-Mega, L50, M\n|-mega|p1b: Alakazam|Alakazam|Alakazite\n|-ability|p1b: Alakazam|Anger Point|Trace|[from] ability: Trace|[of] p2b: Crabominable\n|move|p1a: Meowstic|Fake Out|p2a: Mr. Rime\n|-damage|p2a: Mr. Rime|96/100\n|move|p1b: Alakazam|Nasty Plot|p1b: Alakazam\n|-boost|p1b: Alakazam|spa|2\n|cant|p2a: Mr. Rime|flinch\n|\n|upkeep\n|turn|2\n|\n|t:|1776202885\n|move|p2b: Crabominable|Protect|p2b: Crabominable\n|-singleturn|p2b: Crabominable|Protect\n|move|p1a: Meowstic|Psychic Terrain|p1a: Meowstic\n|-fieldstart|move: Psychic Terrain\n|move|p1b: Alakazam|Expanding Force|p2b: Crabominable|[spread] p2a\n|-activate|p2b: Crabominable|move: Protect\n|-resisted|p2a: Mr. Rime|1\n|-damage|p2a: Mr. Rime|15/100\n|move|p2a: Mr. Rime|Trick Room|p2a: Mr. Rime\n|-fieldstart|move: Trick Room|[of] p2a: Mr. Rime\n|\n|upkeep\n|turn|3\n|\n|t:|1776202905\n|detailschange|p2b: Crabominable|Crabominable-Mega, L50, M\n|-mega|p2b: Crabominable|Crabominable|Crabominite\n|move|p1a: Meowstic|Thunder Wave|p2b: Crabominable\n|-activate|p2b: Crabominable|move: Psychic Terrain\n|move|p2b: Crabominable|Earthquake|p1a: Meowstic|[spread] p2a,p1a,p1b\n|-crit|p1a: Meowstic\n|-damage|p2a: Mr. Rime|0 fnt\n|-damage|p1a: Meowstic|36/100\n|-damage|p1b: Alakazam|45/100\n|faint|p2a: Mr. Rime\n|move|p1b: Alakazam|Expanding Force|p2b: Crabominable\n|-supereffective|p2b: Crabominable|1\n|-damage|p2b: Crabominable|0 fnt\n|faint|p2b: Crabominable\n|\n|upkeep\n|\n|t:|1776202913\n|switch|p2b: Incineroar|Incineroar, L50, M|100/100\n|switch|p2a: Hatterene|Hatterene, L50, F|100/100\n|-ability|p2b: Incineroar|Intimidate|boost\n|-unboost|p1a: Meowstic|atk|1\n|-unboost|p1b: Alakazam|atk|1\n|turn|4\n|\n|t:|1776202927\n|move|p1b: Alakazam|Protect|p1b: Alakazam\n|-singleturn|p1b: Alakazam|Protect\n|move|p2a: Hatterene|Dazzling Gleam|p1a: Meowstic|[spread] p1a\n|-activate|p1b: Alakazam|move: Protect\n|-damage|p1a: Meowstic|0 fnt\n|faint|p1a: Meowstic\n|move|p2b: Incineroar|Flare Blitz|p1b: Alakazam\n|-activate|p1b: Alakazam|move: Protect\n|\n|upkeep\n|\n|t:|1776202938\n|switch|p1a: Aerodactyl|Aerodactyl, L50, M|100/100\n|-ability|p1a: Aerodactyl|Unnerve\n|turn|5\n|\n|t:|1776202946\n|move|p1a: Aerodactyl|Protect|p1a: Aerodactyl\n|-singleturn|p1a: Aerodactyl|Protect\n|move|p2a: Hatterene|Dazzling Gleam|p1a: Aerodactyl|[spread] p1b\n|-activate|p1a: Aerodactyl|move: Protect\n|-damage|p1b: Alakazam|6/100\n|move|p2b: Incineroar|Flare Blitz|p1b: Alakazam\n|-damage|p1b: Alakazam|0 fnt\n|faint|p1b: Alakazam\n|-damage|p2b: Incineroar|99/100|[from] Recoil\n|\n|upkeep\n|\n|t:|1776202955\n|switch|p1b: Garchomp|Garchomp, L50, M|100/100\n|turn|6\n|\n|t:|1776202963\n|move|p1b: Garchomp|Protect|p1b: Garchomp\n|-singleturn|p1b: Garchomp|Protect\n|move|p2a: Hatterene|Dazzling Gleam|p1a: Aerodactyl|[spread] p1a\n|-activate|p1b: Garchomp|move: Protect\n|-damage|p1a: Aerodactyl|57/100\n|move|p2b: Incineroar|Will-O-Wisp|p1a: Aerodactyl|[miss]\n|-miss|p2b: Incineroar|p1a: Aerodactyl\n|move|p1a: Aerodactyl|Rock Slide|p2b: Incineroar|[spread] p2a,p2b\n|-supereffective|p2b: Incineroar|1\n|-damage|p2a: Hatterene|70/100\n|-damage|p2b: Incineroar|45/100\n|\n|-heal|p2a: Hatterene|76/100|[from] item: Leftovers\n|-fieldend|move: Trick Room\n|-fieldend|move: Psychic Terrain\n|upkeep\n|turn|7\n|\n|t:|1776202979\n|move|p1a: Aerodactyl|Rock Slide|p2a: Hatterene|[spread] p2a,p2b\n|-supereffective|p2b: Incineroar|1\n|-damage|p2a: Hatterene|46/100\n|-damage|p2b: Incineroar|0 fnt\n|faint|p2b: Incineroar\n|move|p1b: Garchomp|Earthquake|p2a: Hatterene|[spread] p2a\n|-immune|p1a: Aerodactyl\n|-damage|p2a: Hatterene|0 fnt\n|faint|p2a: Hatterene\n|\n|win|daelynntheshark\n|raw|daelynntheshark's rating: 1105 &rarr; <strong>1130</strong><br />(+25 for winning)\n|raw|iSacred1362's rating: 1109 &rarr; <strong>1084</strong><br />(-25 for losing)\n",
  "uploadtime": 1776202988,
  "views": 21,
  "formatid": "gen9championsvgc2026regma",
  "rating": 1084,
  "private": 0,
  "password": null
}