{
  "id": "gen9championsvgc2026regma-2583960276",
  "format": "[Gen 9 Champions] VGC 2026 Reg M-A",
  "players": [
    "sergropo2",
    "jerry_g13"
  ],
  "log": "|j|\u2606sergropo2\n|j|\u2606jerry_g13\n|t:|1776211981\n|gametype|doubles\n|player|p1|sergropo2|265|1082\n|player|p2|jerry_g13|leon|1025\n|gen|9\n|tier|[Gen 9 Champions] VGC 2026 Reg M-A\n|rated|\n|rule|Species Clause: Limit one of each Pok\u00e9mon\n|rule|Item Clause: Limit 1 of each item\n|clearpoke\n|poke|p1|Milotic, L50, M|\n|poke|p1|Ampharos, L50, F|\n|poke|p1|Tyranitar, L50, M|\n|poke|p1|Excadrill, L50, F|\n|poke|p1|Gardevoir, L50, M|\n|poke|p1|Emboar, L50, M|\n|poke|p2|Incineroar, L50, M|\n|poke|p2|Golurk, L50|\n|poke|p2|Oranguru, L50, M|\n|poke|p2|Palafin, L50, F|\n|poke|p2|Gengar, L50, M|\n|poke|p2|Maushold-Four, L50|\n|teampreview|4\n|\n|t:|1776212004\n|teamsize|p1|4\n|teamsize|p2|4\n|start\n|switch|p1a: Milotic|Milotic, L50, M|100/100\n|switch|p1b: Ampharos|Ampharos, L50, F, shiny|100/100\n|switch|p2a: Palafin|Palafin, L50, F|100/100\n|switch|p2b: Oranguru|Oranguru, L50, M|100/100\n|turn|1\n|\n|t:|1776212018\n|move|p2a: Palafin|Flip Turn|p1a: Milotic\n|-resisted|p1a: Milotic|1\n|-damage|p1a: Milotic|85/100\n|\n|t:|1776212022\n|detailschange|p2a: Palafin|Palafin-Hero, L50, F\n|switch|p2a: Golurk|Golurk, L50|100/100|[from] Flip Turn\n|move|p1a: Milotic|Scald|p2b: Oranguru\n|-damage|p2b: Oranguru|76/100\n|-status|p2b: Oranguru|brn\n|move|p1b: Ampharos|Thunder|p2b: Oranguru|[miss]\n|-miss|p1b: Ampharos|p2b: Oranguru\n|move|p2b: Oranguru|Trick Room|p2b: Oranguru\n|-fieldstart|move: Trick Room|[of] p2b: Oranguru\n|\n|-heal|p2b: Oranguru|82/100 brn|[from] item: Leftovers\n|-heal|p1a: Milotic|91/100|[from] item: Leftovers\n|-damage|p2b: Oranguru|76/100 brn|[from] brn\n|upkeep\n|turn|2\n|\n|t:|1776212039\n|detailschange|p2a: Golurk|Golurk-Mega, L50\n|-mega|p2a: Golurk|Golurk|Golurkite\n|detailschange|p1b: Ampharos|Ampharos-Mega, L50, F, shiny\n|-mega|p1b: Ampharos|Ampharos|Ampharosite\n|-ability|p1b: Ampharos|Mold Breaker\n|move|p2a: Golurk|Headlong Rush|p1b: Ampharos\n|-supereffective|p1b: Ampharos|1\n|-crit|p1b: Ampharos\n|-damage|p1b: Ampharos|0 fnt\n|-unboost|p2a: Golurk|def|1\n|-unboost|p2a: Golurk|spd|1\n|faint|p1b: Ampharos\n|move|p2b: Oranguru|Instruct|p2a: Golurk\n|-singleturn|p2a: Golurk|move: Instruct|[of] p2b: Oranguru\n|move|p2a: Golurk|Headlong Rush|p1a: Milotic\n|-damage|p1a: Milotic|1/100\n|-unboost|p2a: Golurk|def|1\n|-unboost|p2a: Golurk|spd|1\n|move|p1a: Milotic|Scald|p2a: Golurk\n|-supereffective|p2a: Golurk|1\n|-damage|p2a: Golurk|0 fnt\n|faint|p2a: Golurk\n|\n|-heal|p2b: Oranguru|82/100 brn|[from] item: Leftovers\n|-heal|p1a: Milotic|7/100|[from] item: Leftovers\n|-damage|p2b: Oranguru|76/100 brn|[from] brn\n|upkeep\n|\n|t:|1776212080\n|switch|p2a: Palafin|Palafin-Hero, L50, F|100/100\n|switch|p1b: Tyranitar|Tyranitar, L50, M|100/100\n|-weather|Sandstorm|[from] ability: Sand Stream|[of] p1b: Tyranitar\n|-activate|p2a: Palafin|ability: Zero to Hero\n|turn|3\n|inactive|Battle timer is ON: inactive players will automatically lose when time's up. (requested by jerry_g13)\n|\n|t:|1776212093\n|move|p2b: Oranguru|After You|p2a: Palafin\n|-activate|p2a: Palafin|move: After You\n|move|p2a: Palafin|Wave Crash|p1b: Tyranitar\n|-supereffective|p1b: Tyranitar|1\n|-damage|p1b: Tyranitar|0 fnt\n|faint|p1b: Tyranitar\n|-damage|p2a: Palafin|68/100|[from] Recoil\n|move|p1a: Milotic|Scald|p2a: Palafin\n|-resisted|p2a: Palafin|1\n|-damage|p2a: Palafin|48/100\n|-status|p2a: Palafin|brn\n|\n|-weather|Sandstorm|[upkeep]\n|-damage|p2b: Oranguru|70/100 brn|[from] Sandstorm\n|-damage|p1a: Milotic|1/100|[from] Sandstorm\n|-damage|p2a: Palafin|42/100 brn|[from] Sandstorm\n|-heal|p2b: Oranguru|76/100 brn|[from] item: Leftovers\n|-heal|p1a: Milotic|7/100|[from] item: Leftovers\n|-damage|p2b: Oranguru|70/100 brn|[from] brn\n|-damage|p2a: Palafin|36/100 brn|[from] brn\n|upkeep\n|\n|t:|1776212108\n|switch|p1b: Excadrill|Excadrill, L50, F|100/100\n|turn|4\n|c|\u2606jerry_g13|this is my most schizophrenic team\n|inactive|jerry_g13 has 30 seconds left.\n|\n|t:|1776212137\n|move|p2b: Oranguru|After You|p2a: Palafin\n|-activate|p2a: Palafin|move: After You\n|move|p2a: Palafin|Wave Crash|p1b: Excadrill\n|-supereffective|p1b: Excadrill|1\n|-damage|p1b: Excadrill|0 fnt\n|faint|p1b: Excadrill\n|-damage|p2a: Palafin|1/100 brn|[from] Recoil\n|move|p1a: Milotic|Recover|p1a: Milotic\n|-heal|p1a: Milotic|57/100\n|\n|-weather|Sandstorm|[upkeep]\n|-damage|p2b: Oranguru|63/100 brn|[from] Sandstorm\n|-damage|p1a: Milotic|51/100|[from] Sandstorm\n|-damage|p2a: Palafin|0 fnt|[from] Sandstorm\n|faint|p2a: Palafin\n|-heal|p2b: Oranguru|70/100 brn|[from] item: Leftovers\n|-heal|p1a: Milotic|57/100|[from] item: Leftovers\n|-damage|p2b: Oranguru|63/100 brn|[from] brn\n|upkeep\n|\n|t:|1776212152\n|switch|p2a: Gatudo|Incineroar, L50, M|100/100\n|-ability|p2a: Gatudo|Intimidate|boost\n|-unboost|p1a: Milotic|atk|1\n|-ability|p1a: Milotic|Competitive|boost\n|-boost|p1a: Milotic|spa|2\n|turn|5\n|-message|sergropo2 forfeited.\n|\n|win|jerry_g13\n|raw|sergropo2's rating: 1082 &rarr; <strong>1056</strong><br />(-26 for losing)\n|raw|jerry_g13's rating: 1025 &rarr; <strong>1067</strong><br />(+42 for winning)\n|l|\u2606sergropo2\n|player|p1|\n",
  "uploadtime": 1776212168,
  "views": 17,
  "formatid": "gen9championsvgc2026regma",
  "rating": 1056,
  "private": 0,
  "password": null
}