{
  "id": "gen9championsvgc2026regma-2580851712",
  "format": "[Gen 9 Champions] VGC 2026 Reg M-A",
  "players": [
    "grok how do i win?",
    "Forbranna"
  ],
  "log": "|j|\u2606grok how do i win?\n|j|\u2606Forbranna\n|t:|1775937718\n|gametype|doubles\n|player|p1|grok how do i win?|1|1188\n|player|p2|Forbranna|101|1146\n|gen|9\n|tier|[Gen 9 Champions] VGC 2026 Reg M-A\n|rated|\n|rule|Species Clause: Limit one of each Pok\u00e9mon\n|rule|Item Clause: Limit 1 of each item\n|clearpoke\n|poke|p1|Charizard, L50, F|\n|poke|p1|Venusaur, L50, F|\n|poke|p1|Garchomp, L50, F|\n|poke|p1|Incineroar, L50, M|\n|poke|p1|Whimsicott, L50, M|\n|poke|p1|Raichu, L50, F|\n|poke|p2|Meganium, L50, F|\n|poke|p2|Tyranitar, L50, M|\n|poke|p2|Excadrill, L50, F|\n|poke|p2|Aegislash, L50, M|\n|poke|p2|Volcarona, L50, F|\n|poke|p2|Rotom-Wash, L50|\n|teampreview|4\n|\n|t:|1775937740\n|teamsize|p1|4\n|teamsize|p2|4\n|start\n|switch|p1a: Whimsicott|Whimsicott, L50, M, shiny|100/100\n|switch|p1b: Garchomp|Garchomp, L50, F|100/100\n|switch|p2a: Robespierre|Excadrill, L50, F, shiny|100/100\n|switch|p2b: Ivan IV|Tyranitar, L50, M, shiny|100/100\n|-weather|Sandstorm|[from] ability: Sand Stream|[of] p2b: Ivan IV\n|turn|1\n|\n|t:|1775937769\n|switch|p2b: Theodora|Volcarona, L50, F|100/100\n|move|p1a: Whimsicott|Tailwind|p1a: Whimsicott\n|-sidestart|p1: grok how do i win?|move: Tailwind\n|move|p1b: Garchomp|Earthquake|p2b: Theodora|[spread] p1a,p2a,p2b\n|-resisted|p1a: Whimsicott|1\n|-supereffective|p2a: Robespierre|1\n|-damage|p1a: Whimsicott|78/100\n|-enditem|p2a: Robespierre|Focus Sash\n|-damage|p2a: Robespierre|1/100\n|-damage|p2b: Theodora|55/100\n|move|p2a: Robespierre|Iron Head|p1a: Whimsicott\n|-supereffective|p1a: Whimsicott|1\n|-damage|p1a: Whimsicott|0 fnt\n|faint|p1a: Whimsicott\n|\n|-weather|Sandstorm|[upkeep]\n|-damage|p2b: Theodora|48/100|[from] Sandstorm\n|-heal|p2b: Theodora|55/100|[from] item: Leftovers\n|upkeep\n|\n|t:|1775937788\n|switch|p1a: Charizard|Charizard, L50, F, shiny|100/100\n|turn|2\n|\n|t:|1775937803\n|move|p1a: Charizard|Protect|p1a: Charizard\n|-singleturn|p1a: Charizard|Protect\n|move|p2b: Theodora|Protect|p2b: Theodora\n|-singleturn|p2b: Theodora|Protect\n|move|p1b: Garchomp|Rock Slide|p2b: Theodora|[spread] p2a\n|-activate|p2b: Theodora|move: Protect\n|-resisted|p2a: Robespierre|2\n|-damage|p2a: Robespierre|0 fnt\n|faint|p2a: Robespierre\n|\n|-weather|Sandstorm|[upkeep]\n|-damage|p1a: Charizard|95/100|[from] Sandstorm\n|-damage|p2b: Theodora|48/100|[from] Sandstorm\n|-heal|p2b: Theodora|55/100|[from] item: Leftovers\n|upkeep\n|\n|t:|1775937817\n|switch|p2a: Charles V|Aegislash, L50, M, shiny|100/100\n|turn|3\n|\n|t:|1775937828\n|detailschange|p1a: Charizard|Charizard-Mega-Y, L50, F, shiny\n|-mega|p1a: Charizard|Charizard|Charizardite Y\n|-weather|SunnyDay|[from] ability: Drought|[of] p1a: Charizard\n|move|p2a: Charles V|Wide Guard|p2a: Charles V\n|-singleturn|p2a: Charles V|Wide Guard\n|move|p1b: Garchomp|Earthquake|p2b: Theodora|[spread] \n|-activate|p2a: Charles V|move: Wide Guard\n|-activate|p2b: Theodora|move: Wide Guard\n|-immune|p1a: Charizard\n|move|p1a: Charizard|Heat Wave|p2a: Charles V|[spread] \n|-activate|p2a: Charles V|move: Wide Guard\n|-activate|p2b: Theodora|move: Wide Guard\n|move|p2b: Theodora|Tailwind|p2b: Theodora\n|-sidestart|p2: Forbranna|move: Tailwind\n|\n|-weather|SunnyDay|[upkeep]\n|-heal|p2b: Theodora|61/100|[from] item: Leftovers\n|upkeep\n|turn|4\n|\n|t:|1775937865\n|move|p2b: Theodora|Protect|p2b: Theodora\n|-singleturn|p2b: Theodora|Protect\n|move|p2a: Charles V|King's Shield||[still]\n|-fail|p2a: Charles V\n|move|p1b: Garchomp|Earthquake|p2a: Charles V|[spread] p2a\n|-activate|p2b: Theodora|move: Protect\n|-immune|p1a: Charizard\n|-supereffective|p2a: Charles V|1\n|-damage|p2a: Charles V|35/100\n|-enditem|p2a: Charles V|Sitrus Berry|[eat]\n|-heal|p2a: Charles V|59/100|[from] item: Sitrus Berry\n|move|p1a: Charizard|Air Slash|p2b: Theodora\n|-activate|p2b: Theodora|move: Protect\n|\n|-weather|SunnyDay|[upkeep]\n|-heal|p2b: Theodora|67/100|[from] item: Leftovers\n|-sideend|p1: grok how do i win?|move: Tailwind\n|upkeep\n|turn|5\n|\n|t:|1775937907\n|switch|p2b: Ivan IV|Tyranitar, L50, M, shiny|100/100\n|-weather|Sandstorm|[from] ability: Sand Stream|[of] p2b: Ivan IV\n|move|p2a: Charles V|Wide Guard|p2a: Charles V\n|-singleturn|p2a: Charles V|Wide Guard\n|move|p1b: Garchomp|Earthquake|p2a: Charles V|[spread] \n|-activate|p2a: Charles V|move: Wide Guard\n|-activate|p2b: Ivan IV|move: Wide Guard\n|-immune|p1a: Charizard\n|move|p1a: Charizard|Air Slash|p2b: Ivan IV\n|-resisted|p2b: Ivan IV|1\n|-damage|p2b: Ivan IV|86/100\n|\n|-weather|Sandstorm|[upkeep]\n|-damage|p1a: Charizard|89/100|[from] Sandstorm\n|upkeep\n|turn|6\n|\n|t:|1775937931\n|switch|p1a: Venusaur|Venusaur, L50, F, shiny|100/100\n|move|p2a: Charles V|Wide Guard|p2a: Charles V\n|-singleturn|p2a: Charles V|Wide Guard\n|move|p2b: Ivan IV|Rock Slide|p1a: Venusaur|[spread] p1a,p1b\n|-resisted|p1b: Garchomp|1\n|-damage|p1a: Venusaur|60/100\n|-damage|p1b: Garchomp|83/100\n|move|p1b: Garchomp|Dragon Claw|p2b: Ivan IV\n|-damage|p2b: Ivan IV|50/100\n|\n|-weather|Sandstorm|[upkeep]\n|-damage|p1a: Venusaur|54/100|[from] Sandstorm\n|-sideend|p2: Forbranna|move: Tailwind\n|upkeep\n|turn|7\n|\n|t:|1775937978\n|detailschange|p2b: Ivan IV|Tyranitar-Mega, L50, M, shiny\n|-mega|p2b: Ivan IV|Tyranitar|Tyranitarite\n|move|p2a: Charles V|Wide Guard|p2a: Charles V\n|-singleturn|p2a: Charles V|Wide Guard\n|move|p1b: Garchomp|Dragon Claw|p2b: Ivan IV\n|-damage|p2b: Ivan IV|21/100\n|move|p1a: Venusaur|Giga Drain|p2b: Ivan IV\n|-supereffective|p2b: Ivan IV|1\n|-damage|p2b: Ivan IV|0 fnt\n|-heal|p1a: Venusaur|67/100|[from] drain|[of] p2b: Ivan IV\n|faint|p2b: Ivan IV\n|\n|-weather|Sandstorm|[upkeep]\n|-damage|p1a: Venusaur|61/100|[from] Sandstorm\n|upkeep\n|-message|Forbranna forfeited.\n|\n|win|grok how do i win?\n|raw|grok how do i win?'s rating: 1188 &rarr; <strong>1210</strong><br />(+22 for winning)\n|raw|Forbranna's rating: 1146 &rarr; <strong>1124</strong><br />(-22 for losing)\n",
  "uploadtime": 1775937998,
  "views": 14,
  "formatid": "gen9championsvgc2026regma",
  "rating": 1124,
  "private": 0,
  "password": null
}