{
  "id": "gen9championsvgc2026regma-2584592780",
  "format": "[Gen 9 Champions] VGC 2026 Reg M-A",
  "players": [
    "CrimxynxVGC",
    "Mastah VGC"
  ],
  "log": "|j|\u2606CrimxynxVGC\n|j|\u2606Mastah VGC\n|t:|1776270858\n|gametype|doubles\n|player|p1|CrimxynxVGC|clair|1132\n|player|p2|Mastah VGC|cynthia-gen4|1163\n|gen|9\n|tier|[Gen 9 Champions] VGC 2026 Reg M-A\n|rated|\n|rule|Species Clause: Limit one of each Pok\u00e9mon\n|rule|Item Clause: Limit 1 of each item\n|clearpoke\n|poke|p1|Tyranitar, L50, M|\n|poke|p1|Delphox, L50, M|\n|poke|p1|Milotic, L50, M|\n|poke|p1|Sneasler, L50, F|\n|poke|p1|Kommo-o, L50, F|\n|poke|p1|Aerodactyl, L50, M|\n|poke|p2|Pelipper, L50, F|\n|poke|p2|Basculegion, L50, M|\n|poke|p2|Archaludon, L50, M|\n|poke|p2|Sneasler, L50, M|\n|poke|p2|Sinistcha, L50|\n|poke|p2|Dragonite, L50, M|\n|teampreview|4\n|inactive|Battle timer is ON: inactive players will automatically lose when time's up. (requested by Mastah VGC)\n|inactive|CrimxynxVGC has 60 seconds left.\n|inactive|Mastah VGC has 60 seconds left.\n|\n|t:|1776270918\n|teamsize|p1|4\n|teamsize|p2|4\n|start\n|switch|p1a: Milotic|Milotic, L50, M|100/100\n|switch|p1b: Aerodactyl|Aerodactyl, L50, M|100/100\n|switch|p2a: Sneasler|Sneasler, L50, M|100/100\n|switch|p2b: Sinistcha|Sinistcha, L50|100/100\n|-ability|p1b: Aerodactyl|Unnerve\n|turn|1\n|\n|t:|1776270935\n|switch|p2b: Archaludon|Archaludon, L50, M|100/100\n|move|p2a: Sneasler|Fake Out|p1b: Aerodactyl\n|-resisted|p1b: Aerodactyl|1\n|-damage|p1b: Aerodactyl|90/100\n|cant|p1b: Aerodactyl|flinch\n|move|p1a: Milotic|Ice Beam|p2b: Archaludon\n|-damage|p2b: Archaludon|74/100\n|-ability|p2b: Archaludon|Stamina|boost\n|-boost|p2b: Archaludon|def|1\n|\n|-heal|p2b: Archaludon|80/100|[from] item: Leftovers\n|upkeep\n|turn|2\n|\n|t:|1776270954\n|switch|p2a: Pelipper|Pelipper, L50, F|100/100\n|-weather|RainDance|[from] ability: Drizzle|[of] p2a: Pelipper\n|move|p1b: Aerodactyl|Tailwind|p1b: Aerodactyl\n|-sidestart|p1: CrimxynxVGC|move: Tailwind\n|move|p1a: Milotic|Icy Wind|p2b: Archaludon|[spread] p2a,p2b\n|-damage|p2a: Pelipper|79/100\n|-damage|p2b: Archaludon|67/100\n|-unboost|p2a: Pelipper|spe|1\n|-unboost|p2b: Archaludon|spe|1\n|-ability|p2b: Archaludon|Stamina|boost\n|-boost|p2b: Archaludon|def|1\n|move|p2b: Archaludon|Electro Shot||[still]\n|-prepare|p2b: Archaludon|Electro Shot\n|-boost|p2b: Archaludon|spa|1\n|-anim|p2b: Archaludon|Electro Shot|p1b: Aerodactyl\n|-supereffective|p1b: Aerodactyl|1\n|-damage|p1b: Aerodactyl|0 fnt\n|faint|p1b: Aerodactyl\n|\n|-weather|RainDance|[upkeep]\n|-heal|p2b: Archaludon|73/100|[from] item: Leftovers\n|upkeep\n|\n|t:|1776270974\n|switch|p1b: Kommo-o|Kommo-o, L50, F|100/100\n|turn|3\n|\n|t:|1776270995\n|move|p1b: Kommo-o|Aura Sphere|p2b: Archaludon\n|-supereffective|p2b: Archaludon|1\n|-damage|p2b: Archaludon|0 fnt\n|faint|p2b: Archaludon\n|move|p1a: Milotic|Ice Beam|p2a: Pelipper\n|-damage|p2a: Pelipper|33/100\n|move|p2a: Pelipper|Hurricane|p1b: Kommo-o\n|-supereffective|p1b: Kommo-o|1\n|-damage|p1b: Kommo-o|8/100\n|\n|-weather|RainDance|[upkeep]\n|-heal|p1b: Kommo-o|14/100|[from] item: Leftovers\n|upkeep\n|\n|t:|1776271006\n|switch|p2b: Sinistcha|Sinistcha, L50|100/100\n|-heal|p2a: Pelipper|57/100|[from] ability: Hospitality|[of] p2b: Sinistcha\n|turn|4\n|\n|t:|1776271025\n|move|p1b: Kommo-o|Clanging Scales|p2a: Pelipper|[spread] p2a,p2b\n|-damage|p2a: Pelipper|0 fnt\n|-damage|p2b: Sinistcha|63/100\n|faint|p2a: Pelipper\n|-unboost|p1b: Kommo-o|def|1\n|move|p1a: Milotic|Ice Beam|p2b: Sinistcha\n|-supereffective|p2b: Sinistcha|1\n|-damage|p2b: Sinistcha|15/100\n|-enditem|p2b: Sinistcha|Sitrus Berry|[eat]\n|-heal|p2b: Sinistcha|40/100|[from] item: Sitrus Berry\n|move|p2b: Sinistcha|Trick Room|p2b: Sinistcha\n|-fieldstart|move: Trick Room|[of] p2b: Sinistcha\n|\n|-weather|RainDance|[upkeep]\n|-heal|p1b: Kommo-o|20/100|[from] item: Leftovers\n|upkeep\n|\n|t:|1776271030\n|switch|p2a: Sneasler|Sneasler, L50, M|100/100\n|turn|5\n|\n|t:|1776271042\n|move|p1a: Milotic|Protect|p1a: Milotic\n|-singleturn|p1a: Milotic|Protect\n|move|p1b: Kommo-o|Protect|p1b: Kommo-o\n|-singleturn|p1b: Kommo-o|Protect\n|move|p2b: Sinistcha|Matcha Gotcha|p1b: Kommo-o|[spread] \n|-activate|p1a: Milotic|move: Protect\n|-activate|p1b: Kommo-o|move: Protect\n|move|p2a: Sneasler|Dire Claw|p1b: Kommo-o\n|-activate|p1b: Kommo-o|move: Protect\n|\n|-weather|RainDance|[upkeep]\n|-heal|p1b: Kommo-o|26/100|[from] item: Leftovers\n|-sideend|p1: CrimxynxVGC|move: Tailwind\n|upkeep\n|turn|6\n|\n|t:|1776271064\n|move|p2b: Sinistcha|Matcha Gotcha|p1b: Kommo-o|[spread] p1a,p1b\n|-supereffective|p1a: Milotic|1\n|-resisted|p1b: Kommo-o|1\n|-damage|p1a: Milotic|63/100\n|-heal|p2b: Sinistcha|61/100|[from] drain|[of] p1a: Milotic\n|-damage|p1b: Kommo-o|14/100\n|-heal|p2b: Sinistcha|67/100|[from] drain|[of] p1b: Kommo-o\n|-status|p1b: Kommo-o|brn\n|move|p1b: Kommo-o|Clanging Scales|p2a: Sneasler|[spread] p2a,p2b\n|-damage|p2a: Sneasler|47/100\n|-damage|p2b: Sinistcha|26/100\n|-unboost|p1b: Kommo-o|def|1\n|move|p1a: Milotic|Scald|p2a: Sneasler\n|-damage|p2a: Sneasler|0 fnt\n|faint|p2a: Sneasler\n|\n|-weather|none\n|-heal|p1b: Kommo-o|20/100 brn|[from] item: Leftovers\n|-damage|p1b: Kommo-o|14/100 brn|[from] brn\n|upkeep\n|turn|7\n|c|\u2606Mastah VGC|Die irl\n|inactive|CrimxynxVGC has 30 seconds left.\n|inactive|Mastah VGC has 30 seconds left.\n|inactive|Mastah VGC has 20 seconds left.\n|inactive|Mastah VGC has 15 seconds left.\n|inactive|Mastah VGC has 10 seconds left.\n|inactive|Mastah VGC has 5 seconds left.\n|\n|t:|1776271119\n|move|p2b: Sinistcha|Matcha Gotcha|p1b: Kommo-o|[spread] p1a,p1b\n|-supereffective|p1a: Milotic|1\n|-resisted|p1b: Kommo-o|1\n|-damage|p1a: Milotic|29/100\n|-heal|p2b: Sinistcha|45/100|[from] drain|[of] p1a: Milotic\n|-damage|p1b: Kommo-o|4/100 brn\n|-heal|p2b: Sinistcha|50/100|[from] drain|[of] p1b: Kommo-o\n|-enditem|p1a: Milotic|Sitrus Berry|[eat]\n|-heal|p1a: Milotic|54/100|[from] item: Sitrus Berry\n|move|p1b: Kommo-o|Clanging Scales|p2b: Sinistcha\n|-damage|p2b: Sinistcha|0 fnt\n|faint|p2b: Sinistcha\n|\n|win|CrimxynxVGC\n|raw|CrimxynxVGC's rating: 1132 &rarr; <strong>1158</strong><br />(+26 for winning)\n|raw|Mastah VGC's rating: 1139 &rarr; <strong>1113</strong><br />(-26 for losing)\n",
  "uploadtime": 1776271135,
  "views": 22,
  "formatid": "gen9championsvgc2026regma",
  "rating": 1113,
  "private": 0,
  "password": null
}