{
  "id": "gen9championsvgc2026regma-2581314883",
  "format": "[Gen 9 Champions] VGC 2026 Reg M-A",
  "players": [
    "2nd Sage",
    "CafeQuente8252"
  ],
  "log": "|j|\u26062nd Sage\n|j|\u2606CafeQuente8252\n|t:|1775985453\n|gametype|doubles\n|player|p1|2nd Sage|2|1026\n|player|p2|CafeQuente8252|170|1059\n|gen|9\n|tier|[Gen 9 Champions] VGC 2026 Reg M-A\n|rated|\n|rule|Species Clause: Limit one of each Pok\u00e9mon\n|rule|Item Clause: Limit 1 of each item\n|clearpoke\n|poke|p1|Lucario, L50, F|\n|poke|p1|Alakazam, L50, F|\n|poke|p1|Milotic, L50, F|\n|poke|p1|Politoed, L50, F|\n|poke|p1|Basculegion, L50, M|\n|poke|p1|Krookodile, L50, F|\n|poke|p2|Delphox, L50, F|\n|poke|p2|Incineroar, L50, M|\n|poke|p2|Garchomp, L50, F|\n|poke|p2|Farigiraf, L50, M|\n|poke|p2|Rotom-Mow, L50|\n|poke|p2|Clefable, L50, M|\n|teampreview|4\n|\n|t:|1775985494\n|teamsize|p1|4\n|teamsize|p2|4\n|start\n|switch|p1a: Lucario|Lucario, L50, F|100/100\n|switch|p1b: Milotic|Milotic, L50, F|100/100\n|switch|p2a: Cynthia|Garchomp, L50, F|100/100\n|switch|p2b: Chris Pratt|Incineroar, L50, M, shiny|100/100\n|-ability|p2b: Chris Pratt|Intimidate|boost\n|-fail|p1a: Lucario|unboost|Attack|[from] ability: Inner Focus|[of] p1a: Lucario\n|-unboost|p1b: Milotic|atk|1\n|-ability|p1b: Milotic|Competitive|boost\n|-boost|p1b: Milotic|spa|2\n|turn|1\n|\n|t:|1775985525\n|switch|p2b: The Grass Reaper|Rotom-Mow, L50|100/100\n|detailschange|p1a: Lucario|Lucario-Mega, L50, F\n|-mega|p1a: Lucario|Lucario|Lucarionite\n|move|p1a: Lucario|Upper Hand||[still]\n|-fail|p1a: Lucario\n|move|p2a: Cynthia|Earthquake|p1a: Lucario|[spread] p1a,p1b\n|-immune|p2b: The Grass Reaper|[from] ability: Levitate\n|-supereffective|p1a: Lucario|1\n|-crit|p1b: Milotic\n|-damage|p1a: Lucario|6/100\n|-damage|p1b: Milotic|58/100\n|move|p1b: Milotic|Scald|p2a: Cynthia\n|-damage|p2a: Cynthia|37/100\n|-status|p2a: Cynthia|brn\n|\n|-heal|p1b: Milotic|64/100|[from] item: Leftovers\n|-damage|p2a: Cynthia|31/100 brn|[from] brn\n|upkeep\n|turn|2\n|\n|t:|1775985551\n|move|p2b: The Grass Reaper|Electroweb|p1b: Milotic|[spread] p1a,p1b\n|-supereffective|p1b: Milotic|1\n|-damage|p1a: Lucario|0 fnt\n|-damage|p1b: Milotic|43/100\n|-unboost|p1b: Milotic|spe|1\n|-ability|p1b: Milotic|Competitive|boost\n|-boost|p1b: Milotic|spa|2\n|faint|p1a: Lucario\n|move|p2a: Cynthia|Earthquake|p1b: Milotic|[spread] p1b\n|-immune|p2b: The Grass Reaper|[from] ability: Levitate\n|-damage|p1b: Milotic|28/100\n|move|p1b: Milotic|Icy Wind|p2a: Cynthia|[spread] p2a,p2b\n|-supereffective|p2a: Cynthia|2\n|-supereffective|p2b: The Grass Reaper|1\n|-damage|p2a: Cynthia|0 fnt\n|-damage|p2b: The Grass Reaper|46/100\n|-unboost|p2b: The Grass Reaper|spe|1\n|faint|p2a: Cynthia\n|\n|-heal|p1b: Milotic|34/100|[from] item: Leftovers\n|upkeep\n|\n|t:|1775985575\n|switch|p2a: Chris Pratt|Incineroar, L50, M, shiny|100/100\n|switch|p1a: Krookodile|Krookodile, L50, F|100/100\n|-ability|p2a: Chris Pratt|Intimidate|boost\n|-unboost|p1a: Krookodile|atk|1\n|-unboost|p1b: Milotic|atk|1\n|-ability|p1b: Milotic|Competitive|boost\n|-boost|p1b: Milotic|spa|2\n|turn|3\n|\n|t:|1775985603\n|move|p2b: The Grass Reaper|Electroweb|p1a: Krookodile|[spread] p1b\n|-immune|p1a: Krookodile\n|-supereffective|p1b: Milotic|1\n|-damage|p1b: Milotic|13/100\n|-unboost|p1b: Milotic|spe|1\n|-boost|p1b: Milotic|spa|0\n|move|p1a: Krookodile|Close Combat|p2a: Chris Pratt\n|-supereffective|p2a: Chris Pratt|1\n|-damage|p2a: Chris Pratt|47/100\n|-unboost|p1a: Krookodile|def|1\n|-unboost|p1a: Krookodile|spd|1\n|move|p2a: Chris Pratt|Parting Shot|p1a: Krookodile\n|-unboost|p1a: Krookodile|atk|1\n|-unboost|p1a: Krookodile|spa|1\n|\n|t:|1775985618\n|switch|p2a: Vernias|Clefable, L50, M|100/100|[from] Parting Shot\n|move|p1b: Milotic|Recover|p1b: Milotic\n|-heal|p1b: Milotic|63/100\n|\n|-heal|p1b: Milotic|69/100|[from] item: Leftovers\n|upkeep\n|turn|4\n|\n|t:|1775985641\n|move|p2b: The Grass Reaper|Electroweb|p1a: Krookodile|[spread] p1b\n|-immune|p1a: Krookodile\n|-supereffective|p1b: Milotic|1\n|-damage|p1b: Milotic|48/100\n|-unboost|p1b: Milotic|spe|1\n|-boost|p1b: Milotic|spa|0\n|move|p1a: Krookodile|Iron Head|p2b: The Grass Reaper\n|-resisted|p2b: The Grass Reaper|1\n|-damage|p2b: The Grass Reaper|37/100\n|move|p2a: Vernias|Encore|p1b: Milotic\n|-start|p1b: Milotic|Encore\n|move|p1b: Milotic|Recover|p1b: Milotic\n|-heal|p1b: Milotic|98/100\n|\n|-heal|p1b: Milotic|100/100|[from] item: Leftovers\n|upkeep\n|turn|5\n|\n|t:|1775985671\n|switch|p2b: Chris Pratt|Incineroar, L50, M, shiny|47/100\n|-ability|p2b: Chris Pratt|Intimidate|boost\n|-unboost|p1a: Krookodile|atk|1\n|-unboost|p1b: Milotic|atk|1\n|-boost|p1b: Milotic|spa|0\n|switch|p1a: Alakazam|Alakazam, L50, F|100/100\n|move|p2a: Vernias|Moonblast|p1a: Alakazam\n|-damage|p1a: Alakazam|58/100\n|move|p1b: Milotic|Recover||[still]\n|-fail|p1b: Milotic|heal\n|\n|upkeep\n|turn|6\n|\n|t:|1775985708\n|move|p2a: Vernias|Follow Me|p2a: Vernias\n|-singleturn|p2a: Vernias|move: Follow Me\n|move|p1a: Alakazam|Shadow Ball|p2a: Vernias\n|-damage|p2a: Vernias|78/100\n|move|p2b: Chris Pratt|Darkest Lariat|p1a: Alakazam\n|-supereffective|p1a: Alakazam|1\n|-damage|p1a: Alakazam|0 fnt\n|faint|p1a: Alakazam\n|move|p1b: Milotic|Recover||[still]\n|-fail|p1b: Milotic|heal\n|\n|-end|p1b: Milotic|Encore\n|upkeep\n|\n|t:|1775985720\n|switch|p1a: Krookodile|Krookodile, L50, F|100/100\n|turn|7\n|\n|t:|1775985731\n|switch|p2b: The Grass Reaper|Rotom-Mow, L50|37/100\n|move|p1a: Krookodile|Earthquake|p2b: The Grass Reaper|[spread] p1b,p2a\n|-immune|p2b: The Grass Reaper|[from] ability: Levitate\n|-damage|p1b: Milotic|67/100\n|-damage|p2a: Vernias|35/100\n|-enditem|p2a: Vernias|Sitrus Berry|[eat]\n|-heal|p2a: Vernias|60/100|[from] item: Sitrus Berry\n|move|p2a: Vernias|Encore|p1b: Milotic\n|-start|p1b: Milotic|Encore\n|move|p1b: Milotic|Recover|p1b: Milotic\n|-heal|p1b: Milotic|100/100\n|\n|upkeep\n|turn|8\n|\n|t:|1775985752\n|switch|p2b: Chris Pratt|Incineroar, L50, M, shiny|47/100\n|-ability|p2b: Chris Pratt|Intimidate|boost\n|-unboost|p1a: Krookodile|atk|1\n|-unboost|p1b: Milotic|atk|1\n|-boost|p1b: Milotic|spa|0\n|move|p1a: Krookodile|Close Combat|p2b: Chris Pratt\n|-supereffective|p2b: Chris Pratt|1\n|-damage|p2b: Chris Pratt|0 fnt\n|-unboost|p1a: Krookodile|def|1\n|-unboost|p1a: Krookodile|spd|1\n|faint|p2b: Chris Pratt\n|-ability|p1a: Krookodile|Moxie|boost\n|-boost|p1a: Krookodile|atk|1\n|move|p2a: Vernias|Moonblast|p1a: Krookodile\n|-supereffective|p1a: Krookodile|1\n|-damage|p1a: Krookodile|0 fnt\n|faint|p1a: Krookodile\n|move|p1b: Milotic|Recover||[still]\n|-fail|p1b: Milotic|heal\n|\n|upkeep\n|\n|t:|1775985772\n|switch|p2b: The Grass Reaper|Rotom-Mow, L50|37/100\n|turn|9\n|\n|t:|1775985779\n|move|p2a: Vernias|Helping Hand|p2b: The Grass Reaper\n|-singleturn|p2b: The Grass Reaper|Helping Hand|[of] p2a: Vernias\n|move|p2b: The Grass Reaper|Leaf Storm|p1b: Milotic\n|-supereffective|p1b: Milotic|1\n|-damage|p1b: Milotic|6/100\n|-unboost|p2b: The Grass Reaper|spa|2\n|move|p1b: Milotic|Recover|p1b: Milotic\n|-heal|p1b: Milotic|56/100\n|\n|-heal|p1b: Milotic|62/100|[from] item: Leftovers\n|-end|p1b: Milotic|Encore\n|upkeep\n|turn|10\n|\n|t:|1775985797\n|move|p2b: The Grass Reaper|Leaf Storm|p1b: Milotic\n|-supereffective|p1b: Milotic|1\n|-crit|p1b: Milotic\n|-damage|p1b: Milotic|0 fnt\n|-unboost|p2b: The Grass Reaper|spa|2\n|faint|p1b: Milotic\n|\n|win|CafeQuente8252\n|raw|2nd Sage's rating: 1026 &rarr; <strong>1013</strong><br />(-13 for losing)\n|raw|CafeQuente8252's rating: 1059 &rarr; <strong>1087</strong><br />(+28 for winning)\n|l|\u26062nd Sage\n|player|p1|\n",
  "uploadtime": 1775985812,
  "views": 35,
  "formatid": "gen9championsvgc2026regma",
  "rating": 1013,
  "private": 0,
  "password": null
}