{
  "id": "gen9championsvgc2026regma-2581893447",
  "format": "[Gen 9 Champions] VGC 2026 Reg M-A",
  "players": [
    "YaOctoBoi",
    "PaintMakesArt"
  ],
  "log": "|j|\u2606YaOctoBoi\n|j|\u2606PaintMakesArt\n|t:|1776037407\n|gametype|doubles\n|player|p1|YaOctoBoi|depotagent|\n|player|p2|PaintMakesArt|canari|\n|gen|9\n|tier|[Gen 9 Champions] VGC 2026 Reg M-A\n|rule|Species Clause: Limit one of each Pok\u00e9mon\n|rule|Item Clause: Limit 1 of each item\n|clearpoke\n|poke|p1|Pelipper, L50, M|\n|poke|p1|Dragonite, L50, M|\n|poke|p1|Archaludon, L50, M|\n|poke|p1|Rotom-Wash, L50|\n|poke|p1|Sneasler, L50, F|\n|poke|p1|Kingambit, L50, M|\n|poke|p2|Sneasler, L50, M|\n|poke|p2|Victreebel, L50, M|\n|poke|p2|Incineroar, L50, M|\n|poke|p2|Goodra-Hisui, L50, M|\n|poke|p2|Basculegion, L50, M|\n|poke|p2|Mudsdale, L50, M|\n|teampreview|4\n|c|\u2606YaOctoBoi|oh dear.\n|c|\u2606PaintMakesArt|do u like my utter bs\n|c|\u2606YaOctoBoi|i thought you were exaggerating, lol\n|c|\u2606PaintMakesArt|i sont know vcg :(\n|c|\u2606YaOctoBoi|it okay, i forgive you...\n|\n|t:|1776037471\n|teamsize|p1|4\n|teamsize|p2|4\n|start\n|switch|p1a: patches|Pelipper, L50, M|100/100\n|switch|p1b: mr electric|Rotom-Wash, L50|100/100\n|switch|p2a: evil weasel|Sneasler, L50, M, shiny|100/100\n|switch|p2b: evil sack|Victreebel, L50, M, shiny|100/100\n|-weather|RainDance|[from] ability: Drizzle|[of] p1a: patches\n|turn|1\n|c|\u2606PaintMakesArt|this is what happens when u drop a singles player into doubles lmao\n|\n|t:|1776037492\n|detailschange|p2b: evil sack|Victreebel-Mega, L50, M, shiny\n|-mega|p2b: evil sack|Victreebel|Victreebelite\n|move|p2a: evil weasel|Fake Out|p1b: mr electric\n|-damage|p1b: mr electric|78/100\n|-status|p1b: mr electric|psn|[from] ability: Poison Touch|[of] p2a: evil weasel\n|cant|p1b: mr electric|flinch\n|move|p2b: evil sack|Toxic|p1a: patches\n|-status|p1a: patches|tox\n|move|p1a: patches|Hurricane|p2b: evil sack\n|-supereffective|p2b: evil sack|1\n|-damage|p2b: evil sack|8/100\n|-start|p2b: evil sack|confusion\n|\n|-weather|RainDance|[upkeep]\n|-damage|p1b: mr electric|66/100 psn|[from] psn\n|-damage|p1a: patches|95/100 tox|[from] psn\n|upkeep\n|turn|2\n|c|\u2606YaOctoBoi|me when my sack is evil\n|c|\u2606PaintMakesArt|real\n|\n|t:|1776037519\n|switch|p2a: fsh|Basculegion, L50, M|100/100\n|move|p1b: mr electric|Volt Switch|p2b: evil sack\n|-resisted|p2b: evil sack|1\n|-damage|p2b: evil sack|0 fnt\n|-damage|p1b: mr electric|57/100 psn|[from] ability: Innards Out|[of] p2b: evil sack\n|faint|p2b: evil sack\n|c|\u2606PaintMakesArt|NO MY SACK\n|\n|t:|1776037530\n|switch|p1b: snowball|Archaludon, L50, M|100/100|[from] Volt Switch\n|move|p1a: patches|Hurricane|p2a: fsh\n|-damage|p2a: fsh|50/100\n|\n|-weather|RainDance|[upkeep]\n|-damage|p1a: patches|83/100 tox|[from] psn\n|upkeep\n|c|\u2606YaOctoBoi|YOUR SACK IS GONE.\n|\n|t:|1776037537\n|switch|p2b: evil weasel|Sneasler, L50, M, shiny|100/100\n|turn|3\n|c|\u2606PaintMakesArt|the bottom surgeon:\n|\n|t:|1776037560\n|move|p2b: evil weasel|Fake Out|p1b: snowball\n|-resisted|p1b: snowball|1\n|-damage|p1b: snowball|93/100\n|-ability|p1b: snowball|Stamina|boost\n|-boost|p1b: snowball|def|1\n|cant|p1b: snowball|flinch\n|move|p2a: fsh|Flip Turn|p1b: snowball\n|-resisted|p1b: snowball|1\n|-crit|p1b: snowball\n|-damage|p1b: snowball|46/100\n|-ability|p1b: snowball|Stamina|boost\n|-boost|p1b: snowball|def|1\n|c|\u2606YaOctoBoi|i wanna make a joke but i can't. well done.\n|\n|t:|1776037570\n|switch|p2a: honse|Mudsdale, L50, M|100/100|[from] Flip Turn\n|move|p1a: patches|Hurricane|p2b: evil weasel\n|-supereffective|p2b: evil weasel|1\n|-enditem|p2b: evil weasel|Focus Sash\n|-damage|p2b: evil weasel|1/100\n|\n|-weather|RainDance|[upkeep]\n|-heal|p1b: snowball|52/100|[from] item: Leftovers\n|-damage|p1a: patches|65/100 tox|[from] psn\n|upkeep\n|turn|4\n|c|\u2606YaOctoBoi|pissnerfing crit.\n|\n|t:|1776037590\n|switch|p1b: udon|Dragonite, L50, M|100/100\n|move|p2b: evil weasel|Dire Claw|p1a: patches\n|-damage|p1a: patches|23/100 tox\n|-enditem|p1a: patches|Sitrus Berry|[eat]\n|-heal|p1a: patches|48/100 tox|[from] item: Sitrus Berry\n|move|p1a: patches|Weather Ball|p2a: honse\n|-supereffective|p2a: honse|1\n|-damage|p2a: honse|0 fnt\n|faint|p2a: honse\n|\n|-weather|RainDance|[upkeep]\n|-damage|p1a: patches|24/100 tox|[from] psn\n|upkeep\n|\n|t:|1776037600\n|switch|p2a: fsh|Basculegion, L50, M|50/100\n|turn|5\n|c|\u2606YaOctoBoi|NO HONSE FOR YOU\n|\n|t:|1776037614\n|detailschange|p1b: udon|Dragonite-Mega, L50, M\n|-mega|p1b: udon|Dragonite|Dragoninite\n|move|p2b: evil weasel|Dire Claw|p1b: udon\n|-damage|p1b: udon|79/100\n|-status|p1b: udon|par\n|move|p2a: fsh|Last Respects|p1b: udon\n|-damage|p1b: udon|0 fnt\n|faint|p1b: udon\n|move|p1a: patches|Hurricane|p2b: evil weasel\n|-supereffective|p2b: evil weasel|1\n|-damage|p2b: evil weasel|0 fnt\n|faint|p2b: evil weasel\n|\n|-weather|none\n|-damage|p1a: patches|0 fnt|[from] psn\n|faint|p1a: patches\n|upkeep\n|c|\u2606PaintMakesArt|:(\n|c|\u2606YaOctoBoi|oh\n|c|\u2606PaintMakesArt|NO DRAGON FOR U\n|\n|t:|1776037629\n|switch|p1b: snowball|Archaludon, L50, M|52/100\n|switch|p1a: mr electric|Rotom-Wash, L50|57/100 psn\n|turn|6\n|c|\u2606YaOctoBoi|no rain neither...\n|\n|t:|1776037642\n|move|p1a: mr electric|Thunderbolt|p2a: fsh\n|-supereffective|p2a: fsh|1\n|-damage|p2a: fsh|0 fnt\n|faint|p2a: fsh\n|\n|win|YaOctoBoi\n|c|\u2606PaintMakesArt|gg that was fun\n|c|\u2606YaOctoBoi|ggs (:\n",
  "uploadtime": 1776037653,
  "views": 8,
  "formatid": "gen9championsvgc2026regma",
  "rating": null,
  "private": 0,
  "password": null
}