{
  "id": "gen9championsvgc2026regma-2586008186",
  "format": "[Gen 9 Champions] VGC 2026 Reg M-A",
  "players": [
    "YoryiHyrule",
    "JasmineThia"
  ],
  "log": "|j|\u2606YoryiHyrule\n|j|\u2606JasmineThia\n|t:|1776389776\n|gametype|doubles\n|player|p1|YoryiHyrule|101|1255\n|player|p2|JasmineThia|selene-masters2|1242\n|gen|9\n|tier|[Gen 9 Champions] VGC 2026 Reg M-A\n|rated|\n|rule|Species Clause: Limit one of each Pok\u00e9mon\n|rule|Item Clause: Limit 1 of each item\n|clearpoke\n|poke|p1|Floette-Eternal, L50, F|\n|poke|p1|Rotom-Wash, L50|\n|poke|p1|Aerodactyl, L50, M|\n|poke|p1|Sneasler, L50, M|\n|poke|p1|Kingambit, L50, F|\n|poke|p1|Delphox, L50, M|\n|poke|p2|Kangaskhan, L50, F|\n|poke|p2|Primarina, L50, F|\n|poke|p2|Aegislash, L50, F|\n|poke|p2|Dragonite, L50, M|\n|poke|p2|Farigiraf, L50, M|\n|poke|p2|Volcarona, L50, M|\n|teampreview|4\n|inactive|Battle timer is ON: inactive players will automatically lose when time's up. (requested by JasmineThia)\n|inactive|YoryiHyrule has 60 seconds left.\n|\n|t:|1776389821\n|teamsize|p1|4\n|teamsize|p2|4\n|start\n|switch|p1a: Kingambit|Kingambit, L50, F|100/100\n|switch|p1b: Aerodactyl|Aerodactyl, L50, M|100/100\n|switch|p2a: Farigiraf|Farigiraf, L50, M|100/100\n|switch|p2b: Kangaskhan|Kangaskhan, L50, F|100/100\n|-ability|p1b: Aerodactyl|Unnerve\n|turn|1\n|l|\u2606JasmineThia\n|inactive|JasmineThia disconnected and has a minute to reconnect!\n|player|p2|\n|j|\u2606JasmineThia\n|inactive|JasmineThia reconnected and has 35 seconds left.\n|player|p2|JasmineThia|selene-masters2|\n|inactive|JasmineThia has 30 seconds left.\n|\n|t:|1776389850\n|detailschange|p2b: Kangaskhan|Kangaskhan-Mega, L50, F\n|-mega|p2b: Kangaskhan|Kangaskhan|Kangaskhanite\n|move|p1b: Aerodactyl|Dual Wingbeat|p2a: Farigiraf|[miss]\n|-miss|p1b: Aerodactyl|p2a: Farigiraf\n|move|p2b: Kangaskhan|Low Kick|p1a: Kingambit\n|-supereffective|p1a: Kingambit|2\n|-enditem|p1a: Kingambit|Chople Berry|[eat]\n|-enditem|p1a: Kingambit|Chople Berry|[weaken]\n|-damage|p1a: Kingambit|53/100\n|-supereffective|p1a: Kingambit|2\n|-damage|p1a: Kingambit|32/100\n|-hitcount|p1a: Kingambit|2\n|move|p1a: Kingambit|Kowtow Cleave|p2a: Farigiraf\n|-supereffective|p2a: Farigiraf|1\n|-damage|p2a: Farigiraf|29/100\n|move|p2a: Farigiraf|Trick Room|p2a: Farigiraf\n|-fieldstart|move: Trick Room|[of] p2a: Farigiraf\n|\n|upkeep\n|turn|2\n|\n|t:|1776389873\n|move|p1a: Kingambit|Kowtow Cleave|p2a: Farigiraf\n|-supereffective|p2a: Farigiraf|1\n|-damage|p2a: Farigiraf|0 fnt\n|faint|p2a: Farigiraf\n|move|p2b: Kangaskhan|Low Kick|p1a: Kingambit\n|-supereffective|p1a: Kingambit|2\n|-damage|p1a: Kingambit|0 fnt\n|faint|p1a: Kingambit\n|-hitcount|p1: Kingambit|1\n|move|p1b: Aerodactyl|Dual Wingbeat|p2b: Kangaskhan\n|-damage|p2b: Kangaskhan|86/100\n|-damage|p2b: Kangaskhan|75/100\n|-hitcount|p2b: Kangaskhan|2\n|\n|upkeep\n|\n|t:|1776389894\n|switch|p1a: Rotom|Rotom-Wash, L50|100/100\n|switch|p2a: Primarina|Primarina, L50, F|100/100\n|turn|3\n|\n|t:|1776389913\n|move|p1b: Aerodactyl|Protect|p1b: Aerodactyl\n|-singleturn|p1b: Aerodactyl|Protect\n|move|p2a: Primarina|Moonblast|p1a: Rotom\n|-damage|p1a: Rotom|47/100\n|move|p2b: Kangaskhan|Double-Edge|p1a: Rotom\n|-damage|p1a: Rotom|0 fnt\n|faint|p1a: Rotom\n|-hitcount|p1: Rotom|1\n|-damage|p2b: Kangaskhan|64/100|[from] Recoil\n|\n|upkeep\n|\n|t:|1776389921\n|switch|p1a: Floette|Floette-Eternal, L50, F|100/100\n|turn|4\n|\n|t:|1776389945\n|detailschange|p1a: Floette|Floette-Mega, L50, F\n|-mega|p1a: Floette|Floette|Floettite\n|-ability|p1a: Floette|Fairy Aura\n|move|p2a: Primarina|Hyper Voice|p1a: Floette|[spread] p1a,p1b\n|-supereffective|p1b: Aerodactyl|1\n|-damage|p1a: Floette|73/100\n|-enditem|p1b: Aerodactyl|Focus Sash\n|-damage|p1b: Aerodactyl|1/100\n|move|p2b: Kangaskhan|Double-Edge|p1a: Floette\n|-damage|p1a: Floette|20/100\n|-damage|p1a: Floette|6/100\n|-hitcount|p1a: Floette|2\n|-damage|p2b: Kangaskhan|45/100|[from] Recoil\n|move|p1a: Floette|Dazzling Gleam|p2b: Kangaskhan|[spread] p2a,p2b\n|-damage|p2a: Primarina|60/100\n|-damage|p2b: Kangaskhan|5/100\n|move|p1b: Aerodactyl|Rock Slide|p2b: Kangaskhan|[spread] p2a,p2b\n|-damage|p2a: Primarina|37/100\n|-damage|p2b: Kangaskhan|0 fnt\n|faint|p2b: Kangaskhan\n|\n|upkeep\n|\n|t:|1776389958\n|switch|p2b: Aegislash|Aegislash, L50, F|100/100\n|turn|5\n|\n|t:|1776389964\n|move|p1a: Floette|Protect|p1a: Floette\n|-singleturn|p1a: Floette|Protect\n|move|p1b: Aerodactyl|Protect|p1b: Aerodactyl\n|-singleturn|p1b: Aerodactyl|Protect\n|move|p2a: Primarina|Hyper Voice|p1a: Floette|[spread] \n|-activate|p1a: Floette|move: Protect\n|-activate|p1b: Aerodactyl|move: Protect\n|move|p2b: Aegislash|Substitute|p2b: Aegislash\n|-start|p2b: Aegislash|Substitute\n|-damage|p2b: Aegislash|76/100\n|\n|-heal|p2b: Aegislash|82/100|[from] item: Leftovers\n|-fieldend|move: Trick Room\n|upkeep\n|turn|6\n|\n|t:|1776389974\n|move|p2a: Primarina|Aqua Jet|p1a: Floette\n|-damage|p1a: Floette|0 fnt\n|faint|p1a: Floette\n|move|p1b: Aerodactyl|Rock Slide|p2b: Aegislash|[spread] p2a,p2b\n|-resisted|p2b: Aegislash|1\n|-activate|p2b: Aegislash|move: Substitute|[damage]\n|-damage|p2a: Primarina|16/100\n|-formechange|p2b: Aegislash|Aegislash-Blade|\n|move|p2b: Aegislash|Flash Cannon|p1b: Aerodactyl\n|-supereffective|p1b: Aerodactyl|1\n|-damage|p1b: Aerodactyl|0 fnt\n|faint|p1b: Aerodactyl\n|\n|win|JasmineThia\n|raw|YoryiHyrule's rating: 1255 &rarr; <strong>1229</strong><br />(-26 for losing)\n|raw|JasmineThia's rating: 1242 &rarr; <strong>1268</strong><br />(+26 for winning)\n|l|\u2606YoryiHyrule\n|player|p1|\n",
  "uploadtime": 1776389979,
  "views": 25,
  "formatid": "gen9championsvgc2026regma",
  "rating": 1229,
  "private": 0,
  "password": null
}