{
  "id": "gen9championsvgc2026regma-2584470561",
  "format": "[Gen 9 Champions] VGC 2026 Reg M-A",
  "players": [
    "Hxndro.gpt",
    "Kirbo5500"
  ],
  "log": "|j|\u203dHxndro.gpt\n|j|\u2606Kirbo5500\n|t:|1776263048\n|gametype|doubles\n|player|p1|Hxndro.gpt|2|1084\n|player|p2|Kirbo5500|265|1074\n|gen|9\n|tier|[Gen 9 Champions] VGC 2026 Reg M-A\n|rated|\n|rule|Species Clause: Limit one of each Pok\u00e9mon\n|rule|Item Clause: Limit 1 of each item\n|clearpoke\n|poke|p1|Glimmora, L50, F|\n|poke|p1|Tyranitar, L50, M|\n|poke|p1|Hatterene, L50, F|\n|poke|p1|Flapple, L50, M|\n|poke|p1|Golurk, L50|\n|poke|p1|Raichu-Alola, L50, M|\n|poke|p2|Meganium, L50, M|\n|poke|p2|Primarina, L50, F|\n|poke|p2|Incineroar, L50, M|\n|poke|p2|Garchomp, L50, M|\n|poke|p2|Vivillon, L50, M|\n|poke|p2|Lucario, L50, M|\n|teampreview|4\nHxndro.gpt has agreed to open team sheets.\n|\n|t:|1776263063\n|teamsize|p1|4\n|teamsize|p2|4\n|start\n|switch|p1a: Glimmora|Glimmora, L50, F|100/100\n|switch|p1b: Tyranitar|Tyranitar, L50, M|100/100\n|switch|p2a: Primarina|Primarina, L50, F|100/100\n|switch|p2b: Garchomp|Garchomp, L50, M|100/100\n|-weather|Sandstorm|[from] ability: Sand Stream|[of] p1b: Tyranitar\n|turn|1\n|\n|t:|1776263102\n|move|p1a: Glimmora|Spiky Shield|p1a: Glimmora\n|-singleturn|p1a: Glimmora|move: Protect\n|move|p2b: Garchomp|Stealth Rock|p1a: Glimmora\n|-sidestart|p1: Hxndro.gpt|move: Stealth Rock\n|move|p1b: Tyranitar|Earthquake|p2b: Garchomp|[spread] p2a,p2b\n|-activate|p1a: Glimmora|move: Protect\n|-damage|p2a: Primarina|64/100\n|-damage|p2b: Garchomp|73/100\n|move|p2a: Primarina|Hyper Voice|p1b: Tyranitar|[spread] p1b\n|-activate|p1a: Glimmora|move: Protect\n|-supereffective|p1b: Tyranitar|1\n|-damage|p1b: Tyranitar|35/100\n|\n|-weather|Sandstorm|[upkeep]\n|-damage|p2a: Primarina|58/100|[from] Sandstorm\n|upkeep\n|turn|2\n|\n|t:|1776263129\n|move|p2a: Primarina|Protect|p2a: Primarina\n|-singleturn|p2a: Primarina|Protect\n|move|p2b: Garchomp|Earthquake|p1b: Tyranitar|[spread] p1a,p1b\n|-activate|p2a: Primarina|move: Protect\n|-supereffective|p1a: Glimmora|2\n|-supereffective|p1b: Tyranitar|1\n|-damage|p1a: Glimmora|0 fnt\n|-damage|p1b: Tyranitar|0 fnt\n|-activate|p1a: Glimmora|ability: Toxic Debris\n|-sidestart|p2: Kirbo5500|move: Toxic Spikes\n|faint|p1a: Glimmora\n|faint|p1b: Tyranitar\n|\n|-weather|Sandstorm|[upkeep]\n|-damage|p2a: Primarina|52/100|[from] Sandstorm\n|upkeep\n|\n|t:|1776263135\n|switch|p1a: Hatterene|Hatterene, L50, F|100/100\n|switch|p1b: Flapple|Flapple, L50, M|100/100\n|-damage|p1b: Flapple|88/100|[from] Stealth Rock\n|-damage|p1a: Hatterene|88/100|[from] Stealth Rock\n|turn|3\n|\n|t:|1776263148\n|move|p2b: Garchomp|Protect|p2b: Garchomp\n|-singleturn|p2b: Garchomp|Protect\n|move|p1b: Flapple|Draco Meteor|p2b: Garchomp\n|-activate|p2b: Garchomp|move: Protect\n|move|p2a: Primarina|Icy Wind|p1b: Flapple|[spread] p1a,p1b\n|-supereffective|p1b: Flapple|2\n|-damage|p1a: Hatterene|73/100\n|-damage|p1b: Flapple|0 fnt\n|-unboost|p1a: Hatterene|spe|1\n|faint|p1b: Flapple\n|move|p1a: Hatterene|Gravity|p1a: Hatterene\n|-fieldstart|move: Gravity\n|\n|-weather|Sandstorm|[upkeep]\n|-damage|p2a: Primarina|46/100|[from] Sandstorm\n|-damage|p1a: Hatterene|67/100|[from] Sandstorm\n|-heal|p1a: Hatterene|73/100|[from] item: Leftovers\n|upkeep\n|turn|4\n|\n|t:|1776263176\n|move|p2a: Primarina|Protect|p2a: Primarina\n|-singleturn|p2a: Primarina|Protect\n|move|p2b: Garchomp|Earthquake|p1a: Hatterene|[spread] p1a\n|-activate|p2a: Primarina|move: Protect\n|-damage|p1a: Hatterene|36/100\n|move|p1a: Hatterene|Dazzling Gleam|p2b: Garchomp|[spread] p2b\n|-activate|p2a: Primarina|move: Protect\n|-supereffective|p2b: Garchomp|1\n|-damage|p2b: Garchomp|13/100\n|\n|-weather|Sandstorm|[upkeep]\n|-damage|p2a: Primarina|40/100|[from] Sandstorm\n|-damage|p1a: Hatterene|30/100|[from] Sandstorm\n|-heal|p1a: Hatterene|36/100|[from] item: Leftovers\n|upkeep\n|turn|5\n|-message|Hxndro.gpt forfeited.\n|\n|win|Kirbo5500\n|raw|Hxndro.gpt's rating: 1084 &rarr; <strong>1061</strong><br />(-23 for losing)\n|raw|Kirbo5500's rating: 1074 &rarr; <strong>1104</strong><br />(+30 for winning)\n|l|\u203dHxndro.gpt\n|player|p1|\n",
  "uploadtime": 1776263198,
  "views": 20,
  "formatid": "gen9championsvgc2026regma",
  "rating": 1061,
  "private": 0,
  "password": null
}