{
  "id": "gen9championsvgc2026regma-2581920290",
  "format": "[Gen 9 Champions] VGC 2026 Reg M-A",
  "players": [
    "SavPass9",
    "zwcrazy"
  ],
  "log": "|j|\u2606SavPass9\n|j|\u2606zwcrazy\n|t:|1776039837\n|gametype|doubles\n|player|p1|SavPass9|102|1109\n|player|p2|zwcrazy|beauty-gen4dp|1176\n|gen|9\n|tier|[Gen 9 Champions] VGC 2026 Reg M-A\n|rated|\n|rule|Species Clause: Limit one of each Pok\u00e9mon\n|rule|Item Clause: Limit 1 of each item\n|clearpoke\n|poke|p1|Incineroar, L50, M|\n|poke|p1|Gengar, L50, M|\n|poke|p1|Sinistcha, L50|\n|poke|p1|Tyranitar, L50, F|\n|poke|p1|Kingambit, L50, M|\n|poke|p1|Kommo-o, L50, M|\n|poke|p2|Kingambit, L50, M|\n|poke|p2|Sneasler, L50, F|\n|poke|p2|Talonflame, L50, F|\n|poke|p2|Garchomp, L50, M|\n|poke|p2|Froslass, L50, F|\n|poke|p2|Milotic, L50, F|\n|teampreview|4\n|c|\u2606zwcrazy|sup\n|c|\u2606zwcrazy|gl\n|c|\u2606SavPass9|glgl\n|\n|t:|1776039861\n|teamsize|p1|4\n|teamsize|p2|4\n|start\n|switch|p1a: Incineroar|Incineroar, L50, M|100/100\n|switch|p1b: Gengar|Gengar, L50, M|100/100\n|switch|p2a: Kingambit|Kingambit, L50, M|100/100\n|switch|p2b: Sneasler|Sneasler, L50, F|100/100\n|-ability|p1a: Incineroar|Intimidate|boost\n|-unboost|p2a: Kingambit|atk|1\n|-ability|p2a: Kingambit|Defiant|boost\n|-boost|p2a: Kingambit|atk|2\n|-unboost|p2b: Sneasler|atk|1\n|turn|1\n|\n|t:|1776039913\n|switch|p1a: Kingambit|Kingambit, L50, M|100/100\n|detailschange|p1b: Gengar|Gengar-Mega, L50, M\n|-mega|p1b: Gengar|Gengar|Gengarite\n|move|p1b: Gengar|Protect|p1b: Gengar\n|-singleturn|p1b: Gengar|Protect\n|move|p2b: Sneasler|Fake Out|p1a: Kingambit\n|-resisted|p1a: Kingambit|1\n|-damage|p1a: Kingambit|97/100\n|move|p2a: Kingambit|Swords Dance|p2a: Kingambit\n|-boost|p2a: Kingambit|atk|2\n|\n|upkeep\n|turn|2\n|\n|t:|1776039932\n|move|p1b: Gengar|Shadow Ball|p2b: Sneasler\n|-damage|p2b: Sneasler|38/100\n|-unboost|p2b: Sneasler|spd|1\n|move|p2b: Sneasler|Close Combat|p1a: Kingambit\n|-supereffective|p1a: Kingambit|2\n|-enditem|p1a: Kingambit|Chople Berry|[eat]\n|-enditem|p1a: Kingambit|Chople Berry|[weaken]\n|-damage|p1a: Kingambit|41/100\n|-unboost|p2b: Sneasler|def|1\n|-unboost|p2b: Sneasler|spd|1\n|move|p2a: Kingambit|Kowtow Cleave|p1b: Gengar\n|-supereffective|p1b: Gengar|1\n|-damage|p1b: Gengar|0 fnt\n|faint|p1b: Gengar\n|move|p1a: Kingambit|Low Kick|p2a: Kingambit\n|-supereffective|p2a: Kingambit|2\n|-damage|p2a: Kingambit|0 fnt\n|faint|p2a: Kingambit\n|\n|upkeep\n|\n|t:|1776039952\n|switch|p1b: Incineroar|Incineroar, L50, M|100/100\n|switch|p2a: Talonflame|Talonflame, L50, F|100/100\n|-ability|p1b: Incineroar|Intimidate|boost\n|-unboost|p2a: Talonflame|atk|1\n|-unboost|p2b: Sneasler|atk|1\n|turn|3\n|\n|t:|1776039994\n|move|p2b: Sneasler|Protect|p2b: Sneasler\n|-singleturn|p2b: Sneasler|Protect\n|move|p1b: Incineroar|Fake Out|p2b: Sneasler\n|-activate|p2b: Sneasler|move: Protect\n|move|p2a: Talonflame|Tailwind|p2a: Talonflame\n|-sidestart|p2: zwcrazy|move: Tailwind\n|move|p1a: Kingambit|Sucker Punch||[still]\n|-fail|p1a: Kingambit\n|\n|upkeep\n|turn|4\n|\n|t:|1776040018\n|move|p2a: Talonflame|Brave Bird|p1b: Incineroar\n|-damage|p1b: Incineroar|66/100\n|-damage|p2a: Talonflame|85/100|[from] Recoil\n|move|p1a: Kingambit|Sucker Punch|p2b: Sneasler\n|-resisted|p2b: Sneasler|1\n|-damage|p2b: Sneasler|0 fnt\n|faint|p2b: Sneasler\n|move|p1b: Incineroar|Throat Chop|p2a: Talonflame\n|-damage|p2a: Talonflame|38/100\n|-start|p2a: Talonflame|Throat Chop|[silent]\n|\n|upkeep\n|\n|t:|1776040023\n|switch|p2b: Milotic|Milotic, L50, F|100/100\n|turn|5\n|\n|t:|1776040045\n|move|p2a: Talonflame|Brave Bird|p1b: Incineroar\n|-damage|p1b: Incineroar|36/100\n|-damage|p2a: Talonflame|25/100|[from] Recoil\n|move|p2b: Milotic|Muddy Water|p1a: Kingambit|[spread] p1a,p1b\n|-supereffective|p1b: Incineroar|1\n|-damage|p1a: Kingambit|14/100\n|-damage|p1b: Incineroar|0 fnt\n|-unboost|p1a: Kingambit|accuracy|1\n|-ability|p1a: Kingambit|Defiant|boost\n|-boost|p1a: Kingambit|atk|2\n|faint|p1b: Incineroar\n|move|p1a: Kingambit|Low Kick|p2b: Milotic\n|-damage|p2b: Milotic|19/100\n|\n|-heal|p2b: Milotic|25/100|[from] item: Leftovers\n|-end|p2a: Talonflame|Throat Chop|[silent]\n|upkeep\n|\n|t:|1776040058\n|switch|p1b: Tyranitar|Tyranitar, L50, F|100/100\n|-weather|Sandstorm|[from] ability: Sand Stream|[of] p1b: Tyranitar\n|turn|6\n|\n|t:|1776040077\n|move|p1a: Kingambit|Sucker Punch|p2b: Milotic|[miss]\n|-miss|p1a: Kingambit|p2b: Milotic\n|move|p2a: Talonflame|Brave Bird|p1a: Kingambit\n|-resisted|p1a: Kingambit|1\n|-damage|p1a: Kingambit|1/100\n|-damage|p2a: Talonflame|19/100|[from] Recoil\n|move|p2b: Milotic|Muddy Water|p1b: Tyranitar|[spread] p1a,p1b\n|-supereffective|p1b: Tyranitar|1\n|-damage|p1a: Kingambit|0 fnt\n|-damage|p1b: Tyranitar|60/100\n|faint|p1a: Kingambit\n|move|p1b: Tyranitar|Rock Slide|p2a: Talonflame|[spread] p2a,p2b\n|-supereffective|p2a: Talonflame|2\n|-damage|p2a: Talonflame|0 fnt\n|-damage|p2b: Milotic|0 fnt\n|faint|p2a: Talonflame\n|faint|p2b: Milotic\n|\n|win|SavPass9\n|raw|SavPass9's rating: 1109 &rarr; <strong>1139</strong><br />(+30 for winning)\n|raw|zwcrazy's rating: 1176 &rarr; <strong>1146</strong><br />(-30 for losing)\n",
  "uploadtime": 1776040090,
  "views": 16,
  "formatid": "gen9championsvgc2026regma",
  "rating": 1139,
  "private": 0,
  "password": null
}