{
  "id": "gen9championsvgc2026regma-2585036380",
  "format": "[Gen 9 Champions] VGC 2026 Reg M-A",
  "players": [
    "N4t4sh4",
    "mayomamainsk"
  ],
  "log": "|j|\u2606N4t4sh4\n|j|\u2606mayomamainsk\n|t:|1776305484\n|gametype|doubles\n|player|p1|N4t4sh4|170|1110\n|player|p2|mayomamainsk|2|1110\n|gen|9\n|tier|[Gen 9 Champions] VGC 2026 Reg M-A\n|rated|\n|rule|Species Clause: Limit one of each Pok\u00e9mon\n|rule|Item Clause: Limit 1 of each item\n|clearpoke\n|poke|p1|Crabominable, L50, M|\n|poke|p1|Basculegion, L50, M|\n|poke|p1|Farigiraf, L50, M|\n|poke|p1|Sinistcha, L50|\n|poke|p1|Pelipper, L50, F|\n|poke|p1|Archaludon, L50, F|\n|poke|p2|Incineroar, L50, F|\n|poke|p2|Blastoise, L50, F|\n|poke|p2|Farigiraf, L50, F|\n|poke|p2|Kangaskhan, L50, F|\n|poke|p2|Crabominable, L50, M|\n|poke|p2|Rotom-Mow, L50|\n|teampreview|4\n|inactive|Battle timer is ON: inactive players will automatically lose when time's up. (requested by mayomamainsk)\n|inactive|N4t4sh4 has 60 seconds left.\n|\n|t:|1776305517\n|teamsize|p1|4\n|teamsize|p2|4\n|start\n|switch|p1a: Farigiraf|Farigiraf, L50, M|100/100\n|switch|p1b: Pelipper|Pelipper, L50, F|100/100\n|switch|p2a: Kangaskhan|Kangaskhan, L50, F|100/100\n|switch|p2b: Farigiraf|Farigiraf, L50, F|100/100\n|-weather|RainDance|[from] ability: Drizzle|[of] p1b: Pelipper\n|turn|1\n|inactive|mayomamainsk has 30 seconds left.\n|\n|t:|1776305543\n|switch|p2a: Rotom|Rotom-Mow, L50|100/100\n|move|p1b: Pelipper|Hurricane|p2a: Rotom\n|-damage|p2a: Rotom|50/100\n|-enditem|p2a: Rotom|Sitrus Berry|[eat]\n|-heal|p2a: Rotom|75/100|[from] item: Sitrus Berry\n|move|p1a: Farigiraf|Psychic|p2a: Rotom\n|-damage|p2a: Rotom|38/100\n|move|p2b: Farigiraf|Trick Room|p2b: Farigiraf\n|-fieldstart|move: Trick Room|[of] p2b: Farigiraf\n|\n|-weather|RainDance|[upkeep]\n|upkeep\n|turn|2\n|inactive|N4t4sh4 has 30 seconds left.\n|inactive|mayomamainsk has 30 seconds left.\n|\n|t:|1776305576\n|switch|p1b: Crabominable|Crabominable, L50, M|100/100\n|move|p1a: Farigiraf|Psychic|p2a: Rotom\n|-damage|p2a: Rotom|4/100\n|move|p2b: Farigiraf|Psychic Noise|p1b: Crabominable\n|-supereffective|p1b: Crabominable|1\n|-damage|p1b: Crabominable|35/100\n|-start|p1b: Crabominable|move: Heal Block\n|move|p2a: Rotom|Leaf Storm|p1a: Farigiraf|[miss]\n|-miss|p2a: Rotom|p1a: Farigiraf\n|\n|-weather|RainDance|[upkeep]\n|upkeep\n|turn|3\n|inactive|N4t4sh4 has 30 seconds left.\n|inactive|mayomamainsk has 30 seconds left.\n|inactive|N4t4sh4 has 20 seconds left.\n|inactive|mayomamainsk has 20 seconds left.\n|inactive|mayomamainsk has 15 seconds left.\n|\n|t:|1776305617\n|switch|p2a: Crabominable|Crabominable, L50, M|100/100\n|detailschange|p1b: Crabominable|Crabominable-Mega, L50, M\n|-mega|p1b: Crabominable|Crabominable|Crabominite\n|move|p1a: Farigiraf|Helping Hand|p1b: Crabominable\n|-singleturn|p1b: Crabominable|Helping Hand|[of] p1a: Farigiraf\n|move|p1b: Crabominable|Close Combat|p2b: Farigiraf\n|-damage|p2b: Farigiraf|19/100\n|-unboost|p1b: Crabominable|def|1\n|-unboost|p1b: Crabominable|spd|1\n|move|p2b: Farigiraf|Psychic Noise|p1a: Farigiraf\n|-resisted|p1a: Farigiraf|1\n|-damage|p1a: Farigiraf|89/100\n|-start|p1a: Farigiraf|move: Heal Block\n|-enditem|p1a: Farigiraf|Mental Herb\n|-end|p1a: Farigiraf|move: Heal Block\n|\n|-weather|RainDance|[upkeep]\n|-end|p1b: Crabominable|move: Heal Block\n|upkeep\n|turn|4\n|inactive|N4t4sh4 has 30 seconds left.\n|inactive|mayomamainsk has 30 seconds left.\n|\n|t:|1776305658\n|move|p1b: Crabominable|Protect|p1b: Crabominable\n|-singleturn|p1b: Crabominable|Protect\n|move|p2a: Crabominable|Ice Hammer|p1a: Farigiraf\n|-damage|p1a: Farigiraf|28/100\n|-unboost|p2a: Crabominable|spe|1\n|move|p1a: Farigiraf|Psychic|p2a: Crabominable\n|-supereffective|p2a: Crabominable|1\n|-damage|p2a: Crabominable|29/100\n|-unboost|p2a: Crabominable|spd|1\n|move|p2b: Farigiraf|Psychic Noise|p1b: Crabominable\n|-activate|p1b: Crabominable|move: Protect\n|\n|-weather|RainDance|[upkeep]\n|upkeep\n|turn|5\n|inactive|N4t4sh4 has 30 seconds left.\n|inactive|mayomamainsk has 30 seconds left.\n|inactive|N4t4sh4 has 20 seconds left.\n|inactive|N4t4sh4 has 15 seconds left.\n|inactive|N4t4sh4 has 10 seconds left.\n|\n|t:|1776305704\n|switch|p1a: Pelipper|Pelipper, L50, F|100/100\n|detailschange|p2a: Crabominable|Crabominable-Mega, L50, M\n|-mega|p2a: Crabominable|Crabominable|Crabominite\n|move|p2a: Crabominable|Drain Punch|p1a: Pelipper\n|-resisted|p1a: Pelipper|1\n|-damage|p1a: Pelipper|63/100\n|-heal|p2a: Crabominable|42/100|[from] drain|[of] p1a: Pelipper\n|move|p1b: Crabominable|Drain Punch|p2a: Crabominable\n|-supereffective|p2a: Crabominable|1\n|-damage|p2a: Crabominable|0 fnt\n|-heal|p1b: Crabominable|55/100|[from] drain|[of] p2a: Crabominable\n|faint|p2a: Crabominable\n|move|p2b: Farigiraf|Psychic Noise|p1b: Crabominable\n|-supereffective|p1b: Crabominable|1\n|-damage|p1b: Crabominable|0 fnt\n|faint|p1b: Crabominable\n|\n|-weather|none\n|-fieldend|move: Trick Room\n|upkeep\n|\n|t:|1776305724\n|switch|p2a: Rotom|Rotom-Mow, L50|4/100\n|switch|p1b: Farigiraf|Farigiraf, L50, M|28/100\n|turn|6\n|\n|t:|1776305746\n|move|p1b: Farigiraf|Helping Hand|p1a: Pelipper\n|-singleturn|p1a: Pelipper|Helping Hand|[of] p1b: Farigiraf\n|move|p2a: Rotom|Thunderbolt|p1b: Farigiraf\n|-damage|p1b: Farigiraf|4/100\n|move|p1a: Pelipper|Weather Ball|p2a: Rotom\n|-damage|p2a: Rotom|0 fnt\n|faint|p2a: Rotom\n|move|p2b: Farigiraf|Psychic Noise|p1a: Pelipper\n|-damage|p1a: Pelipper|12/100\n|-start|p1a: Pelipper|move: Heal Block\n|\n|upkeep\n|\n|t:|1776305759\n|switch|p2a: Kangaskhan|Kangaskhan, L50, F|100/100\n|turn|7\n|\n|t:|1776305769\n|move|p1b: Farigiraf|Helping Hand|p1a: Pelipper\n|-singleturn|p1a: Pelipper|Helping Hand|[of] p1b: Farigiraf\n|move|p2a: Kangaskhan|Fake Out||[still]\n|cant|p1b: Farigiraf|ability: Armor Tail|Fake Out|[of] p2a: Kangaskhan\n|move|p1a: Pelipper|Weather Ball|p2b: Farigiraf\n|-damage|p2b: Farigiraf|0 fnt\n|faint|p2b: Farigiraf\n|\n|-end|p1a: Pelipper|move: Heal Block\n|upkeep\n|turn|8\n|\n|t:|1776305787\n|switch|p1a: Archaludon|Archaludon, L50, F|100/100\n|move|p2a: Kangaskhan|Last Resort|p1a: Archaludon\n|-resisted|p1a: Archaludon|1\n|-damage|p1a: Archaludon|78/100\n|-ability|p1a: Archaludon|Stamina|boost\n|-boost|p1a: Archaludon|def|1\n|move|p1b: Farigiraf|Psychic|p2a: Kangaskhan\n|-damage|p2a: Kangaskhan|59/100\n|-unboost|p2a: Kangaskhan|spd|1\n|\n|-heal|p1a: Archaludon|84/100|[from] item: Leftovers\n|upkeep\n|turn|9\n|-message|mayomamainsk forfeited.\n|\n|win|N4t4sh4\n|raw|N4t4sh4's rating: 1110 &rarr; <strong>1135</strong><br />(+25 for winning)\n|raw|mayomamainsk's rating: 1110 &rarr; <strong>1085</strong><br />(-25 for losing)\n|l|\u2606mayomamainsk\n|player|p2|\n",
  "uploadtime": 1776305827,
  "views": 23,
  "formatid": "gen9championsvgc2026regma",
  "rating": 1085,
  "private": 0,
  "password": null
}