{
  "id": "gen9championsvgc2026regma-2585096675",
  "format": "[Gen 9 Champions] VGC 2026 Reg M-A",
  "players": [
    "ForgotToFlush",
    "benitoscorpion"
  ],
  "log": "|j|\u2606ForgotToFlush\n|j|\u2606benitoscorpion\n|t:|1776311389\n|gametype|doubles\n|player|p1|ForgotToFlush|giovanni|1086\n|player|p2|benitoscorpion|hilbert-wonderlauncher|1044\n|gen|9\n|tier|[Gen 9 Champions] VGC 2026 Reg M-A\n|rated|\n|rule|Species Clause: Limit one of each Pok\u00e9mon\n|rule|Item Clause: Limit 1 of each item\n|clearpoke\n|poke|p1|Orthworm, L50, F|\n|poke|p1|Garchomp, L50, F|\n|poke|p1|Rotom-Heat, L50|\n|poke|p1|Sneasler, L50, M|\n|poke|p1|Blastoise, L50, M|\n|poke|p1|Sinistcha-Masterpiece, L50|\n|poke|p2|Klefki, L50, F|\n|poke|p2|Charizard, L50, M|\n|poke|p2|Tyranitar, L50, M|\n|poke|p2|Politoed, L50, F|\n|poke|p2|Ninetales-Alola, L50, M|\n|poke|p2|Venusaur, L50, M|\n|teampreview|4\nForgotToFlush has agreed to open team sheets.\nbenitoscorpion rejected open team sheets.\n|inactive|Battle timer is ON: inactive players will automatically lose when time's up. (requested by ForgotToFlush)\n|inactive|ForgotToFlush has 60 seconds left.\n|\n|t:|1776311441\n|teamsize|p1|4\n|teamsize|p2|4\n|start\n|switch|p1a: Orthworm|Orthworm, L50, F|100/100\n|switch|p1b: Garchomp|Garchomp, L50, F|100/100\n|switch|p2a: Klefki|Klefki, L50, F|100/100\n|switch|p2b: Charizard|Charizard, L50, M|100/100\n|turn|1\n|inactive|benitoscorpion has 30 seconds left.\n|inactive|benitoscorpion has 20 seconds left.\n|inactive|benitoscorpion has 15 seconds left.\n|\n|t:|1776311486\n|detailschange|p2b: Charizard|Charizard-Mega-Y, L50, M\n|-mega|p2b: Charizard|Charizard|Charizardite Y\n|-weather|SunnyDay|[from] ability: Drought|[of] p2b: Charizard\n|move|p1b: Garchomp|Rock Slide|p2a: Klefki|[spread] p2a,p2b\n|-resisted|p2a: Klefki|1\n|-supereffective|p2b: Charizard|2\n|-damage|p2a: Klefki|91/100\n|-damage|p2b: Charizard|0 fnt\n|faint|p2b: Charizard\n|move|p2a: Klefki|Dazzling Gleam|p1b: Garchomp|[spread] p1a,p1b\n|-resisted|p1a: Orthworm|1\n|-supereffective|p1b: Garchomp|1\n|-damage|p1a: Orthworm|86/100\n|-damage|p1b: Garchomp|64/100\n|move|p1a: Orthworm|Smack Down|p2a: Klefki\n|-resisted|p2a: Klefki|1\n|-damage|p2a: Klefki|86/100\n|\n|-weather|SunnyDay|[upkeep]\n|upkeep\n|\n|t:|1776311499\n|switch|p2b: Ninetales|Ninetales-Alola, L50, M, shiny|100/100\n|-weather|Snowscape|[from] ability: Snow Warning|[of] p2b: Ninetales\n|turn|2\n|\n|t:|1776311519\n|switch|p1b: The Sneazzler|Sneasler, L50, M|100/100\n|move|p2b: Ninetales|Weather Ball|p1b: The Sneazzler\n|-damage|p1b: The Sneazzler|46/100\n|move|p2a: Klefki|Dazzling Gleam|p1b: The Sneazzler|[spread] p1a,p1b\n|-resisted|p1a: Orthworm|1\n|-damage|p1a: Orthworm|74/100\n|-damage|p1b: The Sneazzler|20/100\n|move|p1a: Orthworm|Iron Head|p2b: Ninetales\n|-supereffective|p2b: Ninetales|2\n|-damage|p2b: Ninetales|0 fnt\n|faint|p2b: Ninetales\n|\n|-weather|Snowscape|[upkeep]\n|upkeep\n|\n|t:|1776311528\n|switch|p2b: Tyranitar|Tyranitar, L50, M, shiny|100/100\n|-weather|Sandstorm|[from] ability: Sand Stream|[of] p2b: Tyranitar\n|turn|3\n|\n|t:|1776311542\n|move|p1b: The Sneazzler|Fake Out|p2b: Tyranitar\n|-resisted|p2b: Tyranitar|1\n|-damage|p2b: Tyranitar|95/100\n|move|p2a: Klefki|Sunny Day|p2a: Klefki\n|-weather|SunnyDay\n|cant|p2b: Tyranitar|flinch\n|move|p1a: Orthworm|Shed Tail|p1a: Orthworm\n|-start|p1a: Orthworm|Substitute|[from] move: Shed Tail\n|-damage|p1a: Orthworm|24/100\n|-enditem|p1a: Orthworm|Sitrus Berry|[eat]\n|-heal|p1a: Orthworm|49/100|[from] item: Sitrus Berry\n|\n|t:|1776311551\n|switch|p1a: Garchomp|Garchomp, L50, F|64/100|[from] Shed Tail\n|\n|-weather|SunnyDay|[upkeep]\n|upkeep\n|turn|4\n|\n|t:|1776311558\n|switch|p1b: Orthworm|Orthworm, L50, F|49/100\n|move|p1a: Garchomp|Earthquake|p2b: Tyranitar|[spread] p2a,p2b\n|-heal|p1b: Orthworm|74/100|[from] ability: Earth Eater|[of] p1a: Garchomp\n|-supereffective|p2a: Klefki|1\n|-supereffective|p2b: Tyranitar|1\n|-damage|p2a: Klefki|19/100\n|-damage|p2b: Tyranitar|23/100\n|-enditem|p2a: Klefki|Sitrus Berry|[eat]\n|-heal|p2a: Klefki|44/100|[from] item: Sitrus Berry\n|move|p2b: Tyranitar|Fire Blast|p1a: Garchomp\n|-resisted|p1a: Garchomp|1\n|-activate|p1a: Garchomp|move: Substitute|[damage]\n|move|p2a: Klefki|Dazzling Gleam|p1a: Garchomp|[spread] p1a,p1b\n|-supereffective|p1a: Garchomp|1\n|-end|p1a: Garchomp|Substitute\n|-resisted|p1b: Orthworm|1\n|-damage|p1b: Orthworm|61/100\n|\n|-weather|SunnyDay|[upkeep]\n|upkeep\n|turn|5\n|\n|t:|1776311576\n|move|p1b: Orthworm|Helping Hand|p1a: Garchomp\n|-singleturn|p1a: Garchomp|Helping Hand|[of] p1b: Orthworm\n|move|p1a: Garchomp|Earthquake|p2b: Tyranitar|[spread] p2a,p2b\n|-heal|p1b: Orthworm|86/100|[from] ability: Earth Eater|[of] p1a: Garchomp\n|-supereffective|p2a: Klefki|1\n|-supereffective|p2b: Tyranitar|1\n|-damage|p2a: Klefki|0 fnt\n|-damage|p2b: Tyranitar|0 fnt\n|faint|p2a: Klefki\n|faint|p2b: Tyranitar\n|\n|win|ForgotToFlush\n|raw|ForgotToFlush's rating: 1086 &rarr; <strong>1110</strong><br />(+24 for winning)\n|raw|benitoscorpion's rating: 1044 &rarr; <strong>1029</strong><br />(-15 for losing)\n|l|\u2606benitoscorpion\n|player|p2|\n",
  "uploadtime": 1776311583,
  "views": 37,
  "formatid": "gen9championsvgc2026regma",
  "rating": 1029,
  "private": 0,
  "password": null
}