{
  "id": "gen9championsvgc2026regma-2582140629",
  "format": "[Gen 9 Champions] VGC 2026 Reg M-A",
  "players": [
    "Hi Im Oliver",
    "oinaniewiiiewqwqq"
  ],
  "log": "|j|\u2606Hi Im Oliver\n|j|\u2606oinaniewiiiewqwqq\n|t:|1776063227\n|gametype|doubles\n|player|p1|Hi Im Oliver|lance|1151\n|player|p2|oinaniewiiiewqwqq|2|1064\n|gen|9\n|tier|[Gen 9 Champions] VGC 2026 Reg M-A\n|rated|\n|rule|Species Clause: Limit one of each Pok\u00e9mon\n|rule|Item Clause: Limit 1 of each item\n|clearpoke\n|poke|p1|Incineroar, L50, F|\n|poke|p1|Hawlucha, L50, M|\n|poke|p1|Excadrill, L50, F|\n|poke|p1|Maushold-Four, L50|\n|poke|p1|Sinistcha, L50|\n|poke|p1|Aegislash, L50, M|\n|poke|p2|Charizard, L50, M|\n|poke|p2|Venusaur, L50, F|\n|poke|p2|Whimsicott, L50, F|\n|poke|p2|Archaludon, L50, M|\n|poke|p2|Milotic, L50, F|\n|poke|p2|Sneasler, L50, M|\n|teampreview|4\n|inactive|Battle timer is ON: inactive players will automatically lose when time's up. (requested by Hi Im Oliver)\n|\n|t:|1776063252\n|teamsize|p1|4\n|teamsize|p2|4\n|start\n|switch|p1a: Hawlucha|Hawlucha, L50, M|100/100\n|switch|p1b: Excadrill|Excadrill, L50, F|100/100\n|switch|p2a: Sneasler|Sneasler, L50, M|100/100\n|switch|p2b: Whimsicott|Whimsicott, L50, F|100/100\n|-ability|p1b: Excadrill|Mold Breaker\n|turn|1\n|inactive|oinaniewiiiewqwqq has 30 seconds left.\n|inactive|oinaniewiiiewqwqq has 20 seconds left.\n|inactive|oinaniewiiiewqwqq has 15 seconds left.\n|inactive|oinaniewiiiewqwqq has 10 seconds left.\n|inactive|oinaniewiiiewqwqq has 5 seconds left.\n|\n|t:|1776063307\n|detailschange|p1a: Hawlucha|Hawlucha-Mega, L50, M\n|-mega|p1a: Hawlucha|Hawlucha|Hawluchanite\n|move|p2a: Sneasler|Fake Out|p1a: Hawlucha\n|-damage|p1a: Hawlucha|86/100\n|move|p2b: Whimsicott|Tailwind|p2b: Whimsicott\n|-sidestart|p2: oinaniewiiiewqwqq|move: Tailwind\n|cant|p1a: Hawlucha|flinch\n|move|p1b: Excadrill|Fissure|p2a: Sneasler\n|-damage|p2a: Sneasler|0 fnt\n|faint|p2a: Sneasler\n|-ohko\n|\n|upkeep\n|inactive|oinaniewiiiewqwqq has 30 seconds left.\n|\n|t:|1776063337\n|switch|p2a: Milotic|Milotic, L50, F, shiny|100/100\n|turn|2\n|\n|t:|1776063349\n|move|p2b: Whimsicott|Tailwind||[still]\n|-fail|p2b: Whimsicott\n|move|p2a: Milotic|Icy Wind|p1a: Hawlucha|[spread] p1a,p1b\n|-supereffective|p1a: Hawlucha|1\n|-damage|p1a: Hawlucha|66/100\n|-damage|p1b: Excadrill|89/100\n|-unboost|p1a: Hawlucha|spe|1\n|-unboost|p1b: Excadrill|spe|1\n|move|p1a: Hawlucha|Swords Dance|p1a: Hawlucha\n|-boost|p1a: Hawlucha|atk|2\n|move|p1b: Excadrill|Fissure|p2a: Milotic\n|-damage|p2a: Milotic|0 fnt\n|faint|p2a: Milotic\n|-ohko\n|\n|upkeep\n|\n|t:|1776063364\n|switch|p2a: Charizard|Charizard, L50, M|100/100\n|turn|3\n|\n|t:|1776063383\n|detailschange|p2a: Charizard|Charizard-Mega-X, L50, M\n|-mega|p2a: Charizard|Charizard|Charizardite X\n|move|p2b: Whimsicott|Moonblast|p1a: Hawlucha\n|-supereffective|p1a: Hawlucha|1\n|-damage|p1a: Hawlucha|0 fnt\n|faint|p1a: Hawlucha\n|move|p2a: Charizard|Dragon Dance|p2a: Charizard\n|-boost|p2a: Charizard|atk|1\n|-boost|p2a: Charizard|spe|1\n|move|p1b: Excadrill|Horn Drill|p2a: Charizard|[miss]\n|-miss|p1b: Excadrill|p2a: Charizard\n|\n|upkeep\n|\n|t:|1776063395\n|switch|p1a: Maushold|Maushold-Four, L50|100/100\n|turn|4\n|\n|t:|1776063412\n|move|p2a: Charizard|Flare Blitz|p1a: Maushold\n|-damage|p1a: Maushold|0 fnt\n|faint|p1a: Maushold\n|-damage|p2a: Charizard|74/100|[from] Recoil\n|move|p2b: Whimsicott|Moonblast|p1b: Excadrill\n|-resisted|p1b: Excadrill|1\n|-damage|p1b: Excadrill|67/100\n|move|p1b: Excadrill|Horn Drill|p2a: Charizard|[miss]\n|-miss|p1b: Excadrill|p2a: Charizard\n|\n|-sideend|p2: oinaniewiiiewqwqq|move: Tailwind\n|upkeep\n|\n|t:|1776063422\n|switch|p1a: Sinistcha|Sinistcha, L50|100/100\n|-heal|p1b: Excadrill|92/100|[from] ability: Hospitality|[of] p1a: Sinistcha\n|turn|5\n|\n|t:|1776063446\n|move|p1a: Sinistcha|Rage Powder|p1a: Sinistcha\n|-singleturn|p1a: Sinistcha|move: Rage Powder\n|move|p2a: Charizard|Flare Blitz|p1a: Sinistcha\n|-supereffective|p1a: Sinistcha|1\n|-damage|p1a: Sinistcha|0 fnt\n|faint|p1a: Sinistcha\n|-damage|p2a: Charizard|48/100|[from] Recoil\n|move|p2b: Whimsicott|Moonblast|p1b: Excadrill\n|-resisted|p1b: Excadrill|1\n|-damage|p1b: Excadrill|71/100\n|move|p1b: Excadrill|Fissure|p2a: Charizard|[miss]\n|-miss|p1b: Excadrill|p2a: Charizard\n|\n|upkeep\n|turn|6\n|\n|t:|1776063463\n|move|p2b: Whimsicott|Tailwind|p2b: Whimsicott\n|-sidestart|p2: oinaniewiiiewqwqq|move: Tailwind\n|move|p2a: Charizard|Flare Blitz|p1b: Excadrill\n|-supereffective|p1b: Excadrill|1\n|-damage|p1b: Excadrill|0 fnt\n|faint|p1b: Excadrill\n|-damage|p2a: Charizard|20/100|[from] Recoil\n|\n|win|oinaniewiiiewqwqq\n|raw|Hi Im Oliver's rating: 1151 &rarr; <strong>1120</strong><br />(-31 for losing)\n|raw|oinaniewiiiewqwqq's rating: 1064 &rarr; <strong>1102</strong><br />(+38 for winning)\n",
  "uploadtime": 1776063471,
  "views": 14,
  "formatid": "gen9championsvgc2026regma",
  "rating": 1102,
  "private": 0,
  "password": null
}