{
  "id": "gen9championsvgc2026regma-2581217833",
  "format": "[Gen 9 Champions] VGC 2026 Reg M-A",
  "players": [
    "All Hail Ogerpon",
    "Laytrix"
  ],
  "log": "|j|\u2606All Hail Ogerpon\n|j|\u2606Laytrix\n|t:|1775972099\n|gametype|doubles\n|player|p1|All Hail Ogerpon|raihan|\n|player|p2|Laytrix|101|\n|gen|9\n|tier|[Gen 9 Champions] VGC 2026 Reg M-A\n|rated|Tournament battle\n|rule|Species Clause: Limit one of each Pok\u00e9mon\n|rule|Item Clause: Limit 1 of each item\n|clearpoke\n|poke|p1|Dragonite, L50, F|\n|poke|p1|Whimsicott, L50, F|\n|poke|p1|Garchomp, L50, M|\n|poke|p1|Sneasler, L50, F|\n|poke|p1|Rotom-Wash, L50|\n|poke|p1|Kingambit, L50, M|\n|poke|p2|Charizard, L50, M|\n|poke|p2|Whimsicott, L50, F|\n|poke|p2|Garchomp, L50, F|\n|poke|p2|Sneasler, L50, M|\n|poke|p2|Aegislash, L50, M|\n|poke|p2|Incineroar, L50, F|\n|teampreview|4\n|c|\u2606All Hail Ogerpon|glhf\n|c|\u2606Laytrix|u 2\n|\n|t:|1775972137\n|teamsize|p1|4\n|teamsize|p2|4\n|start\n|switch|p1a: Whimsicott|Whimsicott, L50, F, shiny|100/100\n|switch|p1b: Garchomp|Garchomp, L50, M|100/100\n|switch|p2a: Whimsicott|Whimsicott, L50, F|100/100\n|switch|p2b: Garchomp|Garchomp, L50, F|100/100\n|turn|1\n|inactive|Battle timer is ON: inactive players will automatically lose when time's up. (requested by Laytrix)\n|\n|t:|1775972152\n|switch|p1b: Rotom|Rotom-Wash, L50|100/100\n|move|p2a: Whimsicott|Tailwind|p2a: Whimsicott\n|-sidestart|p2: Laytrix|move: Tailwind\n|move|p2b: Garchomp|Dragon Claw|p1b: Rotom\n|-damage|p1b: Rotom|35/100\n|move|p1a: Whimsicott|Moonblast|p2b: Garchomp\n|-supereffective|p2b: Garchomp|1\n|-crit|p2b: Garchomp\n|-damage|p2b: Garchomp|0 fnt\n|faint|p2b: Garchomp\n|\n|upkeep\n|j| looongirsu\n|c|\u2606All Hail Ogerpon|oops rough crit\n|\n|t:|1775972170\n|switch|p2b: Sneasler|Sneasler, L50, M|100/100\n|turn|2\n|c|\u2606Laytrix|D:\n|\n|t:|1775972189\n|switch|p1a: Garchomp|Garchomp, L50, M|100/100\n|move|p1b: Rotom|Protect|p1b: Rotom\n|-singleturn|p1b: Rotom|Protect\n|move|p2b: Sneasler|Fake Out|p1a: Garchomp\n|-damage|p1a: Garchomp|85/100\n|-damage|p2b: Sneasler|88/100|[from] ability: Rough Skin|[of] p1a: Garchomp\n|move|p2a: Whimsicott|Moonblast|p1b: Rotom\n|-activate|p1b: Rotom|move: Protect\n|\n|upkeep\n|turn|3\n|j| DeDonutNoob\n|\n|t:|1775972205\n|switch|p1b: Dragonite|Dragonite, L50, F, shiny|100/100\n|move|p2b: Sneasler|Protect|p2b: Sneasler\n|-singleturn|p2b: Sneasler|Protect\n|move|p1a: Garchomp|Protect|p1a: Garchomp\n|-singleturn|p1a: Garchomp|Protect\n|move|p2a: Whimsicott|Moonblast|p1b: Dragonite\n|-supereffective|p1b: Dragonite|1\n|-damage|p1b: Dragonite|65/100\n|\n|upkeep\n|turn|4\n|\n|t:|1775972234\n|switch|p1a: Whimsicott|Whimsicott, L50, F, shiny|100/100\n|detailschange|p1b: Dragonite|Dragonite-Mega, L50, F, shiny\n|-mega|p1b: Dragonite|Dragonite|Dragoninite\n|move|p2a: Whimsicott|Moonblast|p1a: Whimsicott\n|-damage|p1a: Whimsicott|47/100\n|move|p2b: Sneasler|Close Combat|p1b: Dragonite\n|-resisted|p1b: Dragonite|1\n|-damage|p1b: Dragonite|32/100\n|-unboost|p2b: Sneasler|def|1\n|-unboost|p2b: Sneasler|spd|1\n|-enditem|p2b: Sneasler|White Herb\n|-clearnegativeboost|p2b: Sneasler|[silent]\n|move|p1b: Dragonite|Air Slash|p2b: Sneasler|[miss]\n|-miss|p1b: Dragonite|p2b: Sneasler\n|\n|-sideend|p2: Laytrix|move: Tailwind\n|upkeep\n|turn|5\n|c|\u2606All Hail Ogerpon|bruh\n|c|\u2606All Hail Ogerpon|a crit for a miss I guess\n|j| Lyiter\n|c|\u2606Laytrix|:D\n|inactive|Laytrix has 30 seconds left.\n|j| Ice124567890\n|\n|t:|1775972269\n|move|p1a: Whimsicott|Encore|p2b: Sneasler\n|-start|p2b: Sneasler|Encore\n|move|p2a: Whimsicott|Tailwind|p2a: Whimsicott\n|-sidestart|p2: Laytrix|move: Tailwind\n|move|p2b: Sneasler|Close Combat|p1a: Whimsicott\n|-resisted|p1a: Whimsicott|1\n|-damage|p1a: Whimsicott|0 fnt\n|-unboost|p2b: Sneasler|def|1\n|-unboost|p2b: Sneasler|spd|1\n|faint|p1a: Whimsicott\n|move|p1b: Dragonite|Air Slash|p2a: Whimsicott\n|-supereffective|p2a: Whimsicott|1\n|-enditem|p2a: Whimsicott|Focus Sash\n|-damage|p2a: Whimsicott|1/100\n|\n|upkeep\n|\n|t:|1775972278\n|switch|p1a: Garchomp|Garchomp, L50, M|85/100\n|turn|6\n|\n|t:|1775972290\n|move|p1b: Dragonite|Protect|p1b: Dragonite\n|-singleturn|p1b: Dragonite|Protect\n|move|p2b: Sneasler|Close Combat|p1a: Garchomp\n|-damage|p1a: Garchomp|18/100\n|-unboost|p2b: Sneasler|def|1\n|-unboost|p2b: Sneasler|spd|1\n|-damage|p2b: Sneasler|76/100|[from] ability: Rough Skin|[of] p1a: Garchomp\n|move|p2a: Whimsicott|Moonblast|p1b: Dragonite\n|-activate|p1b: Dragonite|move: Protect\n|move|p1a: Garchomp|Earthquake|p2b: Sneasler|[spread] p2a,p2b\n|-activate|p1b: Dragonite|move: Protect\n|-resisted|p2a: Whimsicott|1\n|-supereffective|p2b: Sneasler|1\n|-damage|p2a: Whimsicott|0 fnt\n|-damage|p2b: Sneasler|0 fnt\n|faint|p2a: Whimsicott\n|faint|p2b: Sneasler\n|\n|upkeep\n|\n|t:|1775972303\n|switch|p2b: Charizard|Charizard, L50, M|100/100\n|turn|7\n|\n|t:|1775972323\n|switch|p1a: Rotom|Rotom-Wash, L50|35/100\n|detailschange|p2b: Charizard|Charizard-Mega-Y, L50, M\n|-mega|p2b: Charizard|Charizard|Charizardite Y\n|-weather|SunnyDay|[from] ability: Drought|[of] p2b: Charizard\n|move|p1b: Dragonite|Protect||[still]\n|-fail|p1b: Dragonite\n|move|p2b: Charizard|Heat Wave|p1a: Rotom|[spread] p1a,p1b\n|-resisted|p1a: Rotom|1\n|-crit|p1a: Rotom\n|-resisted|p1b: Dragonite|1\n|-damage|p1a: Rotom|0 fnt\n|-damage|p1b: Dragonite|5/100\n|faint|p1a: Rotom\n|\n|-weather|SunnyDay|[upkeep]\n|upkeep\n|\n|t:|1775972325\n|switch|p1a: Garchomp|Garchomp, L50, M|18/100\n|turn|8\n|\n|t:|1775972335\n|move|p1a: Garchomp|Protect|p1a: Garchomp\n|-singleturn|p1a: Garchomp|Protect\n|move|p2b: Charizard|Heat Wave|p1a: Garchomp|[spread] p1b\n|-activate|p1a: Garchomp|move: Protect\n|-resisted|p1b: Dragonite|1\n|-damage|p1b: Dragonite|0 fnt\n|faint|p1b: Dragonite\n|\n|-weather|SunnyDay|[upkeep]\n|-sideend|p2: Laytrix|move: Tailwind\n|upkeep\n|turn|9\n|\n|t:|1775972338\n|move|p2b: Charizard|Protect|p2b: Charizard\n|-singleturn|p2b: Charizard|Protect\n|move|p1a: Garchomp|Rock Slide|p2b: Charizard\n|-activate|p2b: Charizard|move: Protect\n|\n|-weather|SunnyDay|[upkeep]\n|upkeep\n|turn|10\n|\n|t:|1775972340\n|move|p1a: Garchomp|Rock Slide|p2b: Charizard\n|-supereffective|p2b: Charizard|2\n|-damage|p2b: Charizard|0 fnt\n|faint|p2b: Charizard\n|\n|win|All Hail Ogerpon\n|n|\u2606All Hail Ogerpon|allhailogerpon\n|n|\u2606Laytrix|laytrix\n|n| looongirsu|looongirsu\n|n| DeDonutNoob|dedonutnoob\n|n| Lyiter|lyiter\n|n| Ice124567890|ice124567890\n|c|\u2606All Hail Ogerpon|gg\n|l| Lyiter\n|c|\u2606Laytrix|gg\n|l|\u2606Laytrix\n|player|p2|\n|l| Ice124567890\n",
  "uploadtime": 1775972361,
  "views": 18,
  "formatid": "gen9championsvgc2026regma",
  "rating": null,
  "private": 0,
  "password": null
}