{
  "id": "gen9championsvgc2026regma-2586088626",
  "format": "[Gen 9 Champions] VGC 2026 Reg M-A",
  "players": [
    "ZAPDOSISGOATED",
    "Gosuguy"
  ],
  "log": "|j|\u2606ZAPDOSISGOATED\n|j|\u2606Gosuguy\n|t:|1776397721\n|gametype|doubles\n|player|p1|ZAPDOSISGOATED|dragontamer|1279\n|player|p2|Gosuguy|steven|1374\n|gen|9\n|tier|[Gen 9 Champions] VGC 2026 Reg M-A\n|rated|\n|rule|Species Clause: Limit one of each Pok\u00e9mon\n|rule|Item Clause: Limit 1 of each item\n|clearpoke\n|poke|p1|Aerodactyl, L50, M|\n|poke|p1|Garchomp, L50, M|\n|poke|p1|Typhlosion-Hisui, L50, F|\n|poke|p1|Farigiraf, L50, F|\n|poke|p1|Whimsicott, L50, M|\n|poke|p1|Azumarill, L50, M|\n|poke|p2|Delphox, L50, M|\n|poke|p2|Basculegion, L50, M|\n|poke|p2|Clefable, L50, F|\n|poke|p2|Kingambit, L50, M|\n|poke|p2|Dragonite, L50, F|\n|poke|p2|Sneasler, L50, F|\n|teampreview|4\n|inactive|Battle timer is ON: inactive players will automatically lose when time's up. (requested by Gosuguy)\n|inactive|ZAPDOSISGOATED also wants the timer to be on.\nZAPDOSISGOATED rejected open team sheets.\n|inactive|Gosuguy has 60 seconds left.\n|\n|t:|1776397764\n|teamsize|p1|4\n|teamsize|p2|4\n|start\n|switch|p1a: Farigiraf|Farigiraf, L50, F|100/100\n|switch|p1b: Miisser lol|Azumarill, L50, M|100/100\n|switch|p2a: Basculegion|Basculegion, L50, M|100/100\n|switch|p2b: Delphox|Delphox, L50, M|100/100\n|turn|1\n|\n|t:|1776397785\n|switch|p2b: Kingambit|Kingambit, L50, M|100/100\n|move|p2a: Basculegion|Flip Turn|p1a: Farigiraf\n|-damage|p1a: Farigiraf|62/100\n|\n|t:|1776397792\n|switch|p2a: Clefable|Clefable, L50, F|100/100|[from] Flip Turn\n|move|p1b: Miisser lol|Play Rough|p2a: Clefable\n|-damage|p2a: Clefable|53/100\n|move|p1a: Farigiraf|Trick Room|p1a: Farigiraf\n|-fieldstart|move: Trick Room|[of] p1a: Farigiraf\n|\n|upkeep\n|turn|2\n|\n|t:|1776397811\n|move|p1a: Farigiraf|Protect|p1a: Farigiraf\n|-singleturn|p1a: Farigiraf|Protect\n|move|p1b: Miisser lol|Liquidation|p2a: Clefable\n|-damage|p2a: Clefable|0 fnt\n|faint|p2a: Clefable\n|move|p2b: Kingambit|Kowtow Cleave|p1a: Farigiraf\n|-activate|p1a: Farigiraf|move: Protect\n|\n|upkeep\n|\n|t:|1776397823\n|switch|p2a: Basculegion|Basculegion, L50, M|100/100\n|turn|3\n|\n|t:|1776397831\n|move|p1a: Farigiraf|Helping Hand|p1b: Miisser lol\n|-singleturn|p1b: Miisser lol|Helping Hand|[of] p1a: Farigiraf\n|move|p1b: Miisser lol|Liquidation|p2b: Kingambit\n|-damage|p2b: Kingambit|32/100\n|move|p2b: Kingambit|Kowtow Cleave|p1a: Farigiraf\n|-supereffective|p1a: Farigiraf|1\n|-damage|p1a: Farigiraf|0 fnt\n|faint|p1a: Farigiraf\n|move|p2a: Basculegion|Last Respects|p1b: Miisser lol\n|-damage|p1b: Miisser lol|31/100\n|\n|upkeep\n|inactive|ZAPDOSISGOATED has 30 seconds left.\n|\n|t:|1776397858\n|switch|p1a: Garchomp|Garchomp, L50, M|100/100\n|turn|4\n|\n|t:|1776397873\n|move|p2b: Kingambit|Sucker Punch|p1a: Garchomp\n|-damage|p1a: Garchomp|52/100\n|-damage|p2b: Kingambit|20/100|[from] ability: Rough Skin|[of] p1a: Garchomp\n|move|p1b: Miisser lol|Liquidation|p2b: Kingambit\n|-damage|p2b: Kingambit|0 fnt\n|faint|p2b: Kingambit\n|move|p1a: Garchomp|Dragon Claw|p2a: Basculegion\n|-damage|p2a: Basculegion|43/100\n|move|p2a: Basculegion|Last Respects|p1a: Garchomp\n|-damage|p1a: Garchomp|0 fnt\n|faint|p1a: Garchomp\n|\n|upkeep\n|\n|t:|1776397886\n|switch|p2b: Delphox|Delphox, L50, M|100/100\n|switch|p1a: Aerodactyl|Aerodactyl, L50, M, shiny|100/100\n|-ability|p1a: Aerodactyl|Unnerve\n|turn|5\n|\n|t:|1776397908\n|detailschange|p2b: Delphox|Delphox-Mega, L50, M\n|-mega|p2b: Delphox|Delphox|Delphoxite\n|move|p1a: Aerodactyl|Protect|p1a: Aerodactyl\n|-singleturn|p1a: Aerodactyl|Protect\n|move|p2b: Delphox|Protect|p2b: Delphox\n|-singleturn|p2b: Delphox|Protect\n|move|p1b: Miisser lol|Play Rough|p2a: Basculegion\n|-damage|p2a: Basculegion|0 fnt\n|faint|p2a: Basculegion\n|\n|-fieldend|move: Trick Room\n|upkeep\n|turn|6\n|\n|t:|1776397922\n|detailschange|p1a: Aerodactyl|Aerodactyl-Mega, L50, M, shiny\n|-mega|p1a: Aerodactyl|Aerodactyl|Aerodactylite\n|move|p1b: Miisser lol|Aqua Jet|p2b: Delphox\n|-supereffective|p2b: Delphox|1\n|-damage|p2b: Delphox|11/100\n|move|p1a: Aerodactyl|Rock Slide|p2b: Delphox\n|-supereffective|p2b: Delphox|1\n|-damage|p2b: Delphox|0 fnt\n|faint|p2b: Delphox\n|\n|win|ZAPDOSISGOATED\n|raw|ZAPDOSISGOATED's rating: 1279 &rarr; <strong>1311</strong><br />(+32 for winning)\n|raw|Gosuguy's rating: 1374 &rarr; <strong>1349</strong><br />(-25 for losing)\n|c|\u2606ZAPDOSISGOATED|YeahHHHH\n|l|\u2606Gosuguy\n|player|p2|\n|c|\u2606ZAPDOSISGOATED|Perdiction\n",
  "uploadtime": 1776397950,
  "views": 30,
  "formatid": "gen9championsvgc2026regma",
  "rating": 1311,
  "private": 0,
  "password": null
}