{
  "id": "gen9championsvgc2026regma-2582782279",
  "format": "[Gen 9 Champions] VGC 2026 Reg M-A",
  "players": [
    "cloudyskyloftymoon",
    "retromaster14"
  ],
  "log": "|j|\u2606cloudyskyloftymoon\n|j|\u2606retromaster14\n|t:|1776113739\n|gametype|doubles\n|player|p1|cloudyskyloftymoon|acetrainerf|\n|player|p2|retromaster14|101|\n|gen|9\n|tier|[Gen 9 Champions] VGC 2026 Reg M-A\n|rule|Species Clause: Limit one of each Pok\u00e9mon\n|rule|Item Clause: Limit 1 of each item\n|clearpoke\n|poke|p1|Meganium, L50, M|\n|poke|p1|Pelipper, L50, F|\n|poke|p1|Archaludon, L50, M|\n|poke|p1|Basculegion, L50, M|\n|poke|p1|Sinistcha, L50|\n|poke|p1|Farigiraf, L50, F|\n|poke|p2|Pelipper, L50, M|\n|poke|p2|Basculegion, L50, M|\n|poke|p2|Archaludon, L50, F|\n|poke|p2|Meganium, L50, F|\n|poke|p2|Sneasler, L50, F|\n|poke|p2|Greninja-*, L50, M|\n|teampreview|4\nretromaster14 has agreed to open team sheets.\n|\n|t:|1776113787\n|teamsize|p1|4\n|teamsize|p2|4\n|start\n|switch|p1a: Sinistcha|Sinistcha, L50|100/100\n|switch|p1b: Pelipper|Pelipper, L50, F|100/100\n|switch|p2a: Basculegion|Basculegion, L50, M|100/100\n|switch|p2b: Greninja|Greninja, L50, M|100/100\n|-weather|RainDance|[from] ability: Drizzle|[of] p1b: Pelipper\n|turn|1\n|\n|t:|1776113821\n|switch|p1a: Meganium|Meganium, L50, M|100/100\n|move|p2a: Basculegion|Last Respects|p1b: Pelipper\n|-damage|p1b: Pelipper|74/100\n|move|p2b: Greninja|Ice Beam|p1b: Pelipper\n|-start|p2b: Greninja|typechange|Ice|[from] ability: Protean\n|-damage|p1b: Pelipper|11/100\n|move|p1b: Pelipper|U-turn|p2b: Greninja\n|-damage|p2b: Greninja|87/100\n|\n|t:|1776113837\n|switch|p1b: Archaludon|Archaludon, L50, M|100/100|[from] U-turn\n|\n|-weather|RainDance|[upkeep]\n|upkeep\n|turn|2\n|\n|t:|1776113850\n|detailschange|p2b: Greninja|Greninja-Mega, L50, M\n|-mega|p2b: Greninja|Greninja|Greninjite\n|detailschange|p1a: Meganium|Meganium-Mega, L50, M\n|-mega|p1a: Meganium|Meganium|Meganiumite\n|move|p2a: Basculegion|Flip Turn|p1b: Archaludon\n|-resisted|p1b: Archaludon|1\n|-damage|p1b: Archaludon|81/100\n|\n|t:|1776113856\n|switch|p2a: Archaludon|Archaludon, L50, F|100/100|[from] Flip Turn\n|move|p2b: Greninja|Sludge Wave|p1a: Meganium|[spread] p1a\n|-start|p2b: Greninja|typechange|Poison|[from] ability: Protean\n|-immune|p2a: Archaludon\n|-immune|p1b: Archaludon\n|-supereffective|p1a: Meganium|2\n|-damage|p1a: Meganium|0 fnt\n|faint|p1a: Meganium\n|move|p1b: Archaludon|Electro Shot||[still]\n|-prepare|p1b: Archaludon|Electro Shot\n|-boost|p1b: Archaludon|spa|1\n|-anim|p1b: Archaludon|Electro Shot|p2a: Archaludon\n|-resisted|p2a: Archaludon|1\n|-damage|p2a: Archaludon|61/100\n|-ability|p2a: Archaludon|Stamina|boost\n|-boost|p2a: Archaludon|def|1\n|\n|-weather|RainDance|[upkeep]\n|-heal|p2a: Archaludon|67/100|[from] item: Leftovers\n|-heal|p1b: Archaludon|87/100|[from] item: Leftovers\n|upkeep\n|\n|t:|1776113882\n|switch|p1a: Sinistcha|Sinistcha, L50|100/100\n|-heal|p1b: Archaludon|100/100|[from] ability: Hospitality|[of] p1a: Sinistcha\n|turn|3\n|\n|t:|1776113898\n|move|p1a: Sinistcha|Rage Powder|p1a: Sinistcha\n|-singleturn|p1a: Sinistcha|move: Rage Powder\n|move|p2b: Greninja|Sludge Wave|p1b: Archaludon|[spread] p1a\n|-immune|p2a: Archaludon\n|-immune|p1b: Archaludon\n|-crit|p1a: Sinistcha\n|-damage|p1a: Sinistcha|26/100\n|-enditem|p1a: Sinistcha|Sitrus Berry|[eat]\n|-heal|p1a: Sinistcha|51/100|[from] item: Sitrus Berry\n|move|p2a: Archaludon|Draco Meteor|p1a: Sinistcha\n|-damage|p1a: Sinistcha|0 fnt\n|-unboost|p2a: Archaludon|spa|2\n|faint|p1a: Sinistcha\n|move|p1b: Archaludon|Draco Meteor|p2a: Archaludon\n|-damage|p2a: Archaludon|0 fnt\n|-unboost|p1b: Archaludon|spa|2\n|faint|p2a: Archaludon\n|\n|-weather|RainDance|[upkeep]\n|upkeep\n|\n|t:|1776113921\n|switch|p2a: Basculegion|Basculegion, L50, M|100/100\n|switch|p1a: Pelipper|Pelipper, L50, F|11/100\n|turn|4\n|\n|t:|1776113938\n|move|p2a: Basculegion|Aqua Jet|p1a: Pelipper\n|-resisted|p1a: Pelipper|1\n|-damage|p1a: Pelipper|0 fnt\n|faint|p1a: Pelipper\n|move|p2b: Greninja|Ice Beam|p1b: Archaludon\n|-damage|p1b: Archaludon|57/100\n|move|p1b: Archaludon|Electro Shot||[still]\n|-prepare|p1b: Archaludon|Electro Shot\n|-boost|p1b: Archaludon|spa|1\n|-anim|p1b: Archaludon|Electro Shot|p2a: Basculegion\n|-supereffective|p2a: Basculegion|1\n|-damage|p2a: Basculegion|0 fnt\n|faint|p2a: Basculegion\n|\n|-weather|RainDance|[upkeep]\n|-heal|p1b: Archaludon|63/100|[from] item: Leftovers\n|upkeep\n|\n|t:|1776113953\n|switch|p2a: Sneasler|Sneasler, L50, F|100/100\n|turn|5\n|\n|t:|1776113972\n|move|p2b: Greninja|Ice Beam|p1b: Archaludon\n|-damage|p1b: Archaludon|20/100\n|move|p2a: Sneasler|Close Combat|p1b: Archaludon\n|-supereffective|p1b: Archaludon|1\n|-damage|p1b: Archaludon|0 fnt\n|-unboost|p2a: Sneasler|def|1\n|-unboost|p2a: Sneasler|spd|1\n|faint|p1b: Archaludon\n|\n|win|retromaster14\n|c|\u2606cloudyskyloftymoon|ggs\n|c|\u2606retromaster14|gg\n",
  "uploadtime": 1776113982,
  "views": 16,
  "formatid": "gen9championsvgc2026regma",
  "rating": null,
  "private": 0,
  "password": null
}