{
  "id": "gen9championsvgc2026regma-2584804090",
  "format": "[Gen 9 Champions] VGC 2026 Reg M-A",
  "players": [
    "Sic-beatz",
    "eevee1ynn"
  ],
  "log": "|j|\u2606Sic-beatz\n|j|\u2606eevee1ynn\n|t:|1776284876\n|gametype|doubles\n|player|p1|Sic-beatz|101|1229\n|player|p2|eevee1ynn|lass-gen8|1175\n|gen|9\n|tier|[Gen 9 Champions] VGC 2026 Reg M-A\n|rated|\n|rule|Species Clause: Limit one of each Pok\u00e9mon\n|rule|Item Clause: Limit 1 of each item\n|clearpoke\n|poke|p1|Aerodactyl, L50, M|\n|poke|p1|Aggron, L50, F|\n|poke|p1|Sneasler, L50, F|\n|poke|p1|Tyranitar, L50, M|\n|poke|p1|Milotic, L50, F|\n|poke|p1|Sinistcha, L50|\n|poke|p2|Lopunny, L50, F|\n|poke|p2|Talonflame, L50, F|\n|poke|p2|Excadrill, L50, F|\n|poke|p2|Milotic, L50, F|\n|poke|p2|Sinistcha, L50|\n|poke|p2|Sylveon, L50, M|\n|teampreview|4\n|inactive|Battle timer is ON: inactive players will automatically lose when time's up. (requested by Sic-beatz)\n|\n|t:|1776284909\n|teamsize|p1|4\n|teamsize|p2|4\n|start\n|switch|p1a: Aggron|Aggron, L50, F, shiny|100/100\n|switch|p1b: Sneasler|Sneasler, L50, F, shiny|100/100\n|switch|p2a: Lopunny|Lopunny, L50, F|100/100\n|switch|p2b: Excadrill|Excadrill, L50, F|100/100\n|-ability|p2b: Excadrill|Mold Breaker\n|turn|1\n|\n|t:|1776284934\n|detailschange|p2a: Lopunny|Lopunny-Mega, L50, F\n|-mega|p2a: Lopunny|Lopunny|Lopunnite\n|detailschange|p1a: Aggron|Aggron-Mega, L50, F, shiny\n|-mega|p1a: Aggron|Aggron|Aggronite\n|move|p2a: Lopunny|Fake Out|p1b: Sneasler\n|-damage|p1b: Sneasler|66/100\n|cant|p1b: Sneasler|flinch\n|move|p2b: Excadrill|High Horsepower|p1a: Aggron\n|-supereffective|p1a: Aggron|1\n|-damage|p1a: Aggron|42/100\n|move|p1a: Aggron|Iron Defense|p1a: Aggron\n|-boost|p1a: Aggron|def|2\n|\n|upkeep\n|turn|2\n|\n|t:|1776284959\n|switch|p1b: Sinistcha|Sinistcha, L50, shiny|100/100\n|-heal|p1a: Aggron|67/100|[from] ability: Hospitality|[of] p1b: Sinistcha\n|move|p1a: Aggron|Protect|p1a: Aggron\n|-singleturn|p1a: Aggron|Protect\n|move|p2b: Excadrill|High Horsepower|p1b: Sinistcha\n|-resisted|p1b: Sinistcha|1\n|-damage|p1b: Sinistcha|80/100\n|move|p2a: Lopunny|Close Combat|p1a: Aggron\n|-activate|p1a: Aggron|move: Protect\n|\n|upkeep\n|turn|3\n|\n|t:|1776284977\n|switch|p2b: Talonflame|Talonflame, L50, F|100/100\n|move|p2a: Lopunny|Triple Axel|p1b: Sinistcha\n|-supereffective|p1b: Sinistcha|1\n|-damage|p1b: Sinistcha|70/100\n|-supereffective|p1b: Sinistcha|1\n|-damage|p1b: Sinistcha|47/100\n|-supereffective|p1b: Sinistcha|1\n|-damage|p1b: Sinistcha|16/100\n|-hitcount|p1b: Sinistcha|3\n|move|p1b: Sinistcha|Life Dew|p1b: Sinistcha|[spread] p1a,p1b\n|-heal|p1a: Aggron|91/100\n|-heal|p1b: Sinistcha|41/100\n|move|p1a: Aggron|Iron Defense|p1a: Aggron\n|-boost|p1a: Aggron|def|2\n|\n|upkeep\n|turn|4\n|\n|t:|1776285002\n|move|p1b: Sinistcha|Rage Powder|p1b: Sinistcha\n|-singleturn|p1b: Sinistcha|move: Rage Powder\n|move|p2b: Talonflame|Brave Bird|p1b: Sinistcha\n|-supereffective|p1b: Sinistcha|1\n|-damage|p1b: Sinistcha|0 fnt\n|faint|p1b: Sinistcha\n|-damage|p2b: Talonflame|85/100|[from] Recoil\n|move|p2a: Lopunny|Close Combat|p1a: Aggron\n|-supereffective|p1a: Aggron|1\n|-damage|p1a: Aggron|74/100\n|-unboost|p2a: Lopunny|def|1\n|-unboost|p2a: Lopunny|spd|1\n|move|p1a: Aggron|Body Press|p2b: Talonflame\n|-resisted|p2b: Talonflame|1\n|-damage|p2b: Talonflame|3/100\n|\n|upkeep\n|\n|t:|1776285018\n|switch|p1b: Sneasler|Sneasler, L50, F, shiny|66/100\n|turn|5\n|\n|t:|1776285043\n|move|p2b: Talonflame|Protect|p2b: Talonflame\n|-singleturn|p2b: Talonflame|Protect\n|move|p1b: Sneasler|Fake Out|p2b: Talonflame\n|-activate|p2b: Talonflame|move: Protect\n|move|p2a: Lopunny|Close Combat|p1a: Aggron\n|-supereffective|p1a: Aggron|1\n|-damage|p1a: Aggron|59/100\n|-unboost|p2a: Lopunny|def|1\n|-unboost|p2a: Lopunny|spd|1\n|move|p1a: Aggron|Body Press|p2a: Lopunny\n|-supereffective|p2a: Lopunny|1\n|-crit|p2a: Lopunny\n|-damage|p2a: Lopunny|0 fnt\n|faint|p2a: Lopunny\n|\n|upkeep\n|\n|t:|1776285048\n|switch|p2a: Excadrill|Excadrill, L50, F|100/100\n|-ability|p2a: Excadrill|Mold Breaker\n|turn|6\n|inactive|Sic-beatz has 30 seconds left.\n|\n|t:|1776285073\n|move|p2a: Excadrill|Earthquake|p1a: Aggron|[spread] p1a,p1b\n|-immune|p2b: Talonflame\n|-supereffective|p1a: Aggron|1\n|-supereffective|p1b: Sneasler|1\n|-damage|p1a: Aggron|45/100\n|-damage|p1b: Sneasler|0 fnt\n|faint|p1b: Sneasler\n|move|p2b: Talonflame|Tailwind|p2b: Talonflame\n|-sidestart|p2: eevee1ynn|move: Tailwind\n|move|p1a: Aggron|Heavy Slam|p2b: Talonflame\n|-resisted|p2b: Talonflame|1\n|-damage|p2b: Talonflame|0 fnt\n|faint|p2b: Talonflame\n|\n|upkeep\n|\n|t:|1776285086\n|switch|p1b: Milotic|Milotic, L50, F, shiny|100/100\n|switch|p2b: Milotic|Milotic, L50, F|100/100\n|turn|7\n|\n|t:|1776285097\n|move|p2b: Milotic|Protect|p2b: Milotic\n|-singleturn|p2b: Milotic|Protect\n|move|p1a: Aggron|Protect|p1a: Aggron\n|-singleturn|p1a: Aggron|Protect\n|move|p2a: Excadrill|Earthquake|p1a: Aggron|[spread] p1b\n|-activate|p2b: Milotic|move: Protect\n|-activate|p1a: Aggron|move: Protect\n|-damage|p1b: Milotic|55/100\n|move|p1b: Milotic|Coil|p1b: Milotic\n|-boost|p1b: Milotic|atk|1\n|-boost|p1b: Milotic|def|1\n|-boost|p1b: Milotic|accuracy|1\n|\n|-heal|p1b: Milotic|61/100|[from] item: Leftovers\n|upkeep\n|turn|8\n|\n|t:|1776285120\n|move|p2a: Excadrill|Earthquake|p1b: Milotic|[spread] p2b,p1a,p1b\n|-supereffective|p1a: Aggron|1\n|-damage|p2b: Milotic|61/100\n|-damage|p1a: Aggron|32/100\n|-damage|p1b: Milotic|33/100\n|move|p2b: Milotic|Scald|p1a: Aggron\n|-damage|p1a: Aggron|4/100\n|-status|p1a: Aggron|brn\n|move|p1b: Milotic|Coil|p1b: Milotic\n|-boost|p1b: Milotic|atk|1\n|-boost|p1b: Milotic|def|1\n|-boost|p1b: Milotic|accuracy|1\n|move|p1a: Aggron|Body Press|p2b: Milotic\n|-damage|p2b: Milotic|10/100\n|\n|-heal|p2b: Milotic|16/100|[from] item: Leftovers\n|-heal|p1b: Milotic|39/100|[from] item: Leftovers\n|-damage|p1a: Aggron|0 fnt|[from] brn\n|faint|p1a: Aggron\n|upkeep\n|turn|9\n|\n|t:|1776285145\n|move|p2b: Milotic|Protect|p2b: Milotic\n|-singleturn|p2b: Milotic|Protect\n|move|p2a: Excadrill|Earthquake|p1b: Milotic|[spread] p1b\n|-activate|p2b: Milotic|move: Protect\n|-damage|p1b: Milotic|15/100\n|move|p1b: Milotic|Muddy Water|p2b: Milotic|[spread] p2a\n|-activate|p2b: Milotic|move: Protect\n|-supereffective|p2a: Excadrill|1\n|-damage|p2a: Excadrill|44/100\n|\n|-heal|p2b: Milotic|22/100|[from] item: Leftovers\n|-heal|p1b: Milotic|21/100|[from] item: Leftovers\n|-sideend|p2: eevee1ynn|move: Tailwind\n|upkeep\n|turn|10\n|\n|t:|1776285159\n|move|p2a: Excadrill|Earthquake|p1b: Milotic|[spread] p2b,p1b\n|-damage|p2b: Milotic|0 fnt\n|-damage|p1b: Milotic|0 fnt\n|faint|p2b: Milotic\n|faint|p1b: Milotic\n|\n|win|eevee1ynn\n|raw|Sic-beatz's rating: 1229 &rarr; <strong>1200</strong><br />(-29 for losing)\n|raw|eevee1ynn's rating: 1175 &rarr; <strong>1204</strong><br />(+29 for winning)\n",
  "uploadtime": 1776285159,
  "views": 22,
  "formatid": "gen9championsvgc2026regma",
  "rating": 1200,
  "private": 0,
  "password": null
}