{
  "id": "gen9championsvgc2026regma-2583936614",
  "format": "[Gen 9 Champions] VGC 2026 Reg M-A",
  "players": [
    "jorginocoke",
    "It'sJustKen VGC"
  ],
  "log": "|j|\u2606jorginocoke\n|j|\u2606It'sJustKen VGC\n|t:|1776209835\n|gametype|doubles\n|player|p1|jorginocoke|169|1450\n|player|p2|It'sJustKen VGC|2|1460\n|gen|9\n|tier|[Gen 9 Champions] VGC 2026 Reg M-A\n|rated|\n|rule|Species Clause: Limit one of each Pok\u00e9mon\n|rule|Item Clause: Limit 1 of each item\n|clearpoke\n|poke|p1|Mimikyu, L50, M|\n|poke|p1|Crabominable, L50, M|\n|poke|p1|Kingambit, L50, M|\n|poke|p1|Chandelure, L50, M|\n|poke|p1|Mudsdale, L50, F|\n|poke|p1|Drampa, L50, M|\n|poke|p2|Floette-Eternal, L50, F|\n|poke|p2|Espathra, L50, F|\n|poke|p2|Incineroar, L50, M|\n|poke|p2|Sneasler, L50, F|\n|poke|p2|Basculegion, L50, M|\n|poke|p2|Kingambit, L50, M|\n|teampreview|4\n|inactive|Battle timer is ON: inactive players will automatically lose when time's up. (requested by It'sJustKen VGC)\n|j| Syachilove0408\n|\n|t:|1776209855\n|teamsize|p1|4\n|teamsize|p2|4\n|start\n|switch|p1a: Mimikyu|Mimikyu, L50, M|100/100\n|switch|p1b: Kingambit|Kingambit, L50, M|100/100\n|switch|p2a: Just Dance|Floette-Eternal, L50, F|100/100\n|switch|p2b: Bad Romance|Espathra, L50, F|100/100\n|turn|1\n|inactive|It'sJustKen VGC has 30 seconds left.\n|inactive|It'sJustKen VGC has 20 seconds left.\n|inactive|It'sJustKen VGC has 15 seconds left.\n|inactive|It'sJustKen VGC has 10 seconds left.\n|inactive|It'sJustKen VGC has 5 seconds left.\n|\n|t:|1776209906\n|detailschange|p2a: Just Dance|Floette-Mega, L50, F\n|-mega|p2a: Just Dance|Floette|Floettite\n|-ability|p2a: Just Dance|Fairy Aura\n|move|p1b: Kingambit|Sucker Punch||[still]\n|-fail|p1b: Kingambit\n|move|p2a: Just Dance|Substitute|p2a: Just Dance\n|-start|p2a: Just Dance|Substitute\n|-damage|p2a: Just Dance|76/100\n|move|p2b: Bad Romance|Trick Room|p2b: Bad Romance\n|-fieldstart|move: Trick Room|[of] p2b: Bad Romance\n|move|p1a: Mimikyu|Trick Room|p1a: Mimikyu\n|-fieldend|move: Trick Room\n|\n|-ability|p2b: Bad Romance|Speed Boost|boost\n|-boost|p2b: Bad Romance|spe|1\n|upkeep\n|turn|2\n|\n|t:|1776209920\n|move|p2b: Bad Romance|Lumina Crash|p1a: Mimikyu\n|-activate|p1a: Mimikyu|ability: Disguise\n|-damage|p1a: Mimikyu|100/100\n|-unboost|p1a: Mimikyu|spd|2\n|detailschange|p1a: Mimikyu|Mimikyu-Busted, L50, M\n|-damage|p1a: Mimikyu|89/100|[from] pokemon: Mimikyu-Busted\n|move|p2a: Just Dance|Moonblast|p1a: Mimikyu\n|-damage|p1a: Mimikyu|0 fnt\n|faint|p1a: Mimikyu\n|move|p1b: Kingambit|Kowtow Cleave|p2b: Bad Romance\n|-supereffective|p2b: Bad Romance|1\n|-enditem|p2b: Bad Romance|Focus Sash\n|-damage|p2b: Bad Romance|1/100\n|\n|-ability|p2b: Bad Romance|Speed Boost|boost\n|-boost|p2b: Bad Romance|spe|1\n|upkeep\n|\n|t:|1776209924\n|switch|p1a: Chandelure|Chandelure, L50, M|100/100\n|turn|3\n|\n|t:|1776209945\n|move|p2a: Just Dance|Moonblast|p1a: Chandelure\n|-resisted|p1a: Chandelure|1\n|-damage|p1a: Chandelure|61/100\n|move|p1b: Kingambit|Kowtow Cleave|p2b: Bad Romance\n|-supereffective|p2b: Bad Romance|1\n|-damage|p2b: Bad Romance|0 fnt\n|faint|p2b: Bad Romance\n|move|p1a: Chandelure|Trick Room|p1a: Chandelure\n|-fieldstart|move: Trick Room|[of] p1a: Chandelure\n|\n|upkeep\n|\n|t:|1776209968\n|switch|p2b: Poker Face|Sneasler, L50, F|100/100\n|turn|4\n|\n|t:|1776209977\n|move|p2a: Just Dance|Protect|p2a: Just Dance\n|-singleturn|p2a: Just Dance|Protect\n|move|p2b: Poker Face|Protect|p2b: Poker Face\n|-singleturn|p2b: Poker Face|Protect\n|move|p1b: Kingambit|Iron Head|p2b: Poker Face\n|-activate|p2b: Poker Face|move: Protect\n|move|p1a: Chandelure|Heat Wave|p2a: Just Dance|[spread] \n|-activate|p2a: Just Dance|move: Protect\n|-activate|p2b: Poker Face|move: Protect\n|\n|upkeep\n|turn|5\n|\n|t:|1776209992\n|switch|p2b: Paparazzi|Incineroar, L50, M|100/100\n|-ability|p2b: Paparazzi|Intimidate|boost\n|-unboost|p1a: Chandelure|atk|1\n|-unboost|p1b: Kingambit|atk|1\n|-ability|p1b: Kingambit|Defiant|boost\n|-boost|p1b: Kingambit|atk|2\n|move|p1b: Kingambit|Iron Head|p2b: Paparazzi\n|-resisted|p2b: Paparazzi|1\n|-damage|p2b: Paparazzi|68/100\n|move|p1a: Chandelure|Heat Wave|p2a: Just Dance|[spread] p2a,p2b\n|-end|p2a: Just Dance|Substitute\n|-resisted|p2b: Paparazzi|1\n|-damage|p2b: Paparazzi|50/100\n|-enditem|p2b: Paparazzi|Sitrus Berry|[eat]\n|-heal|p2b: Paparazzi|74/100|[from] item: Sitrus Berry\n|move|p2a: Just Dance|Moonblast|p1b: Kingambit\n|-damage|p1b: Kingambit|43/100\n|\n|upkeep\n|turn|6\n|j| 801344244a\n|\n|t:|1776210004\n|move|p2b: Paparazzi|Fake Out|p1b: Kingambit\n|-resisted|p1b: Kingambit|1\n|-damage|p1b: Kingambit|40/100\n|cant|p1b: Kingambit|flinch\n|move|p1a: Chandelure|Heat Wave|p2a: Just Dance|[spread] p2a,p2b\n|-resisted|p2b: Paparazzi|1\n|-damage|p2a: Just Dance|40/100\n|-damage|p2b: Paparazzi|56/100\n|move|p2a: Just Dance|Substitute|p2a: Just Dance\n|-start|p2a: Just Dance|Substitute\n|-damage|p2a: Just Dance|15/100\n|\n|upkeep\n|turn|7\n|\n|t:|1776210016\n|move|p2a: Just Dance|Protect|p2a: Just Dance\n|-singleturn|p2a: Just Dance|Protect\n|move|p1b: Kingambit|Brick Break|p2b: Paparazzi\n|-supereffective|p2b: Paparazzi|1\n|-damage|p2b: Paparazzi|0 fnt\n|faint|p2b: Paparazzi\n|move|p1a: Chandelure|Heat Wave|p2a: Just Dance\n|-activate|p2a: Just Dance|move: Protect\n|\n|-fieldend|move: Trick Room\n|upkeep\n|l| Syachilove0408\n|j| Syachilove0408\n|inactive|It'sJustKen VGC has 30 seconds left.\n|inactive|It'sJustKen VGC has 20 seconds left.\n|j| crimtane\n|\n|t:|1776210055\n|switch|p2b: Poker Face|Sneasler, L50, F|100/100\n|turn|8\n|\n|t:|1776210075\n|move|p1b: Kingambit|Sucker Punch|p2a: Just Dance\n|-resisted|p2a: Just Dance|1\n|-end|p2a: Just Dance|Substitute\n|move|p2b: Poker Face|Dire Claw|p1a: Chandelure\n|-resisted|p1a: Chandelure|1\n|-crit|p1a: Chandelure\n|-damage|p1a: Chandelure|23/100\n|-status|p1a: Chandelure|slp\n|move|p2a: Just Dance|Moonblast|p1a: Chandelure\n|-resisted|p1a: Chandelure|1\n|-damage|p1a: Chandelure|0 fnt\n|faint|p1a: Chandelure\n|\n|upkeep\n|\n|t:|1776210086\n|switch|p1a: Crabominable|Crabominable, L50, M|100/100\n|turn|9\n|\n|t:|1776210094\n|detailschange|p1a: Crabominable|Crabominable-Mega, L50, M\n|-mega|p1a: Crabominable|Crabominable|Crabominite\n|move|p2a: Just Dance|Protect|p2a: Just Dance\n|-singleturn|p2a: Just Dance|Protect\n|move|p1b: Kingambit|Sucker Punch|p2b: Poker Face\n|-resisted|p2b: Poker Face|1\n|-damage|p2b: Poker Face|44/100\n|move|p1a: Crabominable|Mach Punch|p2b: Poker Face\n|-resisted|p2b: Poker Face|1\n|-damage|p2b: Poker Face|18/100\n|move|p2b: Poker Face|Close Combat|p1b: Kingambit\n|-supereffective|p1b: Kingambit|2\n|-damage|p1b: Kingambit|0 fnt\n|-unboost|p2b: Poker Face|def|1\n|-unboost|p2b: Poker Face|spd|1\n|faint|p1b: Kingambit\n|-enditem|p2b: Poker Face|White Herb\n|-clearnegativeboost|p2b: Poker Face|[silent]\n|\n|upkeep\n|turn|10\n|\n|t:|1776210105\n|move|p1a: Crabominable|Mach Punch|p2a: Just Dance\n|-resisted|p2a: Just Dance|1\n|-damage|p2a: Just Dance|0 fnt\n|faint|p2a: Just Dance\n|move|p2b: Poker Face|Close Combat|p1a: Crabominable\n|-supereffective|p1a: Crabominable|1\n|-damage|p1a: Crabominable|0 fnt\n|-unboost|p2b: Poker Face|def|1\n|-unboost|p2b: Poker Face|spd|1\n|faint|p1a: Crabominable\n|\n|win|It'sJustKen VGC\n|raw|jorginocoke's rating: 1450 &rarr; <strong>1431</strong><br />(-19 for losing)\n|raw|It&apos;sJustKen VGC's rating: 1460 &rarr; <strong>1479</strong><br />(+19 for winning)\n|l|\u2606jorginocoke\n|player|p1|\n",
  "uploadtime": 1776210111,
  "views": 36,
  "formatid": "gen9championsvgc2026regma",
  "rating": 1431,
  "private": 0,
  "password": null
}