{
  "id": "gen9championsvgc2026regma-2583177425",
  "format": "[Gen 9 Champions] VGC 2026 Reg M-A",
  "players": [
    "hazaleaflowers777",
    "akumanoshiro"
  ],
  "log": "|j|\u2606hazaleaflowers777\n|j|\u2606akumanoshiro\n|t:|1776151381\n|gametype|doubles\n|player|p1|hazaleaflowers777|lady|1094\n|player|p2|akumanoshiro|170|1061\n|gen|9\n|tier|[Gen 9 Champions] VGC 2026 Reg M-A\n|rated|\n|rule|Species Clause: Limit one of each Pok\u00e9mon\n|rule|Item Clause: Limit 1 of each item\n|clearpoke\n|poke|p1|Aggron, L50, F|\n|poke|p1|Basculegion, L50, M|\n|poke|p1|Chimecho, L50, M|\n|poke|p1|Heliolisk, L50, F|\n|poke|p1|Arcanine, L50, F|\n|poke|p1|Mimikyu, L50, M|\n|poke|p2|Hawlucha, L50, F|\n|poke|p2|Glalie, L50, M|\n|poke|p2|Sinistcha, L50|\n|poke|p2|Garganacl, L50, F|\n|poke|p2|Toxicroak, L50, M|\n|poke|p2|Arcanine-Hisui, L50, F|\n|teampreview|4\n|\n|t:|1776151409\n|teamsize|p1|4\n|teamsize|p2|4\n|start\n|switch|p1a: Heliolisk|Heliolisk, L50, F, shiny|100/100\n|switch|p1b: Basculegion|Basculegion, L50, M|100/100\n|switch|p2a: Hawlucha|Hawlucha, L50, F|100/100\n|switch|p2b: Glalie|Glalie, L50, M, shiny|100/100\n|turn|1\n|\n|t:|1776151438\n|detailschange|p2a: Hawlucha|Hawlucha-Mega, L50, F\n|-mega|p2a: Hawlucha|Hawlucha|Hawluchanite\n|move|p1a: Heliolisk|Shed Tail|p1a: Heliolisk\n|-start|p1a: Heliolisk|Substitute|[from] move: Shed Tail\n|-damage|p1a: Heliolisk|50/100\n|\n|t:|1776151443\n|switch|p1a: the WALL|Aggron, L50, F, shiny|100/100|[from] Shed Tail\n|move|p2a: Hawlucha|Entrainment|p2b: Glalie\n|-ability|p2b: Glalie|No Guard|Inner Focus|[from] move: Entrainment|[of] p2a: Hawlucha\n|move|p1b: Basculegion|Crunch|p2a: Hawlucha\n|-resisted|p2a: Hawlucha|1\n|-damage|p2a: Hawlucha|87/100\n|move|p2b: Glalie|Sheer Cold|p1b: Basculegion\n|-damage|p1b: Basculegion|0 fnt\n|faint|p1b: Basculegion\n|-ohko\n|\n|upkeep\n|\n|t:|1776151471\n|switch|p1b: Heliolisk|Heliolisk, L50, F, shiny|50/100\n|turn|2\n|\n|t:|1776151496\n|detailschange|p1a: the WALL|Aggron-Mega, L50, F, shiny\n|-mega|p1a: the WALL|Aggron|Aggronite\n|move|p1b: Heliolisk|Thunder Wave|p2b: Glalie\n|-status|p2b: Glalie|par\n|move|p2a: Hawlucha|High Jump Kick|p1a: the WALL\n|-supereffective|p1a: the WALL|1\n|-end|p1a: the WALL|Substitute\n|move|p1a: the WALL|Body Press|p2b: Glalie\n|-supereffective|p2b: Glalie|1\n|-enditem|p2b: Glalie|Focus Sash\n|-damage|p2b: Glalie|1/100 par\n|move|p2b: Glalie|Sheer Cold|p1a: the WALL\n|-damage|p1a: the WALL|0 fnt\n|faint|p1a: the WALL\n|-ohko\n|\n|upkeep\n|\n|t:|1776151513\n|switch|p1a: Chimecho|Chimecho, L50, M|100/100\n|turn|3\n|c|\u2606akumanoshiro|I'm Mexican, I jump WALLS\n|\n|t:|1776151538\n|move|p1b: Heliolisk|Thunder Wave|p2a: Hawlucha\n|-status|p2a: Hawlucha|par\n|move|p1a: Chimecho|Boomburst|p2a: Hawlucha|[spread] p1b,p2a,p2b\n|-damage|p1b: Heliolisk|22/100\n|-damage|p2a: Hawlucha|63/100 par\n|-damage|p2b: Glalie|0 fnt\n|faint|p2b: Glalie\n|move|p2a: Hawlucha|High Jump Kick|p1b: Heliolisk\n|-supereffective|p1b: Heliolisk|1\n|-damage|p1b: Heliolisk|0 fnt\n|faint|p1b: Heliolisk\n|\n|upkeep\n|c|\u2606hazaleaflowers777|oh NO\n|\n|t:|1776151552\n|switch|p2b: Toxicroak|Toxicroak, L50, M, shiny|100/100\n|turn|4\n|c|\u2606hazaleaflowers777|i didn't account for mexicans type DAMMIT\n|\n|t:|1776151579\n|move|p2b: Toxicroak|Fake Out|p1a: Chimecho\n|-damage|p1a: Chimecho|90/100\n|-status|p1a: Chimecho|psn|[from] ability: Poison Touch|[of] p2b: Toxicroak\n|cant|p1a: Chimecho|flinch\n|move|p2a: Hawlucha|Brave Bird|p1a: Chimecho\n|-damage|p1a: Chimecho|33/100 psn\n|-damage|p2a: Hawlucha|45/100 par|[from] Recoil\n|\n|-damage|p1a: Chimecho|21/100 psn|[from] psn\n|upkeep\n|turn|5\n|c|\u2606akumanoshiro|LOOOL\n|\n|t:|1776151595\n|move|p2b: Toxicroak|Sucker Punch|p1a: Chimecho\n|-supereffective|p1a: Chimecho|1\n|-damage|p1a: Chimecho|0 fnt\n|faint|p1a: Chimecho\n|\n|win|akumanoshiro\n|raw|hazaleaflowers777's rating: 1094 &rarr; <strong>1068</strong><br />(-26 for losing)\n|raw|akumanoshiro's rating: 1061 &rarr; <strong>1095</strong><br />(+34 for winning)\n|c|\u2606hazaleaflowers777|gg\n|c|\u2606akumanoshiro|Gg\n|l|\u2606hazaleaflowers777\n|player|p1|\n",
  "uploadtime": 1776151607,
  "views": 16,
  "formatid": "gen9championsvgc2026regma",
  "rating": 1068,
  "private": 0,
  "password": null
}