{
  "id": "gen9championsvgc2026regma-2585562841",
  "format": "[Gen 9 Champions] VGC 2026 Reg M-A",
  "players": [
    "Snowsports123",
    "joymaxxing"
  ],
  "log": "|j|\u2606Snowsports123\n|j|\u2606joymaxxing\n|t:|1776355726\n|gametype|doubles\n|player|p1|Snowsports123|1|1419\n|player|p2|joymaxxing|elesa|1328\n|gen|9\n|tier|[Gen 9 Champions] VGC 2026 Reg M-A\n|rated|\n|rule|Species Clause: Limit one of each Pok\u00e9mon\n|rule|Item Clause: Limit 1 of each item\n|clearpoke\n|poke|p1|Scovillain, L50, F|\n|poke|p1|Incineroar, L50, M|\n|poke|p1|Farigiraf, L50, M|\n|poke|p1|Gallade, L50, M|\n|poke|p1|Kingambit, L50, F|\n|poke|p1|Pelipper, L50, F|\n|poke|p2|Lopunny, L50, M|\n|poke|p2|Sylveon, L50, F|\n|poke|p2|Milotic, L50, M|\n|poke|p2|Whimsicott, L50, F|\n|poke|p2|Incineroar, L50, M|\n|poke|p2|Garchomp, L50, F|\n|teampreview|4\n|inactive|Battle timer is ON: inactive players will automatically lose when time's up. (requested by Snowsports123)\n|\n|t:|1776355753\n|teamsize|p1|4\n|teamsize|p2|4\n|start\n|switch|p1a: Scovillain|Scovillain, L50, F|100/100\n|switch|p1b: Farigiraf|Farigiraf, L50, M|100/100\n|switch|p2a: Sylveon|Sylveon, L50, F|100/100\n|switch|p2b: Milotic|Milotic, L50, M|100/100\n|turn|1\n|\n|t:|1776355762\n|detailschange|p1a: Scovillain|Scovillain-Mega, L50, F\n|-mega|p1a: Scovillain|Scovillain|Scovillainite\n|move|p1a: Scovillain|Rage Powder|p1a: Scovillain\n|-singleturn|p1a: Scovillain|move: Rage Powder\n|move|p2b: Milotic|Scald|p1a: Scovillain\n|-damage|p1a: Scovillain|66/100\n|-status|p2b: Milotic|brn|[from] ability: Spicy Spray|[of] p1a: Scovillain\n|move|p2a: Sylveon|Hyper Voice|p1a: Scovillain|[spread] p1a,p1b\n|-resisted|p1a: Scovillain|1\n|-damage|p1a: Scovillain|42/100\n|-damage|p1b: Farigiraf|57/100\n|-status|p2a: Sylveon|brn|[from] ability: Spicy Spray|[of] p1a: Scovillain\n|move|p1b: Farigiraf|Trick Room|p1b: Farigiraf\n|-fieldstart|move: Trick Room|[of] p1b: Farigiraf\n|\n|-damage|p2a: Sylveon|94/100 brn|[from] brn\n|-damage|p2b: Milotic|94/100 brn|[from] brn\n|upkeep\n|turn|2\n|\n|t:|1776355780\n|move|p1b: Farigiraf|Hyper Voice|p2b: Milotic|[spread] p2a,p2b\n|-damage|p2a: Sylveon|70/100 brn\n|-damage|p2b: Milotic|69/100 brn\n|move|p1a: Scovillain|Leaf Storm|p2b: Milotic|[miss]\n|-miss|p1a: Scovillain|p2b: Milotic\n|move|p2a: Sylveon|Hyper Voice|p1a: Scovillain|[spread] p1a,p1b\n|-resisted|p1a: Scovillain|1\n|-damage|p1a: Scovillain|19/100\n|-damage|p1b: Farigiraf|11/100\n|-enditem|p1b: Farigiraf|Sitrus Berry|[eat]\n|-heal|p1b: Farigiraf|36/100|[from] item: Sitrus Berry\n|move|p2b: Milotic|Scald|p1b: Farigiraf\n|-damage|p1b: Farigiraf|6/100\n|-status|p1b: Farigiraf|brn\n|\n|-heal|p2b: Milotic|75/100 brn|[from] item: Leftovers\n|-damage|p1b: Farigiraf|0 fnt|[from] brn\n|faint|p1b: Farigiraf\n|-damage|p2a: Sylveon|64/100 brn|[from] brn\n|-damage|p2b: Milotic|69/100 brn|[from] brn\n|upkeep\n|\n|t:|1776355795\n|switch|p1b: Kingambit|Kingambit, L50, F|100/100\n|turn|3\n|\n|t:|1776355803\n|move|p1b: Kingambit|Iron Head|p2a: Sylveon\n|-supereffective|p2a: Sylveon|1\n|-crit|p2a: Sylveon\n|-damage|p2a: Sylveon|0 fnt\n|faint|p2a: Sylveon\n|move|p1a: Scovillain|Leaf Storm|p2b: Milotic\n|-supereffective|p2b: Milotic|1\n|-damage|p2b: Milotic|0 fnt\n|-unboost|p1a: Scovillain|spa|2\n|faint|p2b: Milotic\n|\n|upkeep\n|\n|t:|1776355808\n|switch|p2a: Lopunny|Lopunny, L50, M, shiny|100/100\n|switch|p2b: Incineroar|Incineroar, L50, M, shiny|100/100\n|-ability|p2b: Incineroar|Intimidate|boost\n|-unboost|p1a: Scovillain|atk|1\n|-unboost|p1b: Kingambit|atk|1\n|-ability|p1b: Kingambit|Defiant|boost\n|-boost|p1b: Kingambit|atk|2\n|turn|4\n|\n|t:|1776355825\n|detailschange|p2a: Lopunny|Lopunny-Mega, L50, M, shiny\n|-mega|p2a: Lopunny|Lopunny|Lopunnite\n|move|p2a: Lopunny|Fake Out|p1b: Kingambit\n|-resisted|p1b: Kingambit|1\n|-damage|p1b: Kingambit|93/100\n|move|p1a: Scovillain|Rage Powder|p1a: Scovillain\n|-singleturn|p1a: Scovillain|move: Rage Powder\n|cant|p1b: Kingambit|flinch\n|move|p2b: Incineroar|Flare Blitz|p1a: Scovillain\n|-damage|p1a: Scovillain|0 fnt\n|-immune|p2b: Incineroar\n|faint|p1a: Scovillain\n|-damage|p2b: Incineroar|95/100|[from] Recoil\n|\n|upkeep\n|\n|t:|1776355840\n|switch|p1a: Incineroar|Incineroar, L50, M|100/100\n|-ability|p1a: Incineroar|Intimidate|boost\n|-fail|p2a: Lopunny|unboost|Attack|[from] ability: Scrappy|[of] p2a: Lopunny\n|-unboost|p2b: Incineroar|atk|1\n|turn|5\n|\n|t:|1776355864\n|move|p2a: Lopunny|Protect|p2a: Lopunny\n|-singleturn|p2a: Lopunny|Protect\n|move|p1a: Incineroar|Fake Out|p2a: Lopunny\n|-activate|p2a: Lopunny|move: Protect\n|move|p1b: Kingambit|Iron Head|p2a: Lopunny\n|-activate|p2a: Lopunny|move: Protect\n|move|p2b: Incineroar|Flare Blitz|p1b: Kingambit\n|-supereffective|p1b: Kingambit|1\n|-damage|p1b: Kingambit|49/100\n|-damage|p2b: Incineroar|80/100|[from] Recoil\n|\n|-fieldend|move: Trick Room\n|upkeep\n|turn|6\n|inactive|Snowsports123 has 30 seconds left.\n|inactive|Snowsports123 has 20 seconds left.\n|inactive|Snowsports123 has 15 seconds left.\n|\n|t:|1776355905\n|move|p1b: Kingambit|Sucker Punch|p2a: Lopunny\n|-resisted|p2a: Lopunny|1\n|-damage|p2a: Lopunny|54/100\n|move|p2a: Lopunny|Close Combat|p1a: Incineroar\n|-supereffective|p1a: Incineroar|1\n|-damage|p1a: Incineroar|0 fnt\n|-unboost|p2a: Lopunny|def|1\n|-unboost|p2a: Lopunny|spd|1\n|faint|p1a: Incineroar\n|move|p2b: Incineroar|Flare Blitz|p1b: Kingambit\n|-supereffective|p1b: Kingambit|1\n|-damage|p1b: Kingambit|2/100\n|-damage|p2b: Incineroar|64/100|[from] Recoil\n|\n|upkeep\n|turn|7\n|-message|Snowsports123 forfeited.\n|\n|win|joymaxxing\n|raw|Snowsports123's rating: 1419 &rarr; <strong>1394</strong><br />(-25 for losing)\n|raw|joymaxxing's rating: 1328 &rarr; <strong>1353</strong><br />(+25 for winning)\n|l|\u2606Snowsports123\n|player|p1|\n",
  "uploadtime": 1776355927,
  "views": 29,
  "formatid": "gen9championsvgc2026regma",
  "rating": 1353,
  "private": 0,
  "password": null
}