{
  "id": "gen9championsvgc2026regma-2583753898",
  "format": "[Gen 9 Champions] VGC 2026 Reg M-A",
  "players": [
    "skywalkingchris",
    "sijo66"
  ],
  "log": "|j|\u203dskywalkingchris\n|j|\u2606sijo66\n|t:|1776195405\n|gametype|doubles\n|player|p1|skywalkingchris|2|1034\n|player|p2|sijo66|101|1100\n|gen|9\n|tier|[Gen 9 Champions] VGC 2026 Reg M-A\n|rated|\n|rule|Species Clause: Limit one of each Pok\u00e9mon\n|rule|Item Clause: Limit 1 of each item\n|clearpoke\n|poke|p1|Steelix, L50, M|\n|poke|p1|Alakazam, L50, M|\n|poke|p1|Pelipper, L50, M|\n|poke|p1|Farigiraf, L50, M|\n|poke|p1|Sneasler, L50, F|\n|poke|p1|Gardevoir, L50, F|\n|poke|p2|Pelipper, L50, F|\n|poke|p2|Beartic, L50, F|\n|poke|p2|Manectric, L50, F|\n|poke|p2|Sinistcha, L50|\n|poke|p2|Goodra, L50, M|\n|poke|p2|Garchomp, L50, F|\n|teampreview|4\n|\n|t:|1776195460\n|teamsize|p1|4\n|teamsize|p2|4\n|start\n|switch|p1a: Gardevoir|Gardevoir, L50, F|100/100\n|switch|p1b: Sneasler|Sneasler, L50, F|100/100\n|switch|p2a: Beartic|Beartic, L50, F|100/100\n|switch|p2b: Manectric|Manectric, L50, F, shiny|100/100\n|turn|1\n|\n|t:|1776195489\n|detailschange|p2b: Manectric|Manectric-Mega, L50, F, shiny\n|-mega|p2b: Manectric|Manectric|Manectite\n|-ability|p2b: Manectric|Intimidate|boost\n|-unboost|p1a: Gardevoir|atk|1\n|-unboost|p1b: Sneasler|atk|1\n|-enditem|p1b: Sneasler|White Herb\n|-clearnegativeboost|p1b: Sneasler|[silent]\n|detailschange|p1a: Gardevoir|Gardevoir-Mega, L50, F\n|-mega|p1a: Gardevoir|Gardevoir|Gardevoirite\n|move|p2b: Manectric|Protect|p2b: Manectric\n|-singleturn|p2b: Manectric|Protect\n|move|p2a: Beartic|Protect|p2a: Beartic\n|-singleturn|p2a: Beartic|Protect\n|move|p1b: Sneasler|Fake Out|p2b: Manectric\n|-activate|p2b: Manectric|move: Protect\n|move|p1a: Gardevoir|Calm Mind|p1a: Gardevoir\n|-boost|p1a: Gardevoir|spa|1\n|-boost|p1a: Gardevoir|spd|1\n|\n|upkeep\n|turn|2\n|\n|t:|1776195524\n|switch|p2b: Pelipper|Pelipper, L50, F|100/100\n|-weather|RainDance|[from] ability: Drizzle|[of] p2b: Pelipper\n|switch|p2a: Goodra|Goodra, L50, M|100/100\n|move|p1b: Sneasler|Coaching|p1a: Gardevoir\n|-boost|p1a: Gardevoir|atk|1\n|-boost|p1a: Gardevoir|def|1\n|move|p1a: Gardevoir|Moonblast|p2b: Pelipper\n|-enditem|p2b: Pelipper|Focus Sash\n|-damage|p2b: Pelipper|1/100\n|\n|-weather|RainDance|[upkeep]\n|upkeep\n|turn|3\n|\n|t:|1776195559\n|switch|p2b: Manectric|Manectric-Mega, L50, F, shiny|100/100\n|-ability|p2b: Manectric|Intimidate|boost\n|-unboost|p1a: Gardevoir|atk|1\n|-unboost|p1b: Sneasler|atk|1\n|move|p1b: Sneasler|Dire Claw|p2b: Manectric\n|-damage|p2b: Manectric|56/100\n|move|p1a: Gardevoir|Moonblast|p2a: Goodra\n|-supereffective|p2a: Goodra|1\n|-damage|p2a: Goodra|11/100\n|move|p2a: Goodra|Acid Spray|p1a: Gardevoir\n|-supereffective|p1a: Gardevoir|1\n|-damage|p1a: Gardevoir|88/100\n|-unboost|p1a: Gardevoir|spd|2\n|\n|-weather|RainDance|[upkeep]\n|-heal|p2a: Goodra|17/100|[from] item: Leftovers\n|upkeep\n|turn|4\n|\n|t:|1776195606\n|move|p1b: Sneasler|Close Combat|p2b: Manectric\n|-damage|p2b: Manectric|0 fnt\n|-unboost|p1b: Sneasler|def|1\n|-unboost|p1b: Sneasler|spd|1\n|faint|p2b: Manectric\n|move|p1a: Gardevoir|Hyper Voice|p2a: Goodra\n|-supereffective|p2a: Goodra|1\n|-damage|p2a: Goodra|0 fnt\n|faint|p2a: Goodra\n|\n|-weather|RainDance|[upkeep]\n|upkeep\n|\n|t:|1776195616\n|switch|p2b: Pelipper|Pelipper, L50, F|1/100\n|switch|p2a: Beartic|Beartic, L50, F|100/100\n|turn|5\n|\n|t:|1776195646\n|move|p1a: Gardevoir|Protect|p1a: Gardevoir\n|-singleturn|p1a: Gardevoir|Protect\n|move|p1b: Sneasler|Dire Claw|p2b: Pelipper\n|-damage|p2b: Pelipper|0 fnt\n|faint|p2b: Pelipper\n|move|p2a: Beartic|Liquidation|p1b: Sneasler\n|-damage|p1b: Sneasler|0 fnt\n|faint|p1b: Sneasler\n|\n|-weather|RainDance|[upkeep]\n|upkeep\n|\n|t:|1776195661\n|switch|p1b: Alakazam|Alakazam, L50, M|100/100\n|turn|6\n|\n|t:|1776195699\n|switch|p1a: Pelipper|Pelipper, L50, M|100/100\n|move|p2a: Beartic|Liquidation|p1b: Alakazam\n|-enditem|p1b: Alakazam|Focus Sash\n|-damage|p1b: Alakazam|1/100\n|move|p1b: Alakazam|Reflect|p1b: Alakazam\n|-sidestart|p1: skywalkingchris|Reflect\n|\n|-weather|none\n|upkeep\n|turn|7\n|\n|t:|1776195753\n|move|p1a: Pelipper|Hurricane|p2a: Beartic\n|-damage|p2a: Beartic|46/100\n|move|p1b: Alakazam|Psychic|p2a: Beartic\n|-damage|p2a: Beartic|0 fnt\n|faint|p2a: Beartic\n|\n|win|skywalkingchris\n|raw|skywalkingchris's rating: 1034 &rarr; <strong>1075</strong><br />(+41 for winning)\n|raw|sijo66's rating: 1100 &rarr; <strong>1070</strong><br />(-30 for losing)\n|l|\u2606sijo66\n|player|p2|\n",
  "uploadtime": 1776197827,
  "views": 29,
  "formatid": "gen9championsvgc2026regma",
  "rating": 1070,
  "private": 0,
  "password": null
}