{
  "id": "gen9championsvgc2026regma-2581268561",
  "format": "[Gen 9 Champions] VGC 2026 Reg M-A",
  "players": [
    "viatable",
    "Mudkip_137"
  ],
  "log": "|j|\u2606viatable\n|j|\u2606Mudkip_137\n|t:|1775978924\n|gametype|doubles\n|player|p1|viatable|170|1130\n|player|p2|Mudkip_137|jasmine|1236\n|gen|9\n|tier|[Gen 9 Champions] VGC 2026 Reg M-A\n|rated|\n|rule|Species Clause: Limit one of each Pok\u00e9mon\n|rule|Item Clause: Limit 1 of each item\n|clearpoke\n|poke|p1|Ninetales-Alola, L50, M|\n|poke|p1|Delphox, L50, M|\n|poke|p1|Conkeldurr, L50, F|\n|poke|p1|Samurott-Hisui, L50, F|\n|poke|p1|Farigiraf, L50, F|\n|poke|p1|Meganium, L50, F|\n|poke|p2|Gengar, L50, M|\n|poke|p2|Hydreigon, L50, M|\n|poke|p2|Excadrill, L50, M|\n|poke|p2|Tyranitar, L50, F|\n|poke|p2|Talonflame, L50, M|\n|poke|p2|Rotom-Wash, L50|\n|teampreview|4\n|inactive|Battle timer is ON: inactive players will automatically lose when time's up. (requested by Mudkip_137)\nviatable rejected open team sheets.\n|inactive|viatable has 60 seconds left.\n|\n|t:|1775978997\n|teamsize|p1|4\n|teamsize|p2|4\n|start\n|switch|p1a: Farigiraf|Farigiraf, L50, F|100/100\n|switch|p1b: Samurott|Samurott-Hisui, L50, F|100/100\n|switch|p2a: Excadrill|Excadrill, L50, M|100/100\n|switch|p2b: Tyranitar|Tyranitar, L50, F|100/100\n|-weather|Sandstorm|[from] ability: Sand Stream|[of] p2b: Tyranitar\n|turn|1\n|\n|t:|1775979019\n|move|p2a: Excadrill|Rock Slide|p1b: Samurott|[spread] p1a,p1b\n|-damage|p1a: Farigiraf|84/100\n|-damage|p1b: Samurott|76/100\n|move|p1b: Samurott|Sacred Sword|p2b: Tyranitar\n|-supereffective|p2b: Tyranitar|2\n|-enditem|p2b: Tyranitar|Chople Berry|[eat]\n|-enditem|p2b: Tyranitar|Chople Berry|[weaken]\n|-damage|p2b: Tyranitar|27/100\n|move|p2b: Tyranitar|Crunch|p1a: Farigiraf\n|-supereffective|p1a: Farigiraf|1\n|-damage|p1a: Farigiraf|13/100\n|move|p1a: Farigiraf|Trick Room|p1a: Farigiraf\n|-fieldstart|move: Trick Room|[of] p1a: Farigiraf\n|\n|-weather|Sandstorm|[upkeep]\n|-damage|p1a: Farigiraf|7/100|[from] Sandstorm\n|-damage|p1b: Samurott|70/100|[from] Sandstorm\n|-heal|p1a: Farigiraf|13/100|[from] item: Leftovers\n|upkeep\n|turn|2\n|inactive|Mudkip_137 has 30 seconds left.\n|inactive|viatable has 30 seconds left.\n|inactive|Mudkip_137 has 20 seconds left.\n|inactive|viatable has 20 seconds left.\n|inactive|Mudkip_137 has 15 seconds left.\n|inactive|viatable has 15 seconds left.\n|\n|t:|1775979065\n|switch|p2a: Gengar|Gengar, L50, M|100/100\n|move|p1a: Farigiraf|Protect|p1a: Farigiraf\n|-singleturn|p1a: Farigiraf|Protect\n|move|p2b: Tyranitar|Protect|p2b: Tyranitar\n|-singleturn|p2b: Tyranitar|Protect\n|move|p1b: Samurott|Aqua Cutter|p2b: Tyranitar\n|-activate|p2b: Tyranitar|move: Protect\n|\n|-weather|Sandstorm|[upkeep]\n|-damage|p1a: Farigiraf|7/100|[from] Sandstorm\n|-damage|p1b: Samurott|64/100|[from] Sandstorm\n|-damage|p2a: Gengar|95/100|[from] Sandstorm\n|-heal|p1a: Farigiraf|13/100|[from] item: Leftovers\n|upkeep\n|turn|3\n|inactive|Mudkip_137 has 30 seconds left.\n|\n|t:|1775979090\n|switch|p1a: Conkeldurr|Conkeldurr, L50, F|100/100\n|detailschange|p2a: Gengar|Gengar-Mega, L50, M\n|-mega|p2a: Gengar|Gengar|Gengarite\n|move|p2a: Gengar|Protect|p2a: Gengar\n|-singleturn|p2a: Gengar|Protect\n|move|p2b: Tyranitar|Crunch|p1a: Conkeldurr\n|-resisted|p1a: Conkeldurr|1\n|-damage|p1a: Conkeldurr|78/100\n|move|p1b: Samurott|Night Slash|p2a: Gengar\n|-activate|p2a: Gengar|move: Protect\n|\n|-weather|Sandstorm|[upkeep]\n|-damage|p1a: Conkeldurr|72/100|[from] Sandstorm\n|-damage|p1b: Samurott|58/100|[from] Sandstorm\n|-damage|p2a: Gengar|89/100|[from] Sandstorm\n|upkeep\n|turn|4\n|inactive|Mudkip_137 has 30 seconds left.\n|\n|t:|1775979120\n|switch|p2a: Excadrill|Excadrill, L50, M|100/100\n|move|p2b: Tyranitar|Protect|p2b: Tyranitar\n|-singleturn|p2b: Tyranitar|Protect\n|move|p1a: Conkeldurr|Drain Punch|p2b: Tyranitar\n|-activate|p2b: Tyranitar|move: Protect\n|move|p1b: Samurott|Night Slash|p2a: Excadrill\n|-crit|p2a: Excadrill\n|-enditem|p2a: Excadrill|Focus Sash\n|-damage|p2a: Excadrill|1/100\n|\n|-weather|Sandstorm|[upkeep]\n|-damage|p1a: Conkeldurr|66/100|[from] Sandstorm\n|-damage|p1b: Samurott|52/100|[from] Sandstorm\n|upkeep\n|turn|5\n|inactive|viatable has 30 seconds left.\n|inactive|Mudkip_137 has 30 seconds left.\n|inactive|Mudkip_137 has 20 seconds left.\n|inactive|Mudkip_137 has 15 seconds left.\n|inactive|Mudkip_137 has 10 seconds left.\n|inactive|Mudkip_137 has 5 seconds left.\n|\n|t:|1775979172\n|switch|p1b: Farigiraf|Farigiraf, L50, F|13/100\n|switch|p2a: Gengar|Gengar-Mega, L50, M|89/100\n|move|p1a: Conkeldurr|Rock Slide|p2a: Gengar|[spread] p2b\n|-miss|p1a: Conkeldurr|p2a: Gengar\n|-damage|p2b: Tyranitar|5/100\n|move|p2b: Tyranitar|Stone Edge|p1b: Farigiraf\n|-damage|p1b: Farigiraf|0 fnt\n|faint|p1b: Farigiraf\n|\n|-weather|none\n|-fieldend|move: Trick Room\n|upkeep\n|\n|t:|1775979194\n|switch|p1b: Samurott|Samurott-Hisui, L50, F|52/100\n|turn|6\n|inactive|viatable has 30 seconds left.\n|\n|t:|1775979227\n|move|p2a: Gengar|Protect|p2a: Gengar\n|-singleturn|p2a: Gengar|Protect\n|move|p1b: Samurott|Protect|p1b: Samurott\n|-singleturn|p1b: Samurott|Protect\n|move|p2b: Tyranitar|Stone Edge|p1b: Samurott\n|-activate|p1b: Samurott|move: Protect\n|move|p1a: Conkeldurr|Rock Slide|p2a: Gengar|[spread] \n|-activate|p2a: Gengar|move: Protect\n|-miss|p1a: Conkeldurr|p2b: Tyranitar\n|\n|upkeep\n|turn|7\n|inactive|viatable has 30 seconds left.\n|inactive|Mudkip_137 has 30 seconds left.\n|inactive|viatable has 20 seconds left.\n|inactive|Mudkip_137 has 20 seconds left.\n|inactive|viatable has 15 seconds left.\n|inactive|Mudkip_137 has 15 seconds left.\n|inactive|Mudkip_137 has 10 seconds left.\n|\n|t:|1775979273\n|switch|p2b: Talonflame|Talonflame, L50, M|100/100\n|move|p1a: Conkeldurr|Protect|p1a: Conkeldurr\n|-singleturn|p1a: Conkeldurr|Protect\n|move|p2a: Gengar|Sludge Bomb|p1b: Samurott\n|-damage|p1b: Samurott|0 fnt\n|faint|p1b: Samurott\n|\n|upkeep\n|\n|t:|1775979281\n|switch|p1b: Meganium|Meganium, L50, F|100/100\n|turn|8\n|\n|t:|1775979288\n|detailschange|p1b: Meganium|Meganium-Mega, L50, F\n|-mega|p1b: Meganium|Meganium|Meganiumite\n|move|p2b: Talonflame|Acrobatics|p1a: Conkeldurr\n|-supereffective|p1a: Conkeldurr|1\n|-damage|p1a: Conkeldurr|0 fnt\n|faint|p1a: Conkeldurr\n|move|p2a: Gengar|Sludge Bomb|p1b: Meganium\n|-supereffective|p1b: Meganium|2\n|-damage|p1b: Meganium|0 fnt\n|faint|p1b: Meganium\n|\n|win|Mudkip_137\n|raw|viatable's rating: 1130 &rarr; <strong>1112</strong><br />(-18 for losing)\n|raw|Mudkip_137's rating: 1236 &rarr; <strong>1254</strong><br />(+18 for winning)\n",
  "uploadtime": 1775979297,
  "views": 17,
  "formatid": "gen9championsvgc2026regma",
  "rating": 1112,
  "private": 0,
  "password": null
}