{
  "id": "gen9championsvgc2026regma-2587065706",
  "format": "[Gen 9 Champions] VGC 2026 Reg M-A",
  "players": [
    "Kirbo5500",
    "Toil and Rot"
  ],
  "log": "|j|\u2606Kirbo5500\n|j|\u2606Toil and Rot\n|t:|1776488793\n|gametype|doubles\n|player|p1|Kirbo5500|2|1136\n|player|p2|Toil and Rot|psychicf-gen4|1106\n|gen|9\n|tier|[Gen 9 Champions] VGC 2026 Reg M-A\n|rated|\n|rule|Species Clause: Limit one of each Pok\u00e9mon\n|rule|Item Clause: Limit 1 of each item\n|clearpoke\n|poke|p1|Meganium, L50, M|\n|poke|p1|Primarina, L50, F|\n|poke|p1|Incineroar, L50, M|\n|poke|p1|Garchomp, L50, M|\n|poke|p1|Talonflame, L50, M|\n|poke|p1|Lucario, L50, M|\n|poke|p2|Pelipper, L50, F|\n|poke|p2|Dragonite, L50, M, shiny|\n|poke|p2|Sneasler, L50, M|\n|poke|p2|Sableye, L50, M|\n|poke|p2|Sinistcha, L50|\n|poke|p2|Archaludon, L50, F|\n|teampreview|4\n|inactive|Battle timer is ON: inactive players will automatically lose when time's up. (requested by Toil and Rot)\n|inactive|Toil and Rot has 60 seconds left.\n|\n|t:|1776488825\n|teamsize|p1|4\n|teamsize|p2|4\n|start\n|switch|p1a: Incineroar|Incineroar, L50, M|100/100\n|switch|p1b: Lucario|Lucario, L50, M|100/100\n|switch|p2a: Sneasler|Sneasler, L50, M|100/100\n|switch|p2b: Sableye|Sableye, L50, M|100/100\n|-ability|p1a: Incineroar|Intimidate|boost\n|-unboost|p2a: Sneasler|atk|1\n|-unboost|p2b: Sableye|atk|1\n|-enditem|p2a: Sneasler|White Herb\n|-clearnegativeboost|p2a: Sneasler|[silent]\n|turn|1\n|inactive|Toil and Rot has 30 seconds left.\n|inactive|Toil and Rot has 20 seconds left.\n|\n|t:|1776488864\n|move|p2a: Sneasler|Protect|p2a: Sneasler\n|-singleturn|p2a: Sneasler|Protect\n|move|p2b: Sableye|Will-O-Wisp|p1b: Lucario\n|-status|p1b: Lucario|brn\n|move|p1b: Lucario|Meteor Mash|p2b: Sableye\n|-damage|p2b: Sableye|81/100\n|move|p1a: Incineroar|Darkest Lariat|p2b: Sableye\n|-damage|p2b: Sableye|37/100\n|-enditem|p2b: Sableye|Sitrus Berry|[eat]\n|-heal|p2b: Sableye|62/100|[from] item: Sitrus Berry\n|\n|-damage|p1b: Lucario|94/100 brn|[from] brn\n|upkeep\n|turn|2\n|inactive|Toil and Rot has 30 seconds left.\n|\n|t:|1776488896\n|move|p1b: Lucario|Protect|p1b: Lucario\n|-singleturn|p1b: Lucario|Protect\n|move|p2b: Sableye|Rain Dance|p2b: Sableye\n|-weather|RainDance\n|move|p2a: Sneasler|Close Combat|p1b: Lucario\n|-activate|p1b: Lucario|move: Protect\n|move|p1a: Incineroar|Parting Shot|p2a: Sneasler\n|-unboost|p2a: Sneasler|atk|1\n|-unboost|p2a: Sneasler|spa|1\n|\n|t:|1776488908\n|switch|p1a: Meganium|Meganium, L50, M|100/100|[from] Parting Shot\n|\n|-weather|RainDance|[upkeep]\n|-damage|p1b: Lucario|88/100 brn|[from] brn\n|upkeep\n|turn|3\n|\n|t:|1776488928\n|switch|p2a: Pelipper|Pelipper, L50, F|100/100\n|switch|p1b: Incineroar|Incineroar, L50, M|100/100\n|-ability|p1b: Incineroar|Intimidate|boost\n|-unboost|p2a: Pelipper|atk|1\n|-unboost|p2b: Sableye|atk|1\n|switch|p2b: Archaludon|Archaludon, L50, F|100/100\n|detailschange|p1a: Meganium|Meganium-Mega, L50, M\n|-mega|p1a: Meganium|Meganium|Meganiumite\n|move|p1a: Meganium|Weather Ball|p2a: Pelipper\n|-resisted|p2a: Pelipper|1\n|-damage|p2a: Pelipper|52/100\n|\n|-weather|RainDance|[upkeep]\n|upkeep\n|turn|4\n|inactive|Toil and Rot has 30 seconds left.\n|\n|t:|1776488962\n|move|p1b: Incineroar|Fake Out|p2b: Archaludon\n|-resisted|p2b: Archaludon|1\n|-damage|p2b: Archaludon|95/100\n|-ability|p2b: Archaludon|Stamina|boost\n|-boost|p2b: Archaludon|def|1\n|cant|p2b: Archaludon|flinch\n|move|p2a: Pelipper|Hurricane|p1a: Meganium\n|-supereffective|p1a: Meganium|1\n|-damage|p1a: Meganium|6/100\n|-start|p1a: Meganium|confusion\n|-activate|p1a: Meganium|confusion\n|move|p1a: Meganium|Weather Ball|p2b: Archaludon\n|-damage|p2b: Archaludon|15/100\n|-ability|p2b: Archaludon|Stamina|boost\n|-boost|p2b: Archaludon|def|1\n|\n|-weather|RainDance|[upkeep]\n|upkeep\n|turn|5\n|inactive|Kirbo5500 has 30 seconds left.\n|inactive|Toil and Rot has 30 seconds left.\n|inactive|Kirbo5500 has 20 seconds left.\n|inactive|Toil and Rot has 20 seconds left.\n|inactive|Toil and Rot has 15 seconds left.\n|\n|t:|1776489005\n|-activate|p1a: Meganium|confusion\n|-damage|p1a: Meganium|0 fnt|[from] confusion\n|faint|p1a: Meganium\n|move|p2b: Archaludon|Electro Shot||[still]\n|-prepare|p2b: Archaludon|Electro Shot\n|-boost|p2b: Archaludon|spa|1\n|-anim|p2b: Archaludon|Electro Shot|p1b: Incineroar\n|-damage|p1b: Incineroar|41/100\n|-enditem|p1b: Incineroar|Sitrus Berry|[eat]\n|-heal|p1b: Incineroar|66/100|[from] item: Sitrus Berry\n|move|p2a: Pelipper|Hurricane|p1b: Incineroar\n|-damage|p1b: Incineroar|18/100\n|move|p1b: Incineroar|Darkest Lariat|p2b: Archaludon\n|-damage|p2b: Archaludon|0 fnt\n|faint|p2b: Archaludon\n|\n|-weather|RainDance|[upkeep]\n|upkeep\n|\n|t:|1776489021\n|switch|p2b: Sneasler|Sneasler, L50, M|100/100\n|switch|p1a: Talonflame|Talonflame, L50, M|100/100\n|turn|6\n|inactive|Toil and Rot has 30 seconds left.\n|\n|t:|1776489050\n|switch|p1b: Lucario|Lucario, L50, M|88/100 brn\n|move|p1a: Talonflame|Protect|p1a: Talonflame\n|-singleturn|p1a: Talonflame|Protect\n|move|p2b: Sneasler|Fake Out|p1a: Talonflame\n|-activate|p1a: Talonflame|move: Protect\n|move|p2a: Pelipper|Weather Ball|p1b: Lucario\n|-damage|p1b: Lucario|0 fnt\n|faint|p1b: Lucario\n|\n|-weather|none\n|upkeep\n|\n|t:|1776489061\n|switch|p1b: Incineroar|Incineroar, L50, M|18/100\n|-ability|p1b: Incineroar|Intimidate|boost\n|-unboost|p2a: Pelipper|atk|1\n|-unboost|p2b: Sneasler|atk|1\n|turn|7\n|inactive|Kirbo5500 has 30 seconds left.\n|\n|t:|1776489093\n|switch|p2b: Sableye|Sableye, L50, M|62/100\n|move|p2a: Pelipper|Protect|p2a: Pelipper\n|-singleturn|p2a: Pelipper|Protect\n|move|p1b: Incineroar|Fake Out|p2a: Pelipper\n|-activate|p2a: Pelipper|move: Protect\n|move|p1a: Talonflame|Brave Bird|p2b: Sableye\n|-damage|p2b: Sableye|16/100\n|-damage|p1a: Talonflame|85/100|[from] Recoil\n|\n|upkeep\n|turn|8\n|inactive|Kirbo5500 has 30 seconds left.\n|inactive|Toil and Rot has 30 seconds left.\n|inactive|Toil and Rot has 20 seconds left.\n|inactive|Toil and Rot has 15 seconds left.\n|inactive|Toil and Rot has 10 seconds left.\n|\n|t:|1776489139\n|move|p2b: Sableye|Rain Dance|p2b: Sableye\n|-weather|RainDance\n|move|p1a: Talonflame|Brave Bird|p2a: Pelipper\n|-damage|p2a: Pelipper|0 fnt\n|faint|p2a: Pelipper\n|-damage|p1a: Talonflame|70/100|[from] Recoil\n|move|p1b: Incineroar|Darkest Lariat|p2b: Sableye\n|-damage|p2b: Sableye|0 fnt\n|faint|p2b: Sableye\n|\n|-weather|RainDance|[upkeep]\n|upkeep\n|\n|t:|1776489149\n|switch|p2b: Sneasler|Sneasler, L50, M|100/100\n|turn|9\n|inactive|Toil and Rot has 30 seconds left.\n|\n|t:|1776489183\n|move|p1a: Talonflame|Protect|p1a: Talonflame\n|-singleturn|p1a: Talonflame|Protect\n|move|p2b: Sneasler|Dire Claw|p1a: Talonflame\n|-activate|p1a: Talonflame|move: Protect\n|move|p1b: Incineroar|Flare Blitz|p2b: Sneasler\n|-damage|p2b: Sneasler|50/100\n|-damage|p1b: Incineroar|5/100|[from] Recoil\n|\n|-weather|RainDance|[upkeep]\n|upkeep\n|turn|10\n|\n|t:|1776489194\n|move|p1a: Talonflame|Brave Bird|p2b: Sneasler\n|-supereffective|p2b: Sneasler|1\n|-damage|p2b: Sneasler|0 fnt\n|faint|p2b: Sneasler\n|-damage|p1a: Talonflame|54/100|[from] Recoil\n|\n|win|Kirbo5500\n|raw|Kirbo5500's rating: 1136 &rarr; <strong>1159</strong><br />(+23 for winning)\n|raw|Toil and Rot's rating: 1106 &rarr; <strong>1083</strong><br />(-23 for losing)\n|l|\u2606Toil and Rot\n|player|p2|\n",
  "uploadtime": 1776489201,
  "views": 16,
  "formatid": "gen9championsvgc2026regma",
  "rating": 1083,
  "private": 0,
  "password": null
}