{
  "id": "gen9championsvgc2026regma-2583416482",
  "format": "[Gen 9 Champions] VGC 2026 Reg M-A",
  "players": [
    "cosmicrv",
    "BlazingDurendal"
  ],
  "log": "|j|\u2606cosmicrv\n|j|\u2606BlazingDurendal\n|t:|1776174208\n|gametype|doubles\n|player|p1|cosmicrv|pokemonbreeder|1007\n|player|p2|BlazingDurendal|janitor|1060\n|gen|9\n|tier|[Gen 9 Champions] VGC 2026 Reg M-A\n|rated|\n|rule|Species Clause: Limit one of each Pok\u00e9mon\n|rule|Item Clause: Limit 1 of each item\n|clearpoke\n|poke|p1|Charizard, L50, F|\n|poke|p1|Whimsicott, L50, M|\n|poke|p1|Sneasler, L50, M|\n|poke|p1|Garchomp, L50, F|\n|poke|p1|Kingambit, L50, F|\n|poke|p1|Venusaur, L50, M|\n|poke|p2|Lopunny, L50, M|\n|poke|p2|Farigiraf, L50, F|\n|poke|p2|Torkoal, L50, M|\n|poke|p2|Venusaur, L50, F|\n|poke|p2|Milotic, L50, F|\n|poke|p2|Lycanroc-Dusk, L50, M|\n|teampreview|4\n|inactive|Battle timer is ON: inactive players will automatically lose when time's up. (requested by cosmicrv)\n|inactive|BlazingDurendal has 60 seconds left.\n|\n|t:|1776174258\n|teamsize|p1|4\n|teamsize|p2|4\n|start\n|switch|p1a: Charizard|Charizard, L50, F|100/100\n|switch|p1b: Sneasler|Sneasler, L50, M|100/100\n|switch|p2a: Lycanroc|Lycanroc-Dusk, L50, M|100/100\n|switch|p2b: Venusaur|Venusaur, L50, F|100/100\n|turn|1\n|\n|t:|1776174277\n|detailschange|p1a: Charizard|Charizard-Mega-Y, L50, F\n|-mega|p1a: Charizard|Charizard|Charizardite Y\n|-weather|SunnyDay|[from] ability: Drought|[of] p1a: Charizard\n|move|p2b: Venusaur|Protect|p2b: Venusaur\n|-singleturn|p2b: Venusaur|Protect\n|move|p2a: Lycanroc|Protect|p2a: Lycanroc\n|-singleturn|p2a: Lycanroc|Protect\n|move|p1b: Sneasler|Fake Out|p2a: Lycanroc\n|-activate|p2a: Lycanroc|move: Protect\n|move|p1a: Charizard|Solar Beam||[still]\n|-prepare|p1a: Charizard|Solar Beam\n|-anim|p1a: Charizard|Solar Beam|p2a: Lycanroc\n|-activate|p2a: Lycanroc|move: Protect\n|\n|-weather|SunnyDay|[upkeep]\n|upkeep\n|turn|2\n|inactive|BlazingDurendal has 30 seconds left.\n|\n|t:|1776174305\n|move|p1a: Charizard|Protect|p1a: Charizard\n|-singleturn|p1a: Charizard|Protect\n|move|p2a: Lycanroc|Accelerock|p1a: Charizard\n|-activate|p1a: Charizard|move: Protect\n|move|p2b: Venusaur|Sleep Powder|p1b: Sneasler|[miss]\n|-miss|p2b: Venusaur|p1b: Sneasler\n|move|p1b: Sneasler|Close Combat|p2a: Lycanroc\n|-supereffective|p2a: Lycanroc|1\n|-enditem|p2a: Lycanroc|Focus Sash\n|-damage|p2a: Lycanroc|1/100\n|-unboost|p1b: Sneasler|def|1\n|-unboost|p1b: Sneasler|spd|1\n|-enditem|p1b: Sneasler|White Herb\n|-clearnegativeboost|p1b: Sneasler|[silent]\n|\n|-weather|SunnyDay|[upkeep]\n|upkeep\n|turn|3\n|\n|t:|1776174329\n|switch|p1a: Garchomp|Garchomp, L50, F|100/100\n|move|p1b: Sneasler|Protect|p1b: Sneasler\n|-singleturn|p1b: Sneasler|Protect\n|move|p2a: Lycanroc|Accelerock|p1a: Garchomp\n|-resisted|p1a: Garchomp|1\n|-damage|p1a: Garchomp|88/100\n|move|p2b: Venusaur|Sleep Powder|p1b: Sneasler\n|-activate|p1b: Sneasler|move: Protect\n|\n|-weather|SunnyDay|[upkeep]\n|upkeep\n|turn|4\n|inactive|cosmicrv has 30 seconds left.\n|inactive|BlazingDurendal has 30 seconds left.\n|\n|t:|1776174364\n|switch|p1b: Whimsicott|Whimsicott, L50, M|100/100\n|switch|p2a: Milotic|Milotic, L50, F, shiny|100/100\n|move|p2b: Venusaur|Leaf Storm|p1a: Garchomp\n|-damage|p1a: Garchomp|20/100\n|-unboost|p2b: Venusaur|spa|2\n|move|p1a: Garchomp|Rock Slide|p2a: Milotic|[spread] p2a,p2b\n|-damage|p2a: Milotic|82/100\n|-damage|p2b: Venusaur|68/100\n|\n|-weather|SunnyDay|[upkeep]\n|-heal|p2a: Milotic|87/100|[from] item: Leftovers\n|upkeep\n|turn|5\n|inactive|cosmicrv has 30 seconds left.\n|inactive|BlazingDurendal has 30 seconds left.\n|inactive|cosmicrv has 20 seconds left.\n|inactive|cosmicrv has 15 seconds left.\n|inactive|cosmicrv has 10 seconds left.\n|\n|t:|1776174412\n|move|p1b: Whimsicott|Tailwind|p1b: Whimsicott\n|-sidestart|p1: cosmicrv|move: Tailwind\n|move|p1a: Garchomp|Earthquake|p2a: Milotic|[spread] p1b,p2a,p2b\n|-resisted|p1b: Whimsicott|1\n|-damage|p1b: Whimsicott|80/100\n|-damage|p2a: Milotic|54/100\n|-damage|p2b: Venusaur|20/100\n|move|p2b: Venusaur|Sludge Bomb|p1b: Whimsicott\n|-supereffective|p1b: Whimsicott|2\n|-damage|p1b: Whimsicott|0 fnt\n|faint|p1b: Whimsicott\n|move|p2a: Milotic|Icy Wind|p1a: Garchomp\n|-supereffective|p1a: Garchomp|2\n|-damage|p1a: Garchomp|0 fnt\n|faint|p1a: Garchomp\n|\n|-weather|none\n|-heal|p2a: Milotic|60/100|[from] item: Leftovers\n|upkeep\n|\n|t:|1776174424\n|switch|p1a: Charizard|Charizard-Mega-Y, L50, F|100/100\n|switch|p1b: Sneasler|Sneasler, L50, M|100/100\n|-weather|SunnyDay|[from] ability: Drought|[of] p1a: Charizard\n|turn|6\n|\n|t:|1776174437\n|move|p2b: Venusaur|Protect|p2b: Venusaur\n|-singleturn|p2b: Venusaur|Protect\n|move|p2a: Milotic|Protect|p2a: Milotic\n|-singleturn|p2a: Milotic|Protect\n|move|p1b: Sneasler|Close Combat|p2a: Milotic\n|-activate|p2a: Milotic|move: Protect\n|move|p1a: Charizard|Heat Wave|p2b: Venusaur|[spread] \n|-activate|p2a: Milotic|move: Protect\n|-activate|p2b: Venusaur|move: Protect\n|\n|-weather|SunnyDay|[upkeep]\n|-heal|p2a: Milotic|66/100|[from] item: Leftovers\n|upkeep\n|turn|7\n|inactive|BlazingDurendal has 30 seconds left.\n|\n|t:|1776174463\n|move|p1b: Sneasler|Close Combat|p2a: Milotic\n|-damage|p2a: Milotic|9/100\n|-unboost|p1b: Sneasler|def|1\n|-unboost|p1b: Sneasler|spd|1\n|move|p1a: Charizard|Heat Wave|p2b: Venusaur|[spread] p2a,p2b\n|-resisted|p2a: Milotic|1\n|-supereffective|p2b: Venusaur|1\n|-damage|p2a: Milotic|0 fnt\n|-damage|p2b: Venusaur|0 fnt\n|faint|p2a: Milotic\n|faint|p2b: Venusaur\n|\n|-weather|SunnyDay|[upkeep]\n|upkeep\n|\n|t:|1776174475\n|switch|p2b: Torkoal|Torkoal, L50, M, shiny|100/100\n|switch|p2a: Lycanroc|Lycanroc-Dusk, L50, M|1/100\n|turn|8\n|\n|t:|1776174499\n|move|p1a: Charizard|Protect|p1a: Charizard\n|-singleturn|p1a: Charizard|Protect\n|move|p2a: Lycanroc|Protect|p2a: Lycanroc\n|-singleturn|p2a: Lycanroc|Protect\n|move|p1b: Sneasler|Close Combat|p2a: Lycanroc\n|-activate|p2a: Lycanroc|move: Protect\n|move|p2b: Torkoal|Weather Ball|p1b: Sneasler\n|-damage|p1b: Sneasler|0 fnt\n|faint|p1b: Sneasler\n|\n|-weather|SunnyDay|[upkeep]\n|-sideend|p1: cosmicrv|move: Tailwind\n|upkeep\n|turn|9\n|\n|t:|1776174516\n|move|p2a: Lycanroc|Accelerock|p1a: Charizard\n|-supereffective|p1a: Charizard|2\n|-damage|p1a: Charizard|0 fnt\n|faint|p1a: Charizard\n|\n|win|BlazingDurendal\n|raw|cosmicrv's rating: 1007 &rarr; <strong>1000</strong><br />(-7 for losing)\n|raw|BlazingDurendal's rating: 1060 &rarr; <strong>1086</strong><br />(+26 for winning)\n|l|\u2606cosmicrv\n|player|p1|\n",
  "uploadtime": 1776174527,
  "views": 21,
  "formatid": "gen9championsvgc2026regma",
  "rating": 1000,
  "private": 0,
  "password": null
}