{
  "id": "gen9championsvgc2026regma-2581108340",
  "format": "[Gen 9 Champions] VGC 2026 Reg M-A",
  "players": [
    "hozesama",
    "Kailzer"
  ],
  "log": "|j|\u2606hozesama\n|j|\u2606Kailzer\n|t:|1775960638\n|gametype|doubles\n|player|p1|hozesama|cynthia-masters4|1319\n|player|p2|Kailzer|morty|1327\n|gen|9\n|tier|[Gen 9 Champions] VGC 2026 Reg M-A\n|rated|\n|rule|Species Clause: Limit one of each Pok\u00e9mon\n|rule|Item Clause: Limit 1 of each item\n|clearpoke\n|poke|p1|Gyarados, L50, F|\n|poke|p1|Venusaur, L50, F|\n|poke|p1|Sneasler, L50, F|\n|poke|p1|Kingambit, L50, M|\n|poke|p1|Basculegion, L50, M|\n|poke|p1|Mamoswine, L50, F|\n|poke|p2|Sinistcha-Masterpiece, L50|\n|poke|p2|Tyranitar, L50, M|\n|poke|p2|Aerodactyl, L50, F|\n|poke|p2|Sneasler, L50, F|\n|poke|p2|Rotom-Wash, L50|\n|poke|p2|Sylveon, L50, F|\n|teampreview|4\n|inactive|Battle timer is ON: inactive players will automatically lose when time's up. (requested by Kailzer)\nhozesama rejected open team sheets.\n|inactive|hozesama has 60 seconds left.\n|inactive|Kailzer has 60 seconds left.\n|\n|t:|1775960683\n|teamsize|p1|4\n|teamsize|p2|4\n|start\n|switch|p1a: Basculegion|Basculegion, L50, M|100/100\n|switch|p1b: Mamoswine|Mamoswine, L50, F|100/100\n|switch|p2a: Aerodactyl|Aerodactyl, L50, F|100/100\n|switch|p2b: Rotom|Rotom-Wash, L50|100/100\n|-ability|p2a: Aerodactyl|Unnerve\n|turn|1\n|inactive|hozesama has 30 seconds left.\n|\n|t:|1775960711\n|move|p1b: Mamoswine|Protect|p1b: Mamoswine\n|-singleturn|p1b: Mamoswine|Protect\n|move|p1a: Basculegion|Flip Turn|p2a: Aerodactyl\n|-supereffective|p2a: Aerodactyl|1\n|-enditem|p2a: Aerodactyl|Focus Sash\n|-damage|p2a: Aerodactyl|1/100\n|\n|t:|1775960717\n|switch|p1a: Sneasler|Sneasler, L50, F|100/100|[from] Flip Turn\n|move|p2b: Rotom|Thunderbolt|p1a: Sneasler\n|-damage|p1a: Sneasler|39/100\n|move|p2a: Aerodactyl|Tailwind|p2a: Aerodactyl\n|-sidestart|p2: Kailzer|move: Tailwind\n|\n|upkeep\n|turn|2\n|\n|t:|1775960734\n|switch|p2a: Sylveon|Sylveon, L50, F|100/100\n|move|p1a: Sneasler|Fake Out|p2b: Rotom\n|-damage|p2b: Rotom|80/100\n|move|p1b: Mamoswine|Ice Shard|p2a: Sylveon\n|-damage|p2a: Sylveon|62/100\n|cant|p2b: Rotom|flinch\n|\n|upkeep\n|turn|3\n|\n|t:|1775960750\n|move|p1b: Mamoswine|Protect|p1b: Mamoswine\n|-singleturn|p1b: Mamoswine|Protect\n|move|p2b: Rotom|Thunderbolt|p1a: Sneasler\n|-damage|p1a: Sneasler|0 fnt\n|faint|p1a: Sneasler\n|move|p2a: Sylveon|Hyper Voice|p1b: Mamoswine\n|-activate|p1b: Mamoswine|move: Protect\n|\n|upkeep\n|\n|t:|1775960756\n|switch|p1a: Venusaur|Venusaur, L50, F|100/100\n|turn|4\n|inactive|Kailzer has 30 seconds left.\n|\n|t:|1775960784\n|switch|p1b: Basculegion|Basculegion, L50, M|100/100\n|detailschange|p1a: Venusaur|Venusaur-Mega, L50, F\n|-mega|p1a: Venusaur|Venusaur|Venusaurite\n|move|p2b: Rotom|Thunderbolt|p1a: Venusaur\n|-resisted|p1a: Venusaur|1\n|-damage|p1a: Venusaur|84/100\n|move|p2a: Sylveon|Hyper Voice|p1b: Basculegion|[spread] p1a,p1b\n|-resisted|p1a: Venusaur|1\n|-damage|p1a: Venusaur|65/100\n|-damage|p1b: Basculegion|44/100\n|move|p1a: Venusaur|Sludge Bomb|p2a: Sylveon\n|-supereffective|p2a: Sylveon|1\n|-damage|p2a: Sylveon|0 fnt\n|faint|p2a: Sylveon\n|\n|-sideend|p2: Kailzer|move: Tailwind\n|upkeep\n|\n|t:|1775960797\n|switch|p2a: Aerodactyl|Aerodactyl, L50, F|1/100\n|-ability|p2a: Aerodactyl|Unnerve\n|turn|5\n|\n|t:|1775960807\n|move|p1b: Basculegion|Flip Turn|p2a: Aerodactyl\n|-supereffective|p2a: Aerodactyl|1\n|-damage|p2a: Aerodactyl|0 fnt\n|faint|p2a: Aerodactyl\n|\n|t:|1775960811\n|switch|p1b: Mamoswine|Mamoswine, L50, F|100/100|[from] Flip Turn\n|move|p2b: Rotom|Thunderbolt|p1b: Mamoswine\n|-immune|p1b: Mamoswine\n|move|p1a: Venusaur|Giga Drain|p2b: Rotom\n|-supereffective|p2b: Rotom|1\n|-damage|p2b: Rotom|0 fnt\n|-heal|p1a: Venusaur|92/100|[from] drain|[of] p2b: Rotom\n|faint|p2b: Rotom\n|\n|upkeep\n|\n|t:|1775960815\n|switch|p2b: Tyranitar|Tyranitar, L50, M|100/100\n|-weather|Sandstorm|[from] ability: Sand Stream|[of] p2b: Tyranitar\n|turn|6\n|\n|t:|1775960825\n|detailschange|p2b: Tyranitar|Tyranitar-Mega, L50, M\n|-mega|p2b: Tyranitar|Tyranitar|Tyranitarite\n|move|p2b: Tyranitar|Rock Slide|p1a: Venusaur|[spread] p1a,p1b\n|-damage|p1a: Venusaur|58/100\n|-damage|p1b: Mamoswine|60/100\n|move|p1a: Venusaur|Giga Drain|p2b: Tyranitar\n|-supereffective|p2b: Tyranitar|1\n|-damage|p2b: Tyranitar|60/100\n|-heal|p1a: Venusaur|78/100|[from] drain|[of] p2b: Tyranitar\n|move|p1b: Mamoswine|High Horsepower|p2b: Tyranitar\n|-supereffective|p2b: Tyranitar|1\n|-damage|p2b: Tyranitar|0 fnt\n|faint|p2b: Tyranitar\n|\n|win|hozesama\n|raw|hozesama's rating: 1319 &rarr; <strong>1339</strong><br />(+20 for winning)\n|raw|Kailzer's rating: 1327 &rarr; <strong>1307</strong><br />(-20 for losing)\n",
  "uploadtime": 1775960830,
  "views": 23,
  "formatid": "gen9championsvgc2026regma",
  "rating": 1307,
  "private": 0,
  "password": null
}