{
  "id": "gen9championsvgc2026regma-2586451097",
  "format": "[Gen 9 Champions] VGC 2026 Reg M-A",
  "players": [
    "Jeremykhoo",
    "great daddy 6"
  ],
  "log": "|j|\u2606Jeremykhoo\n|j|\u2606great daddy 6\n|t:|1776435576\n|gametype|doubles\n|player|p1|Jeremykhoo|102|1080\n|player|p2|great daddy 6|cilan|1014\n|gen|9\n|tier|[Gen 9 Champions] VGC 2026 Reg M-A\n|rated|\n|rule|Species Clause: Limit one of each Pok\u00e9mon\n|rule|Item Clause: Limit 1 of each item\n|clearpoke\n|poke|p1|Tyranitar, L50, M|\n|poke|p1|Whimsicott, L50, M|\n|poke|p1|Aggron, L50, F|\n|poke|p1|Drampa, L50, F|\n|poke|p1|Sylveon, L50, F|\n|poke|p1|Arcanine, L50, M|\n|poke|p2|Alakazam, L50, M|\n|poke|p2|Meowstic, L50, M|\n|poke|p2|Sneasler, L50, F|\n|poke|p2|Slowbro, L50, F|\n|poke|p2|Gallade, L50, M|\n|poke|p2|Audino, L50, F|\n|teampreview|4\n|inactive|Battle timer is ON: inactive players will automatically lose when time's up. (requested by great daddy 6)\n|inactive|Jeremykhoo has 60 seconds left.\n|inactive|great daddy 6 has 60 seconds left.\n|\n|t:|1776435621\n|teamsize|p1|4\n|teamsize|p2|4\n|start\n|switch|p1a: Whimsicott|Whimsicott, L50, M|100/100\n|switch|p1b: Aggron|Aggron, L50, F|100/100\n|switch|p2a: Sneasler|Sneasler, L50, F|100/100\n|switch|p2b: Slowbro|Slowbro, L50, F|100/100\n|turn|1\n|inactive|Jeremykhoo has 30 seconds left.\n|\n|t:|1776435651\n|switch|p1a: Tyranitar|Tyranitar, L50, M|100/100\n|-weather|Sandstorm|[from] ability: Sand Stream|[of] p1a: Tyranitar\n|detailschange|p1b: Aggron|Aggron-Mega, L50, F\n|-mega|p1b: Aggron|Aggron|Aggronite\n|detailschange|p2b: Slowbro|Slowbro-Mega, L50, F\n|-mega|p2b: Slowbro|Slowbro|Slowbronite\n|move|p2a: Sneasler|Fake Out|p1a: Tyranitar\n|-resisted|p1a: Tyranitar|1\n|-damage|p1a: Tyranitar|93/100\n|move|p1b: Aggron|Body Press|p2a: Sneasler\n|-resisted|p2a: Sneasler|1\n|-damage|p2a: Sneasler|67/100\n|move|p2b: Slowbro|Iron Defense|p2b: Slowbro\n|-boost|p2b: Slowbro|def|2\n|\n|-weather|Sandstorm|[upkeep]\n|-damage|p2a: Sneasler|61/100|[from] Sandstorm\n|-damage|p2b: Slowbro|95/100|[from] Sandstorm\n|upkeep\n|turn|2\n|inactive|great daddy 6 has 30 seconds left.\n|\n|t:|1776435685\n|switch|p1a: Sylveon|Sylveon, L50, F|100/100\n|move|p2a: Sneasler|Close Combat|p1a: Sylveon\n|-resisted|p1a: Sylveon|1\n|-damage|p1a: Sylveon|54/100\n|-unboost|p2a: Sneasler|def|1\n|-unboost|p2a: Sneasler|spd|1\n|move|p1b: Aggron|Heavy Slam|p2a: Sneasler\n|-damage|p2a: Sneasler|0 fnt\n|faint|p2a: Sneasler\n|move|p2b: Slowbro|Iron Defense|p2b: Slowbro\n|-boost|p2b: Slowbro|def|2\n|\n|-weather|Sandstorm|[upkeep]\n|-damage|p1a: Sylveon|48/100|[from] Sandstorm\n|-damage|p2b: Slowbro|89/100|[from] Sandstorm\n|upkeep\n|\n|t:|1776435704\n|switch|p2a: Alakazam|Alakazam, L50, M|100/100\n|turn|3\n|\n|t:|1776435724\n|switch|p1a: Tyranitar|Tyranitar, L50, M|93/100\n|move|p2a: Alakazam|Protect|p2a: Alakazam\n|-singleturn|p2a: Alakazam|Protect\n|move|p1b: Aggron|Iron Defense|p1b: Aggron\n|-boost|p1b: Aggron|def|2\n|move|p2b: Slowbro|Amnesia|p2b: Slowbro\n|-boost|p2b: Slowbro|spd|2\n|\n|-weather|Sandstorm|[upkeep]\n|-damage|p2a: Alakazam|94/100|[from] Sandstorm\n|-damage|p2b: Slowbro|83/100|[from] Sandstorm\n|upkeep\n|turn|4\n|inactive|Jeremykhoo has 30 seconds left.\n|inactive|Jeremykhoo has 20 seconds left.\n|\n|t:|1776435761\n|move|p2a: Alakazam|Focus Blast|p1a: Tyranitar\n|-supereffective|p1a: Tyranitar|2\n|-damage|p1a: Tyranitar|0 fnt\n|faint|p1a: Tyranitar\n|move|p1b: Aggron|Heavy Slam|p2a: Alakazam\n|-damage|p2a: Alakazam|0 fnt\n|faint|p2a: Alakazam\n|move|p2b: Slowbro|Body Press|p1b: Aggron\n|-supereffective|p1b: Aggron|1\n|-damage|p1b: Aggron|58/100\n|\n|-weather|Sandstorm|[upkeep]\n|-damage|p2b: Slowbro|77/100|[from] Sandstorm\n|upkeep\n|\n|t:|1776435774\n|switch|p2a: Gallade|Gallade, L50, M|100/100\n|switch|p1a: Whimsicott|Whimsicott, L50, M|100/100\n|turn|5\n|\n|t:|1776435788\n|move|p2a: Gallade|Psycho Cut|p1a: Whimsicott\n|-damage|p1a: Whimsicott|26/100\n|move|p1a: Whimsicott|Moonblast|p2a: Gallade\n|-supereffective|p2a: Gallade|1\n|-crit|p2a: Gallade\n|-damage|p2a: Gallade|18/100\n|move|p1b: Aggron|Iron Defense|p1b: Aggron\n|-boost|p1b: Aggron|def|2\n|move|p2b: Slowbro|Body Press|p1b: Aggron\n|-supereffective|p1b: Aggron|1\n|-damage|p1b: Aggron|34/100\n|\n|-weather|none\n|upkeep\n|turn|6\n|inactive|Jeremykhoo has 30 seconds left.\n|\n|t:|1776435816\n|move|p1b: Aggron|Protect|p1b: Aggron\n|-singleturn|p1b: Aggron|Protect\n|move|p1a: Whimsicott|Tailwind|p1a: Whimsicott\n|-sidestart|p1: Jeremykhoo|move: Tailwind\n|move|p2a: Gallade|Psycho Cut|p1a: Whimsicott\n|-damage|p1a: Whimsicott|0 fnt\n|faint|p1a: Whimsicott\n|move|p2b: Slowbro|Body Press|p1b: Aggron\n|-activate|p1b: Aggron|move: Protect\n|\n|upkeep\n|\n|t:|1776435825\n|switch|p1a: Sylveon|Sylveon, L50, F|48/100\n|turn|7\n|\n|t:|1776435839\n|move|p1a: Sylveon|Hyper Voice|p2a: Gallade|[spread] p2a,p2b\n|-supereffective|p2a: Gallade|1\n|-damage|p2a: Gallade|0 fnt\n|-damage|p2b: Slowbro|51/100\n|faint|p2a: Gallade\n|move|p1b: Aggron|Heavy Slam|p2b: Slowbro\n|-resisted|p2b: Slowbro|1\n|-damage|p2b: Slowbro|48/100\n|move|p2b: Slowbro|Body Press|p1b: Aggron\n|-supereffective|p1b: Aggron|1\n|-damage|p1b: Aggron|10/100\n|\n|upkeep\n|turn|8\n|\n|t:|1776435855\n|move|p1b: Aggron|Protect|p1b: Aggron\n|-singleturn|p1b: Aggron|Protect\n|move|p1a: Sylveon|Hyper Voice|p2b: Slowbro\n|-damage|p2b: Slowbro|18/100\n|move|p2b: Slowbro|Amnesia|p2b: Slowbro\n|-boost|p2b: Slowbro|spd|2\n|\n|upkeep\n|turn|9\n|\n|t:|1776435864\n|move|p1a: Sylveon|Hyper Voice|p2b: Slowbro\n|-damage|p2b: Slowbro|0 fnt\n|faint|p2b: Slowbro\n|\n|win|Jeremykhoo\n|raw|Jeremykhoo's rating: 1080 &rarr; <strong>1103</strong><br />(+23 for winning)\n|raw|great daddy 6's rating: 1014 &rarr; <strong>1004</strong><br />(-10 for losing)\n|l|\u2606great daddy 6\n|player|p2|\n",
  "uploadtime": 1776435870,
  "views": 19,
  "formatid": "gen9championsvgc2026regma",
  "rating": 1004,
  "private": 0,
  "password": null
}