{
  "id": "gen9championsvgc2026regma-2588652290",
  "format": "[Gen 9 Champions] VGC 2026 Reg M-A",
  "players": [
    "Sand7567",
    "adalove"
  ],
  "log": "|j|\u2606Sand7567\n|j|\u2606adalove\n|t:|1776654019\n|gametype|doubles\n|player|p1|Sand7567|steven|1137\n|player|p2|adalove|dragontamer|1168\n|gen|9\n|tier|[Gen 9 Champions] VGC 2026 Reg M-A\n|rated|\n|rule|Species Clause: Limit one of each Pok\u00e9mon\n|rule|Item Clause: Limit 1 of each item\n|clearpoke\n|poke|p1|Greninja, L50, F|\n|poke|p1|Aegislash, L50, F|\n|poke|p1|Arcanine, L50, M|\n|poke|p1|Aerodactyl, L50, M|\n|poke|p1|Golurk, L50|\n|poke|p1|Ninetales-Alola, L50, M|\n|poke|p2|Tyranitar, L50, F|\n|poke|p2|Excadrill, L50, F|\n|poke|p2|Corviknight, L50, F|\n|poke|p2|Garchomp, L50, M|\n|poke|p2|Primarina, L50, F|\n|poke|p2|Sinistcha, L50|\n|teampreview|4\n|inactive|Battle timer is ON: inactive players will automatically lose when time's up. (requested by adalove)\n|inactive|adalove has 60 seconds left.\n|\n|t:|1776654069\n|teamsize|p1|4\n|teamsize|p2|4\n|start\n|switch|p1a: Golurk|Golurk, L50|100/100\n|switch|p1b: Aegislash|Aegislash, L50, F|100/100\n|switch|p2a: Defensive-Moat|Corviknight, L50, F|100/100\n|switch|p2b: The-Catalyst|Tyranitar, L50, F|100/100\n|-weather|Sandstorm|[from] ability: Sand Stream|[of] p2b: The-Catalyst\n|turn|1\n|inactive|adalove has 30 seconds left.\n|inactive|adalove has 20 seconds left.\n|inactive|adalove has 15 seconds left.\n|\n|t:|1776654113\n|detailschange|p1a: Golurk|Golurk-Mega, L50\n|-mega|p1a: Golurk|Golurk|Golurkite\n|detailschange|p2b: The-Catalyst|Tyranitar-Mega, L50, F\n|-mega|p2b: The-Catalyst|Tyranitar|Tyranitarite\n|move|p1a: Golurk|Protect|p1a: Golurk\n|-singleturn|p1a: Golurk|Protect\n|-formechange|p1b: Aegislash|Aegislash-Blade|\n|move|p1b: Aegislash|Sacred Sword|p2b: The-Catalyst\n|-supereffective|p2b: The-Catalyst|2\n|-damage|p2b: The-Catalyst|13/100\n|move|p2b: The-Catalyst|Knock Off|p1b: Aegislash\n|-supereffective|p1b: Aegislash|1\n|-damage|p1b: Aegislash|0 fnt\n|faint|p1b: Aegislash\n|move|p2a: Defensive-Moat|Bulk Up|p2a: Defensive-Moat\n|-boost|p2a: Defensive-Moat|atk|1\n|-boost|p2a: Defensive-Moat|def|1\n|\n|-weather|Sandstorm|[upkeep]\n|upkeep\n|\n|t:|1776654132\n|switch|p1b: Arcanine|Arcanine, L50, M|100/100\n|-ability|p1b: Arcanine|Intimidate|boost\n|-ability|p2a: Defensive-Moat|Mirror Armor\n|-unboost|p1b: Arcanine|atk|1\n|-unboost|p2b: The-Catalyst|atk|1\n|turn|2\n|\n|t:|1776654144\n|switch|p2b: Frictionless|Garchomp, L50, M|100/100\n|move|p1b: Arcanine|Extreme Speed|p2b: Frictionless\n|-damage|p2b: Frictionless|88/100\n|move|p1a: Golurk|Close Combat|p2a: Defensive-Moat\n|-damage|p2a: Defensive-Moat|78/100\n|-unboost|p1a: Golurk|def|1\n|-unboost|p1a: Golurk|spd|1\n|move|p2a: Defensive-Moat|Brave Bird|p1a: Golurk\n|-damage|p1a: Golurk|12/100\n|-damage|p2a: Defensive-Moat|53/100|[from] Recoil\n|\n|-weather|Sandstorm|[upkeep]\n|-damage|p1b: Arcanine|94/100|[from] Sandstorm\n|-heal|p1b: Arcanine|100/100|[from] item: Leftovers\n|-heal|p2a: Defensive-Moat|59/100|[from] item: Leftovers\n|upkeep\n|turn|3\n|inactive|Sand7567 has 30 seconds left.\n|\n|t:|1776654172\n|move|p2b: Frictionless|Earthquake|p1b: Arcanine|[spread] p1a,p1b\n|-immune|p2a: Defensive-Moat\n|-supereffective|p1b: Arcanine|1\n|-damage|p1a: Golurk|0 fnt\n|-damage|p1b: Arcanine|10/100\n|faint|p1a: Golurk\n|move|p1b: Arcanine|Flare Blitz|p2a: Defensive-Moat\n|-supereffective|p2a: Defensive-Moat|1\n|-damage|p2a: Defensive-Moat|30/100\n|-damage|p1b: Arcanine|0 fnt|[from] Recoil\n|faint|p1b: Arcanine\n|move|p2a: Defensive-Moat|Bulk Up|p2a: Defensive-Moat\n|-boost|p2a: Defensive-Moat|atk|1\n|-boost|p2a: Defensive-Moat|def|1\n|\n|-weather|Sandstorm|[upkeep]\n|-heal|p2a: Defensive-Moat|36/100|[from] item: Leftovers\n|upkeep\n|\n|t:|1776654190\n|switch|p1a: Aerodactyl|Aerodactyl, L50, M|100/100\n|turn|4\n|\n|t:|1776654210\n|move|p1a: Aerodactyl|Rock Slide|p2a: Defensive-Moat|[spread] p2a,p2b\n|-resisted|p2b: Frictionless|1\n|-damage|p2a: Defensive-Moat|28/100\n|-damage|p2b: Frictionless|75/100\n|move|p2b: Frictionless|Dragon Claw|p1a: Aerodactyl\n|-damage|p1a: Aerodactyl|34/100\n|cant|p2a: Defensive-Moat|flinch\n|\n|-weather|Sandstorm|[upkeep]\n|-heal|p2a: Defensive-Moat|34/100|[from] item: Leftovers\n|upkeep\n|turn|5\n|\n|t:|1776654221\n|move|p1a: Aerodactyl|Rock Slide|p2a: Defensive-Moat|[spread] p2a,p2b\n|-resisted|p2b: Frictionless|1\n|-damage|p2a: Defensive-Moat|25/100\n|-damage|p2b: Frictionless|63/100\n|move|p2b: Frictionless|Dragon Claw|p1a: Aerodactyl\n|-crit|p1a: Aerodactyl\n|-damage|p1a: Aerodactyl|0 fnt\n|faint|p1a: Aerodactyl\n|\n|win|adalove\n|raw|Sand7567's rating: 1137 &rarr; <strong>1114</strong><br />(-23 for losing)\n|raw|adalove's rating: 1168 &rarr; <strong>1191</strong><br />(+23 for winning)\n",
  "uploadtime": 1776654222,
  "views": 5,
  "formatid": "gen9championsvgc2026regma",
  "rating": 1114,
  "private": 0,
  "password": null
}