{
  "id": "gen9championsvgc2026regma-2580776863",
  "format": "[Gen 9 Champions] VGC 2026 Reg M-A",
  "players": [
    "Heaven64",
    "SaleableCloth59"
  ],
  "log": "|j|\u2606Heaven64\n|j|\u2606SaleableCloth59\n|t:|1775931606\n|gametype|doubles\n|player|p1|Heaven64|lacey|1089\n|player|p2|SaleableCloth59|101|1135\n|gen|9\n|tier|[Gen 9 Champions] VGC 2026 Reg M-A\n|rated|\n|rule|Species Clause: Limit one of each Pok\u00e9mon\n|rule|Item Clause: Limit 1 of each item\n|clearpoke\n|poke|p1|Glimmora, L50, M|\n|poke|p1|Whimsicott, L50, M|\n|poke|p1|Lopunny, L50, F|\n|poke|p1|Volcarona, L50, F|\n|poke|p1|Garchomp, L50, M|\n|poke|p1|Primarina, L50, F|\n|poke|p2|Mamoswine, L50, F|\n|poke|p2|Froslass, L50, F|\n|poke|p2|Sinistcha, L50|\n|poke|p2|Incineroar, L50, F|\n|poke|p2|Rotom-Wash, L50|\n|poke|p2|Hydreigon, L50, F|\n|teampreview|4\nSaleableCloth59 has agreed to open team sheets.\n|\n|t:|1775931675\n|teamsize|p1|4\n|teamsize|p2|4\n|start\n|switch|p1a: Whimsicott|Whimsicott, L50, M, shiny|100/100\n|switch|p1b: Volcarona|Volcarona, L50, F, shiny|100/100\n|switch|p2a: Mamoswine|Mamoswine, L50, F|100/100\n|switch|p2b: Incineroar|Incineroar, L50, F|100/100\n|-ability|p2b: Incineroar|Intimidate|boost\n|-unboost|p1a: Whimsicott|atk|1\n|-unboost|p1b: Volcarona|atk|1\n|turn|1\n|\n|t:|1775931701\n|move|p1a: Whimsicott|Protect|p1a: Whimsicott\n|-singleturn|p1a: Whimsicott|Protect\n|move|p1b: Volcarona|Protect|p1b: Volcarona\n|-singleturn|p1b: Volcarona|Protect\n|move|p2b: Incineroar|Fake Out|p1b: Volcarona\n|-activate|p1b: Volcarona|move: Protect\n|move|p2a: Mamoswine|Icicle Crash|p1a: Whimsicott\n|-activate|p1a: Whimsicott|move: Protect\n|\n|upkeep\n|turn|2\n|\n|t:|1775931717\n|move|p1a: Whimsicott|Tailwind|p1a: Whimsicott\n|-sidestart|p1: Heaven64|move: Tailwind\n|move|p1b: Volcarona|Overheat|p2a: Mamoswine\n|-supereffective|p2a: Mamoswine|1\n|-enditem|p2a: Mamoswine|Focus Sash\n|-damage|p2a: Mamoswine|1/100\n|-unboost|p1b: Volcarona|spa|2\n|move|p2a: Mamoswine|High Horsepower|p1b: Volcarona\n|-damage|p1b: Volcarona|49/100\n|-enditem|p1b: Volcarona|Sitrus Berry|[eat]\n|-heal|p1b: Volcarona|74/100|[from] item: Sitrus Berry\n|move|p2b: Incineroar|Flare Blitz|p1a: Whimsicott\n|-supereffective|p1a: Whimsicott|1\n|-enditem|p1a: Whimsicott|Focus Sash\n|-damage|p1a: Whimsicott|1/100\n|-damage|p2b: Incineroar|75/100|[from] Recoil\n|\n|upkeep\n|turn|3\n|\n|t:|1775931774\n|move|p1a: Whimsicott|Protect|p1a: Whimsicott\n|-singleturn|p1a: Whimsicott|Protect\n|move|p2a: Mamoswine|Ice Shard|p1a: Whimsicott\n|-activate|p1a: Whimsicott|move: Protect\n|move|p1b: Volcarona|Overheat|p2a: Mamoswine\n|-supereffective|p2a: Mamoswine|1\n|-damage|p2a: Mamoswine|0 fnt\n|-unboost|p1b: Volcarona|spa|2\n|faint|p2a: Mamoswine\n|move|p2b: Incineroar|Parting Shot|p1b: Volcarona\n|-unboost|p1b: Volcarona|atk|1\n|-unboost|p1b: Volcarona|spa|1\n|\n|t:|1775931786\n|switch|p2b: Froslass|Froslass, L50, F|100/100|[from] Parting Shot\n|\n|upkeep\n|\n|t:|1775931790\n|switch|p2a: Incineroar|Incineroar, L50, F|75/100\n|-ability|p2a: Incineroar|Intimidate|boost\n|-unboost|p1a: Whimsicott|atk|1\n|-unboost|p1b: Volcarona|atk|1\n|turn|4\n|\n|t:|1775931819\n|switch|p1a: Glimmora|Glimmora, L50, M, shiny|100/100\n|move|p1b: Volcarona|Protect|p1b: Volcarona\n|-singleturn|p1b: Volcarona|Protect\n|move|p2a: Incineroar|Fake Out|p1a: Glimmora\n|-resisted|p1a: Glimmora|1\n|-damage|p1a: Glimmora|94/100\n|-activate|p1a: Glimmora|ability: Toxic Debris\n|-sidestart|p2: SaleableCloth59|move: Toxic Spikes\n|move|p2b: Froslass|Nasty Plot|p2b: Froslass\n|-boost|p2b: Froslass|spa|2\n|\n|upkeep\n|turn|5\n|inactive|Battle timer is ON: inactive players will automatically lose when time's up. (requested by SaleableCloth59)\n|\n|t:|1775931953\n|move|p1a: Glimmora|Spiky Shield|p1a: Glimmora\n|-singleturn|p1a: Glimmora|move: Protect\n|move|p2b: Froslass|Protect|p2b: Froslass\n|-singleturn|p2b: Froslass|Protect\n|move|p1b: Volcarona|Rage Powder|p1b: Volcarona\n|-singleturn|p1b: Volcarona|move: Rage Powder\n|move|p2a: Incineroar|Flare Blitz|p1b: Volcarona\n|-damage|p1b: Volcarona|27/100\n|-damage|p2a: Incineroar|58/100|[from] Recoil\n|\n|-sideend|p1: Heaven64|move: Tailwind\n|upkeep\n|turn|6\n|inactive|Heaven64 has 30 seconds left.\n|inactive|Heaven64 has 20 seconds left.\n|inactive|Heaven64 has 15 seconds left.\n|inactive|SaleableCloth59 has 30 seconds left.\n|\n|t:|1775931993\n|switch|p1a: Garchomp|Garchomp, L50, M|100/100\n|detailschange|p2b: Froslass|Froslass-Mega, L50, F\n|-mega|p2b: Froslass|Froslass|Froslassite\n|-weather|Snowscape|[from] ability: Snow Warning|[of] p2b: Froslass\n|move|p2b: Froslass|Blizzard|p1b: Volcarona|[spread] p1a,p1b\n|-supereffective|p1a: Garchomp|2\n|-resisted|p1b: Volcarona|1\n|-damage|p1a: Garchomp|0 fnt\n|-damage|p1b: Volcarona|0 fnt\n|faint|p1a: Garchomp\n|faint|p1b: Volcarona\n|move|p2a: Incineroar|Flare Blitz|p1: Garchomp|[notarget]\n|-fail|p2a: Incineroar\n|\n|-weather|Snowscape|[upkeep]\n|upkeep\n|\n|t:|1775932005\n|switch|p1a: Whimsicott|Whimsicott, L50, M, shiny|1/100\n|switch|p1b: Glimmora|Glimmora, L50, M, shiny|94/100\n|turn|7\n|\n|t:|1775932014\n|switch|p2a: Sinistcha|Sinistcha, L50|100/100\n|-status|p2a: Sinistcha|psn\n|detailschange|p1b: Glimmora|Glimmora-Mega, L50, M, shiny\n|-mega|p1b: Glimmora|Glimmora|Glimmoranite\n|move|p2b: Froslass|Protect|p2b: Froslass\n|-singleturn|p2b: Froslass|Protect\n|move|p1a: Whimsicott|Tailwind|p1a: Whimsicott\n|-sidestart|p1: Heaven64|move: Tailwind\n|move|p1b: Glimmora|Power Gem|p2a: Sinistcha\n|-damage|p2a: Sinistcha|29/100 psn\n|\n|-weather|Snowscape|[upkeep]\n|-damage|p2a: Sinistcha|17/100 psn|[from] psn\n|upkeep\n|turn|8\n|inactive|Heaven64 has 30 seconds left.\n|\n|t:|1775932041\n|move|p2a: Sinistcha|Rage Powder|p2a: Sinistcha\n|-singleturn|p2a: Sinistcha|move: Rage Powder\n|move|p1a: Whimsicott|Moonblast|p2a: Sinistcha\n|-damage|p2a: Sinistcha|0 fnt\n|faint|p2a: Sinistcha\n|move|p1b: Glimmora|Power Gem|p2b: Froslass\n|-supereffective|p2b: Froslass|1\n|-damage|p2b: Froslass|0 fnt\n|faint|p2b: Froslass\n|\n|-weather|Snowscape|[upkeep]\n|upkeep\n|-message|SaleableCloth59 forfeited.\n|\n|win|Heaven64\n|raw|Heaven64's rating: 1089 &rarr; <strong>1119</strong><br />(+30 for winning)\n|raw|SaleableCloth59's rating: 1135 &rarr; <strong>1107</strong><br />(-28 for losing)\n|l|\u2606SaleableCloth59\n|player|p2|\n",
  "uploadtime": 1775932055,
  "views": 21,
  "formatid": "gen9championsvgc2026regma",
  "rating": 1107,
  "private": 0,
  "password": null
}