{
  "id": "gen9championsvgc2026regma-2584829071",
  "format": "[Gen 9 Champions] VGC 2026 Reg M-A",
  "players": [
    "lets buy packs",
    "maskedwolf56"
  ],
  "log": "|j|\u2606lets buy packs\n|j|\u2606maskedwolf56\n|t:|1776286837\n|gametype|doubles\n|player|p1|lets buy packs|red-masters3|1136\n|player|p2|maskedwolf56|giovanni|1040\n|gen|9\n|tier|[Gen 9 Champions] VGC 2026 Reg M-A\n|rated|\n|rule|Species Clause: Limit one of each Pok\u00e9mon\n|rule|Item Clause: Limit 1 of each item\n|clearpoke\n|poke|p1|Espathra, L50, M|\n|poke|p1|Glimmora, L50, F|\n|poke|p1|Incineroar, L50, F|\n|poke|p1|Maushold-Four, L50|\n|poke|p1|Froslass, L50, F|\n|poke|p1|Sneasler, L50, M|\n|poke|p2|Sneasler, L50, F|\n|poke|p2|Tyranitar, L50, F|\n|poke|p2|Rotom-Wash, L50|\n|poke|p2|Aerodactyl, L50, F|\n|poke|p2|Garchomp, L50, M|\n|poke|p2|Sinistcha-Masterpiece, L50|\n|teampreview|4\n|inactive|Battle timer is ON: inactive players will automatically lose when time's up. (requested by maskedwolf56)\n|inactive|lets buy packs also wants the timer to be on.\nmaskedwolf56 rejected open team sheets.\n|\n|t:|1776286865\n|teamsize|p1|4\n|teamsize|p2|4\n|start\n|switch|p1a: Espathra|Espathra, L50, M|100/100\n|switch|p1b: Sneasler|Sneasler, L50, M|100/100\n|switch|p2a: Tyranitar|Tyranitar, L50, F|100/100\n|switch|p2b: Rotom|Rotom-Wash, L50|100/100\n|-ability|p2a: Tyranitar|Unnerve\n|turn|1\n|\n|t:|1776286888\n|move|p2a: Tyranitar|Protect|p2a: Tyranitar\n|-singleturn|p2a: Tyranitar|Protect\n|move|p1b: Sneasler|Close Combat|p2a: Tyranitar\n|-activate|p2a: Tyranitar|move: Protect\n|move|p1a: Espathra|Calm Mind|p1a: Espathra\n|-boost|p1a: Espathra|spa|1\n|-boost|p1a: Espathra|spd|1\n|move|p2b: Rotom|Electroweb|p1a: Espathra|[spread] p1a,p1b\n|-damage|p1a: Espathra|79/100\n|-damage|p1b: Sneasler|67/100\n|-unboost|p1a: Espathra|spe|1\n|-unboost|p1b: Sneasler|spe|1\n|-enditem|p1b: Sneasler|White Herb\n|-clearnegativeboost|p1b: Sneasler|[silent]\n|\n|-ability|p1a: Espathra|Speed Boost|boost\n|-boost|p1a: Espathra|spe|1\n|upkeep\n|turn|2\n|inactive|maskedwolf56 has 30 seconds left.\n|\n|t:|1776286919\n|switch|p2a: Garchomp|Garchomp, L50, M|100/100\n|move|p1a: Espathra|Protect|p1a: Espathra\n|-singleturn|p1a: Espathra|Protect\n|move|p1b: Sneasler|Close Combat|p2a: Garchomp\n|-damage|p2a: Garchomp|37/100\n|-unboost|p1b: Sneasler|def|1\n|-unboost|p1b: Sneasler|spd|1\n|move|p2b: Rotom|Discharge|p1b: Sneasler|[spread] p1b\n|-activate|p1a: Espathra|move: Protect\n|-immune|p2a: Garchomp\n|-damage|p1b: Sneasler|0 fnt\n|faint|p1b: Sneasler\n|\n|-ability|p1a: Espathra|Speed Boost|boost\n|-boost|p1a: Espathra|spe|1\n|upkeep\n|\n|t:|1776286934\n|switch|p1b: Froslass|Froslass, L50, F|100/100\n|turn|3\n|\n|t:|1776286945\n|detailschange|p1b: Froslass|Froslass-Mega, L50, F\n|-mega|p1b: Froslass|Froslass|Froslassite\n|-weather|Snowscape|[from] ability: Snow Warning|[of] p1b: Froslass\n|move|p1a: Espathra|Baton Pass|p1a: Espathra\n|\n|t:|1776286949\n|switch|p1a: Glimmora|Glimmora, L50, F, shiny|100/100|[from] Baton Pass\n|move|p1b: Froslass|Blizzard|p2b: Rotom|[spread] p2a,p2b\n|-supereffective|p2a: Garchomp|2\n|-resisted|p2b: Rotom|1\n|-damage|p2a: Garchomp|0 fnt\n|-damage|p2b: Rotom|69/100\n|faint|p2a: Garchomp\n|move|p2b: Rotom|Discharge|p1a: Glimmora|[spread] p1a,p1b\n|-damage|p1a: Glimmora|74/100\n|-damage|p1b: Froslass|66/100\n|-status|p1a: Glimmora|par\n|\n|-weather|Snowscape|[upkeep]\n|upkeep\n|\n|t:|1776286965\n|switch|p2a: Tyranitar|Tyranitar, L50, F|100/100\n|-ability|p2a: Tyranitar|Unnerve\n|turn|4\n|\n|t:|1776286974\n|detailschange|p2a: Tyranitar|Tyranitar-Mega, L50, F\n|-mega|p2a: Tyranitar|Tyranitar|Tyranitarite\n|-weather|Sandstorm|[from] ability: Sand Stream|[of] p2a: Tyranitar\n|move|p1a: Glimmora|Spiky Shield|p1a: Glimmora\n|-singleturn|p1a: Glimmora|move: Protect\n|move|p1b: Froslass|Aurora Veil||[still]\n|-fail|p1b: Froslass\n|move|p2b: Rotom|Electroweb|p1a: Glimmora|[spread] p1b\n|-activate|p1a: Glimmora|move: Protect\n|-damage|p1b: Froslass|39/100\n|-unboost|p1b: Froslass|spe|1\n|move|p2a: Tyranitar|Rock Slide|p1a: Glimmora|[spread] p1b\n|-activate|p1a: Glimmora|move: Protect\n|-supereffective|p1b: Froslass|1\n|-damage|p1b: Froslass|0 fnt\n|faint|p1b: Froslass\n|\n|-weather|Sandstorm|[upkeep]\n|-damage|p2b: Rotom|64/100|[from] Sandstorm\n|upkeep\n|\n|t:|1776286978\n|switch|p1b: Espathra|Espathra, L50, M|79/100\n|turn|5\n|\n|t:|1776286999\n|move|p1b: Espathra|Lumina Crash|p2b: Rotom\n|-damage|p2b: Rotom|17/100\n|-unboost|p2b: Rotom|spd|2\n|move|p2b: Rotom|Electroweb|p1a: Glimmora|[spread] p1a,p1b\n|-damage|p1a: Glimmora|62/100 par\n|-damage|p1b: Espathra|46/100\n|-unboost|p1a: Glimmora|spe|1\n|-unboost|p1b: Espathra|spe|1\n|move|p2a: Tyranitar|High Horsepower|p1a: Glimmora\n|-supereffective|p1a: Glimmora|2\n|-damage|p1a: Glimmora|0 fnt\n|-activate|p1a: Glimmora|ability: Toxic Debris\n|-sidestart|p2: maskedwolf56|move: Toxic Spikes\n|faint|p1a: Glimmora\n|\n|-weather|Sandstorm|[upkeep]\n|-damage|p2b: Rotom|12/100|[from] Sandstorm\n|-damage|p1b: Espathra|40/100|[from] Sandstorm\n|-ability|p1b: Espathra|Speed Boost|boost\n|-boost|p1b: Espathra|spe|1\n|upkeep\n|turn|6\n|-message|lets buy packs forfeited.\n|\n|win|maskedwolf56\n|raw|lets buy packs's rating: 1136 &rarr; <strong>1104</strong><br />(-32 for losing)\n|raw|maskedwolf56's rating: 1040 &rarr; <strong>1083</strong><br />(+43 for winning)\n",
  "uploadtime": 1776287008,
  "views": 20,
  "formatid": "gen9championsvgc2026regma",
  "rating": 1083,
  "private": 0,
  "password": null
}