{
  "id": "gen9championsvgc2026regma-2586647829",
  "format": "[Gen 9 Champions] VGC 2026 Reg M-A",
  "players": [
    "IAMAGUYPROBABLY",
    "Lugugamer14"
  ],
  "log": "|j|\u2606IAMAGUYPROBABLY\n|j|\u2606Lugugamer14\n|t:|1776449260\n|gametype|doubles\n|player|p1|IAMAGUYPROBABLY|265|1228\n|player|p2|Lugugamer14|red|1219\n|gen|9\n|tier|[Gen 9 Champions] VGC 2026 Reg M-A\n|rated|\n|rule|Species Clause: Limit one of each Pok\u00e9mon\n|rule|Item Clause: Limit 1 of each item\n|clearpoke\n|poke|p1|Crabominable, L50, M|\n|poke|p1|Mimikyu, L50, M|\n|poke|p1|Farigiraf, L50, M|\n|poke|p1|Incineroar, L50, F|\n|poke|p1|Torkoal, L50, F|\n|poke|p1|Hatterene, L50, F|\n|poke|p2|Gengar, L50, F|\n|poke|p2|Pelipper, L50, F|\n|poke|p2|Incineroar, L50, M|\n|poke|p2|Maushold-Four, L50|\n|poke|p2|Politoed, L50, F|\n|poke|p2|Archaludon, L50, M|\n|teampreview|4\n|\n|t:|1776449300\n|teamsize|p1|4\n|teamsize|p2|4\n|start\n|switch|p1a: Incineroar|Incineroar, L50, F|100/100\n|switch|p1b: Mimikyu|Mimikyu, L50, M|100/100\n|switch|p2a: Pelipper|Pelipper, L50, F|100/100\n|switch|p2b: Archaludon|Archaludon, L50, M|100/100\n|-weather|RainDance|[from] ability: Drizzle|[of] p2a: Pelipper\n|-ability|p1a: Incineroar|Intimidate|boost\n|-unboost|p2a: Pelipper|atk|1\n|-unboost|p2b: Archaludon|atk|1\n|turn|1\n|c|\u2606IAMAGUYPROBABLY|Glhf\n|inactive|Battle timer is ON: inactive players will automatically lose when time's up. (requested by IAMAGUYPROBABLY)\n|inactive|Lugugamer14 has 60 seconds left.\n|inactive|Lugugamer14 has 30 seconds left.\n|inactive|Lugugamer14 has 20 seconds left.\n|inactive|Lugugamer14 has 15 seconds left.\n|inactive|Lugugamer14 has 10 seconds left.\n|inactive|Lugugamer14 has 5 seconds left.\n|-activate|p2b: Archaludon|item: Quick Claw\n|\n|t:|1776449458\n|move|p2a: Pelipper|Wide Guard|p2a: Pelipper\n|-singleturn|p2a: Pelipper|Wide Guard\n|move|p1a: Incineroar|Fake Out|p2b: Archaludon\n|-resisted|p2b: Archaludon|1\n|-damage|p2b: Archaludon|96/100\n|-ability|p2b: Archaludon|Stamina|boost\n|-boost|p2b: Archaludon|def|1\n|cant|p2b: Archaludon|flinch\n|move|p1b: Mimikyu|Trick Room|p1b: Mimikyu\n|-fieldstart|move: Trick Room|[of] p1b: Mimikyu\n|\n|-weather|RainDance|[upkeep]\n|upkeep\n|turn|2\n|inactive|Lugugamer14 has 30 seconds left.\n|inactive|Lugugamer14 has 20 seconds left.\n|inactive|Lugugamer14 has 15 seconds left.\n|inactive|Lugugamer14 has 10 seconds left.\n|inactive|Lugugamer14 has 5 seconds left.\n|-activate|p2b: Archaludon|item: Quick Claw\n|\n|t:|1776449515\n|move|p1b: Mimikyu|Protect|p1b: Mimikyu\n|-singleturn|p1b: Mimikyu|Protect\n|move|p2a: Pelipper|Wide Guard|p2a: Pelipper\n|-singleturn|p2a: Pelipper|Wide Guard\n|move|p2b: Archaludon|Electro Shot||[still]\n|-prepare|p2b: Archaludon|Electro Shot\n|-boost|p2b: Archaludon|spa|1\n|-anim|p2b: Archaludon|Electro Shot|p1a: Incineroar\n|-damage|p1a: Incineroar|50/100\n|move|p1a: Incineroar|Parting Shot|p2a: Pelipper\n|-unboost|p2a: Pelipper|atk|1\n|-unboost|p2a: Pelipper|spa|1\n|c|\u2606IAMAGUYPROBABLY|Bro istg if you timer stall every turn\n|c|\u2606IAMAGUYPROBABLY|Also you are a bot\n|\n|t:|1776449538\n|switch|p1a: Crabominable|Crabominable, L50, M|100/100|[from] Parting Shot\n|\n|-weather|RainDance|[upkeep]\n|upkeep\n|turn|3\n|inactive|IAMAGUYPROBABLY has 30 seconds left.\n|inactive|Lugugamer14 has 30 seconds left.\n|inactive|Lugugamer14 has 20 seconds left.\n|inactive|Lugugamer14 has 15 seconds left.\n|inactive|Lugugamer14 has 10 seconds left.\n|inactive|Lugugamer14 has 5 seconds left.\n|\n|t:|1776449595\n|switch|p1b: Incineroar|Incineroar, L50, F|50/100\n|-ability|p1b: Incineroar|Intimidate|boost\n|-unboost|p2a: Pelipper|atk|1\n|-unboost|p2b: Archaludon|atk|1\n|detailschange|p1a: Crabominable|Crabominable-Mega, L50, M\n|-mega|p1a: Crabominable|Crabominable|Crabominite\n|move|p2a: Pelipper|Wide Guard|p2a: Pelipper\n|-singleturn|p2a: Pelipper|Wide Guard\n|move|p1a: Crabominable|Drain Punch|p2b: Archaludon\n|-supereffective|p2b: Archaludon|1\n|-damage|p2b: Archaludon|32/100\n|-ability|p2b: Archaludon|Stamina|boost\n|-boost|p2b: Archaludon|def|1\n|move|p2b: Archaludon|Electro Shot||[still]\n|-prepare|p2b: Archaludon|Electro Shot\n|-boost|p2b: Archaludon|spa|1\n|-anim|p2b: Archaludon|Electro Shot|p1b: Incineroar\n|-damage|p1b: Incineroar|0 fnt\n|faint|p1b: Incineroar\n|\n|-weather|RainDance|[upkeep]\n|upkeep\n|\n|t:|1776449617\n|switch|p1b: Mimikyu|Mimikyu, L50, M|100/100\n|turn|4\n|\n|t:|1776449628\n|move|p1a: Crabominable|Drain Punch|p2b: Archaludon\n|-supereffective|p2b: Archaludon|1\n|-damage|p2b: Archaludon|0 fnt\n|faint|p2b: Archaludon\n|move|p1b: Mimikyu|Play Rough|p2a: Pelipper\n|-damage|p2a: Pelipper|65/100\n|move|p2a: Pelipper|Hurricane|p1b: Mimikyu\n|-activate|p1b: Mimikyu|ability: Disguise\n|-damage|p1b: Mimikyu|100/100\n|-start|p1b: Mimikyu|confusion\n|detailschange|p1b: Mimikyu|Mimikyu-Busted, L50, M\n|-damage|p1b: Mimikyu|88/100|[from] pokemon: Mimikyu-Busted\n|\n|-weather|RainDance|[upkeep]\n|upkeep\n|\n|t:|1776449641\n|switch|p2b: Gengar|Gengar, L50, F|100/100\n|turn|5\n|\n|t:|1776449664\n|switch|p1a: Farigiraf|Farigiraf, L50, M|100/100\n|detailschange|p2b: Gengar|Gengar-Mega, L50, F\n|-mega|p2b: Gengar|Gengar|Gengarite\n|-activate|p1b: Mimikyu|confusion\n|-damage|p1b: Mimikyu|80/100|[from] confusion\n|move|p2a: Pelipper|Hurricane|p1a: Farigiraf\n|-damage|p1a: Farigiraf|70/100\n|move|p2b: Gengar|Shadow Ball|p1b: Mimikyu\n|-supereffective|p1b: Mimikyu|1\n|-damage|p1b: Mimikyu|0 fnt\n|faint|p1b: Mimikyu\n|\n|-weather|none\n|-fieldend|move: Trick Room\n|upkeep\n|\n|t:|1776449678\n|switch|p1b: Crabominable|Crabominable-Mega, L50, M|100/100\n|turn|6\n|\n|t:|1776449690\n|move|p1b: Crabominable|Protect|p1b: Crabominable\n|-singleturn|p1b: Crabominable|Protect\n|move|p2b: Gengar|Shadow Ball|p1b: Crabominable\n|-activate|p1b: Crabominable|move: Protect\n|move|p2a: Pelipper|Hurricane|p1b: Crabominable\n|-activate|p1b: Crabominable|move: Protect\n|move|p1a: Farigiraf|Trick Room|p1a: Farigiraf\n|-fieldstart|move: Trick Room|[of] p1a: Farigiraf\n|\n|upkeep\n|turn|7\n|\n|t:|1776449714\n|move|p2b: Gengar|Protect|p2b: Gengar\n|-singleturn|p2b: Gengar|Protect\n|move|p1b: Crabominable|Ice Hammer|p2b: Gengar\n|-activate|p2b: Gengar|move: Protect\n|move|p1a: Farigiraf|Psychic|p2a: Pelipper\n|-damage|p2a: Pelipper|3/100\n|move|p2a: Pelipper|Hurricane|p1b: Crabominable\n|-supereffective|p1b: Crabominable|1\n|-damage|p1b: Crabominable|48/100\n|\n|upkeep\n|turn|8\n|\n|t:|1776449738\n|move|p1b: Crabominable|Ice Hammer|p2b: Gengar\n|-damage|p2b: Gengar|0 fnt\n|-unboost|p1b: Crabominable|spe|1\n|faint|p2b: Gengar\n|move|p1a: Farigiraf|Psychic|p2a: Pelipper\n|-damage|p2a: Pelipper|0 fnt\n|faint|p2a: Pelipper\n|\n|upkeep\n|-message|Lugugamer14 forfeited.\n|\n|win|IAMAGUYPROBABLY\n|raw|IAMAGUYPROBABLY's rating: 1228 &rarr; <strong>1252</strong><br />(+24 for winning)\n|raw|Lugugamer14's rating: 1219 &rarr; <strong>1195</strong><br />(-24 for losing)\n|l|\u2606Lugugamer14\n|player|p2|\n",
  "uploadtime": 1776449779,
  "views": 35,
  "formatid": "gen9championsvgc2026regma",
  "rating": 1195,
  "private": 0,
  "password": null
}