{
  "id": "gen9championsvgc2026regma-2584983206",
  "format": "[Gen 9 Champions] VGC 2026 Reg M-A",
  "players": [
    "the same as here",
    "kooopooolooo"
  ],
  "log": "|j|\u2606the same as here\n|j|\u2606kooopooolooo\n|t:|1776300503\n|gametype|doubles\n|player|p1|the same as here|janitor|1112\n|player|p2|kooopooolooo|170|1172\n|gen|9\n|tier|[Gen 9 Champions] VGC 2026 Reg M-A\n|rated|\n|rule|Species Clause: Limit one of each Pok\u00e9mon\n|rule|Item Clause: Limit 1 of each item\n|clearpoke\n|poke|p1|Floette-Eternal, L50, F|\n|poke|p1|Sinistcha, L50|\n|poke|p1|Incineroar, L50, F|\n|poke|p1|Gyarados, L50, F|\n|poke|p1|Garchomp, L50, F|\n|poke|p1|Talonflame, L50, M|\n|poke|p2|Rotom-Wash, L50|\n|poke|p2|Excadrill, L50, M|\n|poke|p2|Tyranitar, L50, F|\n|poke|p2|Sneasler, L50, F|\n|poke|p2|Sinistcha, L50|\n|poke|p2|Incineroar, L50, M|\n|teampreview|4\n|\n|t:|1776300524\n|teamsize|p1|4\n|teamsize|p2|4\n|start\n|switch|p1a: The difference|Incineroar, L50, F|100/100\n|switch|p1b: Problems|Sinistcha, L50|100/100\n|switch|p2a: Sneasler|Sneasler, L50, F|100/100\n|switch|p2b: Rotom|Rotom-Wash, L50|100/100\n|-ability|p1a: The difference|Intimidate|boost\n|-unboost|p2a: Sneasler|atk|1\n|-unboost|p2b: Rotom|atk|1\n|-enditem|p2a: Sneasler|White Herb\n|-clearnegativeboost|p2a: Sneasler|[silent]\n|turn|1\n|\n|t:|1776300563\n|move|p2a: Sneasler|Fake Out|p1a: The difference\n|-damage|p1a: The difference|89/100\n|cant|p1a: The difference|flinch\n|move|p2b: Rotom|Trick|p1b: Problems\n|-activate|p2b: Rotom|move: Trick|[of] p1b: Problems\n|-item|p1b: Problems|Choice Scarf|[from] move: Trick\n|-item|p2b: Rotom|Sitrus Berry|[from] move: Trick\n|move|p1b: Problems|Stun Spore|p2a: Sneasler\n|-status|p2a: Sneasler|par\n|\n|upkeep\n|turn|2\n|c|\u2606kooopooolooo|world champ diff\n|\n|t:|1776300604\n|switch|p1b: Piano|Garchomp, L50, F|100/100\n|cant|p2a: Sneasler|par\n|move|p2b: Rotom|Hydro Pump|p1a: The difference\n|-supereffective|p1a: The difference|1\n|-damage|p1a: The difference|17/100\n|move|p1a: The difference|Parting Shot|p2a: Sneasler\n|-unboost|p2a: Sneasler|atk|1\n|-unboost|p2a: Sneasler|spa|1\n|\n|t:|1776300620\n|switch|p1a: Mini Flutter Mane|Floette-Eternal, L50, F|100/100|[from] Parting Shot\n|\n|upkeep\n|turn|3\n|\n|t:|1776300656\n|detailschange|p1a: Mini Flutter Mane|Floette-Mega, L50, F\n|-mega|p1a: Mini Flutter Mane|Floette|Floettite\n|-ability|p1a: Mini Flutter Mane|Fairy Aura\n|cant|p2a: Sneasler|par\n|move|p1a: Mini Flutter Mane|Calm Mind|p1a: Mini Flutter Mane\n|-boost|p1a: Mini Flutter Mane|spa|1\n|-boost|p1a: Mini Flutter Mane|spd|1\n|move|p1b: Piano|Stomping Tantrum|p2a: Sneasler\n|-supereffective|p2a: Sneasler|1\n|-damage|p2a: Sneasler|0 fnt\n|faint|p2a: Sneasler\n|move|p2b: Rotom|Electroweb|p1b: Piano|[spread] p1a\n|-immune|p1b: Piano\n|-damage|p1a: Mini Flutter Mane|92/100\n|-unboost|p1a: Mini Flutter Mane|spe|1\n|\n|upkeep\n|\n|t:|1776300670\n|switch|p2a: Tyranitar|Tyranitar, L50, F|100/100\n|-weather|Sandstorm|[from] ability: Sand Stream|[of] p2a: Tyranitar\n|turn|4\n|\n|t:|1776300685\n|switch|p2b: Incineroar|Incineroar, L50, M|100/100\n|-ability|p2b: Incineroar|Intimidate|boost\n|-unboost|p1a: Mini Flutter Mane|atk|1\n|-unboost|p1b: Piano|atk|1\n|move|p2a: Tyranitar|Protect|p2a: Tyranitar\n|-singleturn|p2a: Tyranitar|Protect\n|move|p1b: Piano|Stomping Tantrum|p2a: Tyranitar\n|-activate|p2a: Tyranitar|move: Protect\n|move|p1a: Mini Flutter Mane|Moonblast|p2b: Incineroar\n|-damage|p2b: Incineroar|5/100\n|\n|-weather|Sandstorm|[upkeep]\n|-damage|p1a: Mini Flutter Mane|86/100|[from] Sandstorm\n|-damage|p2b: Incineroar|0 fnt|[from] Sandstorm\n|faint|p2b: Incineroar\n|upkeep\n|\n|t:|1776300693\n|switch|p2b: Rotom|Rotom-Wash, L50|100/100\n|turn|5\n|\n|t:|1776300704\n|switch|p1b: The difference|Incineroar, L50, F|17/100\n|-ability|p1b: The difference|Intimidate|boost\n|-unboost|p2a: Tyranitar|atk|1\n|-unboost|p2b: Rotom|atk|1\n|detailschange|p2a: Tyranitar|Tyranitar-Mega, L50, F\n|-mega|p2a: Tyranitar|Tyranitar|Tyranitarite\n|move|p1a: Mini Flutter Mane|Protect|p1a: Mini Flutter Mane\n|-singleturn|p1a: Mini Flutter Mane|Protect\n|move|p2b: Rotom|Hydro Pump|p1a: Mini Flutter Mane\n|-activate|p1a: Mini Flutter Mane|move: Protect\n|move|p2a: Tyranitar|Rock Slide|p1b: The difference|[spread] p1b\n|-activate|p1a: Mini Flutter Mane|move: Protect\n|-supereffective|p1b: The difference|1\n|-damage|p1b: The difference|0 fnt\n|faint|p1b: The difference\n|\n|-weather|Sandstorm|[upkeep]\n|-damage|p2b: Rotom|95/100|[from] Sandstorm\n|-damage|p1a: Mini Flutter Mane|80/100|[from] Sandstorm\n|upkeep\n|-message|kooopooolooo forfeited.\n|\n|win|the same as here\n|raw|the same as here's rating: 1112 &rarr; <strong>1141</strong><br />(+29 for winning)\n|raw|kooopooolooo's rating: 1172 &rarr; <strong>1143</strong><br />(-29 for losing)\n|l|\u2606kooopooolooo\n|player|p2|\n",
  "uploadtime": 1776300720,
  "views": 17,
  "formatid": "gen9championsvgc2026regma",
  "rating": 1141,
  "private": 0,
  "password": null
}