{
  "id": "gen9championsvgc2026regma-2580574403",
  "format": "[Gen 9 Champions] VGC 2026 Reg M-A",
  "players": [
    "OGBillCosby",
    "sjysjy"
  ],
  "log": "|j|\u2606OGBillCosby\n|j|\u2606sjysjy\n|t:|1775914388\n|gametype|doubles\n|player|p1|OGBillCosby|102|1125\n|player|p2|sjysjy|101|1224\n|gen|9\n|tier|[Gen 9 Champions] VGC 2026 Reg M-A\n|rated|\n|rule|Species Clause: Limit one of each Pok\u00e9mon\n|rule|Item Clause: Limit 1 of each item\n|clearpoke\n|poke|p1|Froslass, L50, F|\n|poke|p1|Incineroar, L50, M|\n|poke|p1|Orthworm, L50, F|\n|poke|p1|Basculegion, L50, M|\n|poke|p1|Garchomp, L50, F|\n|poke|p1|Chesnaught, L50, F|\n|poke|p2|Gengar, L50, M|\n|poke|p2|Garchomp, L50, F|\n|poke|p2|Whimsicott, L50, F|\n|poke|p2|Typhlosion-Hisui, L50, M|\n|poke|p2|Kingambit, L50, F|\n|poke|p2|Rotom-Wash, L50|\n|teampreview|4\n|inactive|Battle timer is ON: inactive players will automatically lose when time's up. (requested by sjysjy)\n|\n|t:|1775914442\n|teamsize|p1|4\n|teamsize|p2|4\n|start\n|switch|p1a: Orthworm|Orthworm, L50, F|100/100\n|switch|p1b: Garchomp|Garchomp, L50, F|100/100\n|switch|p2a: Whimsicott|Whimsicott, L50, F|100/100\n|switch|p2b: Typhlosion|Typhlosion-Hisui, L50, M|100/100\n|turn|1\n|\n|t:|1775914464\n|switch|p2b: Rotom|Rotom-Wash, L50|100/100\n|move|p2a: Whimsicott|Moonblast|p1b: Garchomp\n|-supereffective|p1b: Garchomp|1\n|-damage|p1b: Garchomp|23/100\n|move|p1b: Garchomp|Earthquake|p2b: Rotom|[spread] p2a\n|-immune|p1a: Orthworm|[from] ability: Earth Eater\n|-immune|p2b: Rotom|[from] ability: Levitate\n|-resisted|p2a: Whimsicott|1\n|-damage|p2a: Whimsicott|72/100\n|move|p1a: Orthworm|Shed Tail|p1a: Orthworm\n|-start|p1a: Orthworm|Substitute|[from] move: Shed Tail\n|-damage|p1a: Orthworm|50/100\n|-enditem|p1a: Orthworm|Sitrus Berry|[eat]\n|-heal|p1a: Orthworm|75/100|[from] item: Sitrus Berry\n|\n|t:|1775914478\n|switch|p1a: Froslass|Froslass, L50, F|100/100|[from] Shed Tail\n|\n|upkeep\n|turn|2\n|\n|t:|1775914498\n|detailschange|p1a: Froslass|Froslass-Mega, L50, F\n|-mega|p1a: Froslass|Froslass|Froslassite\n|-weather|Snowscape|[from] ability: Snow Warning|[of] p1a: Froslass\n|move|p2a: Whimsicott|Sunny Day|p2a: Whimsicott\n|-weather|SunnyDay\n|move|p1a: Froslass|Nasty Plot|p1a: Froslass\n|-boost|p1a: Froslass|spa|2\n|move|p1b: Garchomp|Iron Head|p2a: Whimsicott\n|-supereffective|p2a: Whimsicott|1\n|-damage|p2a: Whimsicott|0 fnt\n|faint|p2a: Whimsicott\n|move|p2b: Rotom|Volt Switch|p1a: Froslass\n|-end|p1a: Froslass|Substitute\n|\n|t:|1775914511\n|switch|p2b: Typhlosion|Typhlosion-Hisui, L50, M|100/100|[from] Volt Switch\n|\n|-weather|SunnyDay|[upkeep]\n|upkeep\n|\n|t:|1775914515\n|switch|p2a: Gengar|Gengar, L50, M|100/100\n|turn|3\n|\n|t:|1775914526\n|switch|p1a: Basculegion|Basculegion, L50, M|100/100\n|detailschange|p2a: Gengar|Gengar-Mega, L50, M\n|-mega|p2a: Gengar|Gengar|Gengarite\n|move|p2b: Typhlosion|Eruption|p1a: Basculegion|[spread] p1a,p1b\n|-resisted|p1a: Basculegion|1\n|-resisted|p1b: Garchomp|1\n|-damage|p1a: Basculegion|55/100\n|-damage|p1b: Garchomp|0 fnt\n|faint|p1b: Garchomp\n|move|p2a: Gengar|Icy Wind|p1a: Basculegion\n|-resisted|p1a: Basculegion|1\n|-damage|p1a: Basculegion|42/100\n|-unboost|p1a: Basculegion|spe|1\n|\n|-weather|SunnyDay|[upkeep]\n|upkeep\n|l|\u2606sjysjy\n|inactive|sjysjy disconnected and has a minute to reconnect!\n|player|p2|\n|\n|t:|1775914542\n|switch|p1b: Froslass|Froslass-Mega, L50, F|100/100\n|-weather|Snowscape|[from] ability: Snow Warning|[of] p1b: Froslass\n|turn|4\n|inactive|sjysjy has 30 seconds left.\n|j|\u2606sjysjy\n|inactive|sjysjy reconnected and has 30 seconds left.\n|player|p2|sjysjy|101|\n|\n|t:|1775914576\n|move|p1b: Froslass|Protect|p1b: Froslass\n|-singleturn|p1b: Froslass|Protect\n|move|p2b: Typhlosion|Eruption|p1a: Basculegion|[spread] p1a\n|-activate|p1b: Froslass|move: Protect\n|-resisted|p1a: Basculegion|1\n|-damage|p1a: Basculegion|13/100\n|move|p2a: Gengar|Shadow Ball|p1a: Basculegion\n|-supereffective|p1a: Basculegion|1\n|-damage|p1a: Basculegion|0 fnt\n|faint|p1a: Basculegion\n|\n|-weather|Snowscape|[upkeep]\n|upkeep\n|\n|t:|1775914587\n|switch|p1a: Orthworm|Orthworm, L50, F|75/100\n|turn|5\n|\n|t:|1775914597\n|move|p2b: Typhlosion|Eruption|p1a: Orthworm|[spread] p1a,p1b\n|-supereffective|p1a: Orthworm|1\n|-supereffective|p1b: Froslass|1\n|-damage|p1a: Orthworm|0 fnt\n|-damage|p1b: Froslass|0 fnt\n|faint|p1a: Orthworm\n|faint|p1b: Froslass\n|\n|win|sjysjy\n|raw|OGBillCosby's rating: 1125 &rarr; <strong>1107</strong><br />(-18 for losing)\n|raw|sjysjy's rating: 1224 &rarr; <strong>1242</strong><br />(+18 for winning)\n|l|\u2606OGBillCosby\n|player|p1|\n",
  "uploadtime": 1775914610,
  "views": 19,
  "formatid": "gen9championsvgc2026regma",
  "rating": 1107,
  "private": 0,
  "password": null
}