{
  "id": "gen9championsvgc2026regma-2589517872",
  "format": "[Gen 9 Champions] VGC 2026 Reg M-A",
  "players": [
    "CoffeeMoffee",
    "NotAShortKid232323"
  ],
  "log": "|j|\u2606CoffeeMoffee\n|j|\u2606NotAShortKid232323\n|t:|1776730229\n|gametype|doubles\n|player|p1|CoffeeMoffee|scientist|1445\n|player|p2|NotAShortKid232323|266|1357\n|gen|9\n|tier|[Gen 9 Champions] VGC 2026 Reg M-A\n|rated|\n|rule|Species Clause: Limit one of each Pok\u00e9mon\n|rule|Item Clause: Limit 1 of each item\n|clearpoke\n|poke|p1|Charizard, L50, F|\n|poke|p1|Aerodactyl, L50, F, shiny|\n|poke|p1|Basculegion, L50, M, shiny|\n|poke|p1|Sneasler, L50, M, shiny|\n|poke|p1|Kingambit, L50, M, shiny|\n|poke|p1|Sylveon, L50, F, shiny|\n|poke|p2|Delphox, L50, M|\n|poke|p2|Whimsicott, L50, M|\n|poke|p2|Rotom-Wash, L50|\n|poke|p2|Garchomp, L50, F|\n|poke|p2|Incineroar, L50, M|\n|poke|p2|Farigiraf, L50, F|\n|teampreview|4\n|inactive|Battle timer is ON: inactive players will automatically lose when time's up. (requested by NotAShortKid232323)\n|inactive|CoffeeMoffee also wants the timer to be on.\n|\n|t:|1776730253\n|teamsize|p1|4\n|teamsize|p2|4\n|start\n|switch|p1a: Basculegion|Basculegion, L50, M, shiny|100/100\n|switch|p1b: Aerodactyl|Aerodactyl, L50, F, shiny|100/100\n|switch|p2a: Whimsicott|Whimsicott, L50, M|100/100\n|switch|p2b: Garchomp|Garchomp, L50, F|100/100\n|-ability|p1b: Aerodactyl|Unnerve\n|turn|1\n|\n|t:|1776730270\n|move|p2a: Whimsicott|Tailwind|p2a: Whimsicott\n|-sidestart|p2: NotAShortKid232323|move: Tailwind\n|move|p2b: Garchomp|Iron Head|p1b: Aerodactyl\n|-supereffective|p1b: Aerodactyl|1\n|-damage|p1b: Aerodactyl|1/100\n|move|p1a: Basculegion|Flip Turn|p2a: Whimsicott\n|-resisted|p2a: Whimsicott|1\n|-damage|p2a: Whimsicott|70/100\n|\n|t:|1776730287\n|switch|p1a: Charizard|Charizard, L50, F|100/100|[from] Flip Turn\n|cant|p1b: Aerodactyl|flinch\n|\n|upkeep\n|turn|2\n|\n|t:|1776730305\n|switch|p2a: Delphox|Delphox, L50, M|100/100\n|switch|p1a: Kingambit|Kingambit, L50, M, shiny|100/100\n|move|p1b: Aerodactyl|Protect|p1b: Aerodactyl\n|-singleturn|p1b: Aerodactyl|Protect\n|move|p2b: Garchomp|Iron Head|p1b: Aerodactyl\n|-activate|p1b: Aerodactyl|move: Protect\n|\n|upkeep\n|turn|3\n|inactive|CoffeeMoffee has 30 seconds left.\n|inactive|CoffeeMoffee has 20 seconds left.\n|\n|t:|1776730342\n|switch|p2b: Farigiraf|Farigiraf, L50, F|100/100\n|detailschange|p2a: Delphox|Delphox-Mega, L50, M\n|-mega|p2a: Delphox|Delphox|Delphoxite\n|move|p2a: Delphox|Protect|p2a: Delphox\n|-singleturn|p2a: Delphox|Protect\n|move|p1a: Kingambit|Sucker Punch||[still]\n|cant|p2b: Farigiraf|ability: Armor Tail|Sucker Punch|[of] p1a: Kingambit\n|move|p1b: Aerodactyl|Rock Slide|p2b: Farigiraf|[spread] p2b\n|-activate|p2a: Delphox|move: Protect\n|-damage|p2b: Farigiraf|73/100\n|\n|upkeep\n|turn|4\n|inactive|CoffeeMoffee has 30 seconds left.\n|\n|t:|1776730371\n|move|p2b: Farigiraf|Helping Hand|p2a: Delphox\n|-singleturn|p2a: Delphox|Helping Hand|[of] p2b: Farigiraf\n|move|p1b: Aerodactyl|Protect|p1b: Aerodactyl\n|-singleturn|p1b: Aerodactyl|Protect\n|move|p1a: Kingambit|Protect|p1a: Kingambit\n|-singleturn|p1a: Kingambit|Protect\n|move|p2a: Delphox|Heat Wave|p1a: Kingambit|[spread] \n|-activate|p1a: Kingambit|move: Protect\n|-activate|p1b: Aerodactyl|move: Protect\n|\n|-sideend|p2: NotAShortKid232323|move: Tailwind\n|upkeep\n|turn|5\n|inactive|CoffeeMoffee has 30 seconds left.\n|inactive|CoffeeMoffee has 20 seconds left.\n|inactive|CoffeeMoffee has 15 seconds left.\n|inactive|CoffeeMoffee has 10 seconds left.\n|\n|t:|1776730418\n|switch|p1b: Charizard|Charizard, L50, F|100/100\n|switch|p1a: Basculegion|Basculegion, L50, M, shiny|100/100\n|move|p2b: Farigiraf|Helping Hand|p2a: Delphox\n|-singleturn|p2a: Delphox|Helping Hand|[of] p2b: Farigiraf\n|move|p2a: Delphox|Heat Wave|p1b: Charizard|[spread] p1a,p1b\n|-resisted|p1a: Basculegion|1\n|-resisted|p1b: Charizard|1\n|-damage|p1a: Basculegion|65/100\n|-damage|p1b: Charizard|56/100\n|\n|upkeep\n|turn|6\n|inactive|CoffeeMoffee has 30 seconds left.\n|inactive|NotAShortKid232323 has 30 seconds left.\n|inactive|CoffeeMoffee has 20 seconds left.\n|inactive|NotAShortKid232323 has 20 seconds left.\n|inactive|NotAShortKid232323 has 15 seconds left.\n|inactive|NotAShortKid232323 has 10 seconds left.\n|\n|t:|1776730464\n|switch|p2b: Garchomp|Garchomp, L50, F|100/100\n|detailschange|p1b: Charizard|Charizard-Mega-Y, L50, F\n|-mega|p1b: Charizard|Charizard|Charizardite Y\n|-weather|SunnyDay|[from] ability: Drought|[of] p1b: Charizard\n|move|p1a: Basculegion|Wave Crash|p2a: Delphox\n|-supereffective|p2a: Delphox|1\n|-crit|p2a: Delphox\n|-damage|p2a: Delphox|0 fnt\n|faint|p2a: Delphox\n|-damage|p1a: Basculegion|40/100|[from] Recoil\n|move|p1b: Charizard|Weather Ball|p2b: Garchomp\n|-resisted|p2b: Garchomp|1\n|-damage|p2b: Garchomp|51/100\n|\n|-weather|SunnyDay|[upkeep]\n|upkeep\n|\n|t:|1776730475\n|switch|p2a: Whimsicott|Whimsicott, L50, M|70/100\n|turn|7\n|inactive|CoffeeMoffee has 30 seconds left.\n|\n|t:|1776730504\n|move|p1b: Charizard|Protect|p1b: Charizard\n|-singleturn|p1b: Charizard|Protect\n|move|p2a: Whimsicott|Tailwind|p2a: Whimsicott\n|-sidestart|p2: NotAShortKid232323|move: Tailwind\n|move|p2b: Garchomp|Rock Slide|p1b: Charizard|[spread] p1a\n|-activate|p1b: Charizard|move: Protect\n|-damage|p1a: Basculegion|13/100\n|move|p1a: Basculegion|Wave Crash|p2b: Garchomp\n|-damage|p2b: Garchomp|15/100\n|-damage|p1a: Basculegion|0 fnt|[from] ability: Rough Skin|[of] p2b: Garchomp\n|faint|p1a: Basculegion\n|\n|-weather|SunnyDay|[upkeep]\n|upkeep\n|\n|t:|1776730518\n|switch|p1a: Kingambit|Kingambit, L50, M, shiny|100/100\n|turn|8\n|inactive|CoffeeMoffee has 30 seconds left.\n|\n|t:|1776730547\n|switch|p2a: Farigiraf|Farigiraf, L50, F|73/100\n|switch|p1b: Aerodactyl|Aerodactyl, L50, F, shiny|1/100\n|-ability|p1b: Aerodactyl|Unnerve\n|move|p2b: Garchomp|Rock Slide|p1b: Aerodactyl|[spread] p1a,p1b\n|-resisted|p1a: Kingambit|1\n|-supereffective|p1b: Aerodactyl|1\n|-damage|p1a: Kingambit|92/100\n|-damage|p1b: Aerodactyl|0 fnt\n|faint|p1b: Aerodactyl\n|move|p1a: Kingambit|Kowtow Cleave|p2b: Garchomp\n|-damage|p2b: Garchomp|0 fnt\n|-damage|p1a: Kingambit|80/100|[from] ability: Rough Skin|[of] p2b: Garchomp\n|faint|p2b: Garchomp\n|\n|-weather|SunnyDay|[upkeep]\n|upkeep\n|\n|t:|1776730560\n|switch|p1b: Charizard|Charizard-Mega-Y, L50, F|56/100\n|switch|p2b: Whimsicott|Whimsicott, L50, M|70/100\n|turn|9\n|\n|t:|1776730577\n|move|p2b: Whimsicott|Fake Tears|p1b: Charizard\n|-unboost|p1b: Charizard|spd|2\n|move|p1b: Charizard|Heat Wave|p2a: Farigiraf|[spread] p2b\n|-miss|p1b: Charizard|p2a: Farigiraf\n|-supereffective|p2b: Whimsicott|1\n|-damage|p2b: Whimsicott|0 fnt\n|faint|p2b: Whimsicott\n|move|p2a: Farigiraf|Hyper Voice|p1b: Charizard|[spread] p1a,p1b\n|-resisted|p1a: Kingambit|1\n|-damage|p1a: Kingambit|69/100\n|-damage|p1b: Charizard|5/100\n|move|p1a: Kingambit|Kowtow Cleave|p2a: Farigiraf\n|-supereffective|p2a: Farigiraf|1\n|-damage|p2a: Farigiraf|0 fnt\n|faint|p2a: Farigiraf\n|\n|win|CoffeeMoffee\n|raw|CoffeeMoffee's rating: 1445 &rarr; <strong>1460</strong><br />(+15 for winning)\n|raw|NotAShortKid232323's rating: 1357 &rarr; <strong>1342</strong><br />(-15 for losing)\n|l|\u2606NotAShortKid232323\n|player|p2|\n|c|\u2606CoffeeMoffee|gg\n",
  "uploadtime": 1776730598,
  "views": 10,
  "formatid": "gen9championsvgc2026regma",
  "rating": 1342,
  "private": 0,
  "password": null
}