{
  "id": "gen9championsvgc2026regma-2586948476",
  "format": "[Gen 9 Champions] VGC 2026 Reg M-A",
  "players": [
    "ZBlackan",
    "Tankd6"
  ],
  "log": "|j|\u2606ZBlackan\n|j|\u2606Tankd6\n|t:|1776474650\n|gametype|doubles\n|player|p1|ZBlackan|169|1000\n|player|p2|Tankd6|169|1000\n|gen|9\n|tier|[Gen 9 Champions] VGC 2026 Reg M-A\n|rated|\n|rule|Species Clause: Limit one of each Pok\u00e9mon\n|rule|Item Clause: Limit 1 of each item\n|clearpoke\n|poke|p1|Raichu, L50, M|\n|poke|p1|Archaludon, L50, M|\n|poke|p1|Pelipper, L50, M|\n|poke|p1|Sneasler, L50, M|\n|poke|p1|Blastoise, L50, F|\n|poke|p1|Garchomp, L50, M|\n|poke|p2|Gyarados, L50, F|\n|poke|p2|Pelipper, L50, M|\n|poke|p2|Garchomp, L50, F|\n|poke|p2|Corviknight, L50, F|\n|poke|p2|Oranguru, L50, F|\n|poke|p2|Incineroar, L50, M|\n|teampreview|4\n|inactive|Battle timer is ON: inactive players will automatically lose when time's up. (requested by ZBlackan)\n|\n|t:|1776474705\n|teamsize|p1|4\n|teamsize|p2|4\n|start\n|switch|p1a: Pelipper|Pelipper, L50, M|100/100\n|switch|p1b: Sneasler|Sneasler, L50, M|100/100\n|switch|p2a: Gyarados|Gyarados, L50, F|100/100\n|switch|p2b: Garchomp|Garchomp, L50, F|100/100\n|-ability|p2a: Gyarados|Intimidate|boost\n|-unboost|p1a: Pelipper|atk|1\n|-unboost|p1b: Sneasler|atk|1\n|-weather|RainDance|[from] ability: Drizzle|[of] p1a: Pelipper\n|turn|1\n|inactive|ZBlackan has 30 seconds left.\n|inactive|Tankd6 has 30 seconds left.\n|inactive|Tankd6 has 20 seconds left.\n|inactive|Tankd6 has 15 seconds left.\n|-activate|p1b: Sneasler|item: Quick Claw\n|\n|t:|1776474749\n|move|p2a: Gyarados|Protect|p2a: Gyarados\n|-singleturn|p2a: Gyarados|Protect\n|move|p1b: Sneasler|Dire Claw|p2b: Garchomp\n|-resisted|p2b: Garchomp|1\n|-damage|p2b: Garchomp|88/100\n|-status|p2b: Garchomp|psn\n|-damage|p1b: Sneasler|88/100|[from] ability: Rough Skin|[of] p2b: Garchomp\n|move|p2b: Garchomp|Earthquake|p1a: Pelipper|[spread] p1b\n|-activate|p2a: Gyarados|move: Protect\n|-immune|p1a: Pelipper\n|-supereffective|p1b: Sneasler|1\n|-damage|p1b: Sneasler|0 fnt\n|faint|p1b: Sneasler\n|move|p1a: Pelipper|Tailwind|p1a: Pelipper\n|-sidestart|p1: ZBlackan|move: Tailwind\n|\n|-weather|RainDance|[upkeep]\n|-damage|p2b: Garchomp|76/100 psn|[from] psn\n|upkeep\n|\n|t:|1776474770\n|switch|p1b: Archaludon|Archaludon, L50, M|100/100\n|turn|2\n|inactive|Tankd6 has 30 seconds left.\n|inactive|Tankd6 has 20 seconds left.\n|\n|t:|1776474806\n|move|p1a: Pelipper|Wide Guard|p1a: Pelipper\n|-singleturn|p1a: Pelipper|Wide Guard\n|move|p1b: Archaludon|Electro Shot||[still]\n|-prepare|p1b: Archaludon|Electro Shot\n|-boost|p1b: Archaludon|spa|1\n|-anim|p1b: Archaludon|Electro Shot|p2a: Gyarados\n|-supereffective|p2a: Gyarados|2\n|-damage|p2a: Gyarados|0 fnt\n|faint|p2a: Gyarados\n|move|p2b: Garchomp|Earthquake|p1b: Archaludon|[spread] \n|-activate|p1a: Pelipper|move: Wide Guard\n|-activate|p1b: Archaludon|move: Wide Guard\n|\n|-weather|RainDance|[upkeep]\n|-damage|p2b: Garchomp|64/100 psn|[from] psn\n|upkeep\n|\n|t:|1776474823\n|switch|p2a: Oranguru|Oranguru, L50, F|100/100\n|turn|3\n|inactive|ZBlackan has 30 seconds left.\n|inactive|ZBlackan has 20 seconds left.\n|inactive|ZBlackan has 15 seconds left.\n|inactive|ZBlackan has 10 seconds left.\n|inactive|ZBlackan has 5 seconds left.\n|\n|t:|1776474878\n|switch|p2b: Incineroar|Incineroar, L50, M|100/100\n|-ability|p2b: Incineroar|Intimidate|boost\n|-unboost|p1a: Pelipper|atk|1\n|-unboost|p1b: Archaludon|atk|1\n|move|p1b: Archaludon|Electro Shot||[still]\n|-prepare|p1b: Archaludon|Electro Shot\n|-boost|p1b: Archaludon|spa|1\n|-anim|p1b: Archaludon|Electro Shot|p2b: Incineroar\n|-damage|p2b: Incineroar|13/100\n|move|p1a: Pelipper|Hurricane|p2b: Incineroar\n|-damage|p2b: Incineroar|0 fnt\n|faint|p2b: Incineroar\n|move|p2a: Oranguru|Thunder|p1b: Archaludon\n|-resisted|p1b: Archaludon|1\n|-damage|p1b: Archaludon|81/100\n|-status|p1b: Archaludon|par\n|-ability|p1b: Archaludon|Stamina|boost\n|-boost|p1b: Archaludon|def|1\n|\n|-weather|RainDance|[upkeep]\n|upkeep\n|\n|t:|1776474899\n|switch|p2b: Garchomp|Garchomp, L50, F|64/100 psn\n|turn|4\n|\n|t:|1776474916\n|move|p2b: Garchomp|Dragon Claw|p1b: Archaludon\n|-damage|p1b: Archaludon|56/100 par\n|-ability|p1b: Archaludon|Stamina|boost\n|-boost|p1b: Archaludon|def|1\n|move|p1a: Pelipper|Hurricane|p2b: Garchomp\n|-damage|p2b: Garchomp|26/100 psn\n|move|p1b: Archaludon|Electro Shot||[still]\n|-prepare|p1b: Archaludon|Electro Shot\n|-boost|p1b: Archaludon|spa|1\n|-anim|p1b: Archaludon|Electro Shot|p2b: Garchomp\n|-immune|p2b: Garchomp\n|move|p2a: Oranguru|Thunder|p1a: Pelipper\n|-supereffective|p1a: Pelipper|2\n|-damage|p1a: Pelipper|0 fnt\n|faint|p1a: Pelipper\n|\n|-weather|RainDance|[upkeep]\n|-damage|p2b: Garchomp|14/100 psn|[from] psn\n|-sideend|p1: ZBlackan|move: Tailwind\n|upkeep\n|\n|t:|1776474937\n|switch|p1a: Blastoise|Blastoise, L50, F|100/100\n|turn|5\n|\n|t:|1776474944\n|detailschange|p1a: Blastoise|Blastoise-Mega, L50, F\n|-mega|p1a: Blastoise|Blastoise|Blastoisinite\n|move|p1a: Blastoise|Protect|p1a: Blastoise\n|-singleturn|p1a: Blastoise|Protect\n|move|p2b: Garchomp|Dragon Claw|p1b: Archaludon\n|-damage|p1b: Archaludon|38/100 par\n|-ability|p1b: Archaludon|Stamina|boost\n|-boost|p1b: Archaludon|def|1\n|move|p1b: Archaludon|Electro Shot||[still]\n|-prepare|p1b: Archaludon|Electro Shot\n|-boost|p1b: Archaludon|spa|1\n|-anim|p1b: Archaludon|Electro Shot|p2a: Oranguru\n|-damage|p2a: Oranguru|0 fnt\n|faint|p2a: Oranguru\n|\n|-weather|none\n|-damage|p2b: Garchomp|1/100 psn|[from] psn\n|upkeep\n|turn|6\n|\n|t:|1776474966\n|move|p1a: Blastoise|Aqua Jet|p2b: Garchomp\n|-crit|p2b: Garchomp\n|-damage|p2b: Garchomp|0 fnt\n|-damage|p1a: Blastoise|88/100|[from] ability: Rough Skin|[of] p2b: Garchomp\n|faint|p2b: Garchomp\n|\n|win|ZBlackan\n|raw|ZBlackan's rating: 1000 &rarr; <strong>1040</strong><br />(+40 for winning)\n|raw|Tankd6's rating: 1000 &rarr; <strong>1000</strong><br />(+0 for losing)\n|l|\u2606Tankd6\n|player|p2|\n",
  "uploadtime": 1776474978,
  "views": 30,
  "formatid": "gen9championsvgc2026regma",
  "rating": 1000,
  "private": 0,
  "password": null
}