{
  "id": "gen9championsvgc2026regma-2585764501",
  "format": "[Gen 9 Champions] VGC 2026 Reg M-A",
  "players": [
    "Vinceey7",
    "Ruggio VGC"
  ],
  "log": "|j|\u2606Vinceey7\n|j|\u2606Ruggio VGC\n|t:|1776368986\n|gametype|doubles\n|player|p1|Vinceey7|169|1171\n|player|p2|Ruggio VGC|cynthia|1244\n|gen|9\n|tier|[Gen 9 Champions] VGC 2026 Reg M-A\n|rated|\n|rule|Species Clause: Limit one of each Pok\u00e9mon\n|rule|Item Clause: Limit 1 of each item\n|clearpoke\n|poke|p1|Garchomp, L50, M|\n|poke|p1|Incineroar, L50, M|\n|poke|p1|Sneasler, L50, F|\n|poke|p1|Whimsicott, L50, F|\n|poke|p1|Rotom-Wash, L50|\n|poke|p1|Froslass, L50, F|\n|poke|p2|Gengar, L50, M|\n|poke|p2|Clefable, L50, M|\n|poke|p2|Kommo-o, L50, F|\n|poke|p2|Kingambit, L50, M|\n|poke|p2|Aerodactyl, L50, M|\n|poke|p2|Incineroar, L50, M|\n|teampreview|4\n|inactive|Battle timer is ON: inactive players will automatically lose when time's up. (requested by Ruggio VGC)\n|inactive|Vinceey7 has 60 seconds left.\n|inactive|Ruggio VGC has 60 seconds left.\n|inactive|Ruggio VGC has 30 seconds left.\n|\n|t:|1776369048\n|teamsize|p1|4\n|teamsize|p2|4\n|start\n|switch|p1a: Whimsicott|Whimsicott, L50, F|100/100\n|switch|p1b: Rotom|Rotom-Wash, L50|100/100\n|switch|p2a: Kingambit|Kingambit, L50, M|100/100\n|switch|p2b: Kommo-o|Kommo-o, L50, F|100/100\n|turn|1\n|inactive|Vinceey7 has 30 seconds left.\n|inactive|Ruggio VGC has 30 seconds left.\n|inactive|Ruggio VGC has 20 seconds left.\n|\n|t:|1776369085\n|switch|p2b: Clefable|Clefable, L50, M|100/100\n|move|p1a: Whimsicott|Tailwind|p1a: Whimsicott\n|-sidestart|p1: Vinceey7|move: Tailwind\n|move|p1b: Rotom|Will-O-Wisp|p2a: Kingambit|[miss]\n|-miss|p1b: Rotom|p2a: Kingambit\n|move|p2a: Kingambit|Iron Head|p1a: Whimsicott\n|-supereffective|p1a: Whimsicott|1\n|-enditem|p1a: Whimsicott|Focus Sash\n|-damage|p1a: Whimsicott|1/100\n|\n|upkeep\n|turn|2\n|\n|t:|1776369105\n|move|p1a: Whimsicott|Protect|p1a: Whimsicott\n|-singleturn|p1a: Whimsicott|Protect\n|move|p2b: Clefable|Follow Me|p2b: Clefable\n|-singleturn|p2b: Clefable|move: Follow Me\n|move|p1b: Rotom|Will-O-Wisp|p2b: Clefable|[miss]\n|-miss|p1b: Rotom|p2b: Clefable\n|move|p2a: Kingambit|Kowtow Cleave|p1b: Rotom\n|-damage|p1b: Rotom|45/100\n|\n|-heal|p1b: Rotom|51/100|[from] item: Leftovers\n|upkeep\n|turn|3\n|\n|t:|1776369125\n|move|p2b: Clefable|Follow Me|p2b: Clefable\n|-singleturn|p2b: Clefable|move: Follow Me\n|move|p1a: Whimsicott|Moonblast|p2b: Clefable\n|-damage|p2b: Clefable|73/100\n|move|p1b: Rotom|Thunderbolt|p2b: Clefable\n|-damage|p2b: Clefable|42/100\n|move|p2a: Kingambit|Kowtow Cleave|p1a: Whimsicott\n|-resisted|p1a: Whimsicott|1\n|-damage|p1a: Whimsicott|0 fnt\n|faint|p1a: Whimsicott\n|\n|-heal|p1b: Rotom|56/100|[from] item: Leftovers\n|-heal|p2b: Clefable|48/100|[from] item: Leftovers\n|upkeep\n|\n|t:|1776369141\n|switch|p1a: Garchomp|Garchomp, L50, M|100/100\n|turn|4\n|\n|t:|1776369163\n|move|p1b: Rotom|Protect|p1b: Rotom\n|-singleturn|p1b: Rotom|Protect\n|move|p2b: Clefable|Protect|p2b: Clefable\n|-singleturn|p2b: Clefable|Protect\n|move|p2a: Kingambit|Sucker Punch|p1a: Garchomp\n|-damage|p1a: Garchomp|57/100\n|move|p1a: Garchomp|Earthquake|p2b: Clefable|[spread] p2a\n|-activate|p1b: Rotom|move: Protect\n|-activate|p2b: Clefable|move: Protect\n|-supereffective|p2a: Kingambit|1\n|-damage|p2a: Kingambit|19/100\n|\n|-heal|p1b: Rotom|62/100|[from] item: Leftovers\n|-heal|p2b: Clefable|54/100|[from] item: Leftovers\n|-sideend|p1: Vinceey7|move: Tailwind\n|upkeep\n|turn|5\n|\n|t:|1776369187\n|move|p2b: Clefable|Helping Hand|p2a: Kingambit\n|-singleturn|p2a: Kingambit|Helping Hand|[of] p2b: Clefable\n|move|p2a: Kingambit|Sucker Punch|p1a: Garchomp\n|-damage|p1a: Garchomp|0 fnt\n|faint|p1a: Garchomp\n|move|p1b: Rotom|Thunderbolt|p2b: Clefable\n|-damage|p2b: Clefable|24/100\n|\n|-heal|p1b: Rotom|68/100|[from] item: Leftovers\n|-heal|p2b: Clefable|30/100|[from] item: Leftovers\n|upkeep\n|\n|t:|1776369197\n|switch|p1a: Sneasler|Sneasler, L50, F|100/100\n|turn|6\n|\n|t:|1776369208\n|move|p1a: Sneasler|Fake Out|p2a: Kingambit\n|-resisted|p2a: Kingambit|1\n|-damage|p2a: Kingambit|15/100\n|move|p2b: Clefable|Follow Me|p2b: Clefable\n|-singleturn|p2b: Clefable|move: Follow Me\n|cant|p2a: Kingambit|flinch\n|move|p1b: Rotom|Thunderbolt|p2b: Clefable\n|-damage|p2b: Clefable|0 fnt\n|faint|p2b: Clefable\n|\n|-heal|p1b: Rotom|73/100|[from] item: Leftovers\n|upkeep\n|\n|t:|1776369219\n|switch|p2b: Gengar|Gengar, L50, M|100/100\n|turn|7\n|\n|t:|1776369243\n|detailschange|p2b: Gengar|Gengar-Mega, L50, M\n|-mega|p2b: Gengar|Gengar|Gengarite\n|move|p1a: Sneasler|Protect|p1a: Sneasler\n|-singleturn|p1a: Sneasler|Protect\n|move|p2a: Kingambit|Protect|p2a: Kingambit\n|-singleturn|p2a: Kingambit|Protect\n|move|p2b: Gengar|Sludge Bomb|p1b: Rotom\n|-damage|p1b: Rotom|8/100\n|move|p1b: Rotom|Hydro Pump|p2b: Gengar\n|-damage|p2b: Gengar|41/100\n|\n|-heal|p1b: Rotom|14/100|[from] item: Leftovers\n|upkeep\n|turn|8\n|inactive|Vinceey7 has 30 seconds left.\n|\n|t:|1776369271\n|move|p1b: Rotom|Protect|p1b: Rotom\n|-singleturn|p1b: Rotom|Protect\n|move|p2a: Kingambit|Sucker Punch||[still]\n|-fail|p2a: Kingambit\n|move|p2b: Gengar|Shadow Ball|p1b: Rotom\n|-activate|p1b: Rotom|move: Protect\n|move|p1a: Sneasler|Close Combat|p2a: Kingambit\n|-supereffective|p2a: Kingambit|2\n|-enditem|p2a: Kingambit|Chople Berry|[eat]\n|-enditem|p2a: Kingambit|Chople Berry|[weaken]\n|-damage|p2a: Kingambit|0 fnt\n|-unboost|p1a: Sneasler|def|1\n|-unboost|p1a: Sneasler|spd|1\n|faint|p2a: Kingambit\n|-enditem|p1a: Sneasler|White Herb\n|-clearnegativeboost|p1a: Sneasler|[silent]\n|\n|-heal|p1b: Rotom|20/100|[from] item: Leftovers\n|upkeep\n|\n|t:|1776369274\n|switch|p2a: Kommo-o|Kommo-o, L50, F|100/100\n|turn|9\n|inactive|Vinceey7 has 30 seconds left.\n|inactive|Vinceey7 has 20 seconds left.\n|inactive|Vinceey7 has 15 seconds left.\n|\n|t:|1776369315\n|move|p1a: Sneasler|Dire Claw|p2a: Kommo-o\n|-damage|p2a: Kommo-o|58/100\n|move|p2b: Gengar|Shadow Ball|p1b: Rotom\n|-damage|p1b: Rotom|0 fnt\n|faint|p1b: Rotom\n|move|p2a: Kommo-o|Aura Sphere|p1a: Sneasler\n|-resisted|p1a: Sneasler|1\n|-damage|p1a: Sneasler|76/100\n|\n|upkeep\n|turn|10\n|\n|t:|1776369336\n|move|p1a: Sneasler|Dire Claw|p2b: Gengar\n|-resisted|p2b: Gengar|2\n|-damage|p2b: Gengar|25/100\n|-status|p2b: Gengar|slp\n|cant|p2b: Gengar|slp\n|move|p2a: Kommo-o|Clanging Scales|p1a: Sneasler\n|-damage|p1a: Sneasler|6/100\n|-unboost|p2a: Kommo-o|def|1\n|\n|upkeep\n|turn|11\n|\n|t:|1776369357\n|cant|p2b: Gengar|slp\n|move|p1a: Sneasler|Close Combat|p2a: Kommo-o\n|-damage|p2a: Kommo-o|0 fnt\n|-unboost|p1a: Sneasler|def|1\n|-unboost|p1a: Sneasler|spd|1\n|faint|p2a: Kommo-o\n|\n|upkeep\n|turn|12\n|\n|t:|1776369366\n|move|p1a: Sneasler|Dire Claw|p2b: Gengar\n|-resisted|p2b: Gengar|2\n|-damage|p2b: Gengar|9/100 slp\n|-curestatus|p2b: Gengar|slp|[msg]\n|move|p2b: Gengar|Shadow Ball|p1a: Sneasler\n|-damage|p1a: Sneasler|0 fnt\n|faint|p1a: Sneasler\n|\n|win|Ruggio VGC\n|raw|Vinceey7's rating: 1171 &rarr; <strong>1151</strong><br />(-20 for losing)\n|raw|Ruggio VGC's rating: 1244 &rarr; <strong>1264</strong><br />(+20 for winning)\n|c|\u2606Vinceey7|ggs\n",
  "uploadtime": 1776369380,
  "views": 22,
  "formatid": "gen9championsvgc2026regma",
  "rating": 1151,
  "private": 0,
  "password": null
}