{
  "id": "gen9championsvgc2026regma-2581659641",
  "format": "[Gen 9 Champions] VGC 2026 Reg M-A",
  "players": [
    "Sirlandroy",
    "cloroh"
  ],
  "log": "|j|\u2606Sirlandroy\n|j|\u2606cloroh\n|t:|1776018666\n|gametype|doubles\n|player|p1|Sirlandroy|265|1079\n|player|p2|cloroh|psychic-gen4|1011\n|gen|9\n|tier|[Gen 9 Champions] VGC 2026 Reg M-A\n|rated|\n|rule|Species Clause: Limit one of each Pok\u00e9mon\n|rule|Item Clause: Limit 1 of each item\n|clearpoke\n|poke|p1|Toxapex, L50, M|\n|poke|p1|Skarmory, L50, M|\n|poke|p1|Clefable, L50, F|\n|poke|p1|Incineroar, L50, M|\n|poke|p1|Sinistcha, L50|\n|poke|p1|Farigiraf, L50, M|\n|poke|p2|Kingambit, L50, F|\n|poke|p2|Wyrdeer, L50, M|\n|poke|p2|Milotic, L50, M|\n|poke|p2|Charizard, L50, M|\n|poke|p2|Ninetales-Alola, L50, M|\n|poke|p2|Sneasler, L50, F|\n|teampreview|4\n|\n|t:|1776018693\n|teamsize|p1|4\n|teamsize|p2|4\n|start\n|switch|p1a: Toxapex|Toxapex, L50, M|100/100\n|switch|p1b: Skarmory|Skarmory, L50, M|100/100\n|switch|p2a: Wyrdeer|Wyrdeer, L50, M|100/100\n|switch|p2b: Milotic|Milotic, L50, M, shiny|100/100\n|-ability|p2a: Wyrdeer|Intimidate|boost\n|-unboost|p1a: Toxapex|atk|1\n|-unboost|p1b: Skarmory|atk|1\n|turn|1\n|\n|t:|1776018712\n|move|p1b: Skarmory|Swords Dance|p1b: Skarmory\n|-boost|p1b: Skarmory|atk|2\n|move|p2b: Milotic|Icy Wind|p1a: Toxapex|[spread] p1a,p1b\n|-resisted|p1a: Toxapex|1\n|-damage|p1a: Toxapex|95/100\n|-damage|p1b: Skarmory|79/100\n|-unboost|p1a: Toxapex|spe|1\n|-unboost|p1b: Skarmory|spe|1\n|move|p2a: Wyrdeer|Skill Swap|p1a: Toxapex\n|-activate|p2a: Wyrdeer|Skill Swap|Regenerator|Intimidate|[of] p1a: Toxapex\n|-ability|p1a: Toxapex|Intimidate|boost\n|-unboost|p2a: Wyrdeer|atk|1\n|-unboost|p2b: Milotic|atk|1\n|-ability|p2b: Milotic|Competitive|boost\n|-boost|p2b: Milotic|spa|2\n|move|p1a: Toxapex|Pin Missile|p1b: Skarmory\n|-resisted|p1b: Skarmory|2\n|-crit|p1b: Skarmory\n|-damage|p1b: Skarmory|78/100\n|-ability|p1b: Skarmory|Weak Armor|boost\n|-unboost|p1b: Skarmory|def|1\n|-boost|p1b: Skarmory|spe|2\n|-resisted|p1b: Skarmory|2\n|-crit|p1b: Skarmory\n|-damage|p1b: Skarmory|76/100\n|-ability|p1b: Skarmory|Weak Armor|boost\n|-unboost|p1b: Skarmory|def|1\n|-boost|p1b: Skarmory|spe|2\n|-hitcount|p1b: Skarmory|2\n|\n|upkeep\n|turn|2\n|\n|t:|1776018756\n|detailschange|p1b: Skarmory|Skarmory-Mega, L50, M\n|-mega|p1b: Skarmory|Skarmory|Skarmorite\n|move|p1b: Skarmory|Rock Slide|p2b: Milotic|[spread] p2a,p2b\n|-damage|p2a: Wyrdeer|65/100\n|-damage|p2b: Milotic|67/100\n|cant|p2b: Milotic|flinch\n|move|p2a: Wyrdeer|Thunderbolt|p1b: Skarmory\n|-supereffective|p1b: Skarmory|1\n|-damage|p1b: Skarmory|21/100\n|move|p1a: Toxapex|Toxic|p2b: Milotic\n|-status|p2b: Milotic|tox\n|\n|-damage|p2b: Milotic|61/100 tox|[from] psn\n|upkeep\n|turn|3\n|\n|t:|1776018793\n|move|p2a: Wyrdeer|Protect|p2a: Wyrdeer\n|-singleturn|p2a: Wyrdeer|Protect\n|move|p1b: Skarmory|Rock Slide|p2b: Milotic|[spread] \n|-activate|p2a: Wyrdeer|move: Protect\n|-miss|p1b: Skarmory|p2b: Milotic\n|move|p2b: Milotic|Icy Wind|p1a: Toxapex|[spread] p1a,p1b\n|-resisted|p1a: Toxapex|1\n|-damage|p1a: Toxapex|85/100\n|-damage|p1b: Skarmory|0 fnt\n|-unboost|p1a: Toxapex|spe|1\n|faint|p1b: Skarmory\n|move|p1a: Toxapex|Toxic|p2a: Wyrdeer\n|-activate|p2a: Wyrdeer|move: Protect\n|\n|-damage|p2b: Milotic|50/100 tox|[from] psn\n|upkeep\n|-enditem|p2b: Milotic|Sitrus Berry|[eat]\n|-heal|p2b: Milotic|74/100 tox|[from] item: Sitrus Berry\n|\n|t:|1776018810\n|switch|p1b: Farigiraf|Farigiraf, L50, M|100/100\n|turn|4\n|\n|t:|1776018829\n|switch|p2a: Charizard|Charizard, L50, M|100/100\n|move|p2b: Milotic|Scald|p1b: Farigiraf\n|-damage|p1b: Farigiraf|33/100\n|-enditem|p1b: Farigiraf|Sitrus Berry|[eat]\n|-heal|p1b: Farigiraf|58/100|[from] item: Sitrus Berry\n|move|p1a: Toxapex|Toxic|p2a: Charizard\n|-status|p2a: Charizard|tox\n|move|p1b: Farigiraf|Trick Room|p1b: Farigiraf\n|-fieldstart|move: Trick Room|[of] p1b: Farigiraf\n|\n|-damage|p2b: Milotic|56/100 tox|[from] psn\n|-damage|p2a: Charizard|95/100 tox|[from] psn\n|upkeep\n|turn|5\n|\n|t:|1776018859\n|detailschange|p2a: Charizard|Charizard-Mega-X, L50, M\n|-mega|p2a: Charizard|Charizard|Charizardite X\n|move|p1a: Toxapex|Recover|p1a: Toxapex\n|-heal|p1a: Toxapex|100/100\n|move|p1b: Farigiraf|Hyper Voice|p2b: Milotic|[spread] p2a,p2b\n|-damage|p2a: Charizard|50/100 tox\n|-damage|p2b: Milotic|33/100 tox\n|move|p2b: Milotic|Scald|p1b: Farigiraf\n|-damage|p1b: Farigiraf|0 fnt\n|faint|p1b: Farigiraf\n|move|p2a: Charizard|Dragon Claw|p1a: Toxapex\n|-damage|p1a: Toxapex|65/100\n|\n|-damage|p2b: Milotic|9/100 tox|[from] psn\n|-damage|p2a: Charizard|38/100 tox|[from] psn\n|upkeep\n|\n|t:|1776018881\n|switch|p1b: Incineroar|Incineroar, L50, M|100/100\n|turn|6\n|\n|t:|1776018904\n|move|p1a: Toxapex|Baneful Bunker|p1a: Toxapex\n|-singleturn|p1a: Toxapex|move: Protect\n|move|p1b: Incineroar|Fake Out|p2a: Charizard\n|-damage|p2a: Charizard|23/100 tox\n|move|p2b: Milotic|Life Dew|p2b: Milotic|[spread] p2a,p2b\n|-heal|p2a: Charizard|48/100 tox\n|-heal|p2b: Milotic|34/100 tox\n|cant|p2a: Charizard|flinch\n|\n|-damage|p2b: Milotic|4/100 tox|[from] psn\n|-damage|p2a: Charizard|30/100 tox|[from] psn\n|upkeep\n|turn|7\n|\n|t:|1776018925\n|move|p1a: Toxapex|Recover|p1a: Toxapex\n|-heal|p1a: Toxapex|100/100\n|move|p2b: Milotic|Scald|p1b: Incineroar\n|-supereffective|p1b: Incineroar|1\n|-damage|p1b: Incineroar|0 fnt\n|faint|p1b: Incineroar\n|move|p2a: Charizard|Dragon Claw|p1a: Toxapex\n|-damage|p1a: Toxapex|68/100\n|\n|-damage|p2b: Milotic|0 fnt|[from] psn\n|faint|p2b: Milotic\n|-damage|p2a: Charizard|6/100 tox|[from] psn\n|upkeep\n|\n|t:|1776018949\n|switch|p2b: Wyrdeer|Wyrdeer, L50, M|98/100\n|-ability|p2b: Wyrdeer|Intimidate|boost\n|-unboost|p1a: Toxapex|atk|1\n|turn|8\n|\n|t:|1776018969\n|move|p1a: Toxapex|Baneful Bunker|p1a: Toxapex\n|-singleturn|p1a: Toxapex|move: Protect\n|move|p2b: Wyrdeer|Psychic|p1a: Toxapex\n|-activate|p1a: Toxapex|move: Protect\n|move|p2a: Charizard|Dragon Claw|p1a: Toxapex\n|-activate|p1a: Toxapex|move: Protect\n|\n|-damage|p2a: Charizard|0 fnt|[from] psn\n|faint|p2a: Charizard\n|-fieldend|move: Trick Room\n|upkeep\n|\n|t:|1776018992\n|switch|p2a: Ninetales|Ninetales-Alola, L50, M, shiny|100/100\n|-weather|Snowscape|[from] ability: Snow Warning|[of] p2a: Ninetales\n|turn|9\n|-message|Sirlandroy forfeited.\n|\n|win|cloroh\n|raw|Sirlandroy's rating: 1079 &rarr; <strong>1053</strong><br />(-26 for losing)\n|raw|cloroh's rating: 1011 &rarr; <strong>1057</strong><br />(+46 for winning)\n|l|\u2606Sirlandroy\n|player|p1|\n",
  "uploadtime": 1776019002,
  "views": 21,
  "formatid": "gen9championsvgc2026regma",
  "rating": 1053,
  "private": 0,
  "password": null
}