{
  "id": "gen9championsvgc2026regma-2584188082",
  "format": "[Gen 9 Champions] VGC 2026 Reg M-A",
  "players": [
    "Runningo",
    "coglio6789"
  ],
  "log": "|j|\u2606Runningo\n|j|\u2606coglio6789\n|t:|1776235949\n|gametype|doubles\n|player|p1|Runningo|169|1200\n|player|p2|coglio6789|2|1274\n|gen|9\n|tier|[Gen 9 Champions] VGC 2026 Reg M-A\n|rated|\n|rule|Species Clause: Limit one of each Pok\u00e9mon\n|rule|Item Clause: Limit 1 of each item\n|clearpoke\n|poke|p1|Whimsicott, L50, M|\n|poke|p1|Typhlosion-Hisui, L50, F|\n|poke|p1|Floette-Eternal, L50, F|\n|poke|p1|Tauros-Paldea-Blaze, L50, M|\n|poke|p1|Farigiraf, L50, F|\n|poke|p1|Primarina, L50, F|\n|poke|p2|Kommo-o, L50, M|\n|poke|p2|Gengar, L50, M|\n|poke|p2|Whimsicott, L50, F|\n|poke|p2|Kingambit, L50, F|\n|poke|p2|Garchomp, L50, M|\n|poke|p2|Incineroar, L50, F|\n|teampreview|4\n|\n|t:|1776235998\n|teamsize|p1|4\n|teamsize|p2|4\n|start\n|switch|p1a: Tauros|Tauros-Paldea-Blaze, L50, M|100/100\n|switch|p1b: Whimsicott|Whimsicott, L50, M|100/100\n|switch|p2a: Whimsicott|Whimsicott, L50, F|100/100\n|switch|p2b: Kingambit|Kingambit, L50, F|100/100\n|-ability|p1a: Tauros|Intimidate|boost\n|-unboost|p2a: Whimsicott|atk|1\n|-unboost|p2b: Kingambit|atk|1\n|-ability|p2b: Kingambit|Defiant|boost\n|-boost|p2b: Kingambit|atk|2\n|turn|1\n|inactive|Battle timer is ON: inactive players will automatically lose when time's up. (requested by Runningo)\n|\n|t:|1776236043\n|move|p2a: Whimsicott|Tailwind|p2a: Whimsicott\n|-sidestart|p2: coglio6789|move: Tailwind\n|move|p1b: Whimsicott|Moonblast|p2a: Whimsicott\n|-damage|p2a: Whimsicott|42/100\n|move|p1a: Tauros|Flare Blitz|p2a: Whimsicott\n|-supereffective|p2a: Whimsicott|1\n|-damage|p2a: Whimsicott|0 fnt\n|faint|p2a: Whimsicott\n|-damage|p1a: Tauros|88/100|[from] Recoil\n|move|p2b: Kingambit|Iron Head|p1b: Whimsicott\n|-supereffective|p1b: Whimsicott|1\n|-enditem|p1b: Whimsicott|Focus Sash\n|-damage|p1b: Whimsicott|1/100\n|\n|upkeep\n|\n|t:|1776236057\n|switch|p2a: Garchomp|Garchomp, L50, M|100/100\n|turn|2\n|\n|t:|1776236081\n|move|p1a: Tauros|Protect|p1a: Tauros\n|-singleturn|p1a: Tauros|Protect\n|move|p1b: Whimsicott|Tailwind|p1b: Whimsicott\n|-sidestart|p1: Runningo|move: Tailwind\n|move|p2b: Kingambit|Sucker Punch||[still]\n|-fail|p2b: Kingambit\n|move|p2a: Garchomp|Rock Slide|p1b: Whimsicott|[spread] p1b\n|-activate|p1a: Tauros|move: Protect\n|-damage|p1b: Whimsicott|0 fnt\n|faint|p1b: Whimsicott\n|\n|upkeep\n|\n|t:|1776236089\n|switch|p1b: Floette|Floette-Eternal, L50, F|100/100\n|turn|3\n|\n|t:|1776236098\n|detailschange|p1b: Floette|Floette-Mega, L50, F\n|-mega|p1b: Floette|Floette|Floettite\n|-ability|p1b: Floette|Fairy Aura\n|move|p2b: Kingambit|Sucker Punch|p1a: Tauros\n|-resisted|p1a: Tauros|1\n|-damage|p1a: Tauros|55/100\n|move|p2a: Garchomp|Rock Slide|p1b: Floette|[spread] p1a,p1b\n|-damage|p1a: Tauros|31/100\n|-damage|p1b: Floette|69/100\n|move|p1b: Floette|Moonblast|p2a: Garchomp\n|-supereffective|p2a: Garchomp|1\n|-damage|p2a: Garchomp|0 fnt\n|faint|p2a: Garchomp\n|move|p1a: Tauros|Close Combat|p2b: Kingambit\n|-supereffective|p2b: Kingambit|2\n|-enditem|p2b: Kingambit|Chople Berry|[eat]\n|-enditem|p2b: Kingambit|Chople Berry|[weaken]\n|-damage|p2b: Kingambit|18/100\n|-unboost|p1a: Tauros|def|1\n|-unboost|p1a: Tauros|spd|1\n|-enditem|p1a: Tauros|White Herb\n|-clearnegativeboost|p1a: Tauros|[silent]\n|\n|upkeep\n|\n|t:|1776236111\n|switch|p2a: Gengar|Gengar, L50, M|100/100\n|turn|4\n|\n|t:|1776236127\n|detailschange|p2a: Gengar|Gengar-Mega, L50, M\n|-mega|p2a: Gengar|Gengar|Gengarite\n|move|p1b: Floette|Protect|p1b: Floette\n|-singleturn|p1b: Floette|Protect\n|move|p1a: Tauros|Protect|p1a: Tauros\n|-singleturn|p1a: Tauros|Protect\n|move|p2b: Kingambit|Sucker Punch||[still]\n|-fail|p2b: Kingambit\n|move|p2a: Gengar|Sludge Bomb|p1b: Floette\n|-activate|p1b: Floette|move: Protect\n|\n|-sideend|p2: coglio6789|move: Tailwind\n|upkeep\n|turn|5\n|\n|t:|1776236159\n|move|p2a: Gengar|Protect|p2a: Gengar\n|-singleturn|p2a: Gengar|Protect\n|move|p2b: Kingambit|Protect|p2b: Kingambit\n|-singleturn|p2b: Kingambit|Protect\n|move|p1b: Floette|Dazzling Gleam|p2b: Kingambit|[spread] \n|-activate|p2a: Gengar|move: Protect\n|-activate|p2b: Kingambit|move: Protect\n|move|p1a: Tauros|Flare Blitz|p2a: Gengar\n|-activate|p2a: Gengar|move: Protect\n|\n|-sideend|p1: Runningo|move: Tailwind\n|upkeep\n|turn|6\n|inactive|Runningo has 30 seconds left.\n|inactive|Runningo has 20 seconds left.\n|inactive|Runningo has 15 seconds left.\n|\n|t:|1776236200\n|move|p2b: Kingambit|Sucker Punch|p1a: Tauros\n|-resisted|p1a: Tauros|1\n|-damage|p1a: Tauros|0 fnt\n|faint|p1a: Tauros\n|move|p2a: Gengar|Sludge Bomb|p1b: Floette\n|-supereffective|p1b: Floette|1\n|-damage|p1b: Floette|0 fnt\n|faint|p1b: Floette\n|\n|upkeep\n|-message|Runningo forfeited.\n|\n|win|coglio6789\n|raw|Runningo's rating: 1200 &rarr; <strong>1180</strong><br />(-20 for losing)\n|raw|coglio6789's rating: 1274 &rarr; <strong>1294</strong><br />(+20 for winning)\n|l|\u2606Runningo\n|player|p1|\n",
  "uploadtime": 1776236212,
  "views": 28,
  "formatid": "gen9championsvgc2026regma",
  "rating": 1180,
  "private": 0,
  "password": null
}