{
  "id": "gen9championsvgc2026regma-2582141846",
  "format": "[Gen 9 Champions] VGC 2026 Reg M-A",
  "players": [
    "welcomepeople",
    "ray_game0"
  ],
  "log": "|j|\u2606welcomepeople\n|j|\u2606ray_game0\n|t:|1776063383\n|gametype|doubles\n|player|p1|welcomepeople|bellelba|1083\n|player|p2|ray_game0|hiker-gen4|1079\n|gen|9\n|tier|[Gen 9 Champions] VGC 2026 Reg M-A\n|rated|\n|rule|Species Clause: Limit one of each Pok\u00e9mon\n|rule|Item Clause: Limit 1 of each item\n|clearpoke\n|poke|p1|Meganium, L50, M|\n|poke|p1|Pelipper, L50, M|\n|poke|p1|Basculegion, L50, M|\n|poke|p1|Aegislash, L50, F|\n|poke|p1|Rotom-Wash, L50|\n|poke|p1|Sneasler, L50, F|\n|poke|p2|Whimsicott, L50, F|\n|poke|p2|Archaludon, L50, M|\n|poke|p2|Pelipper, L50, F|\n|poke|p2|Gourgeist-*, L50, M|\n|poke|p2|Charizard, L50, F|\n|poke|p2|Garchomp, L50, M|\n|teampreview|4\n|\n|t:|1776063409\n|teamsize|p1|4\n|teamsize|p2|4\n|start\n|switch|p1a: Meganium|Meganium, L50, M|100/100\n|switch|p1b: Sneasler|Sneasler, L50, F, shiny|100/100\n|switch|p2a: Whimsicott|Whimsicott, L50, F|100/100\n|switch|p2b: Gourgeist|Gourgeist, L50, M|100/100\n|-item|p1a: Meganium|Meganiumite|[from] ability: Frisk|[of] p2b: Gourgeist\n|-item|p1b: Sneasler|White Herb|[from] ability: Frisk|[of] p2b: Gourgeist\n|turn|1\n|\n|t:|1776063440\n|move|p2b: Gourgeist|Protect|p2b: Gourgeist\n|-singleturn|p2b: Gourgeist|Protect\n|move|p1b: Sneasler|Fake Out|p2a: Whimsicott\n|-damage|p2a: Whimsicott|83/100\n|cant|p2a: Whimsicott|flinch\n|move|p1a: Meganium|Weather Ball|p2b: Gourgeist\n|-activate|p2b: Gourgeist|move: Protect\n|\n|upkeep\n|turn|2\n|\n|t:|1776063463\n|detailschange|p1a: Meganium|Meganium-Mega, L50, M\n|-mega|p1a: Meganium|Meganium|Meganiumite\n|move|p2a: Whimsicott|Tailwind|p2a: Whimsicott\n|-sidestart|p2: ray_game0|move: Tailwind\n|move|p2b: Gourgeist|Explosion|p1b: Sneasler|[spread] p2a,p1a,p1b\n|-damage|p2a: Whimsicott|3/100\n|-damage|p1a: Meganium|31/100\n|-damage|p1b: Sneasler|0 fnt\n|faint|p2b: Gourgeist\n|faint|p1b: Sneasler\n|move|p1a: Meganium|Weather Ball|p2a: Whimsicott\n|-supereffective|p2a: Whimsicott|1\n|-damage|p2a: Whimsicott|0 fnt\n|faint|p2a: Whimsicott\n|\n|upkeep\n|\n|t:|1776063482\n|switch|p1b: Basculegion|Basculegion, L50, M|100/100\n|switch|p2a: Charizard|Charizard, L50, F|100/100\n|switch|p2b: Garchomp|Garchomp, L50, M|100/100\n|turn|3\n|\n|t:|1776063538\n|switch|p1a: Rotom|Rotom-Wash, L50|100/100\n|detailschange|p2a: Charizard|Charizard-Mega-Y, L50, F\n|-mega|p2a: Charizard|Charizard|Charizardite Y\n|-weather|SunnyDay|[from] ability: Drought|[of] p2a: Charizard\n|move|p2b: Garchomp|Rock Slide|p1b: Basculegion|[spread] p1b\n|-miss|p2b: Garchomp|p1a: Rotom\n|-damage|p1b: Basculegion|73/100\n|move|p2a: Charizard|Heat Wave|p1a: Rotom|[spread] p1b\n|-miss|p2a: Charizard|p1a: Rotom\n|-resisted|p1b: Basculegion|1\n|-damage|p1b: Basculegion|38/100\n|move|p1b: Basculegion|Flip Turn|p2a: Charizard\n|-supereffective|p2a: Charizard|1\n|-crit|p2a: Charizard\n|-damage|p2a: Charizard|15/100\n|\n|t:|1776063558\n|switch|p1b: Meganium|Meganium-Mega, L50, M|31/100|[from] Flip Turn\n|\n|-weather|SunnyDay|[upkeep]\n|upkeep\n|turn|4\n|\n|t:|1776063578\n|move|p2b: Garchomp|Dragon Claw|p1a: Rotom\n|-damage|p1a: Rotom|70/100\n|move|p2a: Charizard|Heat Wave|p1b: Meganium|[spread] p1b\n|-miss|p2a: Charizard|p1a: Rotom\n|-supereffective|p1b: Meganium|1\n|-damage|p1b: Meganium|0 fnt\n|faint|p1b: Meganium\n|move|p1a: Rotom|Volt Switch|p2a: Charizard\n|-supereffective|p2a: Charizard|1\n|-damage|p2a: Charizard|0 fnt\n|faint|p2a: Charizard\n|\n|t:|1776063590\n|switch|p1a: Basculegion|Basculegion, L50, M|38/100|[from] Volt Switch\n|\n|-weather|SunnyDay|[upkeep]\n|upkeep\n|\n|t:|1776063596\n|switch|p1b: Rotom|Rotom-Wash, L50|70/100\n|turn|5\n|\n|t:|1776063608\n|move|p2b: Garchomp|Dragon Claw|p1b: Rotom\n|-damage|p1b: Rotom|35/100\n|-enditem|p1b: Rotom|Sitrus Berry|[eat]\n|-heal|p1b: Rotom|60/100|[from] item: Sitrus Berry\n|move|p1a: Basculegion|Last Respects|p2b: Garchomp\n|-damage|p2b: Garchomp|16/100\n|move|p1b: Rotom|Hydro Pump|p2b: Garchomp|[miss]\n|-miss|p1b: Rotom|p2b: Garchomp\n|\n|-weather|SunnyDay|[upkeep]\n|-sideend|p2: ray_game0|move: Tailwind\n|upkeep\n|turn|6\n|\n|t:|1776063623\n|move|p1a: Basculegion|Protect|p1a: Basculegion\n|-singleturn|p1a: Basculegion|Protect\n|move|p2b: Garchomp|Rock Slide|p1b: Rotom|[spread] p1b\n|-activate|p1a: Basculegion|move: Protect\n|-damage|p1b: Rotom|43/100\n|move|p1b: Rotom|Hydro Pump|p2b: Garchomp|[miss]\n|-miss|p1b: Rotom|p2b: Garchomp\n|\n|-weather|SunnyDay|[upkeep]\n|upkeep\n|turn|7\n|\n|t:|1776063640\n|move|p2b: Garchomp|Rock Slide|p1a: Basculegion|[spread] p1a,p1b\n|-damage|p1a: Basculegion|12/100\n|-damage|p1b: Rotom|27/100\n|cant|p1a: Basculegion|flinch\n|move|p1b: Rotom|Hydro Pump|p2b: Garchomp\n|-damage|p2b: Garchomp|0 fnt\n|faint|p2b: Garchomp\n|\n|win|welcomepeople\n",
  "uploadtime": 1776063385,
  "views": 10,
  "formatid": "gen9championsvgc2026regma",
  "rating": null,
  "private": 0,
  "password": null
}