{
  "id": "gen9championsvgc2026regma-2582009687",
  "format": "[Gen 9 Champions] VGC 2026 Reg M-A",
  "players": [
    "hbee6902",
    "fosu-fish"
  ],
  "log": "|j|\u2606hbee6902\n|j|\u2606fosu-fish\n|t:|1776048003\n|gametype|doubles\n|player|p1|hbee6902|dawn-gen4pt|1115\n|player|p2|fosu-fish|2|1031\n|gen|9\n|tier|[Gen 9 Champions] VGC 2026 Reg M-A\n|rated|\n|rule|Species Clause: Limit one of each Pok\u00e9mon\n|rule|Item Clause: Limit 1 of each item\n|clearpoke\n|poke|p1|Kangaskhan, L50, F|\n|poke|p1|Drampa, L50, F|\n|poke|p1|Venusaur, L50, M|\n|poke|p1|Torkoal, L50, M|\n|poke|p1|Goodra-Hisui, L50, F|\n|poke|p1|Mimikyu, L50, M|\n|poke|p2|Delphox, L50, M|\n|poke|p2|Sableye, L50, F|\n|poke|p2|Meowstic, L50, M|\n|poke|p2|Infernape, L50, M|\n|poke|p2|Incineroar, L50, M|\n|teampreview|4\n|inactive|Battle timer is ON: inactive players will automatically lose when time's up. (requested by fosu-fish)\n|\n|t:|1776048026\n|teamsize|p1|4\n|teamsize|p2|4\n|start\n|switch|p1a: Mimikyu|Mimikyu, L50, M|100/100\n|switch|p1b: Kangaskhan|Kangaskhan, L50, F|100/100\n|switch|p2a: Meowstic|Meowstic, L50, M|100/100\n|switch|p2b: Incineroar|Incineroar, L50, M|100/100\n|-ability|p2b: Incineroar|Intimidate|boost\n|-unboost|p1a: Mimikyu|atk|1\n|-fail|p1b: Kangaskhan|unboost|Attack|[from] ability: Scrappy|[of] p1b: Kangaskhan\n|turn|1\n|c|\u2606hbee6902|did you happen to forget your final pokemon or?\n|inactive|fosu-fish has 30 seconds left.\n|inactive|fosu-fish has 20 seconds left.\n|inactive|fosu-fish has 15 seconds left.\n|inactive|fosu-fish has 10 seconds left.\n|\n|t:|1776048073\n|move|p1b: Kangaskhan|Fake Out|p2a: Meowstic\n|-damage|p2a: Meowstic|74/100\n|cant|p2a: Meowstic|flinch\n|move|p2b: Incineroar|Flare Blitz|p1a: Mimikyu\n|-activate|p1a: Mimikyu|ability: Disguise\n|-damage|p1a: Mimikyu|100/100\n|detailschange|p1a: Mimikyu|Mimikyu-Busted, L50, M\n|-damage|p1a: Mimikyu|88/100|[from] pokemon: Mimikyu-Busted\n|move|p1a: Mimikyu|Trick Room|p1a: Mimikyu\n|-fieldstart|move: Trick Room|[of] p1a: Mimikyu\n|\n|upkeep\n|turn|2\n|\n|t:|1776048095\n|move|p2a: Meowstic|Psychic Terrain|p2a: Meowstic\n|-fieldstart|move: Psychic Terrain\n|move|p2b: Incineroar|Parting Shot|p1b: Kangaskhan\n|-unboost|p1b: Kangaskhan|atk|1\n|-unboost|p1b: Kangaskhan|spa|1\n|\n|t:|1776048111\n|switch|p2b: Delphox|Delphox, L50, M|100/100|[from] Parting Shot\n|move|p1b: Kangaskhan|Double-Edge|p2a: Meowstic\n|-damage|p2a: Meowstic|18/100\n|-damage|p1b: Kangaskhan|87/100|[from] Recoil\n|move|p1a: Mimikyu|Charm|p2b: Delphox\n|-unboost|p2b: Delphox|atk|2\n|\n|upkeep\n|turn|3\n|\n|t:|1776048130\n|detailschange|p2b: Delphox|Delphox-Mega, L50, M\n|-mega|p2b: Delphox|Delphox|Delphoxite\n|move|p2a: Meowstic|Gravity|p2a: Meowstic\n|-fieldstart|move: Gravity\n|move|p1b: Kangaskhan|Double-Edge|p2b: Delphox\n|-damage|p2b: Delphox|42/100\n|-damage|p1b: Kangaskhan|74/100|[from] Recoil\n|move|p1a: Mimikyu|Light Screen|p1a: Mimikyu\n|-sidestart|p1: hbee6902|move: Light Screen\n|move|p2b: Delphox|Expanding Force|p1a: Mimikyu|[spread] p1a,p1b\n|-damage|p1a: Mimikyu|42/100\n|-damage|p1b: Kangaskhan|23/100\n|-enditem|p1b: Kangaskhan|Sitrus Berry|[eat]\n|-heal|p1b: Kangaskhan|48/100|[from] item: Sitrus Berry\n|\n|upkeep\n|turn|4\n|\n|t:|1776048150\n|move|p2b: Delphox|Protect|p2b: Delphox\n|-singleturn|p2b: Delphox|Protect\n|move|p1b: Kangaskhan|Double-Edge|p2b: Delphox\n|-activate|p2b: Delphox|move: Protect\n|move|p1a: Mimikyu|Curse|p2a: Meowstic\n|-start|p2a: Meowstic|Curse|[of] p1a: Mimikyu\n|-damage|p1a: Mimikyu|0 fnt\n|faint|p1a: Mimikyu\n|move|p2a: Meowstic|Expanding Force|p1b: Kangaskhan\n|-damage|p1b: Kangaskhan|8/100\n|\n|-damage|p2a: Meowstic|0 fnt|[from] Curse\n|faint|p2a: Meowstic\n|upkeep\n|\n|t:|1776048166\n|switch|p1a: Venusaur|Venusaur, L50, M|100/100\n|switch|p2a: Incineroar|Incineroar, L50, M|100/100\n|-ability|p2a: Incineroar|Intimidate|boost\n|-unboost|p1a: Venusaur|atk|1\n|-fail|p1b: Kangaskhan|unboost|Attack|[from] ability: Scrappy|[of] p1b: Kangaskhan\n|turn|5\n|l|\u2606hbee6902\n|inactive|hbee6902 disconnected and has a minute to reconnect!\n|player|p1|\n|inactive|hbee6902 has 30 seconds left.\n|j|\u2606hbee6902\n|inactive|hbee6902 reconnected and has 30 seconds left.\n|player|p1|hbee6902|dawn-gen4pt|\n|inactive|hbee6902 has 20 seconds left.\n|inactive|hbee6902 has 15 seconds left.\n|inactive|hbee6902 has 10 seconds left.\n|\n|t:|1776048214\n|switch|p2b: Sableye|Sableye, L50, F|100/100\n|detailschange|p1a: Venusaur|Venusaur-Mega, L50, M\n|-mega|p1a: Venusaur|Venusaur|Venusaurite\n|move|p2a: Incineroar|Parting Shot|p1a: Venusaur\n|-unboost|p1a: Venusaur|atk|1\n|-unboost|p1a: Venusaur|spa|1\n|\n|t:|1776048224\n|switch|p2a: Delphox|Delphox-Mega, L50, M|42/100|[from] Parting Shot\n|move|p1a: Venusaur|Sludge Wave|p2a: Delphox|[spread] p1b,p2a,p2b\n|-resisted|p2b: Sableye|1\n|-damage|p1b: Kangaskhan|0 fnt\n|-damage|p2a: Delphox|16/100\n|-damage|p2b: Sableye|85/100\n|faint|p1b: Kangaskhan\n|\n|-heal|p2b: Sableye|90/100|[from] item: Leftovers\n|-fieldend|move: Trick Room\n|upkeep\n|\n|t:|1776048230\n|switch|p1b: Torkoal|Torkoal, L50, M|100/100\n|-weather|SunnyDay|[from] ability: Drought|[of] p1b: Torkoal\n|turn|6\n|inactive|fosu-fish has 30 seconds left.\n|l|\u2606hbee6902\n|inactive|hbee6902 disconnected and has a minute to reconnect!\n|player|p1|\n|\n|t:|1776048262\n|switch|p2b: Incineroar|Incineroar, L50, M|100/100\n|-ability|p2b: Incineroar|Intimidate|boost\n|-unboost|p1a: Venusaur|atk|1\n|-unboost|p1b: Torkoal|atk|1\n|move|p1a: Venusaur|Protect|p1a: Venusaur\n|-singleturn|p1a: Venusaur|Protect\n|move|p2a: Delphox|Expanding Force|p1a: Venusaur|[spread] p1b\n|-activate|p1a: Venusaur|move: Protect\n|-damage|p1b: Torkoal|36/100\n|move|p1b: Torkoal|Heat Wave|p2b: Incineroar|[spread] p2a,p2b\n|-resisted|p2a: Delphox|1\n|-resisted|p2b: Incineroar|1\n|-damage|p2a: Delphox|0 fnt\n|-damage|p2b: Incineroar|76/100\n|faint|p2a: Delphox\n|\n|-weather|SunnyDay|[upkeep]\n|-fieldend|move: Psychic Terrain\n|upkeep\n|j|\u2606hbee6902\n|inactive|hbee6902 reconnected.\n|player|p1|hbee6902|dawn-gen4pt|\n|\n|t:|1776048276\n|switch|p2a: Sableye|Sableye, L50, F|90/100\n|turn|7\n|inactive|fosu-fish has 30 seconds left.\n|\n|t:|1776048310\n|move|p1a: Venusaur|Protect||[still]\n|-fail|p1a: Venusaur\n|move|p1b: Torkoal|Protect|p1b: Torkoal\n|-singleturn|p1b: Torkoal|Protect\n|move|p2a: Sableye|Encore|p1a: Venusaur\n|-start|p1a: Venusaur|Encore\n|move|p2b: Incineroar|Close Combat|p1b: Torkoal\n|-activate|p1b: Torkoal|move: Protect\n|\n|-weather|SunnyDay|[upkeep]\n|-heal|p2a: Sableye|96/100|[from] item: Leftovers\n|-sideend|p1: hbee6902|move: Light Screen\n|-fieldend|move: Gravity\n|upkeep\n|turn|8\n|\n|t:|1776048338\n|move|p1a: Venusaur|Protect|p1a: Venusaur\n|-singleturn|p1a: Venusaur|Protect\n|move|p2a: Sableye|Encore|p1b: Torkoal\n|-start|p1b: Torkoal|Encore\n|move|p1b: Torkoal|Protect|p1b: Torkoal\n|-singleturn|p1b: Torkoal|Protect\n|move|p2b: Incineroar|Close Combat|p1b: Torkoal\n|-activate|p1b: Torkoal|move: Protect\n|\n|-weather|SunnyDay|[upkeep]\n|-heal|p2a: Sableye|100/100|[from] item: Leftovers\n|upkeep\n|turn|9\n|l|\u2606hbee6902\n|inactive|hbee6902 disconnected and has a minute to reconnect!\n|player|p1|\n|j|\u2606hbee6902\n|inactive|hbee6902 reconnected and has 35 seconds left.\n|player|p1|hbee6902|dawn-gen4pt|\n|inactive|hbee6902 has 30 seconds left.\n|inactive|fosu-fish has 30 seconds left.\n|\n|t:|1776048365\n|move|p1a: Venusaur|Protect||[still]\n|-fail|p1a: Venusaur\n|move|p1b: Torkoal|Protect||[still]\n|-fail|p1b: Torkoal\n|move|p2a: Sableye|Taunt|p1a: Venusaur\n|-start|p1a: Venusaur|move: Taunt\n|move|p2b: Incineroar|Flare Blitz|p1a: Venusaur\n|-supereffective|p1a: Venusaur|1\n|-damage|p1a: Venusaur|32/100\n|-damage|p2b: Incineroar|55/100|[from] Recoil\n|\n|-weather|SunnyDay|[upkeep]\n|upkeep\n|turn|10\n|-message|hbee6902 forfeited.\n|\n|win|fosu-fish\n|raw|hbee6902's rating: 1115 &rarr; <strong>1084</strong><br />(-31 for losing)\n|raw|fosu-fish's rating: 1031 &rarr; <strong>1075</strong><br />(+44 for winning)\n|l|\u2606hbee6902\n|player|p1|\n",
  "uploadtime": 1776048384,
  "views": 9,
  "formatid": "gen9championsvgc2026regma",
  "rating": 1075,
  "private": 0,
  "password": null
}