{
  "id": "gen9championsvgc2026regma-2587025856",
  "format": "[Gen 9 Champions] VGC 2026 Reg M-A",
  "players": [
    "Kurroze",
    "Captain Clean 13"
  ],
  "log": "|j|\u2606Kurroze\n|j|\u2606Captain Clean 13\n|t:|1776482565\n|gametype|doubles\n|player|p1|Kurroze|n|1076\n|player|p2|Captain Clean 13|steven|1155\n|gen|9\n|tier|[Gen 9 Champions] VGC 2026 Reg M-A\n|rated|\n|rule|Species Clause: Limit one of each Pok\u00e9mon\n|rule|Item Clause: Limit 1 of each item\n|clearpoke\n|poke|p1|Tyranitar, L50, M|\n|poke|p1|Incineroar, L50, F|\n|poke|p1|Milotic, L50, M|\n|poke|p1|Sinistcha-Masterpiece, L50|\n|poke|p1|Drampa, L50, F|\n|poke|p1|Aggron, L50, M|\n|poke|p2|Glimmora, L50, M|\n|poke|p2|Sinistcha, L50|\n|poke|p2|Whimsicott, L50, F|\n|poke|p2|Charizard, L50, M|\n|poke|p2|Samurott-Hisui, L50, M|\n|poke|p2|Sylveon, L50, M|\n|teampreview|4\n|inactive|Battle timer is ON: inactive players will automatically lose when time's up. (requested by Captain Clean 13)\n|c|\u2606Captain Clean 13|Glhf!\n|inactive|Kurroze has 60 seconds left.\n|inactive|Captain Clean 13 has 60 seconds left.\n|\n|t:|1776482608\n|teamsize|p1|4\n|teamsize|p2|4\n|start\n|switch|p1a: Milotic|Milotic, L50, M|100/100\n|switch|p1b: Sinistcha|Sinistcha-Masterpiece, L50|100/100\n|switch|p2a: Whimsicott|Whimsicott, L50, F|100/100\n|switch|p2b: Samurott|Samurott-Hisui, L50, M|100/100\n|turn|1\n|\n|t:|1776482632\n|move|p2a: Whimsicott|Tailwind|p2a: Whimsicott\n|-sidestart|p2: Captain Clean 13|move: Tailwind\n|move|p2b: Samurott|Ceaseless Edge|p1b: Sinistcha\n|-supereffective|p1b: Sinistcha|1\n|-damage|p1b: Sinistcha|15/100\n|-sidestart|p1: Kurroze|Spikes\n|move|p1a: Milotic|Icy Wind|p2b: Samurott|[spread] p2a,p2b\n|-supereffective|p2a: Whimsicott|1\n|-resisted|p2b: Samurott|1\n|-damage|p2a: Whimsicott|63/100\n|-damage|p2b: Samurott|95/100\n|-unboost|p2a: Whimsicott|spe|1\n|-unboost|p2b: Samurott|spe|1\n|move|p1b: Sinistcha|Trick Room|p1b: Sinistcha\n|-fieldstart|move: Trick Room|[of] p1b: Sinistcha\n|\n|upkeep\n|turn|2\n|inactive|Captain Clean 13 has 30 seconds left.\n|\n|t:|1776482658\n|switch|p1b: Tyranitar|Tyranitar, L50, M|100/100\n|-damage|p1b: Tyranitar|88/100|[from] Spikes\n|-weather|Sandstorm|[from] ability: Sand Stream|[of] p1b: Tyranitar\n|move|p2a: Whimsicott|Protect|p2a: Whimsicott\n|-singleturn|p2a: Whimsicott|Protect\n|move|p2b: Samurott|Protect|p2b: Samurott\n|-singleturn|p2b: Samurott|Protect\n|move|p1a: Milotic|Alluring Voice|p2b: Samurott\n|-activate|p2b: Samurott|move: Protect\n|\n|-weather|Sandstorm|[upkeep]\n|-damage|p1a: Milotic|94/100|[from] Sandstorm\n|-damage|p2b: Samurott|89/100|[from] Sandstorm\n|-damage|p2a: Whimsicott|57/100|[from] Sandstorm\n|upkeep\n|turn|3\n|inactive|Kurroze has 30 seconds left.\n|\n|t:|1776482683\n|switch|p2b: Glimmora|Glimmora, L50, M|100/100\n|move|p2a: Whimsicott|Sunny Day|p2a: Whimsicott\n|-weather|SunnyDay\n|move|p1b: Tyranitar|Ice Punch|p2a: Whimsicott\n|-supereffective|p2a: Whimsicott|1\n|-damage|p2a: Whimsicott|0 fnt\n|faint|p2a: Whimsicott\n|move|p1a: Milotic|Alluring Voice|p2b: Glimmora\n|-resisted|p2b: Glimmora|1\n|-damage|p2b: Glimmora|88/100\n|\n|-weather|SunnyDay|[upkeep]\n|upkeep\n|\n|t:|1776482698\n|switch|p2a: Samurott|Samurott-Hisui, L50, M|89/100\n|turn|4\n|inactive|Kurroze has 30 seconds left.\n|inactive|Captain Clean 13 has 30 seconds left.\n|\n|t:|1776482730\n|detailschange|p2b: Glimmora|Glimmora-Mega, L50, M\n|-mega|p2b: Glimmora|Glimmora|Glimmoranite\n|move|p2a: Samurott|Protect|p2a: Samurott\n|-singleturn|p2a: Samurott|Protect\n|move|p1b: Tyranitar|Rock Slide|p2a: Samurott|[spread] p2b\n|-activate|p2a: Samurott|move: Protect\n|-damage|p2b: Glimmora|59/100\n|move|p1a: Milotic|Scald|p2b: Glimmora\n|-supereffective|p2b: Glimmora|1\n|-damage|p2b: Glimmora|32/100\n|move|p2b: Glimmora|Power Gem|p1b: Tyranitar\n|-damage|p1b: Tyranitar|31/100\n|\n|-weather|SunnyDay|[upkeep]\n|-sideend|p2: Captain Clean 13|move: Tailwind\n|upkeep\n|turn|5\n|\n|t:|1776482755\n|move|p2b: Glimmora|Spiky Shield|p2b: Glimmora\n|-singleturn|p2b: Glimmora|move: Protect\n|move|p1b: Tyranitar|Low Kick|p2a: Samurott\n|-supereffective|p2a: Samurott|1\n|-damage|p2a: Samurott|24/100\n|move|p2a: Samurott|Ceaseless Edge|p1a: Milotic\n|-damage|p1a: Milotic|55/100\n|-sidestart|p1: Kurroze|Spikes\n|move|p1a: Milotic|Scald|p2b: Glimmora\n|-activate|p2b: Glimmora|move: Protect\n|\n|-weather|SunnyDay|[upkeep]\n|-fieldend|move: Trick Room\n|upkeep\n|turn|6\n|\n|t:|1776482774\n|move|p2b: Glimmora|Sludge Bomb|p1a: Milotic\n|-damage|p1a: Milotic|0 fnt\n|faint|p1a: Milotic\n|move|p2a: Samurott|Razor Shell|p1b: Tyranitar|[miss]\n|-miss|p2a: Samurott|p1b: Tyranitar\n|move|p1b: Tyranitar|Rock Slide|p2a: Samurott|[spread] p2a,p2b\n|-damage|p2a: Samurott|0 fnt\n|-damage|p2b: Glimmora|4/100\n|faint|p2a: Samurott\n|\n|-weather|SunnyDay|[upkeep]\n|upkeep\n|\n|t:|1776482785\n|switch|p1a: Aggron|Aggron, L50, M|100/100\n|switch|p2a: Charizard|Charizard, L50, M|100/100\n|-damage|p1a: Aggron|84/100|[from] Spikes\n|turn|7\n|\n|t:|1776482807\n|detailschange|p1a: Aggron|Aggron-Mega, L50, M\n|-mega|p1a: Aggron|Aggron|Aggronite\n|move|p2a: Charizard|Solar Beam||[still]\n|-prepare|p2a: Charizard|Solar Beam\n|-anim|p2a: Charizard|Solar Beam|p1b: Tyranitar\n|-supereffective|p1b: Tyranitar|1\n|-damage|p1b: Tyranitar|0 fnt\n|faint|p1b: Tyranitar\n|move|p2b: Glimmora|Earth Power|p1a: Aggron\n|-supereffective|p1a: Aggron|1\n|-damage|p1a: Aggron|20/100\n|move|p1a: Aggron|Rock Slide|p2a: Charizard|[spread] p2a,p2b\n|-supereffective|p2a: Charizard|2\n|-damage|p2a: Charizard|0 fnt\n|-damage|p2b: Glimmora|0 fnt\n|faint|p2a: Charizard\n|faint|p2b: Glimmora\n|\n|win|Kurroze\n|raw|Kurroze's rating: 1076 &rarr; <strong>1111</strong><br />(+35 for winning)\n|raw|Captain Clean 13's rating: 1155 &rarr; <strong>1124</strong><br />(-31 for losing)\n|c|\u2606Captain Clean 13|GG\n",
  "uploadtime": 1776482818,
  "views": 17,
  "formatid": "gen9championsvgc2026regma",
  "rating": 1111,
  "private": 0,
  "password": null
}