{
  "id": "gen9championsvgc2026regma-2586153129",
  "format": "[Gen 9 Champions] VGC 2026 Reg M-A",
  "players": [
    "dftx",
    "IDon'tWinBattles"
  ],
  "log": "|j|\u2606dftx\n|j|\u2606IDon'tWinBattles\n|t:|1776405743\n|gametype|doubles\n|player|p1|dftx|roxie|1119\n|player|p2|IDon'tWinBattles|heroine2-conquest|1130\n|gen|9\n|tier|[Gen 9 Champions] VGC 2026 Reg M-A\n|rated|\n|rule|Species Clause: Limit one of each Pok\u00e9mon\n|rule|Item Clause: Limit 1 of each item\n|clearpoke\n|poke|p1|Meganium, L50, F|\n|poke|p1|Archaludon, L50, M|\n|poke|p1|Aerodactyl, L50, F|\n|poke|p1|Typhlosion-Hisui, L50, F|\n|poke|p1|Tauros-Paldea-Aqua, L50, M|\n|poke|p1|Kangaskhan, L50, F|\n|poke|p2|Gardevoir, L50, M|\n|poke|p2|Sneasler, L50, M|\n|poke|p2|Farigiraf, L50, M|\n|poke|p2|Kingambit, L50, M|\n|poke|p2|Sinistcha, L50|\n|poke|p2|Meowstic, L50, M|\n|teampreview|4\n|\n|t:|1776405793\n|teamsize|p1|4\n|teamsize|p2|4\n|start\n|switch|p1a: Meganium|Meganium, L50, F|100/100\n|switch|p1b: Aerodactyl|Aerodactyl, L50, F|100/100\n|switch|p2a: Hope|Farigiraf, L50, M|100/100\n|switch|p2b: Justice!|Gardevoir, L50, M, shiny|100/100\n|-ability|p1b: Aerodactyl|Unnerve\n|turn|1\n|\n|t:|1776405829\n|detailschange|p1a: Meganium|Meganium-Mega, L50, F\n|-mega|p1a: Meganium|Meganium|Meganiumite\n|move|p2b: Justice!|Protect|p2b: Justice!\n|-singleturn|p2b: Justice!|Protect\n|move|p1b: Aerodactyl|Rock Slide|p2a: Hope|[spread] p2a\n|-activate|p2b: Justice!|move: Protect\n|-damage|p2a: Hope|76/100\n|move|p1a: Meganium|Solar Beam||[still]\n|-prepare|p1a: Meganium|Solar Beam\n|-activate|p1a: Meganium|ability: Mega Sol\n|-anim|p1a: Meganium|Solar Beam|p2b: Justice!\n|-activate|p2b: Justice!|move: Protect\n|move|p2a: Hope|Trick Room|p2a: Hope\n|-fieldstart|move: Trick Room|[of] p2a: Hope\n|\n|-heal|p2a: Hope|82/100|[from] item: Leftovers\n|upkeep\n|turn|2\n|l|\u2606dftx\n|player|p1|\n|inactive|Battle timer is ON: inactive players will automatically lose when time's up. (requested by IDon'tWinBattles)\n|j|\u2606dftx\n|inactive|dftx reconnected and has 80 seconds left.\n|player|p1|dftx|roxie|\n|\n|t:|1776405890\n|detailschange|p2b: Justice!|Gardevoir-Mega, L50, M, shiny\n|-mega|p2b: Justice!|Gardevoir|Gardevoirite\n|move|p2a: Hope|Helping Hand|p2b: Justice!\n|-singleturn|p2b: Justice!|Helping Hand|[of] p2a: Hope\n|move|p1a: Meganium|Protect|p1a: Meganium\n|-singleturn|p1a: Meganium|Protect\n|move|p1b: Aerodactyl|Protect|p1b: Aerodactyl\n|-singleturn|p1b: Aerodactyl|Protect\n|move|p2b: Justice!|Hyper Voice|p1a: Meganium|[spread] \n|-activate|p1a: Meganium|move: Protect\n|-activate|p1b: Aerodactyl|move: Protect\n|\n|-heal|p2a: Hope|89/100|[from] item: Leftovers\n|upkeep\n|turn|3\n|inactive|dftx has 30 seconds left.\n|inactive|dftx has 20 seconds left.\n|\n|t:|1776405926\n|switch|p1a: Typhlosion|Typhlosion-Hisui, L50, F|100/100\n|-item|p2a: Hope|Leftovers|[from] ability: Frisk|[of] p1a: Typhlosion\n|-item|p2b: Justice!|Gardevoirite|[from] ability: Frisk|[of] p1a: Typhlosion\n|switch|p1b: Archaludon|Archaludon, L50, M|100/100\n|move|p2a: Hope|Helping Hand|p2b: Justice!\n|-singleturn|p2b: Justice!|Helping Hand|[of] p2a: Hope\n|move|p2b: Justice!|Hyper Voice|p1a: Typhlosion|[spread] p1a,p1b\n|-resisted|p1a: Typhlosion|1\n|-damage|p1a: Typhlosion|42/100\n|-damage|p1b: Archaludon|0 fnt\n|faint|p1b: Archaludon\n|\n|-heal|p2a: Hope|95/100|[from] item: Leftovers\n|upkeep\n|\n|t:|1776405946\n|switch|p1b: Aerodactyl|Aerodactyl, L50, F|100/100\n|-ability|p1b: Aerodactyl|Unnerve\n|turn|4\n|\n|t:|1776405957\n|move|p2a: Hope|Helping Hand|p2b: Justice!\n|-singleturn|p2b: Justice!|Helping Hand|[of] p2a: Hope\n|move|p1b: Aerodactyl|Protect|p1b: Aerodactyl\n|-singleturn|p1b: Aerodactyl|Protect\n|move|p2b: Justice!|Hyper Voice|p1b: Aerodactyl|[spread] p1a\n|-activate|p1b: Aerodactyl|move: Protect\n|-resisted|p1a: Typhlosion|1\n|-damage|p1a: Typhlosion|0 fnt\n|faint|p1a: Typhlosion\n|\n|-heal|p2a: Hope|100/100|[from] item: Leftovers\n|upkeep\n|\n|t:|1776405971\n|switch|p1a: Meganium|Meganium-Mega, L50, F|100/100\n|turn|5\n|\n|t:|1776405975\n|move|p2a: Hope|Helping Hand|p2b: Justice!\n|-singleturn|p2b: Justice!|Helping Hand|[of] p2a: Hope\n|move|p1a: Meganium|Protect|p1a: Meganium\n|-singleturn|p1a: Meganium|Protect\n|move|p2b: Justice!|Hyper Voice|p1a: Meganium|[spread] p1b\n|-activate|p1a: Meganium|move: Protect\n|-enditem|p1b: Aerodactyl|Focus Sash\n|-damage|p1b: Aerodactyl|1/100\n|move|p1b: Aerodactyl|Tailwind|p1b: Aerodactyl\n|-sidestart|p1: dftx|move: Tailwind\n|\n|-fieldend|move: Trick Room\n|upkeep\n|turn|6\n|inactive|dftx has 30 seconds left.\n|\n|t:|1776406009\n|move|p1b: Aerodactyl|Protect|p1b: Aerodactyl\n|-singleturn|p1b: Aerodactyl|Protect\n|move|p2b: Justice!|Protect|p2b: Justice!\n|-singleturn|p2b: Justice!|Protect\n|move|p1a: Meganium|Solar Beam||[still]\n|-prepare|p1a: Meganium|Solar Beam\n|-activate|p1a: Meganium|ability: Mega Sol\n|-anim|p1a: Meganium|Solar Beam|p2a: Hope\n|-damage|p2a: Hope|24/100\n|move|p2a: Hope|Trick Room|p2a: Hope\n|-fieldstart|move: Trick Room|[of] p2a: Hope\n|\n|-heal|p2a: Hope|31/100|[from] item: Leftovers\n|upkeep\n|turn|7\n|\n|t:|1776406030\n|move|p2a: Hope|Helping Hand|p2b: Justice!\n|-singleturn|p2b: Justice!|Helping Hand|[of] p2a: Hope\n|move|p1a: Meganium|Protect|p1a: Meganium\n|-singleturn|p1a: Meganium|Protect\n|move|p2b: Justice!|Hyper Voice|p1a: Meganium|[spread] p1b\n|-activate|p1a: Meganium|move: Protect\n|-damage|p1b: Aerodactyl|0 fnt\n|faint|p1b: Aerodactyl\n|\n|-heal|p2a: Hope|37/100|[from] item: Leftovers\n|upkeep\n|turn|8\n|\n|t:|1776406045\n|move|p2a: Hope|Helping Hand|p2b: Justice!\n|-singleturn|p2b: Justice!|Helping Hand|[of] p2a: Hope\n|move|p2b: Justice!|Mystical Fire|p1a: Meganium\n|-supereffective|p1a: Meganium|1\n|-damage|p1a: Meganium|7/100\n|-unboost|p1a: Meganium|spa|1\n|move|p1a: Meganium|Dazzling Gleam|p2b: Justice!|[spread] p2a,p2b\n|-damage|p2a: Hope|15/100\n|-damage|p2b: Justice!|80/100\n|\n|-heal|p2a: Hope|21/100|[from] item: Leftovers\n|-sideend|p1: dftx|move: Tailwind\n|upkeep\n|turn|9\n|\n|t:|1776406056\n|move|p2a: Hope|Helping Hand|p2b: Justice!\n|-singleturn|p2b: Justice!|Helping Hand|[of] p2a: Hope\n|move|p1a: Meganium|Dazzling Gleam|p2a: Hope|[spread] p2a,p2b\n|-crit|p2a: Hope\n|-damage|p2a: Hope|0 fnt\n|-damage|p2b: Justice!|60/100\n|faint|p2a: Hope\n|move|p2b: Justice!|Mystical Fire|p1a: Meganium\n|-supereffective|p1a: Meganium|1\n|-damage|p1a: Meganium|0 fnt\n|faint|p1a: Meganium\n|\n|win|IDon'tWinBattles\n|raw|dftx's rating: 1119 &rarr; <strong>1095</strong><br />(-24 for losing)\n|raw|IDon&apos;tWinBattles's rating: 1130 &rarr; <strong>1154</strong><br />(+24 for winning)\n|c|\u2606IDon'tWinBattles|gg\n",
  "uploadtime": 1776406061,
  "views": 33,
  "formatid": "gen9championsvgc2026regma",
  "rating": 1095,
  "private": 0,
  "password": null
}