{
  "id": "gen9championsvgc2026regma-2584344833",
  "format": "[Gen 9 Champions] VGC 2026 Reg M-A",
  "players": [
    "Willemmm",
    "Zhi2"
  ],
  "log": "|j|\u203dWillemmm\n|j|\u2606Zhi2\n|t:|1776253358\n|gametype|doubles\n|player|p1|Willemmm|2|1050\n|player|p2|Zhi2|266|1146\n|gen|9\n|tier|[Gen 9 Champions] VGC 2026 Reg M-A\n|rated|\n|rule|Species Clause: Limit one of each Pok\u00e9mon\n|rule|Item Clause: Limit 1 of each item\n|clearpoke\n|poke|p1|Floette-Eternal, L50, F|\n|poke|p1|Aerodactyl, L50, M|\n|poke|p1|Milotic, L50, M|\n|poke|p1|Drampa, L50, F|\n|poke|p1|Incineroar, L50, M|\n|poke|p1|Tinkaton, L50, F|\n|poke|p2|Pelipper, L50, M|\n|poke|p2|Blastoise, L50, F|\n|poke|p2|Starmie, L50|\n|poke|p2|Sinistcha, L50|\n|poke|p2|Kingambit, L50, M|\n|poke|p2|Garchomp, L50, F|\n|teampreview|4\n|inactive|Battle timer is ON: inactive players will automatically lose when time's up. (requested by Willemmm)\nWillemmm rejected open team sheets.\n|\n|t:|1776253406\n|teamsize|p1|4\n|teamsize|p2|4\n|start\n|switch|p1a: Incineroar|Incineroar, L50, M|100/100\n|switch|p1b: Milotic|Milotic, L50, M|100/100\n|switch|p2a: Starmie|Starmie, L50|100/100\n|switch|p2b: Kingambit|Kingambit, L50, M|100/100\n|-ability|p1a: Incineroar|Intimidate|boost\n|-unboost|p2a: Starmie|atk|1\n|-unboost|p2b: Kingambit|atk|1\n|-ability|p2b: Kingambit|Defiant|boost\n|-boost|p2b: Kingambit|atk|2\n|turn|1\n|\n|t:|1776253424\n|detailschange|p2a: Starmie|Starmie-Mega, L50\n|-mega|p2a: Starmie|Starmie|Starminite\n|move|p1a: Incineroar|Fake Out|p2a: Starmie\n|-damage|p2a: Starmie|86/100\n|cant|p2a: Starmie|flinch\n|move|p1b: Milotic|Coil|p1b: Milotic\n|-boost|p1b: Milotic|atk|1\n|-boost|p1b: Milotic|def|1\n|-boost|p1b: Milotic|accuracy|1\n|move|p2b: Kingambit|Brick Break|p1a: Incineroar\n|-supereffective|p1a: Incineroar|1\n|-damage|p1a: Incineroar|38/100\n|-enditem|p1a: Incineroar|Sitrus Berry|[eat]\n|-heal|p1a: Incineroar|63/100|[from] item: Sitrus Berry\n|\n|upkeep\n|turn|2\n|inactive|Zhi2 has 30 seconds left.\n|\n|t:|1776253453\n|move|p2a: Starmie|Flip Turn|p1a: Incineroar\n|-supereffective|p1a: Incineroar|1\n|-damage|p1a: Incineroar|9/100\n|\n|t:|1776253459\n|switch|p2a: Sinistcha|Sinistcha, L50|100/100|[from] Flip Turn\n|move|p1b: Milotic|Coil|p1b: Milotic\n|-boost|p1b: Milotic|atk|1\n|-boost|p1b: Milotic|def|1\n|-boost|p1b: Milotic|accuracy|1\n|move|p1a: Incineroar|Parting Shot|p2a: Sinistcha\n|-unboost|p2a: Sinistcha|atk|1\n|-unboost|p2a: Sinistcha|spa|1\n|\n|t:|1776253472\n|switch|p1a: Floette|Floette-Eternal, L50, F|100/100|[from] Parting Shot\n|move|p2b: Kingambit|Brick Break|p1b: Milotic\n|-damage|p1b: Milotic|75/100\n|\n|-heal|p1b: Milotic|81/100|[from] item: Leftovers\n|upkeep\n|turn|3\n|\n|t:|1776253484\n|detailschange|p1a: Floette|Floette-Mega, L50, F\n|-mega|p1a: Floette|Floette|Floettite\n|-ability|p1a: Floette|Fairy Aura\n|move|p1a: Floette|Protect|p1a: Floette\n|-singleturn|p1a: Floette|Protect\n|move|p1b: Milotic|Ice Beam|p2a: Sinistcha\n|-supereffective|p2a: Sinistcha|1\n|-damage|p2a: Sinistcha|62/100\n|move|p2a: Sinistcha|Matcha Gotcha|p1b: Milotic|[spread] p1b\n|-activate|p1a: Floette|move: Protect\n|-supereffective|p1b: Milotic|1\n|-damage|p1b: Milotic|62/100\n|-heal|p2a: Sinistcha|73/100|[from] drain|[of] p1b: Milotic\n|move|p2b: Kingambit|Iron Head|p1a: Floette\n|-activate|p1a: Floette|move: Protect\n|\n|-heal|p1b: Milotic|68/100|[from] item: Leftovers\n|upkeep\n|turn|4\n|inactive|Willemmm has 30 seconds left.\n|inactive|Zhi2 has 30 seconds left.\n|\n|t:|1776253515\n|switch|p1a: Drampa|Drampa, L50, F|100/100\n|-ability|p1a: Drampa|Cloud Nine\n|move|p1b: Milotic|Muddy Water|p2b: Kingambit|[spread] p2a,p2b\n|-resisted|p2a: Sinistcha|1\n|-damage|p2a: Sinistcha|63/100\n|-damage|p2b: Kingambit|76/100\n|move|p2a: Sinistcha|Matcha Gotcha|p1a: Drampa|[spread] p1a,p1b\n|-resisted|p1a: Drampa|1\n|-supereffective|p1b: Milotic|1\n|-damage|p1a: Drampa|91/100\n|-heal|p2a: Sinistcha|68/100|[from] drain|[of] p1a: Drampa\n|-damage|p1b: Milotic|50/100\n|-heal|p2a: Sinistcha|79/100|[from] drain|[of] p1b: Milotic\n|move|p2b: Kingambit|Iron Head|p1a: Drampa\n|-damage|p1a: Drampa|5/100\n|\n|-heal|p1b: Milotic|55/100|[from] item: Leftovers\n|upkeep\n|turn|5\n|inactive|Willemmm has 30 seconds left.\n|inactive|Zhi2 has 30 seconds left.\n|\n|t:|1776253542\n|move|p1b: Milotic|Recover|p1b: Milotic\n|-heal|p1b: Milotic|100/100\n|move|p2a: Sinistcha|Matcha Gotcha|p1a: Drampa|[spread] p1a,p1b\n|-resisted|p1a: Drampa|1\n|-supereffective|p1b: Milotic|1\n|-damage|p1a: Drampa|0 fnt\n|-heal|p2a: Sinistcha|81/100|[from] drain|[of] p1a: Drampa\n|-damage|p1b: Milotic|80/100\n|-heal|p2a: Sinistcha|93/100|[from] drain|[of] p1b: Milotic\n|faint|p1a: Drampa\n|move|p2b: Kingambit|Brick Break|p1b: Milotic\n|-damage|p1b: Milotic|55/100\n|\n|-heal|p1b: Milotic|61/100|[from] item: Leftovers\n|upkeep\n|\n|t:|1776253560\n|switch|p1a: Incineroar|Incineroar, L50, M|9/100\n|-ability|p1a: Incineroar|Intimidate|boost\n|-unboost|p2a: Sinistcha|atk|1\n|-unboost|p2b: Kingambit|atk|1\n|-ability|p2b: Kingambit|Defiant|boost\n|-boost|p2b: Kingambit|atk|2\n|turn|6\n|\n|t:|1776253583\n|move|p1b: Milotic|Muddy Water|p2a: Sinistcha|[spread] p2a,p2b\n|-resisted|p2a: Sinistcha|1\n|-damage|p2a: Sinistcha|84/100\n|-damage|p2b: Kingambit|54/100\n|move|p2a: Sinistcha|Matcha Gotcha|p1b: Milotic|[spread] p1a,p1b\n|-resisted|p1a: Incineroar|1\n|-supereffective|p1b: Milotic|1\n|-damage|p1a: Incineroar|2/100\n|-heal|p2a: Sinistcha|88/100|[from] drain|[of] p1a: Incineroar\n|-damage|p1b: Milotic|43/100\n|-heal|p2a: Sinistcha|98/100|[from] drain|[of] p1b: Milotic\n|move|p1a: Incineroar|Flare Blitz|p2b: Kingambit\n|-supereffective|p2b: Kingambit|1\n|-damage|p2b: Kingambit|0 fnt\n|faint|p2b: Kingambit\n|-damage|p1a: Incineroar|0 fnt|[from] Recoil\n|faint|p1a: Incineroar\n|\n|-heal|p1b: Milotic|49/100|[from] item: Leftovers\n|upkeep\n|\n|t:|1776253606\n|switch|p1a: Floette|Floette-Mega, L50, F|100/100\n|switch|p2b: Starmie|Starmie-Mega, L50|86/100\n|-ability|p1a: Floette|Fairy Aura\n|turn|7\n|\n|t:|1776253620\n|switch|p2a: Pelipper|Pelipper, L50, M|100/100\n|-weather|RainDance|[from] ability: Drizzle|[of] p2a: Pelipper\n|move|p2b: Starmie|Flip Turn|p1a: Floette\n|-damage|p1a: Floette|0 fnt\n|faint|p1a: Floette\n|\n|t:|1776253628\n|switch|p2b: Sinistcha|Sinistcha, L50|98/100|[from] Flip Turn\n|move|p1b: Milotic|Recover|p1b: Milotic\n|-heal|p1b: Milotic|99/100\n|\n|-weather|RainDance|[upkeep]\n|-heal|p1b: Milotic|100/100|[from] item: Leftovers\n|upkeep\n|turn|8\n|\n|t:|1776253639\n|move|p1b: Milotic|Ice Beam|p2b: Sinistcha\n|-supereffective|p2b: Sinistcha|1\n|-damage|p2b: Sinistcha|59/100\n|move|p2b: Sinistcha|Matcha Gotcha|p1b: Milotic\n|-supereffective|p1b: Milotic|1\n|-damage|p1b: Milotic|64/100\n|-heal|p2b: Sinistcha|80/100|[from] drain|[of] p1b: Milotic\n|move|p2a: Pelipper|Hurricane|p1b: Milotic\n|-damage|p1b: Milotic|42/100\n|-start|p1b: Milotic|confusion\n|\n|-weather|RainDance|[upkeep]\n|-heal|p1b: Milotic|48/100|[from] item: Leftovers\n|upkeep\n|turn|9\n|-message|Willemmm forfeited.\n|\n|win|Zhi2\n|raw|Willemmm's rating: 1050 &rarr; <strong>1037</strong><br />(-13 for losing)\n|raw|Zhi2's rating: 1146 &rarr; <strong>1164</strong><br />(+18 for winning)\n|l|\u203dWillemmm\n|player|p1|\n|l|\u2606Zhi2\n|player|p2|\n|j|\u2606Zhi2\n|player|p2|Zhi2|266|\n",
  "uploadtime": 1776253667,
  "views": 23,
  "formatid": "gen9championsvgc2026regma",
  "rating": 1037,
  "private": 0,
  "password": null
}