{
  "id": "gen9championsvgc2026regma-2583381636",
  "format": "[Gen 9 Champions] VGC 2026 Reg M-A",
  "players": [
    "24darklight24",
    "PanadolSniffer"
  ],
  "log": "|j|\u260624darklight24\n|j|\u2606PanadolSniffer\n|t:|1776171715\n|gametype|doubles\n|player|p1|24darklight24|101|1068\n|player|p2|PanadolSniffer|1|1140\n|gen|9\n|tier|[Gen 9 Champions] VGC 2026 Reg M-A\n|rated|\n|rule|Species Clause: Limit one of each Pok\u00e9mon\n|rule|Item Clause: Limit 1 of each item\n|clearpoke\n|poke|p1|Starmie, L50|\n|poke|p1|Dragonite, L50, F|\n|poke|p1|Incineroar, L50, M|\n|poke|p1|Sableye, L50, M|\n|poke|p1|Meowscarada, L50, F|\n|poke|p1|Kingambit, L50, F|\n|poke|p2|Greninja-*, L50, F|\n|poke|p2|Pelipper, L50, F|\n|poke|p2|Basculegion, L50, M|\n|poke|p2|Sneasler, L50, F|\n|poke|p2|Gliscor, L50, F|\n|poke|p2|Oranguru, L50, M|\n|teampreview|4\n|inactive|Battle timer is ON: inactive players will automatically lose when time's up. (requested by 24darklight24)\n24darklight24 rejected open team sheets.\n|\n|t:|1776171757\n|teamsize|p1|4\n|teamsize|p2|4\n|start\n|switch|p1a: Kingambit|Kingambit, L50, F|100/100\n|switch|p1b: Meowscarada|Meowscarada, L50, F|100/100\n|switch|p2a: Greninja|Greninja, L50, F, shiny|100/100\n|switch|p2b: Pelipper|Pelipper, L50, F|100/100\n|-weather|RainDance|[from] ability: Drizzle|[of] p2b: Pelipper\n|turn|1\n|inactive|24darklight24 has 30 seconds left.\n|\n|t:|1776171784\n|move|p2a: Greninja|Protect|p2a: Greninja\n|-start|p2a: Greninja|typechange|Normal|[from] ability: Protean\n|-singleturn|p2a: Greninja|Protect\n|move|p1b: Meowscarada|Knock Off|p2a: Greninja\n|-start|p1b: Meowscarada|typechange|Dark|[from] ability: Protean\n|-activate|p2a: Greninja|move: Protect\n|move|p2b: Pelipper|Tailwind|p2b: Pelipper\n|-sidestart|p2: PanadolSniffer|move: Tailwind\n|move|p1a: Kingambit|Low Kick|p2a: Greninja\n|-activate|p2a: Greninja|move: Protect\n|\n|-weather|RainDance|[upkeep]\n|upkeep\n|turn|2\n|inactive|24darklight24 has 30 seconds left.\n|inactive|PanadolSniffer has 30 seconds left.\n|inactive|PanadolSniffer has 20 seconds left.\n|inactive|PanadolSniffer has 15 seconds left.\n|\n|t:|1776171826\n|move|p2b: Pelipper|Helping Hand|p2a: Greninja\n|-singleturn|p2a: Greninja|Helping Hand|[of] p2b: Pelipper\n|move|p1a: Kingambit|Sucker Punch|p2a: Greninja\n|-damage|p2a: Greninja|47/100\n|move|p2a: Greninja|Surf|p1b: Meowscarada|[spread] p2b,p1a,p1b\n|-resisted|p2b: Pelipper|1\n|-damage|p2b: Pelipper|68/100\n|-damage|p1a: Kingambit|49/100\n|-damage|p1b: Meowscarada|27/100\n|move|p1b: Meowscarada|Acrobatics|p2a: Greninja\n|-damage|p2a: Greninja|17/100\n|\n|-weather|RainDance|[upkeep]\n|-heal|p2b: Pelipper|74/100|[from] item: Leftovers\n|upkeep\n|turn|3\n|inactive|PanadolSniffer has 30 seconds left.\n|inactive|24darklight24 has 30 seconds left.\n|\n|t:|1776171864\n|move|p2a: Greninja|Protect|p2a: Greninja\n|-singleturn|p2a: Greninja|Protect\n|move|p1a: Kingambit|Protect|p1a: Kingambit\n|-singleturn|p1a: Kingambit|Protect\n|move|p2b: Pelipper|Weather Ball|p1a: Kingambit\n|-activate|p1a: Kingambit|move: Protect\n|move|p1b: Meowscarada|Triple Axel|p2b: Pelipper\n|-damage|p2b: Pelipper|66/100\n|-damage|p2b: Pelipper|52/100\n|-damage|p2b: Pelipper|30/100\n|-hitcount|p2b: Pelipper|3\n|\n|-weather|RainDance|[upkeep]\n|-heal|p2b: Pelipper|36/100|[from] item: Leftovers\n|upkeep\n|turn|4\n|inactive|24darklight24 has 30 seconds left.\n|inactive|PanadolSniffer has 30 seconds left.\n|inactive|PanadolSniffer has 20 seconds left.\n|inactive|PanadolSniffer has 15 seconds left.\n|\n|t:|1776171910\n|switch|p2a: Sneasler|Sneasler, L50, F|100/100\n|move|p1a: Kingambit|Sucker Punch||[still]\n|-fail|p1a: Kingambit\n|move|p2b: Pelipper|Weather Ball|p1b: Meowscarada\n|-damage|p1b: Meowscarada|0 fnt\n|faint|p1b: Meowscarada\n|\n|-weather|RainDance|[upkeep]\n|-heal|p2b: Pelipper|42/100|[from] item: Leftovers\n|-sideend|p2: PanadolSniffer|move: Tailwind\n|upkeep\n|\n|t:|1776171923\n|switch|p1b: Dragonite|Dragonite, L50, F|100/100\n|turn|5\n|\n|t:|1776171938\n|move|p2a: Sneasler|Fake Out|p1b: Dragonite\n|-damage|p1b: Dragonite|86/100\n|move|p1a: Kingambit|Sucker Punch||[still]\n|-fail|p1a: Kingambit\n|move|p1b: Dragonite|Tailwind|p1b: Dragonite\n|-sidestart|p1: 24darklight24|move: Tailwind\n|move|p2b: Pelipper|Tailwind|p2b: Pelipper\n|-sidestart|p2: PanadolSniffer|move: Tailwind\n|\n|-weather|none\n|-heal|p2b: Pelipper|48/100|[from] item: Leftovers\n|upkeep\n|turn|6\n|inactive|PanadolSniffer has 30 seconds left.\n|inactive|PanadolSniffer has 20 seconds left.\n|\n|t:|1776171976\n|switch|p2b: Greninja|Greninja, L50, F, shiny|17/100\n|move|p1a: Kingambit|Sucker Punch|p2a: Sneasler\n|-resisted|p2a: Sneasler|1\n|-damage|p2a: Sneasler|74/100\n|move|p2a: Sneasler|Close Combat|p1a: Kingambit\n|-supereffective|p1a: Kingambit|2\n|-enditem|p1a: Kingambit|Chople Berry|[eat]\n|-enditem|p1a: Kingambit|Chople Berry|[weaken]\n|-damage|p1a: Kingambit|0 fnt\n|-unboost|p2a: Sneasler|def|1\n|-unboost|p2a: Sneasler|spd|1\n|faint|p1a: Kingambit\n|move|p1b: Dragonite|Aerial Ace|p2a: Sneasler\n|-supereffective|p2a: Sneasler|1\n|-damage|p2a: Sneasler|0 fnt\n|faint|p2a: Sneasler\n|\n|upkeep\n|\n|t:|1776171994\n|switch|p2a: Pelipper|Pelipper, L50, F|48/100\n|switch|p1a: Starmie|Starmie, L50|100/100\n|-weather|RainDance|[from] ability: Drizzle|[of] p2a: Pelipper\n|turn|7\n|inactive|PanadolSniffer has 30 seconds left.\n|\n|t:|1776172028\n|detailschange|p2b: Greninja|Greninja-Mega, L50, F, shiny\n|-mega|p2b: Greninja|Greninja|Greninjite\n|detailschange|p1a: Starmie|Starmie-Mega, L50\n|-mega|p1a: Starmie|Starmie|Starminite\n|move|p2a: Pelipper|Helping Hand|p2b: Greninja\n|-singleturn|p2b: Greninja|Helping Hand|[of] p2a: Pelipper\n|move|p1b: Dragonite|Extreme Speed|p2b: Greninja\n|-damage|p2b: Greninja|0 fnt\n|faint|p2b: Greninja\n|move|p1a: Starmie|Skill Swap|p1b: Dragonite\n|-activate|p1a: Starmie|Skill Swap|||[of] p1b: Dragonite\n|\n|-weather|RainDance|[upkeep]\n|-heal|p2a: Pelipper|54/100|[from] item: Leftovers\n|upkeep\n|\n|t:|1776172041\n|switch|p2b: Basculegion|Basculegion, L50, M|100/100\n|turn|8\n|inactive|24darklight24 has 30 seconds left.\n|\n|t:|1776172075\n|move|p2a: Pelipper|Helping Hand|p2b: Basculegion\n|-singleturn|p2b: Basculegion|Helping Hand|[of] p2a: Pelipper\n|move|p1a: Starmie|Protect|p1a: Starmie\n|-singleturn|p1a: Starmie|Protect\n|move|p1b: Dragonite|Extreme Speed|p2a: Pelipper\n|-damage|p2a: Pelipper|0 fnt\n|faint|p2a: Pelipper\n|move|p2b: Basculegion|Last Respects|p1a: Starmie\n|-activate|p1a: Starmie|move: Protect\n|\n|-weather|RainDance|[upkeep]\n|-sideend|p1: 24darklight24|move: Tailwind\n|-sideend|p2: PanadolSniffer|move: Tailwind\n|upkeep\n|turn|9\n|\n|t:|1776172099\n|move|p2b: Basculegion|Last Respects|p1a: Starmie\n|-supereffective|p1a: Starmie|1\n|-damage|p1a: Starmie|0 fnt\n|faint|p1a: Starmie\n|move|p1b: Dragonite|Dragon Claw|p2b: Basculegion\n|-damage|p2b: Basculegion|0 fnt\n|faint|p2b: Basculegion\n|\n|win|24darklight24\n|raw|24darklight24's rating: 1068 &rarr; <strong>1104</strong><br />(+36 for winning)\n|raw|PanadolSniffer's rating: 1140 &rarr; <strong>1110</strong><br />(-30 for losing)\n|l|\u2606PanadolSniffer\n|player|p2|\n",
  "uploadtime": 1776172111,
  "views": 22,
  "formatid": "gen9championsvgc2026regma",
  "rating": 1104,
  "private": 0,
  "password": null
}