{
  "id": "gen9championsvgc2026regma-2580844338",
  "format": "[Gen 9 Champions] VGC 2026 Reg M-A",
  "players": [
    "dhyn964",
    "AgsAllDay12"
  ],
  "log": "|j|\u2606dhyn964\n|j|\u2606AgsAllDay12\n|t:|1775937104\n|gametype|doubles\n|player|p1|dhyn964|102|1049\n|player|p2|AgsAllDay12|265|1000\n|gen|9\n|tier|[Gen 9 Champions] VGC 2026 Reg M-A\n|rated|\n|rule|Species Clause: Limit one of each Pok\u00e9mon\n|rule|Item Clause: Limit 1 of each item\n|clearpoke\n|poke|p1|Zoroark-Hisui, L50, M|\n|poke|p1|Froslass, L50, F|\n|poke|p1|Whimsicott, L50, F|\n|poke|p1|Crabominable, L50, M|\n|poke|p1|Incineroar, L50, M|\n|poke|p1|Kingambit, L50, F|\n|poke|p2|Floette-Eternal, L50, F|\n|poke|p2|Delphox, L50, F|\n|poke|p2|Incineroar, L50, M|\n|poke|p2|Aerodactyl, L50, M|\n|poke|p2|Maushold, L50|\n|poke|p2|Garchomp, L50, F|\n|teampreview|4\n|inactive|Battle timer is ON: inactive players will automatically lose when time's up. (requested by dhyn964)\ndhyn964 rejected open team sheets.\n|inactive|dhyn964 has 60 seconds left.\n|inactive|AgsAllDay12 has 60 seconds left.\n|\n|t:|1775937146\n|teamsize|p1|4\n|teamsize|p2|4\n|start\n|switch|p1a: Crabominable|Crabominable, L50, M|100/100\n|switch|p1b: Froslass|Froslass, L50, F|100/100\n|switch|p2a: Maushold|Maushold, L50|100/100\n|switch|p2b: Floette|Floette-Eternal, L50, F|100/100\n|turn|1\n|inactive|dhyn964 has 30 seconds left.\n|inactive|AgsAllDay12 has 30 seconds left.\n|\n|t:|1775937177\n|detailschange|p1b: Froslass|Froslass-Mega, L50, F\n|-mega|p1b: Froslass|Froslass|Froslassite\n|-weather|Snowscape|[from] ability: Snow Warning|[of] p1b: Froslass\n|detailschange|p2b: Floette|Floette-Mega, L50, F\n|-mega|p2b: Floette|Floette|Floettite\n|-ability|p2b: Floette|Fairy Aura\n|move|p2a: Maushold|Follow Me|p2a: Maushold\n|-singleturn|p2a: Maushold|move: Follow Me\n|move|p1a: Crabominable|Icy Wind|p2a: Maushold|[spread] p2a,p2b\n|-damage|p2a: Maushold|83/100\n|-damage|p2b: Floette|93/100\n|-unboost|p2a: Maushold|spe|1\n|-unboost|p2b: Floette|spe|1\n|move|p1b: Froslass|Blizzard|p2a: Maushold|[spread] p2a,p2b\n|-damage|p2a: Maushold|20/100\n|-damage|p2b: Floette|64/100\n|-status|p2a: Maushold|frz\n|move|p2b: Floette|Calm Mind|p2b: Floette\n|-boost|p2b: Floette|spa|1\n|-boost|p2b: Floette|spd|1\n|\n|-weather|Snowscape|[upkeep]\n|upkeep\n|turn|2\n|inactive|dhyn964 has 30 seconds left.\n|\n|t:|1775937210\n|cant|p2a: Maushold|frz\n|move|p1a: Crabominable|Bitter Malice|p2b: Floette\n|-damage|p2b: Floette|50/100\n|-unboost|p2b: Floette|atk|1\n|move|p1b: Froslass|Blizzard|p2b: Floette|[spread] p2a,p2b\n|-damage|p2a: Maushold|0 fnt\n|-damage|p2b: Floette|34/100\n|-status|p2b: Floette|frz\n|faint|p2a: Maushold\n|-curestatus|p2b: Floette|frz|[msg]\n|move|p2b: Floette|Dazzling Gleam|p1a: Crabominable|[spread] p1a,p1b\n|-enditem|p1a: Crabominable|Focus Sash\n|-damage|p1a: Crabominable|1/100\n|-damage|p1b: Froslass|19/100\n|replace|p1a: Zoroark|Zoroark-Hisui, L50, M\n|-end|p1a: Zoroark|Illusion\n|\n|-weather|Snowscape|[upkeep]\n|upkeep\n|\n|t:|1775937233\n|switch|p2a: Aerodactyl|Aerodactyl, L50, M|100/100\n|-ability|p2a: Aerodactyl|Unnerve\n|turn|3\n|\n|t:|1775937263\n|move|p2a: Aerodactyl|Rock Slide|p1b: Froslass|[spread] p1a,p1b\n|-supereffective|p1b: Froslass|1\n|-damage|p1a: Zoroark|0 fnt\n|-damage|p1b: Froslass|0 fnt\n|faint|p1a: Zoroark\n|faint|p1b: Froslass\n|move|p2b: Floette|Dazzling Gleam|p1: Zoroark|[notarget]\n|-fail|p2b: Floette\n|\n|-weather|Snowscape|[upkeep]\n|upkeep\n|\n|t:|1775937266\n|switch|p1a: Whimsicott|Whimsicott, L50, F|100/100\n|switch|p1b: Crabominable|Crabominable, L50, M|100/100\n|turn|4\n|\n|t:|1775937283\n|move|p2b: Floette|Protect|p2b: Floette\n|-singleturn|p2b: Floette|Protect\n|move|p1a: Whimsicott|Tailwind|p1a: Whimsicott\n|-sidestart|p1: dhyn964|move: Tailwind\n|move|p2a: Aerodactyl|Tailwind|p2a: Aerodactyl\n|-sidestart|p2: AgsAllDay12|move: Tailwind\n|move|p1b: Crabominable|Rock Slide|p2b: Floette|[spread] p2a\n|-activate|p2b: Floette|move: Protect\n|-supereffective|p2a: Aerodactyl|1\n|-damage|p2a: Aerodactyl|27/100\n|\n|-weather|Snowscape|[upkeep]\n|upkeep\n|turn|5\n|\n|t:|1775937307\n|move|p1a: Whimsicott|Encore|p2a: Aerodactyl\n|-start|p2a: Aerodactyl|Encore\n|move|p2a: Aerodactyl|Tailwind||[still]\n|-fail|p2a: Aerodactyl\n|move|p2b: Floette|Dazzling Gleam|p1b: Crabominable|[spread] p1a,p1b\n|-supereffective|p1b: Crabominable|1\n|-damage|p1a: Whimsicott|7/100\n|-damage|p1b: Crabominable|0 fnt\n|faint|p1b: Crabominable\n|\n|-weather|none\n|upkeep\n|turn|6\n|\n|t:|1775937321\n|switch|p2a: Garchomp|Garchomp, L50, F|100/100\n|move|p1a: Whimsicott|Moonblast|p2b: Floette\n|-damage|p2b: Floette|17/100\n|move|p2b: Floette|Dazzling Gleam|p1a: Whimsicott\n|-crit|p1a: Whimsicott\n|-damage|p1a: Whimsicott|0 fnt\n|faint|p1a: Whimsicott\n|\n|win|AgsAllDay12\n",
  "uploadtime": 1775937106,
  "views": 14,
  "formatid": "gen9championsvgc2026regma",
  "rating": null,
  "private": 0,
  "password": null
}