{
  "id": "gen9championsvgc2026regma-2587256284",
  "format": "[Gen 9 Champions] VGC 2026 Reg M-A",
  "players": [
    "colfox",
    "dhruvsingh2406"
  ],
  "log": "|j|\u2606colfox\n|j|\u2606dhruvsingh2406\n|t:|1776515123\n|gametype|doubles\n|player|p1|colfox|266|1190\n|player|p2|dhruvsingh2406|169|1092\n|gen|9\n|tier|[Gen 9 Champions] VGC 2026 Reg M-A\n|rated|\n|rule|Species Clause: Limit one of each Pok\u00e9mon\n|rule|Item Clause: Limit 1 of each item\n|clearpoke\n|poke|p1|Tyranitar, L50, F|\n|poke|p1|Excadrill, L50, F|\n|poke|p1|Dragapult, L50, M|\n|poke|p1|Milotic, L50, F|\n|poke|p1|Raichu, L50, M|\n|poke|p1|Scizor, L50, F|\n|poke|p2|Charizard, L50, M, shiny|\n|poke|p2|Incineroar, L50, F, shiny|\n|poke|p2|Typhlosion-Hisui, L50, M, shiny|\n|poke|p2|Meganium, L50, F, shiny|\n|poke|p2|Milotic, L50, F, shiny|\n|poke|p2|Whimsicott, L50, F, shiny|\n|teampreview|4\n|inactive|Battle timer is ON: inactive players will automatically lose when time's up. (requested by dhruvsingh2406)\n|\n|t:|1776515143\n|teamsize|p1|4\n|teamsize|p2|4\n|start\n|switch|p1a: Milotic|Milotic, L50, F|100/100\n|switch|p1b: Raichu|Raichu, L50, M|100/100\n|switch|p2a: Milotic|Milotic, L50, F, shiny|100/100\n|switch|p2b: Whimsicott|Whimsicott, L50, F, shiny|100/100\n|turn|1\n|inactive|dhruvsingh2406 has 30 seconds left.\n|inactive|dhruvsingh2406 has 20 seconds left.\n|inactive|dhruvsingh2406 has 15 seconds left.\n|inactive|dhruvsingh2406 has 10 seconds left.\n|inactive|dhruvsingh2406 has 5 seconds left.\n|\n|t:|1776515194\n|move|p1b: Raichu|Fake Out|p2b: Whimsicott\n|-damage|p2b: Whimsicott|91/100\n|cant|p2b: Whimsicott|flinch\n|move|p1a: Milotic|Icy Wind|p2a: Milotic|[spread] p2a,p2b\n|-resisted|p2a: Milotic|1\n|-crit|p2a: Milotic\n|-supereffective|p2b: Whimsicott|1\n|-damage|p2a: Milotic|94/100\n|-damage|p2b: Whimsicott|56/100\n|-unboost|p2a: Milotic|spe|1\n|-ability|p2a: Milotic|Competitive|boost\n|-boost|p2a: Milotic|spa|2\n|-unboost|p2b: Whimsicott|spe|1\n|move|p2a: Milotic|Scald|p1b: Raichu\n|-damage|p1b: Raichu|9/100\n|\n|upkeep\n|turn|2\n|\n|t:|1776515216\n|move|p2b: Whimsicott|Tailwind|p2b: Whimsicott\n|-sidestart|p2: dhruvsingh2406|move: Tailwind\n|move|p1b: Raichu|Thunderbolt|p2a: Milotic\n|-supereffective|p2a: Milotic|1\n|-enditem|p2a: Milotic|Wacan Berry|[eat]\n|-enditem|p2a: Milotic|Wacan Berry|[weaken]\n|-damage|p2a: Milotic|68/100\n|-status|p2a: Milotic|par\n|move|p1a: Milotic|Scald|p2b: Whimsicott\n|-resisted|p2b: Whimsicott|1\n|-damage|p2b: Whimsicott|31/100\n|move|p2a: Milotic|Scald|p1b: Raichu\n|-damage|p1b: Raichu|0 fnt\n|faint|p1b: Raichu\n|\n|upkeep\n|\n|t:|1776515235\n|switch|p1b: Excadrill|Excadrill, L50, F|100/100\n|turn|3\n|\n|t:|1776515253\n|move|p2b: Whimsicott|Fake Tears|p1b: Excadrill\n|-unboost|p1b: Excadrill|spd|2\n|move|p1b: Excadrill|High Horsepower|p2a: Milotic\n|-damage|p2a: Milotic|23/100 par\n|move|p1a: Milotic|Scald|p2a: Milotic\n|-resisted|p2a: Milotic|1\n|-damage|p2a: Milotic|12/100 par\n|move|p2a: Milotic|Scald|p1b: Excadrill\n|-supereffective|p1b: Excadrill|1\n|-damage|p1b: Excadrill|0 fnt\n|faint|p1b: Excadrill\n|\n|upkeep\n|\n|t:|1776515265\n|switch|p1b: Tyranitar|Tyranitar, L50, F|100/100\n|-weather|Sandstorm|[from] ability: Sand Stream|[of] p1b: Tyranitar\n|turn|4\n|\n|t:|1776515288\n|detailschange|p1b: Tyranitar|Tyranitar-Mega, L50, F\n|-mega|p1b: Tyranitar|Tyranitar|Tyranitarite\n|move|p1a: Milotic|Protect|p1a: Milotic\n|-singleturn|p1a: Milotic|Protect\n|move|p2b: Whimsicott|Fake Tears|p1b: Tyranitar\n|-hint|Since gen 7, Dark is immune to Prankster moves.\n|-immune|p1b: Tyranitar\n|move|p1b: Tyranitar|Rock Slide|p2b: Whimsicott|[spread] p2b\n|-miss|p1b: Tyranitar|p2a: Milotic\n|-damage|p2b: Whimsicott|0 fnt\n|faint|p2b: Whimsicott\n|move|p2a: Milotic|Scald|p1b: Tyranitar\n|-supereffective|p1b: Tyranitar|1\n|-damage|p1b: Tyranitar|48/100\n|-status|p1b: Tyranitar|brn\n|\n|-weather|Sandstorm|[upkeep]\n|-damage|p1a: Milotic|95/100|[from] Sandstorm\n|-damage|p2a: Milotic|6/100 par|[from] Sandstorm\n|-damage|p1b: Tyranitar|43/100 brn|[from] brn\n|upkeep\n|\n|t:|1776515301\n|switch|p2b: Charizard|Charizard, L50, M, shiny|100/100\n|turn|5\n|\n|t:|1776515324\n|move|p2a: Milotic|Helping Hand|p2b: Charizard\n|-singleturn|p2b: Charizard|Helping Hand|[of] p2a: Milotic\n|move|p2b: Charizard|Weather Ball|p1b: Tyranitar\n|-damage|p1b: Tyranitar|16/100 brn\n|move|p1a: Milotic|Scald|p2b: Charizard\n|-supereffective|p2b: Charizard|1\n|-damage|p2b: Charizard|2/100\n|move|p1b: Tyranitar|Rock Slide|p2a: Milotic|[spread] p2a,p2b\n|-supereffective|p2b: Charizard|2\n|-damage|p2a: Milotic|0 fnt\n|-damage|p2b: Charizard|0 fnt\n|faint|p2a: Milotic\n|faint|p2b: Charizard\n|\n|-weather|Sandstorm|[upkeep]\n|-damage|p1a: Milotic|89/100|[from] Sandstorm\n|-damage|p1b: Tyranitar|10/100 brn|[from] brn\n|-sideend|p2: dhruvsingh2406|move: Tailwind\n|upkeep\n|\n|t:|1776515334\n|switch|p2b: Typhlosion|Typhlosion-Hisui, L50, M, shiny|100/100\n|turn|6\n|\n|t:|1776515347\n|move|p2b: Typhlosion|Solar Beam||[still]\n|-prepare|p2b: Typhlosion|Solar Beam\n|move|p1a: Milotic|Scald|p2b: Typhlosion\n|-supereffective|p2b: Typhlosion|1\n|-damage|p2b: Typhlosion|0 fnt\n|faint|p2b: Typhlosion\n|\n|win|colfox\n|raw|colfox's rating: 1190 &rarr; <strong>1208</strong><br />(+18 for winning)\n|raw|dhruvsingh2406's rating: 1092 &rarr; <strong>1075</strong><br />(-17 for losing)\n",
  "uploadtime": 1776515354,
  "views": 15,
  "formatid": "gen9championsvgc2026regma",
  "rating": 1075,
  "private": 0,
  "password": null
}