{
  "id": "gen9championsvgc2026regma-2583988897",
  "format": "[Gen 9 Champions] VGC 2026 Reg M-A",
  "players": [
    "Kirnil",
    "ivoryP"
  ],
  "log": "|j|\u2606Kirnil\n|j|\u2606ivoryP\n|html|<table width=\"100%\"><tr><td align=\"left\">Kirnil</td><td align=\"right\">ivoryP</tr><tr><td align=\"left\"><i class=\"fa fa-circle-o\"></i> <i class=\"fa fa-circle-o\"></i> </td><td align=\"right\"><i class=\"fa fa-circle-o\"></i> <i class=\"fa fa-circle\"></i> </tr></table>\n|uhtml|bestof|<h2><strong>Game 2</strong> of <a href=\"/game-bestof3-gen9championsvgc2026regma-2583987032\">a best-of-3</a></h2>\n|t:|1776214564\n|gametype|doubles\n|player|p1|Kirnil|skierf|\n|player|p2|ivoryP|bugcatcher-gen4dp|\n|gen|9\n|tier|[Gen 9 Champions] VGC 2026 Reg M-A\n|rated|Tournament battle\n|rule|Species Clause: Limit one of each Pok\u00e9mon\n|rule|Item Clause: Limit 1 of each item\n|raw|<div class=\"infobox\"><details class=\"readmore\" open><summary><strong>2 custom rules:</strong></summary> Force Open Team Sheets, Best of = 3</details></div>\n|clearpoke\n|poke|p1|Pelipper, L50, F|\n|poke|p1|Heliolisk, L50, F|\n|poke|p1|Basculegion, L50, M|\n|poke|p1|Quaquaval, L50, M|\n|poke|p1|Scizor, L50, F|\n|poke|p1|Klefki, L50, M|\n|poke|p2|Gengar, L50, M|\n|poke|p2|Whimsicott, L50, M|\n|poke|p2|Volcarona, L50, F|\n|poke|p2|Pelipper, L50, M|\n|poke|p2|Tyranitar, L50, M|\n|poke|p2|Dragonite, L50, M|\n|teampreview|4\n|showteam|p1|Pelipper||BrightPowder|Drizzle|WeatherBall,Hurricane,Tailwind,Protect|||F|||50|]Heliolisk||Magnet|DrySkin|Thunderbolt,Glare,RainDance,Protect|||F|||50|]Basculegion||ChoiceScarf|Adaptability|LastRespects,WaveCrash,AquaJet,FlipTurn|||M|||50|]Quaquaval||FocusSash|Moxie|AquaStep,CloseCombat,TripleAxel,Protect|||M|||50|]Scizor||Scizorite|Technician|BulletPunch,CloseCombat,DualWingbeat,Protect|||F|||50|]Klefki||Leftovers|Prankster|FlashCannon,Reflect,LightScreen,ThunderWave|||M|||50|\n|showteam|p2|Gengar||Gengarite|CursedBody|ShadowBall,Protect,Disable,SludgeBomb|||M|||50|]Whimsicott||FocusSash|Prankster|Tailwind,Moonblast,Encore,FakeTears|||M|||50|]Volcarona||Leftovers|FlameBody|QuiverDance,HeatWave,BugBuzz,RagePowder|||F|||50|]Pelipper||ChoiceScarf|Drizzle|WeatherBall,Uturn,Hurricane,Tailwind|||M|||50|]Tyranitar||ShucaBerry|SandStream|RockSlide,KnockOff,Protect,HighHorsepower|||M|||50|]Dragonite||Dragoninite|InnerFocus|Thunder,Hurricane,DragonPulse,Protect|||M|||50|\n|inactive|Battle timer is ON: inactive players will automatically lose when time's up. (requested by Kirnil)\n|\n|t:|1776214603\n|teamsize|p1|4\n|teamsize|p2|4\n|start\n|switch|p1a: Klefki|Klefki, L50, M|100/100\n|switch|p1b: Quaquaval|Quaquaval, L50, M|100/100\n|switch|p2a: Dragonite|Dragonite, L50, M|100/100\n|switch|p2b: Whimsicott|Whimsicott, L50, M|100/100\n|turn|1\n|inactive|Kirnil has 30 seconds left.\n|\n|t:|1776214633\n|move|p2a: Dragonite|Protect|p2a: Dragonite\n|-singleturn|p2a: Dragonite|Protect\n|move|p2b: Whimsicott|Tailwind|p2b: Whimsicott\n|-sidestart|p2: ivoryP|move: Tailwind\n|move|p1a: Klefki|Thunder Wave|p2a: Dragonite\n|-activate|p2a: Dragonite|move: Protect\n|move|p1b: Quaquaval|Triple Axel|p2b: Whimsicott\n|-supereffective|p2b: Whimsicott|1\n|-damage|p2b: Whimsicott|77/100\n|-supereffective|p2b: Whimsicott|1\n|-damage|p2b: Whimsicott|33/100\n|-supereffective|p2b: Whimsicott|1\n|-damage|p2b: Whimsicott|0 fnt\n|faint|p2b: Whimsicott\n|-ability|p1b: Quaquaval|Moxie|boost\n|-boost|p1b: Quaquaval|atk|1\n|-hitcount|p2: Whimsicott|3\n|\n|upkeep\n|\n|t:|1776214638\n|switch|p2b: Pelipper|Pelipper, L50, M|100/100\n|-weather|RainDance|[from] ability: Drizzle|[of] p2b: Pelipper\n|turn|2\n|inactive|Kirnil has 30 seconds left.\n|inactive|ivoryP has 30 seconds left.\n|\n|t:|1776214665\n|detailschange|p2a: Dragonite|Dragonite-Mega, L50, M\n|-mega|p2a: Dragonite|Dragonite|Dragoninite\n|move|p1a: Klefki|Thunder Wave|p2a: Dragonite\n|-status|p2a: Dragonite|par\n|move|p2b: Pelipper|Hurricane|p1b: Quaquaval\n|-supereffective|p1b: Quaquaval|1\n|-enditem|p1b: Quaquaval|Focus Sash\n|-damage|p1b: Quaquaval|1/100\n|move|p2a: Dragonite|Thunder|p1b: Quaquaval\n|-supereffective|p1b: Quaquaval|1\n|-damage|p1b: Quaquaval|0 fnt\n|faint|p1b: Quaquaval\n|\n|-weather|RainDance|[upkeep]\n|upkeep\n|\n|t:|1776214679\n|switch|p1b: Scizor|Scizor, L50, F|100/100\n|turn|3\n|\n|t:|1776214697\n|detailschange|p1b: Scizor|Scizor-Mega, L50, F\n|-mega|p1b: Scizor|Scizor|Scizorite\n|move|p1b: Scizor|Protect|p1b: Scizor\n|-singleturn|p1b: Scizor|Protect\n|move|p1a: Klefki|Light Screen|p1a: Klefki\n|-sidestart|p1: Kirnil|move: Light Screen\n|move|p2b: Pelipper|Hurricane|p1b: Scizor\n|-activate|p1b: Scizor|move: Protect\n|move|p2a: Dragonite|Thunder|p1b: Scizor\n|-activate|p1b: Scizor|move: Protect\n|\n|-weather|RainDance|[upkeep]\n|upkeep\n|turn|4\n|\n|t:|1776214709\n|move|p1a: Klefki|Thunder Wave|p2b: Pelipper\n|-status|p2b: Pelipper|par\n|move|p2b: Pelipper|Hurricane|p1b: Scizor\n|-damage|p1b: Scizor|71/100\n|move|p2a: Dragonite|Thunder|p1b: Scizor\n|-damage|p1b: Scizor|46/100\n|move|p1b: Scizor|Dual Wingbeat|p2b: Pelipper\n|-damage|p2b: Pelipper|67/100 par\n|-damage|p2b: Pelipper|36/100 par\n|-hitcount|p2b: Pelipper|2\n|\n|-weather|RainDance|[upkeep]\n|-sideend|p2: ivoryP|move: Tailwind\n|upkeep\n|turn|5\n|\n|t:|1776214729\n|move|p2b: Pelipper|Hurricane|p1a: Klefki\n|-resisted|p1a: Klefki|1\n|-damage|p1a: Klefki|88/100\n|move|p1b: Scizor|Dual Wingbeat|p2b: Pelipper\n|-damage|p2b: Pelipper|5/100 par\n|-damage|p2b: Pelipper|0 fnt\n|faint|p2b: Pelipper\n|-hitcount|p2: Pelipper|2\n|move|p1a: Klefki|Flash Cannon|p2a: Dragonite\n|-damage|p2a: Dragonite|91/100 par\n|move|p2a: Dragonite|Thunder|p1a: Klefki\n|-damage|p1a: Klefki|65/100\n|-status|p1a: Klefki|par\n|\n|-weather|RainDance|[upkeep]\n|-heal|p1a: Klefki|71/100 par|[from] item: Leftovers\n|upkeep\n|\n|t:|1776214740\n|switch|p2b: Gengar|Gengar, L50, M, shiny|100/100\n|turn|6\n|\n|t:|1776214756\n|move|p2b: Gengar|Protect|p2b: Gengar\n|-singleturn|p2b: Gengar|Protect\n|move|p1a: Klefki|Thunder Wave|p2b: Gengar\n|-activate|p2b: Gengar|move: Protect\n|move|p1b: Scizor|Dual Wingbeat|p2a: Dragonite\n|-damage|p2a: Dragonite|67/100 par\n|-damage|p2a: Dragonite|46/100 par\n|-hitcount|p2a: Dragonite|2\n|move|p2a: Dragonite|Thunder|p1a: Klefki\n|-damage|p1a: Klefki|47/100 par\n|\n|-weather|none\n|-heal|p1a: Klefki|54/100 par|[from] item: Leftovers\n|upkeep\n|turn|7\n|\n|t:|1776214776\n|move|p1b: Scizor|Bullet Punch|p2a: Dragonite\n|-damage|p2a: Dragonite|12/100 par\n|move|p2b: Gengar|Shadow Ball|p1b: Scizor\n|-damage|p1b: Scizor|15/100\n|-unboost|p1b: Scizor|spd|1\n|move|p2a: Dragonite|Thunder|p1a: Klefki\n|-damage|p1a: Klefki|31/100 par\n|move|p1a: Klefki|Flash Cannon|p2a: Dragonite\n|-damage|p2a: Dragonite|0 fnt\n|faint|p2a: Dragonite\n|\n|-heal|p1a: Klefki|37/100 par|[from] item: Leftovers\n|-sideend|p1: Kirnil|move: Light Screen\n|upkeep\n|turn|8\n|\n|t:|1776214792\n|move|p1b: Scizor|Protect|p1b: Scizor\n|-singleturn|p1b: Scizor|Protect\n|move|p1a: Klefki|Light Screen|p1a: Klefki\n|-sidestart|p1: Kirnil|move: Light Screen\n|move|p2b: Gengar|Shadow Ball|p1b: Scizor\n|-activate|p1b: Scizor|move: Protect\n|\n|-heal|p1a: Klefki|43/100 par|[from] item: Leftovers\n|upkeep\n|turn|9\n|\n|t:|1776214802\n|move|p1b: Scizor|Bullet Punch|p2b: Gengar\n|-damage|p2b: Gengar|28/100\n|-start|p1b: Scizor|Disable|Bullet Punch|[from] ability: Cursed Body|[of] p2b: Gengar\n|move|p1a: Klefki|Thunder Wave|p2b: Gengar\n|-status|p2b: Gengar|par\n|move|p2b: Gengar|Shadow Ball|p1b: Scizor\n|-damage|p1b: Scizor|0 fnt\n|faint|p1b: Scizor\n|\n|-heal|p1a: Klefki|49/100 par|[from] item: Leftovers\n|upkeep\n|\n|t:|1776214809\n|switch|p1b: Pelipper|Pelipper, L50, F|100/100\n|-weather|RainDance|[from] ability: Drizzle|[of] p1b: Pelipper\n|turn|10\n|-message|ivoryP forfeited.\n|\n|win|Kirnil\n|l|\u2606ivoryP\n|player|p2|\n||ivoryP is ready for game 3.\n||Kirnil is ready for game 3.\n|uhtml|next|Next: <a href=\"/battle-gen9championsvgc2026regma-2583991730\"><strong>Game 3 of 3</strong></a>\n|j|\u2606ivoryP\n|player|p2|ivoryP|bugcatcher-gen4dp|\n|l|\u2606ivoryP\n|player|p2|\n",
  "uploadtime": 1776215077,
  "views": 13,
  "formatid": "gen9championsvgc2026regma",
  "rating": null,
  "private": 0,
  "password": null
}