{
  "id": "gen9championsvgc2026regma-2582919146",
  "format": "[Gen 9 Champions] VGC 2026 Reg M-A",
  "players": [
    "Bman311",
    "TheTired"
  ],
  "log": "|j|\u2606Bman311\n|j|\u2606TheTired\n|t:|1776124966\n|gametype|doubles\n|player|p1|Bman311|1|1405\n|player|p2|TheTired|caitlin|1408\n|gen|9\n|tier|[Gen 9 Champions] VGC 2026 Reg M-A\n|rated|\n|rule|Species Clause: Limit one of each Pok\u00e9mon\n|rule|Item Clause: Limit 1 of each item\n|clearpoke\n|poke|p1|Aegislash, L50, M|\n|poke|p1|Garchomp, L50, F|\n|poke|p1|Delphox, L50, M|\n|poke|p1|Floette-Eternal, L50, F|\n|poke|p1|Maushold-Four, L50|\n|poke|p1|Talonflame, L50, M|\n|poke|p2|Golurk, L50|\n|poke|p2|Farigiraf, L50, M|\n|poke|p2|Venusaur, L50, F|\n|poke|p2|Torkoal, L50, F|\n|poke|p2|Incineroar, L50, F|\n|poke|p2|Sneasler, L50, M|\n|teampreview|4\n|inactive|Battle timer is ON: inactive players will automatically lose when time's up. (requested by Bman311)\nBman311 has agreed to open team sheets.\n|inactive|TheTired has 60 seconds left.\nTheTired has agreed to open team sheets.\n|showteam|p1|Aegislash||Leftovers|StanceChange|ShadowBall,FlashCannon,WideGuard,KingsShield|||M|||50|]Garchomp||SitrusBerry|RoughSkin|Earthquake,DragonClaw,RockSlide,Protect|||F|||50|]Delphox||Delphoxite|Blaze|HeatWave,Psychic,Encore,Protect|||M|||50|]Floette-Eternal||Floettite|FlowerVeil|Moonblast,DazzlingGleam,CalmMind,Protect|||F|||50|]Maushold-Four||FocusSash|FriendGuard|SuperFang,FollowMe,HelpingHand,Protect||||||50|]Talonflame|||GaleWings|Tailwind,Acrobatics,FlareBlitz,Protect|||M|||50|\n|showteam|p2|Golurk||Golurkite|IronFist|Protect,HeadlongRush,IcePunch,Poltergeist||||||50|]Farigiraf||MentalHerb|ArmorTail|TrickRoom,TwinBeam,HyperVoice,HelpingHand|||M|||50|]Venusaur||FocusSash|Chlorophyll|Protect,SleepPowder,SludgeBomb,LeafStorm|||F|||50|]Torkoal||Charcoal|Drought|Eruption,HeatWave,WeatherBall,Protect|||F|||50|]Incineroar||ShucaBerry|Intimidate|DarkestLariat,FlareBlitz,FakeOut,PartingShot|||F|||50|]Sneasler||WhiteHerb|Unburden|FakeOut,DireClaw,Coaching,CloseCombat|||M|||50|\n|\n|t:|1776125013\n|teamsize|p1|4\n|teamsize|p2|4\n|start\n|switch|p1a: Delphox|Delphox, L50, M|100/100\n|switch|p1b: Garchomp|Garchomp, L50, F|100/100\n|switch|p2a: Farigiraf|Farigiraf, L50, M|100/100\n|switch|p2b: Incineroar|Incineroar, L50, F|100/100\n|-ability|p2b: Incineroar|Intimidate|boost\n|-unboost|p1a: Delphox|atk|1\n|-unboost|p1b: Garchomp|atk|1\n|turn|1\n|\n|t:|1776125034\n|detailschange|p1a: Delphox|Delphox-Mega, L50, M\n|-mega|p1a: Delphox|Delphox|Delphoxite\n|move|p1a: Delphox|Encore||[still]\n|-fail|p1a: Delphox\n|move|p1b: Garchomp|Earthquake|p2a: Farigiraf|[spread] p2a,p2b\n|-immune|p1a: Delphox|[from] ability: Levitate\n|-supereffective|p2b: Incineroar|1\n|-enditem|p2b: Incineroar|Shuca Berry|[eat]\n|-enditem|p2b: Incineroar|Shuca Berry|[weaken]\n|-damage|p2a: Farigiraf|79/100\n|-damage|p2b: Incineroar|78/100\n|move|p2b: Incineroar|Parting Shot|p1b: Garchomp\n|-unboost|p1b: Garchomp|atk|1\n|-unboost|p1b: Garchomp|spa|1\n|\n|t:|1776125050\n|switch|p2b: Golurk|Golurk, L50|100/100|[from] Parting Shot\n|move|p2a: Farigiraf|Trick Room|p2a: Farigiraf\n|-fieldstart|move: Trick Room|[of] p2a: Farigiraf\n|\n|upkeep\n|turn|2\n|\n|t:|1776125071\n|switch|p1a: Maushold|Maushold-Four, L50|100/100\n|detailschange|p2b: Golurk|Golurk-Mega, L50\n|-mega|p2b: Golurk|Golurk|Golurkite\n|move|p2b: Golurk|Poltergeist|p1a: Maushold\n|-immune|p1a: Maushold\n|move|p2a: Farigiraf|Hyper Voice|p1a: Maushold|[spread] p1a,p1b\n|-damage|p1a: Maushold|65/100\n|-damage|p1b: Garchomp|81/100\n|move|p1b: Garchomp|Dragon Claw|p2a: Farigiraf\n|-damage|p2a: Farigiraf|59/100\n|\n|upkeep\n|turn|3\n|inactive|Bman311 has 30 seconds left.\n|\n|t:|1776125097\n|switch|p2a: Incineroar|Incineroar, L50, F|78/100\n|-ability|p2a: Incineroar|Intimidate|boost\n|-unboost|p1a: Maushold|atk|1\n|-unboost|p1b: Garchomp|atk|1\n|switch|p1b: Aegislash|Aegislash, L50, M|100/100\n|move|p1a: Maushold|Follow Me|p1a: Maushold\n|-singleturn|p1a: Maushold|move: Follow Me\n|move|p2b: Golurk|Ice Punch|p1a: Maushold\n|-damage|p1a: Maushold|19/100\n|\n|upkeep\n|turn|4\n|\n|t:|1776125113\n|move|p1a: Maushold|Follow Me|p1a: Maushold\n|-singleturn|p1a: Maushold|move: Follow Me\n|move|p2b: Golurk|Ice Punch|p1a: Maushold\n|-damage|p1a: Maushold|0 fnt\n|faint|p1a: Maushold\n|move|p2a: Incineroar|Flare Blitz|p1b: Aegislash\n|-supereffective|p1b: Aegislash|1\n|-damage|p1b: Aegislash|0 fnt\n|faint|p1b: Aegislash\n|-damage|p2a: Incineroar|51/100|[from] Recoil\n|\n|upkeep\n|\n|t:|1776125119\n|switch|p1b: Delphox|Delphox-Mega, L50, M|100/100\n|switch|p1a: Garchomp|Garchomp, L50, F|81/100\n|turn|5\n|\n|t:|1776125132\n|switch|p2a: Farigiraf|Farigiraf, L50, M|59/100\n|move|p1b: Delphox|Protect|p1b: Delphox\n|-singleturn|p1b: Delphox|Protect\n|move|p2b: Golurk|Ice Punch|p1a: Garchomp\n|-supereffective|p1a: Garchomp|2\n|-damage|p1a: Garchomp|0 fnt\n|-damage|p2b: Golurk|88/100|[from] ability: Rough Skin|[of] p1a: Garchomp\n|faint|p1a: Garchomp\n|\n|-fieldend|move: Trick Room\n|upkeep\n|turn|6\n|\n|t:|1776125148\n|move|p2b: Golurk|Protect|p2b: Golurk\n|-singleturn|p2b: Golurk|Protect\n|move|p1b: Delphox|Heat Wave|p2a: Farigiraf|[spread] p2a\n|-activate|p2b: Golurk|move: Protect\n|-damage|p2a: Farigiraf|20/100\n|move|p2a: Farigiraf|Trick Room|p2a: Farigiraf\n|-fieldstart|move: Trick Room|[of] p2a: Farigiraf\n|\n|upkeep\n|turn|7\n|\n|t:|1776125156\n|move|p2b: Golurk|Poltergeist|p1b: Delphox\n|-activate|p1b: Delphox|move: Poltergeist|Delphoxite\n|-supereffective|p1b: Delphox|1\n|-damage|p1b: Delphox|0 fnt\n|faint|p1b: Delphox\n|\n|win|TheTired\n|raw|Bman311's rating: 1405 &rarr; <strong>1385</strong><br />(-20 for losing)\n|raw|TheTired's rating: 1408 &rarr; <strong>1428</strong><br />(+20 for winning)\n|l|\u2606Bman311\n|player|p1|\n",
  "uploadtime": 1776125162,
  "views": 27,
  "formatid": "gen9championsvgc2026regma",
  "rating": 1385,
  "private": 0,
  "password": null
}