{
  "id": "gen9championsvgc2026regma-2587518659",
  "format": "[Gen 9 Champions] VGC 2026 Reg M-A",
  "players": [
    "zhz2021",
    "apfr"
  ],
  "log": "|j|\u2606zhz2021\n|j|\u203dapfr\n|t:|1776538704\n|gametype|doubles\n|player|p1|zhz2021|marley|1403\n|player|p2|apfr|clown|1471\n|gen|9\n|tier|[Gen 9 Champions] VGC 2026 Reg M-A\n|rated|\n|rule|Species Clause: Limit one of each Pok\u00e9mon\n|rule|Item Clause: Limit 1 of each item\n|clearpoke\n|poke|p1|Sableye, L50, M|\n|poke|p1|Archaludon, L50, F|\n|poke|p1|Scovillain, L50, F, shiny|\n|poke|p1|Basculegion-F, L50, F, shiny|\n|poke|p1|Pelipper, L50, M|\n|poke|p1|Sylveon, L50, F|\n|poke|p2|Drampa, L50, F|\n|poke|p2|Klefki, L50, M|\n|poke|p2|Sinistcha, L50|\n|poke|p2|Farigiraf, L50, F|\n|poke|p2|Milotic, L50, M|\n|poke|p2|Kingambit, L50, M|\n|teampreview|4\n|\n|t:|1776538726\n|teamsize|p1|4\n|teamsize|p2|4\n|start\n|switch|p1a: Pelipper|Pelipper, L50, M|100/100\n|switch|p1b: Scovillain|Scovillain, L50, F, shiny|100/100\n|switch|p2a: Farigiraf|Farigiraf, L50, F|100/100\n|switch|p2b: Drampa|Drampa, L50, F|100/100\n|-weather|RainDance|[from] ability: Drizzle|[of] p1a: Pelipper\n|-ability|p2b: Drampa|Cloud Nine\n|turn|1\n|\n|t:|1776538734\n|detailschange|p1b: Scovillain|Scovillain-Mega, L50, F, shiny\n|-mega|p1b: Scovillain|Scovillain|Scovillainite\n|detailschange|p2b: Drampa|Drampa-Mega, L50, F\n|-mega|p2b: Drampa|Drampa|Drampanite\n|move|p1a: Pelipper|Soak|p2b: Drampa\n|-start|p2b: Drampa|typechange|Water\n|move|p1b: Scovillain|Giga Drain|p2b: Drampa\n|-supereffective|p2b: Drampa|1\n|-damage|p2b: Drampa|31/100\n|-ability|p2b: Drampa|Berserk|boost\n|-boost|p2b: Drampa|spa|1\n|move|p2b: Drampa|Hyper Voice|p1a: Pelipper|[spread] p1a,p1b\n|-damage|p1a: Pelipper|17/100\n|-damage|p1b: Scovillain|49/100\n|-status|p2b: Drampa|brn|[from] ability: Spicy Spray|[of] p1b: Scovillain\n|move|p2a: Farigiraf|Trick Room|p2a: Farigiraf\n|-fieldstart|move: Trick Room|[of] p2a: Farigiraf\n|\n|-weather|RainDance|[upkeep]\n|-damage|p2b: Drampa|25/100 brn|[from] brn\n|upkeep\n|turn|2\n|\n|t:|1776538751\n|switch|p2a: Sinistcha|Sinistcha, L50|100/100\n|-heal|p2b: Drampa|50/100 brn|[from] ability: Hospitality|[of] p2a: Sinistcha\n|move|p1b: Scovillain|Protect|p1b: Scovillain\n|-singleturn|p1b: Scovillain|Protect\n|move|p2b: Drampa|Hyper Voice|p1a: Pelipper|[spread] p1a\n|-activate|p1b: Scovillain|move: Protect\n|-damage|p1a: Pelipper|0 fnt\n|faint|p1a: Pelipper\n|\n|-weather|RainDance|[upkeep]\n|-damage|p2b: Drampa|44/100 brn|[from] brn\n|upkeep\n|\n|t:|1776538756\n|switch|p1a: Sylveon|Sylveon, L50, F|100/100\n|turn|3\n|\n|t:|1776538765\n|switch|p1b: Archaludon|Archaludon, L50, F|100/100\n|move|p2b: Drampa|Hyper Voice|p1a: Sylveon|[spread] p1a,p1b\n|-resisted|p1b: Archaludon|1\n|-damage|p1a: Sylveon|70/100\n|-damage|p1b: Archaludon|78/100\n|-ability|p1b: Archaludon|Stamina|boost\n|-boost|p1b: Archaludon|def|1\n|move|p1a: Sylveon|Hyper Voice|p2b: Drampa|[spread] p2a,p2b\n|-damage|p2a: Sinistcha|65/100\n|-damage|p2b: Drampa|6/100 brn\n|move|p2a: Sinistcha|Life Dew|p2a: Sinistcha|[spread] p2a,p2b\n|-heal|p2a: Sinistcha|90/100\n|-heal|p2b: Drampa|31/100 brn\n|\n|-weather|RainDance|[upkeep]\n|-heal|p1b: Archaludon|84/100|[from] item: Leftovers\n|-damage|p2b: Drampa|25/100 brn|[from] brn\n|upkeep\n|turn|4\n|\n|t:|1776538801\n|move|p1b: Archaludon|Protect|p1b: Archaludon\n|-singleturn|p1b: Archaludon|Protect\n|move|p2b: Drampa|Dragon Pulse|p1b: Archaludon\n|-activate|p1b: Archaludon|move: Protect\n|move|p1a: Sylveon|Calm Mind|p1a: Sylveon\n|-boost|p1a: Sylveon|spa|1\n|-boost|p1a: Sylveon|spd|1\n|move|p2a: Sinistcha|Life Dew|p2a: Sinistcha|[spread] p2a,p2b\n|-heal|p2a: Sinistcha|100/100\n|-heal|p2b: Drampa|50/100 brn\n|\n|-weather|RainDance|[upkeep]\n|-heal|p1b: Archaludon|90/100|[from] item: Leftovers\n|-damage|p2b: Drampa|44/100 brn|[from] brn\n|upkeep\n|turn|5\n|\n|t:|1776538811\n|switch|p1b: Scovillain|Scovillain-Mega, L50, F, shiny|49/100\n|move|p2b: Drampa|Dragon Pulse|p1b: Scovillain\n|-damage|p1b: Scovillain|0 fnt\n|faint|p1b: Scovillain\n|move|p1a: Sylveon|Hyper Voice|p2a: Sinistcha|[spread] p2a,p2b\n|-damage|p2a: Sinistcha|48/100\n|-damage|p2b: Drampa|0 fnt\n|faint|p2b: Drampa\n|move|p2a: Sinistcha|Life Dew|p2a: Sinistcha\n|-heal|p2a: Sinistcha|73/100\n|\n|-weather|none\n|-fieldend|move: Trick Room\n|upkeep\n|\n|t:|1776538832\n|switch|p1b: Archaludon|Archaludon, L50, F|90/100\n|switch|p2b: Kingambit|Kingambit, L50, M|100/100\n|turn|6\n|\n|t:|1776538837\n|move|p1a: Sylveon|Protect|p1a: Sylveon\n|-singleturn|p1a: Sylveon|Protect\n|move|p1b: Archaludon|Flash Cannon|p2a: Sinistcha\n|-damage|p2a: Sinistcha|39/100\n|move|p2b: Kingambit|Iron Head|p1a: Sylveon\n|-activate|p1a: Sylveon|move: Protect\n|move|p2a: Sinistcha|Trick Room|p2a: Sinistcha\n|-fieldstart|move: Trick Room|[of] p2a: Sinistcha\n|\n|-heal|p1b: Archaludon|96/100|[from] item: Leftovers\n|upkeep\n|turn|7\n|\n|t:|1776538850\n|move|p2a: Sinistcha|Rage Powder|p2a: Sinistcha\n|-singleturn|p2a: Sinistcha|move: Rage Powder\n|move|p2b: Kingambit|Iron Head|p1a: Sylveon\n|-supereffective|p1a: Sylveon|1\n|-damage|p1a: Sylveon|0 fnt\n|faint|p1a: Sylveon\n|move|p1b: Archaludon|Aura Sphere|p2a: Sinistcha\n|-immune|p2a: Sinistcha\n|\n|-heal|p1b: Archaludon|100/100|[from] item: Leftovers\n|upkeep\n|turn|8\n|\n|t:|1776538857\n|move|p2a: Sinistcha|Rage Powder|p2a: Sinistcha\n|-singleturn|p2a: Sinistcha|move: Rage Powder\n|move|p2b: Kingambit|Kowtow Cleave|p1b: Archaludon\n|-damage|p1b: Archaludon|60/100\n|-ability|p1b: Archaludon|Stamina|boost\n|-boost|p1b: Archaludon|def|1\n|move|p1b: Archaludon|Flash Cannon|p2a: Sinistcha\n|-damage|p2a: Sinistcha|6/100\n|\n|-heal|p1b: Archaludon|66/100|[from] item: Leftovers\n|upkeep\n|turn|9\n|\n|t:|1776538864\n|move|p1b: Archaludon|Protect|p1b: Archaludon\n|-singleturn|p1b: Archaludon|Protect\n|move|p2a: Sinistcha|Rage Powder|p2a: Sinistcha\n|-singleturn|p2a: Sinistcha|move: Rage Powder\n|move|p2b: Kingambit|Kowtow Cleave|p1b: Archaludon\n|-activate|p1b: Archaludon|move: Protect\n|\n|-heal|p1b: Archaludon|72/100|[from] item: Leftovers\n|upkeep\n|turn|10\n|\n|t:|1776538868\n|move|p2a: Sinistcha|Rage Powder|p2a: Sinistcha\n|-singleturn|p2a: Sinistcha|move: Rage Powder\n|move|p2b: Kingambit|Kowtow Cleave|p1b: Archaludon\n|-damage|p1b: Archaludon|46/100\n|-ability|p1b: Archaludon|Stamina|boost\n|-boost|p1b: Archaludon|def|1\n|move|p1b: Archaludon|Flash Cannon|p2a: Sinistcha\n|-damage|p2a: Sinistcha|0 fnt\n|faint|p2a: Sinistcha\n|\n|-heal|p1b: Archaludon|52/100|[from] item: Leftovers\n|-fieldend|move: Trick Room\n|upkeep\n|\n|t:|1776538872\n|switch|p2a: Farigiraf|Farigiraf, L50, F|100/100\n|turn|11\n|\n|t:|1776538878\n|move|p2b: Kingambit|Protect|p2b: Kingambit\n|-singleturn|p2b: Kingambit|Protect\n|move|p1b: Archaludon|Aura Sphere|p2b: Kingambit\n|-activate|p2b: Kingambit|move: Protect\n|move|p2a: Farigiraf|Trick Room|p2a: Farigiraf\n|-fieldstart|move: Trick Room|[of] p2a: Farigiraf\n|\n|-heal|p1b: Archaludon|58/100|[from] item: Leftovers\n|upkeep\n|turn|12\n|\n|t:|1776538897\n|move|p2b: Kingambit|Kowtow Cleave|p1b: Archaludon\n|-damage|p1b: Archaludon|39/100\n|-ability|p1b: Archaludon|Stamina|boost\n|-boost|p1b: Archaludon|def|1\n|move|p2a: Farigiraf|Psychic|p1b: Archaludon\n|-resisted|p1b: Archaludon|1\n|-crit|p1b: Archaludon\n|-damage|p1b: Archaludon|6/100\n|-ability|p1b: Archaludon|Stamina|boost\n|-boost|p1b: Archaludon|def|1\n|move|p1b: Archaludon|Aura Sphere|p2b: Kingambit\n|-supereffective|p2b: Kingambit|2\n|-enditem|p2b: Kingambit|Focus Sash\n|-damage|p2b: Kingambit|1/100\n|\n|-heal|p1b: Archaludon|12/100|[from] item: Leftovers\n|upkeep\n|turn|13\n|-message|zhz2021 forfeited.\n|\n|win|apfr\n|raw|zhz2021's rating: 1403 &rarr; <strong>1387</strong><br />(-16 for losing)\n|raw|apfr's rating: 1471 &rarr; <strong>1487</strong><br />(+16 for winning)\n|l|\u2606zhz2021\n|player|p1|\n",
  "uploadtime": 1776538946,
  "views": 31,
  "formatid": "gen9championsvgc2026regma",
  "rating": 1387,
  "private": 0,
  "password": null
}