{
  "id": "gen9championsvgc2026regma-2583872030",
  "format": "[Gen 9 Champions] VGC 2026 Reg M-A",
  "players": [
    "Markiito18",
    "Riverlow"
  ],
  "log": "|j|\u2606Markiito18\n|j|\u2606Riverlow\n|t:|1776204318\n|gametype|doubles\n|player|p1|Markiito18|rood|1141\n|player|p2|Riverlow|169|1242\n|gen|9\n|tier|[Gen 9 Champions] VGC 2026 Reg M-A\n|rated|\n|rule|Species Clause: Limit one of each Pok\u00e9mon\n|rule|Item Clause: Limit 1 of each item\n|clearpoke\n|poke|p1|Hydreigon, L50, M|\n|poke|p1|Sneasler, L50, M|\n|poke|p1|Aggron, L50, M|\n|poke|p1|Sinistcha, L50|\n|poke|p1|Tyranitar, L50, M|\n|poke|p1|Aerodactyl, L50, M|\n|poke|p2|Farigiraf, L50, M|\n|poke|p2|Primarina, L50, M|\n|poke|p2|Conkeldurr, L50, M|\n|poke|p2|Froslass, L50, F|\n|poke|p2|Incineroar, L50, M|\n|poke|p2|Meowscarada, L50, F|\n|teampreview|4\n|\n|t:|1776204366\n|teamsize|p1|4\n|teamsize|p2|4\n|start\n|switch|p1a: Aggron|Aggron, L50, M, shiny|100/100\n|switch|p1b: Sneasler|Sneasler, L50, M, shiny|100/100\n|switch|p2a: Farigiraf|Farigiraf, L50, M|100/100\n|switch|p2b: Meowscarada|Meowscarada, L50, F|100/100\n|turn|1\n|inactive|Battle timer is ON: inactive players will automatically lose when time's up. (requested by Markiito18)\n|\n|t:|1776204396\n|detailschange|p1a: Aggron|Aggron-Mega, L50, M, shiny\n|-mega|p1a: Aggron|Aggron|Aggronite\n|move|p2b: Meowscarada|U-turn|p1b: Sneasler\n|-resisted|p1b: Sneasler|2\n|-damage|p1b: Sneasler|92/100\n|\n|t:|1776204403\n|switch|p2b: Conkeldurr|Conkeldurr, L50, M|100/100|[from] U-turn\n|move|p1b: Sneasler|Dire Claw|p2b: Conkeldurr\n|-damage|p2b: Conkeldurr|67/100\n|-status|p2b: Conkeldurr|par\n|move|p1a: Aggron|Iron Defense|p1a: Aggron\n|-boost|p1a: Aggron|def|2\n|move|p2a: Farigiraf|Trick Room|p2a: Farigiraf\n|-fieldstart|move: Trick Room|[of] p2a: Farigiraf\n|\n|upkeep\n|turn|2\n|\n|t:|1776204422\n|move|p2b: Conkeldurr|Drain Punch|p1a: Aggron\n|-supereffective|p1a: Aggron|1\n|-damage|p1a: Aggron|75/100\n|-heal|p2b: Conkeldurr|79/100 par|[from] drain|[of] p1a: Aggron\n|move|p1a: Aggron|Iron Defense|p1a: Aggron\n|-boost|p1a: Aggron|def|2\n|move|p2a: Farigiraf|Psychic|p1b: Sneasler\n|-supereffective|p1b: Sneasler|2\n|-damage|p1b: Sneasler|0 fnt\n|faint|p1b: Sneasler\n|\n|upkeep\n|\n|t:|1776204440\n|switch|p1b: Tyranitar|Tyranitar, L50, M|100/100\n|-weather|Sandstorm|[from] ability: Sand Stream|[of] p1b: Tyranitar\n|turn|3\n|\n|t:|1776204451\n|move|p1b: Tyranitar|Protect|p1b: Tyranitar\n|-singleturn|p1b: Tyranitar|Protect\n|move|p2b: Conkeldurr|Drain Punch|p1b: Tyranitar\n|-activate|p1b: Tyranitar|move: Protect\n|move|p1a: Aggron|Body Press|p2b: Conkeldurr\n|-damage|p2b: Conkeldurr|0 fnt\n|faint|p2b: Conkeldurr\n|move|p2a: Farigiraf|Dazzling Gleam|p1a: Aggron|[spread] p1a\n|-activate|p1b: Tyranitar|move: Protect\n|-resisted|p1a: Aggron|1\n|-damage|p1a: Aggron|66/100\n|\n|-weather|Sandstorm|[upkeep]\n|-damage|p2a: Farigiraf|94/100|[from] Sandstorm\n|upkeep\n|\n|t:|1776204468\n|switch|p2b: Primarina|Primarina, L50, M|100/100\n|turn|4\n|\n|t:|1776204485\n|switch|p1b: Sinistcha|Sinistcha, L50|100/100\n|-heal|p1a: Aggron|91/100|[from] ability: Hospitality|[of] p1b: Sinistcha\n|move|p1a: Aggron|Body Press|p2b: Primarina\n|-resisted|p2b: Primarina|1\n|-damage|p2b: Primarina|21/100\n|move|p2a: Farigiraf|Dazzling Gleam|p1a: Aggron|[spread] p1a,p1b\n|-resisted|p1a: Aggron|1\n|-damage|p1a: Aggron|82/100\n|-damage|p1b: Sinistcha|79/100\n|move|p2b: Primarina|Hyper Voice|p1b: Sinistcha|[spread] p1a,p1b\n|-resisted|p1b: Sinistcha|1\n|-damage|p1a: Aggron|47/100\n|-damage|p1b: Sinistcha|57/100\n|\n|-weather|Sandstorm|[upkeep]\n|-damage|p2b: Primarina|15/100|[from] Sandstorm\n|-damage|p2a: Farigiraf|88/100|[from] Sandstorm\n|-damage|p1b: Sinistcha|50/100|[from] Sandstorm\n|-enditem|p1b: Sinistcha|Sitrus Berry|[eat]\n|-heal|p1b: Sinistcha|75/100|[from] item: Sitrus Berry\n|-heal|p2b: Primarina|21/100|[from] item: Leftovers\n|upkeep\n|turn|5\n|inactive|Markiito18 has 30 seconds left.\n|inactive|Riverlow has 30 seconds left.\n|inactive|Markiito18 has 20 seconds left.\n|inactive|Markiito18 has 15 seconds left.\n|\n|t:|1776204528\n|move|p1a: Aggron|Body Press|p2a: Farigiraf\n|-damage|p2a: Farigiraf|0 fnt\n|faint|p2a: Farigiraf\n|move|p2b: Primarina|Ice Beam|p1a: Aggron\n|-resisted|p1a: Aggron|1\n|-damage|p1a: Aggron|29/100\n|move|p1b: Sinistcha|Life Dew|p1b: Sinistcha|[spread] p1a,p1b\n|-heal|p1a: Aggron|54/100\n|-heal|p1b: Sinistcha|100/100\n|\n|-weather|Sandstorm|[upkeep]\n|-damage|p2b: Primarina|15/100|[from] Sandstorm\n|-damage|p1b: Sinistcha|94/100|[from] Sandstorm\n|-heal|p2b: Primarina|21/100|[from] item: Leftovers\n|-fieldend|move: Trick Room\n|upkeep\n|\n|t:|1776204544\n|switch|p2a: Meowscarada|Meowscarada, L50, F|100/100\n|turn|6\n|\n|t:|1776204563\n|move|p2a: Meowscarada|Flower Trick|p1a: Aggron\n|-resisted|p1a: Aggron|1\n|-crit|p1a: Aggron\n|-damage|p1a: Aggron|42/100\n|move|p1b: Sinistcha|Matcha Gotcha|p2b: Primarina|[spread] p2a,p2b\n|-resisted|p2a: Meowscarada|1\n|-supereffective|p2b: Primarina|1\n|-damage|p2a: Meowscarada|80/100\n|-heal|p1b: Sinistcha|100/100|[from] drain|[of] p2a: Meowscarada\n|-damage|p2b: Primarina|0 fnt\n|faint|p2b: Primarina\n|move|p1a: Aggron|Body Press|p2a: Meowscarada\n|-supereffective|p2a: Meowscarada|1\n|-damage|p2a: Meowscarada|0 fnt\n|faint|p2a: Meowscarada\n|\n|win|Markiito18\n|raw|Markiito18's rating: 1141 &rarr; <strong>1173</strong><br />(+32 for winning)\n|raw|Riverlow's rating: 1242 &rarr; <strong>1210</strong><br />(-32 for losing)\n|l|\u2606Riverlow\n|player|p2|\n",
  "uploadtime": 1776204572,
  "views": 20,
  "formatid": "gen9championsvgc2026regma",
  "rating": 1173,
  "private": 0,
  "password": null
}