{
  "id": "gen9championsvgc2026regma-2580913947",
  "format": "[Gen 9 Champions] VGC 2026 Reg M-A",
  "players": [
    "As-fly-as-sly",
    "fudgeri"
  ],
  "log": "|j|\u2606As-fly-as-sly\n|j|\u2606fudgeri\n|t:|1775942879\n|gametype|doubles\n|player|p1|As-fly-as-sly|1|1067\n|player|p2|fudgeri|101|1165\n|gen|9\n|tier|[Gen 9 Champions] VGC 2026 Reg M-A\n|rated|\n|rule|Species Clause: Limit one of each Pok\u00e9mon\n|rule|Item Clause: Limit 1 of each item\n|clearpoke\n|poke|p1|Hawlucha, L50, F|\n|poke|p1|Vanilluxe, L50, F|\n|poke|p1|Milotic, L50, F|\n|poke|p1|Snorlax, L50, M|\n|poke|p1|Incineroar, L50, F|\n|poke|p1|Sinistcha, L50|\n|poke|p2|Politoed, L50, F|\n|poke|p2|Archaludon, L50, F|\n|poke|p2|Sinistcha, L50|\n|poke|p2|Gyarados, L50, F|\n|poke|p2|Basculegion, L50, M|\n|poke|p2|Orthworm, L50, F|\n|teampreview|4\n|\n|t:|1775942929\n|teamsize|p1|4\n|teamsize|p2|4\n|start\n|switch|p1a: Hawlucha|Hawlucha, L50, F|100/100\n|switch|p1b: Snorlax|Snorlax, L50, M|100/100\n|switch|p2a: Politoed|Politoed, L50, F|100/100\n|switch|p2b: Basculegion|Basculegion, L50, M|100/100\n|-weather|RainDance|[from] ability: Drizzle|[of] p2a: Politoed\n|turn|1\n|\n|t:|1775942960\n|switch|p1b: Vanilluxe|Vanilluxe, L50, F|100/100\n|-weather|Snowscape|[from] ability: Snow Warning|[of] p1b: Vanilluxe\n|detailschange|p1a: Hawlucha|Hawlucha-Mega, L50, F\n|-mega|p1a: Hawlucha|Hawlucha|Hawluchanite\n|move|p1a: Hawlucha|Entrainment|p1b: Vanilluxe\n|-ability|p1b: Vanilluxe|No Guard|Snow Warning|[from] move: Entrainment|[of] p1a: Hawlucha\n|move|p2b: Basculegion|Wave Crash|p1a: Hawlucha\n|-damage|p1a: Hawlucha|38/100\n|-damage|p2b: Basculegion|84/100|[from] Recoil\n|move|p2a: Politoed|Icy Wind|p1b: Vanilluxe|[spread] p1a,p1b\n|-supereffective|p1a: Hawlucha|1\n|-resisted|p1b: Vanilluxe|1\n|-damage|p1a: Hawlucha|17/100\n|-damage|p1b: Vanilluxe|96/100\n|-unboost|p1a: Hawlucha|spe|1\n|-unboost|p1b: Vanilluxe|spe|1\n|\n|-weather|Snowscape|[upkeep]\n|upkeep\n|turn|2\n|\n|t:|1775943012\n|switch|p1a: Sinistcha|Sinistcha, L50|100/100\n|-heal|p1b: Vanilluxe|100/100|[from] ability: Hospitality|[of] p1a: Sinistcha\n|move|p2a: Politoed|Protect|p2a: Politoed\n|-singleturn|p2a: Politoed|Protect\n|move|p2b: Basculegion|Flip Turn|p1a: Sinistcha\n|-resisted|p1a: Sinistcha|1\n|-damage|p1a: Sinistcha|91/100\n|\n|t:|1775943049\n|switch|p2b: Archaludon|Archaludon, L50, F|100/100|[from] Flip Turn\n|move|p1b: Vanilluxe|Sheer Cold|p2b: Archaludon\n|-damage|p2b: Archaludon|0 fnt\n|faint|p2b: Archaludon\n|-ohko\n|\n|-weather|Snowscape|[upkeep]\n|upkeep\n|\n|t:|1775943086\n|switch|p2b: Sinistcha|Sinistcha, L50|100/100\n|turn|3\n|\n|t:|1775943113\n|switch|p2a: Basculegion|Basculegion, L50, M|84/100\n|move|p2b: Sinistcha|Rage Powder|p2b: Sinistcha\n|-singleturn|p2b: Sinistcha|move: Rage Powder\n|move|p1b: Vanilluxe|Sheer Cold|p2b: Sinistcha\n|-damage|p2b: Sinistcha|0 fnt\n|faint|p2b: Sinistcha\n|-ohko\n|move|p1a: Sinistcha|Matcha Gotcha|p2a: Basculegion\n|-supereffective|p2a: Basculegion|1\n|-damage|p2a: Basculegion|8/100\n|-heal|p1a: Sinistcha|100/100|[from] drain|[of] p2a: Basculegion\n|\n|-weather|Snowscape|[upkeep]\n|upkeep\n|\n|t:|1775943127\n|switch|p2b: Politoed|Politoed, L50, F|100/100\n|-weather|RainDance|[from] ability: Drizzle|[of] p2b: Politoed\n|turn|4\n|\n|t:|1775943167\n|move|p2a: Basculegion|Protect|p2a: Basculegion\n|-singleturn|p2a: Basculegion|Protect\n|move|p1b: Vanilluxe|Sheer Cold|p2a: Basculegion\n|-activate|p2a: Basculegion|move: Protect\n|move|p2b: Politoed|Icy Wind|p1a: Sinistcha|[spread] p1b\n|-miss|p2b: Politoed|p1a: Sinistcha\n|-resisted|p1b: Vanilluxe|1\n|-crit|p1b: Vanilluxe\n|-damage|p1b: Vanilluxe|93/100\n|-unboost|p1b: Vanilluxe|spe|1\n|move|p1a: Sinistcha|Matcha Gotcha|p2b: Politoed|[spread] p2b\n|-activate|p2a: Basculegion|move: Protect\n|-supereffective|p2b: Politoed|1\n|-damage|p2b: Politoed|61/100\n|\n|-weather|RainDance|[upkeep]\n|upkeep\n|turn|5\n|\n|t:|1775943204\n|move|p2a: Basculegion|Last Respects|p1a: Sinistcha\n|-supereffective|p1a: Sinistcha|1\n|-crit|p1a: Sinistcha\n|-damage|p1a: Sinistcha|0 fnt\n|faint|p1a: Sinistcha\n|move|p1b: Vanilluxe|Sheer Cold|p2a: Basculegion\n|-damage|p2a: Basculegion|0 fnt\n|faint|p2a: Basculegion\n|-ohko\n|move|p2b: Politoed|Weather Ball|p1b: Vanilluxe\n|-damage|p1b: Vanilluxe|44/100\n|\n|-weather|RainDance|[upkeep]\n|upkeep\n|\n|t:|1775943209\n|switch|p1a: Snorlax|Snorlax, L50, M|100/100\n|turn|6\n|\n|t:|1775943220\n|move|p1b: Vanilluxe|Sheer Cold|p2b: Politoed\n|-damage|p2b: Politoed|0 fnt\n|faint|p2b: Politoed\n|-ohko\n|\n|win|As-fly-as-sly\n|raw|As-fly-as-sly's rating: 1123 &rarr; <strong>1151</strong><br />(+28 for winning)\n|raw|fudgeri's rating: 1165 &rarr; <strong>1137</strong><br />(-28 for losing)\n",
  "uploadtime": 1775943228,
  "views": 11,
  "formatid": "gen9championsvgc2026regma",
  "rating": 1137,
  "private": 0,
  "password": null
}