{
  "id": "gen9championsvgc2026regma-2587075897",
  "format": "[Gen 9 Champions] VGC 2026 Reg M-A",
  "players": [
    "henitusec",
    "devious22"
  ],
  "log": "|j|\u2606henitusec\n|j|\u2606devious22\n|t:|1776490093\n|gametype|doubles\n|player|p1|henitusec|steven-masters|1125\n|player|p2|devious22|102|1115\n|gen|9\n|tier|[Gen 9 Champions] VGC 2026 Reg M-A\n|rated|\n|rule|Species Clause: Limit one of each Pok\u00e9mon\n|rule|Item Clause: Limit 1 of each item\n|clearpoke\n|poke|p1|Gardevoir, L50, F, shiny|\n|poke|p1|Aegislash, L50, M|\n|poke|p1|Incineroar, L50, M|\n|poke|p1|Vivillon-Polar, L50, M|\n|poke|p1|Whimsicott, L50, F|\n|poke|p1|Tauros-Paldea-Aqua, L50, M|\n|poke|p2|Glimmora, L50, F, shiny|\n|poke|p2|Typhlosion-Hisui, L50, F|\n|poke|p2|Tauros-Paldea-Aqua, L50, M|\n|poke|p2|Gliscor, L50, M|\n|poke|p2|Gardevoir, L50, F|\n|poke|p2|Meowscarada, L50, F, shiny|\n|teampreview|4\n|inactive|Battle timer is ON: inactive players will automatically lose when time's up. (requested by henitusec)\n|inactive|devious22 has 60 seconds left.\n|\n|t:|1776490124\n|teamsize|p1|4\n|teamsize|p2|4\n|start\n|switch|p1a: Whimsicott|Whimsicott, L50, F|100/100\n|switch|p1b: Gardevoir|Gardevoir, L50, F, shiny|100/100\n|switch|p2a: Gliscor|Gliscor, L50, M|100/100\n|switch|p2b: Meowscarada|Meowscarada, L50, F, shiny|100/100\n|-ability|p1b: Gardevoir|Hyper Cutter|Trace|[from] ability: Trace|[of] p2a: Gliscor\n|turn|1\n|j| raigonjoy\n|l| raigonjoy\n|inactive|devious22 has 30 seconds left.\n|\n|t:|1776490152\n|detailschange|p1b: Gardevoir|Gardevoir-Mega, L50, F, shiny\n|-mega|p1b: Gardevoir|Gardevoir|Gardevoirite\n|move|p1a: Whimsicott|Tailwind|p1a: Whimsicott\n|-sidestart|p1: henitusec|move: Tailwind\n|move|p1b: Gardevoir|Hyper Voice|p2a: Gliscor|[spread] p2a,p2b\n|-supereffective|p2b: Meowscarada|1\n|-damage|p2a: Gliscor|36/100\n|-damage|p2b: Meowscarada|0 fnt\n|faint|p2b: Meowscarada\n|move|p2a: Gliscor|Dual Wingbeat|p1a: Whimsicott\n|-supereffective|p1a: Whimsicott|1\n|-damage|p1a: Whimsicott|63/100\n|-supereffective|p1a: Whimsicott|1\n|-damage|p1a: Whimsicott|30/100\n|-hitcount|p1a: Whimsicott|2\n|\n|-heal|p2a: Gliscor|42/100|[from] item: Leftovers\n|upkeep\n|inactive|devious22 has 30 seconds left.\n|\n|t:|1776490178\n|switch|p2b: Typhlosion|Typhlosion-Hisui, L50, F|100/100\n|turn|2\n|\n|t:|1776490189\n|move|p2a: Gliscor|Protect|p2a: Gliscor\n|-singleturn|p2a: Gliscor|Protect\n|move|p1a: Whimsicott|Light Screen|p1a: Whimsicott\n|-sidestart|p1: henitusec|move: Light Screen\n|move|p1b: Gardevoir|Hyper Voice|p2a: Gliscor|[spread] p2b\n|-activate|p2a: Gliscor|move: Protect\n|-resisted|p2b: Typhlosion|1\n|-damage|p2b: Typhlosion|66/100\n|move|p2b: Typhlosion|Eruption|p1a: Whimsicott|[spread] p1a,p1b\n|-supereffective|p1a: Whimsicott|1\n|-damage|p1a: Whimsicott|0 fnt\n|-damage|p1b: Gardevoir|77/100\n|faint|p1a: Whimsicott\n|\n|-heal|p2a: Gliscor|48/100|[from] item: Leftovers\n|upkeep\n|\n|t:|1776490200\n|switch|p1a: Tauros|Tauros-Paldea-Aqua, L50, M|100/100\n|-ability|p1a: Tauros|Intimidate|boost\n|-fail|p2a: Gliscor|unboost|Attack|[from] ability: Hyper Cutter|[of] p2a: Gliscor\n|-unboost|p2b: Typhlosion|atk|1\n|turn|3\n|\n|t:|1776490210\n|move|p2b: Typhlosion|Protect|p2b: Typhlosion\n|-singleturn|p2b: Typhlosion|Protect\n|move|p1b: Gardevoir|Hyper Voice|p2b: Typhlosion|[spread] p2a\n|-activate|p2b: Typhlosion|move: Protect\n|-damage|p2a: Gliscor|0 fnt\n|faint|p2a: Gliscor\n|move|p1a: Tauros|Wave Crash|p2b: Typhlosion\n|-activate|p2b: Typhlosion|move: Protect\n|\n|upkeep\n|\n|t:|1776490218\n|switch|p2a: Glimmora|Glimmora, L50, F, shiny|100/100\n|turn|4\n|\n|t:|1776490227\n|detailschange|p2a: Glimmora|Glimmora-Mega, L50, F, shiny\n|-mega|p2a: Glimmora|Glimmora|Glimmoranite\n|move|p2a: Glimmora|Spiky Shield|p2a: Glimmora\n|-singleturn|p2a: Glimmora|move: Protect\n|move|p2b: Typhlosion|Protect||[still]\n|-fail|p2b: Typhlosion\n|move|p1b: Gardevoir|Psychic|p2a: Glimmora\n|-activate|p2a: Glimmora|move: Protect\n|move|p1a: Tauros|Wave Crash|p2b: Typhlosion\n|-supereffective|p2b: Typhlosion|1\n|-damage|p2b: Typhlosion|0 fnt\n|faint|p2b: Typhlosion\n|-damage|p1a: Tauros|82/100|[from] Recoil\n|\n|-sideend|p1: henitusec|move: Tailwind\n|upkeep\n|turn|5\n|\n|t:|1776490251\n|move|p2a: Glimmora|Sludge Bomb|p1b: Gardevoir\n|-supereffective|p1b: Gardevoir|1\n|-damage|p1b: Gardevoir|0 fnt\n|faint|p1b: Gardevoir\n|move|p1a: Tauros|Wave Crash|p2a: Glimmora\n|-supereffective|p2a: Glimmora|1\n|-damage|p2a: Glimmora|0 fnt\n|faint|p2a: Glimmora\n|-damage|p1a: Tauros|53/100|[from] Recoil\n|\n|win|henitusec\n|raw|henitusec's rating: 1125 &rarr; <strong>1149</strong><br />(+24 for winning)\n|raw|devious22's rating: 1115 &rarr; <strong>1091</strong><br />(-24 for losing)\n",
  "uploadtime": 1776490266,
  "views": 13,
  "formatid": "gen9championsvgc2026regma",
  "rating": 1091,
  "private": 0,
  "password": null
}