{
  "id": "gen9championsvgc2026regma-2582199611",
  "format": "[Gen 9 Champions] VGC 2026 Reg M-A",
  "players": [
    "Serginord4",
    "Furret_whimsicott"
  ],
  "log": "|j|\u2606Serginord4\n|j|\u2606Furret_whimsicott\n|t:|1776070416\n|gametype|doubles\n|player|p1|Serginord4|2|1098\n|player|p2|Furret_whimsicott|aaron|1035\n|gen|9\n|tier|[Gen 9 Champions] VGC 2026 Reg M-A\n|rated|\n|rule|Species Clause: Limit one of each Pok\u00e9mon\n|rule|Item Clause: Limit 1 of each item\n|clearpoke\n|poke|p1|Incineroar, L50, F|\n|poke|p1|Kingambit, L50, F|\n|poke|p1|Charizard, L50, M|\n|poke|p1|Whimsicott, L50, F|\n|poke|p1|Garchomp, L50, F|\n|poke|p1|Meowscarada, L50, M|\n|poke|p2|Clefable, L50, F|\n|poke|p2|Maushold-Four, L50|\n|poke|p2|Toxapex, L50, M|\n|poke|p2|Incineroar, L50, M|\n|poke|p2|Sinistcha, L50|\n|poke|p2|Glimmora, L50, M|\n|teampreview|4\n|inactive|Battle timer is ON: inactive players will automatically lose when time's up. (requested by Serginord4)\n|\n|t:|1776070469\n|teamsize|p1|4\n|teamsize|p2|4\n|start\n|switch|p1a: Charizard|Charizard, L50, M|100/100\n|switch|p1b: Whimsicott|Whimsicott, L50, F|100/100\n|switch|p2a: Glimmora|Glimmora, L50, M|100/100\n|switch|p2b: Clefable|Clefable, L50, F, shiny|100/100\n|turn|1\n|inactive|Serginord4 has 30 seconds left.\n|inactive|Serginord4 has 20 seconds left.\n|inactive|Serginord4 has 15 seconds left.\n|inactive|Serginord4 has 10 seconds left.\n|\n|t:|1776070514\n|switch|p2b: Toxapex|Toxapex, L50, M, shiny|100/100\n|detailschange|p1a: Charizard|Charizard-Mega-Y, L50, M\n|-mega|p1a: Charizard|Charizard|Charizardite Y\n|-weather|SunnyDay|[from] ability: Drought|[of] p1a: Charizard\n|move|p1a: Charizard|Protect|p1a: Charizard\n|-singleturn|p1a: Charizard|Protect\n|move|p1b: Whimsicott|Tailwind|p1b: Whimsicott\n|-sidestart|p1: Serginord4|move: Tailwind\n|move|p2a: Glimmora|Power Gem|p1a: Charizard\n|-activate|p1a: Charizard|move: Protect\n|\n|-weather|SunnyDay|[upkeep]\n|upkeep\n|turn|2\n|inactive|Furret_whimsicott has 30 seconds left.\n|inactive|Furret_whimsicott has 20 seconds left.\n|inactive|Furret_whimsicott has 15 seconds left.\n|inactive|Furret_whimsicott has 10 seconds left.\n|inactive|Furret_whimsicott has 5 seconds left.\n|\n|t:|1776070565\n|switch|p2a: Clefable|Clefable, L50, F, shiny|100/100\n|move|p2b: Toxapex|Wide Guard|p2b: Toxapex\n|-singleturn|p2b: Toxapex|Wide Guard\n|move|p1b: Whimsicott|Moonblast|p2a: Clefable\n|-damage|p2a: Clefable|69/100\n|move|p1a: Charizard|Solar Beam||[still]\n|-prepare|p1a: Charizard|Solar Beam\n|-anim|p1a: Charizard|Solar Beam|p2b: Toxapex\n|-damage|p2b: Toxapex|62/100\n|\n|-weather|SunnyDay|[upkeep]\n|-heal|p2b: Toxapex|67/100|[from] item: Leftovers\n|upkeep\n|turn|3\n|inactive|Serginord4 has 30 seconds left.\n|\n|t:|1776070598\n|detailschange|p2a: Clefable|Clefable-Mega, L50, F, shiny\n|-mega|p2a: Clefable|Clefable|Clefablite\n|move|p1b: Whimsicott|Protect|p1b: Whimsicott\n|-singleturn|p1b: Whimsicott|Protect\n|move|p2b: Toxapex|Wide Guard|p2b: Toxapex\n|-singleturn|p2b: Toxapex|Wide Guard\n|move|p1a: Charizard|Solar Beam||[still]\n|-prepare|p1a: Charizard|Solar Beam\n|-anim|p1a: Charizard|Solar Beam|p2b: Toxapex\n|-damage|p2b: Toxapex|30/100\n|move|p2a: Clefable|Cosmic Power|p2a: Clefable\n|-boost|p2a: Clefable|def|1\n|-boost|p2a: Clefable|spd|1\n|\n|-weather|SunnyDay|[upkeep]\n|-heal|p2b: Toxapex|36/100|[from] item: Leftovers\n|upkeep\n|turn|4\n|\n|t:|1776070620\n|switch|p2b: Sinistcha|Sinistcha, L50|100/100\n|-heal|p2a: Clefable|94/100|[from] ability: Hospitality|[of] p2b: Sinistcha\n|move|p1b: Whimsicott|Moonblast|p2a: Clefable\n|-damage|p2a: Clefable|74/100\n|move|p1a: Charizard|Heat Wave|p2b: Sinistcha|[spread] p2a,p2b\n|-supereffective|p2b: Sinistcha|1\n|-damage|p2a: Clefable|37/100\n|-damage|p2b: Sinistcha|0 fnt\n|-status|p2a: Clefable|brn\n|faint|p2b: Sinistcha\n|move|p2a: Clefable|Cosmic Power|p2a: Clefable\n|-boost|p2a: Clefable|def|1\n|-boost|p2a: Clefable|spd|1\n|\n|-weather|SunnyDay|[upkeep]\n|-damage|p2a: Clefable|31/100 brn|[from] brn\n|-sideend|p1: Serginord4|move: Tailwind\n|upkeep\n|\n|t:|1776070634\n|switch|p2b: Glimmora|Glimmora, L50, M|100/100\n|turn|5\n|inactive|Serginord4 has 30 seconds left.\n|\n|t:|1776070669\n|move|p1a: Charizard|Protect|p1a: Charizard\n|-singleturn|p1a: Charizard|Protect\n|move|p1b: Whimsicott|Moonblast|p2b: Glimmora\n|-resisted|p2b: Glimmora|1\n|-damage|p2b: Glimmora|81/100\n|move|p2b: Glimmora|Power Gem|p1a: Charizard\n|-activate|p1a: Charizard|move: Protect\n|move|p2a: Clefable|Moonlight|p2a: Clefable\n|-heal|p2a: Clefable|98/100 brn\n|\n|-weather|none\n|-damage|p2a: Clefable|92/100 brn|[from] brn\n|upkeep\n|turn|6\n|\n|t:|1776070684\n|move|p1b: Whimsicott|Tailwind|p1b: Whimsicott\n|-sidestart|p1: Serginord4|move: Tailwind\n|move|p1a: Charizard|Heat Wave|p2b: Glimmora|[spread] p2a,p2b\n|-resisted|p2b: Glimmora|1\n|-damage|p2a: Clefable|72/100 brn\n|-damage|p2b: Glimmora|56/100\n|-status|p2b: Glimmora|brn\n|move|p2b: Glimmora|Power Gem|p1a: Charizard\n|-supereffective|p1a: Charizard|2\n|-damage|p1a: Charizard|0 fnt\n|faint|p1a: Charizard\n|move|p2a: Clefable|Cosmic Power|p2a: Clefable\n|-boost|p2a: Clefable|def|1\n|-boost|p2a: Clefable|spd|1\n|\n|-damage|p2b: Glimmora|50/100 brn|[from] brn\n|-damage|p2a: Clefable|66/100 brn|[from] brn\n|upkeep\n|inactive|Serginord4 has 30 seconds left.\n|inactive|Serginord4 has 20 seconds left.\n|\n|t:|1776070719\n|switch|p1a: Meowscarada|Meowscarada, L50, M|100/100\n|turn|7\n|\n|t:|1776070741\n|switch|p2b: Toxapex|Toxapex, L50, M, shiny|69/100\n|move|p1b: Whimsicott|Protect|p1b: Whimsicott\n|-singleturn|p1b: Whimsicott|Protect\n|move|p1a: Meowscarada|Flower Trick|p2b: Toxapex\n|-crit|p2b: Toxapex\n|-damage|p2b: Toxapex|34/100\n|move|p2a: Clefable|Moonlight|p2a: Clefable\n|-heal|p2a: Clefable|100/100 brn\n|\n|-heal|p2b: Toxapex|39/100|[from] item: Leftovers\n|-damage|p2a: Clefable|95/100 brn|[from] brn\n|upkeep\n|turn|8\n|inactive|Serginord4 has 30 seconds left.\n|inactive|Serginord4 has 20 seconds left.\n|inactive|Serginord4 has 15 seconds left.\n|inactive|Serginord4 has 10 seconds left.\n|\n|t:|1776070790\n|move|p2b: Toxapex|Baneful Bunker|p2b: Toxapex\n|-singleturn|p2b: Toxapex|move: Protect\n|move|p1a: Meowscarada|Knock Off|p2a: Clefable\n|-resisted|p2a: Clefable|1\n|-damage|p2a: Clefable|90/100 brn\n|move|p1b: Whimsicott|Moonblast|p2b: Toxapex\n|-activate|p2b: Toxapex|move: Protect\n|move|p2a: Clefable|Cosmic Power|p2a: Clefable\n|-boost|p2a: Clefable|def|1\n|-boost|p2a: Clefable|spd|1\n|\n|-heal|p2b: Toxapex|45/100|[from] item: Leftovers\n|-damage|p2a: Clefable|84/100 brn|[from] brn\n|upkeep\n|turn|9\n|\n|t:|1776070815\n|move|p1a: Meowscarada|Flower Trick|p2b: Toxapex\n|-crit|p2b: Toxapex\n|-damage|p2b: Toxapex|13/100\n|move|p1b: Whimsicott|Moonblast|p2b: Toxapex\n|-resisted|p2b: Toxapex|1\n|-crit|p2b: Toxapex\n|-damage|p2b: Toxapex|0 fnt\n|faint|p2b: Toxapex\n|move|p2a: Clefable|Cosmic Power|p2a: Clefable\n|-boost|p2a: Clefable|def|1\n|-boost|p2a: Clefable|spd|1\n|\n|-damage|p2a: Clefable|78/100 brn|[from] brn\n|-sideend|p1: Serginord4|move: Tailwind\n|upkeep\n|\n|t:|1776070824\n|switch|p2b: Glimmora|Glimmora, L50, M|50/100 brn\n|turn|10\n|\n|t:|1776070847\n|move|p1b: Whimsicott|Tailwind|p1b: Whimsicott\n|-sidestart|p1: Serginord4|move: Tailwind\n|move|p1a: Meowscarada|Flower Trick|p2b: Glimmora\n|-crit|p2b: Glimmora\n|-damage|p2b: Glimmora|2/100 brn\n|-activate|p2b: Glimmora|ability: Toxic Debris\n|-sidestart|p1: Serginord4|move: Toxic Spikes\n|move|p2b: Glimmora|Mortal Spin|p1b: Whimsicott|[spread] p1a,p1b\n|-supereffective|p1a: Meowscarada|1\n|-supereffective|p1b: Whimsicott|2\n|-damage|p1a: Meowscarada|94/100\n|-damage|p1b: Whimsicott|86/100\n|-status|p1a: Meowscarada|psn\n|-status|p1b: Whimsicott|psn\n|move|p2a: Clefable|Moonblast|p1a: Meowscarada\n|-supereffective|p1a: Meowscarada|1\n|-damage|p1a: Meowscarada|0 fnt\n|faint|p1a: Meowscarada\n|\n|-damage|p1b: Whimsicott|74/100 psn|[from] psn\n|-damage|p2b: Glimmora|0 fnt|[from] brn\n|faint|p2b: Glimmora\n|-damage|p2a: Clefable|72/100 brn|[from] brn\n|upkeep\n|\n|t:|1776070849\n|switch|p1a: Kingambit|Kingambit, L50, F|100/100\n|-activate|p1a: Kingambit|ability: Supreme Overlord\n|-start|p1a: Kingambit|fallen2|[silent]\n|turn|11\n|\n|t:|1776070869\n|move|p1b: Whimsicott|Moonblast|p2a: Clefable\n|-damage|p2a: Clefable|63/100 brn\n|move|p1a: Kingambit|Iron Head|p2a: Clefable\n|-supereffective|p2a: Clefable|1\n|-damage|p2a: Clefable|43/100 brn\n|move|p2a: Clefable|Moonblast|p1a: Kingambit\n|-damage|p1a: Kingambit|51/100\n|\n|-damage|p1b: Whimsicott|62/100 psn|[from] psn\n|-damage|p2a: Clefable|37/100 brn|[from] brn\n|upkeep\n|turn|12\n|\n|t:|1776070885\n|move|p1b: Whimsicott|Moonblast|p2a: Clefable\n|-damage|p2a: Clefable|28/100 brn\n|move|p1a: Kingambit|Iron Head|p2a: Clefable\n|-supereffective|p2a: Clefable|1\n|-crit|p2a: Clefable\n|-damage|p2a: Clefable|0 fnt\n|faint|p2a: Clefable\n|\n|win|Serginord4\n|raw|Serginord4's rating: 1098 &rarr; <strong>1119</strong><br />(+21 for winning)\n|raw|Furret_whimsicott's rating: 1035 &rarr; <strong>1022</strong><br />(-13 for losing)\n",
  "uploadtime": 1776070892,
  "views": 8,
  "formatid": "gen9championsvgc2026regma",
  "rating": 1022,
  "private": 0,
  "password": null
}