{
  "id": "gen9championsvgc2026regma-2588109067",
  "format": "[Gen 9 Champions] VGC 2026 Reg M-A",
  "players": [
    "DracovishYes",
    "e4mence"
  ],
  "log": "|j|\u2606DracovishYes\n|j|\u2606e4mence\n|t:|1776605250\n|gametype|doubles\n|player|p1|DracovishYes|170|1070\n|player|p2|e4mence|2|1133\n|gen|9\n|tier|[Gen 9 Champions] VGC 2026 Reg M-A\n|rated|\n|rule|Species Clause: Limit one of each Pok\u00e9mon\n|rule|Item Clause: Limit 1 of each item\n|clearpoke\n|poke|p1|Heracross, L50, F|\n|poke|p1|Oranguru, L50, M|\n|poke|p1|Farigiraf, L50, M|\n|poke|p1|Tauros-Paldea-Aqua, L50, M|\n|poke|p1|Incineroar, L50, M|\n|poke|p1|Beedrill, L50, M|\n|poke|p2|Scovillain, L50, M|\n|poke|p2|Hydreigon, L50, F|\n|poke|p2|Aegislash, L50, M|\n|poke|p2|Gyarados, L50, F|\n|poke|p2|Sneasler, L50, M|\n|poke|p2|Aerodactyl, L50, M|\n|teampreview|4\nDracovishYes rejected open team sheets.\n|\n|t:|1776605284\n|teamsize|p1|4\n|teamsize|p2|4\n|start\n|switch|p1a: Heracross|Heracross, L50, F|100/100\n|switch|p1b: Oranguru|Oranguru, L50, M|100/100\n|switch|p2a: Scovillain|Scovillain, L50, M|100/100\n|switch|p2b: Sneasler|Sneasler, L50, M|100/100\n|turn|1\n|\n|t:|1776605305\n|switch|p1a: Tauros|Tauros-Paldea-Aqua, L50, M|100/100\n|-ability|p1a: Tauros|Intimidate|boost\n|-unboost|p2a: Scovillain|atk|1\n|-unboost|p2b: Sneasler|atk|1\n|-enditem|p2b: Sneasler|White Herb\n|-clearnegativeboost|p2b: Sneasler|[silent]\n|move|p2a: Scovillain|Protect|p2a: Scovillain\n|-singleturn|p2a: Scovillain|Protect\n|move|p2b: Sneasler|Fake Out|p1a: Tauros\n|-damage|p1a: Tauros|85/100\n|move|p1b: Oranguru|Psyshock|p2b: Sneasler\n|-supereffective|p2b: Sneasler|2\n|-damage|p2b: Sneasler|0 fnt\n|faint|p2b: Sneasler\n|\n|-ability|p2a: Scovillain|Moody|boost\n|-boost|p2a: Scovillain|atk|2\n|-unboost|p2a: Scovillain|spa|1\n|upkeep\n|\n|t:|1776605318\n|switch|p2b: Gyarados|Gyarados, L50, F|100/100\n|-ability|p2b: Gyarados|Intimidate|boost\n|-unboost|p1a: Tauros|atk|1\n|-fail|p1b: Oranguru|unboost|Attack|[from] ability: Inner Focus|[of] p1b: Oranguru\n|turn|2\n|\n|t:|1776605330\n|switch|p1a: Heracross|Heracross, L50, F|100/100\n|detailschange|p2a: Scovillain|Scovillain-Mega, L50, M\n|-mega|p2a: Scovillain|Scovillain|Scovillainite\n|move|p2b: Gyarados|Dragon Dance|p2b: Gyarados\n|-boost|p2b: Gyarados|atk|1\n|-boost|p2b: Gyarados|spe|1\n|move|p2a: Scovillain|Leech Seed|p1a: Heracross\n|-start|p1a: Heracross|move: Leech Seed\n|move|p1b: Oranguru|Trick Room|p1b: Oranguru\n|-fieldstart|move: Trick Room|[of] p1b: Oranguru\n|\n|-damage|p1a: Heracross|88/100|[from] Leech Seed|[of] p2a: Scovillain\n|upkeep\n|turn|3\n|\n|t:|1776605348\n|detailschange|p1a: Heracross|Heracross-Mega, L50, F\n|-mega|p1a: Heracross|Heracross|Heracronite\n|move|p2a: Scovillain|Rage Powder|p2a: Scovillain\n|-singleturn|p2a: Scovillain|move: Rage Powder\n|move|p1b: Oranguru|Encore|p2a: Scovillain\n|-start|p2a: Scovillain|Encore\n|move|p1a: Heracross|Pin Missile|p2a: Scovillain\n|-damage|p2a: Scovillain|81/100\n|-status|p1a: Heracross|brn|[from] ability: Spicy Spray|[of] p2a: Scovillain\n|-damage|p2a: Scovillain|71/100\n|-damage|p2a: Scovillain|62/100\n|-damage|p2a: Scovillain|53/100\n|-damage|p2a: Scovillain|44/100\n|-hitcount|p2a: Scovillain|5\n|move|p2b: Gyarados|Crunch|p1b: Oranguru\n|-supereffective|p1b: Oranguru|1\n|-damage|p1b: Oranguru|26/100\n|\n|-damage|p1a: Heracross|76/100 brn|[from] Leech Seed|[of] p2a: Scovillain\n|-heal|p2a: Scovillain|57/100|[silent]\n|-damage|p1a: Heracross|70/100 brn|[from] brn\n|upkeep\n|turn|4\n|\n|t:|1776605375\n|switch|p1b: Tauros|Tauros-Paldea-Aqua, L50, M|85/100\n|-ability|p1b: Tauros|Intimidate|boost\n|-unboost|p2a: Scovillain|atk|1\n|-unboost|p2b: Gyarados|atk|1\n|move|p2a: Scovillain|Rage Powder|p2a: Scovillain\n|-singleturn|p2a: Scovillain|move: Rage Powder\n|move|p1a: Heracross|Swords Dance|p1a: Heracross\n|-boost|p1a: Heracross|atk|2\n|move|p2b: Gyarados|Waterfall|p1a: Heracross\n|-damage|p1a: Heracross|32/100 brn\n|\n|-damage|p1a: Heracross|19/100 brn|[from] Leech Seed|[of] p2a: Scovillain\n|-heal|p2a: Scovillain|70/100|[silent]\n|-damage|p1a: Heracross|13/100 brn|[from] brn\n|upkeep\n|turn|5\n|\n|t:|1776605396\n|switch|p2a: Aegislash|Aegislash, L50, M|100/100\n|switch|p1b: Incineroar|Incineroar, L50, M|100/100\n|-ability|p1b: Incineroar|Intimidate|boost\n|-unboost|p2a: Aegislash|atk|1\n|-unboost|p2b: Gyarados|atk|1\n|move|p2b: Gyarados|Protect|p2b: Gyarados\n|-singleturn|p2b: Gyarados|Protect\n|move|p1a: Heracross|Pin Missile|p2a: Aegislash\n|-resisted|p2a: Aegislash|2\n|-damage|p2a: Aegislash|97/100\n|-resisted|p2a: Aegislash|2\n|-damage|p2a: Aegislash|93/100\n|-resisted|p2a: Aegislash|2\n|-damage|p2a: Aegislash|90/100\n|-resisted|p2a: Aegislash|2\n|-damage|p2a: Aegislash|86/100\n|-resisted|p2a: Aegislash|2\n|-damage|p2a: Aegislash|83/100\n|-hitcount|p2a: Aegislash|5\n|\n|-damage|p1a: Heracross|1/100 brn|[from] Leech Seed|[of] p2a: Aegislash\n|-heal|p2a: Aegislash|96/100|[silent]\n|-damage|p1a: Heracross|0 fnt|[from] brn\n|faint|p1a: Heracross\n|upkeep\n|\n|t:|1776605401\n|switch|p1a: Tauros|Tauros-Paldea-Aqua, L50, M|85/100\n|-ability|p1a: Tauros|Intimidate|boost\n|-unboost|p2a: Aegislash|atk|1\n|-unboost|p2b: Gyarados|atk|1\n|turn|6\n|\n|t:|1776605452\n|switch|p2b: Scovillain|Scovillain-Mega, L50, M|70/100\n|move|p2a: Aegislash|King's Shield|p2a: Aegislash\n|-singleturn|p2a: Aegislash|Protect\n|move|p1b: Incineroar|Fake Out|p2b: Scovillain\n|-damage|p2b: Scovillain|59/100\n|-immune|p1b: Incineroar\n|move|p1a: Tauros|Raging Bull|p2b: Scovillain\n|-damage|p2b: Scovillain|20/100\n|-status|p1a: Tauros|brn|[from] ability: Spicy Spray|[of] p2b: Scovillain\n|\n|-damage|p1a: Tauros|79/100 brn|[from] brn\n|-fieldend|move: Trick Room\n|upkeep\n|turn|7\n|\n|t:|1776605477\n|move|p1a: Tauros|Raging Bull|p2b: Scovillain\n|-damage|p2b: Scovillain|1/100\n|move|p2b: Scovillain|Leech Seed|p1b: Incineroar\n|-start|p1b: Incineroar|move: Leech Seed\n|move|p1b: Incineroar|Parting Shot|p2a: Aegislash\n|-unboost|p2a: Aegislash|atk|1\n|-unboost|p2a: Aegislash|spa|1\n|\n|t:|1776605485\n|switch|p1b: Oranguru|Oranguru, L50, M|26/100|[from] Parting Shot\n|-formechange|p2a: Aegislash|Aegislash-Blade|\n|move|p2a: Aegislash|Shadow Ball|p1a: Tauros\n|-damage|p1a: Tauros|17/100 brn\n|\n|-damage|p1a: Tauros|11/100 brn|[from] brn\n|upkeep\n|turn|8\n|\n|t:|1776605503\n|switch|p2a: Gyarados|Gyarados, L50, F|100/100\n|-ability|p2a: Gyarados|Intimidate|boost\n|-unboost|p1a: Tauros|atk|1\n|-fail|p1b: Oranguru|unboost|Attack|[from] ability: Inner Focus|[of] p1b: Oranguru\n|move|p2b: Scovillain|Protect|p2b: Scovillain\n|-singleturn|p2b: Scovillain|Protect\n|move|p1a: Tauros|Raging Bull|p2b: Scovillain\n|-activate|p2b: Scovillain|move: Protect\n|move|p1b: Oranguru|Instruct|p1a: Tauros\n|-singleturn|p1a: Tauros|move: Instruct|[of] p1b: Oranguru\n|move|p1a: Tauros|Raging Bull|p2b: Scovillain\n|-activate|p2b: Scovillain|move: Protect\n|\n|-damage|p1a: Tauros|5/100 brn|[from] brn\n|upkeep\n|turn|9\n|\n|t:|1776605525\n|switch|p2b: Aegislash|Aegislash, L50, M|96/100\n|switch|p1b: Incineroar|Incineroar, L50, M|100/100\n|-ability|p1b: Incineroar|Intimidate|boost\n|-unboost|p2a: Gyarados|atk|1\n|-unboost|p2b: Aegislash|atk|1\n|move|p1a: Tauros|Raging Bull|p2b: Aegislash\n|-damage|p2b: Aegislash|86/100\n|move|p2a: Gyarados|Waterfall|p1b: Incineroar\n|-supereffective|p1b: Incineroar|1\n|-damage|p1b: Incineroar|43/100\n|\n|-damage|p1a: Tauros|0 fnt|[from] brn\n|faint|p1a: Tauros\n|upkeep\n|-message|DracovishYes forfeited.\n|\n|win|e4mence\n|raw|DracovishYes's rating: 1070 &rarr; <strong>1053</strong><br />(-17 for losing)\n|raw|e4mence's rating: 1133 &rarr; <strong>1154</strong><br />(+21 for winning)\n|l|\u2606DracovishYes\n|player|p1|\n",
  "uploadtime": 1776605542,
  "views": 13,
  "formatid": "gen9championsvgc2026regma",
  "rating": 1053,
  "private": 0,
  "password": null
}