{
  "id": "gen9championsvgc2026regma-2580408119",
  "format": "[Gen 9 Champions] VGC 2026 Reg M-A",
  "players": [
    "DaddyMilker",
    "hozesama"
  ],
  "log": "|j|\u2606DaddyMilker\n|j|\u2606hozesama\n|t:|1775891946\n|gametype|doubles\n|player|p1|DaddyMilker|169|1000\n|player|p2|hozesama|cynthia-masters4|1071\n|gen|9\n|tier|[Gen 9 Champions] VGC 2026 Reg M-A\n|rated|\n|rule|Species Clause: Limit one of each Pok\u00e9mon\n|rule|Item Clause: Limit 1 of each item\n|clearpoke\n|poke|p1|Rampardos, L50, F|\n|poke|p1|Talonflame, L50, M|\n|poke|p1|Audino, L50, F|\n|poke|p1|Manectric, L50, F|\n|poke|p1|Sableye, L50, F|\n|poke|p1|Aurorus, L50, F|\n|poke|p2|Gyarados, L50, F|\n|poke|p2|Venusaur, L50, F|\n|poke|p2|Sneasler, L50, M|\n|poke|p2|Kingambit, L50, M|\n|poke|p2|Basculegion, L50, M|\n|poke|p2|Gliscor, L50, M|\n|teampreview|4\nhozesama rejected open team sheets.\n|\n|t:|1775891980\n|teamsize|p1|4\n|teamsize|p2|4\n|start\n|switch|p1a: Sableye|Sableye, L50, F|100/100\n|switch|p1b: Aurorus|Aurorus, L50, F|100/100\n|switch|p2a: Venusaur|Venusaur, L50, F|100/100\n|switch|p2b: Kingambit|Kingambit, L50, M|100/100\n|-weather|Snowscape|[from] ability: Snow Warning|[of] p1b: Aurorus\n|turn|1\n|\n|t:|1775892003\n|detailschange|p2a: Venusaur|Venusaur-Mega, L50, F\n|-mega|p2a: Venusaur|Venusaur|Venusaurite\n|move|p2b: Kingambit|Protect|p2b: Kingambit\n|-singleturn|p2b: Kingambit|Protect\n|move|p1a: Sableye|Skill Swap|p1b: Aurorus\n|-activate|p1a: Sableye|Skill Swap|||[of] p1b: Aurorus\n|move|p1b: Aurorus|Aurora Veil|p1b: Aurorus\n|-sidestart|p1: DaddyMilker|move: Aurora Veil\n|move|p2a: Venusaur|Earth Power|p1b: Aurorus\n|-supereffective|p1b: Aurorus|1\n|-damage|p1b: Aurorus|64/100\n|\n|-weather|Snowscape|[upkeep]\n|upkeep\n|turn|2\n|\n|t:|1775892041\n|switch|p1a: Audino|Audino, L50, F|100/100\n|move|p1b: Aurorus|Encore|p2b: Kingambit\n|-hint|Since gen 7, Dark is immune to Prankster moves.\n|-immune|p2b: Kingambit\n|move|p2a: Venusaur|Earth Power|p1b: Aurorus\n|-supereffective|p1b: Aurorus|1\n|-damage|p1b: Aurorus|33/100\n|move|p2b: Kingambit|Swords Dance|p2b: Kingambit\n|-boost|p2b: Kingambit|atk|2\n|\n|-weather|Snowscape|[upkeep]\n|upkeep\n|turn|3\n|\n|t:|1775892064\n|move|p2a: Venusaur|Sludge Bomb|p1a: Audino\n|-damage|p1a: Audino|70/100\n|move|p1b: Aurorus|Blizzard|p2b: Kingambit|[spread] p2a,p2b\n|-supereffective|p2a: Venusaur|1\n|-resisted|p2b: Kingambit|1\n|-damage|p2a: Venusaur|62/100\n|-damage|p2b: Kingambit|77/100\n|move|p2b: Kingambit|Kowtow Cleave|p1b: Aurorus\n|-damage|p1b: Aurorus|0 fnt\n|faint|p1b: Aurorus\n|move|p1a: Audino|Skill Swap|p1: Aurorus|[notarget]\n|-fail|p1a: Audino\n|\n|-weather|Snowscape|[upkeep]\n|-heal|p1a: Audino|76/100|[from] item: Leftovers\n|upkeep\n|\n|t:|1775892080\n|switch|p1b: Sableye|Sableye, L50, F|100/100\n|turn|4\n|\n|t:|1775892095\n|move|p1b: Sableye|Disable|p2a: Venusaur\n|-start|p2a: Venusaur|Disable|Sludge Bomb\n|move|p2a: Venusaur|Giga Drain|p1a: Audino\n|-damage|p1a: Audino|50/100\n|-heal|p2a: Venusaur|76/100|[from] drain|[of] p1a: Audino\n|move|p1a: Audino|Skill Swap|p1b: Sableye\n|-activate|p1a: Audino|Skill Swap|||[of] p1b: Sableye\n|move|p2b: Kingambit|Kowtow Cleave|p1b: Sableye\n|-damage|p1b: Sableye|41/100\n|\n|-weather|Snowscape|[upkeep]\n|-heal|p1a: Audino|57/100|[from] item: Leftovers\n|upkeep\n|turn|5\n|\n|t:|1775892120\n|move|p1a: Audino|Life Dew|p1a: Audino|[spread] p1a,p1b\n|-heal|p1a: Audino|82/100\n|-heal|p1b: Sableye|65/100\n|move|p2a: Venusaur|Giga Drain|p1a: Audino\n|-damage|p1a: Audino|59/100\n|-heal|p2a: Venusaur|90/100|[from] drain|[of] p1a: Audino\n|move|p1b: Sableye|Foul Play|p2a: Venusaur\n|-damage|p2a: Venusaur|67/100\n|move|p2b: Kingambit|Kowtow Cleave|p1b: Sableye\n|-damage|p1b: Sableye|6/100\n|\n|-weather|none\n|-heal|p1a: Audino|65/100|[from] item: Leftovers\n|-sideend|p1: DaddyMilker|move: Aurora Veil\n|upkeep\n|turn|6\n|\n|t:|1775892145\n|move|p1b: Sableye|Detect|p1b: Sableye\n|-singleturn|p1b: Sableye|Protect\n|move|p1a: Audino|Encore|p2a: Venusaur\n|-start|p2a: Venusaur|Encore\n|move|p2a: Venusaur|Giga Drain|p1a: Audino\n|-damage|p1a: Audino|28/100\n|-heal|p2a: Venusaur|88/100|[from] drain|[of] p1a: Audino\n|move|p2b: Kingambit|Swords Dance|p2b: Kingambit\n|-boost|p2b: Kingambit|atk|2\n|\n|-heal|p1a: Audino|34/100|[from] item: Leftovers\n|upkeep\n|turn|7\n|\n|t:|1775892182\n|switch|p2a: Basculegion|Basculegion, L50, M|100/100\n|move|p1a: Audino|Life Dew|p1a: Audino|[spread] p1a,p1b\n|-heal|p1a: Audino|59/100\n|-heal|p1b: Sableye|30/100\n|move|p1b: Sableye|Skill Swap|p2a: Basculegion\n|-activate|p1b: Sableye|Skill Swap|Adaptability|Healer|[of] p2a: Basculegion\n|move|p2b: Kingambit|Kowtow Cleave|p1b: Sableye\n|-damage|p1b: Sableye|0 fnt\n|faint|p1b: Sableye\n|\n|-heal|p1a: Audino|65/100|[from] item: Leftovers\n|upkeep\n|\n|t:|1775892199\n|switch|p1b: Manectric|Manectric, L50, F|100/100\n|turn|8\n|\n|t:|1775892213\n|detailschange|p1b: Manectric|Manectric-Mega, L50, F\n|-mega|p1b: Manectric|Manectric|Manectite\n|-ability|p1b: Manectric|Intimidate|boost\n|-unboost|p2a: Basculegion|atk|1\n|-unboost|p2b: Kingambit|atk|1\n|-ability|p2b: Kingambit|Defiant|boost\n|-boost|p2b: Kingambit|atk|2\n|move|p1a: Audino|After You|p1b: Manectric\n|-activate|p1b: Manectric|move: After You\n|move|p1b: Manectric|Thunderbolt|p2a: Basculegion\n|-supereffective|p2a: Basculegion|1\n|-damage|p2a: Basculegion|4/100\n|-status|p2a: Basculegion|par\n|move|p2a: Basculegion|Flip Turn|p1b: Manectric\n|-damage|p1b: Manectric|78/100\n|\n|t:|1775892226\n|switch|p2a: Gliscor|Gliscor, L50, M|100/100|[from] Flip Turn\n|move|p2b: Kingambit|Kowtow Cleave|p1a: Audino\n|-damage|p1a: Audino|0 fnt\n|faint|p1a: Audino\n|\n|upkeep\n|turn|9\n|\n|t:|1775892236\n|move|p2b: Kingambit|Sucker Punch|p1b: Manectric\n|-damage|p1b: Manectric|0 fnt\n|faint|p1b: Manectric\n|\n|win|hozesama\n|raw|DaddyMilker's rating: 1000 &rarr; <strong>1000</strong><br />(+0 for losing)\n|raw|hozesama's rating: 1071 &rarr; <strong>1094</strong><br />(+23 for winning)\n",
  "uploadtime": 1775892240,
  "views": 20,
  "formatid": "gen9championsvgc2026regma",
  "rating": 1000,
  "private": 0,
  "password": null
}