{
  "id": "gen9championsvgc2026regma-2581821550",
  "format": "[Gen 9 Champions] VGC 2026 Reg M-A",
  "players": [
    "NotHopeOk",
    "tatsumya"
  ],
  "log": "|j|\u2606NotHopeOk\n|j|\u2606tatsumya\n|t:|1776031161\n|gametype|doubles\n|player|p1|NotHopeOk|2|1027\n|player|p2|tatsumya|101|1000\n|gen|9\n|tier|[Gen 9 Champions] VGC 2026 Reg M-A\n|rated|\n|rule|Species Clause: Limit one of each Pok\u00e9mon\n|rule|Item Clause: Limit 1 of each item\n|clearpoke\n|poke|p1|Dragonite, L50, M|\n|poke|p1|Pelipper, L50, F|\n|poke|p1|Excadrill, L50, M|\n|poke|p1|Rotom-Heat, L50|\n|poke|p1|Basculegion-F, L50, F|\n|poke|p1|Farigiraf, L50, M|\n|poke|p2|Glimmora, L50, F|\n|poke|p2|Gyarados, L50, F|\n|poke|p2|Garchomp, L50, M|\n|poke|p2|Rotom-Heat, L50|\n|poke|p2|Whimsicott, L50, M|\n|poke|p2|Sneasler, L50, F|\n|teampreview|4\nNotHopeOk has agreed to open team sheets.\n|\n|t:|1776031218\n|teamsize|p1|4\n|teamsize|p2|4\n|start\n|switch|p1a: Rotom|Rotom-Heat, L50|100/100\n|switch|p1b: Farigiraf|Farigiraf, L50, M|100/100\n|switch|p2a: Gyarados|Gyarados, L50, F|100/100\n|switch|p2b: Glimmora|Glimmora, L50, F|100/100\n|-ability|p2a: Gyarados|Intimidate|boost\n|-unboost|p1a: Rotom|atk|1\n|-unboost|p1b: Farigiraf|atk|1\n|turn|1\n|\n|t:|1776031236\n|detailschange|p2b: Glimmora|Glimmora-Mega, L50, F\n|-mega|p2b: Glimmora|Glimmora|Glimmoranite\n|move|p2b: Glimmora|Power Gem|p1a: Rotom\n|-supereffective|p1a: Rotom|1\n|-damage|p1a: Rotom|0 fnt\n|faint|p1a: Rotom\n|move|p2a: Gyarados|Taunt|p1b: Farigiraf\n|-start|p1b: Farigiraf|move: Taunt\n|cant|p1b: Farigiraf|move: Taunt|Trick Room\n|\n|upkeep\n|\n|t:|1776031258\n|switch|p1a: Excadrill|Excadrill, L50, M, shiny|100/100\n|-ability|p1a: Excadrill|Mold Breaker\n|turn|2\n|\n|t:|1776031268\n|switch|p1b: Basculegion|Basculegion-F, L50, F|100/100\n|detailschange|p1a: Excadrill|Excadrill-Mega, L50, M, shiny\n|-mega|p1a: Excadrill|Excadrill|Excadrite\n|move|p2b: Glimmora|Sludge Bomb|p1b: Basculegion\n|-resisted|p1b: Basculegion|1\n|-damage|p1b: Basculegion|59/100\n|move|p1a: Excadrill|Rock Slide|p2b: Glimmora|[spread] p2a,p2b\n|-supereffective|p2a: Gyarados|1\n|-damage|p2a: Gyarados|47/100\n|-damage|p2b: Glimmora|77/100\n|move|p2a: Gyarados|Waterfall|p1a: Excadrill\n|-supereffective|p1a: Excadrill|1\n|-damage|p1a: Excadrill|22/100\n|\n|upkeep\n|turn|3\n|\n|t:|1776031294\n|switch|p2a: Whimsicott|Whimsicott, L50, M|100/100\n|move|p2b: Glimmora|Spiky Shield|p2b: Glimmora\n|-singleturn|p2b: Glimmora|move: Protect\n|move|p1a: Excadrill|Protect|p1a: Excadrill\n|-singleturn|p1a: Excadrill|Protect\n|move|p1b: Basculegion|Aqua Jet|p2b: Glimmora\n|-activate|p2b: Glimmora|move: Protect\n|-damage|p1b: Basculegion|47/100|[from] Spiky Shield|[of] p2b: Glimmora\n|\n|upkeep\n|turn|4\n|\n|t:|1776031319\n|move|p1b: Basculegion|Protect|p1b: Basculegion\n|-singleturn|p1b: Basculegion|Protect\n|move|p2a: Whimsicott|Tailwind|p2a: Whimsicott\n|-sidestart|p2: tatsumya|move: Tailwind\n|move|p2b: Glimmora|Power Gem|p1a: Excadrill\n|-resisted|p1a: Excadrill|2\n|-damage|p1a: Excadrill|2/100\n|move|p1a: Excadrill|Earthquake|p2b: Glimmora|[spread] p2a,p2b\n|-activate|p1b: Basculegion|move: Protect\n|-resisted|p2a: Whimsicott|1\n|-supereffective|p2b: Glimmora|2\n|-damage|p2a: Whimsicott|68/100\n|-damage|p2b: Glimmora|0 fnt\n|faint|p2b: Glimmora\n|\n|upkeep\n|\n|t:|1776031329\n|switch|p2b: Rotom|Rotom-Heat, L50|100/100\n|turn|5\n|\n|t:|1776031348\n|switch|p2a: Gyarados|Gyarados, L50, F|47/100\n|-ability|p2a: Gyarados|Intimidate|boost\n|-unboost|p1a: Excadrill|atk|1\n|-unboost|p1b: Basculegion|atk|1\n|move|p1a: Excadrill|Protect|p1a: Excadrill\n|-singleturn|p1a: Excadrill|Protect\n|move|p1b: Basculegion|Aqua Jet|p2b: Rotom\n|-supereffective|p2b: Rotom|1\n|-damage|p2b: Rotom|84/100\n|move|p2b: Rotom|Thunderbolt|p1b: Basculegion\n|-supereffective|p1b: Basculegion|1\n|-damage|p1b: Basculegion|0 fnt\n|faint|p1b: Basculegion\n|\n|-heal|p2b: Rotom|90/100|[from] item: Leftovers\n|upkeep\n|\n|t:|1776031363\n|switch|p1b: Farigiraf|Farigiraf, L50, M|100/100\n|turn|6\n|\n|t:|1776031376\n|move|p1b: Farigiraf|Protect|p1b: Farigiraf\n|-singleturn|p1b: Farigiraf|Protect\n|move|p2a: Gyarados|Taunt|p1b: Farigiraf\n|-activate|p1b: Farigiraf|move: Protect\n|move|p2b: Rotom|Eerie Impulse|p1b: Farigiraf\n|-activate|p1b: Farigiraf|move: Protect\n|move|p1a: Excadrill|Rock Slide|p2b: Rotom|[spread] p2a,p2b\n|-supereffective|p2a: Gyarados|1\n|-supereffective|p2b: Rotom|1\n|-damage|p2a: Gyarados|9/100\n|-damage|p2b: Rotom|64/100\n|\n|-heal|p2b: Rotom|70/100|[from] item: Leftovers\n|upkeep\n|turn|7\n|\n|t:|1776031404\n|move|p2a: Gyarados|Taunt|p1b: Farigiraf\n|-start|p1b: Farigiraf|move: Taunt\n|move|p2b: Rotom|Thunderbolt|p1b: Farigiraf\n|-damage|p1b: Farigiraf|57/100\n|move|p1a: Excadrill|Rock Slide|p2b: Rotom|[spread] p2a,p2b\n|-supereffective|p2a: Gyarados|1\n|-supereffective|p2b: Rotom|1\n|-damage|p2a: Gyarados|0 fnt\n|-damage|p2b: Rotom|43/100\n|faint|p2a: Gyarados\n|move|p1b: Farigiraf|Expanding Force|p2b: Rotom\n|-damage|p2b: Rotom|4/100\n|\n|-heal|p2b: Rotom|10/100|[from] item: Leftovers\n|-sideend|p2: tatsumya|move: Tailwind\n|upkeep\n|\n|t:|1776031412\n|switch|p2a: Whimsicott|Whimsicott, L50, M|68/100\n|turn|8\n|\n|t:|1776031451\n|move|p2a: Whimsicott|Moonblast|p1b: Farigiraf\n|-damage|p1b: Farigiraf|16/100\n|move|p1a: Excadrill|Iron Head|p2b: Rotom\n|-resisted|p2b: Rotom|2\n|-damage|p2b: Rotom|2/100\n|move|p1b: Farigiraf|Expanding Force|p2a: Whimsicott\n|-damage|p2a: Whimsicott|0 fnt\n|faint|p2a: Whimsicott\n|move|p2b: Rotom|Thunderbolt|p1b: Farigiraf\n|-damage|p1b: Farigiraf|0 fnt\n|faint|p1b: Farigiraf\n|\n|-heal|p2b: Rotom|8/100|[from] item: Leftovers\n|upkeep\n|turn|9\n|\n|t:|1776031474\n|move|p2b: Rotom|Protect|p2b: Rotom\n|-singleturn|p2b: Rotom|Protect\n|move|p1a: Excadrill|Iron Head|p2b: Rotom\n|-resisted|p2b: Rotom|2\n|-ability|p1a: Excadrill|Piercing Drill\n|-zbroken|p2b: Rotom\n|-damage|p2b: Rotom|6/100\n|\n|-heal|p2b: Rotom|12/100|[from] item: Leftovers\n|upkeep\n|turn|10\n|\n|t:|1776031491\n|move|p1a: Excadrill|Iron Head|p2b: Rotom\n|-resisted|p2b: Rotom|2\n|-damage|p2b: Rotom|5/100\n|move|p2b: Rotom|Will-O-Wisp|p1a: Excadrill\n|-status|p1a: Excadrill|brn\n|\n|-heal|p2b: Rotom|11/100|[from] item: Leftovers\n|-damage|p1a: Excadrill|0 fnt|[from] brn\n|faint|p1a: Excadrill\n|\n|win|tatsumya\n|raw|NotHopeOk's rating: 1027 &rarr; <strong>1012</strong><br />(-15 for losing)\n|raw|tatsumya's rating: 1000 &rarr; <strong>1043</strong><br />(+43 for winning)\n",
  "uploadtime": 1776031504,
  "views": 27,
  "formatid": "gen9championsvgc2026regma",
  "rating": 1012,
  "private": 0,
  "password": null
}