{
  "id": "gen9championsvgc2026regma-2587414794",
  "format": "[Gen 9 Champions] VGC 2026 Reg M-A",
  "players": [
    "Warehouse User",
    "Adrisedona"
  ],
  "log": "|j|\u2606Warehouse User\n|j|\u2606Adrisedona\n|t:|1776529865\n|gametype|doubles\n|player|p1|Warehouse User|170|1041\n|player|p2|Adrisedona|n|1025\n|gen|9\n|tier|[Gen 9 Champions] VGC 2026 Reg M-A\n|rated|\n|rule|Species Clause: Limit one of each Pok\u00e9mon\n|rule|Item Clause: Limit 1 of each item\n|clearpoke\n|poke|p1|Aegislash, L50, M|\n|poke|p1|Maushold-Four, L50|\n|poke|p1|Azumarill, L50, F|\n|poke|p1|Whimsicott, L50, F|\n|poke|p1|Beedrill, L50, F|\n|poke|p1|Castform, L50, M|\n|poke|p2|Banette, L50, M, shiny|\n|poke|p2|Whimsicott, L50, M|\n|poke|p2|Primarina, L50, M|\n|poke|p2|Maushold-Four, L50|\n|poke|p2|Pelipper, L50, M|\n|poke|p2|Archaludon, L50, F|\n|teampreview|4\n|inactive|Battle timer is ON: inactive players will automatically lose when time's up. (requested by Warehouse User)\n|\n|t:|1776529890\n|teamsize|p1|4\n|teamsize|p2|4\n|start\n|switch|p1a: Azumarill|Azumarill, L50, F|100/100\n|switch|p1b: Whimsicott|Whimsicott, L50, F|100/100\n|switch|p2a: Banette|Banette, L50, M, shiny|100/100\n|switch|p2b: Whimsicott|Whimsicott, L50, M|100/100\n|turn|1\n|\n|t:|1776529911\n|detailschange|p2a: Banette|Banette-Mega, L50, M, shiny\n|-mega|p2a: Banette|Banette|Banettite\n|move|p2b: Whimsicott|Taunt|p1b: Whimsicott\n|-start|p1b: Whimsicott|move: Taunt\n|move|p2a: Banette|Destiny Bond|p2a: Banette\n|-singlemove|p2a: Banette|Destiny Bond\n|move|p1b: Whimsicott|Moonblast|p2a: Banette\n|-damage|p2a: Banette|55/100\n|move|p1a: Azumarill|Belly Drum|p1a: Azumarill\n|-damage|p1a: Azumarill|51/100\n|-setboost|p1a: Azumarill|atk|6|[from] move: Belly Drum\n|\n|upkeep\n|turn|2\n|inactive|Warehouse User has 30 seconds left.\n|\n|t:|1776529946\n|move|p2b: Whimsicott|Encore|p1a: Azumarill\n|-start|p1a: Azumarill|Encore\n|move|p1b: Whimsicott|Moonblast|p2b: Whimsicott\n|-damage|p2b: Whimsicott|52/100\n|move|p2a: Banette|Shadow Claw|p1b: Whimsicott\n|-damage|p1b: Whimsicott|34/100\n|move|p1a: Azumarill|Belly Drum||[still]\n|-fail|p1a: Azumarill\n|\n|upkeep\n|turn|3\n|\n|t:|1776529962\n|move|p1b: Whimsicott|Moonblast|p2b: Whimsicott\n|-damage|p2b: Whimsicott|7/100\n|-unboost|p2b: Whimsicott|spa|1\n|move|p2b: Whimsicott|Moonblast|p1b: Whimsicott\n|-damage|p1b: Whimsicott|3/100\n|move|p2a: Banette|Shadow Claw|p1a: Azumarill\n|-damage|p1a: Azumarill|0 fnt\n|faint|p1a: Azumarill\n|\n|-end|p1b: Whimsicott|move: Taunt\n|upkeep\n|\n|t:|1776529981\n|switch|p1a: Maushold|Maushold-Four, L50|100/100\n|turn|4\n|\n|t:|1776529989\n|move|p1a: Maushold|Protect|p1a: Maushold\n|-singleturn|p1a: Maushold|Protect\n|move|p2a: Banette|Destiny Bond|p2a: Banette\n|-singlemove|p2a: Banette|Destiny Bond\n|move|p1b: Whimsicott|Moonblast|p2b: Whimsicott\n|-damage|p2b: Whimsicott|0 fnt\n|faint|p2b: Whimsicott\n|\n|upkeep\n|\n|t:|1776530001\n|switch|p2b: Primarina|Primarina, L50, M|100/100\n|turn|5\n|\n|t:|1776530021\n|move|p2b: Primarina|Protect|p2b: Primarina\n|-singleturn|p2b: Primarina|Protect\n|move|p2a: Banette|Shadow Sneak|p1b: Whimsicott\n|-damage|p1b: Whimsicott|0 fnt\n|faint|p1b: Whimsicott\n|move|p1a: Maushold|Super Fang|p2a: Banette\n|-immune|p2a: Banette\n|\n|upkeep\n|\n|t:|1776530030\n|switch|p1b: Aegislash|Aegislash, L50, M|100/100\n|turn|6\n|\n|t:|1776530044\n|move|p1a: Maushold|Helping Hand|p1b: Aegislash\n|-singleturn|p1b: Aegislash|Helping Hand|[of] p1a: Maushold\n|move|p2a: Banette|Destiny Bond|p2a: Banette\n|-singlemove|p2a: Banette|Destiny Bond\n|-formechange|p1b: Aegislash|Aegislash-Blade|\n|move|p1b: Aegislash|Shadow Sneak|p2a: Banette\n|-supereffective|p2a: Banette|1\n|-damage|p2a: Banette|0 fnt\n|faint|p2a: Banette\n|-activate|p2a: Banette|move: Destiny Bond\n|faint|p1b: Aegislash\n|move|p2b: Primarina|Perish Song|p2b: Primarina\n|-start|p1a: Maushold|perish3|[silent]\n|-start|p2b: Primarina|perish3|[silent]\n|-fieldactivate|move: Perish Song\n|\n|-start|p1a: Maushold|perish3\n|-start|p2b: Primarina|perish3\n|upkeep\n|c|\u2606Adrisedona|gg\n|\n|t:|1776530057\n|switch|p2a: Maushold|Maushold-Four, L50|100/100\n|turn|7\n|\n|t:|1776530066\n|move|p2a: Maushold|Protect|p2a: Maushold\n|-singleturn|p2a: Maushold|Protect\n|move|p1a: Maushold|Super Fang|p2a: Maushold\n|-activate|p2a: Maushold|move: Protect\n|move|p2b: Primarina|Draining Kiss|p1a: Maushold\n|-damage|p1a: Maushold|71/100\n|\n|-start|p1a: Maushold|perish2\n|-start|p2b: Primarina|perish2\n|upkeep\n|turn|8\n|\n|t:|1776530080\n|move|p1a: Maushold|Protect|p1a: Maushold\n|-singleturn|p1a: Maushold|Protect\n|move|p2a: Maushold|Population Bomb|p1a: Maushold\n|-activate|p1a: Maushold|move: Protect\n|move|p2b: Primarina|Hyper Voice|p1a: Maushold\n|-activate|p1a: Maushold|move: Protect\n|\n|-start|p1a: Maushold|perish1\n|-start|p2b: Primarina|perish1\n|upkeep\n|turn|9\n|\n|t:|1776530095\n|move|p2a: Maushold|Protect|p2a: Maushold\n|-singleturn|p2a: Maushold|Protect\n|move|p1a: Maushold|Protect|p1a: Maushold\n|-singleturn|p1a: Maushold|Protect\n|move|p2b: Primarina|Protect||[still]\n|-fail|p2b: Primarina\n|\n|-start|p1a: Maushold|perish0\n|-start|p2b: Primarina|perish0\n|faint|p1a: Maushold\n|faint|p2b: Primarina\n|\n|win|Adrisedona\n|raw|Warehouse User's rating: 1041 &rarr; <strong>1024</strong><br />(-17 for losing)\n|raw|Adrisedona's rating: 1025 &rarr; <strong>1063</strong><br />(+38 for winning)\n",
  "uploadtime": 1776530101,
  "views": 12,
  "formatid": "gen9championsvgc2026regma",
  "rating": 1024,
  "private": 0,
  "password": null
}