{
  "id": "gen9championsvgc2026regma-2582958998",
  "format": "[Gen 9 Champions] VGC 2026 Reg M-A",
  "players": [
    "NeoNecrozma504",
    "OneRandomMawile"
  ],
  "log": "|j|\u2606NeoNecrozma504\n|j|\u2606OneRandomMawile\n|t:|1776128518\n|gametype|doubles\n|player|p1|NeoNecrozma504|lady|\n|player|p2|OneRandomMawile|miku-water|\n|gen|9\n|tier|[Gen 9 Champions] VGC 2026 Reg M-A\n|rule|Species Clause: Limit one of each Pok\u00e9mon\n|rule|Item Clause: Limit 1 of each item\n|clearpoke\n|poke|p1|Tyranitar, L50, F|\n|poke|p1|Whimsicott, L50, M|\n|poke|p1|Lycanroc-Dusk, L50, M|\n|poke|p1|Incineroar, L50, F|\n|poke|p1|Garchomp, L50, F|\n|poke|p1|Milotic, L50, M|\n|poke|p2|Crabominable, L50, F|\n|poke|p2|Sinistcha-Masterpiece, L50|\n|poke|p2|Incineroar, L50, M|\n|poke|p2|Archaludon, L50, M|\n|poke|p2|Basculegion, L50, M|\n|poke|p2|Pelipper, L50, M|\n|teampreview|4\n|\n|t:|1776128587\n|teamsize|p1|4\n|teamsize|p2|4\n|start\n|switch|p1a: breakfast|Lycanroc-Dusk, L50, M|100/100\n|switch|p1b: Grumble|Incineroar, L50, F|100/100\n|switch|p2a: King of the Ring|Incineroar, L50, M|100/100\n|switch|p2b: Wicker|Sinistcha-Masterpiece, L50|100/100\n|-ability|p2a: King of the Ring|Intimidate|boost\n|-unboost|p1a: breakfast|atk|1\n|-unboost|p1b: Grumble|atk|1\n|-ability|p1b: Grumble|Intimidate|boost\n|-unboost|p2a: King of the Ring|atk|1\n|-unboost|p2b: Wicker|atk|1\n|turn|1\n|l|\u2606OneRandomMawile\n|player|p2|\n|j|\u2606OneRandomMawile\n|player|p2|OneRandomMawile|miku-water|\n|\n|t:|1776128642\n|move|p2a: King of the Ring|Fake Out|p1a: breakfast\n|-resisted|p1a: breakfast|1\n|-damage|p1a: breakfast|95/100\n|cant|p1a: breakfast|flinch\n|move|p1b: Grumble|Flare Blitz|p2b: Wicker\n|-supereffective|p2b: Wicker|1\n|-enditem|p2b: Wicker|Occa Berry|[eat]\n|-enditem|p2b: Wicker|Occa Berry|[weaken]\n|-damage|p2b: Wicker|70/100\n|-damage|p1b: Grumble|90/100|[from] Recoil\n|move|p2b: Wicker|Trick Room|p2b: Wicker\n|-fieldstart|move: Trick Room|[of] p2b: Wicker\n|\n|upkeep\n|turn|2\n|\n|t:|1776128663\n|switch|p1b: The GOAT|Tyranitar, L50, F|100/100\n|-weather|Sandstorm|[from] ability: Sand Stream|[of] p1b: The GOAT\n|move|p1a: breakfast|Accelerock|p2a: King of the Ring\n|-supereffective|p2a: King of the Ring|1\n|-damage|p2a: King of the Ring|70/100\n|move|p2b: Wicker|Matcha Gotcha|p1b: The GOAT|[spread] p1a,p1b\n|-supereffective|p1a: breakfast|1\n|-supereffective|p1b: The GOAT|1\n|-damage|p1a: breakfast|39/100\n|-heal|p2b: Wicker|94/100|[from] drain|[of] p1a: breakfast\n|-damage|p1b: The GOAT|71/100\n|-heal|p2b: Wicker|100/100|[from] drain|[of] p1b: The GOAT\n|move|p2a: King of the Ring|Parting Shot|p1b: The GOAT\n|-unboost|p1b: The GOAT|atk|1\n|-unboost|p1b: The GOAT|spa|1\n|\n|t:|1776128681\n|switch|p2a: Jungle Inferno|Crabominable, L50, F|100/100|[from] Parting Shot\n|\n|-weather|Sandstorm|[upkeep]\n|-damage|p2a: Jungle Inferno|95/100|[from] Sandstorm\n|-damage|p2b: Wicker|94/100|[from] Sandstorm\n|upkeep\n|turn|3\n|\n|t:|1776128693\n|switch|p1a: Grumble|Incineroar, L50, F|90/100\n|-ability|p1a: Grumble|Intimidate|boost\n|-fail|p2a: Jungle Inferno|unboost|Attack|[from] ability: Hyper Cutter|[of] p2a: Jungle Inferno\n|-unboost|p2b: Wicker|atk|1\n|detailschange|p2a: Jungle Inferno|Crabominable-Mega, L50, F\n|-mega|p2a: Jungle Inferno|Crabominable|Crabominite\n|move|p1b: The GOAT|Protect|p1b: The GOAT\n|-singleturn|p1b: The GOAT|Protect\n|move|p2a: Jungle Inferno|Mach Punch|p1b: The GOAT\n|-activate|p1b: The GOAT|move: Protect\n|move|p2b: Wicker|Matcha Gotcha|p1a: Grumble|[spread] p1a\n|-activate|p1b: The GOAT|move: Protect\n|-resisted|p1a: Grumble|1\n|-damage|p1a: Grumble|79/100\n|-heal|p2b: Wicker|99/100|[from] drain|[of] p1a: Grumble\n|\n|-weather|Sandstorm|[upkeep]\n|-damage|p2a: Jungle Inferno|89/100|[from] Sandstorm\n|-damage|p1a: Grumble|74/100|[from] Sandstorm\n|-damage|p2b: Wicker|93/100|[from] Sandstorm\n|upkeep\n|turn|4\n|\n|t:|1776128719\n|move|p1a: Grumble|Fake Out|p2a: Jungle Inferno\n|-damage|p2a: Jungle Inferno|80/100\n|cant|p2a: Jungle Inferno|flinch\n|move|p1b: The GOAT|Crunch|p2b: Wicker\n|-supereffective|p2b: Wicker|1\n|-damage|p2b: Wicker|42/100\n|move|p2b: Wicker|Matcha Gotcha|p1a: Grumble|[spread] p1b\n|-miss|p2b: Wicker|p1a: Grumble\n|-supereffective|p1b: The GOAT|1\n|-damage|p1b: The GOAT|43/100\n|-heal|p2b: Wicker|58/100|[from] drain|[of] p1b: The GOAT\n|\n|-weather|Sandstorm|[upkeep]\n|-damage|p2a: Jungle Inferno|74/100|[from] Sandstorm\n|-damage|p1a: Grumble|68/100|[from] Sandstorm\n|-damage|p2b: Wicker|52/100|[from] Sandstorm\n|upkeep\n|turn|5\n|\n|t:|1776128742\n|switch|p1b: breakfast|Lycanroc-Dusk, L50, M|39/100\n|move|p2b: Wicker|Protect|p2b: Wicker\n|-singleturn|p2b: Wicker|Protect\n|move|p2a: Jungle Inferno|Drain Punch|p1a: Grumble\n|-supereffective|p1a: Grumble|1\n|-damage|p1a: Grumble|0 fnt\n|-heal|p2a: Jungle Inferno|100/100|[from] drain|[of] p1a: Grumble\n|faint|p1a: Grumble\n|\n|-weather|Sandstorm|[upkeep]\n|-damage|p2a: Jungle Inferno|95/100|[from] Sandstorm\n|-damage|p2b: Wicker|46/100|[from] Sandstorm\n|-fieldend|move: Trick Room\n|upkeep\n|\n|t:|1776128757\n|switch|p1a: The GOAT|Tyranitar, L50, F|43/100\n|turn|6\n|\n|t:|1776128763\n|move|p2b: Wicker|Rage Powder|p2b: Wicker\n|-singleturn|p2b: Wicker|move: Rage Powder\n|move|p2a: Jungle Inferno|Mach Punch|p1b: breakfast\n|-supereffective|p1b: breakfast|1\n|-damage|p1b: breakfast|0 fnt\n|faint|p1b: breakfast\n|move|p1a: The GOAT|Rock Slide|p2a: Jungle Inferno|[spread] p2a,p2b\n|-damage|p2a: Jungle Inferno|69/100\n|-damage|p2b: Wicker|19/100\n|\n|-weather|none\n|upkeep\n|\n|t:|1776128771\n|switch|p1b: Milo|Milotic, L50, M|100/100\n|turn|7\n|\n|t:|1776128822\n|move|p2a: Jungle Inferno|Mach Punch|p1a: The GOAT\n|-supereffective|p1a: The GOAT|2\n|-enditem|p1a: The GOAT|Chople Berry|[eat]\n|-enditem|p1a: The GOAT|Chople Berry|[weaken]\n|-damage|p1a: The GOAT|0 fnt\n|faint|p1a: The GOAT\n|move|p1b: Milo|Life Dew||[still]\n|-fail|p1b: Milo|heal\n|move|p2b: Wicker|Matcha Gotcha|p1b: Milo|[miss]\n|-miss|p2b: Wicker|p1b: Milo\n|\n|upkeep\n|turn|8\n|\n|t:|1776128855\n|move|p1b: Milo|Scald|p2a: Jungle Inferno\n|-damage|p2a: Jungle Inferno|48/100\n|-status|p2a: Jungle Inferno|brn\n|move|p2b: Wicker|Matcha Gotcha|p1b: Milo\n|-supereffective|p1b: Milo|1\n|-damage|p1b: Milo|49/100\n|-heal|p2b: Wicker|48/100|[from] drain|[of] p1b: Milo\n|move|p2a: Jungle Inferno|Drain Punch|p1b: Milo\n|-damage|p1b: Milo|27/100\n|-heal|p2a: Jungle Inferno|59/100 brn|[from] drain|[of] p1b: Milo\n|\n|-damage|p2a: Jungle Inferno|53/100 brn|[from] brn\n|upkeep\n|turn|9\n|\n|t:|1776128875\n|move|p1b: Milo|Life Dew|p1b: Milo\n|-heal|p1b: Milo|52/100\n|move|p2b: Wicker|Matcha Gotcha|p1b: Milo\n|-supereffective|p1b: Milo|1\n|-damage|p1b: Milo|0 fnt\n|-heal|p2b: Wicker|78/100|[from] drain|[of] p1b: Milo\n|faint|p1b: Milo\n|\n|win|OneRandomMawile\n|l|\u2606NeoNecrozma504\n|player|p1|\n|j|\u2606NeoNecrozma504\n|player|p1|NeoNecrozma504|lady|\n|l|\u2606OneRandomMawile\n|player|p2|\n",
  "uploadtime": 1776128893,
  "views": 9,
  "formatid": "gen9championsvgc2026regma",
  "rating": null,
  "private": 0,
  "password": null
}