{
  "id": "gen9championsvgc2026regma-2586616804",
  "format": "[Gen 9 Champions] VGC 2026 Reg M-A",
  "players": [
    "Nagasaki21",
    "frammaega7"
  ],
  "log": "|j|\u2606Nagasaki21\n|j|\u2606frammaega7\n|t:|1776447134\n|gametype|doubles\n|player|p1|Nagasaki21|1|1058\n|player|p2|frammaega7|1|1064\n|gen|9\n|tier|[Gen 9 Champions] VGC 2026 Reg M-A\n|rated|\n|rule|Species Clause: Limit one of each Pok\u00e9mon\n|rule|Item Clause: Limit 1 of each item\n|clearpoke\n|poke|p1|Crabominable, L50, F|\n|poke|p1|Incineroar, L50, M|\n|poke|p1|Farigiraf, L50, F|\n|poke|p1|Noivern, L50, F|\n|poke|p1|Basculegion, L50, M|\n|poke|p1|Meganium, L50, F|\n|poke|p2|Aerodactyl, L50, M|\n|poke|p2|Alakazam, L50, M|\n|poke|p2|Incineroar, L50, F|\n|poke|p2|Decidueye-Hisui, L50, M|\n|poke|p2|Toucannon, L50, M|\n|poke|p2|Blastoise, L50, M|\n|teampreview|4\n|inactive|Battle timer is ON: inactive players will automatically lose when time's up. (requested by Nagasaki21)\n|\n|t:|1776447171\n|teamsize|p1|4\n|teamsize|p2|4\n|start\n|switch|p1a: Farigiraf|Farigiraf, L50, F|100/100\n|switch|p1b: Incineroar|Incineroar, L50, M|100/100\n|switch|p2a: Toucannon|Toucannon, L50, M|100/100\n|switch|p2b: Aerodactyl|Aerodactyl, L50, M|100/100\n|-ability|p2b: Aerodactyl|Unnerve\n|-ability|p1b: Incineroar|Intimidate|boost\n|-unboost|p2a: Toucannon|atk|1\n|-unboost|p2b: Aerodactyl|atk|1\n|turn|1\n|\n|t:|1776447190\n|switch|p2b: Blastoise|Blastoise, L50, M|100/100\n|move|p1b: Incineroar|Fake Out|p2a: Toucannon\n|-damage|p2a: Toucannon|89/100\n|cant|p2a: Toucannon|flinch\n|move|p1a: Farigiraf|Trick Room|p1a: Farigiraf\n|-fieldstart|move: Trick Room|[of] p1a: Farigiraf\n|\n|upkeep\n|turn|2\n|\n|t:|1776447217\n|move|p2b: Blastoise|Fake Out||[still]\n|cant|p1a: Farigiraf|ability: Armor Tail|Fake Out|[of] p2b: Blastoise\n|move|p1b: Incineroar|Will-O-Wisp|p2a: Toucannon\n|-status|p2a: Toucannon|brn\n|move|p2a: Toucannon|Rock Blast|p1b: Incineroar\n|-supereffective|p1b: Incineroar|1\n|-damage|p1b: Incineroar|96/100\n|-supereffective|p1b: Incineroar|1\n|-damage|p1b: Incineroar|92/100\n|-supereffective|p1b: Incineroar|1\n|-damage|p1b: Incineroar|88/100\n|-supereffective|p1b: Incineroar|1\n|-damage|p1b: Incineroar|83/100\n|-supereffective|p1b: Incineroar|1\n|-damage|p1b: Incineroar|79/100\n|-hitcount|p1b: Incineroar|5\n|move|p1a: Farigiraf|Roar|p2b: Blastoise\n|drag|p2b: Aerodactyl|Aerodactyl, L50, M|100/100\n|-ability|p2b: Aerodactyl|Unnerve\n|\n|-damage|p2a: Toucannon|83/100 brn|[from] brn\n|upkeep\n|turn|3\n|inactive|frammaega7 has 30 seconds left.\n|\n|t:|1776447244\n|move|p2b: Aerodactyl|Protect|p2b: Aerodactyl\n|-singleturn|p2b: Aerodactyl|Protect\n|move|p1a: Farigiraf|Twin Beam|p2b: Aerodactyl\n|-activate|p2b: Aerodactyl|move: Protect\n|move|p1b: Incineroar|Will-O-Wisp|p2b: Aerodactyl\n|-activate|p2b: Aerodactyl|move: Protect\n|move|p2a: Toucannon|Rock Blast|p1b: Incineroar\n|-supereffective|p1b: Incineroar|1\n|-damage|p1b: Incineroar|74/100\n|-supereffective|p1b: Incineroar|1\n|-damage|p1b: Incineroar|70/100\n|-supereffective|p1b: Incineroar|1\n|-damage|p1b: Incineroar|65/100\n|-supereffective|p1b: Incineroar|1\n|-damage|p1b: Incineroar|61/100\n|-supereffective|p1b: Incineroar|1\n|-damage|p1b: Incineroar|56/100\n|-hitcount|p1b: Incineroar|5\n|\n|-damage|p2a: Toucannon|77/100 brn|[from] brn\n|upkeep\n|turn|4\n|inactive|Nagasaki21 has 30 seconds left.\n|inactive|Nagasaki21 has 20 seconds left.\n|inactive|Nagasaki21 has 15 seconds left.\n|\n|t:|1776447289\n|switch|p2b: Incineroar|Incineroar, L50, F|100/100\n|-ability|p2b: Incineroar|Intimidate|boost\n|-unboost|p1a: Farigiraf|atk|1\n|-unboost|p1b: Incineroar|atk|1\n|move|p1a: Farigiraf|Hyper Voice|p2a: Toucannon|[spread] p2a,p2b\n|-damage|p2a: Toucannon|33/100 brn\n|-damage|p2b: Incineroar|70/100\n|move|p1b: Incineroar|Parting Shot|p2b: Incineroar\n|-unboost|p2b: Incineroar|atk|1\n|-unboost|p2b: Incineroar|spa|1\n|\n|t:|1776447299\n|switch|p1b: Crabominable|Crabominable, L50, F|100/100|[from] Parting Shot\n|move|p2a: Toucannon|Rock Blast|p1b: Crabominable\n|-damage|p1b: Crabominable|98/100\n|-damage|p1b: Crabominable|96/100\n|-damage|p1b: Crabominable|93/100\n|-damage|p1b: Crabominable|91/100\n|-damage|p1b: Crabominable|88/100\n|-hitcount|p1b: Crabominable|5\n|\n|-damage|p2a: Toucannon|27/100 brn|[from] brn\n|upkeep\n|turn|5\n|inactive|frammaega7 has 30 seconds left.\n|\n|t:|1776447330\n|switch|p2a: Blastoise|Blastoise, L50, M|100/100\n|detailschange|p1b: Crabominable|Crabominable-Mega, L50, F\n|-mega|p1b: Crabominable|Crabominable|Crabominite\n|move|p1b: Crabominable|Ice Punch|p2a: Blastoise\n|-resisted|p2a: Blastoise|1\n|-damage|p2a: Blastoise|75/100\n|-status|p2a: Blastoise|frz\n|move|p2b: Incineroar|Darkest Lariat|p1a: Farigiraf\n|-supereffective|p1a: Farigiraf|1\n|-damage|p1a: Farigiraf|55/100\n|move|p1a: Farigiraf|Roar|p2b: Incineroar\n|drag|p2b: Aerodactyl|Aerodactyl, L50, M|100/100\n|-ability|p2b: Aerodactyl|Unnerve\n|\n|-heal|p2a: Blastoise|81/100 frz|[from] item: Leftovers\n|-fieldend|move: Trick Room\n|upkeep\n|turn|6\n|inactive|frammaega7 has 30 seconds left.\n|\n|t:|1776447357\n|move|p1b: Crabominable|Protect|p1b: Crabominable\n|-singleturn|p1b: Crabominable|Protect\n|-curestatus|p2a: Blastoise|frz|[msg]\n|move|p2a: Blastoise|Fake Out||[still]\n|cant|p1a: Farigiraf|ability: Armor Tail|Fake Out|[of] p2a: Blastoise\n|move|p2b: Aerodactyl|Dual Wingbeat|p1b: Crabominable\n|-activate|p1b: Crabominable|move: Protect\n|move|p1a: Farigiraf|Trick Room|p1a: Farigiraf\n|-fieldstart|move: Trick Room|[of] p1a: Farigiraf\n|\n|-heal|p2a: Blastoise|87/100|[from] item: Leftovers\n|upkeep\n|turn|7\n|\n|t:|1776447376\n|move|p2b: Aerodactyl|Protect|p2b: Aerodactyl\n|-singleturn|p2b: Aerodactyl|Protect\n|move|p1b: Crabominable|Drain Punch|p2b: Aerodactyl\n|-activate|p2b: Aerodactyl|move: Protect\n|move|p1a: Farigiraf|Hyper Voice|p2b: Aerodactyl|[spread] p2a\n|-activate|p2b: Aerodactyl|move: Protect\n|-damage|p2a: Blastoise|61/100\n|move|p2a: Blastoise|Chilling Water|p1b: Crabominable\n|-damage|p1b: Crabominable|76/100\n|-unboost|p1b: Crabominable|atk|1\n|\n|-heal|p2a: Blastoise|67/100|[from] item: Leftovers\n|upkeep\n|turn|8\n|inactive|frammaega7 has 30 seconds left.\n|\n|t:|1776447401\n|switch|p2b: Incineroar|Incineroar, L50, F|70/100\n|-ability|p2b: Incineroar|Intimidate|boost\n|-unboost|p1a: Farigiraf|atk|1\n|-unboost|p1b: Crabominable|atk|1\n|move|p1b: Crabominable|Drain Punch|p2b: Incineroar\n|-supereffective|p2b: Incineroar|1\n|-damage|p2b: Incineroar|25/100\n|-heal|p1b: Crabominable|99/100|[from] drain|[of] p2b: Incineroar\n|-enditem|p2b: Incineroar|Sitrus Berry|[eat]\n|-heal|p2b: Incineroar|50/100|[from] item: Sitrus Berry\n|move|p1a: Farigiraf|Twin Beam|p2a: Blastoise\n|-damage|p2a: Blastoise|50/100\n|-damage|p2a: Blastoise|34/100\n|-hitcount|p2a: Blastoise|2\n|move|p2a: Blastoise|Yawn|p1b: Crabominable\n|-start|p1b: Crabominable|move: Yawn|[of] p2a: Blastoise\n|\n|-heal|p2a: Blastoise|40/100|[from] item: Leftovers\n|upkeep\n|turn|9\n|inactive|frammaega7 has 30 seconds left.\n|\n|t:|1776447436\n|switch|p1b: Basculegion|Basculegion, L50, M|100/100\n|move|p2a: Blastoise|Protect|p2a: Blastoise\n|-singleturn|p2a: Blastoise|Protect\n|move|p1a: Farigiraf|Hyper Voice|p2b: Incineroar|[spread] p2b\n|-activate|p2a: Blastoise|move: Protect\n|-damage|p2b: Incineroar|23/100\n|move|p2b: Incineroar|Darkest Lariat|p1a: Farigiraf\n|-supereffective|p1a: Farigiraf|1\n|-damage|p1a: Farigiraf|0 fnt\n|faint|p1a: Farigiraf\n|\n|-heal|p2a: Blastoise|46/100|[from] item: Leftovers\n|upkeep\n|\n|t:|1776447450\n|switch|p1a: Crabominable|Crabominable-Mega, L50, F|99/100\n|turn|10\n|\n|t:|1776447467\n|switch|p2b: Toucannon|Toucannon, L50, M|27/100 brn\n|move|p1a: Crabominable|Drain Punch|p2a: Blastoise\n|-damage|p2a: Blastoise|0 fnt\n|-heal|p1a: Crabominable|100/100|[from] drain|[of] p2a: Blastoise\n|faint|p2a: Blastoise\n|move|p1b: Basculegion|Wave Crash|p2b: Toucannon\n|-damage|p2b: Toucannon|0 fnt\n|faint|p2b: Toucannon\n|-damage|p1b: Basculegion|92/100|[from] Recoil\n|\n|-fieldend|move: Trick Room\n|upkeep\n|\n|t:|1776447480\n|switch|p2b: Incineroar|Incineroar, L50, F|23/100\n|switch|p2a: Aerodactyl|Aerodactyl, L50, M|100/100\n|-ability|p2a: Aerodactyl|Unnerve\n|-ability|p2b: Incineroar|Intimidate|boost\n|-unboost|p1a: Crabominable|atk|1\n|-unboost|p1b: Basculegion|atk|1\n|turn|11\n|inactive|frammaega7 has 30 seconds left.\n|\n|t:|1776447506\n|move|p1a: Crabominable|Mach Punch|p2b: Incineroar\n|-supereffective|p2b: Incineroar|1\n|-damage|p2b: Incineroar|0 fnt\n|faint|p2b: Incineroar\n|move|p1b: Basculegion|Wave Crash|p2a: Aerodactyl\n|-supereffective|p2a: Aerodactyl|1\n|-enditem|p2a: Aerodactyl|Focus Sash\n|-damage|p2a: Aerodactyl|1/100\n|-damage|p1b: Basculegion|66/100|[from] Recoil\n|move|p2a: Aerodactyl|Rock Slide|p1a: Crabominable|[spread] p1a,p1b\n|-damage|p1a: Crabominable|80/100\n|-damage|p1b: Basculegion|35/100\n|\n|upkeep\n|turn|12\n|\n|t:|1776447524\n|move|p2a: Aerodactyl|Protect|p2a: Aerodactyl\n|-singleturn|p2a: Aerodactyl|Protect\n|move|p1b: Basculegion|Wave Crash|p2a: Aerodactyl\n|-activate|p2a: Aerodactyl|move: Protect\n|move|p1a: Crabominable|Ice Punch|p2a: Aerodactyl\n|-activate|p2a: Aerodactyl|move: Protect\n|\n|upkeep\n|turn|13\n|\n|t:|1776447533\n|move|p1a: Crabominable|Mach Punch|p2a: Aerodactyl\n|-damage|p2a: Aerodactyl|0 fnt\n|faint|p2a: Aerodactyl\n|\n|win|Nagasaki21\n|raw|Nagasaki21's rating: 1058 &rarr; <strong>1090</strong><br />(+32 for winning)\n|raw|frammaega7's rating: 1064 &rarr; <strong>1044</strong><br />(-20 for losing)\n|l|\u2606frammaega7\n|player|p2|\n",
  "uploadtime": 1776447543,
  "views": 26,
  "formatid": "gen9championsvgc2026regma",
  "rating": 1044,
  "private": 0,
  "password": null
}