{
  "id": "gen9championsvgc2026regma-2582515868",
  "format": "[Gen 9 Champions] VGC 2026 Reg M-A",
  "players": [
    "tsukifrombilllie",
    "Dienecles"
  ],
  "log": "|j|\u2606tsukifrombilllie\n|j|\u2606Dienecles\n|t:|1776096651\n|gametype|doubles\n|player|p1|tsukifrombilllie|lyra|1036\n|player|p2|Dienecles|ruinmaniac|1106\n|gen|9\n|tier|[Gen 9 Champions] VGC 2026 Reg M-A\n|rated|\n|rule|Species Clause: Limit one of each Pok\u00e9mon\n|rule|Item Clause: Limit 1 of each item\n|clearpoke\n|poke|p1|Charizard, L50, F|\n|poke|p1|Venusaur, L50, M|\n|poke|p1|Garchomp, L50, F|\n|poke|p1|Rotom-Wash, L50|\n|poke|p1|Sneasler, L50, F|\n|poke|p1|Incineroar, L50, F|\n|poke|p2|Sableye, L50, M|\n|poke|p2|Altaria, L50, F|\n|poke|p2|Sinistcha, L50|\n|poke|p2|Slowbro, L50, F|\n|poke|p2|Aggron, L50, F|\n|teampreview|4\n|l|\u2606Dienecles\n|player|p2|\n|j|\u2606Dienecles\n|player|p2|Dienecles|ruinmaniac|\n|inactive|Battle timer is ON: inactive players will automatically lose when time's up. (requested by tsukifrombilllie)\n|\n|t:|1776096704\n|teamsize|p1|4\n|teamsize|p2|4\n|start\n|switch|p1a: Charizard|Charizard, L50, F, shiny|100/100\n|switch|p1b: Venusaur|Venusaur, L50, M|100/100\n|switch|p2a: Sableye|Sableye, L50, M|100/100\n|switch|p2b: Slowbro|Slowbro, L50, F|100/100\n|turn|1\n|inactive|Dienecles has 30 seconds left.\n|\n|t:|1776096730\n|detailschange|p1a: Charizard|Charizard-Mega-Y, L50, F, shiny\n|-mega|p1a: Charizard|Charizard|Charizardite Y\n|-weather|SunnyDay|[from] ability: Drought|[of] p1a: Charizard\n|detailschange|p2b: Slowbro|Slowbro-Mega, L50, F\n|-mega|p2b: Slowbro|Slowbro|Slowbronite\n|move|p2a: Sableye|Fake Out|p1b: Venusaur\n|-damage|p1b: Venusaur|89/100\n|cant|p1b: Venusaur|flinch\n|move|p1a: Charizard|Weather Ball|p2a: Sableye\n|-damage|p2a: Sableye|7/100\n|move|p2b: Slowbro|Trick Room|p2b: Slowbro\n|-fieldstart|move: Trick Room|[of] p2b: Slowbro\n|\n|-weather|SunnyDay|[upkeep]\n|upkeep\n|turn|2\n|\n|t:|1776096753\n|switch|p2a: Altaria|Altaria, L50, F|100/100\n|-ability|p2a: Altaria|Cloud Nine\n|move|p2b: Slowbro|Psychic|p1b: Venusaur\n|-supereffective|p1b: Venusaur|1\n|-damage|p1b: Venusaur|3/100\n|move|p1b: Venusaur|Sludge Bomb|p2a: Altaria\n|-damage|p2a: Altaria|69/100\n|move|p1a: Charizard|Solar Beam||[still]\n|-prepare|p1a: Charizard|Solar Beam\n|\n|-weather|SunnyDay|[upkeep]\n|-heal|p2a: Altaria|75/100|[from] item: Leftovers\n|upkeep\n|turn|3\n|\n|t:|1776096769\n|move|p1b: Venusaur|Protect|p1b: Venusaur\n|-singleturn|p1b: Venusaur|Protect\n|move|p2b: Slowbro|Scald|p1a: Charizard\n|-supereffective|p1a: Charizard|1\n|-damage|p1a: Charizard|30/100\n|move|p2a: Altaria|Ice Beam|p1b: Venusaur\n|-activate|p1b: Venusaur|move: Protect\n|move|p1a: Charizard|Solar Beam|p2b: Slowbro|[from] lockedmove\n|-supereffective|p2b: Slowbro|1\n|-damage|p2b: Slowbro|25/100\n|\n|-weather|SunnyDay|[upkeep]\n|-heal|p2a: Altaria|81/100|[from] item: Leftovers\n|upkeep\n|turn|4\n|inactive|Dienecles has 30 seconds left.\n|inactive|Dienecles has 20 seconds left.\n|\n|t:|1776096805\n|switch|p2a: Sinistcha|Sinistcha, L50|100/100\n|-heal|p2b: Slowbro|50/100|[from] ability: Hospitality|[of] p2a: Sinistcha\n|move|p1a: Charizard|Protect|p1a: Charizard\n|-singleturn|p1a: Charizard|Protect\n|move|p2b: Slowbro|Psychic|p1b: Venusaur\n|-supereffective|p1b: Venusaur|1\n|-damage|p1b: Venusaur|0 fnt\n|faint|p1b: Venusaur\n|\n|-weather|SunnyDay|[upkeep]\n|upkeep\n|\n|t:|1776096816\n|switch|p1b: Sneasler|Sneasler, L50, F|100/100\n|turn|5\n|inactive|Dienecles has 30 seconds left.\n|\n|t:|1776096849\n|switch|p2b: Sableye|Sableye, L50, M|7/100\n|move|p1b: Sneasler|Fake Out|p2b: Sableye\n|-immune|p2b: Sableye\n|move|p2a: Sinistcha|Matcha Gotcha|p1b: Sneasler|[spread] p1a,p1b\n|-resisted|p1a: Charizard|2\n|-resisted|p1b: Sneasler|1\n|-damage|p1a: Charizard|24/100\n|-damage|p1b: Sneasler|83/100\n|move|p1a: Charizard|Heat Wave|p2b: Sableye|[spread] p2a,p2b\n|-supereffective|p2a: Sinistcha|1\n|-damage|p2a: Sinistcha|0 fnt\n|-damage|p2b: Sableye|0 fnt\n|faint|p2a: Sinistcha\n|faint|p2b: Sableye\n|\n|-weather|none\n|-fieldend|move: Trick Room\n|upkeep\n|\n|t:|1776096864\n|switch|p2a: Altaria|Altaria, L50, F|81/100\n|switch|p2b: Slowbro|Slowbro-Mega, L50, F|50/100\n|-ability|p2a: Altaria|Cloud Nine\n|turn|6\n|inactive|tsukifrombilllie has 30 seconds left.\n|inactive|Dienecles has 30 seconds left.\n|\n|t:|1776096894\n|move|p1b: Sneasler|Dire Claw|p2b: Slowbro\n|-damage|p2b: Slowbro|29/100\n|move|p1a: Charizard|Heat Wave|p2a: Altaria|[spread] p2a,p2b\n|-resisted|p2a: Altaria|1\n|-resisted|p2b: Slowbro|1\n|-damage|p2a: Altaria|68/100\n|-damage|p2b: Slowbro|12/100\n|move|p2a: Altaria|Ice Beam|p1a: Charizard\n|-damage|p1a: Charizard|10/100\n|move|p2b: Slowbro|Psychic|p1b: Sneasler\n|-supereffective|p1b: Sneasler|2\n|-damage|p1b: Sneasler|0 fnt\n|faint|p1b: Sneasler\n|\n|-heal|p2a: Altaria|74/100|[from] item: Leftovers\n|upkeep\n|\n|t:|1776096908\n|switch|p1b: Garchomp|Garchomp, L50, F|100/100\n|turn|7\n|\n|t:|1776096925\n|move|p1b: Garchomp|Dragon Claw|p2a: Altaria\n|-supereffective|p2a: Altaria|1\n|-damage|p2a: Altaria|0 fnt\n|faint|p2a: Altaria\n|move|p1a: Charizard|Heat Wave|p2b: Slowbro\n|-resisted|p2b: Slowbro|1\n|-damage|p2b: Slowbro|0 fnt\n|faint|p2b: Slowbro\n|\n|win|tsukifrombilllie\n|raw|tsukifrombilllie's rating: 1036 &rarr; <strong>1077</strong><br />(+41 for winning)\n|raw|Dienecles's rating: 1106 &rarr; <strong>1076</strong><br />(-30 for losing)\n|l|\u2606Dienecles\n|player|p2|\n",
  "uploadtime": 1776096938,
  "views": 21,
  "formatid": "gen9championsvgc2026regma",
  "rating": 1076,
  "private": 0,
  "password": null
}