{
  "id": "gen9championsvgc2026regma-2587186976",
  "format": "[Gen 9 Champions] VGC 2026 Reg M-A",
  "players": [
    "nerd159",
    "3mms"
  ],
  "log": "|j|\u2606nerd159\n|j|\u26063mms\n|t:|1776506106\n|gametype|doubles\n|player|p1|nerd159|266|1478\n|player|p2|3mms|n|1557\n|gen|9\n|tier|[Gen 9 Champions] VGC 2026 Reg M-A\n|rated|\n|rule|Species Clause: Limit one of each Pok\u00e9mon\n|rule|Item Clause: Limit 1 of each item\n|clearpoke\n|poke|p1|Glimmora, L50, M|\n|poke|p1|Ninetales-Alola, L50, F|\n|poke|p1|Farigiraf, L50, M|\n|poke|p1|Corviknight, L50, F|\n|poke|p1|Incineroar, L50, F|\n|poke|p1|Rotom-Wash, L50|\n|poke|p2|Rotom-Wash, L50|\n|poke|p2|Talonflame, L50, M|\n|poke|p2|Garchomp, L50, F|\n|poke|p2|Incineroar, L50, F|\n|poke|p2|Floette-Eternal, L50, F|\n|poke|p2|Aegislash, L50, F|\n|teampreview|4\n|inactive|Battle timer is ON: inactive players will automatically lose when time's up. (requested by 3mms)\n|inactive|nerd159 has 60 seconds left.\n|inactive|3mms has 60 seconds left.\n|\n|t:|1776506144\n|teamsize|p1|4\n|teamsize|p2|4\n|start\n|switch|p1a: Ninetales|Ninetales-Alola, L50, F|100/100\n|switch|p1b: Glimmora|Glimmora, L50, M|100/100\n|switch|p2a: Rotom|Rotom-Wash, L50|100/100\n|switch|p2b: Aegislash|Aegislash, L50, F|100/100\n|-weather|Snowscape|[from] ability: Snow Warning|[of] p1a: Ninetales\n|turn|1\n|\n|t:|1776506160\n|switch|p1a: Incineroar|Incineroar, L50, F|100/100\n|-ability|p1a: Incineroar|Intimidate|boost\n|-unboost|p2a: Rotom|atk|1\n|-unboost|p2b: Aegislash|atk|1\n|move|p1b: Glimmora|Spiky Shield|p1b: Glimmora\n|-singleturn|p1b: Glimmora|move: Protect\n|move|p2a: Rotom|Hydro Pump|p1b: Glimmora\n|-activate|p1b: Glimmora|move: Protect\n|-formechange|p2b: Aegislash|Aegislash-Blade|\n|move|p2b: Aegislash|Iron Head|p1a: Incineroar\n|-resisted|p1a: Incineroar|1\n|-damage|p1a: Incineroar|85/100\n|\n|-weather|Snowscape|[upkeep]\n|upkeep\n|turn|2\n|\n|t:|1776506177\n|switch|p2b: Garchomp|Garchomp, L50, F|100/100\n|detailschange|p1b: Glimmora|Glimmora-Mega, L50, M\n|-mega|p1b: Glimmora|Glimmora|Glimmoranite\n|move|p1a: Incineroar|Fake Out|p2a: Rotom\n|-damage|p2a: Rotom|90/100\n|move|p1b: Glimmora|Sludge Bomb|p2a: Rotom\n|-damage|p2a: Rotom|17/100\n|-status|p2a: Rotom|psn\n|-enditem|p2a: Rotom|Sitrus Berry|[eat]\n|-heal|p2a: Rotom|42/100 psn|[from] item: Sitrus Berry\n|cant|p2a: Rotom|flinch\n|\n|-weather|Snowscape|[upkeep]\n|-damage|p2a: Rotom|29/100 psn|[from] psn\n|upkeep\n|turn|3\n|\n|t:|1776506190\n|move|p1b: Glimmora|Spiky Shield|p1b: Glimmora\n|-singleturn|p1b: Glimmora|move: Protect\n|move|p2b: Garchomp|Earthquake|p1a: Incineroar|[spread] p1a\n|-activate|p1b: Glimmora|move: Protect\n|-immune|p2a: Rotom|[from] ability: Levitate\n|-supereffective|p1a: Incineroar|1\n|-enditem|p1a: Incineroar|Shuca Berry|[eat]\n|-enditem|p1a: Incineroar|Shuca Berry|[weaken]\n|-damage|p1a: Incineroar|48/100\n|move|p2a: Rotom|Hydro Pump|p1a: Incineroar\n|-supereffective|p1a: Incineroar|1\n|-damage|p1a: Incineroar|0 fnt\n|faint|p1a: Incineroar\n|\n|-weather|Snowscape|[upkeep]\n|-damage|p2a: Rotom|17/100 psn|[from] psn\n|upkeep\n|\n|t:|1776506202\n|switch|p1a: Ninetales|Ninetales-Alola, L50, F|100/100\n|turn|4\n|\n|t:|1776506214\n|switch|p1b: Farigiraf|Farigiraf, L50, M|100/100\n|move|p2b: Garchomp|Protect|p2b: Garchomp\n|-singleturn|p2b: Garchomp|Protect\n|move|p1a: Ninetales|Blizzard|p2b: Garchomp|[spread] p2a\n|-activate|p2b: Garchomp|move: Protect\n|-resisted|p2a: Rotom|1\n|-damage|p2a: Rotom|2/100 psn\n|move|p2a: Rotom|Hydro Pump|p1b: Farigiraf\n|-damage|p1b: Farigiraf|62/100\n|\n|-weather|Snowscape|[upkeep]\n|-damage|p2a: Rotom|0 fnt|[from] psn\n|faint|p2a: Rotom\n|upkeep\n|\n|t:|1776506218\n|switch|p2a: Floette|Floette-Eternal, L50, F|100/100\n|turn|5\n|\n|t:|1776506239\n|switch|p2b: Aegislash|Aegislash, L50, F|100/100\n|detailschange|p2a: Floette|Floette-Mega, L50, F\n|-mega|p2a: Floette|Floette|Floettite\n|-ability|p2a: Floette|Fairy Aura\n|move|p1b: Farigiraf|Helping Hand|p1a: Ninetales\n|-singleturn|p1a: Ninetales|Helping Hand|[of] p1b: Farigiraf\n|move|p1a: Ninetales|Blizzard|p2a: Floette|[spread] p2a,p2b\n|-resisted|p2b: Aegislash|1\n|-damage|p2a: Floette|64/100\n|-damage|p2b: Aegislash|82/100\n|move|p2a: Floette|Dazzling Gleam|p1a: Ninetales|[spread] p1a,p1b\n|-damage|p1a: Ninetales|50/100\n|-damage|p1b: Farigiraf|24/100\n|-enditem|p1b: Farigiraf|Sitrus Berry|[eat]\n|-heal|p1b: Farigiraf|49/100|[from] item: Sitrus Berry\n|\n|-weather|none\n|upkeep\n|turn|6\n|\n|t:|1776506256\n|switch|p1b: Glimmora|Glimmora-Mega, L50, M|100/100\n|move|p1a: Ninetales|Protect|p1a: Ninetales\n|-singleturn|p1a: Ninetales|Protect\n|move|p2a: Floette|Dazzling Gleam|p1b: Glimmora|[spread] p1b\n|-activate|p1a: Ninetales|move: Protect\n|-resisted|p1b: Glimmora|1\n|-damage|p1b: Glimmora|75/100\n|-formechange|p2b: Aegislash|Aegislash-Blade|\n|move|p2b: Aegislash|Iron Head|p1b: Glimmora\n|-supereffective|p1b: Glimmora|1\n|-damage|p1b: Glimmora|0 fnt\n|faint|p1b: Glimmora\n|\n|upkeep\n|j| jasonrfry\n|-message|nerd159 forfeited.\n|\n|win|3mms\n|raw|nerd159's rating: 1478 &rarr; <strong>1462</strong><br />(-16 for losing)\n|raw|3mms's rating: 1557 &rarr; <strong>1573</strong><br />(+16 for winning)\n|l|\u2606nerd159\n|player|p1|\n|l| jasonrfry\n|l|\u26063mms\n|player|p2|\n",
  "uploadtime": 1776506350,
  "views": 33,
  "formatid": "gen9championsvgc2026regma",
  "rating": 1462,
  "private": 0,
  "password": null
}