{
  "id": "gen9championsvgc2026regma-2584385072",
  "format": "[Gen 9 Champions] VGC 2026 Reg M-A",
  "players": [
    "smp on whimsicott",
    "Erseo05"
  ],
  "log": "|j|\u2606smp on whimsicott\n|j|\u2606Erseo05\n|t:|1776256888\n|gametype|doubles\n|player|p1|smp on whimsicott|artist-gen4|1368\n|player|p2|Erseo05|lucas|1267\n|gen|9\n|tier|[Gen 9 Champions] VGC 2026 Reg M-A\n|rated|\n|rule|Species Clause: Limit one of each Pok\u00e9mon\n|rule|Item Clause: Limit 1 of each item\n|clearpoke\n|poke|p1|Arcanine, L50, F|\n|poke|p1|Venusaur, L50, M|\n|poke|p1|Sneasler, L50, M|\n|poke|p1|Rotom-Wash, L50|\n|poke|p1|Garchomp, L50, M|\n|poke|p1|Corviknight, L50, M|\n|poke|p2|Floette-Eternal, L50, F|\n|poke|p2|Talonflame, L50, F|\n|poke|p2|Garchomp, L50, F|\n|poke|p2|Meganium, L50, F|\n|poke|p2|Rotom-Wash, L50|\n|poke|p2|Sneasler, L50, F|\n|teampreview|4\nErseo05 rejected open team sheets.\n|inactive|Battle timer is ON: inactive players will automatically lose when time's up. (requested by Erseo05)\n|inactive|Erseo05 has 60 seconds left.\n|\n|t:|1776256948\n|teamsize|p1|4\n|teamsize|p2|4\n|start\n|switch|p1a: Rotom|Rotom-Wash, L50|100/100\n|switch|p1b: Arcanine|Arcanine, L50, F|100/100\n|switch|p2a: Talonflame|Talonflame, L50, F|100/100\n|switch|p2b: Garchomp|Garchomp, L50, F|100/100\n|-ability|p1b: Arcanine|Intimidate|boost\n|-unboost|p2a: Talonflame|atk|1\n|-unboost|p2b: Garchomp|atk|1\n|turn|1\n|\n|t:|1776256963\n|switch|p2b: Meganium|Meganium, L50, F|100/100\n|switch|p1b: Corviknight|Corviknight, L50, M|100/100\n|move|p2a: Talonflame|Tailwind|p2a: Talonflame\n|-sidestart|p2: Erseo05|move: Tailwind\n|move|p1a: Rotom|Electroweb|p2a: Talonflame|[spread] p2a,p2b\n|-supereffective|p2a: Talonflame|1\n|-resisted|p2b: Meganium|1\n|-damage|p2a: Talonflame|53/100\n|-damage|p2b: Meganium|92/100\n|-unboost|p2a: Talonflame|spe|1\n|-unboost|p2b: Meganium|spe|1\n|\n|upkeep\n|turn|2\n|inactive|smp on whimsicott has 30 seconds left.\n|\n|t:|1776256990\n|switch|p2a: Rotom|Rotom-Wash, L50|100/100\n|switch|p1b: Arcanine|Arcanine, L50, F|100/100\n|-ability|p1b: Arcanine|Intimidate|boost\n|-unboost|p2a: Rotom|atk|1\n|-unboost|p2b: Meganium|atk|1\n|detailschange|p2b: Meganium|Meganium-Mega, L50, F\n|-mega|p2b: Meganium|Meganium|Meganiumite\n|move|p1a: Rotom|Electroweb|p2a: Rotom|[spread] p2a,p2b\n|-resisted|p2b: Meganium|1\n|-damage|p2a: Rotom|81/100\n|-damage|p2b: Meganium|85/100\n|-unboost|p2a: Rotom|spe|1\n|-unboost|p2b: Meganium|spe|1\n|move|p2b: Meganium|Weather Ball|p1b: Arcanine\n|-resisted|p1b: Arcanine|1\n|-damage|p1b: Arcanine|73/100\n|\n|-heal|p2a: Rotom|86/100|[from] item: Leftovers\n|upkeep\n|turn|3\n|inactive|smp on whimsicott has 30 seconds left.\n|inactive|Erseo05 has 30 seconds left.\n|inactive|smp on whimsicott has 20 seconds left.\n|\n|t:|1776257027\n|switch|p2b: Garchomp|Garchomp, L50, F|100/100\n|move|p1a: Rotom|Electroweb|p2b: Garchomp|[spread] p2a\n|-immune|p2b: Garchomp\n|-damage|p2a: Rotom|67/100\n|-unboost|p2a: Rotom|spe|1\n|move|p1b: Arcanine|Snarl|p2a: Rotom|[spread] \n|-miss|p1b: Arcanine|p2a: Rotom\n|-miss|p1b: Arcanine|p2b: Garchomp\n|move|p2a: Rotom|Hydro Pump|p1b: Arcanine\n|-supereffective|p1b: Arcanine|1\n|-damage|p1b: Arcanine|0 fnt\n|faint|p1b: Arcanine\n|\n|-heal|p2a: Rotom|73/100|[from] item: Leftovers\n|upkeep\n|\n|t:|1776257038\n|switch|p1b: Venusaur|Venusaur, L50, M|100/100\n|turn|4\n|\n|t:|1776257049\n|switch|p2a: Talonflame|Talonflame, L50, F|53/100\n|detailschange|p1b: Venusaur|Venusaur-Mega, L50, M\n|-mega|p1b: Venusaur|Venusaur|Venusaurite\n|move|p2b: Garchomp|Earthquake|p1a: Rotom|[spread] p1b\n|-immune|p2a: Talonflame\n|-immune|p1a: Rotom|[from] ability: Levitate\n|-damage|p1b: Venusaur|64/100\n|move|p1a: Rotom|Electroweb|p2a: Talonflame|[spread] p2a\n|-immune|p2b: Garchomp\n|-supereffective|p2a: Talonflame|1\n|-damage|p2a: Talonflame|5/100\n|-unboost|p2a: Talonflame|spe|1\n|move|p1b: Venusaur|Leech Seed|p2b: Garchomp\n|-start|p2b: Garchomp|move: Leech Seed\n|\n|-damage|p2b: Garchomp|88/100|[from] Leech Seed|[of] p1b: Venusaur\n|-heal|p1b: Venusaur|76/100|[silent]\n|-sideend|p2: Erseo05|move: Tailwind\n|upkeep\n|turn|5\n|inactive|Erseo05 has 30 seconds left.\n|\n|t:|1776257075\n|switch|p2b: Meganium|Meganium-Mega, L50, F|85/100\n|move|p2a: Talonflame|Protect|p2a: Talonflame\n|-singleturn|p2a: Talonflame|Protect\n|move|p1a: Rotom|Electroweb|p2a: Talonflame|[spread] p2b\n|-activate|p2a: Talonflame|move: Protect\n|-resisted|p2b: Meganium|1\n|-damage|p2b: Meganium|77/100\n|-unboost|p2b: Meganium|spe|1\n|move|p1b: Venusaur|Sludge Bomb|p2b: Meganium\n|-supereffective|p2b: Meganium|2\n|-damage|p2b: Meganium|0 fnt\n|faint|p2b: Meganium\n|\n|upkeep\n|\n|t:|1776257093\n|switch|p2b: Rotom|Rotom-Wash, L50|73/100\n|turn|6\n|\n|t:|1776257102\n|switch|p2a: Garchomp|Garchomp, L50, F|88/100\n|move|p1a: Rotom|Electroweb|p2a: Garchomp|[spread] p2b\n|-immune|p2a: Garchomp\n|-damage|p2b: Rotom|56/100\n|-unboost|p2b: Rotom|spe|1\n|move|p1b: Venusaur|Leech Seed|p2b: Rotom|[miss]\n|-miss|p1b: Venusaur|p2b: Rotom\n|move|p2b: Rotom|Discharge|p1a: Rotom|[spread] p1a,p1b\n|-immune|p2a: Garchomp\n|-resisted|p1b: Venusaur|1\n|-damage|p1a: Rotom|69/100\n|-damage|p1b: Venusaur|64/100\n|\n|-heal|p2b: Rotom|61/100|[from] item: Leftovers\n|upkeep\n|turn|7\n|\n|t:|1776257121\n|move|p2b: Rotom|Protect|p2b: Rotom\n|-singleturn|p2b: Rotom|Protect\n|move|p1a: Rotom|Electroweb|p2a: Garchomp|[spread] \n|-activate|p2b: Rotom|move: Protect\n|-immune|p2a: Garchomp\n|move|p2a: Garchomp|Dragon Claw|p1a: Rotom\n|-damage|p1a: Rotom|25/100\n|move|p1b: Venusaur|Leech Seed|p2a: Garchomp\n|-start|p2a: Garchomp|move: Leech Seed\n|\n|-heal|p2b: Rotom|67/100|[from] item: Leftovers\n|-damage|p2a: Garchomp|76/100|[from] Leech Seed|[of] p1b: Venusaur\n|-heal|p1b: Venusaur|76/100|[silent]\n|upkeep\n|turn|8\n|\n|t:|1776257140\n|move|p2b: Rotom|Protect||[still]\n|-fail|p2b: Rotom\n|move|p1a: Rotom|Electroweb|p2b: Rotom|[spread] p2b\n|-immune|p2a: Garchomp\n|-damage|p2b: Rotom|49/100\n|-unboost|p2b: Rotom|spe|1\n|move|p2a: Garchomp|Dragon Claw|p1a: Rotom\n|-damage|p1a: Rotom|0 fnt\n|faint|p1a: Rotom\n|move|p1b: Venusaur|Sludge Bomb|p2b: Rotom\n|-damage|p2b: Rotom|0 fnt\n|faint|p2b: Rotom\n|\n|-damage|p2a: Garchomp|63/100|[from] Leech Seed|[of] p1b: Venusaur\n|-heal|p1b: Venusaur|89/100|[silent]\n|upkeep\n|\n|t:|1776257154\n|switch|p1a: Corviknight|Corviknight, L50, M|100/100\n|switch|p2b: Talonflame|Talonflame, L50, F|5/100\n|turn|9\n|\n|t:|1776257172\n|move|p1b: Venusaur|Protect|p1b: Venusaur\n|-singleturn|p1b: Venusaur|Protect\n|move|p2b: Talonflame|Acrobatics|p1b: Venusaur\n|-activate|p1b: Venusaur|move: Protect\n|move|p2a: Garchomp|Earthquake|p1b: Venusaur|[spread] \n|-activate|p1b: Venusaur|move: Protect\n|-immune|p2b: Talonflame\n|-immune|p1a: Corviknight\n|move|p1a: Corviknight|Brave Bird|p2b: Talonflame\n|-damage|p2b: Talonflame|0 fnt\n|faint|p2b: Talonflame\n|-damage|p1a: Corviknight|99/100|[from] Recoil\n|\n|-heal|p1a: Corviknight|100/100|[from] item: Leftovers\n|-damage|p2a: Garchomp|51/100|[from] Leech Seed|[of] p1b: Venusaur\n|-heal|p1b: Venusaur|100/100|[silent]\n|upkeep\n|turn|10\n|-message|Erseo05 forfeited.\n|\n|win|smp on whimsicott\n|raw|smp on whimsicott's rating: 1368 &rarr; <strong>1382</strong><br />(+14 for winning)\n|raw|Erseo05's rating: 1267 &rarr; <strong>1249</strong><br />(-18 for losing)\n|l|\u2606Erseo05\n|player|p2|\n",
  "uploadtime": 1776257177,
  "views": 27,
  "formatid": "gen9championsvgc2026regma",
  "rating": 1249,
  "private": 0,
  "password": null
}