{
  "id": "gen9championsvgc2026regma-2581532766",
  "format": "[Gen 9 Champions] VGC 2026 Reg M-A",
  "players": [
    "SunTufo",
    "khesyfi"
  ],
  "log": "|j|\u2606SunTufo\n|j|\u2606khesyfi\n|t:|1776008784\n|gametype|doubles\n|player|p1|SunTufo|li|1062\n|player|p2|khesyfi|101|1056\n|gen|9\n|tier|[Gen 9 Champions] VGC 2026 Reg M-A\n|rated|\n|rule|Species Clause: Limit one of each Pok\u00e9mon\n|rule|Item Clause: Limit 1 of each item\n|clearpoke\n|poke|p1|Skarmory, L50, M|\n|poke|p1|Garchomp, L50, M|\n|poke|p1|Milotic, L50, F|\n|poke|p1|Rotom-Heat, L50|\n|poke|p1|Sneasler, L50, M|\n|poke|p1|Tyranitar, L50, F|\n|poke|p2|Charizard, L50, F|\n|poke|p2|Venusaur, L50, F|\n|poke|p2|Garchomp, L50, F|\n|poke|p2|Rotom-Wash, L50|\n|poke|p2|Sneasler, L50, F|\n|poke|p2|Incineroar, L50, F|\n|teampreview|4\n|inactive|Battle timer is ON: inactive players will automatically lose when time's up. (requested by SunTufo)\n|inactive|khesyfi has 60 seconds left.\n|inactive|SunTufo has 60 seconds left.\n|inactive|SunTufo has 30 seconds left.\n|\n|t:|1776008862\n|teamsize|p1|4\n|teamsize|p2|4\n|start\n|switch|p1a: Skarmory|Skarmory, L50, M, shiny|100/100\n|switch|p1b: Sneasler|Sneasler, L50, M, shiny|100/100\n|switch|p2a: Charizard|Charizard, L50, F, shiny|100/100\n|switch|p2b: Garchomp|Garchomp, L50, F|100/100\n|turn|1\n|inactive|khesyfi has 30 seconds left.\n|inactive|khesyfi has 20 seconds left.\n|inactive|khesyfi has 15 seconds left.\n|inactive|khesyfi has 10 seconds left.\n|inactive|khesyfi has 5 seconds left.\n|\n|t:|1776008913\n|detailschange|p2a: Charizard|Charizard-Mega-Y, L50, F, shiny\n|-mega|p2a: Charizard|Charizard|Charizardite Y\n|-weather|SunnyDay|[from] ability: Drought|[of] p2a: Charizard\n|move|p1b: Sneasler|Fake Out|p2a: Charizard\n|-damage|p2a: Charizard|82/100\n|move|p2b: Garchomp|Earthquake|p1b: Sneasler|[spread] p1b\n|-immune|p2a: Charizard\n|-immune|p1a: Skarmory\n|-supereffective|p1b: Sneasler|1\n|-enditem|p1b: Sneasler|Focus Sash\n|-damage|p1b: Sneasler|1/100\n|cant|p2a: Charizard|flinch\n|move|p1a: Skarmory|Tailwind|p1a: Skarmory\n|-sidestart|p1: SunTufo|move: Tailwind\n|\n|-weather|SunnyDay|[upkeep]\n|upkeep\n|turn|2\n|inactive|khesyfi has 30 seconds left.\n|\n|t:|1776008941\n|switch|p2b: Incineroar|Incineroar, L50, F|100/100\n|-ability|p2b: Incineroar|Intimidate|boost\n|-unboost|p1a: Skarmory|atk|1\n|-unboost|p1b: Sneasler|atk|1\n|detailschange|p1a: Skarmory|Skarmory-Mega, L50, M, shiny\n|-mega|p1a: Skarmory|Skarmory|Skarmorite\n|move|p1b: Sneasler|Coaching|p1a: Skarmory\n|-boost|p1a: Skarmory|atk|1\n|-boost|p1a: Skarmory|def|1\n|move|p1a: Skarmory|Dual Wingbeat|p2a: Charizard\n|-damage|p2a: Charizard|53/100\n|-crit|p2a: Charizard\n|-damage|p2a: Charizard|6/100\n|-hitcount|p2a: Charizard|2\n|move|p2a: Charizard|Heat Wave|p1a: Skarmory|[spread] \n|-miss|p2a: Charizard|p1a: Skarmory\n|-miss|p2a: Charizard|p1b: Sneasler\n|\n|-weather|SunnyDay|[upkeep]\n|upkeep\n|turn|3\n|inactive|SunTufo has 30 seconds left.\n|inactive|khesyfi has 30 seconds left.\n|\n|t:|1776008972\n|switch|p1b: Tyranitar|Tyranitar, L50, F, shiny|100/100\n|-weather|Sandstorm|[from] ability: Sand Stream|[of] p1b: Tyranitar\n|move|p1a: Skarmory|Protect|p1a: Skarmory\n|-singleturn|p1a: Skarmory|Protect\n|move|p2a: Charizard|Protect|p2a: Charizard\n|-singleturn|p2a: Charizard|Protect\n|move|p2b: Incineroar|Flare Blitz|p1a: Skarmory\n|-activate|p1a: Skarmory|move: Protect\n|\n|-weather|Sandstorm|[upkeep]\n|-damage|p2a: Charizard|0 fnt|[from] Sandstorm\n|-damage|p2b: Incineroar|95/100|[from] Sandstorm\n|faint|p2a: Charizard\n|upkeep\n|inactive|khesyfi has 30 seconds left.\n|\n|t:|1776009002\n|switch|p2a: Garchomp|Garchomp, L50, F|100/100\n|turn|4\n|\n|t:|1776009013\n|move|p1a: Skarmory|Dual Wingbeat|p2b: Incineroar\n|-damage|p2b: Incineroar|72/100\n|-damage|p2b: Incineroar|51/100\n|-hitcount|p2b: Incineroar|2\n|move|p1b: Tyranitar|Rock Slide|p2b: Incineroar|[spread] p2b\n|-miss|p1b: Tyranitar|p2a: Garchomp\n|-supereffective|p2b: Incineroar|1\n|-damage|p2b: Incineroar|0 fnt\n|faint|p2b: Incineroar\n|move|p2a: Garchomp|Rock Slide|p1a: Skarmory|[spread] p1a\n|-miss|p2a: Garchomp|p1b: Tyranitar\n|-damage|p1a: Skarmory|83/100\n|\n|-weather|Sandstorm|[upkeep]\n|-sideend|p1: SunTufo|move: Tailwind\n|upkeep\n|\n|t:|1776009029\n|switch|p2b: Rotom|Rotom-Wash, L50|100/100\n|turn|5\n|\n|t:|1776009040\n|move|p1a: Skarmory|Protect|p1a: Skarmory\n|-singleturn|p1a: Skarmory|Protect\n|move|p2a: Garchomp|Rock Slide|p1a: Skarmory|[spread] p1b\n|-activate|p1a: Skarmory|move: Protect\n|-damage|p1b: Tyranitar|83/100\n|move|p1b: Tyranitar|Knock Off|p2b: Rotom\n|-damage|p2b: Rotom|58/100\n|-enditem|p2b: Rotom|Leftovers|[from] move: Knock Off|[of] p1b: Tyranitar\n|move|p2b: Rotom|Hydro Pump|p1b: Tyranitar\n|-supereffective|p1b: Tyranitar|1\n|-damage|p1b: Tyranitar|23/100\n|\n|-weather|Sandstorm|[upkeep]\n|-damage|p2b: Rotom|53/100|[from] Sandstorm\n|upkeep\n|turn|6\n|inactive|khesyfi has 30 seconds left.\n|\n|t:|1776009066\n|move|p2a: Garchomp|Rock Slide|p1a: Skarmory|[spread] p1a,p1b\n|-damage|p1a: Skarmory|65/100\n|-damage|p1b: Tyranitar|5/100\n|move|p1a: Skarmory|Tailwind|p1a: Skarmory\n|-sidestart|p1: SunTufo|move: Tailwind\n|move|p1b: Tyranitar|Knock Off|p2a: Garchomp\n|-damage|p2a: Garchomp|53/100\n|-damage|p1b: Tyranitar|0 fnt|[from] ability: Rough Skin|[of] p2a: Garchomp\n|-enditem|p2a: Garchomp|Choice Scarf|[from] move: Knock Off|[of] p1b: Tyranitar\n|faint|p1b: Tyranitar\n|move|p2b: Rotom|Thunderbolt|p1a: Skarmory\n|-supereffective|p1a: Skarmory|1\n|-damage|p1a: Skarmory|0 fnt\n|faint|p1a: Skarmory\n|\n|-weather|Sandstorm|[upkeep]\n|-damage|p2b: Rotom|47/100|[from] Sandstorm\n|upkeep\n|\n|t:|1776009076\n|switch|p1a: Sneasler|Sneasler, L50, M, shiny|1/100\n|switch|p1b: Garchomp|Garchomp, L50, M, shiny|100/100\n|turn|7\n|inactive|khesyfi has 30 seconds left.\n|inactive|khesyfi has 20 seconds left.\n|inactive|khesyfi has 15 seconds left.\n|inactive|khesyfi has 10 seconds left.\n|inactive|khesyfi has 5 seconds left.\n|\n|t:|1776009131\n|move|p1a: Sneasler|Close Combat|p2b: Rotom\n|-damage|p2b: Rotom|0 fnt\n|-unboost|p1a: Sneasler|def|1\n|-unboost|p1a: Sneasler|spd|1\n|faint|p2b: Rotom\n|move|p1b: Garchomp|Dragon Claw|p2a: Garchomp\n|-supereffective|p2a: Garchomp|1\n|-damage|p2a: Garchomp|0 fnt\n|-damage|p1b: Garchomp|88/100|[from] ability: Rough Skin|[of] p2a: Garchomp\n|faint|p2a: Garchomp\n|\n|win|SunTufo\n|raw|SunTufo's rating: 1062 &rarr; <strong>1092</strong><br />(+30 for winning)\n|raw|khesyfi's rating: 1056 &rarr; <strong>1038</strong><br />(-18 for losing)\n",
  "uploadtime": 1776009131,
  "views": 17,
  "formatid": "gen9championsvgc2026regma",
  "rating": 1038,
  "private": 0,
  "password": null
}