{
  "id": "gen9championsvgc2026regma-2585977938",
  "format": "[Gen 9 Champions] VGC 2026 Reg M-A",
  "players": [
    "boysenorange",
    "Uber Threat"
  ],
  "log": "|j|\u2606boysenorange\n|j|\u2606Uber Threat\n|t:|1776386933\n|gametype|doubles\n|player|p1|boysenorange|turo|1356\n|player|p2|Uber Threat|169|1319\n|gen|9\n|tier|[Gen 9 Champions] VGC 2026 Reg M-A\n|rated|\n|rule|Species Clause: Limit one of each Pok\u00e9mon\n|rule|Item Clause: Limit 1 of each item\n|clearpoke\n|poke|p1|Farigiraf, L50, M|\n|poke|p1|Gardevoir, L50, F|\n|poke|p1|Kangaskhan, L50, F|\n|poke|p1|Camerupt, L50, F|\n|poke|p1|Conkeldurr, L50, F|\n|poke|p1|Tinkaton, L50, F|\n|poke|p2|Emboar, L50, F|\n|poke|p2|Whimsicott, L50, M|\n|poke|p2|Tsareena, L50, F|\n|poke|p2|Sneasler, L50, F|\n|poke|p2|Dragapult, L50, M|\n|poke|p2|Hawlucha, L50, F|\n|teampreview|4\n|inactive|Battle timer is ON: inactive players will automatically lose when time's up. (requested by Uber Threat)\n|\n|t:|1776386975\n|teamsize|p1|4\n|teamsize|p2|4\n|start\n|switch|p1a: Kangaskhan|Kangaskhan, L50, F|100/100\n|switch|p1b: Farigiraf|Farigiraf, L50, M|100/100\n|switch|p2a: Emboar|Emboar, L50, F|100/100\n|switch|p2b: Sneasler|Sneasler, L50, F|100/100\n|turn|1\n|\n|t:|1776386992\n|detailschange|p2a: Emboar|Emboar-Mega, L50, F\n|-mega|p2a: Emboar|Emboar|Emboarite\n|-ability|p2a: Emboar|Mold Breaker\n|move|p1a: Kangaskhan|Fake Out|p2b: Sneasler\n|-damage|p2b: Sneasler|62/100\n|cant|p2b: Sneasler|flinch\n|move|p2a: Emboar|Bulk Up|p2a: Emboar\n|-boost|p2a: Emboar|atk|1\n|-boost|p2a: Emboar|def|1\n|move|p1b: Farigiraf|Trick Room|p1b: Farigiraf\n|-fieldstart|move: Trick Room|[of] p1b: Farigiraf\n|\n|upkeep\n|turn|2\n|inactive|Uber Threat has 30 seconds left.\n|inactive|Uber Threat has 20 seconds left.\n|inactive|Uber Threat has 15 seconds left.\n|\n|t:|1776387034\n|move|p1b: Farigiraf|Psychic|p2a: Emboar\n|-supereffective|p2a: Emboar|1\n|-damage|p2a: Emboar|36/100\n|move|p2a: Emboar|Storm Throw|p1a: Kangaskhan\n|-supereffective|p1a: Kangaskhan|1\n|-crit|p1a: Kangaskhan\n|-damage|p1a: Kangaskhan|0 fnt\n|faint|p1a: Kangaskhan\n|move|p2b: Sneasler|Coaching|p2a: Emboar\n|-boost|p2a: Emboar|atk|1\n|-boost|p2a: Emboar|def|1\n|\n|upkeep\n|\n|t:|1776387043\n|switch|p1a: Gardevoir|Gardevoir, L50, F|100/100\n|turn|3\n|\n|t:|1776387066\n|switch|p2b: Dragapult|Dragapult, L50, M|100/100\n|detailschange|p1a: Gardevoir|Gardevoir-Mega, L50, F\n|-mega|p1a: Gardevoir|Gardevoir|Gardevoirite\n|move|p2a: Emboar|Sucker Punch|p1b: Farigiraf\n|-supereffective|p1b: Farigiraf|1\n|-damage|p1b: Farigiraf|1/100\n|move|p1b: Farigiraf|Psychic|p2a: Emboar\n|-supereffective|p2a: Emboar|1\n|-damage|p2a: Emboar|0 fnt\n|faint|p2a: Emboar\n|move|p1a: Gardevoir|Calm Mind|p1a: Gardevoir\n|-boost|p1a: Gardevoir|spa|1\n|-boost|p1a: Gardevoir|spd|1\n|\n|upkeep\n|\n|t:|1776387081\n|switch|p2a: Sneasler|Sneasler, L50, F|62/100\n|turn|4\n|\n|t:|1776387097\n|switch|p1b: Tinkaton|Tinkaton, L50, F|100/100\n|-ability|p1b: Tinkaton|Mold Breaker\n|switch|p2a: Whimsicott|Whimsicott, L50, M|100/100\n|move|p2b: Dragapult|Protect|p2b: Dragapult\n|-singleturn|p2b: Dragapult|Protect\n|move|p1a: Gardevoir|Hyper Voice|p2b: Dragapult|[spread] p2a\n|-activate|p2b: Dragapult|move: Protect\n|-enditem|p2a: Whimsicott|Focus Sash\n|-damage|p2a: Whimsicott|1/100\n|\n|upkeep\n|turn|5\n|\n|t:|1776387118\n|move|p2b: Dragapult|Protect|p2b: Dragapult\n|-singleturn|p2b: Dragapult|Protect\n|move|p1b: Tinkaton|Feint|p2b: Dragapult\n|-immune|p2b: Dragapult\n|move|p1a: Gardevoir|Hyper Voice|p2a: Whimsicott|[spread] p2a\n|-activate|p2b: Dragapult|move: Protect\n|-damage|p2a: Whimsicott|0 fnt\n|faint|p2a: Whimsicott\n|\n|-fieldend|move: Trick Room\n|upkeep\n|\n|t:|1776387125\n|switch|p2a: Sneasler|Sneasler, L50, F|62/100\n|turn|6\n|inactive|Uber Threat has 30 seconds left.\n|\n|t:|1776387153\n|switch|p1a: Farigiraf|Farigiraf, L50, M|1/100\n|move|p2b: Dragapult|Phantom Force||[still]\n|-prepare|p2b: Dragapult|Phantom Force\n|move|p2a: Sneasler|Close Combat|p1b: Tinkaton\n|-damage|p1b: Tinkaton|20/100\n|-unboost|p2a: Sneasler|def|1\n|-unboost|p2a: Sneasler|spd|1\n|-enditem|p2a: Sneasler|White Herb\n|-clearnegativeboost|p2a: Sneasler|[silent]\n|move|p1b: Tinkaton|Gigaton Hammer|p2a: Sneasler\n|-damage|p2a: Sneasler|0 fnt\n|faint|p2a: Sneasler\n|\n|upkeep\n|turn|7\n|\n|t:|1776387173\n|move|p1b: Tinkaton|Helping Hand|p1a: Farigiraf\n|-singleturn|p1a: Farigiraf|Helping Hand|[of] p1b: Tinkaton\n|move|p2b: Dragapult|Phantom Force|p1a: Farigiraf|[from] lockedmove\n|-immune|p1a: Farigiraf\n|move|p1a: Farigiraf|Trick Room|p1a: Farigiraf\n|-fieldstart|move: Trick Room|[of] p1a: Farigiraf\n|\n|upkeep\n|turn|8\n|\n|t:|1776387187\n|switch|p1b: Gardevoir|Gardevoir-Mega, L50, F|100/100\n|move|p2b: Dragapult|Protect|p2b: Dragapult\n|-singleturn|p2b: Dragapult|Protect\n|move|p1a: Farigiraf|Psychic|p2b: Dragapult\n|-activate|p2b: Dragapult|move: Protect\n|\n|upkeep\n|turn|9\n|\n|t:|1776387194\n|move|p1a: Farigiraf|Psychic|p2b: Dragapult\n|-damage|p2b: Dragapult|43/100\n|move|p1b: Gardevoir|Hyper Voice|p2b: Dragapult\n|-supereffective|p2b: Dragapult|1\n|-damage|p2b: Dragapult|0 fnt\n|faint|p2b: Dragapult\n|\n|win|boysenorange\n|raw|boysenorange's rating: 1356 &rarr; <strong>1374</strong><br />(+18 for winning)\n|raw|Uber Threat's rating: 1319 &rarr; <strong>1301</strong><br />(-18 for losing)\n|l|\u2606Uber Threat\n|player|p2|\n|c|\u2606boysenorange|gg\n",
  "uploadtime": 1776387200,
  "views": 26,
  "formatid": "gen9championsvgc2026regma",
  "rating": 1301,
  "private": 0,
  "password": null
}