{
  "id": "gen9championsvgc2026regma-2588051478",
  "format": "[Gen 9 Champions] VGC 2026 Reg M-A",
  "players": [
    "imperialdave1",
    "samo00001"
  ],
  "log": "|j|\u2606imperialdave1\n|j|\u2606samo00001\n|t:|1776598305\n|gametype|doubles\n|player|p1|imperialdave1|265|1088\n|player|p2|samo00001|101|1155\n|gen|9\n|tier|[Gen 9 Champions] VGC 2026 Reg M-A\n|rated|\n|rule|Species Clause: Limit one of each Pok\u00e9mon\n|rule|Item Clause: Limit 1 of each item\n|clearpoke\n|poke|p1|Zoroark-Hisui, L50, M|\n|poke|p1|Sinistcha, L50|\n|poke|p1|Incineroar, L50, F|\n|poke|p1|Kleavor, L50, M|\n|poke|p1|Whimsicott, L50, M|\n|poke|p1|Aggron, L50, M|\n|poke|p2|Dragonite, L50, M|\n|poke|p2|Politoed, L50, M|\n|poke|p2|Kingambit, L50, M|\n|poke|p2|Floette-Eternal, L50, F|\n|poke|p2|Sneasler, L50, M|\n|poke|p2|Incineroar, L50, M|\n|teampreview|4\n|\n|t:|1776598341\n|teamsize|p1|4\n|teamsize|p2|4\n|start\n|switch|p1a: Aggron|Aggron, L50, M|100/100\n|switch|p1b: Whimsicott|Whimsicott, L50, M|100/100\n|switch|p2a: Politoed|Politoed, L50, M|100/100\n|switch|p2b: Incineroar|Incineroar, L50, M|100/100\n|-weather|RainDance|[from] ability: Drizzle|[of] p2a: Politoed\n|-ability|p2b: Incineroar|Intimidate|boost\n|-unboost|p1a: Aggron|atk|1\n|-unboost|p1b: Whimsicott|atk|1\n|turn|1\n|\n|t:|1776598360\n|detailschange|p1a: Aggron|Aggron-Mega, L50, M\n|-mega|p1a: Aggron|Aggron|Aggronite\n|move|p1b: Whimsicott|Protect|p1b: Whimsicott\n|-singleturn|p1b: Whimsicott|Protect\n|move|p1a: Aggron|Protect|p1a: Aggron\n|-singleturn|p1a: Aggron|Protect\n|move|p2b: Incineroar|Fake Out|p1b: Whimsicott\n|-activate|p1b: Whimsicott|move: Protect\n|move|p2a: Politoed|Weather Ball|p1a: Aggron\n|-activate|p1a: Aggron|move: Protect\n|\n|-weather|RainDance|[upkeep]\n|upkeep\n|turn|2\n|inactive|Battle timer is ON: inactive players will automatically lose when time's up. (requested by imperialdave1)\n|\n|t:|1776598393\n|move|p2b: Incineroar|Protect|p2b: Incineroar\n|-singleturn|p2b: Incineroar|Protect\n|move|p1b: Whimsicott|Tailwind|p1b: Whimsicott\n|-sidestart|p1: imperialdave1|move: Tailwind\n|move|p1a: Aggron|Body Press|p2b: Incineroar\n|-activate|p2b: Incineroar|move: Protect\n|move|p2a: Politoed|Icy Wind|p1a: Aggron|[spread] p1a,p1b\n|-resisted|p1a: Aggron|1\n|-supereffective|p1b: Whimsicott|1\n|-damage|p1a: Aggron|96/100\n|-damage|p1b: Whimsicott|77/100\n|-unboost|p1a: Aggron|spe|1\n|-unboost|p1b: Whimsicott|spe|1\n|\n|-weather|RainDance|[upkeep]\n|-heal|p1b: Whimsicott|83/100|[from] item: Leftovers\n|upkeep\n|turn|3\n|\n|t:|1776598413\n|switch|p2b: Dragonite|Dragonite, L50, M|100/100\n|move|p1b: Whimsicott|Encore|p2a: Politoed\n|-start|p2a: Politoed|Encore\n|move|p2a: Politoed|Icy Wind|p1a: Aggron|[spread] p1a,p1b\n|-resisted|p1a: Aggron|1\n|-supereffective|p1b: Whimsicott|1\n|-damage|p1a: Aggron|92/100\n|-damage|p1b: Whimsicott|60/100\n|-unboost|p1a: Aggron|spe|1\n|-unboost|p1b: Whimsicott|spe|1\n|move|p1a: Aggron|Body Press|p2b: Dragonite\n|-resisted|p2b: Dragonite|1\n|-damage|p2b: Dragonite|82/100\n|\n|-weather|RainDance|[upkeep]\n|-heal|p1b: Whimsicott|66/100|[from] item: Leftovers\n|upkeep\n|turn|4\n|inactive|samo00001 has 30 seconds left.\n|inactive|samo00001 has 20 seconds left.\n|inactive|samo00001 has 15 seconds left.\n|inactive|samo00001 has 10 seconds left.\n|inactive|samo00001 has 5 seconds left.\n|\n|t:|1776598468\n|switch|p1a: Kleavor|Kleavor, L50, M|100/100\n|move|p1b: Whimsicott|Protect|p1b: Whimsicott\n|-singleturn|p1b: Whimsicott|Protect\n|move|p2b: Dragonite|Hurricane|p1a: Kleavor\n|-damage|p1a: Kleavor|27/100\n|move|p2a: Politoed|Icy Wind|p1a: Kleavor|[spread] p1a\n|-activate|p1b: Whimsicott|move: Protect\n|-crit|p1a: Kleavor\n|-damage|p1a: Kleavor|6/100\n|-unboost|p1a: Kleavor|spe|1\n|\n|-weather|RainDance|[upkeep]\n|-heal|p1b: Whimsicott|72/100|[from] item: Leftovers\n|upkeep\n|turn|5\n|\n|t:|1776598487\n|switch|p2b: Incineroar|Incineroar, L50, M|100/100\n|-ability|p2b: Incineroar|Intimidate|boost\n|-unboost|p1a: Kleavor|atk|1\n|-unboost|p1b: Whimsicott|atk|1\n|move|p1a: Kleavor|Stone Axe|p2b: Incineroar\n|-supereffective|p2b: Incineroar|1\n|-damage|p2b: Incineroar|34/100\n|-sidestart|p2: samo00001|move: Stealth Rock\n|-enditem|p2b: Incineroar|Sitrus Berry|[eat]\n|-heal|p2b: Incineroar|59/100|[from] item: Sitrus Berry\n|move|p1b: Whimsicott|Moonblast|p2a: Politoed\n|-damage|p2a: Politoed|80/100\n|move|p2a: Politoed|Icy Wind|p1a: Kleavor|[spread] p1a,p1b\n|-crit|p1a: Kleavor\n|-supereffective|p1b: Whimsicott|1\n|-damage|p1a: Kleavor|0 fnt\n|-damage|p1b: Whimsicott|49/100\n|-unboost|p1b: Whimsicott|spe|1\n|faint|p1a: Kleavor\n|\n|-weather|none\n|-heal|p1b: Whimsicott|55/100|[from] item: Leftovers\n|-end|p2a: Politoed|Encore\n|-sideend|p1: imperialdave1|move: Tailwind\n|upkeep\n|\n|t:|1776598502\n|switch|p1a: Aggron|Aggron-Mega, L50, M|100/100\n|turn|6\n|\n|t:|1776598523\n|move|p1a: Aggron|Hyper Voice|p2b: Incineroar|[spread] p2a,p2b\n|-damage|p2a: Politoed|57/100\n|-damage|p2b: Incineroar|33/100\n|move|p2a: Politoed|Rain Dance|p2a: Politoed\n|-weather|RainDance\n|move|p2b: Incineroar|Parting Shot|p1a: Aggron\n|-unboost|p1a: Aggron|atk|1\n|-unboost|p1a: Aggron|spa|1\n|\n|t:|1776598534\n|switch|p2b: Kingambit|Kingambit, L50, M|100/100|[from] Parting Shot\n|-damage|p2b: Kingambit|95/100|[from] Stealth Rock\n|move|p1b: Whimsicott|Moonblast|p2a: Politoed\n|-damage|p2a: Politoed|36/100\n|-unboost|p2a: Politoed|spa|1\n|\n|-weather|RainDance|[upkeep]\n|-heal|p2b: Kingambit|100/100|[from] item: Leftovers\n|-heal|p1b: Whimsicott|61/100|[from] item: Leftovers\n|upkeep\n|turn|7\n|\n|t:|1776598547\n|switch|p1a: Aggron|Aggron-Mega, L50, M|92/100\n|switch|p2a: Incineroar|Incineroar, L50, M|33/100\n|-damage|p2a: Incineroar|8/100|[from] Stealth Rock\n|-ability|p2a: Incineroar|Intimidate|boost\n|-unboost|p1a: Aggron|atk|1\n|-unboost|p1b: Whimsicott|atk|1\n|move|p1b: Whimsicott|Encore|p2a: Incineroar\n|-hint|Since gen 7, Dark is immune to Prankster moves.\n|-immune|p2a: Incineroar\n|move|p2b: Kingambit|Low Kick|p1a: Aggron\n|-supereffective|p1a: Aggron|1\n|-damage|p1a: Aggron|57/100\n|\n|-weather|RainDance|[upkeep]\n|-heal|p1b: Whimsicott|67/100|[from] item: Leftovers\n|upkeep\n|turn|8\n|inactive|samo00001 has 30 seconds left.\n|\n|t:|1776598578\n|move|p1b: Whimsicott|Protect|p1b: Whimsicott\n|-singleturn|p1b: Whimsicott|Protect\n|move|p2a: Incineroar|Protect|p2a: Incineroar\n|-singleturn|p2a: Incineroar|Protect\n|move|p1a: Aggron|Protect|p1a: Aggron\n|-singleturn|p1a: Aggron|Protect\n|move|p2b: Kingambit|Iron Head|p1b: Whimsicott\n|-activate|p1b: Whimsicott|move: Protect\n|\n|-weather|RainDance|[upkeep]\n|-heal|p1b: Whimsicott|74/100|[from] item: Leftovers\n|upkeep\n|turn|9\n|inactive|imperialdave1 has 30 seconds left.\n|\n|t:|1776598605\n|switch|p2a: Dragonite|Dragonite, L50, M|82/100\n|-damage|p2a: Dragonite|58/100|[from] Stealth Rock\n|move|p1b: Whimsicott|Tailwind|p1b: Whimsicott\n|-sidestart|p1: imperialdave1|move: Tailwind\n|move|p1a: Aggron|Body Press|p2b: Kingambit\n|-supereffective|p2b: Kingambit|2\n|-damage|p2b: Kingambit|0 fnt\n|faint|p2b: Kingambit\n|\n|-weather|RainDance|[upkeep]\n|-heal|p1b: Whimsicott|80/100|[from] item: Leftovers\n|upkeep\n|\n|t:|1776598614\n|switch|p2b: Incineroar|Incineroar, L50, M|8/100\n|-damage|p2b: Incineroar|0 fnt|[from] Stealth Rock\n|faint|p2b: Incineroar\n|\n|t:|1776598616\n|switch|p2b: Politoed|Politoed, L50, M|36/100\n|-damage|p2b: Politoed|23/100|[from] Stealth Rock\n|turn|10\n|\n|t:|1776598636\n|detailschange|p2a: Dragonite|Dragonite-Mega, L50, M\n|-mega|p2a: Dragonite|Dragonite|Dragoninite\n|move|p1a: Aggron|Protect|p1a: Aggron\n|-singleturn|p1a: Aggron|Protect\n|move|p2a: Dragonite|Hurricane|p1b: Whimsicott\n|-supereffective|p1b: Whimsicott|1\n|-damage|p1b: Whimsicott|0 fnt\n|faint|p1b: Whimsicott\n|move|p2b: Politoed|Weather Ball|p1a: Aggron\n|-activate|p1a: Aggron|move: Protect\n|\n|-weather|none\n|upkeep\n|\n|t:|1776598644\n|switch|p1b: Zoroark|Zoroark-Hisui, L50, M|100/100\n|turn|11\n|\n|t:|1776598652\n|move|p1b: Zoroark|Icy Wind|p2a: Dragonite|[spread] p2a,p2b\n|-supereffective|p2a: Dragonite|2\n|-resisted|p2b: Politoed|1\n|-damage|p2a: Dragonite|19/100\n|-damage|p2b: Politoed|18/100\n|-unboost|p2a: Dragonite|spe|1\n|-unboost|p2b: Politoed|spe|1\n|move|p1a: Aggron|Body Press|p2b: Politoed\n|-damage|p2b: Politoed|0 fnt\n|faint|p2b: Politoed\n|move|p2a: Dragonite|Tailwind|p2a: Dragonite\n|-sidestart|p2: samo00001|move: Tailwind\n|\n|upkeep\n|turn|12\n|\n|t:|1776598673\n|move|p1b: Zoroark|Shadow Ball|p2a: Dragonite\n|-damage|p2a: Dragonite|0 fnt\n|faint|p2a: Dragonite\n|\n|win|imperialdave1\n|raw|imperialdave1's rating: 1088 &rarr; <strong>1120</strong><br />(+32 for winning)\n|raw|samo00001's rating: 1155 &rarr; <strong>1125</strong><br />(-30 for losing)\n|l|\u2606samo00001\n|player|p2|\n",
  "uploadtime": 1776598680,
  "views": 19,
  "formatid": "gen9championsvgc2026regma",
  "rating": 1120,
  "private": 0,
  "password": null
}