{
  "id": "gen9championsvgc2026regma-2581574161",
  "format": "[Gen 9 Champions] VGC 2026 Reg M-A",
  "players": [
    "campeondelfitness",
    "Igurosaan"
  ],
  "log": "|j|\u2606campeondelfitness\n|j|\u2606Igurosaan\n|t:|1776012097\n|gametype|doubles\n|player|p1|campeondelfitness|swimmer|1000\n|player|p2|Igurosaan|cynthia|1068\n|gen|9\n|tier|[Gen 9 Champions] VGC 2026 Reg M-A\n|rated|\n|rule|Species Clause: Limit one of each Pok\u00e9mon\n|rule|Item Clause: Limit 1 of each item\n|clearpoke\n|poke|p1|Aerodactyl, L50, M|\n|poke|p1|Corviknight, L50, F|\n|poke|p1|Hippowdon, L50, M|\n|poke|p1|Excadrill, L50, F|\n|poke|p1|Sneasler, L50, M|\n|poke|p1|Primarina, L50, F|\n|poke|p2|Decidueye, L50, M|\n|poke|p2|Whimsicott, L50, F|\n|poke|p2|Dragonite, L50, M|\n|poke|p2|Pelipper, L50, M|\n|poke|p2|Incineroar, L50, F|\n|poke|p2|Aegislash, L50, F|\n|teampreview|4\n|inactive|Battle timer is ON: inactive players will automatically lose when time's up. (requested by campeondelfitness)\n|inactive|campeondelfitness has 60 seconds left.\n|\n|t:|1776012131\n|teamsize|p1|4\n|teamsize|p2|4\n|start\n|switch|p1a: Hippowdon|Hippowdon, L50, M|100/100\n|switch|p1b: Primarina|Primarina, L50, F|100/100\n|switch|p2a: Decidueye|Decidueye, L50, M|100/100\n|switch|p2b: Whimsicott|Whimsicott, L50, F|100/100\n|-weather|Sandstorm|[from] ability: Sand Stream|[of] p1a: Hippowdon\n|turn|1\n|inactive|campeondelfitness has 30 seconds left.\n|\n|t:|1776012163\n|switch|p1a: Aerodactyl|Aerodactyl, L50, M|100/100\n|-ability|p1a: Aerodactyl|Unnerve\n|move|p2b: Whimsicott|Tailwind|p2b: Whimsicott\n|-sidestart|p2: Igurosaan|move: Tailwind\n|move|p2a: Decidueye|Leaf Blade|p1b: Primarina\n|-supereffective|p1b: Primarina|1\n|-damage|p1b: Primarina|14/100\n|move|p1b: Primarina|Moonblast|p2a: Decidueye\n|-damage|p2a: Decidueye|34/100\n|\n|-weather|Sandstorm|[upkeep]\n|-damage|p2b: Whimsicott|95/100|[from] Sandstorm\n|-damage|p2a: Decidueye|28/100|[from] Sandstorm\n|-damage|p1b: Primarina|8/100|[from] Sandstorm\n|upkeep\n|turn|2\n|inactive|campeondelfitness has 30 seconds left.\n|\n|t:|1776012190\n|detailschange|p1a: Aerodactyl|Aerodactyl-Mega, L50, M\n|-mega|p1a: Aerodactyl|Aerodactyl|Aerodactylite\n|move|p2b: Whimsicott|Moonblast|p1b: Primarina\n|-damage|p1b: Primarina|0 fnt\n|faint|p1b: Primarina\n|move|p2a: Decidueye|Spirit Shackle|p1a: Aerodactyl\n|-damage|p1a: Aerodactyl|50/100\n|-activate|p1a: Aerodactyl|trapped\n|move|p1a: Aerodactyl|Rock Slide|p2a: Decidueye|[spread] p2a,p2b\n|-damage|p2a: Decidueye|0 fnt\n|-damage|p2b: Whimsicott|47/100\n|faint|p2a: Decidueye\n|\n|-weather|Sandstorm|[upkeep]\n|-damage|p2b: Whimsicott|41/100|[from] Sandstorm\n|upkeep\n|\n|t:|1776012211\n|switch|p2a: Aegislash|Aegislash, L50, F|100/100\n|switch|p1b: Corviknight|Corviknight, L50, F|100/100\n|turn|3\n|\n|t:|1776012241\n|move|p2b: Whimsicott|Moonblast|p1a: Aerodactyl\n|-damage|p1a: Aerodactyl|22/100\n|move|p1a: Aerodactyl|Rock Slide|p2b: Whimsicott|[spread] p2b\n|-miss|p1a: Aerodactyl|p2a: Aegislash\n|-damage|p2b: Whimsicott|0 fnt\n|faint|p2b: Whimsicott\n|-formechange|p2a: Aegislash|Aegislash-Blade|\n|move|p2a: Aegislash|Shadow Ball|p1b: Corviknight\n|-damage|p1b: Corviknight|74/100\n|cant|p1b: Corviknight|flinch\n|\n|-weather|Sandstorm|[upkeep]\n|upkeep\n|\n|t:|1776012257\n|switch|p2b: Pelipper|Pelipper, L50, M|100/100\n|-weather|RainDance|[from] ability: Drizzle|[of] p2b: Pelipper\n|turn|4\n|\n|t:|1776012266\n|switch|p1b: Hippowdon|Hippowdon, L50, M|100/100\n|-weather|Sandstorm|[from] ability: Sand Stream|[of] p1b: Hippowdon\n|move|p1a: Aerodactyl|Protect|p1a: Aerodactyl\n|-singleturn|p1a: Aerodactyl|Protect\n|-formechange|p2a: Aegislash|Aegislash|\n|move|p2a: Aegislash|King's Shield|p2a: Aegislash\n|-singleturn|p2a: Aegislash|Protect\n|move|p2b: Pelipper|Weather Ball|p1a: Aerodactyl\n|-activate|p1a: Aerodactyl|move: Protect\n|\n|-weather|Sandstorm|[upkeep]\n|-damage|p2b: Pelipper|95/100|[from] Sandstorm\n|-sideend|p2: Igurosaan|move: Tailwind\n|upkeep\n|turn|5\n|inactive|Igurosaan has 30 seconds left.\n|\n|t:|1776012293\n|move|p1a: Aerodactyl|Rock Slide|p2a: Aegislash|[spread] p2a,p2b\n|-resisted|p2a: Aegislash|1\n|-supereffective|p2b: Pelipper|1\n|-damage|p2a: Aegislash|87/100\n|-damage|p2b: Pelipper|29/100\n|move|p2b: Pelipper|Muddy Water|p1b: Hippowdon|[spread] p1a,p1b\n|-supereffective|p1a: Aerodactyl|1\n|-supereffective|p1b: Hippowdon|1\n|-damage|p1a: Aerodactyl|0 fnt\n|-damage|p1b: Hippowdon|59/100\n|faint|p1a: Aerodactyl\n|-formechange|p2a: Aegislash|Aegislash-Blade|\n|move|p2a: Aegislash|Shadow Ball|p1b: Hippowdon\n|-damage|p1b: Hippowdon|32/100\n|move|p1b: Hippowdon|Earthquake|p2a: Aegislash|[spread] p2a\n|-immune|p2b: Pelipper\n|-supereffective|p2a: Aegislash|1\n|-damage|p2a: Aegislash|0 fnt\n|faint|p2a: Aegislash\n|\n|-weather|Sandstorm|[upkeep]\n|-damage|p2b: Pelipper|23/100|[from] Sandstorm\n|-heal|p1b: Hippowdon|38/100|[from] item: Leftovers\n|upkeep\n|\n|t:|1776012311\n|switch|p1a: Corviknight|Corviknight, L50, F|74/100\n|turn|6\n|\n|t:|1776012322\n|move|p1b: Hippowdon|Protect|p1b: Hippowdon\n|-singleturn|p1b: Hippowdon|Protect\n|move|p1a: Corviknight|Brave Bird|p2b: Pelipper\n|-damage|p2b: Pelipper|0 fnt\n|faint|p2b: Pelipper\n|-damage|p1a: Corviknight|69/100|[from] Recoil\n|\n|win|campeondelfitness\n|raw|campeondelfitness's rating: 1000 &rarr; <strong>1048</strong><br />(+48 for winning)\n|raw|Igurosaan's rating: 1068 &rarr; <strong>1044</strong><br />(-24 for losing)\n|l|\u2606Igurosaan\n|player|p2|\n",
  "uploadtime": 1776013952,
  "views": 16,
  "formatid": "gen9championsvgc2026regma",
  "rating": 1044,
  "private": 0,
  "password": null
}