{
  "id": "gen9championsvgc2026regma-2587569381",
  "format": "[Gen 9 Champions] VGC 2026 Reg M-A",
  "players": [
    "JavierMujo",
    "andi38"
  ],
  "log": "|j|\u2606JavierMujo\n|j|\u2606andi38\n|t:|1776543102\n|gametype|doubles\n|player|p1|JavierMujo|miku-ground|1000\n|player|p2|andi38|acetrainerf-gen4|1000\n|gen|9\n|tier|[Gen 9 Champions] VGC 2026 Reg M-A\n|rated|\n|rule|Species Clause: Limit one of each Pok\u00e9mon\n|rule|Item Clause: Limit 1 of each item\n|clearpoke\n|poke|p1|Delphox, L50, M|\n|poke|p1|Garchomp, L50, M|\n|poke|p1|Incineroar, L50, M|\n|poke|p1|Oranguru, L50, M|\n|poke|p1|Crabominable, L50, F|\n|poke|p1|Drampa, L50, M|\n|poke|p2|Whimsicott, L50, F|\n|poke|p2|Charizard, L50, F|\n|poke|p2|Sneasler, L50, M|\n|poke|p2|Venusaur, L50, M|\n|poke|p2|Kingambit, L50, M|\n|poke|p2|Dragonite, L50, M|\n|teampreview|4\n|inactive|Battle timer is ON: inactive players will automatically lose when time's up. (requested by andi38)\n|inactive|JavierMujo also wants the timer to be on.\n|inactive|JavierMujo no longer wants the timer on, but the timer is staying on because andi38 still does.\n|c|\u2606JavierMujo|gl hf\n|inactive|andi38 has 60 seconds left.\n|\n|t:|1776543151\n|teamsize|p1|4\n|teamsize|p2|4\n|start\n|switch|p1a: Garchomp|Garchomp, L50, M|100/100\n|switch|p1b: Incineroar|Incineroar, L50, M|100/100\n|switch|p2a: mega megan\u00a1um|Whimsicott, L50, F|100/100\n|switch|p2b: tox\u00a1croak|Sneasler, L50, M|100/100\n|-ability|p1b: Incineroar|Intimidate|boost\n|-unboost|p2a: mega megan\u00a1um|atk|1\n|-unboost|p2b: tox\u00a1croak|atk|1\n|turn|1\n|c|\u2606andi38|glhf\n|inactive|andi38 has 30 seconds left.\n|inactive|JavierMujo has 30 seconds left.\n|\n|t:|1776543183\n|move|p2b: tox\u00a1croak|Fake Out|p1b: Incineroar\n|-damage|p1b: Incineroar|91/100\n|cant|p1b: Incineroar|flinch\n|move|p1a: Garchomp|Iron Head|p2a: mega megan\u00a1um\n|-supereffective|p2a: mega megan\u00a1um|1\n|-damage|p2a: mega megan\u00a1um|23/100\n|move|p2a: mega megan\u00a1um|Moonblast|p1a: Garchomp\n|-supereffective|p1a: Garchomp|1\n|-damage|p1a: Garchomp|19/100\n|\n|upkeep\n|turn|2\n|\n|t:|1776543207\n|switch|p2b: rayqu\u00e4za|Dragonite, L50, M|100/100\n|move|p2a: mega megan\u00a1um|Tailwind|p2a: mega megan\u00a1um\n|-sidestart|p2: andi38|move: Tailwind\n|move|p1a: Garchomp|Iron Head|p2a: mega megan\u00a1um\n|-supereffective|p2a: mega megan\u00a1um|1\n|-damage|p2a: mega megan\u00a1um|0 fnt\n|faint|p2a: mega megan\u00a1um\n|move|p1b: Incineroar|Parting Shot|p2b: rayqu\u00e4za\n|-unboost|p2b: rayqu\u00e4za|atk|1\n|-unboost|p2b: rayqu\u00e4za|spa|1\n|\n|t:|1776543215\n|switch|p1b: Crabominable|Crabominable, L50, F|100/100|[from] Parting Shot\n|\n|upkeep\n|\n|t:|1776543226\n|switch|p2a: tox\u00a1croak|Sneasler, L50, M|100/100\n|turn|3\n|\n|t:|1776543234\n|detailschange|p1b: Crabominable|Crabominable-Mega, L50, F\n|-mega|p1b: Crabominable|Crabominable|Crabominite\n|move|p2a: tox\u00a1croak|Fake Out|p1b: Crabominable\n|-damage|p1b: Crabominable|90/100\n|move|p2b: rayqu\u00e4za|Breaking Swipe|p1a: Garchomp|[spread] p1a,p1b\n|-supereffective|p1a: Garchomp|1\n|-damage|p1a: Garchomp|0 fnt\n|-damage|p1b: Crabominable|76/100\n|-unboost|p1b: Crabominable|atk|1\n|faint|p1a: Garchomp\n|cant|p1b: Crabominable|flinch\n|\n|upkeep\n|\n|t:|1776543240\n|switch|p1a: Oranguru|Oranguru, L50, M|100/100\n|turn|4\n|\n|t:|1776543263\n|switch|p1b: Incineroar|Incineroar, L50, M|91/100\n|-ability|p1b: Incineroar|Intimidate|boost\n|-unboost|p2a: tox\u00a1croak|atk|1\n|-unboost|p2b: rayqu\u00e4za|atk|1\n|move|p2a: tox\u00a1croak|Close Combat|p1b: Incineroar\n|-supereffective|p1b: Incineroar|1\n|-damage|p1b: Incineroar|4/100\n|-unboost|p2a: tox\u00a1croak|def|1\n|-unboost|p2a: tox\u00a1croak|spd|1\n|-enditem|p1b: Incineroar|Sitrus Berry|[eat]\n|-heal|p1b: Incineroar|29/100|[from] item: Sitrus Berry\n|move|p2b: rayqu\u00e4za|Breaking Swipe|p1a: Oranguru|[spread] p1a,p1b\n|-crit|p1b: Incineroar\n|-damage|p1a: Oranguru|87/100\n|-damage|p1b: Incineroar|0 fnt\n|-unboost|p1a: Oranguru|atk|1\n|faint|p1b: Incineroar\n|move|p1a: Oranguru|Trick Room|p1a: Oranguru\n|-fieldstart|move: Trick Room|[of] p1a: Oranguru\n|\n|-heal|p1a: Oranguru|93/100|[from] item: Leftovers\n|upkeep\n|\n|t:|1776543276\n|switch|p1b: Crabominable|Crabominable-Mega, L50, F|76/100\n|turn|5\n|\n|t:|1776543294\n|switch|p2b: moltr\u00e9s|Charizard, L50, F|100/100\n|move|p2a: tox\u00a1croak|Protect|p2a: tox\u00a1croak\n|-singleturn|p2a: tox\u00a1croak|Protect\n|move|p1b: Crabominable|Ice Hammer|p2b: moltr\u00e9s\n|-damage|p2b: moltr\u00e9s|0 fnt\n|-unboost|p1b: Crabominable|spe|1\n|faint|p2b: moltr\u00e9s\n|move|p1a: Oranguru|Instruct|p1b: Crabominable\n|-singleturn|p1b: Crabominable|move: Instruct|[of] p1a: Oranguru\n|move|p1b: Crabominable|Ice Hammer|p2a: tox\u00a1croak\n|-activate|p2a: tox\u00a1croak|move: Protect\n|\n|-heal|p1a: Oranguru|99/100|[from] item: Leftovers\n|-sideend|p2: andi38|move: Tailwind\n|upkeep\n|\n|t:|1776543311\n|switch|p2b: rayqu\u00e4za|Dragonite, L50, M|100/100\n|turn|6\n|\n|t:|1776543321\n|move|p2b: rayqu\u00e4za|Extreme Speed|p1b: Crabominable\n|-damage|p1b: Crabominable|54/100\n|move|p1b: Crabominable|Ice Hammer|p2b: rayqu\u00e4za\n|-supereffective|p2b: rayqu\u00e4za|2\n|-damage|p2b: rayqu\u00e4za|0 fnt\n|-unboost|p1b: Crabominable|spe|1\n|faint|p2b: rayqu\u00e4za\n|move|p1a: Oranguru|Instruct|p1b: Crabominable\n|-singleturn|p1b: Crabominable|move: Instruct|[of] p1a: Oranguru\n|move|p1b: Crabominable|Ice Hammer|p2a: tox\u00a1croak\n|-damage|p2a: tox\u00a1croak|0 fnt\n|-unboost|p1b: Crabominable|spe|1\n|faint|p2a: tox\u00a1croak\n|\n|win|JavierMujo\n|raw|JavierMujo's rating: 1000 &rarr; <strong>1040</strong><br />(+40 for winning)\n|raw|andi38's rating: 1000 &rarr; <strong>1000</strong><br />(+0 for losing)\n|c|\u2606andi38|gg\n|l|\u2606andi38\n|player|p2|\n|c|\u2606JavierMujo|gg\n",
  "uploadtime": 1776543335,
  "views": 24,
  "formatid": "gen9championsvgc2026regma",
  "rating": 1000,
  "private": 0,
  "password": null
}