{
  "id": "gen9championsvgc2026regma-2584964348",
  "format": "[Gen 9 Champions] VGC 2026 Reg M-A",
  "players": [
    "Ohfreckhe",
    "chichinitz"
  ],
  "log": "|j|\u2606Ohfreckhe\n|j|\u2606chichinitz\n|t:|1776298725\n|gametype|doubles\n|player|p1|Ohfreckhe|alder|1154\n|player|p2|chichinitz|psychic-gen4|1261\n|gen|9\n|tier|[Gen 9 Champions] VGC 2026 Reg M-A\n|rated|\n|rule|Species Clause: Limit one of each Pok\u00e9mon\n|rule|Item Clause: Limit 1 of each item\n|clearpoke\n|poke|p1|Araquanid, L50, F|\n|poke|p1|Armarouge, L50, M|\n|poke|p1|Froslass, L50, F|\n|poke|p1|Crabominable, L50, F|\n|poke|p1|Kingambit, L50, M|\n|poke|p1|Empoleon, L50, M|\n|poke|p2|Meganium, L50, F|\n|poke|p2|Pelipper, L50, M|\n|poke|p2|Basculegion, L50, M|\n|poke|p2|Archaludon, L50, F|\n|poke|p2|Aerodactyl, L50, M|\n|poke|p2|Kangaskhan, L50, F|\n|teampreview|4\n|\n|t:|1776298765\n|teamsize|p1|4\n|teamsize|p2|4\n|start\n|switch|p1a: Froslass|Froslass, L50, F|100/100\n|switch|p1b: Crabominable|Crabominable, L50, F|100/100\n|switch|p2a: Pelipper|Pelipper, L50, M|100/100\n|switch|p2b: Archaludon|Archaludon, L50, F|100/100\n|-weather|RainDance|[from] ability: Drizzle|[of] p2a: Pelipper\n|turn|1\n|\n|t:|1776298783\n|detailschange|p1a: Froslass|Froslass-Mega, L50, F\n|-mega|p1a: Froslass|Froslass|Froslassite\n|-weather|Snowscape|[from] ability: Snow Warning|[of] p1a: Froslass\n|move|p2a: Pelipper|Wide Guard|p2a: Pelipper\n|-singleturn|p2a: Pelipper|Wide Guard\n|move|p1a: Froslass|Aurora Veil|p1a: Froslass\n|-sidestart|p1: Ohfreckhe|move: Aurora Veil\n|move|p2b: Archaludon|Flash Cannon|p1b: Crabominable\n|-supereffective|p1b: Crabominable|1\n|-damage|p1b: Crabominable|44/100\n|move|p1b: Crabominable|Drain Punch|p2b: Archaludon\n|-supereffective|p2b: Archaludon|1\n|-enditem|p2b: Archaludon|Chople Berry|[eat]\n|-enditem|p2b: Archaludon|Chople Berry|[weaken]\n|-damage|p2b: Archaludon|62/100\n|-heal|p1b: Crabominable|62/100|[from] drain|[of] p2b: Archaludon\n|\n|-weather|Snowscape|[upkeep]\n|upkeep\n|turn|2\n|\n|t:|1776298808\n|switch|p2a: Basculegion|Basculegion, L50, M|100/100\n|move|p2b: Archaludon|Protect|p2b: Archaludon\n|-singleturn|p2b: Archaludon|Protect\n|move|p1a: Froslass|Blizzard|p2a: Basculegion|[spread] p2a\n|-activate|p2b: Archaludon|move: Protect\n|-resisted|p2a: Basculegion|1\n|-damage|p2a: Basculegion|77/100\n|move|p1b: Crabominable|Drain Punch|p2b: Archaludon\n|-activate|p2b: Archaludon|move: Protect\n|\n|-weather|Snowscape|[upkeep]\n|upkeep\n|turn|3\n|\n|t:|1776298833\n|switch|p2b: Pelipper|Pelipper, L50, M|100/100\n|-weather|RainDance|[from] ability: Drizzle|[of] p2b: Pelipper\n|move|p2a: Basculegion|Flip Turn|p1b: Crabominable\n|-damage|p1b: Crabominable|22/100\n|\n|t:|1776298844\n|switch|p2a: Archaludon|Archaludon, L50, F|62/100|[from] Flip Turn\n|move|p1a: Froslass|Blizzard|p2b: Pelipper|[spread] p2a\n|-miss|p1a: Froslass|p2b: Pelipper\n|-damage|p2a: Archaludon|19/100\n|move|p1b: Crabominable|Drain Punch|p2b: Pelipper\n|-resisted|p2b: Pelipper|1\n|-damage|p2b: Pelipper|72/100\n|-heal|p1b: Crabominable|33/100|[from] drain|[of] p2b: Pelipper\n|\n|-weather|RainDance|[upkeep]\n|upkeep\n|turn|4\n|\n|t:|1776298862\n|switch|p1a: Araquanid|Araquanid, L50, F|100/100\n|move|p2a: Archaludon|Protect|p2a: Archaludon\n|-singleturn|p2a: Archaludon|Protect\n|move|p1b: Crabominable|Mach Punch|p2a: Archaludon\n|-activate|p2a: Archaludon|move: Protect\n|move|p2b: Pelipper|Hurricane|p1b: Crabominable\n|-supereffective|p1b: Crabominable|1\n|-damage|p1b: Crabominable|0 fnt\n|faint|p1b: Crabominable\n|\n|-weather|RainDance|[upkeep]\n|upkeep\n|\n|t:|1776298872\n|switch|p1b: Froslass|Froslass-Mega, L50, F|100/100\n|-weather|Snowscape|[from] ability: Snow Warning|[of] p1b: Froslass\n|turn|5\n|\n|t:|1776298881\n|switch|p2b: Basculegion|Basculegion, L50, M|77/100\n|move|p1b: Froslass|Blizzard|p2a: Archaludon|[spread] p2a,p2b\n|-resisted|p2b: Basculegion|1\n|-damage|p2a: Archaludon|0 fnt\n|-damage|p2b: Basculegion|53/100\n|faint|p2a: Archaludon\n|move|p1a: Araquanid|Liquidation|p2b: Basculegion\n|-resisted|p2b: Basculegion|1\n|-damage|p2b: Basculegion|12/100\n|\n|-weather|Snowscape|[upkeep]\n|-sideend|p1: Ohfreckhe|move: Aurora Veil\n|upkeep\n|\n|t:|1776298892\n|switch|p2a: Pelipper|Pelipper, L50, M|72/100\n|-weather|RainDance|[from] ability: Drizzle|[of] p2a: Pelipper\n|turn|6\n|\n|t:|1776298906\n|switch|p1b: Kingambit|Kingambit, L50, M|100/100\n|move|p2b: Basculegion|Flip Turn|p1b: Kingambit\n|-damage|p1b: Kingambit|61/100\n|\n|t:|1776298911\n|switch|p2b: Meganium|Meganium, L50, F|100/100|[from] Flip Turn\n|move|p2a: Pelipper|Hurricane|p1a: Araquanid\n|-supereffective|p1a: Araquanid|1\n|-damage|p1a: Araquanid|11/100\n|-start|p1a: Araquanid|confusion\n|-enditem|p1a: Araquanid|Sitrus Berry|[eat]\n|-heal|p1a: Araquanid|36/100|[from] item: Sitrus Berry\n|-activate|p1a: Araquanid|confusion\n|-damage|p1a: Araquanid|24/100|[from] confusion\n|\n|-weather|RainDance|[upkeep]\n|upkeep\n|turn|7\n|\n|t:|1776298934\n|detailschange|p2b: Meganium|Meganium-Mega, L50, F\n|-mega|p2b: Meganium|Meganium|Meganiumite\n|move|p2b: Meganium|Weather Ball|p1b: Kingambit\n|-supereffective|p1b: Kingambit|1\n|-damage|p1b: Kingambit|0 fnt\n|faint|p1b: Kingambit\n|move|p2a: Pelipper|Weather Ball|p1a: Araquanid\n|-resisted|p1a: Araquanid|1\n|-damage|p1a: Araquanid|0 fnt\n|faint|p1a: Araquanid\n|\n|-weather|RainDance|[upkeep]\n|upkeep\n|\n|t:|1776298942\n|switch|p1b: Froslass|Froslass-Mega, L50, F|100/100\n|-weather|Snowscape|[from] ability: Snow Warning|[of] p1b: Froslass\n|turn|8\n|\n|t:|1776298950\n|move|p2a: Pelipper|Wide Guard|p2a: Pelipper\n|-singleturn|p2a: Pelipper|Wide Guard\n|move|p1b: Froslass|Blizzard|p2a: Pelipper|[spread] \n|-activate|p2a: Pelipper|move: Wide Guard\n|-activate|p2b: Meganium|move: Wide Guard\n|move|p2b: Meganium|Weather Ball|p1b: Froslass\n|-supereffective|p1b: Froslass|1\n|-damage|p1b: Froslass|0 fnt\n|faint|p1b: Froslass\n|\n|win|chichinitz\n|raw|Ohfreckhe's rating: 1154 &rarr; <strong>1136</strong><br />(-18 for losing)\n|raw|chichinitz's rating: 1261 &rarr; <strong>1279</strong><br />(+18 for winning)\n|l|\u2606Ohfreckhe\n|player|p1|\n|c|\u2606chichinitz|gg\n",
  "uploadtime": 1776298964,
  "views": 22,
  "formatid": "gen9championsvgc2026regma",
  "rating": 1136,
  "private": 0,
  "password": null
}