{
  "id": "gen9championsvgc2026regma-2588219527",
  "format": "[Gen 9 Champions] VGC 2026 Reg M-A",
  "players": [
    "Elcamar1234",
    "Loafofgodlybread"
  ],
  "log": "|j|\u2606Elcamar1234\n|j|\u2606Loafofgodlybread\n|t:|1776615480\n|gametype|doubles\n|player|p1|Elcamar1234|2|1090\n|player|p2|Loafofgodlybread|grimsley|1105\n|gen|9\n|tier|[Gen 9 Champions] VGC 2026 Reg M-A\n|rated|\n|rule|Species Clause: Limit one of each Pok\u00e9mon\n|rule|Item Clause: Limit 1 of each item\n|clearpoke\n|poke|p1|Dragonite, L50, F|\n|poke|p1|Aegislash, L50, M|\n|poke|p1|Gyarados, L50, M, shiny|\n|poke|p1|Spiritomb, L50, M|\n|poke|p1|Infernape, L50, M|\n|poke|p1|Ninetales-Alola, L50, M|\n|poke|p2|Gengar, L50, M|\n|poke|p2|Politoed, L50, F|\n|poke|p2|Archaludon, L50, F|\n|poke|p2|Palafin, L50, F|\n|poke|p2|Incineroar, L50, F|\n|poke|p2|Sinistcha, L50|\n|teampreview|4\n|\n|t:|1776615527\n|teamsize|p1|4\n|teamsize|p2|4\n|start\n|switch|p1a: Infernape|Infernape, L50, M|100/100\n|switch|p1b: Aegislash|Aegislash, L50, M|100/100\n|switch|p2a: Forklift|Archaludon, L50, F|100/100\n|switch|p2b: You know him well|Incineroar, L50, F|100/100\n|-ability|p2b: You know him well|Intimidate|boost\n|-unboost|p1a: Infernape|atk|1\n|-unboost|p1b: Aegislash|atk|1\n|turn|1\n|\n|t:|1776615556\n|move|p2a: Forklift|Protect|p2a: Forklift\n|-singleturn|p2a: Forklift|Protect\n|move|p1a: Infernape|Upper Hand||[still]\n|-fail|p1a: Infernape\n|move|p2b: You know him well|Darkest Lariat|p1b: Aegislash\n|-supereffective|p1b: Aegislash|1\n|-damage|p1b: Aegislash|38/100\n|-enditem|p1b: Aegislash|Sitrus Berry|[eat]\n|-heal|p1b: Aegislash|63/100|[from] item: Sitrus Berry\n|-formechange|p1b: Aegislash|Aegislash-Blade|\n|move|p1b: Aegislash|Sacred Sword|p2a: Forklift\n|-activate|p2a: Forklift|move: Protect\n|\n|upkeep\n|turn|2\n|\n|t:|1776615584\n|switch|p2b: GULAG|Politoed, L50, F|100/100\n|-weather|RainDance|[from] ability: Drizzle|[of] p2b: GULAG\n|-formechange|p1b: Aegislash|Aegislash|\n|move|p1b: Aegislash|King's Shield|p1b: Aegislash\n|-singleturn|p1b: Aegislash|Protect\n|move|p1a: Infernape|Drain Punch|p2a: Forklift\n|-supereffective|p2a: Forklift|1\n|-damage|p2a: Forklift|63/100\n|-ability|p2a: Forklift|Stamina|boost\n|-boost|p2a: Forklift|def|1\n|move|p2a: Forklift|Electro Shot||[still]\n|-prepare|p2a: Forklift|Electro Shot\n|-boost|p2a: Forklift|spa|1\n|-anim|p2a: Forklift|Electro Shot|p1b: Aegislash\n|-activate|p1b: Aegislash|move: Protect\n|\n|-weather|RainDance|[upkeep]\n|upkeep\n|turn|3\n|\n|t:|1776615608\n|switch|p1b: Ninetales|Ninetales-Alola, L50, M|100/100\n|-weather|Snowscape|[from] ability: Snow Warning|[of] p1b: Ninetales\n|move|p1a: Infernape|Drain Punch|p2a: Forklift\n|-supereffective|p2a: Forklift|1\n|-damage|p2a: Forklift|32/100\n|-ability|p2a: Forklift|Stamina|boost\n|-boost|p2a: Forklift|def|1\n|move|p2a: Forklift|Electro Shot||[still]\n|-prepare|p2a: Forklift|Electro Shot\n|-boost|p2a: Forklift|spa|1\n|move|p2b: GULAG|Weather Ball|p1a: Infernape\n|-resisted|p1a: Infernape|1\n|-damage|p1a: Infernape|80/100\n|\n|-weather|Snowscape|[upkeep]\n|upkeep\n|turn|4\n|\n|t:|1776615639\n|switch|p2b: You know him well|Incineroar, L50, F|100/100\n|-ability|p2b: You know him well|Intimidate|boost\n|-unboost|p1a: Infernape|atk|1\n|-unboost|p1b: Ninetales|atk|1\n|move|p1b: Ninetales|Icy Wind|p2a: Forklift|[spread] p2a,p2b\n|-resisted|p2b: You know him well|1\n|-damage|p2a: Forklift|14/100\n|-damage|p2b: You know him well|95/100\n|-unboost|p2a: Forklift|spe|1\n|-unboost|p2b: You know him well|spe|1\n|-ability|p2a: Forklift|Stamina|boost\n|-boost|p2a: Forklift|def|1\n|move|p1a: Infernape|Drain Punch|p2a: Forklift\n|-supereffective|p2a: Forklift|1\n|-damage|p2a: Forklift|0 fnt\n|-heal|p1a: Infernape|88/100|[from] drain|[of] p2a: Forklift\n|faint|p2a: Forklift\n|\n|-weather|Snowscape|[upkeep]\n|upkeep\n|\n|t:|1776615651\n|switch|p2a: GULAG|Politoed, L50, F|100/100\n|-weather|RainDance|[from] ability: Drizzle|[of] p2a: GULAG\n|turn|5\n|\n|t:|1776615689\n|switch|p1a: Gyarados|Gyarados, L50, M, shiny|100/100\n|-ability|p1a: Gyarados|Intimidate|boost\n|-unboost|p2a: GULAG|atk|1\n|-unboost|p2b: You know him well|atk|1\n|move|p1b: Ninetales|Icy Wind|p2a: GULAG|[spread] p2a,p2b\n|-resisted|p2a: GULAG|1\n|-resisted|p2b: You know him well|1\n|-damage|p2a: GULAG|94/100\n|-damage|p2b: You know him well|89/100\n|-unboost|p2a: GULAG|spe|1\n|-unboost|p2b: You know him well|spe|1\n|move|p2a: GULAG|Weather Ball|p1a: Gyarados\n|-resisted|p1a: Gyarados|1\n|-damage|p1a: Gyarados|63/100\n|move|p2b: You know him well|Parting Shot|p1b: Ninetales\n|-unboost|p1b: Ninetales|atk|1\n|-unboost|p1b: Ninetales|spa|1\n|\n|t:|1776615701\n|switch|p2b: Heart Stopper|Gengar, L50, M|100/100|[from] Parting Shot\n|\n|-weather|RainDance|[upkeep]\n|-heal|p2a: GULAG|100/100|[from] item: Leftovers\n|upkeep\n|turn|6\n|\n|t:|1776615732\n|detailschange|p2b: Heart Stopper|Gengar-Mega, L50, M\n|-mega|p2b: Heart Stopper|Gengar|Gengarite\n|detailschange|p1a: Gyarados|Gyarados-Mega, L50, M, shiny\n|-mega|p1a: Gyarados|Gyarados|Gyaradosite\n|-ability|p1a: Gyarados|Mold Breaker\n|move|p2b: Heart Stopper|Protect|p2b: Heart Stopper\n|-singleturn|p2b: Heart Stopper|Protect\n|move|p1a: Gyarados|Protect|p1a: Gyarados\n|-singleturn|p1a: Gyarados|Protect\n|move|p1b: Ninetales|Icy Wind|p2b: Heart Stopper|[spread] p2a\n|-activate|p2b: Heart Stopper|move: Protect\n|-resisted|p2a: GULAG|1\n|-crit|p2a: GULAG\n|-damage|p2a: GULAG|90/100\n|-unboost|p2a: GULAG|spe|1\n|move|p2a: GULAG|Weather Ball|p1a: Gyarados\n|-activate|p1a: Gyarados|move: Protect\n|\n|-weather|RainDance|[upkeep]\n|-heal|p2a: GULAG|96/100|[from] item: Leftovers\n|upkeep\n|turn|7\n|\n|t:|1776615778\n|switch|p2b: You know him well|Incineroar, L50, F|89/100\n|-ability|p2b: You know him well|Intimidate|boost\n|-unboost|p1a: Gyarados|atk|1\n|-unboost|p1b: Ninetales|atk|1\n|move|p1b: Ninetales|Protect|p1b: Ninetales\n|-singleturn|p1b: Ninetales|Protect\n|move|p1a: Gyarados|Crunch|p2b: You know him well\n|-resisted|p2b: You know him well|1\n|-damage|p2b: You know him well|74/100\n|move|p2a: GULAG|Weather Ball|p1b: Ninetales\n|-activate|p1b: Ninetales|move: Protect\n|\n|-weather|RainDance|[upkeep]\n|-heal|p2a: GULAG|100/100|[from] item: Leftovers\n|upkeep\n|turn|8\n|-activate|p1b: Ninetales|item: Quick Claw\n|\n|t:|1776615801\n|move|p2b: You know him well|Fake Out|p1a: Gyarados\n|-damage|p1a: Gyarados|52/100\n|move|p1b: Ninetales|Draining Kiss|p2b: You know him well\n|-damage|p2b: You know him well|63/100\n|cant|p1a: Gyarados|flinch\n|move|p2a: GULAG|Weather Ball|p1b: Ninetales\n|-damage|p1b: Ninetales|24/100\n|\n|-weather|RainDance|[upkeep]\n|upkeep\n|turn|9\n|\n|t:|1776615830\n|move|p1b: Ninetales|Freeze-Dry|p2a: GULAG\n|-supereffective|p2a: GULAG|1\n|-damage|p2a: GULAG|69/100\n|move|p1a: Gyarados|Dragon Dance|p1a: Gyarados\n|-boost|p1a: Gyarados|atk|1\n|-boost|p1a: Gyarados|spe|1\n|move|p2b: You know him well|Darkest Lariat|p1a: Gyarados\n|-resisted|p1a: Gyarados|1\n|-damage|p1a: Gyarados|34/100\n|move|p2a: GULAG|Weather Ball|p1a: Gyarados\n|-resisted|p1a: Gyarados|1\n|-damage|p1a: Gyarados|8/100\n|\n|-weather|none\n|-heal|p2a: GULAG|75/100|[from] item: Leftovers\n|upkeep\n|turn|10\n|\n|t:|1776615862\n|move|p1a: Gyarados|Protect|p1a: Gyarados\n|-singleturn|p1a: Gyarados|Protect\n|move|p1b: Ninetales|Freeze-Dry|p2a: GULAG\n|-supereffective|p2a: GULAG|1\n|-damage|p2a: GULAG|41/100\n|move|p2b: You know him well|Parting Shot|p1b: Ninetales\n|-unboost|p1b: Ninetales|atk|1\n|-unboost|p1b: Ninetales|spa|1\n|\n|t:|1776615871\n|switch|p2b: Heart Stopper|Gengar-Mega, L50, M|100/100|[from] Parting Shot\n|move|p2a: GULAG|Icy Wind|p1b: Ninetales|[spread] p1b\n|-activate|p1a: Gyarados|move: Protect\n|-resisted|p1b: Ninetales|1\n|-damage|p1b: Ninetales|18/100\n|-unboost|p1b: Ninetales|spe|1\n|\n|-heal|p2a: GULAG|47/100|[from] item: Leftovers\n|upkeep\n|turn|11\n|\n|t:|1776615904\n|switch|p2a: You know him well|Incineroar, L50, F|63/100\n|-ability|p2a: You know him well|Intimidate|boost\n|-unboost|p1a: Gyarados|atk|1\n|-unboost|p1b: Ninetales|atk|1\n|move|p1a: Gyarados|Crunch|p2b: Heart Stopper\n|-supereffective|p2b: Heart Stopper|1\n|-damage|p2b: Heart Stopper|31/100\n|move|p2b: Heart Stopper|Shadow Ball|p1a: Gyarados\n|-resisted|p1a: Gyarados|1\n|-damage|p1a: Gyarados|0 fnt\n|faint|p1a: Gyarados\n|move|p1b: Ninetales|Freeze-Dry|p2a: You know him well\n|-resisted|p2a: You know him well|1\n|-damage|p2a: You know him well|58/100\n|\n|upkeep\n|\n|t:|1776615932\n|switch|p1a: Infernape|Infernape, L50, M|88/100\n|turn|12\n|\n|t:|1776615961\n|move|p1b: Ninetales|Protect|p1b: Ninetales\n|-singleturn|p1b: Ninetales|Protect\n|move|p2a: You know him well|Protect|p2a: You know him well\n|-singleturn|p2a: You know him well|Protect\n|move|p1a: Infernape|Upper Hand||[still]\n|-fail|p1a: Infernape\n|move|p2b: Heart Stopper|Shadow Ball|p1b: Ninetales\n|-activate|p1b: Ninetales|move: Protect\n|\n|upkeep\n|turn|13\n|\n|t:|1776615982\n|switch|p2a: GULAG|Politoed, L50, F|47/100\n|-weather|RainDance|[from] ability: Drizzle|[of] p2a: GULAG\n|move|p2b: Heart Stopper|Shadow Ball|p1b: Ninetales\n|-damage|p1b: Ninetales|0 fnt\n|faint|p1b: Ninetales\n|move|p1a: Infernape|Drain Punch|p2a: GULAG\n|-damage|p2a: GULAG|4/100\n|-heal|p1a: Infernape|100/100|[from] drain|[of] p2a: GULAG\n|\n|-weather|RainDance|[upkeep]\n|-heal|p2a: GULAG|10/100|[from] item: Leftovers\n|upkeep\n|\n|t:|1776615996\n|switch|p1b: Aegislash|Aegislash, L50, M|63/100\n|turn|14\n|\n|t:|1776616026\n|move|p2b: Heart Stopper|Protect|p2b: Heart Stopper\n|-singleturn|p2b: Heart Stopper|Protect\n|move|p1a: Infernape|Thunder Punch|p2a: GULAG\n|-supereffective|p2a: GULAG|1\n|-damage|p2a: GULAG|0 fnt\n|faint|p2a: GULAG\n|-formechange|p1b: Aegislash|Aegislash-Blade|\n|move|p1b: Aegislash|Iron Head|p2b: Heart Stopper\n|-activate|p2b: Heart Stopper|move: Protect\n|\n|-weather|RainDance|[upkeep]\n|upkeep\n|\n|t:|1776616031\n|switch|p2a: You know him well|Incineroar, L50, F|58/100\n|-ability|p2a: You know him well|Intimidate|boost\n|-unboost|p1a: Infernape|atk|1\n|-unboost|p1b: Aegislash|atk|1\n|turn|15\n|\n|t:|1776616056\n|-formechange|p1b: Aegislash|Aegislash|\n|move|p1b: Aegislash|King's Shield|p1b: Aegislash\n|-singleturn|p1b: Aegislash|Protect\n|move|p1a: Infernape|Upper Hand||[still]\n|-fail|p1a: Infernape\n|move|p2b: Heart Stopper|Shadow Ball|p1a: Infernape\n|-damage|p1a: Infernape|30/100\n|move|p2a: You know him well|Darkest Lariat|p1b: Aegislash\n|-activate|p1b: Aegislash|move: Protect\n|-unboost|p2a: You know him well|atk|1\n|\n|-weather|RainDance|[upkeep]\n|upkeep\n|turn|16\n|\n|t:|1776616079\n|move|p2b: Heart Stopper|Shadow Ball|p1a: Infernape\n|-damage|p1a: Infernape|0 fnt\n|faint|p1a: Infernape\n|-formechange|p1b: Aegislash|Aegislash-Blade|\n|move|p1b: Aegislash|Sacred Sword|p2a: You know him well\n|-supereffective|p2a: You know him well|1\n|-damage|p2a: You know him well|13/100\n|-enditem|p2a: You know him well|Sitrus Berry|[eat]\n|-heal|p2a: You know him well|38/100|[from] item: Sitrus Berry\n|move|p2a: You know him well|Darkest Lariat|p1b: Aegislash\n|-supereffective|p1b: Aegislash|1\n|-damage|p1b: Aegislash|0 fnt\n|faint|p1b: Aegislash\n|\n|win|Loafofgodlybread\n|raw|Elcamar1234's rating: 1090 &rarr; <strong>1068</strong><br />(-22 for losing)\n|raw|Loafofgodlybread's rating: 1105 &rarr; <strong>1129</strong><br />(+24 for winning)\n",
  "uploadtime": 1776616090,
  "views": 10,
  "formatid": "gen9championsvgc2026regma",
  "rating": 1068,
  "private": 0,
  "password": null
}