{
  "id": "gen9championsvgc2026regma-2585152109",
  "format": "[Gen 9 Champions] VGC 2026 Reg M-A",
  "players": [
    "Pinnecks",
    "turtle100000000"
  ],
  "log": "|j|\u2606Pinnecks\n|j|\u2606turtle100000000\n|t:|1776318201\n|gametype|doubles\n|player|p1|Pinnecks|lyra|1090\n|player|p2|turtle100000000|102|1168\n|gen|9\n|tier|[Gen 9 Champions] VGC 2026 Reg M-A\n|rated|\n|rule|Species Clause: Limit one of each Pok\u00e9mon\n|rule|Item Clause: Limit 1 of each item\n|clearpoke\n|poke|p1|Aerodactyl, L50, M|\n|poke|p1|Altaria, L50, M|\n|poke|p1|Milotic, L50, F|\n|poke|p1|Aegislash, L50, F|\n|poke|p1|Salazzle, L50, F|\n|poke|p1|Raichu-Alola, L50, F|\n|poke|p2|Froslass, L50, F|\n|poke|p2|Milotic, L50, M|\n|poke|p2|Rotom-Frost, L50|\n|poke|p2|Incineroar, L50, F|\n|poke|p2|Aerodactyl, L50, M|\n|poke|p2|Sneasler, L50, F|\n|teampreview|4\n|inactive|Battle timer is ON: inactive players will automatically lose when time's up. (requested by Pinnecks)\n|\n|t:|1776318240\n|teamsize|p1|4\n|teamsize|p2|4\n|start\n|switch|p1a: Aerodactyl|Aerodactyl, L50, M|100/100\n|switch|p1b: Raichu|Raichu-Alola, L50, F|100/100\n|switch|p2a: Aerodactyl|Aerodactyl, L50, M|100/100\n|switch|p2b: Froslass|Froslass, L50, F|100/100\n|-ability|p1a: Aerodactyl|Unnerve\n|turn|1\n|\n|t:|1776318255\n|move|p2b: Froslass|Protect|p2b: Froslass\n|-singleturn|p2b: Froslass|Protect\n|move|p1b: Raichu|Fake Out|p2a: Aerodactyl\n|-resisted|p2a: Aerodactyl|1\n|-damage|p2a: Aerodactyl|95/100\n|move|p1a: Aerodactyl|Rock Slide|p2b: Froslass|[spread] p2a\n|-activate|p2b: Froslass|move: Protect\n|-supereffective|p2a: Aerodactyl|1\n|-damage|p2a: Aerodactyl|13/100\n|cant|p2a: Aerodactyl|flinch\n|\n|upkeep\n|turn|2\n|inactive|Pinnecks has 30 seconds left.\n|\n|t:|1776318286\n|detailschange|p2b: Froslass|Froslass-Mega, L50, F\n|-mega|p2b: Froslass|Froslass|Froslassite\n|-weather|Snowscape|[from] ability: Snow Warning|[of] p2b: Froslass\n|move|p1a: Aerodactyl|Rock Slide|p2a: Aerodactyl|[spread] p2a\n|-miss|p1a: Aerodactyl|p2b: Froslass\n|-supereffective|p2a: Aerodactyl|1\n|-damage|p2a: Aerodactyl|0 fnt\n|faint|p2a: Aerodactyl\n|move|p2b: Froslass|Blizzard|p1b: Raichu|[spread] p1a,p1b\n|-supereffective|p1a: Aerodactyl|1\n|-crit|p1b: Raichu\n|-enditem|p1a: Aerodactyl|Focus Sash\n|-damage|p1a: Aerodactyl|1/100\n|-damage|p1b: Raichu|23/100\n|-status|p1a: Aerodactyl|frz\n|move|p1b: Raichu|Thunderbolt|p2b: Froslass\n|-damage|p2b: Froslass|64/100\n|\n|-weather|Snowscape|[upkeep]\n|upkeep\n|\n|t:|1776318304\n|switch|p2a: Sneasler|Sneasler, L50, F|100/100\n|turn|3\n|\n|t:|1776318323\n|-curestatus|p1a: Aerodactyl|frz|[msg]\n|move|p1a: Aerodactyl|Protect|p1a: Aerodactyl\n|-singleturn|p1a: Aerodactyl|Protect\n|move|p2a: Sneasler|Fake Out|p1b: Raichu\n|-damage|p1b: Raichu|0 fnt\n|faint|p1b: Raichu\n|move|p2b: Froslass|Nasty Plot|p2b: Froslass\n|-boost|p2b: Froslass|spa|2\n|\n|-weather|Snowscape|[upkeep]\n|upkeep\n|\n|t:|1776318336\n|switch|p1b: Altaria|Altaria, L50, M, shiny|100/100\n|-ability|p1b: Altaria|Cloud Nine\n|turn|4\n|\n|t:|1776318354\n|move|p2b: Froslass|Protect|p2b: Froslass\n|-singleturn|p2b: Froslass|Protect\n|move|p1a: Aerodactyl|Rock Slide|p2a: Sneasler|[spread] p2a\n|-activate|p2b: Froslass|move: Protect\n|-resisted|p2a: Sneasler|1\n|-damage|p2a: Sneasler|78/100\n|cant|p2a: Sneasler|flinch\n|move|p1b: Altaria|Flamethrower|p2b: Froslass\n|-activate|p2b: Froslass|move: Protect\n|\n|-weather|Snowscape|[upkeep]\n|upkeep\n|turn|5\n|inactive|Pinnecks has 30 seconds left.\n|\n|t:|1776318380\n|switch|p2b: Milotic|Milotic, L50, M|100/100\n|move|p1b: Altaria|Protect|p1b: Altaria\n|-singleturn|p1b: Altaria|Protect\n|move|p1a: Aerodactyl|Dual Wingbeat|p2a: Sneasler\n|-supereffective|p2a: Sneasler|1\n|-damage|p2a: Sneasler|11/100\n|-supereffective|p2a: Sneasler|1\n|-damage|p2a: Sneasler|0 fnt\n|faint|p2a: Sneasler\n|-hitcount|p2: Sneasler|2\n|\n|-weather|Snowscape|[upkeep]\n|upkeep\n|\n|t:|1776318391\n|switch|p2a: Froslass|Froslass-Mega, L50, F|64/100\n|turn|6\n|\n|t:|1776318404\n|detailschange|p1b: Altaria|Altaria-Mega, L50, M, shiny\n|-mega|p1b: Altaria|Altaria|Altarianite\n|move|p1a: Aerodactyl|Protect|p1a: Aerodactyl\n|-singleturn|p1a: Aerodactyl|Protect\n|move|p2a: Froslass|Protect|p2a: Froslass\n|-singleturn|p2a: Froslass|Protect\n|move|p1b: Altaria|Flamethrower|p2a: Froslass\n|-activate|p2a: Froslass|move: Protect\n|move|p2b: Milotic|Icy Wind|p1a: Aerodactyl|[spread] p1b\n|-activate|p1a: Aerodactyl|move: Protect\n|-supereffective|p1b: Altaria|1\n|-damage|p1b: Altaria|74/100\n|-unboost|p1b: Altaria|spe|1\n|\n|-weather|none\n|upkeep\n|turn|7\n|\n|t:|1776318426\n|move|p2a: Froslass|Protect|p2a: Froslass\n|-singleturn|p2a: Froslass|Protect\n|move|p1a: Aerodactyl|Tailwind|p1a: Aerodactyl\n|-sidestart|p1: Pinnecks|move: Tailwind\n|move|p1b: Altaria|Flamethrower|p2a: Froslass\n|-activate|p2a: Froslass|move: Protect\n|move|p2b: Milotic|Icy Wind|p1a: Aerodactyl|[spread] p1a,p1b\n|-supereffective|p1a: Aerodactyl|1\n|-supereffective|p1b: Altaria|1\n|-damage|p1a: Aerodactyl|0 fnt\n|-damage|p1b: Altaria|47/100\n|-unboost|p1b: Altaria|spe|1\n|faint|p1a: Aerodactyl\n|\n|upkeep\n|\n|t:|1776318442\n|switch|p1a: Milotic|Milotic, L50, F|100/100\n|turn|8\n|\n|t:|1776318458\n|move|p2a: Froslass|Protect||[still]\n|-fail|p2a: Froslass\n|move|p1a: Milotic|Scald|p2a: Froslass\n|-damage|p2a: Froslass|17/100\n|move|p1b: Altaria|Hyper Voice|p2a: Froslass|[spread] p2a,p2b\n|-damage|p2a: Froslass|0 fnt\n|-damage|p2b: Milotic|70/100\n|faint|p2a: Froslass\n|move|p2b: Milotic|Icy Wind|p1a: Milotic|[spread] p1a,p1b\n|-resisted|p1a: Milotic|1\n|-crit|p1a: Milotic\n|-supereffective|p1b: Altaria|1\n|-damage|p1a: Milotic|94/100\n|-damage|p1b: Altaria|22/100\n|-unboost|p1a: Milotic|spe|1\n|-ability|p1a: Milotic|Competitive|boost\n|-boost|p1a: Milotic|spa|2\n|-unboost|p1b: Altaria|spe|1\n|\n|-heal|p1a: Milotic|99/100|[from] item: Leftovers\n|-heal|p2b: Milotic|75/100|[from] item: Leftovers\n|upkeep\n|turn|9\n|-message|turtle100000000 forfeited.\n|\n|win|Pinnecks\n|raw|Pinnecks's rating: 1090 &rarr; <strong>1122</strong><br />(+32 for winning)\n|raw|turtle100000000's rating: 1168 &rarr; <strong>1137</strong><br />(-31 for losing)\n|l|\u2606turtle100000000\n|player|p2|\n",
  "uploadtime": 1776318479,
  "views": 27,
  "formatid": "gen9championsvgc2026regma",
  "rating": 1122,
  "private": 0,
  "password": null
}