{
  "id": "gen9championsvgc2026regma-2588886362",
  "format": "[Gen 9 Champions] VGC 2026 Reg M-A",
  "players": [
    "annaheavyrocks",
    "SemperTsunderes"
  ],
  "log": "|j|\u2606annaheavyrocks\n|j|\u2606SemperTsunderes\n|t:|1776682465\n|gametype|doubles\n|player|p1|annaheavyrocks|caitlin|1040\n|player|p2|SemperTsunderes|clair|1108\n|gen|9\n|tier|[Gen 9 Champions] VGC 2026 Reg M-A\n|rated|\n|rule|Species Clause: Limit one of each Pok\u00e9mon\n|rule|Item Clause: Limit 1 of each item\n|clearpoke\n|poke|p1|Lopunny, L50, F|\n|poke|p1|Aegislash, L50, M|\n|poke|p1|Liepard, L50, M|\n|poke|p1|Volcarona, L50, M|\n|poke|p1|Sinistcha, L50|\n|poke|p1|Primarina, L50, F, shiny|\n|poke|p2|Charizard, L50, F|\n|poke|p2|Venusaur, L50, F|\n|poke|p2|Garchomp, L50, M|\n|poke|p2|Aegislash, L50, M|\n|poke|p2|Aerodactyl, L50, M|\n|poke|p2|Primarina, L50, M|\n|teampreview|4\n|\n|t:|1776682483\n|teamsize|p1|4\n|teamsize|p2|4\n|start\n|switch|p1a: Liepard|Liepard, L50, M|100/100\n|switch|p1b: Volcarona|Volcarona, L50, M|100/100\n|switch|p2a: Aerodactyl|Aerodactyl, L50, M|100/100\n|switch|p2b: Garchomp|Garchomp, L50, M|100/100\n|-ability|p2a: Aerodactyl|Unnerve\n|turn|1\n|\n|t:|1776682491\n|move|p1a: Liepard|Fake Out|p2a: Aerodactyl\n|-resisted|p2a: Aerodactyl|1\n|-damage|p2a: Aerodactyl|92/100\n|cant|p2a: Aerodactyl|flinch\n|move|p2b: Garchomp|Earthquake|p1a: Liepard|[spread] p1a,p1b\n|-immune|p2a: Aerodactyl\n|-damage|p1a: Liepard|3/100\n|-damage|p1b: Volcarona|66/100\n|move|p1b: Volcarona|Tailwind|p1b: Volcarona\n|-sidestart|p1: annaheavyrocks|move: Tailwind\n|\n|-heal|p1b: Volcarona|72/100|[from] item: Leftovers\n|upkeep\n|turn|2\n|\n|t:|1776682511\n|move|p1b: Volcarona|Protect|p1b: Volcarona\n|-singleturn|p1b: Volcarona|Protect\n|move|p1a: Liepard|Taunt|p2a: Aerodactyl\n|-start|p2a: Aerodactyl|move: Taunt\n|cant|p2a: Aerodactyl|move: Taunt|Tailwind\n|move|p2b: Garchomp|Earthquake|p1b: Volcarona|[spread] p1a\n|-activate|p1b: Volcarona|move: Protect\n|-immune|p2a: Aerodactyl\n|-damage|p1a: Liepard|0 fnt\n|faint|p1a: Liepard\n|\n|-heal|p1b: Volcarona|79/100|[from] item: Leftovers\n|upkeep\n|\n|t:|1776682518\n|switch|p1a: Lopunny|Lopunny, L50, F|100/100\n|turn|3\n|\n|t:|1776682528\n|switch|p1b: Primarina|Primarina, L50, F, shiny|100/100\n|detailschange|p1a: Lopunny|Lopunny-Mega, L50, F\n|-mega|p1a: Lopunny|Lopunny|Lopunnite\n|move|p1a: Lopunny|Triple Axel|p2b: Garchomp\n|-supereffective|p2b: Garchomp|2\n|-damage|p2b: Garchomp|68/100\n|-supereffective|p2b: Garchomp|2\n|-damage|p2b: Garchomp|7/100\n|-supereffective|p2b: Garchomp|2\n|-damage|p2b: Garchomp|0 fnt\n|faint|p2b: Garchomp\n|-hitcount|p2: Garchomp|3\n|move|p2a: Aerodactyl|Rock Slide|p1a: Lopunny|[spread] p1a,p1b\n|-resisted|p1a: Lopunny|1\n|-damage|p1a: Lopunny|79/100\n|-damage|p1b: Primarina|75/100\n|\n|upkeep\n|\n|t:|1776682543\n|switch|p2b: Venusaur|Venusaur, L50, F|100/100\n|turn|4\n|\n|t:|1776682557\n|move|p1a: Lopunny|Triple Axel|p2b: Venusaur\n|-supereffective|p2b: Venusaur|1\n|-damage|p2b: Venusaur|80/100\n|-supereffective|p2b: Venusaur|1\n|-damage|p2b: Venusaur|37/100\n|-enditem|p2b: Venusaur|Sitrus Berry|[eat]\n|-heal|p2b: Venusaur|62/100|[from] item: Sitrus Berry\n|-supereffective|p2b: Venusaur|1\n|-damage|p2b: Venusaur|0 fnt\n|faint|p2b: Venusaur\n|-hitcount|p2: Venusaur|3\n|move|p2a: Aerodactyl|Iron Head|p1b: Primarina\n|-damage|p1b: Primarina|54/100\n|move|p1b: Primarina|Hyper Voice|p2a: Aerodactyl\n|-supereffective|p2a: Aerodactyl|1\n|-damage|p2a: Aerodactyl|0 fnt\n|faint|p2a: Aerodactyl\n|\n|-sideend|p1: annaheavyrocks|move: Tailwind\n|upkeep\n|\n|t:|1776682571\n|switch|p2b: Charizard|Charizard, L50, F|100/100\n|turn|5\n|\n|t:|1776682576\n|detailschange|p2b: Charizard|Charizard-Mega-Y, L50, F\n|-mega|p2b: Charizard|Charizard|Charizardite Y\n|-weather|SunnyDay|[from] ability: Drought|[of] p2b: Charizard\n|move|p1a: Lopunny|Thunder Punch|p2b: Charizard\n|-supereffective|p2b: Charizard|1\n|-damage|p2b: Charizard|19/100\n|move|p2b: Charizard|Solar Beam||[still]\n|-prepare|p2b: Charizard|Solar Beam\n|-anim|p2b: Charizard|Solar Beam|p1b: Primarina\n|-supereffective|p1b: Primarina|1\n|-damage|p1b: Primarina|0 fnt\n|faint|p1b: Primarina\n|\n|-weather|SunnyDay|[upkeep]\n|upkeep\n|\n|t:|1776682587\n|switch|p1b: Volcarona|Volcarona, L50, M|79/100\n|turn|6\n|\n|t:|1776682591\n|move|p1a: Lopunny|Thunder Punch|p2b: Charizard\n|-supereffective|p2b: Charizard|1\n|-damage|p2b: Charizard|0 fnt\n|faint|p2b: Charizard\n|\n|win|annaheavyrocks\n|raw|annaheavyrocks's rating: 1040 &rarr; <strong>1081</strong><br />(+41 for winning)\n|raw|SemperTsunderes's rating: 1108 &rarr; <strong>1078</strong><br />(-30 for losing)\n|l|\u2606SemperTsunderes\n|player|p2|\n",
  "uploadtime": 1776682595,
  "views": 9,
  "formatid": "gen9championsvgc2026regma",
  "rating": 1078,
  "private": 0,
  "password": null
}