{
  "id": "gen9championsvgc2026regma-2580959258",
  "format": "[Gen 9 Champions] VGC 2026 Reg M-A",
  "players": [
    "ets123456",
    "exists.jpg"
  ],
  "log": "|j|\u2606ets123456\n|j|\u2606exists.jpg\n|t:|1775946773\n|gametype|doubles\n|player|p1|ets123456|170|1044\n|player|p2|exists.jpg|1|1085\n|gen|9\n|tier|[Gen 9 Champions] VGC 2026 Reg M-A\n|rated|\n|rule|Species Clause: Limit one of each Pok\u00e9mon\n|rule|Item Clause: Limit 1 of each item\n|clearpoke\n|poke|p1|Meganium, L50, F|\n|poke|p1|Sneasler, L50, F|\n|poke|p1|Ninetales-Alola, L50, M|\n|poke|p1|Incineroar, L50, F|\n|poke|p1|Garganacl, L50, M|\n|poke|p1|Ceruledge, L50, F|\n|poke|p2|Hawlucha, L50, F|\n|poke|p2|Kingambit, L50, M|\n|poke|p2|Zoroark-Hisui, L50, M|\n|poke|p2|Incineroar, L50, F|\n|poke|p2|Pelipper, L50, F|\n|poke|p2|Sinistcha, L50|\n|teampreview|4\n|\n|t:|1775946795\n|teamsize|p1|4\n|teamsize|p2|4\n|start\n|switch|p1a: Meganium|Meganium, L50, F|100/100\n|switch|p1b: Ninetales|Ninetales-Alola, L50, M|100/100\n|switch|p2a: The Brawn|Hawlucha, L50, F|100/100\n|switch|p2b: The Brains|Incineroar, L50, F|100/100\n|-weather|Snowscape|[from] ability: Snow Warning|[of] p1b: Ninetales\n|-ability|p2a: The Brawn|Mold Breaker\n|-ability|p2b: The Brains|Intimidate|boost\n|-unboost|p1a: Meganium|atk|1\n|-unboost|p1b: Ninetales|atk|1\n|turn|1\n|\n|t:|1775946808\n|detailschange|p2a: The Brawn|Hawlucha-Mega, L50, F\n|-mega|p2a: The Brawn|Hawlucha|Hawluchanite\n|detailschange|p1a: Meganium|Meganium-Mega, L50, F\n|-mega|p1a: Meganium|Meganium|Meganiumite\n|move|p2b: The Brains|Fake Out|p1a: Meganium\n|-damage|p1a: Meganium|87/100\n|move|p1b: Ninetales|Aurora Veil|p1b: Ninetales\n|-sidestart|p1: ets123456|move: Aurora Veil\n|move|p2a: The Brawn|Brave Bird|p1a: Meganium\n|-supereffective|p1a: Meganium|1\n|-damage|p1a: Meganium|5/100\n|-damage|p2a: The Brawn|69/100|[from] Recoil\n|cant|p1a: Meganium|flinch\n|\n|-weather|Snowscape|[upkeep]\n|upkeep\n|turn|2\n|\n|t:|1775946846\n|move|p1b: Ninetales|Draining Kiss|p2a: The Brawn\n|-supereffective|p2a: The Brawn|1\n|-damage|p2a: The Brawn|30/100\n|move|p2a: The Brawn|Brave Bird|p1a: Meganium\n|-supereffective|p1a: Meganium|1\n|-damage|p1a: Meganium|0 fnt\n|faint|p1a: Meganium\n|-damage|p2a: The Brawn|28/100|[from] Recoil\n|move|p2b: The Brains|Parting Shot|p1b: Ninetales\n|-unboost|p1b: Ninetales|atk|1\n|-unboost|p1b: Ninetales|spa|1\n|\n|t:|1775946859\n|switch|p2b: Starry|Sinistcha, L50|100/100|[from] Parting Shot\n|-heal|p2a: The Brawn|53/100|[from] ability: Hospitality|[of] p2b: Starry\n|\n|-weather|Snowscape|[upkeep]\n|upkeep\n|\n|t:|1775946867\n|switch|p1a: Incineroar|Incineroar, L50, F|100/100\n|-ability|p1a: Incineroar|Intimidate|boost\n|-unboost|p2a: The Brawn|atk|1\n|-unboost|p2b: Starry|atk|1\n|turn|3\n|\n|t:|1775946877\n|switch|p2b: All-In|Kingambit, L50, M|100/100\n|move|p1a: Incineroar|Fake Out|p2a: The Brawn\n|-damage|p2a: The Brawn|39/100\n|move|p1b: Ninetales|Draining Kiss|p2a: The Brawn\n|-supereffective|p2a: The Brawn|1\n|-crit|p2a: The Brawn\n|-damage|p2a: The Brawn|0 fnt\n|faint|p2a: The Brawn\n|\n|-weather|Snowscape|[upkeep]\n|upkeep\n|\n|t:|1775946886\n|switch|p2a: The Brains|Incineroar, L50, F|100/100\n|-ability|p2a: The Brains|Intimidate|boost\n|-unboost|p1a: Incineroar|atk|1\n|-unboost|p1b: Ninetales|atk|1\n|turn|4\n|\n|t:|1775946905\n|move|p2a: The Brains|Fake Out|p1a: Incineroar\n|-damage|p1a: Incineroar|93/100\n|move|p1b: Ninetales|Draining Kiss|p2b: All-In\n|-damage|p2b: All-In|90/100\n|cant|p1a: Incineroar|flinch\n|move|p2b: All-In|Iron Head|p1b: Ninetales\n|-supereffective|p1b: Ninetales|2\n|-enditem|p1b: Ninetales|Focus Sash\n|-damage|p1b: Ninetales|1/100\n|\n|-weather|Snowscape|[upkeep]\n|-heal|p1a: Incineroar|99/100|[from] item: Leftovers\n|upkeep\n|turn|5\n|\n|t:|1775946936\n|switch|p2a: Starry|Sinistcha, L50|100/100\n|-heal|p2b: All-In|100/100|[from] ability: Hospitality|[of] p2a: Starry\n|move|p2b: All-In|Sucker Punch|p1b: Ninetales\n|-resisted|p1b: Ninetales|1\n|-damage|p1b: Ninetales|0 fnt\n|faint|p1b: Ninetales\n|move|p1a: Incineroar|Flare Blitz|p2b: All-In\n|-supereffective|p2b: All-In|1\n|-damage|p2b: All-In|53/100\n|-damage|p1a: Incineroar|83/100|[from] Recoil\n|\n|-weather|none\n|-heal|p1a: Incineroar|89/100|[from] item: Leftovers\n|-sideend|p1: ets123456|move: Aurora Veil\n|upkeep\n|\n|t:|1775946942\n|switch|p1b: Garganacl|Garganacl, L50, M|100/100\n|turn|6\n|\n|t:|1775946959\n|switch|p2b: The Brains|Incineroar, L50, F|100/100\n|-ability|p2b: The Brains|Intimidate|boost\n|-unboost|p1a: Incineroar|atk|1\n|-unboost|p1b: Garganacl|atk|1\n|move|p2a: Starry|Matcha Gotcha|p1a: Incineroar|[spread] p1b\n|-miss|p2a: Starry|p1a: Incineroar\n|-supereffective|p1b: Garganacl|1\n|-crit|p1b: Garganacl\n|-damage|p1b: Garganacl|34/100\n|-enditem|p1b: Garganacl|Sitrus Berry|[eat]\n|-heal|p1b: Garganacl|59/100|[from] item: Sitrus Berry\n|move|p1a: Incineroar|Flare Blitz|p2a: Starry\n|-supereffective|p2a: Starry|1\n|-damage|p2a: Starry|53/100\n|-damage|p1a: Incineroar|75/100|[from] Recoil\n|move|p1b: Garganacl|Iron Defense|p1b: Garganacl\n|-boost|p1b: Garganacl|def|2\n|\n|-heal|p2a: Starry|59/100|[from] item: Leftovers\n|-heal|p1a: Incineroar|81/100|[from] item: Leftovers\n|upkeep\n|turn|7\n|\n|t:|1775946982\n|move|p2b: The Brains|Fake Out|p1b: Garganacl\n|-resisted|p1b: Garganacl|1\n|-damage|p1b: Garganacl|56/100\n|move|p2a: Starry|Matcha Gotcha|p1b: Garganacl|[spread] p1a,p1b\n|-resisted|p1a: Incineroar|1\n|-supereffective|p1b: Garganacl|1\n|-damage|p1a: Incineroar|67/100\n|-heal|p2a: Starry|67/100|[from] drain|[of] p1a: Incineroar\n|-damage|p1b: Garganacl|11/100\n|-heal|p2a: Starry|93/100|[from] drain|[of] p1b: Garganacl\n|move|p1a: Incineroar|Parting Shot|p2b: The Brains\n|-unboost|p2b: The Brains|atk|1\n|-unboost|p2b: The Brains|spa|1\n|cant|p1b: Garganacl|flinch\n|\n|-heal|p2a: Starry|99/100|[from] item: Leftovers\n|-heal|p1a: Incineroar|73/100|[from] item: Leftovers\n|upkeep\n|turn|8\n|\n|t:|1775947003\n|move|p2a: Starry|Matcha Gotcha|p1b: Garganacl|[spread] p1a\n|-miss|p2a: Starry|p1b: Garganacl\n|-resisted|p1a: Incineroar|1\n|-damage|p1a: Incineroar|60/100\n|-heal|p2a: Starry|100/100|[from] drain|[of] p1a: Incineroar\n|move|p1a: Incineroar|Flare Blitz|p2a: Starry\n|-supereffective|p2a: Starry|1\n|-damage|p2a: Starry|57/100\n|-damage|p1a: Incineroar|47/100|[from] Recoil\n|move|p2b: The Brains|Parting Shot|p1a: Incineroar\n|-unboost|p1a: Incineroar|atk|1\n|-unboost|p1a: Incineroar|spa|1\n|\n|t:|1775947016\n|switch|p2b: All-In|Kingambit, L50, M|53/100|[from] Parting Shot\n|move|p1b: Garganacl|Recover|p1b: Garganacl\n|-heal|p1b: Garganacl|62/100\n|\n|-heal|p2a: Starry|63/100|[from] item: Leftovers\n|-heal|p1a: Incineroar|53/100|[from] item: Leftovers\n|upkeep\n|turn|9\n|\n|t:|1775947028\n|move|p2a: Starry|Matcha Gotcha|p1a: Incineroar|[spread] p1a,p1b\n|-resisted|p1a: Incineroar|1\n|-supereffective|p1b: Garganacl|1\n|-damage|p1a: Incineroar|37/100\n|-heal|p2a: Starry|72/100|[from] drain|[of] p1a: Incineroar\n|-damage|p1b: Garganacl|17/100\n|-heal|p2a: Starry|97/100|[from] drain|[of] p1b: Garganacl\n|move|p1a: Incineroar|Flare Blitz|p2a: Starry\n|-supereffective|p2a: Starry|1\n|-damage|p2a: Starry|60/100\n|-damage|p1a: Incineroar|26/100|[from] Recoil\n|move|p2b: All-In|Iron Head|p1b: Garganacl\n|-supereffective|p1b: Garganacl|1\n|-damage|p1b: Garganacl|0 fnt\n|faint|p1b: Garganacl\n|\n|-heal|p2a: Starry|66/100|[from] item: Leftovers\n|-heal|p1a: Incineroar|32/100|[from] item: Leftovers\n|upkeep\n|turn|10\n|\n|t:|1775947050\n|move|p2a: Starry|Strength Sap|p1a: Incineroar\n|-unboost|p1a: Incineroar|atk|1\n|-heal|p2a: Starry|98/100\n|move|p1a: Incineroar|Flare Blitz|p2a: Starry\n|-supereffective|p2a: Starry|1\n|-damage|p2a: Starry|66/100\n|-damage|p1a: Incineroar|23/100|[from] Recoil\n|move|p2b: All-In|Guillotine|p1a: Incineroar|[miss]\n|-miss|p2b: All-In|p1a: Incineroar\n|\n|-heal|p2a: Starry|72/100|[from] item: Leftovers\n|-heal|p1a: Incineroar|29/100|[from] item: Leftovers\n|upkeep\n|turn|11\n|\n|t:|1775947068\n|move|p2a: Starry|Strength Sap|p1a: Incineroar\n|-unboost|p1a: Incineroar|atk|1\n|-heal|p2a: Starry|98/100\n|move|p1a: Incineroar|Parting Shot|p2a: Starry\n|-unboost|p2a: Starry|atk|1\n|-unboost|p2a: Starry|spa|1\n|move|p2b: All-In|Guillotine|p1a: Incineroar|[miss]\n|-miss|p2b: All-In|p1a: Incineroar\n|\n|-heal|p2a: Starry|100/100|[from] item: Leftovers\n|-heal|p1a: Incineroar|35/100|[from] item: Leftovers\n|upkeep\n|turn|12\n|\n|t:|1775947084\n|switch|p2a: The Brains|Incineroar, L50, F|100/100\n|-ability|p2a: The Brains|Intimidate|boost\n|-unboost|p1a: Incineroar|atk|1\n|move|p1a: Incineroar|Flare Blitz|p2b: All-In\n|-supereffective|p2b: All-In|1\n|-damage|p2b: All-In|35/100\n|-enditem|p2b: All-In|Sitrus Berry|[eat]\n|-heal|p2b: All-In|59/100|[from] item: Sitrus Berry\n|-damage|p1a: Incineroar|28/100|[from] Recoil\n|move|p2b: All-In|Guillotine|p1a: Incineroar|[miss]\n|-miss|p2b: All-In|p1a: Incineroar\n|\n|-heal|p1a: Incineroar|34/100|[from] item: Leftovers\n|upkeep\n|turn|13\n|\n|t:|1775947100\n|move|p2a: The Brains|Fake Out|p1a: Incineroar\n|-damage|p1a: Incineroar|24/100\n|cant|p1a: Incineroar|flinch\n|move|p2b: All-In|Guillotine|p1a: Incineroar|[miss]\n|-miss|p2b: All-In|p1a: Incineroar\n|\n|-heal|p1a: Incineroar|30/100|[from] item: Leftovers\n|upkeep\n|turn|14\n|\n|t:|1775947117\n|switch|p2a: Starry|Sinistcha, L50|100/100\n|-heal|p2b: All-In|84/100|[from] ability: Hospitality|[of] p2a: Starry\n|move|p1a: Incineroar|Parting Shot|p2b: All-In\n|-unboost|p2b: All-In|atk|1\n|-ability|p2b: All-In|Defiant|boost\n|-boost|p2b: All-In|atk|2\n|-unboost|p2b: All-In|spa|1\n|-ability|p2b: All-In|Defiant|boost\n|-boost|p2b: All-In|atk|2\n|move|p2b: All-In|Guillotine|p1a: Incineroar|[miss]\n|-miss|p2b: All-In|p1a: Incineroar\n|\n|-heal|p1a: Incineroar|36/100|[from] item: Leftovers\n|upkeep\n|turn|15\n|\n|t:|1775947137\n|move|p2a: Starry|Shadow Ball|p1a: Incineroar\n|-resisted|p1a: Incineroar|1\n|-damage|p1a: Incineroar|15/100\n|move|p1a: Incineroar|Flare Blitz|p2b: All-In\n|-supereffective|p2b: All-In|1\n|-damage|p2b: All-In|66/100\n|-status|p2b: All-In|brn\n|-damage|p1a: Incineroar|9/100|[from] Recoil\n|move|p2b: All-In|Guillotine|p1a: Incineroar|[miss]\n|-miss|p2b: All-In|p1a: Incineroar\n|\n|-heal|p1a: Incineroar|15/100|[from] item: Leftovers\n|-damage|p2b: All-In|60/100 brn|[from] brn\n|upkeep\n|turn|16\n|\n|t:|1775947153\n|move|p2a: Starry|Protect|p2a: Starry\n|-singleturn|p2a: Starry|Protect\n|move|p1a: Incineroar|Parting Shot|p2a: Starry\n|-activate|p2a: Starry|move: Protect\n|move|p2b: All-In|Guillotine|p1a: Incineroar|[miss]\n|-miss|p2b: All-In|p1a: Incineroar\n|\n|-heal|p1a: Incineroar|21/100|[from] item: Leftovers\n|-damage|p2b: All-In|54/100 brn|[from] brn\n|upkeep\n|turn|17\n|\n|t:|1775947167\n|move|p2a: Starry|Protect||[still]\n|-fail|p2a: Starry\n|move|p1a: Incineroar|Flare Blitz|p2b: All-In\n|-supereffective|p2b: All-In|1\n|-damage|p2b: All-In|36/100 brn\n|-damage|p1a: Incineroar|14/100|[from] Recoil\n|move|p2b: All-In|Guillotine|p1a: Incineroar|[miss]\n|-miss|p2b: All-In|p1a: Incineroar\n|\n|-heal|p1a: Incineroar|20/100|[from] item: Leftovers\n|-damage|p2b: All-In|30/100 brn|[from] brn\n|upkeep\n|turn|18\n|\n|t:|1775947180\n|switch|p2a: The Brains|Incineroar, L50, F|100/100\n|-ability|p2a: The Brains|Intimidate|boost\n|-unboost|p1a: Incineroar|atk|0\n|move|p2b: All-In|Sucker Punch|p1a: Incineroar\n|-resisted|p1a: Incineroar|1\n|-damage|p1a: Incineroar|0 fnt\n|faint|p1a: Incineroar\n|\n|win|exists.jpg\n|raw|ets123456's rating: 1044 &rarr; <strong>1029</strong><br />(-15 for losing)\n|raw|exists.jpg's rating: 1085 &rarr; <strong>1109</strong><br />(+24 for winning)\n",
  "uploadtime": 1775947188,
  "views": 17,
  "formatid": "gen9championsvgc2026regma",
  "rating": 1029,
  "private": 0,
  "password": null
}