{
  "id": "gen9championsvgc2026regma-2587076622",
  "format": "[Gen 9 Champions] VGC 2026 Reg M-A",
  "players": [
    "Foolafetti",
    "Warehouse User"
  ],
  "log": "|j|\u2606Foolafetti\n|j|\u2606Warehouse User\n|t:|1776490187\n|gametype|doubles\n|player|p1|Foolafetti|101|1113\n|player|p2|Warehouse User|102|1088\n|gen|9\n|tier|[Gen 9 Champions] VGC 2026 Reg M-A\n|rated|\n|rule|Species Clause: Limit one of each Pok\u00e9mon\n|rule|Item Clause: Limit 1 of each item\n|clearpoke\n|poke|p1|Raichu, L50, M|\n|poke|p1|Pinsir, L50, M|\n|poke|p1|Excadrill, L50, F|\n|poke|p1|Talonflame, L50, F|\n|poke|p1|Glaceon, L50, F|\n|poke|p1|Ninetales-Alola, L50, F|\n|poke|p2|Aegislash, L50, M|\n|poke|p2|Maushold-Four, L50|\n|poke|p2|Azumarill, L50, F|\n|poke|p2|Whimsicott, L50, M|\n|poke|p2|Beedrill, L50, F|\n|poke|p2|Castform, L50, M|\n|teampreview|4\n|\n|t:|1776490205\n|teamsize|p1|4\n|teamsize|p2|4\n|start\n|switch|p1a: Pinsir|Pinsir, L50, M|100/100\n|switch|p1b: Raichu|Raichu, L50, M|100/100\n|switch|p2a: Maushold|Maushold-Four, L50|100/100\n|switch|p2b: Azumarill|Azumarill, L50, F|100/100\n|turn|1\n|\n|t:|1776490222\n|detailschange|p1a: Pinsir|Pinsir-Mega, L50, M\n|-mega|p1a: Pinsir|Pinsir|Pinsirite\n|move|p2a: Maushold|Protect|p2a: Maushold\n|-singleturn|p2a: Maushold|Protect\n|move|p2b: Azumarill|Protect|p2b: Azumarill\n|-singleturn|p2b: Azumarill|Protect\n|move|p1b: Raichu|Electroweb|p2b: Azumarill|[spread] \n|-activate|p2a: Maushold|move: Protect\n|-activate|p2b: Azumarill|move: Protect\n|move|p1a: Pinsir|Swords Dance|p1a: Pinsir\n|-boost|p1a: Pinsir|atk|2\n|\n|upkeep\n|turn|2\n|\n|t:|1776490251\n|switch|p2b: Whimsicott|Whimsicott, L50, M|100/100\n|move|p2a: Maushold|Super Fang|p1a: Pinsir\n|-damage|p1a: Pinsir|50/100\n|move|p1b: Raichu|Volt Switch|p2b: Whimsicott\n|-resisted|p2b: Whimsicott|1\n|-damage|p2b: Whimsicott|81/100\n|\n|t:|1776490259\n|switch|p1b: Excadrill|Excadrill, L50, F|100/100|[from] Volt Switch\n|-ability|p1b: Excadrill|Mold Breaker\n|move|p1a: Pinsir|X-Scissor|p2a: Maushold\n|-damage|p2a: Maushold|0 fnt\n|faint|p2a: Maushold\n|\n|upkeep\n|inactive|Battle timer is ON: inactive players will automatically lose when time's up. (requested by Foolafetti)\n|\n|t:|1776490296\n|switch|p2a: Azumarill|Azumarill, L50, F|100/100\n|turn|3\n|\n|t:|1776490304\n|move|p1a: Pinsir|Quick Attack|p2b: Whimsicott\n|-supereffective|p2b: Whimsicott|1\n|-damage|p2b: Whimsicott|0 fnt\n|faint|p2b: Whimsicott\n|move|p2a: Azumarill|Aqua Jet|p1a: Pinsir\n|-damage|p1a: Pinsir|23/100\n|move|p1b: Excadrill|Iron Head|p2a: Azumarill\n|-damage|p2a: Azumarill|57/100\n|\n|upkeep\n|\n|t:|1776490314\n|switch|p2b: Aegislash|Aegislash, L50, M|100/100\n|turn|4\n|\n|t:|1776490334\n|switch|p1b: Talonflame|Talonflame, L50, F|100/100\n|move|p2a: Azumarill|Aqua Jet|p1a: Pinsir\n|-damage|p1a: Pinsir|0 fnt\n|faint|p1a: Pinsir\n|move|p2b: Aegislash|Swords Dance|p2b: Aegislash\n|-boost|p2b: Aegislash|atk|2\n|\n|upkeep\n|\n|t:|1776490337\n|switch|p1a: Excadrill|Excadrill, L50, F|100/100\n|-ability|p1a: Excadrill|Mold Breaker\n|turn|5\n|\n|t:|1776490355\n|-formechange|p2b: Aegislash|Aegislash-Blade|\n|move|p2b: Aegislash|Shadow Sneak|p1b: Talonflame\n|-damage|p1b: Talonflame|18/100\n|move|p2a: Azumarill|Aqua Jet|p1b: Talonflame\n|-supereffective|p1b: Talonflame|1\n|-damage|p1b: Talonflame|0 fnt\n|faint|p1b: Talonflame\n|move|p1a: Excadrill|Earthquake|p2b: Aegislash|[spread] p2a,p2b\n|-supereffective|p2b: Aegislash|1\n|-damage|p2a: Azumarill|12/100\n|-damage|p2b: Aegislash|0 fnt\n|-enditem|p2a: Azumarill|Sitrus Berry|[eat]\n|-heal|p2a: Azumarill|37/100|[from] item: Sitrus Berry\n|faint|p2b: Aegislash\n|\n|upkeep\n|\n|t:|1776490365\n|switch|p1b: Raichu|Raichu, L50, M|100/100\n|turn|6\n|\n|t:|1776490376\n|move|p1b: Raichu|Fake Out|p2a: Azumarill\n|-damage|p2a: Azumarill|28/100\n|cant|p2a: Azumarill|flinch\n|move|p1a: Excadrill|Earthquake|p2a: Azumarill|[spread] p1b,p2a\n|-supereffective|p1b: Raichu|1\n|-damage|p1b: Raichu|0 fnt\n|-damage|p2a: Azumarill|0 fnt\n|faint|p1b: Raichu\n|faint|p2a: Azumarill\n|\n|win|Foolafetti\n|raw|Foolafetti's rating: 1113 &rarr; <strong>1136</strong><br />(+23 for winning)\n|raw|Warehouse User's rating: 1088 &rarr; <strong>1066</strong><br />(-22 for losing)\n|l|\u2606Foolafetti\n|player|p1|\n",
  "uploadtime": 1776490391,
  "views": 12,
  "formatid": "gen9championsvgc2026regma",
  "rating": 1066,
  "private": 0,
  "password": null
}