{
  "id": "gen9championsvgc2026regma-2589396155",
  "format": "[Gen 9 Champions] VGC 2026 Reg M-A",
  "players": [
    "Colintick662",
    "GVAXIII"
  ],
  "log": "|j|\u2606Colintick662\n|j|\u2606GVAXIII\n|t:|1776719573\n|gametype|doubles\n|player|p1|Colintick662|proton|1545\n|player|p2|GVAXIII|taunie|1465\n|gen|9\n|tier|[Gen 9 Champions] VGC 2026 Reg M-A\n|rated|\n|rule|Species Clause: Limit one of each Pok\u00e9mon\n|rule|Item Clause: Limit 1 of each item\n|clearpoke\n|poke|p1|Floette-Eternal, L50, F|\n|poke|p1|Kingambit, L50, F|\n|poke|p1|Milotic, L50, M|\n|poke|p1|Archaludon, L50, M|\n|poke|p1|Pelipper, L50, M|\n|poke|p1|Basculegion, L50, M|\n|poke|p2|Gardevoir, L50, F, shiny|\n|poke|p2|Sinistcha, L50|\n|poke|p2|Incineroar, L50, F, shiny|\n|poke|p2|Garchomp, L50, F, shiny|\n|poke|p2|Scizor, L50, M, shiny|\n|poke|p2|Basculegion, L50, M|\n|teampreview|4\n|inactive|Battle timer is ON: inactive players will automatically lose when time's up. (requested by Colintick662)\n|\n|t:|1776719611\n|teamsize|p1|4\n|teamsize|p2|4\n|start\n|switch|p1a: Archaludon|Archaludon, L50, M|100/100\n|switch|p1b: Pelipper|Pelipper, L50, M|100/100\n|switch|p2a: Gardevoir|Gardevoir, L50, F, shiny|100/100\n|switch|p2b: Basculegion|Basculegion, L50, M|100/100\n|-weather|RainDance|[from] ability: Drizzle|[of] p1b: Pelipper\n|turn|1\n|inactive|GVAXIII has 30 seconds left.\n|inactive|GVAXIII has 20 seconds left.\n|\n|t:|1776719651\n|detailschange|p2a: Gardevoir|Gardevoir-Mega, L50, F, shiny\n|-mega|p2a: Gardevoir|Gardevoir|Gardevoirite\n|move|p1b: Pelipper|Wide Guard|p1b: Pelipper\n|-singleturn|p1b: Pelipper|Wide Guard\n|move|p2b: Basculegion|Flip Turn|p1a: Archaludon\n|-resisted|p1a: Archaludon|1\n|-damage|p1a: Archaludon|77/100\n|-ability|p1a: Archaludon|Stamina|boost\n|-boost|p1a: Archaludon|def|1\n|\n|t:|1776719661\n|switch|p2b: Garchomp|Garchomp, L50, F, shiny|100/100|[from] Flip Turn\n|move|p2a: Gardevoir|Hyper Voice|p1b: Pelipper|[spread] \n|-activate|p1a: Archaludon|move: Wide Guard\n|-activate|p1b: Pelipper|move: Wide Guard\n|move|p1a: Archaludon|Electro Shot||[still]\n|-prepare|p1a: Archaludon|Electro Shot\n|-boost|p1a: Archaludon|spa|1\n|-anim|p1a: Archaludon|Electro Shot|p2b: Garchomp\n|-immune|p2b: Garchomp\n|\n|-weather|RainDance|[upkeep]\n|-heal|p1a: Archaludon|84/100|[from] item: Leftovers\n|upkeep\n|turn|2\n|inactive|GVAXIII has 30 seconds left.\n|\n|t:|1776719688\n|move|p2b: Garchomp|Dragon Claw|p1b: Pelipper\n|-damage|p1b: Pelipper|53/100\n|move|p2a: Gardevoir|Calm Mind|p2a: Gardevoir\n|-boost|p2a: Gardevoir|spa|1\n|-boost|p2a: Gardevoir|spd|1\n|move|p1a: Archaludon|Draco Meteor|p2b: Garchomp\n|-supereffective|p2b: Garchomp|1\n|-damage|p2b: Garchomp|0 fnt\n|-unboost|p1a: Archaludon|spa|2\n|faint|p2b: Garchomp\n|move|p1b: Pelipper|Tailwind|p1b: Pelipper\n|-sidestart|p1: Colintick662|move: Tailwind\n|\n|-weather|RainDance|[upkeep]\n|-heal|p1a: Archaludon|90/100|[from] item: Leftovers\n|upkeep\n|\n|t:|1776719706\n|switch|p2b: Sinistcha|Sinistcha, L50|100/100\n|turn|3\n|\n|t:|1776719719\n|move|p1b: Pelipper|Wide Guard|p1b: Pelipper\n|-singleturn|p1b: Pelipper|Wide Guard\n|move|p2b: Sinistcha|Rage Powder|p2b: Sinistcha\n|-singleturn|p2b: Sinistcha|move: Rage Powder\n|move|p1a: Archaludon|Snarl|p2a: Gardevoir|[spread] p2a\n|-miss|p1a: Archaludon|p2b: Sinistcha\n|-damage|p2a: Gardevoir|95/100\n|-unboost|p2a: Gardevoir|spa|1\n|move|p2a: Gardevoir|Hyper Voice|p1a: Archaludon|[spread] \n|-activate|p1a: Archaludon|move: Wide Guard\n|-activate|p1b: Pelipper|move: Wide Guard\n|\n|-weather|RainDance|[upkeep]\n|-heal|p1a: Archaludon|96/100|[from] item: Leftovers\n|upkeep\n|turn|4\n|inactive|Colintick662 has 30 seconds left.\n|inactive|Colintick662 has 20 seconds left.\n|inactive|Colintick662 has 15 seconds left.\n|\n|t:|1776719760\n|move|p1b: Pelipper|Wide Guard|p1b: Pelipper\n|-singleturn|p1b: Pelipper|Wide Guard\n|move|p1a: Archaludon|Snarl|p2a: Gardevoir|[spread] p2a,p2b\n|-supereffective|p2b: Sinistcha|1\n|-damage|p2a: Gardevoir|90/100\n|-damage|p2b: Sinistcha|83/100\n|-unboost|p2a: Gardevoir|spa|1\n|-unboost|p2b: Sinistcha|spa|1\n|move|p2a: Gardevoir|Psychic|p1b: Pelipper\n|-damage|p1b: Pelipper|0 fnt\n|faint|p1b: Pelipper\n|move|p2b: Sinistcha|Trick Room|p2b: Sinistcha\n|-fieldstart|move: Trick Room|[of] p2b: Sinistcha\n|\n|-weather|RainDance|[upkeep]\n|-heal|p1a: Archaludon|100/100|[from] item: Leftovers\n|upkeep\n|\n|t:|1776719772\n|switch|p1b: Floette|Floette-Eternal, L50, F|100/100\n|turn|5\n|\n|t:|1776719783\n|detailschange|p1b: Floette|Floette-Mega, L50, F\n|-mega|p1b: Floette|Floette|Floettite\n|-ability|p1b: Floette|Fairy Aura\n|move|p2b: Sinistcha|Matcha Gotcha|p1a: Archaludon|[spread] p1b\n|-miss|p2b: Sinistcha|p1a: Archaludon\n|-damage|p1b: Floette|88/100\n|-heal|p2b: Sinistcha|88/100|[from] drain|[of] p1b: Floette\n|move|p2a: Gardevoir|Calm Mind|p2a: Gardevoir\n|-boost|p2a: Gardevoir|spa|1\n|-boost|p2a: Gardevoir|spd|1\n|move|p1a: Archaludon|Snarl|p2a: Gardevoir|[spread] p2a,p2b\n|-supereffective|p2b: Sinistcha|1\n|-damage|p2a: Gardevoir|86/100\n|-damage|p2b: Sinistcha|70/100\n|-unboost|p2a: Gardevoir|spa|1\n|-unboost|p2b: Sinistcha|spa|1\n|move|p1b: Floette|Calm Mind|p1b: Floette\n|-boost|p1b: Floette|spa|1\n|-boost|p1b: Floette|spd|1\n|\n|-weather|none\n|-sideend|p1: Colintick662|move: Tailwind\n|upkeep\n|turn|6\n|inactive|GVAXIII has 30 seconds left.\n|\n|t:|1776719809\n|move|p2b: Sinistcha|Matcha Gotcha|p1a: Archaludon|[spread] p1b\n|-miss|p2b: Sinistcha|p1a: Archaludon\n|-damage|p1b: Floette|82/100\n|-heal|p2b: Sinistcha|73/100|[from] drain|[of] p1b: Floette\n|move|p1a: Archaludon|Snarl|p2b: Sinistcha|[spread] p2a\n|-miss|p1a: Archaludon|p2b: Sinistcha\n|-damage|p2a: Gardevoir|82/100\n|-unboost|p2a: Gardevoir|spa|1\n|move|p2a: Gardevoir|Hyper Voice|p1b: Floette|[spread] p1a,p1b\n|-damage|p1a: Archaludon|62/100\n|-damage|p1b: Floette|64/100\n|-ability|p1a: Archaludon|Stamina|boost\n|-boost|p1a: Archaludon|def|1\n|move|p1b: Floette|Calm Mind|p1b: Floette\n|-boost|p1b: Floette|spa|1\n|-boost|p1b: Floette|spd|1\n|\n|-heal|p1a: Archaludon|68/100|[from] item: Leftovers\n|upkeep\n|turn|7\n|inactive|Colintick662 has 30 seconds left.\n|\n|t:|1776719835\n|move|p2b: Sinistcha|Matcha Gotcha|p1b: Floette|[spread] p1a,p1b\n|-resisted|p1a: Archaludon|2\n|-damage|p1a: Archaludon|65/100\n|-heal|p2b: Sinistcha|75/100|[from] drain|[of] p1a: Archaludon\n|-damage|p1b: Floette|58/100\n|-heal|p2b: Sinistcha|77/100|[from] drain|[of] p1b: Floette\n|-status|p1a: Archaludon|brn\n|-ability|p1a: Archaludon|Stamina|boost\n|-boost|p1a: Archaludon|def|1\n|move|p1a: Archaludon|Electro Shot||[still]\n|-prepare|p1a: Archaludon|Electro Shot\n|-boost|p1a: Archaludon|spa|1\n|move|p2a: Gardevoir|Calm Mind|p2a: Gardevoir\n|-boost|p2a: Gardevoir|spa|1\n|-boost|p2a: Gardevoir|spd|1\n|move|p1b: Floette|Dazzling Gleam|p2a: Gardevoir|[spread] p2a,p2b\n|-damage|p2a: Gardevoir|54/100\n|-damage|p2b: Sinistcha|0 fnt\n|faint|p2b: Sinistcha\n|\n|-heal|p1a: Archaludon|71/100 brn|[from] item: Leftovers\n|-damage|p1a: Archaludon|65/100 brn|[from] brn\n|upkeep\n|\n|t:|1776719859\n|switch|p2b: Basculegion|Basculegion, L50, M|100/100\n|turn|8\n|\n|t:|1776719870\n|move|p2b: Basculegion|Aqua Jet|p1b: Floette\n|-damage|p1b: Floette|21/100\n|move|p1a: Archaludon|Electro Shot|p2a: Gardevoir|[from] lockedmove\n|-damage|p2a: Gardevoir|40/100\n|move|p2a: Gardevoir|Hyper Voice|p1a: Archaludon|[spread] p1a,p1b\n|-damage|p1a: Archaludon|17/100 brn\n|-damage|p1b: Floette|2/100\n|-ability|p1a: Archaludon|Stamina|boost\n|-boost|p1a: Archaludon|def|1\n|move|p1b: Floette|Light of Ruin|p2b: Basculegion\n|-crit|p2b: Basculegion\n|-damage|p2b: Basculegion|0 fnt\n|faint|p2b: Basculegion\n|-damage|p1b: Floette|0 fnt|[from] Recoil\n|faint|p1b: Floette\n|\n|-heal|p1a: Archaludon|23/100 brn|[from] item: Leftovers\n|-damage|p1a: Archaludon|17/100 brn|[from] brn\n|-fieldend|move: Trick Room\n|upkeep\n|\n|t:|1776719883\n|switch|p1b: Basculegion|Basculegion, L50, M|100/100\n|turn|9\n|\n|t:|1776719894\n|move|p1b: Basculegion|Last Respects|p2a: Gardevoir\n|-supereffective|p2a: Gardevoir|1\n|-crit|p2a: Gardevoir\n|-damage|p2a: Gardevoir|0 fnt\n|faint|p2a: Gardevoir\n|\n|win|Colintick662\n|raw|Colintick662's rating: 1545 &rarr; <strong>1560</strong><br />(+15 for winning)\n|raw|GVAXIII's rating: 1465 &rarr; <strong>1450</strong><br />(-15 for losing)\n|l|\u2606GVAXIII\n|player|p2|\n",
  "uploadtime": 1776719901,
  "views": 9,
  "formatid": "gen9championsvgc2026regma",
  "rating": 1450,
  "private": 0,
  "password": null
}