{
  "id": "gen9championsvgc2026regma-2584813027",
  "format": "[Gen 9 Champions] VGC 2026 Reg M-A",
  "players": [
    "BeAFamilyMan",
    "ProfessorKnightVGC"
  ],
  "log": "|j|\u2606BeAFamilyMan\n|j|\u203dProfessorKnightVGC\n|t:|1776285554\n|gametype|doubles\n|player|p1|BeAFamilyMan|ltsurge|1247\n|player|p2|ProfessorKnightVGC|1|1235\n|gen|9\n|tier|[Gen 9 Champions] VGC 2026 Reg M-A\n|rated|\n|rule|Species Clause: Limit one of each Pok\u00e9mon\n|rule|Item Clause: Limit 1 of each item\n|clearpoke\n|poke|p1|Meowstic, L50, M|\n|poke|p1|Alakazam, L50, F|\n|poke|p1|Aerodactyl, L50, M|\n|poke|p1|Sneasler, L50, M|\n|poke|p1|Incineroar, L50, M|\n|poke|p1|Aromatisse, L50, M|\n|poke|p2|Pelipper, L50, M|\n|poke|p2|Sinistcha, L50|\n|poke|p2|Basculegion, L50, M|\n|poke|p2|Scizor, L50, F|\n|poke|p2|Sableye, L50, F|\n|poke|p2|Gallade, L50, M|\n|teampreview|4\n|inactive|Battle timer is ON: inactive players will automatically lose when time's up. (requested by ProfessorKnightVGC)\n|inactive|BeAFamilyMan has 60 seconds left.\n|inactive|ProfessorKnightVGC has 60 seconds left.\n|\n|t:|1776285595\n|teamsize|p1|4\n|teamsize|p2|4\n|start\n|switch|p1a: Meowstic|Meowstic, L50, M|100/100\n|switch|p1b: Aerodactyl|Aerodactyl, L50, M|100/100\n|switch|p2a: Sableye|Sableye, L50, F|100/100\n|switch|p2b: Pelipper|Pelipper, L50, M|100/100\n|-ability|p1b: Aerodactyl|Unnerve\n|-weather|RainDance|[from] ability: Drizzle|[of] p2b: Pelipper\n|turn|1\n|\n|t:|1776285613\n|move|p1b: Aerodactyl|Protect|p1b: Aerodactyl\n|-singleturn|p1b: Aerodactyl|Protect\n|move|p2a: Sableye|Fake Out|p1b: Aerodactyl\n|-activate|p1b: Aerodactyl|move: Protect\n|move|p1a: Meowstic|Psychic Terrain|p1a: Meowstic\n|-fieldstart|move: Psychic Terrain\n|move|p2b: Pelipper|Tailwind|p2b: Pelipper\n|-sidestart|p2: ProfessorKnightVGC|move: Tailwind\n|\n|-weather|RainDance|[upkeep]\n|upkeep\n|turn|2\n|\n|t:|1776285633\n|move|p2a: Sableye|Quash|p1b: Aerodactyl\n|-activate|p1b: Aerodactyl|move: Quash\n|move|p2b: Pelipper|Hurricane|p1b: Aerodactyl\n|-resisted|p1b: Aerodactyl|1\n|-damage|p1b: Aerodactyl|69/100\n|move|p1a: Meowstic|Psyshock|p2b: Pelipper\n|-damage|p2b: Pelipper|58/100\n|move|p1b: Aerodactyl|Tailwind|p1b: Aerodactyl\n|-sidestart|p1: BeAFamilyMan|move: Tailwind\n|\n|-weather|RainDance|[upkeep]\n|upkeep\n|turn|3\n|inactive|BeAFamilyMan has 30 seconds left.\n|inactive|BeAFamilyMan has 20 seconds left.\n|\n|t:|1776285669\n|switch|p2b: Scizor|Scizor, L50, F|100/100\n|move|p2a: Sableye|Reflect|p2a: Sableye\n|-sidestart|p2: ProfessorKnightVGC|Reflect\n|move|p1b: Aerodactyl|Rock Slide|p2b: Scizor|[spread] p2a,p2b\n|-damage|p2a: Sableye|77/100\n|-damage|p2b: Scizor|83/100\n|move|p1a: Meowstic|Psyshock|p2b: Scizor\n|-resisted|p2b: Scizor|1\n|-damage|p2b: Scizor|68/100\n|\n|-weather|RainDance|[upkeep]\n|upkeep\n|turn|4\n|inactive|ProfessorKnightVGC has 30 seconds left.\n|\n|t:|1776285704\n|switch|p1b: Sneasler|Sneasler, L50, M|100/100\n|detailschange|p2b: Scizor|Scizor-Mega, L50, F\n|-mega|p2b: Scizor|Scizor|Scizorite\n|move|p2b: Scizor|Bullet Punch|p1b: Sneasler\n|-activate|p1b: Sneasler|move: Psychic Terrain\n|move|p1a: Meowstic|Psyshock|p2b: Scizor\n|-resisted|p2b: Scizor|1\n|-damage|p2b: Scizor|55/100\n|move|p2a: Sableye|Throat Chop|p1a: Meowstic\n|-supereffective|p1a: Meowstic|1\n|-damage|p1a: Meowstic|47/100\n|-start|p1a: Meowstic|Throat Chop|[silent]\n|\n|-weather|RainDance|[upkeep]\n|-sideend|p2: ProfessorKnightVGC|move: Tailwind\n|upkeep\n|turn|5\n|\n|t:|1776285727\n|switch|p2b: Basculegion|Basculegion, L50, M|100/100\n|move|p1a: Meowstic|Helping Hand|p1b: Sneasler\n|-singleturn|p1b: Sneasler|Helping Hand|[of] p1a: Meowstic\n|move|p1b: Sneasler|Close Combat|p2b: Basculegion\n|-immune|p2b: Basculegion\n|move|p2a: Sableye|Throat Chop|p1a: Meowstic\n|-supereffective|p1a: Meowstic|1\n|-damage|p1a: Meowstic|0 fnt\n|faint|p1a: Meowstic\n|\n|-weather|none\n|-sideend|p1: BeAFamilyMan|move: Tailwind\n|-fieldend|move: Psychic Terrain\n|upkeep\n|\n|t:|1776285738\n|switch|p1a: Alakazam|Alakazam, L50, F|100/100\n|turn|6\n|\n|t:|1776285760\n|detailschange|p1a: Alakazam|Alakazam-Mega, L50, F\n|-mega|p1a: Alakazam|Alakazam|Alakazite\n|-ability|p1a: Alakazam|Prankster|Trace|[from] ability: Trace|[of] p2a: Sableye\n|move|p2a: Sableye|Quash|p1a: Alakazam\n|-activate|p1a: Alakazam|move: Quash\n|move|p2b: Basculegion|Psychic Fangs|p1b: Sneasler\n|-supereffective|p1b: Sneasler|2\n|-damage|p1b: Sneasler|0 fnt\n|faint|p1b: Sneasler\n|move|p1a: Alakazam|Energy Ball|p2b: Basculegion\n|-supereffective|p2b: Basculegion|1\n|-damage|p2b: Basculegion|6/100\n|\n|upkeep\n|\n|t:|1776285774\n|switch|p1b: Aerodactyl|Aerodactyl, L50, M|69/100\n|-ability|p1b: Aerodactyl|Unnerve\n|turn|7\n|\n|t:|1776285797\n|switch|p2b: Pelipper|Pelipper, L50, M|58/100\n|-weather|RainDance|[from] ability: Drizzle|[of] p2b: Pelipper\n|move|p1a: Alakazam|Energy Ball|p2b: Pelipper\n|-damage|p2b: Pelipper|0 fnt\n|faint|p2b: Pelipper\n|move|p1b: Aerodactyl|Rock Slide|p2a: Sableye\n|-damage|p2a: Sableye|48/100\n|move|p2a: Sableye|Throat Chop|p1a: Alakazam\n|-supereffective|p1a: Alakazam|1\n|-crit|p1a: Alakazam\n|-damage|p1a: Alakazam|0 fnt\n|faint|p1a: Alakazam\n|\n|-weather|RainDance|[upkeep]\n|-sideend|p2: ProfessorKnightVGC|Reflect\n|upkeep\n|\n|t:|1776285818\n|switch|p2b: Scizor|Scizor-Mega, L50, F|55/100\n|turn|8\n|\n|t:|1776285824\n|move|p2b: Scizor|Bullet Punch|p1b: Aerodactyl\n|-supereffective|p1b: Aerodactyl|1\n|-damage|p1b: Aerodactyl|0 fnt\n|faint|p1b: Aerodactyl\n|\n|win|ProfessorKnightVGC\n|raw|BeAFamilyMan's rating: 1247 &rarr; <strong>1221</strong><br />(-26 for losing)\n|raw|ProfessorKnightVGC's rating: 1235 &rarr; <strong>1261</strong><br />(+26 for winning)\n|l|\u2606BeAFamilyMan\n|player|p1|\n",
  "uploadtime": 1776285831,
  "views": 24,
  "formatid": "gen9championsvgc2026regma",
  "rating": 1221,
  "private": 0,
  "password": null
}