{
  "id": "gen9championsvgc2026regma-2588697678",
  "format": "[Gen 9 Champions] VGC 2026 Reg M-A",
  "players": [
    "ScribbleScribble",
    "iFrozenShadow"
  ],
  "log": "|j|\u2606ScribbleScribble\n|j|\u2606iFrozenShadow\n|t:|1776658984\n|gametype|doubles\n|player|p1|ScribbleScribble|mina-lgpe|1530\n|player|p2|iFrozenShadow|169|1437\n|gen|9\n|tier|[Gen 9 Champions] VGC 2026 Reg M-A\n|rated|\n|rule|Species Clause: Limit one of each Pok\u00e9mon\n|rule|Item Clause: Limit 1 of each item\n|clearpoke\n|poke|p1|Basculegion, L50, M|\n|poke|p1|Venusaur, L50, F|\n|poke|p1|Dragonite, L50, F|\n|poke|p1|Politoed, L50, F|\n|poke|p1|Archaludon, L50, F|\n|poke|p1|Tauros-Paldea-Blaze, L50, M|\n|poke|p2|Gengar, L50, F, shiny|\n|poke|p2|Whimsicott, L50, M|\n|poke|p2|Incineroar, L50, F|\n|poke|p2|Basculegion, L50, M, shiny|\n|poke|p2|Rotom-Wash, L50|\n|poke|p2|Corviknight, L50, M|\n|teampreview|4\n|inactive|Battle timer is ON: inactive players will automatically lose when time's up. (requested by ScribbleScribble)\n|inactive|ScribbleScribble has 60 seconds left.\n|inactive|iFrozenShadow has 60 seconds left.\n|\n|t:|1776659040\n|teamsize|p1|4\n|teamsize|p2|4\n|start\n|switch|p1a: Politoed|Politoed, L50, F|100/100\n|switch|p1b: Archaludon|Archaludon, L50, F|100/100\n|switch|p2a: Gengar|Gengar, L50, F, shiny|100/100\n|switch|p2b: Whimsicott|Whimsicott, L50, M|100/100\n|-weather|RainDance|[from] ability: Drizzle|[of] p1a: Politoed\n|turn|1\n|\n|t:|1776659062\n|switch|p1b: Basculegion|Basculegion, L50, M|100/100\n|detailschange|p2a: Gengar|Gengar-Mega, L50, F, shiny\n|-mega|p2a: Gengar|Gengar|Gengarite\n|move|p2b: Whimsicott|Protect|p2b: Whimsicott\n|-singleturn|p2b: Whimsicott|Protect\n|move|p2a: Gengar|Protect|p2a: Gengar\n|-singleturn|p2a: Gengar|Protect\n|move|p1a: Politoed|Perish Song|p1a: Politoed\n|-start|p1a: Politoed|perish3|[silent]\n|-start|p1b: Basculegion|perish3|[silent]\n|-start|p2a: Gengar|perish3|[silent]\n|-start|p2b: Whimsicott|perish3|[silent]\n|-fieldactivate|move: Perish Song\n|\n|-weather|RainDance|[upkeep]\n|-start|p1b: Basculegion|perish3\n|-start|p2a: Gengar|perish3\n|-start|p2b: Whimsicott|perish3\n|-start|p1a: Politoed|perish3\n|upkeep\n|turn|2\n|inactive|ScribbleScribble has 30 seconds left.\n|\n|t:|1776659090\n|switch|p2a: Basculegion|Basculegion, L50, M, shiny|100/100\n|move|p2b: Whimsicott|Tailwind|p2b: Whimsicott\n|-sidestart|p2: iFrozenShadow|move: Tailwind\n|move|p1b: Basculegion|Flip Turn|p2a: Basculegion\n|-resisted|p2a: Basculegion|1\n|-damage|p2a: Basculegion|74/100\n|j| Winieska Rambulera\n|\n|t:|1776659098\n|switch|p1b: Archaludon|Archaludon, L50, F|100/100|[from] Flip Turn\n|move|p1a: Politoed|Muddy Water|p2a: Basculegion|[spread] p2a,p2b\n|-resisted|p2a: Basculegion|1\n|-resisted|p2b: Whimsicott|1\n|-damage|p2a: Basculegion|56/100\n|-damage|p2b: Whimsicott|81/100\n|-unboost|p2a: Basculegion|accuracy|1\n|-unboost|p2b: Whimsicott|accuracy|1\n|\n|-weather|RainDance|[upkeep]\n|-start|p2b: Whimsicott|perish2\n|-start|p1a: Politoed|perish2\n|upkeep\n|turn|3\n|\n|t:|1776659114\n|switch|p1a: Basculegion|Basculegion, L50, M|100/100\n|move|p2a: Basculegion|Flip Turn|p1b: Archaludon\n|-resisted|p1b: Archaludon|1\n|-damage|p1b: Archaludon|77/100\n|-ability|p1b: Archaludon|Stamina|boost\n|-boost|p1b: Archaludon|def|1\n|\n|t:|1776659120\n|switch|p2a: Incineroar|Incineroar, L50, F|100/100|[from] Flip Turn\n|-ability|p2a: Incineroar|Intimidate|boost\n|-unboost|p1a: Basculegion|atk|1\n|-unboost|p1b: Archaludon|atk|1\n|move|p2b: Whimsicott|Moonblast|p1b: Archaludon|[miss]\n|-miss|p2b: Whimsicott|p1b: Archaludon\n|move|p1b: Archaludon|Electro Shot||[still]\n|-prepare|p1b: Archaludon|Electro Shot\n|-boost|p1b: Archaludon|spa|1\n|-anim|p1b: Archaludon|Electro Shot|p2a: Incineroar\n|-damage|p2a: Incineroar|45/100\n|-enditem|p2a: Incineroar|Sitrus Berry|[eat]\n|-heal|p2a: Incineroar|70/100|[from] item: Sitrus Berry\n|\n|-weather|RainDance|[upkeep]\n|-heal|p1b: Archaludon|83/100|[from] item: Leftovers\n|-start|p2b: Whimsicott|perish1\n|upkeep\n|turn|4\n|\n|t:|1776659140\n|move|p1a: Basculegion|Wave Crash|p2a: Incineroar\n|-supereffective|p2a: Incineroar|1\n|-damage|p2a: Incineroar|0 fnt\n|faint|p2a: Incineroar\n|-damage|p1a: Basculegion|77/100|[from] Recoil\n|move|p2b: Whimsicott|Moonblast|p1b: Archaludon|[miss]\n|-miss|p2b: Whimsicott|p1b: Archaludon\n|move|p1b: Archaludon|Electro Shot||[still]\n|-prepare|p1b: Archaludon|Electro Shot\n|-boost|p1b: Archaludon|spa|1\n|-anim|p1b: Archaludon|Electro Shot|p2b: Whimsicott\n|-resisted|p2b: Whimsicott|1\n|-damage|p2b: Whimsicott|27/100\n|\n|-weather|RainDance|[upkeep]\n|-heal|p1b: Archaludon|89/100|[from] item: Leftovers\n|-start|p2b: Whimsicott|perish0\n|faint|p2b: Whimsicott\n|upkeep\n|\n|t:|1776659150\n|switch|p2b: Gengar|Gengar-Mega, L50, F, shiny|100/100\n|switch|p2a: Basculegion|Basculegion, L50, M, shiny|56/100\n|turn|5\n|\n|t:|1776659164\n|move|p1a: Basculegion|Wave Crash|p2b: Gengar\n|-damage|p2b: Gengar|23/100\n|-damage|p1a: Basculegion|56/100|[from] Recoil\n|move|p2a: Basculegion|Last Respects|p1a: Basculegion\n|-supereffective|p1a: Basculegion|1\n|-damage|p1a: Basculegion|0 fnt\n|faint|p1a: Basculegion\n|move|p2b: Gengar|Disable|p1b: Archaludon\n|-start|p1b: Archaludon|Disable|Electro Shot\n|cant|p1b: Archaludon|Disable|Electro Shot\n|\n|-weather|none\n|-heal|p1b: Archaludon|95/100|[from] item: Leftovers\n|-sideend|p2: iFrozenShadow|move: Tailwind\n|upkeep\n|\n|t:|1776659171\n|switch|p1a: Politoed|Politoed, L50, F|100/100\n|-weather|RainDance|[from] ability: Drizzle|[of] p1a: Politoed\n|turn|6\n|\n|t:|1776659179\n|move|p2a: Basculegion|Last Respects|p1b: Archaludon\n|-damage|p1b: Archaludon|42/100\n|-ability|p1b: Archaludon|Stamina|boost\n|-boost|p1b: Archaludon|def|1\n|move|p2b: Gengar|Shadow Ball|p1b: Archaludon\n|-damage|p1b: Archaludon|0 fnt\n|faint|p1b: Archaludon\n|move|p1a: Politoed|Muddy Water|p2a: Basculegion|[spread] p2a,p2b\n|-resisted|p2a: Basculegion|1\n|-damage|p2a: Basculegion|37/100\n|-damage|p2b: Gengar|0 fnt\n|-unboost|p2a: Basculegion|accuracy|1\n|faint|p2b: Gengar\n|\n|-weather|RainDance|[upkeep]\n|upkeep\n|\n|t:|1776659182\n|switch|p1b: Dragonite|Dragonite, L50, F|100/100\n|turn|7\n|\n|t:|1776659186\n|detailschange|p1b: Dragonite|Dragonite-Mega, L50, F\n|-mega|p1b: Dragonite|Dragonite|Dragoninite\n|move|p2a: Basculegion|Last Respects|p1b: Dragonite\n|-damage|p1b: Dragonite|45/100\n|move|p1b: Dragonite|Hurricane|p2a: Basculegion\n|-damage|p2a: Basculegion|0 fnt\n|faint|p2a: Basculegion\n|\n|win|ScribbleScribble\n|raw|ScribbleScribble's rating: 1530 &rarr; <strong>1545</strong><br />(+15 for winning)\n|raw|iFrozenShadow's rating: 1437 &rarr; <strong>1422</strong><br />(-15 for losing)\n|l|\u2606iFrozenShadow\n|player|p2|\n",
  "uploadtime": 1776659216,
  "views": 10,
  "formatid": "gen9championsvgc2026regma",
  "rating": 1422,
  "private": 0,
  "password": null
}