{
  "id": "gen9championsvgc2026regma-2581755832",
  "format": "[Gen 9 Champions] VGC 2026 Reg M-A",
  "players": [
    "YellowSeventeen",
    "imcrylo"
  ],
  "log": "|j|\u2606YellowSeventeen\n|j|\u2606imcrylo\n|t:|1776025941\n|gametype|doubles\n|player|p1|YellowSeventeen|cheryl|1072\n|player|p2|imcrylo|170|1046\n|gen|9\n|tier|[Gen 9 Champions] VGC 2026 Reg M-A\n|rated|\n|rule|Species Clause: Limit one of each Pok\u00e9mon\n|rule|Item Clause: Limit 1 of each item\n|clearpoke\n|poke|p1|Trevenant, L50, M|\n|poke|p1|Tyranitar, L50, M|\n|poke|p1|Golurk, L50|\n|poke|p1|Armarouge, L50, F|\n|poke|p1|Tinkaton, L50, F|\n|poke|p1|Primarina, L50, M|\n|poke|p2|Whimsicott, L50, F|\n|poke|p2|Politoed, L50, M|\n|poke|p2|Basculegion, L50, M|\n|poke|p2|Dragonite, L50, F|\n|poke|p2|Kingambit, L50, F|\n|poke|p2|Hawlucha, L50, F|\n|teampreview|4\n|inactive|Battle timer is ON: inactive players will automatically lose when time's up. (requested by imcrylo)\n|\n|t:|1776025968\n|teamsize|p1|4\n|teamsize|p2|4\n|start\n|switch|p1a: Trevenant|Trevenant, L50, M, shiny|100/100\n|switch|p1b: Tinkaton|Tinkaton, L50, F|100/100\n|switch|p2a: Kingambit|Kingambit, L50, F, shiny|100/100\n|switch|p2b: Hawlucha|Hawlucha, L50, F, shiny|100/100\n|turn|1\n|\n|t:|1776025991\n|detailschange|p2b: Hawlucha|Hawlucha-Mega, L50, F, shiny\n|-mega|p2b: Hawlucha|Hawlucha|Hawluchanite\n|move|p2b: Hawlucha|Protect|p2b: Hawlucha\n|-singleturn|p2b: Hawlucha|Protect\n|move|p1b: Tinkaton|Fake Out|p2b: Hawlucha\n|-activate|p2b: Hawlucha|move: Protect\n|move|p2a: Kingambit|Sucker Punch||[still]\n|-fail|p2a: Kingambit\n|move|p1a: Trevenant|Trick Room|p1a: Trevenant\n|-fieldstart|move: Trick Room|[of] p1a: Trevenant\n|\n|upkeep\n|turn|2\n|\n|t:|1776026010\n|move|p2a: Kingambit|Sucker Punch||[still]\n|-fail|p2a: Kingambit\n|move|p1a: Trevenant|Disable|p2a: Kingambit\n|-start|p2a: Kingambit|Disable|Sucker Punch\n|move|p1b: Tinkaton|Ice Hammer|p2b: Hawlucha\n|-supereffective|p2b: Hawlucha|1\n|-damage|p2b: Hawlucha|45/100\n|-unboost|p1b: Tinkaton|spe|1\n|move|p2b: Hawlucha|Entrainment|p2a: Kingambit\n|-ability|p2a: Kingambit|No Guard|Defiant|[from] move: Entrainment|[of] p2b: Hawlucha\n|\n|upkeep\n|turn|3\n|\n|t:|1776026030\n|switch|p1a: Primarina|Primarina, L50, M|100/100\n|move|p2b: Hawlucha|Protect|p2b: Hawlucha\n|-singleturn|p2b: Hawlucha|Protect\n|move|p2a: Kingambit|Guillotine|p1b: Tinkaton\n|-damage|p1b: Tinkaton|0 fnt\n|faint|p1b: Tinkaton\n|-ohko\n|\n|upkeep\n|\n|t:|1776026044\n|switch|p1b: Trevenant|Trevenant, L50, M, shiny|100/100\n|turn|4\n|\n|t:|1776026054\n|move|p1b: Trevenant|Ally Switch|p1b: Trevenant\n|swap|p1b: Trevenant|0|[from] move: Ally Switch\n|move|p2a: Kingambit|Guillotine|p1a: Trevenant\n|-immune|p1a: Trevenant\n|move|p1b: Primarina|Hyper Voice|p2a: Kingambit|[spread] p2a,p2b\n|-damage|p2a: Kingambit|62/100\n|-damage|p2b: Hawlucha|2/100\n|move|p2b: Hawlucha|Brave Bird|p1a: Trevenant\n|-supereffective|p1a: Trevenant|1\n|-damage|p1a: Trevenant|0 fnt\n|faint|p1a: Trevenant\n|-damage|p2b: Hawlucha|0 fnt|[from] Recoil\n|faint|p2b: Hawlucha\n|\n|upkeep\n|\n|t:|1776026067\n|switch|p1a: Tyranitar|Tyranitar, L50, M|100/100\n|switch|p2b: Whimsicott|Whimsicott, L50, F, shiny|100/100\n|-weather|Sandstorm|[from] ability: Sand Stream|[of] p1a: Tyranitar\n|turn|5\n|\n|t:|1776026085\n|detailschange|p1a: Tyranitar|Tyranitar-Mega, L50, M\n|-mega|p1a: Tyranitar|Tyranitar|Tyranitarite\n|move|p2b: Whimsicott|Protect|p2b: Whimsicott\n|-singleturn|p2b: Whimsicott|Protect\n|move|p2a: Kingambit|Guillotine|p1a: Tyranitar\n|-damage|p1a: Tyranitar|0 fnt\n|faint|p1a: Tyranitar\n|-ohko\n|move|p1b: Primarina|Moonblast|p2a: Kingambit\n|-damage|p2a: Kingambit|10/100\n|-enditem|p2a: Kingambit|Sitrus Berry|[eat]\n|-heal|p2a: Kingambit|35/100|[from] item: Sitrus Berry\n|\n|-weather|Sandstorm|[upkeep]\n|-damage|p1b: Primarina|95/100|[from] Sandstorm\n|-damage|p2b: Whimsicott|95/100|[from] Sandstorm\n|-heal|p1b: Primarina|100/100|[from] item: Leftovers\n|-fieldend|move: Trick Room\n|upkeep\n|turn|6\n|\n|t:|1776026104\n|move|p2b: Whimsicott|Tailwind|p2b: Whimsicott\n|-sidestart|p2: imcrylo|move: Tailwind\n|move|p2a: Kingambit|Guillotine|p1b: Primarina\n|-damage|p1b: Primarina|0 fnt\n|faint|p1b: Primarina\n|-ohko\n|\n|win|imcrylo\n|raw|YellowSeventeen's rating: 1072 &rarr; <strong>1050</strong><br />(-22 for losing)\n|raw|imcrylo's rating: 1046 &rarr; <strong>1082</strong><br />(+36 for winning)\n|l|\u2606YellowSeventeen\n|player|p1|\n",
  "uploadtime": 1776026120,
  "views": 16,
  "formatid": "gen9championsvgc2026regma",
  "rating": 1050,
  "private": 0,
  "password": null
}