{
  "id": "gen9championsvgc2026regma-2584327382",
  "format": "[Gen 9 Champions] VGC 2026 Reg M-A",
  "players": [
    "yadazei",
    "Justinguiguivgc"
  ],
  "log": "|j|\u2606yadazei\n|j|\u2606Justinguiguivgc\n|t:|1776251636\n|gametype|doubles\n|player|p1|yadazei|twins|1158\n|player|p2|Justinguiguivgc|lucas|1124\n|gen|9\n|tier|[Gen 9 Champions] VGC 2026 Reg M-A\n|rated|\n|rule|Species Clause: Limit one of each Pok\u00e9mon\n|rule|Item Clause: Limit 1 of each item\n|clearpoke\n|poke|p1|Greninja-*, L50, F|\n|poke|p1|Pelipper, L50, M|\n|poke|p1|Aerodactyl, L50, M|\n|poke|p1|Archaludon, L50, F|\n|poke|p1|Aegislash, L50, F|\n|poke|p1|Sneasler, L50, F|\n|poke|p2|Gengar, L50, F|\n|poke|p2|Incineroar, L50, F|\n|poke|p2|Sinistcha, L50|\n|poke|p2|Garchomp, L50, M|\n|poke|p2|Kingambit, L50, F|\n|poke|p2|Sneasler, L50, F|\n|teampreview|4\n|inactive|Battle timer is ON: inactive players will automatically lose when time's up. (requested by yadazei)\n|inactive|Justinguiguivgc has 60 seconds left.\n|\n|t:|1776251676\n|teamsize|p1|4\n|teamsize|p2|4\n|start\n|switch|p1a: Sneasler|Sneasler, L50, F|100/100\n|switch|p1b: Aegislash|Aegislash, L50, F|100/100\n|switch|p2a: Gengar|Gengar, L50, F|100/100\n|switch|p2b: Incineroar|Incineroar, L50, F|100/100\n|-ability|p2b: Incineroar|Intimidate|boost\n|-unboost|p1a: Sneasler|atk|1\n|-unboost|p1b: Aegislash|atk|1\n|-enditem|p1a: Sneasler|White Herb\n|-clearnegativeboost|p1a: Sneasler|[silent]\n|turn|1\n|inactive|Justinguiguivgc has 30 seconds left.\n|\n|t:|1776251705\n|detailschange|p2a: Gengar|Gengar-Mega, L50, F\n|-mega|p2a: Gengar|Gengar|Gengarite\n|move|p2b: Incineroar|Fake Out|p1b: Aegislash\n|-immune|p1b: Aegislash\n|move|p1a: Sneasler|Close Combat|p2b: Incineroar\n|-supereffective|p2b: Incineroar|1\n|-damage|p2b: Incineroar|1/100\n|-unboost|p1a: Sneasler|def|1\n|-unboost|p1a: Sneasler|spd|1\n|move|p2a: Gengar|Shadow Ball|p1b: Aegislash\n|-supereffective|p1b: Aegislash|1\n|-crit|p1b: Aegislash\n|-damage|p1b: Aegislash|0 fnt\n|faint|p1b: Aegislash\n|\n|upkeep\n|\n|t:|1776251720\n|switch|p1b: Greninja|Greninja, L50, F|100/100\n|turn|2\n|\n|t:|1776251738\n|switch|p2b: Sinistcha|Sinistcha, L50|100/100\n|detailschange|p1b: Greninja|Greninja-Mega, L50, F\n|-mega|p1b: Greninja|Greninja|Greninjite\n|move|p2a: Gengar|Protect|p2a: Gengar\n|-singleturn|p2a: Gengar|Protect\n|move|p1a: Sneasler|Dire Claw|p2b: Sinistcha\n|-damage|p2b: Sinistcha|68/100\n|move|p1b: Greninja|Dark Pulse|p2a: Gengar\n|-start|p1b: Greninja|typechange|Dark|[from] ability: Protean\n|-activate|p2a: Gengar|move: Protect\n|\n|upkeep\n|turn|3\n|inactive|Justinguiguivgc has 30 seconds left.\n|inactive|Justinguiguivgc has 20 seconds left.\n|\n|t:|1776251776\n|switch|p2a: Incineroar|Incineroar, L50, F|1/100\n|-ability|p2a: Incineroar|Intimidate|boost\n|-unboost|p1a: Sneasler|atk|1\n|-unboost|p1b: Greninja|atk|1\n|move|p2b: Sinistcha|Protect|p2b: Sinistcha\n|-singleturn|p2b: Sinistcha|Protect\n|move|p1a: Sneasler|Dire Claw|p2b: Sinistcha\n|-activate|p2b: Sinistcha|move: Protect\n|move|p1b: Greninja|Dark Pulse|p2a: Incineroar\n|-resisted|p2a: Incineroar|1\n|-damage|p2a: Incineroar|0 fnt\n|faint|p2a: Incineroar\n|\n|upkeep\n|\n|t:|1776251794\n|switch|p2a: Garchomp|Garchomp, L50, M|100/100\n|turn|4\n|\n|t:|1776251816\n|switch|p1a: Pelipper|Pelipper, L50, M|100/100\n|-weather|RainDance|[from] ability: Drizzle|[of] p1a: Pelipper\n|move|p1b: Greninja|Protect|p1b: Greninja\n|-singleturn|p1b: Greninja|Protect\n|move|p2a: Garchomp|Earthquake|p1b: Greninja|[spread] p2b\n|-activate|p1b: Greninja|move: Protect\n|-immune|p1a: Pelipper\n|-resisted|p2b: Sinistcha|1\n|-damage|p2b: Sinistcha|53/100\n|move|p2b: Sinistcha|Matcha Gotcha|p1b: Greninja|[spread] p1a\n|-activate|p1b: Greninja|move: Protect\n|-damage|p1a: Pelipper|60/100\n|-heal|p2b: Sinistcha|68/100|[from] drain|[of] p1a: Pelipper\n|\n|-weather|RainDance|[upkeep]\n|upkeep\n|turn|5\n|inactive|Justinguiguivgc has 30 seconds left.\n|\n|t:|1776251841\n|move|p2b: Sinistcha|Protect|p2b: Sinistcha\n|-singleturn|p2b: Sinistcha|Protect\n|move|p1a: Pelipper|Wide Guard|p1a: Pelipper\n|-singleturn|p1a: Pelipper|Wide Guard\n|move|p1b: Greninja|Ice Beam|p2a: Garchomp\n|-supereffective|p2a: Garchomp|2\n|-damage|p2a: Garchomp|0 fnt\n|faint|p2a: Garchomp\n|\n|-weather|RainDance|[upkeep]\n|upkeep\n|\n|t:|1776251850\n|switch|p2a: Gengar|Gengar-Mega, L50, F|100/100\n|turn|6\n|\n|t:|1776251857\n|move|p2a: Gengar|Protect|p2a: Gengar\n|-singleturn|p2a: Gengar|Protect\n|move|p1b: Greninja|Dark Pulse|p2a: Gengar\n|-activate|p2a: Gengar|move: Protect\n|move|p1a: Pelipper|Hurricane|p2b: Sinistcha\n|-supereffective|p2b: Sinistcha|1\n|-damage|p2b: Sinistcha|0 fnt\n|faint|p2b: Sinistcha\n|\n|-weather|RainDance|[upkeep]\n|upkeep\n|turn|7\n|-message|Justinguiguivgc forfeited.\n|\n|win|yadazei\n|raw|yadazei's rating: 1158 &rarr; <strong>1181</strong><br />(+23 for winning)\n|raw|Justinguiguivgc's rating: 1124 &rarr; <strong>1101</strong><br />(-23 for losing)\n|l|\u2606Justinguiguivgc\n|player|p2|\n",
  "uploadtime": 1776251897,
  "views": 23,
  "formatid": "gen9championsvgc2026regma",
  "rating": 1101,
  "private": 0,
  "password": null
}