{
  "id": "gen9championsvgc2026regma-2587855346",
  "format": "[Gen 9 Champions] VGC 2026 Reg M-A",
  "players": [
    "yoshep",
    "lonoVGC"
  ],
  "log": "|j|\u2606yoshep\n|j|\u2606lonoVGC\n|t:|1776571058\n|gametype|doubles\n|player|p1|yoshep|2|1411\n|player|p2|lonoVGC|unknownf|1453\n|gen|9\n|tier|[Gen 9 Champions] VGC 2026 Reg M-A\n|rated|\n|rule|Species Clause: Limit one of each Pok\u00e9mon\n|rule|Item Clause: Limit 1 of each item\n|clearpoke\n|poke|p1|Froslass, L50, F|\n|poke|p1|Archaludon, L50, M|\n|poke|p1|Basculegion, L50, M|\n|poke|p1|Sinistcha-Masterpiece, L50|\n|poke|p1|Glimmora, L50, M|\n|poke|p1|Sneasler, L50, M|\n|poke|p2|Gardevoir, L50, F, shiny|\n|poke|p2|Incineroar, L50, F, shiny|\n|poke|p2|Maushold-Four, L50|\n|poke|p2|Sneasler, L50, F|\n|poke|p2|Kingambit, L50, M|\n|poke|p2|Garchomp, L50, F|\n|teampreview|4\n|inactive|Battle timer is ON: inactive players will automatically lose when time's up. (requested by yoshep)\n|inactive|yoshep has 60 seconds left.\n|\n|t:|1776571107\n|teamsize|p1|4\n|teamsize|p2|4\n|start\n|switch|p1a: Sneasler|Sneasler, L50, M|100/100\n|switch|p1b: Froslass|Froslass, L50, F|100/100\n|switch|p2a: Kingambit|Kingambit, L50, M|100/100\n|switch|p2b: Gardevoir|Gardevoir, L50, F, shiny|100/100\n|-ability|p2b: Gardevoir|Snow Cloak|Trace|[from] ability: Trace|[of] p1b: Froslass\n|turn|1\n|inactive|lonoVGC has 30 seconds left.\n|\n|t:|1776571138\n|switch|p2a: Incineroar|Incineroar, L50, F, shiny|100/100\n|-ability|p2a: Incineroar|Intimidate|boost\n|-unboost|p1a: Sneasler|atk|1\n|-unboost|p1b: Froslass|atk|1\n|-enditem|p1a: Sneasler|White Herb\n|-clearnegativeboost|p1a: Sneasler|[silent]\n|detailschange|p2b: Gardevoir|Gardevoir-Mega, L50, F, shiny\n|-mega|p2b: Gardevoir|Gardevoir|Gardevoirite\n|move|p1a: Sneasler|Protect|p1a: Sneasler\n|-singleturn|p1a: Sneasler|Protect\n|move|p1b: Froslass|Protect|p1b: Froslass\n|-singleturn|p1b: Froslass|Protect\n|move|p2b: Gardevoir|Psychic|p1a: Sneasler\n|-activate|p1a: Sneasler|move: Protect\n|\n|upkeep\n|turn|2\n|inactive|yoshep has 30 seconds left.\n|inactive|lonoVGC has 30 seconds left.\n|inactive|yoshep has 20 seconds left.\n|\n|t:|1776571177\n|switch|p1a: Sinistcha|Sinistcha-Masterpiece, L50|100/100\n|detailschange|p1b: Froslass|Froslass-Mega, L50, F\n|-mega|p1b: Froslass|Froslass|Froslassite\n|-weather|Snowscape|[from] ability: Snow Warning|[of] p1b: Froslass\n|move|p1b: Froslass|Shadow Ball|p2b: Gardevoir\n|-supereffective|p2b: Gardevoir|1\n|-damage|p2b: Gardevoir|40/100\n|move|p2b: Gardevoir|Hyper Voice|p1b: Froslass|[spread] p1a,p1b\n|-damage|p1a: Sinistcha|46/100\n|-damage|p1b: Froslass|44/100\n|move|p2a: Incineroar|Throat Chop|p1b: Froslass\n|-supereffective|p1b: Froslass|1\n|-damage|p1b: Froslass|0 fnt\n|faint|p1b: Froslass\n|\n|-weather|Snowscape|[upkeep]\n|upkeep\n|inactive|yoshep has 30 seconds left.\n|\n|t:|1776571202\n|switch|p1b: Sneasler|Sneasler, L50, M|100/100\n|turn|3\n|inactive|lonoVGC has 30 seconds left.\n|\n|t:|1776571230\n|switch|p2b: Kingambit|Kingambit, L50, M|100/100\n|switch|p1a: Glimmora|Glimmora, L50, M|100/100\n|move|p1b: Sneasler|Dire Claw|p2b: Kingambit\n|-immune|p2b: Kingambit\n|move|p2a: Incineroar|Throat Chop|p1a: Glimmora\n|-damage|p1a: Glimmora|64/100\n|-start|p1a: Glimmora|Throat Chop|[silent]\n|-activate|p1a: Glimmora|ability: Toxic Debris\n|-sidestart|p2: lonoVGC|move: Toxic Spikes\n|\n|-weather|Snowscape|[upkeep]\n|upkeep\n|turn|4\n|\n|t:|1776571254\n|switch|p2a: Garchomp|Garchomp, L50, F|100/100\n|-status|p2a: Garchomp|psn\n|move|p1a: Glimmora|Earth Power|p2b: Kingambit\n|-supereffective|p2b: Kingambit|1\n|-damage|p2b: Kingambit|29/100\n|move|p1b: Sneasler|Close Combat|p2a: Garchomp\n|-damage|p2a: Garchomp|42/100 psn\n|-unboost|p1b: Sneasler|def|1\n|-unboost|p1b: Sneasler|spd|1\n|-damage|p1b: Sneasler|88/100|[from] ability: Rough Skin|[of] p2a: Garchomp\n|move|p2b: Kingambit|Kowtow Cleave|p1a: Glimmora\n|-damage|p1a: Glimmora|0 fnt\n|-activate|p1a: Glimmora|ability: Toxic Debris\n|-sidestart|p2: lonoVGC|move: Toxic Spikes\n|faint|p1a: Glimmora\n|\n|-weather|Snowscape|[upkeep]\n|-damage|p2a: Garchomp|30/100 psn|[from] psn\n|upkeep\n|\n|t:|1776571262\n|switch|p1a: Sinistcha|Sinistcha-Masterpiece, L50|46/100\n|-heal|p1b: Sneasler|100/100|[from] ability: Hospitality|[of] p1a: Sinistcha\n|turn|5\n|inactive|yoshep has 30 seconds left.\n|inactive|yoshep has 20 seconds left.\n|inactive|yoshep has 15 seconds left.\n|inactive|yoshep has 10 seconds left.\n|\n|t:|1776571311\n|move|p1a: Sinistcha|Rage Powder|p1a: Sinistcha\n|-singleturn|p1a: Sinistcha|move: Rage Powder\n|move|p2a: Garchomp|Stomping Tantrum|p1a: Sinistcha\n|-resisted|p1a: Sinistcha|1\n|-damage|p1a: Sinistcha|33/100\n|move|p1b: Sneasler|Close Combat|p2b: Kingambit\n|-supereffective|p2b: Kingambit|2\n|-damage|p2b: Kingambit|0 fnt\n|-unboost|p1b: Sneasler|def|1\n|-unboost|p1b: Sneasler|spd|1\n|faint|p2b: Kingambit\n|\n|-weather|Snowscape|[upkeep]\n|-damage|p2a: Garchomp|17/100 psn|[from] psn\n|upkeep\n|\n|t:|1776571320\n|switch|p2b: Incineroar|Incineroar, L50, F, shiny|100/100\n|-status|p2b: Incineroar|tox\n|-ability|p2b: Incineroar|Intimidate|boost\n|-unboost|p1a: Sinistcha|atk|1\n|-unboost|p1b: Sneasler|atk|1\n|turn|6\n|inactive|lonoVGC has 30 seconds left.\n|\n|t:|1776571346\n|switch|p2a: Gardevoir|Gardevoir-Mega, L50, F, shiny|40/100\n|-status|p2a: Gardevoir|tox\n|move|p1b: Sneasler|Protect|p1b: Sneasler\n|-singleturn|p1b: Sneasler|Protect\n|move|p1a: Sinistcha|Protect|p1a: Sinistcha\n|-singleturn|p1a: Sinistcha|Protect\n|move|p2b: Incineroar|Throat Chop|p1a: Sinistcha\n|-activate|p1a: Sinistcha|move: Protect\n|\n|-weather|none\n|-damage|p2a: Gardevoir|35/100 tox|[from] psn\n|-damage|p2b: Incineroar|95/100 tox|[from] psn\n|upkeep\n|turn|7\n|\n|t:|1776571367\n|move|p1a: Sinistcha|Rage Powder|p1a: Sinistcha\n|-singleturn|p1a: Sinistcha|move: Rage Powder\n|move|p1b: Sneasler|Dire Claw|p2a: Gardevoir\n|-supereffective|p2a: Gardevoir|1\n|-damage|p2a: Gardevoir|0 fnt\n|faint|p2a: Gardevoir\n|move|p2b: Incineroar|Throat Chop|p1a: Sinistcha\n|-supereffective|p1a: Sinistcha|1\n|-damage|p1a: Sinistcha|0 fnt\n|faint|p1a: Sinistcha\n|\n|-damage|p2b: Incineroar|83/100 tox|[from] psn\n|upkeep\n|\n|t:|1776571372\n|switch|p2a: Garchomp|Garchomp, L50, F|17/100 psn\n|turn|8\n|\n|t:|1776571380\n|move|p1b: Sneasler|Protect|p1b: Sneasler\n|-singleturn|p1b: Sneasler|Protect\n|move|p2a: Garchomp|Stomping Tantrum|p1b: Sneasler\n|-activate|p1b: Sneasler|move: Protect\n|move|p2b: Incineroar|Flare Blitz|p1b: Sneasler\n|-activate|p1b: Sneasler|move: Protect\n|\n|-damage|p2a: Garchomp|5/100 psn|[from] psn\n|-damage|p2b: Incineroar|65/100 tox|[from] psn\n|upkeep\n|turn|9\n|\n|t:|1776571395\n|move|p1b: Sneasler|Protect||[still]\n|-fail|p1b: Sneasler\n|move|p2a: Garchomp|Stomping Tantrum|p1b: Sneasler\n|-supereffective|p1b: Sneasler|1\n|-damage|p1b: Sneasler|0 fnt\n|faint|p1b: Sneasler\n|\n|win|lonoVGC\n|raw|yoshep's rating: 1411 &rarr; <strong>1393</strong><br />(-18 for losing)\n|raw|lonoVGC's rating: 1453 &rarr; <strong>1471</strong><br />(+18 for winning)\n|l|\u2606yoshep\n|player|p1|\n",
  "uploadtime": 1776571397,
  "views": 16,
  "formatid": "gen9championsvgc2026regma",
  "rating": 1393,
  "private": 0,
  "password": null
}