{
  "id": "gen9championsvgc2026regma-2583683765",
  "format": "[Gen 9 Champions] VGC 2026 Reg M-A",
  "players": [
    "TS E4 G-Man",
    "themegaisiug"
  ],
  "log": "|j|\u2606TS E4 G-Man\n|j|\u2606themegaisiug\n|t:|1776190840\n|gametype|doubles\n|player|p1|TS E4 G-Man|sycamore-masters|1106\n|player|p2|themegaisiug|boarder|1138\n|gen|9\n|tier|[Gen 9 Champions] VGC 2026 Reg M-A\n|rated|\n|rule|Species Clause: Limit one of each Pok\u00e9mon\n|rule|Item Clause: Limit 1 of each item\n|clearpoke\n|poke|p1|Chimecho, L50, M|\n|poke|p1|Hydrapple, L50, F|\n|poke|p1|Oranguru, L50, M|\n|poke|p1|Camerupt, L50, M|\n|poke|p1|Conkeldurr, L50, F|\n|poke|p1|Torkoal, L50, M|\n|poke|p2|Aerodactyl, L50, M|\n|poke|p2|Floette-Eternal, L50, F|\n|poke|p2|Incineroar, L50, F|\n|poke|p2|Sinistcha, L50|\n|poke|p2|Sneasler, L50, F|\n|poke|p2|Kingambit, L50, M|\n|teampreview|4\nTS E4 G-Man rejected open team sheets.\n|\n|t:|1776190889\n|teamsize|p1|4\n|teamsize|p2|4\n|start\n|switch|p1a: Oranguru|Oranguru, L50, M, shiny|100/100\n|switch|p1b: Conkeldurr|Conkeldurr, L50, F, shiny|100/100\n|switch|p2a: Floette|Floette-Eternal, L50, F|100/100\n|switch|p2b: Incineroar|Incineroar, L50, F|100/100\n|-ability|p2b: Incineroar|Intimidate|boost\n|-unboost|p1a: Oranguru|atk|1\n|-unboost|p1b: Conkeldurr|atk|1\n|turn|1\n|\n|t:|1776190932\n|switch|p1b: Torkoal|Torkoal, L50, M, shiny|100/100\n|-weather|SunnyDay|[from] ability: Drought|[of] p1b: Torkoal\n|detailschange|p2a: Floette|Floette-Mega, L50, F\n|-mega|p2a: Floette|Floette|Floettite\n|-ability|p2a: Floette|Fairy Aura\n|move|p1a: Oranguru|Protect|p1a: Oranguru\n|-singleturn|p1a: Oranguru|Protect\n|move|p2a: Floette|Calm Mind|p2a: Floette\n|-boost|p2a: Floette|spa|1\n|-boost|p2a: Floette|spd|1\n|move|p2b: Incineroar|Throat Chop|p1b: Torkoal\n|-damage|p1b: Torkoal|71/100\n|-start|p1b: Torkoal|Throat Chop|[silent]\n|\n|-weather|SunnyDay|[upkeep]\n|upkeep\n|turn|2\n|\n|t:|1776190965\n|move|p2a: Floette|Moonblast|p1b: Torkoal\n|-resisted|p1b: Torkoal|1\n|-damage|p1b: Torkoal|0 fnt\n|faint|p1b: Torkoal\n|move|p2b: Incineroar|Flare Blitz|p1a: Oranguru\n|-damage|p1a: Oranguru|16/100\n|-status|p1a: Oranguru|brn\n|-damage|p2b: Incineroar|74/100|[from] Recoil\n|move|p1a: Oranguru|Trick Room|p1a: Oranguru\n|-fieldstart|move: Trick Room|[of] p1a: Oranguru\n|\n|-weather|SunnyDay|[upkeep]\n|-damage|p1a: Oranguru|10/100 brn|[from] brn\n|upkeep\n|\n|t:|1776190975\n|switch|p1b: Camerupt|Camerupt, L50, M, shiny|100/100\n|turn|3\n|\n|t:|1776190989\n|detailschange|p1b: Camerupt|Camerupt-Mega, L50, M, shiny\n|-mega|p1b: Camerupt|Camerupt|Cameruptite\n|move|p1b: Camerupt|Eruption|p2b: Incineroar|[spread] p2a,p2b\n|-resisted|p2b: Incineroar|1\n|-damage|p2a: Floette|54/100\n|-damage|p2b: Incineroar|28/100\n|move|p1a: Oranguru|Instruct|p1b: Camerupt\n|-singleturn|p1b: Camerupt|move: Instruct|[of] p1a: Oranguru\n|move|p1b: Camerupt|Eruption|p2a: Floette|[spread] p2a,p2b\n|-resisted|p2b: Incineroar|1\n|-damage|p2a: Floette|1/100\n|-damage|p2b: Incineroar|0 fnt\n|faint|p2b: Incineroar\n|move|p2a: Floette|Moonblast|p1b: Camerupt\n|-resisted|p1b: Camerupt|1\n|-damage|p1b: Camerupt|51/100\n|-unboost|p1b: Camerupt|spa|1\n|\n|-weather|SunnyDay|[upkeep]\n|-damage|p1a: Oranguru|4/100 brn|[from] brn\n|upkeep\n|inactive|Battle timer is ON: inactive players will automatically lose when time's up. (requested by TS E4 G-Man)\n|\n|t:|1776191011\n|switch|p2b: Kingambit|Kingambit, L50, M|100/100\n|turn|4\n|\n|t:|1776191021\n|move|p2a: Floette|Protect|p2a: Floette\n|-singleturn|p2a: Floette|Protect\n|move|p2b: Kingambit|Sucker Punch|p1b: Camerupt\n|-damage|p1b: Camerupt|8/100\n|move|p1b: Camerupt|Heat Wave|p2a: Floette|[spread] p2b\n|-activate|p2a: Floette|move: Protect\n|-supereffective|p2b: Kingambit|1\n|-damage|p2b: Kingambit|0 fnt\n|faint|p2b: Kingambit\n|move|p1a: Oranguru|Psychic Noise|p2a: Floette\n|-activate|p2a: Floette|move: Protect\n|\n|-weather|SunnyDay|[upkeep]\n|-damage|p1a: Oranguru|0 fnt|[from] brn\n|faint|p1a: Oranguru\n|upkeep\n|\n|t:|1776191036\n|switch|p1a: Conkeldurr|Conkeldurr, L50, F, shiny|100/100\n|switch|p2b: Sinistcha|Sinistcha, L50|100/100\n|-heal|p2a: Floette|26/100|[from] ability: Hospitality|[of] p2b: Sinistcha\n|turn|5\n|\n|t:|1776191059\n|move|p1b: Camerupt|Heat Wave|p2a: Floette|[spread] p2a,p2b\n|-supereffective|p2b: Sinistcha|1\n|-damage|p2a: Floette|0 fnt\n|-damage|p2b: Sinistcha|0 fnt\n|faint|p2a: Floette\n|faint|p2b: Sinistcha\n|\n|win|TS E4 G-Man\n|raw|TS E4 G-Man's rating: 1106 &rarr; <strong>1133</strong><br />(+27 for winning)\n|raw|themegaisiug's rating: 1138 &rarr; <strong>1111</strong><br />(-27 for losing)\n",
  "uploadtime": 1776191062,
  "views": 16,
  "formatid": "gen9championsvgc2026regma",
  "rating": 1111,
  "private": 0,
  "password": null
}