{
  "id": "gen9championsvgc2026regma-2581107784",
  "format": "[Gen 9 Champions] VGC 2026 Reg M-A",
  "players": [
    "AlterPants",
    "dkapflzksh"
  ],
  "log": "|j|\u2606AlterPants\n|j|\u2606dkapflzksh\n|t:|1775960581\n|gametype|doubles\n|player|p1|AlterPants|riley|1082\n|player|p2|dkapflzksh|thorton|1049\n|gen|9\n|tier|[Gen 9 Champions] VGC 2026 Reg M-A\n|rated|\n|rule|Species Clause: Limit one of each Pok\u00e9mon\n|rule|Item Clause: Limit 1 of each item\n|clearpoke\n|poke|p1|Blastoise, L50, F|\n|poke|p1|Clefable, L50, F|\n|poke|p1|Pelipper, L50, M|\n|poke|p1|Heliolisk, L50, M|\n|poke|p1|Archaludon, L50, M|\n|poke|p1|Lopunny, L50, F|\n|poke|p2|Pelipper, L50, F|\n|poke|p2|Basculegion, L50, M|\n|poke|p2|Dragonite, L50, M|\n|poke|p2|Archaludon, L50, M|\n|poke|p2|Sableye, L50, F|\n|poke|p2|Incineroar, L50, F|\n|teampreview|4\n|inactive|Battle timer is ON: inactive players will automatically lose when time's up. (requested by AlterPants)\n|\n|t:|1775960600\n|teamsize|p1|4\n|teamsize|p2|4\n|start\n|switch|p1a: Blastoise|Blastoise, L50, F|100/100\n|switch|p1b: Clefable|Clefable, L50, F|100/100\n|switch|p2a: Sableye|Sableye, L50, F|100/100\n|switch|p2b: Basculegion|Basculegion, L50, M, shiny|100/100\n|turn|1\n|inactive|dkapflzksh has 30 seconds left.\n|inactive|dkapflzksh has 20 seconds left.\n|inactive|dkapflzksh has 15 seconds left.\n|\n|t:|1775960640\n|detailschange|p1a: Blastoise|Blastoise-Mega, L50, F\n|-mega|p1a: Blastoise|Blastoise|Blastoisinite\n|move|p1b: Clefable|Follow Me|p1b: Clefable\n|-singleturn|p1b: Clefable|move: Follow Me\n|move|p2a: Sableye|Rain Dance|p2a: Sableye\n|-weather|RainDance\n|move|p2b: Basculegion|Flip Turn|p1b: Clefable\n|-damage|p1b: Clefable|59/100\n|\n|t:|1775960647\n|switch|p2b: Archaludon|Archaludon, L50, M, shiny|100/100|[from] Flip Turn\n|move|p1a: Blastoise|Shell Smash|p1a: Blastoise\n|-unboost|p1a: Blastoise|def|1\n|-unboost|p1a: Blastoise|spd|1\n|-boost|p1a: Blastoise|atk|2\n|-boost|p1a: Blastoise|spa|2\n|-boost|p1a: Blastoise|spe|2\n|\n|-weather|RainDance|[upkeep]\n|upkeep\n|turn|2\n|inactive|dkapflzksh has 30 seconds left.\n|inactive|dkapflzksh has 20 seconds left.\n|\n|t:|1775960685\n|move|p1b: Clefable|Follow Me|p1b: Clefable\n|-singleturn|p1b: Clefable|move: Follow Me\n|move|p2a: Sableye|Light Screen|p2a: Sableye\n|-sidestart|p2: dkapflzksh|move: Light Screen\n|move|p1a: Blastoise|Dark Pulse|p2b: Archaludon\n|-damage|p2b: Archaludon|43/100\n|-ability|p2b: Archaludon|Stamina|boost\n|-boost|p2b: Archaludon|def|1\n|cant|p2b: Archaludon|flinch\n|\n|-weather|RainDance|[upkeep]\n|-heal|p2b: Archaludon|49/100|[from] item: Leftovers\n|upkeep\n|turn|3\n|\n|t:|1775960706\n|move|p2b: Archaludon|Protect|p2b: Archaludon\n|-singleturn|p2b: Archaludon|Protect\n|move|p1b: Clefable|Follow Me|p1b: Clefable\n|-singleturn|p1b: Clefable|move: Follow Me\n|move|p2a: Sableye|Disable|p1b: Clefable\n|-start|p1b: Clefable|Disable|Follow Me\n|move|p1a: Blastoise|Water Spout|p2a: Sableye|[spread] p2a\n|-activate|p2b: Archaludon|move: Protect\n|-damage|p2a: Sableye|0 fnt\n|faint|p2a: Sableye\n|\n|-weather|RainDance|[upkeep]\n|-heal|p2b: Archaludon|55/100|[from] item: Leftovers\n|upkeep\n|\n|t:|1775960719\n|switch|p2a: Dragonite|Dragonite, L50, M, shiny|100/100\n|turn|4\n|\n|t:|1775960730\n|detailschange|p2a: Dragonite|Dragonite-Mega, L50, M, shiny\n|-mega|p2a: Dragonite|Dragonite|Dragoninite\n|move|p1a: Blastoise|Dark Pulse|p2b: Archaludon\n|-damage|p2b: Archaludon|0 fnt\n|faint|p2b: Archaludon\n|move|p2a: Dragonite|Thunder|p1a: Blastoise\n|-supereffective|p1a: Blastoise|1\n|-damage|p1a: Blastoise|4/100\n|move|p1b: Clefable|Moonblast|p2a: Dragonite\n|-supereffective|p2a: Dragonite|1\n|-damage|p2a: Dragonite|81/100\n|\n|-weather|RainDance|[upkeep]\n|upkeep\n|\n|t:|1775960741\n|switch|p2b: Basculegion|Basculegion, L50, M, shiny|100/100\n|turn|5\n|\n|t:|1775960759\n|move|p2b: Basculegion|Aqua Jet|p1a: Blastoise\n|-resisted|p1a: Blastoise|1\n|-damage|p1a: Blastoise|0 fnt\n|faint|p1a: Blastoise\n|move|p2a: Dragonite|Hurricane|p1b: Clefable\n|-damage|p1b: Clefable|7/100\n|-enditem|p1b: Clefable|Sitrus Berry|[eat]\n|-heal|p1b: Clefable|32/100|[from] item: Sitrus Berry\n|move|p1b: Clefable|Moonblast|p2a: Dragonite\n|-supereffective|p2a: Dragonite|1\n|-damage|p2a: Dragonite|45/100\n|-unboost|p2a: Dragonite|spa|1\n|\n|-weather|none\n|upkeep\n|\n|t:|1775960770\n|switch|p1a: Heliolisk|Heliolisk, L50, M|100/100\n|turn|6\n|inactive|dkapflzksh has 30 seconds left.\n|\n|t:|1775960797\n|move|p1b: Clefable|Protect|p1b: Clefable\n|-singleturn|p1b: Clefable|Protect\n|move|p1a: Heliolisk|Dragon Pulse|p2a: Dragonite\n|-supereffective|p2a: Dragonite|1\n|-damage|p2a: Dragonite|12/100\n|move|p2a: Dragonite|Draco Meteor|p1a: Heliolisk\n|-damage|p1a: Heliolisk|35/100\n|-unboost|p2a: Dragonite|spa|2\n|move|p2b: Basculegion|Last Respects|p1b: Clefable\n|-activate|p1b: Clefable|move: Protect\n|\n|-sideend|p2: dkapflzksh|move: Light Screen\n|upkeep\n|turn|7\n|\n|t:|1775960817\n|move|p2a: Dragonite|Protect|p2a: Dragonite\n|-singleturn|p2a: Dragonite|Protect\n|move|p1a: Heliolisk|Dragon Pulse|p2a: Dragonite\n|-activate|p2a: Dragonite|move: Protect\n|move|p2b: Basculegion|Last Respects|p1b: Clefable\n|-damage|p1b: Clefable|0 fnt\n|faint|p1b: Clefable\n|\n|upkeep\n|\n|t:|1775960824\n|switch|p1b: Pelipper|Pelipper, L50, M|100/100\n|-weather|RainDance|[from] ability: Drizzle|[of] p1b: Pelipper\n|turn|8\n|\n|t:|1775960844\n|move|p2b: Basculegion|Last Respects|p1b: Pelipper\n|-damage|p1b: Pelipper|32/100\n|move|p1a: Heliolisk|Dragon Pulse|p2a: Dragonite\n|-supereffective|p2a: Dragonite|1\n|-damage|p2a: Dragonite|0 fnt\n|faint|p2a: Dragonite\n|move|p1b: Pelipper|Tailwind|p1b: Pelipper\n|-sidestart|p1: AlterPants|move: Tailwind\n|\n|-weather|RainDance|[upkeep]\n|-heal|p1a: Heliolisk|47/100|[from] ability: Dry Skin\n|upkeep\n|turn|9\n|-message|dkapflzksh forfeited.\n|\n|win|AlterPants\n|raw|AlterPants's rating: 1082 &rarr; <strong>1107</strong><br />(+25 for winning)\n|raw|dkapflzksh's rating: 1049 &rarr; <strong>1033</strong><br />(-16 for losing)\n",
  "uploadtime": 1775960858,
  "views": 11,
  "formatid": "gen9championsvgc2026regma",
  "rating": 1033,
  "private": 0,
  "password": null
}