{
  "id": "gen9championsvgc2026regma-2580313478",
  "format": "[Gen 9 Champions] VGC 2026 Reg M-A",
  "players": [
    "Fayz Sharpie",
    "pengu"
  ],
  "log": "|j|\u2606Fayz Sharpie\n|j|\u2606pengu\n|t:|1775879249\n|gametype|doubles\n|player|p1|Fayz Sharpie|koga|\n|player|p2|pengu|rosa-masters|\n|gen|9\n|tier|[Gen 9 Champions] VGC 2026 Reg M-A\n|rated|Tournament battle\n|rule|Species Clause: Limit one of each Pok\u00e9mon\n|rule|Item Clause: Limit 1 of each item\n|clearpoke\n|poke|p1|Excadrill, L50, F|\n|poke|p1|Tyranitar, L50, M|\n|poke|p1|Delphox, L50, M|\n|poke|p1|Tsareena, L50, F|\n|poke|p1|Milotic, L50, M|\n|poke|p1|Incineroar, L50, F|\n|poke|p2|Gengar, L50, F|\n|poke|p2|Whimsicott, L50, M|\n|poke|p2|Incineroar, L50, F|\n|poke|p2|Ninetales-Alola, L50, M|\n|poke|p2|Sinistcha, L50|\n|poke|p2|Kommo-o, L50, M|\n|teampreview|4\n|inactive|Battle timer is ON: inactive players will automatically lose when time's up. (requested by pengu)\n|c|\u2606pengu|hf\n|j| Carrielis\npengu has agreed to open team sheets.\n|c|\u2606Fayz Sharpie|u2\n|j| rukt\n|j|@Bright Size\n|j| ZeFeGno\n|inactive|Fayz Sharpie has 60 seconds left.\n|inactive|pengu has 60 seconds left.\n|j| Phordy\n|\n|t:|1775879304\n|teamsize|p1|4\n|teamsize|p2|4\n|start\n|switch|p1a: Incineroar|Incineroar, L50, F|100/100\n|switch|p1b: Excadrill|Excadrill, L50, F|100/100\n|switch|p2a: Kommo-o|Kommo-o, L50, M|100/100\n|switch|p2b: Incineroar|Incineroar, L50, F|100/100\n|-ability|p2b: Incineroar|Intimidate|boost\n|-unboost|p1a: Incineroar|atk|1\n|-unboost|p1b: Excadrill|atk|1\n|-ability|p1a: Incineroar|Intimidate|boost\n|-unboost|p2a: Kommo-o|atk|1\n|-unboost|p2b: Incineroar|atk|1\n|turn|1\n|j| chumba03m\n|c| Carrielis|It would be so funny if fayz wins this tour with a team he hates\n|l| Phordy\n|j| Gggarbage\n|inactive|Fayz Sharpie has 30 seconds left.\n|j| Avi 2007\n|inactive|Fayz Sharpie has 20 seconds left.\n|inactive|Fayz Sharpie has 15 seconds left.\n|l| Avi 2007\n|c|\u2606Fayz Sharpie|if I win this tour I'll trash talk everyone for losing to a team made from scotch tape\n|inactive|Fayz Sharpie has 10 seconds left.\n|\n|t:|1775879352\n|move|p1a: Incineroar|Fake Out|p2a: Kommo-o\n|-damage|p2a: Kommo-o|94/100\n|move|p1b: Excadrill|High Horsepower|p2b: Incineroar\n|-supereffective|p2b: Incineroar|1\n|-enditem|p2b: Incineroar|Shuca Berry|[eat]\n|-enditem|p2b: Incineroar|Shuca Berry|[weaken]\n|-damage|p2b: Incineroar|63/100\n|cant|p2a: Kommo-o|flinch\n|move|p2b: Incineroar|Darkest Lariat|p1b: Excadrill\n|-damage|p1b: Excadrill|63/100\n|\n|-heal|p2a: Kommo-o|99/100|[from] item: Leftovers\n|upkeep\n|turn|2\n|j| Cyberdong\n|l| Cyberdong\n|inactive|Fayz Sharpie has 30 seconds left.\n|l|@Bright Size\n|inactive|Fayz Sharpie has 20 seconds left.\n|j| Ali_0009\n|\n|t:|1775879388\n|switch|p2b: Sinistcha|Sinistcha, L50|100/100\n|-heal|p2a: Kommo-o|100/100|[from] ability: Hospitality|[of] p2b: Sinistcha\n|move|p1b: Excadrill|Iron Head|p2a: Kommo-o\n|-damage|p2a: Kommo-o|72/100\n|move|p2a: Kommo-o|Clangorous Soul|p2a: Kommo-o\n|-boost|p2a: Kommo-o|atk|1\n|-boost|p2a: Kommo-o|def|1\n|-boost|p2a: Kommo-o|spa|1\n|-boost|p2a: Kommo-o|spd|1\n|-boost|p2a: Kommo-o|spe|1\n|-damage|p2a: Kommo-o|39/100\n|move|p1a: Incineroar|Parting Shot|p2b: Sinistcha\n|-unboost|p2b: Sinistcha|atk|1\n|-unboost|p2b: Sinistcha|spa|1\n|\n|t:|1775879393\n|switch|p1a: Tsareena|Tsareena, L50, F|100/100|[from] Parting Shot\n|\n|-heal|p2a: Kommo-o|45/100|[from] item: Leftovers\n|upkeep\n|turn|3\n|l| Ali_0009\n|inactive|pengu has 30 seconds left.\n|\n|t:|1775879419\n|switch|p1b: Tyranitar|Tyranitar, L50, M|100/100\n|-weather|Sandstorm|[from] ability: Sand Stream|[of] p1b: Tyranitar\n|move|p2a: Kommo-o|Protect|p2a: Kommo-o\n|-singleturn|p2a: Kommo-o|Protect\n|move|p1a: Tsareena|Triple Axel|p2a: Kommo-o\n|-activate|p2a: Kommo-o|move: Protect\n|move|p2b: Sinistcha|Life Dew||[still]|[spread] p2a,p2b\n|-heal|p2a: Kommo-o|70/100\n|-fail|p2b: Sinistcha|heal\n|\n|-weather|Sandstorm|[upkeep]\n|-damage|p1a: Tsareena|95/100|[from] Sandstorm\n|-damage|p2b: Sinistcha|94/100|[from] Sandstorm\n|-heal|p2a: Kommo-o|76/100|[from] item: Leftovers\n|upkeep\n|turn|4\n|j| KaiMVGC\n|j| Perhaps Perish?\n|\n|t:|1775879435\n|switch|p2b: Incineroar|Incineroar, L50, F|63/100\n|-ability|p2b: Incineroar|Intimidate|boost\n|-unboost|p1a: Tsareena|atk|1\n|-unboost|p1b: Tyranitar|atk|1\n|move|p2a: Kommo-o|Aura Sphere|p1b: Tyranitar\n|-supereffective|p1b: Tyranitar|2\n|-enditem|p1b: Tyranitar|Chople Berry|[eat]\n|-enditem|p1b: Tyranitar|Chople Berry|[weaken]\n|-damage|p1b: Tyranitar|47/100\n|move|p1a: Tsareena|Triple Axel|p2a: Kommo-o|[miss]\n|-miss|p1a: Tsareena|p2a: Kommo-o\n|move|p1b: Tyranitar|Knock Off|p2b: Incineroar\n|-resisted|p2b: Incineroar|1\n|-damage|p2b: Incineroar|51/100\n|\n|-weather|Sandstorm|[upkeep]\n|-damage|p1a: Tsareena|89/100|[from] Sandstorm\n|-damage|p2b: Incineroar|46/100|[from] Sandstorm\n|-heal|p2a: Kommo-o|82/100|[from] item: Leftovers\n|upkeep\n|turn|5\n|c|\u2606pengu|mb\n|inactive|Fayz Sharpie has 30 seconds left.\n|c|\u2606Fayz Sharpie|this might be ggs\n|\n|t:|1775879466\n|move|p2a: Kommo-o|Aura Sphere|p1b: Tyranitar\n|-supereffective|p1b: Tyranitar|2\n|-damage|p1b: Tyranitar|0 fnt\n|faint|p1b: Tyranitar\n|move|p1a: Tsareena|Triple Axel|p2a: Kommo-o\n|-supereffective|p2a: Kommo-o|1\n|-damage|p2a: Kommo-o|77/100\n|-supereffective|p2a: Kommo-o|1\n|-damage|p2a: Kommo-o|65/100\n|-hitcount|p2a: Kommo-o|2\n|move|p2b: Incineroar|Parting Shot|p1a: Tsareena\n|-unboost|p1a: Tsareena|atk|1\n|-unboost|p1a: Tsareena|spa|1\n|j|@chuppa\n|j| Tealnotsu\n|\n|t:|1775879473\n|switch|p2b: Sinistcha|Sinistcha, L50|94/100|[from] Parting Shot\n|-heal|p2a: Kommo-o|90/100|[from] ability: Hospitality|[of] p2b: Sinistcha\n|\n|-weather|Sandstorm|[upkeep]\n|-damage|p1a: Tsareena|83/100|[from] Sandstorm\n|-damage|p2b: Sinistcha|88/100|[from] Sandstorm\n|-heal|p2a: Kommo-o|97/100|[from] item: Leftovers\n|upkeep\n|\n|t:|1775879476\n|switch|p1b: Incineroar|Incineroar, L50, F|100/100\n|-ability|p1b: Incineroar|Intimidate|boost\n|-unboost|p2a: Kommo-o|atk|1\n|-unboost|p2b: Sinistcha|atk|1\n|turn|6\n|\n|t:|1775879481\n|switch|p2b: Incineroar|Incineroar, L50, F|46/100\n|-ability|p2b: Incineroar|Intimidate|boost\n|-unboost|p1a: Tsareena|atk|1\n|-unboost|p1b: Incineroar|atk|1\n|move|p2a: Kommo-o|Protect|p2a: Kommo-o\n|-singleturn|p2a: Kommo-o|Protect\n|move|p1a: Tsareena|Triple Axel|p2a: Kommo-o\n|-activate|p2a: Kommo-o|move: Protect\n|move|p1b: Incineroar|Flare Blitz|p2b: Incineroar\n|-resisted|p2b: Incineroar|1\n|-damage|p2b: Incineroar|31/100\n|-damage|p1b: Incineroar|96/100|[from] Recoil\n|\n|-weather|Sandstorm|[upkeep]\n|-damage|p1a: Tsareena|77/100|[from] Sandstorm\n|-damage|p2b: Incineroar|25/100|[from] Sandstorm\n|-damage|p1b: Incineroar|90/100|[from] Sandstorm\n|-heal|p2a: Kommo-o|100/100|[from] item: Leftovers\n|upkeep\n|turn|7\n|l| ZeFeGno\n|inactive|Fayz Sharpie has 30 seconds left.\n|inactive|Fayz Sharpie has 20 seconds left.\n|inactive|Fayz Sharpie has 15 seconds left.\n|c|\u2606Fayz Sharpie|eh I might jut forfeit, can't deal with kommo\n|c|\u2606Fayz Sharpie|gg\n|inactive|Fayz Sharpie has 10 seconds left.\n|-message|Fayz Sharpie forfeited.\n|\n|win|pengu\n|n|\u2606Fayz Sharpie|fayzsharpie\n|n|\u2606pengu|pengu\n|n| Carrielis|carrielis\n|n| rukt|rukt\n|n| chumba03m|chumba03m\n|n| Gggarbage|gggarbage\n|n| KaiMVGC|kaimvgc\n|n| Perhaps Perish?|perhapsperish\n|n| chuppa|chuppa\n|n| Tealnotsu|tealnotsu\n|l|\u2606Fayz Sharpie\n|player|p1|\n|l| Gggarbage\n|c|\u2606pengu|gg\n|l| Tealnotsu\n|l|\u2606pengu\n|player|p2|\n|l| KaiMVGC\n|l| Perhaps Perish?\n|j|\u2606pengu\n|player|p2|pengu|rosa-masters|\n",
  "uploadtime": 1775879554,
  "views": 19,
  "formatid": "gen9championsvgc2026regma",
  "rating": null,
  "private": 0,
  "password": null
}