{
  "id": "gen9championsvgc2026regma-2584079475",
  "format": "[Gen 9 Champions] VGC 2026 Reg M-A",
  "players": [
    "galawal",
    "Plameeyt1"
  ],
  "log": "|j|\u2606galawal\n|j|\u2606Plameeyt1\n|t:|1776223024\n|gametype|doubles\n|player|p1|galawal|170|1147\n|player|p2|Plameeyt1|265|1049\n|gen|9\n|tier|[Gen 9 Champions] VGC 2026 Reg M-A\n|rated|\n|rule|Species Clause: Limit one of each Pok\u00e9mon\n|rule|Item Clause: Limit 1 of each item\n|clearpoke\n|poke|p1|Meganium, L50, F|\n|poke|p1|Tyranitar, L50, M|\n|poke|p1|Excadrill, L50, F|\n|poke|p1|Rotom-Wash, L50|\n|poke|p1|Dragapult, L50, F|\n|poke|p1|Sneasler, L50, F|\n|poke|p2|Charizard, L50, M|\n|poke|p2|Sinistcha-Masterpiece, L50|\n|poke|p2|Vivillon-Modern, L50, F|\n|poke|p2|Alcremie-Rainbow-Swirl, L50, F|\n|poke|p2|Rotom-Wash, L50|\n|poke|p2|Araquanid, L50, M|\n|teampreview|4\n|inactive|Battle timer is ON: inactive players will automatically lose when time's up. (requested by Plameeyt1)\nPlameeyt1 rejected open team sheets.\n|inactive|galawal has 60 seconds left.\n|\n|t:|1776223071\n|teamsize|p1|4\n|teamsize|p2|4\n|start\n|switch|p1a: Dragapult|Dragapult, L50, F|100/100\n|switch|p1b: Tyranitar|Tyranitar, L50, M|100/100\n|switch|p2a: Charizard|Charizard, L50, M, shiny|100/100\n|switch|p2b: Vivillon|Vivillon-Modern, L50, F, shiny|100/100\n|-weather|Sandstorm|[from] ability: Sand Stream|[of] p1b: Tyranitar\n|turn|1\n|inactive|Plameeyt1 has 30 seconds left.\n|\n|t:|1776223097\n|detailschange|p2a: Charizard|Charizard-Mega-X, L50, M, shiny\n|-mega|p2a: Charizard|Charizard|Charizardite X\n|move|p1a: Dragapult|Dragon Darts|p2a: Charizard\n|-supereffective|p2a: Charizard|1\n|-damage|p2a: Charizard|69/100\n|-anim|p1a: Dragapult|Dragon Darts|p2b: Vivillon\n|-damage|p2b: Vivillon|47/100\n|move|p2b: Vivillon|Tailwind|p2b: Vivillon\n|-sidestart|p2: Plameeyt1|move: Tailwind\n|move|p2a: Charizard|Brick Break|p1b: Tyranitar\n|-supereffective|p1b: Tyranitar|2\n|-enditem|p1b: Tyranitar|Chople Berry|[eat]\n|-enditem|p1b: Tyranitar|Chople Berry|[weaken]\n|-damage|p1b: Tyranitar|33/100\n|move|p1b: Tyranitar|Ice Punch|p2b: Vivillon\n|-supereffective|p2b: Vivillon|1\n|-damage|p2b: Vivillon|0 fnt\n|faint|p2b: Vivillon\n|\n|-weather|Sandstorm|[upkeep]\n|-damage|p2a: Charizard|63/100|[from] Sandstorm\n|-damage|p1a: Dragapult|94/100|[from] Sandstorm\n|upkeep\n|\n|t:|1776223111\n|switch|p2b: Sinistcha|Sinistcha-Masterpiece, L50, shiny|100/100\n|-heal|p2a: Charizard|88/100|[from] ability: Hospitality|[of] p2b: Sinistcha\n|turn|2\n|\n|t:|1776223128\n|move|p1b: Tyranitar|Protect|p1b: Tyranitar\n|-singleturn|p1b: Tyranitar|Protect\n|move|p2a: Charizard|Brick Break|p1b: Tyranitar\n|-activate|p1b: Tyranitar|move: Protect\n|move|p1a: Dragapult|Phantom Force||[still]\n|-prepare|p1a: Dragapult|Phantom Force\n|move|p2b: Sinistcha|Matcha Gotcha|p1b: Tyranitar|[spread] \n|-miss|p2b: Sinistcha|p1a: Dragapult\n|-activate|p1b: Tyranitar|move: Protect\n|\n|-weather|Sandstorm|[upkeep]\n|-damage|p2a: Charizard|82/100|[from] Sandstorm\n|-damage|p1a: Dragapult|88/100|[from] Sandstorm\n|-damage|p2b: Sinistcha|94/100|[from] Sandstorm\n|upkeep\n|turn|3\n|\n|t:|1776223151\n|switch|p2b: Alcremie|Alcremie-Rainbow-Swirl, L50, F, shiny|100/100\n|switch|p1b: Meganium|Meganium, L50, F|100/100\n|move|p2a: Charizard|Brick Break|p1b: Meganium\n|-damage|p1b: Meganium|62/100\n|move|p1a: Dragapult|Phantom Force|p2b: Alcremie|[from] lockedmove\n|-damage|p2b: Alcremie|56/100\n|\n|-weather|Sandstorm|[upkeep]\n|-damage|p2a: Charizard|76/100|[from] Sandstorm\n|-damage|p1a: Dragapult|82/100|[from] Sandstorm\n|-damage|p2b: Alcremie|50/100|[from] Sandstorm\n|-damage|p1b: Meganium|56/100|[from] Sandstorm\n|upkeep\n|turn|4\n|inactive|galawal has 30 seconds left.\n|\n|t:|1776223182\n|switch|p2a: Sinistcha|Sinistcha-Masterpiece, L50, shiny|94/100\n|-heal|p2b: Alcremie|75/100|[from] ability: Hospitality|[of] p2a: Sinistcha\n|detailschange|p1b: Meganium|Meganium-Mega, L50, F\n|-mega|p1b: Meganium|Meganium|Meganiumite\n|move|p1a: Dragapult|Phantom Force||[still]\n|-prepare|p1a: Dragapult|Phantom Force\n|move|p2b: Alcremie|Recover|p2b: Alcremie\n|-heal|p2b: Alcremie|100/100\n|move|p1b: Meganium|Dazzling Gleam|p2a: Sinistcha|[spread] p2a,p2b\n|-damage|p2a: Sinistcha|64/100\n|-damage|p2b: Alcremie|67/100\n|\n|-weather|Sandstorm|[upkeep]\n|-damage|p1a: Dragapult|76/100|[from] Sandstorm\n|-damage|p2a: Sinistcha|58/100|[from] Sandstorm\n|-damage|p2b: Alcremie|62/100|[from] Sandstorm\n|-damage|p1b: Meganium|50/100|[from] Sandstorm\n|-sideend|p2: Plameeyt1|move: Tailwind\n|upkeep\n|turn|5\n|\n|t:|1776223207\n|move|p1a: Dragapult|Phantom Force|p2a: Sinistcha|[from] lockedmove\n|-supereffective|p2a: Sinistcha|1\n|-damage|p2a: Sinistcha|0 fnt\n|faint|p2a: Sinistcha\n|move|p1b: Meganium|Solar Beam||[still]\n|-prepare|p1b: Meganium|Solar Beam\n|-activate|p1b: Meganium|ability: Mega Sol\n|-anim|p1b: Meganium|Solar Beam|p2b: Alcremie\n|-damage|p2b: Alcremie|2/100\n|move|p2b: Alcremie|Dazzling Gleam|p1b: Meganium|[spread] p1a,p1b\n|-supereffective|p1a: Dragapult|1\n|-damage|p1a: Dragapult|10/100\n|-damage|p1b: Meganium|30/100\n|\n|-weather|none\n|upkeep\n|\n|t:|1776223211\n|switch|p2a: Charizard|Charizard-Mega-X, L50, M, shiny|76/100\n|turn|6\n|\n|t:|1776223224\n|move|p1a: Dragapult|Dragon Darts|p2a: Charizard\n|-supereffective|p2a: Charizard|1\n|-damage|p2a: Charizard|34/100\n|-anim|p1a: Dragapult|Dragon Darts|p2a: Charizard\n|-supereffective|p2a: Charizard|1\n|-damage|p2a: Charizard|0 fnt\n|faint|p2a: Charizard\n|move|p1b: Meganium|Dazzling Gleam|p2b: Alcremie\n|-damage|p2b: Alcremie|0 fnt\n|faint|p2b: Alcremie\n|\n|win|galawal\n|raw|galawal's rating: 1147 &rarr; <strong>1165</strong><br />(+18 for winning)\n|raw|Plameeyt1's rating: 1049 &rarr; <strong>1036</strong><br />(-13 for losing)\n|l|\u2606Plameeyt1\n|player|p2|\n",
  "uploadtime": 1776223234,
  "views": 21,
  "formatid": "gen9championsvgc2026regma",
  "rating": 1036,
  "private": 0,
  "password": null
}