{
  "id": "gen9championsvgc2026regma-2583777639",
  "format": "[Gen 9 Champions] VGC 2026 Reg M-A",
  "players": [
    "Aekyn",
    "ciberpk"
  ],
  "log": "|j|\u2606Aekyn\n|j|\u2606ciberpk\n|t:|1776197012\n|gametype|doubles\n|player|p1|Aekyn|bugcatcher-gen4dp|1074\n|player|p2|ciberpk|266|1161\n|gen|9\n|tier|[Gen 9 Champions] VGC 2026 Reg M-A\n|rated|\n|rule|Species Clause: Limit one of each Pok\u00e9mon\n|rule|Item Clause: Limit 1 of each item\n|clearpoke\n|poke|p1|Scovillain, L50, M|\n|poke|p1|Cofagrigus, L50, M|\n|poke|p1|Florges-Blue, L50, F|\n|poke|p1|Sinistcha, L50|\n|poke|p2|Aegislash, L50, M|\n|poke|p2|Dragonite, L50, M|\n|poke|p2|Sneasler, L50, M|\n|poke|p2|Venusaur, L50, F|\n|poke|p2|Incineroar, L50, F|\n|poke|p2|Basculegion, L50, M|\n|teampreview|4\n|inactive|Battle timer is ON: inactive players will automatically lose when time's up. (requested by Aekyn)\n|inactive|ciberpk has 60 seconds left.\n|\n|t:|1776197077\n|teamsize|p1|4\n|teamsize|p2|4\n|start\n|switch|p1a: Scovillain|Scovillain, L50, M|100/100\n|switch|p1b: Cofagrigus|Cofagrigus, L50, M|100/100\n|switch|p2a: Aegislash|Aegislash, L50, M|100/100\n|switch|p2b: Dragonite|Dragonite, L50, M|100/100\n|turn|1\n|\n|t:|1776197097\n|detailschange|p2b: Dragonite|Dragonite-Mega, L50, M\n|-mega|p2b: Dragonite|Dragonite|Dragoninite\n|detailschange|p1a: Scovillain|Scovillain-Mega, L50, M\n|-mega|p1a: Scovillain|Scovillain|Scovillainite\n|move|p1a: Scovillain|Rage Powder|p1a: Scovillain\n|-singleturn|p1a: Scovillain|move: Rage Powder\n|-formechange|p2a: Aegislash|Aegislash-Blade|\n|move|p2a: Aegislash|Shadow Sneak|p1a: Scovillain\n|-damage|p1a: Scovillain|83/100\n|-status|p2a: Aegislash|brn|[from] ability: Spicy Spray|[of] p1a: Scovillain\n|move|p2b: Dragonite|Dragon Pulse|p1a: Scovillain\n|-damage|p1a: Scovillain|31/100\n|-status|p2b: Dragonite|brn|[from] ability: Spicy Spray|[of] p1a: Scovillain\n|move|p1b: Cofagrigus|Trick Room|p1b: Cofagrigus\n|-fieldstart|move: Trick Room|[of] p1b: Cofagrigus\n|\n|-damage|p2a: Aegislash|95/100 brn|[from] brn\n|-damage|p2b: Dragonite|94/100 brn|[from] brn\n|upkeep\n|turn|2\n|inactive|Aekyn has 30 seconds left.\n|inactive|ciberpk has 30 seconds left.\n|inactive|Aekyn has 20 seconds left.\n|inactive|ciberpk has 20 seconds left.\n|\n|t:|1776197136\n|move|p2a: Aegislash|Shadow Sneak|p1b: Cofagrigus\n|-supereffective|p1b: Cofagrigus|1\n|-damage|p1b: Cofagrigus|86/100\n|move|p1b: Cofagrigus|Nasty Plot|p1b: Cofagrigus\n|-boost|p1b: Cofagrigus|spa|2\n|move|p1a: Scovillain|Overheat|p2a: Aegislash\n|-supereffective|p2a: Aegislash|1\n|-damage|p2a: Aegislash|0 fnt\n|-unboost|p1a: Scovillain|spa|2\n|faint|p2a: Aegislash\n|move|p2b: Dragonite|Dragon Pulse|p1a: Scovillain\n|-damage|p1a: Scovillain|0 fnt\n|faint|p1a: Scovillain\n|\n|-damage|p2b: Dragonite|88/100 brn|[from] brn\n|upkeep\n|inactive|Aekyn has 30 seconds left.\n|\n|t:|1776197165\n|switch|p2a: Sneasler|Sneasler, L50, M|100/100\n|switch|p1a: Sinistcha|Sinistcha, L50|100/100\n|-heal|p1b: Cofagrigus|100/100|[from] ability: Hospitality|[of] p1a: Sinistcha\n|turn|3\n|\n|t:|1776197185\n|move|p1b: Cofagrigus|Hex|p2b: Dragonite\n|-damage|p2b: Dragonite|22/100 brn\n|move|p1a: Sinistcha|Strength Sap|p2a: Sneasler\n|-unboost|p2a: Sneasler|atk|1\n|move|p2b: Dragonite|Dragon Pulse|p1b: Cofagrigus\n|-damage|p1b: Cofagrigus|64/100\n|move|p2a: Sneasler|Rock Tomb|p1b: Cofagrigus\n|-damage|p1b: Cofagrigus|51/100\n|-unboost|p1b: Cofagrigus|spe|1\n|\n|-damage|p2b: Dragonite|16/100 brn|[from] brn\n|upkeep\n|turn|4\n|inactive|Aekyn has 30 seconds left.\n|\n|t:|1776197214\n|move|p2b: Dragonite|Protect|p2b: Dragonite\n|-singleturn|p2b: Dragonite|Protect\n|move|p1b: Cofagrigus|Nasty Plot|p1b: Cofagrigus\n|-boost|p1b: Cofagrigus|spa|2\n|move|p1a: Sinistcha|Matcha Gotcha|p2b: Dragonite|[spread] p2a\n|-activate|p2b: Dragonite|move: Protect\n|-resisted|p2a: Sneasler|1\n|-damage|p2a: Sneasler|75/100\n|move|p2a: Sneasler|Dire Claw|p1b: Cofagrigus\n|-resisted|p1b: Cofagrigus|1\n|-damage|p1b: Cofagrigus|39/100\n|-activate|p1b: Cofagrigus|ability: Mummy|p2a: Sneasler|[ability] Unburden\n|\n|-damage|p2b: Dragonite|10/100 brn|[from] brn\n|upkeep\n|turn|5\n|inactive|Aekyn has 30 seconds left.\n|inactive|Aekyn has 20 seconds left.\n|\n|t:|1776197250\n|switch|p2a: Basculegion|Basculegion, L50, M|100/100\n|move|p2b: Dragonite|Protect|p2b: Dragonite\n|-singleturn|p2b: Dragonite|Protect\n|move|p1b: Cofagrigus|Hex|p2a: Basculegion\n|-supereffective|p2a: Basculegion|1\n|-damage|p2a: Basculegion|0 fnt\n|faint|p2a: Basculegion\n|move|p1a: Sinistcha|Matcha Gotcha|p2b: Dragonite\n|-activate|p2b: Dragonite|move: Protect\n|\n|-damage|p2b: Dragonite|4/100 brn|[from] brn\n|-fieldend|move: Trick Room\n|upkeep\n|\n|t:|1776197263\n|switch|p2a: Sneasler|Sneasler, L50, M|75/100\n|turn|6\n|\n|t:|1776197287\n|move|p2a: Sneasler|Rock Tomb|p1b: Cofagrigus|[miss]\n|-miss|p2a: Sneasler|p1b: Cofagrigus\n|move|p2b: Dragonite|Dragon Pulse|p1b: Cofagrigus\n|-damage|p1b: Cofagrigus|1/100\n|move|p1a: Sinistcha|Matcha Gotcha|p2a: Sneasler|[spread] p2a,p2b\n|-resisted|p2a: Sneasler|1\n|-resisted|p2b: Dragonite|2\n|-damage|p2a: Sneasler|46/100\n|-damage|p2b: Dragonite|0 fnt\n|faint|p2b: Dragonite\n|move|p1b: Cofagrigus|Destiny Bond|p1b: Cofagrigus\n|-singlemove|p1b: Cofagrigus|Destiny Bond\n|\n|upkeep\n|turn|7\n|-message|ciberpk forfeited.\n|\n|win|Aekyn\n|raw|Aekyn's rating: 1074 &rarr; <strong>1110</strong><br />(+36 for winning)\n|raw|ciberpk's rating: 1161 &rarr; <strong>1130</strong><br />(-31 for losing)\n|l|\u2606ciberpk\n|player|p2|\n",
  "uploadtime": 1776197306,
  "views": 21,
  "formatid": "gen9championsvgc2026regma",
  "rating": 1110,
  "private": 0,
  "password": null
}