{
  "id": "gen9championsvgc2026regma-2584918039",
  "format": "[Gen 9 Champions] VGC 2026 Reg M-A",
  "players": [
    "Gallon of poo",
    "nanismo"
  ],
  "log": "|j|\u2606Gallon of poo\n|j|\u2606nanismo\n|t:|1776294404\n|gametype|doubles\n|player|p1|Gallon of poo|ghetsis|1345\n|player|p2|nanismo|2|1322\n|gen|9\n|tier|[Gen 9 Champions] VGC 2026 Reg M-A\n|rated|\n|rule|Species Clause: Limit one of each Pok\u00e9mon\n|rule|Item Clause: Limit 1 of each item\n|clearpoke\n|poke|p1|Pidgeot, L50, M|\n|poke|p1|Weavile, L50, F|\n|poke|p1|Basculegion, L50, M|\n|poke|p1|Blastoise, L50, F|\n|poke|p1|Sinistcha-Masterpiece, L50|\n|poke|p1|Arcanine-Hisui, L50, F|\n|poke|p2|Sneasler, L50, M|\n|poke|p2|Kingambit, L50, M|\n|poke|p2|Clefable, L50, M|\n|poke|p2|Delphox, L50, M|\n|poke|p2|Dragonite, L50, M|\n|poke|p2|Basculegion, L50, M|\n|teampreview|4\n|l|\u2606Gallon of poo\n|player|p1|\n|\n|t:|1776294449\n|teamsize|p1|4\n|teamsize|p2|4\n|start\n|switch|p1a: Birdy\u2664\u2661\u2664\u2661|Pidgeot, L50, M|100/100\n|switch|p1b: Weavile|Weavile, L50, F|100/100\n|switch|p2a: Sneasler|Sneasler, L50, M|100/100\n|switch|p2b: Kingambit|Kingambit, L50, M|100/100\n|-ability|p1b: Weavile|Pressure\n|turn|1\n|j|\u2606Gallon of poo\n|player|p1|Gallon of poo|ghetsis|\n|\n|t:|1776294465\n|move|p1b: Weavile|Fake Out|p2a: Sneasler\n|-damage|p2a: Sneasler|79/100\n|cant|p2a: Sneasler|flinch\n|move|p1a: Birdy\u2664\u2661\u2664\u2661|Tailwind|p1a: Birdy\u2664\u2661\u2664\u2661\n|-sidestart|p1: Gallon of poo|move: Tailwind\n|move|p2b: Kingambit|Kowtow Cleave|p1a: Birdy\u2664\u2661\u2664\u2661\n|-damage|p1a: Birdy\u2664\u2661\u2664\u2661|14/100\n|\n|upkeep\n|turn|2\n|\n|t:|1776294477\n|move|p2b: Kingambit|Sucker Punch|p1a: Birdy\u2664\u2661\u2664\u2661\n|-damage|p1a: Birdy\u2664\u2661\u2664\u2661|0 fnt\n|faint|p1a: Birdy\u2664\u2661\u2664\u2661\n|move|p1b: Weavile|Triple Axel|p2a: Sneasler\n|-damage|p2a: Sneasler|62/100\n|-hitcount|p2a: Sneasler|1\n|move|p2a: Sneasler|Close Combat|p1b: Weavile\n|-supereffective|p1b: Weavile|2\n|-enditem|p1b: Weavile|Focus Sash\n|-damage|p1b: Weavile|1/100\n|-unboost|p2a: Sneasler|def|1\n|-unboost|p2a: Sneasler|spd|1\n|\n|upkeep\n|\n|t:|1776294482\n|switch|p1a: Bismarck|Blastoise, L50, F|100/100\n|turn|3\n|\n|t:|1776294494\n|detailschange|p1a: Bismarck|Blastoise-Mega, L50, F\n|-mega|p1a: Bismarck|Blastoise|Blastoisinite\n|move|p2a: Sneasler|Protect|p2a: Sneasler\n|-singleturn|p2a: Sneasler|Protect\n|move|p2b: Kingambit|Sucker Punch||[still]\n|-fail|p2b: Kingambit\n|move|p1b: Weavile|Fake Tears|p2b: Kingambit\n|-unboost|p2b: Kingambit|spd|2\n|-ability|p2b: Kingambit|Defiant|boost\n|-boost|p2b: Kingambit|atk|2\n|move|p1a: Bismarck|Water Spout|p2b: Kingambit|[spread] p2b\n|-activate|p2a: Sneasler|move: Protect\n|-damage|p2b: Kingambit|0 fnt\n|faint|p2b: Kingambit\n|\n|upkeep\n|\n|t:|1776294513\n|switch|p2b: Basculegion|Basculegion, L50, M|100/100\n|turn|4\n|\n|t:|1776294540\n|move|p2a: Sneasler|Protect|p2a: Sneasler\n|-singleturn|p2a: Sneasler|Protect\n|move|p2b: Basculegion|Aqua Jet|p1b: Weavile\n|-damage|p1b: Weavile|0 fnt\n|faint|p1b: Weavile\n|move|p1a: Bismarck|Water Spout|p2b: Basculegion|[spread] p2b\n|-activate|p2a: Sneasler|move: Protect\n|-resisted|p2b: Basculegion|1\n|-damage|p2b: Basculegion|68/100\n|\n|-sideend|p1: Gallon of poo|move: Tailwind\n|upkeep\n|\n|t:|1776294544\n|switch|p1b: C.mea|Sinistcha-Masterpiece, L50|100/100\n|turn|5\n|\n|t:|1776294556\n|switch|p2b: Delphox|Delphox, L50, M|100/100\n|move|p1b: C.mea|Rage Powder|p1b: C.mea\n|-singleturn|p1b: C.mea|move: Rage Powder\n|move|p2a: Sneasler|Close Combat|p1b: C.mea\n|-immune|p1b: C.mea\n|move|p1a: Bismarck|Shell Smash|p1a: Bismarck\n|-unboost|p1a: Bismarck|def|1\n|-unboost|p1a: Bismarck|spd|1\n|-boost|p1a: Bismarck|atk|2\n|-boost|p1a: Bismarck|spa|2\n|-boost|p1a: Bismarck|spe|2\n|\n|upkeep\n|turn|6\n|\n|t:|1776294577\n|detailschange|p2b: Delphox|Delphox-Mega, L50, M\n|-mega|p2b: Delphox|Delphox|Delphoxite\n|move|p1b: C.mea|Rage Powder|p1b: C.mea\n|-singleturn|p1b: C.mea|move: Rage Powder\n|move|p1a: Bismarck|Water Spout|p2b: Delphox|[spread] p2a,p2b\n|-supereffective|p2b: Delphox|1\n|-damage|p2a: Sneasler|0 fnt\n|-damage|p2b: Delphox|0 fnt\n|faint|p2a: Sneasler\n|faint|p2b: Delphox\n|\n|upkeep\n|\n|t:|1776294579\n|switch|p2b: Basculegion|Basculegion, L50, M|68/100\n|turn|7\n|\n|t:|1776294585\n|move|p1b: C.mea|Rage Powder|p1b: C.mea\n|-singleturn|p1b: C.mea|move: Rage Powder\n|move|p1a: Bismarck|Dark Pulse|p2b: Basculegion\n|-supereffective|p2b: Basculegion|1\n|-damage|p2b: Basculegion|0 fnt\n|faint|p2b: Basculegion\n|\n|win|Gallon of poo\n|raw|Gallon of poo's rating: 1345 &rarr; <strong>1364</strong><br />(+19 for winning)\n|raw|nanismo's rating: 1322 &rarr; <strong>1303</strong><br />(-19 for losing)\n|l|\u2606nanismo\n|player|p2|\n|c|\u2606Gallon of poo|Gg\n",
  "uploadtime": 1776294596,
  "views": 45,
  "formatid": "gen9championsvgc2026regma",
  "rating": 1303,
  "private": 0,
  "password": null
}