{
  "id": "gen9championsvgc2026regma-2585657175",
  "format": "[Gen 9 Champions] VGC 2026 Reg M-A",
  "players": [
    "Soulkid32",
    "Crash0utVGC"
  ],
  "log": "|j|\u2606Soulkid32\n|j|\u2606Crash0utVGC\n|t:|1776361706\n|gametype|doubles\n|player|p1|Soulkid32|riley|1113\n|player|p2|Crash0utVGC|colress|1133\n|gen|9\n|tier|[Gen 9 Champions] VGC 2026 Reg M-A\n|rated|\n|rule|Species Clause: Limit one of each Pok\u00e9mon\n|rule|Item Clause: Limit 1 of each item\n|clearpoke\n|poke|p1|Torkoal, L50, F|\n|poke|p1|Farigiraf, L50, M|\n|poke|p1|Drampa, L50, M|\n|poke|p1|Incineroar, L50, M|\n|poke|p1|Venusaur, L50, F|\n|poke|p1|Kingambit, L50, M|\n|poke|p2|Aggron, L50, F|\n|poke|p2|Pelipper, L50, M|\n|poke|p2|Incineroar, L50, F|\n|poke|p2|Sinistcha, L50|\n|poke|p2|Basculegion, L50, M|\n|poke|p2|Dragonite, L50, F|\n|teampreview|4\n|\n|t:|1776361727\n|teamsize|p1|4\n|teamsize|p2|4\n|start\n|switch|p1a: Farigiraf|Farigiraf, L50, M|100/100\n|switch|p1b: Incineroar|Incineroar, L50, M|100/100\n|switch|p2a: Aggron|Aggron, L50, F, shiny|100/100\n|switch|p2b: Incineroar|Incineroar, L50, F|100/100\n|-ability|p2b: Incineroar|Intimidate|boost\n|-unboost|p1a: Farigiraf|atk|1\n|-unboost|p1b: Incineroar|atk|1\n|-ability|p1b: Incineroar|Intimidate|boost\n|-unboost|p2a: Aggron|atk|1\n|-unboost|p2b: Incineroar|atk|1\n|turn|1\n|\n|t:|1776361752\n|move|p1b: Incineroar|Fake Out|p2a: Aggron\n|-resisted|p2a: Aggron|2\n|-damage|p2a: Aggron|99/100\n|move|p2b: Incineroar|Taunt|p1a: Farigiraf\n|-start|p1a: Farigiraf|move: Taunt\n|cant|p2a: Aggron|flinch\n|cant|p1a: Farigiraf|move: Taunt|Trick Room\n|\n|upkeep\n|turn|2\n|\n|t:|1776361781\n|detailschange|p2a: Aggron|Aggron-Mega, L50, F, shiny\n|-mega|p2a: Aggron|Aggron|Aggronite\n|move|p1b: Incineroar|Flare Blitz|p2a: Aggron\n|-supereffective|p2a: Aggron|1\n|-damage|p2a: Aggron|74/100\n|-damage|p1b: Incineroar|93/100|[from] Recoil\n|move|p2b: Incineroar|Parting Shot|p1b: Incineroar\n|-unboost|p1b: Incineroar|atk|1\n|-unboost|p1b: Incineroar|spa|1\n|\n|t:|1776361789\n|switch|p2b: Sinistcha|Sinistcha, L50|100/100|[from] Parting Shot\n|-heal|p2a: Aggron|99/100|[from] ability: Hospitality|[of] p2b: Sinistcha\n|move|p1a: Farigiraf|Psychic|p2a: Aggron\n|-resisted|p2a: Aggron|1\n|-damage|p2a: Aggron|85/100\n|move|p2a: Aggron|Iron Defense|p2a: Aggron\n|-boost|p2a: Aggron|def|2\n|\n|upkeep\n|turn|3\n|\n|t:|1776361807\n|switch|p2b: Incineroar|Incineroar, L50, F|100/100\n|-ability|p2b: Incineroar|Intimidate|boost\n|-unboost|p1a: Farigiraf|atk|1\n|-unboost|p1b: Incineroar|atk|1\n|move|p1a: Farigiraf|Psychic|p2b: Incineroar\n|-immune|p2b: Incineroar\n|move|p1b: Incineroar|Parting Shot|p2a: Aggron\n|-unboost|p2a: Aggron|atk|1\n|-unboost|p2a: Aggron|spa|1\n|\n|t:|1776361819\n|switch|p1b: Drampa|Drampa, L50, M|100/100|[from] Parting Shot\n|move|p2a: Aggron|Body Press|p1b: Drampa\n|-supereffective|p1b: Drampa|1\n|-damage|p1b: Drampa|0 fnt\n|faint|p1b: Drampa\n|\n|-end|p1a: Farigiraf|move: Taunt\n|upkeep\n|\n|t:|1776361828\n|switch|p1b: Torkoal|Torkoal, L50, F|100/100\n|-weather|SunnyDay|[from] ability: Drought|[of] p1b: Torkoal\n|turn|4\n|\n|t:|1776361843\n|move|p2a: Aggron|Protect|p2a: Aggron\n|-singleturn|p2a: Aggron|Protect\n|move|p1b: Torkoal|Protect|p1b: Torkoal\n|-singleturn|p1b: Torkoal|Protect\n|move|p2b: Incineroar|Taunt|p1a: Farigiraf\n|-start|p1a: Farigiraf|move: Taunt\n|cant|p1a: Farigiraf|move: Taunt|Trick Room\n|\n|-weather|SunnyDay|[upkeep]\n|upkeep\n|turn|5\n|\n|t:|1776361857\n|move|p1a: Farigiraf|Psychic|p2a: Aggron\n|-resisted|p2a: Aggron|1\n|-damage|p2a: Aggron|71/100\n|-unboost|p2a: Aggron|spd|1\n|move|p2b: Incineroar|Parting Shot|p1b: Torkoal\n|-unboost|p1b: Torkoal|atk|1\n|-unboost|p1b: Torkoal|spa|1\n|\n|t:|1776361861\n|switch|p2b: Sinistcha|Sinistcha, L50|100/100|[from] Parting Shot\n|-heal|p2a: Aggron|96/100|[from] ability: Hospitality|[of] p2b: Sinistcha\n|move|p2a: Aggron|Body Press|p1b: Torkoal\n|-damage|p1b: Torkoal|45/100\n|move|p1b: Torkoal|Eruption|p2b: Sinistcha|[spread] p2a,p2b\n|-supereffective|p2a: Aggron|1\n|-supereffective|p2b: Sinistcha|1\n|-damage|p2a: Aggron|50/100\n|-damage|p2b: Sinistcha|53/100\n|\n|-weather|SunnyDay|[upkeep]\n|upkeep\n|turn|6\n|\n|t:|1776361880\n|switch|p2b: Pelipper|Pelipper, L50, M|100/100\n|-weather|RainDance|[from] ability: Drizzle|[of] p2b: Pelipper\n|move|p1a: Farigiraf|Psychic|p2a: Aggron\n|-resisted|p2a: Aggron|1\n|-damage|p2a: Aggron|28/100\n|move|p2a: Aggron|Body Press|p1b: Torkoal\n|-damage|p1b: Torkoal|0 fnt\n|faint|p1b: Torkoal\n|\n|-weather|RainDance|[upkeep]\n|-end|p1a: Farigiraf|move: Taunt\n|upkeep\n|\n|t:|1776361892\n|switch|p1b: Incineroar|Incineroar, L50, M|93/100\n|-ability|p1b: Incineroar|Intimidate|boost\n|-unboost|p2a: Aggron|atk|1\n|-unboost|p2b: Pelipper|atk|1\n|turn|7\n|\n|t:|1776361911\n|switch|p2b: Sinistcha|Sinistcha, L50|53/100\n|-heal|p2a: Aggron|53/100|[from] ability: Hospitality|[of] p2b: Sinistcha\n|move|p2a: Aggron|Protect|p2a: Aggron\n|-singleturn|p2a: Aggron|Protect\n|move|p1b: Incineroar|Fake Out|p2b: Sinistcha\n|-immune|p2b: Sinistcha\n|move|p1a: Farigiraf|Psychic|p2a: Aggron\n|-activate|p2a: Aggron|move: Protect\n|\n|-weather|RainDance|[upkeep]\n|upkeep\n|turn|8\n|\n|t:|1776361937\n|switch|p2b: Incineroar|Incineroar, L50, F|100/100\n|-ability|p2b: Incineroar|Intimidate|boost\n|-unboost|p1a: Farigiraf|atk|1\n|-unboost|p1b: Incineroar|atk|1\n|move|p1b: Incineroar|Darkest Lariat|p2a: Aggron\n|-crit|p2a: Aggron\n|-damage|p2a: Aggron|25/100\n|move|p1a: Farigiraf|Psychic|p2a: Aggron\n|-resisted|p2a: Aggron|1\n|-damage|p2a: Aggron|3/100\n|-unboost|p2a: Aggron|spd|1\n|move|p2a: Aggron|Body Press|p1b: Incineroar\n|-supereffective|p1b: Incineroar|1\n|-damage|p1b: Incineroar|0 fnt\n|faint|p1b: Incineroar\n|\n|-weather|RainDance|[upkeep]\n|upkeep\n|turn|9\n|\n|t:|1776361955\n|move|p2a: Aggron|Protect|p2a: Aggron\n|-singleturn|p2a: Aggron|Protect\n|move|p1a: Farigiraf|Psychic|p2a: Aggron\n|-activate|p2a: Aggron|move: Protect\n|move|p2b: Incineroar|Parting Shot|p1a: Farigiraf\n|-unboost|p1a: Farigiraf|atk|1\n|-unboost|p1a: Farigiraf|spa|1\n|\n|t:|1776361958\n|switch|p2b: Sinistcha|Sinistcha, L50|53/100|[from] Parting Shot\n|-heal|p2a: Aggron|28/100|[from] ability: Hospitality|[of] p2b: Sinistcha\n|\n|-weather|RainDance|[upkeep]\n|upkeep\n|turn|10\n|\n|t:|1776361973\n|move|p2b: Sinistcha|Life Dew|p2b: Sinistcha|[spread] p2a,p2b\n|-heal|p2a: Aggron|53/100\n|-heal|p2b: Sinistcha|79/100\n|move|p1a: Farigiraf|Psychic|p2a: Aggron\n|-resisted|p2a: Aggron|1\n|-damage|p2a: Aggron|36/100\n|move|p2a: Aggron|Body Press|p1a: Farigiraf\n|-damage|p1a: Farigiraf|45/100\n|\n|-weather|none\n|-heal|p1a: Farigiraf|51/100|[from] item: Leftovers\n|upkeep\n|turn|11\n|\n|t:|1776361985\n|move|p2b: Sinistcha|Life Dew|p2b: Sinistcha|[spread] p2a,p2b\n|-heal|p2a: Aggron|60/100\n|-heal|p2b: Sinistcha|100/100\n|move|p1a: Farigiraf|Psychic|p2a: Aggron\n|-resisted|p2a: Aggron|1\n|-damage|p2a: Aggron|40/100\n|move|p2a: Aggron|Body Press|p1a: Farigiraf\n|-damage|p1a: Farigiraf|0 fnt\n|faint|p1a: Farigiraf\n|\n|win|Crash0utVGC\n|raw|Soulkid32's rating: 1113 &rarr; <strong>1089</strong><br />(-24 for losing)\n|raw|Crash0utVGC's rating: 1133 &rarr; <strong>1157</strong><br />(+24 for winning)\n",
  "uploadtime": 1776361985,
  "views": 14,
  "formatid": "gen9championsvgc2026regma",
  "rating": 1089,
  "private": 0,
  "password": null
}