{
  "id": "gen9championsvgc2026regma-2585311071",
  "format": "[Gen 9 Champions] VGC 2026 Reg M-A",
  "players": [
    "Endie77",
    "porygon-epilepz"
  ],
  "log": "|j|\u2606Endie77\n|j|\u2606porygon-epilepz\n|t:|1776336513\n|gametype|doubles\n|player|p1|Endie77|red|1212\n|player|p2|porygon-epilepz|hiker-gen4|1227\n|gen|9\n|tier|[Gen 9 Champions] VGC 2026 Reg M-A\n|rated|\n|rule|Species Clause: Limit one of each Pok\u00e9mon\n|rule|Item Clause: Limit 1 of each item\n|clearpoke\n|poke|p1|Aerodactyl, L50, M|\n|poke|p1|Floette-Eternal, L50, F|\n|poke|p1|Sneasler, L50, F|\n|poke|p1|Aegislash, L50, M|\n|poke|p1|Vivillon, L50, M|\n|poke|p1|Feraligatr, L50, M|\n|poke|p2|Floette-Eternal, L50, F|\n|poke|p2|Incineroar, L50, M|\n|poke|p2|Garchomp, L50, M|\n|poke|p2|Aerodactyl, L50, F|\n|poke|p2|Sneasler, L50, M|\n|poke|p2|Basculegion, L50, M|\n|teampreview|4\n|inactive|Battle timer is ON: inactive players will automatically lose when time's up. (requested by Endie77)\n|\n|t:|1776336546\n|teamsize|p1|4\n|teamsize|p2|4\n|start\n|switch|p1a: Vivillon|Vivillon, L50, M|100/100\n|switch|p1b: Floette|Floette-Eternal, L50, F|100/100\n|switch|p2a: Aerodactyl|Aerodactyl, L50, F|100/100\n|switch|p2b: Sneasler|Sneasler, L50, M|100/100\n|-ability|p2a: Aerodactyl|Unnerve\n|turn|1\n|\n|t:|1776336569\n|detailschange|p1b: Floette|Floette-Mega, L50, F\n|-mega|p1b: Floette|Floette|Floettite\n|-ability|p1b: Floette|Fairy Aura\n|move|p2a: Aerodactyl|Rock Slide|p1b: Floette|[spread] p1a,p1b\n|-supereffective|p1a: Vivillon|2\n|-damage|p1a: Vivillon|0 fnt\n|-damage|p1b: Floette|70/100\n|faint|p1a: Vivillon\n|move|p2b: Sneasler|Dire Claw|p1b: Floette\n|-supereffective|p1b: Floette|1\n|-damage|p1b: Floette|0 fnt\n|faint|p1b: Floette\n|\n|upkeep\n|\n|t:|1776336580\n|switch|p1b: Aegislash|Aegislash, L50, M, shiny|100/100\n|switch|p1a: Sneasler|Sneasler, L50, F, shiny|100/100\n|turn|2\n|inactive|Endie77 has 30 seconds left.\n|\n|t:|1776336610\n|move|p2a: Aerodactyl|Protect|p2a: Aerodactyl\n|-singleturn|p2a: Aerodactyl|Protect\n|move|p2b: Sneasler|Protect|p2b: Sneasler\n|-singleturn|p2b: Sneasler|Protect\n|move|p1b: Aegislash|King's Shield|p1b: Aegislash\n|-singleturn|p1b: Aegislash|Protect\n|move|p1a: Sneasler|Fake Out|p2a: Aerodactyl\n|-activate|p2a: Aerodactyl|move: Protect\n|\n|upkeep\n|turn|3\n|\n|t:|1776336627\n|move|p2a: Aerodactyl|Dual Wingbeat|p1a: Sneasler\n|-supereffective|p1a: Sneasler|1\n|-damage|p1a: Sneasler|32/100\n|-supereffective|p1a: Sneasler|1\n|-damage|p1a: Sneasler|0 fnt\n|faint|p1a: Sneasler\n|-hitcount|p1: Sneasler|2\n|move|p2b: Sneasler|Close Combat|p1b: Aegislash\n|-immune|p1b: Aegislash\n|-formechange|p1b: Aegislash|Aegislash-Blade|\n|move|p1b: Aegislash|Poltergeist|p2b: Sneasler\n|-activate|p2b: Sneasler|move: Poltergeist|White Herb\n|-damage|p2b: Sneasler|8/100\n|\n|upkeep\n|turn|4\n|\n|t:|1776336645\n|move|p2a: Aerodactyl|Dual Wingbeat|p1b: Aegislash|[miss]\n|-miss|p2a: Aerodactyl|p1b: Aegislash\n|move|p2b: Sneasler|Close Combat|p1b: Aegislash\n|-immune|p1b: Aegislash\n|move|p1b: Aegislash|Iron Head|p2a: Aerodactyl\n|-supereffective|p2a: Aerodactyl|1\n|-enditem|p2a: Aerodactyl|Focus Sash\n|-damage|p2a: Aerodactyl|1/100\n|\n|upkeep\n|turn|5\n|\n|t:|1776336656\n|move|p2a: Aerodactyl|Dual Wingbeat|p1b: Aegislash\n|-resisted|p1b: Aegislash|1\n|-damage|p1b: Aegislash|83/100\n|-resisted|p1b: Aegislash|1\n|-damage|p1b: Aegislash|67/100\n|-hitcount|p1b: Aegislash|2\n|move|p2b: Sneasler|Dire Claw|p1b: Aegislash\n|-immune|p1b: Aegislash\n|move|p1b: Aegislash|Iron Head|p2a: Aerodactyl\n|-supereffective|p2a: Aerodactyl|1\n|-damage|p2a: Aerodactyl|0 fnt\n|faint|p2a: Aerodactyl\n|\n|-heal|p1b: Aegislash|73/100|[from] item: Leftovers\n|upkeep\n|\n|t:|1776336662\n|switch|p2a: Basculegion|Basculegion, L50, M|100/100\n|turn|6\n|\n|t:|1776336674\n|-formechange|p1b: Aegislash|Aegislash|\n|move|p1b: Aegislash|King's Shield|p1b: Aegislash\n|-singleturn|p1b: Aegislash|Protect\n|move|p2a: Basculegion|Last Respects|p1b: Aegislash\n|-activate|p1b: Aegislash|move: Protect\n|move|p2b: Sneasler|Dire Claw|p1b: Aegislash\n|-activate|p1b: Aegislash|move: Protect\n|-unboost|p2b: Sneasler|atk|1\n|-enditem|p2b: Sneasler|White Herb\n|-clearnegativeboost|p2b: Sneasler|[silent]\n|\n|-heal|p1b: Aegislash|79/100|[from] item: Leftovers\n|upkeep\n|turn|7\n|\n|t:|1776336687\n|move|p2b: Sneasler|Dire Claw|p1b: Aegislash\n|-immune|p1b: Aegislash\n|move|p2a: Basculegion|Last Respects|p1b: Aegislash\n|-supereffective|p1b: Aegislash|1\n|-damage|p1b: Aegislash|0 fnt\n|faint|p1b: Aegislash\n|\n|win|porygon-epilepz\n|raw|Endie77's rating: 1212 &rarr; <strong>1188</strong><br />(-24 for losing)\n|raw|porygon-epilepz's rating: 1227 &rarr; <strong>1251</strong><br />(+24 for winning)\n|l|\u2606Endie77\n|player|p1|\n|l|\u2606porygon-epilepz\n|player|p2|\n|j|\u2606porygon-epilepz\n|player|p2|porygon-epilepz|hiker-gen4|\n",
  "uploadtime": 1776336517,
  "views": 25,
  "formatid": "gen9championsvgc2026regma",
  "rating": 1188,
  "private": 0,
  "password": null
}