{
  "id": "gen9championsvgc2026regma-2587837396",
  "format": "[Gen 9 Champions] VGC 2026 Reg M-A",
  "players": [
    "UTJUTJ",
    "chelomon"
  ],
  "log": "|j|\u2606UTJUTJ\n|j|\u2606chelomon\n|t:|1776569118\n|gametype|doubles\n|player|p1|UTJUTJ|lucas|1114\n|player|p2|chelomon|266|1097\n|gen|9\n|tier|[Gen 9 Champions] VGC 2026 Reg M-A\n|rated|\n|rule|Species Clause: Limit one of each Pok\u00e9mon\n|rule|Item Clause: Limit 1 of each item\n|clearpoke\n|poke|p1|Milotic, L50, F|\n|poke|p1|Gengar, L50, M|\n|poke|p1|Kingambit, L50, M|\n|poke|p1|Kangaskhan, L50, F|\n|poke|p1|Wyrdeer, L50, M|\n|poke|p1|Politoed, L50, M|\n|poke|p2|Dragonite, L50, F|\n|poke|p2|Pelipper, L50, F|\n|poke|p2|Araquanid, L50, M|\n|poke|p2|Scizor, L50, F|\n|poke|p2|Whimsicott, L50, F|\n|poke|p2|Raichu, L50, M|\n|teampreview|4\n|inactive|Battle timer is ON: inactive players will automatically lose when time's up. (requested by chelomon)\n|\n|t:|1776569147\n|teamsize|p1|4\n|teamsize|p2|4\n|start\n|switch|p1a: Wyrdeer|Wyrdeer, L50, M|100/100\n|switch|p1b: Milotic|Milotic, L50, F|100/100\n|switch|p2a: Scizor|Scizor, L50, F|100/100\n|switch|p2b: Dragonite|Dragonite, L50, F|100/100\n|-ability|p1a: Wyrdeer|Intimidate|boost\n|-unboost|p2a: Scizor|atk|1\n|-fail|p2b: Dragonite|unboost|Attack|[from] ability: Inner Focus|[of] p2b: Dragonite\n|turn|1\n|inactive|chelomon has 30 seconds left.\n|inactive|chelomon has 20 seconds left.\n|inactive|chelomon has 15 seconds left.\n|\n|t:|1776569188\n|switch|p2a: Pelipper|Pelipper, L50, F|100/100\n|-weather|RainDance|[from] ability: Drizzle|[of] p2a: Pelipper\n|detailschange|p2b: Dragonite|Dragonite-Mega, L50, F\n|-mega|p2b: Dragonite|Dragonite|Dragoninite\n|move|p2b: Dragonite|Thunder|p1b: Milotic\n|-supereffective|p1b: Milotic|1\n|-damage|p1b: Milotic|38/100\n|move|p1b: Milotic|Blizzard|p2a: Pelipper|[spread] p2b\n|-miss|p1b: Milotic|p2a: Pelipper\n|-supereffective|p2b: Dragonite|2\n|-damage|p2b: Dragonite|56/100\n|move|p1a: Wyrdeer|Trick Room|p1a: Wyrdeer\n|-fieldstart|move: Trick Room|[of] p1a: Wyrdeer\n|\n|-weather|RainDance|[upkeep]\n|-heal|p1b: Milotic|44/100|[from] item: Leftovers\n|upkeep\n|turn|2\n|inactive|chelomon has 30 seconds left.\n|inactive|chelomon has 20 seconds left.\n|inactive|chelomon has 15 seconds left.\n|\n|t:|1776569230\n|switch|p2b: Scizor|Scizor, L50, F|100/100\n|move|p2a: Pelipper|Protect|p2a: Pelipper\n|-singleturn|p2a: Pelipper|Protect\n|move|p1b: Milotic|Protect|p1b: Milotic\n|-singleturn|p1b: Milotic|Protect\n|move|p1a: Wyrdeer|Thunderbolt|p2a: Pelipper\n|-activate|p2a: Pelipper|move: Protect\n|\n|-weather|RainDance|[upkeep]\n|-heal|p1b: Milotic|50/100|[from] item: Leftovers\n|upkeep\n|turn|3\n|inactive|chelomon has 30 seconds left.\n|inactive|chelomon has 20 seconds left.\n|\n|t:|1776569267\n|switch|p2a: Raichu|Raichu, L50, M|100/100\n|move|p1a: Wyrdeer|Skill Swap|p2b: Scizor\n|-activate|p1a: Wyrdeer|Skill Swap|Technician|Intimidate|[of] p2b: Scizor\n|-ability|p2b: Scizor|Intimidate|boost\n|-unboost|p1a: Wyrdeer|atk|1\n|-unboost|p1b: Milotic|atk|1\n|-ability|p1b: Milotic|Competitive|boost\n|-boost|p1b: Milotic|spa|2\n|move|p2b: Scizor|Close Combat|p1b: Milotic\n|-damage|p1b: Milotic|0 fnt\n|-unboost|p2b: Scizor|def|1\n|-unboost|p2b: Scizor|spd|1\n|faint|p1b: Milotic\n|\n|-weather|RainDance|[upkeep]\n|upkeep\n|\n|t:|1776569282\n|switch|p1b: Kangaskhan|Kangaskhan, L50, F|100/100\n|turn|4\n|inactive|UTJUTJ has 30 seconds left.\n|inactive|chelomon has 30 seconds left.\n|\n|t:|1776569316\n|switch|p1a: Gengar|Gengar, L50, M|100/100\n|move|p2a: Raichu|Fake Out|p1b: Kangaskhan\n|-damage|p1b: Kangaskhan|91/100\n|move|p2b: Scizor|Close Combat|p1b: Kangaskhan\n|-supereffective|p1b: Kangaskhan|1\n|-damage|p1b: Kangaskhan|0 fnt\n|-unboost|p2b: Scizor|def|1\n|-unboost|p2b: Scizor|spd|1\n|faint|p1b: Kangaskhan\n|\n|-weather|RainDance|[upkeep]\n|upkeep\n|\n|t:|1776569325\n|switch|p1b: Wyrdeer|Wyrdeer, L50, M|100/100\n|-ability|p1b: Wyrdeer|Intimidate|boost\n|-unboost|p2a: Raichu|atk|1\n|-unboost|p2b: Scizor|atk|1\n|turn|5\n|inactive|chelomon has 30 seconds left.\n|inactive|UTJUTJ has 30 seconds left.\n|inactive|chelomon has 20 seconds left.\n|inactive|chelomon has 15 seconds left.\n|\n|t:|1776569366\n|switch|p2b: Dragonite|Dragonite-Mega, L50, F|56/100\n|detailschange|p1a: Gengar|Gengar-Mega, L50, M\n|-mega|p1a: Gengar|Gengar|Gengarite\n|move|p1b: Wyrdeer|Skill Swap|p2a: Raichu\n|-activate|p1b: Wyrdeer|Skill Swap|Lightning Rod|Intimidate|[of] p2a: Raichu\n|-ability|p2a: Raichu|Intimidate|boost\n|-unboost|p1a: Gengar|atk|1\n|-unboost|p1b: Wyrdeer|atk|1\n|move|p2a: Raichu|Thunder|p1b: Wyrdeer\n|-activate|p1b: Wyrdeer|ability: Lightning Rod\n|-ability|p1b: Wyrdeer|Lightning Rod|boost\n|-boost|p1b: Wyrdeer|spa|1\n|move|p1a: Gengar|Perish Song|p1a: Gengar\n|-start|p1a: Gengar|perish3|[silent]\n|-start|p1b: Wyrdeer|perish3|[silent]\n|-start|p2a: Raichu|perish3|[silent]\n|-start|p2b: Dragonite|perish3|[silent]\n|-fieldactivate|move: Perish Song\n|\n|-weather|none\n|-start|p1b: Wyrdeer|perish3\n|-start|p2b: Dragonite|perish3\n|-start|p2a: Raichu|perish3\n|-start|p1a: Gengar|perish3\n|-fieldend|move: Trick Room\n|upkeep\n|turn|6\n|inactive|chelomon has 30 seconds left.\n|inactive|chelomon has 20 seconds left.\n|inactive|chelomon has 15 seconds left.\n|inactive|chelomon has 10 seconds left.\n|\n|t:|1776569413\n|move|p1a: Gengar|Protect|p1a: Gengar\n|-singleturn|p1a: Gengar|Protect\n|move|p2a: Raichu|Surf|p1a: Gengar|[spread] p2b,p1b\n|-activate|p1a: Gengar|move: Protect\n|-resisted|p2b: Dragonite|1\n|-damage|p2b: Dragonite|48/100\n|-damage|p1b: Wyrdeer|81/100\n|move|p2b: Dragonite|Draco Meteor|p1a: Gengar\n|-activate|p1a: Gengar|move: Protect\n|move|p1b: Wyrdeer|Thunderbolt|p2b: Dragonite\n|-damage|p2b: Dragonite|17/100\n|-status|p2b: Dragonite|par\n|\n|-start|p1a: Gengar|perish2\n|-start|p2a: Raichu|perish2\n|-start|p2b: Dragonite|perish2\n|-start|p1b: Wyrdeer|perish2\n|upkeep\n|turn|7\n|inactive|UTJUTJ has 30 seconds left.\n|inactive|chelomon has 30 seconds left.\n|inactive|UTJUTJ has 20 seconds left.\n|inactive|UTJUTJ has 15 seconds left.\n|inactive|UTJUTJ has 10 seconds left.\n|inactive|UTJUTJ has 5 seconds left.\n|\n|t:|1776569465\n|move|p1a: Gengar|Shadow Ball|p2b: Dragonite\n|-damage|p2b: Dragonite|0 fnt\n|faint|p2b: Dragonite\n|move|p2a: Raichu|Surf|p1b: Wyrdeer|[spread] p1a,p1b\n|-damage|p1a: Gengar|78/100\n|-damage|p1b: Wyrdeer|61/100\n|move|p1b: Wyrdeer|Thunderbolt|p2a: Raichu\n|-resisted|p2a: Raichu|1\n|-damage|p2a: Raichu|73/100\n|\n|-start|p1a: Gengar|perish1\n|-start|p2a: Raichu|perish1\n|-start|p1b: Wyrdeer|perish1\n|upkeep\n|inactive|chelomon has 30 seconds left.\n|\n|t:|1776569494\n|switch|p2b: Scizor|Scizor, L50, F|100/100\n|turn|8\n|\n|t:|1776569517\n|move|p2b: Scizor|Bullet Punch|p1a: Gengar\n|-damage|p1a: Gengar|28/100\n|move|p1a: Gengar|Shadow Ball|p2b: Scizor\n|-crit|p2b: Scizor\n|-damage|p2b: Scizor|17/100\n|move|p2a: Raichu|Surf|p1a: Gengar|[spread] p2b,p1a,p1b\n|-damage|p2b: Scizor|0 fnt\n|-damage|p1a: Gengar|7/100\n|-damage|p1b: Wyrdeer|43/100\n|faint|p2b: Scizor\n|move|p1b: Wyrdeer|Thunderbolt|p2a: Raichu\n|-resisted|p2a: Raichu|1\n|-damage|p2a: Raichu|47/100\n|\n|-start|p1a: Gengar|perish0\n|-start|p2a: Raichu|perish0\n|-start|p1b: Wyrdeer|perish0\n|upkeep\n|faint|p1a: Gengar\n|faint|p2a: Raichu\n|faint|p1b: Wyrdeer\n|\n|win|chelomon\n|raw|UTJUTJ's rating: 1114 &rarr; <strong>1088</strong><br />(-26 for losing)\n|raw|chelomon's rating: 1097 &rarr; <strong>1124</strong><br />(+27 for winning)\n|l|\u2606chelomon\n|player|p2|\n",
  "uploadtime": 1776569741,
  "views": 8,
  "formatid": "gen9championsvgc2026regma",
  "rating": 1088,
  "private": 0,
  "password": null
}