{
  "id": "gen9championsvgc2026regma-2582261584",
  "format": "[Gen 9 Champions] VGC 2026 Reg M-A",
  "players": [
    "lasesino",
    "porygon-epilepz"
  ],
  "log": "|j|\u2606lasesino\n|j|\u2606porygon-epilepz\n|t:|1776077354\n|gametype|doubles\n|player|p1|lasesino|266|1124\n|player|p2|porygon-epilepz|hiker-gen4|1119\n|gen|9\n|tier|[Gen 9 Champions] VGC 2026 Reg M-A\n|rated|\n|rule|Species Clause: Limit one of each Pok\u00e9mon\n|rule|Item Clause: Limit 1 of each item\n|clearpoke\n|poke|p1|Garchomp, L50, M|\n|poke|p1|Sneasler, L50, F|\n|poke|p1|Gengar, L50, M|\n|poke|p1|Kingambit, L50, M|\n|poke|p1|Basculegion, L50, M|\n|poke|p1|Froslass, L50, F|\n|poke|p2|Kommo-o, L50, F|\n|poke|p2|Incineroar, L50, M|\n|poke|p2|Glimmora, L50, F|\n|poke|p2|Sinistcha, L50|\n|poke|p2|Talonflame, L50, F|\n|poke|p2|Orthworm, L50, M|\n|teampreview|4\n|\n|t:|1776077408\n|teamsize|p1|4\n|teamsize|p2|4\n|start\n|switch|p1a: Gengar|Gengar, L50, M|100/100\n|switch|p1b: Basculegion|Basculegion, L50, M|100/100\n|switch|p2a: Talonflame|Talonflame, L50, F|100/100\n|switch|p2b: Kommo-o|Kommo-o, L50, F|100/100\n|turn|1\n|\n|t:|1776077429\n|detailschange|p1a: Gengar|Gengar-Mega, L50, M\n|-mega|p1a: Gengar|Gengar|Gengarite\n|move|p2a: Talonflame|Tailwind|p2a: Talonflame\n|-sidestart|p2: porygon-epilepz|move: Tailwind\n|move|p2b: Kommo-o|Clangorous Soul|p2b: Kommo-o\n|-boost|p2b: Kommo-o|atk|1\n|-boost|p2b: Kommo-o|def|1\n|-boost|p2b: Kommo-o|spa|1\n|-boost|p2b: Kommo-o|spd|1\n|-boost|p2b: Kommo-o|spe|1\n|-damage|p2b: Kommo-o|68/100\n|move|p1a: Gengar|Substitute|p1a: Gengar\n|-start|p1a: Gengar|Substitute\n|-damage|p1a: Gengar|76/100\n|move|p1b: Basculegion|Wave Crash|p2a: Talonflame\n|-supereffective|p2a: Talonflame|1\n|-crit|p2a: Talonflame\n|-enditem|p2a: Talonflame|Focus Sash\n|-damage|p2a: Talonflame|1/100\n|-damage|p1b: Basculegion|75/100|[from] Recoil\n|\n|-heal|p2b: Kommo-o|74/100|[from] item: Leftovers\n|upkeep\n|turn|2\n|\n|t:|1776077453\n|move|p1b: Basculegion|Aqua Jet|p2a: Talonflame\n|-supereffective|p2a: Talonflame|1\n|-crit|p2a: Talonflame\n|-damage|p2a: Talonflame|0 fnt\n|faint|p2a: Talonflame\n|move|p2b: Kommo-o|Clanging Scales|p1b: Basculegion|[spread] p1a,p1b\n|-damage|p1a: Gengar|12/100\n|-damage|p1b: Basculegion|16/100\n|-unboost|p2b: Kommo-o|def|1\n|move|p1a: Gengar|Sludge Bomb|p2b: Kommo-o\n|-crit|p2b: Kommo-o\n|-damage|p2b: Kommo-o|0 fnt\n|faint|p2b: Kommo-o\n|\n|upkeep\n|\n|t:|1776077463\n|switch|p2a: Glimmora|Glimmora, L50, F|100/100\n|switch|p2b: Sinistcha|Sinistcha, L50|100/100\n|turn|3\n|\n|t:|1776077477\n|detailschange|p2a: Glimmora|Glimmora-Mega, L50, F\n|-mega|p2a: Glimmora|Glimmora|Glimmoranite\n|move|p1b: Basculegion|Aqua Jet|p2a: Glimmora\n|-supereffective|p2a: Glimmora|1\n|-damage|p2a: Glimmora|35/100\n|move|p2a: Glimmora|Power Gem|p1a: Gengar\n|-end|p1a: Gengar|Substitute\n|move|p1a: Gengar|Shadow Ball|p2b: Sinistcha\n|-supereffective|p2b: Sinistcha|1\n|-damage|p2b: Sinistcha|15/100\n|move|p2b: Sinistcha|Matcha Gotcha|p1b: Basculegion|[spread] p1a,p1b\n|-resisted|p1a: Gengar|1\n|-supereffective|p1b: Basculegion|1\n|-damage|p1a: Gengar|0 fnt\n|-heal|p2b: Sinistcha|20/100|[from] drain|[of] p1a: Gengar\n|-damage|p1b: Basculegion|0 fnt\n|-heal|p2b: Sinistcha|29/100|[from] drain|[of] p1b: Basculegion\n|faint|p1a: Gengar\n|faint|p1b: Basculegion\n|\n|upkeep\n|\n|t:|1776077496\n|switch|p1a: Sneasler|Sneasler, L50, F|100/100\n|switch|p1b: Kingambit|Kingambit, L50, M|100/100\n|turn|4\n|\n|t:|1776077504\n|move|p1b: Kingambit|Protect|p1b: Kingambit\n|-singleturn|p1b: Kingambit|Protect\n|move|p2b: Sinistcha|Rage Powder|p2b: Sinistcha\n|-singleturn|p2b: Sinistcha|move: Rage Powder\n|move|p2a: Glimmora|Earth Power|p1a: Sneasler\n|-supereffective|p1a: Sneasler|1\n|-enditem|p1a: Sneasler|Focus Sash\n|-damage|p1a: Sneasler|1/100\n|move|p1a: Sneasler|Close Combat|p2b: Sinistcha\n|-immune|p2b: Sinistcha\n|\n|-sideend|p2: porygon-epilepz|move: Tailwind\n|upkeep\n|turn|5\n|\n|t:|1776077517\n|move|p1a: Sneasler|Protect|p1a: Sneasler\n|-singleturn|p1a: Sneasler|Protect\n|move|p2a: Glimmora|Spiky Shield|p2a: Glimmora\n|-singleturn|p2a: Glimmora|move: Protect\n|move|p2b: Sinistcha|Life Dew|p2b: Sinistcha|[spread] p2a,p2b\n|-heal|p2a: Glimmora|60/100\n|-heal|p2b: Sinistcha|54/100\n|move|p1b: Kingambit|Kowtow Cleave|p2b: Sinistcha\n|-supereffective|p2b: Sinistcha|1\n|-damage|p2b: Sinistcha|0 fnt\n|faint|p2b: Sinistcha\n|\n|upkeep\n|turn|6\n|\n|t:|1776077532\n|move|p2a: Glimmora|Spiky Shield||[still]\n|-fail|p2a: Glimmora\n|move|p1b: Kingambit|Sucker Punch||[still]\n|-fail|p1b: Kingambit\n|move|p1a: Sneasler|Close Combat|p2a: Glimmora\n|-damage|p2a: Glimmora|0 fnt\n|-unboost|p1a: Sneasler|def|1\n|-unboost|p1a: Sneasler|spd|1\n|faint|p2a: Glimmora\n|\n|win|lasesino\n|raw|lasesino's rating: 1124 &rarr; <strong>1149</strong><br />(+25 for winning)\n|raw|porygon-epilepz's rating: 1119 &rarr; <strong>1094</strong><br />(-25 for losing)\n",
  "uploadtime": 1776077357,
  "views": 15,
  "formatid": "gen9championsvgc2026regma",
  "rating": 1094,
  "private": 0,
  "password": null
}