{
  "id": "gen9championsvgc2026regma-2581114538",
  "format": "[Gen 9 Champions] VGC 2026 Reg M-A",
  "players": [
    "jomomo05",
    "slurpysigma"
  ],
  "log": "|j|\u2606jomomo05\n|j|\u2606slurpysigma\n|t:|1775961244\n|gametype|doubles\n|player|p1|jomomo05|102|1048\n|player|p2|slurpysigma|101|1069\n|gen|9\n|tier|[Gen 9 Champions] VGC 2026 Reg M-A\n|rated|\n|rule|Species Clause: Limit one of each Pok\u00e9mon\n|rule|Item Clause: Limit 1 of each item\n|clearpoke\n|poke|p1|Floette-Eternal, L50, F|\n|poke|p1|Sinistcha, L50|\n|poke|p1|Excadrill, L50, F|\n|poke|p1|Sableye, L50, F|\n|poke|p1|Incineroar, L50, M|\n|poke|p1|Tyranitar, L50, F|\n|poke|p2|Sneasler, L50, F|\n|poke|p2|Sinistcha, L50|\n|poke|p2|Aerodactyl, L50, F|\n|poke|p2|Incineroar, L50, M|\n|poke|p2|Floette-Eternal, L50, F|\n|poke|p2|Garchomp, L50, F|\n|teampreview|4\n|inactive|Battle timer is ON: inactive players will automatically lose when time's up. (requested by slurpysigma)\n|inactive|slurpysigma has 60 seconds left.\n|\n|t:|1775961278\n|teamsize|p1|4\n|teamsize|p2|4\n|start\n|switch|p1a: Incineroar|Incineroar, L50, M, shiny|100/100\n|switch|p1b: Tyranitar|Tyranitar, L50, F, shiny|100/100\n|switch|p2a: Floette|Floette-Eternal, L50, F|100/100\n|switch|p2b: Aerodactyl|Aerodactyl, L50, F|100/100\n|-weather|Sandstorm|[from] ability: Sand Stream|[of] p1b: Tyranitar\n|-ability|p1a: Incineroar|Intimidate|boost\n|-unboost|p2a: Floette|atk|1\n|-unboost|p2b: Aerodactyl|atk|1\n|turn|1\n|\n|t:|1775961302\n|detailschange|p2a: Floette|Floette-Mega, L50, F\n|-mega|p2a: Floette|Floette|Floettite\n|-ability|p2a: Floette|Fairy Aura\n|detailschange|p1b: Tyranitar|Tyranitar-Mega, L50, F, shiny\n|-mega|p1b: Tyranitar|Tyranitar|Tyranitarite\n|move|p2b: Aerodactyl|Protect|p2b: Aerodactyl\n|-singleturn|p2b: Aerodactyl|Protect\n|move|p2a: Floette|Protect|p2a: Floette\n|-singleturn|p2a: Floette|Protect\n|move|p1a: Incineroar|Fake Out|p2a: Floette\n|-activate|p2a: Floette|move: Protect\n|move|p1b: Tyranitar|Rock Slide|p2a: Floette|[spread] \n|-activate|p2a: Floette|move: Protect\n|-activate|p2b: Aerodactyl|move: Protect\n|\n|-weather|Sandstorm|[upkeep]\n|-damage|p2a: Floette|95/100|[from] Sandstorm\n|-damage|p1a: Incineroar|95/100|[from] Sandstorm\n|upkeep\n|turn|2\n|\n|t:|1775961326\n|switch|p1b: Excadrill|Excadrill, L50, F, shiny|100/100\n|move|p2b: Aerodactyl|Rock Slide|p1a: Incineroar|[spread] p1a,p1b\n|-supereffective|p1a: Incineroar|1\n|-resisted|p1b: Excadrill|2\n|-damage|p1a: Incineroar|67/100\n|-damage|p1b: Excadrill|94/100\n|move|p2a: Floette|Moonblast|p1b: Excadrill\n|-resisted|p1b: Excadrill|1\n|-damage|p1b: Excadrill|45/100\n|move|p1a: Incineroar|Parting Shot|p2a: Floette\n|-unboost|p2a: Floette|atk|1\n|-unboost|p2a: Floette|spa|1\n|\n|t:|1775961338\n|switch|p1a: Sableye|Sableye, L50, F, shiny|100/100|[from] Parting Shot\n|\n|-weather|Sandstorm|[upkeep]\n|-damage|p2a: Floette|89/100|[from] Sandstorm\n|-damage|p1a: Sableye|95/100|[from] Sandstorm\n|upkeep\n|turn|3\n|\n|t:|1775961349\n|move|p2a: Floette|Protect|p2a: Floette\n|-singleturn|p2a: Floette|Protect\n|move|p1a: Sableye|Light Screen|p1a: Sableye\n|-sidestart|p1: jomomo05|move: Light Screen\n|move|p1b: Excadrill|Iron Head|p2a: Floette\n|-activate|p2a: Floette|move: Protect\n|move|p2b: Aerodactyl|Tailwind|p2b: Aerodactyl\n|-sidestart|p2: slurpysigma|move: Tailwind\n|\n|-weather|Sandstorm|[upkeep]\n|-damage|p2a: Floette|83/100|[from] Sandstorm\n|-damage|p1a: Sableye|89/100|[from] Sandstorm\n|upkeep\n|turn|4\n|\n|t:|1775961368\n|switch|p1b: Incineroar|Incineroar, L50, M, shiny|67/100\n|-ability|p1b: Incineroar|Intimidate|boost\n|-unboost|p2a: Floette|atk|1\n|-unboost|p2b: Aerodactyl|atk|1\n|move|p1a: Sableye|Encore|p2a: Floette\n|-start|p2a: Floette|Encore\n|move|p2a: Floette|Protect|p2a: Floette\n|-singleturn|p2a: Floette|Protect\n|move|p2b: Aerodactyl|Rock Slide|p1b: Incineroar|[spread] p1a,p1b\n|-supereffective|p1b: Incineroar|1\n|-damage|p1a: Sableye|72/100\n|-damage|p1b: Incineroar|48/100\n|-enditem|p1b: Incineroar|Sitrus Berry|[eat]\n|-heal|p1b: Incineroar|73/100|[from] item: Sitrus Berry\n|\n|-weather|Sandstorm|[upkeep]\n|-damage|p2a: Floette|77/100|[from] Sandstorm\n|-damage|p1b: Incineroar|67/100|[from] Sandstorm\n|-damage|p1a: Sableye|66/100|[from] Sandstorm\n|upkeep\n|turn|5\n|\n|t:|1775961384\n|switch|p2a: Sneasler|Sneasler, L50, F|100/100\n|move|p2b: Aerodactyl|Rock Slide|p1a: Sableye|[spread] p1a,p1b\n|-supereffective|p1b: Incineroar|1\n|-damage|p1a: Sableye|49/100\n|-damage|p1b: Incineroar|48/100\n|cant|p1b: Incineroar|flinch\n|move|p1a: Sableye|Foul Play|p2b: Aerodactyl\n|-damage|p2b: Aerodactyl|67/100\n|\n|-weather|none\n|upkeep\n|turn|6\n|\n|t:|1775961398\n|move|p2b: Aerodactyl|Dual Wingbeat|p1a: Sableye\n|-damage|p1a: Sableye|37/100\n|-damage|p1a: Sableye|23/100\n|-hitcount|p1a: Sableye|2\n|move|p2a: Sneasler|Close Combat|p1b: Incineroar\n|-supereffective|p1b: Incineroar|1\n|-damage|p1b: Incineroar|0 fnt\n|-unboost|p2a: Sneasler|def|1\n|-unboost|p2a: Sneasler|spd|1\n|faint|p1b: Incineroar\n|-enditem|p2a: Sneasler|White Herb\n|-clearnegativeboost|p2a: Sneasler|[silent]\n|move|p1a: Sableye|Foul Play|p2a: Sneasler\n|-resisted|p2a: Sneasler|1\n|-damage|p2a: Sneasler|56/100\n|\n|-sideend|p2: slurpysigma|move: Tailwind\n|upkeep\n|\n|t:|1775961405\n|switch|p1b: Tyranitar|Tyranitar-Mega, L50, F, shiny|100/100\n|-weather|Sandstorm|[from] ability: Sand Stream|[of] p1b: Tyranitar\n|turn|7\n|inactive|slurpysigma has 30 seconds left.\n|\n|t:|1775961431\n|switch|p1a: Excadrill|Excadrill, L50, F, shiny|45/100\n|move|p1b: Tyranitar|Protect|p1b: Tyranitar\n|-singleturn|p1b: Tyranitar|Protect\n|move|p2a: Sneasler|Close Combat|p1b: Tyranitar\n|-activate|p1b: Tyranitar|move: Protect\n|move|p2b: Aerodactyl|Tailwind|p2b: Aerodactyl\n|-sidestart|p2: slurpysigma|move: Tailwind\n|\n|-weather|Sandstorm|[upkeep]\n|-damage|p2a: Sneasler|50/100|[from] Sandstorm\n|-sideend|p1: jomomo05|move: Light Screen\n|upkeep\n|turn|8\n|\n|t:|1775961452\n|switch|p2b: Sinistcha|Sinistcha, L50|100/100\n|-heal|p2a: Sneasler|75/100|[from] ability: Hospitality|[of] p2b: Sinistcha\n|move|p2a: Sneasler|Close Combat|p1b: Tyranitar\n|-supereffective|p1b: Tyranitar|2\n|-damage|p1b: Tyranitar|0 fnt\n|-unboost|p2a: Sneasler|def|1\n|-unboost|p2a: Sneasler|spd|1\n|faint|p1b: Tyranitar\n|move|p1a: Excadrill|High Horsepower|p2a: Sneasler\n|-supereffective|p2a: Sneasler|1\n|-damage|p2a: Sneasler|0 fnt\n|faint|p2a: Sneasler\n|\n|-weather|Sandstorm|[upkeep]\n|-damage|p2b: Sinistcha|94/100|[from] Sandstorm\n|-heal|p2b: Sinistcha|100/100|[from] item: Leftovers\n|upkeep\n|\n|t:|1775961466\n|switch|p2a: Aerodactyl|Aerodactyl, L50, F|67/100\n|switch|p1b: Sableye|Sableye, L50, F, shiny|23/100\n|turn|9\n|\n|t:|1775961479\n|move|p2a: Aerodactyl|Protect|p2a: Aerodactyl\n|-singleturn|p2a: Aerodactyl|Protect\n|move|p1b: Sableye|Reflect|p1b: Sableye\n|-sidestart|p1: jomomo05|Reflect\n|move|p1a: Excadrill|Iron Head|p2a: Aerodactyl\n|-activate|p2a: Aerodactyl|move: Protect\n|move|p2b: Sinistcha|Matcha Gotcha|p1a: Excadrill|[spread] p1a,p1b\n|-damage|p1a: Excadrill|7/100\n|-damage|p1b: Sableye|0 fnt\n|faint|p1b: Sableye\n|\n|-weather|Sandstorm|[upkeep]\n|-damage|p2b: Sinistcha|94/100|[from] Sandstorm\n|-heal|p2b: Sinistcha|100/100|[from] item: Leftovers\n|upkeep\n|turn|10\n|\n|t:|1775961489\n|move|p2a: Aerodactyl|Rock Slide|p1a: Excadrill\n|-resisted|p1a: Excadrill|2\n|-damage|p1a: Excadrill|0 fnt\n|faint|p1a: Excadrill\n|\n|win|slurpysigma\n|raw|jomomo05's rating: 1048 &rarr; <strong>1032</strong><br />(-16 for losing)\n|raw|slurpysigma's rating: 1069 &rarr; <strong>1097</strong><br />(+28 for winning)\n",
  "uploadtime": 1775961489,
  "views": 9,
  "formatid": "gen9championsvgc2026regma",
  "rating": 1032,
  "private": 0,
  "password": null
}