{
  "id": "gen9championsvgc2026regma-2587378625",
  "format": "[Gen 9 Champions] VGC 2026 Reg M-A",
  "players": [
    "471 Scyther",
    "SR WISS"
  ],
  "log": "|j|\u2606471 Scyther\n|j|\u2606SR WISS\n|t:|1776526827\n|gametype|doubles\n|player|p1|471 Scyther|265|1352\n|player|p2|SR WISS|fantina|1300\n|gen|9\n|tier|[Gen 9 Champions] VGC 2026 Reg M-A\n|rated|\n|rule|Species Clause: Limit one of each Pok\u00e9mon\n|rule|Item Clause: Limit 1 of each item\n|clearpoke\n|poke|p1|Glimmora, L50, F, shiny|\n|poke|p1|Ninetales-Alola, L50, M, shiny|\n|poke|p1|Basculegion, L50, M|\n|poke|p1|Dragonite, L50, F|\n|poke|p1|Corviknight, L50, F, shiny|\n|poke|p1|Kangaskhan, L50, F|\n|poke|p2|Gengar, L50, F, shiny|\n|poke|p2|Incineroar, L50, F, shiny|\n|poke|p2|Sinistcha-Masterpiece, L50, shiny|\n|poke|p2|Vivillon, L50, F, shiny|\n|poke|p2|Politoed, L50, F, shiny|\n|poke|p2|Kingambit, L50, M, shiny|\n|teampreview|4\n|j| p3elz\n|c| p3elz|VIGILLON\n|c| p3elz|PLEASE\n|c| p3elz|BRING VIVILLON\n|c| p3elz|i need to see this\n|inactive|Battle timer is ON: inactive players will automatically lose when time's up. (requested by SR WISS)\n|\n|t:|1776526871\n|teamsize|p1|4\n|teamsize|p2|4\n|start\n|switch|p1a: Glimmora|Glimmora, L50, F, shiny|100/100\n|switch|p1b: Kangaskhan|Kangaskhan, L50, F|100/100\n|switch|p2a: Gengar|Gengar, L50, F, shiny|100/100\n|switch|p2b: Vivillon|Vivillon, L50, F, shiny|100/100\n|turn|1\n|c| p3elz|Thankssss\n|\n|t:|1776526895\n|detailschange|p2a: Gengar|Gengar-Mega, L50, F, shiny\n|-mega|p2a: Gengar|Gengar|Gengarite\n|detailschange|p1a: Glimmora|Glimmora-Mega, L50, F, shiny\n|-mega|p1a: Glimmora|Glimmora|Glimmoranite\n|move|p2a: Gengar|Protect|p2a: Gengar\n|-singleturn|p2a: Gengar|Protect\n|move|p2b: Vivillon|Protect|p2b: Vivillon\n|-singleturn|p2b: Vivillon|Protect\n|move|p1b: Kangaskhan|Fake Out|p2b: Vivillon\n|-activate|p2b: Vivillon|move: Protect\n|move|p1a: Glimmora|Power Gem|p2b: Vivillon\n|-activate|p2b: Vivillon|move: Protect\n|\n|upkeep\n|turn|2\n|inactive|SR WISS has 30 seconds left.\n|inactive|SR WISS has 20 seconds left.\n|inactive|SR WISS has 15 seconds left.\n|inactive|SR WISS has 10 seconds left.\n|inactive|SR WISS has 5 seconds left.\n|\n|t:|1776526946\n|move|p2a: Gengar|Perish Song|p2a: Gengar\n|-start|p1a: Glimmora|perish3|[silent]\n|-start|p1b: Kangaskhan|perish3|[silent]\n|-start|p2a: Gengar|perish3|[silent]\n|-start|p2b: Vivillon|perish3|[silent]\n|-fieldactivate|move: Perish Song\n|move|p2b: Vivillon|Sleep Powder|p1a: Glimmora\n|-status|p1a: Glimmora|slp|[from] move: Sleep Powder\n|cant|p1a: Glimmora|slp\n|move|p1b: Kangaskhan|Double-Edge|p2a: Gengar\n|-damage|p2a: Gengar|24/100\n|-damage|p1b: Kangaskhan|81/100|[from] Recoil\n|\n|-start|p2a: Gengar|perish3\n|-start|p2b: Vivillon|perish3\n|-start|p1a: Glimmora|perish3\n|-start|p1b: Kangaskhan|perish3\n|upkeep\n|turn|3\n|inactive|471 Scyther has 30 seconds left.\n|inactive|SR WISS has 30 seconds left.\n|inactive|471 Scyther has 20 seconds left.\n|inactive|471 Scyther has 15 seconds left.\n|inactive|471 Scyther has 10 seconds left.\n|\n|t:|1776526992\n|switch|p2b: Sinistcha|Sinistcha-Masterpiece, L50, shiny|100/100\n|-heal|p2a: Gengar|49/100|[from] ability: Hospitality|[of] p2b: Sinistcha\n|move|p2a: Gengar|Protect|p2a: Gengar\n|-singleturn|p2a: Gengar|Protect\n|cant|p1a: Glimmora|slp\n|move|p1b: Kangaskhan|Double-Edge|p2a: Gengar\n|-activate|p2a: Gengar|move: Protect\n|\n|-start|p2a: Gengar|perish2\n|-start|p1a: Glimmora|perish2\n|-start|p1b: Kangaskhan|perish2\n|upkeep\n|turn|4\n|\n|t:|1776527015\n|move|p2b: Sinistcha|Rage Powder|p2b: Sinistcha\n|-singleturn|p2b: Sinistcha|move: Rage Powder\n|move|p2a: Gengar|Substitute|p2a: Gengar\n|-start|p2a: Gengar|Substitute\n|-damage|p2a: Gengar|24/100\n|-curestatus|p1a: Glimmora|slp|[msg]\n|move|p1a: Glimmora|Earth Power|p2b: Sinistcha\n|-resisted|p2b: Sinistcha|1\n|-damage|p2b: Sinistcha|83/100\n|move|p1b: Kangaskhan|Double-Edge|p2b: Sinistcha\n|-damage|p2b: Sinistcha|34/100\n|-damage|p1b: Kangaskhan|67/100|[from] Recoil\n|\n|-heal|p2b: Sinistcha|40/100|[from] item: Leftovers\n|-start|p2a: Gengar|perish1\n|-start|p1a: Glimmora|perish1\n|-start|p1b: Kangaskhan|perish1\n|upkeep\n|turn|5\n|c| p3elz|Thats a new one\n|inactive|SR WISS has 30 seconds left.\n|\n|t:|1776527041\n|switch|p2a: Incineroar|Incineroar, L50, F, shiny|100/100\n|-ability|p2a: Incineroar|Intimidate|boost\n|-unboost|p1a: Glimmora|atk|1\n|-fail|p1b: Kangaskhan|unboost|Attack|[from] ability: Scrappy|[of] p1b: Kangaskhan\n|move|p2b: Sinistcha|Protect|p2b: Sinistcha\n|-singleturn|p2b: Sinistcha|Protect\n|move|p1a: Glimmora|Sludge Bomb|p2b: Sinistcha\n|-activate|p2b: Sinistcha|move: Protect\n|move|p1b: Kangaskhan|Double-Edge|p2a: Incineroar\n|-damage|p2a: Incineroar|54/100\n|-damage|p1b: Kangaskhan|53/100|[from] Recoil\n|\n|-heal|p2b: Sinistcha|46/100|[from] item: Leftovers\n|-start|p1a: Glimmora|perish0\n|-start|p1b: Kangaskhan|perish0\n|faint|p1a: Glimmora\n|faint|p1b: Kangaskhan\n|upkeep\n|\n|t:|1776527055\n|switch|p1a: Basculegion|Basculegion, L50, M|100/100\n|switch|p1b: Corviknight|Corviknight, L50, F, shiny|100/100\n|turn|6\n|inactive|471 Scyther has 30 seconds left.\n|\n|t:|1776527082\n|move|p2b: Sinistcha|Rage Powder|p2b: Sinistcha\n|-singleturn|p2b: Sinistcha|move: Rage Powder\n|move|p1a: Basculegion|Last Respects|p2b: Sinistcha\n|-supereffective|p2b: Sinistcha|1\n|-damage|p2b: Sinistcha|0 fnt\n|faint|p2b: Sinistcha\n|move|p1b: Corviknight|Brave Bird|p2a: Incineroar\n|-damage|p2a: Incineroar|22/100\n|-enditem|p2a: Incineroar|Sitrus Berry|[eat]\n|-heal|p2a: Incineroar|47/100|[from] item: Sitrus Berry\n|-damage|p1b: Corviknight|90/100|[from] Recoil\n|move|p2a: Incineroar|Darkest Lariat|p1a: Basculegion\n|-supereffective|p1a: Basculegion|1\n|-damage|p1a: Basculegion|13/100\n|\n|upkeep\n|\n|t:|1776527095\n|switch|p2b: Vivillon|Vivillon, L50, F, shiny|100/100\n|turn|7\n|\n|t:|1776527111\n|move|p2a: Incineroar|Protect|p2a: Incineroar\n|-singleturn|p2a: Incineroar|Protect\n|move|p1a: Basculegion|Last Respects|p2b: Vivillon\n|-enditem|p2b: Vivillon|Focus Sash\n|-damage|p2b: Vivillon|1/100\n|move|p2b: Vivillon|Sleep Powder|p1b: Corviknight\n|-status|p1b: Corviknight|slp|[from] move: Sleep Powder\n|cant|p1b: Corviknight|slp\n|\n|upkeep\n|turn|8\n|\n|t:|1776527136\n|move|p2b: Vivillon|Protect|p2b: Vivillon\n|-singleturn|p2b: Vivillon|Protect\n|move|p1a: Basculegion|Last Respects|p2a: Incineroar\n|-resisted|p2a: Incineroar|1\n|-damage|p2a: Incineroar|7/100\n|cant|p1b: Corviknight|slp\n|move|p2a: Incineroar|Darkest Lariat|p1a: Basculegion\n|-supereffective|p1a: Basculegion|1\n|-damage|p1a: Basculegion|0 fnt\n|faint|p1a: Basculegion\n|\n|upkeep\n|turn|9\n|\n|t:|1776527152\n|switch|p2a: Gengar|Gengar-Mega, L50, F, shiny|24/100\n|move|p2b: Vivillon|Pollen Puff|p2a: Gengar\n|-heal|p2a: Gengar|74/100\n|-curestatus|p1b: Corviknight|slp|[msg]\n|move|p1b: Corviknight|Brave Bird|p2a: Gengar\n|-crit|p2a: Gengar\n|-damage|p2a: Gengar|3/100\n|-damage|p1b: Corviknight|71/100|[from] Recoil\n|\n|upkeep\n|turn|10\n|\n|t:|1776527168\n|move|p2a: Gengar|Perish Song|p2a: Gengar\n|-start|p1b: Corviknight|perish3|[silent]\n|-start|p2a: Gengar|perish3|[silent]\n|-start|p2b: Vivillon|perish3|[silent]\n|-fieldactivate|move: Perish Song\n|move|p2b: Vivillon|Sleep Powder|p1b: Corviknight\n|-status|p1b: Corviknight|slp|[from] move: Sleep Powder\n|cant|p1b: Corviknight|slp\n|\n|-start|p2a: Gengar|perish3\n|-start|p2b: Vivillon|perish3\n|-start|p1b: Corviknight|perish3\n|upkeep\n|turn|11\n|\n|t:|1776527181\n|switch|p2a: Incineroar|Incineroar, L50, F, shiny|7/100\n|-ability|p2a: Incineroar|Intimidate|boost\n|-ability|p1b: Corviknight|Mirror Armor\n|-unboost|p2a: Incineroar|atk|1\n|move|p2b: Vivillon|Pollen Puff|p2a: Incineroar\n|-heal|p2a: Incineroar|57/100\n|cant|p1b: Corviknight|slp\n|\n|-start|p2b: Vivillon|perish2\n|-start|p1b: Corviknight|perish2\n|upkeep\n|turn|12\n|c| p3elz|Wiss can i have the team sheet for this\n|\n|t:|1776527197\n|move|p2b: Vivillon|Pollen Puff|p2a: Incineroar\n|-heal|p2a: Incineroar|100/100\n|-curestatus|p1b: Corviknight|slp|[msg]\n|move|p1b: Corviknight|Brave Bird|p2b: Vivillon\n|-supereffective|p2b: Vivillon|1\n|-damage|p2b: Vivillon|0 fnt\n|faint|p2b: Vivillon\n|-damage|p1b: Corviknight|71/100|[from] Recoil\n|move|p2a: Incineroar|Parting Shot|p1b: Corviknight\n|-ability|p1b: Corviknight|Mirror Armor\n|-unboost|p2a: Incineroar|atk|1\n|-ability|p1b: Corviknight|Mirror Armor\n|-unboost|p2a: Incineroar|spa|1\n|\n|t:|1776527212\n|switch|p2a: Gengar|Gengar-Mega, L50, F, shiny|3/100|[from] Parting Shot\n|\n|-start|p1b: Corviknight|perish1\n|upkeep\n|\n|t:|1776527217\n|switch|p2b: Incineroar|Incineroar, L50, F, shiny|100/100\n|-ability|p2b: Incineroar|Intimidate|boost\n|-ability|p1b: Corviknight|Mirror Armor\n|-unboost|p2b: Incineroar|atk|1\n|turn|13\n|\n|t:|1776527230\n|move|p2a: Gengar|Protect|p2a: Gengar\n|-singleturn|p2a: Gengar|Protect\n|move|p2b: Incineroar|Protect|p2b: Incineroar\n|-singleturn|p2b: Incineroar|Protect\n|move|p1b: Corviknight|Brave Bird|p2a: Gengar\n|-activate|p2a: Gengar|move: Protect\n|\n|-start|p1b: Corviknight|perish0\n|faint|p1b: Corviknight\n|\n|win|SR WISS\n|raw|471 Scyther's rating: 1352 &rarr; <strong>1329</strong><br />(-23 for losing)\n|raw|SR WISS's rating: 1300 &rarr; <strong>1329</strong><br />(+29 for winning)\n|l|\u2606471 Scyther\n|player|p1|\n",
  "uploadtime": 1776527250,
  "views": 33,
  "formatid": "gen9championsvgc2026regma",
  "rating": 1329,
  "private": 0,
  "password": null
}