{
  "id": "gen9championsvgc2026regma-2585759100",
  "format": "[Gen 9 Champions] VGC 2026 Reg M-A",
  "players": [
    "no shian",
    "guialelaf"
  ],
  "log": "|j|\u2606no shian\n|j|\u2606guialelaf\n|t:|1776368614\n|gametype|doubles\n|player|p1|no shian|101|1026\n|player|p2|guialelaf|steven|1000\n|gen|9\n|tier|[Gen 9 Champions] VGC 2026 Reg M-A\n|rated|\n|rule|Species Clause: Limit one of each Pok\u00e9mon\n|rule|Item Clause: Limit 1 of each item\n|clearpoke\n|poke|p1|Conkeldurr, L50, F|\n|poke|p1|Froslass, L50, F|\n|poke|p1|Mamoswine, L50, F|\n|poke|p1|Mimikyu, L50, F|\n|poke|p1|Incineroar, L50, F|\n|poke|p1|Talonflame, L50, F|\n|poke|p2|Venusaur, L50, F|\n|poke|p2|Charizard, L50, M|\n|poke|p2|Incineroar, L50, F|\n|poke|p2|Raichu-Alola, L50, F|\n|poke|p2|Gengar, L50, F|\n|poke|p2|Rotom-Frost, L50|\n|teampreview|4\n|\n|t:|1776368640\n|teamsize|p1|4\n|teamsize|p2|4\n|start\n|switch|p1a: Talonflame|Talonflame, L50, F|100/100\n|switch|p1b: Froslass|Froslass, L50, F|100/100\n|switch|p2a: Venusaur|Venusaur, L50, F|100/100\n|switch|p2b: Charizard|Charizard, L50, M|100/100\n|turn|1\n|-activate|p1a: Talonflame|item: Quick Claw\n|\n|t:|1776368661\n|detailschange|p2b: Charizard|Charizard-Mega-Y, L50, M\n|-mega|p2b: Charizard|Charizard|Charizardite Y\n|-weather|SunnyDay|[from] ability: Drought|[of] p2b: Charizard\n|detailschange|p1b: Froslass|Froslass-Mega, L50, F\n|-mega|p1b: Froslass|Froslass|Froslassite\n|-weather|Snowscape|[from] ability: Snow Warning|[of] p1b: Froslass\n|move|p1a: Talonflame|Tailwind|p1a: Talonflame\n|-sidestart|p1: no shian|move: Tailwind\n|move|p1b: Froslass|Icy Wind|p2b: Charizard|[spread] p2a,p2b\n|-supereffective|p2a: Venusaur|1\n|-damage|p2a: Venusaur|52/100\n|-damage|p2b: Charizard|75/100\n|-unboost|p2a: Venusaur|spe|1\n|-unboost|p2b: Charizard|spe|1\n|move|p2b: Charizard|Heat Wave|p1b: Froslass|[spread] p1a,p1b\n|-resisted|p1a: Talonflame|1\n|-supereffective|p1b: Froslass|1\n|-damage|p1a: Talonflame|73/100\n|-damage|p1b: Froslass|29/100\n|move|p2a: Venusaur|Sleep Powder|p1b: Froslass\n|-status|p1b: Froslass|slp|[from] move: Sleep Powder\n|\n|-weather|Snowscape|[upkeep]\n|-heal|p2a: Venusaur|58/100|[from] item: Leftovers\n|upkeep\n|turn|2\n|-activate|p1a: Talonflame|item: Quick Claw\n|\n|t:|1776368692\n|move|p1a: Talonflame|Brave Bird|p2a: Venusaur\n|-supereffective|p2a: Venusaur|1\n|-damage|p2a: Venusaur|0 fnt\n|faint|p2a: Venusaur\n|-damage|p1a: Talonflame|50/100|[from] Recoil\n|cant|p1b: Froslass|slp\n|move|p2b: Charizard|Heat Wave|p1a: Talonflame|[spread] p1a,p1b\n|-resisted|p1a: Talonflame|1\n|-supereffective|p1b: Froslass|1\n|-damage|p1a: Talonflame|21/100\n|-damage|p1b: Froslass|0 fnt\n|faint|p1b: Froslass\n|\n|-weather|Snowscape|[upkeep]\n|upkeep\n|\n|t:|1776368705\n|switch|p1b: Mamoswine|Mamoswine, L50, F|100/100\n|switch|p2a: Raichu|Raichu-Alola, L50, F|100/100\n|turn|3\n|\n|t:|1776368721\n|move|p1a: Talonflame|Protect|p1a: Talonflame\n|-singleturn|p1a: Talonflame|Protect\n|move|p2a: Raichu|Fake Out|p1a: Talonflame\n|-activate|p1a: Talonflame|move: Protect\n|move|p1b: Mamoswine|Earthquake|p2b: Charizard|[spread] p2a\n|-activate|p1a: Talonflame|move: Protect\n|-immune|p2b: Charizard\n|-supereffective|p2a: Raichu|1\n|-damage|p2a: Raichu|0 fnt\n|faint|p2a: Raichu\n|move|p2b: Charizard|Flare Blitz|p1b: Mamoswine\n|-supereffective|p1b: Mamoswine|1\n|-damage|p1b: Mamoswine|19/100\n|-damage|p2b: Charizard|40/100|[from] Recoil\n|\n|-weather|Snowscape|[upkeep]\n|upkeep\n|\n|t:|1776368724\n|switch|p2a: Incineroar|Incineroar, L50, F|100/100\n|-ability|p2a: Incineroar|Intimidate|boost\n|-unboost|p1a: Talonflame|atk|1\n|-fail|p1b: Mamoswine|unboost|Attack|[from] ability: Oblivious|[of] p1b: Mamoswine\n|turn|4\n|\n|t:|1776368755\n|move|p2a: Incineroar|Fake Out|p1b: Mamoswine\n|-damage|p1b: Mamoswine|12/100\n|move|p1a: Talonflame|Brave Bird|p2b: Charizard\n|-damage|p2b: Charizard|0 fnt\n|faint|p2b: Charizard\n|-damage|p1a: Talonflame|8/100|[from] Recoil\n|cant|p1b: Mamoswine|flinch\n|\n|-weather|Snowscape|[upkeep]\n|-sideend|p1: no shian|move: Tailwind\n|upkeep\n|turn|5\n|\n|t:|1776368771\n|move|p1a: Talonflame|Tailwind|p1a: Talonflame\n|-sidestart|p1: no shian|move: Tailwind\n|move|p1b: Mamoswine|High Horsepower|p2a: Incineroar\n|-supereffective|p2a: Incineroar|1\n|-damage|p2a: Incineroar|19/100\n|move|p2a: Incineroar|Flare Blitz|p1a: Talonflame\n|-resisted|p1a: Talonflame|1\n|-damage|p1a: Talonflame|0 fnt\n|faint|p1a: Talonflame\n|-damage|p2a: Incineroar|17/100|[from] Recoil\n|\n|-weather|none\n|upkeep\n|\n|t:|1776368781\n|switch|p1a: Mimikyu|Mimikyu, L50, F|100/100\n|turn|6\n|\n|t:|1776368790\n|move|p2a: Incineroar|Protect|p2a: Incineroar\n|-singleturn|p2a: Incineroar|Protect\n|move|p1a: Mimikyu|Play Rough|p2a: Incineroar\n|-activate|p2a: Incineroar|move: Protect\n|move|p1b: Mamoswine|High Horsepower|p2a: Incineroar\n|-activate|p2a: Incineroar|move: Protect\n|\n|upkeep\n|turn|7\n|\n|t:|1776368834\n|move|p1a: Mimikyu|Play Rough|p2a: Incineroar\n|-damage|p2a: Incineroar|0 fnt\n|faint|p2a: Incineroar\n|\n|win|no shian\n|raw|no shian's rating: 1026 &rarr; <strong>1059</strong><br />(+33 for winning)\n|raw|guialelaf's rating: 1000 &rarr; <strong>1000</strong><br />(+0 for losing)\n|l|\u2606guialelaf\n|player|p2|\n",
  "uploadtime": 1776369027,
  "views": 27,
  "formatid": "gen9championsvgc2026regma",
  "rating": 1000,
  "private": 0,
  "password": null
}