{
  "id": "gen9championsvgc2026regma-2587382555",
  "format": "[Gen 9 Champions] VGC 2026 Reg M-A",
  "players": [
    "kegi5",
    "AveryOfCrowsGirlie"
  ],
  "log": "|j|\u2606kegi5\n|j|\u2606AveryOfCrowsGirlie\n|t:|1776527167\n|gametype|doubles\n|player|p1|kegi5|winona|1213\n|player|p2|AveryOfCrowsGirlie|cynthia-gen4|1165\n|gen|9\n|tier|[Gen 9 Champions] VGC 2026 Reg M-A\n|rated|\n|rule|Species Clause: Limit one of each Pok\u00e9mon\n|rule|Item Clause: Limit 1 of each item\n|clearpoke\n|poke|p1|Abomasnow, L50, M|\n|poke|p1|Archaludon, L50, M|\n|poke|p1|Sneasler, L50, M|\n|poke|p1|Snorlax, L50, M|\n|poke|p1|Sableye, L50, M|\n|poke|p1|Milotic, L50, F|\n|poke|p2|Chesnaught, L50, F|\n|poke|p2|Milotic, L50, F|\n|poke|p2|Lucario, L50, F|\n|poke|p2|Maushold, L50|\n|poke|p2|Corviknight, L50, F|\n|poke|p2|Volcarona, L50, F|\n|teampreview|4\n|c|\u2606AveryOfCrowsGirlie|glhf!\n|inactive|Battle timer is ON: inactive players will automatically lose when time's up. (requested by kegi5)\n|\n|t:|1776527191\n|teamsize|p1|4\n|teamsize|p2|4\n|start\n|switch|p1a: Abomasnow|Abomasnow, L50, M|100/100\n|switch|p1b: Sableye|Sableye, L50, M|100/100\n|switch|p2a: Chesnaught|Chesnaught, L50, F|100/100\n|switch|p2b: Volcarona|Volcarona, L50, F|100/100\n|-weather|Snowscape|[from] ability: Snow Warning|[of] p1a: Abomasnow\n|turn|1\n|\n|t:|1776527210\n|detailschange|p2a: Chesnaught|Chesnaught-Mega, L50, F\n|-mega|p2a: Chesnaught|Chesnaught|Chesnaughtite\n|move|p1a: Abomasnow|Protect|p1a: Abomasnow\n|-singleturn|p1a: Abomasnow|Protect\n|move|p1b: Sableye|Will-O-Wisp|p2a: Chesnaught\n|-status|p2a: Chesnaught|brn\n|move|p2b: Volcarona|Quiver Dance|p2b: Volcarona\n|-boost|p2b: Volcarona|spa|1\n|-boost|p2b: Volcarona|spd|1\n|-boost|p2b: Volcarona|spe|1\n|move|p2a: Chesnaught|Iron Defense|p2a: Chesnaught\n|-boost|p2a: Chesnaught|def|2\n|\n|-weather|Snowscape|[upkeep]\n|-damage|p2a: Chesnaught|94/100 brn|[from] brn\n|upkeep\n|turn|2\n|inactive|kegi5 has 30 seconds left.\n|\n|t:|1776527239\n|detailschange|p1a: Abomasnow|Abomasnow-Mega, L50, M\n|-mega|p1a: Abomasnow|Abomasnow|Abomasite\n|move|p1b: Sableye|Reflect|p1b: Sableye\n|-sidestart|p1: kegi5|Reflect\n|move|p2b: Volcarona|Heat Wave|p1a: Abomasnow|[spread] p1a,p1b\n|-supereffective|p1a: Abomasnow|2\n|-damage|p1a: Abomasnow|0 fnt\n|-damage|p1b: Sableye|16/100\n|faint|p1a: Abomasnow\n|move|p2a: Chesnaught|Wood Hammer|p1b: Sableye\n|-damage|p1b: Sableye|0 fnt\n|faint|p1b: Sableye\n|-damage|p2a: Chesnaught|90/100 brn|[from] Recoil\n|\n|-weather|Snowscape|[upkeep]\n|-damage|p2a: Chesnaught|84/100 brn|[from] brn\n|upkeep\n|\n|t:|1776527255\n|switch|p1b: Archaludon|Archaludon, L50, M|100/100\n|switch|p1a: Milotic|Milotic, L50, F|100/100\n|turn|3\n|inactive|kegi5 has 30 seconds left.\n|\n|t:|1776527283\n|move|p2b: Volcarona|Heat Wave|p1b: Archaludon|[spread] p1a,p1b\n|-resisted|p1a: Milotic|1\n|-damage|p1a: Milotic|78/100\n|-damage|p1b: Archaludon|7/100\n|-ability|p1b: Archaludon|Stamina|boost\n|-boost|p1b: Archaludon|def|1\n|move|p1b: Archaludon|Flash Cannon|p2a: Chesnaught\n|-damage|p2a: Chesnaught|61/100 brn\n|move|p1a: Milotic|Muddy Water|p2a: Chesnaught|[spread] p2b\n|-miss|p1a: Milotic|p2a: Chesnaught\n|-supereffective|p2b: Volcarona|1\n|-damage|p2b: Volcarona|75/100\n|move|p2a: Chesnaught|Wood Hammer|p1a: Milotic\n|-supereffective|p1a: Milotic|1\n|-damage|p1a: Milotic|45/100\n|-enditem|p1a: Milotic|Sitrus Berry|[eat]\n|-heal|p1a: Milotic|69/100|[from] item: Sitrus Berry\n|-damage|p2a: Chesnaught|50/100 brn|[from] Recoil\n|\n|-weather|Snowscape|[upkeep]\n|-heal|p1b: Archaludon|13/100|[from] item: Leftovers\n|-damage|p2a: Chesnaught|44/100 brn|[from] brn\n|upkeep\n|turn|4\n|\n|t:|1776527307\n|move|p1b: Archaludon|Protect|p1b: Archaludon\n|-singleturn|p1b: Archaludon|Protect\n|move|p2b: Volcarona|Bug Buzz|p1a: Milotic\n|-crit|p1a: Milotic\n|-damage|p1a: Milotic|0 fnt\n|faint|p1a: Milotic\n|move|p2a: Chesnaught|Body Press|p1b: Archaludon\n|-activate|p1b: Archaludon|move: Protect\n|\n|-weather|Snowscape|[upkeep]\n|-heal|p1b: Archaludon|19/100|[from] item: Leftovers\n|-damage|p2a: Chesnaught|37/100 brn|[from] brn\n|upkeep\n|turn|5\n|-message|kegi5 forfeited.\n|\n|win|AveryOfCrowsGirlie\n|raw|kegi5's rating: 1213 &rarr; <strong>1185</strong><br />(-28 for losing)\n|raw|AveryOfCrowsGirlie's rating: 1165 &rarr; <strong>1193</strong><br />(+28 for winning)\n|l|\u2606kegi5\n|player|p1|\n",
  "uploadtime": 1776527632,
  "views": 25,
  "formatid": "gen9championsvgc2026regma",
  "rating": 1185,
  "private": 0,
  "password": null
}