{
  "id": "gen9championsvgc2026regma-2587351573",
  "format": "[Gen 9 Champions] VGC 2026 Reg M-A",
  "players": [
    "aolani",
    "DeltaZ82"
  ],
  "log": "|j|\u2606aolani\n|j|\u2606DeltaZ82\n|t:|1776524490\n|gametype|doubles\n|player|p1|aolani|psychic-gen3|1184\n|player|p2|DeltaZ82|benga|1170\n|gen|9\n|tier|[Gen 9 Champions] VGC 2026 Reg M-A\n|rated|\n|rule|Species Clause: Limit one of each Pok\u00e9mon\n|rule|Item Clause: Limit 1 of each item\n|clearpoke\n|poke|p1|Meganium, L50, M|\n|poke|p1|Whimsicott, L50, M, shiny|\n|poke|p1|Politoed, L50, F, shiny|\n|poke|p1|Gengar, L50, F|\n|poke|p1|Zoroark-Hisui, L50, M, shiny|\n|poke|p1|Klefki, L50, M|\n|poke|p2|Gengar, L50, F|\n|poke|p2|Lopunny, L50, M|\n|poke|p2|Garchomp, L50, M|\n|poke|p2|Aerodactyl, L50, M, shiny|\n|poke|p2|Sinistcha, L50|\n|poke|p2|Rotom-Wash, L50, shiny|\n|teampreview|4\n|\n|t:|1776524523\n|teamsize|p1|4\n|teamsize|p2|4\n|start\n|switch|p1a: Meganium|Meganium, L50, M|100/100\n|switch|p1b: Whimsicott|Whimsicott, L50, M, shiny|100/100\n|switch|p2a: Lopunny|Lopunny, L50, M|100/100\n|switch|p2b: Garchomp|Garchomp, L50, M|100/100\n|turn|1\n|\n|t:|1776524544\n|detailschange|p2a: Lopunny|Lopunny-Mega, L50, M\n|-mega|p2a: Lopunny|Lopunny|Lopunnite\n|detailschange|p1a: Meganium|Meganium-Mega, L50, M\n|-mega|p1a: Meganium|Meganium|Meganiumite\n|move|p1a: Meganium|Protect|p1a: Meganium\n|-singleturn|p1a: Meganium|Protect\n|move|p2a: Lopunny|Fake Out|p1b: Whimsicott\n|-damage|p1b: Whimsicott|59/100\n|replace|p1b: Zoroark|Zoroark-Hisui, L50, M, shiny\n|-end|p1b: Zoroark|Illusion\n|move|p2b: Garchomp|Swords Dance|p2b: Garchomp\n|-boost|p2b: Garchomp|atk|2\n|cant|p1b: Zoroark|flinch\n|\n|upkeep\n|turn|2\n|\n|t:|1776524570\n|move|p2a: Lopunny|Facade|p1a: Meganium\n|-damage|p1a: Meganium|69/100\n|move|p2b: Garchomp|Rock Slide|p1b: Zoroark|[spread] p1a,p1b\n|-crit|p1a: Meganium\n|-damage|p1a: Meganium|27/100\n|-damage|p1b: Zoroark|0 fnt\n|faint|p1b: Zoroark\n|move|p1a: Meganium|Dazzling Gleam|p2b: Garchomp|[spread] p2a,p2b\n|-supereffective|p2a: Lopunny|1\n|-supereffective|p2b: Garchomp|1\n|-damage|p2a: Lopunny|0 fnt\n|-damage|p2b: Garchomp|33/100\n|faint|p2a: Lopunny\n|\n|upkeep\n|\n|t:|1776524588\n|switch|p2a: Sinistcha|Sinistcha, L50|100/100\n|switch|p1b: Politoed|Politoed, L50, F, shiny|100/100\n|-weather|RainDance|[from] ability: Drizzle|[of] p1b: Politoed\n|-heal|p2b: Garchomp|57/100|[from] ability: Hospitality|[of] p2a: Sinistcha\n|turn|3\n|\n|t:|1776524604\n|switch|p1b: Whimsicott|Whimsicott, L50, M, shiny|100/100\n|switch|p2a: Rotom|Rotom-Wash, L50, shiny|100/100\n|move|p1a: Meganium|Protect|p1a: Meganium\n|-singleturn|p1a: Meganium|Protect\n|move|p2b: Garchomp|Rock Slide|p1a: Meganium|[spread] p1b\n|-activate|p1a: Meganium|move: Protect\n|-damage|p1b: Whimsicott|50/100\n|\n|-weather|RainDance|[upkeep]\n|upkeep\n|turn|4\n|\n|t:|1776524620\n|move|p1b: Whimsicott|Tailwind|p1b: Whimsicott\n|-sidestart|p1: aolani|move: Tailwind\n|move|p1a: Meganium|Dazzling Gleam|p2b: Garchomp|[spread] p2a,p2b\n|-supereffective|p2b: Garchomp|1\n|-damage|p2a: Rotom|60/100\n|-damage|p2b: Garchomp|0 fnt\n|faint|p2b: Garchomp\n|move|p2a: Rotom|Discharge|p1a: Meganium|[spread] p1a,p1b\n|-resisted|p1a: Meganium|1\n|-resisted|p1b: Whimsicott|1\n|-damage|p1a: Meganium|16/100\n|-damage|p1b: Whimsicott|28/100\n|\n|-weather|RainDance|[upkeep]\n|-heal|p2a: Rotom|66/100|[from] item: Leftovers\n|upkeep\n|\n|t:|1776524631\n|switch|p2b: Sinistcha|Sinistcha, L50|100/100\n|-heal|p2a: Rotom|90/100|[from] ability: Hospitality|[of] p2b: Sinistcha\n|turn|5\n|\n|t:|1776524647\n|move|p1b: Whimsicott|U-turn|p2b: Sinistcha\n|-damage|p2b: Sinistcha|85/100\n|\n|t:|1776524649\n|switch|p1b: Politoed|Politoed, L50, F, shiny|100/100|[from] U-turn\n|move|p1a: Meganium|Weather Ball|p2b: Sinistcha\n|-supereffective|p2b: Sinistcha|1\n|-damage|p2b: Sinistcha|0 fnt\n|faint|p2b: Sinistcha\n|move|p2a: Rotom|Discharge|p1b: Politoed|[spread] p1a,p1b\n|-resisted|p1a: Meganium|1\n|-supereffective|p1b: Politoed|1\n|-damage|p1a: Meganium|4/100\n|-damage|p1b: Politoed|54/100\n|-status|p1a: Meganium|par\n|\n|-weather|RainDance|[upkeep]\n|-heal|p1b: Politoed|60/100|[from] item: Leftovers\n|-heal|p2a: Rotom|96/100|[from] item: Leftovers\n|upkeep\n|turn|6\n|\n|t:|1776524684\n|switch|p1b: Whimsicott|Whimsicott, L50, M, shiny|28/100\n|move|p2a: Rotom|Discharge|p1b: Whimsicott|[spread] p1a,p1b\n|-resisted|p1a: Meganium|1\n|-resisted|p1b: Whimsicott|1\n|-crit|p1b: Whimsicott\n|-damage|p1a: Meganium|0 fnt\n|-damage|p1b: Whimsicott|0 fnt\n|faint|p1a: Meganium\n|faint|p1b: Whimsicott\n|\n|-weather|RainDance|[upkeep]\n|-heal|p2a: Rotom|100/100|[from] item: Leftovers\n|upkeep\n|\n|t:|1776524695\n|switch|p1b: Politoed|Politoed, L50, F, shiny|60/100\n|turn|7\n|\n|t:|1776524703\n|move|p1b: Politoed|Perish Song|p1b: Politoed\n|-start|p1b: Politoed|perish3|[silent]\n|-start|p2a: Rotom|perish3|[silent]\n|-fieldactivate|move: Perish Song\n|move|p2a: Rotom|Discharge|p1b: Politoed\n|-supereffective|p1b: Politoed|1\n|-damage|p1b: Politoed|0 fnt\n|faint|p1b: Politoed\n|\n|win|DeltaZ82\n|raw|aolani's rating: 1184 &rarr; <strong>1158</strong><br />(-26 for losing)\n|raw|DeltaZ82's rating: 1170 &rarr; <strong>1196</strong><br />(+26 for winning)\n|l|\u2606aolani\n|player|p1|\n",
  "uploadtime": 1776524712,
  "views": 20,
  "formatid": "gen9championsvgc2026regma",
  "rating": 1158,
  "private": 0,
  "password": null
}