{
  "id": "gen9championsvgc2026regma-2584827757",
  "format": "[Gen 9 Champions] VGC 2026 Reg M-A",
  "players": [
    "Carrielis",
    "TTT x"
  ],
  "log": "|j|\u2606Carrielis\n|j|\u2606TTT x\n|t:|1776286729\n|gametype|doubles\n|player|p1|Carrielis|alec-anime|\n|player|p2|TTT x|#smogonxnpa2025draftee|\n|gen|9\n|tier|[Gen 9 Champions] VGC 2026 Reg M-A\n|rated|Tournament battle\n|rule|Species Clause: Limit one of each Pok\u00e9mon\n|rule|Item Clause: Limit 1 of each item\n|raw|<div class=\"infobox\"><details class=\"readmore\" open><summary><strong>1 custom rule:</strong></summary> Force Open Team Sheets</details></div>\n|clearpoke\n|poke|p1|Politoed, L50, F|\n|poke|p1|Dragonite, L50, F|\n|poke|p1|Floette-Eternal, L50, F|\n|poke|p1|Incineroar, L50, M|\n|poke|p1|Aegislash, L50, F|\n|poke|p1|Sinistcha, L50|\n|poke|p2|Manectric, L50, F|\n|poke|p2|Archaludon, L50, F|\n|poke|p2|Sinistcha, L50|\n|poke|p2|Politoed, L50, F|\n|poke|p2|Scizor, L50, M|\n|poke|p2|Incineroar, L50, F|\n|teampreview|4\n|showteam|p1|Politoed||Leftovers|Drizzle|WeatherBall,IcyWind,Encore,Protect|||F|||50|]Dragonite||Dragoninite|InnerFocus|Hurricane,DracoMeteor,Thunder,Protect|||F|||50|]Floette-Eternal||Floettite|FlowerVeil|CalmMind,DrainingKiss,DazzlingGleam,Protect|||F|||50|]Incineroar||ChopleBerry|Intimidate|PartingShot,ThroatChop,LowKick,FakeOut|||M|||50|]Aegislash||SpellTag|StanceChange|Poltergeist,ShadowSneak,IronHead,KingsShield|||F|||50|]Sinistcha||SitrusBerry|Hospitality|MatchaGotcha,TrickRoom,RagePowder,Protect||||||50|\n|showteam|p2|Manectric||Manectite|LightningRod|VoltSwitch,Snarl,LightScreen,Protect|||F|||50|]Archaludon||Leftovers|Stamina|ElectroShot,DragonPulse,FlashCannon,Protect|||F|||50|]Sinistcha||KasibBerry|Hospitality|MatchaGotcha,ShadowBall,RagePowder,Protect||||||50|]Politoed||SitrusBerry|Drizzle|WeatherBall,RainDance,Encore,Protect|||F|||50|]Scizor||Scizorite|Technician|BulletPunch,BugBite,SwordsDance,Protect|||M|||50|]Incineroar||ChopleBerry|Intimidate|FakeOut,FlareBlitz,WillOWisp,PartingShot|||F|||50|\n|j|+TheLoanRanger\n|j|+chromate\n|j| Jay is decent\n|c|\u2606Carrielis|Glhf\n|j|+crystalninetales\n|j|+holdingb\n|\n|t:|1776286770\n|teamsize|p1|4\n|teamsize|p2|4\n|start\n|switch|p1a: Politoed|Politoed, L50, F|100/100\n|switch|p1b: Dragonite|Dragonite, L50, F|100/100\n|switch|p2a: Archaludon|Archaludon, L50, F|100/100\n|switch|p2b: Incineroar|Incineroar, L50, F|100/100\n|-weather|RainDance|[from] ability: Drizzle|[of] p1a: Politoed\n|-ability|p2b: Incineroar|Intimidate|boost\n|-unboost|p1a: Politoed|atk|1\n|-fail|p1b: Dragonite|unboost|Attack|[from] ability: Inner Focus|[of] p1b: Dragonite\n|turn|1\n|c|\u2606TTT x|u2\n|\n|t:|1776286783\n|move|p1b: Dragonite|Protect|p1b: Dragonite\n|-singleturn|p1b: Dragonite|Protect\n|move|p1a: Politoed|Protect|p1a: Politoed\n|-singleturn|p1a: Politoed|Protect\n|move|p2a: Archaludon|Electro Shot||[still]\n|-prepare|p2a: Archaludon|Electro Shot\n|-boost|p2a: Archaludon|spa|1\n|-anim|p2a: Archaludon|Electro Shot|p1a: Politoed\n|-activate|p1a: Politoed|move: Protect\n|move|p2b: Incineroar|Parting Shot|p1b: Dragonite\n|-activate|p1b: Dragonite|move: Protect\n|\n|-weather|RainDance|[upkeep]\n|upkeep\n|turn|2\n|\n|t:|1776286797\n|switch|p1a: Sinistcha|Sinistcha, L50|100/100\n|detailschange|p1b: Dragonite|Dragonite-Mega, L50, F\n|-mega|p1b: Dragonite|Dragonite|Dragoninite\n|move|p1b: Dragonite|Draco Meteor|p2a: Archaludon\n|-damage|p2a: Archaludon|38/100\n|-unboost|p1b: Dragonite|spa|2\n|-ability|p2a: Archaludon|Stamina|boost\n|-boost|p2a: Archaludon|def|1\n|move|p2a: Archaludon|Electro Shot||[still]\n|-prepare|p2a: Archaludon|Electro Shot\n|-boost|p2a: Archaludon|spa|1\n|-anim|p2a: Archaludon|Electro Shot|p1a: Sinistcha\n|-resisted|p1a: Sinistcha|1\n|-damage|p1a: Sinistcha|69/100\n|move|p2b: Incineroar|Parting Shot|p1b: Dragonite\n|-unboost|p1b: Dragonite|atk|1\n|-unboost|p1b: Dragonite|spa|1\n|\n|t:|1776286817\n|switch|p2b: Sinistcha|Sinistcha, L50|100/100|[from] Parting Shot\n|-heal|p2a: Archaludon|63/100|[from] ability: Hospitality|[of] p2b: Sinistcha\n|\n|-weather|RainDance|[upkeep]\n|-heal|p2a: Archaludon|69/100|[from] item: Leftovers\n|upkeep\n|turn|3\n|\n|t:|1776286833\n|switch|p1b: Aegislash|Aegislash, L50, F, shiny|100/100\n|switch|p2b: Scizor|Scizor, L50, M|100/100\n|move|p2a: Archaludon|Electro Shot||[still]\n|-prepare|p2a: Archaludon|Electro Shot\n|-boost|p2a: Archaludon|spa|1\n|-anim|p2a: Archaludon|Electro Shot|p1b: Aegislash\n|-damage|p1b: Aegislash|23/100\n|move|p1a: Sinistcha|Matcha Gotcha|p2b: Scizor|[spread] p2a,p2b\n|-resisted|p2a: Archaludon|2\n|-resisted|p2b: Scizor|2\n|-damage|p2a: Archaludon|64/100\n|-heal|p1a: Sinistcha|73/100|[from] drain|[of] p2a: Archaludon\n|-damage|p2b: Scizor|95/100\n|-heal|p1a: Sinistcha|76/100|[from] drain|[of] p2b: Scizor\n|-status|p2a: Archaludon|brn\n|-ability|p2a: Archaludon|Stamina|boost\n|-boost|p2a: Archaludon|def|1\n|\n|-weather|RainDance|[upkeep]\n|-heal|p2a: Archaludon|70/100 brn|[from] item: Leftovers\n|-damage|p2a: Archaludon|64/100 brn|[from] brn\n|upkeep\n|turn|4\n|\n|t:|1776286850\n|detailschange|p2b: Scizor|Scizor-Mega, L50, M\n|-mega|p2b: Scizor|Scizor|Scizorite\n|move|p1a: Sinistcha|Rage Powder|p1a: Sinistcha\n|-singleturn|p1a: Sinistcha|move: Rage Powder\n|move|p2a: Archaludon|Electro Shot||[still]\n|-prepare|p2a: Archaludon|Electro Shot\n|-boost|p2a: Archaludon|spa|1\n|-anim|p2a: Archaludon|Electro Shot|p1a: Sinistcha\n|-resisted|p1a: Sinistcha|1\n|-damage|p1a: Sinistcha|27/100\n|-enditem|p1a: Sinistcha|Sitrus Berry|[eat]\n|-heal|p1a: Sinistcha|52/100|[from] item: Sitrus Berry\n|move|p2b: Scizor|Swords Dance|p2b: Scizor\n|-boost|p2b: Scizor|atk|2\n|-formechange|p1b: Aegislash|Aegislash-Blade|\n|move|p1b: Aegislash|Poltergeist|p2b: Scizor\n|-activate|p2b: Scizor|move: Poltergeist|Scizorite\n|-damage|p2b: Scizor|35/100\n|\n|-weather|RainDance|[upkeep]\n|-heal|p2a: Archaludon|70/100 brn|[from] item: Leftovers\n|-damage|p2a: Archaludon|64/100 brn|[from] brn\n|upkeep\n|turn|5\n|\n|t:|1776286878\n|move|p1a: Sinistcha|Protect|p1a: Sinistcha\n|-singleturn|p1a: Sinistcha|Protect\n|move|p2b: Scizor|Bullet Punch|p1a: Sinistcha\n|-activate|p1a: Sinistcha|move: Protect\n|move|p1b: Aegislash|Shadow Sneak|p2b: Scizor\n|-damage|p2b: Scizor|13/100\n|move|p2a: Archaludon|Dragon Pulse|p1b: Aegislash\n|-resisted|p1b: Aegislash|1\n|-damage|p1b: Aegislash|0 fnt\n|faint|p1b: Aegislash\n|\n|-weather|none\n|-heal|p2a: Archaludon|70/100 brn|[from] item: Leftovers\n|-damage|p2a: Archaludon|64/100 brn|[from] brn\n|upkeep\n|\n|t:|1776286887\n|switch|p1b: Dragonite|Dragonite-Mega, L50, F|100/100\n|turn|6\n|\n|t:|1776286894\n|switch|p1a: Politoed|Politoed, L50, F|100/100\n|-weather|RainDance|[from] ability: Drizzle|[of] p1a: Politoed\n|move|p2b: Scizor|Bullet Punch|p1a: Politoed\n|-resisted|p1a: Politoed|1\n|-damage|p1a: Politoed|62/100\n|move|p1b: Dragonite|Hurricane|p2b: Scizor\n|-crit|p2b: Scizor\n|-damage|p2b: Scizor|0 fnt\n|faint|p2b: Scizor\n|move|p2a: Archaludon|Dragon Pulse|p1b: Dragonite\n|-supereffective|p1b: Dragonite|1\n|-damage|p1b: Dragonite|10/100\n|\n|-weather|RainDance|[upkeep]\n|-heal|p1a: Politoed|68/100|[from] item: Leftovers\n|-heal|p2a: Archaludon|70/100 brn|[from] item: Leftovers\n|-damage|p2a: Archaludon|64/100 brn|[from] brn\n|upkeep\n|\n|t:|1776286898\n|switch|p2b: Sinistcha|Sinistcha, L50|100/100\n|-heal|p2a: Archaludon|89/100 brn|[from] ability: Hospitality|[of] p2b: Sinistcha\n|turn|7\n|\n|t:|1776286911\n|move|p1b: Dragonite|Protect|p1b: Dragonite\n|-singleturn|p1b: Dragonite|Protect\n|move|p2b: Sinistcha|Rage Powder|p2b: Sinistcha\n|-singleturn|p2b: Sinistcha|move: Rage Powder\n|move|p1a: Politoed|Icy Wind|p2b: Sinistcha|[spread] p2a,p2b\n|-supereffective|p2b: Sinistcha|1\n|-crit|p2b: Sinistcha\n|-damage|p2a: Archaludon|81/100 brn\n|-damage|p2b: Sinistcha|74/100\n|-unboost|p2a: Archaludon|spe|1\n|-unboost|p2b: Sinistcha|spe|1\n|-ability|p2a: Archaludon|Stamina|boost\n|-boost|p2a: Archaludon|def|1\n|move|p2a: Archaludon|Electro Shot||[still]\n|-prepare|p2a: Archaludon|Electro Shot\n|-boost|p2a: Archaludon|spa|1\n|-anim|p2a: Archaludon|Electro Shot|p1b: Dragonite\n|-activate|p1b: Dragonite|move: Protect\n|\n|-weather|RainDance|[upkeep]\n|-heal|p1a: Politoed|74/100|[from] item: Leftovers\n|-heal|p2a: Archaludon|87/100 brn|[from] item: Leftovers\n|-damage|p2a: Archaludon|81/100 brn|[from] brn\n|upkeep\n|turn|8\n|\n|t:|1776286937\n|switch|p1b: Sinistcha|Sinistcha, L50|52/100\n|-heal|p1a: Politoed|99/100|[from] ability: Hospitality|[of] p1b: Sinistcha\n|move|p2b: Sinistcha|Rage Powder|p2b: Sinistcha\n|-singleturn|p2b: Sinistcha|move: Rage Powder\n|move|p1a: Politoed|Icy Wind|p2b: Sinistcha|[spread] p2b\n|-miss|p1a: Politoed|p2a: Archaludon\n|-supereffective|p2b: Sinistcha|1\n|-damage|p2b: Sinistcha|56/100\n|-unboost|p2b: Sinistcha|spe|1\n|move|p2a: Archaludon|Electro Shot||[still]\n|-prepare|p2a: Archaludon|Electro Shot\n|-boost|p2a: Archaludon|spa|1\n|-anim|p2a: Archaludon|Electro Shot|p1b: Sinistcha\n|-resisted|p1b: Sinistcha|1\n|-damage|p1b: Sinistcha|0 fnt\n|faint|p1b: Sinistcha\n|\n|-weather|RainDance|[upkeep]\n|-heal|p1a: Politoed|100/100|[from] item: Leftovers\n|-heal|p2a: Archaludon|87/100 brn|[from] item: Leftovers\n|-damage|p2a: Archaludon|81/100 brn|[from] brn\n|upkeep\n|\n|t:|1776286940\n|switch|p1b: Dragonite|Dragonite-Mega, L50, F|10/100\n|turn|9\n|c|\u2606Carrielis|gg\n|\n|t:|1776286957\n|move|p2b: Sinistcha|Rage Powder|p2b: Sinistcha\n|-singleturn|p2b: Sinistcha|move: Rage Powder\n|move|p1b: Dragonite|Hurricane|p2b: Sinistcha\n|-supereffective|p2b: Sinistcha|1\n|-damage|p2b: Sinistcha|0 fnt\n|faint|p2b: Sinistcha\n|move|p1a: Politoed|Weather Ball|p2a: Archaludon\n|-resisted|p2a: Archaludon|1\n|-damage|p2a: Archaludon|57/100 brn\n|-ability|p2a: Archaludon|Stamina|boost\n|-boost|p2a: Archaludon|def|1\n|move|p2a: Archaludon|Dragon Pulse|p1b: Dragonite\n|-supereffective|p1b: Dragonite|1\n|-damage|p1b: Dragonite|0 fnt\n|faint|p1b: Dragonite\n|\n|-weather|RainDance|[upkeep]\n|-heal|p2a: Archaludon|64/100 brn|[from] item: Leftovers\n|-damage|p2a: Archaludon|57/100 brn|[from] brn\n|upkeep\n|c|\u2606TTT x|gg\n|\n|t:|1776286963\n|switch|p2b: Incineroar|Incineroar, L50, F|100/100\n|-ability|p2b: Incineroar|Intimidate|boost\n|-unboost|p1a: Politoed|atk|1\n|turn|10\n|-message|Carrielis forfeited.\n|\n|win|TTT x\n|n|\u2606Carrielis|carrielis\n|n|\u2606TTT x|tttx\n|n| TheLoanRanger|theloanranger\n|n| chromate|chromate\n|n| Jay is decent|jayisdecent\n|n| crystalninetales|crystalninetales\n|n| holdingb|holdingb\n|l|\u2606TTT x\n|player|p2|\n|l| TheLoanRanger\n",
  "uploadtime": 1776286978,
  "views": 71,
  "formatid": "gen9championsvgc2026regma",
  "rating": null,
  "private": 0,
  "password": null
}