{
  "id": "gen9championsvgc2026regma-2586348383",
  "format": "[Gen 9 Champions] VGC 2026 Reg M-A",
  "players": [
    "32323h",
    "ChronicNikos"
  ],
  "log": "|j|\u260632323h\n|j|\u2606ChronicNikos\n|t:|1776427626\n|gametype|doubles\n|player|p1|32323h|iris-gen5bw2|1423\n|player|p2|ChronicNikos|cynthia-gen4|1354\n|gen|9\n|tier|[Gen 9 Champions] VGC 2026 Reg M-A\n|rated|\n|rule|Species Clause: Limit one of each Pok\u00e9mon\n|rule|Item Clause: Limit 1 of each item\n|clearpoke\n|poke|p1|Dragonite, L50, F|\n|poke|p1|Sinistcha-Masterpiece, L50|\n|poke|p1|Incineroar, L50, F|\n|poke|p1|Milotic, L50, M|\n|poke|p1|Corviknight, L50, M|\n|poke|p1|Floette-Eternal, L50, F|\n|poke|p2|Gengar, L50, F|\n|poke|p2|Incineroar, L50, M|\n|poke|p2|Politoed, L50, M|\n|poke|p2|Archaludon, L50, F|\n|poke|p2|Basculegion, L50, M|\n|poke|p2|Meganium, L50, M|\n|teampreview|4\n|inactive|Battle timer is ON: inactive players will automatically lose when time's up. (requested by 32323h)\nChronicNikos rejected open team sheets.\n|inactive|ChronicNikos has 60 seconds left.\n|\n|t:|1776427684\n|teamsize|p1|4\n|teamsize|p2|4\n|start\n|switch|p1a: Milotic|Milotic, L50, M|100/100\n|switch|p1b: Incineroar|Incineroar, L50, F, shiny|100/100\n|switch|p2a: Tri-Hard|Basculegion, L50, M|100/100\n|switch|p2b: Due Process|Archaludon, L50, F|100/100\n|-ability|p1b: Incineroar|Intimidate|boost\n|-unboost|p2a: Tri-Hard|atk|1\n|-unboost|p2b: Due Process|atk|1\n|turn|1\n|inactive|ChronicNikos has 30 seconds left.\n|\n|t:|1776427712\n|move|p2b: Due Process|Protect|p2b: Due Process\n|-singleturn|p2b: Due Process|Protect\n|move|p2a: Tri-Hard|Flip Turn|p1b: Incineroar\n|-supereffective|p1b: Incineroar|1\n|-damage|p1b: Incineroar|51/100\n|\n|t:|1776427717\n|switch|p2a: I May Fall|Politoed, L50, M|100/100|[from] Flip Turn\n|-weather|RainDance|[from] ability: Drizzle|[of] p2a: I May Fall\n|move|p1a: Milotic|Icy Wind|p2a: I May Fall|[spread] p2a\n|-activate|p2b: Due Process|move: Protect\n|-resisted|p2a: I May Fall|1\n|-damage|p2a: I May Fall|97/100\n|-unboost|p2a: I May Fall|spe|1\n|move|p1b: Incineroar|Parting Shot|p2b: Due Process\n|-activate|p2b: Due Process|move: Protect\n|\n|-weather|RainDance|[upkeep]\n|-heal|p2a: I May Fall|100/100|[from] item: Leftovers\n|upkeep\n|turn|2\n|\n|t:|1776427740\n|move|p2b: Due Process|Electro Shot||[still]\n|-prepare|p2b: Due Process|Electro Shot\n|-boost|p2b: Due Process|spa|1\n|-anim|p2b: Due Process|Electro Shot|p1a: Milotic\n|-supereffective|p1a: Milotic|1\n|-damage|p1a: Milotic|0 fnt\n|faint|p1a: Milotic\n|move|p1b: Incineroar|Snarl|p2b: Due Process|[spread] p2a,p2b\n|-damage|p2a: I May Fall|93/100\n|-damage|p2b: Due Process|86/100\n|-unboost|p2a: I May Fall|spa|1\n|-unboost|p2b: Due Process|spa|1\n|-ability|p2b: Due Process|Stamina|boost\n|-boost|p2b: Due Process|def|1\n|move|p2a: I May Fall|Weather Ball|p1b: Incineroar\n|-supereffective|p1b: Incineroar|1\n|-damage|p1b: Incineroar|6/100\n|\n|-weather|RainDance|[upkeep]\n|-heal|p2a: I May Fall|99/100|[from] item: Leftovers\n|upkeep\n|\n|t:|1776427754\n|switch|p1a: Dragonite|Dragonite, L50, F|100/100\n|turn|3\n|inactive|ChronicNikos has 30 seconds left.\n|\n|t:|1776427784\n|detailschange|p1a: Dragonite|Dragonite-Mega, L50, F\n|-mega|p1a: Dragonite|Dragonite|Dragoninite\n|move|p1a: Dragonite|Draco Meteor|p2b: Due Process\n|-damage|p2b: Due Process|0 fnt\n|-unboost|p1a: Dragonite|spa|2\n|faint|p2b: Due Process\n|move|p1b: Incineroar|Snarl|p2a: I May Fall\n|-damage|p2a: I May Fall|88/100\n|-unboost|p2a: I May Fall|spa|1\n|move|p2a: I May Fall|Perish Song|p2a: I May Fall\n|-start|p1a: Dragonite|perish3|[silent]\n|-start|p1b: Incineroar|perish3|[silent]\n|-start|p2a: I May Fall|perish3|[silent]\n|-fieldactivate|move: Perish Song\n|\n|-weather|RainDance|[upkeep]\n|-heal|p2a: I May Fall|94/100|[from] item: Leftovers\n|-start|p1a: Dragonite|perish3\n|-start|p1b: Incineroar|perish3\n|-start|p2a: I May Fall|perish3\n|upkeep\n|inactive|ChronicNikos has 30 seconds left.\n|\n|t:|1776427816\n|switch|p2b: Tri-Hard|Basculegion, L50, M|100/100\n|turn|4\n|\n|t:|1776427831\n|switch|p1a: Corviknight|Corviknight, L50, M, shiny|100/100\n|-ability|p1a: Corviknight|Unnerve\n|switch|p2a: PetalBurst|Meganium, L50, M|100/100\n|move|p2b: Tri-Hard|Last Respects|p1b: Incineroar\n|-resisted|p1b: Incineroar|1\n|-damage|p1b: Incineroar|0 fnt\n|faint|p1b: Incineroar\n|\n|-weather|RainDance|[upkeep]\n|upkeep\n|\n|t:|1776427839\n|switch|p1b: Dragonite|Dragonite-Mega, L50, F|100/100\n|turn|5\n|\n|t:|1776427858\n|detailschange|p2a: PetalBurst|Meganium-Mega, L50, M\n|-mega|p2a: PetalBurst|Meganium|Meganiumite\n|move|p1b: Dragonite|Protect|p1b: Dragonite\n|-singleturn|p1b: Dragonite|Protect\n|move|p2b: Tri-Hard|Last Respects|p1a: Corviknight\n|-damage|p1a: Corviknight|44/100\n|move|p2a: PetalBurst|Weather Ball|p1a: Corviknight\n|-supereffective|p1a: Corviknight|1\n|-enditem|p1a: Corviknight|Occa Berry|[eat]\n|-enditem|p1a: Corviknight|Occa Berry|[weaken]\n|-damage|p1a: Corviknight|0 fnt\n|faint|p1a: Corviknight\n|\n|-weather|none\n|upkeep\n|turn|6\n|-message|32323h forfeited.\n|\n|win|ChronicNikos\n|raw|32323h's rating: 1423 &rarr; <strong>1399</strong><br />(-24 for losing)\n|raw|ChronicNikos's rating: 1354 &rarr; <strong>1378</strong><br />(+24 for winning)\n|l|\u260632323h\n|player|p1|\n",
  "uploadtime": 1776427900,
  "views": 48,
  "formatid": "gen9championsvgc2026regma",
  "rating": 1378,
  "private": 0,
  "password": null
}