{
  "id": "gen9championsvgc2026regma-2581838320",
  "format": "[Gen 9 Champions] VGC 2026 Reg M-A",
  "players": [
    "xlemmy",
    "Period Hater"
  ],
  "log": "|j|\u2606xlemmy\n|j|\u2606Period Hater\n|t:|1776032575\n|gametype|doubles\n|player|p1|xlemmy|2|1124\n|player|p2|Period Hater|caitlin|1214\n|gen|9\n|tier|[Gen 9 Champions] VGC 2026 Reg M-A\n|rated|\n|rule|Species Clause: Limit one of each Pok\u00e9mon\n|rule|Item Clause: Limit 1 of each item\n|clearpoke\n|poke|p1|Arcanine-Hisui, L50, M|\n|poke|p1|Rotom-Wash, L50|\n|poke|p1|Froslass, L50, F|\n|poke|p1|Sylveon, L50, M|\n|poke|p1|Whimsicott, L50, M|\n|poke|p1|Garchomp, L50, M|\n|poke|p2|Pelipper, L50, M|\n|poke|p2|Primarina, L50, F|\n|poke|p2|Archaludon, L50, F|\n|poke|p2|Raichu, L50, M|\n|poke|p2|Glimmora, L50, M|\n|poke|p2|Maushold, L50|\n|teampreview|4\n|\n|t:|1776032606\n|teamsize|p1|4\n|teamsize|p2|4\n|start\n|switch|p1a: Rotom|Rotom-Wash, L50|100/100\n|switch|p1b: Whimsicott|Whimsicott, L50, M|100/100\n|switch|p2a: Glimmora|Glimmora, L50, M|100/100\n|switch|p2b: Maushold|Maushold, L50|100/100\n|turn|1\n|\n|t:|1776032639\n|detailschange|p2a: Glimmora|Glimmora-Mega, L50, M\n|-mega|p2a: Glimmora|Glimmora|Glimmoranite\n|move|p2b: Maushold|Protect|p2b: Maushold\n|-singleturn|p2b: Maushold|Protect\n|move|p1b: Whimsicott|Tailwind|p1b: Whimsicott\n|-sidestart|p1: xlemmy|move: Tailwind\n|move|p1a: Rotom|Volt Switch|p2b: Maushold\n|-activate|p2b: Maushold|move: Protect\n|move|p2a: Glimmora|Sludge Wave|p1a: Rotom|[spread] p1a,p1b\n|-activate|p2b: Maushold|move: Protect\n|-supereffective|p1b: Whimsicott|2\n|-damage|p1a: Rotom|35/100\n|-enditem|p1b: Whimsicott|Focus Sash\n|-damage|p1b: Whimsicott|1/100\n|-enditem|p1a: Rotom|Sitrus Berry|[eat]\n|-heal|p1a: Rotom|59/100|[from] item: Sitrus Berry\n|\n|upkeep\n|turn|2\n|\n|t:|1776032681\n|switch|p1b: Garchomp|Garchomp, L50, M, shiny|100/100\n|move|p2b: Maushold|Follow Me|p2b: Maushold\n|-singleturn|p2b: Maushold|move: Follow Me\n|move|p1a: Rotom|Volt Switch|p2b: Maushold\n|-damage|p2b: Maushold|66/100\n|\n|t:|1776032688\n|switch|p1a: Froslass|Froslass, L50, F|100/100|[from] Volt Switch\n|move|p2a: Glimmora|Sludge Wave|p1a: Froslass|[spread] p2b,p1a,p1b\n|-resisted|p1a: Froslass|1\n|-resisted|p1b: Garchomp|1\n|-damage|p2b: Maushold|0 fnt\n|-damage|p1a: Froslass|54/100\n|-damage|p1b: Garchomp|66/100\n|faint|p2b: Maushold\n|\n|upkeep\n|\n|t:|1776032699\n|switch|p2b: Primarina|Primarina, L50, F|100/100\n|turn|3\n|\n|t:|1776032715\n|move|p1a: Froslass|Protect|p1a: Froslass\n|-singleturn|p1a: Froslass|Protect\n|move|p1b: Garchomp|Stomping Tantrum|p2a: Glimmora\n|-supereffective|p2a: Glimmora|2\n|-damage|p2a: Glimmora|0 fnt\n|faint|p2a: Glimmora\n|move|p2b: Primarina|Calm Mind|p2b: Primarina\n|-boost|p2b: Primarina|spa|1\n|-boost|p2b: Primarina|spd|1\n|\n|upkeep\n|\n|t:|1776032724\n|switch|p2a: Pelipper|Pelipper, L50, M|100/100\n|-weather|RainDance|[from] ability: Drizzle|[of] p2a: Pelipper\n|turn|4\n|\n|t:|1776032744\n|switch|p1b: Rotom|Rotom-Wash, L50|59/100\n|detailschange|p1a: Froslass|Froslass-Mega, L50, F\n|-mega|p1a: Froslass|Froslass|Froslassite\n|-weather|Snowscape|[from] ability: Snow Warning|[of] p1a: Froslass\n|move|p1a: Froslass|Blizzard|p2a: Pelipper|[spread] p2a,p2b\n|-resisted|p2b: Primarina|1\n|-damage|p2a: Pelipper|29/100\n|-damage|p2b: Primarina|86/100\n|move|p2a: Pelipper|Tailwind|p2a: Pelipper\n|-sidestart|p2: Period Hater|move: Tailwind\n|move|p2b: Primarina|Hyper Voice|p1a: Froslass|[spread] p1a,p1b\n|-resisted|p1b: Rotom|1\n|-damage|p1a: Froslass|0 fnt\n|-damage|p1b: Rotom|23/100\n|faint|p1a: Froslass\n|\n|-weather|Snowscape|[upkeep]\n|-sideend|p1: xlemmy|move: Tailwind\n|upkeep\n|\n|t:|1776032754\n|switch|p1a: Garchomp|Garchomp, L50, M, shiny|66/100\n|turn|5\n|inactive|Battle timer is ON: inactive players will automatically lose when time's up. (requested by xlemmy)\n|\n|t:|1776032777\n|move|p2a: Pelipper|Weather Ball|p1a: Garchomp\n|-supereffective|p1a: Garchomp|2\n|-damage|p1a: Garchomp|0 fnt\n|faint|p1a: Garchomp\n|move|p2b: Primarina|Hyper Voice|p1b: Rotom\n|-resisted|p1b: Rotom|1\n|-damage|p1b: Rotom|0 fnt\n|faint|p1b: Rotom\n|\n|-weather|Snowscape|[upkeep]\n|upkeep\n|-message|xlemmy forfeited.\n|\n|win|Period Hater\n|raw|xlemmy's rating: 1124 &rarr; <strong>1105</strong><br />(-19 for losing)\n|raw|Period Hater's rating: 1214 &rarr; <strong>1233</strong><br />(+19 for winning)\n|l|\u2606xlemmy\n|player|p1|\n",
  "uploadtime": 1776032795,
  "views": 14,
  "formatid": "gen9championsvgc2026regma",
  "rating": 1105,
  "private": 0,
  "password": null
}