{
  "id": "gen9championsvgc2026regma-2587668234",
  "format": "[Gen 9 Champions] VGC 2026 Reg M-A",
  "players": [
    "hyunbelievable",
    "imjustoneguy"
  ],
  "log": "|j|\u2606hyunbelievable\n|j|\u2606imjustoneguy\n|t:|1776552070\n|gametype|doubles\n|player|p1|hyunbelievable|guzma|1229\n|player|p2|imjustoneguy|265|1131\n|gen|9\n|tier|[Gen 9 Champions] VGC 2026 Reg M-A\n|rated|\n|rule|Species Clause: Limit one of each Pok\u00e9mon\n|rule|Item Clause: Limit 1 of each item\n|clearpoke\n|poke|p1|Blastoise, L50, F|\n|poke|p1|Sinistcha, L50|\n|poke|p1|Tyranitar, L50, M|\n|poke|p1|Excadrill, L50, M|\n|poke|p1|Incineroar, L50, M|\n|poke|p1|Typhlosion-Hisui, L50, F|\n|poke|p2|Aggron, L50, F|\n|poke|p2|Sinistcha, L50|\n|poke|p2|Tyranitar, L50, M|\n|poke|p2|Aerodactyl, L50, F|\n|poke|p2|Garchomp, L50, M|\n|poke|p2|Milotic, L50, M|\n|teampreview|4\n|\n|t:|1776552098\n|teamsize|p1|4\n|teamsize|p2|4\n|start\n|switch|p1a: Revy|Blastoise, L50, F|100/100\n|switch|p1b: Roberta|Typhlosion-Hisui, L50, F|100/100\n|switch|p2a: Aerodactyl|Aerodactyl, L50, F|100/100\n|switch|p2b: Garchomp|Garchomp, L50, M|100/100\n|-item|p2a: Aerodactyl|Mental Herb|[from] ability: Frisk|[of] p1b: Roberta\n|-item|p2b: Garchomp|Bright Powder|[from] ability: Frisk|[of] p1b: Roberta\n|-ability|p2a: Aerodactyl|Pressure\n|turn|1\n|\n|t:|1776552140\n|detailschange|p1a: Revy|Blastoise-Mega, L50, F\n|-mega|p1a: Revy|Blastoise|Blastoisinite\n|move|p1b: Roberta|Eruption|p2a: Aerodactyl|[spread] p2a,p2b\n|-resisted|p2a: Aerodactyl|1\n|-resisted|p2b: Garchomp|1\n|-damage|p2a: Aerodactyl|60/100\n|-damage|p2b: Garchomp|68/100\n|move|p2a: Aerodactyl|Rock Slide|p1b: Roberta|[spread] p1a,p1b\n|-supereffective|p1b: Roberta|1\n|-damage|p1a: Revy|81/100\n|-damage|p1b: Roberta|32/100\n|move|p2b: Garchomp|Earthquake|p1b: Roberta|[spread] p1a,p1b\n|-immune|p2a: Aerodactyl\n|-supereffective|p1b: Roberta|1\n|-damage|p1a: Revy|47/100\n|-damage|p1b: Roberta|0 fnt\n|faint|p1b: Roberta\n|move|p1a: Revy|Ice Beam|p2b: Garchomp\n|-supereffective|p2b: Garchomp|2\n|-damage|p2b: Garchomp|0 fnt\n|faint|p2b: Garchomp\n|\n|upkeep\n|inactive|Battle timer is ON: inactive players will automatically lose when time's up. (requested by imjustoneguy)\n|\n|t:|1776552157\n|switch|p2b: Aggron|Aggron, L50, F|100/100\n|switch|p1b: Balalaika|Sinistcha, L50|100/100\n|-heal|p1a: Revy|71/100|[from] ability: Hospitality|[of] p1b: Balalaika\n|turn|2\n|inactive|hyunbelievable has 30 seconds left.\n|\n|t:|1776552187\n|detailschange|p2b: Aggron|Aggron-Mega, L50, F\n|-mega|p2b: Aggron|Aggron|Aggronite\n|move|p2a: Aerodactyl|Tailwind|p2a: Aerodactyl\n|-sidestart|p2: imjustoneguy|move: Tailwind\n|move|p2b: Aggron|Iron Defense|p2b: Aggron\n|-boost|p2b: Aggron|def|2\n|move|p1a: Revy|Water Spout|p2a: Aerodactyl|[spread] p2a,p2b\n|-supereffective|p2a: Aerodactyl|1\n|-damage|p2a: Aerodactyl|0 fnt\n|-damage|p2b: Aggron|68/100\n|faint|p2a: Aerodactyl\n|move|p1b: Balalaika|Matcha Gotcha|p2b: Aggron\n|-resisted|p2b: Aggron|1\n|-damage|p2b: Aggron|54/100\n|-status|p2b: Aggron|brn\n|\n|-damage|p2b: Aggron|48/100 brn|[from] brn\n|upkeep\n|\n|t:|1776552202\n|switch|p2a: Sinistcha|Sinistcha, L50|100/100\n|-heal|p2b: Aggron|73/100 brn|[from] ability: Hospitality|[of] p2a: Sinistcha\n|turn|3\n|\n|t:|1776552214\n|switch|p1b: Chang|Excadrill, L50, M|100/100\n|move|p1a: Revy|Protect|p1a: Revy\n|-singleturn|p1a: Revy|Protect\n|move|p2a: Sinistcha|Matcha Gotcha|p1b: Chang|[spread] p1b\n|-activate|p1a: Revy|move: Protect\n|-damage|p1b: Chang|68/100\n|move|p2b: Aggron|Body Press|p1a: Revy\n|-activate|p1a: Revy|move: Protect\n|\n|-damage|p2b: Aggron|67/100 brn|[from] brn\n|upkeep\n|turn|4\n|\n|t:|1776552233\n|switch|p1a: Balalaika|Sinistcha, L50|100/100\n|-heal|p1b: Chang|92/100|[from] ability: Hospitality|[of] p1a: Balalaika\n|move|p2a: Sinistcha|Matcha Gotcha|p1b: Chang|[spread] p1a,p1b\n|-resisted|p1a: Balalaika|1\n|-damage|p1a: Balalaika|89/100\n|-damage|p1b: Chang|57/100\n|-status|p1a: Balalaika|brn\n|move|p2b: Aggron|Body Press|p1a: Balalaika\n|-immune|p1a: Balalaika\n|move|p1b: Chang|Iron Head|p2a: Sinistcha\n|-damage|p2a: Sinistcha|65/100\n|\n|-damage|p2b: Aggron|60/100 brn|[from] brn\n|-damage|p1a: Balalaika|83/100 brn|[from] brn\n|upkeep\n|turn|5\n|inactive|hyunbelievable has 30 seconds left.\n|\n|t:|1776552261\n|move|p1a: Balalaika|Rage Powder|p1a: Balalaika\n|-singleturn|p1a: Balalaika|move: Rage Powder\n|move|p2a: Sinistcha|Matcha Gotcha|p1a: Balalaika|[spread] p1a,p1b\n|-resisted|p1a: Balalaika|1\n|-damage|p1a: Balalaika|73/100 brn\n|-heal|p2a: Sinistcha|70/100|[from] drain|[of] p1a: Balalaika\n|-damage|p1b: Chang|25/100\n|-heal|p2a: Sinistcha|86/100|[from] drain|[of] p1b: Chang\n|move|p2b: Aggron|Heavy Slam|p1a: Balalaika\n|-damage|p1a: Balalaika|47/100 brn\n|-enditem|p1a: Balalaika|Sitrus Berry|[eat]\n|-heal|p1a: Balalaika|72/100 brn|[from] item: Sitrus Berry\n|move|p1b: Chang|Iron Head|p2a: Sinistcha\n|-damage|p2a: Sinistcha|54/100\n|\n|-damage|p2b: Aggron|54/100 brn|[from] brn\n|-damage|p1a: Balalaika|66/100 brn|[from] brn\n|-sideend|p2: imjustoneguy|move: Tailwind\n|upkeep\n|turn|6\n|inactive|imjustoneguy has 30 seconds left.\n|\n|t:|1776552294\n|move|p1b: Chang|High Horsepower|p2b: Aggron\n|-supereffective|p2b: Aggron|1\n|-damage|p2b: Aggron|32/100 brn\n|move|p2a: Sinistcha|Matcha Gotcha|p1b: Chang|[spread] p1a,p1b\n|-resisted|p1a: Balalaika|1\n|-damage|p1a: Balalaika|56/100 brn\n|-heal|p2a: Sinistcha|59/100|[from] drain|[of] p1a: Balalaika\n|-damage|p1b: Chang|0 fnt\n|-heal|p2a: Sinistcha|72/100|[from] drain|[of] p1b: Chang\n|faint|p1b: Chang\n|move|p1a: Balalaika|Matcha Gotcha|p2a: Sinistcha|[spread] p2b\n|-miss|p1a: Balalaika|p2a: Sinistcha\n|-resisted|p2b: Aggron|1\n|-damage|p2b: Aggron|23/100 brn\n|-heal|p1a: Balalaika|60/100 brn|[from] drain|[of] p2b: Aggron\n|move|p2b: Aggron|Iron Defense|p2b: Aggron\n|-boost|p2b: Aggron|def|2\n|\n|-damage|p1a: Balalaika|54/100 brn|[from] brn\n|-damage|p2b: Aggron|16/100 brn|[from] brn\n|upkeep\n|\n|t:|1776552299\n|switch|p1b: Revy|Blastoise-Mega, L50, F|71/100\n|turn|7\n|\n|t:|1776552318\n|move|p2b: Aggron|Protect|p2b: Aggron\n|-singleturn|p2b: Aggron|Protect\n|move|p1b: Revy|Ice Beam|p2a: Sinistcha\n|-supereffective|p2a: Sinistcha|1\n|-damage|p2a: Sinistcha|0 fnt\n|faint|p2a: Sinistcha\n|move|p1a: Balalaika|Matcha Gotcha|p2b: Aggron\n|-activate|p2b: Aggron|move: Protect\n|\n|-damage|p1a: Balalaika|48/100 brn|[from] brn\n|-damage|p2b: Aggron|10/100 brn|[from] brn\n|upkeep\n|turn|8\n|\n|t:|1776552329\n|move|p1a: Balalaika|Rage Powder|p1a: Balalaika\n|-singleturn|p1a: Balalaika|move: Rage Powder\n|move|p1b: Revy|Water Spout|p2b: Aggron\n|-damage|p2b: Aggron|0 fnt\n|faint|p2b: Aggron\n|\n|win|hyunbelievable\n|raw|hyunbelievable's rating: 1229 &rarr; <strong>1247</strong><br />(+18 for winning)\n|raw|imjustoneguy's rating: 1131 &rarr; <strong>1113</strong><br />(-18 for losing)\n",
  "uploadtime": 1776552334,
  "views": 10,
  "formatid": "gen9championsvgc2026regma",
  "rating": 1113,
  "private": 0,
  "password": null
}