{
  "id": "gen9championsvgc2026regma-2581678935",
  "format": "[Gen 9 Champions] VGC 2026 Reg M-A",
  "players": [
    "M0CA",
    "Anacardooooo"
  ],
  "log": "|j|\u2606M0CA\n|j|\u2606Anacardooooo\n|t:|1776020103\n|gametype|doubles\n|player|p1|M0CA|blue-masters|1097\n|player|p2|Anacardooooo|2|1060\n|gen|9\n|tier|[Gen 9 Champions] VGC 2026 Reg M-A\n|rated|\n|rule|Species Clause: Limit one of each Pok\u00e9mon\n|rule|Item Clause: Limit 1 of each item\n|clearpoke\n|poke|p1|Floette-Eternal, L50, F|\n|poke|p1|Samurott-Hisui, L50, F|\n|poke|p1|Audino, L50, M|\n|poke|p1|Vivillon-Savanna, L50, F|\n|poke|p1|Hydreigon, L50, M|\n|poke|p1|Delphox, L50, F|\n|poke|p2|Incineroar, L50, M|\n|poke|p2|Sneasler, L50, F|\n|poke|p2|Garchomp, L50, M|\n|poke|p2|Gengar, L50, F|\n|poke|p2|Milotic, L50, F|\n|poke|p2|Vivillon, L50, F|\n|teampreview|4\n|\n|t:|1776020161\n|teamsize|p1|4\n|teamsize|p2|4\n|start\n|switch|p1a: Vivlos|Vivillon-Savanna, L50, F|100/100\n|switch|p1b: Etsy Spellcaster|Delphox, L50, F, shiny|100/100\n|switch|p2a: Gengar|Gengar, L50, F|100/100\n|switch|p2b: Incineroar|Incineroar, L50, M|100/100\n|-ability|p2b: Incineroar|Intimidate|boost\n|-unboost|p1a: Vivlos|atk|1\n|-unboost|p1b: Etsy Spellcaster|atk|1\n|turn|1\n|c|\u2606Anacardooooo|gl\n|\n|t:|1776020207\n|detailschange|p2a: Gengar|Gengar-Mega, L50, F\n|-mega|p2a: Gengar|Gengar|Gengarite\n|move|p2b: Incineroar|Fake Out|p1b: Etsy Spellcaster\n|-damage|p1b: Etsy Spellcaster|85/100\n|move|p2a: Gengar|Shadow Ball|p1b: Etsy Spellcaster\n|-supereffective|p1b: Etsy Spellcaster|1\n|-damage|p1b: Etsy Spellcaster|0 fnt\n|faint|p1b: Etsy Spellcaster\n|move|p1a: Vivlos|Sleep Powder|p2a: Gengar\n|-status|p2a: Gengar|slp|[from] move: Sleep Powder\n|\n|upkeep\n|c|\u2606M0CA|no perish song?\n|\n|t:|1776020224\n|switch|p1b: The Muppet Man|Hydreigon, L50, M|100/100\n|turn|2\n|\n|t:|1776020245\n|cant|p2a: Gengar|slp\n|move|p1b: The Muppet Man|Dark Pulse|p2a: Gengar\n|-supereffective|p2a: Gengar|1\n|-damage|p2a: Gengar|0 fnt\n|faint|p2a: Gengar\n|move|p1a: Vivlos|Sleep Powder|p2b: Incineroar\n|-status|p2b: Incineroar|slp|[from] move: Sleep Powder\n|cant|p2b: Incineroar|slp\n|\n|upkeep\n|c|\u2606Anacardooooo|no need to\n|\n|t:|1776020261\n|switch|p2a: Sneasler|Sneasler, L50, F|100/100\n|turn|3\n|c|\u2606M0CA|dam\n|\n|t:|1776020281\n|move|p2a: Sneasler|Protect|p2a: Sneasler\n|-singleturn|p2a: Sneasler|Protect\n|move|p1b: The Muppet Man|Hydro Pump|p2b: Incineroar\n|-supereffective|p2b: Incineroar|1\n|-damage|p2b: Incineroar|31/100 slp\n|-enditem|p2b: Incineroar|Sitrus Berry|[eat]\n|-heal|p2b: Incineroar|56/100 slp|[from] item: Sitrus Berry\n|move|p1a: Vivlos|Tailwind|p1a: Vivlos\n|-sidestart|p1: M0CA|move: Tailwind\n|-curestatus|p2b: Incineroar|slp|[msg]\n|move|p2b: Incineroar|Flare Blitz|p1a: Vivlos\n|-supereffective|p1a: Vivlos|1\n|-enditem|p1a: Vivlos|Focus Sash\n|-damage|p1a: Vivlos|1/100\n|-damage|p2b: Incineroar|30/100|[from] Recoil\n|\n|upkeep\n|turn|4\n|c|\u2606Anacardooooo|i dont like to insta pick it\n|\n|t:|1776020322\n|switch|p2a: Garchomp|Garchomp, L50, M|100/100\n|move|p1b: The Muppet Man|Draco Meteor|p2a: Garchomp\n|-supereffective|p2a: Garchomp|1\n|-damage|p2a: Garchomp|0 fnt\n|-unboost|p1b: The Muppet Man|spa|2\n|faint|p2a: Garchomp\n|move|p1a: Vivlos|Hurricane|p2b: Incineroar\n|-damage|p2b: Incineroar|0 fnt\n|faint|p2b: Incineroar\n|\n|upkeep\n|c|\u2606Anacardooooo|omg\n|\n|t:|1776020333\n|switch|p2a: Sneasler|Sneasler, L50, F|100/100\n|turn|5\n|\n|t:|1776020339\n|move|p2a: Sneasler|Fake Out|p1a: Vivlos\n|-damage|p1a: Vivlos|0 fnt\n|faint|p1a: Vivlos\n|move|p1b: The Muppet Man|Nasty Plot|p1b: The Muppet Man\n|-boost|p1b: The Muppet Man|spa|2\n|\n|upkeep\n|\n|t:|1776020342\n|switch|p1a: Thug Seme|Audino, L50, M|100/100\n|turn|6\n|\n|t:|1776020354\n|detailschange|p1a: Thug Seme|Audino-Mega, L50, M\n|-mega|p1a: Thug Seme|Audino|Audinite\n|move|p2a: Sneasler|Protect|p2a: Sneasler\n|-singleturn|p2a: Sneasler|Protect\n|move|p1b: The Muppet Man|Draco Meteor|p2a: Sneasler\n|-activate|p2a: Sneasler|move: Protect\n|move|p1a: Thug Seme|Dazzling Gleam|p2a: Sneasler\n|-activate|p2a: Sneasler|move: Protect\n|\n|-sideend|p1: M0CA|move: Tailwind\n|upkeep\n|turn|7\n|\n|t:|1776020362\n|move|p2a: Sneasler|Close Combat|p1b: The Muppet Man\n|-supereffective|p1b: The Muppet Man|1\n|-damage|p1b: The Muppet Man|0 fnt\n|-unboost|p2a: Sneasler|def|1\n|-unboost|p2a: Sneasler|spd|1\n|faint|p1b: The Muppet Man\n|-enditem|p2a: Sneasler|White Herb\n|-clearnegativeboost|p2a: Sneasler|[silent]\n|move|p1a: Thug Seme|Dazzling Gleam|p2a: Sneasler\n|-damage|p2a: Sneasler|66/100\n|\n|upkeep\n|turn|8\n|\n|t:|1776020371\n|move|p2a: Sneasler|Dire Claw|p1a: Thug Seme\n|-supereffective|p1a: Thug Seme|1\n|-damage|p1a: Thug Seme|48/100\n|move|p1a: Thug Seme|Yawn|p2a: Sneasler\n|-start|p2a: Sneasler|move: Yawn|[of] p1a: Thug Seme\n|\n|upkeep\n|turn|9\n|\n|t:|1776020378\n|move|p1a: Thug Seme|Protect|p1a: Thug Seme\n|-singleturn|p1a: Thug Seme|Protect\n|move|p2a: Sneasler|Dire Claw|p1a: Thug Seme\n|-activate|p1a: Thug Seme|move: Protect\n|\n|-end|p2a: Sneasler|move: Yawn|[silent]\n|-status|p2a: Sneasler|slp\n|upkeep\n|turn|10\n|\n|t:|1776020385\n|cant|p2a: Sneasler|slp\n|move|p1a: Thug Seme|Dazzling Gleam|p2a: Sneasler\n|-damage|p2a: Sneasler|28/100 slp\n|\n|upkeep\n|turn|11\n|\n|t:|1776020391\n|cant|p2a: Sneasler|slp\n|move|p1a: Thug Seme|Dazzling Gleam|p2a: Sneasler\n|-damage|p2a: Sneasler|0 fnt\n|faint|p2a: Sneasler\n|\n|win|M0CA\n|raw|M0CA's rating: 1097 &rarr; <strong>1120</strong><br />(+23 for winning)\n|raw|Anacardooooo's rating: 1060 &rarr; <strong>1043</strong><br />(-17 for losing)\n|c|\u2606Anacardooooo|ggs\n|c|\u2606M0CA|ggs\n",
  "uploadtime": 1776020400,
  "views": 16,
  "formatid": "gen9championsvgc2026regma",
  "rating": 1043,
  "private": 0,
  "password": null
}