{
  "id": "gen9championsvgc2026regma-2580646981",
  "format": "[Gen 9 Champions] VGC 2026 Reg M-A",
  "players": [
    "ravioliez",
    "tyrantterror"
  ],
  "log": "|j|\u2606ravioliez\n|j|\u2606tyrantterror\n|t:|1775921046\n|gametype|doubles\n|player|p1|ravioliez|pokemonranger-gen6|1079\n|player|p2|tyrantterror|cynthia|1000\n|gen|9\n|tier|[Gen 9 Champions] VGC 2026 Reg M-A\n|rated|\n|rule|Species Clause: Limit one of each Pok\u00e9mon\n|rule|Item Clause: Limit 1 of each item\n|clearpoke\n|poke|p1|Beedrill, L50, F|\n|poke|p1|Pelipper, L50, M|\n|poke|p1|Primarina, L50, F|\n|poke|p1|Sinistcha, L50|\n|poke|p1|Archaludon, L50, M|\n|poke|p1|Incineroar, L50, M|\n|poke|p2|Tyranitar, L50, M|\n|poke|p2|Excadrill, L50, M|\n|poke|p2|Gyarados, L50, M|\n|poke|p2|Rotom-Heat, L50|\n|poke|p2|Lucario, L50, M|\n|poke|p2|Sinistcha, L50|\n|teampreview|4\ntyrantterror rejected open team sheets.\n|\n|t:|1775921075\n|teamsize|p1|4\n|teamsize|p2|4\n|start\n|switch|p1a: Suprema|Beedrill, L50, F|100/100\n|switch|p1b: MandaChuva|Pelipper, L50, M|100/100\n|switch|p2a: Tyranitar|Tyranitar, L50, M|100/100\n|switch|p2b: Excadrill|Excadrill, L50, M|100/100\n|-weather|RainDance|[from] ability: Drizzle|[of] p1b: MandaChuva\n|-weather|Sandstorm|[from] ability: Sand Stream|[of] p2a: Tyranitar\n|turn|1\n|inactive|Battle timer is ON: inactive players will automatically lose when time's up. (requested by ravioliez)\n|\n|t:|1775921092\n|switch|p1b: T\u00e9ris|Sinistcha, L50|100/100\n|detailschange|p2a: Tyranitar|Tyranitar-Mega, L50, M\n|-mega|p2a: Tyranitar|Tyranitar|Tyranitarite\n|move|p1a: Suprema|Protect|p1a: Suprema\n|-singleturn|p1a: Suprema|Protect\n|move|p2b: Excadrill|Rock Slide|p1a: Suprema|[spread] p1b\n|-activate|p1a: Suprema|move: Protect\n|-damage|p1b: T\u00e9ris|86/100\n|move|p2a: Tyranitar|Rock Slide|p1a: Suprema|[spread] p1b\n|-activate|p1a: Suprema|move: Protect\n|-damage|p1b: T\u00e9ris|58/100\n|\n|-weather|Sandstorm|[upkeep]\n|-damage|p1a: Suprema|95/100|[from] Sandstorm\n|-damage|p1b: T\u00e9ris|52/100|[from] Sandstorm\n|-heal|p1b: T\u00e9ris|58/100|[from] item: Leftovers\n|upkeep\n|turn|2\n|inactive|ravioliez has 30 seconds left.\n|\n|t:|1775921125\n|switch|p1a: MandaChuva|Pelipper, L50, M|100/100\n|-weather|RainDance|[from] ability: Drizzle|[of] p1a: MandaChuva\n|move|p2b: Excadrill|Rock Slide|p1a: MandaChuva|[spread] p1a\n|-miss|p2b: Excadrill|p1b: T\u00e9ris\n|-supereffective|p1a: MandaChuva|1\n|-damage|p1a: MandaChuva|42/100\n|move|p2a: Tyranitar|Knock Off|p1b: T\u00e9ris\n|-supereffective|p1b: T\u00e9ris|1\n|-damage|p1b: T\u00e9ris|0 fnt\n|-enditem|p1b: T\u00e9ris|Leftovers|[from] move: Knock Off|[of] p2a: Tyranitar\n|faint|p1b: T\u00e9ris\n|\n|-weather|RainDance|[upkeep]\n|upkeep\n|\n|t:|1775921142\n|switch|p1b: Opera|Primarina, L50, F|100/100\n|turn|3\n|\n|t:|1775921153\n|move|p2a: Tyranitar|Protect|p2a: Tyranitar\n|-singleturn|p2a: Tyranitar|Protect\n|move|p2b: Excadrill|Iron Head|p1b: Opera\n|-damage|p1b: Opera|44/100\n|move|p1a: MandaChuva|Tailwind|p1a: MandaChuva\n|-sidestart|p1: ravioliez|move: Tailwind\n|cant|p1b: Opera|flinch\n|\n|-weather|RainDance|[upkeep]\n|upkeep\n|turn|4\n|inactive|ravioliez has 30 seconds left.\n|\n|t:|1775921183\n|switch|p2a: Rotom|Rotom-Heat, L50|100/100\n|move|p2b: Excadrill|Protect|p2b: Excadrill\n|-singleturn|p2b: Excadrill|Protect\n|move|p1a: MandaChuva|Weather Ball|p2b: Excadrill\n|-activate|p2b: Excadrill|move: Protect\n|move|p1b: Opera|Hyper Voice|p2b: Excadrill|[spread] p2a\n|-activate|p2b: Excadrill|move: Protect\n|-supereffective|p2a: Rotom|1\n|-enditem|p2a: Rotom|Passho Berry|[eat]\n|-enditem|p2a: Rotom|Passho Berry|[weaken]\n|-damage|p2a: Rotom|18/100\n|\n|-weather|RainDance|[upkeep]\n|upkeep\n|turn|5\n|inactive|ravioliez has 30 seconds left.\n|inactive|tyrantterror has 30 seconds left.\n|inactive|ravioliez has 20 seconds left.\n|inactive|ravioliez has 15 seconds left.\n|\n|t:|1775921224\n|switch|p2b: Tyranitar|Tyranitar-Mega, L50, M|100/100\n|-weather|Sandstorm|[from] ability: Sand Stream|[of] p2b: Tyranitar\n|move|p2a: Rotom|Protect|p2a: Rotom\n|-singleturn|p2a: Rotom|Protect\n|move|p1a: MandaChuva|Weather Ball|p2a: Rotom\n|-activate|p2a: Rotom|move: Protect\n|move|p1b: Opera|Hyper Voice|p2b: Tyranitar|[spread] p2b\n|-activate|p2a: Rotom|move: Protect\n|-supereffective|p2b: Tyranitar|1\n|-damage|p2b: Tyranitar|57/100\n|\n|-weather|Sandstorm|[upkeep]\n|-damage|p1a: MandaChuva|36/100|[from] Sandstorm\n|-damage|p1b: Opera|38/100|[from] Sandstorm\n|-damage|p2a: Rotom|12/100|[from] Sandstorm\n|upkeep\n|turn|6\n|inactive|ravioliez has 30 seconds left.\n|inactive|tyrantterror has 30 seconds left.\n|\n|t:|1775921256\n|switch|p1a: Suprema|Beedrill, L50, F|95/100\n|move|p1b: Opera|Protect|p1b: Opera\n|-singleturn|p1b: Opera|Protect\n|move|p2b: Tyranitar|Protect|p2b: Tyranitar\n|-singleturn|p2b: Tyranitar|Protect\n|move|p2a: Rotom|Thunderbolt|p1a: Suprema\n|-damage|p1a: Suprema|33/100\n|\n|-weather|Sandstorm|[upkeep]\n|-damage|p1a: Suprema|27/100|[from] Sandstorm\n|-damage|p1b: Opera|33/100|[from] Sandstorm\n|-damage|p2a: Rotom|7/100|[from] Sandstorm\n|-sideend|p1: ravioliez|move: Tailwind\n|upkeep\n|turn|7\n|inactive|ravioliez has 30 seconds left.\n|\n|t:|1775921289\n|detailschange|p1a: Suprema|Beedrill-Mega, L50, F\n|-mega|p1a: Suprema|Beedrill|Beedrillite\n|move|p2a: Rotom|Helping Hand|p2b: Tyranitar\n|-singleturn|p2b: Tyranitar|Helping Hand|[of] p2a: Rotom\n|move|p1a: Suprema|Protect|p1a: Suprema\n|-singleturn|p1a: Suprema|Protect\n|move|p2b: Tyranitar|Rock Slide|p1b: Opera|[spread] p1b\n|-activate|p1a: Suprema|move: Protect\n|-crit|p1b: Opera\n|-damage|p1b: Opera|0 fnt\n|faint|p1b: Opera\n|\n|-weather|Sandstorm|[upkeep]\n|-damage|p1a: Suprema|22/100|[from] Sandstorm\n|-damage|p2a: Rotom|1/100|[from] Sandstorm\n|upkeep\n|\n|t:|1775921304\n|switch|p1b: MandaChuva|Pelipper, L50, M|36/100\n|-weather|RainDance|[from] ability: Drizzle|[of] p1b: MandaChuva\n|turn|8\n|\n|t:|1775921329\n|move|p2a: Rotom|Helping Hand|p2b: Tyranitar\n|-singleturn|p2b: Tyranitar|Helping Hand|[of] p2a: Rotom\n|move|p1a: Suprema|Drill Run|p2b: Tyranitar\n|-supereffective|p2b: Tyranitar|1\n|-damage|p2b: Tyranitar|19/100\n|move|p1b: MandaChuva|Weather Ball|p2b: Tyranitar\n|-supereffective|p2b: Tyranitar|1\n|-damage|p2b: Tyranitar|0 fnt\n|faint|p2b: Tyranitar\n|\n|-weather|RainDance|[upkeep]\n|upkeep\n|\n|t:|1775921339\n|switch|p2b: Lucario|Lucario, L50, M|100/100\n|turn|9\n|inactive|ravioliez has 30 seconds left.\n|\n|t:|1775921372\n|move|p2b: Lucario|Protect|p2b: Lucario\n|-singleturn|p2b: Lucario|Protect\n|move|p1a: Suprema|Drill Run|p2b: Lucario\n|-activate|p2b: Lucario|move: Protect\n|move|p2a: Rotom|Thunderbolt|p1b: MandaChuva\n|-supereffective|p1b: MandaChuva|2\n|-damage|p1b: MandaChuva|0 fnt\n|faint|p1b: MandaChuva\n|\n|-weather|RainDance|[upkeep]\n|upkeep\n|turn|10\n|\n|t:|1775921389\n|move|p1a: Suprema|U-turn|p2a: Rotom\n|-resisted|p2a: Rotom|1\n|-damage|p2a: Rotom|0 fnt\n|faint|p2a: Rotom\n|move|p2b: Lucario|Meteor Mash|p1a: Suprema\n|-damage|p1a: Suprema|0 fnt\n|faint|p1a: Suprema\n|\n|win|tyrantterror\n|raw|ravioliez's rating: 1079 &rarr; <strong>1052</strong><br />(-27 for losing)\n|raw|tyrantterror's rating: 1000 &rarr; <strong>1049</strong><br />(+49 for winning)\n|l|\u2606ravioliez\n|player|p1|\n",
  "uploadtime": 1775921403,
  "views": 21,
  "formatid": "gen9championsvgc2026regma",
  "rating": 1049,
  "private": 0,
  "password": null
}