{
  "id": "gen9championsvgc2026regma-2588543265",
  "format": "[Gen 9 Champions] VGC 2026 Reg M-A",
  "players": [
    "JBoop",
    "sdlt 2krl coolguy"
  ],
  "log": "|j|\u2606JBoop\n|j|\u2606sdlt 2krl coolguy\n|t:|1776643345\n|gametype|doubles\n|player|p1|JBoop|ingo|1119\n|player|p2|sdlt 2krl coolguy|leon-masters2|1195\n|gen|9\n|tier|[Gen 9 Champions] VGC 2026 Reg M-A\n|rated|\n|rule|Species Clause: Limit one of each Pok\u00e9mon\n|rule|Item Clause: Limit 1 of each item\n|clearpoke\n|poke|p1|Pelipper, L50, F|\n|poke|p1|Bellibolt, L50, M|\n|poke|p1|Empoleon, L50, M|\n|poke|p1|Incineroar, L50, M, shiny|\n|poke|p1|Garchomp, L50, M|\n|poke|p1|Meganium, L50, F|\n|poke|p2|Floette-Eternal, L50, F|\n|poke|p2|Incineroar, L50, F|\n|poke|p2|Sinistcha, L50|\n|poke|p2|Garchomp, L50, F|\n|poke|p2|Sneasler, L50, F|\n|poke|p2|Kingambit, L50, F|\n|teampreview|4\n|inactive|Battle timer is ON: inactive players will automatically lose when time's up. (requested by sdlt 2krl coolguy)\n|\n|t:|1776643373\n|teamsize|p1|4\n|teamsize|p2|4\n|start\n|switch|p1a: Pelipper|Pelipper, L50, F|100/100\n|switch|p1b: Bellibolt|Bellibolt, L50, M|100/100\n|switch|p2a: Floette|Floette-Eternal, L50, F|100/100\n|switch|p2b: Incineroar|Incineroar, L50, F|100/100\n|-weather|RainDance|[from] ability: Drizzle|[of] p1a: Pelipper\n|-ability|p2b: Incineroar|Intimidate|boost\n|-unboost|p1a: Pelipper|atk|1\n|-unboost|p1b: Bellibolt|atk|1\n|turn|1\n|\n|t:|1776643389\n|detailschange|p2a: Floette|Floette-Mega, L50, F\n|-mega|p2a: Floette|Floette|Floettite\n|-ability|p2a: Floette|Fairy Aura\n|move|p2b: Incineroar|Fake Out|p1a: Pelipper\n|-damage|p1a: Pelipper|87/100\n|move|p2a: Floette|Calm Mind|p2a: Floette\n|-boost|p2a: Floette|spa|1\n|-boost|p2a: Floette|spd|1\n|cant|p1a: Pelipper|flinch\n|move|p1b: Bellibolt|Volt Switch|p2b: Incineroar\n|-damage|p2b: Incineroar|73/100\n|\n|t:|1776643400\n|switch|p1b: Empoleon|Empoleon, L50, M|100/100|[from] Volt Switch\n|\n|-weather|RainDance|[upkeep]\n|upkeep\n|turn|2\n|\n|t:|1776643407\n|switch|p2b: Garchomp|Garchomp, L50, F|100/100\n|move|p1a: Pelipper|Helping Hand|p1b: Empoleon\n|-singleturn|p1b: Empoleon|Helping Hand|[of] p1a: Pelipper\n|move|p2a: Floette|Dazzling Gleam|p1b: Empoleon|[spread] p1a,p1b\n|-resisted|p1b: Empoleon|1\n|-damage|p1a: Pelipper|0 fnt\n|-damage|p1b: Empoleon|73/100\n|faint|p1a: Pelipper\n|move|p1b: Empoleon|Steel Beam|p2a: Floette\n|-supereffective|p2a: Floette|1\n|-damage|p2a: Floette|11/100\n|-damage|p1b: Empoleon|23/100|[from] steelbeam\n|\n|-weather|RainDance|[upkeep]\n|-heal|p1b: Empoleon|29/100|[from] item: Leftovers\n|upkeep\n|\n|t:|1776643420\n|switch|p1a: Incineroar|Incineroar, L50, M, shiny|100/100\n|-ability|p1a: Incineroar|Intimidate|boost\n|-unboost|p2a: Floette|atk|1\n|-unboost|p2b: Garchomp|atk|1\n|turn|3\n|\n|t:|1776643429\n|move|p2b: Garchomp|Protect|p2b: Garchomp\n|-singleturn|p2b: Garchomp|Protect\n|move|p2a: Floette|Protect|p2a: Floette\n|-singleturn|p2a: Floette|Protect\n|move|p1a: Incineroar|Fake Out|p2a: Floette\n|-activate|p2a: Floette|move: Protect\n|move|p1b: Empoleon|Ice Beam|p2b: Garchomp\n|-activate|p2b: Garchomp|move: Protect\n|\n|-weather|RainDance|[upkeep]\n|-heal|p1b: Empoleon|35/100|[from] item: Leftovers\n|upkeep\n|turn|4\n|\n|t:|1776643444\n|move|p2b: Garchomp|Stomping Tantrum|p1b: Empoleon\n|-supereffective|p1b: Empoleon|1\n|-damage|p1b: Empoleon|0 fnt\n|faint|p1b: Empoleon\n|move|p2a: Floette|Moonblast|p1a: Incineroar\n|-damage|p1a: Incineroar|0 fnt\n|faint|p1a: Incineroar\n|\n|-weather|RainDance|[upkeep]\n|upkeep\n|\n|t:|1776643451\n|switch|p1b: Bellibolt|Bellibolt, L50, M|100/100\n|turn|5\n|\n|t:|1776643458\n|move|p2b: Garchomp|Stomping Tantrum|p1b: Bellibolt\n|-supereffective|p1b: Bellibolt|1\n|-damage|p1b: Bellibolt|61/100\n|-start|p1b: Bellibolt|Charge|Stomping Tantrum|[from] ability: Electromorphosis\n|move|p2a: Floette|Moonblast|p1b: Bellibolt\n|-damage|p1b: Bellibolt|0 fnt\n|faint|p1b: Bellibolt\n|\n|win|sdlt 2krl coolguy\n|raw|JBoop's rating: 1119 &rarr; <strong>1099</strong><br />(-20 for losing)\n|raw|sdlt 2krl coolguy's rating: 1195 &rarr; <strong>1215</strong><br />(+20 for winning)\n",
  "uploadtime": 1776643458,
  "views": 5,
  "formatid": "gen9championsvgc2026regma",
  "rating": 1099,
  "private": 0,
  "password": null
}