{
  "id": "gen9championsvgc2026regma-2586804071",
  "format": "[Gen 9 Champions] VGC 2026 Reg M-A",
  "players": [
    "Raging sol",
    "fumbari 24"
  ],
  "log": "|j|\u2606Raging sol\n|j|\u2606fumbari 24\n|t:|1776461239\n|gametype|doubles\n|player|p1|Raging sol|101|1349\n|player|p2|fumbari 24|ghetsis|1298\n|gen|9\n|tier|[Gen 9 Champions] VGC 2026 Reg M-A\n|rated|\n|rule|Species Clause: Limit one of each Pok\u00e9mon\n|rule|Item Clause: Limit 1 of each item\n|clearpoke\n|poke|p1|Golurk, L50|\n|poke|p1|Farigiraf, L50, M|\n|poke|p1|Incineroar, L50, M|\n|poke|p1|Torkoal, L50, F|\n|poke|p1|Sneasler, L50, M|\n|poke|p1|Venusaur, L50, F|\n|poke|p2|Blastoise, L50, M|\n|poke|p2|Pelipper, L50, M|\n|poke|p2|Raichu, L50, M|\n|poke|p2|Sinistcha, L50|\n|poke|p2|Archaludon, L50, M|\n|poke|p2|Lycanroc-Dusk, L50, M|\n|teampreview|4\n|inactive|Battle timer is ON: inactive players will automatically lose when time's up. (requested by Raging sol)\n|\n|t:|1776461259\n|teamsize|p1|4\n|teamsize|p2|4\n|start\n|switch|p1a: Farigiraf|Farigiraf, L50, M|100/100\n|switch|p1b: Incineroar|Incineroar, L50, M|100/100\n|switch|p2a: Pippins|Raichu, L50, M|100/100\n|switch|p2b: Harbor|Blastoise, L50, M|100/100\n|-ability|p1b: Incineroar|Intimidate|boost\n|-unboost|p2a: Pippins|atk|1\n|-unboost|p2b: Harbor|atk|1\n|turn|1\n|\n|t:|1776461276\n|detailschange|p2b: Harbor|Blastoise-Mega, L50, M\n|-mega|p2b: Harbor|Blastoise|Blastoisinite\n|move|p1b: Incineroar|Fake Out|p2b: Harbor\n|-damage|p2b: Harbor|91/100\n|move|p2a: Pippins|Encore|p1b: Incineroar\n|-start|p1b: Incineroar|Encore\n|cant|p2b: Harbor|flinch\n|move|p1a: Farigiraf|Trick Room|p1a: Farigiraf\n|-fieldstart|move: Trick Room|[of] p1a: Farigiraf\n|\n|upkeep\n|turn|2\n|\n|t:|1776461293\n|switch|p1b: Torkoal|Torkoal, L50, F|100/100\n|-weather|SunnyDay|[from] ability: Drought|[of] p1b: Torkoal\n|move|p1a: Farigiraf|Hyper Voice|p2a: Pippins|[spread] p2a,p2b\n|-damage|p2a: Pippins|65/100\n|-damage|p2b: Harbor|68/100\n|move|p2b: Harbor|Water Spout|p1b: Torkoal|[spread] p1a,p1b\n|-supereffective|p1b: Torkoal|1\n|-damage|p1a: Farigiraf|80/100\n|-damage|p1b: Torkoal|50/100\n|move|p2a: Pippins|Encore|p1a: Farigiraf\n|-start|p1a: Farigiraf|Encore\n|\n|-weather|SunnyDay|[upkeep]\n|upkeep\n|turn|3\n|\n|t:|1776461306\n|switch|p2a: MineMine|Pelipper, L50, M|100/100\n|-weather|RainDance|[from] ability: Drizzle|[of] p2a: MineMine\n|move|p2b: Harbor|Protect|p2b: Harbor\n|-singleturn|p2b: Harbor|Protect\n|move|p1b: Torkoal|Weather Ball|p2b: Harbor\n|-activate|p2b: Harbor|move: Protect\n|move|p1a: Farigiraf|Hyper Voice|p2a: MineMine|[spread] p2a\n|-activate|p2b: Harbor|move: Protect\n|-damage|p2a: MineMine|66/100\n|\n|-weather|RainDance|[upkeep]\n|upkeep\n|turn|4\n|\n|t:|1776461322\n|switch|p1b: Incineroar|Incineroar, L50, M|100/100\n|-ability|p1b: Incineroar|Intimidate|boost\n|-unboost|p2a: MineMine|atk|1\n|-unboost|p2b: Harbor|atk|1\n|move|p2a: MineMine|Wide Guard|p2a: MineMine\n|-singleturn|p2a: MineMine|Wide Guard\n|move|p1a: Farigiraf|Hyper Voice|p2b: Harbor|[spread] \n|-activate|p2a: MineMine|move: Wide Guard\n|-activate|p2b: Harbor|move: Wide Guard\n|move|p2b: Harbor|Water Spout|p1a: Farigiraf|[spread] p1a,p1b\n|-supereffective|p1b: Incineroar|1\n|-crit|p1b: Incineroar\n|-damage|p1a: Farigiraf|27/100\n|-damage|p1b: Incineroar|0 fnt\n|-enditem|p1a: Farigiraf|Sitrus Berry|[eat]\n|-heal|p1a: Farigiraf|51/100|[from] item: Sitrus Berry\n|faint|p1b: Incineroar\n|\n|-weather|RainDance|[upkeep]\n|upkeep\n|\n|t:|1776461326\n|switch|p1b: Golurk|Golurk, L50|100/100\n|turn|5\n|\n|t:|1776461346\n|switch|p2b: Pippins|Raichu, L50, M|65/100\n|detailschange|p1b: Golurk|Golurk-Mega, L50\n|-mega|p1b: Golurk|Golurk|Golurkite\n|move|p2a: MineMine|Wide Guard|p2a: MineMine\n|-singleturn|p2a: MineMine|Wide Guard\n|move|p1b: Golurk|Poltergeist|p2b: Pippins\n|-activate|p2b: Pippins|move: Poltergeist|Mental Herb\n|-damage|p2b: Pippins|0 fnt\n|faint|p2b: Pippins\n|move|p1a: Farigiraf|Hyper Voice|p2a: MineMine\n|-activate|p2a: MineMine|move: Wide Guard\n|\n|-weather|RainDance|[upkeep]\n|-end|p1a: Farigiraf|Encore\n|-fieldend|move: Trick Room\n|upkeep\n|\n|t:|1776461357\n|switch|p2b: Harbor|Blastoise-Mega, L50, M|68/100\n|turn|6\n|\n|t:|1776461370\n|switch|p1a: Torkoal|Torkoal, L50, F|50/100\n|-weather|SunnyDay|[from] ability: Drought|[of] p1a: Torkoal\n|move|p2b: Harbor|Water Spout|p1a: Torkoal|[spread] p1a,p1b\n|-supereffective|p1a: Torkoal|1\n|-supereffective|p1b: Golurk|1\n|-damage|p1a: Torkoal|0 fnt\n|-damage|p1b: Golurk|63/100\n|faint|p1a: Torkoal\n|move|p2a: MineMine|Hurricane|p1b: Golurk\n|-damage|p1b: Golurk|10/100\n|move|p1b: Golurk|Headlong Rush|p2b: Harbor\n|-damage|p2b: Harbor|3/100\n|-unboost|p1b: Golurk|def|1\n|-unboost|p1b: Golurk|spd|1\n|\n|-weather|SunnyDay|[upkeep]\n|upkeep\n|\n|t:|1776461384\n|switch|p1a: Farigiraf|Farigiraf, L50, M|51/100\n|turn|7\n|\n|t:|1776461390\n|move|p1b: Golurk|Protect|p1b: Golurk\n|-singleturn|p1b: Golurk|Protect\n|move|p2b: Harbor|Ice Beam|p1a: Farigiraf\n|-damage|p1a: Farigiraf|17/100\n|move|p2a: MineMine|Hurricane|p1a: Farigiraf\n|-damage|p1a: Farigiraf|0 fnt\n|faint|p1a: Farigiraf\n|\n|-weather|SunnyDay|[upkeep]\n|upkeep\n|turn|8\n|\n|t:|1776461401\n|move|p2b: Harbor|Ice Beam|p1b: Golurk\n|-supereffective|p1b: Golurk|1\n|-damage|p1b: Golurk|0 fnt\n|faint|p1b: Golurk\n|\n|win|fumbari 24\n|raw|Raging sol's rating: 1349 &rarr; <strong>1326</strong><br />(-23 for losing)\n|raw|fumbari 24's rating: 1298 &rarr; <strong>1327</strong><br />(+29 for winning)\n|l|\u2606Raging sol\n|player|p1|\n",
  "uploadtime": 1776461410,
  "views": 37,
  "formatid": "gen9championsvgc2026regma",
  "rating": 1326,
  "private": 0,
  "password": null
}