{
  "id": "gen9championsvgc2026regma-2587860334",
  "format": "[Gen 9 Champions] VGC 2026 Reg M-A",
  "players": [
    "CasualitoGaming",
    "dvmgoose"
  ],
  "log": "|j|\u2606CasualitoGaming\n|j|\u2606dvmgoose\n|t:|1776571618\n|gametype|doubles\n|player|p1|CasualitoGaming|harlequin|1232\n|player|p2|dvmgoose|169|1323\n|gen|9\n|tier|[Gen 9 Champions] VGC 2026 Reg M-A\n|rated|\n|rule|Species Clause: Limit one of each Pok\u00e9mon\n|rule|Item Clause: Limit 1 of each item\n|clearpoke\n|poke|p1|Kommo-o, L50, M|\n|poke|p1|Orthworm, L50, F|\n|poke|p1|Farigiraf, L50, F|\n|poke|p1|Sneasler, L50, F|\n|poke|p1|Froslass, L50, F|\n|poke|p1|Basculegion, L50, M|\n|poke|p2|Blastoise, L50, F|\n|poke|p2|Sinistcha, L50|\n|poke|p2|Maushold, L50|\n|poke|p2|Farigiraf, L50, M|\n|poke|p2|Talonflame, L50, F|\n|poke|p2|Sneasler, L50, F|\n|teampreview|4\n|inactive|Battle timer is ON: inactive players will automatically lose when time's up. (requested by CasualitoGaming)\n|\n|t:|1776571685\n|teamsize|p1|4\n|teamsize|p2|4\n|start\n|switch|p1a: Froslass|Froslass, L50, F|100/100\n|switch|p1b: Basculegion|Basculegion, L50, M|100/100\n|switch|p2a: Blastoise|Blastoise, L50, F|100/100\n|switch|p2b: Maushold|Maushold, L50|100/100\n|turn|1\n|\n|t:|1776571709\n|detailschange|p1a: Froslass|Froslass-Mega, L50, F\n|-mega|p1a: Froslass|Froslass|Froslassite\n|-weather|Snowscape|[from] ability: Snow Warning|[of] p1a: Froslass\n|move|p2a: Blastoise|Protect|p2a: Blastoise\n|-singleturn|p2a: Blastoise|Protect\n|move|p1a: Froslass|Aurora Veil|p1a: Froslass\n|-sidestart|p1: CasualitoGaming|move: Aurora Veil\n|move|p2b: Maushold|Rain Dance|p2b: Maushold\n|-weather|RainDance\n|move|p1b: Basculegion|Wave Crash|p2a: Blastoise\n|-activate|p2a: Blastoise|move: Protect\n|\n|-weather|RainDance|[upkeep]\n|upkeep\n|turn|2\n|inactive|dvmgoose has 30 seconds left.\n|inactive|dvmgoose has 20 seconds left.\n|\n|t:|1776571745\n|switch|p1a: Kommo-o|Kommo-o, L50, M|100/100\n|detailschange|p2a: Blastoise|Blastoise-Mega, L50, F\n|-mega|p2a: Blastoise|Blastoise|Blastoisinite\n|move|p2b: Maushold|Follow Me|p2b: Maushold\n|-singleturn|p2b: Maushold|move: Follow Me\n|move|p2a: Blastoise|Water Spout|p1b: Basculegion|[spread] p1a,p1b\n|-resisted|p1a: Kommo-o|1\n|-resisted|p1b: Basculegion|1\n|-damage|p1a: Kommo-o|72/100\n|-damage|p1b: Basculegion|69/100\n|move|p1b: Basculegion|Wave Crash|p2b: Maushold\n|-damage|p2b: Maushold|0 fnt\n|faint|p2b: Maushold\n|-damage|p1b: Basculegion|42/100|[from] Recoil\n|\n|-weather|RainDance|[upkeep]\n|-heal|p1a: Kommo-o|78/100|[from] item: Leftovers\n|upkeep\n|\n|t:|1776571760\n|switch|p2b: Sinistcha|Sinistcha, L50|100/100\n|turn|3\n|inactive|CasualitoGaming has 30 seconds left.\n|\n|t:|1776571794\n|move|p2b: Sinistcha|Rage Powder|p2b: Sinistcha\n|-singleturn|p2b: Sinistcha|move: Rage Powder\n|move|p1a: Kommo-o|Clanging Scales|p2a: Blastoise|[spread] p2a,p2b\n|-damage|p2a: Blastoise|67/100\n|-damage|p2b: Sinistcha|62/100\n|-unboost|p1a: Kommo-o|def|1\n|move|p2a: Blastoise|Dragon Pulse|p1a: Kommo-o\n|-supereffective|p1a: Kommo-o|1\n|-damage|p1a: Kommo-o|14/100\n|move|p1b: Basculegion|Last Respects|p2b: Sinistcha\n|-supereffective|p2b: Sinistcha|1\n|-damage|p2b: Sinistcha|1/100\n|-enditem|p2b: Sinistcha|Sitrus Berry|[eat]\n|-heal|p2b: Sinistcha|26/100|[from] item: Sitrus Berry\n|\n|-weather|RainDance|[upkeep]\n|-heal|p1a: Kommo-o|20/100|[from] item: Leftovers\n|upkeep\n|turn|4\n|inactive|CasualitoGaming has 30 seconds left.\n|inactive|dvmgoose has 30 seconds left.\n|inactive|dvmgoose has 20 seconds left.\n|\n|t:|1776571829\n|switch|p2b: Farigiraf|Farigiraf, L50, M|100/100\n|move|p2a: Blastoise|Protect|p2a: Blastoise\n|-singleturn|p2a: Blastoise|Protect\n|move|p1a: Kommo-o|Clanging Scales|p2b: Farigiraf|[spread] p2b\n|-activate|p2a: Blastoise|move: Protect\n|-damage|p2b: Farigiraf|54/100\n|-unboost|p1a: Kommo-o|def|1\n|move|p1b: Basculegion|Wave Crash|p2a: Blastoise\n|-activate|p2a: Blastoise|move: Protect\n|\n|-weather|RainDance|[upkeep]\n|-heal|p1a: Kommo-o|26/100|[from] item: Leftovers\n|upkeep\n|turn|5\n|inactive|dvmgoose has 30 seconds left.\n|inactive|dvmgoose has 20 seconds left.\n|\n|t:|1776571866\n|move|p2b: Farigiraf|Ally Switch|p2b: Farigiraf\n|swap|p2b: Farigiraf|0|[from] move: Ally Switch\n|move|p1a: Kommo-o|Clanging Scales|p2b: Blastoise|[spread] p2a,p2b\n|-damage|p2a: Farigiraf|7/100\n|-damage|p2b: Blastoise|33/100\n|-unboost|p1a: Kommo-o|def|1\n|move|p2b: Blastoise|Dragon Pulse|p1a: Kommo-o\n|-supereffective|p1a: Kommo-o|1\n|-damage|p1a: Kommo-o|0 fnt\n|faint|p1a: Kommo-o\n|move|p1b: Basculegion|Wave Crash|p2a: Farigiraf\n|-damage|p2a: Farigiraf|0 fnt\n|faint|p2a: Farigiraf\n|-damage|p1b: Basculegion|41/100|[from] Recoil\n|\n|-weather|none\n|-sideend|p1: CasualitoGaming|move: Aurora Veil\n|upkeep\n|\n|t:|1776571881\n|switch|p2a: Sinistcha|Sinistcha, L50|26/100\n|switch|p1a: Froslass|Froslass-Mega, L50, F|100/100\n|-weather|Snowscape|[from] ability: Snow Warning|[of] p1a: Froslass\n|-heal|p2b: Blastoise|58/100|[from] ability: Hospitality|[of] p2a: Sinistcha\n|turn|6\n|inactive|dvmgoose has 30 seconds left.\n|inactive|dvmgoose has 20 seconds left.\n|inactive|dvmgoose has 15 seconds left.\n|\n|t:|1776571922\n|move|p1a: Froslass|Blizzard|p2b: Blastoise|[spread] p2a,p2b\n|-supereffective|p2a: Sinistcha|1\n|-resisted|p2b: Blastoise|1\n|-damage|p2a: Sinistcha|0 fnt\n|-damage|p2b: Blastoise|39/100\n|faint|p2a: Sinistcha\n|move|p2b: Blastoise|Dragon Pulse|p1a: Froslass\n|-damage|p1a: Froslass|43/100\n|move|p1b: Basculegion|Last Respects|p2b: Blastoise\n|-crit|p2b: Blastoise\n|-damage|p2b: Blastoise|0 fnt\n|faint|p2b: Blastoise\n|\n|win|CasualitoGaming\n|raw|CasualitoGaming's rating: 1232 &rarr; <strong>1263</strong><br />(+31 for winning)\n|raw|dvmgoose's rating: 1323 &rarr; <strong>1298</strong><br />(-25 for losing)\n|c|\u2606CasualitoGaming|gg\n|l|\u2606dvmgoose\n|player|p2|\n",
  "uploadtime": 1776571942,
  "views": 16,
  "formatid": "gen9championsvgc2026regma",
  "rating": 1263,
  "private": 0,
  "password": null
}