{
  "id": "gen9championsvgc2026regma-2582919019",
  "format": "[Gen 9 Champions] VGC 2026 Reg M-A",
  "players": [
    "KilamanolaVGC",
    "Ryderrrrr"
  ],
  "log": "|j|\u203dKilamanolaVGC\n|j|\u2606Ryderrrrr\n|t:|1776124957\n|gametype|doubles\n|player|p1|KilamanolaVGC|benga|1343\n|player|p2|Ryderrrrr|wallace|1431\n|gen|9\n|tier|[Gen 9 Champions] VGC 2026 Reg M-A\n|rated|\n|rule|Species Clause: Limit one of each Pok\u00e9mon\n|rule|Item Clause: Limit 1 of each item\n|clearpoke\n|poke|p1|Floette-Eternal, L50, F|\n|poke|p1|Garchomp, L50, M|\n|poke|p1|Aerodactyl, L50, M|\n|poke|p1|Kingambit, L50, F|\n|poke|p1|Basculegion, L50, M|\n|poke|p1|Sneasler, L50, M|\n|poke|p2|Charizard, L50, M|\n|poke|p2|Venusaur, L50, M|\n|poke|p2|Torkoal, L50, M|\n|poke|p2|Farigiraf, L50, M|\n|poke|p2|Golurk, L50|\n|poke|p2|Incineroar, L50, M|\n|teampreview|4\n|inactive|Battle timer is ON: inactive players will automatically lose when time's up. (requested by Ryderrrrr)\n|inactive|KilamanolaVGC also wants the timer to be on.\n|inactive|Ryderrrrr has 60 seconds left.\n|\n|t:|1776124991\n|teamsize|p1|4\n|teamsize|p2|4\n|start\n|switch|p1a: Sneasler|Sneasler, L50, M, shiny|100/100\n|switch|p1b: Kingambit|Kingambit, L50, F, shiny|100/100\n|switch|p2a: Charizard|Charizard, L50, M|100/100\n|switch|p2b: Venusaur|Venusaur, L50, M|100/100\n|turn|1\n|inactive|KilamanolaVGC has 30 seconds left.\n|\n|t:|1776125016\n|switch|p2b: Farigiraf|Farigiraf, L50, M|100/100\n|detailschange|p2a: Charizard|Charizard-Mega-Y, L50, M\n|-mega|p2a: Charizard|Charizard|Charizardite Y\n|-weather|SunnyDay|[from] ability: Drought|[of] p2a: Charizard\n|move|p1a: Sneasler|Fake Out||[still]\n|cant|p2b: Farigiraf|ability: Armor Tail|Fake Out|[of] p1a: Sneasler\n|move|p2a: Charizard|Heat Wave|p1b: Kingambit|[spread] p1a,p1b\n|-supereffective|p1b: Kingambit|1\n|-damage|p1a: Sneasler|8/100\n|-damage|p1b: Kingambit|0 fnt\n|faint|p1b: Kingambit\n|\n|-weather|SunnyDay|[upkeep]\n|upkeep\n|\n|t:|1776125027\n|switch|p1b: Aerodactyl|Aerodactyl, L50, M|100/100\n|-ability|p1b: Aerodactyl|Unnerve\n|turn|2\n|inactive|Ryderrrrr has 30 seconds left.\n|inactive|Ryderrrrr has 20 seconds left.\n|\n|t:|1776125066\n|switch|p2a: Incineroar|Incineroar, L50, M|100/100\n|-ability|p2a: Incineroar|Intimidate|boost\n|-unboost|p1a: Sneasler|atk|1\n|-unboost|p1b: Aerodactyl|atk|1\n|-enditem|p1a: Sneasler|White Herb\n|-clearnegativeboost|p1a: Sneasler|[silent]\n|move|p1a: Sneasler|Close Combat|p2b: Farigiraf\n|-damage|p2b: Farigiraf|46/100\n|-unboost|p1a: Sneasler|def|1\n|-unboost|p1a: Sneasler|spd|1\n|move|p1b: Aerodactyl|Rock Slide|p2a: Incineroar|[spread] p2b\n|-miss|p1b: Aerodactyl|p2a: Incineroar\n|-damage|p2b: Farigiraf|31/100\n|move|p2b: Farigiraf|Twin Beam|p1a: Sneasler\n|-supereffective|p1a: Sneasler|2\n|-crit|p1a: Sneasler\n|-damage|p1a: Sneasler|0 fnt\n|faint|p1a: Sneasler\n|-hitcount|p1: Sneasler|1\n|\n|-weather|SunnyDay|[upkeep]\n|upkeep\n|\n|t:|1776125076\n|switch|p1a: Floette|Floette-Eternal, L50, F|100/100\n|turn|3\n|\n|t:|1776125100\n|switch|p2b: Venusaur|Venusaur, L50, M|100/100\n|detailschange|p1a: Floette|Floette-Mega, L50, F\n|-mega|p1a: Floette|Floette|Floettite\n|-ability|p1a: Floette|Fairy Aura\n|move|p1b: Aerodactyl|Rock Slide|p2b: Venusaur|[spread] p2a,p2b\n|-supereffective|p2a: Incineroar|1\n|-damage|p2a: Incineroar|74/100\n|-damage|p2b: Venusaur|79/100\n|move|p1a: Floette|Dazzling Gleam|p2a: Incineroar|[spread] p2a,p2b\n|-crit|p2a: Incineroar\n|-resisted|p2b: Venusaur|1\n|-damage|p2a: Incineroar|11/100\n|-damage|p2b: Venusaur|48/100\n|move|p2a: Incineroar|Will-O-Wisp|p1b: Aerodactyl\n|-status|p1b: Aerodactyl|brn\n|\n|-weather|SunnyDay|[upkeep]\n|-damage|p1b: Aerodactyl|95/100 brn|[from] brn\n|upkeep\n|turn|4\n|\n|t:|1776125123\n|switch|p2a: Farigiraf|Farigiraf, L50, M|31/100\n|move|p1a: Floette|Protect|p1a: Floette\n|-singleturn|p1a: Floette|Protect\n|move|p2b: Venusaur|Sludge Bomb|p1a: Floette\n|-activate|p1a: Floette|move: Protect\n|move|p1b: Aerodactyl|Tailwind|p1b: Aerodactyl\n|-sidestart|p1: KilamanolaVGC|move: Tailwind\n|\n|-weather|SunnyDay|[upkeep]\n|-damage|p1b: Aerodactyl|89/100 brn|[from] brn\n|upkeep\n|turn|5\n|\n|t:|1776125141\n|switch|p2a: Incineroar|Incineroar, L50, M|11/100\n|-ability|p2a: Incineroar|Intimidate|boost\n|-unboost|p1a: Floette|atk|1\n|-unboost|p1b: Aerodactyl|atk|1\n|move|p2b: Venusaur|Protect|p2b: Venusaur\n|-singleturn|p2b: Venusaur|Protect\n|move|p1b: Aerodactyl|Dual Wingbeat|p2b: Venusaur\n|-activate|p2b: Venusaur|move: Protect\n|move|p1a: Floette|Dazzling Gleam|p2b: Venusaur|[spread] p2a\n|-activate|p2b: Venusaur|move: Protect\n|-damage|p2a: Incineroar|0 fnt\n|faint|p2a: Incineroar\n|\n|-weather|none\n|-damage|p1b: Aerodactyl|83/100 brn|[from] brn\n|upkeep\n|inactive|Ryderrrrr has 30 seconds left.\n|\n|t:|1776125167\n|switch|p2a: Charizard|Charizard-Mega-Y, L50, M|100/100\n|-weather|SunnyDay|[from] ability: Drought|[of] p2a: Charizard\n|turn|6\n|\n|t:|1776125176\n|move|p1b: Aerodactyl|Dual Wingbeat|p2b: Venusaur\n|-supereffective|p2b: Venusaur|1\n|-damage|p2b: Venusaur|34/100\n|-supereffective|p2b: Venusaur|1\n|-damage|p2b: Venusaur|23/100\n|-hitcount|p2b: Venusaur|2\n|move|p1a: Floette|Dazzling Gleam|p2a: Charizard|[spread] p2a,p2b\n|-resisted|p2a: Charizard|1\n|-resisted|p2b: Venusaur|1\n|-damage|p2a: Charizard|71/100\n|-damage|p2b: Venusaur|0 fnt\n|faint|p2b: Venusaur\n|move|p2a: Charizard|Heat Wave|p1b: Aerodactyl|[spread] p1a,p1b\n|-resisted|p1b: Aerodactyl|1\n|-damage|p1a: Floette|49/100\n|-damage|p1b: Aerodactyl|34/100 brn\n|\n|-weather|SunnyDay|[upkeep]\n|-damage|p1b: Aerodactyl|29/100 brn|[from] brn\n|upkeep\n|\n|t:|1776125189\n|switch|p2b: Farigiraf|Farigiraf, L50, M|31/100\n|turn|7\n|\n|t:|1776125206\n|move|p2a: Charizard|Protect|p2a: Charizard\n|-singleturn|p2a: Charizard|Protect\n|move|p1b: Aerodactyl|Rock Slide|p2b: Farigiraf|[spread] \n|-activate|p2a: Charizard|move: Protect\n|-miss|p1b: Aerodactyl|p2b: Farigiraf\n|move|p1a: Floette|Dazzling Gleam|p2a: Charizard|[spread] p2b\n|-activate|p2a: Charizard|move: Protect\n|-damage|p2b: Farigiraf|0 fnt\n|faint|p2b: Farigiraf\n|\n|-weather|SunnyDay|[upkeep]\n|-damage|p1b: Aerodactyl|23/100 brn|[from] brn\n|-sideend|p1: KilamanolaVGC|move: Tailwind\n|upkeep\n|turn|8\n|\n|t:|1776125217\n|move|p1b: Aerodactyl|Tailwind|p1b: Aerodactyl\n|-sidestart|p1: KilamanolaVGC|move: Tailwind\n|move|p1a: Floette|Calm Mind|p1a: Floette\n|-boost|p1a: Floette|spa|1\n|-boost|p1a: Floette|spd|1\n|move|p2a: Charizard|Heat Wave|p1b: Aerodactyl|[spread] p1b\n|-miss|p2a: Charizard|p1a: Floette\n|-resisted|p1b: Aerodactyl|1\n|-damage|p1b: Aerodactyl|0 fnt\n|faint|p1b: Aerodactyl\n|\n|-weather|SunnyDay|[upkeep]\n|upkeep\n|turn|9\n|\n|t:|1776125227\n|move|p1a: Floette|Moonblast|p2a: Charizard\n|-resisted|p2a: Charizard|1\n|-damage|p2a: Charizard|4/100\n|move|p2a: Charizard|Heat Wave|p1a: Floette\n|-damage|p1a: Floette|0 fnt\n|faint|p1a: Floette\n|\n|win|Ryderrrrr\n|raw|KilamanolaVGC's rating: 1343 &rarr; <strong>1328</strong><br />(-15 for losing)\n|raw|Ryderrrrr's rating: 1431 &rarr; <strong>1446</strong><br />(+15 for winning)\n|c|\u2606Ryderrrrr|GG\n|l|\u203dKilamanolaVGC\n|player|p1|\n|l|\u2606Ryderrrrr\n|player|p2|\n",
  "uploadtime": 1776125289,
  "views": 31,
  "formatid": "gen9championsvgc2026regma",
  "rating": 1328,
  "private": 0,
  "password": null
}