{
  "id": "gen9championsvgc2026regma-2585337059",
  "format": "[Gen 9 Champions] VGC 2026 Reg M-A",
  "players": [
    "Final Kamehameha",
    "SleepyBadBoy"
  ],
  "log": "|j|\u2606Final Kamehameha\n|j|\u2606SleepyBadBoy\n|t:|1776339109\n|gametype|doubles\n|player|p1|Final Kamehameha|265|1212\n|player|p2|SleepyBadBoy|102|1298\n|gen|9\n|tier|[Gen 9 Champions] VGC 2026 Reg M-A\n|rated|\n|rule|Species Clause: Limit one of each Pok\u00e9mon\n|rule|Item Clause: Limit 1 of each item\n|clearpoke\n|poke|p1|Aerodactyl, L50, F|\n|poke|p1|Meganium, L50, F|\n|poke|p1|Tyranitar, L50, F|\n|poke|p1|Excadrill, L50, M|\n|poke|p1|Rotom-Wash, L50|\n|poke|p1|Garchomp, L50, F|\n|poke|p2|Gengar, L50, M|\n|poke|p2|Incineroar, L50, M|\n|poke|p2|Kommo-o, L50, F|\n|poke|p2|Sinistcha, L50|\n|poke|p2|Kingambit, L50, M|\n|poke|p2|Tyranitar, L50, M|\n|teampreview|4\n|inactive|Battle timer is ON: inactive players will automatically lose when time's up. (requested by SleepyBadBoy)\n|inactive|Final Kamehameha has 60 seconds left.\n|inactive|SleepyBadBoy has 60 seconds left.\n|\n|t:|1776339164\n|teamsize|p1|4\n|teamsize|p2|4\n|start\n|switch|p1a: Aerodactyl|Aerodactyl, L50, F|100/100\n|switch|p1b: Tyranitar|Tyranitar, L50, F|100/100\n|switch|p2a: Kommo-o|Kommo-o, L50, F|100/100\n|switch|p2b: Gengar|Gengar, L50, M|100/100\n|-ability|p1a: Aerodactyl|Unnerve\n|-weather|Sandstorm|[from] ability: Sand Stream|[of] p1b: Tyranitar\n|turn|1\n|inactive|Final Kamehameha has 30 seconds left.\n|inactive|Final Kamehameha has 20 seconds left.\n|\n|t:|1776339201\n|detailschange|p2b: Gengar|Gengar-Mega, L50, M\n|-mega|p2b: Gengar|Gengar|Gengarite\n|move|p1b: Tyranitar|Protect|p1b: Tyranitar\n|-singleturn|p1b: Tyranitar|Protect\n|move|p1a: Aerodactyl|Tailwind|p1a: Aerodactyl\n|-sidestart|p1: Final Kamehameha|move: Tailwind\n|move|p2b: Gengar|Substitute|p2b: Gengar\n|-start|p2b: Gengar|Substitute\n|-damage|p2b: Gengar|76/100\n|move|p2a: Kommo-o|Clangorous Soul|p2a: Kommo-o\n|-boost|p2a: Kommo-o|atk|1\n|-boost|p2a: Kommo-o|def|1\n|-boost|p2a: Kommo-o|spa|1\n|-boost|p2a: Kommo-o|spd|1\n|-boost|p2a: Kommo-o|spe|1\n|-damage|p2a: Kommo-o|68/100\n|\n|-weather|Sandstorm|[upkeep]\n|-damage|p2a: Kommo-o|62/100|[from] Sandstorm\n|-damage|p2b: Gengar|70/100|[from] Sandstorm\n|-heal|p2a: Kommo-o|68/100|[from] item: Leftovers\n|upkeep\n|turn|2\n|inactive|Final Kamehameha has 30 seconds left.\n|\n|t:|1776339228\n|move|p2b: Gengar|Protect|p2b: Gengar\n|-singleturn|p2b: Gengar|Protect\n|move|p1a: Aerodactyl|Rock Slide|p2a: Kommo-o|[spread] p2a\n|-activate|p2b: Gengar|move: Protect\n|-resisted|p2a: Kommo-o|1\n|-damage|p2a: Kommo-o|60/100\n|move|p1b: Tyranitar|Knock Off|p2b: Gengar\n|-activate|p2b: Gengar|move: Protect\n|move|p2a: Kommo-o|Aura Sphere|p1b: Tyranitar\n|-supereffective|p1b: Tyranitar|2\n|-damage|p1b: Tyranitar|0 fnt\n|faint|p1b: Tyranitar\n|\n|-weather|Sandstorm|[upkeep]\n|-damage|p2a: Kommo-o|54/100|[from] Sandstorm\n|-damage|p2b: Gengar|64/100|[from] Sandstorm\n|-heal|p2a: Kommo-o|60/100|[from] item: Leftovers\n|upkeep\n|\n|t:|1776339245\n|switch|p1b: Garchomp|Garchomp, L50, F|100/100\n|turn|3\n|\n|t:|1776339260\n|move|p2a: Kommo-o|Protect|p2a: Kommo-o\n|-singleturn|p2a: Kommo-o|Protect\n|move|p1b: Garchomp|Earthquake|p2a: Kommo-o|[spread] p2b\n|-activate|p2a: Kommo-o|move: Protect\n|-immune|p1a: Aerodactyl\n|-supereffective|p2b: Gengar|1\n|-end|p2b: Gengar|Substitute\n|move|p1a: Aerodactyl|Taunt|p2b: Gengar\n|-start|p2b: Gengar|move: Taunt\n|move|p2b: Gengar|Shadow Ball|p1a: Aerodactyl\n|-damage|p1a: Aerodactyl|53/100\n|-unboost|p1a: Aerodactyl|spd|1\n|\n|-weather|Sandstorm|[upkeep]\n|-damage|p2a: Kommo-o|54/100|[from] Sandstorm\n|-damage|p2b: Gengar|58/100|[from] Sandstorm\n|-heal|p2a: Kommo-o|60/100|[from] item: Leftovers\n|upkeep\n|turn|4\n|\n|t:|1776339277\n|switch|p2b: Incineroar|Incineroar, L50, M|100/100\n|-ability|p2b: Incineroar|Intimidate|boost\n|-unboost|p1a: Aerodactyl|atk|1\n|-unboost|p1b: Garchomp|atk|1\n|move|p1b: Garchomp|Earthquake|p2a: Kommo-o|[spread] p2a,p2b\n|-immune|p1a: Aerodactyl\n|-supereffective|p2b: Incineroar|1\n|-crit|p2b: Incineroar\n|-damage|p2a: Kommo-o|44/100\n|-damage|p2b: Incineroar|8/100\n|move|p1a: Aerodactyl|Dual Wingbeat|p2a: Kommo-o|[miss]\n|-miss|p1a: Aerodactyl|p2a: Kommo-o\n|move|p2a: Kommo-o|Clanging Scales|p1a: Aerodactyl|[spread] p1a\n|-miss|p2a: Kommo-o|p1b: Garchomp\n|-damage|p1a: Aerodactyl|0 fnt\n|faint|p1a: Aerodactyl\n|-unboost|p2a: Kommo-o|def|1\n|\n|-weather|Sandstorm|[upkeep]\n|-damage|p2a: Kommo-o|38/100|[from] Sandstorm\n|-damage|p2b: Incineroar|2/100|[from] Sandstorm\n|-heal|p2a: Kommo-o|44/100|[from] item: Leftovers\n|-sideend|p1: Final Kamehameha|move: Tailwind\n|upkeep\n|\n|t:|1776339281\n|switch|p1a: Excadrill|Excadrill, L50, M|100/100\n|turn|5\n|\n|t:|1776339295\n|move|p2b: Incineroar|Fake Out|p1a: Excadrill\n|-resisted|p1a: Excadrill|1\n|-damage|p1a: Excadrill|92/100\n|cant|p1a: Excadrill|flinch\n|move|p1b: Garchomp|Earthquake|p2a: Kommo-o|[spread] p1a,p2a,p2b\n|-supereffective|p1a: Excadrill|1\n|-supereffective|p2b: Incineroar|1\n|-enditem|p2b: Incineroar|Shuca Berry|[eat]\n|-enditem|p2b: Incineroar|Shuca Berry|[weaken]\n|-damage|p1a: Excadrill|21/100\n|-damage|p2a: Kommo-o|19/100\n|-damage|p2b: Incineroar|0 fnt\n|faint|p2b: Incineroar\n|move|p2a: Kommo-o|Clanging Scales|p1b: Garchomp|[spread] p1a,p1b\n|-resisted|p1a: Excadrill|1\n|-supereffective|p1b: Garchomp|1\n|-damage|p1a: Excadrill|0 fnt\n|-damage|p1b: Garchomp|0 fnt\n|faint|p1a: Excadrill\n|faint|p1b: Garchomp\n|\n|win|SleepyBadBoy\n|raw|Final Kamehameha's rating: 1212 &rarr; <strong>1193</strong><br />(-19 for losing)\n|raw|SleepyBadBoy's rating: 1298 &rarr; <strong>1317</strong><br />(+19 for winning)\n",
  "uploadtime": 1776339330,
  "views": 18,
  "formatid": "gen9championsvgc2026regma",
  "rating": 1193,
  "private": 0,
  "password": null
}