{
  "id": "gen9championsvgc2026regma-2587574620",
  "format": "[Gen 9 Champions] VGC 2026 Reg M-A",
  "players": [
    "hidreigon 07",
    "EsqciMinhaSenha2"
  ],
  "log": "|j|\u2606hidreigon 07\n|j|\u2606EsqciMinhaSenha2\n|t:|1776543559\n|gametype|doubles\n|player|p1|hidreigon 07|gentleman|1060\n|player|p2|EsqciMinhaSenha2|swimmer|1105\n|gen|9\n|tier|[Gen 9 Champions] VGC 2026 Reg M-A\n|rated|\n|rule|Species Clause: Limit one of each Pok\u00e9mon\n|rule|Item Clause: Limit 1 of each item\n|clearpoke\n|poke|p1|Floette-Eternal, L50, F|\n|poke|p1|Milotic, L50, F|\n|poke|p1|Scizor, L50, F|\n|poke|p1|Incineroar, L50, M|\n|poke|p1|Aerodactyl, L50, F|\n|poke|p1|Garchomp, L50, F|\n|poke|p2|Torkoal, L50, F|\n|poke|p2|Chandelure, L50, F|\n|poke|p2|Sneasler, L50, F|\n|poke|p2|Victreebel, L50, F|\n|poke|p2|Gliscor, L50, M|\n|poke|p2|Rotom-Wash, L50|\n|teampreview|4\n|inactive|Battle timer is ON: inactive players will automatically lose when time's up. (requested by hidreigon 07)\n|inactive|EsqciMinhaSenha2 has 60 seconds left.\n|inactive|EsqciMinhaSenha2 has 30 seconds left.\n|\n|t:|1776543680\n|teamsize|p1|4\n|teamsize|p2|4\n|start\n|switch|p1a: Aerodactyl|Aerodactyl, L50, F|100/100\n|switch|p1b: Milotic|Milotic, L50, F|100/100\n|switch|p2a: Sneasler|Sneasler, L50, F|100/100\n|switch|p2b: Victreebel|Victreebel, L50, F|100/100\n|turn|1\n|inactive|EsqciMinhaSenha2 has 30 seconds left.\n|inactive|EsqciMinhaSenha2 has 20 seconds left.\n|\n|t:|1776543717\n|detailschange|p2b: Victreebel|Victreebel-Mega, L50, F\n|-mega|p2b: Victreebel|Victreebel|Victreebelite\n|move|p1b: Milotic|Protect|p1b: Milotic\n|-singleturn|p1b: Milotic|Protect\n|move|p1a: Aerodactyl|Dual Wingbeat|p2b: Victreebel\n|-supereffective|p2b: Victreebel|1\n|-damage|p2b: Victreebel|56/100\n|-supereffective|p2b: Victreebel|1\n|-damage|p2b: Victreebel|17/100\n|-hitcount|p2b: Victreebel|2\n|move|p2a: Sneasler|Close Combat|p1a: Aerodactyl\n|-damage|p1a: Aerodactyl|11/100\n|-unboost|p2a: Sneasler|def|1\n|-unboost|p2a: Sneasler|spd|1\n|-enditem|p2a: Sneasler|White Herb\n|-clearnegativeboost|p2a: Sneasler|[silent]\n|move|p2b: Victreebel|Strength Sap|p1a: Aerodactyl\n|-unboost|p1a: Aerodactyl|atk|1\n|-heal|p2b: Victreebel|100/100\n|\n|upkeep\n|turn|2\n|inactive|EsqciMinhaSenha2 has 30 seconds left.\n|inactive|EsqciMinhaSenha2 has 20 seconds left.\n|inactive|EsqciMinhaSenha2 has 15 seconds left.\n|inactive|EsqciMinhaSenha2 has 10 seconds left.\n|\n|t:|1776543766\n|move|p1a: Aerodactyl|Protect|p1a: Aerodactyl\n|-singleturn|p1a: Aerodactyl|Protect\n|move|p2a: Sneasler|Dire Claw|p1b: Milotic\n|-damage|p1b: Milotic|63/100\n|-status|p1b: Milotic|psn\n|move|p1b: Milotic|Icy Wind|p2b: Victreebel|[spread] p2a,p2b\n|-supereffective|p2b: Victreebel|1\n|-damage|p2a: Sneasler|88/100\n|-damage|p2b: Victreebel|79/100\n|-unboost|p2a: Sneasler|spe|1\n|-unboost|p2b: Victreebel|spe|1\n|move|p2b: Victreebel|Sludge Wave|p1b: Milotic|[spread] p2a,p1b\n|-activate|p1a: Aerodactyl|move: Protect\n|-resisted|p2a: Sneasler|1\n|-damage|p2a: Sneasler|61/100\n|-damage|p1b: Milotic|35/100 psn\n|\n|-heal|p1b: Milotic|40/100 psn|[from] item: Leftovers\n|-damage|p1b: Milotic|28/100 psn|[from] psn\n|upkeep\n|turn|3\n|inactive|hidreigon 07 has 30 seconds left.\n|inactive|EsqciMinhaSenha2 has 30 seconds left.\n|inactive|hidreigon 07 has 20 seconds left.\n|inactive|EsqciMinhaSenha2 has 20 seconds left.\n|inactive|hidreigon 07 has 15 seconds left.\n|inactive|EsqciMinhaSenha2 has 15 seconds left.\n|inactive|hidreigon 07 has 10 seconds left.\n|inactive|EsqciMinhaSenha2 has 10 seconds left.\n|\n|t:|1776543814\n|move|p2a: Sneasler|Dire Claw|p1b: Milotic\n|-damage|p1b: Milotic|0 fnt\n|faint|p1b: Milotic\n|move|p1a: Aerodactyl|Dual Wingbeat|p2a: Sneasler\n|-supereffective|p2a: Sneasler|1\n|-damage|p2a: Sneasler|17/100\n|-supereffective|p2a: Sneasler|1\n|-damage|p2a: Sneasler|0 fnt\n|faint|p2a: Sneasler\n|-hitcount|p2: Sneasler|2\n|move|p2b: Victreebel|Sludge Wave|p1a: Aerodactyl\n|-resisted|p1a: Aerodactyl|1\n|-damage|p1a: Aerodactyl|0 fnt\n|faint|p1a: Aerodactyl\n|\n|upkeep\n|\n|t:|1776543833\n|switch|p1a: Floette|Floette-Eternal, L50, F|100/100\n|switch|p2a: Chandelure|Chandelure, L50, F|100/100\n|switch|p1b: Garchomp|Garchomp, L50, F|100/100\n|turn|4\n|inactive|EsqciMinhaSenha2 has 30 seconds left.\n|\n|t:|1776543867\n|detailschange|p1a: Floette|Floette-Mega, L50, F\n|-mega|p1a: Floette|Floette|Floettite\n|-ability|p1a: Floette|Fairy Aura\n|move|p1a: Floette|Protect|p1a: Floette\n|-singleturn|p1a: Floette|Protect\n|move|p2a: Chandelure|Shadow Ball|p1a: Floette\n|-activate|p1a: Floette|move: Protect\n|move|p1b: Garchomp|Dragon Claw|p2b: Victreebel\n|-damage|p2b: Victreebel|26/100\n|move|p2b: Victreebel|Strength Sap|p1b: Garchomp\n|-unboost|p1b: Garchomp|atk|1\n|-heal|p2b: Victreebel|100/100\n|-enditem|p1b: Garchomp|White Herb\n|-clearnegativeboost|p1b: Garchomp|[silent]\n|\n|upkeep\n|turn|5\n|inactive|EsqciMinhaSenha2 has 30 seconds left.\n|inactive|hidreigon 07 has 30 seconds left.\n|inactive|EsqciMinhaSenha2 has 20 seconds left.\n|inactive|EsqciMinhaSenha2 has 15 seconds left.\n|inactive|EsqciMinhaSenha2 has 10 seconds left.\n|\n|t:|1776543915\n|move|p2a: Chandelure|Shadow Ball|p1b: Garchomp\n|-damage|p1b: Garchomp|50/100\n|move|p1b: Garchomp|Dragon Claw|p2b: Victreebel\n|-damage|p2b: Victreebel|50/100\n|move|p1a: Floette|Dazzling Gleam|p2b: Victreebel|[spread] p2a,p2b\n|-resisted|p2a: Chandelure|1\n|-resisted|p2b: Victreebel|1\n|-crit|p2b: Victreebel\n|-damage|p2a: Chandelure|61/100\n|-damage|p2b: Victreebel|10/100\n|move|p2b: Victreebel|Strength Sap|p1b: Garchomp\n|-unboost|p1b: Garchomp|atk|1\n|-heal|p2b: Victreebel|100/100\n|\n|upkeep\n|turn|6\n|-message|hidreigon 07 forfeited.\n|\n|win|EsqciMinhaSenha2\n|raw|hidreigon 07's rating: 1060 &rarr; <strong>1043</strong><br />(-17 for losing)\n|raw|EsqciMinhaSenha2's rating: 1105 &rarr; <strong>1127</strong><br />(+22 for winning)\n|l|\u2606hidreigon 07\n|player|p1|\n",
  "uploadtime": 1776543944,
  "views": 15,
  "formatid": "gen9championsvgc2026regma",
  "rating": 1043,
  "private": 0,
  "password": null
}