{
  "id": "gen9championsvgc2026regma-2584412335",
  "format": "[Gen 9 Champions] VGC 2026 Reg M-A",
  "players": [
    "dkapflzksh",
    "Dioxide8"
  ],
  "log": "|j|\u2606dkapflzksh\n|j|\u2606Dioxide8\n|t:|1776259028\n|gametype|doubles\n|player|p1|dkapflzksh|scientist-gen4dp|1330\n|player|p2|Dioxide8|102|1382\n|gen|9\n|tier|[Gen 9 Champions] VGC 2026 Reg M-A\n|rated|\n|rule|Species Clause: Limit one of each Pok\u00e9mon\n|rule|Item Clause: Limit 1 of each item\n|clearpoke\n|poke|p1|Pelipper, L50, F|\n|poke|p1|Basculegion, L50, M|\n|poke|p1|Dragonite, L50, F|\n|poke|p1|Archaludon, L50, F|\n|poke|p1|Incineroar, L50, F|\n|poke|p1|Sinistcha-Masterpiece, L50|\n|poke|p2|Charizard, L50, M|\n|poke|p2|Incineroar, L50, M|\n|poke|p2|Whimsicott, L50, F|\n|poke|p2|Garchomp, L50, M|\n|poke|p2|Sneasler, L50, M|\n|poke|p2|Basculegion, L50, M|\n|teampreview|4\n|inactive|Battle timer is ON: inactive players will automatically lose when time's up. (requested by Dioxide8)\n|inactive|Dioxide8 has 60 seconds left.\n|inactive|Dioxide8 has 30 seconds left.\n|inactive|Dioxide8 has 20 seconds left.\n|\n|t:|1776259103\n|teamsize|p1|4\n|teamsize|p2|4\n|start\n|switch|p1a: Pelipper|Pelipper, L50, F, shiny|100/100\n|switch|p1b: Basculegion|Basculegion, L50, M, shiny|100/100\n|switch|p2a: Whimsicott|Whimsicott, L50, F, shiny|100/100\n|switch|p2b: Charizard|Charizard, L50, M, shiny|100/100\n|-weather|RainDance|[from] ability: Drizzle|[of] p1a: Pelipper\n|turn|1\n|inactive|dkapflzksh has 30 seconds left.\n|\n|t:|1776259131\n|detailschange|p2b: Charizard|Charizard-Mega-Y, L50, M, shiny\n|-mega|p2b: Charizard|Charizard|Charizardite Y\n|-weather|SunnyDay|[from] ability: Drought|[of] p2b: Charizard\n|move|p2a: Whimsicott|Tailwind|p2a: Whimsicott\n|-sidestart|p2: Dioxide8|move: Tailwind\n|move|p2b: Charizard|Solar Beam||[still]\n|-prepare|p2b: Charizard|Solar Beam\n|-anim|p2b: Charizard|Solar Beam|p1b: Basculegion\n|-supereffective|p1b: Basculegion|1\n|-enditem|p1b: Basculegion|Focus Sash\n|-damage|p1b: Basculegion|1/100\n|move|p1a: Pelipper|U-turn|p2a: Whimsicott\n|-damage|p2a: Whimsicott|88/100\n|\n|t:|1776259146\n|switch|p1a: Incineroar|Incineroar, L50, F|100/100|[from] U-turn\n|-ability|p1a: Incineroar|Intimidate|boost\n|-unboost|p2a: Whimsicott|atk|1\n|-unboost|p2b: Charizard|atk|1\n|move|p1b: Basculegion|Liquidation|p2b: Charizard\n|-supereffective|p2b: Charizard|1\n|-damage|p2b: Charizard|42/100\n|-unboost|p2b: Charizard|def|1\n|\n|-weather|SunnyDay|[upkeep]\n|upkeep\n|turn|2\n|\n|t:|1776259166\n|move|p1a: Incineroar|Fake Out|p2a: Whimsicott\n|-damage|p2a: Whimsicott|72/100\n|move|p1b: Basculegion|Aqua Jet|p2b: Charizard\n|-supereffective|p2b: Charizard|1\n|-damage|p2b: Charizard|0 fnt\n|faint|p2b: Charizard\n|cant|p2a: Whimsicott|flinch\n|\n|-weather|SunnyDay|[upkeep]\n|upkeep\n|\n|t:|1776259178\n|switch|p2b: Garchomp|Garchomp, L50, M|100/100\n|turn|3\n|\n|t:|1776259195\n|switch|p1a: Pelipper|Pelipper, L50, F, shiny|100/100\n|-weather|RainDance|[from] ability: Drizzle|[of] p1a: Pelipper\n|move|p1b: Basculegion|Aqua Jet|p2b: Garchomp\n|-damage|p2b: Garchomp|71/100\n|-damage|p1b: Basculegion|0 fnt|[from] ability: Rough Skin|[of] p2b: Garchomp\n|faint|p1b: Basculegion\n|move|p2a: Whimsicott|Moonblast|p1a: Pelipper\n|-damage|p1a: Pelipper|36/100\n|move|p2b: Garchomp|Earthquake|p1a: Pelipper|[spread] p2a\n|-immune|p1a: Pelipper\n|-resisted|p2a: Whimsicott|1\n|-damage|p2a: Whimsicott|38/100\n|\n|-weather|RainDance|[upkeep]\n|upkeep\n|\n|t:|1776259218\n|switch|p1b: Incineroar|Incineroar, L50, F|100/100\n|-ability|p1b: Incineroar|Intimidate|boost\n|-unboost|p2a: Whimsicott|atk|1\n|-unboost|p2b: Garchomp|atk|1\n|turn|4\n|inactive|dkapflzksh has 30 seconds left.\n|\n|t:|1776259247\n|move|p1b: Incineroar|Fake Out|p2a: Whimsicott\n|-damage|p2a: Whimsicott|21/100\n|cant|p2a: Whimsicott|flinch\n|move|p2b: Garchomp|Dragon Claw|p1a: Pelipper\n|-damage|p1a: Pelipper|0 fnt\n|faint|p1a: Pelipper\n|\n|-weather|RainDance|[upkeep]\n|-sideend|p2: Dioxide8|move: Tailwind\n|upkeep\n|\n|t:|1776259256\n|switch|p1a: Archaludon|Archaludon, L50, F, shiny|100/100\n|turn|5\n|inactive|Dioxide8 has 30 seconds left.\n|\n|t:|1776259287\n|move|p1a: Archaludon|Protect|p1a: Archaludon\n|-singleturn|p1a: Archaludon|Protect\n|move|p2a: Whimsicott|Moonblast|p1a: Archaludon\n|-activate|p1a: Archaludon|move: Protect\n|move|p2b: Garchomp|Dragon Claw|p1a: Archaludon\n|-activate|p1a: Archaludon|move: Protect\n|move|p1b: Incineroar|Will-O-Wisp|p2b: Garchomp\n|-status|p2b: Garchomp|brn\n|\n|-weather|RainDance|[upkeep]\n|-damage|p2b: Garchomp|65/100 brn|[from] brn\n|upkeep\n|turn|6\n|\n|t:|1776259306\n|move|p2a: Whimsicott|Moonblast|p1a: Archaludon\n|-damage|p1a: Archaludon|66/100\n|-unboost|p1a: Archaludon|spa|1\n|-ability|p1a: Archaludon|Stamina|boost\n|-boost|p1a: Archaludon|def|1\n|move|p2b: Garchomp|Earthquake|p1b: Incineroar|[spread] p2a,p1a,p1b\n|-resisted|p2a: Whimsicott|1\n|-supereffective|p1a: Archaludon|1\n|-supereffective|p1b: Incineroar|1\n|-damage|p2a: Whimsicott|10/100\n|-damage|p1a: Archaludon|50/100\n|-damage|p1b: Incineroar|71/100\n|-ability|p1a: Archaludon|Stamina|boost\n|-boost|p1a: Archaludon|def|1\n|move|p1a: Archaludon|Electro Shot||[still]\n|-prepare|p1a: Archaludon|Electro Shot\n|-boost|p1a: Archaludon|spa|1\n|-anim|p1a: Archaludon|Electro Shot|p2a: Whimsicott\n|-resisted|p2a: Whimsicott|1\n|-damage|p2a: Whimsicott|0 fnt\n|faint|p2a: Whimsicott\n|move|p1b: Incineroar|Parting Shot|p2b: Garchomp\n|-unboost|p2b: Garchomp|atk|1\n|-unboost|p2b: Garchomp|spa|1\n|\n|-weather|RainDance|[upkeep]\n|-heal|p1a: Archaludon|57/100|[from] item: Leftovers\n|-damage|p2b: Garchomp|59/100 brn|[from] brn\n|upkeep\n|\n|t:|1776259325\n|switch|p2a: Basculegion|Basculegion, L50, M|100/100\n|turn|7\n|\n|t:|1776259347\n|move|p2a: Basculegion|Wave Crash|p1a: Archaludon\n|-resisted|p1a: Archaludon|1\n|-damage|p1a: Archaludon|34/100\n|-ability|p1a: Archaludon|Stamina|boost\n|-boost|p1a: Archaludon|def|1\n|-damage|p2a: Basculegion|93/100|[from] Recoil\n|move|p2b: Garchomp|Rock Slide|p1b: Incineroar|[spread] p1a,p1b\n|-resisted|p1a: Archaludon|1\n|-supereffective|p1b: Incineroar|1\n|-damage|p1a: Archaludon|34/100\n|-damage|p1b: Incineroar|63/100\n|-ability|p1a: Archaludon|Stamina|boost\n|-boost|p1a: Archaludon|def|1\n|move|p1a: Archaludon|Electro Shot||[still]\n|-prepare|p1a: Archaludon|Electro Shot\n|-boost|p1a: Archaludon|spa|1\n|-anim|p1a: Archaludon|Electro Shot|p2a: Basculegion\n|-supereffective|p2a: Basculegion|1\n|-damage|p2a: Basculegion|0 fnt\n|faint|p2a: Basculegion\n|cant|p1b: Incineroar|flinch\n|\n|-weather|none\n|-heal|p1a: Archaludon|40/100|[from] item: Leftovers\n|-damage|p2b: Garchomp|53/100 brn|[from] brn\n|upkeep\n|turn|8\n|-message|Dioxide8 forfeited.\n|\n|win|dkapflzksh\n|raw|dkapflzksh's rating: 1330 &rarr; <strong>1353</strong><br />(+23 for winning)\n|raw|Dioxide8's rating: 1382 &rarr; <strong>1359</strong><br />(-23 for losing)\n",
  "uploadtime": 1776259368,
  "views": 46,
  "formatid": "gen9championsvgc2026regma",
  "rating": 1353,
  "private": 0,
  "password": null
}