{
  "id": "gen9championsvgc2026regma-2588243281",
  "format": "[Gen 9 Champions] VGC 2026 Reg M-A",
  "players": [
    "ufagac",
    "Adapting Smash"
  ],
  "log": "|j|\u2606ufagac\n|j|\u2606Adapting Smash\n|t:|1776617481\n|gametype|doubles\n|player|p1|ufagac|hilbert-wonderlauncher|1089\n|player|p2|Adapting Smash|artist-gen9|1000\n|gen|9\n|tier|[Gen 9 Champions] VGC 2026 Reg M-A\n|rated|\n|rule|Species Clause: Limit one of each Pok\u00e9mon\n|rule|Item Clause: Limit 1 of each item\n|clearpoke\n|poke|p1|Pelipper, L50, M|\n|poke|p1|Archaludon, L50, M|\n|poke|p1|Basculegion, L50, M|\n|poke|p1|Gardevoir, L50, F, shiny|\n|poke|p1|Sneasler, L50, F, shiny|\n|poke|p1|Garchomp, L50, F|\n|poke|p2|Glalie, L50, F|\n|poke|p2|Talonflame, L50, F|\n|poke|p2|Gengar, L50, F|\n|poke|p2|Incineroar, L50, F|\n|poke|p2|Garchomp, L50, F|\n|poke|p2|Sinistcha-Masterpiece, L50|\n|teampreview|4\n|inactive|Battle timer is ON: inactive players will automatically lose when time's up. (requested by Adapting Smash)\n|\n|t:|1776617505\n|teamsize|p1|4\n|teamsize|p2|4\n|start\n|switch|p1a: Pelipper|Pelipper, L50, M|100/100\n|switch|p1b: Basculegion|Basculegion, L50, M|100/100\n|switch|p2a: MACRON|Glalie, L50, F|100/100\n|switch|p2b: Talonflame|Talonflame, L50, F|100/100\n|-weather|RainDance|[from] ability: Drizzle|[of] p1a: Pelipper\n|turn|1\n|\n|t:|1776617527\n|detailschange|p2a: MACRON|Glalie-Mega, L50, F\n|-mega|p2a: MACRON|Glalie|Glalitite\n|move|p2b: Talonflame|Tailwind|p2b: Talonflame\n|-sidestart|p2: Adapting Smash|move: Tailwind\n|move|p2a: MACRON|Explosion|p1b: Basculegion|[spread] p2b,p1a,p1b\n|-resisted|p1b: Basculegion|1\n|-enditem|p2b: Talonflame|Focus Sash\n|-damage|p2b: Talonflame|1/100\n|-enditem|p1a: Pelipper|Focus Sash\n|-damage|p1a: Pelipper|1/100\n|-damage|p1b: Basculegion|34/100\n|faint|p2a: MACRON\n|move|p1b: Basculegion|Wave Crash|p2b: Talonflame\n|-supereffective|p2b: Talonflame|1\n|-damage|p2b: Talonflame|0 fnt\n|faint|p2b: Talonflame\n|-damage|p1b: Basculegion|34/100|[from] Recoil\n|move|p1a: Pelipper|Tailwind|p1a: Pelipper\n|-sidestart|p1: ufagac|move: Tailwind\n|\n|-weather|RainDance|[upkeep]\n|upkeep\n|\n|t:|1776617540\n|switch|p2b: Incineroar|Incineroar, L50, F|100/100\n|switch|p2a: Gengar|Gengar, L50, F|100/100\n|-ability|p2b: Incineroar|Intimidate|boost\n|-unboost|p1a: Pelipper|atk|1\n|-unboost|p1b: Basculegion|atk|1\n|turn|2\n|\n|t:|1776617561\n|move|p1b: Basculegion|Last Respects|p2a: Gengar\n|-supereffective|p2a: Gengar|1\n|-damage|p2a: Gengar|45/100\n|move|p2a: Gengar|Sludge Wave|p1a: Pelipper|[spread] p2b,p1a,p1b\n|-resisted|p1b: Basculegion|1\n|-damage|p2b: Incineroar|79/100\n|-damage|p1a: Pelipper|0 fnt\n|-damage|p1b: Basculegion|18/100\n|faint|p1a: Pelipper\n|move|p2b: Incineroar|Snarl|p1b: Basculegion\n|-supereffective|p1b: Basculegion|1\n|-crit|p1b: Basculegion\n|-damage|p1b: Basculegion|0 fnt\n|faint|p1b: Basculegion\n|\n|-weather|RainDance|[upkeep]\n|upkeep\n|\n|t:|1776617575\n|switch|p1a: Gardevoir|Gardevoir, L50, F, shiny|100/100\n|switch|p1b: Sneasler|Sneasler, L50, F, shiny|100/100\n|turn|3\n|\n|t:|1776617588\n|detailschange|p1a: Gardevoir|Gardevoir-Mega, L50, F, shiny\n|-mega|p1a: Gardevoir|Gardevoir|Gardevoirite\n|move|p1a: Gardevoir|Protect|p1a: Gardevoir\n|-singleturn|p1a: Gardevoir|Protect\n|move|p2b: Incineroar|Protect|p2b: Incineroar\n|-singleturn|p2b: Incineroar|Protect\n|move|p2a: Gengar|Perish Song|p2a: Gengar\n|-start|p1a: Gardevoir|perish3|[silent]\n|-start|p1b: Sneasler|perish3|[silent]\n|-start|p2a: Gengar|perish3|[silent]\n|-start|p2b: Incineroar|perish3|[silent]\n|-fieldactivate|move: Perish Song\n|move|p1b: Sneasler|Close Combat|p2b: Incineroar\n|-activate|p2b: Incineroar|move: Protect\n|\n|-weather|RainDance|[upkeep]\n|-start|p2a: Gengar|perish3\n|-start|p1b: Sneasler|perish3\n|-start|p1a: Gardevoir|perish3\n|-start|p2b: Incineroar|perish3\n|upkeep\n|turn|4\n|inactive|Adapting Smash has 30 seconds left.\n|inactive|Adapting Smash has 20 seconds left.\n|inactive|Adapting Smash has 15 seconds left.\n|inactive|Adapting Smash has 10 seconds left.\n|\n|t:|1776617634\n|move|p2a: Gengar|Sludge Wave|p1b: Sneasler|[spread] p2b,p1a,p1b\n|-supereffective|p1a: Gardevoir|1\n|-resisted|p1b: Sneasler|1\n|-damage|p2b: Incineroar|58/100\n|-damage|p1a: Gardevoir|49/100\n|-damage|p1b: Sneasler|84/100\n|-status|p2b: Incineroar|psn\n|move|p1b: Sneasler|Dire Claw|p2a: Gengar\n|-resisted|p2a: Gengar|2\n|-damage|p2a: Gengar|30/100\n|move|p1a: Gardevoir|Dazzling Gleam|p2b: Incineroar|[spread] p2a,p2b\n|-resisted|p2a: Gengar|1\n|-damage|p2a: Gengar|7/100\n|-damage|p2b: Incineroar|33/100 psn\n|-enditem|p2b: Incineroar|Sitrus Berry|[eat]\n|-heal|p2b: Incineroar|58/100 psn|[from] item: Sitrus Berry\n|move|p2b: Incineroar|Will-O-Wisp|p1b: Sneasler\n|-status|p1b: Sneasler|brn\n|\n|-weather|RainDance|[upkeep]\n|-damage|p2b: Incineroar|46/100 psn|[from] psn\n|-damage|p1b: Sneasler|78/100 brn|[from] brn\n|-start|p2a: Gengar|perish2\n|-start|p1b: Sneasler|perish2\n|-start|p1a: Gardevoir|perish2\n|-start|p2b: Incineroar|perish2\n|-sideend|p1: ufagac|move: Tailwind\n|-sideend|p2: Adapting Smash|move: Tailwind\n|upkeep\n|turn|5\n|inactive|ufagac has 30 seconds left.\n|\n|t:|1776617660\n|move|p2a: Gengar|Protect|p2a: Gengar\n|-singleturn|p2a: Gengar|Protect\n|move|p2b: Incineroar|Protect|p2b: Incineroar\n|-singleturn|p2b: Incineroar|Protect\n|move|p1b: Sneasler|Dire Claw|p2a: Gengar\n|-activate|p2a: Gengar|move: Protect\n|move|p1a: Gardevoir|Dazzling Gleam|p2b: Incineroar|[spread] \n|-activate|p2a: Gengar|move: Protect\n|-activate|p2b: Incineroar|move: Protect\n|\n|-weather|none\n|-damage|p2b: Incineroar|33/100 psn|[from] psn\n|-damage|p1b: Sneasler|72/100 brn|[from] brn\n|-start|p2a: Gengar|perish1\n|-start|p1b: Sneasler|perish1\n|-start|p1a: Gardevoir|perish1\n|-start|p2b: Incineroar|perish1\n|upkeep\n|turn|6\n|\n|t:|1776617676\n|move|p2a: Gengar|Protect|p2a: Gengar\n|-singleturn|p2a: Gengar|Protect\n|move|p2b: Incineroar|Protect|p2b: Incineroar\n|-singleturn|p2b: Incineroar|Protect\n|move|p1b: Sneasler|Dire Claw|p2b: Incineroar\n|-activate|p2b: Incineroar|move: Protect\n|move|p1a: Gardevoir|Dazzling Gleam|p2a: Gengar|[spread] \n|-activate|p2a: Gengar|move: Protect\n|-activate|p2b: Incineroar|move: Protect\n|\n|-damage|p2b: Incineroar|21/100 psn|[from] psn\n|-damage|p1b: Sneasler|67/100 brn|[from] brn\n|-start|p2a: Gengar|perish0\n|-start|p1b: Sneasler|perish0\n|-start|p1a: Gardevoir|perish0\n|-start|p2b: Incineroar|perish0\n|faint|p2a: Gengar\n|faint|p1b: Sneasler\n|faint|p1a: Gardevoir\n|faint|p2b: Incineroar\n|\n|win|Adapting Smash\n|raw|ufagac's rating: 1089 &rarr; <strong>1060</strong><br />(-29 for losing)\n|raw|Adapting Smash's rating: 1000 &rarr; <strong>1050</strong><br />(+50 for winning)\n|l|\u2606ufagac\n|player|p1|\n",
  "uploadtime": 1776617700,
  "views": 9,
  "formatid": "gen9championsvgc2026regma",
  "rating": 1050,
  "private": 0,
  "password": null
}