{
  "id": "gen9championsvgc2026regma-2589516443",
  "format": "[Gen 9 Champions] VGC 2026 Reg M-A",
  "players": [
    "nuklad",
    "ImHastur"
  ],
  "log": "|j|\u2606nuklad\n|j|\u2606ImHastur\n|t:|1776730097\n|gametype|doubles\n|player|p1|nuklad|medium|1060\n|player|p2|ImHastur|shauntal|1087\n|gen|9\n|tier|[Gen 9 Champions] VGC 2026 Reg M-A\n|rated|\n|rule|Species Clause: Limit one of each Pok\u00e9mon\n|rule|Item Clause: Limit 1 of each item\n|clearpoke\n|poke|p1|Archaludon, L50, M|\n|poke|p1|Pelipper, L50, M|\n|poke|p1|Sneasler, L50, F|\n|poke|p1|Incineroar, L50, F|\n|poke|p1|Basculegion, L50, M|\n|poke|p1|Gengar, L50, M|\n|poke|p2|Chandelure, L50, F|\n|poke|p2|Kingambit, L50, M|\n|poke|p2|Ninetales-Alola, L50, F|\n|poke|p2|Aerodactyl, L50, M|\n|poke|p2|Sinistcha, L50|\n|poke|p2|Incineroar, L50, M|\n|teampreview|4\nnuklad rejected open team sheets.\n|inactive|Battle timer is ON: inactive players will automatically lose when time's up. (requested by ImHastur)\n|inactive|nuklad also wants the timer to be on.\n|inactive|ImHastur has 60 seconds left.\n|\n|t:|1776730154\n|teamsize|p1|4\n|teamsize|p2|4\n|start\n|switch|p1a: Pelipper|Pelipper, L50, M|100/100\n|switch|p1b: Archaludon|Archaludon, L50, M|100/100\n|switch|p2a: Queenie|Chandelure, L50, F|100/100\n|switch|p2b: Iroh|Sinistcha, L50|100/100\n|-weather|RainDance|[from] ability: Drizzle|[of] p1a: Pelipper\n|turn|1\n|\n|t:|1776730172\n|move|p2a: Queenie|Protect|p2a: Queenie\n|-singleturn|p2a: Queenie|Protect\n|move|p2b: Iroh|Protect|p2b: Iroh\n|-singleturn|p2b: Iroh|Protect\n|move|p1a: Pelipper|Weather Ball|p2a: Queenie\n|-activate|p2a: Queenie|move: Protect\n|move|p1b: Archaludon|Electro Shot||[still]\n|-prepare|p1b: Archaludon|Electro Shot\n|-boost|p1b: Archaludon|spa|1\n|-anim|p1b: Archaludon|Electro Shot|p2a: Queenie\n|-activate|p2a: Queenie|move: Protect\n|\n|-weather|RainDance|[upkeep]\n|upkeep\n|turn|2\n|\n|t:|1776730191\n|switch|p2b: Lillian|Ninetales-Alola, L50, F|100/100\n|-weather|Snowscape|[from] ability: Snow Warning|[of] p2b: Lillian\n|detailschange|p2a: Queenie|Chandelure-Mega, L50, F\n|-mega|p2a: Queenie|Chandelure|Chandelurite\n|move|p2a: Queenie|Calm Mind|p2a: Queenie\n|-boost|p2a: Queenie|spa|1\n|-boost|p2a: Queenie|spd|1\n|move|p1a: Pelipper|Weather Ball|p2a: Queenie\n|-resisted|p2a: Queenie|1\n|-damage|p2a: Queenie|91/100\n|move|p1b: Archaludon|Flash Cannon|p2a: Queenie\n|-resisted|p2a: Queenie|1\n|-damage|p2a: Queenie|63/100\n|\n|-weather|Snowscape|[upkeep]\n|upkeep\n|turn|3\n|\n|t:|1776730208\n|move|p1b: Archaludon|Protect|p1b: Archaludon\n|-singleturn|p1b: Archaludon|Protect\n|move|p2b: Lillian|Blizzard|p1a: Pelipper|[spread] p1a\n|-activate|p1b: Archaludon|move: Protect\n|-damage|p1a: Pelipper|47/100\n|-status|p1a: Pelipper|frz\n|move|p2a: Queenie|Heat Wave|p1a: Pelipper|[spread] p1a\n|-activate|p1b: Archaludon|move: Protect\n|-resisted|p1a: Pelipper|1\n|-damage|p1a: Pelipper|0 fnt\n|faint|p1a: Pelipper\n|\n|-weather|Snowscape|[upkeep]\n|upkeep\n|\n|t:|1776730220\n|switch|p1a: Basculegion|Basculegion, L50, M|100/100\n|turn|4\n|\n|t:|1776730230\n|switch|p2b: Iroh|Sinistcha, L50|100/100\n|-heal|p2a: Queenie|87/100|[from] ability: Hospitality|[of] p2b: Iroh\n|move|p2a: Queenie|Protect|p2a: Queenie\n|-singleturn|p2a: Queenie|Protect\n|move|p1a: Basculegion|Aqua Jet|p2a: Queenie\n|-activate|p2a: Queenie|move: Protect\n|move|p1b: Archaludon|Flash Cannon|p2b: Iroh\n|-damage|p2b: Iroh|31/100\n|\n|-weather|Snowscape|[upkeep]\n|upkeep\n|turn|5\n|\n|t:|1776730246\n|switch|p1a: Sneasler|Sneasler, L50, F|100/100\n|move|p2b: Iroh|Rage Powder|p2b: Iroh\n|-singleturn|p2b: Iroh|move: Rage Powder\n|move|p2a: Queenie|Shadow Ball|p1a: Sneasler\n|-damage|p1a: Sneasler|0 fnt\n|faint|p1a: Sneasler\n|move|p1b: Archaludon|Flash Cannon|p2b: Iroh\n|-damage|p2b: Iroh|0 fnt\n|faint|p2b: Iroh\n|\n|-weather|Snowscape|[upkeep]\n|upkeep\n|\n|t:|1776730259\n|switch|p1a: Basculegion|Basculegion, L50, M|100/100\n|switch|p2b: Lillian|Ninetales-Alola, L50, F|100/100\n|turn|6\n|\n|t:|1776730277\n|move|p2a: Queenie|Protect|p2a: Queenie\n|-singleturn|p2a: Queenie|Protect\n|move|p1a: Basculegion|Aqua Jet|p2a: Queenie\n|-activate|p2a: Queenie|move: Protect\n|move|p2b: Lillian|Aurora Veil|p2b: Lillian\n|-sidestart|p2: ImHastur|move: Aurora Veil\n|move|p1b: Archaludon|Flash Cannon|p2b: Lillian\n|-supereffective|p2b: Lillian|2\n|-enditem|p2b: Lillian|Focus Sash\n|-damage|p2b: Lillian|1/100\n|\n|-weather|none\n|upkeep\n|turn|7\n|\n|t:|1776730295\n|switch|p2b: Macho Man|Incineroar, L50, M|100/100\n|-ability|p2b: Macho Man|Intimidate|boost\n|-unboost|p1a: Basculegion|atk|1\n|-unboost|p1b: Archaludon|atk|1\n|move|p1a: Basculegion|Aqua Jet|p2a: Queenie\n|-supereffective|p2a: Queenie|1\n|-damage|p2a: Queenie|61/100\n|move|p2a: Queenie|Shadow Ball|p1a: Basculegion\n|-supereffective|p1a: Basculegion|1\n|-damage|p1a: Basculegion|0 fnt\n|faint|p1a: Basculegion\n|move|p1b: Archaludon|Draco Meteor|p2a: Queenie|[miss]\n|-miss|p1b: Archaludon|p2a: Queenie\n|\n|upkeep\n|turn|8\n|-message|nuklad forfeited.\n|\n|win|ImHastur\n|raw|nuklad's rating: 1060 &rarr; <strong>1042</strong><br />(-18 for losing)\n|raw|ImHastur's rating: 1087 &rarr; <strong>1112</strong><br />(+25 for winning)\n|l|\u2606nuklad\n|player|p1|\n",
  "uploadtime": 1776730312,
  "views": 11,
  "formatid": "gen9championsvgc2026regma",
  "rating": 1042,
  "private": 0,
  "password": null
}