{
  "id": "gen9championsvgc2026regma-2583617961",
  "format": "[Gen 9 Champions] VGC 2026 Reg M-A",
  "players": [
    "little_pichu1",
    "SchrodingersShinx"
  ],
  "log": "|j|\u2606little_pichu1\n|j|\u2606SchrodingersShinx\n|t:|1776186849\n|gametype|doubles\n|player|p1|little_pichu1|miku-fairy|1082\n|player|p2|SchrodingersShinx|1|1025\n|gen|9\n|tier|[Gen 9 Champions] VGC 2026 Reg M-A\n|rated|\n|rule|Species Clause: Limit one of each Pok\u00e9mon\n|rule|Item Clause: Limit 1 of each item\n|clearpoke\n|poke|p1|Talonflame, L50, F|\n|poke|p1|Sneasler, L50, F|\n|poke|p1|Farigiraf, L50, F|\n|poke|p1|Kingambit, L50, F|\n|poke|p1|Dragonite, L50, M|\n|poke|p1|Sylveon, L50, M|\n|poke|p2|Starmie, L50|\n|poke|p2|Rhyperior, L50, F|\n|poke|p2|Goodra-Hisui, L50, M|\n|poke|p2|Dragonite, L50, F|\n|poke|p2|Sharpedo, L50, M|\n|poke|p2|Sneasler, L50, F|\n|teampreview|4\n|inactive|Battle timer is ON: inactive players will automatically lose when time's up. (requested by little_pichu1)\n|j| cyusontheinternet\n|l| cyusontheinternet\n|inactive|little_pichu1 has 60 seconds left.\n|\n|t:|1776186888\n|teamsize|p1|4\n|teamsize|p2|4\n|start\n|switch|p1a: Sneasler|Sneasler, L50, F|100/100\n|switch|p1b: Talonflame|Talonflame, L50, F|100/100\n|switch|p2a: Starmie|Starmie, L50|100/100\n|switch|p2b: Dragonite|Dragonite, L50, F|100/100\n|turn|1\n|\n|t:|1776186908\n|detailschange|p2a: Starmie|Starmie-Mega, L50\n|-mega|p2a: Starmie|Starmie|Starminite\n|move|p1a: Sneasler|Fake Out|p2a: Starmie\n|-damage|p2a: Starmie|82/100\n|move|p1b: Talonflame|Tailwind|p1b: Talonflame\n|-sidestart|p1: little_pichu1|move: Tailwind\n|cant|p2a: Starmie|flinch\n|move|p2b: Dragonite|Tailwind|p2b: Dragonite\n|-sidestart|p2: SchrodingersShinx|move: Tailwind\n|\n|upkeep\n|turn|2\n|inactive|SchrodingersShinx has 30 seconds left.\n|inactive|SchrodingersShinx has 20 seconds left.\n|\n|t:|1776186945\n|move|p1b: Talonflame|Brave Bird|p2a: Starmie\n|-damage|p2a: Starmie|22/100\n|-damage|p1b: Talonflame|83/100|[from] Recoil\n|move|p1a: Sneasler|Dire Claw|p2a: Starmie\n|-damage|p2a: Starmie|0 fnt\n|faint|p2a: Starmie\n|move|p2b: Dragonite|Dragon Claw|p1b: Talonflame\n|-damage|p1b: Talonflame|21/100\n|\n|upkeep\n|\n|t:|1776186962\n|switch|p2a: Rhyperior|Rhyperior, L50, F|100/100\n|turn|3\n|\n|t:|1776186986\n|move|p1b: Talonflame|Brave Bird|p2b: Dragonite\n|-damage|p2b: Dragonite|73/100\n|-damage|p1b: Talonflame|11/100|[from] Recoil\n|move|p1a: Sneasler|Close Combat|p2a: Rhyperior\n|-supereffective|p2a: Rhyperior|1\n|-damage|p2a: Rhyperior|19/100\n|-unboost|p1a: Sneasler|def|1\n|-unboost|p1a: Sneasler|spd|1\n|-enditem|p1a: Sneasler|White Herb\n|-clearnegativeboost|p1a: Sneasler|[silent]\n|move|p2b: Dragonite|Dragon Claw|p1b: Talonflame\n|-damage|p1b: Talonflame|0 fnt\n|faint|p1b: Talonflame\n|move|p2a: Rhyperior|High Horsepower|p1a: Sneasler\n|-supereffective|p1a: Sneasler|1\n|-damage|p1a: Sneasler|0 fnt\n|faint|p1a: Sneasler\n|\n|upkeep\n|\n|t:|1776186998\n|switch|p1b: Sylveon|Sylveon, L50, M|100/100\n|switch|p1a: Dragonite|Dragonite, L50, M|100/100\n|turn|4\n|inactive|SchrodingersShinx has 30 seconds left.\n|\n|t:|1776187028\n|move|p1a: Dragonite|Protect|p1a: Dragonite\n|-singleturn|p1a: Dragonite|Protect\n|move|p2b: Dragonite|Roost|p2b: Dragonite\n|-heal|p2b: Dragonite|100/100\n|-singleturn|p2b: Dragonite|move: Roost\n|move|p1b: Sylveon|Hyper Voice|p2a: Rhyperior|[spread] p2a,p2b\n|-supereffective|p2b: Dragonite|1\n|-damage|p2a: Rhyperior|0 fnt\n|-damage|p2b: Dragonite|61/100\n|faint|p2a: Rhyperior\n|\n|-sideend|p1: little_pichu1|move: Tailwind\n|-sideend|p2: SchrodingersShinx|move: Tailwind\n|upkeep\n|\n|t:|1776187041\n|switch|p2a: Sneasler|Sneasler, L50, F|100/100\n|turn|5\n|inactive|SchrodingersShinx has 30 seconds left.\n|\n|t:|1776187068\n|detailschange|p1a: Dragonite|Dragonite-Mega, L50, M\n|-mega|p1a: Dragonite|Dragonite|Dragoninite\n|move|p2a: Sneasler|Fake Out|p1b: Sylveon\n|-damage|p1b: Sylveon|81/100\n|move|p1a: Dragonite|Air Slash|p2a: Sneasler\n|-supereffective|p2a: Sneasler|1\n|-enditem|p2a: Sneasler|Focus Sash\n|-damage|p2a: Sneasler|1/100\n|move|p2b: Dragonite|Dragon Claw|p1a: Dragonite\n|-supereffective|p1a: Dragonite|1\n|-damage|p1a: Dragonite|61/100\n|cant|p1b: Sylveon|flinch\n|\n|upkeep\n|turn|6\n|inactive|SchrodingersShinx has 30 seconds left.\n|inactive|SchrodingersShinx has 20 seconds left.\n|\n|t:|1776187107\n|move|p1b: Sylveon|Protect|p1b: Sylveon\n|-singleturn|p1b: Sylveon|Protect\n|move|p2a: Sneasler|Dire Claw|p1b: Sylveon\n|-activate|p1b: Sylveon|move: Protect\n|move|p1a: Dragonite|Air Slash|p2a: Sneasler\n|-supereffective|p2a: Sneasler|1\n|-damage|p2a: Sneasler|0 fnt\n|faint|p2a: Sneasler\n|move|p2b: Dragonite|Dragon Claw|p1a: Dragonite\n|-supereffective|p1a: Dragonite|1\n|-damage|p1a: Dragonite|0 fnt\n|faint|p1a: Dragonite\n|\n|upkeep\n|turn|7\n|\n|t:|1776187127\n|move|p2b: Dragonite|Roost|p2b: Dragonite\n|-heal|p2b: Dragonite|100/100\n|-singleturn|p2b: Dragonite|move: Roost\n|move|p1b: Sylveon|Hyper Voice|p2b: Dragonite\n|-supereffective|p2b: Dragonite|1\n|-damage|p2b: Dragonite|47/100\n|\n|upkeep\n|turn|8\n|\n|t:|1776187136\n|move|p2b: Dragonite|Protect|p2b: Dragonite\n|-singleturn|p2b: Dragonite|Protect\n|move|p1b: Sylveon|Hyper Voice|p2b: Dragonite\n|-activate|p2b: Dragonite|move: Protect\n|\n|upkeep\n|turn|9\n|\n|t:|1776187143\n|move|p2b: Dragonite|Roost|p2b: Dragonite\n|-heal|p2b: Dragonite|97/100\n|-singleturn|p2b: Dragonite|move: Roost\n|move|p1b: Sylveon|Hyper Voice|p2b: Dragonite\n|-supereffective|p2b: Dragonite|1\n|-damage|p2b: Dragonite|0 fnt\n|faint|p2b: Dragonite\n|\n|win|little_pichu1\n|raw|little_pichu1's rating: 1116 &rarr; <strong>1135</strong><br />(+19 for winning)\n|raw|SchrodingersShinx's rating: 1025 &rarr; <strong>1015</strong><br />(-10 for losing)\n|l|\u2606SchrodingersShinx\n|player|p2|\n",
  "uploadtime": 1776187180,
  "views": 14,
  "formatid": "gen9championsvgc2026regma",
  "rating": 1015,
  "private": 0,
  "password": null
}