{
  "id": "gen9championsvgc2026regma-2580733868",
  "format": "[Gen 9 Champions] VGC 2026 Reg M-A",
  "players": [
    "perrouau",
    "supermonst"
  ],
  "log": "|j|\u2606perrouau\n|j|\u2606supermonst\n|t:|1775928086\n|gametype|doubles\n|player|p1|perrouau|flint|1133\n|player|p2|supermonst|benga|1145\n|gen|9\n|tier|[Gen 9 Champions] VGC 2026 Reg M-A\n|rated|\n|rule|Species Clause: Limit one of each Pok\u00e9mon\n|rule|Item Clause: Limit 1 of each item\n|clearpoke\n|poke|p1|Gardevoir, L50, F|\n|poke|p1|Tyranitar, L50, F|\n|poke|p1|Corviknight, L50, M|\n|poke|p1|Incineroar, L50, M|\n|poke|p1|Rotom-Wash, L50|\n|poke|p1|Garchomp, L50, F|\n|poke|p2|Glimmora, L50, M|\n|poke|p2|Skarmory, L50, M|\n|poke|p2|Sinistcha, L50|\n|poke|p2|Incineroar, L50, M|\n|poke|p2|Primarina, L50, M|\n|poke|p2|Farigiraf, L50, M|\n|teampreview|4\n|inactive|Battle timer is ON: inactive players will automatically lose when time's up. (requested by supermonst)\n|inactive|perrouau has 60 seconds left.\n|\n|t:|1775928123\n|teamsize|p1|4\n|teamsize|p2|4\n|start\n|switch|p1a: Incineroar|Incineroar, L50, M|100/100\n|switch|p1b: Garchomp|Garchomp, L50, F|100/100\n|switch|p2a: Primarina|Primarina, L50, M|100/100\n|switch|p2b: Farigiraf|Farigiraf, L50, M|100/100\n|-ability|p1a: Incineroar|Intimidate|boost\n|-unboost|p2a: Primarina|atk|1\n|-unboost|p2b: Farigiraf|atk|1\n|turn|1\n|\n|t:|1775928138\n|switch|p2b: Incineroar|Incineroar, L50, M|100/100\n|-ability|p2b: Incineroar|Intimidate|boost\n|-unboost|p1a: Incineroar|atk|1\n|-unboost|p1b: Garchomp|atk|1\n|move|p1a: Incineroar|Fake Out|p2a: Primarina\n|-damage|p2a: Primarina|91/100\n|move|p1b: Garchomp|Swords Dance|p1b: Garchomp\n|-boost|p1b: Garchomp|atk|2\n|cant|p2a: Primarina|flinch\n|\n|-heal|p2a: Primarina|97/100|[from] item: Leftovers\n|upkeep\n|turn|2\n|\n|t:|1775928150\n|switch|p1a: Rotom|Rotom-Wash, L50|100/100\n|move|p1b: Garchomp|Protect|p1b: Garchomp\n|-singleturn|p1b: Garchomp|Protect\n|move|p2b: Incineroar|Fake Out|p1b: Garchomp\n|-activate|p1b: Garchomp|move: Protect\n|move|p2a: Primarina|Calm Mind|p2a: Primarina\n|-boost|p2a: Primarina|spa|1\n|-boost|p2a: Primarina|spd|1\n|\n|-heal|p2a: Primarina|100/100|[from] item: Leftovers\n|upkeep\n|turn|3\n|\n|t:|1775928168\n|switch|p2b: Sinistcha|Sinistcha, L50|100/100\n|move|p2a: Primarina|Protect|p2a: Primarina\n|-singleturn|p2a: Primarina|Protect\n|move|p1b: Garchomp|Earthquake|p2b: Sinistcha|[spread] p2b\n|-activate|p2a: Primarina|move: Protect\n|-immune|p1a: Rotom|[from] ability: Levitate\n|-resisted|p2b: Sinistcha|1\n|-damage|p2b: Sinistcha|82/100\n|move|p1a: Rotom|Electroweb|p2a: Primarina|[spread] p2b\n|-activate|p2a: Primarina|move: Protect\n|-resisted|p2b: Sinistcha|1\n|-damage|p2b: Sinistcha|73/100\n|-unboost|p2b: Sinistcha|spe|1\n|\n|upkeep\n|turn|4\n|\n|t:|1775928184\n|move|p2b: Sinistcha|Rage Powder|p2b: Sinistcha\n|-singleturn|p2b: Sinistcha|move: Rage Powder\n|move|p1b: Garchomp|Dragon Claw|p2b: Sinistcha|[miss]\n|-miss|p1b: Garchomp|p2b: Sinistcha\n|move|p1a: Rotom|Electroweb|p2a: Primarina|[spread] p2a,p2b\n|-supereffective|p2a: Primarina|1\n|-resisted|p2b: Sinistcha|1\n|-damage|p2a: Primarina|83/100\n|-damage|p2b: Sinistcha|65/100\n|-unboost|p2a: Primarina|spe|1\n|-unboost|p2b: Sinistcha|spe|1\n|move|p2a: Primarina|Calm Mind|p2a: Primarina\n|-boost|p2a: Primarina|spa|1\n|-boost|p2a: Primarina|spd|1\n|\n|-heal|p2a: Primarina|89/100|[from] item: Leftovers\n|upkeep\n|turn|5\n|\n|t:|1775928203\n|move|p1b: Garchomp|Earthquake|p2b: Sinistcha|[spread] p2a\n|-immune|p1a: Rotom|[from] ability: Levitate\n|-miss|p1b: Garchomp|p2b: Sinistcha\n|-damage|p2a: Primarina|9/100\n|move|p1a: Rotom|Electroweb|p2a: Primarina|[spread] p2a\n|-miss|p1a: Rotom|p2b: Sinistcha\n|-supereffective|p2a: Primarina|1\n|-damage|p2a: Primarina|0 fnt\n|faint|p2a: Primarina\n|move|p2b: Sinistcha|Strength Sap|p1b: Garchomp\n|-unboost|p1b: Garchomp|atk|1\n|-heal|p2b: Sinistcha|100/100\n|\n|upkeep\n|\n|t:|1775928213\n|switch|p2a: Farigiraf|Farigiraf, L50, M|100/100\n|turn|6\n|\n|t:|1775928231\n|move|p1b: Garchomp|Swords Dance|p1b: Garchomp\n|-boost|p1b: Garchomp|atk|2\n|move|p1a: Rotom|Volt Switch|p2a: Farigiraf\n|-damage|p2a: Farigiraf|74/100\n|\n|t:|1775928236\n|switch|p1a: Incineroar|Incineroar, L50, M|100/100|[from] Volt Switch\n|-ability|p1a: Incineroar|Intimidate|boost\n|-unboost|p2a: Farigiraf|atk|1\n|-unboost|p2b: Sinistcha|atk|1\n|move|p2b: Sinistcha|Matcha Gotcha|p1a: Incineroar|[spread] p1a,p1b\n|-resisted|p1a: Incineroar|1\n|-damage|p1a: Incineroar|93/100\n|-damage|p1b: Garchomp|74/100\n|move|p2a: Farigiraf|Trick Room|p2a: Farigiraf\n|-fieldstart|move: Trick Room|[of] p2a: Farigiraf\n|\n|upkeep\n|turn|7\n|\n|t:|1775928257\n|move|p1b: Garchomp|Protect|p1b: Garchomp\n|-singleturn|p1b: Garchomp|Protect\n|move|p2b: Sinistcha|Strength Sap|p1b: Garchomp\n|-activate|p1b: Garchomp|move: Protect\n|move|p2a: Farigiraf|Hyper Voice|p1a: Incineroar|[spread] p1a\n|-activate|p1b: Garchomp|move: Protect\n|-damage|p1a: Incineroar|67/100\n|move|p1a: Incineroar|Flare Blitz|p2b: Sinistcha\n|-supereffective|p2b: Sinistcha|1\n|-damage|p2b: Sinistcha|35/100\n|-damage|p1a: Incineroar|48/100|[from] Recoil\n|\n|upkeep\n|turn|8\n|\n|t:|1775928276\n|switch|p2b: Incineroar|Incineroar, L50, M|100/100\n|-ability|p2b: Incineroar|Intimidate|boost\n|-unboost|p1a: Incineroar|atk|1\n|-unboost|p1b: Garchomp|atk|1\n|move|p2a: Farigiraf|Hyper Voice|p1a: Incineroar|[spread] p1a,p1b\n|-damage|p1a: Incineroar|24/100\n|-damage|p1b: Garchomp|36/100\n|move|p1a: Incineroar|Flare Blitz|p2b: Incineroar\n|-resisted|p2b: Incineroar|1\n|-damage|p2b: Incineroar|86/100\n|-damage|p1a: Incineroar|19/100|[from] Recoil\n|move|p1b: Garchomp|Dragon Claw|p2b: Incineroar\n|-damage|p2b: Incineroar|35/100\n|-enditem|p2b: Incineroar|Sitrus Berry|[eat]\n|-heal|p2b: Incineroar|59/100|[from] item: Sitrus Berry\n|\n|upkeep\n|turn|9\n|\n|t:|1775928295\n|switch|p1a: Tyranitar|Tyranitar, L50, F|100/100\n|-weather|Sandstorm|[from] ability: Sand Stream|[of] p1a: Tyranitar\n|move|p1b: Garchomp|Protect|p1b: Garchomp\n|-singleturn|p1b: Garchomp|Protect\n|move|p2a: Farigiraf|Hyper Voice|p1b: Garchomp|[spread] p1a\n|-activate|p1b: Garchomp|move: Protect\n|-resisted|p1a: Tyranitar|1\n|-damage|p1a: Tyranitar|91/100\n|move|p2b: Incineroar|Flare Blitz|p1b: Garchomp\n|-activate|p1b: Garchomp|move: Protect\n|\n|-weather|Sandstorm|[upkeep]\n|-damage|p2a: Farigiraf|68/100|[from] Sandstorm\n|-damage|p2b: Incineroar|53/100|[from] Sandstorm\n|upkeep\n|turn|10\n|inactive|perrouau has 30 seconds left.\n|\n|t:|1775928325\n|switch|p1b: Incineroar|Incineroar, L50, M|19/100\n|-ability|p1b: Incineroar|Intimidate|boost\n|-unboost|p2a: Farigiraf|atk|1\n|-unboost|p2b: Incineroar|atk|1\n|move|p1a: Tyranitar|Protect|p1a: Tyranitar\n|-singleturn|p1a: Tyranitar|Protect\n|move|p2b: Incineroar|Parting Shot|p1a: Tyranitar\n|-activate|p1a: Tyranitar|move: Protect\n|move|p2a: Farigiraf|Hyper Voice|p1a: Tyranitar|[spread] p1b\n|-activate|p1a: Tyranitar|move: Protect\n|-damage|p1b: Incineroar|0 fnt\n|faint|p1b: Incineroar\n|\n|-weather|Sandstorm|[upkeep]\n|-damage|p2b: Incineroar|48/100|[from] Sandstorm\n|-damage|p2a: Farigiraf|62/100|[from] Sandstorm\n|-fieldend|move: Trick Room\n|upkeep\n|\n|t:|1775928340\n|switch|p1b: Rotom|Rotom-Wash, L50|100/100\n|turn|11\n|\n|t:|1775928349\n|detailschange|p1a: Tyranitar|Tyranitar-Mega, L50, F\n|-mega|p1a: Tyranitar|Tyranitar|Tyranitarite\n|move|p2a: Farigiraf|Protect|p2a: Farigiraf\n|-singleturn|p2a: Farigiraf|Protect\n|move|p1b: Rotom|Hydro Pump|p2b: Incineroar\n|-supereffective|p2b: Incineroar|1\n|-damage|p2b: Incineroar|0 fnt\n|faint|p2b: Incineroar\n|move|p1a: Tyranitar|Knock Off|p2a: Farigiraf\n|-activate|p2a: Farigiraf|move: Protect\n|\n|-weather|Sandstorm|[upkeep]\n|-damage|p1b: Rotom|95/100|[from] Sandstorm\n|-damage|p2a: Farigiraf|56/100|[from] Sandstorm\n|upkeep\n|-message|supermonst forfeited.\n|\n|win|perrouau\n|raw|perrouau's rating: 1133 &rarr; <strong>1159</strong><br />(+26 for winning)\n|raw|supermonst's rating: 1145 &rarr; <strong>1119</strong><br />(-26 for losing)\n|l|\u2606supermonst\n|player|p2|\n",
  "uploadtime": 1775928362,
  "views": 13,
  "formatid": "gen9championsvgc2026regma",
  "rating": 1119,
  "private": 0,
  "password": null
}