{
  "id": "gen9championsvgc2026regma-2584331635",
  "format": "[Gen 9 Champions] VGC 2026 Reg M-A",
  "players": [
    "Beboppps",
    "yadazei"
  ],
  "log": "|j|\u2606Beboppps\n|j|\u2606yadazei\n|t:|1776252077\n|gametype|doubles\n|player|p1|Beboppps|2|1183\n|player|p2|yadazei|twins|1159\n|gen|9\n|tier|[Gen 9 Champions] VGC 2026 Reg M-A\n|rated|\n|rule|Species Clause: Limit one of each Pok\u00e9mon\n|rule|Item Clause: Limit 1 of each item\n|clearpoke\n|poke|p1|Floette-Eternal, L50, F|\n|poke|p1|Garchomp, L50, F|\n|poke|p1|Sinistcha, L50|\n|poke|p1|Incineroar, L50, F|\n|poke|p1|Basculegion, L50, M|\n|poke|p1|Aerodactyl, L50, M|\n|poke|p2|Greninja-*, L50, M|\n|poke|p2|Pelipper, L50, M|\n|poke|p2|Aerodactyl, L50, M|\n|poke|p2|Archaludon, L50, M|\n|poke|p2|Aegislash, L50, F|\n|poke|p2|Sneasler, L50, F|\n|teampreview|4\n|inactive|Battle timer is ON: inactive players will automatically lose when time's up. (requested by yadazei)\n|inactive|Beboppps has 60 seconds left.\n|\n|t:|1776252116\n|teamsize|p1|4\n|teamsize|p2|4\n|start\n|switch|p1a: Basculegion|Basculegion, L50, M|100/100\n|switch|p1b: Garchomp|Garchomp, L50, F|100/100\n|switch|p2a: Sneasler|Sneasler, L50, F|100/100\n|switch|p2b: Greninja|Greninja, L50, M|100/100\n|turn|1\n|\n|t:|1776252133\n|detailschange|p2b: Greninja|Greninja-Mega, L50, M\n|-mega|p2b: Greninja|Greninja|Greninjite\n|move|p1b: Garchomp|Protect|p1b: Garchomp\n|-singleturn|p1b: Garchomp|Protect\n|move|p2a: Sneasler|Fake Out|p1b: Garchomp\n|-activate|p1b: Garchomp|move: Protect\n|move|p1a: Basculegion|Flip Turn|p2a: Sneasler\n|-damage|p2a: Sneasler|45/100\n|\n|t:|1776252141\n|switch|p1a: Aerodactyl|Aerodactyl, L50, M|100/100|[from] Flip Turn\n|-ability|p1a: Aerodactyl|Unnerve\n|move|p2b: Greninja|Dark Pulse|p1a: Aerodactyl\n|-start|p2b: Greninja|typechange|Dark|[from] ability: Protean\n|-damage|p1a: Aerodactyl|35/100\n|\n|upkeep\n|turn|2\n|\n|t:|1776252154\n|move|p2a: Sneasler|Protect|p2a: Sneasler\n|-singleturn|p2a: Sneasler|Protect\n|move|p2b: Greninja|Ice Beam|p1b: Garchomp\n|-supereffective|p1b: Garchomp|2\n|-damage|p1b: Garchomp|0 fnt\n|faint|p1b: Garchomp\n|move|p1a: Aerodactyl|Tailwind|p1a: Aerodactyl\n|-sidestart|p1: Beboppps|move: Tailwind\n|\n|upkeep\n|\n|t:|1776252164\n|switch|p1b: Floette|Floette-Eternal, L50, F|100/100\n|turn|3\n|\n|t:|1776252178\n|switch|p2a: Archaludon|Archaludon, L50, M|100/100\n|detailschange|p1b: Floette|Floette-Mega, L50, F\n|-mega|p1b: Floette|Floette|Floettite\n|-ability|p1b: Floette|Fairy Aura\n|move|p1a: Aerodactyl|Dual Wingbeat|p2a: Archaludon\n|-resisted|p2a: Archaludon|1\n|-damage|p2a: Archaludon|93/100\n|-ability|p2a: Archaludon|Stamina|boost\n|-boost|p2a: Archaludon|def|1\n|-resisted|p2a: Archaludon|1\n|-damage|p2a: Archaludon|89/100\n|-ability|p2a: Archaludon|Stamina|boost\n|-boost|p2a: Archaludon|def|1\n|-hitcount|p2a: Archaludon|2\n|move|p1b: Floette|Calm Mind|p1b: Floette\n|-boost|p1b: Floette|spa|1\n|-boost|p1b: Floette|spd|1\n|move|p2b: Greninja|Hydro Pump|p1b: Floette\n|-damage|p1b: Floette|76/100\n|\n|-heal|p2a: Archaludon|95/100|[from] item: Leftovers\n|upkeep\n|turn|4\n|inactive|Beboppps has 30 seconds left.\n|inactive|yadazei has 30 seconds left.\n|inactive|Beboppps has 20 seconds left.\n|\n|t:|1776252216\n|switch|p1a: Basculegion|Basculegion, L50, M|100/100\n|move|p1b: Floette|Protect|p1b: Floette\n|-singleturn|p1b: Floette|Protect\n|move|p2b: Greninja|Protect|p2b: Greninja\n|-singleturn|p2b: Greninja|Protect\n|move|p2a: Archaludon|Flash Cannon|p1b: Floette\n|-activate|p1b: Floette|move: Protect\n|\n|-heal|p2a: Archaludon|100/100|[from] item: Leftovers\n|upkeep\n|turn|5\n|inactive|Beboppps has 30 seconds left.\n|inactive|Beboppps has 20 seconds left.\n|inactive|Beboppps has 15 seconds left.\n|\n|t:|1776252260\n|move|p1a: Basculegion|Icy Wind|p2a: Archaludon|[spread] p2a\n|-miss|p1a: Basculegion|p2b: Greninja\n|-damage|p2a: Archaludon|92/100\n|-unboost|p2a: Archaludon|spe|1\n|-ability|p2a: Archaludon|Stamina|boost\n|-boost|p2a: Archaludon|def|1\n|move|p1b: Floette|Dazzling Gleam|p2b: Greninja|[spread] p2a,p2b\n|-crit|p2a: Archaludon\n|-supereffective|p2b: Greninja|1\n|-damage|p2a: Archaludon|0 fnt\n|-damage|p2b: Greninja|0 fnt\n|faint|p2a: Archaludon\n|faint|p2b: Greninja\n|\n|-sideend|p1: Beboppps|move: Tailwind\n|upkeep\n|\n|t:|1776252278\n|switch|p2b: Aerodactyl|Aerodactyl, L50, M|100/100\n|switch|p2a: Sneasler|Sneasler, L50, F|45/100\n|-ability|p2b: Aerodactyl|Unnerve\n|turn|6\n|\n|t:|1776252294\n|move|p1b: Floette|Protect|p1b: Floette\n|-singleturn|p1b: Floette|Protect\n|move|p1a: Basculegion|Icy Wind|p2b: Aerodactyl|[spread] p2a,p2b\n|-supereffective|p2b: Aerodactyl|1\n|-damage|p2a: Sneasler|37/100\n|-damage|p2b: Aerodactyl|79/100\n|-unboost|p2a: Sneasler|spe|1\n|-unboost|p2b: Aerodactyl|spe|1\n|-enditem|p2a: Sneasler|White Herb\n|-clearnegativeboost|p2a: Sneasler|[silent]\n|move|p2a: Sneasler|Dire Claw|p1b: Floette\n|-activate|p1b: Floette|move: Protect\n|move|p2b: Aerodactyl|Rock Slide|p1a: Basculegion|[spread] p1a\n|-activate|p1b: Floette|move: Protect\n|-damage|p1a: Basculegion|64/100\n|\n|upkeep\n|turn|7\n|\n|t:|1776252317\n|switch|p1b: Aerodactyl|Aerodactyl, L50, M|35/100\n|-ability|p1b: Aerodactyl|Unnerve\n|move|p2a: Sneasler|Protect|p2a: Sneasler\n|-singleturn|p2a: Sneasler|Protect\n|move|p1a: Basculegion|Icy Wind|p2a: Sneasler|[spread] p2b\n|-activate|p2a: Sneasler|move: Protect\n|-supereffective|p2b: Aerodactyl|1\n|-damage|p2b: Aerodactyl|60/100\n|-unboost|p2b: Aerodactyl|spe|1\n|move|p2b: Aerodactyl|Tailwind|p2b: Aerodactyl\n|-sidestart|p2: yadazei|move: Tailwind\n|\n|upkeep\n|turn|8\n|\n|t:|1776252336\n|move|p2a: Sneasler|Close Combat|p1b: Aerodactyl\n|-damage|p1b: Aerodactyl|0 fnt\n|-unboost|p2a: Sneasler|def|1\n|-unboost|p2a: Sneasler|spd|1\n|faint|p1b: Aerodactyl\n|move|p1a: Basculegion|Icy Wind|p2a: Sneasler|[spread] p2a,p2b\n|-supereffective|p2b: Aerodactyl|1\n|-damage|p2a: Sneasler|24/100\n|-damage|p2b: Aerodactyl|39/100\n|-unboost|p2a: Sneasler|spe|1\n|-unboost|p2b: Aerodactyl|spe|1\n|move|p2b: Aerodactyl|Rock Slide|p1a: Basculegion\n|-crit|p1a: Basculegion\n|-damage|p1a: Basculegion|0 fnt\n|faint|p1a: Basculegion\n|\n|upkeep\n|\n|t:|1776252355\n|switch|p1b: Floette|Floette-Mega, L50, F|76/100\n|-ability|p1b: Floette|Fairy Aura\n|turn|9\n|\n|t:|1776252367\n|move|p1b: Floette|Protect|p1b: Floette\n|-singleturn|p1b: Floette|Protect\n|move|p2a: Sneasler|Dire Claw|p1b: Floette\n|-activate|p1b: Floette|move: Protect\n|move|p2b: Aerodactyl|Rock Slide|p1b: Floette\n|-activate|p1b: Floette|move: Protect\n|\n|upkeep\n|turn|10\n|\n|t:|1776252383\n|move|p2a: Sneasler|Dire Claw|p1b: Floette\n|-supereffective|p1b: Floette|1\n|-damage|p1b: Floette|0 fnt\n|faint|p1b: Floette\n|\n|win|yadazei\n|raw|Beboppps's rating: 1183 &rarr; <strong>1156</strong><br />(-27 for losing)\n|raw|yadazei's rating: 1159 &rarr; <strong>1186</strong><br />(+27 for winning)\n|l|\u2606Beboppps\n|player|p1|\n",
  "uploadtime": 1776252390,
  "views": 28,
  "formatid": "gen9championsvgc2026regma",
  "rating": 1156,
  "private": 0,
  "password": null
}