{
  "id": "gen9championsvgc2026regma-2587542240",
  "format": "[Gen 9 Champions] VGC 2026 Reg M-A",
  "players": [
    "Murphy's kitchen",
    "Lolligaggery"
  ],
  "log": "|j|\u2606Murphy's kitchen\n|j|\u2606Lolligaggery\n|t:|1776540761\n|gametype|doubles\n|player|p1|Murphy's kitchen|170|1587\n|player|p2|Lolligaggery|pokemaniac|1517\n|gen|9\n|tier|[Gen 9 Champions] VGC 2026 Reg M-A\n|rated|\n|rule|Species Clause: Limit one of each Pok\u00e9mon\n|rule|Item Clause: Limit 1 of each item\n|clearpoke\n|poke|p1|Aerodactyl, L50, F|\n|poke|p1|Dragapult, L50, M|\n|poke|p1|Primarina, L50, M|\n|poke|p1|Scizor, L50, F|\n|poke|p1|Scovillain, L50, F|\n|poke|p1|Sneasler, L50, F|\n|poke|p2|Hydreigon, L50, F|\n|poke|p2|Garchomp, L50, M|\n|poke|p2|Rotom-Wash, L50|\n|poke|p2|Excadrill, L50, M|\n|poke|p2|Tyranitar, L50, M, shiny|\n|poke|p2|Milotic, L50, M|\n|teampreview|4\n|j| Meh Decisions\n|inactive|Battle timer is ON: inactive players will automatically lose when time's up. (requested by Lolligaggery)\n|\n|t:|1776540801\n|teamsize|p1|4\n|teamsize|p2|4\n|start\n|switch|p1a: Scovillain|Scovillain, L50, F|100/100\n|switch|p1b: Primarina|Primarina, L50, M|100/100\n|switch|p2a: Garchomp|Garchomp, L50, M|100/100\n|switch|p2b: Rotom|Rotom-Wash, L50|100/100\n|turn|1\n|\n|t:|1776540815\n|move|p1a: Scovillain|Protect|p1a: Scovillain\n|-singleturn|p1a: Scovillain|Protect\n|move|p1b: Primarina|Protect|p1b: Primarina\n|-singleturn|p1b: Primarina|Protect\n|move|p2a: Garchomp|Earthquake|p1a: Scovillain|[spread] \n|-activate|p1a: Scovillain|move: Protect\n|-activate|p1b: Primarina|move: Protect\n|-immune|p2b: Rotom|[from] ability: Levitate\n|move|p2b: Rotom|Discharge|p1a: Scovillain|[spread] \n|-activate|p1a: Scovillain|move: Protect\n|-activate|p1b: Primarina|move: Protect\n|-immune|p2a: Garchomp\n|\n|-ability|p1a: Scovillain|Moody|boost\n|-boost|p1a: Scovillain|spd|2\n|-unboost|p1a: Scovillain|atk|1\n|upkeep\n|turn|2\n|inactive|Murphy's kitchen has 30 seconds left.\n|inactive|Murphy's kitchen has 20 seconds left.\n|inactive|Murphy's kitchen has 15 seconds left.\n|\n|t:|1776540856\n|detailschange|p1a: Scovillain|Scovillain-Mega, L50, F\n|-mega|p1a: Scovillain|Scovillain|Scovillainite\n|move|p2a: Garchomp|Earthquake|p1a: Scovillain|[spread] p1a,p1b\n|-immune|p2b: Rotom|[from] ability: Levitate\n|-damage|p1a: Scovillain|60/100\n|-damage|p1b: Primarina|56/100\n|-status|p2a: Garchomp|brn|[from] ability: Spicy Spray|[of] p1a: Scovillain\n|move|p2b: Rotom|Discharge|p1b: Primarina|[spread] p1a,p1b\n|-immune|p2a: Garchomp\n|-resisted|p1a: Scovillain|1\n|-supereffective|p1b: Primarina|1\n|-damage|p1a: Scovillain|55/100\n|-damage|p1b: Primarina|17/100\n|-status|p2b: Rotom|brn|[from] ability: Spicy Spray|[of] p1a: Scovillain\n|move|p1a: Scovillain|Leaf Storm|p2b: Rotom|[miss]\n|-miss|p1a: Scovillain|p2b: Rotom\n|move|p1b: Primarina|Moonblast|p2a: Garchomp\n|-supereffective|p2a: Garchomp|1\n|-damage|p2a: Garchomp|0 fnt\n|faint|p2a: Garchomp\n|\n|-heal|p1b: Primarina|23/100|[from] item: Leftovers\n|-damage|p2b: Rotom|95/100 brn|[from] brn\n|upkeep\n|inactive|Lolligaggery has 30 seconds left.\n|\n|t:|1776540881\n|switch|p2a: Tyranitar|Tyranitar, L50, M, shiny|100/100\n|-weather|Sandstorm|[from] ability: Sand Stream|[of] p2a: Tyranitar\n|turn|3\n|\n|t:|1776540894\n|move|p1a: Scovillain|Protect|p1a: Scovillain\n|-singleturn|p1a: Scovillain|Protect\n|move|p2a: Tyranitar|Protect|p2a: Tyranitar\n|-singleturn|p2a: Tyranitar|Protect\n|move|p2b: Rotom|Discharge|p1a: Scovillain|[spread] p1b\n|-activate|p2a: Tyranitar|move: Protect\n|-activate|p1a: Scovillain|move: Protect\n|-supereffective|p1b: Primarina|1\n|-damage|p1b: Primarina|0 fnt\n|faint|p1b: Primarina\n|\n|-weather|Sandstorm|[upkeep]\n|-damage|p2b: Rotom|89/100 brn|[from] Sandstorm\n|-damage|p1a: Scovillain|49/100|[from] Sandstorm\n|-damage|p2b: Rotom|83/100 brn|[from] brn\n|upkeep\n|\n|t:|1776540910\n|switch|p1b: Sneasler|Sneasler, L50, F|100/100\n|turn|4\n|inactive|Lolligaggery has 30 seconds left.\n|\n|t:|1776540940\n|detailschange|p2a: Tyranitar|Tyranitar-Mega, L50, M, shiny\n|-mega|p2a: Tyranitar|Tyranitar|Tyranitarite\n|move|p1b: Sneasler|Close Combat|p2a: Tyranitar\n|-supereffective|p2a: Tyranitar|2\n|-damage|p2a: Tyranitar|0 fnt\n|-unboost|p1b: Sneasler|def|1\n|-unboost|p1b: Sneasler|spd|1\n|faint|p2a: Tyranitar\n|-enditem|p1b: Sneasler|White Herb\n|-clearnegativeboost|p1b: Sneasler|[silent]\n|move|p2b: Rotom|Hydro Pump|p1b: Sneasler|[miss]\n|-miss|p2b: Rotom|p1b: Sneasler\n|move|p1a: Scovillain|Leaf Storm|p2b: Rotom\n|-supereffective|p2b: Rotom|1\n|-crit|p2b: Rotom\n|-damage|p2b: Rotom|0 fnt\n|-unboost|p1a: Scovillain|spa|2\n|faint|p2b: Rotom\n|\n|-weather|Sandstorm|[upkeep]\n|-damage|p1b: Sneasler|95/100|[from] Sandstorm\n|-damage|p1a: Scovillain|43/100|[from] Sandstorm\n|upkeep\n|\n|t:|1776540953\n|switch|p2a: Excadrill|Excadrill, L50, M|100/100\n|turn|5\n|\n|t:|1776540975\n|move|p1b: Sneasler|Close Combat|p2a: Excadrill\n|-supereffective|p2a: Excadrill|1\n|-enditem|p2a: Excadrill|Focus Sash\n|-damage|p2a: Excadrill|1/100\n|-unboost|p1b: Sneasler|def|1\n|-unboost|p1b: Sneasler|spd|1\n|move|p2a: Excadrill|Earthquake|p1b: Sneasler|[spread] p1a,p1b\n|-supereffective|p1b: Sneasler|1\n|-damage|p1a: Scovillain|4/100\n|-damage|p1b: Sneasler|0 fnt\n|-status|p2a: Excadrill|brn|[from] ability: Spicy Spray|[of] p1a: Scovillain\n|faint|p1b: Sneasler\n|move|p1a: Scovillain|Flamethrower|p2a: Excadrill\n|-supereffective|p2a: Excadrill|1\n|-damage|p2a: Excadrill|0 fnt\n|faint|p2a: Excadrill\n|\n|win|Murphy's kitchen\n|raw|Murphy&apos;s kitchen's rating: 1587 &rarr; <strong>1603</strong><br />(+16 for winning)\n|raw|Lolligaggery's rating: 1517 &rarr; <strong>1501</strong><br />(-16 for losing)\n|c|\u2606Lolligaggery|!calc\n|c| Lolligaggery|/raw <div class=\"infobox\">Pok&eacute;mon Showdown! damage calculator. (Courtesy of Honko, Austin, dhelmise, &amp; jetou)<br />- <a href=\"https://calc.pokemonshowdown.com/index.html?gen=9\">Damage Calculator</a></div>\n|l|\u2606Lolligaggery\n|player|p2|\n",
  "uploadtime": 1776540996,
  "views": 39,
  "formatid": "gen9championsvgc2026regma",
  "rating": 1501,
  "private": 0,
  "password": null
}