{
  "id": "gen9championsvgc2026regma-2587783260",
  "format": "[Gen 9 Champions] VGC 2026 Reg M-A",
  "players": [
    "teratera mega",
    "yamede\u86c7\u5982"
  ],
  "log": "|j|\u2606teratera mega\n|j|\u2606yamede\u86c7\u5982\n|t:|1776563570\n|gametype|doubles\n|player|p1|teratera mega|102|1492\n|player|p2|yamede\u86c7\u5982|2|1563\n|gen|9\n|tier|[Gen 9 Champions] VGC 2026 Reg M-A\n|rated|\n|rule|Species Clause: Limit one of each Pok\u00e9mon\n|rule|Item Clause: Limit 1 of each item\n|clearpoke\n|poke|p1|Dragapult, L50, F|\n|poke|p1|Charizard, L50, M, shiny|\n|poke|p1|Venusaur, L50, F|\n|poke|p1|Sneasler, L50, M|\n|poke|p1|Aerodactyl, L50, F|\n|poke|p1|Kingambit, L50, M|\n|poke|p2|Tyranitar, L50, M|\n|poke|p2|Milotic, L50, F, shiny|\n|poke|p2|Excadrill, L50, F|\n|poke|p2|Meganium, L50, F, shiny|\n|poke|p2|Incineroar, L50, F|\n|poke|p2|Sinistcha, L50|\n|teampreview|4\n|inactive|Battle timer is ON: inactive players will automatically lose when time's up. (requested by teratera mega)\n|l|\u2606teratera mega\n|inactive|teratera mega disconnected and has a minute to reconnect!\n|player|p1|\n|j|\u2606teratera mega\n|inactive|teratera mega reconnected and has 85 seconds left.\n|player|p1|teratera mega|102|\n|inactive|yamede\u86c7\u5982 has 60 seconds left.\n|c|\u2606teratera mega|Glhf\n|inactive|yamede\u86c7\u5982 has 30 seconds left.\n|\n|t:|1776563644\n|teamsize|p1|4\n|teamsize|p2|4\n|start\n|switch|p1a: Sneasler|Sneasler, L50, M|100/100\n|switch|p1b: Aerodactyl|Aerodactyl, L50, F|100/100\n|switch|p2a: Milotic|Milotic, L50, F, shiny|100/100\n|switch|p2b: Excadrill|Excadrill, L50, F|100/100\n|-ability|p1b: Aerodactyl|Unnerve\n|turn|1\n|inactive|yamede\u86c7\u5982 has 30 seconds left.\n|inactive|yamede\u86c7\u5982 has 20 seconds left.\n|inactive|yamede\u86c7\u5982 has 15 seconds left.\n|inactive|yamede\u86c7\u5982 has 10 seconds left.\n|j| sammap\n|inactive|yamede\u86c7\u5982 has 5 seconds left.\n|\n|t:|1776563696\n|move|p2b: Excadrill|Protect|p2b: Excadrill\n|-singleturn|p2b: Excadrill|Protect\n|move|p1b: Aerodactyl|Rock Slide|p2b: Excadrill|[spread] p2a\n|-activate|p2b: Excadrill|move: Protect\n|-damage|p2a: Milotic|77/100\n|move|p1a: Sneasler|Close Combat|p2b: Excadrill\n|-activate|p2b: Excadrill|move: Protect\n|cant|p2a: Milotic|flinch\n|\n|-heal|p2a: Milotic|83/100|[from] item: Leftovers\n|upkeep\n|turn|2\n|inactive|yamede\u86c7\u5982 has 30 seconds left.\n|inactive|yamede\u86c7\u5982 has 20 seconds left.\n|inactive|yamede\u86c7\u5982 has 15 seconds left.\n|inactive|yamede\u86c7\u5982 has 10 seconds left.\n|inactive|yamede\u86c7\u5982 has 5 seconds left.\n|\n|t:|1776563746\n|switch|p2a: Tyranitar|Tyranitar, L50, M|100/100\n|-weather|Sandstorm|[from] ability: Sand Stream|[of] p2a: Tyranitar\n|move|p1a: Sneasler|Protect|p1a: Sneasler\n|-singleturn|p1a: Sneasler|Protect\n|move|p2b: Excadrill|High Horsepower|p1a: Sneasler\n|-activate|p1a: Sneasler|move: Protect\n|move|p1b: Aerodactyl|Tailwind|p1b: Aerodactyl\n|-sidestart|p1: teratera mega|move: Tailwind\n|\n|-weather|Sandstorm|[upkeep]\n|-damage|p1a: Sneasler|95/100|[from] Sandstorm\n|upkeep\n|turn|3\n|inactive|yamede\u86c7\u5982 has 30 seconds left.\n|inactive|yamede\u86c7\u5982 has 20 seconds left.\n|inactive|yamede\u86c7\u5982 has 15 seconds left.\n|inactive|yamede\u86c7\u5982 has 10 seconds left.\n|inactive|yamede\u86c7\u5982 has 5 seconds left.\n|\n|t:|1776563797\n|switch|p2a: Milotic|Milotic, L50, F, shiny|83/100\n|move|p2b: Excadrill|Protect|p2b: Excadrill\n|-singleturn|p2b: Excadrill|Protect\n|move|p1b: Aerodactyl|Rock Slide|p2a: Milotic|[spread] p2a\n|-activate|p2b: Excadrill|move: Protect\n|-damage|p2a: Milotic|59/100\n|move|p1a: Sneasler|Close Combat|p2b: Excadrill\n|-activate|p2b: Excadrill|move: Protect\n|\n|-weather|Sandstorm|[upkeep]\n|-damage|p1a: Sneasler|89/100|[from] Sandstorm\n|-damage|p2a: Milotic|53/100|[from] Sandstorm\n|-heal|p2a: Milotic|59/100|[from] item: Leftovers\n|upkeep\n|turn|4\n|inactive|yamede\u86c7\u5982 has 30 seconds left.\n|\n|t:|1776563822\n|switch|p2b: Meganium|Meganium, L50, F, shiny|100/100\n|move|p1b: Aerodactyl|Rock Slide|p2b: Meganium|[spread] p2a,p2b\n|-damage|p2a: Milotic|38/100\n|-damage|p2b: Meganium|71/100\n|move|p1a: Sneasler|Close Combat|p2b: Meganium\n|-damage|p2b: Meganium|10/100\n|-unboost|p1a: Sneasler|def|1\n|-unboost|p1a: Sneasler|spd|1\n|-enditem|p1a: Sneasler|White Herb\n|-clearnegativeboost|p1a: Sneasler|[silent]\n|move|p2a: Milotic|Recover|p2a: Milotic\n|-heal|p2a: Milotic|88/100\n|\n|-weather|Sandstorm|[upkeep]\n|-damage|p1a: Sneasler|83/100|[from] Sandstorm\n|-damage|p2b: Meganium|4/100|[from] Sandstorm\n|-damage|p2a: Milotic|82/100|[from] Sandstorm\n|-heal|p2a: Milotic|88/100|[from] item: Leftovers\n|upkeep\n|turn|5\n|inactive|yamede\u86c7\u5982 has 30 seconds left.\n|inactive|yamede\u86c7\u5982 has 20 seconds left.\n|inactive|yamede\u86c7\u5982 has 15 seconds left.\n|inactive|yamede\u86c7\u5982 has 10 seconds left.\n|\n|t:|1776563869\n|move|p1a: Sneasler|Close Combat|p2a: Milotic\n|-damage|p2a: Milotic|40/100\n|-unboost|p1a: Sneasler|def|1\n|-unboost|p1a: Sneasler|spd|1\n|move|p1b: Aerodactyl|Rock Slide|p2b: Meganium|[spread] p2b\n|-miss|p1b: Aerodactyl|p2a: Milotic\n|-damage|p2b: Meganium|0 fnt\n|faint|p2b: Meganium\n|move|p2a: Milotic|Coil|p2a: Milotic\n|-boost|p2a: Milotic|atk|1\n|-boost|p2a: Milotic|def|1\n|-boost|p2a: Milotic|accuracy|1\n|\n|-weather|Sandstorm|[upkeep]\n|-damage|p1a: Sneasler|78/100|[from] Sandstorm\n|-damage|p2a: Milotic|34/100|[from] Sandstorm\n|-heal|p2a: Milotic|40/100|[from] item: Leftovers\n|-sideend|p1: teratera mega|move: Tailwind\n|upkeep\n|\n|t:|1776563881\n|switch|p2b: Excadrill|Excadrill, L50, F|100/100\n|turn|6\n|inactive|yamede\u86c7\u5982 has 30 seconds left.\n|inactive|yamede\u86c7\u5982 has 20 seconds left.\n|\n|t:|1776563918\n|move|p1a: Sneasler|Close Combat|p2b: Excadrill\n|-supereffective|p2b: Excadrill|1\n|-enditem|p2b: Excadrill|Focus Sash\n|-damage|p2b: Excadrill|1/100\n|-unboost|p1a: Sneasler|def|1\n|-unboost|p1a: Sneasler|spd|1\n|move|p2b: Excadrill|Iron Head|p1b: Aerodactyl\n|-supereffective|p1b: Aerodactyl|1\n|-damage|p1b: Aerodactyl|0 fnt\n|faint|p1b: Aerodactyl\n|move|p2a: Milotic|Hypnosis|p1a: Sneasler\n|-status|p1a: Sneasler|slp|[from] move: Hypnosis\n|\n|-weather|none\n|-heal|p2a: Milotic|46/100|[from] item: Leftovers\n|upkeep\n|\n|t:|1776563931\n|switch|p1b: Charizard|Charizard, L50, M, shiny|100/100\n|turn|7\n|inactive|yamede\u86c7\u5982 has 30 seconds left.\n|inactive|teratera mega has 30 seconds left.\n|inactive|yamede\u86c7\u5982 has 20 seconds left.\n|inactive|yamede\u86c7\u5982 has 15 seconds left.\n|inactive|yamede\u86c7\u5982 has 10 seconds left.\n|inactive|yamede\u86c7\u5982 has 5 seconds left.\n|\n|t:|1776563983\n|move|p1b: Charizard|Protect|p1b: Charizard\n|-singleturn|p1b: Charizard|Protect\n|cant|p1a: Sneasler|slp\n|move|p2b: Excadrill|High Horsepower|p1a: Sneasler\n|-supereffective|p1a: Sneasler|1\n|-damage|p1a: Sneasler|0 fnt\n|faint|p1a: Sneasler\n|move|p2a: Milotic|Recover|p2a: Milotic\n|-heal|p2a: Milotic|96/100\n|\n|-heal|p2a: Milotic|100/100|[from] item: Leftovers\n|upkeep\n|\n|t:|1776563988\n|switch|p1a: Kingambit|Kingambit, L50, M|100/100\n|turn|8\n|l| sammap\n|j| sammap\n|inactive|yamede\u86c7\u5982 has 30 seconds left.\n|inactive|yamede\u86c7\u5982 has 20 seconds left.\n|inactive|yamede\u86c7\u5982 has 15 seconds left.\n|inactive|yamede\u86c7\u5982 has 10 seconds left.\n|\n|t:|1776564037\n|move|p2b: Excadrill|Protect|p2b: Excadrill\n|-singleturn|p2b: Excadrill|Protect\n|move|p1a: Kingambit|Sucker Punch||[still]\n|-fail|p1a: Kingambit\n|move|p1b: Charizard|Heat Wave|p2a: Milotic|[spread] p2a\n|-activate|p2b: Excadrill|move: Protect\n|-resisted|p2a: Milotic|1\n|-damage|p2a: Milotic|88/100\n|move|p2a: Milotic|Hypnosis|p1a: Kingambit|[miss]\n|-miss|p2a: Milotic|p1a: Kingambit\n|\n|-heal|p2a: Milotic|94/100|[from] item: Leftovers\n|upkeep\n|turn|9\n|inactive|yamede\u86c7\u5982 has 30 seconds left.\n|j| wedls\n|inactive|yamede\u86c7\u5982 has 20 seconds left.\n|inactive|yamede\u86c7\u5982 has 15 seconds left.\n|j| im a therian\n|inactive|yamede\u86c7\u5982 has 10 seconds left.\n|inactive|yamede\u86c7\u5982 has 5 seconds left.\n|\n|t:|1776564091\n|switch|p2b: Tyranitar|Tyranitar, L50, M|100/100\n|-weather|Sandstorm|[from] ability: Sand Stream|[of] p2b: Tyranitar\n|move|p1b: Charizard|Heat Wave|p2a: Milotic|[spread] p2a,p2b\n|-resisted|p2a: Milotic|1\n|-resisted|p2b: Tyranitar|1\n|-damage|p2a: Milotic|81/100\n|-damage|p2b: Tyranitar|88/100\n|move|p2a: Milotic|Hypnosis|p1b: Charizard\n|-status|p1b: Charizard|slp|[from] move: Hypnosis\n|move|p1a: Kingambit|Kowtow Cleave|p2a: Milotic\n|-damage|p2a: Milotic|53/100\n|\n|-weather|Sandstorm|[upkeep]\n|-damage|p1b: Charizard|95/100 slp|[from] Sandstorm\n|-damage|p2a: Milotic|48/100|[from] Sandstorm\n|-heal|p2a: Milotic|53/100|[from] item: Leftovers\n|upkeep\n|turn|10\n|inactive|yamede\u86c7\u5982 has 10 seconds left this turn.\n|inactive|yamede\u86c7\u5982 has 5 seconds left.\n|\n|t:|1776564100\n|switch|p2b: Excadrill|Excadrill, L50, F|1/100\n|cant|p1b: Charizard|slp\n|move|p2a: Milotic|Muddy Water|p1b: Charizard|[spread] p1a,p1b\n|-supereffective|p1b: Charizard|1\n|-damage|p1a: Kingambit|75/100\n|-damage|p1b: Charizard|33/100 slp\n|-unboost|p1a: Kingambit|accuracy|1\n|-ability|p1a: Kingambit|Defiant|boost\n|-boost|p1a: Kingambit|atk|2\n|-unboost|p1b: Charizard|accuracy|1\n|move|p1a: Kingambit|Low Kick|p2b: Excadrill|[miss]\n|-miss|p1a: Kingambit|p2b: Excadrill\n|\n|-weather|Sandstorm|[upkeep]\n|-damage|p1b: Charizard|27/100 slp|[from] Sandstorm\n|-damage|p2a: Milotic|48/100|[from] Sandstorm\n|-heal|p2a: Milotic|53/100|[from] item: Leftovers\n|upkeep\n|turn|11\n|inactive|yamede\u86c7\u5982 has 5 seconds left this turn.\n|-message|yamede\u86c7\u5982 lost due to inactivity.\n|\n|win|teratera mega\n|raw|teratera mega's rating: 1492 &rarr; <strong>1516</strong><br />(+24 for winning)\n|raw|yamede\u86c7\u5982's rating: 1563 &rarr; <strong>1539</strong><br />(-24 for losing)\n",
  "uploadtime": 1776564111,
  "views": 17,
  "formatid": "gen9championsvgc2026regma",
  "rating": 1516,
  "private": 0,
  "password": null
}