{
  "id": "gen9championsvgc2026regma-2589563373",
  "format": "[Gen 9 Champions] VGC 2026 Reg M-A",
  "players": [
    "ThomasTheTank8",
    "picuyo"
  ],
  "log": "|j|\u2606ThomasTheTank8\n|j|\u2606picuyo\n|t:|1776734477\n|gametype|doubles\n|player|p1|ThomasTheTank8|benga|1057\n|player|p2|picuyo|pokekid|1076\n|gen|9\n|tier|[Gen 9 Champions] VGC 2026 Reg M-A\n|rated|\n|rule|Species Clause: Limit one of each Pok\u00e9mon\n|rule|Item Clause: Limit 1 of each item\n|clearpoke\n|poke|p1|Primarina, L50, M|\n|poke|p1|Scovillain, L50, F|\n|poke|p1|Ninetales-Alola, L50, M|\n|poke|p1|Sinistcha, L50|\n|poke|p1|Garchomp, L50, M|\n|poke|p1|Aegislash, L50, F|\n|poke|p2|Incineroar, L50, M, shiny|\n|poke|p2|Tyranitar, L50, F|\n|poke|p2|Hydreigon, L50, M|\n|poke|p2|Sableye, L50, F|\n|poke|p2|Umbreon, L50, M|\n|poke|p2|Kingambit, L50, F|\n|teampreview|4\n|inactive|Battle timer is ON: inactive players will automatically lose when time's up. (requested by ThomasTheTank8)\n|\n|t:|1776734499\n|teamsize|p1|4\n|teamsize|p2|4\n|start\n|switch|p1a: Scovillain|Scovillain, L50, F|100/100\n|switch|p1b: Ninetales|Ninetales-Alola, L50, M|100/100\n|switch|p2a: Incineroar|Incineroar, L50, M, shiny|100/100\n|switch|p2b: Hydreigon|Hydreigon, L50, M|100/100\n|-weather|Snowscape|[from] ability: Snow Warning|[of] p1b: Ninetales\n|-ability|p2a: Incineroar|Intimidate|boost\n|-unboost|p1a: Scovillain|atk|1\n|-unboost|p1b: Ninetales|atk|1\n|turn|1\n|inactive|picuyo has 30 seconds left.\n|inactive|ThomasTheTank8 has 30 seconds left.\n|inactive|picuyo has 20 seconds left.\n|\n|t:|1776734535\n|move|p1a: Scovillain|Protect|p1a: Scovillain\n|-singleturn|p1a: Scovillain|Protect\n|move|p2a: Incineroar|Fake Out|p1a: Scovillain\n|-activate|p1a: Scovillain|move: Protect\n|move|p2b: Hydreigon|Flash Cannon|p1b: Ninetales\n|-supereffective|p1b: Ninetales|2\n|-enditem|p1b: Ninetales|Focus Sash\n|-damage|p1b: Ninetales|1/100\n|move|p1b: Ninetales|Aurora Veil|p1b: Ninetales\n|-sidestart|p1: ThomasTheTank8|move: Aurora Veil\n|\n|-weather|Snowscape|[upkeep]\n|-ability|p1a: Scovillain|Moody|boost\n|-boost|p1a: Scovillain|spd|2\n|-unboost|p1a: Scovillain|spe|1\n|upkeep\n|turn|2\n|inactive|ThomasTheTank8 has 30 seconds left.\n|inactive|picuyo has 30 seconds left.\n|\n|t:|1776734566\n|switch|p2b: Sableye|Sableye, L50, F|100/100\n|detailschange|p1a: Scovillain|Scovillain-Mega, L50, F\n|-mega|p1a: Scovillain|Scovillain|Scovillainite\n|move|p1b: Ninetales|Encore|p2a: Incineroar\n|-start|p2a: Incineroar|Encore\n|move|p2a: Incineroar|Fake Out||[still]\n|-hint|Fake Out only works on your first turn out.\n|-fail|p2a: Incineroar\n|move|p1a: Scovillain|Fire Spin|p2a: Incineroar\n|-resisted|p2a: Incineroar|1\n|-damage|p2a: Incineroar|94/100\n|-activate|p2a: Incineroar|move: Fire Spin|[of] p1a: Scovillain\n|\n|-weather|Snowscape|[upkeep]\n|-damage|p2a: Incineroar|82/100|[from] move: Fire Spin|[partiallytrapped]\n|upkeep\n|turn|3\n|inactive|picuyo has 30 seconds left.\n|inactive|picuyo has 20 seconds left.\n|inactive|picuyo has 15 seconds left.\n|inactive|picuyo has 10 seconds left.\n|inactive|picuyo has 5 seconds left.\n|\n|t:|1776734620\n|move|p2b: Sableye|Encore||[still]\n|-fail|p2b: Sableye\n|-activate|p2a: Incineroar|move: Struggle\n|move|p2a: Incineroar|Struggle|p1a: Scovillain\n|-damage|p1a: Scovillain|93/100\n|-immune|p2a: Incineroar\n|-damage|p2a: Incineroar|57/100|[from] recoil\n|move|p1a: Scovillain|Leech Seed|p2a: Incineroar\n|-start|p2a: Incineroar|move: Leech Seed\n|move|p1b: Ninetales|Roar|p2b: Sableye\n|drag|p2b: Tyranitar|Tyranitar, L50, F|100/100\n|-weather|Sandstorm|[from] ability: Sand Stream|[of] p2b: Tyranitar\n|\n|-weather|Sandstorm|[upkeep]\n|-damage|p1b: Ninetales|0 fnt|[from] Sandstorm\n|-damage|p2a: Incineroar|51/100|[from] Sandstorm\n|-damage|p1a: Scovillain|87/100|[from] Sandstorm\n|faint|p1b: Ninetales\n|-damage|p2a: Incineroar|38/100|[from] Leech Seed|[of] p1a: Scovillain\n|-heal|p1a: Scovillain|100/100|[silent]\n|-damage|p2a: Incineroar|26/100|[from] move: Fire Spin|[partiallytrapped]\n|upkeep\n|-enditem|p2a: Incineroar|Sitrus Berry|[eat]\n|-heal|p2a: Incineroar|51/100|[from] item: Sitrus Berry\n|\n|t:|1776734636\n|switch|p1b: Primarina|Primarina, L50, M|100/100\n|turn|4\n|inactive|ThomasTheTank8 has 30 seconds left.\n|\n|t:|1776734671\n|detailschange|p2b: Tyranitar|Tyranitar-Mega, L50, F\n|-mega|p2b: Tyranitar|Tyranitar|Tyranitarite\n|move|p2b: Tyranitar|Protect|p2b: Tyranitar\n|-singleturn|p2b: Tyranitar|Protect\n|-activate|p2a: Incineroar|move: Struggle\n|move|p2a: Incineroar|Struggle|p1a: Scovillain\n|-damage|p1a: Scovillain|92/100\n|-immune|p2a: Incineroar\n|-damage|p2a: Incineroar|26/100|[from] recoil\n|move|p1b: Primarina|Hyper Voice|p2b: Tyranitar|[spread] p2a\n|-activate|p2b: Tyranitar|move: Protect\n|-supereffective|p2a: Incineroar|1\n|-damage|p2a: Incineroar|0 fnt\n|faint|p2a: Incineroar\n|move|p1a: Scovillain|Leech Seed|p2b: Tyranitar\n|-activate|p2b: Tyranitar|move: Protect\n|\n|-weather|Sandstorm|[upkeep]\n|-damage|p1b: Primarina|95/100|[from] Sandstorm\n|-damage|p1a: Scovillain|87/100|[from] Sandstorm\n|upkeep\n|\n|t:|1776734687\n|switch|p2a: Sableye|Sableye, L50, F|100/100\n|turn|5\n|\n|t:|1776734703\n|move|p2a: Sableye|Quash|p1b: Primarina\n|-activate|p1b: Primarina|move: Quash\n|move|p2b: Tyranitar|Rock Slide|p1a: Scovillain|[spread] p1a,p1b\n|-supereffective|p1a: Scovillain|1\n|-damage|p1a: Scovillain|47/100\n|-damage|p1b: Primarina|74/100\n|-status|p2b: Tyranitar|brn|[from] ability: Spicy Spray|[of] p1a: Scovillain\n|move|p1a: Scovillain|Fire Spin|p2a: Sableye\n|-damage|p2a: Sableye|81/100\n|-activate|p2a: Sableye|move: Fire Spin|[of] p1a: Scovillain\n|move|p1b: Primarina|Hyper Voice|p2a: Sableye|[spread] p2a,p2b\n|-supereffective|p2b: Tyranitar|1\n|-damage|p2a: Sableye|48/100\n|-damage|p2b: Tyranitar|73/100 brn\n|\n|-weather|Sandstorm|[upkeep]\n|-damage|p1b: Primarina|68/100|[from] Sandstorm\n|-damage|p2a: Sableye|43/100|[from] Sandstorm\n|-damage|p1a: Scovillain|41/100|[from] Sandstorm\n|-damage|p2b: Tyranitar|67/100 brn|[from] brn\n|-damage|p2a: Sableye|30/100|[from] move: Fire Spin|[partiallytrapped]\n|-sideend|p1: ThomasTheTank8|move: Aurora Veil\n|upkeep\n|turn|6\n|inactive|ThomasTheTank8 has 30 seconds left.\n|inactive|picuyo has 30 seconds left.\n|inactive|picuyo has 20 seconds left.\n|\n|t:|1776734740\n|move|p2a: Sableye|Encore|p1a: Scovillain\n|-start|p1a: Scovillain|Encore\n|move|p2b: Tyranitar|Rock Slide|p1a: Scovillain|[spread] p1a,p1b\n|-supereffective|p1a: Scovillain|1\n|-damage|p1a: Scovillain|12/100\n|-damage|p1b: Primarina|52/100\n|move|p1b: Primarina|Hyper Voice|p2b: Tyranitar|[spread] p2a,p2b\n|-supereffective|p2b: Tyranitar|1\n|-damage|p2a: Sableye|0 fnt\n|-damage|p2b: Tyranitar|41/100 brn\n|faint|p2a: Sableye\n|cant|p1a: Scovillain|flinch\n|\n|-weather|Sandstorm|[upkeep]\n|-damage|p1b: Primarina|46/100|[from] Sandstorm\n|-damage|p1a: Scovillain|6/100|[from] Sandstorm\n|-enditem|p1b: Primarina|Sitrus Berry|[eat]\n|-heal|p1b: Primarina|71/100|[from] item: Sitrus Berry\n|-damage|p2b: Tyranitar|35/100 brn|[from] brn\n|upkeep\n|\n|t:|1776734751\n|switch|p2a: Hydreigon|Hydreigon, L50, M|100/100\n|turn|7\n|\n|t:|1776734768\n|move|p2a: Hydreigon|Flash Cannon|p1b: Primarina\n|-damage|p1b: Primarina|45/100\n|move|p2b: Tyranitar|Rock Slide|p1a: Scovillain|[spread] p1a,p1b\n|-supereffective|p1a: Scovillain|1\n|-damage|p1a: Scovillain|0 fnt\n|-damage|p1b: Primarina|29/100\n|faint|p1a: Scovillain\n|move|p1b: Primarina|Perish Song|p1b: Primarina\n|-start|p1b: Primarina|perish3|[silent]\n|-start|p2a: Hydreigon|perish3|[silent]\n|-start|p2b: Tyranitar|perish3|[silent]\n|-fieldactivate|move: Perish Song\n|\n|-weather|none\n|-damage|p2b: Tyranitar|29/100 brn|[from] brn\n|-start|p2a: Hydreigon|perish3\n|-start|p2b: Tyranitar|perish3\n|-start|p1b: Primarina|perish3\n|upkeep\n|\n|t:|1776734776\n|switch|p1a: Sinistcha|Sinistcha, L50|100/100\n|-heal|p1b: Primarina|53/100|[from] ability: Hospitality|[of] p1a: Sinistcha\n|turn|8\n|inactive|ThomasTheTank8 has 30 seconds left.\n|\n|t:|1776734805\n|move|p2a: Hydreigon|Flash Cannon|p1b: Primarina\n|-damage|p1b: Primarina|30/100\n|move|p2b: Tyranitar|Knock Off|p1a: Sinistcha\n|-supereffective|p1a: Sinistcha|1\n|-enditem|p1a: Sinistcha|Colbur Berry|[eat]\n|-enditem|p1a: Sinistcha|Colbur Berry|[weaken]\n|-damage|p1a: Sinistcha|77/100\n|move|p1a: Sinistcha|Life Dew|p1a: Sinistcha|[spread] p1a,p1b\n|-heal|p1a: Sinistcha|100/100\n|-heal|p1b: Primarina|55/100\n|move|p1b: Primarina|Hyper Voice|p2b: Tyranitar|[spread] p2a,p2b\n|-resisted|p2a: Hydreigon|1\n|-supereffective|p2b: Tyranitar|1\n|-damage|p2a: Hydreigon|87/100\n|-damage|p2b: Tyranitar|0 fnt\n|faint|p2b: Tyranitar\n|\n|-start|p2a: Hydreigon|perish2\n|-start|p1b: Primarina|perish2\n|upkeep\n|turn|9\n|\n|t:|1776734823\n|move|p1b: Primarina|Protect|p1b: Primarina\n|-singleturn|p1b: Primarina|Protect\n|move|p2a: Hydreigon|Flash Cannon|p1b: Primarina\n|-activate|p1b: Primarina|move: Protect\n|move|p1a: Sinistcha|Trick Room|p1a: Sinistcha\n|-fieldstart|move: Trick Room|[of] p1a: Sinistcha\n|\n|-start|p1b: Primarina|perish1\n|-start|p2a: Hydreigon|perish1\n|upkeep\n|turn|10\n|\n|t:|1776734834\n|move|p1b: Primarina|Hyper Voice|p2a: Hydreigon\n|-resisted|p2a: Hydreigon|1\n|-damage|p2a: Hydreigon|69/100\n|move|p1a: Sinistcha|Life Dew||[still]|[spread] p1a,p1b\n|-fail|p1a: Sinistcha|heal\n|-heal|p1b: Primarina|80/100\n|move|p2a: Hydreigon|Flash Cannon|p1a: Sinistcha\n|-damage|p1a: Sinistcha|67/100\n|\n|-start|p1b: Primarina|perish0\n|-start|p2a: Hydreigon|perish0\n|faint|p1b: Primarina\n|faint|p2a: Hydreigon\n|\n|win|ThomasTheTank8\n|raw|ThomasTheTank8's rating: 1057 &rarr; <strong>1090</strong><br />(+33 for winning)\n|raw|picuyo's rating: 1076 &rarr; <strong>1053</strong><br />(-23 for losing)\n|l|\u2606picuyo\n|player|p2|\n",
  "uploadtime": 1776734847,
  "views": 5,
  "formatid": "gen9championsvgc2026regma",
  "rating": 1053,
  "private": 0,
  "password": null
}