{
  "id": "gen9championsvgc2026regma-2587539344",
  "format": "[Gen 9 Champions] VGC 2026 Reg M-A",
  "players": [
    "Undertaco",
    "Anne_ChovyVGC"
  ],
  "log": "|j|\u2606Undertaco\n|j|\u2606Anne_ChovyVGC\n|t:|1776540504\n|gametype|doubles\n|player|p1|Undertaco|swimmer|1107\n|player|p2|Anne_ChovyVGC|skierf-gen4dp|1044\n|gen|9\n|tier|[Gen 9 Champions] VGC 2026 Reg M-A\n|rated|\n|rule|Species Clause: Limit one of each Pok\u00e9mon\n|rule|Item Clause: Limit 1 of each item\n|clearpoke\n|poke|p1|Incineroar, L50, M, shiny|\n|poke|p1|Aggron, L50, F|\n|poke|p1|Whimsicott, L50, F, shiny|\n|poke|p1|Garchomp, L50, M|\n|poke|p1|Basculegion, L50, M|\n|poke|p1|Dragonite, L50, F|\n|poke|p2|Froslass, L50, F|\n|poke|p2|Mr. Rime, L50, M|\n|poke|p2|Aerodactyl, L50, F|\n|poke|p2|Sinistcha, L50|\n|poke|p2|Kommo-o, L50, M|\n|poke|p2|Incineroar, L50, F|\n|teampreview|4\nUndertaco rejected open team sheets.\n|inactive|Battle timer is ON: inactive players will automatically lose when time's up. (requested by Anne_ChovyVGC)\n|\n|t:|1776540556\n|teamsize|p1|4\n|teamsize|p2|4\n|start\n|switch|p1a: Aggron|Aggron, L50, F|100/100\n|switch|p1b: Incineroar|Incineroar, L50, M, shiny|100/100\n|switch|p2a: Kommo-o|Kommo-o, L50, M|100/100\n|switch|p2b: Incineroar|Incineroar, L50, F|100/100\n|-ability|p1b: Incineroar|Intimidate|boost\n|-unboost|p2a: Kommo-o|atk|1\n|-unboost|p2b: Incineroar|atk|1\n|-ability|p2b: Incineroar|Intimidate|boost\n|-unboost|p1a: Aggron|atk|1\n|-unboost|p1b: Incineroar|atk|1\n|turn|1\n|inactive|Undertaco has 30 seconds left.\n|\n|t:|1776540584\n|move|p1a: Aggron|Protect|p1a: Aggron\n|-singleturn|p1a: Aggron|Protect\n|move|p2b: Incineroar|Fake Out|p1a: Aggron\n|-activate|p1a: Aggron|move: Protect\n|move|p2a: Kommo-o|Close Combat|p1a: Aggron\n|-activate|p1a: Aggron|move: Protect\n|move|p1b: Incineroar|Parting Shot|p2a: Kommo-o\n|-unboost|p2a: Kommo-o|atk|1\n|-unboost|p2a: Kommo-o|spa|1\n|\n|t:|1776540597\n|switch|p1b: Dragonite|Dragonite, L50, F|100/100|[from] Parting Shot\n|\n|upkeep\n|turn|2\n|inactive|Anne_ChovyVGC has 30 seconds left.\n|inactive|Anne_ChovyVGC has 20 seconds left.\n|inactive|Anne_ChovyVGC has 15 seconds left.\n|inactive|Anne_ChovyVGC has 10 seconds left.\n|inactive|Anne_ChovyVGC has 5 seconds left.\n|\n|t:|1776540650\n|switch|p2a: Sinistcha|Sinistcha, L50|100/100\n|detailschange|p1a: Aggron|Aggron-Mega, L50, F\n|-mega|p1a: Aggron|Aggron|Aggronite\n|move|p1b: Dragonite|Air Slash|p2a: Sinistcha\n|-supereffective|p2a: Sinistcha|1\n|-damage|p2a: Sinistcha|21/100\n|-enditem|p2a: Sinistcha|Sitrus Berry|[eat]\n|-heal|p2a: Sinistcha|46/100|[from] item: Sitrus Berry\n|move|p2b: Incineroar|Parting Shot|p1b: Dragonite\n|-unboost|p1b: Dragonite|atk|1\n|-unboost|p1b: Dragonite|spa|1\n|\n|t:|1776540663\n|switch|p2b: Froslass|Froslass, L50, F|100/100|[from] Parting Shot\n|move|p1a: Aggron|Body Press|p2b: Froslass\n|-immune|p2b: Froslass\n|\n|upkeep\n|turn|3\n|inactive|Anne_ChovyVGC has 30 seconds left.\n|\n|t:|1776540690\n|switch|p2a: Incineroar|Incineroar, L50, F|100/100\n|-ability|p2a: Incineroar|Intimidate|boost\n|-unboost|p1a: Aggron|atk|1\n|-unboost|p1b: Dragonite|atk|1\n|detailschange|p2b: Froslass|Froslass-Mega, L50, F\n|-mega|p2b: Froslass|Froslass|Froslassite\n|-weather|Snowscape|[from] ability: Snow Warning|[of] p2b: Froslass\n|move|p2b: Froslass|Blizzard|p1a: Aggron|[spread] p1a,p1b\n|-resisted|p1a: Aggron|1\n|-supereffective|p1b: Dragonite|2\n|-damage|p1a: Aggron|62/100\n|-damage|p1b: Dragonite|13/100\n|-status|p1a: Aggron|frz\n|-status|p1b: Dragonite|frz\n|-enditem|p1b: Dragonite|Lum Berry|[eat]\n|-curestatus|p1b: Dragonite|frz|[msg]\n|move|p1b: Dragonite|Flamethrower|p2b: Froslass\n|-supereffective|p2b: Froslass|1\n|-damage|p2b: Froslass|53/100\n|-curestatus|p1a: Aggron|frz|[msg]\n|move|p1a: Aggron|Rock Slide|p2a: Incineroar|[spread] p2a,p2b\n|-supereffective|p2a: Incineroar|1\n|-supereffective|p2b: Froslass|1\n|-damage|p2a: Incineroar|83/100\n|-damage|p2b: Froslass|28/100\n|\n|-weather|Snowscape|[upkeep]\n|-heal|p2a: Incineroar|89/100|[from] item: Leftovers\n|upkeep\n|turn|4\n|inactive|Undertaco has 30 seconds left.\n|inactive|Anne_ChovyVGC has 30 seconds left.\n|inactive|Undertaco has 20 seconds left.\n|inactive|Undertaco has 15 seconds left.\n|\n|t:|1776540734\n|switch|p1b: Incineroar|Incineroar, L50, M, shiny|100/100\n|-ability|p1b: Incineroar|Intimidate|boost\n|-unboost|p2a: Incineroar|atk|1\n|-unboost|p2b: Froslass|atk|1\n|move|p2a: Incineroar|Fake Out|p1a: Aggron\n|-resisted|p1a: Aggron|1\n|-damage|p1a: Aggron|60/100\n|move|p2b: Froslass|Blizzard|p1b: Incineroar|[spread] p1a,p1b\n|-resisted|p1a: Aggron|1\n|-resisted|p1b: Incineroar|1\n|-crit|p1b: Incineroar\n|-damage|p1a: Aggron|27/100\n|-damage|p1b: Incineroar|62/100\n|cant|p1a: Aggron|flinch\n|\n|-weather|Snowscape|[upkeep]\n|-heal|p2a: Incineroar|95/100|[from] item: Leftovers\n|upkeep\n|turn|5\n|\n|t:|1776540755\n|switch|p2b: Sinistcha|Sinistcha, L50|46/100\n|-heal|p2a: Incineroar|100/100|[from] ability: Hospitality|[of] p2b: Sinistcha\n|move|p1a: Aggron|Protect|p1a: Aggron\n|-singleturn|p1a: Aggron|Protect\n|move|p1b: Incineroar|Flare Blitz|p2b: Sinistcha\n|-supereffective|p2b: Sinistcha|1\n|-damage|p2b: Sinistcha|0 fnt\n|faint|p2b: Sinistcha\n|-damage|p1b: Incineroar|51/100|[from] Recoil\n|move|p2a: Incineroar|Flare Blitz|p1a: Aggron\n|-activate|p1a: Aggron|move: Protect\n|\n|-weather|Snowscape|[upkeep]\n|upkeep\n|\n|t:|1776540768\n|switch|p2b: Kommo-o|Kommo-o, L50, M|100/100\n|turn|6\n|\n|t:|1776540780\n|switch|p1a: Basculegion|Basculegion, L50, M|100/100\n|move|p1b: Incineroar|Fake Out||[still]\n|-hint|Fake Out only works on your first turn out.\n|-fail|p1b: Incineroar\n|move|p2b: Kommo-o|Close Combat|p1b: Incineroar\n|-supereffective|p1b: Incineroar|1\n|-enditem|p1b: Incineroar|Chople Berry|[eat]\n|-enditem|p1b: Incineroar|Chople Berry|[weaken]\n|-damage|p1b: Incineroar|17/100\n|-unboost|p2b: Kommo-o|def|1\n|-unboost|p2b: Kommo-o|spd|1\n|move|p2a: Incineroar|Flare Blitz|p1a: Basculegion\n|-resisted|p1a: Basculegion|1\n|-damage|p1a: Basculegion|77/100\n|-damage|p2a: Incineroar|92/100|[from] Recoil\n|\n|-weather|Snowscape|[upkeep]\n|-heal|p2a: Incineroar|98/100|[from] item: Leftovers\n|upkeep\n|turn|7\n|inactive|Undertaco has 30 seconds left.\n|inactive|Anne_ChovyVGC has 30 seconds left.\n|inactive|Undertaco has 20 seconds left.\n|\n|t:|1776540820\n|move|p2b: Kommo-o|Close Combat|p1b: Incineroar\n|-supereffective|p1b: Incineroar|1\n|-damage|p1b: Incineroar|0 fnt\n|-unboost|p2b: Kommo-o|def|1\n|-unboost|p2b: Kommo-o|spd|1\n|faint|p1b: Incineroar\n|move|p1a: Basculegion|Wave Crash|p2a: Incineroar\n|-supereffective|p2a: Incineroar|1\n|-damage|p2a: Incineroar|0 fnt\n|faint|p2a: Incineroar\n|-damage|p1a: Basculegion|50/100|[from] Recoil\n|\n|-weather|none\n|upkeep\n|\n|t:|1776540833\n|switch|p1b: Dragonite|Dragonite, L50, F|13/100\n|switch|p2a: Froslass|Froslass-Mega, L50, F|28/100\n|-weather|Snowscape|[from] ability: Snow Warning|[of] p2a: Froslass\n|turn|8\n|\n|t:|1776540851\n|switch|p1a: Aggron|Aggron-Mega, L50, F|27/100\n|move|p2b: Kommo-o|Close Combat|p1b: Dragonite\n|-resisted|p1b: Dragonite|1\n|-damage|p1b: Dragonite|0 fnt\n|-unboost|p2b: Kommo-o|def|1\n|-unboost|p2b: Kommo-o|spd|1\n|faint|p1b: Dragonite\n|move|p2a: Froslass|Shadow Ball|p1a: Aggron\n|-damage|p1a: Aggron|0 fnt\n|faint|p1a: Aggron\n|\n|-weather|Snowscape|[upkeep]\n|upkeep\n|\n|t:|1776540865\n|switch|p1b: Basculegion|Basculegion, L50, M|50/100\n|turn|9\n|\n|t:|1776540870\n|move|p2b: Kommo-o|Close Combat|p1b: Basculegion\n|-immune|p1b: Basculegion\n|move|p1b: Basculegion|Last Respects|p2a: Froslass\n|-supereffective|p2a: Froslass|1\n|-damage|p2a: Froslass|0 fnt\n|faint|p2a: Froslass\n|\n|-weather|Snowscape|[upkeep]\n|upkeep\n|turn|10\n|\n|t:|1776540881\n|move|p2b: Kommo-o|Close Combat|p1b: Basculegion\n|-immune|p1b: Basculegion\n|move|p1b: Basculegion|Last Respects|p2b: Kommo-o\n|-damage|p2b: Kommo-o|0 fnt\n|faint|p2b: Kommo-o\n|\n|win|Undertaco\n|raw|Undertaco's rating: 1107 &rarr; <strong>1128</strong><br />(+21 for winning)\n|raw|Anne_ChovyVGC's rating: 1044 &rarr; <strong>1030</strong><br />(-14 for losing)\n|l|\u2606Anne_ChovyVGC\n|player|p2|\n",
  "uploadtime": 1776540890,
  "views": 12,
  "formatid": "gen9championsvgc2026regma",
  "rating": 1030,
  "private": 0,
  "password": null
}