{
  "id": "gen9championsvgc2026regma-2582708342",
  "format": "[Gen 9 Champions] VGC 2026 Reg M-A",
  "players": [
    "rugshaker",
    "NotRegis"
  ],
  "log": "|j|\u2606rugshaker\n|j|\u2606NotRegis\n|t:|1776108698\n|gametype|doubles\n|player|p1|rugshaker|lillie-z|1091\n|player|p2|NotRegis|skierf|1187\n|gen|9\n|tier|[Gen 9 Champions] VGC 2026 Reg M-A\n|rated|\n|rule|Species Clause: Limit one of each Pok\u00e9mon\n|rule|Item Clause: Limit 1 of each item\n|clearpoke\n|poke|p1|Hawlucha, L50, F|\n|poke|p1|Excadrill, L50, F|\n|poke|p1|Whimsicott, L50, M|\n|poke|p1|Gengar, L50, F|\n|poke|p1|Incineroar, L50, F|\n|poke|p1|Sneasler, L50, M|\n|poke|p2|Sneasler, L50, F|\n|poke|p2|Kingambit, L50, F|\n|poke|p2|Sinistcha, L50|\n|poke|p2|Arcanine-Hisui, L50, F|\n|poke|p2|Palafin, L50, M|\n|poke|p2|Froslass, L50, F|\n|teampreview|4\n|\n|t:|1776108749\n|teamsize|p1|4\n|teamsize|p2|4\n|start\n|switch|p1a: Hawlucha|Hawlucha, L50, F|100/100\n|switch|p1b: Excadrill|Excadrill, L50, F|100/100\n|switch|p2a: Palafin|Palafin, L50, M|100/100\n|switch|p2b: Kingambit|Kingambit, L50, F|100/100\n|-ability|p1a: Hawlucha|Mold Breaker\n|-ability|p1b: Excadrill|Mold Breaker\n|turn|1\n|\n|t:|1776108793\n|detailschange|p1a: Hawlucha|Hawlucha-Mega, L50, F\n|-mega|p1a: Hawlucha|Hawlucha|Hawluchanite\n|move|p2b: Kingambit|Protect|p2b: Kingambit\n|-singleturn|p2b: Kingambit|Protect\n|move|p1a: Hawlucha|Entrainment|p1b: Excadrill\n|-ability|p1b: Excadrill|No Guard|Mold Breaker|[from] move: Entrainment|[of] p1a: Hawlucha\n|move|p1b: Excadrill|Horn Drill|p2a: Palafin\n|-damage|p2a: Palafin|0 fnt\n|faint|p2a: Palafin\n|-ohko\n|\n|upkeep\n|\n|t:|1776108803\n|switch|p2a: Arcanine|Arcanine-Hisui, L50, F|100/100\n|-ability|p2a: Arcanine|Intimidate|boost\n|-unboost|p1a: Hawlucha|atk|1\n|-unboost|p1b: Excadrill|atk|1\n|turn|2\n|\n|t:|1776108841\n|move|p1b: Excadrill|Protect|p1b: Excadrill\n|-singleturn|p1b: Excadrill|Protect\n|move|p1a: Hawlucha|Cross Chop|p2b: Kingambit\n|-supereffective|p2b: Kingambit|2\n|-damage|p2b: Kingambit|8/100\n|move|p2a: Arcanine|Flare Blitz|p1b: Excadrill\n|-activate|p1b: Excadrill|move: Protect\n|move|p2b: Kingambit|Kowtow Cleave|p1b: Excadrill\n|-activate|p1b: Excadrill|move: Protect\n|\n|upkeep\n|turn|3\n|\n|t:|1776108864\n|move|p2b: Kingambit|Sucker Punch|p1b: Excadrill\n|-damage|p1b: Excadrill|41/100\n|move|p1a: Hawlucha|Rock Slide|p2b: Kingambit|[spread] p2a,p2b\n|-supereffective|p2a: Arcanine|1\n|-resisted|p2b: Kingambit|1\n|-damage|p2a: Arcanine|73/100\n|-damage|p2b: Kingambit|3/100\n|move|p2a: Arcanine|Flare Blitz|p1b: Excadrill\n|-supereffective|p1b: Excadrill|1\n|-damage|p1b: Excadrill|0 fnt\n|faint|p1b: Excadrill\n|-damage|p2a: Arcanine|58/100|[from] Recoil\n|\n|upkeep\n|\n|t:|1776108875\n|switch|p1b: Gengar|Gengar, L50, F|100/100\n|turn|4\n|\n|t:|1776108890\n|move|p2a: Arcanine|Protect|p2a: Arcanine\n|-singleturn|p2a: Arcanine|Protect\n|move|p2b: Kingambit|Sucker Punch||[still]\n|-fail|p2b: Kingambit\n|move|p1a: Hawlucha|Rock Slide|p2b: Kingambit|[spread] p2b\n|-activate|p2a: Arcanine|move: Protect\n|-resisted|p2b: Kingambit|1\n|-damage|p2b: Kingambit|0 fnt\n|faint|p2b: Kingambit\n|move|p1b: Gengar|Disable|p2a: Arcanine\n|-activate|p2a: Arcanine|move: Protect\n|\n|upkeep\n|\n|t:|1776108899\n|switch|p2b: Sneasler|Sneasler, L50, F|100/100\n|turn|5\n|inactive|Battle timer is ON: inactive players will automatically lose when time's up. (requested by NotRegis)\n|\n|t:|1776108928\n|move|p2b: Sneasler|Fake Out|p1a: Hawlucha\n|-damage|p1a: Hawlucha|88/100\n|cant|p1a: Hawlucha|flinch\n|move|p1b: Gengar|Perish Song|p1b: Gengar\n|-start|p1a: Hawlucha|perish3|[silent]\n|-start|p1b: Gengar|perish3|[silent]\n|-start|p2a: Arcanine|perish3|[silent]\n|-start|p2b: Sneasler|perish3|[silent]\n|-fieldactivate|move: Perish Song\n|move|p2a: Arcanine|Rock Slide|p1a: Hawlucha|[spread] p1a,p1b\n|-damage|p1a: Hawlucha|61/100\n|-damage|p1b: Gengar|52/100\n|\n|-start|p2b: Sneasler|perish3\n|-start|p1a: Hawlucha|perish3\n|-start|p1b: Gengar|perish3\n|-start|p2a: Arcanine|perish3\n|upkeep\n|turn|6\n|\n|t:|1776108944\n|move|p1a: Hawlucha|Protect|p1a: Hawlucha\n|-singleturn|p1a: Hawlucha|Protect\n|move|p1b: Gengar|Protect|p1b: Gengar\n|-singleturn|p1b: Gengar|Protect\n|move|p2b: Sneasler|Dire Claw|p1a: Hawlucha\n|-activate|p1a: Hawlucha|move: Protect\n|move|p2a: Arcanine|Flare Blitz|p1b: Gengar\n|-activate|p1b: Gengar|move: Protect\n|\n|-start|p2b: Sneasler|perish2\n|-start|p1a: Hawlucha|perish2\n|-start|p1b: Gengar|perish2\n|-start|p2a: Arcanine|perish2\n|upkeep\n|turn|7\n|\n|t:|1776108966\n|move|p2b: Sneasler|Dire Claw|p1a: Hawlucha\n|-damage|p1a: Hawlucha|20/100\n|move|p1a: Hawlucha|Rock Slide|p2b: Sneasler|[spread] p2a,p2b\n|-supereffective|p2a: Arcanine|1\n|-resisted|p2b: Sneasler|1\n|-damage|p2a: Arcanine|28/100\n|-damage|p2b: Sneasler|91/100\n|move|p1b: Gengar|Shadow Ball|p2b: Sneasler\n|-damage|p2b: Sneasler|34/100\n|-unboost|p2b: Sneasler|spd|1\n|-enditem|p2b: Sneasler|White Herb\n|-clearnegativeboost|p2b: Sneasler|[silent]\n|move|p2a: Arcanine|Flare Blitz|p1b: Gengar\n|-damage|p1b: Gengar|0 fnt\n|-start|p2a: Arcanine|Disable|Flare Blitz|[from] ability: Cursed Body|[of] p1b: Gengar\n|faint|p1b: Gengar\n|-damage|p2a: Arcanine|14/100|[from] Recoil\n|\n|-start|p2b: Sneasler|perish1\n|-start|p1a: Hawlucha|perish1\n|-start|p2a: Arcanine|perish1\n|upkeep\n|\n|t:|1776108977\n|switch|p1b: Whimsicott|Whimsicott, L50, M|100/100\n|turn|8\n|c|\u2606rugshaker|gg\n|\n|t:|1776108983\n|move|p1b: Whimsicott|Protect|p1b: Whimsicott\n|-singleturn|p1b: Whimsicott|Protect\n|move|p1a: Hawlucha|Protect|p1a: Hawlucha\n|-singleturn|p1a: Hawlucha|Protect\n|move|p2a: Arcanine|Extreme Speed|p1b: Whimsicott\n|-activate|p1b: Whimsicott|move: Protect\n|move|p2b: Sneasler|Dire Claw|p1b: Whimsicott\n|-activate|p1b: Whimsicott|move: Protect\n|\n|-start|p2b: Sneasler|perish0\n|-start|p1a: Hawlucha|perish0\n|-start|p2a: Arcanine|perish0\n|faint|p2b: Sneasler\n|faint|p1a: Hawlucha\n|faint|p2a: Arcanine\n|\n|win|rugshaker\n|raw|rugshaker's rating: 1091 &rarr; <strong>1124</strong><br />(+33 for winning)\n|raw|NotRegis's rating: 1187 &rarr; <strong>1155</strong><br />(-32 for losing)\n|l|\u2606NotRegis\n|player|p2|\n",
  "uploadtime": 1776109000,
  "views": 13,
  "formatid": "gen9championsvgc2026regma",
  "rating": 1124,
  "private": 0,
  "password": null
}