{
  "id": "gen9championsvgc2026regma-2581290212",
  "format": "[Gen 9 Champions] VGC 2026 Reg M-A",
  "players": [
    "f1ish",
    "Chuggdot"
  ],
  "log": "|badge|p1|bronze|gen9randombattle|100-9\n|uhtml|medal-msg|<div class=\"broadcast-blue\">Curious what those medals under the avatar are? PS now has Ladder Seasons! For more information, check out the <a href=\"https://www.smogon.com/forums/threads/3740067/\">thread on Smogon.</a></div>\n|j|\u203df1ish\n|j|\u2606Chuggdot\n|t:|1775982032\n|gametype|doubles\n|player|p1|f1ish|266|1264\n|player|p2|Chuggdot|102|1320\n|gen|9\n|tier|[Gen 9 Champions] VGC 2026 Reg M-A\n|rated|\n|rule|Species Clause: Limit one of each Pok\u00e9mon\n|rule|Item Clause: Limit 1 of each item\n|clearpoke\n|poke|p1|Politoed, L50, M|\n|poke|p1|Archaludon, L50, F|\n|poke|p1|Basculegion, L50, M|\n|poke|p1|Incineroar, L50, F|\n|poke|p1|Sinistcha, L50|\n|poke|p1|Gengar, L50, M|\n|poke|p2|Empoleon, L50, M|\n|poke|p2|Sinistcha, L50|\n|poke|p2|Incineroar, L50, M|\n|poke|p2|Floette-Eternal, L50, F|\n|poke|p2|Aerodactyl, L50, M|\n|poke|p2|Mamoswine, L50, F|\n|teampreview|4\n|inactive|Battle timer is ON: inactive players will automatically lose when time's up. (requested by Chuggdot)\n|inactive|f1ish also wants the timer to be on.\n|j| gE1xjZRtuhW2DdT0AK\n|\n|t:|1775982055\n|teamsize|p1|4\n|teamsize|p2|4\n|start\n|switch|p1a: Archaludon|Archaludon, L50, F|100/100\n|switch|p1b: Politoed|Politoed, L50, M|100/100\n|switch|p2a: Mamoswine|Mamoswine, L50, F|100/100\n|switch|p2b: Empoleon|Empoleon, L50, M|100/100\n|-weather|RainDance|[from] ability: Drizzle|[of] p1b: Politoed\n|turn|1\n|inactive|f1ish has 30 seconds left.\n|\n|t:|1775982087\n|switch|p2b: Sinistcha|Sinistcha, L50|100/100\n|move|p1a: Archaludon|Protect|p1a: Archaludon\n|-singleturn|p1a: Archaludon|Protect\n|move|p2a: Mamoswine|High Horsepower|p1a: Archaludon\n|-activate|p1a: Archaludon|move: Protect\n|move|p1b: Politoed|Weather Ball|p2a: Mamoswine\n|-supereffective|p2a: Mamoswine|1\n|-damage|p2a: Mamoswine|0 fnt\n|faint|p2a: Mamoswine\n|\n|-weather|RainDance|[upkeep]\n|upkeep\n|\n|t:|1775982097\n|switch|p2a: Floette|Floette-Eternal, L50, F|100/100\n|turn|2\n|\n|t:|1775982117\n|detailschange|p2a: Floette|Floette-Mega, L50, F\n|-mega|p2a: Floette|Floette|Floettite\n|-ability|p2a: Floette|Fairy Aura\n|move|p2b: Sinistcha|Rage Powder|p2b: Sinistcha\n|-singleturn|p2b: Sinistcha|move: Rage Powder\n|move|p1a: Archaludon|Flash Cannon|p2b: Sinistcha\n|-damage|p2b: Sinistcha|61/100\n|move|p2a: Floette|Calm Mind|p2a: Floette\n|-boost|p2a: Floette|spa|1\n|-boost|p2a: Floette|spd|1\n|move|p1b: Politoed|Perish Song|p1b: Politoed\n|-start|p1a: Archaludon|perish3|[silent]\n|-start|p1b: Politoed|perish3|[silent]\n|-start|p2a: Floette|perish3|[silent]\n|-start|p2b: Sinistcha|perish3|[silent]\n|-fieldactivate|move: Perish Song\n|\n|-weather|RainDance|[upkeep]\n|-start|p1a: Archaludon|perish3\n|-start|p2a: Floette|perish3\n|-start|p1b: Politoed|perish3\n|-start|p2b: Sinistcha|perish3\n|upkeep\n|turn|3\n|inactive|Chuggdot has 30 seconds left.\n|\n|t:|1775982142\n|switch|p1b: Gengar|Gengar, L50, M|100/100\n|move|p1a: Archaludon|Protect|p1a: Archaludon\n|-singleturn|p1a: Archaludon|Protect\n|move|p2a: Floette|Moonblast|p1a: Archaludon\n|-activate|p1a: Archaludon|move: Protect\n|move|p2b: Sinistcha|Matcha Gotcha|p1a: Archaludon|[spread] \n|-activate|p1a: Archaludon|move: Protect\n|-miss|p2b: Sinistcha|p1b: Gengar\n|\n|-weather|RainDance|[upkeep]\n|-start|p1a: Archaludon|perish2\n|-start|p2a: Floette|perish2\n|-start|p2b: Sinistcha|perish2\n|upkeep\n|turn|4\n|inactive|f1ish has 30 seconds left.\n|\n|t:|1775982175\n|switch|p2a: Empoleon|Empoleon, L50, M|100/100\n|detailschange|p1b: Gengar|Gengar-Mega, L50, M\n|-mega|p1b: Gengar|Gengar|Gengarite\n|move|p1b: Gengar|Sludge Bomb|p2b: Sinistcha\n|-damage|p2b: Sinistcha|12/100\n|-status|p2b: Sinistcha|psn\n|-enditem|p2b: Sinistcha|Sitrus Berry|[eat]\n|-heal|p2b: Sinistcha|37/100 psn|[from] item: Sitrus Berry\n|move|p1a: Archaludon|Flash Cannon|p2b: Sinistcha\n|-damage|p2b: Sinistcha|0 fnt\n|faint|p2b: Sinistcha\n|\n|-weather|RainDance|[upkeep]\n|-start|p1a: Archaludon|perish1\n|upkeep\n|\n|t:|1775982183\n|switch|p2b: Floette|Floette-Mega, L50, F|100/100\n|-ability|p2b: Floette|Fairy Aura\n|turn|5\n|-message|Chuggdot forfeited.\n|\n|win|f1ish\n|raw|f1ish's rating: 1287 &rarr; <strong>1314</strong><br />(+27 for winning)\n|raw|Chuggdot's rating: 1320 &rarr; <strong>1298</strong><br />(-22 for losing)\n|l|\u2606Chuggdot\n|player|p2|\n|l|\u203df1ish\n|player|p1|\n",
  "uploadtime": 1775982203,
  "views": 24,
  "formatid": "gen9championsvgc2026regma",
  "rating": 1298,
  "private": 0,
  "password": null
}