{
  "id": "gen9championsvgc2026regma-2588548377",
  "format": "[Gen 9 Champions] VGC 2026 Reg M-A",
  "players": [
    "lessa_ped",
    "Alterphyco21"
  ],
  "log": "|j|\u2606lessa_ped\n|j|\u2606Alterphyco21\n|t:|1776643852\n|gametype|doubles\n|player|p1|lessa_ped|101|1125\n|player|p2|Alterphyco21|n|1160\n|gen|9\n|tier|[Gen 9 Champions] VGC 2026 Reg M-A\n|rated|\n|rule|Species Clause: Limit one of each Pok\u00e9mon\n|rule|Item Clause: Limit 1 of each item\n|clearpoke\n|poke|p1|Sinistcha, L50|\n|poke|p1|Sneasler, L50, M|\n|poke|p1|Kingambit, L50, F, shiny|\n|poke|p1|Incineroar, L50, F|\n|poke|p1|Politoed, L50, F|\n|poke|p1|Gengar, L50, M|\n|poke|p2|Sylveon, L50, M, shiny|\n|poke|p2|Garchomp, L50, M, shiny|\n|poke|p2|Glimmora, L50, F|\n|poke|p2|Gyarados, L50, M|\n|poke|p2|Kingambit, L50, M|\n|poke|p2|Talonflame, L50, F|\n|teampreview|4\n|\n|t:|1776643918\n|teamsize|p1|4\n|teamsize|p2|4\n|start\n|switch|p1a: Kingambit|Kingambit, L50, F, shiny|100/100\n|switch|p1b: Politoed|Politoed, L50, F|100/100\n|switch|p2a: Nakamura|Garchomp, L50, M, shiny|100/100\n|switch|p2b: Asta|Talonflame, L50, F|100/100\n|-weather|RainDance|[from] ability: Drizzle|[of] p1b: Politoed\n|turn|1\n|\n|t:|1776643945\n|move|p1a: Kingambit|Protect|p1a: Kingambit\n|-singleturn|p1a: Kingambit|Protect\n|move|p2b: Asta|Dual Wingbeat|p1b: Politoed\n|-damage|p1b: Politoed|84/100\n|-damage|p1b: Politoed|67/100\n|-hitcount|p1b: Politoed|2\n|move|p2a: Nakamura|Earthquake|p1a: Kingambit|[spread] p1b\n|-activate|p1a: Kingambit|move: Protect\n|-immune|p2b: Asta\n|-damage|p1b: Politoed|30/100\n|move|p1b: Politoed|Weather Ball|p2b: Asta\n|-supereffective|p2b: Asta|1\n|-enditem|p2b: Asta|Focus Sash\n|-damage|p2b: Asta|1/100\n|\n|-weather|RainDance|[upkeep]\n|-heal|p1b: Politoed|36/100|[from] item: Leftovers\n|upkeep\n|turn|2\n|\n|t:|1776643970\n|move|p1b: Politoed|Protect|p1b: Politoed\n|-singleturn|p1b: Politoed|Protect\n|move|p1a: Kingambit|Sucker Punch||[still]\n|-fail|p1a: Kingambit\n|move|p2b: Asta|Tailwind|p2b: Asta\n|-sidestart|p2: Alterphyco21|move: Tailwind\n|move|p2a: Nakamura|Earthquake|p1b: Politoed|[spread] p1a\n|-activate|p1b: Politoed|move: Protect\n|-immune|p2b: Asta\n|-supereffective|p1a: Kingambit|1\n|-damage|p1a: Kingambit|44/100\n|\n|-weather|RainDance|[upkeep]\n|-heal|p1b: Politoed|42/100|[from] item: Leftovers\n|upkeep\n|turn|3\n|\n|t:|1776644014\n|switch|p1b: Sinistcha|Sinistcha, L50|100/100\n|-heal|p1a: Kingambit|69/100|[from] ability: Hospitality|[of] p1b: Sinistcha\n|move|p2b: Asta|Protect|p2b: Asta\n|-singleturn|p2b: Asta|Protect\n|move|p1a: Kingambit|Protect|p1a: Kingambit\n|-singleturn|p1a: Kingambit|Protect\n|move|p2a: Nakamura|Earthquake|p1a: Kingambit|[spread] p1b\n|-activate|p2b: Asta|move: Protect\n|-activate|p1a: Kingambit|move: Protect\n|-resisted|p1b: Sinistcha|1\n|-damage|p1b: Sinistcha|86/100\n|\n|-weather|RainDance|[upkeep]\n|upkeep\n|turn|4\n|\n|t:|1776644059\n|move|p1a: Kingambit|Sucker Punch|p2b: Asta\n|-damage|p2b: Asta|0 fnt\n|faint|p2b: Asta\n|move|p2a: Nakamura|Earthquake|p1b: Sinistcha|[spread] p1a,p1b\n|-supereffective|p1a: Kingambit|1\n|-resisted|p1b: Sinistcha|1\n|-damage|p1a: Kingambit|10/100\n|-damage|p1b: Sinistcha|72/100\n|move|p1b: Sinistcha|Matcha Gotcha|p2a: Nakamura\n|-damage|p2a: Nakamura|65/100\n|-heal|p1b: Sinistcha|90/100|[from] drain|[of] p2a: Nakamura\n|\n|-weather|RainDance|[upkeep]\n|upkeep\n|\n|t:|1776644065\n|switch|p2b: Morganna|Glimmora, L50, F|100/100\n|turn|5\n|\n|t:|1776644128\n|switch|p1a: Gengar|Gengar, L50, M|100/100\n|detailschange|p2b: Morganna|Glimmora-Mega, L50, F\n|-mega|p2b: Morganna|Glimmora|Glimmoranite\n|move|p1b: Sinistcha|Protect|p1b: Sinistcha\n|-singleturn|p1b: Sinistcha|Protect\n|move|p2a: Nakamura|Earthquake|p1b: Sinistcha|[spread] p2b,p1a\n|-activate|p1b: Sinistcha|move: Protect\n|-supereffective|p2b: Morganna|2\n|-supereffective|p1a: Gengar|1\n|-damage|p2b: Morganna|0 fnt\n|-damage|p1a: Gengar|0 fnt\n|faint|p2b: Morganna\n|faint|p1a: Gengar\n|\n|-weather|none\n|-sideend|p2: Alterphyco21|move: Tailwind\n|upkeep\n|\n|t:|1776644142\n|switch|p1a: Politoed|Politoed, L50, F|42/100\n|switch|p2b: Yu Zhong|Gyarados, L50, M|100/100\n|-ability|p2b: Yu Zhong|Intimidate|boost\n|-unboost|p1a: Politoed|atk|1\n|-unboost|p1b: Sinistcha|atk|1\n|-weather|RainDance|[from] ability: Drizzle|[of] p1a: Politoed\n|turn|6\n|\n|t:|1776644169\n|move|p1b: Sinistcha|Rage Powder|p1b: Sinistcha\n|-singleturn|p1b: Sinistcha|move: Rage Powder\n|move|p2a: Nakamura|Dragon Claw|p1b: Sinistcha\n|-damage|p1b: Sinistcha|61/100\n|move|p2b: Yu Zhong|Taunt|p1b: Sinistcha\n|-start|p1b: Sinistcha|move: Taunt\n|move|p1a: Politoed|Perish Song|p1a: Politoed\n|-start|p1a: Politoed|perish3|[silent]\n|-start|p1b: Sinistcha|perish3|[silent]\n|-start|p2a: Nakamura|perish3|[silent]\n|-start|p2b: Yu Zhong|perish3|[silent]\n|-fieldactivate|move: Perish Song\n|\n|-weather|RainDance|[upkeep]\n|-heal|p1a: Politoed|48/100|[from] item: Leftovers\n|-start|p2a: Nakamura|perish3\n|-start|p2b: Yu Zhong|perish3\n|-start|p1b: Sinistcha|perish3\n|-start|p1a: Politoed|perish3\n|upkeep\n|turn|7\n|-message|Alterphyco21 forfeited.\n|\n|win|lessa_ped\n|raw|lessa_ped's rating: 1125 &rarr; <strong>1153</strong><br />(+28 for winning)\n|raw|Alterphyco21's rating: 1160 &rarr; <strong>1132</strong><br />(-28 for losing)\n|l|\u2606Alterphyco21\n|player|p2|\n",
  "uploadtime": 1776644184,
  "views": 11,
  "formatid": "gen9championsvgc2026regma",
  "rating": 1132,
  "private": 0,
  "password": null
}