{
  "id": "gen9championsvgc2026regma-2585324773",
  "format": "[Gen 9 Champions] VGC 2026 Reg M-A",
  "players": [
    "Oswaldo Witalcoche",
    "PepperKV"
  ],
  "log": "|j|\u2606Oswaldo Witalcoche\n|j|\u2606PepperKV\n|t:|1776337914\n|gametype|doubles\n|player|p1|Oswaldo Witalcoche|170|1195\n|player|p2|PepperKV|hilbert|1165\n|gen|9\n|tier|[Gen 9 Champions] VGC 2026 Reg M-A\n|rated|\n|rule|Species Clause: Limit one of each Pok\u00e9mon\n|rule|Item Clause: Limit 1 of each item\n|clearpoke\n|poke|p1|Aerodactyl, L50, F|\n|poke|p1|Garchomp, L50, F|\n|poke|p1|Venusaur, L50, M|\n|poke|p1|Torkoal, L50, F|\n|poke|p1|Basculegion-F, L50, F|\n|poke|p1|Kingambit, L50, F|\n|poke|p2|Delphox, L50, M|\n|poke|p2|Whimsicott, L50, M|\n|poke|p2|Basculegion, L50, M|\n|poke|p2|Garchomp, L50, F|\n|poke|p2|Archaludon, L50, F|\n|poke|p2|Milotic, L50, M|\n|teampreview|4\n|\n|t:|1776337961\n|teamsize|p1|4\n|teamsize|p2|4\n|start\n|switch|p1a: Aerodactyl|Aerodactyl, L50, F|100/100\n|switch|p1b: Basculegion|Basculegion-F, L50, F|100/100\n|switch|p2a: Milotic|Milotic, L50, M|100/100\n|switch|p2b: Whimsicott|Whimsicott, L50, M|100/100\n|-ability|p1a: Aerodactyl|Unnerve\n|turn|1\n|\n|t:|1776337997\n|detailschange|p1a: Aerodactyl|Aerodactyl-Mega, L50, F\n|-mega|p1a: Aerodactyl|Aerodactyl|Aerodactylite\n|move|p2b: Whimsicott|Tailwind|p2b: Whimsicott\n|-sidestart|p2: PepperKV|move: Tailwind\n|move|p1a: Aerodactyl|Tailwind|p1a: Aerodactyl\n|-sidestart|p1: Oswaldo Witalcoche|move: Tailwind\n|move|p1b: Basculegion|Ice Beam|p2b: Whimsicott\n|-supereffective|p2b: Whimsicott|1\n|-damage|p2b: Whimsicott|13/100\n|move|p2a: Milotic|Ice Beam|p1a: Aerodactyl\n|-supereffective|p1a: Aerodactyl|1\n|-damage|p1a: Aerodactyl|39/100\n|\n|upkeep\n|turn|2\n|\n|t:|1776338049\n|move|p1a: Aerodactyl|Protect|p1a: Aerodactyl\n|-singleturn|p1a: Aerodactyl|Protect\n|move|p2b: Whimsicott|Sunny Day|p2b: Whimsicott\n|-weather|SunnyDay\n|move|p1b: Basculegion|Ice Beam|p2b: Whimsicott\n|-supereffective|p2b: Whimsicott|1\n|-damage|p2b: Whimsicott|0 fnt\n|faint|p2b: Whimsicott\n|move|p2a: Milotic|Surf|p1a: Aerodactyl|[spread] p1b\n|-activate|p1a: Aerodactyl|move: Protect\n|-resisted|p1b: Basculegion|1\n|-damage|p1b: Basculegion|92/100\n|\n|-weather|SunnyDay|[upkeep]\n|upkeep\n|\n|t:|1776338064\n|switch|p2b: Delphox|Delphox, L50, M|100/100\n|turn|3\n|inactive|Battle timer is ON: inactive players will automatically lose when time's up. (requested by Oswaldo Witalcoche)\n|\n|t:|1776338111\n|switch|p1b: Torkoal|Torkoal, L50, F|100/100\n|detailschange|p2b: Delphox|Delphox-Mega, L50, M\n|-mega|p2b: Delphox|Delphox|Delphoxite\n|move|p2b: Delphox|Protect|p2b: Delphox\n|-singleturn|p2b: Delphox|Protect\n|move|p1a: Aerodactyl|Rock Slide|p2a: Milotic|[spread] p2a\n|-activate|p2b: Delphox|move: Protect\n|-damage|p2a: Milotic|72/100\n|cant|p2a: Milotic|flinch\n|\n|-weather|SunnyDay|[upkeep]\n|upkeep\n|turn|4\n|inactive|Oswaldo Witalcoche has 30 seconds left.\n|inactive|PepperKV has 30 seconds left.\n|\n|t:|1776338144\n|move|p1a: Aerodactyl|Rock Slide|p2b: Delphox|[spread] p2a,p2b\n|-supereffective|p2b: Delphox|1\n|-damage|p2a: Milotic|44/100\n|-damage|p2b: Delphox|10/100\n|-enditem|p2a: Milotic|Sitrus Berry|[eat]\n|-heal|p2a: Milotic|68/100|[from] item: Sitrus Berry\n|cant|p2b: Delphox|flinch\n|move|p2a: Milotic|Surf|p1b: Torkoal|[spread] p2b,p1a,p1b\n|-supereffective|p2b: Delphox|1\n|-supereffective|p1a: Aerodactyl|1\n|-supereffective|p1b: Torkoal|1\n|-damage|p2b: Delphox|0 fnt\n|-damage|p1a: Aerodactyl|8/100\n|-damage|p1b: Torkoal|67/100\n|faint|p2b: Delphox\n|move|p1b: Torkoal|Heat Wave|p2a: Milotic\n|-resisted|p2a: Milotic|1\n|-damage|p2a: Milotic|46/100\n|\n|-weather|SunnyDay|[upkeep]\n|-sideend|p1: Oswaldo Witalcoche|move: Tailwind\n|-sideend|p2: PepperKV|move: Tailwind\n|upkeep\n|\n|t:|1776338160\n|switch|p2b: Basculegion|Basculegion, L50, M|100/100\n|turn|5\n|inactive|PepperKV has 30 seconds left.\n|\n|t:|1776338187\n|move|p2b: Basculegion|Aqua Jet|p1b: Torkoal\n|-supereffective|p1b: Torkoal|1\n|-damage|p1b: Torkoal|46/100\n|-enditem|p1b: Torkoal|Sitrus Berry|[eat]\n|-heal|p1b: Torkoal|71/100|[from] item: Sitrus Berry\n|move|p1a: Aerodactyl|Tailwind|p1a: Aerodactyl\n|-sidestart|p1: Oswaldo Witalcoche|move: Tailwind\n|move|p2a: Milotic|Surf|p1a: Aerodactyl|[spread] p2b,p1a,p1b\n|-resisted|p2b: Basculegion|1\n|-supereffective|p1a: Aerodactyl|1\n|-supereffective|p1b: Torkoal|1\n|-damage|p2b: Basculegion|93/100\n|-damage|p1a: Aerodactyl|0 fnt\n|-damage|p1b: Torkoal|37/100\n|faint|p1a: Aerodactyl\n|move|p1b: Torkoal|Heat Wave|p2a: Milotic|[spread] p2a,p2b\n|-resisted|p2a: Milotic|1\n|-resisted|p2b: Basculegion|1\n|-crit|p2b: Basculegion\n|-damage|p2a: Milotic|28/100\n|-damage|p2b: Basculegion|55/100\n|-status|p2b: Basculegion|brn\n|\n|-weather|SunnyDay|[upkeep]\n|-damage|p2b: Basculegion|49/100 brn|[from] brn\n|upkeep\n|\n|t:|1776338195\n|switch|p1a: Basculegion|Basculegion-F, L50, F|92/100\n|turn|6\n|\n|t:|1776338220\n|move|p2b: Basculegion|Aqua Jet|p1b: Torkoal\n|-supereffective|p1b: Torkoal|1\n|-crit|p1b: Torkoal\n|-damage|p1b: Torkoal|21/100\n|move|p1a: Basculegion|Shadow Ball|p2b: Basculegion\n|-supereffective|p2b: Basculegion|1\n|-damage|p2b: Basculegion|0 fnt\n|faint|p2b: Basculegion\n|move|p2a: Milotic|Life Dew|p2a: Milotic\n|-heal|p2a: Milotic|53/100\n|move|p1b: Torkoal|Earth Power|p2a: Milotic\n|-damage|p2a: Milotic|36/100\n|-unboost|p2a: Milotic|spd|1\n|-ability|p2a: Milotic|Competitive|boost\n|-boost|p2a: Milotic|spa|2\n|\n|-weather|none\n|upkeep\n|turn|7\n|\n|t:|1776338240\n|move|p1a: Basculegion|Shadow Ball|p2a: Milotic\n|-damage|p2a: Milotic|0 fnt\n|faint|p2a: Milotic\n|\n|win|Oswaldo Witalcoche\n|raw|Oswaldo Witalcoche's rating: 1195 &rarr; <strong>1218</strong><br />(+23 for winning)\n|raw|PepperKV's rating: 1165 &rarr; <strong>1142</strong><br />(-23 for losing)\n|c|\u2606PepperKV|gg\n|c|\u2606Oswaldo Witalcoche|gg\n",
  "uploadtime": 1776338258,
  "views": 24,
  "formatid": "gen9championsvgc2026regma",
  "rating": 1142,
  "private": 0,
  "password": null
}