{
  "id": "gen9championsvgc2026regma-2584667002",
  "format": "[Gen 9 Champions] VGC 2026 Reg M-A",
  "players": [
    "Ottimo Massimo",
    "CharlzA25"
  ],
  "log": "|j|\u2606Ottimo Massimo\n|j|\u2606CharlzA25\n|t:|1776275510\n|gametype|doubles\n|player|p1|Ottimo Massimo|101|1095\n|player|p2|CharlzA25|101|1104\n|gen|9\n|tier|[Gen 9 Champions] VGC 2026 Reg M-A\n|rated|\n|rule|Species Clause: Limit one of each Pok\u00e9mon\n|rule|Item Clause: Limit 1 of each item\n|clearpoke\n|poke|p1|Froslass, L50, F|\n|poke|p1|Beartic, L50, F|\n|poke|p1|Sneasler, L50, F|\n|poke|p1|Aerodactyl, L50, F|\n|poke|p1|Archaludon, L50, F|\n|poke|p1|Meganium, L50, M|\n|poke|p2|Floette-Eternal, L50, F|\n|poke|p2|Whimsicott, L50, M|\n|poke|p2|Farigiraf, L50, F|\n|poke|p2|Garchomp, L50, M|\n|poke|p2|Sinistcha-Masterpiece, L50|\n|poke|p2|Incineroar, L50, F|\n|teampreview|4\n|\n|t:|1776275551\n|teamsize|p1|4\n|teamsize|p2|4\n|start\n|switch|p1a: Archaludon|Archaludon, L50, F|100/100\n|switch|p1b: Sneasler|Sneasler, L50, F|100/100\n|switch|p2a: Whimsicott|Whimsicott, L50, M|100/100\n|switch|p2b: Floette|Floette-Eternal, L50, F|100/100\n|turn|1\n|\n|t:|1776275569\n|switch|p2b: Farigiraf|Farigiraf, L50, F|100/100\n|move|p1b: Sneasler|Fake Out||[still]\n|cant|p2b: Farigiraf|ability: Armor Tail|Fake Out|[of] p1b: Sneasler\n|move|p2a: Whimsicott|Tailwind|p2a: Whimsicott\n|-sidestart|p2: CharlzA25|move: Tailwind\n|move|p1a: Archaludon|Steel Beam|p2b: Farigiraf\n|-damage|p2b: Farigiraf|8/100\n|-damage|p1a: Archaludon|50/100|[from] steelbeam\n|\n|upkeep\n|turn|2\n|\n|t:|1776275599\n|switch|p1b: Aerodactyl|Aerodactyl, L50, F|100/100\n|-ability|p1b: Aerodactyl|Unnerve\n|switch|p2b: Incineroar|Incineroar, L50, F|100/100\n|-ability|p2b: Incineroar|Intimidate|boost\n|-unboost|p1a: Archaludon|atk|1\n|-unboost|p1b: Aerodactyl|atk|1\n|move|p2a: Whimsicott|Encore||[still]\n|-fail|p2a: Whimsicott\n|move|p1a: Archaludon|Thunderbolt|p2b: Incineroar\n|-damage|p2b: Incineroar|71/100\n|\n|upkeep\n|turn|3\n|\n|t:|1776275625\n|switch|p1a: Sneasler|Sneasler, L50, F|100/100\n|move|p1b: Aerodactyl|Protect|p1b: Aerodactyl\n|-singleturn|p1b: Aerodactyl|Protect\n|move|p2b: Incineroar|Fake Out|p1b: Aerodactyl\n|-activate|p1b: Aerodactyl|move: Protect\n|move|p2a: Whimsicott|Dazzling Gleam|p1b: Aerodactyl|[spread] p1a\n|-activate|p1b: Aerodactyl|move: Protect\n|-damage|p1a: Sneasler|68/100\n|\n|upkeep\n|turn|4\n|\n|t:|1776275644\n|switch|p2a: Farigiraf|Farigiraf, L50, F|8/100\n|switch|p1a: Archaludon|Archaludon, L50, F|50/100\n|move|p1b: Aerodactyl|Tailwind|p1b: Aerodactyl\n|-sidestart|p1: Ottimo Massimo|move: Tailwind\n|move|p2b: Incineroar|Flare Blitz|p1a: Archaludon\n|-damage|p1a: Archaludon|0 fnt\n|faint|p1a: Archaludon\n|-damage|p2b: Incineroar|57/100|[from] Recoil\n|\n|-sideend|p2: CharlzA25|move: Tailwind\n|upkeep\n|\n|t:|1776275662\n|switch|p1a: Froslass|Froslass, L50, F, shiny|100/100\n|turn|5\n|\n|t:|1776275669\n|detailschange|p1a: Froslass|Froslass-Mega, L50, F, shiny\n|-mega|p1a: Froslass|Froslass|Froslassite\n|-weather|Snowscape|[from] ability: Snow Warning|[of] p1a: Froslass\n|move|p1b: Aerodactyl|Rock Slide|p2b: Incineroar|[spread] p2a,p2b\n|-supereffective|p2b: Incineroar|1\n|-damage|p2a: Farigiraf|0 fnt\n|-damage|p2b: Incineroar|22/100\n|faint|p2a: Farigiraf\n|move|p1a: Froslass|Aurora Veil|p1a: Froslass\n|-sidestart|p1: Ottimo Massimo|move: Aurora Veil\n|cant|p2b: Incineroar|flinch\n|\n|-weather|Snowscape|[upkeep]\n|upkeep\n|\n|t:|1776275683\n|switch|p2a: Floette|Floette-Eternal, L50, F|100/100\n|turn|6\n|\n|t:|1776275696\n|detailschange|p2a: Floette|Floette-Mega, L50, F\n|-mega|p2a: Floette|Floette|Floettite\n|-ability|p2a: Floette|Fairy Aura\n|move|p1a: Froslass|Blizzard|p2a: Floette|[spread] p2a,p2b\n|-resisted|p2b: Incineroar|1\n|-damage|p2a: Floette|60/100\n|-damage|p2b: Incineroar|0 fnt\n|faint|p2b: Incineroar\n|move|p1b: Aerodactyl|Rock Slide|p2a: Floette\n|-damage|p2a: Floette|29/100\n|move|p2a: Floette|Calm Mind|p2a: Floette\n|-boost|p2a: Floette|spa|1\n|-boost|p2a: Floette|spd|1\n|\n|-weather|Snowscape|[upkeep]\n|upkeep\n|\n|t:|1776275705\n|switch|p2b: Whimsicott|Whimsicott, L50, M|100/100\n|turn|7\n|\n|t:|1776275718\n|move|p2a: Floette|Protect|p2a: Floette\n|-singleturn|p2a: Floette|Protect\n|move|p2b: Whimsicott|Tailwind|p2b: Whimsicott\n|-sidestart|p2: CharlzA25|move: Tailwind\n|move|p1a: Froslass|Blizzard|p2a: Floette|[spread] p2b\n|-activate|p2a: Floette|move: Protect\n|-supereffective|p2b: Whimsicott|1\n|-enditem|p2b: Whimsicott|Focus Sash\n|-damage|p2b: Whimsicott|1/100\n|move|p1b: Aerodactyl|Rock Slide|p2b: Whimsicott|[spread] p2b\n|-activate|p2a: Floette|move: Protect\n|-damage|p2b: Whimsicott|0 fnt\n|faint|p2b: Whimsicott\n|\n|-weather|Snowscape|[upkeep]\n|-sideend|p1: Ottimo Massimo|move: Tailwind\n|upkeep\n|turn|8\n|\n|t:|1776275739\n|move|p2a: Floette|Dazzling Gleam|p1a: Froslass|[spread] p1a,p1b\n|-damage|p1a: Froslass|32/100\n|-damage|p1b: Aerodactyl|33/100\n|move|p1b: Aerodactyl|Rock Slide|p2a: Floette\n|-damage|p2a: Floette|0 fnt\n|faint|p2a: Floette\n|\n|win|Ottimo Massimo\n|raw|Ottimo Massimo's rating: 1095 &rarr; <strong>1121</strong><br />(+26 for winning)\n|raw|CharlzA25's rating: 1104 &rarr; <strong>1078</strong><br />(-26 for losing)\n",
  "uploadtime": 1776275749,
  "views": 19,
  "formatid": "gen9championsvgc2026regma",
  "rating": 1078,
  "private": 0,
  "password": null
}