{
  "id": "gen9championsvgc2026regma-2580517958",
  "format": "[Gen 9 Champions] VGC 2026 Reg M-A",
  "players": [
    "wdnmlgbyd",
    "Greenmamba67"
  ],
  "log": "|j|\u2606wdnmlgbyd\n|j|\u2606Greenmamba67\n|t:|1775907819\n|gametype|doubles\n|player|p1|wdnmlgbyd|veteranf|1000\n|player|p2|Greenmamba67|hoopster|1000\n|gen|9\n|tier|[Gen 9 Champions] VGC 2026 Reg M-A\n|rated|\n|rule|Species Clause: Limit one of each Pok\u00e9mon\n|rule|Item Clause: Limit 1 of each item\n|clearpoke\n|poke|p1|Excadrill, L50, M|\n|poke|p1|Tyranitar, L50, M|\n|poke|p1|Aerodactyl, L50, F|\n|poke|p1|Arcanine-Hisui, L50, F|\n|poke|p1|Meowscarada, L50, F|\n|poke|p1|Kingambit, L50, M|\n|poke|p2|Pelipper, L50, M|\n|poke|p2|Basculegion, L50, M|\n|poke|p2|Liepard, L50, M|\n|poke|p2|Dragonite, L50, M|\n|poke|p2|Archaludon, L50, M|\n|poke|p2|Orthworm, L50, M|\n|teampreview|4\nGreenmamba67 rejected open team sheets.\n|\n|t:|1775907868\n|teamsize|p1|4\n|teamsize|p2|4\n|start\n|switch|p1a: Arcanine|Arcanine-Hisui, L50, F|100/100\n|switch|p1b: Meowscarada|Meowscarada, L50, F|100/100\n|switch|p2a: Basculegion|Basculegion, L50, M|100/100\n|switch|p2b: Liepard|Liepard, L50, M|100/100\n|-ability|p1a: Arcanine|Intimidate|boost\n|-unboost|p2a: Basculegion|atk|1\n|-unboost|p2b: Liepard|atk|1\n|turn|1\n|\n|t:|1775907924\n|switch|p1a: Tyranitar|Tyranitar, L50, M|100/100\n|-weather|Sandstorm|[from] ability: Sand Stream|[of] p1a: Tyranitar\n|move|p2b: Liepard|Rain Dance|p2b: Liepard\n|-weather|RainDance\n|move|p2a: Basculegion|Wave Crash|p1b: Meowscarada\n|-resisted|p1b: Meowscarada|1\n|-damage|p1b: Meowscarada|34/100\n|-damage|p2a: Basculegion|84/100|[from] Recoil\n|move|p1b: Meowscarada|Flower Trick|p2a: Basculegion\n|-start|p1b: Meowscarada|typechange|Grass|[from] ability: Protean\n|-supereffective|p2a: Basculegion|1\n|-crit|p2a: Basculegion\n|-damage|p2a: Basculegion|0 fnt\n|faint|p2a: Basculegion\n|\n|-weather|RainDance|[upkeep]\n|upkeep\n|\n|t:|1775907936\n|switch|p2a: Dragonite|Dragonite, L50, M|100/100\n|turn|2\n|\n|t:|1775907958\n|switch|p1a: Arcanine|Arcanine-Hisui, L50, F|100/100\n|-ability|p1a: Arcanine|Intimidate|boost\n|-unboost|p2a: Dragonite|atk|1\n|-unboost|p2b: Liepard|atk|1\n|detailschange|p2a: Dragonite|Dragonite-Mega, L50, M\n|-mega|p2a: Dragonite|Dragonite|Dragoninite\n|move|p2b: Liepard|Thunder Wave|p1a: Arcanine\n|-status|p1a: Arcanine|par\n|move|p1b: Meowscarada|Triple Axel|p2a: Dragonite\n|-supereffective|p2a: Dragonite|2\n|-damage|p2a: Dragonite|91/100\n|-supereffective|p2a: Dragonite|2\n|-damage|p2a: Dragonite|47/100\n|-hitcount|p2a: Dragonite|2\n|move|p2a: Dragonite|Body Press|p1a: Arcanine\n|-supereffective|p1a: Arcanine|1\n|-damage|p1a: Arcanine|37/100 par\n|\n|-weather|RainDance|[upkeep]\n|upkeep\n|turn|3\n|\n|t:|1775907989\n|move|p2a: Dragonite|Protect|p2a: Dragonite\n|-singleturn|p2a: Dragonite|Protect\n|move|p1a: Arcanine|Extreme Speed|p2b: Liepard\n|-damage|p2b: Liepard|49/100\n|move|p1b: Meowscarada|Triple Axel|p2a: Dragonite\n|-activate|p2a: Dragonite|move: Protect\n|move|p2b: Liepard|Foul Play|p1b: Meowscarada\n|-damage|p1b: Meowscarada|0 fnt\n|faint|p1b: Meowscarada\n|\n|-weather|RainDance|[upkeep]\n|upkeep\n|\n|t:|1775908002\n|switch|p1b: Tyranitar|Tyranitar, L50, M|100/100\n|-weather|Sandstorm|[from] ability: Sand Stream|[of] p1b: Tyranitar\n|turn|4\n|\n|t:|1775908014\n|move|p1b: Tyranitar|Protect|p1b: Tyranitar\n|-singleturn|p1b: Tyranitar|Protect\n|move|p1a: Arcanine|Extreme Speed|p2b: Liepard\n|-damage|p2b: Liepard|0 fnt\n|faint|p2b: Liepard\n|move|p2a: Dragonite|Body Press|p1b: Tyranitar\n|-activate|p1b: Tyranitar|move: Protect\n|\n|-weather|Sandstorm|[upkeep]\n|-damage|p2a: Dragonite|41/100|[from] Sandstorm\n|upkeep\n|\n|t:|1775908025\n|switch|p2b: Archaludon|Archaludon, L50, M|100/100\n|turn|5\n|\n|t:|1775908058\n|move|p2a: Dragonite|Protect|p2a: Dragonite\n|-singleturn|p2a: Dragonite|Protect\n|move|p1a: Arcanine|Extreme Speed|p2a: Dragonite\n|-activate|p2a: Dragonite|move: Protect\n|move|p2b: Archaludon|Flash Cannon|p1b: Tyranitar\n|-supereffective|p1b: Tyranitar|1\n|-enditem|p1b: Tyranitar|Babiri Berry|[eat]\n|-enditem|p1b: Tyranitar|Babiri Berry|[weaken]\n|-damage|p1b: Tyranitar|76/100\n|move|p1b: Tyranitar|High Horsepower|p2b: Archaludon\n|-supereffective|p2b: Archaludon|1\n|-damage|p2b: Archaludon|43/100\n|\n|-weather|Sandstorm|[upkeep]\n|-damage|p2a: Dragonite|35/100|[from] Sandstorm\n|upkeep\n|turn|6\n|\n|t:|1775908081\n|move|p1a: Arcanine|Extreme Speed|p2a: Dragonite\n|-damage|p2a: Dragonite|20/100\n|move|p2a: Dragonite|Body Press|p1b: Tyranitar\n|-supereffective|p1b: Tyranitar|2\n|-damage|p1b: Tyranitar|0 fnt\n|faint|p1b: Tyranitar\n|move|p2b: Archaludon|Electro Shot||[still]\n|-prepare|p2b: Archaludon|Electro Shot\n|-boost|p2b: Archaludon|spa|1\n|\n|-weather|Sandstorm|[upkeep]\n|-damage|p2a: Dragonite|14/100|[from] Sandstorm\n|upkeep\n|\n|t:|1775908091\n|switch|p1b: Aerodactyl|Aerodactyl, L50, F|100/100\n|turn|7\n|\n|t:|1775908105\n|detailschange|p1b: Aerodactyl|Aerodactyl-Mega, L50, F\n|-mega|p1b: Aerodactyl|Aerodactyl|Aerodactylite\n|move|p1a: Arcanine|Extreme Speed|p2a: Dragonite\n|-damage|p2a: Dragonite|0 fnt\n|faint|p2a: Dragonite\n|move|p1b: Aerodactyl|Crunch|p2b: Archaludon\n|-damage|p2b: Archaludon|10/100\n|-unboost|p2b: Archaludon|def|1\n|move|p2b: Archaludon|Electro Shot|p1a: Arcanine|[from] lockedmove\n|-damage|p1a: Arcanine|0 fnt\n|faint|p1a: Arcanine\n|\n|-weather|Sandstorm|[upkeep]\n|upkeep\n|turn|8\n|\n|t:|1775908126\n|move|p1b: Aerodactyl|Crunch|p2b: Archaludon\n|-crit|p2b: Archaludon\n|-damage|p2b: Archaludon|0 fnt\n|faint|p2b: Archaludon\n|\n|win|wdnmlgbyd\n|raw|wdnmlgbyd's rating: 1000 &rarr; <strong>1040</strong><br />(+40 for winning)\n|raw|Greenmamba67's rating: 1000 &rarr; <strong>1000</strong><br />(+0 for losing)\n|l|\u2606Greenmamba67\n|player|p2|\n",
  "uploadtime": 1775908133,
  "views": 14,
  "formatid": "gen9championsvgc2026regma",
  "rating": 1000,
  "private": 0,
  "password": null
}