{
  "id": "gen9championsvgc2026regma-2583737338",
  "format": "[Gen 9 Champions] VGC 2026 Reg M-A",
  "players": [
    "Kirbo5500",
    "JoeloZ"
  ],
  "log": "|j|\u2606Kirbo5500\n|j|\u2606JoeloZ\n|t:|1776194272\n|gametype|doubles\n|player|p1|Kirbo5500|2|1093\n|player|p2|JoeloZ|brawly|1103\n|gen|9\n|tier|[Gen 9 Champions] VGC 2026 Reg M-A\n|rated|\n|rule|Species Clause: Limit one of each Pok\u00e9mon\n|rule|Item Clause: Limit 1 of each item\n|clearpoke\n|poke|p1|Meganium, L50, F|\n|poke|p1|Primarina, L50, F|\n|poke|p1|Incineroar, L50, M|\n|poke|p1|Hawlucha, L50, M|\n|poke|p1|Garchomp, L50, M|\n|poke|p1|Vivillon-Sun, L50, F|\n|poke|p2|Gengar, L50, M|\n|poke|p2|Maushold-Four, L50|\n|poke|p2|Kommo-o, L50, F|\n|poke|p2|Politoed, L50, F|\n|poke|p2|Incineroar, L50, F|\n|poke|p2|Sinistcha, L50|\n|teampreview|4\n|\n|t:|1776194281\n|teamsize|p1|4\n|teamsize|p2|4\n|start\n|switch|p1a: Garchomp|Garchomp, L50, M|100/100\n|switch|p1b: Incineroar|Incineroar, L50, M|100/100\n|switch|p2a: Kommo-o|Kommo-o, L50, F|100/100\n|switch|p2b: Maushold|Maushold-Four, L50|100/100\n|-ability|p1b: Incineroar|Intimidate|boost\n|-unboost|p2a: Kommo-o|atk|1\n|-unboost|p2b: Maushold|atk|1\n|turn|1\n|\n|t:|1776194292\n|move|p2b: Maushold|Protect|p2b: Maushold\n|-singleturn|p2b: Maushold|Protect\n|move|p2a: Kommo-o|Protect|p2a: Kommo-o\n|-singleturn|p2a: Kommo-o|Protect\n|move|p1b: Incineroar|Fake Out|p2a: Kommo-o\n|-activate|p2a: Kommo-o|move: Protect\n|move|p1a: Garchomp|Stealth Rock|p2b: Maushold\n|-sidestart|p2: JoeloZ|move: Stealth Rock\n|\n|upkeep\n|turn|2\n|\n|t:|1776194308\n|move|p2b: Maushold|Encore|p1b: Incineroar\n|-start|p1b: Incineroar|Encore\n|move|p1b: Incineroar|Fake Out||[still]\n|-hint|Fake Out only works on your first turn out.\n|-fail|p1b: Incineroar\n|move|p1a: Garchomp|Breaking Swipe|p2a: Kommo-o|[spread] p2a,p2b\n|-supereffective|p2a: Kommo-o|1\n|-crit|p2b: Maushold\n|-damage|p2a: Kommo-o|75/100\n|-damage|p2b: Maushold|62/100\n|-unboost|p2a: Kommo-o|atk|1\n|-unboost|p2b: Maushold|atk|1\n|move|p2a: Kommo-o|Clangorous Soul|p2a: Kommo-o\n|-boost|p2a: Kommo-o|atk|1\n|-boost|p2a: Kommo-o|def|1\n|-boost|p2a: Kommo-o|spa|1\n|-boost|p2a: Kommo-o|spd|1\n|-boost|p2a: Kommo-o|spe|1\n|-damage|p2a: Kommo-o|42/100\n|-enditem|p2a: Kommo-o|Sitrus Berry|[eat]\n|-heal|p2a: Kommo-o|67/100|[from] item: Sitrus Berry\n|\n|upkeep\n|turn|3\n|\n|t:|1776194329\n|switch|p1b: Primarina|Primarina, L50, F|100/100\n|move|p1a: Garchomp|Protect|p1a: Garchomp\n|-singleturn|p1a: Garchomp|Protect\n|move|p2b: Maushold|Follow Me|p2b: Maushold\n|-singleturn|p2b: Maushold|move: Follow Me\n|move|p2a: Kommo-o|Clanging Scales|p1a: Garchomp|[spread] \n|-activate|p1a: Garchomp|move: Protect\n|-immune|p1b: Primarina\n|\n|upkeep\n|turn|4\n|inactive|Battle timer is ON: inactive players will automatically lose when time's up. (requested by JoeloZ)\n|\n|t:|1776194353\n|switch|p2b: Politoed|Politoed, L50, F|100/100\n|-damage|p2b: Politoed|88/100|[from] Stealth Rock\n|-weather|RainDance|[from] ability: Drizzle|[of] p2b: Politoed\n|move|p2a: Kommo-o|Clanging Scales|p1a: Garchomp|[spread] p1a\n|-immune|p1b: Primarina\n|-supereffective|p1a: Garchomp|1\n|-damage|p1a: Garchomp|0 fnt\n|faint|p1a: Garchomp\n|-unboost|p2a: Kommo-o|def|1\n|move|p1b: Primarina|Icy Wind|p2b: Politoed|[spread] p2a,p2b\n|-supereffective|p2a: Kommo-o|1\n|-resisted|p2b: Politoed|1\n|-damage|p2a: Kommo-o|52/100\n|-damage|p2b: Politoed|84/100\n|-unboost|p2a: Kommo-o|spe|1\n|-unboost|p2b: Politoed|spe|1\n|\n|-weather|RainDance|[upkeep]\n|-heal|p2b: Politoed|90/100|[from] item: Leftovers\n|upkeep\n|\n|t:|1776194369\n|switch|p1a: Incineroar|Incineroar, L50, M|100/100\n|-ability|p1a: Incineroar|Intimidate|boost\n|-unboost|p2a: Kommo-o|atk|1\n|-unboost|p2b: Politoed|atk|1\n|turn|5\n|\n|t:|1776194375\n|move|p2a: Kommo-o|Protect|p2a: Kommo-o\n|-singleturn|p2a: Kommo-o|Protect\n|move|p2b: Politoed|Protect|p2b: Politoed\n|-singleturn|p2b: Politoed|Protect\n|move|p1a: Incineroar|Fake Out|p2a: Kommo-o\n|-activate|p2a: Kommo-o|move: Protect\n|move|p1b: Primarina|Icy Wind|p2a: Kommo-o|[spread] \n|-activate|p2a: Kommo-o|move: Protect\n|-activate|p2b: Politoed|move: Protect\n|\n|-weather|RainDance|[upkeep]\n|-heal|p2b: Politoed|96/100|[from] item: Leftovers\n|upkeep\n|turn|6\n|\n|t:|1776194397\n|move|p2a: Kommo-o|Clanging Scales|p1a: Incineroar|[spread] p1a\n|-immune|p1b: Primarina\n|-damage|p1a: Incineroar|57/100\n|-unboost|p2a: Kommo-o|def|1\n|move|p1a: Incineroar|Parting Shot|p2a: Kommo-o\n|-immune|p2a: Kommo-o|[from] ability: Soundproof\n|move|p1b: Primarina|Icy Wind|p2b: Politoed|[spread] p2a,p2b\n|-supereffective|p2a: Kommo-o|1\n|-resisted|p2b: Politoed|1\n|-damage|p2a: Kommo-o|38/100\n|-damage|p2b: Politoed|90/100\n|-unboost|p2a: Kommo-o|spe|1\n|-unboost|p2b: Politoed|spe|1\n|move|p2b: Politoed|Muddy Water|p1b: Primarina|[spread] p1a,p1b\n|-supereffective|p1a: Incineroar|1\n|-resisted|p1b: Primarina|1\n|-damage|p1a: Incineroar|0 fnt\n|-damage|p1b: Primarina|91/100\n|faint|p1a: Incineroar\n|\n|-weather|RainDance|[upkeep]\n|-heal|p2b: Politoed|96/100|[from] item: Leftovers\n|upkeep\n|\n|t:|1776194407\n|switch|p1a: Meganium|Meganium, L50, F|100/100\n|turn|7\n|\n|t:|1776194424\n|detailschange|p1a: Meganium|Meganium-Mega, L50, F\n|-mega|p1a: Meganium|Meganium|Meganiumite\n|move|p2a: Kommo-o|Protect|p2a: Kommo-o\n|-singleturn|p2a: Kommo-o|Protect\n|move|p1a: Meganium|Solar Beam||[still]\n|-prepare|p1a: Meganium|Solar Beam\n|-activate|p1a: Meganium|ability: Mega Sol\n|-anim|p1a: Meganium|Solar Beam|p2b: Politoed\n|-supereffective|p2b: Politoed|1\n|-damage|p2b: Politoed|0 fnt\n|faint|p2b: Politoed\n|move|p1b: Primarina|Moonblast|p2a: Kommo-o\n|-activate|p2a: Kommo-o|move: Protect\n|\n|-weather|RainDance|[upkeep]\n|upkeep\n|\n|t:|1776194444\n|switch|p2b: Maushold|Maushold-Four, L50|62/100\n|-damage|p2b: Maushold|49/100|[from] Stealth Rock\n|turn|8\n|\n|t:|1776194457\n|move|p1a: Meganium|Protect|p1a: Meganium\n|-singleturn|p1a: Meganium|Protect\n|move|p2b: Maushold|Super Fang|p1b: Primarina|[miss]\n|-miss|p2b: Maushold|p1b: Primarina\n|move|p2a: Kommo-o|Clangorous Soul|p2a: Kommo-o\n|-boost|p2a: Kommo-o|atk|1\n|-boost|p2a: Kommo-o|def|1\n|-boost|p2a: Kommo-o|spa|1\n|-boost|p2a: Kommo-o|spd|1\n|-boost|p2a: Kommo-o|spe|1\n|-damage|p2a: Kommo-o|5/100\n|move|p1b: Primarina|Moonblast|p2a: Kommo-o\n|-supereffective|p2a: Kommo-o|2\n|-damage|p2a: Kommo-o|0 fnt\n|faint|p2a: Kommo-o\n|\n|-weather|none\n|upkeep\n|\n|t:|1776194470\n|switch|p2a: Gengar|Gengar, L50, M|100/100\n|-damage|p2a: Gengar|89/100|[from] Stealth Rock\n|turn|9\n|\n|t:|1776194481\n|detailschange|p2a: Gengar|Gengar-Mega, L50, M\n|-mega|p2a: Gengar|Gengar|Gengarite\n|move|p2a: Gengar|Sludge Bomb|p1b: Primarina\n|-supereffective|p1b: Primarina|1\n|-damage|p1b: Primarina|29/100\n|move|p2b: Maushold|Encore|p1a: Meganium\n|-start|p1a: Meganium|Encore\n|move|p1a: Meganium|Protect|p1a: Meganium\n|-singleturn|p1a: Meganium|Protect\n|move|p1b: Primarina|Hyper Voice|p2b: Maushold|[spread] p2a,p2b\n|-damage|p2a: Gengar|62/100\n|-damage|p2b: Maushold|8/100\n|\n|upkeep\n|turn|10\n|\n|t:|1776194505\n|move|p2b: Maushold|Protect|p2b: Maushold\n|-singleturn|p2b: Maushold|Protect\n|move|p1a: Meganium|Protect||[still]\n|-fail|p1a: Meganium\n|move|p1b: Primarina|Protect|p1b: Primarina\n|-singleturn|p1b: Primarina|Protect\n|move|p2a: Gengar|Sludge Bomb|p1a: Meganium\n|-supereffective|p1a: Meganium|2\n|-damage|p1a: Meganium|0 fnt\n|faint|p1a: Meganium\n|\n|upkeep\n|turn|11\n|\n|t:|1776194517\n|move|p2a: Gengar|Sludge Bomb|p1b: Primarina\n|-supereffective|p1b: Primarina|1\n|-damage|p1b: Primarina|0 fnt\n|faint|p1b: Primarina\n|\n|win|JoeloZ\n|raw|Kirbo5500's rating: 1093 &rarr; <strong>1070</strong><br />(-23 for losing)\n|raw|JoeloZ's rating: 1103 &rarr; <strong>1127</strong><br />(+24 for winning)\n",
  "uploadtime": 1776194520,
  "views": 22,
  "formatid": "gen9championsvgc2026regma",
  "rating": 1070,
  "private": 0,
  "password": null
}