{
  "id": "gen9championsvgc2026regma-2583481655",
  "format": "[Gen 9 Champions] VGC 2026 Reg M-A",
  "players": [
    "Gbmasterball",
    "mereoffy"
  ],
  "log": "|j|\u2606Gbmasterball\n|j|\u2606mereoffy\n|t:|1776178418\n|gametype|doubles\n|player|p1|Gbmasterball|170|1154\n|player|p2|mereoffy|firebreather|1092\n|gen|9\n|tier|[Gen 9 Champions] VGC 2026 Reg M-A\n|rated|\n|rule|Species Clause: Limit one of each Pok\u00e9mon\n|rule|Item Clause: Limit 1 of each item\n|clearpoke\n|poke|p1|Delphox, L50, F|\n|poke|p1|Dragapult, L50, F|\n|poke|p1|Clefable, L50, F|\n|poke|p1|Arcanine, L50, M|\n|poke|p1|Sneasler, L50, F|\n|poke|p1|Milotic, L50, M|\n|poke|p2|Floette-Eternal, L50, F|\n|poke|p2|Incineroar, L50, F|\n|poke|p2|Sinistcha, L50|\n|poke|p2|Garchomp, L50, M|\n|poke|p2|Basculegion, L50, M|\n|poke|p2|Sneasler, L50, M|\n|teampreview|4\n|\n|t:|1776178460\n|teamsize|p1|4\n|teamsize|p2|4\n|start\n|switch|p1a: Dragapult|Dragapult, L50, F, shiny|100/100\n|switch|p1b: Arcanine|Arcanine, L50, M|100/100\n|switch|p2a: Floette|Floette-Eternal, L50, F|100/100\n|switch|p2b: Basculegion|Basculegion, L50, M|100/100\n|-ability|p1b: Arcanine|Intimidate|boost\n|-unboost|p2a: Floette|atk|1\n|-unboost|p2b: Basculegion|atk|1\n|turn|1\n|\n|t:|1776178480\n|detailschange|p2a: Floette|Floette-Mega, L50, F\n|-mega|p2a: Floette|Floette|Floettite\n|-ability|p2a: Floette|Fairy Aura\n|move|p2b: Basculegion|Last Respects|p1a: Dragapult\n|-supereffective|p1a: Dragapult|1\n|-damage|p1a: Dragapult|42/100\n|move|p1a: Dragapult|Will-O-Wisp|p2b: Basculegion\n|-status|p2b: Basculegion|brn\n|move|p2a: Floette|Calm Mind|p2a: Floette\n|-boost|p2a: Floette|spa|1\n|-boost|p2a: Floette|spd|1\n|move|p1b: Arcanine|Snarl|p2a: Floette|[spread] p2a,p2b\n|-resisted|p2a: Floette|1\n|-supereffective|p2b: Basculegion|1\n|-damage|p2a: Floette|98/100\n|-damage|p2b: Basculegion|79/100 brn\n|-unboost|p2a: Floette|spa|1\n|-unboost|p2b: Basculegion|spa|1\n|\n|-damage|p2b: Basculegion|73/100 brn|[from] brn\n|upkeep\n|turn|2\n|\n|t:|1776178505\n|move|p2b: Basculegion|Last Respects|p1a: Dragapult\n|-supereffective|p1a: Dragapult|1\n|-damage|p1a: Dragapult|13/100\n|move|p1a: Dragapult|Phantom Force||[still]\n|-prepare|p1a: Dragapult|Phantom Force\n|move|p2a: Floette|Dazzling Gleam|p1a: Dragapult|[spread] p1b\n|-miss|p2a: Floette|p1a: Dragapult\n|-resisted|p1b: Arcanine|1\n|-damage|p1b: Arcanine|84/100\n|move|p1b: Arcanine|Snarl|p2a: Floette|[spread] p2a,p2b\n|-resisted|p2a: Floette|1\n|-supereffective|p2b: Basculegion|1\n|-damage|p2a: Floette|95/100\n|-damage|p2b: Basculegion|50/100 brn\n|-unboost|p2a: Floette|spa|1\n|-unboost|p2b: Basculegion|spa|1\n|\n|-damage|p2b: Basculegion|44/100 brn|[from] brn\n|upkeep\n|turn|3\n|inactive|Battle timer is ON: inactive players will automatically lose when time's up. (requested by Gbmasterball)\n|inactive|mereoffy has 60 seconds left.\n|\n|t:|1776178554\n|switch|p2b: Incineroar|Incineroar, L50, F|100/100\n|-ability|p2b: Incineroar|Intimidate|boost\n|-fail|p1a: Dragapult|unboost|[from] ability: Clear Body|[of] p1a: Dragapult\n|-unboost|p1b: Arcanine|atk|1\n|move|p2a: Floette|Protect|p2a: Floette\n|-singleturn|p2a: Floette|Protect\n|move|p1a: Dragapult|Phantom Force|p2a: Floette|[from] lockedmove\n|-activate|p2a: Floette|move: Phantom Force|[broken]\n|-damage|p2a: Floette|41/100\n|move|p1b: Arcanine|Snarl|p2b: Incineroar|[spread] p2a,p2b\n|-resisted|p2a: Floette|1\n|-resisted|p2b: Incineroar|1\n|-damage|p2a: Floette|39/100\n|-damage|p2b: Incineroar|97/100\n|-unboost|p2a: Floette|spa|1\n|-unboost|p2b: Incineroar|spa|1\n|\n|upkeep\n|turn|4\n|inactive|mereoffy has 30 seconds left.\n|inactive|mereoffy has 20 seconds left.\n|inactive|mereoffy has 15 seconds left.\n|\n|t:|1776178599\n|switch|p2a: Basculegion|Basculegion, L50, M|44/100 brn\n|switch|p1b: Milotic|Milotic, L50, M|100/100\n|move|p2b: Incineroar|Fake Out|p1b: Milotic\n|-damage|p1b: Milotic|92/100\n|move|p1a: Dragapult|Phantom Force||[still]\n|-prepare|p1a: Dragapult|Phantom Force\n|\n|-damage|p2a: Basculegion|38/100 brn|[from] brn\n|upkeep\n|turn|5\n|inactive|mereoffy has 30 seconds left.\n|inactive|Gbmasterball has 30 seconds left.\n|inactive|Gbmasterball has 20 seconds left.\n|\n|t:|1776178646\n|switch|p2a: Floette|Floette-Mega, L50, F|39/100\n|-ability|p2a: Floette|Fairy Aura\n|move|p1a: Dragapult|Phantom Force|p2a: Floette|[from] lockedmove\n|-damage|p2a: Floette|0 fnt\n|faint|p2a: Floette\n|move|p1b: Milotic|Scald|p2b: Incineroar\n|-supereffective|p2b: Incineroar|1\n|-damage|p2b: Incineroar|44/100\n|-enditem|p2b: Incineroar|Sitrus Berry|[eat]\n|-heal|p2b: Incineroar|68/100|[from] item: Sitrus Berry\n|move|p2b: Incineroar|Darkest Lariat|p1a: Dragapult\n|-supereffective|p1a: Dragapult|1\n|-damage|p1a: Dragapult|0 fnt\n|faint|p1a: Dragapult\n|\n|upkeep\n|inactive|mereoffy has 30 seconds left.\n|\n|t:|1776178671\n|switch|p1a: Arcanine|Arcanine, L50, M|84/100\n|switch|p2a: Sinistcha|Sinistcha, L50|100/100\n|-ability|p1a: Arcanine|Intimidate|boost\n|-unboost|p2a: Sinistcha|atk|1\n|-unboost|p2b: Incineroar|atk|1\n|-heal|p2b: Incineroar|93/100|[from] ability: Hospitality|[of] p2a: Sinistcha\n|turn|6\n|inactive|mereoffy has 30 seconds left.\n|\n|t:|1776178698\n|move|p1a: Arcanine|Snarl|p2a: Sinistcha|[spread] p2a,p2b\n|-supereffective|p2a: Sinistcha|1\n|-resisted|p2b: Incineroar|1\n|-damage|p2a: Sinistcha|85/100\n|-damage|p2b: Incineroar|90/100\n|-unboost|p2a: Sinistcha|spa|1\n|-unboost|p2b: Incineroar|spa|1\n|move|p1b: Milotic|Scald|p2b: Incineroar\n|-supereffective|p2b: Incineroar|1\n|-damage|p2b: Incineroar|33/100\n|move|p2a: Sinistcha|Matcha Gotcha|p1a: Arcanine|[spread] p1a\n|-miss|p2a: Sinistcha|p1b: Milotic\n|-resisted|p1a: Arcanine|1\n|-damage|p1a: Arcanine|77/100\n|-heal|p2a: Sinistcha|88/100|[from] drain|[of] p1a: Arcanine\n|move|p2b: Incineroar|Parting Shot|p1a: Arcanine\n|-unboost|p1a: Arcanine|atk|1\n|-unboost|p1a: Arcanine|spa|1\n|\n|t:|1776178723\n|switch|p2b: Basculegion|Basculegion, L50, M|38/100 brn|[from] Parting Shot\n|\n|-heal|p2a: Sinistcha|94/100|[from] item: Leftovers\n|-damage|p2b: Basculegion|31/100 brn|[from] brn\n|upkeep\n|turn|7\n|inactive|Gbmasterball has 30 seconds left.\n|\n|t:|1776178751\n|switch|p1a: Sneasler|Sneasler, L50, F, shiny|100/100\n|move|p2b: Basculegion|Protect|p2b: Basculegion\n|-singleturn|p2b: Basculegion|Protect\n|move|p1b: Milotic|Scald|p2b: Basculegion\n|-activate|p2b: Basculegion|move: Protect\n|move|p2a: Sinistcha|Life Dew|p2a: Sinistcha|[spread] p2a,p2b\n|-heal|p2a: Sinistcha|100/100\n|-heal|p2b: Basculegion|56/100 brn\n|\n|-damage|p2b: Basculegion|50/100 brn|[from] brn\n|upkeep\n|turn|8\n|\n|t:|1776178773\n|switch|p2b: Incineroar|Incineroar, L50, F|33/100\n|-ability|p2b: Incineroar|Intimidate|boost\n|-unboost|p1a: Sneasler|atk|1\n|-unboost|p1b: Milotic|atk|1\n|-ability|p1b: Milotic|Competitive|boost\n|-boost|p1b: Milotic|spa|2\n|-enditem|p1a: Sneasler|White Herb\n|-clearnegativeboost|p1a: Sneasler|[silent]\n|switch|p1b: Arcanine|Arcanine, L50, M|77/100\n|-ability|p1b: Arcanine|Intimidate|boost\n|-unboost|p2a: Sinistcha|atk|1\n|-unboost|p2b: Incineroar|atk|1\n|move|p1a: Sneasler|Dire Claw|p2a: Sinistcha\n|-damage|p2a: Sinistcha|63/100\n|move|p2a: Sinistcha|Reflect|p2a: Sinistcha\n|-sidestart|p2: mereoffy|Reflect\n|\n|-heal|p2a: Sinistcha|70/100|[from] item: Leftovers\n|upkeep\n|turn|9\n|\n|t:|1776178796\n|move|p1a: Sneasler|Dire Claw|p2a: Sinistcha\n|-damage|p2a: Sinistcha|44/100\n|move|p1b: Arcanine|Flamethrower|p2a: Sinistcha\n|-supereffective|p2a: Sinistcha|1\n|-damage|p2a: Sinistcha|0 fnt\n|faint|p2a: Sinistcha\n|move|p2b: Incineroar|Parting Shot|p1a: Sneasler\n|-unboost|p1a: Sneasler|atk|1\n|-unboost|p1a: Sneasler|spa|1\n|\n|t:|1776178806\n|switch|p2b: Basculegion|Basculegion, L50, M|50/100 brn|[from] Parting Shot\n|\n|-damage|p2b: Basculegion|44/100 brn|[from] brn\n|upkeep\n|\n|t:|1776178812\n|switch|p2a: Incineroar|Incineroar, L50, F|33/100\n|-ability|p2a: Incineroar|Intimidate|boost\n|-unboost|p1a: Sneasler|atk|1\n|-unboost|p1b: Arcanine|atk|1\n|turn|10\n|\n|t:|1776178827\n|switch|p1b: Milotic|Milotic, L50, M|92/100\n|move|p1a: Sneasler|Protect|p1a: Sneasler\n|-singleturn|p1a: Sneasler|Protect\n|move|p2a: Incineroar|Fake Out|p1b: Milotic\n|-damage|p1b: Milotic|82/100\n|move|p2b: Basculegion|Last Respects|p1a: Sneasler\n|-activate|p1a: Sneasler|move: Protect\n|\n|-damage|p2b: Basculegion|38/100 brn|[from] brn\n|upkeep\n|turn|11\n|\n|t:|1776178851\n|switch|p1a: Arcanine|Arcanine, L50, M|77/100\n|-ability|p1a: Arcanine|Intimidate|boost\n|-unboost|p2a: Incineroar|atk|1\n|-unboost|p2b: Basculegion|atk|1\n|move|p2b: Basculegion|Last Respects|p1b: Milotic\n|-damage|p1b: Milotic|57/100\n|move|p1b: Milotic|Scald|p2a: Incineroar\n|-supereffective|p2a: Incineroar|1\n|-damage|p2a: Incineroar|0 fnt\n|faint|p2a: Incineroar\n|\n|-damage|p2b: Basculegion|32/100 brn|[from] brn\n|upkeep\n|turn|12\n|-message|mereoffy forfeited.\n|\n|win|Gbmasterball\n|raw|Gbmasterball's rating: 1154 &rarr; <strong>1175</strong><br />(+21 for winning)\n|raw|mereoffy's rating: 1092 &rarr; <strong>1072</strong><br />(-20 for losing)\n|l|\u2606mereoffy\n|player|p2|\n",
  "uploadtime": 1776178971,
  "views": 35,
  "formatid": "gen9championsvgc2026regma",
  "rating": 1072,
  "private": 0,
  "password": null
}