{
  "id": "gen9championsvgc2026regma-2582583932",
  "format": "[Gen 9 Champions] VGC 2026 Reg M-A",
  "players": [
    "Bluchamp",
    "matrod"
  ],
  "log": "|j|\u2606Bluchamp\n|j|\u2606matrod\n|t:|1776100868\n|gametype|doubles\n|player|p1|Bluchamp|ash|\n|player|p2|matrod|steven|\n|gen|9\n|tier|[Gen 9 Champions] VGC 2026 Reg M-A\n|rated|Tournament battle\n|rule|Species Clause: Limit one of each Pok\u00e9mon\n|rule|Item Clause: Limit 1 of each item\n|raw|<div class=\"infobox\"><details class=\"readmore\" open><summary><strong>1 custom rule:</strong></summary> Force Open Team Sheets</details></div>\n|clearpoke\n|poke|p1|Gengar, L50, F|\n|poke|p1|Kingambit, L50, M|\n|poke|p1|Basculegion, L50, M|\n|poke|p1|Pelipper, L50, F|\n|poke|p1|Sneasler, L50, M|\n|poke|p1|Blastoise, L50, M|\n|poke|p2|Tyranitar, L50, M|\n|poke|p2|Excadrill, L50, F|\n|poke|p2|Milotic, L50, F|\n|poke|p2|Incineroar, L50, M|\n|poke|p2|Sinistcha, L50|\n|poke|p2|Crabominable, L50, M|\n|teampreview|4\n|showteam|p1|Gengar||ChoiceScarf|CursedBody|Trick,SludgeWave,ShadowBall,DestinyBond|||F|||50|]Kingambit||FocusSash|Defiant|SwordsDance,SuckerPunch,IronHead,KowtowCleave|||M|||50|]Basculegion||MysticWater|Adaptability|AquaJet,WaveCrash,LastRespects,Protect|||M|||50|]Pelipper||ShellBell|Drizzle|Tailwind,Hurricane,WideGuard,WeatherBall|||F|||50|]Sneasler||KingsRock|Unburden|FakeOut,Fling,CloseCombat,DireClaw|||M|||50|]Blastoise||Blastoisinite|RainDish|WaterSpout,AuraSphere,DarkPulse,ShellSmash|||M|||50|\n|showteam|p2|Tyranitar||Tyranitarite|SandStream|RockSlide,Crunch,DragonDance,Protect|||M|||50|]Excadrill||FocusSash|SandRush|Earthquake,HighHorsepower,IronHead,Protect|||F|||50|]Milotic||SitrusBerry|Competitive|Scald,LifeDew,IcyWind,Protect|||F|||50|]Incineroar||ShucaBerry|Intimidate|FlareBlitz,ThroatChop,PartingShot,FakeOut|||M|||50|]Sinistcha||ColburBerry|Hospitality|MatchaGotcha,TrickRoom,RagePowder,Protect||||||50|]Crabominable||Crabominite|HyperCutter|DrainPunch,IceHammer,ThunderPunch,UpperHand|||M|||50|\nmatrod has agreed to open team sheets.\nBluchamp has agreed to open team sheets.\n|showteam|p1|Gengar||ChoiceScarf|CursedBody|Trick,SludgeWave,ShadowBall,DestinyBond|||F|||50|]Kingambit||FocusSash|Defiant|SwordsDance,SuckerPunch,IronHead,KowtowCleave|||M|||50|]Basculegion||MysticWater|Adaptability|AquaJet,WaveCrash,LastRespects,Protect|||M|||50|]Pelipper||ShellBell|Drizzle|Tailwind,Hurricane,WideGuard,WeatherBall|||F|||50|]Sneasler||KingsRock|Unburden|FakeOut,Fling,CloseCombat,DireClaw|||M|||50|]Blastoise||Blastoisinite|RainDish|WaterSpout,AuraSphere,DarkPulse,ShellSmash|||M|||50|\n|showteam|p2|Tyranitar||Tyranitarite|SandStream|RockSlide,Crunch,DragonDance,Protect|||M|||50|]Excadrill||FocusSash|SandRush|Earthquake,HighHorsepower,IronHead,Protect|||F|||50|]Milotic||SitrusBerry|Competitive|Scald,LifeDew,IcyWind,Protect|||F|||50|]Incineroar||ShucaBerry|Intimidate|FlareBlitz,ThroatChop,PartingShot,FakeOut|||M|||50|]Sinistcha||ColburBerry|Hospitality|MatchaGotcha,TrickRoom,RagePowder,Protect||||||50|]Crabominable||Crabominite|HyperCutter|DrainPunch,IceHammer,ThunderPunch,UpperHand|||M|||50|\n|inactive|Battle timer is ON: inactive players will automatically lose when time's up. (requested by matrod)\n|j| DEAD_BURG\n|inactive|matrod has 60 seconds left.\n|inactive|matrod has 30 seconds left.\n|\n|t:|1776100956\n|teamsize|p1|4\n|teamsize|p2|4\n|start\n|switch|p1a: Gengar|Gengar, L50, F|100/100\n|switch|p1b: Kingambit|Kingambit, L50, M|100/100\n|switch|p2a: Excadrill|Excadrill, L50, F|100/100\n|switch|p2b: Milotic|Milotic, L50, F|100/100\n|turn|1\n|\n|t:|1776100974\n|switch|p1b: Pelipper|Pelipper, L50, F|100/100\n|-weather|RainDance|[from] ability: Drizzle|[of] p1b: Pelipper\n|move|p2a: Excadrill|Protect|p2a: Excadrill\n|-singleturn|p2a: Excadrill|Protect\n|move|p2b: Milotic|Protect|p2b: Milotic\n|-singleturn|p2b: Milotic|Protect\n|move|p1a: Gengar|Destiny Bond|p1a: Gengar\n|-singlemove|p1a: Gengar|Destiny Bond\n|\n|-weather|RainDance|[upkeep]\n|upkeep\n|turn|2\n|j| TG511\n|inactive|matrod has 30 seconds left.\n|\n|t:|1776101001\n|switch|p1a: pow|Blastoise, L50, M|100/100\n|move|p2a: Excadrill|Iron Head|p1b: Pelipper\n|-resisted|p1b: Pelipper|1\n|-damage|p1b: Pelipper|74/100\n|move|p1b: Pelipper|Tailwind|p1b: Pelipper\n|-sidestart|p1: Bluchamp|move: Tailwind\n|move|p2b: Milotic|Icy Wind|p1a: pow|[spread] p1a,p1b\n|-resisted|p1a: pow|1\n|-damage|p1a: pow|93/100\n|-damage|p1b: Pelipper|56/100\n|-unboost|p1a: pow|spe|1\n|-unboost|p1b: Pelipper|spe|1\n|\n|-weather|RainDance|[upkeep]\n|-heal|p1a: pow|99/100|[from] ability: Rain Dish\n|upkeep\n|turn|3\n|j| thewalraingoats\n|inactive|Bluchamp has 30 seconds left.\n|inactive|Bluchamp has 20 seconds left.\n|inactive|Bluchamp has 15 seconds left.\n|\n|t:|1776101044\n|detailschange|p1a: pow|Blastoise-Mega, L50, M\n|-mega|p1a: pow|Blastoise|Blastoisinite\n|move|p2b: Milotic|Protect|p2b: Milotic\n|-singleturn|p2b: Milotic|Protect\n|move|p1a: pow|Water Spout|p2a: Excadrill|[spread] p2a\n|-activate|p2b: Milotic|move: Protect\n|-supereffective|p2a: Excadrill|1\n|-enditem|p2a: Excadrill|Focus Sash\n|-damage|p2a: Excadrill|1/100\n|move|p1b: Pelipper|Weather Ball|p2a: Excadrill\n|-supereffective|p2a: Excadrill|1\n|-damage|p2a: Excadrill|0 fnt\n|faint|p2a: Excadrill\n|-heal|p1b: Pelipper|56/100|[from] item: Shell Bell|[of] p2: Excadrill\n|\n|-weather|RainDance|[upkeep]\n|upkeep\n|\n|t:|1776101062\n|switch|p2a: Sinistcha|Sinistcha, L50|100/100\n|turn|4\n|\n|t:|1776101074\n|move|p2a: Sinistcha|Protect|p2a: Sinistcha\n|-singleturn|p2a: Sinistcha|Protect\n|move|p1a: pow|Dark Pulse|p2a: Sinistcha\n|-activate|p2a: Sinistcha|move: Protect\n|move|p1b: Pelipper|Hurricane|p2a: Sinistcha\n|-activate|p2a: Sinistcha|move: Protect\n|move|p2b: Milotic|Icy Wind|p1b: Pelipper|[spread] p1a,p1b\n|-resisted|p1a: pow|1\n|-damage|p1a: pow|93/100\n|-damage|p1b: Pelipper|38/100\n|-unboost|p1a: pow|spe|1\n|-unboost|p1b: Pelipper|spe|1\n|\n|-weather|RainDance|[upkeep]\n|upkeep\n|turn|5\n|\n|t:|1776101091\n|switch|p1a: Gengar|Gengar, L50, F|100/100\n|switch|p2a: Crabominable|Crabominable, L50, M, shiny|100/100\n|move|p1b: Pelipper|Hurricane|p2a: Crabominable\n|-supereffective|p2a: Crabominable|1\n|-damage|p2a: Crabominable|0 fnt\n|faint|p2a: Crabominable\n|-heal|p1b: Pelipper|55/100|[from] item: Shell Bell|[of] p2: Crabominable\n|move|p2b: Milotic|Scald|p1b: Pelipper\n|-resisted|p1b: Pelipper|1\n|-damage|p1b: Pelipper|19/100\n|\n|-weather|none\n|-sideend|p1: Bluchamp|move: Tailwind\n|upkeep\n|\n|t:|1776101100\n|switch|p2a: Sinistcha|Sinistcha, L50|100/100\n|turn|6\n|c|\u2606matrod|I forgot that i had\n|c|\u2606matrod|This berry\n|c|\u2606matrod|lol\n|inactive|Bluchamp has 30 seconds left.\n|inactive|matrod has 30 seconds left.\n|inactive|matrod has 20 seconds left.\n|inactive|matrod has 15 seconds left.\n|c|\u2606Bluchamp|lol\n|inactive|matrod has 10 seconds left.\n|\n|t:|1776101150\n|switch|p1b: pow|Blastoise-Mega, L50, M|93/100\n|move|p1a: Gengar|Trick|p2a: Sinistcha\n|-activate|p1a: Gengar|move: Trick|[of] p2a: Sinistcha\n|-item|p2a: Sinistcha|Choice Scarf|[from] move: Trick\n|-item|p1a: Gengar|Colbur Berry|[from] move: Trick\n|move|p2a: Sinistcha|Matcha Gotcha|p1a: Gengar|[spread] p1a,p1b\n|-resisted|p1a: Gengar|1\n|-supereffective|p1b: pow|1\n|-damage|p1a: Gengar|80/100\n|-damage|p1b: pow|47/100\n|move|p2b: Milotic|Icy Wind|p1b: pow|[spread] p1a\n|-miss|p2b: Milotic|p1b: pow\n|-damage|p1a: Gengar|62/100\n|-unboost|p1a: Gengar|spe|1\n|\n|upkeep\n|turn|7\n|inactive|matrod has 30 seconds left.\n|\n|t:|1776101181\n|move|p1b: pow|Dark Pulse|p2a: Sinistcha\n|-supereffective|p2a: Sinistcha|1\n|-damage|p2a: Sinistcha|0 fnt\n|faint|p2a: Sinistcha\n|move|p1a: Gengar|Trick|p2b: Milotic\n|-activate|p1a: Gengar|move: Trick|[of] p2b: Milotic\n|-item|p2b: Milotic|Colbur Berry|[from] move: Trick\n|-item|p1a: Gengar|Sitrus Berry|[from] move: Trick\n|move|p2b: Milotic|Scald|p1a: Gengar\n|-damage|p1a: Gengar|9/100\n|-enditem|p1a: Gengar|Sitrus Berry|[eat]\n|-heal|p1a: Gengar|34/100|[from] item: Sitrus Berry\n|\n|upkeep\n|turn|8\n|c|\u2606matrod|WHATTT\n|c|\u2606Bluchamp|lol\n|c|\u2606matrod|FRICKKKKK\n|inactive|matrod has 30 seconds left.\n|\n|t:|1776101211\n|move|p1b: pow|Dark Pulse|p2b: Milotic\n|-damage|p2b: Milotic|70/100\n|move|p1a: Gengar|Destiny Bond|p1a: Gengar\n|-singlemove|p1a: Gengar|Destiny Bond\n|move|p2b: Milotic|Icy Wind|p1b: pow|[spread] p1a\n|-miss|p2b: Milotic|p1b: pow\n|-damage|p1a: Gengar|17/100\n|-unboost|p1a: Gengar|spe|1\n|-start|p2b: Milotic|Disable|Icy Wind|[from] ability: Cursed Body|[of] p1a: Gengar\n|\n|upkeep\n|turn|9\n|\n|t:|1776101231\n|move|p1b: pow|Dark Pulse|p2b: Milotic\n|-damage|p2b: Milotic|37/100\n|move|p2b: Milotic|Life Dew|p2b: Milotic\n|-heal|p2b: Milotic|62/100\n|move|p1a: Gengar|Shadow Ball|p2b: Milotic\n|-damage|p2b: Milotic|35/100\n|-unboost|p2b: Milotic|spd|1\n|-ability|p2b: Milotic|Competitive|boost\n|-boost|p2b: Milotic|spa|2\n|\n|upkeep\n|turn|10\n|c|\u2606matrod|Gg\n|\n|t:|1776101250\n|switch|p1a: Kingambit|Kingambit, L50, M|100/100\n|move|p1b: pow|Dark Pulse|p2b: Milotic\n|-damage|p2b: Milotic|0 fnt\n|faint|p2b: Milotic\n|\n|win|Bluchamp\n|n|\u2606Bluchamp|bluchamp\n|n|\u2606matrod|matrod\n|n| DEAD_BURG|deadburg\n|n| TG511|tg511\n|n| thewalraingoats|thewalraingoats\n|c|\u2606Bluchamp|ggs\n|l|\u2606matrod\n|player|p2|\n|l| TG511\n|l| thewalraingoats\n",
  "uploadtime": 1776101462,
  "views": 12,
  "formatid": "gen9championsvgc2026regma",
  "rating": null,
  "private": 0,
  "password": null
}