{
  "id": "gen9championsvgc2026regma-2583026752",
  "format": "[Gen 9 Champions] VGC 2026 Reg M-A",
  "players": [
    "72mm.",
    "mr.matsumoto1"
  ],
  "log": "|j|\u260672mm.\n|j|\u2606mr.matsumoto1\n|t:|1776134560\n|gametype|doubles\n|player|p1|72mm.|266|1118\n|player|p2|mr.matsumoto1|2|1208\n|gen|9\n|tier|[Gen 9 Champions] VGC 2026 Reg M-A\n|rated|\n|rule|Species Clause: Limit one of each Pok\u00e9mon\n|rule|Item Clause: Limit 1 of each item\n|clearpoke\n|poke|p1|Starmie, L50|\n|poke|p1|Aegislash, L50, F|\n|poke|p1|Sneasler, L50, M|\n|poke|p1|Pelipper, L50, M|\n|poke|p1|Archaludon, L50, F|\n|poke|p1|Maushold, L50|\n|poke|p2|Sneasler, L50, M|\n|poke|p2|Kingambit, L50, M|\n|poke|p2|Milotic, L50, F|\n|poke|p2|Gengar, L50, M|\n|poke|p2|Incineroar, L50, M|\n|poke|p2|Garchomp, L50, M|\n|teampreview|4\n|inactive|Battle timer is ON: inactive players will automatically lose when time's up. (requested by 72mm.)\n|\n|t:|1776134595\n|teamsize|p1|4\n|teamsize|p2|4\n|start\n|switch|p1a: Maushold|Maushold, L50|100/100\n|switch|p1b: Archaludon|Archaludon, L50, F|100/100\n|switch|p2a: Sneasler|Sneasler, L50, M|100/100\n|switch|p2b: Kingambit|Kingambit, L50, M|100/100\n|turn|1\n|\n|t:|1776134617\n|move|p1a: Maushold|Population Bomb|p2a: Sneasler\n|-damage|p2a: Sneasler|90/100\n|-damage|p2a: Sneasler|80/100\n|-damage|p2a: Sneasler|70/100\n|-damage|p2a: Sneasler|60/100\n|-damage|p2a: Sneasler|50/100\n|-damage|p2a: Sneasler|40/100\n|-damage|p2a: Sneasler|30/100\n|-damage|p2a: Sneasler|20/100\n|-damage|p2a: Sneasler|11/100\n|-damage|p2a: Sneasler|1/100\n|-hitcount|p2a: Sneasler|10\n|move|p2a: Sneasler|Close Combat|p1a: Maushold\n|-supereffective|p1a: Maushold|1\n|-enditem|p1a: Maushold|Chople Berry|[eat]\n|-enditem|p1a: Maushold|Chople Berry|[weaken]\n|-damage|p1a: Maushold|4/100\n|-unboost|p2a: Sneasler|def|1\n|-unboost|p2a: Sneasler|spd|1\n|move|p1b: Archaludon|Flash Cannon|p2a: Sneasler\n|-damage|p2a: Sneasler|0 fnt\n|faint|p2a: Sneasler\n|move|p2b: Kingambit|Swords Dance|p2b: Kingambit\n|-boost|p2b: Kingambit|atk|2\n|\n|upkeep\n|inactive|mr.matsumoto1 has 30 seconds left.\n|\n|t:|1776134644\n|switch|p2a: Garchomp|Garchomp, L50, M|100/100\n|turn|2\n|\n|t:|1776134662\n|move|p2b: Kingambit|Sucker Punch|p1b: Archaludon\n|-damage|p1b: Archaludon|48/100\n|-ability|p1b: Archaludon|Stamina|boost\n|-boost|p1b: Archaludon|def|1\n|move|p1a: Maushold|Population Bomb|p1b: Archaludon\n|-resisted|p1b: Archaludon|1\n|-damage|p1b: Archaludon|47/100\n|-ability|p1b: Archaludon|Stamina|boost\n|-boost|p1b: Archaludon|def|1\n|-resisted|p1b: Archaludon|1\n|-crit|p1b: Archaludon\n|-damage|p1b: Archaludon|45/100\n|-ability|p1b: Archaludon|Stamina|boost\n|-boost|p1b: Archaludon|def|1\n|-resisted|p1b: Archaludon|1\n|-damage|p1b: Archaludon|44/100\n|-ability|p1b: Archaludon|Stamina|boost\n|-boost|p1b: Archaludon|def|1\n|-resisted|p1b: Archaludon|1\n|-damage|p1b: Archaludon|44/100\n|-ability|p1b: Archaludon|Stamina|boost\n|-boost|p1b: Archaludon|def|1\n|-resisted|p1b: Archaludon|1\n|-damage|p1b: Archaludon|43/100\n|-ability|p1b: Archaludon|Stamina|boost\n|-boost|p1b: Archaludon|def|1\n|-resisted|p1b: Archaludon|1\n|-damage|p1b: Archaludon|43/100\n|-resisted|p1b: Archaludon|1\n|-damage|p1b: Archaludon|42/100\n|-resisted|p1b: Archaludon|1\n|-damage|p1b: Archaludon|42/100\n|-resisted|p1b: Archaludon|1\n|-damage|p1b: Archaludon|41/100\n|-hitcount|p1b: Archaludon|9\n|move|p2a: Garchomp|Stomping Tantrum|p1b: Archaludon\n|-supereffective|p1b: Archaludon|1\n|-damage|p1b: Archaludon|30/100\n|move|p1b: Archaludon|Flash Cannon|p2a: Garchomp\n|-damage|p2a: Garchomp|61/100\n|\n|-heal|p1b: Archaludon|36/100|[from] item: Leftovers\n|upkeep\n|turn|3\n|inactive|72mm. has 30 seconds left.\n|inactive|72mm. has 20 seconds left.\n|inactive|72mm. has 15 seconds left.\n|\n|t:|1776134703\n|move|p1b: Archaludon|Protect|p1b: Archaludon\n|-singleturn|p1b: Archaludon|Protect\n|move|p1a: Maushold|Super Fang|p2b: Kingambit\n|-damage|p2b: Kingambit|50/100\n|move|p2a: Garchomp|Rock Slide|p1b: Archaludon|[spread] p1a\n|-activate|p1b: Archaludon|move: Protect\n|-damage|p1a: Maushold|0 fnt\n|faint|p1a: Maushold\n|move|p2b: Kingambit|Swords Dance|p2b: Kingambit\n|-boost|p2b: Kingambit|atk|2\n|\n|-heal|p1b: Archaludon|42/100|[from] item: Leftovers\n|upkeep\n|\n|t:|1776134717\n|switch|p1a: Pelipper|Pelipper, L50, M|100/100\n|-weather|RainDance|[from] ability: Drizzle|[of] p1a: Pelipper\n|turn|4\n|\n|t:|1776134733\n|move|p2b: Kingambit|Sucker Punch|p1b: Archaludon\n|-damage|p1b: Archaludon|16/100\n|move|p2a: Garchomp|Stomping Tantrum|p1b: Archaludon\n|-supereffective|p1b: Archaludon|1\n|-damage|p1b: Archaludon|0 fnt\n|faint|p1b: Archaludon\n|move|p1a: Pelipper|Weather Ball|p2a: Garchomp\n|-crit|p2a: Garchomp\n|-damage|p2a: Garchomp|0 fnt\n|faint|p2a: Garchomp\n|\n|-weather|RainDance|[upkeep]\n|upkeep\n|\n|t:|1776134743\n|switch|p2a: Milotic|Milotic, L50, F|100/100\n|switch|p1b: Starmie|Starmie, L50|100/100\n|turn|5\n|\n|t:|1776134771\n|detailschange|p1b: Starmie|Starmie-Mega, L50\n|-mega|p1b: Starmie|Starmie|Starminite\n|move|p2b: Kingambit|Protect|p2b: Kingambit\n|-singleturn|p2b: Kingambit|Protect\n|move|p1b: Starmie|Liquidation|p2b: Kingambit\n|-activate|p2b: Kingambit|move: Protect\n|move|p1a: Pelipper|Tailwind|p1a: Pelipper\n|-sidestart|p1: 72mm.|move: Tailwind\n|move|p2a: Milotic|Coil|p2a: Milotic\n|-boost|p2a: Milotic|atk|1\n|-boost|p2a: Milotic|def|1\n|-boost|p2a: Milotic|accuracy|1\n|\n|-weather|RainDance|[upkeep]\n|upkeep\n|turn|6\n|\n|t:|1776134788\n|move|p2b: Kingambit|Sucker Punch|p1b: Starmie\n|-supereffective|p1b: Starmie|1\n|-damage|p1b: Starmie|0 fnt\n|faint|p1b: Starmie\n|move|p1a: Pelipper|Hurricane|p2a: Milotic\n|-damage|p2a: Milotic|63/100\n|move|p2a: Milotic|Muddy Water|p1a: Pelipper\n|-resisted|p1a: Pelipper|1\n|-damage|p1a: Pelipper|55/100\n|\n|-weather|RainDance|[upkeep]\n|-heal|p2a: Milotic|69/100|[from] item: Leftovers\n|upkeep\n|turn|7\n|-message|72mm. forfeited.\n|\n|win|mr.matsumoto1\n|raw|72mm.'s rating: 1118 &rarr; <strong>1099</strong><br />(-19 for losing)\n|raw|mr.matsumoto1's rating: 1208 &rarr; <strong>1227</strong><br />(+19 for winning)\n|l|\u260672mm.\n|player|p1|\n",
  "uploadtime": 1776134800,
  "views": 11,
  "formatid": "gen9championsvgc2026regma",
  "rating": 1099,
  "private": 0,
  "password": null
}