{
  "id": "gen9championsvgc2026regma-2585706217",
  "format": "[Gen 9 Champions] VGC 2026 Reg M-A",
  "players": [
    "ZeroPops",
    "itwasallyellow"
  ],
  "log": "|j|\u2606ZeroPops\n|j|\u2606itwasallyellow\n|t:|1776365007\n|gametype|doubles\n|player|p1|ZeroPops|1|1281\n|player|p2|itwasallyellow|guitarist-gen4|1280\n|gen|9\n|tier|[Gen 9 Champions] VGC 2026 Reg M-A\n|rated|\n|rule|Species Clause: Limit one of each Pok\u00e9mon\n|rule|Item Clause: Limit 1 of each item\n|clearpoke\n|poke|p1|Floette-Eternal, L50, F|\n|poke|p1|Aerodactyl, L50, M|\n|poke|p1|Sneasler, L50, M|\n|poke|p1|Incineroar, L50, F|\n|poke|p1|Kingambit, L50, M|\n|poke|p1|Basculegion, L50, M|\n|poke|p2|Oranguru, L50, F|\n|poke|p2|Abomasnow, L50, F|\n|poke|p2|Kleavor, L50, M|\n|poke|p2|Incineroar, L50, M|\n|poke|p2|Drampa, L50, F|\n|poke|p2|Milotic, L50, M|\n|teampreview|4\n|inactive|Battle timer is ON: inactive players will automatically lose when time's up. (requested by itwasallyellow)\nitwasallyellow has agreed to open team sheets.\n|inactive|itwasallyellow has 60 seconds left.\n|\n|t:|1776365047\n|teamsize|p1|4\n|teamsize|p2|4\n|start\n|switch|p1a: Sneasler|Sneasler, L50, M|100/100\n|switch|p1b: Kingambit|Kingambit, L50, M|100/100\n|switch|p2a: Kleavor|Kleavor, L50, M|100/100\n|switch|p2b: Oranguru|Oranguru, L50, F|100/100\n|turn|1\n|\n|t:|1776365059\n|move|p1a: Sneasler|Fake Out|p2a: Kleavor\n|-resisted|p2a: Kleavor|1\n|-crit|p2a: Kleavor\n|-damage|p2a: Kleavor|87/100\n|cant|p2a: Kleavor|flinch\n|move|p1b: Kingambit|Iron Head|p2a: Kleavor\n|-supereffective|p2a: Kleavor|1\n|-damage|p2a: Kleavor|0 fnt\n|faint|p2a: Kleavor\n|move|p2b: Oranguru|Trick Room|p2b: Oranguru\n|-fieldstart|move: Trick Room|[of] p2b: Oranguru\n|\n|upkeep\n|inactive|itwasallyellow has 30 seconds left.\n|inactive|itwasallyellow has 20 seconds left.\n|c|\u2606ZeroPops|Did you really just name yourself after a Coldplay song?\n|c|\u2606ZeroPops|Bruh\n|\n|t:|1776365097\n|switch|p2a: Abomasnow|Abomasnow, L50, F|100/100\n|-weather|Snowscape|[from] ability: Snow Warning|[of] p2a: Abomasnow\n|turn|2\n|\n|t:|1776365114\n|move|p2b: Oranguru|Psychic|p1a: Sneasler\n|-supereffective|p1a: Sneasler|2\n|-damage|p1a: Sneasler|0 fnt\n|faint|p1a: Sneasler\n|move|p2a: Abomasnow|Earth Power|p1b: Kingambit\n|-supereffective|p1b: Kingambit|1\n|-damage|p1b: Kingambit|42/100\n|move|p1b: Kingambit|Kowtow Cleave|p2b: Oranguru\n|-supereffective|p2b: Oranguru|1\n|-damage|p2b: Oranguru|0 fnt\n|faint|p2b: Oranguru\n|\n|-weather|Snowscape|[upkeep]\n|upkeep\n|\n|t:|1776365123\n|switch|p2b: Drampa|Drampa, L50, F|100/100\n|switch|p1a: Incineroar|Incineroar, L50, F|100/100\n|-ability|p1a: Incineroar|Intimidate|boost\n|-unboost|p2a: Abomasnow|atk|1\n|-unboost|p2b: Drampa|atk|1\n|turn|3\n|inactive|itwasallyellow has 30 seconds left.\n|\n|t:|1776365157\n|detailschange|p2b: Drampa|Drampa-Mega, L50, F\n|-mega|p2b: Drampa|Drampa|Drampanite\n|move|p1a: Incineroar|Fake Out|p2a: Abomasnow\n|-damage|p2a: Abomasnow|90/100\n|move|p2b: Drampa|Earth Power|p1a: Incineroar\n|-supereffective|p1a: Incineroar|1\n|-damage|p1a: Incineroar|19/100\n|-unboost|p1a: Incineroar|spd|1\n|cant|p2a: Abomasnow|flinch\n|move|p1b: Kingambit|Iron Head|p2a: Abomasnow\n|-supereffective|p2a: Abomasnow|1\n|-damage|p2a: Abomasnow|20/100\n|\n|-weather|Snowscape|[upkeep]\n|upkeep\n|turn|4\n|inactive|ZeroPops has 30 seconds left.\n|inactive|itwasallyellow has 30 seconds left.\n|\n|t:|1776365191\n|move|p2a: Abomasnow|Protect|p2a: Abomasnow\n|-singleturn|p2a: Abomasnow|Protect\n|move|p1b: Kingambit|Sucker Punch||[still]\n|-fail|p1b: Kingambit\n|move|p2b: Drampa|Heat Wave|p1a: Incineroar|[spread] p1b\n|-miss|p2b: Drampa|p1a: Incineroar\n|-supereffective|p1b: Kingambit|1\n|-damage|p1b: Kingambit|0 fnt\n|faint|p1b: Kingambit\n|move|p1a: Incineroar|Parting Shot|p2b: Drampa\n|-unboost|p2b: Drampa|atk|1\n|-unboost|p2b: Drampa|spa|1\n|\n|t:|1776365194\n|switch|p1a: Floette|Floette-Eternal, L50, F|100/100|[from] Parting Shot\n|\n|-weather|Snowscape|[upkeep]\n|upkeep\n|\n|t:|1776365196\n|switch|p1b: Incineroar|Incineroar, L50, F|19/100\n|-ability|p1b: Incineroar|Intimidate|boost\n|-unboost|p2a: Abomasnow|atk|1\n|-unboost|p2b: Drampa|atk|1\n|turn|5\n|l|\u2606itwasallyellow\n|inactive|itwasallyellow disconnected and has a minute to reconnect!\n|player|p2|\n|\n|t:|1776365213\n|detailschange|p1a: Floette|Floette-Mega, L50, F\n|-mega|p1a: Floette|Floette|Floettite\n|-ability|p1a: Floette|Fairy Aura\n|move|p1b: Incineroar|Fake Out|p2a: Abomasnow\n|-damage|p2a: Abomasnow|9/100\n|move|p2b: Drampa|Hyper Voice|p1b: Incineroar|[spread] p1a,p1b\n|-damage|p1a: Floette|81/100\n|-damage|p1b: Incineroar|0 fnt\n|faint|p1b: Incineroar\n|cant|p2a: Abomasnow|flinch\n|move|p1a: Floette|Moonblast|p2b: Drampa\n|-supereffective|p2b: Drampa|1\n|-damage|p2b: Drampa|0 fnt\n|faint|p2b: Drampa\n|\n|-weather|Snowscape|[upkeep]\n|-fieldend|move: Trick Room\n|upkeep\n|turn|6\n|inactive|itwasallyellow has 30 seconds left.\n|inactive|itwasallyellow has 20 seconds left.\n|inactive|itwasallyellow has 15 seconds left.\n|inactive|itwasallyellow has 10 seconds left.\n|c|\u2606ZeroPops|Coldplay stopped being cool after A head full of Memes\n|inactive|itwasallyellow has 5 seconds left.\n|-message|itwasallyellow lost due to inactivity.\n|\n|win|ZeroPops\n|raw|ZeroPops's rating: 1281 &rarr; <strong>1306</strong><br />(+25 for winning)\n|raw|itwasallyellow's rating: 1280 &rarr; <strong>1255</strong><br />(-25 for losing)\n",
  "uploadtime": 1776365271,
  "views": 88,
  "formatid": "gen9championsvgc2026regma",
  "rating": 1255,
  "private": 0,
  "password": null
}