{
  "id": "gen9championsvgc2026regma-2582395330",
  "format": "[Gen 9 Champions] VGC 2026 Reg M-A",
  "players": [
    "sama_poke_",
    "Jeremykhoo"
  ],
  "log": "|j|\u2606sama_poke_\n|j|\u2606Jeremykhoo\n|t:|1776088847\n|gametype|doubles\n|player|p1|sama_poke_|1|1040\n|player|p2|Jeremykhoo|101|1101\n|gen|9\n|tier|[Gen 9 Champions] VGC 2026 Reg M-A\n|rated|\n|rule|Species Clause: Limit one of each Pok\u00e9mon\n|rule|Item Clause: Limit 1 of each item\n|clearpoke\n|poke|p1|Delphox, L50, F|\n|poke|p1|Meowscarada, L50, F|\n|poke|p1|Garchomp, L50, F|\n|poke|p1|Incineroar, L50, F|\n|poke|p1|Primarina, L50, F|\n|poke|p1|Sneasler, L50, F|\n|poke|p2|Tyranitar, L50, M|\n|poke|p2|Whimsicott, L50, M|\n|poke|p2|Aggron, L50, F|\n|poke|p2|Drampa, L50, M|\n|poke|p2|Sylveon, L50, F|\n|poke|p2|Arcanine, L50, M|\n|teampreview|4\n|\n|t:|1776088896\n|teamsize|p1|4\n|teamsize|p2|4\n|start\n|switch|p1a: Meowscarada|Meowscarada, L50, F|100/100\n|switch|p1b: Sneasler|Sneasler, L50, F|100/100\n|switch|p2a: Whimsicott|Whimsicott, L50, M|100/100\n|switch|p2b: Aggron|Aggron, L50, F|100/100\n|turn|1\n|\n|t:|1776088930\n|detailschange|p2b: Aggron|Aggron-Mega, L50, F\n|-mega|p2b: Aggron|Aggron|Aggronite\n|move|p1b: Sneasler|Fake Out|p2a: Whimsicott\n|-damage|p2a: Whimsicott|83/100\n|move|p1a: Meowscarada|Flower Trick|p2b: Aggron\n|-start|p1a: Meowscarada|typechange|Grass|[from] ability: Protean\n|-resisted|p2b: Aggron|1\n|-crit|p2b: Aggron\n|-damage|p2b: Aggron|87/100\n|cant|p2a: Whimsicott|flinch\n|move|p2b: Aggron|Body Press|p1a: Meowscarada\n|-damage|p1a: Meowscarada|37/100\n|\n|upkeep\n|turn|2\n|\n|t:|1776088967\n|move|p2a: Whimsicott|Tailwind|p2a: Whimsicott\n|-sidestart|p2: Jeremykhoo|move: Tailwind\n|move|p1a: Meowscarada|Flower Trick|p2a: Whimsicott\n|-resisted|p2a: Whimsicott|1\n|-crit|p2a: Whimsicott\n|-damage|p2a: Whimsicott|53/100\n|move|p1b: Sneasler|Dire Claw|p2a: Whimsicott\n|-supereffective|p2a: Whimsicott|2\n|-damage|p2a: Whimsicott|0 fnt\n|faint|p2a: Whimsicott\n|move|p2b: Aggron|Heavy Slam|p1b: Sneasler\n|-damage|p1b: Sneasler|6/100\n|\n|upkeep\n|\n|t:|1776088979\n|switch|p2a: Sylveon|Sylveon, L50, F|100/100\n|turn|3\n|\n|t:|1776088998\n|move|p1a: Meowscarada|Flower Trick|p2a: Sylveon\n|-crit|p2a: Sylveon\n|-damage|p2a: Sylveon|33/100\n|move|p2a: Sylveon|Hyper Voice|p1b: Sneasler|[spread] p1a,p1b\n|-damage|p1a: Meowscarada|0 fnt\n|-damage|p1b: Sneasler|0 fnt\n|faint|p1a: Meowscarada\n|faint|p1b: Sneasler\n|move|p2b: Aggron|Iron Defense|p2b: Aggron\n|-boost|p2b: Aggron|def|2\n|\n|upkeep\n|\n|t:|1776089011\n|switch|p1a: Primarina|Primarina, L50, F|100/100\n|switch|p1b: Garchomp|Garchomp, L50, F|100/100\n|turn|4\n|\n|t:|1776089034\n|move|p1b: Garchomp|Protect|p1b: Garchomp\n|-singleturn|p1b: Garchomp|Protect\n|move|p2a: Sylveon|Hyper Voice|p1b: Garchomp|[spread] p1a\n|-activate|p1b: Garchomp|move: Protect\n|-damage|p1a: Primarina|66/100\n|move|p2b: Aggron|Heavy Slam|p1a: Primarina\n|-damage|p1a: Primarina|0 fnt\n|faint|p1a: Primarina\n|\n|upkeep\n|turn|5\n|\n|t:|1776089048\n|move|p2a: Sylveon|Hyper Voice|p1b: Garchomp\n|-supereffective|p1b: Garchomp|1\n|-damage|p1b: Garchomp|0 fnt\n|faint|p1b: Garchomp\n|\n|win|Jeremykhoo\n|raw|sama_poke_'s rating: 1040 &rarr; <strong>1027</strong><br />(-13 for losing)\n|raw|Jeremykhoo's rating: 1101 &rarr; <strong>1122</strong><br />(+21 for winning)\n",
  "uploadtime": 1776089054,
  "views": 15,
  "formatid": "gen9championsvgc2026regma",
  "rating": 1027,
  "private": 0,
  "password": null
}