{
  "id": "gen9championsvgc2026regma-2583969396",
  "format": "[Gen 9 Champions] VGC 2026 Reg M-A",
  "players": [
    "vyex",
    "Mashndrow"
  ],
  "log": "|j|\u2606vyex\n|j|\u2606Mashndrow\n|t:|1776212816\n|gametype|doubles\n|player|p1|vyex|169|1104\n|player|p2|Mashndrow|bugcatcher-gen4dp|1080\n|gen|9\n|tier|[Gen 9 Champions] VGC 2026 Reg M-A\n|rated|\n|rule|Species Clause: Limit one of each Pok\u00e9mon\n|rule|Item Clause: Limit 1 of each item\n|clearpoke\n|poke|p1|Starmie, L50|\n|poke|p1|Pelipper, L50, F|\n|poke|p1|Incineroar, L50, F|\n|poke|p1|Archaludon, L50, F|\n|poke|p1|Sinistcha, L50|\n|poke|p1|Klefki, L50, M|\n|poke|p2|Arcanine-Hisui, L50, M|\n|poke|p2|Serperior, L50, M|\n|poke|p2|Clefable, L50, F|\n|poke|p2|Sneasler, L50, M|\n|poke|p2|Pelipper, L50, F|\n|poke|p2|Dragonite, L50, F|\n|teampreview|4\n|inactive|Battle timer is ON: inactive players will automatically lose when time's up. (requested by Mashndrow)\n|\n|t:|1776212845\n|teamsize|p1|4\n|teamsize|p2|4\n|start\n|switch|p1a: Pelipper|Pelipper, L50, F|100/100\n|switch|p1b: Archaludon|Archaludon, L50, F|100/100\n|switch|p2a: Arcanine|Arcanine-Hisui, L50, M|100/100\n|switch|p2b: Serperior|Serperior, L50, M|100/100\n|-ability|p2a: Arcanine|Intimidate|boost\n|-unboost|p1a: Pelipper|atk|1\n|-unboost|p1b: Archaludon|atk|1\n|-weather|RainDance|[from] ability: Drizzle|[of] p1a: Pelipper\n|turn|1\n|\n|t:|1776212867\n|move|p2b: Serperior|Leaf Storm|p1a: Pelipper\n|-damage|p1a: Pelipper|47/100\n|-boost|p2b: Serperior|spa|2\n|move|p2a: Arcanine|Rock Slide|p1b: Archaludon|[spread] p1a,p1b\n|-supereffective|p1a: Pelipper|1\n|-resisted|p1b: Archaludon|1\n|-damage|p1a: Pelipper|0 fnt\n|-damage|p1b: Archaludon|90/100\n|-ability|p1b: Archaludon|Stamina|boost\n|-boost|p1b: Archaludon|def|1\n|faint|p1a: Pelipper\n|move|p1b: Archaludon|Draco Meteor|p2b: Serperior\n|-damage|p2b: Serperior|18/100\n|-unboost|p1b: Archaludon|spa|2\n|\n|-weather|RainDance|[upkeep]\n|upkeep\n|\n|t:|1776212885\n|switch|p1a: Starmie|Starmie, L50|100/100\n|turn|2\n|inactive|Mashndrow has 30 seconds left.\n|inactive|Mashndrow has 20 seconds left.\n|inactive|Mashndrow has 15 seconds left.\n|inactive|Mashndrow has 10 seconds left.\n|inactive|Mashndrow has 5 seconds left.\n|\n|t:|1776212936\n|detailschange|p1a: Starmie|Starmie-Mega, L50\n|-mega|p1a: Starmie|Starmie|Starminite\n|move|p2b: Serperior|Protect|p2b: Serperior\n|-singleturn|p2b: Serperior|Protect\n|move|p2a: Arcanine|Protect|p2a: Arcanine\n|-singleturn|p2a: Arcanine|Protect\n|move|p1a: Starmie|Ice Spinner|p2b: Serperior\n|-activate|p2b: Serperior|move: Protect\n|move|p1b: Archaludon|Electro Shot||[still]\n|-prepare|p1b: Archaludon|Electro Shot\n|-boost|p1b: Archaludon|spa|1\n|-anim|p1b: Archaludon|Electro Shot|p2a: Arcanine\n|-activate|p2a: Arcanine|move: Protect\n|\n|-weather|RainDance|[upkeep]\n|upkeep\n|turn|3\n|inactive|Mashndrow has 30 seconds left.\n|\n|t:|1776212968\n|switch|p2a: Clefable|Clefable, L50, F|100/100\n|move|p2b: Serperior|Protect|p2b: Serperior\n|-singleturn|p2b: Serperior|Protect\n|move|p1b: Archaludon|Protect|p1b: Archaludon\n|-singleturn|p1b: Archaludon|Protect\n|move|p1a: Starmie|Liquidation|p2a: Clefable\n|-damage|p2a: Clefable|11/100\n|\n|-weather|RainDance|[upkeep]\n|-heal|p2a: Clefable|17/100|[from] item: Leftovers\n|upkeep\n|turn|4\n|\n|t:|1776212994\n|move|p2a: Clefable|Follow Me|p2a: Clefable\n|-singleturn|p2a: Clefable|move: Follow Me\n|move|p1a: Starmie|Ice Spinner|p2a: Clefable\n|-damage|p2a: Clefable|0 fnt\n|faint|p2a: Clefable\n|move|p2b: Serperior|Glare|p1a: Starmie\n|-status|p1a: Starmie|par\n|move|p1b: Archaludon|Flash Cannon|p2b: Serperior\n|-damage|p2b: Serperior|0 fnt\n|faint|p2b: Serperior\n|\n|-weather|RainDance|[upkeep]\n|upkeep\n|\n|t:|1776213003\n|switch|p2b: Arcanine|Arcanine-Hisui, L50, M|100/100\n|switch|p2a: Sneasler|Sneasler, L50, M|100/100\n|-ability|p2b: Arcanine|Intimidate|boost\n|-unboost|p1a: Starmie|atk|1\n|-unboost|p1b: Archaludon|atk|1\n|turn|5\n|inactive|vyex has 30 seconds left.\n|\n|t:|1776213035\n|switch|p1a: Incineroar|Incineroar, L50, F|100/100\n|-ability|p1a: Incineroar|Intimidate|boost\n|-unboost|p2a: Sneasler|atk|1\n|-unboost|p2b: Arcanine|atk|1\n|-enditem|p2a: Sneasler|White Herb\n|-clearnegativeboost|p2a: Sneasler|[silent]\n|move|p1b: Archaludon|Protect|p1b: Archaludon\n|-singleturn|p1b: Archaludon|Protect\n|move|p2a: Sneasler|Throat Chop|p1a: Incineroar\n|-resisted|p1a: Incineroar|1\n|-damage|p1a: Incineroar|86/100\n|-start|p1a: Incineroar|Throat Chop|[silent]\n|move|p2b: Arcanine|Rock Slide|p1a: Incineroar|[spread] p1a\n|-activate|p1b: Archaludon|move: Protect\n|-supereffective|p1a: Incineroar|1\n|-damage|p1a: Incineroar|50/100\n|-enditem|p1a: Incineroar|Sitrus Berry|[eat]\n|-heal|p1a: Incineroar|74/100|[from] item: Sitrus Berry\n|\n|-weather|none\n|upkeep\n|turn|6\n|inactive|vyex has 30 seconds left.\n|inactive|Mashndrow has 30 seconds left.\n|inactive|Mashndrow has 20 seconds left.\n|\n|t:|1776213071\n|move|p2a: Sneasler|Protect|p2a: Sneasler\n|-singleturn|p2a: Sneasler|Protect\n|move|p2b: Arcanine|Protect|p2b: Arcanine\n|-singleturn|p2b: Arcanine|Protect\n|move|p1a: Incineroar|Fake Out|p2b: Arcanine\n|-activate|p2b: Arcanine|move: Protect\n|move|p1b: Archaludon|Flash Cannon|p2a: Sneasler\n|-activate|p2a: Sneasler|move: Protect\n|\n|-end|p1a: Incineroar|Throat Chop|[silent]\n|upkeep\n|turn|7\n|\n|t:|1776213094\n|move|p2a: Sneasler|Close Combat|p1b: Archaludon\n|-supereffective|p1b: Archaludon|1\n|-damage|p1b: Archaludon|34/100\n|-unboost|p2a: Sneasler|def|1\n|-unboost|p2a: Sneasler|spd|1\n|-ability|p1b: Archaludon|Stamina|boost\n|-boost|p1b: Archaludon|def|1\n|move|p2b: Arcanine|Flare Blitz|p1b: Archaludon\n|-damage|p1b: Archaludon|19/100\n|-ability|p1b: Archaludon|Stamina|boost\n|-boost|p1b: Archaludon|def|1\n|-damage|p2b: Arcanine|95/100|[from] Recoil\n|move|p1b: Archaludon|Electro Shot||[still]\n|-prepare|p1b: Archaludon|Electro Shot\n|-boost|p1b: Archaludon|spa|1\n|move|p1a: Incineroar|Parting Shot|p2a: Sneasler\n|-unboost|p2a: Sneasler|atk|1\n|-unboost|p2a: Sneasler|spa|1\n|\n|t:|1776213098\n|switch|p1a: Starmie|Starmie-Mega, L50|100/100 par|[from] Parting Shot\n|\n|upkeep\n|turn|8\n|inactive|Mashndrow has 30 seconds left.\n|inactive|Mashndrow has 20 seconds left.\n|inactive|Mashndrow has 15 seconds left.\n|\n|t:|1776213142\n|move|p2a: Sneasler|Close Combat|p1b: Archaludon\n|-supereffective|p1b: Archaludon|1\n|-damage|p1b: Archaludon|0 fnt\n|-unboost|p2a: Sneasler|def|1\n|-unboost|p2a: Sneasler|spd|1\n|faint|p1b: Archaludon\n|move|p2b: Arcanine|Rock Slide|p1a: Starmie\n|-damage|p1a: Starmie|65/100 par\n|cant|p1a: Starmie|flinch\n|\n|upkeep\n|\n|t:|1776213152\n|switch|p1b: Incineroar|Incineroar, L50, F|74/100\n|-ability|p1b: Incineroar|Intimidate|boost\n|-unboost|p2a: Sneasler|atk|1\n|-unboost|p2b: Arcanine|atk|1\n|turn|9\n|inactive|vyex has 30 seconds left.\n|\n|t:|1776213179\n|move|p2a: Sneasler|Protect|p2a: Sneasler\n|-singleturn|p2a: Sneasler|Protect\n|move|p2b: Arcanine|Protect|p2b: Arcanine\n|-singleturn|p2b: Arcanine|Protect\n|move|p1b: Incineroar|Fake Out|p2b: Arcanine\n|-activate|p2b: Arcanine|move: Protect\n|move|p1a: Starmie|Liquidation|p2b: Arcanine\n|-activate|p2b: Arcanine|move: Protect\n|\n|upkeep\n|turn|10\n|inactive|vyex has 30 seconds left.\n|\n|t:|1776213207\n|move|p1b: Incineroar|Protect|p1b: Incineroar\n|-singleturn|p1b: Incineroar|Protect\n|move|p2a: Sneasler|Throat Chop|p1a: Starmie\n|-supereffective|p1a: Starmie|1\n|-damage|p1a: Starmie|27/100 par\n|-start|p1a: Starmie|Throat Chop|[silent]\n|move|p2b: Arcanine|Rock Slide|p1a: Starmie|[spread] \n|-activate|p1b: Incineroar|move: Protect\n|-miss|p2b: Arcanine|p1a: Starmie\n|move|p1a: Starmie|Liquidation|p2b: Arcanine\n|-supereffective|p2b: Arcanine|2\n|-damage|p2b: Arcanine|0 fnt\n|faint|p2b: Arcanine\n|\n|upkeep\n|turn|11\n|inactive|vyex has 30 seconds left.\n|inactive|vyex has 20 seconds left.\n|\n|t:|1776213245\n|move|p2a: Sneasler|Throat Chop|p1a: Starmie\n|-supereffective|p1a: Starmie|1\n|-damage|p1a: Starmie|0 fnt\n|faint|p1a: Starmie\n|move|p1b: Incineroar|Darkest Lariat|p2a: Sneasler\n|-resisted|p2a: Sneasler|1\n|-damage|p2a: Sneasler|67/100\n|\n|upkeep\n|turn|12\n|inactive|Mashndrow has 30 seconds left.\n|inactive|Mashndrow has 20 seconds left.\n|\n|t:|1776213282\n|move|p1b: Incineroar|Protect|p1b: Incineroar\n|-singleturn|p1b: Incineroar|Protect\n|move|p2a: Sneasler|Close Combat|p1b: Incineroar\n|-activate|p1b: Incineroar|move: Protect\n|\n|upkeep\n|turn|13\n|\n|t:|1776213305\n|move|p2a: Sneasler|Close Combat|p1b: Incineroar\n|-supereffective|p1b: Incineroar|1\n|-damage|p1b: Incineroar|9/100\n|-unboost|p2a: Sneasler|def|1\n|-unboost|p2a: Sneasler|spd|1\n|move|p1b: Incineroar|Darkest Lariat|p2a: Sneasler\n|-resisted|p2a: Sneasler|1\n|-damage|p2a: Sneasler|35/100\n|\n|upkeep\n|turn|14\n|c|\u2606Mashndrow|gg\n|c|\u2606vyex|gg\n|inactive|vyex has 30 seconds left.\n|\n|t:|1776213331\n|move|p2a: Sneasler|Close Combat|p1b: Incineroar\n|-supereffective|p1b: Incineroar|1\n|-damage|p1b: Incineroar|0 fnt\n|-unboost|p2a: Sneasler|def|1\n|-unboost|p2a: Sneasler|spd|1\n|faint|p1b: Incineroar\n|\n|win|Mashndrow\n|raw|vyex's rating: 1104 &rarr; <strong>1077</strong><br />(-27 for losing)\n|raw|Mashndrow's rating: 1080 &rarr; <strong>1110</strong><br />(+30 for winning)\n|l|\u2606vyex\n|player|p1|\n",
  "uploadtime": 1776213335,
  "views": 15,
  "formatid": "gen9championsvgc2026regma",
  "rating": 1077,
  "private": 0,
  "password": null
}