{
  "id": "gen9championsvgc2026regma-2583629229",
  "format": "[Gen 9 Champions] VGC 2026 Reg M-A",
  "players": [
    "The Master Dex",
    "On the wave now"
  ],
  "log": "|j|\u2606The Master Dex\n|j|\u2606On the wave now\n|t:|1776187515\n|gametype|doubles\n|player|p1|The Master Dex|ingo|1200\n|player|p2|On the wave now|ruinmaniac|1265\n|gen|9\n|tier|[Gen 9 Champions] VGC 2026 Reg M-A\n|rated|\n|rule|Species Clause: Limit one of each Pok\u00e9mon\n|rule|Item Clause: Limit 1 of each item\n|clearpoke\n|poke|p1|Scovillain, L50, M|\n|poke|p1|Milotic, L50, M|\n|poke|p1|Aerodactyl, L50, M|\n|poke|p1|Sneasler, L50, M|\n|poke|p1|Scizor, L50, M|\n|poke|p1|Dragapult, L50, M|\n|poke|p2|Floette-Eternal, L50, F|\n|poke|p2|Maushold, L50|\n|poke|p2|Garchomp, L50, F|\n|poke|p2|Talonflame, L50, M|\n|poke|p2|Rotom-Wash, L50|\n|poke|p2|Aegislash, L50, F|\n|teampreview|4\nOn the wave now has agreed to open team sheets.\n|inactive|Battle timer is ON: inactive players will automatically lose when time's up. (requested by On the wave now)\n|\n|t:|1776187553\n|teamsize|p1|4\n|teamsize|p2|4\n|start\n|switch|p1a: Scovillain|Scovillain, L50, M|100/100\n|switch|p1b: Milotic|Milotic, L50, M|100/100\n|switch|p2a: Garchomp|Garchomp, L50, F|100/100\n|switch|p2b: Rotom|Rotom-Wash, L50|100/100\n|turn|1\n|\n|t:|1776187570\n|detailschange|p1a: Scovillain|Scovillain-Mega, L50, M\n|-mega|p1a: Scovillain|Scovillain|Scovillainite\n|move|p1a: Scovillain|Rage Powder|p1a: Scovillain\n|-singleturn|p1a: Scovillain|move: Rage Powder\n|move|p2a: Garchomp|Stone Edge|p1a: Scovillain\n|-supereffective|p1a: Scovillain|1\n|-crit|p1a: Scovillain\n|-damage|p1a: Scovillain|0 fnt\n|-status|p2a: Garchomp|brn|[from] ability: Spicy Spray|[of] p1a: Scovillain\n|faint|p1a: Scovillain\n|move|p2b: Rotom|Hydro Pump|p1b: Milotic\n|-resisted|p1b: Milotic|1\n|-damage|p1b: Milotic|86/100\n|move|p1b: Milotic|Icy Wind|p2a: Garchomp|[spread] p2a,p2b\n|-supereffective|p2a: Garchomp|2\n|-resisted|p2b: Rotom|1\n|-damage|p2a: Garchomp|53/100 brn\n|-damage|p2b: Rotom|95/100\n|-unboost|p2a: Garchomp|spe|1\n|-unboost|p2b: Rotom|spe|1\n|\n|-heal|p1b: Milotic|92/100|[from] item: Leftovers\n|-damage|p2a: Garchomp|47/100 brn|[from] brn\n|upkeep\n|inactive|The Master Dex has 30 seconds left.\n|\n|t:|1776187605\n|switch|p1a: Scizor|Scizor, L50, M|100/100\n|turn|2\n|\n|t:|1776187616\n|move|p2a: Garchomp|Earthquake|p1a: Scizor|[spread] p1a,p1b\n|-immune|p2b: Rotom|[from] ability: Levitate\n|-damage|p1a: Scizor|75/100\n|-damage|p1b: Milotic|69/100\n|move|p1b: Milotic|Icy Wind|p2b: Rotom|[spread] p2a\n|-miss|p1b: Milotic|p2b: Rotom\n|-supereffective|p2a: Garchomp|2\n|-damage|p2a: Garchomp|2/100 brn\n|-unboost|p2a: Garchomp|spe|1\n|move|p1a: Scizor|Swords Dance|p1a: Scizor\n|-boost|p1a: Scizor|atk|2\n|move|p2b: Rotom|Volt Switch|p1a: Scizor\n|-damage|p1a: Scizor|40/100\n|\n|t:|1776187624\n|switch|p2b: Talonflame|Talonflame, L50, M|100/100|[from] Volt Switch\n|\n|-heal|p1b: Milotic|75/100|[from] item: Leftovers\n|-damage|p2a: Garchomp|0 fnt|[from] brn\n|faint|p2a: Garchomp\n|upkeep\n|\n|t:|1776187627\n|switch|p2a: Rotom|Rotom-Wash, L50|95/100\n|turn|3\n|\n|t:|1776187650\n|move|p2b: Talonflame|Flare Blitz|p1a: Scizor\n|-supereffective|p1a: Scizor|2\n|-damage|p1a: Scizor|0 fnt\n|faint|p1a: Scizor\n|-damage|p2b: Talonflame|86/100|[from] Recoil\n|move|p2a: Rotom|Thunderbolt|p1b: Milotic\n|-supereffective|p1b: Milotic|1\n|-damage|p1b: Milotic|26/100\n|move|p1b: Milotic|Life Dew|p1b: Milotic\n|-heal|p1b: Milotic|51/100\n|\n|-heal|p1b: Milotic|57/100|[from] item: Leftovers\n|upkeep\n|\n|t:|1776187657\n|switch|p1a: Dragapult|Dragapult, L50, M|100/100\n|turn|4\n|\n|t:|1776187670\n|move|p1a: Dragapult|Thunderbolt|p2a: Rotom\n|-damage|p2a: Rotom|67/100\n|move|p2b: Talonflame|Tailwind|p2b: Talonflame\n|-sidestart|p2: On the wave now|move: Tailwind\n|move|p2a: Rotom|Thunderbolt|p1b: Milotic\n|-supereffective|p1b: Milotic|1\n|-damage|p1b: Milotic|11/100\n|move|p1b: Milotic|Icy Wind|p2a: Rotom|[spread] p2a,p2b\n|-resisted|p2a: Rotom|1\n|-damage|p2a: Rotom|62/100\n|-damage|p2b: Talonflame|70/100\n|-unboost|p2a: Rotom|spe|1\n|-unboost|p2b: Talonflame|spe|1\n|\n|-heal|p1b: Milotic|17/100|[from] item: Leftovers\n|upkeep\n|turn|5\n|\n|t:|1776187685\n|move|p2b: Talonflame|Acrobatics|p1a: Dragapult\n|-crit|p1a: Dragapult\n|-damage|p1a: Dragapult|11/100\n|move|p1a: Dragapult|Thunderbolt|p2b: Talonflame\n|-supereffective|p2b: Talonflame|1\n|-damage|p2b: Talonflame|0 fnt\n|faint|p2b: Talonflame\n|move|p2a: Rotom|Volt Switch|p1b: Milotic\n|-supereffective|p1b: Milotic|1\n|-damage|p1b: Milotic|0 fnt\n|faint|p1b: Milotic\n|\n|t:|1776187688\n|switch|p2a: Floette|Floette-Eternal, L50, F|100/100|[from] Volt Switch\n|\n|upkeep\n|\n|t:|1776187690\n|switch|p2b: Rotom|Rotom-Wash, L50|62/100\n|turn|6\n|\n|t:|1776187698\n|detailschange|p2a: Floette|Floette-Mega, L50, F\n|-mega|p2a: Floette|Floette|Floettite\n|-ability|p2a: Floette|Fairy Aura\n|move|p2a: Floette|Moonblast|p1a: Dragapult\n|-supereffective|p1a: Dragapult|1\n|-damage|p1a: Dragapult|0 fnt\n|faint|p1a: Dragapult\n|\n|win|On the wave now\n|raw|The Master Dex's rating: 1200 &rarr; <strong>1180</strong><br />(-20 for losing)\n|raw|On the wave now's rating: 1265 &rarr; <strong>1285</strong><br />(+20 for winning)\n|l|\u2606The Master Dex\n|player|p1|\n",
  "uploadtime": 1776187703,
  "views": 16,
  "formatid": "gen9championsvgc2026regma",
  "rating": 1180,
  "private": 0,
  "password": null
}