{
  "id": "gen9championsvgc2026regma-2587366663",
  "format": "[Gen 9 Champions] VGC 2026 Reg M-A",
  "players": [
    "darumaka maracas",
    "MilkTeaWayGalaxy"
  ],
  "log": "|j|\u2606darumaka maracas\n|j|\u2606MilkTeaWayGalaxy\n|t:|1776525794\n|gametype|doubles\n|player|p1|darumaka maracas|postman|1431\n|player|p2|MilkTeaWayGalaxy|rosa-pokestar3|1425\n|gen|9\n|tier|[Gen 9 Champions] VGC 2026 Reg M-A\n|rated|\n|rule|Species Clause: Limit one of each Pok\u00e9mon\n|rule|Item Clause: Limit 1 of each item\n|clearpoke\n|poke|p1|Sneasler, L50, M|\n|poke|p1|Starmie, L50|\n|poke|p1|Ninetales-Alola, L50, M|\n|poke|p1|Talonflame, L50, M|\n|poke|p1|Sableye, L50, M|\n|poke|p1|Basculegion, L50, M|\n|poke|p2|Milotic, L50, F|\n|poke|p2|Froslass, L50, F|\n|poke|p2|Sneasler, L50, F|\n|poke|p2|Gyarados, L50, M|\n|poke|p2|Incineroar, L50, M|\n|poke|p2|Sinistcha, L50|\n|teampreview|4\n|\n|t:|1776525835\n|teamsize|p1|4\n|teamsize|p2|4\n|start\n|switch|p1a: Sneasler|Sneasler, L50, M|100/100\n|switch|p1b: Starmie|Starmie, L50|100/100\n|switch|p2a: Froslass|Froslass, L50, F|100/100\n|switch|p2b: Incineroar|Incineroar, L50, M|100/100\n|-ability|p2b: Incineroar|Intimidate|boost\n|-unboost|p1a: Sneasler|atk|1\n|-unboost|p1b: Starmie|atk|1\n|turn|1\n|\n|t:|1776525857\n|switch|p2a: Gyarados|Gyarados, L50, M|100/100\n|-ability|p2a: Gyarados|Intimidate|boost\n|-unboost|p1a: Sneasler|atk|1\n|-unboost|p1b: Starmie|atk|1\n|switch|p2b: Sinistcha|Sinistcha, L50|100/100\n|detailschange|p1b: Starmie|Starmie-Mega, L50\n|-mega|p1b: Starmie|Starmie|Starminite\n|move|p1a: Sneasler|Fake Out|p2b: Sinistcha\n|-immune|p2b: Sinistcha\n|move|p1b: Starmie|Liquidation|p2a: Gyarados\n|-resisted|p2a: Gyarados|1\n|-damage|p2a: Gyarados|79/100\n|\n|upkeep\n|turn|2\n|\n|t:|1776525876\n|switch|p1b: Talonflame|Talonflame, L50, M|100/100\n|switch|p2a: Incineroar|Incineroar, L50, M|100/100\n|-ability|p2a: Incineroar|Intimidate|boost\n|-unboost|p1a: Sneasler|atk|1\n|-unboost|p1b: Talonflame|atk|1\n|move|p1a: Sneasler|Dire Claw|p2a: Incineroar\n|-damage|p2a: Incineroar|87/100\n|-status|p2a: Incineroar|psn\n|move|p2b: Sinistcha|Matcha Gotcha|p1a: Sneasler|[spread] p1a,p1b\n|-resisted|p1a: Sneasler|1\n|-resisted|p1b: Talonflame|2\n|-damage|p1a: Sneasler|84/100\n|-damage|p1b: Talonflame|92/100\n|-status|p1a: Sneasler|brn\n|\n|-damage|p2a: Incineroar|75/100 psn|[from] psn\n|-damage|p1a: Sneasler|78/100 brn|[from] brn\n|upkeep\n|turn|3\n|\n|t:|1776525896\n|switch|p2b: Gyarados|Gyarados, L50, M|79/100\n|-ability|p2b: Gyarados|Intimidate|boost\n|-unboost|p1a: Sneasler|atk|1\n|-unboost|p1b: Talonflame|atk|1\n|move|p1b: Talonflame|Dual Wingbeat|p2b: Gyarados\n|-damage|p2b: Gyarados|70/100\n|-damage|p2b: Gyarados|60/100\n|-hitcount|p2b: Gyarados|2\n|move|p1a: Sneasler|Close Combat|p2a: Incineroar\n|-supereffective|p2a: Incineroar|1\n|-enditem|p2a: Incineroar|Chople Berry|[eat]\n|-enditem|p2a: Incineroar|Chople Berry|[weaken]\n|-damage|p2a: Incineroar|65/100 psn\n|-unboost|p1a: Sneasler|def|1\n|-unboost|p1a: Sneasler|spd|1\n|move|p2a: Incineroar|Darkest Lariat|p1b: Talonflame\n|-damage|p1b: Talonflame|37/100\n|\n|-damage|p2a: Incineroar|52/100 psn|[from] psn\n|-damage|p1a: Sneasler|72/100 brn|[from] brn\n|upkeep\n|turn|4\n|\n|t:|1776525908\n|switch|p2a: Sinistcha|Sinistcha, L50|100/100\n|-heal|p2b: Gyarados|85/100|[from] ability: Hospitality|[of] p2a: Sinistcha\n|move|p1b: Talonflame|Tailwind|p1b: Talonflame\n|-sidestart|p1: darumaka maracas|move: Tailwind\n|move|p1a: Sneasler|Close Combat|p2a: Sinistcha\n|-immune|p2a: Sinistcha\n|move|p2b: Gyarados|Dragon Dance|p2b: Gyarados\n|-boost|p2b: Gyarados|atk|1\n|-boost|p2b: Gyarados|spe|1\n|\n|-damage|p1a: Sneasler|66/100 brn|[from] brn\n|upkeep\n|turn|5\n|\n|t:|1776525917\n|switch|p1b: Starmie|Starmie-Mega, L50|100/100\n|move|p2a: Sinistcha|Rage Powder|p2a: Sinistcha\n|-singleturn|p2a: Sinistcha|move: Rage Powder\n|move|p1a: Sneasler|Coaching|p1b: Starmie\n|-boost|p1b: Starmie|atk|1\n|-boost|p1b: Starmie|def|1\n|move|p2b: Gyarados|Dragon Dance|p2b: Gyarados\n|-boost|p2b: Gyarados|atk|1\n|-boost|p2b: Gyarados|spe|1\n|\n|-damage|p1a: Sneasler|60/100 brn|[from] brn\n|upkeep\n|turn|6\n|\n|t:|1776525937\n|switch|p2a: Incineroar|Incineroar, L50, M|52/100 psn\n|-ability|p2a: Incineroar|Intimidate|boost\n|-unboost|p1a: Sneasler|atk|1\n|-unboost|p1b: Starmie|atk|1\n|detailschange|p2b: Gyarados|Gyarados-Mega, L50, M\n|-mega|p2b: Gyarados|Gyarados|Gyaradosite\n|-ability|p2b: Gyarados|Mold Breaker\n|move|p1a: Sneasler|Coaching|p1b: Starmie\n|-boost|p1b: Starmie|atk|1\n|-boost|p1b: Starmie|def|1\n|move|p1b: Starmie|Psycho Cut|p2b: Gyarados\n|-immune|p2b: Gyarados\n|move|p2b: Gyarados|Crunch|p1b: Starmie\n|-supereffective|p1b: Starmie|1\n|-damage|p1b: Starmie|0 fnt\n|faint|p1b: Starmie\n|\n|-damage|p2a: Incineroar|40/100 psn|[from] psn\n|-damage|p1a: Sneasler|55/100 brn|[from] brn\n|upkeep\n|-message|darumaka maracas forfeited.\n|\n|win|MilkTeaWayGalaxy\n|raw|darumaka maracas's rating: 1431 &rarr; <strong>1411</strong><br />(-20 for losing)\n|raw|MilkTeaWayGalaxy's rating: 1425 &rarr; <strong>1445</strong><br />(+20 for winning)\n|l|\u2606darumaka maracas\n|player|p1|\n",
  "uploadtime": 1776525957,
  "views": 26,
  "formatid": "gen9championsvgc2026regma",
  "rating": 1411,
  "private": 0,
  "password": null
}