{
  "id": "gen9championsvgc2026regma-2581559379",
  "format": "[Gen 9 Champions] VGC 2026 Reg M-A",
  "players": [
    "ThePeasent",
    "ROBY RETOS"
  ],
  "log": "|j|\u2606ThePeasent\n|j|\u2606ROBY RETOS\n|t:|1776010936\n|gametype|doubles\n|player|p1|ThePeasent|170|1185\n|player|p2|ROBY RETOS|janitor|1133\n|gen|9\n|tier|[Gen 9 Champions] VGC 2026 Reg M-A\n|rated|\n|rule|Species Clause: Limit one of each Pok\u00e9mon\n|rule|Item Clause: Limit 1 of each item\n|clearpoke\n|poke|p1|Glimmora, L50, M|\n|poke|p1|Tyranitar, L50, F|\n|poke|p1|Excadrill, L50, F|\n|poke|p1|Milotic, L50, F|\n|poke|p1|Sneasler, L50, M|\n|poke|p1|Rotom-Wash, L50|\n|poke|p2|Kingambit, L50, F|\n|poke|p2|Sneasler, L50, M|\n|poke|p2|Incineroar, L50, M|\n|poke|p2|Dragonite, L50, M|\n|poke|p2|Venusaur, L50, M|\n|poke|p2|Basculegion, L50, M|\n|teampreview|4\n|inactive|Battle timer is ON: inactive players will automatically lose when time's up. (requested by ThePeasent)\nThePeasent has agreed to open team sheets.\n|inactive|ROBY RETOS has 60 seconds left.\n|\n|t:|1776010981\n|teamsize|p1|4\n|teamsize|p2|4\n|start\n|switch|p1a: Glimmora|Glimmora, L50, M|100/100\n|switch|p1b: Milotic|Milotic, L50, F|100/100\n|switch|p2a: Sneasler|Sneasler, L50, M|100/100\n|switch|p2b: Dragonite|Dragonite, L50, M|100/100\n|turn|1\n|inactive|ThePeasent has 30 seconds left.\n|\n|t:|1776011010\n|detailschange|p2b: Dragonite|Dragonite-Mega, L50, M\n|-mega|p2b: Dragonite|Dragonite|Dragoninite\n|move|p1a: Glimmora|Spiky Shield|p1a: Glimmora\n|-singleturn|p1a: Glimmora|move: Protect\n|move|p2a: Sneasler|Close Combat|p1a: Glimmora\n|-activate|p1a: Glimmora|move: Protect\n|-damage|p2a: Sneasler|88/100|[from] Spiky Shield|[of] p1a: Glimmora\n|move|p2b: Dragonite|Dragon Pulse|p1b: Milotic\n|-damage|p1b: Milotic|64/100\n|move|p1b: Milotic|Icy Wind|p2b: Dragonite|[spread] p2a,p2b\n|-supereffective|p2b: Dragonite|2\n|-damage|p2a: Sneasler|73/100\n|-damage|p2b: Dragonite|85/100\n|-unboost|p2a: Sneasler|spe|1\n|-unboost|p2b: Dragonite|spe|1\n|\n|-heal|p1b: Milotic|70/100|[from] item: Leftovers\n|upkeep\n|turn|2\n|inactive|ThePeasent has 30 seconds left.\n|\n|t:|1776011036\n|switch|p2b: Basculegion|Basculegion, L50, M|100/100\n|detailschange|p1a: Glimmora|Glimmora-Mega, L50, M\n|-mega|p1a: Glimmora|Glimmora|Glimmoranite\n|move|p2a: Sneasler|Protect|p2a: Sneasler\n|-singleturn|p2a: Sneasler|Protect\n|move|p1a: Glimmora|Earth Power|p2a: Sneasler\n|-activate|p2a: Sneasler|move: Protect\n|move|p1b: Milotic|Icy Wind|p2b: Basculegion|[spread] \n|-activate|p2a: Sneasler|move: Protect\n|-miss|p1b: Milotic|p2b: Basculegion\n|\n|-heal|p1b: Milotic|76/100|[from] item: Leftovers\n|upkeep\n|turn|3\n|inactive|ROBY RETOS has 30 seconds left.\n|\n|t:|1776011061\n|switch|p1a: Rotom|Rotom-Wash, L50|100/100\n|move|p2b: Basculegion|Wave Crash|p1a: Rotom\n|-resisted|p1a: Rotom|1\n|-damage|p1a: Rotom|69/100\n|-damage|p2b: Basculegion|92/100|[from] Recoil\n|move|p2a: Sneasler|Close Combat|p1b: Milotic\n|-damage|p1b: Milotic|28/100\n|-unboost|p2a: Sneasler|def|1\n|-unboost|p2a: Sneasler|spd|1\n|move|p1b: Milotic|Muddy Water|p2b: Basculegion|[spread] p2a,p2b\n|-resisted|p2b: Basculegion|1\n|-damage|p2a: Sneasler|13/100\n|-damage|p2b: Basculegion|79/100\n|-unboost|p2a: Sneasler|accuracy|1\n|\n|-heal|p1b: Milotic|34/100|[from] item: Leftovers\n|upkeep\n|turn|4\n|inactive|ROBY RETOS has 30 seconds left.\n|\n|t:|1776011090\n|switch|p2b: Dragonite|Dragonite-Mega, L50, M|85/100\n|move|p1b: Milotic|Protect|p1b: Milotic\n|-singleturn|p1b: Milotic|Protect\n|move|p2a: Sneasler|Close Combat|p1b: Milotic\n|-activate|p1b: Milotic|move: Protect\n|move|p1a: Rotom|Electroweb|p2a: Sneasler|[spread] p2a,p2b\n|-damage|p2a: Sneasler|0 fnt\n|-damage|p2b: Dragonite|73/100\n|-unboost|p2b: Dragonite|spe|1\n|faint|p2a: Sneasler\n|\n|-heal|p1b: Milotic|40/100|[from] item: Leftovers\n|upkeep\n|\n|t:|1776011108\n|switch|p2a: Basculegion|Basculegion, L50, M|79/100\n|turn|5\n|\n|t:|1776011117\n|move|p1b: Milotic|Helping Hand|p1a: Rotom\n|-singleturn|p1a: Rotom|Helping Hand|[of] p1b: Milotic\n|move|p2a: Basculegion|Last Respects|p1b: Milotic\n|-damage|p1b: Milotic|0 fnt\n|faint|p1b: Milotic\n|move|p1a: Rotom|Volt Switch|p2a: Basculegion\n|-supereffective|p2a: Basculegion|1\n|-damage|p2a: Basculegion|0 fnt\n|faint|p2a: Basculegion\n|\n|t:|1776011128\n|switch|p1a: Glimmora|Glimmora-Mega, L50, M|100/100|[from] Volt Switch\n|move|p2b: Dragonite|Dragon Pulse|p1a: Glimmora\n|-damage|p1a: Glimmora|49/100\n|\n|upkeep\n|\n|t:|1776011134\n|switch|p2a: Venusaur|Venusaur, L50, M|100/100\n|switch|p1b: Sneasler|Sneasler, L50, M|100/100\n|-ability|p1b: Sneasler|Pressure\n|turn|6\n|\n|t:|1776011149\n|move|p1b: Sneasler|Fake Out|p2a: Venusaur\n|-damage|p2a: Venusaur|85/100\n|move|p1a: Glimmora|Power Gem|p2b: Dragonite\n|-supereffective|p2b: Dragonite|1\n|-damage|p2b: Dragonite|0 fnt\n|faint|p2b: Dragonite\n|cant|p2a: Venusaur|flinch\n|\n|upkeep\n|turn|7\n|\n|t:|1776011158\n|move|p1b: Sneasler|Dire Claw|p2a: Venusaur\n|-damage|p2a: Venusaur|42/100\n|move|p1a: Glimmora|Sludge Bomb|p2a: Venusaur\n|-damage|p2a: Venusaur|0 fnt\n|faint|p2a: Venusaur\n|\n|win|ThePeasent\n|raw|ThePeasent's rating: 1185 &rarr; <strong>1206</strong><br />(+21 for winning)\n|raw|ROBY RETOS's rating: 1133 &rarr; <strong>1112</strong><br />(-21 for losing)\n",
  "uploadtime": 1776011165,
  "views": 29,
  "formatid": "gen9championsvgc2026regma",
  "rating": 1112,
  "private": 0,
  "password": null
}