{
  "id": "gen9championsvgc2026regma-2586564354",
  "format": "[Gen 9 Champions] VGC 2026 Reg M-A",
  "players": [
    "DrChocolateMD",
    "dragonbokiabierto"
  ],
  "log": "|j|\u2606DrChocolateMD\n|j|\u2606dragonbokiabierto\n|t:|1776443351\n|gametype|doubles\n|player|p1|DrChocolateMD|shadowtriad|1129\n|player|p2|dragonbokiabierto|roxanne|1213\n|gen|9\n|tier|[Gen 9 Champions] VGC 2026 Reg M-A\n|rated|\n|rule|Species Clause: Limit one of each Pok\u00e9mon\n|rule|Item Clause: Limit 1 of each item\n|clearpoke\n|poke|p1|Typhlosion-Hisui, L50, M|\n|poke|p1|Froslass, L50, F|\n|poke|p1|Jolteon, L50, F|\n|poke|p1|Clefable, L50, M|\n|poke|p1|Sinistcha, L50|\n|poke|p1|Sneasler, L50, F|\n|poke|p2|Oranguru, L50, F|\n|poke|p2|Rampardos, L50, M|\n|poke|p2|Tyranitar, L50, M|\n|poke|p2|Garchomp, L50, F|\n|poke|p2|Sneasler, L50, M|\n|poke|p2|Torkoal, L50, M|\n|teampreview|4\nDrChocolateMD rejected open team sheets.\n|\n|t:|1776443390\n|teamsize|p1|4\n|teamsize|p2|4\n|start\n|switch|p1a: Froslass|Froslass, L50, F|100/100\n|switch|p1b: Sneasler|Sneasler, L50, F|100/100\n|switch|p2a: Oranguru|Oranguru, L50, F|100/100\n|switch|p2b: mi cabesona|Rampardos, L50, M|100/100\n|-ability|p1b: Sneasler|Pressure\n|turn|1\n|inactive|Battle timer is ON: inactive players will automatically lose when time's up. (requested by dragonbokiabierto)\n|inactive|DrChocolateMD has 60 seconds left.\n|\n|t:|1776443440\n|detailschange|p1a: Froslass|Froslass-Mega, L50, F\n|-mega|p1a: Froslass|Froslass|Froslassite\n|-weather|Snowscape|[from] ability: Snow Warning|[of] p1a: Froslass\n|move|p2b: mi cabesona|Protect|p2b: mi cabesona\n|-singleturn|p2b: mi cabesona|Protect\n|move|p1a: Froslass|Blizzard|p2b: mi cabesona|[spread] p2a\n|-activate|p2b: mi cabesona|move: Protect\n|-damage|p2a: Oranguru|67/100\n|move|p1b: Sneasler|Close Combat|p2b: mi cabesona\n|-activate|p2b: mi cabesona|move: Protect\n|move|p2a: Oranguru|Trick Room|p2a: Oranguru\n|-fieldstart|move: Trick Room|[of] p2a: Oranguru\n|\n|-weather|Snowscape|[upkeep]\n|-heal|p2a: Oranguru|73/100|[from] item: Leftovers\n|upkeep\n|turn|2\n|inactive|DrChocolateMD has 30 seconds left.\n|inactive|DrChocolateMD has 20 seconds left.\n|inactive|DrChocolateMD has 15 seconds left.\n|inactive|DrChocolateMD has 10 seconds left.\n|\n|t:|1776443487\n|move|p1a: Froslass|Protect|p1a: Froslass\n|-singleturn|p1a: Froslass|Protect\n|move|p2b: mi cabesona|Rock Slide|p1a: Froslass|[spread] p1b\n|-activate|p1a: Froslass|move: Protect\n|-resisted|p1b: Sneasler|1\n|-damage|p1b: Sneasler|55/100\n|move|p2a: Oranguru|Instruct|p2b: mi cabesona\n|-singleturn|p2b: mi cabesona|move: Instruct|[of] p2a: Oranguru\n|move|p2b: mi cabesona|Rock Slide|p1a: Froslass|[spread] p1b\n|-activate|p1a: Froslass|move: Protect\n|-resisted|p1b: Sneasler|1\n|-damage|p1b: Sneasler|13/100\n|move|p1b: Sneasler|Close Combat|p2b: mi cabesona\n|-supereffective|p2b: mi cabesona|1\n|-enditem|p2b: mi cabesona|Focus Sash\n|-damage|p2b: mi cabesona|1/100\n|-unboost|p1b: Sneasler|def|1\n|-unboost|p1b: Sneasler|spd|1\n|-enditem|p1b: Sneasler|White Herb\n|-clearnegativeboost|p1b: Sneasler|[silent]\n|\n|-weather|Snowscape|[upkeep]\n|-heal|p2a: Oranguru|79/100|[from] item: Leftovers\n|upkeep\n|turn|3\n|inactive|dragonbokiabierto has 30 seconds left.\n|inactive|dragonbokiabierto has 20 seconds left.\n|inactive|dragonbokiabierto has 15 seconds left.\n|\n|t:|1776443529\n|switch|p1a: Sinistcha|Sinistcha, L50|100/100\n|-heal|p1b: Sneasler|38/100|[from] ability: Hospitality|[of] p1a: Sinistcha\n|move|p1b: Sneasler|Protect|p1b: Sneasler\n|-singleturn|p1b: Sneasler|Protect\n|move|p2b: mi cabesona|Rock Slide|p1b: Sneasler|[spread] p1a\n|-activate|p1b: Sneasler|move: Protect\n|-damage|p1a: Sinistcha|61/100\n|move|p2a: Oranguru|Instruct|p2b: mi cabesona\n|-singleturn|p2b: mi cabesona|move: Instruct|[of] p2a: Oranguru\n|move|p2b: mi cabesona|Rock Slide|p1a: Sinistcha|[spread] p1a\n|-activate|p1b: Sneasler|move: Protect\n|-damage|p1a: Sinistcha|20/100\n|\n|-weather|Snowscape|[upkeep]\n|-heal|p2a: Oranguru|84/100|[from] item: Leftovers\n|-heal|p1a: Sinistcha|26/100|[from] item: Leftovers\n|upkeep\n|turn|4\n|inactive|DrChocolateMD has 30 seconds left.\n|\n|t:|1776443562\n|switch|p1b: Clefable|Clefable, L50, M|100/100\n|move|p2b: mi cabesona|Rock Slide|p1a: Sinistcha|[spread] p1a,p1b\n|-damage|p1a: Sinistcha|0 fnt\n|-damage|p1b: Clefable|63/100\n|faint|p1a: Sinistcha\n|move|p2a: Oranguru|Instruct|p2b: mi cabesona\n|-singleturn|p2b: mi cabesona|move: Instruct|[of] p2a: Oranguru\n|move|p2b: mi cabesona|Rock Slide|p1b: Clefable\n|-damage|p1b: Clefable|12/100\n|-enditem|p1b: Clefable|Sitrus Berry|[eat]\n|-heal|p1b: Clefable|37/100|[from] item: Sitrus Berry\n|\n|-weather|Snowscape|[upkeep]\n|-heal|p2a: Oranguru|90/100|[from] item: Leftovers\n|upkeep\n|\n|t:|1776443578\n|switch|p1a: Froslass|Froslass-Mega, L50, F|100/100\n|turn|5\n|inactive|dragonbokiabierto has 30 seconds left.\n|inactive|DrChocolateMD has 30 seconds left.\n|inactive|dragonbokiabierto has 20 seconds left.\n|inactive|dragonbokiabierto has 15 seconds left.\n|\n|t:|1776443621\n|move|p1a: Froslass|Protect|p1a: Froslass\n|-singleturn|p1a: Froslass|Protect\n|move|p2b: mi cabesona|Rock Slide|p1b: Clefable|[spread] p1b\n|-activate|p1a: Froslass|move: Protect\n|-damage|p1b: Clefable|0 fnt\n|faint|p1b: Clefable\n|move|p2a: Oranguru|Instruct|p2b: mi cabesona\n|-singleturn|p2b: mi cabesona|move: Instruct|[of] p2a: Oranguru\n|move|p2b: mi cabesona|Rock Slide|p1a: Froslass\n|-activate|p1a: Froslass|move: Protect\n|\n|-weather|none\n|-heal|p2a: Oranguru|96/100|[from] item: Leftovers\n|-fieldend|move: Trick Room\n|upkeep\n|\n|t:|1776443635\n|switch|p1b: Sneasler|Sneasler, L50, F|38/100\n|-ability|p1b: Sneasler|Pressure\n|turn|6\n|\n|t:|1776443648\n|move|p1a: Froslass|Blizzard|p2b: mi cabesona|[spread] p2a,p2b\n|-damage|p2a: Oranguru|65/100\n|-damage|p2b: mi cabesona|0 fnt\n|-status|p2a: Oranguru|frz\n|faint|p2b: mi cabesona\n|move|p1b: Sneasler|Close Combat|p2a: Oranguru\n|-damage|p2a: Oranguru|6/100 frz\n|-unboost|p1b: Sneasler|def|1\n|-unboost|p1b: Sneasler|spd|1\n|cant|p2a: Oranguru|frz\n|\n|-heal|p2a: Oranguru|11/100 frz|[from] item: Leftovers\n|upkeep\n|\n|t:|1776443661\n|switch|p2b: Tyranitar|Tyranitar, L50, M|100/100\n|-weather|Sandstorm|[from] ability: Sand Stream|[of] p2b: Tyranitar\n|turn|7\n|\n|t:|1776443671\n|detailschange|p2b: Tyranitar|Tyranitar-Mega, L50, M\n|-mega|p2b: Tyranitar|Tyranitar|Tyranitarite\n|move|p1a: Froslass|Blizzard|p2b: Tyranitar|[spread] p2a,p2b\n|-damage|p2a: Oranguru|0 fnt\n|-damage|p2b: Tyranitar|74/100\n|-status|p2b: Tyranitar|frz\n|faint|p2a: Oranguru\n|move|p1b: Sneasler|Close Combat|p2b: Tyranitar\n|-supereffective|p2b: Tyranitar|2\n|-damage|p2b: Tyranitar|0 fnt\n|-unboost|p1b: Sneasler|def|1\n|-unboost|p1b: Sneasler|spd|1\n|faint|p2b: Tyranitar\n|\n|-weather|Sandstorm|[upkeep]\n|-damage|p1b: Sneasler|32/100|[from] Sandstorm\n|-damage|p1a: Froslass|94/100|[from] Sandstorm\n|upkeep\n|c|\u2606dragonbokiabierto|bro\n|\n|t:|1776443688\n|switch|p2b: Torkoal|Torkoal, L50, M|100/100\n|-weather|SunnyDay|[from] ability: Drought|[of] p2b: Torkoal\n|turn|8\n|c|\u2606DrChocolateMD|Did that at a Regional once\n|c|\u2606DrChocolateMD|Guy got real mad at me\n|inactive|DrChocolateMD has 30 seconds left.\n|\n|t:|1776443722\n|move|p1b: Sneasler|Close Combat|p2b: Torkoal\n|-damage|p2b: Torkoal|34/100\n|-unboost|p1b: Sneasler|def|1\n|-unboost|p1b: Sneasler|spd|1\n|move|p1a: Froslass|Shadow Ball|p2b: Torkoal\n|-damage|p2b: Torkoal|0 fnt\n|faint|p2b: Torkoal\n|\n|win|DrChocolateMD\n|raw|DrChocolateMD's rating: 1129 &rarr; <strong>1160</strong><br />(+31 for winning)\n|raw|dragonbokiabierto's rating: 1213 &rarr; <strong>1182</strong><br />(-31 for losing)\n|c|\u2606DrChocolateMD|gg!\n|c|\u2606DrChocolateMD|You def should've had that\n|c|\u2606DrChocolateMD|I got mad lucky\n",
  "uploadtime": 1776443742,
  "views": 23,
  "formatid": "gen9championsvgc2026regma",
  "rating": 1160,
  "private": 0,
  "password": null
}