{
  "id": "gen9championsvgc2026regma-2580886656",
  "format": "[Gen 9 Champions] VGC 2026 Reg M-A",
  "players": [
    "STIDE",
    "mmesmerizer"
  ],
  "log": "|j|\u2606STIDE\n|j|\u2606mmesmerizer\n|t:|1775940584\n|gametype|doubles\n|player|p1|STIDE|psychicf|1061\n|player|p2|mmesmerizer|n|1073\n|gen|9\n|tier|[Gen 9 Champions] VGC 2026 Reg M-A\n|rated|\n|rule|Species Clause: Limit one of each Pok\u00e9mon\n|rule|Item Clause: Limit 1 of each item\n|clearpoke\n|poke|p1|Audino, L50, M|\n|poke|p1|Politoed, L50, F|\n|poke|p1|Archaludon, L50, M|\n|poke|p1|Tyrantrum, L50, F|\n|poke|p1|Basculegion, L50, M|\n|poke|p1|Starmie, L50|\n|poke|p2|Victreebel, L50, F|\n|poke|p2|Incineroar, L50, M|\n|poke|p2|Milotic, L50, F|\n|poke|p2|Aerodactyl, L50, M|\n|poke|p2|Sneasler, L50, F|\n|poke|p2|Farigiraf, L50, M|\n|teampreview|4\n|inactive|Battle timer is ON: inactive players will automatically lose when time's up. (requested by mmesmerizer)\n|inactive|mmesmerizer has 60 seconds left.\n|\n|t:|1775940619\n|teamsize|p1|4\n|teamsize|p2|4\n|start\n|switch|p1a: Politoed|Politoed, L50, F|100/100\n|switch|p1b: Archaludon|Archaludon, L50, M|100/100\n|switch|p2a: Incineroar|Incineroar, L50, M, shiny|100/100\n|switch|p2b: Milotic|Milotic, L50, F, shiny|100/100\n|-weather|RainDance|[from] ability: Drizzle|[of] p1a: Politoed\n|-ability|p2a: Incineroar|Intimidate|boost\n|-unboost|p1a: Politoed|atk|1\n|-unboost|p1b: Archaludon|atk|1\n|turn|1\n|inactive|STIDE has 30 seconds left.\n|\n|t:|1775940652\n|move|p2a: Incineroar|Fake Out|p1a: Politoed\n|-crit|p1a: Politoed\n|-damage|p1a: Politoed|84/100\n|move|p2b: Milotic|Scald|p1a: Politoed\n|-resisted|p1a: Politoed|1\n|-damage|p1a: Politoed|59/100\n|move|p1b: Archaludon|Electro Shot||[still]\n|-prepare|p1b: Archaludon|Electro Shot\n|-boost|p1b: Archaludon|spa|1\n|-anim|p1b: Archaludon|Electro Shot|p2b: Milotic\n|-supereffective|p2b: Milotic|1\n|-damage|p2b: Milotic|0 fnt\n|faint|p2b: Milotic\n|cant|p1a: Politoed|flinch\n|\n|-weather|RainDance|[upkeep]\n|upkeep\n|\n|t:|1775940660\n|switch|p2b: Victreebel|Victreebel, L50, F, shiny|100/100\n|turn|2\n|\n|t:|1775940670\n|detailschange|p2b: Victreebel|Victreebel-Mega, L50, F, shiny\n|-mega|p2b: Victreebel|Victreebel|Victreebelite\n|move|p1b: Archaludon|Electro Shot||[still]\n|-prepare|p1b: Archaludon|Electro Shot\n|-boost|p1b: Archaludon|spa|1\n|-anim|p1b: Archaludon|Electro Shot|p2a: Incineroar\n|-damage|p2a: Incineroar|35/100\n|-enditem|p2a: Incineroar|Sitrus Berry|[eat]\n|-heal|p2a: Incineroar|59/100|[from] item: Sitrus Berry\n|move|p2b: Victreebel|Giga Drain|p1a: Politoed\n|-supereffective|p1a: Politoed|1\n|-damage|p1a: Politoed|0 fnt\n|faint|p1a: Politoed\n|move|p2a: Incineroar|Parting Shot|p1b: Archaludon\n|-unboost|p1b: Archaludon|atk|1\n|-unboost|p1b: Archaludon|spa|1\n|\n|t:|1775940685\n|switch|p2a: Aerodactyl|Aerodactyl, L50, M|100/100|[from] Parting Shot\n|-ability|p2a: Aerodactyl|Unnerve\n|\n|-weather|RainDance|[upkeep]\n|upkeep\n|\n|t:|1775940695\n|switch|p1a: Starmie|Starmie, L50|100/100\n|turn|3\n|\n|t:|1775940713\n|detailschange|p1a: Starmie|Starmie-Mega, L50\n|-mega|p1a: Starmie|Starmie|Starminite\n|move|p2a: Aerodactyl|Tailwind|p2a: Aerodactyl\n|-sidestart|p2: mmesmerizer|move: Tailwind\n|move|p2b: Victreebel|Giga Drain|p1a: Starmie\n|-supereffective|p1a: Starmie|1\n|-damage|p1a: Starmie|0 fnt\n|faint|p1a: Starmie\n|move|p1b: Archaludon|Electro Shot||[still]\n|-prepare|p1b: Archaludon|Electro Shot\n|-boost|p1b: Archaludon|spa|1\n|-anim|p1b: Archaludon|Electro Shot|p2a: Aerodactyl\n|-supereffective|p2a: Aerodactyl|1\n|-enditem|p2a: Aerodactyl|Focus Sash\n|-damage|p2a: Aerodactyl|1/100\n|\n|-weather|RainDance|[upkeep]\n|upkeep\n|\n|t:|1775940723\n|switch|p1a: Basculegion|Basculegion, L50, M|100/100\n|turn|4\n|\n|t:|1775940740\n|move|p2a: Aerodactyl|Protect|p2a: Aerodactyl\n|-singleturn|p2a: Aerodactyl|Protect\n|move|p1a: Basculegion|Last Respects|p2b: Victreebel\n|-damage|p2b: Victreebel|9/100\n|move|p2b: Victreebel|Giga Drain|p1a: Basculegion\n|-supereffective|p1a: Basculegion|1\n|-damage|p1a: Basculegion|1/100\n|-heal|p2b: Victreebel|60/100|[from] drain|[of] p1a: Basculegion\n|move|p1b: Archaludon|Electro Shot||[still]\n|-prepare|p1b: Archaludon|Electro Shot\n|-boost|p1b: Archaludon|spa|1\n|-anim|p1b: Archaludon|Electro Shot|p2a: Aerodactyl\n|-activate|p2a: Aerodactyl|move: Protect\n|\n|-weather|RainDance|[upkeep]\n|upkeep\n|turn|5\n|\n|t:|1775940758\n|move|p2a: Aerodactyl|Rock Slide|p1a: Basculegion|[spread] p1a,p1b\n|-resisted|p1b: Archaludon|1\n|-damage|p1a: Basculegion|0 fnt\n|-damage|p1b: Archaludon|90/100\n|faint|p1a: Basculegion\n|move|p2b: Victreebel|Giga Drain|p1b: Archaludon\n|-resisted|p1b: Archaludon|2\n|-damage|p1b: Archaludon|77/100\n|-heal|p2b: Victreebel|67/100|[from] drain|[of] p1b: Archaludon\n|move|p1b: Archaludon|Flash Cannon|p2b: Victreebel\n|-damage|p2b: Victreebel|0 fnt\n|-damage|p1b: Archaludon|14/100|[from] ability: Innards Out|[of] p2b: Victreebel\n|faint|p2b: Victreebel\n|\n|-weather|none\n|upkeep\n|\n|t:|1775940766\n|switch|p2b: Incineroar|Incineroar, L50, M, shiny|59/100\n|-ability|p2b: Incineroar|Intimidate|boost\n|-unboost|p1b: Archaludon|atk|1\n|turn|6\n|\n|t:|1775940775\n|move|p2a: Aerodactyl|Rock Slide|p1b: Archaludon\n|-resisted|p1b: Archaludon|1\n|-damage|p1b: Archaludon|1/100\n|move|p2b: Incineroar|Flare Blitz|p1b: Archaludon\n|-damage|p1b: Archaludon|0 fnt\n|faint|p1b: Archaludon\n|-damage|p2b: Incineroar|59/100|[from] Recoil\n|\n|win|mmesmerizer\n|raw|STIDE's rating: 1061 &rarr; <strong>1043</strong><br />(-18 for losing)\n|raw|mmesmerizer's rating: 1073 &rarr; <strong>1101</strong><br />(+28 for winning)\n|c|\u2606STIDE|gg!\n",
  "uploadtime": 1775940787,
  "views": 12,
  "formatid": "gen9championsvgc2026regma",
  "rating": 1043,
  "private": 0,
  "password": null
}