{
  "id": "gen9championsvgc2026regma-2582752164",
  "format": "[Gen 9 Champions] VGC 2026 Reg M-A",
  "players": [
    "maimon32",
    "hyunbelievable"
  ],
  "log": "|j|\u2606maimon32\n|j|\u2606hyunbelievable\n|t:|1776111637\n|gametype|doubles\n|player|p1|maimon32|266|1034\n|player|p2|hyunbelievable|guzma|1102\n|gen|9\n|tier|[Gen 9 Champions] VGC 2026 Reg M-A\n|rated|\n|rule|Species Clause: Limit one of each Pok\u00e9mon\n|rule|Item Clause: Limit 1 of each item\n|clearpoke\n|poke|p1|Aggron, L50, F|\n|poke|p1|Sinistcha, L50|\n|poke|p1|Incineroar, L50, M|\n|poke|p1|Glimmora, L50, F|\n|poke|p1|Dragapult, L50, F|\n|poke|p1|Sylveon, L50, F|\n|poke|p2|Floette-Eternal, L50, F|\n|poke|p2|Aerodactyl, L50, M|\n|poke|p2|Excadrill, L50, M|\n|poke|p2|Tyranitar, L50, F|\n|poke|p2|Orthworm, L50, F|\n|poke|p2|Rotom-Heat, L50|\n|teampreview|4\n|inactive|Battle timer is ON: inactive players will automatically lose when time's up. (requested by maimon32)\n|\n|t:|1776111661\n|teamsize|p1|4\n|teamsize|p2|4\n|start\n|switch|p1a: Aggron|Aggron, L50, F|100/100\n|switch|p1b: Dragapult|Dragapult, L50, F|100/100\n|switch|p2a: Orthworm|Orthworm, L50, F|100/100\n|switch|p2b: Rotom|Rotom-Heat, L50|100/100\n|turn|1\n|inactive|maimon32 has 30 seconds left.\n|\n|t:|1776111688\n|detailschange|p1a: Aggron|Aggron-Mega, L50, F\n|-mega|p1a: Aggron|Aggron|Aggronite\n|move|p1a: Aggron|Protect|p1a: Aggron\n|-singleturn|p1a: Aggron|Protect\n|move|p1b: Dragapult|Light Screen|p1b: Dragapult\n|-sidestart|p1: maimon32|move: Light Screen\n|move|p2b: Rotom|Overheat|p1a: Aggron\n|-activate|p1a: Aggron|move: Protect\n|move|p2a: Orthworm|Shed Tail|p2a: Orthworm\n|-start|p2a: Orthworm|Substitute|[from] move: Shed Tail\n|-damage|p2a: Orthworm|50/100\n|-enditem|p2a: Orthworm|Sitrus Berry|[eat]\n|-heal|p2a: Orthworm|75/100|[from] item: Sitrus Berry\n|\n|t:|1776111695\n|switch|p2a: Excadrill|Excadrill, L50, M|100/100|[from] Shed Tail\n|\n|upkeep\n|turn|2\n|\n|t:|1776111711\n|move|p1b: Dragapult|Draco Meteor|p2b: Rotom|[miss]\n|-miss|p1b: Dragapult|p2b: Rotom\n|move|p2b: Rotom|Overheat|p1a: Aggron\n|-supereffective|p1a: Aggron|1\n|-damage|p1a: Aggron|41/100\n|-unboost|p2b: Rotom|spa|2\n|move|p2a: Excadrill|Swords Dance|p2a: Excadrill\n|-boost|p2a: Excadrill|atk|2\n|move|p1a: Aggron|Body Press|p2b: Rotom\n|-damage|p2b: Rotom|58/100\n|\n|upkeep\n|turn|3\n|\n|t:|1776111727\n|switch|p2b: Tyranitar|Tyranitar, L50, F|100/100\n|-weather|Sandstorm|[from] ability: Sand Stream|[of] p2b: Tyranitar\n|move|p2a: Excadrill|Earthquake|p1a: Aggron|[spread] p2b,p1a,p1b\n|-supereffective|p2b: Tyranitar|1\n|-supereffective|p1a: Aggron|1\n|-damage|p2b: Tyranitar|0 fnt\n|-damage|p1a: Aggron|0 fnt\n|-damage|p1b: Dragapult|0 fnt\n|faint|p2b: Tyranitar\n|faint|p1a: Aggron\n|faint|p1b: Dragapult\n|\n|-weather|Sandstorm|[upkeep]\n|upkeep\n|\n|t:|1776111736\n|switch|p1b: Sinistcha|Sinistcha, L50|100/100\n|switch|p2b: Orthworm|Orthworm, L50, F|75/100\n|switch|p1a: Incineroar|Incineroar, L50, M|100/100\n|-ability|p1a: Incineroar|Intimidate|boost\n|-immune|p2a: Excadrill\n|-unboost|p2b: Orthworm|atk|1\n|turn|4\n|\n|t:|1776111755\n|move|p2b: Orthworm|Helping Hand|p2a: Excadrill\n|-singleturn|p2a: Excadrill|Helping Hand|[of] p2b: Orthworm\n|move|p1a: Incineroar|Fake Out|p2a: Excadrill\n|-resisted|p2a: Excadrill|1\n|-crit|p2a: Excadrill\n|-activate|p2a: Excadrill|move: Substitute|[damage]\n|move|p2a: Excadrill|Earthquake|p1a: Incineroar|[spread] p1a,p1b\n|-heal|p2b: Orthworm|99/100|[from] ability: Earth Eater|[of] p2a: Excadrill\n|-supereffective|p1a: Incineroar|1\n|-resisted|p1b: Sinistcha|1\n|-damage|p1a: Incineroar|0 fnt\n|-damage|p1b: Sinistcha|40/100\n|-enditem|p1b: Sinistcha|Sitrus Berry|[eat]\n|-heal|p1b: Sinistcha|65/100|[from] item: Sitrus Berry\n|faint|p1a: Incineroar\n|move|p1b: Sinistcha|Matcha Gotcha|p2a: Excadrill|[spread] p2a,p2b\n|-end|p2a: Excadrill|Substitute\n|-heal|p1b: Sinistcha|71/100|[from] drain|[of] p2a: Excadrill\n|-resisted|p2b: Orthworm|1\n|-damage|p2b: Orthworm|82/100\n|-heal|p1b: Sinistcha|80/100|[from] drain|[of] p2b: Orthworm\n|\n|-weather|Sandstorm|[upkeep]\n|-damage|p1b: Sinistcha|74/100|[from] Sandstorm\n|upkeep\n|turn|5\n|\n|t:|1776111775\n|move|p2b: Orthworm|Helping Hand|p2a: Excadrill\n|-singleturn|p2a: Excadrill|Helping Hand|[of] p2b: Orthworm\n|move|p2a: Excadrill|Earthquake|p1b: Sinistcha|[spread] p1b\n|-heal|p2b: Orthworm|100/100|[from] ability: Earth Eater|[of] p2a: Excadrill\n|-resisted|p1b: Sinistcha|1\n|-damage|p1b: Sinistcha|12/100\n|move|p1b: Sinistcha|Matcha Gotcha|p2a: Excadrill|[spread] p2a,p2b\n|-resisted|p2b: Orthworm|1\n|-damage|p2a: Excadrill|68/100\n|-heal|p1b: Sinistcha|29/100|[from] drain|[of] p2a: Excadrill\n|-damage|p2b: Orthworm|83/100\n|-heal|p1b: Sinistcha|38/100|[from] drain|[of] p2b: Orthworm\n|-status|p2a: Excadrill|brn\n|-status|p2b: Orthworm|brn\n|\n|-weather|Sandstorm|[upkeep]\n|-damage|p1b: Sinistcha|31/100|[from] Sandstorm\n|-damage|p2a: Excadrill|63/100 brn|[from] brn\n|-damage|p2b: Orthworm|77/100 brn|[from] brn\n|-sideend|p1: maimon32|move: Light Screen\n|upkeep\n|turn|6\n|\n|t:|1776111786\n|move|p2b: Orthworm|Helping Hand|p2a: Excadrill\n|-singleturn|p2a: Excadrill|Helping Hand|[of] p2b: Orthworm\n|move|p2a: Excadrill|Earthquake|p1b: Sinistcha|[spread] p1b\n|-heal|p2b: Orthworm|100/100 brn|[from] ability: Earth Eater|[of] p2a: Excadrill\n|-resisted|p1b: Sinistcha|1\n|-damage|p1b: Sinistcha|2/100\n|move|p1b: Sinistcha|Life Dew|p1b: Sinistcha\n|-heal|p1b: Sinistcha|27/100\n|\n|-weather|Sandstorm|[upkeep]\n|-damage|p1b: Sinistcha|21/100|[from] Sandstorm\n|-damage|p2a: Excadrill|57/100 brn|[from] brn\n|-damage|p2b: Orthworm|94/100 brn|[from] brn\n|upkeep\n|turn|7\n|\n|t:|1776111793\n|move|p2b: Orthworm|Helping Hand|p2a: Excadrill\n|-singleturn|p2a: Excadrill|Helping Hand|[of] p2b: Orthworm\n|move|p2a: Excadrill|Earthquake|p1b: Sinistcha|[spread] p1b\n|-heal|p2b: Orthworm|100/100 brn|[from] ability: Earth Eater|[of] p2a: Excadrill\n|-resisted|p1b: Sinistcha|1\n|-damage|p1b: Sinistcha|0 fnt\n|faint|p1b: Sinistcha\n|\n|win|hyunbelievable\n|raw|maimon32's rating: 1034 &rarr; <strong>1022</strong><br />(-12 for losing)\n|raw|hyunbelievable's rating: 1102 &rarr; <strong>1122</strong><br />(+20 for winning)\n",
  "uploadtime": 1776111796,
  "views": 13,
  "formatid": "gen9championsvgc2026regma",
  "rating": 1022,
  "private": 0,
  "password": null
}