{
  "id": "gen9championsvgc2026regma-2581435303",
  "format": "[Gen 9 Champions] VGC 2026 Reg M-A",
  "players": [
    "Plznis",
    "0star0crossed0"
  ],
  "log": "|j|\u2606Plznis\n|j|\u26060star0crossed0\n|t:|1776000132\n|gametype|doubles\n|player|p1|Plznis|pokemaniac|1181\n|player|p2|0star0crossed0|102|1183\n|gen|9\n|tier|[Gen 9 Champions] VGC 2026 Reg M-A\n|rated|\n|rule|Species Clause: Limit one of each Pok\u00e9mon\n|rule|Item Clause: Limit 1 of each item\n|clearpoke\n|poke|p1|Mimikyu, L50, F|\n|poke|p1|Aggron, L50, M|\n|poke|p1|Sinistcha, L50|\n|poke|p1|Farigiraf, L50, M|\n|poke|p1|Primarina, L50, M|\n|poke|p1|Torkoal, L50, F|\n|poke|p2|Charizard, L50, M|\n|poke|p2|Venusaur, L50, F|\n|poke|p2|Garchomp, L50, F|\n|poke|p2|Rotom-Wash, L50|\n|poke|p2|Sneasler, L50, F|\n|poke|p2|Incineroar, L50, F|\n|teampreview|4\n|inactive|Battle timer is ON: inactive players will automatically lose when time's up. (requested by 0star0crossed0)\n|\n|t:|1776000165\n|teamsize|p1|4\n|teamsize|p2|4\n|start\n|switch|p1a: Mimikyu|Mimikyu, L50, F|100/100\n|switch|p1b: Torkoal|Torkoal, L50, F|100/100\n|switch|p2a: Garchomp|Garchomp, L50, F|100/100\n|switch|p2b: Rotom|Rotom-Wash, L50|100/100\n|-weather|SunnyDay|[from] ability: Drought|[of] p1b: Torkoal\n|turn|1\n|\n|t:|1776000195\n|switch|p1b: Sinistcha|Sinistcha, L50|100/100\n|move|p2a: Garchomp|Earthquake|p1b: Sinistcha|[spread] p1a,p1b\n|-immune|p2b: Rotom|[from] ability: Levitate\n|-resisted|p1b: Sinistcha|1\n|-activate|p1a: Mimikyu|ability: Disguise\n|-damage|p1a: Mimikyu|100/100\n|-damage|p1b: Sinistcha|82/100\n|detailschange|p1a: Mimikyu|Mimikyu-Busted, L50, F\n|-damage|p1a: Mimikyu|88/100|[from] pokemon: Mimikyu-Busted\n|move|p2b: Rotom|Thunderbolt|p1a: Mimikyu\n|-damage|p1a: Mimikyu|49/100\n|move|p1a: Mimikyu|Trick Room|p1a: Mimikyu\n|-fieldstart|move: Trick Room|[of] p1a: Mimikyu\n|\n|-weather|SunnyDay|[upkeep]\n|upkeep\n|turn|2\n|inactive|0star0crossed0 has 30 seconds left.\n|\n|t:|1776000220\n|move|p2b: Rotom|Protect|p2b: Rotom\n|-singleturn|p2b: Rotom|Protect\n|move|p1b: Sinistcha|Matcha Gotcha|p2b: Rotom|[spread] p2a\n|-activate|p2b: Rotom|move: Protect\n|-damage|p2a: Garchomp|71/100\n|-heal|p1b: Sinistcha|98/100|[from] drain|[of] p2a: Garchomp\n|-status|p2a: Garchomp|brn\n|move|p1a: Mimikyu|Play Rough|p2a: Garchomp\n|-supereffective|p2a: Garchomp|1\n|-damage|p2a: Garchomp|0 fnt\n|-damage|p1a: Mimikyu|36/100|[from] ability: Rough Skin|[of] p2a: Garchomp\n|faint|p2a: Garchomp\n|\n|-weather|SunnyDay|[upkeep]\n|upkeep\n|\n|t:|1776000236\n|switch|p2a: Charizard|Charizard, L50, M|100/100\n|turn|3\n|\n|t:|1776000259\n|switch|p1a: Torkoal|Torkoal, L50, F|100/100\n|detailschange|p2a: Charizard|Charizard-Mega-Y, L50, M\n|-mega|p2a: Charizard|Charizard|Charizardite Y\n|move|p1b: Sinistcha|Matcha Gotcha|p2a: Charizard|[spread] p2a,p2b\n|-resisted|p2a: Charizard|2\n|-supereffective|p2b: Rotom|1\n|-damage|p2a: Charizard|95/100\n|-heal|p1b: Sinistcha|100/100|[from] drain|[of] p2a: Charizard\n|-damage|p2b: Rotom|47/100\n|move|p2b: Rotom|Thunderbolt|p1b: Sinistcha\n|-resisted|p1b: Sinistcha|1\n|-damage|p1b: Sinistcha|84/100\n|move|p2a: Charizard|Heat Wave|p1b: Sinistcha|[spread] p1a,p1b\n|-resisted|p1a: Torkoal|1\n|-supereffective|p1b: Sinistcha|1\n|-damage|p1a: Torkoal|60/100\n|-damage|p1b: Sinistcha|0 fnt\n|faint|p1b: Sinistcha\n|\n|-weather|SunnyDay|[upkeep]\n|-heal|p2b: Rotom|53/100|[from] item: Leftovers\n|upkeep\n|inactive|Plznis has 30 seconds left.\n|\n|t:|1776000285\n|switch|p1b: Primarina|Primarina, L50, M|100/100\n|turn|4\n|\n|t:|1776000296\n|switch|p2a: Venusaur|Venusaur, L50, F|100/100\n|move|p1a: Torkoal|Stone Edge|p2a: Venusaur\n|-damage|p2a: Venusaur|72/100\n|move|p1b: Primarina|Moonblast|p2b: Rotom\n|-damage|p2b: Rotom|0 fnt\n|faint|p2b: Rotom\n|\n|-weather|SunnyDay|[upkeep]\n|upkeep\n|\n|t:|1776000307\n|switch|p2b: Charizard|Charizard-Mega-Y, L50, M|95/100\n|turn|5\n|\n|t:|1776000316\n|move|p2b: Charizard|Protect|p2b: Charizard\n|-singleturn|p2b: Charizard|Protect\n|move|p2a: Venusaur|Protect|p2a: Venusaur\n|-singleturn|p2a: Venusaur|Protect\n|move|p1a: Torkoal|Heat Wave|p2a: Venusaur|[spread] \n|-activate|p2a: Venusaur|move: Protect\n|-activate|p2b: Charizard|move: Protect\n|move|p1b: Primarina|Hyper Voice|p2a: Venusaur|[spread] \n|-activate|p2a: Venusaur|move: Protect\n|-activate|p2b: Charizard|move: Protect\n|\n|-weather|none\n|-fieldend|move: Trick Room\n|upkeep\n|turn|6\n|inactive|0star0crossed0 has 30 seconds left.\n|inactive|0star0crossed0 has 20 seconds left.\n|inactive|0star0crossed0 has 15 seconds left.\n|inactive|0star0crossed0 has 10 seconds left.\n|\n|t:|1776000365\n|move|p1b: Primarina|Protect|p1b: Primarina\n|-singleturn|p1b: Primarina|Protect\n|move|p2b: Charizard|Heat Wave|p1a: Torkoal|[spread] p1a\n|-activate|p1b: Primarina|move: Protect\n|-resisted|p1a: Torkoal|1\n|-damage|p1a: Torkoal|32/100\n|move|p2a: Venusaur|Leaf Storm|p1b: Primarina\n|-activate|p1b: Primarina|move: Protect\n|move|p1a: Torkoal|Stone Edge|p2b: Charizard\n|-supereffective|p2b: Charizard|2\n|-crit|p2b: Charizard\n|-damage|p2b: Charizard|0 fnt\n|faint|p2b: Charizard\n|\n|upkeep\n|turn|7\n|\n|t:|1776000390\n|move|p2a: Venusaur|Sludge Bomb|p1a: Torkoal\n|-damage|p1a: Torkoal|0 fnt\n|faint|p1a: Torkoal\n|move|p1b: Primarina|Hyper Voice|p2a: Venusaur\n|-resisted|p2a: Venusaur|1\n|-damage|p2a: Venusaur|39/100\n|\n|upkeep\n|\n|t:|1776000398\n|switch|p1a: Mimikyu|Mimikyu-Busted, L50, F|36/100\n|turn|8\n|\n|t:|1776000410\n|move|p1a: Mimikyu|Shadow Sneak|p2a: Venusaur\n|-damage|p2a: Venusaur|20/100\n|move|p2a: Venusaur|Leaf Storm|p1b: Primarina\n|-supereffective|p1b: Primarina|1\n|-damage|p1b: Primarina|0 fnt\n|-unboost|p2a: Venusaur|spa|2\n|faint|p1b: Primarina\n|\n|upkeep\n|turn|9\n|\n|t:|1776000428\n|move|p1a: Mimikyu|Shadow Sneak|p2a: Venusaur\n|-damage|p2a: Venusaur|0 fnt\n|faint|p2a: Venusaur\n|\n|win|Plznis\n|raw|Plznis's rating: 1181 &rarr; <strong>1206</strong><br />(+25 for winning)\n|raw|0star0crossed0's rating: 1183 &rarr; <strong>1158</strong><br />(-25 for losing)\n",
  "uploadtime": 1776000436,
  "views": 34,
  "formatid": "gen9championsvgc2026regma",
  "rating": 1158,
  "private": 0,
  "password": null
}