{
  "id": "gen9championsvgc2026regma-2588236878",
  "format": "[Gen 9 Champions] VGC 2026 Reg M-A",
  "players": [
    "yundss",
    "BLK DG"
  ],
  "log": "|j|\u2606yundss\n|j|\u2606BLK DG\n|t:|1776616941\n|gametype|doubles\n|player|p1|yundss|101|1068\n|player|p2|BLK DG|irida|1019\n|gen|9\n|tier|[Gen 9 Champions] VGC 2026 Reg M-A\n|rated|\n|rule|Species Clause: Limit one of each Pok\u00e9mon\n|rule|Item Clause: Limit 1 of each item\n|clearpoke\n|poke|p1|Aggron, L50, F|\n|poke|p1|Gengar, L50, F|\n|poke|p1|Politoed, L50, F|\n|poke|p1|Incineroar, L50, F|\n|poke|p1|Palafin, L50, M|\n|poke|p1|Sinistcha, L50|\n|poke|p2|Froslass, L50, F|\n|poke|p2|Sneasler, L50, M|\n|poke|p2|Kingambit, L50, M|\n|poke|p2|Talonflame, L50, F|\n|poke|p2|Milotic, L50, M|\n|poke|p2|Garchomp, L50, F|\n|teampreview|4\n|inactive|Battle timer is ON: inactive players will automatically lose when time's up. (requested by BLK DG)\n|inactive|yundss has 60 seconds left.\n|\n|t:|1776616982\n|teamsize|p1|4\n|teamsize|p2|4\n|start\n|switch|p1a: Palafin|Palafin, L50, M|100/100\n|switch|p1b: Sinistcha|Sinistcha, L50|100/100\n|switch|p2a: Kingambit|Kingambit, L50, M|100/100\n|switch|p2b: Milotic|Milotic, L50, M|100/100\n|turn|1\n|\n|t:|1776617004\n|detailschange|p1a: Palafin|Palafin-Hero, L50, M\n|switch|p1a: Aggron|Aggron, L50, F|100/100\n|move|p2b: Milotic|Icy Wind|p1a: Aggron|[spread] p1a,p1b\n|-resisted|p1a: Aggron|1\n|-crit|p1a: Aggron\n|-supereffective|p1b: Sinistcha|1\n|-damage|p1a: Aggron|91/100\n|-damage|p1b: Sinistcha|80/100\n|-unboost|p1a: Aggron|spe|1\n|-unboost|p1b: Sinistcha|spe|1\n|move|p2a: Kingambit|Kowtow Cleave|p1b: Sinistcha\n|-supereffective|p1b: Sinistcha|1\n|-enditem|p1b: Sinistcha|Colbur Berry|[eat]\n|-enditem|p1b: Sinistcha|Colbur Berry|[weaken]\n|-damage|p1b: Sinistcha|33/100\n|move|p1b: Sinistcha|Matcha Gotcha|p2b: Milotic|[spread] p2a,p2b\n|-resisted|p2a: Kingambit|1\n|-supereffective|p2b: Milotic|1\n|-damage|p2a: Kingambit|87/100\n|-heal|p1b: Sinistcha|42/100|[from] drain|[of] p2a: Kingambit\n|-damage|p2b: Milotic|68/100\n|-heal|p1b: Sinistcha|61/100|[from] drain|[of] p2b: Milotic\n|-status|p2a: Kingambit|brn\n|\n|-heal|p2b: Milotic|74/100|[from] item: Leftovers\n|-damage|p2a: Kingambit|82/100 brn|[from] brn\n|upkeep\n|turn|2\n|inactive|yundss has 30 seconds left.\n|inactive|yundss has 20 seconds left.\n|inactive|yundss has 15 seconds left.\n|inactive|yundss has 10 seconds left.\n|inactive|yundss has 5 seconds left.\n|\n|t:|1776617055\n|detailschange|p1a: Aggron|Aggron-Mega, L50, F\n|-mega|p1a: Aggron|Aggron|Aggronite\n|move|p2b: Milotic|Muddy Water|p1b: Sinistcha|[spread] p1a,p1b\n|-resisted|p1b: Sinistcha|1\n|-damage|p1a: Aggron|66/100\n|-damage|p1b: Sinistcha|50/100\n|move|p2a: Kingambit|Kowtow Cleave|p1b: Sinistcha\n|-supereffective|p1b: Sinistcha|1\n|-damage|p1b: Sinistcha|0 fnt\n|faint|p1b: Sinistcha\n|move|p1a: Aggron|Iron Defense|p1a: Aggron\n|-boost|p1a: Aggron|def|2\n|\n|-heal|p2b: Milotic|80/100|[from] item: Leftovers\n|-damage|p2a: Kingambit|76/100 brn|[from] brn\n|upkeep\n|\n|t:|1776617070\n|switch|p1b: Palafin|Palafin-Hero, L50, M|100/100\n|-activate|p1b: Palafin|ability: Zero to Hero\n|turn|3\n|\n|t:|1776617087\n|move|p1b: Palafin|Jet Punch|p2a: Kingambit\n|-damage|p2a: Kingambit|45/100 brn\n|move|p2a: Kingambit|Sucker Punch||[still]\n|-fail|p2a: Kingambit\n|move|p2b: Milotic|Muddy Water|p1b: Palafin|[spread] p1a,p1b\n|-resisted|p1b: Palafin|1\n|-damage|p1a: Aggron|42/100\n|-damage|p1b: Palafin|87/100\n|move|p1a: Aggron|Body Press|p2a: Kingambit\n|-supereffective|p2a: Kingambit|2\n|-damage|p2a: Kingambit|0 fnt\n|faint|p2a: Kingambit\n|\n|-heal|p2b: Milotic|86/100|[from] item: Leftovers\n|upkeep\n|\n|t:|1776617108\n|switch|p2a: Froslass|Froslass, L50, F|100/100\n|turn|4\n|\n|t:|1776617124\n|move|p2a: Froslass|Protect|p2a: Froslass\n|-singleturn|p2a: Froslass|Protect\n|move|p1a: Aggron|Protect|p1a: Aggron\n|-singleturn|p1a: Aggron|Protect\n|move|p1b: Palafin|Wave Crash|p2a: Froslass\n|-activate|p2a: Froslass|move: Protect\n|move|p2b: Milotic|Muddy Water|p1a: Aggron|[spread] p1b\n|-activate|p1a: Aggron|move: Protect\n|-resisted|p1b: Palafin|1\n|-damage|p1b: Palafin|74/100\n|-unboost|p1b: Palafin|accuracy|1\n|\n|-heal|p2b: Milotic|92/100|[from] item: Leftovers\n|upkeep\n|turn|5\n|inactive|yundss has 30 seconds left.\n|\n|t:|1776617155\n|detailschange|p2a: Froslass|Froslass-Mega, L50, F\n|-mega|p2a: Froslass|Froslass|Froslassite\n|-weather|Snowscape|[from] ability: Snow Warning|[of] p2a: Froslass\n|move|p2a: Froslass|Blizzard|p1a: Aggron|[spread] p1a,p1b\n|-resisted|p1a: Aggron|1\n|-crit|p1a: Aggron\n|-resisted|p1b: Palafin|1\n|-damage|p1a: Aggron|9/100\n|-damage|p1b: Palafin|48/100\n|move|p1b: Palafin|Wave Crash|p2a: Froslass\n|-damage|p2a: Froslass|24/100\n|-damage|p1b: Palafin|24/100|[from] Recoil\n|move|p2b: Milotic|Icy Wind|p1a: Aggron|[spread] p1a,p1b\n|-resisted|p1a: Aggron|1\n|-resisted|p1b: Palafin|1\n|-damage|p1a: Aggron|4/100\n|-damage|p1b: Palafin|18/100\n|-unboost|p1a: Aggron|spe|1\n|-unboost|p1b: Palafin|spe|1\n|move|p1a: Aggron|Heavy Slam|p2a: Froslass\n|-supereffective|p2a: Froslass|1\n|-damage|p2a: Froslass|0 fnt\n|faint|p2a: Froslass\n|\n|-weather|Snowscape|[upkeep]\n|-heal|p2b: Milotic|98/100|[from] item: Leftovers\n|upkeep\n|\n|t:|1776617165\n|switch|p2a: Sneasler|Sneasler, L50, M|100/100\n|turn|6\n|\n|t:|1776617186\n|move|p1a: Aggron|Protect|p1a: Aggron\n|-singleturn|p1a: Aggron|Protect\n|move|p2a: Sneasler|Fake Out|p1b: Palafin\n|-damage|p1b: Palafin|4/100\n|cant|p1b: Palafin|flinch\n|move|p2b: Milotic|Muddy Water|p1b: Palafin|[spread] p1b\n|-activate|p1a: Aggron|move: Protect\n|-resisted|p1b: Palafin|1\n|-damage|p1b: Palafin|0 fnt\n|faint|p1b: Palafin\n|\n|-weather|Snowscape|[upkeep]\n|-heal|p2b: Milotic|100/100|[from] item: Leftovers\n|upkeep\n|\n|t:|1776617194\n|switch|p1b: Politoed|Politoed, L50, F|100/100\n|-weather|RainDance|[from] ability: Drizzle|[of] p1b: Politoed\n|turn|7\n|inactive|yundss has 30 seconds left.\n|\n|t:|1776617221\n|move|p2a: Sneasler|Close Combat|p1b: Politoed\n|-damage|p1b: Politoed|33/100\n|-unboost|p2a: Sneasler|def|1\n|-unboost|p2a: Sneasler|spd|1\n|-enditem|p2a: Sneasler|White Herb\n|-clearnegativeboost|p2a: Sneasler|[silent]\n|move|p2b: Milotic|Muddy Water|p1a: Aggron|[spread] p1a\n|-miss|p2b: Milotic|p1b: Politoed\n|-damage|p1a: Aggron|0 fnt\n|faint|p1a: Aggron\n|move|p1b: Politoed|Perish Song|p1b: Politoed\n|-start|p1b: Politoed|perish3|[silent]\n|-start|p2a: Sneasler|perish3|[silent]\n|-start|p2b: Milotic|perish3|[silent]\n|-fieldactivate|move: Perish Song\n|\n|-weather|RainDance|[upkeep]\n|-heal|p1b: Politoed|39/100|[from] item: Leftovers\n|-start|p2a: Sneasler|perish3\n|-start|p2b: Milotic|perish3\n|-start|p1b: Politoed|perish3\n|upkeep\n|turn|8\n|\n|t:|1776617241\n|move|p1b: Politoed|Protect|p1b: Politoed\n|-singleturn|p1b: Politoed|Protect\n|move|p2a: Sneasler|Close Combat|p1b: Politoed\n|-activate|p1b: Politoed|move: Protect\n|move|p2b: Milotic|Muddy Water|p1b: Politoed\n|-activate|p1b: Politoed|move: Protect\n|\n|-weather|RainDance|[upkeep]\n|-heal|p1b: Politoed|45/100|[from] item: Leftovers\n|-start|p2a: Sneasler|perish2\n|-start|p2b: Milotic|perish2\n|-start|p1b: Politoed|perish2\n|upkeep\n|turn|9\n|\n|t:|1776617260\n|move|p1b: Politoed|Protect|p1b: Politoed\n|-singleturn|p1b: Politoed|Protect\n|move|p2a: Sneasler|Close Combat|p1b: Politoed\n|-activate|p1b: Politoed|move: Protect\n|move|p2b: Milotic|Muddy Water|p1b: Politoed\n|-activate|p1b: Politoed|move: Protect\n|\n|-weather|RainDance|[upkeep]\n|-heal|p1b: Politoed|51/100|[from] item: Leftovers\n|-start|p2a: Sneasler|perish1\n|-start|p2b: Milotic|perish1\n|-start|p1b: Politoed|perish1\n|upkeep\n|turn|10\n|inactive|yundss has 30 seconds left.\n|inactive|yundss has 20 seconds left.\n|\n|t:|1776617299\n|move|p2a: Sneasler|Close Combat|p1b: Politoed\n|-damage|p1b: Politoed|0 fnt\n|-unboost|p2a: Sneasler|def|1\n|-unboost|p2a: Sneasler|spd|1\n|faint|p1b: Politoed\n|\n|win|BLK DG\n|raw|yundss's rating: 1068 &rarr; <strong>1045</strong><br />(-23 for losing)\n|raw|BLK DG's rating: 1019 &rarr; <strong>1061</strong><br />(+42 for winning)\n|l|\u2606yundss\n|player|p1|\n|c|\u2606BLK DG|gg\n",
  "uploadtime": 1776617307,
  "views": 12,
  "formatid": "gen9championsvgc2026regma",
  "rating": 1045,
  "private": 0,
  "password": null
}