{
  "id": "gen9championsvgc2026regma-2587857714",
  "format": "[Gen 9 Champions] VGC 2026 Reg M-A",
  "players": [
    "DracoShower94",
    "Mildly Displeased"
  ],
  "log": "|j|\u2606DracoShower94\n|j|\u2606Mildly Displeased\n|t:|1776571321\n|gametype|doubles\n|player|p1|DracoShower94|iris-gen5bw2|1572\n|player|p2|Mildly Displeased|dawn|1530\n|gen|9\n|tier|[Gen 9 Champions] VGC 2026 Reg M-A\n|rated|\n|rule|Species Clause: Limit one of each Pok\u00e9mon\n|rule|Item Clause: Limit 1 of each item\n|clearpoke\n|poke|p1|Tyranitar, L50, F|\n|poke|p1|Excadrill, L50, F|\n|poke|p1|Gallade, L50, M|\n|poke|p1|Volcarona, L50, M|\n|poke|p1|Milotic, L50, F|\n|poke|p1|Weavile, L50, M|\n|poke|p2|Primarina, L50, F|\n|poke|p2|Sinistcha, L50|\n|poke|p2|Aegislash, L50, M|\n|poke|p2|Pelipper, L50, F|\n|poke|p2|Scizor, L50, M|\n|poke|p2|Clefable, L50, F|\n|teampreview|4\n|inactive|Battle timer is ON: inactive players will automatically lose when time's up. (requested by Mildly Displeased)\n|inactive|DracoShower94 also wants the timer to be on.\n|inactive|DracoShower94 has 60 seconds left.\n|\n|t:|1776571352\n|teamsize|p1|4\n|teamsize|p2|4\n|start\n|switch|p1a: Tyranitar|Tyranitar, L50, F|100/100\n|switch|p1b: Gallade|Gallade, L50, M|100/100\n|switch|p2a: Sinistcha|Sinistcha, L50|100/100\n|switch|p2b: Clefable|Clefable, L50, F|100/100\n|-weather|Sandstorm|[from] ability: Sand Stream|[of] p1a: Tyranitar\n|turn|1\n|\n|t:|1776571361\n|move|p1a: Tyranitar|Protect|p1a: Tyranitar\n|-singleturn|p1a: Tyranitar|Protect\n|move|p2b: Clefable|Follow Me|p2b: Clefable\n|-singleturn|p2b: Clefable|move: Follow Me\n|move|p1b: Gallade|Trick||[still]\n|-fail|p1b: Gallade\n|move|p2a: Sinistcha|Trick Room|p2a: Sinistcha\n|-fieldstart|move: Trick Room|[of] p2a: Sinistcha\n|\n|-weather|Sandstorm|[upkeep]\n|-damage|p2b: Clefable|95/100|[from] Sandstorm\n|-damage|p2a: Sinistcha|94/100|[from] Sandstorm\n|-damage|p1b: Gallade|94/100|[from] Sandstorm\n|-heal|p2a: Sinistcha|100/100|[from] item: Leftovers\n|upkeep\n|turn|2\n|\n|t:|1776571374\n|detailschange|p2b: Clefable|Clefable-Mega, L50, F\n|-mega|p2b: Clefable|Clefable|Clefablite\n|detailschange|p1a: Tyranitar|Tyranitar-Mega, L50, F\n|-mega|p1a: Tyranitar|Tyranitar|Tyranitarite\n|move|p2b: Clefable|Moonblast|p1a: Tyranitar\n|-supereffective|p1a: Tyranitar|1\n|-damage|p1a: Tyranitar|45/100\n|move|p2a: Sinistcha|Matcha Gotcha|p1a: Tyranitar|[spread] p1a,p1b\n|-supereffective|p1a: Tyranitar|1\n|-crit|p1a: Tyranitar\n|-damage|p1a: Tyranitar|6/100\n|-damage|p1b: Gallade|69/100\n|-status|p1b: Gallade|brn\n|move|p1a: Tyranitar|Rock Slide|p2b: Clefable|[spread] p2a,p2b\n|-supereffective|p2b: Clefable|1\n|-crit|p2b: Clefable\n|-damage|p2a: Sinistcha|63/100\n|-damage|p2b: Clefable|0 fnt\n|faint|p2b: Clefable\n|move|p1b: Gallade|Trick|p2a: Sinistcha\n|-activate|p1b: Gallade|move: Trick|[of] p2a: Sinistcha\n|-item|p2a: Sinistcha|Choice Scarf|[from] move: Trick\n|-item|p1b: Gallade|Leftovers|[from] move: Trick\n|\n|-weather|Sandstorm|[upkeep]\n|-damage|p2a: Sinistcha|57/100|[from] Sandstorm\n|-damage|p1b: Gallade|63/100 brn|[from] Sandstorm\n|-heal|p1b: Gallade|69/100 brn|[from] item: Leftovers\n|-damage|p1b: Gallade|63/100 brn|[from] brn\n|upkeep\n|\n|t:|1776571398\n|switch|p2b: Primarina|Primarina, L50, F|100/100\n|turn|3\n|\n|t:|1776571404\n|move|p1b: Gallade|Wide Guard|p1b: Gallade\n|-singleturn|p1b: Gallade|Wide Guard\n|move|p2b: Primarina|Hyper Voice|p1b: Gallade|[spread] \n|-activate|p1a: Tyranitar|move: Wide Guard\n|-activate|p1b: Gallade|move: Wide Guard\n|move|p1a: Tyranitar|Rock Slide|p2a: Sinistcha|[spread] p2a,p2b\n|-damage|p2a: Sinistcha|22/100\n|-damage|p2b: Primarina|52/100\n|cant|p2a: Sinistcha|flinch\n|\n|-weather|Sandstorm|[upkeep]\n|-damage|p2b: Primarina|46/100|[from] Sandstorm\n|-damage|p2a: Sinistcha|16/100|[from] Sandstorm\n|-damage|p1b: Gallade|56/100 brn|[from] Sandstorm\n|-heal|p1b: Gallade|63/100 brn|[from] item: Leftovers\n|-damage|p1b: Gallade|56/100 brn|[from] brn\n|upkeep\n|turn|4\n|\n|t:|1776571417\n|move|p1a: Tyranitar|Protect|p1a: Tyranitar\n|-singleturn|p1a: Tyranitar|Protect\n|move|p2b: Primarina|Moonblast|p1b: Gallade\n|-supereffective|p1b: Gallade|1\n|-damage|p1b: Gallade|0 fnt\n|faint|p1b: Gallade\n|move|p2a: Sinistcha|Shadow Ball|p1a: Tyranitar\n|-activate|p1a: Tyranitar|move: Protect\n|\n|-weather|Sandstorm|[upkeep]\n|-damage|p2b: Primarina|41/100|[from] Sandstorm\n|-damage|p2a: Sinistcha|9/100|[from] Sandstorm\n|upkeep\n|j| LebronsMask\n|\n|t:|1776571428\n|switch|p1b: Excadrill|Excadrill, L50, F|100/100\n|turn|5\n|\n|t:|1776571440\n|move|p2b: Primarina|Hyper Voice|p1b: Excadrill|[spread] p1a,p1b\n|-supereffective|p1a: Tyranitar|1\n|-supereffective|p1b: Excadrill|1\n|-damage|p1a: Tyranitar|0 fnt\n|-enditem|p1b: Excadrill|Focus Sash\n|-damage|p1b: Excadrill|1/100\n|faint|p1a: Tyranitar\n|move|p2a: Sinistcha|Shadow Ball|p1b: Excadrill\n|-damage|p1b: Excadrill|0 fnt\n|faint|p1b: Excadrill\n|\n|-weather|none\n|-fieldend|move: Trick Room\n|upkeep\n|\n|t:|1776571443\n|switch|p1b: Volcarona|Volcarona, L50, M|100/100\n|turn|6\n|\n|t:|1776571452\n|move|p2b: Primarina|Protect|p2b: Primarina\n|-singleturn|p2b: Primarina|Protect\n|move|p1b: Volcarona|Struggle Bug|p2a: Sinistcha|[spread] p2a\n|-activate|p2b: Primarina|move: Protect\n|-damage|p2a: Sinistcha|0 fnt\n|faint|p2a: Sinistcha\n|\n|upkeep\n|\n|t:|1776571457\n|switch|p2a: Pelipper|Pelipper, L50, F|100/100\n|-weather|RainDance|[from] ability: Drizzle|[of] p2a: Pelipper\n|turn|7\n|\n|t:|1776571463\n|move|p1b: Volcarona|Struggle Bug|p2b: Primarina|[spread] p2a,p2b\n|-resisted|p2a: Pelipper|1\n|-resisted|p2b: Primarina|1\n|-damage|p2a: Pelipper|88/100\n|-damage|p2b: Primarina|34/100\n|-unboost|p2a: Pelipper|spa|1\n|-unboost|p2b: Primarina|spa|1\n|move|p2a: Pelipper|Hurricane|p1b: Volcarona\n|-supereffective|p1b: Volcarona|1\n|-damage|p1b: Volcarona|23/100\n|-enditem|p1b: Volcarona|Sitrus Berry|[eat]\n|-heal|p1b: Volcarona|48/100|[from] item: Sitrus Berry\n|move|p2b: Primarina|Hyper Voice|p1b: Volcarona\n|-supereffective|p1b: Volcarona|1\n|-damage|p1b: Volcarona|0 fnt\n|faint|p1b: Volcarona\n|\n|win|Mildly Displeased\n|raw|DracoShower94's rating: 1572 &rarr; <strong>1550</strong><br />(-22 for losing)\n|raw|Mildly Displeased's rating: 1530 &rarr; <strong>1552</strong><br />(+22 for winning)\n|l|\u2606DracoShower94\n|player|p1|\n|l|\u2606Mildly Displeased\n|player|p2|\n",
  "uploadtime": 1776571682,
  "views": 23,
  "formatid": "gen9championsvgc2026regma",
  "rating": 1550,
  "private": 0,
  "password": null
}