{
  "id": "gen9championsvgc2026regma-2581620648",
  "format": "[Gen 9 Champions] VGC 2026 Reg M-A",
  "players": [
    "nbnhhhhhh",
    "Fawktard"
  ],
  "log": "|j|\u2606nbnhhhhhh\n|j|\u2606Fawktard\n|t:|1776015726\n|gametype|doubles\n|player|p1|nbnhhhhhh|170|1000\n|player|p2|Fawktard|hilbert-wonderlauncher|1006\n|gen|9\n|tier|[Gen 9 Champions] VGC 2026 Reg M-A\n|rated|\n|rule|Species Clause: Limit one of each Pok\u00e9mon\n|rule|Item Clause: Limit 1 of each item\n|clearpoke\n|poke|p1|Charizard, L50, M|\n|poke|p1|Whimsicott, L50, M|\n|poke|p1|Primarina, L50, M|\n|poke|p1|Krookodile, L50, M|\n|poke|p1|Clefable, L50, F|\n|poke|p1|Aegislash, L50, F|\n|poke|p2|Sneasler, L50, M|\n|poke|p2|Aerodactyl, L50, F|\n|poke|p2|Hippowdon, L50, F|\n|poke|p2|Basculegion, L50, M|\n|poke|p2|Maushold, L50|\n|poke|p2|Hydreigon, L50, F|\n|teampreview|4\n|\n|t:|1776015765\n|teamsize|p1|4\n|teamsize|p2|4\n|start\n|switch|p1a: Whimsicott|Whimsicott, L50, M|100/100\n|switch|p1b: Primarina|Primarina, L50, M|100/100\n|switch|p2a: Basculegion|Basculegion, L50, M|100/100\n|switch|p2b: Aerodactyl|Aerodactyl, L50, F, shiny|100/100\n|-ability|p2b: Aerodactyl|Pressure\n|turn|1\n|\n|t:|1776015788\n|detailschange|p2b: Aerodactyl|Aerodactyl-Mega, L50, F, shiny\n|-mega|p2b: Aerodactyl|Aerodactyl|Aerodactylite\n|move|p1a: Whimsicott|Tailwind|p1a: Whimsicott\n|-sidestart|p1: nbnhhhhhh|move: Tailwind\n|move|p2a: Basculegion|Flip Turn|p1b: Primarina\n|-resisted|p1b: Primarina|1\n|-damage|p1b: Primarina|77/100\n|\n|t:|1776015796\n|switch|p2a: Hydreigon|Hydreigon, L50, F|100/100|[from] Flip Turn\n|move|p2b: Aerodactyl|Dual Wingbeat|p1a: Whimsicott\n|-supereffective|p1a: Whimsicott|1\n|-damage|p1a: Whimsicott|1/100\n|-supereffective|p1a: Whimsicott|1\n|-damage|p1a: Whimsicott|0 fnt\n|faint|p1a: Whimsicott\n|-hitcount|p1: Whimsicott|2\n|move|p1b: Primarina|Hyper Voice|p2b: Aerodactyl|[spread] p2a,p2b\n|-resisted|p2a: Hydreigon|1\n|-supereffective|p2b: Aerodactyl|1\n|-damage|p2a: Hydreigon|83/100\n|-damage|p2b: Aerodactyl|11/100\n|\n|upkeep\n|\n|t:|1776015814\n|switch|p1a: Aegislash|Aegislash, L50, F|100/100\n|turn|2\n|\n|t:|1776015831\n|move|p1a: Aegislash|Wide Guard|p1a: Aegislash\n|-singleturn|p1a: Aegislash|Wide Guard\n|move|p2b: Aerodactyl|Iron Head|p1b: Primarina\n|-damage|p1b: Primarina|26/100\n|-enditem|p1b: Primarina|Sitrus Berry|[eat]\n|-heal|p1b: Primarina|50/100|[from] item: Sitrus Berry\n|move|p1b: Primarina|Hyper Voice|p2b: Aerodactyl|[spread] p2a,p2b\n|-resisted|p2a: Hydreigon|1\n|-supereffective|p2b: Aerodactyl|1\n|-damage|p2a: Hydreigon|63/100\n|-damage|p2b: Aerodactyl|0 fnt\n|faint|p2b: Aerodactyl\n|move|p2a: Hydreigon|Dark Pulse|p1a: Aegislash\n|-supereffective|p1a: Aegislash|1\n|-damage|p1a: Aegislash|10/100\n|\n|-heal|p1a: Aegislash|15/100|[from] item: Leftovers\n|upkeep\n|\n|t:|1776015852\n|switch|p2b: Basculegion|Basculegion, L50, M|100/100\n|turn|3\n|\n|t:|1776015885\n|move|p2b: Basculegion|Flip Turn|p1a: Aegislash\n|-damage|p1a: Aegislash|0 fnt\n|faint|p1a: Aegislash\n|\n|t:|1776015890\n|switch|p2b: Hippowdon|Hippowdon, L50, F|100/100|[from] Flip Turn\n|-weather|Sandstorm|[from] ability: Sand Stream|[of] p2b: Hippowdon\n|move|p1b: Primarina|Moonblast|p2a: Hydreigon\n|-supereffective|p2a: Hydreigon|2\n|-damage|p2a: Hydreigon|0 fnt\n|faint|p2a: Hydreigon\n|\n|-weather|Sandstorm|[upkeep]\n|-damage|p1b: Primarina|44/100|[from] Sandstorm\n|upkeep\n|\n|t:|1776015904\n|switch|p2a: Basculegion|Basculegion, L50, M|100/100\n|switch|p1a: Charizard|Charizard, L50, M|100/100\n|turn|4\n|\n|t:|1776015921\n|detailschange|p1a: Charizard|Charizard-Mega-X, L50, M\n|-mega|p1a: Charizard|Charizard|Charizardite X\n|move|p1a: Charizard|Protect|p1a: Charizard\n|-singleturn|p1a: Charizard|Protect\n|move|p2a: Basculegion|Last Respects|p1a: Charizard\n|-activate|p1a: Charizard|move: Protect\n|move|p1b: Primarina|Hyper Voice|p2a: Basculegion|[spread] p2a,p2b\n|-resisted|p2a: Basculegion|1\n|-supereffective|p2b: Hippowdon|1\n|-enditem|p2b: Hippowdon|Passho Berry|[eat]\n|-enditem|p2b: Hippowdon|Passho Berry|[weaken]\n|-damage|p2a: Basculegion|80/100\n|-damage|p2b: Hippowdon|74/100\n|move|p2b: Hippowdon|Yawn|p1a: Charizard\n|-activate|p1a: Charizard|move: Protect\n|\n|-weather|Sandstorm|[upkeep]\n|-damage|p1a: Charizard|95/100|[from] Sandstorm\n|-damage|p2a: Basculegion|74/100|[from] Sandstorm\n|-damage|p1b: Primarina|39/100|[from] Sandstorm\n|-sideend|p1: nbnhhhhhh|move: Tailwind\n|upkeep\n|turn|5\n|\n|t:|1776015947\n|move|p2a: Basculegion|Last Respects|p1b: Primarina\n|-damage|p1b: Primarina|0 fnt\n|faint|p1b: Primarina\n|move|p1a: Charizard|Dragon Claw|p2a: Basculegion\n|-damage|p2a: Basculegion|3/100\n|move|p2b: Hippowdon|High Horsepower|p1a: Charizard|[miss]\n|-miss|p2b: Hippowdon|p1a: Charizard\n|\n|-weather|Sandstorm|[upkeep]\n|-damage|p2a: Basculegion|0 fnt|[from] Sandstorm\n|-damage|p1a: Charizard|89/100|[from] Sandstorm\n|faint|p2a: Basculegion\n|upkeep\n|turn|6\n|c|\u2606Fawktard|fuckin idiot hippo\n|\n|t:|1776015963\n|move|p1a: Charizard|Flare Blitz|p2b: Hippowdon\n|-damage|p2b: Hippowdon|12/100\n|-status|p2b: Hippowdon|brn\n|-damage|p1a: Charizard|60/100|[from] Recoil\n|move|p2b: Hippowdon|High Horsepower|p1a: Charizard\n|-supereffective|p1a: Charizard|1\n|-damage|p1a: Charizard|18/100\n|\n|-weather|Sandstorm|[upkeep]\n|-damage|p1a: Charizard|12/100|[from] Sandstorm\n|-damage|p2b: Hippowdon|6/100 brn|[from] brn\n|upkeep\n|turn|7\n|\n|t:|1776015977\n|move|p2b: Hippowdon|Protect|p2b: Hippowdon\n|-singleturn|p2b: Hippowdon|Protect\n|move|p1a: Charizard|Dragon Claw|p2b: Hippowdon\n|-activate|p2b: Hippowdon|move: Protect\n|\n|-weather|none\n|-damage|p2b: Hippowdon|0 fnt|[from] brn\n|faint|p2b: Hippowdon\n|\n|win|nbnhhhhhh\n",
  "uploadtime": 1776015959,
  "views": 10,
  "formatid": "gen9championsvgc2026regma",
  "rating": null,
  "private": 0,
  "password": null
}