{
  "id": "gen9championsvgc2026regma-2589397500",
  "format": "[Gen 9 Champions] VGC 2026 Reg M-A",
  "players": [
    "Bulaba",
    "neotis"
  ],
  "log": "|j|\u2606Bulaba\n|j|\u2606neotis\n|t:|1776719677\n|gametype|doubles\n|player|p1|Bulaba|hilbert|1110\n|player|p2|neotis|266|1018\n|gen|9\n|tier|[Gen 9 Champions] VGC 2026 Reg M-A\n|rated|\n|rule|Species Clause: Limit one of each Pok\u00e9mon\n|rule|Item Clause: Limit 1 of each item\n|clearpoke\n|poke|p1|Floette-Eternal, L50, F|\n|poke|p1|Garchomp, L50, M|\n|poke|p1|Aegislash, L50, M, shiny|\n|poke|p1|Rotom-Wash, L50|\n|poke|p1|Kangaskhan, L50, F|\n|poke|p1|Aerodactyl, L50, F|\n|poke|p2|Sneasler, L50, M|\n|poke|p2|Excadrill, L50, F|\n|poke|p2|Milotic, L50, M|\n|poke|p2|Incineroar, L50, M|\n|poke|p2|Meganium, L50, F|\n|poke|p2|Tyranitar, L50, M|\n|teampreview|4\n|inactive|Battle timer is ON: inactive players will automatically lose when time's up. (requested by Bulaba)\nBulaba has agreed to open team sheets.\n|inactive|Bulaba has 60 seconds left.\n|inactive|neotis has 60 seconds left.\n|\n|t:|1776719716\n|teamsize|p1|4\n|teamsize|p2|4\n|start\n|switch|p1a: Aerodactyl|Aerodactyl, L50, F|100/100\n|switch|p1b: Garchomp|Garchomp, L50, M|100/100\n|switch|p2a: Milotic|Milotic, L50, M|100/100\n|switch|p2b: Incineroar|Incineroar, L50, M|100/100\n|-ability|p1a: Aerodactyl|Unnerve\n|-ability|p2b: Incineroar|Intimidate|boost\n|-unboost|p1a: Aerodactyl|atk|1\n|-unboost|p1b: Garchomp|atk|1\n|-enditem|p1b: Garchomp|White Herb\n|-clearnegativeboost|p1b: Garchomp|[silent]\n|turn|1\n|\n|t:|1776719738\n|move|p1a: Aerodactyl|Protect|p1a: Aerodactyl\n|-singleturn|p1a: Aerodactyl|Protect\n|move|p1b: Garchomp|Protect|p1b: Garchomp\n|-singleturn|p1b: Garchomp|Protect\n|move|p2b: Incineroar|Fake Out|p1b: Garchomp\n|-activate|p1b: Garchomp|move: Protect\n|move|p2a: Milotic|Icy Wind|p1a: Aerodactyl|[spread] \n|-activate|p1a: Aerodactyl|move: Protect\n|-activate|p1b: Garchomp|move: Protect\n|\n|upkeep\n|turn|2\n|\n|t:|1776719754\n|switch|p1a: Rotom|Rotom-Wash, L50|100/100\n|move|p1b: Garchomp|Rock Slide|p2b: Incineroar|[spread] p2a,p2b\n|-supereffective|p2b: Incineroar|1\n|-damage|p2a: Milotic|83/100\n|-damage|p2b: Incineroar|56/100\n|move|p2b: Incineroar|Close Combat|p1b: Garchomp\n|-damage|p1b: Garchomp|63/100\n|-unboost|p2b: Incineroar|def|1\n|-unboost|p2b: Incineroar|spd|1\n|-damage|p2b: Incineroar|44/100|[from] ability: Rough Skin|[of] p1b: Garchomp\n|move|p2a: Milotic|Icy Wind|p1b: Garchomp|[spread] p1a,p1b\n|-resisted|p1a: Rotom|1\n|-supereffective|p1b: Garchomp|2\n|-crit|p1b: Garchomp\n|-damage|p1a: Rotom|95/100\n|-damage|p1b: Garchomp|14/100\n|-unboost|p1a: Rotom|spe|1\n|-unboost|p1b: Garchomp|spe|1\n|\n|-heal|p2a: Milotic|89/100|[from] item: Leftovers\n|upkeep\n|turn|3\n|\n|t:|1776719777\n|move|p1a: Rotom|Thunderbolt|p2a: Milotic\n|-supereffective|p2a: Milotic|1\n|-damage|p2a: Milotic|47/100\n|move|p2b: Incineroar|Close Combat|p1a: Rotom\n|-damage|p1a: Rotom|52/100\n|-unboost|p2b: Incineroar|def|1\n|-unboost|p2b: Incineroar|spd|1\n|move|p2a: Milotic|Icy Wind|p1a: Rotom|[spread] p1a,p1b\n|-resisted|p1a: Rotom|1\n|-supereffective|p1b: Garchomp|2\n|-damage|p1a: Rotom|46/100\n|-damage|p1b: Garchomp|0 fnt\n|-unboost|p1a: Rotom|spe|1\n|faint|p1b: Garchomp\n|\n|-heal|p2a: Milotic|53/100|[from] item: Leftovers\n|upkeep\n|\n|t:|1776719792\n|switch|p1b: Aerodactyl|Aerodactyl, L50, F|100/100\n|-ability|p1b: Aerodactyl|Unnerve\n|turn|4\n|inactive|neotis has 30 seconds left.\n|inactive|neotis has 20 seconds left.\n|\n|t:|1776719829\n|move|p2a: Milotic|Protect|p2a: Milotic\n|-singleturn|p2a: Milotic|Protect\n|move|p1b: Aerodactyl|Wide Guard|p1b: Aerodactyl\n|-singleturn|p1b: Aerodactyl|Wide Guard\n|move|p2b: Incineroar|Darkest Lariat|p1a: Rotom\n|-damage|p1a: Rotom|0 fnt\n|faint|p1a: Rotom\n|\n|-heal|p2a: Milotic|59/100|[from] item: Leftovers\n|upkeep\n|\n|t:|1776719838\n|switch|p1a: Kangaskhan|Kangaskhan, L50, F|100/100\n|turn|5\n|\n|t:|1776719853\n|detailschange|p1a: Kangaskhan|Kangaskhan-Mega, L50, F\n|-mega|p1a: Kangaskhan|Kangaskhan|Kangaskhanite\n|move|p1a: Kangaskhan|Fake Out|p2a: Milotic\n|-damage|p2a: Milotic|40/100\n|-damage|p2a: Milotic|36/100\n|-hitcount|p2a: Milotic|2\n|move|p1b: Aerodactyl|Rock Slide|p2a: Milotic|[spread] p2a,p2b\n|-supereffective|p2b: Incineroar|1\n|-damage|p2a: Milotic|17/100\n|-damage|p2b: Incineroar|0 fnt\n|faint|p2b: Incineroar\n|cant|p2a: Milotic|flinch\n|\n|-heal|p2a: Milotic|22/100|[from] item: Leftovers\n|upkeep\n|\n|t:|1776719862\n|switch|p2b: Sneasler|Sneasler, L50, M|100/100\n|turn|6\n|\n|t:|1776719876\n|move|p2a: Milotic|Protect|p2a: Milotic\n|-singleturn|p2a: Milotic|Protect\n|move|p1a: Kangaskhan|Sucker Punch|p2b: Sneasler\n|-resisted|p2b: Sneasler|1\n|-crit|p2b: Sneasler\n|-damage|p2b: Sneasler|71/100\n|-resisted|p2b: Sneasler|1\n|-damage|p2b: Sneasler|66/100\n|-hitcount|p2b: Sneasler|2\n|move|p1b: Aerodactyl|Tailwind|p1b: Aerodactyl\n|-sidestart|p1: Bulaba|move: Tailwind\n|move|p2b: Sneasler|Close Combat|p1a: Kangaskhan\n|-supereffective|p1a: Kangaskhan|1\n|-damage|p1a: Kangaskhan|0 fnt\n|-unboost|p2b: Sneasler|def|1\n|-unboost|p2b: Sneasler|spd|1\n|faint|p1a: Kangaskhan\n|\n|-heal|p2a: Milotic|28/100|[from] item: Leftovers\n|upkeep\n|turn|7\n|\n|t:|1776719896\n|move|p2b: Sneasler|Protect|p2b: Sneasler\n|-singleturn|p2b: Sneasler|Protect\n|move|p1b: Aerodactyl|Rock Slide|p2a: Milotic|[spread] p2a\n|-activate|p2b: Sneasler|move: Protect\n|-damage|p2a: Milotic|7/100\n|move|p2a: Milotic|Icy Wind|p1b: Aerodactyl\n|-supereffective|p1b: Aerodactyl|1\n|-damage|p1b: Aerodactyl|66/100\n|-unboost|p1b: Aerodactyl|spe|1\n|\n|-heal|p2a: Milotic|13/100|[from] item: Leftovers\n|upkeep\n|turn|8\n|\n|t:|1776719910\n|move|p1b: Aerodactyl|Rock Slide|p2b: Sneasler|[spread] p2a\n|-miss|p1b: Aerodactyl|p2b: Sneasler\n|-crit|p2a: Milotic\n|-damage|p2a: Milotic|0 fnt\n|faint|p2a: Milotic\n|move|p2b: Sneasler|Close Combat|p1b: Aerodactyl\n|-damage|p1b: Aerodactyl|0 fnt\n|-unboost|p2b: Sneasler|def|1\n|-unboost|p2b: Sneasler|spd|1\n|faint|p1b: Aerodactyl\n|\n|win|neotis\n|raw|Bulaba's rating: 1110 &rarr; <strong>1079</strong><br />(-31 for losing)\n|raw|neotis's rating: 1018 &rarr; <strong>1065</strong><br />(+47 for winning)\n",
  "uploadtime": 1776719917,
  "views": 9,
  "formatid": "gen9championsvgc2026regma",
  "rating": 1065,
  "private": 0,
  "password": null
}