{
  "id": "gen9championsvgc2026regma-2588289626",
  "format": "[Gen 9 Champions] VGC 2026 Reg M-A",
  "players": [
    "BossgodoraII",
    "Dr. Papus"
  ],
  "log": "|j|\u2606BossgodoraII\n|j|\u2606Dr. Papus\n|t:|1776621343\n|gametype|doubles\n|player|p1|BossgodoraII|gentleman-gen4|1479\n|player|p2|Dr. Papus|265|1437\n|gen|9\n|tier|[Gen 9 Champions] VGC 2026 Reg M-A\n|rated|\n|rule|Species Clause: Limit one of each Pok\u00e9mon\n|rule|Item Clause: Limit 1 of each item\n|clearpoke\n|poke|p1|Delphox, L50, F|\n|poke|p1|Floette-Eternal, L50, F|\n|poke|p1|Sneasler, L50, F|\n|poke|p1|Aerodactyl, L50, M|\n|poke|p1|Garchomp, L50, F|\n|poke|p1|Kingambit, L50, M|\n|poke|p2|Charizard, L50, F|\n|poke|p2|Basculegion, L50, M|\n|poke|p2|Whimsicott, L50, M|\n|poke|p2|Garchomp, L50, F|\n|poke|p2|Kingambit, L50, F|\n|poke|p2|Sneasler, L50, F|\n|teampreview|4\n|inactive|Battle timer is ON: inactive players will automatically lose when time's up. (requested by Dr. Papus)\nBossgodoraII rejected open team sheets.\n|inactive|Dr. Papus has 60 seconds left.\n|\n|t:|1776621382\n|teamsize|p1|4\n|teamsize|p2|4\n|start\n|switch|p1a: Aerodactyl|Aerodactyl, L50, M|100/100\n|switch|p1b: Kingambit|Kingambit, L50, M|100/100\n|switch|p2a: Whimsicott|Whimsicott, L50, M|100/100\n|switch|p2b: Basculegion|Basculegion, L50, M|100/100\n|-ability|p1a: Aerodactyl|Unnerve\n|turn|1\n|\n|t:|1776621400\n|switch|p2b: Sneasler|Sneasler, L50, F|100/100\n|move|p2a: Whimsicott|Protect|p2a: Whimsicott\n|-singleturn|p2a: Whimsicott|Protect\n|move|p1b: Kingambit|Sucker Punch||[still]\n|-fail|p1b: Kingambit\n|move|p1a: Aerodactyl|Tailwind|p1a: Aerodactyl\n|-sidestart|p1: BossgodoraII|move: Tailwind\n|\n|upkeep\n|turn|2\n|\n|t:|1776621421\n|switch|p1b: Sneasler|Sneasler, L50, F|100/100\n|move|p2a: Whimsicott|Encore|p1a: Aerodactyl\n|-start|p1a: Aerodactyl|Encore\n|move|p1a: Aerodactyl|Tailwind||[still]\n|-fail|p1a: Aerodactyl\n|move|p2b: Sneasler|Close Combat|p1b: Sneasler\n|-resisted|p1b: Sneasler|1\n|-damage|p1b: Sneasler|45/100\n|-unboost|p2b: Sneasler|def|1\n|-unboost|p2b: Sneasler|spd|1\n|-enditem|p2b: Sneasler|White Herb\n|-clearnegativeboost|p2b: Sneasler|[silent]\n|\n|upkeep\n|turn|3\n|\n|t:|1776621435\n|switch|p1a: Kingambit|Kingambit, L50, M|100/100\n|move|p1b: Sneasler|Dire Claw|p2a: Whimsicott\n|-supereffective|p2a: Whimsicott|2\n|-enditem|p2a: Whimsicott|Focus Sash\n|-damage|p2a: Whimsicott|1/100\n|move|p2b: Sneasler|Close Combat|p1a: Kingambit\n|-supereffective|p1a: Kingambit|2\n|-damage|p1a: Kingambit|0 fnt\n|-unboost|p2b: Sneasler|def|1\n|-unboost|p2b: Sneasler|spd|1\n|faint|p1a: Kingambit\n|move|p2a: Whimsicott|Moonblast|p1b: Sneasler\n|-damage|p1b: Sneasler|0 fnt\n|faint|p1b: Sneasler\n|\n|upkeep\n|\n|t:|1776621442\n|switch|p1b: Aerodactyl|Aerodactyl, L50, M|100/100\n|switch|p1a: Floette|Floette-Eternal, L50, F|100/100\n|-ability|p1b: Aerodactyl|Unnerve\n|turn|4\n|\n|t:|1776621465\n|detailschange|p1a: Floette|Floette-Mega, L50, F\n|-mega|p1a: Floette|Floette|Floettite\n|-ability|p1a: Floette|Fairy Aura\n|move|p2a: Whimsicott|Tailwind|p2a: Whimsicott\n|-sidestart|p2: Dr. Papus|move: Tailwind\n|move|p2b: Sneasler|Dire Claw|p1a: Floette\n|-supereffective|p1a: Floette|1\n|-damage|p1a: Floette|0 fnt\n|faint|p1a: Floette\n|move|p1b: Aerodactyl|Rock Slide|p2b: Sneasler|[spread] p2a,p2b\n|-resisted|p2b: Sneasler|1\n|-damage|p2a: Whimsicott|0 fnt\n|-damage|p2b: Sneasler|67/100\n|faint|p2a: Whimsicott\n|\n|-sideend|p1: BossgodoraII|move: Tailwind\n|upkeep\n|\n|t:|1776621473\n|switch|p2a: Basculegion|Basculegion, L50, M|100/100\n|turn|5\n|-message|BossgodoraII forfeited.\n|\n|win|Dr. Papus\n|raw|BossgodoraII's rating: 1479 &rarr; <strong>1457</strong><br />(-22 for losing)\n|raw|Dr. Papus's rating: 1437 &rarr; <strong>1459</strong><br />(+22 for winning)\n",
  "uploadtime": 1776621478,
  "views": 23,
  "formatid": "gen9championsvgc2026regma",
  "rating": 1457,
  "private": 0,
  "password": null
}