{
  "id": "gen9championsvgc2026regma-2585481577",
  "format": "[Gen 9 Champions] VGC 2026 Reg M-A",
  "players": [
    "ClearFoxVGC",
    "EliSeven"
  ],
  "log": "|j|\u2606ClearFoxVGC\n|j|\u2606EliSeven\n|t:|1776350420\n|gametype|doubles\n|player|p1|ClearFoxVGC|jacinthe|1035\n|player|p2|EliSeven|2|1117\n|gen|9\n|tier|[Gen 9 Champions] VGC 2026 Reg M-A\n|rated|\n|rule|Species Clause: Limit one of each Pok\u00e9mon\n|rule|Item Clause: Limit 1 of each item\n|clearpoke\n|poke|p1|Ceruledge, L50, F|\n|poke|p1|Orthworm, L50, F|\n|poke|p1|Aerodactyl, L50, F|\n|poke|p1|Froslass, L50, F|\n|poke|p1|Manectric, L50, M|\n|poke|p1|Clefable, L50, F|\n|poke|p2|Charizard, L50, F|\n|poke|p2|Venusaur, L50, M|\n|poke|p2|Garchomp, L50, M|\n|poke|p2|Rotom-Wash, L50|\n|poke|p2|Sneasler, L50, F|\n|poke|p2|Incineroar, L50, F|\n|teampreview|4\n|inactive|Battle timer is ON: inactive players will automatically lose when time's up. (requested by ClearFoxVGC)\n|n|\u2606ClearFoxVGC|clearfoxvgc\n|inactive|EliSeven has 60 seconds left.\nClearFoxVGC rejected open team sheets.\n|inactive|EliSeven has 30 seconds left.\n|\n|t:|1776350486\n|teamsize|p1|4\n|teamsize|p2|4\n|start\n|switch|p1a: Orthworm|Orthworm, L50, F|100/100\n|switch|p1b: Aerodactyl|Aerodactyl, L50, F|100/100\n|switch|p2a: Charizard|Charizard, L50, F|100/100\n|switch|p2b: Incineroar|Incineroar, L50, F|100/100\n|-ability|p1b: Aerodactyl|Unnerve\n|-ability|p2b: Incineroar|Intimidate|boost\n|-unboost|p1a: Orthworm|atk|1\n|-unboost|p1b: Aerodactyl|atk|1\n|turn|1\n|inactive|EliSeven has 30 seconds left.\n|inactive|EliSeven has 20 seconds left.\n|inactive|EliSeven has 15 seconds left.\n|\n|t:|1776350527\n|detailschange|p2a: Charizard|Charizard-Mega-Y, L50, F\n|-mega|p2a: Charizard|Charizard|Charizardite Y\n|-weather|SunnyDay|[from] ability: Drought|[of] p2a: Charizard\n|move|p1b: Aerodactyl|Wide Guard|p1b: Aerodactyl\n|-singleturn|p1b: Aerodactyl|Wide Guard\n|move|p2b: Incineroar|Fake Out|p1a: Orthworm\n|-resisted|p1a: Orthworm|1\n|-damage|p1a: Orthworm|96/100\n|move|p2a: Charizard|Solar Beam||[still]\n|-prepare|p2a: Charizard|Solar Beam\n|-anim|p2a: Charizard|Solar Beam|p1b: Aerodactyl\n|-damage|p1b: Aerodactyl|34/100\n|cant|p1a: Orthworm|flinch\n|\n|-weather|SunnyDay|[upkeep]\n|upkeep\n|turn|2\n|inactive|EliSeven has 30 seconds left.\n|inactive|EliSeven has 20 seconds left.\n|inactive|EliSeven has 15 seconds left.\n|inactive|EliSeven has 10 seconds left.\n|\n|t:|1776350576\n|move|p1b: Aerodactyl|Rock Slide|p2b: Incineroar|[spread] p2a,p2b\n|-supereffective|p2a: Charizard|2\n|-supereffective|p2b: Incineroar|1\n|-damage|p2a: Charizard|0 fnt\n|-damage|p2b: Incineroar|65/100\n|faint|p2a: Charizard\n|move|p1a: Orthworm|Shed Tail|p1a: Orthworm\n|-start|p1a: Orthworm|Substitute|[from] move: Shed Tail\n|-damage|p1a: Orthworm|46/100\n|-enditem|p1a: Orthworm|Sitrus Berry|[eat]\n|-heal|p1a: Orthworm|71/100|[from] item: Sitrus Berry\n|\n|t:|1776350586\n|switch|p1a: Ceruledge|Ceruledge, L50, F|100/100|[from] Shed Tail\n|move|p2b: Incineroar|Flare Blitz|p1a: Ceruledge\n|-start|p1a: Ceruledge|ability: Flash Fire\n|\n|-weather|SunnyDay|[upkeep]\n|upkeep\n|\n|t:|1776350596\n|switch|p2a: Venusaur|Venusaur, L50, M|100/100\n|turn|3\n|\n|t:|1776350614\n|switch|p2b: Garchomp|Garchomp, L50, M|100/100\n|move|p2a: Venusaur|Leaf Storm|p1b: Aerodactyl\n|-damage|p1b: Aerodactyl|0 fnt\n|-unboost|p2a: Venusaur|spa|2\n|faint|p1b: Aerodactyl\n|move|p1a: Ceruledge|Swords Dance|p1a: Ceruledge\n|-boost|p1a: Ceruledge|atk|2\n|\n|-weather|SunnyDay|[upkeep]\n|upkeep\n|\n|t:|1776350628\n|switch|p1b: Orthworm|Orthworm, L50, F|71/100\n|turn|4\n|inactive|ClearFoxVGC has 30 seconds left.\n|\n|t:|1776350653\n|switch|p2b: Incineroar|Incineroar, L50, F|65/100\n|-ability|p2b: Incineroar|Intimidate|boost\n|-immune|p1a: Ceruledge\n|-unboost|p1b: Orthworm|atk|1\n|move|p2a: Venusaur|Sleep Powder|p1b: Orthworm|[miss]\n|-miss|p2a: Venusaur|p1b: Orthworm\n|move|p1a: Ceruledge|Swords Dance|p1a: Ceruledge\n|-boost|p1a: Ceruledge|atk|2\n|move|p1b: Orthworm|Body Press|p2b: Incineroar\n|-supereffective|p2b: Incineroar|1\n|-damage|p2b: Incineroar|1/100\n|-enditem|p2b: Incineroar|Sitrus Berry|[eat]\n|-heal|p2b: Incineroar|26/100|[from] item: Sitrus Berry\n|\n|-weather|SunnyDay|[upkeep]\n|upkeep\n|turn|5\n|inactive|ClearFoxVGC has 30 seconds left.\n|inactive|EliSeven has 30 seconds left.\n|inactive|EliSeven has 20 seconds left.\n|inactive|EliSeven has 15 seconds left.\n|inactive|EliSeven has 10 seconds left.\n|inactive|EliSeven has 5 seconds left.\n|\n|t:|1776350708\n|move|p2b: Incineroar|Fake Out|p1a: Ceruledge\n|-immune|p1a: Ceruledge\n|move|p2a: Venusaur|Leaf Storm|p1a: Ceruledge\n|-resisted|p1a: Ceruledge|1\n|-activate|p1a: Ceruledge|move: Substitute|[damage]\n|-unboost|p2a: Venusaur|spa|2\n|move|p1a: Ceruledge|Brick Break|p2b: Incineroar\n|-supereffective|p2b: Incineroar|1\n|-damage|p2b: Incineroar|0 fnt\n|faint|p2b: Incineroar\n|move|p1b: Orthworm|Shed Tail|p1b: Orthworm\n|-start|p1b: Orthworm|Substitute|[from] move: Shed Tail\n|-damage|p1b: Orthworm|20/100\n|\n|t:|1776350721\n|switch|p1b: Froslass|Froslass, L50, F|100/100|[from] Shed Tail\n|\n|-weather|none\n|upkeep\n|\n|t:|1776350728\n|switch|p2b: Garchomp|Garchomp, L50, M|100/100\n|turn|6\n|\n|t:|1776350748\n|detailschange|p1b: Froslass|Froslass-Mega, L50, F\n|-mega|p1b: Froslass|Froslass|Froslassite\n|-weather|Snowscape|[from] ability: Snow Warning|[of] p1b: Froslass\n|move|p2a: Venusaur|Protect|p2a: Venusaur\n|-singleturn|p2a: Venusaur|Protect\n|move|p2b: Garchomp|Rock Slide|p1a: Ceruledge|[spread] p1a,p1b\n|-supereffective|p1a: Ceruledge|1\n|-end|p1a: Ceruledge|Substitute\n|-supereffective|p1b: Froslass|1\n|-end|p1b: Froslass|Substitute\n|move|p1b: Froslass|Blizzard|p2a: Venusaur|[spread] p2b\n|-activate|p2a: Venusaur|move: Protect\n|-supereffective|p2b: Garchomp|2\n|-damage|p2b: Garchomp|0 fnt\n|faint|p2b: Garchomp\n|move|p1a: Ceruledge|Bitter Blade|p2a: Venusaur\n|-activate|p2a: Venusaur|move: Protect\n|\n|-weather|Snowscape|[upkeep]\n|upkeep\n|turn|7\n|inactive|EliSeven has 30 seconds left.\n|inactive|EliSeven has 20 seconds left.\n|\n|t:|1776350784\n|move|p1b: Froslass|Blizzard|p2a: Venusaur\n|-supereffective|p2a: Venusaur|1\n|-enditem|p2a: Venusaur|Focus Sash\n|-damage|p2a: Venusaur|1/100\n|move|p1a: Ceruledge|Bitter Blade|p2a: Venusaur\n|-supereffective|p2a: Venusaur|1\n|-damage|p2a: Venusaur|0 fnt\n|faint|p2a: Venusaur\n|\n|win|ClearFoxVGC\n|raw|ClearFoxVGC's rating: 1035 &rarr; <strong>1078</strong><br />(+43 for winning)\n|raw|EliSeven's rating: 1117 &rarr; <strong>1086</strong><br />(-31 for losing)\n",
  "uploadtime": 1776350793,
  "views": 32,
  "formatid": "gen9championsvgc2026regma",
  "rating": 1078,
  "private": 0,
  "password": null
}