{
  "id": "gen9championsvgc2026regma-2583020039",
  "format": "[Gen 9 Champions] VGC 2026 Reg M-A",
  "players": [
    "wanchunflinflun",
    "Chiggyz"
  ],
  "log": "|j|\u2606wanchunflinflun\n|j|\u2606Chiggyz\n|t:|1776133948\n|gametype|doubles\n|player|p1|wanchunflinflun|101|1053\n|player|p2|Chiggyz|zinnia-masters|1088\n|gen|9\n|tier|[Gen 9 Champions] VGC 2026 Reg M-A\n|rated|\n|rule|Species Clause: Limit one of each Pok\u00e9mon\n|rule|Item Clause: Limit 1 of each item\n|clearpoke\n|poke|p1|Simipour, L50, F|\n|poke|p1|Manectric, L50, M|\n|poke|p1|Meowscarada, L50, F|\n|poke|p1|Hydreigon, L50, M|\n|poke|p1|Runerigus, L50, F|\n|poke|p1|Ampharos, L50, F|\n|poke|p2|Pelipper, L50, M|\n|poke|p2|Sinistcha, L50|\n|poke|p2|Incineroar, L50, M|\n|poke|p2|Excadrill, L50, F|\n|poke|p2|Archaludon, L50, M|\n|poke|p2|Basculegion, L50, M|\n|teampreview|4\n|inactive|Battle timer is ON: inactive players will automatically lose when time's up. (requested by Chiggyz)\n|inactive|Chiggyz has 60 seconds left.\n|\n|t:|1776133987\n|teamsize|p1|4\n|teamsize|p2|4\n|start\n|switch|p1a: Simipour|Simipour, L50, F|100/100\n|switch|p1b: Meowscarada|Meowscarada, L50, F|100/100\n|switch|p2a: Saint Merc|Pelipper, L50, M|100/100\n|switch|p2b: OGwhaTClabp|Archaludon, L50, M|100/100\n|-weather|RainDance|[from] ability: Drizzle|[of] p2a: Saint Merc\n|turn|1\n|\n|t:|1776134002\n|move|p2b: OGwhaTClabp|Protect|p2b: OGwhaTClabp\n|-singleturn|p2b: OGwhaTClabp|Protect\n|move|p1a: Simipour|Attract|p2a: Saint Merc\n|-start|p2a: Saint Merc|Attract\n|move|p1b: Meowscarada|U-turn|p2a: Saint Merc\n|-start|p1b: Meowscarada|typechange|Bug|[from] ability: Protean\n|-resisted|p2a: Saint Merc|1\n|-damage|p2a: Saint Merc|84/100\n|\n|t:|1776134006\n|switch|p1b: Manectric|Manectric, L50, M|100/100|[from] U-turn\n|-activate|p2a: Saint Merc|move: Attract|[of] p1a: Simipour\n|cant|p2a: Saint Merc|Attract\n|\n|-weather|RainDance|[upkeep]\n|upkeep\n|turn|2\n|\n|t:|1776134026\n|move|p1a: Simipour|Attract|p2b: OGwhaTClabp\n|-start|p2b: OGwhaTClabp|Attract\n|move|p1b: Manectric|Snarl|p2a: Saint Merc|[spread] p2a,p2b\n|-damage|p2a: Saint Merc|61/100\n|-damage|p2b: OGwhaTClabp|83/100\n|-unboost|p2a: Saint Merc|spa|1\n|-unboost|p2b: OGwhaTClabp|spa|1\n|-ability|p2b: OGwhaTClabp|Stamina|boost\n|-boost|p2b: OGwhaTClabp|def|1\n|-activate|p2a: Saint Merc|move: Attract|[of] p1a: Simipour\n|cant|p2a: Saint Merc|Attract\n|-activate|p2b: OGwhaTClabp|move: Attract|[of] p1a: Simipour\n|move|p2b: OGwhaTClabp|Electro Shot||[still]\n|-prepare|p2b: OGwhaTClabp|Electro Shot\n|-boost|p2b: OGwhaTClabp|spa|1\n|-anim|p2b: OGwhaTClabp|Electro Shot|p1b: Manectric\n|-ability|p1b: Manectric|Lightning Rod|boost\n|-boost|p1b: Manectric|spa|1\n|\n|-weather|RainDance|[upkeep]\n|upkeep\n|turn|3\n|inactive|Chiggyz has 30 seconds left.\n|\n|t:|1776134060\n|move|p1a: Simipour|Protect|p1a: Simipour\n|-singleturn|p1a: Simipour|Protect\n|-activate|p2b: OGwhaTClabp|move: Attract|[of] p1a: Simipour\n|move|p2b: OGwhaTClabp|Protect|p2b: OGwhaTClabp\n|-singleturn|p2b: OGwhaTClabp|Protect\n|move|p1b: Manectric|Thunderbolt|p2a: Saint Merc\n|-supereffective|p2a: Saint Merc|2\n|-damage|p2a: Saint Merc|0 fnt\n|faint|p2a: Saint Merc\n|\n|-weather|RainDance|[upkeep]\n|upkeep\n|\n|t:|1776134071\n|switch|p2a: Ugly|Incineroar, L50, M|100/100\n|-ability|p2a: Ugly|Intimidate|boost\n|-unboost|p1a: Simipour|atk|1\n|-unboost|p1b: Manectric|atk|1\n|turn|4\n|\n|t:|1776134090\n|move|p2a: Ugly|Fake Out|p1b: Manectric\n|-damage|p1b: Manectric|79/100\n|move|p1a: Simipour|Attract|p2a: Ugly\n|-start|p2a: Ugly|Attract\n|cant|p1b: Manectric|flinch\n|-activate|p2b: OGwhaTClabp|move: Attract|[of] p1a: Simipour\n|move|p2b: OGwhaTClabp|Electro Shot||[still]\n|-activate|p1b: Manectric|ability: Lightning Rod\n|-prepare|p2b: OGwhaTClabp|Electro Shot\n|-boost|p2b: OGwhaTClabp|spa|1\n|-anim|p2b: OGwhaTClabp|Electro Shot|p1b: Manectric\n|-ability|p1b: Manectric|Lightning Rod|boost\n|-boost|p1b: Manectric|spa|1\n|\n|-weather|RainDance|[upkeep]\n|upkeep\n|turn|5\n|inactive|Chiggyz has 30 seconds left.\n|\n|t:|1776134120\n|-activate|p2b: OGwhaTClabp|move: Attract|[of] p1a: Simipour\n|move|p2b: OGwhaTClabp|Protect|p2b: OGwhaTClabp\n|-singleturn|p2b: OGwhaTClabp|Protect\n|move|p1a: Simipour|Liquidation|p2a: Ugly\n|-supereffective|p2a: Ugly|1\n|-damage|p2a: Ugly|29/100\n|-enditem|p2a: Ugly|Sitrus Berry|[eat]\n|-heal|p2a: Ugly|54/100|[from] item: Sitrus Berry\n|move|p1b: Manectric|Thunderbolt|p2a: Ugly\n|-damage|p2a: Ugly|0 fnt\n|faint|p2a: Ugly\n|\n|-weather|none\n|upkeep\n|\n|t:|1776134127\n|switch|p2a: Carrot|Excadrill, L50, F|100/100\n|turn|6\n|\n|t:|1776134145\n|detailschange|p2a: Carrot|Excadrill-Mega, L50, F\n|-mega|p2a: Carrot|Excadrill|Excadrite\n|move|p1b: Manectric|Protect|p1b: Manectric\n|-singleturn|p1b: Manectric|Protect\n|move|p2a: Carrot|High Horsepower|p1b: Manectric\n|-supereffective|p1b: Manectric|1\n|-crit|p1b: Manectric\n|-ability|p2a: Carrot|Piercing Drill\n|-zbroken|p1b: Manectric\n|-damage|p1b: Manectric|0 fnt\n|faint|p1b: Manectric\n|move|p1a: Simipour|Liquidation|p2a: Carrot\n|-supereffective|p2a: Carrot|1\n|-damage|p2a: Carrot|57/100\n|-activate|p2b: OGwhaTClabp|move: Attract|[of] p1a: Simipour\n|move|p2b: OGwhaTClabp|Electro Shot||[still]\n|-prepare|p2b: OGwhaTClabp|Electro Shot\n|-boost|p2b: OGwhaTClabp|spa|1\n|\n|upkeep\n|inactive|wanchunflinflun has 30 seconds left.\n|\n|t:|1776134173\n|switch|p1b: Meowscarada|Meowscarada, L50, F|100/100\n|turn|7\n|\n|t:|1776134181\n|move|p2a: Carrot|Protect|p2a: Carrot\n|-singleturn|p2a: Carrot|Protect\n|move|p1b: Meowscarada|Knock Off|p2a: Carrot\n|-start|p1b: Meowscarada|typechange|Dark|[from] ability: Protean\n|-activate|p2a: Carrot|move: Protect\n|move|p1a: Simipour|Liquidation|p2a: Carrot\n|-activate|p2a: Carrot|move: Protect\n|-activate|p2b: OGwhaTClabp|move: Attract|[of] p1a: Simipour\n|move|p2b: OGwhaTClabp|Electro Shot|p1a: Simipour|[from] lockedmove\n|-supereffective|p1a: Simipour|1\n|-enditem|p1a: Simipour|Focus Sash\n|-damage|p1a: Simipour|1/100\n|\n|upkeep\n|turn|8\n|inactive|wanchunflinflun has 30 seconds left.\n|inactive|wanchunflinflun has 20 seconds left.\n|\n|t:|1776134221\n|move|p1a: Simipour|Protect|p1a: Simipour\n|-singleturn|p1a: Simipour|Protect\n|-activate|p2b: OGwhaTClabp|move: Attract|[of] p1a: Simipour\n|cant|p2b: OGwhaTClabp|Attract\n|move|p2a: Carrot|Rock Slide|p1a: Simipour|[spread] p1b\n|-activate|p1a: Simipour|move: Protect\n|-damage|p1b: Meowscarada|71/100\n|cant|p1b: Meowscarada|flinch\n|\n|upkeep\n|turn|9\n|\n|t:|1776134241\n|-activate|p2b: OGwhaTClabp|move: Attract|[of] p1a: Simipour\n|move|p2b: OGwhaTClabp|Protect|p2b: OGwhaTClabp\n|-singleturn|p2b: OGwhaTClabp|Protect\n|move|p2a: Carrot|Rock Slide|p1a: Simipour|[spread] p1a\n|-miss|p2a: Carrot|p1b: Meowscarada\n|-damage|p1a: Simipour|0 fnt\n|faint|p1a: Simipour\n|-end|p2b: OGwhaTClabp|Attract|[silent]\n|move|p1b: Meowscarada|Knock Off|p2a: Carrot\n|-damage|p2a: Carrot|33/100\n|\n|upkeep\n|\n|t:|1776134247\n|switch|p1a: Hydreigon|Hydreigon, L50, M|100/100\n|turn|10\n|\n|t:|1776134263\n|move|p2a: Carrot|Protect|p2a: Carrot\n|-singleturn|p2a: Carrot|Protect\n|move|p1b: Meowscarada|Knock Off|p2b: OGwhaTClabp\n|-damage|p2b: OGwhaTClabp|66/100\n|-ability|p2b: OGwhaTClabp|Stamina|boost\n|-boost|p2b: OGwhaTClabp|def|1\n|-enditem|p2b: OGwhaTClabp|Magnet|[from] move: Knock Off|[of] p1b: Meowscarada\n|move|p1a: Hydreigon|Dark Pulse|p2b: OGwhaTClabp\n|-damage|p2b: OGwhaTClabp|11/100\n|-ability|p2b: OGwhaTClabp|Stamina|boost\n|-boost|p2b: OGwhaTClabp|def|1\n|move|p2b: OGwhaTClabp|Draco Meteor|p1a: Hydreigon\n|-supereffective|p1a: Hydreigon|1\n|-damage|p1a: Hydreigon|0 fnt\n|-unboost|p2b: OGwhaTClabp|spa|2\n|faint|p1a: Hydreigon\n|\n|upkeep\n|turn|11\n|inactive|Chiggyz has 30 seconds left.\n|\n|t:|1776134289\n|move|p2a: Carrot|High Horsepower|p1b: Meowscarada\n|-damage|p1b: Meowscarada|2/100\n|move|p1b: Meowscarada|Knock Off|p2a: Carrot\n|-damage|p2a: Carrot|7/100\n|move|p2b: OGwhaTClabp|Draco Meteor|p1b: Meowscarada|[miss]\n|-miss|p2b: OGwhaTClabp|p1b: Meowscarada\n|\n|upkeep\n|turn|12\n|\n|t:|1776134307\n|move|p2a: Carrot|Iron Head|p1b: Meowscarada\n|-damage|p1b: Meowscarada|0 fnt\n|faint|p1b: Meowscarada\n|\n|win|Chiggyz\n|raw|wanchunflinflun's rating: 1053 &rarr; <strong>1037</strong><br />(-16 for losing)\n|raw|Chiggyz's rating: 1088 &rarr; <strong>1112</strong><br />(+24 for winning)\n|l|\u2606wanchunflinflun\n|player|p1|\n|c|\u2606Chiggyz|IM DA BIGGEST BIRD\n",
  "uploadtime": 1776134329,
  "views": 11,
  "formatid": "gen9championsvgc2026regma",
  "rating": 1037,
  "private": 0,
  "password": null
}