{
  "id": "gen9championsvgc2026regma-2584433433",
  "format": "[Gen 9 Champions] VGC 2026 Reg M-A",
  "players": [
    "wolfstreans",
    "moartae"
  ],
  "log": "|j|\u2606wolfstreans\n|j|\u2606moartae\n|t:|1776260539\n|gametype|doubles\n|player|p1|wolfstreans|101|1035\n|player|p2|moartae|winona|1000\n|gen|9\n|tier|[Gen 9 Champions] VGC 2026 Reg M-A\n|rated|\n|rule|Species Clause: Limit one of each Pok\u00e9mon\n|rule|Item Clause: Limit 1 of each item\n|clearpoke\n|poke|p1|Zoroark-Hisui, L50, M|\n|poke|p1|Scovillain, L50, F|\n|poke|p1|Incineroar, L50, F|\n|poke|p1|Araquanid, L50, M|\n|poke|p1|Sinistcha, L50|\n|poke|p1|Drampa, L50, M|\n|poke|p2|Mimikyu, L50, F|\n|poke|p2|Primarina, L50, F|\n|poke|p2|Chimecho, L50, F|\n|poke|p2|Garchomp, L50, F|\n|poke|p2|Kingambit, L50, F|\n|poke|p2|Crabominable, L50, F|\n|teampreview|4\n|\n|t:|1776260563\n|teamsize|p1|4\n|teamsize|p2|4\n|start\n|switch|p1a: Araquanid|Araquanid, L50, M|100/100\n|switch|p1b: Incineroar|Incineroar, L50, F, shiny|100/100\n|switch|p2a: Kyukurarin|Mimikyu, L50, F, shiny|100/100\n|switch|p2b: Calypso|Primarina, L50, F|100/100\n|-ability|p1b: Incineroar|Intimidate|boost\n|-unboost|p2a: Kyukurarin|atk|1\n|-unboost|p2b: Calypso|atk|1\n|turn|1\n|inactive|Battle timer is ON: inactive players will automatically lose when time's up. (requested by wolfstreans)\n|\n|t:|1776260578\n|move|p2b: Calypso|Protect|p2b: Calypso\n|-singleturn|p2b: Calypso|Protect\n|move|p1b: Incineroar|Fake Out|p2b: Calypso\n|-activate|p2b: Calypso|move: Protect\n|move|p1a: Araquanid|Sticky Web|p2a: Kyukurarin\n|-sidestart|p2: moartae|move: Sticky Web\n|move|p2a: Kyukurarin|Trick Room|p2a: Kyukurarin\n|-fieldstart|move: Trick Room|[of] p2a: Kyukurarin\n|\n|upkeep\n|turn|2\n|inactive|wolfstreans has 30 seconds left.\n|\n|t:|1776260609\n|move|p1a: Araquanid|Lunge|p2a: Kyukurarin\n|-activate|p2a: Kyukurarin|ability: Disguise\n|-damage|p2a: Kyukurarin|100/100\n|-unboost|p2a: Kyukurarin|atk|1\n|detailschange|p2a: Kyukurarin|Mimikyu-Busted, L50, F, shiny\n|-damage|p2a: Kyukurarin|88/100|[from] pokemon: Mimikyu-Busted\n|move|p1b: Incineroar|Parting Shot|p2b: Calypso\n|-unboost|p2b: Calypso|atk|1\n|-unboost|p2b: Calypso|spa|1\n|\n|t:|1776260621\n|switch|p1b: Drampa|Drampa, L50, M, shiny|100/100|[from] Parting Shot\n|-ability|p1b: Drampa|Cloud Nine\n|move|p2b: Calypso|Hyper Voice|p1a: Araquanid|[spread] p1a,p1b\n|-resisted|p1a: Araquanid|1\n|-crit|p1a: Araquanid\n|-resisted|p1b: Drampa|1\n|-damage|p1a: Araquanid|73/100\n|-damage|p1b: Drampa|87/100\n|move|p2a: Kyukurarin|Play Rough|p1b: Drampa\n|-supereffective|p1b: Drampa|1\n|-damage|p1b: Drampa|50/100\n|-unboost|p1b: Drampa|atk|1\n|\n|-heal|p1a: Araquanid|79/100|[from] item: Leftovers\n|upkeep\n|turn|3\n|inactive|moartae has 30 seconds left.\n|\n|t:|1776260647\n|switch|p1a: Sinistcha|Sinistcha, L50|100/100\n|-heal|p1b: Drampa|75/100|[from] ability: Hospitality|[of] p1a: Sinistcha\n|detailschange|p1b: Drampa|Drampa-Mega, L50, M, shiny\n|-mega|p1b: Drampa|Drampa|Drampanite\n|move|p1b: Drampa|Hyper Voice|p2b: Calypso|[spread] p2b\n|-immune|p2a: Kyukurarin\n|-damage|p2b: Calypso|64/100\n|move|p2b: Calypso|Moonblast|p1b: Drampa\n|-supereffective|p1b: Drampa|1\n|-damage|p1b: Drampa|18/100\n|-unboost|p1b: Drampa|spa|1\n|-ability|p1b: Drampa|Berserk|boost\n|-boost|p1b: Drampa|spa|1\n|move|p2a: Kyukurarin|Shadow Claw|p1a: Sinistcha\n|-supereffective|p1a: Sinistcha|1\n|-damage|p1a: Sinistcha|74/100\n|\n|upkeep\n|turn|4\n|\n|t:|1776260669\n|move|p1b: Drampa|Protect|p1b: Drampa\n|-singleturn|p1b: Drampa|Protect\n|move|p2b: Calypso|Protect|p2b: Calypso\n|-singleturn|p2b: Calypso|Protect\n|move|p1a: Sinistcha|Matcha Gotcha|p2b: Calypso|[spread] p2a\n|-activate|p2b: Calypso|move: Protect\n|-damage|p2a: Kyukurarin|56/100\n|-heal|p1a: Sinistcha|90/100|[from] drain|[of] p2a: Kyukurarin\n|move|p2a: Kyukurarin|Play Rough|p1b: Drampa\n|-activate|p1b: Drampa|move: Protect\n|\n|upkeep\n|turn|5\n|inactive|moartae has 30 seconds left.\n|\n|t:|1776260700\n|move|p1b: Drampa|Protect|p1b: Drampa\n|-singleturn|p1b: Drampa|Protect\n|move|p2b: Calypso|Calm Mind|p2b: Calypso\n|-boost|p2b: Calypso|spa|1\n|-boost|p2b: Calypso|spd|1\n|move|p1a: Sinistcha|Matcha Gotcha|p2b: Calypso|[spread] p2a,p2b\n|-supereffective|p2b: Calypso|1\n|-damage|p2a: Kyukurarin|18/100\n|-heal|p1a: Sinistcha|100/100|[from] drain|[of] p2a: Kyukurarin\n|-damage|p2b: Calypso|21/100\n|move|p2a: Kyukurarin|Play Rough|p1b: Drampa\n|-activate|p1b: Drampa|move: Protect\n|\n|-fieldend|move: Trick Room\n|upkeep\n|turn|6\n|inactive|wolfstreans has 30 seconds left.\n|inactive|moartae has 30 seconds left.\n|\n|t:|1776260735\n|move|p2b: Calypso|Protect|p2b: Calypso\n|-singleturn|p2b: Calypso|Protect\n|move|p1a: Sinistcha|Rage Powder|p1a: Sinistcha\n|-singleturn|p1a: Sinistcha|move: Rage Powder\n|move|p1b: Drampa|Hyper Voice|p2b: Calypso|[spread] \n|-activate|p2b: Calypso|move: Protect\n|-immune|p2a: Kyukurarin\n|move|p2a: Kyukurarin|Trick Room|p2a: Kyukurarin\n|-fieldstart|move: Trick Room|[of] p2a: Kyukurarin\n|\n|upkeep\n|turn|7\n|\n|t:|1776260752\n|move|p1b: Drampa|Protect|p1b: Drampa\n|-singleturn|p1b: Drampa|Protect\n|move|p2b: Calypso|Hyper Voice|p1a: Sinistcha|[spread] p1a\n|-activate|p1b: Drampa|move: Protect\n|-resisted|p1a: Sinistcha|1\n|-damage|p1a: Sinistcha|77/100\n|move|p1a: Sinistcha|Matcha Gotcha|p2b: Calypso|[spread] p2a,p2b\n|-supereffective|p2b: Calypso|1\n|-damage|p2a: Kyukurarin|0 fnt\n|-heal|p1a: Sinistcha|86/100|[from] drain|[of] p2a: Kyukurarin\n|-damage|p2b: Calypso|0 fnt\n|-heal|p1a: Sinistcha|98/100|[from] drain|[of] p2b: Calypso\n|faint|p2a: Kyukurarin\n|faint|p2b: Calypso\n|\n|upkeep\n|\n|t:|1776260768\n|switch|p2b: Echo|Chimecho, L50, F|100/100\n|switch|p2a: Herbrr|Crabominable, L50, F|100/100\n|-activate|p2a: Herbrr|move: Sticky Web\n|-unboost|p2a: Herbrr|spe|1\n|turn|8\n|\n|t:|1776260788\n|switch|p1a: Incineroar|Incineroar, L50, F, shiny|100/100\n|-ability|p1a: Incineroar|Intimidate|boost\n|-fail|p2a: Herbrr|unboost|Attack|[from] ability: Hyper Cutter|[of] p2a: Herbrr\n|-unboost|p2b: Echo|atk|1\n|move|p1b: Drampa|Protect||[still]\n|-fail|p1b: Drampa\n|move|p2a: Herbrr|Ice Hammer|p1b: Drampa\n|-supereffective|p1b: Drampa|1\n|-damage|p1b: Drampa|0 fnt\n|-unboost|p2a: Herbrr|spe|1\n|faint|p1b: Drampa\n|move|p2b: Echo|Light Screen|p2b: Echo\n|-sidestart|p2: moartae|move: Light Screen\n|\n|upkeep\n|\n|t:|1776260802\n|switch|p1b: Araquanid|Araquanid, L50, M|79/100\n|turn|9\n|\n|t:|1776260820\n|detailschange|p2a: Herbrr|Crabominable-Mega, L50, F\n|-mega|p2a: Herbrr|Crabominable|Crabominite\n|move|p1a: Incineroar|Fake Out|p2a: Herbrr\n|-damage|p2a: Herbrr|92/100\n|cant|p2a: Herbrr|flinch\n|move|p1b: Araquanid|Lunge|p2a: Herbrr\n|-resisted|p2a: Herbrr|1\n|-damage|p2a: Herbrr|82/100\n|-unboost|p2a: Herbrr|atk|1\n|move|p2b: Echo|Psychic|p1b: Araquanid\n|-damage|p1b: Araquanid|48/100\n|\n|-heal|p1b: Araquanid|54/100|[from] item: Leftovers\n|upkeep\n|turn|10\n|\n|t:|1776260841\n|move|p2a: Herbrr|Close Combat|p1a: Incineroar\n|-supereffective|p1a: Incineroar|1\n|-damage|p1a: Incineroar|24/100\n|-unboost|p2a: Herbrr|def|1\n|-unboost|p2a: Herbrr|spd|1\n|-enditem|p1a: Incineroar|Sitrus Berry|[eat]\n|-heal|p1a: Incineroar|49/100|[from] item: Sitrus Berry\n|move|p1b: Araquanid|Lunge|p2a: Herbrr\n|-resisted|p2a: Herbrr|1\n|-crit|p2a: Herbrr\n|-damage|p2a: Herbrr|59/100\n|-unboost|p2a: Herbrr|atk|1\n|move|p1a: Incineroar|Flare Blitz|p2a: Herbrr\n|-supereffective|p2a: Herbrr|1\n|-damage|p2a: Herbrr|0 fnt\n|faint|p2a: Herbrr\n|-damage|p1a: Incineroar|29/100|[from] Recoil\n|move|p2b: Echo|Psychic|p1b: Araquanid\n|-damage|p1b: Araquanid|27/100\n|\n|-heal|p1b: Araquanid|32/100|[from] item: Leftovers\n|-fieldend|move: Trick Room\n|upkeep\n|turn|11\n|inactive|moartae has 30 seconds left.\n|\n|t:|1776260868\n|move|p2b: Echo|Psychic|p1b: Araquanid\n|-damage|p1b: Araquanid|3/100\n|move|p1a: Incineroar|Flare Blitz|p2b: Echo\n|-damage|p2b: Echo|31/100\n|-damage|p1a: Incineroar|6/100|[from] Recoil\n|move|p1b: Araquanid|Lunge|p2b: Echo\n|-supereffective|p2b: Echo|1\n|-damage|p2b: Echo|0 fnt\n|faint|p2b: Echo\n|\n|win|wolfstreans\n|raw|wolfstreans's rating: 1035 &rarr; <strong>1066</strong><br />(+31 for winning)\n|raw|moartae's rating: 1000 &rarr; <strong>1000</strong><br />(+0 for losing)\n|l|\u2606wolfstreans\n|player|p1|\n",
  "uploadtime": 1776260886,
  "views": 28,
  "formatid": "gen9championsvgc2026regma",
  "rating": 1000,
  "private": 0,
  "password": null
}