{
  "id": "gen9championsvgc2026regma-2586298367",
  "format": "[Gen 9 Champions] VGC 2026 Reg M-A",
  "players": [
    "redborg",
    "TheRealDevron"
  ],
  "log": "|j|\u2606redborg\n|j|\u2606TheRealDevron\n|t:|1776422706\n|gametype|doubles\n|player|p1|redborg|2|1189\n|player|p2|TheRealDevron|will|1212\n|gen|9\n|tier|[Gen 9 Champions] VGC 2026 Reg M-A\n|rated|\n|rule|Species Clause: Limit one of each Pok\u00e9mon\n|rule|Item Clause: Limit 1 of each item\n|clearpoke\n|poke|p1|Floette-Eternal, L50, F|\n|poke|p1|Sneasler, L50, M|\n|poke|p1|Whimsicott, L50, F|\n|poke|p1|Incineroar, L50, M|\n|poke|p1|Basculegion, L50, M|\n|poke|p1|Sinistcha, L50|\n|poke|p2|Camerupt, L50, F|\n|poke|p2|Hatterene, L50, F|\n|poke|p2|Crabominable, L50, F|\n|poke|p2|Chesnaught, L50, M|\n|poke|p2|Primarina, L50, M|\n|poke|p2|Farigiraf, L50, F|\n|teampreview|4\n|inactive|Battle timer is ON: inactive players will automatically lose when time's up. (requested by redborg)\n|\n|t:|1776422744\n|teamsize|p1|4\n|teamsize|p2|4\n|start\n|switch|p1a: Araceli|Sinistcha, L50|100/100\n|switch|p1b: To\u00f1o|Incineroar, L50, M|100/100\n|switch|p2a: Camerupt|Camerupt, L50, F, shiny|100/100\n|switch|p2b: Farigiraf|Farigiraf, L50, F|100/100\n|-ability|p1b: To\u00f1o|Intimidate|boost\n|-unboost|p2a: Camerupt|atk|1\n|-unboost|p2b: Farigiraf|atk|1\n|turn|1\n|inactive|redborg has 30 seconds left.\n|\n|t:|1776422772\n|move|p2a: Camerupt|Protect|p2a: Camerupt\n|-singleturn|p2a: Camerupt|Protect\n|move|p1b: To\u00f1o|Throat Chop|p2b: Farigiraf\n|-supereffective|p2b: Farigiraf|1\n|-damage|p2b: Farigiraf|46/100\n|-start|p2b: Farigiraf|Throat Chop|[silent]\n|-enditem|p2b: Farigiraf|Sitrus Berry|[eat]\n|-heal|p2b: Farigiraf|70/100|[from] item: Sitrus Berry\n|move|p1a: Araceli|Matcha Gotcha|p2b: Farigiraf|[spread] \n|-activate|p2a: Camerupt|move: Protect\n|-miss|p1a: Araceli|p2b: Farigiraf\n|move|p2b: Farigiraf|Trick Room|p2b: Farigiraf\n|-fieldstart|move: Trick Room|[of] p2b: Farigiraf\n|\n|upkeep\n|turn|2\n|inactive|TheRealDevron has 30 seconds left.\n|\n|t:|1776422802\n|detailschange|p2a: Camerupt|Camerupt-Mega, L50, F, shiny\n|-mega|p2a: Camerupt|Camerupt|Cameruptite\n|move|p2b: Farigiraf|Protect|p2b: Farigiraf\n|-singleturn|p2b: Farigiraf|Protect\n|move|p2a: Camerupt|Heat Wave|p1a: Araceli|[spread] p1a,p1b\n|-supereffective|p1a: Araceli|1\n|-crit|p1a: Araceli\n|-resisted|p1b: To\u00f1o|1\n|-damage|p1a: Araceli|0 fnt\n|-damage|p1b: To\u00f1o|73/100\n|faint|p1a: Araceli\n|move|p1b: To\u00f1o|Parting Shot|p2a: Camerupt\n|-unboost|p2a: Camerupt|atk|1\n|-unboost|p2a: Camerupt|spa|1\n|\n|t:|1776422816\n|switch|p1b: Amatista|Floette-Eternal, L50, F|100/100|[from] Parting Shot\n|\n|-end|p2b: Farigiraf|Throat Chop|[silent]\n|upkeep\n|\n|t:|1776422821\n|switch|p1a: Young Miko|Sneasler, L50, M|100/100\n|turn|3\n|c|\u2606redborg|Nice hax it s crazy\n|inactive|redborg has 30 seconds left.\n|inactive|TheRealDevron has 30 seconds left.\n|c|\u2606TheRealDevron|I think it was still a ko without them lol\n|c|\u2606TheRealDevron|unless you\u2019re super specially bulky\n|inactive|TheRealDevron has 20 seconds left.\n|inactive|TheRealDevron has 15 seconds left.\n|\n|t:|1776422867\n|detailschange|p1b: Amatista|Floette-Mega, L50, F\n|-mega|p1b: Amatista|Floette|Floettite\n|-ability|p1b: Amatista|Fairy Aura\n|move|p1a: Young Miko|Protect|p1a: Young Miko\n|-singleturn|p1a: Young Miko|Protect\n|move|p2a: Camerupt|Heat Wave|p1a: Young Miko|[spread] p1b\n|-activate|p1a: Young Miko|move: Protect\n|-damage|p1b: Amatista|68/100\n|move|p2b: Farigiraf|Psychic|p1a: Young Miko\n|-activate|p1a: Young Miko|move: Protect\n|move|p1b: Amatista|Calm Mind|p1b: Amatista\n|-boost|p1b: Amatista|spa|1\n|-boost|p1b: Amatista|spd|1\n|\n|upkeep\n|turn|4\n|c|\u2606redborg|I am super bulky\n|c|\u2606redborg|And i would have trick room to cancel\n|inactive|redborg has 30 seconds left.\n|inactive|redborg has 20 seconds left.\n|inactive|redborg has 15 seconds left.\n|\n|t:|1776422907\n|move|p2a: Camerupt|Earth Power|p1a: Young Miko\n|-supereffective|p1a: Young Miko|1\n|-damage|p1a: Young Miko|0 fnt\n|faint|p1a: Young Miko\n|move|p2b: Farigiraf|Hyper Voice|p1b: Amatista\n|-damage|p1b: Amatista|47/100\n|move|p1b: Amatista|Draining Kiss|p2a: Camerupt\n|-resisted|p2a: Camerupt|1\n|-damage|p2a: Camerupt|73/100\n|-heal|p1b: Amatista|72/100|[from] drain|[of] p2a: Camerupt\n|\n|upkeep\n|\n|t:|1776422919\n|switch|p1a: To\u00f1o|Incineroar, L50, M|73/100\n|-ability|p1a: To\u00f1o|Intimidate|boost\n|-unboost|p2a: Camerupt|atk|1\n|-unboost|p2b: Farigiraf|atk|1\n|turn|5\n|\n|t:|1776422930\n|move|p1a: To\u00f1o|Fake Out||[still]\n|cant|p2b: Farigiraf|ability: Armor Tail|Fake Out|[of] p1a: To\u00f1o\n|move|p2a: Camerupt|Earth Power|p1a: To\u00f1o\n|-supereffective|p1a: To\u00f1o|1\n|-damage|p1a: To\u00f1o|0 fnt\n|faint|p1a: To\u00f1o\n|move|p2b: Farigiraf|Hyper Voice|p1b: Amatista\n|-damage|p1b: Amatista|49/100\n|move|p1b: Amatista|Draining Kiss|p2b: Farigiraf\n|-damage|p2b: Farigiraf|13/100\n|-heal|p1b: Amatista|100/100|[from] drain|[of] p2b: Farigiraf\n|\n|-fieldend|move: Trick Room\n|upkeep\n|turn|6\n|\n|t:|1776422945\n|move|p2b: Farigiraf|Protect|p2b: Farigiraf\n|-singleturn|p2b: Farigiraf|Protect\n|move|p1b: Amatista|Calm Mind|p1b: Amatista\n|-boost|p1b: Amatista|spa|1\n|-boost|p1b: Amatista|spd|1\n|move|p2a: Camerupt|Earth Power|p1b: Amatista\n|-damage|p1b: Amatista|78/100\n|\n|upkeep\n|turn|7\n|\n|t:|1776422960\n|move|p1b: Amatista|Calm Mind|p1b: Amatista\n|-boost|p1b: Amatista|spa|1\n|-boost|p1b: Amatista|spd|1\n|move|p2a: Camerupt|Earth Power|p1b: Amatista\n|-damage|p1b: Amatista|60/100\n|move|p2b: Farigiraf|Trick Room|p2b: Farigiraf\n|-fieldstart|move: Trick Room|[of] p2b: Farigiraf\n|\n|upkeep\n|turn|8\n|inactive|TheRealDevron has 30 seconds left.\n|\n|t:|1776422990\n|switch|p2a: Hatterene|Hatterene, L50, F, shiny|100/100\n|move|p2b: Farigiraf|Psychic|p1b: Amatista\n|-damage|p1b: Amatista|45/100\n|move|p1b: Amatista|Draining Kiss|p2a: Hatterene\n|-damage|p2a: Hatterene|0 fnt\n|-heal|p1b: Amatista|100/100|[from] drain|[of] p2a: Hatterene\n|faint|p2a: Hatterene\n|\n|upkeep\n|\n|t:|1776422992\n|switch|p2a: Chesnaught|Chesnaught, L50, M, shiny|100/100\n|turn|9\n|\n|t:|1776423004\n|move|p2a: Chesnaught|Spiky Shield|p2a: Chesnaught\n|-singleturn|p2a: Chesnaught|move: Protect\n|move|p2b: Farigiraf|Psychic|p1b: Amatista\n|-damage|p1b: Amatista|86/100\n|move|p1b: Amatista|Draining Kiss|p2a: Chesnaught\n|-activate|p2a: Chesnaught|move: Protect\n|-damage|p1b: Amatista|74/100|[from] Spiky Shield|[of] p2a: Chesnaught\n|\n|upkeep\n|turn|10\n|\n|t:|1776423023\n|move|p2b: Farigiraf|Psychic|p1b: Amatista\n|-damage|p1b: Amatista|62/100\n|move|p2a: Chesnaught|Wood Hammer|p1b: Amatista\n|-damage|p1b: Amatista|0 fnt\n|faint|p1b: Amatista\n|-damage|p2a: Chesnaught|85/100|[from] Recoil\n|\n|win|TheRealDevron\n|raw|redborg's rating: 1189 &rarr; <strong>1166</strong><br />(-23 for losing)\n|raw|TheRealDevron's rating: 1212 &rarr; <strong>1235</strong><br />(+23 for winning)\n|c|\u2606TheRealDevron|gg\n|c|\u2606redborg|No voment bg\n|l|\u2606redborg\n|player|p1|\n|c|\u2606TheRealDevron|LMAO\n",
  "uploadtime": 1776423050,
  "views": 33,
  "formatid": "gen9championsvgc2026regma",
  "rating": 1166,
  "private": 0,
  "password": null
}