{
  "id": "gen9championsvgc2026regma-2581312663",
  "format": "[Gen 9 Champions] VGC 2026 Reg M-A",
  "players": [
    "greeencross",
    "ConnerTEP"
  ],
  "log": "|j|\u2606greeencross\n|j|\u2606ConnerTEP\n|t:|1775985152\n|gametype|doubles\n|player|p1|greeencross|170|1297\n|player|p2|ConnerTEP|acerola-masters2|1451\n|gen|9\n|tier|[Gen 9 Champions] VGC 2026 Reg M-A\n|rated|\n|rule|Species Clause: Limit one of each Pok\u00e9mon\n|rule|Item Clause: Limit 1 of each item\n|clearpoke\n|poke|p1|Tyranitar, L50, F|\n|poke|p1|Rotom-Wash, L50|\n|poke|p1|Garchomp, L50, F|\n|poke|p1|Aerodactyl, L50, M|\n|poke|p1|Sinistcha, L50|\n|poke|p1|Sneasler, L50, F|\n|poke|p2|Aerodactyl, L50, M|\n|poke|p2|Garchomp, L50, M|\n|poke|p2|Gardevoir, L50, F|\n|poke|p2|Kingambit, L50, F|\n|poke|p2|Kangaskhan, L50, F|\n|poke|p2|Sinistcha, L50|\n|teampreview|4\n|inactive|Battle timer is ON: inactive players will automatically lose when time's up. (requested by ConnerTEP)\n|inactive|greeencross also wants the timer to be on.\n|\n|t:|1775985172\n|teamsize|p1|4\n|teamsize|p2|4\n|start\n|switch|p1a: Garchomp|Garchomp, L50, F|100/100\n|switch|p1b: Aerodactyl|Aerodactyl, L50, M|100/100\n|switch|p2a: Aerodactyl|Aerodactyl, L50, M|100/100\n|switch|p2b: Gardevoir|Gardevoir, L50, F|100/100\n|-ability|p1b: Aerodactyl|Unnerve\n|-ability|p2a: Aerodactyl|Unnerve\n|-ability|p2b: Gardevoir|Unnerve|Trace|[from] ability: Trace|[of] p1b: Aerodactyl\n|-ability|p2b: Gardevoir|Unnerve\n|turn|1\n|\n|t:|1775985193\n|detailschange|p2b: Gardevoir|Gardevoir-Mega, L50, F\n|-mega|p2b: Gardevoir|Gardevoir|Gardevoirite\n|move|p1b: Aerodactyl|Tailwind|p1b: Aerodactyl\n|-sidestart|p1: greeencross|move: Tailwind\n|move|p1a: Garchomp|Poison Jab|p2b: Gardevoir\n|-supereffective|p2b: Gardevoir|1\n|-damage|p2b: Gardevoir|0 fnt\n|faint|p2b: Gardevoir\n|move|p2a: Aerodactyl|Tailwind|p2a: Aerodactyl\n|-sidestart|p2: ConnerTEP|move: Tailwind\n|\n|upkeep\n|\n|t:|1775985204\n|switch|p2b: Garchomp|Garchomp, L50, M|100/100\n|turn|2\n|j| gE1xjZRtuhW2DdT0AK\n|\n|t:|1775985216\n|move|p1a: Garchomp|Protect|p1a: Garchomp\n|-singleturn|p1a: Garchomp|Protect\n|move|p2a: Aerodactyl|Rock Slide|p1b: Aerodactyl|[spread] p1b\n|-activate|p1a: Garchomp|move: Protect\n|-supereffective|p1b: Aerodactyl|1\n|-damage|p1b: Aerodactyl|12/100\n|cant|p1b: Aerodactyl|flinch\n|move|p2b: Garchomp|Dragon Claw|p1a: Garchomp\n|-activate|p1a: Garchomp|move: Protect\n|\n|upkeep\n|turn|3\n|\n|t:|1775985230\n|move|p2a: Aerodactyl|Rock Slide|p1a: Garchomp|[spread] p1a,p1b\n|-resisted|p1a: Garchomp|1\n|-supereffective|p1b: Aerodactyl|1\n|-damage|p1a: Garchomp|87/100\n|-damage|p1b: Aerodactyl|0 fnt\n|faint|p1b: Aerodactyl\n|cant|p1a: Garchomp|flinch\n|move|p2b: Garchomp|Dragon Claw|p1a: Garchomp\n|-supereffective|p1a: Garchomp|1\n|-damage|p1a: Garchomp|0 fnt\n|faint|p1a: Garchomp\n|\n|upkeep\n|\n|t:|1775985239\n|switch|p1b: Sneasler|Sneasler, L50, F|100/100\n|switch|p1a: Tyranitar|Tyranitar, L50, F|100/100\n|-weather|Sandstorm|[from] ability: Sand Stream|[of] p1a: Tyranitar\n|turn|4\n|c|\u2606ConnerTEP|1 speed tie for 2 and 2 flinches\n|c|\u2606ConnerTEP|Yikes\n|\n|t:|1775985259\n|detailschange|p1a: Tyranitar|Tyranitar-Mega, L50, F\n|-mega|p1a: Tyranitar|Tyranitar|Tyranitarite\n|move|p1b: Sneasler|Fake Out|p2b: Garchomp\n|-damage|p2b: Garchomp|85/100\n|-damage|p1b: Sneasler|88/100|[from] ability: Rough Skin|[of] p2b: Garchomp\n|move|p2a: Aerodactyl|Dual Wingbeat|p1b: Sneasler\n|-supereffective|p1b: Sneasler|1\n|-damage|p1b: Sneasler|29/100\n|-supereffective|p1b: Sneasler|1\n|-damage|p1b: Sneasler|0 fnt\n|faint|p1b: Sneasler\n|-hitcount|p1: Sneasler|2\n|cant|p2b: Garchomp|flinch\n|move|p1a: Tyranitar|Rock Slide|p2b: Garchomp|[spread] \n|-miss|p1a: Tyranitar|p2a: Aerodactyl\n|-miss|p1a: Tyranitar|p2b: Garchomp\n|\n|-weather|Sandstorm|[upkeep]\n|-sideend|p2: ConnerTEP|move: Tailwind\n|-sideend|p1: greeencross|move: Tailwind\n|upkeep\n|turn|5\n|c|\u2606ConnerTEP|Mbad dude\n|-message|greeencross forfeited.\n|\n|win|ConnerTEP\n|raw|greeencross's rating: 1297 &rarr; <strong>1282</strong><br />(-15 for losing)\n|raw|ConnerTEP's rating: 1451 &rarr; <strong>1463</strong><br />(+12 for winning)\n|l|\u2606greeencross\n|player|p1|\n|l|\u2606ConnerTEP\n|player|p2|\n",
  "uploadtime": 1775985450,
  "views": 32,
  "formatid": "gen9championsvgc2026regma",
  "rating": 1282,
  "private": 0,
  "password": null
}