{
  "id": "gen9championsvgc2026regma-2589555459",
  "format": "[Gen 9 Champions] VGC 2026 Reg M-A",
  "players": [
    "duvay",
    "KugutsuB"
  ],
  "log": "|j|\u2606duvay\n|j|\u2606KugutsuB\n|t:|1776733739\n|gametype|doubles\n|player|p1|duvay|102|1118\n|player|p2|KugutsuB|barry|1053\n|gen|9\n|tier|[Gen 9 Champions] VGC 2026 Reg M-A\n|rated|\n|rule|Species Clause: Limit one of each Pok\u00e9mon\n|rule|Item Clause: Limit 1 of each item\n|clearpoke\n|poke|p1|Tyrantrum, L50, F|\n|poke|p1|Talonflame, L50, M|\n|poke|p1|Sinistcha, L50|\n|poke|p1|Milotic, L50, M|\n|poke|p1|Gardevoir, L50, F|\n|poke|p1|Sneasler, L50, F|\n|poke|p2|Hydrapple, L50, F|\n|poke|p2|Reuniclus, L50, M|\n|poke|p2|Sableye, L50, F|\n|poke|p2|Banette, L50, M|\n|poke|p2|Skeledirge, L50, F|\n|poke|p2|Garbodor, L50, F|\n|teampreview|4\n|inactive|Battle timer is ON: inactive players will automatically lose when time's up. (requested by duvay)\nduvay rejected open team sheets.\n|inactive|KugutsuB has 60 seconds left.\n|j| Ranger_Tricks\n|\n|t:|1776733776\n|teamsize|p1|4\n|teamsize|p2|4\n|start\n|switch|p1a: Milotic|Milotic, L50, M|100/100\n|switch|p1b: Gardevoir|Gardevoir, L50, F|100/100\n|switch|p2a: Reuniclus|Reuniclus, L50, M|100/100\n|switch|p2b: Hydrapple|Hydrapple, L50, F|100/100\n|-ability|p1b: Gardevoir|Regenerator|Trace|[from] ability: Trace|[of] p2b: Hydrapple\n|turn|1\n|inactive|duvay has 30 seconds left.\n|\n|t:|1776733806\n|detailschange|p1b: Gardevoir|Gardevoir-Mega, L50, F\n|-mega|p1b: Gardevoir|Gardevoir|Gardevoirite\n|move|p2b: Hydrapple|Protect|p2b: Hydrapple\n|-singleturn|p2b: Hydrapple|Protect\n|move|p1b: Gardevoir|Hyper Voice|p2a: Reuniclus|[spread] p2a\n|-activate|p2b: Hydrapple|move: Protect\n|-damage|p2a: Reuniclus|52/100\n|move|p1a: Milotic|Icy Wind|p2b: Hydrapple|[spread] p2a\n|-activate|p2b: Hydrapple|move: Protect\n|-damage|p2a: Reuniclus|40/100\n|-unboost|p2a: Reuniclus|spe|1\n|move|p2a: Reuniclus|Trick Room|p2a: Reuniclus\n|-fieldstart|move: Trick Room|[of] p2a: Reuniclus\n|\n|upkeep\n|turn|2\n|inactive|KugutsuB has 30 seconds left.\n|\n|t:|1776733837\n|switch|p2a: Skeledirge|Skeledirge, L50, F|100/100\n|move|p2b: Hydrapple|Energy Ball|p1a: Milotic\n|-supereffective|p1a: Milotic|1\n|-damage|p1a: Milotic|23/100\n|move|p1a: Milotic|Icy Wind|p2b: Hydrapple|[spread] p2a,p2b\n|-resisted|p2a: Skeledirge|1\n|-supereffective|p2b: Hydrapple|2\n|-damage|p2a: Skeledirge|93/100\n|-damage|p2b: Hydrapple|55/100\n|-unboost|p2a: Skeledirge|spe|1\n|-unboost|p2b: Hydrapple|spe|1\n|move|p1b: Gardevoir|Trick Room|p1b: Gardevoir\n|-fieldend|move: Trick Room\n|\n|-heal|p1a: Milotic|29/100|[from] item: Leftovers\n|-heal|p2b: Hydrapple|61/100|[from] item: Leftovers\n|upkeep\n|turn|3\n|inactive|KugutsuB has 30 seconds left.\n|inactive|KugutsuB has 20 seconds left.\n|\n|t:|1776733874\n|switch|p2b: Reuniclus|Reuniclus, L50, M|73/100\n|move|p1b: Gardevoir|Hyper Voice|p2b: Reuniclus|[spread] p2a,p2b\n|-resisted|p2a: Skeledirge|1\n|-damage|p2a: Skeledirge|62/100\n|-damage|p2b: Reuniclus|25/100\n|move|p1a: Milotic|Muddy Water|p2a: Skeledirge|[spread] p2a\n|-miss|p1a: Milotic|p2b: Reuniclus\n|-supereffective|p2a: Skeledirge|1\n|-damage|p2a: Skeledirge|0 fnt\n|faint|p2a: Skeledirge\n|\n|-heal|p1a: Milotic|35/100|[from] item: Leftovers\n|upkeep\n|\n|t:|1776733887\n|switch|p2a: Hydrapple|Hydrapple, L50, F|94/100\n|turn|4\n|\n|t:|1776733894\n|move|p1b: Gardevoir|Hyper Voice|p2a: Hydrapple|[spread] p2a,p2b\n|-supereffective|p2a: Hydrapple|1\n|-damage|p2a: Hydrapple|0 fnt\n|-damage|p2b: Reuniclus|0 fnt\n|faint|p2a: Hydrapple\n|faint|p2b: Reuniclus\n|move|p1a: Milotic|Muddy Water|p2: Hydrapple|[notarget]\n|-fail|p1a: Milotic\n|\n|-heal|p1a: Milotic|41/100|[from] item: Leftovers\n|upkeep\n|\n|t:|1776733897\n|switch|p2b: Banette|Banette, L50, M|100/100\n|-item|p1a: Milotic|Leftovers|[from] ability: Frisk|[of] p2b: Banette\n|-item|p1b: Gardevoir|Gardevoirite|[from] ability: Frisk|[of] p2b: Banette\n|turn|5\n|l| Ranger_Tricks\n|\n|t:|1776733912\n|detailschange|p2b: Banette|Banette-Mega, L50, M\n|-mega|p2b: Banette|Banette|Banettite\n|move|p1b: Gardevoir|Hyper Voice|p2b: Banette\n|-damage|p2b: Banette|17/100\n|move|p1a: Milotic|Hypnosis|p2b: Banette\n|-status|p2b: Banette|slp|[from] move: Hypnosis\n|cant|p2b: Banette|slp\n|\n|-heal|p1a: Milotic|47/100|[from] item: Leftovers\n|upkeep\n|turn|6\n|-message|KugutsuB forfeited.\n|\n|win|duvay\n|raw|duvay's rating: 1118 &rarr; <strong>1138</strong><br />(+20 for winning)\n|raw|KugutsuB's rating: 1053 &rarr; <strong>1038</strong><br />(-15 for losing)\n|l|\u2606KugutsuB\n|player|p2|\n",
  "uploadtime": 1776733922,
  "views": 8,
  "formatid": "gen9championsvgc2026regma",
  "rating": 1038,
  "private": 0,
  "password": null
}