{
  "id": "gen9championsvgc2026regma-2584610798",
  "format": "[Gen 9 Champions] VGC 2026 Reg M-A",
  "players": [
    "shieldar",
    "G3N13"
  ],
  "log": "|j|\u2606shieldar\n|j|\u2606G3N13\n|t:|1776271986\n|gametype|doubles\n|player|p1|shieldar|101|1084\n|player|p2|G3N13|n|1095\n|gen|9\n|tier|[Gen 9 Champions] VGC 2026 Reg M-A\n|rated|\n|rule|Species Clause: Limit one of each Pok\u00e9mon\n|rule|Item Clause: Limit 1 of each item\n|clearpoke\n|poke|p1|Manectric, L50, M|\n|poke|p1|Aerodactyl, L50, M|\n|poke|p1|Aegislash, L50, M|\n|poke|p1|Weavile, L50, F|\n|poke|p1|Maushold, L50|\n|poke|p1|Floette-Eternal, L50, F|\n|poke|p2|Incineroar, L50, M|\n|poke|p2|Farigiraf, L50, F|\n|poke|p2|Torkoal, L50, M|\n|poke|p2|Gardevoir, L50, F|\n|poke|p2|Sinistcha, L50|\n|poke|p2|Corviknight, L50, F|\n|teampreview|4\nshieldar rejected open team sheets.\n|\n|t:|1776272006\n|teamsize|p1|4\n|teamsize|p2|4\n|start\n|switch|p1a: Maushold|Maushold, L50|100/100\n|switch|p1b: Floette|Floette-Eternal, L50, F|100/100\n|switch|p2a: Incineroar|Incineroar, L50, M, shiny|100/100\n|switch|p2b: Farigiraf|Farigiraf, L50, F, shiny|100/100\n|-ability|p2a: Incineroar|Intimidate|boost\n|-unboost|p1a: Maushold|atk|1\n|-unboost|p1b: Floette|atk|1\n|turn|1\n|\n|t:|1776272024\n|move|p2a: Incineroar|Fake Out|p1b: Floette\n|-damage|p1b: Floette|88/100\n|move|p1a: Maushold|Super Fang|p2a: Incineroar|[miss]\n|-miss|p1a: Maushold|p2a: Incineroar\n|cant|p1b: Floette|flinch\n|move|p2b: Farigiraf|Trick Room|p2b: Farigiraf\n|-fieldstart|move: Trick Room|[of] p2b: Farigiraf\n|\n|upkeep\n|turn|2\n|\n|t:|1776272041\n|move|p1a: Maushold|Follow Me|p1a: Maushold\n|-singleturn|p1a: Maushold|move: Follow Me\n|move|p2b: Farigiraf|Psychic|p1a: Maushold\n|-damage|p1a: Maushold|47/100\n|move|p2a: Incineroar|Flare Blitz|p1a: Maushold\n|-crit|p1a: Maushold\n|-damage|p1a: Maushold|0 fnt\n|faint|p1a: Maushold\n|-damage|p2a: Incineroar|86/100|[from] Recoil\n|move|p1b: Floette|Calm Mind|p1b: Floette\n|-boost|p1b: Floette|spa|1\n|-boost|p1b: Floette|spd|1\n|\n|-heal|p2a: Incineroar|92/100|[from] item: Leftovers\n|upkeep\n|\n|t:|1776272054\n|switch|p1a: Aegislash|Aegislash, L50, M|100/100\n|turn|3\n|\n|t:|1776272063\n|detailschange|p1b: Floette|Floette-Mega, L50, F\n|-mega|p1b: Floette|Floette|Floettite\n|-ability|p1b: Floette|Fairy Aura\n|move|p1a: Aegislash|King's Shield|p1a: Aegislash\n|-singleturn|p1a: Aegislash|Protect\n|move|p2a: Incineroar|Parting Shot|p1b: Floette\n|-unboost|p1b: Floette|atk|1\n|-unboost|p1b: Floette|spa|1\n|\n|t:|1776272080\n|switch|p2a: Sinistcha|Sinistcha, L50|100/100|[from] Parting Shot\n|move|p2b: Farigiraf|Psychic|p1b: Floette\n|-crit|p1b: Floette\n|-damage|p1b: Floette|30/100\n|move|p1b: Floette|Calm Mind|p1b: Floette\n|-boost|p1b: Floette|spa|1\n|-boost|p1b: Floette|spd|1\n|\n|upkeep\n|turn|4\n|\n|t:|1776272099\n|-formechange|p1a: Aegislash|Aegislash-Blade|\n|move|p1a: Aegislash|Shadow Sneak||[still]\n|cant|p2b: Farigiraf|ability: Armor Tail|Shadow Sneak|[of] p1a: Aegislash\n|move|p2b: Farigiraf|Psychic|p1b: Floette\n|-damage|p1b: Floette|10/100\n|move|p2a: Sinistcha|Shadow Ball|p1a: Aegislash\n|-supereffective|p1a: Aegislash|1\n|-damage|p1a: Aegislash|0 fnt\n|faint|p1a: Aegislash\n|move|p1b: Floette|Moonblast|p2b: Farigiraf\n|-damage|p2b: Farigiraf|0 fnt\n|faint|p2b: Farigiraf\n|\n|upkeep\n|\n|t:|1776272114\n|switch|p1a: Manectric|Manectric, L50, M|100/100\n|switch|p2b: Incineroar|Incineroar, L50, M, shiny|92/100\n|-ability|p2b: Incineroar|Intimidate|boost\n|-unboost|p1a: Manectric|atk|1\n|-unboost|p1b: Floette|atk|1\n|turn|5\n|\n|t:|1776272136\n|move|p1a: Manectric|Protect|p1a: Manectric\n|-singleturn|p1a: Manectric|Protect\n|move|p1b: Floette|Protect|p1b: Floette\n|-singleturn|p1b: Floette|Protect\n|move|p2b: Incineroar|Fake Out|p1b: Floette\n|-activate|p1b: Floette|move: Protect\n|move|p2a: Sinistcha|Shadow Ball|p1a: Manectric\n|-activate|p1a: Manectric|move: Protect\n|\n|-heal|p2b: Incineroar|97/100|[from] item: Leftovers\n|-fieldend|move: Trick Room\n|upkeep\n|turn|6\n|\n|t:|1776272156\n|move|p1b: Floette|Moonblast|p2b: Incineroar\n|-damage|p2b: Incineroar|0 fnt\n|faint|p2b: Incineroar\n|move|p1a: Manectric|Thunderbolt|p2a: Sinistcha\n|-resisted|p2a: Sinistcha|1\n|-damage|p2a: Sinistcha|73/100\n|move|p2a: Sinistcha|Matcha Gotcha|p1a: Manectric|[spread] p1a,p1b\n|-damage|p1a: Manectric|55/100\n|-heal|p2a: Sinistcha|95/100|[from] drain|[of] p1a: Manectric\n|-damage|p1b: Floette|0 fnt\n|-heal|p2a: Sinistcha|99/100|[from] drain|[of] p1b: Floette\n|faint|p1b: Floette\n|\n|upkeep\n|\n|t:|1776272158\n|switch|p2b: Gardevoir|Gardevoir, L50, F, shiny|100/100\n|-ability|p2b: Gardevoir|Lightning Rod|Trace|[from] ability: Trace|[of] p1a: Manectric\n|turn|7\n|\n|t:|1776272174\n|detailschange|p2b: Gardevoir|Gardevoir-Mega, L50, F, shiny\n|-mega|p2b: Gardevoir|Gardevoir|Gardevoirite\n|move|p1a: Manectric|Snarl|p2b: Gardevoir|[spread] p2a,p2b\n|-supereffective|p2a: Sinistcha|1\n|-damage|p2a: Sinistcha|62/100\n|-damage|p2b: Gardevoir|88/100\n|-unboost|p2a: Sinistcha|spa|1\n|-unboost|p2b: Gardevoir|spa|1\n|move|p2b: Gardevoir|Hyper Voice|p1a: Manectric\n|-damage|p1a: Manectric|0 fnt\n|faint|p1a: Manectric\n|\n|win|G3N13\n|raw|shieldar's rating: 1084 &rarr; <strong>1062</strong><br />(-22 for losing)\n|raw|G3N13's rating: 1095 &rarr; <strong>1120</strong><br />(+25 for winning)\n|l|\u2606shieldar\n|player|p1|\n|l|\u2606G3N13\n|player|p2|\n|j|\u2606G3N13\n|player|p2|G3N13|n|\n",
  "uploadtime": 1776272560,
  "views": 16,
  "formatid": "gen9championsvgc2026regma",
  "rating": 1062,
  "private": 0,
  "password": null
}