{
  "id": "gen9championsvgc2026regma-2582333040",
  "format": "[Gen 9 Champions] VGC 2026 Reg M-A",
  "players": [
    "UhhArashi",
    "Moremorexmas"
  ],
  "log": "|j|\u2606UhhArashi\n|j|\u2606Moremorexmas\n|t:|1776084144\n|gametype|doubles\n|player|p1|UhhArashi|266|1040\n|player|p2|Moremorexmas|harlequin|1011\n|gen|9\n|tier|[Gen 9 Champions] VGC 2026 Reg M-A\n|rated|\n|rule|Species Clause: Limit one of each Pok\u00e9mon\n|rule|Item Clause: Limit 1 of each item\n|clearpoke\n|poke|p1|Charizard, L50, F|\n|poke|p1|Whimsicott, L50, F|\n|poke|p1|Garchomp, L50, F|\n|poke|p1|Incineroar, L50, M|\n|poke|p1|Gallade, L50, M|\n|poke|p1|Kingambit, L50, F|\n|poke|p2|Meowstic, L50, M|\n|poke|p2|Gallade, L50, M|\n|poke|p2|Gardevoir, L50, F|\n|poke|p2|Farigiraf, L50, M|\n|poke|p2|Armarouge, L50, M|\n|poke|p2|Slowking-Galar, L50, F|\n|teampreview|4\n|\n|t:|1776084167\n|teamsize|p1|4\n|teamsize|p2|4\n|start\n|switch|p1a: Charizard|Charizard, L50, F|100/100\n|switch|p1b: Whimsicott|Whimsicott, L50, F|100/100\n|switch|p2a: Meowstic|Meowstic, L50, M|100/100\n|switch|p2b: Gallade|Gallade, L50, M|100/100\n|turn|1\n|\n|t:|1776084180\n|detailschange|p1a: Charizard|Charizard-Mega-Y, L50, F\n|-mega|p1a: Charizard|Charizard|Charizardite Y\n|-weather|SunnyDay|[from] ability: Drought|[of] p1a: Charizard\n|move|p2a: Meowstic|Psychic Terrain|p2a: Meowstic\n|-fieldstart|move: Psychic Terrain\n|move|p1b: Whimsicott|Encore|p2a: Meowstic\n|-activate|p2a: Meowstic|move: Psychic Terrain\n|move|p1a: Charizard|Heat Wave|p2a: Meowstic|[spread] p2a,p2b\n|-damage|p2a: Meowstic|27/100\n|-damage|p2b: Gallade|24/100\n|move|p2b: Gallade|Agility|p2b: Gallade\n|-boost|p2b: Gallade|spe|2\n|\n|-weather|SunnyDay|[upkeep]\n|upkeep\n|turn|2\n|\n|t:|1776084199\n|move|p2a: Meowstic|Helping Hand|p2b: Gallade\n|-singleturn|p2b: Gallade|Helping Hand|[of] p2a: Meowstic\n|move|p1b: Whimsicott|Tailwind|p1b: Whimsicott\n|-sidestart|p1: UhhArashi|move: Tailwind\n|move|p1a: Charizard|Heat Wave|p2b: Gallade|[spread] \n|-miss|p1a: Charizard|p2a: Meowstic\n|-miss|p1a: Charizard|p2b: Gallade\n|move|p2b: Gallade|Psycho Cut|p1a: Charizard\n|-crit|p1a: Charizard\n|-damage|p1a: Charizard|0 fnt\n|faint|p1a: Charizard\n|\n|-weather|SunnyDay|[upkeep]\n|upkeep\n|\n|t:|1776084213\n|switch|p1a: Kingambit|Kingambit, L50, F|100/100\n|turn|3\n|\n|t:|1776084219\n|switch|p1b: Incineroar|Incineroar, L50, M|100/100\n|-ability|p1b: Incineroar|Intimidate|boost\n|-unboost|p2a: Meowstic|atk|1\n|-unboost|p2b: Gallade|atk|1\n|-enditem|p2b: Gallade|White Herb\n|-clearnegativeboost|p2b: Gallade|[silent]\n|move|p2a: Meowstic|Helping Hand|p2b: Gallade\n|-singleturn|p2b: Gallade|Helping Hand|[of] p2a: Meowstic\n|move|p1a: Kingambit|Sucker Punch|p2b: Gallade\n|-activate|p2b: Gallade|move: Psychic Terrain\n|move|p2b: Gallade|Sacred Sword|p1a: Kingambit\n|-supereffective|p1a: Kingambit|2\n|-crit|p1a: Kingambit\n|-damage|p1a: Kingambit|0 fnt\n|faint|p1a: Kingambit\n|\n|-weather|SunnyDay|[upkeep]\n|upkeep\n|\n|t:|1776084234\n|switch|p1a: Whimsicott|Whimsicott, L50, F|100/100\n|turn|4\n|\n|t:|1776084252\n|move|p2a: Meowstic|Helping Hand|p2b: Gallade\n|-singleturn|p2b: Gallade|Helping Hand|[of] p2a: Meowstic\n|move|p1a: Whimsicott|Moonblast|p2a: Meowstic\n|-damage|p2a: Meowstic|0 fnt\n|faint|p2a: Meowstic\n|move|p2b: Gallade|Sacred Sword|p1b: Incineroar\n|-supereffective|p1b: Incineroar|1\n|-damage|p1b: Incineroar|0 fnt\n|faint|p1b: Incineroar\n|\n|-weather|SunnyDay|[upkeep]\n|upkeep\n|\n|t:|1776084262\n|switch|p2a: Gardevoir|Gardevoir, L50, F|100/100\n|turn|5\n|-message|UhhArashi forfeited.\n|\n|win|Moremorexmas\n|raw|UhhArashi's rating: 1040 &rarr; <strong>1023</strong><br />(-17 for losing)\n|raw|Moremorexmas's rating: 1011 &rarr; <strong>1053</strong><br />(+42 for winning)\n|l|\u2606UhhArashi\n|player|p1|\n",
  "uploadtime": 1776084318,
  "views": 14,
  "formatid": "gen9championsvgc2026regma",
  "rating": 1023,
  "private": 0,
  "password": null
}