{
  "id": "gen9championsvgc2026regma-2587840294",
  "format": "[Gen 9 Champions] VGC 2026 Reg M-A",
  "players": [
    "kid_the_phantom",
    "penledzuu"
  ],
  "log": "|j|\u2606kid_the_phantom\n|j|\u2606penledzuu\n|t:|1776569420\n|gametype|doubles\n|player|p1|kid_the_phantom|266|1099\n|player|p2|penledzuu|ninjaboy|1185\n|gen|9\n|tier|[Gen 9 Champions] VGC 2026 Reg M-A\n|rated|\n|rule|Species Clause: Limit one of each Pok\u00e9mon\n|rule|Item Clause: Limit 1 of each item\n|clearpoke\n|poke|p1|Gengar, L50, F|\n|poke|p1|Incineroar, L50, M|\n|poke|p1|Chesnaught, L50, F|\n|poke|p1|Rotom-Wash, L50|\n|poke|p1|Whimsicott, L50, M|\n|poke|p1|Kommo-o, L50, M|\n|poke|p2|Gengar, L50, M, shiny|\n|poke|p2|Gardevoir, L50, F|\n|poke|p2|Arcanine-Hisui, L50, M|\n|poke|p2|Charizard, L50, F, shiny|\n|poke|p2|Machamp, L50, M|\n|poke|p2|Sneasler, L50, F|\n|teampreview|4\n|inactive|Battle timer is ON: inactive players will automatically lose when time's up. (requested by penledzuu)\n|\n|t:|1776569438\n|teamsize|p1|4\n|teamsize|p2|4\n|start\n|switch|p1a: Gengar|Gengar, L50, F|100/100\n|switch|p1b: Incineroar|Incineroar, L50, M|100/100\n|switch|p2a: Gengar|Gengar, L50, M, shiny|100/100\n|switch|p2b: Sneasler|Sneasler, L50, F|100/100\n|-ability|p1b: Incineroar|Intimidate|boost\n|-unboost|p2a: Gengar|atk|1\n|-unboost|p2b: Sneasler|atk|1\n|-enditem|p2b: Sneasler|White Herb\n|-clearnegativeboost|p2b: Sneasler|[silent]\n|turn|1\n|inactive|kid_the_phantom has 30 seconds left.\n|\n|t:|1776569470\n|detailschange|p1a: Gengar|Gengar-Mega, L50, F\n|-mega|p1a: Gengar|Gengar|Gengarite\n|move|p2b: Sneasler|Fake Out|p1b: Incineroar\n|-damage|p1b: Incineroar|87/100\n|cant|p1b: Incineroar|flinch\n|move|p1a: Gengar|Icy Wind|p2a: Gengar|[spread] p2a,p2b\n|-damage|p2a: Gengar|71/100\n|-damage|p2b: Sneasler|76/100\n|-unboost|p2a: Gengar|spe|1\n|-unboost|p2b: Sneasler|spe|1\n|move|p2a: Gengar|Icy Wind|p1a: Gengar|[spread] p1a\n|-miss|p2a: Gengar|p1b: Incineroar\n|-damage|p1a: Gengar|81/100\n|-unboost|p1a: Gengar|spe|1\n|\n|upkeep\n|turn|2\n|inactive|kid_the_phantom has 30 seconds left.\n|\n|t:|1776569497\n|move|p2b: Sneasler|Acrobatics|p1a: Gengar\n|-damage|p1a: Gengar|18/100\n|move|p1a: Gengar|Shadow Ball|p2b: Sneasler\n|-damage|p2b: Sneasler|4/100\n|-unboost|p2b: Sneasler|spd|1\n|move|p2a: Gengar|Shadow Ball|p1a: Gengar\n|-supereffective|p1a: Gengar|1\n|-damage|p1a: Gengar|0 fnt\n|faint|p1a: Gengar\n|move|p1b: Incineroar|Darkest Lariat|p2a: Gengar\n|-supereffective|p2a: Gengar|1\n|-damage|p2a: Gengar|0 fnt\n|faint|p2a: Gengar\n|\n|upkeep\n|inactive|kid_the_phantom has 30 seconds left.\n|\n|t:|1776569524\n|switch|p1a: Rotom|Rotom-Wash, L50|100/100\n|switch|p2a: Charizard|Charizard, L50, F, shiny|100/100\n|turn|3\n|inactive|penledzuu has 30 seconds left.\n|\n|t:|1776569549\n|move|p2a: Charizard|Protect|p2a: Charizard\n|-singleturn|p2a: Charizard|Protect\n|move|p2b: Sneasler|Dire Claw|p1a: Rotom\n|-damage|p1a: Rotom|55/100\n|move|p1a: Rotom|Eerie Impulse|p2a: Charizard\n|-activate|p2a: Charizard|move: Protect\n|move|p1b: Incineroar|Parting Shot|p2a: Charizard\n|-activate|p2a: Charizard|move: Protect\n|\n|upkeep\n|turn|4\n|\n|t:|1776569567\n|detailschange|p2a: Charizard|Charizard-Mega-Y, L50, F, shiny\n|-mega|p2a: Charizard|Charizard|Charizardite Y\n|-weather|SunnyDay|[from] ability: Drought|[of] p2a: Charizard\n|move|p2b: Sneasler|Close Combat|p1a: Rotom\n|-damage|p1a: Rotom|0 fnt\n|-unboost|p2b: Sneasler|def|1\n|-unboost|p2b: Sneasler|spd|1\n|faint|p1a: Rotom\n|move|p2a: Charizard|Heat Wave|p1b: Incineroar\n|-resisted|p1b: Incineroar|1\n|-damage|p1b: Incineroar|51/100\n|move|p1b: Incineroar|Parting Shot|p2a: Charizard\n|-unboost|p2a: Charizard|atk|1\n|-unboost|p2a: Charizard|spa|1\n|\n|t:|1776569580\n|switch|p1b: Kommo-o|Kommo-o, L50, M|100/100|[from] Parting Shot\n|\n|-weather|SunnyDay|[upkeep]\n|upkeep\n|\n|t:|1776569586\n|switch|p1a: Incineroar|Incineroar, L50, M|51/100\n|-ability|p1a: Incineroar|Intimidate|boost\n|-unboost|p2a: Charizard|atk|1\n|-unboost|p2b: Sneasler|atk|1\n|turn|5\n|\n|t:|1776569603\n|move|p1a: Incineroar|Fake Out|p2a: Charizard\n|-damage|p2a: Charizard|87/100\n|move|p2b: Sneasler|Acrobatics|p1b: Kommo-o\n|-supereffective|p1b: Kommo-o|1\n|-damage|p1b: Kommo-o|51/100\n|move|p1b: Kommo-o|Clangorous Soul|p1b: Kommo-o\n|-boost|p1b: Kommo-o|atk|1\n|-boost|p1b: Kommo-o|def|1\n|-boost|p1b: Kommo-o|spa|1\n|-boost|p1b: Kommo-o|spd|1\n|-boost|p1b: Kommo-o|spe|1\n|-damage|p1b: Kommo-o|18/100\n|cant|p2a: Charizard|flinch\n|\n|-weather|SunnyDay|[upkeep]\n|-heal|p1b: Kommo-o|25/100|[from] item: Leftovers\n|upkeep\n|turn|6\n|inactive|kid_the_phantom has 30 seconds left.\n|inactive|penledzuu has 30 seconds left.\n|\n|t:|1776569632\n|switch|p2b: Gardevoir|Gardevoir, L50, F|100/100\n|-ability|p2b: Gardevoir|Soundproof|Trace|[from] ability: Trace|[of] p1b: Kommo-o\n|move|p1b: Kommo-o|Protect|p1b: Kommo-o\n|-singleturn|p1b: Kommo-o|Protect\n|move|p2a: Charizard|Protect|p2a: Charizard\n|-singleturn|p2a: Charizard|Protect\n|move|p1a: Incineroar|Darkest Lariat|p2a: Charizard\n|-activate|p2a: Charizard|move: Protect\n|\n|-weather|SunnyDay|[upkeep]\n|-heal|p1b: Kommo-o|31/100|[from] item: Leftovers\n|upkeep\n|turn|7\n|\n|t:|1776569650\n|move|p1b: Kommo-o|Clanging Scales|p2b: Gardevoir|[spread] p2a\n|-immune|p2b: Gardevoir|[from] ability: Soundproof\n|-damage|p2a: Charizard|46/100\n|-unboost|p1b: Kommo-o|def|1\n|move|p2b: Gardevoir|Moonblast|p1b: Kommo-o\n|-supereffective|p1b: Kommo-o|2\n|-damage|p1b: Kommo-o|0 fnt\n|faint|p1b: Kommo-o\n|move|p2a: Charizard|Air Slash|p1a: Incineroar\n|-damage|p1a: Incineroar|23/100\n|move|p1a: Incineroar|Flare Blitz|p2b: Gardevoir\n|-damage|p2b: Gardevoir|0 fnt\n|faint|p2b: Gardevoir\n|-damage|p1a: Incineroar|0 fnt|[from] Recoil\n|faint|p1a: Incineroar\n|\n|win|penledzuu\n|raw|kid_the_phantom's rating: 1099 &rarr; <strong>1080</strong><br />(-19 for losing)\n|raw|penledzuu's rating: 1185 &rarr; <strong>1204</strong><br />(+19 for winning)\n|l|\u2606kid_the_phantom\n|player|p1|\n",
  "uploadtime": 1776569664,
  "views": 7,
  "formatid": "gen9championsvgc2026regma",
  "rating": 1080,
  "private": 0,
  "password": null
}