{
  "id": "gen9championsvgc2026regma-2580907443",
  "format": "[Gen 9 Champions] VGC 2026 Reg M-A",
  "players": [
    "SupernovaSZ8",
    "jimmythunder"
  ],
  "log": "|j|\u2606SupernovaSZ8\n|j|\u2606jimmythunder\n|t:|1775942326\n|gametype|doubles\n|player|p1|SupernovaSZ8|canari|1147\n|player|p2|jimmythunder|gentleman-gen4|1170\n|gen|9\n|tier|[Gen 9 Champions] VGC 2026 Reg M-A\n|rated|\n|rule|Species Clause: Limit one of each Pok\u00e9mon\n|rule|Item Clause: Limit 1 of each item\n|clearpoke\n|poke|p1|Talonflame, L50, F|\n|poke|p1|Floette-Eternal, L50, F|\n|poke|p1|Basculegion, L50, M|\n|poke|p1|Incineroar, L50, M|\n|poke|p1|Sinistcha, L50|\n|poke|p1|Garchomp, L50, M|\n|poke|p2|Starmie, L50|\n|poke|p2|Pelipper, L50, M|\n|poke|p2|Archaludon, L50, F|\n|poke|p2|Farigiraf, L50, M|\n|poke|p2|Sableye, L50, F|\n|poke|p2|Sylveon, L50, M|\n|teampreview|4\n|\n|t:|1775942359\n|teamsize|p1|4\n|teamsize|p2|4\n|start\n|switch|p1a: Talonflame|Talonflame, L50, F|100/100\n|switch|p1b: Floette|Floette-Eternal, L50, F|100/100\n|switch|p2a: Starmie|Starmie, L50|100/100\n|switch|p2b: Sableye|Sableye, L50, F|100/100\n|turn|1\n|\n|t:|1775942372\n|switch|p1b: Incineroar|Incineroar, L50, M|100/100\n|-ability|p1b: Incineroar|Intimidate|boost\n|-unboost|p2a: Starmie|atk|1\n|-unboost|p2b: Sableye|atk|1\n|move|p2a: Starmie|Protect|p2a: Starmie\n|-singleturn|p2a: Starmie|Protect\n|move|p1a: Talonflame|Tailwind|p1a: Talonflame\n|-sidestart|p1: SupernovaSZ8|move: Tailwind\n|move|p2b: Sableye|Light Screen|p2b: Sableye\n|-sidestart|p2: jimmythunder|move: Light Screen\n|\n|upkeep\n|turn|2\n|\n|t:|1775942389\n|switch|p2a: Archaludon|Archaludon, L50, F|100/100\n|move|p1a: Talonflame|Dual Wingbeat|p2b: Sableye\n|-damage|p2b: Sableye|73/100\n|-damage|p2b: Sableye|44/100\n|-hitcount|p2b: Sableye|2\n|move|p2b: Sableye|Reflect|p2b: Sableye\n|-sidestart|p2: jimmythunder|Reflect\n|move|p1b: Incineroar|Darkest Lariat|p2a: Archaludon\n|-damage|p2a: Archaludon|83/100\n|-ability|p2a: Archaludon|Stamina|boost\n|-boost|p2a: Archaludon|def|1\n|\n|-heal|p2b: Sableye|50/100|[from] item: Leftovers\n|upkeep\n|turn|3\n|\n|t:|1775942409\n|move|p1a: Talonflame|Dual Wingbeat|p2b: Sableye\n|-damage|p2b: Sableye|32/100\n|-damage|p2b: Sableye|13/100\n|-hitcount|p2b: Sableye|2\n|move|p2b: Sableye|Rain Dance|p2b: Sableye\n|-weather|RainDance\n|move|p1b: Incineroar|Parting Shot|p2a: Archaludon\n|-unboost|p2a: Archaludon|atk|1\n|-unboost|p2a: Archaludon|spa|1\n|\n|t:|1775942416\n|switch|p1b: Floette|Floette-Eternal, L50, F|100/100|[from] Parting Shot\n|move|p2a: Archaludon|Electro Shot||[still]\n|-prepare|p2a: Archaludon|Electro Shot\n|-boost|p2a: Archaludon|spa|1\n|-anim|p2a: Archaludon|Electro Shot|p1a: Talonflame\n|-supereffective|p1a: Talonflame|1\n|-damage|p1a: Talonflame|0 fnt\n|faint|p1a: Talonflame\n|\n|-weather|RainDance|[upkeep]\n|-heal|p2b: Sableye|18/100|[from] item: Leftovers\n|upkeep\n|\n|t:|1775942424\n|switch|p1a: Basculegion|Basculegion, L50, M, shiny|100/100\n|turn|4\n|\n|t:|1775942434\n|detailschange|p1b: Floette|Floette-Mega, L50, F\n|-mega|p1b: Floette|Floette|Floettite\n|-ability|p1b: Floette|Fairy Aura\n|move|p2b: Sableye|Thunder Wave|p1b: Floette\n|-status|p1b: Floette|par\n|move|p1a: Basculegion|Last Respects|p2b: Sableye\n|-damage|p2b: Sableye|0 fnt\n|faint|p2b: Sableye\n|move|p1b: Floette|Light of Ruin|p2a: Archaludon\n|-damage|p2a: Archaludon|0 fnt\n|faint|p2a: Archaludon\n|-damage|p1b: Floette|46/100 par|[from] Recoil\n|\n|-weather|RainDance|[upkeep]\n|-sideend|p1: SupernovaSZ8|move: Tailwind\n|upkeep\n|\n|t:|1775942448\n|switch|p2a: Starmie|Starmie, L50|100/100\n|switch|p2b: Farigiraf|Farigiraf, L50, M|100/100\n|turn|5\n|\n|t:|1775942466\n|detailschange|p2a: Starmie|Starmie-Mega, L50\n|-mega|p2a: Starmie|Starmie|Starminite\n|move|p2a: Starmie|Zen Headbutt|p1a: Basculegion\n|-damage|p1a: Basculegion|9/100\n|move|p1a: Basculegion|Last Respects|p2a: Starmie\n|-supereffective|p2a: Starmie|1\n|-damage|p2a: Starmie|0 fnt\n|faint|p2a: Starmie\n|move|p2b: Farigiraf|Psychic|p1b: Floette\n|-damage|p1b: Floette|12/100 par\n|move|p1b: Floette|Light of Ruin|p2b: Farigiraf|[miss]\n|-miss|p1b: Floette|p2b: Farigiraf\n|\n|-weather|RainDance|[upkeep]\n|-sideend|p2: jimmythunder|move: Light Screen\n|upkeep\n|turn|6\n|\n|t:|1775942480\n|move|p1a: Basculegion|Liquidation|p2b: Farigiraf\n|-damage|p2b: Farigiraf|35/100\n|move|p2b: Farigiraf|Psychic|p1a: Basculegion\n|-damage|p1a: Basculegion|0 fnt\n|faint|p1a: Basculegion\n|move|p1b: Floette|Light of Ruin|p2b: Farigiraf\n|-damage|p2b: Farigiraf|0 fnt\n|faint|p2b: Farigiraf\n|-damage|p1b: Floette|0 fnt|[from] Recoil\n|faint|p1b: Floette\n|\n|win|SupernovaSZ8\n|raw|SupernovaSZ8's rating: 1147 &rarr; <strong>1174</strong><br />(+27 for winning)\n|raw|jimmythunder's rating: 1170 &rarr; <strong>1143</strong><br />(-27 for losing)\n|l|\u2606jimmythunder\n|player|p2|\n",
  "uploadtime": 1775942497,
  "views": 20,
  "formatid": "gen9championsvgc2026regma",
  "rating": 1143,
  "private": 0,
  "password": null
}