{
  "id": "gen9championsvgc2026regma-2586387083",
  "format": "[Gen 9 Champions] VGC 2026 Reg M-A",
  "players": [
    "lomik02",
    "Fijiwater301"
  ],
  "log": "|j|\u2606lomik02\n|j|\u2606Fijiwater301\n|t:|1776430953\n|gametype|doubles\n|player|p1|lomik02|170|1109\n|player|p2|Fijiwater301|102|1051\n|gen|9\n|tier|[Gen 9 Champions] VGC 2026 Reg M-A\n|rated|\n|rule|Species Clause: Limit one of each Pok\u00e9mon\n|rule|Item Clause: Limit 1 of each item\n|clearpoke\n|poke|p1|Froslass, L50, F|\n|poke|p1|Sneasler, L50, F|\n|poke|p1|Aerodactyl, L50, M|\n|poke|p1|Glaceon, L50, M|\n|poke|p1|Volcarona, L50, F|\n|poke|p1|Garchomp, L50, F|\n|poke|p2|Corviknight, L50, F|\n|poke|p2|Tyranitar, L50, F|\n|poke|p2|Hydreigon, L50, M|\n|poke|p2|Orthworm, L50, F|\n|poke|p2|Armarouge, L50, M|\n|poke|p2|Whimsicott, L50, F|\n|teampreview|4\n|\n|t:|1776431009\n|teamsize|p1|4\n|teamsize|p2|4\n|start\n|switch|p1a: Froslass|Froslass, L50, F, shiny|100/100\n|switch|p1b: Sneasler|Sneasler, L50, F|100/100\n|switch|p2a: Tyranitar|Tyranitar, L50, F|100/100\n|switch|p2b: Orthworm|Orthworm, L50, F|100/100\n|-weather|Sandstorm|[from] ability: Sand Stream|[of] p2a: Tyranitar\n|turn|1\n|inactive|Battle timer is ON: inactive players will automatically lose when time's up. (requested by Fijiwater301)\n|inactive|lomik02 has 60 seconds left.\n|inactive|Fijiwater301 has 60 seconds left.\n|\n|t:|1776431056\n|detailschange|p1a: Froslass|Froslass-Mega, L50, F, shiny\n|-mega|p1a: Froslass|Froslass|Froslassite\n|-weather|Snowscape|[from] ability: Snow Warning|[of] p1a: Froslass\n|move|p2a: Tyranitar|Protect|p2a: Tyranitar\n|-singleturn|p2a: Tyranitar|Protect\n|move|p1b: Sneasler|Fake Out|p2b: Orthworm\n|-resisted|p2b: Orthworm|1\n|-damage|p2b: Orthworm|96/100\n|move|p1a: Froslass|Blizzard|p2a: Tyranitar|[spread] p2b\n|-activate|p2a: Tyranitar|move: Protect\n|-resisted|p2b: Orthworm|1\n|-damage|p2b: Orthworm|54/100\n|-status|p2b: Orthworm|frz\n|-curestatus|p2b: Orthworm|frz|[msg]\n|cant|p2b: Orthworm|flinch\n|\n|-weather|Snowscape|[upkeep]\n|upkeep\n|turn|2\n|inactive|Fijiwater301 has 30 seconds left.\n|\n|t:|1776431081\n|move|p1a: Froslass|Protect|p1a: Froslass\n|-singleturn|p1a: Froslass|Protect\n|move|p1b: Sneasler|Close Combat|p2a: Tyranitar\n|-supereffective|p2a: Tyranitar|2\n|-damage|p2a: Tyranitar|0 fnt\n|-unboost|p1b: Sneasler|def|1\n|-unboost|p1b: Sneasler|spd|1\n|faint|p2a: Tyranitar\n|-enditem|p1b: Sneasler|White Herb\n|-clearnegativeboost|p1b: Sneasler|[silent]\n|move|p2b: Orthworm|Shed Tail|p2b: Orthworm\n|-start|p2b: Orthworm|Substitute|[from] move: Shed Tail\n|-damage|p2b: Orthworm|3/100\n|-enditem|p2b: Orthworm|Sitrus Berry|[eat]\n|-heal|p2b: Orthworm|28/100|[from] item: Sitrus Berry\n|\n|t:|1776431087\n|switch|p2b: Corviknight|Corviknight, L50, F|100/100|[from] Shed Tail\n|\n|-weather|Snowscape|[upkeep]\n|upkeep\n|\n|t:|1776431088\n|switch|p2a: Hydreigon|Hydreigon, L50, M|100/100\n|turn|3\n|inactive|lomik02 has 30 seconds left.\n|\n|t:|1776431117\n|switch|p1b: Aerodactyl|Aerodactyl, L50, M|100/100\n|-ability|p1b: Aerodactyl|Unnerve\n|move|p1a: Froslass|Blizzard|p2a: Hydreigon|[spread] p2a,p2b\n|-end|p2b: Corviknight|Substitute\n|-supereffective|p2a: Hydreigon|1\n|-enditem|p2a: Hydreigon|Focus Sash\n|-damage|p2a: Hydreigon|1/100\n|move|p2a: Hydreigon|Dark Pulse|p1a: Froslass\n|-supereffective|p1a: Froslass|1\n|-damage|p1a: Froslass|0 fnt\n|faint|p1a: Froslass\n|move|p2b: Corviknight|Iron Defense|p2b: Corviknight\n|-boost|p2b: Corviknight|def|2\n|\n|-weather|Snowscape|[upkeep]\n|upkeep\n|\n|t:|1776431140\n|switch|p1a: Sneasler|Sneasler, L50, F|100/100\n|turn|4\n|\n|t:|1776431160\n|move|p2a: Hydreigon|Protect|p2a: Hydreigon\n|-singleturn|p2a: Hydreigon|Protect\n|move|p1a: Sneasler|Fake Out|p2b: Corviknight\n|-resisted|p2b: Corviknight|1\n|-damage|p2b: Corviknight|98/100\n|move|p1b: Aerodactyl|Rock Slide|p2b: Corviknight|[spread] p2b\n|-activate|p2a: Hydreigon|move: Protect\n|-damage|p2b: Corviknight|90/100\n|cant|p2b: Corviknight|flinch\n|\n|-weather|Snowscape|[upkeep]\n|-heal|p2b: Corviknight|96/100|[from] item: Leftovers\n|upkeep\n|turn|5\n|inactive|lomik02 has 30 seconds left.\n|inactive|Fijiwater301 has 30 seconds left.\n|\n|t:|1776431192\n|switch|p1a: Garchomp|Garchomp, L50, F, shiny|100/100\n|move|p1b: Aerodactyl|Tailwind|p1b: Aerodactyl\n|-sidestart|p1: lomik02|move: Tailwind\n|move|p2a: Hydreigon|Draco Meteor|p1b: Aerodactyl|[miss]\n|-miss|p2a: Hydreigon|p1b: Aerodactyl\n|move|p2b: Corviknight|Iron Defense|p2b: Corviknight\n|-boost|p2b: Corviknight|def|2\n|\n|-weather|none\n|-heal|p2b: Corviknight|100/100|[from] item: Leftovers\n|upkeep\n|turn|6\n|\n|t:|1776431213\n|move|p1b: Aerodactyl|Rock Slide|p2a: Hydreigon|[spread] p2b\n|-miss|p1b: Aerodactyl|p2a: Hydreigon\n|-damage|p2b: Corviknight|95/100\n|move|p1a: Garchomp|Rock Slide|p2a: Hydreigon|[spread] p2a,p2b\n|-damage|p2a: Hydreigon|0 fnt\n|-damage|p2b: Corviknight|90/100\n|faint|p2a: Hydreigon\n|move|p2b: Corviknight|Iron Defense|p2b: Corviknight\n|-boost|p2b: Corviknight|def|2\n|\n|-heal|p2b: Corviknight|96/100|[from] item: Leftovers\n|upkeep\n|\n|t:|1776431227\n|switch|p2a: Orthworm|Orthworm, L50, F|28/100\n|turn|7\n|\n|t:|1776431242\n|move|p2a: Orthworm|Helping Hand|p2b: Corviknight\n|-singleturn|p2b: Corviknight|Helping Hand|[of] p2a: Orthworm\n|move|p1b: Aerodactyl|Rock Slide|p2a: Orthworm|[spread] p2a,p2b\n|-resisted|p2a: Orthworm|1\n|-damage|p2a: Orthworm|20/100\n|-damage|p2b: Corviknight|92/100\n|move|p1a: Garchomp|Rock Slide|p2a: Orthworm|[spread] p2a,p2b\n|-resisted|p2a: Orthworm|1\n|-damage|p2a: Orthworm|13/100\n|-damage|p2b: Corviknight|89/100\n|cant|p2b: Corviknight|flinch\n|\n|-heal|p2b: Corviknight|95/100|[from] item: Leftovers\n|upkeep\n|turn|8\n|inactive|Fijiwater301 has 30 seconds left.\n|inactive|Fijiwater301 has 20 seconds left.\n|inactive|Fijiwater301 has 15 seconds left.\n|\n|t:|1776431283\n|move|p2a: Orthworm|Helping Hand|p2b: Corviknight\n|-singleturn|p2b: Corviknight|Helping Hand|[of] p2a: Orthworm\n|move|p1b: Aerodactyl|Dual Wingbeat|p2a: Orthworm\n|-resisted|p2a: Orthworm|1\n|-damage|p2a: Orthworm|8/100\n|-resisted|p2a: Orthworm|1\n|-damage|p2a: Orthworm|2/100\n|-hitcount|p2a: Orthworm|2\n|move|p1a: Garchomp|Rock Slide|p2b: Corviknight|[spread] p2a,p2b\n|-resisted|p2a: Orthworm|1\n|-crit|p2a: Orthworm\n|-damage|p2a: Orthworm|0 fnt\n|-damage|p2b: Corviknight|92/100\n|faint|p2a: Orthworm\n|cant|p2b: Corviknight|flinch\n|\n|-heal|p2b: Corviknight|98/100|[from] item: Leftovers\n|-sideend|p1: lomik02|move: Tailwind\n|upkeep\n|turn|9\n|\n|t:|1776431308\n|move|p1a: Garchomp|Protect|p1a: Garchomp\n|-singleturn|p1a: Garchomp|Protect\n|move|p1b: Aerodactyl|Tailwind|p1b: Aerodactyl\n|-sidestart|p1: lomik02|move: Tailwind\n|move|p2b: Corviknight|Body Press|p1a: Garchomp\n|-activate|p1a: Garchomp|move: Protect\n|\n|-heal|p2b: Corviknight|100/100|[from] item: Leftovers\n|upkeep\n|turn|10\n|\n|t:|1776431321\n|switch|p1b: Sneasler|Sneasler, L50, F|100/100\n|move|p1a: Garchomp|Rock Slide|p2b: Corviknight\n|-damage|p2b: Corviknight|96/100\n|move|p2b: Corviknight|Body Press|p1a: Garchomp\n|-damage|p1a: Garchomp|0 fnt\n|-damage|p2b: Corviknight|84/100|[from] ability: Rough Skin|[of] p1a: Garchomp\n|faint|p1a: Garchomp\n|\n|-heal|p2b: Corviknight|90/100|[from] item: Leftovers\n|upkeep\n|\n|t:|1776431329\n|switch|p1a: Aerodactyl|Aerodactyl, L50, M|100/100\n|-ability|p1a: Aerodactyl|Unnerve\n|turn|11\n|inactive|Fijiwater301 has 30 seconds left.\n|\n|t:|1776431358\n|move|p1b: Sneasler|Fake Out|p2b: Corviknight\n|-resisted|p2b: Corviknight|1\n|-damage|p2b: Corviknight|88/100\n|move|p1a: Aerodactyl|Dual Wingbeat|p2b: Corviknight\n|-resisted|p2b: Corviknight|1\n|-damage|p2b: Corviknight|87/100\n|-resisted|p2b: Corviknight|1\n|-damage|p2b: Corviknight|85/100\n|-hitcount|p2b: Corviknight|2\n|cant|p2b: Corviknight|flinch\n|\n|-heal|p2b: Corviknight|91/100|[from] item: Leftovers\n|upkeep\n|turn|12\n|\n|t:|1776431373\n|move|p1a: Aerodactyl|Rock Slide|p2b: Corviknight\n|-damage|p2b: Corviknight|85/100\n|move|p1b: Sneasler|Close Combat|p2b: Corviknight\n|-damage|p2b: Corviknight|74/100\n|-unboost|p1b: Sneasler|def|1\n|-unboost|p1b: Sneasler|spd|1\n|move|p2b: Corviknight|Body Press|p1a: Aerodactyl\n|-enditem|p1a: Aerodactyl|Focus Sash\n|-damage|p1a: Aerodactyl|1/100\n|\n|-heal|p2b: Corviknight|80/100|[from] item: Leftovers\n|-sideend|p1: lomik02|move: Tailwind\n|upkeep\n|turn|13\n|\n|t:|1776431394\n|move|p1a: Aerodactyl|Rock Slide|p2b: Corviknight\n|-crit|p2b: Corviknight\n|-damage|p2b: Corviknight|47/100\n|move|p1b: Sneasler|Close Combat|p2b: Corviknight\n|-damage|p2b: Corviknight|36/100\n|-unboost|p1b: Sneasler|def|1\n|-unboost|p1b: Sneasler|spd|1\n|move|p2b: Corviknight|Body Press|p1b: Sneasler\n|-resisted|p1b: Sneasler|1\n|-damage|p1b: Sneasler|0 fnt\n|faint|p1b: Sneasler\n|\n|-heal|p2b: Corviknight|42/100|[from] item: Leftovers\n|upkeep\n|turn|14\n|\n|t:|1776431408\n|move|p1a: Aerodactyl|Rock Slide|p2b: Corviknight\n|-damage|p2b: Corviknight|36/100\n|move|p2b: Corviknight|Roost|p2b: Corviknight\n|-heal|p2b: Corviknight|86/100\n|-singleturn|p2b: Corviknight|move: Roost\n|\n|-heal|p2b: Corviknight|92/100|[from] item: Leftovers\n|upkeep\n|turn|15\n|c|\u2606Fijiwater301|Lmao\n|\n|t:|1776431426\n|move|p1a: Aerodactyl|Rock Slide|p2b: Corviknight|[miss]\n|-miss|p1a: Aerodactyl|p2b: Corviknight\n|move|p2b: Corviknight|Iron Head|p1a: Aerodactyl\n|-supereffective|p1a: Aerodactyl|1\n|-damage|p1a: Aerodactyl|0 fnt\n|faint|p1a: Aerodactyl\n|\n|win|Fijiwater301\n|raw|lomik02's rating: 1109 &rarr; <strong>1080</strong><br />(-29 for losing)\n|raw|Fijiwater301's rating: 1051 &rarr; <strong>1089</strong><br />(+38 for winning)\n|l|\u2606lomik02\n|player|p1|\n",
  "uploadtime": 1776431471,
  "views": 27,
  "formatid": "gen9championsvgc2026regma",
  "rating": 1080,
  "private": 0,
  "password": null
}