{
  "id": "gen9championsvgc2026regma-2586504830",
  "format": "[Gen 9 Champions] VGC 2026 Reg M-A",
  "players": [
    "Azreal29",
    "EnigmaticRei"
  ],
  "log": "|j|\u2606Azreal29\n|j|\u2606EnigmaticRei\n|t:|1776439259\n|gametype|doubles\n|player|p1|Azreal29|unknown|1142\n|player|p2|EnigmaticRei|candice|1060\n|gen|9\n|tier|[Gen 9 Champions] VGC 2026 Reg M-A\n|rated|\n|rule|Species Clause: Limit one of each Pok\u00e9mon\n|rule|Item Clause: Limit 1 of each item\n|clearpoke\n|poke|p1|Scovillain, L50, F|\n|poke|p1|Garchomp, L50, M|\n|poke|p1|Sinistcha, L50|\n|poke|p1|Aerodactyl, L50, F|\n|poke|p1|Sneasler, L50, F|\n|poke|p1|Primarina, L50, M|\n|poke|p2|Froslass, L50, F|\n|poke|p2|Avalugg, L50, M|\n|poke|p2|Corviknight, L50, F|\n|poke|p2|Vanilluxe, L50, M|\n|poke|p2|Drampa, L50, M|\n|poke|p2|Clawitzer, L50, M|\n|teampreview|4\n|inactive|Battle timer is ON: inactive players will automatically lose when time's up. (requested by Azreal29)\n|\n|t:|1776439282\n|teamsize|p1|4\n|teamsize|p2|4\n|start\n|switch|p1a: Kusakabe|Scovillain, L50, F|100/100\n|switch|p1b: Dagon|Primarina, L50, M|100/100\n|switch|p2a: Froslass|Froslass, L50, F|100/100\n|switch|p2b: Avalugg|Avalugg, L50, M|100/100\n|turn|1\n|\n|t:|1776439297\n|detailschange|p2a: Froslass|Froslass-Mega, L50, F\n|-mega|p2a: Froslass|Froslass|Froslassite\n|-weather|Snowscape|[from] ability: Snow Warning|[of] p2a: Froslass\n|detailschange|p1a: Kusakabe|Scovillain-Mega, L50, F\n|-mega|p1a: Kusakabe|Scovillain|Scovillainite\n|move|p2a: Froslass|Blizzard|p1a: Kusakabe|[spread] p1a,p1b\n|-resisted|p1b: Dagon|1\n|-damage|p1a: Kusakabe|49/100\n|-damage|p1b: Dagon|78/100\n|-status|p1a: Kusakabe|frz\n|-status|p2a: Froslass|brn|[from] ability: Spicy Spray|[of] p1a: Kusakabe\n|cant|p1a: Kusakabe|frz\n|move|p1b: Dagon|Calm Mind|p1b: Dagon\n|-boost|p1b: Dagon|spa|1\n|-boost|p1b: Dagon|spd|1\n|move|p2b: Avalugg|Aurora Veil|p2b: Avalugg\n|-sidestart|p2: EnigmaticRei|move: Aurora Veil\n|\n|-weather|Snowscape|[upkeep]\n|-heal|p1b: Dagon|85/100|[from] item: Leftovers\n|-damage|p2a: Froslass|94/100 brn|[from] brn\n|upkeep\n|turn|2\n|inactive|Azreal29 has 30 seconds left.\n|inactive|EnigmaticRei has 30 seconds left.\n|\n|t:|1776439326\n|-curestatus|p1a: Kusakabe|frz|[msg]\n|move|p1a: Kusakabe|Protect|p1a: Kusakabe\n|-singleturn|p1a: Kusakabe|Protect\n|move|p2a: Froslass|Will-O-Wisp|p1b: Dagon\n|-status|p1b: Dagon|brn\n|move|p1b: Dagon|Calm Mind|p1b: Dagon\n|-boost|p1b: Dagon|spa|1\n|-boost|p1b: Dagon|spd|1\n|move|p2b: Avalugg|Avalanche|p1a: Kusakabe\n|-activate|p1a: Kusakabe|move: Protect\n|\n|-weather|Snowscape|[upkeep]\n|-heal|p1b: Dagon|91/100 brn|[from] item: Leftovers\n|-damage|p2a: Froslass|88/100 brn|[from] brn\n|-damage|p1b: Dagon|85/100 brn|[from] brn\n|upkeep\n|turn|3\n|\n|t:|1776439349\n|move|p2a: Froslass|Hex|p1b: Dagon\n|-damage|p1b: Dagon|54/100 brn\n|move|p1b: Dagon|Hyper Voice|p2a: Froslass|[spread] p2a,p2b\n|-damage|p2a: Froslass|27/100 brn\n|-damage|p2b: Avalugg|24/100\n|move|p1a: Kusakabe|Leech Seed|p2b: Avalugg\n|-start|p2b: Avalugg|move: Leech Seed\n|move|p2b: Avalugg|Avalanche|p1a: Kusakabe\n|-damage|p1a: Kusakabe|23/100\n|-status|p2b: Avalugg|brn|[from] ability: Spicy Spray|[of] p1a: Kusakabe\n|\n|-weather|Snowscape|[upkeep]\n|-heal|p2b: Avalugg|30/100 brn|[from] ability: Ice Body\n|-heal|p1b: Dagon|60/100 brn|[from] item: Leftovers\n|-damage|p2b: Avalugg|17/100 brn|[from] Leech Seed|[of] p1a: Kusakabe\n|-heal|p1a: Kusakabe|37/100|[silent]\n|-damage|p2a: Froslass|21/100 brn|[from] brn\n|-damage|p1b: Dagon|54/100 brn|[from] brn\n|-damage|p2b: Avalugg|11/100 brn|[from] brn\n|upkeep\n|turn|4\n|\n|t:|1776439373\n|move|p1a: Kusakabe|Rage Powder|p1a: Kusakabe\n|-singleturn|p1a: Kusakabe|move: Rage Powder\n|move|p2a: Froslass|Blizzard|p1b: Dagon|[spread] p1a,p1b\n|-resisted|p1b: Dagon|1\n|-damage|p1a: Kusakabe|0 fnt\n|-damage|p1b: Dagon|45/100 brn\n|faint|p1a: Kusakabe\n|move|p1b: Dagon|Hyper Voice|p2b: Avalugg|[spread] p2a,p2b\n|-damage|p2a: Froslass|0 fnt\n|-damage|p2b: Avalugg|0 fnt\n|faint|p2a: Froslass\n|faint|p2b: Avalugg\n|\n|-weather|Snowscape|[upkeep]\n|-heal|p1b: Dagon|51/100 brn|[from] item: Leftovers\n|-damage|p1b: Dagon|45/100 brn|[from] brn\n|upkeep\n|\n|t:|1776439389\n|switch|p2a: Corviknight|Corviknight, L50, F|100/100\n|switch|p1a: Maki|Sneasler, L50, F, shiny|100/100\n|switch|p2b: Vanilluxe|Vanilluxe, L50, M|100/100\n|turn|5\n|\n|t:|1776439405\n|move|p1a: Maki|Protect|p1a: Maki\n|-singleturn|p1a: Maki|Protect\n|move|p1b: Dagon|Protect|p1b: Dagon\n|-singleturn|p1b: Dagon|Protect\n|move|p2b: Vanilluxe|Iron Defense|p2b: Vanilluxe\n|-boost|p2b: Vanilluxe|def|2\n|move|p2a: Corviknight|Iron Head|p1b: Dagon\n|-activate|p1b: Dagon|move: Protect\n|\n|-weather|none\n|-heal|p1b: Dagon|51/100 brn|[from] item: Leftovers\n|-damage|p1b: Dagon|45/100 brn|[from] brn\n|-sideend|p2: EnigmaticRei|move: Aurora Veil\n|upkeep\n|turn|6\n|\n|t:|1776439424\n|move|p1a: Maki|Close Combat|p2b: Vanilluxe\n|-supereffective|p2b: Vanilluxe|1\n|-damage|p2b: Vanilluxe|24/100\n|-unboost|p1a: Maki|def|1\n|-unboost|p1a: Maki|spd|1\n|-ability|p2b: Vanilluxe|Weak Armor|boost\n|-unboost|p2b: Vanilluxe|def|1\n|-boost|p2b: Vanilluxe|spe|2\n|-enditem|p2b: Vanilluxe|Sitrus Berry|[eat]\n|-heal|p2b: Vanilluxe|49/100|[from] item: Sitrus Berry\n|-enditem|p1a: Maki|White Herb\n|-clearnegativeboost|p1a: Maki|[silent]\n|move|p2b: Vanilluxe|Blizzard|p1a: Maki|[spread] p1a,p1b\n|-resisted|p1b: Dagon|1\n|-damage|p1a: Maki|45/100\n|-damage|p1b: Dagon|36/100 brn\n|-status|p1a: Maki|frz\n|move|p1b: Dagon|Hyper Voice|p2b: Vanilluxe|[spread] p2a,p2b\n|-damage|p2a: Corviknight|36/100\n|-damage|p2b: Vanilluxe|0 fnt\n|faint|p2b: Vanilluxe\n|move|p2a: Corviknight|Iron Head|p1b: Dagon\n|-damage|p1b: Dagon|2/100 brn\n|\n|-heal|p1b: Dagon|8/100 brn|[from] item: Leftovers\n|-heal|p2a: Corviknight|42/100|[from] item: Leftovers\n|-damage|p1b: Dagon|2/100 brn|[from] brn\n|upkeep\n|turn|7\n|-message|EnigmaticRei forfeited.\n|\n|win|Azreal29\n|raw|Azreal29's rating: 1142 &rarr; <strong>1161</strong><br />(+19 for winning)\n|raw|EnigmaticRei's rating: 1060 &rarr; <strong>1045</strong><br />(-15 for losing)\n|l|\u2606EnigmaticRei\n|player|p2|\n",
  "uploadtime": 1776439460,
  "views": 17,
  "formatid": "gen9championsvgc2026regma",
  "rating": 1045,
  "private": 0,
  "password": null
}