{
  "id": "gen9championsvgc2026regma-2583651412",
  "format": "[Gen 9 Champions] VGC 2026 Reg M-A",
  "players": [
    "nextxenp",
    "ucpzdy"
  ],
  "log": "|j|\u2606nextxenp\n|j|\u2606ucpzdy\n|t:|1776188840\n|gametype|doubles\n|player|p1|nextxenp|skier|1120\n|player|p2|ucpzdy|170|1212\n|gen|9\n|tier|[Gen 9 Champions] VGC 2026 Reg M-A\n|rated|\n|rule|Species Clause: Limit one of each Pok\u00e9mon\n|rule|Item Clause: Limit 1 of each item\n|clearpoke\n|poke|p1|Gengar, L50, M|\n|poke|p1|Incineroar, L50, M|\n|poke|p1|Sinistcha, L50|\n|poke|p1|Kingambit, L50, M|\n|poke|p1|Tyranitar, L50, M|\n|poke|p1|Kommo-o, L50, M|\n|poke|p2|Basculegion, L50, M|\n|poke|p2|Pelipper, L50, M|\n|poke|p2|Hatterene, L50, F|\n|poke|p2|Slowking-Galar, L50, F|\n|poke|p2|Crabominable, L50, M|\n|poke|p2|Torkoal, L50, F|\n|teampreview|4\n|inactive|Battle timer is ON: inactive players will automatically lose when time's up. (requested by ucpzdy)\n|inactive|nextxenp has 60 seconds left.\n|\n|t:|1776188901\n|teamsize|p1|4\n|teamsize|p2|4\n|start\n|switch|p1a: Sinistcha|Sinistcha, L50|100/100\n|switch|p1b: Gengar|Gengar, L50, M|100/100\n|switch|p2a: Torkoal|Torkoal, L50, F|100/100\n|switch|p2b: Hatterene|Hatterene, L50, F|100/100\n|-weather|SunnyDay|[from] ability: Drought|[of] p2a: Torkoal\n|turn|1\n|inactive|nextxenp has 30 seconds left.\n|inactive|nextxenp has 20 seconds left.\n|\n|t:|1776188937\n|switch|p1a: Incineroar|Incineroar, L50, M|100/100\n|-ability|p1a: Incineroar|Intimidate|boost\n|-unboost|p2a: Torkoal|atk|1\n|-unboost|p2b: Hatterene|atk|1\n|detailschange|p1b: Gengar|Gengar-Mega, L50, M\n|-mega|p1b: Gengar|Gengar|Gengarite\n|move|p1b: Gengar|Shadow Ball|p2b: Hatterene\n|-supereffective|p2b: Hatterene|1\n|-damage|p2b: Hatterene|4/100\n|move|p2a: Torkoal|Eruption|p1b: Gengar|[spread] p1a,p1b\n|-resisted|p1a: Incineroar|1\n|-damage|p1a: Incineroar|71/100\n|-damage|p1b: Gengar|9/100\n|move|p2b: Hatterene|Trick Room|p2b: Hatterene\n|-fieldstart|move: Trick Room|[of] p2b: Hatterene\n|\n|-weather|SunnyDay|[upkeep]\n|upkeep\n|turn|2\n|inactive|ucpzdy has 30 seconds left.\n|\n|t:|1776188973\n|move|p1b: Gengar|Protect|p1b: Gengar\n|-singleturn|p1b: Gengar|Protect\n|move|p1a: Incineroar|Fake Out|p2b: Hatterene\n|-damage|p2b: Hatterene|0 fnt\n|faint|p2b: Hatterene\n|move|p2a: Torkoal|Eruption|p1b: Gengar|[spread] p1a\n|-activate|p1b: Gengar|move: Protect\n|-resisted|p1a: Incineroar|1\n|-damage|p1a: Incineroar|37/100\n|\n|-weather|SunnyDay|[upkeep]\n|upkeep\n|\n|t:|1776188983\n|switch|p2b: Crabominable|Crabominable, L50, M|100/100\n|turn|3\n|\n|t:|1776189001\n|switch|p1b: Tyranitar|Tyranitar, L50, M|100/100\n|-weather|Sandstorm|[from] ability: Sand Stream|[of] p1b: Tyranitar\n|detailschange|p2b: Crabominable|Crabominable-Mega, L50, M\n|-mega|p2b: Crabominable|Crabominable|Crabominite\n|move|p2a: Torkoal|Eruption|p1a: Incineroar|[spread] p1a,p1b\n|-resisted|p1a: Incineroar|1\n|-resisted|p1b: Tyranitar|1\n|-damage|p1a: Incineroar|15/100\n|-damage|p1b: Tyranitar|81/100\n|move|p2b: Crabominable|Ice Hammer|p1a: Incineroar|[miss]\n|-miss|p2b: Crabominable|p1a: Incineroar\n|move|p1a: Incineroar|Flare Blitz|p2b: Crabominable\n|-supereffective|p2b: Crabominable|1\n|-crit|p2b: Crabominable\n|-damage|p2b: Crabominable|0 fnt\n|faint|p2b: Crabominable\n|-damage|p1a: Incineroar|0 fnt|[from] Recoil\n|faint|p1a: Incineroar\n|\n|-weather|Sandstorm|[upkeep]\n|-damage|p2a: Torkoal|94/100|[from] Sandstorm\n|upkeep\n|\n|t:|1776189025\n|switch|p2b: Slowking|Slowking-Galar, L50, F|100/100\n|switch|p1a: Sinistcha|Sinistcha, L50|100/100\n|-heal|p1b: Tyranitar|100/100|[from] ability: Hospitality|[of] p1a: Sinistcha\n|turn|4\n|inactive|nextxenp has 30 seconds left.\n|inactive|ucpzdy has 30 seconds left.\n|inactive|ucpzdy has 20 seconds left.\n|inactive|ucpzdy has 15 seconds left.\n|\n|t:|1776189068\n|move|p1a: Sinistcha|Protect|p1a: Sinistcha\n|-singleturn|p1a: Sinistcha|Protect\n|move|p2a: Torkoal|Eruption|p1b: Tyranitar|[spread] p1b\n|-activate|p1a: Sinistcha|move: Protect\n|-resisted|p1b: Tyranitar|1\n|-damage|p1b: Tyranitar|81/100\n|-prepare|p2b: Slowking|Chilly Reception|[premajor]\n|move|p2b: Slowking|Chilly Reception|p2b: Slowking\n|-weather|Snowscape\n|move|p1b: Tyranitar|Stone Edge|p2a: Torkoal\n|-supereffective|p2a: Torkoal|1\n|-damage|p2a: Torkoal|5/100\n|\n|-weather|Snowscape|[upkeep]\n|upkeep\n|turn|5\n|inactive|nextxenp has 30 seconds left.\n|inactive|nextxenp has 20 seconds left.\n|\n|t:|1776189107\n|move|p1a: Sinistcha|Rage Powder|p1a: Sinistcha\n|-singleturn|p1a: Sinistcha|move: Rage Powder\n|move|p2a: Torkoal|Weather Ball|p1a: Sinistcha\n|-supereffective|p1a: Sinistcha|1\n|-damage|p1a: Sinistcha|42/100\n|-enditem|p1a: Sinistcha|Sitrus Berry|[eat]\n|-heal|p1a: Sinistcha|67/100|[from] item: Sitrus Berry\n|move|p2b: Slowking|Ice Beam|p1a: Sinistcha\n|-supereffective|p1a: Sinistcha|1\n|-crit|p1a: Sinistcha\n|-damage|p1a: Sinistcha|0 fnt\n|faint|p1a: Sinistcha\n|move|p1b: Tyranitar|Stone Edge|p2a: Torkoal\n|-supereffective|p2a: Torkoal|1\n|-damage|p2a: Torkoal|0 fnt\n|faint|p2a: Torkoal\n|\n|-weather|Snowscape|[upkeep]\n|-fieldend|move: Trick Room\n|upkeep\n|\n|t:|1776189122\n|switch|p1a: Gengar|Gengar-Mega, L50, M|9/100\n|turn|6\n|\n|t:|1776189135\n|move|p1a: Gengar|Protect|p1a: Gengar\n|-singleturn|p1a: Gengar|Protect\n|move|p1b: Tyranitar|Stone Edge|p2b: Slowking\n|-damage|p2b: Slowking|47/100\n|-enditem|p2b: Slowking|Sitrus Berry|[eat]\n|-heal|p2b: Slowking|72/100|[from] item: Sitrus Berry\n|move|p2b: Slowking|Sludge Wave|p1b: Tyranitar|[spread] p1b\n|-activate|p1a: Gengar|move: Protect\n|-resisted|p1b: Tyranitar|1\n|-damage|p1b: Tyranitar|62/100\n|\n|-weather|Snowscape|[upkeep]\n|upkeep\n|turn|7\n|\n|t:|1776189149\n|move|p1b: Tyranitar|Stone Edge|p2b: Slowking\n|-damage|p2b: Slowking|18/100\n|move|p1a: Gengar|Shadow Ball|p2b: Slowking\n|-supereffective|p2b: Slowking|1\n|-damage|p2b: Slowking|0 fnt\n|faint|p2b: Slowking\n|\n|win|nextxenp\n|raw|nextxenp's rating: 1120 &rarr; <strong>1151</strong><br />(+31 for winning)\n|raw|ucpzdy's rating: 1212 &rarr; <strong>1181</strong><br />(-31 for losing)\n|l|\u2606ucpzdy\n|player|p2|\n",
  "uploadtime": 1776189159,
  "views": 15,
  "formatid": "gen9championsvgc2026regma",
  "rating": 1151,
  "private": 0,
  "password": null
}