{
  "id": "gen9championsvgc2026regma-2580554259",
  "format": "[Gen 9 Champions] VGC 2026 Reg M-A",
  "players": [
    "supermonst",
    "bruhschetta"
  ],
  "log": "|j|\u2606supermonst\n|j|\u2606bruhschetta\n|t:|1775912249\n|gametype|doubles\n|player|p1|supermonst|benga|1040\n|player|p2|bruhschetta|psychicf-gen4|1000\n|gen|9\n|tier|[Gen 9 Champions] VGC 2026 Reg M-A\n|rated|\n|rule|Species Clause: Limit one of each Pok\u00e9mon\n|rule|Item Clause: Limit 1 of each item\n|clearpoke\n|poke|p1|Glimmora, L50, M|\n|poke|p1|Aerodactyl, L50, F|\n|poke|p1|Sinistcha, L50|\n|poke|p1|Incineroar, L50, M|\n|poke|p1|Primarina, L50, M|\n|poke|p1|Farigiraf, L50, M|\n|poke|p2|Victreebel, L50, M|\n|poke|p2|Hatterene, L50, F|\n|poke|p2|Empoleon, L50, M|\n|poke|p2|Umbreon, L50, F|\n|poke|p2|Tinkaton, L50, F|\n|poke|p2|Araquanid, L50, M|\n|teampreview|4\n|inactive|Battle timer is ON: inactive players will automatically lose when time's up. (requested by supermonst)\nsupermonst has agreed to open team sheets.\n|\n|t:|1775912276\n|teamsize|p1|4\n|teamsize|p2|4\n|start\n|switch|p1a: Aerodactyl|Aerodactyl, L50, F|100/100\n|switch|p1b: Incineroar|Incineroar, L50, M|100/100\n|switch|p2a: Araquanid|Araquanid, L50, M|100/100\n|switch|p2b: Hatterene|Hatterene, L50, F|100/100\n|-ability|p1a: Aerodactyl|Unnerve\n|-ability|p1b: Incineroar|Intimidate|boost\n|-unboost|p2a: Araquanid|atk|1\n|-unboost|p2b: Hatterene|atk|1\n|turn|1\n|\n|t:|1775912290\n|switch|p2a: Empoleon|Empoleon, L50, M|100/100\n|move|p1a: Aerodactyl|Rock Slide|p2b: Hatterene|[spread] p2a,p2b\n|-resisted|p2a: Empoleon|1\n|-crit|p2b: Hatterene\n|-damage|p2a: Empoleon|88/100\n|-damage|p2b: Hatterene|57/100\n|move|p1b: Incineroar|Parting Shot|p2b: Hatterene\n|move|p2b: Hatterene|Parting Shot|p1b: Incineroar|[from] ability: Magic Bounce\n|-unboost|p1b: Incineroar|atk|1\n|-unboost|p1b: Incineroar|spa|1\n|c|\u2606supermonst|:3\n|\n|t:|1775912305\n|switch|p2b: Victreebel|Victreebel, L50, M|100/100|[from] Parting Shot\n|\n|upkeep\n|turn|2\n|\n|t:|1775912326\n|detailschange|p2b: Victreebel|Victreebel-Mega, L50, M\n|-mega|p2b: Victreebel|Victreebel|Victreebelite\n|move|p1a: Aerodactyl|Protect|p1a: Aerodactyl\n|-singleturn|p1a: Aerodactyl|Protect\n|move|p2b: Victreebel|Strength Sap|p1a: Aerodactyl\n|-activate|p1a: Aerodactyl|move: Protect\n|move|p2a: Empoleon|Flash Cannon|p1a: Aerodactyl\n|-activate|p1a: Aerodactyl|move: Protect\n|move|p1b: Incineroar|Parting Shot|p2a: Empoleon\n|-unboost|p2a: Empoleon|atk|1\n|-ability|p2a: Empoleon|Competitive|boost\n|-boost|p2a: Empoleon|spa|2\n|-unboost|p2a: Empoleon|spa|1\n|-ability|p2a: Empoleon|Competitive|boost\n|-boost|p2a: Empoleon|spa|2\n|\n|t:|1775912334\n|switch|p1b: Glimmora|Glimmora, L50, M|100/100|[from] Parting Shot\n|\n|upkeep\n|turn|3\n|inactive|bruhschetta has 30 seconds left.\n|\n|t:|1775912360\n|detailschange|p1b: Glimmora|Glimmora-Mega, L50, M\n|-mega|p1b: Glimmora|Glimmora|Glimmoranite\n|move|p2b: Victreebel|Sucker Punch|p1b: Glimmora\n|-damage|p1b: Glimmora|70/100\n|move|p2a: Empoleon|Vacuum Wave|p1b: Glimmora\n|-damage|p1b: Glimmora|29/100\n|move|p1a: Aerodactyl|Rock Slide|p2a: Empoleon|[spread] p2a,p2b\n|-resisted|p2a: Empoleon|1\n|-damage|p2a: Empoleon|75/100\n|-damage|p2b: Victreebel|73/100\n|move|p1b: Glimmora|Earth Power|p2a: Empoleon\n|-supereffective|p2a: Empoleon|1\n|-damage|p2a: Empoleon|14/100\n|-unboost|p2a: Empoleon|spd|1\n|-ability|p2a: Empoleon|Competitive|boost\n|-boost|p2a: Empoleon|spa|2\n|\n|upkeep\n|turn|4\n|\n|t:|1775912378\n|move|p1b: Glimmora|Protect|p1b: Glimmora\n|-singleturn|p1b: Glimmora|Protect\n|move|p2a: Empoleon|Vacuum Wave|p1b: Glimmora\n|-activate|p1b: Glimmora|move: Protect\n|move|p1a: Aerodactyl|Rock Slide|p2a: Empoleon|[spread] p2a\n|-miss|p1a: Aerodactyl|p2b: Victreebel\n|-resisted|p2a: Empoleon|1\n|-damage|p2a: Empoleon|2/100\n|move|p2b: Victreebel|Acid Spray|p1a: Aerodactyl\n|-resisted|p1a: Aerodactyl|1\n|-damage|p1a: Aerodactyl|87/100\n|-unboost|p1a: Aerodactyl|spd|2\n|\n|upkeep\n|turn|5\n|\n|t:|1775912395\n|switch|p1b: Primarina|Primarina, L50, M|100/100\n|move|p2b: Victreebel|Sucker Punch||[still]\n|-fail|p2b: Victreebel\n|move|p2a: Empoleon|Vacuum Wave|p1a: Aerodactyl\n|-damage|p1a: Aerodactyl|0 fnt\n|-enditem|p2a: Empoleon|Sitrus Berry|[eat]\n|-heal|p2a: Empoleon|26/100|[from] item: Sitrus Berry\n|faint|p1a: Aerodactyl\n|\n|upkeep\n|\n|t:|1775912403\n|switch|p1a: Incineroar|Incineroar, L50, M|100/100\n|-ability|p1a: Incineroar|Intimidate|boost\n|-unboost|p2a: Empoleon|atk|1\n|-ability|p2a: Empoleon|Competitive|boost\n|-boost|p2a: Empoleon|spa|1\n|-unboost|p2b: Victreebel|atk|1\n|turn|6\n|inactive|bruhschetta has 30 seconds left.\n|\n|t:|1775912429\n|move|p2a: Empoleon|Protect|p2a: Empoleon\n|-singleturn|p2a: Empoleon|Protect\n|move|p1a: Incineroar|Fake Out|p2a: Empoleon\n|-activate|p2a: Empoleon|move: Protect\n|move|p1b: Primarina|Hyper Voice|p2b: Victreebel|[spread] p2b\n|-activate|p2a: Empoleon|move: Protect\n|-resisted|p2b: Victreebel|1\n|-damage|p2b: Victreebel|56/100\n|move|p2b: Victreebel|Strength Sap|p1a: Incineroar\n|-unboost|p1a: Incineroar|atk|1\n|-heal|p2b: Victreebel|100/100\n|\n|upkeep\n|turn|7\n|\n|t:|1775912444\n|move|p2a: Empoleon|Vacuum Wave|p1a: Incineroar\n|-supereffective|p1a: Incineroar|1\n|-damage|p1a: Incineroar|21/100\n|-enditem|p1a: Incineroar|Sitrus Berry|[eat]\n|-heal|p1a: Incineroar|46/100|[from] item: Sitrus Berry\n|move|p1b: Primarina|Hyper Voice|p2b: Victreebel|[spread] p2a,p2b\n|-resisted|p2a: Empoleon|1\n|-resisted|p2b: Victreebel|1\n|-damage|p2a: Empoleon|0 fnt\n|-damage|p2b: Victreebel|83/100\n|faint|p2a: Empoleon\n|move|p2b: Victreebel|Acid Spray|p1b: Primarina\n|-supereffective|p1b: Primarina|1\n|-damage|p1b: Primarina|69/100\n|-unboost|p1b: Primarina|spd|2\n|move|p1a: Incineroar|Flare Blitz|p2b: Victreebel\n|-supereffective|p2b: Victreebel|1\n|-damage|p2b: Victreebel|19/100\n|-damage|p1a: Incineroar|26/100|[from] Recoil\n|\n|-heal|p1b: Primarina|75/100|[from] item: Leftovers\n|upkeep\n|\n|t:|1775912464\n|switch|p2a: Hatterene|Hatterene, L50, F|57/100\n|turn|8\n|\n|t:|1775912474\n|move|p1b: Primarina|Calm Mind|p1b: Primarina\n|-boost|p1b: Primarina|spa|1\n|-boost|p1b: Primarina|spd|1\n|move|p2b: Victreebel|Strength Sap|p1b: Primarina\n|-unboost|p1b: Primarina|atk|1\n|-heal|p2b: Victreebel|69/100\n|move|p1a: Incineroar|Flare Blitz|p2a: Hatterene\n|-damage|p2a: Hatterene|19/100\n|-damage|p1a: Incineroar|16/100|[from] Recoil\n|move|p2a: Hatterene|Dazzling Gleam|p1a: Incineroar|[spread] p1a,p1b\n|-damage|p1a: Incineroar|0 fnt\n|-damage|p1b: Primarina|24/100\n|faint|p1a: Incineroar\n|\n|-heal|p1b: Primarina|30/100|[from] item: Leftovers\n|upkeep\n|\n|t:|1775912479\n|switch|p1a: Glimmora|Glimmora-Mega, L50, M|29/100\n|turn|9\n|\n|t:|1775912502\n|move|p1b: Primarina|Protect|p1b: Primarina\n|-singleturn|p1b: Primarina|Protect\n|move|p1a: Glimmora|Sludge Wave|p2b: Victreebel|[spread] p2a,p2b\n|-activate|p1b: Primarina|move: Protect\n|-supereffective|p2a: Hatterene|1\n|-enditem|p2a: Hatterene|Kebia Berry|[eat]\n|-enditem|p2a: Hatterene|Kebia Berry|[weaken]\n|-damage|p2a: Hatterene|0 fnt\n|-damage|p2b: Victreebel|13/100\n|faint|p2a: Hatterene\n|move|p2b: Victreebel|Sleep Powder|p1a: Glimmora\n|-status|p1a: Glimmora|slp|[from] move: Sleep Powder\n|\n|-heal|p1b: Primarina|36/100|[from] item: Leftovers\n|upkeep\n|\n|t:|1775912515\n|switch|p2a: Araquanid|Araquanid, L50, M|100/100\n|turn|10\n|\n|t:|1775912528\n|move|p2a: Araquanid|Wide Guard|p2a: Araquanid\n|-singleturn|p2a: Araquanid|Wide Guard\n|cant|p1a: Glimmora|slp\n|move|p1b: Primarina|Hyper Voice|p2a: Araquanid|[spread] \n|-activate|p2a: Araquanid|move: Wide Guard\n|-activate|p2b: Victreebel|move: Wide Guard\n|move|p2b: Victreebel|Acid Spray|p1b: Primarina\n|-supereffective|p1b: Primarina|1\n|-damage|p1b: Primarina|0 fnt\n|faint|p1b: Primarina\n|\n|upkeep\n|turn|11\n|\n|t:|1775912543\n|move|p2b: Victreebel|Sucker Punch|p1a: Glimmora\n|-damage|p1a: Glimmora|9/100 slp\n|cant|p1a: Glimmora|slp\n|move|p2a: Araquanid|Surf|p1a: Glimmora|[spread] p2b,p1a\n|-resisted|p2b: Victreebel|1\n|-supereffective|p1a: Glimmora|1\n|-damage|p2b: Victreebel|0 fnt\n|-damage|p1a: Glimmora|0 fnt\n|-damage|p2a: Araquanid|87/100|[from] ability: Innards Out|[of] p2b: Victreebel\n|faint|p2b: Victreebel\n|faint|p1a: Glimmora\n|\n|win|bruhschetta\n|raw|supermonst's rating: 1040 &rarr; <strong>1022</strong><br />(-18 for losing)\n|raw|bruhschetta's rating: 1000 &rarr; <strong>1045</strong><br />(+45 for winning)\n|l|\u2606supermonst\n|player|p1|\n",
  "uploadtime": 1775912560,
  "views": 20,
  "formatid": "gen9championsvgc2026regma",
  "rating": 1022,
  "private": 0,
  "password": null
}