{
  "id": "gen9championsvgc2026regma-2583202059",
  "format": "[Gen 9 Champions] VGC 2026 Reg M-A",
  "players": [
    "RUBICON-9",
    "Pooskay"
  ],
  "log": "|j|\u2606RUBICON-9\n|j|\u2606Pooskay\n|t:|1776154192\n|gametype|doubles\n|player|p1|RUBICON-9|shauntal|1147\n|player|p2|Pooskay|ninjaboy|1067\n|gen|9\n|tier|[Gen 9 Champions] VGC 2026 Reg M-A\n|rated|\n|rule|Species Clause: Limit one of each Pok\u00e9mon\n|rule|Item Clause: Limit 1 of each item\n|clearpoke\n|poke|p1|Basculegion, L50, M|\n|poke|p1|Floette-Eternal, L50, F|\n|poke|p1|Sneasler, L50, M|\n|poke|p1|Froslass, L50, F|\n|poke|p1|Archaludon, L50, M|\n|poke|p1|Kingambit, L50, M|\n|poke|p2|Aggron, L50, F|\n|poke|p2|Sinistcha, L50|\n|poke|p2|Incineroar, L50, F|\n|poke|p2|Basculegion, L50, M|\n|poke|p2|Delphox, L50, M|\n|poke|p2|Hatterene, L50, F|\n|teampreview|4\n|inactive|Battle timer is ON: inactive players will automatically lose when time's up. (requested by Pooskay)\n|inactive|RUBICON-9 has 60 seconds left.\n|\n|t:|1776154237\n|teamsize|p1|4\n|teamsize|p2|4\n|start\n|switch|p1a: Crawler|Basculegion, L50, M|100/100\n|switch|p1b: Jack Slash|Sneasler, L50, M|100/100\n|switch|p2a: THE WALL|Aggron, L50, F, shiny|100/100\n|switch|p2b: THE MAN|Incineroar, L50, F|100/100\n|-ability|p2b: THE MAN|Intimidate|boost\n|-unboost|p1a: Crawler|atk|1\n|-unboost|p1b: Jack Slash|atk|1\n|turn|1\n|\n|t:|1776154262\n|detailschange|p2a: THE WALL|Aggron-Mega, L50, F, shiny\n|-mega|p2a: THE WALL|Aggron|Aggronite\n|move|p2b: THE MAN|Protect|p2b: THE MAN\n|-singleturn|p2b: THE MAN|Protect\n|move|p2a: THE WALL|Protect|p2a: THE WALL\n|-singleturn|p2a: THE WALL|Protect\n|move|p1b: Jack Slash|Fake Out|p2a: THE WALL\n|-activate|p2a: THE WALL|move: Protect\n|move|p1a: Crawler|Wave Crash|p2b: THE MAN\n|-activate|p2b: THE MAN|move: Protect\n|\n|upkeep\n|turn|2\n|c|\u2606RUBICON-9|fuuuuuck duuude its the goddamn wall\n|inactive|RUBICON-9 has 30 seconds left.\n|c|\u2606Pooskay|YOU CANT STOP THE WALL\n|\n|t:|1776154293\n|switch|p1a: Shatterbird|Kingambit, L50, M|100/100\n|move|p1b: Jack Slash|Close Combat|p2b: THE MAN\n|-supereffective|p2b: THE MAN|1\n|-damage|p2b: THE MAN|32/100\n|-unboost|p1b: Jack Slash|def|1\n|-unboost|p1b: Jack Slash|spd|1\n|move|p2b: THE MAN|Parting Shot|p1b: Jack Slash\n|-unboost|p1b: Jack Slash|atk|1\n|-unboost|p1b: Jack Slash|spa|1\n|\n|t:|1776154300\n|switch|p2b: THE DRINK|Sinistcha, L50|100/100|[from] Parting Shot\n|move|p2a: THE WALL|Iron Defense|p2a: THE WALL\n|-boost|p2a: THE WALL|def|2\n|\n|upkeep\n|turn|3\n|\n|t:|1776154322\n|move|p2b: THE DRINK|Rage Powder|p2b: THE DRINK\n|-singleturn|p2b: THE DRINK|move: Rage Powder\n|move|p1a: Shatterbird|Sucker Punch||[still]\n|-fail|p1a: Shatterbird\n|move|p1b: Jack Slash|Dire Claw|p2b: THE DRINK\n|-damage|p2b: THE DRINK|79/100\n|move|p2a: THE WALL|Body Press|p1a: Shatterbird\n|-supereffective|p1a: Shatterbird|2\n|-damage|p1a: Shatterbird|0 fnt\n|faint|p1a: Shatterbird\n|\n|upkeep\n|\n|t:|1776154332\n|switch|p1a: Crawler|Basculegion, L50, M|100/100\n|turn|4\n|\n|t:|1776154349\n|switch|p1b: Bonesaw|Floette-Eternal, L50, F, shiny|100/100\n|move|p1a: Crawler|Wave Crash|p2a: THE WALL\n|-damage|p2a: THE WALL|82/100\n|-damage|p1a: Crawler|95/100|[from] Recoil\n|move|p2b: THE DRINK|Matcha Gotcha|p1b: Bonesaw|[spread] p1b\n|-miss|p2b: THE DRINK|p1a: Crawler\n|-damage|p1b: Bonesaw|72/100\n|-heal|p2b: THE DRINK|91/100|[from] drain|[of] p1b: Bonesaw\n|move|p2a: THE WALL|Iron Defense|p2a: THE WALL\n|-boost|p2a: THE WALL|def|2\n|\n|upkeep\n|turn|5\n|inactive|RUBICON-9 has 30 seconds left.\n|\n|t:|1776154376\n|switch|p1a: Jack Slash|Sneasler, L50, M|100/100\n|detailschange|p1b: Bonesaw|Floette-Mega, L50, F, shiny\n|-mega|p1b: Bonesaw|Floette|Floettite\n|-ability|p1b: Bonesaw|Fairy Aura\n|move|p2b: THE DRINK|Rage Powder|p2b: THE DRINK\n|-singleturn|p2b: THE DRINK|move: Rage Powder\n|move|p1b: Bonesaw|Dazzling Gleam|p2b: THE DRINK|[spread] p2a,p2b\n|-resisted|p2a: THE WALL|1\n|-damage|p2a: THE WALL|51/100\n|-damage|p2b: THE DRINK|39/100\n|-enditem|p2b: THE DRINK|Sitrus Berry|[eat]\n|-heal|p2b: THE DRINK|63/100|[from] item: Sitrus Berry\n|move|p2a: THE WALL|Heavy Slam|p1b: Bonesaw\n|-supereffective|p1b: Bonesaw|1\n|-damage|p1b: Bonesaw|0 fnt\n|faint|p1b: Bonesaw\n|\n|upkeep\n|\n|t:|1776154391\n|switch|p1b: Crawler|Basculegion, L50, M|95/100\n|turn|6\n|\n|t:|1776154401\n|switch|p2b: THE MAN|Incineroar, L50, F|32/100\n|-ability|p2b: THE MAN|Intimidate|boost\n|-unboost|p1a: Jack Slash|atk|1\n|-unboost|p1b: Crawler|atk|1\n|move|p1a: Jack Slash|Fake Out|p2a: THE WALL\n|-resisted|p2a: THE WALL|1\n|-damage|p2a: THE WALL|50/100\n|move|p1b: Crawler|Wave Crash|p2a: THE WALL\n|-damage|p2a: THE WALL|42/100\n|-damage|p1b: Crawler|92/100|[from] Recoil\n|cant|p2a: THE WALL|flinch\n|\n|-heal|p2b: THE MAN|38/100|[from] item: Leftovers\n|upkeep\n|turn|7\n|\n|t:|1776154418\n|move|p1b: Crawler|Wave Crash|p2a: THE WALL\n|-damage|p2a: THE WALL|36/100\n|-damage|p1b: Crawler|90/100|[from] Recoil\n|move|p1a: Jack Slash|Close Combat|p2a: THE WALL\n|-supereffective|p2a: THE WALL|1\n|-damage|p2a: THE WALL|27/100\n|-unboost|p1a: Jack Slash|def|1\n|-unboost|p1a: Jack Slash|spd|1\n|move|p2b: THE MAN|Parting Shot|p1b: Crawler\n|-unboost|p1b: Crawler|atk|1\n|-unboost|p1b: Crawler|spa|1\n|\n|t:|1776154431\n|switch|p2b: THE DRINK|Sinistcha, L50|63/100|[from] Parting Shot\n|-heal|p2a: THE WALL|52/100|[from] ability: Hospitality|[of] p2b: THE DRINK\n|move|p2a: THE WALL|Body Press|p1a: Jack Slash\n|-resisted|p1a: Jack Slash|1\n|-enditem|p1a: Jack Slash|Focus Sash\n|-damage|p1a: Jack Slash|1/100\n|\n|upkeep\n|turn|8\n|c|\u2606RUBICON-9|i'm crine :sob:\n|c|\u2606Pooskay|THE WALL THE WALL THE WALL\n|inactive|Pooskay has 30 seconds left.\n|\n|t:|1776154456\n|switch|p2b: THE MAN|Incineroar, L50, F|38/100\n|-ability|p2b: THE MAN|Intimidate|boost\n|-unboost|p1a: Jack Slash|atk|1\n|-unboost|p1b: Crawler|atk|1\n|move|p1a: Jack Slash|Acrobatics|p2b: THE MAN\n|-damage|p2b: THE MAN|20/100\n|move|p1b: Crawler|Wave Crash|p2a: THE WALL\n|-damage|p2a: THE WALL|46/100\n|-damage|p1b: Crawler|89/100|[from] Recoil\n|move|p2a: THE WALL|Heavy Slam|p1a: Jack Slash\n|-damage|p1a: Jack Slash|0 fnt\n|faint|p1a: Jack Slash\n|\n|-heal|p2b: THE MAN|26/100|[from] item: Leftovers\n|upkeep\n|turn|9\n|\n|t:|1776154477\n|switch|p2b: THE DRINK|Sinistcha, L50|63/100\n|-heal|p2a: THE WALL|71/100|[from] ability: Hospitality|[of] p2b: THE DRINK\n|move|p1b: Crawler|Wave Crash|p2a: THE WALL\n|-damage|p2a: THE WALL|65/100\n|-damage|p1b: Crawler|87/100|[from] Recoil\n|move|p2a: THE WALL|Heavy Slam|p1b: Crawler\n|-resisted|p1b: Crawler|1\n|-damage|p1b: Crawler|66/100\n|\n|upkeep\n|turn|10\n|c|\u2606RUBICON-9|crawler i need a crit\n|c|\u2606RUBICON-9|fuuuuucckkkkk\n|\n|t:|1776154490\n|switch|p2b: THE MAN|Incineroar, L50, F|26/100\n|-ability|p2b: THE MAN|Intimidate|boost\n|-unboost|p1b: Crawler|atk|1\n|move|p1b: Crawler|Wave Crash|p2a: THE WALL\n|-crit|p2a: THE WALL\n|-damage|p2a: THE WALL|19/100\n|-damage|p1b: Crawler|52/100|[from] Recoil\n|move|p2a: THE WALL|Iron Defense|p2a: THE WALL\n|-boost|p2a: THE WALL|def|2\n|\n|-heal|p2b: THE MAN|32/100|[from] item: Leftovers\n|upkeep\n|turn|11\n|c|\u2606RUBICON-9|CRAWLERRRRRRR I NEED YOU\n|\n|t:|1776154506\n|switch|p2b: THE DRINK|Sinistcha, L50|63/100\n|-heal|p2a: THE WALL|44/100|[from] ability: Hospitality|[of] p2b: THE DRINK\n|move|p1b: Crawler|Wave Crash|p2a: THE WALL\n|-damage|p2a: THE WALL|41/100\n|-damage|p1b: Crawler|51/100|[from] Recoil\n|move|p2a: THE WALL|Heavy Slam|p1b: Crawler\n|-resisted|p1b: Crawler|1\n|-damage|p1b: Crawler|28/100\n|\n|upkeep\n|turn|12\n|\n|t:|1776154521\n|switch|p2b: THE SQUID|Basculegion, L50, M|100/100\n|move|p1b: Crawler|Wave Crash|p2a: THE WALL\n|-damage|p2a: THE WALL|36/100\n|-damage|p1b: Crawler|27/100|[from] Recoil\n|move|p2a: THE WALL|Heavy Slam|p1b: Crawler\n|-resisted|p1b: Crawler|1\n|-damage|p1b: Crawler|4/100\n|\n|upkeep\n|turn|13\n|\n|t:|1776154532\n|move|p2a: THE WALL|Protect|p2a: THE WALL\n|-singleturn|p2a: THE WALL|Protect\n|move|p2b: THE SQUID|Aqua Jet|p1b: Crawler\n|-resisted|p1b: Crawler|1\n|-damage|p1b: Crawler|0 fnt\n|faint|p1b: Crawler\n|\n|win|Pooskay\n",
  "uploadtime": 1776154281,
  "views": 18,
  "formatid": "gen9championsvgc2026regma",
  "rating": null,
  "private": 0,
  "password": null
}