{
  "id": "gen9championsvgc2026regma-2587576484",
  "format": "[Gen 9 Champions] VGC 2026 Reg M-A",
  "players": [
    "genesisValt",
    "nschmidt3"
  ],
  "log": "|j|\u2606genesisValt\n|j|\u2606nschmidt3\n|t:|1776543726\n|gametype|doubles\n|player|p1|genesisValt|266|1046\n|player|p2|nschmidt3|266|1000\n|gen|9\n|tier|[Gen 9 Champions] VGC 2026 Reg M-A\n|rated|\n|rule|Species Clause: Limit one of each Pok\u00e9mon\n|rule|Item Clause: Limit 1 of each item\n|clearpoke\n|poke|p1|Aerodactyl, L50, M|\n|poke|p1|Sneasler, L50, M|\n|poke|p1|Glimmora, L50, M|\n|poke|p1|Garchomp, L50, M|\n|poke|p1|Charizard, L50, M, shiny|\n|poke|p1|Maushold, L50|\n|poke|p2|Umbreon, L50, M|\n|poke|p2|Toxapex, L50, M|\n|poke|p2|Gengar, L50, M|\n|poke|p2|Sinistcha, L50|\n|poke|p2|Salazzle, L50, F|\n|poke|p2|Aggron, L50, F|\n|teampreview|4\n|\n|t:|1776543750\n|teamsize|p1|4\n|teamsize|p2|4\n|start\n|switch|p1a: Sneasler|Sneasler, L50, M|100/100\n|switch|p1b: Aerodactyl|Aerodactyl, L50, M|100/100\n|switch|p2a: Umbreon|Umbreon, L50, M|100/100\n|switch|p2b: Toxapex|Toxapex, L50, M|100/100\n|turn|1\n|\n|t:|1776543769\n|move|p2a: Umbreon|Protect|p2a: Umbreon\n|-singleturn|p2a: Umbreon|Protect\n|move|p2b: Toxapex|Baneful Bunker|p2b: Toxapex\n|-singleturn|p2b: Toxapex|move: Protect\n|move|p1a: Sneasler|Fake Out|p2a: Umbreon\n|-activate|p2a: Umbreon|move: Protect\n|move|p1b: Aerodactyl|Tailwind|p1b: Aerodactyl\n|-sidestart|p1: genesisValt|move: Tailwind\n|\n|upkeep\n|turn|2\n|\n|t:|1776543793\n|switch|p2a: Sinistcha|Sinistcha, L50|100/100\n|move|p1b: Aerodactyl|Dual Wingbeat|p2a: Sinistcha\n|-supereffective|p2a: Sinistcha|1\n|-damage|p2a: Sinistcha|70/100\n|-supereffective|p2a: Sinistcha|1\n|-damage|p2a: Sinistcha|42/100\n|-enditem|p2a: Sinistcha|Sitrus Berry|[eat]\n|-heal|p2a: Sinistcha|67/100|[from] item: Sitrus Berry\n|-hitcount|p2a: Sinistcha|2\n|move|p1a: Sneasler|Taunt|p2b: Toxapex\n|-start|p2b: Toxapex|move: Taunt\n|cant|p2b: Toxapex|move: Taunt|Toxic Spikes\n|\n|upkeep\n|turn|3\n|\n|t:|1776543821\n|switch|p2b: Umbreon|Umbreon, L50, M|100/100\n|move|p1b: Aerodactyl|Dual Wingbeat|p2b: Umbreon\n|-damage|p2b: Umbreon|89/100\n|-damage|p2b: Umbreon|78/100\n|-hitcount|p2b: Umbreon|2\n|move|p1a: Sneasler|Dire Claw|p2a: Sinistcha\n|-damage|p2a: Sinistcha|31/100\n|-status|p2a: Sinistcha|psn|[from] ability: Poison Touch|[of] p1a: Sneasler\n|move|p2a: Sinistcha|Trick Room|p2a: Sinistcha\n|-fieldstart|move: Trick Room|[of] p2a: Sinistcha\n|\n|-heal|p2b: Umbreon|84/100|[from] item: Leftovers\n|-damage|p2a: Sinistcha|18/100 psn|[from] psn\n|upkeep\n|turn|4\n|\n|t:|1776543867\n|move|p1b: Aerodactyl|Protect|p1b: Aerodactyl\n|-singleturn|p1b: Aerodactyl|Protect\n|move|p2b: Umbreon|Toxic|p1b: Aerodactyl\n|-activate|p1b: Aerodactyl|move: Protect\n|move|p2a: Sinistcha|Strength Sap|p1a: Sneasler\n|-unboost|p1a: Sneasler|atk|1\n|-heal|p2a: Sinistcha|100/100 psn\n|move|p1a: Sneasler|Close Combat|p2b: Umbreon\n|-supereffective|p2b: Umbreon|1\n|-damage|p2b: Umbreon|28/100\n|-unboost|p1a: Sneasler|def|1\n|-unboost|p1a: Sneasler|spd|1\n|\n|-heal|p2b: Umbreon|34/100|[from] item: Leftovers\n|-damage|p2a: Sinistcha|88/100 psn|[from] psn\n|-sideend|p1: genesisValt|move: Tailwind\n|upkeep\n|turn|5\n|inactive|Battle timer is ON: inactive players will automatically lose when time's up. (requested by genesisValt)\n|\n|t:|1776543909\n|move|p2b: Umbreon|Protect|p2b: Umbreon\n|-singleturn|p2b: Umbreon|Protect\n|move|p2a: Sinistcha|Hex|p1a: Sneasler\n|-damage|p1a: Sneasler|38/100\n|move|p1a: Sneasler|Dire Claw|p2a: Sinistcha\n|-damage|p2a: Sinistcha|64/100 psn\n|move|p1b: Aerodactyl|Dual Wingbeat|p2a: Sinistcha|[miss]\n|-miss|p1b: Aerodactyl|p2a: Sinistcha\n|\n|-heal|p2b: Umbreon|40/100|[from] item: Leftovers\n|-damage|p2a: Sinistcha|52/100 psn|[from] psn\n|upkeep\n|turn|6\n|\n|t:|1776543933\n|switch|p2b: Toxapex|Toxapex, L50, M|100/100\n|move|p2a: Sinistcha|Matcha Gotcha|p1b: Aerodactyl|[spread] p1a,p1b\n|-resisted|p1a: Sneasler|1\n|-damage|p1a: Sneasler|10/100\n|-heal|p2a: Sinistcha|64/100 psn|[from] drain|[of] p1a: Sneasler\n|-damage|p1b: Aerodactyl|69/100\n|-heal|p2a: Sinistcha|80/100 psn|[from] drain|[of] p1b: Aerodactyl\n|move|p1a: Sneasler|Taunt|p2a: Sinistcha\n|-start|p2a: Sinistcha|move: Taunt\n|move|p1b: Aerodactyl|Dual Wingbeat|p2a: Sinistcha\n|-supereffective|p2a: Sinistcha|1\n|-damage|p2a: Sinistcha|46/100 psn\n|-supereffective|p2a: Sinistcha|1\n|-crit|p2a: Sinistcha\n|-damage|p2a: Sinistcha|1/100 psn\n|-hitcount|p2a: Sinistcha|2\n|\n|-heal|p1b: Aerodactyl|75/100|[from] item: Leftovers\n|-damage|p2a: Sinistcha|0 fnt|[from] psn\n|faint|p2a: Sinistcha\n|upkeep\n|\n|t:|1776543955\n|switch|p2a: Umbreon|Umbreon, L50, M|40/100\n|turn|7\n|\n|t:|1776543965\n|move|p2a: Umbreon|Protect|p2a: Umbreon\n|-singleturn|p2a: Umbreon|Protect\n|move|p2b: Toxapex|Sludge Wave|p1b: Aerodactyl|[spread] p1a,p1b\n|-activate|p2a: Umbreon|move: Protect\n|-resisted|p1a: Sneasler|1\n|-resisted|p1b: Aerodactyl|1\n|-damage|p1a: Sneasler|0 fnt\n|-damage|p1b: Aerodactyl|58/100\n|faint|p1a: Sneasler\n|move|p1b: Aerodactyl|Tailwind|p1b: Aerodactyl\n|-sidestart|p1: genesisValt|move: Tailwind\n|\n|-heal|p2a: Umbreon|46/100|[from] item: Leftovers\n|-heal|p1b: Aerodactyl|63/100|[from] item: Leftovers\n|-fieldend|move: Trick Room\n|upkeep\n|\n|t:|1776543979\n|switch|p1a: Garchomp|Garchomp, L50, M|100/100\n|turn|8\n|\n|t:|1776544000\n|move|p1a: Garchomp|Rock Slide|p2a: Umbreon|[spread] p2a,p2b\n|-damage|p2a: Umbreon|32/100\n|-damage|p2b: Toxapex|83/100\n|move|p1b: Aerodactyl|Dual Wingbeat|p2a: Umbreon\n|-damage|p2a: Umbreon|21/100\n|-damage|p2a: Umbreon|10/100\n|-hitcount|p2a: Umbreon|2\n|cant|p2a: Umbreon|flinch\n|move|p2b: Toxapex|Hex|p1a: Garchomp\n|-damage|p1a: Garchomp|85/100\n|\n|-heal|p1b: Aerodactyl|69/100|[from] item: Leftovers\n|-heal|p2a: Umbreon|16/100|[from] item: Leftovers\n|upkeep\n|turn|9\n|\n|t:|1776544019\n|move|p2a: Umbreon|Protect|p2a: Umbreon\n|-singleturn|p2a: Umbreon|Protect\n|move|p2b: Toxapex|Baneful Bunker|p2b: Toxapex\n|-singleturn|p2b: Toxapex|move: Protect\n|move|p1a: Garchomp|Rock Slide|p2a: Umbreon|[spread] \n|-activate|p2a: Umbreon|move: Protect\n|-activate|p2b: Toxapex|move: Protect\n|move|p1b: Aerodactyl|Facade|p2b: Toxapex\n|-activate|p2b: Toxapex|move: Protect\n|-status|p1b: Aerodactyl|psn\n|\n|-heal|p1b: Aerodactyl|75/100 psn|[from] item: Leftovers\n|-heal|p2a: Umbreon|22/100|[from] item: Leftovers\n|-damage|p1b: Aerodactyl|63/100 psn|[from] psn\n|upkeep\n|turn|10\n|\n|t:|1776544040\n|move|p1b: Aerodactyl|Protect|p1b: Aerodactyl\n|-singleturn|p1b: Aerodactyl|Protect\n|move|p1a: Garchomp|Rock Slide|p2a: Umbreon|[spread] p2b\n|-miss|p1a: Garchomp|p2a: Umbreon\n|-damage|p2b: Toxapex|66/100\n|move|p2a: Umbreon|Wish|p2a: Umbreon\n|move|p2b: Toxapex|Toxic Spikes|p1b: Aerodactyl\n|-sidestart|p1: genesisValt|move: Toxic Spikes\n|\n|-heal|p1b: Aerodactyl|68/100 psn|[from] item: Leftovers\n|-heal|p2a: Umbreon|28/100|[from] item: Leftovers\n|-damage|p1b: Aerodactyl|56/100 psn|[from] psn\n|-sideend|p1: genesisValt|move: Tailwind\n|upkeep\n|turn|11\n|\n|t:|1776544057\n|move|p2a: Umbreon|Protect|p2a: Umbreon\n|-singleturn|p2a: Umbreon|Protect\n|move|p1a: Garchomp|Rock Slide|p2b: Toxapex|[spread] p2b\n|-activate|p2a: Umbreon|move: Protect\n|-damage|p2b: Toxapex|48/100\n|move|p1b: Aerodactyl|Tailwind|p1b: Aerodactyl\n|-sidestart|p1: genesisValt|move: Tailwind\n|move|p2b: Toxapex|Sludge Wave|p1b: Aerodactyl|[spread] p1a,p1b\n|-activate|p2a: Umbreon|move: Protect\n|-resisted|p1a: Garchomp|1\n|-resisted|p1b: Aerodactyl|1\n|-crit|p1b: Aerodactyl\n|-damage|p1a: Garchomp|70/100\n|-damage|p1b: Aerodactyl|31/100 psn\n|\n|-heal|p2a: Umbreon|78/100|[from] move: Wish|[wisher] Umbreon\n|-heal|p1b: Aerodactyl|36/100 psn|[from] item: Leftovers\n|-heal|p2a: Umbreon|84/100|[from] item: Leftovers\n|-damage|p1b: Aerodactyl|24/100 psn|[from] psn\n|upkeep\n|turn|12\n|inactive|genesisValt has 30 seconds left.\n|\n|t:|1776544084\n|move|p1a: Garchomp|Rock Slide|p2a: Umbreon|[spread] p2a,p2b\n|-damage|p2a: Umbreon|69/100\n|-damage|p2b: Toxapex|30/100\n|move|p1b: Aerodactyl|Facade|p2a: Umbreon\n|-damage|p2a: Umbreon|45/100\n|cant|p2a: Umbreon|flinch\n|cant|p2b: Toxapex|flinch\n|\n|-heal|p1b: Aerodactyl|30/100 psn|[from] item: Leftovers\n|-heal|p2a: Umbreon|51/100|[from] item: Leftovers\n|-damage|p1b: Aerodactyl|18/100 psn|[from] psn\n|upkeep\n|turn|13\n|\n|t:|1776544102\n|move|p2a: Umbreon|Protect|p2a: Umbreon\n|-singleturn|p2a: Umbreon|Protect\n|move|p2b: Toxapex|Baneful Bunker|p2b: Toxapex\n|-singleturn|p2b: Toxapex|move: Protect\n|move|p1a: Garchomp|Rock Slide|p2a: Umbreon|[spread] \n|-activate|p2a: Umbreon|move: Protect\n|-activate|p2b: Toxapex|move: Protect\n|move|p1b: Aerodactyl|Facade|p2a: Umbreon\n|-activate|p2a: Umbreon|move: Protect\n|\n|-heal|p1b: Aerodactyl|24/100 psn|[from] item: Leftovers\n|-heal|p2a: Umbreon|57/100|[from] item: Leftovers\n|-damage|p1b: Aerodactyl|12/100 psn|[from] psn\n|upkeep\n|turn|14\n|inactive|nschmidt3 has 30 seconds left.\n|inactive|genesisValt has 30 seconds left.\n|inactive|nschmidt3 has 20 seconds left.\n|inactive|nschmidt3 has 15 seconds left.\n|inactive|nschmidt3 has 10 seconds left.\n|inactive|nschmidt3 has 5 seconds left.\n|\n|t:|1776544157\n|move|p1a: Garchomp|Rock Slide|p2b: Toxapex|[spread] p2a,p2b\n|-damage|p2a: Umbreon|43/100\n|-damage|p2b: Toxapex|12/100\n|move|p1b: Aerodactyl|Facade|p2b: Toxapex\n|-damage|p2b: Toxapex|0 fnt\n|faint|p2b: Toxapex\n|move|p2a: Umbreon|Toxic|p1a: Garchomp\n|-status|p1a: Garchomp|tox\n|\n|-heal|p1b: Aerodactyl|18/100 psn|[from] item: Leftovers\n|-heal|p2a: Umbreon|49/100|[from] item: Leftovers\n|-damage|p1a: Garchomp|64/100 tox|[from] psn\n|-damage|p1b: Aerodactyl|6/100 psn|[from] psn\n|-sideend|p1: genesisValt|move: Tailwind\n|upkeep\n|\n|t:|1776544163\n|switch|p2b: Gengar|Gengar, L50, M|100/100\n|turn|15\n|\n|t:|1776544177\n|detailschange|p2b: Gengar|Gengar-Mega, L50, M\n|-mega|p2b: Gengar|Gengar|Gengarite\n|move|p2b: Gengar|Protect|p2b: Gengar\n|-singleturn|p2b: Gengar|Protect\n|move|p2a: Umbreon|Protect|p2a: Umbreon\n|-singleturn|p2a: Umbreon|Protect\n|move|p1a: Garchomp|Rock Slide|p2b: Gengar|[spread] \n|-activate|p2a: Umbreon|move: Protect\n|-activate|p2b: Gengar|move: Protect\n|move|p1b: Aerodactyl|Dual Wingbeat|p2b: Gengar\n|-activate|p2b: Gengar|move: Protect\n|\n|-heal|p1b: Aerodactyl|11/100 psn|[from] item: Leftovers\n|-heal|p2a: Umbreon|54/100|[from] item: Leftovers\n|-damage|p1a: Garchomp|52/100 tox|[from] psn\n|-damage|p1b: Aerodactyl|0 fnt|[from] psn\n|faint|p1b: Aerodactyl\n|upkeep\n|\n|t:|1776544196\n|switch|p1b: Maushold|Maushold, L50|100/100\n|-status|p1b: Maushold|psn\n|turn|16\n|\n|t:|1776544203\n|move|p1b: Maushold|Helping Hand|p1a: Garchomp\n|-singleturn|p1a: Garchomp|Helping Hand|[of] p1b: Maushold\n|move|p1a: Garchomp|Rock Slide|p2b: Gengar|[spread] p2b\n|-miss|p1a: Garchomp|p2a: Umbreon\n|-damage|p2b: Gengar|57/100\n|cant|p2b: Gengar|flinch\n|move|p2a: Umbreon|Wish|p2a: Umbreon\n|\n|-heal|p2a: Umbreon|60/100|[from] item: Leftovers\n|-damage|p1a: Garchomp|34/100 tox|[from] psn\n|-damage|p1b: Maushold|88/100 psn|[from] psn\n|upkeep\n|turn|17\n|inactive|nschmidt3 has 30 seconds left.\n|\n|t:|1776544230\n|move|p1b: Maushold|Helping Hand|p1a: Garchomp\n|-singleturn|p1a: Garchomp|Helping Hand|[of] p1b: Maushold\n|move|p2b: Gengar|Protect|p2b: Gengar\n|-singleturn|p2b: Gengar|Protect\n|move|p2a: Umbreon|Protect|p2a: Umbreon\n|-singleturn|p2a: Umbreon|Protect\n|move|p1a: Garchomp|Rock Slide|p2a: Umbreon|[spread] \n|-activate|p2a: Umbreon|move: Protect\n|-activate|p2b: Gengar|move: Protect\n|\n|-heal|p2a: Umbreon|100/100|[from] move: Wish|[wisher] Umbreon\n|-damage|p1a: Garchomp|10/100 tox|[from] psn\n|-damage|p1b: Maushold|76/100 psn|[from] psn\n|upkeep\n|turn|18\n|inactive|genesisValt has 30 seconds left.\n|inactive|nschmidt3 has 30 seconds left.\n|\n|t:|1776544256\n|move|p1b: Maushold|Helping Hand|p1a: Garchomp\n|-singleturn|p1a: Garchomp|Helping Hand|[of] p1b: Maushold\n|move|p1a: Garchomp|Rock Slide|p2a: Umbreon|[spread] p2b\n|-miss|p1a: Garchomp|p2a: Umbreon\n|-damage|p2b: Gengar|17/100\n|move|p2b: Gengar|Dazzling Gleam|p1b: Maushold|[spread] p1a,p1b\n|-supereffective|p1a: Garchomp|1\n|-damage|p1a: Garchomp|0 fnt\n|-damage|p1b: Maushold|56/100 psn\n|faint|p1a: Garchomp\n|move|p2a: Umbreon|Throat Chop|p1b: Maushold\n|-damage|p1b: Maushold|31/100 psn\n|-start|p1b: Maushold|Throat Chop|[silent]\n|\n|-damage|p1b: Maushold|19/100 psn|[from] psn\n|upkeep\n|turn|19\n|\n|t:|1776544275\n|move|p2b: Gengar|Sludge Wave|p1b: Maushold|[spread] p2a,p1b\n|-damage|p2a: Umbreon|72/100\n|-damage|p1b: Maushold|0 fnt\n|faint|p1b: Maushold\n|\n|win|nschmidt3\n|raw|genesisValt's rating: 1046 &rarr; <strong>1027</strong><br />(-19 for losing)\n|raw|nschmidt3's rating: 1000 &rarr; <strong>1045</strong><br />(+45 for winning)\n",
  "uploadtime": 1776544280,
  "views": 26,
  "formatid": "gen9championsvgc2026regma",
  "rating": 1027,
  "private": 0,
  "password": null
}