{
  "id": "gen9championsvgc2026regma-2583930697",
  "format": "[Gen 9 Champions] VGC 2026 Reg M-A",
  "players": [
    "Hiat6578",
    "Yoshiforlife"
  ],
  "log": "|j|\u2606Hiat6578\n|j|\u2606Yoshiforlife\n|t:|1776209311\n|gametype|doubles\n|player|p1|Hiat6578|fisherman-gen4|1101\n|player|p2|Yoshiforlife|2|1085\n|gen|9\n|tier|[Gen 9 Champions] VGC 2026 Reg M-A\n|rated|\n|rule|Species Clause: Limit one of each Pok\u00e9mon\n|rule|Item Clause: Limit 1 of each item\n|clearpoke\n|poke|p1|Pinsir, L50, F|\n|poke|p1|Sneasler, L50, M|\n|poke|p1|Archaludon, L50, F|\n|poke|p1|Starmie, L50|\n|poke|p1|Rotom-Wash, L50|\n|poke|p1|Clefable, L50, F|\n|poke|p2|Delphox, L50, F|\n|poke|p2|Basculegion, L50, M|\n|poke|p2|Clefable, L50, M|\n|poke|p2|Kingambit, L50, M|\n|poke|p2|Dragonite, L50, F|\n|poke|p2|Sneasler, L50, F|\n|teampreview|4\n|inactive|Battle timer is ON: inactive players will automatically lose when time's up. (requested by Yoshiforlife)\n|inactive|Hiat6578 also wants the timer to be on.\n|inactive|Yoshiforlife has 60 seconds left.\n|\n|t:|1776209343\n|teamsize|p1|4\n|teamsize|p2|4\n|start\n|switch|p1a: Sneasler|Sneasler, L50, M|100/100\n|switch|p1b: Pinsir|Pinsir, L50, F|100/100\n|switch|p2a: Sneasler|Sneasler, L50, F|100/100\n|switch|p2b: Kingambit|Kingambit, L50, M|100/100\n|turn|1\n|inactive|Hiat6578 has 30 seconds left.\n|inactive|Hiat6578 has 20 seconds left.\n|inactive|Hiat6578 has 15 seconds left.\n|\n|t:|1776209384\n|detailschange|p1b: Pinsir|Pinsir-Mega, L50, F\n|-mega|p1b: Pinsir|Pinsir|Pinsirite\n|move|p2a: Sneasler|Fake Out|p1a: Sneasler\n|-damage|p1a: Sneasler|75/100\n|cant|p1a: Sneasler|flinch\n|move|p1b: Pinsir|Body Slam|p2a: Sneasler\n|-supereffective|p2a: Sneasler|1\n|-enditem|p2a: Sneasler|Focus Sash\n|-damage|p2a: Sneasler|1/100\n|move|p2b: Kingambit|Swords Dance|p2b: Kingambit\n|-boost|p2b: Kingambit|atk|2\n|\n|upkeep\n|turn|2\n|inactive|Yoshiforlife has 30 seconds left.\n|\n|t:|1776209414\n|move|p2b: Kingambit|Sucker Punch|p1b: Pinsir\n|-damage|p1b: Pinsir|0 fnt\n|faint|p1b: Pinsir\n|move|p2a: Sneasler|Dire Claw|p1a: Sneasler\n|-resisted|p1a: Sneasler|1\n|-damage|p1a: Sneasler|39/100\n|move|p1a: Sneasler|Close Combat|p2b: Kingambit\n|-supereffective|p2b: Kingambit|2\n|-damage|p2b: Kingambit|0 fnt\n|-unboost|p1a: Sneasler|def|1\n|-unboost|p1a: Sneasler|spd|1\n|faint|p2b: Kingambit\n|-enditem|p1a: Sneasler|White Herb\n|-clearnegativeboost|p1a: Sneasler|[silent]\n|\n|upkeep\n|\n|t:|1776209434\n|switch|p1b: Rotom|Rotom-Wash, L50, shiny|100/100\n|switch|p2b: Clefable|Clefable, L50, M|100/100\n|turn|3\n|\n|t:|1776209454\n|move|p2b: Clefable|Follow Me|p2b: Clefable\n|-singleturn|p2b: Clefable|move: Follow Me\n|move|p2a: Sneasler|Dire Claw|p1b: Rotom\n|-damage|p1b: Rotom|45/100\n|move|p1a: Sneasler|Dire Claw|p2b: Clefable\n|-supereffective|p2b: Clefable|1\n|-damage|p2b: Clefable|23/100\n|-enditem|p2b: Clefable|Sitrus Berry|[eat]\n|-heal|p2b: Clefable|48/100|[from] item: Sitrus Berry\n|move|p1b: Rotom|Will-O-Wisp|p2b: Clefable\n|-status|p2b: Clefable|brn\n|\n|-damage|p2b: Clefable|42/100 brn|[from] brn\n|upkeep\n|turn|4\n|\n|t:|1776209473\n|move|p1a: Sneasler|Protect|p1a: Sneasler\n|-singleturn|p1a: Sneasler|Protect\n|move|p1b: Rotom|Protect|p1b: Rotom\n|-singleturn|p1b: Rotom|Protect\n|move|p2b: Clefable|Follow Me|p2b: Clefable\n|-singleturn|p2b: Clefable|move: Follow Me\n|move|p2a: Sneasler|Dire Claw|p1b: Rotom\n|-activate|p1b: Rotom|move: Protect\n|\n|-damage|p2b: Clefable|36/100 brn|[from] brn\n|upkeep\n|turn|5\n|\n|t:|1776209488\n|switch|p1b: Archaludon|Archaludon, L50, F|100/100\n|move|p2b: Clefable|Follow Me|p2b: Clefable\n|-singleturn|p2b: Clefable|move: Follow Me\n|move|p2a: Sneasler|Dire Claw|p1b: Archaludon\n|-immune|p1b: Archaludon\n|move|p1a: Sneasler|Dire Claw|p2b: Clefable\n|-supereffective|p2b: Clefable|1\n|-damage|p2b: Clefable|0 fnt\n|faint|p2b: Clefable\n|\n|upkeep\n|\n|t:|1776209501\n|switch|p2b: Delphox|Delphox, L50, F|100/100\n|turn|6\n|\n|t:|1776209510\n|detailschange|p2b: Delphox|Delphox-Mega, L50, F\n|-mega|p2b: Delphox|Delphox|Delphoxite\n|move|p2a: Sneasler|Close Combat|p1b: Archaludon\n|-supereffective|p1b: Archaludon|1\n|-damage|p1b: Archaludon|6/100\n|-unboost|p2a: Sneasler|def|1\n|-unboost|p2a: Sneasler|spd|1\n|move|p1a: Sneasler|Dire Claw|p2b: Delphox\n|-damage|p2b: Delphox|36/100\n|move|p2b: Delphox|Psychic|p1a: Sneasler\n|-supereffective|p1a: Sneasler|2\n|-damage|p1a: Sneasler|0 fnt\n|faint|p1a: Sneasler\n|move|p1b: Archaludon|Snarl|p2b: Delphox|[spread] p2a,p2b\n|-resisted|p2a: Sneasler|1\n|-supereffective|p2b: Delphox|1\n|-damage|p2a: Sneasler|0 fnt\n|-damage|p2b: Delphox|8/100\n|-unboost|p2b: Delphox|spa|1\n|faint|p2a: Sneasler\n|\n|upkeep\n|\n|t:|1776209526\n|switch|p1a: Rotom|Rotom-Wash, L50, shiny|45/100\n|turn|7\n|\n|t:|1776209534\n|move|p2b: Delphox|Heat Wave|p1a: Rotom|[spread] p1b\n|-miss|p2b: Delphox|p1a: Rotom\n|-damage|p1b: Archaludon|0 fnt\n|faint|p1b: Archaludon\n|move|p1a: Rotom|Thunderbolt|p2b: Delphox\n|-damage|p2b: Delphox|0 fnt\n|faint|p2b: Delphox\n|\n|win|Hiat6578\n|raw|Hiat6578's rating: 1101 &rarr; <strong>1125</strong><br />(+24 for winning)\n|raw|Yoshiforlife's rating: 1085 &rarr; <strong>1063</strong><br />(-22 for losing)\n",
  "uploadtime": 1776209542,
  "views": 12,
  "formatid": "gen9championsvgc2026regma",
  "rating": 1063,
  "private": 0,
  "password": null
}