{
  "id": "gen9championsvgc2026regma-2583976526",
  "format": "[Gen 9 Champions] VGC 2026 Reg M-A",
  "players": [
    "FoxyOwl",
    "jadensucks"
  ],
  "log": "|j|\u2606FoxyOwl\n|j|\u2606jadensucks\n|t:|1776213461\n|gametype|doubles\n|player|p1|FoxyOwl|red|1075\n|player|p2|jadensucks|firebreather|1130\n|gen|9\n|tier|[Gen 9 Champions] VGC 2026 Reg M-A\n|rated|\n|rule|Species Clause: Limit one of each Pok\u00e9mon\n|rule|Item Clause: Limit 1 of each item\n|clearpoke\n|poke|p1|Aerodactyl, L50, M|\n|poke|p1|Delphox, L50, F|\n|poke|p1|Primarina, L50, F|\n|poke|p1|Decidueye-Hisui, L50, M|\n|poke|p1|Garchomp, L50, M|\n|poke|p1|Kingambit, L50, F|\n|poke|p2|Whimsicott, L50, M|\n|poke|p2|Gengar, L50, F|\n|poke|p2|Maushold, L50|\n|poke|p2|Incineroar, L50, M|\n|poke|p2|Gardevoir, L50, M|\n|poke|p2|Aegislash, L50, M|\n|teampreview|4\n|inactive|Battle timer is ON: inactive players will automatically lose when time's up. (requested by jadensucks)\n|inactive|FoxyOwl also wants the timer to be on.\n|j| Surge9719\n|\n|t:|1776213484\n|teamsize|p1|4\n|teamsize|p2|4\n|start\n|switch|p1a: Kingambit|Kingambit, L50, F, shiny|100/100\n|switch|p1b: Primarina|Primarina, L50, F, shiny|100/100\n|switch|p2a: Maushold|Maushold, L50|100/100\n|switch|p2b: Gengar|Gengar, L50, F|100/100\n|turn|1\n|\n|t:|1776213502\n|detailschange|p2b: Gengar|Gengar-Mega, L50, F\n|-mega|p2b: Gengar|Gengar|Gengarite\n|move|p2a: Maushold|Follow Me|p2a: Maushold\n|-singleturn|p2a: Maushold|move: Follow Me\n|move|p2b: Gengar|Perish Song|p2b: Gengar\n|-start|p1a: Kingambit|perish3|[silent]\n|-start|p1b: Primarina|perish3|[silent]\n|-start|p2a: Maushold|perish3|[silent]\n|-start|p2b: Gengar|perish3|[silent]\n|-fieldactivate|move: Perish Song\n|move|p1b: Primarina|Hyper Voice|p2a: Maushold|[spread] p2a,p2b\n|-damage|p2a: Maushold|47/100\n|-damage|p2b: Gengar|61/100\n|move|p1a: Kingambit|Kowtow Cleave|p2a: Maushold\n|-damage|p2a: Maushold|0 fnt\n|faint|p2a: Maushold\n|\n|-start|p2b: Gengar|perish3\n|-start|p1b: Primarina|perish3\n|-start|p1a: Kingambit|perish3\n|upkeep\n|\n|t:|1776213520\n|switch|p2a: Incineroar|Incineroar, L50, M|100/100\n|-ability|p2a: Incineroar|Intimidate|boost\n|-unboost|p1a: Kingambit|atk|1\n|-ability|p1a: Kingambit|Defiant|boost\n|-boost|p1a: Kingambit|atk|2\n|-unboost|p1b: Primarina|atk|1\n|turn|2\n|\n|t:|1776213525\n|move|p2a: Incineroar|Fake Out|p1a: Kingambit\n|-resisted|p1a: Kingambit|1\n|-damage|p1a: Kingambit|95/100\n|move|p2b: Gengar|Sludge Bomb|p1b: Primarina\n|-supereffective|p1b: Primarina|1\n|-damage|p1b: Primarina|6/100\n|move|p1b: Primarina|Hyper Voice|p2b: Gengar|[spread] p2a,p2b\n|-supereffective|p2a: Incineroar|1\n|-damage|p2a: Incineroar|22/100\n|-damage|p2b: Gengar|13/100\n|-enditem|p2a: Incineroar|Sitrus Berry|[eat]\n|-heal|p2a: Incineroar|46/100|[from] item: Sitrus Berry\n|cant|p1a: Kingambit|flinch\n|\n|-start|p2b: Gengar|perish2\n|-start|p1b: Primarina|perish2\n|-start|p1a: Kingambit|perish2\n|upkeep\n|turn|3\n|\n|t:|1776213543\n|move|p2b: Gengar|Protect|p2b: Gengar\n|-singleturn|p2b: Gengar|Protect\n|move|p1a: Kingambit|Sucker Punch||[still]\n|-fail|p1a: Kingambit\n|move|p1b: Primarina|Hyper Voice|p2b: Gengar|[spread] p2a\n|-activate|p2b: Gengar|move: Protect\n|-supereffective|p2a: Incineroar|1\n|-damage|p2a: Incineroar|0 fnt\n|faint|p2a: Incineroar\n|\n|-start|p2b: Gengar|perish1\n|-start|p1b: Primarina|perish1\n|-start|p1a: Kingambit|perish1\n|upkeep\n|\n|t:|1776213554\n|switch|p2a: Whimsicott|Whimsicott, L50, M|100/100\n|turn|4\n|\n|t:|1776213562\n|move|p2b: Gengar|Protect||[still]\n|-fail|p2b: Gengar\n|move|p2a: Whimsicott|Moonblast|p1b: Primarina\n|-damage|p1b: Primarina|0 fnt\n|faint|p1b: Primarina\n|move|p1a: Kingambit|Iron Head|p2a: Whimsicott\n|-supereffective|p2a: Whimsicott|1\n|-enditem|p2a: Whimsicott|Focus Sash\n|-damage|p2a: Whimsicott|1/100\n|\n|-start|p2b: Gengar|perish0\n|-start|p1a: Kingambit|perish0\n|upkeep\n|faint|p2b: Gengar\n|faint|p1a: Kingambit\n|\n|t:|1776213567\n|switch|p1b: Garchomp|Garchomp, L50, M, shiny|100/100\n|switch|p1a: Delphox|Delphox, L50, F, shiny|100/100\n|turn|5\n|\n|t:|1776213571\n|detailschange|p1a: Delphox|Delphox-Mega, L50, F, shiny\n|-mega|p1a: Delphox|Delphox|Delphoxite\n|move|p1a: Delphox|Heat Wave|p2a: Whimsicott\n|-supereffective|p2a: Whimsicott|1\n|-damage|p2a: Whimsicott|0 fnt\n|faint|p2a: Whimsicott\n|\n|win|FoxyOwl\n|raw|FoxyOwl's rating: 1075 &rarr; <strong>1108</strong><br />(+33 for winning)\n|raw|jadensucks's rating: 1130 &rarr; <strong>1101</strong><br />(-29 for losing)\n|l|\u2606jadensucks\n|player|p2|\n|l| Surge9719\n",
  "uploadtime": 1776213616,
  "views": 16,
  "formatid": "gen9championsvgc2026regma",
  "rating": 1101,
  "private": 0,
  "password": null
}