{
  "id": "gen9championsvgc2026regma-2582008182",
  "format": "[Gen 9 Champions] VGC 2026 Reg M-A",
  "players": [
    "bastiodonfan",
    "SirNeru"
  ],
  "log": "|j|\u2606bastiodonfan\n|j|\u2606SirNeru\n|t:|1776047861\n|gametype|doubles\n|player|p1|bastiodonfan|colress|1127\n|player|p2|SirNeru|101|1089\n|gen|9\n|tier|[Gen 9 Champions] VGC 2026 Reg M-A\n|rated|\n|rule|Species Clause: Limit one of each Pok\u00e9mon\n|rule|Item Clause: Limit 1 of each item\n|clearpoke\n|poke|p1|Delphox, L50, F|\n|poke|p1|Garchomp, L50, M|\n|poke|p1|Sneasler, L50, M|\n|poke|p1|Rotom-Wash, L50|\n|poke|p1|Corviknight, L50, M|\n|poke|p1|Whimsicott, L50, F|\n|poke|p2|Beedrill, L50, F|\n|poke|p2|Palafin, L50, M|\n|poke|p2|Incineroar, L50, M|\n|poke|p2|Whimsicott, L50, F|\n|poke|p2|Weavile, L50, M|\n|poke|p2|Aerodactyl, L50, M|\n|teampreview|4\n|inactive|Battle timer is ON: inactive players will automatically lose when time's up. (requested by bastiodonfan)\n|\n|t:|1776047892\n|teamsize|p1|4\n|teamsize|p2|4\n|start\n|switch|p1a: Sneasler|Sneasler, L50, M|100/100\n|switch|p1b: Corviknight|Corviknight, L50, M|100/100\n|switch|p2a: Whimsicott|Whimsicott, L50, F, shiny|100/100\n|switch|p2b: Palafin|Palafin, L50, M|100/100\n|turn|1\n|l|\u2606SirNeru\n|inactive|SirNeru disconnected and has a minute to reconnect!\n|player|p2|\n|inactive|bastiodonfan has 30 seconds left.\n|\n|t:|1776047917\n|move|p2a: Whimsicott|Protect|p2a: Whimsicott\n|-singleturn|p2a: Whimsicott|Protect\n|move|p1a: Sneasler|Dire Claw|p2a: Whimsicott\n|-activate|p2a: Whimsicott|move: Protect\n|move|p2b: Palafin|Flip Turn|p1a: Sneasler\n|-damage|p1a: Sneasler|54/100\n|j|\u2606SirNeru\n|inactive|SirNeru reconnected and has 35 seconds left.\n|player|p2|SirNeru|101|\n|inactive|SirNeru has 30 seconds left.\n|\n|t:|1776047943\n|detailschange|p2b: Palafin|Palafin-Hero, L50, M\n|switch|p2b: Incineroar|Incineroar, L50, M|100/100|[from] Flip Turn\n|-ability|p2b: Incineroar|Intimidate|boost\n|-unboost|p1a: Sneasler|atk|1\n|-ability|p1b: Corviknight|Mirror Armor\n|-unboost|p2b: Incineroar|atk|1\n|-enditem|p1a: Sneasler|White Herb\n|-clearnegativeboost|p1a: Sneasler|[silent]\n|move|p1b: Corviknight|Bulk Up|p1b: Corviknight\n|-boost|p1b: Corviknight|atk|1\n|-boost|p1b: Corviknight|def|1\n|\n|upkeep\n|turn|2\n|\n|t:|1776047967\n|switch|p1a: Whimsicott|Whimsicott, L50, F|100/100\n|move|p2b: Incineroar|Fake Out|p1a: Whimsicott\n|-damage|p1a: Whimsicott|87/100\n|move|p2a: Whimsicott|Encore|p1b: Corviknight\n|-start|p1b: Corviknight|Encore\n|move|p1b: Corviknight|Bulk Up|p1b: Corviknight\n|-boost|p1b: Corviknight|atk|1\n|-boost|p1b: Corviknight|def|1\n|\n|upkeep\n|turn|3\n|\n|t:|1776047978\n|move|p2a: Whimsicott|Tailwind|p2a: Whimsicott\n|-sidestart|p2: SirNeru|move: Tailwind\n|move|p1a: Whimsicott|Moonblast|p2a: Whimsicott\n|-damage|p2a: Whimsicott|42/100\n|-unboost|p2a: Whimsicott|spa|1\n|move|p2b: Incineroar|Flare Blitz|p1a: Whimsicott\n|-supereffective|p1a: Whimsicott|1\n|-damage|p1a: Whimsicott|0 fnt\n|faint|p1a: Whimsicott\n|-damage|p2b: Incineroar|81/100|[from] Recoil\n|move|p1b: Corviknight|Bulk Up|p1b: Corviknight\n|-boost|p1b: Corviknight|atk|1\n|-boost|p1b: Corviknight|def|1\n|\n|upkeep\n|\n|t:|1776047981\n|switch|p1a: Garchomp|Garchomp, L50, M|100/100\n|turn|4\n|\n|t:|1776047995\n|move|p2a: Whimsicott|Moonblast|p1a: Garchomp\n|-supereffective|p1a: Garchomp|1\n|-damage|p1a: Garchomp|45/100\n|move|p1a: Garchomp|Earthquake|p2a: Whimsicott|[spread] p2a,p2b\n|-immune|p1b: Corviknight\n|-resisted|p2a: Whimsicott|1\n|-supereffective|p2b: Incineroar|1\n|-damage|p2a: Whimsicott|9/100\n|-damage|p2b: Incineroar|1/100\n|move|p2b: Incineroar|Flare Blitz|p1a: Garchomp\n|-resisted|p1a: Garchomp|1\n|-damage|p1a: Garchomp|25/100\n|-damage|p2b: Incineroar|0 fnt|[from] ability: Rough Skin|[of] p1a: Garchomp\n|faint|p2b: Incineroar\n|move|p1b: Corviknight|Bulk Up|p1b: Corviknight\n|-boost|p1b: Corviknight|atk|1\n|-boost|p1b: Corviknight|def|1\n|\n|-end|p1b: Corviknight|Encore\n|upkeep\n|\n|t:|1776048007\n|switch|p2b: Palafin|Palafin-Hero, L50, M|100/100\n|-activate|p2b: Palafin|ability: Zero to Hero\n|turn|5\n|l|\u2606SirNeru\n|inactive|SirNeru disconnected and has a minute to reconnect!\n|player|p2|\n|inactive|bastiodonfan has 30 seconds left.\n|\n|t:|1776048036\n|move|p2a: Whimsicott|Encore|p1b: Corviknight\n|-start|p1b: Corviknight|Encore\n|move|p2b: Palafin|Jet Punch|p1a: Garchomp\n|-damage|p1a: Garchomp|0 fnt\n|-damage|p2b: Palafin|88/100|[from] ability: Rough Skin|[of] p1a: Garchomp\n|faint|p1a: Garchomp\n|move|p1b: Corviknight|Bulk Up|p1b: Corviknight\n|-boost|p1b: Corviknight|atk|1\n|-boost|p1b: Corviknight|def|1\n|\n|upkeep\n|\n|t:|1776048038\n|switch|p1a: Sneasler|Sneasler, L50, M|54/100\n|turn|6\n|j|\u2606SirNeru\n|inactive|SirNeru reconnected and has 55 seconds left.\n|player|p2|SirNeru|101|\n|\n|t:|1776048047\n|move|p2a: Whimsicott|Protect|p2a: Whimsicott\n|-singleturn|p2a: Whimsicott|Protect\n|move|p1a: Sneasler|Fake Out|p2a: Whimsicott\n|-activate|p2a: Whimsicott|move: Protect\n|move|p2b: Palafin|Jet Punch|p1a: Sneasler\n|-damage|p1a: Sneasler|0 fnt\n|faint|p1a: Sneasler\n|move|p1b: Corviknight|Bulk Up|p1b: Corviknight\n|-boost|p1b: Corviknight|atk|1\n|-boost|p1b: Corviknight|def|1\n|\n|-sideend|p2: SirNeru|move: Tailwind\n|upkeep\n|turn|7\n|\n|t:|1776048058\n|move|p2b: Palafin|Jet Punch|p1b: Corviknight\n|-crit|p1b: Corviknight\n|-damage|p1b: Corviknight|55/100\n|move|p2a: Whimsicott|Moonblast|p1b: Corviknight\n|-resisted|p1b: Corviknight|1\n|-damage|p1b: Corviknight|44/100\n|move|p1b: Corviknight|Bulk Up|p1b: Corviknight\n|-boost|p1b: Corviknight|atk|0\n|-boost|p1b: Corviknight|def|0\n|\n|-heal|p1b: Corviknight|50/100|[from] item: Leftovers\n|-end|p1b: Corviknight|Encore\n|upkeep\n|turn|8\n|\n|t:|1776048065\n|move|p2a: Whimsicott|Encore|p1b: Corviknight\n|-start|p1b: Corviknight|Encore\n|move|p2b: Palafin|Wave Crash|p1b: Corviknight\n|-damage|p1b: Corviknight|34/100\n|-damage|p2b: Palafin|82/100|[from] Recoil\n|move|p1b: Corviknight|Bulk Up|p1b: Corviknight\n|-boost|p1b: Corviknight|atk|0\n|-boost|p1b: Corviknight|def|0\n|\n|-heal|p1b: Corviknight|40/100|[from] item: Leftovers\n|upkeep\n|turn|9\n|\n|t:|1776048070\n|move|p2b: Palafin|Jet Punch|p1b: Corviknight\n|-damage|p1b: Corviknight|31/100\n|move|p2a: Whimsicott|Moonblast|p1b: Corviknight\n|-resisted|p1b: Corviknight|1\n|-damage|p1b: Corviknight|20/100\n|move|p1b: Corviknight|Bulk Up|p1b: Corviknight\n|-boost|p1b: Corviknight|atk|0\n|-boost|p1b: Corviknight|def|0\n|\n|-heal|p1b: Corviknight|26/100|[from] item: Leftovers\n|upkeep\n|turn|10\n|\n|t:|1776048078\n|move|p2a: Whimsicott|Moonblast|p1b: Corviknight\n|-resisted|p1b: Corviknight|1\n|-damage|p1b: Corviknight|16/100\n|move|p2b: Palafin|Wave Crash|p1b: Corviknight\n|-damage|p1b: Corviknight|1/100\n|-damage|p2b: Palafin|77/100|[from] Recoil\n|move|p1b: Corviknight|Bulk Up|p1b: Corviknight\n|-boost|p1b: Corviknight|atk|0\n|-boost|p1b: Corviknight|def|0\n|\n|-heal|p1b: Corviknight|7/100|[from] item: Leftovers\n|-end|p1b: Corviknight|Encore\n|upkeep\n|turn|11\n|-message|bastiodonfan forfeited.\n|\n|win|SirNeru\n|raw|bastiodonfan's rating: 1127 &rarr; <strong>1099</strong><br />(-28 for losing)\n|raw|SirNeru's rating: 1089 &rarr; <strong>1119</strong><br />(+30 for winning)\n|l|\u2606bastiodonfan\n|player|p1|\n",
  "uploadtime": 1776048088,
  "views": 23,
  "formatid": "gen9championsvgc2026regma",
  "rating": 1099,
  "private": 0,
  "password": null
}