{
  "id": "gen9championsvgc2026regma-2585974435",
  "format": "[Gen 9 Champions] VGC 2026 Reg M-A",
  "players": [
    "dune's kitchen",
    "wtfamidoing.jpeg"
  ],
  "log": "|j|\u2606dune's kitchen\n|j|\u2606wtfamidoing.jpeg\n|t:|1776386610\n|gametype|doubles\n|player|p1|dune's kitchen|baker|1113\n|player|p2|wtfamidoing.jpeg|169|1052\n|gen|9\n|tier|[Gen 9 Champions] VGC 2026 Reg M-A\n|rated|\n|rule|Species Clause: Limit one of each Pok\u00e9mon\n|rule|Item Clause: Limit 1 of each item\n|clearpoke\n|poke|p1|Passimian, L50, F|\n|poke|p1|Scovillain, L50, F|\n|poke|p1|Torkoal, L50, F|\n|poke|p1|Hatterene, L50, F|\n|poke|p1|Maushold, L50|\n|poke|p1|Goodra-Hisui, L50, M|\n|poke|p2|Glalie, L50, F|\n|poke|p2|Gardevoir, L50, F|\n|poke|p2|Ninetales-Alola, L50, F|\n|poke|p2|Aerodactyl, L50, M|\n|poke|p2|Sinistcha, L50|\n|poke|p2|Excadrill, L50, M|\n|teampreview|4\n|\n|t:|1776386646\n|teamsize|p1|4\n|teamsize|p2|4\n|start\n|switch|p1a: Passimian|Passimian, L50, F|100/100\n|switch|p1b: Scovillain|Scovillain, L50, F|100/100\n|switch|p2a: Aerodactyl|Aerodactyl, L50, M|100/100\n|switch|p2b: Ninetales|Ninetales-Alola, L50, F|100/100\n|-ability|p2a: Aerodactyl|Unnerve\n|-weather|Snowscape|[from] ability: Snow Warning|[of] p2b: Ninetales\n|turn|1\n|\n|t:|1776386677\n|detailschange|p1b: Scovillain|Scovillain-Mega, L50, F\n|-mega|p1b: Scovillain|Scovillain|Scovillainite\n|move|p2a: Aerodactyl|Rock Slide|p1a: Passimian|[spread] p1a,p1b\n|-resisted|p1a: Passimian|1\n|-supereffective|p1b: Scovillain|1\n|-damage|p1a: Passimian|87/100\n|-damage|p1b: Scovillain|47/100\n|-status|p2a: Aerodactyl|brn|[from] ability: Spicy Spray|[of] p1b: Scovillain\n|move|p2b: Ninetales|Aurora Veil|p2b: Ninetales\n|-sidestart|p2: wtfamidoing.jpeg|move: Aurora Veil\n|move|p1a: Passimian|Rock Slide|p2b: Ninetales|[spread] p2a,p2b\n|-supereffective|p2a: Aerodactyl|1\n|-supereffective|p2b: Ninetales|1\n|-damage|p2a: Aerodactyl|62/100 brn\n|-damage|p2b: Ninetales|80/100\n|move|p1b: Scovillain|Overheat|p2b: Ninetales\n|-supereffective|p2b: Ninetales|1\n|-damage|p2b: Ninetales|0 fnt\n|-unboost|p1b: Scovillain|spa|2\n|faint|p2b: Ninetales\n|\n|-weather|Snowscape|[upkeep]\n|-damage|p2a: Aerodactyl|57/100 brn|[from] brn\n|upkeep\n|\n|t:|1776386693\n|switch|p2b: Excadrill|Excadrill, L50, M|100/100\n|-ability|p2b: Excadrill|Mold Breaker\n|turn|2\n|\n|t:|1776386712\n|detailschange|p2b: Excadrill|Excadrill-Mega, L50, M\n|-mega|p2b: Excadrill|Excadrill|Excadrite\n|move|p1b: Scovillain|Rage Powder|p1b: Scovillain\n|-singleturn|p1b: Scovillain|move: Rage Powder\n|move|p2a: Aerodactyl|Tailwind|p2a: Aerodactyl\n|-sidestart|p2: wtfamidoing.jpeg|move: Tailwind\n|move|p2b: Excadrill|Rock Slide|p1a: Passimian|[spread] p1a,p1b\n|-resisted|p1a: Passimian|1\n|-supereffective|p1b: Scovillain|1\n|-damage|p1a: Passimian|74/100\n|-damage|p1b: Scovillain|0 fnt\n|-status|p2b: Excadrill|brn|[from] ability: Spicy Spray|[of] p1b: Scovillain\n|faint|p1b: Scovillain\n|-ability|p1a: Passimian|Spicy Spray|Receiver|[from] ability: Receiver|[of] p1b: Scovillain\n|move|p1a: Passimian|Close Combat|p2b: Excadrill\n|-supereffective|p2b: Excadrill|1\n|-damage|p2b: Excadrill|26/100 brn\n|-unboost|p1a: Passimian|def|1\n|-unboost|p1a: Passimian|spd|1\n|-enditem|p1a: Passimian|White Herb\n|-clearnegativeboost|p1a: Passimian|[silent]\n|\n|-weather|Snowscape|[upkeep]\n|-damage|p2a: Aerodactyl|51/100 brn|[from] brn\n|-damage|p2b: Excadrill|20/100 brn|[from] brn\n|upkeep\n|\n|t:|1776386722\n|switch|p1b: Hatterene|Hatterene, L50, F|100/100\n|turn|3\n|\n|t:|1776386735\n|move|p2a: Aerodactyl|Taunt|p1b: Hatterene\n|move|p1b: Hatterene|Taunt|p2a: Aerodactyl|[from] ability: Magic Bounce\n|-start|p2a: Aerodactyl|move: Taunt\n|-enditem|p2a: Aerodactyl|Mental Herb\n|-end|p2a: Aerodactyl|move: Taunt\n|move|p2b: Excadrill|Earthquake|p1a: Passimian|[spread] p1a,p1b\n|-immune|p2a: Aerodactyl\n|-damage|p1a: Passimian|48/100\n|-damage|p1b: Hatterene|74/100\n|move|p1a: Passimian|Close Combat|p2b: Excadrill\n|-supereffective|p2b: Excadrill|1\n|-damage|p2b: Excadrill|0 fnt\n|-unboost|p1a: Passimian|def|1\n|-unboost|p1a: Passimian|spd|1\n|faint|p2b: Excadrill\n|move|p1b: Hatterene|Trick Room|p1b: Hatterene\n|-fieldstart|move: Trick Room|[of] p1b: Hatterene\n|\n|-weather|Snowscape|[upkeep]\n|-damage|p2a: Aerodactyl|45/100 brn|[from] brn\n|upkeep\n|\n|t:|1776386746\n|switch|p2b: Sinistcha|Sinistcha, L50|100/100\n|-heal|p2a: Aerodactyl|70/100 brn|[from] ability: Hospitality|[of] p2b: Sinistcha\n|turn|4\n|\n|t:|1776386755\n|move|p1b: Hatterene|Calm Mind|p1b: Hatterene\n|-boost|p1b: Hatterene|spa|1\n|-boost|p1b: Hatterene|spd|1\n|move|p1a: Passimian|Rock Slide|p2a: Aerodactyl|[spread] p2a,p2b\n|-supereffective|p2a: Aerodactyl|1\n|-damage|p2a: Aerodactyl|29/100 brn\n|-damage|p2b: Sinistcha|91/100\n|move|p2b: Sinistcha|Matcha Gotcha|p1b: Hatterene|[spread] p1a\n|-miss|p2b: Sinistcha|p1b: Hatterene\n|-damage|p1a: Passimian|0 fnt\n|-heal|p2b: Sinistcha|100/100|[from] drain|[of] p1a: Passimian\n|-status|p2b: Sinistcha|brn|[from] ability: Spicy Spray|[of] p1a: Passimian\n|faint|p1a: Passimian\n|move|p2a: Aerodactyl|Rock Slide|p1b: Hatterene\n|-damage|p1b: Hatterene|57/100\n|\n|-weather|Snowscape|[upkeep]\n|-damage|p2b: Sinistcha|95/100 brn|[from] brn\n|-damage|p2a: Aerodactyl|23/100 brn|[from] brn\n|upkeep\n|\n|t:|1776386758\n|switch|p1a: Torkoal|Torkoal, L50, F|100/100\n|-weather|SunnyDay|[from] ability: Drought|[of] p1a: Torkoal\n|turn|5\n|\n|t:|1776386772\n|move|p1a: Torkoal|Eruption|p2a: Aerodactyl|[spread] p2a,p2b\n|-resisted|p2a: Aerodactyl|1\n|-supereffective|p2b: Sinistcha|1\n|-damage|p2a: Aerodactyl|0 fnt\n|-damage|p2b: Sinistcha|0 fnt\n|faint|p2a: Aerodactyl\n|faint|p2b: Sinistcha\n|\n|win|dune's kitchen\n|raw|dune&apos;s kitchen's rating: 1113 &rarr; <strong>1134</strong><br />(+21 for winning)\n|raw|wtfamidoing.jpeg's rating: 1052 &rarr; <strong>1037</strong><br />(-15 for losing)\n",
  "uploadtime": 1776386776,
  "views": 28,
  "formatid": "gen9championsvgc2026regma",
  "rating": 1037,
  "private": 0,
  "password": null
}