{
  "id": "gen9championsvgc2026regma-2580997434",
  "format": "[Gen 9 Champions] VGC 2026 Reg M-A",
  "players": [
    "adamscountysheriff",
    "roodlethenoodle"
  ],
  "log": "|j|\u2606adamscountysheriff\n|j|\u2606roodlethenoodle\n|t:|1775950230\n|gametype|doubles\n|player|p1|adamscountysheriff|policeman-gen4|1218\n|player|p2|roodlethenoodle|cilan|1284\n|gen|9\n|tier|[Gen 9 Champions] VGC 2026 Reg M-A\n|rated|\n|rule|Species Clause: Limit one of each Pok\u00e9mon\n|rule|Item Clause: Limit 1 of each item\n|clearpoke\n|poke|p1|Delphox, L50, F|\n|poke|p1|Sinistcha, L50|\n|poke|p1|Empoleon, L50, M|\n|poke|p1|Krookodile, L50, M|\n|poke|p1|Aerodactyl, L50, M|\n|poke|p1|Conkeldurr, L50, M|\n|poke|p2|Incineroar, L50, M|\n|poke|p2|Floette-Eternal, L50, F|\n|poke|p2|Rotom-Wash, L50|\n|poke|p2|Garchomp, L50, F|\n|poke|p2|Sinistcha, L50|\n|poke|p2|Orthworm, L50, M|\n|teampreview|4\n|\n|t:|1775950288\n|teamsize|p1|4\n|teamsize|p2|4\n|start\n|switch|p1a: Delphox|Delphox, L50, F|100/100\n|switch|p1b: Empoleon|Empoleon, L50, M|100/100\n|switch|p2a: Rotom|Rotom-Wash, L50|100/100\n|switch|p2b: Floette|Floette-Eternal, L50, F|100/100\n|turn|1\n|\n|t:|1775950309\n|detailschange|p1a: Delphox|Delphox-Mega, L50, F\n|-mega|p1a: Delphox|Delphox|Delphoxite\n|detailschange|p2b: Floette|Floette-Mega, L50, F\n|-mega|p2b: Floette|Floette|Floettite\n|-ability|p2b: Floette|Fairy Aura\n|move|p2a: Rotom|Thunderbolt|p1b: Empoleon\n|-supereffective|p1b: Empoleon|1\n|-damage|p1b: Empoleon|23/100\n|move|p1a: Delphox|Calm Mind|p1a: Delphox\n|-boost|p1a: Delphox|spa|1\n|-boost|p1a: Delphox|spd|1\n|move|p2b: Floette|Calm Mind|p2b: Floette\n|-boost|p2b: Floette|spa|1\n|-boost|p2b: Floette|spd|1\n|move|p1b: Empoleon|Flash Cannon|p2b: Floette\n|-supereffective|p2b: Floette|1\n|-damage|p2b: Floette|66/100\n|\n|upkeep\n|turn|2\n|\n|t:|1775950329\n|move|p1b: Empoleon|Protect|p1b: Empoleon\n|-singleturn|p1b: Empoleon|Protect\n|move|p2a: Rotom|Thunderbolt|p1a: Delphox\n|-damage|p1a: Delphox|71/100\n|move|p1a: Delphox|Calm Mind|p1a: Delphox\n|-boost|p1a: Delphox|spa|1\n|-boost|p1a: Delphox|spd|1\n|move|p2b: Floette|Dazzling Gleam|p1b: Empoleon|[spread] p1a\n|-activate|p1b: Empoleon|move: Protect\n|-resisted|p1a: Delphox|1\n|-damage|p1a: Delphox|54/100\n|\n|upkeep\n|turn|3\n|\n|t:|1775950344\n|switch|p1b: Sinistcha|Sinistcha, L50|100/100\n|-heal|p1a: Delphox|79/100|[from] ability: Hospitality|[of] p1b: Sinistcha\n|move|p2a: Rotom|Thunderbolt|p1a: Delphox\n|-damage|p1a: Delphox|57/100\n|move|p1a: Delphox|Psyshock|p2b: Floette\n|-damage|p2b: Floette|0 fnt\n|faint|p2b: Floette\n|\n|upkeep\n|\n|t:|1775950353\n|switch|p2b: Garchomp|Garchomp, L50, F|100/100\n|turn|4\n|\n|t:|1775950363\n|switch|p1b: Krookodile|Krookodile, L50, M|100/100\n|-ability|p1b: Krookodile|Intimidate|boost\n|-unboost|p2a: Rotom|atk|1\n|-unboost|p2b: Garchomp|atk|1\n|move|p1a: Delphox|Protect|p1a: Delphox\n|-singleturn|p1a: Delphox|Protect\n|move|p2a: Rotom|Thunderbolt|p1a: Delphox\n|-activate|p1a: Delphox|move: Protect\n|move|p2b: Garchomp|Stone Edge|p1a: Delphox\n|-activate|p1a: Delphox|move: Protect\n|\n|upkeep\n|turn|5\n|\n|t:|1775950374\n|switch|p2a: Sinistcha|Sinistcha, L50|100/100\n|move|p1b: Krookodile|Knock Off|p2b: Garchomp\n|-damage|p2b: Garchomp|47/100\n|-damage|p1b: Krookodile|88/100|[from] ability: Rough Skin|[of] p2b: Garchomp\n|-enditem|p2b: Garchomp|Soft Sand|[from] move: Knock Off|[of] p1b: Krookodile\n|move|p1a: Delphox|Psyshock|p2b: Garchomp\n|-damage|p2b: Garchomp|0 fnt\n|faint|p2b: Garchomp\n|\n|upkeep\n|\n|t:|1775950386\n|switch|p2b: Rotom|Rotom-Wash, L50|100/100\n|turn|6\n|\n|t:|1775950391\n|switch|p1b: Sinistcha|Sinistcha, L50|100/100\n|-heal|p1a: Delphox|82/100|[from] ability: Hospitality|[of] p1b: Sinistcha\n|move|p1a: Delphox|Protect|p1a: Delphox\n|-singleturn|p1a: Delphox|Protect\n|move|p2b: Rotom|Hydro Pump|p1a: Delphox\n|-activate|p1a: Delphox|move: Protect\n|move|p2a: Sinistcha|Matcha Gotcha|p1a: Delphox|[spread] p1b\n|-activate|p1a: Delphox|move: Protect\n|-resisted|p1b: Sinistcha|1\n|-damage|p1b: Sinistcha|90/100\n|-status|p1b: Sinistcha|brn\n|\n|-damage|p1b: Sinistcha|83/100 brn|[from] brn\n|upkeep\n|turn|7\n|\n|t:|1775950400\n|move|p1b: Sinistcha|Rage Powder|p1b: Sinistcha\n|-singleturn|p1b: Sinistcha|move: Rage Powder\n|move|p2b: Rotom|Hydro Pump|p1b: Sinistcha\n|-resisted|p1b: Sinistcha|1\n|-damage|p1b: Sinistcha|57/100 brn\n|move|p1a: Delphox|Heat Wave|p2a: Sinistcha|[spread] p2a,p2b\n|-supereffective|p2a: Sinistcha|1\n|-enditem|p2a: Sinistcha|Occa Berry|[eat]\n|-enditem|p2a: Sinistcha|Occa Berry|[weaken]\n|-resisted|p2b: Rotom|1\n|-damage|p2a: Sinistcha|38/100\n|-damage|p2b: Rotom|49/100\n|move|p2a: Sinistcha|Matcha Gotcha|p1a: Delphox|[spread] p1a,p1b\n|-resisted|p1a: Delphox|1\n|-resisted|p1b: Sinistcha|1\n|-damage|p1a: Delphox|77/100\n|-heal|p2a: Sinistcha|41/100|[from] drain|[of] p1a: Delphox\n|-damage|p1b: Sinistcha|45/100 brn\n|-heal|p2a: Sinistcha|47/100|[from] drain|[of] p1b: Sinistcha\n|-enditem|p1b: Sinistcha|Sitrus Berry|[eat]\n|-heal|p1b: Sinistcha|70/100 brn|[from] item: Sitrus Berry\n|\n|-damage|p1b: Sinistcha|64/100 brn|[from] brn\n|upkeep\n|turn|8\n|\n|t:|1775950411\n|move|p1b: Sinistcha|Rage Powder|p1b: Sinistcha\n|-singleturn|p1b: Sinistcha|move: Rage Powder\n|move|p2b: Rotom|Hydro Pump|p1b: Sinistcha\n|-resisted|p1b: Sinistcha|1\n|-crit|p1b: Sinistcha\n|-damage|p1b: Sinistcha|28/100 brn\n|move|p1a: Delphox|Heat Wave|p2a: Sinistcha|[spread] p2a,p2b\n|-supereffective|p2a: Sinistcha|1\n|-resisted|p2b: Rotom|1\n|-damage|p2a: Sinistcha|0 fnt\n|-damage|p2b: Rotom|0 fnt\n|faint|p2a: Sinistcha\n|faint|p2b: Rotom\n|\n|win|adamscountysheriff\n|raw|adamscountysheriff's rating: 1218 &rarr; <strong>1248</strong><br />(+30 for winning)\n|raw|roodlethenoodle's rating: 1284 &rarr; <strong>1254</strong><br />(-30 for losing)\n",
  "uploadtime": 1775950420,
  "views": 48,
  "formatid": "gen9championsvgc2026regma",
  "rating": 1248,
  "private": 0,
  "password": null
}