{
  "id": "gen9championsvgc2026regma-2582274246",
  "format": "[Gen 9 Champions] VGC 2026 Reg M-A",
  "players": [
    "Cereales_Hacendado",
    "magicallamp"
  ],
  "log": "|j|\u2606Cereales_Hacendado\n|j|\u2606magicallamp\n|t:|1776078691\n|gametype|doubles\n|player|p1|Cereales_Hacendado|265|1341\n|player|p2|magicallamp|266|1384\n|gen|9\n|tier|[Gen 9 Champions] VGC 2026 Reg M-A\n|rated|\n|rule|Species Clause: Limit one of each Pok\u00e9mon\n|rule|Item Clause: Limit 1 of each item\n|clearpoke\n|poke|p1|Pinsir, L50, F|\n|poke|p1|Milotic, L50, M|\n|poke|p1|Corviknight, L50, M|\n|poke|p1|Rotom-Heat, L50|\n|poke|p1|Glimmora, L50, M|\n|poke|p1|Scovillain, L50, F|\n|poke|p2|Floette-Eternal, L50, F|\n|poke|p2|Charizard, L50, M|\n|poke|p2|Garchomp, L50, F|\n|poke|p2|Aerodactyl, L50, M|\n|poke|p2|Rotom-Wash, L50|\n|poke|p2|Incineroar, L50, F|\n|teampreview|4\nCereales_Hacendado rejected open team sheets.\n|\n|t:|1776078728\n|teamsize|p1|4\n|teamsize|p2|4\n|start\n|switch|p1a: La Exploradora|Glimmora, L50, M, shiny|100/100\n|switch|p1b: Ayuso|Milotic, L50, M, shiny|100/100\n|switch|p2a: Charizard|Charizard, L50, M|100/100\n|switch|p2b: Garchomp|Garchomp, L50, F|100/100\n|turn|1\n|\n|t:|1776078742\n|detailschange|p2a: Charizard|Charizard-Mega-Y, L50, M\n|-mega|p2a: Charizard|Charizard|Charizardite Y\n|-weather|SunnyDay|[from] ability: Drought|[of] p2a: Charizard\n|move|p1a: La Exploradora|Spiky Shield|p1a: La Exploradora\n|-singleturn|p1a: La Exploradora|move: Protect\n|move|p2b: Garchomp|Earthquake|p1a: La Exploradora|[spread] p1b\n|-activate|p1a: La Exploradora|move: Protect\n|-immune|p2a: Charizard\n|-damage|p1b: Ayuso|67/100\n|move|p2a: Charizard|Solar Beam||[still]\n|-prepare|p2a: Charizard|Solar Beam\n|-anim|p2a: Charizard|Solar Beam|p1b: Ayuso\n|-supereffective|p1b: Ayuso|1\n|-enditem|p1b: Ayuso|Rindo Berry|[eat]\n|-enditem|p1b: Ayuso|Rindo Berry|[weaken]\n|-damage|p1b: Ayuso|31/100\n|move|p1b: Ayuso|Icy Wind|p2b: Garchomp|[spread] p2a,p2b\n|-supereffective|p2b: Garchomp|2\n|-damage|p2a: Charizard|91/100\n|-damage|p2b: Garchomp|57/100\n|-unboost|p2a: Charizard|spe|1\n|-unboost|p2b: Garchomp|spe|1\n|\n|-weather|SunnyDay|[upkeep]\n|upkeep\n|turn|2\n|\n|t:|1776078786\n|switch|p2b: Incineroar|Incineroar, L50, F, shiny|100/100\n|-ability|p2b: Incineroar|Intimidate|boost\n|-unboost|p1a: La Exploradora|atk|1\n|-unboost|p1b: Ayuso|atk|1\n|-ability|p1b: Ayuso|Competitive|boost\n|-boost|p1b: Ayuso|spa|2\n|move|p2a: Charizard|Protect|p2a: Charizard\n|-singleturn|p2a: Charizard|Protect\n|move|p1a: La Exploradora|Power Gem|p2a: Charizard\n|-activate|p2a: Charizard|move: Protect\n|move|p1b: Ayuso|Icy Wind|p2b: Incineroar|[spread] p2b\n|-activate|p2a: Charizard|move: Protect\n|-resisted|p2b: Incineroar|1\n|-damage|p2b: Incineroar|92/100\n|-unboost|p2b: Incineroar|spe|1\n|\n|-weather|SunnyDay|[upkeep]\n|upkeep\n|turn|3\n|\n|t:|1776078814\n|move|p1a: La Exploradora|Spiky Shield|p1a: La Exploradora\n|-singleturn|p1a: La Exploradora|move: Protect\n|move|p1b: Ayuso|Protect|p1b: Ayuso\n|-singleturn|p1b: Ayuso|Protect\n|move|p2b: Incineroar|Fake Out|p1a: La Exploradora\n|-activate|p1a: La Exploradora|move: Protect\n|-damage|p2b: Incineroar|80/100|[from] Spiky Shield|[of] p1a: La Exploradora\n|move|p2a: Charizard|Solar Beam||[still]\n|-prepare|p2a: Charizard|Solar Beam\n|-anim|p2a: Charizard|Solar Beam|p1b: Ayuso\n|-activate|p1b: Ayuso|move: Protect\n|\n|-weather|SunnyDay|[upkeep]\n|upkeep\n|turn|4\n|\n|t:|1776078832\n|switch|p2a: Garchomp|Garchomp, L50, F|57/100\n|move|p1a: La Exploradora|Power Gem|p2b: Incineroar\n|-supereffective|p2b: Incineroar|1\n|-damage|p2b: Incineroar|0 fnt\n|faint|p2b: Incineroar\n|move|p1b: Ayuso|Icy Wind|p2a: Garchomp\n|-supereffective|p2a: Garchomp|2\n|-damage|p2a: Garchomp|0 fnt\n|faint|p2a: Garchomp\n|\n|-weather|SunnyDay|[upkeep]\n|upkeep\n|\n|t:|1776078842\n|switch|p2a: Charizard|Charizard-Mega-Y, L50, M|91/100\n|switch|p2b: Aerodactyl|Aerodactyl, L50, M, shiny|100/100\n|-ability|p2b: Aerodactyl|Unnerve\n|turn|5\n|\n|t:|1776078867\n|move|p1a: La Exploradora|Spiky Shield|p1a: La Exploradora\n|-singleturn|p1a: La Exploradora|move: Protect\n|move|p2b: Aerodactyl|Rock Slide|p1b: Ayuso|[spread] p1b\n|-activate|p1a: La Exploradora|move: Protect\n|-damage|p1b: Ayuso|12/100\n|move|p2a: Charizard|Weather Ball|p1a: La Exploradora\n|-activate|p1a: La Exploradora|move: Protect\n|move|p1b: Ayuso|Icy Wind|p2b: Aerodactyl|[spread] p2a,p2b\n|-supereffective|p2b: Aerodactyl|1\n|-damage|p2a: Charizard|71/100\n|-damage|p2b: Aerodactyl|50/100\n|-unboost|p2a: Charizard|spe|1\n|-unboost|p2b: Aerodactyl|spe|1\n|\n|-weather|none\n|upkeep\n|turn|6\n|-message|magicallamp forfeited.\n|\n|win|Cereales_Hacendado\n|raw|Cereales_Hacendado's rating: 1341 &rarr; <strong>1363</strong><br />(+22 for winning)\n|raw|magicallamp's rating: 1384 &rarr; <strong>1362</strong><br />(-22 for losing)\n|l|\u2606magicallamp\n|player|p2|\n",
  "uploadtime": 1776078884,
  "views": 41,
  "formatid": "gen9championsvgc2026regma",
  "rating": 1362,
  "private": 0,
  "password": null
}