{
  "id": "gen9championsvgc2026regma-2588723154",
  "format": "[Gen 9 Champions] VGC 2026 Reg M-A",
  "players": [
    "PokerPuppy2514",
    "doekfwo"
  ],
  "log": "|j|\u2606PokerPuppy2514\n|j|\u2606doekfwo\n|t:|1776662160\n|gametype|doubles\n|player|p1|PokerPuppy2514|101|1000\n|player|p2|doekfwo|1|1000\n|gen|9\n|tier|[Gen 9 Champions] VGC 2026 Reg M-A\n|rated|\n|rule|Species Clause: Limit one of each Pok\u00e9mon\n|rule|Item Clause: Limit 1 of each item\n|clearpoke\n|poke|p1|Incineroar, L50, F|\n|poke|p1|Basculegion, L50, M|\n|poke|p1|Sneasler, L50, F|\n|poke|p1|Floette-Eternal, L50, F|\n|poke|p1|Dragonite, L50, F|\n|poke|p1|Maushold, L50|\n|poke|p2|Meowstic, L50, M|\n|poke|p2|Delphox, L50, M|\n|poke|p2|Maushold, L50|\n|poke|p2|Sneasler, L50, M|\n|poke|p2|Garchomp, L50, F|\n|poke|p2|Gengar, L50, M|\n|teampreview|4\n|inactive|Battle timer is ON: inactive players will automatically lose when time's up. (requested by doekfwo)\n|inactive|PokerPuppy2514 has 60 seconds left.\n|\n|t:|1776662208\n|teamsize|p1|4\n|teamsize|p2|4\n|start\n|switch|p1a: Maushold|Maushold, L50|100/100\n|switch|p1b: Floette|Floette-Eternal, L50, F|100/100\n|switch|p2a: Maushold|Maushold, L50|100/100\n|switch|p2b: Sneasler|Sneasler, L50, M|100/100\n|turn|1\n|\n|t:|1776662228\n|switch|p1a: Basculegion|Basculegion, L50, M|100/100\n|move|p1b: Floette|Protect|p1b: Floette\n|-singleturn|p1b: Floette|Protect\n|move|p2a: Maushold|Population Bomb|p1a: Basculegion\n|-immune|p1a: Basculegion\n|move|p2b: Sneasler|Close Combat|p1a: Basculegion\n|-immune|p1a: Basculegion\n|\n|upkeep\n|turn|2\n|inactive|PokerPuppy2514 has 30 seconds left.\n|\n|t:|1776662256\n|detailschange|p1b: Floette|Floette-Mega, L50, F\n|-mega|p1b: Floette|Floette|Floettite\n|-ability|p1b: Floette|Fairy Aura\n|move|p2a: Maushold|Encore|p1b: Floette\n|-start|p1b: Floette|Encore\n|move|p1b: Floette|Protect||[still]\n|-fail|p1b: Floette\n|move|p2b: Sneasler|Dire Claw|p1a: Basculegion\n|-resisted|p1a: Basculegion|1\n|-damage|p1a: Basculegion|71/100\n|move|p1a: Basculegion|Wave Crash|p2b: Sneasler\n|-damage|p2b: Sneasler|0 fnt\n|faint|p2b: Sneasler\n|-damage|p1a: Basculegion|40/100|[from] Recoil\n|\n|upkeep\n|\n|t:|1776662274\n|switch|p2b: Meowstic|Meowstic, L50, M|100/100\n|turn|3\n|\n|t:|1776662288\n|switch|p1b: Dragonite|Dragonite, L50, F|100/100\n|move|p1a: Basculegion|Protect|p1a: Basculegion\n|-singleturn|p1a: Basculegion|Protect\n|move|p2b: Meowstic|Reflect|p2b: Meowstic\n|-sidestart|p2: doekfwo|Reflect\n|move|p2a: Maushold|Bullet Seed|p1a: Basculegion\n|-activate|p1a: Basculegion|move: Protect\n|\n|upkeep\n|turn|4\n|\n|t:|1776662315\n|switch|p1a: Maushold|Maushold, L50|100/100\n|move|p2b: Meowstic|Psychic Terrain|p2b: Meowstic\n|-fieldstart|move: Psychic Terrain\n|move|p2a: Maushold|Population Bomb|p1b: Dragonite\n|-damage|p1b: Dragonite|96/100\n|-damage|p1b: Dragonite|88/100\n|-damage|p1b: Dragonite|80/100\n|-damage|p1b: Dragonite|72/100\n|-damage|p1b: Dragonite|63/100\n|-damage|p1b: Dragonite|54/100\n|-hitcount|p1b: Dragonite|6\n|cant|p1b: Dragonite|flinch\n|\n|-heal|p1b: Dragonite|60/100|[from] item: Leftovers\n|upkeep\n|turn|5\n|inactive|PokerPuppy2514 has 30 seconds left.\n|\n|t:|1776662346\n|switch|p1b: Basculegion|Basculegion, L50, M|40/100\n|move|p2b: Meowstic|Gravity|p2b: Meowstic\n|-fieldstart|move: Gravity\n|move|p2a: Maushold|Population Bomb|p1b: Basculegion\n|-immune|p1b: Basculegion\n|move|p1a: Maushold|Taunt|p2b: Meowstic\n|-start|p2b: Meowstic|move: Taunt\n|-enditem|p2b: Meowstic|Mental Herb\n|-end|p2b: Meowstic|move: Taunt\n|\n|upkeep\n|turn|6\n|inactive|PokerPuppy2514 has 30 seconds left.\n|\n|t:|1776662379\n|switch|p2b: Delphox|Delphox, L50, M|100/100\n|move|p1a: Maushold|Follow Me|p1a: Maushold\n|-singleturn|p1a: Maushold|move: Follow Me\n|move|p2a: Maushold|Bullet Seed|p1a: Maushold\n|-damage|p1a: Maushold|91/100\n|-damage|p1a: Maushold|82/100\n|-damage|p1a: Maushold|73/100\n|-hitcount|p1a: Maushold|3\n|move|p1b: Basculegion|Wave Crash|p2a: Maushold\n|-damage|p2a: Maushold|0 fnt\n|faint|p2a: Maushold\n|-damage|p1b: Basculegion|14/100|[from] Recoil\n|\n|upkeep\n|\n|t:|1776662395\n|switch|p2a: Meowstic|Meowstic, L50, M|100/100\n|turn|7\n|\n|t:|1776662405\n|detailschange|p2b: Delphox|Delphox-Mega, L50, M\n|-mega|p2b: Delphox|Delphox|Delphoxite\n|move|p2b: Delphox|Expanding Force|p1b: Basculegion|[spread] p1a,p1b\n|-damage|p1a: Maushold|0 fnt\n|-damage|p1b: Basculegion|0 fnt\n|faint|p1a: Maushold\n|faint|p1b: Basculegion\n|move|p2a: Meowstic|Expanding Force|p1: Maushold|[notarget]\n|-fail|p2a: Meowstic\n|\n|-sideend|p2: doekfwo|Reflect\n|upkeep\n|\n|t:|1776662415\n|switch|p1a: Floette|Floette-Mega, L50, F|100/100\n|switch|p1b: Dragonite|Dragonite, L50, F|60/100\n|-ability|p1a: Floette|Fairy Aura\n|turn|8\n|\n|t:|1776662433\n|move|p1a: Floette|Protect|p1a: Floette\n|-singleturn|p1a: Floette|Protect\n|move|p1b: Dragonite|Protect|p1b: Dragonite\n|-singleturn|p1b: Dragonite|Protect\n|move|p2a: Meowstic|Reflect|p2a: Meowstic\n|-sidestart|p2: doekfwo|Reflect\n|move|p2b: Delphox|Expanding Force|p1b: Dragonite|[spread] \n|-activate|p1a: Floette|move: Protect\n|-activate|p1b: Dragonite|move: Protect\n|\n|-heal|p1b: Dragonite|66/100|[from] item: Leftovers\n|-fieldend|move: Psychic Terrain\n|upkeep\n|turn|9\n|\n|t:|1776662447\n|move|p2a: Meowstic|Psychic Terrain|p2a: Meowstic\n|-fieldstart|move: Psychic Terrain\n|move|p2b: Delphox|Expanding Force|p1b: Dragonite|[spread] p1a,p1b\n|-damage|p1a: Floette|44/100\n|-damage|p1b: Dragonite|4/100\n|move|p1a: Floette|Light of Ruin|p2a: Meowstic\n|-damage|p2a: Meowstic|0 fnt\n|faint|p2a: Meowstic\n|-damage|p1a: Floette|0 fnt|[from] Recoil\n|faint|p1a: Floette\n|move|p1b: Dragonite|Scale Shot|p2b: Delphox\n|-damage|p2b: Delphox|86/100\n|-damage|p2b: Delphox|73/100\n|-damage|p2b: Delphox|60/100\n|-damage|p2b: Delphox|46/100\n|-hitcount|p2b: Delphox|4\n|-unboost|p1b: Dragonite|def|1\n|-boost|p1b: Dragonite|spe|1\n|\n|-heal|p1b: Dragonite|10/100|[from] item: Leftovers\n|-fieldend|move: Gravity\n|upkeep\n|turn|10\n|\n|t:|1776662472\n|move|p2b: Delphox|Protect|p2b: Delphox\n|-singleturn|p2b: Delphox|Protect\n|move|p1b: Dragonite|Scale Shot|p2b: Delphox\n|-activate|p2b: Delphox|move: Protect\n|\n|-heal|p1b: Dragonite|16/100|[from] item: Leftovers\n|upkeep\n|turn|11\n|\n|t:|1776662481\n|move|p2b: Delphox|Expanding Force|p1b: Dragonite\n|-damage|p1b: Dragonite|0 fnt\n|faint|p1b: Dragonite\n|\n|win|doekfwo\n|raw|PokerPuppy2514's rating: 1000 &rarr; <strong>1000</strong><br />(+0 for losing)\n|raw|doekfwo's rating: 1000 &rarr; <strong>1040</strong><br />(+40 for winning)\n|l|\u2606PokerPuppy2514\n|player|p1|\n",
  "uploadtime": 1776662506,
  "views": 8,
  "formatid": "gen9championsvgc2026regma",
  "rating": 1000,
  "private": 0,
  "password": null
}