{
  "id": "gen9championsvgc2026regma-2585100749",
  "format": "[Gen 9 Champions] VGC 2026 Reg M-A",
  "players": [
    "blackskull345",
    "MessiahHezekiah"
  ],
  "log": "|j|\u2606blackskull345\n|j|\u2606MessiahHezekiah\n|t:|1776311832\n|gametype|doubles\n|player|p1|blackskull345|101|1073\n|player|p2|MessiahHezekiah|roughneck|1044\n|gen|9\n|tier|[Gen 9 Champions] VGC 2026 Reg M-A\n|rated|\n|rule|Species Clause: Limit one of each Pok\u00e9mon\n|rule|Item Clause: Limit 1 of each item\n|clearpoke\n|poke|p1|Furfrou, L50, F|\n|poke|p1|Floette-Eternal, L50, F|\n|poke|p1|Volcarona, L50, M|\n|poke|p1|Tauros-Paldea-Aqua, L50, M|\n|poke|p1|Rotom-Mow, L50|\n|poke|p1|Gengar, L50, M|\n|poke|p2|Pelipper, L50, M|\n|poke|p2|Farigiraf, L50, F|\n|poke|p2|Archaludon, L50, F|\n|poke|p2|Basculegion, L50, M|\n|poke|p2|Incineroar, L50, M|\n|poke|p2|Blastoise, L50, M|\n|teampreview|4\nMessiahHezekiah rejected open team sheets.\n|inactive|Battle timer is ON: inactive players will automatically lose when time's up. (requested by blackskull345)\n|inactive|MessiahHezekiah has 60 seconds left.\n|\n|t:|1776311912\n|teamsize|p1|4\n|teamsize|p2|4\n|start\n|switch|p1a: Furfrou|Furfrou, L50, F|100/100\n|switch|p1b: Rotom|Rotom-Mow, L50|100/100\n|switch|p2a: Incineroar|Incineroar, L50, M|100/100\n|switch|p2b: Pelipper|Pelipper, L50, M|100/100\n|-weather|RainDance|[from] ability: Drizzle|[of] p2b: Pelipper\n|-ability|p2a: Incineroar|Intimidate|boost\n|-unboost|p1a: Furfrou|atk|1\n|-unboost|p1b: Rotom|atk|1\n|turn|1\n|inactive|blackskull345 has 30 seconds left.\n|inactive|blackskull345 has 20 seconds left.\n|\n|t:|1776311948\n|move|p1b: Rotom|Protect|p1b: Rotom\n|-singleturn|p1b: Rotom|Protect\n|move|p2a: Incineroar|Fake Out|p1b: Rotom\n|-activate|p1b: Rotom|move: Protect\n|move|p1a: Furfrou|Charm|p2a: Incineroar\n|-unboost|p2a: Incineroar|atk|2\n|move|p2b: Pelipper|Tailwind|p2b: Pelipper\n|-sidestart|p2: MessiahHezekiah|move: Tailwind\n|\n|-weather|RainDance|[upkeep]\n|upkeep\n|turn|2\n|inactive|blackskull345 has 30 seconds left.\n|\n|t:|1776311983\n|move|p2b: Pelipper|Hurricane|p1b: Rotom\n|-damage|p1b: Rotom|35/100\n|-enditem|p1b: Rotom|Sitrus Berry|[eat]\n|-heal|p1b: Rotom|60/100|[from] item: Sitrus Berry\n|move|p2a: Incineroar|Flare Blitz|p1b: Rotom\n|-supereffective|p1b: Rotom|1\n|-damage|p1b: Rotom|34/100\n|-damage|p2a: Incineroar|95/100|[from] Recoil\n|move|p1b: Rotom|Thunderbolt|p2b: Pelipper\n|-supereffective|p2b: Pelipper|2\n|-enditem|p2b: Pelipper|Focus Sash\n|-damage|p2b: Pelipper|1/100\n|move|p1a: Furfrou|Snarl|p2a: Incineroar|[spread] p2a,p2b\n|-resisted|p2a: Incineroar|1\n|-damage|p2a: Incineroar|93/100\n|-damage|p2b: Pelipper|0 fnt\n|-unboost|p2a: Incineroar|spa|1\n|faint|p2b: Pelipper\n|\n|-weather|RainDance|[upkeep]\n|upkeep\n|\n|t:|1776312000\n|switch|p2b: Blastoise|Blastoise, L50, M|100/100\n|turn|3\n|\n|t:|1776312017\n|detailschange|p2b: Blastoise|Blastoise-Mega, L50, M\n|-mega|p2b: Blastoise|Blastoise|Blastoisinite\n|move|p2a: Incineroar|Helping Hand|p2b: Blastoise\n|-singleturn|p2b: Blastoise|Helping Hand|[of] p2a: Incineroar\n|move|p1b: Rotom|Protect|p1b: Rotom\n|-singleturn|p1b: Rotom|Protect\n|move|p2b: Blastoise|Water Spout|p1a: Furfrou|[spread] p1a\n|-activate|p1b: Rotom|move: Protect\n|-damage|p1a: Furfrou|0 fnt\n|faint|p1a: Furfrou\n|\n|-weather|RainDance|[upkeep]\n|upkeep\n|inactive|blackskull345 has 30 seconds left.\n|\n|t:|1776312044\n|switch|p1a: Gengar|Gengar, L50, M|100/100\n|turn|4\n|\n|t:|1776312065\n|move|p2b: Blastoise|Water Spout|p1b: Rotom|[spread] p1a,p1b\n|-resisted|p1b: Rotom|1\n|-enditem|p1a: Gengar|Focus Sash\n|-damage|p1a: Gengar|1/100\n|-damage|p1b: Rotom|0 fnt\n|faint|p1b: Rotom\n|move|p1a: Gengar|Thunderbolt|p2b: Blastoise\n|-supereffective|p2b: Blastoise|1\n|-damage|p2b: Blastoise|46/100\n|move|p2a: Incineroar|Parting Shot|p1a: Gengar\n|-unboost|p1a: Gengar|atk|1\n|-unboost|p1a: Gengar|spa|1\n|\n|t:|1776312076\n|switch|p2a: Basculegion|Basculegion, L50, M|100/100|[from] Parting Shot\n|\n|-weather|RainDance|[upkeep]\n|-sideend|p2: MessiahHezekiah|move: Tailwind\n|upkeep\n|\n|t:|1776312083\n|switch|p1b: Floette|Floette-Eternal, L50, F|100/100\n|turn|5\n|\n|t:|1776312100\n|detailschange|p1b: Floette|Floette-Mega, L50, F\n|-mega|p1b: Floette|Floette|Floettite\n|-ability|p1b: Floette|Fairy Aura\n|move|p1a: Gengar|Protect|p1a: Gengar\n|-singleturn|p1a: Gengar|Protect\n|move|p1b: Floette|Protect|p1b: Floette\n|-singleturn|p1b: Floette|Protect\n|move|p2a: Basculegion|Flip Turn|p1a: Gengar\n|-activate|p1a: Gengar|move: Protect\n|move|p2b: Blastoise|Water Spout|p1b: Floette|[spread] \n|-activate|p1a: Gengar|move: Protect\n|-activate|p1b: Floette|move: Protect\n|\n|-weather|none\n|upkeep\n|turn|6\n|\n|t:|1776312123\n|switch|p2b: Incineroar|Incineroar, L50, M|93/100\n|-ability|p2b: Incineroar|Intimidate|boost\n|-unboost|p1a: Gengar|atk|1\n|-unboost|p1b: Floette|atk|1\n|move|p2a: Basculegion|Flip Turn|p1a: Gengar\n|-damage|p1a: Gengar|0 fnt\n|faint|p1a: Gengar\n|\n|t:|1776312131\n|switch|p2a: Blastoise|Blastoise-Mega, L50, M|46/100|[from] Flip Turn\n|move|p1b: Floette|Dazzling Gleam|p2a: Blastoise|[spread] p2a,p2b\n|-damage|p2a: Blastoise|7/100\n|-damage|p2b: Incineroar|51/100\n|\n|upkeep\n|turn|7\n|inactive|MessiahHezekiah has 30 seconds left.\n|inactive|MessiahHezekiah has 20 seconds left.\n|\n|t:|1776312166\n|switch|p2a: Basculegion|Basculegion, L50, M|100/100\n|move|p1b: Floette|Protect|p1b: Floette\n|-singleturn|p1b: Floette|Protect\n|move|p2b: Incineroar|Parting Shot|p2a: Basculegion\n|-unboost|p2a: Basculegion|atk|1\n|-unboost|p2a: Basculegion|spa|1\n|\n|t:|1776312173\n|switch|p2b: Blastoise|Blastoise-Mega, L50, M|7/100|[from] Parting Shot\n|\n|upkeep\n|turn|8\n|\n|t:|1776312192\n|move|p2b: Blastoise|Fake Out|p1b: Floette\n|-crit|p1b: Floette\n|-damage|p1b: Floette|83/100\n|move|p2a: Basculegion|Flip Turn|p1b: Floette\n|-damage|p1b: Floette|49/100\n|\n|t:|1776312197\n|switch|p2a: Incineroar|Incineroar, L50, M|51/100|[from] Flip Turn\n|-ability|p2a: Incineroar|Intimidate|boost\n|-unboost|p1b: Floette|atk|1\n|cant|p1b: Floette|flinch\n|\n|upkeep\n|turn|9\n|\n|t:|1776312209\n|switch|p2b: Basculegion|Basculegion, L50, M|100/100\n|move|p2a: Incineroar|Fake Out|p1b: Floette\n|-damage|p1b: Floette|34/100\n|cant|p1b: Floette|flinch\n|\n|upkeep\n|turn|10\n|-message|blackskull345 forfeited.\n|\n|win|MessiahHezekiah\n|raw|blackskull345's rating: 1073 &rarr; <strong>1050</strong><br />(-23 for losing)\n|raw|MessiahHezekiah's rating: 1044 &rarr; <strong>1080</strong><br />(+36 for winning)\n|l|\u2606blackskull345\n|player|p1|\n",
  "uploadtime": 1776312223,
  "views": 18,
  "formatid": "gen9championsvgc2026regma",
  "rating": 1050,
  "private": 0,
  "password": null
}