{
  "id": "gen9championsvgc2026regma-2586475991",
  "format": "[Gen 9 Champions] VGC 2026 Reg M-A",
  "players": [
    "PiccoloStrufen",
    "cobaltp154"
  ],
  "log": "|j|\u2606PiccoloStrufen\n|j|\u2606cobaltp154\n|t:|1776437284\n|gametype|doubles\n|player|p1|PiccoloStrufen|265|1114\n|player|p2|cobaltp154|skyla|1042\n|gen|9\n|tier|[Gen 9 Champions] VGC 2026 Reg M-A\n|rated|\n|rule|Species Clause: Limit one of each Pok\u00e9mon\n|rule|Item Clause: Limit 1 of each item\n|clearpoke\n|poke|p1|Gengar, L50, F|\n|poke|p1|Ninetales-Alola, L50, F|\n|poke|p1|Kingambit, L50, M|\n|poke|p1|Sneasler, L50, F|\n|poke|p1|Whimsicott, L50, F|\n|poke|p1|Primarina, L50, F|\n|poke|p2|Talonflame, L50, F|\n|poke|p2|Whimsicott, L50, F|\n|poke|p2|Pelipper, L50, M|\n|poke|p2|Archaludon, L50, F|\n|poke|p2|Dragonite, L50, M|\n|poke|p2|Serperior, L50, F|\n|teampreview|4\n|inactive|Battle timer is ON: inactive players will automatically lose when time's up. (requested by cobaltp154)\n|inactive|PiccoloStrufen has 60 seconds left.\n|inactive|PiccoloStrufen has 30 seconds left.\n|inactive|PiccoloStrufen has 20 seconds left.\n|\n|t:|1776437359\n|teamsize|p1|4\n|teamsize|p2|4\n|start\n|switch|p1a: Whimsicott|Whimsicott, L50, F|100/100\n|switch|p1b: Ninetales|Ninetales-Alola, L50, F|100/100\n|switch|p2a: Archaludon|Archaludon, L50, F|100/100\n|switch|p2b: Talonflame|Talonflame, L50, F|100/100\n|-weather|Snowscape|[from] ability: Snow Warning|[of] p1b: Ninetales\n|turn|1\n|\n|t:|1776437376\n|switch|p2b: Pelipper|Pelipper, L50, M|100/100\n|-weather|RainDance|[from] ability: Drizzle|[of] p2b: Pelipper\n|move|p1a: Whimsicott|Tailwind|p1a: Whimsicott\n|-sidestart|p1: PiccoloStrufen|move: Tailwind\n|move|p1b: Ninetales|Blizzard|p2b: Pelipper|[spread] p2a,p2b\n|-damage|p2a: Archaludon|51/100\n|-damage|p2b: Pelipper|55/100\n|-ability|p2a: Archaludon|Stamina|boost\n|-boost|p2a: Archaludon|def|1\n|move|p2a: Archaludon|Flash Cannon|p1b: Ninetales\n|-supereffective|p1b: Ninetales|2\n|-enditem|p1b: Ninetales|Focus Sash\n|-damage|p1b: Ninetales|1/100\n|\n|-weather|RainDance|[upkeep]\n|-heal|p2a: Archaludon|57/100|[from] item: Leftovers\n|upkeep\n|turn|2\n|inactive|PiccoloStrufen has 30 seconds left.\n|-activate|p2b: Pelipper|item: Quick Claw\n|\n|t:|1776437413\n|move|p2b: Pelipper|U-turn|p1a: Whimsicott\n|-damage|p1a: Whimsicott|87/100\n|\n|t:|1776437418\n|switch|p2b: Talonflame|Talonflame, L50, F|100/100|[from] U-turn\n|move|p1a: Whimsicott|Moonblast|p2b: Talonflame\n|-resisted|p2b: Talonflame|1\n|-damage|p2b: Talonflame|71/100\n|move|p1b: Ninetales|Moonblast|p2b: Talonflame\n|-resisted|p2b: Talonflame|1\n|-damage|p2b: Talonflame|45/100\n|move|p2a: Archaludon|Electro Shot||[still]\n|-prepare|p2a: Archaludon|Electro Shot\n|-boost|p2a: Archaludon|spa|1\n|-anim|p2a: Archaludon|Electro Shot|p1b: Ninetales\n|-damage|p1b: Ninetales|0 fnt\n|faint|p1b: Ninetales\n|\n|-weather|RainDance|[upkeep]\n|-heal|p2a: Archaludon|63/100|[from] item: Leftovers\n|upkeep\n|\n|t:|1776437442\n|switch|p1b: Sneasler|Sneasler, L50, F|100/100\n|turn|3\n|\n|t:|1776437465\n|move|p1b: Sneasler|Close Combat|p2a: Archaludon\n|-supereffective|p2a: Archaludon|1\n|-damage|p2a: Archaludon|6/100\n|-unboost|p1b: Sneasler|def|1\n|-unboost|p1b: Sneasler|spd|1\n|-ability|p2a: Archaludon|Stamina|boost\n|-boost|p2a: Archaludon|def|1\n|-enditem|p1b: Sneasler|White Herb\n|-clearnegativeboost|p1b: Sneasler|[silent]\n|move|p1a: Whimsicott|Moonblast|p2b: Talonflame\n|-resisted|p2b: Talonflame|1\n|-damage|p2b: Talonflame|18/100\n|move|p2b: Talonflame|Tailwind|p2b: Talonflame\n|-sidestart|p2: cobaltp154|move: Tailwind\n|move|p2a: Archaludon|Electro Shot||[still]\n|-prepare|p2a: Archaludon|Electro Shot\n|-boost|p2a: Archaludon|spa|1\n|-anim|p2a: Archaludon|Electro Shot|p1b: Sneasler\n|-damage|p1b: Sneasler|0 fnt\n|faint|p1b: Sneasler\n|\n|-weather|RainDance|[upkeep]\n|-heal|p2a: Archaludon|12/100|[from] item: Leftovers\n|upkeep\n|\n|t:|1776437471\n|switch|p1b: Gengar|Gengar, L50, F|100/100\n|turn|4\n|\n|t:|1776437486\n|detailschange|p1b: Gengar|Gengar-Mega, L50, F\n|-mega|p1b: Gengar|Gengar|Gengarite\n|move|p1b: Gengar|Protect|p1b: Gengar\n|-singleturn|p1b: Gengar|Protect\n|move|p2b: Talonflame|Acrobatics|p1a: Whimsicott\n|-supereffective|p1a: Whimsicott|1\n|-damage|p1a: Whimsicott|0 fnt\n|faint|p1a: Whimsicott\n|move|p2a: Archaludon|Draco Meteor|p1b: Gengar\n|-activate|p1b: Gengar|move: Protect\n|\n|-weather|RainDance|[upkeep]\n|-heal|p2a: Archaludon|18/100|[from] item: Leftovers\n|-sideend|p1: PiccoloStrufen|move: Tailwind\n|upkeep\n|turn|5\n|\n|t:|1776437495\n|move|p2b: Talonflame|Acrobatics|p1b: Gengar\n|-damage|p1b: Gengar|37/100\n|move|p2a: Archaludon|Electro Shot||[still]\n|-prepare|p2a: Archaludon|Electro Shot\n|-boost|p2a: Archaludon|spa|1\n|-anim|p2a: Archaludon|Electro Shot|p1b: Gengar\n|-damage|p1b: Gengar|0 fnt\n|faint|p1b: Gengar\n|\n|win|cobaltp154\n|raw|PiccoloStrufen's rating: 1114 &rarr; <strong>1084</strong><br />(-30 for losing)\n|raw|cobaltp154's rating: 1042 &rarr; <strong>1083</strong><br />(+41 for winning)\n",
  "uploadtime": 1776437500,
  "views": 14,
  "formatid": "gen9championsvgc2026regma",
  "rating": 1083,
  "private": 0,
  "password": null
}