{
  "id": "gen9championsvgc2026regma-2582289629",
  "format": "[Gen 9 Champions] VGC 2026 Reg M-A",
  "players": [
    "connordalto",
    "tukitiko"
  ],
  "log": "|j|\u2606connordalto\n|j|\u2606tukitiko\n|t:|1776080212\n|gametype|doubles\n|player|p1|connordalto|2|1000\n|player|p2|tukitiko|aquasuit|1000\n|gen|9\n|tier|[Gen 9 Champions] VGC 2026 Reg M-A\n|rated|\n|rule|Species Clause: Limit one of each Pok\u00e9mon\n|rule|Item Clause: Limit 1 of each item\n|clearpoke\n|poke|p1|Sinistcha, L50|\n|poke|p1|Ninetales-Alola, L50, M|\n|poke|p1|Froslass, L50, F|\n|poke|p1|Tinkaton, L50, F|\n|poke|p1|Whimsicott, L50, M|\n|poke|p1|Azumarill, L50, F|\n|poke|p2|Aromatisse, L50, F|\n|poke|p2|Snorlax, L50, M|\n|poke|p2|Sinistcha-Masterpiece, L50|\n|poke|p2|Crabominable, L50, F|\n|poke|p2|Pelipper, L50, F|\n|poke|p2|Farigiraf, L50, M|\n|teampreview|4\ntukitiko rejected open team sheets.\n|\n|t:|1776080255\n|teamsize|p1|4\n|teamsize|p2|4\n|start\n|switch|p1a: Whimsicott|Whimsicott, L50, M|100/100\n|switch|p1b: Froslass|Froslass, L50, F|100/100\n|switch|p2a: C melman|Farigiraf, L50, M, shiny|100/100\n|switch|p2b: \u00d1orlix|Snorlax, L50, M|100/100\n|turn|1\n|\n|t:|1776080267\n|detailschange|p1b: Froslass|Froslass-Mega, L50, F\n|-mega|p1b: Froslass|Froslass|Froslassite\n|-weather|Snowscape|[from] ability: Snow Warning|[of] p1b: Froslass\n|move|p1a: Whimsicott|Taunt||[still]\n|cant|p2a: C melman|ability: Armor Tail|Taunt|[of] p1a: Whimsicott\n|move|p1b: Froslass|Icy Wind|p2a: C melman|[spread] p2a,p2b\n|-damage|p2a: C melman|83/100\n|-damage|p2b: \u00d1orlix|94/100\n|-unboost|p2a: C melman|spe|1\n|-unboost|p2b: \u00d1orlix|spe|1\n|move|p2b: \u00d1orlix|Belly Drum|p2b: \u00d1orlix\n|-damage|p2b: \u00d1orlix|44/100\n|-setboost|p2b: \u00d1orlix|atk|6|[from] move: Belly Drum\n|-enditem|p2b: \u00d1orlix|Sitrus Berry|[eat]\n|-heal|p2b: \u00d1orlix|69/100|[from] item: Sitrus Berry\n|move|p2a: C melman|Trick Room|p2a: C melman\n|-fieldstart|move: Trick Room|[of] p2a: C melman\n|\n|-weather|Snowscape|[upkeep]\n|upkeep\n|turn|2\n|\n|t:|1776080287\n|switch|p2a: Crabbo|Crabominable, L50, F|100/100\n|move|p1a: Whimsicott|Encore|p2b: \u00d1orlix\n|-start|p2b: \u00d1orlix|Encore\n|move|p2b: \u00d1orlix|Belly Drum||[still]\n|-fail|p2b: \u00d1orlix\n|move|p1b: Froslass|Blizzard|p2b: \u00d1orlix|[spread] p2a,p2b\n|-resisted|p2a: Crabbo|1\n|-damage|p2a: Crabbo|72/100\n|-damage|p2b: \u00d1orlix|56/100\n|\n|-weather|Snowscape|[upkeep]\n|upkeep\n|turn|3\n|\n|t:|1776080314\n|detailschange|p2a: Crabbo|Crabominable-Mega, L50, F\n|-mega|p2a: Crabbo|Crabominable|Crabominite\n|move|p1a: Whimsicott|Taunt|p2a: Crabbo\n|-start|p2a: Crabbo|move: Taunt\n|move|p2b: \u00d1orlix|Belly Drum||[still]\n|-fail|p2b: \u00d1orlix\n|move|p2a: Crabbo|Ice Hammer|p1a: Whimsicott\n|-supereffective|p1a: Whimsicott|1\n|-enditem|p1a: Whimsicott|Focus Sash\n|-damage|p1a: Whimsicott|1/100\n|-unboost|p2a: Crabbo|spe|1\n|move|p1b: Froslass|Blizzard|p2b: \u00d1orlix|[spread] p2a,p2b\n|-resisted|p2a: Crabbo|1\n|-damage|p2a: Crabbo|52/100\n|-damage|p2b: \u00d1orlix|42/100\n|\n|-weather|Snowscape|[upkeep]\n|upkeep\n|turn|4\n|\n|t:|1776080338\n|move|p1a: Whimsicott|Light Screen|p1a: Whimsicott\n|-sidestart|p1: connordalto|move: Light Screen\n|move|p2a: Crabbo|Drain Punch|p1a: Whimsicott\n|-resisted|p1a: Whimsicott|1\n|-damage|p1a: Whimsicott|0 fnt\n|-heal|p2a: Crabbo|53/100|[from] drain|[of] p1a: Whimsicott\n|faint|p1a: Whimsicott\n|move|p2b: \u00d1orlix|Belly Drum||[still]\n|-fail|p2b: \u00d1orlix\n|move|p1b: Froslass|Blizzard|p2a: Crabbo|[spread] p2a,p2b\n|-resisted|p2a: Crabbo|1\n|-damage|p2a: Crabbo|35/100\n|-damage|p2b: \u00d1orlix|27/100\n|\n|-weather|Snowscape|[upkeep]\n|-end|p2b: \u00d1orlix|Encore\n|upkeep\n|\n|t:|1776080350\n|switch|p1a: Tinkaton|Tinkaton, L50, F|100/100\n|-ability|p1a: Tinkaton|Mold Breaker\n|turn|5\n|\n|t:|1776080367\n|switch|p2a: C melman|Farigiraf, L50, M, shiny|83/100\n|move|p1a: Tinkaton|Fake Out|p2b: \u00d1orlix\n|-damage|p2b: \u00d1orlix|18/100\n|cant|p2b: \u00d1orlix|flinch\n|move|p1b: Froslass|Blizzard|p2b: \u00d1orlix|[spread] p2a,p2b\n|-damage|p2a: C melman|47/100\n|-damage|p2b: \u00d1orlix|5/100\n|\n|-weather|none\n|-fieldend|move: Trick Room\n|upkeep\n|turn|6\n|\n|t:|1776080384\n|move|p2a: C melman|Ally Switch|p2a: C melman\n|swap|p2a: C melman|1|[from] move: Ally Switch\n|move|p1b: Froslass|Blizzard|p2a: \u00d1orlix|[spread] p2a\n|-miss|p1b: Froslass|p2b: C melman\n|-damage|p2a: \u00d1orlix|0 fnt\n|faint|p2a: \u00d1orlix\n|move|p1a: Tinkaton|Knock Off|p2b: C melman\n|-supereffective|p2b: C melman|1\n|-enditem|p2b: C melman|Colbur Berry|[eat]\n|-enditem|p2b: C melman|Colbur Berry|[weaken]\n|-damage|p2b: C melman|25/100\n|\n|upkeep\n|\n|t:|1776080387\n|switch|p2a: Papitula|Aromatisse, L50, F|100/100\n|turn|7\n|\n|t:|1776080409\n|switch|p1b: Ninetales|Ninetales-Alola, L50, M|100/100\n|move|p2a: Papitula|Protect|p2a: Papitula\n|-singleturn|p2a: Papitula|Protect\n|move|p1a: Tinkaton|Gigaton Hammer|p2a: Papitula\n|-activate|p2a: Papitula|move: Protect\n|move|p2b: C melman|Twin Beam|p1b: Ninetales\n|-damage|p1b: Ninetales|87/100\n|-crit|p1b: Ninetales\n|-damage|p1b: Ninetales|58/100\n|-hitcount|p1b: Ninetales|2\n|\n|upkeep\n|turn|8\n|-activate|p1a: Tinkaton|item: Quick Claw\n|\n|t:|1776080434\n|move|p1a: Tinkaton|Rock Slide|p2a: Papitula|[spread] p2a,p2b\n|-damage|p2a: Papitula|83/100\n|-damage|p2b: C melman|11/100\n|move|p1b: Ninetales|Blizzard|p2b: C melman|[spread] p2b\n|-miss|p1b: Ninetales|p2a: Papitula\n|-damage|p2b: C melman|0 fnt\n|faint|p2b: C melman\n|move|p2a: Papitula|Trick Room|p2a: Papitula\n|-fieldstart|move: Trick Room|[of] p2a: Papitula\n|\n|-sideend|p1: connordalto|move: Light Screen\n|upkeep\n|\n|t:|1776080443\n|switch|p2b: Crabbo|Crabominable-Mega, L50, F|35/100\n|turn|9\n|\n|t:|1776080457\n|switch|p1b: Froslass|Froslass-Mega, L50, F|100/100\n|-weather|Snowscape|[from] ability: Snow Warning|[of] p1b: Froslass\n|move|p2a: Papitula|Protect|p2a: Papitula\n|-singleturn|p2a: Papitula|Protect\n|move|p2b: Crabbo|Protect|p2b: Crabbo\n|-singleturn|p2b: Crabbo|Protect\n|move|p1a: Tinkaton|Gigaton Hammer|p2b: Crabbo\n|-activate|p2b: Crabbo|move: Protect\n|\n|-weather|Snowscape|[upkeep]\n|upkeep\n|turn|10\n|\n|t:|1776080473\n|move|p2a: Papitula|Heal Pulse|p2b: Crabbo\n|-heal|p2b: Crabbo|85/100\n|move|p2b: Crabbo|Ice Hammer|p1b: Froslass\n|-resisted|p1b: Froslass|1\n|-damage|p1b: Froslass|62/100\n|-unboost|p2b: Crabbo|spe|1\n|move|p1a: Tinkaton|Rock Slide|p2a: Papitula|[spread] p2a,p2b\n|-damage|p2a: Papitula|66/100\n|-damage|p2b: Crabbo|77/100\n|move|p1b: Froslass|Blizzard|p2b: Crabbo|[spread] p2a,p2b\n|-resisted|p2b: Crabbo|1\n|-damage|p2a: Papitula|36/100\n|-damage|p2b: Crabbo|58/100\n|\n|-weather|Snowscape|[upkeep]\n|upkeep\n|turn|11\n|\n|t:|1776080483\n|move|p2b: Crabbo|Ice Hammer|p1b: Froslass|[miss]\n|-miss|p2b: Crabbo|p1b: Froslass\n|move|p2a: Papitula|Heal Pulse|p2b: Crabbo\n|-heal|p2b: Crabbo|100/100\n|move|p1a: Tinkaton|Gigaton Hammer|p2b: Crabbo\n|-supereffective|p2b: Crabbo|1\n|-damage|p2b: Crabbo|42/100\n|move|p1b: Froslass|Blizzard|p2b: Crabbo|[spread] p2a,p2b\n|-resisted|p2b: Crabbo|1\n|-damage|p2a: Papitula|3/100\n|-damage|p2b: Crabbo|24/100\n|\n|-weather|Snowscape|[upkeep]\n|upkeep\n|turn|12\n|-activate|p1a: Tinkaton|item: Quick Claw\n|\n|t:|1776080491\n|move|p1a: Tinkaton|Rock Slide|p2a: Papitula|[spread] p2a,p2b\n|-damage|p2a: Papitula|0 fnt\n|-damage|p2b: Crabbo|17/100\n|faint|p2a: Papitula\n|move|p2b: Crabbo|Ice Hammer|p1b: Froslass\n|-resisted|p1b: Froslass|1\n|-damage|p1b: Froslass|18/100\n|-unboost|p2b: Crabbo|spe|1\n|move|p1b: Froslass|Blizzard|p2b: Crabbo\n|-resisted|p2b: Crabbo|1\n|-damage|p2b: Crabbo|0 fnt\n|faint|p2b: Crabbo\n|\n|win|connordalto\n|raw|connordalto's rating: 1000 &rarr; <strong>1040</strong><br />(+40 for winning)\n|raw|tukitiko's rating: 1000 &rarr; <strong>1000</strong><br />(+0 for losing)\n|l|\u2606tukitiko\n|player|p2|\n",
  "uploadtime": 1776080502,
  "views": 18,
  "formatid": "gen9championsvgc2026regma",
  "rating": 1000,
  "private": 0,
  "password": null
}