{
  "id": "gen9championsvgc2026regma-2585451638",
  "format": "[Gen 9 Champions] VGC 2026 Reg M-A",
  "players": [
    "Yamimari",
    "daterew"
  ],
  "log": "|j|\u2606Yamimari\n|j|\u2606daterew\n|t:|1776348207\n|gametype|doubles\n|player|p1|Yamimari|n|1028\n|player|p2|daterew|veteran-gen4|1089\n|gen|9\n|tier|[Gen 9 Champions] VGC 2026 Reg M-A\n|rated|\n|rule|Species Clause: Limit one of each Pok\u00e9mon\n|rule|Item Clause: Limit 1 of each item\n|clearpoke\n|poke|p1|Blastoise, L50, M|\n|poke|p1|Raichu, L50, M|\n|poke|p1|Pelipper, L50, M|\n|poke|p1|Sinistcha, L50|\n|poke|p1|Archaludon, L50, M|\n|poke|p1|Lycanroc, L50, M|\n|poke|p2|Palafin, L50, M|\n|poke|p2|Samurott-Hisui, L50, M|\n|poke|p2|Raichu, L50, M|\n|poke|p2|Audino, L50, M|\n|poke|p2|Corviknight, L50, M|\n|poke|p2|Houndoom, L50, M|\n|teampreview|4\ndaterew rejected open team sheets.\n|inactive|Battle timer is ON: inactive players will automatically lose when time's up. (requested by Yamimari)\n|\n|t:|1776348254\n|teamsize|p1|4\n|teamsize|p2|4\n|start\n|switch|p1a: Archaludon|Archaludon, L50, M|100/100\n|switch|p1b: MineMine|Pelipper, L50, M|100/100\n|switch|p2a: Audino|Audino, L50, M|100/100\n|switch|p2b: Samurott|Samurott-Hisui, L50, M|100/100\n|-weather|RainDance|[from] ability: Drizzle|[of] p1b: MineMine\n|turn|1\n|\n|t:|1776348268\n|switch|p2b: Raichu|Raichu, L50, M, shiny|100/100\n|move|p1a: Archaludon|Aura Sphere|p2b: Raichu\n|-damage|p2b: Raichu|63/100\n|move|p1b: MineMine|Tailwind|p1b: MineMine\n|-sidestart|p1: Yamimari|move: Tailwind\n|move|p2a: Audino|Trick Room|p2a: Audino\n|-fieldstart|move: Trick Room|[of] p2a: Audino\n|\n|-weather|RainDance|[upkeep]\n|upkeep\n|turn|2\n|\n|t:|1776348284\n|move|p1b: MineMine|Protect|p1b: MineMine\n|-singleturn|p1b: MineMine|Protect\n|move|p2b: Raichu|Fake Out|p1a: Archaludon\n|-resisted|p1a: Archaludon|1\n|-damage|p1a: Archaludon|98/100\n|-ability|p1a: Archaludon|Stamina|boost\n|-boost|p1a: Archaludon|def|1\n|move|p2a: Audino|Calm Mind|p2a: Audino\n|-boost|p2a: Audino|spa|1\n|-boost|p2a: Audino|spd|1\n|cant|p1a: Archaludon|flinch\n|\n|-weather|RainDance|[upkeep]\n|-heal|p1a: Archaludon|100/100|[from] item: Leftovers\n|upkeep\n|turn|3\n|inactive|daterew has 30 seconds left.\n|\n|t:|1776348315\n|switch|p1b: Pistachie|Sinistcha, L50|100/100\n|move|p2a: Audino|Calm Mind|p2a: Audino\n|-boost|p2a: Audino|spa|1\n|-boost|p2a: Audino|spd|1\n|move|p2b: Raichu|Volt Switch|p1b: Pistachie\n|-resisted|p1b: Pistachie|1\n|-damage|p1b: Pistachie|88/100\n|\n|t:|1776348325\n|switch|p2b: Houndoom|Houndoom, L50, M|100/100|[from] Volt Switch\n|move|p1a: Archaludon|Aura Sphere|p2b: Houndoom\n|-supereffective|p2b: Houndoom|1\n|-damage|p2b: Houndoom|41/100\n|\n|-weather|RainDance|[upkeep]\n|upkeep\n|turn|4\n|\n|t:|1776348335\n|move|p2b: Houndoom|Protect|p2b: Houndoom\n|-singleturn|p2b: Houndoom|Protect\n|move|p2a: Audino|Calm Mind|p2a: Audino\n|-boost|p2a: Audino|spa|1\n|-boost|p2a: Audino|spd|1\n|move|p1b: Pistachie|Calm Mind|p1b: Pistachie\n|-boost|p1b: Pistachie|spa|1\n|-boost|p1b: Pistachie|spd|1\n|move|p1a: Archaludon|Electro Shot||[still]\n|-prepare|p1a: Archaludon|Electro Shot\n|-boost|p1a: Archaludon|spa|1\n|-anim|p1a: Archaludon|Electro Shot|p2b: Houndoom\n|-activate|p2b: Houndoom|move: Protect\n|\n|-weather|RainDance|[upkeep]\n|-sideend|p1: Yamimari|move: Tailwind\n|upkeep\n|turn|5\n|\n|t:|1776348351\n|switch|p2b: Raichu|Raichu, L50, M, shiny|63/100\n|move|p2a: Audino|Calm Mind|p2a: Audino\n|-boost|p2a: Audino|spa|1\n|-boost|p2a: Audino|spd|1\n|move|p1b: Pistachie|Calm Mind|p1b: Pistachie\n|-boost|p1b: Pistachie|spa|1\n|-boost|p1b: Pistachie|spd|1\n|move|p1a: Archaludon|Aura Sphere|p2b: Raichu\n|-damage|p2b: Raichu|5/100\n|\n|-weather|none\n|-fieldend|move: Trick Room\n|upkeep\n|turn|6\n|\n|t:|1776348373\n|detailschange|p2a: Audino|Audino-Mega, L50, M\n|-mega|p2a: Audino|Audino|Audinite\n|move|p1a: Archaludon|Protect|p1a: Archaludon\n|-singleturn|p1a: Archaludon|Protect\n|move|p2b: Raichu|Volt Switch|p1b: Pistachie\n|-resisted|p1b: Pistachie|1\n|-damage|p1b: Pistachie|82/100\n|\n|t:|1776348382\n|switch|p2b: Houndoom|Houndoom, L50, M|41/100|[from] Volt Switch\n|move|p1b: Pistachie|Calm Mind|p1b: Pistachie\n|-boost|p1b: Pistachie|spa|1\n|-boost|p1b: Pistachie|spd|1\n|move|p2a: Audino|Trick Room|p2a: Audino\n|-fieldstart|move: Trick Room|[of] p2a: Audino\n|\n|upkeep\n|turn|7\n|\n|t:|1776348393\n|move|p2b: Houndoom|Protect|p2b: Houndoom\n|-singleturn|p2b: Houndoom|Protect\n|move|p2a: Audino|Calm Mind|p2a: Audino\n|-boost|p2a: Audino|spa|1\n|-boost|p2a: Audino|spd|1\n|move|p1b: Pistachie|Matcha Gotcha|p2a: Audino|[spread] p2a\n|-activate|p2b: Houndoom|move: Protect\n|-damage|p2a: Audino|90/100\n|-heal|p1b: Pistachie|88/100|[from] drain|[of] p2a: Audino\n|move|p1a: Archaludon|Aura Sphere|p2b: Houndoom\n|-activate|p2b: Houndoom|move: Protect\n|\n|upkeep\n|turn|8\n|\n|t:|1776348412\n|move|p2a: Audino|Calm Mind|p2a: Audino\n|-boost|p2a: Audino|spa|1\n|-boost|p2a: Audino|spd|1\n|move|p1b: Pistachie|Matcha Gotcha|p2a: Audino|[spread] p2a\n|-miss|p1b: Pistachie|p2b: Houndoom\n|-damage|p2a: Audino|82/100\n|-heal|p1b: Pistachie|93/100|[from] drain|[of] p2a: Audino\n|-status|p2a: Audino|brn\n|move|p1a: Archaludon|Aura Sphere|p2b: Houndoom\n|-supereffective|p2b: Houndoom|1\n|-damage|p2b: Houndoom|0 fnt\n|faint|p2b: Houndoom\n|\n|-damage|p2a: Audino|76/100 brn|[from] brn\n|upkeep\n|\n|t:|1776348433\n|switch|p2b: Raichu|Raichu, L50, M, shiny|5/100\n|turn|9\n|\n|t:|1776348446\n|move|p1a: Archaludon|Protect|p1a: Archaludon\n|-singleturn|p1a: Archaludon|Protect\n|move|p2b: Raichu|Fake Out|p1a: Archaludon\n|-activate|p1a: Archaludon|move: Protect\n|move|p2a: Audino|Dazzling Gleam|p1b: Pistachie|[spread] p1b\n|-activate|p1a: Archaludon|move: Protect\n|-damage|p1b: Pistachie|68/100\n|move|p1b: Pistachie|Matcha Gotcha|p2b: Raichu|[spread] p2a,p2b\n|-damage|p2a: Audino|67/100 brn\n|-heal|p1b: Pistachie|73/100|[from] drain|[of] p2a: Audino\n|-damage|p2b: Raichu|0 fnt\n|-heal|p1b: Pistachie|75/100|[from] drain|[of] p2b: Raichu\n|faint|p2b: Raichu\n|\n|-damage|p2a: Audino|60/100 brn|[from] brn\n|upkeep\n|\n|t:|1776348463\n|switch|p2b: Samurott|Samurott-Hisui, L50, M|100/100\n|turn|10\n|\n|t:|1776348469\n|move|p2b: Samurott|Protect|p2b: Samurott\n|-singleturn|p2b: Samurott|Protect\n|move|p2a: Audino|Dazzling Gleam|p1a: Archaludon|[spread] p1a,p1b\n|-damage|p1a: Archaludon|33/100\n|-damage|p1b: Pistachie|49/100\n|-ability|p1a: Archaludon|Stamina|boost\n|-boost|p1a: Archaludon|def|1\n|-enditem|p1b: Pistachie|Sitrus Berry|[eat]\n|-heal|p1b: Pistachie|74/100|[from] item: Sitrus Berry\n|move|p1b: Pistachie|Matcha Gotcha|p2b: Samurott|[spread] p2a\n|-activate|p2b: Samurott|move: Protect\n|-damage|p2a: Audino|52/100 brn\n|-heal|p1b: Pistachie|79/100|[from] drain|[of] p2a: Audino\n|move|p1a: Archaludon|Aura Sphere|p2b: Samurott\n|-activate|p2b: Samurott|move: Protect\n|\n|-heal|p1a: Archaludon|39/100|[from] item: Leftovers\n|-damage|p2a: Audino|46/100 brn|[from] brn\n|-fieldend|move: Trick Room\n|upkeep\n|turn|11\n|\n|t:|1776348492\n|move|p1a: Archaludon|Flash Cannon|p2a: Audino\n|-supereffective|p2a: Audino|1\n|-damage|p2a: Audino|29/100 brn\n|move|p2b: Samurott|Ceaseless Edge|p1b: Pistachie\n|-supereffective|p1b: Pistachie|1\n|-damage|p1b: Pistachie|0 fnt\n|-sidestart|p1: Yamimari|Spikes\n|faint|p1b: Pistachie\n|move|p2a: Audino|Life Dew||[still]|[spread] p2a,p2b\n|-heal|p2a: Audino|54/100 brn\n|-fail|p2b: Samurott|heal\n|\n|-heal|p1a: Archaludon|45/100|[from] item: Leftovers\n|-damage|p2a: Audino|48/100 brn|[from] brn\n|upkeep\n|\n|t:|1776348501\n|switch|p1b: MineMine|Pelipper, L50, M|100/100\n|-weather|RainDance|[from] ability: Drizzle|[of] p1b: MineMine\n|turn|12\n|\n|t:|1776348513\n|move|p1b: MineMine|Wide Guard|p1b: MineMine\n|-singleturn|p1b: MineMine|Wide Guard\n|move|p2b: Samurott|Sacred Sword|p1a: Archaludon\n|-supereffective|p1a: Archaludon|1\n|-damage|p1a: Archaludon|0 fnt\n|faint|p1a: Archaludon\n|move|p2a: Audino|Dazzling Gleam|p1b: MineMine\n|-activate|p1b: MineMine|move: Wide Guard\n|\n|-weather|RainDance|[upkeep]\n|-damage|p2a: Audino|41/100 brn|[from] brn\n|upkeep\n|\n|t:|1776348519\n|switch|p1a: Harbor|Blastoise, L50, M|100/100\n|-damage|p1a: Harbor|88/100|[from] Spikes\n|turn|13\n|\n|t:|1776348529\n|detailschange|p1a: Harbor|Blastoise-Mega, L50, M\n|-mega|p1a: Harbor|Blastoise|Blastoisinite\n|move|p1a: Harbor|Protect|p1a: Harbor\n|-singleturn|p1a: Harbor|Protect\n|move|p2b: Samurott|Protect|p2b: Samurott\n|-singleturn|p2b: Samurott|Protect\n|move|p1b: MineMine|Tailwind|p1b: MineMine\n|-sidestart|p1: Yamimari|move: Tailwind\n|move|p2a: Audino|Life Dew||[still]|[spread] p2a,p2b\n|-heal|p2a: Audino|67/100 brn\n|-fail|p2b: Samurott|heal\n|\n|-weather|RainDance|[upkeep]\n|-damage|p2a: Audino|60/100 brn|[from] brn\n|upkeep\n|turn|14\n|\n|t:|1776348548\n|move|p2b: Samurott|Protect||[still]\n|-fail|p2b: Samurott\n|move|p1a: Harbor|Water Spout|p2a: Audino|[spread] p2a,p2b\n|-resisted|p2b: Samurott|1\n|-damage|p2a: Audino|48/100 brn\n|-damage|p2b: Samurott|55/100\n|move|p1b: MineMine|Hurricane|p2b: Samurott\n|-damage|p2b: Samurott|0 fnt\n|faint|p2b: Samurott\n|move|p2a: Audino|Trick Room|p2a: Audino\n|-fieldstart|move: Trick Room|[of] p2a: Audino\n|\n|-weather|RainDance|[upkeep]\n|-damage|p2a: Audino|41/100 brn|[from] brn\n|upkeep\n|turn|15\n|\n|t:|1776348564\n|move|p1b: MineMine|Wide Guard|p1b: MineMine\n|-singleturn|p1b: MineMine|Wide Guard\n|move|p2a: Audino|Life Dew|p2a: Audino\n|-heal|p2a: Audino|67/100 brn\n|move|p1a: Harbor|Shell Smash|p1a: Harbor\n|-unboost|p1a: Harbor|def|1\n|-unboost|p1a: Harbor|spd|1\n|-boost|p1a: Harbor|atk|2\n|-boost|p1a: Harbor|spa|2\n|-boost|p1a: Harbor|spe|2\n|\n|-weather|RainDance|[upkeep]\n|-damage|p2a: Audino|60/100 brn|[from] brn\n|upkeep\n|turn|16\n|\n|t:|1776348576\n|move|p1b: MineMine|Wide Guard|p1b: MineMine\n|-singleturn|p1b: MineMine|Wide Guard\n|move|p2a: Audino|Life Dew|p2a: Audino\n|-heal|p2a: Audino|86/100 brn\n|move|p1a: Harbor|Shell Smash|p1a: Harbor\n|-unboost|p1a: Harbor|def|1\n|-unboost|p1a: Harbor|spd|1\n|-boost|p1a: Harbor|atk|2\n|-boost|p1a: Harbor|spa|2\n|-boost|p1a: Harbor|spe|2\n|\n|-weather|none\n|-damage|p2a: Audino|80/100 brn|[from] brn\n|-sideend|p1: Yamimari|move: Tailwind\n|upkeep\n|turn|17\n|\n|t:|1776348599\n|move|p1b: MineMine|Wide Guard|p1b: MineMine\n|-singleturn|p1b: MineMine|Wide Guard\n|move|p2a: Audino|Life Dew|p2a: Audino\n|-heal|p2a: Audino|100/100 brn\n|move|p1a: Harbor|Water Spout|p2a: Audino\n|-damage|p2a: Audino|69/100 brn\n|\n|-damage|p2a: Audino|62/100 brn|[from] brn\n|upkeep\n|turn|18\n|\n|t:|1776348610\n|move|p1b: MineMine|Wide Guard|p1b: MineMine\n|-singleturn|p1b: MineMine|Wide Guard\n|move|p2a: Audino|Life Dew|p2a: Audino\n|-heal|p2a: Audino|88/100 brn\n|move|p1a: Harbor|Shell Smash|p1a: Harbor\n|-unboost|p1a: Harbor|def|1\n|-unboost|p1a: Harbor|spd|1\n|-boost|p1a: Harbor|atk|2\n|-boost|p1a: Harbor|spa|2\n|-boost|p1a: Harbor|spe|2\n|\n|-damage|p2a: Audino|81/100 brn|[from] brn\n|-fieldend|move: Trick Room\n|upkeep\n|turn|19\n|\n|t:|1776348626\n|move|p1b: MineMine|Wide Guard|p1b: MineMine\n|-singleturn|p1b: MineMine|Wide Guard\n|move|p1a: Harbor|Water Spout|p2a: Audino\n|-damage|p2a: Audino|43/100 brn\n|move|p2a: Audino|Trick Room|p2a: Audino\n|-fieldstart|move: Trick Room|[of] p2a: Audino\n|\n|-damage|p2a: Audino|37/100 brn|[from] brn\n|upkeep\n|turn|20\n|\n|t:|1776348637\n|move|p1b: MineMine|Wide Guard|p1b: MineMine\n|-singleturn|p1b: MineMine|Wide Guard\n|move|p2a: Audino|Life Dew|p2a: Audino\n|-heal|p2a: Audino|62/100 brn\n|move|p1a: Harbor|Ice Beam|p2a: Audino\n|-damage|p2a: Audino|43/100 brn\n|\n|-damage|p2a: Audino|37/100 brn|[from] brn\n|upkeep\n|turn|21\n|\n|t:|1776348650\n|move|p1b: MineMine|Wide Guard|p1b: MineMine\n|-singleturn|p1b: MineMine|Wide Guard\n|move|p2a: Audino|Life Dew|p2a: Audino\n|-heal|p2a: Audino|62/100 brn\n|move|p1a: Harbor|Ice Beam|p2a: Audino\n|-damage|p2a: Audino|44/100 brn\n|\n|-damage|p2a: Audino|38/100 brn|[from] brn\n|upkeep\n|turn|22\n|inactive|daterew has 30 seconds left.\n|\n|t:|1776348675\n|move|p1b: MineMine|Wide Guard|p1b: MineMine\n|-singleturn|p1b: MineMine|Wide Guard\n|move|p2a: Audino|Life Dew|p2a: Audino\n|-heal|p2a: Audino|63/100 brn\n|move|p1a: Harbor|Water Spout|p2a: Audino\n|-damage|p2a: Audino|23/100 brn\n|\n|-damage|p2a: Audino|17/100 brn|[from] brn\n|upkeep\n|turn|23\n|\n|t:|1776348686\n|move|p1b: MineMine|Wide Guard|p1b: MineMine\n|-singleturn|p1b: MineMine|Wide Guard\n|move|p2a: Audino|Life Dew|p2a: Audino\n|-heal|p2a: Audino|42/100 brn\n|move|p1a: Harbor|Water Spout|p2a: Audino\n|-damage|p2a: Audino|3/100 brn\n|\n|-damage|p2a: Audino|0 fnt|[from] brn\n|faint|p2a: Audino\n|\n|win|Yamimari\n|raw|Yamimari's rating: 1028 &rarr; <strong>1070</strong><br />(+42 for winning)\n|raw|daterew's rating: 1089 &rarr; <strong>1062</strong><br />(-27 for losing)\n|l|\u2606daterew\n|player|p2|\n",
  "uploadtime": 1776348693,
  "views": 31,
  "formatid": "gen9championsvgc2026regma",
  "rating": 1062,
  "private": 0,
  "password": null
}