{
  "id": "gen9championsvgc2026regma-2582414629",
  "format": "[Gen 9 Champions] VGC 2026 Reg M-A",
  "players": [
    "helpthinkofnamepls",
    "Saberlix"
  ],
  "log": "|j|\u2606helpthinkofnamepls\n|j|\u2606Saberlix\n|t:|1776090148\n|gametype|doubles\n|player|p1|helpthinkofnamepls|2|\n|player|p2|Saberlix|265|\n|gen|9\n|tier|[Gen 9 Champions] VGC 2026 Reg M-A\n|rule|Species Clause: Limit one of each Pok\u00e9mon\n|rule|Item Clause: Limit 1 of each item\n|clearpoke\n|poke|p1|Froslass, L50, F|\n|poke|p1|Palafin, L50, F|\n|poke|p1|Kingambit, L50, M|\n|poke|p1|Arcanine-Hisui, L50, F|\n|poke|p1|Sinistcha, L50|\n|poke|p1|Sneasler, L50, M|\n|poke|p2|Aerodactyl, L50, M|\n|poke|p2|Feraligatr, L50, F|\n|poke|p2|Zoroark-Hisui, L50, F|\n|poke|p2|Typhlosion-Hisui, L50, M|\n|poke|p2|Ninetales-Alola, L50, M|\n|poke|p2|Oranguru, L50, F|\n|teampreview|4\n|\n|t:|1776090229\n|teamsize|p1|4\n|teamsize|p2|4\n|start\n|switch|p1a: Palafin|Palafin, L50, F|100/100\n|switch|p1b: Sneasler|Sneasler, L50, M|100/100\n|switch|p2a: Aerodactyl|Aerodactyl, L50, M|100/100\n|switch|p2b: Feraligatr|Feraligatr, L50, F|100/100\n|-ability|p2a: Aerodactyl|Unnerve\n|turn|1\n|\n|t:|1776090257\n|detailschange|p2b: Feraligatr|Feraligatr-Mega, L50, F\n|-mega|p2b: Feraligatr|Feraligatr|Feraligite\n|move|p1b: Sneasler|Fake Out|p2a: Aerodactyl\n|-resisted|p2a: Aerodactyl|1\n|-damage|p2a: Aerodactyl|89/100\n|cant|p2a: Aerodactyl|flinch\n|move|p1a: Palafin|Wave Crash|p2a: Aerodactyl\n|-supereffective|p2a: Aerodactyl|1\n|-damage|p2a: Aerodactyl|0 fnt\n|faint|p2a: Aerodactyl\n|-damage|p1a: Palafin|74/100|[from] Recoil\n|move|p2b: Feraligatr|Flip Turn|p1b: Sneasler\n|-damage|p1b: Sneasler|33/100\n|\n|t:|1776090273\n|switch|p2b: Oranguru|Oranguru, L50, F|100/100|[from] Flip Turn\n|\n|upkeep\n|\n|t:|1776090279\n|switch|p2a: Feraligatr|Feraligatr-Mega, L50, F|100/100\n|turn|2\n|\n|t:|1776090294\n|detailschange|p1a: Palafin|Palafin-Hero, L50, F\n|switch|p1a: Sinistcha|Sinistcha, L50|100/100\n|-heal|p1b: Sneasler|57/100|[from] ability: Hospitality|[of] p1a: Sinistcha\n|move|p1b: Sneasler|Close Combat|p2a: Feraligatr\n|-damage|p2a: Feraligatr|48/100\n|-unboost|p1b: Sneasler|def|1\n|-unboost|p1b: Sneasler|spd|1\n|-enditem|p1b: Sneasler|White Herb\n|-clearnegativeboost|p1b: Sneasler|[silent]\n|move|p2a: Feraligatr|Facade|p1a: Sinistcha\n|-damage|p1a: Sinistcha|63/100\n|move|p2b: Oranguru|Instruct|p2a: Feraligatr\n|-singleturn|p2a: Feraligatr|move: Instruct|[of] p2b: Oranguru\n|move|p2a: Feraligatr|Facade|p1a: Sinistcha\n|-damage|p1a: Sinistcha|26/100\n|-enditem|p1a: Sinistcha|Sitrus Berry|[eat]\n|-heal|p1a: Sinistcha|50/100|[from] item: Sitrus Berry\n|\n|upkeep\n|turn|3\n|\n|t:|1776090362\n|move|p2b: Oranguru|Protect|p2b: Oranguru\n|-singleturn|p2b: Oranguru|Protect\n|move|p1a: Sinistcha|Rage Powder|p1a: Sinistcha\n|-singleturn|p1a: Sinistcha|move: Rage Powder\n|move|p1b: Sneasler|Dire Claw|p2b: Oranguru\n|-activate|p2b: Oranguru|move: Protect\n|move|p2a: Feraligatr|Facade|p1a: Sinistcha\n|-damage|p1a: Sinistcha|10/100\n|\n|upkeep\n|turn|4\n|\n|t:|1776090389\n|move|p1a: Sinistcha|Rage Powder|p1a: Sinistcha\n|-singleturn|p1a: Sinistcha|move: Rage Powder\n|move|p1b: Sneasler|Close Combat|p2a: Feraligatr\n|-damage|p2a: Feraligatr|3/100\n|-unboost|p1b: Sneasler|def|1\n|-unboost|p1b: Sneasler|spd|1\n|move|p2a: Feraligatr|Facade|p1a: Sinistcha\n|-damage|p1a: Sinistcha|0 fnt\n|faint|p1a: Sinistcha\n|move|p2b: Oranguru|Psychic Noise|p1b: Sneasler\n|-supereffective|p1b: Sneasler|2\n|-damage|p1b: Sneasler|0 fnt\n|faint|p1b: Sneasler\n|\n|upkeep\n|\n|t:|1776090400\n|switch|p1b: Palafin|Palafin-Hero, L50, F|74/100\n|switch|p1a: Froslass|Froslass, L50, F|100/100\n|-activate|p1b: Palafin|ability: Zero to Hero\n|turn|5\n|\n|t:|1776090428\n|detailschange|p1a: Froslass|Froslass-Mega, L50, F\n|-mega|p1a: Froslass|Froslass|Froslassite\n|-weather|Snowscape|[from] ability: Snow Warning|[of] p1a: Froslass\n|move|p1b: Palafin|Protect|p1b: Palafin\n|-singleturn|p1b: Palafin|Protect\n|move|p2a: Feraligatr|Aqua Jet|p1a: Froslass\n|-damage|p1a: Froslass|73/100\n|move|p1a: Froslass|Aurora Veil|p1a: Froslass\n|-sidestart|p1: helpthinkofnamepls|move: Aurora Veil\n|move|p2b: Oranguru|Knock Off|p1b: Palafin\n|-activate|p1b: Palafin|move: Protect\n|\n|-weather|Snowscape|[upkeep]\n|upkeep\n|turn|6\n|\n|t:|1776090456\n|move|p1a: Froslass|Blizzard|p2b: Oranguru|[spread] p2a,p2b\n|-damage|p2a: Feraligatr|0 fnt\n|-damage|p2b: Oranguru|73/100\n|faint|p2a: Feraligatr\n|move|p1b: Palafin|Wave Crash|p2b: Oranguru\n|-damage|p2b: Oranguru|0 fnt\n|faint|p2b: Oranguru\n|-damage|p1b: Palafin|47/100|[from] Recoil\n|\n|-weather|Snowscape|[upkeep]\n|upkeep\n|\n|t:|1776090459\n|switch|p2b: Typhlosion|Typhlosion-Hisui, L50, M|100/100\n|-item|p1a: Froslass|Froslassite|[from] ability: Frisk|[of] p2b: Typhlosion\n|-item|p1b: Palafin|Mystic Water|[from] ability: Frisk|[of] p2b: Typhlosion\n|turn|7\n|\n|t:|1776090480\n|move|p1b: Palafin|Jet Punch|p2b: Typhlosion\n|-supereffective|p2b: Typhlosion|1\n|-damage|p2b: Typhlosion|0 fnt\n|faint|p2b: Typhlosion\n|\n|win|helpthinkofnamepls\n",
  "uploadtime": 1776090484,
  "views": 9,
  "formatid": "gen9championsvgc2026regma",
  "rating": null,
  "private": 0,
  "password": null
}