{
  "id": "gen9championsvgc2026regma-2582128991",
  "format": "[Gen 9 Champions] VGC 2026 Reg M-A",
  "players": [
    "nextxenp",
    "kitucho"
  ],
  "log": "|j|\u2606nextxenp\n|j|\u2606kitucho\n|t:|1776061703\n|gametype|doubles\n|player|p1|nextxenp|skier|1154\n|player|p2|kitucho|266|1111\n|gen|9\n|tier|[Gen 9 Champions] VGC 2026 Reg M-A\n|rated|\n|rule|Species Clause: Limit one of each Pok\u00e9mon\n|rule|Item Clause: Limit 1 of each item\n|clearpoke\n|poke|p1|Gengar, L50, F|\n|poke|p1|Incineroar, L50, M|\n|poke|p1|Sinistcha, L50|\n|poke|p1|Kingambit, L50, M|\n|poke|p1|Tyranitar, L50, M|\n|poke|p1|Kommo-o, L50, F|\n|poke|p2|Politoed, L50, F|\n|poke|p2|Dragonite, L50, M|\n|poke|p2|Sinistcha, L50|\n|poke|p2|Scizor, L50, M|\n|poke|p2|Clefable, L50, M|\n|poke|p2|Sableye, L50, F|\n|teampreview|4\nnextxenp has agreed to open team sheets.\n|\n|t:|1776061776\n|teamsize|p1|4\n|teamsize|p2|4\n|start\n|switch|p1a: Gengar|Gengar, L50, F|100/100\n|switch|p1b: Incineroar|Incineroar, L50, M|100/100\n|switch|p2a: Dragonite|Dragonite, L50, M, shiny|100/100\n|switch|p2b: Clefable|Clefable, L50, M|100/100\n|-ability|p1b: Incineroar|Intimidate|boost\n|-unboost|p2a: Dragonite|atk|1\n|-unboost|p2b: Clefable|atk|1\n|turn|1\n|\n|t:|1776061841\n|switch|p2a: Scizor|Scizor, L50, M, shiny|100/100\n|detailschange|p1a: Gengar|Gengar-Mega, L50, F\n|-mega|p1a: Gengar|Gengar|Gengarite\n|move|p1b: Incineroar|Fake Out|p2a: Scizor\n|-resisted|p2a: Scizor|1\n|-damage|p2a: Scizor|95/100\n|move|p1a: Gengar|Perish Song|p1a: Gengar\n|-start|p1a: Gengar|perish3|[silent]\n|-start|p1b: Incineroar|perish3|[silent]\n|-start|p2a: Scizor|perish3|[silent]\n|-start|p2b: Clefable|perish3|[silent]\n|-fieldactivate|move: Perish Song\n|move|p2b: Clefable|Moonblast|p1b: Incineroar\n|-damage|p1b: Incineroar|73/100\n|-unboost|p1b: Incineroar|spa|1\n|\n|-start|p1a: Gengar|perish3\n|-start|p2a: Scizor|perish3\n|-start|p1b: Incineroar|perish3\n|-start|p2b: Clefable|perish3\n|upkeep\n|turn|2\n|\n|t:|1776061878\n|move|p1a: Gengar|Protect|p1a: Gengar\n|-singleturn|p1a: Gengar|Protect\n|move|p2a: Scizor|Bug Bite|p1b: Incineroar\n|-damage|p1b: Incineroar|28/100\n|-enditem|p1b: Incineroar|Shuca Berry|[from] stealeat|[move] Bug Bite|[of] p2a: Scizor\n|move|p1b: Incineroar|Flare Blitz|p2a: Scizor\n|-supereffective|p2a: Scizor|2\n|-damage|p2a: Scizor|0 fnt\n|faint|p2a: Scizor\n|-damage|p1b: Incineroar|1/100|[from] Recoil\n|move|p2b: Clefable|Moonblast|p1b: Incineroar\n|-damage|p1b: Incineroar|0 fnt\n|faint|p1b: Incineroar\n|\n|-start|p1a: Gengar|perish2\n|-start|p2b: Clefable|perish2\n|upkeep\n|\n|t:|1776061895\n|switch|p2a: Politoed|Politoed, L50, F, shiny|100/100\n|switch|p1b: Sinistcha|Sinistcha, L50|100/100\n|-weather|RainDance|[from] ability: Drizzle|[of] p2a: Politoed\n|turn|3\n|\n|t:|1776061917\n|switch|p1b: Tyranitar|Tyranitar, L50, M|100/100\n|-weather|Sandstorm|[from] ability: Sand Stream|[of] p1b: Tyranitar\n|move|p2a: Politoed|Weather Ball|p1a: Gengar\n|-damage|p1a: Gengar|71/100\n|move|p1a: Gengar|Substitute|p1a: Gengar\n|-start|p1a: Gengar|Substitute\n|-damage|p1a: Gengar|46/100\n|move|p2b: Clefable|Moonblast|p1a: Gengar\n|-resisted|p1a: Gengar|1\n|-activate|p1a: Gengar|move: Substitute|[damage]\n|\n|-weather|Sandstorm|[upkeep]\n|-damage|p2a: Politoed|95/100|[from] Sandstorm\n|-damage|p1a: Gengar|40/100|[from] Sandstorm\n|-damage|p2b: Clefable|95/100|[from] Sandstorm\n|-start|p1a: Gengar|perish1\n|-start|p2b: Clefable|perish1\n|upkeep\n|turn|4\n|\n|t:|1776061953\n|switch|p1a: Sinistcha|Sinistcha, L50|100/100\n|move|p2b: Clefable|Follow Me|p2b: Clefable\n|-singleturn|p2b: Clefable|move: Follow Me\n|move|p2a: Politoed|Weather Ball|p1a: Sinistcha\n|-damage|p1a: Sinistcha|73/100\n|move|p1b: Tyranitar|Stone Edge|p2b: Clefable\n|-damage|p2b: Clefable|20/100\n|-enditem|p2b: Clefable|Sitrus Berry|[eat]\n|-heal|p2b: Clefable|45/100|[from] item: Sitrus Berry\n|\n|-weather|Sandstorm|[upkeep]\n|-damage|p2a: Politoed|89/100|[from] Sandstorm\n|-damage|p1a: Sinistcha|67/100|[from] Sandstorm\n|-damage|p2b: Clefable|39/100|[from] Sandstorm\n|-start|p2b: Clefable|perish0\n|upkeep\n|faint|p2b: Clefable\n|\n|t:|1776061967\n|switch|p2b: Dragonite|Dragonite, L50, M, shiny|100/100\n|turn|5\n|\n|t:|1776061981\n|detailschange|p2b: Dragonite|Dragonite-Mega, L50, M, shiny\n|-mega|p2b: Dragonite|Dragonite|Dragoninite\n|move|p1a: Sinistcha|Rage Powder|p1a: Sinistcha\n|-singleturn|p1a: Sinistcha|move: Rage Powder\n|move|p2a: Politoed|Weather Ball|p1a: Sinistcha\n|-damage|p1a: Sinistcha|41/100\n|-enditem|p1a: Sinistcha|Sitrus Berry|[eat]\n|-heal|p1a: Sinistcha|65/100|[from] item: Sitrus Berry\n|move|p1b: Tyranitar|Stone Edge|p2b: Dragonite\n|-supereffective|p2b: Dragonite|1\n|-damage|p2b: Dragonite|50/100\n|move|p2b: Dragonite|Dragon Pulse|p1a: Sinistcha\n|-damage|p1a: Sinistcha|18/100\n|\n|-weather|Sandstorm|[upkeep]\n|-damage|p2a: Politoed|83/100|[from] Sandstorm\n|-damage|p2b: Dragonite|44/100|[from] Sandstorm\n|-damage|p1a: Sinistcha|12/100|[from] Sandstorm\n|upkeep\n|turn|6\n|-message|kitucho forfeited.\n|\n|win|nextxenp\n|raw|nextxenp's rating: 1154 &rarr; <strong>1176</strong><br />(+22 for winning)\n|raw|kitucho's rating: 1111 &rarr; <strong>1089</strong><br />(-22 for losing)\n|l|\u2606kitucho\n|player|p2|\n",
  "uploadtime": 1776062009,
  "views": 19,
  "formatid": "gen9championsvgc2026regma",
  "rating": 1089,
  "private": 0,
  "password": null
}