{
  "id": "gen9championsvgc2026regma-2587961431",
  "format": "[Gen 9 Champions] VGC 2026 Reg M-A",
  "players": [
    "Disorient",
    "asubircomolaespuma"
  ],
  "log": "|j|\u2606Disorient\n|j|\u2606asubircomolaespuma\n|t:|1776585271\n|gametype|doubles\n|player|p1|Disorient|#scl3dynamos|\n|player|p2|asubircomolaespuma|102|\n|gen|9\n|tier|[Gen 9 Champions] VGC 2026 Reg M-A\n|rule|Species Clause: Limit one of each Pok\u00e9mon\n|rule|Item Clause: Limit 1 of each item\n|clearpoke\n|poke|p1|Corviknight, L50, M|\n|poke|p1|Sinistcha, L50|\n|poke|p1|Tyranitar, L50, F|\n|poke|p1|Excadrill, L50, F|\n|poke|p1|Rotom-Wash, L50|\n|poke|p1|Garchomp, L50, M|\n|poke|p2|Charizard, L50, F|\n|poke|p2|Rotom-Wash, L50|\n|poke|p2|Garchomp, L50, F|\n|poke|p2|Whimsicott, L50, M|\n|poke|p2|Aegislash, L50, F|\n|poke|p2|Sneasler, L50, F|\n|teampreview|4\n|inactive|Battle timer is ON: inactive players will automatically lose when time's up. (requested by Disorient)\n|inactive|Disorient has 60 seconds left.\n|inactive|asubircomolaespuma has 60 seconds left.\n|\n|t:|1776585304\n|teamsize|p1|4\n|teamsize|p2|4\n|start\n|switch|p1a: Garchomp|Garchomp, L50, M|100/100\n|switch|p1b: Sinistcha|Sinistcha, L50|100/100\n|switch|p2a: Aegislash|Aegislash, L50, F|100/100\n|switch|p2b: Sneasler|Sneasler, L50, F|100/100\n|turn|1\n|\n|t:|1776585320\n|switch|p1b: Tyranitar|Tyranitar, L50, F|100/100\n|-weather|Sandstorm|[from] ability: Sand Stream|[of] p1b: Tyranitar\n|move|p1a: Garchomp|Protect|p1a: Garchomp\n|-singleturn|p1a: Garchomp|Protect\n|move|p2b: Sneasler|Fake Out|p1a: Garchomp\n|-activate|p1a: Garchomp|move: Protect\n|-formechange|p2a: Aegislash|Aegislash-Blade|\n|move|p2a: Aegislash|Poltergeist|p1b: Tyranitar\n|-activate|p1b: Tyranitar|move: Poltergeist|Tyranitarite\n|-resisted|p1b: Tyranitar|1\n|-damage|p1b: Tyranitar|69/100\n|\n|-weather|Sandstorm|[upkeep]\n|-damage|p2b: Sneasler|95/100|[from] Sandstorm\n|upkeep\n|turn|2\n|\n|t:|1776585341\n|switch|p1b: Sinistcha|Sinistcha, L50|100/100\n|move|p2b: Sneasler|Protect|p2b: Sneasler\n|-singleturn|p2b: Sneasler|Protect\n|-formechange|p2a: Aegislash|Aegislash|\n|move|p2a: Aegislash|King's Shield|p2a: Aegislash\n|-singleturn|p2a: Aegislash|Protect\n|move|p1a: Garchomp|Earthquake|p2a: Aegislash|[spread] p1b\n|-activate|p2a: Aegislash|move: Protect\n|-activate|p2b: Sneasler|move: Protect\n|-resisted|p1b: Sinistcha|1\n|-damage|p1b: Sinistcha|84/100\n|\n|-weather|Sandstorm|[upkeep]\n|-damage|p2b: Sneasler|89/100|[from] Sandstorm\n|-damage|p1b: Sinistcha|77/100|[from] Sandstorm\n|upkeep\n|turn|3\n|\n|t:|1776585363\n|switch|p2b: Rotom|Rotom-Wash, L50|100/100\n|switch|p1b: Rotom|Rotom-Wash, L50|100/100\n|move|p1a: Garchomp|Earthquake|p2a: Aegislash|[spread] p2a\n|-immune|p1b: Rotom|[from] ability: Levitate\n|-immune|p2b: Rotom|[from] ability: Levitate\n|-supereffective|p2a: Aegislash|1\n|-damage|p2a: Aegislash|39/100\n|-formechange|p2a: Aegislash|Aegislash-Blade|\n|move|p2a: Aegislash|Poltergeist|p1b: Rotom\n|-activate|p1b: Rotom|move: Poltergeist|Sitrus Berry\n|-damage|p1b: Rotom|16/100\n|-enditem|p1b: Rotom|Sitrus Berry|[eat]\n|-heal|p1b: Rotom|41/100|[from] item: Sitrus Berry\n|\n|-weather|Sandstorm|[upkeep]\n|-damage|p1b: Rotom|35/100|[from] Sandstorm\n|-damage|p2b: Rotom|95/100|[from] Sandstorm\n|upkeep\n|turn|4\n|\n|t:|1776585384\n|switch|p1a: Sinistcha|Sinistcha, L50|77/100\n|-heal|p1b: Rotom|60/100|[from] ability: Hospitality|[of] p1a: Sinistcha\n|-formechange|p2a: Aegislash|Aegislash|\n|move|p2a: Aegislash|King's Shield|p2a: Aegislash\n|-singleturn|p2a: Aegislash|Protect\n|move|p1b: Rotom|Will-O-Wisp|p2a: Aegislash\n|-status|p2a: Aegislash|brn\n|move|p2b: Rotom|Hydro Pump|p1a: Sinistcha\n|-resisted|p1a: Sinistcha|1\n|-damage|p1a: Sinistcha|57/100\n|\n|-weather|Sandstorm|[upkeep]\n|-damage|p1b: Rotom|54/100|[from] Sandstorm\n|-damage|p2b: Rotom|89/100|[from] Sandstorm\n|-damage|p1a: Sinistcha|51/100|[from] Sandstorm\n|-damage|p2a: Aegislash|33/100 brn|[from] brn\n|upkeep\n|turn|5\n|\n|t:|1776585401\n|switch|p1a: Garchomp|Garchomp, L50, M|100/100\n|move|p1b: Rotom|Hydro Pump|p2a: Aegislash\n|-damage|p2a: Aegislash|0 fnt\n|faint|p2a: Aegislash\n|move|p2b: Rotom|Hydro Pump|p1a: Garchomp\n|-damage|p1a: Garchomp|53/100\n|\n|-weather|none\n|upkeep\n|\n|t:|1776585412\n|switch|p2a: Sneasler|Sneasler, L50, F|89/100\n|turn|6\n|\n|t:|1776585417\n|switch|p1b: Sinistcha|Sinistcha, L50|51/100\n|-heal|p1a: Garchomp|78/100|[from] ability: Hospitality|[of] p1b: Sinistcha\n|move|p1a: Garchomp|Protect|p1a: Garchomp\n|-singleturn|p1a: Garchomp|Protect\n|move|p2a: Sneasler|Close Combat|p1b: Sinistcha\n|-immune|p1b: Sinistcha\n|move|p2b: Rotom|Hydro Pump|p1a: Garchomp\n|-activate|p1a: Garchomp|move: Protect\n|\n|upkeep\n|turn|7\n|\n|t:|1776585440\n|move|p2a: Sneasler|Protect|p2a: Sneasler\n|-singleturn|p2a: Sneasler|Protect\n|move|p1a: Garchomp|Earthquake|p2b: Rotom|[spread] p1b\n|-activate|p2a: Sneasler|move: Protect\n|-immune|p2b: Rotom|[from] ability: Levitate\n|-resisted|p1b: Sinistcha|1\n|-damage|p1b: Sinistcha|33/100\n|move|p2b: Rotom|Hydro Pump|p1a: Garchomp\n|-damage|p1a: Garchomp|28/100\n|move|p1b: Sinistcha|Trick Room|p1b: Sinistcha\n|-fieldstart|move: Trick Room|[of] p1b: Sinistcha\n|\n|upkeep\n|turn|8\n|\n|t:|1776585456\n|switch|p2a: Charizard|Charizard, L50, F|100/100\n|move|p1b: Sinistcha|Life Dew|p1b: Sinistcha|[spread] p1a,p1b\n|-heal|p1a: Garchomp|52/100\n|-heal|p1b: Sinistcha|58/100\n|move|p2b: Rotom|Hydro Pump|p1a: Garchomp|[miss]\n|-miss|p2b: Rotom|p1a: Garchomp\n|move|p1a: Garchomp|Dragon Claw|p2a: Charizard\n|-damage|p2a: Charizard|49/100\n|\n|upkeep\n|turn|9\n|inactive|Disorient has 30 seconds left.\n|inactive|Disorient has 20 seconds left.\n|inactive|Disorient has 15 seconds left.\n|inactive|Disorient has 10 seconds left.\n|inactive|Disorient has 5 seconds left.\n|\n|t:|1776585506\n|move|p2a: Charizard|Protect|p2a: Charizard\n|-singleturn|p2a: Charizard|Protect\n|move|p1b: Sinistcha|Life Dew|p1b: Sinistcha|[spread] p1a,p1b\n|-heal|p1a: Garchomp|77/100\n|-heal|p1b: Sinistcha|83/100\n|move|p2b: Rotom|Hydro Pump|p1a: Garchomp\n|-damage|p1a: Garchomp|30/100\n|move|p1a: Garchomp|Rock Slide|p2b: Rotom|[spread] p2b\n|-activate|p2a: Charizard|move: Protect\n|-damage|p2b: Rotom|71/100\n|\n|upkeep\n|turn|10\n|\n|t:|1776585521\n|switch|p1b: Tyranitar|Tyranitar, L50, F|69/100\n|-weather|Sandstorm|[from] ability: Sand Stream|[of] p1b: Tyranitar\n|detailschange|p2a: Charizard|Charizard-Mega-Y, L50, F\n|-mega|p2a: Charizard|Charizard|Charizardite Y\n|-weather|SunnyDay|[from] ability: Drought|[of] p2a: Charizard\n|move|p1a: Garchomp|Protect|p1a: Garchomp\n|-singleturn|p1a: Garchomp|Protect\n|move|p2b: Rotom|Hydro Pump|p1a: Garchomp\n|-activate|p1a: Garchomp|move: Protect\n|move|p2a: Charizard|Heat Wave|p1b: Tyranitar|[spread] p1b\n|-activate|p1a: Garchomp|move: Protect\n|-resisted|p1b: Tyranitar|1\n|-crit|p1b: Tyranitar\n|-damage|p1b: Tyranitar|27/100\n|\n|-weather|SunnyDay|[upkeep]\n|upkeep\n|turn|11\n|inactive|Disorient has 30 seconds left.\n|inactive|Disorient has 20 seconds left.\n|inactive|Disorient has 15 seconds left.\n|inactive|Disorient has 10 seconds left.\n|\n|t:|1776585567\n|switch|p1b: Sinistcha|Sinistcha, L50|83/100\n|-heal|p1a: Garchomp|55/100|[from] ability: Hospitality|[of] p1b: Sinistcha\n|switch|p2a: Sneasler|Sneasler, L50, F|89/100\n|move|p1a: Garchomp|Protect||[still]\n|-fail|p1a: Garchomp\n|move|p2b: Rotom|Hydro Pump|p1a: Garchomp\n|-damage|p1a: Garchomp|31/100\n|\n|-weather|SunnyDay|[upkeep]\n|-fieldend|move: Trick Room\n|upkeep\n|turn|12\n|c|\u2606Disorient|oh double protect whoops\n|inactive|Disorient has 30 seconds left.\n|c|\u2606asubircomolaespuma|xd\n|\n|t:|1776585602\n|switch|p2b: Charizard|Charizard-Mega-Y, L50, F|49/100\n|move|p1a: Garchomp|Protect|p1a: Garchomp\n|-singleturn|p1a: Garchomp|Protect\n|move|p2a: Sneasler|Dire Claw|p1b: Sinistcha\n|-damage|p1b: Sinistcha|45/100\n|move|p1b: Sinistcha|Trick Room|p1b: Sinistcha\n|-fieldstart|move: Trick Room|[of] p1b: Sinistcha\n|\n|-weather|SunnyDay|[upkeep]\n|upkeep\n|turn|13\n|inactive|Disorient has 30 seconds left.\n|inactive|asubircomolaespuma has 30 seconds left.\n|inactive|Disorient has 20 seconds left.\n|inactive|asubircomolaespuma has 20 seconds left.\n|\n|t:|1776585637\n|move|p2b: Charizard|Protect|p2b: Charizard\n|-singleturn|p2b: Charizard|Protect\n|move|p1b: Sinistcha|Life Dew|p1b: Sinistcha|[spread] p1a,p1b\n|-heal|p1a: Garchomp|56/100\n|-heal|p1b: Sinistcha|71/100\n|move|p1a: Garchomp|Earthquake|p2b: Charizard|[spread] p1b,p2a\n|-activate|p2b: Charizard|move: Protect\n|-resisted|p1b: Sinistcha|1\n|-supereffective|p2a: Sneasler|1\n|-damage|p1b: Sinistcha|54/100\n|-damage|p2a: Sneasler|0 fnt\n|faint|p2a: Sneasler\n|\n|-weather|SunnyDay|[upkeep]\n|upkeep\n|\n|t:|1776585641\n|switch|p2a: Rotom|Rotom-Wash, L50|71/100\n|turn|14\n|\n|t:|1776585660\n|move|p1b: Sinistcha|Life Dew|p1b: Sinistcha|[spread] p1a,p1b\n|-heal|p1a: Garchomp|80/100\n|-heal|p1b: Sinistcha|79/100\n|move|p2a: Rotom|Thunderbolt|p1b: Sinistcha\n|-resisted|p1b: Sinistcha|1\n|-damage|p1b: Sinistcha|62/100\n|move|p2b: Charizard|Heat Wave|p1a: Garchomp|[spread] p1b\n|-miss|p2b: Charizard|p1a: Garchomp\n|-supereffective|p1b: Sinistcha|1\n|-damage|p1b: Sinistcha|0 fnt\n|faint|p1b: Sinistcha\n|move|p1a: Garchomp|Rock Slide|p2a: Rotom|[spread] p2a,p2b\n|-supereffective|p2b: Charizard|2\n|-damage|p2a: Rotom|51/100\n|-damage|p2b: Charizard|0 fnt\n|faint|p2b: Charizard\n|\n|-weather|none\n|upkeep\n|\n|t:|1776585673\n|switch|p1b: Tyranitar|Tyranitar, L50, F|27/100\n|-weather|Sandstorm|[from] ability: Sand Stream|[of] p1b: Tyranitar\n|turn|15\n|\n|t:|1776585677\n|detailschange|p1b: Tyranitar|Tyranitar-Mega, L50, F\n|-mega|p1b: Tyranitar|Tyranitar|Tyranitarite\n|move|p1b: Tyranitar|Knock Off|p2a: Rotom\n|-damage|p2a: Rotom|0 fnt\n|-enditem|p2a: Rotom|Sitrus Berry|[from] move: Knock Off|[of] p1b: Tyranitar\n|faint|p2a: Rotom\n|\n|win|Disorient\n|c|\u2606Disorient|ggs\n|c|\u2606asubircomolaespuma|gg\n|c|\u2606asubircomolaespuma|this is not my team\n|c|\u2606asubircomolaespuma|im glad to actually change it\n|c|\u2606asubircomolaespuma|it has to many problems with teams like that\n",
  "uploadtime": 1776585765,
  "views": 9,
  "formatid": "gen9championsvgc2026regma",
  "rating": null,
  "private": 0,
  "password": null
}