{
  "id": "gen9championsvgc2026regma-2588623591",
  "format": "[Gen 9 Champions] VGC 2026 Reg M-A",
  "players": [
    "joshurfast 2.0",
    "PuffSun"
  ],
  "log": "|j|\u2606joshurfast 2.0\n|j|\u2606PuffSun\n|t:|1776651157\n|gametype|doubles\n|player|p1|joshurfast 2.0|whitney|1365\n|player|p2|PuffSun|102|1464\n|gen|9\n|tier|[Gen 9 Champions] VGC 2026 Reg M-A\n|rated|\n|rule|Species Clause: Limit one of each Pok\u00e9mon\n|rule|Item Clause: Limit 1 of each item\n|clearpoke\n|poke|p1|Tyranitar, L50, F|\n|poke|p1|Garchomp, L50, M|\n|poke|p1|Milotic, L50, M|\n|poke|p1|Rotom-Heat, L50|\n|poke|p1|Gengar, L50, F|\n|poke|p1|Tsareena, L50, F, shiny|\n|poke|p2|Floette-Eternal, L50, F|\n|poke|p2|Maushold-Four, L50|\n|poke|p2|Sneasler, L50, F|\n|poke|p2|Sinistcha, L50|\n|poke|p2|Blastoise, L50, F|\n|poke|p2|Basculegion, L50, M|\n|teampreview|4\n|inactive|Battle timer is ON: inactive players will automatically lose when time's up. (requested by joshurfast 2.0)\n|inactive|joshurfast 2.0 has 60 seconds left.\n|inactive|PuffSun has 60 seconds left.\n|\n|t:|1776651192\n|teamsize|p1|4\n|teamsize|p2|4\n|start\n|switch|p1a: Tsareena|Tsareena, L50, F, shiny|100/100\n|switch|p1b: Garchomp|Garchomp, L50, M|100/100\n|switch|p2a: Maushold|Maushold-Four, L50|100/100\n|switch|p2b: Basculegion|Basculegion, L50, M|100/100\n|turn|1\n|inactive|PuffSun has 30 seconds left.\n|\n|t:|1776651219\n|move|p2a: Maushold|Follow Me|p2a: Maushold\n|-singleturn|p2a: Maushold|move: Follow Me\n|move|p2b: Basculegion|Flip Turn|p1b: Garchomp\n|-damage|p1b: Garchomp|58/100\n|\n|t:|1776651224\n|switch|p2b: Blastoise|Blastoise, L50, F|100/100|[from] Flip Turn\n|move|p1a: Tsareena|High Jump Kick|p2a: Maushold\n|-supereffective|p2a: Maushold|1\n|-crit|p2a: Maushold\n|-enditem|p2a: Maushold|Focus Sash\n|-damage|p2a: Maushold|1/100\n|move|p1b: Garchomp|Rock Slide|p2a: Maushold|[spread] p2a,p2b\n|-damage|p2a: Maushold|0 fnt\n|-damage|p2b: Blastoise|84/100\n|faint|p2a: Maushold\n|\n|upkeep\n|\n|t:|1776651237\n|switch|p2a: Sinistcha|Sinistcha, L50|100/100\n|-heal|p2b: Blastoise|100/100|[from] ability: Hospitality|[of] p2a: Sinistcha\n|turn|2\n|\n|t:|1776651254\n|detailschange|p2b: Blastoise|Blastoise-Mega, L50, F\n|-mega|p2b: Blastoise|Blastoise|Blastoisinite\n|move|p2b: Blastoise|Protect|p2b: Blastoise\n|-singleturn|p2b: Blastoise|Protect\n|move|p1a: Tsareena|High Jump Kick|p2b: Blastoise\n|-activate|p2b: Blastoise|move: Protect\n|-damage|p1a: Tsareena|51/100|[from] highjumpkick\n|move|p1b: Garchomp|Dragon Claw|p2b: Blastoise\n|-activate|p2b: Blastoise|move: Protect\n|move|p2a: Sinistcha|Trick Room|p2a: Sinistcha\n|-fieldstart|move: Trick Room|[of] p2a: Sinistcha\n|\n|upkeep\n|turn|3\n|\n|t:|1776651273\n|move|p1b: Garchomp|Protect|p1b: Garchomp\n|-singleturn|p1b: Garchomp|Protect\n|move|p2a: Sinistcha|Matcha Gotcha|p1a: Tsareena|[spread] p1a\n|-activate|p1b: Garchomp|move: Protect\n|-resisted|p1a: Tsareena|1\n|-damage|p1a: Tsareena|35/100\n|move|p2b: Blastoise|Water Spout|p1b: Garchomp|[spread] p1a\n|-activate|p1b: Garchomp|move: Protect\n|-resisted|p1a: Tsareena|1\n|-damage|p1a: Tsareena|0 fnt\n|faint|p1a: Tsareena\n|\n|upkeep\n|\n|t:|1776651279\n|switch|p1a: Tyranitar|Tyranitar, L50, F|100/100\n|-weather|Sandstorm|[from] ability: Sand Stream|[of] p1a: Tyranitar\n|turn|4\n|\n|t:|1776651295\n|move|p1a: Tyranitar|Protect|p1a: Tyranitar\n|-singleturn|p1a: Tyranitar|Protect\n|move|p2a: Sinistcha|Matcha Gotcha|p1b: Garchomp|[spread] p1b\n|-activate|p1a: Tyranitar|move: Protect\n|-damage|p1b: Garchomp|30/100\n|-status|p1b: Garchomp|brn\n|move|p2b: Blastoise|Water Spout|p1a: Tyranitar|[spread] p1b\n|-activate|p1a: Tyranitar|move: Protect\n|-damage|p1b: Garchomp|0 fnt\n|faint|p1b: Garchomp\n|\n|-weather|Sandstorm|[upkeep]\n|-damage|p2a: Sinistcha|94/100|[from] Sandstorm\n|-damage|p2b: Blastoise|95/100|[from] Sandstorm\n|-heal|p2a: Sinistcha|100/100|[from] item: Leftovers\n|upkeep\n|\n|t:|1776651297\n|switch|p1b: Gengar|Gengar, L50, F|100/100\n|turn|5\n|\n|t:|1776651320\n|detailschange|p1a: Tyranitar|Tyranitar-Mega, L50, F\n|-mega|p1a: Tyranitar|Tyranitar|Tyranitarite\n|move|p1b: Gengar|Protect|p1b: Gengar\n|-singleturn|p1b: Gengar|Protect\n|move|p2a: Sinistcha|Matcha Gotcha|p1a: Tyranitar|[spread] p1a\n|-activate|p1b: Gengar|move: Protect\n|-supereffective|p1a: Tyranitar|1\n|-damage|p1a: Tyranitar|70/100\n|move|p2b: Blastoise|Water Spout|p1a: Tyranitar|[spread] p1a\n|-activate|p1b: Gengar|move: Protect\n|-supereffective|p1a: Tyranitar|1\n|-damage|p1a: Tyranitar|4/100\n|move|p1a: Tyranitar|Knock Off|p2a: Sinistcha\n|-supereffective|p2a: Sinistcha|1\n|-damage|p2a: Sinistcha|15/100\n|-enditem|p2a: Sinistcha|Leftovers|[from] move: Knock Off|[of] p1a: Tyranitar\n|\n|-weather|Sandstorm|[upkeep]\n|-damage|p2a: Sinistcha|9/100|[from] Sandstorm\n|-damage|p2b: Blastoise|89/100|[from] Sandstorm\n|-damage|p1b: Gengar|95/100|[from] Sandstorm\n|upkeep\n|turn|6\n|\n|t:|1776651341\n|move|p1a: Tyranitar|Protect|p1a: Tyranitar\n|-singleturn|p1a: Tyranitar|Protect\n|move|p1b: Gengar|Protect||[still]\n|-fail|p1b: Gengar\n|move|p2a: Sinistcha|Life Dew|p2a: Sinistcha|[spread] p2a,p2b\n|-heal|p2a: Sinistcha|34/100\n|-heal|p2b: Blastoise|100/100\n|move|p2b: Blastoise|Water Spout|p1b: Gengar|[spread] p1b\n|-activate|p1a: Tyranitar|move: Protect\n|-damage|p1b: Gengar|0 fnt\n|faint|p1b: Gengar\n|\n|-weather|Sandstorm|[upkeep]\n|-damage|p2a: Sinistcha|28/100|[from] Sandstorm\n|-damage|p2b: Blastoise|95/100|[from] Sandstorm\n|-fieldend|move: Trick Room\n|upkeep\n|turn|7\n|\n|t:|1776651358\n|move|p1a: Tyranitar|Rock Slide|p2b: Blastoise|[spread] p2a,p2b\n|-damage|p2a: Sinistcha|3/100\n|-damage|p2b: Blastoise|58/100\n|cant|p2b: Blastoise|flinch\n|move|p2a: Sinistcha|Matcha Gotcha|p1a: Tyranitar\n|-supereffective|p1a: Tyranitar|1\n|-damage|p1a: Tyranitar|0 fnt\n|-heal|p2a: Sinistcha|5/100|[from] drain|[of] p1a: Tyranitar\n|faint|p1a: Tyranitar\n|\n|win|PuffSun\n|raw|joshurfast 2.0's rating: 1365 &rarr; <strong>1351</strong><br />(-14 for losing)\n|raw|PuffSun's rating: 1464 &rarr; <strong>1478</strong><br />(+14 for winning)\n|l|\u2606joshurfast 2.0\n|player|p1|\n",
  "uploadtime": 1776651387,
  "views": 11,
  "formatid": "gen9championsvgc2026regma",
  "rating": 1351,
  "private": 0,
  "password": null
}