{
  "id": "gen9championsvgc2026regma-2587863330",
  "format": "[Gen 9 Champions] VGC 2026 Reg M-A",
  "players": [
    "lowtiergimmick",
    "Scarbo1014"
  ],
  "log": "|j|\u2606lowtiergimmick\n|j|\u2606Scarbo1014\n|t:|1776571956\n|gametype|doubles\n|player|p1|lowtiergimmick|2|1060\n|player|p2|Scarbo1014|lance|1064\n|gen|9\n|tier|[Gen 9 Champions] VGC 2026 Reg M-A\n|rated|\n|rule|Species Clause: Limit one of each Pok\u00e9mon\n|rule|Item Clause: Limit 1 of each item\n|clearpoke\n|poke|p1|Delphox, L50, M, shiny|\n|poke|p1|Meowstic, L50, M, shiny|\n|poke|p1|Garchomp, L50, F|\n|poke|p1|Aerodactyl, L50, F|\n|poke|p1|Sneasler, L50, F|\n|poke|p1|Gardevoir, L50, F, shiny|\n|poke|p2|Gallade, L50, M|\n|poke|p2|Weavile, L50, M|\n|poke|p2|Mimikyu, L50, M|\n|poke|p2|Floette-Eternal, L50, F|\n|poke|p2|Rotom-Wash, L50|\n|poke|p2|Typhlosion-Hisui, L50, M|\n|teampreview|4\n|j| atheill\nlowtiergimmick rejected open team sheets.\n|\n|t:|1776572002\n|teamsize|p1|4\n|teamsize|p2|4\n|start\n|switch|p1a: Delphox|Delphox, L50, M, shiny|100/100\n|switch|p1b: Meowstic|Meowstic, L50, M, shiny|100/100\n|switch|p2a: Mimikyu|Mimikyu, L50, M|100/100\n|switch|p2b: Weavile|Weavile, L50, M|100/100\n|turn|1\n|\n|t:|1776572022\n|move|p1a: Delphox|Protect|p1a: Delphox\n|-singleturn|p1a: Delphox|Protect\n|move|p2b: Weavile|Fake Out|p1b: Meowstic\n|-damage|p1b: Meowstic|84/100\n|cant|p1b: Meowstic|flinch\n|move|p2a: Mimikyu|Swords Dance|p2a: Mimikyu\n|-boost|p2a: Mimikyu|atk|2\n|\n|upkeep\n|turn|2\n|\n|t:|1776572040\n|detailschange|p1a: Delphox|Delphox-Mega, L50, M, shiny\n|-mega|p1a: Delphox|Delphox|Delphoxite\n|move|p2a: Mimikyu|Protect|p2a: Mimikyu\n|-singleturn|p2a: Mimikyu|Protect\n|move|p1b: Meowstic|Psychic Terrain|p1b: Meowstic\n|-fieldstart|move: Psychic Terrain\n|move|p1a: Delphox|Heat Wave|p2a: Mimikyu|[spread] p2b\n|-activate|p2a: Mimikyu|move: Protect\n|-supereffective|p2b: Weavile|1\n|-enditem|p2b: Weavile|Focus Sash\n|-damage|p2b: Weavile|1/100\n|move|p2b: Weavile|Knock Off|p1b: Meowstic\n|-supereffective|p1b: Meowstic|1\n|-damage|p1b: Meowstic|0 fnt\n|-enditem|p1b: Meowstic|Focus Sash|[from] move: Knock Off|[of] p2b: Weavile\n|faint|p1b: Meowstic\n|\n|upkeep\n|\n|t:|1776572056\n|switch|p1b: Aerodactyl|Aerodactyl, L50, F|100/100\n|-ability|p1b: Aerodactyl|Unnerve\n|turn|3\n|\n|t:|1776572082\n|move|p2b: Weavile|Protect|p2b: Weavile\n|-singleturn|p2b: Weavile|Protect\n|move|p1a: Delphox|Heat Wave|p2b: Weavile|[spread] p2a\n|-activate|p2b: Weavile|move: Protect\n|-activate|p2a: Mimikyu|ability: Disguise\n|-damage|p2a: Mimikyu|100/100\n|detailschange|p2a: Mimikyu|Mimikyu-Busted, L50, M\n|-damage|p2a: Mimikyu|88/100|[from] pokemon: Mimikyu-Busted\n|move|p1b: Aerodactyl|Rock Slide|p2a: Mimikyu|[spread] p2a\n|-activate|p2b: Weavile|move: Protect\n|-damage|p2a: Mimikyu|53/100\n|move|p2a: Mimikyu|Drain Punch|p1b: Aerodactyl\n|-crit|p1b: Aerodactyl\n|-damage|p1b: Aerodactyl|0 fnt\n|-heal|p2a: Mimikyu|100/100|[from] drain|[of] p1b: Aerodactyl\n|faint|p1b: Aerodactyl\n|\n|upkeep\n|\n|t:|1776572088\n|switch|p1b: Sneasler|Sneasler, L50, F|100/100\n|turn|4\n|\n|t:|1776572125\n|move|p2a: Mimikyu|Protect|p2a: Mimikyu\n|-singleturn|p2a: Mimikyu|Protect\n|move|p1a: Delphox|Heat Wave|p2a: Mimikyu|[spread] p2b\n|-activate|p2a: Mimikyu|move: Protect\n|-supereffective|p2b: Weavile|1\n|-damage|p2b: Weavile|0 fnt\n|faint|p2b: Weavile\n|move|p1b: Sneasler|Dire Claw|p2a: Mimikyu\n|-activate|p2a: Mimikyu|move: Protect\n|\n|upkeep\n|\n|t:|1776572144\n|switch|p2b: Rotom|Rotom-Wash, L50|100/100\n|turn|5\n|\n|t:|1776572177\n|move|p2b: Rotom|Protect|p2b: Rotom\n|-singleturn|p2b: Rotom|Protect\n|move|p1a: Delphox|Expanding Force|p2b: Rotom\n|-activate|p2b: Rotom|move: Protect\n|move|p1b: Sneasler|Dire Claw|p2a: Mimikyu\n|-damage|p2a: Mimikyu|45/100\n|-status|p2a: Mimikyu|psn\n|move|p2a: Mimikyu|Drain Punch|p1b: Sneasler\n|-resisted|p1b: Sneasler|1\n|-damage|p1b: Sneasler|64/100\n|-heal|p2a: Mimikyu|63/100 psn|[from] drain|[of] p1b: Sneasler\n|-heal|p2a: Mimikyu|67/100 psn|[from] item: Shell Bell|[of] p1b: Sneasler\n|\n|-damage|p2a: Mimikyu|55/100 psn|[from] psn\n|upkeep\n|turn|6\n|\n|t:|1776572202\n|move|p2a: Mimikyu|Protect|p2a: Mimikyu\n|-singleturn|p2a: Mimikyu|Protect\n|move|p1a: Delphox|Expanding Force|p2b: Rotom\n|-damage|p2b: Rotom|45/100\n|-enditem|p2b: Rotom|Sitrus Berry|[eat]\n|-heal|p2b: Rotom|70/100|[from] item: Sitrus Berry\n|move|p1b: Sneasler|Close Combat|p2b: Rotom\n|-damage|p2b: Rotom|0 fnt\n|-unboost|p1b: Sneasler|def|1\n|-unboost|p1b: Sneasler|spd|1\n|faint|p2b: Rotom\n|-enditem|p1b: Sneasler|White Herb\n|-clearnegativeboost|p1b: Sneasler|[silent]\n|\n|-damage|p2a: Mimikyu|42/100 psn|[from] psn\n|-fieldend|move: Psychic Terrain\n|upkeep\n|\n|t:|1776572212\n|switch|p2b: Floette|Floette-Eternal, L50, F|100/100\n|turn|7\n|\n|t:|1776572220\n|detailschange|p2b: Floette|Floette-Mega, L50, F\n|-mega|p2b: Floette|Floette|Floettite\n|-ability|p2b: Floette|Fairy Aura\n|move|p1a: Delphox|Protect|p1a: Delphox\n|-singleturn|p1a: Delphox|Protect\n|move|p2a: Mimikyu|Shadow Sneak|p1a: Delphox\n|-activate|p1a: Delphox|move: Protect\n|move|p1b: Sneasler|Dire Claw|p2a: Mimikyu\n|-damage|p2a: Mimikyu|0 fnt\n|faint|p2a: Mimikyu\n|move|p2b: Floette|Psychic|p1b: Sneasler\n|-supereffective|p1b: Sneasler|2\n|-damage|p1b: Sneasler|0 fnt\n|faint|p1b: Sneasler\n|\n|upkeep\n|turn|8\n|\n|t:|1776572245\n|move|p1a: Delphox|Heat Wave|p2b: Floette\n|-damage|p2b: Floette|51/100\n|move|p2b: Floette|Dazzling Gleam|p1a: Delphox\n|-resisted|p1a: Delphox|1\n|-damage|p1a: Delphox|69/100\n|\n|upkeep\n|turn|9\n|\n|t:|1776572252\n|move|p1a: Delphox|Expanding Force|p2b: Floette\n|-damage|p2b: Floette|9/100\n|move|p2b: Floette|Dazzling Gleam|p1a: Delphox\n|-resisted|p1a: Delphox|1\n|-damage|p1a: Delphox|37/100\n|\n|upkeep\n|turn|10\n|\n|t:|1776572256\n|move|p1a: Delphox|Expanding Force|p2b: Floette\n|-damage|p2b: Floette|0 fnt\n|faint|p2b: Floette\n|\n|win|lowtiergimmick\n|raw|lowtiergimmick's rating: 1060 &rarr; <strong>1091</strong><br />(+31 for winning)\n|raw|Scarbo1014's rating: 1064 &rarr; <strong>1044</strong><br />(-20 for losing)\n",
  "uploadtime": 1776572258,
  "views": 9,
  "formatid": "gen9championsvgc2026regma",
  "rating": 1044,
  "private": 0,
  "password": null
}