{
  "id": "gen9championsvgc2026regma-2582136233",
  "format": "[Gen 9 Champions] VGC 2026 Reg M-A",
  "players": [
    "It'sJustKen VGC",
    "RobinZek"
  ],
  "log": "|j|\u2606It'sJustKen VGC\n|j|\u2606RobinZek\n|t:|1776062656\n|gametype|doubles\n|player|p1|It'sJustKen VGC|265|1144\n|player|p2|RobinZek|colress|1228\n|gen|9\n|tier|[Gen 9 Champions] VGC 2026 Reg M-A\n|rated|\n|rule|Species Clause: Limit one of each Pok\u00e9mon\n|rule|Item Clause: Limit 1 of each item\n|clearpoke\n|poke|p1|Kingambit, L50, M|\n|poke|p1|Clefable, L50, F|\n|poke|p1|Chimecho, L50, M|\n|poke|p1|Golurk, L50|\n|poke|p1|Torkoal, L50, M|\n|poke|p1|Hawlucha, L50, F|\n|poke|p2|Rotom-Wash, L50|\n|poke|p2|Kingambit, L50, F|\n|poke|p2|Gengar, L50, M|\n|poke|p2|Aerodactyl, L50, F|\n|poke|p2|Sinistcha, L50|\n|poke|p2|Sneasler, L50, F|\n|teampreview|4\n|inactive|Battle timer is ON: inactive players will automatically lose when time's up. (requested by It'sJustKen VGC)\nRobinZek rejected open team sheets.\n|inactive|It'sJustKen VGC has 60 seconds left.\n|inactive|RobinZek has 60 seconds left.\n|\n|t:|1776062691\n|teamsize|p1|4\n|teamsize|p2|4\n|start\n|switch|p1a: Chimecho|Chimecho, L50, M|100/100\n|switch|p1b: Clefable|Clefable, L50, F|100/100\n|switch|p2a: Gengar|Gengar, L50, M|100/100\n|switch|p2b: Sinistcha|Sinistcha, L50|100/100\n|turn|1\n|inactive|It'sJustKen VGC has 30 seconds left.\n|\n|t:|1776062719\n|switch|p1b: Golurk|Golurk, L50|100/100\n|detailschange|p2a: Gengar|Gengar-Mega, L50, M\n|-mega|p2a: Gengar|Gengar|Gengarite\n|detailschange|p1a: Chimecho|Chimecho-Mega, L50, M\n|-mega|p1a: Chimecho|Chimecho|Chimechite\n|move|p2b: Sinistcha|Rage Powder|p2b: Sinistcha\n|-singleturn|p2b: Sinistcha|move: Rage Powder\n|move|p2a: Gengar|Perish Song|p2a: Gengar\n|-start|p1a: Chimecho|perish3|[silent]\n|-start|p1b: Golurk|perish3|[silent]\n|-start|p2a: Gengar|perish3|[silent]\n|-start|p2b: Sinistcha|perish3|[silent]\n|-fieldactivate|move: Perish Song\n|move|p1a: Chimecho|Hypnosis|p2b: Sinistcha\n|-status|p2b: Sinistcha|slp|[from] move: Hypnosis\n|\n|-start|p2a: Gengar|perish3\n|-start|p2b: Sinistcha|perish3\n|-start|p1a: Chimecho|perish3\n|-start|p1b: Golurk|perish3\n|upkeep\n|turn|2\n|\n|t:|1776062737\n|move|p2a: Gengar|Protect|p2a: Gengar\n|-singleturn|p2a: Gengar|Protect\n|cant|p2b: Sinistcha|slp\n|move|p1a: Chimecho|Skill Swap|p1b: Golurk\n|-activate|p1a: Chimecho|Skill Swap|||[of] p1b: Golurk\n|move|p1b: Golurk|Curse|p2b: Sinistcha\n|-start|p2b: Sinistcha|Curse|[of] p1b: Golurk\n|-damage|p1b: Golurk|50/100\n|\n|-damage|p2b: Sinistcha|76/100 slp|[from] Curse\n|-start|p2a: Gengar|perish2\n|-start|p2b: Sinistcha|perish2\n|-start|p1a: Chimecho|perish2\n|-start|p1b: Golurk|perish2\n|upkeep\n|turn|3\n|inactive|It'sJustKen VGC has 30 seconds left.\n|\n|t:|1776062770\n|switch|p1b: Kingambit|Kingambit, L50, M|100/100\n|cant|p2b: Sinistcha|slp\n|move|p2a: Gengar|Shadow Ball|p1b: Kingambit\n|-resisted|p1b: Kingambit|1\n|-damage|p1b: Kingambit|82/100\n|move|p1a: Chimecho|Skill Swap|p1b: Kingambit\n|-activate|p1a: Chimecho|Skill Swap|||[of] p1b: Kingambit\n|\n|-heal|p2b: Sinistcha|82/100 slp|[from] item: Leftovers\n|-damage|p2b: Sinistcha|57/100 slp|[from] Curse\n|-start|p2a: Gengar|perish1\n|-start|p2b: Sinistcha|perish1\n|-start|p1a: Chimecho|perish1\n|upkeep\n|turn|4\n|\n|t:|1776062786\n|switch|p2a: Sneasler|Sneasler, L50, F|100/100\n|switch|p2b: Rotom|Rotom-Wash, L50|100/100\n|move|p1b: Kingambit|Kowtow Cleave|p2b: Rotom\n|-damage|p2b: Rotom|62/100\n|move|p1a: Chimecho|Trick Room|p1a: Chimecho\n|-fieldstart|move: Trick Room|[of] p1a: Chimecho\n|\n|-start|p1a: Chimecho|perish0\n|faint|p1a: Chimecho\n|upkeep\n|\n|t:|1776062807\n|switch|p1a: Golurk|Golurk, L50|50/100\n|turn|5\n|\n|t:|1776062815\n|move|p2a: Sneasler|Protect|p2a: Sneasler\n|-singleturn|p2a: Sneasler|Protect\n|move|p1a: Golurk|Dynamic Punch|p2a: Sneasler\n|-activate|p2a: Sneasler|move: Protect\n|move|p1b: Kingambit|Guillotine|p2a: Sneasler\n|-activate|p2a: Sneasler|move: Protect\n|move|p2b: Rotom|Hydro Pump|p1a: Golurk\n|-supereffective|p1a: Golurk|1\n|-damage|p1a: Golurk|0 fnt\n|faint|p1a: Golurk\n|\n|upkeep\n|\n|t:|1776062818\n|switch|p1a: Clefable|Clefable, L50, F|100/100\n|turn|6\n|\n|t:|1776062835\n|switch|p2a: Sinistcha|Sinistcha, L50|57/100 slp\n|-heal|p2b: Rotom|86/100|[from] ability: Hospitality|[of] p2a: Sinistcha\n|move|p1b: Kingambit|Kowtow Cleave|p2a: Sinistcha\n|-supereffective|p2a: Sinistcha|1\n|-damage|p2a: Sinistcha|0 fnt\n|faint|p2a: Sinistcha\n|move|p1a: Clefable|Moonblast|p2b: Rotom\n|-damage|p2b: Rotom|51/100\n|move|p2b: Rotom|Hydro Pump|p1b: Kingambit\n|-damage|p1b: Kingambit|41/100\n|-enditem|p1b: Kingambit|Sitrus Berry|[eat]\n|-heal|p1b: Kingambit|66/100|[from] item: Sitrus Berry\n|\n|upkeep\n|\n|t:|1776062843\n|switch|p2a: Sneasler|Sneasler, L50, F|100/100\n|turn|7\n|\n|t:|1776062859\n|move|p2a: Sneasler|Fake Out|p1b: Kingambit\n|-resisted|p1b: Kingambit|1\n|-damage|p1b: Kingambit|61/100\n|move|p1a: Clefable|Follow Me|p1a: Clefable\n|-singleturn|p1a: Clefable|move: Follow Me\n|cant|p1b: Kingambit|flinch\n|move|p2b: Rotom|Hydro Pump|p1a: Clefable\n|-damage|p1a: Clefable|54/100\n|\n|-heal|p1a: Clefable|60/100|[from] item: Leftovers\n|upkeep\n|turn|8\n|\n|t:|1776062869\n|move|p2b: Rotom|Protect|p2b: Rotom\n|-singleturn|p2b: Rotom|Protect\n|move|p2a: Sneasler|Protect|p2a: Sneasler\n|-singleturn|p2a: Sneasler|Protect\n|move|p1b: Kingambit|Guillotine|p2b: Rotom\n|-activate|p2b: Rotom|move: Protect\n|move|p1a: Clefable|Heal Pulse|p1b: Kingambit\n|-heal|p1b: Kingambit|100/100\n|\n|-heal|p1a: Clefable|66/100|[from] item: Leftovers\n|-fieldend|move: Trick Room\n|upkeep\n|turn|9\n|\n|t:|1776062883\n|move|p1a: Clefable|Follow Me|p1a: Clefable\n|-singleturn|p1a: Clefable|move: Follow Me\n|move|p2a: Sneasler|Dire Claw|p1a: Clefable\n|-supereffective|p1a: Clefable|1\n|-damage|p1a: Clefable|0 fnt\n|faint|p1a: Clefable\n|move|p2b: Rotom|Hydro Pump|p1b: Kingambit\n|-damage|p1b: Kingambit|57/100\n|move|p1b: Kingambit|Guillotine|p2a: Sneasler\n|-damage|p2a: Sneasler|0 fnt\n|faint|p2a: Sneasler\n|-ohko\n|\n|upkeep\n|\n|t:|1776062894\n|switch|p2a: Gengar|Gengar-Mega, L50, M|100/100\n|turn|10\n|\n|t:|1776062914\n|move|p2a: Gengar|Protect|p2a: Gengar\n|-singleturn|p2a: Gengar|Protect\n|move|p2b: Rotom|Will-O-Wisp|p1b: Kingambit\n|-status|p1b: Kingambit|brn\n|move|p1b: Kingambit|Guillotine|p2b: Rotom\n|-damage|p2b: Rotom|0 fnt\n|faint|p2b: Rotom\n|-ohko\n|\n|-damage|p1b: Kingambit|51/100 brn|[from] brn\n|upkeep\n|turn|11\n|\n|t:|1776062924\n|move|p2a: Gengar|Shadow Ball|p1b: Kingambit\n|-resisted|p1b: Kingambit|1\n|-damage|p1b: Kingambit|30/100 brn\n|move|p1b: Kingambit|Kowtow Cleave|p2a: Gengar\n|-supereffective|p2a: Gengar|1\n|-damage|p2a: Gengar|43/100\n|\n|-damage|p1b: Kingambit|24/100 brn|[from] brn\n|upkeep\n|turn|12\n|\n|t:|1776062943\n|move|p2a: Gengar|Protect|p2a: Gengar\n|-singleturn|p2a: Gengar|Protect\n|move|p1b: Kingambit|Kowtow Cleave|p2a: Gengar\n|-activate|p2a: Gengar|move: Protect\n|\n|-damage|p1b: Kingambit|18/100 brn|[from] brn\n|upkeep\n|turn|13\n|\n|t:|1776062948\n|move|p1b: Kingambit|Sucker Punch|p2a: Gengar\n|-supereffective|p2a: Gengar|1\n|-crit|p2a: Gengar\n|-damage|p2a: Gengar|0 fnt\n|faint|p2a: Gengar\n|\n|win|It'sJustKen VGC\n|raw|It&apos;sJustKen VGC's rating: 1175 &rarr; <strong>1204</strong><br />(+29 for winning)\n|raw|RobinZek's rating: 1228 &rarr; <strong>1199</strong><br />(-29 for losing)\n",
  "uploadtime": 1776062954,
  "views": 13,
  "formatid": "gen9championsvgc2026regma",
  "rating": 1199,
  "private": 0,
  "password": null
}