{
  "id": "gen9championsvgc2026regma-2580656526",
  "format": "[Gen 9 Champions] VGC 2026 Reg M-A",
  "players": [
    "Alaskan_fisher",
    "boetetoe"
  ],
  "log": "|j|\u2606Alaskan_fisher\n|j|\u2606boetetoe\n|t:|1775921824\n|gametype|doubles\n|player|p1|Alaskan_fisher|1|1172\n|player|p2|boetetoe|102|1101\n|gen|9\n|tier|[Gen 9 Champions] VGC 2026 Reg M-A\n|rated|\n|rule|Species Clause: Limit one of each Pok\u00e9mon\n|rule|Item Clause: Limit 1 of each item\n|clearpoke\n|poke|p1|Charizard, L50, F|\n|poke|p1|Garchomp, L50, M|\n|poke|p1|Incineroar, L50, F|\n|poke|p1|Whimsicott, L50, M|\n|poke|p1|Rotom-Wash, L50|\n|poke|p1|Sneasler, L50, M|\n|poke|p2|Typhlosion-Hisui, L50, F|\n|poke|p2|Charizard, L50, F|\n|poke|p2|Sinistcha, L50|\n|poke|p2|Incineroar, L50, F|\n|poke|p2|Kingambit, L50, M|\n|poke|p2|Whimsicott, L50, F|\n|teampreview|4\nAlaskan_fisher has agreed to open team sheets.\nboetetoe has agreed to open team sheets.\n|showteam|p1|Charizard||CharizarditeY|Blaze|Protect,WeatherBall,SolarBeam,Overheat|||F|||50|]Garchomp||ChoiceScarf|RoughSkin|Earthquake,Bulldoze,DragonClaw,RockSlide|||M|||50|]Incineroar||SitrusBerry|Intimidate|FakeOut,PartingShot,FlareBlitz,ThroatChop|||F|||50|]Whimsicott||FairyFeather|Prankster|Protect,Tailwind,Encore,Moonblast|||M|||50|]Rotom-Wash||Leftovers|Levitate|Protect,Thunderbolt,HydroPump,Electroweb||||||50|]Sneasler||WhiteHerb|Unburden|Protect,FakeOut,DireClaw,CloseCombat|||M|||50|\n|showteam|p2|Typhlosion-Hisui||ChoiceScarf|Frisk|Eruption,HeatWave,ShadowBall,Overheat|||F|||50|]Charizard||CharizarditeY|Blaze|Hurricane,Overheat,HeatWave,Protect|||F|||50|]Sinistcha||SitrusBerry|Hospitality|MatchaGotcha,LifeDew,TrickRoom,RagePowder||||||50|]Incineroar||MentalHerb|Intimidate|FlareBlitz,CloseCombat,FakeOut,PartingShot|||F|||50|]Kingambit||BlackGlasses|Defiant|SuckerPunch,KowtowCleave,SwordsDance,Protect|||M|||50|]Whimsicott||FocusSash|Prankster|Endeavor,Tailwind,Encore,Moonblast|||F|||50|\n|inactive|Battle timer is ON: inactive players will automatically lose when time's up. (requested by Alaskan_fisher)\n|\n|t:|1775921908\n|teamsize|p1|4\n|teamsize|p2|4\n|start\n|switch|p1a: Rotom|Rotom-Wash, L50|100/100\n|switch|p1b: Garchomp|Garchomp, L50, M|100/100\n|switch|p2a: Charizard|Charizard, L50, F|100/100\n|switch|p2b: Whimsicott|Whimsicott, L50, F|100/100\n|turn|1\n|inactive|Alaskan_fisher has 30 seconds left.\n|inactive|boetetoe has 30 seconds left.\n|inactive|boetetoe has 20 seconds left.\n|inactive|boetetoe has 15 seconds left.\n|inactive|boetetoe has 10 seconds left.\n|\n|t:|1775921954\n|switch|p2a: Sinistcha|Sinistcha, L50|100/100\n|move|p2b: Whimsicott|Tailwind|p2b: Whimsicott\n|-sidestart|p2: boetetoe|move: Tailwind\n|move|p1b: Garchomp|Rock Slide|p2b: Whimsicott|[spread] p2a,p2b\n|-damage|p2a: Sinistcha|83/100\n|-damage|p2b: Whimsicott|67/100\n|move|p1a: Rotom|Electroweb|p2a: Sinistcha|[spread] p2a,p2b\n|-resisted|p2a: Sinistcha|1\n|-resisted|p2b: Whimsicott|1\n|-damage|p2a: Sinistcha|75/100\n|-damage|p2b: Whimsicott|51/100\n|-unboost|p2a: Sinistcha|spe|1\n|-unboost|p2b: Whimsicott|spe|1\n|\n|upkeep\n|turn|2\n|inactive|boetetoe has 30 seconds left.\n|\n|t:|1775921986\n|switch|p1b: Charizard|Charizard, L50, F|100/100\n|move|p1a: Rotom|Protect|p1a: Rotom\n|-singleturn|p1a: Rotom|Protect\n|move|p2b: Whimsicott|Endeavor|p1b: Charizard\n|-damage|p1b: Charizard|45/100\n|move|p2a: Sinistcha|Life Dew|p2a: Sinistcha|[spread] p2a,p2b\n|-heal|p2a: Sinistcha|99/100\n|-heal|p2b: Whimsicott|76/100\n|\n|upkeep\n|turn|3\n|inactive|Alaskan_fisher has 30 seconds left.\n|inactive|boetetoe has 30 seconds left.\n|inactive|boetetoe has 20 seconds left.\n|inactive|boetetoe has 15 seconds left.\n|inactive|boetetoe has 10 seconds left.\n|inactive|boetetoe has 5 seconds left.\n|\n|t:|1775922041\n|switch|p1a: Sneasler|Sneasler, L50, M|100/100\n|detailschange|p1b: Charizard|Charizard-Mega-Y, L50, F\n|-mega|p1b: Charizard|Charizard|Charizardite Y\n|-weather|SunnyDay|[from] ability: Drought|[of] p1b: Charizard\n|move|p2b: Whimsicott|Endeavor|p1b: Charizard\n|-immune|p1b: Charizard\n|move|p1b: Charizard|Weather Ball|p2b: Whimsicott\n|-supereffective|p2b: Whimsicott|1\n|-damage|p2b: Whimsicott|0 fnt\n|faint|p2b: Whimsicott\n|move|p2a: Sinistcha|Matcha Gotcha|p1b: Charizard|[spread] p1a,p1b\n|-resisted|p1a: Sneasler|1\n|-resisted|p1b: Charizard|2\n|-damage|p1a: Sneasler|85/100\n|-heal|p2a: Sinistcha|100/100|[from] drain|[of] p1a: Sneasler\n|-damage|p1b: Charizard|38/100\n|\n|-weather|SunnyDay|[upkeep]\n|upkeep\n|\n|t:|1775922063\n|switch|p2b: Charizard|Charizard, L50, F|100/100\n|turn|4\n|inactive|boetetoe has 30 seconds left.\n|inactive|Alaskan_fisher has 30 seconds left.\n|inactive|boetetoe has 20 seconds left.\n|\n|t:|1775922103\n|switch|p2a: Incineroar|Incineroar, L50, F|100/100\n|-ability|p2a: Incineroar|Intimidate|boost\n|-unboost|p1a: Sneasler|atk|1\n|-unboost|p1b: Charizard|atk|1\n|-enditem|p1a: Sneasler|White Herb\n|-clearnegativeboost|p1a: Sneasler|[silent]\n|move|p2b: Charizard|Protect|p2b: Charizard\n|-singleturn|p2b: Charizard|Protect\n|move|p1a: Sneasler|Fake Out|p2b: Charizard\n|-activate|p2b: Charizard|move: Protect\n|move|p1b: Charizard|Weather Ball|p2a: Incineroar\n|-resisted|p2a: Incineroar|1\n|-damage|p2a: Incineroar|54/100\n|\n|-weather|SunnyDay|[upkeep]\n|-sideend|p2: boetetoe|move: Tailwind\n|upkeep\n|turn|5\n|inactive|boetetoe has 30 seconds left.\n|inactive|boetetoe has 20 seconds left.\n|\n|t:|1775922141\n|switch|p1b: Rotom|Rotom-Wash, L50|100/100\n|switch|p2b: Sinistcha|Sinistcha, L50|100/100\n|-heal|p2a: Incineroar|79/100|[from] ability: Hospitality|[of] p2b: Sinistcha\n|move|p1a: Sneasler|Protect|p1a: Sneasler\n|-singleturn|p1a: Sneasler|Protect\n|move|p2a: Incineroar|Flare Blitz|p1a: Sneasler\n|-activate|p1a: Sneasler|move: Protect\n|\n|-weather|SunnyDay|[upkeep]\n|upkeep\n|turn|6\n|inactive|Alaskan_fisher has 30 seconds left.\n|inactive|boetetoe has 30 seconds left.\n|inactive|Alaskan_fisher has 20 seconds left.\n|\n|t:|1775922178\n|switch|p1a: Charizard|Charizard-Mega-Y, L50, F|38/100\n|move|p2b: Sinistcha|Rage Powder|p2b: Sinistcha\n|-singleturn|p2b: Sinistcha|move: Rage Powder\n|move|p1b: Rotom|Thunderbolt|p2b: Sinistcha\n|-resisted|p2b: Sinistcha|1\n|-damage|p2b: Sinistcha|79/100\n|move|p2a: Incineroar|Flare Blitz|p1a: Charizard\n|-resisted|p1a: Charizard|1\n|-damage|p1a: Charizard|0 fnt\n|faint|p1a: Charizard\n|-damage|p2a: Incineroar|70/100|[from] Recoil\n|\n|-weather|SunnyDay|[upkeep]\n|upkeep\n|\n|t:|1775922188\n|switch|p1a: Garchomp|Garchomp, L50, M|100/100\n|turn|7\n|inactive|boetetoe has 30 seconds left.\n|inactive|boetetoe has 20 seconds left.\n|\n|t:|1775922223\n|move|p1a: Garchomp|Rock Slide|p2a: Incineroar|[spread] p2a,p2b\n|-supereffective|p2a: Incineroar|1\n|-damage|p2a: Incineroar|39/100\n|-damage|p2b: Sinistcha|63/100\n|move|p1b: Rotom|Thunderbolt|p2a: Incineroar\n|-damage|p2a: Incineroar|2/100\n|cant|p2b: Sinistcha|flinch\n|cant|p2a: Incineroar|flinch\n|\n|-weather|none\n|upkeep\n|turn|8\n|c|\u2606Alaskan_fisher|sorry\n|c|\u2606boetetoe|gg shake my hand\n|\n|t:|1775922248\n|move|p1a: Garchomp|Rock Slide|p2a: Incineroar|[spread] p2a,p2b\n|-supereffective|p2a: Incineroar|1\n|-damage|p2a: Incineroar|0 fnt\n|-damage|p2b: Sinistcha|48/100\n|-enditem|p2b: Sinistcha|Sitrus Berry|[eat]\n|-heal|p2b: Sinistcha|72/100|[from] item: Sitrus Berry\n|faint|p2a: Incineroar\n|move|p1b: Rotom|Thunderbolt|p2b: Sinistcha\n|-resisted|p2b: Sinistcha|1\n|-damage|p2b: Sinistcha|52/100\n|-status|p2b: Sinistcha|par\n|cant|p2b: Sinistcha|par\n|\n|upkeep\n|c|\u2606boetetoe|im gonna touch grass\n|inactive|boetetoe has 30 seconds left.\n|c|\u2606Alaskan_fisher|It's very bad luck\n|inactive|boetetoe has 20 seconds left.\n|inactive|boetetoe has 15 seconds left.\n|l|\u2606boetetoe\n|inactive|boetetoe disconnected and has a minute to reconnect!\n|player|p2|\n|inactive|boetetoe has 10 seconds left.\n|inactive|boetetoe has 5 seconds left.\n|-message|boetetoe lost due to inactivity.\n|\n|win|Alaskan_fisher\n|raw|Alaskan_fisher's rating: 1172 &rarr; <strong>1192</strong><br />(+20 for winning)\n|raw|boetetoe's rating: 1101 &rarr; <strong>1081</strong><br />(-20 for losing)\n",
  "uploadtime": 1775922306,
  "views": 32,
  "formatid": "gen9championsvgc2026regma",
  "rating": 1081,
  "private": 0,
  "password": null
}