{
  "id": "gen9championsvgc2026regma-2585741077",
  "format": "[Gen 9 Champions] VGC 2026 Reg M-A",
  "players": [
    "Foxeee_",
    "Adestra"
  ],
  "log": "|j|\u2606Foxeee_\n|j|\u2606Adestra\n|t:|1776367369\n|gametype|doubles\n|player|p1|Foxeee_|clair|1051\n|player|p2|Adestra|lady-gen4|1000\n|gen|9\n|tier|[Gen 9 Champions] VGC 2026 Reg M-A\n|rated|\n|rule|Species Clause: Limit one of each Pok\u00e9mon\n|rule|Item Clause: Limit 1 of each item\n|clearpoke\n|poke|p1|Gengar, L50, M|\n|poke|p1|Floette-Eternal, L50, F|\n|poke|p1|Incineroar, L50, F|\n|poke|p1|Whimsicott, L50, M|\n|poke|p1|Kommo-o, L50, M|\n|poke|p1|Politoed, L50, M|\n|poke|p2|Delphox, L50, F|\n|poke|p2|Garchomp, L50, F|\n|poke|p2|Corviknight, L50, F|\n|poke|p2|Sneasler, L50, M|\n|poke|p2|Rotom-Wash, L50|\n|poke|p2|Ninetales-Alola, L50, M|\n|teampreview|4\n|\n|t:|1776367407\n|teamsize|p1|4\n|teamsize|p2|4\n|start\n|switch|p1a: Gengar|Gengar, L50, M|100/100\n|switch|p1b: Whimsicott|Whimsicott, L50, M|100/100\n|switch|p2a: Delphox|Delphox, L50, F, shiny|100/100\n|switch|p2b: Corviknight|Corviknight, L50, F|100/100\n|turn|1\n|\n|t:|1776367439\n|detailschange|p1a: Gengar|Gengar-Mega, L50, M\n|-mega|p1a: Gengar|Gengar|Gengarite\n|detailschange|p2a: Delphox|Delphox-Mega, L50, F, shiny\n|-mega|p2a: Delphox|Delphox|Delphoxite\n|move|p1a: Gengar|Protect|p1a: Gengar\n|-singleturn|p1a: Gengar|Protect\n|move|p1b: Whimsicott|Tailwind|p1b: Whimsicott\n|-sidestart|p1: Foxeee_|move: Tailwind\n|move|p2a: Delphox|Psychic|p1a: Gengar\n|-activate|p1a: Gengar|move: Protect\n|move|p2b: Corviknight|Tailwind|p2b: Corviknight\n|-sidestart|p2: Adestra|move: Tailwind\n|\n|upkeep\n|turn|2\n|\n|t:|1776367473\n|switch|p1a: Politoed|Politoed, L50, M|100/100\n|-weather|RainDance|[from] ability: Drizzle|[of] p1a: Politoed\n|switch|p1b: Incineroar|Incineroar, L50, F|100/100\n|-ability|p1b: Incineroar|Intimidate|boost\n|-unboost|p2a: Delphox|atk|1\n|-ability|p2b: Corviknight|Mirror Armor\n|-unboost|p1b: Incineroar|atk|1\n|move|p2a: Delphox|Encore||[still]\n|-fail|p2a: Delphox\n|move|p2b: Corviknight|Brave Bird|p1b: Incineroar\n|-damage|p1b: Incineroar|68/100\n|-damage|p2b: Corviknight|90/100|[from] Recoil\n|\n|-weather|RainDance|[upkeep]\n|upkeep\n|turn|3\n|\n|t:|1776367505\n|switch|p2a: Garchomp|Garchomp, L50, F|100/100\n|move|p1a: Politoed|Muddy Water|p2a: Garchomp|[spread] p2a,p2b\n|-damage|p2a: Garchomp|59/100\n|-damage|p2b: Corviknight|47/100\n|move|p2b: Corviknight|Body Press|p1b: Incineroar\n|-supereffective|p1b: Incineroar|1\n|-enditem|p1b: Incineroar|Chople Berry|[eat]\n|-enditem|p1b: Incineroar|Chople Berry|[weaken]\n|-damage|p1b: Incineroar|41/100\n|move|p1b: Incineroar|Parting Shot|p2a: Garchomp\n|-unboost|p2a: Garchomp|atk|1\n|-unboost|p2a: Garchomp|spa|1\n|\n|t:|1776367517\n|switch|p1b: Whimsicott|Whimsicott, L50, M|100/100|[from] Parting Shot\n|\n|-weather|RainDance|[upkeep]\n|upkeep\n|turn|4\n|\n|t:|1776367541\n|move|p1b: Whimsicott|Protect|p1b: Whimsicott\n|-singleturn|p1b: Whimsicott|Protect\n|move|p2a: Garchomp|Earthquake|p1b: Whimsicott|[spread] p1a\n|-activate|p1b: Whimsicott|move: Protect\n|-immune|p2b: Corviknight\n|-damage|p1a: Politoed|69/100\n|move|p1a: Politoed|Perish Song|p1a: Politoed\n|-start|p1a: Politoed|perish3|[silent]\n|-start|p1b: Whimsicott|perish3|[silent]\n|-start|p2a: Garchomp|perish3|[silent]\n|-start|p2b: Corviknight|perish3|[silent]\n|-fieldactivate|move: Perish Song\n|move|p2b: Corviknight|Brave Bird|p1b: Whimsicott\n|-activate|p1b: Whimsicott|move: Protect\n|\n|-weather|RainDance|[upkeep]\n|-start|p1b: Whimsicott|perish3\n|-start|p2a: Garchomp|perish3\n|-start|p1a: Politoed|perish3\n|-start|p2b: Corviknight|perish3\n|-sideend|p1: Foxeee_|move: Tailwind\n|-sideend|p2: Adestra|move: Tailwind\n|upkeep\n|turn|5\n|\n|t:|1776367575\n|switch|p2a: Sneasler|Sneasler, L50, M|100/100\n|switch|p1a: Incineroar|Incineroar, L50, F|41/100\n|-ability|p1a: Incineroar|Intimidate|boost\n|-unboost|p2a: Sneasler|atk|1\n|-ability|p2b: Corviknight|Mirror Armor\n|-unboost|p1a: Incineroar|atk|1\n|-enditem|p2a: Sneasler|White Herb\n|-clearnegativeboost|p2a: Sneasler|[silent]\n|move|p1b: Whimsicott|Tailwind|p1b: Whimsicott\n|-sidestart|p1: Foxeee_|move: Tailwind\n|move|p2b: Corviknight|Tailwind|p2b: Corviknight\n|-sidestart|p2: Adestra|move: Tailwind\n|\n|-weather|RainDance|[upkeep]\n|-start|p1b: Whimsicott|perish2\n|-start|p2b: Corviknight|perish2\n|upkeep\n|turn|6\n|\n|t:|1776367601\n|switch|p1b: Gengar|Gengar-Mega, L50, M|100/100\n|move|p1a: Incineroar|Fake Out|p2a: Sneasler\n|-damage|p2a: Sneasler|86/100\n|cant|p2a: Sneasler|flinch\n|move|p2b: Corviknight|Body Press|p1a: Incineroar\n|-supereffective|p1a: Incineroar|1\n|-damage|p1a: Incineroar|0 fnt\n|faint|p1a: Incineroar\n|\n|-weather|none\n|-start|p2b: Corviknight|perish1\n|upkeep\n|\n|t:|1776367632\n|switch|p1a: Politoed|Politoed, L50, M|69/100\n|-weather|RainDance|[from] ability: Drizzle|[of] p1a: Politoed\n|turn|7\n|\n|t:|1776367654\n|move|p1a: Politoed|Helping Hand|p1b: Gengar\n|-singleturn|p1b: Gengar|Helping Hand|[of] p1a: Politoed\n|move|p2a: Sneasler|Fake Out||[still]\n|-hint|Fake Out only works on your first turn out.\n|-fail|p2a: Sneasler\n|move|p1b: Gengar|Shadow Ball|p2a: Sneasler\n|-damage|p2a: Sneasler|0 fnt\n|faint|p2a: Sneasler\n|move|p2b: Corviknight|Brave Bird|p1b: Gengar\n|-damage|p1b: Gengar|42/100\n|-damage|p2b: Corviknight|35/100|[from] Recoil\n|\n|-weather|RainDance|[upkeep]\n|-start|p2b: Corviknight|perish0\n|faint|p2b: Corviknight\n|upkeep\n|\n|t:|1776367668\n|switch|p2a: Delphox|Delphox-Mega, L50, F, shiny|100/100\n|switch|p2b: Garchomp|Garchomp, L50, F|59/100\n|turn|8\n|\n|t:|1776367681\n|move|p1b: Gengar|Protect|p1b: Gengar\n|-singleturn|p1b: Gengar|Protect\n|move|p2a: Delphox|Psychic|p1b: Gengar\n|-activate|p1b: Gengar|move: Protect\n|move|p2b: Garchomp|Earthquake|p1a: Politoed|[spread] p1a\n|-activate|p1b: Gengar|move: Protect\n|-immune|p2a: Delphox|[from] ability: Levitate\n|-damage|p1a: Politoed|21/100\n|-enditem|p1a: Politoed|Sitrus Berry|[eat]\n|-heal|p1a: Politoed|46/100|[from] item: Sitrus Berry\n|move|p1a: Politoed|Muddy Water|p2b: Garchomp|[spread] p2a,p2b\n|-supereffective|p2a: Delphox|1\n|-damage|p2a: Delphox|28/100\n|-damage|p2b: Garchomp|16/100\n|\n|-weather|RainDance|[upkeep]\n|-sideend|p1: Foxeee_|move: Tailwind\n|-sideend|p2: Adestra|move: Tailwind\n|upkeep\n|turn|9\n|\n|t:|1776367709\n|switch|p1b: Whimsicott|Whimsicott, L50, M|100/100\n|move|p1a: Politoed|Protect|p1a: Politoed\n|-singleturn|p1a: Politoed|Protect\n|move|p2a: Delphox|Psychic|p1b: Whimsicott\n|-damage|p1b: Whimsicott|27/100\n|move|p2b: Garchomp|Earthquake|p1b: Whimsicott|[spread] p1b\n|-activate|p1a: Politoed|move: Protect\n|-immune|p2a: Delphox|[from] ability: Levitate\n|-resisted|p1b: Whimsicott|1\n|-damage|p1b: Whimsicott|0 fnt\n|faint|p1b: Whimsicott\n|\n|-weather|RainDance|[upkeep]\n|upkeep\n|\n|t:|1776367714\n|switch|p1b: Gengar|Gengar-Mega, L50, M|42/100\n|turn|10\n|\n|t:|1776367727\n|move|p2a: Delphox|Encore|p1a: Politoed\n|-start|p1a: Politoed|Encore\n|move|p1a: Politoed|Protect||[still]\n|-fail|p1a: Politoed\n|move|p1b: Gengar|Shadow Ball|p2a: Delphox\n|-supereffective|p2a: Delphox|1\n|-damage|p2a: Delphox|0 fnt\n|faint|p2a: Delphox\n|move|p2b: Garchomp|Earthquake|p1b: Gengar|[spread] p1a,p1b\n|-supereffective|p1b: Gengar|1\n|-damage|p1a: Politoed|0 fnt\n|-damage|p1b: Gengar|0 fnt\n|faint|p1a: Politoed\n|faint|p1b: Gengar\n|\n|win|Adestra\n|raw|Foxeee_'s rating: 1051 &rarr; <strong>1031</strong><br />(-20 for losing)\n|raw|Adestra's rating: 1000 &rarr; <strong>1046</strong><br />(+46 for winning)\n|l|\u2606Foxeee_\n|player|p1|\n",
  "uploadtime": 1776367739,
  "views": 17,
  "formatid": "gen9championsvgc2026regma",
  "rating": 1031,
  "private": 0,
  "password": null
}