{
  "id": "gen9championsvgc2026regma-2586765396",
  "format": "[Gen 9 Champions] VGC 2026 Reg M-A",
  "players": [
    "slival",
    "gatinhamcnh"
  ],
  "log": "|j|\u2606slival\n|j|\u2606gatinhamcnh\n|t:|1776458151\n|gametype|doubles\n|player|p1|slival|jupiter|1106\n|player|p2|gatinhamcnh|266|1000\n|gen|9\n|tier|[Gen 9 Champions] VGC 2026 Reg M-A\n|rated|\n|rule|Species Clause: Limit one of each Pok\u00e9mon\n|rule|Item Clause: Limit 1 of each item\n|clearpoke\n|poke|p1|Aerodactyl, L50, M|\n|poke|p1|Incineroar, L50, M|\n|poke|p1|Basculegion, L50, M|\n|poke|p1|Sinistcha, L50|\n|poke|p1|Garchomp, L50, F|\n|poke|p1|Floette-Eternal, L50, F|\n|poke|p2|Delphox, L50, F|\n|poke|p2|Floette-Eternal, L50, F|\n|poke|p2|Kingambit, L50, F|\n|poke|p2|Garchomp, L50, F|\n|poke|p2|Incineroar, L50, M|\n|poke|p2|Sneasler, L50, M|\n|teampreview|4\n|inactive|Battle timer is ON: inactive players will automatically lose when time's up. (requested by slival)\n|inactive|slival has 60 seconds left.\n|inactive|gatinhamcnh has 60 seconds left.\n|\n|t:|1776458211\n|teamsize|p1|4\n|teamsize|p2|4\n|start\n|switch|p1a: Incineroar|Incineroar, L50, M|100/100\n|switch|p1b: Basculegion|Basculegion, L50, M|100/100\n|switch|p2a: lu\u00edsa|Garchomp, L50, F|100/100\n|switch|p2b: isquerinha|Incineroar, L50, M|100/100\n|-ability|p2b: isquerinha|Intimidate|boost\n|-unboost|p1a: Incineroar|atk|1\n|-unboost|p1b: Basculegion|atk|1\n|-ability|p1a: Incineroar|Intimidate|boost\n|-unboost|p2a: lu\u00edsa|atk|1\n|-unboost|p2b: isquerinha|atk|1\n|turn|1\n|inactive|slival has 30 seconds left.\n|inactive|gatinhamcnh has 30 seconds left.\n|\n|t:|1776458242\n|move|p2b: isquerinha|Fake Out|p1b: Basculegion\n|-immune|p1b: Basculegion\n|move|p2a: lu\u00edsa|Rock Slide|p1b: Basculegion|[spread] p1a,p1b\n|-supereffective|p1a: Incineroar|1\n|-damage|p1a: Incineroar|75/100\n|-damage|p1b: Basculegion|81/100\n|cant|p1b: Basculegion|flinch\n|cant|p1a: Incineroar|flinch\n|\n|upkeep\n|turn|2\n|c|\u2606slival|Dude\n|c|\u2606slival|That should be illegal\n|inactive|slival has 30 seconds left.\n|c|\u2606slival|What the actual fuck\n|inactive|slival has 20 seconds left.\n|inactive|slival has 15 seconds left.\n|\n|t:|1776458286\n|move|p2a: lu\u00edsa|Rock Slide|p1b: Basculegion|[spread] p1a,p1b\n|-supereffective|p1a: Incineroar|1\n|-damage|p1a: Incineroar|50/100\n|-damage|p1b: Basculegion|61/100\n|-enditem|p1a: Incineroar|Sitrus Berry|[eat]\n|-heal|p1a: Incineroar|75/100|[from] item: Sitrus Berry\n|cant|p1b: Basculegion|flinch\n|move|p2b: isquerinha|Darkest Lariat|p1b: Basculegion\n|-supereffective|p1b: Basculegion|1\n|-damage|p1b: Basculegion|3/100\n|move|p1a: Incineroar|Parting Shot|p2a: lu\u00edsa\n|-unboost|p2a: lu\u00edsa|atk|1\n|-unboost|p2a: lu\u00edsa|spa|1\n|\n|t:|1776458299\n|switch|p1a: Floette|Floette-Eternal, L50, F|100/100|[from] Parting Shot\n|\n|upkeep\n|turn|3\n|\n|t:|1776458313\n|switch|p1b: Incineroar|Incineroar, L50, M|75/100\n|-ability|p1b: Incineroar|Intimidate|boost\n|-unboost|p2a: lu\u00edsa|atk|1\n|-unboost|p2b: isquerinha|atk|1\n|detailschange|p1a: Floette|Floette-Mega, L50, F\n|-mega|p1a: Floette|Floette|Floettite\n|-ability|p1a: Floette|Fairy Aura\n|move|p2a: lu\u00edsa|Rock Slide|p1b: Incineroar|[spread] p1a,p1b\n|-supereffective|p1b: Incineroar|1\n|-damage|p1a: Floette|88/100\n|-damage|p1b: Incineroar|60/100\n|cant|p1a: Floette|flinch\n|move|p2b: isquerinha|Parting Shot|p1a: Floette\n|-unboost|p1a: Floette|atk|1\n|-unboost|p1a: Floette|spa|1\n|c|\u2606slival|WHAT THE FUJ\n|\n|t:|1776458330\n|switch|p2b: pilintra|Sneasler, L50, M|100/100|[from] Parting Shot\n|\n|upkeep\n|turn|4\n|\n|t:|1776458355\n|move|p1b: Incineroar|Fake Out|p2b: pilintra\n|-damage|p2b: pilintra|77/100\n|move|p2a: lu\u00edsa|Rock Slide|p1b: Incineroar|[spread] p1a,p1b\n|-supereffective|p1b: Incineroar|1\n|-damage|p1a: Floette|77/100\n|-damage|p1b: Incineroar|43/100\n|cant|p2b: pilintra|flinch\n|move|p1a: Floette|Dazzling Gleam|p2a: lu\u00edsa|[spread] p2a,p2b\n|-supereffective|p2a: lu\u00edsa|1\n|-damage|p2a: lu\u00edsa|32/100\n|-damage|p2b: pilintra|31/100\n|\n|upkeep\n|turn|5\n|\n|t:|1776458373\n|move|p1a: Floette|Protect|p1a: Floette\n|-singleturn|p1a: Floette|Protect\n|move|p2a: lu\u00edsa|Rock Slide|p1b: Incineroar|[spread] p1b\n|-activate|p1a: Floette|move: Protect\n|-supereffective|p1b: Incineroar|1\n|-damage|p1b: Incineroar|28/100\n|move|p2b: pilintra|Dire Claw|p1a: Floette\n|-activate|p1a: Floette|move: Protect\n|cant|p1b: Incineroar|flinch\n|\n|upkeep\n|turn|6\n|\n|t:|1776458395\n|switch|p1a: Garchomp|Garchomp, L50, F|100/100\n|move|p2a: lu\u00edsa|Rock Slide|p1b: Incineroar|[spread] p1a,p1b\n|-resisted|p1a: Garchomp|1\n|-supereffective|p1b: Incineroar|1\n|-damage|p1a: Garchomp|96/100\n|-damage|p1b: Incineroar|12/100\n|move|p2b: pilintra|Dire Claw|p1a: Garchomp\n|-resisted|p1a: Garchomp|1\n|-damage|p1a: Garchomp|73/100\n|-damage|p2b: pilintra|19/100|[from] ability: Rough Skin|[of] p1a: Garchomp\n|cant|p1b: Incineroar|flinch\n|\n|upkeep\n|turn|7\n|\n|t:|1776458420\n|move|p2b: pilintra|Protect|p2b: pilintra\n|-singleturn|p2b: pilintra|Protect\n|move|p2a: lu\u00edsa|Rock Slide|p1a: Garchomp|[spread] p1a,p1b\n|-resisted|p1a: Garchomp|1\n|-supereffective|p1b: Incineroar|1\n|-damage|p1a: Garchomp|70/100\n|-damage|p1b: Incineroar|0 fnt\n|faint|p1b: Incineroar\n|move|p1a: Garchomp|Earthquake|p2b: pilintra|[spread] p2a\n|-activate|p2b: pilintra|move: Protect\n|-damage|p2a: lu\u00edsa|0 fnt\n|faint|p2a: lu\u00edsa\n|\n|upkeep\n|\n|t:|1776458436\n|switch|p2a: brasila|Floette-Eternal, L50, F|100/100\n|switch|p1b: Basculegion|Basculegion, L50, M|3/100\n|turn|8\n|\n|t:|1776458448\n|move|p1a: Garchomp|Protect|p1a: Garchomp\n|-singleturn|p1a: Garchomp|Protect\n|move|p1b: Basculegion|Wave Crash|p2a: brasila\n|-damage|p2a: brasila|12/100\n|-damage|p1b: Basculegion|0 fnt|[from] Recoil\n|faint|p1b: Basculegion\n|move|p2b: pilintra|Close Combat|p1a: Garchomp\n|-activate|p1a: Garchomp|move: Protect\n|move|p2a: brasila|Dazzling Gleam|p1a: Garchomp\n|-activate|p1a: Garchomp|move: Protect\n|\n|upkeep\n|\n|t:|1776458456\n|switch|p1b: Floette|Floette-Mega, L50, F|77/100\n|-ability|p1b: Floette|Fairy Aura\n|turn|9\n|\n|t:|1776458473\n|detailschange|p2a: brasila|Floette-Mega, L50, F\n|-mega|p2a: brasila|Floette|Floettite\n|-ability|p2a: brasila|Fairy Aura\n|move|p1b: Floette|Protect|p1b: Floette\n|-singleturn|p1b: Floette|Protect\n|move|p2b: pilintra|Dire Claw|p1b: Floette\n|-activate|p1b: Floette|move: Protect\n|move|p1a: Garchomp|Earthquake|p2a: brasila|[spread] p2a,p2b\n|-activate|p1b: Floette|move: Protect\n|-supereffective|p2b: pilintra|1\n|-damage|p2a: brasila|0 fnt\n|-damage|p2b: pilintra|0 fnt\n|faint|p2a: brasila\n|faint|p2b: pilintra\n|\n|upkeep\n|inactive|gatinhamcnh has 30 seconds left.\n|inactive|gatinhamcnh has 20 seconds left.\n|inactive|gatinhamcnh has 15 seconds left.\n|inactive|gatinhamcnh has 10 seconds left.\n|\n|t:|1776458523\n|switch|p2b: isquerinha|Incineroar, L50, M|100/100\n|-ability|p2b: isquerinha|Intimidate|boost\n|-unboost|p1a: Garchomp|atk|1\n|-unboost|p1b: Floette|atk|1\n|turn|10\n|\n|t:|1776458542\n|move|p1a: Garchomp|Dragon Claw|p2b: isquerinha\n|-damage|p2b: isquerinha|78/100\n|move|p1b: Floette|Light of Ruin|p2b: isquerinha\n|-damage|p2b: isquerinha|0 fnt\n|faint|p2b: isquerinha\n|-damage|p1b: Floette|24/100|[from] Recoil\n|\n|win|slival\n|raw|slival's rating: 1106 &rarr; <strong>1124</strong><br />(+18 for winning)\n|raw|gatinhamcnh's rating: 1000 &rarr; <strong>1000</strong><br />(+0 for losing)\n|c|\u2606slival|Justice\n",
  "uploadtime": 1776458556,
  "views": 27,
  "formatid": "gen9championsvgc2026regma",
  "rating": 1000,
  "private": 0,
  "password": null
}