{
  "id": "gen9championsvgc2026regma-2585749985",
  "format": "[Gen 9 Champions] VGC 2026 Reg M-A",
  "players": [
    "u lost da game",
    "ASUfratleadervgc"
  ],
  "log": "|j|\u2606u lost da game\n|j|\u2606ASUfratleadervgc\n|t:|1776367982\n|gametype|doubles\n|player|p1|u lost da game|266|\n|player|p2|ASUfratleadervgc|caitlin|\n|gen|9\n|tier|[Gen 9 Champions] VGC 2026 Reg M-A\n|rated|Tournament battle\n|rule|Species Clause: Limit one of each Pok\u00e9mon\n|rule|Item Clause: Limit 1 of each item\n|raw|<div class=\"infobox\"><details class=\"readmore\" open><summary><strong>1 custom rule:</strong></summary> !open team sheets</details></div>\n|clearpoke\n|poke|p1|Gengar, L50, F|\n|poke|p1|Politoed, L50, F|\n|poke|p1|Incineroar, L50, M|\n|poke|p1|Sinistcha, L50|\n|poke|p1|Palafin, L50, F|\n|poke|p1|Archaludon, L50, M|\n|poke|p2|Venusaur, L50, M|\n|poke|p2|Basculegion, L50, M|\n|poke|p2|Ninetales-Alola, L50, F|\n|poke|p2|Incineroar, L50, M|\n|poke|p2|Corviknight, L50, F|\n|poke|p2|Garchomp, L50, F|\n|teampreview|4\n|inactive|Battle timer is ON: inactive players will automatically lose when time's up. (requested by ASUfratleadervgc)\n|c|\u2606u lost da game|glhf\n|c|\u2606ASUfratleadervgc|glhf\n|c|\u2606u lost da game|oh bruh\n|c|\u2606u lost da game|I brought the wrong team\n|c|\u2606ASUfratleadervgc|lol\n|inactive|u lost da game has 60 seconds left.\n|\n|t:|1776368022\n|teamsize|p1|4\n|teamsize|p2|4\n|start\n|switch|p1a: Gengar|Gengar, L50, F|100/100\n|switch|p1b: Incineroar|Incineroar, L50, M|100/100\n|switch|p2a: Venusaur|Venusaur, L50, M|100/100\n|switch|p2b: Basculegion|Basculegion, L50, M|100/100\n|-ability|p1b: Incineroar|Intimidate|boost\n|-unboost|p2a: Venusaur|atk|1\n|-unboost|p2b: Basculegion|atk|1\n|turn|1\n|\n|t:|1776368047\n|detailschange|p1a: Gengar|Gengar-Mega, L50, F\n|-mega|p1a: Gengar|Gengar|Gengarite\n|detailschange|p2a: Venusaur|Venusaur-Mega, L50, M\n|-mega|p2a: Venusaur|Venusaur|Venusaurite\n|move|p2b: Basculegion|Flip Turn|p1b: Incineroar\n|-supereffective|p1b: Incineroar|1\n|-damage|p1b: Incineroar|53/100\n|\n|t:|1776368054\n|switch|p2b: Garchomp|Garchomp, L50, F|100/100|[from] Flip Turn\n|move|p1a: Gengar|Shadow Ball|p2b: Garchomp\n|-damage|p2b: Garchomp|45/100\n|move|p2a: Venusaur|Earth Power|p1a: Gengar\n|-supereffective|p1a: Gengar|1\n|-damage|p1a: Gengar|40/100\n|move|p1b: Incineroar|Parting Shot|p2b: Garchomp\n|-unboost|p2b: Garchomp|atk|1\n|-unboost|p2b: Garchomp|spa|1\n|\n|t:|1776368063\n|switch|p1b: Sinistcha|Sinistcha, L50|100/100|[from] Parting Shot\n|-heal|p1a: Gengar|65/100|[from] ability: Hospitality|[of] p1b: Sinistcha\n|\n|upkeep\n|turn|2\n|\n|t:|1776368081\n|move|p1a: Gengar|Protect|p1a: Gengar\n|-singleturn|p1a: Gengar|Protect\n|move|p2b: Garchomp|Stomping Tantrum|p1a: Gengar\n|-activate|p1a: Gengar|move: Protect\n|move|p2a: Venusaur|Leech Seed|p1a: Gengar\n|-activate|p1a: Gengar|move: Protect\n|move|p1b: Sinistcha|Matcha Gotcha|p2b: Garchomp|[spread] p2a,p2b\n|-resisted|p2a: Venusaur|2\n|-damage|p2a: Venusaur|97/100\n|-damage|p2b: Garchomp|16/100\n|\n|upkeep\n|turn|3\n|inactive|u lost da game has 30 seconds left.\n|\n|t:|1776368113\n|move|p1b: Sinistcha|Rage Powder|p1b: Sinistcha\n|-singleturn|p1b: Sinistcha|move: Rage Powder\n|move|p1a: Gengar|Shadow Ball|p2b: Garchomp\n|-damage|p2b: Garchomp|0 fnt\n|faint|p2b: Garchomp\n|move|p2a: Venusaur|Leech Seed|p1a: Gengar\n|-start|p1a: Gengar|move: Leech Seed\n|\n|-damage|p1a: Gengar|53/100|[from] Leech Seed|[of] p2a: Venusaur\n|-heal|p2a: Venusaur|100/100|[silent]\n|upkeep\n|c|\u2606u lost da game|im dumb lol forgot how rage powder works\n|\n|t:|1776368131\n|switch|p2b: Basculegion|Basculegion, L50, M|100/100\n|turn|4\n|\n|t:|1776368137\n|switch|p1a: Incineroar|Incineroar, L50, M|53/100\n|-ability|p1a: Incineroar|Intimidate|boost\n|-unboost|p2a: Venusaur|atk|1\n|-unboost|p2b: Basculegion|atk|1\n|move|p2b: Basculegion|Flip Turn|p1b: Sinistcha\n|-resisted|p1b: Sinistcha|1\n|-damage|p1b: Sinistcha|91/100\n|\n|t:|1776368144\n|switch|p2b: Ninetales|Ninetales-Alola, L50, F|100/100|[from] Flip Turn\n|-weather|Snowscape|[from] ability: Snow Warning|[of] p2b: Ninetales\n|move|p2a: Venusaur|Earth Power|p1a: Incineroar\n|-supereffective|p1a: Incineroar|1\n|-damage|p1a: Incineroar|12/100\n|-enditem|p1a: Incineroar|Sitrus Berry|[eat]\n|-heal|p1a: Incineroar|37/100|[from] item: Sitrus Berry\n|move|p1b: Sinistcha|Trick Room|p1b: Sinistcha\n|-fieldstart|move: Trick Room|[of] p1b: Sinistcha\n|\n|-weather|Snowscape|[upkeep]\n|upkeep\n|turn|5\n|\n|t:|1776368162\n|move|p1a: Incineroar|Parting Shot|p2a: Venusaur\n|-unboost|p2a: Venusaur|atk|1\n|-unboost|p2a: Venusaur|spa|1\n|\n|t:|1776368166\n|switch|p1a: Archaludon|Archaludon, L50, M|100/100|[from] Parting Shot\n|move|p1b: Sinistcha|Matcha Gotcha|p2b: Ninetales|[spread] p2a\n|-miss|p1b: Sinistcha|p2b: Ninetales\n|-resisted|p2a: Venusaur|2\n|-damage|p2a: Venusaur|97/100\n|-heal|p1b: Sinistcha|94/100|[from] drain|[of] p2a: Venusaur\n|move|p2a: Venusaur|Sludge Bomb|p1b: Sinistcha\n|-damage|p1b: Sinistcha|66/100\n|move|p2b: Ninetales|Blizzard|p1b: Sinistcha|[spread] p1a,p1b\n|-supereffective|p1b: Sinistcha|1\n|-damage|p1a: Archaludon|61/100\n|-damage|p1b: Sinistcha|3/100\n|\n|-weather|Snowscape|[upkeep]\n|upkeep\n|turn|6\n|\n|t:|1776368181\n|move|p1b: Sinistcha|Matcha Gotcha|p2a: Venusaur|[spread] p2a,p2b\n|-resisted|p2a: Venusaur|2\n|-damage|p2a: Venusaur|93/100\n|-heal|p1b: Sinistcha|6/100|[from] drain|[of] p2a: Venusaur\n|-damage|p2b: Ninetales|72/100\n|-heal|p1b: Sinistcha|18/100|[from] drain|[of] p2b: Ninetales\n|-status|p2a: Venusaur|brn\n|move|p2a: Venusaur|Leech Seed|p1a: Archaludon\n|-start|p1a: Archaludon|move: Leech Seed\n|move|p1a: Archaludon|Flash Cannon|p2b: Ninetales\n|-supereffective|p2b: Ninetales|2\n|-damage|p2b: Ninetales|0 fnt\n|faint|p2b: Ninetales\n|\n|-weather|Snowscape|[upkeep]\n|-damage|p1a: Archaludon|49/100|[from] Leech Seed|[of] p2a: Venusaur\n|-heal|p2a: Venusaur|100/100 brn|[silent]\n|-damage|p2a: Venusaur|95/100 brn|[from] brn\n|upkeep\n|\n|t:|1776368188\n|switch|p2b: Basculegion|Basculegion, L50, M|100/100\n|turn|7\n|\n|t:|1776368200\n|move|p1b: Sinistcha|Matcha Gotcha|p2b: Basculegion|[spread] p2b\n|-miss|p1b: Sinistcha|p2a: Venusaur\n|-supereffective|p2b: Basculegion|1\n|-damage|p2b: Basculegion|43/100\n|-heal|p1b: Sinistcha|51/100|[from] drain|[of] p2b: Basculegion\n|move|p2a: Venusaur|Sludge Bomb|p1b: Sinistcha\n|-damage|p1b: Sinistcha|25/100\n|-status|p1b: Sinistcha|psn\n|move|p1a: Archaludon|Draco Meteor|p2b: Basculegion\n|-damage|p2b: Basculegion|0 fnt\n|-unboost|p1a: Archaludon|spa|2\n|faint|p2b: Basculegion\n|\n|-weather|Snowscape|[upkeep]\n|-damage|p1a: Archaludon|37/100|[from] Leech Seed|[of] p2a: Venusaur\n|-heal|p2a: Venusaur|100/100 brn|[silent]\n|-damage|p1b: Sinistcha|13/100 psn|[from] psn\n|-damage|p2a: Venusaur|95/100 brn|[from] brn\n|upkeep\n|turn|8\n|\n|t:|1776368220\n|switch|p1b: Incineroar|Incineroar, L50, M|37/100\n|-ability|p1b: Incineroar|Intimidate|boost\n|-unboost|p2a: Venusaur|atk|1\n|move|p2a: Venusaur|Earth Power|p1a: Archaludon\n|-supereffective|p1a: Archaludon|1\n|-damage|p1a: Archaludon|0 fnt\n|faint|p1a: Archaludon\n|\n|-weather|none\n|-damage|p2a: Venusaur|89/100 brn|[from] brn\n|-fieldend|move: Trick Room\n|upkeep\n|\n|t:|1776368226\n|switch|p1a: Gengar|Gengar-Mega, L50, F|53/100\n|turn|9\n|\n|t:|1776368235\n|move|p2a: Venusaur|Protect|p2a: Venusaur\n|-singleturn|p2a: Venusaur|Protect\n|move|p1b: Incineroar|Fake Out|p2a: Venusaur\n|-activate|p2a: Venusaur|move: Protect\n|move|p1a: Gengar|Perish Song|p1a: Gengar\n|-start|p1a: Gengar|perish3|[silent]\n|-start|p1b: Incineroar|perish3|[silent]\n|-start|p2a: Venusaur|perish3|[silent]\n|-fieldactivate|move: Perish Song\n|\n|-damage|p2a: Venusaur|83/100 brn|[from] brn\n|-start|p1a: Gengar|perish3\n|-start|p2a: Venusaur|perish3\n|-start|p1b: Incineroar|perish3\n|upkeep\n|turn|10\n|\n|t:|1776368242\n|switch|p1b: Sinistcha|Sinistcha, L50|13/100 psn\n|-heal|p1a: Gengar|77/100|[from] ability: Hospitality|[of] p1b: Sinistcha\n|move|p1a: Gengar|Sludge Bomb|p2a: Venusaur\n|-damage|p2a: Venusaur|47/100 brn\n|move|p2a: Venusaur|Earth Power|p1b: Sinistcha\n|-resisted|p1b: Sinistcha|1\n|-damage|p1b: Sinistcha|4/100 psn\n|\n|-damage|p1b: Sinistcha|0 fnt|[from] psn\n|faint|p1b: Sinistcha\n|-damage|p2a: Venusaur|41/100 brn|[from] brn\n|-start|p1a: Gengar|perish2\n|-start|p2a: Venusaur|perish2\n|upkeep\n|\n|t:|1776368250\n|switch|p1b: Incineroar|Incineroar, L50, M|37/100\n|-ability|p1b: Incineroar|Intimidate|boost\n|-unboost|p2a: Venusaur|atk|1\n|turn|11\n|\n|t:|1776368256\n|move|p2a: Venusaur|Protect|p2a: Venusaur\n|-singleturn|p2a: Venusaur|Protect\n|move|p1b: Incineroar|Fake Out|p2a: Venusaur\n|-activate|p2a: Venusaur|move: Protect\n|move|p1a: Gengar|Sludge Bomb|p2a: Venusaur\n|-activate|p2a: Venusaur|move: Protect\n|\n|-damage|p2a: Venusaur|35/100 brn|[from] brn\n|-start|p1a: Gengar|perish1\n|-start|p2a: Venusaur|perish1\n|upkeep\n|turn|12\n|\n|t:|1776368262\n|move|p1b: Incineroar|Protect|p1b: Incineroar\n|-singleturn|p1b: Incineroar|Protect\n|move|p1a: Gengar|Sludge Bomb|p2a: Venusaur\n|-damage|p2a: Venusaur|0 fnt\n|faint|p2a: Venusaur\n|\n|win|u lost da game\n|n|\u2606u lost da game|ulostdagame\n|n|\u2606ASUfratleadervgc|asufratleadervgc\n|c|\u2606u lost da game|gg\n|l|\u2606ASUfratleadervgc\n|player|p2|\n",
  "uploadtime": 1776368270,
  "views": 15,
  "formatid": "gen9championsvgc2026regma",
  "rating": null,
  "private": 0,
  "password": null
}