{
  "id": "gen9championsvgc2026regma-2581718094",
  "format": "[Gen 9 Champions] VGC 2026 Reg M-A",
  "players": [
    "AlexGis",
    "RadarUndetectable"
  ],
  "log": "|j|\u2606AlexGis\n|j|\u2606RadarUndetectable\n|t:|1776023089\n|gametype|doubles\n|player|p1|AlexGis|169|1051\n|player|p2|RadarUndetectable|dawn|1043\n|gen|9\n|tier|[Gen 9 Champions] VGC 2026 Reg M-A\n|rated|\n|rule|Species Clause: Limit one of each Pok\u00e9mon\n|rule|Item Clause: Limit 1 of each item\n|clearpoke\n|poke|p1|Kingambit, L50, F|\n|poke|p1|Dragonite, L50, F|\n|poke|p1|Sneasler, L50, M|\n|poke|p1|Venusaur, L50, F|\n|poke|p1|Incineroar, L50, F|\n|poke|p1|Basculegion, L50, M|\n|poke|p2|Zoroark-Hisui, L50, M|\n|poke|p2|Altaria, L50, F|\n|poke|p2|Kingambit, L50, M|\n|poke|p2|Charizard, L50, M|\n|poke|p2|Sinistcha, L50|\n|poke|p2|Audino, L50, F|\n|teampreview|4\n|\n|t:|1776023165\n|teamsize|p1|4\n|teamsize|p2|4\n|start\n|switch|p1a: Dragonite|Dragonite, L50, F|100/100\n|switch|p1b: Sneasler|Sneasler, L50, M|100/100\n|switch|p2a: Altaria|Altaria, L50, F|100/100\n|switch|p2b: Kingambit|Kingambit, L50, M|100/100\n|-ability|p2a: Altaria|Cloud Nine\n|turn|1\n|\n|t:|1776023197\n|detailschange|p1a: Dragonite|Dragonite-Mega, L50, F\n|-mega|p1a: Dragonite|Dragonite|Dragoninite\n|move|p2b: Kingambit|Protect|p2b: Kingambit\n|-singleturn|p2b: Kingambit|Protect\n|move|p1b: Sneasler|Close Combat|p2b: Kingambit\n|-activate|p2b: Kingambit|move: Protect\n|move|p2a: Altaria|Tailwind|p2a: Altaria\n|-sidestart|p2: RadarUndetectable|move: Tailwind\n|move|p1a: Dragonite|Tailwind|p1a: Dragonite\n|-sidestart|p1: AlexGis|move: Tailwind\n|\n|upkeep\n|turn|2\n|\n|t:|1776023266\n|detailschange|p2a: Altaria|Altaria-Mega, L50, F\n|-mega|p2a: Altaria|Altaria|Altarianite\n|move|p1b: Sneasler|Close Combat|p2b: Kingambit\n|-immune|p2b: Kingambit\n|move|p2b: Kingambit|Knock Off|p1a: Dragonite\n|-damage|p1a: Dragonite|93/100\n|move|p2a: Altaria|Double-Edge|p1a: Dragonite\n|-supereffective|p1a: Dragonite|1\n|-damage|p1a: Dragonite|0 fnt\n|faint|p1a: Dragonite\n|-damage|p2a: Altaria|62/100|[from] Recoil\n|\n|upkeep\n|\n|t:|1776023297\n|switch|p1a: Incineroar|Incineroar, L50, F|100/100\n|-ability|p1a: Incineroar|Intimidate|boost\n|-unboost|p2a: Altaria|atk|1\n|-unboost|p2b: Kingambit|atk|1\n|turn|3\n|\n|t:|1776023354\n|switch|p2a: Charizard|Charizard, L50, M, shiny|100/100\n|move|p1b: Sneasler|Dire Claw|p2a: Charizard\n|-damage|p2a: Charizard|38/100\n|-status|p2a: Charizard|slp\n|move|p2b: Kingambit|Low Kick|p1a: Incineroar\n|-supereffective|p1a: Incineroar|1\n|-damage|p1a: Incineroar|76/100\n|move|p1a: Incineroar|Darkest Lariat|p2b: Kingambit\n|-supereffective|p2b: Kingambit|1\n|-enditem|p2b: Kingambit|Focus Sash\n|-damage|p2b: Kingambit|1/100\n|replace|p2b: Zoroark|Zoroark-Hisui, L50, M, shiny\n|-end|p2b: Zoroark|Illusion\n|\n|upkeep\n|turn|4\n|\n|t:|1776023410\n|move|p2b: Zoroark|Protect|p2b: Zoroark\n|-singleturn|p2b: Zoroark|Protect\n|move|p1b: Sneasler|Dire Claw|p2b: Zoroark\n|-activate|p2b: Zoroark|move: Protect\n|cant|p2a: Charizard|slp\n|move|p1a: Incineroar|Parting Shot|p2a: Charizard\n|-unboost|p2a: Charizard|atk|1\n|-unboost|p2a: Charizard|spa|1\n|\n|t:|1776023419\n|switch|p1a: Basculegion|Basculegion, L50, M|100/100|[from] Parting Shot\n|\n|-sideend|p2: RadarUndetectable|move: Tailwind\n|-sideend|p1: AlexGis|move: Tailwind\n|upkeep\n|turn|5\n|\n|t:|1776023464\n|move|p2b: Zoroark|Protect||[still]\n|-fail|p2b: Zoroark\n|move|p1a: Basculegion|Wave Crash|p2a: Charizard\n|-supereffective|p2a: Charizard|1\n|-damage|p2a: Charizard|0 fnt\n|faint|p2a: Charizard\n|-damage|p1a: Basculegion|91/100|[from] Recoil\n|move|p1b: Sneasler|Dire Claw|p2b: Zoroark\n|-resisted|p2b: Zoroark|1\n|-damage|p2b: Zoroark|0 fnt\n|faint|p2b: Zoroark\n|\n|upkeep\n|\n|t:|1776023478\n|switch|p2a: Kingambit|Kingambit, L50, M|100/100\n|switch|p2b: Altaria|Altaria-Mega, L50, F|62/100\n|turn|6\n|\n|t:|1776023512\n|move|p2a: Kingambit|Sucker Punch|p1b: Sneasler\n|-resisted|p1b: Sneasler|1\n|-damage|p1b: Sneasler|68/100\n|move|p1a: Basculegion|Wave Crash|p2b: Altaria\n|-resisted|p2b: Altaria|1\n|-damage|p2b: Altaria|22/100\n|-damage|p1a: Basculegion|81/100|[from] Recoil\n|move|p1b: Sneasler|Close Combat|p2a: Kingambit\n|-supereffective|p2a: Kingambit|2\n|-damage|p2a: Kingambit|0 fnt\n|-unboost|p1b: Sneasler|def|1\n|-unboost|p1b: Sneasler|spd|1\n|faint|p2a: Kingambit\n|-enditem|p1b: Sneasler|White Herb\n|-clearnegativeboost|p1b: Sneasler|[silent]\n|move|p2b: Altaria|Tailwind|p2b: Altaria\n|-sidestart|p2: RadarUndetectable|move: Tailwind\n|\n|upkeep\n|turn|7\n|\n|t:|1776023538\n|move|p1b: Sneasler|Dire Claw|p2b: Altaria\n|-supereffective|p2b: Altaria|1\n|-damage|p2b: Altaria|0 fnt\n|faint|p2b: Altaria\n|\n|win|AlexGis\n|raw|AlexGis's rating: 1051 &rarr; <strong>1083</strong><br />(+32 for winning)\n|raw|RadarUndetectable's rating: 1043 &rarr; <strong>1027</strong><br />(-16 for losing)\n|l|\u2606AlexGis\n|player|p1|\n",
  "uploadtime": 1776023593,
  "views": 12,
  "formatid": "gen9championsvgc2026regma",
  "rating": 1027,
  "private": 0,
  "password": null
}