{
  "id": "gen9championsvgc2026regma-2584401310",
  "format": "[Gen 9 Champions] VGC 2026 Reg M-A",
  "players": [
    "Flipsicle",
    "Jah_08"
  ],
  "log": "|j|\u2606Flipsicle\n|j|\u2606Jah_08\n|t:|1776258196\n|gametype|doubles\n|player|p1|Flipsicle|elesa-masters|1338\n|player|p2|Jah_08|alder|1314\n|gen|9\n|tier|[Gen 9 Champions] VGC 2026 Reg M-A\n|rated|\n|rule|Species Clause: Limit one of each Pok\u00e9mon\n|rule|Item Clause: Limit 1 of each item\n|clearpoke\n|poke|p1|Pelipper, L50, M|\n|poke|p1|Archaludon, L50, M|\n|poke|p1|Sharpedo, L50, M|\n|poke|p1|Garchomp, L50, M|\n|poke|p1|Sneasler, L50, M|\n|poke|p1|Kingambit, L50, M|\n|poke|p2|Excadrill, L50, M|\n|poke|p2|Whimsicott, L50, M|\n|poke|p2|Chandelure, L50, M|\n|poke|p2|Zoroark-Hisui, L50, M|\n|poke|p2|Basculegion, L50, M|\n|poke|p2|Krookodile, L50, M|\n|teampreview|4\n|inactive|Battle timer is ON: inactive players will automatically lose when time's up. (requested by Flipsicle)\nFlipsicle rejected open team sheets.\n|inactive|Flipsicle has 60 seconds left.\n|inactive|Jah_08 has 60 seconds left.\n|\n|t:|1776258254\n|teamsize|p1|4\n|teamsize|p2|4\n|start\n|switch|p1a: Sharpedo|Sharpedo, L50, M|100/100\n|switch|p1b: Kingambit|Kingambit, L50, M|100/100\n|switch|p2a: Whimsicott|Whimsicott, L50, M, shiny|100/100\n|switch|p2b: Basculegion|Basculegion, L50, M|100/100\n|turn|1\n|\n|t:|1776258273\n|move|p1a: Sharpedo|Protect|p1a: Sharpedo\n|-singleturn|p1a: Sharpedo|Protect\n|move|p2a: Whimsicott|Tailwind|p2a: Whimsicott\n|-sidestart|p2: Jah_08|move: Tailwind\n|move|p2b: Basculegion|Flip Turn|p1b: Kingambit\n|-damage|p1b: Kingambit|71/100\n|\n|t:|1776258294\n|switch|p2b: Excadrill|Excadrill, L50, M|100/100|[from] Flip Turn\n|move|p1b: Kingambit|Iron Head|p2a: Whimsicott\n|-supereffective|p2a: Whimsicott|1\n|-damage|p2a: Whimsicott|0 fnt\n|faint|p2a: Whimsicott\n|\n|-ability|p1a: Sharpedo|Speed Boost|boost\n|-boost|p1a: Sharpedo|spe|1\n|upkeep\n|\n|t:|1776258315\n|switch|p2a: Excadrill|Excadrill, L50, M|100/100\n|-ability|p2a: Excadrill|Mold Breaker\n|turn|2\n|\n|t:|1776258329\n|move|p1b: Kingambit|Sucker Punch|p2b: Excadrill\n|-supereffective|p2b: Excadrill|1\n|-damage|p2b: Excadrill|0 fnt\n|replace|p2b: Zoroark|Zoroark-Hisui, L50, M\n|-end|p2b: Zoroark|Illusion\n|faint|p2b: Zoroark\n|move|p2a: Excadrill|High Horsepower|p1b: Kingambit\n|-supereffective|p1b: Kingambit|1\n|-damage|p1b: Kingambit|0 fnt\n|faint|p1b: Kingambit\n|move|p1a: Sharpedo|Liquidation|p2a: Excadrill\n|-supereffective|p2a: Excadrill|1\n|-enditem|p2a: Excadrill|Focus Sash\n|-damage|p2a: Excadrill|1/100\n|\n|-ability|p1a: Sharpedo|Speed Boost|boost\n|-boost|p1a: Sharpedo|spe|1\n|upkeep\n|\n|t:|1776258346\n|switch|p2b: Basculegion|Basculegion, L50, M|100/100\n|switch|p1b: Garchomp|Garchomp, L50, M|100/100\n|turn|3\n|\n|t:|1776258363\n|move|p1a: Sharpedo|Protect|p1a: Sharpedo\n|-singleturn|p1a: Sharpedo|Protect\n|move|p2b: Basculegion|Last Respects|p1a: Sharpedo\n|-activate|p1a: Sharpedo|move: Protect\n|move|p2a: Excadrill|Rock Slide|p1b: Garchomp|[spread] p1b\n|-activate|p1a: Sharpedo|move: Protect\n|-resisted|p1b: Garchomp|1\n|-damage|p1b: Garchomp|91/100\n|move|p1b: Garchomp|Stomping Tantrum|p2a: Excadrill\n|-supereffective|p2a: Excadrill|1\n|-crit|p2a: Excadrill\n|-damage|p2a: Excadrill|0 fnt\n|faint|p2a: Excadrill\n|\n|-ability|p1a: Sharpedo|Speed Boost|boost\n|-boost|p1a: Sharpedo|spe|1\n|upkeep\n|turn|4\n|j| Choklit Milk\n|\n|t:|1776258383\n|detailschange|p1a: Sharpedo|Sharpedo-Mega, L50, M\n|-mega|p1a: Sharpedo|Sharpedo|Sharpedonite\n|move|p2b: Basculegion|Last Respects|p1a: Sharpedo\n|-resisted|p1a: Sharpedo|1\n|-damage|p1a: Sharpedo|0 fnt\n|faint|p1a: Sharpedo\n|move|p1b: Garchomp|Stomping Tantrum|p2b: Basculegion\n|-damage|p2b: Basculegion|51/100\n|\n|-sideend|p2: Jah_08|move: Tailwind\n|upkeep\n|l| Choklit Milk\n|\n|t:|1776258392\n|switch|p1a: Pelipper|Pelipper, L50, M|100/100\n|-weather|RainDance|[from] ability: Drizzle|[of] p1a: Pelipper\n|turn|5\n|\n|t:|1776258402\n|move|p2b: Basculegion|Last Respects|p1a: Pelipper\n|-damage|p1a: Pelipper|0 fnt\n|faint|p1a: Pelipper\n|move|p1b: Garchomp|Dragon Claw|p2b: Basculegion\n|-damage|p2b: Basculegion|0 fnt\n|faint|p2b: Basculegion\n|\n|win|Flipsicle\n|raw|Flipsicle's rating: 1338 &rarr; <strong>1357</strong><br />(+19 for winning)\n|raw|Jah_08's rating: 1314 &rarr; <strong>1295</strong><br />(-19 for losing)\n|l|\u2606Flipsicle\n|player|p1|\n",
  "uploadtime": 1776258413,
  "views": 41,
  "formatid": "gen9championsvgc2026regma",
  "rating": 1295,
  "private": 0,
  "password": null
}