{
  "id": "gen9championsvgc2026regma-2583824056",
  "format": "[Gen 9 Champions] VGC 2026 Reg M-A",
  "players": [
    "guguchu",
    "fancyfish21"
  ],
  "log": "|j|\u2606guguchu\n|j|\u2606fancyfish21\n|t:|1776200560\n|gametype|doubles\n|player|p1|guguchu|169|1065\n|player|p2|fancyfish21|169|1093\n|gen|9\n|tier|[Gen 9 Champions] VGC 2026 Reg M-A\n|rated|\n|rule|Species Clause: Limit one of each Pok\u00e9mon\n|rule|Item Clause: Limit 1 of each item\n|clearpoke\n|poke|p1|Lucario, L50, M|\n|poke|p1|Arbok, L50, M|\n|poke|p1|Araquanid, L50, F|\n|poke|p1|Incineroar, L50, F|\n|poke|p2|Meowscarada, L50, M|\n|poke|p2|Medicham, L50, F|\n|poke|p2|Aerodactyl, L50, M|\n|poke|p2|Farigiraf, L50, M|\n|teampreview|4\n|inactive|Battle timer is ON: inactive players will automatically lose when time's up. (requested by fancyfish21)\n|\n|t:|1776200573\n|teamsize|p1|4\n|teamsize|p2|4\n|start\n|switch|p1a: Arbok|Arbok, L50, M|100/100\n|switch|p1b: Lucario|Lucario, L50, M|100/100\n|switch|p2a: Meowscarada|Meowscarada, L50, M|100/100\n|switch|p2b: Medicham|Medicham, L50, F|100/100\n|-ability|p1a: Arbok|Intimidate|boost\n|-unboost|p2a: Meowscarada|atk|1\n|-unboost|p2b: Medicham|atk|1\n|turn|1\n|\n|t:|1776200579\n|move|p2b: Medicham|Fake Out|p1b: Lucario\n|-resisted|p1b: Lucario|1\n|-damage|p1b: Lucario|91/100\n|move|p2a: Meowscarada|Skill Swap|p2b: Medicham\n|-activate|p2a: Meowscarada|Skill Swap|||[of] p2b: Medicham\n|cant|p1b: Lucario|flinch\n|move|p1a: Arbok|Beat Up|p1b: Lucario\n|-resisted|p1b: Lucario|1\n|-damage|p1b: Lucario|89/100\n|-ability|p1b: Lucario|Justified|boost\n|-boost|p1b: Lucario|atk|1\n|-resisted|p1b: Lucario|1\n|-damage|p1b: Lucario|87/100\n|-ability|p1b: Lucario|Justified|boost\n|-boost|p1b: Lucario|atk|1\n|-resisted|p1b: Lucario|1\n|-damage|p1b: Lucario|85/100\n|-ability|p1b: Lucario|Justified|boost\n|-boost|p1b: Lucario|atk|1\n|-resisted|p1b: Lucario|1\n|-damage|p1b: Lucario|83/100\n|-ability|p1b: Lucario|Justified|boost\n|-boost|p1b: Lucario|atk|1\n|-hitcount|p1b: Lucario|4\n|\n|upkeep\n|turn|2\n|inactive|guguchu has 30 seconds left.\n|inactive|fancyfish21 has 30 seconds left.\n|\n|t:|1776200611\n|detailschange|p2b: Medicham|Medicham-Mega, L50, F\n|-mega|p2b: Medicham|Medicham|Medichamite\n|detailschange|p1b: Lucario|Lucario-Mega, L50, M\n|-mega|p1b: Lucario|Lucario|Lucarionite\n|move|p1b: Lucario|Extreme Speed|p2b: Medicham\n|-damage|p2b: Medicham|0 fnt\n|faint|p2b: Medicham\n|move|p2a: Meowscarada|Flower Trick|p1b: Lucario\n|-resisted|p1b: Lucario|1\n|-crit|p1b: Lucario\n|-damage|p1b: Lucario|27/100\n|move|p1a: Arbok|Gunk Shot|p2a: Meowscarada\n|-supereffective|p2a: Meowscarada|1\n|-enditem|p2a: Meowscarada|Focus Sash\n|-damage|p2a: Meowscarada|1/100\n|\n|upkeep\n|\n|t:|1776200622\n|switch|p2b: Aerodactyl|Aerodactyl, L50, M|100/100\n|-ability|p2b: Aerodactyl|Unnerve\n|turn|3\n|inactive|guguchu has 30 seconds left.\n|inactive|guguchu has 20 seconds left.\n|\n|t:|1776200661\n|switch|p2a: Farigiraf|Farigiraf, L50, M|100/100\n|move|p1b: Lucario|Bullet Punch||[still]\n|cant|p2a: Farigiraf|ability: Armor Tail|Bullet Punch|[of] p1b: Lucario\n|move|p2b: Aerodactyl|Earthquake|p1b: Lucario|[spread] p2a,p1a,p1b\n|-supereffective|p1a: Arbok|1\n|-crit|p1a: Arbok\n|-supereffective|p1b: Lucario|1\n|-damage|p2a: Farigiraf|79/100\n|-damage|p1a: Arbok|8/100\n|-damage|p1b: Lucario|0 fnt\n|faint|p1b: Lucario\n|move|p1a: Arbok|Beat Up|p2b: Aerodactyl\n|-damage|p2b: Aerodactyl|95/100\n|-damage|p2b: Aerodactyl|88/100\n|-damage|p2b: Aerodactyl|83/100\n|-hitcount|p2b: Aerodactyl|3\n|\n|upkeep\n|\n|t:|1776200668\n|switch|p1b: Incineroar|Incineroar, L50, F|100/100\n|-ability|p1b: Incineroar|Intimidate|boost\n|-unboost|p2a: Farigiraf|atk|1\n|-unboost|p2b: Aerodactyl|atk|1\n|turn|4\n|\n|t:|1776200687\n|move|p2a: Farigiraf|Protect|p2a: Farigiraf\n|-singleturn|p2a: Farigiraf|Protect\n|move|p1b: Incineroar|Fake Out||[still]\n|cant|p2a: Farigiraf|ability: Armor Tail|Fake Out|[of] p1b: Incineroar\n|move|p2b: Aerodactyl|Earthquake|p1a: Arbok|[spread] p1a,p1b\n|-activate|p2a: Farigiraf|move: Protect\n|-supereffective|p1a: Arbok|1\n|-supereffective|p1b: Incineroar|1\n|-damage|p1a: Arbok|0 fnt\n|-damage|p1b: Incineroar|69/100\n|faint|p1a: Arbok\n|\n|upkeep\n|\n|t:|1776200696\n|switch|p1a: Araquanid|Araquanid, L50, F|100/100\n|turn|5\n|\n|t:|1776200701\n|switch|p2b: Meowscarada|Meowscarada, L50, M|1/100\n|move|p1a: Araquanid|Wide Guard|p1a: Araquanid\n|-singleturn|p1a: Araquanid|Wide Guard\n|move|p1b: Incineroar|Will-O-Wisp|p2b: Meowscarada\n|-status|p2b: Meowscarada|brn\n|move|p2a: Farigiraf|Hyper Voice|p1a: Araquanid|[spread] \n|-activate|p1a: Araquanid|move: Wide Guard\n|-activate|p1b: Incineroar|move: Wide Guard\n|\n|-damage|p2b: Meowscarada|0 fnt|[from] brn\n|faint|p2b: Meowscarada\n|upkeep\n|\n|t:|1776200703\n|switch|p2b: Aerodactyl|Aerodactyl, L50, M|83/100\n|-ability|p2b: Aerodactyl|Unnerve\n|turn|6\n|\n|t:|1776200717\n|move|p1a: Araquanid|Wide Guard|p1a: Araquanid\n|-singleturn|p1a: Araquanid|Wide Guard\n|move|p2b: Aerodactyl|Rock Slide|p1a: Araquanid|[spread] \n|-activate|p1a: Araquanid|move: Wide Guard\n|-activate|p1b: Incineroar|move: Wide Guard\n|move|p1b: Incineroar|Will-O-Wisp|p2b: Aerodactyl\n|-status|p2b: Aerodactyl|brn\n|move|p2a: Farigiraf|Hyper Voice|p1a: Araquanid|[spread] \n|-activate|p1a: Araquanid|move: Wide Guard\n|-activate|p1b: Incineroar|move: Wide Guard\n|\n|-damage|p2b: Aerodactyl|77/100 brn|[from] brn\n|upkeep\n|turn|7\n|c|\u2606fancyfish21|I'm trolling\n|-message|fancyfish21 forfeited.\n|\n|win|guguchu\n|raw|guguchu's rating: 1065 &rarr; <strong>1098</strong><br />(+33 for winning)\n|raw|fancyfish21's rating: 1093 &rarr; <strong>1067</strong><br />(-26 for losing)\n|l|\u2606fancyfish21\n|player|p2|\n",
  "uploadtime": 1776200749,
  "views": 39,
  "formatid": "gen9championsvgc2026regma",
  "rating": 1067,
  "private": 0,
  "password": null
}