{
  "id": "gen9championsvgc2026regma-2583990569",
  "format": "[Gen 9 Champions] VGC 2026 Reg M-A",
  "players": [
    "sisi1",
    "Luigi10106"
  ],
  "log": "|j|\u2606sisi1\n|j|\u2606Luigi10106\n|t:|1776214711\n|gametype|doubles\n|player|p1|sisi1|dawn|1100\n|player|p2|Luigi10106|266|1084\n|gen|9\n|tier|[Gen 9 Champions] VGC 2026 Reg M-A\n|rated|\n|rule|Species Clause: Limit one of each Pok\u00e9mon\n|rule|Item Clause: Limit 1 of each item\n|clearpoke\n|poke|p1|Maushold, L50|\n|poke|p1|Meowstic, L50, M|\n|poke|p1|Talonflame, L50, F|\n|poke|p1|Gallade, L50, M|\n|poke|p1|Alakazam, L50, M|\n|poke|p1|Ninetales-Alola, L50, F|\n|poke|p2|Floette-Eternal, L50, F|\n|poke|p2|Aerodactyl, L50, M|\n|poke|p2|Incineroar, L50, F|\n|poke|p2|Sinistcha, L50|\n|poke|p2|Sneasler, L50, F|\n|poke|p2|Basculegion, L50, M|\n|teampreview|4\n|inactive|Battle timer is ON: inactive players will automatically lose when time's up. (requested by Luigi10106)\n|inactive|Luigi10106 has 60 seconds left.\n|\n|t:|1776214757\n|teamsize|p1|4\n|teamsize|p2|4\n|start\n|switch|p1a: Meowstic|Meowstic, L50, M|100/100\n|switch|p1b: Gallade|Gallade, L50, M|100/100\n|switch|p2a: Aerodactyl|Aerodactyl, L50, M|100/100\n|switch|p2b: Incineroar|Incineroar, L50, F|100/100\n|-ability|p2a: Aerodactyl|Unnerve\n|-ability|p2b: Incineroar|Intimidate|boost\n|-unboost|p1a: Meowstic|atk|1\n|-unboost|p1b: Gallade|atk|1\n|-enditem|p1b: Gallade|White Herb\n|-clearnegativeboost|p1b: Gallade|[silent]\n|turn|1\n|\n|t:|1776214771\n|move|p1a: Meowstic|Fake Out|p2b: Incineroar\n|-damage|p2b: Incineroar|97/100\n|cant|p2b: Incineroar|flinch\n|move|p2a: Aerodactyl|Tailwind|p2a: Aerodactyl\n|-sidestart|p2: Luigi10106|move: Tailwind\n|move|p1b: Gallade|Sacred Sword|p2b: Incineroar\n|-supereffective|p2b: Incineroar|1\n|-damage|p2b: Incineroar|0 fnt\n|faint|p2b: Incineroar\n|\n|upkeep\n|\n|t:|1776214782\n|switch|p2b: Floette|Floette-Eternal, L50, F|100/100\n|turn|2\n|\n|t:|1776214799\n|switch|p1a: Talonflame|Talonflame, L50, F|100/100\n|detailschange|p2b: Floette|Floette-Mega, L50, F\n|-mega|p2b: Floette|Floette|Floettite\n|-ability|p2b: Floette|Fairy Aura\n|move|p1b: Gallade|Wide Guard|p1b: Gallade\n|-singleturn|p1b: Gallade|Wide Guard\n|move|p2a: Aerodactyl|Rock Slide|p1b: Gallade|[spread] \n|-activate|p1a: Talonflame|move: Wide Guard\n|-activate|p1b: Gallade|move: Wide Guard\n|move|p2b: Floette|Dazzling Gleam|p1b: Gallade|[spread] \n|-activate|p1a: Talonflame|move: Wide Guard\n|-activate|p1b: Gallade|move: Wide Guard\n|\n|upkeep\n|turn|3\n|\n|t:|1776214820\n|move|p2b: Floette|Protect|p2b: Floette\n|-singleturn|p2b: Floette|Protect\n|move|p1b: Gallade|Wide Guard|p1b: Gallade\n|-singleturn|p1b: Gallade|Wide Guard\n|move|p1a: Talonflame|Tailwind|p1a: Talonflame\n|-sidestart|p1: sisi1|move: Tailwind\n|move|p2a: Aerodactyl|Dual Wingbeat|p1a: Talonflame\n|-damage|p1a: Talonflame|70/100\n|-damage|p1a: Talonflame|41/100\n|-hitcount|p1a: Talonflame|2\n|\n|upkeep\n|turn|4\n|inactive|Luigi10106 has 30 seconds left.\n|\n|t:|1776214846\n|move|p2a: Aerodactyl|Dual Wingbeat|p1b: Gallade\n|-supereffective|p1b: Gallade|1\n|-damage|p1b: Gallade|49/100\n|-supereffective|p1b: Gallade|1\n|-damage|p1b: Gallade|3/100\n|-hitcount|p1b: Gallade|2\n|move|p1a: Talonflame|Brave Bird|p2b: Floette\n|-damage|p2b: Floette|27/100\n|-damage|p1a: Talonflame|17/100|[from] Recoil\n|move|p2b: Floette|Light of Ruin|p1a: Talonflame\n|-resisted|p1a: Talonflame|1\n|-damage|p1a: Talonflame|0 fnt\n|faint|p1a: Talonflame\n|-damage|p2b: Floette|19/100|[from] Recoil\n|move|p1b: Gallade|Sacred Sword|p2a: Aerodactyl\n|-enditem|p2a: Aerodactyl|Focus Sash\n|-damage|p2a: Aerodactyl|1/100\n|\n|-sideend|p2: Luigi10106|move: Tailwind\n|upkeep\n|\n|t:|1776214868\n|switch|p1a: Meowstic|Meowstic, L50, M|100/100\n|turn|5\n|\n|t:|1776214877\n|move|p2b: Floette|Protect|p2b: Floette\n|-singleturn|p2b: Floette|Protect\n|move|p1a: Meowstic|Fake Out|p2a: Aerodactyl\n|-resisted|p2a: Aerodactyl|1\n|-damage|p2a: Aerodactyl|0 fnt\n|faint|p2a: Aerodactyl\n|move|p1b: Gallade|Psycho Cut|p2b: Floette\n|-activate|p2b: Floette|move: Protect\n|\n|upkeep\n|\n|t:|1776214886\n|switch|p2a: Basculegion|Basculegion, L50, M|100/100\n|turn|6\n|\n|t:|1776214898\n|move|p1a: Meowstic|Psychic Terrain|p1a: Meowstic\n|-fieldstart|move: Psychic Terrain\n|move|p2a: Basculegion|Last Respects|p1a: Meowstic\n|-supereffective|p1a: Meowstic|1\n|-damage|p1a: Meowstic|0 fnt\n|faint|p1a: Meowstic\n|move|p1b: Gallade|Psycho Cut|p2b: Floette\n|-damage|p2b: Floette|0 fnt\n|faint|p2b: Floette\n|\n|-sideend|p1: sisi1|move: Tailwind\n|upkeep\n|\n|t:|1776214907\n|switch|p1a: Alakazam|Alakazam, L50, M|100/100\n|turn|7\n|\n|t:|1776214918\n|detailschange|p1a: Alakazam|Alakazam-Mega, L50, M\n|-mega|p1a: Alakazam|Alakazam|Alakazite\n|-ability|p1a: Alakazam|Adaptability|Trace|[from] ability: Trace|[of] p2a: Basculegion\n|move|p1a: Alakazam|Protect|p1a: Alakazam\n|-singleturn|p1a: Alakazam|Protect\n|move|p2a: Basculegion|Last Respects|p1a: Alakazam\n|-activate|p1a: Alakazam|move: Protect\n|move|p1b: Gallade|Psycho Cut|p2a: Basculegion\n|-crit|p2a: Basculegion\n|-damage|p2a: Basculegion|0 fnt\n|faint|p2a: Basculegion\n|\n|win|sisi1\n|raw|sisi1's rating: 1100 &rarr; <strong>1124</strong><br />(+24 for winning)\n|raw|Luigi10106's rating: 1084 &rarr; <strong>1062</strong><br />(-22 for losing)\n|l|\u2606Luigi10106\n|player|p2|\n",
  "uploadtime": 1776214936,
  "views": 32,
  "formatid": "gen9championsvgc2026regma",
  "rating": 1062,
  "private": 0,
  "password": null
}