{
  "id": "gen9championsvgc2026regma-2589505569",
  "format": "[Gen 9 Champions] VGC 2026 Reg M-A",
  "players": [
    "CreamyWeem",
    "bisquait"
  ],
  "log": "|j|\u2606CreamyWeem\n|j|\u2606bisquait\n|t:|1776729091\n|gametype|doubles\n|player|p1|CreamyWeem|cyrus|1039\n|player|p2|bisquait|birdkeeper-gen4dp|1000\n|gen|9\n|tier|[Gen 9 Champions] VGC 2026 Reg M-A\n|rated|\n|rule|Species Clause: Limit one of each Pok\u00e9mon\n|rule|Item Clause: Limit 1 of each item\n|clearpoke\n|poke|p1|Milotic, L50, M|\n|poke|p1|Rotom-Mow, L50|\n|poke|p1|Incineroar, L50, M|\n|poke|p1|Whimsicott, L50, M|\n|poke|p1|Lucario, L50, F|\n|poke|p1|Glimmora, L50, M|\n|poke|p2|Gengar, L50, F|\n|poke|p2|Alakazam, L50, M|\n|poke|p2|Tyranitar, L50, F|\n|poke|p2|Gallade, L50, M|\n|poke|p2|Ditto, L50|\n|poke|p2|Sinistcha-Masterpiece, L50|\n|teampreview|4\n|inactive|Battle timer is ON: inactive players will automatically lose when time's up. (requested by CreamyWeem)\n|\n|t:|1776729118\n|teamsize|p1|4\n|teamsize|p2|4\n|start\n|switch|p1a: Incineroar|Incineroar, L50, M|100/100\n|switch|p1b: Rotom|Rotom-Mow, L50|100/100\n|switch|p2a: Alakazam|Alakazam, L50, M|100/100\n|switch|p2b: Sinistcha|Sinistcha-Masterpiece, L50|100/100\n|-ability|p1a: Incineroar|Intimidate|boost\n|-unboost|p2a: Alakazam|atk|1\n|-unboost|p2b: Sinistcha|atk|1\n|turn|1\n|inactive|bisquait has 30 seconds left.\n|\n|t:|1776729144\n|detailschange|p2a: Alakazam|Alakazam-Mega, L50, M\n|-mega|p2a: Alakazam|Alakazam|Alakazite\n|-ability|p2a: Alakazam|Intimidate|Trace|[from] ability: Trace|[of] p1a: Incineroar\n|-ability|p2a: Alakazam|Intimidate|boost\n|-unboost|p1a: Incineroar|atk|1\n|-unboost|p1b: Rotom|atk|1\n|move|p2a: Alakazam|Focus Blast|p1a: Incineroar\n|-supereffective|p1a: Incineroar|1\n|-damage|p1a: Incineroar|6/100\n|-enditem|p1a: Incineroar|Sitrus Berry|[eat]\n|-heal|p1a: Incineroar|31/100|[from] item: Sitrus Berry\n|move|p2b: Sinistcha|Life Dew||[still]|[still]|[spread] \n|-fail|p2a: Alakazam|heal\n|-fail|p2b: Sinistcha|heal\n|move|p1b: Rotom|Volt Switch|p2a: Alakazam\n|-damage|p2a: Alakazam|63/100\n|\n|t:|1776729161\n|switch|p1b: Lucario|Lucario, L50, F|100/100|[from] Volt Switch\n|move|p1a: Incineroar|Throat Chop|p2b: Sinistcha\n|-supereffective|p2b: Sinistcha|1\n|-damage|p2b: Sinistcha|45/100\n|-start|p2b: Sinistcha|Throat Chop|[silent]\n|\n|-heal|p2b: Sinistcha|52/100|[from] item: Leftovers\n|upkeep\n|turn|2\n|\n|t:|1776729178\n|detailschange|p1b: Lucario|Lucario-Mega, L50, F\n|-mega|p1b: Lucario|Lucario|Lucarionite\n|move|p2a: Alakazam|Protect|p2a: Alakazam\n|-singleturn|p2a: Alakazam|Protect\n|move|p1b: Lucario|Protect|p1b: Lucario\n|-singleturn|p1b: Lucario|Protect\n|move|p2b: Sinistcha|Life Dew|p2b: Sinistcha|[spread] p2a,p2b\n|-heal|p2a: Alakazam|89/100\n|-heal|p2b: Sinistcha|77/100\n|move|p1a: Incineroar|Throat Chop|p2a: Alakazam\n|-activate|p2a: Alakazam|move: Protect\n|\n|-heal|p2b: Sinistcha|83/100|[from] item: Leftovers\n|-end|p2b: Sinistcha|Throat Chop|[silent]\n|upkeep\n|turn|3\n|l|\u2606bisquait\n|inactive|bisquait disconnected and has a minute to reconnect!\n|player|p2|\n|j|\u2606bisquait\n|inactive|bisquait reconnected and has 35 seconds left.\n|player|p2|bisquait|birdkeeper-gen4dp|\n|inactive|bisquait has 30 seconds left.\n|\n|t:|1776729211\n|move|p2a: Alakazam|Focus Blast|p1b: Lucario\n|-supereffective|p1b: Lucario|1\n|-damage|p1b: Lucario|0 fnt\n|faint|p1b: Lucario\n|move|p2b: Sinistcha|Life Dew|p2b: Sinistcha|[spread] p2a,p2b\n|-heal|p2a: Alakazam|100/100\n|-heal|p2b: Sinistcha|100/100\n|move|p1a: Incineroar|Throat Chop|p2b: Sinistcha\n|-supereffective|p2b: Sinistcha|1\n|-damage|p2b: Sinistcha|50/100\n|-start|p2b: Sinistcha|Throat Chop|[silent]\n|\n|-heal|p2b: Sinistcha|56/100|[from] item: Leftovers\n|upkeep\n|\n|t:|1776729226\n|switch|p1b: Glimmora|Glimmora, L50, M|100/100\n|turn|4\n|\n|t:|1776729236\n|move|p2a: Alakazam|Focus Blast|p1a: Incineroar\n|-supereffective|p1a: Incineroar|1\n|-damage|p1a: Incineroar|0 fnt\n|faint|p1a: Incineroar\n|move|p1b: Glimmora|Sludge Bomb|p2b: Sinistcha\n|-damage|p2b: Sinistcha|0 fnt\n|faint|p2b: Sinistcha\n|\n|upkeep\n|\n|t:|1776729250\n|switch|p2b: Ditto|Ditto, L50|100/100\n|switch|p1a: Rotom|Rotom-Mow, L50|100/100\n|turn|5\n|inactive|CreamyWeem has 30 seconds left.\n|inactive|bisquait has 30 seconds left.\n|\n|t:|1776729277\n|move|p2a: Alakazam|Psychic|p1b: Glimmora\n|-supereffective|p1b: Glimmora|1\n|-enditem|p1b: Glimmora|Focus Sash\n|-damage|p1b: Glimmora|1/100\n|move|p1b: Glimmora|Power Gem|p2a: Alakazam\n|-damage|p2a: Alakazam|54/100\n|move|p1a: Rotom|Leaf Storm|p2b: Ditto\n|-damage|p2b: Ditto|0 fnt\n|-unboost|p1a: Rotom|spa|2\n|faint|p2b: Ditto\n|\n|upkeep\n|\n|t:|1776729291\n|switch|p2b: Gallade|Gallade, L50, M|100/100\n|turn|6\n|\n|t:|1776729312\n|move|p1b: Glimmora|Spiky Shield|p1b: Glimmora\n|-singleturn|p1b: Glimmora|move: Protect\n|move|p2a: Alakazam|Psychic|p1b: Glimmora\n|-activate|p1b: Glimmora|move: Protect\n|move|p2b: Gallade|Close Combat|p1a: Rotom\n|-damage|p1a: Rotom|41/100\n|-unboost|p2b: Gallade|def|1\n|-unboost|p2b: Gallade|spd|1\n|move|p1a: Rotom|Leaf Storm|p2a: Alakazam\n|-damage|p2a: Alakazam|20/100\n|-unboost|p1a: Rotom|spa|2\n|\n|upkeep\n|turn|7\n|inactive|bisquait has 30 seconds left.\n|inactive|bisquait has 20 seconds left.\n|\n|t:|1776729351\n|move|p2a: Alakazam|Focus Blast|p1b: Glimmora\n|-damage|p1b: Glimmora|0 fnt\n|faint|p1b: Glimmora\n|move|p2b: Gallade|Close Combat|p1a: Rotom\n|-damage|p1a: Rotom|0 fnt\n|-unboost|p2b: Gallade|def|1\n|-unboost|p2b: Gallade|spd|1\n|faint|p1a: Rotom\n|\n|win|bisquait\n|raw|CreamyWeem's rating: 1039 &rarr; <strong>1021</strong><br />(-18 for losing)\n|raw|bisquait's rating: 1000 &rarr; <strong>1044</strong><br />(+44 for winning)\n|l|\u2606CreamyWeem\n|player|p1|\n",
  "uploadtime": 1776729384,
  "views": 14,
  "formatid": "gen9championsvgc2026regma",
  "rating": 1021,
  "private": 0,
  "password": null
}