{
  "id": "gen9championsvgc2026regma-2581028832",
  "format": "[Gen 9 Champions] VGC 2026 Reg M-A",
  "players": [
    "alek2tt",
    "KrosFace"
  ],
  "log": "|j|\u2606alek2tt\n|j|\u2606KrosFace\n|t:|1775953178\n|gametype|doubles\n|player|p1|alek2tt|steven|1000\n|player|p2|KrosFace|102|1083\n|gen|9\n|tier|[Gen 9 Champions] VGC 2026 Reg M-A\n|rated|\n|rule|Species Clause: Limit one of each Pok\u00e9mon\n|rule|Item Clause: Limit 1 of each item\n|clearpoke\n|poke|p1|Florges, L50, F|\n|poke|p1|Tsareena, L50, F|\n|poke|p1|Talonflame, L50, F|\n|poke|p1|Meowstic, L50, M|\n|poke|p1|Scovillain, L50, F|\n|poke|p1|Sneasler, L50, F|\n|poke|p2|Froslass, L50, F|\n|poke|p2|Glaceon, L50, F|\n|poke|p2|Incineroar, L50, F|\n|poke|p2|Tauros-Paldea-Aqua, L50, M|\n|poke|p2|Talonflame, L50, F|\n|poke|p2|Tyranitar, L50, M|\n|teampreview|4\n|\n|t:|1775953223\n|teamsize|p1|4\n|teamsize|p2|4\n|start\n|switch|p1a: Sneasler|Sneasler, L50, F|100/100\n|switch|p1b: Meowstic|Meowstic, L50, M|100/100\n|switch|p2a: Froslass|Froslass, L50, F|100/100\n|switch|p2b: Glaceon|Glaceon, L50, F|100/100\n|turn|1\n|\n|t:|1775953245\n|detailschange|p2a: Froslass|Froslass-Mega, L50, F\n|-mega|p2a: Froslass|Froslass|Froslassite\n|-weather|Snowscape|[from] ability: Snow Warning|[of] p2a: Froslass\n|move|p1b: Meowstic|Light Screen|p1b: Meowstic\n|-sidestart|p1: alek2tt|move: Light Screen\n|move|p2a: Froslass|Aurora Veil|p2a: Froslass\n|-sidestart|p2: KrosFace|move: Aurora Veil\n|move|p1a: Sneasler|Close Combat|p2b: Glaceon|[miss]\n|-miss|p1a: Sneasler|p2b: Glaceon\n|move|p2b: Glaceon|Blizzard|p1a: Sneasler|[spread] p1a,p1b\n|-damage|p1a: Sneasler|57/100\n|-damage|p1b: Meowstic|59/100\n|\n|-weather|Snowscape|[upkeep]\n|upkeep\n|turn|2\n|\n|t:|1775953273\n|detailschange|p1b: Meowstic|Meowstic-M-Mega, L50, M\n|-mega|p1b: Meowstic|Meowstic|Meowsticite\n|-ability|p1b: Meowstic|Snow Cloak|Trace|[from] ability: Trace|[of] p2b: Glaceon\n|move|p1b: Meowstic|Psychic|p2a: Froslass\n|-damage|p2a: Froslass|58/100\n|move|p2a: Froslass|Blizzard|p1a: Sneasler|[spread] p1a,p1b\n|-crit|p1a: Sneasler\n|-damage|p1a: Sneasler|0 fnt\n|-damage|p1b: Meowstic|27/100\n|faint|p1a: Sneasler\n|move|p2b: Glaceon|Blizzard|p1b: Meowstic\n|-damage|p1b: Meowstic|0 fnt\n|faint|p1b: Meowstic\n|\n|-weather|Snowscape|[upkeep]\n|upkeep\n|\n|t:|1775953286\n|switch|p1b: Scovillain|Scovillain, L50, F|100/100\n|switch|p1a: Talonflame|Talonflame, L50, F|100/100\n|turn|3\n|\n|t:|1775953295\n|move|p1a: Talonflame|Tailwind|p1a: Talonflame\n|-sidestart|p1: alek2tt|move: Tailwind\n|move|p1b: Scovillain|Flamethrower|p2a: Froslass\n|-supereffective|p2a: Froslass|1\n|-damage|p2a: Froslass|5/100\n|move|p2a: Froslass|Blizzard|p1b: Scovillain|[spread] p1a,p1b\n|-damage|p1a: Talonflame|62/100\n|-damage|p1b: Scovillain|67/100\n|move|p2b: Glaceon|Blizzard|p1a: Talonflame|[spread] p1a,p1b\n|-damage|p1a: Talonflame|25/100\n|-damage|p1b: Scovillain|32/100\n|-enditem|p1a: Talonflame|Sitrus Berry|[eat]\n|-heal|p1a: Talonflame|50/100|[from] item: Sitrus Berry\n|\n|-weather|Snowscape|[upkeep]\n|-ability|p1b: Scovillain|Moody|boost\n|-boost|p1b: Scovillain|spd|2\n|-unboost|p1b: Scovillain|spe|1\n|upkeep\n|turn|4\n|\n|t:|1775953310\n|move|p1a: Talonflame|Acrobatics|p2a: Froslass\n|-damage|p2a: Froslass|0 fnt\n|faint|p2a: Froslass\n|move|p1b: Scovillain|Flamethrower|p2b: Glaceon\n|-supereffective|p2b: Glaceon|1\n|-damage|p2b: Glaceon|43/100\n|move|p2b: Glaceon|Blizzard|p1a: Talonflame|[spread] p1a,p1b\n|-damage|p1a: Talonflame|8/100\n|-damage|p1b: Scovillain|13/100\n|\n|-weather|Snowscape|[upkeep]\n|-ability|p1b: Scovillain|Moody|boost\n|-boost|p1b: Scovillain|spa|2\n|-unboost|p1b: Scovillain|spd|1\n|upkeep\n|\n|t:|1775953316\n|switch|p2a: Talonflame|Talonflame, L50, F|100/100\n|turn|5\n|\n|t:|1775953327\n|move|p1b: Scovillain|Protect|p1b: Scovillain\n|-singleturn|p1b: Scovillain|Protect\n|move|p2a: Talonflame|Acrobatics|p1b: Scovillain\n|-activate|p1b: Scovillain|move: Protect\n|move|p2b: Glaceon|Quick Attack|p1a: Talonflame\n|-damage|p1a: Talonflame|0 fnt\n|faint|p1a: Talonflame\n|\n|-weather|none\n|-sideend|p1: alek2tt|move: Light Screen\n|-sideend|p2: KrosFace|move: Aurora Veil\n|-ability|p1b: Scovillain|Moody|boost\n|-boost|p1b: Scovillain|atk|2\n|-unboost|p1b: Scovillain|spd|1\n|upkeep\n|turn|6\n|\n|t:|1775953344\n|move|p2a: Talonflame|Acrobatics|p1b: Scovillain\n|-supereffective|p1b: Scovillain|1\n|-crit|p1b: Scovillain\n|-damage|p1b: Scovillain|0 fnt\n|faint|p1b: Scovillain\n|\n|win|KrosFace\n|raw|alek2tt's rating: 1000 &rarr; <strong>1000</strong><br />(+0 for losing)\n|raw|KrosFace's rating: 1083 &rarr; <strong>1104</strong><br />(+21 for winning)\n|l|\u2606alek2tt\n|player|p1|\n",
  "uploadtime": 1775953360,
  "views": 15,
  "formatid": "gen9championsvgc2026regma",
  "rating": 1000,
  "private": 0,
  "password": null
}