{
  "id": "gen9championsvgc2026regma-2580652946",
  "format": "[Gen 9 Champions] VGC 2026 Reg M-A",
  "players": [
    "PinkScourge",
    "moonone"
  ],
  "log": "|j|\u2606PinkScourge\n|j|\u2606moonone\n|t:|1775921537\n|gametype|doubles\n|player|p1|PinkScourge|bede-masters|1153\n|player|p2|moonone|266|1204\n|gen|9\n|tier|[Gen 9 Champions] VGC 2026 Reg M-A\n|rated|\n|rule|Species Clause: Limit one of each Pok\u00e9mon\n|rule|Item Clause: Limit 1 of each item\n|clearpoke\n|poke|p1|Delphox, L50, M|\n|poke|p1|Meowstic, L50, M|\n|poke|p1|Torkoal, L50, M|\n|poke|p1|Alakazam, L50, M|\n|poke|p1|Maushold-Four, L50|\n|poke|p1|Venusaur, L50, M|\n|poke|p2|Gengar, L50, M|\n|poke|p2|Basculegion, L50, M|\n|poke|p2|Incineroar, L50, F|\n|poke|p2|Pelipper, L50, F|\n|poke|p2|Kingambit, L50, M|\n|poke|p2|Kommo-o, L50, M|\n|teampreview|4\n|inactive|Battle timer is ON: inactive players will automatically lose when time's up. (requested by PinkScourge)\n|\n|t:|1775921567\n|teamsize|p1|4\n|teamsize|p2|4\n|start\n|switch|p1a: Delphox|Delphox, L50, M|100/100\n|switch|p1b: Meowstic|Meowstic, L50, M|100/100\n|switch|p2a: Gengar|Gengar, L50, M, shiny|100/100\n|switch|p2b: Basculegion|Basculegion, L50, M|100/100\n|turn|1\n|\n|t:|1775921589\n|switch|p1b: Maushold|Maushold-Four, L50|100/100\n|detailschange|p2a: Gengar|Gengar-Mega, L50, M, shiny\n|-mega|p2a: Gengar|Gengar|Gengarite\n|detailschange|p1a: Delphox|Delphox-Mega, L50, M\n|-mega|p1a: Delphox|Delphox|Delphoxite\n|move|p1a: Delphox|Protect|p1a: Delphox\n|-singleturn|p1a: Delphox|Protect\n|move|p2a: Gengar|Protect|p2a: Gengar\n|-singleturn|p2a: Gengar|Protect\n|move|p2b: Basculegion|Flip Turn|p1b: Maushold\n|-damage|p1b: Maushold|47/100\n|inactive|moonone has 30 seconds left.\n|\n|t:|1775921618\n|switch|p2b: Pelipper|Pelipper, L50, F|100/100|[from] Flip Turn\n|-weather|RainDance|[from] ability: Drizzle|[of] p2b: Pelipper\n|\n|-weather|RainDance|[upkeep]\n|upkeep\n|turn|2\n|\n|t:|1775921630\n|switch|p2a: Kingambit|Kingambit, L50, M|100/100\n|move|p1a: Delphox|Expanding Force|p2a: Kingambit\n|-immune|p2a: Kingambit\n|move|p1b: Maushold|Population Bomb|p2b: Pelipper\n|-damage|p2b: Pelipper|95/100\n|-damage|p2b: Pelipper|89/100\n|-damage|p2b: Pelipper|83/100\n|-damage|p2b: Pelipper|78/100\n|-hitcount|p2b: Pelipper|4\n|move|p2b: Pelipper|Hurricane|p1b: Maushold\n|-damage|p1b: Maushold|4/100\n|\n|-weather|RainDance|[upkeep]\n|upkeep\n|turn|3\n|inactive|PinkScourge has 30 seconds left.\n|\n|t:|1775921656\n|switch|p1a: Torkoal|Torkoal, L50, M|100/100\n|-weather|SunnyDay|[from] ability: Drought|[of] p1a: Torkoal\n|move|p1b: Maushold|Protect|p1b: Maushold\n|-singleturn|p1b: Maushold|Protect\n|move|p2b: Pelipper|U-turn|p1b: Maushold\n|-activate|p1b: Maushold|move: Protect\n|move|p2a: Kingambit|Kowtow Cleave|p1a: Torkoal\n|-damage|p1a: Torkoal|74/100\n|\n|-weather|SunnyDay|[upkeep]\n|upkeep\n|turn|4\n|inactive|moonone has 30 seconds left.\n|\n|t:|1775921686\n|switch|p1b: Meowstic|Meowstic, L50, M|100/100\n|switch|p2b: Basculegion|Basculegion, L50, M|100/100\n|move|p2a: Kingambit|Protect|p2a: Kingambit\n|-singleturn|p2a: Kingambit|Protect\n|move|p1a: Torkoal|Heat Wave|p2a: Kingambit|[spread] p2b\n|-activate|p2a: Kingambit|move: Protect\n|-resisted|p2b: Basculegion|1\n|-damage|p2b: Basculegion|71/100\n|\n|-weather|SunnyDay|[upkeep]\n|upkeep\n|turn|5\n|inactive|PinkScourge has 30 seconds left.\n|inactive|moonone has 30 seconds left.\n|inactive|moonone has 20 seconds left.\n|\n|t:|1775921722\n|move|p1b: Meowstic|Gravity|p1b: Meowstic\n|-fieldstart|move: Gravity\n|move|p2b: Basculegion|Flip Turn|p1b: Meowstic\n|-damage|p1b: Meowstic|71/100\n|\n|t:|1775921729\n|switch|p2b: Pelipper|Pelipper, L50, F|78/100|[from] Flip Turn\n|-weather|RainDance|[from] ability: Drizzle|[of] p2b: Pelipper\n|move|p2a: Kingambit|Kowtow Cleave|p1a: Torkoal\n|-damage|p1a: Torkoal|38/100\n|move|p1a: Torkoal|Inferno|p2a: Kingambit\n|-supereffective|p2a: Kingambit|1\n|-damage|p2a: Kingambit|45/100\n|-status|p2a: Kingambit|brn\n|\n|-weather|RainDance|[upkeep]\n|-damage|p2a: Kingambit|39/100 brn|[from] brn\n|upkeep\n|turn|6\n|inactive|moonone has 30 seconds left.\n|\n|t:|1775921755\n|switch|p1a: Maushold|Maushold-Four, L50|4/100\n|move|p1b: Meowstic|Psychic Terrain|p1b: Meowstic\n|-fieldstart|move: Psychic Terrain\n|move|p2b: Pelipper|Hurricane|p1a: Maushold\n|-damage|p1a: Maushold|0 fnt\n|faint|p1a: Maushold\n|move|p2a: Kingambit|Kowtow Cleave|p1b: Meowstic\n|-supereffective|p1b: Meowstic|1\n|-damage|p1b: Meowstic|0 fnt\n|faint|p1b: Meowstic\n|\n|-weather|RainDance|[upkeep]\n|-damage|p2a: Kingambit|33/100 brn|[from] brn\n|upkeep\n|\n|t:|1775921767\n|switch|p1a: Delphox|Delphox-Mega, L50, M|100/100\n|switch|p1b: Torkoal|Torkoal, L50, M|38/100\n|-weather|SunnyDay|[from] ability: Drought|[of] p1b: Torkoal\n|turn|7\n|\n|t:|1775921789\n|move|p2b: Pelipper|Wide Guard|p2b: Pelipper\n|-singleturn|p2b: Pelipper|Wide Guard\n|move|p1a: Delphox|Hypnosis|p2b: Pelipper\n|-status|p2b: Pelipper|slp|[from] move: Hypnosis\n|move|p2a: Kingambit|Kowtow Cleave|p1a: Delphox\n|-supereffective|p1a: Delphox|1\n|-damage|p1a: Delphox|28/100\n|move|p1b: Torkoal|Heat Wave|p2a: Kingambit|[spread] \n|-activate|p2a: Kingambit|move: Wide Guard\n|-activate|p2b: Pelipper|move: Wide Guard\n|\n|-weather|SunnyDay|[upkeep]\n|-damage|p2a: Kingambit|27/100 brn|[from] brn\n|upkeep\n|turn|8\n|\n|t:|1775921813\n|move|p2a: Kingambit|Protect|p2a: Kingambit\n|-singleturn|p2a: Kingambit|Protect\n|move|p1a: Delphox|Heat Wave|p2b: Pelipper|[spread] p2b\n|-activate|p2a: Kingambit|move: Protect\n|-resisted|p2b: Pelipper|1\n|-damage|p2b: Pelipper|33/100 slp\n|cant|p2b: Pelipper|slp\n|move|p1b: Torkoal|Inferno|p2b: Pelipper\n|-resisted|p2b: Pelipper|1\n|-damage|p2b: Pelipper|0 fnt\n|faint|p2b: Pelipper\n|\n|-weather|SunnyDay|[upkeep]\n|-damage|p2a: Kingambit|20/100 brn|[from] brn\n|upkeep\n|\n|t:|1775921829\n|switch|p2b: Gengar|Gengar-Mega, L50, M, shiny|100/100\n|turn|9\n|\n|t:|1775921843\n|move|p2a: Kingambit|Sucker Punch|p1a: Delphox\n|-activate|p1a: Delphox|move: Psychic Terrain\n|move|p1a: Delphox|Heat Wave|p2b: Gengar|[spread] p2a,p2b\n|-supereffective|p2a: Kingambit|1\n|-damage|p2a: Kingambit|0 fnt\n|-damage|p2b: Gengar|20/100\n|faint|p2a: Kingambit\n|move|p2b: Gengar|Shadow Ball|p1b: Torkoal\n|-damage|p1b: Torkoal|0 fnt\n|faint|p1b: Torkoal\n|\n|-weather|SunnyDay|[upkeep]\n|-fieldend|move: Gravity\n|upkeep\n|\n|t:|1775921854\n|switch|p2a: Basculegion|Basculegion, L50, M|71/100\n|turn|10\n|\n|t:|1775921874\n|move|p2a: Basculegion|Aqua Jet|p1a: Delphox\n|-hint|Psychic Terrain doesn't affect airborne Pok\u00e9mon.\n|-supereffective|p1a: Delphox|1\n|-damage|p1a: Delphox|0 fnt\n|faint|p1a: Delphox\n|\n|win|moonone\n|raw|PinkScourge's rating: 1153 &rarr; <strong>1132</strong><br />(-21 for losing)\n|raw|moonone's rating: 1204 &rarr; <strong>1225</strong><br />(+21 for winning)\n|l|\u2606PinkScourge\n|player|p1|\n",
  "uploadtime": 1775921916,
  "views": 23,
  "formatid": "gen9championsvgc2026regma",
  "rating": 1132,
  "private": 0,
  "password": null
}