{
  "id": "gen9championsvgc2026regma-2584021428",
  "format": "[Gen 9 Champions] VGC 2026 Reg M-A",
  "players": [
    "JasmineThia",
    "Osdkiller"
  ],
  "log": "|j|\u2606JasmineThia\n|j|\u2606Osdkiller\n|t:|1776217515\n|gametype|doubles\n|player|p1|JasmineThia|selene-masters2|1105\n|player|p2|Osdkiller|roxanne|1167\n|gen|9\n|tier|[Gen 9 Champions] VGC 2026 Reg M-A\n|rated|\n|rule|Species Clause: Limit one of each Pok\u00e9mon\n|rule|Item Clause: Limit 1 of each item\n|clearpoke\n|poke|p1|Chandelure, L50, F|\n|poke|p1|Whimsicott, L50, F|\n|poke|p1|Quaquaval, L50, F|\n|poke|p1|Orthworm, L50, M|\n|poke|p1|Garchomp, L50, M|\n|poke|p1|Vivillon-Elegant, L50, F|\n|poke|p2|Froslass, L50, F|\n|poke|p2|Incineroar, L50, M|\n|poke|p2|Rotom-Frost, L50|\n|poke|p2|Garchomp, L50, M|\n|poke|p2|Basculegion, L50, M|\n|poke|p2|Orthworm, L50, M|\n|teampreview|4\n|inactive|Battle timer is ON: inactive players will automatically lose when time's up. (requested by JasmineThia)\n|inactive|Osdkiller has 60 seconds left.\n|\n|t:|1776217547\n|teamsize|p1|4\n|teamsize|p2|4\n|start\n|switch|p1a: Whimsicott|Whimsicott, L50, F|100/100\n|switch|p1b: Vivillon|Vivillon-Elegant, L50, F, shiny|100/100\n|switch|p2a: Incineroar|Incineroar, L50, M|100/100\n|switch|p2b: Basculegion|Basculegion, L50, M|100/100\n|-ability|p2a: Incineroar|Intimidate|boost\n|-unboost|p1a: Whimsicott|atk|1\n|-unboost|p1b: Vivillon|atk|1\n|turn|1\n|inactive|Osdkiller has 30 seconds left.\n|\n|t:|1776217577\n|move|p1a: Whimsicott|Protect|p1a: Whimsicott\n|-singleturn|p1a: Whimsicott|Protect\n|move|p2a: Incineroar|Fake Out|p1a: Whimsicott\n|-activate|p1a: Whimsicott|move: Protect\n|move|p2b: Basculegion|Flip Turn|p1b: Vivillon\n|-damage|p1b: Vivillon|27/100\n|\n|t:|1776217584\n|switch|p2b: Froslass|Froslass, L50, F, shiny|100/100|[from] Flip Turn\n|move|p1b: Vivillon|Sleep Powder|p2b: Froslass\n|-status|p2b: Froslass|slp|[from] move: Sleep Powder\n|\n|upkeep\n|turn|2\n|\n|t:|1776217603\n|switch|p1a: Quaquaval|Quaquaval, L50, F|100/100\n|detailschange|p2b: Froslass|Froslass-Mega, L50, F, shiny\n|-mega|p2b: Froslass|Froslass|Froslassite\n|-weather|Snowscape|[from] ability: Snow Warning|[of] p2b: Froslass\n|cant|p2b: Froslass|slp\n|move|p1b: Vivillon|Sleep Powder|p2a: Incineroar\n|-status|p2a: Incineroar|slp|[from] move: Sleep Powder\n|cant|p2a: Incineroar|slp\n|\n|-weather|Snowscape|[upkeep]\n|upkeep\n|turn|3\n|\n|t:|1776217618\n|cant|p2b: Froslass|slp\n|move|p1b: Vivillon|Hurricane|p2b: Froslass\n|-damage|p2b: Froslass|49/100 slp\n|move|p1a: Quaquaval|Aqua Step|p2b: Froslass\n|-damage|p2b: Froslass|4/100 slp\n|-boost|p1a: Quaquaval|spe|1\n|cant|p2a: Incineroar|slp\n|\n|-weather|Snowscape|[upkeep]\n|upkeep\n|turn|4\n|\n|t:|1776217635\n|-curestatus|p2b: Froslass|slp|[msg]\n|move|p2b: Froslass|Protect|p2b: Froslass\n|-singleturn|p2b: Froslass|Protect\n|move|p1b: Vivillon|Protect|p1b: Vivillon\n|-singleturn|p1b: Vivillon|Protect\n|move|p1a: Quaquaval|Aqua Step|p2a: Incineroar\n|-supereffective|p2a: Incineroar|1\n|-damage|p2a: Incineroar|11/100 slp\n|-boost|p1a: Quaquaval|spe|1\n|-curestatus|p2a: Incineroar|slp|[msg]\n|move|p2a: Incineroar|Parting Shot|p1a: Quaquaval\n|-unboost|p1a: Quaquaval|atk|1\n|-unboost|p1a: Quaquaval|spa|1\n|\n|t:|1776217650\n|switch|p2a: Basculegion|Basculegion, L50, M|100/100|[from] Parting Shot\n|\n|-weather|Snowscape|[upkeep]\n|upkeep\n|turn|5\n|\n|t:|1776217665\n|switch|p2b: Incineroar|Incineroar, L50, M|11/100\n|-ability|p2b: Incineroar|Intimidate|boost\n|-unboost|p1a: Quaquaval|atk|1\n|-unboost|p1b: Vivillon|atk|1\n|move|p2a: Basculegion|Aqua Jet|p1b: Vivillon\n|-damage|p1b: Vivillon|0 fnt\n|faint|p1b: Vivillon\n|move|p1a: Quaquaval|Aqua Step|p2b: Incineroar\n|-supereffective|p2b: Incineroar|1\n|-damage|p2b: Incineroar|0 fnt\n|-boost|p1a: Quaquaval|spe|1\n|faint|p2b: Incineroar\n|-ability|p1a: Quaquaval|Moxie|boost\n|-boost|p1a: Quaquaval|atk|1\n|\n|-weather|Snowscape|[upkeep]\n|upkeep\n|\n|t:|1776217676\n|switch|p1b: Whimsicott|Whimsicott, L50, F|100/100\n|switch|p2b: Rotom|Rotom-Frost, L50|100/100\n|turn|6\n|\n|t:|1776217694\n|switch|p2a: Froslass|Froslass-Mega, L50, F, shiny|4/100\n|move|p1b: Whimsicott|Tailwind|p1b: Whimsicott\n|-sidestart|p1: JasmineThia|move: Tailwind\n|move|p1a: Quaquaval|Close Combat|p2b: Rotom\n|-supereffective|p2b: Rotom|1\n|-damage|p2b: Rotom|27/100\n|-unboost|p1a: Quaquaval|def|1\n|-unboost|p1a: Quaquaval|spd|1\n|move|p2b: Rotom|Volt Switch|p1a: Quaquaval\n|-supereffective|p1a: Quaquaval|1\n|-damage|p1a: Quaquaval|0 fnt\n|faint|p1a: Quaquaval\n|\n|t:|1776217706\n|switch|p2b: Basculegion|Basculegion, L50, M|100/100|[from] Volt Switch\n|\n|-weather|none\n|upkeep\n|\n|t:|1776217708\n|switch|p1a: Chandelure|Chandelure, L50, F|100/100\n|turn|7\n|inactive|Osdkiller has 30 seconds left.\n|\n|t:|1776217736\n|detailschange|p1a: Chandelure|Chandelure-Mega, L50, F\n|-mega|p1a: Chandelure|Chandelure|Chandelurite\n|move|p2a: Froslass|Protect|p2a: Froslass\n|-singleturn|p2a: Froslass|Protect\n|move|p2b: Basculegion|Aqua Jet|p1a: Chandelure\n|-supereffective|p1a: Chandelure|1\n|-damage|p1a: Chandelure|32/100\n|move|p1a: Chandelure|Shadow Ball|p2b: Basculegion\n|-supereffective|p2b: Basculegion|1\n|-damage|p2b: Basculegion|0 fnt\n|faint|p2b: Basculegion\n|move|p1b: Whimsicott|Moonblast|p2a: Froslass\n|-activate|p2a: Froslass|move: Protect\n|\n|upkeep\n|\n|t:|1776217744\n|switch|p2b: Rotom|Rotom-Frost, L50|27/100\n|turn|8\n|\n|t:|1776217755\n|move|p2b: Rotom|Protect|p2b: Rotom\n|-singleturn|p2b: Rotom|Protect\n|move|p1b: Whimsicott|Encore|p2a: Froslass\n|-start|p2a: Froslass|Encore\n|move|p2a: Froslass|Protect||[still]\n|-fail|p2a: Froslass\n|move|p1a: Chandelure|Shadow Ball|p2b: Rotom\n|-activate|p2b: Rotom|move: Protect\n|\n|upkeep\n|turn|9\n|inactive|Osdkiller has 30 seconds left.\n|\n|t:|1776217781\n|move|p2a: Froslass|Protect|p2a: Froslass\n|-singleturn|p2a: Froslass|Protect\n|move|p1b: Whimsicott|Encore|p2b: Rotom\n|-start|p2b: Rotom|Encore\n|move|p2b: Rotom|Protect||[still]\n|-fail|p2b: Rotom\n|move|p1a: Chandelure|Substitute|p1a: Chandelure\n|-start|p1a: Chandelure|Substitute\n|-damage|p1a: Chandelure|8/100\n|\n|-sideend|p1: JasmineThia|move: Tailwind\n|upkeep\n|turn|10\n|\n|t:|1776217790\n|move|p2a: Froslass|Protect|p2a: Froslass\n|-singleturn|p2a: Froslass|Protect\n|move|p2b: Rotom|Protect|p2b: Rotom\n|-singleturn|p2b: Rotom|Protect\n|move|p1b: Whimsicott|Tailwind|p1b: Whimsicott\n|-sidestart|p1: JasmineThia|move: Tailwind\n|move|p1a: Chandelure|Heat Wave|p2b: Rotom|[spread] \n|-activate|p2a: Froslass|move: Protect\n|-activate|p2b: Rotom|move: Protect\n|\n|-end|p2a: Froslass|Encore\n|upkeep\n|turn|11\n|-message|Osdkiller forfeited.\n|\n|win|JasmineThia\n|raw|JasmineThia's rating: 1131 &rarr; <strong>1159</strong><br />(+28 for winning)\n|raw|Osdkiller's rating: 1167 &rarr; <strong>1139</strong><br />(-28 for losing)\n|l|\u2606Osdkiller\n|player|p2|\n",
  "uploadtime": 1776217797,
  "views": 18,
  "formatid": "gen9championsvgc2026regma",
  "rating": 1139,
  "private": 0,
  "password": null
}