{
  "id": "gen9championsvgc2026regma-2582902851",
  "format": "[Gen 9 Champions] VGC 2026 Reg M-A",
  "players": [
    "alexit93",
    "Morrocan AXL BLAZE"
  ],
  "log": "|j|\u2606alexit93\n|j|\u2606Morrocan AXL BLAZE\n|t:|1776123517\n|gametype|doubles\n|player|p1|alexit93|lucas-gen4pt|1129\n|player|p2|Morrocan AXL BLAZE|nate|1151\n|gen|9\n|tier|[Gen 9 Champions] VGC 2026 Reg M-A\n|rated|\n|rule|Species Clause: Limit one of each Pok\u00e9mon\n|rule|Item Clause: Limit 1 of each item\n|clearpoke\n|poke|p1|Torterra, L50, M|\n|poke|p1|Rampardos, L50, M|\n|poke|p1|Tyranitar, L50, M|\n|poke|p1|Excadrill, L50, M|\n|poke|p1|Incineroar, L50, M|\n|poke|p1|Whimsicott, L50, M|\n|poke|p2|Tyranitar, L50, M|\n|poke|p2|Excadrill, L50, M|\n|poke|p2|Corviknight, L50, F|\n|poke|p2|Gyarados, L50, F|\n|poke|p2|Rotom-Heat, L50|\n|poke|p2|Sinistcha, L50|\n|teampreview|4\nMorrocan AXL BLAZE has agreed to open team sheets.\nalexit93 has agreed to open team sheets.\n|showteam|p1|Torterra||WhiteHerb|ShellArmor|ShellSmash,HeadlongRush,WoodHammer,Protect|||M|||50|]Rampardos||ChoiceScarf|SheerForce|RockSlide,IronHead,Crunch,FirePunch|||M|||50|]Tyranitar||Tyranitarite|SandStream|Crunch,RockSlide,HighHorsepower,Protect|||M|||50|]Excadrill||SoftSand|SandRush|Earthquake,IronHead,SwordsDance,Protect|||M|||50|]Incineroar||SitrusBerry|Intimidate|FakeOut,DarkestLariat,PartingShot,FlareBlitz|||M|||50|]Whimsicott||FocusSash|Prankster|Moonblast,Tailwind,Encore,Protect|||M|||50|\n|showteam|p2|Tyranitar||Tyranitarite|SandStream|RockSlide,Crunch,LowKick,Protect|||M|||50|]Excadrill||FocusSash|SandRush|Earthquake,IronHead,HighHorsepower,Protect|||M|||50|]Corviknight||Leftovers|MirrorArmor|BraveBird,Tailwind,IronHead,Protect|||F|||50|]Gyarados||WacanBerry|Intimidate|Waterfall,Taunt,ThunderWave,Protect|||F|||50|]Rotom-Heat||SitrusBerry|Levitate|VoltSwitch,Overheat,WillOWisp,Electroweb||||||50|]Sinistcha||KasibBerry|Hospitality|MatchaGotcha,LifeDew,RagePowder,Protect||||||50|\n|\n|t:|1776123542\n|teamsize|p1|4\n|teamsize|p2|4\n|start\n|switch|p1a: Rampardos|Rampardos, L50, M, shiny|100/100\n|switch|p1b: Whimsicott|Whimsicott, L50, M|100/100\n|switch|p2a: Rotom|Rotom-Heat, L50, shiny|100/100\n|switch|p2b: Corviknight|Corviknight, L50, F|100/100\n|turn|1\n|\n|t:|1776123558\n|move|p1b: Whimsicott|Tailwind|p1b: Whimsicott\n|-sidestart|p1: alexit93|move: Tailwind\n|move|p1a: Rampardos|Rock Slide|p2b: Corviknight|[spread] p2a,p2b\n|-supereffective|p2a: Rotom|1\n|-damage|p2a: Rotom|0 fnt\n|-damage|p2b: Corviknight|55/100\n|faint|p2a: Rotom\n|move|p2b: Corviknight|Tailwind|p2b: Corviknight\n|-sidestart|p2: Morrocan AXL BLAZE|move: Tailwind\n|\n|-heal|p2b: Corviknight|61/100|[from] item: Leftovers\n|upkeep\n|\n|t:|1776123561\n|switch|p2a: Excadrill|Excadrill, L50, M|100/100\n|turn|2\n|\n|t:|1776123571\n|switch|p1a: Excadrill|Excadrill, L50, M|100/100\n|move|p1b: Whimsicott|Encore|p2b: Corviknight\n|-start|p2b: Corviknight|Encore\n|move|p2a: Excadrill|Earthquake|p1a: Excadrill|[spread] p1a,p1b\n|-immune|p2b: Corviknight\n|-supereffective|p1a: Excadrill|1\n|-resisted|p1b: Whimsicott|1\n|-damage|p1a: Excadrill|0 fnt\n|-damage|p1b: Whimsicott|73/100\n|faint|p1a: Excadrill\n|move|p2b: Corviknight|Tailwind||[still]\n|-fail|p2b: Corviknight\n|\n|-heal|p2b: Corviknight|67/100|[from] item: Leftovers\n|upkeep\n|\n|t:|1776123576\n|switch|p1a: Rampardos|Rampardos, L50, M, shiny|100/100\n|turn|3\n|\n|t:|1776123584\n|switch|p2b: Tyranitar|Tyranitar, L50, M, shiny|100/100\n|-weather|Sandstorm|[from] ability: Sand Stream|[of] p2b: Tyranitar\n|move|p2a: Excadrill|High Horsepower|p1a: Rampardos\n|-supereffective|p1a: Rampardos|1\n|-damage|p1a: Rampardos|0 fnt\n|faint|p1a: Rampardos\n|move|p1b: Whimsicott|Moonblast|p2a: Excadrill\n|-resisted|p2a: Excadrill|1\n|-damage|p2a: Excadrill|77/100\n|-unboost|p2a: Excadrill|spa|1\n|\n|-weather|Sandstorm|[upkeep]\n|-damage|p1b: Whimsicott|67/100|[from] Sandstorm\n|upkeep\n|\n|t:|1776123590\n|switch|p1a: Tyranitar|Tyranitar, L50, M|100/100\n|turn|4\n|\n|t:|1776123597\n|switch|p2b: Corviknight|Corviknight, L50, F|67/100\n|move|p1b: Whimsicott|Protect|p1b: Whimsicott\n|-singleturn|p1b: Whimsicott|Protect\n|move|p1a: Tyranitar|Protect|p1a: Tyranitar\n|-singleturn|p1a: Tyranitar|Protect\n|move|p2a: Excadrill|Iron Head|p1b: Whimsicott\n|-activate|p1b: Whimsicott|move: Protect\n|\n|-weather|Sandstorm|[upkeep]\n|-damage|p1b: Whimsicott|61/100|[from] Sandstorm\n|-heal|p2b: Corviknight|73/100|[from] item: Leftovers\n|-sideend|p2: Morrocan AXL BLAZE|move: Tailwind\n|-sideend|p1: alexit93|move: Tailwind\n|upkeep\n|turn|5\n|\n|t:|1776123621\n|detailschange|p1a: Tyranitar|Tyranitar-Mega, L50, M\n|-mega|p1a: Tyranitar|Tyranitar|Tyranitarite\n|move|p1b: Whimsicott|Tailwind|p1b: Whimsicott\n|-sidestart|p1: alexit93|move: Tailwind\n|move|p2a: Excadrill|Earthquake|p1a: Tyranitar|[spread] p1a,p1b\n|-immune|p2b: Corviknight\n|-supereffective|p1a: Tyranitar|1\n|-resisted|p1b: Whimsicott|1\n|-damage|p1a: Tyranitar|42/100\n|-damage|p1b: Whimsicott|32/100\n|move|p1a: Tyranitar|High Horsepower|p2a: Excadrill\n|-supereffective|p2a: Excadrill|1\n|-damage|p2a: Excadrill|0 fnt\n|faint|p2a: Excadrill\n|move|p2b: Corviknight|Tailwind|p2b: Corviknight\n|-sidestart|p2: Morrocan AXL BLAZE|move: Tailwind\n|\n|-weather|Sandstorm|[upkeep]\n|-damage|p1b: Whimsicott|26/100|[from] Sandstorm\n|-heal|p2b: Corviknight|79/100|[from] item: Leftovers\n|upkeep\n|\n|t:|1776123624\n|switch|p2a: Tyranitar|Tyranitar, L50, M, shiny|100/100\n|turn|6\n|\n|t:|1776123636\n|detailschange|p2a: Tyranitar|Tyranitar-Mega, L50, M, shiny\n|-mega|p2a: Tyranitar|Tyranitar|Tyranitarite\n|move|p2b: Corviknight|Protect|p2b: Corviknight\n|-singleturn|p2b: Corviknight|Protect\n|move|p1b: Whimsicott|Encore|p2b: Corviknight\n|-activate|p2b: Corviknight|move: Protect\n|move|p2a: Tyranitar|Crunch|p1b: Whimsicott\n|-resisted|p1b: Whimsicott|1\n|-damage|p1b: Whimsicott|0 fnt\n|faint|p1b: Whimsicott\n|move|p1a: Tyranitar|High Horsepower|p2a: Tyranitar\n|-supereffective|p2a: Tyranitar|1\n|-damage|p2a: Tyranitar|48/100\n|\n|-weather|Sandstorm|[upkeep]\n|-heal|p2b: Corviknight|85/100|[from] item: Leftovers\n|upkeep\n|turn|7\n|\n|t:|1776123644\n|move|p2a: Tyranitar|Low Kick|p1a: Tyranitar\n|-supereffective|p1a: Tyranitar|2\n|-damage|p1a: Tyranitar|0 fnt\n|faint|p1a: Tyranitar\n|\n|win|Morrocan AXL BLAZE\n|raw|alexit93's rating: 1129 &rarr; <strong>1106</strong><br />(-23 for losing)\n|raw|Morrocan AXL BLAZE's rating: 1151 &rarr; <strong>1174</strong><br />(+23 for winning)\n",
  "uploadtime": 1776123644,
  "views": 12,
  "formatid": "gen9championsvgc2026regma",
  "rating": 1106,
  "private": 0,
  "password": null
}