{
  "id": "gen9championsvgc2026regma-2587627896",
  "format": "[Gen 9 Champions] VGC 2026 Reg M-A",
  "players": [
    "elmassagista",
    "Dillosaurus"
  ],
  "log": "|j|\u2606elmassagista\n|j|\u2606Dillosaurus\n|t:|1776548318\n|gametype|doubles\n|player|p1|elmassagista|cress|1213\n|player|p2|Dillosaurus|pokemaniac|1207\n|gen|9\n|tier|[Gen 9 Champions] VGC 2026 Reg M-A\n|rated|\n|rule|Species Clause: Limit one of each Pok\u00e9mon\n|rule|Item Clause: Limit 1 of each item\n|clearpoke\n|poke|p1|Politoed, L50, M|\n|poke|p1|Simipour, L50, M|\n|poke|p1|Gengar, L50, F|\n|poke|p1|Incineroar, L50, M|\n|poke|p1|Kingambit, L50, M|\n|poke|p1|Maushold, L50|\n|poke|p2|Starmie, L50|\n|poke|p2|Sneasler, L50, M|\n|poke|p2|Excadrill, L50, F|\n|poke|p2|Milotic, L50, M|\n|poke|p2|Talonflame, L50, M|\n|poke|p2|Aegislash, L50, M|\n|teampreview|4\n|\n|t:|1776548346\n|teamsize|p1|4\n|teamsize|p2|4\n|start\n|switch|p1a: Gengar|Gengar, L50, F|100/100\n|switch|p1b: Maushold|Maushold, L50|100/100\n|switch|p2a: Milotic|Milotic, L50, M|100/100\n|switch|p2b: Excadrill|Excadrill, L50, F|100/100\n|-ability|p2b: Excadrill|Mold Breaker\n|turn|1\n|\n|t:|1776548367\n|detailschange|p2b: Excadrill|Excadrill-Mega, L50, F\n|-mega|p2b: Excadrill|Excadrill|Excadrite\n|move|p1a: Gengar|Protect|p1a: Gengar\n|-singleturn|p1a: Gengar|Protect\n|move|p2b: Excadrill|High Horsepower|p1a: Gengar\n|-supereffective|p1a: Gengar|1\n|-ability|p2b: Excadrill|Piercing Drill\n|-zbroken|p1a: Gengar\n|-damage|p1a: Gengar|57/100\n|move|p1b: Maushold|Super Fang|p2b: Excadrill\n|-damage|p2b: Excadrill|51/100\n|move|p2a: Milotic|Icy Wind|p1b: Maushold|[spread] p1b\n|-activate|p1a: Gengar|move: Protect\n|-damage|p1b: Maushold|89/100\n|-unboost|p1b: Maushold|spe|1\n|\n|upkeep\n|turn|2\n|\n|t:|1776548389\n|switch|p2b: Sneasler|Sneasler, L50, M|100/100\n|detailschange|p1a: Gengar|Gengar-Mega, L50, F\n|-mega|p1a: Gengar|Gengar|Gengarite\n|move|p1a: Gengar|Shadow Ball|p2b: Sneasler\n|-damage|p2b: Sneasler|34/100\n|-unboost|p2b: Sneasler|spd|1\n|move|p2a: Milotic|Icy Wind|p1b: Maushold|[spread] p1a,p1b\n|-damage|p1a: Gengar|46/100\n|-damage|p1b: Maushold|78/100\n|-unboost|p1a: Gengar|spe|1\n|-unboost|p1b: Maushold|spe|1\n|move|p1b: Maushold|Super Fang|p2a: Milotic\n|-damage|p2a: Milotic|50/100\n|\n|-heal|p2a: Milotic|56/100|[from] item: Leftovers\n|upkeep\n|turn|3\n|\n|t:|1776548414\n|move|p1b: Maushold|Follow Me|p1b: Maushold\n|-singleturn|p1b: Maushold|move: Follow Me\n|move|p2b: Sneasler|Close Combat|p1b: Maushold|[miss]\n|-miss|p2b: Sneasler|p1b: Maushold\n|move|p1a: Gengar|Shadow Ball|p2b: Sneasler\n|-damage|p2b: Sneasler|0 fnt\n|faint|p2b: Sneasler\n|move|p2a: Milotic|Scald|p1b: Maushold\n|-damage|p1b: Maushold|46/100\n|\n|-heal|p2a: Milotic|62/100|[from] item: Leftovers\n|upkeep\n|\n|t:|1776548427\n|switch|p2b: Excadrill|Excadrill-Mega, L50, F|51/100\n|turn|4\n|\n|t:|1776548459\n|move|p1b: Maushold|Follow Me|p1b: Maushold\n|-singleturn|p1b: Maushold|move: Follow Me\n|move|p2b: Excadrill|Iron Head|p1b: Maushold|[miss]\n|-miss|p2b: Excadrill|p1b: Maushold\n|move|p1a: Gengar|Shadow Ball|p2b: Excadrill\n|-damage|p2b: Excadrill|0 fnt\n|faint|p2b: Excadrill\n|move|p2a: Milotic|Life Dew|p2a: Milotic\n|-heal|p2a: Milotic|88/100\n|\n|-heal|p2a: Milotic|94/100|[from] item: Leftovers\n|upkeep\n|\n|t:|1776548472\n|switch|p2b: Aegislash|Aegislash, L50, M|100/100\n|turn|5\n|\n|t:|1776548483\n|move|p1b: Maushold|Helping Hand|p1a: Gengar\n|-singleturn|p1a: Gengar|Helping Hand|[of] p1b: Maushold\n|move|p2b: Aegislash|King's Shield|p2b: Aegislash\n|-singleturn|p2b: Aegislash|Protect\n|move|p1a: Gengar|Shadow Ball|p2b: Aegislash\n|-activate|p2b: Aegislash|move: Protect\n|move|p2a: Milotic|Scald|p1a: Gengar\n|-damage|p1a: Gengar|12/100\n|-status|p1a: Gengar|brn\n|\n|-heal|p2a: Milotic|99/100|[from] item: Leftovers\n|-damage|p1a: Gengar|6/100 brn|[from] brn\n|upkeep\n|turn|6\n|\n|t:|1776548496\n|move|p1b: Maushold|Helping Hand|p1a: Gengar\n|-singleturn|p1a: Gengar|Helping Hand|[of] p1b: Maushold\n|move|p1a: Gengar|Shadow Ball|p2b: Aegislash\n|-supereffective|p2b: Aegislash|1\n|-damage|p2b: Aegislash|0 fnt\n|faint|p2b: Aegislash\n|move|p2a: Milotic|Life Dew|p2a: Milotic\n|-heal|p2a: Milotic|100/100\n|\n|-damage|p1a: Gengar|0 fnt|[from] brn\n|faint|p1a: Gengar\n|upkeep\n|-message|Dillosaurus forfeited.\n|\n|win|elmassagista\n|raw|elmassagista's rating: 1213 &rarr; <strong>1238</strong><br />(+25 for winning)\n|raw|Dillosaurus's rating: 1207 &rarr; <strong>1182</strong><br />(-25 for losing)\n|l|\u2606Dillosaurus\n|player|p2|\n",
  "uploadtime": 1776548515,
  "views": 12,
  "formatid": "gen9championsvgc2026regma",
  "rating": 1182,
  "private": 0,
  "password": null
}