{
  "id": "gen9championsvgc2026regma-2580984023",
  "format": "[Gen 9 Champions] VGC 2026 Reg M-A",
  "players": [
    "Final_demand309",
    "carpentry"
  ],
  "log": "|j|\u2606Final_demand309\n|j|\u2606carpentry\n|t:|1775948995\n|gametype|doubles\n|player|p1|Final_demand309|170|1150\n|player|p2|carpentry|alder|1225\n|gen|9\n|tier|[Gen 9 Champions] VGC 2026 Reg M-A\n|rated|\n|rule|Species Clause: Limit one of each Pok\u00e9mon\n|rule|Item Clause: Limit 1 of each item\n|clearpoke\n|poke|p1|Gardevoir, L50, M|\n|poke|p1|Meowstic, L50, M|\n|poke|p1|Aegislash, L50, M|\n|poke|p1|Aerodactyl, L50, M|\n|poke|p1|Garchomp, L50, F|\n|poke|p1|Basculegion, L50, M|\n|poke|p2|Scovillain, L50, M|\n|poke|p2|Palafin, L50, M|\n|poke|p2|Incineroar, L50, M|\n|poke|p2|Sinistcha, L50|\n|poke|p2|Ninetales-Alola, L50, M|\n|poke|p2|Glimmora, L50, F|\n|teampreview|4\n|inactive|Battle timer is ON: inactive players will automatically lose when time's up. (requested by Final_demand309)\n|\n|t:|1775949023\n|teamsize|p1|4\n|teamsize|p2|4\n|start\n|switch|p1a: Gardevoir|Gardevoir, L50, M, shiny|100/100\n|switch|p1b: Meowstic|Meowstic, L50, M|100/100\n|switch|p2a: Scovillain|Scovillain, L50, M|100/100\n|switch|p2b: Palafin|Palafin, L50, M|100/100\n|turn|1\n|inactive|Final_demand309 has 30 seconds left.\n|\n|t:|1775949056\n|detailschange|p2b: Palafin|Palafin-Hero, L50, M\n|switch|p2b: Incineroar|Incineroar, L50, M|100/100\n|-ability|p2b: Incineroar|Intimidate|boost\n|-unboost|p1a: Gardevoir|atk|1\n|-unboost|p1b: Meowstic|atk|1\n|detailschange|p1a: Gardevoir|Gardevoir-Mega, L50, M, shiny\n|-mega|p1a: Gardevoir|Gardevoir|Gardevoirite\n|detailschange|p2a: Scovillain|Scovillain-Mega, L50, M\n|-mega|p2a: Scovillain|Scovillain|Scovillainite\n|move|p2a: Scovillain|Protect|p2a: Scovillain\n|-singleturn|p2a: Scovillain|Protect\n|move|p1b: Meowstic|Fake Out|p2a: Scovillain\n|-activate|p2a: Scovillain|move: Protect\n|move|p1a: Gardevoir|Hyper Voice|p2b: Incineroar|[spread] p2b\n|-activate|p2a: Scovillain|move: Protect\n|-damage|p2b: Incineroar|53/100\n|\n|upkeep\n|turn|2\n|inactive|carpentry has 30 seconds left.\n|\n|t:|1775949084\n|switch|p2a: Ninetales|Ninetales-Alola, L50, M|100/100\n|-weather|Snowscape|[from] ability: Snow Warning|[of] p2a: Ninetales\n|move|p1a: Gardevoir|Protect|p1a: Gardevoir\n|-singleturn|p1a: Gardevoir|Protect\n|move|p2b: Incineroar|Fake Out|p1a: Gardevoir\n|-activate|p1a: Gardevoir|move: Protect\n|move|p1b: Meowstic|Reflect|p1b: Meowstic\n|-sidestart|p1: Final_demand309|Reflect\n|\n|-weather|Snowscape|[upkeep]\n|upkeep\n|turn|3\n|inactive|Final_demand309 has 30 seconds left.\n|inactive|carpentry has 30 seconds left.\n|\n|t:|1775949113\n|move|p1b: Meowstic|Psychic Terrain|p1b: Meowstic\n|-fieldstart|move: Psychic Terrain\n|move|p2a: Ninetales|Encore|p1a: Gardevoir\n|-start|p1a: Gardevoir|Encore\n|move|p1a: Gardevoir|Protect|p1a: Gardevoir\n|-singleturn|p1a: Gardevoir|Protect\n|move|p2b: Incineroar|Darkest Lariat|p1b: Meowstic\n|-supereffective|p1b: Meowstic|1\n|-damage|p1b: Meowstic|47/100\n|\n|-weather|Snowscape|[upkeep]\n|upkeep\n|turn|4\n|inactive|Final_demand309 has 30 seconds left.\n|\n|t:|1775949139\n|switch|p1a: Garchomp|Garchomp, L50, F|100/100\n|move|p1b: Meowstic|Protect|p1b: Meowstic\n|-singleturn|p1b: Meowstic|Protect\n|move|p2a: Ninetales|Aurora Veil|p2a: Ninetales\n|-sidestart|p2: carpentry|move: Aurora Veil\n|move|p2b: Incineroar|Darkest Lariat|p1b: Meowstic\n|-activate|p1b: Meowstic|move: Protect\n|\n|-weather|Snowscape|[upkeep]\n|upkeep\n|turn|5\n|inactive|Final_demand309 has 30 seconds left.\n|\n|t:|1775949174\n|switch|p1b: Aerodactyl|Aerodactyl, L50, M|100/100\n|-ability|p1b: Aerodactyl|Unnerve\n|move|p2a: Ninetales|Blizzard|p1a: Garchomp|[spread] p1a,p1b\n|-supereffective|p1a: Garchomp|2\n|-supereffective|p1b: Aerodactyl|1\n|-crit|p1b: Aerodactyl\n|-damage|p1a: Garchomp|0 fnt\n|-damage|p1b: Aerodactyl|0 fnt\n|faint|p1a: Garchomp\n|faint|p1b: Aerodactyl\n|move|p2b: Incineroar|Darkest Lariat|p1: Garchomp|[notarget]\n|-fail|p2b: Incineroar\n|\n|-weather|Snowscape|[upkeep]\n|upkeep\n|\n|t:|1775949187\n|switch|p1b: Meowstic|Meowstic, L50, M|47/100\n|switch|p1a: Gardevoir|Gardevoir-Mega, L50, M, shiny|100/100\n|turn|6\n|inactive|carpentry has 30 seconds left.\n|\n|t:|1775949213\n|move|p1b: Meowstic|Protect|p1b: Meowstic\n|-singleturn|p1b: Meowstic|Protect\n|move|p2a: Ninetales|Blizzard|p1b: Meowstic|[spread] p1a\n|-activate|p1b: Meowstic|move: Protect\n|-damage|p1a: Gardevoir|74/100\n|move|p1a: Gardevoir|Hyper Voice|p2a: Ninetales|[spread] p2a,p2b\n|-damage|p2a: Ninetales|57/100\n|-damage|p2b: Incineroar|25/100\n|move|p2b: Incineroar|Darkest Lariat|p1a: Gardevoir\n|-damage|p1a: Gardevoir|39/100\n|\n|-weather|none\n|-sideend|p1: Final_demand309|Reflect\n|upkeep\n|turn|7\n|inactive|carpentry has 30 seconds left.\n|\n|t:|1775949246\n|move|p1b: Meowstic|Reflect|p1b: Meowstic\n|-sidestart|p1: Final_demand309|Reflect\n|move|p2a: Ninetales|Encore|p1b: Meowstic\n|-start|p1b: Meowstic|Encore\n|move|p1a: Gardevoir|Hyper Voice|p2b: Incineroar|[spread] p2a,p2b\n|-damage|p2a: Ninetales|14/100\n|-damage|p2b: Incineroar|0 fnt\n|faint|p2b: Incineroar\n|\n|-fieldend|move: Psychic Terrain\n|upkeep\n|\n|t:|1775949259\n|switch|p2b: Palafin|Palafin-Hero, L50, M|100/100\n|-activate|p2b: Palafin|ability: Zero to Hero\n|turn|8\n|\n|t:|1775949271\n|move|p1b: Meowstic|Reflect||[still]\n|-fail|p1b: Meowstic\n|move|p2b: Palafin|Jet Punch|p1a: Gardevoir\n|-damage|p1a: Gardevoir|4/100\n|move|p2a: Ninetales|Icy Wind|p1b: Meowstic|[spread] p1a,p1b\n|-damage|p1a: Gardevoir|0 fnt\n|-damage|p1b: Meowstic|31/100\n|-unboost|p1b: Meowstic|spe|1\n|faint|p1a: Gardevoir\n|\n|-sideend|p2: carpentry|move: Aurora Veil\n|upkeep\n|turn|9\n|c|\u2606carpentry|gg\n|-message|Final_demand309 forfeited.\n|\n|win|carpentry\n|raw|Final_demand309's rating: 1150 &rarr; <strong>1130</strong><br />(-20 for losing)\n|raw|carpentry's rating: 1225 &rarr; <strong>1245</strong><br />(+20 for winning)\n|l|\u2606Final_demand309\n|player|p1|\n",
  "uploadtime": 1775949335,
  "views": 12,
  "formatid": "gen9championsvgc2026regma",
  "rating": 1130,
  "private": 0,
  "password": null
}