{
  "id": "gen9championsvgc2026regma-2587637724",
  "format": "[Gen 9 Champions] VGC 2026 Reg M-A",
  "players": [
    "HannibalKanter",
    "BootlegPt"
  ],
  "log": "|j|\u2606HannibalKanter\n|j|\u2606BootlegPt\n|t:|1776549240\n|gametype|doubles\n|player|p1|HannibalKanter|blaine|1041\n|player|p2|BootlegPt|veteran|1071\n|gen|9\n|tier|[Gen 9 Champions] VGC 2026 Reg M-A\n|rated|\n|rule|Species Clause: Limit one of each Pok\u00e9mon\n|rule|Item Clause: Limit 1 of each item\n|clearpoke\n|poke|p1|Maushold, L50|\n|poke|p1|Blastoise, L50, M|\n|poke|p1|Audino, L50, F|\n|poke|p1|Torterra, L50, M|\n|poke|p1|Delphox, L50, M|\n|poke|p1|Gyarados, L50, F|\n|poke|p2|Steelix, L50, M|\n|poke|p2|Tyranitar, L50, M|\n|poke|p2|Gardevoir, L50, M|\n|poke|p2|Hydreigon, L50, F|\n|poke|p2|Whimsicott, L50, M|\n|poke|p2|Rotom-Wash, L50|\n|teampreview|4\n|inactive|Battle timer is ON: inactive players will automatically lose when time's up. (requested by HannibalKanter)\n|\n|t:|1776549257\n|teamsize|p1|4\n|teamsize|p2|4\n|start\n|switch|p1a: Torterra|Torterra, L50, M|100/100\n|switch|p1b: Audino|Audino, L50, F|100/100\n|switch|p2a: Rotom|Rotom-Wash, L50|100/100\n|switch|p2b: Tyranitar|Tyranitar, L50, M|100/100\n|-weather|Sandstorm|[from] ability: Sand Stream|[of] p2b: Tyranitar\n|turn|1\n|\n|t:|1776549279\n|move|p1b: Audino|Simple Beam|p1a: Torterra\n|-ability|p1a: Torterra|Simple|Shell Armor|[from] move: Simple Beam\n|move|p2a: Rotom|Volt Switch|p1a: Torterra\n|-immune|p1a: Torterra\n|move|p1a: Torterra|Shell Smash|p1a: Torterra\n|-unboost|p1a: Torterra|def|2\n|-unboost|p1a: Torterra|spd|2\n|-boost|p1a: Torterra|atk|4\n|-boost|p1a: Torterra|spa|4\n|-boost|p1a: Torterra|spe|4\n|-enditem|p1a: Torterra|White Herb\n|-clearnegativeboost|p1a: Torterra|[silent]\n|move|p2b: Tyranitar|Superpower|p1b: Audino\n|-supereffective|p1b: Audino|1\n|-damage|p1b: Audino|5/100\n|-unboost|p2b: Tyranitar|atk|1\n|-unboost|p2b: Tyranitar|def|1\n|\n|-weather|Sandstorm|[upkeep]\n|-damage|p1b: Audino|0 fnt|[from] Sandstorm\n|-damage|p2a: Rotom|95/100|[from] Sandstorm\n|faint|p1b: Audino\n|upkeep\n|\n|t:|1776549299\n|switch|p1b: Maushold|Maushold, L50|100/100\n|turn|2\n|\n|t:|1776549321\n|move|p2b: Tyranitar|Protect|p2b: Tyranitar\n|-singleturn|p2b: Tyranitar|Protect\n|move|p1b: Maushold|Follow Me|p1b: Maushold\n|-singleturn|p1b: Maushold|move: Follow Me\n|move|p1a: Torterra|Seed Bomb|p2b: Tyranitar\n|-activate|p2b: Tyranitar|move: Protect\n|move|p2a: Rotom|Light Screen|p2a: Rotom\n|-sidestart|p2: BootlegPt|move: Light Screen\n|\n|-weather|Sandstorm|[upkeep]\n|-damage|p1b: Maushold|94/100|[from] Sandstorm\n|-damage|p2a: Rotom|89/100|[from] Sandstorm\n|upkeep\n|turn|3\n|inactive|BootlegPt has 30 seconds left.\n|\n|t:|1776549354\n|move|p1a: Torterra|Seed Bomb|p2b: Tyranitar\n|-supereffective|p2b: Tyranitar|1\n|-damage|p2b: Tyranitar|0 fnt\n|faint|p2b: Tyranitar\n|move|p1b: Maushold|Taunt|p2a: Rotom\n|-start|p2a: Rotom|move: Taunt\n|move|p2a: Rotom|Volt Switch|p1b: Maushold\n|-damage|p1b: Maushold|55/100\n|\n|t:|1776549370\n|switch|p2a: Whimsicott|Whimsicott, L50, M|100/100|[from] Volt Switch\n|\n|-weather|Sandstorm|[upkeep]\n|-damage|p1b: Maushold|49/100|[from] Sandstorm\n|-damage|p2a: Whimsicott|95/100|[from] Sandstorm\n|-enditem|p1b: Maushold|Sitrus Berry|[eat]\n|-heal|p1b: Maushold|73/100|[from] item: Sitrus Berry\n|upkeep\n|\n|t:|1776549377\n|switch|p2b: Steelix|Steelix, L50, M|100/100\n|turn|4\n|\n|t:|1776549388\n|detailschange|p2b: Steelix|Steelix-Mega, L50, M\n|-mega|p2b: Steelix|Steelix|Steelixite\n|move|p1b: Maushold|Helping Hand|p1a: Torterra\n|-singleturn|p1a: Torterra|Helping Hand|[of] p1b: Maushold\n|move|p1a: Torterra|Seed Bomb|p2a: Whimsicott\n|-resisted|p2a: Whimsicott|1\n|-damage|p2a: Whimsicott|0 fnt\n|faint|p2a: Whimsicott\n|move|p2b: Steelix|Body Press|p1a: Torterra\n|-damage|p1a: Torterra|69/100\n|\n|-weather|Sandstorm|[upkeep]\n|-damage|p1b: Maushold|67/100|[from] Sandstorm\n|upkeep\n|\n|t:|1776549401\n|switch|p2a: Rotom|Rotom-Wash, L50|89/100\n|turn|5\n|\n|t:|1776549407\n|move|p1a: Torterra|Seed Bomb|p2a: Rotom\n|-supereffective|p2a: Rotom|1\n|-damage|p2a: Rotom|0 fnt\n|faint|p2a: Rotom\n|move|p1b: Maushold|Switcheroo||[still]\n|-fail|p1b: Maushold\n|move|p2b: Steelix|Earthquake|p1b: Maushold|[spread] p1a,p1b\n|-resisted|p1a: Torterra|1\n|-damage|p1a: Torterra|48/100\n|-damage|p1b: Maushold|0 fnt\n|faint|p1b: Maushold\n|\n|-weather|none\n|upkeep\n|\n|t:|1776549421\n|switch|p1b: Blastoise|Blastoise, L50, M|100/100\n|turn|6\n|\n|t:|1776549435\n|detailschange|p1b: Blastoise|Blastoise-Mega, L50, M\n|-mega|p1b: Blastoise|Blastoise|Blastoisinite\n|move|p1b: Blastoise|Protect|p1b: Blastoise\n|-singleturn|p1b: Blastoise|Protect\n|move|p1a: Torterra|Earthquake|p2b: Steelix|[spread] p2b\n|-activate|p1b: Blastoise|move: Protect\n|-supereffective|p2b: Steelix|1\n|-damage|p2b: Steelix|0 fnt\n|faint|p2b: Steelix\n|\n|win|HannibalKanter\n|raw|HannibalKanter's rating: 1041 &rarr; <strong>1078</strong><br />(+37 for winning)\n|raw|BootlegPt's rating: 1071 &rarr; <strong>1049</strong><br />(-22 for losing)\n|c|\u2606HannibalKanter|Gg\n|l|\u2606BootlegPt\n|player|p2|\n",
  "uploadtime": 1776549448,
  "views": 18,
  "formatid": "gen9championsvgc2026regma",
  "rating": 1049,
  "private": 0,
  "password": null
}