{
  "id": "gen9championsvgc2026regma-2582300497",
  "format": "[Gen 9 Champions] VGC 2026 Reg M-A",
  "players": [
    "DenWoeste",
    "collateraldamagejr"
  ],
  "log": "|j|\u2606DenWoeste\n|j|\u2606collateraldamagejr\n|t:|1776081237\n|gametype|doubles\n|player|p1|DenWoeste|caitlin|1045\n|player|p2|collateraldamagejr|265|1125\n|gen|9\n|tier|[Gen 9 Champions] VGC 2026 Reg M-A\n|rated|\n|rule|Species Clause: Limit one of each Pok\u00e9mon\n|rule|Item Clause: Limit 1 of each item\n|clearpoke\n|poke|p1|Gardevoir, L50, M|\n|poke|p1|Garchomp, L50, M|\n|poke|p1|Orthworm, L50, F|\n|poke|p1|Meowscarada, L50, M|\n|poke|p1|Whimsicott, L50, F|\n|poke|p1|Aegislash, L50, F|\n|poke|p2|Froslass, L50, F|\n|poke|p2|Arcanine-Hisui, L50, F|\n|poke|p2|Gyarados, L50, M|\n|poke|p2|Kingambit, L50, F|\n|poke|p2|Hydreigon, L50, M|\n|poke|p2|Mr. Rime, L50, F|\n|teampreview|4\nDenWoeste has agreed to open team sheets.\n|\n|t:|1776081275\n|teamsize|p1|4\n|teamsize|p2|4\n|start\n|switch|p1a: Orthworm|Orthworm, L50, F|100/100\n|switch|p1b: Whimsicott|Whimsicott, L50, F|100/100\n|switch|p2a: Mr. Rime|Mr. Rime, L50, F|100/100\n|switch|p2b: Kingambit|Kingambit, L50, F, shiny|100/100\n|turn|1\n|\n|t:|1776081291\n|move|p2a: Mr. Rime|Fake Out|p1b: Whimsicott\n|-damage|p1b: Whimsicott|92/100\n|cant|p1b: Whimsicott|flinch\n|move|p1a: Orthworm|Body Press|p2b: Kingambit\n|-supereffective|p2b: Kingambit|2\n|-damage|p2b: Kingambit|25/100\n|move|p2b: Kingambit|Swords Dance|p2b: Kingambit\n|-boost|p2b: Kingambit|atk|2\n|\n|-heal|p1b: Whimsicott|99/100|[from] item: Leftovers\n|-heal|p2b: Kingambit|31/100|[from] item: Leftovers\n|upkeep\n|turn|2\n|\n|t:|1776081307\n|move|p2b: Kingambit|Protect|p2b: Kingambit\n|-singleturn|p2b: Kingambit|Protect\n|move|p1b: Whimsicott|Tailwind|p1b: Whimsicott\n|-sidestart|p1: DenWoeste|move: Tailwind\n|move|p1a: Orthworm|Body Press|p2b: Kingambit\n|-activate|p2b: Kingambit|move: Protect\n|move|p2a: Mr. Rime|Focus Blast|p1a: Orthworm\n|-supereffective|p1a: Orthworm|1\n|-damage|p1a: Orthworm|6/100\n|-enditem|p1a: Orthworm|Sitrus Berry|[eat]\n|-heal|p1a: Orthworm|30/100|[from] item: Sitrus Berry\n|\n|-heal|p1b: Whimsicott|100/100|[from] item: Leftovers\n|-heal|p2b: Kingambit|37/100|[from] item: Leftovers\n|upkeep\n|turn|3\n|\n|t:|1776081326\n|move|p2b: Kingambit|Sucker Punch|p1a: Orthworm\n|-damage|p1a: Orthworm|0 fnt\n|faint|p1a: Orthworm\n|move|p1b: Whimsicott|Dazzling Gleam|p2a: Mr. Rime|[spread] p2a,p2b\n|-damage|p2a: Mr. Rime|83/100\n|-damage|p2b: Kingambit|18/100\n|move|p2a: Mr. Rime|Freeze-Dry|p1b: Whimsicott\n|-supereffective|p1b: Whimsicott|1\n|-damage|p1b: Whimsicott|25/100\n|\n|-heal|p1b: Whimsicott|31/100|[from] item: Leftovers\n|-heal|p2b: Kingambit|24/100|[from] item: Leftovers\n|upkeep\n|\n|t:|1776081338\n|switch|p1a: Aegislash|Aegislash, L50, F|100/100\n|turn|4\n|\n|t:|1776081349\n|switch|p2a: Arcanine|Arcanine-Hisui, L50, F, shiny|100/100\n|-ability|p2a: Arcanine|Intimidate|boost\n|-unboost|p1a: Aegislash|atk|1\n|-unboost|p1b: Whimsicott|atk|1\n|move|p2b: Kingambit|Protect|p2b: Kingambit\n|-singleturn|p2b: Kingambit|Protect\n|move|p1b: Whimsicott|Dazzling Gleam|p2b: Kingambit|[spread] p2a\n|-activate|p2b: Kingambit|move: Protect\n|-resisted|p2a: Arcanine|1\n|-damage|p2a: Arcanine|90/100\n|move|p1a: Aegislash|Destiny Bond|p1a: Aegislash\n|-singlemove|p1a: Aegislash|Destiny Bond\n|\n|-heal|p1b: Whimsicott|37/100|[from] item: Leftovers\n|-heal|p2b: Kingambit|30/100|[from] item: Leftovers\n|upkeep\n|turn|5\n|\n|t:|1776081369\n|move|p1b: Whimsicott|Helping Hand|p1a: Aegislash\n|-singleturn|p1a: Aegislash|Helping Hand|[of] p1b: Whimsicott\n|move|p2b: Kingambit|Sucker Punch||[still]\n|-fail|p2b: Kingambit\n|-formechange|p1a: Aegislash|Aegislash-Blade|\n|move|p1a: Aegislash|Shadow Ball|p2a: Arcanine\n|-damage|p2a: Arcanine|23/100\n|-unboost|p2a: Arcanine|spd|1\n|move|p2a: Arcanine|Rock Slide|p1a: Aegislash|[spread] p1a\n|-miss|p2a: Arcanine|p1b: Whimsicott\n|-resisted|p1a: Aegislash|1\n|-damage|p1a: Aegislash|79/100\n|\n|-heal|p1b: Whimsicott|43/100|[from] item: Leftovers\n|-heal|p2b: Kingambit|36/100|[from] item: Leftovers\n|-sideend|p1: DenWoeste|move: Tailwind\n|upkeep\n|turn|6\n|\n|t:|1776081394\n|-formechange|p1a: Aegislash|Aegislash|\n|move|p1a: Aegislash|King's Shield|p1a: Aegislash\n|-singleturn|p1a: Aegislash|Protect\n|move|p1b: Whimsicott|Tailwind|p1b: Whimsicott\n|-sidestart|p1: DenWoeste|move: Tailwind\n|move|p2b: Kingambit|Sucker Punch||[still]\n|-fail|p2b: Kingambit\n|move|p2a: Arcanine|Flare Blitz|p1b: Whimsicott\n|-supereffective|p1b: Whimsicott|1\n|-damage|p1b: Whimsicott|0 fnt\n|faint|p1b: Whimsicott\n|-damage|p2a: Arcanine|9/100|[from] Recoil\n|\n|-heal|p2b: Kingambit|43/100|[from] item: Leftovers\n|upkeep\n|\n|t:|1776081406\n|switch|p1b: Gardevoir|Gardevoir, L50, M|100/100\n|turn|7\n|\n|t:|1776081422\n|detailschange|p1b: Gardevoir|Gardevoir-Mega, L50, M\n|-mega|p1b: Gardevoir|Gardevoir|Gardevoirite\n|move|p1b: Gardevoir|Destiny Bond|p1b: Gardevoir\n|-singlemove|p1b: Gardevoir|Destiny Bond\n|move|p1a: Aegislash|Destiny Bond|p1a: Aegislash\n|-singlemove|p1a: Aegislash|Destiny Bond\n|move|p2a: Arcanine|Flare Blitz|p1b: Gardevoir\n|-damage|p1b: Gardevoir|0 fnt\n|faint|p1b: Gardevoir\n|-activate|p1b: Gardevoir|move: Destiny Bond\n|faint|p2a: Arcanine\n|move|p2b: Kingambit|Iron Head|p1a: Aegislash\n|-resisted|p1a: Aegislash|1\n|-damage|p1a: Aegislash|48/100\n|\n|-heal|p2b: Kingambit|49/100|[from] item: Leftovers\n|upkeep\n|\n|t:|1776081433\n|switch|p2a: Froslass|Froslass, L50, F, shiny|100/100\n|turn|8\n|\n|t:|1776081442\n|detailschange|p2a: Froslass|Froslass-Mega, L50, F, shiny\n|-mega|p2a: Froslass|Froslass|Froslassite\n|-weather|Snowscape|[from] ability: Snow Warning|[of] p2a: Froslass\n|move|p2a: Froslass|Aurora Veil|p2a: Froslass\n|-sidestart|p2: collateraldamagejr|move: Aurora Veil\n|-formechange|p1a: Aegislash|Aegislash-Blade|\n|move|p1a: Aegislash|Shadow Ball|p2a: Froslass\n|-supereffective|p2a: Froslass|1\n|-damage|p2a: Froslass|45/100\n|move|p2b: Kingambit|Swords Dance|p2b: Kingambit\n|-boost|p2b: Kingambit|atk|2\n|\n|-weather|Snowscape|[upkeep]\n|-heal|p2b: Kingambit|55/100|[from] item: Leftovers\n|upkeep\n|turn|9\n|\n|t:|1776081455\n|switch|p2a: Mr. Rime|Mr. Rime, L50, F|83/100\n|-formechange|p1a: Aegislash|Aegislash|\n|move|p1a: Aegislash|King's Shield|p1a: Aegislash\n|-singleturn|p1a: Aegislash|Protect\n|move|p2b: Kingambit|Swords Dance|p2b: Kingambit\n|-boost|p2b: Kingambit|atk|2\n|\n|-weather|Snowscape|[upkeep]\n|-heal|p2a: Mr. Rime|89/100|[from] ability: Ice Body\n|-heal|p2b: Kingambit|61/100|[from] item: Leftovers\n|-sideend|p1: DenWoeste|move: Tailwind\n|upkeep\n|turn|10\n|\n|t:|1776081473\n|move|p2a: Mr. Rime|Fake Out|p1a: Aegislash\n|-immune|p1a: Aegislash\n|move|p2b: Kingambit|Sucker Punch||[still]\n|-fail|p2b: Kingambit\n|-formechange|p1a: Aegislash|Aegislash-Blade|\n|move|p1a: Aegislash|Flash Cannon|p2a: Mr. Rime\n|-supereffective|p2a: Mr. Rime|1\n|-damage|p2a: Mr. Rime|38/100\n|\n|-weather|Snowscape|[upkeep]\n|-heal|p2a: Mr. Rime|44/100|[from] ability: Ice Body\n|-heal|p2b: Kingambit|67/100|[from] item: Leftovers\n|upkeep\n|turn|11\n|\n|t:|1776081488\n|-formechange|p1a: Aegislash|Aegislash|\n|move|p1a: Aegislash|King's Shield|p1a: Aegislash\n|-singleturn|p1a: Aegislash|Protect\n|move|p2a: Mr. Rime|Focus Blast|p1a: Aegislash\n|-activate|p1a: Aegislash|move: Protect\n|move|p2b: Kingambit|Swords Dance|p2b: Kingambit\n|-boost|p2b: Kingambit|atk|0\n|\n|-weather|Snowscape|[upkeep]\n|-heal|p2a: Mr. Rime|50/100|[from] ability: Ice Body\n|-heal|p2b: Kingambit|73/100|[from] item: Leftovers\n|upkeep\n|turn|12\n|\n|t:|1776081505\n|move|p2a: Mr. Rime|Freeze-Dry|p1a: Aegislash\n|-resisted|p1a: Aegislash|1\n|-damage|p1a: Aegislash|35/100\n|-formechange|p1a: Aegislash|Aegislash-Blade|\n|move|p1a: Aegislash|Flash Cannon|p2a: Mr. Rime\n|-supereffective|p2a: Mr. Rime|1\n|-damage|p2a: Mr. Rime|6/100\n|move|p2b: Kingambit|Swords Dance|p2b: Kingambit\n|-boost|p2b: Kingambit|atk|0\n|\n|-weather|none\n|-heal|p2b: Kingambit|79/100|[from] item: Leftovers\n|-sideend|p2: collateraldamagejr|move: Aurora Veil\n|upkeep\n|turn|13\n|\n|t:|1776081519\n|move|p2b: Kingambit|Sucker Punch|p1a: Aegislash\n|-supereffective|p1a: Aegislash|1\n|-damage|p1a: Aegislash|0 fnt\n|faint|p1a: Aegislash\n|\n|win|collateraldamagejr\n|raw|DenWoeste's rating: 1045 &rarr; <strong>1032</strong><br />(-13 for losing)\n|raw|collateraldamagejr's rating: 1125 &rarr; <strong>1144</strong><br />(+19 for winning)\n",
  "uploadtime": 1776081526,
  "views": 17,
  "formatid": "gen9championsvgc2026regma",
  "rating": 1032,
  "private": 0,
  "password": null
}