{
  "id": "gen9championsvgc2026regma-2587592646",
  "format": "[Gen 9 Champions] VGC 2026 Reg M-A",
  "players": [
    "liliyliilyliy",
    "jkjuiu"
  ],
  "log": "|j|\u2606liliyliilyliy\n|j|\u2606jkjuiu\n|t:|1776545163\n|gametype|doubles\n|player|p1|liliyliilyliy|101|1060\n|player|p2|jkjuiu|266|1024\n|gen|9\n|tier|[Gen 9 Champions] VGC 2026 Reg M-A\n|rated|\n|rule|Species Clause: Limit one of each Pok\u00e9mon\n|rule|Item Clause: Limit 1 of each item\n|clearpoke\n|poke|p1|Vivillon, L50, M|\n|poke|p1|Araquanid, L50, F|\n|poke|p1|Heracross, L50, F|\n|poke|p1|Scizor, L50, M|\n|poke|p1|Kleavor, L50, F|\n|poke|p1|Volcarona, L50, M|\n|poke|p2|Milotic, L50, F, shiny|\n|poke|p2|Hydreigon, L50, M|\n|poke|p2|Archaludon, L50, F|\n|poke|p2|Pelipper, L50, M|\n|poke|p2|Maushold-Four, L50|\n|poke|p2|Gengar, L50, M, shiny|\n|teampreview|4\n|inactive|Battle timer is ON: inactive players will automatically lose when time's up. (requested by jkjuiu)\n|inactive|liliyliilyliy has 60 seconds left.\n|inactive|jkjuiu has 60 seconds left.\n|\n|t:|1776545201\n|teamsize|p1|4\n|teamsize|p2|4\n|start\n|switch|p1a: Heracross|Heracross, L50, F|100/100\n|switch|p1b: Araquanid|Araquanid, L50, F|100/100\n|switch|p2a: Hydreigon|Hydreigon, L50, M|100/100\n|switch|p2b: Milotic|Milotic, L50, F, shiny|100/100\n|turn|1\n|inactive|jkjuiu has 30 seconds left.\n|\n|t:|1776545226\n|move|p2a: Hydreigon|Tailwind|p2a: Hydreigon\n|-sidestart|p2: jkjuiu|move: Tailwind\n|move|p2b: Milotic|Dragon Cheer|p2a: Hydreigon\n|-start|p2a: Hydreigon|move: Dragon Cheer\n|move|p1a: Heracross|Coaching|p1b: Araquanid\n|-boost|p1b: Araquanid|atk|1\n|-boost|p1b: Araquanid|def|1\n|move|p1b: Araquanid|Stockpile|p1b: Araquanid\n|-start|p1b: Araquanid|stockpile1\n|-boost|p1b: Araquanid|def|1\n|-boost|p1b: Araquanid|spd|1\n|\n|upkeep\n|turn|2\n|\n|t:|1776545251\n|move|p2a: Hydreigon|Draco Meteor|p1b: Araquanid\n|-crit|p1b: Araquanid\n|-damage|p1b: Araquanid|35/100\n|-unboost|p2a: Hydreigon|spa|2\n|move|p2b: Milotic|Scald|p1a: Heracross\n|-damage|p1a: Heracross|61/100\n|-status|p1a: Heracross|brn\n|move|p1b: Araquanid|Stockpile|p1b: Araquanid\n|-start|p1b: Araquanid|stockpile2\n|-boost|p1b: Araquanid|def|1\n|-boost|p1b: Araquanid|spd|1\n|move|p1a: Heracross|Circle Throw|p2a: Hydreigon\n|-supereffective|p2a: Hydreigon|1\n|-damage|p2a: Hydreigon|68/100\n|drag|p2a: Pelipper|Pelipper, L50, M|100/100\n|-weather|RainDance|[from] ability: Drizzle|[of] p2a: Pelipper\n|\n|-weather|RainDance|[upkeep]\n|-damage|p1a: Heracross|55/100 brn|[from] brn\n|upkeep\n|turn|3\n|inactive|jkjuiu has 30 seconds left.\n|\n|t:|1776545280\n|move|p2b: Milotic|Dragon Cheer|p2a: Pelipper\n|-start|p2a: Pelipper|move: Dragon Cheer\n|move|p2a: Pelipper|Hurricane|p1b: Araquanid\n|-supereffective|p1b: Araquanid|1\n|-damage|p1b: Araquanid|4/100\n|move|p1a: Heracross|Coaching|p1b: Araquanid\n|-boost|p1b: Araquanid|atk|1\n|-boost|p1b: Araquanid|def|1\n|move|p1b: Araquanid|Rest|p1b: Araquanid\n|-status|p1b: Araquanid|slp|[from] move: Rest\n|-heal|p1b: Araquanid|100/100 slp|[silent]\n|-enditem|p1b: Araquanid|Chesto Berry|[eat]\n|-curestatus|p1b: Araquanid|slp|[msg]\n|\n|-weather|RainDance|[upkeep]\n|-damage|p1a: Heracross|50/100 brn|[from] brn\n|upkeep\n|turn|4\n|inactive|jkjuiu has 30 seconds left.\n|inactive|jkjuiu has 20 seconds left.\n|\n|t:|1776545317\n|move|p2b: Milotic|Scald|p1a: Heracross\n|-damage|p1a: Heracross|0 fnt\n|faint|p1a: Heracross\n|move|p2a: Pelipper|Hurricane|p1b: Araquanid\n|-supereffective|p1b: Araquanid|1\n|-damage|p1b: Araquanid|70/100\n|-start|p1b: Araquanid|confusion\n|-activate|p1b: Araquanid|confusion\n|move|p1b: Araquanid|Liquidation|p2a: Pelipper\n|-resisted|p2a: Pelipper|1\n|-damage|p2a: Pelipper|29/100\n|-enditem|p2a: Pelipper|Sitrus Berry|[eat]\n|-heal|p2a: Pelipper|54/100|[from] item: Sitrus Berry\n|\n|-weather|RainDance|[upkeep]\n|-sideend|p2: jkjuiu|move: Tailwind\n|upkeep\n|\n|t:|1776545330\n|switch|p1a: Scizor|Scizor, L50, M|100/100\n|turn|5\n|\n|t:|1776545352\n|switch|p2a: Hydreigon|Hydreigon, L50, M|68/100\n|detailschange|p1a: Scizor|Scizor-Mega, L50, M\n|-mega|p1a: Scizor|Scizor|Scizorite\n|move|p1a: Scizor|Bullet Punch|p2a: Hydreigon\n|-damage|p2a: Hydreigon|32/100\n|move|p2b: Milotic|Dragon Cheer|p2a: Hydreigon\n|-start|p2a: Hydreigon|move: Dragon Cheer\n|-activate|p1b: Araquanid|confusion\n|move|p1b: Araquanid|Liquidation|p2a: Hydreigon\n|-resisted|p2a: Hydreigon|1\n|-crit|p2a: Hydreigon\n|-damage|p2a: Hydreigon|0 fnt\n|faint|p2a: Hydreigon\n|\n|-weather|RainDance|[upkeep]\n|upkeep\n|\n|t:|1776545365\n|switch|p2a: Pelipper|Pelipper, L50, M|54/100\n|turn|6\n|\n|t:|1776545377\n|move|p1a: Scizor|Bullet Punch|p2a: Pelipper\n|-resisted|p2a: Pelipper|1\n|-damage|p2a: Pelipper|38/100\n|move|p2b: Milotic|Dragon Cheer|p2a: Pelipper\n|-start|p2a: Pelipper|move: Dragon Cheer\n|move|p2a: Pelipper|Hurricane|p1b: Araquanid\n|-supereffective|p1b: Araquanid|1\n|-damage|p1b: Araquanid|38/100\n|-activate|p1b: Araquanid|confusion\n|move|p1b: Araquanid|Liquidation|p2a: Pelipper\n|-resisted|p2a: Pelipper|1\n|-damage|p2a: Pelipper|0 fnt\n|faint|p2a: Pelipper\n|\n|-weather|none\n|upkeep\n|\n|t:|1776545387\n|switch|p2a: Gengar|Gengar, L50, M, shiny|100/100\n|turn|7\n|\n|t:|1776545408\n|move|p2a: Gengar|Protect|p2a: Gengar\n|-singleturn|p2a: Gengar|Protect\n|move|p2b: Milotic|Dragon Cheer|p2a: Gengar\n|-start|p2a: Gengar|move: Dragon Cheer\n|move|p1a: Scizor|Swords Dance|p1a: Scizor\n|-boost|p1a: Scizor|atk|2\n|-activate|p1b: Araquanid|confusion\n|move|p1b: Araquanid|Rest|p1b: Araquanid\n|-status|p1b: Araquanid|slp|[from] move: Rest\n|-heal|p1b: Araquanid|100/100 slp|[silent]\n|\n|upkeep\n|turn|8\n|inactive|jkjuiu has 30 seconds left.\n|\n|t:|1776545434\n|detailschange|p2a: Gengar|Gengar-Mega, L50, M, shiny\n|-mega|p2a: Gengar|Gengar|Gengarite\n|move|p1a: Scizor|Bullet Punch|p2a: Gengar\n|-damage|p2a: Gengar|9/100\n|move|p2a: Gengar|Skill Swap|p1b: Araquanid\n|-activate|p2a: Gengar|Skill Swap|Water Bubble|Shadow Tag|[of] p1b: Araquanid\n|move|p2b: Milotic|Scald|p1a: Scizor\n|-damage|p1a: Scizor|75/100\n|cant|p1b: Araquanid|slp\n|\n|upkeep\n|turn|9\n|\n|t:|1776545448\n|move|p1a: Scizor|Bullet Punch|p2a: Gengar\n|-damage|p2a: Gengar|0 fnt\n|faint|p2a: Gengar\n|move|p2b: Milotic|Scald|p1a: Scizor\n|-damage|p1a: Scizor|54/100\n|-status|p1a: Scizor|brn\n|cant|p1b: Araquanid|slp\n|\n|-damage|p1a: Scizor|48/100 brn|[from] brn\n|upkeep\n|turn|10\n|-message|jkjuiu forfeited.\n|\n|win|liliyliilyliy\n|raw|liliyliilyliy's rating: 1060 &rarr; <strong>1088</strong><br />(+28 for winning)\n|raw|jkjuiu's rating: 1024 &rarr; <strong>1012</strong><br />(-12 for losing)\n|l|\u2606jkjuiu\n|player|p2|\n",
  "uploadtime": 1776545465,
  "views": 24,
  "formatid": "gen9championsvgc2026regma",
  "rating": 1012,
  "private": 0,
  "password": null
}