{
  "id": "gen9championsvgc2026regma-2585538315",
  "format": "[Gen 9 Champions] VGC 2026 Reg M-A",
  "players": [
    "dr.ultraball head",
    "Nashi53"
  ],
  "log": "|j|\u2606dr.ultraball head\n|j|\u2606Nashi53\n|t:|1776354160\n|gametype|doubles\n|player|p1|dr.ultraball head|gardenia-masters|1100\n|player|p2|Nashi53|265|1032\n|gen|9\n|tier|[Gen 9 Champions] VGC 2026 Reg M-A\n|rated|\n|rule|Species Clause: Limit one of each Pok\u00e9mon\n|rule|Item Clause: Limit 1 of each item\n|clearpoke\n|poke|p1|Chandelure, L50, M|\n|poke|p1|Whimsicott, L50, M|\n|poke|p1|Orthworm, L50, F|\n|poke|p1|Tyranitar, L50, F|\n|poke|p1|Garchomp, L50, F|\n|poke|p1|Gyarados, L50, M|\n|poke|p2|Kleavor, L50, F|\n|poke|p2|Basculegion, L50, M|\n|poke|p2|Incineroar, L50, M|\n|poke|p2|Whimsicott, L50, F|\n|poke|p2|Gardevoir, L50, F|\n|poke|p2|Altaria, L50, F|\n|teampreview|4\n|inactive|Battle timer is ON: inactive players will automatically lose when time's up. (requested by Nashi53)\nNashi53 rejected open team sheets.\n|inactive|dr.ultraball head has 60 seconds left.\n|inactive|Nashi53 has 60 seconds left.\n|\n|t:|1776354205\n|teamsize|p1|4\n|teamsize|p2|4\n|start\n|switch|p1a: Kyo|Chandelure, L50, M|100/100\n|switch|p1b: Bob|Orthworm, L50, F|100/100\n|switch|p2a: Kleavor|Kleavor, L50, F|100/100\n|switch|p2b: Incineroar|Incineroar, L50, M|100/100\n|-ability|p2b: Incineroar|Intimidate|boost\n|-unboost|p1a: Kyo|atk|1\n|-unboost|p1b: Bob|atk|1\n|turn|1\n|\n|t:|1776354223\n|switch|p1a: Nessy|Gyarados, L50, M|100/100\n|-ability|p1a: Nessy|Intimidate|boost\n|-unboost|p2a: Kleavor|atk|1\n|-unboost|p2b: Incineroar|atk|1\n|switch|p1b: Moeko|Whimsicott, L50, M|100/100\n|move|p2b: Incineroar|Fake Out|p1b: Moeko\n|-damage|p1b: Moeko|89/100\n|move|p2a: Kleavor|Tailwind|p2a: Kleavor\n|-sidestart|p2: Nashi53|move: Tailwind\n|\n|upkeep\n|turn|2\n|\n|t:|1776354247\n|move|p1b: Moeko|Encore|p2a: Kleavor\n|-start|p2a: Kleavor|Encore\n|move|p2a: Kleavor|Tailwind||[still]\n|-fail|p2a: Kleavor\n|move|p1a: Nessy|Waterfall|p2b: Incineroar\n|-supereffective|p2b: Incineroar|1\n|-damage|p2b: Incineroar|44/100\n|-enditem|p2b: Incineroar|Sitrus Berry|[eat]\n|-heal|p2b: Incineroar|69/100|[from] item: Sitrus Berry\n|move|p2b: Incineroar|Parting Shot|p1a: Nessy\n|-unboost|p1a: Nessy|atk|1\n|-unboost|p1a: Nessy|spa|1\n|\n|t:|1776354261\n|switch|p2b: Gardevoir|Gardevoir, L50, F|100/100|[from] Parting Shot\n|-ability|p2b: Gardevoir|Intimidate|Trace|[from] ability: Trace|[of] p1a: Nessy\n|-ability|p2b: Gardevoir|Intimidate|boost\n|-unboost|p1a: Nessy|atk|1\n|-unboost|p1b: Moeko|atk|1\n|\n|upkeep\n|turn|3\n|\n|t:|1776354274\n|switch|p2a: Incineroar|Incineroar, L50, M|69/100\n|-ability|p2a: Incineroar|Intimidate|boost\n|-unboost|p1a: Nessy|atk|1\n|-unboost|p1b: Moeko|atk|1\n|detailschange|p2b: Gardevoir|Gardevoir-Mega, L50, F\n|-mega|p2b: Gardevoir|Gardevoir|Gardevoirite\n|move|p1b: Moeko|Tailwind|p1b: Moeko\n|-sidestart|p1: dr.ultraball head|move: Tailwind\n|move|p2b: Gardevoir|Hyper Voice|p1a: Nessy|[spread] p1a,p1b\n|-damage|p1a: Nessy|57/100\n|-damage|p1b: Moeko|8/100\n|move|p1a: Nessy|Thunder Wave|p2b: Gardevoir\n|-status|p2b: Gardevoir|par\n|\n|-heal|p1a: Nessy|63/100|[from] item: Leftovers\n|upkeep\n|turn|4\n|inactive|dr.ultraball head has 30 seconds left.\n|\n|t:|1776354303\n|switch|p1a: Bob|Orthworm, L50, F|100/100\n|move|p1b: Moeko|Protect|p1b: Moeko\n|-singleturn|p1b: Moeko|Protect\n|move|p2a: Incineroar|Fake Out|p1a: Bob\n|-resisted|p1a: Bob|1\n|-damage|p1a: Bob|97/100\n|move|p2b: Gardevoir|Hyper Voice|p1a: Bob|[spread] p1a\n|-activate|p1b: Moeko|move: Protect\n|-resisted|p1a: Bob|1\n|-damage|p1a: Bob|57/100\n|\n|-sideend|p2: Nashi53|move: Tailwind\n|upkeep\n|turn|5\n|\n|t:|1776354333\n|switch|p2a: Kleavor|Kleavor, L50, F|100/100\n|move|p2b: Gardevoir|Protect|p2b: Gardevoir\n|-singleturn|p2b: Gardevoir|Protect\n|move|p1b: Moeko|Encore||[still]\n|-fail|p1b: Moeko\n|move|p1a: Bob|Heavy Slam|p2b: Gardevoir\n|-activate|p2b: Gardevoir|move: Protect\n|\n|upkeep\n|turn|6\n|\n|t:|1776354351\n|switch|p1b: Nessy|Gyarados, L50, M|63/100\n|-ability|p1b: Nessy|Intimidate|boost\n|-unboost|p2a: Kleavor|atk|1\n|-unboost|p2b: Gardevoir|atk|1\n|move|p1a: Bob|Heavy Slam|p2b: Gardevoir\n|-supereffective|p2b: Gardevoir|1\n|-damage|p2b: Gardevoir|0 fnt\n|faint|p2b: Gardevoir\n|move|p2a: Kleavor|Stone Axe|p1a: Bob\n|-resisted|p1a: Bob|1\n|-damage|p1a: Bob|46/100\n|-sidestart|p1: dr.ultraball head|move: Stealth Rock\n|-enditem|p1a: Bob|Sitrus Berry|[eat]\n|-heal|p1a: Bob|71/100|[from] item: Sitrus Berry\n|\n|-heal|p1b: Nessy|69/100|[from] item: Leftovers\n|-sideend|p1: dr.ultraball head|move: Tailwind\n|upkeep\n|\n|t:|1776354366\n|switch|p2b: Incineroar|Incineroar, L50, M|69/100\n|-ability|p2b: Incineroar|Intimidate|boost\n|-unboost|p1a: Bob|atk|1\n|-unboost|p1b: Nessy|atk|1\n|turn|7\n|\n|t:|1776354378\n|move|p2a: Kleavor|Tailwind|p2a: Kleavor\n|-sidestart|p2: Nashi53|move: Tailwind\n|move|p1b: Nessy|Waterfall|p2a: Kleavor\n|-supereffective|p2a: Kleavor|1\n|-damage|p2a: Kleavor|41/100\n|move|p2b: Incineroar|Flare Blitz|p1a: Bob\n|-supereffective|p1a: Bob|1\n|-damage|p1a: Bob|9/100\n|-damage|p2b: Incineroar|48/100|[from] Recoil\n|move|p1a: Bob|Shed Tail|p1a: Bob\n|-fail|p1a: Bob|move: Shed Tail|[weak]\n|\n|-heal|p1b: Nessy|75/100|[from] item: Leftovers\n|upkeep\n|turn|8\n|\n|t:|1776354401\n|move|p2a: Kleavor|Stone Axe|p1b: Nessy|[miss]\n|-miss|p2a: Kleavor|p1b: Nessy\n|move|p1b: Nessy|Waterfall|p2a: Kleavor\n|-supereffective|p2a: Kleavor|1\n|-damage|p2a: Kleavor|0 fnt\n|faint|p2a: Kleavor\n|move|p2b: Incineroar|Snarl|p1a: Bob|[spread] p1a,p1b\n|-damage|p1a: Bob|0 fnt\n|-damage|p1b: Nessy|64/100\n|-unboost|p1b: Nessy|spa|1\n|faint|p1a: Bob\n|\n|-heal|p1b: Nessy|70/100|[from] item: Leftovers\n|upkeep\n|\n|t:|1776354417\n|switch|p2a: Basculegion|Basculegion, L50, M|100/100\n|switch|p1a: Moeko|Whimsicott, L50, M|8/100\n|-damage|p1a: Moeko|0 fnt|[from] Stealth Rock\n|faint|p1a: Moeko\n|\n|t:|1776354424\n|switch|p1a: Kyo|Chandelure, L50, M|100/100\n|-damage|p1a: Kyo|76/100|[from] Stealth Rock\n|turn|9\n|\n|t:|1776354438\n|detailschange|p1a: Kyo|Chandelure-Mega, L50, M\n|-mega|p1a: Kyo|Chandelure|Chandelurite\n|move|p1a: Kyo|Protect|p1a: Kyo\n|-singleturn|p1a: Kyo|Protect\n|move|p2a: Basculegion|Last Respects|p1a: Kyo\n|-activate|p1a: Kyo|move: Protect\n|move|p1b: Nessy|Thunder Wave|p2a: Basculegion|[miss]\n|-miss|p1b: Nessy|p2a: Basculegion\n|move|p2b: Incineroar|Snarl|p1a: Kyo|[spread] p1b\n|-activate|p1a: Kyo|move: Protect\n|-crit|p1b: Nessy\n|-damage|p1b: Nessy|55/100\n|-unboost|p1b: Nessy|spa|1\n|\n|-heal|p1b: Nessy|61/100|[from] item: Leftovers\n|upkeep\n|turn|10\n|\n|t:|1776354461\n|move|p1a: Kyo|Protect|p1a: Kyo\n|-singleturn|p1a: Kyo|Protect\n|move|p2a: Basculegion|Last Respects|p1a: Kyo\n|-activate|p1a: Kyo|move: Protect\n|move|p1b: Nessy|Thunder Wave|p2a: Basculegion\n|-status|p2a: Basculegion|par\n|move|p2b: Incineroar|Snarl|p1b: Nessy|[spread] p1b\n|-activate|p1a: Kyo|move: Protect\n|-damage|p1b: Nessy|49/100\n|-unboost|p1b: Nessy|spa|1\n|\n|-heal|p1b: Nessy|55/100|[from] item: Leftovers\n|-sideend|p2: Nashi53|move: Tailwind\n|upkeep\n|turn|11\n|\n|t:|1776354484\n|move|p1a: Kyo|Shadow Ball|p2a: Basculegion\n|-supereffective|p2a: Basculegion|1\n|-damage|p2a: Basculegion|0 fnt\n|faint|p2a: Basculegion\n|move|p1b: Nessy|Waterfall|p2b: Incineroar\n|-supereffective|p2b: Incineroar|1\n|-damage|p2b: Incineroar|6/100\n|move|p2b: Incineroar|Snarl|p1b: Nessy|[spread] p1a,p1b\n|-supereffective|p1a: Kyo|1\n|-damage|p1a: Kyo|48/100\n|-damage|p1b: Nessy|45/100\n|-unboost|p1a: Kyo|spa|1\n|-unboost|p1b: Nessy|spa|1\n|\n|-heal|p1b: Nessy|50/100|[from] item: Leftovers\n|upkeep\n|turn|12\n|c|\u2606dr.ultraball head|Ggs\n|\n|t:|1776354504\n|move|p1a: Kyo|Shadow Ball|p2b: Incineroar\n|-resisted|p2b: Incineroar|1\n|-damage|p2b: Incineroar|0 fnt\n|faint|p2b: Incineroar\n|\n|win|dr.ultraball head\n|raw|dr.ultraball head's rating: 1100 &rarr; <strong>1120</strong><br />(+20 for winning)\n|raw|Nashi53's rating: 1032 &rarr; <strong>1020</strong><br />(-12 for losing)\n|c|\u2606Nashi53|yea\n|l|\u2606Nashi53\n|player|p2|\n",
  "uploadtime": 1776354567,
  "views": 20,
  "formatid": "gen9championsvgc2026regma",
  "rating": 1020,
  "private": 0,
  "password": null
}