{
  "id": "gen9championsvgc2026regma-2586673817",
  "format": "[Gen 9 Champions] VGC 2026 Reg M-A",
  "players": [
    "mura10900",
    "brazzers777"
  ],
  "log": "|j|\u2606mura10900\n|j|\u2606brazzers777\n|t:|1776451055\n|gametype|doubles\n|player|p1|mura10900|101|1155\n|player|p2|brazzers777|1|1107\n|gen|9\n|tier|[Gen 9 Champions] VGC 2026 Reg M-A\n|rated|\n|rule|Species Clause: Limit one of each Pok\u00e9mon\n|rule|Item Clause: Limit 1 of each item\n|clearpoke\n|poke|p1|Charizard, L50, F|\n|poke|p1|Venusaur, L50, M|\n|poke|p1|Espathra, L50, F|\n|poke|p1|Milotic, L50, M|\n|poke|p1|Sneasler, L50, M|\n|poke|p1|Aerodactyl, L50, M|\n|poke|p2|Vivillon-Fancy, L50, F|\n|poke|p2|Meganium, L50, M|\n|poke|p2|Tyranitar, L50, F|\n|poke|p2|Umbreon, L50, F|\n|poke|p2|Basculegion-F, L50, F|\n|poke|p2|Delphox, L50, F|\n|teampreview|4\n|inactive|Battle timer is ON: inactive players will automatically lose when time's up. (requested by brazzers777)\n|inactive|brazzers777 has 60 seconds left.\n|\n|t:|1776451089\n|teamsize|p1|4\n|teamsize|p2|4\n|start\n|switch|p1a: Sneasler|Sneasler, L50, M|100/100\n|switch|p1b: Charizard|Charizard, L50, F|100/100\n|switch|p2a: Vivillon|Vivillon-Fancy, L50, F|100/100\n|switch|p2b: Umbreon|Umbreon, L50, F|100/100\n|turn|1\n|\n|t:|1776451103\n|move|p2a: Vivillon|Protect|p2a: Vivillon\n|-singleturn|p2a: Vivillon|Protect\n|move|p2b: Umbreon|Protect|p2b: Umbreon\n|-singleturn|p2b: Umbreon|Protect\n|move|p1a: Sneasler|Fake Out|p2b: Umbreon\n|-activate|p2b: Umbreon|move: Protect\n|move|p1b: Charizard|Heat Wave|p2b: Umbreon|[spread] \n|-activate|p2a: Vivillon|move: Protect\n|-activate|p2b: Umbreon|move: Protect\n|\n|upkeep\n|turn|2\n|inactive|brazzers777 has 30 seconds left.\n|inactive|brazzers777 has 20 seconds left.\n|\n|t:|1776451144\n|switch|p1b: Venusaur|Venusaur, L50, M|100/100\n|move|p2a: Vivillon|Sleep Powder|p1b: Venusaur\n|-immune|p1b: Venusaur\n|move|p1a: Sneasler|Dire Claw|p2a: Vivillon\n|-damage|p2a: Vivillon|7/100\n|move|p2b: Umbreon|Yawn|p1a: Sneasler\n|-start|p1a: Sneasler|move: Yawn|[of] p2b: Umbreon\n|\n|upkeep\n|turn|3\n|inactive|brazzers777 has 30 seconds left.\n|\n|t:|1776451169\n|move|p2a: Vivillon|Protect|p2a: Vivillon\n|-singleturn|p2a: Vivillon|Protect\n|move|p1a: Sneasler|Close Combat|p2b: Umbreon\n|-supereffective|p2b: Umbreon|1\n|-damage|p2b: Umbreon|5/100\n|-unboost|p1a: Sneasler|def|1\n|-unboost|p1a: Sneasler|spd|1\n|-enditem|p1a: Sneasler|White Herb\n|-clearnegativeboost|p1a: Sneasler|[silent]\n|move|p1b: Venusaur|Sludge Bomb|p2a: Vivillon\n|-activate|p2a: Vivillon|move: Protect\n|move|p2b: Umbreon|Snarl|p1b: Venusaur|[spread] p1a,p1b\n|-resisted|p1a: Sneasler|1\n|-damage|p1a: Sneasler|96/100\n|-damage|p1b: Venusaur|89/100\n|-unboost|p1a: Sneasler|spa|1\n|-unboost|p1b: Venusaur|spa|1\n|\n|-heal|p2b: Umbreon|11/100|[from] item: Leftovers\n|-end|p1a: Sneasler|move: Yawn|[silent]\n|-status|p1a: Sneasler|slp\n|upkeep\n|turn|4\n|inactive|brazzers777 has 30 seconds left.\n|\n|t:|1776451200\n|cant|p1a: Sneasler|slp\n|move|p2a: Vivillon|Hurricane|p1b: Venusaur\n|-supereffective|p1b: Venusaur|1\n|-damage|p1b: Venusaur|0 fnt\n|faint|p1b: Venusaur\n|move|p2b: Umbreon|Yawn||[still]\n|-fail|p2b: Umbreon\n|\n|-heal|p2b: Umbreon|17/100|[from] item: Leftovers\n|upkeep\n|\n|t:|1776451208\n|switch|p1b: Charizard|Charizard, L50, F|100/100\n|turn|5\n|\n|t:|1776451220\n|detailschange|p1b: Charizard|Charizard-Mega-Y, L50, F\n|-mega|p1b: Charizard|Charizard|Charizardite Y\n|-weather|SunnyDay|[from] ability: Drought|[of] p1b: Charizard\n|cant|p1a: Sneasler|slp\n|move|p2a: Vivillon|Sleep Powder|p1b: Charizard\n|-status|p1b: Charizard|slp|[from] move: Sleep Powder\n|cant|p1b: Charizard|slp\n|move|p2b: Umbreon|Foul Play|p1a: Sneasler\n|-resisted|p1a: Sneasler|1\n|-damage|p1a: Sneasler|56/100 slp\n|\n|-weather|SunnyDay|[upkeep]\n|-heal|p2b: Umbreon|23/100|[from] item: Leftovers\n|upkeep\n|turn|6\n|c|\u2606mura10900|this team is devipous ong\n|\n|t:|1776451273\n|-curestatus|p1a: Sneasler|slp|[msg]\n|move|p1a: Sneasler|Dire Claw|p2b: Umbreon\n|-damage|p2b: Umbreon|0 fnt\n|faint|p2b: Umbreon\n|move|p2a: Vivillon|Hurricane|p1a: Sneasler|[miss]\n|-miss|p2a: Vivillon|p1a: Sneasler\n|cant|p1b: Charizard|slp\n|\n|-weather|SunnyDay|[upkeep]\n|upkeep\n|inactive|brazzers777 has 30 seconds left.\n|inactive|brazzers777 has 20 seconds left.\n|\n|t:|1776451326\n|switch|p2b: Basculegion|Basculegion-F, L50, F|100/100\n|turn|7\n|inactive|mura10900 has 30 seconds left.\n|inactive|mura10900 has 20 seconds left.\n|inactive|mura10900 has 15 seconds left.\n|\n|t:|1776451371\n|switch|p1b: Milotic|Milotic, L50, M|100/100\n|move|p2a: Vivillon|Protect|p2a: Vivillon\n|-singleturn|p2a: Vivillon|Protect\n|move|p1a: Sneasler|Dire Claw|p2a: Vivillon\n|-activate|p2a: Vivillon|move: Protect\n|move|p2b: Basculegion|Shadow Ball|p1a: Sneasler\n|-damage|p1a: Sneasler|0 fnt\n|faint|p1a: Sneasler\n|\n|-weather|SunnyDay|[upkeep]\n|upkeep\n|inactive|mura10900 has 30 seconds left.\n|\n|t:|1776451404\n|switch|p1a: Charizard|Charizard-Mega-Y, L50, F|100/100 slp\n|turn|8\n|inactive|brazzers777 has 30 seconds left.\n|inactive|brazzers777 has 20 seconds left.\n|inactive|brazzers777 has 15 seconds left.\n|\n|t:|1776451452\n|move|p1b: Milotic|Protect|p1b: Milotic\n|-singleturn|p1b: Milotic|Protect\n|move|p2a: Vivillon|Sleep Powder|p1b: Milotic\n|-activate|p1b: Milotic|move: Protect\n|-curestatus|p1a: Charizard|slp|[msg]\n|move|p1a: Charizard|Heat Wave|p2a: Vivillon|[spread] p2a,p2b\n|-supereffective|p2a: Vivillon|1\n|-resisted|p2b: Basculegion|1\n|-damage|p2a: Vivillon|0 fnt\n|-damage|p2b: Basculegion|62/100\n|faint|p2a: Vivillon\n|move|p2b: Basculegion|Shadow Ball|p1b: Milotic\n|-activate|p1b: Milotic|move: Protect\n|\n|-weather|SunnyDay|[upkeep]\n|upkeep\n|\n|t:|1776451456\n|switch|p2a: Tyranitar|Tyranitar, L50, F|100/100\n|-weather|Sandstorm|[from] ability: Sand Stream|[of] p2a: Tyranitar\n|turn|9\n|\n|t:|1776451475\n|move|p2a: Tyranitar|Rock Slide|p1a: Charizard|[spread] p1a,p1b\n|-supereffective|p1a: Charizard|2\n|-damage|p1a: Charizard|0 fnt\n|-damage|p1b: Milotic|72/100\n|faint|p1a: Charizard\n|cant|p1b: Milotic|flinch\n|move|p2b: Basculegion|Shadow Ball|p1b: Milotic\n|-damage|p1b: Milotic|35/100\n|-unboost|p1b: Milotic|spd|1\n|-ability|p1b: Milotic|Competitive|boost\n|-boost|p1b: Milotic|spa|2\n|\n|-weather|Sandstorm|[upkeep]\n|-damage|p1b: Milotic|29/100|[from] Sandstorm\n|-damage|p2b: Basculegion|56/100|[from] Sandstorm\n|-heal|p1b: Milotic|35/100|[from] item: Leftovers\n|upkeep\n|turn|10\n|\n|t:|1776451486\n|move|p2a: Tyranitar|Rock Slide|p1b: Milotic\n|-damage|p1b: Milotic|0 fnt\n|faint|p1b: Milotic\n|\n|win|brazzers777\n|raw|mura10900's rating: 1155 &rarr; <strong>1127</strong><br />(-28 for losing)\n|raw|brazzers777's rating: 1107 &rarr; <strong>1135</strong><br />(+28 for winning)\n|l|\u2606mura10900\n|player|p1|\n",
  "uploadtime": 1776451498,
  "views": 30,
  "formatid": "gen9championsvgc2026regma",
  "rating": 1127,
  "private": 0,
  "password": null
}