{
  "id": "gen9championsvgc2026regma-2587248879",
  "format": "[Gen 9 Champions] VGC 2026 Reg M-A",
  "players": [
    "W0kMeDed",
    "BossgodoraII"
  ],
  "log": "|j|\u2606W0kMeDed\n|j|\u2606BossgodoraII\n|t:|1776514241\n|gametype|doubles\n|player|p1|W0kMeDed|palmer|1475\n|player|p2|BossgodoraII|gentleman-gen4|1500\n|gen|9\n|tier|[Gen 9 Champions] VGC 2026 Reg M-A\n|rated|\n|rule|Species Clause: Limit one of each Pok\u00e9mon\n|rule|Item Clause: Limit 1 of each item\n|clearpoke\n|poke|p1|Clefable, L50, F|\n|poke|p1|Skeledirge, L50, M|\n|poke|p1|Milotic, L50, F|\n|poke|p1|Sinistcha, L50|\n|poke|p1|Incineroar, L50, M|\n|poke|p1|Lopunny, L50, F|\n|poke|p2|Delphox, L50, M|\n|poke|p2|Sneasler, L50, F|\n|poke|p2|Aerodactyl, L50, F|\n|poke|p2|Garchomp, L50, F|\n|poke|p2|Kingambit, L50, F|\n|poke|p2|Tsareena, L50, F|\n|teampreview|4\n|inactive|Battle timer is ON: inactive players will automatically lose when time's up. (requested by BossgodoraII)\nBossgodoraII rejected open team sheets.\n|\n|t:|1776514268\n|teamsize|p1|4\n|teamsize|p2|4\n|start\n|switch|p1a: Trifolium|Clefable, L50, F|100/100\n|switch|p1b: VGC 2019|Milotic, L50, F|100/100\n|switch|p2a: Delphox|Delphox, L50, M|100/100\n|switch|p2b: Sneasler|Sneasler, L50, F|100/100\n|turn|1\n|j| rosmarino1\n|\n|t:|1776514290\n|switch|p2a: Kingambit|Kingambit, L50, F|100/100\n|move|p2b: Sneasler|Dire Claw|p1a: Trifolium\n|-supereffective|p1a: Trifolium|1\n|-damage|p1a: Trifolium|17/100\n|move|p1b: VGC 2019|Coil|p1b: VGC 2019\n|-boost|p1b: VGC 2019|atk|1\n|-boost|p1b: VGC 2019|def|1\n|-boost|p1b: VGC 2019|accuracy|1\n|move|p1a: Trifolium|Calm Mind|p1a: Trifolium\n|-boost|p1a: Trifolium|spa|1\n|-boost|p1a: Trifolium|spd|1\n|\n|upkeep\n|turn|2\n|\n|t:|1776514306\n|move|p2b: Sneasler|Close Combat|p1b: VGC 2019\n|-damage|p1b: VGC 2019|66/100\n|-unboost|p2b: Sneasler|def|1\n|-unboost|p2b: Sneasler|spd|1\n|-enditem|p2b: Sneasler|White Herb\n|-clearnegativeboost|p2b: Sneasler|[silent]\n|move|p1b: VGC 2019|Hypnosis|p2a: Kingambit\n|-status|p2a: Kingambit|slp|[from] move: Hypnosis\n|move|p1a: Trifolium|Moonblast|p2b: Sneasler\n|-damage|p2b: Sneasler|33/100\n|cant|p2a: Kingambit|slp\n|\n|-heal|p1b: VGC 2019|72/100|[from] item: Leftovers\n|upkeep\n|turn|3\n|\n|t:|1776514321\n|move|p1a: Trifolium|Follow Me|p1a: Trifolium\n|-singleturn|p1a: Trifolium|move: Follow Me\n|move|p2b: Sneasler|Dire Claw|p1a: Trifolium\n|-supereffective|p1a: Trifolium|1\n|-damage|p1a: Trifolium|0 fnt\n|faint|p1a: Trifolium\n|move|p1b: VGC 2019|Coil|p1b: VGC 2019\n|-boost|p1b: VGC 2019|atk|1\n|-boost|p1b: VGC 2019|def|1\n|-boost|p1b: VGC 2019|accuracy|1\n|cant|p2a: Kingambit|slp\n|\n|-heal|p1b: VGC 2019|78/100|[from] item: Leftovers\n|upkeep\n|\n|t:|1776514332\n|switch|p1a: use poltergeist|Skeledirge, L50, M|100/100\n|turn|4\n|\n|t:|1776514340\n|-curestatus|p2a: Kingambit|slp|[msg]\n|move|p2a: Kingambit|Sucker Punch|p1a: use poltergeist\n|-supereffective|p1a: use poltergeist|1\n|-damage|p1a: use poltergeist|33/100\n|move|p2b: Sneasler|Dire Claw|p1b: VGC 2019\n|-damage|p1b: VGC 2019|58/100\n|move|p1b: VGC 2019|Muddy Water|p2a: Kingambit|[spread] p2a,p2b\n|-damage|p2a: Kingambit|80/100\n|-damage|p2b: Sneasler|6/100\n|move|p1a: use poltergeist|Torch Song|p2a: Kingambit\n|-supereffective|p2a: Kingambit|1\n|-damage|p2a: Kingambit|12/100\n|-boost|p1a: use poltergeist|spa|1\n|\n|-heal|p1b: VGC 2019|64/100|[from] item: Leftovers\n|upkeep\n|turn|5\n|\n|t:|1776514356\n|move|p2a: Kingambit|Protect|p2a: Kingambit\n|-singleturn|p2a: Kingambit|Protect\n|move|p2b: Sneasler|Dire Claw|p1b: VGC 2019\n|-damage|p1b: VGC 2019|44/100\n|-status|p1b: VGC 2019|psn\n|move|p1b: VGC 2019|Muddy Water|p2b: Sneasler|[spread] p2b\n|-activate|p2a: Kingambit|move: Protect\n|-damage|p2b: Sneasler|0 fnt\n|faint|p2b: Sneasler\n|move|p1a: use poltergeist|Slack Off|p1a: use poltergeist\n|-heal|p1a: use poltergeist|83/100\n|\n|-heal|p1b: VGC 2019|50/100 psn|[from] item: Leftovers\n|-damage|p1b: VGC 2019|37/100 psn|[from] psn\n|upkeep\n|\n|t:|1776514360\n|switch|p2b: Delphox|Delphox, L50, M|100/100\n|turn|6\n|\n|t:|1776514371\n|detailschange|p2b: Delphox|Delphox-Mega, L50, M\n|-mega|p2b: Delphox|Delphox|Delphoxite\n|move|p2a: Kingambit|Sucker Punch|p1a: use poltergeist\n|-supereffective|p1a: use poltergeist|1\n|-damage|p1a: use poltergeist|17/100\n|move|p2b: Delphox|Psychic|p1b: VGC 2019\n|-damage|p1b: VGC 2019|4/100 psn\n|-unboost|p1b: VGC 2019|spd|1\n|-ability|p1b: VGC 2019|Competitive|boost\n|-boost|p1b: VGC 2019|spa|2\n|move|p1b: VGC 2019|Recover|p1b: VGC 2019\n|-heal|p1b: VGC 2019|54/100 psn\n|move|p1a: use poltergeist|Shadow Ball|p2b: Delphox\n|-supereffective|p2b: Delphox|1\n|-damage|p2b: Delphox|2/100\n|-unboost|p2b: Delphox|spd|1\n|\n|-heal|p1b: VGC 2019|60/100 psn|[from] item: Leftovers\n|-damage|p1b: VGC 2019|48/100 psn|[from] psn\n|upkeep\n|turn|7\n|\n|t:|1776514393\n|move|p2a: Kingambit|Sucker Punch|p1b: VGC 2019\n|-damage|p1b: VGC 2019|31/100 psn\n|move|p2b: Delphox|Heat Wave|p1a: use poltergeist|[spread] \n|-miss|p2b: Delphox|p1a: use poltergeist\n|-miss|p2b: Delphox|p1b: VGC 2019\n|move|p1b: VGC 2019|Muddy Water|p2b: Delphox|[spread] p2a,p2b\n|-supereffective|p2b: Delphox|1\n|-damage|p2a: Kingambit|0 fnt\n|-damage|p2b: Delphox|0 fnt\n|faint|p2a: Kingambit\n|faint|p2b: Delphox\n|move|p1a: use poltergeist|Slack Off|p1a: use poltergeist\n|-heal|p1a: use poltergeist|67/100\n|\n|-heal|p1b: VGC 2019|37/100 psn|[from] item: Leftovers\n|-damage|p1b: VGC 2019|25/100 psn|[from] psn\n|upkeep\n|c|\u2606BossgodoraII|...\n|c|\u2606BossgodoraII|gg\n|\n|t:|1776514411\n|switch|p2b: Tsareena|Tsareena, L50, F|100/100\n|turn|8\n|c|\u2606W0kMeDed|sorry man\n|-message|BossgodoraII forfeited.\n|\n|win|W0kMeDed\n|raw|W0kMeDed's rating: 1475 &rarr; <strong>1496</strong><br />(+21 for winning)\n|raw|BossgodoraII's rating: 1500 &rarr; <strong>1479</strong><br />(-21 for losing)\n|c|\u2606W0kMeDed|gg\n|c|\u2606BossgodoraII|second time this morning :^)\n|c|\u2606W0kMeDed|it happens\n|c|\u2606BossgodoraII|Yeah I stopped playing zard for the heat wave misses\n|c|\u2606BossgodoraII|Was just trying this out\n",
  "uploadtime": 1776514421,
  "views": 43,
  "formatid": "gen9championsvgc2026regma",
  "rating": 1479,
  "private": 0,
  "password": null
}