{
  "id": "gen9championsvgc2026regma-2581285497",
  "format": "[Gen 9 Champions] VGC 2026 Reg M-A",
  "players": [
    "Zoenna55",
    "greeencross"
  ],
  "log": "|j|\u2606Zoenna55\n|j|\u2606greeencross\n|t:|1775981371\n|gametype|doubles\n|player|p1|Zoenna55|reporter|1271\n|player|p2|greeencross|170|1375\n|gen|9\n|tier|[Gen 9 Champions] VGC 2026 Reg M-A\n|rated|\n|rule|Species Clause: Limit one of each Pok\u00e9mon\n|rule|Item Clause: Limit 1 of each item\n|clearpoke\n|poke|p1|Floette-Eternal, L50, F|\n|poke|p1|Whimsicott, L50, F|\n|poke|p1|Incineroar, L50, F|\n|poke|p1|Maushold-Four, L50|\n|poke|p1|Pelipper, L50, F|\n|poke|p1|Basculegion, L50, M|\n|poke|p2|Tyranitar, L50, M|\n|poke|p2|Rotom-Wash, L50|\n|poke|p2|Garchomp, L50, M|\n|poke|p2|Aerodactyl, L50, F|\n|poke|p2|Sinistcha, L50|\n|poke|p2|Sneasler, L50, F|\n|teampreview|4\n|inactive|Battle timer is ON: inactive players will automatically lose when time's up. (requested by greeencross)\n|j| gE1xjZRtuhW2DdT0AK\n|inactive|Zoenna55 has 60 seconds left.\n|\n|t:|1775981431\n|teamsize|p1|4\n|teamsize|p2|4\n|start\n|switch|p1a: Floette|Floette-Eternal, L50, F|100/100\n|switch|p1b: Incineroar|Incineroar, L50, F|100/100\n|switch|p2a: Rotom|Rotom-Wash, L50|100/100\n|switch|p2b: Garchomp|Garchomp, L50, M|100/100\n|-ability|p1b: Incineroar|Intimidate|boost\n|-unboost|p2a: Rotom|atk|1\n|-unboost|p2b: Garchomp|atk|1\n|turn|1\n|\n|t:|1775981448\n|detailschange|p1a: Floette|Floette-Mega, L50, F\n|-mega|p1a: Floette|Floette|Floettite\n|-ability|p1a: Floette|Fairy Aura\n|move|p2b: Garchomp|Protect|p2b: Garchomp\n|-singleturn|p2b: Garchomp|Protect\n|move|p1b: Incineroar|Fake Out|p2a: Rotom\n|-damage|p2a: Rotom|87/100\n|cant|p2a: Rotom|flinch\n|move|p1a: Floette|Dazzling Gleam|p2a: Rotom|[spread] p2a\n|-activate|p2b: Garchomp|move: Protect\n|-damage|p2a: Rotom|33/100\n|\n|upkeep\n|turn|2\n|inactive|Zoenna55 has 30 seconds left.\n|inactive|Zoenna55 has 20 seconds left.\n|inactive|Zoenna55 has 15 seconds left.\n|\n|t:|1775981490\n|move|p2a: Rotom|Electroweb|p1b: Incineroar|[spread] p1a,p1b\n|-damage|p1a: Floette|82/100\n|-damage|p1b: Incineroar|85/100\n|-unboost|p1a: Floette|spe|1\n|-unboost|p1b: Incineroar|spe|1\n|move|p2b: Garchomp|Poison Jab|p1a: Floette\n|-supereffective|p1a: Floette|1\n|-damage|p1a: Floette|31/100\n|-status|p1a: Floette|psn\n|move|p1a: Floette|Dazzling Gleam|p2b: Garchomp|[spread] p2a,p2b\n|-supereffective|p2b: Garchomp|1\n|-damage|p2a: Rotom|0 fnt\n|-damage|p2b: Garchomp|0 fnt\n|faint|p2a: Rotom\n|faint|p2b: Garchomp\n|move|p1b: Incineroar|Parting Shot|p2: Rotom|[notarget]\n|-fail|p1b: Incineroar\n|\n|-damage|p1a: Floette|19/100 psn|[from] psn\n|upkeep\n|\n|t:|1775981506\n|switch|p2b: Tyranitar|Tyranitar, L50, M|100/100\n|switch|p2a: Sneasler|Sneasler, L50, F|100/100\n|-weather|Sandstorm|[from] ability: Sand Stream|[of] p2b: Tyranitar\n|turn|3\n|inactive|Zoenna55 has 30 seconds left.\n|\n|t:|1775981533\n|switch|p1a: Maushold|Maushold-Four, L50|100/100\n|move|p2a: Sneasler|Fake Out|p1a: Maushold\n|-crit|p1a: Maushold\n|-damage|p1a: Maushold|73/100\n|move|p2b: Tyranitar|Rock Slide|p1b: Incineroar|[spread] p1a,p1b\n|-supereffective|p1b: Incineroar|1\n|-damage|p1a: Maushold|31/100\n|-damage|p1b: Incineroar|42/100\n|-enditem|p1b: Incineroar|Sitrus Berry|[eat]\n|-heal|p1b: Incineroar|67/100|[from] item: Sitrus Berry\n|cant|p1b: Incineroar|flinch\n|\n|-weather|Sandstorm|[upkeep]\n|-damage|p2a: Sneasler|95/100|[from] Sandstorm\n|-damage|p1a: Maushold|25/100|[from] Sandstorm\n|-damage|p1b: Incineroar|61/100|[from] Sandstorm\n|upkeep\n|turn|4\n|inactive|greeencross has 30 seconds left.\n|inactive|greeencross has 20 seconds left.\n|inactive|greeencross has 15 seconds left.\n|\n|t:|1775981576\n|move|p1a: Maushold|Protect|p1a: Maushold\n|-singleturn|p1a: Maushold|Protect\n|move|p2a: Sneasler|Dire Claw|p1a: Maushold\n|-activate|p1a: Maushold|move: Protect\n|move|p2b: Tyranitar|Rock Slide|p1b: Incineroar|[spread] p1b\n|-activate|p1a: Maushold|move: Protect\n|-supereffective|p1b: Incineroar|1\n|-damage|p1b: Incineroar|18/100\n|cant|p1b: Incineroar|flinch\n|\n|-weather|Sandstorm|[upkeep]\n|-damage|p2a: Sneasler|89/100|[from] Sandstorm\n|-damage|p1a: Maushold|19/100|[from] Sandstorm\n|-damage|p1b: Incineroar|12/100|[from] Sandstorm\n|upkeep\n|turn|5\n|inactive|Zoenna55 has 30 seconds left.\n|inactive|Zoenna55 has 20 seconds left.\n|inactive|Zoenna55 has 15 seconds left.\n|inactive|Zoenna55 has 10 seconds left.\n|\n|t:|1775981623\n|move|p1a: Maushold|Follow Me|p1a: Maushold\n|-singleturn|p1a: Maushold|move: Follow Me\n|move|p2a: Sneasler|Dire Claw|p1a: Maushold\n|-damage|p1a: Maushold|0 fnt\n|faint|p1a: Maushold\n|move|p2b: Tyranitar|Crunch|p1b: Incineroar\n|-resisted|p1b: Incineroar|1\n|-damage|p1b: Incineroar|0 fnt\n|faint|p1b: Incineroar\n|\n|-weather|Sandstorm|[upkeep]\n|-damage|p2a: Sneasler|83/100|[from] Sandstorm\n|upkeep\n|\n|t:|1775981632\n|switch|p1a: Floette|Floette-Mega, L50, F|19/100 psn\n|switch|p1b: Pelipper|Pelipper, L50, F|100/100\n|-weather|RainDance|[from] ability: Drizzle|[of] p1b: Pelipper\n|-ability|p1a: Floette|Fairy Aura\n|turn|6\n|\n|t:|1775981648\n|move|p2a: Sneasler|Protect|p2a: Sneasler\n|-singleturn|p2a: Sneasler|Protect\n|move|p2b: Tyranitar|Protect|p2b: Tyranitar\n|-singleturn|p2b: Tyranitar|Protect\n|move|p1b: Pelipper|Hurricane|p2a: Sneasler\n|-activate|p2a: Sneasler|move: Protect\n|move|p1a: Floette|Moonblast|p2b: Tyranitar\n|-activate|p2b: Tyranitar|move: Protect\n|\n|-weather|RainDance|[upkeep]\n|-damage|p1a: Floette|7/100 psn|[from] psn\n|upkeep\n|turn|7\n|\n|t:|1775981668\n|detailschange|p2b: Tyranitar|Tyranitar-Mega, L50, M\n|-mega|p2b: Tyranitar|Tyranitar|Tyranitarite\n|-weather|Sandstorm|[from] ability: Sand Stream|[of] p2b: Tyranitar\n|move|p1b: Pelipper|Hurricane|p2a: Sneasler\n|-supereffective|p2a: Sneasler|1\n|-damage|p2a: Sneasler|0 fnt\n|faint|p2a: Sneasler\n|move|p1a: Floette|Moonblast|p2b: Tyranitar\n|-supereffective|p2b: Tyranitar|1\n|-damage|p2b: Tyranitar|28/100\n|move|p2b: Tyranitar|Rock Slide|p1a: Floette|[spread] p1a,p1b\n|-supereffective|p1b: Pelipper|1\n|-damage|p1a: Floette|0 fnt\n|-damage|p1b: Pelipper|0 fnt\n|faint|p1a: Floette\n|faint|p1b: Pelipper\n|\n|win|greeencross\n|raw|Zoenna55's rating: 1271 &rarr; <strong>1253</strong><br />(-18 for losing)\n|raw|greeencross's rating: 1375 &rarr; <strong>1389</strong><br />(+14 for winning)\n",
  "uploadtime": 1775981673,
  "views": 22,
  "formatid": "gen9championsvgc2026regma",
  "rating": 1253,
  "private": 0,
  "password": null
}