{
  "id": "gen9championsvgc2026regma-2586056752",
  "format": "[Gen 9 Champions] VGC 2026 Reg M-A",
  "players": [
    "Ranmados",
    "dfyxss"
  ],
  "log": "|j|\u2606Ranmados\n|j|\u2606dfyxss\n|t:|1776394443\n|gametype|doubles\n|player|p1|Ranmados|coin|1169\n|player|p2|dfyxss|101|1136\n|gen|9\n|tier|[Gen 9 Champions] VGC 2026 Reg M-A\n|rated|\n|rule|Species Clause: Limit one of each Pok\u00e9mon\n|rule|Item Clause: Limit 1 of each item\n|clearpoke\n|poke|p1|Hawlucha, L50, M|\n|poke|p1|Maushold-Four, L50|\n|poke|p1|Snorlax, L50, F|\n|poke|p1|Rotom-Wash, L50|\n|poke|p1|Delphox, L50, M|\n|poke|p1|Garchomp, L50, M|\n|poke|p2|Mimikyu, L50, M|\n|poke|p2|Incineroar, L50, F|\n|poke|p2|Primarina, L50, M|\n|poke|p2|Drampa, L50, F|\n|poke|p2|Pinsir, L50, F|\n|poke|p2|Torkoal, L50, M|\n|teampreview|4\n|\n|t:|1776394472\n|teamsize|p1|4\n|teamsize|p2|4\n|start\n|switch|p1a: Rotom|Rotom-Wash, L50|100/100\n|switch|p1b: Snorlax|Snorlax, L50, F|100/100\n|switch|p2a: Mimikyu|Mimikyu, L50, M|100/100\n|switch|p2b: Incineroar|Incineroar, L50, F|100/100\n|-ability|p2b: Incineroar|Intimidate|boost\n|-unboost|p1a: Rotom|atk|1\n|-unboost|p1b: Snorlax|atk|1\n|turn|1\n|inactive|Battle timer is ON: inactive players will automatically lose when time's up. (requested by Ranmados)\n|\n|t:|1776394490\n|move|p1a: Rotom|Volt Switch|p2a: Mimikyu\n|-activate|p2a: Mimikyu|ability: Disguise\n|-damage|p2a: Mimikyu|100/100\n|detailschange|p2a: Mimikyu|Mimikyu-Busted, L50, M\n|-damage|p2a: Mimikyu|88/100|[from] pokemon: Mimikyu-Busted\n|\n|t:|1776394494\n|switch|p1a: Hawlucha|Hawlucha, L50, M|100/100|[from] Volt Switch\n|move|p2b: Incineroar|Parting Shot|p1a: Hawlucha\n|-unboost|p1a: Hawlucha|atk|1\n|-unboost|p1a: Hawlucha|spa|1\n|\n|t:|1776394507\n|switch|p2b: Torkoal|Torkoal, L50, M|100/100|[from] Parting Shot\n|-weather|SunnyDay|[from] ability: Drought|[of] p2b: Torkoal\n|move|p1b: Snorlax|Stockpile|p1b: Snorlax\n|-start|p1b: Snorlax|stockpile1\n|-boost|p1b: Snorlax|def|1\n|-boost|p1b: Snorlax|spd|1\n|move|p2a: Mimikyu|Trick Room|p2a: Mimikyu\n|-fieldstart|move: Trick Room|[of] p2a: Mimikyu\n|\n|-weather|SunnyDay|[upkeep]\n|upkeep\n|turn|2\n|\n|t:|1776394524\n|switch|p2a: Pinsir|Pinsir, L50, F|100/100\n|move|p1a: Hawlucha|Detect|p1a: Hawlucha\n|-singleturn|p1a: Hawlucha|Protect\n|move|p2b: Torkoal|Eruption|p1b: Snorlax|[spread] p1b\n|-activate|p1a: Hawlucha|move: Protect\n|-damage|p1b: Snorlax|87/100\n|move|p1b: Snorlax|Body Press|p2b: Torkoal\n|-damage|p2b: Torkoal|82/100\n|\n|-weather|SunnyDay|[upkeep]\n|-heal|p1b: Snorlax|93/100|[from] item: Leftovers\n|upkeep\n|turn|3\n|\n|t:|1776394546\n|switch|p1a: Rotom|Rotom-Wash, L50|100/100\n|detailschange|p2a: Pinsir|Pinsir-Mega, L50, F\n|-mega|p2a: Pinsir|Pinsir|Pinsirite\n|move|p2a: Pinsir|Feint|p1a: Rotom\n|-resisted|p1a: Rotom|1\n|-damage|p1a: Rotom|89/100\n|move|p2b: Torkoal|Eruption|p1a: Rotom|[spread] p1a,p1b\n|-resisted|p1a: Rotom|1\n|-damage|p1a: Rotom|50/100\n|-damage|p1b: Snorlax|80/100\n|move|p1b: Snorlax|Stockpile|p1b: Snorlax\n|-start|p1b: Snorlax|stockpile2\n|-boost|p1b: Snorlax|def|1\n|-boost|p1b: Snorlax|spd|1\n|\n|-weather|SunnyDay|[upkeep]\n|-heal|p1b: Snorlax|86/100|[from] item: Leftovers\n|upkeep\n|turn|4\n|\n|t:|1776394567\n|move|p2b: Torkoal|Solar Beam||[still]\n|-prepare|p2b: Torkoal|Solar Beam\n|-anim|p2b: Torkoal|Solar Beam|p1a: Rotom\n|-supereffective|p1a: Rotom|1\n|-damage|p1a: Rotom|0 fnt\n|faint|p1a: Rotom\n|move|p1b: Snorlax|Body Press|p2b: Torkoal\n|-damage|p2b: Torkoal|58/100\n|move|p2a: Pinsir|Close Combat|p1b: Snorlax\n|-supereffective|p1b: Snorlax|1\n|-damage|p1b: Snorlax|42/100\n|-unboost|p2a: Pinsir|def|1\n|-unboost|p2a: Pinsir|spd|1\n|\n|-weather|SunnyDay|[upkeep]\n|-heal|p1b: Snorlax|48/100|[from] item: Leftovers\n|upkeep\n|\n|t:|1776394578\n|switch|p1a: Hawlucha|Hawlucha, L50, M|100/100\n|turn|5\n|\n|t:|1776394587\n|move|p1b: Snorlax|Protect|p1b: Snorlax\n|-singleturn|p1b: Snorlax|Protect\n|move|p1a: Hawlucha|Detect|p1a: Hawlucha\n|-singleturn|p1a: Hawlucha|Protect\n|move|p2a: Pinsir|Feint|p1a: Hawlucha\n|-activate|p1a: Hawlucha|move: Feint\n|-supereffective|p1a: Hawlucha|1\n|-damage|p1a: Hawlucha|37/100\n|move|p2b: Torkoal|Eruption|p1b: Snorlax|[spread] p1a\n|-activate|p1b: Snorlax|move: Protect\n|-damage|p1a: Hawlucha|0 fnt\n|faint|p1a: Hawlucha\n|\n|-weather|none\n|-heal|p1b: Snorlax|54/100|[from] item: Leftovers\n|-fieldend|move: Trick Room\n|upkeep\n|\n|t:|1776394590\n|switch|p1a: Maushold|Maushold-Four, L50|100/100\n|turn|6\n|inactive|dfyxss has 30 seconds left.\n|\n|t:|1776394617\n|move|p1a: Maushold|Population Bomb|p2a: Pinsir\n|-damage|p2a: Pinsir|92/100\n|-damage|p2a: Pinsir|83/100\n|-damage|p2a: Pinsir|73/100\n|-damage|p2a: Pinsir|64/100\n|-damage|p2a: Pinsir|56/100\n|-damage|p2a: Pinsir|46/100\n|-damage|p2a: Pinsir|37/100\n|-damage|p2a: Pinsir|28/100\n|-damage|p2a: Pinsir|18/100\n|-damage|p2a: Pinsir|9/100\n|-hitcount|p2a: Pinsir|10\n|move|p2a: Pinsir|Close Combat|p1b: Snorlax\n|-supereffective|p1b: Snorlax|1\n|-damage|p1b: Snorlax|24/100\n|-unboost|p2a: Pinsir|def|1\n|-unboost|p2a: Pinsir|spd|1\n|move|p1b: Snorlax|Body Press|p2a: Pinsir\n|-resisted|p2a: Pinsir|2\n|-damage|p2a: Pinsir|0 fnt\n|faint|p2a: Pinsir\n|move|p2b: Torkoal|Earth Power|p1b: Snorlax\n|-damage|p1b: Snorlax|19/100\n|\n|-heal|p1b: Snorlax|25/100|[from] item: Leftovers\n|upkeep\n|inactive|dfyxss has 30 seconds left.\n|\n|t:|1776394647\n|switch|p2a: Incineroar|Incineroar, L50, F|100/100\n|-ability|p2a: Incineroar|Intimidate|boost\n|-unboost|p1a: Maushold|atk|1\n|-unboost|p1b: Snorlax|atk|1\n|turn|7\n|inactive|dfyxss has 30 seconds left.\n|\n|t:|1776394673\n|move|p1a: Maushold|Protect|p1a: Maushold\n|-singleturn|p1a: Maushold|Protect\n|move|p1b: Snorlax|Protect|p1b: Snorlax\n|-singleturn|p1b: Snorlax|Protect\n|move|p2a: Incineroar|Fake Out|p1b: Snorlax\n|-activate|p1b: Snorlax|move: Protect\n|move|p2b: Torkoal|Earth Power|p1b: Snorlax\n|-activate|p1b: Snorlax|move: Protect\n|\n|-heal|p1b: Snorlax|31/100|[from] item: Leftovers\n|upkeep\n|turn|8\n|\n|t:|1776394692\n|move|p1a: Maushold|Encore|p2a: Incineroar\n|-start|p2a: Incineroar|Encore\n|move|p2a: Incineroar|Fake Out||[still]\n|-hint|Fake Out only works on your first turn out.\n|-fail|p2a: Incineroar\n|move|p1b: Snorlax|Body Press|p2b: Torkoal\n|-damage|p2b: Torkoal|34/100\n|move|p2b: Torkoal|Earth Power|p1b: Snorlax\n|-damage|p1b: Snorlax|26/100\n|\n|-heal|p1b: Snorlax|32/100|[from] item: Leftovers\n|upkeep\n|turn|9\n|\n|t:|1776394715\n|switch|p2a: Mimikyu|Mimikyu-Busted, L50, M|88/100\n|move|p1a: Maushold|Population Bomb|p2b: Torkoal\n|-damage|p2b: Torkoal|31/100\n|-damage|p2b: Torkoal|28/100\n|-damage|p2b: Torkoal|24/100\n|-damage|p2b: Torkoal|21/100\n|-damage|p2b: Torkoal|17/100\n|-damage|p2b: Torkoal|14/100\n|-damage|p2b: Torkoal|11/100\n|-damage|p2b: Torkoal|7/100\n|-damage|p2b: Torkoal|4/100\n|-damage|p2b: Torkoal|0 fnt\n|faint|p2b: Torkoal\n|-hitcount|p2: Torkoal|10\n|move|p1b: Snorlax|Fissure|p2a: Mimikyu|[miss]\n|-miss|p1b: Snorlax|p2a: Mimikyu\n|\n|-heal|p1b: Snorlax|38/100|[from] item: Leftovers\n|upkeep\n|\n|t:|1776394734\n|switch|p2b: Incineroar|Incineroar, L50, F|100/100\n|-ability|p2b: Incineroar|Intimidate|boost\n|-unboost|p1a: Maushold|atk|1\n|-unboost|p1b: Snorlax|atk|1\n|turn|10\n|\n|t:|1776394746\n|move|p1a: Maushold|Protect|p1a: Maushold\n|-singleturn|p1a: Maushold|Protect\n|move|p1b: Snorlax|Protect|p1b: Snorlax\n|-singleturn|p1b: Snorlax|Protect\n|move|p2a: Mimikyu|Play Rough|p1b: Snorlax\n|-activate|p1b: Snorlax|move: Protect\n|move|p2b: Incineroar|Darkest Lariat|p1b: Snorlax\n|-activate|p1b: Snorlax|move: Protect\n|\n|-heal|p1b: Snorlax|44/100|[from] item: Leftovers\n|upkeep\n|turn|11\n|\n|t:|1776394768\n|move|p1a: Maushold|Population Bomb|p2b: Incineroar|[miss]\n|-miss|p1a: Maushold|p2b: Incineroar\n|move|p2a: Mimikyu|Play Rough|p1b: Snorlax\n|-damage|p1b: Snorlax|32/100\n|move|p2b: Incineroar|Darkest Lariat|p1b: Snorlax\n|-damage|p1b: Snorlax|9/100\n|move|p1b: Snorlax|Body Press|p2b: Incineroar\n|-supereffective|p2b: Incineroar|1\n|-damage|p2b: Incineroar|37/100\n|-enditem|p2b: Incineroar|Sitrus Berry|[eat]\n|-heal|p2b: Incineroar|62/100|[from] item: Sitrus Berry\n|\n|-heal|p1b: Snorlax|15/100|[from] item: Leftovers\n|upkeep\n|turn|12\n|\n|t:|1776394785\n|move|p1a: Maushold|Protect|p1a: Maushold\n|-singleturn|p1a: Maushold|Protect\n|move|p1b: Snorlax|Protect|p1b: Snorlax\n|-singleturn|p1b: Snorlax|Protect\n|move|p2a: Mimikyu|Play Rough|p1b: Snorlax\n|-activate|p1b: Snorlax|move: Protect\n|move|p2b: Incineroar|Darkest Lariat|p1b: Snorlax\n|-activate|p1b: Snorlax|move: Protect\n|\n|-heal|p1b: Snorlax|21/100|[from] item: Leftovers\n|upkeep\n|turn|13\n|\n|t:|1776394803\n|move|p1a: Maushold|Follow Me|p1a: Maushold\n|-singleturn|p1a: Maushold|move: Follow Me\n|move|p2a: Mimikyu|Play Rough|p1a: Maushold\n|-damage|p1a: Maushold|46/100\n|-unboost|p1a: Maushold|atk|1\n|move|p2b: Incineroar|Darkest Lariat|p1a: Maushold\n|-damage|p1a: Maushold|0 fnt\n|faint|p1a: Maushold\n|move|p1b: Snorlax|Body Press|p2b: Incineroar\n|-supereffective|p2b: Incineroar|1\n|-damage|p2b: Incineroar|0 fnt\n|faint|p2b: Incineroar\n|\n|-heal|p1b: Snorlax|27/100|[from] item: Leftovers\n|upkeep\n|turn|14\n|\n|t:|1776394818\n|move|p1b: Snorlax|Protect|p1b: Snorlax\n|-singleturn|p1b: Snorlax|Protect\n|move|p2a: Mimikyu|Play Rough|p1b: Snorlax\n|-activate|p1b: Snorlax|move: Protect\n|\n|-heal|p1b: Snorlax|33/100|[from] item: Leftovers\n|upkeep\n|turn|15\n|\n|t:|1776394826\n|move|p2a: Mimikyu|Play Rough|p1b: Snorlax\n|-damage|p1b: Snorlax|18/100\n|-unboost|p1b: Snorlax|atk|1\n|move|p1b: Snorlax|Fissure|p2a: Mimikyu\n|-damage|p2a: Mimikyu|0 fnt\n|faint|p2a: Mimikyu\n|-ohko\n|\n|win|Ranmados\n|raw|Ranmados's rating: 1169 &rarr; <strong>1192</strong><br />(+23 for winning)\n|raw|dfyxss's rating: 1136 &rarr; <strong>1113</strong><br />(-23 for losing)\n",
  "uploadtime": 1776394830,
  "views": 14,
  "formatid": "gen9championsvgc2026regma",
  "rating": 1113,
  "private": 0,
  "password": null
}