{
  "id": "gen9championsvgc2026regma-2585357480",
  "format": "[Gen 9 Champions] VGC 2026 Reg M-A",
  "players": [
    "paletal",
    "Noobilio"
  ],
  "log": "|j|\u2606paletal\n|j|\u2606Noobilio\n|t:|1776340971\n|gametype|doubles\n|player|p1|paletal|266|1206\n|player|p2|Noobilio|nurse|1297\n|gen|9\n|tier|[Gen 9 Champions] VGC 2026 Reg M-A\n|rated|\n|rule|Species Clause: Limit one of each Pok\u00e9mon\n|rule|Item Clause: Limit 1 of each item\n|clearpoke\n|poke|p1|Charizard, L50, M|\n|poke|p1|Venusaur, L50, F|\n|poke|p1|Torkoal, L50, F|\n|poke|p1|Sneasler, L50, M|\n|poke|p1|Rhyperior, L50, M|\n|poke|p1|Dragonite, L50, M|\n|poke|p2|Froslass, L50, F|\n|poke|p2|Floette-Eternal, L50, F|\n|poke|p2|Sneasler, L50, M|\n|poke|p2|Basculegion, L50, M|\n|poke|p2|Garchomp, L50, F|\n|poke|p2|Kingambit, L50, F|\n|teampreview|4\n|inactive|Battle timer is ON: inactive players will automatically lose when time's up. (requested by paletal)\n|inactive|Noobilio has 60 seconds left.\n|\n|t:|1776341032\n|teamsize|p1|4\n|teamsize|p2|4\n|start\n|switch|p1a: Charizard|Charizard, L50, M, shiny|100/100\n|switch|p1b: Sneasler|Sneasler, L50, M|100/100\n|switch|p2a: Froslass|Froslass, L50, F|100/100\n|switch|p2b: Kingambit|Kingambit, L50, F|100/100\n|turn|1\n|inactive|Noobilio has 30 seconds left.\n|\n|t:|1776341066\n|move|p2a: Froslass|Protect|p2a: Froslass\n|-singleturn|p2a: Froslass|Protect\n|move|p1b: Sneasler|Fake Out|p2b: Kingambit\n|-resisted|p2b: Kingambit|1\n|-damage|p2b: Kingambit|95/100\n|move|p1a: Charizard|Heat Wave|p2b: Kingambit|[spread] p2b\n|-activate|p2a: Froslass|move: Protect\n|-supereffective|p2b: Kingambit|1\n|-damage|p2b: Kingambit|25/100\n|cant|p2b: Kingambit|flinch\n|\n|upkeep\n|turn|2\n|\n|t:|1776341084\n|detailschange|p1a: Charizard|Charizard-Mega-Y, L50, M, shiny\n|-mega|p1a: Charizard|Charizard|Charizardite Y\n|-weather|SunnyDay|[from] ability: Drought|[of] p1a: Charizard\n|detailschange|p2a: Froslass|Froslass-Mega, L50, F\n|-mega|p2a: Froslass|Froslass|Froslassite\n|-weather|Snowscape|[from] ability: Snow Warning|[of] p2a: Froslass\n|move|p2b: Kingambit|Sucker Punch|p1a: Charizard\n|-damage|p1a: Charizard|40/100\n|move|p1b: Sneasler|Throat Chop|p2a: Froslass\n|-supereffective|p2a: Froslass|1\n|-damage|p2a: Froslass|52/100\n|-start|p2a: Froslass|Throat Chop|[silent]\n|move|p2a: Froslass|Blizzard|p1a: Charizard|[spread] p1a,p1b\n|-damage|p1a: Charizard|0 fnt\n|-damage|p1b: Sneasler|43/100\n|faint|p1a: Charizard\n|\n|-weather|Snowscape|[upkeep]\n|upkeep\n|\n|t:|1776341100\n|switch|p1a: Dragonite|Dragonite, L50, M|100/100\n|turn|3\n|inactive|Noobilio has 30 seconds left.\n|\n|t:|1776341127\n|move|p2b: Kingambit|Sucker Punch|p1a: Dragonite\n|-damage|p1a: Dragonite|77/100\n|move|p1a: Dragonite|Fire Punch|p2a: Froslass\n|-supereffective|p2a: Froslass|1\n|-damage|p2a: Froslass|0 fnt\n|faint|p2a: Froslass\n|move|p1b: Sneasler|Close Combat|p2b: Kingambit\n|-supereffective|p2b: Kingambit|2\n|-enditem|p2b: Kingambit|Chople Berry|[eat]\n|-enditem|p2b: Kingambit|Chople Berry|[weaken]\n|-damage|p2b: Kingambit|0 fnt\n|-unboost|p1b: Sneasler|def|1\n|-unboost|p1b: Sneasler|spd|1\n|faint|p2b: Kingambit\n|-enditem|p1b: Sneasler|White Herb\n|-clearnegativeboost|p1b: Sneasler|[silent]\n|\n|-weather|Snowscape|[upkeep]\n|upkeep\n|\n|t:|1776341134\n|switch|p2a: Basculegion|Basculegion, L50, M|100/100\n|switch|p2b: Garchomp|Garchomp, L50, F|100/100\n|turn|4\n|\n|t:|1776341148\n|switch|p1a: Venusaur|Venusaur, L50, F|100/100\n|move|p2a: Basculegion|Aqua Jet|p1b: Sneasler\n|-damage|p1b: Sneasler|0 fnt\n|faint|p1b: Sneasler\n|move|p2b: Garchomp|Dragon Claw|p1a: Venusaur\n|-damage|p1a: Venusaur|60/100\n|\n|-weather|Snowscape|[upkeep]\n|upkeep\n|\n|t:|1776341158\n|switch|p1b: Dragonite|Dragonite, L50, M|77/100\n|turn|5\n|\n|t:|1776341181\n|move|p2a: Basculegion|Protect|p2a: Basculegion\n|-singleturn|p2a: Basculegion|Protect\n|move|p1b: Dragonite|Ice Spinner|p2b: Garchomp\n|-supereffective|p2b: Garchomp|2\n|-damage|p2b: Garchomp|0 fnt\n|-damage|p1b: Dragonite|64/100|[from] ability: Rough Skin|[of] p2b: Garchomp\n|faint|p2b: Garchomp\n|move|p1a: Venusaur|Energy Ball|p2a: Basculegion\n|-activate|p2a: Basculegion|move: Protect\n|\n|-weather|Snowscape|[upkeep]\n|upkeep\n|turn|6\n|\n|t:|1776341200\n|move|p1b: Dragonite|Ice Spinner|p2a: Basculegion\n|-resisted|p2a: Basculegion|1\n|-damage|p2a: Basculegion|85/100\n|move|p1a: Venusaur|Energy Ball|p2a: Basculegion\n|-supereffective|p2a: Basculegion|1\n|-damage|p2a: Basculegion|0 fnt\n|faint|p2a: Basculegion\n|\n|win|paletal\n|raw|paletal's rating: 1206 &rarr; <strong>1237</strong><br />(+31 for winning)\n|raw|Noobilio's rating: 1297 &rarr; <strong>1266</strong><br />(-31 for losing)\n|l|\u2606paletal\n|player|p1|\n",
  "uploadtime": 1776341211,
  "views": 36,
  "formatid": "gen9championsvgc2026regma",
  "rating": 1237,
  "private": 0,
  "password": null
}