{
  "id": "gen9championsvgc2026regma-2586669658",
  "format": "[Gen 9 Champions] VGC 2026 Reg M-A",
  "players": [
    "pokemanwomanman",
    "2rffwd"
  ],
  "log": "|j|\u2606pokemanwomanman\n|j|\u26062rffwd\n|t:|1776450769\n|gametype|doubles\n|player|p1|pokemanwomanman|102|1159\n|player|p2|2rffwd|kiawe|1094\n|gen|9\n|tier|[Gen 9 Champions] VGC 2026 Reg M-A\n|rated|\n|rule|Species Clause: Limit one of each Pok\u00e9mon\n|rule|Item Clause: Limit 1 of each item\n|clearpoke\n|poke|p1|Primarina, L50, M|\n|poke|p1|Talonflame, L50, M|\n|poke|p1|Froslass, L50, F|\n|poke|p1|Sinistcha, L50|\n|poke|p1|Garchomp, L50, M|\n|poke|p1|Camerupt, L50, M|\n|poke|p2|Aegislash, L50, F|\n|poke|p2|Gardevoir, L50, M|\n|poke|p2|Aerodactyl, L50, F|\n|poke|p2|Hydreigon, L50, F|\n|poke|p2|Tauros-Paldea-Aqua, L50, M|\n|poke|p2|Rotom-Heat, L50|\n|teampreview|4\n|inactive|Battle timer is ON: inactive players will automatically lose when time's up. (requested by 2rffwd)\npokemanwomanman rejected open team sheets.\n|inactive|pokemanwomanman has 60 seconds left.\n|inactive|2rffwd has 60 seconds left.\n|\n|t:|1776450816\n|teamsize|p1|4\n|teamsize|p2|4\n|start\n|switch|p1a: Talonflame|Talonflame, L50, M, shiny|100/100\n|switch|p1b: Primarina|Primarina, L50, M, shiny|100/100\n|switch|p2a: Aerodactyl|Aerodactyl, L50, F|100/100\n|switch|p2b: Rotom|Rotom-Heat, L50|100/100\n|turn|1\n|inactive|2rffwd has 30 seconds left.\n|\n|t:|1776450843\n|switch|p1b: Garchomp|Garchomp, L50, M, shiny|100/100\n|move|p1a: Talonflame|Tailwind|p1a: Talonflame\n|-sidestart|p1: pokemanwomanman|move: Tailwind\n|move|p2b: Rotom|Electroweb|p1b: Garchomp|[spread] p1a\n|-immune|p1b: Garchomp\n|-supereffective|p1a: Talonflame|1\n|-damage|p1a: Talonflame|48/100\n|-unboost|p1a: Talonflame|spe|1\n|move|p2a: Aerodactyl|Tailwind|p2a: Aerodactyl\n|-sidestart|p2: 2rffwd|move: Tailwind\n|\n|upkeep\n|turn|2\n|inactive|pokemanwomanman has 30 seconds left.\n|inactive|pokemanwomanman has 20 seconds left.\n|\n|t:|1776450879\n|switch|p2b: Hydreigon|Hydreigon, L50, F|100/100\n|move|p1a: Talonflame|Protect|p1a: Talonflame\n|-singleturn|p1a: Talonflame|Protect\n|move|p1b: Garchomp|Rock Slide|p2a: Aerodactyl|[spread] p2a\n|-miss|p1b: Garchomp|p2b: Hydreigon\n|-supereffective|p2a: Aerodactyl|1\n|-damage|p2a: Aerodactyl|27/100\n|move|p2a: Aerodactyl|Rock Slide|p1a: Talonflame|[spread] p1b\n|-activate|p1a: Talonflame|move: Protect\n|-resisted|p1b: Garchomp|1\n|-damage|p1b: Garchomp|87/100\n|\n|upkeep\n|turn|3\n|\n|t:|1776450909\n|switch|p1a: Primarina|Primarina, L50, M, shiny|100/100\n|move|p1b: Garchomp|Rock Slide|p2a: Aerodactyl|[spread] p2a,p2b\n|-supereffective|p2a: Aerodactyl|1\n|-damage|p2a: Aerodactyl|0 fnt\n|-damage|p2b: Hydreigon|79/100\n|faint|p2a: Aerodactyl\n|move|p2b: Hydreigon|Draco Meteor|p1b: Garchomp\n|-supereffective|p1b: Garchomp|1\n|-damage|p1b: Garchomp|0 fnt\n|-unboost|p2b: Hydreigon|spa|2\n|faint|p1b: Garchomp\n|\n|upkeep\n|\n|t:|1776450933\n|switch|p2a: Rotom|Rotom-Heat, L50|100/100\n|switch|p1b: Talonflame|Talonflame, L50, M, shiny|48/100\n|turn|4\n|\n|t:|1776450949\n|switch|p2b: Gardevoir|Gardevoir, L50, M|100/100\n|-ability|p2b: Gardevoir|Gale Wings|Trace|[from] ability: Trace|[of] p1b: Talonflame\n|move|p1b: Talonflame|Protect|p1b: Talonflame\n|-singleturn|p1b: Talonflame|Protect\n|move|p1a: Primarina|Protect|p1a: Primarina\n|-singleturn|p1a: Primarina|Protect\n|move|p2a: Rotom|Electroweb|p1b: Talonflame|[spread] \n|-activate|p1a: Primarina|move: Protect\n|-activate|p1b: Talonflame|move: Protect\n|\n|-sideend|p2: 2rffwd|move: Tailwind\n|-sideend|p1: pokemanwomanman|move: Tailwind\n|upkeep\n|turn|5\n|\n|t:|1776450962\n|detailschange|p2b: Gardevoir|Gardevoir-Mega, L50, M\n|-mega|p2b: Gardevoir|Gardevoir|Gardevoirite\n|move|p2a: Rotom|Electroweb|p1a: Primarina|[spread] p1a,p1b\n|-supereffective|p1a: Primarina|1\n|-supereffective|p1b: Talonflame|1\n|-damage|p1a: Primarina|67/100\n|-damage|p1b: Talonflame|0 fnt\n|-unboost|p1a: Primarina|spe|1\n|faint|p1b: Talonflame\n|move|p2b: Gardevoir|Calm Mind|p2b: Gardevoir\n|-boost|p2b: Gardevoir|spa|1\n|-boost|p2b: Gardevoir|spd|1\n|move|p1a: Primarina|Hyper Voice|p2a: Rotom|[spread] p2a,p2b\n|-supereffective|p2a: Rotom|1\n|-damage|p2a: Rotom|0 fnt\n|-damage|p2b: Gardevoir|76/100\n|faint|p2a: Rotom\n|\n|upkeep\n|\n|t:|1776450966\n|switch|p1b: Froslass|Froslass, L50, F, shiny|100/100\n|switch|p2a: Hydreigon|Hydreigon, L50, F|79/100\n|turn|6\n|\n|t:|1776450988\n|detailschange|p1b: Froslass|Froslass-Mega, L50, F, shiny\n|-mega|p1b: Froslass|Froslass|Froslassite\n|-weather|Snowscape|[from] ability: Snow Warning|[of] p1b: Froslass\n|move|p1b: Froslass|Blizzard|p2a: Hydreigon|[spread] p2a,p2b\n|-supereffective|p2a: Hydreigon|1\n|-damage|p2a: Hydreigon|0 fnt\n|-damage|p2b: Gardevoir|50/100\n|faint|p2a: Hydreigon\n|move|p2b: Gardevoir|Psyshock|p1b: Froslass\n|-damage|p1b: Froslass|26/100\n|move|p1a: Primarina|Hyper Voice|p2b: Gardevoir\n|-damage|p2b: Gardevoir|21/100\n|\n|-weather|Snowscape|[upkeep]\n|upkeep\n|turn|7\n|\n|t:|1776451005\n|move|p1b: Froslass|Shadow Ball|p2b: Gardevoir\n|-supereffective|p2b: Gardevoir|1\n|-damage|p2b: Gardevoir|0 fnt\n|faint|p2b: Gardevoir\n|\n|win|pokemanwomanman\n|raw|pokemanwomanman's rating: 1159 &rarr; <strong>1179</strong><br />(+20 for winning)\n|raw|2rffwd's rating: 1094 &rarr; <strong>1074</strong><br />(-20 for losing)\n|l|\u2606pokemanwomanman\n|player|p1|\n",
  "uploadtime": 1776451014,
  "views": 43,
  "formatid": "gen9championsvgc2026regma",
  "rating": 1074,
  "private": 0,
  "password": null
}