{
  "id": "gen9championsvgc2026regma-2588556447",
  "format": "[Gen 9 Champions] VGC 2026 Reg M-A",
  "players": [
    "Uncreative7452",
    "Villainous Gun"
  ],
  "log": "|j|\u203dUncreative7452\n|j|\u2606Villainous Gun\n|t:|1776644652\n|gametype|doubles\n|player|p1|Uncreative7452|tuber|1097\n|player|p2|Villainous Gun|fisherman|1024\n|gen|9\n|tier|[Gen 9 Champions] VGC 2026 Reg M-A\n|rated|\n|rule|Species Clause: Limit one of each Pok\u00e9mon\n|rule|Item Clause: Limit 1 of each item\n|clearpoke\n|poke|p1|Aerodactyl, L50, F|\n|poke|p1|Meganium, L50, M|\n|poke|p1|Sneasler, L50, F|\n|poke|p1|Basculegion, L50, M|\n|poke|p1|Incineroar, L50, M|\n|poke|p1|Garchomp, L50, F|\n|poke|p2|Gengar, L50, F, shiny|\n|poke|p2|Umbreon, L50, M|\n|poke|p2|Corviknight, L50, M, shiny|\n|poke|p2|Samurott-Hisui, L50, M|\n|poke|p2|Toxapex, L50, M|\n|poke|p2|Hippowdon, L50, F|\n|teampreview|4\n|\n|t:|1776644674\n|teamsize|p1|4\n|teamsize|p2|4\n|start\n|switch|p1a: Garchomp|Garchomp, L50, F|100/100\n|switch|p1b: Aerodactyl|Aerodactyl, L50, F|100/100\n|switch|p2a: Corviknight|Corviknight, L50, M, shiny|100/100\n|switch|p2b: Gengar|Gengar, L50, F, shiny|100/100\n|-ability|p1b: Aerodactyl|Unnerve\n|-ability|p2a: Corviknight|Pressure\n|turn|1\n|\n|t:|1776644711\n|detailschange|p2b: Gengar|Gengar-Mega, L50, F, shiny\n|-mega|p2b: Gengar|Gengar|Gengarite\n|move|p2b: Gengar|Sludge Bomb|p1a: Garchomp\n|-resisted|p1a: Garchomp|1\n|-damage|p1a: Garchomp|73/100\n|move|p1b: Aerodactyl|Tailwind|p1b: Aerodactyl\n|-sidestart|p1: Uncreative7452|move: Tailwind\n|move|p1a: Garchomp|Stomping Tantrum|p2b: Gengar\n|-supereffective|p2b: Gengar|1\n|-damage|p2b: Gengar|0 fnt\n|faint|p2b: Gengar\n|move|p2a: Corviknight|Iron Defense|p2a: Corviknight\n|-boost|p2a: Corviknight|def|2\n|\n|upkeep\n|l|\u203dUncreative7452\n|player|p1|\n|\n|t:|1776644727\n|switch|p2b: Samurott|Samurott-Hisui, L50, M|100/100\n|turn|2\n|j|\u203dUncreative7452\n|player|p1|Uncreative7452|tuber|\n|n|\u203dUncreative7452|uncreative7452\n|\n|t:|1776644749\n|move|p1b: Aerodactyl|Rock Slide|p2a: Corviknight|[spread] p2a,p2b\n|-damage|p2a: Corviknight|93/100\n|-damage|p2b: Samurott|66/100\n|move|p1a: Garchomp|Stomping Tantrum|p2b: Samurott\n|-damage|p2b: Samurott|6/100\n|cant|p2b: Samurott|flinch\n|move|p2a: Corviknight|Iron Defense|p2a: Corviknight\n|-boost|p2a: Corviknight|def|2\n|\n|upkeep\n|turn|3\n|\n|t:|1776644773\n|move|p1b: Aerodactyl|Rock Slide|p2b: Samurott|[spread] p2a,p2b\n|-damage|p2a: Corviknight|88/100\n|-damage|p2b: Samurott|0 fnt\n|faint|p2b: Samurott\n|move|p1a: Garchomp|Dragon Claw|p2a: Corviknight\n|-resisted|p2a: Corviknight|1\n|-damage|p2a: Corviknight|83/100\n|move|p2a: Corviknight|Body Press|p1a: Garchomp\n|-damage|p1a: Garchomp|2/100\n|-damage|p2a: Corviknight|71/100|[from] ability: Rough Skin|[of] p1a: Garchomp\n|\n|upkeep\n|\n|t:|1776644784\n|switch|p2b: Umbreon|Umbreon, L50, M|100/100\n|turn|4\n|\n|t:|1776644795\n|move|p2b: Umbreon|Protect|p2b: Umbreon\n|-singleturn|p2b: Umbreon|Protect\n|move|p1b: Aerodactyl|Rock Slide|p2b: Umbreon|[spread] p2a\n|-activate|p2b: Umbreon|move: Protect\n|-damage|p2a: Corviknight|65/100\n|move|p1a: Garchomp|Earthquake|p2b: Umbreon|[spread] \n|-activate|p2b: Umbreon|move: Protect\n|-immune|p1b: Aerodactyl\n|-immune|p2a: Corviknight\n|move|p2a: Corviknight|Body Press|p1b: Aerodactyl\n|-enditem|p1b: Aerodactyl|Focus Sash\n|-damage|p1b: Aerodactyl|1/100\n|\n|-sideend|p1: Uncreative7452|move: Tailwind\n|upkeep\n|turn|5\n|\n|t:|1776644819\n|move|p1b: Aerodactyl|Tailwind|p1b: Aerodactyl\n|-sidestart|p1: Uncreative7452|move: Tailwind\n|move|p1a: Garchomp|Earthquake|p2b: Umbreon|[spread] p2b\n|-immune|p1b: Aerodactyl\n|-immune|p2a: Corviknight\n|-damage|p2b: Umbreon|72/100\n|move|p2a: Corviknight|Body Press|p1b: Aerodactyl\n|-damage|p1b: Aerodactyl|0 fnt\n|faint|p1b: Aerodactyl\n|move|p2b: Umbreon|Foul Play|p1a: Garchomp\n|-damage|p1a: Garchomp|0 fnt\n|-damage|p2b: Umbreon|59/100|[from] ability: Rough Skin|[of] p1a: Garchomp\n|faint|p1a: Garchomp\n|\n|-heal|p2b: Umbreon|65/100|[from] item: Leftovers\n|upkeep\n|\n|t:|1776644829\n|switch|p1b: Meganium|Meganium, L50, M|100/100\n|switch|p1a: Basculegion|Basculegion, L50, M|100/100\n|turn|6\n|\n|t:|1776644848\n|detailschange|p1b: Meganium|Meganium-Mega, L50, M\n|-mega|p1b: Meganium|Meganium|Meganiumite\n|move|p1a: Basculegion|Wave Crash|p2a: Corviknight\n|-damage|p2a: Corviknight|46/100\n|-enditem|p2a: Corviknight|Sitrus Berry|[eat]\n|-heal|p2a: Corviknight|71/100|[from] item: Sitrus Berry\n|-damage|p1a: Basculegion|94/100|[from] Recoil\n|move|p1b: Meganium|Weather Ball|p2a: Corviknight\n|-supereffective|p2a: Corviknight|1\n|-damage|p2a: Corviknight|0 fnt\n|faint|p2a: Corviknight\n|move|p2b: Umbreon|Wish|p2b: Umbreon\n|\n|-heal|p2b: Umbreon|71/100|[from] item: Leftovers\n|upkeep\n|turn|7\n|\n|t:|1776644864\n|move|p1a: Basculegion|Wave Crash|p2b: Umbreon\n|-damage|p2b: Umbreon|18/100\n|-damage|p1a: Basculegion|76/100|[from] Recoil\n|move|p1b: Meganium|Dazzling Gleam|p2b: Umbreon\n|-supereffective|p2b: Umbreon|1\n|-damage|p2b: Umbreon|0 fnt\n|faint|p2b: Umbreon\n|\n|win|Uncreative7452\n|raw|Uncreative7452's rating: 1097 &rarr; <strong>1117</strong><br />(+20 for winning)\n|raw|Villainous Gun's rating: 1024 &rarr; <strong>1013</strong><br />(-11 for losing)\n",
  "uploadtime": 1776644869,
  "views": 16,
  "formatid": "gen9championsvgc2026regma",
  "rating": 1013,
  "private": 0,
  "password": null
}