{
  "id": "gen9championsvgc2026regma-2580494796",
  "format": "[Gen 9 Champions] VGC 2026 Reg M-A",
  "players": [
    "ChatGPT bot 102",
    "princess 68"
  ],
  "log": "|j|\u2606ChatGPT bot 102\n|j|\u2606princess 68\n|t:|1775904744\n|gametype|doubles\n|player|p1|ChatGPT bot 102|170|1000\n|player|p2|princess 68|elesa|1040\n|gen|9\n|tier|[Gen 9 Champions] VGC 2026 Reg M-A\n|rated|\n|rule|Species Clause: Limit one of each Pok\u00e9mon\n|rule|Item Clause: Limit 1 of each item\n|clearpoke\n|poke|p1|Kangaskhan, L50, F|\n|poke|p1|Oranguru, L50, M|\n|poke|p1|Pikachu, L50, M|\n|poke|p1|Sneasler, L50, M|\n|poke|p1|Farigiraf, L50, M|\n|poke|p1|Kingambit, L50, M|\n|poke|p2|Blastoise, L50, M|\n|poke|p2|Kangaskhan, L50, F|\n|poke|p2|Incineroar, L50, M|\n|poke|p2|Goodra-Hisui, L50, M|\n|poke|p2|Whimsicott, L50, M|\n|poke|p2|Gallade, L50, M|\n|teampreview|4\n|\n|t:|1775904770\n|teamsize|p1|4\n|teamsize|p2|4\n|start\n|switch|p1a: Kingambit|Kingambit, L50, M|100/100\n|switch|p1b: Oranguru|Oranguru, L50, M|100/100\n|switch|p2a: Blastoise|Blastoise, L50, M|100/100\n|switch|p2b: Gallade|Gallade, L50, M|100/100\n|turn|1\n|\n|t:|1775904807\n|move|p1b: Oranguru|Protect|p1b: Oranguru\n|-singleturn|p1b: Oranguru|Protect\n|move|p1a: Kingambit|Protect|p1a: Kingambit\n|-singleturn|p1a: Kingambit|Protect\n|move|p2b: Gallade|Sacred Sword|p1a: Kingambit\n|-activate|p1a: Kingambit|move: Protect\n|move|p2a: Blastoise|Water Spout|p1a: Kingambit|[spread] \n|-activate|p1a: Kingambit|move: Protect\n|-activate|p1b: Oranguru|move: Protect\n|\n|upkeep\n|turn|2\n|\n|t:|1775904829\n|move|p1a: Kingambit|Sucker Punch||[still]\n|-fail|p1a: Kingambit\n|move|p2a: Blastoise|Water Spout|p1a: Kingambit|[spread] p1a,p1b\n|-damage|p1a: Kingambit|55/100\n|-damage|p1b: Oranguru|62/100\n|move|p1b: Oranguru|Instruct|p1a: Kingambit\n|-singleturn|p1a: Kingambit|move: Instruct|[of] p1b: Oranguru\n|move|p1a: Kingambit|Sucker Punch||[still]\n|-fail|p1a: Kingambit\n|move|p2b: Gallade|Trick Room|p2b: Gallade\n|-fieldstart|move: Trick Room|[of] p2b: Gallade\n|\n|upkeep\n|turn|3\n|\n|t:|1775904866\n|move|p2b: Gallade|Protect|p2b: Gallade\n|-singleturn|p2b: Gallade|Protect\n|move|p1a: Kingambit|Kowtow Cleave|p2a: Blastoise\n|-damage|p2a: Blastoise|34/100\n|move|p1b: Oranguru|Instruct|p1a: Kingambit\n|-singleturn|p1a: Kingambit|move: Instruct|[of] p1b: Oranguru\n|move|p1a: Kingambit|Kowtow Cleave|p2a: Blastoise\n|-damage|p2a: Blastoise|0 fnt\n|faint|p2a: Blastoise\n|\n|upkeep\n|\n|t:|1775904881\n|switch|p2a: Goodra|Goodra-Hisui, L50, M|100/100\n|turn|4\n|\n|t:|1775904923\n|move|p1b: Oranguru|Protect|p1b: Oranguru\n|-singleturn|p1b: Oranguru|Protect\n|move|p1a: Kingambit|Kowtow Cleave|p2b: Gallade\n|-damage|p2b: Gallade|0 fnt\n|faint|p2b: Gallade\n|move|p2a: Goodra|Thunderbolt|p1b: Oranguru\n|-activate|p1b: Oranguru|move: Protect\n|\n|upkeep\n|\n|t:|1775904934\n|switch|p2b: Kangaskhan|Kangaskhan, L50, F|100/100\n|turn|5\n|\n|t:|1775904944\n|move|p1a: Kingambit|Sucker Punch|p2b: Kangaskhan\n|-damage|p2b: Kangaskhan|44/100\n|move|p2a: Goodra|Thunderbolt|p1b: Oranguru\n|-damage|p1b: Oranguru|42/100\n|move|p1b: Oranguru|Instruct|p1a: Kingambit\n|-singleturn|p1a: Kingambit|move: Instruct|[of] p1b: Oranguru\n|move|p1a: Kingambit|Sucker Punch|p2b: Kangaskhan\n|-damage|p2b: Kangaskhan|0 fnt\n|faint|p2b: Kangaskhan\n|\n|upkeep\n|turn|6\n|inactive|Battle timer is ON: inactive players will automatically lose when time's up. (requested by ChatGPT bot 102)\n|inactive|princess 68 has 60 seconds left.\n|inactive|princess 68 has 30 seconds left.\n|inactive|princess 68 has 20 seconds left.\n|inactive|princess 68 has 15 seconds left.\n|inactive|princess 68 has 10 seconds left.\n|inactive|princess 68 has 5 seconds left.\n|\n|t:|1775905107\n|move|p1a: Kingambit|Sucker Punch|p2a: Goodra\n|-damage|p2a: Goodra|62/100\n|-ability|p2a: Goodra|Gooey\n|-unboost|p1a: Kingambit|spe|1\n|-ability|p1a: Kingambit|Defiant|boost\n|-boost|p1a: Kingambit|atk|2\n|move|p2a: Goodra|Ice Beam|p1b: Oranguru\n|-damage|p1b: Oranguru|19/100\n|-status|p1b: Oranguru|frz\n|-curestatus|p1b: Oranguru|frz|[msg]\n|move|p1b: Oranguru|Instruct|p1a: Kingambit\n|-singleturn|p1a: Kingambit|move: Instruct|[of] p1b: Oranguru\n|move|p1a: Kingambit|Sucker Punch||[still]\n|-fail|p1a: Kingambit\n|\n|-fieldend|move: Trick Room\n|upkeep\n|turn|7\n|inactive|princess 68 has 30 seconds left.\n|inactive|ChatGPT bot 102 has 30 seconds left.\n|inactive|princess 68 has 20 seconds left.\n|inactive|princess 68 has 15 seconds left.\n|inactive|princess 68 has 10 seconds left.\n|inactive|princess 68 has 5 seconds left.\n|\n|t:|1775905162\n|switch|p1a: Sneasler|Sneasler, L50, M|100/100\n|move|p1b: Oranguru|Protect|p1b: Oranguru\n|-singleturn|p1b: Oranguru|Protect\n|move|p2a: Goodra|Ice Beam|p1a: Sneasler\n|-damage|p1a: Sneasler|67/100\n|\n|upkeep\n|turn|8\n|inactive|princess 68 has 30 seconds left.\n|inactive|princess 68 has 20 seconds left.\n|inactive|princess 68 has 15 seconds left.\n|inactive|princess 68 has 10 seconds left.\n|inactive|princess 68 has 5 seconds left.\n|\n|t:|1775905217\n|move|p1a: Sneasler|Fake Out|p2a: Goodra\n|-resisted|p2a: Goodra|1\n|-damage|p2a: Goodra|56/100\n|-ability|p2a: Goodra|Gooey\n|-unboost|p1a: Sneasler|spe|1\n|move|p1b: Oranguru|Instruct|p1a: Sneasler\n|-singleturn|p1a: Sneasler|move: Instruct|[of] p1b: Oranguru\n|move|p1a: Sneasler|Fake Out||[still]\n|-hint|Fake Out only works on your first turn out.\n|-fail|p1a: Sneasler\n|cant|p2a: Goodra|flinch\n|\n|upkeep\n|turn|9\n|inactive|ChatGPT bot 102 has 30 seconds left.\n|inactive|princess 68 has 30 seconds left.\n|inactive|princess 68 has 20 seconds left.\n|inactive|princess 68 has 15 seconds left.\n|inactive|princess 68 has 10 seconds left.\n|inactive|princess 68 has 5 seconds left.\n|\n|t:|1775905272\n|switch|p1b: Kingambit|Kingambit, L50, M|55/100\n|move|p1a: Sneasler|Close Combat|p2a: Goodra\n|-supereffective|p2a: Goodra|1\n|-damage|p2a: Goodra|0 fnt\n|-unboost|p1a: Sneasler|def|1\n|-unboost|p1a: Sneasler|spd|1\n|-ability|p2a: Goodra|Gooey\n|-unboost|p1a: Sneasler|spe|1\n|faint|p2a: Goodra\n|\n|win|ChatGPT bot 102\n|raw|ChatGPT bot 102's rating: 1000 &rarr; <strong>1045</strong><br />(+45 for winning)\n|raw|princess 68's rating: 1040 &rarr; <strong>1022</strong><br />(-18 for losing)\n",
  "uploadtime": 1775905285,
  "views": 20,
  "formatid": "gen9championsvgc2026regma",
  "rating": 1022,
  "private": 0,
  "password": null
}