{
  "id": "gen9championsvgc2026regma-2588180938",
  "format": "[Gen 9 Champions] VGC 2026 Reg M-A",
  "players": [
    "capacete5",
    "DAVID867"
  ],
  "log": "|j|\u2606capacete5\n|j|\u2606DAVID867\n|t:|1776612093\n|gametype|doubles\n|player|p1|capacete5|byron|\n|player|p2|DAVID867|266|\n|gen|9\n|tier|[Gen 9 Champions] VGC 2026 Reg M-A\n|rule|Species Clause: Limit one of each Pok\u00e9mon\n|rule|Item Clause: Limit 1 of each item\n|clearpoke\n|poke|p1|Charizard, L50, M|\n|poke|p1|Maushold-Four, L50|\n|poke|p1|Sneasler, L50, F|\n|poke|p1|Garchomp, L50, M|\n|poke|p1|Kingambit, L50, M|\n|poke|p1|Dragapult, L50, M|\n|poke|p2|Pelipper, L50, F|\n|poke|p2|Archaludon, L50, M|\n|poke|p2|Sneasler, L50, F|\n|poke|p2|Floette-Eternal, L50, F|\n|poke|p2|Sinistcha, L50|\n|poke|p2|Basculegion, L50, M|\n|teampreview|4\n|inactive|Battle timer is ON: inactive players will automatically lose when time's up. (requested by capacete5)\ncapacete5 has agreed to open team sheets.\n|\n|t:|1776612111\n|teamsize|p1|4\n|teamsize|p2|4\n|start\n|switch|p1a: Charizard|Charizard, L50, M|100/100\n|switch|p1b: Kingambit|Kingambit, L50, M|100/100\n|switch|p2a: Basculegion|Basculegion, L50, M|100/100\n|switch|p2b: Floette|Floette-Eternal, L50, F|100/100\n|turn|1\n|\n|t:|1776612126\n|detailschange|p1a: Charizard|Charizard-Mega-Y, L50, M\n|-mega|p1a: Charizard|Charizard|Charizardite Y\n|-weather|SunnyDay|[from] ability: Drought|[of] p1a: Charizard\n|detailschange|p2b: Floette|Floette-Mega, L50, F\n|-mega|p2b: Floette|Floette|Floettite\n|-ability|p2b: Floette|Fairy Aura\n|move|p2b: Floette|Protect|p2b: Floette\n|-singleturn|p2b: Floette|Protect\n|move|p1b: Kingambit|Sucker Punch|p2a: Basculegion\n|-supereffective|p2a: Basculegion|1\n|-damage|p2a: Basculegion|0 fnt\n|faint|p2a: Basculegion\n|move|p1a: Charizard|Heat Wave|p2b: Floette\n|-activate|p2b: Floette|move: Protect\n|\n|-weather|SunnyDay|[upkeep]\n|upkeep\n|\n|t:|1776612140\n|switch|p2a: Pelipper|Pelipper, L50, F|100/100\n|-weather|RainDance|[from] ability: Drizzle|[of] p2a: Pelipper\n|turn|2\n|\n|t:|1776612162\n|switch|p1a: Maushold|Maushold-Four, L50|100/100\n|switch|p2b: Archaludon|Archaludon, L50, M|100/100\n|move|p1b: Kingambit|Sucker Punch||[still]\n|-fail|p1b: Kingambit\n|move|p2a: Pelipper|Weather Ball|p1a: Maushold\n|-damage|p1a: Maushold|26/100\n|\n|-weather|RainDance|[upkeep]\n|upkeep\n|turn|3\n|inactive|capacete5 has 30 seconds left.\n|\n|t:|1776612196\n|move|p2b: Archaludon|Protect|p2b: Archaludon\n|-singleturn|p2b: Archaludon|Protect\n|move|p1b: Kingambit|Sucker Punch||[still]\n|-fail|p1b: Kingambit\n|move|p1a: Maushold|Super Fang|p2b: Archaludon\n|-activate|p2b: Archaludon|move: Protect\n|move|p2a: Pelipper|Tailwind|p2a: Pelipper\n|-sidestart|p2: DAVID867|move: Tailwind\n|\n|-weather|RainDance|[upkeep]\n|upkeep\n|turn|4\n|\n|t:|1776612219\n|switch|p2a: Floette|Floette-Mega, L50, F|100/100\n|-ability|p2a: Floette|Fairy Aura\n|switch|p1a: Charizard|Charizard-Mega-Y, L50, M|100/100\n|-weather|SunnyDay|[from] ability: Drought|[of] p1a: Charizard\n|move|p1b: Kingambit|Sucker Punch|p2b: Archaludon\n|-damage|p2b: Archaludon|67/100\n|-ability|p2b: Archaludon|Stamina|boost\n|-boost|p2b: Archaludon|def|1\n|move|p2b: Archaludon|Electro Shot||[still]\n|-prepare|p2b: Archaludon|Electro Shot\n|-boost|p2b: Archaludon|spa|1\n|\n|-weather|SunnyDay|[upkeep]\n|upkeep\n|turn|5\n|\n|t:|1776612240\n|switch|p2a: Pelipper|Pelipper, L50, F|100/100\n|-weather|RainDance|[from] ability: Drizzle|[of] p2a: Pelipper\n|move|p1a: Charizard|Protect|p1a: Charizard\n|-singleturn|p1a: Charizard|Protect\n|move|p1b: Kingambit|Protect|p1b: Kingambit\n|-singleturn|p1b: Kingambit|Protect\n|move|p2b: Archaludon|Electro Shot|p1b: Kingambit|[from] lockedmove\n|-activate|p1b: Kingambit|move: Protect\n|\n|-weather|RainDance|[upkeep]\n|upkeep\n|turn|6\n|\n|t:|1776612260\n|switch|p1a: Maushold|Maushold-Four, L50|26/100\n|move|p1b: Kingambit|Sucker Punch|p2b: Archaludon\n|-damage|p2b: Archaludon|46/100\n|-ability|p2b: Archaludon|Stamina|boost\n|-boost|p2b: Archaludon|def|1\n|move|p2b: Archaludon|Electro Shot||[still]\n|-prepare|p2b: Archaludon|Electro Shot\n|-boost|p2b: Archaludon|spa|1\n|-anim|p2b: Archaludon|Electro Shot|p1a: Maushold\n|-damage|p1a: Maushold|0 fnt\n|faint|p1a: Maushold\n|move|p2a: Pelipper|Weather Ball|p1b: Kingambit\n|-damage|p1b: Kingambit|33/100\n|\n|-weather|RainDance|[upkeep]\n|-sideend|p2: DAVID867|move: Tailwind\n|upkeep\n|\n|t:|1776612280\n|switch|p1a: Sneasler|Sneasler, L50, F|100/100\n|turn|7\n|\n|t:|1776612294\n|move|p2b: Archaludon|Protect|p2b: Archaludon\n|-singleturn|p2b: Archaludon|Protect\n|move|p2a: Pelipper|Protect|p2a: Pelipper\n|-singleturn|p2a: Pelipper|Protect\n|move|p1b: Kingambit|Sucker Punch||[still]\n|-fail|p1b: Kingambit\n|move|p1a: Sneasler|Close Combat|p2b: Archaludon\n|-activate|p2b: Archaludon|move: Protect\n|\n|-weather|RainDance|[upkeep]\n|upkeep\n|turn|8\n|\n|t:|1776612314\n|switch|p1b: Charizard|Charizard-Mega-Y, L50, M|100/100\n|-weather|SunnyDay|[from] ability: Drought|[of] p1b: Charizard\n|move|p1a: Sneasler|Protect|p1a: Sneasler\n|-singleturn|p1a: Sneasler|Protect\n|move|p2b: Archaludon|Electro Shot||[still]\n|-prepare|p2b: Archaludon|Electro Shot\n|-boost|p2b: Archaludon|spa|1\n|move|p2a: Pelipper|Hurricane|p1a: Sneasler\n|-activate|p1a: Sneasler|move: Protect\n|\n|-weather|SunnyDay|[upkeep]\n|upkeep\n|turn|9\n|\n|t:|1776612335\n|move|p1a: Sneasler|Close Combat|p2b: Archaludon\n|-supereffective|p2b: Archaludon|1\n|-enditem|p2b: Archaludon|Chople Berry|[eat]\n|-enditem|p2b: Archaludon|Chople Berry|[weaken]\n|-damage|p2b: Archaludon|21/100\n|-unboost|p1a: Sneasler|def|1\n|-unboost|p1a: Sneasler|spd|1\n|-ability|p2b: Archaludon|Stamina|boost\n|-boost|p2b: Archaludon|def|1\n|move|p1b: Charizard|Heat Wave|p2a: Pelipper|[spread] p2a,p2b\n|-resisted|p2a: Pelipper|1\n|-damage|p2a: Pelipper|55/100\n|-damage|p2b: Archaludon|0 fnt\n|faint|p2b: Archaludon\n|move|p2a: Pelipper|Hurricane|p1a: Sneasler\n|-supereffective|p1a: Sneasler|1\n|-enditem|p1a: Sneasler|Focus Sash\n|-damage|p1a: Sneasler|1/100\n|-start|p1a: Sneasler|confusion\n|\n|-weather|SunnyDay|[upkeep]\n|upkeep\n|\n|t:|1776612351\n|switch|p2b: Floette|Floette-Mega, L50, F|100/100\n|-ability|p2b: Floette|Fairy Aura\n|turn|10\n|\n|t:|1776612369\n|move|p2b: Floette|Protect|p2b: Floette\n|-singleturn|p2b: Floette|Protect\n|-activate|p1a: Sneasler|confusion\n|move|p1a: Sneasler|Dire Claw|p2b: Floette\n|-activate|p2b: Floette|move: Protect\n|move|p1b: Charizard|Heat Wave|p2a: Pelipper|[spread] p2a\n|-activate|p2b: Floette|move: Protect\n|-resisted|p2a: Pelipper|1\n|-damage|p2a: Pelipper|10/100\n|move|p2a: Pelipper|Tailwind|p2a: Pelipper\n|-sidestart|p2: DAVID867|move: Tailwind\n|\n|-weather|SunnyDay|[upkeep]\n|upkeep\n|turn|11\n|inactive|DAVID867 has 30 seconds left.\n|\n|t:|1776612401\n|switch|p1a: Kingambit|Kingambit, L50, M|33/100\n|move|p1b: Charizard|Protect|p1b: Charizard\n|-singleturn|p1b: Charizard|Protect\n|move|p2b: Floette|Light of Ruin|p1b: Charizard\n|-activate|p1b: Charizard|move: Protect\n|move|p2a: Pelipper|Weather Ball|p1a: Kingambit\n|-supereffective|p1a: Kingambit|1\n|-damage|p1a: Kingambit|0 fnt\n|faint|p1a: Kingambit\n|\n|-weather|SunnyDay|[upkeep]\n|upkeep\n|\n|t:|1776612412\n|switch|p1a: Sneasler|Sneasler, L50, F|1/100\n|turn|12\n|\n|t:|1776612421\n|move|p2b: Floette|Protect|p2b: Floette\n|-singleturn|p2b: Floette|Protect\n|move|p1a: Sneasler|Protect|p1a: Sneasler\n|-singleturn|p1a: Sneasler|Protect\n|move|p2a: Pelipper|Protect|p2a: Pelipper\n|-singleturn|p2a: Pelipper|Protect\n|move|p1b: Charizard|Heat Wave|p2a: Pelipper|[spread] \n|-activate|p2a: Pelipper|move: Protect\n|-activate|p2b: Floette|move: Protect\n|\n|-weather|none\n|upkeep\n|turn|13\n|inactive|capacete5 has 30 seconds left.\n|inactive|DAVID867 has 30 seconds left.\n|-activate|p2a: Pelipper|item: Quick Claw\n|\n|t:|1776612453\n|move|p1a: Sneasler|Protect||[still]\n|-fail|p1a: Sneasler\n|move|p2a: Pelipper|Weather Ball|p1a: Sneasler\n|-damage|p1a: Sneasler|0 fnt\n|faint|p1a: Sneasler\n|move|p2b: Floette|Light of Ruin|p1b: Charizard\n|-resisted|p1b: Charizard|1\n|-crit|p1b: Charizard\n|-damage|p1b: Charizard|10/100\n|-damage|p2b: Floette|61/100|[from] Recoil\n|move|p1b: Charizard|Heat Wave|p2a: Pelipper|[spread] p2a,p2b\n|-resisted|p2a: Pelipper|1\n|-damage|p2a: Pelipper|0 fnt\n|-damage|p2b: Floette|29/100\n|faint|p2a: Pelipper\n|\n|-sideend|p2: DAVID867|move: Tailwind\n|upkeep\n|turn|14\n|inactive|capacete5 has 30 seconds left.\n|inactive|capacete5 has 20 seconds left.\n|\n|t:|1776612491\n|move|p1b: Charizard|Heat Wave|p2b: Floette\n|-damage|p2b: Floette|0 fnt\n|faint|p2b: Floette\n|\n|win|capacete5\n",
  "uploadtime": 1776612491,
  "views": 5,
  "formatid": "gen9championsvgc2026regma",
  "rating": null,
  "private": 0,
  "password": null
}