{
  "id": "gen9championsvgc2026regma-2582964828",
  "format": "[Gen 9 Champions] VGC 2026 Reg M-A",
  "players": [
    "buhtta",
    "doledragon"
  ],
  "log": "|j|\u2606buhtta\n|j|\u2606doledragon\n|t:|1776129043\n|gametype|doubles\n|player|p1|buhtta|2|1107\n|player|p2|doledragon|juggler|1126\n|gen|9\n|tier|[Gen 9 Champions] VGC 2026 Reg M-A\n|rated|\n|rule|Species Clause: Limit one of each Pok\u00e9mon\n|rule|Item Clause: Limit 1 of each item\n|clearpoke\n|poke|p1|Dragapult, L50, M|\n|poke|p1|Lopunny, L50, M|\n|poke|p1|Kingambit, L50, F|\n|poke|p1|Primarina, L50, M|\n|poke|p1|Serperior, L50, M|\n|poke|p1|Delphox, L50, M|\n|poke|p2|Scovillain, L50, M|\n|poke|p2|Sneasler, L50, F|\n|poke|p2|Kleavor, L50, M|\n|poke|p2|Kingambit, L50, M|\n|poke|p2|Garchomp, L50, M|\n|poke|p2|Tyranitar, L50, M|\n|teampreview|4\n|\n|t:|1776129083\n|teamsize|p1|4\n|teamsize|p2|4\n|start\n|switch|p1a: Primarina|Primarina, L50, M|100/100\n|switch|p1b: Kingambit|Kingambit, L50, F|100/100\n|switch|p2a: Scovillain|Scovillain, L50, M, shiny|100/100\n|switch|p2b: Kleavor|Kleavor, L50, M|100/100\n|turn|1\n|\n|t:|1776129096\n|detailschange|p2a: Scovillain|Scovillain-Mega, L50, M, shiny\n|-mega|p2a: Scovillain|Scovillain|Scovillainite\n|move|p2a: Scovillain|Rage Powder|p2a: Scovillain\n|-singleturn|p2a: Scovillain|move: Rage Powder\n|move|p2b: Kleavor|Tailwind|p2b: Kleavor\n|-sidestart|p2: doledragon|move: Tailwind\n|move|p1a: Primarina|Hyper Voice|p2b: Kleavor|[spread] p2a,p2b\n|-supereffective|p2b: Kleavor|1\n|-damage|p2a: Scovillain|52/100\n|-enditem|p2b: Kleavor|Focus Sash\n|-damage|p2b: Kleavor|1/100\n|-status|p1a: Primarina|brn|[from] ability: Spicy Spray|[of] p2a: Scovillain\n|move|p1b: Kingambit|Iron Head|p2a: Scovillain\n|-resisted|p2a: Scovillain|1\n|-damage|p2a: Scovillain|37/100\n|-status|p1b: Kingambit|brn|[from] ability: Spicy Spray|[of] p2a: Scovillain\n|\n|-damage|p1a: Primarina|95/100 brn|[from] brn\n|-damage|p1b: Kingambit|95/100 brn|[from] brn\n|upkeep\n|turn|2\n|\n|t:|1776129130\n|switch|p2b: Kingambit|Kingambit, L50, M, shiny|100/100\n|move|p2a: Scovillain|Flamethrower|p1b: Kingambit\n|-supereffective|p1b: Kingambit|1\n|-damage|p1b: Kingambit|40/100 brn\n|move|p1a: Primarina|Hyper Voice|p2b: Kingambit|[spread] p2a,p2b\n|-damage|p2a: Scovillain|0 fnt\n|-damage|p2b: Kingambit|53/100\n|faint|p2a: Scovillain\n|move|p1b: Kingambit|Swords Dance|p1b: Kingambit\n|-boost|p1b: Kingambit|atk|2\n|\n|-damage|p1a: Primarina|89/100 brn|[from] brn\n|-damage|p1b: Kingambit|34/100 brn|[from] brn\n|upkeep\n|\n|t:|1776129145\n|switch|p2a: Kleavor|Kleavor, L50, M|1/100\n|turn|3\n|\n|t:|1776129150\n|move|p2a: Kleavor|Rock Slide|p1b: Kingambit|[spread] p1a\n|-miss|p2a: Kleavor|p1b: Kingambit\n|-damage|p1a: Primarina|50/100 brn\n|move|p2b: Kingambit|Iron Head|p1a: Primarina\n|-damage|p1a: Primarina|0 fnt\n|faint|p1a: Primarina\n|move|p1b: Kingambit|Low Kick|p2b: Kingambit\n|-supereffective|p2b: Kingambit|2\n|-damage|p2b: Kingambit|0 fnt\n|faint|p2b: Kingambit\n|\n|-damage|p1b: Kingambit|28/100 brn|[from] brn\n|upkeep\n|\n|t:|1776129162\n|switch|p2b: Sneasler|Sneasler, L50, F|100/100\n|switch|p1a: Lopunny|Lopunny, L50, M|100/100\n|turn|4\n|\n|t:|1776129193\n|detailschange|p1a: Lopunny|Lopunny-Mega, L50, M\n|-mega|p1a: Lopunny|Lopunny|Lopunnite\n|move|p1a: Lopunny|Fake Out|p2b: Sneasler\n|-damage|p2b: Sneasler|62/100\n|cant|p2b: Sneasler|flinch\n|move|p2a: Kleavor|X-Scissor|p1b: Kingambit\n|-damage|p1b: Kingambit|0 fnt\n|faint|p1b: Kingambit\n|\n|-sideend|p2: doledragon|move: Tailwind\n|upkeep\n|\n|t:|1776129203\n|switch|p1b: Serperior|Serperior, L50, M|100/100\n|turn|5\n|\n|t:|1776129240\n|move|p1a: Lopunny|Quick Attack|p2b: Sneasler\n|-damage|p2b: Sneasler|23/100\n|move|p2b: Sneasler|Close Combat|p1a: Lopunny\n|-supereffective|p1a: Lopunny|1\n|-damage|p1a: Lopunny|0 fnt\n|-unboost|p2b: Sneasler|def|1\n|-unboost|p2b: Sneasler|spd|1\n|faint|p1a: Lopunny\n|-enditem|p2b: Sneasler|White Herb\n|-clearnegativeboost|p2b: Sneasler|[silent]\n|move|p1b: Serperior|Leaf Storm|p2a: Kleavor|[miss]\n|-miss|p1b: Serperior|p2a: Kleavor\n|move|p2a: Kleavor|X-Scissor|p1b: Serperior\n|-supereffective|p1b: Serperior|1\n|-enditem|p1b: Serperior|Focus Sash\n|-damage|p1b: Serperior|1/100\n|\n|upkeep\n|turn|6\n|c|\u2606doledragon|Gg\n|\n|t:|1776129264\n|move|p2b: Sneasler|Close Combat|p1b: Serperior\n|-damage|p1b: Serperior|0 fnt\n|-unboost|p2b: Sneasler|def|1\n|-unboost|p2b: Sneasler|spd|1\n|faint|p1b: Serperior\n|\n|win|doledragon\n|raw|buhtta's rating: 1107 &rarr; <strong>1083</strong><br />(-24 for losing)\n|raw|doledragon's rating: 1126 &rarr; <strong>1150</strong><br />(+24 for winning)\n",
  "uploadtime": 1776129271,
  "views": 17,
  "formatid": "gen9championsvgc2026regma",
  "rating": 1083,
  "private": 0,
  "password": null
}