{
  "id": "gen9championsvgc2026regma-2585923412",
  "format": "[Gen 9 Champions] VGC 2026 Reg M-A",
  "players": [
    "areestoo",
    "staneats"
  ],
  "log": "|j|\u2606areestoo\n|j|\u2606staneats\n|t:|1776381839\n|gametype|doubles\n|player|p1|areestoo|1|1205\n|player|p2|staneats|schoolkid-gen4dp|1227\n|gen|9\n|tier|[Gen 9 Champions] VGC 2026 Reg M-A\n|rated|\n|rule|Species Clause: Limit one of each Pok\u00e9mon\n|rule|Item Clause: Limit 1 of each item\n|clearpoke\n|poke|p1|Incineroar, L50, M|\n|poke|p1|Torkoal, L50, F|\n|poke|p1|Golurk, L50|\n|poke|p1|Farigiraf, L50, F|\n|poke|p1|Clefable, L50, F|\n|poke|p1|Kommo-o, L50, F|\n|poke|p2|Oranguru, L50, M|\n|poke|p2|Sylveon, L50, F|\n|poke|p2|Golurk, L50|\n|poke|p2|Kingambit, L50, M|\n|poke|p2|Incineroar, L50, M|\n|poke|p2|Sinistcha, L50|\n|teampreview|4\n|inactive|Battle timer is ON: inactive players will automatically lose when time's up. (requested by areestoo)\n|inactive|staneats has 60 seconds left.\n|\n|t:|1776381871\n|teamsize|p1|4\n|teamsize|p2|4\n|start\n|switch|p1a: Clefable|Clefable, L50, F|100/100\n|switch|p1b: Kommo-o|Kommo-o, L50, F|100/100\n|switch|p2a: Oranguru|Oranguru, L50, M|100/100\n|switch|p2b: Sylveon|Sylveon, L50, F|100/100\n|turn|1\n|inactive|staneats has 30 seconds left.\n|inactive|staneats has 20 seconds left.\n|\n|t:|1776381909\n|switch|p1b: Torkoal|Torkoal, L50, F|100/100\n|-weather|SunnyDay|[from] ability: Drought|[of] p1b: Torkoal\n|move|p1a: Clefable|Follow Me|p1a: Clefable\n|-singleturn|p1a: Clefable|move: Follow Me\n|move|p2b: Sylveon|Calm Mind|p2b: Sylveon\n|-boost|p2b: Sylveon|spa|1\n|-boost|p2b: Sylveon|spd|1\n|move|p2a: Oranguru|Trick Room|p2a: Oranguru\n|-fieldstart|move: Trick Room|[of] p2a: Oranguru\n|\n|-weather|SunnyDay|[upkeep]\n|upkeep\n|turn|2\n|inactive|areestoo has 30 seconds left.\n|inactive|staneats has 30 seconds left.\n|\n|t:|1776381943\n|detailschange|p1a: Clefable|Clefable-Mega, L50, F\n|-mega|p1a: Clefable|Clefable|Clefablite\n|move|p1a: Clefable|Follow Me|p1a: Clefable\n|-singleturn|p1a: Clefable|move: Follow Me\n|move|p1b: Torkoal|Eruption|p2b: Sylveon|[spread] p2a,p2b\n|-damage|p2a: Oranguru|24/100\n|-damage|p2b: Sylveon|58/100\n|move|p2b: Sylveon|Calm Mind|p2b: Sylveon\n|-boost|p2b: Sylveon|spa|1\n|-boost|p2b: Sylveon|spd|1\n|move|p2a: Oranguru|Trick Room|p2a: Oranguru\n|-fieldend|move: Trick Room\n|\n|-weather|SunnyDay|[upkeep]\n|upkeep\n|turn|3\n|\n|t:|1776381963\n|move|p1a: Clefable|Dazzling Gleam|p2b: Sylveon|[spread] p2a,p2b\n|-damage|p2a: Oranguru|0 fnt\n|-damage|p2b: Sylveon|49/100\n|faint|p2a: Oranguru\n|move|p2b: Sylveon|Hyper Voice|p1b: Torkoal|[spread] p1a,p1b\n|-resisted|p1b: Torkoal|1\n|-damage|p1a: Clefable|27/100\n|-damage|p1b: Torkoal|40/100\n|move|p1b: Torkoal|Weather Ball|p2b: Sylveon\n|-damage|p2b: Sylveon|18/100\n|\n|-weather|SunnyDay|[upkeep]\n|upkeep\n|\n|t:|1776381977\n|switch|p2a: Incineroar|Incineroar, L50, M|100/100\n|-ability|p2a: Incineroar|Intimidate|boost\n|-unboost|p1a: Clefable|atk|1\n|-unboost|p1b: Torkoal|atk|1\n|turn|4\n|\n|t:|1776381986\n|move|p1b: Torkoal|Protect|p1b: Torkoal\n|-singleturn|p1b: Torkoal|Protect\n|move|p2a: Incineroar|Fake Out|p1a: Clefable\n|-damage|p1a: Clefable|19/100\n|cant|p1a: Clefable|flinch\n|move|p2b: Sylveon|Hyper Voice|p1b: Torkoal|[spread] p1a\n|-activate|p1b: Torkoal|move: Protect\n|-damage|p1a: Clefable|0 fnt\n|faint|p1a: Clefable\n|\n|-weather|SunnyDay|[upkeep]\n|upkeep\n|\n|t:|1776381999\n|switch|p1a: Golurk|Golurk, L50|100/100\n|turn|5\n|\n|t:|1776382021\n|switch|p1b: Kommo-o|Kommo-o, L50, F|100/100\n|move|p2b: Sylveon|Hyper Voice|p1b: Kommo-o|[spread] p1a,p1b\n|-supereffective|p1b: Kommo-o|2\n|-damage|p1a: Golurk|0 fnt\n|-damage|p1b: Kommo-o|0 fnt\n|faint|p1a: Golurk\n|faint|p1b: Kommo-o\n|move|p2a: Incineroar|Throat Chop|p1: Golurk|[notarget]\n|-fail|p2a: Incineroar\n|\n|-weather|none\n|upkeep\n|-message|areestoo forfeited.\n|\n|win|staneats\n|raw|areestoo's rating: 1205 &rarr; <strong>1182</strong><br />(-23 for losing)\n|raw|staneats's rating: 1227 &rarr; <strong>1250</strong><br />(+23 for winning)\n",
  "uploadtime": 1776382036,
  "views": 22,
  "formatid": "gen9championsvgc2026regma",
  "rating": 1182,
  "private": 0,
  "password": null
}