{
  "id": "gen9championsvgc2026regma-2585781941",
  "format": "[Gen 9 Champions] VGC 2026 Reg M-A",
  "players": [
    "klekim",
    "loklastaji"
  ],
  "log": "|j|\u2606klekim\n|j|\u2606loklastaji\n|t:|1776370230\n|gametype|doubles\n|player|p1|klekim|veteran|1216\n|player|p2|loklastaji|265|1119\n|gen|9\n|tier|[Gen 9 Champions] VGC 2026 Reg M-A\n|rated|\n|rule|Species Clause: Limit one of each Pok\u00e9mon\n|rule|Item Clause: Limit 1 of each item\n|clearpoke\n|poke|p1|Scovillain, L50, F|\n|poke|p1|Incineroar, L50, M|\n|poke|p1|Farigiraf, L50, M|\n|poke|p1|Gallade, L50, M|\n|poke|p1|Kingambit, L50, M|\n|poke|p1|Pelipper, L50, F|\n|poke|p2|Samurott-Hisui, L50, F|\n|poke|p2|Delphox, L50, F|\n|poke|p2|Tinkaton, L50, F|\n|poke|p2|Decidueye-Hisui, L50, F|\n|poke|p2|Dragonite, L50, M|\n|poke|p2|Farigiraf, L50, M|\n|teampreview|4\n|inactive|Battle timer is ON: inactive players will automatically lose when time's up. (requested by klekim)\n|inactive|loklastaji has 60 seconds left.\nklekim rejected open team sheets.\n|\n|t:|1776370300\n|teamsize|p1|4\n|teamsize|p2|4\n|start\n|switch|p1a: Incineroar|Incineroar, L50, M|100/100\n|switch|p1b: Farigiraf|Farigiraf, L50, M|100/100\n|switch|p2a: Farigiraf|Farigiraf, L50, M|100/100\n|switch|p2b: Decidueye|Decidueye-Hisui, L50, F|100/100\n|-ability|p1a: Incineroar|Intimidate|boost\n|-unboost|p2a: Farigiraf|atk|1\n|-fail|p2b: Decidueye|unboost|Attack|[from] ability: Scrappy|[of] p2b: Decidueye\n|turn|1\n|inactive|loklastaji has 30 seconds left.\n|\n|t:|1776370327\n|move|p2b: Decidueye|Close Combat|p1a: Incineroar\n|-supereffective|p1a: Incineroar|1\n|-damage|p1a: Incineroar|0 fnt\n|-unboost|p2b: Decidueye|def|1\n|-unboost|p2b: Decidueye|spd|1\n|faint|p1a: Incineroar\n|move|p2a: Farigiraf|Psychic Terrain|p2a: Farigiraf\n|-fieldstart|move: Psychic Terrain\n|move|p1b: Farigiraf|Nasty Plot|p1b: Farigiraf\n|-boost|p1b: Farigiraf|spa|2\n|\n|upkeep\n|\n|t:|1776370339\n|switch|p1a: Scovillain|Scovillain, L50, F|100/100\n|turn|2\n|\n|t:|1776370360\n|switch|p2b: Delphox|Delphox, L50, F|100/100\n|detailschange|p1a: Scovillain|Scovillain-Mega, L50, F\n|-mega|p1a: Scovillain|Scovillain|Scovillainite\n|move|p1a: Scovillain|Rage Powder|p1a: Scovillain\n|-singleturn|p1a: Scovillain|move: Rage Powder\n|move|p2a: Farigiraf|Expanding Force|p1a: Scovillain|[spread] p1a,p1b\n|-resisted|p1b: Farigiraf|1\n|-damage|p1a: Scovillain|46/100\n|-damage|p1b: Farigiraf|71/100\n|-status|p2a: Farigiraf|brn|[from] ability: Spicy Spray|[of] p1a: Scovillain\n|move|p1b: Farigiraf|Nasty Plot|p1b: Farigiraf\n|-boost|p1b: Farigiraf|spa|2\n|\n|-damage|p2a: Farigiraf|94/100 brn|[from] brn\n|upkeep\n|turn|3\n|inactive|loklastaji has 30 seconds left.\n|\n|t:|1776370388\n|move|p1a: Scovillain|Protect|p1a: Scovillain\n|-singleturn|p1a: Scovillain|Protect\n|move|p2b: Delphox|Expanding Force|p1a: Scovillain|[spread] p1b\n|-activate|p1a: Scovillain|move: Protect\n|-resisted|p1b: Farigiraf|1\n|-damage|p1b: Farigiraf|44/100\n|-enditem|p1b: Farigiraf|Sitrus Berry|[eat]\n|-heal|p1b: Farigiraf|69/100|[from] item: Sitrus Berry\n|move|p2a: Farigiraf|Expanding Force|p1b: Farigiraf|[spread] p1b\n|-activate|p1a: Scovillain|move: Protect\n|-resisted|p1b: Farigiraf|1\n|-damage|p1b: Farigiraf|44/100\n|move|p1b: Farigiraf|Hyper Voice|p2a: Farigiraf|[spread] p2a,p2b\n|-crit|p2a: Farigiraf\n|-damage|p2a: Farigiraf|0 fnt\n|-damage|p2b: Delphox|0 fnt\n|faint|p2a: Farigiraf\n|faint|p2b: Delphox\n|\n|upkeep\n|\n|t:|1776370408\n|switch|p2b: Samurott|Samurott-Hisui, L50, F|100/100\n|switch|p2a: Decidueye|Decidueye-Hisui, L50, F|100/100\n|turn|4\n|inactive|loklastaji has 30 seconds left.\n|inactive|loklastaji has 20 seconds left.\n|\n|t:|1776370445\n|move|p1a: Scovillain|Rage Powder|p1a: Scovillain\n|-singleturn|p1a: Scovillain|move: Rage Powder\n|move|p2a: Decidueye|Brave Bird|p1b: Farigiraf\n|-damage|p1b: Farigiraf|7/100\n|-damage|p2a: Decidueye|85/100|[from] Recoil\n|move|p2b: Samurott|Ceaseless Edge|p1a: Scovillain\n|-damage|p1a: Scovillain|0 fnt\n|-status|p2b: Samurott|brn|[from] ability: Spicy Spray|[of] p1a: Scovillain\n|-sidestart|p1: klekim|Spikes\n|faint|p1a: Scovillain\n|move|p1b: Farigiraf|Psychic|p2a: Decidueye\n|-supereffective|p2a: Decidueye|1\n|-crit|p2a: Decidueye\n|-damage|p2a: Decidueye|0 fnt\n|faint|p2a: Decidueye\n|\n|-damage|p2b: Samurott|95/100 brn|[from] brn\n|upkeep\n|\n|t:|1776370461\n|switch|p1a: Kingambit|Kingambit, L50, M|100/100\n|-damage|p1a: Kingambit|88/100|[from] Spikes\n|turn|5\n|\n|t:|1776370470\n|move|p2b: Samurott|Aqua Cutter|p1b: Farigiraf\n|-damage|p1b: Farigiraf|0 fnt\n|faint|p1b: Farigiraf\n|move|p1a: Kingambit|Iron Head|p2b: Samurott\n|-resisted|p2b: Samurott|1\n|-damage|p2b: Samurott|64/100 brn\n|\n|-damage|p2b: Samurott|58/100 brn|[from] brn\n|-fieldend|move: Psychic Terrain\n|upkeep\n|turn|6\n|\n|t:|1776370481\n|move|p2b: Samurott|Sacred Sword|p1a: Kingambit\n|-supereffective|p1a: Kingambit|2\n|-damage|p1a: Kingambit|27/100\n|move|p1a: Kingambit|Swords Dance|p1a: Kingambit\n|-boost|p1a: Kingambit|atk|2\n|\n|-damage|p2b: Samurott|52/100 brn|[from] brn\n|upkeep\n|turn|7\n|\n|t:|1776370491\n|move|p1a: Kingambit|Sucker Punch|p2b: Samurott\n|-resisted|p2b: Samurott|1\n|-damage|p2b: Samurott|0 fnt\n|faint|p2b: Samurott\n|\n|win|klekim\n|raw|klekim's rating: 1216 &rarr; <strong>1234</strong><br />(+18 for winning)\n|raw|loklastaji's rating: 1119 &rarr; <strong>1101</strong><br />(-18 for losing)\n",
  "uploadtime": 1776370496,
  "views": 21,
  "formatid": "gen9championsvgc2026regma",
  "rating": 1101,
  "private": 0,
  "password": null
}