{
  "id": "gen9championsvgc2026regma-2587668090",
  "format": "[Gen 9 Champions] VGC 2026 Reg M-A",
  "players": [
    "loihni",
    "NahuSubZeroJ"
  ],
  "log": "|j|\u2606loihni\n|j|\u2606NahuSubZeroJ\n|t:|1776552056\n|gametype|doubles\n|player|p1|loihni|101|1085\n|player|p2|NahuSubZeroJ|hiker-gen4|1098\n|gen|9\n|tier|[Gen 9 Champions] VGC 2026 Reg M-A\n|rated|\n|rule|Species Clause: Limit one of each Pok\u00e9mon\n|rule|Item Clause: Limit 1 of each item\n|clearpoke\n|poke|p1|Aerodactyl, L50, M|\n|poke|p1|Maushold, L50|\n|poke|p1|Garchomp, L50, F|\n|poke|p1|Delphox, L50, M|\n|poke|p1|Aegislash, L50, M|\n|poke|p1|Floette-Eternal, L50, F|\n|poke|p2|Scizor, L50, M|\n|poke|p2|Incineroar, L50, F|\n|poke|p2|Sinistcha, L50|\n|poke|p2|Garchomp, L50, M|\n|poke|p2|Gyarados, L50, F|\n|poke|p2|Sableye, L50, M|\n|teampreview|4\n|inactive|Battle timer is ON: inactive players will automatically lose when time's up. (requested by NahuSubZeroJ)\nloihni rejected open team sheets.\n|inactive|loihni has 60 seconds left.\n|inactive|NahuSubZeroJ has 60 seconds left.\n|inactive|loihni has 30 seconds left.\n|\n|t:|1776552125\n|teamsize|p1|4\n|teamsize|p2|4\n|start\n|switch|p1a: Floette|Floette-Eternal, L50, F|100/100\n|switch|p1b: Maushold|Maushold, L50|100/100\n|switch|p2a: Gyarados|Gyarados, L50, F|100/100\n|switch|p2b: Incineroar|Incineroar, L50, F|100/100\n|-ability|p2a: Gyarados|Intimidate|boost\n|-unboost|p1a: Floette|atk|1\n|-unboost|p1b: Maushold|atk|1\n|-ability|p2b: Incineroar|Intimidate|boost\n|-unboost|p1a: Floette|atk|1\n|-unboost|p1b: Maushold|atk|1\n|turn|1\n|inactive|loihni has 30 seconds left.\n|inactive|NahuSubZeroJ has 30 seconds left.\n|inactive|loihni has 20 seconds left.\n|inactive|loihni has 15 seconds left.\n|inactive|loihni has 10 seconds left.\n|inactive|NahuSubZeroJ has 20 seconds left.\n|\n|t:|1776552174\n|switch|p1b: Garchomp|Garchomp, L50, F|100/100\n|detailschange|p1a: Floette|Floette-Mega, L50, F\n|-mega|p1a: Floette|Floette|Floettite\n|-ability|p1a: Floette|Fairy Aura\n|move|p1a: Floette|Protect|p1a: Floette\n|-singleturn|p1a: Floette|Protect\n|move|p2b: Incineroar|Fake Out|p1b: Garchomp\n|-damage|p1b: Garchomp|88/100\n|-damage|p2b: Incineroar|88/100|[from] ability: Rough Skin|[of] p1b: Garchomp\n|move|p2a: Gyarados|Waterfall|p1a: Floette\n|-activate|p1a: Floette|move: Protect\n|\n|upkeep\n|turn|2\n|inactive|loihni has 30 seconds left.\n|inactive|loihni has 20 seconds left.\n|\n|t:|1776552213\n|switch|p1a: Aegislash|Aegislash, L50, M|100/100\n|move|p2a: Gyarados|Protect|p2a: Gyarados\n|-singleturn|p2a: Gyarados|Protect\n|move|p1b: Garchomp|Stomping Tantrum|p2b: Incineroar\n|-supereffective|p2b: Incineroar|1\n|-damage|p2b: Incineroar|0 fnt\n|faint|p2b: Incineroar\n|\n|upkeep\n|\n|t:|1776552222\n|switch|p2b: Sableye|Sableye, L50, M|100/100\n|turn|3\n|\n|t:|1776552241\n|detailschange|p2a: Gyarados|Gyarados-Mega, L50, F\n|-mega|p2a: Gyarados|Gyarados|Gyaradosite\n|-ability|p2a: Gyarados|Mold Breaker\n|move|p2b: Sableye|Fake Out|p1b: Garchomp\n|-damage|p1b: Garchomp|80/100\n|-damage|p2b: Sableye|88/100|[from] ability: Rough Skin|[of] p1b: Garchomp\n|cant|p1b: Garchomp|flinch\n|move|p2a: Gyarados|Dragon Dance|p2a: Gyarados\n|-boost|p2a: Gyarados|atk|1\n|-boost|p2a: Gyarados|spe|1\n|-formechange|p1a: Aegislash|Aegislash-Blade|\n|move|p1a: Aegislash|Poltergeist|p2b: Sableye\n|-activate|p2b: Sableye|move: Poltergeist|Roseli Berry\n|-damage|p2b: Sableye|0 fnt\n|faint|p2b: Sableye\n|\n|upkeep\n|\n|t:|1776552255\n|switch|p2b: Sinistcha|Sinistcha, L50|100/100\n|turn|4\n|\n|t:|1776552272\n|-formechange|p1a: Aegislash|Aegislash|\n|move|p1a: Aegislash|King's Shield|p1a: Aegislash\n|-singleturn|p1a: Aegislash|Protect\n|move|p1b: Garchomp|Stomping Tantrum|p2a: Gyarados\n|-damage|p2a: Gyarados|27/100\n|move|p2a: Gyarados|Dragon Dance|p2a: Gyarados\n|-boost|p2a: Gyarados|atk|1\n|-boost|p2a: Gyarados|spe|1\n|move|p2b: Sinistcha|Matcha Gotcha|p1b: Garchomp|[spread] p1b\n|-activate|p1a: Aegislash|move: Protect\n|-damage|p1b: Garchomp|56/100\n|-status|p1b: Garchomp|brn\n|\n|-damage|p1b: Garchomp|50/100 brn|[from] brn\n|upkeep\n|turn|5\n|inactive|loihni has 30 seconds left.\n|\n|t:|1776552306\n|move|p2a: Gyarados|Protect|p2a: Gyarados\n|-singleturn|p2a: Gyarados|Protect\n|move|p1b: Garchomp|Protect|p1b: Garchomp\n|-singleturn|p1b: Garchomp|Protect\n|move|p2b: Sinistcha|Life Dew||[still]|[spread] p2a,p2b\n|-heal|p2a: Gyarados|52/100\n|-fail|p2b: Sinistcha|heal\n|-formechange|p1a: Aegislash|Aegislash-Blade|\n|move|p1a: Aegislash|Sacred Sword|p2a: Gyarados\n|-activate|p2a: Gyarados|move: Protect\n|\n|-damage|p1b: Garchomp|44/100 brn|[from] brn\n|upkeep\n|turn|6\n|\n|t:|1776552331\n|-formechange|p1a: Aegislash|Aegislash|\n|move|p1a: Aegislash|King's Shield|p1a: Aegislash\n|-singleturn|p1a: Aegislash|Protect\n|move|p2a: Gyarados|Waterfall|p1b: Garchomp\n|-damage|p1b: Garchomp|0 fnt\n|-damage|p2a: Gyarados|39/100|[from] ability: Rough Skin|[of] p1b: Garchomp\n|faint|p1b: Garchomp\n|move|p2b: Sinistcha|Life Dew||[still]|[spread] p2a,p2b\n|-heal|p2a: Gyarados|64/100\n|-fail|p2b: Sinistcha|heal\n|\n|upkeep\n|\n|t:|1776552345\n|switch|p1b: Maushold|Maushold, L50|100/100\n|turn|7\n|\n|t:|1776552355\n|move|p1b: Maushold|Protect|p1b: Maushold\n|-singleturn|p1b: Maushold|Protect\n|move|p2b: Sinistcha|Rage Powder|p2b: Sinistcha\n|-singleturn|p2b: Sinistcha|move: Rage Powder\n|move|p2a: Gyarados|Crunch|p1a: Aegislash\n|-supereffective|p1a: Aegislash|1\n|-damage|p1a: Aegislash|0 fnt\n|faint|p1a: Aegislash\n|\n|upkeep\n|\n|t:|1776552363\n|switch|p1a: Floette|Floette-Mega, L50, F|100/100\n|-ability|p1a: Floette|Fairy Aura\n|turn|8\n|\n|t:|1776552374\n|move|p1b: Maushold|Follow Me|p1b: Maushold\n|-singleturn|p1b: Maushold|move: Follow Me\n|move|p2b: Sinistcha|Rage Powder|p2b: Sinistcha\n|-singleturn|p2b: Sinistcha|move: Rage Powder\n|move|p2a: Gyarados|Waterfall|p1b: Maushold\n|-damage|p1b: Maushold|0 fnt\n|faint|p1b: Maushold\n|move|p1a: Floette|Dazzling Gleam|p2a: Gyarados|[spread] p2a,p2b\n|-supereffective|p2a: Gyarados|1\n|-damage|p2a: Gyarados|0 fnt\n|-damage|p2b: Sinistcha|57/100\n|faint|p2a: Gyarados\n|\n|upkeep\n|turn|9\n|\n|t:|1776552387\n|move|p1a: Floette|Moonblast|p2b: Sinistcha\n|-damage|p2b: Sinistcha|0 fnt\n|faint|p2b: Sinistcha\n|\n|win|loihni\n|raw|loihni's rating: 1085 &rarr; <strong>1113</strong><br />(+28 for winning)\n|raw|NahuSubZeroJ's rating: 1098 &rarr; <strong>1072</strong><br />(-26 for losing)\n|l|\u2606NahuSubZeroJ\n|player|p2|\n",
  "uploadtime": 1776552394,
  "views": 10,
  "formatid": "gen9championsvgc2026regma",
  "rating": 1072,
  "private": 0,
  "password": null
}