{
  "id": "gen9championsvgc2026regma-2583403863",
  "format": "[Gen 9 Champions] VGC 2026 Reg M-A",
  "players": [
    "billbond",
    "banana superior"
  ],
  "log": "|j|\u2606billbond\n|j|\u2606banana superior\n|t:|1776173337\n|gametype|doubles\n|player|p1|billbond|266|1290\n|player|p2|banana superior|smasher|1376\n|gen|9\n|tier|[Gen 9 Champions] VGC 2026 Reg M-A\n|rated|\n|rule|Species Clause: Limit one of each Pok\u00e9mon\n|rule|Item Clause: Limit 1 of each item\n|clearpoke\n|poke|p1|Aerodactyl, L50, F|\n|poke|p1|Sinistcha, L50|\n|poke|p1|Snorlax, L50, F|\n|poke|p1|Clefable, L50, M|\n|poke|p1|Sneasler, L50, F|\n|poke|p1|Gyarados, L50, F|\n|poke|p2|Floette-Eternal, L50, F|\n|poke|p2|Incineroar, L50, F|\n|poke|p2|Mimikyu, L50, F|\n|poke|p2|Torkoal, L50, M|\n|poke|p2|Sinistcha-Masterpiece, L50|\n|poke|p2|Kingambit, L50, M|\n|teampreview|4\n|inactive|Battle timer is ON: inactive players will automatically lose when time's up. (requested by banana superior)\n|\n|t:|1776173385\n|teamsize|p1|4\n|teamsize|p2|4\n|start\n|switch|p1a: Sinistcha|Sinistcha, L50|100/100\n|switch|p1b: Sneasler|Sneasler, L50, F|100/100\n|switch|p2a: Mimikyu|Mimikyu, L50, F, shiny|100/100\n|switch|p2b: Incineroar|Incineroar, L50, F, shiny|100/100\n|-ability|p2b: Incineroar|Intimidate|boost\n|-unboost|p1a: Sinistcha|atk|1\n|-unboost|p1b: Sneasler|atk|1\n|-enditem|p1b: Sneasler|White Herb\n|-clearnegativeboost|p1b: Sneasler|[silent]\n|turn|1\n|\n|t:|1776173392\n|move|p1b: Sneasler|Fake Out|p2b: Incineroar\n|-damage|p2b: Incineroar|91/100\n|cant|p2b: Incineroar|flinch\n|move|p1a: Sinistcha|Matcha Gotcha|p2b: Incineroar|[spread] p2a,p2b\n|-resisted|p2b: Incineroar|1\n|-activate|p2a: Mimikyu|ability: Disguise\n|-damage|p2a: Mimikyu|100/100\n|-damage|p2b: Incineroar|80/100\n|detailschange|p2a: Mimikyu|Mimikyu-Busted, L50, F, shiny\n|-damage|p2a: Mimikyu|89/100|[from] pokemon: Mimikyu-Busted\n|move|p2a: Mimikyu|Trick Room|p2a: Mimikyu\n|-fieldstart|move: Trick Room|[of] p2a: Mimikyu\n|\n|upkeep\n|turn|2\n|\n|t:|1776173412\n|switch|p2a: Torkoal|Torkoal, L50, M|100/100\n|-weather|SunnyDay|[from] ability: Drought|[of] p2a: Torkoal\n|move|p2b: Incineroar|Flare Blitz|p1b: Sneasler\n|-damage|p1b: Sneasler|0 fnt\n|faint|p1b: Sneasler\n|-damage|p2b: Incineroar|54/100|[from] Recoil\n|move|p1a: Sinistcha|Matcha Gotcha|p2a: Torkoal|[spread] p2a\n|-miss|p1a: Sinistcha|p2b: Incineroar\n|-resisted|p2a: Torkoal|1\n|-damage|p2a: Torkoal|85/100\n|\n|-weather|SunnyDay|[upkeep]\n|upkeep\n|\n|t:|1776173426\n|switch|p1b: Snorlax|Snorlax, L50, F|100/100\n|turn|3\n|\n|t:|1776173438\n|move|p2a: Torkoal|Eruption|p1b: Snorlax|[spread] p1a,p1b\n|-supereffective|p1a: Sinistcha|1\n|-enditem|p1a: Sinistcha|Occa Berry|[eat]\n|-enditem|p1a: Sinistcha|Occa Berry|[weaken]\n|-damage|p1a: Sinistcha|43/100\n|-damage|p1b: Snorlax|82/100\n|move|p1b: Snorlax|Belly Drum|p1b: Snorlax\n|-damage|p1b: Snorlax|32/100\n|-setboost|p1b: Snorlax|atk|6|[from] move: Belly Drum\n|-enditem|p1b: Snorlax|Sitrus Berry|[eat]\n|-heal|p1b: Snorlax|57/100|[from] item: Sitrus Berry\n|move|p2b: Incineroar|Parting Shot|p1b: Snorlax\n|-unboost|p1b: Snorlax|atk|1\n|-unboost|p1b: Snorlax|spa|1\n|inactive|banana superior has 30 seconds left.\n|\n|t:|1776173472\n|switch|p2b: Mimikyu|Mimikyu-Busted, L50, F, shiny|89/100|[from] Parting Shot\n|move|p1a: Sinistcha|Trick Room|p1a: Sinistcha\n|-fieldend|move: Trick Room\n|\n|-weather|SunnyDay|[upkeep]\n|upkeep\n|turn|4\n|\n|t:|1776173489\n|switch|p1a: Clefable|Clefable, L50, M|100/100\n|switch|p2a: Incineroar|Incineroar, L50, F, shiny|54/100\n|-ability|p2a: Incineroar|Intimidate|boost\n|-unboost|p1a: Clefable|atk|1\n|-unboost|p1b: Snorlax|atk|1\n|move|p2b: Mimikyu|Play Rough|p1b: Snorlax\n|-damage|p1b: Snorlax|21/100\n|move|p1b: Snorlax|Ice Punch|p2b: Mimikyu\n|-damage|p2b: Mimikyu|9/100\n|\n|-weather|SunnyDay|[upkeep]\n|upkeep\n|turn|5\n|inactive|banana superior has 30 seconds left.\n|\n|t:|1776173514\n|move|p1a: Clefable|Protect|p1a: Clefable\n|-singleturn|p1a: Clefable|Protect\n|move|p2b: Mimikyu|Light Screen|p2b: Mimikyu\n|-sidestart|p2: banana superior|move: Light Screen\n|move|p2a: Incineroar|Flare Blitz|p1b: Snorlax\n|-damage|p1b: Snorlax|0 fnt\n|faint|p1b: Snorlax\n|-damage|p2a: Incineroar|45/100|[from] Recoil\n|-enditem|p2a: Incineroar|Sitrus Berry|[eat]\n|-heal|p2a: Incineroar|70/100|[from] item: Sitrus Berry\n|\n|-weather|SunnyDay|[upkeep]\n|upkeep\n|-message|billbond forfeited.\n|\n|win|banana superior\n|raw|billbond's rating: 1290 &rarr; <strong>1271</strong><br />(-19 for losing)\n|raw|banana superior's rating: 1376 &rarr; <strong>1391</strong><br />(+15 for winning)\n|l|\u2606billbond\n|player|p1|\n",
  "uploadtime": 1776173533,
  "views": 35,
  "formatid": "gen9championsvgc2026regma",
  "rating": 1271,
  "private": 0,
  "password": null
}