{
  "id": "gen9championsvgc2026regma-2582631050",
  "format": "[Gen 9 Champions] VGC 2026 Reg M-A",
  "players": [
    "flyingmantis",
    "Blackbeard_78x"
  ],
  "log": "|j|\u2606flyingmantis\n|j|\u2606Blackbeard_78x\n|t:|1776103765\n|gametype|doubles\n|player|p1|flyingmantis|harlequin|1003\n|player|p2|Blackbeard_78x|az|1030\n|gen|9\n|tier|[Gen 9 Champions] VGC 2026 Reg M-A\n|rated|\n|rule|Species Clause: Limit one of each Pok\u00e9mon\n|rule|Item Clause: Limit 1 of each item\n|clearpoke\n|poke|p1|Tyranitar, L50, M|\n|poke|p1|Rotom-Wash, L50|\n|poke|p1|Corviknight, L50, M|\n|poke|p1|Excadrill, L50, M|\n|poke|p1|Arcanine-Hisui, L50, M|\n|poke|p1|Meganium, L50, F|\n|poke|p2|Starmie, L50|\n|poke|p2|Dragonite, L50, F|\n|poke|p2|Basculegion, L50, M|\n|poke|p2|Politoed, L50, M|\n|poke|p2|Whimsicott, L50, M|\n|poke|p2|Pelipper, L50, M|\n|teampreview|4\n|inactive|Battle timer is ON: inactive players will automatically lose when time's up. (requested by Blackbeard_78x)\nflyingmantis rejected open team sheets.\n|inactive|flyingmantis has 60 seconds left.\n|\n|t:|1776103799\n|teamsize|p1|4\n|teamsize|p2|4\n|start\n|switch|p1a: Arcanine|Arcanine-Hisui, L50, M|100/100\n|switch|p1b: Rotom|Rotom-Wash, L50|100/100\n|switch|p2a: Starmie|Starmie, L50, shiny|100/100\n|switch|p2b: Politoed|Politoed, L50, M, shiny|100/100\n|-ability|p1a: Arcanine|Intimidate|boost\n|-unboost|p2a: Starmie|atk|1\n|-unboost|p2b: Politoed|atk|1\n|-weather|RainDance|[from] ability: Drizzle|[of] p2b: Politoed\n|turn|1\n|\n|t:|1776103819\n|detailschange|p2a: Starmie|Starmie-Mega, L50, shiny\n|-mega|p2a: Starmie|Starmie|Starminite\n|move|p1a: Arcanine|Protect|p1a: Arcanine\n|-singleturn|p1a: Arcanine|Protect\n|move|p2a: Starmie|Aqua Jet|p1a: Arcanine\n|-activate|p1a: Arcanine|move: Protect\n|move|p1b: Rotom|Trick|p2b: Politoed\n|-activate|p1b: Rotom|move: Trick|[of] p2b: Politoed\n|-item|p2b: Politoed|Choice Scarf|[from] move: Trick\n|-item|p1b: Rotom|Leftovers|[from] move: Trick\n|move|p2b: Politoed|Encore|p1b: Rotom\n|-start|p1b: Rotom|Encore\n|\n|-weather|RainDance|[upkeep]\n|upkeep\n|turn|2\n|\n|t:|1776103842\n|switch|p1b: Tyranitar|Tyranitar, L50, M|100/100\n|-weather|Sandstorm|[from] ability: Sand Stream|[of] p1b: Tyranitar\n|switch|p2b: Pelipper|Pelipper, L50, M|100/100\n|-weather|RainDance|[from] ability: Drizzle|[of] p2b: Pelipper\n|switch|p1a: Meganium|Meganium, L50, F|100/100\n|move|p2a: Starmie|Aqua Jet|p1a: Meganium\n|-resisted|p1a: Meganium|1\n|-damage|p1a: Meganium|84/100\n|\n|-weather|RainDance|[upkeep]\n|upkeep\n|turn|3\n|inactive|flyingmantis has 30 seconds left.\n|\n|t:|1776103868\n|switch|p1b: Arcanine|Arcanine-Hisui, L50, M|100/100\n|-ability|p1b: Arcanine|Intimidate|boost\n|-unboost|p2a: Starmie|atk|1\n|-unboost|p2b: Pelipper|atk|1\n|detailschange|p1a: Meganium|Meganium-Mega, L50, F\n|-mega|p1a: Meganium|Meganium|Meganiumite\n|move|p2b: Pelipper|Wide Guard|p2b: Pelipper\n|-singleturn|p2b: Pelipper|Wide Guard\n|move|p2a: Starmie|Liquidation|p1b: Arcanine\n|-supereffective|p1b: Arcanine|2\n|-crit|p1b: Arcanine\n|-damage|p1b: Arcanine|0 fnt\n|faint|p1b: Arcanine\n|move|p1a: Meganium|Solar Beam||[still]\n|-prepare|p1a: Meganium|Solar Beam\n|-activate|p1a: Meganium|ability: Mega Sol\n|-anim|p1a: Meganium|Solar Beam|p2a: Starmie\n|-supereffective|p2a: Starmie|1\n|-damage|p2a: Starmie|0 fnt\n|faint|p2a: Starmie\n|\n|-weather|RainDance|[upkeep]\n|upkeep\n|\n|t:|1776103886\n|switch|p2a: Dragonite|Dragonite, L50, F|100/100\n|switch|p1b: Rotom|Rotom-Wash, L50|100/100\n|turn|4\n|\n|t:|1776103900\n|move|p1b: Rotom|Volt Switch|p2b: Pelipper\n|-supereffective|p2b: Pelipper|2\n|-enditem|p2b: Pelipper|Wacan Berry|[eat]\n|-enditem|p2b: Pelipper|Wacan Berry|[weaken]\n|-damage|p2b: Pelipper|3/100\n|\n|t:|1776103904\n|switch|p1b: Tyranitar|Tyranitar, L50, M|100/100|[from] Volt Switch\n|-weather|Sandstorm|[from] ability: Sand Stream|[of] p1b: Tyranitar\n|move|p2b: Pelipper|Chilling Water|p1b: Tyranitar\n|-supereffective|p1b: Tyranitar|1\n|-damage|p1b: Tyranitar|79/100\n|-unboost|p1b: Tyranitar|atk|1\n|move|p2a: Dragonite|Hurricane|p1a: Meganium\n|-supereffective|p1a: Meganium|1\n|-damage|p1a: Meganium|0 fnt\n|faint|p1a: Meganium\n|\n|-weather|Sandstorm|[upkeep]\n|-damage|p2b: Pelipper|0 fnt|[from] Sandstorm\n|-damage|p2a: Dragonite|94/100|[from] Sandstorm\n|faint|p2b: Pelipper\n|upkeep\n|\n|t:|1776103919\n|switch|p2b: Politoed|Politoed, L50, M, shiny|100/100\n|switch|p1a: Rotom|Rotom-Wash, L50|100/100\n|-weather|RainDance|[from] ability: Drizzle|[of] p2b: Politoed\n|turn|5\n|\n|t:|1776103932\n|move|p1b: Tyranitar|Protect|p1b: Tyranitar\n|-singleturn|p1b: Tyranitar|Protect\n|move|p1a: Rotom|Volt Switch|p2b: Politoed\n|-supereffective|p2b: Politoed|1\n|-damage|p2b: Politoed|43/100\n|move|p2b: Politoed|Muddy Water|p1a: Rotom|[spread] p1a\n|-activate|p1b: Tyranitar|move: Protect\n|-resisted|p1a: Rotom|1\n|-damage|p1a: Rotom|81/100\n|move|p2a: Dragonite|Weather Ball|p1b: Tyranitar\n|-activate|p1b: Tyranitar|move: Protect\n|\n|-weather|RainDance|[upkeep]\n|-heal|p1a: Rotom|87/100|[from] item: Leftovers\n|upkeep\n|turn|6\n|\n|t:|1776103946\n|move|p1a: Rotom|Volt Switch|p2b: Politoed\n|-supereffective|p2b: Politoed|1\n|-damage|p2b: Politoed|0 fnt\n|faint|p2b: Politoed\n|move|p2a: Dragonite|Weather Ball|p1b: Tyranitar\n|-supereffective|p1b: Tyranitar|1\n|-damage|p1b: Tyranitar|0 fnt\n|faint|p1b: Tyranitar\n|\n|-weather|RainDance|[upkeep]\n|-heal|p1a: Rotom|92/100|[from] item: Leftovers\n|upkeep\n|turn|7\n|\n|t:|1776103957\n|move|p1a: Rotom|Will-O-Wisp|p2a: Dragonite\n|-status|p2a: Dragonite|brn\n|move|p2a: Dragonite|Draco Meteor|p1a: Rotom\n|-damage|p1a: Rotom|13/100\n|-unboost|p2a: Dragonite|spa|2\n|\n|-weather|RainDance|[upkeep]\n|-heal|p1a: Rotom|19/100|[from] item: Leftovers\n|-damage|p2a: Dragonite|88/100 brn|[from] brn\n|upkeep\n|turn|8\n|\n|t:|1776103964\n|move|p1a: Rotom|Trick||[still]\n|-fail|p1a: Rotom\n|move|p2a: Dragonite|Draco Meteor|p1a: Rotom\n|-damage|p1a: Rotom|0 fnt\n|-unboost|p2a: Dragonite|spa|2\n|faint|p1a: Rotom\n|\n|win|Blackbeard_78x\n|raw|flyingmantis's rating: 1003 &rarr; <strong>1000</strong><br />(-3 for losing)\n|raw|Blackbeard_78x's rating: 1030 &rarr; <strong>1063</strong><br />(+33 for winning)\n|l|\u2606flyingmantis\n|player|p1|\n",
  "uploadtime": 1776103972,
  "views": 13,
  "formatid": "gen9championsvgc2026regma",
  "rating": 1000,
  "private": 0,
  "password": null
}