{
  "id": "gen9championsvgc2026regma-2588489688",
  "format": "[Gen 9 Champions] VGC 2026 Reg M-A",
  "players": [
    "Millygan15",
    "ImSoGhost"
  ],
  "log": "|j|\u2606Millygan15\n|j|\u2606ImSoGhost\n|t:|1776638180\n|gametype|doubles\n|player|p1|Millygan15|volkner|1094\n|player|p2|ImSoGhost|ghetsis|1170\n|gen|9\n|tier|[Gen 9 Champions] VGC 2026 Reg M-A\n|rated|\n|rule|Species Clause: Limit one of each Pok\u00e9mon\n|rule|Item Clause: Limit 1 of each item\n|clearpoke\n|poke|p1|Goodra-Hisui, L50, M|\n|poke|p1|Charizard, L50, F|\n|poke|p1|Venusaur, L50, M|\n|poke|p1|Ariados, L50, M|\n|poke|p1|Basculegion, L50, M|\n|poke|p1|Lopunny, L50, M|\n|poke|p2|Froslass, L50, F, shiny|\n|poke|p2|Rotom-Frost, L50, shiny|\n|poke|p2|Garchomp, L50, F|\n|poke|p2|Incineroar, L50, F|\n|poke|p2|Empoleon, L50, M, shiny|\n|poke|p2|Kingambit, L50, M|\n|teampreview|4\n|inactive|Battle timer is ON: inactive players will automatically lose when time's up. (requested by Millygan15)\nMillygan15 rejected open team sheets.\n|\n|t:|1776638215\n|teamsize|p1|4\n|teamsize|p2|4\n|start\n|switch|p1a: Ariados|Ariados, L50, M|100/100\n|switch|p1b: Basculegion|Basculegion, L50, M|100/100\n|switch|p2a: Froslass|Froslass, L50, F, shiny|100/100\n|switch|p2b: Garchomp|Garchomp, L50, F|100/100\n|turn|1\n|\n|t:|1776638233\n|detailschange|p2a: Froslass|Froslass-Mega, L50, F, shiny\n|-mega|p2a: Froslass|Froslass|Froslassite\n|-weather|Snowscape|[from] ability: Snow Warning|[of] p2a: Froslass\n|move|p2b: Garchomp|Protect|p2b: Garchomp\n|-singleturn|p2b: Garchomp|Protect\n|move|p1a: Ariados|First Impression|p2a: Froslass\n|-resisted|p2a: Froslass|1\n|-damage|p2a: Froslass|77/100\n|move|p1b: Basculegion|Wave Crash|p2b: Garchomp\n|-activate|p2b: Garchomp|move: Protect\n|move|p2a: Froslass|Aurora Veil|p2a: Froslass\n|-sidestart|p2: ImSoGhost|move: Aurora Veil\n|\n|-weather|Snowscape|[upkeep]\n|upkeep\n|turn|2\n|inactive|Millygan15 has 30 seconds left.\n|\n|t:|1776638264\n|switch|p2b: Rotom|Rotom-Frost, L50, shiny|100/100\n|move|p1b: Basculegion|Wave Crash|p2a: Froslass\n|-damage|p2a: Froslass|22/100\n|-damage|p1b: Basculegion|87/100|[from] Recoil\n|move|p2a: Froslass|Shadow Ball|p1b: Basculegion\n|-supereffective|p1b: Basculegion|1\n|-damage|p1b: Basculegion|0 fnt\n|faint|p1b: Basculegion\n|move|p1a: Ariados|Sticky Web|p2b: Rotom\n|-sidestart|p2: ImSoGhost|move: Sticky Web\n|\n|-weather|Snowscape|[upkeep]\n|upkeep\n|\n|t:|1776638273\n|switch|p1b: Charizard|Charizard, L50, F|100/100\n|turn|3\n|\n|t:|1776638286\n|detailschange|p1b: Charizard|Charizard-Mega-Y, L50, F\n|-mega|p1b: Charizard|Charizard|Charizardite Y\n|-weather|SunnyDay|[from] ability: Drought|[of] p1b: Charizard\n|move|p2a: Froslass|Protect|p2a: Froslass\n|-singleturn|p2a: Froslass|Protect\n|move|p1a: Ariados|Sucker Punch||[still]\n|-fail|p1a: Ariados\n|move|p2b: Rotom|Thunderbolt|p1b: Charizard\n|-supereffective|p1b: Charizard|1\n|-crit|p1b: Charizard\n|-damage|p1b: Charizard|0 fnt\n|faint|p1b: Charizard\n|\n|-weather|SunnyDay|[upkeep]\n|upkeep\n|\n|t:|1776638297\n|switch|p1b: Venusaur|Venusaur, L50, M|100/100\n|turn|4\n|\n|t:|1776638310\n|move|p1a: Ariados|Sucker Punch|p2a: Froslass\n|-supereffective|p2a: Froslass|1\n|-damage|p2a: Froslass|0 fnt\n|faint|p2a: Froslass\n|move|p1b: Venusaur|Growth|p1b: Venusaur\n|-boost|p1b: Venusaur|atk|2\n|-boost|p1b: Venusaur|spa|2\n|move|p2b: Rotom|Thunderbolt|p1b: Venusaur\n|-resisted|p1b: Venusaur|1\n|-damage|p1b: Venusaur|81/100\n|\n|-weather|SunnyDay|[upkeep]\n|upkeep\n|\n|t:|1776638321\n|switch|p2a: Incineroar|Incineroar, L50, F|100/100\n|-activate|p2a: Incineroar|move: Sticky Web\n|-unboost|p2a: Incineroar|spe|1\n|-ability|p2a: Incineroar|Intimidate|boost\n|-unboost|p1a: Ariados|atk|1\n|-unboost|p1b: Venusaur|atk|1\n|turn|5\n|\n|t:|1776638332\n|move|p1a: Ariados|Rage Powder|p1a: Ariados\n|-singleturn|p1a: Ariados|move: Rage Powder\n|move|p1b: Venusaur|Sleep Powder|p2a: Incineroar\n|-status|p2a: Incineroar|slp|[from] move: Sleep Powder\n|move|p2b: Rotom|Thunderbolt|p1a: Ariados\n|-damage|p1a: Ariados|50/100\n|cant|p2a: Incineroar|slp\n|\n|-weather|SunnyDay|[upkeep]\n|-sideend|p2: ImSoGhost|move: Aurora Veil\n|upkeep\n|turn|6\n|\n|t:|1776638354\n|move|p1a: Ariados|Rage Powder|p1a: Ariados\n|-singleturn|p1a: Ariados|move: Rage Powder\n|move|p1b: Venusaur|Solar Beam||[still]\n|-prepare|p1b: Venusaur|Solar Beam\n|-anim|p1b: Venusaur|Solar Beam|p2b: Rotom\n|-damage|p2b: Rotom|0 fnt\n|faint|p2b: Rotom\n|cant|p2a: Incineroar|slp\n|\n|-weather|SunnyDay|[upkeep]\n|upkeep\n|\n|t:|1776638362\n|switch|p2b: Garchomp|Garchomp, L50, F|100/100\n|-activate|p2b: Garchomp|move: Sticky Web\n|-unboost|p2b: Garchomp|spe|1\n|-enditem|p2b: Garchomp|White Herb\n|-clearnegativeboost|p2b: Garchomp|[silent]\n|turn|7\n|\n|t:|1776638372\n|move|p1a: Ariados|Rage Powder|p1a: Ariados\n|-singleturn|p1a: Ariados|move: Rage Powder\n|move|p1b: Venusaur|Solar Beam||[still]\n|-prepare|p1b: Venusaur|Solar Beam\n|-anim|p1b: Venusaur|Solar Beam|p2b: Garchomp\n|-crit|p2b: Garchomp\n|-damage|p2b: Garchomp|0 fnt\n|faint|p2b: Garchomp\n|-curestatus|p2a: Incineroar|slp|[msg]\n|move|p2a: Incineroar|Flare Blitz|p1a: Ariados\n|-supereffective|p1a: Ariados|1\n|-damage|p1a: Ariados|0 fnt\n|faint|p1a: Ariados\n|-damage|p2a: Incineroar|86/100|[from] Recoil\n|\n|-weather|none\n|upkeep\n|turn|8\n|\n|t:|1776638385\n|move|p1b: Venusaur|Sleep Powder|p2a: Incineroar\n|-status|p2a: Incineroar|slp|[from] move: Sleep Powder\n|cant|p2a: Incineroar|slp\n|\n|upkeep\n|turn|9\n|\n|t:|1776638391\n|move|p1b: Venusaur|Sludge Wave|p2a: Incineroar\n|-damage|p2a: Incineroar|22/100 slp\n|-enditem|p2a: Incineroar|Sitrus Berry|[eat]\n|-heal|p2a: Incineroar|47/100 slp|[from] item: Sitrus Berry\n|cant|p2a: Incineroar|slp\n|\n|upkeep\n|turn|10\n|\n|t:|1776638397\n|move|p1b: Venusaur|Sludge Wave|p2a: Incineroar\n|-damage|p2a: Incineroar|0 fnt\n|faint|p2a: Incineroar\n|\n|win|Millygan15\n|raw|Millygan15's rating: 1094 &rarr; <strong>1125</strong><br />(+31 for winning)\n|raw|ImSoGhost's rating: 1170 &rarr; <strong>1140</strong><br />(-30 for losing)\n",
  "uploadtime": 1776638401,
  "views": 8,
  "formatid": "gen9championsvgc2026regma",
  "rating": 1125,
  "private": 0,
  "password": null
}