{
  "id": "gen9championsvgc2026regma-2587617154",
  "format": "[Gen 9 Champions] VGC 2026 Reg M-A",
  "players": [
    "vvyckii",
    "FallenTurtlle"
  ],
  "log": "|j|\u2606vvyckii\n|j|\u2606FallenTurtlle\n|t:|1776547351\n|gametype|doubles\n|player|p1|vvyckii|iono-masters2|1268\n|player|p2|FallenTurtlle|serena|1175\n|gen|9\n|tier|[Gen 9 Champions] VGC 2026 Reg M-A\n|rated|\n|rule|Species Clause: Limit one of each Pok\u00e9mon\n|rule|Item Clause: Limit 1 of each item\n|clearpoke\n|poke|p1|Gengar, L50, M, shiny|\n|poke|p1|Altaria, L50, M, shiny|\n|poke|p1|Incineroar, L50, M, shiny|\n|poke|p1|Sinistcha, L50, shiny|\n|poke|p1|Primarina, L50, M, shiny|\n|poke|p1|Azumarill, L50, M|\n|poke|p2|Mamoswine, L50, F|\n|poke|p2|Aerodactyl, L50, F|\n|poke|p2|Incineroar, L50, M|\n|poke|p2|Meganium, L50, F, shiny|\n|poke|p2|Pelipper, L50, M|\n|poke|p2|Heliolisk, L50, F, shiny|\n|teampreview|4\n|\n|t:|1776547395\n|teamsize|p1|4\n|teamsize|p2|4\n|start\n|switch|p1a: Sinistcha|Sinistcha, L50, shiny|100/100\n|switch|p1b: Primarina|Primarina, L50, M, shiny|100/100\n|switch|p2a: Mamoswine|Mamoswine, L50, F|100/100\n|switch|p2b: Heliolisk|Heliolisk, L50, F, shiny|100/100\n|turn|1\n|\n|t:|1776547416\n|move|p1b: Primarina|Protect|p1b: Primarina\n|-singleturn|p1b: Primarina|Protect\n|move|p2b: Heliolisk|Thunderbolt|p1b: Primarina\n|-activate|p1b: Primarina|move: Protect\n|move|p2a: Mamoswine|Icicle Crash|p1a: Sinistcha\n|-supereffective|p1a: Sinistcha|1\n|-damage|p1a: Sinistcha|6/100\n|cant|p1a: Sinistcha|flinch\n|\n|upkeep\n|turn|2\n|\n|t:|1776547436\n|switch|p1a: Incineroar|Incineroar, L50, M, shiny|100/100\n|-ability|p1a: Incineroar|Intimidate|boost\n|-fail|p2a: Mamoswine|unboost|Attack|[from] ability: Oblivious|[of] p2a: Mamoswine\n|-unboost|p2b: Heliolisk|atk|1\n|move|p2a: Mamoswine|Ice Shard|p1a: Incineroar\n|-resisted|p1a: Incineroar|1\n|-damage|p1a: Incineroar|88/100\n|move|p2b: Heliolisk|Thunderbolt|p1b: Primarina\n|-supereffective|p1b: Primarina|1\n|-damage|p1b: Primarina|16/100\n|move|p1b: Primarina|Moonblast|p2b: Heliolisk\n|-damage|p2b: Heliolisk|33/100\n|\n|-heal|p1a: Incineroar|94/100|[from] item: Leftovers\n|upkeep\n|turn|3\n|\n|t:|1776547465\n|switch|p2b: Pelipper|Pelipper, L50, M|100/100\n|-weather|RainDance|[from] ability: Drizzle|[of] p2b: Pelipper\n|move|p2a: Mamoswine|Protect|p2a: Mamoswine\n|-singleturn|p2a: Mamoswine|Protect\n|move|p1b: Primarina|Protect|p1b: Primarina\n|-singleturn|p1b: Primarina|Protect\n|move|p1a: Incineroar|Flare Blitz|p2a: Mamoswine\n|-activate|p2a: Mamoswine|move: Protect\n|\n|-weather|RainDance|[upkeep]\n|-heal|p1a: Incineroar|99/100|[from] item: Leftovers\n|upkeep\n|turn|4\n|\n|t:|1776547502\n|switch|p1b: Altaria|Altaria, L50, M, shiny|100/100\n|-ability|p1b: Altaria|Cloud Nine\n|move|p2a: Mamoswine|Earthquake|p1b: Altaria|[spread] p1a\n|-immune|p2b: Pelipper\n|-immune|p1b: Altaria\n|-supereffective|p1a: Incineroar|1\n|-damage|p1a: Incineroar|23/100\n|move|p2b: Pelipper|Weather Ball|p1a: Incineroar\n|-crit|p1a: Incineroar\n|-damage|p1a: Incineroar|6/100\n|move|p1a: Incineroar|Parting Shot|p2a: Mamoswine\n|-unboost|p2a: Mamoswine|atk|1\n|-unboost|p2a: Mamoswine|spa|1\n|\n|t:|1776547520\n|switch|p1a: Sinistcha|Sinistcha, L50, shiny|6/100|[from] Parting Shot\n|\n|-weather|RainDance|[upkeep]\n|upkeep\n|turn|5\n|\n|t:|1776547547\n|switch|p2b: Incineroar|Incineroar, L50, M|100/100\n|-ability|p2b: Incineroar|Intimidate|boost\n|-unboost|p1a: Sinistcha|atk|1\n|-unboost|p1b: Altaria|atk|1\n|move|p1b: Altaria|Protect|p1b: Altaria\n|-singleturn|p1b: Altaria|Protect\n|move|p2a: Mamoswine|Ice Shard|p1a: Sinistcha\n|-supereffective|p1a: Sinistcha|1\n|-damage|p1a: Sinistcha|0 fnt\n|faint|p1a: Sinistcha\n|\n|-weather|RainDance|[upkeep]\n|upkeep\n|-message|vvyckii forfeited.\n|\n|win|FallenTurtlle\n|raw|vvyckii's rating: 1268 &rarr; <strong>1236</strong><br />(-32 for losing)\n|raw|FallenTurtlle's rating: 1175 &rarr; <strong>1207</strong><br />(+32 for winning)\n",
  "uploadtime": 1776547557,
  "views": 15,
  "formatid": "gen9championsvgc2026regma",
  "rating": 1207,
  "private": 0,
  "password": null
}