{
  "id": "gen9championsvgc2026regma-2581659320",
  "format": "[Gen 9 Champions] VGC 2026 Reg M-A",
  "players": [
    "Zuzu8653",
    "cyclehorus"
  ],
  "log": "|j|\u2606Zuzu8653\n|j|\u2606cyclehorus\n|t:|1776018642\n|gametype|doubles\n|player|p1|Zuzu8653|elesa|1084\n|player|p2|cyclehorus|1|1017\n|gen|9\n|tier|[Gen 9 Champions] VGC 2026 Reg M-A\n|rated|\n|rule|Species Clause: Limit one of each Pok\u00e9mon\n|rule|Item Clause: Limit 1 of each item\n|clearpoke\n|poke|p1|Hydrapple, L50, F|\n|poke|p1|Palafin, L50, M|\n|poke|p1|Arcanine-Hisui, L50, F|\n|poke|p1|Froslass, L50, F|\n|poke|p1|Orthworm, L50, F|\n|poke|p1|Sableye, L50, F|\n|poke|p2|Chimecho, L50, F|\n|poke|p2|Araquanid, L50, F|\n|poke|p2|Alcremie, L50, F|\n|poke|p2|Leafeon, L50, F|\n|poke|p2|Stunfisk, L50, M|\n|poke|p2|Goodra-Hisui, L50, M|\n|teampreview|4\n|\n|t:|1776018692\n|teamsize|p1|4\n|teamsize|p2|4\n|start\n|switch|p1a: Orthworm|Orthworm, L50, F, shiny|100/100\n|switch|p1b: Sableye|Sableye, L50, F|100/100\n|switch|p2a: Chimecho|Chimecho, L50, F, shiny|100/100\n|switch|p2b: Alcremie|Alcremie, L50, F|100/100\n|turn|1\n|\n|t:|1776018714\n|detailschange|p2a: Chimecho|Chimecho-Mega, L50, F, shiny\n|-mega|p2a: Chimecho|Chimecho|Chimechite\n|move|p1b: Sableye|Fake Out|p2a: Chimecho\n|-resisted|p2a: Chimecho|1\n|-damage|p2a: Chimecho|96/100\n|move|p2b: Alcremie|Mystical Fire|p1a: Orthworm\n|-supereffective|p1a: Orthworm|1\n|-damage|p1a: Orthworm|42/100\n|-unboost|p1a: Orthworm|spa|1\n|-enditem|p1a: Orthworm|Sitrus Berry|[eat]\n|-heal|p1a: Orthworm|67/100|[from] item: Sitrus Berry\n|move|p1a: Orthworm|Shed Tail|p1a: Orthworm\n|-start|p1a: Orthworm|Substitute|[from] move: Shed Tail\n|-damage|p1a: Orthworm|16/100\n|\n|t:|1776018738\n|switch|p1a: Froslass|Froslass, L50, F, shiny|100/100|[from] Shed Tail\n|cant|p2a: Chimecho|flinch\n|\n|upkeep\n|turn|2\n|\n|t:|1776018761\n|switch|p1b: Orthworm|Orthworm, L50, F, shiny|16/100\n|detailschange|p1a: Froslass|Froslass-Mega, L50, F, shiny\n|-mega|p1a: Froslass|Froslass|Froslassite\n|-weather|Snowscape|[from] ability: Snow Warning|[of] p1a: Froslass\n|move|p1a: Froslass|Shadow Ball|p2a: Chimecho\n|-supereffective|p2a: Chimecho|1\n|-damage|p2a: Chimecho|23/100\n|move|p2b: Alcremie|Mystical Fire|p1a: Froslass\n|-supereffective|p1a: Froslass|1\n|-end|p1a: Froslass|Substitute\n|move|p2a: Chimecho|Trick Room|p2a: Chimecho\n|-fieldstart|move: Trick Room|[of] p2a: Chimecho\n|\n|-weather|Snowscape|[upkeep]\n|upkeep\n|turn|3\n|\n|t:|1776018796\n|move|p1a: Froslass|Protect|p1a: Froslass\n|-singleturn|p1a: Froslass|Protect\n|move|p1b: Orthworm|Heavy Slam|p2b: Alcremie\n|-supereffective|p2b: Alcremie|1\n|-enditem|p2b: Alcremie|Babiri Berry|[eat]\n|-enditem|p2b: Alcremie|Babiri Berry|[weaken]\n|-damage|p2b: Alcremie|40/100\n|move|p2a: Chimecho|Flash Cannon|p1a: Froslass\n|-activate|p1a: Froslass|move: Protect\n|move|p2b: Alcremie|Mystical Fire|p1b: Orthworm\n|-supereffective|p1b: Orthworm|1\n|-damage|p1b: Orthworm|0 fnt\n|faint|p1b: Orthworm\n|\n|-weather|Snowscape|[upkeep]\n|upkeep\n|\n|t:|1776018810\n|switch|p1b: Hydrapple|Hydrapple, L50, F, shiny|100/100\n|turn|4\n|\n|t:|1776018840\n|switch|p1a: Sableye|Sableye, L50, F|100/100\n|move|p1b: Hydrapple|Syrup Bomb|p2b: Alcremie\n|-damage|p2b: Alcremie|12/100\n|-start|p2b: Alcremie|Syrup Bomb\n|move|p2a: Chimecho|Flash Cannon|p1a: Sableye\n|-damage|p1a: Sableye|43/100\n|-unboost|p1a: Sableye|spd|1\n|move|p2b: Alcremie|Alluring Voice|p1b: Hydrapple\n|-supereffective|p1b: Hydrapple|1\n|-enditem|p1b: Hydrapple|Roseli Berry|[eat]\n|-enditem|p1b: Hydrapple|Roseli Berry|[weaken]\n|-damage|p1b: Hydrapple|60/100\n|\n|-weather|Snowscape|[upkeep]\n|-unboost|p2b: Alcremie|spe|1\n|upkeep\n|turn|5\n|\n|t:|1776018867\n|move|p2a: Chimecho|Protect|p2a: Chimecho\n|-singleturn|p2a: Chimecho|Protect\n|move|p1a: Sableye|Fake Out|p2b: Alcremie\n|-damage|p2b: Alcremie|0 fnt\n|faint|p2b: Alcremie\n|move|p1b: Hydrapple|Fickle Beam|p2a: Chimecho\n|-activate|p2a: Chimecho|move: Protect\n|\n|-weather|Snowscape|[upkeep]\n|upkeep\n|\n|t:|1776018888\n|switch|p2b: Goodra|Goodra-Hisui, L50, M|100/100\n|turn|6\n|\n|t:|1776018899\n|move|p1a: Sableye|Encore|p2a: Chimecho\n|-start|p2a: Chimecho|Encore\n|move|p2a: Chimecho|Protect||[still]\n|-fail|p2a: Chimecho\n|move|p1b: Hydrapple|Earth Power|p2b: Goodra\n|-supereffective|p2b: Goodra|1\n|-damage|p2b: Goodra|58/100\n|move|p2b: Goodra|Draco Meteor|p1b: Hydrapple|[miss]\n|-miss|p2b: Goodra|p1b: Hydrapple\n|\n|-weather|none\n|-fieldend|move: Trick Room\n|upkeep\n|turn|7\n|\n|t:|1776018922\n|move|p2a: Chimecho|Protect|p2a: Chimecho\n|-singleturn|p2a: Chimecho|Protect\n|move|p1a: Sableye|Quash|p2b: Goodra\n|-activate|p2b: Goodra|move: Quash\n|move|p1b: Hydrapple|Earth Power|p2b: Goodra\n|-supereffective|p2b: Goodra|1\n|-damage|p2b: Goodra|18/100\n|move|p2b: Goodra|Draco Meteor|p1b: Hydrapple\n|-supereffective|p1b: Hydrapple|1\n|-damage|p1b: Hydrapple|0 fnt\n|-unboost|p2b: Goodra|spa|2\n|faint|p1b: Hydrapple\n|-heal|p2b: Goodra|27/100|[from] item: Shell Bell|[of] p1: Hydrapple\n|\n|upkeep\n|\n|t:|1776018935\n|switch|p1b: Froslass|Froslass-Mega, L50, F, shiny|100/100\n|-weather|Snowscape|[from] ability: Snow Warning|[of] p1b: Froslass\n|turn|8\n|\n|t:|1776018956\n|move|p2a: Chimecho|Protect||[still]\n|-fail|p2a: Chimecho\n|move|p1a: Sableye|Will-O-Wisp|p2b: Goodra\n|-status|p2b: Goodra|brn\n|move|p1b: Froslass|Blizzard|p2b: Goodra|[spread] p2a,p2b\n|-resisted|p2a: Chimecho|1\n|-damage|p2a: Chimecho|6/100\n|-damage|p2b: Goodra|0 fnt\n|faint|p2b: Goodra\n|\n|-weather|Snowscape|[upkeep]\n|-end|p2a: Chimecho|Encore\n|upkeep\n|\n|t:|1776018970\n|switch|p2b: Araquanid|Araquanid, L50, F|100/100\n|turn|9\n|\n|t:|1776019017\n|move|p1a: Sableye|Encore|p2a: Chimecho\n|-start|p2a: Chimecho|Encore\n|move|p2a: Chimecho|Protect|p2a: Chimecho\n|-singleturn|p2a: Chimecho|Protect\n|move|p1b: Froslass|Thunderbolt|p2b: Araquanid\n|-supereffective|p2b: Araquanid|1\n|-damage|p2b: Araquanid|43/100\n|move|p2b: Araquanid|Liquidation|p1a: Sableye\n|-damage|p1a: Sableye|0 fnt\n|faint|p1a: Sableye\n|\n|-weather|Snowscape|[upkeep]\n|-heal|p2b: Araquanid|49/100|[from] item: Leftovers\n|upkeep\n|turn|10\n|\n|t:|1776019035\n|move|p2a: Chimecho|Protect||[still]\n|-fail|p2a: Chimecho\n|move|p1b: Froslass|Thunderbolt|p2b: Araquanid\n|-supereffective|p2b: Araquanid|1\n|-damage|p2b: Araquanid|0 fnt\n|faint|p2b: Araquanid\n|\n|-weather|Snowscape|[upkeep]\n|upkeep\n|turn|11\n|\n|t:|1776019046\n|move|p2a: Chimecho|Protect|p2a: Chimecho\n|-singleturn|p2a: Chimecho|Protect\n|move|p1b: Froslass|Shadow Ball|p2a: Chimecho\n|-activate|p2a: Chimecho|move: Protect\n|\n|-weather|Snowscape|[upkeep]\n|-end|p2a: Chimecho|Encore\n|upkeep\n|turn|12\n|\n|t:|1776019056\n|move|p1b: Froslass|Shadow Ball|p2a: Chimecho\n|-supereffective|p2a: Chimecho|1\n|-damage|p2a: Chimecho|0 fnt\n|faint|p2a: Chimecho\n|\n|win|Zuzu8653\n|raw|Zuzu8653's rating: 1084 &rarr; <strong>1106</strong><br />(+22 for winning)\n|raw|cyclehorus's rating: 1017 &rarr; <strong>1007</strong><br />(-10 for losing)\n",
  "uploadtime": 1776019063,
  "views": 16,
  "formatid": "gen9championsvgc2026regma",
  "rating": 1007,
  "private": 0,
  "password": null
}