{
  "id": "gen9championsvgc2026regma-2586632078",
  "format": "[Gen 9 Champions] VGC 2026 Reg M-A",
  "players": [
    "SirQuagolot",
    "helo hru"
  ],
  "log": "|j|\u2606SirQuagolot\n|j|\u2606helo hru\n|t:|1776448185\n|gametype|doubles\n|player|p1|SirQuagolot|102|1028\n|player|p2|helo hru|unknownf|1092\n|gen|9\n|tier|[Gen 9 Champions] VGC 2026 Reg M-A\n|rated|\n|rule|Species Clause: Limit one of each Pok\u00e9mon\n|rule|Item Clause: Limit 1 of each item\n|clearpoke\n|poke|p1|Delphox, L50, F|\n|poke|p1|Garchomp, L50, F|\n|poke|p1|Altaria, L50, M|\n|poke|p1|Incineroar, L50, M|\n|poke|p1|Archaludon, L50, M|\n|poke|p1|Aerodactyl, L50, M|\n|poke|p2|Drampa, L50, F|\n|poke|p2|Runerigus, L50, M|\n|poke|p2|Whimsicott, L50, M|\n|poke|p2|Excadrill, L50, M|\n|poke|p2|Tauros-Paldea-Aqua, L50, M|\n|poke|p2|Froslass, L50, F|\n|teampreview|4\n|j| Arclxwn\n|\n|t:|1776448267\n|teamsize|p1|4\n|teamsize|p2|4\n|start\n|switch|p1a: Delphox|Delphox, L50, F|100/100\n|switch|p1b: Garchomp|Garchomp, L50, F|100/100\n|switch|p2a: My sister|Froslass, L50, F, shiny|100/100\n|switch|p2b: Her coffin|Runerigus, L50, M, shiny|100/100\n|turn|1\n|\n|t:|1776448317\n|switch|p2a: Tauros|Tauros-Paldea-Aqua, L50, M, shiny|100/100\n|-ability|p2a: Tauros|Intimidate|boost\n|-unboost|p1a: Delphox|atk|1\n|-unboost|p1b: Garchomp|atk|1\n|detailschange|p1a: Delphox|Delphox-Mega, L50, F\n|-mega|p1a: Delphox|Delphox|Delphoxite\n|move|p1b: Garchomp|Earthquake|p2a: Tauros|[spread] p2a,p2b\n|-immune|p1a: Delphox|[from] ability: Levitate\n|-damage|p2a: Tauros|69/100\n|-damage|p2b: Her coffin|84/100\n|move|p1a: Delphox|Heat Wave|p2b: Her coffin|[spread] p2a,p2b\n|-resisted|p2a: Tauros|1\n|-damage|p2a: Tauros|37/100\n|-damage|p2b: Her coffin|42/100\n|move|p2b: Her coffin|Trick Room|p2b: Her coffin\n|-fieldstart|move: Trick Room|[of] p2b: Her coffin\n|\n|upkeep\n|turn|2\n|\n|t:|1776448369\n|move|p1a: Delphox|Protect|p1a: Delphox\n|-singleturn|p1a: Delphox|Protect\n|move|p2b: Her coffin|Poltergeist|p1b: Garchomp\n|-activate|p1b: Garchomp|move: Poltergeist|Choice Scarf\n|-damage|p1b: Garchomp|66/100\n|move|p2a: Tauros|Close Combat|p1b: Garchomp\n|-damage|p1b: Garchomp|9/100\n|-unboost|p2a: Tauros|def|1\n|-unboost|p2a: Tauros|spd|1\n|-damage|p2a: Tauros|25/100|[from] ability: Rough Skin|[of] p1b: Garchomp\n|move|p1b: Garchomp|Earthquake|p2b: Her coffin|[spread] p2a,p2b\n|-activate|p1a: Delphox|move: Protect\n|-damage|p2a: Tauros|0 fnt\n|-damage|p2b: Her coffin|23/100\n|faint|p2a: Tauros\n|\n|upkeep\n|\n|t:|1776448379\n|switch|p2a: Mole in the lawn|Excadrill, L50, M|100/100\n|-ability|p2a: Mole in the lawn|Mold Breaker\n|turn|3\n|\n|t:|1776448396\n|switch|p1b: Incineroar|Incineroar, L50, M|100/100\n|-ability|p1b: Incineroar|Intimidate|boost\n|-unboost|p2a: Mole in the lawn|atk|1\n|-unboost|p2b: Her coffin|atk|1\n|move|p2b: Her coffin|Poltergeist|p1b: Incineroar\n|-activate|p1b: Incineroar|move: Poltergeist|Chople Berry\n|-resisted|p1b: Incineroar|1\n|-damage|p1b: Incineroar|92/100\n|move|p2a: Mole in the lawn|High Horsepower|p1a: Delphox\n|-supereffective|p1a: Delphox|1\n|-damage|p1a: Delphox|0 fnt\n|faint|p1a: Delphox\n|\n|upkeep\n|\n|t:|1776448409\n|switch|p1a: Altaria|Altaria, L50, M|100/100\n|-ability|p1a: Altaria|Cloud Nine\n|turn|4\n|\n|t:|1776448439\n|switch|p2a: My sister|Froslass, L50, F, shiny|100/100\n|move|p1b: Incineroar|Fake Out|p2a: My sister\n|-immune|p2a: My sister\n|move|p2b: Her coffin|Poltergeist|p1a: Altaria\n|-activate|p1a: Altaria|move: Poltergeist|Leftovers\n|-damage|p1a: Altaria|72/100\n|move|p1a: Altaria|Cotton Guard|p1a: Altaria\n|-boost|p1a: Altaria|def|3\n|\n|-heal|p1a: Altaria|79/100|[from] item: Leftovers\n|upkeep\n|turn|5\n|\n|t:|1776448484\n|move|p2b: Her coffin|Poltergeist|p1a: Altaria\n|-activate|p1a: Altaria|move: Poltergeist|Leftovers\n|-damage|p1a: Altaria|67/100\n|move|p1b: Incineroar|Flare Blitz|p2a: My sister\n|-supereffective|p2a: My sister|1\n|-damage|p2a: My sister|0 fnt\n|faint|p2a: My sister\n|-damage|p1b: Incineroar|67/100|[from] Recoil\n|move|p1a: Altaria|Ice Beam|p2b: Her coffin\n|-supereffective|p2b: Her coffin|1\n|-enditem|p2b: Her coffin|Yache Berry|[eat]\n|-enditem|p2b: Her coffin|Yache Berry|[weaken]\n|-damage|p2b: Her coffin|4/100\n|-status|p2b: Her coffin|frz\n|\n|-heal|p1a: Altaria|73/100|[from] item: Leftovers\n|-fieldend|move: Trick Room\n|upkeep\n|\n|t:|1776448493\n|switch|p2a: Mole in the lawn|Excadrill, L50, M|100/100\n|-ability|p2a: Mole in the lawn|Mold Breaker\n|turn|6\n|\n|t:|1776448538\n|detailschange|p2a: Mole in the lawn|Excadrill-Mega, L50, M\n|-mega|p2a: Mole in the lawn|Excadrill|Excadrite\n|move|p2a: Mole in the lawn|High Horsepower|p1b: Incineroar\n|-supereffective|p1b: Incineroar|1\n|-damage|p1b: Incineroar|0 fnt\n|faint|p1b: Incineroar\n|move|p1a: Altaria|Tailwind|p1a: Altaria\n|-sidestart|p1: SirQuagolot|move: Tailwind\n|-curestatus|p2b: Her coffin|frz|[msg]\n|move|p2b: Her coffin|Trick Room|p2b: Her coffin\n|-fieldstart|move: Trick Room|[of] p2b: Her coffin\n|\n|-heal|p1a: Altaria|79/100|[from] item: Leftovers\n|upkeep\n|\n|t:|1776448554\n|switch|p1b: Garchomp|Garchomp, L50, F|9/100\n|turn|7\n|\n|t:|1776448567\n|move|p2b: Her coffin|Will-O-Wisp|p1a: Altaria\n|-status|p1a: Altaria|brn\n|move|p2a: Mole in the lawn|Iron Head|p1b: Garchomp\n|-damage|p1b: Garchomp|0 fnt\n|-damage|p2a: Mole in the lawn|88/100|[from] ability: Rough Skin|[of] p1b: Garchomp\n|faint|p1b: Garchomp\n|move|p1a: Altaria|Ice Beam|p2b: Her coffin\n|-supereffective|p2b: Her coffin|1\n|-damage|p2b: Her coffin|0 fnt\n|faint|p2b: Her coffin\n|\n|-heal|p1a: Altaria|85/100 brn|[from] item: Leftovers\n|-damage|p1a: Altaria|79/100 brn|[from] brn\n|upkeep\n|turn|8\n|\n|t:|1776448588\n|move|p2a: Mole in the lawn|Iron Head|p1a: Altaria\n|-damage|p1a: Altaria|57/100 brn\n|move|p1a: Altaria|Cotton Guard|p1a: Altaria\n|-boost|p1a: Altaria|def|3\n|\n|-heal|p1a: Altaria|63/100 brn|[from] item: Leftovers\n|-damage|p1a: Altaria|57/100 brn|[from] brn\n|upkeep\n|turn|9\n|\n|t:|1776448602\n|move|p2a: Mole in the lawn|Swords Dance|p2a: Mole in the lawn\n|-boost|p2a: Mole in the lawn|atk|2\n|move|p1a: Altaria|Ice Beam|p2a: Mole in the lawn\n|-damage|p2a: Mole in the lawn|60/100\n|-status|p2a: Mole in the lawn|frz\n|\n|-heal|p1a: Altaria|63/100 brn|[from] item: Leftovers\n|-damage|p1a: Altaria|57/100 brn|[from] brn\n|-sideend|p1: SirQuagolot|move: Tailwind\n|upkeep\n|turn|10\n|\n|t:|1776448615\n|move|p1a: Altaria|Ice Beam|p2a: Mole in the lawn\n|-damage|p2a: Mole in the lawn|34/100 frz\n|cant|p2a: Mole in the lawn|frz\n|\n|-heal|p1a: Altaria|63/100 brn|[from] item: Leftovers\n|-damage|p1a: Altaria|57/100 brn|[from] brn\n|-fieldend|move: Trick Room\n|upkeep\n|turn|11\n|\n|t:|1776448625\n|-curestatus|p2a: Mole in the lawn|frz|[msg]\n|move|p2a: Mole in the lawn|Iron Head|p1a: Altaria\n|-damage|p1a: Altaria|32/100 brn\n|move|p1a: Altaria|Ice Beam|p2a: Mole in the lawn\n|-damage|p2a: Mole in the lawn|5/100\n|\n|-heal|p1a: Altaria|38/100 brn|[from] item: Leftovers\n|-damage|p1a: Altaria|32/100 brn|[from] brn\n|upkeep\n|turn|12\n|\n|t:|1776448637\n|move|p2a: Mole in the lawn|Protect|p2a: Mole in the lawn\n|-singleturn|p2a: Mole in the lawn|Protect\n|move|p1a: Altaria|Ice Beam|p2a: Mole in the lawn\n|-activate|p2a: Mole in the lawn|move: Protect\n|\n|-heal|p1a: Altaria|38/100 brn|[from] item: Leftovers\n|-damage|p1a: Altaria|32/100 brn|[from] brn\n|upkeep\n|turn|13\n|\n|t:|1776448647\n|move|p2a: Mole in the lawn|Iron Head|p1a: Altaria\n|-damage|p1a: Altaria|4/100 brn\n|cant|p1a: Altaria|flinch\n|\n|-heal|p1a: Altaria|10/100 brn|[from] item: Leftovers\n|-damage|p1a: Altaria|4/100 brn|[from] brn\n|upkeep\n|turn|14\n|\n|t:|1776448658\n|move|p2a: Mole in the lawn|Iron Head|p1a: Altaria\n|-damage|p1a: Altaria|0 fnt\n|faint|p1a: Altaria\n|\n|win|helo hru\n|raw|SirQuagolot's rating: 1028 &rarr; <strong>1016</strong><br />(-12 for losing)\n|raw|helo hru's rating: 1092 &rarr; <strong>1113</strong><br />(+21 for winning)\n|c|\u2606SirQuagolot|gg\n|c| Arclxwn|get a lottery\n|c|\u2606helo hru|gg\n|c|\u2606helo hru|wdymm\n|c|\u2606SirQuagolot|i did too tho\n|c|\u2606helo hru|i got lucky too\n|c|\u2606SirQuagolot|with the freeze\n|c| Arclxwn|no\n|c| Arclxwn|he luck\n|c| Arclxwn|u no luck\n|l|\u2606SirQuagolot\n|player|p1|\n",
  "uploadtime": 1776448741,
  "views": 33,
  "formatid": "gen9championsvgc2026regma",
  "rating": 1016,
  "private": 0,
  "password": null
}