{
  "id": "gen9championsvgc2026regma-2589423034",
  "format": "[Gen 9 Champions] VGC 2026 Reg M-A",
  "players": [
    "NathanaelW19",
    "Stogna Bologna"
  ],
  "log": "|j|\u2606NathanaelW19\n|j|\u2606Stogna Bologna\n|t:|1776721692\n|gametype|doubles\n|player|p1|NathanaelW19|dragontamer|1274\n|player|p2|Stogna Bologna|steven|1296\n|gen|9\n|tier|[Gen 9 Champions] VGC 2026 Reg M-A\n|rated|\n|rule|Species Clause: Limit one of each Pok\u00e9mon\n|rule|Item Clause: Limit 1 of each item\n|clearpoke\n|poke|p1|Floette-Eternal, L50, F|\n|poke|p1|Glimmora, L50, F|\n|poke|p1|Talonflame, L50, F|\n|poke|p1|Tauros-Paldea-Aqua, L50, M|\n|poke|p1|Tsareena, L50, F|\n|poke|p1|Kingambit, L50, M|\n|poke|p2|Tyranitar, L50, M|\n|poke|p2|Garchomp, L50, M|\n|poke|p2|Sinistcha, L50|\n|poke|p2|Aegislash, L50, M|\n|poke|p2|Aerodactyl, L50, F|\n|poke|p2|Rotom-Heat, L50|\n|teampreview|4\n|inactive|Battle timer is ON: inactive players will automatically lose when time's up. (requested by NathanaelW19)\nStogna Bologna rejected open team sheets.\n|\n|t:|1776721708\n|teamsize|p1|4\n|teamsize|p2|4\n|start\n|switch|p1a: Talonflame|Talonflame, L50, F|100/100\n|switch|p1b: Tsareena|Tsareena, L50, F|100/100\n|switch|p2a: Cup|Sinistcha, L50|100/100\n|switch|p2b: Oven|Rotom-Heat, L50|100/100\n|turn|1\n|\n|t:|1776721720\n|move|p2a: Cup|Protect|p2a: Cup\n|-singleturn|p2a: Cup|Protect\n|move|p1a: Talonflame|Tailwind|p1a: Talonflame\n|-sidestart|p1: NathanaelW19|move: Tailwind\n|move|p1b: Tsareena|Taunt|p2a: Cup\n|-activate|p2a: Cup|move: Protect\n|move|p2b: Oven|Overheat|p1b: Tsareena\n|-supereffective|p1b: Tsareena|1\n|-damage|p1b: Tsareena|3/100\n|-unboost|p2b: Oven|spa|2\n|\n|upkeep\n|turn|2\n|\n|t:|1776721737\n|switch|p2a: T-tar|Tyranitar, L50, M|100/100\n|-weather|Sandstorm|[from] ability: Sand Stream|[of] p2a: T-tar\n|move|p2b: Oven|Protect|p2b: Oven\n|-singleturn|p2b: Oven|Protect\n|move|p1a: Talonflame|Dual Wingbeat|p2a: T-tar\n|-resisted|p2a: T-tar|1\n|-damage|p2a: T-tar|96/100\n|-resisted|p2a: T-tar|1\n|-damage|p2a: T-tar|91/100\n|-hitcount|p2a: T-tar|2\n|move|p1b: Tsareena|Taunt|p2a: T-tar\n|-start|p2a: T-tar|move: Taunt\n|\n|-weather|Sandstorm|[upkeep]\n|-damage|p1a: Talonflame|95/100|[from] Sandstorm\n|-damage|p1b: Tsareena|0 fnt|[from] Sandstorm\n|-damage|p2b: Oven|95/100|[from] Sandstorm\n|faint|p1b: Tsareena\n|upkeep\n|\n|t:|1776721742\n|switch|p1b: Floette|Floette-Eternal, L50, F|100/100\n|turn|3\n|inactive|Stogna Bologna has 30 seconds left.\n|\n|t:|1776721767\n|switch|p2a: Joan|Aegislash, L50, M|100/100\n|detailschange|p1b: Floette|Floette-Mega, L50, F\n|-mega|p1b: Floette|Floette|Floettite\n|-ability|p1b: Floette|Fairy Aura\n|move|p1a: Talonflame|Will-O-Wisp|p2a: Joan\n|-status|p2a: Joan|brn\n|move|p1b: Floette|Dazzling Gleam|p2a: Joan|[spread] p2a,p2b\n|-resisted|p2a: Joan|1\n|-resisted|p2b: Oven|1\n|-damage|p2a: Joan|82/100 brn\n|-damage|p2b: Oven|74/100\n|move|p2b: Oven|Thunderbolt|p1a: Talonflame\n|-supereffective|p1a: Talonflame|1\n|-damage|p1a: Talonflame|47/100\n|\n|-weather|Sandstorm|[upkeep]\n|-damage|p1a: Talonflame|41/100|[from] Sandstorm\n|-damage|p1b: Floette|94/100|[from] Sandstorm\n|-damage|p2b: Oven|68/100|[from] Sandstorm\n|-heal|p2a: Joan|88/100 brn|[from] item: Leftovers\n|-damage|p2a: Joan|82/100 brn|[from] brn\n|upkeep\n|turn|4\n|\n|t:|1776721789\n|switch|p1b: Tauros|Tauros-Paldea-Aqua, L50, M|100/100\n|-ability|p1b: Tauros|Intimidate|boost\n|-unboost|p2a: Joan|atk|1\n|-unboost|p2b: Oven|atk|1\n|move|p1a: Talonflame|Protect|p1a: Talonflame\n|-singleturn|p1a: Talonflame|Protect\n|move|p2a: Joan|King's Shield|p2a: Joan\n|-singleturn|p2a: Joan|Protect\n|move|p2b: Oven|Thunderbolt|p1a: Talonflame\n|-activate|p1a: Talonflame|move: Protect\n|\n|-weather|Sandstorm|[upkeep]\n|-damage|p1a: Talonflame|35/100|[from] Sandstorm\n|-damage|p1b: Tauros|95/100|[from] Sandstorm\n|-damage|p2b: Oven|62/100|[from] Sandstorm\n|-heal|p2a: Joan|88/100 brn|[from] item: Leftovers\n|-damage|p2a: Joan|82/100 brn|[from] brn\n|-sideend|p1: NathanaelW19|move: Tailwind\n|upkeep\n|turn|5\n|\n|t:|1776721805\n|switch|p2b: Cup|Sinistcha, L50|100/100\n|-heal|p2a: Joan|100/100 brn|[from] ability: Hospitality|[of] p2b: Cup\n|move|p1a: Talonflame|Tailwind|p1a: Talonflame\n|-sidestart|p1: NathanaelW19|move: Tailwind\n|move|p1b: Tauros|Wave Crash|p2b: Cup\n|-resisted|p2b: Cup|1\n|-damage|p2b: Cup|77/100\n|-damage|p1b: Tauros|86/100|[from] Recoil\n|-formechange|p2a: Joan|Aegislash-Blade|\n|move|p2a: Joan|Shadow Ball|p1a: Talonflame\n|-damage|p1a: Talonflame|0 fnt\n|faint|p1a: Talonflame\n|\n|-weather|Sandstorm|[upkeep]\n|-damage|p1b: Tauros|80/100|[from] Sandstorm\n|-damage|p2b: Cup|71/100|[from] Sandstorm\n|-damage|p2a: Joan|95/100 brn|[from] brn\n|upkeep\n|\n|t:|1776721808\n|switch|p1a: Floette|Floette-Mega, L50, F|94/100\n|-ability|p1a: Floette|Fairy Aura\n|turn|6\n|\n|t:|1776721826\n|-formechange|p2a: Joan|Aegislash|\n|move|p2a: Joan|King's Shield|p2a: Joan\n|-singleturn|p2a: Joan|Protect\n|move|p1b: Tauros|Wave Crash|p2b: Cup\n|-resisted|p2b: Cup|1\n|-damage|p2b: Cup|45/100\n|-damage|p1b: Tauros|71/100|[from] Recoil\n|move|p1a: Floette|Moonblast|p2b: Cup\n|-damage|p2b: Cup|0 fnt\n|faint|p2b: Cup\n|\n|-weather|none\n|-heal|p2a: Joan|100/100 brn|[from] item: Leftovers\n|-damage|p2a: Joan|95/100 brn|[from] brn\n|upkeep\n|\n|t:|1776721839\n|switch|p2b: Oven|Rotom-Heat, L50|62/100\n|turn|7\n|\n|t:|1776721852\n|move|p2b: Oven|Protect|p2b: Oven\n|-singleturn|p2b: Oven|Protect\n|move|p1b: Tauros|Wave Crash|p2a: Joan\n|-damage|p2a: Joan|53/100 brn\n|-damage|p1b: Tauros|56/100|[from] Recoil\n|move|p1a: Floette|Moonblast|p2a: Joan\n|-resisted|p2a: Joan|1\n|-damage|p2a: Joan|24/100 brn\n|-formechange|p2a: Joan|Aegislash-Blade|\n|move|p2a: Joan|Flash Cannon|p1a: Floette\n|-supereffective|p1a: Floette|1\n|-damage|p1a: Floette|26/100\n|\n|-heal|p2a: Joan|30/100 brn|[from] item: Leftovers\n|-damage|p2a: Joan|24/100 brn|[from] brn\n|upkeep\n|turn|8\n|\n|t:|1776721875\n|move|p1b: Tauros|Wave Crash|p2b: Oven\n|-supereffective|p2b: Oven|1\n|-damage|p2b: Oven|0 fnt\n|faint|p2b: Oven\n|-damage|p1b: Tauros|36/100|[from] Recoil\n|move|p1a: Floette|Moonblast|p2a: Joan\n|-resisted|p2a: Joan|1\n|-damage|p2a: Joan|0 fnt\n|faint|p2a: Joan\n|\n|-sideend|p1: NathanaelW19|move: Tailwind\n|upkeep\n|\n|t:|1776721884\n|switch|p2b: T-tar|Tyranitar, L50, M|91/100\n|-weather|Sandstorm|[from] ability: Sand Stream|[of] p2b: T-tar\n|turn|9\n|\n|t:|1776721892\n|detailschange|p2b: T-tar|Tyranitar-Mega, L50, M\n|-mega|p2b: T-tar|Tyranitar|Tyranitarite\n|move|p1b: Tauros|Close Combat|p2b: T-tar\n|-supereffective|p2b: T-tar|2\n|-damage|p2b: T-tar|0 fnt\n|-unboost|p1b: Tauros|def|1\n|-unboost|p1b: Tauros|spd|1\n|faint|p2b: T-tar\n|\n|win|NathanaelW19\n|raw|NathanaelW19's rating: 1274 &rarr; <strong>1301</strong><br />(+27 for winning)\n|raw|Stogna Bologna's rating: 1296 &rarr; <strong>1269</strong><br />(-27 for losing)\n|l|\u2606Stogna Bologna\n|player|p2|\n",
  "uploadtime": 1776721900,
  "views": 5,
  "formatid": "gen9championsvgc2026regma",
  "rating": 1269,
  "private": 0,
  "password": null
}