{
  "id": "gen9championsvgc2026regma-2586027019",
  "format": "[Gen 9 Champions] VGC 2026 Reg M-A",
  "players": [
    "Noobilio",
    "Crotine"
  ],
  "log": "|j|\u2606Noobilio\n|j|\u2606Crotine\n|t:|1776391575\n|gametype|doubles\n|player|p1|Noobilio|nurse|1228\n|player|p2|Crotine|boarder|1318\n|gen|9\n|tier|[Gen 9 Champions] VGC 2026 Reg M-A\n|rated|\n|rule|Species Clause: Limit one of each Pok\u00e9mon\n|rule|Item Clause: Limit 1 of each item\n|clearpoke\n|poke|p1|Archaludon, L50, F|\n|poke|p1|Pelipper, L50, F|\n|poke|p1|Sneasler, L50, F|\n|poke|p1|Incineroar, L50, F|\n|poke|p1|Basculegion, L50, M|\n|poke|p1|Gengar, L50, F|\n|poke|p2|Torkoal, L50, F|\n|poke|p2|Kingambit, L50, F|\n|poke|p2|Kangaskhan, L50, F|\n|poke|p2|Milotic, L50, M|\n|poke|p2|Archaludon, L50, F|\n|poke|p2|Aerodactyl, L50, F|\n|teampreview|4\n|\n|t:|1776391613\n|teamsize|p1|4\n|teamsize|p2|4\n|start\n|switch|p1a: Sneasler|Sneasler, L50, F|100/100\n|switch|p1b: Basculegion|Basculegion, L50, M|100/100\n|switch|p2a: Archaludon|Archaludon, L50, F|100/100\n|switch|p2b: Aerodactyl|Aerodactyl, L50, F|100/100\n|-ability|p2b: Aerodactyl|Unnerve\n|turn|1\n|\n|t:|1776391622\n|move|p2b: Aerodactyl|Protect|p2b: Aerodactyl\n|-singleturn|p2b: Aerodactyl|Protect\n|move|p2a: Archaludon|Protect|p2a: Archaludon\n|-singleturn|p2a: Archaludon|Protect\n|move|p1b: Basculegion|Flip Turn|p2b: Aerodactyl\n|-activate|p2b: Aerodactyl|move: Protect\n|move|p1a: Sneasler|Close Combat|p2a: Archaludon\n|-activate|p2a: Archaludon|move: Protect\n|\n|upkeep\n|turn|2\n|\n|t:|1776391652\n|move|p2b: Aerodactyl|Dual Wingbeat|p1a: Sneasler\n|-supereffective|p1a: Sneasler|1\n|-damage|p1a: Sneasler|36/100\n|-supereffective|p1a: Sneasler|1\n|-damage|p1a: Sneasler|0 fnt\n|faint|p1a: Sneasler\n|-hitcount|p1: Sneasler|2\n|move|p1b: Basculegion|Flip Turn|p2b: Aerodactyl\n|-supereffective|p2b: Aerodactyl|1\n|-enditem|p2b: Aerodactyl|Focus Sash\n|-damage|p2b: Aerodactyl|1/100\n|\n|t:|1776391669\n|switch|p1b: Gengar|Gengar, L50, F, shiny|100/100|[from] Flip Turn\n|move|p2a: Archaludon|Thunderbolt|p1b: Gengar\n|-damage|p1b: Gengar|48/100\n|\n|upkeep\n|\n|t:|1776391677\n|switch|p1a: Basculegion|Basculegion, L50, M|100/100\n|turn|3\n|\n|t:|1776391702\n|detailschange|p1b: Gengar|Gengar-Mega, L50, F, shiny\n|-mega|p1b: Gengar|Gengar|Gengarite\n|move|p1a: Basculegion|Aqua Jet|p2b: Aerodactyl\n|-supereffective|p2b: Aerodactyl|1\n|-damage|p2b: Aerodactyl|0 fnt\n|faint|p2b: Aerodactyl\n|move|p1b: Gengar|Shadow Ball|p2a: Archaludon\n|-damage|p2a: Archaludon|30/100\n|-unboost|p2a: Archaludon|spd|1\n|move|p2a: Archaludon|Thunderbolt|p1a: Basculegion\n|-supereffective|p1a: Basculegion|1\n|-damage|p1a: Basculegion|23/100\n|\n|-heal|p2a: Archaludon|36/100|[from] item: Leftovers\n|upkeep\n|\n|t:|1776391712\n|switch|p2b: Torkoal|Torkoal, L50, F|100/100\n|-weather|SunnyDay|[from] ability: Drought|[of] p2b: Torkoal\n|turn|4\n|\n|t:|1776391728\n|switch|p1a: Pelipper|Pelipper, L50, F|100/100\n|-weather|RainDance|[from] ability: Drizzle|[of] p1a: Pelipper\n|move|p2a: Archaludon|Protect|p2a: Archaludon\n|-singleturn|p2a: Archaludon|Protect\n|move|p1b: Gengar|Shadow Ball|p2a: Archaludon\n|-activate|p2a: Archaludon|move: Protect\n|move|p2b: Torkoal|Heat Wave|p1a: Pelipper|[spread] p1a,p1b\n|-resisted|p1a: Pelipper|1\n|-damage|p1a: Pelipper|84/100\n|-damage|p1b: Gengar|22/100\n|-status|p1b: Gengar|brn\n|\n|-weather|RainDance|[upkeep]\n|-heal|p2a: Archaludon|42/100|[from] item: Leftovers\n|-damage|p1b: Gengar|16/100 brn|[from] brn\n|upkeep\n|turn|5\n|\n|t:|1776391755\n|move|p2b: Torkoal|Protect|p2b: Torkoal\n|-singleturn|p2b: Torkoal|Protect\n|move|p1b: Gengar|Shadow Ball|p2a: Archaludon\n|-damage|p2a: Archaludon|0 fnt\n|faint|p2a: Archaludon\n|move|p1a: Pelipper|Weather Ball|p2b: Torkoal\n|-activate|p2b: Torkoal|move: Protect\n|\n|-weather|RainDance|[upkeep]\n|-damage|p1b: Gengar|10/100 brn|[from] brn\n|upkeep\n|\n|t:|1776391761\n|switch|p2a: Milotic|Milotic, L50, M|100/100\n|turn|6\n|\n|t:|1776391782\n|move|p2b: Torkoal|Protect||[still]\n|-fail|p2b: Torkoal\n|move|p1b: Gengar|Shadow Ball|p2a: Milotic\n|-damage|p2a: Milotic|66/100\n|move|p1a: Pelipper|Weather Ball|p2b: Torkoal\n|-supereffective|p2b: Torkoal|1\n|-damage|p2b: Torkoal|0 fnt\n|faint|p2b: Torkoal\n|move|p2a: Milotic|Scald|p1b: Gengar\n|-damage|p1b: Gengar|0 fnt\n|faint|p1b: Gengar\n|\n|-weather|RainDance|[upkeep]\n|upkeep\n|\n|t:|1776391792\n|switch|p1b: Basculegion|Basculegion, L50, M|23/100\n|turn|7\n|\n|t:|1776391799\n|move|p1b: Basculegion|Last Respects|p2a: Milotic\n|-damage|p2a: Milotic|0 fnt\n|faint|p2a: Milotic\n|\n|win|Noobilio\n|raw|Noobilio's rating: 1228 &rarr; <strong>1259</strong><br />(+31 for winning)\n|raw|Crotine's rating: 1318 &rarr; <strong>1293</strong><br />(-25 for losing)\n",
  "uploadtime": 1776391804,
  "views": 47,
  "formatid": "gen9championsvgc2026regma",
  "rating": 1259,
  "private": 0,
  "password": null
}