{
  "id": "gen9championsvgc2026regma-2585297710",
  "format": "[Gen 9 Champions] VGC 2026 Reg M-A",
  "players": [
    "Munchlaxxxed",
    "W0kMeDed"
  ],
  "log": "|j|\u2606Munchlaxxxed\n|j|\u2606W0kMeDed\n|t:|1776335130\n|gametype|doubles\n|player|p1|Munchlaxxxed|170|1298\n|player|p2|W0kMeDed|palmer|1395\n|gen|9\n|tier|[Gen 9 Champions] VGC 2026 Reg M-A\n|rated|\n|rule|Species Clause: Limit one of each Pok\u00e9mon\n|rule|Item Clause: Limit 1 of each item\n|clearpoke\n|poke|p1|Aerodactyl, L50, F|\n|poke|p1|Charizard, L50, F|\n|poke|p1|Venusaur, L50, M|\n|poke|p1|Aegislash, L50, M|\n|poke|p1|Sneasler, L50, F|\n|poke|p1|Milotic, L50, M|\n|poke|p2|Tyranitar, L50, M|\n|poke|p2|Aerodactyl, L50, F|\n|poke|p2|Sneasler, L50, M|\n|poke|p2|Incineroar, L50, M|\n|poke|p2|Dragapult, L50, M|\n|poke|p2|Primarina, L50, F|\n|teampreview|4\n|\n|t:|1776335181\n|teamsize|p1|4\n|teamsize|p2|4\n|start\n|switch|p1a: Milotic|Milotic, L50, M|100/100\n|switch|p1b: Sneasler|Sneasler, L50, F|100/100\n|switch|p2a: Tyranitar|Tyranitar, L50, M|100/100\n|switch|p2b: Aerodactyl|Aerodactyl, L50, F|100/100\n|-ability|p2b: Aerodactyl|Unnerve\n|-weather|Sandstorm|[from] ability: Sand Stream|[of] p2a: Tyranitar\n|turn|1\n|\n|t:|1776335202\n|switch|p2a: Dragapult|Dragapult, L50, M|100/100\n|move|p2b: Aerodactyl|Protect|p2b: Aerodactyl\n|-singleturn|p2b: Aerodactyl|Protect\n|move|p1b: Sneasler|Fake Out|p2b: Aerodactyl\n|-activate|p2b: Aerodactyl|move: Protect\n|move|p1a: Milotic|Coil|p1a: Milotic\n|-boost|p1a: Milotic|atk|1\n|-boost|p1a: Milotic|def|1\n|-boost|p1a: Milotic|accuracy|1\n|\n|-weather|Sandstorm|[upkeep]\n|-damage|p1b: Sneasler|95/100|[from] Sandstorm\n|-damage|p2a: Dragapult|95/100|[from] Sandstorm\n|-damage|p1a: Milotic|94/100|[from] Sandstorm\n|-heal|p1a: Milotic|100/100|[from] item: Leftovers\n|upkeep\n|turn|2\n|\n|t:|1776335223\n|switch|p1b: Aegislash|Aegislash, L50, M|100/100\n|move|p2b: Aerodactyl|Dual Wingbeat|p1b: Aegislash\n|-resisted|p1b: Aegislash|1\n|-damage|p1b: Aegislash|93/100\n|-resisted|p1b: Aegislash|1\n|-damage|p1b: Aegislash|85/100\n|-hitcount|p1b: Aegislash|2\n|move|p2a: Dragapult|Dragon Dance|p2a: Dragapult\n|-boost|p2a: Dragapult|atk|1\n|-boost|p2a: Dragapult|spe|1\n|move|p1a: Milotic|Hypnosis|p2a: Dragapult\n|-status|p2a: Dragapult|slp|[from] move: Hypnosis\n|-enditem|p2a: Dragapult|Lum Berry|[eat]\n|-curestatus|p2a: Dragapult|slp|[msg]\n|\n|-weather|Sandstorm|[upkeep]\n|-damage|p2a: Dragapult|89/100|[from] Sandstorm\n|-damage|p1a: Milotic|94/100|[from] Sandstorm\n|-heal|p1a: Milotic|100/100|[from] item: Leftovers\n|upkeep\n|turn|3\n|\n|t:|1776335243\n|move|p2a: Dragapult|Phantom Force||[still]\n|-prepare|p2a: Dragapult|Phantom Force\n|move|p2b: Aerodactyl|Rock Slide|p1a: Milotic|[spread] p1a,p1b\n|-resisted|p1b: Aegislash|1\n|-damage|p1a: Milotic|87/100\n|-damage|p1b: Aegislash|76/100\n|move|p1a: Milotic|Muddy Water|p2b: Aerodactyl|[spread] p2b\n|-miss|p1a: Milotic|p2a: Dragapult\n|-supereffective|p2b: Aerodactyl|1\n|-damage|p2b: Aerodactyl|51/100\n|cant|p1b: Aegislash|flinch\n|\n|-weather|Sandstorm|[upkeep]\n|-damage|p2a: Dragapult|83/100|[from] Sandstorm\n|-damage|p1a: Milotic|81/100|[from] Sandstorm\n|-heal|p1a: Milotic|87/100|[from] item: Leftovers\n|upkeep\n|turn|4\n|\n|t:|1776335259\n|switch|p1b: Venusaur|Venusaur, L50, M|100/100\n|move|p2a: Dragapult|Phantom Force|p1b: Venusaur|[from] lockedmove\n|-damage|p1b: Venusaur|6/100\n|move|p2b: Aerodactyl|Rock Slide|p1b: Venusaur|[spread] p1a,p1b\n|-damage|p1a: Milotic|74/100\n|-damage|p1b: Venusaur|0 fnt\n|faint|p1b: Venusaur\n|cant|p1a: Milotic|flinch\n|\n|-weather|Sandstorm|[upkeep]\n|-damage|p2a: Dragapult|77/100|[from] Sandstorm\n|-damage|p1a: Milotic|68/100|[from] Sandstorm\n|-heal|p1a: Milotic|74/100|[from] item: Leftovers\n|upkeep\n|\n|t:|1776335276\n|switch|p1b: Aegislash|Aegislash, L50, M|76/100\n|turn|5\n|\n|t:|1776335283\n|-formechange|p1b: Aegislash|Aegislash-Blade|\n|move|p1b: Aegislash|Shadow Sneak|p2a: Dragapult\n|-supereffective|p2a: Dragapult|1\n|-damage|p2a: Dragapult|18/100\n|move|p2a: Dragapult|Phantom Force||[still]\n|-prepare|p2a: Dragapult|Phantom Force\n|move|p2b: Aerodactyl|Rock Slide|p1a: Milotic|[spread] p1a,p1b\n|-crit|p1a: Milotic\n|-resisted|p1b: Aegislash|1\n|-damage|p1a: Milotic|41/100\n|-damage|p1b: Aegislash|50/100\n|move|p1a: Milotic|Muddy Water|p2b: Aerodactyl|[spread] p2b\n|-miss|p1a: Milotic|p2a: Dragapult\n|-supereffective|p2b: Aerodactyl|1\n|-damage|p2b: Aerodactyl|8/100\n|\n|-weather|none\n|-heal|p1a: Milotic|47/100|[from] item: Leftovers\n|upkeep\n|turn|6\n|\n|t:|1776335298\n|move|p1b: Aegislash|Shadow Sneak|p2b: Aerodactyl\n|-damage|p2b: Aerodactyl|0 fnt\n|faint|p2b: Aerodactyl\n|move|p2a: Dragapult|Phantom Force|p1b: Aegislash|[from] lockedmove\n|-supereffective|p1b: Aegislash|1\n|-damage|p1b: Aegislash|0 fnt\n|faint|p1b: Aegislash\n|move|p1a: Milotic|Recover|p1a: Milotic\n|-heal|p1a: Milotic|97/100\n|\n|-heal|p1a: Milotic|100/100|[from] item: Leftovers\n|upkeep\n|\n|t:|1776335311\n|switch|p2b: Sneasler|Sneasler, L50, M|100/100\n|switch|p1b: Sneasler|Sneasler, L50, F|95/100\n|turn|7\n|\n|t:|1776335343\n|move|p2b: Sneasler|Protect|p2b: Sneasler\n|-singleturn|p2b: Sneasler|Protect\n|move|p1b: Sneasler|Fake Out|p2b: Sneasler\n|-activate|p2b: Sneasler|move: Protect\n|move|p2a: Dragapult|Phantom Force||[still]\n|-prepare|p2a: Dragapult|Phantom Force\n|move|p1a: Milotic|Coil|p1a: Milotic\n|-boost|p1a: Milotic|atk|1\n|-boost|p1a: Milotic|def|1\n|-boost|p1a: Milotic|accuracy|1\n|\n|upkeep\n|turn|8\n|\n|t:|1776335359\n|move|p2a: Dragapult|Phantom Force|p1b: Sneasler|[from] lockedmove\n|-damage|p1b: Sneasler|0 fnt\n|faint|p1b: Sneasler\n|move|p2b: Sneasler|Dire Claw|p1a: Milotic\n|-damage|p1a: Milotic|84/100\n|-status|p1a: Milotic|slp\n|cant|p1a: Milotic|slp\n|\n|-heal|p1a: Milotic|90/100 slp|[from] item: Leftovers\n|upkeep\n|turn|9\n|\n|t:|1776335379\n|move|p2a: Dragapult|Dragon Darts|p1a: Milotic\n|-damage|p1a: Milotic|72/100 slp\n|-anim|p2a: Dragapult|Dragon Darts|p1a: Milotic\n|-damage|p1a: Milotic|54/100 slp\n|move|p2b: Sneasler|Coaching|p2a: Dragapult\n|-boost|p2a: Dragapult|atk|1\n|-boost|p2a: Dragapult|def|1\n|cant|p1a: Milotic|slp\n|\n|-heal|p1a: Milotic|60/100 slp|[from] item: Leftovers\n|upkeep\n|turn|10\n|\n|t:|1776335393\n|move|p2a: Dragapult|Dragon Darts|p1a: Milotic\n|-damage|p1a: Milotic|36/100 slp\n|-anim|p2a: Dragapult|Dragon Darts|p1a: Milotic\n|-damage|p1a: Milotic|13/100 slp\n|move|p2b: Sneasler|Close Combat|p1a: Milotic\n|-damage|p1a: Milotic|0 fnt\n|-unboost|p2b: Sneasler|def|1\n|-unboost|p2b: Sneasler|spd|1\n|faint|p1a: Milotic\n|\n|win|W0kMeDed\n|raw|Munchlaxxxed's rating: 1298 &rarr; <strong>1280</strong><br />(-18 for losing)\n|raw|W0kMeDed's rating: 1395 &rarr; <strong>1410</strong><br />(+15 for winning)\n",
  "uploadtime": 1776335394,
  "views": 38,
  "formatid": "gen9championsvgc2026regma",
  "rating": 1280,
  "private": 0,
  "password": null
}