{
  "id": "gen9championsvgc2026regma-2585022198",
  "format": "[Gen 9 Champions] VGC 2026 Reg M-A",
  "players": [
    "Connundrumm",
    "llamas33"
  ],
  "log": "|j|\u2606Connundrumm\n|j|\u2606llamas33\n|t:|1776304159\n|gametype|doubles\n|player|p1|Connundrumm|265|1049\n|player|p2|llamas33|bugcatcher-gen4dp|1046\n|gen|9\n|tier|[Gen 9 Champions] VGC 2026 Reg M-A\n|rated|\n|rule|Species Clause: Limit one of each Pok\u00e9mon\n|rule|Item Clause: Limit 1 of each item\n|clearpoke\n|poke|p1|Garganacl, L50, M|\n|poke|p1|Feraligatr, L50, F|\n|poke|p1|Meowscarada, L50, F|\n|poke|p1|Politoed, L50, F|\n|poke|p1|Skeledirge, L50, F|\n|poke|p1|Whimsicott, L50, M|\n|poke|p2|Maushold-Four, L50|\n|poke|p2|Sableye, L50, F|\n|poke|p2|Farigiraf, L50, M|\n|poke|p2|Excadrill, L50, M|\n|poke|p2|Hydrapple, L50, F|\n|poke|p2|Drampa, L50, F|\n|teampreview|4\nConnundrumm rejected open team sheets.\n|\n|t:|1776304194\n|teamsize|p1|4\n|teamsize|p2|4\n|start\n|switch|p1a: Whimsicott|Whimsicott, L50, M|100/100\n|switch|p1b: Meowscarada|Meowscarada, L50, F|100/100\n|switch|p2a: Farigiraf|Farigiraf, L50, M|100/100\n|switch|p2b: Drampa|Drampa, L50, F|100/100\n|turn|1\n|\n|t:|1776304215\n|move|p2b: Drampa|Protect|p2b: Drampa\n|-singleturn|p2b: Drampa|Protect\n|move|p1b: Meowscarada|U-turn|p2a: Farigiraf\n|-start|p1b: Meowscarada|typechange|Bug|[from] ability: Protean\n|-supereffective|p2a: Farigiraf|1\n|-damage|p2a: Farigiraf|39/100\n|-enditem|p2a: Farigiraf|Sitrus Berry|[eat]\n|-heal|p2a: Farigiraf|63/100|[from] item: Sitrus Berry\n|inactive|Battle timer is ON: inactive players will automatically lose when time's up. (requested by llamas33)\n|\n|t:|1776304228\n|switch|p1b: Feraligatr|Feraligatr, L50, F|100/100|[from] U-turn\n|move|p1a: Whimsicott|Moonblast|p2b: Drampa\n|-activate|p2b: Drampa|move: Protect\n|move|p2a: Farigiraf|Trick Room|p2a: Farigiraf\n|-fieldstart|move: Trick Room|[of] p2a: Farigiraf\n|\n|upkeep\n|turn|2\n|\n|t:|1776304243\n|switch|p2a: Hydrapple|Hydrapple, L50, F|100/100\n|-ability|p2a: Hydrapple|Supersweet Syrup\n|-unboost|p1a: Whimsicott|evasion|1\n|-unboost|p1b: Feraligatr|evasion|1\n|detailschange|p2b: Drampa|Drampa-Mega, L50, F\n|-mega|p2b: Drampa|Drampa|Drampanite\n|move|p2b: Drampa|Dragon Cheer|p2a: Hydrapple\n|-start|p2a: Hydrapple|move: Dragon Cheer\n|move|p1b: Feraligatr|Dragon Dance|p1b: Feraligatr\n|-boost|p1b: Feraligatr|atk|1\n|-boost|p1b: Feraligatr|spe|1\n|move|p1a: Whimsicott|Moonblast|p2b: Drampa\n|-supereffective|p2b: Drampa|1\n|-damage|p2b: Drampa|35/100\n|-ability|p2b: Drampa|Berserk|boost\n|-boost|p2b: Drampa|spa|1\n|\n|upkeep\n|turn|3\n|inactive|Connundrumm has 30 seconds left.\n|inactive|llamas33 has 30 seconds left.\n|inactive|Connundrumm has 20 seconds left.\n|\n|t:|1776304280\n|move|p1a: Whimsicott|Stun Spore|p2a: Hydrapple\n|-immune|p2a: Hydrapple\n|move|p2b: Drampa|Hyper Voice|p1a: Whimsicott|[spread] p1a,p1b\n|-enditem|p1a: Whimsicott|Focus Sash\n|-damage|p1a: Whimsicott|1/100\n|-damage|p1b: Feraligatr|15/100\n|move|p2a: Hydrapple|Draco Meteor|p1b: Feraligatr\n|-crit|p1b: Feraligatr\n|-damage|p1b: Feraligatr|0 fnt\n|-unboost|p2a: Hydrapple|spa|2\n|faint|p1b: Feraligatr\n|\n|upkeep\n|\n|t:|1776304291\n|switch|p1b: Politoed|Politoed, L50, F|100/100\n|-weather|RainDance|[from] ability: Drizzle|[of] p1b: Politoed\n|turn|4\n|\n|t:|1776304310\n|switch|p2b: Sableye|Sableye, L50, F|100/100\n|move|p2a: Hydrapple|Draco Meteor|p1b: Politoed\n|-crit|p1b: Politoed\n|-damage|p1b: Politoed|0 fnt\n|-unboost|p2a: Hydrapple|spa|2\n|faint|p1b: Politoed\n|move|p1a: Whimsicott|Moonblast|p2b: Sableye\n|-supereffective|p2b: Sableye|1\n|-enditem|p2b: Sableye|Focus Sash\n|-damage|p2b: Sableye|1/100\n|\n|-weather|RainDance|[upkeep]\n|upkeep\n|\n|t:|1776304317\n|switch|p1b: Meowscarada|Meowscarada, L50, F|100/100\n|turn|5\n|\n|t:|1776304332\n|switch|p2b: Farigiraf|Farigiraf, L50, M|63/100\n|move|p2a: Hydrapple|Draco Meteor|p1b: Meowscarada\n|-crit|p1b: Meowscarada\n|-damage|p1b: Meowscarada|0 fnt\n|-unboost|p2a: Hydrapple|spa|2\n|faint|p1b: Meowscarada\n|move|p1a: Whimsicott|Moonblast|p2b: Farigiraf\n|-damage|p2b: Farigiraf|28/100\n|\n|-weather|RainDance|[upkeep]\n|-fieldend|move: Trick Room\n|upkeep\n|turn|6\n|c|\u2606Connundrumm|gg\n|-message|Connundrumm forfeited.\n|\n|win|llamas33\n|raw|Connundrumm's rating: 1049 &rarr; <strong>1032</strong><br />(-17 for losing)\n|raw|llamas33's rating: 1046 &rarr; <strong>1079</strong><br />(+33 for winning)\n|l|\u2606Connundrumm\n|player|p1|\n",
  "uploadtime": 1776304350,
  "views": 21,
  "formatid": "gen9championsvgc2026regma",
  "rating": 1032,
  "private": 0,
  "password": null
}