{
  "id": "gen9championsvgc2026regma-2582552066",
  "format": "[Gen 9 Champions] VGC 2026 Reg M-A",
  "players": [
    "G3N13",
    "sdfaedfawsegfew"
  ],
  "log": "|j|\u2606G3N13\n|j|\u2606sdfaedfawsegfew\n|t:|1776098892\n|gametype|doubles\n|player|p1|G3N13|n|1042\n|player|p2|sdfaedfawsegfew|169|1028\n|gen|9\n|tier|[Gen 9 Champions] VGC 2026 Reg M-A\n|rated|\n|rule|Species Clause: Limit one of each Pok\u00e9mon\n|rule|Item Clause: Limit 1 of each item\n|clearpoke\n|poke|p1|Incineroar, L50, M|\n|poke|p1|Farigiraf, L50, F|\n|poke|p1|Torkoal, L50, M|\n|poke|p1|Gardevoir, L50, M|\n|poke|p1|Sinistcha, L50|\n|poke|p1|Corviknight, L50, F|\n|poke|p2|Chandelure, L50, M|\n|poke|p2|Farigiraf, L50, M|\n|poke|p2|Gliscor, L50, M|\n|poke|p2|Greninja-*, L50, F|\n|poke|p2|Decidueye-Hisui, L50, M|\n|poke|p2|Arcanine-Hisui, L50, F|\n|teampreview|4\n|inactive|Battle timer is ON: inactive players will automatically lose when time's up. (requested by G3N13)\nG3N13 has agreed to open team sheets.\n|\n|t:|1776098961\n|teamsize|p1|4\n|teamsize|p2|4\n|start\n|switch|p1a: Incineroar|Incineroar, L50, M, shiny|100/100\n|switch|p1b: Gardevoir|Gardevoir, L50, M, shiny|100/100\n|switch|p2a: Decidueye|Decidueye-Hisui, L50, M|100/100\n|switch|p2b: Greninja|Greninja, L50, F, shiny|100/100\n|-ability|p1b: Gardevoir|Torrent|Trace|[from] ability: Trace|[of] p2b: Greninja\n|-ability|p1a: Incineroar|Intimidate|boost\n|-fail|p2a: Decidueye|unboost|Attack|[from] ability: Scrappy|[of] p2a: Decidueye\n|-unboost|p2b: Greninja|atk|1\n|turn|1\n|inactive|G3N13 has 30 seconds left.\n|inactive|sdfaedfawsegfew has 30 seconds left.\n|inactive|G3N13 has 20 seconds left.\n|inactive|sdfaedfawsegfew has 20 seconds left.\n|inactive|sdfaedfawsegfew has 15 seconds left.\n|inactive|G3N13 has 15 seconds left.\n|inactive|sdfaedfawsegfew has 10 seconds left.\n|inactive|sdfaedfawsegfew has 5 seconds left.\n|\n|t:|1776099013\n|detailschange|p1b: Gardevoir|Gardevoir-Mega, L50, M, shiny\n|-mega|p1b: Gardevoir|Gardevoir|Gardevoirite\n|move|p1a: Incineroar|Fake Out|p2b: Greninja\n|-damage|p2b: Greninja|85/100\n|cant|p2b: Greninja|flinch\n|move|p1b: Gardevoir|Hyper Voice|p2a: Decidueye|[spread] p2a,p2b\n|-supereffective|p2a: Decidueye|1\n|-supereffective|p2b: Greninja|1\n|-damage|p2a: Decidueye|0 fnt\n|-damage|p2b: Greninja|0 fnt\n|faint|p2a: Decidueye\n|faint|p2b: Greninja\n|\n|upkeep\n|\n|t:|1776099024\n|switch|p2b: Chandelure|Chandelure, L50, M, shiny|100/100\n|switch|p2a: Arcanine|Arcanine-Hisui, L50, F|100/100\n|-ability|p2a: Arcanine|Intimidate|boost\n|-unboost|p1a: Incineroar|atk|1\n|-unboost|p1b: Gardevoir|atk|1\n|turn|2\n|\n|t:|1776099045\n|detailschange|p2b: Chandelure|Chandelure-Mega, L50, M, shiny\n|-mega|p2b: Chandelure|Chandelure|Chandelurite\n|move|p2b: Chandelure|Protect|p2b: Chandelure\n|-singleturn|p2b: Chandelure|Protect\n|move|p2a: Arcanine|Flare Blitz|p1b: Gardevoir\n|-damage|p1b: Gardevoir|10/100\n|-damage|p2a: Arcanine|73/100|[from] Recoil\n|move|p1a: Incineroar|Parting Shot|p2b: Chandelure\n|-activate|p2b: Chandelure|move: Protect\n|move|p1b: Gardevoir|Trick Room|p1b: Gardevoir\n|-fieldstart|move: Trick Room|[of] p1b: Gardevoir\n|\n|upkeep\n|turn|3\n|inactive|G3N13 has 30 seconds left.\n|inactive|sdfaedfawsegfew has 30 seconds left.\n|inactive|G3N13 has 20 seconds left.\n|inactive|sdfaedfawsegfew has 20 seconds left.\n|\n|t:|1776099083\n|switch|p1a: Torkoal|Torkoal, L50, M, shiny|100/100\n|-weather|SunnyDay|[from] ability: Drought|[of] p1a: Torkoal\n|switch|p1b: Sinistcha|Sinistcha, L50|100/100\n|move|p2a: Arcanine|Extreme Speed|p1b: Sinistcha\n|-immune|p1b: Sinistcha\n|move|p2b: Chandelure|Shadow Ball|p1a: Torkoal\n|-damage|p1a: Torkoal|27/100\n|\n|-weather|SunnyDay|[upkeep]\n|upkeep\n|turn|4\n|inactive|G3N13 has 30 seconds left.\n|inactive|sdfaedfawsegfew has 30 seconds left.\n|\n|t:|1776099113\n|move|p1a: Torkoal|Earth Power|p2a: Arcanine\n|-supereffective|p2a: Arcanine|2\n|-damage|p2a: Arcanine|0 fnt\n|faint|p2a: Arcanine\n|move|p1b: Sinistcha|Shadow Ball|p2b: Chandelure\n|-supereffective|p2b: Chandelure|1\n|-damage|p2b: Chandelure|31/100\n|-unboost|p2b: Chandelure|spd|1\n|move|p2b: Chandelure|Shadow Ball|p1b: Sinistcha\n|-supereffective|p1b: Sinistcha|1\n|-damage|p1b: Sinistcha|0 fnt\n|faint|p1b: Sinistcha\n|\n|-weather|SunnyDay|[upkeep]\n|upkeep\n|\n|t:|1776099127\n|switch|p1b: Incineroar|Incineroar, L50, M, shiny|100/100\n|-ability|p1b: Incineroar|Intimidate|boost\n|-unboost|p2b: Chandelure|atk|1\n|turn|5\n|-message|sdfaedfawsegfew forfeited.\n|\n|win|G3N13\n|raw|G3N13's rating: 1042 &rarr; <strong>1074</strong><br />(+32 for winning)\n|raw|sdfaedfawsegfew's rating: 1028 &rarr; <strong>1014</strong><br />(-14 for losing)\n|l|\u2606sdfaedfawsegfew\n|player|p2|\n",
  "uploadtime": 1776099146,
  "views": 12,
  "formatid": "gen9championsvgc2026regma",
  "rating": 1014,
  "private": 0,
  "password": null
}