{
  "id": "gen9championsvgc2026regma-2581510840",
  "format": "[Gen 9 Champions] VGC 2026 Reg M-A",
  "players": [
    "NASA_1212",
    "thealex610"
  ],
  "log": "|j|\u2606NASA_1212\n|j|\u2606thealex610\n|t:|1776007007\n|gametype|doubles\n|player|p1|NASA_1212|veteranf|1156\n|player|p2|thealex610|170|1112\n|gen|9\n|tier|[Gen 9 Champions] VGC 2026 Reg M-A\n|rated|\n|rule|Species Clause: Limit one of each Pok\u00e9mon\n|rule|Item Clause: Limit 1 of each item\n|clearpoke\n|poke|p1|Gengar, L50, F|\n|poke|p1|Tyranitar, L50, F|\n|poke|p1|Excadrill, L50, F|\n|poke|p1|Typhlosion-Hisui, L50, M|\n|poke|p1|Whimsicott, L50, F|\n|poke|p1|Incineroar, L50, M|\n|poke|p2|Sneasler, L50, M|\n|poke|p2|Talonflame, L50, F|\n|poke|p2|Milotic, L50, F|\n|poke|p2|Aegislash, L50, F|\n|poke|p2|Scizor, L50, F|\n|poke|p2|Tyranitar, L50, F|\n|teampreview|4\n|inactive|Battle timer is ON: inactive players will automatically lose when time's up. (requested by thealex610)\n|\n|t:|1776007050\n|teamsize|p1|4\n|teamsize|p2|4\n|start\n|switch|p1a: Gengar|Gengar, L50, F|100/100\n|switch|p1b: Incineroar|Incineroar, L50, M|100/100\n|switch|p2a: Sneasler|Sneasler, L50, M|100/100\n|switch|p2b: Milotic|Milotic, L50, F|100/100\n|-ability|p1b: Incineroar|Intimidate|boost\n|-unboost|p2a: Sneasler|atk|1\n|-unboost|p2b: Milotic|atk|1\n|-ability|p2b: Milotic|Competitive|boost\n|-boost|p2b: Milotic|spa|2\n|-enditem|p2a: Sneasler|White Herb\n|-clearnegativeboost|p2a: Sneasler|[silent]\n|turn|1\n|\n|t:|1776007066\n|detailschange|p1a: Gengar|Gengar-Mega, L50, F\n|-mega|p1a: Gengar|Gengar|Gengarite\n|move|p2a: Sneasler|Fake Out|p1b: Incineroar\n|-damage|p1b: Incineroar|88/100\n|cant|p1b: Incineroar|flinch\n|move|p1a: Gengar|Substitute|p1a: Gengar\n|-start|p1a: Gengar|Substitute\n|-damage|p1a: Gengar|76/100\n|move|p2b: Milotic|Scald|p1a: Gengar\n|-end|p1a: Gengar|Substitute\n|\n|upkeep\n|turn|2\n|\n|t:|1776007083\n|switch|p1b: Typhlosion|Typhlosion-Hisui, L50, M|100/100\n|move|p1a: Gengar|Protect|p1a: Gengar\n|-singleturn|p1a: Gengar|Protect\n|move|p2a: Sneasler|Close Combat|p1b: Typhlosion\n|-immune|p1b: Typhlosion\n|move|p2b: Milotic|Scald|p1a: Gengar\n|-activate|p1a: Gengar|move: Protect\n|\n|upkeep\n|turn|3\n|\n|t:|1776007100\n|move|p2a: Sneasler|Dire Claw|p1a: Gengar\n|-resisted|p1a: Gengar|2\n|-damage|p1a: Gengar|60/100\n|move|p1a: Gengar|Substitute|p1a: Gengar\n|-start|p1a: Gengar|Substitute\n|-damage|p1a: Gengar|35/100\n|move|p1b: Typhlosion|Heat Wave|p2a: Sneasler|[spread] p2a,p2b\n|-resisted|p2b: Milotic|1\n|-damage|p2a: Sneasler|42/100\n|-damage|p2b: Milotic|82/100\n|move|p2b: Milotic|Scald|p1a: Gengar\n|-end|p1a: Gengar|Substitute\n|\n|upkeep\n|turn|4\n|\n|t:|1776007117\n|move|p1a: Gengar|Protect|p1a: Gengar\n|-singleturn|p1a: Gengar|Protect\n|move|p2a: Sneasler|Dire Claw|p1b: Typhlosion\n|-resisted|p1b: Typhlosion|1\n|-damage|p1b: Typhlosion|66/100\n|move|p1b: Typhlosion|Heat Wave|p2b: Milotic|[spread] p2b\n|-miss|p1b: Typhlosion|p2a: Sneasler\n|-resisted|p2b: Milotic|1\n|-damage|p2b: Milotic|63/100\n|move|p2b: Milotic|Scald|p1a: Gengar\n|-activate|p1a: Gengar|move: Protect\n|\n|upkeep\n|turn|5\n|\n|t:|1776007141\n|switch|p1a: Whimsicott|Whimsicott, L50, F|100/100\n|move|p2a: Sneasler|Dire Claw|p1a: Whimsicott\n|-supereffective|p1a: Whimsicott|2\n|-enditem|p1a: Whimsicott|Focus Sash\n|-damage|p1a: Whimsicott|1/100\n|move|p1b: Typhlosion|Heat Wave|p2a: Sneasler|[spread] p2a,p2b\n|-crit|p2a: Sneasler\n|-resisted|p2b: Milotic|1\n|-crit|p2b: Milotic\n|-damage|p2a: Sneasler|0 fnt\n|-damage|p2b: Milotic|35/100\n|faint|p2a: Sneasler\n|move|p2b: Milotic|Scald|p1b: Typhlosion\n|-supereffective|p1b: Typhlosion|1\n|-damage|p1b: Typhlosion|0 fnt\n|faint|p1b: Typhlosion\n|\n|upkeep\n|\n|t:|1776007159\n|switch|p2a: Aegislash|Aegislash, L50, F|100/100\n|switch|p1b: Gengar|Gengar-Mega, L50, F|35/100\n|turn|6\n|\n|t:|1776007176\n|move|p1b: Gengar|Protect|p1b: Gengar\n|-singleturn|p1b: Gengar|Protect\n|-formechange|p2a: Aegislash|Aegislash-Blade|\n|move|p2a: Aegislash|Shadow Sneak|p1b: Gengar\n|-activate|p1b: Gengar|move: Protect\n|move|p2b: Milotic|Icy Wind|p1b: Gengar|[spread] \n|-activate|p1b: Gengar|move: Protect\n|-miss|p2b: Milotic|p1a: Whimsicott\n|move|p1a: Whimsicott|Moonblast|p2b: Milotic\n|-damage|p2b: Milotic|6/100\n|\n|upkeep\n|turn|7\n|\n|t:|1776007197\n|switch|p1a: Incineroar|Incineroar, L50, M|88/100\n|-ability|p1a: Incineroar|Intimidate|boost\n|-unboost|p2a: Aegislash|atk|1\n|-unboost|p2b: Milotic|atk|1\n|-ability|p2b: Milotic|Competitive|boost\n|-boost|p2b: Milotic|spa|2\n|move|p2a: Aegislash|Shadow Sneak|p1b: Gengar\n|-supereffective|p1b: Gengar|1\n|-damage|p1b: Gengar|0 fnt\n|faint|p1b: Gengar\n|move|p2b: Milotic|Icy Wind|p1a: Incineroar\n|-resisted|p1a: Incineroar|1\n|-damage|p1a: Incineroar|70/100\n|-unboost|p1a: Incineroar|spe|1\n|\n|upkeep\n|-message|NASA_1212 forfeited.\n|\n|win|thealex610\n|raw|NASA_1212's rating: 1156 &rarr; <strong>1128</strong><br />(-28 for losing)\n|raw|thealex610's rating: 1112 &rarr; <strong>1140</strong><br />(+28 for winning)\n|l|\u2606NASA_1212\n|player|p1|\n",
  "uploadtime": 1776007212,
  "views": 44,
  "formatid": "gen9championsvgc2026regma",
  "rating": 1128,
  "private": 0,
  "password": null
}