{
  "id": "gen9championsvgc2026regma-2581242744",
  "format": "[Gen 9 Champions] VGC 2026 Reg M-A",
  "players": [
    "Mr.X&Y97",
    "Fizzayyy"
  ],
  "log": "|j|\u2606Mr.X&Y97\n|j|\u2606Fizzayyy\n|t:|1775975290\n|gametype|doubles\n|player|p1|Mr.X&Y97|ingo|1103\n|player|p2|Fizzayyy|1|1142\n|gen|9\n|tier|[Gen 9 Champions] VGC 2026 Reg M-A\n|rated|\n|rule|Species Clause: Limit one of each Pok\u00e9mon\n|rule|Item Clause: Limit 1 of each item\n|clearpoke\n|poke|p1|Golurk, L50|\n|poke|p1|Farigiraf, L50, F|\n|poke|p1|Torkoal, L50, M|\n|poke|p1|Incineroar, L50, F|\n|poke|p1|Venusaur, L50, F|\n|poke|p1|Sneasler, L50, F|\n|poke|p2|Incineroar, L50, M|\n|poke|p2|Orthworm, L50, F|\n|poke|p2|Froslass, L50, F|\n|poke|p2|Excadrill, L50, M|\n|poke|p2|Rotom-Wash, L50|\n|poke|p2|Farigiraf, L50, F|\n|teampreview|4\n|inactive|Battle timer is ON: inactive players will automatically lose when time's up. (requested by Mr.X&Y97)\n|inactive|Mr.X&Y97 has 60 seconds left.\n|inactive|Fizzayyy has 60 seconds left.\n|\n|t:|1775975344\n|teamsize|p1|4\n|teamsize|p2|4\n|start\n|switch|p1a: Sneasler|Sneasler, L50, F|100/100\n|switch|p1b: Incineroar|Incineroar, L50, F|100/100\n|switch|p2a: Incineroar|Incineroar, L50, M, shiny|100/100\n|switch|p2b: Orthworm|Orthworm, L50, F, shiny|100/100\n|-ability|p1a: Sneasler|Pressure\n|-ability|p2a: Incineroar|Intimidate|boost\n|-unboost|p1a: Sneasler|atk|1\n|-unboost|p1b: Incineroar|atk|1\n|-ability|p1b: Incineroar|Intimidate|boost\n|-unboost|p2a: Incineroar|atk|1\n|-unboost|p2b: Orthworm|atk|1\n|-enditem|p1a: Sneasler|White Herb\n|-clearnegativeboost|p1a: Sneasler|[silent]\n|turn|1\n|inactive|Fizzayyy has 30 seconds left.\n|\n|t:|1775975377\n|move|p2a: Incineroar|Fake Out|p1a: Sneasler\n|-damage|p1a: Sneasler|88/100\n|move|p1b: Incineroar|Fake Out|p2a: Incineroar\n|-damage|p2a: Incineroar|94/100\n|cant|p1a: Sneasler|flinch\n|move|p2b: Orthworm|Shed Tail|p2b: Orthworm\n|-start|p2b: Orthworm|Substitute|[from] move: Shed Tail\n|-damage|p2b: Orthworm|50/100\n|-enditem|p2b: Orthworm|Sitrus Berry|[eat]\n|-heal|p2b: Orthworm|75/100|[from] item: Sitrus Berry\n|\n|t:|1775975389\n|switch|p2b: Froslass|Froslass, L50, F|100/100|[from] Shed Tail\n|\n|upkeep\n|turn|2\n|\n|t:|1775975401\n|move|p2b: Froslass|Protect|p2b: Froslass\n|-singleturn|p2b: Froslass|Protect\n|move|p1a: Sneasler|Close Combat|p2a: Incineroar\n|-supereffective|p2a: Incineroar|1\n|-damage|p2a: Incineroar|0 fnt\n|-unboost|p1a: Sneasler|def|1\n|-unboost|p1a: Sneasler|spd|1\n|faint|p2a: Incineroar\n|move|p1b: Incineroar|Flare Blitz|p2b: Froslass\n|-activate|p2b: Froslass|move: Protect\n|\n|upkeep\n|\n|t:|1775975415\n|switch|p2a: Orthworm|Orthworm, L50, F, shiny|75/100\n|turn|3\n|\n|t:|1775975434\n|detailschange|p2b: Froslass|Froslass-Mega, L50, F\n|-mega|p2b: Froslass|Froslass|Froslassite\n|-weather|Snowscape|[from] ability: Snow Warning|[of] p2b: Froslass\n|move|p2a: Orthworm|Protect|p2a: Orthworm\n|-singleturn|p2a: Orthworm|Protect\n|move|p2b: Froslass|Blizzard|p1b: Incineroar|[spread] p1a,p1b\n|-resisted|p1b: Incineroar|1\n|-damage|p1a: Sneasler|0 fnt\n|-damage|p1b: Incineroar|83/100\n|faint|p1a: Sneasler\n|move|p1b: Incineroar|Flare Blitz|p2b: Froslass\n|-supereffective|p2b: Froslass|1\n|-end|p2b: Froslass|Substitute\n|-damage|p1b: Incineroar|75/100|[from] Recoil|[of] p2b: Froslass\n|\n|-weather|Snowscape|[upkeep]\n|upkeep\n|\n|t:|1775975449\n|switch|p1a: Venusaur|Venusaur, L50, F|100/100\n|turn|4\n|\n|t:|1775975460\n|switch|p2b: Farigiraf|Farigiraf, L50, F, shiny|100/100\n|switch|p1b: Torkoal|Torkoal, L50, M|100/100\n|-weather|SunnyDay|[from] ability: Drought|[of] p1b: Torkoal\n|move|p1a: Venusaur|Sleep Powder|p2b: Farigiraf|[miss]\n|-miss|p1a: Venusaur|p2b: Farigiraf\n|move|p2a: Orthworm|Shed Tail|p2a: Orthworm\n|-start|p2a: Orthworm|Substitute|[from] move: Shed Tail\n|-damage|p2a: Orthworm|25/100\n|\n|t:|1775975472\n|switch|p2a: Froslass|Froslass-Mega, L50, F|100/100|[from] Shed Tail\n|-weather|Snowscape|[from] ability: Snow Warning|[of] p2a: Froslass\n|\n|-weather|Snowscape|[upkeep]\n|upkeep\n|turn|5\n|\n|t:|1775975495\n|switch|p1b: Incineroar|Incineroar, L50, F|75/100\n|-ability|p1b: Incineroar|Intimidate|boost\n|-immune|p2a: Froslass\n|-unboost|p2b: Farigiraf|atk|1\n|move|p1a: Venusaur|Protect|p1a: Venusaur\n|-singleturn|p1a: Venusaur|Protect\n|move|p2a: Froslass|Blizzard|p1b: Incineroar|[spread] p1b\n|-activate|p1a: Venusaur|move: Protect\n|-resisted|p1b: Incineroar|1\n|-damage|p1b: Incineroar|58/100\n|-status|p1b: Incineroar|frz\n|move|p2b: Farigiraf|Hyper Voice|p1a: Venusaur|[spread] p1b\n|-activate|p1a: Venusaur|move: Protect\n|-damage|p1b: Incineroar|32/100 frz\n|\n|-weather|Snowscape|[upkeep]\n|upkeep\n|turn|6\n|\n|t:|1775975517\n|switch|p1b: Torkoal|Torkoal, L50, M|100/100\n|-weather|SunnyDay|[from] ability: Drought|[of] p1b: Torkoal\n|move|p1a: Venusaur|Sleep Powder|p2b: Farigiraf\n|-status|p2b: Farigiraf|slp|[from] move: Sleep Powder\n|move|p2a: Froslass|Shadow Ball|p1b: Torkoal\n|-damage|p1b: Torkoal|43/100\n|cant|p2b: Farigiraf|slp\n|\n|-weather|SunnyDay|[upkeep]\n|upkeep\n|turn|7\n|\n|t:|1775975539\n|switch|p2b: Orthworm|Orthworm, L50, F, shiny|25/100\n|move|p1a: Venusaur|Energy Ball|p2a: Froslass\n|-end|p2a: Froslass|Substitute\n|move|p2a: Froslass|Shadow Ball|p1b: Torkoal\n|-damage|p1b: Torkoal|0 fnt\n|faint|p1b: Torkoal\n|\n|-weather|SunnyDay|[upkeep]\n|upkeep\n|\n|t:|1775975547\n|switch|p1b: Incineroar|Incineroar, L50, F|32/100 frz\n|-ability|p1b: Incineroar|Intimidate|boost\n|-unboost|p2a: Froslass|atk|1\n|-unboost|p2b: Orthworm|atk|1\n|turn|8\n|inactive|Mr.X&Y97 has 30 seconds left.\n|\n|t:|1775975576\n|switch|p2a: Farigiraf|Farigiraf, L50, F, shiny|100/100 slp\n|move|p1a: Venusaur|Energy Ball|p2a: Farigiraf\n|-damage|p2a: Farigiraf|59/100 slp\n|move|p2b: Orthworm|Body Press|p1b: Incineroar\n|-supereffective|p1b: Incineroar|1\n|-damage|p1b: Incineroar|0 fnt\n|faint|p1b: Incineroar\n|\n|-weather|SunnyDay|[upkeep]\n|upkeep\n|turn|9\n|\n|t:|1775975599\n|move|p1a: Venusaur|Energy Ball|p2b: Orthworm\n|-resisted|p2b: Orthworm|1\n|-damage|p2b: Orthworm|0 fnt\n|faint|p2b: Orthworm\n|cant|p2a: Farigiraf|slp\n|\n|-weather|SunnyDay|[upkeep]\n|upkeep\n|\n|t:|1775975607\n|switch|p2b: Froslass|Froslass-Mega, L50, F|100/100\n|-weather|Snowscape|[from] ability: Snow Warning|[of] p2b: Froslass\n|turn|10\n|\n|t:|1775975613\n|move|p2b: Froslass|Blizzard|p1a: Venusaur\n|-supereffective|p1a: Venusaur|1\n|-enditem|p1a: Venusaur|Focus Sash\n|-damage|p1a: Venusaur|1/100\n|move|p1a: Venusaur|Sleep Powder|p2b: Froslass\n|-status|p2b: Froslass|slp|[from] move: Sleep Powder\n|-curestatus|p2a: Farigiraf|slp|[msg]\n|move|p2a: Farigiraf|Psychic|p1a: Venusaur\n|-supereffective|p1a: Venusaur|1\n|-damage|p1a: Venusaur|0 fnt\n|faint|p1a: Venusaur\n|\n|win|Fizzayyy\n|raw|Mr.X&amp;Y97's rating: 1103 &rarr; <strong>1081</strong><br />(-22 for losing)\n|raw|Fizzayyy's rating: 1142 &rarr; <strong>1164</strong><br />(+22 for winning)\n|l|\u2606Mr.X&Y97\n|player|p1|\n|l|\u2606Fizzayyy\n|player|p2|\n|j|\u2606Fizzayyy\n|player|p2|Fizzayyy|1|\n",
  "uploadtime": 1775975768,
  "views": 19,
  "formatid": "gen9championsvgc2026regma",
  "rating": 1081,
  "private": 0,
  "password": null
}