{
  "id": "gen9championsvgc2026regma-2582137700",
  "format": "[Gen 9 Champions] VGC 2026 Reg M-A",
  "players": [
    "endytr",
    "ray_game0"
  ],
  "log": "|j|\u2606endytr\n|j|\u2606ray_game0\n|t:|1776062847\n|gametype|doubles\n|player|p1|endytr|170|1074\n|player|p2|ray_game0|hiker-gen4|1067\n|gen|9\n|tier|[Gen 9 Champions] VGC 2026 Reg M-A\n|rated|\n|rule|Species Clause: Limit one of each Pok\u00e9mon\n|rule|Item Clause: Limit 1 of each item\n|clearpoke\n|poke|p1|Froslass, L50, F|\n|poke|p1|Gallade, L50, M|\n|poke|p1|Rotom-Frost, L50|\n|poke|p1|Infernape, L50, M|\n|poke|p1|Skarmory, L50, M|\n|poke|p1|Snorlax, L50, M|\n|poke|p2|Whimsicott, L50, M|\n|poke|p2|Archaludon, L50, F|\n|poke|p2|Pelipper, L50, F|\n|poke|p2|Gourgeist-*, L50, M|\n|poke|p2|Charizard, L50, M|\n|poke|p2|Garchomp, L50, F|\n|teampreview|4\n|\n|t:|1776062890\n|teamsize|p1|4\n|teamsize|p2|4\n|start\n|switch|p1a: Rotom|Rotom-Frost, L50|100/100\n|switch|p1b: Froslass|Froslass, L50, F|100/100\n|switch|p2a: Whimsicott|Whimsicott, L50, M|100/100\n|switch|p2b: Gourgeist|Gourgeist, L50, M|100/100\n|-item|p1a: Rotom|Chople Berry|[from] ability: Frisk|[of] p2b: Gourgeist\n|-item|p1b: Froslass|Froslassite|[from] ability: Frisk|[of] p2b: Gourgeist\n|turn|1\n|\n|t:|1776062930\n|detailschange|p1b: Froslass|Froslass-Mega, L50, F\n|-mega|p1b: Froslass|Froslass|Froslassite\n|-weather|Snowscape|[from] ability: Snow Warning|[of] p1b: Froslass\n|move|p2a: Whimsicott|Tailwind|p2a: Whimsicott\n|-sidestart|p2: ray_game0|move: Tailwind\n|move|p2b: Gourgeist|Explosion|p1a: Rotom|[spread] p2a,p1a\n|-immune|p1b: Froslass\n|-damage|p2a: Whimsicott|25/100\n|-damage|p1a: Rotom|58/100\n|faint|p2b: Gourgeist\n|move|p1b: Froslass|Blizzard|p2a: Whimsicott\n|-supereffective|p2a: Whimsicott|1\n|-damage|p2a: Whimsicott|0 fnt\n|faint|p2a: Whimsicott\n|move|p1a: Rotom|Blizzard|p2: Whimsicott|[notarget]\n|-fail|p1a: Rotom\n|\n|-weather|Snowscape|[upkeep]\n|upkeep\n|\n|t:|1776062944\n|switch|p2a: Charizard|Charizard, L50, M|100/100\n|switch|p2b: Garchomp|Garchomp, L50, F|100/100\n|turn|2\n|\n|t:|1776062974\n|switch|p1b: Skarmory|Skarmory, L50, M|100/100\n|switch|p1a: LAx|Snorlax, L50, M|100/100\n|detailschange|p2a: Charizard|Charizard-Mega-Y, L50, M\n|-mega|p2a: Charizard|Charizard|Charizardite Y\n|-weather|SunnyDay|[from] ability: Drought|[of] p2a: Charizard\n|move|p2b: Garchomp|Rock Slide|p1b: Skarmory|[spread] p1a,p1b\n|-damage|p1a: LAx|82/100\n|-damage|p1b: Skarmory|85/100\n|-ability|p1b: Skarmory|Weak Armor|boost\n|-unboost|p1b: Skarmory|def|1\n|-boost|p1b: Skarmory|spe|2\n|move|p2a: Charizard|Heat Wave|p1a: LAx|[spread] p1a,p1b\n|-supereffective|p1b: Skarmory|1\n|-damage|p1a: LAx|66/100\n|-damage|p1b: Skarmory|0 fnt\n|faint|p1b: Skarmory\n|\n|-weather|SunnyDay|[upkeep]\n|upkeep\n|\n|t:|1776062992\n|switch|p1b: Rotom|Rotom-Frost, L50|58/100\n|turn|3\n|\n|t:|1776063001\n|move|p2b: Garchomp|Rock Slide|p1b: Rotom|[spread] p1a,p1b\n|-crit|p1a: LAx\n|-supereffective|p1b: Rotom|1\n|-damage|p1a: LAx|37/100\n|-damage|p1b: Rotom|21/100\n|move|p2a: Charizard|Heat Wave|p1a: LAx|[spread] p1a,p1b\n|-supereffective|p1b: Rotom|1\n|-damage|p1a: LAx|19/100\n|-damage|p1b: Rotom|0 fnt\n|faint|p1b: Rotom\n|move|p1a: LAx|Rock Slide|p2a: Charizard|[spread] p2a,p2b\n|-supereffective|p2a: Charizard|2\n|-resisted|p2b: Garchomp|1\n|-damage|p2a: Charizard|2/100\n|-damage|p2b: Garchomp|92/100\n|\n|-weather|SunnyDay|[upkeep]\n|upkeep\n|\n|t:|1776063013\n|switch|p1b: Froslass|Froslass-Mega, L50, F|100/100\n|-weather|Snowscape|[from] ability: Snow Warning|[of] p1b: Froslass\n|turn|4\n|\n|t:|1776063026\n|move|p1b: Froslass|Protect|p1b: Froslass\n|-singleturn|p1b: Froslass|Protect\n|move|p2b: Garchomp|Rock Slide|p1b: Froslass|[spread] p1a\n|-activate|p1b: Froslass|move: Protect\n|-damage|p1a: LAx|2/100\n|move|p2a: Charizard|Heat Wave|p1a: LAx|[spread] p1a\n|-activate|p1b: Froslass|move: Protect\n|-damage|p1a: LAx|0 fnt\n|faint|p1a: LAx\n|\n|-weather|Snowscape|[upkeep]\n|-sideend|p2: ray_game0|move: Tailwind\n|upkeep\n|turn|5\n|\n|t:|1776063071\n|move|p1b: Froslass|Blizzard|p2b: Garchomp|[spread] p2a,p2b\n|-supereffective|p2b: Garchomp|2\n|-damage|p2a: Charizard|0 fnt\n|-damage|p2b: Garchomp|0 fnt\n|faint|p2a: Charizard\n|faint|p2b: Garchomp\n|\n|win|endytr\n",
  "uploadtime": 1776062850,
  "views": 9,
  "formatid": "gen9championsvgc2026regma",
  "rating": null,
  "private": 0,
  "password": null
}