{
  "id": "gen9championsvgc2026regma-2587463800",
  "format": "[Gen 9 Champions] VGC 2026 Reg M-A",
  "players": [
    "tartarosa",
    "MilkTeaWayGalaxy"
  ],
  "log": "|j|\u2606tartarosa\n|j|\u2606MilkTeaWayGalaxy\n|t:|1776533977\n|gametype|doubles\n|player|p1|tartarosa|2|1363\n|player|p2|MilkTeaWayGalaxy|rosa-pokestar3|1434\n|gen|9\n|tier|[Gen 9 Champions] VGC 2026 Reg M-A\n|rated|\n|rule|Species Clause: Limit one of each Pok\u00e9mon\n|rule|Item Clause: Limit 1 of each item\n|clearpoke\n|poke|p1|Rotom-Wash, L50|\n|poke|p1|Delphox, L50, F|\n|poke|p1|Aerodactyl, L50, F|\n|poke|p1|Garchomp, L50, M|\n|poke|p1|Kingambit, L50, F|\n|poke|p1|Sneasler, L50, F|\n|poke|p2|Milotic, L50, F|\n|poke|p2|Froslass, L50, F|\n|poke|p2|Sneasler, L50, F|\n|poke|p2|Gyarados, L50, M|\n|poke|p2|Incineroar, L50, F|\n|poke|p2|Sinistcha, L50|\n|teampreview|4\n|\n|t:|1776534018\n|teamsize|p1|4\n|teamsize|p2|4\n|start\n|switch|p1a: Aerodactyl|Aerodactyl, L50, F|100/100\n|switch|p1b: Sneasler|Sneasler, L50, F|100/100\n|switch|p2a: Froslass|Froslass, L50, F|100/100\n|switch|p2b: Sneasler|Sneasler, L50, F|100/100\n|-ability|p1a: Aerodactyl|Unnerve\n|turn|1\n|\n|t:|1776534037\n|switch|p2b: Incineroar|Incineroar, L50, F|100/100\n|-ability|p2b: Incineroar|Intimidate|boost\n|-unboost|p1a: Aerodactyl|atk|1\n|-unboost|p1b: Sneasler|atk|1\n|-enditem|p1b: Sneasler|White Herb\n|-clearnegativeboost|p1b: Sneasler|[silent]\n|detailschange|p2a: Froslass|Froslass-Mega, L50, F\n|-mega|p2a: Froslass|Froslass|Froslassite\n|-weather|Snowscape|[from] ability: Snow Warning|[of] p2a: Froslass\n|move|p1b: Sneasler|Fake Out|p2b: Incineroar\n|-damage|p2b: Incineroar|87/100\n|move|p1a: Aerodactyl|Dual Wingbeat|p2b: Incineroar\n|-damage|p2b: Incineroar|75/100\n|-damage|p2b: Incineroar|63/100\n|-hitcount|p2b: Incineroar|2\n|move|p2a: Froslass|Aurora Veil|p2a: Froslass\n|-sidestart|p2: MilkTeaWayGalaxy|move: Aurora Veil\n|\n|-weather|Snowscape|[upkeep]\n|upkeep\n|turn|2\n|\n|t:|1776534088\n|move|p2b: Incineroar|Fake Out|p1b: Sneasler\n|-damage|p1b: Sneasler|82/100\n|cant|p1b: Sneasler|flinch\n|move|p1a: Aerodactyl|Tailwind|p1a: Aerodactyl\n|-sidestart|p1: tartarosa|move: Tailwind\n|move|p2a: Froslass|Blizzard|p1b: Sneasler|[spread] p1a,p1b\n|-supereffective|p1a: Aerodactyl|1\n|-enditem|p1a: Aerodactyl|Focus Sash\n|-damage|p1a: Aerodactyl|1/100\n|-damage|p1b: Sneasler|25/100\n|\n|-weather|Snowscape|[upkeep]\n|upkeep\n|turn|3\n|\n|t:|1776534120\n|move|p1b: Sneasler|U-turn|p2b: Incineroar\n|-damage|p2b: Incineroar|49/100\n|\n|t:|1776534129\n|switch|p1b: Rotom|Rotom-Wash, L50|100/100|[from] U-turn\n|move|p1a: Aerodactyl|Rock Slide|p2a: Froslass|[spread] p2a,p2b\n|-supereffective|p2a: Froslass|1\n|-supereffective|p2b: Incineroar|1\n|-damage|p2a: Froslass|79/100\n|-damage|p2b: Incineroar|27/100\n|move|p2a: Froslass|Blizzard|p1b: Rotom|[spread] p1a,p1b\n|-supereffective|p1a: Aerodactyl|1\n|-resisted|p1b: Rotom|1\n|-damage|p1a: Aerodactyl|0 fnt\n|-damage|p1b: Rotom|79/100\n|faint|p1a: Aerodactyl\n|move|p2b: Incineroar|Darkest Lariat|p1b: Rotom\n|-damage|p1b: Rotom|39/100\n|\n|-weather|Snowscape|[upkeep]\n|-heal|p1b: Rotom|45/100|[from] item: Leftovers\n|upkeep\n|\n|t:|1776534145\n|switch|p1a: Sneasler|Sneasler, L50, F|25/100\n|turn|4\n|\n|t:|1776534172\n|switch|p2b: Milotic|Milotic, L50, F|100/100\n|move|p1a: Sneasler|Dire Claw|p2a: Froslass\n|-resisted|p2a: Froslass|1\n|-damage|p2a: Froslass|65/100\n|move|p1b: Rotom|Thunderbolt|p2a: Froslass\n|-damage|p2a: Froslass|33/100\n|move|p2a: Froslass|Shadow Ball|p1b: Rotom\n|-damage|p1b: Rotom|2/100\n|-unboost|p1b: Rotom|spd|1\n|\n|-weather|Snowscape|[upkeep]\n|-heal|p1b: Rotom|8/100|[from] item: Leftovers\n|upkeep\n|turn|5\n|\n|t:|1776534200\n|switch|p2a: Incineroar|Incineroar, L50, F|27/100\n|-ability|p2a: Incineroar|Intimidate|boost\n|-unboost|p1a: Sneasler|atk|1\n|-unboost|p1b: Rotom|atk|1\n|move|p1a: Sneasler|Dire Claw|p2b: Milotic\n|-damage|p2b: Milotic|84/100\n|move|p1b: Rotom|Thunderbolt|p2b: Milotic\n|-supereffective|p2b: Milotic|1\n|-damage|p2b: Milotic|49/100\n|-enditem|p2b: Milotic|Sitrus Berry|[eat]\n|-heal|p2b: Milotic|74/100|[from] item: Sitrus Berry\n|move|p2b: Milotic|Icy Wind|p1a: Sneasler|[spread] p1a,p1b\n|-resisted|p1b: Rotom|1\n|-damage|p1a: Sneasler|11/100\n|-damage|p1b: Rotom|0 fnt\n|-unboost|p1a: Sneasler|spe|1\n|faint|p1b: Rotom\n|\n|-weather|none\n|-sideend|p1: tartarosa|move: Tailwind\n|-sideend|p2: MilkTeaWayGalaxy|move: Aurora Veil\n|upkeep\n|\n|t:|1776534217\n|switch|p1b: Delphox|Delphox, L50, F|100/100\n|turn|6\n|\n|t:|1776534254\n|detailschange|p1b: Delphox|Delphox-Mega, L50, F\n|-mega|p1b: Delphox|Delphox|Delphoxite\n|move|p2a: Incineroar|Fake Out|p1a: Sneasler\n|-crit|p1a: Sneasler\n|-damage|p1a: Sneasler|0 fnt\n|faint|p1a: Sneasler\n|move|p1b: Delphox|Nasty Plot|p1b: Delphox\n|-boost|p1b: Delphox|spa|2\n|move|p2b: Milotic|Icy Wind|p1b: Delphox\n|-resisted|p1b: Delphox|1\n|-damage|p1b: Delphox|95/100\n|-unboost|p1b: Delphox|spe|1\n|\n|upkeep\n|turn|7\n|\n|t:|1776534267\n|move|p1b: Delphox|Heat Wave|p2b: Milotic|[spread] p2a,p2b\n|-resisted|p2a: Incineroar|1\n|-resisted|p2b: Milotic|1\n|-damage|p2a: Incineroar|0 fnt\n|-damage|p2b: Milotic|48/100\n|faint|p2a: Incineroar\n|move|p2b: Milotic|Icy Wind|p1b: Delphox\n|-resisted|p1b: Delphox|1\n|-damage|p1b: Delphox|89/100\n|-unboost|p1b: Delphox|spe|1\n|\n|upkeep\n|\n|t:|1776534270\n|switch|p2a: Froslass|Froslass-Mega, L50, F|33/100\n|-weather|Snowscape|[from] ability: Snow Warning|[of] p2a: Froslass\n|turn|8\n|\n|t:|1776534279\n|move|p2a: Froslass|Shadow Ball|p1b: Delphox\n|-supereffective|p1b: Delphox|1\n|-damage|p1b: Delphox|10/100\n|move|p1b: Delphox|Heat Wave|p2a: Froslass|[spread] p2a,p2b\n|-supereffective|p2a: Froslass|1\n|-resisted|p2b: Milotic|1\n|-damage|p2a: Froslass|0 fnt\n|-damage|p2b: Milotic|20/100\n|faint|p2a: Froslass\n|move|p2b: Milotic|Scald|p1b: Delphox\n|-supereffective|p1b: Delphox|1\n|-damage|p1b: Delphox|0 fnt\n|faint|p1b: Delphox\n|\n|win|MilkTeaWayGalaxy\n|raw|tartarosa's rating: 1363 &rarr; <strong>1347</strong><br />(-16 for losing)\n|raw|MilkTeaWayGalaxy's rating: 1434 &rarr; <strong>1450</strong><br />(+16 for winning)\n",
  "uploadtime": 1776534286,
  "views": 24,
  "formatid": "gen9championsvgc2026regma",
  "rating": 1347,
  "private": 0,
  "password": null
}