{
  "id": "gen9championsvgc2026regma-2580824494",
  "format": "[Gen 9 Champions] VGC 2026 Reg M-A",
  "players": [
    "VoltaicArrow",
    "acrophobicavian"
  ],
  "log": "|j|\u2606VoltaicArrow\n|j|\u2606acrophobicavian\n|t:|1775935473\n|gametype|doubles\n|player|p1|VoltaicArrow|169|1078\n|player|p2|acrophobicavian|colress-gen7|1055\n|gen|9\n|tier|[Gen 9 Champions] VGC 2026 Reg M-A\n|rated|\n|rule|Species Clause: Limit one of each Pok\u00e9mon\n|rule|Item Clause: Limit 1 of each item\n|clearpoke\n|poke|p1|Chandelure, L50, F|\n|poke|p1|Whimsicott, L50, M|\n|poke|p1|Incineroar, L50, F|\n|poke|p1|Charizard, L50, F|\n|poke|p1|Venusaur, L50, F|\n|poke|p1|Basculegion, L50, M|\n|poke|p2|Sableye, L50, F|\n|poke|p2|Gardevoir, L50, M|\n|poke|p2|Milotic, L50, M|\n|poke|p2|Sinistcha, L50|\n|poke|p2|Lucario, L50, M|\n|poke|p2|Rotom-Heat, L50|\n|teampreview|4\n|inactive|Battle timer is ON: inactive players will automatically lose when time's up. (requested by VoltaicArrow)\nVoltaicArrow rejected open team sheets.\n|\n|t:|1775935499\n|teamsize|p1|4\n|teamsize|p2|4\n|start\n|switch|p1a: Venusaur|Venusaur, L50, F|100/100\n|switch|p1b: Charizard|Charizard, L50, F|100/100\n|switch|p2a: MMMMM. BEEP.|Rotom-Heat, L50|100/100\n|switch|p2b: Aurora|Milotic, L50, M|100/100\n|turn|1\n|\n|t:|1775935518\n|detailschange|p1b: Charizard|Charizard-Mega-Y, L50, F\n|-mega|p1b: Charizard|Charizard|Charizardite Y\n|-weather|SunnyDay|[from] ability: Drought|[of] p1b: Charizard\n|move|p1b: Charizard|Protect|p1b: Charizard\n|-singleturn|p1b: Charizard|Protect\n|move|p1a: Venusaur|Solar Beam||[still]\n|-prepare|p1a: Venusaur|Solar Beam\n|-anim|p1a: Venusaur|Solar Beam|p2b: Aurora\n|-supereffective|p2b: Aurora|1\n|-damage|p2b: Aurora|24/100\n|move|p2a: MMMMM. BEEP.|Eerie Impulse|p1a: Venusaur\n|-unboost|p1a: Venusaur|spa|2\n|move|p2b: Aurora|Icy Wind|p1b: Charizard|[spread] p1a\n|-activate|p1b: Charizard|move: Protect\n|-supereffective|p1a: Venusaur|1\n|-damage|p1a: Venusaur|82/100\n|-unboost|p1a: Venusaur|spe|1\n|\n|-weather|SunnyDay|[upkeep]\n|-heal|p2b: Aurora|31/100|[from] item: Leftovers\n|upkeep\n|turn|2\n|inactive|VoltaicArrow has 30 seconds left.\n|inactive|acrophobicavian has 30 seconds left.\n|\n|t:|1775935547\n|switch|p1b: Incineroar|Incineroar, L50, F|100/100\n|-ability|p1b: Incineroar|Intimidate|boost\n|-unboost|p2a: MMMMM. BEEP.|atk|1\n|-unboost|p2b: Aurora|atk|1\n|-ability|p2b: Aurora|Competitive|boost\n|-boost|p2b: Aurora|spa|2\n|move|p2b: Aurora|Helping Hand|p2a: MMMMM. BEEP.\n|-singleturn|p2a: MMMMM. BEEP.|Helping Hand|[of] p2b: Aurora\n|move|p1a: Venusaur|Solar Beam||[still]\n|-prepare|p1a: Venusaur|Solar Beam\n|-anim|p1a: Venusaur|Solar Beam|p2b: Aurora\n|-supereffective|p2b: Aurora|1\n|-damage|p2b: Aurora|0 fnt\n|faint|p2b: Aurora\n|move|p2a: MMMMM. BEEP.|Overheat|p1a: Venusaur\n|-supereffective|p1a: Venusaur|1\n|-enditem|p1a: Venusaur|Occa Berry|[eat]\n|-enditem|p1a: Venusaur|Occa Berry|[weaken]\n|-damage|p1a: Venusaur|0 fnt\n|-unboost|p2a: MMMMM. BEEP.|spa|2\n|faint|p1a: Venusaur\n|\n|-weather|SunnyDay|[upkeep]\n|upkeep\n|\n|t:|1775935568\n|switch|p1a: Charizard|Charizard-Mega-Y, L50, F|100/100\n|switch|p2b: Manic|Gardevoir, L50, M|100/100\n|-ability|p2b: Manic|Intimidate|Trace|[from] ability: Trace|[of] p1b: Incineroar\n|-ability|p2b: Manic|Intimidate|boost\n|-unboost|p1a: Charizard|atk|1\n|-unboost|p1b: Incineroar|atk|1\n|turn|3\n|\n|t:|1775935586\n|move|p2b: Manic|Protect|p2b: Manic\n|-singleturn|p2b: Manic|Protect\n|move|p1b: Incineroar|Fake Out|p2b: Manic\n|-activate|p2b: Manic|move: Protect\n|move|p1a: Charizard|Heat Wave|p2a: MMMMM. BEEP.|[spread] p2a\n|-activate|p2b: Manic|move: Protect\n|-resisted|p2a: MMMMM. BEEP.|1\n|-damage|p2a: MMMMM. BEEP.|68/100\n|move|p2a: MMMMM. BEEP.|Eerie Impulse|p1a: Charizard\n|-unboost|p1a: Charizard|spa|2\n|\n|-weather|SunnyDay|[upkeep]\n|upkeep\n|turn|4\n|\n|t:|1775935607\n|switch|p2b: President|Sinistcha, L50|100/100\n|-heal|p2a: MMMMM. BEEP.|93/100|[from] ability: Hospitality|[of] p2b: President\n|move|p1a: Charizard|Protect|p1a: Charizard\n|-singleturn|p1a: Charizard|Protect\n|move|p2a: MMMMM. BEEP.|Eerie Impulse|p1a: Charizard\n|-activate|p1a: Charizard|move: Protect\n|move|p1b: Incineroar|Parting Shot|p2b: President\n|-unboost|p2b: President|atk|1\n|-unboost|p2b: President|spa|1\n|\n|t:|1775935618\n|switch|p1b: Basculegion|Basculegion, L50, M|100/100|[from] Parting Shot\n|\n|-weather|SunnyDay|[upkeep]\n|upkeep\n|turn|5\n|\n|t:|1775935629\n|switch|p1a: Incineroar|Incineroar, L50, F|100/100\n|-ability|p1a: Incineroar|Intimidate|boost\n|-unboost|p2a: MMMMM. BEEP.|atk|1\n|-unboost|p2b: President|atk|1\n|move|p1b: Basculegion|Last Respects|p2b: President\n|-supereffective|p2b: President|1\n|-damage|p2b: President|12/100\n|move|p2a: MMMMM. BEEP.|Will-O-Wisp|p1b: Basculegion\n|-status|p1b: Basculegion|brn\n|move|p2b: President|Trick Room|p2b: President\n|-fieldstart|move: Trick Room|[of] p2b: President\n|\n|-weather|none\n|-damage|p1b: Basculegion|94/100 brn|[from] brn\n|upkeep\n|turn|6\n|\n|t:|1775935646\n|move|p1a: Incineroar|Fake Out|p2a: MMMMM. BEEP.\n|-damage|p2a: MMMMM. BEEP.|80/100\n|move|p1b: Basculegion|Aqua Jet|p2b: President\n|-resisted|p2b: President|1\n|-damage|p2b: President|7/100\n|move|p2b: President|Strength Sap|p1a: Incineroar\n|-unboost|p1a: Incineroar|atk|1\n|-heal|p2b: President|95/100\n|cant|p2a: MMMMM. BEEP.|flinch\n|\n|-damage|p1b: Basculegion|88/100 brn|[from] brn\n|upkeep\n|turn|7\n|\n|t:|1775935662\n|switch|p1b: Charizard|Charizard-Mega-Y, L50, F|100/100\n|-weather|SunnyDay|[from] ability: Drought|[of] p1b: Charizard\n|move|p2b: President|Matcha Gotcha|p1b: Charizard|[spread] p1a,p1b\n|-resisted|p1a: Incineroar|1\n|-resisted|p1b: Charizard|2\n|-damage|p1a: Incineroar|93/100\n|-heal|p2b: President|99/100|[from] drain|[of] p1a: Incineroar\n|-damage|p1b: Charizard|97/100\n|-heal|p2b: President|100/100|[from] drain|[of] p1b: Charizard\n|move|p1a: Incineroar|Parting Shot|p2b: President\n|-unboost|p2b: President|atk|1\n|-unboost|p2b: President|spa|1\n|\n|t:|1775935675\n|switch|p1a: Basculegion|Basculegion, L50, M|88/100 brn|[from] Parting Shot\n|move|p2a: MMMMM. BEEP.|Volt Switch|p1b: Charizard\n|-supereffective|p1b: Charizard|1\n|-damage|p1b: Charizard|66/100\n|\n|t:|1775935681\n|switch|p2a: Manic|Gardevoir, L50, M|100/100|[from] Volt Switch\n|-ability|p2a: Manic|Drought|Trace|[from] ability: Trace|[of] p1b: Charizard\n|\n|-weather|SunnyDay|[upkeep]\n|-damage|p1a: Basculegion|82/100 brn|[from] brn\n|upkeep\n|turn|8\n|\n|t:|1775935701\n|detailschange|p2a: Manic|Gardevoir-Mega, L50, M\n|-mega|p2a: Manic|Gardevoir|Gardevoirite\n|move|p2b: President|Strength Sap|p1a: Basculegion\n|-unboost|p1a: Basculegion|atk|1\n|move|p2a: Manic|Calm Mind|p2a: Manic\n|-boost|p2a: Manic|spa|1\n|-boost|p2a: Manic|spd|1\n|move|p1a: Basculegion|Last Respects|p2b: President\n|-supereffective|p2b: President|1\n|-damage|p2b: President|66/100\n|move|p1b: Charizard|Heat Wave|p2b: President|[spread] p2a,p2b\n|-supereffective|p2b: President|1\n|-enditem|p2b: President|Occa Berry|[eat]\n|-enditem|p2b: President|Occa Berry|[weaken]\n|-damage|p2a: Manic|62/100\n|-damage|p2b: President|0 fnt\n|faint|p2b: President\n|\n|-weather|SunnyDay|[upkeep]\n|-damage|p1a: Basculegion|76/100 brn|[from] brn\n|upkeep\n|\n|t:|1775935707\n|switch|p2b: MMMMM. BEEP.|Rotom-Heat, L50|80/100\n|turn|9\n|\n|t:|1775935725\n|move|p2b: MMMMM. BEEP.|Eerie Impulse|p1b: Charizard\n|-unboost|p1b: Charizard|spa|2\n|move|p2a: Manic|Hyper Voice|p1a: Basculegion|[spread] p1a,p1b\n|-resisted|p1b: Charizard|1\n|-damage|p1a: Basculegion|0 fnt\n|-damage|p1b: Charizard|24/100\n|faint|p1a: Basculegion\n|move|p1b: Charizard|Heat Wave|p2b: MMMMM. BEEP.|[spread] p2a,p2b\n|-resisted|p2b: MMMMM. BEEP.|1\n|-damage|p2a: Manic|46/100\n|-damage|p2b: MMMMM. BEEP.|62/100\n|\n|-weather|SunnyDay|[upkeep]\n|-fieldend|move: Trick Room\n|upkeep\n|\n|t:|1775935736\n|switch|p1a: Incineroar|Incineroar, L50, F|93/100\n|-ability|p1a: Incineroar|Intimidate|boost\n|-unboost|p2a: Manic|atk|1\n|-unboost|p2b: MMMMM. BEEP.|atk|1\n|turn|10\n|\n|t:|1775935744\n|move|p2a: Manic|Protect|p2a: Manic\n|-singleturn|p2a: Manic|Protect\n|move|p1a: Incineroar|Fake Out|p2b: MMMMM. BEEP.\n|-damage|p2b: MMMMM. BEEP.|49/100\n|-enditem|p2b: MMMMM. BEEP.|Sitrus Berry|[eat]\n|-heal|p2b: MMMMM. BEEP.|74/100|[from] item: Sitrus Berry\n|move|p1b: Charizard|Solar Beam||[still]\n|-prepare|p1b: Charizard|Solar Beam\n|-anim|p1b: Charizard|Solar Beam|p2a: Manic\n|-activate|p2a: Manic|move: Protect\n|cant|p2b: MMMMM. BEEP.|flinch\n|\n|-weather|SunnyDay|[upkeep]\n|-heal|p1a: Incineroar|99/100|[from] item: Leftovers\n|upkeep\n|turn|11\n|-message|VoltaicArrow forfeited.\n|\n|win|acrophobicavian\n|raw|VoltaicArrow's rating: 1078 &rarr; <strong>1055</strong><br />(-23 for losing)\n|raw|acrophobicavian's rating: 1055 &rarr; <strong>1089</strong><br />(+34 for winning)\n|l|\u2606VoltaicArrow\n|player|p1|\n",
  "uploadtime": 1775935773,
  "views": 13,
  "formatid": "gen9championsvgc2026regma",
  "rating": 1055,
  "private": 0,
  "password": null
}