{
  "id": "gen9championsvgc2026regma-2588424078",
  "format": "[Gen 9 Champions] VGC 2026 Reg M-A",
  "players": [
    "gallowslilcal",
    "nk.luna"
  ],
  "log": "|j|\u2606gallowslilcal\n|j|\u2606nk.luna\n|t:|1776632329\n|gametype|doubles\n|player|p1|gallowslilcal|170|1060\n|player|p2|nk.luna|marley|1037\n|gen|9\n|tier|[Gen 9 Champions] VGC 2026 Reg M-A\n|rated|\n|rule|Species Clause: Limit one of each Pok\u00e9mon\n|rule|Item Clause: Limit 1 of each item\n|clearpoke\n|poke|p1|Meganium, L50, M|\n|poke|p1|Incineroar, L50, F|\n|poke|p1|Dragonite, L50, M|\n|poke|p1|Archaludon, L50, M|\n|poke|p1|Pelipper, L50, F|\n|poke|p1|Basculegion, L50, M|\n|poke|p2|Gardevoir, L50, F, shiny|\n|poke|p2|Whimsicott, L50, M|\n|poke|p2|Incineroar, L50, F|\n|poke|p2|Primarina, L50, F|\n|poke|p2|Meowstic, L50, M|\n|poke|p2|Farigiraf, L50, F|\n|teampreview|4\n|inactive|Battle timer is ON: inactive players will automatically lose when time's up. (requested by nk.luna)\n|inactive|gallowslilcal also wants the timer to be on.\n|inactive|gallowslilcal has 60 seconds left.\n|\n|t:|1776632368\n|teamsize|p1|4\n|teamsize|p2|4\n|start\n|switch|p1a: Dragonite|Dragonite, L50, M|100/100\n|switch|p1b: Meganium|Meganium, L50, M|100/100\n|switch|p2a: whimsi|Whimsicott, L50, M|100/100\n|switch|p2b: Meowstic|Meowstic, L50, M|100/100\n|turn|1\n|\n|t:|1776632389\n|detailschange|p1b: Meganium|Meganium-Mega, L50, M\n|-mega|p1b: Meganium|Meganium|Meganiumite\n|move|p2b: Meowstic|Fake Out|p1a: Dragonite\n|-damage|p1a: Dragonite|95/100\n|move|p2a: whimsi|Tailwind|p2a: whimsi\n|-sidestart|p2: nk.luna|move: Tailwind\n|move|p1a: Dragonite|Ice Beam|p2a: whimsi\n|-supereffective|p2a: whimsi|1\n|-damage|p2a: whimsi|30/100\n|-status|p2a: whimsi|frz\n|move|p1b: Meganium|Weather Ball|p2a: whimsi\n|-supereffective|p2a: whimsi|1\n|-damage|p2a: whimsi|0 fnt\n|faint|p2a: whimsi\n|\n|upkeep\n|\n|t:|1776632397\n|switch|p2a: Gardevoir|Gardevoir, L50, F, shiny|100/100\n|turn|2\n|\n|t:|1776632414\n|detailschange|p2a: Gardevoir|Gardevoir-Mega, L50, F, shiny\n|-mega|p2a: Gardevoir|Gardevoir|Gardevoirite\n|move|p2b: Meowstic|Psychic Terrain|p2b: Meowstic\n|-fieldstart|move: Psychic Terrain\n|move|p2a: Gardevoir|Hyper Voice|p1a: Dragonite|[spread] p1a,p1b\n|-supereffective|p1a: Dragonite|1\n|-damage|p1a: Dragonite|0 fnt\n|-damage|p1b: Meganium|58/100\n|faint|p1a: Dragonite\n|move|p1b: Meganium|Solar Beam||[still]\n|-prepare|p1b: Meganium|Solar Beam\n|-activate|p1b: Meganium|ability: Mega Sol\n|-anim|p1b: Meganium|Solar Beam|p2a: Gardevoir\n|-damage|p2a: Gardevoir|30/100\n|\n|upkeep\n|\n|t:|1776632428\n|switch|p1a: Pelipper|Pelipper, L50, F|100/100\n|-weather|RainDance|[from] ability: Drizzle|[of] p1a: Pelipper\n|turn|3\n|\n|t:|1776632442\n|move|p2a: Gardevoir|Expanding Force|p1b: Meganium|[spread] p1a,p1b\n|-enditem|p1a: Pelipper|Focus Sash\n|-damage|p1a: Pelipper|1/100\n|-damage|p1b: Meganium|0 fnt\n|faint|p1b: Meganium\n|move|p2b: Meowstic|Expanding Force|p1a: Pelipper\n|-damage|p1a: Pelipper|0 fnt\n|faint|p1a: Pelipper\n|\n|-weather|RainDance|[upkeep]\n|upkeep\n|\n|t:|1776632447\n|switch|p1b: Basculegion|Basculegion, L50, M|100/100\n|turn|4\n|\n|t:|1776632456\n|move|p2a: Gardevoir|Protect|p2a: Gardevoir\n|-singleturn|p2a: Gardevoir|Protect\n|move|p2b: Meowstic|Expanding Force|p1b: Basculegion\n|-damage|p1b: Basculegion|44/100\n|move|p1b: Basculegion|Last Respects|p2a: Gardevoir\n|-activate|p2a: Gardevoir|move: Protect\n|\n|-weather|RainDance|[upkeep]\n|-sideend|p2: nk.luna|move: Tailwind\n|upkeep\n|turn|5\n|\n|t:|1776632467\n|move|p1b: Basculegion|Last Respects|p2a: Gardevoir\n|-supereffective|p2a: Gardevoir|1\n|-damage|p2a: Gardevoir|0 fnt\n|faint|p2a: Gardevoir\n|move|p2b: Meowstic|Expanding Force|p1b: Basculegion\n|-damage|p1b: Basculegion|0 fnt\n|faint|p1b: Basculegion\n|\n|win|nk.luna\n|raw|gallowslilcal's rating: 1060 &rarr; <strong>1040</strong><br />(-20 for losing)\n|raw|nk.luna's rating: 1037 &rarr; <strong>1074</strong><br />(+37 for winning)\n|l|\u2606gallowslilcal\n|player|p1|\n",
  "uploadtime": 1776632471,
  "views": 21,
  "formatid": "gen9championsvgc2026regma",
  "rating": 1040,
  "private": 0,
  "password": null
}