{
  "id": "gen9championsvgc2026regma-2582387370",
  "format": "[Gen 9 Champions] VGC 2026 Reg M-A",
  "players": [
    "azumarillsky",
    "Niko highway"
  ],
  "log": "|j|\u2606azumarillsky\n|j|\u2606Niko highway\n|t:|1776088291\n|gametype|doubles\n|player|p1|azumarillsky|170|1436\n|player|p2|Niko highway|169|1383\n|gen|9\n|tier|[Gen 9 Champions] VGC 2026 Reg M-A\n|rated|\n|rule|Species Clause: Limit one of each Pok\u00e9mon\n|rule|Item Clause: Limit 1 of each item\n|clearpoke\n|poke|p1|Lopunny, L50, M|\n|poke|p1|Kingambit, L50, M|\n|poke|p1|Kommo-o, L50, F|\n|poke|p1|Scizor, L50, F|\n|poke|p1|Pelipper, L50, M|\n|poke|p1|Incineroar, L50, F|\n|poke|p2|Incineroar, L50, F|\n|poke|p2|Conkeldurr, L50, M|\n|poke|p2|Sinistcha, L50|\n|poke|p2|Cofagrigus, L50, M|\n|poke|p2|Drampa, L50, M|\n|poke|p2|Aggron, L50, F|\n|teampreview|4\n|inactive|Battle timer is ON: inactive players will automatically lose when time's up. (requested by Niko highway)\n|\n|t:|1776088326\n|teamsize|p1|4\n|teamsize|p2|4\n|start\n|switch|p1a: Lopunny|Lopunny, L50, M|100/100\n|switch|p1b: Kommo-o|Kommo-o, L50, F|100/100\n|switch|p2a: Conkeldurr|Conkeldurr, L50, M|100/100\n|switch|p2b: Cofagrigus|Cofagrigus, L50, M|100/100\n|turn|1\n|\n|t:|1776088345\n|detailschange|p1a: Lopunny|Lopunny-Mega, L50, M\n|-mega|p1a: Lopunny|Lopunny|Lopunnite\n|move|p1a: Lopunny|Fake Out|p2b: Cofagrigus\n|-damage|p2b: Cofagrigus|87/100\n|-activate|p2b: Cofagrigus|ability: Mummy|p1a: Lopunny|[ability] Scrappy\n|move|p1b: Kommo-o|Clangorous Soul|p1b: Kommo-o\n|-boost|p1b: Kommo-o|atk|1\n|-boost|p1b: Kommo-o|def|1\n|-boost|p1b: Kommo-o|spa|1\n|-boost|p1b: Kommo-o|spd|1\n|-boost|p1b: Kommo-o|spe|1\n|-damage|p1b: Kommo-o|68/100\n|move|p2a: Conkeldurr|Drain Punch|p1b: Kommo-o\n|-damage|p1b: Kommo-o|24/100\n|-enditem|p1b: Kommo-o|Sitrus Berry|[eat]\n|-heal|p1b: Kommo-o|49/100|[from] item: Sitrus Berry\n|cant|p2b: Cofagrigus|flinch\n|\n|-heal|p2b: Cofagrigus|94/100|[from] item: Leftovers\n|upkeep\n|turn|2\n|inactive|azumarillsky has 30 seconds left.\n|\n|t:|1776088373\n|move|p2a: Conkeldurr|Wide Guard|p2a: Conkeldurr\n|-singleturn|p2a: Conkeldurr|Wide Guard\n|move|p1b: Kommo-o|Clanging Scales|p2a: Conkeldurr|[spread] \n|-activate|p2a: Conkeldurr|move: Wide Guard\n|-activate|p2b: Cofagrigus|move: Wide Guard\n|move|p1a: Lopunny|Close Combat|p2a: Conkeldurr\n|-damage|p2a: Conkeldurr|42/100\n|-unboost|p1a: Lopunny|def|1\n|-unboost|p1a: Lopunny|spd|1\n|move|p2b: Cofagrigus|Trick Room|p2b: Cofagrigus\n|-fieldstart|move: Trick Room|[of] p2b: Cofagrigus\n|\n|-heal|p2b: Cofagrigus|99/100|[from] item: Leftovers\n|upkeep\n|turn|3\n|\n|t:|1776088393\n|switch|p1a: Incineroar|Incineroar, L50, F|100/100\n|-ability|p1a: Incineroar|Intimidate|boost\n|-unboost|p2a: Conkeldurr|atk|1\n|-unboost|p2b: Cofagrigus|atk|1\n|move|p1b: Kommo-o|Protect|p1b: Kommo-o\n|-singleturn|p1b: Kommo-o|Protect\n|move|p2b: Cofagrigus|Shadow Ball|p1b: Kommo-o\n|-activate|p1b: Kommo-o|move: Protect\n|move|p2a: Conkeldurr|Drain Punch|p1a: Incineroar\n|-supereffective|p1a: Incineroar|1\n|-enditem|p1a: Incineroar|Chople Berry|[eat]\n|-enditem|p1a: Incineroar|Chople Berry|[weaken]\n|-damage|p1a: Incineroar|56/100\n|-heal|p2a: Conkeldurr|64/100|[from] drain|[of] p1a: Incineroar\n|\n|-heal|p2b: Cofagrigus|100/100|[from] item: Leftovers\n|upkeep\n|turn|4\n|inactive|azumarillsky has 30 seconds left.\n|inactive|Niko highway has 30 seconds left.\n|\n|t:|1776088425\n|move|p2a: Conkeldurr|Wide Guard|p2a: Conkeldurr\n|-singleturn|p2a: Conkeldurr|Wide Guard\n|move|p1a: Incineroar|Fake Out|p2a: Conkeldurr\n|-damage|p2a: Conkeldurr|54/100\n|move|p2b: Cofagrigus|Shadow Ball|p1b: Kommo-o\n|-damage|p1b: Kommo-o|29/100\n|-unboost|p1b: Kommo-o|spd|1\n|move|p1b: Kommo-o|Clanging Scales|p2b: Cofagrigus|[spread] \n|-activate|p2a: Conkeldurr|move: Wide Guard\n|-activate|p2b: Cofagrigus|move: Wide Guard\n|\n|upkeep\n|turn|5\n|-message|azumarillsky forfeited.\n|\n|win|Niko highway\n|raw|azumarillsky's rating: 1436 &rarr; <strong>1413</strong><br />(-23 for losing)\n|raw|Niko highway's rating: 1383 &rarr; <strong>1406</strong><br />(+23 for winning)\n|l|\u2606azumarillsky\n|player|p1|\n",
  "uploadtime": 1776088436,
  "views": 80,
  "formatid": "gen9championsvgc2026regma",
  "rating": 1406,
  "private": 0,
  "password": null
}