{
  "id": "gen9championsvgc2026regma-2587425837",
  "format": "[Gen 9 Champions] VGC 2026 Reg M-A",
  "players": [
    "Boomboompow202",
    "BearTigerShroom"
  ],
  "log": "|j|\u2606Boomboompow202\n|j|\u2606BearTigerShroom\n|t:|1776530777\n|gametype|doubles\n|player|p1|Boomboompow202|265|1063\n|player|p2|BearTigerShroom|skier|1111\n|gen|9\n|tier|[Gen 9 Champions] VGC 2026 Reg M-A\n|rated|\n|rule|Species Clause: Limit one of each Pok\u00e9mon\n|rule|Item Clause: Limit 1 of each item\n|clearpoke\n|poke|p1|Aerodactyl, L50, F|\n|poke|p1|Sneasler, L50, M|\n|poke|p1|Farigiraf, L50, F|\n|poke|p1|Kingambit, L50, M|\n|poke|p1|Glimmora, L50, F|\n|poke|p1|Basculegion, L50, M|\n|poke|p2|Meowscarada, L50, M|\n|poke|p2|Primarina, L50, F|\n|poke|p2|Gengar, L50, F|\n|poke|p2|Floette-Eternal, L50, F|\n|poke|p2|Incineroar, L50, M|\n|poke|p2|Dragapult, L50, F|\n|teampreview|4\n|inactive|Battle timer is ON: inactive players will automatically lose when time's up. (requested by BearTigerShroom)\n|\n|t:|1776530807\n|teamsize|p1|4\n|teamsize|p2|4\n|start\n|switch|p1a: Aerodactyl|Aerodactyl, L50, F|100/100\n|switch|p1b: Kingambit|Kingambit, L50, M|100/100\n|switch|p2a: Meowscarada|Meowscarada, L50, M|100/100\n|switch|p2b: Dragapult|Dragapult, L50, F|100/100\n|-ability|p1a: Aerodactyl|Unnerve\n|turn|1\n|\n|t:|1776530822\n|move|p1b: Kingambit|Sucker Punch||[still]\n|-fail|p1b: Kingambit\n|move|p2a: Meowscarada|Knock Off|p1a: Aerodactyl\n|-start|p2a: Meowscarada|typechange|Dark|[from] ability: Protean\n|-crit|p1a: Aerodactyl\n|-enditem|p1a: Aerodactyl|Focus Sash\n|-damage|p1a: Aerodactyl|1/100\n|move|p1a: Aerodactyl|Tailwind|p1a: Aerodactyl\n|-sidestart|p1: Boomboompow202|move: Tailwind\n|move|p2b: Dragapult|Reflect|p2b: Dragapult\n|-sidestart|p2: BearTigerShroom|Reflect\n|\n|upkeep\n|turn|2\n|inactive|BearTigerShroom has 30 seconds left.\n|\n|t:|1776530853\n|switch|p1a: Glimmora|Glimmora, L50, F|100/100\n|switch|p2a: Gengar|Gengar, L50, F|100/100\n|move|p2b: Dragapult|Dragon Darts|p1a: Glimmora\n|-damage|p1a: Glimmora|72/100\n|-activate|p1a: Glimmora|ability: Toxic Debris\n|-sidestart|p2: BearTigerShroom|move: Toxic Spikes\n|-anim|p2b: Dragapult|Dragon Darts|p1b: Kingambit\n|-resisted|p1b: Kingambit|1\n|-damage|p1b: Kingambit|90/100\n|move|p1b: Kingambit|Kowtow Cleave|p2b: Dragapult\n|-supereffective|p2b: Dragapult|1\n|-damage|p2b: Dragapult|18/100\n|\n|upkeep\n|turn|3\n|\n|t:|1776530878\n|detailschange|p1a: Glimmora|Glimmora-Mega, L50, F\n|-mega|p1a: Glimmora|Glimmora|Glimmoranite\n|detailschange|p2a: Gengar|Gengar-Mega, L50, F\n|-mega|p2a: Gengar|Gengar|Gengarite\n|move|p2a: Gengar|Protect|p2a: Gengar\n|-singleturn|p2a: Gengar|Protect\n|move|p1a: Glimmora|Earth Power|p2a: Gengar\n|-activate|p2a: Gengar|move: Protect\n|move|p2b: Dragapult|Psychic Fangs|p1a: Glimmora\n|-supereffective|p1a: Glimmora|1\n|-damage|p1a: Glimmora|8/100\n|move|p1b: Kingambit|Kowtow Cleave|p2b: Dragapult\n|-supereffective|p2b: Dragapult|1\n|-damage|p2b: Dragapult|0 fnt\n|faint|p2b: Dragapult\n|\n|upkeep\n|c|\u2606BearTigerShroom|u shuld sucker punched\n|\n|t:|1776530897\n|switch|p2b: Incineroar|Incineroar, L50, M|100/100\n|-status|p2b: Incineroar|psn\n|-ability|p2b: Incineroar|Intimidate|boost\n|-unboost|p1a: Glimmora|atk|1\n|-unboost|p1b: Kingambit|atk|1\n|-ability|p1b: Kingambit|Defiant|boost\n|-boost|p1b: Kingambit|atk|2\n|turn|4\n|\n|t:|1776530911\n|switch|p2a: Meowscarada|Meowscarada, L50, M|100/100\n|-status|p2a: Meowscarada|psn\n|move|p2b: Incineroar|Fake Out|p1a: Glimmora\n|-resisted|p1a: Glimmora|1\n|-damage|p1a: Glimmora|1/100\n|cant|p1a: Glimmora|flinch\n|move|p1b: Kingambit|Kowtow Cleave|p2a: Meowscarada\n|-resisted|p2a: Meowscarada|1\n|-damage|p2a: Meowscarada|65/100 psn\n|\n|-damage|p2a: Meowscarada|53/100 psn|[from] psn\n|-damage|p2b: Incineroar|88/100 psn|[from] psn\n|-sideend|p1: Boomboompow202|move: Tailwind\n|upkeep\n|turn|5\n|inactive|Boomboompow202 has 30 seconds left.\n|inactive|BearTigerShroom has 30 seconds left.\n|\n|t:|1776530941\n|move|p1a: Glimmora|Spiky Shield|p1a: Glimmora\n|-singleturn|p1a: Glimmora|move: Protect\n|move|p1b: Kingambit|Sucker Punch|p2a: Meowscarada\n|-resisted|p2a: Meowscarada|1\n|-damage|p2a: Meowscarada|23/100 psn\n|move|p2a: Meowscarada|Brick Break|p1b: Kingambit\n|-start|p2a: Meowscarada|typechange|Fighting|[from] ability: Protean\n|-supereffective|p1b: Kingambit|2\n|-enditem|p1b: Kingambit|Chople Berry|[eat]\n|-enditem|p1b: Kingambit|Chople Berry|[weaken]\n|-damage|p1b: Kingambit|27/100\n|move|p2b: Incineroar|Flare Blitz|p1a: Glimmora\n|-activate|p1a: Glimmora|move: Protect\n|-damage|p2b: Incineroar|76/100 psn|[from] Spiky Shield|[of] p1a: Glimmora\n|\n|-damage|p2a: Meowscarada|11/100 psn|[from] psn\n|-damage|p2b: Incineroar|64/100 psn|[from] psn\n|-sideend|p2: BearTigerShroom|Reflect\n|upkeep\n|turn|6\n|inactive|Boomboompow202 has 30 seconds left.\n|\n|t:|1776530967\n|switch|p2a: Gengar|Gengar-Mega, L50, F|100/100\n|-sideend|p2: BearTigerShroom|move: Toxic Spikes|[of] p2a: Gengar\n|move|p1b: Kingambit|Sucker Punch||[still]\n|-fail|p1b: Kingambit\n|move|p1a: Glimmora|Earth Power|p2b: Incineroar\n|-supereffective|p2b: Incineroar|1\n|-damage|p2b: Incineroar|0 fnt\n|faint|p2b: Incineroar\n|\n|upkeep\n|\n|t:|1776530976\n|switch|p2b: Meowscarada|Meowscarada, L50, M|11/100 psn\n|turn|7\n|inactive|BearTigerShroom has 30 seconds left.\n|\n|t:|1776531002\n|move|p1a: Glimmora|Spiky Shield|p1a: Glimmora\n|-singleturn|p1a: Glimmora|move: Protect\n|move|p1b: Kingambit|Sucker Punch|p2b: Meowscarada\n|-resisted|p2b: Meowscarada|1\n|-damage|p2b: Meowscarada|0 fnt\n|faint|p2b: Meowscarada\n|move|p2a: Gengar|Shadow Ball|p1a: Glimmora\n|-activate|p1a: Glimmora|move: Protect\n|\n|upkeep\n|turn|8\n|-message|BearTigerShroom forfeited.\n|\n|win|Boomboompow202\n",
  "uploadtime": 1776530894,
  "views": 12,
  "formatid": "gen9championsvgc2026regma",
  "rating": null,
  "private": 0,
  "password": null
}