{
  "id": "gen9championsvgc2026regma-2587510905",
  "format": "[Gen 9 Champions] VGC 2026 Reg M-A",
  "players": [
    "gymleaderirish",
    "mars23456"
  ],
  "log": "|j|\u2606gymleaderirish\n|j|\u2606mars23456\n|t:|1776538021\n|gametype|doubles\n|player|p1|gymleaderirish|eusine|1523\n|player|p2|mars23456|ingo|1633\n|gen|9\n|tier|[Gen 9 Champions] VGC 2026 Reg M-A\n|rated|\n|rule|Species Clause: Limit one of each Pok\u00e9mon\n|rule|Item Clause: Limit 1 of each item\n|clearpoke\n|poke|p1|Sneasler, L50, F, shiny|\n|poke|p1|Blastoise, L50, M, shiny|\n|poke|p1|Garchomp, L50, M|\n|poke|p1|Aerodactyl, L50, M|\n|poke|p1|Sylveon, L50, M|\n|poke|p1|Sinistcha, L50|\n|poke|p2|Pelipper, L50, F|\n|poke|p2|Archaludon, L50, M|\n|poke|p2|Floette-Eternal, L50, F|\n|poke|p2|Basculegion, L50, M|\n|poke|p2|Gengar, L50, F|\n|poke|p2|Ninetales-Alola, L50, F|\n|teampreview|4\n|inactive|Battle timer is ON: inactive players will automatically lose when time's up. (requested by mars23456)\n|inactive|gymleaderirish also wants the timer to be on.\nmars23456 has agreed to open team sheets.\n|inactive|mars23456 has 60 seconds left.\n|\n|t:|1776538066\n|teamsize|p1|4\n|teamsize|p2|4\n|start\n|switch|p1a: Sneasler|Sneasler, L50, F, shiny|100/100\n|switch|p1b: Aerodactyl|Aerodactyl, L50, M|100/100\n|switch|p2a: Archaludon|Archaludon, L50, M|100/100\n|switch|p2b: Pelipper|Pelipper, L50, F|100/100\n|-ability|p1b: Aerodactyl|Unnerve\n|-weather|RainDance|[from] ability: Drizzle|[of] p2b: Pelipper\n|turn|1\n|inactive|gymleaderirish has 30 seconds left.\n|\n|t:|1776538093\n|move|p1a: Sneasler|Fake Out|p2a: Archaludon\n|-resisted|p2a: Archaludon|1\n|-damage|p2a: Archaludon|94/100\n|move|p1b: Aerodactyl|Tailwind|p1b: Aerodactyl\n|-sidestart|p1: gymleaderirish|move: Tailwind\n|cant|p2a: Archaludon|flinch\n|move|p2b: Pelipper|Tailwind|p2b: Pelipper\n|-sidestart|p2: mars23456|move: Tailwind\n|\n|-weather|RainDance|[upkeep]\n|upkeep\n|turn|2\n|\n|t:|1776538111\n|move|p2a: Archaludon|Protect|p2a: Archaludon\n|-singleturn|p2a: Archaludon|Protect\n|move|p1b: Aerodactyl|Rock Slide|p2b: Pelipper|[spread] p2b\n|-activate|p2a: Archaludon|move: Protect\n|-supereffective|p2b: Pelipper|1\n|-damage|p2b: Pelipper|46/100\n|move|p1a: Sneasler|Close Combat|p2a: Archaludon\n|-activate|p2a: Archaludon|move: Protect\n|move|p2b: Pelipper|Weather Ball|p1a: Sneasler\n|-damage|p1a: Sneasler|18/100\n|\n|-weather|RainDance|[upkeep]\n|upkeep\n|turn|3\n|\n|t:|1776538126\n|switch|p2a: Basculegion|Basculegion, L50, M|100/100\n|move|p1b: Aerodactyl|Rock Slide|p2b: Pelipper|[spread] p2a,p2b\n|-supereffective|p2b: Pelipper|1\n|-damage|p2a: Basculegion|65/100\n|-damage|p2b: Pelipper|0 fnt\n|faint|p2b: Pelipper\n|move|p1a: Sneasler|Close Combat|p2a: Basculegion\n|-immune|p2a: Basculegion\n|\n|-weather|RainDance|[upkeep]\n|upkeep\n|\n|t:|1776538128\n|switch|p2b: Archaludon|Archaludon, L50, M|94/100\n|turn|4\n|\n|t:|1776538147\n|move|p1a: Sneasler|Protect|p1a: Sneasler\n|-singleturn|p1a: Sneasler|Protect\n|move|p2a: Basculegion|Last Respects|p1a: Sneasler\n|-activate|p1a: Sneasler|move: Protect\n|move|p1b: Aerodactyl|Rock Slide|p2b: Archaludon|[spread] p2a\n|-miss|p1b: Aerodactyl|p2b: Archaludon\n|-damage|p2a: Basculegion|31/100\n|move|p2b: Archaludon|Electro Shot||[still]\n|-prepare|p2b: Archaludon|Electro Shot\n|-boost|p2b: Archaludon|spa|1\n|-anim|p2b: Archaludon|Electro Shot|p1b: Aerodactyl\n|-supereffective|p1b: Aerodactyl|1\n|-enditem|p1b: Aerodactyl|Focus Sash\n|-damage|p1b: Aerodactyl|1/100\n|\n|-weather|RainDance|[upkeep]\n|-sideend|p2: mars23456|move: Tailwind\n|-sideend|p1: gymleaderirish|move: Tailwind\n|upkeep\n|turn|5\n|inactive|gymleaderirish has 30 seconds left.\n|inactive|mars23456 has 30 seconds left.\n|\n|t:|1776538179\n|switch|p1a: Sinistcha|Sinistcha, L50|100/100\n|-heal|p1b: Aerodactyl|26/100|[from] ability: Hospitality|[of] p1a: Sinistcha\n|move|p1b: Aerodactyl|Protect|p1b: Aerodactyl\n|-singleturn|p1b: Aerodactyl|Protect\n|move|p2a: Basculegion|Last Respects|p1a: Sinistcha\n|-supereffective|p1a: Sinistcha|1\n|-damage|p1a: Sinistcha|2/100\n|-enditem|p1a: Sinistcha|Sitrus Berry|[eat]\n|-heal|p1a: Sinistcha|26/100|[from] item: Sitrus Berry\n|move|p2b: Archaludon|Flash Cannon|p1b: Aerodactyl\n|-activate|p1b: Aerodactyl|move: Protect\n|\n|-weather|none\n|upkeep\n|turn|6\n|\n|t:|1776538200\n|move|p2a: Basculegion|Protect|p2a: Basculegion\n|-singleturn|p2a: Basculegion|Protect\n|move|p1b: Aerodactyl|Rock Slide|p2b: Archaludon|[spread] p2b\n|-activate|p2a: Basculegion|move: Protect\n|-resisted|p2b: Archaludon|1\n|-damage|p2b: Archaludon|83/100\n|cant|p2b: Archaludon|flinch\n|move|p1a: Sinistcha|Trick Room|p1a: Sinistcha\n|-fieldstart|move: Trick Room|[of] p1a: Sinistcha\n|\n|upkeep\n|turn|7\n|\n|t:|1776538217\n|move|p2a: Basculegion|Aqua Jet|p1b: Aerodactyl\n|-supereffective|p1b: Aerodactyl|1\n|-damage|p1b: Aerodactyl|0 fnt\n|faint|p1b: Aerodactyl\n|move|p1a: Sinistcha|Matcha Gotcha|p2b: Archaludon|[spread] p2a,p2b\n|-supereffective|p2a: Basculegion|1\n|-resisted|p2b: Archaludon|2\n|-damage|p2a: Basculegion|0 fnt\n|-heal|p1a: Sinistcha|43/100|[from] drain|[of] p2a: Basculegion\n|-damage|p2b: Archaludon|73/100\n|-heal|p1a: Sinistcha|48/100|[from] drain|[of] p2b: Archaludon\n|faint|p2a: Basculegion\n|move|p2b: Archaludon|Flash Cannon|p1a: Sinistcha\n|-damage|p1a: Sinistcha|0 fnt\n|faint|p1a: Sinistcha\n|\n|upkeep\n|\n|t:|1776538222\n|switch|p1a: Sneasler|Sneasler, L50, F, shiny|18/100\n|switch|p2a: Floette|Floette-Eternal, L50, F|100/100\n|switch|p1b: Blastoise|Blastoise, L50, M, shiny|100/100\n|turn|8\n|\n|t:|1776538234\n|detailschange|p1b: Blastoise|Blastoise-Mega, L50, M, shiny\n|-mega|p1b: Blastoise|Blastoise|Blastoisinite\n|detailschange|p2a: Floette|Floette-Mega, L50, F\n|-mega|p2a: Floette|Floette|Floettite\n|-ability|p2a: Floette|Fairy Aura\n|move|p1b: Blastoise|Protect|p1b: Blastoise\n|-singleturn|p1b: Blastoise|Protect\n|move|p2b: Archaludon|Protect|p2b: Archaludon\n|-singleturn|p2b: Archaludon|Protect\n|move|p2a: Floette|Protect|p2a: Floette\n|-singleturn|p2a: Floette|Protect\n|move|p1a: Sneasler|Dire Claw|p2a: Floette\n|-activate|p2a: Floette|move: Protect\n|\n|upkeep\n|turn|9\n|\n|t:|1776538252\n|move|p1b: Blastoise|Water Spout|p2b: Archaludon|[spread] p2a,p2b\n|-crit|p2a: Floette\n|-resisted|p2b: Archaludon|1\n|-damage|p2a: Floette|12/100\n|-damage|p2b: Archaludon|20/100\n|move|p2b: Archaludon|Draco Meteor|p1b: Blastoise\n|-damage|p1b: Blastoise|11/100\n|-unboost|p2b: Archaludon|spa|2\n|-enditem|p2b: Archaludon|White Herb\n|-clearnegativeboost|p2b: Archaludon|[silent]\n|move|p1a: Sneasler|Dire Claw|p2a: Floette\n|-supereffective|p2a: Floette|1\n|-damage|p2a: Floette|0 fnt\n|faint|p2a: Floette\n|\n|upkeep\n|turn|10\n|inactive|mars23456 has 30 seconds left.\n|\n|t:|1776538279\n|move|p1a: Sneasler|Protect|p1a: Sneasler\n|-singleturn|p1a: Sneasler|Protect\n|move|p1b: Blastoise|Dark Pulse|p2b: Archaludon\n|-damage|p2b: Archaludon|0 fnt\n|faint|p2b: Archaludon\n|\n|win|gymleaderirish\n|raw|gymleaderirish's rating: 1523 &rarr; <strong>1549</strong><br />(+26 for winning)\n|raw|mars23456's rating: 1633 &rarr; <strong>1607</strong><br />(-26 for losing)\n|c|\u2606mars23456|gg wp\n|c|\u2606gymleaderirish|gg\n|l|\u2606mars23456\n|player|p2|\n|c|\u2606gymleaderirish|was that max speed basc\n",
  "uploadtime": 1776539500,
  "views": 39,
  "formatid": "gen9championsvgc2026regma",
  "rating": 1549,
  "private": 0,
  "password": null
}