{
  "id": "gen9championsvgc2026regma-2581714079",
  "format": "[Gen 9 Champions] VGC 2026 Reg M-A",
  "players": [
    "Lioxim",
    "ika_shinobi"
  ],
  "log": "|j|\u2606Lioxim\n|j|\u2606ika_shinobi\n|t:|1776022785\n|gametype|doubles\n|player|p1|Lioxim|170|1252\n|player|p2|ika_shinobi|102|1319\n|gen|9\n|tier|[Gen 9 Champions] VGC 2026 Reg M-A\n|rated|\n|rule|Species Clause: Limit one of each Pok\u00e9mon\n|rule|Item Clause: Limit 1 of each item\n|clearpoke\n|poke|p1|Tyranitar, L50, M|\n|poke|p1|Rotom-Wash, L50|\n|poke|p1|Garchomp, L50, F|\n|poke|p1|Aerodactyl, L50, M|\n|poke|p1|Sinistcha, L50|\n|poke|p1|Sneasler, L50, M|\n|poke|p2|Gallade, L50, M|\n|poke|p2|Kingambit, L50, M|\n|poke|p2|Incineroar, L50, M|\n|poke|p2|Farigiraf, L50, F|\n|poke|p2|Gardevoir, L50, M|\n|poke|p2|Rotom-Wash, L50|\n|teampreview|4\n|inactive|Battle timer is ON: inactive players will automatically lose when time's up. (requested by Lioxim)\n|inactiveoff|Battle timer is now OFF.\n|\n|t:|1776022818\n|teamsize|p1|4\n|teamsize|p2|4\n|start\n|switch|p1a: Tyranitar|Tyranitar, L50, M|100/100\n|switch|p1b: Sneasler|Sneasler, L50, M|100/100\n|switch|p2a: Incineroar|Incineroar, L50, M|100/100\n|switch|p2b: Farigiraf|Farigiraf, L50, F|100/100\n|-weather|Sandstorm|[from] ability: Sand Stream|[of] p1a: Tyranitar\n|-ability|p2a: Incineroar|Intimidate|boost\n|-unboost|p1a: Tyranitar|atk|1\n|-unboost|p1b: Sneasler|atk|1\n|-enditem|p1b: Sneasler|White Herb\n|-clearnegativeboost|p1b: Sneasler|[silent]\n|turn|1\n|\n|t:|1776022833\n|detailschange|p1a: Tyranitar|Tyranitar-Mega, L50, M\n|-mega|p1a: Tyranitar|Tyranitar|Tyranitarite\n|move|p2a: Incineroar|Fake Out|p1a: Tyranitar\n|-resisted|p1a: Tyranitar|1\n|-damage|p1a: Tyranitar|97/100\n|move|p1b: Sneasler|Close Combat|p2a: Incineroar\n|-supereffective|p2a: Incineroar|1\n|-damage|p2a: Incineroar|0 fnt\n|-unboost|p1b: Sneasler|def|1\n|-unboost|p1b: Sneasler|spd|1\n|faint|p2a: Incineroar\n|cant|p1a: Tyranitar|flinch\n|move|p2b: Farigiraf|Trick Room|p2b: Farigiraf\n|-fieldstart|move: Trick Room|[of] p2b: Farigiraf\n|\n|-weather|Sandstorm|[upkeep]\n|-damage|p2b: Farigiraf|94/100|[from] Sandstorm\n|-damage|p1b: Sneasler|95/100|[from] Sandstorm\n|upkeep\n|inactive|Battle timer is ON: inactive players will automatically lose when time's up. (requested by Lioxim)\n|\n|t:|1776022869\n|switch|p2a: Gardevoir|Gardevoir, L50, M|100/100\n|turn|2\n|\n|t:|1776022881\n|detailschange|p2a: Gardevoir|Gardevoir-Mega, L50, M\n|-mega|p2a: Gardevoir|Gardevoir|Gardevoirite\n|move|p1a: Tyranitar|Protect|p1a: Tyranitar\n|-singleturn|p1a: Tyranitar|Protect\n|move|p1b: Sneasler|Protect|p1b: Sneasler\n|-singleturn|p1b: Sneasler|Protect\n|move|p2b: Farigiraf|Psychic|p1b: Sneasler\n|-activate|p1b: Sneasler|move: Protect\n|move|p2a: Gardevoir|Hyper Voice|p1b: Sneasler|[spread] \n|-activate|p1a: Tyranitar|move: Protect\n|-activate|p1b: Sneasler|move: Protect\n|\n|-weather|Sandstorm|[upkeep]\n|-damage|p2b: Farigiraf|88/100|[from] Sandstorm\n|-damage|p2a: Gardevoir|95/100|[from] Sandstorm\n|-damage|p1b: Sneasler|89/100|[from] Sandstorm\n|upkeep\n|turn|3\n|inactive|Lioxim has 30 seconds left.\n|inactive|Lioxim has 20 seconds left.\n|\n|t:|1776022921\n|switch|p1a: Garchomp|Garchomp, L50, F|100/100\n|move|p2b: Farigiraf|Psychic|p1b: Sneasler\n|-supereffective|p1b: Sneasler|2\n|-damage|p1b: Sneasler|0 fnt\n|faint|p1b: Sneasler\n|move|p2a: Gardevoir|Hyper Voice|p1a: Garchomp|[miss]\n|-miss|p2a: Gardevoir|p1a: Garchomp\n|\n|-weather|Sandstorm|[upkeep]\n|-damage|p2b: Farigiraf|82/100|[from] Sandstorm\n|-damage|p2a: Gardevoir|89/100|[from] Sandstorm\n|upkeep\n|\n|t:|1776022932\n|switch|p1b: Tyranitar|Tyranitar-Mega, L50, M|97/100\n|turn|4\n|c|\u2606ika_shinobi|ha ha\n|\n|t:|1776022960\n|move|p1b: Tyranitar|Protect|p1b: Tyranitar\n|-singleturn|p1b: Tyranitar|Protect\n|move|p2b: Farigiraf|Psychic|p1a: Garchomp|[miss]\n|-miss|p2b: Farigiraf|p1a: Garchomp\n|move|p2a: Gardevoir|Hyper Voice|p1a: Garchomp|[spread] \n|-activate|p1b: Tyranitar|move: Protect\n|-miss|p2a: Gardevoir|p1a: Garchomp\n|move|p1a: Garchomp|Poison Jab|p2a: Gardevoir\n|-supereffective|p2a: Gardevoir|1\n|-damage|p2a: Gardevoir|16/100\n|\n|-weather|Sandstorm|[upkeep]\n|-damage|p2b: Farigiraf|76/100|[from] Sandstorm\n|-damage|p2a: Gardevoir|10/100|[from] Sandstorm\n|upkeep\n|turn|5\n|c|\u2606ika_shinobi|wut\n|\n|t:|1776022984\n|move|p1a: Garchomp|Protect|p1a: Garchomp\n|-singleturn|p1a: Garchomp|Protect\n|move|p2b: Farigiraf|Psychic|p1a: Garchomp\n|-activate|p1a: Garchomp|move: Protect\n|move|p1b: Tyranitar|Knock Off|p2b: Farigiraf\n|-supereffective|p2b: Farigiraf|1\n|-damage|p2b: Farigiraf|0 fnt\n|-enditem|p2b: Farigiraf|Mental Herb|[from] move: Knock Off|[of] p1b: Tyranitar\n|faint|p2b: Farigiraf\n|move|p2a: Gardevoir|Hyper Voice|p1b: Tyranitar|[spread] p1b\n|-activate|p1a: Garchomp|move: Protect\n|-supereffective|p1b: Tyranitar|1\n|-damage|p1b: Tyranitar|48/100\n|\n|-weather|none\n|-fieldend|move: Trick Room\n|upkeep\n|\n|t:|1776022987\n|switch|p2b: Gallade|Gallade, L50, M|100/100\n|turn|6\n|inactive|Lioxim has 30 seconds left.\n|inactive|ika_shinobi has 30 seconds left.\n|\n|t:|1776023020\n|switch|p1b: Sinistcha|Sinistcha, L50|100/100\n|move|p2a: Gardevoir|Protect|p2a: Gardevoir\n|-singleturn|p2a: Gardevoir|Protect\n|move|p1a: Garchomp|Earthquake|p2b: Gallade|[spread] p1b,p2b\n|-activate|p2a: Gardevoir|move: Protect\n|-resisted|p1b: Sinistcha|1\n|-damage|p1b: Sinistcha|84/100\n|-damage|p2b: Gallade|38/100\n|move|p2b: Gallade|Trick Room|p2b: Gallade\n|-fieldstart|move: Trick Room|[of] p2b: Gallade\n|\n|-heal|p1b: Sinistcha|90/100|[from] item: Leftovers\n|upkeep\n|turn|7\n|\n|t:|1776023038\n|move|p1a: Garchomp|Protect|p1a: Garchomp\n|-singleturn|p1a: Garchomp|Protect\n|move|p2b: Gallade|Sacred Sword|p1b: Sinistcha\n|-immune|p1b: Sinistcha\n|move|p1b: Sinistcha|Matcha Gotcha|p2b: Gallade|[spread] p2a,p2b\n|-damage|p2a: Gardevoir|0 fnt\n|-heal|p1b: Sinistcha|95/100|[from] drain|[of] p2a: Gardevoir\n|-damage|p2b: Gallade|17/100\n|-heal|p1b: Sinistcha|100/100|[from] drain|[of] p2b: Gallade\n|faint|p2a: Gardevoir\n|\n|upkeep\n|turn|8\n|c|\u2606ika_shinobi|ggs\n|-message|ika_shinobi forfeited.\n|\n|win|Lioxim\n|raw|Lioxim's rating: 1252 &rarr; <strong>1282</strong><br />(+30 for winning)\n|raw|ika_shinobi's rating: 1319 &rarr; <strong>1295</strong><br />(-24 for losing)\n|l|\u2606ika_shinobi\n|player|p2|\n",
  "uploadtime": 1776023059,
  "views": 27,
  "formatid": "gen9championsvgc2026regma",
  "rating": 1282,
  "private": 0,
  "password": null
}