{
  "id": "gen9championsvgc2026regma-2581065497",
  "format": "[Gen 9 Champions] VGC 2026 Reg M-A",
  "players": [
    "DanceGym1",
    "bingzheguidaoye"
  ],
  "log": "|j|\u2606DanceGym1\n|j|\u2606bingzheguidaoye\n|t:|1775956586\n|gametype|doubles\n|player|p1|DanceGym1|wallace-masters|1121\n|player|p2|bingzheguidaoye|266|1199\n|gen|9\n|tier|[Gen 9 Champions] VGC 2026 Reg M-A\n|rated|\n|rule|Species Clause: Limit one of each Pok\u00e9mon\n|rule|Item Clause: Limit 1 of each item\n|clearpoke\n|poke|p1|Golurk, L50|\n|poke|p1|Tyranitar, L50, M|\n|poke|p1|Excadrill, L50, F|\n|poke|p1|Sinistcha-Masterpiece, L50|\n|poke|p1|Kingambit, L50, M|\n|poke|p1|Empoleon, L50, F|\n|poke|p2|Aerodactyl, L50, M|\n|poke|p2|Incineroar, L50, F|\n|poke|p2|Floette-Eternal, L50, F|\n|poke|p2|Basculegion, L50, M|\n|poke|p2|Garchomp, L50, M|\n|poke|p2|Sneasler, L50, F|\n|teampreview|4\nDanceGym1 rejected open team sheets.\n|inactive|Battle timer is ON: inactive players will automatically lose when time's up. (requested by DanceGym1)\n|inactive|bingzheguidaoye has 60 seconds left.\n|\n|t:|1775956640\n|teamsize|p1|4\n|teamsize|p2|4\n|start\n|switch|p1a: Excadrill|Excadrill, L50, F|100/100\n|switch|p1b: Kingambit|Kingambit, L50, M|100/100\n|switch|p2a: Basculegion|Basculegion, L50, M|100/100\n|switch|p2b: Sneasler|Sneasler, L50, F|100/100\n|turn|1\n|\n|t:|1775956659\n|switch|p2a: Floette|Floette-Eternal, L50, F|100/100\n|move|p1a: Excadrill|High Horsepower|p2b: Sneasler\n|-supereffective|p2b: Sneasler|1\n|-damage|p2b: Sneasler|0 fnt\n|faint|p2b: Sneasler\n|move|p1b: Kingambit|Kowtow Cleave|p2a: Floette\n|-resisted|p2a: Floette|1\n|-damage|p2a: Floette|51/100\n|\n|upkeep\n|\n|t:|1775956669\n|switch|p2b: Basculegion|Basculegion, L50, M|100/100\n|turn|2\n|\n|t:|1775956675\n|detailschange|p2a: Floette|Floette-Mega, L50, F\n|-mega|p2a: Floette|Floette|Floettite\n|-ability|p2a: Floette|Fairy Aura\n|move|p2b: Basculegion|Wave Crash|p1a: Excadrill\n|-supereffective|p1a: Excadrill|1\n|-damage|p1a: Excadrill|0 fnt\n|faint|p1a: Excadrill\n|-damage|p2b: Basculegion|69/100|[from] Recoil\n|move|p2a: Floette|Light of Ruin|p1b: Kingambit\n|-damage|p1b: Kingambit|0 fnt\n|faint|p1b: Kingambit\n|-damage|p2a: Floette|0 fnt|[from] Recoil\n|faint|p2a: Floette\n|\n|upkeep\n|\n|t:|1775956689\n|switch|p2a: Incineroar|Incineroar, L50, F|100/100\n|switch|p1a: Tyranitar|Tyranitar, L50, M|100/100\n|switch|p1b: Golurk|Golurk, L50|100/100\n|-weather|Sandstorm|[from] ability: Sand Stream|[of] p1a: Tyranitar\n|-ability|p2a: Incineroar|Intimidate|boost\n|-unboost|p1a: Tyranitar|atk|1\n|-unboost|p1b: Golurk|atk|1\n|turn|3\n|\n|t:|1775956704\n|detailschange|p1b: Golurk|Golurk-Mega, L50\n|-mega|p1b: Golurk|Golurk|Golurkite\n|move|p2a: Incineroar|Helping Hand|p2b: Basculegion\n|-singleturn|p2b: Basculegion|Helping Hand|[of] p2a: Incineroar\n|move|p2b: Basculegion|Wave Crash|p1b: Golurk\n|-supereffective|p1b: Golurk|1\n|-damage|p1b: Golurk|0 fnt\n|faint|p1b: Golurk\n|-damage|p2b: Basculegion|35/100|[from] Recoil\n|move|p1a: Tyranitar|Crunch|p2b: Basculegion\n|-supereffective|p2b: Basculegion|1\n|-damage|p2b: Basculegion|0 fnt\n|faint|p2b: Basculegion\n|\n|-weather|Sandstorm|[upkeep]\n|-damage|p2a: Incineroar|95/100|[from] Sandstorm\n|upkeep\n|turn|4\n|inactive|DanceGym1 has 30 seconds left.\n|\n|t:|1775956729\n|move|p1a: Tyranitar|Earthquake|p2a: Incineroar\n|-supereffective|p2a: Incineroar|1\n|-damage|p2a: Incineroar|43/100\n|-enditem|p2a: Incineroar|Sitrus Berry|[eat]\n|-heal|p2a: Incineroar|68/100|[from] item: Sitrus Berry\n|move|p2a: Incineroar|Flare Blitz|p1a: Tyranitar\n|-resisted|p1a: Tyranitar|1\n|-damage|p1a: Tyranitar|83/100\n|-damage|p2a: Incineroar|62/100|[from] Recoil\n|\n|-weather|Sandstorm|[upkeep]\n|-damage|p2a: Incineroar|56/100|[from] Sandstorm\n|-heal|p1a: Tyranitar|89/100|[from] item: Leftovers\n|upkeep\n|turn|5\n|inactive|bingzheguidaoye has 30 seconds left.\n|\n|t:|1775956758\n|move|p1a: Tyranitar|Earthquake|p2a: Incineroar\n|-supereffective|p2a: Incineroar|1\n|-damage|p2a: Incineroar|1/100\n|move|p2a: Incineroar|Flare Blitz|p1a: Tyranitar\n|-resisted|p1a: Tyranitar|1\n|-damage|p1a: Tyranitar|69/100\n|-damage|p2a: Incineroar|0 fnt|[from] Recoil\n|faint|p2a: Incineroar\n|\n|win|DanceGym1\n|raw|DanceGym1's rating: 1121 &rarr; <strong>1152</strong><br />(+31 for winning)\n|raw|bingzheguidaoye's rating: 1199 &rarr; <strong>1168</strong><br />(-31 for losing)\n|l|\u2606bingzheguidaoye\n|player|p2|\n",
  "uploadtime": 1775956767,
  "views": 17,
  "formatid": "gen9championsvgc2026regma",
  "rating": 1152,
  "private": 0,
  "password": null
}