{
  "id": "gen9championsvgc2026regma-2581785280",
  "format": "[Gen 9 Champions] VGC 2026 Reg M-A",
  "players": [
    "Ivanramiro",
    "Arcadia Yune"
  ],
  "log": "|j|\u2606Ivanramiro\n|j|\u2606Arcadia Yune\n|t:|1776028224\n|gametype|doubles\n|player|p1|Ivanramiro|hoopster|1140\n|player|p2|Arcadia Yune|li|1136\n|gen|9\n|tier|[Gen 9 Champions] VGC 2026 Reg M-A\n|rated|\n|rule|Species Clause: Limit one of each Pok\u00e9mon\n|rule|Item Clause: Limit 1 of each item\n|clearpoke\n|poke|p1|Raichu, L50, M|\n|poke|p1|Kingambit, L50, M|\n|poke|p1|Charizard, L50, M|\n|poke|p1|Primarina, L50, M|\n|poke|p1|Incineroar, L50, M|\n|poke|p1|Dragapult, L50, M|\n|poke|p2|Pelipper, L50, M|\n|poke|p2|Archaludon, L50, M|\n|poke|p2|Dragonite, L50, M|\n|poke|p2|Sinistcha, L50|\n|poke|p2|Basculegion, L50, M|\n|poke|p2|Sneasler, L50, M|\n|teampreview|4\nArcadia Yune rejected open team sheets.\n|\n|t:|1776028259\n|teamsize|p1|4\n|teamsize|p2|4\n|start\n|switch|p1a: Raichu|Raichu, L50, M, shiny|100/100\n|switch|p1b: Charizard|Charizard, L50, M, shiny|100/100\n|switch|p2a: Pelipper|Pelipper, L50, M|100/100\n|switch|p2b: Dragonite|Dragonite, L50, M|100/100\n|-weather|RainDance|[from] ability: Drizzle|[of] p2a: Pelipper\n|turn|1\n|inactive|Battle timer is ON: inactive players will automatically lose when time's up. (requested by Ivanramiro)\n|\n|t:|1776028303\n|detailschange|p1b: Charizard|Charizard-Mega-Y, L50, M, shiny\n|-mega|p1b: Charizard|Charizard|Charizardite Y\n|-weather|SunnyDay|[from] ability: Drought|[of] p1b: Charizard\n|move|p1a: Raichu|Fake Out|p2b: Dragonite\n|-damage|p2b: Dragonite|92/100\n|move|p1b: Charizard|Air Slash|p2b: Dragonite\n|-damage|p2b: Dragonite|42/100\n|move|p2b: Dragonite|Draco Meteor|p1a: Raichu\n|-damage|p1a: Raichu|15/100\n|-unboost|p2b: Dragonite|spa|2\n|move|p2a: Pelipper|Tailwind|p2a: Pelipper\n|-sidestart|p2: Arcadia Yune|move: Tailwind\n|\n|-weather|SunnyDay|[upkeep]\n|upkeep\n|turn|2\n|inactive|Ivanramiro has 30 seconds left.\n|inactive|Arcadia Yune has 30 seconds left.\n|\n|t:|1776028335\n|switch|p1b: Incineroar|Incineroar, L50, M|100/100\n|-ability|p1b: Incineroar|Intimidate|boost\n|-unboost|p2a: Pelipper|atk|1\n|-fail|p2b: Dragonite|unboost|Attack|[from] ability: Inner Focus|[of] p2b: Dragonite\n|detailschange|p2b: Dragonite|Dragonite-Mega, L50, M\n|-mega|p2b: Dragonite|Dragonite|Dragoninite\n|move|p2b: Dragonite|Draco Meteor|p1b: Incineroar\n|-damage|p1b: Incineroar|63/100\n|-unboost|p2b: Dragonite|spa|2\n|move|p2a: Pelipper|Weather Ball|p1a: Raichu\n|-damage|p1a: Raichu|0 fnt\n|faint|p1a: Raichu\n|\n|-weather|SunnyDay|[upkeep]\n|upkeep\n|\n|t:|1776028352\n|switch|p1a: Dragapult|Dragapult, L50, M|100/100\n|turn|3\n|\n|t:|1776028376\n|move|p1b: Incineroar|Fake Out|p2b: Dragonite\n|-damage|p2b: Dragonite|31/100\n|cant|p2b: Dragonite|flinch\n|move|p2a: Pelipper|Weather Ball|p1a: Dragapult\n|-resisted|p1a: Dragapult|1\n|-damage|p1a: Dragapult|67/100\n|move|p1a: Dragapult|Dragon Darts|p2b: Dragonite\n|-supereffective|p2b: Dragonite|1\n|-damage|p2b: Dragonite|0 fnt\n|-anim|p1a: Dragapult|Dragon Darts|p2a: Pelipper\n|-damage|p2a: Pelipper|65/100\n|faint|p2b: Dragonite\n|\n|-weather|SunnyDay|[upkeep]\n|upkeep\n|\n|t:|1776028392\n|switch|p2b: Basculegion|Basculegion, L50, M|100/100\n|turn|4\n|inactive|Ivanramiro has 30 seconds left.\n|inactive|Ivanramiro has 20 seconds left.\n|inactive|Ivanramiro has 15 seconds left.\n|inactive|Ivanramiro has 10 seconds left.\n|\n|t:|1776028440\n|switch|p2a: Archaludon|Archaludon, L50, M|100/100\n|move|p2b: Basculegion|Last Respects|p1a: Dragapult\n|-supereffective|p1a: Dragapult|1\n|-damage|p1a: Dragapult|0 fnt\n|faint|p1a: Dragapult\n|move|p1b: Incineroar|Parting Shot|p2b: Basculegion\n|-unboost|p2b: Basculegion|atk|1\n|-unboost|p2b: Basculegion|spa|1\n|\n|t:|1776028449\n|switch|p1b: Charizard|Charizard-Mega-Y, L50, M, shiny|100/100|[from] Parting Shot\n|\n|-weather|SunnyDay|[upkeep]\n|-sideend|p2: Arcadia Yune|move: Tailwind\n|upkeep\n|\n|t:|1776028453\n|switch|p1a: Incineroar|Incineroar, L50, M|63/100\n|-ability|p1a: Incineroar|Intimidate|boost\n|-unboost|p2a: Archaludon|atk|1\n|-unboost|p2b: Basculegion|atk|1\n|turn|5\n|\n|t:|1776028469\n|switch|p2b: Pelipper|Pelipper, L50, M|65/100\n|-weather|RainDance|[from] ability: Drizzle|[of] p2b: Pelipper\n|move|p2a: Archaludon|Protect|p2a: Archaludon\n|-singleturn|p2a: Archaludon|Protect\n|move|p1a: Incineroar|Fake Out|p2a: Archaludon\n|-activate|p2a: Archaludon|move: Protect\n|move|p1b: Charizard|Heat Wave|p2a: Archaludon|[spread] p2b\n|-activate|p2a: Archaludon|move: Protect\n|-resisted|p2b: Pelipper|1\n|-damage|p2b: Pelipper|45/100\n|\n|-weather|RainDance|[upkeep]\n|upkeep\n|turn|6\n|\n|t:|1776028492\n|move|p1b: Charizard|Air Slash|p2b: Pelipper\n|-damage|p2b: Pelipper|0 fnt\n|faint|p2b: Pelipper\n|move|p2a: Archaludon|Electro Shot||[still]\n|-prepare|p2a: Archaludon|Electro Shot\n|-boost|p2a: Archaludon|spa|1\n|-anim|p2a: Archaludon|Electro Shot|p1b: Charizard\n|-supereffective|p1b: Charizard|1\n|-damage|p1b: Charizard|0 fnt\n|faint|p1b: Charizard\n|move|p1a: Incineroar|Darkest Lariat|p2a: Archaludon\n|-damage|p2a: Archaludon|77/100\n|-ability|p2a: Archaludon|Stamina|boost\n|-boost|p2a: Archaludon|def|1\n|\n|-weather|RainDance|[upkeep]\n|-heal|p2a: Archaludon|83/100|[from] item: Leftovers\n|upkeep\n|\n|t:|1776028506\n|switch|p2b: Basculegion|Basculegion, L50, M|100/100\n|turn|7\n|\n|t:|1776028513\n|move|p2b: Basculegion|Wave Crash|p1a: Incineroar\n|-supereffective|p1a: Incineroar|1\n|-damage|p1a: Incineroar|0 fnt\n|faint|p1a: Incineroar\n|-damage|p2b: Basculegion|79/100|[from] Recoil\n|\n|win|Arcadia Yune\n|raw|Ivanramiro's rating: 1140 &rarr; <strong>1115</strong><br />(-25 for losing)\n|raw|Arcadia Yune's rating: 1136 &rarr; <strong>1161</strong><br />(+25 for winning)\n|l|\u2606Ivanramiro\n|player|p1|\n",
  "uploadtime": 1776028624,
  "views": 23,
  "formatid": "gen9championsvgc2026regma",
  "rating": 1115,
  "private": 0,
  "password": null
}