{
  "id": "gen9championsvgc2026regma-2581552541",
  "format": "[Gen 9 Champions] VGC 2026 Reg M-A",
  "players": [
    "vousetesmesfils",
    "Tenma3167"
  ],
  "log": "|j|\u2606vousetesmesfils\n|j|\u2606Tenma3167\n|t:|1776010392\n|gametype|doubles\n|player|p1|vousetesmesfils|n|1045\n|player|p2|Tenma3167|266|1079\n|gen|9\n|tier|[Gen 9 Champions] VGC 2026 Reg M-A\n|rated|\n|rule|Species Clause: Limit one of each Pok\u00e9mon\n|rule|Item Clause: Limit 1 of each item\n|clearpoke\n|poke|p1|Gengar, L50, F|\n|poke|p1|Politoed, L50, M|\n|poke|p1|Archaludon, L50, F|\n|poke|p1|Incineroar, L50, F|\n|poke|p1|Sinistcha-Masterpiece, L50|\n|poke|p1|Beartic, L50, M|\n|poke|p2|Incineroar, L50, F|\n|poke|p2|Tyranitar, L50, F|\n|poke|p2|Excadrill, L50, M|\n|poke|p2|Sinistcha, L50|\n|poke|p2|Corviknight, L50, F|\n|poke|p2|Primarina, L50, F|\n|teampreview|4\n|inactive|Battle timer is ON: inactive players will automatically lose when time's up. (requested by vousetesmesfils)\n|inactive|vousetesmesfils has 60 seconds left.\n|inactive|Tenma3167 has 60 seconds left.\n|\n|t:|1776010440\n|teamsize|p1|4\n|teamsize|p2|4\n|start\n|switch|p1a: Gengar|Gengar, L50, F|100/100\n|switch|p1b: Politoed|Politoed, L50, M|100/100\n|switch|p2a: Corviknight|Corviknight, L50, F|100/100\n|switch|p2b: Incineroar|Incineroar, L50, F|100/100\n|-weather|RainDance|[from] ability: Drizzle|[of] p1b: Politoed\n|-ability|p2b: Incineroar|Intimidate|boost\n|-unboost|p1a: Gengar|atk|1\n|-unboost|p1b: Politoed|atk|1\n|turn|1\n|inactive|vousetesmesfils has 30 seconds left.\n|\n|t:|1776010471\n|detailschange|p1a: Gengar|Gengar-Mega, L50, F\n|-mega|p1a: Gengar|Gengar|Gengarite\n|move|p1a: Gengar|Perish Song|p1a: Gengar\n|-start|p1a: Gengar|perish3|[silent]\n|-start|p1b: Politoed|perish3|[silent]\n|-start|p2a: Corviknight|perish3|[silent]\n|-start|p2b: Incineroar|perish3|[silent]\n|-fieldactivate|move: Perish Song\n|move|p2a: Corviknight|Bulk Up|p2a: Corviknight\n|-boost|p2a: Corviknight|atk|1\n|-boost|p2a: Corviknight|def|1\n|move|p1b: Politoed|Weather Ball|p2b: Incineroar\n|-supereffective|p2b: Incineroar|1\n|-damage|p2b: Incineroar|22/100\n|move|p2b: Incineroar|Throat Chop|p1a: Gengar\n|-supereffective|p1a: Gengar|1\n|-damage|p1a: Gengar|9/100\n|-start|p1a: Gengar|Throat Chop|[silent]\n|\n|-weather|RainDance|[upkeep]\n|-start|p1a: Gengar|perish3\n|-start|p2a: Corviknight|perish3\n|-start|p1b: Politoed|perish3\n|-start|p2b: Incineroar|perish3\n|upkeep\n|turn|2\n|inactive|Tenma3167 has 30 seconds left.\n|inactive|Tenma3167 has 20 seconds left.\n|inactive|Tenma3167 has 15 seconds left.\n|inactive|vousetesmesfils has 30 seconds left.\n|\n|t:|1776010522\n|move|p1a: Gengar|Protect|p1a: Gengar\n|-singleturn|p1a: Gengar|Protect\n|move|p2a: Corviknight|Brave Bird|p1b: Politoed\n|-damage|p1b: Politoed|53/100\n|-damage|p2a: Corviknight|85/100|[from] Recoil\n|move|p1b: Politoed|Encore|p2a: Corviknight\n|-start|p2a: Corviknight|Encore\n|move|p2b: Incineroar|Throat Chop|p1a: Gengar\n|-activate|p1a: Gengar|move: Protect\n|\n|-weather|RainDance|[upkeep]\n|-heal|p2a: Corviknight|91/100|[from] item: Leftovers\n|-heal|p1b: Politoed|59/100|[from] item: Leftovers\n|-end|p1a: Gengar|Throat Chop|[silent]\n|-start|p1a: Gengar|perish2\n|-start|p2a: Corviknight|perish2\n|-start|p1b: Politoed|perish2\n|-start|p2b: Incineroar|perish2\n|upkeep\n|turn|3\n|\n|t:|1776010543\n|move|p1a: Gengar|Disable|p2a: Corviknight\n|-start|p2a: Corviknight|Disable|Brave Bird\n|cant|p2a: Corviknight|Disable|Brave Bird\n|move|p1b: Politoed|Weather Ball|p2b: Incineroar\n|-supereffective|p2b: Incineroar|1\n|-damage|p2b: Incineroar|0 fnt\n|faint|p2b: Incineroar\n|\n|-weather|RainDance|[upkeep]\n|-heal|p2a: Corviknight|97/100|[from] item: Leftovers\n|-heal|p1b: Politoed|65/100|[from] item: Leftovers\n|-start|p1a: Gengar|perish1\n|-start|p2a: Corviknight|perish1\n|-start|p1b: Politoed|perish1\n|upkeep\n|\n|t:|1776010560\n|switch|p2b: Primarina|Primarina, L50, F|100/100\n|turn|4\n|\n|t:|1776010584\n|switch|p1a: Archaludon|Archaludon, L50, F|100/100\n|-activate|p2a: Corviknight|move: Struggle\n|move|p2a: Corviknight|Struggle|p1a: Archaludon\n|-damage|p1a: Archaludon|88/100\n|-ability|p1a: Archaludon|Stamina|boost\n|-boost|p1a: Archaludon|def|1\n|-damage|p2a: Corviknight|72/100|[from] recoil\n|move|p1b: Politoed|Perish Song|p1b: Politoed\n|-start|p1a: Archaludon|perish3|[silent]\n|-start|p2b: Primarina|perish3|[silent]\n|-fieldactivate|move: Perish Song\n|move|p2b: Primarina|Hyper Voice|p1b: Politoed|[spread] p1a,p1b\n|-resisted|p1a: Archaludon|1\n|-resisted|p1b: Politoed|1\n|-damage|p1a: Archaludon|60/100\n|-damage|p1b: Politoed|45/100\n|-ability|p1a: Archaludon|Stamina|boost\n|-boost|p1a: Archaludon|def|1\n|\n|-weather|RainDance|[upkeep]\n|-heal|p2a: Corviknight|78/100|[from] item: Leftovers\n|-heal|p1b: Politoed|51/100|[from] item: Leftovers\n|-start|p1a: Archaludon|perish3\n|-start|p2a: Corviknight|perish0\n|-start|p1b: Politoed|perish0\n|-start|p2b: Primarina|perish3\n|faint|p2a: Corviknight\n|faint|p1b: Politoed\n|upkeep\n|\n|t:|1776010605\n|switch|p2a: Sinistcha|Sinistcha, L50|100/100\n|switch|p1b: Gengar|Gengar-Mega, L50, F|9/100\n|turn|5\n|inactive|vousetesmesfils has 30 seconds left.\n|\n|t:|1776010637\n|switch|p1a: Incineroar|Incineroar, L50, F|100/100\n|-ability|p1a: Incineroar|Intimidate|boost\n|-unboost|p2a: Sinistcha|atk|1\n|-unboost|p2b: Primarina|atk|1\n|move|p1b: Gengar|Protect|p1b: Gengar\n|-singleturn|p1b: Gengar|Protect\n|move|p2b: Primarina|Moonblast|p1a: Incineroar\n|-damage|p1a: Incineroar|50/100\n|-enditem|p1a: Incineroar|Sitrus Berry|[eat]\n|-heal|p1a: Incineroar|75/100|[from] item: Sitrus Berry\n|move|p2a: Sinistcha|Trick Room|p2a: Sinistcha\n|-fieldstart|move: Trick Room|[of] p2a: Sinistcha\n|\n|-weather|none\n|-start|p2b: Primarina|perish2\n|upkeep\n|turn|6\n|inactive|vousetesmesfils has 30 seconds left.\n|inactive|Tenma3167 has 30 seconds left.\n|inactive|Tenma3167 has 20 seconds left.\n|\n|t:|1776010675\n|switch|p1b: Archaludon|Archaludon, L50, F|60/100\n|move|p1a: Incineroar|Fake Out|p2b: Primarina\n|-damage|p2b: Primarina|89/100\n|cant|p2b: Primarina|flinch\n|move|p2a: Sinistcha|Strength Sap|p1a: Incineroar\n|-unboost|p1a: Incineroar|atk|1\n|\n|-start|p2b: Primarina|perish1\n|upkeep\n|turn|7\n|\n|t:|1776010699\n|move|p1a: Incineroar|Protect|p1a: Incineroar\n|-singleturn|p1a: Incineroar|Protect\n|move|p1b: Archaludon|Protect|p1b: Archaludon\n|-singleturn|p1b: Archaludon|Protect\n|move|p2b: Primarina|Hyper Voice|p1a: Incineroar|[spread] \n|-activate|p1a: Incineroar|move: Protect\n|-activate|p1b: Archaludon|move: Protect\n|move|p2a: Sinistcha|Matcha Gotcha|p1b: Archaludon|[spread] \n|-activate|p1a: Incineroar|move: Protect\n|-activate|p1b: Archaludon|move: Protect\n|\n|-start|p2b: Primarina|perish0\n|faint|p2b: Primarina\n|upkeep\n|turn|8\n|c|\u2606vousetesmesfils|you fell into my trap\n|inactive|vousetesmesfils has 30 seconds left.\n|\n|t:|1776010731\n|move|p1a: Incineroar|Parting Shot|p2a: Sinistcha\n|-unboost|p2a: Sinistcha|atk|1\n|-unboost|p2a: Sinistcha|spa|1\n|\n|t:|1776010735\n|switch|p1a: Gengar|Gengar-Mega, L50, F|9/100|[from] Parting Shot\n|move|p2a: Sinistcha|Matcha Gotcha|p1b: Archaludon|[spread] p1a,p1b\n|-resisted|p1a: Gengar|1\n|-resisted|p1b: Archaludon|2\n|-damage|p1a: Gengar|0 fnt\n|-damage|p1b: Archaludon|55/100\n|-ability|p1b: Archaludon|Stamina|boost\n|-boost|p1b: Archaludon|def|1\n|faint|p1a: Gengar\n|move|p1b: Archaludon|Dragon Pulse|p2a: Sinistcha\n|-damage|p2a: Sinistcha|57/100\n|\n|upkeep\n|\n|t:|1776010747\n|switch|p1a: Incineroar|Incineroar, L50, F|75/100\n|-ability|p1a: Incineroar|Intimidate|boost\n|-unboost|p2a: Sinistcha|atk|1\n|turn|9\n|inactive|Tenma3167 has 30 seconds left.\n|\n|t:|1776010775\n|move|p1a: Incineroar|Parting Shot|p2a: Sinistcha\n|-unboost|p2a: Sinistcha|atk|1\n|-unboost|p2a: Sinistcha|spa|1\n|move|p2a: Sinistcha|Matcha Gotcha|p1b: Archaludon|[spread] p1a,p1b\n|-resisted|p1a: Incineroar|1\n|-resisted|p1b: Archaludon|2\n|-damage|p1a: Incineroar|69/100\n|-heal|p2a: Sinistcha|60/100|[from] drain|[of] p1a: Incineroar\n|-damage|p1b: Archaludon|52/100\n|-heal|p2a: Sinistcha|62/100|[from] drain|[of] p1b: Archaludon\n|-status|p1b: Archaludon|brn\n|-ability|p1b: Archaludon|Stamina|boost\n|-boost|p1b: Archaludon|def|1\n|move|p1b: Archaludon|Dragon Pulse|p2a: Sinistcha\n|-damage|p2a: Sinistcha|17/100\n|-enditem|p2a: Sinistcha|Sitrus Berry|[eat]\n|-heal|p2a: Sinistcha|41/100|[from] item: Sitrus Berry\n|\n|-damage|p1b: Archaludon|46/100 brn|[from] brn\n|-fieldend|move: Trick Room\n|upkeep\n|turn|10\n|-message|Tenma3167 forfeited.\n|\n|win|vousetesmesfils\n|raw|vousetesmesfils's rating: 1027 &rarr; <strong>1068</strong><br />(+41 for winning)\n|raw|Tenma3167's rating: 1079 &rarr; <strong>1054</strong><br />(-25 for losing)\n|l|\u2606Tenma3167\n|player|p2|\n",
  "uploadtime": 1776010800,
  "views": 23,
  "formatid": "gen9championsvgc2026regma",
  "rating": 1054,
  "private": 0,
  "password": null
}