{
  "id": "gen9championsvgc2026regma-2582854563",
  "format": "[Gen 9 Champions] VGC 2026 Reg M-A",
  "players": [
    "Tekuazor",
    "Nasihasi"
  ],
  "log": "|j|\u2606Tekuazor\n|j|\u2606Nasihasi\n|t:|1776119365\n|gametype|doubles\n|player|p1|Tekuazor|policeman-gen4|1250\n|player|p2|Nasihasi|hiker-gen4|1323\n|gen|9\n|tier|[Gen 9 Champions] VGC 2026 Reg M-A\n|rated|\n|rule|Species Clause: Limit one of each Pok\u00e9mon\n|rule|Item Clause: Limit 1 of each item\n|clearpoke\n|poke|p1|Tyranitar, L50, F|\n|poke|p1|Incineroar, L50, M|\n|poke|p1|Gengar, L50, F|\n|poke|p1|Scizor, L50, M|\n|poke|p1|Kommo-o, L50, M|\n|poke|p1|Sinistcha, L50|\n|poke|p2|Floette-Eternal, L50, F|\n|poke|p2|Incineroar, L50, M|\n|poke|p2|Sinistcha, L50|\n|poke|p2|Basculegion, L50, M|\n|poke|p2|Sneasler, L50, M|\n|poke|p2|Kleavor, L50, M|\n|teampreview|4\n|c|\u2606Nasihasi|Meer tangens met boerenkool\nNasihasi has agreed to open team sheets.\n|inactive|Battle timer is ON: inactive players will automatically lose when time's up. (requested by Nasihasi)\n|\n|t:|1776119409\n|teamsize|p1|4\n|teamsize|p2|4\n|start\n|switch|p1a: Gengar|Gengar, L50, F, shiny|100/100\n|switch|p1b: Scizor|Scizor, L50, M|100/100\n|switch|p2a: Sneasler|Sneasler, L50, M|100/100\n|switch|p2b: Incineroar|Incineroar, L50, M|100/100\n|-ability|p2b: Incineroar|Intimidate|boost\n|-unboost|p1a: Gengar|atk|1\n|-unboost|p1b: Scizor|atk|1\n|turn|1\n|\n|t:|1776119433\n|detailschange|p1a: Gengar|Gengar-Mega, L50, F, shiny\n|-mega|p1a: Gengar|Gengar|Gengarite\n|move|p2a: Sneasler|Protect|p2a: Sneasler\n|-singleturn|p2a: Sneasler|Protect\n|move|p1a: Gengar|Shadow Ball|p2a: Sneasler\n|-activate|p2a: Sneasler|move: Protect\n|move|p1b: Scizor|U-turn|p2a: Sneasler\n|-activate|p2a: Sneasler|move: Protect\n|move|p2b: Incineroar|Parting Shot|p1a: Gengar\n|-unboost|p1a: Gengar|atk|1\n|-unboost|p1a: Gengar|spa|1\n|\n|t:|1776119458\n|switch|p2b: Sinistcha|Sinistcha, L50|100/100|[from] Parting Shot\n|\n|upkeep\n|turn|2\n|\n|t:|1776119471\n|switch|p2b: Incineroar|Incineroar, L50, M|100/100\n|-ability|p2b: Incineroar|Intimidate|boost\n|-unboost|p1a: Gengar|atk|1\n|-unboost|p1b: Scizor|atk|1\n|move|p1a: Gengar|Perish Song|p1a: Gengar\n|-start|p1a: Gengar|perish3|[silent]\n|-start|p1b: Scizor|perish3|[silent]\n|-start|p2a: Sneasler|perish3|[silent]\n|-start|p2b: Incineroar|perish3|[silent]\n|-fieldactivate|move: Perish Song\n|move|p2a: Sneasler|Close Combat|p1b: Scizor\n|-damage|p1b: Scizor|34/100\n|-unboost|p2a: Sneasler|def|1\n|-unboost|p2a: Sneasler|spd|1\n|-enditem|p2a: Sneasler|White Herb\n|-clearnegativeboost|p2a: Sneasler|[silent]\n|move|p1b: Scizor|U-turn|p2a: Sneasler\n|-resisted|p2a: Sneasler|2\n|-damage|p2a: Sneasler|93/100\n|\n|t:|1776119485\n|switch|p1b: Incineroar|Incineroar, L50, M, shiny|100/100|[from] U-turn\n|-ability|p1b: Incineroar|Intimidate|boost\n|-unboost|p2a: Sneasler|atk|1\n|-unboost|p2b: Incineroar|atk|1\n|\n|-start|p2a: Sneasler|perish3\n|-start|p1a: Gengar|perish3\n|-start|p2b: Incineroar|perish3\n|upkeep\n|turn|3\n|inactive|Tekuazor has 30 seconds left.\n|\n|t:|1776119512\n|move|p1b: Incineroar|Fake Out|p2b: Incineroar\n|-damage|p2b: Incineroar|92/100\n|move|p2a: Sneasler|Close Combat|p1b: Incineroar\n|-supereffective|p1b: Incineroar|1\n|-enditem|p1b: Incineroar|Chople Berry|[eat]\n|-enditem|p1b: Incineroar|Chople Berry|[weaken]\n|-damage|p1b: Incineroar|66/100\n|-unboost|p2a: Sneasler|def|1\n|-unboost|p2a: Sneasler|spd|1\n|move|p1a: Gengar|Substitute|p1a: Gengar\n|-start|p1a: Gengar|Substitute\n|-damage|p1a: Gengar|76/100\n|cant|p2b: Incineroar|flinch\n|\n|-start|p2a: Sneasler|perish2\n|-start|p1a: Gengar|perish2\n|-start|p2b: Incineroar|perish2\n|upkeep\n|turn|4\n|inactive|Nasihasi has 30 seconds left.\n|inactive|Nasihasi has 20 seconds left.\n|\n|t:|1776119549\n|move|p1a: Gengar|Protect|p1a: Gengar\n|-singleturn|p1a: Gengar|Protect\n|move|p2a: Sneasler|Close Combat|p1b: Incineroar\n|-supereffective|p1b: Incineroar|1\n|-damage|p1b: Incineroar|0 fnt\n|-unboost|p2a: Sneasler|def|1\n|-unboost|p2a: Sneasler|spd|1\n|faint|p1b: Incineroar\n|move|p2b: Incineroar|Parting Shot|p1a: Gengar\n|-activate|p1a: Gengar|move: Protect\n|\n|-start|p2a: Sneasler|perish1\n|-start|p1a: Gengar|perish1\n|-start|p2b: Incineroar|perish1\n|upkeep\n|\n|t:|1776119563\n|switch|p1b: Scizor|Scizor, L50, M|34/100\n|turn|5\n|\n|t:|1776119572\n|switch|p1a: Sinistcha|Sinistcha, L50|100/100\n|-heal|p1b: Scizor|59/100|[from] ability: Hospitality|[of] p1a: Sinistcha\n|move|p1b: Scizor|Bullet Punch|p2a: Sneasler\n|-damage|p2a: Sneasler|0 fnt\n|faint|p2a: Sneasler\n|move|p2b: Incineroar|Parting Shot|p1a: Sinistcha\n|-unboost|p1a: Sinistcha|atk|1\n|-unboost|p1a: Sinistcha|spa|1\n|\n|t:|1776119583\n|switch|p2b: Floette|Floette-Eternal, L50, F|100/100|[from] Parting Shot\n|\n|upkeep\n|\n|t:|1776119588\n|switch|p2a: Incineroar|Incineroar, L50, M|92/100\n|-ability|p2a: Incineroar|Intimidate|boost\n|-unboost|p1a: Sinistcha|atk|1\n|-unboost|p1b: Scizor|atk|1\n|turn|6\n|\n|t:|1776119605\n|switch|p1b: Gengar|Gengar-Mega, L50, F, shiny|76/100\n|detailschange|p2b: Floette|Floette-Mega, L50, F\n|-mega|p2b: Floette|Floette|Floettite\n|-ability|p2b: Floette|Fairy Aura\n|move|p2b: Floette|Dazzling Gleam|p1b: Gengar|[spread] p1a,p1b\n|-resisted|p1b: Gengar|1\n|-damage|p1a: Sinistcha|56/100\n|-damage|p1b: Gengar|51/100\n|move|p1a: Sinistcha|Life Dew|p1a: Sinistcha|[spread] p1a,p1b\n|-heal|p1a: Sinistcha|81/100\n|-heal|p1b: Gengar|76/100\n|move|p2a: Incineroar|Darkest Lariat|p1a: Sinistcha\n|-supereffective|p1a: Sinistcha|1\n|-damage|p1a: Sinistcha|19/100\n|-enditem|p1a: Sinistcha|Sitrus Berry|[eat]\n|-heal|p1a: Sinistcha|43/100|[from] item: Sitrus Berry\n|\n|upkeep\n|turn|7\n|inactive|Tekuazor has 30 seconds left.\n|inactive|Nasihasi has 30 seconds left.\n|\n|t:|1776119632\n|move|p1a: Sinistcha|Protect|p1a: Sinistcha\n|-singleturn|p1a: Sinistcha|Protect\n|move|p1b: Gengar|Shadow Ball|p2b: Floette\n|-damage|p2b: Floette|67/100\n|-unboost|p2b: Floette|spd|1\n|move|p2b: Floette|Moonblast|p1a: Sinistcha\n|-activate|p1a: Sinistcha|move: Protect\n|move|p2a: Incineroar|Darkest Lariat|p1b: Gengar\n|-supereffective|p1b: Gengar|1\n|-damage|p1b: Gengar|0 fnt\n|faint|p1b: Gengar\n|\n|upkeep\n|\n|t:|1776119643\n|switch|p1b: Scizor|Scizor, L50, M|59/100\n|turn|8\n|\n|t:|1776119653\n|switch|p2b: Sinistcha|Sinistcha, L50|100/100\n|-heal|p2a: Incineroar|100/100|[from] ability: Hospitality|[of] p2b: Sinistcha\n|move|p1b: Scizor|Bullet Punch|p2b: Sinistcha\n|-damage|p2b: Sinistcha|68/100\n|move|p1a: Sinistcha|Life Dew|p1a: Sinistcha|[spread] p1a,p1b\n|-heal|p1a: Sinistcha|68/100\n|-heal|p1b: Scizor|84/100\n|move|p2a: Incineroar|Flare Blitz|p1b: Scizor\n|-supereffective|p1b: Scizor|2\n|-damage|p1b: Scizor|0 fnt\n|faint|p1b: Scizor\n|-damage|p2a: Incineroar|76/100|[from] Recoil\n|\n|upkeep\n|turn|9\n|c|\u2606Tekuazor|gg\n|-message|Tekuazor forfeited.\n|\n|win|Nasihasi\n|raw|Tekuazor's rating: 1250 &rarr; <strong>1230</strong><br />(-20 for losing)\n|raw|Nasihasi's rating: 1323 &rarr; <strong>1339</strong><br />(+16 for winning)\n|l|\u2606Tekuazor\n|player|p1|\n|c|\u2606Nasihasi|Lekkere boerenkool\n",
  "uploadtime": 1776119683,
  "views": 20,
  "formatid": "gen9championsvgc2026regma",
  "rating": 1230,
  "private": 0,
  "password": null
}