{
  "id": "gen9championsvgc2026regma-2580701688",
  "format": "[Gen 9 Champions] VGC 2026 Reg M-A",
  "players": [
    "Clayton Rasta",
    "vitigol"
  ],
  "log": "|j|\u2606Clayton Rasta\n|j|\u2606vitigol\n|t:|1775925468\n|gametype|doubles\n|player|p1|Clayton Rasta|1|1043\n|player|p2|vitigol|lady|1042\n|gen|9\n|tier|[Gen 9 Champions] VGC 2026 Reg M-A\n|rated|\n|rule|Species Clause: Limit one of each Pok\u00e9mon\n|rule|Item Clause: Limit 1 of each item\n|clearpoke\n|poke|p1|Kangaskhan, L50, F|\n|poke|p1|Hatterene, L50, F|\n|poke|p1|Torkoal, L50, M|\n|poke|p1|Rhyperior, L50, M|\n|poke|p1|Arcanine, L50, F|\n|poke|p1|Mimikyu, L50, F|\n|poke|p2|Incineroar, L50, F|\n|poke|p2|Raichu, L50, M|\n|poke|p2|Talonflame, L50, M|\n|poke|p2|Kangaskhan, L50, F|\n|poke|p2|Primarina, L50, M|\n|poke|p2|Dragonite, L50, M|\n|teampreview|4\n|\n|t:|1775925504\n|teamsize|p1|4\n|teamsize|p2|4\n|start\n|switch|p1a: Mimikyu|Mimikyu, L50, F|100/100\n|switch|p1b: Torkoal|Torkoal, L50, M|100/100\n|switch|p2a: Kangaskhan|Kangaskhan, L50, F|100/100\n|switch|p2b: Primarina|Primarina, L50, M|100/100\n|-weather|SunnyDay|[from] ability: Drought|[of] p1b: Torkoal\n|turn|1\n|inactive|Battle timer is ON: inactive players will automatically lose when time's up. (requested by vitigol)\n|c|\u2606vitigol|Glhf\n|\n|t:|1775925546\n|detailschange|p2a: Kangaskhan|Kangaskhan-Mega, L50, F\n|-mega|p2a: Kangaskhan|Kangaskhan|Kangaskhanite\n|move|p1b: Torkoal|Protect|p1b: Torkoal\n|-singleturn|p1b: Torkoal|Protect\n|move|p2a: Kangaskhan|Rock Slide|p1b: Torkoal|[spread] p1a\n|-activate|p1b: Torkoal|move: Protect\n|-activate|p1a: Mimikyu|ability: Disguise\n|-damage|p1a: Mimikyu|100/100\n|detailschange|p1a: Mimikyu|Mimikyu-Busted, L50, F\n|-damage|p1a: Mimikyu|88/100|[from] pokemon: Mimikyu-Busted\n|move|p2b: Primarina|Hyper Voice|p1a: Mimikyu|[spread] p1a\n|-activate|p1b: Torkoal|move: Protect\n|-damage|p1a: Mimikyu|64/100\n|move|p1a: Mimikyu|Trick Room|p1a: Mimikyu\n|-fieldstart|move: Trick Room|[of] p1a: Mimikyu\n|\n|-weather|SunnyDay|[upkeep]\n|upkeep\n|turn|2\n|inactive|Clayton Rasta has 30 seconds left.\n|inactive|Clayton Rasta has 20 seconds left.\n|\n|t:|1775925584\n|move|p1b: Torkoal|Earth Power|p2a: Kangaskhan\n|-damage|p2a: Kangaskhan|79/100\n|move|p2b: Primarina|Hyper Voice|p1b: Torkoal|[spread] p1a,p1b\n|-supereffective|p1b: Torkoal|1\n|-damage|p1a: Mimikyu|41/100\n|-damage|p1b: Torkoal|45/100\n|move|p1a: Mimikyu|Play Rough|p2b: Primarina\n|-damage|p2b: Primarina|48/100\n|move|p2a: Kangaskhan|Rock Slide|p1a: Mimikyu|[spread] \n|-miss|p2a: Kangaskhan|p1a: Mimikyu\n|-miss|p2a: Kangaskhan|p1b: Torkoal\n|\n|-weather|SunnyDay|[upkeep]\n|upkeep\n|turn|3\n|c|\u2606vitigol|Bruh\n|inactive|vitigol has 30 seconds left.\n|\n|t:|1775925611\n|move|p2a: Kangaskhan|Sucker Punch|p1a: Mimikyu\n|-damage|p1a: Mimikyu|7/100\n|-damage|p1a: Mimikyu|0 fnt\n|faint|p1a: Mimikyu\n|-hitcount|p1: Mimikyu|2\n|move|p1b: Torkoal|Heat Wave|p2b: Primarina|[spread] p2a\n|-miss|p1b: Torkoal|p2b: Primarina\n|-damage|p2a: Kangaskhan|37/100\n|move|p2b: Primarina|Hyper Voice|p1b: Torkoal\n|-supereffective|p1b: Torkoal|1\n|-damage|p1b: Torkoal|0 fnt\n|faint|p1b: Torkoal\n|\n|-weather|SunnyDay|[upkeep]\n|upkeep\n|\n|t:|1775925622\n|switch|p1b: Kangaskhan|Kangaskhan, L50, F|100/100\n|switch|p1a: Hatterene|Hatterene, L50, F|100/100\n|turn|4\n|inactive|vitigol has 30 seconds left.\n|\n|t:|1775925649\n|detailschange|p1b: Kangaskhan|Kangaskhan-Mega, L50, F\n|-mega|p1b: Kangaskhan|Kangaskhan|Kangaskhanite\n|move|p2a: Kangaskhan|Protect|p2a: Kangaskhan\n|-singleturn|p2a: Kangaskhan|Protect\n|move|p1b: Kangaskhan|Fake Out|p2a: Kangaskhan\n|-activate|p2a: Kangaskhan|move: Protect\n|move|p1a: Hatterene|Calm Mind|p1a: Hatterene\n|-boost|p1a: Hatterene|spa|1\n|-boost|p1a: Hatterene|spd|1\n|move|p2b: Primarina|Hyper Voice|p1b: Kangaskhan|[spread] p1a,p1b\n|-damage|p1a: Hatterene|85/100\n|-damage|p1b: Kangaskhan|84/100\n|\n|-weather|SunnyDay|[upkeep]\n|upkeep\n|turn|5\n|inactive|Clayton Rasta has 30 seconds left.\n|inactive|vitigol has 30 seconds left.\n|\n|t:|1775925682\n|move|p1b: Kangaskhan|Sucker Punch|p2a: Kangaskhan\n|-damage|p2a: Kangaskhan|14/100\n|-damage|p2a: Kangaskhan|9/100\n|-hitcount|p2a: Kangaskhan|2\n|move|p1a: Hatterene|Calm Mind|p1a: Hatterene\n|-boost|p1a: Hatterene|spa|1\n|-boost|p1a: Hatterene|spd|1\n|move|p2b: Primarina|Icy Wind|p1b: Kangaskhan|[spread] p1a,p1b\n|-damage|p1a: Hatterene|76/100\n|-damage|p1b: Kangaskhan|70/100\n|-unboost|p1a: Hatterene|spe|1\n|-unboost|p1b: Kangaskhan|spe|1\n|move|p2a: Kangaskhan|Double-Edge|p1a: Hatterene\n|-damage|p1a: Hatterene|3/100\n|-enditem|p1a: Hatterene|Sitrus Berry|[eat]\n|-heal|p1a: Hatterene|28/100|[from] item: Sitrus Berry\n|-damage|p1a: Hatterene|10/100\n|-hitcount|p1a: Hatterene|2\n|-damage|p2a: Kangaskhan|0 fnt|[from] Recoil\n|faint|p2a: Kangaskhan\n|\n|-weather|none\n|-fieldend|move: Trick Room\n|upkeep\n|\n|t:|1775925701\n|switch|p2a: Dragonite|Dragonite, L50, M|100/100\n|turn|6\n|\n|t:|1775925713\n|move|p2a: Dragonite|Extreme Speed|p1a: Hatterene\n|-damage|p1a: Hatterene|0 fnt\n|faint|p1a: Hatterene\n|move|p2b: Primarina|Hyper Voice|p1b: Kangaskhan\n|-damage|p1b: Kangaskhan|17/100\n|move|p1b: Kangaskhan|Double-Edge|p2a: Dragonite\n|-damage|p2a: Dragonite|61/100\n|-damage|p2a: Dragonite|41/100\n|-hitcount|p2a: Dragonite|2\n|-damage|p1b: Kangaskhan|1/100|[from] Recoil\n|\n|-heal|p2a: Dragonite|47/100|[from] item: Leftovers\n|upkeep\n|turn|7\n|-message|Clayton Rasta forfeited.\n|\n|win|vitigol\n|raw|Clayton Rasta's rating: 1043 &rarr; <strong>1027</strong><br />(-16 for losing)\n|raw|vitigol's rating: 1042 &rarr; <strong>1076</strong><br />(+34 for winning)\n|l|\u2606Clayton Rasta\n|player|p1|\n",
  "uploadtime": 1775925740,
  "views": 34,
  "formatid": "gen9championsvgc2026regma",
  "rating": 1027,
  "private": 0,
  "password": null
}