{
  "id": "gen9championsvgc2026regma-2587732701",
  "format": "[Gen 9 Champions] VGC 2026 Reg M-A",
  "players": [
    "PYS_Max2",
    "25th_mang"
  ],
  "log": "|j|\u2606PYS_Max2\n|j|\u260625th_mang\n|t:|1776558461\n|gametype|doubles\n|player|p1|PYS_Max2|clay|1438\n|player|p2|25th_mang|ballguy|1426\n|gen|9\n|tier|[Gen 9 Champions] VGC 2026 Reg M-A\n|rated|\n|rule|Species Clause: Limit one of each Pok\u00e9mon\n|rule|Item Clause: Limit 1 of each item\n|clearpoke\n|poke|p1|Tyranitar, L50, M|\n|poke|p1|Excadrill, L50, M|\n|poke|p1|Delphox, L50, F|\n|poke|p1|Floette-Eternal, L50, F|\n|poke|p1|Gyarados, L50, F|\n|poke|p1|Sneasler, L50, F|\n|poke|p2|Crabominable, L50, F|\n|poke|p2|Farigiraf, L50, F|\n|poke|p2|Incineroar, L50, M|\n|poke|p2|Archaludon, L50, M|\n|poke|p2|Pelipper, L50, M|\n|poke|p2|Sinistcha, L50|\n|teampreview|4\n|inactive|Battle timer is ON: inactive players will automatically lose when time's up. (requested by 25th_mang)\n|\n|t:|1776558488\n|teamsize|p1|4\n|teamsize|p2|4\n|start\n|switch|p1a: Excadrill|Excadrill, L50, M|100/100\n|switch|p1b: Sneasler|Sneasler, L50, F|100/100\n|switch|p2a: Flip|Farigiraf, L50, F|100/100\n|switch|p2b: Roar|Incineroar, L50, M|100/100\n|-ability|p2b: Roar|Intimidate|boost\n|-unboost|p1a: Excadrill|atk|1\n|-unboost|p1b: Sneasler|atk|1\n|-enditem|p1b: Sneasler|White Herb\n|-clearnegativeboost|p1b: Sneasler|[silent]\n|turn|1\n|\n|t:|1776558510\n|switch|p1a: Floette|Floette-Eternal, L50, F|100/100\n|move|p1b: Sneasler|Protect|p1b: Sneasler\n|-singleturn|p1b: Sneasler|Protect\n|move|p2b: Roar|Fake Out|p1a: Floette\n|-damage|p1a: Floette|78/100\n|move|p2a: Flip|Trick Room|p2a: Flip\n|-fieldstart|move: Trick Room|[of] p2a: Flip\n|\n|upkeep\n|turn|2\n|\n|t:|1776558524\n|switch|p1b: Tyranitar|Tyranitar, L50, M|100/100\n|-weather|Sandstorm|[from] ability: Sand Stream|[of] p1b: Tyranitar\n|detailschange|p1a: Floette|Floette-Mega, L50, F\n|-mega|p1a: Floette|Floette|Floettite\n|-ability|p1a: Floette|Fairy Aura\n|move|p2a: Flip|Psychic|p1b: Tyranitar\n|-immune|p1b: Tyranitar\n|move|p2b: Roar|Flare Blitz|p1a: Floette\n|-damage|p1a: Floette|6/100\n|-damage|p2b: Roar|81/100|[from] Recoil\n|move|p1a: Floette|Dazzling Gleam|p2a: Flip|[spread] p2a,p2b\n|-damage|p2a: Flip|59/100\n|-damage|p2b: Roar|35/100\n|\n|-weather|Sandstorm|[upkeep]\n|-damage|p2a: Flip|53/100|[from] Sandstorm\n|-damage|p2b: Roar|29/100|[from] Sandstorm\n|-damage|p1a: Floette|0 fnt|[from] Sandstorm\n|faint|p1a: Floette\n|upkeep\n|\n|t:|1776558549\n|switch|p1a: Excadrill|Excadrill, L50, M|100/100\n|turn|3\n|inactive|25th_mang has 30 seconds left.\n|inactive|25th_mang has 20 seconds left.\n|inactive|25th_mang has 15 seconds left.\n|\n|t:|1776558593\n|switch|p2b: Stup!b|Pelipper, L50, M|100/100\n|-weather|RainDance|[from] ability: Drizzle|[of] p2b: Stup!b\n|move|p1a: Excadrill|Protect|p1a: Excadrill\n|-singleturn|p1a: Excadrill|Protect\n|move|p2a: Flip|Hyper Voice|p1b: Tyranitar|[spread] p1b\n|-activate|p1a: Excadrill|move: Protect\n|-resisted|p1b: Tyranitar|1\n|-damage|p1b: Tyranitar|87/100\n|move|p1b: Tyranitar|Rock Slide|p2a: Flip|[spread] p2a,p2b\n|-supereffective|p2b: Stup!b|1\n|-damage|p2a: Flip|27/100\n|-damage|p2b: Stup!b|38/100\n|\n|-weather|RainDance|[upkeep]\n|upkeep\n|turn|4\n|inactive|PYS_Max2 has 30 seconds left.\n|inactive|25th_mang has 30 seconds left.\n|inactive|PYS_Max2 has 20 seconds left.\n|inactive|25th_mang has 20 seconds left.\n|\n|t:|1776558632\n|switch|p2a: Roar|Incineroar, L50, M|29/100\n|-ability|p2a: Roar|Intimidate|boost\n|-unboost|p1a: Excadrill|atk|1\n|-unboost|p1b: Tyranitar|atk|1\n|move|p2b: Stup!b|Wide Guard|p2b: Stup!b\n|-singleturn|p2b: Stup!b|Wide Guard\n|move|p1a: Excadrill|Iron Head|p2a: Roar\n|-resisted|p2a: Roar|1\n|-damage|p2a: Roar|15/100\n|move|p1b: Tyranitar|Rock Slide|p2a: Roar|[spread] \n|-activate|p2a: Roar|move: Wide Guard\n|-activate|p2b: Stup!b|move: Wide Guard\n|\n|-weather|RainDance|[upkeep]\n|upkeep\n|turn|5\n|inactive|PYS_Max2 has 30 seconds left.\n|inactive|25th_mang has 30 seconds left.\n|inactive|25th_mang has 20 seconds left.\n|\n|t:|1776558669\n|move|p1a: Excadrill|Protect|p1a: Excadrill\n|-singleturn|p1a: Excadrill|Protect\n|move|p2a: Roar|Fake Out|p1b: Tyranitar\n|-resisted|p1b: Tyranitar|1\n|-damage|p1b: Tyranitar|81/100\n|move|p2b: Stup!b|Weather Ball|p1b: Tyranitar\n|-supereffective|p1b: Tyranitar|1\n|-damage|p1b: Tyranitar|0 fnt\n|faint|p1b: Tyranitar\n|\n|-weather|RainDance|[upkeep]\n|-fieldend|move: Trick Room\n|upkeep\n|\n|t:|1776558680\n|switch|p1b: Sneasler|Sneasler, L50, F|100/100\n|turn|6\n|\n|t:|1776558701\n|switch|p2a: Flip|Farigiraf, L50, F|27/100\n|move|p1b: Sneasler|Dire Claw|p2b: Stup!b\n|-damage|p2b: Stup!b|0 fnt\n|faint|p2b: Stup!b\n|move|p1a: Excadrill|High Horsepower|p2a: Flip\n|-damage|p2a: Flip|0 fnt\n|faint|p2a: Flip\n|\n|-weather|RainDance|[upkeep]\n|upkeep\n|\n|t:|1776558707\n|switch|p2b: Hockey Reference|Crabominable, L50, F|100/100\n|switch|p2a: Roar|Incineroar, L50, M|15/100\n|-ability|p2a: Roar|Intimidate|boost\n|-unboost|p1a: Excadrill|atk|1\n|-unboost|p1b: Sneasler|atk|1\n|turn|7\n|\n|t:|1776558720\n|detailschange|p2b: Hockey Reference|Crabominable-Mega, L50, F\n|-mega|p2b: Hockey Reference|Crabominable|Crabominite\n|move|p1b: Sneasler|Protect|p1b: Sneasler\n|-singleturn|p1b: Sneasler|Protect\n|move|p1a: Excadrill|Protect|p1a: Excadrill\n|-singleturn|p1a: Excadrill|Protect\n|move|p2a: Roar|Fake Out|p1b: Sneasler\n|-activate|p1b: Sneasler|move: Protect\n|move|p2b: Hockey Reference|Drain Punch|p1a: Excadrill\n|-activate|p1a: Excadrill|move: Protect\n|\n|-weather|none\n|upkeep\n|turn|8\n|inactive|PYS_Max2 has 30 seconds left.\n|\n|t:|1776558748\n|move|p1b: Sneasler|Dire Claw|p2a: Roar\n|-damage|p2a: Roar|0 fnt\n|faint|p2a: Roar\n|move|p1a: Excadrill|Iron Head|p2b: Hockey Reference\n|-supereffective|p2b: Hockey Reference|1\n|-damage|p2b: Hockey Reference|64/100\n|move|p2b: Hockey Reference|Drain Punch|p1a: Excadrill\n|-supereffective|p1a: Excadrill|1\n|-enditem|p1a: Excadrill|Focus Sash\n|-damage|p1a: Excadrill|1/100\n|-heal|p2b: Hockey Reference|100/100|[from] drain|[of] p1a: Excadrill\n|\n|upkeep\n|turn|9\n|\n|t:|1776558766\n|move|p1b: Sneasler|Close Combat|p2b: Hockey Reference\n|-supereffective|p2b: Hockey Reference|1\n|-damage|p2b: Hockey Reference|28/100\n|-unboost|p1b: Sneasler|def|1\n|-unboost|p1b: Sneasler|spd|1\n|move|p1a: Excadrill|Iron Head|p2b: Hockey Reference\n|-supereffective|p2b: Hockey Reference|1\n|-damage|p2b: Hockey Reference|0 fnt\n|faint|p2b: Hockey Reference\n|\n|win|PYS_Max2\n|raw|PYS_Max2's rating: 1438 &rarr; <strong>1457</strong><br />(+19 for winning)\n|raw|25th_mang's rating: 1426 &rarr; <strong>1407</strong><br />(-19 for losing)\n",
  "uploadtime": 1776558774,
  "views": 23,
  "formatid": "gen9championsvgc2026regma",
  "rating": 1407,
  "private": 0,
  "password": null
}