{
  "id": "gen9championsvgc2026regma-2580985558",
  "format": "[Gen 9 Champions] VGC 2026 Reg M-A",
  "players": [
    "viroxzyn",
    "Strawbs"
  ],
  "log": "|j|\u2606viroxzyn\n|j|\u2606Strawbs\n|t:|1775949141\n|gametype|doubles\n|player|p1|viroxzyn|veteran|1000\n|player|p2|Strawbs|volkner|1055\n|gen|9\n|tier|[Gen 9 Champions] VGC 2026 Reg M-A\n|rated|\n|rule|Species Clause: Limit one of each Pok\u00e9mon\n|rule|Item Clause: Limit 1 of each item\n|clearpoke\n|poke|p1|Aggron, L50, F|\n|poke|p1|Incineroar, L50, M|\n|poke|p1|Sinistcha, L50|\n|poke|p1|Garchomp, L50, M|\n|poke|p1|Tyranitar, L50, F|\n|poke|p1|Excadrill, L50, M|\n|poke|p2|Decidueye-Hisui, L50, F|\n|poke|p2|Gengar, L50, F|\n|poke|p2|Kingambit, L50, F|\n|poke|p2|Meowstic, L50, M|\n|poke|p2|Vivillon, L50, M|\n|poke|p2|Empoleon, L50, F|\n|teampreview|4\nviroxzyn has agreed to open team sheets.\n|inactive|Battle timer is ON: inactive players will automatically lose when time's up. (requested by viroxzyn)\n|\n|t:|1775949174\n|teamsize|p1|4\n|teamsize|p2|4\n|start\n|switch|p1a: Tyranitar|Tyranitar, L50, F|100/100\n|switch|p1b: Excadrill|Excadrill, L50, M|100/100\n|switch|p2a: Meowstic|Meowstic, L50, M|100/100\n|switch|p2b: Vivillon|Vivillon, L50, M|100/100\n|-weather|Sandstorm|[from] ability: Sand Stream|[of] p1a: Tyranitar\n|turn|1\n|\n|t:|1775949192\n|move|p2b: Vivillon|Rage Powder|p2b: Vivillon\n|-singleturn|p2b: Vivillon|move: Rage Powder\n|move|p1b: Excadrill|Swords Dance|p1b: Excadrill\n|-boost|p1b: Excadrill|atk|2\n|move|p1a: Tyranitar|Knock Off|p2b: Vivillon\n|-damage|p2b: Vivillon|12/100\n|-enditem|p2b: Vivillon|Focus Sash|[from] move: Knock Off|[of] p1a: Tyranitar\n|move|p2a: Meowstic|Trick Room|p2a: Meowstic\n|-fieldstart|move: Trick Room|[of] p2a: Meowstic\n|\n|-weather|Sandstorm|[upkeep]\n|-damage|p2a: Meowstic|95/100|[from] Sandstorm\n|-damage|p2b: Vivillon|6/100|[from] Sandstorm\n|upkeep\n|turn|2\n|\n|t:|1775949210\n|move|p2a: Meowstic|Reflect|p2a: Meowstic\n|-sidestart|p2: Strawbs|Reflect\n|move|p1a: Tyranitar|Rock Slide|p2a: Meowstic|[spread] p2a,p2b\n|-supereffective|p2b: Vivillon|2\n|-damage|p2a: Meowstic|81/100\n|-damage|p2b: Vivillon|0 fnt\n|faint|p2b: Vivillon\n|move|p1b: Excadrill|Rock Slide|p2a: Meowstic\n|-damage|p2a: Meowstic|39/100\n|\n|-weather|Sandstorm|[upkeep]\n|-damage|p2a: Meowstic|33/100|[from] Sandstorm\n|upkeep\n|\n|t:|1775949221\n|switch|p2b: Decidueye|Decidueye-Hisui, L50, F|100/100\n|turn|3\n|\n|t:|1775949230\n|switch|p1b: Sinistcha|Sinistcha, L50|100/100\n|move|p1a: Tyranitar|Protect|p1a: Tyranitar\n|-singleturn|p1a: Tyranitar|Protect\n|move|p2b: Decidueye|Triple Arrows|p1a: Tyranitar\n|-activate|p1a: Tyranitar|move: Protect\n|move|p2a: Meowstic|Psychic|p1b: Sinistcha\n|-damage|p1b: Sinistcha|63/100\n|\n|-weather|Sandstorm|[upkeep]\n|-damage|p2b: Decidueye|94/100|[from] Sandstorm\n|-damage|p1b: Sinistcha|57/100|[from] Sandstorm\n|-damage|p2a: Meowstic|27/100|[from] Sandstorm\n|-heal|p1b: Sinistcha|63/100|[from] item: Leftovers\n|upkeep\n|turn|4\n|\n|t:|1775949250\n|move|p1b: Sinistcha|Rage Powder|p1b: Sinistcha\n|-singleturn|p1b: Sinistcha|move: Rage Powder\n|move|p2b: Decidueye|Triple Arrows|p1a: Tyranitar\n|-supereffective|p1a: Tyranitar|2\n|-crit|p1a: Tyranitar\n|-damage|p1a: Tyranitar|0 fnt\n|faint|p1a: Tyranitar\n|move|p2a: Meowstic|Psychic|p1b: Sinistcha\n|-damage|p1b: Sinistcha|23/100\n|\n|-weather|Sandstorm|[upkeep]\n|-damage|p2b: Decidueye|88/100|[from] Sandstorm\n|-damage|p1b: Sinistcha|17/100|[from] Sandstorm\n|-damage|p2a: Meowstic|21/100|[from] Sandstorm\n|-heal|p1b: Sinistcha|23/100|[from] item: Leftovers\n|upkeep\n|\n|t:|1775949264\n|switch|p1a: Excadrill|Excadrill, L50, M|100/100\n|turn|5\n|\n|t:|1775949276\n|move|p2b: Decidueye|Triple Arrows|p1a: Excadrill\n|-supereffective|p1a: Excadrill|1\n|-crit|p1a: Excadrill\n|-damage|p1a: Excadrill|0 fnt\n|faint|p1a: Excadrill\n|move|p1b: Sinistcha|Matcha Gotcha|p2a: Meowstic|[spread] p2a,p2b\n|-resisted|p2b: Decidueye|1\n|-damage|p2a: Meowstic|0 fnt\n|-heal|p1b: Sinistcha|33/100|[from] drain|[of] p2a: Meowstic\n|-damage|p2b: Decidueye|75/100\n|-heal|p1b: Sinistcha|40/100|[from] drain|[of] p2b: Decidueye\n|faint|p2a: Meowstic\n|\n|-weather|none\n|-heal|p1b: Sinistcha|46/100|[from] item: Leftovers\n|-fieldend|move: Trick Room\n|upkeep\n|\n|t:|1775949291\n|switch|p1a: Aggron|Aggron, L50, F|100/100\n|switch|p2a: Empoleon|Empoleon, L50, F|100/100\n|turn|6\n|\n|t:|1775949308\n|detailschange|p1a: Aggron|Aggron-Mega, L50, F\n|-mega|p1a: Aggron|Aggron|Aggronite\n|move|p1b: Sinistcha|Strength Sap|p2a: Empoleon\n|-unboost|p2a: Empoleon|atk|1\n|-ability|p2a: Empoleon|Competitive|boost\n|-boost|p2a: Empoleon|spa|2\n|-heal|p1b: Sinistcha|100/100\n|move|p2a: Empoleon|Ice Beam|p1b: Sinistcha\n|-supereffective|p1b: Sinistcha|1\n|-damage|p1b: Sinistcha|0 fnt\n|faint|p1b: Sinistcha\n|move|p2b: Decidueye|Shadow Claw|p1a: Aggron\n|-crit|p1a: Aggron\n|-damage|p1a: Aggron|84/100\n|move|p1a: Aggron|Heavy Slam|p2b: Decidueye\n|-damage|p2b: Decidueye|32/100\n|\n|-sideend|p2: Strawbs|Reflect\n|upkeep\n|turn|7\n|\n|t:|1775949327\n|move|p1a: Aggron|Protect|p1a: Aggron\n|-singleturn|p1a: Aggron|Protect\n|move|p2a: Empoleon|Hydro Pump|p1a: Aggron\n|-activate|p1a: Aggron|move: Protect\n|move|p2b: Decidueye|Triple Arrows|p1a: Aggron\n|-activate|p1a: Aggron|move: Protect\n|\n|upkeep\n|turn|8\n|\n|t:|1775949337\n|move|p2a: Empoleon|Hydro Pump|p1a: Aggron|[miss]\n|-miss|p2a: Empoleon|p1a: Aggron\n|move|p2b: Decidueye|Triple Arrows|p1a: Aggron\n|-supereffective|p1a: Aggron|1\n|-damage|p1a: Aggron|49/100\n|move|p1a: Aggron|Body Press|p2a: Empoleon\n|-supereffective|p2a: Empoleon|1\n|-damage|p2a: Empoleon|6/100\n|\n|-heal|p2a: Empoleon|11/100|[from] item: Leftovers\n|upkeep\n|turn|9\n|\n|t:|1775949350\n|move|p2a: Empoleon|Hydro Pump|p1a: Aggron\n|-damage|p1a: Aggron|0 fnt\n|faint|p1a: Aggron\n|\n|win|Strawbs\n|raw|viroxzyn's rating: 1000 &rarr; <strong>1000</strong><br />(+0 for losing)\n|raw|Strawbs's rating: 1055 &rarr; <strong>1082</strong><br />(+27 for winning)\n|c|\u2606viroxzyn|ggwp\n|c|\u2606Strawbs|gg\n|l|\u2606viroxzyn\n|player|p1|\n|c|\u2606Strawbs|nice team\n",
  "uploadtime": 1775949371,
  "views": 11,
  "formatid": "gen9championsvgc2026regma",
  "rating": 1000,
  "private": 0,
  "password": null
}