{
  "id": "gen9championsvgc2026regma-2582638609",
  "format": "[Gen 9 Champions] VGC 2026 Reg M-A",
  "players": [
    "salsuigetsu",
    "theluckyone26"
  ],
  "log": "|j|\u2606salsuigetsu\n|j|\u2606theluckyone26\n|t:|1776104232\n|gametype|doubles\n|player|p1|salsuigetsu|burglar|1046\n|player|p2|theluckyone26|gentleman-gen4|1000\n|gen|9\n|tier|[Gen 9 Champions] VGC 2026 Reg M-A\n|rated|\n|rule|Species Clause: Limit one of each Pok\u00e9mon\n|rule|Item Clause: Limit 1 of each item\n|clearpoke\n|poke|p1|Milotic, L50, F|\n|poke|p1|Zoroark-Hisui, L50, M|\n|poke|p1|Alcremie-Caramel-Swirl, L50, F|\n|poke|p1|Medicham, L50, F|\n|poke|p1|Weavile, L50, M|\n|poke|p1|Trevenant, L50, M|\n|poke|p2|Whimsicott, L50, F|\n|poke|p2|Charizard, L50, M|\n|poke|p2|Venusaur, L50, M|\n|poke|p2|Torkoal, L50, M|\n|poke|p2|Incineroar, L50, M|\n|poke|p2|Farigiraf, L50, F|\n|teampreview|4\n|inactive|Battle timer is ON: inactive players will automatically lose when time's up. (requested by theluckyone26)\n|\n|t:|1776104248\n|teamsize|p1|4\n|teamsize|p2|4\n|start\n|switch|p1a: Yuzu|Alcremie-Caramel-Swirl, L50, F|100/100\n|switch|p1b: Feitan|Weavile, L50, M|100/100\n|switch|p2a: Charizard|Charizard, L50, M|100/100\n|switch|p2b: Venusaur|Venusaur, L50, M|100/100\n|turn|1\n|\n|t:|1776104265\n|move|p1b: Feitan|Protect|p1b: Feitan\n|-singleturn|p1b: Feitan|Protect\n|move|p2a: Charizard|Protect|p2a: Charizard\n|-singleturn|p2a: Charizard|Protect\n|move|p2b: Venusaur|Protect|p2b: Venusaur\n|-singleturn|p2b: Venusaur|Protect\n|move|p1a: Yuzu|Decorate|p1b: Feitan\n|-boost|p1b: Feitan|atk|2\n|-boost|p1b: Feitan|spa|2\n|\n|upkeep\n|turn|2\n|-activate|p1a: Yuzu|item: Quick Claw\n|\n|t:|1776104281\n|detailschange|p2a: Charizard|Charizard-Mega-Y, L50, M\n|-mega|p2a: Charizard|Charizard|Charizardite Y\n|-weather|SunnyDay|[from] ability: Drought|[of] p2a: Charizard\n|move|p1a: Yuzu|Helping Hand|p1b: Feitan\n|-singleturn|p1b: Feitan|Helping Hand|[of] p1a: Yuzu\n|move|p2b: Venusaur|Sleep Powder|p1b: Feitan\n|-status|p1b: Feitan|slp|[from] move: Sleep Powder\n|cant|p1b: Feitan|slp\n|move|p2a: Charizard|Heat Wave|p1b: Feitan|[spread] p1a,p1b\n|-damage|p1a: Yuzu|45/100\n|-enditem|p1b: Feitan|Focus Sash\n|-damage|p1b: Feitan|1/100 slp\n|replace|p1b: Illumi|Zoroark-Hisui, L50, M\n|-end|p1b: Illumi|Illusion\n|\n|-weather|SunnyDay|[upkeep]\n|upkeep\n|turn|3\n|inactive|salsuigetsu has 30 seconds left.\n|-activate|p1a: Yuzu|item: Quick Claw\n|\n|t:|1776104309\n|cant|p1b: Illumi|slp\n|move|p1a: Yuzu|Calm Mind|p1a: Yuzu\n|-boost|p1a: Yuzu|spa|1\n|-boost|p1a: Yuzu|spd|1\n|move|p2b: Venusaur|Sludge Bomb|p1a: Yuzu\n|-supereffective|p1a: Yuzu|1\n|-damage|p1a: Yuzu|0 fnt\n|faint|p1a: Yuzu\n|move|p2a: Charizard|Heat Wave|p1b: Illumi|[miss]\n|-miss|p2a: Charizard|p1b: Illumi\n|\n|-weather|SunnyDay|[upkeep]\n|upkeep\n|\n|t:|1776104330\n|switch|p1a: Shizuku|Medicham, L50, F, shiny|100/100\n|turn|4\n|\n|t:|1776104341\n|detailschange|p1a: Shizuku|Medicham-Mega, L50, F, shiny\n|-mega|p1a: Shizuku|Medicham|Medichamite\n|move|p1a: Shizuku|Fake Out|p2b: Venusaur\n|-damage|p2b: Venusaur|66/100\n|cant|p2b: Venusaur|flinch\n|-curestatus|p1b: Illumi|slp|[msg]\n|move|p1b: Illumi|Hyper Voice|p2b: Venusaur|[spread] p2a,p2b\n|-damage|p2a: Charizard|33/100\n|-damage|p2b: Venusaur|0 fnt\n|faint|p2b: Venusaur\n|move|p2a: Charizard|Heat Wave|p1a: Shizuku|[spread] p1a,p1b\n|-damage|p1a: Shizuku|0 fnt\n|-damage|p1b: Illumi|0 fnt\n|faint|p1a: Shizuku\n|faint|p1b: Illumi\n|\n|-weather|SunnyDay|[upkeep]\n|upkeep\n|inactive|salsuigetsu has 30 seconds left.\n|inactive|salsuigetsu has 20 seconds left.\n|inactive|salsuigetsu has 15 seconds left.\n|\n|t:|1776104383\n|switch|p1a: Feitan|Weavile, L50, M|100/100\n|switch|p2b: Farigiraf|Farigiraf, L50, F|100/100\n|turn|5\n|\n|t:|1776104391\n|move|p2b: Farigiraf|Helping Hand|p2a: Charizard\n|-singleturn|p2a: Charizard|Helping Hand|[of] p2b: Farigiraf\n|move|p1a: Feitan|Fake Out||[still]\n|cant|p2b: Farigiraf|ability: Armor Tail|Fake Out|[of] p1a: Feitan\n|move|p2a: Charizard|Heat Wave|p1a: Feitan\n|-supereffective|p1a: Feitan|1\n|-damage|p1a: Feitan|0 fnt\n|faint|p1a: Feitan\n|\n|win|theluckyone26\n|raw|salsuigetsu's rating: 1046 &rarr; <strong>1027</strong><br />(-19 for losing)\n|raw|theluckyone26's rating: 1000 &rarr; <strong>1045</strong><br />(+45 for winning)\n|l|\u2606theluckyone26\n|player|p2|\n|l|\u2606salsuigetsu\n|player|p1|\n|j|\u2606theluckyone26\n|player|p2|theluckyone26|gentleman-gen4|\n",
  "uploadtime": 1776104411,
  "views": 15,
  "formatid": "gen9championsvgc2026regma",
  "rating": 1027,
  "private": 0,
  "password": null
}