{
  "id": "gen9championsvgc2026regma-2587924527",
  "format": "[Gen 9 Champions] VGC 2026 Reg M-A",
  "players": [
    "INCENEDORUS",
    "VenuzFz"
  ],
  "log": "|j|\u2606INCENEDORUS\n|j|\u2606VenuzFz\n|t:|1776579795\n|gametype|doubles\n|player|p1|INCENEDORUS|gambler|1339\n|player|p2|VenuzFz|red|1343\n|gen|9\n|tier|[Gen 9 Champions] VGC 2026 Reg M-A\n|rated|\n|rule|Species Clause: Limit one of each Pok\u00e9mon\n|rule|Item Clause: Limit 1 of each item\n|clearpoke\n|poke|p1|Charizard, L50, M|\n|poke|p1|Venusaur, L50, F|\n|poke|p1|Garchomp, L50, F|\n|poke|p1|Rotom-Wash, L50|\n|poke|p1|Sneasler, L50, M|\n|poke|p1|Incineroar, L50, F|\n|poke|p2|Floette-Eternal, L50, F, shiny|\n|poke|p2|Kingambit, L50, F, shiny|\n|poke|p2|Sneasler, L50, M, shiny|\n|poke|p2|Garchomp, L50, M|\n|poke|p2|Basculegion, L50, M, shiny|\n|poke|p2|Froslass, L50, F, shiny|\n|teampreview|4\n|\n|t:|1776579813\n|teamsize|p1|4\n|teamsize|p2|4\n|start\n|switch|p1a: Rotom|Rotom-Wash, L50|100/100\n|switch|p1b: Sneasler|Sneasler, L50, M|100/100\n|switch|p2a: Froslass|Froslass, L50, F, shiny|100/100\n|switch|p2b: Sneasler|Sneasler, L50, M, shiny|100/100\n|turn|1\n|\n|t:|1776579825\n|detailschange|p2a: Froslass|Froslass-Mega, L50, F, shiny\n|-mega|p2a: Froslass|Froslass|Froslassite\n|-weather|Snowscape|[from] ability: Snow Warning|[of] p2a: Froslass\n|move|p1b: Sneasler|Fake Out|p2b: Sneasler\n|-damage|p2b: Sneasler|77/100\n|cant|p2b: Sneasler|flinch\n|move|p2a: Froslass|Substitute|p2a: Froslass\n|-start|p2a: Froslass|Substitute\n|-damage|p2a: Froslass|76/100\n|move|p1a: Rotom|Will-O-Wisp|p2b: Sneasler|[miss]\n|-miss|p1a: Rotom|p2b: Sneasler\n|\n|-weather|Snowscape|[upkeep]\n|upkeep\n|turn|2\n|inactive|Battle timer is ON: inactive players will automatically lose when time's up. (requested by VenuzFz)\n|\n|t:|1776579844\n|move|p1b: Sneasler|Rock Tomb|p2b: Sneasler\n|-resisted|p2b: Sneasler|1\n|-damage|p2b: Sneasler|60/100\n|-unboost|p2b: Sneasler|spe|1\n|move|p2a: Froslass|Blizzard|p1a: Rotom|[spread] p1a,p1b\n|-resisted|p1a: Rotom|1\n|-damage|p1a: Rotom|78/100\n|-damage|p1b: Sneasler|40/100\n|move|p2b: Sneasler|Close Combat|p1a: Rotom\n|-damage|p1a: Rotom|13/100\n|-unboost|p2b: Sneasler|def|1\n|-unboost|p2b: Sneasler|spd|1\n|move|p1a: Rotom|Thunderbolt|p2a: Froslass\n|-end|p2a: Froslass|Substitute\n|\n|-weather|Snowscape|[upkeep]\n|-heal|p1a: Rotom|19/100|[from] item: Leftovers\n|upkeep\n|turn|3\n|inactive|INCENEDORUS has 30 seconds left.\n|\n|t:|1776579873\n|move|p2b: Sneasler|Protect|p2b: Sneasler\n|-singleturn|p2b: Sneasler|Protect\n|move|p1b: Sneasler|Rock Tomb|p2a: Froslass\n|-supereffective|p2a: Froslass|1\n|-damage|p2a: Froslass|36/100\n|-unboost|p2a: Froslass|spe|1\n|move|p2a: Froslass|Blizzard|p1a: Rotom|[spread] p1a,p1b\n|-resisted|p1a: Rotom|1\n|-damage|p1a: Rotom|0 fnt\n|-damage|p1b: Sneasler|0 fnt\n|faint|p1a: Rotom\n|faint|p1b: Sneasler\n|\n|-weather|Snowscape|[upkeep]\n|upkeep\n|\n|t:|1776579884\n|switch|p1b: Venusaur|Venusaur, L50, F|100/100\n|switch|p1a: Charizard|Charizard, L50, M|100/100\n|turn|4\n|inactive|INCENEDORUS has 30 seconds left.\n|inactive|VenuzFz has 30 seconds left.\n|inactive|VenuzFz has 20 seconds left.\n|\n|t:|1776579925\n|switch|p2a: Basculegion|Basculegion, L50, M, shiny|100/100\n|detailschange|p1a: Charizard|Charizard-Mega-Y, L50, M\n|-mega|p1a: Charizard|Charizard|Charizardite Y\n|-weather|SunnyDay|[from] ability: Drought|[of] p1a: Charizard\n|move|p1b: Venusaur|Sleep Powder|p2b: Sneasler|[miss]\n|-miss|p1b: Venusaur|p2b: Sneasler\n|move|p1a: Charizard|Heat Wave|p2a: Basculegion|[spread] p2a,p2b\n|-resisted|p2a: Basculegion|1\n|-damage|p2a: Basculegion|68/100\n|-damage|p2b: Sneasler|0 fnt\n|faint|p2b: Sneasler\n|\n|-weather|SunnyDay|[upkeep]\n|upkeep\n|\n|t:|1776579935\n|switch|p2b: Froslass|Froslass-Mega, L50, F, shiny|36/100\n|-weather|Snowscape|[from] ability: Snow Warning|[of] p2b: Froslass\n|turn|5\n|\n|t:|1776579947\n|move|p2b: Froslass|Substitute|p2b: Froslass\n|-start|p2b: Froslass|Substitute\n|-damage|p2b: Froslass|11/100\n|move|p1a: Charizard|Heat Wave|p2b: Froslass|[spread] p2a\n|-miss|p1a: Charizard|p2b: Froslass\n|-resisted|p2a: Basculegion|1\n|-damage|p2a: Basculegion|45/100\n|-enditem|p2a: Basculegion|Sitrus Berry|[eat]\n|-heal|p2a: Basculegion|69/100|[from] item: Sitrus Berry\n|move|p1b: Venusaur|Leaf Storm|p2a: Basculegion\n|-supereffective|p2a: Basculegion|1\n|-damage|p2a: Basculegion|0 fnt\n|-unboost|p1b: Venusaur|spa|2\n|faint|p2a: Basculegion\n|\n|-weather|Snowscape|[upkeep]\n|upkeep\n|\n|t:|1776579956\n|switch|p2a: Garchomp|Garchomp, L50, M|100/100\n|turn|6\n|inactive|INCENEDORUS has 30 seconds left.\n|\n|t:|1776579982\n|move|p2b: Froslass|Blizzard|p1a: Charizard|[spread] p1a,p1b\n|-supereffective|p1b: Venusaur|1\n|-damage|p1a: Charizard|54/100\n|-damage|p1b: Venusaur|7/100\n|move|p1a: Charizard|Weather Ball|p2a: Garchomp\n|-supereffective|p2a: Garchomp|2\n|-damage|p2a: Garchomp|0 fnt\n|faint|p2a: Garchomp\n|move|p1b: Venusaur|Leaf Storm|p2b: Froslass\n|-end|p2b: Froslass|Substitute\n|-unboost|p1b: Venusaur|spa|2\n|\n|-weather|Snowscape|[upkeep]\n|upkeep\n|turn|7\n|inactive|INCENEDORUS has 30 seconds left.\n|\n|t:|1776580009\n|move|p2b: Froslass|Shadow Ball|p1a: Charizard\n|-damage|p1a: Charizard|8/100\n|-unboost|p1a: Charizard|spd|1\n|move|p1a: Charizard|Heat Wave|p2b: Froslass\n|-supereffective|p2b: Froslass|1\n|-damage|p2b: Froslass|0 fnt\n|faint|p2b: Froslass\n|\n|win|INCENEDORUS\n|raw|INCENEDORUS's rating: 1339 &rarr; <strong>1359</strong><br />(+20 for winning)\n|raw|VenuzFz's rating: 1343 &rarr; <strong>1323</strong><br />(-20 for losing)\n",
  "uploadtime": 1776580026,
  "views": 16,
  "formatid": "gen9championsvgc2026regma",
  "rating": 1323,
  "private": 0,
  "password": null
}