{
  "id": "gen9championsvgc2026regma-2582492943",
  "format": "[Gen 9 Champions] VGC 2026 Reg M-A",
  "players": [
    "NobleSeven",
    "colfox"
  ],
  "log": "|j|\u2606NobleSeven\n|j|\u2606colfox\n|t:|1776095192\n|gametype|doubles\n|player|p1|NobleSeven|266|1219\n|player|p2|colfox|265|1188\n|gen|9\n|tier|[Gen 9 Champions] VGC 2026 Reg M-A\n|rated|\n|rule|Species Clause: Limit one of each Pok\u00e9mon\n|rule|Item Clause: Limit 1 of each item\n|clearpoke\n|poke|p1|Pelipper, L50, F|\n|poke|p1|Archaludon, L50, M|\n|poke|p1|Meganium, L50, F|\n|poke|p1|Sneasler, L50, M|\n|poke|p1|Basculegion, L50, M|\n|poke|p1|Sinistcha, L50|\n|poke|p2|Ninetales, L50, M|\n|poke|p2|Dragonite, L50, F|\n|poke|p2|Sylveon, L50, F|\n|poke|p2|Milotic, L50, M|\n|poke|p2|Delphox, L50, M|\n|poke|p2|Garchomp, L50, F|\n|teampreview|4\n|\n|t:|1776095226\n|teamsize|p1|4\n|teamsize|p2|4\n|start\n|switch|p1a: Archaludon|Archaludon, L50, M|100/100\n|switch|p1b: Pelipper|Pelipper, L50, F|100/100\n|switch|p2a: Ninetales|Ninetales, L50, M|100/100\n|switch|p2b: Sylveon|Sylveon, L50, F|100/100\n|-weather|SunnyDay|[from] ability: Drought|[of] p2a: Ninetales\n|-weather|RainDance|[from] ability: Drizzle|[of] p1b: Pelipper\n|turn|1\n|\n|t:|1776095249\n|move|p2a: Ninetales|Helping Hand|p2b: Sylveon\n|-singleturn|p2b: Sylveon|Helping Hand|[of] p2a: Ninetales\n|move|p1a: Archaludon|Electro Shot||[still]\n|-prepare|p1a: Archaludon|Electro Shot\n|-boost|p1a: Archaludon|spa|1\n|-anim|p1a: Archaludon|Electro Shot|p2b: Sylveon\n|-damage|p2b: Sylveon|62/100\n|move|p1b: Pelipper|Hurricane|p2b: Sylveon\n|-damage|p2b: Sylveon|29/100\n|move|p2b: Sylveon|Hyper Voice|p1b: Pelipper|[spread] p1a,p1b\n|-ability|p1a: Archaludon|Sturdy\n|-damage|p1a: Archaludon|1/100\n|-enditem|p1b: Pelipper|Focus Sash\n|-damage|p1b: Pelipper|1/100\n|-enditem|p1a: Archaludon|Sitrus Berry|[eat]\n|-heal|p1a: Archaludon|26/100|[from] item: Sitrus Berry\n|\n|-weather|RainDance|[upkeep]\n|upkeep\n|turn|2\n|\n|t:|1776095277\n|move|p2b: Sylveon|Protect|p2b: Sylveon\n|-singleturn|p2b: Sylveon|Protect\n|move|p2a: Ninetales|Heat Wave|p1b: Pelipper|[spread] p1a,p1b\n|-resisted|p1b: Pelipper|1\n|-damage|p1a: Archaludon|11/100\n|-damage|p1b: Pelipper|0 fnt\n|faint|p1b: Pelipper\n|move|p1a: Archaludon|Electro Shot||[still]\n|-prepare|p1a: Archaludon|Electro Shot\n|-boost|p1a: Archaludon|spa|1\n|-anim|p1a: Archaludon|Electro Shot|p2a: Ninetales\n|-damage|p2a: Ninetales|29/100\n|\n|-weather|RainDance|[upkeep]\n|upkeep\n|\n|t:|1776095289\n|switch|p1b: Basculegion|Basculegion, L50, M|100/100\n|turn|3\n|\n|t:|1776095305\n|switch|p2b: Milotic|Milotic, L50, M|100/100\n|move|p2a: Ninetales|Protect|p2a: Ninetales\n|-singleturn|p2a: Ninetales|Protect\n|move|p1b: Basculegion|Flip Turn|p2a: Ninetales\n|-activate|p2a: Ninetales|move: Protect\n|move|p1a: Archaludon|Electro Shot||[still]\n|-prepare|p1a: Archaludon|Electro Shot\n|-boost|p1a: Archaludon|spa|1\n|-anim|p1a: Archaludon|Electro Shot|p2b: Milotic\n|-supereffective|p2b: Milotic|1\n|-damage|p2b: Milotic|0 fnt\n|faint|p2b: Milotic\n|\n|-weather|RainDance|[upkeep]\n|upkeep\n|\n|t:|1776095321\n|switch|p2b: Delphox|Delphox, L50, M|100/100\n|turn|4\n|\n|t:|1776095338\n|detailschange|p2b: Delphox|Delphox-Mega, L50, M\n|-mega|p2b: Delphox|Delphox|Delphoxite\n|move|p2b: Delphox|Protect|p2b: Delphox\n|-singleturn|p2b: Delphox|Protect\n|move|p1a: Archaludon|Protect|p1a: Archaludon\n|-singleturn|p1a: Archaludon|Protect\n|move|p1b: Basculegion|Flip Turn|p2a: Ninetales\n|-supereffective|p2a: Ninetales|1\n|-damage|p2a: Ninetales|0 fnt\n|faint|p2a: Ninetales\n|\n|t:|1776095346\n|switch|p1b: Sinistcha|Sinistcha, L50|100/100|[from] Flip Turn\n|-heal|p1a: Archaludon|36/100|[from] ability: Hospitality|[of] p1b: Sinistcha\n|\n|-weather|RainDance|[upkeep]\n|upkeep\n|\n|t:|1776095355\n|switch|p2a: Sylveon|Sylveon, L50, F|29/100\n|turn|5\n|\n|t:|1776095364\n|move|p2a: Sylveon|Helping Hand|p2b: Delphox\n|-singleturn|p2b: Delphox|Helping Hand|[of] p2a: Sylveon\n|move|p1b: Sinistcha|Rage Powder|p1b: Sinistcha\n|-singleturn|p1b: Sinistcha|move: Rage Powder\n|move|p2b: Delphox|Heat Wave|p1b: Sinistcha|[spread] p1a,p1b\n|-supereffective|p1b: Sinistcha|1\n|-damage|p1a: Archaludon|0 fnt\n|-damage|p1b: Sinistcha|25/100\n|-status|p1b: Sinistcha|brn\n|faint|p1a: Archaludon\n|\n|-weather|none\n|-damage|p1b: Sinistcha|19/100 brn|[from] brn\n|upkeep\n|\n|t:|1776095371\n|switch|p1a: Basculegion|Basculegion, L50, M|100/100\n|turn|6\n|\n|t:|1776095433\n|move|p2b: Delphox|Heat Wave|p1b: Sinistcha|[spread] p1a,p1b\n|-resisted|p1a: Basculegion|1\n|-supereffective|p1b: Sinistcha|1\n|-damage|p1a: Basculegion|78/100\n|-damage|p1b: Sinistcha|0 fnt\n|faint|p1b: Sinistcha\n|move|p1a: Basculegion|Last Respects|p2b: Delphox\n|-supereffective|p2b: Delphox|1\n|-damage|p2b: Delphox|0 fnt\n|faint|p2b: Delphox\n|move|p2a: Sylveon|Hyper Voice|p1a: Basculegion\n|-damage|p1a: Basculegion|0 fnt\n|faint|p1a: Basculegion\n|\n|win|colfox\n|raw|NobleSeven's rating: 1219 &rarr; <strong>1192</strong><br />(-27 for losing)\n|raw|colfox's rating: 1188 &rarr; <strong>1215</strong><br />(+27 for winning)\n|l|\u2606NobleSeven\n|player|p1|\n",
  "uploadtime": 1776095446,
  "views": 34,
  "formatid": "gen9championsvgc2026regma",
  "rating": 1192,
  "private": 0,
  "password": null
}