{
  "id": "gen9championsvgc2026regma-2588960432",
  "format": "[Gen 9 Champions] VGC 2026 Reg M-A",
  "players": [
    "kuzwarrior",
    "Venusaur-Saurr"
  ],
  "log": "|j|\u2606kuzwarrior\n|j|\u203dVenusaur-Saurr\n|html|<table width=\"100%\"><tr><td align=\"left\">kuzwarrior</td><td align=\"right\">Venusaur-Saurr</tr><tr><td align=\"left\"><i class=\"fa fa-circle-o\"></i> <i class=\"fa fa-circle-o\"></i> <i class=\"fa fa-circle-o\"></i> </td><td align=\"right\"><i class=\"fa fa-circle-o\"></i> <i class=\"fa fa-circle-o\"></i> <i class=\"fa fa-circle-o\"></i> </tr></table>\n|uhtml|bestof|<h2><strong>Game 1</strong> of <a href=\"/game-bestof5-gen9championsvgc2026regma-2588960431\">a best-of-5</a></h2>\n|t:|1776689665\n|gametype|doubles\n|player|p1|kuzwarrior|volkner|\n|player|p2|Venusaur-Saurr|riley|\n|gen|9\n|tier|[Gen 9 Champions] VGC 2026 Reg M-A\n|rule|Species Clause: Limit one of each Pok\u00e9mon\n|rule|Item Clause: Limit 1 of each item\n|raw|<div class=\"infobox\"><details class=\"readmore\" open><summary><strong>1 custom rule:</strong></summary> Best of = 5</details></div>\n|clearpoke\n|poke|p1|Drampa, L50, F|\n|poke|p1|Golurk, L50|\n|poke|p1|Kingambit, L50, F|\n|poke|p1|Farigiraf, L50, F|\n|poke|p1|Slowbro, L50, F|\n|poke|p1|Torkoal, L50, M|\n|poke|p2|Aerodactyl, L50, M|\n|poke|p2|Meowstic, L50, M|\n|poke|p2|Ninetales-Alola, L50, F|\n|poke|p2|Torkoal, L50, F|\n|poke|p2|Greninja, L50, F|\n|poke|p2|Venusaur, L50, M|\n|teampreview|4\n|\n|t:|1776689703\n|teamsize|p1|4\n|teamsize|p2|4\n|start\n|switch|p1a: Drampa|Drampa, L50, F|100/100\n|switch|p1b: Farigiraf|Farigiraf, L50, F|100/100\n|switch|p2a: Aerodactyl|Aerodactyl, L50, M|100/100\n|switch|p2b: Greninja|Greninja, L50, F|100/100\n|-ability|p2a: Aerodactyl|Pressure\n|turn|1\n|\n|t:|1776689810\n|detailschange|p1a: Drampa|Drampa-Mega, L50, F\n|-mega|p1a: Drampa|Drampa|Drampanite\n|move|p2a: Aerodactyl|Taunt|p1b: Farigiraf\n|-start|p1b: Farigiraf|move: Taunt\n|move|p2b: Greninja|U-turn|p1b: Farigiraf\n|-start|p2b: Greninja|typechange|Bug|[from] ability: Protean\n|-supereffective|p1b: Farigiraf|1\n|-damage|p1b: Farigiraf|63/100\n|\n|t:|1776689820\n|switch|p2b: Venusaur|Venusaur, L50, M|100/100|[from] U-turn\n|move|p1b: Farigiraf|Dazzling Gleam|p2b: Venusaur|[spread] p2a,p2b\n|-resisted|p2b: Venusaur|1\n|-damage|p2a: Aerodactyl|81/100\n|-damage|p2b: Venusaur|92/100\n|move|p1a: Drampa|Dragon Pulse|p2a: Aerodactyl\n|-damage|p2a: Aerodactyl|0 fnt\n|faint|p2a: Aerodactyl\n|\n|upkeep\n|\n|t:|1776689838\n|switch|p2a: Greninja|Greninja, L50, F|100/100\n|turn|2\n|\n|t:|1776689867\n|switch|p1b: Torkoal|Torkoal, L50, M|100/100\n|-weather|SunnyDay|[from] ability: Drought|[of] p1b: Torkoal\n|move|p2b: Venusaur|Sleep Powder|p1a: Drampa\n|-status|p1a: Drampa|slp|[from] move: Sleep Powder\n|move|p2a: Greninja|Hydro Pump|p1b: Torkoal\n|-start|p2a: Greninja|typechange|Water|[from] ability: Protean\n|-supereffective|p1b: Torkoal|1\n|-damage|p1b: Torkoal|45/100\n|cant|p1a: Drampa|slp\n|\n|-weather|SunnyDay|[upkeep]\n|upkeep\n|turn|3\n|\n|t:|1776689898\n|switch|p1a: Farigiraf|Farigiraf, L50, F|63/100\n|detailschange|p2a: Greninja|Greninja-Mega, L50, F\n|-mega|p2a: Greninja|Greninja|Greninjite\n|move|p1b: Torkoal|Protect|p1b: Torkoal\n|-singleturn|p1b: Torkoal|Protect\n|move|p2b: Venusaur|Earth Power|p1b: Torkoal\n|-activate|p1b: Torkoal|move: Protect\n|move|p2a: Greninja|Gunk Shot|p1a: Farigiraf\n|-start|p2a: Greninja|typechange|Poison|[from] ability: Protean\n|-crit|p1a: Farigiraf\n|-damage|p1a: Farigiraf|7/100\n|-enditem|p1a: Farigiraf|Sitrus Berry|[eat]\n|-heal|p1a: Farigiraf|32/100|[from] item: Sitrus Berry\n|\n|-weather|SunnyDay|[upkeep]\n|upkeep\n|turn|4\n|\n|t:|1776689930\n|move|p2b: Venusaur|Earth Power|p1b: Torkoal\n|-supereffective|p1b: Torkoal|1\n|-damage|p1b: Torkoal|0 fnt\n|faint|p1b: Torkoal\n|move|p2a: Greninja|U-turn|p1a: Farigiraf\n|-supereffective|p1a: Farigiraf|1\n|-damage|p1a: Farigiraf|0 fnt\n|faint|p1a: Farigiraf\n|\n|t:|1776689936\n|switch|p2a: Torkoal|Torkoal, L50, F|100/100|[from] U-turn\n|\n|-weather|SunnyDay|[upkeep]\n|upkeep\n|\n|t:|1776689943\n|switch|p1a: Drampa|Drampa-Mega, L50, F|100/100 slp\n|switch|p1b: Kingambit|Kingambit, L50, F|100/100\n|turn|5\n|\n|t:|1776689959\n|move|p1b: Kingambit|Protect|p1b: Kingambit\n|-singleturn|p1b: Kingambit|Protect\n|move|p2b: Venusaur|Sleep Powder|p1b: Kingambit\n|-activate|p1b: Kingambit|move: Protect\n|-curestatus|p1a: Drampa|slp|[msg]\n|move|p1a: Drampa|Hyper Voice|p2b: Venusaur|[spread] p2a,p2b\n|-damage|p2a: Torkoal|49/100\n|-damage|p2b: Venusaur|47/100\n|-enditem|p2a: Torkoal|Sitrus Berry|[eat]\n|-heal|p2a: Torkoal|74/100|[from] item: Sitrus Berry\n|move|p2a: Torkoal|Weather Ball|p1b: Kingambit\n|-activate|p1b: Kingambit|move: Protect\n|\n|-weather|SunnyDay|[upkeep]\n|upkeep\n|turn|6\n|\n|t:|1776689983\n|move|p1b: Kingambit|Sucker Punch|p2a: Torkoal\n|-damage|p2a: Torkoal|40/100\n|move|p2b: Venusaur|Sleep Powder|p1a: Drampa\n|-status|p1a: Drampa|slp|[from] move: Sleep Powder\n|cant|p1a: Drampa|slp\n|move|p2a: Torkoal|Weather Ball|p1b: Kingambit\n|-supereffective|p1b: Kingambit|1\n|-damage|p1b: Kingambit|0 fnt\n|faint|p1b: Kingambit\n|\n|-weather|none\n|upkeep\n|turn|7\n|\n|t:|1776690021\n|move|p2b: Venusaur|Earth Power|p1a: Drampa\n|-damage|p1a: Drampa|69/100 slp\n|-curestatus|p1a: Drampa|slp|[msg]\n|move|p1a: Drampa|Hyper Voice|p2b: Venusaur|[spread] p2a,p2b\n|-damage|p2a: Torkoal|0 fnt\n|-damage|p2b: Venusaur|4/100\n|faint|p2a: Torkoal\n|\n|upkeep\n|\n|t:|1776690028\n|switch|p2a: Greninja|Greninja-Mega, L50, F|100/100\n|turn|8\n|\n|t:|1776690051\n|move|p1a: Drampa|Protect|p1a: Drampa\n|-singleturn|p1a: Drampa|Protect\n|move|p2a: Greninja|Gunk Shot|p1a: Drampa\n|-start|p2a: Greninja|typechange|Poison|[from] ability: Protean\n|-activate|p1a: Drampa|move: Protect\n|move|p2b: Venusaur|Sleep Powder|p1a: Drampa\n|-activate|p1a: Drampa|move: Protect\n|\n|upkeep\n|turn|9\n|\n|t:|1776690062\n|move|p2a: Greninja|Gunk Shot|p1a: Drampa|[miss]\n|-miss|p2a: Greninja|p1a: Drampa\n|move|p2b: Venusaur|Sleep Powder|p1a: Drampa\n|-status|p1a: Drampa|slp|[from] move: Sleep Powder\n|cant|p1a: Drampa|slp\n|\n|upkeep\n|turn|10\n|\n|t:|1776690071\n|move|p2a: Greninja|Gunk Shot|p1a: Drampa\n|-damage|p1a: Drampa|20/100 slp\n|-ability|p1a: Drampa|Berserk|boost\n|-boost|p1a: Drampa|spa|1\n|move|p2b: Venusaur|Earth Power|p1a: Drampa\n|-damage|p1a: Drampa|0 fnt\n|faint|p1a: Drampa\n|\n|win|Venusaur-Saurr\n|inactive|kuzwarrior has 30 seconds to confirm battle start!\n|inactive|Venusaur-Saurr has 30 seconds to confirm battle start!\n||Venusaur-Saurr is ready for game 2.\n|inactive|kuzwarrior has 20 seconds to confirm battle start!\n|inactive|kuzwarrior has 10 seconds to confirm battle start!\n|uhtml|next|Next: <a href=\"/battle-gen9championsvgc2026regma-2588965732\"><strong>Game 2 of 5</strong></a>\n",
  "uploadtime": 1776690341,
  "views": 1,
  "formatid": "gen9championsvgc2026regma",
  "rating": null,
  "private": 0,
  "password": null
}