{
  "id": "gen9championsvgc2026regma-2584526181",
  "format": "[Gen 9 Champions] VGC 2026 Reg M-A",
  "players": [
    "sweepmaster99",
    "Doggo_10"
  ],
  "log": "|j|\u2606sweepmaster99\n|j|\u2606Doggo_10\n|t:|1776266630\n|gametype|doubles\n|player|p1|sweepmaster99|265|1048\n|player|p2|Doggo_10|265|1026\n|gen|9\n|tier|[Gen 9 Champions] VGC 2026 Reg M-A\n|rated|\n|rule|Species Clause: Limit one of each Pok\u00e9mon\n|rule|Item Clause: Limit 1 of each item\n|clearpoke\n|poke|p1|Gengar, L50, F|\n|poke|p1|Bastiodon, L50, F|\n|poke|p1|Sinistcha, L50|\n|poke|p1|Maushold-Four, L50|\n|poke|p1|Clefable, L50, M|\n|poke|p1|Incineroar, L50, M|\n|poke|p2|Armarouge, L50, M|\n|poke|p2|Aggron, L50, M|\n|poke|p2|Sneasler, L50, M|\n|poke|p2|Charizard, L50, F|\n|poke|p2|Froslass, L50, F|\n|poke|p2|Rotom-Wash, L50|\n|teampreview|4\n|\n|t:|1776266664\n|teamsize|p1|4\n|teamsize|p2|4\n|start\n|switch|p1a: Gengar|Gengar, L50, F, shiny|100/100\n|switch|p1b: Maushold|Maushold-Four, L50|100/100\n|switch|p2a: Charizard|Charizard, L50, F, shiny|100/100\n|switch|p2b: Sneasler|Sneasler, L50, M|100/100\n|turn|1\n|inactive|Battle timer is ON: inactive players will automatically lose when time's up. (requested by sweepmaster99)\n|\n|t:|1776266683\n|detailschange|p1a: Gengar|Gengar-Mega, L50, F, shiny\n|-mega|p1a: Gengar|Gengar|Gengarite\n|detailschange|p2a: Charizard|Charizard-Mega-Y, L50, F, shiny\n|-mega|p2a: Charizard|Charizard|Charizardite Y\n|-weather|SunnyDay|[from] ability: Drought|[of] p2a: Charizard\n|move|p2b: Sneasler|Fake Out|p1b: Maushold\n|-damage|p1b: Maushold|86/100\n|cant|p1b: Maushold|flinch\n|move|p1a: Gengar|Perish Song|p1a: Gengar\n|-start|p1a: Gengar|perish3|[silent]\n|-start|p1b: Maushold|perish3|[silent]\n|-start|p2a: Charizard|perish3|[silent]\n|-start|p2b: Sneasler|perish3|[silent]\n|-fieldactivate|move: Perish Song\n|move|p2a: Charizard|Heat Wave|p1b: Maushold|[spread] p1a\n|-miss|p2a: Charizard|p1b: Maushold\n|-damage|p1a: Gengar|41/100\n|-status|p1a: Gengar|brn\n|\n|-weather|SunnyDay|[upkeep]\n|-damage|p1a: Gengar|35/100 brn|[from] brn\n|-start|p1a: Gengar|perish3\n|-start|p2a: Charizard|perish3\n|-start|p2b: Sneasler|perish3\n|-start|p1b: Maushold|perish3\n|upkeep\n|turn|2\n|inactive|sweepmaster99 has 30 seconds left.\n|inactive|Doggo_10 has 30 seconds left.\n|inactive|Doggo_10 has 20 seconds left.\n|inactive|Doggo_10 has 15 seconds left.\n|\n|t:|1776266725\n|move|p1b: Maushold|Follow Me|p1b: Maushold\n|-singleturn|p1b: Maushold|move: Follow Me\n|move|p1a: Gengar|Disable|p2a: Charizard\n|-start|p2a: Charizard|Disable|Heat Wave\n|cant|p2a: Charizard|Disable|Heat Wave\n|move|p2b: Sneasler|Close Combat|p1b: Maushold\n|-supereffective|p1b: Maushold|1\n|-enditem|p1b: Maushold|Chople Berry|[eat]\n|-enditem|p1b: Maushold|Chople Berry|[weaken]\n|-damage|p1b: Maushold|15/100\n|-unboost|p2b: Sneasler|def|1\n|-unboost|p2b: Sneasler|spd|1\n|-enditem|p2b: Sneasler|White Herb\n|-clearnegativeboost|p2b: Sneasler|[silent]\n|\n|-weather|SunnyDay|[upkeep]\n|-damage|p1a: Gengar|29/100 brn|[from] brn\n|-start|p2b: Sneasler|perish2\n|-start|p1a: Gengar|perish2\n|-start|p2a: Charizard|perish2\n|-start|p1b: Maushold|perish2\n|upkeep\n|turn|3\n|inactive|sweepmaster99 has 30 seconds left.\n|inactive|Doggo_10 has 30 seconds left.\n|\n|t:|1776266756\n|move|p1a: Gengar|Protect|p1a: Gengar\n|-singleturn|p1a: Gengar|Protect\n|move|p1b: Maushold|Protect|p1b: Maushold\n|-singleturn|p1b: Maushold|Protect\n|move|p2b: Sneasler|Close Combat|p1b: Maushold\n|-activate|p1b: Maushold|move: Protect\n|move|p2a: Charizard|Solar Beam||[still]\n|-prepare|p2a: Charizard|Solar Beam\n|-anim|p2a: Charizard|Solar Beam|p1a: Gengar\n|-activate|p1a: Gengar|move: Protect\n|\n|-weather|SunnyDay|[upkeep]\n|-damage|p1a: Gengar|23/100 brn|[from] brn\n|-start|p2b: Sneasler|perish1\n|-start|p1a: Gengar|perish1\n|-start|p2a: Charizard|perish1\n|-start|p1b: Maushold|perish1\n|upkeep\n|turn|4\n|\n|t:|1776266776\n|switch|p1a: Bastiodon|Bastiodon, L50, F|100/100\n|switch|p1b: Clefable|Clefable, L50, M|100/100\n|move|p2b: Sneasler|Close Combat|p1b: Clefable\n|-resisted|p1b: Clefable|1\n|-damage|p1b: Clefable|74/100\n|-unboost|p2b: Sneasler|def|1\n|-unboost|p2b: Sneasler|spd|1\n|move|p2a: Charizard|Weather Ball|p1a: Bastiodon\n|-crit|p1a: Bastiodon\n|-enditem|p1a: Bastiodon|Focus Sash\n|-damage|p1a: Bastiodon|1/100\n|\n|-weather|SunnyDay|[upkeep]\n|-start|p2b: Sneasler|perish0\n|-start|p2a: Charizard|perish0\n|upkeep\n|faint|p2b: Sneasler\n|faint|p2a: Charizard\n|\n|t:|1776266795\n|switch|p2a: Rotom|Rotom-Wash, L50|100/100\n|switch|p2b: Aggron|Aggron, L50, M|100/100\n|turn|5\n|\n|t:|1776266817\n|switch|p1a: Gengar|Gengar-Mega, L50, F, shiny|23/100 brn\n|move|p1b: Clefable|Follow Me|p1b: Clefable\n|-singleturn|p1b: Clefable|move: Follow Me\n|move|p2a: Rotom|Hydro Pump|p1b: Clefable\n|-damage|p1b: Clefable|50/100\n|-enditem|p1b: Clefable|Sitrus Berry|[eat]\n|-heal|p1b: Clefable|74/100|[from] item: Sitrus Berry\n|move|p2b: Aggron|Heavy Slam|p1b: Clefable\n|-supereffective|p1b: Clefable|1\n|-damage|p1b: Clefable|0 fnt\n|faint|p1b: Clefable\n|\n|-weather|none\n|-damage|p1a: Gengar|17/100 brn|[from] brn\n|upkeep\n|\n|t:|1776266833\n|switch|p1b: Bastiodon|Bastiodon, L50, F|1/100\n|turn|6\n|\n|t:|1776266845\n|move|p1b: Bastiodon|Wide Guard|p1b: Bastiodon\n|-singleturn|p1b: Bastiodon|Wide Guard\n|move|p1a: Gengar|Perish Song|p1a: Gengar\n|-start|p1a: Gengar|perish3|[silent]\n|-immune|p1b: Bastiodon|[from] ability: Soundproof\n|-start|p2a: Rotom|perish3|[silent]\n|-start|p2b: Aggron|perish3|[silent]\n|-fieldactivate|move: Perish Song\n|move|p2a: Rotom|Hydro Pump|p1b: Bastiodon\n|-supereffective|p1b: Bastiodon|1\n|-damage|p1b: Bastiodon|0 fnt\n|faint|p1b: Bastiodon\n|move|p2b: Aggron|Iron Defense|p2b: Aggron\n|-boost|p2b: Aggron|def|2\n|\n|-damage|p1a: Gengar|11/100 brn|[from] brn\n|-start|p1a: Gengar|perish3\n|-start|p2a: Rotom|perish3\n|-start|p2b: Aggron|perish3\n|upkeep\n|\n|t:|1776266860\n|switch|p1b: Maushold|Maushold-Four, L50|15/100\n|turn|7\n|inactive|sweepmaster99 has 30 seconds left.\n|\n|t:|1776266892\n|move|p1b: Maushold|Protect|p1b: Maushold\n|-singleturn|p1b: Maushold|Protect\n|move|p1a: Gengar|Disable|p2b: Aggron\n|-start|p2b: Aggron|Disable|Iron Defense\n|move|p2a: Rotom|Thunderbolt|p1a: Gengar\n|-damage|p1a: Gengar|0 fnt\n|faint|p1a: Gengar\n|move|p2b: Aggron|Body Press|p1b: Maushold\n|-activate|p1b: Maushold|move: Protect\n|\n|-start|p2a: Rotom|perish2\n|-start|p2b: Aggron|perish2\n|upkeep\n|turn|8\n|\n|t:|1776266908\n|move|p1b: Maushold|Protect||[still]\n|-fail|p1b: Maushold\n|move|p2a: Rotom|Thunderbolt|p1b: Maushold\n|-damage|p1b: Maushold|0 fnt\n|faint|p1b: Maushold\n|\n|win|Doggo_10\n|raw|sweepmaster99's rating: 1048 &rarr; <strong>1030</strong><br />(-18 for losing)\n|raw|Doggo_10's rating: 1026 &rarr; <strong>1064</strong><br />(+38 for winning)\n|l|\u2606sweepmaster99\n|player|p1|\n",
  "uploadtime": 1776266918,
  "views": 21,
  "formatid": "gen9championsvgc2026regma",
  "rating": 1030,
  "private": 0,
  "password": null
}