{
  "id": "gen9championsvgc2026regma-2586086643",
  "format": "[Gen 9 Champions] VGC 2026 Reg M-A",
  "players": [
    "MaxerCN",
    "HandsomeNuts"
  ],
  "log": "|j|\u2606MaxerCN\n|j|\u2606HandsomeNuts\n|t:|1776397509\n|gametype|doubles\n|player|p1|MaxerCN|2|1051\n|player|p2|HandsomeNuts|sailor|1043\n|gen|9\n|tier|[Gen 9 Champions] VGC 2026 Reg M-A\n|rated|\n|rule|Species Clause: Limit one of each Pok\u00e9mon\n|rule|Item Clause: Limit 1 of each item\n|clearpoke\n|poke|p1|Pinsir, L50, F|\n|poke|p1|Politoed, L50, F|\n|poke|p1|Raichu, L50, F|\n|poke|p1|Lucario, L50, F|\n|poke|p1|Scovillain, L50, F|\n|poke|p1|Talonflame, L50, F|\n|poke|p2|Scizor, L50, F|\n|poke|p2|Basculegion, L50, M|\n|poke|p2|Incineroar, L50, M|\n|poke|p2|Ninetales-Alola, L50, F|\n|poke|p2|Kommo-o, L50, F|\n|poke|p2|Sneasler, L50, F|\n|teampreview|4\n|\n|t:|1776397573\n|teamsize|p1|4\n|teamsize|p2|4\n|start\n|switch|p1a: Lucario|Lucario, L50, F|100/100\n|switch|p1b: Scovillain|Scovillain, L50, F|100/100\n|switch|p2a: Scizor|Scizor, L50, F|100/100\n|switch|p2b: Basculegion|Basculegion, L50, M|100/100\n|turn|1\n|\n|t:|1776397615\n|switch|p2a: Sneasler|Sneasler, L50, F|100/100\n|move|p2b: Basculegion|Wave Crash|p1a: Lucario\n|-damage|p1a: Lucario|0 fnt\n|faint|p1a: Lucario\n|-damage|p2b: Basculegion|74/100|[from] Recoil\n|move|p1b: Scovillain|Will-O-Wisp|p2b: Basculegion\n|-status|p2b: Basculegion|brn\n|\n|-damage|p2b: Basculegion|68/100 brn|[from] brn\n|-ability|p1b: Scovillain|Moody|boost\n|-boost|p1b: Scovillain|spe|2\n|-unboost|p1b: Scovillain|atk|1\n|upkeep\n|\n|t:|1776397640\n|switch|p1a: Pinsir|Pinsir, L50, F|100/100\n|turn|2\n|\n|t:|1776397665\n|switch|p2b: Incineroar|Incineroar, L50, M|100/100\n|-ability|p2b: Incineroar|Intimidate|boost\n|-fail|p1a: Pinsir|unboost|Attack|[from] ability: Hyper Cutter|[of] p1a: Pinsir\n|-unboost|p1b: Scovillain|atk|1\n|detailschange|p1a: Pinsir|Pinsir-Mega, L50, F\n|-mega|p1a: Pinsir|Pinsir|Pinsirite\n|move|p1a: Pinsir|Detect|p1a: Pinsir\n|-singleturn|p1a: Pinsir|Protect\n|move|p1b: Scovillain|Will-O-Wisp|p2a: Sneasler\n|-status|p2a: Sneasler|brn\n|move|p2a: Sneasler|Dire Claw|p1b: Scovillain\n|-supereffective|p1b: Scovillain|1\n|-damage|p1b: Scovillain|52/100\n|\n|-heal|p1b: Scovillain|57/100|[from] item: Leftovers\n|-damage|p2a: Sneasler|95/100 brn|[from] brn\n|-ability|p1b: Scovillain|Moody|boost\n|-boost|p1b: Scovillain|spe|2\n|-unboost|p1b: Scovillain|def|1\n|upkeep\n|turn|3\n|\n|t:|1776397725\n|switch|p1a: Talonflame|Talonflame, L50, F|100/100\n|move|p2a: Sneasler|Protect|p2a: Sneasler\n|-singleturn|p2a: Sneasler|Protect\n|move|p1b: Scovillain|Leech Seed|p2b: Incineroar\n|-start|p2b: Incineroar|move: Leech Seed\n|move|p2b: Incineroar|Flare Blitz|p1a: Talonflame\n|-resisted|p1a: Talonflame|1\n|-damage|p1a: Talonflame|58/100\n|-damage|p2b: Incineroar|88/100|[from] Recoil\n|\n|-heal|p1b: Scovillain|63/100|[from] item: Leftovers\n|-damage|p2b: Incineroar|75/100|[from] Leech Seed|[of] p1b: Scovillain\n|-heal|p1b: Scovillain|78/100|[silent]\n|-damage|p2a: Sneasler|89/100 brn|[from] brn\n|-ability|p1b: Scovillain|Moody|boost\n|-boost|p1b: Scovillain|spd|2\n|-unboost|p1b: Scovillain|spa|1\n|upkeep\n|turn|4\n|\n|t:|1776397771\n|move|p1b: Scovillain|Leech Seed|p2a: Sneasler\n|-start|p2a: Sneasler|move: Leech Seed\n|move|p1a: Talonflame|Brave Bird|p2b: Incineroar\n|-damage|p2b: Incineroar|44/100\n|-enditem|p2b: Incineroar|Sitrus Berry|[eat]\n|-heal|p2b: Incineroar|68/100|[from] item: Sitrus Berry\n|-damage|p1a: Talonflame|47/100|[from] Recoil\n|move|p2a: Sneasler|Dire Claw|p1b: Scovillain\n|-supereffective|p1b: Scovillain|1\n|-crit|p1b: Scovillain\n|-damage|p1b: Scovillain|0 fnt\n|faint|p1b: Scovillain\n|move|p2b: Incineroar|Parting Shot|p1a: Talonflame\n|-unboost|p1a: Talonflame|atk|1\n|-unboost|p1a: Talonflame|spa|1\n|\n|t:|1776397785\n|switch|p2b: Basculegion|Basculegion, L50, M|68/100 brn|[from] Parting Shot\n|\n|-damage|p2b: Basculegion|61/100 brn|[from] brn\n|-damage|p2a: Sneasler|83/100 brn|[from] brn\n|upkeep\n|\n|t:|1776397792\n|switch|p1b: Pinsir|Pinsir-Mega, L50, F|100/100\n|turn|5\n|\n|t:|1776397838\n|move|p2a: Sneasler|Protect|p2a: Sneasler\n|-singleturn|p2a: Sneasler|Protect\n|move|p2b: Basculegion|Aqua Jet|p1a: Talonflame\n|-supereffective|p1a: Talonflame|1\n|-damage|p1a: Talonflame|12/100\n|move|p1a: Talonflame|Brave Bird|p2b: Basculegion\n|-damage|p2b: Basculegion|32/100 brn\n|-damage|p1a: Talonflame|2/100|[from] Recoil\n|move|p1b: Pinsir|Body Slam|p2b: Basculegion\n|-damage|p2b: Basculegion|0 fnt\n|faint|p2b: Basculegion\n|\n|-damage|p2a: Sneasler|71/100 brn|[from] Leech Seed|[of] p1b: Pinsir\n|-damage|p2a: Sneasler|65/100 brn|[from] brn\n|upkeep\n|\n|t:|1776397853\n|switch|p2b: Scizor|Scizor, L50, F|100/100\n|turn|6\n|\n|t:|1776397881\n|detailschange|p2b: Scizor|Scizor-Mega, L50, F\n|-mega|p2b: Scizor|Scizor|Scizorite\n|move|p1a: Talonflame|Protect|p1a: Talonflame\n|-singleturn|p1a: Talonflame|Protect\n|move|p2b: Scizor|Bullet Punch|p1a: Talonflame\n|-activate|p1a: Talonflame|move: Protect\n|move|p2a: Sneasler|Dire Claw|p1b: Pinsir\n|-damage|p1b: Pinsir|80/100\n|move|p1b: Pinsir|Body Slam|p2b: Scizor\n|-damage|p2b: Scizor|51/100\n|\n|-damage|p2a: Sneasler|53/100 brn|[from] Leech Seed|[of] p1b: Pinsir\n|-heal|p1b: Pinsir|93/100|[silent]\n|-damage|p2a: Sneasler|48/100 brn|[from] brn\n|upkeep\n|turn|7\n|\n|t:|1776397905\n|move|p1a: Talonflame|Protect|p1a: Talonflame\n|-singleturn|p1a: Talonflame|Protect\n|move|p2a: Sneasler|Dire Claw|p1a: Talonflame\n|-activate|p1a: Talonflame|move: Protect\n|move|p1b: Pinsir|Body Slam|p2b: Scizor\n|-damage|p2b: Scizor|3/100\n|-status|p2b: Scizor|par\n|move|p2b: Scizor|Swords Dance|p2b: Scizor\n|-boost|p2b: Scizor|atk|2\n|\n|-damage|p2a: Sneasler|36/100 brn|[from] Leech Seed|[of] p1b: Pinsir\n|-heal|p1b: Pinsir|100/100|[silent]\n|-damage|p2a: Sneasler|30/100 brn|[from] brn\n|upkeep\n|turn|8\n|\n|t:|1776397933\n|move|p2b: Scizor|Protect|p2b: Scizor\n|-singleturn|p2b: Scizor|Protect\n|move|p1b: Pinsir|Feint|p2b: Scizor\n|-activate|p2b: Scizor|move: Feint\n|-damage|p2b: Scizor|0 fnt\n|faint|p2b: Scizor\n|move|p1a: Talonflame|Brave Bird|p2a: Sneasler\n|-supereffective|p2a: Sneasler|1\n|-damage|p2a: Sneasler|0 fnt\n|faint|p2a: Sneasler\n|-damage|p1a: Talonflame|0 fnt|[from] Recoil\n|faint|p1a: Talonflame\n|\n|upkeep\n|\n|t:|1776397948\n|switch|p2b: Incineroar|Incineroar, L50, M|68/100\n|-ability|p2b: Incineroar|Intimidate|boost\n|-unboost|p1b: Pinsir|atk|1\n|turn|9\n|\n|t:|1776397961\n|move|p1b: Pinsir|Detect|p1b: Pinsir\n|-singleturn|p1b: Pinsir|Protect\n|move|p2b: Incineroar|Fake Out|p1b: Pinsir\n|-activate|p1b: Pinsir|move: Protect\n|\n|upkeep\n|turn|10\n|\n|t:|1776397971\n|move|p1b: Pinsir|Body Slam|p2b: Incineroar\n|-damage|p2b: Incineroar|28/100\n|-status|p2b: Incineroar|par\n|cant|p2b: Incineroar|par\n|\n|upkeep\n|turn|11\n|\n|t:|1776397981\n|move|p1b: Pinsir|Body Slam|p2b: Incineroar\n|-damage|p2b: Incineroar|0 fnt\n|faint|p2b: Incineroar\n|\n|win|MaxerCN\n|raw|MaxerCN's rating: 1051 &rarr; <strong>1083</strong><br />(+32 for winning)\n|raw|HandsomeNuts's rating: 1043 &rarr; <strong>1027</strong><br />(-16 for losing)\n|l|\u2606HandsomeNuts\n|player|p2|\n",
  "uploadtime": 1776398174,
  "views": 17,
  "formatid": "gen9championsvgc2026regma",
  "rating": 1027,
  "private": 0,
  "password": null
}