{
  "id": "gen9championsvgc2026regma-2584995258",
  "format": "[Gen 9 Champions] VGC 2026 Reg M-A",
  "players": [
    "Cooltrainerbu",
    "giamPW07"
  ],
  "log": "|j|\u2606Cooltrainerbu\n|j|\u203dgiamPW07\n|t:|1776301637\n|gametype|doubles\n|player|p1|Cooltrainerbu|n|1164\n|player|p2|giamPW07|102|1164\n|gen|9\n|tier|[Gen 9 Champions] VGC 2026 Reg M-A\n|rated|\n|rule|Species Clause: Limit one of each Pok\u00e9mon\n|rule|Item Clause: Limit 1 of each item\n|clearpoke\n|poke|p1|Charizard, L50, F|\n|poke|p1|Whimsicott, L50, F|\n|poke|p1|Garchomp, L50, M|\n|poke|p1|Sneasler, L50, M|\n|poke|p1|Maushold, L50|\n|poke|p1|Incineroar, L50, F|\n|poke|p2|Glimmora, L50, M|\n|poke|p2|Pelipper, L50, M|\n|poke|p2|Archaludon, L50, F|\n|poke|p2|Basculegion, L50, M|\n|poke|p2|Incineroar, L50, F|\n|poke|p2|Sneasler, L50, F|\n|teampreview|4\n|inactive|Battle timer is ON: inactive players will automatically lose when time's up. (requested by giamPW07)\ngiamPW07 rejected open team sheets.\n|\n|t:|1776301708\n|teamsize|p1|4\n|teamsize|p2|4\n|start\n|switch|p1a: Sneasler|Sneasler, L50, M|100/100\n|switch|p1b: Incineroar|Incineroar, L50, F|100/100\n|switch|p2a: Glimmora|Glimmora, L50, M|100/100\n|switch|p2b: Sneasler|Sneasler, L50, F|100/100\n|-ability|p1b: Incineroar|Intimidate|boost\n|-unboost|p2a: Glimmora|atk|1\n|-unboost|p2b: Sneasler|atk|1\n|-enditem|p2b: Sneasler|White Herb\n|-clearnegativeboost|p2b: Sneasler|[silent]\n|turn|1\n|inactive|Cooltrainerbu has 30 seconds left.\n|inactive|giamPW07 has 30 seconds left.\n|inactive|Cooltrainerbu has 20 seconds left.\n|inactive|Cooltrainerbu has 15 seconds left.\n|\n|t:|1776301750\n|detailschange|p2a: Glimmora|Glimmora-Mega, L50, M\n|-mega|p2a: Glimmora|Glimmora|Glimmoranite\n|move|p2a: Glimmora|Spiky Shield|p2a: Glimmora\n|-singleturn|p2a: Glimmora|move: Protect\n|move|p1b: Incineroar|Fake Out|p2a: Glimmora\n|-activate|p2a: Glimmora|move: Protect\n|-damage|p1b: Incineroar|88/100|[from] Spiky Shield|[of] p2a: Glimmora\n|move|p2b: Sneasler|Close Combat|p1b: Incineroar\n|-supereffective|p1b: Incineroar|1\n|-damage|p1b: Incineroar|0 fnt\n|-unboost|p2b: Sneasler|def|1\n|-unboost|p2b: Sneasler|spd|1\n|faint|p1b: Incineroar\n|move|p1a: Sneasler|Rock Tomb|p2b: Sneasler\n|-resisted|p2b: Sneasler|1\n|-damage|p2b: Sneasler|72/100\n|-unboost|p2b: Sneasler|spe|1\n|\n|upkeep\n|\n|t:|1776301771\n|switch|p1b: Garchomp|Garchomp, L50, M|100/100\n|turn|2\n|\n|t:|1776301795\n|switch|p2a: Pelipper|Pelipper, L50, M|100/100\n|-weather|RainDance|[from] ability: Drizzle|[of] p2a: Pelipper\n|move|p1a: Sneasler|Protect|p1a: Sneasler\n|-singleturn|p1a: Sneasler|Protect\n|move|p2b: Sneasler|Close Combat|p1b: Garchomp\n|-damage|p1b: Garchomp|42/100\n|-unboost|p2b: Sneasler|def|1\n|-unboost|p2b: Sneasler|spd|1\n|-damage|p2b: Sneasler|60/100|[from] ability: Rough Skin|[of] p1b: Garchomp\n|move|p1b: Garchomp|Earthquake|p2b: Sneasler|[spread] p2b\n|-activate|p1a: Sneasler|move: Protect\n|-immune|p2a: Pelipper\n|-supereffective|p2b: Sneasler|1\n|-damage|p2b: Sneasler|0 fnt\n|faint|p2b: Sneasler\n|\n|-weather|RainDance|[upkeep]\n|upkeep\n|inactive|giamPW07 has 30 seconds left.\n|\n|t:|1776301825\n|switch|p2b: Archaludon|Archaludon, L50, F|100/100\n|turn|3\n|inactive|Cooltrainerbu has 30 seconds left.\n|inactive|Cooltrainerbu has 20 seconds left.\n|\n|t:|1776301862\n|move|p1a: Sneasler|Close Combat|p2b: Archaludon\n|-supereffective|p2b: Archaludon|1\n|-damage|p2b: Archaludon|0 fnt\n|-unboost|p1a: Sneasler|def|1\n|-unboost|p1a: Sneasler|spd|1\n|faint|p2b: Archaludon\n|-enditem|p1a: Sneasler|White Herb\n|-clearnegativeboost|p1a: Sneasler|[silent]\n|move|p1b: Garchomp|Rock Slide|p2a: Pelipper\n|-supereffective|p2a: Pelipper|1\n|-damage|p2a: Pelipper|28/100\n|move|p2a: Pelipper|Tailwind|p2a: Pelipper\n|-sidestart|p2: giamPW07|move: Tailwind\n|\n|-weather|RainDance|[upkeep]\n|upkeep\n|\n|t:|1776301875\n|switch|p2b: Glimmora|Glimmora-Mega, L50, M|100/100\n|turn|4\n|inactive|Cooltrainerbu has 30 seconds left.\n|inactive|giamPW07 has 30 seconds left.\n|\n|t:|1776301905\n|move|p1a: Sneasler|Rock Tomb|p2b: Glimmora\n|-damage|p2b: Glimmora|76/100\n|-unboost|p2b: Glimmora|spe|1\n|move|p2a: Pelipper|Hurricane|p1a: Sneasler\n|-supereffective|p1a: Sneasler|1\n|-damage|p1a: Sneasler|0 fnt\n|faint|p1a: Sneasler\n|move|p2b: Glimmora|Dazzling Gleam|p1b: Garchomp\n|-supereffective|p1b: Garchomp|1\n|-damage|p1b: Garchomp|0 fnt\n|faint|p1b: Garchomp\n|\n|-weather|RainDance|[upkeep]\n|upkeep\n|\n|t:|1776301920\n|switch|p1b: Whimsicott|Whimsicott, L50, F|100/100\n|turn|5\n|\n|t:|1776301934\n|move|p2a: Pelipper|Hurricane|p1b: Whimsicott\n|-supereffective|p1b: Whimsicott|1\n|-enditem|p1b: Whimsicott|Focus Sash\n|-damage|p1b: Whimsicott|1/100\n|move|p2b: Glimmora|Power Gem|p1b: Whimsicott\n|-damage|p1b: Whimsicott|0 fnt\n|faint|p1b: Whimsicott\n|\n|win|giamPW07\n|raw|Cooltrainerbu's rating: 1164 &rarr; <strong>1139</strong><br />(-25 for losing)\n|raw|giamPW07's rating: 1164 &rarr; <strong>1189</strong><br />(+25 for winning)\n",
  "uploadtime": 1776301939,
  "views": 17,
  "formatid": "gen9championsvgc2026regma",
  "rating": 1139,
  "private": 0,
  "password": null
}