{
  "id": "gen9championsvgc2026regma-2583742739",
  "format": "[Gen 9 Champions] VGC 2026 Reg M-A",
  "players": [
    "SudoNinja",
    "Uncreative7452"
  ],
  "log": "|j|\u2606SudoNinja\n|j|\u203dUncreative7452\n|t:|1776194644\n|gametype|doubles\n|player|p1|SudoNinja|265|1162\n|player|p2|Uncreative7452|tuber|1096\n|gen|9\n|tier|[Gen 9 Champions] VGC 2026 Reg M-A\n|rated|\n|rule|Species Clause: Limit one of each Pok\u00e9mon\n|rule|Item Clause: Limit 1 of each item\n|clearpoke\n|poke|p1|Aerodactyl, L50, F|\n|poke|p1|Lucario, L50, F|\n|poke|p1|Maushold, L50|\n|poke|p1|Incineroar, L50, M|\n|poke|p1|Basculegion, L50, M|\n|poke|p1|Floette-Eternal, L50, F|\n|poke|p2|Charizard, L50, M|\n|poke|p2|Venusaur, L50, F|\n|poke|p2|Sneasler, L50, M|\n|poke|p2|Dragonite, L50, F|\n|poke|p2|Incineroar, L50, F|\n|poke|p2|Rhyperior, L50, F|\n|teampreview|4\n|\n|t:|1776194671\n|teamsize|p1|4\n|teamsize|p2|4\n|start\n|switch|p1a: Aerodactyl|Aerodactyl, L50, F|100/100\n|switch|p1b: Basculegion|Basculegion, L50, M|100/100\n|switch|p2a: Rhyperior|Rhyperior, L50, F|100/100\n|switch|p2b: Charizard|Charizard, L50, M, shiny|100/100\n|turn|1\n|\n|t:|1776194703\n|detailschange|p2b: Charizard|Charizard-Mega-Y, L50, M, shiny\n|-mega|p2b: Charizard|Charizard|Charizardite Y\n|-weather|SunnyDay|[from] ability: Drought|[of] p2b: Charizard\n|move|p2b: Charizard|Protect|p2b: Charizard\n|-singleturn|p2b: Charizard|Protect\n|move|p1b: Basculegion|Wave Crash|p2b: Charizard\n|-activate|p2b: Charizard|move: Protect\n|move|p1a: Aerodactyl|Tailwind|p1a: Aerodactyl\n|-sidestart|p1: SudoNinja|move: Tailwind\n|move|p2a: Rhyperior|Rock Slide|p1a: Aerodactyl|[spread] p1a,p1b\n|-supereffective|p1a: Aerodactyl|1\n|-crit|p1b: Basculegion\n|-enditem|p1a: Aerodactyl|Focus Sash\n|-damage|p1a: Aerodactyl|1/100\n|-damage|p1b: Basculegion|35/100\n|\n|-weather|SunnyDay|[upkeep]\n|upkeep\n|turn|2\n|\n|t:|1776194715\n|switch|p2b: Incineroar|Incineroar, L50, F|100/100\n|-ability|p2b: Incineroar|Intimidate|boost\n|-unboost|p1a: Aerodactyl|atk|1\n|-unboost|p1b: Basculegion|atk|1\n|move|p1b: Basculegion|Wave Crash|p2a: Rhyperior\n|-supereffective|p2a: Rhyperior|2\n|-damage|p2a: Rhyperior|49/100\n|-damage|p1b: Basculegion|15/100|[from] Recoil\n|move|p1a: Aerodactyl|Rock Slide|p2b: Incineroar|[spread] p2a,p2b\n|-resisted|p2a: Rhyperior|1\n|-supereffective|p2b: Incineroar|1\n|-damage|p2a: Rhyperior|44/100\n|-damage|p2b: Incineroar|67/100\n|cant|p2a: Rhyperior|flinch\n|\n|-weather|SunnyDay|[upkeep]\n|upkeep\n|turn|3\n|\n|t:|1776194737\n|move|p1a: Aerodactyl|Protect|p1a: Aerodactyl\n|-singleturn|p1a: Aerodactyl|Protect\n|move|p1b: Basculegion|Wave Crash|p2a: Rhyperior\n|-supereffective|p2a: Rhyperior|2\n|-damage|p2a: Rhyperior|0 fnt\n|faint|p2a: Rhyperior\n|-damage|p1b: Basculegion|0 fnt|[from] Recoil\n|faint|p1b: Basculegion\n|move|p2b: Incineroar|Darkest Lariat|p1a: Aerodactyl\n|-activate|p1a: Aerodactyl|move: Protect\n|\n|-weather|SunnyDay|[upkeep]\n|upkeep\n|\n|t:|1776194752\n|switch|p1b: Incineroar|Incineroar, L50, M|100/100\n|switch|p2a: Charizard|Charizard-Mega-Y, L50, M, shiny|100/100\n|-ability|p1b: Incineroar|Intimidate|boost\n|-unboost|p2a: Charizard|atk|1\n|-unboost|p2b: Incineroar|atk|1\n|turn|4\n|\n|t:|1776194760\n|move|p2a: Charizard|Protect|p2a: Charizard\n|-singleturn|p2a: Charizard|Protect\n|move|p1b: Incineroar|Fake Out|p2b: Incineroar\n|-damage|p2b: Incineroar|57/100\n|move|p1a: Aerodactyl|Rock Slide|p2a: Charizard|[spread] p2b\n|-activate|p2a: Charizard|move: Protect\n|-supereffective|p2b: Incineroar|1\n|-damage|p2b: Incineroar|30/100\n|-enditem|p2b: Incineroar|Sitrus Berry|[eat]\n|-heal|p2b: Incineroar|55/100|[from] item: Sitrus Berry\n|cant|p2b: Incineroar|flinch\n|\n|-weather|SunnyDay|[upkeep]\n|-sideend|p1: SudoNinja|move: Tailwind\n|upkeep\n|turn|5\n|\n|t:|1776194786\n|switch|p2a: Sneasler|Sneasler, L50, M|100/100\n|move|p1a: Aerodactyl|Rock Slide|p2a: Sneasler|[spread] p2a,p2b\n|-resisted|p2a: Sneasler|1\n|-supereffective|p2b: Incineroar|1\n|-damage|p2a: Sneasler|87/100\n|-damage|p2b: Incineroar|24/100\n|move|p2b: Incineroar|Darkest Lariat|p1a: Aerodactyl\n|-damage|p1a: Aerodactyl|0 fnt\n|faint|p1a: Aerodactyl\n|move|p1b: Incineroar|Flare Blitz|p2b: Incineroar\n|-resisted|p2b: Incineroar|1\n|-damage|p2b: Incineroar|0 fnt\n|faint|p2b: Incineroar\n|-damage|p1b: Incineroar|93/100|[from] Recoil\n|\n|-weather|none\n|-heal|p1b: Incineroar|99/100|[from] item: Leftovers\n|upkeep\n|\n|t:|1776194799\n|switch|p1a: Floette|Floette-Eternal, L50, F|100/100\n|switch|p2b: Charizard|Charizard-Mega-Y, L50, M, shiny|100/100\n|-weather|SunnyDay|[from] ability: Drought|[of] p2b: Charizard\n|turn|6\n|\n|t:|1776194816\n|detailschange|p1a: Floette|Floette-Mega, L50, F\n|-mega|p1a: Floette|Floette|Floettite\n|-ability|p1a: Floette|Fairy Aura\n|move|p1a: Floette|Protect|p1a: Floette\n|-singleturn|p1a: Floette|Protect\n|move|p2a: Sneasler|Close Combat|p1b: Incineroar\n|-supereffective|p1b: Incineroar|1\n|-damage|p1b: Incineroar|0 fnt\n|-unboost|p2a: Sneasler|def|1\n|-unboost|p2a: Sneasler|spd|1\n|faint|p1b: Incineroar\n|-enditem|p2a: Sneasler|White Herb\n|-clearnegativeboost|p2a: Sneasler|[silent]\n|move|p2b: Charizard|Heat Wave|p1a: Floette\n|-activate|p1a: Floette|move: Protect\n|\n|-weather|SunnyDay|[upkeep]\n|upkeep\n|turn|7\n|-message|SudoNinja forfeited.\n|\n|win|Uncreative7452\n|raw|SudoNinja's rating: 1162 &rarr; <strong>1132</strong><br />(-30 for losing)\n|raw|Uncreative7452's rating: 1096 &rarr; <strong>1126</strong><br />(+30 for winning)\n|l|\u2606SudoNinja\n|player|p1|\n",
  "uploadtime": 1776194852,
  "views": 19,
  "formatid": "gen9championsvgc2026regma",
  "rating": 1126,
  "private": 0,
  "password": null
}