{
  "id": "gen9championsvgc2026regma-2585284449",
  "format": "[Gen 9 Champions] VGC 2026 Reg M-A",
  "players": [
    "ThaBigCRAB",
    "tom.len"
  ],
  "log": "|j|\u2606ThaBigCRAB\n|j|\u2606tom.len\n|t:|1776333727\n|gametype|doubles\n|player|p1|ThaBigCRAB|drayden|1094\n|player|p2|tom.len|1|1000\n|gen|9\n|tier|[Gen 9 Champions] VGC 2026 Reg M-A\n|rated|\n|rule|Species Clause: Limit one of each Pok\u00e9mon\n|rule|Item Clause: Limit 1 of each item\n|clearpoke\n|poke|p1|Sinistcha, L50|\n|poke|p1|Crabominable, L50, M|\n|poke|p1|Aegislash, L50, M|\n|poke|p1|Incineroar, L50, M|\n|poke|p1|Camerupt, L50, M|\n|poke|p1|Slowking, L50, F|\n|poke|p2|Aggron, L50, M|\n|poke|p2|Sinistcha, L50|\n|poke|p2|Gengar, L50, F|\n|poke|p2|Meganium, L50, F|\n|poke|p2|Absol, L50, M|\n|poke|p2|Pelipper, L50, F|\n|teampreview|4\n|inactive|Battle timer is ON: inactive players will automatically lose when time's up. (requested by ThaBigCRAB)\n|inactive|ThaBigCRAB has 60 seconds left.\n|inactive|ThaBigCRAB has 30 seconds left.\n|inactive|ThaBigCRAB has 20 seconds left.\n|\n|t:|1776333797\n|teamsize|p1|4\n|teamsize|p2|4\n|start\n|switch|p1a: God save|Incineroar, L50, M|100/100\n|switch|p1b: The queen|Slowking, L50, F, shiny|100/100\n|switch|p2a: Absol|Absol, L50, M|100/100\n|switch|p2b: Pelipper|Pelipper, L50, F|100/100\n|-ability|p1a: God save|Intimidate|boost\n|-unboost|p2a: Absol|atk|1\n|-unboost|p2b: Pelipper|atk|1\n|turn|1\n|inactive|ThaBigCRAB has 30 seconds left.\n|\n|t:|1776333823\n|move|p1a: God save|Fake Out|p2a: Absol\n|-damage|p2a: Absol|73/100\n|cant|p2a: Absol|flinch\n|move|p2b: Pelipper|Tailwind|p2b: Pelipper\n|-sidestart|p2: tom.len|move: Tailwind\n|move|p1b: The queen|Trick Room|p1b: The queen\n|-fieldstart|move: Trick Room|[of] p1b: The queen\n|\n|upkeep\n|turn|2\n|inactive|ThaBigCRAB has 30 seconds left.\n|\n|t:|1776333849\n|move|p2b: Pelipper|Wide Guard|p2b: Pelipper\n|-singleturn|p2b: Pelipper|Wide Guard\n|-prepare|p1b: The queen|Chilly Reception|[premajor]\n|move|p1b: The queen|Chilly Reception|p1b: The queen\n|-weather|Snowscape\n|\n|t:|1776333855\n|switch|p1b: Le Crab|Crabominable, L50, M|100/100|[from] Chilly Reception\n|move|p1a: God save|Parting Shot|p2a: Absol\n|-unboost|p2a: Absol|atk|1\n|-unboost|p2a: Absol|spa|1\n|\n|t:|1776333866\n|switch|p1a: Estathe|Sinistcha, L50|100/100|[from] Parting Shot\n|move|p2a: Absol|Stone Edge|p1a: Estathe\n|-crit|p1a: Estathe\n|-damage|p1a: Estathe|53/100\n|\n|-weather|Snowscape|[upkeep]\n|upkeep\n|turn|3\n|inactive|ThaBigCRAB has 30 seconds left.\n|inactive|tom.len has 30 seconds left.\n|\n|t:|1776333901\n|detailschange|p1b: Le Crab|Crabominable-Mega, L50, M\n|-mega|p1b: Le Crab|Crabominable|Crabominite\n|move|p1b: Le Crab|Mach Punch|p2a: Absol\n|-supereffective|p2a: Absol|1\n|-damage|p2a: Absol|0 fnt\n|faint|p2a: Absol\n|move|p1a: Estathe|Life Dew||[still]|[spread] p1a,p1b\n|-heal|p1a: Estathe|78/100\n|-fail|p1b: Le Crab|heal\n|move|p2b: Pelipper|Weather Ball|p1a: Estathe\n|-supereffective|p1a: Estathe|1\n|-damage|p1a: Estathe|30/100\n|\n|-weather|Snowscape|[upkeep]\n|upkeep\n|\n|t:|1776333914\n|switch|p2a: Gengar|Gengar, L50, F|100/100\n|turn|4\n|\n|t:|1776333933\n|move|p1b: Le Crab|Ice Hammer|p2b: Pelipper\n|-damage|p2b: Pelipper|39/100\n|-unboost|p1b: Le Crab|spe|1\n|move|p1a: Estathe|Shadow Ball|p2a: Gengar\n|-supereffective|p2a: Gengar|1\n|-damage|p2a: Gengar|3/100\n|move|p2b: Pelipper|Weather Ball|p1a: Estathe\n|-supereffective|p1a: Estathe|1\n|-damage|p1a: Estathe|0 fnt\n|faint|p1a: Estathe\n|move|p2a: Gengar|Sludge Bomb|p1b: Le Crab\n|-damage|p1b: Le Crab|56/100\n|-status|p1b: Le Crab|psn\n|\n|-weather|Snowscape|[upkeep]\n|-damage|p1b: Le Crab|44/100 psn|[from] psn\n|-sideend|p2: tom.len|move: Tailwind\n|upkeep\n|\n|t:|1776333953\n|switch|p1a: God save|Incineroar, L50, M|100/100\n|-ability|p1a: God save|Intimidate|boost\n|-unboost|p2a: Gengar|atk|1\n|-unboost|p2b: Pelipper|atk|1\n|turn|5\n|inactive|ThaBigCRAB has 30 seconds left.\n|\n|t:|1776333979\n|switch|p2a: Aggron|Aggron, L50, M|100/100\n|move|p1a: God save|Fake Out|p2b: Pelipper\n|-damage|p2b: Pelipper|28/100\n|move|p1b: Le Crab|Crabhammer|p2a: Aggron|[miss]\n|-miss|p1b: Le Crab|p2a: Aggron\n|cant|p2b: Pelipper|flinch\n|\n|-weather|Snowscape|[upkeep]\n|-damage|p1b: Le Crab|31/100 psn|[from] psn\n|-fieldend|move: Trick Room\n|upkeep\n|turn|6\n|inactive|ThaBigCRAB has 30 seconds left.\n|inactive|tom.len has 30 seconds left.\n|inactive|ThaBigCRAB has 20 seconds left.\n|inactive|ThaBigCRAB has 15 seconds left.\n|\n|t:|1776334020\n|detailschange|p2a: Aggron|Aggron-Mega, L50, M\n|-mega|p2a: Aggron|Aggron|Aggronite\n|move|p1b: Le Crab|Mach Punch|p2a: Aggron\n|-supereffective|p2a: Aggron|1\n|-damage|p2a: Aggron|80/100\n|move|p2b: Pelipper|Tailwind|p2b: Pelipper\n|-sidestart|p2: tom.len|move: Tailwind\n|move|p2a: Aggron|Earthquake|p1b: Le Crab|[spread] p1a,p1b\n|-immune|p2b: Pelipper\n|-supereffective|p1a: God save|1\n|-damage|p1a: God save|56/100\n|-damage|p1b: Le Crab|19/100 psn\n|move|p1a: God save|Parting Shot|p2b: Pelipper\n|-unboost|p2b: Pelipper|atk|1\n|-unboost|p2b: Pelipper|spa|1\n|\n|t:|1776334035\n|switch|p1a: The queen|Slowking, L50, F, shiny|100/100|[from] Parting Shot\n|\n|-weather|none\n|-damage|p1b: Le Crab|7/100 psn|[from] psn\n|upkeep\n|turn|7\n|\n|t:|1776334056\n|switch|p1b: God save|Incineroar, L50, M|56/100\n|-ability|p1b: God save|Intimidate|boost\n|-unboost|p2a: Aggron|atk|1\n|-unboost|p2b: Pelipper|atk|1\n|move|p2b: Pelipper|Hurricane|p1a: The queen\n|-damage|p1a: The queen|78/100\n|-start|p1a: The queen|confusion\n|move|p2a: Aggron|Earthquake|p1a: The queen|[spread] p1a,p1b\n|-immune|p2b: Pelipper\n|-supereffective|p1b: God save|1\n|-damage|p1a: The queen|63/100\n|-damage|p1b: God save|24/100\n|-enditem|p1b: God save|Sitrus Berry|[eat]\n|-heal|p1b: God save|49/100|[from] item: Sitrus Berry\n|-activate|p1a: The queen|confusion\n|move|p1a: The queen|Scald|p2a: Aggron\n|-damage|p2a: Aggron|45/100\n|-status|p2a: Aggron|brn\n|\n|-damage|p2a: Aggron|39/100 brn|[from] brn\n|upkeep\n|turn|8\n|inactive|ThaBigCRAB has 30 seconds left.\n|inactive|tom.len has 30 seconds left.\n|\n|t:|1776334089\n|move|p1b: God save|Fake Out|p2a: Aggron\n|-resisted|p2a: Aggron|1\n|-damage|p2a: Aggron|36/100 brn\n|move|p2b: Pelipper|Hurricane|p1a: The queen\n|-damage|p1a: The queen|41/100\n|cant|p2a: Aggron|flinch\n|-end|p1a: The queen|confusion\n|move|p1a: The queen|Trick Room|p1a: The queen\n|-fieldstart|move: Trick Room|[of] p1a: The queen\n|\n|-damage|p2a: Aggron|30/100 brn|[from] brn\n|upkeep\n|turn|9\n|inactive|ThaBigCRAB has 30 seconds left.\n|inactive|ThaBigCRAB has 20 seconds left.\n|\n|t:|1776334128\n|move|p1a: The queen|Scald|p2a: Aggron\n|-damage|p2a: Aggron|0 fnt\n|faint|p2a: Aggron\n|move|p1b: God save|Darkest Lariat|p2b: Pelipper\n|-damage|p2b: Pelipper|0 fnt\n|faint|p2b: Pelipper\n|\n|-sideend|p2: tom.len|move: Tailwind\n|upkeep\n|\n|t:|1776334134\n|switch|p2b: Gengar|Gengar, L50, F|3/100\n|turn|10\n|-message|tom.len forfeited.\n|\n|win|ThaBigCRAB\n|raw|ThaBigCRAB's rating: 1094 &rarr; <strong>1113</strong><br />(+19 for winning)\n|raw|tom.len's rating: 1000 &rarr; <strong>1000</strong><br />(+0 for losing)\n|l|\u2606tom.len\n|player|p2|\n|l|\u2606ThaBigCRAB\n|player|p1|\n|j|\u2606ThaBigCRAB\n|player|p1|ThaBigCRAB|drayden|\n",
  "uploadtime": 1776334152,
  "views": 26,
  "formatid": "gen9championsvgc2026regma",
  "rating": 1000,
  "private": 0,
  "password": null
}