{
  "id": "gen9championsvgc2026regma-2585163639",
  "format": "[Gen 9 Champions] VGC 2026 Reg M-A",
  "players": [
    "drake78976",
    "Mr Lollipop66"
  ],
  "log": "|j|\u2606drake78976\n|j|\u2606Mr Lollipop66\n|t:|1776319685\n|gametype|doubles\n|player|p1|drake78976|li|1108\n|player|p2|Mr Lollipop66|265|1098\n|gen|9\n|tier|[Gen 9 Champions] VGC 2026 Reg M-A\n|rated|\n|rule|Species Clause: Limit one of each Pok\u00e9mon\n|rule|Item Clause: Limit 1 of each item\n|clearpoke\n|poke|p1|Aggron, L50, M|\n|poke|p1|Primarina, L50, F|\n|poke|p1|Hydreigon, L50, M|\n|poke|p1|Sinistcha, L50|\n|poke|p1|Glimmora, L50, F|\n|poke|p1|Farigiraf, L50, F|\n|poke|p2|Incineroar, L50, M|\n|poke|p2|Sneasler, L50, F|\n|poke|p2|Kingambit, L50, M|\n|poke|p2|Sinistcha, L50|\n|poke|p2|Whimsicott, L50, M|\n|poke|p2|Floette-Eternal, L50, F|\n|teampreview|4\n|\n|t:|1776319720\n|teamsize|p1|4\n|teamsize|p2|4\n|start\n|switch|p1a: Farigiraf|Farigiraf, L50, F|100/100\n|switch|p1b: Glimmora|Glimmora, L50, F, shiny|100/100\n|switch|p2a: Incineroar|Incineroar, L50, M|100/100\n|switch|p2b: Sneasler|Sneasler, L50, F|100/100\n|-ability|p2a: Incineroar|Intimidate|boost\n|-unboost|p1a: Farigiraf|atk|1\n|-unboost|p1b: Glimmora|atk|1\n|turn|1\n|\n|t:|1776319743\n|move|p2b: Sneasler|Close Combat|p1b: Glimmora\n|-damage|p1b: Glimmora|21/100\n|-unboost|p2b: Sneasler|def|1\n|-unboost|p2b: Sneasler|spd|1\n|-activate|p1b: Glimmora|ability: Toxic Debris\n|-sidestart|p2: Mr Lollipop66|move: Toxic Spikes\n|-enditem|p2b: Sneasler|White Herb\n|-clearnegativeboost|p2b: Sneasler|[silent]\n|move|p1b: Glimmora|Power Gem|p2a: Incineroar\n|-supereffective|p2a: Incineroar|1\n|-damage|p2a: Incineroar|28/100\n|move|p2a: Incineroar|Darkest Lariat|p1a: Farigiraf\n|-supereffective|p1a: Farigiraf|1\n|-damage|p1a: Farigiraf|32/100\n|-enditem|p1a: Farigiraf|Sitrus Berry|[eat]\n|-heal|p1a: Farigiraf|56/100|[from] item: Sitrus Berry\n|move|p1a: Farigiraf|Psychic|p2b: Sneasler\n|-supereffective|p2b: Sneasler|2\n|-damage|p2b: Sneasler|0 fnt\n|faint|p2b: Sneasler\n|\n|-heal|p2a: Incineroar|34/100|[from] item: Leftovers\n|upkeep\n|\n|t:|1776319767\n|switch|p2b: Kingambit|Kingambit, L50, M|100/100\n|turn|2\n|\n|t:|1776319789\n|switch|p1a: Aggron|Aggron, L50, M|100/100\n|move|p1b: Glimmora|Sludge Wave|p2b: Kingambit|[spread] p2a\n|-immune|p1a: Aggron\n|-immune|p2b: Kingambit\n|-damage|p2a: Incineroar|3/100\n|move|p2a: Incineroar|Darkest Lariat|p1a: Aggron\n|-damage|p1a: Aggron|78/100\n|move|p2b: Kingambit|Iron Head|p1b: Glimmora\n|-supereffective|p1b: Glimmora|1\n|-damage|p1b: Glimmora|0 fnt\n|-activate|p1b: Glimmora|ability: Toxic Debris\n|-sidestart|p2: Mr Lollipop66|move: Toxic Spikes\n|faint|p1b: Glimmora\n|\n|-heal|p2a: Incineroar|9/100|[from] item: Leftovers\n|upkeep\n|\n|t:|1776319798\n|switch|p1b: Sinistcha|Sinistcha, L50|100/100\n|-heal|p1a: Aggron|100/100|[from] ability: Hospitality|[of] p1b: Sinistcha\n|turn|3\n|\n|t:|1776319823\n|detailschange|p1a: Aggron|Aggron-Mega, L50, M\n|-mega|p1a: Aggron|Aggron|Aggronite\n|move|p2b: Kingambit|Sucker Punch|p1b: Sinistcha\n|-supereffective|p1b: Sinistcha|1\n|-damage|p1b: Sinistcha|36/100\n|move|p2a: Incineroar|Darkest Lariat|p1b: Sinistcha\n|-supereffective|p1b: Sinistcha|1\n|-damage|p1b: Sinistcha|0 fnt\n|faint|p1b: Sinistcha\n|move|p1a: Aggron|Iron Defense|p1a: Aggron\n|-boost|p1a: Aggron|def|2\n|\n|-heal|p2a: Incineroar|15/100|[from] item: Leftovers\n|upkeep\n|\n|t:|1776319828\n|switch|p1b: Farigiraf|Farigiraf, L50, F|56/100\n|turn|4\n|\n|t:|1776319851\n|move|p2a: Incineroar|Darkest Lariat|p1b: Farigiraf\n|-supereffective|p1b: Farigiraf|1\n|-damage|p1b: Farigiraf|0 fnt\n|faint|p1b: Farigiraf\n|move|p2b: Kingambit|Low Kick|p1a: Aggron\n|-supereffective|p1a: Aggron|1\n|-damage|p1a: Aggron|83/100\n|move|p1a: Aggron|Body Press|p2b: Kingambit\n|-supereffective|p2b: Kingambit|2\n|-damage|p2b: Kingambit|0 fnt\n|faint|p2b: Kingambit\n|\n|-heal|p2a: Incineroar|21/100|[from] item: Leftovers\n|upkeep\n|\n|t:|1776319865\n|switch|p2b: Floette|Floette-Eternal, L50, F|100/100\n|-status|p2b: Floette|tox\n|turn|5\n|\n|t:|1776319874\n|detailschange|p2b: Floette|Floette-Mega, L50, F\n|-mega|p2b: Floette|Floette|Floettite\n|-ability|p2b: Floette|Fairy Aura\n|move|p1a: Aggron|Protect|p1a: Aggron\n|-singleturn|p1a: Aggron|Protect\n|move|p2b: Floette|Moonblast|p1a: Aggron\n|-activate|p1a: Aggron|move: Protect\n|move|p2a: Incineroar|Flare Blitz|p1a: Aggron\n|-activate|p1a: Aggron|move: Protect\n|\n|-heal|p2a: Incineroar|27/100|[from] item: Leftovers\n|-damage|p2b: Floette|94/100 tox|[from] psn\n|upkeep\n|turn|6\n|\n|t:|1776319891\n|move|p2b: Floette|Moonblast|p1a: Aggron\n|-resisted|p1a: Aggron|1\n|-damage|p1a: Aggron|37/100\n|move|p2a: Incineroar|Flare Blitz|p1a: Aggron\n|-supereffective|p1a: Aggron|1\n|-damage|p1a: Aggron|16/100\n|-damage|p2a: Incineroar|21/100|[from] Recoil\n|move|p1a: Aggron|Heavy Slam|p2b: Floette\n|-supereffective|p2b: Floette|1\n|-damage|p2b: Floette|0 fnt\n|faint|p2b: Floette\n|\n|-heal|p2a: Incineroar|27/100|[from] item: Leftovers\n|upkeep\n|turn|7\n|\n|t:|1776319908\n|move|p2a: Incineroar|Flare Blitz|p1a: Aggron\n|-supereffective|p1a: Aggron|1\n|-damage|p1a: Aggron|0 fnt\n|faint|p1a: Aggron\n|-damage|p2a: Incineroar|23/100|[from] Recoil\n|\n|win|Mr Lollipop66\n|raw|drake78976's rating: 1108 &rarr; <strong>1082</strong><br />(-26 for losing)\n|raw|Mr Lollipop66's rating: 1098 &rarr; <strong>1124</strong><br />(+26 for winning)\n|l|\u2606drake78976\n|player|p1|\n",
  "uploadtime": 1776319918,
  "views": 31,
  "formatid": "gen9championsvgc2026regma",
  "rating": 1082,
  "private": 0,
  "password": null
}