{
  "id": "gen9championsvgc2026regma-2582438658",
  "format": "[Gen 9 Champions] VGC 2026 Reg M-A",
  "players": [
    "pzyxhic",
    "porygon-epilepz"
  ],
  "log": "|j|\u2606pzyxhic\n|j|\u2606porygon-epilepz\n|t:|1776091722\n|gametype|doubles\n|player|p1|pzyxhic|169|1157\n|player|p2|porygon-epilepz|hiker-gen4|1174\n|gen|9\n|tier|[Gen 9 Champions] VGC 2026 Reg M-A\n|rated|\n|rule|Species Clause: Limit one of each Pok\u00e9mon\n|rule|Item Clause: Limit 1 of each item\n|clearpoke\n|poke|p1|Talonflame, L50, F|\n|poke|p1|Maushold, L50|\n|poke|p1|Gengar, L50, M|\n|poke|p1|Sableye, L50, M|\n|poke|p1|Sneasler, L50, F|\n|poke|p1|Milotic, L50, M|\n|poke|p2|Kommo-o, L50, F|\n|poke|p2|Incineroar, L50, F|\n|poke|p2|Glimmora, L50, M|\n|poke|p2|Sinistcha, L50|\n|poke|p2|Talonflame, L50, M|\n|poke|p2|Palafin, L50, M|\n|teampreview|4\n|\n|t:|1776091760\n|teamsize|p1|4\n|teamsize|p2|4\n|start\n|switch|p1a: Milotic|Milotic, L50, M|100/100\n|switch|p1b: Sableye|Sableye, L50, M|100/100\n|switch|p2a: Incineroar|Incineroar, L50, F|100/100\n|switch|p2b: Kommo-o|Kommo-o, L50, F|100/100\n|-ability|p2a: Incineroar|Intimidate|boost\n|-unboost|p1a: Milotic|atk|1\n|-ability|p1a: Milotic|Competitive|boost\n|-boost|p1a: Milotic|spa|2\n|-unboost|p1b: Sableye|atk|1\n|turn|1\n|\n|t:|1776091781\n|move|p2a: Incineroar|Fake Out|p1a: Milotic\n|-damage|p1a: Milotic|92/100\n|move|p1b: Sableye|Fake Out|p2b: Kommo-o\n|-damage|p2b: Kommo-o|97/100\n|cant|p2b: Kommo-o|flinch\n|cant|p1a: Milotic|flinch\n|\n|-heal|p2b: Kommo-o|100/100|[from] item: Leftovers\n|-heal|p1a: Milotic|98/100|[from] item: Leftovers\n|upkeep\n|turn|2\n|\n|t:|1776091813\n|move|p1b: Sableye|Gravity|p1b: Sableye\n|-fieldstart|move: Gravity\n|move|p2b: Kommo-o|Clangorous Soul|p2b: Kommo-o\n|-boost|p2b: Kommo-o|atk|1\n|-boost|p2b: Kommo-o|def|1\n|-boost|p2b: Kommo-o|spa|1\n|-boost|p2b: Kommo-o|spd|1\n|-boost|p2b: Kommo-o|spe|1\n|-damage|p2b: Kommo-o|68/100\n|move|p1a: Milotic|Scald|p2a: Incineroar\n|-supereffective|p2a: Incineroar|1\n|-damage|p2a: Incineroar|3/100\n|move|p2a: Incineroar|Flare Blitz|p1b: Sableye\n|-damage|p1b: Sableye|31/100\n|-damage|p2a: Incineroar|0 fnt|[from] Recoil\n|faint|p2a: Incineroar\n|\n|-heal|p2b: Kommo-o|74/100|[from] item: Leftovers\n|-heal|p1a: Milotic|100/100|[from] item: Leftovers\n|upkeep\n|\n|t:|1776091819\n|switch|p2a: Sinistcha|Sinistcha, L50|100/100\n|-heal|p2b: Kommo-o|99/100|[from] ability: Hospitality|[of] p2a: Sinistcha\n|turn|3\n|\n|t:|1776091838\n|move|p2a: Sinistcha|Rage Powder|p2a: Sinistcha\n|-singleturn|p2a: Sinistcha|move: Rage Powder\n|move|p1b: Sableye|Encore|p2a: Sinistcha\n|-start|p2a: Sinistcha|Encore\n|move|p2b: Kommo-o|Clanging Scales|p1b: Sableye|[spread] p1a,p1b\n|-damage|p1a: Milotic|60/100\n|-damage|p1b: Sableye|0 fnt\n|faint|p1b: Sableye\n|-unboost|p2b: Kommo-o|def|1\n|move|p1a: Milotic|Icy Wind|p2a: Sinistcha|[spread] p2a,p2b\n|-supereffective|p2a: Sinistcha|1\n|-supereffective|p2b: Kommo-o|1\n|-damage|p2a: Sinistcha|63/100\n|-damage|p2b: Kommo-o|75/100\n|-unboost|p2a: Sinistcha|spe|1\n|-unboost|p2b: Kommo-o|spe|1\n|\n|-heal|p2b: Kommo-o|81/100|[from] item: Leftovers\n|-heal|p1a: Milotic|66/100|[from] item: Leftovers\n|upkeep\n|\n|t:|1776091856\n|switch|p1b: Sneasler|Sneasler, L50, F|100/100\n|turn|4\n|\n|t:|1776091871\n|switch|p2a: Glimmora|Glimmora, L50, M|100/100\n|move|p1b: Sneasler|Fake Out|p2b: Kommo-o\n|-damage|p2b: Kommo-o|68/100\n|cant|p2b: Kommo-o|flinch\n|move|p1a: Milotic|Icy Wind|p2a: Glimmora|[spread] p2a,p2b\n|-supereffective|p2b: Kommo-o|1\n|-damage|p2a: Glimmora|75/100\n|-damage|p2b: Kommo-o|44/100\n|-unboost|p2a: Glimmora|spe|1\n|-unboost|p2b: Kommo-o|spe|1\n|\n|-heal|p1a: Milotic|72/100|[from] item: Leftovers\n|-heal|p2b: Kommo-o|50/100|[from] item: Leftovers\n|upkeep\n|turn|5\n|\n|t:|1776091899\n|switch|p2a: Sinistcha|Sinistcha, L50|63/100\n|-heal|p2b: Kommo-o|75/100|[from] ability: Hospitality|[of] p2a: Sinistcha\n|move|p1b: Sneasler|Close Combat|p2b: Kommo-o\n|-crit|p2b: Kommo-o\n|-damage|p2b: Kommo-o|0 fnt\n|-unboost|p1b: Sneasler|def|1\n|-unboost|p1b: Sneasler|spd|1\n|faint|p2b: Kommo-o\n|-enditem|p1b: Sneasler|White Herb\n|-clearnegativeboost|p1b: Sneasler|[silent]\n|move|p1a: Milotic|Icy Wind|p2a: Sinistcha\n|-supereffective|p2a: Sinistcha|1\n|-damage|p2a: Sinistcha|13/100\n|-unboost|p2a: Sinistcha|spe|1\n|\n|-heal|p1a: Milotic|78/100|[from] item: Leftovers\n|upkeep\n|\n|t:|1776091908\n|switch|p2b: Glimmora|Glimmora, L50, M|75/100\n|turn|6\n|-message|porygon-epilepz forfeited.\n|\n|win|pzyxhic\n|raw|pzyxhic's rating: 1157 &rarr; <strong>1183</strong><br />(+26 for winning)\n|raw|porygon-epilepz's rating: 1174 &rarr; <strong>1148</strong><br />(-26 for losing)\n",
  "uploadtime": 1776091725,
  "views": 20,
  "formatid": "gen9championsvgc2026regma",
  "rating": 1148,
  "private": 0,
  "password": null
}