{
  "id": "gen9championsvgc2026regma-2584747266",
  "format": "[Gen 9 Champions] VGC 2026 Reg M-A",
  "players": [
    "Mr.X&Y97",
    "Egzy"
  ],
  "log": "|j|\u2606Mr.X&Y97\n|j|\u2606Egzy\n|t:|1776280810\n|gametype|doubles\n|player|p1|Mr.X&Y97|ingo|1103\n|player|p2|Egzy|170|1130\n|gen|9\n|tier|[Gen 9 Champions] VGC 2026 Reg M-A\n|rated|\n|rule|Species Clause: Limit one of each Pok\u00e9mon\n|rule|Item Clause: Limit 1 of each item\n|clearpoke\n|poke|p1|Aerodactyl, L50, M|\n|poke|p1|Garchomp, L50, F|\n|poke|p1|Incineroar, L50, M|\n|poke|p1|Froslass, L50, F|\n|poke|p1|Rotom-Frost, L50|\n|poke|p1|Kangaskhan, L50, F|\n|poke|p2|Gengar, L50, F|\n|poke|p2|Whimsicott, L50, M|\n|poke|p2|Delphox, L50, M|\n|poke|p2|Primarina, L50, M|\n|poke|p2|Aerodactyl, L50, M|\n|poke|p2|Garchomp, L50, M|\n|teampreview|4\n|inactive|Battle timer is ON: inactive players will automatically lose when time's up. (requested by Mr.X&Y97)\n|inactive|Egzy also wants the timer to be on.\n|\n|t:|1776280834\n|teamsize|p1|4\n|teamsize|p2|4\n|start\n|switch|p1a: Aerodactyl|Aerodactyl, L50, M|100/100\n|switch|p1b: Kangaskhan|Kangaskhan, L50, F|100/100\n|switch|p2a: Whimsicott|Whimsicott, L50, M|100/100\n|switch|p2b: Aerodactyl|Aerodactyl, L50, M|100/100\n|-ability|p1a: Aerodactyl|Unnerve\n|turn|1\n|\n|t:|1776280847\n|detailschange|p1b: Kangaskhan|Kangaskhan-Mega, L50, F\n|-mega|p1b: Kangaskhan|Kangaskhan|Kangaskhanite\n|move|p1b: Kangaskhan|Fake Out|p2a: Whimsicott\n|-damage|p2a: Whimsicott|70/100\n|-damage|p2a: Whimsicott|64/100\n|-hitcount|p2a: Whimsicott|2\n|cant|p2a: Whimsicott|flinch\n|move|p1a: Aerodactyl|Tailwind|p1a: Aerodactyl\n|-sidestart|p1: Mr.X&Y97|move: Tailwind\n|move|p2b: Aerodactyl|Rock Slide|p1b: Kangaskhan|[spread] p1a\n|-miss|p2b: Aerodactyl|p1b: Kangaskhan\n|-supereffective|p1a: Aerodactyl|1\n|-damage|p1a: Aerodactyl|15/100\n|\n|upkeep\n|turn|2\n|\n|t:|1776280871\n|move|p2a: Whimsicott|Tailwind|p2a: Whimsicott\n|-sidestart|p2: Egzy|move: Tailwind\n|move|p1a: Aerodactyl|Dual Wingbeat|p2a: Whimsicott\n|-supereffective|p2a: Whimsicott|1\n|-damage|p2a: Whimsicott|8/100\n|-supereffective|p2a: Whimsicott|1\n|-damage|p2a: Whimsicott|0 fnt\n|faint|p2a: Whimsicott\n|-hitcount|p2: Whimsicott|2\n|move|p2b: Aerodactyl|Rock Slide|p1a: Aerodactyl|[spread] p1a,p1b\n|-supereffective|p1a: Aerodactyl|1\n|-damage|p1a: Aerodactyl|0 fnt\n|-damage|p1b: Kangaskhan|79/100\n|faint|p1a: Aerodactyl\n|move|p1b: Kangaskhan|Body Slam|p2b: Aerodactyl\n|-resisted|p2b: Aerodactyl|1\n|-damage|p2b: Aerodactyl|64/100\n|-resisted|p2b: Aerodactyl|1\n|-damage|p2b: Aerodactyl|55/100\n|-status|p2b: Aerodactyl|par\n|-hitcount|p2b: Aerodactyl|2\n|\n|upkeep\n|\n|t:|1776280889\n|switch|p1a: Rotom|Rotom-Frost, L50|100/100\n|switch|p2a: Delphox|Delphox, L50, M|100/100\n|turn|3\n|\n|t:|1776280896\n|detailschange|p2a: Delphox|Delphox-Mega, L50, M\n|-mega|p2a: Delphox|Delphox|Delphoxite\n|move|p2b: Aerodactyl|Wide Guard|p2b: Aerodactyl\n|-singleturn|p2b: Aerodactyl|Wide Guard\n|move|p1a: Rotom|Electroweb|p2a: Delphox|[spread] \n|-activate|p2a: Delphox|move: Wide Guard\n|-activate|p2b: Aerodactyl|move: Wide Guard\n|move|p2a: Delphox|Heat Wave|p1a: Rotom|[spread] p1a,p1b\n|-supereffective|p1a: Rotom|1\n|-damage|p1a: Rotom|0 fnt\n|-damage|p1b: Kangaskhan|46/100\n|faint|p1a: Rotom\n|move|p1b: Kangaskhan|Body Slam|p2a: Delphox\n|-damage|p2a: Delphox|33/100\n|-status|p2a: Delphox|par\n|-damage|p2a: Delphox|16/100 par\n|-hitcount|p2a: Delphox|2\n|\n|upkeep\n|\n|t:|1776280912\n|switch|p1a: Garchomp|Garchomp, L50, F|100/100\n|turn|4\n|\n|t:|1776280927\n|move|p1a: Garchomp|Poison Jab|p2a: Delphox\n|-damage|p2a: Delphox|0 fnt\n|faint|p2a: Delphox\n|move|p1b: Kangaskhan|Body Slam|p2b: Aerodactyl\n|-resisted|p2b: Aerodactyl|1\n|-damage|p2b: Aerodactyl|18/100 par\n|-resisted|p2b: Aerodactyl|1\n|-damage|p2b: Aerodactyl|9/100 par\n|-hitcount|p2b: Aerodactyl|2\n|move|p2b: Aerodactyl|Rock Slide|p1a: Garchomp|[spread] p1a,p1b\n|-resisted|p1a: Garchomp|1\n|-crit|p1b: Kangaskhan\n|-damage|p1a: Garchomp|88/100\n|-damage|p1b: Kangaskhan|14/100\n|\n|-sideend|p1: Mr.X&Y97|move: Tailwind\n|upkeep\n|\n|t:|1776280939\n|switch|p2a: Primarina|Primarina, L50, M|100/100\n|turn|5\n|\n|t:|1776280946\n|move|p1a: Garchomp|Protect|p1a: Garchomp\n|-singleturn|p1a: Garchomp|Protect\n|move|p1b: Kangaskhan|Protect|p1b: Kangaskhan\n|-singleturn|p1b: Kangaskhan|Protect\n|move|p2a: Primarina|Hyper Voice|p1a: Garchomp|[spread] \n|-activate|p1a: Garchomp|move: Protect\n|-activate|p1b: Kangaskhan|move: Protect\n|cant|p2b: Aerodactyl|par\n|\n|-sideend|p2: Egzy|move: Tailwind\n|upkeep\n|turn|6\n|\n|t:|1776280963\n|move|p1a: Garchomp|Poison Jab|p2a: Primarina\n|-supereffective|p2a: Primarina|1\n|-damage|p2a: Primarina|24/100\n|-status|p2a: Primarina|psn\n|move|p1b: Kangaskhan|Body Slam|p2b: Aerodactyl\n|-resisted|p2b: Aerodactyl|1\n|-damage|p2b: Aerodactyl|0 fnt\n|faint|p2b: Aerodactyl\n|-hitcount|p2: Aerodactyl|1\n|move|p2a: Primarina|Hyper Voice|p1b: Kangaskhan|[spread] p1a,p1b\n|-damage|p1a: Garchomp|40/100\n|-damage|p1b: Kangaskhan|0 fnt\n|faint|p1b: Kangaskhan\n|\n|-damage|p2a: Primarina|11/100 psn|[from] psn\n|upkeep\n|turn|7\n|\n|t:|1776280978\n|move|p1a: Garchomp|Poison Jab|p2a: Primarina\n|-supereffective|p2a: Primarina|1\n|-damage|p2a: Primarina|0 fnt\n|faint|p2a: Primarina\n|\n|win|Mr.X&Y97\n|raw|Mr.X&amp;Y97's rating: 1103 &rarr; <strong>1130</strong><br />(+27 for winning)\n|raw|Egzy's rating: 1130 &rarr; <strong>1103</strong><br />(-27 for losing)\n|l|\u2606Egzy\n|player|p2|\n",
  "uploadtime": 1776280980,
  "views": 16,
  "formatid": "gen9championsvgc2026regma",
  "rating": 1103,
  "private": 0,
  "password": null
}