{
  "id": "gen9championsvgc2026regma-2584549335",
  "format": "[Gen 9 Champions] VGC 2026 Reg M-A",
  "players": [
    "theilldigi",
    "123456ag"
  ],
  "log": "|j|\u2606theilldigi\n|j|\u2606123456ag\n|t:|1776268090\n|gametype|doubles\n|player|p1|theilldigi|170|1024\n|player|p2|123456ag|swimmerf-gen4dp|1112\n|gen|9\n|tier|[Gen 9 Champions] VGC 2026 Reg M-A\n|rated|\n|rule|Species Clause: Limit one of each Pok\u00e9mon\n|rule|Item Clause: Limit 1 of each item\n|clearpoke\n|poke|p1|Meganium, L50, F|\n|poke|p1|Archaludon, L50, F|\n|poke|p1|Aerodactyl, L50, M|\n|poke|p1|Tauros-Paldea-Aqua, L50, M|\n|poke|p1|Typhlosion-Hisui, L50, M|\n|poke|p1|Kangaskhan, L50, F|\n|poke|p2|Gengar, L50, F|\n|poke|p2|Incineroar, L50, M|\n|poke|p2|Maushold, L50|\n|poke|p2|Politoed, L50, F|\n|poke|p2|Archaludon, L50, M|\n|poke|p2|Basculegion, L50, M|\n|teampreview|4\n|\n|t:|1776268175\n|teamsize|p1|4\n|teamsize|p2|4\n|start\n|switch|p1a: Kangaskhan|Kangaskhan, L50, F|100/100\n|switch|p1b: Aerodactyl|Aerodactyl, L50, M, shiny|100/100\n|switch|p2a: Gengar|Gengar, L50, F|100/100\n|switch|p2b: Incineroar|Incineroar, L50, M|100/100\n|-ability|p1b: Aerodactyl|Unnerve\n|-ability|p2b: Incineroar|Intimidate|boost\n|-fail|p1a: Kangaskhan|unboost|Attack|[from] ability: Scrappy|[of] p1a: Kangaskhan\n|-unboost|p1b: Aerodactyl|atk|1\n|turn|1\n|\n|t:|1776268201\n|detailschange|p2a: Gengar|Gengar-Mega, L50, F\n|-mega|p2a: Gengar|Gengar|Gengarite\n|move|p2a: Gengar|Protect|p2a: Gengar\n|-singleturn|p2a: Gengar|Protect\n|move|p1b: Aerodactyl|Tailwind|p1b: Aerodactyl\n|-sidestart|p1: theilldigi|move: Tailwind\n|move|p1a: Kangaskhan|Double-Edge|p2a: Gengar\n|-activate|p2a: Gengar|move: Protect\n|move|p2b: Incineroar|Parting Shot|p1a: Kangaskhan\n|-unboost|p1a: Kangaskhan|atk|1\n|-unboost|p1a: Kangaskhan|spa|1\n|\n|t:|1776268210\n|switch|p2b: Politoed|Politoed, L50, F|100/100|[from] Parting Shot\n|-weather|RainDance|[from] ability: Drizzle|[of] p2b: Politoed\n|\n|-weather|RainDance|[upkeep]\n|upkeep\n|turn|2\n|\n|t:|1776268270\n|switch|p2a: Incineroar|Incineroar, L50, M|100/100\n|-ability|p2a: Incineroar|Intimidate|boost\n|-fail|p1a: Kangaskhan|unboost|Attack|[from] ability: Scrappy|[of] p1a: Kangaskhan\n|-unboost|p1b: Aerodactyl|atk|1\n|move|p1b: Aerodactyl|Dual Wingbeat|p2a: Incineroar\n|-damage|p2a: Incineroar|92/100\n|-damage|p2a: Incineroar|82/100\n|-hitcount|p2a: Incineroar|2\n|move|p1a: Kangaskhan|Double-Edge|p2a: Incineroar\n|-damage|p2a: Incineroar|52/100\n|-damage|p1a: Kangaskhan|90/100|[from] Recoil\n|move|p2b: Politoed|Weather Ball|p1b: Aerodactyl\n|-supereffective|p1b: Aerodactyl|1\n|-enditem|p1b: Aerodactyl|Focus Sash\n|-damage|p1b: Aerodactyl|1/100\n|\n|-weather|RainDance|[upkeep]\n|upkeep\n|turn|3\n|\n|t:|1776268311\n|switch|p1a: Tauros|Tauros-Paldea-Aqua, L50, M, shiny|100/100\n|-ability|p1a: Tauros|Intimidate|boost\n|-unboost|p2a: Incineroar|atk|1\n|-unboost|p2b: Politoed|atk|1\n|move|p1b: Aerodactyl|Protect|p1b: Aerodactyl\n|-singleturn|p1b: Aerodactyl|Protect\n|move|p2a: Incineroar|Parting Shot|p1a: Tauros\n|-unboost|p1a: Tauros|atk|1\n|-unboost|p1a: Tauros|spa|1\n|\n|t:|1776268322\n|switch|p2a: Gengar|Gengar-Mega, L50, F|100/100|[from] Parting Shot\n|-enditem|p1a: Tauros|White Herb\n|-clearnegativeboost|p1a: Tauros|[silent]\n|move|p2b: Politoed|Weather Ball|p1a: Tauros\n|-resisted|p1a: Tauros|1\n|-damage|p1a: Tauros|68/100\n|\n|-weather|RainDance|[upkeep]\n|upkeep\n|turn|4\n|\n|t:|1776268351\n|switch|p2a: Incineroar|Incineroar, L50, M|52/100\n|-ability|p2a: Incineroar|Intimidate|boost\n|-unboost|p1a: Tauros|atk|1\n|-unboost|p1b: Aerodactyl|atk|1\n|move|p1b: Aerodactyl|Rock Slide|p2b: Politoed|[spread] p2a\n|-miss|p1b: Aerodactyl|p2b: Politoed\n|-supereffective|p2a: Incineroar|1\n|-damage|p2a: Incineroar|31/100\n|move|p1a: Tauros|Wave Crash|p2a: Incineroar\n|-supereffective|p2a: Incineroar|1\n|-damage|p2a: Incineroar|0 fnt\n|faint|p2a: Incineroar\n|-damage|p1a: Tauros|55/100|[from] Recoil\n|move|p2b: Politoed|Weather Ball|p1b: Aerodactyl\n|-supereffective|p1b: Aerodactyl|1\n|-damage|p1b: Aerodactyl|0 fnt\n|faint|p1b: Aerodactyl\n|\n|-weather|RainDance|[upkeep]\n|-sideend|p1: theilldigi|move: Tailwind\n|upkeep\n|\n|t:|1776268371\n|switch|p1b: Meganium|Meganium, L50, F|100/100\n|switch|p2a: Gengar|Gengar-Mega, L50, F|100/100\n|turn|5\n|\n|t:|1776268405\n|switch|p2b: Archaludon|Archaludon, L50, M|100/100\n|move|p2a: Gengar|Sludge Bomb|p1a: Tauros\n|-damage|p1a: Tauros|0 fnt\n|faint|p1a: Tauros\n|move|p1b: Meganium|Weather Ball|p2a: Gengar\n|-damage|p2a: Gengar|53/100\n|\n|-weather|none\n|upkeep\n|\n|t:|1776268408\n|switch|p1a: Kangaskhan|Kangaskhan, L50, F|90/100\n|turn|6\n|\n|t:|1776268432\n|detailschange|p1b: Meganium|Meganium-Mega, L50, F\n|-mega|p1b: Meganium|Meganium|Meganiumite\n|move|p2a: Gengar|Protect|p2a: Gengar\n|-singleturn|p2a: Gengar|Protect\n|move|p2b: Archaludon|Protect|p2b: Archaludon\n|-singleturn|p2b: Archaludon|Protect\n|move|p1a: Kangaskhan|Fake Out|p2a: Gengar\n|-activate|p2a: Gengar|move: Protect\n|move|p1b: Meganium|Weather Ball|p2b: Archaludon\n|-activate|p2b: Archaludon|move: Protect\n|\n|upkeep\n|turn|7\n|\n|t:|1776268463\n|move|p2a: Gengar|Perish Song|p2a: Gengar\n|-start|p1a: Kangaskhan|perish3|[silent]\n|-start|p1b: Meganium|perish3|[silent]\n|-start|p2a: Gengar|perish3|[silent]\n|-start|p2b: Archaludon|perish3|[silent]\n|-fieldactivate|move: Perish Song\n|move|p1a: Kangaskhan|Double-Edge|p2a: Gengar\n|-damage|p2a: Gengar|0 fnt\n|faint|p2a: Gengar\n|-damage|p1a: Kangaskhan|75/100|[from] Recoil\n|move|p1b: Meganium|Weather Ball|p2b: Archaludon\n|-damage|p2b: Archaludon|18/100\n|-ability|p2b: Archaludon|Stamina|boost\n|-boost|p2b: Archaludon|def|1\n|move|p2b: Archaludon|Flash Cannon|p1b: Meganium\n|-supereffective|p1b: Meganium|1\n|-damage|p1b: Meganium|3/100\n|\n|-start|p1a: Kangaskhan|perish3\n|-start|p1b: Meganium|perish3\n|-start|p2b: Archaludon|perish3\n|upkeep\n|\n|t:|1776268477\n|switch|p2a: Politoed|Politoed, L50, F|100/100\n|-weather|RainDance|[from] ability: Drizzle|[of] p2a: Politoed\n|turn|8\n|\n|t:|1776268492\n|move|p1b: Meganium|Protect|p1b: Meganium\n|-singleturn|p1b: Meganium|Protect\n|move|p2b: Archaludon|Protect|p2b: Archaludon\n|-singleturn|p2b: Archaludon|Protect\n|move|p2a: Politoed|Protect|p2a: Politoed\n|-singleturn|p2a: Politoed|Protect\n|move|p1a: Kangaskhan|Low Kick|p2b: Archaludon\n|-activate|p2b: Archaludon|move: Protect\n|\n|-weather|RainDance|[upkeep]\n|-start|p1a: Kangaskhan|perish2\n|-start|p1b: Meganium|perish2\n|-start|p2b: Archaludon|perish2\n|upkeep\n|turn|9\n|\n|t:|1776268506\n|move|p1a: Kangaskhan|Double-Edge|p2a: Politoed\n|-damage|p2a: Politoed|65/100\n|-damage|p1a: Kangaskhan|63/100|[from] Recoil\n|move|p1b: Meganium|Dazzling Gleam|p2b: Archaludon|[spread] p2a,p2b\n|-damage|p2a: Politoed|32/100\n|-damage|p2b: Archaludon|0 fnt\n|faint|p2b: Archaludon\n|move|p2a: Politoed|Weather Ball|p1b: Meganium\n|-resisted|p1b: Meganium|1\n|-damage|p1b: Meganium|0 fnt\n|faint|p1b: Meganium\n|\n|-weather|RainDance|[upkeep]\n|-heal|p2a: Politoed|39/100|[from] item: Leftovers\n|-start|p1a: Kangaskhan|perish1\n|upkeep\n|turn|10\n|\n|t:|1776268518\n|move|p2a: Politoed|Protect|p2a: Politoed\n|-singleturn|p2a: Politoed|Protect\n|move|p1a: Kangaskhan|Double-Edge|p2a: Politoed\n|-activate|p2a: Politoed|move: Protect\n|\n|-weather|RainDance|[upkeep]\n|-heal|p2a: Politoed|45/100|[from] item: Leftovers\n|-start|p1a: Kangaskhan|perish0\n|faint|p1a: Kangaskhan\n|\n|win|123456ag\n",
  "uploadtime": 1776268092,
  "views": 17,
  "formatid": "gen9championsvgc2026regma",
  "rating": null,
  "private": 0,
  "password": null
}