{
  "id": "gen9championsvgc2026regma-2583465505",
  "format": "[Gen 9 Champions] VGC 2026 Reg M-A",
  "players": [
    "countadamar",
    "Gemifi996644"
  ],
  "log": "|j|\u2606countadamar\n|j|\u2606Gemifi996644\n|t:|1776177412\n|gametype|doubles\n|player|p1|countadamar|ruinmaniac|1095\n|player|p2|Gemifi996644|2|1032\n|gen|9\n|tier|[Gen 9 Champions] VGC 2026 Reg M-A\n|rated|\n|rule|Species Clause: Limit one of each Pok\u00e9mon\n|rule|Item Clause: Limit 1 of each item\n|clearpoke\n|poke|p1|Heracross, L50, F|\n|poke|p1|Altaria, L50, F|\n|poke|p1|Golurk, L50|\n|poke|p1|Orthworm, L50, F|\n|poke|p1|Garganacl, L50, F|\n|poke|p1|Chimecho, L50, F|\n|poke|p2|Sinistcha, L50|\n|poke|p2|Froslass, L50, F|\n|poke|p2|Arcanine-Hisui, L50, F|\n|poke|p2|Dragonite, L50, M|\n|poke|p2|Milotic, L50, M|\n|poke|p2|Sneasler, L50, M|\n|teampreview|4\ncountadamar rejected open team sheets.\n|\n|t:|1776177460\n|teamsize|p1|4\n|teamsize|p2|4\n|start\n|switch|p1a: Efreeti|Golurk, L50|100/100\n|switch|p1b: W.Woo|Orthworm, L50, F|100/100\n|switch|p2a: Milotic|Milotic, L50, M|100/100\n|switch|p2b: Arcanine|Arcanine-Hisui, L50, F|100/100\n|-ability|p2b: Arcanine|Intimidate|boost\n|-unboost|p1a: Efreeti|atk|1\n|-unboost|p1b: W.Woo|atk|1\n|turn|1\n|\n|t:|1776177480\n|move|p2b: Arcanine|Flare Blitz|p1b: W.Woo\n|-supereffective|p1b: W.Woo|1\n|-damage|p1b: W.Woo|36/100\n|-damage|p2b: Arcanine|78/100|[from] Recoil\n|move|p2a: Milotic|Coil|p2a: Milotic\n|-boost|p2a: Milotic|atk|1\n|-boost|p2a: Milotic|def|1\n|-boost|p2a: Milotic|accuracy|1\n|move|p1b: W.Woo|Shed Tail|p1b: W.Woo\n|-fail|p1b: W.Woo|move: Shed Tail|[weak]\n|move|p1a: Efreeti|Curse|p2a: Milotic\n|-start|p2a: Milotic|Curse|[of] p1a: Efreeti\n|-damage|p1a: Efreeti|50/100\n|\n|-heal|p1b: W.Woo|42/100|[from] item: Leftovers\n|-damage|p2a: Milotic|75/100|[from] Curse\n|upkeep\n|turn|2\n|\n|t:|1776177518\n|switch|p1a: Le Rock|Garganacl, L50, F|100/100\n|move|p2b: Arcanine|Flare Blitz|p1b: W.Woo\n|-supereffective|p1b: W.Woo|1\n|-damage|p1b: W.Woo|0 fnt\n|faint|p1b: W.Woo\n|-damage|p2b: Arcanine|64/100|[from] Recoil\n|move|p2a: Milotic|Hydro Pump|p1a: Le Rock\n|-supereffective|p1a: Le Rock|1\n|-damage|p1a: Le Rock|30/100\n|-enditem|p1a: Le Rock|Sitrus Berry|[eat]\n|-heal|p1a: Le Rock|55/100|[from] item: Sitrus Berry\n|\n|-heal|p2a: Milotic|81/100|[from] item: Leftovers\n|-damage|p2a: Milotic|56/100|[from] Curse\n|upkeep\n|\n|t:|1776177533\n|switch|p1b: Kubo|Heracross, L50, F|100/100\n|turn|3\n|\n|t:|1776177551\n|move|p1a: Le Rock|Wide Guard|p1a: Le Rock\n|-singleturn|p1a: Le Rock|Wide Guard\n|move|p2b: Arcanine|Flare Blitz|p1b: Kubo\n|-supereffective|p1b: Kubo|1\n|-enditem|p1b: Kubo|Focus Sash\n|-damage|p1b: Kubo|1/100\n|-damage|p2b: Arcanine|35/100|[from] Recoil\n|-enditem|p2b: Arcanine|Sitrus Berry|[eat]\n|-heal|p2b: Arcanine|60/100|[from] item: Sitrus Berry\n|move|p1b: Kubo|Trailblaze|p2a: Milotic\n|-supereffective|p2a: Milotic|1\n|-damage|p2a: Milotic|30/100\n|-boost|p1b: Kubo|spe|1\n|move|p2a: Milotic|Hydro Pump|p1a: Le Rock\n|-supereffective|p1a: Le Rock|1\n|-damage|p1a: Le Rock|0 fnt\n|faint|p1a: Le Rock\n|\n|-heal|p2a: Milotic|36/100|[from] item: Leftovers\n|-damage|p2a: Milotic|11/100|[from] Curse\n|upkeep\n|\n|t:|1776177571\n|switch|p1a: Efreeti|Golurk, L50|50/100\n|turn|4\n|\n|t:|1776177587\n|switch|p2a: Sinistcha|Sinistcha, L50|100/100\n|-heal|p2b: Arcanine|85/100|[from] ability: Hospitality|[of] p2a: Sinistcha\n|move|p2b: Arcanine|Extreme Speed|p1b: Kubo\n|-damage|p1b: Kubo|0 fnt\n|faint|p1b: Kubo\n|move|p1a: Efreeti|Dynamic Punch|p2b: Arcanine\n|-supereffective|p2b: Arcanine|1\n|-damage|p2b: Arcanine|0 fnt\n|faint|p2b: Arcanine\n|\n|upkeep\n|\n|t:|1776177602\n|switch|p2b: Milotic|Milotic, L50, M|11/100\n|turn|5\n|\n|t:|1776177612\n|detailschange|p1a: Efreeti|Golurk-Mega, L50\n|-mega|p1a: Efreeti|Golurk|Golurkite\n|move|p2b: Milotic|Hydro Pump|p1a: Efreeti\n|-supereffective|p1a: Efreeti|1\n|-damage|p1a: Efreeti|0 fnt\n|faint|p1a: Efreeti\n|\n|win|Gemifi996644\n|raw|countadamar's rating: 1095 &rarr; <strong>1066</strong><br />(-29 for losing)\n|raw|Gemifi996644's rating: 1032 &rarr; <strong>1074</strong><br />(+42 for winning)\n|c|\u2606Gemifi996644|gg\n|l|\u2606countadamar\n|player|p1|\n",
  "uploadtime": 1776177623,
  "views": 23,
  "formatid": "gen9championsvgc2026regma",
  "rating": 1066,
  "private": 0,
  "password": null
}