{
  "id": "gen9championsvgc2026regma-2582000489",
  "format": "[Gen 9 Champions] VGC 2026 Reg M-A",
  "players": [
    "mayheem",
    "FlowerGirl2"
  ],
  "log": "|j|\u2606mayheem\n|j|\u2606FlowerGirl2\n|t:|1776047128\n|gametype|doubles\n|player|p1|mayheem|ingo|\n|player|p2|FlowerGirl2|schoolkidf|\n|gen|9\n|tier|[Gen 9 Champions] VGC 2026 Reg M-A\n|rated|Tournament battle\n|rule|Species Clause: Limit one of each Pok\u00e9mon\n|rule|Item Clause: Limit 1 of each item\n|clearpoke\n|poke|p1|Scizor, L50, F|\n|poke|p1|Incineroar, L50, M|\n|poke|p1|Archaludon, L50, F|\n|poke|p1|Sinistcha, L50|\n|poke|p1|Basculegion, L50, M|\n|poke|p1|Pelipper, L50, F|\n|poke|p2|Delphox, L50, M|\n|poke|p2|Garchomp, L50, F|\n|poke|p2|Tyranitar, L50, F|\n|poke|p2|Orthworm, L50, F|\n|poke|p2|Incineroar, L50, F|\n|poke|p2|Rotom-Wash, L50|\n|teampreview|4\n|inactive|Battle timer is ON: inactive players will automatically lose when time's up. (requested by FlowerGirl2)\n|j| tryson69\n|inactive|mayheem has 60 seconds left.\n|inactive|FlowerGirl2 has 60 seconds left.\n|\n|t:|1776047175\n|teamsize|p1|4\n|teamsize|p2|4\n|start\n|switch|p1a: Incineroar|Incineroar, L50, M, shiny|100/100\n|switch|p1b: Archaludon|Archaludon, L50, F, shiny|100/100\n|switch|p2a: Rotom|Rotom-Wash, L50|100/100\n|switch|p2b: Orthworm|Orthworm, L50, F|100/100\n|-ability|p1a: Incineroar|Intimidate|boost\n|-unboost|p2a: Rotom|atk|1\n|-unboost|p2b: Orthworm|atk|1\n|turn|1\n|inactive|mayheem has 30 seconds left.\n|inactive|FlowerGirl2 has 30 seconds left.\n|inactive|mayheem has 20 seconds left.\n|\n|t:|1776047213\n|switch|p2a: Tyranitar|Tyranitar, L50, F|100/100\n|-weather|Sandstorm|[from] ability: Sand Stream|[of] p2a: Tyranitar\n|move|p1a: Incineroar|Fake Out|p2b: Orthworm\n|-resisted|p2b: Orthworm|1\n|-damage|p2b: Orthworm|96/100\n|move|p1b: Archaludon|Flash Cannon|p2a: Tyranitar\n|-supereffective|p2a: Tyranitar|1\n|-damage|p2a: Tyranitar|56/100\n|cant|p2b: Orthworm|flinch\n|\n|-weather|Sandstorm|[upkeep]\n|-damage|p1a: Incineroar|95/100|[from] Sandstorm\n|upkeep\n|turn|2\n|j| missouri mott\n|\n|t:|1776047230\n|switch|p1a: Pelipper|Pelipper, L50, F|100/100\n|-weather|RainDance|[from] ability: Drizzle|[of] p1a: Pelipper\n|move|p1b: Archaludon|Flash Cannon|p2a: Tyranitar\n|-supereffective|p2a: Tyranitar|1\n|-damage|p2a: Tyranitar|0 fnt\n|faint|p2a: Tyranitar\n|move|p2b: Orthworm|Iron Defense|p2b: Orthworm\n|-boost|p2b: Orthworm|def|2\n|\n|-weather|RainDance|[upkeep]\n|upkeep\n|\n|t:|1776047241\n|switch|p2a: Garchomp|Garchomp, L50, F|100/100\n|turn|3\n|l| missouri mott\n|\n|t:|1776047262\n|move|p1b: Archaludon|Protect|p1b: Archaludon\n|-singleturn|p1b: Archaludon|Protect\n|move|p2a: Garchomp|Earthquake|p1a: Pelipper|[spread] \n|-activate|p1b: Archaludon|move: Protect\n|-heal|p2b: Orthworm|100/100|[from] ability: Earth Eater|[of] p2a: Garchomp\n|-immune|p1a: Pelipper\n|move|p1a: Pelipper|Tailwind|p1a: Pelipper\n|-sidestart|p1: mayheem|move: Tailwind\n|move|p2b: Orthworm|Body Press|p1b: Archaludon\n|-activate|p1b: Archaludon|move: Protect\n|\n|-weather|RainDance|[upkeep]\n|upkeep\n|turn|4\n|l| tryson69\n|inactive|mayheem has 30 seconds left.\n|inactive|mayheem has 20 seconds left.\n|inactive|mayheem has 15 seconds left.\n|\n|t:|1776047304\n|switch|p1a: Incineroar|Incineroar, L50, M, shiny|95/100\n|-ability|p1a: Incineroar|Intimidate|boost\n|-unboost|p2a: Garchomp|atk|1\n|-unboost|p2b: Orthworm|atk|1\n|switch|p2a: Rotom|Rotom-Wash, L50|100/100\n|move|p1b: Archaludon|Dragon Pulse|p2a: Rotom\n|-damage|p2a: Rotom|48/100\n|move|p2b: Orthworm|Body Press|p1b: Archaludon\n|-supereffective|p1b: Archaludon|1\n|-damage|p1b: Archaludon|27/100\n|-ability|p1b: Archaludon|Stamina|boost\n|-boost|p1b: Archaludon|def|1\n|\n|-weather|RainDance|[upkeep]\n|-heal|p1b: Archaludon|33/100|[from] item: Leftovers\n|upkeep\n|turn|5\n|inactive|FlowerGirl2 has 30 seconds left.\n|\n|t:|1776047333\n|move|p1a: Incineroar|Fake Out|p2b: Orthworm\n|-resisted|p2b: Orthworm|1\n|-damage|p2b: Orthworm|98/100\n|move|p2a: Rotom|Hydro Pump|p1a: Incineroar\n|-supereffective|p1a: Incineroar|1\n|-damage|p1a: Incineroar|0 fnt\n|faint|p1a: Incineroar\n|move|p1b: Archaludon|Electro Shot||[still]\n|-prepare|p1b: Archaludon|Electro Shot\n|-boost|p1b: Archaludon|spa|1\n|-anim|p1b: Archaludon|Electro Shot|p2a: Rotom\n|-damage|p2a: Rotom|0 fnt\n|faint|p2a: Rotom\n|cant|p2b: Orthworm|flinch\n|\n|-weather|RainDance|[upkeep]\n|-heal|p1b: Archaludon|39/100|[from] item: Leftovers\n|upkeep\n|\n|t:|1776047349\n|switch|p2a: Garchomp|Garchomp, L50, F|100/100\n|switch|p1a: Scizor|Scizor, L50, F, shiny|100/100\n|turn|6\n|\n|t:|1776047370\n|detailschange|p1a: Scizor|Scizor-Mega, L50, F, shiny\n|-mega|p1a: Scizor|Scizor|Scizorite\n|detailschange|p2a: Garchomp|Garchomp-Mega, L50, F\n|-mega|p2a: Garchomp|Garchomp|Garchompite\n|move|p1b: Archaludon|Electro Shot||[still]\n|-prepare|p1b: Archaludon|Electro Shot\n|-boost|p1b: Archaludon|spa|1\n|-anim|p1b: Archaludon|Electro Shot|p2b: Orthworm\n|-damage|p2b: Orthworm|13/100\n|-enditem|p2b: Orthworm|Sitrus Berry|[eat]\n|-heal|p2b: Orthworm|38/100|[from] item: Sitrus Berry\n|move|p1a: Scizor|Close Combat|p2b: Orthworm\n|-supereffective|p2b: Orthworm|1\n|-damage|p2b: Orthworm|0 fnt\n|-unboost|p1a: Scizor|def|1\n|-unboost|p1a: Scizor|spd|1\n|faint|p2b: Orthworm\n|move|p2a: Garchomp|Earthquake|p1a: Scizor|[spread] p1a,p1b\n|-supereffective|p1b: Archaludon|1\n|-damage|p1a: Scizor|45/100\n|-damage|p1b: Archaludon|0 fnt\n|faint|p1b: Archaludon\n|\n|-weather|none\n|-sideend|p1: mayheem|move: Tailwind\n|upkeep\n|\n|t:|1776047387\n|switch|p1b: Pelipper|Pelipper, L50, F|100/100\n|-weather|RainDance|[from] ability: Drizzle|[of] p1b: Pelipper\n|turn|7\n|\n|t:|1776047407\n|move|p2a: Garchomp|Earthquake|p1a: Scizor|[spread] p1a\n|-immune|p1b: Pelipper\n|-damage|p1a: Scizor|0 fnt\n|faint|p1a: Scizor\n|move|p1b: Pelipper|Hurricane|p2a: Garchomp\n|-damage|p2a: Garchomp|58/100\n|\n|-weather|RainDance|[upkeep]\n|upkeep\n|turn|8\n|\n|t:|1776047426\n|move|p2a: Garchomp|Protect|p2a: Garchomp\n|-singleturn|p2a: Garchomp|Protect\n|move|p1b: Pelipper|Weather Ball|p2a: Garchomp\n|-activate|p2a: Garchomp|move: Protect\n|\n|-weather|RainDance|[upkeep]\n|upkeep\n|turn|9\n|j| tryson69\n|\n|t:|1776047441\n|move|p2a: Garchomp|Scale Shot|p1b: Pelipper\n|-damage|p1b: Pelipper|82/100\n|-damage|p1b: Pelipper|64/100\n|-damage|p1b: Pelipper|46/100\n|-hitcount|p1b: Pelipper|3\n|-unboost|p2a: Garchomp|def|1\n|-boost|p2a: Garchomp|spe|1\n|move|p1b: Pelipper|Weather Ball|p2a: Garchomp\n|-damage|p2a: Garchomp|2/100\n|\n|-weather|RainDance|[upkeep]\n|upkeep\n|turn|10\n|\n|t:|1776047454\n|move|p2a: Garchomp|Scale Shot|p1b: Pelipper\n|-damage|p1b: Pelipper|28/100\n|-damage|p1b: Pelipper|7/100\n|-damage|p1b: Pelipper|0 fnt\n|faint|p1b: Pelipper\n|-hitcount|p1: Pelipper|3\n|\n|win|FlowerGirl2\n|n|\u2606mayheem|mayheem\n|n|\u2606FlowerGirl2|flowergirl2\n|n| tryson69|tryson69\n|l|\u2606mayheem\n|player|p1|\n|l|\u2606FlowerGirl2\n|player|p2|\n|l| tryson69\n|j|\u2606mayheem\n|player|p1|mayheem|ingo|\n",
  "uploadtime": 1776048040,
  "views": 23,
  "formatid": "gen9championsvgc2026regma",
  "rating": null,
  "private": 0,
  "password": null
}