{
  "id": "gen9championsvgc2026regma-2588315603",
  "format": "[Gen 9 Champions] VGC 2026 Reg M-A",
  "players": [
    "bugeater",
    "cakesgalore3"
  ],
  "log": "|j|\u2606bugeater\n|j|\u2606cakesgalore3\n|t:|1776623449\n|gametype|doubles\n|player|p1|bugeater|pokemaniac|1485\n|player|p2|cakesgalore3|101|1491\n|gen|9\n|tier|[Gen 9 Champions] VGC 2026 Reg M-A\n|rated|\n|rule|Species Clause: Limit one of each Pok\u00e9mon\n|rule|Item Clause: Limit 1 of each item\n|clearpoke\n|poke|p1|Excadrill, L50, F|\n|poke|p1|Tyranitar, L50, F, shiny|\n|poke|p1|Garchomp, L50, M|\n|poke|p1|Rotom-Wash, L50|\n|poke|p1|Kingambit, L50, M, shiny|\n|poke|p1|Gardevoir, L50, M, shiny|\n|poke|p2|Floette-Eternal, L50, F|\n|poke|p2|Incineroar, L50, M|\n|poke|p2|Sinistcha, L50|\n|poke|p2|Aerodactyl, L50, M|\n|poke|p2|Scizor, L50, F|\n|poke|p2|Garchomp, L50, M|\n|teampreview|4\n|inactive|Battle timer is ON: inactive players will automatically lose when time's up. (requested by cakesgalore3)\n|\n|t:|1776623483\n|teamsize|p1|4\n|teamsize|p2|4\n|start\n|switch|p1a: Kingambit|Kingambit, L50, M, shiny|100/100\n|switch|p1b: Rotom|Rotom-Wash, L50|100/100\n|switch|p2a: Scizor|Scizor, L50, F|100/100\n|switch|p2b: Incineroar|Incineroar, L50, M|100/100\n|-ability|p2b: Incineroar|Intimidate|boost\n|-unboost|p1a: Kingambit|atk|1\n|-ability|p1a: Kingambit|Defiant|boost\n|-boost|p1a: Kingambit|atk|2\n|-unboost|p1b: Rotom|atk|1\n|turn|1\n|\n|t:|1776623497\n|detailschange|p2a: Scizor|Scizor-Mega, L50, F\n|-mega|p2a: Scizor|Scizor|Scizorite\n|move|p2b: Incineroar|Fake Out|p1b: Rotom\n|-damage|p1b: Rotom|90/100\n|cant|p1b: Rotom|flinch\n|move|p2a: Scizor|Swords Dance|p2a: Scizor\n|-boost|p2a: Scizor|atk|2\n|move|p1a: Kingambit|Kowtow Cleave|p2a: Scizor\n|-damage|p2a: Scizor|60/100\n|\n|upkeep\n|turn|2\n|\n|t:|1776623522\n|switch|p2b: Sinistcha|Sinistcha, L50|100/100\n|-heal|p2a: Scizor|85/100|[from] ability: Hospitality|[of] p2b: Sinistcha\n|move|p1b: Rotom|Protect|p1b: Rotom\n|-singleturn|p1b: Rotom|Protect\n|move|p1a: Kingambit|Sucker Punch|p2a: Scizor\n|-damage|p2a: Scizor|50/100\n|move|p2a: Scizor|Bug Bite|p1a: Kingambit\n|-damage|p1a: Kingambit|42/100\n|\n|-heal|p1a: Kingambit|48/100|[from] item: Leftovers\n|upkeep\n|turn|3\n|inactive|bugeater has 30 seconds left.\n|inactive|cakesgalore3 has 30 seconds left.\n|\n|t:|1776623549\n|move|p2b: Sinistcha|Rage Powder|p2b: Sinistcha\n|-singleturn|p2b: Sinistcha|move: Rage Powder\n|move|p1b: Rotom|Will-O-Wisp|p2b: Sinistcha\n|-status|p2b: Sinistcha|brn\n|move|p2a: Scizor|Bug Bite|p1a: Kingambit\n|-damage|p1a: Kingambit|0 fnt\n|faint|p1a: Kingambit\n|\n|-damage|p2b: Sinistcha|94/100 brn|[from] brn\n|upkeep\n|\n|t:|1776623563\n|switch|p1a: Excadrill|Excadrill, L50, F|100/100\n|turn|4\n|\n|t:|1776623573\n|switch|p2b: Incineroar|Incineroar, L50, M|100/100\n|-ability|p2b: Incineroar|Intimidate|boost\n|-unboost|p1a: Excadrill|atk|1\n|-unboost|p1b: Rotom|atk|1\n|move|p1b: Rotom|Protect|p1b: Rotom\n|-singleturn|p1b: Rotom|Protect\n|move|p2a: Scizor|Protect|p2a: Scizor\n|-singleturn|p2a: Scizor|Protect\n|move|p1a: Excadrill|Earthquake|p2a: Scizor|[spread] p2b\n|-activate|p1b: Rotom|move: Protect\n|-activate|p2a: Scizor|move: Protect\n|-supereffective|p2b: Incineroar|1\n|-damage|p2b: Incineroar|50/100\n|-enditem|p2b: Incineroar|Sitrus Berry|[eat]\n|-heal|p2b: Incineroar|75/100|[from] item: Sitrus Berry\n|\n|upkeep\n|turn|5\n|\n|t:|1776623597\n|switch|p1a: Tyranitar|Tyranitar, L50, F, shiny|100/100\n|-weather|Sandstorm|[from] ability: Sand Stream|[of] p1a: Tyranitar\n|move|p2b: Incineroar|Fake Out|p1b: Rotom\n|-damage|p1b: Rotom|79/100\n|move|p2a: Scizor|Bullet Punch|p1a: Tyranitar\n|-supereffective|p1a: Tyranitar|1\n|-damage|p1a: Tyranitar|0 fnt\n|faint|p1a: Tyranitar\n|cant|p1b: Rotom|flinch\n|\n|-weather|Sandstorm|[upkeep]\n|-damage|p1b: Rotom|74/100|[from] Sandstorm\n|-damage|p2b: Incineroar|69/100|[from] Sandstorm\n|upkeep\n|\n|t:|1776623606\n|switch|p1a: Excadrill|Excadrill, L50, F|100/100\n|turn|6\n|\n|t:|1776623609\n|switch|p2b: Sinistcha|Sinistcha, L50|94/100 brn\n|-heal|p2a: Scizor|75/100|[from] ability: Hospitality|[of] p2b: Sinistcha\n|move|p2a: Scizor|Protect|p2a: Scizor\n|-singleturn|p2a: Scizor|Protect\n|move|p1a: Excadrill|Earthquake|p2a: Scizor|[spread] p2b\n|-activate|p2a: Scizor|move: Protect\n|-immune|p1b: Rotom|[from] ability: Levitate\n|-resisted|p2b: Sinistcha|1\n|-damage|p2b: Sinistcha|75/100 brn\n|move|p1b: Rotom|Discharge|p2a: Scizor|[spread] \n|-activate|p2a: Scizor|move: Protect\n|-immune|p1a: Excadrill\n|-miss|p1b: Rotom|p2b: Sinistcha\n|\n|-weather|Sandstorm|[upkeep]\n|-damage|p1b: Rotom|68/100|[from] Sandstorm\n|-damage|p2b: Sinistcha|69/100 brn|[from] Sandstorm\n|-damage|p2b: Sinistcha|63/100 brn|[from] brn\n|upkeep\n|turn|7\n|inactive|cakesgalore3 has 30 seconds left.\n|\n|t:|1776623641\n|move|p2a: Scizor|Bullet Punch|p1a: Excadrill\n|-resisted|p1a: Excadrill|1\n|-damage|p1a: Excadrill|43/100\n|move|p1a: Excadrill|Rock Slide|p2b: Sinistcha|[spread] p2a\n|-miss|p1a: Excadrill|p2b: Sinistcha\n|-damage|p2a: Scizor|58/100\n|move|p1b: Rotom|Discharge|p2b: Sinistcha|[spread] p2a,p2b\n|-immune|p1a: Excadrill\n|-resisted|p2b: Sinistcha|1\n|-damage|p2a: Scizor|36/100\n|-damage|p2b: Sinistcha|53/100 brn\n|move|p2b: Sinistcha|Life Dew|p2b: Sinistcha|[spread] p2a,p2b\n|-heal|p2a: Scizor|60/100\n|-heal|p2b: Sinistcha|78/100 brn\n|\n|-weather|Sandstorm|[upkeep]\n|-damage|p1b: Rotom|62/100|[from] Sandstorm\n|-damage|p2b: Sinistcha|72/100 brn|[from] Sandstorm\n|-damage|p2b: Sinistcha|66/100 brn|[from] brn\n|upkeep\n|turn|8\n|c|\u2606bugeater|The only mega scizor I've seen in days and I play you 3 times in an hour haha\n|\n|t:|1776623664\n|move|p2b: Sinistcha|Rage Powder|p2b: Sinistcha\n|-singleturn|p2b: Sinistcha|move: Rage Powder\n|move|p2a: Scizor|Bullet Punch|p1a: Excadrill\n|-resisted|p1a: Excadrill|1\n|-damage|p1a: Excadrill|0 fnt\n|faint|p1a: Excadrill\n|move|p1b: Rotom|Discharge|p2a: Scizor|[spread] p2a,p2b\n|-resisted|p2b: Sinistcha|1\n|-damage|p2a: Scizor|38/100\n|-damage|p2b: Sinistcha|56/100 brn\n|\n|-weather|Sandstorm|[upkeep]\n|-damage|p1b: Rotom|57/100|[from] Sandstorm\n|-damage|p2b: Sinistcha|49/100 brn|[from] Sandstorm\n|-damage|p2b: Sinistcha|43/100 brn|[from] brn\n|upkeep\n|turn|9\n|\n|t:|1776623678\n|move|p2a: Scizor|Bullet Punch|p1b: Rotom\n|-resisted|p1b: Rotom|2\n|-damage|p1b: Rotom|43/100\n|-enditem|p1b: Rotom|Sitrus Berry|[eat]\n|-heal|p1b: Rotom|67/100|[from] item: Sitrus Berry\n|move|p1b: Rotom|Hydro Pump|p2a: Scizor\n|-damage|p2a: Scizor|0 fnt\n|faint|p2a: Scizor\n|move|p2b: Sinistcha|Life Dew|p2b: Sinistcha\n|-heal|p2b: Sinistcha|68/100 brn\n|\n|-weather|none\n|-damage|p2b: Sinistcha|62/100 brn|[from] brn\n|upkeep\n|-message|bugeater forfeited.\n|\n|win|cakesgalore3\n|raw|bugeater's rating: 1485 &rarr; <strong>1465</strong><br />(-20 for losing)\n|raw|cakesgalore3's rating: 1491 &rarr; <strong>1511</strong><br />(+20 for winning)\n|l|\u2606bugeater\n|player|p1|\n",
  "uploadtime": 1776623694,
  "views": 10,
  "formatid": "gen9championsvgc2026regma",
  "rating": 1465,
  "private": 0,
  "password": null
}