{
  "id": "gen9championsvgc2026regma-2586393271",
  "format": "[Gen 9 Champions] VGC 2026 Reg M-A",
  "players": [
    "irzagx",
    "M2P Mikey"
  ],
  "log": "|j|\u2606irzagx\n|j|\u2606M2P Mikey\n|t:|1776431443\n|gametype|doubles\n|player|p1|irzagx|benga|1085\n|player|p2|M2P Mikey|scientist|1023\n|gen|9\n|tier|[Gen 9 Champions] VGC 2026 Reg M-A\n|rated|\n|rule|Species Clause: Limit one of each Pok\u00e9mon\n|rule|Item Clause: Limit 1 of each item\n|clearpoke\n|poke|p1|Charizard, L50, M|\n|poke|p1|Maushold-Four, L50|\n|poke|p1|Sneasler, L50, F|\n|poke|p1|Kingambit, L50, M|\n|poke|p1|Dragapult, L50, M|\n|poke|p1|Garchomp, L50, M|\n|poke|p2|Umbreon, L50, M|\n|poke|p2|Charizard, L50, F|\n|poke|p2|Sneasler, L50, F|\n|poke|p2|Dragapult, L50, F|\n|poke|p2|Whimsicott, L50, M|\n|poke|p2|Lucario, L50, M|\n|teampreview|4\n|\n|t:|1776431469\n|teamsize|p1|4\n|teamsize|p2|4\n|start\n|switch|p1a: Sneasler|Sneasler, L50, F, shiny|100/100\n|switch|p1b: Garchomp|Garchomp, L50, M, shiny|100/100\n|switch|p2a: Dragapult|Dragapult, L50, F|100/100\n|switch|p2b: Sneasler|Sneasler, L50, F|100/100\n|turn|1\n|\n|t:|1776431489\n|move|p2a: Dragapult|Protect|p2a: Dragapult\n|-singleturn|p2a: Dragapult|Protect\n|move|p1a: Sneasler|Fake Out|p2a: Dragapult\n|-activate|p2a: Dragapult|move: Protect\n|move|p1b: Garchomp|Dragon Claw|p2a: Dragapult\n|-activate|p2a: Dragapult|move: Protect\n|move|p2b: Sneasler|Coaching|p2a: Dragapult\n|-boost|p2a: Dragapult|atk|1\n|-boost|p2a: Dragapult|def|1\n|\n|upkeep\n|turn|2\n|\n|t:|1776431515\n|switch|p1a: Maushold|Maushold-Four, L50, shiny|100/100\n|move|p1b: Garchomp|Dragon Claw|p2a: Dragapult\n|-supereffective|p2a: Dragapult|1\n|-damage|p2a: Dragapult|19/100\n|move|p2a: Dragapult|Dragon Darts|p1b: Garchomp\n|-supereffective|p1b: Garchomp|1\n|-damage|p1b: Garchomp|29/100\n|-anim|p2a: Dragapult|Dragon Darts|p1a: Maushold\n|-damage|p1a: Maushold|40/100\n|move|p2b: Sneasler|Close Combat|p1a: Maushold\n|-supereffective|p1a: Maushold|1\n|-enditem|p1a: Maushold|Chople Berry|[eat]\n|-enditem|p1a: Maushold|Chople Berry|[weaken]\n|-damage|p1a: Maushold|0 fnt\n|-unboost|p2b: Sneasler|def|1\n|-unboost|p2b: Sneasler|spd|1\n|faint|p1a: Maushold\n|-enditem|p2b: Sneasler|White Herb\n|-clearnegativeboost|p2b: Sneasler|[silent]\n|\n|upkeep\n|\n|t:|1776431522\n|switch|p1a: Charizard|Charizard, L50, M, shiny|100/100\n|turn|3\n|\n|t:|1776431554\n|detailschange|p1a: Charizard|Charizard-Mega-Y, L50, M, shiny\n|-mega|p1a: Charizard|Charizard|Charizardite Y\n|-weather|SunnyDay|[from] ability: Drought|[of] p1a: Charizard\n|move|p2b: Sneasler|Close Combat|p1b: Garchomp\n|-damage|p1b: Garchomp|0 fnt\n|-unboost|p2b: Sneasler|def|1\n|-unboost|p2b: Sneasler|spd|1\n|-damage|p2b: Sneasler|88/100|[from] ability: Rough Skin|[of] p1b: Garchomp\n|faint|p1b: Garchomp\n|move|p2a: Dragapult|Phantom Force||[still]\n|-prepare|p2a: Dragapult|Phantom Force\n|move|p1a: Charizard|Heat Wave|p2a: Dragapult|[spread] p2b\n|-miss|p1a: Charizard|p2a: Dragapult\n|-damage|p2b: Sneasler|0 fnt\n|faint|p2b: Sneasler\n|\n|-weather|SunnyDay|[upkeep]\n|upkeep\n|\n|t:|1776431583\n|switch|p2b: Umbreon|Umbreon, L50, M, shiny|100/100\n|switch|p1b: Sneasler|Sneasler, L50, F, shiny|100/100\n|turn|4\n|\n|t:|1776431598\n|move|p1a: Charizard|Protect|p1a: Charizard\n|-singleturn|p1a: Charizard|Protect\n|move|p2b: Umbreon|Detect|p2b: Umbreon\n|-singleturn|p2b: Umbreon|Protect\n|move|p1b: Sneasler|Fake Out|p2a: Dragapult|[miss]\n|-miss|p1b: Sneasler|p2a: Dragapult\n|move|p2a: Dragapult|Phantom Force|p1a: Charizard|[from] lockedmove\n|-activate|p1a: Charizard|move: Phantom Force|[broken]\n|-damage|p1a: Charizard|24/100\n|\n|-weather|SunnyDay|[upkeep]\n|upkeep\n|turn|5\n|\n|t:|1776431638\n|move|p2a: Dragapult|Dragon Darts|p1a: Charizard\n|-damage|p1a: Charizard|0 fnt\n|-anim|p2a: Dragapult|Dragon Darts|p1b: Sneasler\n|-damage|p1b: Sneasler|25/100\n|faint|p1a: Charizard\n|move|p1b: Sneasler|Close Combat|p2b: Umbreon\n|-supereffective|p2b: Umbreon|1\n|-damage|p2b: Umbreon|23/100\n|-unboost|p1b: Sneasler|def|1\n|-unboost|p1b: Sneasler|spd|1\n|move|p2b: Umbreon|Moonlight|p2b: Umbreon\n|-heal|p2b: Umbreon|90/100\n|\n|-weather|SunnyDay|[upkeep]\n|-heal|p2b: Umbreon|96/100|[from] item: Leftovers\n|upkeep\n|turn|6\n|-message|irzagx forfeited.\n|\n|win|M2P Mikey\n|raw|irzagx's rating: 1085 &rarr; <strong>1058</strong><br />(-27 for losing)\n|raw|M2P Mikey's rating: 1023 &rarr; <strong>1066</strong><br />(+43 for winning)\n|l|\u2606irzagx\n|player|p1|\n",
  "uploadtime": 1776431654,
  "views": 28,
  "formatid": "gen9championsvgc2026regma",
  "rating": 1058,
  "private": 0,
  "password": null
}