{
  "id": "gen9championsvgc2026regma-2587566616",
  "format": "[Gen 9 Champions] VGC 2026 Reg M-A",
  "players": [
    "shangenb",
    "prawnwizard"
  ],
  "log": "|j|\u2606shangenb\n|j|\u2606prawnwizard\n|t:|1776542866\n|gametype|doubles\n|player|p1|shangenb|101|1325\n|player|p2|prawnwizard|harlequin|1347\n|gen|9\n|tier|[Gen 9 Champions] VGC 2026 Reg M-A\n|rated|\n|rule|Species Clause: Limit one of each Pok\u00e9mon\n|rule|Item Clause: Limit 1 of each item\n|clearpoke\n|poke|p1|Floette-Eternal, L50, F|\n|poke|p1|Garchomp, L50, M|\n|poke|p1|Sneasler, L50, F|\n|poke|p1|Basculegion-F, L50, F|\n|poke|p1|Aerodactyl, L50, F|\n|poke|p1|Incineroar, L50, M|\n|poke|p2|Floette-Eternal, L50, F|\n|poke|p2|Dragapult, L50, F|\n|poke|p2|Rotom-Wash, L50|\n|poke|p2|Arcanine-Hisui, L50, M|\n|poke|p2|Sneasler, L50, F|\n|poke|p2|Kingambit, L50, F|\n|teampreview|4\n|inactive|Battle timer is ON: inactive players will automatically lose when time's up. (requested by prawnwizard)\n|inactive|shangenb also wants the timer to be on.\n|inactive|shangenb has 60 seconds left.\n|inactive|prawnwizard has 60 seconds left.\n|\n|t:|1776542922\n|teamsize|p1|4\n|teamsize|p2|4\n|start\n|switch|p1a: Sneasler|Sneasler, L50, F|100/100\n|switch|p1b: Basculegion|Basculegion-F, L50, F|100/100\n|switch|p2a: Dragapult|Dragapult, L50, F|100/100\n|switch|p2b: Rotom|Rotom-Wash, L50|100/100\n|turn|1\n|inactive|shangenb has 30 seconds left.\n|\n|t:|1776542957\n|move|p2b: Rotom|Protect|p2b: Rotom\n|-singleturn|p2b: Rotom|Protect\n|move|p1b: Basculegion|Shadow Ball|p2a: Dragapult\n|-supereffective|p2a: Dragapult|1\n|-enditem|p2a: Dragapult|Focus Sash\n|-damage|p2a: Dragapult|1/100\n|-unboost|p2a: Dragapult|spd|1\n|move|p2a: Dragapult|Will-O-Wisp|p1a: Sneasler\n|-status|p1a: Sneasler|brn\n|move|p1a: Sneasler|Close Combat|p2b: Rotom\n|-activate|p2b: Rotom|move: Protect\n|\n|-damage|p1a: Sneasler|94/100 brn|[from] brn\n|upkeep\n|turn|2\n|inactive|shangenb has 30 seconds left.\n|inactive|shangenb has 20 seconds left.\n|inactive|shangenb has 15 seconds left.\n|\n|t:|1776543001\n|switch|p2a: Kingambit|Kingambit, L50, F|100/100\n|move|p1b: Basculegion|Shadow Ball|p2b: Rotom\n|-damage|p2b: Rotom|47/100\n|move|p1a: Sneasler|Close Combat|p2b: Rotom\n|-damage|p2b: Rotom|16/100\n|-unboost|p1a: Sneasler|def|1\n|-unboost|p1a: Sneasler|spd|1\n|-enditem|p1a: Sneasler|White Herb\n|-clearnegativeboost|p1a: Sneasler|[silent]\n|move|p2b: Rotom|Thunderbolt|p1b: Basculegion\n|-supereffective|p1b: Basculegion|1\n|-damage|p1b: Basculegion|0 fnt\n|faint|p1b: Basculegion\n|\n|-heal|p2b: Rotom|22/100|[from] item: Leftovers\n|-damage|p1a: Sneasler|88/100 brn|[from] brn\n|upkeep\n|\n|t:|1776543025\n|switch|p1b: Floette|Floette-Eternal, L50, F|100/100\n|turn|3\n|\n|t:|1776543050\n|detailschange|p1b: Floette|Floette-Mega, L50, F\n|-mega|p1b: Floette|Floette|Floettite\n|-ability|p1b: Floette|Fairy Aura\n|move|p1a: Sneasler|Close Combat|p2a: Kingambit\n|-supereffective|p2a: Kingambit|2\n|-damage|p2a: Kingambit|11/100\n|-unboost|p1a: Sneasler|def|1\n|-unboost|p1a: Sneasler|spd|1\n|move|p1b: Floette|Dazzling Gleam|p2b: Rotom|[spread] p2a,p2b\n|-damage|p2a: Kingambit|0 fnt\n|-damage|p2b: Rotom|0 fnt\n|faint|p2a: Kingambit\n|faint|p2b: Rotom\n|\n|-damage|p1a: Sneasler|82/100 brn|[from] brn\n|upkeep\n|\n|t:|1776543057\n|switch|p2b: Floette|Floette-Eternal, L50, F|100/100\n|switch|p2a: Dragapult|Dragapult, L50, F|1/100\n|turn|4\n|\n|t:|1776543080\n|detailschange|p2b: Floette|Floette-Mega, L50, F\n|-mega|p2b: Floette|Floette|Floettite\n|-ability|p2b: Floette|Fairy Aura\n|move|p1a: Sneasler|Protect|p1a: Sneasler\n|-singleturn|p1a: Sneasler|Protect\n|move|p2a: Dragapult|Thunder Wave|p1b: Floette\n|-status|p1b: Floette|par\n|move|p2b: Floette|Dazzling Gleam|p1b: Floette|[spread] p1b\n|-activate|p1a: Sneasler|move: Protect\n|-damage|p1b: Floette|67/100 par\n|move|p1b: Floette|Dazzling Gleam|p2a: Dragapult|[spread] p2a,p2b\n|-supereffective|p2a: Dragapult|1\n|-damage|p2a: Dragapult|0 fnt\n|-damage|p2b: Floette|67/100\n|-start|p1b: Floette|Disable|Dazzling Gleam|[from] ability: Cursed Body|[of] p2a: Dragapult\n|faint|p2a: Dragapult\n|\n|-damage|p1a: Sneasler|76/100 brn|[from] brn\n|upkeep\n|turn|5\n|inactive|shangenb has 30 seconds left.\n|\n|t:|1776543108\n|move|p1a: Sneasler|Dire Claw|p2b: Floette\n|-supereffective|p2b: Floette|1\n|-damage|p2b: Floette|27/100\n|move|p2b: Floette|Dazzling Gleam|p1a: Sneasler|[spread] p1a,p1b\n|-damage|p1a: Sneasler|0 fnt\n|-damage|p1b: Floette|32/100 par\n|faint|p1a: Sneasler\n|move|p1b: Floette|Moonblast|p2b: Floette\n|-damage|p2b: Floette|0 fnt\n|faint|p2b: Floette\n|\n|win|shangenb\n|raw|shangenb's rating: 1325 &rarr; <strong>1346</strong><br />(+21 for winning)\n|raw|prawnwizard's rating: 1347 &rarr; <strong>1326</strong><br />(-21 for losing)\n|l|\u2606prawnwizard\n|player|p2|\n",
  "uploadtime": 1776543120,
  "views": 22,
  "formatid": "gen9championsvgc2026regma",
  "rating": 1326,
  "private": 0,
  "password": null
}