{
  "id": "gen9championsvgc2026regma-2580455092",
  "format": "[Gen 9 Champions] VGC 2026 Reg M-A",
  "players": [
    "sahabatGOMBA\u2714\ufe0f",
    "biludbilud"
  ],
  "log": "|j|\u2606sahabatGOMBA\u2714\ufe0f\n|j|\u2606biludbilud\n|t:|1775899121\n|gametype|doubles\n|player|p1|sahabatGOMBA\u2714\ufe0f|170|\n|player|p2|biludbilud|dawn|\n|gen|9\n|tier|[Gen 9 Champions] VGC 2026 Reg M-A\n|rated|Tournament battle\n|rule|Species Clause: Limit one of each Pok\u00e9mon\n|rule|Item Clause: Limit 1 of each item\n|clearpoke\n|poke|p1|Incineroar, L50, F|\n|poke|p1|Azumarill, L50, M|\n|poke|p1|Froslass, L50, F|\n|poke|p1|Conkeldurr, L50, M|\n|poke|p1|Sneasler, L50, F|\n|poke|p1|Farigiraf, L50, M|\n|poke|p2|Charizard, L50, F|\n|poke|p2|Sneasler, L50, M|\n|poke|p2|Basculegion, L50, M|\n|poke|p2|Garchomp, L50, F|\n|poke|p2|Incineroar, L50, F|\n|poke|p2|Venusaur, L50, M|\n|teampreview|4\n|j| you'reseafood\n|c|\u2606sahabatGOMBA\u2714\ufe0f|hi biludbilud\n|inactive|Battle timer is ON: inactive players will automatically lose when time's up. (requested by sahabatGOMBA\u2714\ufe0f)\nsahabatGOMBA\u2714\ufe0f rejected open team sheets.\n|\n|t:|1775899159\n|teamsize|p1|4\n|teamsize|p2|4\n|start\n|switch|p1a: Azumarill|Azumarill, L50, M|100/100\n|switch|p1b: Incineroar|Incineroar, L50, F|100/100\n|switch|p2a: Venusaur|Venusaur, L50, M|100/100\n|switch|p2b: Sneasler|Sneasler, L50, M|100/100\n|-ability|p1b: Incineroar|Intimidate|boost\n|-unboost|p2a: Venusaur|atk|1\n|-unboost|p2b: Sneasler|atk|1\n|-enditem|p2b: Sneasler|White Herb\n|-clearnegativeboost|p2b: Sneasler|[silent]\n|turn|1\n|j| dominicvgc07\n|l| dominicvgc07\n|\n|t:|1775899175\n|move|p1a: Azumarill|Protect|p1a: Azumarill\n|-singleturn|p1a: Azumarill|Protect\n|move|p2b: Sneasler|Close Combat|p1b: Incineroar\n|-supereffective|p1b: Incineroar|1\n|-damage|p1b: Incineroar|0 fnt\n|-unboost|p2b: Sneasler|def|1\n|-unboost|p2b: Sneasler|spd|1\n|faint|p1b: Incineroar\n|move|p2a: Venusaur|Energy Ball|p1a: Azumarill\n|-activate|p1a: Azumarill|move: Protect\n|\n|upkeep\n|\n|t:|1775899183\n|switch|p1b: Froslass|Froslass, L50, F|100/100\n|turn|2\n|\n|t:|1775899206\n|detailschange|p1b: Froslass|Froslass-Mega, L50, F\n|-mega|p1b: Froslass|Froslass|Froslassite\n|-weather|Snowscape|[from] ability: Snow Warning|[of] p1b: Froslass\n|move|p1a: Azumarill|Aqua Jet|p2a: Venusaur\n|-resisted|p2a: Venusaur|1\n|-damage|p2a: Venusaur|83/100\n|move|p2b: Sneasler|Dire Claw|p1a: Azumarill\n|-supereffective|p1a: Azumarill|1\n|-damage|p1a: Azumarill|3/100\n|-status|p1a: Azumarill|slp\n|-enditem|p1a: Azumarill|Sitrus Berry|[eat]\n|-heal|p1a: Azumarill|28/100 slp|[from] item: Sitrus Berry\n|move|p1b: Froslass|Blizzard|p2b: Sneasler|[spread] p2a,p2b\n|-supereffective|p2a: Venusaur|1\n|-damage|p2a: Venusaur|0 fnt\n|-damage|p2b: Sneasler|0 fnt\n|faint|p2a: Venusaur\n|faint|p2b: Sneasler\n|\n|-weather|Snowscape|[upkeep]\n|upkeep\n|\n|t:|1775899212\n|switch|p2b: Basculegion|Basculegion, L50, M|100/100\n|switch|p2a: Charizard|Charizard, L50, F|100/100\n|turn|3\n|\n|t:|1775899237\n|switch|p1b: Farigiraf|Farigiraf, L50, M|100/100\n|detailschange|p2a: Charizard|Charizard-Mega-Y, L50, F\n|-mega|p2a: Charizard|Charizard|Charizardite Y\n|-weather|SunnyDay|[from] ability: Drought|[of] p2a: Charizard\n|cant|p1a: Azumarill|slp\n|move|p2b: Basculegion|Last Respects|p1b: Farigiraf\n|-immune|p1b: Farigiraf\n|move|p2a: Charizard|Heat Wave|p1a: Azumarill|[spread] p1a,p1b\n|-resisted|p1a: Azumarill|1\n|-damage|p1a: Azumarill|0 fnt\n|-damage|p1b: Farigiraf|49/100\n|faint|p1a: Azumarill\n|\n|-weather|SunnyDay|[upkeep]\n|upkeep\n|\n|t:|1775899251\n|switch|p1a: Froslass|Froslass-Mega, L50, F|100/100\n|-weather|Snowscape|[from] ability: Snow Warning|[of] p1a: Froslass\n|turn|4\n|\n|t:|1775899266\n|move|p1b: Farigiraf|Helping Hand|p1a: Froslass\n|-singleturn|p1a: Froslass|Helping Hand|[of] p1b: Farigiraf\n|move|p2b: Basculegion|Last Respects|p1a: Froslass\n|-supereffective|p1a: Froslass|1\n|-damage|p1a: Froslass|0 fnt\n|faint|p1a: Froslass\n|move|p2a: Charizard|Heat Wave|p1b: Farigiraf\n|-damage|p1b: Farigiraf|6/100\n|\n|-weather|Snowscape|[upkeep]\n|upkeep\n|turn|5\n|\n|t:|1775899273\n|move|p2b: Basculegion|Last Respects|p1b: Farigiraf\n|-immune|p1b: Farigiraf\n|move|p2a: Charizard|Heat Wave|p1b: Farigiraf\n|-crit|p1b: Farigiraf\n|-damage|p1b: Farigiraf|0 fnt\n|faint|p1b: Farigiraf\n|\n|win|biludbilud\n|n|\u2606sahabatGOMBA\u2714\ufe0f|sahabatgomba\n|n|\u2606biludbilud|biludbilud\n|n| you'reseafood|youreseafood\n|l|\u2606sahabatGOMBA\u2714\ufe0f\n|player|p1|\n",
  "uploadtime": 1775899328,
  "views": 21,
  "formatid": "gen9championsvgc2026regma",
  "rating": null,
  "private": 0,
  "password": null
}