{
  "id": "gen9championsvgc2026regma-2581233420",
  "format": "[Gen 9 Champions] VGC 2026 Reg M-A",
  "players": [
    "ConnerTEP",
    "RyushinYuki"
  ],
  "log": "|j|\u2606ConnerTEP\n|j|\u2606RyushinYuki\n|t:|1775974050\n|gametype|doubles\n|player|p1|ConnerTEP|acerola-masters2|1389\n|player|p2|RyushinYuki|cynthia-masters|1443\n|gen|9\n|tier|[Gen 9 Champions] VGC 2026 Reg M-A\n|rated|\n|rule|Species Clause: Limit one of each Pok\u00e9mon\n|rule|Item Clause: Limit 1 of each item\n|clearpoke\n|poke|p1|Aerodactyl, L50, F|\n|poke|p1|Garchomp, L50, F|\n|poke|p1|Gardevoir, L50, F|\n|poke|p1|Kingambit, L50, F|\n|poke|p1|Kangaskhan, L50, F|\n|poke|p1|Sinistcha, L50|\n|poke|p2|Corviknight, L50, F|\n|poke|p2|Tyranitar, L50, F|\n|poke|p2|Excadrill, L50, F|\n|poke|p2|Meganium, L50, F|\n|poke|p2|Sneasler, L50, M|\n|poke|p2|Rotom-Wash, L50|\n|teampreview|4\n|inactive|Battle timer is ON: inactive players will automatically lose when time's up. (requested by ConnerTEP)\n|inactive|ConnerTEP has 60 seconds left.\n|inactive|RyushinYuki has 60 seconds left.\n|j| gE1xjZRtuhW2DdT0AK\n|inactive|ConnerTEP has 30 seconds left.\n|inactive|ConnerTEP has 20 seconds left.\n|inactive|ConnerTEP has 15 seconds left.\n|inactive|ConnerTEP has 10 seconds left.\n|inactive|ConnerTEP has 5 seconds left.\n|\n|t:|1775974138\n|teamsize|p1|4\n|teamsize|p2|4\n|start\n|switch|p1a: Aerodactyl|Aerodactyl, L50, F|100/100\n|switch|p1b: Garchomp|Garchomp, L50, F|100/100\n|switch|p2a: Rotom|Rotom-Wash, L50|100/100\n|switch|p2b: Sneasler|Sneasler, L50, M|100/100\n|-ability|p1a: Aerodactyl|Unnerve\n|turn|1\n|inactive|ConnerTEP has 30 seconds left.\n|inactive|ConnerTEP has 20 seconds left.\n|inactive|ConnerTEP has 15 seconds left.\n|inactive|ConnerTEP has 10 seconds left.\n|inactive|ConnerTEP has 5 seconds left.\n|\n|t:|1775974189\n|move|p1a: Aerodactyl|Protect|p1a: Aerodactyl\n|-singleturn|p1a: Aerodactyl|Protect\n|move|p2b: Sneasler|Protect|p2b: Sneasler\n|-singleturn|p2b: Sneasler|Protect\n|move|p1b: Garchomp|Protect|p1b: Garchomp\n|-singleturn|p1b: Garchomp|Protect\n|move|p2a: Rotom|Will-O-Wisp|p1b: Garchomp\n|-activate|p1b: Garchomp|move: Protect\n|\n|upkeep\n|turn|2\n|\n|t:|1775974204\n|switch|p2b: Corviknight|Corviknight, L50, F|100/100\n|switch|p1b: Sinistcha|Sinistcha, L50|100/100\n|move|p1a: Aerodactyl|Dual Wingbeat|p2b: Corviknight\n|-resisted|p2b: Corviknight|1\n|-damage|p2b: Corviknight|92/100\n|-resisted|p2b: Corviknight|1\n|-damage|p2b: Corviknight|85/100\n|-hitcount|p2b: Corviknight|2\n|move|p2a: Rotom|Thunderbolt|p1a: Aerodactyl\n|-supereffective|p1a: Aerodactyl|1\n|-enditem|p1a: Aerodactyl|Focus Sash\n|-damage|p1a: Aerodactyl|1/100\n|\n|-heal|p2b: Corviknight|91/100|[from] item: Leftovers\n|upkeep\n|turn|3\n|inactive|RyushinYuki has 30 seconds left.\n|inactive|RyushinYuki has 20 seconds left.\n|\n|t:|1775974240\n|move|p2a: Rotom|Protect|p2a: Rotom\n|-singleturn|p2a: Rotom|Protect\n|move|p1a: Aerodactyl|Rock Slide|p2b: Corviknight|[spread] p2b\n|-activate|p2a: Rotom|move: Protect\n|-damage|p2b: Corviknight|70/100\n|move|p2b: Corviknight|Bulk Up|p2b: Corviknight\n|-boost|p2b: Corviknight|atk|1\n|-boost|p2b: Corviknight|def|1\n|move|p1b: Sinistcha|Shadow Ball|p2b: Corviknight\n|-crit|p2b: Corviknight\n|-damage|p2b: Corviknight|23/100\n|\n|-heal|p2b: Corviknight|29/100|[from] item: Leftovers\n|upkeep\n|turn|4\n|\n|t:|1775974256\n|move|p1a: Aerodactyl|Tailwind|p1a: Aerodactyl\n|-sidestart|p1: ConnerTEP|move: Tailwind\n|move|p1b: Sinistcha|Matcha Gotcha|p2b: Corviknight|[spread] p2a,p2b\n|-supereffective|p2a: Rotom|1\n|-resisted|p2b: Corviknight|2\n|-damage|p2a: Rotom|42/100\n|-damage|p2b: Corviknight|23/100\n|move|p2a: Rotom|Thunderbolt|p1a: Aerodactyl\n|-supereffective|p1a: Aerodactyl|1\n|-damage|p1a: Aerodactyl|0 fnt\n|-enditem|p2a: Rotom|Sitrus Berry|[eat]\n|-heal|p2a: Rotom|67/100|[from] item: Sitrus Berry\n|faint|p1a: Aerodactyl\n|move|p2b: Corviknight|Brave Bird|p1b: Sinistcha\n|-supereffective|p1b: Sinistcha|1\n|-damage|p1b: Sinistcha|0 fnt\n|faint|p1b: Sinistcha\n|-damage|p2b: Corviknight|0 fnt|[from] Recoil\n|faint|p2b: Corviknight\n|\n|upkeep\n|\n|t:|1775974280\n|switch|p1a: Garchomp|Garchomp, L50, F|100/100\n|switch|p2b: Sneasler|Sneasler, L50, M|100/100\n|switch|p1b: Kingambit|Kingambit, L50, F|100/100\n|turn|5\n|inactive|RyushinYuki has 30 seconds left.\n|\n|t:|1775974307\n|move|p1b: Kingambit|Protect|p1b: Kingambit\n|-singleturn|p1b: Kingambit|Protect\n|move|p2b: Sneasler|Fake Out|p1a: Garchomp\n|-damage|p1a: Garchomp|85/100\n|-damage|p2b: Sneasler|88/100|[from] ability: Rough Skin|[of] p1a: Garchomp\n|cant|p1a: Garchomp|flinch\n|move|p2a: Rotom|Will-O-Wisp|p1b: Kingambit\n|-activate|p1b: Kingambit|move: Protect\n|\n|upkeep\n|turn|6\n|\n|t:|1775974326\n|move|p2b: Sneasler|Protect|p2b: Sneasler\n|-singleturn|p2b: Sneasler|Protect\n|move|p1a: Garchomp|Stomping Tantrum|p2b: Sneasler\n|-activate|p2b: Sneasler|move: Protect\n|move|p1b: Kingambit|Kowtow Cleave|p2a: Rotom\n|-damage|p2a: Rotom|9/100\n|move|p2a: Rotom|Will-O-Wisp|p1a: Garchomp\n|-status|p1a: Garchomp|brn\n|\n|-damage|p1a: Garchomp|79/100 brn|[from] brn\n|upkeep\n|turn|7\n|inactive|RyushinYuki has 30 seconds left.\n|\n|t:|1775974357\n|move|p2b: Sneasler|Protect|p2b: Sneasler\n|-singleturn|p2b: Sneasler|Protect\n|move|p1b: Kingambit|Sucker Punch||[still]\n|-fail|p1b: Kingambit\n|move|p1a: Garchomp|Stomping Tantrum|p2b: Sneasler\n|-activate|p2b: Sneasler|move: Protect\n|move|p2a: Rotom|Thunderbolt|p1b: Kingambit\n|-damage|p1b: Kingambit|59/100\n|\n|-damage|p1a: Garchomp|73/100 brn|[from] brn\n|-sideend|p1: ConnerTEP|move: Tailwind\n|upkeep\n|turn|8\n|c|\u2606ConnerTEP|Impressive\n|\n|t:|1775974372\n|move|p1b: Kingambit|Protect|p1b: Kingambit\n|-singleturn|p1b: Kingambit|Protect\n|move|p2b: Sneasler|Close Combat|p1b: Kingambit\n|-activate|p1b: Kingambit|move: Protect\n|move|p1a: Garchomp|Stomping Tantrum|p2b: Sneasler\n|-supereffective|p2b: Sneasler|1\n|-damage|p2b: Sneasler|16/100\n|move|p2a: Rotom|Thunderbolt|p1b: Kingambit\n|-activate|p1b: Kingambit|move: Protect\n|\n|-damage|p1a: Garchomp|67/100 brn|[from] brn\n|upkeep\n|turn|9\n|inactive|RyushinYuki has 30 seconds left.\n|\n|t:|1775974404\n|move|p1b: Kingambit|Sucker Punch|p2b: Sneasler\n|-resisted|p2b: Sneasler|1\n|-damage|p2b: Sneasler|0 fnt\n|faint|p2b: Sneasler\n|move|p1a: Garchomp|Dragon Claw|p2a: Rotom\n|-damage|p2a: Rotom|0 fnt\n|faint|p2a: Rotom\n|\n|-damage|p1a: Garchomp|61/100 brn|[from] brn\n|upkeep\n|\n|t:|1775974408\n|switch|p2b: Meganium|Meganium, L50, F|100/100\n|turn|10\n|\n|t:|1775974420\n|detailschange|p2b: Meganium|Meganium-Mega, L50, F\n|-mega|p2b: Meganium|Meganium|Meganiumite\n|move|p2b: Meganium|Protect|p2b: Meganium\n|-singleturn|p2b: Meganium|Protect\n|move|p1a: Garchomp|Stomping Tantrum|p2b: Meganium\n|-activate|p2b: Meganium|move: Protect\n|move|p1b: Kingambit|Kowtow Cleave|p2b: Meganium\n|-activate|p2b: Meganium|move: Protect\n|\n|-damage|p1a: Garchomp|55/100 brn|[from] brn\n|upkeep\n|turn|11\n|\n|t:|1775974433\n|move|p1a: Garchomp|Stomping Tantrum|p2b: Meganium\n|-resisted|p2b: Meganium|1\n|-damage|p2b: Meganium|90/100\n|move|p2b: Meganium|Weather Ball|p1b: Kingambit\n|-supereffective|p1b: Kingambit|1\n|-damage|p1b: Kingambit|0 fnt\n|faint|p1b: Kingambit\n|\n|-damage|p1a: Garchomp|49/100 brn|[from] brn\n|upkeep\n|turn|12\n|-message|ConnerTEP forfeited.\n|\n|win|RyushinYuki\n|raw|ConnerTEP's rating: 1364 &rarr; <strong>1348</strong><br />(-16 for losing)\n|raw|RyushinYuki's rating: 1443 &rarr; <strong>1459</strong><br />(+16 for winning)\n|l|\u2606ConnerTEP\n|player|p1|\n|c|\u2606RyushinYuki|ggs\n|l|\u2606RyushinYuki\n|player|p2|\n",
  "uploadtime": 1775974540,
  "views": 91,
  "formatid": "gen9championsvgc2026regma",
  "rating": 1348,
  "private": 0,
  "password": null
}