{
  "id": "gen9championsvgc2026regma-2582643658",
  "format": "[Gen 9 Champions] VGC 2026 Reg M-A",
  "players": [
    "MrGreenHoodie",
    "heroplayer2026"
  ],
  "log": "|j|\u2606MrGreenHoodie\n|j|\u2606heroplayer2026\n|t:|1776104544\n|gametype|doubles\n|player|p1|MrGreenHoodie|red|1110\n|player|p2|heroplayer2026|fisherman-gen4|1060\n|gen|9\n|tier|[Gen 9 Champions] VGC 2026 Reg M-A\n|rated|\n|rule|Species Clause: Limit one of each Pok\u00e9mon\n|rule|Item Clause: Limit 1 of each item\n|clearpoke\n|poke|p1|Aggron, L50, M|\n|poke|p1|Kommo-o, L50, F|\n|poke|p1|Farigiraf, L50, F|\n|poke|p1|Gengar, L50, F|\n|poke|p1|Pelipper, L50, F|\n|poke|p1|Basculegion, L50, M|\n|poke|p2|Torkoal, L50, F|\n|poke|p2|Incineroar, L50, F|\n|poke|p2|Farigiraf, L50, M|\n|poke|p2|Golurk, L50|\n|poke|p2|Conkeldurr, L50, M|\n|poke|p2|Garchomp, L50, F|\n|teampreview|4\n|inactive|Battle timer is ON: inactive players will automatically lose when time's up. (requested by heroplayer2026)\n|\n|t:|1776104563\n|teamsize|p1|4\n|teamsize|p2|4\n|start\n|switch|p1a: Farigiraf|Farigiraf, L50, F|100/100\n|switch|p1b: Basculegion|Basculegion, L50, M|100/100\n|switch|p2a: Farigiraf|Farigiraf, L50, M|100/100\n|switch|p2b: Conkeldurr|Conkeldurr, L50, M|100/100\n|turn|1\n|\n|t:|1776104578\n|move|p1b: Basculegion|Wave Crash|p2a: Farigiraf\n|-damage|p2a: Farigiraf|32/100\n|-damage|p1b: Basculegion|75/100|[from] Recoil\n|move|p2b: Conkeldurr|Thunder Punch|p1b: Basculegion\n|-supereffective|p1b: Basculegion|1\n|-damage|p1b: Basculegion|0 fnt\n|faint|p1b: Basculegion\n|move|p1a: Farigiraf|Roar|p2a: Farigiraf\n|drag|p2a: Torkoal|Torkoal, L50, F|100/100\n|-weather|SunnyDay|[from] ability: Drought|[of] p2a: Torkoal\n|\n|-weather|SunnyDay|[upkeep]\n|upkeep\n|\n|t:|1776104590\n|switch|p1b: Kommo-o|Kommo-o, L50, F|100/100\n|turn|2\n|\n|t:|1776104614\n|move|p1a: Farigiraf|Helping Hand|p1b: Kommo-o\n|-singleturn|p1b: Kommo-o|Helping Hand|[of] p1a: Farigiraf\n|move|p1b: Kommo-o|Clanging Scales|p2b: Conkeldurr|[spread] p2a,p2b\n|-crit|p2b: Conkeldurr\n|-damage|p2a: Torkoal|19/100\n|-damage|p2b: Conkeldurr|0 fnt\n|faint|p2b: Conkeldurr\n|-unboost|p1b: Kommo-o|def|1\n|move|p2a: Torkoal|Flamethrower|p1b: Kommo-o\n|-resisted|p1b: Kommo-o|1\n|-damage|p1b: Kommo-o|57/100\n|\n|-weather|SunnyDay|[upkeep]\n|-heal|p1b: Kommo-o|63/100|[from] item: Leftovers\n|upkeep\n|\n|t:|1776104635\n|switch|p2b: Garchomp|Garchomp, L50, F|100/100\n|turn|3\n|inactive|MrGreenHoodie has 30 seconds left.\n|\n|t:|1776104662\n|switch|p1b: Pelipper|Pelipper, L50, F|100/100\n|-weather|RainDance|[from] ability: Drizzle|[of] p1b: Pelipper\n|detailschange|p2b: Garchomp|Garchomp-Mega, L50, F\n|-mega|p2b: Garchomp|Garchomp|Garchompite\n|move|p2a: Torkoal|Protect|p2a: Torkoal\n|-singleturn|p2a: Torkoal|Protect\n|move|p2b: Garchomp|Outrage|p1b: Pelipper\n|-damage|p1b: Pelipper|23/100\n|move|p1a: Farigiraf|Psychic|p2a: Torkoal\n|-activate|p2a: Torkoal|move: Protect\n|\n|-weather|RainDance|[upkeep]\n|upkeep\n|turn|4\n|-activate|p1b: Pelipper|item: Quick Claw\n|\n|t:|1776104675\n|switch|p2a: Farigiraf|Farigiraf, L50, M|32/100\n|move|p1b: Pelipper|Weather Ball|p2b: Garchomp\n|-damage|p2b: Garchomp|54/100\n|move|p2b: Garchomp|Outrage|p1b: Pelipper|[from] lockedmove\n|-damage|p1b: Pelipper|0 fnt\n|faint|p1b: Pelipper\n|move|p1a: Farigiraf|Psychic|p2a: Farigiraf\n|-resisted|p2a: Farigiraf|1\n|-damage|p2a: Farigiraf|15/100\n|\n|-weather|RainDance|[upkeep]\n|upkeep\n|\n|t:|1776104682\n|switch|p1b: Kommo-o|Kommo-o, L50, F|63/100\n|turn|5\n|\n|t:|1776104687\n|move|p1a: Farigiraf|Helping Hand|p1b: Kommo-o\n|-singleturn|p1b: Kommo-o|Helping Hand|[of] p1a: Farigiraf\n|move|p1b: Kommo-o|Clanging Scales|p2b: Garchomp|[spread] p2a,p2b\n|-supereffective|p2b: Garchomp|1\n|-damage|p2a: Farigiraf|0 fnt\n|-damage|p2b: Garchomp|0 fnt\n|faint|p2a: Farigiraf\n|faint|p2b: Garchomp\n|-unboost|p1b: Kommo-o|def|1\n|\n|-weather|RainDance|[upkeep]\n|-heal|p1b: Kommo-o|69/100|[from] item: Leftovers\n|upkeep\n|\n|t:|1776104693\n|switch|p2b: Torkoal|Torkoal, L50, F|19/100\n|-weather|SunnyDay|[from] ability: Drought|[of] p2b: Torkoal\n|turn|6\n|-message|heroplayer2026 forfeited.\n|\n|win|MrGreenHoodie\n|raw|MrGreenHoodie's rating: 1110 &rarr; <strong>1131</strong><br />(+21 for winning)\n|raw|heroplayer2026's rating: 1060 &rarr; <strong>1044</strong><br />(-16 for losing)\n",
  "uploadtime": 1776104698,
  "views": 14,
  "formatid": "gen9championsvgc2026regma",
  "rating": 1044,
  "private": 0,
  "password": null
}