{
  "id": "gen9championsvgc2026regma-2580685544",
  "format": "[Gen 9 Champions] VGC 2026 Reg M-A",
  "players": [
    "Alozk12",
    "themegaisiug"
  ],
  "log": "|j|\u2606Alozk12\n|j|\u2606themegaisiug\n|t:|1775924167\n|gametype|doubles\n|player|p1|Alozk12|2|1023\n|player|p2|themegaisiug|boarder|1040\n|gen|9\n|tier|[Gen 9 Champions] VGC 2026 Reg M-A\n|rated|\n|rule|Species Clause: Limit one of each Pok\u00e9mon\n|rule|Item Clause: Limit 1 of each item\n|clearpoke\n|poke|p1|Farigiraf, L50, F|\n|poke|p1|Hawlucha, L50, F|\n|poke|p1|Pinsir, L50, F|\n|poke|p1|Excadrill, L50, F|\n|poke|p1|Rotom-Wash, L50|\n|poke|p1|Sinistcha-Masterpiece, L50|\n|poke|p2|Aerodactyl, L50, F|\n|poke|p2|Incineroar, L50, M|\n|poke|p2|Floette-Eternal, L50, F|\n|poke|p2|Basculegion, L50, M|\n|poke|p2|Garchomp, L50, F|\n|poke|p2|Sneasler, L50, F|\n|teampreview|4\n|inactive|Battle timer is ON: inactive players will automatically lose when time's up. (requested by Alozk12)\nAlozk12 has agreed to open team sheets.\n|inactive|themegaisiug has 60 seconds left.\n|inactive|themegaisiug has 30 seconds left.\n|\n|t:|1775924240\n|teamsize|p1|4\n|teamsize|p2|4\n|start\n|switch|p1a: Hawlucha|Hawlucha, L50, F, shiny|100/100\n|switch|p1b: Farigiraf|Farigiraf, L50, F, shiny|100/100\n|switch|p2a: Garchomp|Garchomp, L50, F, shiny|100/100\n|switch|p2b: Sneasler|Sneasler, L50, F, shiny|100/100\n|-ability|p1a: Hawlucha|Mold Breaker\n|turn|1\n|inactive|themegaisiug has 30 seconds left.\n|\n|t:|1775924273\n|detailschange|p1a: Hawlucha|Hawlucha-Mega, L50, F, shiny\n|-mega|p1a: Hawlucha|Hawlucha|Hawluchanite\n|move|p2b: Sneasler|Close Combat|p1b: Farigiraf\n|-damage|p1b: Farigiraf|35/100\n|-unboost|p2b: Sneasler|def|1\n|-unboost|p2b: Sneasler|spd|1\n|-enditem|p1b: Farigiraf|Sitrus Berry|[eat]\n|-heal|p1b: Farigiraf|60/100|[from] item: Sitrus Berry\n|-enditem|p2b: Sneasler|White Herb\n|-clearnegativeboost|p2b: Sneasler|[silent]\n|move|p1a: Hawlucha|Entrainment|p2a: Garchomp\n|-ability|p2a: Garchomp|No Guard|Rough Skin|[from] move: Entrainment|[of] p1a: Hawlucha\n|move|p2a: Garchomp|Dragon Claw|p1b: Farigiraf\n|-damage|p1b: Farigiraf|18/100\n|move|p1b: Farigiraf|Twin Beam|p2b: Sneasler\n|-supereffective|p2b: Sneasler|2\n|-damage|p2b: Sneasler|0 fnt\n|faint|p2b: Sneasler\n|-hitcount|p2: Sneasler|1\n|\n|upkeep\n|inactive|themegaisiug has 30 seconds left.\n|\n|t:|1775924300\n|switch|p2b: Basculegion|Basculegion, L50, M, shiny|100/100\n|turn|2\n|inactive|themegaisiug has 30 seconds left.\n|\n|t:|1775924329\n|move|p2b: Basculegion|Liquidation|p1b: Farigiraf\n|-damage|p1b: Farigiraf|0 fnt\n|faint|p1b: Farigiraf\n|move|p1a: Hawlucha|Entrainment|p2b: Basculegion\n|-ability|p2b: Basculegion|No Guard|Adaptability|[from] move: Entrainment|[of] p1a: Hawlucha\n|move|p2a: Garchomp|Dragon Claw|p1a: Hawlucha\n|-damage|p1a: Hawlucha|50/100\n|\n|upkeep\n|\n|t:|1775924340\n|switch|p1b: Pinsir|Pinsir, L50, F, shiny|100/100\n|-ability|p1b: Pinsir|Mold Breaker\n|turn|3\n|\n|t:|1775924362\n|switch|p1a: Sinistcha|Sinistcha-Masterpiece, L50, shiny|100/100\n|move|p1b: Pinsir|Guillotine|p2a: Garchomp\n|-damage|p2a: Garchomp|0 fnt\n|faint|p2a: Garchomp\n|-ohko\n|move|p2b: Basculegion|Liquidation|p1a: Sinistcha\n|-resisted|p1a: Sinistcha|1\n|-damage|p1a: Sinistcha|85/100\n|\n|-heal|p1a: Sinistcha|91/100|[from] item: Leftovers\n|upkeep\n|\n|t:|1775924365\n|switch|p2a: Floette|Floette-Eternal, L50, F|100/100\n|turn|4\n|\n|t:|1775924389\n|switch|p1b: Hawlucha|Hawlucha-Mega, L50, F, shiny|50/100\n|detailschange|p2a: Floette|Floette-Mega, L50, F\n|-mega|p2a: Floette|Floette|Floettite\n|-ability|p2a: Floette|Fairy Aura\n|move|p2b: Basculegion|Liquidation|p1a: Sinistcha\n|-resisted|p1a: Sinistcha|1\n|-damage|p1a: Sinistcha|75/100\n|move|p2a: Floette|Light of Ruin|p1b: Hawlucha\n|-supereffective|p1b: Hawlucha|1\n|-damage|p1b: Hawlucha|0 fnt\n|faint|p1b: Hawlucha\n|-damage|p2a: Floette|75/100|[from] Recoil\n|move|p1a: Sinistcha|Matcha Gotcha|p2b: Basculegion|[spread] p2b\n|-miss|p1a: Sinistcha|p2a: Floette\n|-supereffective|p2b: Basculegion|1\n|-damage|p2b: Basculegion|41/100\n|-heal|p1a: Sinistcha|100/100|[from] drain|[of] p2b: Basculegion\n|\n|upkeep\n|\n|t:|1775924412\n|switch|p1b: Pinsir|Pinsir, L50, F, shiny|100/100\n|-ability|p1b: Pinsir|Mold Breaker\n|turn|5\n|\n|t:|1775924424\n|move|p1b: Pinsir|Lunge|p2a: Floette\n|-resisted|p2a: Floette|1\n|-damage|p2a: Floette|50/100\n|-unboost|p2a: Floette|atk|1\n|move|p2b: Basculegion|Liquidation|p1b: Pinsir\n|-damage|p1b: Pinsir|53/100\n|move|p2a: Floette|Light of Ruin|p1a: Sinistcha\n|-damage|p1a: Sinistcha|0 fnt\n|faint|p1a: Sinistcha\n|-damage|p2a: Floette|0 fnt|[from] Recoil\n|faint|p2a: Floette\n|\n|upkeep\n|turn|6\n|\n|t:|1775924437\n|move|p1b: Pinsir|Lunge|p2b: Basculegion\n|-resisted|p2b: Basculegion|1\n|-damage|p2b: Basculegion|17/100\n|-unboost|p2b: Basculegion|atk|1\n|move|p2b: Basculegion|Liquidation|p1b: Pinsir\n|-damage|p1b: Pinsir|22/100\n|\n|upkeep\n|turn|7\n|\n|t:|1775924445\n|move|p1b: Pinsir|Lunge|p2b: Basculegion\n|-resisted|p2b: Basculegion|1\n|-damage|p2b: Basculegion|0 fnt\n|faint|p2b: Basculegion\n|\n|win|Alozk12\n|raw|Alozk12's rating: 1023 &rarr; <strong>1061</strong><br />(+38 for winning)\n|raw|themegaisiug's rating: 1040 &rarr; <strong>1023</strong><br />(-17 for losing)\n|l|\u2606Alozk12\n|player|p1|\n|l|\u2606themegaisiug\n|player|p2|\n|j|\u2606themegaisiug\n|player|p2|themegaisiug|boarder|\n",
  "uploadtime": 1775924478,
  "views": 11,
  "formatid": "gen9championsvgc2026regma",
  "rating": 1023,
  "private": 0,
  "password": null
}