{
  "id": "gen9championsvgc2026regma-2582159103",
  "format": "[Gen 9 Champions] VGC 2026 Reg M-A",
  "players": [
    "It'sJustKen VGC",
    "repity"
  ],
  "log": "|j|\u2606It'sJustKen VGC\n|j|\u2606repity\n|t:|1776065564\n|gametype|doubles\n|player|p1|It'sJustKen VGC|265|1138\n|player|p2|repity|266|1124\n|gen|9\n|tier|[Gen 9 Champions] VGC 2026 Reg M-A\n|rated|\n|rule|Species Clause: Limit one of each Pok\u00e9mon\n|rule|Item Clause: Limit 1 of each item\n|clearpoke\n|poke|p1|Kingambit, L50, M|\n|poke|p1|Clefable, L50, F|\n|poke|p1|Chimecho, L50, M|\n|poke|p1|Golurk, L50|\n|poke|p1|Torkoal, L50, F|\n|poke|p1|Hawlucha, L50, M|\n|poke|p2|Kingambit, L50, F|\n|poke|p2|Clefable, L50, M|\n|poke|p2|Sneasler, L50, M|\n|poke|p2|Delphox, L50, F|\n|poke|p2|Dragonite, L50, M|\n|poke|p2|Basculegion, L50, M|\n|teampreview|4\n|inactive|Battle timer is ON: inactive players will automatically lose when time's up. (requested by It'sJustKen VGC)\n|\n|t:|1776065593\n|teamsize|p1|4\n|teamsize|p2|4\n|start\n|switch|p1a: Important Object|Chimecho, L50, M|100/100\n|switch|p1b: Main Character|Clefable, L50, F, shiny|100/100\n|switch|p2a: Delphox|Delphox, L50, F|100/100\n|switch|p2b: Sneasler|Sneasler, L50, M|100/100\n|turn|1\n|inactive|It'sJustKen VGC has 30 seconds left.\n|\n|t:|1776065625\n|switch|p1b: Transport Vehicle|Golurk, L50, shiny|100/100\n|move|p2b: Sneasler|Dire Claw|p1b: Transport Vehicle\n|-resisted|p1b: Transport Vehicle|2\n|-damage|p1b: Transport Vehicle|91/100\n|move|p2a: Delphox|Heat Wave|p1a: Important Object|[spread] p1a,p1b\n|-damage|p1a: Important Object|66/100\n|-damage|p1b: Transport Vehicle|63/100\n|move|p1a: Important Object|Trick Room|p1a: Important Object\n|-fieldstart|move: Trick Room|[of] p1a: Important Object\n|\n|upkeep\n|turn|2\n|\n|t:|1776065648\n|switch|p2b: Dragonite|Dragonite, L50, M|100/100\n|detailschange|p2a: Delphox|Delphox-Mega, L50, F\n|-mega|p2a: Delphox|Delphox|Delphoxite\n|move|p1b: Transport Vehicle|Reflect|p1b: Transport Vehicle\n|-sidestart|p1: It'sJustKen VGC|Reflect\n|move|p1a: Important Object|Skill Swap|p1b: Transport Vehicle\n|-activate|p1a: Important Object|Skill Swap|||[of] p1b: Transport Vehicle\n|move|p2a: Delphox|Substitute|p2a: Delphox\n|-start|p2a: Delphox|Substitute\n|-damage|p2a: Delphox|76/100\n|\n|upkeep\n|turn|3\n|inactive|It'sJustKen VGC has 30 seconds left.\n|\n|t:|1776065683\n|move|p1b: Transport Vehicle|Curse|p2a: Delphox\n|-start|p2a: Delphox|Curse|[of] p1b: Transport Vehicle\n|-damage|p1b: Transport Vehicle|13/100\n|move|p1a: Important Object|Hypnosis|p2b: Dragonite\n|-status|p2b: Dragonite|slp|[from] move: Hypnosis\n|-enditem|p2b: Dragonite|Lum Berry|[eat]\n|-curestatus|p2b: Dragonite|slp|[msg]\n|move|p2b: Dragonite|Scale Shot|p1b: Transport Vehicle\n|-damage|p1b: Transport Vehicle|3/100\n|-damage|p1b: Transport Vehicle|0 fnt\n|faint|p1b: Transport Vehicle\n|-hitcount|p1: Transport Vehicle|2\n|-unboost|p2b: Dragonite|def|1\n|-boost|p2b: Dragonite|spe|1\n|move|p2a: Delphox|Heat Wave|p1a: Important Object\n|-damage|p1a: Important Object|9/100\n|\n|-damage|p2a: Delphox|51/100|[from] Curse\n|upkeep\n|\n|t:|1776065686\n|switch|p1b: The Final Boss|Kingambit, L50, M|100/100\n|turn|4\n|inactive|repity has 30 seconds left.\n|inactive|repity has 20 seconds left.\n|\n|t:|1776065723\n|move|p2b: Dragonite|Protect|p2b: Dragonite\n|-singleturn|p2b: Dragonite|Protect\n|move|p1a: Important Object|Skill Swap|p1b: The Final Boss\n|-activate|p1a: Important Object|Skill Swap|||[of] p1b: The Final Boss\n|move|p1b: The Final Boss|Guillotine|p2b: Dragonite\n|-activate|p2b: Dragonite|move: Protect\n|move|p2a: Delphox|Heat Wave|p1a: Important Object|[spread] p1a,p1b\n|-supereffective|p1b: The Final Boss|1\n|-damage|p1a: Important Object|0 fnt\n|-damage|p1b: The Final Boss|39/100\n|-enditem|p1b: The Final Boss|Sitrus Berry|[eat]\n|-heal|p1b: The Final Boss|64/100|[from] item: Sitrus Berry\n|faint|p1a: Important Object\n|\n|-damage|p2a: Delphox|26/100|[from] Curse\n|upkeep\n|\n|t:|1776065732\n|switch|p1a: Main Character|Clefable, L50, F, shiny|100/100\n|turn|5\n|inactive|repity has 30 seconds left.\n|\n|t:|1776065760\n|move|p2b: Dragonite|Protect||[still]\n|-fail|p2b: Dragonite\n|move|p1b: The Final Boss|Guillotine|p2b: Dragonite\n|-damage|p2b: Dragonite|0 fnt\n|faint|p2b: Dragonite\n|-ohko\n|move|p1a: Main Character|Heal Pulse|p1b: The Final Boss\n|-heal|p1b: The Final Boss|100/100\n|move|p2a: Delphox|Heat Wave|p1b: The Final Boss|[spread] p1a,p1b\n|-supereffective|p1b: The Final Boss|1\n|-damage|p1a: Main Character|62/100\n|-damage|p1b: The Final Boss|36/100\n|\n|-heal|p1a: Main Character|68/100|[from] item: Leftovers\n|-damage|p2a: Delphox|2/100|[from] Curse\n|-fieldend|move: Trick Room\n|upkeep\n|\n|t:|1776065775\n|switch|p2b: Sneasler|Sneasler, L50, M|100/100\n|turn|6\n|\n|t:|1776065786\n|move|p1a: Main Character|Protect|p1a: Main Character\n|-singleturn|p1a: Main Character|Protect\n|move|p1b: The Final Boss|Protect|p1b: The Final Boss\n|-singleturn|p1b: The Final Boss|Protect\n|move|p2b: Sneasler|Fake Out|p1a: Main Character\n|-activate|p1a: Main Character|move: Protect\n|move|p2a: Delphox|Heat Wave|p1a: Main Character|[spread] \n|-activate|p1a: Main Character|move: Protect\n|-activate|p1b: The Final Boss|move: Protect\n|\n|-heal|p1a: Main Character|74/100|[from] item: Leftovers\n|-damage|p2a: Delphox|0 fnt|[from] Curse\n|faint|p2a: Delphox\n|-sideend|p1: It'sJustKen VGC|Reflect\n|upkeep\n|\n|t:|1776065801\n|switch|p2a: Kingambit|Kingambit, L50, F|100/100\n|turn|7\n|\n|t:|1776065815\n|move|p1a: Main Character|Follow Me|p1a: Main Character\n|-singleturn|p1a: Main Character|move: Follow Me\n|move|p2b: Sneasler|Close Combat|p1a: Main Character\n|-resisted|p1a: Main Character|1\n|-damage|p1a: Main Character|50/100\n|-unboost|p2b: Sneasler|def|1\n|-unboost|p2b: Sneasler|spd|1\n|move|p1b: The Final Boss|Guillotine|p2b: Sneasler\n|-enditem|p2b: Sneasler|Focus Sash\n|-damage|p2b: Sneasler|1/100\n|move|p2a: Kingambit|Swords Dance|p2a: Kingambit\n|-boost|p2a: Kingambit|atk|2\n|\n|-heal|p1a: Main Character|55/100|[from] item: Leftovers\n|upkeep\n|turn|8\n|\n|t:|1776065841\n|move|p1a: Main Character|Follow Me|p1a: Main Character\n|-singleturn|p1a: Main Character|move: Follow Me\n|move|p1b: The Final Boss|Sucker Punch|p2b: Sneasler\n|-resisted|p2b: Sneasler|1\n|-damage|p2b: Sneasler|0 fnt\n|faint|p2b: Sneasler\n|move|p2a: Kingambit|Swords Dance|p2a: Kingambit\n|-boost|p2a: Kingambit|atk|2\n|\n|-heal|p1a: Main Character|61/100|[from] item: Leftovers\n|upkeep\n|turn|9\n|\n|t:|1776065857\n|move|p1a: Main Character|Follow Me|p1a: Main Character\n|-singleturn|p1a: Main Character|move: Follow Me\n|move|p1b: The Final Boss|Guillotine|p2a: Kingambit\n|-damage|p2a: Kingambit|0 fnt\n|faint|p2a: Kingambit\n|-ohko\n|\n|win|It'sJustKen VGC\n|raw|It&apos;sJustKen VGC's rating: 1138 &rarr; <strong>1162</strong><br />(+24 for winning)\n|raw|repity's rating: 1124 &rarr; <strong>1100</strong><br />(-24 for losing)\n|l|\u2606repity\n|player|p2|\n",
  "uploadtime": 1776065872,
  "views": 10,
  "formatid": "gen9championsvgc2026regma",
  "rating": 1100,
  "private": 0,
  "password": null
}