{
  "id": "gen9championsvgc2026regma-2586229001",
  "format": "[Gen 9 Champions] VGC 2026 Reg M-A",
  "players": [
    "doomdessire",
    "PokeRexx"
  ],
  "log": "|j|\u2606doomdessire\n|j|\u2606PokeRexx\n|t:|1776414952\n|gametype|doubles\n|player|p1|doomdessire|skyla-masters|1139\n|player|p2|PokeRexx|bellelba|1201\n|gen|9\n|tier|[Gen 9 Champions] VGC 2026 Reg M-A\n|rated|\n|rule|Species Clause: Limit one of each Pok\u00e9mon\n|rule|Item Clause: Limit 1 of each item\n|clearpoke\n|poke|p1|Froslass, L50, F|\n|poke|p1|Rotom-Frost, L50|\n|poke|p1|Kingambit, L50, F|\n|poke|p1|Incineroar, L50, F|\n|poke|p1|Garchomp, L50, M|\n|poke|p1|Empoleon, L50, F|\n|poke|p2|Charizard, L50, M|\n|poke|p2|Milotic, L50, M|\n|poke|p2|Aerodactyl, L50, M|\n|poke|p2|Venusaur, L50, F|\n|poke|p2|Garchomp, L50, M|\n|poke|p2|Incineroar, L50, M|\n|teampreview|4\nPokeRexx rejected open team sheets.\n|c|\u2606PokeRexx|damn ice\n|c|\u2606PokeRexx|first time against ice tea,\n|c|\u2606PokeRexx|team\n|inactive|Battle timer is ON: inactive players will automatically lose when time's up. (requested by PokeRexx)\n|\n|t:|1776415017\n|teamsize|p1|4\n|teamsize|p2|4\n|start\n|switch|p1a: Incineroar|Incineroar, L50, F|100/100\n|switch|p1b: Rotom|Rotom-Frost, L50|100/100\n|switch|p2a: Charizard|Charizard, L50, M, shiny|100/100\n|switch|p2b: Garchomp|Garchomp, L50, M|100/100\n|-ability|p1a: Incineroar|Intimidate|boost\n|-unboost|p2a: Charizard|atk|1\n|-unboost|p2b: Garchomp|atk|1\n|turn|1\n|\n|t:|1776415034\n|detailschange|p2a: Charizard|Charizard-Mega-Y, L50, M, shiny\n|-mega|p2a: Charizard|Charizard|Charizardite Y\n|-weather|SunnyDay|[from] ability: Drought|[of] p2a: Charizard\n|move|p2a: Charizard|Protect|p2a: Charizard\n|-singleturn|p2a: Charizard|Protect\n|move|p1a: Incineroar|Fake Out|p2a: Charizard\n|-activate|p2a: Charizard|move: Protect\n|move|p2b: Garchomp|Earthquake|p1b: Rotom|[spread] p1a\n|-activate|p2a: Charizard|move: Protect\n|-immune|p1b: Rotom|[from] ability: Levitate\n|-supereffective|p1a: Incineroar|1\n|-damage|p1a: Incineroar|49/100\n|-enditem|p1a: Incineroar|Sitrus Berry|[eat]\n|-heal|p1a: Incineroar|74/100|[from] item: Sitrus Berry\n|move|p1b: Rotom|Thunderbolt|p2a: Charizard\n|-activate|p2a: Charizard|move: Protect\n|\n|-weather|SunnyDay|[upkeep]\n|upkeep\n|turn|2\n|\n|t:|1776415052\n|move|p2b: Garchomp|Earthquake|p1a: Incineroar|[spread] p1a\n|-immune|p2a: Charizard\n|-immune|p1b: Rotom|[from] ability: Levitate\n|-supereffective|p1a: Incineroar|1\n|-damage|p1a: Incineroar|28/100\n|move|p1b: Rotom|Thunderbolt|p2a: Charizard\n|-supereffective|p2a: Charizard|1\n|-damage|p2a: Charizard|11/100\n|move|p2a: Charizard|Heat Wave|p1b: Rotom|[spread] p1a,p1b\n|-resisted|p1a: Incineroar|1\n|-supereffective|p1b: Rotom|1\n|-damage|p1a: Incineroar|0 fnt\n|-damage|p1b: Rotom|0 fnt\n|faint|p1a: Incineroar\n|faint|p1b: Rotom\n|\n|-weather|SunnyDay|[upkeep]\n|upkeep\n|\n|t:|1776415065\n|switch|p1b: Empoleon|Empoleon, L50, F|100/100\n|switch|p1a: Froslass|Froslass, L50, F|100/100\n|turn|3\n|\n|t:|1776415086\n|detailschange|p1a: Froslass|Froslass-Mega, L50, F\n|-mega|p1a: Froslass|Froslass|Froslassite\n|-weather|Snowscape|[from] ability: Snow Warning|[of] p1a: Froslass\n|move|p1b: Empoleon|Protect|p1b: Empoleon\n|-singleturn|p1b: Empoleon|Protect\n|move|p2b: Garchomp|Earthquake|p1b: Empoleon|[spread] p1a\n|-activate|p1b: Empoleon|move: Protect\n|-immune|p2a: Charizard\n|-damage|p1a: Froslass|74/100\n|move|p1a: Froslass|Blizzard|p2a: Charizard|[spread] p2a,p2b\n|-supereffective|p2b: Garchomp|2\n|-damage|p2a: Charizard|0 fnt\n|-damage|p2b: Garchomp|0 fnt\n|faint|p2a: Charizard\n|faint|p2b: Garchomp\n|\n|-weather|Snowscape|[upkeep]\n|upkeep\n|c|\u2606PokeRexx|hydrogen bomb vs coughing bby\n|\n|t:|1776415109\n|switch|p2b: Incineroar|Incineroar, L50, M, shiny|100/100\n|switch|p2a: Venusaur|Venusaur, L50, F, shiny|100/100\n|-ability|p2b: Incineroar|Intimidate|boost\n|-unboost|p1a: Froslass|atk|1\n|-unboost|p1b: Empoleon|atk|1\n|-ability|p1b: Empoleon|Competitive|boost\n|-boost|p1b: Empoleon|spa|2\n|turn|4\n|inactive|doomdessire has 30 seconds left.\n|\n|t:|1776415135\n|move|p2a: Venusaur|Protect|p2a: Venusaur\n|-singleturn|p2a: Venusaur|Protect\n|move|p1b: Empoleon|Protect|p1b: Empoleon\n|-singleturn|p1b: Empoleon|Protect\n|move|p1a: Froslass|Blizzard|p2a: Venusaur|[spread] p2b\n|-activate|p2a: Venusaur|move: Protect\n|-resisted|p2b: Incineroar|1\n|-damage|p2b: Incineroar|78/100\n|move|p2b: Incineroar|Flare Blitz|p1a: Froslass\n|-supereffective|p1a: Froslass|1\n|-damage|p1a: Froslass|0 fnt\n|faint|p1a: Froslass\n|-damage|p2b: Incineroar|60/100|[from] Recoil\n|\n|-weather|Snowscape|[upkeep]\n|upkeep\n|turn|5\n|inactive|PokeRexx has 30 seconds left.\n|-activate|p2b: Incineroar|item: Quick Claw\n|\n|t:|1776415163\n|move|p2b: Incineroar|Flare Blitz|p1b: Empoleon\n|-damage|p1b: Empoleon|48/100\n|-damage|p2b: Incineroar|44/100|[from] Recoil\n|move|p2a: Venusaur|Sleep Powder|p1b: Empoleon\n|-status|p1b: Empoleon|slp|[from] move: Sleep Powder\n|cant|p1b: Empoleon|slp\n|\n|-weather|Snowscape|[upkeep]\n|-heal|p1b: Empoleon|54/100 slp|[from] item: Leftovers\n|upkeep\n|turn|6\n|\n|t:|1776415181\n|move|p2a: Venusaur|Energy Ball|p1b: Empoleon\n|-damage|p1b: Empoleon|28/100 slp\n|-curestatus|p1b: Empoleon|slp|[msg]\n|move|p1b: Empoleon|Water Pulse|p2b: Incineroar\n|-supereffective|p2b: Incineroar|1\n|-damage|p2b: Incineroar|0 fnt\n|faint|p2b: Incineroar\n|\n|-weather|Snowscape|[upkeep]\n|-heal|p1b: Empoleon|34/100|[from] item: Leftovers\n|upkeep\n|turn|7\n|c|\u2606PokeRexx|gg\n|c|\u2606PokeRexx|wait its not over\n|\n|t:|1776415195\n|move|p1b: Empoleon|Protect|p1b: Empoleon\n|-singleturn|p1b: Empoleon|Protect\n|move|p2a: Venusaur|Sleep Powder|p1b: Empoleon\n|-activate|p1b: Empoleon|move: Protect\n|\n|-weather|none\n|-heal|p1b: Empoleon|40/100|[from] item: Leftovers\n|upkeep\n|turn|8\n|c|\u2606PokeRexx|lmao i loes\n|\n|t:|1776415204\n|move|p2a: Venusaur|Sleep Powder|p1b: Empoleon\n|-status|p1b: Empoleon|slp|[from] move: Sleep Powder\n|cant|p1b: Empoleon|slp\n|\n|-heal|p1b: Empoleon|46/100 slp|[from] item: Leftovers\n|upkeep\n|turn|9\n|\n|t:|1776415211\n|move|p2a: Venusaur|Energy Ball|p1b: Empoleon\n|-damage|p1b: Empoleon|17/100 slp\n|-curestatus|p1b: Empoleon|slp|[msg]\n|move|p1b: Empoleon|Flash Cannon|p2a: Venusaur\n|-damage|p2a: Venusaur|55/100\n|\n|-heal|p2a: Venusaur|61/100|[from] item: Leftovers\n|-heal|p1b: Empoleon|23/100|[from] item: Leftovers\n|upkeep\n|turn|10\n|\n|t:|1776415231\n|move|p1b: Empoleon|Protect|p1b: Empoleon\n|-singleturn|p1b: Empoleon|Protect\n|move|p2a: Venusaur|Energy Ball|p1b: Empoleon\n|-activate|p1b: Empoleon|move: Protect\n|\n|-heal|p2a: Venusaur|67/100|[from] item: Leftovers\n|-heal|p1b: Empoleon|29/100|[from] item: Leftovers\n|upkeep\n|turn|11\n|\n|t:|1776415244\n|move|p2a: Venusaur|Energy Ball|p1b: Empoleon\n|-damage|p1b: Empoleon|3/100\n|-unboost|p1b: Empoleon|spd|1\n|-ability|p1b: Empoleon|Competitive|boost\n|-boost|p1b: Empoleon|spa|2\n|move|p1b: Empoleon|Flash Cannon|p2a: Venusaur\n|-damage|p2a: Venusaur|0 fnt\n|faint|p2a: Venusaur\n|\n|win|doomdessire\n|raw|doomdessire's rating: 1139 &rarr; <strong>1168</strong><br />(+29 for winning)\n|raw|PokeRexx's rating: 1201 &rarr; <strong>1172</strong><br />(-29 for losing)\n|c|\u2606doomdessire|ggs\n|c|\u2606PokeRexx|lmao\n|c|\u2606PokeRexx|gg\n|l|\u2606PokeRexx\n|player|p2|\n|c|\u2606doomdessire|unfortunate energy ball proc\n",
  "uploadtime": 1776415418,
  "views": 31,
  "formatid": "gen9championsvgc2026regma",
  "rating": 1168,
  "private": 0,
  "password": null
}