{
  "id": "gen9championsvgc2026regma-2586490230",
  "format": "[Gen 9 Champions] VGC 2026 Reg M-A",
  "players": [
    "blade626",
    "el rojan"
  ],
  "log": "|j|\u2606blade626\n|j|\u2606el rojan\n|t:|1776438285\n|gametype|doubles\n|player|p1|blade626|102|1146\n|player|p2|el rojan|schoolkid-gen4|1202\n|gen|9\n|tier|[Gen 9 Champions] VGC 2026 Reg M-A\n|rated|\n|rule|Species Clause: Limit one of each Pok\u00e9mon\n|rule|Item Clause: Limit 1 of each item\n|clearpoke\n|poke|p1|Farigiraf, L50, F|\n|poke|p1|Incineroar, L50, M|\n|poke|p1|Primarina, L50, F|\n|poke|p1|Garchomp, L50, F|\n|poke|p1|Drampa, L50, F|\n|poke|p1|Sinistcha, L50|\n|poke|p2|Tyranitar, L50, F|\n|poke|p2|Excadrill, L50, F|\n|poke|p2|Arcanine, L50, F|\n|poke|p2|Rotom-Wash, L50|\n|poke|p2|Sinistcha, L50|\n|poke|p2|Clefable, L50, F|\n|teampreview|4\n|inactive|Battle timer is ON: inactive players will automatically lose when time's up. (requested by blade626)\n|\n|t:|1776438346\n|teamsize|p1|4\n|teamsize|p2|4\n|start\n|switch|p1a: Farigiraf|Farigiraf, L50, F|100/100\n|switch|p1b: Incineroar|Incineroar, L50, M|100/100\n|switch|p2a: Arcanine|Arcanine, L50, F|100/100\n|switch|p2b: Clefable|Clefable, L50, F|100/100\n|-ability|p2a: Arcanine|Intimidate|boost\n|-unboost|p1a: Farigiraf|atk|1\n|-unboost|p1b: Incineroar|atk|1\n|-ability|p1b: Incineroar|Intimidate|boost\n|-unboost|p2a: Arcanine|atk|1\n|-unboost|p2b: Clefable|atk|1\n|turn|1\n|\n|t:|1776438357\n|move|p2b: Clefable|Protect|p2b: Clefable\n|-singleturn|p2b: Clefable|Protect\n|move|p1b: Incineroar|Parting Shot|p2b: Clefable\n|-activate|p2b: Clefable|move: Protect\n|move|p2a: Arcanine|Roar|p1a: Farigiraf\n|drag|p1a: Drampa|Drampa, L50, F|100/100\n|-ability|p1a: Drampa|Cloud Nine\n|\n|upkeep\n|turn|2\n|inactive|el rojan has 30 seconds left.\n|\n|t:|1776438383\n|move|p1a: Drampa|Protect|p1a: Drampa\n|-singleturn|p1a: Drampa|Protect\n|move|p2a: Arcanine|Will-O-Wisp|p1a: Drampa\n|-activate|p1a: Drampa|move: Protect\n|move|p1b: Incineroar|Parting Shot|p2b: Clefable\n|-unboost|p2b: Clefable|atk|1\n|-unboost|p2b: Clefable|spa|1\n|\n|t:|1776438393\n|switch|p1b: Primarina|Primarina, L50, F|100/100|[from] Parting Shot\n|move|p2b: Clefable|Calm Mind|p2b: Clefable\n|-boost|p2b: Clefable|spa|1\n|-boost|p2b: Clefable|spd|1\n|\n|upkeep\n|turn|3\n|inactive|blade626 has 30 seconds left.\n|inactive|blade626 has 20 seconds left.\n|inactive|blade626 has 15 seconds left.\n|\n|t:|1776438435\n|switch|p2a: Sinistcha|Sinistcha, L50|100/100\n|switch|p1a: Farigiraf|Farigiraf, L50, F|100/100\n|detailschange|p2b: Clefable|Clefable-Mega, L50, F\n|-mega|p2b: Clefable|Clefable|Clefablite\n|move|p2b: Clefable|Dazzling Gleam|p1a: Farigiraf|[spread] p1a,p1b\n|-damage|p1a: Farigiraf|71/100\n|-damage|p1b: Primarina|69/100\n|move|p1b: Primarina|Hyper Voice|p2b: Clefable|[spread] p2a,p2b\n|-resisted|p2a: Sinistcha|1\n|-damage|p2a: Sinistcha|77/100\n|-damage|p2b: Clefable|79/100\n|\n|upkeep\n|turn|4\n|\n|t:|1776438454\n|move|p2b: Clefable|Calm Mind|p2b: Clefable\n|-boost|p2b: Clefable|spa|1\n|-boost|p2b: Clefable|spd|1\n|move|p2a: Sinistcha|Life Dew|p2a: Sinistcha|[spread] p2a,p2b\n|-heal|p2a: Sinistcha|100/100\n|-heal|p2b: Clefable|100/100\n|move|p1b: Primarina|Calm Mind|p1b: Primarina\n|-boost|p1b: Primarina|spa|1\n|-boost|p1b: Primarina|spd|1\n|move|p1a: Farigiraf|Trick Room|p1a: Farigiraf\n|-fieldstart|move: Trick Room|[of] p1a: Farigiraf\n|\n|upkeep\n|turn|5\n|inactive|blade626 has 30 seconds left.\n|inactive|blade626 has 20 seconds left.\n|inactive|blade626 has 15 seconds left.\n|\n|t:|1776438497\n|move|p1a: Farigiraf|Helping Hand|p1b: Primarina\n|-singleturn|p1b: Primarina|Helping Hand|[of] p1a: Farigiraf\n|move|p1b: Primarina|Ice Beam|p2a: Sinistcha\n|-supereffective|p2a: Sinistcha|1\n|-damage|p2a: Sinistcha|0 fnt\n|faint|p2a: Sinistcha\n|move|p2b: Clefable|Calm Mind|p2b: Clefable\n|-boost|p2b: Clefable|spa|1\n|-boost|p2b: Clefable|spd|1\n|\n|upkeep\n|\n|t:|1776438505\n|switch|p2a: Rotom|Rotom-Wash, L50|100/100\n|turn|6\n|\n|t:|1776438516\n|move|p1a: Farigiraf|Helping Hand|p1b: Primarina\n|-singleturn|p1b: Primarina|Helping Hand|[of] p1a: Farigiraf\n|move|p1b: Primarina|Ice Beam|p2b: Clefable\n|-supereffective|p2b: Clefable|1\n|-crit|p2b: Clefable\n|-damage|p2b: Clefable|0 fnt\n|faint|p2b: Clefable\n|move|p2a: Rotom|Thunderbolt|p1b: Primarina\n|-supereffective|p1b: Primarina|1\n|-damage|p1b: Primarina|21/100\n|\n|upkeep\n|\n|t:|1776438524\n|switch|p2b: Arcanine|Arcanine, L50, F|100/100\n|-ability|p2b: Arcanine|Intimidate|boost\n|-unboost|p1a: Farigiraf|atk|1\n|-unboost|p1b: Primarina|atk|1\n|turn|7\n|-message|el rojan forfeited.\n|\n|win|blade626\n|raw|blade626's rating: 1146 &rarr; <strong>1175</strong><br />(+29 for winning)\n|raw|el rojan's rating: 1202 &rarr; <strong>1173</strong><br />(-29 for losing)\n|l|\u2606el rojan\n|player|p2|\n|l|\u2606blade626\n|player|p1|\n|j|\u2606blade626\n|player|p1|blade626|102|\n",
  "uploadtime": 1776438821,
  "views": 29,
  "formatid": "gen9championsvgc2026regma",
  "rating": 1173,
  "private": 0,
  "password": null
}