{
  "id": "gen9championsvgc2026regma-2582027722",
  "format": "[Gen 9 Champions] VGC 2026 Reg M-A",
  "players": [
    "AceeeVGC",
    "chromate"
  ],
  "log": "|j|\u2606AceeeVGC\n|j|\u2606chromate\n|html|<table width=\"100%\"><tr><td align=\"left\">AceeeVGC</td><td align=\"right\">chromate</tr><tr><td align=\"left\"><i class=\"fa fa-circle-o\"></i> <i class=\"fa fa-circle-o\"></i> </td><td align=\"right\"><i class=\"fa fa-circle-o\"></i> <i class=\"fa fa-circle\"></i> </tr></table>\n|uhtml|bestof|<h2><strong>Game 2</strong> of <a href=\"/game-bestof3-gen9championsvgc2026regma-2582025718\">a best-of-3</a></h2>\n|t:|1776049734\n|gametype|doubles\n|player|p1|AceeeVGC|102|\n|player|p2|chromate|miku-ghost|\n|gen|9\n|tier|[Gen 9 Champions] VGC 2026 Reg M-A\n|rated|Tournament battle\n|rule|Species Clause: Limit one of each Pok\u00e9mon\n|rule|Item Clause: Limit 1 of each item\n|raw|<div class=\"infobox\"><details class=\"readmore\" open><summary><strong>2 custom rules:</strong></summary> Force Open Team Sheets, Best of = 3</details></div>\n|clearpoke\n|poke|p1|Slowbro, L50, F|\n|poke|p1|Incineroar, L50, M|\n|poke|p1|Farigiraf, L50, F|\n|poke|p1|Sinistcha, L50|\n|poke|p1|Tinkaton, L50, F|\n|poke|p1|Mudsdale, L50, M|\n|poke|p2|Charizard, L50, F|\n|poke|p2|Whimsicott, L50, F|\n|poke|p2|Garchomp, L50, F|\n|poke|p2|Sneasler, L50, F|\n|poke|p2|Maushold, L50|\n|poke|p2|Aegislash, L50, F|\n|teampreview|4\n|showteam|p1|Slowbro||Slowbronite|Oblivious|Flamethrower,Scald,CalmMind,SlackOff|||F|||50|]Incineroar||ShucaBerry|Intimidate|Snarl,PartingShot,FlareBlitz,FakeOut|||M|||50|]Farigiraf||ColburBerry|ArmorTail|Psychic,HelpingHand,TrickRoom,Protect|||F|||50|]Sinistcha||SitrusBerry|Hospitality|TrickRoom,RagePowder,LifeDew,MatchaGotcha||||||50|]Tinkaton||FocusSash|MoldBreaker|GigatonHammer,PlayRough,FakeOut,Protect|||F|||50|]Mudsdale||RindoBerry|InnerFocus|Earthquake,RockSlide,BodyPress,Protect|||M|||50|\n|showteam|p2|Charizard||CharizarditeY|Blaze|HeatWave,SolarBeam,WeatherBall,Protect|||F|||50|]Whimsicott||FocusSash|Prankster|Moonblast,Tailwind,Encore,SunnyDay|||F|||50|]Garchomp||ChoiceScarf|RoughSkin|Earthquake,DragonClaw,RockSlide,StompingTantrum|||F|||50|]Sneasler||WhiteHerb|Unburden|GunkShot,CloseCombat,FakeOut,Protect|||F|||50|]Maushold||ChopleBerry|FriendGuard|SuperFang,FollowMe,HelpingHand,Protect||||||50|]Aegislash||SpellTag|StanceChange|IronHead,Poltergeist,ShadowSneak,KingsShield|||F|||50|\n|j|+ansena (\u25e1 \u203f \u25e1 \u273f)\n|\n|t:|1776049763\n|teamsize|p1|4\n|teamsize|p2|4\n|start\n|switch|p1a: Incineroar|Incineroar, L50, M|100/100\n|switch|p1b: Farigiraf|Farigiraf, L50, F|100/100\n|switch|p2a: Maushold|Maushold, L50|100/100\n|switch|p2b: Charizard|Charizard, L50, F|100/100\n|-ability|p1a: Incineroar|Intimidate|boost\n|-unboost|p2a: Maushold|atk|1\n|-unboost|p2b: Charizard|atk|1\n|turn|1\n|j|+holdingb\n|\n|t:|1776049778\n|move|p2b: Charizard|Protect|p2b: Charizard\n|-singleturn|p2b: Charizard|Protect\n|move|p1a: Incineroar|Fake Out|p2b: Charizard\n|-activate|p2b: Charizard|move: Protect\n|move|p2a: Maushold|Super Fang|p1b: Farigiraf\n|-damage|p1b: Farigiraf|50/100\n|move|p1b: Farigiraf|Trick Room|p1b: Farigiraf\n|-fieldstart|move: Trick Room|[of] p1b: Farigiraf\n|\n|upkeep\n|turn|2\n|\n|t:|1776049798\n|switch|p1b: Slowbro|Slowbro, L50, F|100/100\n|detailschange|p2b: Charizard|Charizard-Mega-Y, L50, F\n|-mega|p2b: Charizard|Charizard|Charizardite Y\n|-weather|SunnyDay|[from] ability: Drought|[of] p2b: Charizard\n|move|p2a: Maushold|Follow Me|p2a: Maushold\n|-singleturn|p2a: Maushold|move: Follow Me\n|move|p1a: Incineroar|Snarl|p2a: Maushold|[spread] p2a,p2b\n|-damage|p2a: Maushold|85/100\n|-damage|p2b: Charizard|93/100\n|-unboost|p2a: Maushold|spa|1\n|-unboost|p2b: Charizard|spa|1\n|move|p2b: Charizard|Heat Wave|p1b: Slowbro|[spread] p1a,p1b\n|-resisted|p1a: Incineroar|1\n|-resisted|p1b: Slowbro|1\n|-damage|p1a: Incineroar|78/100\n|-damage|p1b: Slowbro|78/100\n|\n|-weather|SunnyDay|[upkeep]\n|upkeep\n|turn|3\n|\n|t:|1776049818\n|switch|p2b: Sneasler|Sneasler, L50, F|100/100\n|detailschange|p1b: Slowbro|Slowbro-Mega, L50, F\n|-mega|p1b: Slowbro|Slowbro|Slowbronite\n|move|p1b: Slowbro|Calm Mind|p1b: Slowbro\n|-boost|p1b: Slowbro|spa|1\n|-boost|p1b: Slowbro|spd|1\n|move|p1a: Incineroar|Snarl|p2b: Sneasler|[spread] p2b\n|-miss|p1a: Incineroar|p2a: Maushold\n|-resisted|p2b: Sneasler|1\n|-damage|p2b: Sneasler|94/100\n|-unboost|p2b: Sneasler|spa|1\n|-enditem|p2b: Sneasler|White Herb\n|-clearnegativeboost|p2b: Sneasler|[silent]\n|move|p2a: Maushold|Super Fang|p1b: Slowbro\n|-damage|p1b: Slowbro|39/100\n|\n|-weather|SunnyDay|[upkeep]\n|upkeep\n|turn|4\n|\n|t:|1776049845\n|switch|p1a: Farigiraf|Farigiraf, L50, F|50/100\n|move|p2a: Maushold|Follow Me|p2a: Maushold\n|-singleturn|p2a: Maushold|move: Follow Me\n|move|p1b: Slowbro|Slack Off|p1b: Slowbro\n|-heal|p1b: Slowbro|90/100\n|move|p2b: Sneasler|Close Combat|p1a: Farigiraf\n|-damage|p1a: Farigiraf|0 fnt\n|-unboost|p2b: Sneasler|def|1\n|-unboost|p2b: Sneasler|spd|1\n|faint|p1a: Farigiraf\n|\n|-weather|SunnyDay|[upkeep]\n|upkeep\n|\n|t:|1776049864\n|switch|p1a: Incineroar|Incineroar, L50, M|78/100\n|-ability|p1a: Incineroar|Intimidate|boost\n|-unboost|p2a: Maushold|atk|1\n|-unboost|p2b: Sneasler|atk|1\n|turn|5\n|l|+ansena (\u25e1 \u203f \u25e1 \u273f)\n|\n|t:|1776049876\n|move|p2a: Maushold|Protect|p2a: Maushold\n|-singleturn|p2a: Maushold|Protect\n|move|p2b: Sneasler|Protect|p2b: Sneasler\n|-singleturn|p2b: Sneasler|Protect\n|move|p1a: Incineroar|Fake Out|p2b: Sneasler\n|-activate|p2b: Sneasler|move: Protect\n|move|p1b: Slowbro|Calm Mind|p1b: Slowbro\n|-boost|p1b: Slowbro|spa|1\n|-boost|p1b: Slowbro|spd|1\n|\n|-weather|SunnyDay|[upkeep]\n|-fieldend|move: Trick Room\n|upkeep\n|turn|6\n|\n|t:|1776049931\n|switch|p1a: Mudsdale|Mudsdale, L50, M|100/100\n|move|p2b: Sneasler|Close Combat|p1a: Mudsdale\n|-damage|p1a: Mudsdale|54/100\n|-unboost|p2b: Sneasler|def|1\n|-unboost|p2b: Sneasler|spd|1\n|move|p2a: Maushold|Super Fang|p1b: Slowbro\n|-damage|p1b: Slowbro|45/100\n|move|p1b: Slowbro|Calm Mind|p1b: Slowbro\n|-boost|p1b: Slowbro|spa|1\n|-boost|p1b: Slowbro|spd|1\n|\n|-weather|none\n|upkeep\n|turn|7\n|\n|t:|1776049952\n|switch|p1a: Incineroar|Incineroar, L50, M|78/100\n|-ability|p1a: Incineroar|Intimidate|boost\n|-unboost|p2a: Maushold|atk|1\n|-unboost|p2b: Sneasler|atk|1\n|move|p2b: Sneasler|Gunk Shot|p1b: Slowbro\n|-damage|p1b: Slowbro|29/100\n|move|p2a: Maushold|Super Fang|p1a: Incineroar\n|-damage|p1a: Incineroar|40/100\n|move|p1b: Slowbro|Slack Off|p1b: Slowbro\n|-heal|p1b: Slowbro|79/100\n|\n|upkeep\n|turn|8\n|\n|t:|1776049975\n|move|p1a: Incineroar|Fake Out|p2b: Sneasler\n|-damage|p2b: Sneasler|60/100\n|cant|p2b: Sneasler|flinch\n|move|p2a: Maushold|Super Fang|p1b: Slowbro\n|-damage|p1b: Slowbro|40/100\n|move|p1b: Slowbro|Scald|p2b: Sneasler\n|-damage|p2b: Sneasler|0 fnt\n|faint|p2b: Sneasler\n|\n|upkeep\n|\n|t:|1776050003\n|switch|p2b: Aegislash|Aegislash, L50, F|100/100\n|turn|9\n|\n|t:|1776050014\n|move|p2a: Maushold|Follow Me|p2a: Maushold\n|-singleturn|p2a: Maushold|move: Follow Me\n|-formechange|p2b: Aegislash|Aegislash-Blade|\n|move|p2b: Aegislash|Poltergeist|p1b: Slowbro\n|-activate|p1b: Slowbro|move: Poltergeist|Slowbronite\n|-supereffective|p1b: Slowbro|1\n|-damage|p1b: Slowbro|0 fnt\n|faint|p1b: Slowbro\n|move|p1a: Incineroar|Parting Shot|p2a: Maushold\n|-unboost|p2a: Maushold|atk|1\n|-unboost|p2a: Maushold|spa|1\n|c|\u2606AceeeVGC|Gg\n|\n|t:|1776050023\n|switch|p1a: Mudsdale|Mudsdale, L50, M|54/100|[from] Parting Shot\n|\n|upkeep\n|\n|t:|1776050027\n|switch|p1b: Incineroar|Incineroar, L50, M|40/100\n|-ability|p1b: Incineroar|Intimidate|boost\n|-unboost|p2a: Maushold|atk|1\n|-unboost|p2b: Aegislash|atk|1\n|turn|10\n|\n|t:|1776050044\n|move|p2a: Maushold|Follow Me|p2a: Maushold\n|-singleturn|p2a: Maushold|move: Follow Me\n|move|p2b: Aegislash|Poltergeist|p1b: Incineroar\n|-activate|p1b: Incineroar|move: Poltergeist|Shuca Berry\n|-resisted|p1b: Incineroar|1\n|-damage|p1b: Incineroar|15/100\n|move|p1b: Incineroar|Flare Blitz|p2a: Maushold\n|-damage|p2a: Maushold|10/100\n|-damage|p1b: Incineroar|0 fnt|[from] Recoil\n|faint|p1b: Incineroar\n|move|p1a: Mudsdale|Body Press|p2a: Maushold\n|-supereffective|p2a: Maushold|1\n|-enditem|p2a: Maushold|Chople Berry|[eat]\n|-enditem|p2a: Maushold|Chople Berry|[weaken]\n|-damage|p2a: Maushold|0 fnt\n|faint|p2a: Maushold\n|\n|upkeep\n|\n|t:|1776050065\n|switch|p2a: Charizard|Charizard-Mega-Y, L50, F|93/100\n|-weather|SunnyDay|[from] ability: Drought|[of] p2a: Charizard\n|turn|11\n|\n|t:|1776050070\n|move|p2a: Charizard|Weather Ball|p1a: Mudsdale\n|-damage|p1a: Mudsdale|0 fnt\n|faint|p1a: Mudsdale\n|\n|win|chromate\n",
  "uploadtime": 1776050075,
  "views": 13,
  "formatid": "gen9championsvgc2026regma",
  "rating": null,
  "private": 0,
  "password": null
}