{
  "id": "gen9championsvgc2026regma-2580411172",
  "format": "[Gen 9 Champions] VGC 2026 Reg M-A",
  "players": [
    "thepwr",
    "Isu98"
  ],
  "log": "|j|\u2606thepwr\n|j|\u2606Isu98\n|t:|1775892413\n|gametype|doubles\n|player|p1|thepwr|guzma|1000\n|player|p2|Isu98|265|1056\n|gen|9\n|tier|[Gen 9 Champions] VGC 2026 Reg M-A\n|rated|\n|rule|Species Clause: Limit one of each Pok\u00e9mon\n|rule|Item Clause: Limit 1 of each item\n|clearpoke\n|poke|p1|Incineroar, L50, M|\n|poke|p1|Gengar, L50, M|\n|poke|p1|Sinistcha, L50|\n|poke|p1|Kingambit, L50, M|\n|poke|p1|Tyranitar, L50, M|\n|poke|p1|Kommo-o, L50, F|\n|poke|p2|Farigiraf, L50, M|\n|poke|p2|Milotic, L50, F|\n|poke|p2|Golurk, L50|\n|poke|p2|Aromatisse, L50, F|\n|poke|p2|Drampa, L50, F|\n|poke|p2|Glimmora, L50, M|\n|teampreview|4\n|inactive|Battle timer is ON: inactive players will automatically lose when time's up. (requested by thepwr)\n|inactive|thepwr has 60 seconds left.\n|\n|t:|1775892454\n|teamsize|p1|4\n|teamsize|p2|4\n|start\n|switch|p1a: Incineroar|Incineroar, L50, M|100/100\n|switch|p1b: Gengar|Gengar, L50, M|100/100\n|switch|p2a: Milotic|Milotic, L50, F|100/100\n|switch|p2b: Aromatisse|Aromatisse, L50, F, shiny|100/100\n|-ability|p1a: Incineroar|Intimidate|boost\n|-unboost|p2a: Milotic|atk|1\n|-ability|p2a: Milotic|Competitive|boost\n|-boost|p2a: Milotic|spa|2\n|-unboost|p2b: Aromatisse|atk|1\n|turn|1\n|\n|t:|1775892473\n|detailschange|p1b: Gengar|Gengar-Mega, L50, M\n|-mega|p1b: Gengar|Gengar|Gengarite\n|move|p1a: Incineroar|Fake Out|p2a: Milotic\n|-damage|p2a: Milotic|91/100\n|move|p1b: Gengar|Perish Song|p1b: Gengar\n|-start|p1a: Incineroar|perish3|[silent]\n|-start|p1b: Gengar|perish3|[silent]\n|-start|p2a: Milotic|perish3|[silent]\n|-start|p2b: Aromatisse|perish3|[silent]\n|-fieldactivate|move: Perish Song\n|cant|p2a: Milotic|flinch\n|move|p2b: Aromatisse|Trick Room|p2b: Aromatisse\n|-fieldstart|move: Trick Room|[of] p2b: Aromatisse\n|\n|-start|p2b: Aromatisse|perish3\n|-start|p1a: Incineroar|perish3\n|-start|p2a: Milotic|perish3\n|-start|p1b: Gengar|perish3\n|upkeep\n|turn|2\n|\n|t:|1775892497\n|move|p1b: Gengar|Protect|p1b: Gengar\n|-singleturn|p1b: Gengar|Protect\n|move|p2b: Aromatisse|Alluring Voice|p1a: Incineroar\n|-damage|p1a: Incineroar|80/100\n|move|p1a: Incineroar|Parting Shot|p2b: Aromatisse\n|-unboost|p2b: Aromatisse|atk|1\n|-unboost|p2b: Aromatisse|spa|1\n|\n|t:|1775892504\n|switch|p1a: Sinistcha|Sinistcha, L50|100/100|[from] Parting Shot\n|move|p2a: Milotic|Scald|p1b: Gengar\n|-activate|p1b: Gengar|move: Protect\n|\n|-start|p2b: Aromatisse|perish2\n|-start|p2a: Milotic|perish2\n|-start|p1b: Gengar|perish2\n|upkeep\n|turn|3\n|\n|t:|1775892523\n|move|p1a: Sinistcha|Rage Powder|p1a: Sinistcha\n|-singleturn|p1a: Sinistcha|move: Rage Powder\n|move|p2b: Aromatisse|Alluring Voice|p1a: Sinistcha\n|-damage|p1a: Sinistcha|83/100\n|move|p2a: Milotic|Scald|p1a: Sinistcha\n|-resisted|p1a: Sinistcha|1\n|-damage|p1a: Sinistcha|55/100\n|move|p1b: Gengar|Substitute|p1b: Gengar\n|-start|p1b: Gengar|Substitute\n|-damage|p1b: Gengar|76/100\n|\n|-start|p2b: Aromatisse|perish1\n|-start|p2a: Milotic|perish1\n|-start|p1b: Gengar|perish1\n|upkeep\n|turn|4\n|\n|t:|1775892546\n|switch|p1b: Incineroar|Incineroar, L50, M|80/100\n|-ability|p1b: Incineroar|Intimidate|boost\n|-unboost|p2a: Milotic|atk|1\n|-ability|p2a: Milotic|Competitive|boost\n|-boost|p2a: Milotic|spa|2\n|-unboost|p2b: Aromatisse|atk|1\n|move|p2b: Aromatisse|Alluring Voice|p1a: Sinistcha\n|-damage|p1a: Sinistcha|38/100\n|-enditem|p1a: Sinistcha|Sitrus Berry|[eat]\n|-heal|p1a: Sinistcha|63/100|[from] item: Sitrus Berry\n|move|p2a: Milotic|Ice Beam|p1a: Sinistcha\n|-supereffective|p1a: Sinistcha|1\n|-damage|p1a: Sinistcha|0 fnt\n|faint|p1a: Sinistcha\n|\n|-start|p2b: Aromatisse|perish0\n|-start|p2a: Milotic|perish0\n|faint|p2b: Aromatisse\n|faint|p2a: Milotic\n|upkeep\n|\n|t:|1775892564\n|switch|p2b: Golurk|Golurk, L50|100/100\n|switch|p2a: Drampa|Drampa, L50, F|100/100\n|switch|p1a: Gengar|Gengar-Mega, L50, M|76/100\n|-ability|p2a: Drampa|Cloud Nine\n|turn|5\n|inactive|thepwr has 30 seconds left.\n|\n|t:|1775892593\n|detailschange|p2b: Golurk|Golurk-Mega, L50\n|-mega|p2b: Golurk|Golurk|Golurkite\n|move|p1a: Gengar|Protect|p1a: Gengar\n|-singleturn|p1a: Gengar|Protect\n|move|p2a: Drampa|Earth Power|p1a: Gengar\n|-activate|p1a: Gengar|move: Protect\n|move|p2b: Golurk|Close Combat|p1b: Incineroar\n|-supereffective|p1b: Incineroar|1\n|-damage|p1b: Incineroar|0 fnt\n|-unboost|p2b: Golurk|def|1\n|-unboost|p2b: Golurk|spd|1\n|faint|p1b: Incineroar\n|\n|-fieldend|move: Trick Room\n|upkeep\n|\n|t:|1775892608\n|switch|p1b: Kingambit|Kingambit, L50, M|100/100\n|turn|6\n|inactive|thepwr has 30 seconds left.\n|inactive|thepwr has 20 seconds left.\n|\n|t:|1775892645\n|move|p1b: Kingambit|Sucker Punch|p2b: Golurk\n|-supereffective|p2b: Golurk|1\n|-damage|p2b: Golurk|0 fnt\n|faint|p2b: Golurk\n|move|p1a: Gengar|Substitute|p1a: Gengar\n|-start|p1a: Gengar|Substitute\n|-damage|p1a: Gengar|51/100\n|move|p2a: Drampa|Earth Power|p1a: Gengar\n|-supereffective|p1a: Gengar|1\n|-end|p1a: Gengar|Substitute\n|\n|upkeep\n|turn|7\n|\n|t:|1775892664\n|move|p1a: Gengar|Protect|p1a: Gengar\n|-singleturn|p1a: Gengar|Protect\n|move|p1b: Kingambit|Low Kick|p2a: Drampa\n|-supereffective|p2a: Drampa|1\n|-damage|p2a: Drampa|23/100\n|move|p2a: Drampa|Earth Power|p1b: Kingambit\n|-supereffective|p1b: Kingambit|1\n|-damage|p1b: Kingambit|36/100\n|\n|upkeep\n|turn|8\n|\n|t:|1775892677\n|move|p1a: Gengar|Substitute|p1a: Gengar\n|-start|p1a: Gengar|Substitute\n|-damage|p1a: Gengar|27/100\n|move|p1b: Kingambit|Low Kick|p2a: Drampa\n|-supereffective|p2a: Drampa|1\n|-crit|p2a: Drampa\n|-damage|p2a: Drampa|0 fnt\n|faint|p2a: Drampa\n|\n|win|thepwr\n|raw|thepwr's rating: 1000 &rarr; <strong>1046</strong><br />(+46 for winning)\n|raw|Isu98's rating: 1056 &rarr; <strong>1035</strong><br />(-21 for losing)\n",
  "uploadtime": 1775892685,
  "views": 14,
  "formatid": "gen9championsvgc2026regma",
  "rating": 1035,
  "private": 0,
  "password": null
}