{
  "id": "gen9championsvgc2026regma-2587452007",
  "format": "[Gen 9 Champions] VGC 2026 Reg M-A",
  "players": [
    "Epolosos",
    "campeondelfitness"
  ],
  "log": "|j|\u2606Epolosos\n|j|\u2606campeondelfitness\n|t:|1776532986\n|gametype|doubles\n|player|p1|Epolosos|101|1250\n|player|p2|campeondelfitness|swimmer|1236\n|gen|9\n|tier|[Gen 9 Champions] VGC 2026 Reg M-A\n|rated|\n|rule|Species Clause: Limit one of each Pok\u00e9mon\n|rule|Item Clause: Limit 1 of each item\n|clearpoke\n|poke|p1|Glimmora, L50, M|\n|poke|p1|Ninetales-Alola, L50, F|\n|poke|p1|Gyarados, L50, F|\n|poke|p1|Garchomp, L50, F|\n|poke|p1|Volcarona, L50, M|\n|poke|p1|Corviknight, L50, M|\n|poke|p2|Tyranitar, L50, F|\n|poke|p2|Garchomp, L50, F|\n|poke|p2|Heliolisk, L50, F|\n|poke|p2|Rotom-Heat, L50|\n|poke|p2|Orthworm, L50, M|\n|poke|p2|Aerodactyl, L50, F|\n|teampreview|4\n|inactive|Battle timer is ON: inactive players will automatically lose when time's up. (requested by campeondelfitness)\n|inactive|Epolosos has 60 seconds left.\n|inactive|campeondelfitness has 60 seconds left.\n|\n|t:|1776533034\n|teamsize|p1|4\n|teamsize|p2|4\n|start\n|switch|p1a: Glimmora|Glimmora, L50, M|100/100\n|switch|p1b: Ninetales|Ninetales-Alola, L50, F|100/100\n|switch|p2a: Orthworm|Orthworm, L50, M|100/100\n|switch|p2b: Aerodactyl|Aerodactyl, L50, F|100/100\n|-ability|p2b: Aerodactyl|Unnerve\n|-weather|Snowscape|[from] ability: Snow Warning|[of] p1b: Ninetales\n|turn|1\n|inactive|Epolosos has 30 seconds left.\n|inactive|Epolosos has 20 seconds left.\n|\n|t:|1776533072\n|switch|p2b: Tyranitar|Tyranitar, L50, F|100/100\n|-weather|Sandstorm|[from] ability: Sand Stream|[of] p2b: Tyranitar\n|move|p1b: Ninetales|Aurora Veil||[still]\n|-fail|p1b: Ninetales\n|move|p1a: Glimmora|Power Gem|p2b: Tyranitar\n|-damage|p2b: Tyranitar|76/100\n|move|p2a: Orthworm|Iron Head|p1b: Ninetales\n|-supereffective|p1b: Ninetales|2\n|-enditem|p1b: Ninetales|Focus Sash\n|-damage|p1b: Ninetales|1/100\n|\n|-weather|Sandstorm|[upkeep]\n|-damage|p1b: Ninetales|0 fnt|[from] Sandstorm\n|faint|p1b: Ninetales\n|upkeep\n|\n|t:|1776533088\n|switch|p1b: Gyarados|Gyarados, L50, F|100/100\n|-ability|p1b: Gyarados|Intimidate|boost\n|-unboost|p2a: Orthworm|atk|1\n|-unboost|p2b: Tyranitar|atk|1\n|turn|2\n|\n|t:|1776533101\n|move|p2b: Tyranitar|Protect|p2b: Tyranitar\n|-singleturn|p2b: Tyranitar|Protect\n|move|p1a: Glimmora|Substitute|p1a: Glimmora\n|-start|p1a: Glimmora|Substitute\n|-damage|p1a: Glimmora|75/100\n|move|p1b: Gyarados|Dragon Dance|p1b: Gyarados\n|-boost|p1b: Gyarados|atk|1\n|-boost|p1b: Gyarados|spe|1\n|move|p2a: Orthworm|Shed Tail|p2a: Orthworm\n|-start|p2a: Orthworm|Substitute|[from] move: Shed Tail\n|-damage|p2a: Orthworm|50/100\n|\n|t:|1776533115\n|switch|p2a: Garchomp|Garchomp, L50, F|100/100|[from] Shed Tail\n|\n|-weather|Sandstorm|[upkeep]\n|-damage|p1b: Gyarados|95/100|[from] Sandstorm\n|upkeep\n|turn|3\n|inactive|Epolosos has 30 seconds left.\n|inactive|Epolosos has 20 seconds left.\n|inactive|Epolosos has 15 seconds left.\n|\n|t:|1776533160\n|detailschange|p2a: Garchomp|Garchomp-Mega, L50, F\n|-mega|p2a: Garchomp|Garchomp|Garchompite\n|move|p2b: Tyranitar|Helping Hand|p2a: Garchomp\n|-singleturn|p2a: Garchomp|Helping Hand|[of] p2b: Tyranitar\n|move|p1b: Gyarados|Protect|p1b: Gyarados\n|-singleturn|p1b: Gyarados|Protect\n|move|p2a: Garchomp|Dragon Claw|p1b: Gyarados\n|-activate|p1b: Gyarados|move: Protect\n|move|p1a: Glimmora|Power Gem|p2b: Tyranitar\n|-damage|p2b: Tyranitar|54/100\n|\n|-weather|Sandstorm|[upkeep]\n|-damage|p1b: Gyarados|89/100|[from] Sandstorm\n|upkeep\n|turn|4\n|inactive|Epolosos has 30 seconds left.\n|inactive|Epolosos has 20 seconds left.\n|inactive|Epolosos has 15 seconds left.\n|inactive|Epolosos has 10 seconds left.\n|\n|t:|1776533206\n|switch|p1b: Volcarona|Volcarona, L50, M|100/100\n|move|p2b: Tyranitar|Helping Hand|p2a: Garchomp\n|-singleturn|p2a: Garchomp|Helping Hand|[of] p2b: Tyranitar\n|move|p2a: Garchomp|Dragon Claw|p1b: Volcarona\n|-damage|p1b: Volcarona|5/100\n|move|p1a: Glimmora|Sludge Bomb|p2a: Garchomp\n|-resisted|p2a: Garchomp|1\n|-activate|p2a: Garchomp|move: Substitute|[damage]\n|\n|-weather|Sandstorm|[upkeep]\n|-damage|p1b: Volcarona|0 fnt|[from] Sandstorm\n|faint|p1b: Volcarona\n|upkeep\n|\n|t:|1776533220\n|switch|p1b: Gyarados|Gyarados, L50, F|89/100\n|-ability|p1b: Gyarados|Intimidate|boost\n|-immune|p2a: Garchomp\n|-unboost|p2b: Tyranitar|atk|1\n|turn|5\n|\n|t:|1776533238\n|switch|p2b: Aerodactyl|Aerodactyl, L50, F|100/100\n|-ability|p2b: Aerodactyl|Unnerve\n|detailschange|p1b: Gyarados|Gyarados-Mega, L50, F\n|-mega|p1b: Gyarados|Gyarados|Gyaradosite\n|-ability|p1b: Gyarados|Mold Breaker\n|move|p2a: Garchomp|Swords Dance|p2a: Garchomp\n|-boost|p2a: Garchomp|atk|2\n|move|p1a: Glimmora|Sludge Bomb|p2a: Garchomp\n|-resisted|p2a: Garchomp|1\n|-end|p2a: Garchomp|Substitute\n|move|p1b: Gyarados|Waterfall|p2a: Garchomp\n|-damage|p2a: Garchomp|57/100\n|\n|-weather|none\n|upkeep\n|turn|6\n|inactive|Epolosos has 30 seconds left.\n|inactive|campeondelfitness has 30 seconds left.\n|inactive|Epolosos has 20 seconds left.\n|inactive|campeondelfitness has 20 seconds left.\n|\n|t:|1776533275\n|move|p2b: Aerodactyl|Tailwind|p2b: Aerodactyl\n|-sidestart|p2: campeondelfitness|move: Tailwind\n|move|p2a: Garchomp|Dragon Claw|p1b: Gyarados\n|-damage|p1b: Gyarados|0 fnt\n|faint|p1b: Gyarados\n|move|p1a: Glimmora|Sludge Bomb|p2a: Garchomp\n|-resisted|p2a: Garchomp|1\n|-damage|p2a: Garchomp|35/100\n|\n|upkeep\n|turn|7\n|\n|t:|1776533289\n|move|p2b: Aerodactyl|Rock Slide|p1a: Glimmora\n|-end|p1a: Glimmora|Substitute\n|move|p2a: Garchomp|Earthquake|p1a: Glimmora|[spread] p1a\n|-immune|p2b: Aerodactyl\n|-supereffective|p1a: Glimmora|2\n|-damage|p1a: Glimmora|0 fnt\n|-activate|p1a: Glimmora|ability: Toxic Debris\n|-sidestart|p2: campeondelfitness|move: Toxic Spikes\n|faint|p1a: Glimmora\n|\n|win|campeondelfitness\n|raw|Epolosos's rating: 1250 &rarr; <strong>1224</strong><br />(-26 for losing)\n|raw|campeondelfitness's rating: 1236 &rarr; <strong>1262</strong><br />(+26 for winning)\n|l|\u2606Epolosos\n|player|p1|\n",
  "uploadtime": 1776533300,
  "views": 27,
  "formatid": "gen9championsvgc2026regma",
  "rating": 1224,
  "private": 0,
  "password": null
}