{
  "id": "gen9championsvgc2026regma-2586039441",
  "format": "[Gen 9 Champions] VGC 2026 Reg M-A",
  "players": [
    "drwyz",
    "sdljgrrd"
  ],
  "log": "|j|\u2606drwyz\n|j|\u2606sdljgrrd\n|t:|1776392774\n|gametype|doubles\n|player|p1|drwyz|giovanni|1050\n|player|p2|sdljgrrd|265|1000\n|gen|9\n|tier|[Gen 9 Champions] VGC 2026 Reg M-A\n|rated|\n|rule|Species Clause: Limit one of each Pok\u00e9mon\n|rule|Item Clause: Limit 1 of each item\n|clearpoke\n|poke|p1|Aegislash, L50, M|\n|poke|p1|Snorlax, L50, M|\n|poke|p1|Farigiraf, L50, F|\n|poke|p1|Empoleon, L50, F|\n|poke|p1|Rotom-Wash, L50|\n|poke|p1|Torkoal, L50, F|\n|poke|p2|Gengar, L50, M|\n|poke|p2|Incineroar, L50, F|\n|poke|p2|Clefable, L50, F|\n|poke|p2|Sneasler, L50, F|\n|poke|p2|Palafin, L50, F|\n|poke|p2|Hydrapple, L50, M|\n|teampreview|4\n|\n|t:|1776392828\n|teamsize|p1|4\n|teamsize|p2|4\n|start\n|switch|p1a: Farigiraf|Farigiraf, L50, F|100/100\n|switch|p1b: Aegislash|Aegislash, L50, M|100/100\n|switch|p2a: Gengar|Gengar, L50, M|100/100\n|switch|p2b: Incineroar|Incineroar, L50, F|100/100\n|-ability|p2b: Incineroar|Intimidate|boost\n|-unboost|p1a: Farigiraf|atk|1\n|-unboost|p1b: Aegislash|atk|1\n|turn|1\n|\n|t:|1776392854\n|detailschange|p2a: Gengar|Gengar-Mega, L50, M\n|-mega|p2a: Gengar|Gengar|Gengarite\n|-formechange|p1b: Aegislash|Aegislash-Blade|\n|move|p1b: Aegislash|Shadow Sneak|p2a: Gengar\n|-supereffective|p2a: Gengar|1\n|-damage|p2a: Gengar|61/100\n|move|p2a: Gengar|Perish Song|p2a: Gengar\n|-start|p1a: Farigiraf|perish3|[silent]\n|-start|p1b: Aegislash|perish3|[silent]\n|-start|p2a: Gengar|perish3|[silent]\n|-start|p2b: Incineroar|perish3|[silent]\n|-fieldactivate|move: Perish Song\n|move|p2b: Incineroar|Darkest Lariat|p1b: Aegislash\n|-supereffective|p1b: Aegislash|1\n|-damage|p1b: Aegislash|0 fnt\n|faint|p1b: Aegislash\n|move|p1a: Farigiraf|Trick Room|p1a: Farigiraf\n|-fieldstart|move: Trick Room|[of] p1a: Farigiraf\n|\n|-start|p1a: Farigiraf|perish3\n|-start|p2b: Incineroar|perish3\n|-start|p2a: Gengar|perish3\n|upkeep\n|\n|t:|1776392883\n|switch|p1b: Snorlax|Snorlax, L50, M|100/100\n|turn|2\n|\n|t:|1776392904\n|move|p1a: Farigiraf|Protect|p1a: Farigiraf\n|-singleturn|p1a: Farigiraf|Protect\n|move|p1b: Snorlax|Curse|p1b: Snorlax\n|-unboost|p1b: Snorlax|spe|1\n|-boost|p1b: Snorlax|atk|1\n|-boost|p1b: Snorlax|def|1\n|move|p2b: Incineroar|Darkest Lariat|p1a: Farigiraf\n|-activate|p1a: Farigiraf|move: Protect\n|move|p2a: Gengar|Perish Song|p2a: Gengar\n|-start|p1b: Snorlax|perish3|[silent]\n|-fieldactivate|move: Perish Song\n|\n|-start|p1b: Snorlax|perish3\n|-start|p1a: Farigiraf|perish2\n|-start|p2b: Incineroar|perish2\n|-start|p2a: Gengar|perish2\n|upkeep\n|turn|3\n|\n|t:|1776392927\n|move|p1a: Farigiraf|Helping Hand|p1b: Snorlax\n|-singleturn|p1b: Snorlax|Helping Hand|[of] p1a: Farigiraf\n|move|p2a: Gengar|Protect|p2a: Gengar\n|-singleturn|p2a: Gengar|Protect\n|move|p1b: Snorlax|High Horsepower|p2a: Gengar\n|-activate|p2a: Gengar|move: Protect\n|move|p2b: Incineroar|Darkest Lariat|p1a: Farigiraf\n|-supereffective|p1a: Farigiraf|1\n|-enditem|p1a: Farigiraf|Colbur Berry|[eat]\n|-enditem|p1a: Farigiraf|Colbur Berry|[weaken]\n|-damage|p1a: Farigiraf|51/100\n|\n|-start|p1b: Snorlax|perish2\n|-start|p1a: Farigiraf|perish1\n|-start|p2b: Incineroar|perish1\n|-start|p2a: Gengar|perish1\n|upkeep\n|turn|4\n|n|!drwyz|drwyz\n|\n|t:|1776392966\n|switch|p2a: Sneasler|Sneasler, L50, F|100/100\n|-ability|p2a: Sneasler|Pressure\n|move|p1a: Farigiraf|Helping Hand|p1b: Snorlax\n|-singleturn|p1b: Snorlax|Helping Hand|[of] p1a: Farigiraf\n|move|p1b: Snorlax|High Horsepower|p2a: Sneasler\n|-supereffective|p2a: Sneasler|1\n|-enditem|p2a: Sneasler|Focus Sash\n|-damage|p2a: Sneasler|1/100\n|move|p2b: Incineroar|Parting Shot|p1a: Farigiraf\n|-unboost|p1a: Farigiraf|atk|1\n|-unboost|p1a: Farigiraf|spa|1\n|\n|t:|1776392978\n|switch|p2b: Gengar|Gengar-Mega, L50, M|61/100|[from] Parting Shot\n|\n|-start|p1b: Snorlax|perish1\n|-start|p1a: Farigiraf|perish0\n|faint|p1a: Farigiraf\n|upkeep\n|\n|t:|1776392984\n|switch|p1a: Empoleon|Empoleon, L50, F|100/100\n|turn|5\n|\n|t:|1776393000\n|move|p1a: Empoleon|Protect|p1a: Empoleon\n|-singleturn|p1a: Empoleon|Protect\n|move|p2a: Sneasler|Protect|p2a: Sneasler\n|-singleturn|p2a: Sneasler|Protect\n|move|p2b: Gengar|Protect|p2b: Gengar\n|-singleturn|p2b: Gengar|Protect\n|move|p1b: Snorlax|High Horsepower|p2b: Gengar\n|-activate|p2b: Gengar|move: Protect\n|\n|-start|p1b: Snorlax|perish0\n|-fieldend|move: Trick Room\n|faint|p1b: Snorlax\n|upkeep\n|turn|6\n|-message|drwyz forfeited.\n|\n|win|sdljgrrd\n",
  "uploadtime": 1776392953,
  "views": 12,
  "formatid": "gen9championsvgc2026regma",
  "rating": null,
  "private": 0,
  "password": null
}