{
  "id": "gen9championsvgc2026regma-2587615180",
  "format": "[Gen 9 Champions] VGC 2026 Reg M-A",
  "players": [
    "graubio",
    "YodaBeta"
  ],
  "log": "|j|\u2606graubio\n|j|\u2606YodaBeta\n|t:|1776547175\n|gametype|doubles\n|player|p1|graubio|blue|1455\n|player|p2|YodaBeta|101|1450\n|gen|9\n|tier|[Gen 9 Champions] VGC 2026 Reg M-A\n|rated|\n|rule|Species Clause: Limit one of each Pok\u00e9mon\n|rule|Item Clause: Limit 1 of each item\n|clearpoke\n|poke|p1|Lopunny, L50, M|\n|poke|p1|Basculegion, L50, M|\n|poke|p1|Pelipper, L50, F|\n|poke|p1|Archaludon, L50, F|\n|poke|p1|Sinistcha, L50|\n|poke|p1|Incineroar, L50, M|\n|poke|p2|Armarouge, L50, M|\n|poke|p2|Farigiraf, L50, M|\n|poke|p2|Milotic, L50, M|\n|poke|p2|Hydreigon, L50, F|\n|poke|p2|Drampa, L50, M|\n|poke|p2|Scizor, L50, M|\n|teampreview|4\n|inactive|Battle timer is ON: inactive players will automatically lose when time's up. (requested by YodaBeta)\n|\n|t:|1776547251\n|teamsize|p1|4\n|teamsize|p2|4\n|start\n|switch|p1a: Pombo|Pelipper, L50, F|100/100\n|switch|p1b: Pr\u00e9dio Espelhado|Archaludon, L50, F|100/100\n|switch|p2a: Farigiraf|Farigiraf, L50, M|100/100\n|switch|p2b: Milotic|Milotic, L50, M|100/100\n|-weather|RainDance|[from] ability: Drizzle|[of] p1a: Pombo\n|turn|1\n|inactive|graubio has 30 seconds left.\n|inactive|YodaBeta has 30 seconds left.\n|inactive|YodaBeta has 20 seconds left.\n|\n|t:|1776547290\n|switch|p2b: Drampa|Drampa, L50, M|100/100\n|move|p1b: Pr\u00e9dio Espelhado|Draco Meteor|p2b: Drampa\n|-supereffective|p2b: Drampa|1\n|-damage|p2b: Drampa|0 fnt\n|-unboost|p1b: Pr\u00e9dio Espelhado|spa|2\n|faint|p2b: Drampa\n|move|p1a: Pombo|Weather Ball|p2a: Farigiraf\n|-damage|p2a: Farigiraf|40/100\n|-enditem|p2a: Farigiraf|Sitrus Berry|[eat]\n|-heal|p2a: Farigiraf|64/100|[from] item: Sitrus Berry\n|move|p2a: Farigiraf|Trick Room|p2a: Farigiraf\n|-fieldstart|move: Trick Room|[of] p2a: Farigiraf\n|\n|-weather|RainDance|[upkeep]\n|upkeep\n|\n|t:|1776547304\n|switch|p2b: Milotic|Milotic, L50, M|100/100\n|turn|2\n|\n|t:|1776547317\n|move|p2a: Farigiraf|Hyper Voice|p1b: Pr\u00e9dio Espelhado|[spread] p1a,p1b\n|-resisted|p1b: Pr\u00e9dio Espelhado|1\n|-damage|p1a: Pombo|52/100\n|-damage|p1b: Pr\u00e9dio Espelhado|81/100\n|move|p2b: Milotic|Scald|p1b: Pr\u00e9dio Espelhado\n|-resisted|p1b: Pr\u00e9dio Espelhado|1\n|-damage|p1b: Pr\u00e9dio Espelhado|49/100\n|move|p1a: Pombo|Weather Ball|p2a: Farigiraf\n|-damage|p2a: Farigiraf|0 fnt\n|faint|p2a: Farigiraf\n|move|p1b: Pr\u00e9dio Espelhado|Electro Shot||[still]\n|-prepare|p1b: Pr\u00e9dio Espelhado|Electro Shot\n|-boost|p1b: Pr\u00e9dio Espelhado|spa|1\n|-anim|p1b: Pr\u00e9dio Espelhado|Electro Shot|p2b: Milotic\n|-supereffective|p2b: Milotic|1\n|-damage|p2b: Milotic|47/100\n|\n|-weather|RainDance|[upkeep]\n|-heal|p2b: Milotic|53/100|[from] item: Leftovers\n|upkeep\n|\n|t:|1776547329\n|switch|p2a: Hydreigon|Hydreigon, L50, F|100/100\n|turn|3\n|\n|t:|1776547349\n|switch|p1a: Mate Le\u00e3o|Sinistcha, L50|100/100\n|-heal|p1b: Pr\u00e9dio Espelhado|74/100|[from] ability: Hospitality|[of] p1a: Mate Le\u00e3o\n|move|p1b: Pr\u00e9dio Espelhado|Protect|p1b: Pr\u00e9dio Espelhado\n|-singleturn|p1b: Pr\u00e9dio Espelhado|Protect\n|move|p2b: Milotic|Scald|p1b: Pr\u00e9dio Espelhado\n|-activate|p1b: Pr\u00e9dio Espelhado|move: Protect\n|move|p2a: Hydreigon|Dark Pulse|p1b: Pr\u00e9dio Espelhado\n|-activate|p1b: Pr\u00e9dio Espelhado|move: Protect\n|\n|-weather|RainDance|[upkeep]\n|-heal|p2b: Milotic|59/100|[from] item: Leftovers\n|upkeep\n|turn|4\n|inactive|graubio has 30 seconds left.\n|\n|t:|1776547376\n|move|p1a: Mate Le\u00e3o|Rage Powder|p1a: Mate Le\u00e3o\n|-singleturn|p1a: Mate Le\u00e3o|move: Rage Powder\n|move|p2b: Milotic|Scald|p1a: Mate Le\u00e3o\n|-resisted|p1a: Mate Le\u00e3o|1\n|-damage|p1a: Mate Le\u00e3o|82/100\n|move|p1b: Pr\u00e9dio Espelhado|Electro Shot||[still]\n|-prepare|p1b: Pr\u00e9dio Espelhado|Electro Shot\n|-boost|p1b: Pr\u00e9dio Espelhado|spa|1\n|-anim|p1b: Pr\u00e9dio Espelhado|Electro Shot|p2b: Milotic\n|-supereffective|p2b: Milotic|1\n|-damage|p2b: Milotic|0 fnt\n|faint|p2b: Milotic\n|move|p2a: Hydreigon|Dark Pulse|p1a: Mate Le\u00e3o\n|-supereffective|p1a: Mate Le\u00e3o|1\n|-damage|p1a: Mate Le\u00e3o|0 fnt\n|faint|p1a: Mate Le\u00e3o\n|\n|-weather|RainDance|[upkeep]\n|upkeep\n|\n|t:|1776547394\n|switch|p1a: Labubu|Lopunny, L50, M|100/100\n|turn|5\n|inactive|YodaBeta has 30 seconds left.\n|-message|YodaBeta forfeited.\n|\n|win|graubio\n|raw|graubio's rating: 1455 &rarr; <strong>1475</strong><br />(+20 for winning)\n|raw|YodaBeta's rating: 1450 &rarr; <strong>1430</strong><br />(-20 for losing)\n|l|\u2606YodaBeta\n|player|p2|\n",
  "uploadtime": 1776547437,
  "views": 17,
  "formatid": "gen9championsvgc2026regma",
  "rating": 1430,
  "private": 0,
  "password": null
}