{
  "id": "gen9championsvgc2026regma-2587813197",
  "format": "[Gen 9 Champions] VGC 2026 Reg M-A",
  "players": [
    "awesomedoom82",
    "KilamanolaVGC"
  ],
  "log": "|j|\u2606awesomedoom82\n|j|\u203dKilamanolaVGC\n|t:|1776566607\n|gametype|doubles\n|player|p1|awesomedoom82|102|1260\n|player|p2|KilamanolaVGC|benga|1330\n|gen|9\n|tier|[Gen 9 Champions] VGC 2026 Reg M-A\n|rated|\n|rule|Species Clause: Limit one of each Pok\u00e9mon\n|rule|Item Clause: Limit 1 of each item\n|clearpoke\n|poke|p1|Incineroar, L50, M|\n|poke|p1|Drampa, L50, M|\n|poke|p1|Farigiraf, L50, F|\n|poke|p1|Machamp, L50, F|\n|poke|p1|Sinistcha, L50|\n|poke|p1|Kingambit, L50, F|\n|poke|p2|Scovillain, L50, M, shiny|\n|poke|p2|Sneasler, L50, M, shiny|\n|poke|p2|Pelipper, L50, M, shiny|\n|poke|p2|Basculegion, L50, M|\n|poke|p2|Aerodactyl, L50, M, shiny|\n|poke|p2|Archaludon, L50, F, shiny|\n|teampreview|4\n|inactive|Battle timer is ON: inactive players will automatically lose when time's up. (requested by KilamanolaVGC)\n|c|\u2606awesomedoom82|gl hf\nKilamanolaVGC has agreed to open team sheets.\nawesomedoom82 has agreed to open team sheets.\n|showteam|p1|Incineroar||SitrusBerry|Intimidate|DarkestLariat,FakeOut,FlareBlitz,PartingShot|||M|||50|]Drampa||Drampanite|CloudNine|HyperVoice,EarthPower,Thunderbolt,Protect|||M|||50|]Farigiraf||SilkScarf|ArmorTail|TrickRoom,HyperVoice,Psychic,Protect|||F|||50|]Machamp||BlackBelt|NoGuard|DynamicPunch,KnockOff,StoneEdge,WideGuard|||F|||50|]Sinistcha||MiracleSeed|Hospitality|MatchaGotcha,ShadowBall,RagePowder,TrickRoom||||||50|]Kingambit||BlackGlasses|Defiant|IronHead,SuckerPunch,KowtowCleave,Protect|||F|||50|\n|showteam|p2|Scovillain||Scovillainite|Moody|Protect,Overheat,LeechSeed,RagePowder|||M|||50|]Sneasler||WhiteHerb|Unburden|DireClaw,CloseCombat,FakeOut,Protect|||M|||50|]Pelipper||SitrusBerry|Drizzle|WeatherBall,Hurricane,Protect,WideGuard|||M|||50|]Basculegion||FocusSash|SwiftSwim|Liquidation,LastRespects,AquaJet,Protect|||M|||50|]Aerodactyl||Aerodactylite|RockHead|DualWingbeat,RockSlide,Tailwind,Protect|||M|||50|]Archaludon||ChoiceScarf|Sturdy|ElectroShot,DragonPulse,FlashCannon,Snarl|||F|||50|\n|inactive|awesomedoom82 has 60 seconds left.\n|inactive|KilamanolaVGC has 60 seconds left.\n|\n|t:|1776566659\n|teamsize|p1|4\n|teamsize|p2|4\n|start\n|switch|p1a: Farigiraf|Farigiraf, L50, F|100/100\n|switch|p1b: Incineroar|Incineroar, L50, M|100/100\n|switch|p2a: Scovillain|Scovillain, L50, M, shiny|100/100\n|switch|p2b: Sneasler|Sneasler, L50, M, shiny|100/100\n|-ability|p1b: Incineroar|Intimidate|boost\n|-unboost|p2a: Scovillain|atk|1\n|-unboost|p2b: Sneasler|atk|1\n|-enditem|p2b: Sneasler|White Herb\n|-clearnegativeboost|p2b: Sneasler|[silent]\n|turn|1\n|\n|t:|1776566676\n|move|p2a: Scovillain|Protect|p2a: Scovillain\n|-singleturn|p2a: Scovillain|Protect\n|move|p1b: Incineroar|Fake Out|p2b: Sneasler\n|-damage|p2b: Sneasler|79/100\n|cant|p2b: Sneasler|flinch\n|move|p1a: Farigiraf|Trick Room|p1a: Farigiraf\n|-fieldstart|move: Trick Room|[of] p1a: Farigiraf\n|\n|-ability|p2a: Scovillain|Moody|boost\n|-boost|p2a: Scovillain|def|2\n|-unboost|p2a: Scovillain|spd|1\n|upkeep\n|turn|2\n|\n|t:|1776566698\n|detailschange|p2a: Scovillain|Scovillain-Mega, L50, M, shiny\n|-mega|p2a: Scovillain|Scovillain|Scovillainite\n|move|p2b: Sneasler|Protect|p2b: Sneasler\n|-singleturn|p2b: Sneasler|Protect\n|move|p1a: Farigiraf|Psychic|p2b: Sneasler\n|-activate|p2b: Sneasler|move: Protect\n|move|p1b: Incineroar|Flare Blitz|p2a: Scovillain\n|-damage|p2a: Scovillain|67/100\n|-immune|p1b: Incineroar\n|-damage|p1b: Incineroar|91/100|[from] Recoil\n|move|p2a: Scovillain|Leech Seed|p1a: Farigiraf\n|-start|p1a: Farigiraf|move: Leech Seed\n|\n|-damage|p1a: Farigiraf|88/100|[from] Leech Seed|[of] p2a: Scovillain\n|-heal|p2a: Scovillain|84/100|[silent]\n|upkeep\n|turn|3\n|\n|t:|1776566721\n|move|p2a: Scovillain|Protect|p2a: Scovillain\n|-singleturn|p2a: Scovillain|Protect\n|move|p1a: Farigiraf|Psychic|p2b: Sneasler\n|-supereffective|p2b: Sneasler|2\n|-damage|p2b: Sneasler|0 fnt\n|faint|p2b: Sneasler\n|move|p1b: Incineroar|Darkest Lariat|p2a: Scovillain\n|-activate|p2a: Scovillain|move: Protect\n|\n|-damage|p1a: Farigiraf|76/100|[from] Leech Seed|[of] p2a: Scovillain\n|-heal|p2a: Scovillain|99/100|[silent]\n|upkeep\n|\n|t:|1776566729\n|switch|p2b: Pelipper|Pelipper, L50, M, shiny|100/100\n|-weather|RainDance|[from] ability: Drizzle|[of] p2b: Pelipper\n|turn|4\n|\n|t:|1776566738\n|move|p1a: Farigiraf|Psychic|p2a: Scovillain\n|-damage|p2a: Scovillain|40/100\n|-status|p1a: Farigiraf|brn|[from] ability: Spicy Spray|[of] p2a: Scovillain\n|move|p1b: Incineroar|Parting Shot|p2b: Pelipper\n|-unboost|p2b: Pelipper|atk|1\n|-unboost|p2b: Pelipper|spa|1\n|\n|t:|1776566744\n|switch|p1b: Drampa|Drampa, L50, M|100/100|[from] Parting Shot\n|-ability|p1b: Drampa|Cloud Nine\n|move|p2b: Pelipper|Weather Ball|p1a: Farigiraf\n|-damage|p1a: Farigiraf|67/100 brn\n|move|p2a: Scovillain|Leech Seed|p1b: Drampa\n|-start|p1b: Drampa|move: Leech Seed\n|\n|-weather|RainDance|[upkeep]\n|-damage|p1b: Drampa|88/100|[from] Leech Seed|[of] p2a: Scovillain\n|-heal|p2a: Scovillain|53/100|[silent]\n|-damage|p1a: Farigiraf|55/100 brn|[from] Leech Seed|[of] p2a: Scovillain\n|-heal|p2a: Scovillain|70/100|[silent]\n|-damage|p1a: Farigiraf|49/100 brn|[from] brn\n|upkeep\n|turn|5\n|\n|t:|1776566759\n|switch|p2b: Basculegion|Basculegion, L50, M|100/100\n|detailschange|p1b: Drampa|Drampa-Mega, L50, M\n|-mega|p1b: Drampa|Drampa|Drampanite\n|move|p2a: Scovillain|Protect|p2a: Scovillain\n|-singleturn|p2a: Scovillain|Protect\n|move|p1b: Drampa|Thunderbolt|p2b: Basculegion\n|-supereffective|p2b: Basculegion|1\n|-damage|p2b: Basculegion|14/100\n|-status|p2b: Basculegion|par\n|move|p1a: Farigiraf|Psychic|p2a: Scovillain\n|-activate|p2a: Scovillain|move: Protect\n|\n|-weather|RainDance|[upkeep]\n|-damage|p1b: Drampa|76/100|[from] Leech Seed|[of] p2a: Scovillain\n|-heal|p2a: Scovillain|83/100|[silent]\n|-damage|p1a: Farigiraf|36/100 brn|[from] Leech Seed|[of] p2a: Scovillain\n|-heal|p2a: Scovillain|99/100|[silent]\n|-damage|p1a: Farigiraf|30/100 brn|[from] brn\n|-fieldend|move: Trick Room\n|upkeep\n|turn|6\n|inactive|KilamanolaVGC has 30 seconds left.\n|\n|t:|1776566784\n|move|p2a: Scovillain|Rage Powder|p2a: Scovillain\n|-singleturn|p2a: Scovillain|move: Rage Powder\n|cant|p2b: Basculegion|par\n|move|p1b: Drampa|Hyper Voice|p2b: Basculegion|[spread] p2a\n|-immune|p2b: Basculegion\n|-damage|p2a: Scovillain|37/100\n|-status|p1b: Drampa|brn|[from] ability: Spicy Spray|[of] p2a: Scovillain\n|move|p1a: Farigiraf|Trick Room|p1a: Farigiraf\n|-fieldstart|move: Trick Room|[of] p1a: Farigiraf\n|\n|-weather|RainDance|[upkeep]\n|-damage|p1b: Drampa|63/100 brn|[from] Leech Seed|[of] p2a: Scovillain\n|-heal|p2a: Scovillain|50/100|[silent]\n|-damage|p1a: Farigiraf|18/100 brn|[from] Leech Seed|[of] p2a: Scovillain\n|-heal|p2a: Scovillain|66/100|[silent]\n|-damage|p1b: Drampa|57/100 brn|[from] brn\n|-damage|p1a: Farigiraf|12/100 brn|[from] brn\n|upkeep\n|turn|7\n|\n|t:|1776566799\n|move|p2a: Scovillain|Protect|p2a: Scovillain\n|-singleturn|p2a: Scovillain|Protect\n|move|p1b: Drampa|Hyper Voice|p2b: Basculegion|[spread] \n|-activate|p2a: Scovillain|move: Protect\n|-immune|p2b: Basculegion\n|move|p1a: Farigiraf|Psychic|p2b: Basculegion\n|-damage|p2b: Basculegion|0 fnt\n|faint|p2b: Basculegion\n|\n|-weather|RainDance|[upkeep]\n|-damage|p1b: Drampa|45/100 brn|[from] Leech Seed|[of] p2a: Scovillain\n|-heal|p2a: Scovillain|80/100|[silent]\n|-damage|p1a: Farigiraf|0 fnt|[from] Leech Seed|[of] p2a: Scovillain\n|-heal|p2a: Scovillain|94/100|[silent]\n|faint|p1a: Farigiraf\n|-damage|p1b: Drampa|39/100 brn|[from] brn\n|upkeep\n|\n|t:|1776566816\n|switch|p1a: Machamp|Machamp, L50, F|100/100\n|switch|p2b: Pelipper|Pelipper, L50, M, shiny|100/100\n|turn|8\n|\n|t:|1776566837\n|move|p2a: Scovillain|Rage Powder|p2a: Scovillain\n|-singleturn|p2a: Scovillain|move: Rage Powder\n|move|p1b: Drampa|Thunderbolt|p2a: Scovillain\n|-resisted|p2a: Scovillain|1\n|-damage|p2a: Scovillain|64/100\n|move|p1a: Machamp|Stone Edge|p2a: Scovillain\n|-supereffective|p2a: Scovillain|1\n|-damage|p2a: Scovillain|23/100\n|-status|p1a: Machamp|brn|[from] ability: Spicy Spray|[of] p2a: Scovillain\n|move|p2b: Pelipper|Hurricane|p1b: Drampa\n|-damage|p1b: Drampa|6/100 brn\n|\n|-weather|none\n|-damage|p1b: Drampa|0 fnt|[from] Leech Seed|[of] p2a: Scovillain\n|-heal|p2a: Scovillain|29/100|[silent]\n|faint|p1b: Drampa\n|-damage|p1a: Machamp|94/100 brn|[from] brn\n|upkeep\n|\n|t:|1776566851\n|switch|p1b: Incineroar|Incineroar, L50, M|91/100\n|-ability|p1b: Incineroar|Intimidate|boost\n|-unboost|p2a: Scovillain|atk|1\n|-unboost|p2b: Pelipper|atk|1\n|turn|9\n|\n|t:|1776566871\n|move|p2a: Scovillain|Protect|p2a: Scovillain\n|-singleturn|p2a: Scovillain|Protect\n|move|p1a: Machamp|Stone Edge|p2b: Pelipper\n|-supereffective|p2b: Pelipper|1\n|-damage|p2b: Pelipper|65/100\n|move|p1b: Incineroar|Flare Blitz|p2a: Scovillain\n|-activate|p2a: Scovillain|move: Protect\n|move|p2b: Pelipper|Hurricane|p1a: Machamp\n|-supereffective|p1a: Machamp|1\n|-damage|p1a: Machamp|6/100 brn\n|-start|p1a: Machamp|confusion\n|\n|-damage|p1a: Machamp|0 fnt|[from] brn\n|faint|p1a: Machamp\n|upkeep\n|turn|10\n|\n|t:|1776566887\n|move|p1b: Incineroar|Flare Blitz|p2a: Scovillain\n|-damage|p2a: Scovillain|0 fnt\n|-immune|p1b: Incineroar\n|faint|p2a: Scovillain\n|-damage|p1b: Incineroar|83/100|[from] Recoil\n|move|p2b: Pelipper|Hurricane|p1b: Incineroar\n|-damage|p1b: Incineroar|47/100\n|-enditem|p1b: Incineroar|Sitrus Berry|[eat]\n|-heal|p1b: Incineroar|72/100|[from] item: Sitrus Berry\n|\n|-fieldend|move: Trick Room\n|upkeep\n|turn|11\n|\n|t:|1776566903\n|move|p2b: Pelipper|Hurricane|p1b: Incineroar\n|-damage|p1b: Incineroar|37/100\n|-start|p1b: Incineroar|confusion\n|-activate|p1b: Incineroar|confusion\n|-damage|p1b: Incineroar|22/100|[from] confusion\n|\n|upkeep\n|turn|12\n|\n|t:|1776566912\n|move|p2b: Pelipper|Weather Ball|p1b: Incineroar\n|-damage|p1b: Incineroar|10/100\n|-end|p1b: Incineroar|confusion\n|move|p1b: Incineroar|Darkest Lariat|p2b: Pelipper\n|-damage|p2b: Pelipper|24/100\n|-enditem|p2b: Pelipper|Sitrus Berry|[eat]\n|-heal|p2b: Pelipper|49/100|[from] item: Sitrus Berry\n|\n|upkeep\n|turn|13\n|-message|awesomedoom82 forfeited.\n|\n|win|KilamanolaVGC\n|raw|awesomedoom82's rating: 1260 &rarr; <strong>1240</strong><br />(-20 for losing)\n|raw|KilamanolaVGC's rating: 1330 &rarr; <strong>1346</strong><br />(+16 for winning)\n|l|\u2606awesomedoom82\n|player|p1|\n",
  "uploadtime": 1776566933,
  "views": 28,
  "formatid": "gen9championsvgc2026regma",
  "rating": 1240,
  "private": 0,
  "password": null
}