{
  "id": "gen9championsvgc2026regma-2582712376",
  "format": "[Gen 9 Champions] VGC 2026 Reg M-A",
  "players": [
    "EDJPP",
    "Argyle1"
  ],
  "log": "|j|\u2606EDJPP\n|j|\u2606Argyle1\n|html|<table width=\"100%\"><tr><td align=\"left\">EDJPP</td><td align=\"right\">Argyle1</tr><tr><td align=\"left\"><i class=\"fa fa-circle\"></i> <i class=\"fa fa-circle-o\"></i> </td><td align=\"right\"><i class=\"fa fa-circle-o\"></i> <i class=\"fa fa-circle-o\"></i> </tr></table>\n|uhtml|bestof|<h2><strong>Game 2</strong> of <a href=\"/game-bestof3-gen9championsvgc2026regma-2582709298\">a best-of-3</a></h2>\n|t:|1776108964\n|gametype|doubles\n|player|p1|EDJPP|volkner|\n|player|p2|Argyle1|blaine|\n|gen|9\n|tier|[Gen 9 Champions] VGC 2026 Reg M-A\n|rated|Tournament battle\n|rule|Species Clause: Limit one of each Pok\u00e9mon\n|rule|Item Clause: Limit 1 of each item\n|raw|<div class=\"infobox\"><details class=\"readmore\" open><summary><strong>2 custom rules:</strong></summary> Force Open Team Sheets, Best of = 3</details></div>\n|clearpoke\n|poke|p1|Garchomp, L50, M|\n|poke|p1|Tyranitar, L50, M|\n|poke|p1|Blastoise, L50, M|\n|poke|p1|Volcarona, L50, F|\n|poke|p1|Araquanid, L50, M|\n|poke|p1|Farigiraf, L50, F|\n|poke|p2|Incineroar, L50, F|\n|poke|p2|Weavile, L50, F|\n|poke|p2|Charizard, L50, M|\n|poke|p2|Ninetales, L50, F|\n|poke|p2|Garchomp, L50, M|\n|poke|p2|Venusaur, L50, F|\n|teampreview|4\n|showteam|p1|Garchomp||Garchompite|SandVeil|SwordsDance,ScaleShot,Earthquake,Protect|||M|||50|]Tyranitar||Tyranitarite|SandStream|RockSlide,Crunch,IronHead,Protect|||M|||50|]Blastoise||Blastoisinite|Torrent|WaterSpout,MuddyWater,FakeOut,Protect|||M|||50|]Volcarona||SitrusBerry|FlameBody|RagePowder,StruggleBug,Tailwind,FieryDance|||F|||50|]Araquanid||MysticWater|WaterBubble|Liquidation,LeechLife,WideGuard,Trailblaze|||M|||50|]Farigiraf||FocusSash|ArmorTail|HyperVoice,Psychic,DazzlingGleam,TrickRoom|||F|||50|\n|showteam|p2|Incineroar||SitrusBerry|Intimidate|DarkestLariat,FlareBlitz,PartingShot,FakeOut|||F|||50|]Weavile||FocusSash|Pickpocket|FakeOut,KnockOff,TripleAxel,Protect|||F|||50|]Charizard||CharizarditeY|SolarPower|HeatWave,Hurricane,Protect,SolarBeam|||M|||50|]Ninetales||Charcoal|Drought|HeatWave,SolarBeam,ScorchingSands,Protect|||F|||50|]Garchomp||WhiteHerb|RoughSkin|RockSlide,DragonClaw,Earthquake,Protect|||M|||50|]Venusaur||MiracleSeed|Chlorophyll|LeafStorm,SludgeBomb,SleepPowder,Protect|||F|||50|\n|inactive|Battle timer is ON: inactive players will automatically lose when time's up. (requested by EDJPP)\n|inactive|EDJPP has 60 seconds left.\n|\n|t:|1776108999\n|teamsize|p1|4\n|teamsize|p2|4\n|start\n|switch|p1a: Tyranitar|Tyranitar, L50, M, shiny|100/100\n|switch|p1b: Blastoise|Blastoise, L50, M|100/100\n|switch|p2a: Incineroar|Incineroar, L50, F|100/100\n|switch|p2b: Venusaur|Venusaur, L50, F|100/100\n|-weather|Sandstorm|[from] ability: Sand Stream|[of] p1a: Tyranitar\n|-ability|p2a: Incineroar|Intimidate|boost\n|-unboost|p1a: Tyranitar|atk|1\n|-unboost|p1b: Blastoise|atk|1\n|turn|1\n|inactive|Argyle1 has 30 seconds left.\n|\n|t:|1776109033\n|switch|p1b: Volcarona|Volcarona, L50, F|100/100\n|move|p1a: Tyranitar|Protect|p1a: Tyranitar\n|-singleturn|p1a: Tyranitar|Protect\n|move|p2a: Incineroar|Fake Out|p1a: Tyranitar\n|-activate|p1a: Tyranitar|move: Protect\n|move|p2b: Venusaur|Leaf Storm|p1b: Volcarona\n|-resisted|p1b: Volcarona|2\n|-damage|p1b: Volcarona|87/100\n|-unboost|p2b: Venusaur|spa|2\n|\n|-weather|Sandstorm|[upkeep]\n|-damage|p2b: Venusaur|95/100|[from] Sandstorm\n|-damage|p1b: Volcarona|81/100|[from] Sandstorm\n|-damage|p2a: Incineroar|95/100|[from] Sandstorm\n|upkeep\n|turn|2\n|inactive|EDJPP has 30 seconds left.\n|inactive|EDJPP has 20 seconds left.\n|\n|t:|1776109071\n|switch|p1a: Garchomp|Garchomp, L50, M|100/100\n|move|p2b: Venusaur|Sleep Powder|p1a: Garchomp|[miss]\n|-miss|p2b: Venusaur|p1a: Garchomp\n|move|p1b: Volcarona|Fiery Dance|p2b: Venusaur\n|-supereffective|p2b: Venusaur|1\n|-damage|p2b: Venusaur|12/100\n|move|p2a: Incineroar|Parting Shot|p1a: Garchomp\n|-unboost|p1a: Garchomp|atk|1\n|-unboost|p1a: Garchomp|spa|1\n|\n|t:|1776109083\n|switch|p2a: Charizard|Charizard, L50, M, shiny|100/100|[from] Parting Shot\n|\n|-weather|Sandstorm|[upkeep]\n|-damage|p2a: Charizard|95/100|[from] Sandstorm\n|-damage|p2b: Venusaur|6/100|[from] Sandstorm\n|-damage|p1b: Volcarona|74/100|[from] Sandstorm\n|upkeep\n|turn|3\n|\n|t:|1776109107\n|switch|p1a: Tyranitar|Tyranitar, L50, M, shiny|100/100\n|detailschange|p2a: Charizard|Charizard-Mega-Y, L50, M, shiny\n|-mega|p2a: Charizard|Charizard|Charizardite Y\n|-weather|SunnyDay|[from] ability: Drought|[of] p2a: Charizard\n|move|p2b: Venusaur|Sleep Powder|p1a: Tyranitar\n|-status|p1a: Tyranitar|slp|[from] move: Sleep Powder\n|move|p2a: Charizard|Heat Wave|p1a: Tyranitar|[spread] p1a,p1b\n|-resisted|p1a: Tyranitar|1\n|-crit|p1a: Tyranitar\n|-damage|p1a: Tyranitar|58/100 slp\n|-damage|p1b: Volcarona|23/100\n|-enditem|p1b: Volcarona|Sitrus Berry|[eat]\n|-heal|p1b: Volcarona|48/100|[from] item: Sitrus Berry\n|move|p1b: Volcarona|Struggle Bug|p2b: Venusaur|[spread] p2a,p2b\n|-resisted|p2a: Charizard|2\n|-damage|p2a: Charizard|91/100\n|-damage|p2b: Venusaur|0 fnt\n|-unboost|p2a: Charizard|spa|1\n|faint|p2b: Venusaur\n|\n|-weather|SunnyDay|[upkeep]\n|upkeep\n|inactive|Argyle1 has 30 seconds left.\n|\n|t:|1776109132\n|switch|p2b: Weavile|Weavile, L50, F|100/100\n|turn|4\n|\n|t:|1776109153\n|detailschange|p1a: Tyranitar|Tyranitar-Mega, L50, M, shiny\n|-mega|p1a: Tyranitar|Tyranitar|Tyranitarite\n|-weather|Sandstorm|[from] ability: Sand Stream|[of] p1a: Tyranitar\n|move|p2b: Weavile|Triple Axel|p1a: Tyranitar\n|-damage|p1a: Tyranitar|52/100 slp\n|-damage|p1a: Tyranitar|39/100 slp\n|-damage|p1a: Tyranitar|18/100 slp\n|-hitcount|p1a: Tyranitar|3\n|move|p2a: Charizard|Heat Wave|p1b: Volcarona|[spread] p1a,p1b\n|-resisted|p1a: Tyranitar|1\n|-damage|p1a: Tyranitar|11/100 slp\n|-damage|p1b: Volcarona|27/100\n|move|p1b: Volcarona|Tailwind|p1b: Volcarona\n|-sidestart|p1: EDJPP|move: Tailwind\n|cant|p1a: Tyranitar|slp\n|\n|-weather|Sandstorm|[upkeep]\n|-damage|p1b: Volcarona|21/100|[from] Sandstorm\n|-damage|p2b: Weavile|94/100|[from] Sandstorm\n|-damage|p2a: Charizard|85/100|[from] Sandstorm\n|upkeep\n|turn|5\n|\n|t:|1776109172\n|switch|p2a: Incineroar|Incineroar, L50, F|95/100\n|-ability|p2a: Incineroar|Intimidate|boost\n|-unboost|p1a: Tyranitar|atk|1\n|-unboost|p1b: Volcarona|atk|1\n|move|p1b: Volcarona|Fiery Dance|p2b: Weavile\n|-supereffective|p2b: Weavile|1\n|-damage|p2b: Weavile|0 fnt\n|faint|p2b: Weavile\n|cant|p1a: Tyranitar|slp\n|\n|-weather|Sandstorm|[upkeep]\n|-damage|p1b: Volcarona|15/100|[from] Sandstorm\n|-damage|p2a: Incineroar|89/100|[from] Sandstorm\n|upkeep\n|\n|t:|1776109178\n|switch|p2b: Charizard|Charizard-Mega-Y, L50, M, shiny|85/100\n|-weather|SunnyDay|[from] ability: Drought|[of] p2b: Charizard\n|turn|6\n|\n|t:|1776109185\n|switch|p1a: Garchomp|Garchomp, L50, M|100/100\n|move|p2a: Incineroar|Fake Out|p1b: Volcarona\n|-damage|p1b: Volcarona|3/100\n|-immune|p2a: Incineroar\n|cant|p1b: Volcarona|flinch\n|move|p2b: Charizard|Heat Wave|p1a: Garchomp|[spread] p1a,p1b\n|-resisted|p1a: Garchomp|1\n|-damage|p1a: Garchomp|64/100\n|-damage|p1b: Volcarona|0 fnt\n|faint|p1b: Volcarona\n|\n|-weather|SunnyDay|[upkeep]\n|upkeep\n|\n|t:|1776109198\n|switch|p1b: Tyranitar|Tyranitar-Mega, L50, M, shiny|11/100 slp\n|-weather|Sandstorm|[from] ability: Sand Stream|[of] p1b: Tyranitar\n|turn|7\n|\n|t:|1776109207\n|switch|p1a: Blastoise|Blastoise, L50, M|100/100\n|-curestatus|p1b: Tyranitar|slp|[msg]\n|move|p1b: Tyranitar|Protect|p1b: Tyranitar\n|-singleturn|p1b: Tyranitar|Protect\n|move|p2b: Charizard|Protect|p2b: Charizard\n|-singleturn|p2b: Charizard|Protect\n|move|p2a: Incineroar|Parting Shot|p1a: Blastoise\n|-unboost|p1a: Blastoise|atk|1\n|-unboost|p1a: Blastoise|spa|1\n|\n|-weather|Sandstorm|[upkeep]\n|-damage|p1a: Blastoise|95/100|[from] Sandstorm\n|-damage|p2b: Charizard|79/100|[from] Sandstorm\n|-damage|p2a: Incineroar|83/100|[from] Sandstorm\n|-sideend|p1: EDJPP|move: Tailwind\n|upkeep\n|turn|8\n|j| Kamusito98\n|inactive|Argyle1 has 30 seconds left.\n|\n|t:|1776109241\n|move|p2b: Charizard|Heat Wave|p1a: Blastoise|[spread] p1a,p1b\n|-resisted|p1a: Blastoise|1\n|-resisted|p1b: Tyranitar|1\n|-damage|p1a: Blastoise|75/100\n|-damage|p1b: Tyranitar|1/100\n|move|p1b: Tyranitar|Rock Slide|p2b: Charizard|[spread] p2b\n|-miss|p1b: Tyranitar|p2a: Incineroar\n|-supereffective|p2b: Charizard|2\n|-damage|p2b: Charizard|0 fnt\n|faint|p2b: Charizard\n|move|p1a: Blastoise|Muddy Water|p2a: Incineroar\n|-supereffective|p2a: Incineroar|1\n|-damage|p2a: Incineroar|34/100\n|-enditem|p2a: Incineroar|Sitrus Berry|[eat]\n|-heal|p2a: Incineroar|59/100|[from] item: Sitrus Berry\n|move|p2a: Incineroar|Flare Blitz|p1b: Tyranitar\n|-resisted|p1b: Tyranitar|1\n|-damage|p1b: Tyranitar|0 fnt\n|faint|p1b: Tyranitar\n|-damage|p2a: Incineroar|58/100|[from] Recoil\n|\n|-weather|Sandstorm|[upkeep]\n|-damage|p1a: Blastoise|69/100|[from] Sandstorm\n|-damage|p2a: Incineroar|52/100|[from] Sandstorm\n|upkeep\n|\n|t:|1776109251\n|switch|p1b: Garchomp|Garchomp, L50, M|64/100\n|turn|9\n|c|\u2606Argyle1|gg\n|\n|t:|1776109262\n|move|p1b: Garchomp|Earthquake|p2a: Incineroar|[spread] p1a,p2a\n|-crit|p1a: Blastoise\n|-supereffective|p2a: Incineroar|1\n|-damage|p1a: Blastoise|20/100\n|-damage|p2a: Incineroar|0 fnt\n|faint|p2a: Incineroar\n|\n|win|EDJPP\n|l| Kamusito98\n",
  "uploadtime": 1776109267,
  "views": 10,
  "formatid": "gen9championsvgc2026regma",
  "rating": null,
  "private": 0,
  "password": null
}