{
  "id": "gen9championsvgc2026regma-2588856038",
  "format": "[Gen 9 Champions] VGC 2026 Reg M-A",
  "players": [
    "soulo333",
    "hades_72"
  ],
  "log": "|j|\u2606soulo333\n|j|\u2606hades_72\n|t:|1776679064\n|gametype|doubles\n|player|p1|soulo333|102|1219\n|player|p2|hades_72|ghetsis|1247\n|gen|9\n|tier|[Gen 9 Champions] VGC 2026 Reg M-A\n|rated|\n|rule|Species Clause: Limit one of each Pok\u00e9mon\n|rule|Item Clause: Limit 1 of each item\n|clearpoke\n|poke|p1|Charizard, L50, F|\n|poke|p1|Sneasler, L50, F|\n|poke|p1|Sinistcha, L50|\n|poke|p1|Incineroar, L50, M|\n|poke|p1|Milotic, L50, M|\n|poke|p1|Tyranitar, L50, F|\n|poke|p2|Sneasler, L50, M|\n|poke|p2|Sinistcha-Masterpiece, L50|\n|poke|p2|Tyranitar, L50, M|\n|poke|p2|Sableye, L50, M|\n|poke|p2|Incineroar, L50, M|\n|poke|p2|Hydreigon, L50, M|\n|teampreview|4\n|\n|t:|1776679080\n|teamsize|p1|4\n|teamsize|p2|4\n|start\n|switch|p1a: Milotic|Milotic, L50, M|100/100\n|switch|p1b: Sneasler|Sneasler, L50, F|100/100\n|switch|p2a: Tyranitar|Tyranitar, L50, M|100/100\n|switch|p2b: Sableye|Sableye, L50, M|100/100\n|-weather|Sandstorm|[from] ability: Sand Stream|[of] p2a: Tyranitar\n|turn|1\n|\n|t:|1776679101\n|move|p2a: Tyranitar|Protect|p2a: Tyranitar\n|-singleturn|p2a: Tyranitar|Protect\n|move|p2b: Sableye|Will-O-Wisp|p1b: Sneasler\n|-status|p1b: Sneasler|brn\n|move|p1b: Sneasler|Dire Claw|p2b: Sableye\n|-resisted|p2b: Sableye|1\n|-damage|p2b: Sableye|88/100\n|-status|p2b: Sableye|psn\n|move|p1a: Milotic|Scald|p2a: Tyranitar\n|-activate|p2a: Tyranitar|move: Protect\n|\n|-weather|Sandstorm|[upkeep]\n|-damage|p1b: Sneasler|95/100 brn|[from] Sandstorm\n|-damage|p1a: Milotic|94/100|[from] Sandstorm\n|-damage|p2b: Sableye|83/100 psn|[from] Sandstorm\n|-heal|p1a: Milotic|100/100|[from] item: Leftovers\n|-damage|p2b: Sableye|71/100 psn|[from] psn\n|-damage|p1b: Sneasler|89/100 brn|[from] brn\n|upkeep\n|turn|2\n|\n|t:|1776679128\n|detailschange|p2a: Tyranitar|Tyranitar-Mega, L50, M\n|-mega|p2a: Tyranitar|Tyranitar|Tyranitarite\n|move|p2b: Sableye|Encore|p1b: Sneasler\n|-start|p1b: Sneasler|Encore\n|move|p1b: Sneasler|Dire Claw|p2b: Sableye\n|-resisted|p2b: Sableye|1\n|-damage|p2b: Sableye|60/100 psn\n|move|p1a: Milotic|Scald|p2a: Tyranitar\n|-supereffective|p2a: Tyranitar|1\n|-damage|p2a: Tyranitar|71/100\n|move|p2a: Tyranitar|High Horsepower|p1b: Sneasler\n|-supereffective|p1b: Sneasler|1\n|-crit|p1b: Sneasler\n|-damage|p1b: Sneasler|0 fnt\n|faint|p1b: Sneasler\n|\n|-weather|Sandstorm|[upkeep]\n|-damage|p1a: Milotic|94/100|[from] Sandstorm\n|-damage|p2b: Sableye|54/100 psn|[from] Sandstorm\n|-heal|p1a: Milotic|100/100|[from] item: Leftovers\n|-damage|p2b: Sableye|42/100 psn|[from] psn\n|upkeep\n|\n|t:|1776679140\n|switch|p1b: Sinistcha|Sinistcha, L50|100/100\n|turn|3\n|\n|t:|1776679157\n|move|p2b: Sableye|Disable|p1a: Milotic\n|-start|p1a: Milotic|Disable|Scald\n|cant|p1a: Milotic|Disable|Scald\n|move|p2a: Tyranitar|Knock Off|p1b: Sinistcha\n|-supereffective|p1b: Sinistcha|1\n|-damage|p1b: Sinistcha|0 fnt\n|-enditem|p1b: Sinistcha|Coba Berry|[from] move: Knock Off|[of] p2a: Tyranitar\n|faint|p1b: Sinistcha\n|\n|-weather|Sandstorm|[upkeep]\n|-damage|p1a: Milotic|94/100|[from] Sandstorm\n|-damage|p2b: Sableye|36/100 psn|[from] Sandstorm\n|-heal|p1a: Milotic|100/100|[from] item: Leftovers\n|-damage|p2b: Sableye|24/100 psn|[from] psn\n|upkeep\n|\n|t:|1776679162\n|switch|p1b: Tyranitar|Tyranitar, L50, F|100/100\n|turn|4\n|\n|t:|1776679184\n|detailschange|p1b: Tyranitar|Tyranitar-Mega, L50, F\n|-mega|p1b: Tyranitar|Tyranitar|Tyranitarite\n|move|p1b: Tyranitar|Protect|p1b: Tyranitar\n|-singleturn|p1b: Tyranitar|Protect\n|move|p2b: Sableye|Will-O-Wisp|p1b: Tyranitar\n|-activate|p1b: Tyranitar|move: Protect\n|move|p1a: Milotic|Icy Wind|p2a: Tyranitar|[spread] p2a,p2b\n|-damage|p2a: Tyranitar|66/100\n|-damage|p2b: Sableye|13/100 psn\n|-unboost|p2a: Tyranitar|spe|1\n|-unboost|p2b: Sableye|spe|1\n|move|p2a: Tyranitar|High Horsepower|p1b: Tyranitar\n|-activate|p1b: Tyranitar|move: Protect\n|\n|-weather|Sandstorm|[upkeep]\n|-damage|p1a: Milotic|94/100|[from] Sandstorm\n|-damage|p2b: Sableye|7/100 psn|[from] Sandstorm\n|-heal|p1a: Milotic|100/100|[from] item: Leftovers\n|-damage|p2b: Sableye|0 fnt|[from] psn\n|faint|p2b: Sableye\n|upkeep\n|\n|t:|1776679207\n|switch|p2b: Sneasler|Sneasler, L50, M|100/100\n|turn|5\n|\n|t:|1776679215\n|move|p2b: Sneasler|Close Combat|p1b: Tyranitar\n|-supereffective|p1b: Tyranitar|2\n|-damage|p1b: Tyranitar|0 fnt\n|-unboost|p2b: Sneasler|def|1\n|-unboost|p2b: Sneasler|spd|1\n|faint|p1b: Tyranitar\n|move|p1a: Milotic|Icy Wind|p2a: Tyranitar|[spread] p2a,p2b\n|-damage|p2a: Tyranitar|61/100\n|-damage|p2b: Sneasler|81/100\n|-unboost|p2a: Tyranitar|spe|1\n|-unboost|p2b: Sneasler|spe|1\n|move|p2a: Tyranitar|Knock Off|p1a: Milotic\n|-damage|p1a: Milotic|41/100\n|-enditem|p1a: Milotic|Leftovers|[from] move: Knock Off|[of] p2a: Tyranitar\n|\n|-weather|none\n|upkeep\n|turn|6\n|-message|soulo333 forfeited.\n|\n|win|hades_72\n|raw|soulo333's rating: 1219 &rarr; <strong>1196</strong><br />(-23 for losing)\n|raw|hades_72's rating: 1247 &rarr; <strong>1270</strong><br />(+23 for winning)\n",
  "uploadtime": 1776679220,
  "views": 9,
  "formatid": "gen9championsvgc2026regma",
  "rating": 1196,
  "private": 0,
  "password": null
}