{
  "id": "gen9championsvgc2026regma-2582610878",
  "format": "[Gen 9 Champions] VGC 2026 Reg M-A",
  "players": [
    "Juya",
    "KingOvershield"
  ],
  "log": "|j|\u2606Juya\n|j|\u2606KingOvershield\n|t:|1776102517\n|gametype|doubles\n|player|p1|Juya|265|1090\n|player|p2|KingOvershield|bugcatcher-gen4dp|1148\n|gen|9\n|tier|[Gen 9 Champions] VGC 2026 Reg M-A\n|rated|\n|rule|Species Clause: Limit one of each Pok\u00e9mon\n|rule|Item Clause: Limit 1 of each item\n|clearpoke\n|poke|p1|Gengar, L50, M|\n|poke|p1|Azumarill, L50, M|\n|poke|p1|Kommo-o, L50, F|\n|poke|p1|Tsareena, L50, F|\n|poke|p1|Incineroar, L50, F|\n|poke|p1|Corviknight, L50, F|\n|poke|p2|Scizor, L50, M|\n|poke|p2|Incineroar, L50, M|\n|poke|p2|Ninetales-Alola, L50, F|\n|poke|p2|Basculegion, L50, M|\n|poke|p2|Sneasler, L50, M|\n|poke|p2|Kommo-o, L50, F|\n|teampreview|4\n|inactive|Battle timer is ON: inactive players will automatically lose when time's up. (requested by Juya)\n|inactive|KingOvershield has 60 seconds left.\n|inactive|KingOvershield has 30 seconds left.\n|inactive|KingOvershield has 20 seconds left.\n|inactive|KingOvershield has 15 seconds left.\n|\n|t:|1776102594\n|teamsize|p1|4\n|teamsize|p2|4\n|start\n|switch|p1a: Corviknight|Corviknight, L50, F|100/100\n|switch|p1b: Tsareena|Tsareena, L50, F|100/100\n|switch|p2a: Scizor|Scizor, L50, M|100/100\n|switch|p2b: Ninetales|Ninetales-Alola, L50, F|100/100\n|-weather|Snowscape|[from] ability: Snow Warning|[of] p2b: Ninetales\n|turn|1\n|inactive|KingOvershield has 30 seconds left.\n|inactive|KingOvershield has 20 seconds left.\n|inactive|KingOvershield has 15 seconds left.\n|inactive|KingOvershield has 10 seconds left.\n|\n|t:|1776102642\n|switch|p2b: Incineroar|Incineroar, L50, M|100/100\n|-ability|p2b: Incineroar|Intimidate|boost\n|-ability|p1a: Corviknight|Mirror Armor\n|-unboost|p2b: Incineroar|atk|1\n|-unboost|p1b: Tsareena|atk|1\n|move|p2a: Scizor|Protect|p2a: Scizor\n|-singleturn|p2a: Scizor|Protect\n|move|p1b: Tsareena|Protect|p1b: Tsareena\n|-singleturn|p1b: Tsareena|Protect\n|move|p1a: Corviknight|Iron Head|p2b: Incineroar\n|-resisted|p2b: Incineroar|1\n|-damage|p2b: Incineroar|87/100\n|\n|-weather|Snowscape|[upkeep]\n|upkeep\n|turn|2\n|inactive|KingOvershield has 30 seconds left.\n|\n|t:|1776102672\n|switch|p1b: Kommo-o|Kommo-o, L50, F|100/100\n|detailschange|p2a: Scizor|Scizor-Mega, L50, M\n|-mega|p2a: Scizor|Scizor|Scizorite\n|move|p2a: Scizor|Knock Off|p1a: Corviknight\n|-damage|p1a: Corviknight|71/100\n|-enditem|p1a: Corviknight|Leftovers|[from] move: Knock Off|[of] p2a: Scizor\n|move|p2b: Incineroar|Will-O-Wisp|p1b: Kommo-o|[miss]\n|-miss|p2b: Incineroar|p1b: Kommo-o\n|move|p1a: Corviknight|Drill Peck|p2a: Scizor\n|-damage|p2a: Scizor|75/100\n|\n|-weather|Snowscape|[upkeep]\n|upkeep\n|turn|3\n|inactive|KingOvershield has 30 seconds left.\n|inactive|KingOvershield has 20 seconds left.\n|inactive|KingOvershield has 15 seconds left.\n|inactive|KingOvershield has 10 seconds left.\n|inactive|KingOvershield has 5 seconds left.\n|\n|t:|1776102726\n|move|p2a: Scizor|Bullet Punch|p1b: Kommo-o\n|-damage|p1b: Kommo-o|73/100\n|move|p1b: Kommo-o|Close Combat|p2a: Scizor\n|-damage|p2a: Scizor|30/100\n|-unboost|p1b: Kommo-o|def|1\n|-unboost|p1b: Kommo-o|spd|1\n|-enditem|p1b: Kommo-o|White Herb\n|-clearnegativeboost|p1b: Kommo-o|[silent]\n|move|p2b: Incineroar|Parting Shot|p1b: Kommo-o\n|-unboost|p1b: Kommo-o|atk|1\n|-unboost|p1b: Kommo-o|spa|1\n|\n|t:|1776102741\n|switch|p2b: Ninetales|Ninetales-Alola, L50, F|100/100|[from] Parting Shot\n|move|p1a: Corviknight|Iron Head|p2b: Ninetales\n|-supereffective|p2b: Ninetales|2\n|-enditem|p2b: Ninetales|Focus Sash\n|-damage|p2b: Ninetales|1/100\n|\n|-weather|Snowscape|[upkeep]\n|upkeep\n|turn|4\n|inactive|Juya has 30 seconds left.\n|\n|t:|1776102770\n|switch|p2a: Sneasler|Sneasler, L50, M|100/100\n|switch|p1b: Tsareena|Tsareena, L50, F|100/100\n|move|p2b: Ninetales|Blizzard|p1b: Tsareena|[spread] p1a,p1b\n|-supereffective|p1b: Tsareena|1\n|-damage|p1a: Corviknight|38/100\n|-damage|p1b: Tsareena|30/100\n|move|p1a: Corviknight|Drill Peck|p2a: Sneasler\n|-supereffective|p2a: Sneasler|1\n|-damage|p2a: Sneasler|4/100\n|\n|-weather|Snowscape|[upkeep]\n|upkeep\n|turn|5\n|inactive|Juya has 30 seconds left.\n|inactive|KingOvershield has 30 seconds left.\n|inactive|Juya has 20 seconds left.\n|\n|t:|1776102807\n|move|p1b: Tsareena|Protect|p1b: Tsareena\n|-singleturn|p1b: Tsareena|Protect\n|move|p2a: Sneasler|Rock Slide|p1b: Tsareena|[spread] p1a\n|-activate|p1b: Tsareena|move: Protect\n|-damage|p1a: Corviknight|24/100\n|move|p2b: Ninetales|Blizzard|p1a: Corviknight|[spread] p1a\n|-activate|p1b: Tsareena|move: Protect\n|-damage|p1a: Corviknight|0 fnt\n|faint|p1a: Corviknight\n|\n|-weather|none\n|upkeep\n|\n|t:|1776102817\n|switch|p1a: Gengar|Gengar, L50, M|100/100\n|turn|6\n|\n|t:|1776102838\n|switch|p2b: Incineroar|Incineroar, L50, M|87/100\n|-ability|p2b: Incineroar|Intimidate|boost\n|-unboost|p1a: Gengar|atk|1\n|-unboost|p1b: Tsareena|atk|1\n|detailschange|p1a: Gengar|Gengar-Mega, L50, M\n|-mega|p1a: Gengar|Gengar|Gengarite\n|move|p2a: Sneasler|Coaching|p2b: Incineroar\n|-boost|p2b: Incineroar|atk|1\n|-boost|p2b: Incineroar|def|1\n|move|p1a: Gengar|Shadow Ball|p2a: Sneasler\n|-damage|p2a: Sneasler|0 fnt\n|faint|p2a: Sneasler\n|move|p1b: Tsareena|Trop Kick|p2b: Incineroar\n|-resisted|p2b: Incineroar|1\n|-crit|p2b: Incineroar\n|-damage|p2b: Incineroar|52/100\n|-unboost|p2b: Incineroar|atk|1\n|\n|upkeep\n|\n|t:|1776102863\n|switch|p2a: Ninetales|Ninetales-Alola, L50, F|1/100\n|-weather|Snowscape|[from] ability: Snow Warning|[of] p2a: Ninetales\n|turn|7\n|\n|t:|1776102882\n|move|p1a: Gengar|Sludge Bomb|p2b: Incineroar\n|-damage|p2b: Incineroar|0 fnt\n|faint|p2b: Incineroar\n|move|p2a: Ninetales|Aurora Veil|p2a: Ninetales\n|-sidestart|p2: KingOvershield|move: Aurora Veil\n|move|p1b: Tsareena|Trop Kick|p2a: Ninetales\n|-crit|p2a: Ninetales\n|-damage|p2a: Ninetales|0 fnt\n|faint|p2a: Ninetales\n|\n|-weather|Snowscape|[upkeep]\n|upkeep\n|\n|t:|1776102894\n|switch|p2b: Scizor|Scizor-Mega, L50, M|30/100\n|turn|8\n|\n|t:|1776102899\n|move|p1b: Tsareena|Protect|p1b: Tsareena\n|-singleturn|p1b: Tsareena|Protect\n|move|p1a: Gengar|Perish Song|p1a: Gengar\n|-start|p1a: Gengar|perish3|[silent]\n|-start|p1b: Tsareena|perish3|[silent]\n|-start|p2b: Scizor|perish3|[silent]\n|-fieldactivate|move: Perish Song\n|move|p2b: Scizor|Knock Off|p1a: Gengar\n|-supereffective|p1a: Gengar|1\n|-damage|p1a: Gengar|12/100\n|\n|-weather|Snowscape|[upkeep]\n|-start|p1a: Gengar|perish3\n|-start|p2b: Scizor|perish3\n|-start|p1b: Tsareena|perish3\n|upkeep\n|turn|9\n|\n|t:|1776102913\n|switch|p1b: Kommo-o|Kommo-o, L50, F|73/100\n|move|p1a: Gengar|Protect|p1a: Gengar\n|-singleturn|p1a: Gengar|Protect\n|move|p2b: Scizor|Knock Off|p1a: Gengar\n|-activate|p1a: Gengar|move: Protect\n|\n|-weather|Snowscape|[upkeep]\n|-start|p1a: Gengar|perish2\n|-start|p2b: Scizor|perish2\n|upkeep\n|turn|10\n|inactive|KingOvershield has 30 seconds left.\n|inactive|KingOvershield has 20 seconds left.\n|inactive|KingOvershield has 15 seconds left.\n|inactive|KingOvershield has 10 seconds left.\n|inactive|KingOvershield has 5 seconds left.\n|\n|t:|1776102967\n|switch|p1b: Tsareena|Tsareena, L50, F|30/100\n|move|p1a: Gengar|Shadow Ball|p2b: Scizor\n|-damage|p2b: Scizor|0 fnt\n|faint|p2b: Scizor\n|\n|win|Juya\n|raw|Juya's rating: 1090 &rarr; <strong>1121</strong><br />(+31 for winning)\n|raw|KingOvershield's rating: 1148 &rarr; <strong>1119</strong><br />(-29 for losing)\n",
  "uploadtime": 1776102977,
  "views": 13,
  "formatid": "gen9championsvgc2026regma",
  "rating": 1119,
  "private": 0,
  "password": null
}