{
  "id": "gen9championsvgc2026regma-2587803374",
  "format": "[Gen 9 Champions] VGC 2026 Reg M-A",
  "players": [
    "bobripper",
    "Fergala"
  ],
  "log": "|j|\u2606bobripper\n|j|\u2606Fergala\n|t:|1776565596\n|gametype|doubles\n|player|p1|bobripper|102|1056\n|player|p2|Fergala|lucas|1010\n|gen|9\n|tier|[Gen 9 Champions] VGC 2026 Reg M-A\n|rated|\n|rule|Species Clause: Limit one of each Pok\u00e9mon\n|rule|Item Clause: Limit 1 of each item\n|clearpoke\n|poke|p1|Alakazam, L50, F|\n|poke|p1|Drampa, L50, M|\n|poke|p1|Primarina, L50, F|\n|poke|p1|Sylveon, L50, M|\n|poke|p1|Chandelure, L50, F|\n|poke|p1|Rampardos, L50, F|\n|poke|p2|Infernape, L50, M|\n|poke|p2|Rotom-Wash, L50|\n|poke|p2|Whimsicott, L50, M, shiny|\n|poke|p2|Charizard, L50, M, shiny|\n|poke|p2|Garchomp, L50, F|\n|poke|p2|Empoleon, L50, F|\n|teampreview|4\n|inactive|Battle timer is ON: inactive players will automatically lose when time's up. (requested by Fergala)\n|inactive|bobripper has 60 seconds left.\n|inactive|Fergala has 60 seconds left.\n|inactive|Fergala has 30 seconds left.\n|inactive|Fergala has 20 seconds left.\n|\n|t:|1776565670\n|teamsize|p1|4\n|teamsize|p2|4\n|start\n|switch|p1a: Alakazam|Alakazam, L50, F|100/100\n|switch|p1b: Primarina|Primarina, L50, F|100/100\n|switch|p2a: Whimsicott|Whimsicott, L50, M, shiny|100/100\n|switch|p2b: Rotom|Rotom-Wash, L50|100/100\n|turn|1\n|inactive|bobripper has 30 seconds left.\n|inactive|bobripper has 20 seconds left.\n|\n|t:|1776565710\n|move|p1b: Primarina|Protect|p1b: Primarina\n|-singleturn|p1b: Primarina|Protect\n|move|p2a: Whimsicott|Tailwind|p2a: Whimsicott\n|-sidestart|p2: Fergala|move: Tailwind\n|move|p2b: Rotom|Volt Switch|p1b: Primarina\n|-activate|p1b: Primarina|move: Protect\n|move|p1a: Alakazam|Psychic|p2b: Rotom\n|-damage|p2b: Rotom|48/100\n|\n|-heal|p2b: Rotom|54/100|[from] item: Leftovers\n|upkeep\n|turn|2\n|inactive|bobripper has 30 seconds left.\n|inactive|bobripper has 20 seconds left.\n|inactive|bobripper has 15 seconds left.\n|inactive|bobripper has 10 seconds left.\n|\n|t:|1776565755\n|detailschange|p1a: Alakazam|Alakazam-Mega, L50, F\n|-mega|p1a: Alakazam|Alakazam|Alakazite\n|-ability|p1a: Alakazam|Prankster|Trace|[from] ability: Trace|[of] p2a: Whimsicott\n|move|p2b: Rotom|Protect|p2b: Rotom\n|-singleturn|p2b: Rotom|Protect\n|move|p2a: Whimsicott|Encore|p1b: Primarina\n|-start|p1b: Primarina|Encore\n|move|p1b: Primarina|Protect||[still]\n|-fail|p1b: Primarina\n|move|p1a: Alakazam|Psychic|p2a: Whimsicott\n|-damage|p2a: Whimsicott|18/100\n|\n|-heal|p2b: Rotom|60/100|[from] item: Leftovers\n|upkeep\n|turn|3\n|inactive|bobripper has 30 seconds left.\n|inactive|Fergala has 30 seconds left.\n|\n|t:|1776565787\n|switch|p1b: Drampa|Drampa, L50, M|100/100\n|-ability|p1b: Drampa|Cloud Nine\n|move|p2a: Whimsicott|Protect|p2a: Whimsicott\n|-singleturn|p2a: Whimsicott|Protect\n|move|p1a: Alakazam|Psychic|p2a: Whimsicott\n|-activate|p2a: Whimsicott|move: Protect\n|move|p2b: Rotom|Hydro Pump|p1a: Alakazam\n|-damage|p1a: Alakazam|41/100\n|\n|-heal|p2b: Rotom|66/100|[from] item: Leftovers\n|upkeep\n|turn|4\n|\n|t:|1776565812\n|move|p2a: Whimsicott|Moonblast|p1b: Drampa\n|-supereffective|p1b: Drampa|1\n|-damage|p1b: Drampa|26/100\n|move|p1a: Alakazam|Round|p2a: Whimsicott\n|-damage|p2a: Whimsicott|0 fnt\n|faint|p2a: Whimsicott\n|move|p1b: Drampa|Round|p2b: Rotom|[from] move: Round\n|-damage|p2b: Rotom|0 fnt\n|faint|p2b: Rotom\n|\n|-sideend|p2: Fergala|move: Tailwind\n|upkeep\n|\n|t:|1776565824\n|switch|p2a: Garchomp|Garchomp, L50, F|100/100\n|switch|p2b: Charizard|Charizard, L50, M, shiny|100/100\n|turn|5\n|\n|t:|1776565843\n|move|p1a: Alakazam|Round|p2a: Garchomp\n|-damage|p2a: Garchomp|72/100\n|move|p1b: Drampa|Round|p2a: Garchomp|[from] move: Round\n|-damage|p2a: Garchomp|0 fnt\n|faint|p2a: Garchomp\n|move|p2b: Charizard|Heat Wave|p1a: Alakazam|[spread] p1a,p1b\n|-resisted|p1b: Drampa|1\n|-damage|p1a: Alakazam|0 fnt\n|-damage|p1b: Drampa|9/100\n|faint|p1a: Alakazam\n|\n|upkeep\n|c|\u2606Fergala|wtf is round\n|\n|t:|1776565860\n|switch|p1a: Primarina|Primarina, L50, F|100/100\n|turn|6\n|c|\u2606bobripper|A shape with no corners\n|\n|t:|1776565884\n|detailschange|p2b: Charizard|Charizard-Mega-Y, L50, M, shiny\n|-mega|p2b: Charizard|Charizard|Charizardite Y\n|-weather|SunnyDay|[from] ability: Drought|[of] p2b: Charizard\n|move|p1b: Drampa|Protect|p1b: Drampa\n|-singleturn|p1b: Drampa|Protect\n|move|p2b: Charizard|Solar Beam||[still]\n|-prepare|p2b: Charizard|Solar Beam\n|move|p1a: Primarina|Hyper Voice|p2b: Charizard\n|-supereffective|p2b: Charizard|1\n|-damage|p2b: Charizard|0 fnt\n|faint|p2b: Charizard\n|\n|win|bobripper\n|raw|bobripper's rating: 1056 &rarr; <strong>1083</strong><br />(+27 for winning)\n|raw|Fergala's rating: 1010 &rarr; <strong>1000</strong><br />(-10 for losing)\n|l|\u2606Fergala\n|player|p2|\n",
  "uploadtime": 1776565900,
  "views": 14,
  "formatid": "gen9championsvgc2026regma",
  "rating": 1000,
  "private": 0,
  "password": null
}