{
  "id": "gen9championsvgc2026regma-2581393626",
  "format": "[Gen 9 Champions] VGC 2026 Reg M-A",
  "players": [
    "Kitsune.Post",
    "brochacosan"
  ],
  "log": "|j|\u2606Kitsune.Post\n|j|\u2606brochacosan\n|t:|1775995684\n|gametype|doubles\n|player|p1|Kitsune.Post|medium|1057\n|player|p2|brochacosan|1|1061\n|gen|9\n|tier|[Gen 9 Champions] VGC 2026 Reg M-A\n|rated|\n|rule|Species Clause: Limit one of each Pok\u00e9mon\n|rule|Item Clause: Limit 1 of each item\n|clearpoke\n|poke|p1|Dragonite, L50, F|\n|poke|p1|Ditto, L50|\n|poke|p1|Absol, L50, F|\n|poke|p1|Sylveon, L50, F|\n|poke|p1|Lucario, L50, M|\n|poke|p1|Whimsicott, L50, F|\n|poke|p2|Charizard, L50, F|\n|poke|p2|Venusaur, L50, F|\n|poke|p2|Garchomp, L50, F|\n|poke|p2|Rotom-Wash, L50|\n|poke|p2|Sneasler, L50, M|\n|poke|p2|Incineroar, L50, M|\n|teampreview|4\n|\n|t:|1775995716\n|teamsize|p1|4\n|teamsize|p2|4\n|start\n|switch|p1a: Whimsicott|Whimsicott, L50, F|100/100\n|switch|p1b: Ditto|Ditto, L50|100/100\n|switch|p2a: Charizard|Charizard, L50, F|100/100\n|switch|p2b: Venusaur|Venusaur, L50, F|100/100\n|-transform|p1b: Ditto|p2a: Charizard|[from] ability: Imposter\n|turn|1\n|\n|t:|1775995735\n|detailschange|p2a: Charizard|Charizard-Mega-Y, L50, F\n|-mega|p2a: Charizard|Charizard|Charizardite Y\n|-weather|SunnyDay|[from] ability: Drought|[of] p2a: Charizard\n|move|p1a: Whimsicott|Tailwind|p1a: Whimsicott\n|-sidestart|p1: Kitsune.Post|move: Tailwind\n|move|p1b: Ditto|Heat Wave|p2b: Venusaur|[spread] p2a,p2b\n|-resisted|p2a: Charizard|1\n|-supereffective|p2b: Venusaur|1\n|-damage|p2a: Charizard|60/100\n|-enditem|p2b: Venusaur|Focus Sash\n|-damage|p2b: Venusaur|1/100\n|move|p2b: Venusaur|Sludge Bomb|p1a: Whimsicott\n|-supereffective|p1a: Whimsicott|2\n|-enditem|p1a: Whimsicott|Focus Sash\n|-damage|p1a: Whimsicott|1/100\n|move|p2a: Charizard|Heat Wave|p1a: Whimsicott|[spread] p1a,p1b\n|-supereffective|p1a: Whimsicott|1\n|-resisted|p1b: Ditto|1\n|-damage|p1a: Whimsicott|0 fnt\n|-damage|p1b: Ditto|60/100\n|faint|p1a: Whimsicott\n|\n|-weather|SunnyDay|[upkeep]\n|-damage|p1b: Ditto|48/100|[from] ability: Solar Power|[of] p1b: Ditto\n|upkeep\n|\n|t:|1775995762\n|switch|p1a: Dragonite|Dragonite, L50, F|100/100\n|turn|2\n|\n|t:|1775995780\n|move|p2b: Venusaur|Protect|p2b: Venusaur\n|-singleturn|p2b: Venusaur|Protect\n|move|p2a: Charizard|Protect|p2a: Charizard\n|-singleturn|p2a: Charizard|Protect\n|move|p1a: Dragonite|Extreme Speed|p2a: Charizard\n|-activate|p2a: Charizard|move: Protect\n|move|p1b: Ditto|Heat Wave|p2a: Charizard|[spread] \n|-activate|p2a: Charizard|move: Protect\n|-activate|p2b: Venusaur|move: Protect\n|\n|-weather|SunnyDay|[upkeep]\n|-damage|p1b: Ditto|35/100|[from] ability: Solar Power|[of] p1b: Ditto\n|upkeep\n|turn|3\n|\n|t:|1775995804\n|move|p1a: Dragonite|Extreme Speed|p2a: Charizard\n|-damage|p2a: Charizard|10/100\n|move|p1b: Ditto|Heat Wave|p2a: Charizard|[spread] p2a,p2b\n|-resisted|p2a: Charizard|1\n|-supereffective|p2b: Venusaur|1\n|-damage|p2a: Charizard|0 fnt\n|-damage|p2b: Venusaur|0 fnt\n|faint|p2a: Charizard\n|faint|p2b: Venusaur\n|\n|-weather|SunnyDay|[upkeep]\n|-damage|p1b: Ditto|23/100|[from] ability: Solar Power|[of] p1b: Ditto\n|upkeep\n|\n|t:|1775995807\n|switch|p2a: Garchomp|Garchomp, L50, F|100/100\n|switch|p2b: Sneasler|Sneasler, L50, M|100/100\n|turn|4\n|\n|t:|1775995820\n|move|p1a: Dragonite|Protect|p1a: Dragonite\n|-singleturn|p1a: Dragonite|Protect\n|move|p2b: Sneasler|Fake Out|p1a: Dragonite\n|-activate|p1a: Dragonite|move: Protect\n|move|p1b: Ditto|Heat Wave|p2b: Sneasler|[spread] p2a,p2b\n|-resisted|p2a: Garchomp|1\n|-damage|p2a: Garchomp|61/100\n|-damage|p2b: Sneasler|5/100\n|move|p2a: Garchomp|Rock Slide|p1a: Dragonite|[spread] \n|-activate|p1a: Dragonite|move: Protect\n|-miss|p2a: Garchomp|p1b: Ditto\n|\n|-weather|SunnyDay|[upkeep]\n|-damage|p1b: Ditto|11/100|[from] ability: Solar Power|[of] p1b: Ditto\n|-sideend|p1: Kitsune.Post|move: Tailwind\n|upkeep\n|turn|5\n|\n|t:|1775995840\n|move|p1b: Ditto|Heat Wave|p2b: Sneasler|[spread] p2a,p2b\n|-resisted|p2a: Garchomp|1\n|-damage|p2a: Garchomp|18/100\n|-damage|p2b: Sneasler|0 fnt\n|faint|p2b: Sneasler\n|move|p2a: Garchomp|Rock Slide|p1b: Ditto|[spread] p1a,p1b\n|-supereffective|p1a: Dragonite|1\n|-supereffective|p1b: Ditto|2\n|-damage|p1a: Dragonite|54/100\n|-damage|p1b: Ditto|0 fnt\n|faint|p1b: Ditto\n|move|p1a: Dragonite|Scale Shot|p2a: Garchomp\n|-supereffective|p2a: Garchomp|1\n|-damage|p2a: Garchomp|0 fnt\n|faint|p2a: Garchomp\n|-hitcount|p2: Garchomp|1\n|\n|win|Kitsune.Post\n|raw|Kitsune.Post's rating: 1057 &rarr; <strong>1089</strong><br />(+32 for winning)\n|raw|brochacosan's rating: 1061 &rarr; <strong>1042</strong><br />(-19 for losing)\n|l|\u2606brochacosan\n|player|p2|\n",
  "uploadtime": 1775995867,
  "views": 37,
  "formatid": "gen9championsvgc2026regma",
  "rating": 1042,
  "private": 0,
  "password": null
}