{
  "id": "gen9championsvgc2026regma-2587468138",
  "format": "[Gen 9 Champions] VGC 2026 Reg M-A",
  "players": [
    "Logan Helfield",
    "lucio m"
  ],
  "log": "|j|\u2606Logan Helfield\n|j|\u2606lucio m\n|t:|1776534348\n|gametype|doubles\n|player|p1|Logan Helfield|riley|1235\n|player|p2|lucio m|265|1317\n|gen|9\n|tier|[Gen 9 Champions] VGC 2026 Reg M-A\n|rated|\n|rule|Species Clause: Limit one of each Pok\u00e9mon\n|rule|Item Clause: Limit 1 of each item\n|clearpoke\n|poke|p1|Blastoise, L50, M|\n|poke|p1|Farigiraf, L50, F|\n|poke|p1|Sinistcha-Masterpiece, L50|\n|poke|p1|Raichu, L50, M|\n|poke|p1|Goodra-Hisui, L50, F|\n|poke|p1|Pelipper, L50, F|\n|poke|p2|Charizard, L50, F|\n|poke|p2|Venusaur, L50, F|\n|poke|p2|Typhlosion-Hisui, L50, M|\n|poke|p2|Rotom-Wash, L50|\n|poke|p2|Sneasler, L50, F|\n|poke|p2|Gliscor, L50, F|\n|teampreview|4\n|j| GwenTheFop\nLogan Helfield rejected open team sheets.\n|\n|t:|1776534383\n|teamsize|p1|4\n|teamsize|p2|4\n|start\n|switch|p1a: Blastoise|Blastoise, L50, M|100/100\n|switch|p1b: Raichu|Raichu, L50, M|100/100\n|switch|p2a: Venusaur|Venusaur, L50, F|100/100\n|switch|p2b: Rotom|Rotom-Wash, L50|100/100\n|turn|1\n|\n|t:|1776534408\n|detailschange|p1a: Blastoise|Blastoise-Mega, L50, M\n|-mega|p1a: Blastoise|Blastoise|Blastoisinite\n|move|p2a: Venusaur|Protect|p2a: Venusaur\n|-singleturn|p2a: Venusaur|Protect\n|move|p1b: Raichu|Fake Out|p2a: Venusaur\n|-activate|p2a: Venusaur|move: Protect\n|move|p2b: Rotom|Hydro Pump|p1b: Raichu\n|-damage|p1b: Raichu|53/100\n|move|p1a: Blastoise|Icy Wind|p2a: Venusaur|[spread] \n|-activate|p2a: Venusaur|move: Protect\n|-miss|p1a: Blastoise|p2b: Rotom\n|\n|upkeep\n|turn|2\n|\n|t:|1776534434\n|detailschange|p2a: Venusaur|Venusaur-Mega, L50, F\n|-mega|p2a: Venusaur|Venusaur|Venusaurite\n|move|p1b: Raichu|Fake Tears|p2a: Venusaur\n|-unboost|p2a: Venusaur|spd|2\n|move|p2b: Rotom|Hydro Pump|p1b: Raichu|[miss]\n|-miss|p2b: Rotom|p1b: Raichu\n|move|p2a: Venusaur|Leaf Storm|p1a: Blastoise\n|-supereffective|p1a: Blastoise|1\n|-crit|p1a: Blastoise\n|-damage|p1a: Blastoise|0 fnt\n|-unboost|p2a: Venusaur|spa|2\n|faint|p1a: Blastoise\n|\n|upkeep\n|inactive|Battle timer is ON: inactive players will automatically lose when time's up. (requested by lucio m)\n|l| GwenTheFop\n|\n|t:|1776534449\n|switch|p1a: Goodra|Goodra-Hisui, L50, F|100/100\n|turn|3\n|\n|t:|1776534460\n|switch|p2a: Sneasler|Sneasler, L50, F|100/100\n|move|p1b: Raichu|Electroweb|p2b: Rotom|[spread] p2a,p2b\n|-damage|p2a: Sneasler|83/100\n|-damage|p2b: Rotom|88/100\n|-unboost|p2a: Sneasler|spe|1\n|-unboost|p2b: Rotom|spe|1\n|-enditem|p2a: Sneasler|White Herb\n|-clearnegativeboost|p2a: Sneasler|[silent]\n|move|p2b: Rotom|Hydro Pump|p1b: Raichu\n|-damage|p1b: Raichu|2/100\n|move|p1a: Goodra|Shelter|p1a: Goodra\n|-boost|p1a: Goodra|def|2\n|\n|upkeep\n|turn|4\n|inactive|Logan Helfield has 30 seconds left.\n|inactive|lucio m has 30 seconds left.\n|\n|t:|1776534488\n|switch|p1b: Sinistcha|Sinistcha-Masterpiece, L50|100/100\n|move|p2a: Sneasler|Fake Out|p1b: Sinistcha\n|-immune|p1b: Sinistcha\n|move|p2b: Rotom|Volt Switch|p1a: Goodra\n|-resisted|p1a: Goodra|1\n|-damage|p1a: Goodra|92/100\n|\n|t:|1776534495\n|switch|p2b: Typhlosion|Typhlosion-Hisui, L50, M|100/100|[from] Volt Switch\n|-item|p1a: Goodra|Leftovers|[from] ability: Frisk|[of] p2b: Typhlosion\n|-item|p1b: Sinistcha|Sitrus Berry|[from] ability: Frisk|[of] p2b: Typhlosion\n|move|p1a: Goodra|Heavy Slam|p2a: Sneasler\n|-damage|p2a: Sneasler|10/100\n|\n|-heal|p1a: Goodra|98/100|[from] item: Leftovers\n|upkeep\n|turn|5\n|\n|t:|1776534514\n|move|p2a: Sneasler|Close Combat|p1a: Goodra\n|-supereffective|p1a: Goodra|1\n|-damage|p1a: Goodra|33/100\n|-unboost|p2a: Sneasler|def|1\n|-unboost|p2a: Sneasler|spd|1\n|move|p2b: Typhlosion|Eruption|p1b: Sinistcha|[spread] p1a,p1b\n|-supereffective|p1b: Sinistcha|1\n|-damage|p1a: Goodra|2/100\n|-damage|p1b: Sinistcha|0 fnt\n|faint|p1b: Sinistcha\n|move|p1a: Goodra|Heavy Slam|p2b: Typhlosion\n|-resisted|p2b: Typhlosion|1\n|-damage|p2b: Typhlosion|76/100\n|\n|-heal|p1a: Goodra|8/100|[from] item: Leftovers\n|upkeep\n|-message|Logan Helfield forfeited.\n|\n|win|lucio m\n|raw|Logan Helfield's rating: 1235 &rarr; <strong>1216</strong><br />(-19 for losing)\n|raw|lucio m's rating: 1317 &rarr; <strong>1332</strong><br />(+15 for winning)\n|l|\u2606Logan Helfield\n|player|p1|\n",
  "uploadtime": 1776534530,
  "views": 16,
  "formatid": "gen9championsvgc2026regma",
  "rating": 1216,
  "private": 0,
  "password": null
}