{
  "id": "gen9championsvgc2026regma-2581660009",
  "format": "[Gen 9 Champions] VGC 2026 Reg M-A",
  "players": [
    "aquiles1995",
    "The ShimonMaster"
  ],
  "log": "|j|\u2606aquiles1995\n|j|\u2606The ShimonMaster\n|t:|1776018693\n|gametype|doubles\n|player|p1|aquiles1995|benga|1049\n|player|p2|The ShimonMaster|ingo|1000\n|gen|9\n|tier|[Gen 9 Champions] VGC 2026 Reg M-A\n|rated|\n|rule|Species Clause: Limit one of each Pok\u00e9mon\n|rule|Item Clause: Limit 1 of each item\n|clearpoke\n|poke|p1|Archaludon, L50, M|\n|poke|p1|Pelipper, L50, M|\n|poke|p1|Glimmora, L50, M|\n|poke|p1|Dragonite, L50, F|\n|poke|p1|Sneasler, L50, F|\n|poke|p1|Basculegion, L50, M|\n|poke|p2|Froslass, L50, F|\n|poke|p2|Orthworm, L50, M|\n|poke|p2|Incineroar, L50, F|\n|poke|p2|Rotom-Wash, L50|\n|poke|p2|Aerodactyl, L50, F|\n|poke|p2|Floette-Eternal, L50, F|\n|teampreview|4\nThe ShimonMaster has agreed to open team sheets.\n|inactive|Battle timer is ON: inactive players will automatically lose when time's up. (requested by The ShimonMaster)\n|\n|t:|1776018741\n|teamsize|p1|4\n|teamsize|p2|4\n|start\n|switch|p1a: Sneasler|Sneasler, L50, F|100/100\n|switch|p1b: Dragonite|Dragonite, L50, F|100/100\n|switch|p2a: Aerodactyl|Aerodactyl, L50, F|100/100\n|switch|p2b: Orthworm|Orthworm, L50, M|100/100\n|-ability|p2a: Aerodactyl|Unnerve\n|turn|1\n|inactive|aquiles1995 has 30 seconds left.\n|inactive|aquiles1995 has 20 seconds left.\n|inactive|aquiles1995 has 15 seconds left.\n|inactive|aquiles1995 has 10 seconds left.\n|\n|t:|1776018787\n|detailschange|p1b: Dragonite|Dragonite-Mega, L50, F\n|-mega|p1b: Dragonite|Dragonite|Dragoninite\n|move|p2a: Aerodactyl|Protect|p2a: Aerodactyl\n|-singleturn|p2a: Aerodactyl|Protect\n|move|p1a: Sneasler|Close Combat|p2b: Orthworm\n|-supereffective|p2b: Orthworm|1\n|-damage|p2b: Orthworm|4/100\n|-unboost|p1a: Sneasler|def|1\n|-unboost|p1a: Sneasler|spd|1\n|-enditem|p2b: Orthworm|Sitrus Berry|[eat]\n|-heal|p2b: Orthworm|29/100|[from] item: Sitrus Berry\n|move|p1b: Dragonite|Tailwind|p1b: Dragonite\n|-sidestart|p1: aquiles1995|move: Tailwind\n|move|p2b: Orthworm|Shed Tail|p2b: Orthworm\n|-fail|p2b: Orthworm|move: Shed Tail|[weak]\n|\n|upkeep\n|turn|2\n|inactive|aquiles1995 has 30 seconds left.\n|\n|t:|1776018815\n|switch|p1a: Archaludon|Archaludon, L50, M|100/100\n|move|p2b: Orthworm|Protect|p2b: Orthworm\n|-singleturn|p2b: Orthworm|Protect\n|move|p1b: Dragonite|Dragon Pulse|p2b: Orthworm\n|-activate|p2b: Orthworm|move: Protect\n|move|p2a: Aerodactyl|Dual Wingbeat|p1a: Archaludon\n|-resisted|p1a: Archaludon|1\n|-damage|p1a: Archaludon|94/100\n|-ability|p1a: Archaludon|Stamina|boost\n|-boost|p1a: Archaludon|def|1\n|-resisted|p1a: Archaludon|1\n|-damage|p1a: Archaludon|90/100\n|-ability|p1a: Archaludon|Stamina|boost\n|-boost|p1a: Archaludon|def|1\n|-hitcount|p1a: Archaludon|2\n|\n|-heal|p1a: Archaludon|96/100|[from] item: Leftovers\n|upkeep\n|turn|3\n|inactive|The ShimonMaster has 30 seconds left.\n|\n|t:|1776018845\n|move|p1b: Dragonite|Dragon Pulse|p2b: Orthworm\n|-resisted|p2b: Orthworm|1\n|-damage|p2b: Orthworm|4/100\n|move|p1a: Archaludon|Flash Cannon|p2a: Aerodactyl\n|-supereffective|p2a: Aerodactyl|1\n|-enditem|p2a: Aerodactyl|Focus Sash\n|-damage|p2a: Aerodactyl|1/100\n|move|p2a: Aerodactyl|Tailwind|p2a: Aerodactyl\n|-sidestart|p2: The ShimonMaster|move: Tailwind\n|move|p2b: Orthworm|Iron Head|p1b: Dragonite\n|-damage|p1b: Dragonite|90/100\n|\n|-heal|p1a: Archaludon|100/100|[from] item: Leftovers\n|upkeep\n|turn|4\n|inactive|aquiles1995 has 30 seconds left.\n|\n|t:|1776018875\n|move|p2a: Aerodactyl|Rock Slide|p1b: Dragonite|[spread] p1b\n|-miss|p2a: Aerodactyl|p1a: Archaludon\n|-supereffective|p1b: Dragonite|1\n|-damage|p1b: Dragonite|43/100\n|move|p1b: Dragonite|Dragon Pulse|p2b: Orthworm\n|-resisted|p2b: Orthworm|1\n|-damage|p2b: Orthworm|0 fnt\n|faint|p2b: Orthworm\n|move|p1a: Archaludon|Flash Cannon|p2a: Aerodactyl\n|-supereffective|p2a: Aerodactyl|1\n|-damage|p2a: Aerodactyl|0 fnt\n|faint|p2a: Aerodactyl\n|\n|-sideend|p1: aquiles1995|move: Tailwind\n|upkeep\n|\n|t:|1776018890\n|switch|p2a: Froslass|Froslass, L50, F|100/100\n|switch|p2b: Rotom|Rotom-Wash, L50|100/100\n|turn|5\n|\n|t:|1776018903\n|detailschange|p2a: Froslass|Froslass-Mega, L50, F\n|-mega|p2a: Froslass|Froslass|Froslassite\n|-weather|Snowscape|[from] ability: Snow Warning|[of] p2a: Froslass\n|move|p2b: Rotom|Helping Hand|p2a: Froslass\n|-singleturn|p2a: Froslass|Helping Hand|[of] p2b: Rotom\n|move|p1b: Dragonite|Protect|p1b: Dragonite\n|-singleturn|p1b: Dragonite|Protect\n|move|p2a: Froslass|Blizzard|p1a: Archaludon|[spread] p1a\n|-activate|p1b: Dragonite|move: Protect\n|-damage|p1a: Archaludon|33/100\n|-ability|p1a: Archaludon|Stamina|boost\n|-boost|p1a: Archaludon|def|1\n|move|p1a: Archaludon|Flash Cannon|p2a: Froslass\n|-supereffective|p2a: Froslass|1\n|-damage|p2a: Froslass|3/100\n|\n|-weather|Snowscape|[upkeep]\n|-heal|p1a: Archaludon|40/100|[from] item: Leftovers\n|upkeep\n|turn|6\n|\n|t:|1776018928\n|move|p2b: Rotom|Helping Hand|p2a: Froslass\n|-singleturn|p2a: Froslass|Helping Hand|[of] p2b: Rotom\n|move|p1a: Archaludon|Protect|p1a: Archaludon\n|-singleturn|p1a: Archaludon|Protect\n|move|p2a: Froslass|Blizzard|p1a: Archaludon|[spread] p1b\n|-activate|p1a: Archaludon|move: Protect\n|-supereffective|p1b: Dragonite|2\n|-damage|p1b: Dragonite|0 fnt\n|faint|p1b: Dragonite\n|\n|-weather|Snowscape|[upkeep]\n|-heal|p1a: Archaludon|46/100|[from] item: Leftovers\n|-sideend|p2: The ShimonMaster|move: Tailwind\n|upkeep\n|\n|t:|1776018940\n|switch|p1b: Sneasler|Sneasler, L50, F|100/100\n|turn|7\n|\n|t:|1776018958\n|move|p2a: Froslass|Protect|p2a: Froslass\n|-singleturn|p2a: Froslass|Protect\n|move|p1b: Sneasler|Dire Claw|p2a: Froslass\n|-activate|p2a: Froslass|move: Protect\n|move|p1a: Archaludon|Dragon Pulse|p2a: Froslass\n|-activate|p2a: Froslass|move: Protect\n|move|p2b: Rotom|Hydro Pump|p1b: Sneasler\n|-damage|p1b: Sneasler|15/100\n|\n|-weather|Snowscape|[upkeep]\n|-heal|p1a: Archaludon|52/100|[from] item: Leftovers\n|upkeep\n|turn|8\n|inactive|The ShimonMaster has 30 seconds left.\n|\n|t:|1776018984\n|move|p2a: Froslass|Protect|p2a: Froslass\n|-singleturn|p2a: Froslass|Protect\n|move|p1b: Sneasler|Dire Claw|p2a: Froslass\n|-activate|p2a: Froslass|move: Protect\n|move|p2b: Rotom|Hydro Pump|p1b: Sneasler|[miss]\n|-miss|p2b: Rotom|p1b: Sneasler\n|move|p1a: Archaludon|Dragon Pulse|p2a: Froslass\n|-activate|p2a: Froslass|move: Protect\n|\n|-weather|Snowscape|[upkeep]\n|-heal|p1a: Archaludon|58/100|[from] item: Leftovers\n|upkeep\n|turn|9\n|\n|t:|1776019001\n|move|p2b: Rotom|Helping Hand|p2a: Froslass\n|-singleturn|p2a: Froslass|Helping Hand|[of] p2b: Rotom\n|move|p2a: Froslass|Blizzard|p1b: Sneasler|[spread] p1a,p1b\n|-damage|p1a: Archaludon|0 fnt\n|-damage|p1b: Sneasler|0 fnt\n|faint|p1a: Archaludon\n|faint|p1b: Sneasler\n|\n|-weather|none\n|upkeep\n|\n|t:|1776019009\n|switch|p1b: Glimmora|Glimmora, L50, M|100/100\n|turn|10\n|\n|t:|1776019019\n|move|p2a: Froslass|Shadow Ball|p1b: Glimmora\n|-damage|p1b: Glimmora|44/100\n|-unboost|p1b: Glimmora|spd|1\n|move|p1b: Glimmora|Sludge Wave|p2a: Froslass|[spread] p2a,p2b\n|-resisted|p2a: Froslass|1\n|-damage|p2a: Froslass|0 fnt\n|-damage|p2b: Rotom|54/100\n|faint|p2a: Froslass\n|move|p2b: Rotom|Hydro Pump|p1b: Glimmora\n|-supereffective|p1b: Glimmora|1\n|-damage|p1b: Glimmora|0 fnt\n|faint|p1b: Glimmora\n|\n|win|The ShimonMaster\n|raw|aquiles1995's rating: 1049 &rarr; <strong>1029</strong><br />(-20 for losing)\n|raw|The ShimonMaster's rating: 1000 &rarr; <strong>1046</strong><br />(+46 for winning)\n|c|\u2606aquiles1995|lolllll\n",
  "uploadtime": 1776019033,
  "views": 17,
  "formatid": "gen9championsvgc2026regma",
  "rating": 1029,
  "private": 0,
  "password": null
}