{
  "id": "gen9championsvgc2026regma-2588528868",
  "format": "[Gen 9 Champions] VGC 2026 Reg M-A",
  "players": [
    "Isloe",
    "Scrubby009"
  ],
  "log": "|j|\u2606Isloe\n|j|\u2606Scrubby009\n|t:|1776641954\n|gametype|doubles\n|player|p1|Isloe|266|1319\n|player|p2|Scrubby009|skyla|1385\n|gen|9\n|tier|[Gen 9 Champions] VGC 2026 Reg M-A\n|rated|\n|rule|Species Clause: Limit one of each Pok\u00e9mon\n|rule|Item Clause: Limit 1 of each item\n|clearpoke\n|poke|p1|Snorlax, L50, M|\n|poke|p1|Sinistcha, L50|\n|poke|p1|Talonflame, L50, F|\n|poke|p1|Blastoise, L50, F|\n|poke|p1|Maushold, L50|\n|poke|p1|Gengar, L50, F|\n|poke|p2|Lopunny, L50, F, shiny|\n|poke|p2|Scizor, L50, M|\n|poke|p2|Rotom-Heat, L50|\n|poke|p2|Sinistcha, L50|\n|poke|p2|Garchomp, L50, M|\n|poke|p2|Primarina, L50, F|\n|teampreview|4\n|c|\u2606Scrubby009|glhf\n|inactive|Battle timer is ON: inactive players will automatically lose when time's up. (requested by Scrubby009)\n|\n|t:|1776641980\n|teamsize|p1|4\n|teamsize|p2|4\n|start\n|switch|p1a: Blastoise|Blastoise, L50, F|100/100\n|switch|p1b: Talonflame|Talonflame, L50, F|100/100\n|switch|p2a: B-Girl Kelly|Lopunny, L50, F, shiny|100/100\n|switch|p2b: Prime Time|Primarina, L50, F|100/100\n|turn|1\n|\n|t:|1776641999\n|detailschange|p2a: B-Girl Kelly|Lopunny-Mega, L50, F, shiny\n|-mega|p2a: B-Girl Kelly|Lopunny|Lopunnite\n|detailschange|p1a: Blastoise|Blastoise-Mega, L50, F\n|-mega|p1a: Blastoise|Blastoise|Blastoisinite\n|move|p1b: Talonflame|Protect|p1b: Talonflame\n|-singleturn|p1b: Talonflame|Protect\n|move|p1a: Blastoise|Protect|p1a: Blastoise\n|-singleturn|p1a: Blastoise|Protect\n|move|p2a: B-Girl Kelly|Fake Out|p1b: Talonflame\n|-activate|p1b: Talonflame|move: Protect\n|move|p2b: Prime Time|Calm Mind|p2b: Prime Time\n|-boost|p2b: Prime Time|spa|1\n|-boost|p2b: Prime Time|spd|1\n|\n|upkeep\n|turn|2\n|inactive|Isloe has 30 seconds left.\n|inactive|Isloe has 20 seconds left.\n|inactive|Isloe has 15 seconds left.\n|inactive|Isloe has 10 seconds left.\n|\n|t:|1776642047\n|switch|p1b: Maushold|Maushold, L50|100/100\n|move|p2a: B-Girl Kelly|Encore||[still]\n|-fail|p2a: B-Girl Kelly\n|move|p1a: Blastoise|Shell Smash|p1a: Blastoise\n|-unboost|p1a: Blastoise|def|1\n|-unboost|p1a: Blastoise|spd|1\n|-boost|p1a: Blastoise|atk|2\n|-boost|p1a: Blastoise|spa|2\n|-boost|p1a: Blastoise|spe|2\n|move|p2b: Prime Time|Moonblast|p1a: Blastoise\n|-damage|p1a: Blastoise|35/100\n|\n|upkeep\n|turn|3\n|inactive|Isloe has 30 seconds left.\n|inactive|Isloe has 20 seconds left.\n|\n|t:|1776642083\n|switch|p2a: Red Lobster|Scizor, L50, M|100/100\n|switch|p1b: Sinistcha|Sinistcha, L50|100/100\n|-heal|p1a: Blastoise|60/100|[from] ability: Hospitality|[of] p1b: Sinistcha\n|move|p1a: Blastoise|Water Spout|p2a: Red Lobster|[spread] p2a,p2b\n|-resisted|p2b: Prime Time|1\n|-damage|p2a: Red Lobster|12/100\n|-damage|p2b: Prime Time|79/100\n|move|p2b: Prime Time|Hyper Voice|p1b: Sinistcha|[spread] p1a,p1b\n|-resisted|p1a: Blastoise|1\n|-resisted|p1b: Sinistcha|1\n|-damage|p1a: Blastoise|27/100\n|-damage|p1b: Sinistcha|73/100\n|\n|-heal|p1b: Sinistcha|79/100|[from] item: Leftovers\n|-heal|p2b: Prime Time|85/100|[from] item: Leftovers\n|upkeep\n|turn|4\n|\n|t:|1776642108\n|move|p1a: Blastoise|Protect|p1a: Blastoise\n|-singleturn|p1a: Blastoise|Protect\n|move|p1b: Sinistcha|Matcha Gotcha|p2a: Red Lobster|[spread] p2a,p2b\n|-resisted|p2a: Red Lobster|2\n|-supereffective|p2b: Prime Time|1\n|-damage|p2a: Red Lobster|5/100\n|-heal|p1b: Sinistcha|82/100|[from] drain|[of] p2a: Red Lobster\n|-damage|p2b: Prime Time|54/100\n|-heal|p1b: Sinistcha|98/100|[from] drain|[of] p2b: Prime Time\n|move|p2a: Red Lobster|Swords Dance|p2a: Red Lobster\n|-boost|p2a: Red Lobster|atk|2\n|move|p2b: Prime Time|Hyper Voice|p1b: Sinistcha|[spread] p1b\n|-activate|p1a: Blastoise|move: Protect\n|-resisted|p1b: Sinistcha|1\n|-damage|p1b: Sinistcha|72/100\n|\n|-heal|p1b: Sinistcha|78/100|[from] item: Leftovers\n|-heal|p2b: Prime Time|61/100|[from] item: Leftovers\n|upkeep\n|turn|5\n|inactive|Isloe has 30 seconds left.\n|\n|t:|1776642136\n|move|p2a: Red Lobster|Bullet Punch|p1a: Blastoise\n|-resisted|p1a: Blastoise|1\n|-damage|p1a: Blastoise|0 fnt\n|faint|p1a: Blastoise\n|move|p1b: Sinistcha|Matcha Gotcha|p2a: Red Lobster|[spread] p2a,p2b\n|-resisted|p2a: Red Lobster|2\n|-crit|p2a: Red Lobster\n|-supereffective|p2b: Prime Time|1\n|-damage|p2a: Red Lobster|0 fnt\n|-heal|p1b: Sinistcha|80/100|[from] drain|[of] p2a: Red Lobster\n|-damage|p2b: Prime Time|33/100\n|-heal|p1b: Sinistcha|94/100|[from] drain|[of] p2b: Prime Time\n|faint|p2a: Red Lobster\n|move|p2b: Prime Time|Moonblast|p1b: Sinistcha\n|-damage|p1b: Sinistcha|14/100\n|\n|-heal|p1b: Sinistcha|20/100|[from] item: Leftovers\n|-heal|p2b: Prime Time|40/100|[from] item: Leftovers\n|upkeep\n|\n|t:|1776642149\n|switch|p1a: Talonflame|Talonflame, L50, F|100/100\n|switch|p2a: Terrafin|Garchomp, L50, M|100/100\n|turn|6\n|inactive|Isloe has 30 seconds left.\n|\n|t:|1776642180\n|switch|p1a: Maushold|Maushold, L50|100/100\n|move|p2a: Terrafin|Rock Slide|p1a: Maushold|[spread] p1a,p1b\n|-damage|p1a: Maushold|70/100\n|-damage|p1b: Sinistcha|8/100\n|move|p1b: Sinistcha|Matcha Gotcha|p2a: Terrafin|[spread] p2a,p2b\n|-crit|p2a: Terrafin\n|-supereffective|p2b: Prime Time|1\n|-damage|p2a: Terrafin|62/100\n|-heal|p1b: Sinistcha|28/100|[from] drain|[of] p2a: Terrafin\n|-damage|p2b: Prime Time|11/100\n|-heal|p1b: Sinistcha|42/100|[from] drain|[of] p2b: Prime Time\n|move|p2b: Prime Time|Hyper Voice|p1a: Maushold|[spread] p1a,p1b\n|-crit|p1a: Maushold\n|-resisted|p1b: Sinistcha|1\n|-damage|p1a: Maushold|0 fnt\n|-damage|p1b: Sinistcha|23/100\n|faint|p1a: Maushold\n|\n|-heal|p1b: Sinistcha|29/100|[from] item: Leftovers\n|-heal|p2b: Prime Time|18/100|[from] item: Leftovers\n|upkeep\n|\n|t:|1776642193\n|switch|p1a: Talonflame|Talonflame, L50, F|100/100\n|turn|7\n|\n|t:|1776642217\n|move|p2b: Prime Time|Protect|p2b: Prime Time\n|-singleturn|p2b: Prime Time|Protect\n|move|p1a: Talonflame|Tailwind|p1a: Talonflame\n|-sidestart|p1: Isloe|move: Tailwind\n|move|p2a: Terrafin|Rock Slide|p1b: Sinistcha|[spread] p1a,p1b\n|-supereffective|p1a: Talonflame|2\n|-enditem|p1a: Talonflame|Focus Sash\n|-damage|p1a: Talonflame|1/100\n|-damage|p1b: Sinistcha|12/100\n|move|p1b: Sinistcha|Matcha Gotcha|p2a: Terrafin|[spread] p2a\n|-activate|p2b: Prime Time|move: Protect\n|-damage|p2a: Terrafin|36/100\n|-heal|p1b: Sinistcha|26/100|[from] drain|[of] p2a: Terrafin\n|\n|-heal|p1b: Sinistcha|32/100|[from] item: Leftovers\n|-heal|p2b: Prime Time|24/100|[from] item: Leftovers\n|upkeep\n|turn|8\n|\n|t:|1776642233\n|move|p1a: Talonflame|Protect|p1a: Talonflame\n|-singleturn|p1a: Talonflame|Protect\n|move|p2a: Terrafin|Rock Slide|p1a: Talonflame|[spread] p1b\n|-activate|p1a: Talonflame|move: Protect\n|-damage|p1b: Sinistcha|15/100\n|cant|p1b: Sinistcha|flinch\n|move|p2b: Prime Time|Hyper Voice|p1a: Talonflame|[spread] p1b\n|-activate|p1a: Talonflame|move: Protect\n|-resisted|p1b: Sinistcha|1\n|-damage|p1b: Sinistcha|0 fnt\n|faint|p1b: Sinistcha\n|\n|-heal|p2b: Prime Time|30/100|[from] item: Leftovers\n|upkeep\n|turn|9\n|\n|t:|1776642243\n|move|p1a: Talonflame|Brave Bird|p2b: Prime Time\n|-damage|p2b: Prime Time|0 fnt\n|faint|p2b: Prime Time\n|-damage|p1a: Talonflame|0 fnt|[from] Recoil\n|faint|p1a: Talonflame\n|\n|win|Scrubby009\n|raw|Isloe's rating: 1319 &rarr; <strong>1303</strong><br />(-16 for losing)\n|raw|Scrubby009's rating: 1385 &rarr; <strong>1401</strong><br />(+16 for winning)\n|c|\u2606Scrubby009|gg\n|l|\u2606Isloe\n|player|p1|\n",
  "uploadtime": 1776642262,
  "views": 26,
  "formatid": "gen9championsvgc2026regma",
  "rating": 1303,
  "private": 0,
  "password": null
}