{
  "id": "gen9championsvgc2026regma-2587337124",
  "format": "[Gen 9 Champions] VGC 2026 Reg M-A",
  "players": [
    "Larrenbawer",
    "g00fin"
  ],
  "log": "|j|\u2606Larrenbawer\n|j|\u2606g00fin\n|t:|1776523235\n|gametype|doubles\n|player|p1|Larrenbawer|170|1324\n|player|p2|g00fin|ingo|1253\n|gen|9\n|tier|[Gen 9 Champions] VGC 2026 Reg M-A\n|rated|\n|rule|Species Clause: Limit one of each Pok\u00e9mon\n|rule|Item Clause: Limit 1 of each item\n|clearpoke\n|poke|p1|Gardevoir, L50, M, shiny|\n|poke|p1|Maushold-Four, L50|\n|poke|p1|Talonflame, L50, F|\n|poke|p1|Kingambit, L50, M, shiny|\n|poke|p1|Basculegion, L50, M, shiny|\n|poke|p1|Garchomp, L50, F, shiny|\n|poke|p2|Kleavor, L50, M|\n|poke|p2|Sneasler, L50, M|\n|poke|p2|Gyarados, L50, M|\n|poke|p2|Meganium, L50, F|\n|poke|p2|Farigiraf, L50, F|\n|poke|p2|Empoleon, L50, M|\n|teampreview|4\n|\n|t:|1776523281\n|teamsize|p1|4\n|teamsize|p2|4\n|start\n|switch|p1a: Gardevoir|Gardevoir, L50, M, shiny|100/100\n|switch|p1b: Maushold|Maushold-Four, L50|100/100\n|switch|p2a: Kleavor|Kleavor, L50, M|100/100\n|switch|p2b: Sneasler|Sneasler, L50, M|100/100\n|turn|1\n|\n|t:|1776523296\n|detailschange|p1a: Gardevoir|Gardevoir-Mega, L50, M, shiny\n|-mega|p1a: Gardevoir|Gardevoir|Gardevoirite\n|move|p2b: Sneasler|Fake Out|p1b: Maushold\n|-damage|p1b: Maushold|80/100\n|cant|p1b: Maushold|flinch\n|move|p2a: Kleavor|Stone Axe|p1a: Gardevoir\n|-damage|p1a: Gardevoir|42/100\n|-sidestart|p1: Larrenbawer|move: Stealth Rock\n|move|p1a: Gardevoir|Psyshock|p2b: Sneasler\n|-supereffective|p2b: Sneasler|2\n|-damage|p2b: Sneasler|0 fnt\n|faint|p2b: Sneasler\n|\n|upkeep\n|\n|t:|1776523313\n|switch|p2b: Empoleon|Empoleon, L50, M|100/100\n|turn|2\n|\n|t:|1776523328\n|move|p1b: Maushold|Follow Me|p1b: Maushold\n|-singleturn|p1b: Maushold|move: Follow Me\n|move|p2a: Kleavor|Stone Axe|p1b: Maushold|[miss]\n|-miss|p2a: Kleavor|p1b: Maushold\n|move|p2b: Empoleon|Flash Cannon|p1b: Maushold\n|-damage|p1b: Maushold|38/100\n|move|p1a: Gardevoir|Trick Room|p1a: Gardevoir\n|-fieldstart|move: Trick Room|[of] p1a: Gardevoir\n|\n|upkeep\n|turn|3\n|\n|t:|1776523346\n|move|p1a: Gardevoir|Protect|p1a: Gardevoir\n|-singleturn|p1a: Gardevoir|Protect\n|move|p2b: Empoleon|Flash Cannon|p1a: Gardevoir\n|-activate|p1a: Gardevoir|move: Protect\n|move|p1b: Maushold|Super Fang|p2b: Empoleon\n|-damage|p2b: Empoleon|51/100\n|move|p2a: Kleavor|Stone Axe|p1a: Gardevoir\n|-activate|p1a: Gardevoir|move: Protect\n|\n|-heal|p2b: Empoleon|57/100|[from] item: Leftovers\n|upkeep\n|turn|4\n|\n|t:|1776523368\n|move|p1b: Maushold|Follow Me|p1b: Maushold\n|-singleturn|p1b: Maushold|move: Follow Me\n|move|p2b: Empoleon|Flash Cannon|p1b: Maushold\n|-damage|p1b: Maushold|0 fnt\n|faint|p1b: Maushold\n|move|p1a: Gardevoir|Hyper Voice|p2a: Kleavor|[spread] p2a,p2b\n|-resisted|p2b: Empoleon|1\n|-damage|p2a: Kleavor|18/100\n|-damage|p2b: Empoleon|33/100\n|move|p2a: Kleavor|Stone Axe|p1a: Gardevoir|[miss]\n|-miss|p2a: Kleavor|p1a: Gardevoir\n|\n|-heal|p2b: Empoleon|39/100|[from] item: Leftovers\n|upkeep\n|\n|t:|1776523392\n|switch|p1b: Basculegion|Basculegion, L50, M, shiny|100/100\n|-damage|p1b: Basculegion|88/100|[from] Stealth Rock\n|turn|5\n|\n|t:|1776523417\n|move|p1a: Gardevoir|Protect|p1a: Gardevoir\n|-singleturn|p1a: Gardevoir|Protect\n|move|p1b: Basculegion|Aqua Jet|p2a: Kleavor\n|-supereffective|p2a: Kleavor|1\n|-damage|p2a: Kleavor|0 fnt\n|faint|p2a: Kleavor\n|move|p2b: Empoleon|Flash Cannon|p1a: Gardevoir\n|-activate|p1a: Gardevoir|move: Protect\n|\n|-heal|p2b: Empoleon|45/100|[from] item: Leftovers\n|upkeep\n|\n|t:|1776523419\n|switch|p2a: Meganium|Meganium, L50, F|100/100\n|turn|6\n|\n|t:|1776523442\n|switch|p1a: Garchomp|Garchomp, L50, F, shiny|100/100\n|-damage|p1a: Garchomp|95/100|[from] Stealth Rock\n|detailschange|p2a: Meganium|Meganium-Mega, L50, F\n|-mega|p2a: Meganium|Meganium|Meganiumite\n|move|p1b: Basculegion|Protect|p1b: Basculegion\n|-singleturn|p1b: Basculegion|Protect\n|move|p2b: Empoleon|Flash Cannon|p1a: Garchomp\n|-damage|p1a: Garchomp|58/100\n|move|p2a: Meganium|Solar Beam||[still]\n|-prepare|p2a: Meganium|Solar Beam\n|-activate|p2a: Meganium|ability: Mega Sol\n|-anim|p2a: Meganium|Solar Beam|p1b: Basculegion\n|-activate|p1b: Basculegion|move: Protect\n|\n|-heal|p2b: Empoleon|51/100|[from] item: Leftovers\n|-fieldend|move: Trick Room\n|upkeep\n|turn|7\n|\n|t:|1776523494\n|move|p2a: Meganium|Protect|p2a: Meganium\n|-singleturn|p2a: Meganium|Protect\n|move|p1a: Garchomp|Rock Slide|p2a: Meganium|[spread] p2b\n|-activate|p2a: Meganium|move: Protect\n|-resisted|p2b: Empoleon|1\n|-damage|p2b: Empoleon|41/100\n|move|p1b: Basculegion|Last Respects|p2a: Meganium\n|-activate|p2a: Meganium|move: Protect\n|move|p2b: Empoleon|Icy Wind|p1a: Garchomp|[spread] p1a,p1b\n|-supereffective|p1a: Garchomp|2\n|-resisted|p1b: Basculegion|1\n|-damage|p1a: Garchomp|4/100\n|-damage|p1b: Basculegion|82/100\n|-unboost|p1a: Garchomp|spe|1\n|-unboost|p1b: Basculegion|spe|1\n|-enditem|p1a: Garchomp|White Herb\n|-clearnegativeboost|p1a: Garchomp|[silent]\n|\n|-heal|p2b: Empoleon|47/100|[from] item: Leftovers\n|upkeep\n|turn|8\n|\n|t:|1776523519\n|move|p2b: Empoleon|Protect|p2b: Empoleon\n|-singleturn|p2b: Empoleon|Protect\n|move|p1a: Garchomp|Rock Slide|p2b: Empoleon|[spread] p2a\n|-activate|p2b: Empoleon|move: Protect\n|-damage|p2a: Meganium|81/100\n|cant|p2a: Meganium|flinch\n|move|p1b: Basculegion|Last Respects|p2b: Empoleon\n|-activate|p2b: Empoleon|move: Protect\n|\n|-heal|p2b: Empoleon|53/100|[from] item: Leftovers\n|upkeep\n|turn|9\n|c|\u2606g00fin|Well gg\n|\n|t:|1776523543\n|move|p1a: Garchomp|Rock Slide|p2a: Meganium|[spread] p2a,p2b\n|-resisted|p2b: Empoleon|1\n|-damage|p2a: Meganium|63/100\n|-damage|p2b: Empoleon|43/100\n|cant|p2a: Meganium|flinch\n|move|p2b: Empoleon|Icy Wind|p1a: Garchomp|[spread] p1a,p1b\n|-supereffective|p1a: Garchomp|2\n|-resisted|p1b: Basculegion|1\n|-damage|p1a: Garchomp|0 fnt\n|-damage|p1b: Basculegion|77/100\n|-unboost|p1b: Basculegion|spe|1\n|faint|p1a: Garchomp\n|move|p1b: Basculegion|Last Respects|p2b: Empoleon\n|-damage|p2b: Empoleon|0 fnt\n|faint|p2b: Empoleon\n|\n|upkeep\n|\n|t:|1776523561\n|switch|p1a: Gardevoir|Gardevoir-Mega, L50, M, shiny|42/100\n|-damage|p1a: Gardevoir|30/100|[from] Stealth Rock\n|turn|10\n|c|\u2606g00fin|Statistics fear me\n|\n|t:|1776523583\n|move|p1a: Gardevoir|Hyper Voice|p2a: Meganium\n|-damage|p2a: Meganium|4/100\n|move|p2a: Meganium|Dazzling Gleam|p1a: Gardevoir|[spread] p1a,p1b\n|-crit|p1a: Gardevoir\n|-damage|p1a: Gardevoir|0 fnt\n|-damage|p1b: Basculegion|41/100\n|-enditem|p1b: Basculegion|Sitrus Berry|[eat]\n|-heal|p1b: Basculegion|65/100|[from] item: Sitrus Berry\n|faint|p1a: Gardevoir\n|move|p1b: Basculegion|Last Respects|p2a: Meganium\n|-damage|p2a: Meganium|0 fnt\n|faint|p2a: Meganium\n|\n|win|Larrenbawer\n|raw|Larrenbawer's rating: 1324 &rarr; <strong>1340</strong><br />(+16 for winning)\n|raw|g00fin's rating: 1253 &rarr; <strong>1233</strong><br />(-20 for losing)\n|c|\u2606Larrenbawer|xd\n|c|\u2606Larrenbawer|i got lucky\n|c|\u2606Larrenbawer|gg\n|c|\u2606g00fin|Gg\n",
  "uploadtime": 1776523597,
  "views": 25,
  "formatid": "gen9championsvgc2026regma",
  "rating": 1233,
  "private": 0,
  "password": null
}