{
  "id": "gen9championsvgc2026regma-2580951313",
  "format": "[Gen 9 Champions] VGC 2026 Reg M-A",
  "players": [
    "TrasEgo",
    "Tuesy"
  ],
  "log": "|j|\u2606TrasEgo\n|j|\u2606Tuesy\n|t:|1775946088\n|gametype|doubles\n|player|p1|TrasEgo|n|1000\n|player|p2|Tuesy|101|1080\n|gen|9\n|tier|[Gen 9 Champions] VGC 2026 Reg M-A\n|rated|\n|rule|Species Clause: Limit one of each Pok\u00e9mon\n|rule|Item Clause: Limit 1 of each item\n|clearpoke\n|poke|p1|Archaludon, L50, F|\n|poke|p1|Castform, L50, M|\n|poke|p1|Basculegion, L50, M|\n|poke|p1|Charizard, L50, M|\n|poke|p1|Venusaur, L50, F|\n|poke|p1|Blastoise, L50, F|\n|poke|p2|Gengar, L50, F|\n|poke|p2|Whimsicott, L50, M|\n|poke|p2|Incineroar, L50, M|\n|poke|p2|Rotom-Wash, L50|\n|poke|p2|Politoed, L50, F|\n|poke|p2|Archaludon, L50, F|\n|teampreview|4\n|\n|t:|1775946105\n|teamsize|p1|4\n|teamsize|p2|4\n|start\n|switch|p1a: Blastoise|Blastoise, L50, F|100/100\n|switch|p1b: Archaludon|Archaludon, L50, F|100/100\n|switch|p2a: Gengar|Gengar, L50, F|100/100\n|switch|p2b: Incineroar|Incineroar, L50, M|100/100\n|-ability|p2b: Incineroar|Intimidate|boost\n|-unboost|p1a: Blastoise|atk|1\n|-unboost|p1b: Archaludon|atk|1\n|turn|1\n|\n|t:|1775946132\n|switch|p1b: Castform|Castform, L50, M|100/100\n|detailschange|p2a: Gengar|Gengar-Mega, L50, F\n|-mega|p2a: Gengar|Gengar|Gengarite\n|move|p2b: Incineroar|Fake Out|p1b: Castform\n|-damage|p1b: Castform|84/100\n|move|p2a: Gengar|Perish Song|p2a: Gengar\n|-start|p1a: Blastoise|perish3|[silent]\n|-start|p1b: Castform|perish3|[silent]\n|-start|p2a: Gengar|perish3|[silent]\n|-start|p2b: Incineroar|perish3|[silent]\n|-fieldactivate|move: Perish Song\n|move|p1a: Blastoise|Water Spout|p2b: Incineroar|[spread] p2a,p2b\n|-supereffective|p2b: Incineroar|1\n|-damage|p2a: Gengar|57/100\n|-damage|p2b: Incineroar|47/100\n|-enditem|p2b: Incineroar|Sitrus Berry|[eat]\n|-heal|p2b: Incineroar|72/100|[from] item: Sitrus Berry\n|\n|-start|p2a: Gengar|perish3\n|-start|p1b: Castform|perish3\n|-start|p1a: Blastoise|perish3\n|-start|p2b: Incineroar|perish3\n|upkeep\n|turn|2\n|\n|t:|1775946162\n|move|p2a: Gengar|Protect|p2a: Gengar\n|-singleturn|p2a: Gengar|Protect\n|move|p2b: Incineroar|Protect|p2b: Incineroar\n|-singleturn|p2b: Incineroar|Protect\n|move|p1b: Castform|Rain Dance|p1b: Castform\n|-weather|RainDance\n|-formechange|p1b: Castform|Castform-Rainy|[msg]|[from] ability: Forecast\n|move|p1a: Blastoise|Water Spout|p2b: Incineroar|[spread] \n|-activate|p2a: Gengar|move: Protect\n|-activate|p2b: Incineroar|move: Protect\n|\n|-weather|RainDance|[upkeep]\n|-start|p2a: Gengar|perish2\n|-start|p1b: Castform|perish2\n|-start|p1a: Blastoise|perish2\n|-start|p2b: Incineroar|perish2\n|upkeep\n|turn|3\n|\n|t:|1775946200\n|switch|p2a: Archaludon|Archaludon, L50, F|100/100\n|move|p1b: Castform|Weather Ball|p2a: Archaludon\n|-resisted|p2a: Archaludon|1\n|-damage|p2a: Archaludon|58/100\n|move|p1a: Blastoise|Water Spout|p2a: Archaludon|[spread] p2a,p2b\n|-resisted|p2a: Archaludon|1\n|-supereffective|p2b: Incineroar|1\n|-damage|p2a: Archaludon|14/100\n|-damage|p2b: Incineroar|0 fnt\n|faint|p2b: Incineroar\n|\n|-weather|RainDance|[upkeep]\n|-start|p1b: Castform|perish1\n|-start|p1a: Blastoise|perish1\n|upkeep\n|\n|t:|1775946218\n|switch|p2b: Gengar|Gengar-Mega, L50, F|57/100\n|turn|4\n|\n|t:|1775946250\n|move|p2b: Gengar|Protect|p2b: Gengar\n|-singleturn|p2b: Gengar|Protect\n|move|p2a: Archaludon|Protect|p2a: Archaludon\n|-singleturn|p2a: Archaludon|Protect\n|move|p1b: Castform|Rain Dance||[still]\n|-fail|p1b: Castform\n|move|p1a: Blastoise|Water Spout|p2b: Gengar|[spread] \n|-activate|p2a: Archaludon|move: Protect\n|-activate|p2b: Gengar|move: Protect\n|\n|-weather|RainDance|[upkeep]\n|-start|p1b: Castform|perish0\n|-start|p1a: Blastoise|perish0\n|faint|p1b: Castform\n|faint|p1a: Blastoise\n|upkeep\n|\n|t:|1775946263\n|switch|p1b: Basculegion|Basculegion, L50, M|100/100\n|switch|p1a: Archaludon|Archaludon, L50, F|100/100\n|turn|5\n|\n|t:|1775946299\n|switch|p2b: Politoed|Politoed, L50, F|100/100\n|move|p1b: Basculegion|Waterfall|p2b: Politoed\n|-resisted|p2b: Politoed|1\n|-damage|p2b: Politoed|75/100\n|move|p2a: Archaludon|Electro Shot||[still]\n|-prepare|p2a: Archaludon|Electro Shot\n|-boost|p2a: Archaludon|spa|1\n|-anim|p2a: Archaludon|Electro Shot|p1b: Basculegion\n|-supereffective|p1b: Basculegion|1\n|-damage|p1b: Basculegion|0 fnt\n|faint|p1b: Basculegion\n|move|p1a: Archaludon|Electro Shot||[still]\n|-prepare|p1a: Archaludon|Electro Shot\n|-boost|p1a: Archaludon|spa|1\n|-anim|p1a: Archaludon|Electro Shot|p2b: Politoed\n|-supereffective|p2b: Politoed|1\n|-damage|p2b: Politoed|0 fnt\n|faint|p2b: Politoed\n|\n|-weather|RainDance|[upkeep]\n|upkeep\n|\n|t:|1775946319\n|switch|p2b: Gengar|Gengar-Mega, L50, F|57/100\n|turn|6\n|\n|t:|1775946339\n|move|p2b: Gengar|Disable|p1a: Archaludon\n|-start|p1a: Archaludon|Disable|Electro Shot\n|move|p2a: Archaludon|Electro Shot||[still]\n|-prepare|p2a: Archaludon|Electro Shot\n|-boost|p2a: Archaludon|spa|1\n|-anim|p2a: Archaludon|Electro Shot|p1a: Archaludon\n|-resisted|p1a: Archaludon|1\n|-damage|p1a: Archaludon|41/100\n|-ability|p1a: Archaludon|Stamina|boost\n|-boost|p1a: Archaludon|def|1\n|cant|p1a: Archaludon|Disable|Electro Shot\n|\n|-weather|none\n|-heal|p1a: Archaludon|47/100|[from] item: Leftovers\n|upkeep\n|turn|7\n|\n|t:|1775946375\n|move|p2b: Gengar|Protect|p2b: Gengar\n|-singleturn|p2b: Gengar|Protect\n|move|p2a: Archaludon|Draco Meteor|p1a: Archaludon\n|-damage|p1a: Archaludon|0 fnt\n|-unboost|p2a: Archaludon|spa|2\n|faint|p1a: Archaludon\n|\n|win|Tuesy\n|raw|TrasEgo's rating: 1000 &rarr; <strong>1000</strong><br />(+0 for losing)\n|raw|Tuesy's rating: 1080 &rarr; <strong>1102</strong><br />(+22 for winning)\n",
  "uploadtime": 1775946390,
  "views": 18,
  "formatid": "gen9championsvgc2026regma",
  "rating": 1000,
  "private": 0,
  "password": null
}