{
  "id": "gen9championsvgc2026regma-2585505409",
  "format": "[Gen 9 Champions] VGC 2026 Reg M-A",
  "players": [
    "AlejoB7",
    "dkapflzksh"
  ],
  "log": "|j|\u2606AlejoB7\n|j|\u2606dkapflzksh\n|t:|1776352062\n|gametype|doubles\n|player|p1|AlejoB7|blaine|1453\n|player|p2|dkapflzksh|scientist-gen4dp|1410\n|gen|9\n|tier|[Gen 9 Champions] VGC 2026 Reg M-A\n|rated|\n|rule|Species Clause: Limit one of each Pok\u00e9mon\n|rule|Item Clause: Limit 1 of each item\n|clearpoke\n|poke|p1|Charizard, L50, M|\n|poke|p1|Kingambit, L50, F|\n|poke|p1|Aerodactyl, L50, M|\n|poke|p1|Floette-Eternal, L50, F|\n|poke|p1|Sneasler, L50, M|\n|poke|p1|Garchomp, L50, M|\n|poke|p2|Basculegion, L50, M|\n|poke|p2|Dragonite, L50, M|\n|poke|p2|Archaludon, L50, M|\n|poke|p2|Pelipper, L50, M|\n|poke|p2|Floette-Eternal, L50, F|\n|poke|p2|Kingambit, L50, F|\n|teampreview|4\n|inactive|Battle timer is ON: inactive players will automatically lose when time's up. (requested by AlejoB7)\n|j| GentleH\n|l| GentleH\n|inactive|AlejoB7 has 60 seconds left.\n|inactive|dkapflzksh has 60 seconds left.\n|\n|t:|1776352103\n|teamsize|p1|4\n|teamsize|p2|4\n|start\n|switch|p1a: Aerodactyl|Aerodactyl, L50, M|100/100\n|switch|p1b: Kingambit|Kingambit, L50, F|100/100\n|switch|p2a: Pelipper|Pelipper, L50, M, shiny|100/100\n|switch|p2b: Basculegion|Basculegion, L50, M, shiny|100/100\n|-ability|p1a: Aerodactyl|Unnerve\n|-weather|RainDance|[from] ability: Drizzle|[of] p2a: Pelipper\n|turn|1\n|j| GentleH\n|l| GentleH\n|inactive|AlejoB7 has 30 seconds left.\n|\n|t:|1776352131\n|switch|p2b: Archaludon|Archaludon, L50, M, shiny|100/100\n|move|p1a: Aerodactyl|Tailwind|p1a: Aerodactyl\n|-sidestart|p1: AlejoB7|move: Tailwind\n|move|p1b: Kingambit|Kowtow Cleave|p2a: Pelipper\n|-damage|p2a: Pelipper|32/100\n|move|p2a: Pelipper|Tailwind|p2a: Pelipper\n|-sidestart|p2: dkapflzksh|move: Tailwind\n|\n|-weather|RainDance|[upkeep]\n|upkeep\n|turn|2\n|inactive|AlejoB7 has 30 seconds left.\n|inactive|dkapflzksh has 30 seconds left.\n|inactive|dkapflzksh has 20 seconds left.\n|inactive|dkapflzksh has 15 seconds left.\n|\n|t:|1776352180\n|switch|p1a: Garchomp|Garchomp, L50, M|100/100\n|move|p2a: Pelipper|Wide Guard|p2a: Pelipper\n|-singleturn|p2a: Pelipper|Wide Guard\n|move|p1b: Kingambit|Sucker Punch||[still]\n|-fail|p1b: Kingambit\n|move|p2b: Archaludon|Electro Shot||[still]\n|-prepare|p2b: Archaludon|Electro Shot\n|-boost|p2b: Archaludon|spa|1\n|-anim|p2b: Archaludon|Electro Shot|p1b: Kingambit\n|-damage|p1b: Kingambit|45/100\n|\n|-weather|RainDance|[upkeep]\n|upkeep\n|turn|3\n|inactive|AlejoB7 has 30 seconds left.\n|\n|t:|1776352208\n|move|p2b: Archaludon|Protect|p2b: Archaludon\n|-singleturn|p2b: Archaludon|Protect\n|move|p1b: Kingambit|Protect|p1b: Kingambit\n|-singleturn|p1b: Kingambit|Protect\n|move|p1a: Garchomp|Stomping Tantrum|p2b: Archaludon\n|-activate|p2b: Archaludon|move: Protect\n|move|p2a: Pelipper|Weather Ball|p1a: Garchomp\n|-damage|p1a: Garchomp|33/100\n|\n|-weather|RainDance|[upkeep]\n|upkeep\n|turn|4\n|\n|t:|1776352233\n|switch|p2a: Basculegion|Basculegion, L50, M, shiny|100/100\n|move|p1a: Garchomp|Stomping Tantrum|p2b: Archaludon\n|-supereffective|p2b: Archaludon|1\n|-damage|p2b: Archaludon|35/100\n|-ability|p2b: Archaludon|Stamina|boost\n|-boost|p2b: Archaludon|def|1\n|move|p2b: Archaludon|Aura Sphere|p1b: Kingambit\n|-supereffective|p1b: Kingambit|2\n|-damage|p1b: Kingambit|0 fnt\n|faint|p1b: Kingambit\n|\n|-weather|RainDance|[upkeep]\n|-heal|p2b: Archaludon|41/100|[from] item: Leftovers\n|-sideend|p1: AlejoB7|move: Tailwind\n|-sideend|p2: dkapflzksh|move: Tailwind\n|upkeep\n|\n|t:|1776352244\n|switch|p1b: Aerodactyl|Aerodactyl, L50, M|100/100\n|-ability|p1b: Aerodactyl|Unnerve\n|turn|5\n|\n|t:|1776352257\n|switch|p1a: Floette|Floette-Eternal, L50, F|100/100\n|move|p2a: Basculegion|Liquidation|p1a: Floette\n|-damage|p1a: Floette|3/100\n|move|p1b: Aerodactyl|Tailwind|p1b: Aerodactyl\n|-sidestart|p1: AlejoB7|move: Tailwind\n|move|p2b: Archaludon|Electro Shot||[still]\n|-prepare|p2b: Archaludon|Electro Shot\n|-boost|p2b: Archaludon|spa|1\n|-anim|p2b: Archaludon|Electro Shot|p1b: Aerodactyl\n|-supereffective|p1b: Aerodactyl|1\n|-enditem|p1b: Aerodactyl|Focus Sash\n|-damage|p1b: Aerodactyl|1/100\n|\n|-weather|none\n|-heal|p2b: Archaludon|47/100|[from] item: Leftovers\n|upkeep\n|turn|6\n|\n|t:|1776352276\n|switch|p2a: Pelipper|Pelipper, L50, M, shiny|32/100\n|-weather|RainDance|[from] ability: Drizzle|[of] p2a: Pelipper\n|detailschange|p1a: Floette|Floette-Mega, L50, F\n|-mega|p1a: Floette|Floette|Floettite\n|-ability|p1a: Floette|Fairy Aura\n|move|p2b: Archaludon|Protect|p2b: Archaludon\n|-singleturn|p2b: Archaludon|Protect\n|move|p1b: Aerodactyl|Rock Slide|p2b: Archaludon|[spread] p2a\n|-activate|p2b: Archaludon|move: Protect\n|-supereffective|p2a: Pelipper|1\n|-damage|p2a: Pelipper|0 fnt\n|faint|p2a: Pelipper\n|move|p1a: Floette|Dazzling Gleam|p2b: Archaludon\n|-activate|p2b: Archaludon|move: Protect\n|\n|-weather|RainDance|[upkeep]\n|-heal|p2b: Archaludon|54/100|[from] item: Leftovers\n|upkeep\n|\n|t:|1776352293\n|switch|p2a: Basculegion|Basculegion, L50, M, shiny|100/100\n|turn|7\n|\n|t:|1776352318\n|move|p2a: Basculegion|Aqua Jet|p1a: Floette\n|-damage|p1a: Floette|0 fnt\n|faint|p1a: Floette\n|move|p1b: Aerodactyl|Rock Slide|p2b: Archaludon|[spread] p2a,p2b\n|-resisted|p2b: Archaludon|1\n|-damage|p2a: Basculegion|67/100\n|-damage|p2b: Archaludon|47/100\n|-ability|p2b: Archaludon|Stamina|boost\n|-boost|p2b: Archaludon|def|1\n|cant|p2b: Archaludon|flinch\n|\n|-weather|RainDance|[upkeep]\n|-heal|p2b: Archaludon|54/100|[from] item: Leftovers\n|upkeep\n|c|\u2606AlejoB7|gg, you played better\n|\n|t:|1776352324\n|switch|p1a: Garchomp|Garchomp, L50, M|33/100\n|turn|8\n|\n|t:|1776352334\n|move|p2a: Basculegion|Aqua Jet|p1a: Garchomp\n|-damage|p1a: Garchomp|0 fnt\n|-damage|p2a: Basculegion|54/100|[from] ability: Rough Skin|[of] p1a: Garchomp\n|faint|p1a: Garchomp\n|move|p1b: Aerodactyl|Rock Slide|p2b: Archaludon|[spread] p2a,p2b\n|-resisted|p2b: Archaludon|1\n|-damage|p2a: Basculegion|20/100\n|-damage|p2b: Archaludon|49/100\n|-ability|p2b: Archaludon|Stamina|boost\n|-boost|p2b: Archaludon|def|1\n|move|p2b: Archaludon|Electro Shot||[still]\n|-prepare|p2b: Archaludon|Electro Shot\n|-boost|p2b: Archaludon|spa|1\n|-anim|p2b: Archaludon|Electro Shot|p1b: Aerodactyl\n|-supereffective|p1b: Aerodactyl|1\n|-damage|p1b: Aerodactyl|0 fnt\n|faint|p1b: Aerodactyl\n|\n|win|dkapflzksh\n|raw|AlejoB7's rating: 1453 &rarr; <strong>1431</strong><br />(-22 for losing)\n|raw|dkapflzksh's rating: 1410 &rarr; <strong>1432</strong><br />(+22 for winning)\n|l|\u2606dkapflzksh\n|player|p2|\n|l|\u2606AlejoB7\n|player|p1|\n",
  "uploadtime": 1776352335,
  "views": 53,
  "formatid": "gen9championsvgc2026regma",
  "rating": 1431,
  "private": 0,
  "password": null
}