{
  "id": "gen9championsvgc2026regma-2583124523",
  "format": "[Gen 9 Champions] VGC 2026 Reg M-A",
  "players": [
    "konopacz",
    "Thunder7639VGC"
  ],
  "log": "|j|\u2606konopacz\n|j|\u2606Thunder7639VGC\n|t:|1776144933\n|gametype|doubles\n|player|p1|konopacz|2|\n|player|p2|Thunder7639VGC|102|\n|gen|9\n|tier|[Gen 9 Champions] VGC 2026 Reg M-A\n|rated|Tournament battle\n|rule|Species Clause: Limit one of each Pok\u00e9mon\n|rule|Item Clause: Limit 1 of each item\n|raw|<div class=\"infobox\"><details class=\"readmore\" open><summary><strong>1 custom rule:</strong></summary> Force Open Team Sheets</details></div>\n|clearpoke\n|poke|p1|Manectric, L50, F|\n|poke|p1|Sinistcha, L50|\n|poke|p1|Incineroar, L50, M|\n|poke|p1|Pelipper, L50, M|\n|poke|p1|Kangaskhan, L50, F|\n|poke|p1|Basculegion, L50, M|\n|poke|p2|Tyranitar, L50, F|\n|poke|p2|Excadrill, L50, M|\n|poke|p2|Incineroar, L50, F|\n|poke|p2|Sinistcha, L50|\n|poke|p2|Rotom-Wash, L50|\n|poke|p2|Dragonite, L50, F|\n|teampreview|4\n|showteam|p1|Manectric||Manectite|LightningRod|VoltSwitch,Thunder,Snarl,Protect|||F|||50|]Sinistcha||OccaBerry|Hospitality|MatchaGotcha,StrengthSap,RagePowder,Protect||||||50|]Incineroar||SitrusBerry|Intimidate|FakeOut,FlareBlitz,PartingShot,DarkestLariat|||M|||50|]Pelipper||FocusSash|Drizzle|Hurricane,WeatherBall,Tailwind,Protect|||M|||50|]Kangaskhan||Kangaskhanite|Scrappy|SuckerPunch,FakeOut,DoubleEdge,Protect|||F|||50|]Basculegion||MysticWater|SwiftSwim|AquaJet,LastRespects,WaveCrash,Protect|||M|||50|\n|showteam|p2|Tyranitar||ChopleBerry|SandStream|KnockOff,RockSlide,Protect,StompingTantrum|||F|||50|]Excadrill||Excadrite|SandRush|Earthquake,Protect,IronHead,StompingTantrum|||M|||50|]Incineroar||ShucaBerry|Intimidate|FakeOut,PartingShot,WillOWisp,FlareBlitz|||F|||50|]Sinistcha||MentalHerb|Hospitality|MatchaGotcha,TrickRoom,LifeDew,RagePowder||||||50|]Rotom-Wash||ChoiceScarf|Levitate|HydroPump,Electroweb,Thunderbolt,VoltSwitch||||||50|]Dragonite||Dragoninite|Multiscale|DragonPulse,Protect,Hurricane,Thunderbolt|||F|||50|\n|j| VARANSPIRE 3\n|j| pipievgc103\n|c|\u2606Thunder7639VGC|glhf\n|c|\u2606konopacz|glhf\n|j| Koalaboss257\n|j| bowmane\n|l| pipievgc103\n|j| N0rthana\n|j| OnToTheOther\n|\n|t:|1776144975\n|teamsize|p1|4\n|teamsize|p2|4\n|start\n|switch|p1a: Manectric|Manectric, L50, F|100/100\n|switch|p1b: Sinistcha|Sinistcha, L50|100/100\n|switch|p2a: Incineroar|Incineroar, L50, F|100/100\n|switch|p2b: Rotom|Rotom-Wash, L50|100/100\n|-ability|p2a: Incineroar|Intimidate|boost\n|-unboost|p1a: Manectric|atk|1\n|-unboost|p1b: Sinistcha|atk|1\n|turn|1\n|\n|t:|1776145002\n|move|p1a: Manectric|Protect|p1a: Manectric\n|-singleturn|p1a: Manectric|Protect\n|move|p2b: Rotom|Electroweb|p1a: Manectric|[spread] p1b\n|-activate|p1a: Manectric|move: Protect\n|-resisted|p1b: Sinistcha|1\n|-damage|p1b: Sinistcha|92/100\n|-unboost|p1b: Sinistcha|spe|1\n|move|p2a: Incineroar|Parting Shot|p1a: Manectric\n|-activate|p1a: Manectric|move: Protect\n|move|p1b: Sinistcha|Matcha Gotcha|p2b: Rotom|[spread] p2a\n|-miss|p1b: Sinistcha|p2b: Rotom\n|-resisted|p2a: Incineroar|1\n|-damage|p2a: Incineroar|91/100\n|-heal|p1b: Sinistcha|98/100|[from] drain|[of] p2a: Incineroar\n|\n|upkeep\n|turn|2\n|\n|t:|1776145035\n|switch|p2b: Excadrill|Excadrill, L50, M|100/100\n|detailschange|p1a: Manectric|Manectric-Mega, L50, F\n|-mega|p1a: Manectric|Manectric|Manectite\n|-ability|p1a: Manectric|Intimidate|boost\n|-unboost|p2a: Incineroar|atk|1\n|-unboost|p2b: Excadrill|atk|1\n|move|p1a: Manectric|Volt Switch|p2a: Incineroar\n|-damage|p2a: Incineroar|62/100\n|\n|t:|1776145048\n|switch|p1a: Basculegion|Basculegion, L50, M|100/100|[from] Volt Switch\n|move|p2a: Incineroar|Flare Blitz|p1b: Sinistcha\n|-supereffective|p1b: Sinistcha|1\n|-enditem|p1b: Sinistcha|Occa Berry|[eat]\n|-enditem|p1b: Sinistcha|Occa Berry|[weaken]\n|-damage|p1b: Sinistcha|69/100\n|-damage|p2a: Incineroar|54/100|[from] Recoil\n|move|p1b: Sinistcha|Matcha Gotcha|p2a: Incineroar|[spread] p2a,p2b\n|-resisted|p2a: Incineroar|1\n|-damage|p2a: Incineroar|44/100\n|-heal|p1b: Sinistcha|75/100|[from] drain|[of] p2a: Incineroar\n|-damage|p2b: Excadrill|65/100\n|-heal|p1b: Sinistcha|94/100|[from] drain|[of] p2b: Excadrill\n|\n|upkeep\n|turn|3\n|j|+holdingb\n|j| jpkl500\n|\n|t:|1776145134\n|switch|p1b: Pelipper|Pelipper, L50, M|100/100\n|-weather|RainDance|[from] ability: Drizzle|[of] p1b: Pelipper\n|move|p1a: Basculegion|Aqua Jet|p2b: Excadrill\n|-supereffective|p2b: Excadrill|1\n|-damage|p2b: Excadrill|0 fnt\n|faint|p2b: Excadrill\n|move|p2a: Incineroar|Will-O-Wisp|p1a: Basculegion\n|-status|p1a: Basculegion|brn\n|\n|-weather|RainDance|[upkeep]\n|-damage|p1a: Basculegion|94/100 brn|[from] brn\n|upkeep\n|j| drwyz\n|\n|t:|1776145143\n|switch|p2b: Tyranitar|Tyranitar, L50, F|100/100\n|-weather|Sandstorm|[from] ability: Sand Stream|[of] p2b: Tyranitar\n|turn|4\n|l| drwyz\n|\n|t:|1776145162\n|switch|p1b: Manectric|Manectric-Mega, L50, F|100/100\n|-ability|p1b: Manectric|Intimidate|boost\n|-unboost|p2a: Incineroar|atk|1\n|-unboost|p2b: Tyranitar|atk|1\n|switch|p2a: Rotom|Rotom-Wash, L50|100/100\n|move|p1a: Basculegion|Wave Crash|p2a: Rotom\n|-resisted|p2a: Rotom|1\n|-damage|p2a: Rotom|75/100\n|-damage|p1a: Basculegion|89/100 brn|[from] Recoil\n|move|p2b: Tyranitar|Rock Slide|p1a: Basculegion|[spread] p1a\n|-miss|p2b: Tyranitar|p1b: Manectric\n|-damage|p1a: Basculegion|61/100 brn\n|\n|-weather|Sandstorm|[upkeep]\n|-damage|p2a: Rotom|70/100|[from] Sandstorm\n|-damage|p1b: Manectric|94/100|[from] Sandstorm\n|-damage|p1a: Basculegion|55/100 brn|[from] Sandstorm\n|-damage|p1a: Basculegion|49/100 brn|[from] brn\n|upkeep\n|turn|5\n|l| VARANSPIRE 3\n|\n|t:|1776145200\n|move|p1a: Basculegion|Protect|p1a: Basculegion\n|-singleturn|p1a: Basculegion|Protect\n|move|p2a: Rotom|Electroweb|p1b: Manectric|[spread] p1b\n|-activate|p1a: Basculegion|move: Protect\n|-resisted|p1b: Manectric|1\n|-damage|p1b: Manectric|80/100\n|-unboost|p1b: Manectric|spe|1\n|move|p1b: Manectric|Snarl|p2a: Rotom|[spread] p2a,p2b\n|-resisted|p2b: Tyranitar|1\n|-damage|p2a: Rotom|49/100\n|-damage|p2b: Tyranitar|96/100\n|-unboost|p2a: Rotom|spa|1\n|-unboost|p2b: Tyranitar|spa|1\n|move|p2b: Tyranitar|Stomping Tantrum|p1b: Manectric\n|-supereffective|p1b: Manectric|1\n|-damage|p1b: Manectric|26/100\n|\n|-weather|Sandstorm|[upkeep]\n|-damage|p2a: Rotom|44/100|[from] Sandstorm\n|-damage|p1b: Manectric|20/100|[from] Sandstorm\n|-damage|p1a: Basculegion|43/100 brn|[from] Sandstorm\n|-damage|p1a: Basculegion|37/100 brn|[from] brn\n|upkeep\n|turn|6\n|j| VARANSPIRE 3\n|\n|t:|1776145227\n|switch|p1a: Sinistcha|Sinistcha, L50|94/100\n|-heal|p1b: Manectric|44/100|[from] ability: Hospitality|[of] p1a: Sinistcha\n|move|p2b: Tyranitar|Protect|p2b: Tyranitar\n|-singleturn|p2b: Tyranitar|Protect\n|move|p2a: Rotom|Electroweb|p1a: Sinistcha|[spread] p1a,p1b\n|-resisted|p1a: Sinistcha|1\n|-resisted|p1b: Manectric|1\n|-damage|p1a: Sinistcha|88/100\n|-damage|p1b: Manectric|36/100\n|-unboost|p1a: Sinistcha|spe|1\n|-unboost|p1b: Manectric|spe|1\n|move|p1b: Manectric|Volt Switch|p2a: Rotom\n|-damage|p2a: Rotom|0 fnt\n|faint|p2a: Rotom\n|\n|t:|1776145243\n|switch|p1b: Pelipper|Pelipper, L50, M|100/100|[from] Volt Switch\n|-weather|RainDance|[from] ability: Drizzle|[of] p1b: Pelipper\n|\n|-weather|RainDance|[upkeep]\n|upkeep\n|\n|t:|1776145246\n|switch|p2a: Incineroar|Incineroar, L50, F|44/100\n|-ability|p2a: Incineroar|Intimidate|boost\n|-unboost|p1a: Sinistcha|atk|1\n|-unboost|p1b: Pelipper|atk|1\n|turn|7\n|l| VARANSPIRE 3\n|j| Bloertcher\n|j| VARANSPIRE 3\n|\n|t:|1776145266\n|move|p1b: Pelipper|Protect|p1b: Pelipper\n|-singleturn|p1b: Pelipper|Protect\n|move|p2a: Incineroar|Parting Shot|p1b: Pelipper\n|-activate|p1b: Pelipper|move: Protect\n|move|p2b: Tyranitar|Rock Slide|p1a: Sinistcha|[spread] p1a\n|-activate|p1b: Pelipper|move: Protect\n|-damage|p1a: Sinistcha|71/100\n|cant|p1a: Sinistcha|flinch\n|\n|-weather|RainDance|[upkeep]\n|upkeep\n|turn|8\n|l| Bloertcher\n|l| VARANSPIRE 3\n|\n|t:|1776145311\n|move|p1b: Pelipper|Weather Ball|p2a: Incineroar\n|-supereffective|p2a: Incineroar|1\n|-damage|p2a: Incineroar|0 fnt\n|faint|p2a: Incineroar\n|move|p2b: Tyranitar|Rock Slide|p1b: Pelipper|[spread] p1a,p1b\n|-supereffective|p1b: Pelipper|1\n|-damage|p1a: Sinistcha|53/100\n|-damage|p1b: Pelipper|46/100\n|move|p1a: Sinistcha|Strength Sap|p2b: Tyranitar\n|-unboost|p2b: Tyranitar|atk|1\n|-heal|p1a: Sinistcha|100/100\n|\n|-weather|RainDance|[upkeep]\n|upkeep\n|turn|9\n|\n|t:|1776145322\n|move|p1b: Pelipper|Weather Ball|p2b: Tyranitar\n|-supereffective|p2b: Tyranitar|1\n|-damage|p2b: Tyranitar|0 fnt\n|faint|p2b: Tyranitar\n|\n|win|konopacz\n|n|\u2606konopacz|konopacz\n|n|\u2606Thunder7639VGC|thunder7639vgc\n|n| Koalaboss257|koalaboss257\n|n| bowmane|bowmane\n|n| N0rthana|n0rthana\n|n| OnToTheOther|ontotheother\n|n| holdingb|holdingb\n|n| jpkl500|jpkl500\n",
  "uploadtime": 1776145322,
  "views": 13,
  "formatid": "gen9championsvgc2026regma",
  "rating": null,
  "private": 0,
  "password": null
}