{
  "id": "gen9championsvgc2026regma-2588619325",
  "format": "[Gen 9 Champions] VGC 2026 Reg M-A",
  "players": [
    "Masqueicoul",
    "Kaazarav"
  ],
  "log": "|j|\u2606Masqueicoul\n|j|\u2606Kaazarav\n|t:|1776650735\n|gametype|doubles\n|player|p1|Masqueicoul|n|1098\n|player|p2|Kaazarav|veteran|1097\n|gen|9\n|tier|[Gen 9 Champions] VGC 2026 Reg M-A\n|rated|\n|rule|Species Clause: Limit one of each Pok\u00e9mon\n|rule|Item Clause: Limit 1 of each item\n|clearpoke\n|poke|p1|Absol, L50, F|\n|poke|p1|Incineroar, L50, M|\n|poke|p1|Froslass, L50, F|\n|poke|p1|Goodra-Hisui, L50, M|\n|poke|p1|Clefable, L50, M|\n|poke|p1|Meowscarada, L50, M|\n|poke|p2|Whimsicott, L50, F|\n|poke|p2|Kommo-o, L50, M|\n|poke|p2|Sneasler, L50, M|\n|poke|p2|Basculegion, L50, M|\n|poke|p2|Glimmora, L50, M|\n|poke|p2|Ninetales-Alola, L50, M|\n|teampreview|4\n|inactive|Battle timer is ON: inactive players will automatically lose when time's up. (requested by Kaazarav)\nMasqueicoul rejected open team sheets.\n|\n|t:|1776650765\n|teamsize|p1|4\n|teamsize|p2|4\n|start\n|switch|p1a: Incineroar|Incineroar, L50, M|100/100\n|switch|p1b: Froslass|Froslass, L50, F|100/100\n|switch|p2a: Sneasler|Sneasler, L50, M|100/100\n|switch|p2b: Kommo-o|Kommo-o, L50, M|100/100\n|-ability|p1a: Incineroar|Intimidate|boost\n|-unboost|p2a: Sneasler|atk|1\n|-unboost|p2b: Kommo-o|atk|1\n|-enditem|p2a: Sneasler|White Herb\n|-clearnegativeboost|p2a: Sneasler|[silent]\n|turn|1\n|\n|t:|1776650785\n|switch|p2b: Glimmora|Glimmora, L50, M|100/100\n|move|p1b: Froslass|Protect|p1b: Froslass\n|-singleturn|p1b: Froslass|Protect\n|move|p2a: Sneasler|Fake Out|p1a: Incineroar\n|-crit|p1a: Incineroar\n|-damage|p1a: Incineroar|74/100\n|cant|p1a: Incineroar|flinch\n|\n|upkeep\n|turn|2\n|\n|t:|1776650807\n|detailschange|p1b: Froslass|Froslass-Mega, L50, F\n|-mega|p1b: Froslass|Froslass|Froslassite\n|-weather|Snowscape|[from] ability: Snow Warning|[of] p1b: Froslass\n|detailschange|p2b: Glimmora|Glimmora-Mega, L50, M\n|-mega|p2b: Glimmora|Glimmora|Glimmoranite\n|move|p2a: Sneasler|Dire Claw|p1b: Froslass\n|-resisted|p1b: Froslass|1\n|-damage|p1b: Froslass|74/100\n|-status|p1b: Froslass|psn\n|move|p1b: Froslass|Blizzard|p2a: Sneasler|[spread] p2a,p2b\n|-damage|p2a: Sneasler|42/100\n|-damage|p2b: Glimmora|51/100\n|move|p2b: Glimmora|Power Gem|p1a: Incineroar\n|-supereffective|p1a: Incineroar|1\n|-damage|p1a: Incineroar|0 fnt\n|faint|p1a: Incineroar\n|\n|-weather|Snowscape|[upkeep]\n|-damage|p1b: Froslass|61/100 psn|[from] psn\n|upkeep\n|\n|t:|1776650826\n|switch|p1a: Meowscarada|Meowscarada, L50, M|100/100\n|turn|3\n|\n|t:|1776650837\n|move|p2a: Sneasler|Protect|p2a: Sneasler\n|-singleturn|p2a: Sneasler|Protect\n|move|p2b: Glimmora|Spiky Shield|p2b: Glimmora\n|-singleturn|p2b: Glimmora|move: Protect\n|move|p1b: Froslass|Blizzard|p2b: Glimmora|[spread] \n|-activate|p2a: Sneasler|move: Protect\n|-activate|p2b: Glimmora|move: Protect\n|move|p1a: Meowscarada|Flower Trick|p2b: Glimmora\n|-activate|p2b: Glimmora|move: Protect\n|\n|-weather|Snowscape|[upkeep]\n|-damage|p1b: Froslass|49/100 psn|[from] psn\n|upkeep\n|turn|4\n|\n|t:|1776650854\n|move|p2a: Sneasler|Dire Claw|p1a: Meowscarada\n|-supereffective|p1a: Meowscarada|1\n|-crit|p1a: Meowscarada\n|-enditem|p1a: Meowscarada|Focus Sash\n|-damage|p1a: Meowscarada|1/100\n|move|p1b: Froslass|Blizzard|p2b: Glimmora|[spread] p2a,p2b\n|-damage|p2a: Sneasler|0 fnt\n|-damage|p2b: Glimmora|0 fnt\n|faint|p2a: Sneasler\n|faint|p2b: Glimmora\n|move|p1a: Meowscarada|Flower Trick|p2: Sneasler|[notarget]\n|-fail|p1a: Meowscarada\n|\n|-weather|Snowscape|[upkeep]\n|-damage|p1b: Froslass|36/100 psn|[from] psn\n|upkeep\n|\n|t:|1776650861\n|switch|p2a: Kommo-o|Kommo-o, L50, M|100/100\n|switch|p2b: Whimsicott|Whimsicott, L50, F|100/100\n|turn|5\n|\n|t:|1776650877\n|move|p2b: Whimsicott|Protect|p2b: Whimsicott\n|-singleturn|p2b: Whimsicott|Protect\n|move|p2a: Kommo-o|Protect|p2a: Kommo-o\n|-singleturn|p2a: Kommo-o|Protect\n|move|p1b: Froslass|Blizzard|p2b: Whimsicott|[spread] \n|-activate|p2a: Kommo-o|move: Protect\n|-activate|p2b: Whimsicott|move: Protect\n|move|p1a: Meowscarada|U-turn|p2b: Whimsicott\n|-activate|p2b: Whimsicott|move: Protect\n|\n|-weather|Snowscape|[upkeep]\n|-damage|p1b: Froslass|24/100 psn|[from] psn\n|upkeep\n|turn|6\n|\n|t:|1776650894\n|move|p2b: Whimsicott|Tailwind|p2b: Whimsicott\n|-sidestart|p2: Kaazarav|move: Tailwind\n|move|p2a: Kommo-o|Clanging Scales|p1b: Froslass|[spread] p1a,p1b\n|-damage|p1a: Meowscarada|0 fnt\n|-damage|p1b: Froslass|0 fnt\n|faint|p1a: Meowscarada\n|faint|p1b: Froslass\n|-unboost|p2a: Kommo-o|def|1\n|\n|-weather|none\n|upkeep\n|-message|Masqueicoul forfeited.\n|\n|win|Kaazarav\n|raw|Masqueicoul's rating: 1098 &rarr; <strong>1073</strong><br />(-25 for losing)\n|raw|Kaazarav's rating: 1097 &rarr; <strong>1123</strong><br />(+26 for winning)\n|l|\u2606Masqueicoul\n|player|p1|\n",
  "uploadtime": 1776650904,
  "views": 4,
  "formatid": "gen9championsvgc2026regma",
  "rating": 1073,
  "private": 0,
  "password": null
}