{
  "id": "gen9championsvgc2026regma-2584605664",
  "format": "[Gen 9 Champions] VGC 2026 Reg M-A",
  "players": [
    "ALW2242",
    "amarillaria"
  ],
  "log": "|j|\u2606ALW2242\n|j|\u2606amarillaria\n|t:|1776271665\n|gametype|doubles\n|player|p1|ALW2242|blue-gen1rbchampion|1157\n|player|p2|amarillaria|unknown|1099\n|gen|9\n|tier|[Gen 9 Champions] VGC 2026 Reg M-A\n|rated|\n|rule|Species Clause: Limit one of each Pok\u00e9mon\n|rule|Item Clause: Limit 1 of each item\n|clearpoke\n|poke|p1|Sneasler, L50, M|\n|poke|p1|Incineroar, L50, M|\n|poke|p1|Sinistcha, L50|\n|poke|p1|Pelipper, L50, F|\n|poke|p1|Aggron, L50, M|\n|poke|p1|Sylveon, L50, F|\n|poke|p2|Tyranitar, L50, M|\n|poke|p2|Aerodactyl, L50, M|\n|poke|p2|Garchomp, L50, F|\n|poke|p2|Glimmora, L50, F|\n|poke|p2|Incineroar, L50, F|\n|poke|p2|Basculegion, L50, M|\n|teampreview|4\n|inactive|Battle timer is ON: inactive players will automatically lose when time's up. (requested by ALW2242)\nALW2242 rejected open team sheets.\n|inactive|amarillaria has 60 seconds left.\n|\n|t:|1776271701\n|teamsize|p1|4\n|teamsize|p2|4\n|start\n|switch|p1a: Aggron|Aggron, L50, M|100/100\n|switch|p1b: Incineroar|Incineroar, L50, M|100/100\n|switch|p2a: Aerodactyl|Aerodactyl, L50, M|100/100\n|switch|p2b: Garchomp|Garchomp, L50, F|100/100\n|-ability|p2a: Aerodactyl|Unnerve\n|-ability|p1b: Incineroar|Intimidate|boost\n|-unboost|p2a: Aerodactyl|atk|1\n|-unboost|p2b: Garchomp|atk|1\n|turn|1\n|\n|t:|1776271714\n|detailschange|p1a: Aggron|Aggron-Mega, L50, M\n|-mega|p1a: Aggron|Aggron|Aggronite\n|move|p1b: Incineroar|Fake Out|p2b: Garchomp\n|-damage|p2b: Garchomp|89/100\n|-damage|p1b: Incineroar|88/100|[from] ability: Rough Skin|[of] p2b: Garchomp\n|move|p2a: Aerodactyl|Tailwind|p2a: Aerodactyl\n|-sidestart|p2: amarillaria|move: Tailwind\n|cant|p2b: Garchomp|flinch\n|move|p1a: Aggron|Iron Defense|p1a: Aggron\n|-boost|p1a: Aggron|def|2\n|\n|upkeep\n|turn|2\n|inactive|amarillaria has 30 seconds left.\n|\n|t:|1776271747\n|switch|p2b: Glimmora|Glimmora, L50, F|100/100\n|move|p2a: Aerodactyl|Rock Slide|p1a: Aggron|[spread] p1a,p1b\n|-resisted|p1a: Aggron|1\n|-supereffective|p1b: Incineroar|1\n|-crit|p1b: Incineroar\n|-damage|p1a: Aggron|99/100\n|-damage|p1b: Incineroar|28/100\n|cant|p1b: Incineroar|flinch\n|move|p1a: Aggron|Iron Defense|p1a: Aggron\n|-boost|p1a: Aggron|def|2\n|\n|upkeep\n|turn|3\n|\n|t:|1776271770\n|switch|p1b: Sinistcha|Sinistcha, L50|100/100\n|-heal|p1a: Aggron|100/100|[from] ability: Hospitality|[of] p1b: Sinistcha\n|detailschange|p2b: Glimmora|Glimmora-Mega, L50, F\n|-mega|p2b: Glimmora|Glimmora|Glimmoranite\n|move|p1a: Aggron|Protect|p1a: Aggron\n|-singleturn|p1a: Aggron|Protect\n|move|p2a: Aerodactyl|Dual Wingbeat|p1b: Sinistcha\n|-supereffective|p1b: Sinistcha|1\n|-damage|p1b: Sinistcha|76/100\n|-supereffective|p1b: Sinistcha|1\n|-damage|p1b: Sinistcha|54/100\n|-hitcount|p1b: Sinistcha|2\n|move|p2b: Glimmora|Earth Power|p1a: Aggron\n|-activate|p1a: Aggron|move: Protect\n|\n|-heal|p1b: Sinistcha|61/100|[from] item: Leftovers\n|upkeep\n|turn|4\n|\n|t:|1776271791\n|move|p1b: Sinistcha|Rage Powder|p1b: Sinistcha\n|-singleturn|p1b: Sinistcha|move: Rage Powder\n|move|p2a: Aerodactyl|Dual Wingbeat|p1b: Sinistcha\n|-supereffective|p1b: Sinistcha|1\n|-damage|p1b: Sinistcha|37/100\n|-supereffective|p1b: Sinistcha|1\n|-damage|p1b: Sinistcha|13/100\n|-hitcount|p1b: Sinistcha|2\n|move|p2b: Glimmora|Earth Power|p1b: Sinistcha\n|-resisted|p1b: Sinistcha|1\n|-damage|p1b: Sinistcha|0 fnt\n|faint|p1b: Sinistcha\n|move|p1a: Aggron|Body Press|p2b: Glimmora\n|-damage|p2b: Glimmora|0 fnt\n|faint|p2b: Glimmora\n|\n|-sideend|p2: amarillaria|move: Tailwind\n|upkeep\n|\n|t:|1776271809\n|switch|p2b: Basculegion|Basculegion, L50, M|100/100\n|switch|p1b: Sneasler|Sneasler, L50, M|100/100\n|turn|5\n|\n|t:|1776271831\n|switch|p1b: Incineroar|Incineroar, L50, M|28/100\n|-ability|p1b: Incineroar|Intimidate|boost\n|-unboost|p2a: Aerodactyl|atk|1\n|-unboost|p2b: Basculegion|atk|1\n|move|p2a: Aerodactyl|Tailwind|p2a: Aerodactyl\n|-sidestart|p2: amarillaria|move: Tailwind\n|move|p2b: Basculegion|Flip Turn|p1b: Incineroar\n|-supereffective|p1b: Incineroar|1\n|-damage|p1b: Incineroar|0 fnt\n|faint|p1b: Incineroar\n|\n|t:|1776271840\n|switch|p2b: Garchomp|Garchomp, L50, F|89/100|[from] Flip Turn\n|move|p1a: Aggron|Body Press|p2a: Aerodactyl\n|-enditem|p2a: Aerodactyl|Focus Sash\n|-damage|p2a: Aerodactyl|1/100\n|\n|upkeep\n|\n|t:|1776271847\n|switch|p1b: Sneasler|Sneasler, L50, M|100/100\n|turn|6\n|\n|t:|1776271859\n|move|p2a: Aerodactyl|Protect|p2a: Aerodactyl\n|-singleturn|p2a: Aerodactyl|Protect\n|move|p1b: Sneasler|Fake Out|p2a: Aerodactyl\n|-activate|p2a: Aerodactyl|move: Protect\n|move|p2b: Garchomp|Earthquake|p1b: Sneasler|[spread] p1a,p1b\n|-activate|p2a: Aerodactyl|move: Protect\n|-supereffective|p1a: Aggron|1\n|-supereffective|p1b: Sneasler|1\n|-damage|p1a: Aggron|92/100\n|-enditem|p1b: Sneasler|Focus Sash\n|-damage|p1b: Sneasler|1/100\n|move|p1a: Aggron|Body Press|p2b: Garchomp\n|-damage|p2b: Garchomp|0 fnt\n|-damage|p1a: Aggron|80/100|[from] ability: Rough Skin|[of] p2b: Garchomp\n|faint|p2b: Garchomp\n|\n|upkeep\n|\n|t:|1776271875\n|switch|p2b: Basculegion|Basculegion, L50, M|100/100\n|turn|7\n|\n|t:|1776271894\n|move|p2a: Aerodactyl|Rock Slide|p1a: Aggron|[spread] p1a,p1b\n|-resisted|p1a: Aggron|1\n|-crit|p1a: Aggron\n|-resisted|p1b: Sneasler|1\n|-damage|p1a: Aggron|72/100\n|-damage|p1b: Sneasler|0 fnt\n|faint|p1b: Sneasler\n|move|p2b: Basculegion|Last Respects|p1a: Aggron\n|-damage|p1a: Aggron|57/100\n|move|p1a: Aggron|Heavy Slam|p2b: Basculegion\n|-resisted|p2b: Basculegion|1\n|-damage|p2b: Basculegion|78/100\n|\n|upkeep\n|turn|8\n|\n|t:|1776271910\n|move|p2a: Aerodactyl|Rock Slide|p1a: Aggron\n|-resisted|p1a: Aggron|1\n|-damage|p1a: Aggron|55/100\n|move|p2b: Basculegion|Last Respects|p1a: Aggron\n|-damage|p1a: Aggron|41/100\n|move|p1a: Aggron|Heavy Slam|p2b: Basculegion\n|-resisted|p2b: Basculegion|1\n|-damage|p2b: Basculegion|54/100\n|\n|-sideend|p2: amarillaria|move: Tailwind\n|upkeep\n|turn|9\n|\n|t:|1776271920\n|move|p2a: Aerodactyl|Rock Slide|p1a: Aggron\n|-resisted|p1a: Aggron|1\n|-damage|p1a: Aggron|39/100\n|move|p2b: Basculegion|Last Respects|p1a: Aggron\n|-damage|p1a: Aggron|22/100\n|move|p1a: Aggron|Heavy Slam|p2b: Basculegion\n|-resisted|p2b: Basculegion|1\n|-damage|p2b: Basculegion|31/100\n|\n|upkeep\n|turn|10\n|\n|t:|1776271937\n|move|p2a: Aerodactyl|Rock Slide|p1a: Aggron\n|-resisted|p1a: Aggron|1\n|-crit|p1a: Aggron\n|-damage|p1a: Aggron|10/100\n|move|p2b: Basculegion|Last Respects|p1a: Aggron\n|-damage|p1a: Aggron|0 fnt\n|faint|p1a: Aggron\n|\n|win|amarillaria\n|raw|ALW2242's rating: 1157 &rarr; <strong>1128</strong><br />(-29 for losing)\n|raw|amarillaria's rating: 1099 &rarr; <strong>1128</strong><br />(+29 for winning)\n|c|\u2606ALW2242|damn gg\n|c|\u2606amarillaria|GG\n",
  "uploadtime": 1776271945,
  "views": 17,
  "formatid": "gen9championsvgc2026regma",
  "rating": 1128,
  "private": 0,
  "password": null
}