{
  "id": "gen9championsvgc2026regma-2583173473",
  "format": "[Gen 9 Champions] VGC 2026 Reg M-A",
  "players": [
    "25528989d",
    "Hibisscus"
  ],
  "log": "|j|\u260625528989d\n|j|\u2606Hibisscus\n|t:|1776150932\n|gametype|doubles\n|player|p1|25528989d|roxie-masters|1081\n|player|p2|Hibisscus|iris-gen5bw2|1052\n|gen|9\n|tier|[Gen 9 Champions] VGC 2026 Reg M-A\n|rated|\n|rule|Species Clause: Limit one of each Pok\u00e9mon\n|rule|Item Clause: Limit 1 of each item\n|clearpoke\n|poke|p1|Charizard, L50, M|\n|poke|p1|Tyranitar, L50, F|\n|poke|p1|Gyarados, L50, M|\n|poke|p1|Garchomp, L50, M|\n|poke|p1|Rotom-Mow, L50|\n|poke|p1|Lucario, L50, F|\n|poke|p2|Froslass, L50, F|\n|poke|p2|Orthworm, L50, F|\n|poke|p2|Garchomp, L50, F|\n|poke|p2|Incineroar, L50, M|\n|poke|p2|Palafin, L50, F|\n|poke|p2|Toxapex, L50, M|\n|teampreview|4\n|inactive|Battle timer is ON: inactive players will automatically lose when time's up. (requested by Hibisscus)\n|inactive|25528989d has 60 seconds left.\n|\n|t:|1776150971\n|teamsize|p1|4\n|teamsize|p2|4\n|start\n|switch|p1a: Charizard|Charizard, L50, M|100/100\n|switch|p1b: Lucario|Lucario, L50, F|100/100\n|switch|p2a: Palafin|Palafin, L50, F|100/100\n|switch|p2b: Incineroar|Incineroar, L50, M|100/100\n|-ability|p2b: Incineroar|Intimidate|boost\n|-unboost|p1a: Charizard|atk|1\n|-fail|p1b: Lucario|unboost|Attack|[from] ability: Inner Focus|[of] p1b: Lucario\n|turn|1\n|inactive|25528989d has 30 seconds left.\n|inactive|Hibisscus has 30 seconds left.\n|\n|t:|1776151001\n|switch|p1a: Tyranitar|Tyranitar, L50, F|100/100\n|-weather|Sandstorm|[from] ability: Sand Stream|[of] p1a: Tyranitar\n|move|p2b: Incineroar|Fake Out|p1b: Lucario\n|-resisted|p1b: Lucario|1\n|-damage|p1b: Lucario|92/100\n|move|p2a: Palafin|Flip Turn|p1a: Tyranitar\n|-supereffective|p1a: Tyranitar|1\n|-damage|p1a: Tyranitar|66/100\n|\n|t:|1776151015\n|detailschange|p2a: Palafin|Palafin-Hero, L50, F\n|switch|p2a: Orthworm|Orthworm, L50, F|100/100|[from] Flip Turn\n|move|p1b: Lucario|Coaching|p1a: Tyranitar\n|-boost|p1a: Tyranitar|atk|1\n|-boost|p1a: Tyranitar|def|1\n|\n|-weather|Sandstorm|[upkeep]\n|-damage|p2b: Incineroar|95/100|[from] Sandstorm\n|upkeep\n|turn|2\n|\n|t:|1776151040\n|move|p1b: Lucario|Close Combat|p2a: Orthworm\n|-supereffective|p2a: Orthworm|1\n|-damage|p2a: Orthworm|18/100\n|-unboost|p1b: Lucario|def|1\n|-unboost|p1b: Lucario|spd|1\n|-enditem|p2a: Orthworm|Sitrus Berry|[eat]\n|-heal|p2a: Orthworm|43/100|[from] item: Sitrus Berry\n|move|p2a: Orthworm|Iron Defense|p2a: Orthworm\n|-boost|p2a: Orthworm|def|2\n|move|p1a: Tyranitar|Rock Slide|p2b: Incineroar|[spread] p2b\n|-miss|p1a: Tyranitar|p2a: Orthworm\n|-supereffective|p2b: Incineroar|1\n|-damage|p2b: Incineroar|0 fnt\n|faint|p2b: Incineroar\n|\n|-weather|Sandstorm|[upkeep]\n|upkeep\n|\n|t:|1776151057\n|switch|p2b: Palafin|Palafin-Hero, L50, F|100/100\n|-activate|p2b: Palafin|ability: Zero to Hero\n|turn|3\n|\n|t:|1776151081\n|switch|p1a: Garchomp|Garchomp, L50, M|100/100\n|move|p1b: Lucario|Protect|p1b: Lucario\n|-singleturn|p1b: Lucario|Protect\n|move|p2b: Palafin|Close Combat|p1b: Lucario\n|-activate|p1b: Lucario|move: Protect\n|move|p2a: Orthworm|Body Press|p1a: Garchomp\n|-damage|p1a: Garchomp|37/100\n|\n|-weather|Sandstorm|[upkeep]\n|-damage|p2b: Palafin|95/100|[from] Sandstorm\n|upkeep\n|turn|4\n|inactive|25528989d has 30 seconds left.\n|inactive|25528989d has 20 seconds left.\n|inactive|25528989d has 15 seconds left.\n|inactive|25528989d has 10 seconds left.\n|\n|t:|1776151126\n|switch|p1b: Charizard|Charizard, L50, M|100/100\n|move|p2b: Palafin|Close Combat|p1a: Garchomp\n|-damage|p1a: Garchomp|0 fnt\n|-unboost|p2b: Palafin|def|1\n|-unboost|p2b: Palafin|spd|1\n|faint|p1a: Garchomp\n|move|p2a: Orthworm|Body Press|p1b: Charizard\n|-resisted|p1b: Charizard|1\n|-damage|p1b: Charizard|61/100\n|\n|-weather|Sandstorm|[upkeep]\n|-damage|p2b: Palafin|89/100|[from] Sandstorm\n|-damage|p1b: Charizard|54/100|[from] Sandstorm\n|upkeep\n|\n|t:|1776151132\n|switch|p1a: Lucario|Lucario, L50, F|92/100\n|turn|5\n|inactive|Hibisscus has 30 seconds left.\n|\n|t:|1776151160\n|detailschange|p1b: Charizard|Charizard-Mega-Y, L50, M\n|-mega|p1b: Charizard|Charizard|Charizardite Y\n|-weather|SunnyDay|[from] ability: Drought|[of] p1b: Charizard\n|move|p2a: Orthworm|Protect|p2a: Orthworm\n|-singleturn|p2a: Orthworm|Protect\n|move|p2b: Palafin|Close Combat|p1a: Lucario\n|-supereffective|p1a: Lucario|1\n|-damage|p1a: Lucario|0 fnt\n|-unboost|p2b: Palafin|def|1\n|-unboost|p2b: Palafin|spd|1\n|faint|p1a: Lucario\n|move|p1b: Charizard|Heat Wave|p2b: Palafin|[spread] p2b\n|-activate|p2a: Orthworm|move: Protect\n|-resisted|p2b: Palafin|1\n|-damage|p2b: Palafin|8/100\n|\n|-weather|SunnyDay|[upkeep]\n|upkeep\n|\n|t:|1776151174\n|switch|p1a: Tyranitar|Tyranitar, L50, F|66/100\n|-weather|Sandstorm|[from] ability: Sand Stream|[of] p1a: Tyranitar\n|turn|6\n|inactive|25528989d has 30 seconds left.\n|\n|t:|1776151202\n|move|p1b: Charizard|Protect|p1b: Charizard\n|-singleturn|p1b: Charizard|Protect\n|move|p2b: Palafin|Close Combat|p1a: Tyranitar\n|-supereffective|p1a: Tyranitar|2\n|-crit|p1a: Tyranitar\n|-damage|p1a: Tyranitar|0 fnt\n|-unboost|p2b: Palafin|def|1\n|-unboost|p2b: Palafin|spd|1\n|faint|p1a: Tyranitar\n|move|p2a: Orthworm|Body Press|p1b: Charizard\n|-activate|p1b: Charizard|move: Protect\n|\n|-weather|Sandstorm|[upkeep]\n|-damage|p2b: Palafin|2/100|[from] Sandstorm\n|-damage|p1b: Charizard|48/100|[from] Sandstorm\n|upkeep\n|turn|7\n|\n|t:|1776151220\n|move|p2b: Palafin|Close Combat|p1b: Charizard\n|-resisted|p1b: Charizard|1\n|-damage|p1b: Charizard|19/100\n|-unboost|p2b: Palafin|def|1\n|-unboost|p2b: Palafin|spd|1\n|move|p1b: Charizard|Heat Wave|p2a: Orthworm|[spread] p2b\n|-miss|p1b: Charizard|p2a: Orthworm\n|-resisted|p2b: Palafin|1\n|-damage|p2b: Palafin|0 fnt\n|faint|p2b: Palafin\n|move|p2a: Orthworm|Body Press|p1b: Charizard\n|-resisted|p1b: Charizard|1\n|-damage|p1b: Charizard|0 fnt\n|faint|p1b: Charizard\n|\n|win|Hibisscus\n|raw|25528989d's rating: 1081 &rarr; <strong>1057</strong><br />(-24 for losing)\n|raw|Hibisscus's rating: 1052 &rarr; <strong>1087</strong><br />(+35 for winning)\n",
  "uploadtime": 1776151220,
  "views": 16,
  "formatid": "gen9championsvgc2026regma",
  "rating": 1057,
  "private": 0,
  "password": null
}