{
  "id": "gen9championsvgc2026regma-2584719172",
  "format": "[Gen 9 Champions] VGC 2026 Reg M-A",
  "players": [
    "meatzzaa",
    "elias06107"
  ],
  "log": "|j|\u2606meatzzaa\n|j|\u2606elias06107\n|t:|1776278884\n|gametype|doubles\n|player|p1|meatzzaa|flannery|1073\n|player|p2|elias06107|2|1107\n|gen|9\n|tier|[Gen 9 Champions] VGC 2026 Reg M-A\n|rated|\n|rule|Species Clause: Limit one of each Pok\u00e9mon\n|rule|Item Clause: Limit 1 of each item\n|clearpoke\n|poke|p1|Pelipper, L50, M|\n|poke|p1|Archaludon, L50, M|\n|poke|p1|Sneasler, L50, M|\n|poke|p1|Palafin, L50, F|\n|poke|p1|Sinistcha, L50|\n|poke|p1|Incineroar, L50, F|\n|poke|p2|Glimmora, L50, F|\n|poke|p2|Corviknight, L50, F|\n|poke|p2|Sinistcha, L50|\n|poke|p2|Hydreigon, L50, M|\n|poke|p2|Typhlosion-Hisui, L50, F|\n|poke|p2|Tyranitar, L50, F|\n|teampreview|4\n|inactive|Battle timer is ON: inactive players will automatically lose when time's up. (requested by elias06107)\n|inactive|elias06107 has 60 seconds left.\nmeatzzaa has agreed to open team sheets.\n|inactive|elias06107 has 30 seconds left.\n|inactive|elias06107 has 20 seconds left.\n|\n|t:|1776278962\n|teamsize|p1|4\n|teamsize|p2|4\n|start\n|switch|p1a: i eat bugs|Pelipper, L50, M, shiny|100/100\n|switch|p1b: The Caption.|Palafin, L50, F, shiny|100/100\n|switch|p2a: Typhlosion|Typhlosion-Hisui, L50, F|100/100\n|switch|p2b: Tyranitar|Tyranitar, L50, F|100/100\n|-weather|RainDance|[from] ability: Drizzle|[of] p1a: i eat bugs\n|-weather|Sandstorm|[from] ability: Sand Stream|[of] p2b: Tyranitar\n|turn|1\n|inactive|elias06107 has 30 seconds left.\n|\n|t:|1776278995\n|switch|p2a: Sinistcha|Sinistcha, L50|100/100\n|move|p1b: The Caption.|Flip Turn|p2a: Sinistcha\n|-resisted|p2a: Sinistcha|1\n|-damage|p2a: Sinistcha|91/100\n|\n|t:|1776279007\n|detailschange|p1b: The Caption.|Palafin-Hero, L50, F, shiny\n|switch|p1b: the bridge brother|Archaludon, L50, M|100/100|[from] Flip Turn\n|move|p1a: i eat bugs|Weather Ball|p2a: Sinistcha\n|-damage|p2a: Sinistcha|71/100\n|move|p2b: Tyranitar|Rock Slide|p1b: the bridge brother|[spread] p1a,p1b\n|-supereffective|p1a: i eat bugs|1\n|-resisted|p1b: the bridge brother|1\n|-damage|p1a: i eat bugs|25/100\n|-damage|p1b: the bridge brother|88/100\n|-ability|p1b: the bridge brother|Stamina|boost\n|-boost|p1b: the bridge brother|def|1\n|\n|-weather|Sandstorm|[upkeep]\n|-damage|p2a: Sinistcha|65/100|[from] Sandstorm\n|-damage|p1a: i eat bugs|19/100|[from] Sandstorm\n|-heal|p1b: the bridge brother|94/100|[from] item: Leftovers\n|upkeep\n|turn|2\n|\n|t:|1776279029\n|switch|p1a: The Caption.|Palafin-Hero, L50, F, shiny|100/100\n|-activate|p1a: The Caption.|ability: Zero to Hero\n|move|p2a: Sinistcha|Rage Powder|p2a: Sinistcha\n|-singleturn|p2a: Sinistcha|move: Rage Powder\n|move|p1b: the bridge brother|Flash Cannon|p2a: Sinistcha\n|-damage|p2a: Sinistcha|24/100\n|-enditem|p2a: Sinistcha|Sitrus Berry|[eat]\n|-heal|p2a: Sinistcha|49/100|[from] item: Sitrus Berry\n|move|p2b: Tyranitar|Low Kick|p1b: the bridge brother\n|-supereffective|p1b: the bridge brother|1\n|-damage|p1b: the bridge brother|60/100\n|-ability|p1b: the bridge brother|Stamina|boost\n|-boost|p1b: the bridge brother|def|1\n|\n|-weather|Sandstorm|[upkeep]\n|-damage|p1a: The Caption.|95/100|[from] Sandstorm\n|-damage|p2a: Sinistcha|43/100|[from] Sandstorm\n|-heal|p1b: the bridge brother|66/100|[from] item: Leftovers\n|upkeep\n|turn|3\n|inactive|meatzzaa has 30 seconds left.\n|inactive|elias06107 has 30 seconds left.\n|\n|t:|1776279059\n|move|p1a: The Caption.|Jet Punch|p2b: Tyranitar\n|-supereffective|p2b: Tyranitar|1\n|-damage|p2b: Tyranitar|47/100\n|move|p1b: the bridge brother|Flash Cannon|p2b: Tyranitar\n|-supereffective|p2b: Tyranitar|1\n|-damage|p2b: Tyranitar|1/100\n|move|p2a: Sinistcha|Matcha Gotcha|p1b: the bridge brother|[spread] p1a,p1b\n|-supereffective|p1a: The Caption.|1\n|-resisted|p1b: the bridge brother|2\n|-damage|p1a: The Caption.|30/100\n|-heal|p2a: Sinistcha|75/100|[from] drain|[of] p1a: The Caption.\n|-damage|p1b: the bridge brother|56/100\n|-heal|p2a: Sinistcha|79/100|[from] drain|[of] p1b: the bridge brother\n|-status|p1b: the bridge brother|brn\n|-ability|p1b: the bridge brother|Stamina|boost\n|-boost|p1b: the bridge brother|def|1\n|move|p2b: Tyranitar|Knock Off|p1a: The Caption.\n|-damage|p1a: The Caption.|0 fnt\n|-enditem|p1a: The Caption.|Mystic Water|[from] move: Knock Off|[of] p2b: Tyranitar\n|faint|p1a: The Caption.\n|\n|-weather|Sandstorm|[upkeep]\n|-damage|p2a: Sinistcha|73/100|[from] Sandstorm\n|-heal|p1b: the bridge brother|62/100 brn|[from] item: Leftovers\n|-damage|p1b: the bridge brother|56/100 brn|[from] brn\n|upkeep\n|\n|t:|1776279082\n|switch|p1a: i eat bugs|Pelipper, L50, M, shiny|19/100\n|-weather|RainDance|[from] ability: Drizzle|[of] p1a: i eat bugs\n|turn|4\n|\n|t:|1776279091\n|switch|p2b: Typhlosion|Typhlosion-Hisui, L50, F|100/100\n|move|p1a: i eat bugs|Protect|p1a: i eat bugs\n|-singleturn|p1a: i eat bugs|Protect\n|move|p2a: Sinistcha|Rage Powder|p2a: Sinistcha\n|-singleturn|p2a: Sinistcha|move: Rage Powder\n|move|p1b: the bridge brother|Flash Cannon|p2a: Sinistcha\n|-damage|p2a: Sinistcha|35/100\n|\n|-weather|RainDance|[upkeep]\n|-heal|p1b: the bridge brother|62/100 brn|[from] item: Leftovers\n|-damage|p1b: the bridge brother|56/100 brn|[from] brn\n|upkeep\n|turn|5\n|\n|t:|1776279106\n|switch|p2a: Tyranitar|Tyranitar, L50, F|1/100\n|-weather|Sandstorm|[from] ability: Sand Stream|[of] p2a: Tyranitar\n|move|p2b: Typhlosion|Eruption|p1b: the bridge brother|[spread] p1a,p1b\n|-resisted|p1a: i eat bugs|1\n|-damage|p1a: i eat bugs|0 fnt\n|-damage|p1b: the bridge brother|0 fnt\n|faint|p1a: i eat bugs\n|faint|p1b: the bridge brother\n|\n|-weather|Sandstorm|[upkeep]\n|-damage|p2b: Typhlosion|94/100|[from] Sandstorm\n|upkeep\n|-message|meatzzaa forfeited.\n|\n|win|elias06107\n|raw|meatzzaa's rating: 1073 &rarr; <strong>1054</strong><br />(-19 for losing)\n|raw|elias06107's rating: 1107 &rarr; <strong>1130</strong><br />(+23 for winning)\n|l|\u2606meatzzaa\n|player|p1|\n",
  "uploadtime": 1776279130,
  "views": 22,
  "formatid": "gen9championsvgc2026regma",
  "rating": 1054,
  "private": 0,
  "password": null
}