{
  "id": "gen9championsvgc2026regma-2588504164",
  "format": "[Gen 9 Champions] VGC 2026 Reg M-A",
  "players": [
    "sdlt 2krl coolguy",
    "Leadeon"
  ],
  "log": "|raw|<div class=\"broadcast-blue\"><strong>This battle is required to be public due to a player having a name starting with 'sdlt'.</div>\n|j|\u2606sdlt 2krl coolguy\n|j|\u2606Leadeon\n|t:|1776639548\n|gametype|doubles\n|player|p1|sdlt 2krl coolguy|leon-masters2|1255\n|player|p2|Leadeon|colress|1322\n|gen|9\n|tier|[Gen 9 Champions] VGC 2026 Reg M-A\n|rated|\n|rule|Species Clause: Limit one of each Pok\u00e9mon\n|rule|Item Clause: Limit 1 of each item\n|clearpoke\n|poke|p1|Incineroar, L50, M|\n|poke|p1|Hatterene, L50, F, shiny|\n|poke|p1|Farigiraf, L50, M|\n|poke|p1|Torkoal, L50, F, shiny|\n|poke|p1|Kingambit, L50, M|\n|poke|p1|Charizard, L50, M|\n|poke|p2|Meganium, L50, F|\n|poke|p2|Kangaskhan, L50, F|\n|poke|p2|Archaludon, L50, F|\n|poke|p2|Aerodactyl, L50, F|\n|poke|p2|Typhlosion-Hisui, L50, F|\n|poke|p2|Tauros-Paldea-Aqua, L50, M|\n|teampreview|4\n|inactive|Battle timer is ON: inactive players will automatically lose when time's up. (requested by sdlt 2krl coolguy)\n|inactive|Leadeon has 60 seconds left.\n|\n|t:|1776639583\n|teamsize|p1|4\n|teamsize|p2|4\n|start\n|switch|p1a: Incineroar|Incineroar, L50, M|100/100\n|switch|p1b: Farigiraf|Farigiraf, L50, M|100/100\n|switch|p2a: Kangaskhan|Kangaskhan, L50, F|100/100\n|switch|p2b: Archaludon|Archaludon, L50, F|100/100\n|-ability|p1a: Incineroar|Intimidate|boost\n|-fail|p2a: Kangaskhan|unboost|Attack|[from] ability: Inner Focus|[of] p2a: Kangaskhan\n|-unboost|p2b: Archaludon|atk|1\n|turn|1\n|inactive|sdlt 2krl coolguy has 30 seconds left.\n|inactive|sdlt 2krl coolguy has 20 seconds left.\n|inactive|sdlt 2krl coolguy has 15 seconds left.\n|\n|t:|1776639626\n|move|p1a: Incineroar|Fake Out|p2a: Kangaskhan\n|-damage|p2a: Kangaskhan|86/100\n|move|p2b: Archaludon|Dragon Pulse|p1b: Farigiraf\n|-damage|p1b: Farigiraf|59/100\n|move|p2a: Kangaskhan|Double-Edge|p1b: Farigiraf\n|-damage|p1b: Farigiraf|10/100\n|-enditem|p1b: Farigiraf|Sitrus Berry|[eat]\n|-heal|p1b: Farigiraf|35/100|[from] item: Sitrus Berry\n|-damage|p2a: Kangaskhan|68/100|[from] Recoil\n|move|p1b: Farigiraf|Trick Room|p1b: Farigiraf\n|-fieldstart|move: Trick Room|[of] p1b: Farigiraf\n|\n|upkeep\n|turn|2\n|inactive|Leadeon has 30 seconds left.\n|inactive|Leadeon has 20 seconds left.\n|inactive|Leadeon has 15 seconds left.\n|inactive|Leadeon has 10 seconds left.\n|\n|t:|1776639673\n|switch|p2a: Tauros|Tauros-Paldea-Aqua, L50, M|100/100\n|-ability|p2a: Tauros|Intimidate|boost\n|-unboost|p1a: Incineroar|atk|1\n|-unboost|p1b: Farigiraf|atk|1\n|move|p1a: Incineroar|Close Combat|p2a: Tauros\n|-damage|p2a: Tauros|73/100\n|-unboost|p1a: Incineroar|def|1\n|-unboost|p1a: Incineroar|spd|1\n|move|p1b: Farigiraf|Imprison|p1b: Farigiraf\n|-start|p1b: Farigiraf|move: Imprison\n|move|p2b: Archaludon|Dragon Pulse|p1b: Farigiraf\n|-damage|p1b: Farigiraf|0 fnt\n|faint|p1b: Farigiraf\n|\n|upkeep\n|\n|t:|1776639678\n|switch|p1b: Torkoal|Torkoal, L50, F, shiny|100/100\n|-weather|SunnyDay|[from] ability: Drought|[of] p1b: Torkoal\n|turn|3\n|inactive|Leadeon has 30 seconds left.\n|\n|t:|1776639709\n|move|p2b: Archaludon|Protect|p2b: Archaludon\n|-singleturn|p2b: Archaludon|Protect\n|move|p2a: Tauros|Protect|p2a: Tauros\n|-singleturn|p2a: Tauros|Protect\n|move|p1b: Torkoal|Eruption|p2a: Tauros|[spread] \n|-activate|p2a: Tauros|move: Protect\n|-activate|p2b: Archaludon|move: Protect\n|move|p1a: Incineroar|Close Combat|p2a: Tauros\n|-activate|p2a: Tauros|move: Protect\n|\n|-weather|SunnyDay|[upkeep]\n|upkeep\n|turn|4\n|\n|t:|1776639728\n|move|p1b: Torkoal|Eruption|p2a: Tauros|[spread] p2a,p2b\n|-resisted|p2a: Tauros|1\n|-damage|p2a: Tauros|4/100\n|-damage|p2b: Archaludon|0 fnt\n|faint|p2b: Archaludon\n|move|p1a: Incineroar|Close Combat|p2a: Tauros\n|-damage|p2a: Tauros|0 fnt\n|-unboost|p1a: Incineroar|def|1\n|-unboost|p1a: Incineroar|spd|1\n|faint|p2a: Tauros\n|\n|-weather|SunnyDay|[upkeep]\n|upkeep\n|\n|t:|1776639735\n|switch|p2b: Kangaskhan|Kangaskhan, L50, F|68/100\n|switch|p2a: Aerodactyl|Aerodactyl, L50, F|100/100\n|-ability|p2a: Aerodactyl|Unnerve\n|turn|5\n|\n|t:|1776639746\n|switch|p1a: Hatterene|Hatterene, L50, F, shiny|100/100\n|detailschange|p2b: Kangaskhan|Kangaskhan-Mega, L50, F\n|-mega|p2b: Kangaskhan|Kangaskhan|Kangaskhanite\n|move|p2b: Kangaskhan|Fake Out|p1b: Torkoal\n|-damage|p1b: Torkoal|84/100\n|-damage|p1b: Torkoal|80/100\n|-hitcount|p1b: Torkoal|2\n|cant|p1b: Torkoal|flinch\n|move|p2a: Aerodactyl|Rock Slide|p1a: Hatterene|[spread] p1a,p1b\n|-supereffective|p1b: Torkoal|1\n|-damage|p1a: Hatterene|74/100\n|-damage|p1b: Torkoal|42/100\n|\n|-weather|SunnyDay|[upkeep]\n|-fieldend|move: Trick Room\n|upkeep\n|turn|6\n|\n|t:|1776639765\n|switch|p1b: Incineroar|Incineroar, L50, M|100/100\n|-ability|p1b: Incineroar|Intimidate|boost\n|-unboost|p2a: Aerodactyl|atk|1\n|-unboost|p2b: Kangaskhan|atk|1\n|move|p2a: Aerodactyl|Rock Slide|p1b: Incineroar|[spread] p1a,p1b\n|-supereffective|p1b: Incineroar|1\n|-damage|p1a: Hatterene|57/100\n|-damage|p1b: Incineroar|68/100\n|move|p2b: Kangaskhan|Double-Edge|p1a: Hatterene\n|-damage|p1a: Hatterene|4/100\n|-damage|p1a: Hatterene|0 fnt\n|faint|p1a: Hatterene\n|-hitcount|p1: Hatterene|2\n|-damage|p2b: Kangaskhan|54/100|[from] Recoil\n|\n|-weather|SunnyDay|[upkeep]\n|upkeep\n|\n|t:|1776639775\n|switch|p1a: Torkoal|Torkoal, L50, F, shiny|42/100\n|turn|7\n|\n|t:|1776639795\n|move|p2a: Aerodactyl|Protect|p2a: Aerodactyl\n|-singleturn|p2a: Aerodactyl|Protect\n|move|p2b: Kangaskhan|Double-Edge|p1b: Incineroar\n|-damage|p1b: Incineroar|26/100\n|-damage|p1b: Incineroar|15/100\n|-hitcount|p1b: Incineroar|2\n|-damage|p2b: Kangaskhan|37/100|[from] Recoil\n|move|p1b: Incineroar|Flare Blitz|p2b: Kangaskhan\n|-damage|p2b: Kangaskhan|0 fnt\n|faint|p2b: Kangaskhan\n|-damage|p1b: Incineroar|3/100|[from] Recoil\n|move|p1a: Torkoal|Weather Ball|p2a: Aerodactyl\n|-activate|p2a: Aerodactyl|move: Protect\n|\n|-weather|none\n|upkeep\n|turn|8\n|\n|t:|1776639808\n|move|p2a: Aerodactyl|Rock Slide|p1a: Torkoal|[spread] p1a,p1b\n|-supereffective|p1a: Torkoal|1\n|-crit|p1a: Torkoal\n|-supereffective|p1b: Incineroar|1\n|-damage|p1a: Torkoal|0 fnt\n|-damage|p1b: Incineroar|0 fnt\n|faint|p1a: Torkoal\n|faint|p1b: Incineroar\n|\n|win|Leadeon\n|raw|sdlt 2krl coolguy's rating: 1228 &rarr; <strong>1210</strong><br />(-18 for losing)\n|raw|Leadeon's rating: 1322 &rarr; <strong>1337</strong><br />(+15 for winning)\n",
  "uploadtime": 1776639809,
  "views": 11,
  "formatid": "gen9championsvgc2026regma",
  "rating": 1210,
  "private": 0,
  "password": null
}