{
  "id": "gen9championsvgc2026regma-2583959717",
  "format": "[Gen 9 Champions] VGC 2026 Reg M-A",
  "players": [
    "mathwebs",
    "Zarato"
  ],
  "log": "|j|\u2606mathwebs\n|j|\u2606Zarato\n|t:|1776211929\n|gametype|doubles\n|player|p1|mathwebs|blue|1104\n|player|p2|Zarato|n|1171\n|gen|9\n|tier|[Gen 9 Champions] VGC 2026 Reg M-A\n|rated|\n|rule|Species Clause: Limit one of each Pok\u00e9mon\n|rule|Item Clause: Limit 1 of each item\n|clearpoke\n|poke|p1|Chesnaught, L50, M|\n|poke|p1|Incineroar, L50, F|\n|poke|p1|Meowstic, L50, M|\n|poke|p1|Gengar, L50, F|\n|poke|p1|Snorlax, L50, M|\n|poke|p1|Aerodactyl, L50, F|\n|poke|p2|Weavile, L50, M|\n|poke|p2|Glaceon, L50, M|\n|poke|p2|Froslass, L50, F|\n|poke|p2|Incineroar, L50, F|\n|poke|p2|Sinistcha, L50|\n|poke|p2|Sneasler, L50, M|\n|teampreview|4\n|inactive|Battle timer is ON: inactive players will automatically lose when time's up. (requested by Zarato)\nZarato has agreed to open team sheets.\n|inactive|mathwebs has 60 seconds left.\n|inactive|Zarato has 60 seconds left.\n|\n|t:|1776211969\n|teamsize|p1|4\n|teamsize|p2|4\n|start\n|switch|p1a: Incineroar|Incineroar, L50, F|100/100\n|switch|p1b: Aerodactyl|Aerodactyl, L50, F|100/100\n|switch|p2a: Weavile|Weavile, L50, M|100/100\n|switch|p2b: Froslass|Froslass, L50, F|100/100\n|-ability|p2a: Weavile|Pressure\n|-ability|p1a: Incineroar|Intimidate|boost\n|-unboost|p2a: Weavile|atk|1\n|-unboost|p2b: Froslass|atk|1\n|turn|1\n|inactive|Zarato has 30 seconds left.\n|\n|t:|1776211995\n|switch|p2b: Incineroar|Incineroar, L50, F|100/100\n|-ability|p2b: Incineroar|Intimidate|boost\n|-unboost|p1a: Incineroar|atk|1\n|-unboost|p1b: Aerodactyl|atk|1\n|-enditem|p1b: Aerodactyl|White Herb\n|-clearnegativeboost|p1b: Aerodactyl|[silent]\n|move|p2a: Weavile|Fake Out|p1b: Aerodactyl\n|-resisted|p1b: Aerodactyl|1\n|-damage|p1b: Aerodactyl|93/100\n|move|p1a: Incineroar|Fake Out|p2a: Weavile\n|-damage|p2a: Weavile|84/100\n|cant|p1b: Aerodactyl|flinch\n|\n|upkeep\n|turn|2\n|\n|t:|1776212013\n|move|p2b: Incineroar|Fake Out|p1a: Incineroar\n|-damage|p1a: Incineroar|88/100\n|move|p1b: Aerodactyl|Rock Slide|p2b: Incineroar|[spread] p2a,p2b\n|-supereffective|p2a: Weavile|1\n|-supereffective|p2b: Incineroar|1\n|-damage|p2a: Weavile|3/100\n|-damage|p2b: Incineroar|47/100\n|move|p2a: Weavile|Icicle Crash|p1b: Aerodactyl\n|-supereffective|p1b: Aerodactyl|1\n|-damage|p1b: Aerodactyl|0 fnt\n|faint|p1b: Aerodactyl\n|cant|p1a: Incineroar|flinch\n|\n|upkeep\n|\n|t:|1776212022\n|switch|p1b: Meowstic|Meowstic, L50, M|100/100\n|turn|3\n|\n|t:|1776212044\n|move|p1b: Meowstic|Fake Out|p2a: Weavile\n|-damage|p2a: Weavile|0 fnt\n|faint|p2a: Weavile\n|move|p1a: Incineroar|Taunt|p2b: Incineroar\n|-start|p2b: Incineroar|move: Taunt\n|cant|p2b: Incineroar|move: Taunt|Parting Shot\n|\n|upkeep\n|\n|t:|1776212051\n|switch|p2a: Sneasler|Sneasler, L50, M|100/100\n|turn|4\n|\n|t:|1776212073\n|move|p2a: Sneasler|Close Combat|p1a: Incineroar\n|-supereffective|p1a: Incineroar|1\n|-damage|p1a: Incineroar|0 fnt\n|-unboost|p2a: Sneasler|def|1\n|-unboost|p2a: Sneasler|spd|1\n|faint|p1a: Incineroar\n|-enditem|p2a: Sneasler|White Herb\n|-clearnegativeboost|p2a: Sneasler|[silent]\n|move|p2b: Incineroar|Throat Chop|p1b: Meowstic\n|-supereffective|p1b: Meowstic|1\n|-crit|p1b: Meowstic\n|-enditem|p1b: Meowstic|Focus Sash\n|-damage|p1b: Meowstic|1/100\n|-start|p1b: Meowstic|Throat Chop|[silent]\n|move|p1b: Meowstic|Trick Room|p1b: Meowstic\n|-fieldstart|move: Trick Room|[of] p1b: Meowstic\n|\n|upkeep\n|\n|t:|1776212085\n|switch|p1a: Chesnaught|Chesnaught, L50, M|100/100\n|turn|5\n|\n|t:|1776212104\n|detailschange|p1a: Chesnaught|Chesnaught-Mega, L50, M\n|-mega|p1a: Chesnaught|Chesnaught|Chesnaughtite\n|move|p1a: Chesnaught|Body Press|p2b: Incineroar\n|-supereffective|p2b: Incineroar|1\n|-enditem|p2b: Incineroar|Chople Berry|[eat]\n|-enditem|p2b: Incineroar|Chople Berry|[weaken]\n|-damage|p2b: Incineroar|5/100\n|move|p2b: Incineroar|Flare Blitz|p1a: Chesnaught\n|-supereffective|p1a: Chesnaught|1\n|-damage|p1a: Chesnaught|37/100\n|-damage|p2b: Incineroar|0 fnt|[from] Recoil\n|faint|p2b: Incineroar\n|move|p1b: Meowstic|Psychic|p2a: Sneasler\n|-supereffective|p2a: Sneasler|2\n|-damage|p2a: Sneasler|0 fnt\n|faint|p2a: Sneasler\n|\n|-end|p1b: Meowstic|Throat Chop|[silent]\n|upkeep\n|\n|t:|1776212119\n|switch|p2b: Froslass|Froslass, L50, F|100/100\n|turn|6\n|\n|t:|1776212129\n|detailschange|p2b: Froslass|Froslass-Mega, L50, F\n|-mega|p2b: Froslass|Froslass|Froslassite\n|-weather|Snowscape|[from] ability: Snow Warning|[of] p2b: Froslass\n|move|p1a: Chesnaught|Seed Bomb|p2b: Froslass\n|-damage|p2b: Froslass|53/100\n|move|p1b: Meowstic|Psychic|p2b: Froslass\n|-damage|p2b: Froslass|12/100\n|move|p2b: Froslass|Blizzard|p1a: Chesnaught|[spread] p1a,p1b\n|-supereffective|p1a: Chesnaught|1\n|-damage|p1a: Chesnaught|0 fnt\n|-damage|p1b: Meowstic|0 fnt\n|faint|p1a: Chesnaught\n|faint|p1b: Meowstic\n|\n|win|Zarato\n|raw|mathwebs's rating: 1104 &rarr; <strong>1084</strong><br />(-20 for losing)\n|raw|Zarato's rating: 1171 &rarr; <strong>1191</strong><br />(+20 for winning)\n|l|\u2606mathwebs\n|player|p1|\n",
  "uploadtime": 1776212149,
  "views": 19,
  "formatid": "gen9championsvgc2026regma",
  "rating": 1084,
  "private": 0,
  "password": null
}