{
  "id": "gen9championsvgc2026regma-2582372055",
  "format": "[Gen 9 Champions] VGC 2026 Reg M-A",
  "players": [
    "Azmatic1",
    "CaipisaurusRex"
  ],
  "log": "|j|\u2606Azmatic1\n|j|\u2606CaipisaurusRex\n|t:|1776087193\n|gametype|doubles\n|player|p1|Azmatic1|101|1293\n|player|p2|CaipisaurusRex|102|1368\n|gen|9\n|tier|[Gen 9 Champions] VGC 2026 Reg M-A\n|rated|\n|rule|Species Clause: Limit one of each Pok\u00e9mon\n|rule|Item Clause: Limit 1 of each item\n|clearpoke\n|poke|p1|Glimmora, L50, M|\n|poke|p1|Tinkaton, L50, F|\n|poke|p1|Kommo-o, L50, F|\n|poke|p1|Corviknight, L50, F|\n|poke|p1|Tyranitar, L50, M|\n|poke|p1|Mamoswine, L50, F|\n|poke|p2|Orthworm, L50, F|\n|poke|p2|Talonflame, L50, F|\n|poke|p2|Excadrill, L50, F|\n|poke|p2|Rotom-Wash, L50|\n|poke|p2|Tyranitar, L50, M|\n|poke|p2|Gardevoir, L50, M|\n|teampreview|4\n|\n|t:|1776087229\n|teamsize|p1|4\n|teamsize|p2|4\n|start\n|switch|p1a: Mamoswine|Mamoswine, L50, F|100/100\n|switch|p1b: Corviknight|Corviknight, L50, F|100/100\n|switch|p2a: Gardevoir|Gardevoir, L50, M|100/100\n|switch|p2b: Orthworm|Orthworm, L50, F|100/100\n|turn|1\n|j| wbiii\n|\n|t:|1776087245\n|move|p2a: Gardevoir|Thunderbolt|p1b: Corviknight\n|-supereffective|p1b: Corviknight|1\n|-damage|p1b: Corviknight|41/100\n|-enditem|p1b: Corviknight|Sitrus Berry|[eat]\n|-heal|p1b: Corviknight|66/100|[from] item: Sitrus Berry\n|move|p1a: Mamoswine|Icicle Crash|p2a: Gardevoir\n|-damage|p2a: Gardevoir|22/100\n|move|p1b: Corviknight|Body Press|p2b: Orthworm\n|-supereffective|p2b: Orthworm|1\n|-damage|p2b: Orthworm|76/100\n|move|p2b: Orthworm|Iron Defense|p2b: Orthworm\n|-boost|p2b: Orthworm|def|2\n|\n|upkeep\n|turn|2\n|\n|t:|1776087289\n|move|p1a: Mamoswine|Ice Shard|p2a: Gardevoir\n|-damage|p2a: Gardevoir|0 fnt\n|faint|p2a: Gardevoir\n|move|p1b: Corviknight|Tailwind|p1b: Corviknight\n|-sidestart|p1: Azmatic1|move: Tailwind\n|move|p2b: Orthworm|Iron Defense|p2b: Orthworm\n|-boost|p2b: Orthworm|def|2\n|\n|upkeep\n|\n|t:|1776087298\n|switch|p2a: Tyranitar|Tyranitar, L50, M|100/100\n|-weather|Sandstorm|[from] ability: Sand Stream|[of] p2a: Tyranitar\n|turn|3\n|\n|t:|1776087311\n|detailschange|p2a: Tyranitar|Tyranitar-Mega, L50, M\n|-mega|p2a: Tyranitar|Tyranitar|Tyranitarite\n|move|p2a: Tyranitar|Protect|p2a: Tyranitar\n|-singleturn|p2a: Tyranitar|Protect\n|move|p1a: Mamoswine|High Horsepower|p2a: Tyranitar\n|-activate|p2a: Tyranitar|move: Protect\n|move|p1b: Corviknight|Body Press|p2b: Orthworm\n|-supereffective|p2b: Orthworm|1\n|-damage|p2b: Orthworm|67/100\n|move|p2b: Orthworm|Body Press|p1b: Corviknight\n|-damage|p1b: Corviknight|0 fnt\n|faint|p1b: Corviknight\n|\n|-weather|Sandstorm|[upkeep]\n|upkeep\n|\n|t:|1776087325\n|switch|p1b: Kommo-o|Kommo-o, L50, F|100/100\n|turn|4\n|\n|t:|1776087335\n|move|p1b: Kommo-o|Aura Sphere|p2b: Orthworm\n|-supereffective|p2b: Orthworm|1\n|-damage|p2b: Orthworm|0 fnt\n|faint|p2b: Orthworm\n|move|p1a: Mamoswine|High Horsepower|p2a: Tyranitar\n|-supereffective|p2a: Tyranitar|1\n|-damage|p2a: Tyranitar|25/100\n|move|p2a: Tyranitar|Ice Punch|p1b: Kommo-o\n|-supereffective|p1b: Kommo-o|1\n|-damage|p1b: Kommo-o|38/100\n|\n|-weather|Sandstorm|[upkeep]\n|-heal|p1b: Kommo-o|44/100|[from] item: Leftovers\n|upkeep\n|\n|t:|1776087347\n|switch|p2b: Excadrill|Excadrill, L50, F|100/100\n|turn|5\n|\n|t:|1776087354\n|move|p2a: Tyranitar|Protect|p2a: Tyranitar\n|-singleturn|p2a: Tyranitar|Protect\n|move|p2b: Excadrill|Earthquake|p1b: Kommo-o|[spread] p1a,p1b\n|-activate|p2a: Tyranitar|move: Protect\n|-crit|p1a: Mamoswine\n|-crit|p1b: Kommo-o\n|-damage|p1a: Mamoswine|20/100\n|-damage|p1b: Kommo-o|0 fnt\n|faint|p1b: Kommo-o\n|move|p1a: Mamoswine|High Horsepower|p2b: Excadrill\n|-supereffective|p2b: Excadrill|1\n|-crit|p2b: Excadrill\n|-enditem|p2b: Excadrill|Focus Sash\n|-damage|p2b: Excadrill|1/100\n|\n|-weather|Sandstorm|[upkeep]\n|-sideend|p1: Azmatic1|move: Tailwind\n|upkeep\n|\n|t:|1776087365\n|switch|p1b: Glimmora|Glimmora, L50, M|100/100\n|turn|6\n|\n|t:|1776087372\n|detailschange|p1b: Glimmora|Glimmora-Mega, L50, M\n|-mega|p1b: Glimmora|Glimmora|Glimmoranite\n|move|p2b: Excadrill|Protect|p2b: Excadrill\n|-singleturn|p2b: Excadrill|Protect\n|move|p1a: Mamoswine|Ice Shard|p2b: Excadrill\n|-activate|p2b: Excadrill|move: Protect\n|move|p1b: Glimmora|Earth Power|p2a: Tyranitar\n|-supereffective|p2a: Tyranitar|1\n|-damage|p2a: Tyranitar|0 fnt\n|faint|p2a: Tyranitar\n|\n|-weather|Sandstorm|[upkeep]\n|upkeep\n|turn|7\n|\n|t:|1776087382\n|move|p1a: Mamoswine|Ice Shard|p2b: Excadrill\n|-damage|p2b: Excadrill|0 fnt\n|faint|p2b: Excadrill\n|\n|win|Azmatic1\n|raw|Azmatic1's rating: 1293 &rarr; <strong>1323</strong><br />(+30 for winning)\n|raw|CaipisaurusRex's rating: 1368 &rarr; <strong>1344</strong><br />(-24 for losing)\n|l|\u2606CaipisaurusRex\n|player|p2|\n",
  "uploadtime": 1776087395,
  "views": 19,
  "formatid": "gen9championsvgc2026regma",
  "rating": 1323,
  "private": 0,
  "password": null
}