{
  "id": "gen9championsvgc2026regma-2585768284",
  "format": "[Gen 9 Champions] VGC 2026 Reg M-A",
  "players": [
    "miredsvgc",
    "voltei hoje"
  ],
  "log": "|j|\u2606miredsvgc\n|j|\u2606voltei hoje\n|t:|1776369252\n|gametype|doubles\n|player|p1|miredsvgc|265|1411\n|player|p2|voltei hoje|iris|1313\n|gen|9\n|tier|[Gen 9 Champions] VGC 2026 Reg M-A\n|rated|\n|rule|Species Clause: Limit one of each Pok\u00e9mon\n|rule|Item Clause: Limit 1 of each item\n|clearpoke\n|poke|p1|Sneasler, L50, M|\n|poke|p1|Kingambit, L50, F|\n|poke|p1|Garchomp, L50, F|\n|poke|p1|Basculegion, L50, M|\n|poke|p1|Floette-Eternal, L50, F|\n|poke|p1|Froslass, L50, F|\n|poke|p2|Gengar, L50, F|\n|poke|p2|Tinkaton, L50, F|\n|poke|p2|Pelipper, L50, F|\n|poke|p2|Aegislash, L50, M|\n|poke|p2|Hydreigon, L50, M|\n|poke|p2|Incineroar, L50, M|\n|teampreview|4\n|inactive|Battle timer is ON: inactive players will automatically lose when time's up. (requested by voltei hoje)\n|inactive|miredsvgc has 60 seconds left.\n|\n|t:|1776369328\n|teamsize|p1|4\n|teamsize|p2|4\n|start\n|switch|p1a: Sneasler|Sneasler, L50, M|100/100\n|switch|p1b: Froslass|Froslass, L50, F|100/100\n|switch|p2a: Gengar|Gengar, L50, F|100/100\n|switch|p2b: Tinkaton|Tinkaton, L50, F|100/100\n|turn|1\n|\n|t:|1776369349\n|detailschange|p2a: Gengar|Gengar-Mega, L50, F\n|-mega|p2a: Gengar|Gengar|Gengarite\n|detailschange|p1b: Froslass|Froslass-Mega, L50, F\n|-mega|p1b: Froslass|Froslass|Froslassite\n|-weather|Snowscape|[from] ability: Snow Warning|[of] p1b: Froslass\n|move|p2b: Tinkaton|Fake Out|p1a: Sneasler\n|-damage|p1a: Sneasler|81/100\n|move|p2a: Gengar|Shadow Ball|p1b: Froslass\n|-supereffective|p1b: Froslass|1\n|-damage|p1b: Froslass|0 fnt\n|faint|p1b: Froslass\n|cant|p1a: Sneasler|flinch\n|\n|-weather|Snowscape|[upkeep]\n|upkeep\n|\n|t:|1776369359\n|switch|p1b: Kingambit|Kingambit, L50, F|100/100\n|turn|2\n|\n|t:|1776369374\n|move|p2a: Gengar|Destiny Bond|p2a: Gengar\n|-singlemove|p2a: Gengar|Destiny Bond\n|move|p1a: Sneasler|Close Combat|p2b: Tinkaton\n|-damage|p2b: Tinkaton|5/100\n|-unboost|p1a: Sneasler|def|1\n|-unboost|p1a: Sneasler|spd|1\n|move|p2b: Tinkaton|Gigaton Hammer|p1a: Sneasler\n|-damage|p1a: Sneasler|0 fnt\n|faint|p1a: Sneasler\n|move|p1b: Kingambit|Kowtow Cleave|p2a: Gengar\n|-supereffective|p2a: Gengar|1\n|-damage|p2a: Gengar|0 fnt\n|faint|p2a: Gengar\n|-activate|p2a: Gengar|move: Destiny Bond\n|faint|p1b: Kingambit\n|\n|-weather|Snowscape|[upkeep]\n|upkeep\n|\n|t:|1776369394\n|switch|p2a: Incineroar|Incineroar, L50, M|100/100\n|switch|p1b: Garchomp|Garchomp, L50, F|100/100\n|-ability|p2a: Incineroar|Intimidate|boost\n|-unboost|p1b: Garchomp|atk|1\n|turn|3\n|\n|t:|1776369406\n|switch|p2a: Hydreigon|Hydreigon, L50, M|100/100\n|move|p2b: Tinkaton|Protect|p2b: Tinkaton\n|-singleturn|p2b: Tinkaton|Protect\n|move|p1b: Garchomp|Earthquake|p2a: Hydreigon|[spread] \n|-activate|p2b: Tinkaton|move: Protect\n|-immune|p2a: Hydreigon|[from] ability: Levitate\n|\n|-weather|Snowscape|[upkeep]\n|upkeep\n|turn|4\n|\n|t:|1776369419\n|move|p2a: Hydreigon|Draco Meteor|p1b: Garchomp\n|-supereffective|p1b: Garchomp|1\n|-enditem|p1b: Garchomp|Haban Berry|[eat]\n|-enditem|p1b: Garchomp|Haban Berry|[weaken]\n|-damage|p1b: Garchomp|34/100\n|-unboost|p2a: Hydreigon|spa|2\n|move|p1b: Garchomp|Rock Slide|p2b: Tinkaton|[spread] p2a,p2b\n|-resisted|p2b: Tinkaton|1\n|-damage|p2a: Hydreigon|86/100\n|-damage|p2b: Tinkaton|0 fnt\n|faint|p2b: Tinkaton\n|\n|-weather|Snowscape|[upkeep]\n|upkeep\n|\n|t:|1776369430\n|switch|p2b: Incineroar|Incineroar, L50, M|100/100\n|-ability|p2b: Incineroar|Intimidate|boost\n|-unboost|p1b: Garchomp|atk|1\n|turn|5\n|\n|t:|1776369438\n|move|p1b: Garchomp|Protect|p1b: Garchomp\n|-singleturn|p1b: Garchomp|Protect\n|move|p2b: Incineroar|Fake Out|p1b: Garchomp\n|-activate|p1b: Garchomp|move: Protect\n|move|p2a: Hydreigon|Draco Meteor|p1b: Garchomp\n|-activate|p1b: Garchomp|move: Protect\n|\n|-weather|none\n|upkeep\n|turn|6\n|\n|t:|1776369457\n|move|p2a: Hydreigon|Draco Meteor|p1b: Garchomp\n|-supereffective|p1b: Garchomp|1\n|-damage|p1b: Garchomp|0 fnt\n|-unboost|p2a: Hydreigon|spa|2\n|faint|p1b: Garchomp\n|\n|win|voltei hoje\n|raw|miredsvgc's rating: 1411 &rarr; <strong>1386</strong><br />(-25 for losing)\n|raw|voltei hoje's rating: 1313 &rarr; <strong>1338</strong><br />(+25 for winning)\n",
  "uploadtime": 1776369460,
  "views": 41,
  "formatid": "gen9championsvgc2026regma",
  "rating": 1338,
  "private": 0,
  "password": null
}