{
  "id": "gen9championsvgc2026regma-2582876502",
  "format": "[Gen 9 Champions] VGC 2026 Reg M-A",
  "players": [
    "heypolo",
    "eoni"
  ],
  "log": "|j|\u2606heypolo\n|j|\u2606eoni\n|t:|1776121236\n|gametype|doubles\n|player|p1|heypolo|n|1098\n|player|p2|eoni|102|1027\n|gen|9\n|tier|[Gen 9 Champions] VGC 2026 Reg M-A\n|rated|\n|rule|Species Clause: Limit one of each Pok\u00e9mon\n|rule|Item Clause: Limit 1 of each item\n|clearpoke\n|poke|p1|Kingambit, L50, F|\n|poke|p1|Excadrill, L50, F|\n|poke|p1|Beartic, L50, M|\n|poke|p1|Hawlucha, L50, F|\n|poke|p2|Dragonite, L50, M|\n|poke|p2|Scizor, L50, M|\n|poke|p2|Pelipper, L50, M|\n|poke|p2|Archaludon, L50, M|\n|poke|p2|Incineroar, L50, M|\n|poke|p2|Basculegion, L50, M|\n|teampreview|4\n|inactive|Battle timer is ON: inactive players will automatically lose when time's up. (requested by heypolo)\n|\n|t:|1776121250\n|teamsize|p1|4\n|teamsize|p2|4\n|start\n|switch|p1a: Kingambit|Kingambit, L50, F|100/100\n|switch|p1b: Hawlucha|Hawlucha, L50, F|100/100\n|switch|p2a: Incineroar|Incineroar, L50, M, shiny|100/100\n|switch|p2b: Pelipper|Pelipper, L50, M|100/100\n|-ability|p2a: Incineroar|Intimidate|boost\n|-unboost|p1a: Kingambit|atk|1\n|-ability|p1a: Kingambit|Defiant|boost\n|-boost|p1a: Kingambit|atk|2\n|-unboost|p1b: Hawlucha|atk|1\n|-weather|RainDance|[from] ability: Drizzle|[of] p2b: Pelipper\n|turn|1\n|\n|t:|1776121261\n|move|p1b: Hawlucha|Protect|p1b: Hawlucha\n|-singleturn|p1b: Hawlucha|Protect\n|move|p1a: Kingambit|Protect|p1a: Kingambit\n|-singleturn|p1a: Kingambit|Protect\n|move|p2a: Incineroar|Fake Out|p1b: Hawlucha\n|-activate|p1b: Hawlucha|move: Protect\n|move|p2b: Pelipper|Tailwind|p2b: Pelipper\n|-sidestart|p2: eoni|move: Tailwind\n|\n|-weather|RainDance|[upkeep]\n|upkeep\n|turn|2\n|\n|t:|1776121275\n|detailschange|p1b: Hawlucha|Hawlucha-Mega, L50, F\n|-mega|p1b: Hawlucha|Hawlucha|Hawluchanite\n|move|p2a: Incineroar|Parting Shot|p1b: Hawlucha\n|-unboost|p1b: Hawlucha|atk|1\n|-unboost|p1b: Hawlucha|spa|1\n|\n|t:|1776121278\n|switch|p2a: Basculegion|Basculegion, L50, M, shiny|100/100|[from] Parting Shot\n|-ability|p2a: Basculegion|Mold Breaker\n|move|p1b: Hawlucha|Entrainment|p1a: Kingambit\n|-ability|p1a: Kingambit|No Guard|Defiant|[from] move: Entrainment|[of] p1b: Hawlucha\n|move|p2b: Pelipper|Tailwind||[still]\n|-fail|p2b: Pelipper\n|move|p1a: Kingambit|Guillotine|p2b: Pelipper\n|-damage|p2b: Pelipper|0 fnt\n|faint|p2b: Pelipper\n|-ohko\n|\n|-weather|RainDance|[upkeep]\n|upkeep\n|\n|t:|1776121290\n|switch|p2b: Dragonite|Dragonite, L50, M, shiny|100/100\n|turn|3\n|\n|t:|1776121305\n|switch|p1b: Beartic|Beartic, L50, M|100/100\n|detailschange|p2b: Dragonite|Dragonite-Mega, L50, M, shiny\n|-mega|p2b: Dragonite|Dragonite|Dragoninite\n|move|p2a: Basculegion|Wave Crash|p1a: Kingambit\n|-damage|p1a: Kingambit|37/100\n|-damage|p2a: Basculegion|79/100|[from] Recoil\n|move|p2b: Dragonite|Hurricane|p1b: Beartic\n|-damage|p1b: Beartic|29/100\n|move|p1a: Kingambit|Guillotine|p2b: Dragonite\n|-damage|p2b: Dragonite|0 fnt\n|faint|p2b: Dragonite\n|-ohko\n|\n|-weather|RainDance|[upkeep]\n|upkeep\n|\n|t:|1776121309\n|switch|p2b: Incineroar|Incineroar, L50, M, shiny|100/100\n|-ability|p2b: Incineroar|Intimidate|boost\n|-unboost|p1a: Kingambit|atk|1\n|-unboost|p1b: Beartic|atk|1\n|turn|4\n|\n|t:|1776121327\n|move|p1b: Beartic|Protect|p1b: Beartic\n|-singleturn|p1b: Beartic|Protect\n|move|p1a: Kingambit|Protect|p1a: Kingambit\n|-singleturn|p1a: Kingambit|Protect\n|move|p2b: Incineroar|Fake Out|p1a: Kingambit\n|-activate|p1a: Kingambit|move: Protect\n|move|p2a: Basculegion|Wave Crash|p1b: Beartic\n|-activate|p1b: Beartic|move: Protect\n|\n|-weather|RainDance|[upkeep]\n|-sideend|p2: eoni|move: Tailwind\n|upkeep\n|turn|5\n|\n|t:|1776121341\n|move|p2b: Incineroar|Protect|p2b: Incineroar\n|-singleturn|p2b: Incineroar|Protect\n|move|p1a: Kingambit|Sucker Punch|p2a: Basculegion\n|-supereffective|p2a: Basculegion|1\n|-damage|p2a: Basculegion|0 fnt\n|faint|p2a: Basculegion\n|move|p1b: Beartic|Liquidation|p2b: Incineroar\n|-activate|p2b: Incineroar|move: Protect\n|\n|-weather|none\n|upkeep\n|turn|6\n|-message|eoni forfeited.\n|\n|win|heypolo\n|raw|heypolo's rating: 1098 &rarr; <strong>1118</strong><br />(+20 for winning)\n|raw|eoni's rating: 1027 &rarr; <strong>1016</strong><br />(-11 for losing)\n|l|\u2606eoni\n|player|p2|\n",
  "uploadtime": 1776121352,
  "views": 18,
  "formatid": "gen9championsvgc2026regma",
  "rating": 1016,
  "private": 0,
  "password": null
}