{
  "id": "gen9championsvgc2026regma-2587651489",
  "format": "[Gen 9 Champions] VGC 2026 Reg M-A",
  "players": [
    "Mind goblin games",
    "Evil Yarrack"
  ],
  "log": "|j|\u2606Mind goblin games\n|j|\u2606Evil Yarrack\n|t:|1776550517\n|gametype|doubles\n|player|p1|Mind goblin games|170|1451\n|player|p2|Evil Yarrack|youngster-gen4dp|1404\n|gen|9\n|tier|[Gen 9 Champions] VGC 2026 Reg M-A\n|rated|\n|rule|Species Clause: Limit one of each Pok\u00e9mon\n|rule|Item Clause: Limit 1 of each item\n|clearpoke\n|poke|p1|Oranguru, L50, M|\n|poke|p1|Drampa, L50, F|\n|poke|p1|Sneasler, L50, M|\n|poke|p1|Torkoal, L50, F|\n|poke|p1|Kingambit, L50, M|\n|poke|p1|Golurk, L50|\n|poke|p2|Tyranitar, L50, M|\n|poke|p2|Lycanroc, L50, M|\n|poke|p2|Whimsicott, L50, M|\n|poke|p2|Sinistcha, L50|\n|poke|p2|Kommo-o, L50, M|\n|poke|p2|Scizor, L50, F|\n|teampreview|4\n|inactive|Battle timer is ON: inactive players will automatically lose when time's up. (requested by Evil Yarrack)\n|\n|t:|1776550543\n|teamsize|p1|4\n|teamsize|p2|4\n|start\n|switch|p1a: Oranguru|Oranguru, L50, M|100/100\n|switch|p1b: Sneasler|Sneasler, L50, M|100/100\n|switch|p2a: Sinistcha|Sinistcha, L50|100/100\n|switch|p2b: Kommo-o|Kommo-o, L50, M|100/100\n|turn|1\n|\n|t:|1776550552\n|move|p1b: Sneasler|Fake Out|p2b: Kommo-o\n|-damage|p2b: Kommo-o|86/100\n|cant|p2b: Kommo-o|flinch\n|move|p2a: Sinistcha|Imprison|p2a: Sinistcha\n|-start|p2a: Sinistcha|move: Imprison\n|cant|p1a: Oranguru|move: Imprison|Trick Room\n|\n|upkeep\n|turn|2\n|\n|t:|1776550565\n|move|p1b: Sneasler|Dire Claw|p2a: Sinistcha\n|-crit|p2a: Sinistcha\n|-damage|p2a: Sinistcha|50/100\n|move|p2b: Kommo-o|Clanging Scales|p1a: Oranguru|[spread] p1a,p1b\n|-damage|p1a: Oranguru|71/100\n|-damage|p1b: Sneasler|51/100\n|-unboost|p2b: Kommo-o|def|1\n|move|p2a: Sinistcha|Matcha Gotcha|p1b: Sneasler|[spread] p1a,p1b\n|-resisted|p1b: Sneasler|1\n|-damage|p1a: Oranguru|51/100\n|-heal|p2a: Sinistcha|61/100|[from] drain|[of] p1a: Oranguru\n|-damage|p1b: Sneasler|36/100\n|-heal|p2a: Sinistcha|68/100|[from] drain|[of] p1b: Sneasler\n|move|p1a: Oranguru|Instruct|p1b: Sneasler\n|-singleturn|p1b: Sneasler|move: Instruct|[of] p1a: Oranguru\n|move|p1b: Sneasler|Dire Claw|p2a: Sinistcha\n|-damage|p2a: Sinistcha|35/100\n|-status|p2a: Sinistcha|par\n|\n|upkeep\n|turn|3\n|\n|t:|1776550581\n|cant|p2a: Sinistcha|par\n|move|p1b: Sneasler|Dire Claw|p2b: Kommo-o\n|-damage|p2b: Kommo-o|20/100\n|-status|p2b: Kommo-o|psn\n|move|p2b: Kommo-o|Clanging Scales|p1b: Sneasler|[spread] p1a,p1b\n|-damage|p1a: Oranguru|19/100\n|-damage|p1b: Sneasler|0 fnt\n|faint|p1b: Sneasler\n|-unboost|p2b: Kommo-o|def|1\n|move|p1a: Oranguru|Instruct|p1: Sneasler|[notarget]\n|-fail|p1a: Oranguru\n|\n|-damage|p2b: Kommo-o|8/100 psn|[from] psn\n|upkeep\n|\n|t:|1776550597\n|switch|p1b: Torkoal|Torkoal, L50, F|100/100\n|-weather|SunnyDay|[from] ability: Drought|[of] p1b: Torkoal\n|turn|4\n|\n|t:|1776550609\n|move|p1a: Oranguru|Protect|p1a: Oranguru\n|-singleturn|p1a: Oranguru|Protect\n|move|p2b: Kommo-o|Clanging Scales|p1b: Torkoal|[spread] p1b\n|-activate|p1a: Oranguru|move: Protect\n|-damage|p1b: Torkoal|52/100\n|-unboost|p2b: Kommo-o|def|1\n|move|p2a: Sinistcha|Matcha Gotcha|p1b: Torkoal|[spread] p1b\n|-activate|p1a: Oranguru|move: Protect\n|-resisted|p1b: Torkoal|1\n|-damage|p1b: Torkoal|36/100\n|-heal|p2a: Sinistcha|44/100 par|[from] drain|[of] p1b: Torkoal\n|move|p1b: Torkoal|Eruption|p2b: Kommo-o|[spread] p2a,p2b\n|-supereffective|p2a: Sinistcha|1\n|-resisted|p2b: Kommo-o|1\n|-damage|p2a: Sinistcha|0 fnt\n|-damage|p2b: Kommo-o|0 fnt\n|faint|p2a: Sinistcha\n|faint|p2b: Kommo-o\n|\n|-weather|SunnyDay|[upkeep]\n|upkeep\n|\n|t:|1776550612\n|switch|p2b: Tyranitar|Tyranitar, L50, M|100/100\n|switch|p2a: Scizor|Scizor, L50, F|100/100\n|-weather|Sandstorm|[from] ability: Sand Stream|[of] p2b: Tyranitar\n|turn|5\n|l|\u2606Evil Yarrack\n|inactive|Evil Yarrack disconnected and has a minute to reconnect!\n|player|p2|\n|\n|t:|1776550635\n|detailschange|p2b: Tyranitar|Tyranitar-Mega, L50, M\n|-mega|p2b: Tyranitar|Tyranitar|Tyranitarite\n|move|p2a: Scizor|Bullet Punch|p1a: Oranguru\n|-damage|p1a: Oranguru|0 fnt\n|faint|p1a: Oranguru\n|move|p2b: Tyranitar|Rock Slide|p1b: Torkoal\n|-supereffective|p1b: Torkoal|1\n|-damage|p1b: Torkoal|0 fnt\n|faint|p1b: Torkoal\n|\n|-weather|Sandstorm|[upkeep]\n|upkeep\n|\n|t:|1776550640\n|switch|p1b: Drampa|Drampa, L50, F|100/100\n|-ability|p1b: Drampa|Cloud Nine\n|turn|6\n|j|\u2606Evil Yarrack\n|inactive|Evil Yarrack reconnected and has 55 seconds left.\n|player|p2|Evil Yarrack|youngster-gen4dp|\n|\n|t:|1776550648\n|detailschange|p1b: Drampa|Drampa-Mega, L50, F\n|-mega|p1b: Drampa|Drampa|Drampanite\n|move|p2b: Tyranitar|Assurance|p1b: Drampa\n|-crit|p1b: Drampa\n|-damage|p1b: Drampa|47/100\n|-ability|p1b: Drampa|Berserk|boost\n|-boost|p1b: Drampa|spa|1\n|move|p2a: Scizor|Close Combat|p1b: Drampa\n|-supereffective|p1b: Drampa|1\n|-damage|p1b: Drampa|0 fnt\n|-unboost|p2a: Scizor|def|1\n|-unboost|p2a: Scizor|spd|1\n|faint|p1b: Drampa\n|\n|win|Evil Yarrack\n|raw|Mind goblin games's rating: 1451 &rarr; <strong>1428</strong><br />(-23 for losing)\n|raw|Evil Yarrack's rating: 1404 &rarr; <strong>1427</strong><br />(+23 for winning)\n|l|\u2606Mind goblin games\n|player|p1|\n|l|\u2606Evil Yarrack\n|player|p2|\n",
  "uploadtime": 1776550675,
  "views": 16,
  "formatid": "gen9championsvgc2026regma",
  "rating": 1427,
  "private": 0,
  "password": null
}