{
  "id": "gen9championsvgc2026regma-2585775038",
  "format": "[Gen 9 Champions] VGC 2026 Reg M-A",
  "players": [
    "DivergenceVGC",
    "breloomb01"
  ],
  "log": "|j|\u2606DivergenceVGC\n|j|\u2606breloomb01\n|t:|1776369734\n|gametype|doubles\n|player|p1|DivergenceVGC|2|1343\n|player|p2|breloomb01|roughneck|1419\n|gen|9\n|tier|[Gen 9 Champions] VGC 2026 Reg M-A\n|rated|\n|rule|Species Clause: Limit one of each Pok\u00e9mon\n|rule|Item Clause: Limit 1 of each item\n|clearpoke\n|poke|p1|Charizard, L50, M|\n|poke|p1|Sneasler, L50, F|\n|poke|p1|Rotom-Wash, L50|\n|poke|p1|Garchomp, L50, M|\n|poke|p1|Incineroar, L50, F|\n|poke|p1|Farigiraf, L50, M|\n|poke|p2|Kingambit, L50, M|\n|poke|p2|Blastoise, L50, F|\n|poke|p2|Sinistcha, L50|\n|poke|p2|Farigiraf, L50, F|\n|poke|p2|Kangaskhan, L50, F|\n|poke|p2|Aerodactyl, L50, F|\n|teampreview|4\n|l|\u2606breloomb01\n|player|p2|\n|j|\u2606breloomb01\n|player|p2|breloomb01|roughneck|\n|inactive|Battle timer is ON: inactive players will automatically lose when time's up. (requested by breloomb01)\n|\n|t:|1776369812\n|teamsize|p1|4\n|teamsize|p2|4\n|start\n|switch|p1a: Farigiraf|Farigiraf, L50, M|100/100\n|switch|p1b: Charizard|Charizard, L50, M|100/100\n|switch|p2a: Farigiraf|Farigiraf, L50, F|100/100\n|switch|p2b: Blastoise|Blastoise, L50, F|100/100\n|turn|1\n|\n|t:|1776369824\n|switch|p2b: Sinistcha|Sinistcha, L50|100/100\n|detailschange|p1b: Charizard|Charizard-Mega-Y, L50, M\n|-mega|p1b: Charizard|Charizard|Charizardite Y\n|-weather|SunnyDay|[from] ability: Drought|[of] p1b: Charizard\n|move|p1b: Charizard|Weather Ball|p2a: Farigiraf\n|-damage|p2a: Farigiraf|11/100\n|-enditem|p2a: Farigiraf|Sitrus Berry|[eat]\n|-heal|p2a: Farigiraf|36/100|[from] item: Sitrus Berry\n|move|p2a: Farigiraf|Rain Dance|p2a: Farigiraf\n|-weather|RainDance\n|move|p1a: Farigiraf|Hyper Voice|p2a: Farigiraf|[spread] p2a\n|-immune|p2b: Sinistcha\n|-damage|p2a: Farigiraf|10/100\n|\n|-weather|RainDance|[upkeep]\n|upkeep\n|turn|2\n|inactive|DivergenceVGC has 30 seconds left.\n|\n|t:|1776369858\n|switch|p1b: Incineroar|Incineroar, L50, F|100/100\n|-ability|p1b: Incineroar|Intimidate|boost\n|-unboost|p2a: Farigiraf|atk|1\n|-unboost|p2b: Sinistcha|atk|1\n|switch|p2a: Blastoise|Blastoise, L50, F|100/100\n|move|p2b: Sinistcha|Matcha Gotcha|p1a: Farigiraf|[spread] p1a\n|-miss|p2b: Sinistcha|p1b: Incineroar\n|-damage|p1a: Farigiraf|76/100\n|move|p1a: Farigiraf|Nasty Plot|p1a: Farigiraf\n|-boost|p1a: Farigiraf|spa|2\n|\n|-weather|RainDance|[upkeep]\n|-heal|p1a: Farigiraf|82/100|[from] item: Leftovers\n|upkeep\n|turn|3\n|\n|t:|1776369883\n|switch|p2b: Farigiraf|Farigiraf, L50, F|10/100\n|switch|p1b: Charizard|Charizard-Mega-Y, L50, M|100/100\n|-weather|SunnyDay|[from] ability: Drought|[of] p1b: Charizard\n|detailschange|p2a: Blastoise|Blastoise-Mega, L50, F\n|-mega|p2a: Blastoise|Blastoise|Blastoisinite\n|move|p2a: Blastoise|Dark Pulse|p1a: Farigiraf\n|-supereffective|p1a: Farigiraf|1\n|-damage|p1a: Farigiraf|0 fnt\n|faint|p1a: Farigiraf\n|\n|-weather|SunnyDay|[upkeep]\n|upkeep\n|\n|t:|1776369897\n|switch|p1a: Rotom|Rotom-Wash, L50|100/100\n|turn|4\n|\n|t:|1776369912\n|switch|p2a: Sinistcha|Sinistcha, L50|100/100\n|-heal|p2b: Farigiraf|35/100|[from] ability: Hospitality|[of] p2a: Sinistcha\n|move|p1b: Charizard|Heat Wave|p2b: Farigiraf|[spread] p2a,p2b\n|-supereffective|p2a: Sinistcha|1\n|-damage|p2a: Sinistcha|0 fnt\n|-damage|p2b: Farigiraf|0 fnt\n|faint|p2a: Sinistcha\n|faint|p2b: Farigiraf\n|move|p1a: Rotom|Volt Switch|p2: Sinistcha|[notarget]\n|-fail|p1a: Rotom\n|\n|-weather|SunnyDay|[upkeep]\n|upkeep\n|\n|t:|1776369915\n|switch|p2a: Kingambit|Kingambit, L50, M|100/100\n|switch|p2b: Blastoise|Blastoise-Mega, L50, F|100/100\n|turn|5\n|\n|t:|1776369930\n|move|p1b: Charizard|Protect|p1b: Charizard\n|-singleturn|p1b: Charizard|Protect\n|move|p1a: Rotom|Protect|p1a: Rotom\n|-singleturn|p1a: Rotom|Protect\n|move|p2b: Blastoise|Fake Out|p1b: Charizard\n|-activate|p1b: Charizard|move: Protect\n|move|p2a: Kingambit|Kowtow Cleave|p1a: Rotom\n|-activate|p1a: Rotom|move: Protect\n|\n|-weather|SunnyDay|[upkeep]\n|upkeep\n|turn|6\n|inactive|DivergenceVGC has 30 seconds left.\n|\n|t:|1776369955\n|move|p2a: Kingambit|Sucker Punch|p1b: Charizard\n|-damage|p1b: Charizard|38/100\n|move|p1b: Charizard|Heat Wave|p2a: Kingambit|[spread] p2a,p2b\n|-supereffective|p2a: Kingambit|1\n|-resisted|p2b: Blastoise|1\n|-damage|p2a: Kingambit|0 fnt\n|-damage|p2b: Blastoise|70/100\n|faint|p2a: Kingambit\n|move|p1a: Rotom|Volt Switch|p2b: Blastoise\n|-supereffective|p2b: Blastoise|1\n|-damage|p2b: Blastoise|11/100\n|\n|t:|1776369966\n|switch|p1a: Incineroar|Incineroar, L50, F|100/100|[from] Volt Switch\n|-ability|p1a: Incineroar|Intimidate|boost\n|-unboost|p2b: Blastoise|atk|1\n|move|p2b: Blastoise|Water Pulse|p1b: Charizard\n|-supereffective|p1b: Charizard|1\n|-damage|p1b: Charizard|0 fnt\n|faint|p1b: Charizard\n|\n|-weather|SunnyDay|[upkeep]\n|upkeep\n|\n|t:|1776369973\n|switch|p1b: Rotom|Rotom-Wash, L50|100/100\n|turn|7\n|\n|t:|1776369979\n|move|p1a: Incineroar|Fake Out|p2b: Blastoise\n|-damage|p2b: Blastoise|3/100\n|move|p1b: Rotom|Volt Switch|p2b: Blastoise\n|-supereffective|p2b: Blastoise|1\n|-damage|p2b: Blastoise|0 fnt\n|faint|p2b: Blastoise\n|\n|win|DivergenceVGC\n|raw|DivergenceVGC's rating: 1343 &rarr; <strong>1367</strong><br />(+24 for winning)\n|raw|breloomb01's rating: 1419 &rarr; <strong>1395</strong><br />(-24 for losing)\n",
  "uploadtime": 1776369993,
  "views": 30,
  "formatid": "gen9championsvgc2026regma",
  "rating": 1367,
  "private": 0,
  "password": null
}