{
  "id": "gen9championsvgc2026regma-2583017340",
  "format": "[Gen 9 Champions] VGC 2026 Reg M-A",
  "players": [
    "eobrocas",
    "jingming"
  ],
  "log": "|j|\u2606eobrocas\n|j|\u2606jingming\n|t:|1776133701\n|gametype|doubles\n|player|p1|eobrocas|170|1057\n|player|p2|jingming|nate|1094\n|gen|9\n|tier|[Gen 9 Champions] VGC 2026 Reg M-A\n|rated|\n|rule|Species Clause: Limit one of each Pok\u00e9mon\n|rule|Item Clause: Limit 1 of each item\n|clearpoke\n|poke|p1|Whimsicott, L50, F|\n|poke|p1|Incineroar, L50, M|\n|poke|p1|Sneasler, L50, F|\n|poke|p1|Ninetales, L50, F|\n|poke|p1|Delphox, L50, F|\n|poke|p1|Umbreon, L50, F|\n|poke|p2|Starmie, L50|\n|poke|p2|Mimikyu, L50, F|\n|poke|p2|Corviknight, L50, F|\n|poke|p2|Sinistcha, L50|\n|poke|p2|Sneasler, L50, F|\n|poke|p2|Incineroar, L50, M|\n|teampreview|4\n|inactive|Battle timer is ON: inactive players will automatically lose when time's up. (requested by jingming)\neobrocas has agreed to open team sheets.\n|inactive|eobrocas has 60 seconds left.\n|\n|t:|1776133741\n|teamsize|p1|4\n|teamsize|p2|4\n|start\n|switch|p1a: Ninetales|Ninetales, L50, F|100/100\n|switch|p1b: Delphox|Delphox, L50, F|100/100\n|switch|p2a: Starmie|Starmie, L50|100/100\n|switch|p2b: Sneasler|Sneasler, L50, F|100/100\n|-weather|SunnyDay|[from] ability: Drought|[of] p1a: Ninetales\n|turn|1\n|\n|t:|1776133765\n|switch|p1b: Incineroar|Incineroar, L50, M|100/100\n|-ability|p1b: Incineroar|Intimidate|boost\n|-unboost|p2a: Starmie|atk|1\n|-unboost|p2b: Sneasler|atk|1\n|-enditem|p2b: Sneasler|White Herb\n|-clearnegativeboost|p2b: Sneasler|[silent]\n|detailschange|p2a: Starmie|Starmie-Mega, L50\n|-mega|p2a: Starmie|Starmie|Starminite\n|move|p2b: Sneasler|Fake Out|p1b: Incineroar\n|-damage|p1b: Incineroar|90/100\n|move|p2a: Starmie|Minimize|p2a: Starmie\n|-boost|p2a: Starmie|evasion|2\n|move|p1a: Ninetales|Heat Wave|p2a: Starmie|[spread] p2a,p2b\n|-resisted|p2a: Starmie|1\n|-damage|p2a: Starmie|76/100\n|-damage|p2b: Sneasler|48/100\n|-status|p2a: Starmie|brn\n|-status|p2b: Sneasler|brn\n|\n|-weather|SunnyDay|[upkeep]\n|-damage|p2b: Sneasler|43/100 brn|[from] brn\n|-damage|p2a: Starmie|71/100 brn|[from] brn\n|upkeep\n|turn|2\n|inactive|eobrocas has 30 seconds left.\n|\n|t:|1776133793\n|move|p1b: Incineroar|Fake Out|p2a: Starmie|[miss]\n|-miss|p1b: Incineroar|p2a: Starmie\n|move|p2b: Sneasler|Close Combat|p1b: Incineroar\n|-supereffective|p1b: Incineroar|1\n|-damage|p1b: Incineroar|39/100\n|-unboost|p2b: Sneasler|def|1\n|-unboost|p2b: Sneasler|spd|1\n|-enditem|p1b: Incineroar|Sitrus Berry|[eat]\n|-heal|p1b: Incineroar|64/100|[from] item: Sitrus Berry\n|move|p2a: Starmie|Substitute|p2a: Starmie\n|-start|p2a: Starmie|Substitute\n|-damage|p2a: Starmie|46/100 brn\n|move|p1a: Ninetales|Heat Wave|p2b: Sneasler|[spread] p2a,p2b\n|-resisted|p2a: Starmie|1\n|-activate|p2a: Starmie|move: Substitute|[damage]\n|-damage|p2b: Sneasler|0 fnt\n|faint|p2b: Sneasler\n|\n|-weather|SunnyDay|[upkeep]\n|-damage|p2a: Starmie|40/100 brn|[from] brn\n|upkeep\n|l|\u2606jingming\n|inactive|jingming disconnected and has a minute to reconnect!\n|player|p2|\n|inactive|jingming has 30 seconds left.\n|j|\u2606jingming\n|inactive|jingming reconnected and has 25 seconds left.\n|player|p2|jingming|nate|\n|inactive|jingming has 20 seconds left.\n|\n|t:|1776133833\n|switch|p2b: Incineroar|Incineroar, L50, M|100/100\n|-ability|p2b: Incineroar|Intimidate|boost\n|-unboost|p1a: Ninetales|atk|1\n|-unboost|p1b: Incineroar|atk|1\n|turn|3\n|\n|t:|1776133852\n|switch|p1a: Delphox|Delphox, L50, F|100/100\n|move|p2b: Incineroar|Fake Out|p1a: Delphox\n|-damage|p1a: Delphox|85/100\n|move|p2a: Starmie|Minimize|p2a: Starmie\n|-boost|p2a: Starmie|evasion|2\n|move|p1b: Incineroar|Flare Blitz|p2a: Starmie|[miss]\n|-miss|p1b: Incineroar|p2a: Starmie\n|\n|-weather|SunnyDay|[upkeep]\n|-damage|p2a: Starmie|34/100 brn|[from] brn\n|upkeep\n|turn|4\n|inactive|eobrocas has 30 seconds left.\n|inactive|eobrocas has 20 seconds left.\n|\n|t:|1776133890\n|move|p1a: Delphox|Scorching Sands|p2b: Incineroar\n|-supereffective|p2b: Incineroar|1\n|-damage|p2b: Incineroar|65/100\n|move|p2a: Starmie|Minimize|p2a: Starmie\n|-boost|p2a: Starmie|evasion|2\n|move|p1b: Incineroar|Flare Blitz|p2a: Starmie|[miss]\n|-miss|p1b: Incineroar|p2a: Starmie\n|move|p2b: Incineroar|Darkest Lariat|p1a: Delphox\n|-supereffective|p1a: Delphox|1\n|-damage|p1a: Delphox|0 fnt\n|faint|p1a: Delphox\n|\n|-weather|SunnyDay|[upkeep]\n|-damage|p2a: Starmie|28/100 brn|[from] brn\n|upkeep\n|\n|t:|1776133900\n|switch|p1a: Sneasler|Sneasler, L50, F|100/100\n|turn|5\n|\n|t:|1776133912\n|move|p2a: Starmie|Liquidation|p1b: Incineroar\n|-supereffective|p1b: Incineroar|1\n|-damage|p1b: Incineroar|42/100\n|move|p1a: Sneasler|Close Combat|p2b: Incineroar\n|-supereffective|p2b: Incineroar|1\n|-enditem|p2b: Incineroar|Chople Berry|[eat]\n|-enditem|p2b: Incineroar|Chople Berry|[weaken]\n|-damage|p2b: Incineroar|13/100\n|-unboost|p1a: Sneasler|def|1\n|-unboost|p1a: Sneasler|spd|1\n|-enditem|p1a: Sneasler|White Herb\n|-clearnegativeboost|p1a: Sneasler|[silent]\n|move|p1b: Incineroar|Flare Blitz|p2a: Starmie\n|-resisted|p2a: Starmie|1\n|-end|p2a: Starmie|Substitute\n|-damage|p1b: Incineroar|41/100|[from] Recoil|[of] p2a: Starmie\n|move|p2b: Incineroar|Will-O-Wisp|p1a: Sneasler\n|-status|p1a: Sneasler|brn\n|\n|-weather|none\n|-damage|p1a: Sneasler|95/100 brn|[from] brn\n|-damage|p2a: Starmie|22/100 brn|[from] brn\n|upkeep\n|turn|6\n|inactive|jingming has 30 seconds left.\n|\n|t:|1776133944\n|switch|p1a: Ninetales|Ninetales, L50, F|100/100\n|-weather|SunnyDay|[from] ability: Drought|[of] p1a: Ninetales\n|move|p2a: Starmie|Protect|p2a: Starmie\n|-singleturn|p2a: Starmie|Protect\n|move|p1b: Incineroar|Flare Blitz|p2b: Incineroar\n|-resisted|p2b: Incineroar|1\n|-damage|p2b: Incineroar|0 fnt\n|faint|p2b: Incineroar\n|-damage|p1b: Incineroar|37/100|[from] Recoil\n|\n|-weather|SunnyDay|[upkeep]\n|-damage|p2a: Starmie|17/100 brn|[from] brn\n|upkeep\n|\n|t:|1776133953\n|switch|p2b: Mimikyu|Mimikyu, L50, F|100/100\n|turn|7\n|\n|t:|1776133963\n|move|p2a: Starmie|Liquidation|p1b: Incineroar\n|-supereffective|p1b: Incineroar|1\n|-damage|p1b: Incineroar|17/100\n|-unboost|p1b: Incineroar|def|1\n|move|p1a: Ninetales|Heat Wave|p2b: Mimikyu|[spread] p2a,p2b\n|-resisted|p2a: Starmie|1\n|-damage|p2a: Starmie|0 fnt\n|-activate|p2b: Mimikyu|ability: Disguise\n|-damage|p2b: Mimikyu|100/100\n|detailschange|p2b: Mimikyu|Mimikyu-Busted, L50, F\n|-damage|p2b: Mimikyu|88/100|[from] pokemon: Mimikyu-Busted\n|faint|p2a: Starmie\n|move|p2b: Mimikyu|Psych Up|p2: Starmie|[notarget]\n|-fail|p2b: Mimikyu\n|move|p1b: Incineroar|Will-O-Wisp|p2b: Mimikyu\n|-status|p2b: Mimikyu|brn\n|\n|-weather|SunnyDay|[upkeep]\n|-damage|p2b: Mimikyu|82/100 brn|[from] brn\n|upkeep\n|turn|8\n|\n|t:|1776133987\n|move|p1a: Ninetales|Heat Wave|p2b: Mimikyu\n|-damage|p2b: Mimikyu|33/100 brn\n|move|p2b: Mimikyu|Drain Punch|p1b: Incineroar\n|-supereffective|p1b: Incineroar|1\n|-damage|p1b: Incineroar|0 fnt\n|-heal|p2b: Mimikyu|43/100 brn|[from] drain|[of] p1b: Incineroar\n|faint|p1b: Incineroar\n|\n|-weather|SunnyDay|[upkeep]\n|-damage|p2b: Mimikyu|37/100 brn|[from] brn\n|upkeep\n|\n|t:|1776133992\n|switch|p1b: Sneasler|Sneasler, L50, F|95/100 brn\n|turn|9\n|l|\u2606jingming\n|inactive|jingming disconnected and has a minute to reconnect!\n|player|p2|\n|j|\u2606jingming\n|inactive|jingming reconnected and has 40 seconds left.\n|player|p2|jingming|nate|\n|\n|t:|1776134011\n|move|p1b: Sneasler|Dire Claw|p2b: Mimikyu\n|-damage|p2b: Mimikyu|11/100 brn\n|move|p1a: Ninetales|Heat Wave|p2b: Mimikyu\n|-damage|p2b: Mimikyu|0 fnt\n|faint|p2b: Mimikyu\n|\n|win|eobrocas\n|raw|eobrocas's rating: 1057 &rarr; <strong>1092</strong><br />(+35 for winning)\n|raw|jingming's rating: 1094 &rarr; <strong>1067</strong><br />(-27 for losing)\n",
  "uploadtime": 1776134015,
  "views": 11,
  "formatid": "gen9championsvgc2026regma",
  "rating": 1067,
  "private": 0,
  "password": null
}