{
  "id": "gen9championsvgc2026regma-2588524165",
  "format": "[Gen 9 Champions] VGC 2026 Reg M-A",
  "players": [
    "OPpizzas",
    "sdlt 2krl coolguy"
  ],
  "log": "|j|\u2606OPpizzas\n|j|\u2606sdlt 2krl coolguy\n|t:|1776641497\n|gametype|doubles\n|player|p1|OPpizzas|iris-gen5bw2|1162\n|player|p2|sdlt 2krl coolguy|leon-masters2|1226\n|gen|9\n|tier|[Gen 9 Champions] VGC 2026 Reg M-A\n|rated|\n|rule|Species Clause: Limit one of each Pok\u00e9mon\n|rule|Item Clause: Limit 1 of each item\n|clearpoke\n|poke|p1|Garchomp, L50, F|\n|poke|p1|Tyranitar, L50, F|\n|poke|p1|Aerodactyl, L50, M|\n|poke|p1|Sneasler, L50, F|\n|poke|p1|Sinistcha-Masterpiece, L50|\n|poke|p1|Rotom-Wash, L50|\n|poke|p2|Floette-Eternal, L50, F|\n|poke|p2|Incineroar, L50, M|\n|poke|p2|Sinistcha, L50|\n|poke|p2|Garchomp, L50, F|\n|poke|p2|Sneasler, L50, F|\n|poke|p2|Kingambit, L50, M|\n|teampreview|4\n|inactive|Battle timer is ON: inactive players will automatically lose when time's up. (requested by sdlt 2krl coolguy)\n|\n|t:|1776641525\n|teamsize|p1|4\n|teamsize|p2|4\n|start\n|switch|p1a: Sneasler|Sneasler, L50, F|100/100\n|switch|p1b: Sinistcha|Sinistcha-Masterpiece, L50|100/100\n|switch|p2a: Floette|Floette-Eternal, L50, F|100/100\n|switch|p2b: Incineroar|Incineroar, L50, M|100/100\n|-ability|p2b: Incineroar|Intimidate|boost\n|-unboost|p1a: Sneasler|atk|1\n|-unboost|p1b: Sinistcha|atk|1\n|-enditem|p1a: Sneasler|White Herb\n|-clearnegativeboost|p1a: Sneasler|[silent]\n|turn|1\n|\n|t:|1776641543\n|detailschange|p2a: Floette|Floette-Mega, L50, F\n|-mega|p2a: Floette|Floette|Floettite\n|-ability|p2a: Floette|Fairy Aura\n|move|p1a: Sneasler|Fake Out|p2a: Floette\n|-damage|p2a: Floette|86/100\n|move|p2b: Incineroar|Fake Out|p1a: Sneasler\n|-damage|p1a: Sneasler|84/100\n|move|p1b: Sinistcha|Rage Powder|p1b: Sinistcha\n|-singleturn|p1b: Sinistcha|move: Rage Powder\n|cant|p2a: Floette|flinch\n|\n|upkeep\n|turn|2\n|\n|t:|1776641560\n|switch|p2b: Sinistcha|Sinistcha, L50|100/100\n|-heal|p2a: Floette|100/100|[from] ability: Hospitality|[of] p2b: Sinistcha\n|move|p2a: Floette|Protect|p2a: Floette\n|-singleturn|p2a: Floette|Protect\n|move|p1b: Sinistcha|Rage Powder|p1b: Sinistcha\n|-singleturn|p1b: Sinistcha|move: Rage Powder\n|move|p1a: Sneasler|Dire Claw|p2a: Floette\n|-activate|p2a: Floette|move: Protect\n|\n|upkeep\n|turn|3\n|inactive|OPpizzas has 30 seconds left.\n|inactive|OPpizzas has 20 seconds left.\n|\n|t:|1776641599\n|switch|p1b: Tyranitar|Tyranitar, L50, F|100/100\n|-weather|Sandstorm|[from] ability: Sand Stream|[of] p1b: Tyranitar\n|move|p1a: Sneasler|Protect|p1a: Sneasler\n|-singleturn|p1a: Sneasler|Protect\n|move|p2b: Sinistcha|Rage Powder|p2b: Sinistcha\n|-singleturn|p2b: Sinistcha|move: Rage Powder\n|move|p2a: Floette|Dazzling Gleam|p1b: Tyranitar|[spread] p1b\n|-activate|p1a: Sneasler|move: Protect\n|-supereffective|p1b: Tyranitar|1\n|-damage|p1b: Tyranitar|38/100\n|\n|-weather|Sandstorm|[upkeep]\n|-damage|p1a: Sneasler|78/100|[from] Sandstorm\n|-damage|p2a: Floette|94/100|[from] Sandstorm\n|-damage|p2b: Sinistcha|94/100|[from] Sandstorm\n|upkeep\n|turn|4\n|\n|t:|1776641620\n|detailschange|p1b: Tyranitar|Tyranitar-Mega, L50, F\n|-mega|p1b: Tyranitar|Tyranitar|Tyranitarite\n|move|p1b: Tyranitar|Protect|p1b: Tyranitar\n|-singleturn|p1b: Tyranitar|Protect\n|move|p2b: Sinistcha|Rage Powder|p2b: Sinistcha\n|-singleturn|p2b: Sinistcha|move: Rage Powder\n|move|p1a: Sneasler|Dire Claw|p2b: Sinistcha\n|-damage|p2b: Sinistcha|54/100\n|move|p2a: Floette|Dazzling Gleam|p1a: Sneasler|[spread] p1a\n|-activate|p1b: Tyranitar|move: Protect\n|-damage|p1a: Sneasler|10/100\n|\n|-weather|Sandstorm|[upkeep]\n|-damage|p1a: Sneasler|4/100|[from] Sandstorm\n|-damage|p2a: Floette|88/100|[from] Sandstorm\n|-damage|p2b: Sinistcha|48/100|[from] Sandstorm\n|-enditem|p2b: Sinistcha|Sitrus Berry|[eat]\n|-heal|p2b: Sinistcha|72/100|[from] item: Sitrus Berry\n|upkeep\n|turn|5\n|\n|t:|1776641638\n|switch|p1a: Sinistcha|Sinistcha-Masterpiece, L50|100/100\n|-heal|p1b: Tyranitar|63/100|[from] ability: Hospitality|[of] p1a: Sinistcha\n|switch|p1b: Aerodactyl|Aerodactyl, L50, M|100/100\n|-ability|p1b: Aerodactyl|Unnerve\n|move|p2b: Sinistcha|Rage Powder|p2b: Sinistcha\n|-singleturn|p2b: Sinistcha|move: Rage Powder\n|move|p2a: Floette|Dazzling Gleam|p1a: Sinistcha|[spread] p1a,p1b\n|-damage|p1a: Sinistcha|54/100\n|-damage|p1b: Aerodactyl|55/100\n|\n|-weather|Sandstorm|[upkeep]\n|-damage|p2a: Floette|82/100|[from] Sandstorm\n|-damage|p2b: Sinistcha|66/100|[from] Sandstorm\n|-damage|p1a: Sinistcha|48/100|[from] Sandstorm\n|-enditem|p1a: Sinistcha|Sitrus Berry|[eat]\n|-heal|p1a: Sinistcha|73/100|[from] item: Sitrus Berry\n|upkeep\n|turn|6\n|\n|t:|1776641656\n|switch|p2b: Incineroar|Incineroar, L50, M|100/100\n|-ability|p2b: Incineroar|Intimidate|boost\n|-unboost|p1a: Sinistcha|atk|1\n|-unboost|p1b: Aerodactyl|atk|1\n|move|p1b: Aerodactyl|Dual Wingbeat|p2b: Incineroar\n|-damage|p2b: Incineroar|93/100\n|-damage|p2b: Incineroar|84/100\n|-hitcount|p2b: Incineroar|2\n|move|p2a: Floette|Dazzling Gleam|p1b: Aerodactyl|[spread] p1a,p1b\n|-damage|p1a: Sinistcha|24/100\n|-damage|p1b: Aerodactyl|9/100\n|move|p1a: Sinistcha|Matcha Gotcha|p2b: Incineroar|[spread] p2a\n|-miss|p1a: Sinistcha|p2b: Incineroar\n|-damage|p2a: Floette|65/100\n|-heal|p1a: Sinistcha|33/100|[from] drain|[of] p2a: Floette\n|-status|p2a: Floette|brn\n|\n|-weather|Sandstorm|[upkeep]\n|-damage|p2a: Floette|59/100 brn|[from] Sandstorm\n|-damage|p2b: Incineroar|78/100|[from] Sandstorm\n|-damage|p1a: Sinistcha|27/100|[from] Sandstorm\n|-damage|p2a: Floette|53/100 brn|[from] brn\n|upkeep\n|turn|7\n|\n|t:|1776641675\n|switch|p2b: Sinistcha|Sinistcha, L50|66/100\n|-heal|p2a: Floette|78/100 brn|[from] ability: Hospitality|[of] p2b: Sinistcha\n|move|p1b: Aerodactyl|Tailwind|p1b: Aerodactyl\n|-sidestart|p1: OPpizzas|move: Tailwind\n|move|p1a: Sinistcha|Strength Sap|p2b: Sinistcha\n|-unboost|p2b: Sinistcha|atk|1\n|-heal|p1a: Sinistcha|67/100\n|move|p2a: Floette|Dazzling Gleam|p1b: Aerodactyl|[spread] p1a,p1b\n|-damage|p1a: Sinistcha|16/100\n|-damage|p1b: Aerodactyl|0 fnt\n|faint|p1b: Aerodactyl\n|\n|-weather|none\n|-damage|p2a: Floette|72/100 brn|[from] brn\n|upkeep\n|\n|t:|1776641689\n|switch|p1b: Tyranitar|Tyranitar-Mega, L50, F|63/100\n|-weather|Sandstorm|[from] ability: Sand Stream|[of] p1b: Tyranitar\n|turn|8\n|\n|t:|1776641699\n|move|p2b: Sinistcha|Rage Powder|p2b: Sinistcha\n|-singleturn|p2b: Sinistcha|move: Rage Powder\n|move|p1b: Tyranitar|Knock Off|p2b: Sinistcha\n|-supereffective|p2b: Sinistcha|1\n|-damage|p2b: Sinistcha|0 fnt\n|faint|p2b: Sinistcha\n|move|p1a: Sinistcha|Strength Sap|p2a: Floette\n|-unboost|p2a: Floette|atk|1\n|-heal|p1a: Sinistcha|69/100\n|move|p2a: Floette|Dazzling Gleam|p1a: Sinistcha|[spread] p1a,p1b\n|-supereffective|p1b: Tyranitar|1\n|-damage|p1a: Sinistcha|20/100\n|-damage|p1b: Tyranitar|16/100\n|\n|-weather|Sandstorm|[upkeep]\n|-damage|p1a: Sinistcha|14/100|[from] Sandstorm\n|-damage|p2a: Floette|66/100 brn|[from] Sandstorm\n|-damage|p2a: Floette|60/100 brn|[from] brn\n|upkeep\n|\n|t:|1776641704\n|switch|p2b: Incineroar|Incineroar, L50, M|78/100\n|-ability|p2b: Incineroar|Intimidate|boost\n|-unboost|p1a: Sinistcha|atk|1\n|-unboost|p1b: Tyranitar|atk|1\n|turn|9\n|\n|t:|1776641723\n|switch|p2b: Garchomp|Garchomp, L50, F|100/100\n|move|p1b: Tyranitar|Protect|p1b: Tyranitar\n|-singleturn|p1b: Tyranitar|Protect\n|move|p1a: Sinistcha|Strength Sap|p2b: Garchomp\n|-unboost|p2b: Garchomp|atk|1\n|-heal|p1a: Sinistcha|100/100\n|move|p2a: Floette|Dazzling Gleam|p1a: Sinistcha|[spread] p1a\n|-activate|p1b: Tyranitar|move: Protect\n|-damage|p1a: Sinistcha|51/100\n|\n|-weather|Sandstorm|[upkeep]\n|-damage|p1a: Sinistcha|45/100|[from] Sandstorm\n|-damage|p2a: Floette|54/100 brn|[from] Sandstorm\n|-damage|p2a: Floette|47/100 brn|[from] brn\n|upkeep\n|turn|10\n|inactive|OPpizzas has 30 seconds left.\n|\n|t:|1776641757\n|switch|p2b: Incineroar|Incineroar, L50, M|78/100\n|-ability|p2b: Incineroar|Intimidate|boost\n|-unboost|p1a: Sinistcha|atk|1\n|-unboost|p1b: Tyranitar|atk|1\n|move|p1b: Tyranitar|Rock Slide|p2a: Floette|[spread] p2a\n|-miss|p1b: Tyranitar|p2b: Incineroar\n|-damage|p2a: Floette|28/100 brn\n|move|p1a: Sinistcha|Matcha Gotcha|p2b: Incineroar|[spread] p2a,p2b\n|-resisted|p2b: Incineroar|1\n|-damage|p2a: Floette|10/100 brn\n|-heal|p1a: Sinistcha|54/100|[from] drain|[of] p2a: Floette\n|-damage|p2b: Incineroar|66/100\n|-heal|p1a: Sinistcha|61/100|[from] drain|[of] p2b: Incineroar\n|move|p2a: Floette|Moonblast|p1a: Sinistcha\n|-damage|p1a: Sinistcha|0 fnt\n|faint|p1a: Sinistcha\n|\n|-weather|Sandstorm|[upkeep]\n|-damage|p2a: Floette|4/100 brn|[from] Sandstorm\n|-damage|p2b: Incineroar|60/100|[from] Sandstorm\n|-damage|p2a: Floette|0 fnt|[from] brn\n|faint|p2a: Floette\n|-sideend|p1: OPpizzas|move: Tailwind\n|upkeep\n|\n|t:|1776641774\n|switch|p2a: Garchomp|Garchomp, L50, F|100/100\n|switch|p1a: Sneasler|Sneasler, L50, F|4/100\n|turn|11\n|\n|t:|1776641790\n|move|p1a: Sneasler|Protect|p1a: Sneasler\n|-singleturn|p1a: Sneasler|Protect\n|move|p1b: Tyranitar|Protect|p1b: Tyranitar\n|-singleturn|p1b: Tyranitar|Protect\n|move|p2b: Incineroar|Fake Out|p1a: Sneasler\n|-activate|p1a: Sneasler|move: Protect\n|move|p2a: Garchomp|Stomping Tantrum|p1b: Tyranitar\n|-activate|p1b: Tyranitar|move: Protect\n|\n|-weather|Sandstorm|[upkeep]\n|-damage|p1a: Sneasler|0 fnt|[from] Sandstorm\n|-damage|p2b: Incineroar|54/100|[from] Sandstorm\n|faint|p1a: Sneasler\n|upkeep\n|turn|12\n|\n|t:|1776641805\n|move|p2a: Garchomp|Stomping Tantrum|p1b: Tyranitar\n|-supereffective|p1b: Tyranitar|1\n|-damage|p1b: Tyranitar|0 fnt\n|faint|p1b: Tyranitar\n|\n|win|sdlt 2krl coolguy\n|raw|OPpizzas's rating: 1162 &rarr; <strong>1142</strong><br />(-20 for losing)\n|raw|sdlt 2krl coolguy's rating: 1226 &rarr; <strong>1246</strong><br />(+20 for winning)\n",
  "uploadtime": 1776641805,
  "views": 12,
  "formatid": "gen9championsvgc2026regma",
  "rating": 1142,
  "private": 0,
  "password": null
}