{
  "id": "gen9championsvgc2026regma-2586111545",
  "format": "[Gen 9 Champions] VGC 2026 Reg M-A",
  "players": [
    "0ten",
    "skibidi toliet 67"
  ],
  "log": "|j|\u26060ten\n|j|\u2606skibidi toliet 67\n|t:|1776400349\n|gametype|doubles\n|player|p1|0ten|pokemaniac|1000\n|player|p2|skibidi toliet 67|preschooler|1000\n|gen|9\n|tier|[Gen 9 Champions] VGC 2026 Reg M-A\n|rated|\n|rule|Species Clause: Limit one of each Pok\u00e9mon\n|rule|Item Clause: Limit 1 of each item\n|clearpoke\n|poke|p1|Beedrill, L50, M|\n|poke|p1|Sableye, L50, M|\n|poke|p1|Blastoise, L50, M|\n|poke|p1|Trevenant, L50, M|\n|poke|p1|Diggersby, L50, M|\n|poke|p1|Rampardos, L50, M|\n|poke|p2|Slowbro, L50, M|\n|poke|p2|Decidueye-Hisui, L50, M|\n|poke|p2|Incineroar, L50, M|\n|poke|p2|Sinistcha, L50|\n|poke|p2|Golurk, L50|\n|poke|p2|Farigiraf, L50, F|\n|teampreview|4\n|inactive|Battle timer is ON: inactive players will automatically lose when time's up. (requested by 0ten)\n|inactive|skibidi toliet 67 has 60 seconds left.\n|\n|t:|1776400383\n|teamsize|p1|4\n|teamsize|p2|4\n|start\n|switch|p1a: Blastoise|Blastoise, L50, M|100/100\n|switch|p1b: Diggersby|Diggersby, L50, M, shiny|100/100\n|switch|p2a: Red Cat|Incineroar, L50, M|100/100\n|switch|p2b: Farigiraf|Farigiraf, L50, F|100/100\n|-ability|p2a: Red Cat|Intimidate|boost\n|-unboost|p1a: Blastoise|atk|1\n|-unboost|p1b: Diggersby|atk|1\n|turn|1\n|inactive|skibidi toliet 67 has 30 seconds left.\n|\n|t:|1776400409\n|move|p1a: Blastoise|Fake Out||[still]\n|cant|p2b: Farigiraf|ability: Armor Tail|Fake Out|[of] p1a: Blastoise\n|move|p2a: Red Cat|Fake Out|p1a: Blastoise\n|-damage|p1a: Blastoise|92/100\n|move|p1b: Diggersby|Swords Dance|p1b: Diggersby\n|-boost|p1b: Diggersby|atk|2\n|move|p2b: Farigiraf|Trick Room|p2b: Farigiraf\n|-fieldstart|move: Trick Room|[of] p2b: Farigiraf\n|\n|-heal|p1a: Blastoise|98/100|[from] item: Leftovers\n|upkeep\n|turn|2\n|\n|t:|1776400433\n|move|p2b: Farigiraf|Hyper Voice|p1b: Diggersby|[spread] p1a,p1b\n|-crit|p1a: Blastoise\n|-damage|p1a: Blastoise|63/100\n|-damage|p1b: Diggersby|72/100\n|move|p2a: Red Cat|Parting Shot|p1b: Diggersby\n|-unboost|p1b: Diggersby|atk|1\n|-unboost|p1b: Diggersby|spa|1\n|\n|t:|1776400450\n|switch|p2a: Golurk|Golurk, L50|100/100|[from] Parting Shot\n|move|p1a: Blastoise|Life Dew|p1a: Blastoise|[spread] p1a,p1b\n|-heal|p1a: Blastoise|89/100\n|-heal|p1b: Diggersby|97/100\n|move|p1b: Diggersby|Earthquake|p2a: Golurk|[spread] p1a,p2a,p2b\n|-damage|p1a: Blastoise|53/100\n|-damage|p2a: Golurk|43/100\n|-damage|p2b: Farigiraf|57/100\n|\n|-heal|p1a: Blastoise|59/100|[from] item: Leftovers\n|upkeep\n|turn|3\n|inactive|skibidi toliet 67 has 30 seconds left.\n|\n|t:|1776400479\n|switch|p2b: Green Tea|Sinistcha, L50|100/100\n|-heal|p2a: Golurk|68/100|[from] ability: Hospitality|[of] p2b: Green Tea\n|move|p2a: Golurk|Headlong Rush|p1b: Diggersby\n|-damage|p1b: Diggersby|8/100\n|-unboost|p2a: Golurk|def|1\n|-unboost|p2a: Golurk|spd|1\n|move|p1a: Blastoise|Icy Wind|p2b: Green Tea|[spread] p2a,p2b\n|-supereffective|p2a: Golurk|1\n|-supereffective|p2b: Green Tea|1\n|-damage|p2a: Golurk|42/100\n|-damage|p2b: Green Tea|82/100\n|-unboost|p2a: Golurk|spe|1\n|-unboost|p2b: Green Tea|spe|1\n|move|p1b: Diggersby|Earthquake|p2a: Golurk|[spread] p1a,p2a,p2b\n|-resisted|p2b: Green Tea|1\n|-damage|p1a: Blastoise|24/100\n|-damage|p2a: Golurk|0 fnt\n|-damage|p2b: Green Tea|60/100\n|faint|p2a: Golurk\n|\n|-heal|p1a: Blastoise|30/100|[from] item: Leftovers\n|upkeep\n|\n|t:|1776400501\n|switch|p2a: Farigiraf|Farigiraf, L50, F|57/100\n|turn|4\n|\n|t:|1776400517\n|move|p2b: Green Tea|Matcha Gotcha|p1b: Diggersby|[spread] p1a,p1b\n|-supereffective|p1a: Blastoise|1\n|-supereffective|p1b: Diggersby|1\n|-damage|p1a: Blastoise|0 fnt\n|-heal|p2b: Green Tea|75/100|[from] drain|[of] p1a: Blastoise\n|-damage|p1b: Diggersby|0 fnt\n|-heal|p2b: Green Tea|79/100|[from] drain|[of] p1b: Diggersby\n|faint|p1a: Blastoise\n|faint|p1b: Diggersby\n|move|p2a: Farigiraf|Twin Beam|p1: Blastoise|[notarget]\n|-fail|p2a: Farigiraf\n|\n|upkeep\n|\n|t:|1776400528\n|switch|p1a: Rampardos|Rampardos, L50, M, shiny|100/100\n|switch|p1b: Beedrill|Beedrill, L50, M, shiny|100/100\n|turn|5\n|inactive|skibidi toliet 67 has 30 seconds left.\n|\n|t:|1776400557\n|switch|p2b: Red Cat|Incineroar, L50, M|100/100\n|-ability|p2b: Red Cat|Intimidate|boost\n|-unboost|p1a: Rampardos|atk|1\n|-unboost|p1b: Beedrill|atk|1\n|detailschange|p1b: Beedrill|Beedrill-Mega, L50, M, shiny\n|-mega|p1b: Beedrill|Beedrill|Beedrillite\n|move|p2a: Farigiraf|Hyper Voice|p1b: Beedrill|[spread] p1a,p1b\n|-resisted|p1a: Rampardos|1\n|-damage|p1a: Rampardos|78/100\n|-damage|p1b: Beedrill|64/100\n|move|p1a: Rampardos|Rock Slide|p2b: Red Cat|[spread] p2a,p2b\n|-supereffective|p2b: Red Cat|1\n|-damage|p2a: Farigiraf|28/100\n|-damage|p2b: Red Cat|51/100\n|move|p1b: Beedrill|Poison Jab|p2b: Red Cat\n|-damage|p2b: Red Cat|14/100\n|-status|p2b: Red Cat|psn\n|-enditem|p2b: Red Cat|Lum Berry|[eat]\n|-curestatus|p2b: Red Cat|psn|[msg]\n|\n|-fieldend|move: Trick Room\n|upkeep\n|turn|6\n|inactive|skibidi toliet 67 has 30 seconds left.\n|\n|t:|1776400583\n|move|p2b: Red Cat|Fake Out|p1b: Beedrill\n|-damage|p1b: Beedrill|36/100\n|cant|p1b: Beedrill|flinch\n|move|p1a: Rampardos|Rock Slide|p2b: Red Cat|[spread] p2a\n|-miss|p1a: Rampardos|p2b: Red Cat\n|-damage|p2a: Farigiraf|2/100\n|move|p2a: Farigiraf|Trick Room|p2a: Farigiraf\n|-fieldstart|move: Trick Room|[of] p2a: Farigiraf\n|\n|upkeep\n|turn|7\n|\n|t:|1776400602\n|switch|p2b: Green Tea|Sinistcha, L50|79/100\n|-heal|p2a: Farigiraf|27/100|[from] ability: Hospitality|[of] p2b: Green Tea\n|move|p2a: Farigiraf|Hyper Voice|p1b: Beedrill|[spread] p1a,p1b\n|-resisted|p1a: Rampardos|1\n|-damage|p1a: Rampardos|58/100\n|-damage|p1b: Beedrill|0 fnt\n|faint|p1b: Beedrill\n|move|p1a: Rampardos|Rock Slide|p2a: Farigiraf|[spread] p2a,p2b\n|-damage|p2a: Farigiraf|0 fnt\n|-damage|p2b: Green Tea|53/100\n|faint|p2a: Farigiraf\n|\n|upkeep\n|\n|t:|1776400614\n|switch|p2a: Red Cat|Incineroar, L50, M|14/100\n|-ability|p2a: Red Cat|Intimidate|boost\n|-unboost|p1a: Rampardos|atk|1\n|turn|8\n|\n|t:|1776400624\n|move|p2a: Red Cat|Fake Out|p1a: Rampardos\n|-resisted|p1a: Rampardos|1\n|-damage|p1a: Rampardos|50/100\n|move|p2b: Green Tea|Matcha Gotcha|p1a: Rampardos\n|-supereffective|p1a: Rampardos|1\n|-damage|p1a: Rampardos|0 fnt\n|-heal|p2b: Green Tea|77/100|[from] drain|[of] p1a: Rampardos\n|faint|p1a: Rampardos\n|\n|win|skibidi toliet 67\n|raw|0ten's rating: 1000 &rarr; <strong>1000</strong><br />(+0 for losing)\n|raw|skibidi toliet 67's rating: 1000 &rarr; <strong>1040</strong><br />(+40 for winning)\n|l|\u26060ten\n|player|p1|\n",
  "uploadtime": 1776400637,
  "views": 27,
  "formatid": "gen9championsvgc2026regma",
  "rating": 1000,
  "private": 0,
  "password": null
}