{
  "id": "gen9championsvgc2026regma-2586464701",
  "format": "[Gen 9 Champions] VGC 2026 Reg M-A",
  "players": [
    "tantanisnice",
    "1#MiraidonHater"
  ],
  "log": "|j|\u2606tantanisnice\n|j|\u26061#MiraidonHater\n|t:|1776436535\n|gametype|doubles\n|player|p1|tantanisnice|swimmer-gen4dp|1215\n|player|p2|1#MiraidonHater|1|1232\n|gen|9\n|tier|[Gen 9 Champions] VGC 2026 Reg M-A\n|rated|\n|rule|Species Clause: Limit one of each Pok\u00e9mon\n|rule|Item Clause: Limit 1 of each item\n|clearpoke\n|poke|p1|Chesnaught, L50, M|\n|poke|p1|Archaludon, L50, F|\n|poke|p1|Farigiraf, L50, M|\n|poke|p1|Arbok, L50, M|\n|poke|p1|Chandelure, L50, M|\n|poke|p1|Milotic, L50, F|\n|poke|p2|Glimmora, L50, F|\n|poke|p2|Kangaskhan, L50, F|\n|poke|p2|Kommo-o, L50, F|\n|poke|p2|Sinistcha-Masterpiece, L50|\n|poke|p2|Rotom-Wash, L50|\n|poke|p2|Kingambit, L50, F|\n|teampreview|4\n|inactive|Battle timer is ON: inactive players will automatically lose when time's up. (requested by tantanisnice)\ntantanisnice rejected open team sheets.\n|\n|t:|1776436606\n|teamsize|p1|4\n|teamsize|p2|4\n|start\n|switch|p1a: Chesnaught|Chesnaught, L50, M|100/100\n|switch|p1b: Arbok|Arbok, L50, M|100/100\n|switch|p2a: Glimmora|Glimmora, L50, F|100/100\n|switch|p2b: Kommo-o|Kommo-o, L50, F|100/100\n|-ability|p1b: Arbok|Intimidate|boost\n|-unboost|p2a: Glimmora|atk|1\n|-unboost|p2b: Kommo-o|atk|1\n|turn|1\n|\n|t:|1776436626\n|detailschange|p2a: Glimmora|Glimmora-Mega, L50, F\n|-mega|p2a: Glimmora|Glimmora|Glimmoranite\n|detailschange|p1a: Chesnaught|Chesnaught-Mega, L50, M\n|-mega|p1a: Chesnaught|Chesnaught|Chesnaughtite\n|move|p2a: Glimmora|Earth Power|p1b: Arbok\n|-supereffective|p1b: Arbok|1\n|-damage|p1b: Arbok|32/100\n|move|p2b: Kommo-o|Clangorous Soul|p2b: Kommo-o\n|-boost|p2b: Kommo-o|atk|1\n|-boost|p2b: Kommo-o|def|1\n|-boost|p2b: Kommo-o|spa|1\n|-boost|p2b: Kommo-o|spd|1\n|-boost|p2b: Kommo-o|spe|1\n|-damage|p2b: Kommo-o|68/100\n|move|p1b: Arbok|Glare|p2b: Kommo-o\n|-status|p2b: Kommo-o|par\n|move|p1a: Chesnaught|Leech Seed|p2b: Kommo-o\n|-start|p2b: Kommo-o|move: Leech Seed\n|\n|-heal|p2b: Kommo-o|74/100 par|[from] item: Leftovers\n|-damage|p2b: Kommo-o|61/100 par|[from] Leech Seed|[of] p1a: Chesnaught\n|upkeep\n|turn|2\n|inactive|tantanisnice has 30 seconds left.\n|\n|t:|1776436652\n|switch|p2a: Sinistcha|Sinistcha-Masterpiece, L50|100/100\n|-heal|p2b: Kommo-o|86/100 par|[from] ability: Hospitality|[of] p2a: Sinistcha\n|switch|p1b: Farigiraf|Farigiraf, L50, M|100/100\n|move|p2b: Kommo-o|Clanging Scales|p1b: Farigiraf|[spread] p1a,p1b\n|-damage|p1a: Chesnaught|62/100\n|-damage|p1b: Farigiraf|70/100\n|-unboost|p2b: Kommo-o|def|1\n|move|p1a: Chesnaught|Leech Seed|p2a: Sinistcha\n|-immune|p2a: Sinistcha\n|\n|-heal|p2b: Kommo-o|93/100 par|[from] item: Leftovers\n|-damage|p2b: Kommo-o|80/100 par|[from] Leech Seed|[of] p1a: Chesnaught\n|-heal|p1a: Chesnaught|73/100|[silent]\n|upkeep\n|turn|3\n|\n|t:|1776436673\n|switch|p2b: Glimmora|Glimmora-Mega, L50, F|100/100\n|move|p1a: Chesnaught|Spiky Shield|p1a: Chesnaught\n|-singleturn|p1a: Chesnaught|move: Protect\n|move|p2a: Sinistcha|Matcha Gotcha|p1b: Farigiraf|[spread] p1b\n|-activate|p1a: Chesnaught|move: Protect\n|-damage|p1b: Farigiraf|54/100\n|move|p1b: Farigiraf|Trick Room|p1b: Farigiraf\n|-fieldstart|move: Trick Room|[of] p1b: Farigiraf\n|\n|upkeep\n|turn|4\n|inactive|tantanisnice has 30 seconds left.\n|inactive|1#MiraidonHater has 30 seconds left.\n|\n|t:|1776436699\n|move|p1b: Farigiraf|Helping Hand|p1a: Chesnaught\n|-singleturn|p1a: Chesnaught|Helping Hand|[of] p1b: Farigiraf\n|move|p1a: Chesnaught|Body Press|p2b: Glimmora\n|-damage|p2b: Glimmora|17/100\n|move|p2a: Sinistcha|Matcha Gotcha|p1a: Chesnaught|[spread] p1a,p1b\n|-resisted|p1a: Chesnaught|1\n|-damage|p1a: Chesnaught|63/100\n|-damage|p1b: Farigiraf|35/100\n|-status|p1b: Farigiraf|brn\n|move|p2b: Glimmora|Power Gem|p1b: Farigiraf\n|-damage|p1b: Farigiraf|0 fnt\n|faint|p1b: Farigiraf\n|\n|upkeep\n|\n|t:|1776436713\n|switch|p1b: Arbok|Arbok, L50, M|32/100\n|-ability|p1b: Arbok|Intimidate|boost\n|-unboost|p2a: Sinistcha|atk|1\n|-unboost|p2b: Glimmora|atk|1\n|turn|5\n|\n|t:|1776436724\n|move|p2b: Glimmora|Spiky Shield|p2b: Glimmora\n|-singleturn|p2b: Glimmora|move: Protect\n|move|p1a: Chesnaught|Body Press|p2b: Glimmora\n|-activate|p2b: Glimmora|move: Protect\n|-damage|p1a: Chesnaught|50/100|[from] Spiky Shield|[of] p2b: Glimmora\n|move|p2a: Sinistcha|Matcha Gotcha|p1b: Arbok|[spread] p1a\n|-miss|p2a: Sinistcha|p1b: Arbok\n|-resisted|p1a: Chesnaught|1\n|-damage|p1a: Chesnaught|39/100\n|move|p1b: Arbok|Glare|p2a: Sinistcha\n|-status|p2a: Sinistcha|par\n|\n|upkeep\n|turn|6\n|\n|t:|1776436743\n|switch|p2b: Kommo-o|Kommo-o, L50, F|80/100 par\n|move|p2a: Sinistcha|Matcha Gotcha|p1a: Chesnaught|[spread] p1a,p1b\n|-resisted|p1a: Chesnaught|1\n|-resisted|p1b: Arbok|1\n|-damage|p1a: Chesnaught|29/100\n|-damage|p1b: Arbok|21/100\n|move|p1a: Chesnaught|Body Press|p2b: Kommo-o\n|-damage|p2b: Kommo-o|37/100 par\n|move|p1b: Arbok|Glare|p2b: Kommo-o\n|-fail|p2b: Kommo-o|par\n|\n|-heal|p2b: Kommo-o|43/100 par|[from] item: Leftovers\n|upkeep\n|turn|7\n|\n|t:|1776436763\n|move|p1a: Chesnaught|Spiky Shield|p1a: Chesnaught\n|-singleturn|p1a: Chesnaught|move: Protect\n|move|p2a: Sinistcha|Life Dew||[still]|[spread] p2a,p2b\n|-fail|p2a: Sinistcha|heal\n|-heal|p2b: Kommo-o|68/100 par\n|move|p2b: Kommo-o|Clanging Scales|p1a: Chesnaught|[spread] p1b\n|-activate|p1a: Chesnaught|move: Protect\n|-damage|p1b: Arbok|0 fnt\n|faint|p1b: Arbok\n|-unboost|p2b: Kommo-o|def|1\n|\n|-heal|p2b: Kommo-o|74/100 par|[from] item: Leftovers\n|-fieldend|move: Trick Room\n|upkeep\n|\n|t:|1776436772\n|switch|p1b: Chandelure|Chandelure, L50, M|100/100\n|turn|8\n|\n|t:|1776436787\n|move|p2a: Sinistcha|Protect|p2a: Sinistcha\n|-singleturn|p2a: Sinistcha|Protect\n|move|p1b: Chandelure|Psychic|p2b: Kommo-o\n|-supereffective|p2b: Kommo-o|1\n|-damage|p2b: Kommo-o|13/100 par\n|move|p2b: Kommo-o|Clanging Scales|p1a: Chesnaught|[spread] p1a,p1b\n|-damage|p1a: Chesnaught|4/100\n|-damage|p1b: Chandelure|52/100\n|-unboost|p2b: Kommo-o|def|1\n|move|p1a: Chesnaught|Crunch|p2a: Sinistcha\n|-activate|p2a: Sinistcha|move: Protect\n|\n|-heal|p2b: Kommo-o|19/100 par|[from] item: Leftovers\n|upkeep\n|turn|9\n|\n|t:|1776436802\n|move|p1a: Chesnaught|Spiky Shield|p1a: Chesnaught\n|-singleturn|p1a: Chesnaught|move: Protect\n|move|p1b: Chandelure|Psychic|p2b: Kommo-o\n|-supereffective|p2b: Kommo-o|1\n|-damage|p2b: Kommo-o|0 fnt\n|faint|p2b: Kommo-o\n|move|p2a: Sinistcha|Matcha Gotcha|p1b: Chandelure|[spread] p1b\n|-activate|p1a: Chesnaught|move: Protect\n|-resisted|p1b: Chandelure|1\n|-damage|p1b: Chandelure|36/100\n|\n|upkeep\n|\n|t:|1776436810\n|switch|p2b: Glimmora|Glimmora-Mega, L50, F|17/100\n|turn|10\n|\n|t:|1776436817\n|move|p1b: Chandelure|Psychic|p2b: Glimmora\n|-supereffective|p2b: Glimmora|1\n|-damage|p2b: Glimmora|0 fnt\n|faint|p2b: Glimmora\n|move|p1a: Chesnaught|Crunch|p2a: Sinistcha\n|-supereffective|p2a: Sinistcha|1\n|-damage|p2a: Sinistcha|62/100 par\n|move|p2a: Sinistcha|Matcha Gotcha|p1b: Chandelure|[spread] p1a,p1b\n|-resisted|p1a: Chesnaught|1\n|-crit|p1a: Chesnaught\n|-resisted|p1b: Chandelure|1\n|-damage|p1a: Chesnaught|0 fnt\n|-heal|p2a: Sinistcha|65/100 par|[from] drain|[of] p1a: Chesnaught\n|-damage|p1b: Chandelure|19/100\n|-heal|p2a: Sinistcha|71/100 par|[from] drain|[of] p1b: Chandelure\n|faint|p1a: Chesnaught\n|\n|upkeep\n|\n|t:|1776436831\n|switch|p2b: Rotom|Rotom-Wash, L50|100/100\n|turn|11\n|\n|t:|1776436840\n|move|p2a: Sinistcha|Rage Powder|p2a: Sinistcha\n|-singleturn|p2a: Sinistcha|move: Rage Powder\n|move|p1b: Chandelure|Psychic|p2a: Sinistcha\n|-damage|p2a: Sinistcha|35/100 par\n|-enditem|p2a: Sinistcha|Sitrus Berry|[eat]\n|-heal|p2a: Sinistcha|60/100 par|[from] item: Sitrus Berry\n|move|p2b: Rotom|Thunderbolt|p1b: Chandelure\n|-damage|p1b: Chandelure|0 fnt\n|faint|p1b: Chandelure\n|\n|win|1#MiraidonHater\n",
  "uploadtime": 1776436538,
  "views": 17,
  "formatid": "gen9championsvgc2026regma",
  "rating": null,
  "private": 0,
  "password": null
}