{
  "id": "gen9championsvgc2026regma-2580542702",
  "format": "[Gen 9 Champions] VGC 2026 Reg M-A",
  "players": [
    "Mendysmo",
    "BananaRamen"
  ],
  "log": "|j|\u2606Mendysmo\n|j|\u2606BananaRamen\n|t:|1775910916\n|gametype|doubles\n|player|p1|Mendysmo|1|1108\n|player|p2|BananaRamen|mira|1056\n|gen|9\n|tier|[Gen 9 Champions] VGC 2026 Reg M-A\n|rated|\n|rule|Species Clause: Limit one of each Pok\u00e9mon\n|rule|Item Clause: Limit 1 of each item\n|clearpoke\n|poke|p1|Garchomp, L50, M|\n|poke|p1|Kingambit, L50, M|\n|poke|p1|Dragapult, L50, M|\n|poke|p1|Sneasler, L50, F|\n|poke|p1|Charizard, L50, M|\n|poke|p1|Maushold, L50|\n|poke|p2|Charizard, L50, M|\n|poke|p2|Whimsicott, L50, F|\n|poke|p2|Garchomp, L50, M|\n|poke|p2|Kingambit, L50, M|\n|poke|p2|Sneasler, L50, F|\n|poke|p2|Incineroar, L50, M|\n|teampreview|4\n|\n|t:|1775910953\n|teamsize|p1|4\n|teamsize|p2|4\n|start\n|switch|p1a: Charizard|Charizard, L50, M|100/100\n|switch|p1b: Sneasler|Sneasler, L50, F|100/100\n|switch|p2a: Whimsicott|Whimsicott, L50, F|100/100\n|switch|p2b: Garchomp|Garchomp, L50, M|100/100\n|turn|1\n|\n|t:|1775910973\n|detailschange|p1a: Charizard|Charizard-Mega-Y, L50, M\n|-mega|p1a: Charizard|Charizard|Charizardite Y\n|-weather|SunnyDay|[from] ability: Drought|[of] p1a: Charizard\n|move|p2a: Whimsicott|Protect|p2a: Whimsicott\n|-singleturn|p2a: Whimsicott|Protect\n|move|p2b: Garchomp|Protect|p2b: Garchomp\n|-singleturn|p2b: Garchomp|Protect\n|move|p1b: Sneasler|Fake Out|p2b: Garchomp\n|-activate|p2b: Garchomp|move: Protect\n|move|p1a: Charizard|Heat Wave|p2b: Garchomp|[spread] \n|-activate|p2a: Whimsicott|move: Protect\n|-activate|p2b: Garchomp|move: Protect\n|\n|-weather|SunnyDay|[upkeep]\n|upkeep\n|turn|2\n|\n|t:|1775911027\n|switch|p1b: Maushold|Maushold, L50|100/100\n|move|p1a: Charizard|Protect|p1a: Charizard\n|-singleturn|p1a: Charizard|Protect\n|move|p2a: Whimsicott|Tailwind|p2a: Whimsicott\n|-sidestart|p2: BananaRamen|move: Tailwind\n|move|p2b: Garchomp|Earthquake|p1a: Charizard|[spread] p2a,p1b\n|-activate|p1a: Charizard|move: Protect\n|-resisted|p2a: Whimsicott|1\n|-damage|p2a: Whimsicott|72/100\n|-damage|p1b: Maushold|48/100\n|\n|-weather|SunnyDay|[upkeep]\n|upkeep\n|turn|3\n|\n|t:|1775911060\n|switch|p2a: Charizard|Charizard, L50, M|100/100\n|switch|p1a: Sneasler|Sneasler, L50, F|100/100\n|move|p2b: Garchomp|Swords Dance|p2b: Garchomp\n|-boost|p2b: Garchomp|atk|2\n|move|p1b: Maushold|Super Fang|p2b: Garchomp|[miss]\n|-miss|p1b: Maushold|p2b: Garchomp\n|\n|-weather|SunnyDay|[upkeep]\n|upkeep\n|turn|4\n|\n|t:|1775911082\n|detailschange|p2a: Charizard|Charizard-Mega-Y, L50, M\n|-mega|p2a: Charizard|Charizard|Charizardite Y\n|move|p1b: Maushold|Protect|p1b: Maushold\n|-singleturn|p1b: Maushold|Protect\n|move|p1a: Sneasler|Fake Out|p2b: Garchomp\n|-damage|p2b: Garchomp|87/100\n|-damage|p1a: Sneasler|88/100|[from] ability: Rough Skin|[of] p2b: Garchomp\n|cant|p2b: Garchomp|flinch\n|move|p2a: Charizard|Heat Wave|p1b: Maushold|[spread] p1a\n|-activate|p1b: Maushold|move: Protect\n|-damage|p1a: Sneasler|32/100\n|-status|p1a: Sneasler|brn\n|\n|-weather|SunnyDay|[upkeep]\n|-damage|p1a: Sneasler|27/100 brn|[from] brn\n|upkeep\n|turn|5\n|\n|t:|1775911115\n|move|p2b: Garchomp|Earthquake|p1b: Maushold|[spread] p1a,p1b\n|-immune|p2a: Charizard\n|-supereffective|p1a: Sneasler|1\n|-damage|p1a: Sneasler|0 fnt\n|-damage|p1b: Maushold|0 fnt\n|faint|p1a: Sneasler\n|faint|p1b: Maushold\n|move|p2a: Charizard|Heat Wave|p1: Sneasler|[notarget]\n|-fail|p2a: Charizard\n|\n|-weather|none\n|-sideend|p2: BananaRamen|move: Tailwind\n|upkeep\n|\n|t:|1775911125\n|switch|p1b: Charizard|Charizard-Mega-Y, L50, M|100/100\n|switch|p1a: Dragapult|Dragapult, L50, M|100/100\n|-weather|SunnyDay|[from] ability: Drought|[of] p1b: Charizard\n|turn|6\n|\n|t:|1775911166\n|move|p2b: Garchomp|Protect|p2b: Garchomp\n|-singleturn|p2b: Garchomp|Protect\n|move|p1b: Charizard|Protect|p1b: Charizard\n|-singleturn|p1b: Charizard|Protect\n|move|p1a: Dragapult|Draco Meteor|p2b: Garchomp\n|-activate|p2b: Garchomp|move: Protect\n|move|p2a: Charizard|Heat Wave|p1a: Dragapult|[spread] p1a\n|-activate|p1b: Charizard|move: Protect\n|-resisted|p1a: Dragapult|1\n|-crit|p1a: Dragapult\n|-damage|p1a: Dragapult|33/100\n|\n|-weather|SunnyDay|[upkeep]\n|upkeep\n|turn|7\n|\n|t:|1775911195\n|move|p1a: Dragapult|Shadow Ball|p2b: Garchomp\n|-damage|p2b: Garchomp|51/100\n|move|p2b: Garchomp|Dragon Claw|p1b: Charizard\n|-damage|p1b: Charizard|0 fnt\n|faint|p1b: Charizard\n|move|p2a: Charizard|Heat Wave|p1a: Dragapult\n|-resisted|p1a: Dragapult|1\n|-damage|p1a: Dragapult|0 fnt\n|faint|p1a: Dragapult\n|\n|win|BananaRamen\n|raw|Mendysmo's rating: 1108 &rarr; <strong>1079</strong><br />(-29 for losing)\n|raw|BananaRamen's rating: 1056 &rarr; <strong>1092</strong><br />(+36 for winning)\n|l|\u2606Mendysmo\n|player|p1|\n|l|\u2606BananaRamen\n|player|p2|\n|j|\u2606BananaRamen\n|player|p2|BananaRamen|mira|\n",
  "uploadtime": 1775911234,
  "views": 14,
  "formatid": "gen9championsvgc2026regma",
  "rating": 1079,
  "private": 0,
  "password": null
}