{
  "id": "gen9championsvgc2026regma-2580619612",
  "format": "[Gen 9 Champions] VGC 2026 Reg M-A",
  "players": [
    "magicalarcher57",
    "5wamp"
  ],
  "log": "|j|\u2606magicalarcher57\n|j|\u26065wamp\n|html|<table width=\"100%\"><tr><td align=\"left\">magicalarcher57</td><td align=\"right\">5wamp</tr><tr><td align=\"left\"><i class=\"fa fa-circle-o\"></i> <i class=\"fa fa-circle-o\"></i> </td><td align=\"right\"><i class=\"fa fa-circle-o\"></i> <i class=\"fa fa-circle\"></i> </tr></table>\n|uhtml|bestof|<h2><strong>Game 2</strong> of <a href=\"/game-bestof3-gen9championsvgc2026regma-2580616911\">a best-of-3</a></h2>\n|t:|1775918689\n|gametype|doubles\n|player|p1|magicalarcher57|cynthia-masters4|\n|player|p2|5wamp|carmine-festival|\n|gen|9\n|tier|[Gen 9 Champions] VGC 2026 Reg M-A\n|rated|Tournament battle\n|rule|Species Clause: Limit one of each Pok\u00e9mon\n|rule|Item Clause: Limit 1 of each item\n|raw|<div class=\"infobox\"><details class=\"readmore\" open><summary><strong>2 custom rules:</strong></summary> Force Open Team Sheets, Best of = 3</details></div>\n|clearpoke\n|poke|p1|Kangaskhan, L50, F|\n|poke|p1|Farigiraf, L50, M|\n|poke|p1|Basculegion, L50, M|\n|poke|p1|Talonflame, L50, M|\n|poke|p1|Sneasler, L50, M|\n|poke|p1|Kommo-o, L50, M|\n|poke|p2|Floette-Eternal, L50, F|\n|poke|p2|Garchomp, L50, M|\n|poke|p2|Aegislash, L50, F|\n|poke|p2|Milotic, L50, F|\n|poke|p2|Sinistcha, L50|\n|poke|p2|Incineroar, L50, M|\n|teampreview|4\n|showteam|p1|Kangaskhan||Kangaskhanite|Scrappy|FakeOut,DrainPunch,DoubleEdge,Crunch|||F|||50|]Farigiraf||MentalHerb|ArmorTail|ShadowBall,HyperVoice,TrickRoom,Psychic|||M|||50|]Basculegion||MysticWater|Adaptability|WaveCrash,LastRespects,AquaJet,Protect|||M|||50|]Talonflame||SharpBeak|GaleWings|Tailwind,Taunt,BraveBird,FlareBlitz|||M|||50|]Sneasler||FocusSash|Unburden|FakeOut,CloseCombat,DireClaw,Protect|||M|||50|]Kommo-o||DragonFang|Overcoat|Protect,Flamethrower,ClangingScales,ClangorousSoul|||M|||50|\n|showteam|p2|Floette-Eternal||Floettite|FlowerVeil|Moonblast,DazzlingGleam,CalmMind,Protect|||F|||50|]Garchomp||LumBerry|SandVeil|StompingTantrum,DragonClaw,RockSlide,Protect|||M|||50|]Aegislash||SpellTag|StanceChange|Poltergeist,ShadowSneak,SacredSword,KingsShield|||F|||50|]Milotic||Leftovers|Competitive|Scald,IceBeam,Recover,Protect|||F|||50|]Sinistcha||OccaBerry|Hospitality|MatchaGotcha,StrengthSap,RagePowder,TrickRoom||||||50|]Incineroar||SitrusBerry|Intimidate|FakeOut,FlareBlitz,ThroatChop,PartingShot|||M|||50|\n|inactive|Battle timer is ON: inactive players will automatically lose when time's up. (requested by 5wamp)\n|j| greatpokemonlol\n|j| Indigo Crisp\n|inactive|5wamp has 60 seconds left.\n|\n|t:|1775918724\n|teamsize|p1|4\n|teamsize|p2|4\n|start\n|switch|p1a: Kommo-o|Kommo-o, L50, M|100/100\n|switch|p1b: Sneasler|Sneasler, L50, M, shiny|100/100\n|switch|p2a: Garchomp|Garchomp, L50, M|100/100\n|switch|p2b: Milotic|Milotic, L50, F|100/100\n|turn|1\n|\n|t:|1775918742\n|switch|p2a: Aegislash|Aegislash, L50, F|100/100\n|move|p1b: Sneasler|Fake Out|p2a: Aegislash\n|-immune|p2a: Aegislash\n|move|p1a: Kommo-o|Clangorous Soul|p1a: Kommo-o\n|-boost|p1a: Kommo-o|atk|1\n|-boost|p1a: Kommo-o|def|1\n|-boost|p1a: Kommo-o|spa|1\n|-boost|p1a: Kommo-o|spd|1\n|-boost|p1a: Kommo-o|spe|1\n|-damage|p1a: Kommo-o|68/100\n|move|p2b: Milotic|Ice Beam|p1a: Kommo-o\n|-supereffective|p1a: Kommo-o|1\n|-damage|p1a: Kommo-o|29/100\n|\n|upkeep\n|turn|2\n|j| brobrubro\n|j| Zavok65\n|j| Cello L.\n|c| Indigo Crisp|sand veil chomp...\n|l| Cello L.\n|inactive|magicalarcher57 has 30 seconds left.\n|inactive|5wamp has 30 seconds left.\n|c|\u26065wamp|oh its rough skin on cart I just forgot\n|inactive|magicalarcher57 has 20 seconds left.\n|inactive|5wamp has 20 seconds left.\n|c|\u2606magicalarcher57|lol\n|inactive|magicalarcher57 has 15 seconds left.\n|\n|t:|1775918784\n|move|p1a: Kommo-o|Protect|p1a: Kommo-o\n|-singleturn|p1a: Kommo-o|Protect\n|move|p2a: Aegislash|King's Shield|p2a: Aegislash\n|-singleturn|p2a: Aegislash|Protect\n|move|p1b: Sneasler|Close Combat|p2b: Milotic\n|-damage|p2b: Milotic|40/100\n|-unboost|p1b: Sneasler|def|1\n|-unboost|p1b: Sneasler|spd|1\n|move|p2b: Milotic|Ice Beam|p1a: Kommo-o\n|-activate|p1a: Kommo-o|move: Protect\n|\n|-heal|p2b: Milotic|46/100|[from] item: Leftovers\n|upkeep\n|turn|3\n|\n|t:|1775918800\n|switch|p1b: Talonflame|Talonflame, L50, M, shiny|100/100\n|switch|p2b: Sinistcha|Sinistcha, L50|100/100\n|move|p1a: Kommo-o|Clanging Scales|p2a: Aegislash|[spread] p2a,p2b\n|-resisted|p2a: Aegislash|1\n|-damage|p2a: Aegislash|74/100\n|-damage|p2b: Sinistcha|43/100\n|-unboost|p1a: Kommo-o|def|1\n|-formechange|p2a: Aegislash|Aegislash-Blade|\n|move|p2a: Aegislash|Poltergeist|p1a: Kommo-o\n|-activate|p1a: Kommo-o|move: Poltergeist|Dragon Fang\n|-damage|p1a: Kommo-o|0 fnt\n|faint|p1a: Kommo-o\n|\n|upkeep\n|\n|t:|1775918818\n|switch|p1a: Basculegion|Basculegion, L50, M, shiny|100/100\n|turn|4\n|\n|t:|1775918826\n|switch|p2b: Milotic|Milotic, L50, F|46/100\n|-formechange|p2a: Aegislash|Aegislash|\n|move|p2a: Aegislash|King's Shield|p2a: Aegislash\n|-singleturn|p2a: Aegislash|Protect\n|move|p1b: Talonflame|Brave Bird|p2b: Milotic\n|-damage|p2b: Milotic|0 fnt\n|faint|p2b: Milotic\n|-damage|p1b: Talonflame|81/100|[from] Recoil\n|move|p1a: Basculegion|Last Respects|p2a: Aegislash\n|-activate|p2a: Aegislash|move: Protect\n|\n|upkeep\n|\n|t:|1775918849\n|switch|p2b: Garchomp|Garchomp, L50, M|100/100\n|turn|5\n|\n|t:|1775918864\n|switch|p2a: Sinistcha|Sinistcha, L50|43/100\n|move|p1b: Talonflame|Tailwind|p1b: Talonflame\n|-sidestart|p1: magicalarcher57|move: Tailwind\n|move|p1a: Basculegion|Last Respects|p2a: Sinistcha\n|-supereffective|p2a: Sinistcha|1\n|-damage|p2a: Sinistcha|0 fnt\n|faint|p2a: Sinistcha\n|move|p2b: Garchomp|Dragon Claw|p1a: Basculegion\n|-damage|p1a: Basculegion|50/100\n|\n|upkeep\n|\n|t:|1775918870\n|switch|p2a: Aegislash|Aegislash, L50, F|74/100\n|turn|6\n|j| mynamegrassgreen\n|\n|t:|1775918880\n|move|p2b: Garchomp|Protect|p2b: Garchomp\n|-singleturn|p2b: Garchomp|Protect\n|move|p2a: Aegislash|King's Shield|p2a: Aegislash\n|-singleturn|p2a: Aegislash|Protect\n|move|p1b: Talonflame|Flare Blitz|p2a: Aegislash\n|-activate|p2a: Aegislash|move: Protect\n|-unboost|p1b: Talonflame|atk|1\n|move|p1a: Basculegion|Wave Crash|p2b: Garchomp\n|-activate|p2b: Garchomp|move: Protect\n|\n|upkeep\n|turn|7\n|c| mynamegrassgreen|New coll already march \ud83d\udc80\n|c|\u2606magicalarcher57|coll?\n|inactive|5wamp has 30 seconds left.\n|inactive|5wamp has 20 seconds left.\n|inactive|5wamp has 15 seconds left.\n|inactive|5wamp has 10 seconds left.\n|\n|t:|1775918931\n|switch|p1a: Sneasler|Sneasler, L50, M, shiny|100/100\n|move|p1b: Talonflame|Flare Blitz|p2a: Aegislash\n|-supereffective|p2a: Aegislash|1\n|-crit|p2a: Aegislash\n|-damage|p2a: Aegislash|0 fnt\n|faint|p2a: Aegislash\n|-damage|p1b: Talonflame|55/100|[from] Recoil\n|move|p2b: Garchomp|Rock Slide|p1a: Sneasler|[spread] p1a,p1b\n|-resisted|p1a: Sneasler|1\n|-supereffective|p1b: Talonflame|2\n|-damage|p1a: Sneasler|83/100\n|-damage|p1b: Talonflame|0 fnt\n|faint|p1b: Talonflame\n|\n|upkeep\n|c|\u26065wamp|brooo\n|\n|t:|1775918936\n|switch|p1b: Basculegion|Basculegion, L50, M, shiny|50/100\n|turn|8\n|\n|t:|1775918943\n|move|p2b: Garchomp|Protect|p2b: Garchomp\n|-singleturn|p2b: Garchomp|Protect\n|move|p1a: Sneasler|Close Combat|p2b: Garchomp\n|-activate|p2b: Garchomp|move: Protect\n|move|p1b: Basculegion|Last Respects|p2b: Garchomp\n|-activate|p2b: Garchomp|move: Protect\n|\n|-sideend|p1: magicalarcher57|move: Tailwind\n|upkeep\n|turn|9\n|\n|t:|1775918947\n|move|p1b: Basculegion|Aqua Jet|p2b: Garchomp\n|-damage|p2b: Garchomp|68/100\n|move|p1a: Sneasler|Close Combat|p2b: Garchomp\n|-damage|p2b: Garchomp|3/100\n|-unboost|p1a: Sneasler|def|1\n|-unboost|p1a: Sneasler|spd|1\n|move|p2b: Garchomp|Dragon Claw|p1b: Basculegion\n|-damage|p1b: Basculegion|0 fnt\n|faint|p1b: Basculegion\n|\n|upkeep\n|turn|10\n|\n|t:|1775918951\n|move|p1a: Sneasler|Close Combat|p2b: Garchomp\n|-damage|p2b: Garchomp|0 fnt\n|-unboost|p1a: Sneasler|def|1\n|-unboost|p1a: Sneasler|spd|1\n|faint|p2b: Garchomp\n|\n|win|magicalarcher57\n",
  "uploadtime": 1775918951,
  "views": 10,
  "formatid": "gen9championsvgc2026regma",
  "rating": null,
  "private": 0,
  "password": null
}