{
  "id": "gen9championsvgc2026regma-2587249262",
  "format": "[Gen 9 Champions] VGC 2026 Reg M-A",
  "players": [
    "TheWonderfulGirl",
    "LUMK"
  ],
  "log": "|j|\u2606TheWonderfulGirl\n|j|\u2606LUMK\n|t:|1776514288\n|gametype|doubles\n|player|p1|TheWonderfulGirl|pokekid|1139\n|player|p2|LUMK|preschooler|1134\n|gen|9\n|tier|[Gen 9 Champions] VGC 2026 Reg M-A\n|rated|\n|rule|Species Clause: Limit one of each Pok\u00e9mon\n|rule|Item Clause: Limit 1 of each item\n|clearpoke\n|poke|p1|Froslass, L50, F|\n|poke|p1|Garchomp, L50, M|\n|poke|p1|Rotom-Frost, L50|\n|poke|p1|Empoleon, L50, M|\n|poke|p1|Incineroar, L50, M|\n|poke|p1|Kingambit, L50, F|\n|poke|p2|Sinistcha, L50|\n|poke|p2|Sableye, L50, F|\n|poke|p2|Milotic, L50, M|\n|poke|p2|Drampa, L50, M|\n|poke|p2|Garchomp, L50, F|\n|poke|p2|Audino, L50, F|\n|teampreview|4\n|inactive|Battle timer is ON: inactive players will automatically lose when time's up. (requested by TheWonderfulGirl)\nLUMK rejected open team sheets.\n|inactive|TheWonderfulGirl has 60 seconds left.\n|\n|t:|1776514332\n|teamsize|p1|4\n|teamsize|p2|4\n|start\n|switch|p1a: Froslass|Froslass, L50, F|100/100\n|switch|p1b: Rotom|Rotom-Frost, L50|100/100\n|switch|p2a: Sableye|Sableye, L50, F|100/100\n|switch|p2b: Milotic|Milotic, L50, M|100/100\n|turn|1\n|inactive|TheWonderfulGirl has 30 seconds left.\n|inactive|TheWonderfulGirl has 20 seconds left.\n|\n|t:|1776514369\n|move|p2a: Sableye|Protect|p2a: Sableye\n|-singleturn|p2a: Sableye|Protect\n|move|p1a: Froslass|Protect|p1a: Froslass\n|-singleturn|p1a: Froslass|Protect\n|move|p2b: Milotic|Protect|p2b: Milotic\n|-singleturn|p2b: Milotic|Protect\n|move|p1b: Rotom|Thunderbolt|p2b: Milotic\n|-activate|p2b: Milotic|move: Protect\n|\n|upkeep\n|turn|2\n|inactive|TheWonderfulGirl has 30 seconds left.\n|\n|t:|1776514399\n|switch|p1a: Garchomp|Garchomp, L50, M|100/100\n|move|p2a: Sableye|Disable|p1b: Rotom\n|-start|p1b: Rotom|Disable|Thunderbolt\n|cant|p1b: Rotom|Disable|Thunderbolt\n|move|p2b: Milotic|Icy Wind|p1a: Garchomp|[spread] p1a,p1b\n|-supereffective|p1a: Garchomp|2\n|-resisted|p1b: Rotom|1\n|-damage|p1a: Garchomp|44/100\n|-damage|p1b: Rotom|92/100\n|-unboost|p1a: Garchomp|spe|1\n|-unboost|p1b: Rotom|spe|1\n|-enditem|p1a: Garchomp|White Herb\n|-clearnegativeboost|p1a: Garchomp|[silent]\n|\n|upkeep\n|turn|3\n|inactive|TheWonderfulGirl has 30 seconds left.\n|\n|t:|1776514432\n|switch|p1b: Froslass|Froslass, L50, F|100/100\n|move|p2a: Sableye|Encore||[still]\n|-fail|p2a: Sableye\n|move|p1a: Garchomp|Rock Slide|p2a: Sableye|[spread] p2a\n|-miss|p1a: Garchomp|p2b: Milotic\n|-damage|p2a: Sableye|79/100\n|move|p2b: Milotic|Icy Wind|p1b: Froslass|[spread] p1a,p1b\n|-supereffective|p1a: Garchomp|2\n|-resisted|p1b: Froslass|1\n|-crit|p1b: Froslass\n|-damage|p1a: Garchomp|0 fnt\n|-damage|p1b: Froslass|85/100\n|-unboost|p1b: Froslass|spe|1\n|faint|p1a: Garchomp\n|\n|upkeep\n|\n|t:|1776514453\n|switch|p1a: Rotom|Rotom-Frost, L50|92/100\n|turn|4\n|\n|t:|1776514477\n|switch|p1a: Kingambit|Kingambit, L50, F|100/100\n|detailschange|p1b: Froslass|Froslass-Mega, L50, F\n|-mega|p1b: Froslass|Froslass|Froslassite\n|-weather|Snowscape|[from] ability: Snow Warning|[of] p1b: Froslass\n|move|p2a: Sableye|Protect|p2a: Sableye\n|-singleturn|p2a: Sableye|Protect\n|move|p2b: Milotic|Protect|p2b: Milotic\n|-singleturn|p2b: Milotic|Protect\n|move|p1b: Froslass|Aurora Veil|p1b: Froslass\n|-sidestart|p1: TheWonderfulGirl|move: Aurora Veil\n|\n|-weather|Snowscape|[upkeep]\n|upkeep\n|turn|5\n|inactive|TheWonderfulGirl has 30 seconds left.\n|\n|t:|1776514506\n|switch|p1b: Rotom|Rotom-Frost, L50|92/100\n|move|p2a: Sableye|Encore||[still]\n|-fail|p2a: Sableye\n|move|p2b: Milotic|Scald|p1a: Kingambit\n|-damage|p1a: Kingambit|71/100\n|-status|p1a: Kingambit|brn\n|move|p1a: Kingambit|Low Kick|p2b: Milotic\n|-damage|p2b: Milotic|82/100\n|\n|-weather|Snowscape|[upkeep]\n|-heal|p2b: Milotic|88/100|[from] item: Leftovers\n|-damage|p1a: Kingambit|66/100 brn|[from] brn\n|upkeep\n|turn|6\n|inactive|TheWonderfulGirl has 30 seconds left.\n|\n|t:|1776514533\n|switch|p1a: Froslass|Froslass-Mega, L50, F|85/100\n|move|p2a: Sableye|Protect|p2a: Sableye\n|-singleturn|p2a: Sableye|Protect\n|move|p2b: Milotic|Protect|p2b: Milotic\n|-singleturn|p2b: Milotic|Protect\n|move|p1b: Rotom|Volt Switch|p2b: Milotic\n|-activate|p2b: Milotic|move: Protect\n|\n|-weather|Snowscape|[upkeep]\n|-heal|p2b: Milotic|94/100|[from] item: Leftovers\n|upkeep\n|turn|7\n|\n|t:|1776514551\n|switch|p1b: Kingambit|Kingambit, L50, F|66/100 brn\n|switch|p2a: Audino|Audino, L50, F|100/100\n|move|p1a: Froslass|Shadow Ball|p2a: Audino\n|-immune|p2a: Audino\n|move|p2b: Milotic|Icy Wind|p1a: Froslass|[spread] p1a,p1b\n|-resisted|p1a: Froslass|1\n|-resisted|p1b: Kingambit|1\n|-crit|p1b: Kingambit\n|-damage|p1a: Froslass|80/100\n|-damage|p1b: Kingambit|54/100 brn\n|-unboost|p1a: Froslass|spe|1\n|-unboost|p1b: Kingambit|spe|1\n|-ability|p1b: Kingambit|Defiant|boost\n|-boost|p1b: Kingambit|atk|2\n|\n|-weather|Snowscape|[upkeep]\n|-heal|p2b: Milotic|100/100|[from] item: Leftovers\n|-damage|p1b: Kingambit|48/100 brn|[from] brn\n|upkeep\n|turn|8\n|inactive|TheWonderfulGirl has 30 seconds left.\n|\n|t:|1776514578\n|detailschange|p2a: Audino|Audino-Mega, L50, F\n|-mega|p2a: Audino|Audino|Audinite\n|move|p2b: Milotic|Scald|p1b: Kingambit\n|-damage|p1b: Kingambit|20/100 brn\n|move|p1a: Froslass|Blizzard|p2a: Audino|[spread] p2a,p2b\n|-resisted|p2b: Milotic|1\n|-damage|p2a: Audino|66/100\n|-damage|p2b: Milotic|81/100\n|move|p2a: Audino|Dazzling Gleam|p1a: Froslass|[spread] p1a,p1b\n|-damage|p1a: Froslass|63/100\n|-damage|p1b: Kingambit|4/100 brn\n|move|p1b: Kingambit|Low Kick|p2a: Audino\n|-damage|p2a: Audino|53/100\n|\n|-weather|none\n|-heal|p2b: Milotic|87/100|[from] item: Leftovers\n|-damage|p1b: Kingambit|0 fnt|[from] brn\n|faint|p1b: Kingambit\n|-sideend|p1: TheWonderfulGirl|move: Aurora Veil\n|upkeep\n|\n|t:|1776514602\n|switch|p1b: Rotom|Rotom-Frost, L50|92/100\n|turn|9\n|-message|TheWonderfulGirl forfeited.\n|\n|win|LUMK\n|raw|TheWonderfulGirl's rating: 1139 &rarr; <strong>1114</strong><br />(-25 for losing)\n|raw|LUMK's rating: 1134 &rarr; <strong>1159</strong><br />(+25 for winning)\n",
  "uploadtime": 1776514608,
  "views": 17,
  "formatid": "gen9championsvgc2026regma",
  "rating": 1114,
  "private": 0,
  "password": null
}