{
  "id": "gen9championsvgc2026regma-2585317854",
  "format": "[Gen 9 Champions] VGC 2026 Reg M-A",
  "players": [
    "Kukino",
    "alvarriderr"
  ],
  "log": "|j|\u2606Kukino\n|j|\u2606alvarriderr\n|t:|1776337204\n|gametype|doubles\n|player|p1|Kukino|wattson|1113\n|player|p2|alvarriderr|hilbert-wonderlauncher|1153\n|gen|9\n|tier|[Gen 9 Champions] VGC 2026 Reg M-A\n|rated|\n|rule|Species Clause: Limit one of each Pok\u00e9mon\n|rule|Item Clause: Limit 1 of each item\n|clearpoke\n|poke|p1|Milotic, L50, F|\n|poke|p1|Dragapult, L50, F|\n|poke|p1|Tyranitar, L50, F|\n|poke|p1|Excadrill, L50, M|\n|poke|p1|Luxray, L50, F|\n|poke|p1|Meganium, L50, M|\n|poke|p2|Hawlucha, L50, M|\n|poke|p2|Excadrill, L50, F|\n|poke|p2|Tyranitar, L50, M|\n|poke|p2|Sinistcha, L50|\n|poke|p2|Gardevoir, L50, M|\n|poke|p2|Volcarona, L50, M|\n|teampreview|4\n|inactive|Battle timer is ON: inactive players will automatically lose when time's up. (requested by Kukino)\nalvarriderr has agreed to open team sheets.\n|inactive|alvarriderr has 60 seconds left.\nKukino rejected open team sheets.\n|\n|t:|1776337263\n|teamsize|p1|4\n|teamsize|p2|4\n|start\n|switch|p1a: Luxray|Luxray, L50, F|100/100\n|switch|p1b: Dragapult|Dragapult, L50, F, shiny|100/100\n|switch|p2a: Sinistcha|Sinistcha, L50|100/100\n|switch|p2b: Hawlucha|Hawlucha, L50, M|100/100\n|-ability|p1a: Luxray|Intimidate|boost\n|-unboost|p2a: Sinistcha|atk|1\n|-unboost|p2b: Hawlucha|atk|1\n|turn|1\n|inactive|alvarriderr has 30 seconds left.\n|\n|t:|1776337295\n|switch|p2b: Excadrill|Excadrill, L50, F|100/100\n|move|p1b: Dragapult|Will-O-Wisp|p2b: Excadrill\n|-status|p2b: Excadrill|brn\n|move|p2a: Sinistcha|Matcha Gotcha|p1a: Luxray|[spread] p1a,p1b\n|-resisted|p1b: Dragapult|1\n|-damage|p1a: Luxray|78/100\n|-damage|p1b: Dragapult|85/100\n|move|p1a: Luxray|Electroweb|p2a: Sinistcha|[spread] p2a\n|-immune|p2b: Excadrill\n|-resisted|p2a: Sinistcha|1\n|-damage|p2a: Sinistcha|93/100\n|-unboost|p2a: Sinistcha|spe|1\n|\n|-damage|p2b: Excadrill|95/100 brn|[from] brn\n|upkeep\n|turn|2\n|inactive|Kukino has 30 seconds left.\n|inactive|alvarriderr has 30 seconds left.\n|\n|t:|1776337322\n|move|p1a: Luxray|Protect|p1a: Luxray\n|-singleturn|p1a: Luxray|Protect\n|move|p1b: Dragapult|U-turn|p2a: Sinistcha\n|-damage|p2a: Sinistcha|77/100\n|\n|t:|1776337332\n|switch|p1b: Excadrill|Excadrill, L50, M|100/100|[from] U-turn\n|move|p2b: Excadrill|Earthquake|p1a: Luxray|[spread] p2a,p1b\n|-activate|p1a: Luxray|move: Protect\n|-resisted|p2a: Sinistcha|1\n|-supereffective|p1b: Excadrill|1\n|-damage|p2a: Sinistcha|70/100\n|-damage|p1b: Excadrill|51/100\n|move|p2a: Sinistcha|Trick Room|p2a: Sinistcha\n|-fieldstart|move: Trick Room|[of] p2a: Sinistcha\n|\n|-damage|p2b: Excadrill|89/100 brn|[from] brn\n|upkeep\n|turn|3\n|inactive|Kukino has 30 seconds left.\n|inactive|alvarriderr has 30 seconds left.\n|\n|t:|1776337360\n|switch|p2a: Hawlucha|Hawlucha, L50, M|100/100\n|switch|p1a: Meganium|Meganium, L50, M|100/100\n|move|p2b: Excadrill|Protect|p2b: Excadrill\n|-singleturn|p2b: Excadrill|Protect\n|move|p1b: Excadrill|High Horsepower|p2b: Excadrill\n|-activate|p2b: Excadrill|move: Protect\n|\n|-damage|p2b: Excadrill|83/100 brn|[from] brn\n|upkeep\n|turn|4\n|inactive|Kukino has 30 seconds left.\n|\n|t:|1776337387\n|switch|p1b: Luxray|Luxray, L50, F|78/100\n|-ability|p1b: Luxray|Intimidate|boost\n|-unboost|p2a: Hawlucha|atk|1\n|-unboost|p2b: Excadrill|atk|1\n|switch|p2a: Sinistcha|Sinistcha, L50|70/100\n|-heal|p2b: Excadrill|100/100 brn|[from] ability: Hospitality|[of] p2a: Sinistcha\n|detailschange|p1a: Meganium|Meganium-Mega, L50, M\n|-mega|p1a: Meganium|Meganium|Meganiumite\n|move|p1a: Meganium|Dazzling Gleam|p2a: Sinistcha|[spread] p2a,p2b\n|-resisted|p2b: Excadrill|1\n|-damage|p2a: Sinistcha|25/100\n|-damage|p2b: Excadrill|77/100 brn\n|-enditem|p2a: Sinistcha|Sitrus Berry|[eat]\n|-heal|p2a: Sinistcha|50/100|[from] item: Sitrus Berry\n|move|p2b: Excadrill|Earthquake|p1a: Meganium|[spread] p2a,p1a,p1b\n|-resisted|p2a: Sinistcha|1\n|-resisted|p1a: Meganium|1\n|-supereffective|p1b: Luxray|1\n|-damage|p2a: Sinistcha|45/100\n|-damage|p1a: Meganium|95/100\n|-damage|p1b: Luxray|48/100\n|-enditem|p1b: Luxray|Sitrus Berry|[eat]\n|-heal|p1b: Luxray|73/100|[from] item: Sitrus Berry\n|\n|-damage|p2b: Excadrill|71/100 brn|[from] brn\n|upkeep\n|turn|5\n|inactive|Kukino has 30 seconds left.\n|inactive|alvarriderr has 30 seconds left.\n|inactive|alvarriderr has 20 seconds left.\n|inactive|alvarriderr has 15 seconds left.\n|inactive|alvarriderr has 10 seconds left.\n|inactive|alvarriderr has 5 seconds left.\n|\n|t:|1776337438\n|move|p1b: Luxray|Ice Fang|p2b: Excadrill\n|-damage|p2b: Excadrill|47/100 brn\n|move|p2a: Sinistcha|Life Dew|p2a: Sinistcha|[spread] p2a,p2b\n|-heal|p2a: Sinistcha|70/100\n|-heal|p2b: Excadrill|72/100 brn\n|move|p1a: Meganium|Weather Ball|p2a: Sinistcha\n|-supereffective|p2a: Sinistcha|1\n|-damage|p2a: Sinistcha|0 fnt\n|faint|p2a: Sinistcha\n|move|p2b: Excadrill|Earthquake|p1a: Meganium|[spread] p1a,p1b\n|-resisted|p1a: Meganium|1\n|-supereffective|p1b: Luxray|1\n|-damage|p1a: Meganium|89/100\n|-damage|p1b: Luxray|45/100\n|\n|-damage|p2b: Excadrill|66/100 brn|[from] brn\n|upkeep\n|\n|t:|1776337463\n|switch|p2a: Hawlucha|Hawlucha, L50, M|100/100\n|turn|6\n|\n|t:|1776337480\n|switch|p2a: Volcarona|Volcarona, L50, M|100/100\n|move|p1b: Luxray|Electroweb|p2b: Excadrill|[spread] p2a\n|-immune|p2b: Excadrill\n|-damage|p2a: Volcarona|86/100\n|-unboost|p2a: Volcarona|spe|1\n|move|p1a: Meganium|Dazzling Gleam|p2a: Volcarona|[spread] p2a,p2b\n|-resisted|p2a: Volcarona|1\n|-resisted|p2b: Excadrill|1\n|-damage|p2a: Volcarona|68/100\n|-damage|p2b: Excadrill|43/100 brn\n|move|p2b: Excadrill|Fissure|p1a: Meganium|[miss]\n|-miss|p2b: Excadrill|p1a: Meganium\n|\n|-damage|p2b: Excadrill|37/100 brn|[from] brn\n|-fieldend|move: Trick Room\n|upkeep\n|turn|7\n|inactive|alvarriderr has 30 seconds left.\n|\n|t:|1776337514\n|move|p2b: Excadrill|Fissure|p1a: Meganium\n|-damage|p1a: Meganium|0 fnt\n|faint|p1a: Meganium\n|-ohko\n|move|p2a: Volcarona|Heat Wave|p1b: Luxray\n|-damage|p1b: Luxray|0 fnt\n|faint|p1b: Luxray\n|\n|-damage|p2b: Excadrill|31/100 brn|[from] brn\n|upkeep\n|\n|t:|1776337525\n|switch|p1a: Dragapult|Dragapult, L50, F, shiny|85/100\n|switch|p1b: Excadrill|Excadrill, L50, M|51/100\n|turn|8\n|inactive|alvarriderr has 30 seconds left.\n|\n|t:|1776337558\n|switch|p2a: Hawlucha|Hawlucha, L50, M|100/100\n|move|p1a: Dragapult|Dragon Darts|p2a: Hawlucha\n|-damage|p2a: Hawlucha|70/100\n|-anim|p1a: Dragapult|Dragon Darts|p2b: Excadrill\n|-resisted|p2b: Excadrill|1\n|-damage|p2b: Excadrill|15/100 brn\n|move|p2b: Excadrill|Earthquake|p1b: Excadrill|[spread] p1a,p1b\n|-immune|p2a: Hawlucha\n|-supereffective|p1b: Excadrill|1\n|-damage|p1a: Dragapult|67/100\n|-damage|p1b: Excadrill|17/100\n|move|p1b: Excadrill|Rock Slide|p2b: Excadrill|[spread] p2a,p2b\n|-resisted|p2b: Excadrill|2\n|-damage|p2a: Hawlucha|42/100\n|-damage|p2b: Excadrill|8/100 brn\n|\n|-damage|p2b: Excadrill|2/100 brn|[from] brn\n|upkeep\n|turn|9\n|inactive|Kukino has 30 seconds left.\n|inactive|alvarriderr has 30 seconds left.\n|inactive|alvarriderr has 20 seconds left.\n|inactive|alvarriderr has 15 seconds left.\n|inactive|alvarriderr has 10 seconds left.\n|\n|t:|1776337604\n|detailschange|p2a: Hawlucha|Hawlucha-Mega, L50, M\n|-mega|p2a: Hawlucha|Hawlucha|Hawluchanite\n|move|p1a: Dragapult|Dragon Darts|p2a: Hawlucha\n|-damage|p2a: Hawlucha|16/100\n|-anim|p1a: Dragapult|Dragon Darts|p2b: Excadrill\n|-resisted|p2b: Excadrill|1\n|-damage|p2b: Excadrill|0 fnt\n|faint|p2b: Excadrill\n|move|p2a: Hawlucha|Cross Chop|p1b: Excadrill\n|-supereffective|p1b: Excadrill|1\n|-damage|p1b: Excadrill|0 fnt\n|faint|p1b: Excadrill\n|\n|upkeep\n|\n|t:|1776337615\n|switch|p2b: Volcarona|Volcarona, L50, M|68/100\n|turn|10\n|inactive|alvarriderr has 30 seconds left.\n|\n|t:|1776337642\n|move|p1a: Dragapult|Dragon Darts|p2a: Hawlucha\n|-damage|p2a: Hawlucha|0 fnt\n|-anim|p1a: Dragapult|Dragon Darts|p2b: Volcarona\n|-damage|p2b: Volcarona|28/100\n|faint|p2a: Hawlucha\n|move|p2b: Volcarona|Bug Buzz|p1a: Dragapult\n|-resisted|p1a: Dragapult|1\n|-damage|p1a: Dragapult|28/100\n|\n|upkeep\n|turn|11\n|\n|t:|1776337659\n|move|p1a: Dragapult|Dragon Darts|p2b: Volcarona\n|-damage|p2b: Volcarona|0 fnt\n|faint|p2b: Volcarona\n|\n|win|Kukino\n|raw|Kukino's rating: 1113 &rarr; <strong>1141</strong><br />(+28 for winning)\n|raw|alvarriderr's rating: 1153 &rarr; <strong>1125</strong><br />(-28 for losing)\n|c|\u2606alvarriderr|gg\n|l|\u2606Kukino\n|player|p1|\n",
  "uploadtime": 1776337670,
  "views": 30,
  "formatid": "gen9championsvgc2026regma",
  "rating": 1125,
  "private": 0,
  "password": null
}