{
  "id": "gen9championsvgc2026regma-2587271842",
  "format": "[Gen 9 Champions] VGC 2026 Reg M-A",
  "players": [
    "AWOLxSick",
    "arthur.ayms"
  ],
  "log": "|j|\u2606AWOLxSick\n|j|\u2606arthur.ayms\n|t:|1776516886\n|gametype|doubles\n|player|p1|AWOLxSick|unknown|1343\n|player|p2|arthur.ayms|101|1338\n|gen|9\n|tier|[Gen 9 Champions] VGC 2026 Reg M-A\n|rated|\n|rule|Species Clause: Limit one of each Pok\u00e9mon\n|rule|Item Clause: Limit 1 of each item\n|clearpoke\n|poke|p1|Tyranitar, L50, F|\n|poke|p1|Excadrill, L50, F|\n|poke|p1|Rotom-Heat, L50|\n|poke|p1|Sinistcha, L50|\n|poke|p1|Zoroark-Hisui, L50, M|\n|poke|p1|Aerodactyl, L50, F|\n|poke|p2|Farigiraf, L50, M|\n|poke|p2|Incineroar, L50, M|\n|poke|p2|Torkoal, L50, F|\n|poke|p2|Sinistcha-Masterpiece, L50|\n|poke|p2|Empoleon, L50, F|\n|poke|p2|Crabominable, L50, F|\n|teampreview|4\n|inactive|Battle timer is ON: inactive players will automatically lose when time's up. (requested by arthur.ayms)\n|inactive|AWOLxSick has 60 seconds left.\n|\n|t:|1776516956\n|teamsize|p1|4\n|teamsize|p2|4\n|start\n|switch|p1a: Rotom|Rotom-Heat, L50|100/100\n|switch|p1b: Tyranitar|Tyranitar, L50, F|100/100\n|switch|p2a: Farigiraf|Farigiraf, L50, M|100/100\n|switch|p2b: Incineroar|Incineroar, L50, M|100/100\n|-weather|Sandstorm|[from] ability: Sand Stream|[of] p1b: Tyranitar\n|-ability|p2b: Incineroar|Intimidate|boost\n|-unboost|p1a: Rotom|atk|1\n|-unboost|p1b: Tyranitar|atk|1\n|turn|1\n|inactive|AWOLxSick has 30 seconds left.\n|inactive|AWOLxSick has 20 seconds left.\n|inactive|AWOLxSick has 15 seconds left.\n|\n|t:|1776517000\n|move|p1b: Tyranitar|Protect|p1b: Tyranitar\n|-singleturn|p1b: Tyranitar|Protect\n|move|p2b: Incineroar|Fake Out|p1b: Tyranitar\n|-activate|p1b: Tyranitar|move: Protect\n|move|p1a: Rotom|Volt Switch|p2a: Farigiraf\n|-damage|p2a: Farigiraf|68/100\n|\n|t:|1776517009\n|switch|p1a: Aerodactyl|Aerodactyl, L50, F|100/100|[from] Volt Switch\n|-ability|p1a: Aerodactyl|Unnerve\n|move|p2a: Farigiraf|Trick Room|p2a: Farigiraf\n|-fieldstart|move: Trick Room|[of] p2a: Farigiraf\n|\n|-weather|Sandstorm|[upkeep]\n|-damage|p2b: Incineroar|95/100|[from] Sandstorm\n|-damage|p2a: Farigiraf|62/100|[from] Sandstorm\n|upkeep\n|turn|2\n|inactive|AWOLxSick has 30 seconds left.\n|inactive|AWOLxSick has 20 seconds left.\n|inactive|AWOLxSick has 15 seconds left.\n|inactive|arthur.ayms has 30 seconds left.\n|\n|t:|1776517053\n|switch|p2a: Torkoal|Torkoal, L50, F|100/100\n|-weather|SunnyDay|[from] ability: Drought|[of] p2a: Torkoal\n|move|p2b: Incineroar|Parting Shot|p1a: Aerodactyl\n|-unboost|p1a: Aerodactyl|atk|1\n|-unboost|p1a: Aerodactyl|spa|1\n|\n|t:|1776517060\n|switch|p2b: Crabominable|Crabominable, L50, F|100/100|[from] Parting Shot\n|move|p1b: Tyranitar|Rock Slide|p2a: Torkoal|[spread] p2a,p2b\n|-supereffective|p2a: Torkoal|1\n|-damage|p2a: Torkoal|69/100\n|-damage|p2b: Crabominable|75/100\n|move|p1a: Aerodactyl|Rock Slide|p2a: Torkoal|[spread] p2a,p2b\n|-supereffective|p2a: Torkoal|1\n|-damage|p2a: Torkoal|47/100\n|-damage|p2b: Crabominable|59/100\n|\n|-weather|SunnyDay|[upkeep]\n|upkeep\n|turn|3\n|inactive|arthur.ayms has 30 seconds left.\n|\n|t:|1776517093\n|switch|p2a: Incineroar|Incineroar, L50, M|95/100\n|-ability|p2a: Incineroar|Intimidate|boost\n|-unboost|p1a: Aerodactyl|atk|1\n|-unboost|p1b: Tyranitar|atk|1\n|detailschange|p2b: Crabominable|Crabominable-Mega, L50, F\n|-mega|p2b: Crabominable|Crabominable|Crabominite\n|move|p1b: Tyranitar|Protect|p1b: Tyranitar\n|-singleturn|p1b: Tyranitar|Protect\n|move|p1a: Aerodactyl|Protect|p1a: Aerodactyl\n|-singleturn|p1a: Aerodactyl|Protect\n|move|p2b: Crabominable|Drain Punch|p1b: Tyranitar\n|-activate|p1b: Tyranitar|move: Protect\n|\n|-weather|SunnyDay|[upkeep]\n|upkeep\n|turn|4\n|inactive|AWOLxSick has 30 seconds left.\n|inactive|arthur.ayms has 30 seconds left.\n|\n|t:|1776517126\n|switch|p1b: Rotom|Rotom-Heat, L50|100/100\n|move|p2b: Crabominable|Drain Punch|p1b: Rotom\n|-damage|p1b: Rotom|33/100\n|-heal|p2b: Crabominable|85/100|[from] drain|[of] p1b: Rotom\n|move|p2a: Incineroar|Throat Chop|p1b: Rotom\n|-damage|p1b: Rotom|0 fnt\n|faint|p1b: Rotom\n|move|p1a: Aerodactyl|Dual Wingbeat|p2b: Crabominable\n|-supereffective|p2b: Crabominable|1\n|-damage|p2b: Crabominable|72/100\n|-supereffective|p2b: Crabominable|1\n|-damage|p2b: Crabominable|59/100\n|-hitcount|p2b: Crabominable|2\n|\n|-weather|SunnyDay|[upkeep]\n|upkeep\n|inactive|AWOLxSick has 30 seconds left.\n|\n|t:|1776517152\n|switch|p1b: Tyranitar|Tyranitar, L50, F|100/100\n|-weather|Sandstorm|[from] ability: Sand Stream|[of] p1b: Tyranitar\n|turn|5\n|inactive|AWOLxSick has 30 seconds left.\n|\n|t:|1776517179\n|switch|p2b: Torkoal|Torkoal, L50, F|47/100\n|-weather|SunnyDay|[from] ability: Drought|[of] p2b: Torkoal\n|switch|p2a: Farigiraf|Farigiraf, L50, M|62/100\n|move|p1b: Tyranitar|Protect|p1b: Tyranitar\n|-singleturn|p1b: Tyranitar|Protect\n|move|p1a: Aerodactyl|Dual Wingbeat|p2b: Torkoal\n|-damage|p2b: Torkoal|40/100\n|-damage|p2b: Torkoal|34/100\n|-hitcount|p2b: Torkoal|2\n|\n|-weather|SunnyDay|[upkeep]\n|-fieldend|move: Trick Room\n|upkeep\n|turn|6\n|inactive|AWOLxSick has 30 seconds left.\n|\n|t:|1776517206\n|switch|p1a: Excadrill|Excadrill, L50, F|100/100\n|switch|p2b: Incineroar|Incineroar, L50, M|95/100\n|-ability|p2b: Incineroar|Intimidate|boost\n|-unboost|p1a: Excadrill|atk|1\n|-unboost|p1b: Tyranitar|atk|1\n|detailschange|p1b: Tyranitar|Tyranitar-Mega, L50, F\n|-mega|p1b: Tyranitar|Tyranitar|Tyranitarite\n|-weather|Sandstorm|[from] ability: Sand Stream|[of] p1b: Tyranitar\n|move|p1b: Tyranitar|Knock Off|p2a: Farigiraf\n|-supereffective|p2a: Farigiraf|1\n|-damage|p2a: Farigiraf|0 fnt\n|-enditem|p2a: Farigiraf|Mental Herb|[from] move: Knock Off|[of] p1b: Tyranitar\n|faint|p2a: Farigiraf\n|\n|-weather|Sandstorm|[upkeep]\n|-damage|p2b: Incineroar|89/100|[from] Sandstorm\n|upkeep\n|\n|t:|1776517224\n|switch|p2a: Crabominable|Crabominable-Mega, L50, F|59/100\n|turn|7\n|\n|t:|1776517241\n|move|p1b: Tyranitar|Protect|p1b: Tyranitar\n|-singleturn|p1b: Tyranitar|Protect\n|move|p2b: Incineroar|Fake Out|p1a: Excadrill\n|-resisted|p1a: Excadrill|1\n|-damage|p1a: Excadrill|90/100\n|cant|p1a: Excadrill|flinch\n|move|p2a: Crabominable|Drain Punch|p1b: Tyranitar\n|-activate|p1b: Tyranitar|move: Protect\n|\n|-weather|Sandstorm|[upkeep]\n|-damage|p2b: Incineroar|83/100|[from] Sandstorm\n|-damage|p2a: Crabominable|53/100|[from] Sandstorm\n|upkeep\n|turn|8\n|\n|t:|1776517263\n|switch|p1b: Aerodactyl|Aerodactyl, L50, F|100/100\n|-ability|p1b: Aerodactyl|Unnerve\n|switch|p2b: Torkoal|Torkoal, L50, F|34/100\n|-weather|SunnyDay|[from] ability: Drought|[of] p2b: Torkoal\n|move|p2a: Crabominable|Protect|p2a: Crabominable\n|-singleturn|p2a: Crabominable|Protect\n|move|p1a: Excadrill|Iron Head|p2a: Crabominable\n|-activate|p2a: Crabominable|move: Protect\n|\n|-weather|SunnyDay|[upkeep]\n|upkeep\n|turn|9\n|\n|t:|1776517286\n|switch|p2b: Incineroar|Incineroar, L50, M|83/100\n|-ability|p2b: Incineroar|Intimidate|boost\n|-unboost|p1a: Excadrill|atk|1\n|-unboost|p1b: Aerodactyl|atk|1\n|move|p1b: Aerodactyl|Rock Slide|p2b: Incineroar|[spread] p2a,p2b\n|-supereffective|p2b: Incineroar|1\n|-damage|p2a: Crabominable|43/100\n|-damage|p2b: Incineroar|56/100\n|move|p1a: Excadrill|Earthquake|p2a: Crabominable|[spread] p2a,p2b\n|-immune|p1b: Aerodactyl\n|-supereffective|p2b: Incineroar|1\n|-damage|p2a: Crabominable|25/100\n|-damage|p2b: Incineroar|11/100\n|move|p2a: Crabominable|Drain Punch|p1a: Excadrill\n|-supereffective|p1a: Excadrill|1\n|-damage|p1a: Excadrill|0 fnt\n|-heal|p2a: Crabominable|66/100|[from] drain|[of] p1a: Excadrill\n|faint|p1a: Excadrill\n|\n|-weather|SunnyDay|[upkeep]\n|upkeep\n|\n|t:|1776517301\n|switch|p1a: Tyranitar|Tyranitar-Mega, L50, F|100/100\n|-weather|Sandstorm|[from] ability: Sand Stream|[of] p1a: Tyranitar\n|turn|10\n|\n|t:|1776517323\n|switch|p2b: Torkoal|Torkoal, L50, F|34/100\n|-weather|SunnyDay|[from] ability: Drought|[of] p2b: Torkoal\n|move|p1a: Tyranitar|Protect|p1a: Tyranitar\n|-singleturn|p1a: Tyranitar|Protect\n|move|p1b: Aerodactyl|Dual Wingbeat|p2a: Crabominable\n|-supereffective|p2a: Crabominable|1\n|-damage|p2a: Crabominable|50/100\n|-supereffective|p2a: Crabominable|1\n|-damage|p2a: Crabominable|34/100\n|-hitcount|p2a: Crabominable|2\n|move|p2a: Crabominable|Drain Punch|p1b: Aerodactyl\n|-damage|p1b: Aerodactyl|20/100\n|-heal|p2a: Crabominable|71/100|[from] drain|[of] p1b: Aerodactyl\n|\n|-weather|SunnyDay|[upkeep]\n|upkeep\n|turn|11\n|inactive|arthur.ayms has 30 seconds left.\n|inactive|arthur.ayms has 20 seconds left.\n|inactive|arthur.ayms has 15 seconds left.\n|inactive|arthur.ayms has 10 seconds left.\n|inactive|arthur.ayms has 5 seconds left.\n|\n|t:|1776517373\n|move|p2a: Crabominable|Protect|p2a: Crabominable\n|-singleturn|p2a: Crabominable|Protect\n|move|p1b: Aerodactyl|Rock Slide|p2b: Torkoal|[spread] p2b\n|-activate|p2a: Crabominable|move: Protect\n|-supereffective|p2b: Torkoal|1\n|-damage|p2b: Torkoal|14/100\n|move|p1a: Tyranitar|Rock Slide|p2a: Crabominable|[spread] p2b\n|-activate|p2a: Crabominable|move: Protect\n|-supereffective|p2b: Torkoal|1\n|-damage|p2b: Torkoal|0 fnt\n|faint|p2b: Torkoal\n|\n|-weather|SunnyDay|[upkeep]\n|upkeep\n|\n|t:|1776517384\n|switch|p2b: Incineroar|Incineroar, L50, M|11/100\n|-ability|p2b: Incineroar|Intimidate|boost\n|-unboost|p1a: Tyranitar|atk|1\n|-unboost|p1b: Aerodactyl|atk|1\n|turn|12\n|\n|t:|1776517400\n|move|p1b: Aerodactyl|Protect|p1b: Aerodactyl\n|-singleturn|p1b: Aerodactyl|Protect\n|move|p1a: Tyranitar|Protect|p1a: Tyranitar\n|-singleturn|p1a: Tyranitar|Protect\n|move|p2b: Incineroar|Fake Out|p1a: Tyranitar\n|-activate|p1a: Tyranitar|move: Protect\n|move|p2a: Crabominable|Drain Punch|p1a: Tyranitar\n|-activate|p1a: Tyranitar|move: Protect\n|\n|-weather|SunnyDay|[upkeep]\n|upkeep\n|turn|13\n|\n|t:|1776517423\n|move|p2a: Crabominable|Protect|p2a: Crabominable\n|-singleturn|p2a: Crabominable|Protect\n|move|p1b: Aerodactyl|Rock Slide|p2b: Incineroar|[spread] p2b\n|-activate|p2a: Crabominable|move: Protect\n|-supereffective|p2b: Incineroar|1\n|-damage|p2b: Incineroar|0 fnt\n|faint|p2b: Incineroar\n|move|p1a: Tyranitar|Rock Slide|p2a: Crabominable\n|-activate|p2a: Crabominable|move: Protect\n|\n|-weather|SunnyDay|[upkeep]\n|upkeep\n|turn|14\n|\n|t:|1776517441\n|move|p1b: Aerodactyl|Rock Slide|p2a: Crabominable|[miss]\n|-miss|p1b: Aerodactyl|p2a: Crabominable\n|move|p1a: Tyranitar|Rock Slide|p2a: Crabominable\n|-damage|p2a: Crabominable|46/100\n|move|p2a: Crabominable|Drain Punch|p1b: Aerodactyl\n|-damage|p1b: Aerodactyl|0 fnt\n|-heal|p2a: Crabominable|55/100|[from] drain|[of] p1b: Aerodactyl\n|faint|p1b: Aerodactyl\n|\n|-weather|none\n|upkeep\n|turn|15\n|\n|t:|1776517452\n|move|p1a: Tyranitar|Rock Slide|p2a: Crabominable\n|-damage|p2a: Crabominable|31/100\n|move|p2a: Crabominable|Drain Punch|p1a: Tyranitar\n|-supereffective|p1a: Tyranitar|2\n|-damage|p1a: Tyranitar|0 fnt\n|-heal|p2a: Crabominable|76/100|[from] drain|[of] p1a: Tyranitar\n|faint|p1a: Tyranitar\n|\n|win|arthur.ayms\n|raw|AWOLxSick's rating: 1343 &rarr; <strong>1323</strong><br />(-20 for losing)\n|raw|arthur.ayms's rating: 1338 &rarr; <strong>1358</strong><br />(+20 for winning)\n",
  "uploadtime": 1776517458,
  "views": 31,
  "formatid": "gen9championsvgc2026regma",
  "rating": 1323,
  "private": 0,
  "password": null
}