{
  "id": "gen9championsvgc2026regma-2582940101",
  "format": "[Gen 9 Champions] VGC 2026 Reg M-A",
  "players": [
    "Elite Fource",
    "gutinks"
  ],
  "log": "|j|\u2606Elite Fource\n|j|\u2606gutinks\n|t:|1776126855\n|gametype|doubles\n|player|p1|Elite Fource|infielder|1078\n|player|p2|gutinks|ghetsis|1026\n|gen|9\n|tier|[Gen 9 Champions] VGC 2026 Reg M-A\n|rated|\n|rule|Species Clause: Limit one of each Pok\u00e9mon\n|rule|Item Clause: Limit 1 of each item\n|clearpoke\n|poke|p1|Crabominable, L50, F|\n|poke|p1|Araquanid, L50, M|\n|poke|p1|Arcanine, L50, M|\n|poke|p1|Sinistcha-Masterpiece, L50|\n|poke|p1|Jolteon, L50, M|\n|poke|p1|Delphox, L50, M|\n|poke|p2|Gallade, L50, M|\n|poke|p2|Whimsicott, L50, M|\n|poke|p2|Incineroar, L50, M|\n|poke|p2|Maushold, L50|\n|poke|p2|Roserade, L50, M|\n|poke|p2|Farigiraf, L50, M|\n|teampreview|4\n|inactive|Battle timer is ON: inactive players will automatically lose when time's up. (requested by gutinks)\n|inactive|Elite Fource also wants the timer to be on.\n|inactive|gutinks has 60 seconds left.\n|\n|t:|1776126911\n|teamsize|p1|4\n|teamsize|p2|4\n|start\n|switch|p1a: Wait for it|Arcanine, L50, M|100/100\n|switch|p1b: Ultraman|Araquanid, L50, M, shiny|100/100\n|switch|p2a: Maushold|Maushold, L50|100/100\n|switch|p2b: Whimsicott|Whimsicott, L50, M|100/100\n|-ability|p1a: Wait for it|Intimidate|boost\n|-unboost|p2a: Maushold|atk|1\n|-unboost|p2b: Whimsicott|atk|1\n|turn|1\n|inactive|Elite Fource has 30 seconds left.\n|inactive|gutinks has 30 seconds left.\n|inactive|Elite Fource has 20 seconds left.\n|inactive|Elite Fource has 15 seconds left.\n|inactive|Elite Fource has 10 seconds left.\n|inactive|Elite Fource has 5 seconds left.\n|\n|t:|1776126962\n|move|p2b: Whimsicott|Tailwind|p2b: Whimsicott\n|-sidestart|p2: gutinks|move: Tailwind\n|move|p2a: Maushold|Population Bomb|p1b: Ultraman\n|-damage|p1b: Ultraman|96/100\n|-damage|p1b: Ultraman|92/100\n|-damage|p1b: Ultraman|88/100\n|-damage|p1b: Ultraman|84/100\n|-damage|p1b: Ultraman|80/100\n|-damage|p1b: Ultraman|76/100\n|-damage|p1b: Ultraman|72/100\n|-damage|p1b: Ultraman|68/100\n|-damage|p1b: Ultraman|64/100\n|-damage|p1b: Ultraman|60/100\n|-hitcount|p1b: Ultraman|10\n|move|p1a: Wait for it|Will-O-Wisp|p2a: Maushold\n|-status|p2a: Maushold|brn\n|move|p1b: Ultraman|Liquidation|p2a: Maushold\n|-damage|p2a: Maushold|48/100 brn\n|-unboost|p2a: Maushold|def|1\n|\n|-damage|p2a: Maushold|42/100 brn|[from] brn\n|upkeep\n|turn|2\n|inactive|gutinks has 30 seconds left.\n|inactive|gutinks has 20 seconds left.\n|inactive|gutinks has 15 seconds left.\n|inactive|gutinks has 10 seconds left.\n|inactive|gutinks has 5 seconds left.\n|-activate|p1b: Ultraman|item: Quick Claw\n|\n|t:|1776127015\n|switch|p2b: Incineroar|Incineroar, L50, M|100/100\n|-ability|p2b: Incineroar|Intimidate|boost\n|-unboost|p1a: Wait for it|atk|1\n|-unboost|p1b: Ultraman|atk|1\n|switch|p2a: Gallade|Gallade, L50, M|100/100\n|move|p1b: Ultraman|Lunge|p2b: Incineroar\n|-damage|p2b: Incineroar|87/100\n|-unboost|p2b: Incineroar|atk|1\n|move|p1a: Wait for it|Overheat|p2b: Incineroar\n|-resisted|p2b: Incineroar|1\n|-damage|p2b: Incineroar|67/100\n|-unboost|p1a: Wait for it|spa|2\n|\n|upkeep\n|turn|3\n|inactive|Elite Fource has 30 seconds left.\n|inactive|gutinks has 30 seconds left.\n|\n|t:|1776127043\n|detailschange|p2a: Gallade|Gallade-Mega, L50, M\n|-mega|p2a: Gallade|Gallade|Galladite\n|move|p2b: Incineroar|Fake Out|p1a: Wait for it\n|-damage|p1a: Wait for it|94/100\n|move|p2a: Gallade|Psycho Cut|p1b: Ultraman\n|-damage|p1b: Ultraman|16/100\n|cant|p1a: Wait for it|flinch\n|move|p1b: Ultraman|Lunge|p2b: Incineroar\n|-damage|p2b: Incineroar|55/100\n|-unboost|p2b: Incineroar|atk|1\n|\n|upkeep\n|turn|4\n|\n|t:|1776127065\n|move|p2a: Gallade|Psycho Cut|p1b: Ultraman\n|-damage|p1b: Ultraman|0 fnt\n|faint|p1b: Ultraman\n|move|p2b: Incineroar|Parting Shot|p1a: Wait for it\n|-unboost|p1a: Wait for it|atk|1\n|-unboost|p1a: Wait for it|spa|1\n|\n|t:|1776127070\n|switch|p2b: Maushold|Maushold, L50|42/100 brn|[from] Parting Shot\n|move|p1a: Wait for it|Will-O-Wisp|p2a: Gallade\n|-status|p2a: Gallade|brn\n|\n|-damage|p2a: Gallade|94/100 brn|[from] brn\n|-damage|p2b: Maushold|36/100 brn|[from] brn\n|-sideend|p2: gutinks|move: Tailwind\n|upkeep\n|\n|t:|1776127077\n|switch|p1b: no matcha???|Sinistcha-Masterpiece, L50|100/100\n|-heal|p1a: Wait for it|100/100|[from] ability: Hospitality|[of] p1b: no matcha???\n|turn|5\n|\n|t:|1776127094\n|switch|p1a: Armor Abs Krabs|Crabominable, L50, F, shiny|100/100\n|move|p2a: Gallade|Triple Axel|p1b: no matcha???\n|-supereffective|p1b: no matcha???|1\n|-crit|p1b: no matcha???\n|-damage|p1b: no matcha???|92/100\n|-supereffective|p1b: no matcha???|1\n|-damage|p1b: no matcha???|79/100\n|-supereffective|p1b: no matcha???|1\n|-damage|p1b: no matcha???|60/100\n|-hitcount|p1b: no matcha???|3\n|move|p2b: Maushold|Encore||[still]\n|-fail|p2b: Maushold\n|move|p1b: no matcha???|Trick Room|p1b: no matcha???\n|-fieldstart|move: Trick Room|[of] p1b: no matcha???\n|\n|-heal|p1b: no matcha???|66/100|[from] item: Leftovers\n|-damage|p2b: Maushold|30/100 brn|[from] brn\n|-damage|p2a: Gallade|88/100 brn|[from] brn\n|upkeep\n|turn|6\n|inactive|Elite Fource has 30 seconds left.\n|inactive|gutinks has 30 seconds left.\n|\n|t:|1776127123\n|move|p1b: no matcha???|Rage Powder|p1b: no matcha???\n|-singleturn|p1b: no matcha???|move: Rage Powder\n|move|p2b: Maushold|Follow Me|p2b: Maushold\n|-singleturn|p2b: Maushold|move: Follow Me\n|move|p1a: Armor Abs Krabs|Drain Punch|p2b: Maushold\n|-supereffective|p2b: Maushold|1\n|-damage|p2b: Maushold|0 fnt\n|faint|p2b: Maushold\n|move|p2a: Gallade|Sacred Sword|p1b: no matcha???\n|-immune|p1b: no matcha???\n|\n|-heal|p1b: no matcha???|72/100|[from] item: Leftovers\n|-damage|p2a: Gallade|82/100 brn|[from] brn\n|upkeep\n|\n|t:|1776127136\n|switch|p2b: Whimsicott|Whimsicott, L50, M|100/100\n|turn|7\n|inactive|Elite Fource has 30 seconds left.\n|\n|t:|1776127166\n|detailschange|p1a: Armor Abs Krabs|Crabominable-Mega, L50, F, shiny\n|-mega|p1a: Armor Abs Krabs|Crabominable|Crabominite\n|move|p2b: Whimsicott|Protect|p2b: Whimsicott\n|-singleturn|p2b: Whimsicott|Protect\n|move|p1a: Armor Abs Krabs|Ice Hammer|p2b: Whimsicott\n|-activate|p2b: Whimsicott|move: Protect\n|move|p1b: no matcha???|Giga Drain|p2a: Gallade\n|-crit|p2a: Gallade\n|-damage|p2a: Gallade|28/100 brn\n|-heal|p1b: no matcha???|94/100|[from] drain|[of] p2a: Gallade\n|move|p2a: Gallade|Triple Axel|p1b: no matcha???\n|-supereffective|p1b: no matcha???|1\n|-damage|p1b: no matcha???|88/100\n|-supereffective|p1b: no matcha???|1\n|-damage|p1b: no matcha???|74/100\n|-supereffective|p1b: no matcha???|1\n|-damage|p1b: no matcha???|57/100\n|-hitcount|p1b: no matcha???|3\n|\n|-heal|p1b: no matcha???|63/100|[from] item: Leftovers\n|-damage|p2a: Gallade|22/100 brn|[from] brn\n|upkeep\n|turn|8\n|inactive|gutinks has 30 seconds left.\n|\n|t:|1776127196\n|switch|p1a: Wait for it|Arcanine, L50, M|100/100\n|-ability|p1a: Wait for it|Intimidate|boost\n|-fail|p2a: Gallade|unboost|Attack|[from] ability: Inner Focus|[of] p2a: Gallade\n|-unboost|p2b: Whimsicott|atk|1\n|switch|p2b: Incineroar|Incineroar, L50, M|55/100\n|-ability|p2b: Incineroar|Intimidate|boost\n|-unboost|p1a: Wait for it|atk|1\n|-unboost|p1b: no matcha???|atk|1\n|move|p1b: no matcha???|Giga Drain|p2a: Gallade\n|-damage|p2a: Gallade|0 fnt\n|-heal|p1b: no matcha???|72/100|[from] drain|[of] p2a: Gallade\n|faint|p2a: Gallade\n|\n|-heal|p1b: no matcha???|79/100|[from] item: Leftovers\n|upkeep\n|\n|t:|1776127210\n|switch|p2a: Whimsicott|Whimsicott, L50, M|100/100\n|turn|9\n|inactive|gutinks has 30 seconds left.\n|\n|t:|1776127236\n|move|p1b: no matcha???|Protect|p1b: no matcha???\n|-singleturn|p1b: no matcha???|Protect\n|move|p2b: Incineroar|Fake Out|p1a: Wait for it\n|-damage|p1a: Wait for it|90/100\n|cant|p1a: Wait for it|flinch\n|move|p2a: Whimsicott|Dazzling Gleam|p1b: no matcha???|[spread] p1a\n|-activate|p1b: no matcha???|move: Protect\n|-resisted|p1a: Wait for it|1\n|-damage|p1a: Wait for it|81/100\n|\n|-heal|p1b: no matcha???|85/100|[from] item: Leftovers\n|-fieldend|move: Trick Room\n|upkeep\n|turn|10\n|\n|t:|1776127256\n|move|p2a: Whimsicott|Tailwind|p2a: Whimsicott\n|-sidestart|p2: gutinks|move: Tailwind\n|move|p2b: Incineroar|Flare Blitz|p1b: no matcha???\n|-supereffective|p1b: no matcha???|1\n|-crit|p1b: no matcha???\n|-damage|p1b: no matcha???|0 fnt\n|faint|p1b: no matcha???\n|-damage|p2b: Incineroar|30/100|[from] Recoil\n|move|p1a: Wait for it|Overheat|p2a: Whimsicott\n|-supereffective|p2a: Whimsicott|1\n|-damage|p2a: Whimsicott|0 fnt\n|-unboost|p1a: Wait for it|spa|2\n|faint|p2a: Whimsicott\n|\n|upkeep\n|\n|t:|1776127262\n|switch|p1b: Armor Abs Krabs|Crabominable-Mega, L50, F, shiny|100/100\n|turn|11\n|\n|t:|1776127272\n|move|p1a: Wait for it|Extreme Speed|p2b: Incineroar\n|-damage|p2b: Incineroar|19/100\n|move|p2b: Incineroar|Flare Blitz|p1b: Armor Abs Krabs\n|-supereffective|p1b: Armor Abs Krabs|1\n|-damage|p1b: Armor Abs Krabs|29/100\n|-damage|p2b: Incineroar|0 fnt|[from] Recoil\n|faint|p2b: Incineroar\n|\n|win|Elite Fource\n|raw|Elite Fource's rating: 1078 &rarr; <strong>1102</strong><br />(+24 for winning)\n|raw|gutinks's rating: 1026 &rarr; <strong>1014</strong><br />(-12 for losing)\n|l|\u2606gutinks\n|player|p2|\n",
  "uploadtime": 1776127304,
  "views": 10,
  "formatid": "gen9championsvgc2026regma",
  "rating": 1014,
  "private": 0,
  "password": null
}