{
  "id": "gen9championsvgc2026regma-2587881661",
  "format": "[Gen 9 Champions] VGC 2026 Reg M-A",
  "players": [
    "CBNUN003",
    "Landpirate"
  ],
  "log": "|j|\u2606CBNUN003\n|j|\u2606Landpirate\n|t:|1776574124\n|gametype|doubles\n|player|p1|CBNUN003|102|1067\n|player|p2|Landpirate|170|1053\n|gen|9\n|tier|[Gen 9 Champions] VGC 2026 Reg M-A\n|rated|\n|rule|Species Clause: Limit one of each Pok\u00e9mon\n|rule|Item Clause: Limit 1 of each item\n|clearpoke\n|poke|p1|Talonflame, L50, F|\n|poke|p1|Rotom-Wash, L50|\n|poke|p1|Dragapult, L50, F|\n|poke|p1|Noivern, L50, F|\n|poke|p1|Sneasler, L50, M|\n|poke|p1|Sinistcha, L50|\n|poke|p2|Glimmora, L50, M|\n|poke|p2|Volcarona, L50, F|\n|poke|p2|Gyarados, L50, M, shiny|\n|poke|p2|Corviknight, L50, F, shiny|\n|poke|p2|Garchomp, L50, F|\n|poke|p2|Ninetales-Alola, L50, F|\n|teampreview|4\n|inactive|Battle timer is ON: inactive players will automatically lose when time's up. (requested by Landpirate)\nLandpirate rejected open team sheets.\n|\n|t:|1776574181\n|teamsize|p1|4\n|teamsize|p2|4\n|start\n|switch|p1a: Dragapult|Dragapult, L50, F|100/100\n|switch|p1b: Noivern|Noivern, L50, F|100/100\n|switch|p2a: Corviknight|Corviknight, L50, F, shiny|100/100\n|switch|p2b: Ninetales|Ninetales-Alola, L50, F|100/100\n|-item|p2a: Corviknight|Sitrus Berry|[from] ability: Frisk|[of] p1b: Noivern\n|-item|p2b: Ninetales|Focus Sash|[from] ability: Frisk|[of] p1b: Noivern\n|-weather|Snowscape|[from] ability: Snow Warning|[of] p2b: Ninetales\n|turn|1\n|inactive|CBNUN003 has 30 seconds left.\n|\n|t:|1776574207\n|move|p2b: Ninetales|Protect|p2b: Ninetales\n|-singleturn|p2b: Ninetales|Protect\n|move|p1a: Dragapult|Dragon Darts|p2a: Corviknight\n|-resisted|p2a: Corviknight|1\n|-damage|p2a: Corviknight|95/100\n|-anim|p1a: Dragapult|Dragon Darts|p2a: Corviknight\n|-resisted|p2a: Corviknight|1\n|-damage|p2a: Corviknight|89/100\n|move|p1b: Noivern|Flamethrower|p2b: Ninetales\n|-activate|p2b: Ninetales|move: Protect\n|move|p2a: Corviknight|Iron Defense|p2a: Corviknight\n|-boost|p2a: Corviknight|def|2\n|\n|-weather|Snowscape|[upkeep]\n|upkeep\n|turn|2\n|inactive|Landpirate has 30 seconds left.\n|\n|t:|1776574234\n|switch|p2b: Glimmora|Glimmora, L50, M|100/100\n|move|p1a: Dragapult|Dragon Darts|p2b: Glimmora\n|-damage|p2b: Glimmora|77/100\n|-activate|p2b: Glimmora|ability: Toxic Debris\n|-sidestart|p1: CBNUN003|move: Toxic Spikes\n|-anim|p1a: Dragapult|Dragon Darts|p2a: Corviknight\n|-resisted|p2a: Corviknight|1\n|-damage|p2a: Corviknight|86/100\n|move|p1b: Noivern|Flamethrower|p2b: Glimmora\n|-resisted|p2b: Glimmora|1\n|-damage|p2b: Glimmora|60/100\n|move|p2a: Corviknight|Iron Defense|p2a: Corviknight\n|-boost|p2a: Corviknight|def|2\n|\n|-weather|Snowscape|[upkeep]\n|upkeep\n|turn|3\n|inactive|CBNUN003 has 30 seconds left.\n|\n|t:|1776574262\n|detailschange|p2b: Glimmora|Glimmora-Mega, L50, M\n|-mega|p2b: Glimmora|Glimmora|Glimmoranite\n|move|p2b: Glimmora|Spiky Shield|p2b: Glimmora\n|-singleturn|p2b: Glimmora|move: Protect\n|move|p1a: Dragapult|Dragon Cheer|p1b: Noivern\n|-start|p1b: Noivern|move: Dragon Cheer\n|move|p1b: Noivern|Draco Meteor|p2b: Glimmora\n|-activate|p2b: Glimmora|move: Protect\n|move|p2a: Corviknight|Body Press|p1b: Noivern\n|-resisted|p1b: Noivern|1\n|-damage|p1b: Noivern|48/100\n|\n|-weather|Snowscape|[upkeep]\n|upkeep\n|turn|4\n|\n|t:|1776574286\n|switch|p2b: Ninetales|Ninetales-Alola, L50, F|100/100\n|move|p1a: Dragapult|Helping Hand|p1b: Noivern\n|-singleturn|p1b: Noivern|Helping Hand|[of] p1a: Dragapult\n|move|p1b: Noivern|Boomburst|p2b: Ninetales|[spread] p2a,p2b\n|-immune|p1a: Dragapult\n|-resisted|p2a: Corviknight|1\n|-crit|p2a: Corviknight\n|-crit|p2b: Ninetales\n|-damage|p2a: Corviknight|50/100\n|-damage|p2b: Ninetales|16/100\n|-enditem|p2a: Corviknight|Sitrus Berry|[eat]\n|-heal|p2a: Corviknight|75/100|[from] item: Sitrus Berry\n|move|p2a: Corviknight|Body Press|p1b: Noivern\n|-resisted|p1b: Noivern|1\n|-damage|p1b: Noivern|0 fnt\n|faint|p1b: Noivern\n|\n|-weather|Snowscape|[upkeep]\n|upkeep\n|\n|t:|1776574308\n|switch|p1b: Rotom|Rotom-Wash, L50|100/100\n|turn|5\n|\n|t:|1776574327\n|move|p1a: Dragapult|Protect|p1a: Dragapult\n|-singleturn|p1a: Dragapult|Protect\n|move|p1b: Rotom|Thunderbolt|p2a: Corviknight\n|-supereffective|p2a: Corviknight|1\n|-damage|p2a: Corviknight|0 fnt\n|faint|p2a: Corviknight\n|move|p2b: Ninetales|Blizzard|p1b: Rotom|[spread] p1b\n|-activate|p1a: Dragapult|move: Protect\n|-resisted|p1b: Rotom|1\n|-damage|p1b: Rotom|77/100\n|\n|-weather|none\n|upkeep\n|\n|t:|1776574339\n|switch|p2a: Glimmora|Glimmora-Mega, L50, M|60/100\n|turn|6\n|\n|t:|1776574357\n|switch|p1a: Sneasler|Sneasler, L50, M|100/100\n|-sideend|p1: CBNUN003|move: Toxic Spikes|[of] p1a: Sneasler\n|switch|p2a: Gyarados|Gyarados, L50, M, shiny|100/100\n|-ability|p2a: Gyarados|Intimidate|boost\n|-unboost|p1a: Sneasler|atk|1\n|-unboost|p1b: Rotom|atk|1\n|-enditem|p1a: Sneasler|White Herb\n|-clearnegativeboost|p1a: Sneasler|[silent]\n|move|p2b: Ninetales|Protect|p2b: Ninetales\n|-singleturn|p2b: Ninetales|Protect\n|move|p1b: Rotom|Thunderbolt|p2b: Ninetales\n|-activate|p2b: Ninetales|move: Protect\n|\n|upkeep\n|turn|7\n|inactive|Landpirate has 30 seconds left.\n|inactive|Landpirate has 20 seconds left.\n|\n|t:|1776574393\n|switch|p2a: Glimmora|Glimmora-Mega, L50, M|60/100\n|move|p1a: Sneasler|Close Combat|p2b: Ninetales\n|-damage|p2b: Ninetales|0 fnt\n|-unboost|p1a: Sneasler|def|1\n|-unboost|p1a: Sneasler|spd|1\n|faint|p2b: Ninetales\n|move|p1b: Rotom|Thunderbolt|p2a: Glimmora\n|-damage|p2a: Glimmora|9/100\n|\n|upkeep\n|\n|t:|1776574402\n|switch|p2b: Gyarados|Gyarados, L50, M, shiny|100/100\n|-ability|p2b: Gyarados|Intimidate|boost\n|-unboost|p1a: Sneasler|atk|1\n|-unboost|p1b: Rotom|atk|1\n|turn|8\n|\n|t:|1776574419\n|move|p2a: Glimmora|Spiky Shield|p2a: Glimmora\n|-singleturn|p2a: Glimmora|move: Protect\n|move|p2b: Gyarados|Protect|p2b: Gyarados\n|-singleturn|p2b: Gyarados|Protect\n|move|p1a: Sneasler|Close Combat|p2a: Glimmora\n|-activate|p2a: Glimmora|move: Protect\n|-damage|p1a: Sneasler|88/100|[from] Spiky Shield|[of] p2a: Glimmora\n|move|p1b: Rotom|Thunderbolt|p2b: Gyarados\n|-activate|p2b: Gyarados|move: Protect\n|\n|upkeep\n|turn|9\n|\n|t:|1776574439\n|move|p1a: Sneasler|Close Combat|p2a: Glimmora\n|-damage|p2a: Glimmora|0 fnt\n|-unboost|p1a: Sneasler|def|1\n|-unboost|p1a: Sneasler|spd|1\n|faint|p2a: Glimmora\n|move|p1b: Rotom|Thunderbolt|p2b: Gyarados\n|-supereffective|p2b: Gyarados|2\n|-damage|p2b: Gyarados|0 fnt\n|faint|p2b: Gyarados\n|\n|win|CBNUN003\n|raw|CBNUN003's rating: 1067 &rarr; <strong>1096</strong><br />(+29 for winning)\n|raw|Landpirate's rating: 1053 &rarr; <strong>1036</strong><br />(-17 for losing)\n|l|\u2606Landpirate\n|player|p2|\n",
  "uploadtime": 1776574459,
  "views": 15,
  "formatid": "gen9championsvgc2026regma",
  "rating": 1036,
  "private": 0,
  "password": null
}