{
  "id": "gen9championsvgc2026regma-2583796568",
  "format": "[Gen 9 Champions] VGC 2026 Reg M-A",
  "players": [
    "Balaur0",
    "Kalaphant"
  ],
  "log": "|j|\u203dBalaur0\n|j|\u2606Kalaphant\n|t:|1776198348\n|gametype|doubles\n|player|p1|Balaur0|marley|1129\n|player|p2|Kalaphant|1|1183\n|gen|9\n|tier|[Gen 9 Champions] VGC 2026 Reg M-A\n|rated|\n|rule|Species Clause: Limit one of each Pok\u00e9mon\n|rule|Item Clause: Limit 1 of each item\n|clearpoke\n|poke|p1|Kingambit, L50, M|\n|poke|p1|Meowstic, L50, M|\n|poke|p1|Pelipper, L50, M|\n|poke|p1|Gyarados, L50, F|\n|poke|p1|Meganium, L50, M|\n|poke|p1|Palafin, L50, F|\n|poke|p2|Gengar, L50, M|\n|poke|p2|Politoed, L50, M|\n|poke|p2|Sinistcha, L50|\n|poke|p2|Incineroar, L50, F|\n|poke|p2|Charizard, L50, M|\n|poke|p2|Sneasler, L50, M|\n|teampreview|4\n|inactive|Battle timer is ON: inactive players will automatically lose when time's up. (requested by Kalaphant)\n|inactive|Balaur0 also wants the timer to be on.\n|c|\u2606Kalaphant|glhf\nKalaphant has agreed to open team sheets.\nBalaur0 has agreed to open team sheets.\n|showteam|p1|Kingambit||BlackGlasses|Defiant|KowtowCleave,SuckerPunch,IronHead,LowKick|||M|||50|]Meowstic||FocusSash|Prankster|ThunderWave,LightScreen,FakeOut,HelpingHand|||M|||50|]Pelipper||Leftovers|Drizzle|WeatherBall,Hurricane,Tailwind,Uturn|||M|||50|]Gyarados||Gyaradosite|Intimidate|DragonDance,Waterfall,Crunch,IceFang|||F|||50|]Meganium||Meganiumite|Overgrow|WeatherBall,SolarBeam,Synthesis,DazzlingGleam|||M|||50|]Palafin||MysticWater|ZerotoHero|WaveCrash,JetPunch,CloseCombat,Protect|||F|||50|\n|showteam|p2|Gengar||Gengarite|CursedBody|Protect,PerishSong,WillOWisp,ShadowBall|||M|||50|]Politoed||SitrusBerry|Drizzle|PerishSong,Protect,WeatherBall,Encore|||M|||50|]Sinistcha||Leftovers|Hospitality|MatchaGotcha,RagePowder,LifeDew,StrengthSap||||||50|]Incineroar||ChopleBerry|Intimidate|FakeOut,PartingShot,FlareBlitz,ThroatChop|||F|||50|]Charizard||CharizarditeY|SolarPower|WeatherBall,AirSlash,SolarBeam,HeatWave|||M|||50|]Sneasler||WhiteHerb|Unburden|CloseCombat,DireClaw,FakeOut,Protect|||M|||50|\n|inactive|Balaur0 has 60 seconds left.\n|inactive|Kalaphant has 60 seconds left.\n|\n|t:|1776198381\n|teamsize|p1|4\n|teamsize|p2|4\n|start\n|switch|p1a: Meowstic|Meowstic, L50, M|100/100\n|switch|p1b: Palafin|Palafin, L50, F|100/100\n|switch|p2a: Gengar|Gengar, L50, M|100/100\n|switch|p2b: Incineroar|Incineroar, L50, F|100/100\n|-ability|p2b: Incineroar|Intimidate|boost\n|-unboost|p1a: Meowstic|atk|1\n|-unboost|p1b: Palafin|atk|1\n|turn|1\n|inactive|Kalaphant has 30 seconds left.\n|inactive|Kalaphant has 20 seconds left.\n|inactive|Kalaphant has 15 seconds left.\n|inactive|Kalaphant has 10 seconds left.\n|\n|t:|1776198429\n|detailschange|p1b: Palafin|Palafin-Hero, L50, F\n|switch|p1b: Kingambit|Kingambit, L50, M|100/100\n|detailschange|p2a: Gengar|Gengar-Mega, L50, M\n|-mega|p2a: Gengar|Gengar|Gengarite\n|move|p1a: Meowstic|Fake Out|p2b: Incineroar\n|-damage|p2b: Incineroar|98/100\n|cant|p2b: Incineroar|flinch\n|move|p2a: Gengar|Perish Song|p2a: Gengar\n|-start|p1a: Meowstic|perish3|[silent]\n|-start|p1b: Kingambit|perish3|[silent]\n|-start|p2a: Gengar|perish3|[silent]\n|-start|p2b: Incineroar|perish3|[silent]\n|-fieldactivate|move: Perish Song\n|\n|-start|p2a: Gengar|perish3\n|-start|p1a: Meowstic|perish3\n|-start|p2b: Incineroar|perish3\n|-start|p1b: Kingambit|perish3\n|upkeep\n|turn|2\n|\n|t:|1776198452\n|move|p1a: Meowstic|Thunder Wave|p2a: Gengar\n|-status|p2a: Gengar|par\n|move|p2b: Incineroar|Parting Shot|p1a: Meowstic\n|-unboost|p1a: Meowstic|atk|1\n|-unboost|p1a: Meowstic|spa|1\n|\n|t:|1776198459\n|switch|p2b: Sinistcha|Sinistcha, L50|100/100|[from] Parting Shot\n|move|p2a: Gengar|Will-O-Wisp|p1b: Kingambit\n|-status|p1b: Kingambit|brn\n|move|p1b: Kingambit|Kowtow Cleave|p2a: Gengar\n|-supereffective|p2a: Gengar|1\n|-damage|p2a: Gengar|34/100 par\n|\n|-damage|p1b: Kingambit|95/100 brn|[from] brn\n|-start|p1a: Meowstic|perish2\n|-start|p2a: Gengar|perish2\n|-start|p1b: Kingambit|perish2\n|upkeep\n|turn|3\n|inactive|Kalaphant has 30 seconds left.\n|inactive|Kalaphant has 20 seconds left.\n|inactive|Kalaphant has 15 seconds left.\n|\n|t:|1776198500\n|move|p2a: Gengar|Protect|p2a: Gengar\n|-singleturn|p2a: Gengar|Protect\n|move|p2b: Sinistcha|Rage Powder|p2b: Sinistcha\n|-singleturn|p2b: Sinistcha|move: Rage Powder\n|move|p1a: Meowstic|Light Screen|p1a: Meowstic\n|-sidestart|p1: Balaur0|move: Light Screen\n|move|p1b: Kingambit|Kowtow Cleave|p2b: Sinistcha\n|-supereffective|p2b: Sinistcha|1\n|-damage|p2b: Sinistcha|50/100\n|\n|-heal|p2b: Sinistcha|56/100|[from] item: Leftovers\n|-damage|p1b: Kingambit|89/100 brn|[from] brn\n|-start|p1a: Meowstic|perish1\n|-start|p2a: Gengar|perish1\n|-start|p1b: Kingambit|perish1\n|upkeep\n|turn|4\n|inactive|Balaur0 has 30 seconds left.\n|\n|t:|1776198531\n|switch|p2a: Incineroar|Incineroar, L50, F|98/100\n|-ability|p2a: Incineroar|Intimidate|boost\n|-unboost|p1a: Meowstic|atk|1\n|-unboost|p1b: Kingambit|atk|1\n|-ability|p1b: Kingambit|Defiant|boost\n|-boost|p1b: Kingambit|atk|2\n|move|p1a: Meowstic|Helping Hand|p1b: Kingambit\n|-singleturn|p1b: Kingambit|Helping Hand|[of] p1a: Meowstic\n|move|p2b: Sinistcha|Matcha Gotcha|p1a: Meowstic|[spread] p1a,p1b\n|-resisted|p1b: Kingambit|1\n|-damage|p1a: Meowstic|88/100\n|-heal|p2b: Sinistcha|62/100|[from] drain|[of] p1a: Meowstic\n|-damage|p1b: Kingambit|81/100 brn\n|-heal|p2b: Sinistcha|67/100|[from] drain|[of] p1b: Kingambit\n|move|p1b: Kingambit|Kowtow Cleave|p2b: Sinistcha\n|-supereffective|p2b: Sinistcha|1\n|-damage|p2b: Sinistcha|0 fnt\n|faint|p2b: Sinistcha\n|\n|-damage|p1b: Kingambit|75/100 brn|[from] brn\n|-start|p1a: Meowstic|perish0\n|-start|p1b: Kingambit|perish0\n|faint|p1a: Meowstic\n|faint|p1b: Kingambit\n|upkeep\n|\n|t:|1776198554\n|switch|p1a: Pelipper|Pelipper, L50, M|100/100\n|switch|p2b: Politoed|Politoed, L50, M|100/100\n|switch|p1b: Palafin|Palafin-Hero, L50, F|100/100\n|-activate|p1b: Palafin|ability: Zero to Hero\n|-weather|RainDance|[from] ability: Drizzle|[of] p1a: Pelipper\n|turn|5\n|inactive|Balaur0 has 30 seconds left.\n|\n|t:|1776198579\n|move|p1b: Palafin|Protect|p1b: Palafin\n|-singleturn|p1b: Palafin|Protect\n|move|p2a: Incineroar|Fake Out|p1b: Palafin\n|-activate|p1b: Palafin|move: Protect\n|move|p1a: Pelipper|Tailwind|p1a: Pelipper\n|-sidestart|p1: Balaur0|move: Tailwind\n|move|p2b: Politoed|Perish Song|p2b: Politoed\n|-start|p1a: Pelipper|perish3|[silent]\n|-start|p1b: Palafin|perish3|[silent]\n|-start|p2a: Incineroar|perish3|[silent]\n|-start|p2b: Politoed|perish3|[silent]\n|-fieldactivate|move: Perish Song\n|\n|-weather|RainDance|[upkeep]\n|-start|p1b: Palafin|perish3\n|-start|p1a: Pelipper|perish3\n|-start|p2a: Incineroar|perish3\n|-start|p2b: Politoed|perish3\n|upkeep\n|turn|6\n|inactive|Kalaphant has 30 seconds left.\n|\n|t:|1776198608\n|switch|p2a: Gengar|Gengar-Mega, L50, M|34/100 par\n|move|p2b: Politoed|Protect|p2b: Politoed\n|-singleturn|p2b: Politoed|Protect\n|move|p1b: Palafin|Wave Crash|p2a: Gengar\n|-damage|p2a: Gengar|0 fnt\n|faint|p2a: Gengar\n|-damage|p1b: Palafin|90/100|[from] Recoil\n|move|p1a: Pelipper|Weather Ball|p2b: Politoed\n|-activate|p2b: Politoed|move: Protect\n|\n|-weather|RainDance|[upkeep]\n|-start|p1b: Palafin|perish2\n|-start|p1a: Pelipper|perish2\n|-start|p2b: Politoed|perish2\n|upkeep\n|\n|t:|1776198619\n|switch|p2a: Incineroar|Incineroar, L50, F|98/100\n|-ability|p2a: Incineroar|Intimidate|boost\n|-unboost|p1a: Pelipper|atk|1\n|-unboost|p1b: Palafin|atk|1\n|turn|7\n|\n|t:|1776198628\n|move|p2a: Incineroar|Fake Out|p1b: Palafin\n|-damage|p1b: Palafin|79/100\n|cant|p1b: Palafin|flinch\n|move|p1a: Pelipper|Weather Ball|p2a: Incineroar\n|-supereffective|p2a: Incineroar|1\n|-damage|p2a: Incineroar|8/100\n|move|p2b: Politoed|Weather Ball|p1b: Palafin\n|-resisted|p1b: Palafin|1\n|-damage|p1b: Palafin|60/100\n|\n|-weather|RainDance|[upkeep]\n|-start|p1b: Palafin|perish1\n|-start|p1a: Pelipper|perish1\n|-start|p2b: Politoed|perish1\n|-sideend|p1: Balaur0|move: Light Screen\n|upkeep\n|turn|8\n|\n|t:|1776198651\n|move|p2b: Politoed|Protect|p2b: Politoed\n|-singleturn|p2b: Politoed|Protect\n|move|p1b: Palafin|Wave Crash|p2b: Politoed\n|-activate|p2b: Politoed|move: Protect\n|move|p1a: Pelipper|Weather Ball|p2a: Incineroar\n|-supereffective|p2a: Incineroar|1\n|-damage|p2a: Incineroar|0 fnt\n|faint|p2a: Incineroar\n|\n|-weather|RainDance|[upkeep]\n|-start|p1b: Palafin|perish0\n|-start|p1a: Pelipper|perish0\n|-start|p2b: Politoed|perish0\n|-sideend|p1: Balaur0|move: Tailwind\n|faint|p1b: Palafin\n|faint|p1a: Pelipper\n|faint|p2b: Politoed\n|\n|win|Kalaphant\n|raw|Balaur0's rating: 1129 &rarr; <strong>1108</strong><br />(-21 for losing)\n|raw|Kalaphant's rating: 1183 &rarr; <strong>1204</strong><br />(+21 for winning)\n",
  "uploadtime": 1776198651,
  "views": 16,
  "formatid": "gen9championsvgc2026regma",
  "rating": 1108,
  "private": 0,
  "password": null
}