{
  "id": "gen9championsvgc2026regma-2584492676",
  "format": "[Gen 9 Champions] VGC 2026 Reg M-A",
  "players": [
    "TheNamesTy45",
    "lukelby"
  ],
  "log": "|j|\u2606TheNamesTy45\n|j|\u2606lukelby\n|t:|1776264466\n|gametype|doubles\n|player|p1|TheNamesTy45|170|1189\n|player|p2|lukelby|hiker-gen4|1210\n|gen|9\n|tier|[Gen 9 Champions] VGC 2026 Reg M-A\n|rated|\n|rule|Species Clause: Limit one of each Pok\u00e9mon\n|rule|Item Clause: Limit 1 of each item\n|clearpoke\n|poke|p1|Kangaskhan, L50, F|\n|poke|p1|Aerodactyl, L50, M|\n|poke|p1|Ceruledge, L50, F|\n|poke|p1|Tauros-Paldea-Aqua, L50, M|\n|poke|p1|Charizard, L50, M|\n|poke|p1|Dragapult, L50, M|\n|poke|p2|Ninetales-Alola, L50, F|\n|poke|p2|Crabominable, L50, F|\n|poke|p2|Incineroar, L50, F|\n|poke|p2|Farigiraf, L50, M|\n|poke|p2|Glimmora, L50, F|\n|poke|p2|Sinistcha, L50|\n|teampreview|4\n|inactive|Battle timer is ON: inactive players will automatically lose when time's up. (requested by TheNamesTy45)\n|inactive|lukelby has 60 seconds left.\n|inactive|lukelby has 30 seconds left.\n|\n|t:|1776264531\n|teamsize|p1|4\n|teamsize|p2|4\n|start\n|switch|p1a: Kangaskhan|Kangaskhan, L50, F, shiny|100/100\n|switch|p1b: Ceruledge|Ceruledge, L50, F|100/100\n|switch|p2a: Glimmora|Glimmora, L50, F|100/100\n|switch|p2b: Farigiraf|Farigiraf, L50, M|100/100\n|turn|1\n|inactive|lukelby has 30 seconds left.\n|\n|t:|1776264556\n|switch|p2b: mimmer|Incineroar, L50, F|100/100\n|-ability|p2b: mimmer|Intimidate|boost\n|-fail|p1a: Kangaskhan|unboost|Attack|[from] ability: Inner Focus|[of] p1a: Kangaskhan\n|-unboost|p1b: Ceruledge|atk|1\n|detailschange|p1a: Kangaskhan|Kangaskhan-Mega, L50, F, shiny\n|-mega|p1a: Kangaskhan|Kangaskhan|Kangaskhanite\n|detailschange|p2a: Glimmora|Glimmora-Mega, L50, F\n|-mega|p2a: Glimmora|Glimmora|Glimmoranite\n|move|p2a: Glimmora|Spiky Shield|p2a: Glimmora\n|-singleturn|p2a: Glimmora|move: Protect\n|move|p1a: Kangaskhan|Double-Edge|p2b: mimmer\n|-damage|p2b: mimmer|40/100\n|-damage|p2b: mimmer|24/100\n|-hitcount|p2b: mimmer|2\n|-damage|p1a: Kangaskhan|72/100|[from] Recoil\n|move|p1b: Ceruledge|Bitter Blade|p2b: mimmer\n|-resisted|p2b: mimmer|1\n|-damage|p2b: mimmer|8/100\n|\n|upkeep\n|turn|2\n|\n|t:|1776264577\n|move|p1a: Kangaskhan|Protect|p1a: Kangaskhan\n|-singleturn|p1a: Kangaskhan|Protect\n|move|p2b: mimmer|Fake Out|p1a: Kangaskhan\n|-activate|p1a: Kangaskhan|move: Protect\n|move|p1b: Ceruledge|Shadow Sneak|p2b: mimmer\n|-resisted|p2b: mimmer|1\n|-damage|p2b: mimmer|1/100\n|move|p2a: Glimmora|Power Gem|p1b: Ceruledge\n|-supereffective|p1b: Ceruledge|1\n|-damage|p1b: Ceruledge|0 fnt\n|faint|p1b: Ceruledge\n|\n|upkeep\n|\n|t:|1776264595\n|switch|p1b: Tauros|Tauros-Paldea-Aqua, L50, M, shiny|100/100\n|-ability|p1b: Tauros|Intimidate|boost\n|-unboost|p2a: Glimmora|atk|1\n|-unboost|p2b: mimmer|atk|1\n|turn|3\n|\n|t:|1776264610\n|move|p1b: Tauros|Wave Crash|p2a: Glimmora\n|-supereffective|p2a: Glimmora|1\n|-damage|p2a: Glimmora|0 fnt\n|faint|p2a: Glimmora\n|-damage|p1b: Tauros|66/100|[from] Recoil\n|move|p1a: Kangaskhan|Double-Edge|p2b: mimmer\n|-damage|p2b: mimmer|0 fnt\n|faint|p2b: mimmer\n|-hitcount|p2: mimmer|1\n|-damage|p1a: Kangaskhan|72/100|[from] Recoil\n|\n|upkeep\n|c|\u2606lukelby|bruh i missclicked the protect\n|\n|t:|1776264634\n|switch|p2a: miinnie|Ninetales-Alola, L50, F|100/100\n|switch|p2b: Farigiraf|Farigiraf, L50, M|100/100\n|-weather|Snowscape|[from] ability: Snow Warning|[of] p2a: miinnie\n|turn|4\n|\n|t:|1776264651\n|move|p1a: Kangaskhan|Sucker Punch||[still]\n|cant|p2b: Farigiraf|ability: Armor Tail|Sucker Punch|[of] p1a: Kangaskhan\n|move|p2a: miinnie|Moonblast|p1b: Tauros\n|-supereffective|p1b: Tauros|1\n|-damage|p1b: Tauros|0 fnt\n|faint|p1b: Tauros\n|move|p2b: Farigiraf|Psychic Noise|p1a: Kangaskhan\n|-damage|p1a: Kangaskhan|46/100\n|-start|p1a: Kangaskhan|move: Heal Block\n|\n|-weather|Snowscape|[upkeep]\n|upkeep\n|\n|t:|1776264654\n|switch|p1b: Charizard|Charizard, L50, M, shiny|100/100\n|turn|5\n|\n|t:|1776264669\n|move|p2a: miinnie|Aurora Veil|p2a: miinnie\n|-sidestart|p2: lukelby|move: Aurora Veil\n|move|p1b: Charizard|Heat Wave|p2b: Farigiraf|[spread] p2a,p2b\n|-supereffective|p2a: miinnie|1\n|-damage|p2a: miinnie|56/100\n|-damage|p2b: Farigiraf|86/100\n|move|p1a: Kangaskhan|Double-Edge|p2b: Farigiraf\n|-damage|p2b: Farigiraf|42/100\n|-enditem|p2b: Farigiraf|Sitrus Berry|[eat]\n|-heal|p2b: Farigiraf|67/100|[from] item: Sitrus Berry\n|-damage|p2b: Farigiraf|56/100\n|-hitcount|p2b: Farigiraf|2\n|-damage|p1a: Kangaskhan|23/100|[from] Recoil\n|move|p2b: Farigiraf|Thunderbolt|p1b: Charizard\n|-supereffective|p1b: Charizard|1\n|-damage|p1b: Charizard|40/100\n|\n|-weather|Snowscape|[upkeep]\n|-end|p1a: Kangaskhan|move: Heal Block\n|upkeep\n|turn|6\n|\n|t:|1776264687\n|move|p1a: Kangaskhan|Protect|p1a: Kangaskhan\n|-singleturn|p1a: Kangaskhan|Protect\n|move|p2a: miinnie|Blizzard|p1a: Kangaskhan|[spread] p1b\n|-activate|p1a: Kangaskhan|move: Protect\n|-damage|p1b: Charizard|8/100\n|move|p1b: Charizard|Heat Wave|p2b: Farigiraf|[spread] p2a\n|-miss|p1b: Charizard|p2b: Farigiraf\n|-supereffective|p2a: miinnie|1\n|-damage|p2a: miinnie|9/100\n|-status|p2a: miinnie|brn\n|move|p2b: Farigiraf|Psychic Noise|p1a: Kangaskhan\n|-activate|p1a: Kangaskhan|move: Protect\n|\n|-weather|Snowscape|[upkeep]\n|-damage|p2a: miinnie|3/100 brn|[from] brn\n|upkeep\n|turn|7\n|\n|t:|1776264706\n|move|p1b: Charizard|Protect|p1b: Charizard\n|-singleturn|p1b: Charizard|Protect\n|move|p1a: Kangaskhan|Protect||[still]\n|-fail|p1a: Kangaskhan\n|move|p2a: miinnie|Moonblast|p1a: Kangaskhan\n|-damage|p1a: Kangaskhan|0 fnt\n|faint|p1a: Kangaskhan\n|move|p2b: Farigiraf|Dazzling Gleam|p1b: Charizard\n|-activate|p1b: Charizard|move: Protect\n|\n|-weather|Snowscape|[upkeep]\n|-damage|p2a: miinnie|0 fnt|[from] brn\n|faint|p2a: miinnie\n|upkeep\n|turn|8\n|\n|t:|1776264715\n|move|p1b: Charizard|Heat Wave|p2b: Farigiraf\n|-damage|p2b: Farigiraf|34/100\n|move|p2b: Farigiraf|Thunderbolt|p1b: Charizard\n|-supereffective|p1b: Charizard|1\n|-damage|p1b: Charizard|0 fnt\n|faint|p1b: Charizard\n|\n|win|lukelby\n|raw|TheNamesTy45's rating: 1189 &rarr; <strong>1166</strong><br />(-23 for losing)\n|raw|lukelby's rating: 1210 &rarr; <strong>1233</strong><br />(+23 for winning)\n|l|\u2606TheNamesTy45\n|player|p1|\n",
  "uploadtime": 1776264723,
  "views": 26,
  "formatid": "gen9championsvgc2026regma",
  "rating": 1166,
  "private": 0,
  "password": null
}