{
  "id": "gen9championsvgc2026regma-2582570213",
  "format": "[Gen 9 Champions] VGC 2026 Reg M-A",
  "players": [
    "silvermagicianvgc",
    "ChocolateTequila"
  ],
  "log": "|j|\u2606silvermagicianvgc\n|j|\u2606ChocolateTequila\n|t:|1776100021\n|gametype|doubles\n|player|p1|silvermagicianvgc|silver|1344\n|player|p2|ChocolateTequila|nurse|1363\n|gen|9\n|tier|[Gen 9 Champions] VGC 2026 Reg M-A\n|rated|\n|rule|Species Clause: Limit one of each Pok\u00e9mon\n|rule|Item Clause: Limit 1 of each item\n|clearpoke\n|poke|p1|Floette-Eternal, L50, F|\n|poke|p1|Garchomp, L50, F|\n|poke|p1|Charizard, L50, M|\n|poke|p1|Incineroar, L50, M|\n|poke|p1|Milotic, L50, F|\n|poke|p1|Sinistcha, L50|\n|poke|p2|Floette-Eternal, L50, F|\n|poke|p2|Aerodactyl, L50, F|\n|poke|p2|Garchomp, L50, F|\n|poke|p2|Rotom-Wash, L50|\n|poke|p2|Sneasler, L50, F|\n|poke|p2|Incineroar, L50, M|\n|teampreview|4\n|inactive|Battle timer is ON: inactive players will automatically lose when time's up. (requested by ChocolateTequila)\n|inactive|silvermagicianvgc has 60 seconds left.\n|\n|t:|1776100065\n|teamsize|p1|4\n|teamsize|p2|4\n|start\n|switch|p1a: Milotic|Milotic, L50, F, shiny|100/100\n|switch|p1b: Garchomp|Garchomp, L50, F|100/100\n|switch|p2a: Floette|Floette-Eternal, L50, F|100/100\n|switch|p2b: Rotom|Rotom-Wash, L50|100/100\n|turn|1\n|j| CARtu348rjf90\n|inactive|silvermagicianvgc has 30 seconds left.\n|\n|t:|1776100092\n|switch|p1b: Charizard|Charizard, L50, M|100/100\n|detailschange|p2a: Floette|Floette-Mega, L50, F\n|-mega|p2a: Floette|Floette|Floettite\n|-ability|p2a: Floette|Fairy Aura\n|move|p1a: Milotic|Protect|p1a: Milotic\n|-singleturn|p1a: Milotic|Protect\n|move|p2b: Rotom|Volt Switch|p1a: Milotic\n|-activate|p1a: Milotic|move: Protect\n|move|p2a: Floette|Dazzling Gleam|p1b: Charizard|[spread] p1b\n|-activate|p1a: Milotic|move: Protect\n|-resisted|p1b: Charizard|1\n|-damage|p1b: Charizard|66/100\n|\n|upkeep\n|turn|2\n|inactive|ChocolateTequila has 30 seconds left.\n|\n|t:|1776100120\n|switch|p1a: Sinistcha|Sinistcha, L50|100/100\n|-heal|p1b: Charizard|90/100|[from] ability: Hospitality|[of] p1a: Sinistcha\n|detailschange|p1b: Charizard|Charizard-Mega-Y, L50, M\n|-mega|p1b: Charizard|Charizard|Charizardite Y\n|-weather|SunnyDay|[from] ability: Drought|[of] p1b: Charizard\n|move|p2a: Floette|Protect|p2a: Floette\n|-singleturn|p2a: Floette|Protect\n|move|p2b: Rotom|Volt Switch|p1b: Charizard\n|-supereffective|p1b: Charizard|1\n|-damage|p1b: Charizard|28/100\n|\n|t:|1776100132\n|switch|p2b: Aerodactyl|Aerodactyl, L50, F|100/100|[from] Volt Switch\n|-ability|p2b: Aerodactyl|Unnerve\n|move|p1b: Charizard|Solar Beam||[still]\n|-prepare|p1b: Charizard|Solar Beam\n|-anim|p1b: Charizard|Solar Beam|p2b: Aerodactyl\n|-damage|p2b: Aerodactyl|31/100\n|\n|-weather|SunnyDay|[upkeep]\n|upkeep\n|turn|3\n|inactive|ChocolateTequila has 30 seconds left.\n|\n|t:|1776100159\n|move|p1b: Charizard|Protect|p1b: Charizard\n|-singleturn|p1b: Charizard|Protect\n|move|p2b: Aerodactyl|Rock Slide|p1b: Charizard|[spread] p1a\n|-activate|p1b: Charizard|move: Protect\n|-crit|p1a: Sinistcha\n|-damage|p1a: Sinistcha|72/100\n|move|p2a: Floette|Moonblast|p1a: Sinistcha\n|-crit|p1a: Sinistcha\n|-damage|p1a: Sinistcha|0 fnt\n|faint|p1a: Sinistcha\n|\n|-weather|SunnyDay|[upkeep]\n|upkeep\n|\n|t:|1776100171\n|switch|p1a: Garchomp|Garchomp, L50, F|100/100\n|turn|4\n|\n|t:|1776100183\n|move|p2a: Floette|Protect|p2a: Floette\n|-singleturn|p2a: Floette|Protect\n|move|p1a: Garchomp|Rock Slide|p2b: Aerodactyl|[spread] p2b\n|-activate|p2a: Floette|move: Protect\n|-supereffective|p2b: Aerodactyl|1\n|-damage|p2b: Aerodactyl|0 fnt\n|faint|p2b: Aerodactyl\n|move|p1b: Charizard|Heat Wave|p2a: Floette\n|-activate|p2a: Floette|move: Protect\n|\n|-weather|SunnyDay|[upkeep]\n|upkeep\n|\n|t:|1776100190\n|switch|p2b: Rotom|Rotom-Wash, L50|100/100\n|turn|5\n|j| oherrodersir\n|inactive|silvermagicianvgc has 30 seconds left.\n|\n|t:|1776100224\n|move|p1a: Garchomp|Rock Slide|p2a: Floette|[spread] p2a,p2b\n|-damage|p2a: Floette|75/100\n|-damage|p2b: Rotom|79/100\n|move|p2b: Rotom|Volt Switch|p1b: Charizard\n|-supereffective|p1b: Charizard|1\n|-damage|p1b: Charizard|0 fnt\n|faint|p1b: Charizard\n|\n|t:|1776100231\n|switch|p2b: Sneasler|Sneasler, L50, F|100/100|[from] Volt Switch\n|move|p2a: Floette|Dazzling Gleam|p1a: Garchomp\n|-supereffective|p1a: Garchomp|1\n|-damage|p1a: Garchomp|0 fnt\n|faint|p1a: Garchomp\n|\n|-weather|SunnyDay|[upkeep]\n|upkeep\n|-message|silvermagicianvgc forfeited.\n|\n|win|ChocolateTequila\n|raw|silvermagicianvgc's rating: 1344 &rarr; <strong>1325</strong><br />(-19 for losing)\n|raw|ChocolateTequila's rating: 1363 &rarr; <strong>1382</strong><br />(+19 for winning)\n|l|\u2606silvermagicianvgc\n|player|p1|\n|c|\u2606ChocolateTequila|gg\n",
  "uploadtime": 1776100250,
  "views": 21,
  "formatid": "gen9championsvgc2026regma",
  "rating": 1325,
  "private": 0,
  "password": null
}