{
  "id": "gen9championsvgc2026regma-2585461197",
  "format": "[Gen 9 Champions] VGC 2026 Reg M-A",
  "players": [
    "Mowfus",
    "storm93ita"
  ],
  "log": "|j|\u2606Mowfus\n|j|\u2606storm93ita\n|t:|1776348837\n|gametype|doubles\n|player|p1|Mowfus|266|1106\n|player|p2|storm93ita|volkner|1068\n|gen|9\n|tier|[Gen 9 Champions] VGC 2026 Reg M-A\n|rated|\n|rule|Species Clause: Limit one of each Pok\u00e9mon\n|rule|Item Clause: Limit 1 of each item\n|clearpoke\n|poke|p1|Gardevoir, L50, F|\n|poke|p1|Milotic, L50, F|\n|poke|p1|Maushold-Four, L50|\n|poke|p1|Klefki, L50, F|\n|poke|p1|Volcarona, L50, F|\n|poke|p1|Gengar, L50, F|\n|poke|p2|Dragonite, L50, F|\n|poke|p2|Basculegion, L50, M|\n|poke|p2|Archaludon, L50, M|\n|poke|p2|Meganium, L50, M|\n|poke|p2|Sneasler, L50, M|\n|poke|p2|Pelipper, L50, F|\n|teampreview|4\n|inactive|Battle timer is ON: inactive players will automatically lose when time's up. (requested by storm93ita)\n|\n|t:|1776348894\n|teamsize|p1|4\n|teamsize|p2|4\n|start\n|switch|p1a: Milotic|Milotic, L50, F|100/100\n|switch|p1b: Gengar|Gengar, L50, F|100/100\n|switch|p2a: Dragonite|Dragonite, L50, F|100/100\n|switch|p2b: Sneasler|Sneasler, L50, M|100/100\n|turn|1\n|inactive|storm93ita has 30 seconds left.\n|inactive|storm93ita has 20 seconds left.\n|\n|t:|1776348931\n|detailschange|p2a: Dragonite|Dragonite-Mega, L50, F\n|-mega|p2a: Dragonite|Dragonite|Dragoninite\n|move|p1a: Milotic|Protect|p1a: Milotic\n|-singleturn|p1a: Milotic|Protect\n|move|p2b: Sneasler|Fake Out|p1a: Milotic\n|-activate|p1a: Milotic|move: Protect\n|move|p2a: Dragonite|Tailwind|p2a: Dragonite\n|-sidestart|p2: storm93ita|move: Tailwind\n|move|p1b: Gengar|Shadow Ball|p2a: Dragonite\n|-damage|p2a: Dragonite|78/100\n|-unboost|p2a: Dragonite|spd|1\n|\n|upkeep\n|turn|2\n|inactive|Mowfus has 30 seconds left.\n|\n|t:|1776348958\n|switch|p2b: Pelipper|Pelipper, L50, F|100/100\n|-weather|RainDance|[from] ability: Drizzle|[of] p2b: Pelipper\n|move|p2a: Dragonite|Hurricane|p1b: Gengar\n|-damage|p1b: Gengar|0 fnt\n|faint|p1b: Gengar\n|move|p1a: Milotic|Icy Wind|p2b: Pelipper|[spread] p2a,p2b\n|-supereffective|p2a: Dragonite|2\n|-crit|p2a: Dragonite\n|-damage|p2a: Dragonite|2/100\n|-damage|p2b: Pelipper|88/100\n|-unboost|p2a: Dragonite|spe|1\n|-unboost|p2b: Pelipper|spe|1\n|\n|-weather|RainDance|[upkeep]\n|upkeep\n|\n|t:|1776348973\n|switch|p1b: Gardevoir|Gardevoir, L50, F|100/100\n|-ability|p1b: Gardevoir|Multiscale|Trace|[from] ability: Trace|[of] p2a: Dragonite\n|turn|3\n|\n|t:|1776348993\n|detailschange|p1b: Gardevoir|Gardevoir-Mega, L50, F\n|-mega|p1b: Gardevoir|Gardevoir|Gardevoirite\n|move|p2a: Dragonite|Hurricane|p1a: Milotic\n|-damage|p1a: Milotic|61/100\n|move|p1b: Gardevoir|Hyper Voice|p2a: Dragonite|[spread] p2a,p2b\n|-supereffective|p2a: Dragonite|1\n|-damage|p2a: Dragonite|0 fnt\n|-damage|p2b: Pelipper|38/100\n|faint|p2a: Dragonite\n|move|p2b: Pelipper|Hurricane|p1a: Milotic\n|-damage|p1a: Milotic|42/100\n|move|p1a: Milotic|Icy Wind|p2b: Pelipper\n|-damage|p2b: Pelipper|22/100\n|-unboost|p2b: Pelipper|spe|1\n|\n|-weather|RainDance|[upkeep]\n|-heal|p1a: Milotic|48/100|[from] item: Leftovers\n|upkeep\n|\n|t:|1776349012\n|switch|p2a: Basculegion|Basculegion, L50, M|100/100\n|turn|4\n|\n|t:|1776349032\n|switch|p2b: Sneasler|Sneasler, L50, M|100/100\n|move|p1b: Gardevoir|Protect|p1b: Gardevoir\n|-singleturn|p1b: Gardevoir|Protect\n|move|p2a: Basculegion|Last Respects|p1b: Gardevoir\n|-activate|p1b: Gardevoir|move: Protect\n|move|p1a: Milotic|Icy Wind|p2a: Basculegion|[spread] p2a,p2b\n|-resisted|p2a: Basculegion|1\n|-damage|p2a: Basculegion|95/100\n|-damage|p2b: Sneasler|86/100\n|-unboost|p2a: Basculegion|spe|1\n|-unboost|p2b: Sneasler|spe|1\n|\n|-weather|RainDance|[upkeep]\n|-heal|p1a: Milotic|55/100|[from] item: Leftovers\n|-sideend|p2: storm93ita|move: Tailwind\n|upkeep\n|turn|5\n|\n|t:|1776349054\n|move|p1b: Gardevoir|Protect|p1b: Gardevoir\n|-singleturn|p1b: Gardevoir|Protect\n|move|p2b: Sneasler|Fake Out|p1a: Milotic\n|-damage|p1a: Milotic|36/100\n|move|p2a: Basculegion|Last Respects|p1b: Gardevoir\n|-activate|p1b: Gardevoir|move: Protect\n|cant|p1a: Milotic|flinch\n|\n|-weather|RainDance|[upkeep]\n|-heal|p1a: Milotic|42/100|[from] item: Leftovers\n|upkeep\n|turn|6\n|\n|t:|1776349074\n|move|p2a: Basculegion|Last Respects|p1b: Gardevoir\n|-supereffective|p1b: Gardevoir|1\n|-damage|p1b: Gardevoir|0 fnt\n|faint|p1b: Gardevoir\n|move|p2b: Sneasler|Dire Claw|p1a: Milotic\n|-damage|p1a: Milotic|0 fnt\n|faint|p1a: Milotic\n|\n|-weather|none\n|upkeep\n|\n|t:|1776349087\n|switch|p1a: Volcarona|Volcarona, L50, F|100/100\n|turn|7\n|\n|t:|1776349105\n|switch|p2b: Pelipper|Pelipper, L50, F|22/100\n|-weather|RainDance|[from] ability: Drizzle|[of] p2b: Pelipper\n|move|p2a: Basculegion|Last Respects|p1a: Volcarona\n|-damage|p1a: Volcarona|13/100\n|move|p1a: Volcarona|Heat Wave|p2b: Pelipper|[spread] p2a,p2b\n|-resisted|p2a: Basculegion|1\n|-resisted|p2b: Pelipper|1\n|-damage|p2a: Basculegion|83/100\n|-damage|p2b: Pelipper|12/100\n|\n|-weather|RainDance|[upkeep]\n|upkeep\n|turn|8\n|\n|t:|1776349118\n|move|p2a: Basculegion|Last Respects|p1a: Volcarona\n|-damage|p1a: Volcarona|0 fnt\n|faint|p1a: Volcarona\n|\n|win|storm93ita\n|raw|Mowfus's rating: 1106 &rarr; <strong>1078</strong><br />(-28 for losing)\n|raw|storm93ita's rating: 1068 &rarr; <strong>1101</strong><br />(+33 for winning)\n|l|\u2606Mowfus\n|player|p1|\n",
  "uploadtime": 1776349124,
  "views": 20,
  "formatid": "gen9championsvgc2026regma",
  "rating": 1078,
  "private": 0,
  "password": null
}