{
  "id": "gen9championsvgc2026regma-2581647926",
  "format": "[Gen 9 Champions] VGC 2026 Reg M-A",
  "players": [
    "sirae",
    "Vylerean"
  ],
  "log": "|j|\u2606sirae\n|j|\u2606Vylerean\n|t:|1776017777\n|gametype|doubles\n|player|p1|sirae|caitlin|1187\n|player|p2|Vylerean|gentleman|1182\n|gen|9\n|tier|[Gen 9 Champions] VGC 2026 Reg M-A\n|rated|\n|rule|Species Clause: Limit one of each Pok\u00e9mon\n|rule|Item Clause: Limit 1 of each item\n|clearpoke\n|poke|p1|Floette-Eternal, L50, F|\n|poke|p1|Sylveon, L50, F|\n|poke|p1|Tyranitar, L50, F|\n|poke|p1|Excadrill, L50, F|\n|poke|p1|Sableye, L50, F|\n|poke|p1|Incineroar, L50, F|\n|poke|p2|Typhlosion, L50, M|\n|poke|p2|Whimsicott, L50, F|\n|poke|p2|Gengar, L50, M|\n|poke|p2|Sneasler, L50, M|\n|poke|p2|Charizard, L50, M|\n|poke|p2|Kingambit, L50, M|\n|teampreview|4\n|inactive|Battle timer is ON: inactive players will automatically lose when time's up. (requested by Vylerean)\n|inactive|sirae also wants the timer to be on.\n|inactive|Vylerean has 60 seconds left.\n|\n|t:|1776017816\n|teamsize|p1|4\n|teamsize|p2|4\n|start\n|switch|p1a: 1# Best pokemon|Incineroar, L50, F|100/100\n|switch|p1b: the exception OU|Tyranitar, L50, F|100/100\n|switch|p2a: Whimsicott|Whimsicott, L50, F|100/100\n|switch|p2b: Sneasler|Sneasler, L50, M, shiny|100/100\n|-weather|Sandstorm|[from] ability: Sand Stream|[of] p1b: the exception OU\n|-ability|p1a: 1# Best pokemon|Intimidate|boost\n|-unboost|p2a: Whimsicott|atk|1\n|-unboost|p2b: Sneasler|atk|1\n|-enditem|p2b: Sneasler|White Herb\n|-clearnegativeboost|p2b: Sneasler|[silent]\n|turn|1\n|\n|t:|1776017839\n|move|p2a: Whimsicott|Protect|p2a: Whimsicott\n|-singleturn|p2a: Whimsicott|Protect\n|move|p2b: Sneasler|Protect|p2b: Sneasler\n|-singleturn|p2b: Sneasler|Protect\n|move|p1a: 1# Best pokemon|Fake Out|p2b: Sneasler\n|-activate|p2b: Sneasler|move: Protect\n|move|p1b: the exception OU|High Horsepower|p2b: Sneasler\n|-activate|p2b: Sneasler|move: Protect\n|\n|-weather|Sandstorm|[upkeep]\n|-damage|p2b: Sneasler|95/100|[from] Sandstorm\n|-damage|p2a: Whimsicott|95/100|[from] Sandstorm\n|-damage|p1a: 1# Best pokemon|95/100|[from] Sandstorm\n|upkeep\n|turn|2\n|\n|t:|1776017857\n|move|p1b: the exception OU|Protect|p1b: the exception OU\n|-singleturn|p1b: the exception OU|Protect\n|move|p2a: Whimsicott|Tailwind|p2a: Whimsicott\n|-sidestart|p2: Vylerean|move: Tailwind\n|move|p2b: Sneasler|Close Combat|p1b: the exception OU\n|-activate|p1b: the exception OU|move: Protect\n|move|p1a: 1# Best pokemon|Parting Shot|p2b: Sneasler\n|-unboost|p2b: Sneasler|atk|1\n|-unboost|p2b: Sneasler|spa|1\n|\n|t:|1776017870\n|switch|p1a: Fastest mon|Excadrill, L50, F|100/100|[from] Parting Shot\n|\n|-weather|Sandstorm|[upkeep]\n|-damage|p2b: Sneasler|89/100|[from] Sandstorm\n|-damage|p2a: Whimsicott|89/100|[from] Sandstorm\n|upkeep\n|turn|3\n|\n|t:|1776017886\n|switch|p1b: 1# Best pokemon|Incineroar, L50, F|95/100\n|-ability|p1b: 1# Best pokemon|Intimidate|boost\n|-unboost|p2a: Whimsicott|atk|1\n|-unboost|p2b: Sneasler|atk|1\n|move|p2a: Whimsicott|Taunt|p1a: Fastest mon\n|-start|p1a: Fastest mon|move: Taunt\n|move|p2b: Sneasler|Close Combat|p1b: 1# Best pokemon\n|-supereffective|p1b: 1# Best pokemon|1\n|-damage|p1b: 1# Best pokemon|20/100\n|-unboost|p2b: Sneasler|def|1\n|-unboost|p2b: Sneasler|spd|1\n|move|p1a: Fastest mon|Iron Head|p2a: Whimsicott\n|-supereffective|p2a: Whimsicott|1\n|-damage|p2a: Whimsicott|0 fnt\n|faint|p2a: Whimsicott\n|\n|-weather|Sandstorm|[upkeep]\n|-damage|p2b: Sneasler|83/100|[from] Sandstorm\n|-damage|p1b: 1# Best pokemon|15/100|[from] Sandstorm\n|upkeep\n|\n|t:|1776017891\n|switch|p2a: Charizard|Charizard, L50, M, shiny|100/100\n|turn|4\n|inactive|sirae has 30 seconds left.\n|inactive|sirae has 20 seconds left.\n|inactive|sirae has 15 seconds left.\n|\n|t:|1776017935\n|switch|p1a: Transgender|Sylveon, L50, F|100/100\n|move|p2a: Charizard|Protect|p2a: Charizard\n|-singleturn|p2a: Charizard|Protect\n|move|p1b: 1# Best pokemon|Fake Out|p2a: Charizard\n|-activate|p2a: Charizard|move: Protect\n|move|p2b: Sneasler|Close Combat|p1b: 1# Best pokemon\n|-supereffective|p1b: 1# Best pokemon|1\n|-damage|p1b: 1# Best pokemon|0 fnt\n|-unboost|p2b: Sneasler|def|1\n|-unboost|p2b: Sneasler|spd|1\n|faint|p1b: 1# Best pokemon\n|\n|-weather|Sandstorm|[upkeep]\n|-damage|p2b: Sneasler|78/100|[from] Sandstorm\n|-damage|p2a: Charizard|95/100|[from] Sandstorm\n|-damage|p1a: Transgender|95/100|[from] Sandstorm\n|upkeep\n|\n|t:|1776017942\n|switch|p1b: the exception OU|Tyranitar, L50, F|100/100\n|turn|5\n|\n|t:|1776017966\n|switch|p2b: Typhlosion|Typhlosion, L50, M|100/100\n|detailschange|p2a: Charizard|Charizard-Mega-Y, L50, M, shiny\n|-mega|p2a: Charizard|Charizard|Charizardite Y\n|-weather|SunnyDay|[from] ability: Drought|[of] p2a: Charizard\n|detailschange|p1b: the exception OU|Tyranitar-Mega, L50, F\n|-mega|p1b: the exception OU|Tyranitar|Tyranitarite\n|-weather|Sandstorm|[from] ability: Sand Stream|[of] p1b: the exception OU\n|move|p1b: the exception OU|Protect|p1b: the exception OU\n|-singleturn|p1b: the exception OU|Protect\n|move|p2a: Charizard|Heat Wave|p1b: the exception OU|[spread] \n|-activate|p1b: the exception OU|move: Protect\n|-miss|p2a: Charizard|p1a: Transgender\n|move|p1a: Transgender|Weather Ball|p2a: Charizard\n|-supereffective|p2a: Charizard|2\n|-damage|p2a: Charizard|0 fnt\n|faint|p2a: Charizard\n|\n|-weather|Sandstorm|[upkeep]\n|-damage|p2b: Typhlosion|94/100|[from] Sandstorm\n|-damage|p1a: Transgender|89/100|[from] Sandstorm\n|-sideend|p2: Vylerean|move: Tailwind\n|upkeep\n|\n|t:|1776017975\n|switch|p2a: Sneasler|Sneasler, L50, M, shiny|78/100\n|turn|6\n|inactive|sirae has 30 seconds left.\n|\n|t:|1776018001\n|switch|p1a: Fastest mon|Excadrill, L50, F|100/100\n|move|p2b: Typhlosion|Eruption|p1b: the exception OU|[spread] p1a,p1b\n|-supereffective|p1a: Fastest mon|1\n|-resisted|p1b: the exception OU|1\n|-enditem|p1a: Fastest mon|Focus Sash\n|-damage|p1a: Fastest mon|1/100\n|-damage|p1b: the exception OU|87/100\n|move|p2a: Sneasler|Close Combat|p1b: the exception OU\n|-supereffective|p1b: the exception OU|2\n|-damage|p1b: the exception OU|0 fnt\n|-unboost|p2a: Sneasler|def|1\n|-unboost|p2a: Sneasler|spd|1\n|faint|p1b: the exception OU\n|\n|-weather|Sandstorm|[upkeep]\n|-damage|p2b: Typhlosion|88/100|[from] Sandstorm\n|-damage|p2a: Sneasler|72/100|[from] Sandstorm\n|upkeep\n|\n|t:|1776018012\n|switch|p1b: Transgender|Sylveon, L50, F|89/100\n|turn|7\n|\n|t:|1776018023\n|move|p1a: Fastest mon|Earthquake|p2b: Typhlosion|[spread] p1b,p2a,p2b\n|-crit|p1b: Transgender\n|-supereffective|p2a: Sneasler|1\n|-supereffective|p2b: Typhlosion|1\n|-damage|p1b: Transgender|0 fnt\n|-damage|p2a: Sneasler|0 fnt\n|-damage|p2b: Typhlosion|0 fnt\n|faint|p1b: Transgender\n|faint|p2a: Sneasler\n|faint|p2b: Typhlosion\n|\n|win|sirae\n|raw|sirae's rating: 1187 &rarr; <strong>1212</strong><br />(+25 for winning)\n|raw|Vylerean's rating: 1182 &rarr; <strong>1157</strong><br />(-25 for losing)\n",
  "uploadtime": 1776018036,
  "views": 26,
  "formatid": "gen9championsvgc2026regma",
  "rating": 1157,
  "private": 0,
  "password": null
}