{
  "id": "gen9championsvgc2026regma-2582561964",
  "format": "[Gen 9 Champions] VGC 2026 Reg M-A",
  "players": [
    "Zapdos79",
    "fergarci9"
  ],
  "log": "|j|\u2606Zapdos79\n|j|\u2606fergarci9\n|t:|1776099504\n|gametype|doubles\n|player|p1|Zapdos79|flannery|1104\n|player|p2|fergarci9|lucas-gen4pt|1082\n|gen|9\n|tier|[Gen 9 Champions] VGC 2026 Reg M-A\n|rated|\n|rule|Species Clause: Limit one of each Pok\u00e9mon\n|rule|Item Clause: Limit 1 of each item\n|clearpoke\n|poke|p1|Tyranitar, L50, M|\n|poke|p1|Talonflame, L50, M|\n|poke|p1|Excadrill, L50, M|\n|poke|p1|Meganium, L50, M|\n|poke|p1|Farigiraf, L50, M|\n|poke|p1|Incineroar, L50, F|\n|poke|p2|Espathra, L50, F|\n|poke|p2|Sneasler, L50, M|\n|poke|p2|Aerodactyl, L50, F|\n|poke|p2|Rotom-Mow, L50|\n|poke|p2|Incineroar, L50, F|\n|poke|p2|Kingambit, L50, F|\n|teampreview|4\n|j| fehgon321\n|\n|t:|1776099551\n|teamsize|p1|4\n|teamsize|p2|4\n|start\n|switch|p1a: Farigiraf|Farigiraf, L50, M|100/100\n|switch|p1b: Tyranitar|Tyranitar, L50, M|100/100\n|switch|p2a: Sneasler|Sneasler, L50, M|100/100\n|switch|p2b: Kingambit|Kingambit, L50, F|100/100\n|-weather|Sandstorm|[from] ability: Sand Stream|[of] p1b: Tyranitar\n|turn|1\n|inactive|Battle timer is ON: inactive players will automatically lose when time's up. (requested by fergarci9)\n|\n|t:|1776099564\n|move|p1a: Farigiraf|Ally Switch|p1a: Farigiraf\n|swap|p1a: Farigiraf|1|[from] move: Ally Switch\n|move|p2a: Sneasler|Close Combat|p1b: Farigiraf\n|-crit|p1b: Farigiraf\n|-damage|p1b: Farigiraf|0 fnt\n|-unboost|p2a: Sneasler|def|1\n|-unboost|p2a: Sneasler|spd|1\n|faint|p1b: Farigiraf\n|-enditem|p2a: Sneasler|White Herb\n|-clearnegativeboost|p2a: Sneasler|[silent]\n|move|p1a: Tyranitar|Breaking Swipe|p2a: Sneasler|[spread] p2a,p2b\n|-resisted|p2b: Kingambit|1\n|-damage|p2a: Sneasler|69/100\n|-damage|p2b: Kingambit|94/100\n|-unboost|p2a: Sneasler|atk|1\n|-unboost|p2b: Kingambit|atk|1\n|-ability|p2b: Kingambit|Defiant|boost\n|-boost|p2b: Kingambit|atk|2\n|move|p2b: Kingambit|Kowtow Cleave|p1a: Tyranitar\n|-resisted|p1a: Tyranitar|1\n|-damage|p1a: Tyranitar|58/100\n|\n|-weather|Sandstorm|[upkeep]\n|-damage|p2a: Sneasler|63/100|[from] Sandstorm\n|upkeep\n|\n|t:|1776099588\n|switch|p1b: Incineroar|Incineroar, L50, F|100/100\n|-ability|p1b: Incineroar|Intimidate|boost\n|-unboost|p2a: Sneasler|atk|1\n|-unboost|p2b: Kingambit|atk|1\n|-ability|p2b: Kingambit|Defiant|boost\n|-boost|p2b: Kingambit|atk|2\n|turn|2\n|\n|t:|1776099604\n|switch|p2a: Rotom|Rotom-Mow, L50|100/100\n|move|p2b: Kingambit|Protect|p2b: Kingambit\n|-singleturn|p2b: Kingambit|Protect\n|move|p1b: Incineroar|Fake Out|p2a: Rotom\n|-damage|p2a: Rotom|82/100\n|move|p1a: Tyranitar|Breaking Swipe|p2b: Kingambit|[spread] p2a\n|-activate|p2b: Kingambit|move: Protect\n|-damage|p2a: Rotom|59/100\n|-unboost|p2a: Rotom|atk|1\n|\n|-weather|Sandstorm|[upkeep]\n|-damage|p2a: Rotom|53/100|[from] Sandstorm\n|-damage|p1b: Incineroar|95/100|[from] Sandstorm\n|upkeep\n|turn|3\n|\n|t:|1776099623\n|move|p1a: Tyranitar|Protect|p1a: Tyranitar\n|-singleturn|p1a: Tyranitar|Protect\n|move|p2a: Rotom|Thunderbolt|p1b: Incineroar\n|-damage|p1b: Incineroar|54/100\n|move|p1b: Incineroar|Flare Blitz|p2b: Kingambit\n|-supereffective|p2b: Kingambit|1\n|-damage|p2b: Kingambit|0 fnt\n|faint|p2b: Kingambit\n|-damage|p1b: Incineroar|22/100|[from] Recoil\n|-enditem|p1b: Incineroar|Sitrus Berry|[eat]\n|-heal|p1b: Incineroar|47/100|[from] item: Sitrus Berry\n|\n|-weather|Sandstorm|[upkeep]\n|-damage|p2a: Rotom|48/100|[from] Sandstorm\n|-damage|p1b: Incineroar|41/100|[from] Sandstorm\n|upkeep\n|\n|t:|1776099631\n|switch|p2b: Sneasler|Sneasler, L50, M|63/100\n|turn|4\n|\n|t:|1776099661\n|switch|p2a: Espathra|Espathra, L50, F|100/100\n|move|p1a: Tyranitar|Protect|p1a: Tyranitar\n|-singleturn|p1a: Tyranitar|Protect\n|move|p2b: Sneasler|Close Combat|p1b: Incineroar\n|-supereffective|p1b: Incineroar|1\n|-damage|p1b: Incineroar|0 fnt\n|-unboost|p2b: Sneasler|def|1\n|-unboost|p2b: Sneasler|spd|1\n|faint|p1b: Incineroar\n|\n|-weather|Sandstorm|[upkeep]\n|-damage|p2b: Sneasler|57/100|[from] Sandstorm\n|-damage|p2a: Espathra|95/100|[from] Sandstorm\n|upkeep\n|\n|t:|1776099670\n|switch|p1b: Excadrill|Excadrill, L50, M|100/100\n|turn|5\n|\n|t:|1776099680\n|switch|p2b: Rotom|Rotom-Mow, L50|48/100\n|move|p2a: Espathra|Protect|p2a: Espathra\n|-singleturn|p2a: Espathra|Protect\n|move|p1b: Excadrill|High Horsepower|p2b: Rotom\n|-immune|p2b: Rotom|[from] ability: Levitate\n|move|p1a: Tyranitar|Knock Off|p2a: Espathra\n|-activate|p2a: Espathra|move: Protect\n|\n|-weather|none\n|-ability|p2a: Espathra|Speed Boost|boost\n|-boost|p2a: Espathra|spe|1\n|upkeep\n|turn|6\n|\n|t:|1776099703\n|move|p2a: Espathra|Dazzling Gleam|p1a: Tyranitar|[spread] p1a,p1b\n|-supereffective|p1a: Tyranitar|1\n|-resisted|p1b: Excadrill|1\n|-damage|p1a: Tyranitar|20/100\n|-damage|p1b: Excadrill|89/100\n|move|p2b: Rotom|Leaf Storm|p1b: Excadrill|[miss]\n|-miss|p2b: Rotom|p1b: Excadrill\n|move|p1b: Excadrill|Rock Slide|p2b: Rotom|[spread] p2a\n|-miss|p1b: Excadrill|p2b: Rotom\n|-damage|p2a: Espathra|62/100\n|move|p1a: Tyranitar|Rock Slide|p2a: Espathra|[spread] p2a,p2b\n|-damage|p2a: Espathra|8/100\n|-damage|p2b: Rotom|3/100\n|\n|-ability|p2a: Espathra|Speed Boost|boost\n|-boost|p2a: Espathra|spe|1\n|upkeep\n|turn|7\n|\n|t:|1776099727\n|move|p1a: Tyranitar|Protect|p1a: Tyranitar\n|-singleturn|p1a: Tyranitar|Protect\n|move|p2a: Espathra|Dazzling Gleam|p1b: Excadrill|[spread] p1b\n|-activate|p1a: Tyranitar|move: Protect\n|-resisted|p1b: Excadrill|1\n|-damage|p1b: Excadrill|78/100\n|move|p2b: Rotom|Leaf Storm|p1b: Excadrill|[miss]\n|-miss|p2b: Rotom|p1b: Excadrill\n|move|p1b: Excadrill|Rock Slide|p2b: Rotom|[spread] p2a,p2b\n|-damage|p2a: Espathra|0 fnt\n|-damage|p2b: Rotom|0 fnt\n|faint|p2a: Espathra\n|faint|p2b: Rotom\n|\n|upkeep\n|\n|t:|1776099738\n|switch|p2b: Sneasler|Sneasler, L50, M|57/100\n|turn|8\n|\n|t:|1776099754\n|move|p1b: Excadrill|Protect|p1b: Excadrill\n|-singleturn|p1b: Excadrill|Protect\n|move|p2b: Sneasler|Close Combat|p1b: Excadrill\n|-activate|p1b: Excadrill|move: Protect\n|move|p1a: Tyranitar|Breaking Swipe|p2b: Sneasler\n|-damage|p2b: Sneasler|16/100\n|-unboost|p2b: Sneasler|atk|1\n|\n|upkeep\n|turn|9\n|\n|t:|1776099765\n|move|p2b: Sneasler|Close Combat|p1b: Excadrill\n|-supereffective|p1b: Excadrill|1\n|-damage|p1b: Excadrill|0 fnt\n|-unboost|p2b: Sneasler|def|1\n|-unboost|p2b: Sneasler|spd|1\n|faint|p1b: Excadrill\n|move|p1a: Tyranitar|Breaking Swipe|p2b: Sneasler\n|-damage|p2b: Sneasler|0 fnt\n|faint|p2b: Sneasler\n|\n|win|Zapdos79\n|raw|Zapdos79's rating: 1104 &rarr; <strong>1127</strong><br />(+23 for winning)\n|raw|fergarci9's rating: 1082 &rarr; <strong>1061</strong><br />(-21 for losing)\n|l|\u2606fergarci9\n|player|p2|\n",
  "uploadtime": 1776099779,
  "views": 9,
  "formatid": "gen9championsvgc2026regma",
  "rating": 1061,
  "private": 0,
  "password": null
}