{
  "id": "gen9championsvgc2026regma-2585316355",
  "format": "[Gen 9 Champions] VGC 2026 Reg M-A",
  "players": [
    "inadequatee",
    "Jkonek"
  ],
  "log": "|j|\u2606inadequatee\n|j|\u2606Jkonek\n|t:|1776337054\n|gametype|doubles\n|player|p1|inadequatee|101|1271\n|player|p2|Jkonek|bellelba|1275\n|gen|9\n|tier|[Gen 9 Champions] VGC 2026 Reg M-A\n|rated|\n|rule|Species Clause: Limit one of each Pok\u00e9mon\n|rule|Item Clause: Limit 1 of each item\n|clearpoke\n|poke|p1|Aerodactyl, L50, M|\n|poke|p1|Floette-Eternal, L50, F|\n|poke|p1|Milotic, L50, M|\n|poke|p1|Delphox, L50, M|\n|poke|p1|Whimsicott, L50, F|\n|poke|p1|Sneasler, L50, M|\n|poke|p2|Froslass, L50, F|\n|poke|p2|Ninetales-Alola, L50, F|\n|poke|p2|Farigiraf, L50, M|\n|poke|p2|Whimsicott, L50, F|\n|poke|p2|Incineroar, L50, M|\n|poke|p2|Arcanine-Hisui, L50, F|\n|teampreview|4\n|inactive|Battle timer is ON: inactive players will automatically lose when time's up. (requested by Jkonek)\n|\n|t:|1776337076\n|teamsize|p1|4\n|teamsize|p2|4\n|start\n|switch|p1a: Delphox|Delphox, L50, M|100/100\n|switch|p1b: Whimsicott|Whimsicott, L50, F|100/100\n|switch|p2a: Froslass|Froslass, L50, F, shiny|100/100\n|switch|p2b: Arcanine|Arcanine-Hisui, L50, F, shiny|100/100\n|-ability|p2b: Arcanine|Intimidate|boost\n|-unboost|p1a: Delphox|atk|1\n|-unboost|p1b: Whimsicott|atk|1\n|turn|1\n|\n|t:|1776337091\n|switch|p2a: Farigiraf|Farigiraf, L50, M, shiny|100/100\n|detailschange|p1a: Delphox|Delphox-Mega, L50, M\n|-mega|p1a: Delphox|Delphox|Delphoxite\n|move|p1b: Whimsicott|Sunny Day|p1b: Whimsicott\n|-weather|SunnyDay\n|move|p2b: Arcanine|Rock Slide|p1b: Whimsicott|[spread] p1a,p1b\n|-supereffective|p1a: Delphox|1\n|-damage|p1a: Delphox|12/100\n|-damage|p1b: Whimsicott|68/100\n|move|p1a: Delphox|Heat Wave|p2b: Arcanine|[spread] p2a,p2b\n|-resisted|p2b: Arcanine|2\n|-damage|p2a: Farigiraf|35/100\n|-damage|p2b: Arcanine|80/100\n|\n|-weather|SunnyDay|[upkeep]\n|-heal|p2a: Farigiraf|41/100|[from] item: Leftovers\n|upkeep\n|turn|2\n|inactive|inadequatee has 30 seconds left.\n|\n|t:|1776337117\n|move|p1b: Whimsicott|Tailwind|p1b: Whimsicott\n|-sidestart|p1: inadequatee|move: Tailwind\n|move|p1a: Delphox|Psychic|p2b: Arcanine\n|-damage|p2b: Arcanine|6/100\n|move|p2b: Arcanine|Rock Slide|p1a: Delphox|[spread] p1a,p1b\n|-supereffective|p1a: Delphox|1\n|-damage|p1a: Delphox|0 fnt\n|-damage|p1b: Whimsicott|37/100\n|faint|p1a: Delphox\n|move|p2a: Farigiraf|Psychic|p1b: Whimsicott\n|-damage|p1b: Whimsicott|0 fnt\n|faint|p1b: Whimsicott\n|\n|-weather|SunnyDay|[upkeep]\n|-heal|p2a: Farigiraf|48/100|[from] item: Leftovers\n|upkeep\n|\n|t:|1776337130\n|switch|p1a: Milotic|Milotic, L50, M|100/100\n|switch|p1b: Sneasler|Sneasler, L50, M|100/100\n|turn|3\n|\n|t:|1776337154\n|switch|p2b: Incineroar|Incineroar, L50, M, shiny|100/100\n|-ability|p2b: Incineroar|Intimidate|boost\n|-unboost|p1a: Milotic|atk|1\n|-unboost|p1b: Sneasler|atk|1\n|-enditem|p1b: Sneasler|White Herb\n|-clearnegativeboost|p1b: Sneasler|[silent]\n|move|p1b: Sneasler|Dire Claw|p2a: Farigiraf\n|-damage|p2a: Farigiraf|7/100\n|move|p1a: Milotic|Scald|p2b: Incineroar\n|-supereffective|p2b: Incineroar|1\n|-damage|p2b: Incineroar|67/100\n|move|p2a: Farigiraf|Trick Room|p2a: Farigiraf\n|-fieldstart|move: Trick Room|[of] p2a: Farigiraf\n|\n|-weather|SunnyDay|[upkeep]\n|-heal|p2a: Farigiraf|13/100|[from] item: Leftovers\n|upkeep\n|turn|4\n|\n|t:|1776337173\n|move|p2b: Incineroar|Fake Out|p1a: Milotic\n|-damage|p1a: Milotic|88/100\n|move|p2a: Farigiraf|Psychic|p1b: Sneasler\n|-supereffective|p1b: Sneasler|2\n|-damage|p1b: Sneasler|0 fnt\n|faint|p1b: Sneasler\n|cant|p1a: Milotic|flinch\n|\n|-weather|SunnyDay|[upkeep]\n|-heal|p2a: Farigiraf|19/100|[from] item: Leftovers\n|-heal|p1a: Milotic|94/100|[from] item: Leftovers\n|upkeep\n|turn|5\n|-message|inadequatee forfeited.\n|\n|win|Jkonek\n|raw|inadequatee's rating: 1271 &rarr; <strong>1246</strong><br />(-25 for losing)\n|raw|Jkonek's rating: 1275 &rarr; <strong>1300</strong><br />(+25 for winning)\n|l|\u2606inadequatee\n|player|p1|\n",
  "uploadtime": 1776337183,
  "views": 42,
  "formatid": "gen9championsvgc2026regma",
  "rating": 1246,
  "private": 0,
  "password": null
}