{
  "id": "gen9championsvgc2026regma-2587156538",
  "format": "[Gen 9 Champions] VGC 2026 Reg M-A",
  "players": [
    "test66669999",
    "MigraineMan"
  ],
  "log": "|j|\u2606test66669999\n|j|\u2606MigraineMan\n|t:|1776501719\n|gametype|doubles\n|player|p1|test66669999|170|1435\n|player|p2|MigraineMan|170|1548\n|gen|9\n|tier|[Gen 9 Champions] VGC 2026 Reg M-A\n|rated|\n|rule|Species Clause: Limit one of each Pok\u00e9mon\n|rule|Item Clause: Limit 1 of each item\n|clearpoke\n|poke|p1|Floette-Eternal, L50, F|\n|poke|p1|Sinistcha, L50|\n|poke|p1|Archaludon, L50, M|\n|poke|p1|Sableye, L50, F|\n|poke|p1|Aerodactyl, L50, F|\n|poke|p1|Gengar, L50, F|\n|poke|p2|Dragonite, L50, F|\n|poke|p2|Pelipper, L50, M|\n|poke|p2|Excadrill, L50, M|\n|poke|p2|Basculegion, L50, M|\n|poke|p2|Lycanroc, L50, M|\n|poke|p2|Tyranitar, L50, M|\n|teampreview|4\n|inactive|Battle timer is ON: inactive players will automatically lose when time's up. (requested by test66669999)\n|inactive|MigraineMan has 60 seconds left.\n|\n|t:|1776501763\n|teamsize|p1|4\n|teamsize|p2|4\n|start\n|switch|p1a: Sableye|Sableye, L50, F|100/100\n|switch|p1b: Archaludon|Archaludon, L50, M|100/100\n|switch|p2a: Lycanroc|Lycanroc, L50, M|100/100\n|switch|p2b: Tyranitar|Tyranitar, L50, M|100/100\n|-weather|Sandstorm|[from] ability: Sand Stream|[of] p2b: Tyranitar\n|turn|1\n|\n|t:|1776501785\n|detailschange|p2b: Tyranitar|Tyranitar-Mega, L50, M\n|-mega|p2b: Tyranitar|Tyranitar|Tyranitarite\n|move|p2a: Lycanroc|Protect|p2a: Lycanroc\n|-singleturn|p2a: Lycanroc|Protect\n|move|p2b: Tyranitar|Protect|p2b: Tyranitar\n|-singleturn|p2b: Tyranitar|Protect\n|move|p1b: Archaludon|Protect|p1b: Archaludon\n|-singleturn|p1b: Archaludon|Protect\n|move|p1a: Sableye|Rain Dance|p1a: Sableye\n|-weather|RainDance\n|\n|-weather|RainDance|[upkeep]\n|upkeep\n|turn|2\n|\n|t:|1776501812\n|move|p1a: Sableye|Will-O-Wisp|p2a: Lycanroc|[miss]\n|-miss|p1a: Sableye|p2a: Lycanroc\n|move|p2a: Lycanroc|Close Combat|p1b: Archaludon\n|-supereffective|p1b: Archaludon|1\n|-damage|p1b: Archaludon|45/100\n|-unboost|p2a: Lycanroc|def|1\n|-unboost|p2a: Lycanroc|spd|1\n|-ability|p1b: Archaludon|Stamina|boost\n|-boost|p1b: Archaludon|def|1\n|move|p2b: Tyranitar|Assurance|p1b: Archaludon\n|-damage|p1b: Archaludon|6/100\n|-ability|p1b: Archaludon|Stamina|boost\n|-boost|p1b: Archaludon|def|1\n|move|p1b: Archaludon|Electro Shot||[still]\n|-prepare|p1b: Archaludon|Electro Shot\n|-boost|p1b: Archaludon|spa|1\n|-anim|p1b: Archaludon|Electro Shot|p2b: Tyranitar\n|-damage|p2b: Tyranitar|47/100\n|\n|-weather|RainDance|[upkeep]\n|-heal|p1b: Archaludon|12/100|[from] item: Leftovers\n|upkeep\n|turn|3\n|inactive|test66669999 has 30 seconds left.\n|\n|t:|1776501837\n|switch|p1a: Sinistcha|Sinistcha, L50|100/100\n|-heal|p1b: Archaludon|36/100|[from] ability: Hospitality|[of] p1a: Sinistcha\n|move|p1b: Archaludon|Protect|p1b: Archaludon\n|-singleturn|p1b: Archaludon|Protect\n|move|p2a: Lycanroc|Close Combat|p1b: Archaludon\n|-activate|p1b: Archaludon|move: Protect\n|move|p2b: Tyranitar|Assurance|p1a: Sinistcha\n|-supereffective|p1a: Sinistcha|1\n|-crit|p1a: Sinistcha\n|-damage|p1a: Sinistcha|0 fnt\n|faint|p1a: Sinistcha\n|\n|-weather|RainDance|[upkeep]\n|-heal|p1b: Archaludon|42/100|[from] item: Leftovers\n|upkeep\n|\n|t:|1776501854\n|switch|p1a: Sableye|Sableye, L50, F|100/100\n|turn|4\n|\n|t:|1776501877\n|move|p1a: Sableye|Fake Out|p2a: Lycanroc\n|-resisted|p2a: Lycanroc|1\n|-damage|p2a: Lycanroc|91/100\n|cant|p2a: Lycanroc|flinch\n|move|p2b: Tyranitar|Assurance|p1a: Sableye\n|-damage|p1a: Sableye|41/100\n|-enditem|p1a: Sableye|Sitrus Berry|[eat]\n|-heal|p1a: Sableye|66/100|[from] item: Sitrus Berry\n|move|p1b: Archaludon|Flash Cannon|p2b: Tyranitar\n|-supereffective|p2b: Tyranitar|1\n|-damage|p2b: Tyranitar|0 fnt\n|faint|p2b: Tyranitar\n|\n|-weather|RainDance|[upkeep]\n|-heal|p1b: Archaludon|49/100|[from] item: Leftovers\n|upkeep\n|\n|t:|1776501887\n|switch|p2b: Basculegion|Basculegion, L50, M|100/100\n|turn|5\n|\n|t:|1776501902\n|switch|p2a: Excadrill|Excadrill, L50, M|100/100\n|-ability|p2a: Excadrill|Mold Breaker\n|move|p1b: Archaludon|Protect|p1b: Archaludon\n|-singleturn|p1b: Archaludon|Protect\n|move|p2b: Basculegion|Aqua Jet|p1a: Sableye\n|-damage|p1a: Sableye|16/100\n|move|p1a: Sableye|Will-O-Wisp|p2b: Basculegion\n|-status|p2b: Basculegion|brn\n|\n|-weather|none\n|-heal|p1b: Archaludon|55/100|[from] item: Leftovers\n|-damage|p2b: Basculegion|94/100 brn|[from] brn\n|upkeep\n|turn|6\n|\n|t:|1776501924\n|move|p2b: Basculegion|Aqua Jet|p1a: Sableye\n|-damage|p1a: Sableye|0 fnt\n|faint|p1a: Sableye\n|move|p2a: Excadrill|High Horsepower|p1b: Archaludon\n|-supereffective|p1b: Archaludon|1\n|-damage|p1b: Archaludon|17/100\n|-ability|p1b: Archaludon|Stamina|boost\n|-boost|p1b: Archaludon|def|1\n|move|p1b: Archaludon|Dragon Pulse|p2b: Basculegion\n|-damage|p2b: Basculegion|25/100 brn\n|\n|-heal|p1b: Archaludon|23/100|[from] item: Leftovers\n|-damage|p2b: Basculegion|19/100 brn|[from] brn\n|upkeep\n|\n|t:|1776501939\n|switch|p1a: Aerodactyl|Aerodactyl, L50, F|100/100\n|-ability|p1a: Aerodactyl|Unnerve\n|turn|7\n|\n|t:|1776501953\n|detailschange|p1a: Aerodactyl|Aerodactyl-Mega, L50, F\n|-mega|p1a: Aerodactyl|Aerodactyl|Aerodactylite\n|move|p1b: Archaludon|Protect|p1b: Archaludon\n|-singleturn|p1b: Archaludon|Protect\n|move|p2b: Basculegion|Aqua Jet|p1a: Aerodactyl\n|-supereffective|p1a: Aerodactyl|1\n|-damage|p1a: Aerodactyl|65/100\n|move|p1a: Aerodactyl|Rock Slide|p2b: Basculegion|[spread] p2a,p2b\n|-resisted|p2a: Excadrill|2\n|-crit|p2a: Excadrill\n|-crit|p2b: Basculegion\n|-damage|p2a: Excadrill|83/100\n|-damage|p2b: Basculegion|0 fnt\n|faint|p2b: Basculegion\n|move|p2a: Excadrill|High Horsepower|p1b: Archaludon\n|-activate|p1b: Archaludon|move: Protect\n|\n|-heal|p1b: Archaludon|29/100|[from] item: Leftovers\n|upkeep\n|\n|t:|1776501961\n|switch|p2b: Lycanroc|Lycanroc, L50, M|91/100\n|turn|8\n|\n|t:|1776501975\n|move|p2b: Lycanroc|Protect|p2b: Lycanroc\n|-singleturn|p2b: Lycanroc|Protect\n|move|p1a: Aerodactyl|Tailwind|p1a: Aerodactyl\n|-sidestart|p1: test66669999|move: Tailwind\n|move|p1b: Archaludon|Flash Cannon|p2b: Lycanroc\n|-activate|p2b: Lycanroc|move: Protect\n|move|p2a: Excadrill|High Horsepower|p1b: Archaludon\n|-supereffective|p1b: Archaludon|1\n|-damage|p1b: Archaludon|0 fnt\n|faint|p1b: Archaludon\n|\n|upkeep\n|turn|9\n|\n|t:|1776501987\n|move|p1a: Aerodactyl|Rock Slide|p2a: Excadrill|[spread] p2a,p2b\n|-resisted|p2a: Excadrill|2\n|-damage|p2a: Excadrill|73/100\n|-damage|p2b: Lycanroc|41/100\n|move|p2b: Lycanroc|Rock Slide|p1a: Aerodactyl\n|-supereffective|p1a: Aerodactyl|1\n|-damage|p1a: Aerodactyl|0 fnt\n|faint|p1a: Aerodactyl\n|\n|win|MigraineMan\n|raw|test66669999's rating: 1435 &rarr; <strong>1421</strong><br />(-14 for losing)\n|raw|MigraineMan's rating: 1548 &rarr; <strong>1562</strong><br />(+14 for winning)\n|l|\u2606test66669999\n|player|p1|\n",
  "uploadtime": 1776502001,
  "views": 23,
  "formatid": "gen9championsvgc2026regma",
  "rating": 1421,
  "private": 0,
  "password": null
}