{
  "id": "gen9championsvgc2026regma-2585980181",
  "format": "[Gen 9 Champions] VGC 2026 Reg M-A",
  "players": [
    "purpleman168",
    "CBNUN003"
  ],
  "log": "|j|\u2606purpleman168\n|j|\u2606CBNUN003\n|t:|1776387144\n|gametype|doubles\n|player|p1|purpleman168|170|1000\n|player|p2|CBNUN003|266|1096\n|gen|9\n|tier|[Gen 9 Champions] VGC 2026 Reg M-A\n|rated|\n|rule|Species Clause: Limit one of each Pok\u00e9mon\n|rule|Item Clause: Limit 1 of each item\n|clearpoke\n|poke|p1|Charizard, L50, M|\n|poke|p1|Venusaur, L50, M|\n|poke|p1|Sneasler, L50, M|\n|poke|p1|Incineroar, L50, F|\n|poke|p1|Garchomp, L50, M|\n|poke|p1|Rotom-Wash, L50|\n|poke|p2|Tyranitar, L50, F|\n|poke|p2|Gliscor, L50, F|\n|poke|p2|Aggron, L50, M|\n|poke|p2|Sableye, L50, F|\n|poke|p2|Sinistcha, L50|\n|poke|p2|Rotom-Wash, L50|\n|teampreview|4\n|\n|t:|1776387163\n|teamsize|p1|4\n|teamsize|p2|4\n|start\n|switch|p1a: Sneasler|Sneasler, L50, M|100/100\n|switch|p1b: Garchomp|Garchomp, L50, M|100/100\n|switch|p2a: Gliscor|Gliscor, L50, F|100/100\n|switch|p2b: Sableye|Sableye, L50, F|100/100\n|turn|1\n|\n|t:|1776387187\n|move|p1a: Sneasler|Fake Out|p2a: Gliscor\n|-damage|p2a: Gliscor|89/100\n|move|p2b: Sableye|Fake Out|p1b: Garchomp\n|-damage|p1b: Garchomp|92/100\n|-damage|p2b: Sableye|88/100|[from] ability: Rough Skin|[of] p1b: Garchomp\n|cant|p1b: Garchomp|flinch\n|cant|p2a: Gliscor|flinch\n|\n|upkeep\n|turn|2\n|\n|t:|1776387218\n|move|p2b: Sableye|Encore|p1a: Sneasler\n|-start|p1a: Sneasler|Encore\n|move|p1a: Sneasler|Fake Out||[still]\n|-hint|Fake Out only works on your first turn out.\n|-fail|p1a: Sneasler\n|move|p1b: Garchomp|Dragon Claw|p2b: Sableye\n|-damage|p2b: Sableye|29/100\n|-enditem|p2b: Sableye|Sitrus Berry|[eat]\n|-heal|p2b: Sableye|53/100|[from] item: Sitrus Berry\n|move|p2a: Gliscor|Ice Fang|p1b: Garchomp\n|-supereffective|p1b: Garchomp|2\n|-damage|p1b: Garchomp|14/100\n|-status|p1b: Garchomp|frz\n|-damage|p2a: Gliscor|77/100|[from] ability: Rough Skin|[of] p1b: Garchomp\n|\n|upkeep\n|turn|3\n|\n|t:|1776387242\n|move|p2b: Sableye|Quash|p1b: Garchomp\n|-activate|p1b: Garchomp|move: Quash\n|-activate|p1a: Sneasler|move: Struggle\n|move|p1a: Sneasler|Struggle|p2b: Sableye\n|-crit|p2b: Sableye\n|-damage|p2b: Sableye|15/100\n|-damage|p1a: Sneasler|75/100|[from] recoil\n|move|p2a: Gliscor|Ice Fang|p1b: Garchomp\n|-supereffective|p1b: Garchomp|2\n|-damage|p1b: Garchomp|0 fnt\n|-damage|p2a: Gliscor|65/100|[from] ability: Rough Skin|[of] p1b: Garchomp\n|faint|p1b: Garchomp\n|\n|upkeep\n|\n|t:|1776387252\n|switch|p1b: Venusaur|Venusaur, L50, M|100/100\n|turn|4\n|\n|t:|1776387284\n|move|p2b: Sableye|Quash|p1a: Sneasler\n|-activate|p1a: Sneasler|move: Quash\n|move|p1b: Venusaur|Leaf Storm|p2a: Gliscor\n|-crit|p2a: Gliscor\n|-damage|p2a: Gliscor|0 fnt\n|-unboost|p1b: Venusaur|spa|2\n|faint|p2a: Gliscor\n|-activate|p1a: Sneasler|move: Struggle\n|move|p1a: Sneasler|Struggle|p2b: Sableye\n|-damage|p2b: Sableye|0 fnt\n|faint|p2b: Sableye\n|-damage|p1a: Sneasler|50/100|[from] recoil\n|\n|-end|p1a: Sneasler|Encore\n|upkeep\n|\n|t:|1776387303\n|switch|p2a: Rotom|Rotom-Wash, L50|100/100\n|switch|p2b: Tyranitar|Tyranitar, L50, F|100/100\n|-weather|Sandstorm|[from] ability: Sand Stream|[of] p2b: Tyranitar\n|turn|5\n|\n|t:|1776387318\n|move|p2b: Tyranitar|Protect|p2b: Tyranitar\n|-singleturn|p2b: Tyranitar|Protect\n|move|p2a: Rotom|Thunderbolt|p1a: Sneasler\n|-damage|p1a: Sneasler|5/100\n|move|p1a: Sneasler|Close Combat|p2b: Tyranitar\n|-activate|p2b: Tyranitar|move: Protect\n|move|p1b: Venusaur|Leaf Storm|p2a: Rotom|[miss]\n|-miss|p1b: Venusaur|p2a: Rotom\n|\n|-weather|Sandstorm|[upkeep]\n|-damage|p2a: Rotom|95/100|[from] Sandstorm\n|-damage|p1a: Sneasler|0 fnt|[from] Sandstorm\n|-damage|p1b: Venusaur|95/100|[from] Sandstorm\n|faint|p1a: Sneasler\n|upkeep\n|\n|t:|1776387328\n|switch|p1a: Charizard|Charizard, L50, M|100/100\n|turn|6\n|\n|t:|1776387341\n|detailschange|p1a: Charizard|Charizard-Mega-Y, L50, M\n|-mega|p1a: Charizard|Charizard|Charizardite Y\n|-weather|SunnyDay|[from] ability: Drought|[of] p1a: Charizard\n|detailschange|p2b: Tyranitar|Tyranitar-Mega, L50, F\n|-mega|p2b: Tyranitar|Tyranitar|Tyranitarite\n|-weather|Sandstorm|[from] ability: Sand Stream|[of] p2b: Tyranitar\n|move|p1a: Charizard|Protect|p1a: Charizard\n|-singleturn|p1a: Charizard|Protect\n|move|p2a: Rotom|Thunderbolt|p1a: Charizard\n|-activate|p1a: Charizard|move: Protect\n|move|p1b: Venusaur|Leaf Storm|p2b: Tyranitar\n|-supereffective|p2b: Tyranitar|1\n|-damage|p2b: Tyranitar|68/100\n|-unboost|p1b: Venusaur|spa|2\n|move|p2b: Tyranitar|Rock Slide|p1b: Venusaur|[spread] p1b\n|-activate|p1a: Charizard|move: Protect\n|-damage|p1b: Venusaur|40/100\n|\n|-weather|Sandstorm|[upkeep]\n|-damage|p2a: Rotom|89/100|[from] Sandstorm\n|-damage|p1a: Charizard|95/100|[from] Sandstorm\n|-damage|p1b: Venusaur|35/100|[from] Sandstorm\n|upkeep\n|turn|7\n|\n|t:|1776387367\n|move|p2a: Rotom|Thunderbolt|p1a: Charizard\n|-supereffective|p1a: Charizard|1\n|-damage|p1a: Charizard|24/100\n|move|p1a: Charizard|Heat Wave|p2b: Tyranitar|[spread] p2a,p2b\n|-resisted|p2a: Rotom|1\n|-resisted|p2b: Tyranitar|1\n|-damage|p2a: Rotom|65/100\n|-damage|p2b: Tyranitar|57/100\n|move|p1b: Venusaur|Sleep Powder|p2b: Tyranitar|[miss]\n|-miss|p1b: Venusaur|p2b: Tyranitar\n|move|p2b: Tyranitar|Rock Slide|p1a: Charizard|[spread] p1a,p1b\n|-supereffective|p1a: Charizard|2\n|-damage|p1a: Charizard|0 fnt\n|-damage|p1b: Venusaur|0 fnt\n|faint|p1a: Charizard\n|faint|p1b: Venusaur\n|\n|win|CBNUN003\n|raw|purpleman168's rating: 1000 &rarr; <strong>1000</strong><br />(+0 for losing)\n|raw|CBNUN003's rating: 1096 &rarr; <strong>1115</strong><br />(+19 for winning)\n|l|\u2606purpleman168\n|player|p1|\n",
  "uploadtime": 1776387385,
  "views": 16,
  "formatid": "gen9championsvgc2026regma",
  "rating": 1000,
  "private": 0,
  "password": null
}