{
  "id": "gen9championsvgc2026regma-2588396678",
  "format": "[Gen 9 Champions] VGC 2026 Reg M-A",
  "players": [
    "jakeofonline",
    "Cramorant Believer"
  ],
  "log": "|j|\u2606jakeofonline\n|j|\u2606Cramorant Believer\n|t:|1776630036\n|gametype|doubles\n|player|p1|jakeofonline|brycenman|1152\n|player|p2|Cramorant Believer|swimmer-gen4dp|1119\n|gen|9\n|tier|[Gen 9 Champions] VGC 2026 Reg M-A\n|rated|\n|rule|Species Clause: Limit one of each Pok\u00e9mon\n|rule|Item Clause: Limit 1 of each item\n|clearpoke\n|poke|p1|Glimmora, L50, M|\n|poke|p1|Rotom-Wash, L50|\n|poke|p1|Mamoswine, L50, M|\n|poke|p1|Wyrdeer, L50, M|\n|poke|p1|Talonflame, L50, M|\n|poke|p1|Hydrapple, L50, M|\n|poke|p2|Meowstic, L50, M|\n|poke|p2|Vivillon-Tundra, L50, M|\n|poke|p2|Espathra, L50, F|\n|poke|p2|Clefable, L50, F|\n|poke|p2|Garganacl, L50, F|\n|poke|p2|Incineroar, L50, F|\n|teampreview|4\n|inactive|Battle timer is ON: inactive players will automatically lose when time's up. (requested by jakeofonline)\n|inactive|jakeofonline has 60 seconds left.\n|\n|t:|1776630091\n|teamsize|p1|4\n|teamsize|p2|4\n|start\n|switch|p1a: Talonflame|Talonflame, L50, M|100/100\n|switch|p1b: Mamoswine|Mamoswine, L50, M|100/100\n|switch|p2a: Vivillon|Vivillon-Tundra, L50, M|100/100\n|switch|p2b: Incineroar|Incineroar, L50, F|100/100\n|-ability|p2b: Incineroar|Intimidate|boost\n|-unboost|p1a: Talonflame|atk|1\n|-fail|p1b: Mamoswine|unboost|Attack|[from] ability: Oblivious|[of] p1b: Mamoswine\n|turn|1\n|\n|t:|1776630105\n|move|p1b: Mamoswine|Protect|p1b: Mamoswine\n|-singleturn|p1b: Mamoswine|Protect\n|move|p2a: Vivillon|Protect|p2a: Vivillon\n|-singleturn|p2a: Vivillon|Protect\n|move|p1a: Talonflame|Tailwind|p1a: Talonflame\n|-sidestart|p1: jakeofonline|move: Tailwind\n|move|p2b: Incineroar|Will-O-Wisp|p1b: Mamoswine\n|-activate|p1b: Mamoswine|move: Protect\n|\n|upkeep\n|turn|2\n|\n|t:|1776630117\n|switch|p2a: Clefable|Clefable, L50, F|100/100\n|move|p1a: Talonflame|Dual Wingbeat|p2a: Clefable|[miss]\n|-miss|p1a: Talonflame|p2a: Clefable\n|move|p1b: Mamoswine|High Horsepower|p2b: Incineroar\n|-supereffective|p2b: Incineroar|1\n|-damage|p2b: Incineroar|11/100\n|move|p2b: Incineroar|Will-O-Wisp|p1b: Mamoswine\n|-status|p1b: Mamoswine|brn\n|\n|-damage|p1b: Mamoswine|94/100 brn|[from] brn\n|upkeep\n|turn|3\n|inactive|jakeofonline has 30 seconds left.\n|\n|t:|1776630152\n|move|p2a: Clefable|Protect|p2a: Clefable\n|-singleturn|p2a: Clefable|Protect\n|move|p1a: Talonflame|Flare Blitz|p2a: Clefable\n|-activate|p2a: Clefable|move: Protect\n|move|p1b: Mamoswine|Icicle Crash|p2b: Incineroar|[miss]\n|-miss|p1b: Mamoswine|p2b: Incineroar\n|move|p2b: Incineroar|Parting Shot|p1a: Talonflame\n|-unboost|p1a: Talonflame|atk|1\n|-unboost|p1a: Talonflame|spa|1\n|\n|t:|1776630163\n|switch|p2b: Vivillon|Vivillon-Tundra, L50, M|100/100|[from] Parting Shot\n|\n|-heal|p1b: Mamoswine|100/100 brn|[from] item: Leftovers\n|-damage|p1b: Mamoswine|94/100 brn|[from] brn\n|upkeep\n|turn|4\n|inactive|jakeofonline has 30 seconds left.\n|\n|t:|1776630191\n|switch|p1a: Glimmora|Glimmora, L50, M|100/100\n|move|p2a: Clefable|Follow Me|p2a: Clefable\n|-singleturn|p2a: Clefable|move: Follow Me\n|move|p1b: Mamoswine|Icicle Crash|p2a: Clefable\n|-damage|p2a: Clefable|86/100\n|move|p2b: Vivillon|Iron Defense|p2b: Vivillon\n|-boost|p2b: Vivillon|def|2\n|\n|-heal|p1b: Mamoswine|100/100 brn|[from] item: Leftovers\n|-damage|p1b: Mamoswine|94/100 brn|[from] brn\n|-sideend|p1: jakeofonline|move: Tailwind\n|upkeep\n|turn|5\n|\n|t:|1776630204\n|detailschange|p1a: Glimmora|Glimmora-Mega, L50, M\n|-mega|p1a: Glimmora|Glimmora|Glimmoranite\n|move|p2a: Clefable|Follow Me|p2a: Clefable\n|-singleturn|p2a: Clefable|move: Follow Me\n|move|p1a: Glimmora|Sludge Bomb|p2a: Clefable\n|-supereffective|p2a: Clefable|1\n|-damage|p2a: Clefable|0 fnt\n|faint|p2a: Clefable\n|move|p1b: Mamoswine|Icicle Crash|p2b: Vivillon\n|-supereffective|p2b: Vivillon|1\n|-damage|p2b: Vivillon|67/100\n|cant|p2b: Vivillon|flinch\n|\n|-heal|p1b: Mamoswine|100/100 brn|[from] item: Leftovers\n|-heal|p2b: Vivillon|73/100|[from] item: Leftovers\n|-damage|p1b: Mamoswine|94/100 brn|[from] brn\n|upkeep\n|\n|t:|1776630212\n|switch|p2a: Incineroar|Incineroar, L50, F|11/100\n|-ability|p2a: Incineroar|Intimidate|boost\n|-unboost|p1a: Glimmora|atk|1\n|-fail|p1b: Mamoswine|unboost|Attack|[from] ability: Oblivious|[of] p1b: Mamoswine\n|turn|6\n|\n|t:|1776630218\n|move|p1a: Glimmora|Spiky Shield|p1a: Glimmora\n|-singleturn|p1a: Glimmora|move: Protect\n|move|p1b: Mamoswine|Protect|p1b: Mamoswine\n|-singleturn|p1b: Mamoswine|Protect\n|move|p2a: Incineroar|Fake Out|p1a: Glimmora\n|-activate|p1a: Glimmora|move: Protect\n|-damage|p2a: Incineroar|0 fnt|[from] Spiky Shield|[of] p1a: Glimmora\n|faint|p2a: Incineroar\n|move|p2b: Vivillon|Quiver Dance|p2b: Vivillon\n|-boost|p2b: Vivillon|spa|1\n|-boost|p2b: Vivillon|spd|1\n|-boost|p2b: Vivillon|spe|1\n|\n|-heal|p2b: Vivillon|79/100|[from] item: Leftovers\n|-heal|p1b: Mamoswine|100/100 brn|[from] item: Leftovers\n|-damage|p1b: Mamoswine|94/100 brn|[from] brn\n|upkeep\n|\n|t:|1776630221\n|switch|p2a: Meowstic|Meowstic, L50, M|100/100\n|turn|7\n|inactive|jakeofonline has 30 seconds left.\n|inactive|jakeofonline has 20 seconds left.\n|inactive|jakeofonline has 15 seconds left.\n|inactive|jakeofonline has 10 seconds left.\n|\n|t:|1776630271\n|switch|p1a: Talonflame|Talonflame, L50, M|100/100\n|move|p2b: Vivillon|Protect|p2b: Vivillon\n|-singleturn|p2b: Vivillon|Protect\n|move|p2a: Meowstic|Psych Up|p2b: Vivillon\n|-copyboost|p2a: Meowstic|p2b: Vivillon|[from] move: Psych Up\n|move|p1b: Mamoswine|Icicle Crash|p2a: Meowstic\n|-damage|p2a: Meowstic|88/100\n|\n|-heal|p2b: Vivillon|84/100|[from] item: Leftovers\n|-heal|p1b: Mamoswine|100/100 brn|[from] item: Leftovers\n|-damage|p1b: Mamoswine|94/100 brn|[from] brn\n|upkeep\n|turn|8\n|\n|t:|1776630293\n|detailschange|p2a: Meowstic|Meowstic-M-Mega, L50, M\n|-mega|p2a: Meowstic|Meowstic|Meowsticite\n|-ability|p2a: Meowstic|Gale Wings|Trace|[from] ability: Trace|[of] p1a: Talonflame\n|move|p1a: Talonflame|Tailwind|p1a: Talonflame\n|-sidestart|p1: jakeofonline|move: Tailwind\n|move|p2a: Meowstic|Thunderbolt|p1a: Talonflame\n|-supereffective|p1a: Talonflame|1\n|-damage|p1a: Talonflame|0 fnt\n|faint|p1a: Talonflame\n|move|p1b: Mamoswine|High Horsepower|p2a: Meowstic\n|-damage|p2a: Meowstic|73/100\n|move|p2b: Vivillon|Pollen Puff|p1b: Mamoswine\n|-damage|p1b: Mamoswine|43/100 brn\n|\n|-heal|p1b: Mamoswine|50/100 brn|[from] item: Leftovers\n|-heal|p2b: Vivillon|90/100|[from] item: Leftovers\n|-damage|p1b: Mamoswine|43/100 brn|[from] brn\n|upkeep\n|inactive|jakeofonline has 30 seconds left.\n|\n|t:|1776630322\n|switch|p1a: Rotom|Rotom-Wash, L50|100/100\n|turn|9\n|inactive|Cramorant Believer has 30 seconds left.\n|\n|t:|1776630348\n|move|p1a: Rotom|Electroweb|p2a: Meowstic|[spread] p2a\n|-miss|p1a: Rotom|p2b: Vivillon\n|-damage|p2a: Meowstic|65/100\n|-unboost|p2a: Meowstic|spe|1\n|move|p1b: Mamoswine|Icicle Crash|p2b: Vivillon\n|-supereffective|p2b: Vivillon|1\n|-damage|p2b: Vivillon|59/100\n|move|p2a: Meowstic|Thunderbolt|p1a: Rotom\n|-damage|p1a: Rotom|40/100\n|move|p2b: Vivillon|Quiver Dance|p2b: Vivillon\n|-boost|p2b: Vivillon|spa|1\n|-boost|p2b: Vivillon|spd|1\n|-boost|p2b: Vivillon|spe|1\n|\n|-heal|p1b: Mamoswine|50/100 brn|[from] item: Leftovers\n|-heal|p2b: Vivillon|65/100|[from] item: Leftovers\n|-damage|p1b: Mamoswine|43/100 brn|[from] brn\n|upkeep\n|turn|10\n|\n|t:|1776630371\n|move|p1a: Rotom|Electroweb|p2a: Meowstic|[spread] p2a,p2b\n|-supereffective|p2b: Vivillon|1\n|-damage|p2a: Meowstic|55/100\n|-damage|p2b: Vivillon|45/100\n|-unboost|p2a: Meowstic|spe|1\n|-unboost|p2b: Vivillon|spe|1\n|move|p1b: Mamoswine|Icicle Crash|p2b: Vivillon\n|-supereffective|p2b: Vivillon|1\n|-damage|p2b: Vivillon|15/100\n|move|p2b: Vivillon|Quiver Dance|p2b: Vivillon\n|-boost|p2b: Vivillon|spa|1\n|-boost|p2b: Vivillon|spd|1\n|-boost|p2b: Vivillon|spe|1\n|move|p2a: Meowstic|Psych Up|p2b: Vivillon\n|-copyboost|p2a: Meowstic|p2b: Vivillon|[from] move: Psych Up\n|\n|-heal|p1b: Mamoswine|50/100 brn|[from] item: Leftovers\n|-heal|p2b: Vivillon|21/100|[from] item: Leftovers\n|-damage|p1b: Mamoswine|43/100 brn|[from] brn\n|upkeep\n|turn|11\n|\n|t:|1776630394\n|move|p2b: Vivillon|Protect|p2b: Vivillon\n|-singleturn|p2b: Vivillon|Protect\n|move|p1a: Rotom|Electroweb|p2a: Meowstic|[spread] p2a\n|-activate|p2b: Vivillon|move: Protect\n|-damage|p2a: Meowstic|49/100\n|-unboost|p2a: Meowstic|spe|1\n|move|p2a: Meowstic|Psychic|p1a: Rotom\n|-crit|p1a: Rotom\n|-damage|p1a: Rotom|0 fnt\n|faint|p1a: Rotom\n|move|p1b: Mamoswine|Icicle Crash|p2b: Vivillon\n|-activate|p2b: Vivillon|move: Protect\n|\n|-heal|p1b: Mamoswine|50/100 brn|[from] item: Leftovers\n|-heal|p2b: Vivillon|27/100|[from] item: Leftovers\n|-damage|p1b: Mamoswine|43/100 brn|[from] brn\n|-sideend|p1: jakeofonline|move: Tailwind\n|upkeep\n|\n|t:|1776630397\n|switch|p1a: Glimmora|Glimmora-Mega, L50, M|100/100\n|turn|12\n|\n|t:|1776630412\n|move|p2a: Meowstic|Psychic|p1a: Glimmora\n|-supereffective|p1a: Glimmora|1\n|-damage|p1a: Glimmora|0 fnt\n|faint|p1a: Glimmora\n|move|p2b: Vivillon|Pollen Puff|p1b: Mamoswine\n|-damage|p1b: Mamoswine|0 fnt\n|faint|p1b: Mamoswine\n|\n|win|Cramorant Believer\n|raw|jakeofonline's rating: 1152 &rarr; <strong>1125</strong><br />(-27 for losing)\n|raw|Cramorant Believer's rating: 1119 &rarr; <strong>1146</strong><br />(+27 for winning)\n",
  "uploadtime": 1776630417,
  "views": 12,
  "formatid": "gen9championsvgc2026regma",
  "rating": 1125,
  "private": 0,
  "password": null
}