{
  "id": "gen9championsvgc2026regma-2581289853",
  "format": "[Gen 9 Champions] VGC 2026 Reg M-A",
  "players": [
    "DracoSpirit",
    "sonic1"
  ],
  "log": "|j|\u2606DracoSpirit\n|j|\u2606sonic1\n|t:|1775981982\n|gametype|doubles\n|player|p1|DracoSpirit|ingo|1315\n|player|p2|sonic1|169|1318\n|gen|9\n|tier|[Gen 9 Champions] VGC 2026 Reg M-A\n|rated|\n|rule|Species Clause: Limit one of each Pok\u00e9mon\n|rule|Item Clause: Limit 1 of each item\n|clearpoke\n|poke|p1|Blastoise, L50, M|\n|poke|p1|Incineroar, L50, F|\n|poke|p1|Sinistcha, L50|\n|poke|p1|Pelipper, L50, M|\n|poke|p1|Maushold, L50|\n|poke|p1|Gengar, L50, M|\n|poke|p2|Whimsicott, L50, M|\n|poke|p2|Charizard, L50, M|\n|poke|p2|Sneasler, L50, F|\n|poke|p2|Garchomp, L50, F|\n|poke|p2|Kingambit, L50, F|\n|poke|p2|Farigiraf, L50, F|\n|teampreview|4\n|inactive|Battle timer is ON: inactive players will automatically lose when time's up. (requested by sonic1)\n|j| gE1xjZRtuhW2DdT0AK\n|inactive|sonic1 has 60 seconds left.\n|\n|t:|1775982028\n|teamsize|p1|4\n|teamsize|p2|4\n|start\n|switch|p1a: Blastoise|Blastoise, L50, M|100/100\n|switch|p1b: Maushold|Maushold, L50|100/100\n|switch|p2a: Kingambit|Kingambit, L50, F|100/100\n|switch|p2b: Sneasler|Sneasler, L50, F|100/100\n|turn|1\n|inactive|DracoSpirit has 30 seconds left.\n|\n|t:|1775982058\n|detailschange|p1a: Blastoise|Blastoise-Mega, L50, M\n|-mega|p1a: Blastoise|Blastoise|Blastoisinite\n|move|p2b: Sneasler|Fake Out|p1a: Blastoise\n|-damage|p1a: Blastoise|90/100\n|move|p1b: Maushold|Encore|p2b: Sneasler\n|-start|p2b: Sneasler|Encore\n|cant|p1a: Blastoise|flinch\n|move|p2a: Kingambit|Kowtow Cleave|p1b: Maushold\n|-damage|p1b: Maushold|22/100\n|\n|upkeep\n|turn|2\n|inactive|sonic1 has 30 seconds left.\n|inactive|DracoSpirit has 30 seconds left.\n|\n|t:|1775982095\n|switch|p2b: Garchomp|Garchomp, L50, F|100/100\n|move|p1b: Maushold|Follow Me|p1b: Maushold\n|-singleturn|p1b: Maushold|move: Follow Me\n|move|p1a: Blastoise|Shell Smash|p1a: Blastoise\n|-unboost|p1a: Blastoise|def|1\n|-unboost|p1a: Blastoise|spd|1\n|-boost|p1a: Blastoise|atk|2\n|-boost|p1a: Blastoise|spa|2\n|-boost|p1a: Blastoise|spe|2\n|move|p2a: Kingambit|Kowtow Cleave|p1b: Maushold\n|-damage|p1b: Maushold|0 fnt\n|faint|p1b: Maushold\n|\n|upkeep\n|\n|t:|1775982102\n|switch|p1b: Sinistcha|Sinistcha, L50|100/100\n|-heal|p1a: Blastoise|100/100|[from] ability: Hospitality|[of] p1b: Sinistcha\n|turn|3\n|\n|t:|1775982123\n|move|p1b: Sinistcha|Rage Powder|p1b: Sinistcha\n|-singleturn|p1b: Sinistcha|move: Rage Powder\n|move|p2a: Kingambit|Sucker Punch||[still]\n|-fail|p2a: Kingambit\n|move|p2b: Garchomp|Rock Slide|p1b: Sinistcha|[spread] p1a,p1b\n|-damage|p1a: Blastoise|77/100\n|-damage|p1b: Sinistcha|84/100\n|move|p1a: Blastoise|Water Spout|p2b: Garchomp|[spread] p2a,p2b\n|-damage|p2a: Kingambit|6/100\n|-damage|p2b: Garchomp|0 fnt\n|faint|p2b: Garchomp\n|\n|upkeep\n|\n|t:|1775982135\n|switch|p2b: Charizard|Charizard, L50, M|100/100\n|turn|4\n|\n|t:|1775982150\n|detailschange|p2b: Charizard|Charizard-Mega-Y, L50, M\n|-mega|p2b: Charizard|Charizard|Charizardite Y\n|-weather|SunnyDay|[from] ability: Drought|[of] p2b: Charizard\n|move|p2b: Charizard|Protect|p2b: Charizard\n|-singleturn|p2b: Charizard|Protect\n|move|p1b: Sinistcha|Rage Powder|p1b: Sinistcha\n|-singleturn|p1b: Sinistcha|move: Rage Powder\n|move|p1a: Blastoise|Water Spout|p2a: Kingambit|[spread] p2a\n|-activate|p2b: Charizard|move: Protect\n|-damage|p2a: Kingambit|0 fnt\n|faint|p2a: Kingambit\n|\n|-weather|SunnyDay|[upkeep]\n|upkeep\n|\n|t:|1775982161\n|switch|p2a: Sneasler|Sneasler, L50, F|100/100\n|turn|5\n|l|\u2606DracoSpirit\n|inactive|DracoSpirit disconnected and has a minute to reconnect!\n|player|p1|\n|inactive|DracoSpirit has 30 seconds left.\n|inactive|DracoSpirit has 20 seconds left.\n|inactive|DracoSpirit has 15 seconds left.\n|inactive|DracoSpirit has 10 seconds left.\n|j|\u2606DracoSpirit\n|inactive|DracoSpirit reconnected and has 10 seconds left.\n|player|p1|DracoSpirit|ingo|\n|inactive|DracoSpirit has 5 seconds left.\n|\n|t:|1775982216\n|move|p1a: Blastoise|Protect|p1a: Blastoise\n|-singleturn|p1a: Blastoise|Protect\n|move|p1b: Sinistcha|Rage Powder|p1b: Sinistcha\n|-singleturn|p1b: Sinistcha|move: Rage Powder\n|move|p2a: Sneasler|Dire Claw|p1b: Sinistcha\n|-damage|p1b: Sinistcha|45/100\n|move|p2b: Charizard|Solar Beam||[still]\n|-prepare|p2b: Charizard|Solar Beam\n|-anim|p2b: Charizard|Solar Beam|p1b: Sinistcha\n|-resisted|p1b: Sinistcha|1\n|-damage|p1b: Sinistcha|22/100\n|\n|-weather|SunnyDay|[upkeep]\n|upkeep\n|turn|6\n|inactive|sonic1 has 30 seconds left.\n|\n|t:|1775982245\n|switch|p1b: Pelipper|Pelipper, L50, M|100/100\n|-weather|RainDance|[from] ability: Drizzle|[of] p1b: Pelipper\n|move|p1a: Blastoise|Water Spout|p2b: Charizard|[spread] p2a,p2b\n|-supereffective|p2b: Charizard|1\n|-damage|p2a: Sneasler|0 fnt\n|-damage|p2b: Charizard|0 fnt\n|faint|p2a: Sneasler\n|faint|p2b: Charizard\n|\n|win|DracoSpirit\n|raw|DracoSpirit's rating: 1315 &rarr; <strong>1335</strong><br />(+20 for winning)\n|raw|sonic1's rating: 1318 &rarr; <strong>1298</strong><br />(-20 for losing)\n|l|\u2606sonic1\n|player|p2|\n",
  "uploadtime": 1775982252,
  "views": 23,
  "formatid": "gen9championsvgc2026regma",
  "rating": 1298,
  "private": 0,
  "password": null
}