{
  "id": "gen9championsvgc2026regma-2587946652",
  "format": "[Gen 9 Champions] VGC 2026 Reg M-A",
  "players": [
    "brojonski",
    "StrangrDangr"
  ],
  "log": "|j|\u2606brojonski\n|j|\u2606StrangrDangr\n|t:|1776583059\n|gametype|doubles\n|player|p1|brojonski|brock|1269\n|player|p2|StrangrDangr|265|1340\n|gen|9\n|tier|[Gen 9 Champions] VGC 2026 Reg M-A\n|rated|\n|rule|Species Clause: Limit one of each Pok\u00e9mon\n|rule|Item Clause: Limit 1 of each item\n|clearpoke\n|poke|p1|Kommo-o, L50, F|\n|poke|p1|Gengar, L50, F|\n|poke|p1|Tyranitar, L50, M|\n|poke|p1|Incineroar, L50, F|\n|poke|p1|Sinistcha, L50|\n|poke|p1|Excadrill, L50, F|\n|poke|p2|Glimmora, L50, M|\n|poke|p2|Aegislash, L50, F|\n|poke|p2|Gyarados, L50, M|\n|poke|p2|Sinistcha, L50|\n|poke|p2|Sneasler, L50, M|\n|poke|p2|Rotom-Heat, L50|\n|teampreview|4\n|inactive|Battle timer is ON: inactive players will automatically lose when time's up. (requested by brojonski)\nbrojonski rejected open team sheets.\n|inactive|brojonski has 60 seconds left.\n|inactive|StrangrDangr has 60 seconds left.\n|inactive|brojonski has 30 seconds left.\n|inactive|StrangrDangr has 30 seconds left.\n|inactive|brojonski has 20 seconds left.\n|inactive|brojonski has 15 seconds left.\n|inactive|brojonski has 10 seconds left.\n|\n|t:|1776583142\n|teamsize|p1|4\n|teamsize|p2|4\n|start\n|switch|p1a: Gengar|Gengar, L50, F|100/100\n|switch|p1b: Excadrill|Excadrill, L50, F|100/100\n|switch|p2a: Gyarados|Gyarados, L50, M|100/100\n|switch|p2b: Sneasler|Sneasler, L50, M|100/100\n|-ability|p2a: Gyarados|Intimidate|boost\n|-unboost|p1a: Gengar|atk|1\n|-unboost|p1b: Excadrill|atk|1\n|turn|1\n|inactive|StrangrDangr has 30 seconds left.\n|\n|t:|1776583174\n|detailschange|p1a: Gengar|Gengar-Mega, L50, F\n|-mega|p1a: Gengar|Gengar|Gengarite\n|detailschange|p2a: Gyarados|Gyarados-Mega, L50, M\n|-mega|p2a: Gyarados|Gyarados|Gyaradosite\n|-ability|p2a: Gyarados|Mold Breaker\n|move|p1b: Excadrill|Protect|p1b: Excadrill\n|-singleturn|p1b: Excadrill|Protect\n|move|p1a: Gengar|Will-O-Wisp|p2a: Gyarados\n|-status|p2a: Gyarados|brn\n|move|p2b: Sneasler|Close Combat|p1b: Excadrill\n|-activate|p1b: Excadrill|move: Protect\n|move|p2a: Gyarados|Crunch|p1a: Gengar\n|-supereffective|p1a: Gengar|1\n|-damage|p1a: Gengar|35/100\n|\n|-damage|p2a: Gyarados|95/100 brn|[from] brn\n|upkeep\n|turn|2\n|inactive|brojonski has 30 seconds left.\n|inactive|StrangrDangr has 30 seconds left.\n|inactive|brojonski has 20 seconds left.\n|inactive|brojonski has 15 seconds left.\n|\n|t:|1776583216\n|switch|p1a: Tyranitar|Tyranitar, L50, M|100/100\n|-weather|Sandstorm|[from] ability: Sand Stream|[of] p1a: Tyranitar\n|move|p2b: Sneasler|Protect|p2b: Sneasler\n|-singleturn|p2b: Sneasler|Protect\n|move|p1b: Excadrill|High Horsepower|p2b: Sneasler\n|-activate|p2b: Sneasler|move: Protect\n|move|p2a: Gyarados|Dragon Dance|p2a: Gyarados\n|-boost|p2a: Gyarados|atk|1\n|-boost|p2a: Gyarados|spe|1\n|\n|-weather|Sandstorm|[upkeep]\n|-damage|p2a: Gyarados|89/100 brn|[from] Sandstorm\n|-damage|p2b: Sneasler|95/100|[from] Sandstorm\n|-damage|p2a: Gyarados|83/100 brn|[from] brn\n|upkeep\n|turn|3\n|inactive|brojonski has 30 seconds left.\n|inactive|StrangrDangr has 30 seconds left.\n|inactive|StrangrDangr has 20 seconds left.\n|\n|t:|1776583253\n|switch|p2b: Rotom|Rotom-Heat, L50|100/100\n|move|p1b: Excadrill|High Horsepower|p2b: Rotom\n|-immune|p2b: Rotom|[from] ability: Levitate\n|move|p1a: Tyranitar|Low Kick|p2a: Gyarados\n|-supereffective|p2a: Gyarados|1\n|-damage|p2a: Gyarados|18/100 brn\n|move|p2a: Gyarados|Waterfall|p1a: Tyranitar\n|-supereffective|p1a: Tyranitar|1\n|-damage|p1a: Tyranitar|28/100\n|\n|-weather|Sandstorm|[upkeep]\n|-damage|p2b: Rotom|95/100|[from] Sandstorm\n|-damage|p2a: Gyarados|12/100 brn|[from] Sandstorm\n|-damage|p2a: Gyarados|6/100 brn|[from] brn\n|upkeep\n|turn|4\n|inactive|brojonski has 30 seconds left.\n|inactive|StrangrDangr has 30 seconds left.\n|inactive|StrangrDangr has 20 seconds left.\n|inactive|StrangrDangr has 15 seconds left.\n|l|\u2606StrangrDangr\n|inactive|StrangrDangr disconnected and has a minute to reconnect!\n|player|p2|\n|inactive|brojonski has 20 seconds left.\n|inactive|StrangrDangr has 10 seconds left.\n|inactive|StrangrDangr has 5 seconds left.\n|j|\u2606StrangrDangr\n|inactive|StrangrDangr reconnected and has 5 seconds left.\n|player|p2|StrangrDangr|265|\n|\n|t:|1776583308\n|switch|p1a: Sinistcha|Sinistcha, L50|100/100\n|move|p1b: Excadrill|Rock Slide|p2a: Gyarados|[spread] p2a,p2b\n|-supereffective|p2b: Rotom|1\n|-damage|p2a: Gyarados|0 fnt\n|-damage|p2b: Rotom|59/100\n|faint|p2a: Gyarados\n|move|p2b: Rotom|Electroweb|p1a: Sinistcha|[spread] p1a\n|-immune|p1b: Excadrill\n|-resisted|p1a: Sinistcha|1\n|-damage|p1a: Sinistcha|92/100\n|-unboost|p1a: Sinistcha|spe|1\n|\n|-weather|Sandstorm|[upkeep]\n|-damage|p2b: Rotom|53/100|[from] Sandstorm\n|-damage|p1a: Sinistcha|86/100|[from] Sandstorm\n|upkeep\n|\n|t:|1776583324\n|switch|p2a: Sneasler|Sneasler, L50, M|95/100\n|turn|5\n|\n|t:|1776583341\n|switch|p2b: Aegislash|Aegislash, L50, F|100/100\n|move|p1b: Excadrill|Protect|p1b: Excadrill\n|-singleturn|p1b: Excadrill|Protect\n|move|p1a: Sinistcha|Protect|p1a: Sinistcha\n|-singleturn|p1a: Sinistcha|Protect\n|move|p2a: Sneasler|Fake Out|p1b: Excadrill\n|-activate|p1b: Excadrill|move: Protect\n|\n|-weather|Sandstorm|[upkeep]\n|-damage|p2a: Sneasler|89/100|[from] Sandstorm\n|-damage|p1a: Sinistcha|80/100|[from] Sandstorm\n|upkeep\n|turn|6\n|inactive|StrangrDangr has 30 seconds left.\n|inactive|StrangrDangr has 20 seconds left.\n|\n|t:|1776583379\n|switch|p1b: Gengar|Gengar-Mega, L50, F|35/100\n|move|p2a: Sneasler|Close Combat|p1b: Gengar\n|-immune|p1b: Gengar\n|-formechange|p2b: Aegislash|Aegislash-Blade|\n|move|p2b: Aegislash|Poltergeist|p1a: Sinistcha\n|-activate|p1a: Sinistcha|move: Poltergeist|Sitrus Berry\n|-supereffective|p1a: Sinistcha|1\n|-damage|p1a: Sinistcha|0 fnt\n|faint|p1a: Sinistcha\n|\n|-weather|none\n|upkeep\n|\n|t:|1776583394\n|switch|p1a: Excadrill|Excadrill, L50, F|100/100\n|turn|7\n|\n|t:|1776583417\n|move|p2a: Sneasler|Protect|p2a: Sneasler\n|-singleturn|p2a: Sneasler|Protect\n|-formechange|p2b: Aegislash|Aegislash|\n|move|p2b: Aegislash|King's Shield|p2b: Aegislash\n|-singleturn|p2b: Aegislash|Protect\n|move|p1b: Gengar|Shadow Ball|p2a: Sneasler\n|-activate|p2a: Sneasler|move: Protect\n|move|p1a: Excadrill|High Horsepower|p2b: Aegislash\n|-activate|p2b: Aegislash|move: Protect\n|-unboost|p1a: Excadrill|atk|1\n|\n|upkeep\n|turn|8\n|inactive|brojonski has 30 seconds left.\n|\n|t:|1776583442\n|switch|p1b: Tyranitar|Tyranitar, L50, M|28/100\n|-weather|Sandstorm|[from] ability: Sand Stream|[of] p1b: Tyranitar\n|-formechange|p2b: Aegislash|Aegislash-Blade|\n|move|p2b: Aegislash|Shadow Sneak|p1b: Tyranitar\n|-resisted|p1b: Tyranitar|1\n|-damage|p1b: Tyranitar|16/100\n|move|p1a: Excadrill|High Horsepower|p2a: Sneasler\n|-supereffective|p2a: Sneasler|1\n|-damage|p2a: Sneasler|0 fnt\n|faint|p2a: Sneasler\n|\n|-weather|Sandstorm|[upkeep]\n|upkeep\n|\n|t:|1776583453\n|switch|p2a: Rotom|Rotom-Heat, L50|53/100\n|turn|9\n|\n|t:|1776583473\n|-formechange|p2b: Aegislash|Aegislash|\n|move|p2b: Aegislash|King's Shield|p2b: Aegislash\n|-singleturn|p2b: Aegislash|Protect\n|move|p1a: Excadrill|High Horsepower|p2b: Aegislash\n|-activate|p2b: Aegislash|move: Protect\n|-unboost|p1a: Excadrill|atk|1\n|move|p2a: Rotom|Overheat|p1b: Tyranitar\n|-resisted|p1b: Tyranitar|1\n|-damage|p1b: Tyranitar|0 fnt\n|-unboost|p2a: Rotom|spa|2\n|faint|p1b: Tyranitar\n|\n|-weather|Sandstorm|[upkeep]\n|-damage|p2a: Rotom|47/100|[from] Sandstorm\n|upkeep\n|\n|t:|1776583487\n|switch|p1b: Gengar|Gengar-Mega, L50, F|35/100\n|turn|10\n|inactive|brojonski has 30 seconds left.\n|inactive|StrangrDangr has 30 seconds left.\n|\n|t:|1776583519\n|move|p1b: Gengar|Protect|p1b: Gengar\n|-singleturn|p1b: Gengar|Protect\n|move|p1a: Excadrill|Rock Slide|p2b: Aegislash|[spread] p2a,p2b\n|-supereffective|p2a: Rotom|1\n|-resisted|p2b: Aegislash|1\n|-damage|p2a: Rotom|17/100\n|-damage|p2b: Aegislash|96/100\n|cant|p2a: Rotom|flinch\n|-formechange|p2b: Aegislash|Aegislash-Blade|\n|move|p2b: Aegislash|Iron Head|p1b: Gengar\n|-activate|p1b: Gengar|move: Protect\n|\n|-weather|Sandstorm|[upkeep]\n|-damage|p2a: Rotom|11/100|[from] Sandstorm\n|-damage|p1b: Gengar|29/100|[from] Sandstorm\n|-heal|p2b: Aegislash|100/100|[from] item: Leftovers\n|upkeep\n|turn|11\n|inactive|brojonski has 30 seconds left.\n|inactive|StrangrDangr has 30 seconds left.\n|inactive|brojonski has 20 seconds left.\n|inactive|brojonski has 15 seconds left.\n|\n|t:|1776583559\n|move|p1b: Gengar|Protect|p1b: Gengar\n|-singleturn|p1b: Gengar|Protect\n|-formechange|p2b: Aegislash|Aegislash|\n|move|p2b: Aegislash|King's Shield|p2b: Aegislash\n|-singleturn|p2b: Aegislash|Protect\n|move|p1a: Excadrill|Rock Slide|p2b: Aegislash|[spread] p2a\n|-activate|p2b: Aegislash|move: Protect\n|-supereffective|p2a: Rotom|1\n|-damage|p2a: Rotom|0 fnt\n|faint|p2a: Rotom\n|\n|-weather|Sandstorm|[upkeep]\n|-damage|p1b: Gengar|22/100|[from] Sandstorm\n|upkeep\n|turn|12\n|\n|t:|1776583582\n|-formechange|p2b: Aegislash|Aegislash-Blade|\n|move|p2b: Aegislash|Shadow Sneak|p1b: Gengar\n|-supereffective|p1b: Gengar|1\n|-damage|p1b: Gengar|0 fnt\n|faint|p1b: Gengar\n|move|p1a: Excadrill|High Horsepower|p2b: Aegislash\n|-supereffective|p2b: Aegislash|1\n|-crit|p2b: Aegislash\n|-damage|p2b: Aegislash|0 fnt\n|faint|p2b: Aegislash\n|\n|win|brojonski\n|raw|brojonski's rating: 1269 &rarr; <strong>1299</strong><br />(+30 for winning)\n|raw|StrangrDangr's rating: 1340 &rarr; <strong>1316</strong><br />(-24 for losing)\n|l|\u2606StrangrDangr\n|player|p2|\n",
  "uploadtime": 1776583599,
  "views": 15,
  "formatid": "gen9championsvgc2026regma",
  "rating": 1299,
  "private": 0,
  "password": null
}