{
  "id": "gen9championsvgc2026regma-2580896906",
  "format": "[Gen 9 Champions] VGC 2026 Reg M-A",
  "players": [
    "Flower Monke",
    "Gogetta712"
  ],
  "log": "|j|\u2606Flower Monke\n|j|\u2606Gogetta712\n|t:|1775941436\n|gametype|doubles\n|player|p1|Flower Monke|giacomo|1000\n|player|p2|Gogetta712|red|1000\n|gen|9\n|tier|[Gen 9 Champions] VGC 2026 Reg M-A\n|rated|\n|rule|Species Clause: Limit one of each Pok\u00e9mon\n|rule|Item Clause: Limit 1 of each item\n|clearpoke\n|poke|p1|Floette-Eternal, L50, F|\n|poke|p1|Rotom-Wash, L50|\n|poke|p1|Sneasler, L50, M|\n|poke|p1|Corviknight, L50, M|\n|poke|p1|Tyranitar, L50, F|\n|poke|p1|Sinistcha, L50|\n|poke|p2|Farigiraf, L50, F|\n|poke|p2|Crabominable, L50, F|\n|poke|p2|Incineroar, L50, F|\n|poke|p2|Chimecho, L50, M|\n|poke|p2|Sneasler, L50, F|\n|poke|p2|Venusaur, L50, M|\n|teampreview|4\n|inactive|Battle timer is ON: inactive players will automatically lose when time's up. (requested by Flower Monke)\nGogetta712 rejected open team sheets.\n|inactive|Flower Monke has 60 seconds left.\n|inactive|Gogetta712 has 60 seconds left.\n|\n|t:|1775941488\n|teamsize|p1|4\n|teamsize|p2|4\n|start\n|switch|p1a: Floette|Floette-Eternal, L50, F|100/100\n|switch|p1b: Sinistcha|Sinistcha, L50|100/100\n|switch|p2a: Sneasler|Sneasler, L50, F|100/100\n|switch|p2b: Farigiraf|Farigiraf, L50, F|100/100\n|turn|1\n|inactive|Gogetta712 has 30 seconds left.\n|\n|t:|1775941521\n|switch|p1a: Corviknight|Corviknight, L50, M|100/100\n|move|p2a: Sneasler|Fake Out|p1a: Corviknight\n|-resisted|p1a: Corviknight|1\n|-crit|p1a: Corviknight\n|-damage|p1a: Corviknight|92/100\n|move|p1b: Sinistcha|Trick Room|p1b: Sinistcha\n|-fieldstart|move: Trick Room|[of] p1b: Sinistcha\n|move|p2b: Farigiraf|Trick Room|p2b: Farigiraf\n|-fieldend|move: Trick Room\n|\n|upkeep\n|turn|2\n|\n|t:|1775941544\n|move|p2a: Sneasler|Dire Claw|p1b: Sinistcha\n|-damage|p1b: Sinistcha|65/100\n|move|p1a: Corviknight|Bulk Up|p1a: Corviknight\n|-boost|p1a: Corviknight|atk|1\n|-boost|p1a: Corviknight|def|1\n|move|p1b: Sinistcha|Strength Sap|p2a: Sneasler\n|-unboost|p2a: Sneasler|atk|1\n|-heal|p1b: Sinistcha|100/100\n|-enditem|p2a: Sneasler|White Herb\n|-clearnegativeboost|p2a: Sneasler|[silent]\n|move|p2b: Farigiraf|Trick Room|p2b: Farigiraf\n|-fieldstart|move: Trick Room|[of] p2b: Farigiraf\n|\n|upkeep\n|turn|3\n|inactive|Flower Monke has 30 seconds left.\n|inactive|Gogetta712 has 30 seconds left.\n|\n|t:|1775941573\n|move|p1a: Corviknight|Brave Bird|p2a: Sneasler\n|-supereffective|p2a: Sneasler|1\n|-damage|p2a: Sneasler|0 fnt\n|faint|p2a: Sneasler\n|-damage|p1a: Corviknight|65/100|[from] Recoil\n|move|p2b: Farigiraf|Trick Room|p2b: Farigiraf\n|-fieldend|move: Trick Room\n|move|p1b: Sinistcha|Trick Room|p1b: Sinistcha\n|-fieldstart|move: Trick Room|[of] p1b: Sinistcha\n|\n|upkeep\n|\n|t:|1775941582\n|switch|p2a: Chimecho|Chimecho, L50, M|100/100\n|turn|4\n|\n|t:|1775941604\n|switch|p1b: Tyranitar|Tyranitar, L50, F|100/100\n|-weather|Sandstorm|[from] ability: Sand Stream|[of] p1b: Tyranitar\n|detailschange|p2a: Chimecho|Chimecho-Mega, L50, M\n|-mega|p2a: Chimecho|Chimecho|Chimechite\n|move|p2b: Farigiraf|Psychic Terrain|p2b: Farigiraf\n|-fieldstart|move: Psychic Terrain\n|move|p2a: Chimecho|Expanding Force|p1b: Tyranitar\n|-immune|p1b: Tyranitar\n|move|p1a: Corviknight|Bulk Up|p1a: Corviknight\n|-boost|p1a: Corviknight|atk|1\n|-boost|p1a: Corviknight|def|1\n|\n|-weather|Sandstorm|[upkeep]\n|-damage|p2b: Farigiraf|94/100|[from] Sandstorm\n|upkeep\n|turn|5\n|inactive|Flower Monke has 30 seconds left.\n|inactive|Gogetta712 has 30 seconds left.\n|-message|Gogetta712 forfeited.\n|\n|win|Flower Monke\n|raw|Flower Monke's rating: 1000 &rarr; <strong>1040</strong><br />(+40 for winning)\n|raw|Gogetta712's rating: 1000 &rarr; <strong>1000</strong><br />(+0 for losing)\n|l|\u2606Gogetta712\n|player|p2|\n|j|\u2606Gogetta712\n|player|p2|Gogetta712|red|\n",
  "uploadtime": 1775941651,
  "views": 24,
  "formatid": "gen9championsvgc2026regma",
  "rating": 1000,
  "private": 0,
  "password": null
}