{
  "id": "gen9championsvgc2026regma-2585503486",
  "format": "[Gen 9 Champions] VGC 2026 Reg M-A",
  "players": [
    "kingbriddz",
    "Hijej22"
  ],
  "log": "|j|\u2606kingbriddz\n|j|\u2606Hijej22\n|t:|1776351930\n|gametype|doubles\n|player|p1|kingbriddz|265|1145\n|player|p2|Hijej22|benga|1050\n|gen|9\n|tier|[Gen 9 Champions] VGC 2026 Reg M-A\n|rated|\n|rule|Species Clause: Limit one of each Pok\u00e9mon\n|rule|Item Clause: Limit 1 of each item\n|clearpoke\n|poke|p1|Aerodactyl, L50, F|\n|poke|p1|Incineroar, L50, F|\n|poke|p1|Snorlax, L50, M|\n|poke|p1|Sinistcha-Masterpiece, L50|\n|poke|p1|Rotom-Wash, L50|\n|poke|p1|Hawlucha, L50, F|\n|poke|p2|Palafin, L50, F|\n|poke|p2|Farigiraf, L50, M|\n|poke|p2|Typhlosion-Hisui, L50, F|\n|poke|p2|Incineroar, L50, F|\n|poke|p2|Sneasler, L50, F|\n|poke|p2|Charizard, L50, M|\n|teampreview|4\n|\n|t:|1776351960\n|teamsize|p1|4\n|teamsize|p2|4\n|start\n|switch|p1a: Aerodactyl|Aerodactyl, L50, F, shiny|100/100\n|switch|p1b: Incineroar|Incineroar, L50, F|100/100\n|switch|p2a: Charizard|Charizard, L50, M|100/100\n|switch|p2b: Incineroar|Incineroar, L50, F|100/100\n|-ability|p1b: Incineroar|Intimidate|boost\n|-unboost|p2a: Charizard|atk|1\n|-unboost|p2b: Incineroar|atk|1\n|-ability|p2b: Incineroar|Intimidate|boost\n|-unboost|p1a: Aerodactyl|atk|1\n|-unboost|p1b: Incineroar|atk|1\n|turn|1\n|\n|t:|1776351986\n|detailschange|p2a: Charizard|Charizard-Mega-Y, L50, M\n|-mega|p2a: Charizard|Charizard|Charizardite Y\n|-weather|SunnyDay|[from] ability: Drought|[of] p2a: Charizard\n|move|p2b: Incineroar|Fake Out|p1b: Incineroar\n|-damage|p1b: Incineroar|94/100\n|cant|p1b: Incineroar|flinch\n|move|p1a: Aerodactyl|Rock Slide|p2b: Incineroar|[spread] p2a,p2b\n|-supereffective|p2a: Charizard|2\n|-supereffective|p2b: Incineroar|1\n|-damage|p2a: Charizard|0 fnt\n|-damage|p2b: Incineroar|68/100\n|faint|p2a: Charizard\n|\n|-weather|SunnyDay|[upkeep]\n|-heal|p2b: Incineroar|74/100|[from] item: Leftovers\n|upkeep\n|\n|t:|1776351999\n|switch|p2a: Typhlosion|Typhlosion-Hisui, L50, F|100/100\n|turn|2\n|\n|t:|1776352013\n|move|p1a: Aerodactyl|Rock Slide|p2a: Typhlosion|[spread] p2a,p2b\n|-supereffective|p2a: Typhlosion|1\n|-supereffective|p2b: Incineroar|1\n|-damage|p2a: Typhlosion|51/100\n|-damage|p2b: Incineroar|43/100\n|move|p2a: Typhlosion|Eruption|p1b: Incineroar|[spread] p1a,p1b\n|-resisted|p1a: Aerodactyl|1\n|-resisted|p1b: Incineroar|1\n|-damage|p1a: Aerodactyl|66/100\n|-damage|p1b: Incineroar|76/100\n|move|p1b: Incineroar|Parting Shot|p2a: Typhlosion\n|-unboost|p2a: Typhlosion|atk|1\n|-unboost|p2a: Typhlosion|spa|1\n|\n|t:|1776352025\n|switch|p1b: Hawlucha|Hawlucha, L50, F|100/100|[from] Parting Shot\n|-ability|p1b: Hawlucha|Mold Breaker\n|move|p2b: Incineroar|Darkest Lariat|p1a: Aerodactyl\n|-damage|p1a: Aerodactyl|30/100\n|\n|-weather|SunnyDay|[upkeep]\n|-heal|p2b: Incineroar|49/100|[from] item: Leftovers\n|upkeep\n|turn|3\n|\n|t:|1776352041\n|switch|p1a: Snorlax|Snorlax, L50, M, shiny|100/100\n|detailschange|p1b: Hawlucha|Hawlucha-Mega, L50, F\n|-mega|p1b: Hawlucha|Hawlucha|Hawluchanite\n|move|p1b: Hawlucha|Entrainment|p1a: Snorlax\n|-ability|p1a: Snorlax|No Guard|Thick Fat|[from] move: Entrainment|[of] p1b: Hawlucha\n|move|p2a: Typhlosion|Heat Wave|p1a: Snorlax|[spread] p1a,p1b\n|-damage|p1a: Snorlax|77/100\n|-damage|p1b: Hawlucha|59/100\n|move|p2b: Incineroar|Darkest Lariat|p1a: Snorlax\n|-damage|p1a: Snorlax|62/100\n|\n|-weather|SunnyDay|[upkeep]\n|-heal|p2b: Incineroar|55/100|[from] item: Leftovers\n|-heal|p1a: Snorlax|68/100|[from] item: Leftovers\n|upkeep\n|turn|4\n|\n|t:|1776352066\n|move|p1b: Hawlucha|High Jump Kick|p2b: Incineroar\n|-supereffective|p2b: Incineroar|1\n|-damage|p2b: Incineroar|0 fnt\n|faint|p2b: Incineroar\n|move|p2a: Typhlosion|Heat Wave|p1b: Hawlucha|[spread] p1a,p1b\n|-damage|p1a: Snorlax|44/100\n|-damage|p1b: Hawlucha|19/100\n|move|p1a: Snorlax|Fissure|p2a: Typhlosion\n|-damage|p2a: Typhlosion|0 fnt\n|faint|p2a: Typhlosion\n|-ohko\n|\n|-weather|SunnyDay|[upkeep]\n|-heal|p1a: Snorlax|50/100|[from] item: Leftovers\n|upkeep\n|\n|t:|1776352071\n|switch|p2b: Sneasler|Sneasler, L50, F|100/100\n|turn|5\n|c|\u2606kingbriddz|Gg\n|\n|t:|1776352086\n|move|p1a: Snorlax|Protect|p1a: Snorlax\n|-singleturn|p1a: Snorlax|Protect\n|move|p2b: Sneasler|Close Combat|p1a: Snorlax\n|-activate|p1a: Snorlax|move: Protect\n|move|p1b: Hawlucha|Brave Bird|p2b: Sneasler\n|-supereffective|p2b: Sneasler|1\n|-damage|p2b: Sneasler|0 fnt\n|faint|p2b: Sneasler\n|-damage|p1b: Hawlucha|0 fnt|[from] Recoil\n|faint|p1b: Hawlucha\n|\n|win|kingbriddz\n|raw|kingbriddz's rating: 1145 &rarr; <strong>1163</strong><br />(+18 for winning)\n|raw|Hijej22's rating: 1050 &rarr; <strong>1037</strong><br />(-13 for losing)\n|l|\u2606Hijej22\n|player|p2|\n",
  "uploadtime": 1776352101,
  "views": 19,
  "formatid": "gen9championsvgc2026regma",
  "rating": 1037,
  "private": 0,
  "password": null
}