{
  "id": "gen9championsvgc2026regma-2581777348",
  "format": "[Gen 9 Champions] VGC 2026 Reg M-A",
  "players": [
    "Evil Yarrack",
    "Hoshifu"
  ],
  "log": "|j|\u2606Evil Yarrack\n|j|\u203dHoshifu\n|t:|1776027597\n|gametype|doubles\n|player|p1|Evil Yarrack|youngster-gen4dp|1077\n|player|p2|Hoshifu|grimsley|1131\n|gen|9\n|tier|[Gen 9 Champions] VGC 2026 Reg M-A\n|rated|\n|rule|Species Clause: Limit one of each Pok\u00e9mon\n|rule|Item Clause: Limit 1 of each item\n|clearpoke\n|poke|p1|Hawlucha, L50, F|\n|poke|p1|Charizard, L50, M|\n|poke|p1|Venusaur, L50, M|\n|poke|p1|Whimsicott, L50, M|\n|poke|p1|Zoroark-Hisui, L50, F|\n|poke|p1|Rotom-Wash, L50|\n|poke|p2|Blastoise, L50, M|\n|poke|p2|Incineroar, L50, M|\n|poke|p2|Tyranitar, L50, F|\n|poke|p2|Maushold-Four, L50|\n|poke|p2|Sylveon, L50, M|\n|poke|p2|Sinistcha, L50|\n|teampreview|4\n|inactive|Battle timer is ON: inactive players will automatically lose when time's up. (requested by Hoshifu)\n|inactive|Evil Yarrack also wants the timer to be on.\n|inactive|Evil Yarrack has 60 seconds left.\n|inactive|Hoshifu has 60 seconds left.\n|\n|t:|1776027654\n|teamsize|p1|4\n|teamsize|p2|4\n|start\n|switch|p1a: Hawlucha|Hawlucha, L50, F|100/100\n|switch|p1b: Charizard|Charizard, L50, M|100/100\n|switch|p2a: Incineroar|Incineroar, L50, M|100/100\n|switch|p2b: Sylveon|Sylveon, L50, M|100/100\n|-ability|p2a: Incineroar|Intimidate|boost\n|-unboost|p1a: Hawlucha|atk|1\n|-unboost|p1b: Charizard|atk|1\n|-enditem|p1a: Hawlucha|White Herb\n|-clearnegativeboost|p1a: Hawlucha|[silent]\n|turn|1\n|inactive|Evil Yarrack has 30 seconds left.\n|\n|t:|1776027684\n|move|p1a: Hawlucha|Protect|p1a: Hawlucha\n|-singleturn|p1a: Hawlucha|Protect\n|move|p1b: Charizard|Protect|p1b: Charizard\n|-singleturn|p1b: Charizard|Protect\n|move|p2a: Incineroar|Fake Out|p1a: Hawlucha\n|-activate|p1a: Hawlucha|move: Protect\n|move|p2b: Sylveon|Hyper Voice|p1a: Hawlucha|[spread] \n|-activate|p1a: Hawlucha|move: Protect\n|-activate|p1b: Charizard|move: Protect\n|\n|upkeep\n|turn|2\n|inactive|Hoshifu has 30 seconds left.\n|\n|t:|1776027712\n|detailschange|p1b: Charizard|Charizard-Mega-Y, L50, M\n|-mega|p1b: Charizard|Charizard|Charizardite Y\n|-weather|SunnyDay|[from] ability: Drought|[of] p1b: Charizard\n|move|p1a: Hawlucha|Dual Wingbeat|p2b: Sylveon\n|-damage|p2b: Sylveon|81/100\n|-damage|p2b: Sylveon|61/100\n|-hitcount|p2b: Sylveon|2\n|move|p1b: Charizard|Weather Ball|p2b: Sylveon\n|-damage|p2b: Sylveon|0 fnt\n|faint|p2b: Sylveon\n|move|p2a: Incineroar|Parting Shot|p1b: Charizard\n|-unboost|p1b: Charizard|atk|1\n|-unboost|p1b: Charizard|spa|1\n|\n|t:|1776027729\n|switch|p2a: Tyranitar|Tyranitar, L50, F|100/100|[from] Parting Shot\n|-weather|Sandstorm|[from] ability: Sand Stream|[of] p2a: Tyranitar\n|\n|-weather|Sandstorm|[upkeep]\n|-damage|p1a: Hawlucha|95/100|[from] Sandstorm\n|-damage|p1b: Charizard|95/100|[from] Sandstorm\n|upkeep\n|\n|t:|1776027735\n|switch|p2b: Incineroar|Incineroar, L50, M|100/100\n|-ability|p2b: Incineroar|Intimidate|boost\n|-unboost|p1a: Hawlucha|atk|1\n|-unboost|p1b: Charizard|atk|1\n|turn|3\n|inactive|Evil Yarrack has 30 seconds left.\n|\n|t:|1776027766\n|switch|p1b: Rotom|Rotom-Wash, L50|100/100\n|move|p2b: Incineroar|Fake Out|p1a: Hawlucha\n|-damage|p1a: Hawlucha|80/100\n|cant|p1a: Hawlucha|flinch\n|move|p2a: Tyranitar|Dragon Dance|p2a: Tyranitar\n|-boost|p2a: Tyranitar|atk|1\n|-boost|p2a: Tyranitar|spe|1\n|\n|-weather|Sandstorm|[upkeep]\n|-damage|p1a: Hawlucha|74/100|[from] Sandstorm\n|-damage|p1b: Rotom|95/100|[from] Sandstorm\n|-damage|p2b: Incineroar|95/100|[from] Sandstorm\n|upkeep\n|turn|4\n|inactive|Hoshifu has 30 seconds left.\n|inactive|Hoshifu has 20 seconds left.\n|inactive|Hoshifu has 15 seconds left.\n|\n|t:|1776027808\n|move|p2a: Tyranitar|Protect|p2a: Tyranitar\n|-singleturn|p2a: Tyranitar|Protect\n|move|p1a: Hawlucha|Close Combat|p2a: Tyranitar\n|-activate|p2a: Tyranitar|move: Protect\n|move|p1b: Rotom|Electroweb|p2a: Tyranitar|[spread] p2b\n|-activate|p2a: Tyranitar|move: Protect\n|-damage|p2b: Incineroar|78/100\n|-unboost|p2b: Incineroar|spe|1\n|move|p2b: Incineroar|Parting Shot|p1b: Rotom\n|-unboost|p1b: Rotom|atk|1\n|-unboost|p1b: Rotom|spa|1\n|\n|t:|1776027820\n|switch|p2b: Blastoise|Blastoise, L50, M|100/100|[from] Parting Shot\n|\n|-weather|Sandstorm|[upkeep]\n|-damage|p1a: Hawlucha|68/100|[from] Sandstorm\n|-damage|p1b: Rotom|89/100|[from] Sandstorm\n|-damage|p2b: Blastoise|95/100|[from] Sandstorm\n|upkeep\n|turn|5\n|\n|t:|1776027843\n|detailschange|p2a: Tyranitar|Tyranitar-Mega, L50, F\n|-mega|p2a: Tyranitar|Tyranitar|Tyranitarite\n|move|p1a: Hawlucha|Close Combat|p2a: Tyranitar\n|-supereffective|p2a: Tyranitar|2\n|-damage|p2a: Tyranitar|19/100\n|-unboost|p1a: Hawlucha|def|1\n|-unboost|p1a: Hawlucha|spd|1\n|move|p1b: Rotom|Electroweb|p2b: Blastoise|[spread] p2a,p2b\n|-supereffective|p2b: Blastoise|1\n|-damage|p2a: Tyranitar|12/100\n|-damage|p2b: Blastoise|63/100\n|-unboost|p2a: Tyranitar|spe|1\n|-unboost|p2b: Blastoise|spe|1\n|move|p2a: Tyranitar|Rock Slide|p1a: Hawlucha|[spread] p1a,p1b\n|-damage|p1a: Hawlucha|0 fnt\n|-damage|p1b: Rotom|21/100\n|faint|p1a: Hawlucha\n|move|p2b: Blastoise|Water Spout|p1b: Rotom\n|-resisted|p1b: Rotom|1\n|-damage|p1b: Rotom|0 fnt\n|faint|p1b: Rotom\n|\n|-weather|Sandstorm|[upkeep]\n|-damage|p2b: Blastoise|57/100|[from] Sandstorm\n|upkeep\n|\n|t:|1776027850\n|switch|p1a: Venusaur|Venusaur, L50, M|100/100\n|switch|p1b: Charizard|Charizard-Mega-Y, L50, M|95/100\n|-weather|SunnyDay|[from] ability: Drought|[of] p1b: Charizard\n|turn|6\n|inactive|Hoshifu has 30 seconds left.\n|\n|t:|1776027880\n|switch|p2a: Incineroar|Incineroar, L50, M|78/100\n|-ability|p2a: Incineroar|Intimidate|boost\n|-unboost|p1a: Venusaur|atk|1\n|-unboost|p1b: Charizard|atk|1\n|move|p2b: Blastoise|Protect|p2b: Blastoise\n|-singleturn|p2b: Blastoise|Protect\n|move|p1b: Charizard|Solar Beam||[still]\n|-prepare|p1b: Charizard|Solar Beam\n|-anim|p1b: Charizard|Solar Beam|p2b: Blastoise\n|-activate|p2b: Blastoise|move: Protect\n|move|p1a: Venusaur|Sludge Bomb|p2a: Incineroar\n|-damage|p2a: Incineroar|40/100\n|-status|p2a: Incineroar|psn\n|\n|-weather|SunnyDay|[upkeep]\n|-damage|p2a: Incineroar|27/100 psn|[from] psn\n|upkeep\n|turn|7\n|inactive|Evil Yarrack has 30 seconds left.\n|inactive|Hoshifu has 30 seconds left.\n|\n|t:|1776027915\n|switch|p2b: Tyranitar|Tyranitar-Mega, L50, F|12/100\n|-weather|Sandstorm|[from] ability: Sand Stream|[of] p2b: Tyranitar\n|move|p2a: Incineroar|Fake Out|p1a: Venusaur\n|-damage|p1a: Venusaur|87/100\n|move|p1b: Charizard|Solar Beam||[still]\n|-prepare|p1b: Charizard|Solar Beam\n|cant|p1a: Venusaur|flinch\n|\n|-weather|Sandstorm|[upkeep]\n|-damage|p1b: Charizard|89/100|[from] Sandstorm\n|-damage|p1a: Venusaur|81/100|[from] Sandstorm\n|-damage|p2a: Incineroar|21/100 psn|[from] Sandstorm\n|-damage|p2a: Incineroar|9/100 psn|[from] psn\n|upkeep\n|turn|8\n|\n|t:|1776027935\n|move|p2b: Tyranitar|Protect|p2b: Tyranitar\n|-singleturn|p2b: Tyranitar|Protect\n|move|p1b: Charizard|Solar Beam|p2b: Tyranitar|[from] lockedmove\n|-activate|p2b: Tyranitar|move: Protect\n|move|p1a: Venusaur|Sludge Bomb|p2b: Tyranitar\n|-activate|p2b: Tyranitar|move: Protect\n|move|p2a: Incineroar|Flare Blitz|p1a: Venusaur\n|-supereffective|p1a: Venusaur|1\n|-damage|p1a: Venusaur|0 fnt\n|faint|p1a: Venusaur\n|-damage|p2a: Incineroar|0 fnt|[from] Recoil\n|faint|p2a: Incineroar\n|\n|-weather|Sandstorm|[upkeep]\n|-damage|p1b: Charizard|83/100|[from] Sandstorm\n|upkeep\n|\n|t:|1776027949\n|switch|p2a: Blastoise|Blastoise, L50, M|57/100\n|turn|9\n|\n|t:|1776027959\n|move|p1b: Charizard|Protect|p1b: Charizard\n|-singleturn|p1b: Charizard|Protect\n|move|p2b: Tyranitar|Rock Slide|p1b: Charizard\n|-activate|p1b: Charizard|move: Protect\n|move|p2a: Blastoise|Water Spout|p1b: Charizard\n|-activate|p1b: Charizard|move: Protect\n|\n|-weather|Sandstorm|[upkeep]\n|-damage|p1b: Charizard|77/100|[from] Sandstorm\n|-damage|p2a: Blastoise|51/100|[from] Sandstorm\n|upkeep\n|turn|10\n|\n|t:|1776027968\n|move|p1b: Charizard|Heat Wave|p2a: Blastoise|[spread] p2a,p2b\n|-resisted|p2a: Blastoise|1\n|-resisted|p2b: Tyranitar|1\n|-damage|p2a: Blastoise|29/100\n|-damage|p2b: Tyranitar|1/100\n|move|p2b: Tyranitar|Rock Slide|p1b: Charizard\n|-supereffective|p1b: Charizard|2\n|-damage|p1b: Charizard|0 fnt\n|faint|p1b: Charizard\n|\n|win|Hoshifu\n|raw|Evil Yarrack's rating: 1156 &rarr; <strong>1129</strong><br />(-27 for losing)\n|raw|Hoshifu's rating: 1131 &rarr; <strong>1158</strong><br />(+27 for winning)\n|l|\u2606Evil Yarrack\n|player|p1|\n",
  "uploadtime": 1776028014,
  "views": 19,
  "formatid": "gen9championsvgc2026regma",
  "rating": 1129,
  "private": 0,
  "password": null
}