{
  "id": "gen9championsvgc2026regma-2588571692",
  "format": "[Gen 9 Champions] VGC 2026 Reg M-A",
  "players": [
    "wyjd09",
    "j304m"
  ],
  "log": "|j|\u2606wyjd09\n|j|\u2606j304m\n|t:|1776646136\n|gametype|doubles\n|player|p1|wyjd09|102|1119\n|player|p2|j304m|swimmerf-gen4|1207\n|gen|9\n|tier|[Gen 9 Champions] VGC 2026 Reg M-A\n|rated|\n|rule|Species Clause: Limit one of each Pok\u00e9mon\n|rule|Item Clause: Limit 1 of each item\n|clearpoke\n|poke|p1|Espathra, L50, M|\n|poke|p1|Dragonite, L50, M|\n|poke|p1|Venusaur, L50, F|\n|poke|p1|Incineroar, L50, F|\n|poke|p1|Milotic, L50, M|\n|poke|p1|Sneasler, L50, F|\n|poke|p2|Slowbro, L50, M|\n|poke|p2|Aggron, L50, M|\n|poke|p2|Farigiraf, L50, F|\n|poke|p2|Klefki, L50, F|\n|poke|p2|Pelipper, L50, F|\n|poke|p2|Azumarill, L50, F|\n|teampreview|4\n|inactive|Battle timer is ON: inactive players will automatically lose when time's up. (requested by j304m)\n|l|\u2606wyjd09\n|inactive|wyjd09 disconnected and has a minute to reconnect!\n|player|p1|\n|j|\u2606wyjd09\n|inactive|wyjd09 reconnected and has 65 seconds left.\n|player|p1|wyjd09|102|\n|inactive|wyjd09 has 60 seconds left.\n|inactive|j304m has 60 seconds left.\n|\n|t:|1776646192\n|teamsize|p1|4\n|teamsize|p2|4\n|start\n|switch|p1a: Espathra|Espathra, L50, M|100/100\n|switch|p1b: Sneasler|Sneasler, L50, F|100/100\n|switch|p2a: Klefki|Klefki, L50, F|100/100\n|switch|p2b: Farigiraf|Farigiraf, L50, F|100/100\n|turn|1\n|inactive|wyjd09 has 30 seconds left.\n|\n|t:|1776646219\n|move|p1b: Sneasler|Close Combat|p2a: Klefki\n|-damage|p2a: Klefki|31/100\n|-unboost|p1b: Sneasler|def|1\n|-unboost|p1b: Sneasler|spd|1\n|-enditem|p1b: Sneasler|White Herb\n|-clearnegativeboost|p1b: Sneasler|[silent]\n|move|p1a: Espathra|Calm Mind|p1a: Espathra\n|-boost|p1a: Espathra|spa|1\n|-boost|p1a: Espathra|spd|1\n|move|p2b: Farigiraf|Nasty Plot|p2b: Farigiraf\n|-boost|p2b: Farigiraf|spa|2\n|move|p2a: Klefki|Trick Room|p2a: Klefki\n|-fieldstart|move: Trick Room|[of] p2a: Klefki\n|\n|-ability|p1a: Espathra|Speed Boost|boost\n|-boost|p1a: Espathra|spe|1\n|upkeep\n|turn|2\n|\n|t:|1776646244\n|move|p1a: Espathra|Protect|p1a: Espathra\n|-singleturn|p1a: Espathra|Protect\n|move|p1b: Sneasler|Protect|p1b: Sneasler\n|-singleturn|p1b: Sneasler|Protect\n|move|p2a: Klefki|Light Screen|p2a: Klefki\n|-sidestart|p2: j304m|move: Light Screen\n|move|p2b: Farigiraf|Twin Beam|p1b: Sneasler\n|-activate|p1b: Sneasler|move: Protect\n|\n|-ability|p1a: Espathra|Speed Boost|boost\n|-boost|p1a: Espathra|spe|1\n|upkeep\n|turn|3\n|inactive|wyjd09 has 30 seconds left.\n|\n|t:|1776646269\n|switch|p2a: Azumarill|Azumarill, L50, F|100/100\n|switch|p1b: Milotic|Milotic, L50, M|100/100\n|move|p2b: Farigiraf|Thunderbolt|p1b: Milotic\n|-supereffective|p1b: Milotic|1\n|-damage|p1b: Milotic|0 fnt\n|faint|p1b: Milotic\n|move|p1a: Espathra|Baton Pass|p1a: Espathra\n|\n|t:|1776646280\n|switch|p1a: Venusaur|Venusaur, L50, F|100/100|[from] Baton Pass\n|\n|upkeep\n|\n|t:|1776646286\n|switch|p1b: Sneasler|Sneasler, L50, F|100/100\n|turn|4\n|\n|t:|1776646293\n|detailschange|p1a: Venusaur|Venusaur-Mega, L50, F\n|-mega|p1a: Venusaur|Venusaur|Venusaurite\n|move|p2a: Azumarill|Protect|p2a: Azumarill\n|-singleturn|p2a: Azumarill|Protect\n|move|p1a: Venusaur|Protect|p1a: Venusaur\n|-singleturn|p1a: Venusaur|Protect\n|move|p2b: Farigiraf|Twin Beam|p1a: Venusaur\n|-activate|p1a: Venusaur|move: Protect\n|move|p1b: Sneasler|Gunk Shot|p2a: Azumarill\n|-activate|p2a: Azumarill|move: Protect\n|\n|upkeep\n|turn|5\n|\n|t:|1776646314\n|switch|p2a: Klefki|Klefki, L50, F|31/100\n|move|p2b: Farigiraf|Twin Beam|p1a: Venusaur\n|-supereffective|p1a: Venusaur|1\n|-damage|p1a: Venusaur|54/100\n|-supereffective|p1a: Venusaur|1\n|-damage|p1a: Venusaur|8/100\n|-hitcount|p1a: Venusaur|2\n|move|p1b: Sneasler|Close Combat|p2b: Farigiraf\n|-damage|p2b: Farigiraf|23/100\n|-unboost|p1b: Sneasler|def|1\n|-unboost|p1b: Sneasler|spd|1\n|move|p1a: Venusaur|Giga Drain|p2a: Klefki\n|-resisted|p2a: Klefki|1\n|-damage|p2a: Klefki|11/100\n|-heal|p1a: Venusaur|17/100|[from] drain|[of] p2a: Klefki\n|\n|-fieldend|move: Trick Room\n|upkeep\n|turn|6\n|inactive|j304m has 30 seconds left.\n|\n|t:|1776646339\n|move|p2a: Klefki|Reflect|p2a: Klefki\n|-sidestart|p2: j304m|Reflect\n|move|p1a: Venusaur|Sludge Bomb|p2b: Farigiraf\n|-damage|p2b: Farigiraf|0 fnt\n|faint|p2b: Farigiraf\n|move|p1b: Sneasler|Close Combat|p2a: Klefki\n|-damage|p2a: Klefki|0 fnt\n|-unboost|p1b: Sneasler|def|1\n|-unboost|p1b: Sneasler|spd|1\n|faint|p2a: Klefki\n|\n|-sideend|p2: j304m|move: Light Screen\n|upkeep\n|\n|t:|1776646352\n|switch|p2a: Azumarill|Azumarill, L50, F|100/100\n|switch|p2b: Slowbro|Slowbro, L50, M|100/100\n|turn|7\n|\n|t:|1776646367\n|detailschange|p2b: Slowbro|Slowbro-Mega, L50, M\n|-mega|p2b: Slowbro|Slowbro|Slowbronite\n|move|p1a: Venusaur|Giga Drain|p2b: Slowbro\n|-supereffective|p2b: Slowbro|1\n|-damage|p2b: Slowbro|10/100\n|-heal|p1a: Venusaur|67/100|[from] drain|[of] p2b: Slowbro\n|move|p1b: Sneasler|Gunk Shot|p2a: Azumarill\n|-supereffective|p2a: Azumarill|1\n|-damage|p2a: Azumarill|0 fnt\n|faint|p2a: Azumarill\n|move|p2b: Slowbro|Fire Blast|p1a: Venusaur\n|-supereffective|p1a: Venusaur|1\n|-damage|p1a: Venusaur|45/100\n|\n|upkeep\n|turn|8\n|inactive|j304m has 30 seconds left.\n|inactive|j304m has 20 seconds left.\n|inactive|j304m has 15 seconds left.\n|inactive|j304m has 10 seconds left.\n|inactive|j304m has 5 seconds left.\n|\n|t:|1776646422\n|move|p1a: Venusaur|Giga Drain|p2b: Slowbro\n|-supereffective|p2b: Slowbro|1\n|-damage|p2b: Slowbro|0 fnt\n|-heal|p1a: Venusaur|51/100|[from] drain|[of] p2b: Slowbro\n|faint|p2b: Slowbro\n|\n|win|wyjd09\n|raw|wyjd09's rating: 1119 &rarr; <strong>1150</strong><br />(+31 for winning)\n|raw|j304m's rating: 1207 &rarr; <strong>1176</strong><br />(-31 for losing)\n",
  "uploadtime": 1776646431,
  "views": 7,
  "formatid": "gen9championsvgc2026regma",
  "rating": 1150,
  "private": 0,
  "password": null
}