{
  "id": "gen9championsvgc2026regma-2582015582",
  "format": "[Gen 9 Champions] VGC 2026 Reg M-A",
  "players": [
    "Tenjiisme",
    "albertolnm"
  ],
  "log": "|j|\u2606Tenjiisme\n|j|\u2606albertolnm\n|t:|1776048556\n|gametype|doubles\n|player|p1|Tenjiisme|266|1198\n|player|p2|albertolnm|wattson|1112\n|gen|9\n|tier|[Gen 9 Champions] VGC 2026 Reg M-A\n|rated|\n|rule|Species Clause: Limit one of each Pok\u00e9mon\n|rule|Item Clause: Limit 1 of each item\n|clearpoke\n|poke|p1|Slowking, L50, M|\n|poke|p1|Incineroar, L50, M|\n|poke|p1|Crabominable, L50, F|\n|poke|p1|Hatterene, L50, F|\n|poke|p1|Tsareena, L50, F|\n|poke|p1|Camerupt, L50, F|\n|poke|p2|Crabominable, L50, F|\n|poke|p2|Farigiraf, L50, M|\n|poke|p2|Hatterene, L50, F|\n|poke|p2|Incineroar, L50, F|\n|poke|p2|Rotom-Wash, L50|\n|poke|p2|Drampa, L50, M|\n|teampreview|4\n|inactive|Battle timer is ON: inactive players will automatically lose when time's up. (requested by albertolnm)\n|\n|t:|1776048579\n|teamsize|p1|4\n|teamsize|p2|4\n|start\n|switch|p1a: Incineroar|Incineroar, L50, M|100/100\n|switch|p1b: Slowking|Slowking, L50, M|100/100\n|switch|p2a: Farigiraf|Farigiraf, L50, M|100/100\n|switch|p2b: Drampa|Drampa, L50, M|100/100\n|-ability|p1a: Incineroar|Intimidate|boost\n|-unboost|p2a: Farigiraf|atk|1\n|-unboost|p2b: Drampa|atk|1\n|-ability|p2b: Drampa|Cloud Nine\n|turn|1\n|inactive|Tenjiisme has 30 seconds left.\n|\n|t:|1776048613\n|detailschange|p2b: Drampa|Drampa-Mega, L50, M\n|-mega|p2b: Drampa|Drampa|Drampanite\n|move|p1a: Incineroar|Darkest Lariat|p2a: Farigiraf\n|-supereffective|p2a: Farigiraf|1\n|-damage|p2a: Farigiraf|36/100\n|move|p2b: Drampa|Hydro Pump|p1a: Incineroar\n|-supereffective|p1a: Incineroar|1\n|-damage|p1a: Incineroar|13/100\n|-enditem|p1a: Incineroar|Sitrus Berry|[eat]\n|-heal|p1a: Incineroar|38/100|[from] item: Sitrus Berry\n|move|p2a: Farigiraf|Trick Room|p2a: Farigiraf\n|-fieldstart|move: Trick Room|[of] p2a: Farigiraf\n|move|p1b: Slowking|Trick Room|p1b: Slowking\n|-fieldend|move: Trick Room\n|\n|upkeep\n|turn|2\n|inactive|Tenjiisme has 30 seconds left.\n|inactive|Tenjiisme has 20 seconds left.\n|inactive|Tenjiisme has 15 seconds left.\n|inactive|Tenjiisme has 10 seconds left.\n|\n|t:|1776048659\n|move|p2a: Farigiraf|Protect|p2a: Farigiraf\n|-singleturn|p2a: Farigiraf|Protect\n|move|p1a: Incineroar|Parting Shot|p2b: Drampa\n|-unboost|p2b: Drampa|atk|1\n|-unboost|p2b: Drampa|spa|1\n|\n|t:|1776048665\n|switch|p1a: Hatterene|Hatterene, L50, F|100/100|[from] Parting Shot\n|move|p2b: Drampa|Hyper Voice|p1b: Slowking|[spread] p1a,p1b\n|-damage|p1a: Hatterene|68/100\n|-damage|p1b: Slowking|78/100\n|-prepare|p1b: Slowking|Chilly Reception|[premajor]\n|move|p1b: Slowking|Chilly Reception|p1b: Slowking\n|-weather|Snowscape\n|\n|t:|1776048683\n|switch|p1b: Incineroar|Incineroar, L50, M|38/100|[from] Chilly Reception\n|-ability|p1b: Incineroar|Intimidate|boost\n|-unboost|p2a: Farigiraf|atk|1\n|-unboost|p2b: Drampa|atk|1\n|\n|-weather|Snowscape|[upkeep]\n|upkeep\n|turn|3\n|inactive|albertolnm has 30 seconds left.\n|inactive|albertolnm has 20 seconds left.\n|\n|t:|1776048722\n|switch|p2a: Incineroar|Incineroar, L50, F|100/100\n|-ability|p2a: Incineroar|Intimidate|boost\n|-unboost|p1a: Hatterene|atk|1\n|-unboost|p1b: Incineroar|atk|1\n|move|p1b: Incineroar|Darkest Lariat|p2a: Incineroar\n|-resisted|p2a: Incineroar|1\n|-damage|p2a: Incineroar|87/100\n|move|p2b: Drampa|Hydro Pump|p1b: Incineroar\n|-supereffective|p1b: Incineroar|1\n|-damage|p1b: Incineroar|0 fnt\n|faint|p1b: Incineroar\n|move|p1a: Hatterene|Dazzling Gleam|p2b: Drampa|[spread] p2a,p2b\n|-supereffective|p2b: Drampa|1\n|-damage|p2a: Incineroar|48/100\n|-damage|p2b: Drampa|38/100\n|-enditem|p2a: Incineroar|Sitrus Berry|[eat]\n|-heal|p2a: Incineroar|73/100|[from] item: Sitrus Berry\n|-ability|p2b: Drampa|Berserk|boost\n|-boost|p2b: Drampa|spa|1\n|\n|-weather|Snowscape|[upkeep]\n|upkeep\n|\n|t:|1776048739\n|switch|p1b: Slowking|Slowking, L50, M|78/100\n|turn|4\n|\n|t:|1776048757\n|move|p1a: Hatterene|Protect|p1a: Hatterene\n|-singleturn|p1a: Hatterene|Protect\n|move|p2a: Incineroar|Fake Out|p1b: Slowking\n|-damage|p1b: Slowking|66/100\n|move|p2b: Drampa|Roost|p2b: Drampa\n|-heal|p2b: Drampa|88/100\n|-singleturn|p2b: Drampa|move: Roost\n|cant|p1b: Slowking|flinch\n|\n|-weather|Snowscape|[upkeep]\n|upkeep\n|turn|5\n|inactive|Tenjiisme has 30 seconds left.\n|\n|t:|1776048783\n|move|p2a: Incineroar|Flare Blitz|p1a: Hatterene\n|-damage|p1a: Hatterene|0 fnt\n|faint|p1a: Hatterene\n|-damage|p2a: Incineroar|55/100|[from] Recoil\n|move|p2b: Drampa|Hyper Voice|p1b: Slowking\n|-damage|p1b: Slowking|23/100\n|move|p1b: Slowking|Scald|p2a: Incineroar\n|-supereffective|p2a: Incineroar|1\n|-damage|p2a: Incineroar|4/100\n|\n|-weather|Snowscape|[upkeep]\n|upkeep\n|\n|t:|1776048796\n|switch|p1a: Camerupt|Camerupt, L50, F|100/100\n|turn|6\n|inactive|Tenjiisme has 30 seconds left.\n|\n|t:|1776048822\n|detailschange|p1a: Camerupt|Camerupt-Mega, L50, F\n|-mega|p1a: Camerupt|Camerupt|Cameruptite\n|move|p2a: Incineroar|Darkest Lariat|p1b: Slowking\n|-supereffective|p1b: Slowking|1\n|-enditem|p1b: Slowking|Colbur Berry|[eat]\n|-enditem|p1b: Slowking|Colbur Berry|[weaken]\n|-damage|p1b: Slowking|0 fnt\n|faint|p1b: Slowking\n|move|p2b: Drampa|Hydro Pump|p1a: Camerupt|[miss]\n|-miss|p2b: Drampa|p1a: Camerupt\n|move|p1a: Camerupt|Earth Power|p2b: Drampa\n|-damage|p2b: Drampa|34/100\n|\n|-weather|none\n|upkeep\n|turn|7\n|\n|t:|1776048843\n|move|p2a: Incineroar|Darkest Lariat|p1a: Camerupt\n|-damage|p1a: Camerupt|58/100\n|move|p2b: Drampa|Hyper Voice|p1a: Camerupt\n|-damage|p1a: Camerupt|3/100\n|move|p1a: Camerupt|Earth Power|p2b: Drampa\n|-damage|p2b: Drampa|0 fnt\n|faint|p2b: Drampa\n|\n|upkeep\n|-message|Tenjiisme forfeited.\n|\n|win|albertolnm\n|raw|Tenjiisme's rating: 1198 &rarr; <strong>1167</strong><br />(-31 for losing)\n|raw|albertolnm's rating: 1112 &rarr; <strong>1143</strong><br />(+31 for winning)\n|l|\u2606Tenjiisme\n|player|p1|\n",
  "uploadtime": 1776048860,
  "views": 21,
  "formatid": "gen9championsvgc2026regma",
  "rating": 1143,
  "private": 0,
  "password": null
}