{
  "id": "gen9championsvgc2026regma-2581894403",
  "format": "[Gen 9 Champions] VGC 2026 Reg M-A",
  "players": [
    "MarioMN",
    "diaspirateza"
  ],
  "log": "|j|\u2606MarioMN\n|j|\u203ddiaspirateza\n|t:|1776037497\n|gametype|doubles\n|player|p1|MarioMN|169|1111\n|player|p2|diaspirateza|preschoolerf|1114\n|gen|9\n|tier|[Gen 9 Champions] VGC 2026 Reg M-A\n|rated|\n|rule|Species Clause: Limit one of each Pok\u00e9mon\n|rule|Item Clause: Limit 1 of each item\n|clearpoke\n|poke|p1|Gallade, L50, M|\n|poke|p1|Incineroar, L50, M|\n|poke|p1|Dragapult, L50, F|\n|poke|p1|Politoed, L50, F|\n|poke|p1|Milotic, L50, M|\n|poke|p1|Aggron, L50, M|\n|poke|p2|Kingambit, L50, M|\n|poke|p2|Sneasler, L50, F|\n|poke|p2|Talonflame, L50, M|\n|poke|p2|Garchomp, L50, F|\n|poke|p2|Froslass, L50, F|\n|poke|p2|Milotic, L50, F|\n|teampreview|4\n|\n|t:|1776037546\n|teamsize|p1|4\n|teamsize|p2|4\n|start\n|switch|p1a: Aggron|Aggron, L50, M|100/100\n|switch|p1b: Dragapult|Dragapult, L50, F|100/100\n|switch|p2a: Milotic|Milotic, L50, F|100/100\n|switch|p2b: Talonflame|Talonflame, L50, M|100/100\n|turn|1\n|\n|t:|1776037562\n|detailschange|p1a: Aggron|Aggron-Mega, L50, M\n|-mega|p1a: Aggron|Aggron|Aggronite\n|move|p2b: Talonflame|Tailwind|p2b: Talonflame\n|-sidestart|p2: diaspirateza|move: Tailwind\n|move|p1b: Dragapult|Shadow Ball|p2b: Talonflame\n|-damage|p2b: Talonflame|44/100\n|move|p2a: Milotic|Muddy Water|p1b: Dragapult|[spread] p1a,p1b\n|-resisted|p1b: Dragapult|1\n|-damage|p1a: Aggron|73/100\n|-damage|p1b: Dragapult|77/100\n|move|p1a: Aggron|Iron Defense|p1a: Aggron\n|-boost|p1a: Aggron|def|2\n|\n|upkeep\n|turn|2\n|\n|t:|1776037577\n|move|p2b: Talonflame|Will-O-Wisp|p1a: Aggron|[miss]\n|-miss|p2b: Talonflame|p1a: Aggron\n|move|p1b: Dragapult|Shadow Ball|p2b: Talonflame\n|-damage|p2b: Talonflame|0 fnt\n|faint|p2b: Talonflame\n|move|p2a: Milotic|Icy Wind|p1a: Aggron|[spread] p1a,p1b\n|-resisted|p1a: Aggron|1\n|-supereffective|p1b: Dragapult|1\n|-damage|p1a: Aggron|68/100\n|-damage|p1b: Dragapult|41/100\n|-unboost|p1a: Aggron|spe|1\n|move|p1a: Aggron|Body Press|p2a: Milotic\n|-damage|p2a: Milotic|30/100\n|\n|-heal|p2a: Milotic|36/100|[from] item: Leftovers\n|upkeep\n|\n|t:|1776037593\n|switch|p2b: Garchomp|Garchomp, L50, F|100/100\n|turn|3\n|\n|t:|1776037613\n|move|p2b: Garchomp|Stomping Tantrum|p1a: Aggron\n|-supereffective|p1a: Aggron|1\n|-damage|p1a: Aggron|51/100\n|move|p1b: Dragapult|Draco Meteor|p2a: Milotic\n|-damage|p2a: Milotic|0 fnt\n|-unboost|p1b: Dragapult|spa|2\n|faint|p2a: Milotic\n|move|p1a: Aggron|Body Press|p2b: Garchomp\n|-damage|p2b: Garchomp|21/100\n|-damage|p1a: Aggron|38/100|[from] ability: Rough Skin|[of] p2b: Garchomp\n|\n|upkeep\n|\n|t:|1776037623\n|switch|p2a: Froslass|Froslass, L50, F|100/100\n|turn|4\n|\n|t:|1776037639\n|detailschange|p2a: Froslass|Froslass-Mega, L50, F\n|-mega|p2a: Froslass|Froslass|Froslassite\n|-weather|Snowscape|[from] ability: Snow Warning|[of] p2a: Froslass\n|move|p1b: Dragapult|Protect|p1b: Dragapult\n|-singleturn|p1b: Dragapult|Protect\n|move|p1a: Aggron|Protect|p1a: Aggron\n|-singleturn|p1a: Aggron|Protect\n|move|p2a: Froslass|Shadow Ball|p1b: Dragapult\n|-activate|p1b: Dragapult|move: Protect\n|move|p2b: Garchomp|Stomping Tantrum|p1a: Aggron\n|-activate|p1a: Aggron|move: Protect\n|\n|-weather|Snowscape|[upkeep]\n|-sideend|p2: diaspirateza|move: Tailwind\n|upkeep\n|turn|5\n|\n|t:|1776037663\n|move|p1b: Dragapult|Psychic Fangs|p2b: Garchomp\n|-damage|p2b: Garchomp|0 fnt\n|-damage|p1b: Dragapult|29/100|[from] ability: Rough Skin|[of] p2b: Garchomp\n|faint|p2b: Garchomp\n|move|p2a: Froslass|Blizzard|p1a: Aggron|[spread] p1a,p1b\n|-resisted|p1a: Aggron|1\n|-supereffective|p1b: Dragapult|1\n|-damage|p1a: Aggron|19/100\n|-damage|p1b: Dragapult|0 fnt\n|faint|p1b: Dragapult\n|move|p1a: Aggron|Heavy Slam|p2a: Froslass\n|-supereffective|p2a: Froslass|1\n|-damage|p2a: Froslass|0 fnt\n|faint|p2a: Froslass\n|\n|win|MarioMN\n|raw|MarioMN's rating: 1111 &rarr; <strong>1136</strong><br />(+25 for winning)\n|raw|diaspirateza's rating: 1114 &rarr; <strong>1089</strong><br />(-25 for losing)\n|l|\u2606MarioMN\n|player|p1|\n",
  "uploadtime": 1776037681,
  "views": 10,
  "formatid": "gen9championsvgc2026regma",
  "rating": 1089,
  "private": 0,
  "password": null
}