{
  "id": "gen9championsvgc2026regma-2583883252",
  "format": "[Gen 9 Champions] VGC 2026 Reg M-A",
  "players": [
    "MrTimtendo",
    "Nervoneo"
  ],
  "log": "|j|\u2606MrTimtendo\n|j|\u2606Nervoneo\n|t:|1776205242\n|gametype|doubles\n|player|p1|MrTimtendo|ethan|1158\n|player|p2|Nervoneo|265|1236\n|gen|9\n|tier|[Gen 9 Champions] VGC 2026 Reg M-A\n|rated|\n|rule|Species Clause: Limit one of each Pok\u00e9mon\n|rule|Item Clause: Limit 1 of each item\n|clearpoke\n|poke|p1|Delphox, L50, F|\n|poke|p1|Garchomp, L50, F|\n|poke|p1|Aerodactyl, L50, M|\n|poke|p1|Farigiraf, L50, F|\n|poke|p1|Incineroar, L50, M|\n|poke|p1|Heliolisk, L50, F|\n|poke|p2|Oranguru, L50, M|\n|poke|p2|Conkeldurr, L50, F|\n|poke|p2|Kingambit, L50, M|\n|poke|p2|Sinistcha, L50|\n|poke|p2|Torkoal, L50, F|\n|poke|p2|Golurk, L50|\n|teampreview|4\n|inactive|Battle timer is ON: inactive players will automatically lose when time's up. (requested by MrTimtendo)\n|inactive|MrTimtendo has 60 seconds left.\n|\n|t:|1776205287\n|teamsize|p1|4\n|teamsize|p2|4\n|start\n|switch|p1a: Farigiraf|Farigiraf, L50, F|100/100\n|switch|p1b: Delphox|Delphox, L50, F|100/100\n|switch|p2a: Performative|Sinistcha, L50|100/100\n|switch|p2b: Mato|Kingambit, L50, M|100/100\n|turn|1\n|inactive|MrTimtendo has 30 seconds left.\n|\n|t:|1776205318\n|detailschange|p1b: Delphox|Delphox-Mega, L50, F\n|-mega|p1b: Delphox|Delphox|Delphoxite\n|move|p2b: Mato|Sucker Punch||[still]\n|cant|p1a: Farigiraf|ability: Armor Tail|Sucker Punch|[of] p2b: Mato\n|move|p1b: Delphox|Nasty Plot|p1b: Delphox\n|-boost|p1b: Delphox|spa|2\n|move|p1a: Farigiraf|Imprison|p1a: Farigiraf\n|-start|p1a: Farigiraf|move: Imprison\n|cant|p2a: Performative|move: Imprison|Imprison\n|\n|upkeep\n|turn|2\n|c|\u2606Nervoneo|my brain farted dang that was good\n|c|\u2606Nervoneo|wpwp\n|c|\u2606MrTimtendo|Thanks lol\n|c|\u2606Nervoneo|lol yw\n|inactive|MrTimtendo has 30 seconds left.\n|\n|t:|1776205344\n|move|p1a: Farigiraf|Ally Switch|p1a: Farigiraf\n|swap|p1a: Farigiraf|1|[from] move: Ally Switch\n|move|p1a: Delphox|Heat Wave|p2a: Performative|[spread] p2b\n|-miss|p1a: Delphox|p2a: Performative\n|-supereffective|p2b: Mato|1\n|-damage|p2b: Mato|0 fnt\n|faint|p2b: Mato\n|move|p2a: Performative|Shadow Ball|p1b: Farigiraf\n|-immune|p1b: Farigiraf\n|\n|upkeep\n|\n|t:|1776205351\n|switch|p2b: Oro|Conkeldurr, L50, F|100/100\n|turn|3\n|c|\u2606MrTimtendo|I'm still new to VGC haha\n|\n|t:|1776205361\n|move|p1a: Delphox|Heat Wave|p2a: Performative|[spread] p2a,p2b\n|-supereffective|p2a: Performative|1\n|-enditem|p2a: Performative|Occa Berry|[eat]\n|-enditem|p2a: Performative|Occa Berry|[weaken]\n|-damage|p2a: Performative|11/100\n|-damage|p2b: Oro|0 fnt\n|faint|p2b: Oro\n|move|p1b: Farigiraf|Hyper Voice|p2a: Performative\n|-immune|p2a: Performative\n|move|p2a: Performative|Shadow Ball|p1a: Delphox\n|-supereffective|p1a: Delphox|1\n|-damage|p1a: Delphox|37/100\n|\n|upkeep\n|c|\u2606Nervoneo|all good all good\n|c|\u2606Nervoneo|you read me like a book\n|c|\u2606Nervoneo|ggwp\n|c|\u2606Nervoneo|I don't think I can win from this position\n|\n|t:|1776205375\n|switch|p2b: Seravee|Golurk, L50, shiny|100/100\n|turn|4\n|\n|t:|1776205390\n|detailschange|p2b: Seravee|Golurk-Mega, L50, shiny\n|-mega|p2b: Seravee|Golurk|Golurkite\n|move|p1b: Farigiraf|Ally Switch|p1b: Farigiraf\n|swap|p1b: Farigiraf|0|[from] move: Ally Switch\n|move|p1b: Delphox|Heat Wave|p2b: Seravee|[spread] p2b\n|-miss|p1b: Delphox|p2a: Performative\n|-damage|p2b: Seravee|30/100\n|move|p2a: Performative|Shadow Ball|p1a: Farigiraf\n|-immune|p1a: Farigiraf\n|move|p2b: Seravee|Headlong Rush|p1b: Delphox\n|-immune|p1b: Delphox|[from] ability: Levitate\n|\n|upkeep\n|turn|5\n|\n|t:|1776205409\n|switch|p1a: Garchomp|Garchomp, L50, F|100/100\n|move|p1b: Delphox|Heat Wave|p2b: Seravee|[spread] p2a,p2b\n|-supereffective|p2a: Performative|1\n|-damage|p2a: Performative|0 fnt\n|-damage|p2b: Seravee|0 fnt\n|faint|p2a: Performative\n|faint|p2b: Seravee\n|\n|win|MrTimtendo\n|raw|MrTimtendo's rating: 1158 &rarr; <strong>1189</strong><br />(+31 for winning)\n|raw|Nervoneo's rating: 1236 &rarr; <strong>1205</strong><br />(-31 for losing)\n|c|\u2606Nervoneo|ally switch is really good since it's not often used\n|c|\u2606Nervoneo|ggwp\n|c|\u2606MrTimtendo|GG\n|c|\u2606MrTimtendo|I ran max speed Giraf lmao\n|c|\u2606MrTimtendo|I love Mega Delphox and it's the one Mon I've wanted to build around, I'm sad I don't have Z-A to get its Mega Stone for Champions lol\n|c|\u2606MrTimtendo|Anyway take care\n",
  "uploadtime": 1776205537,
  "views": 27,
  "formatid": "gen9championsvgc2026regma",
  "rating": 1189,
  "private": 0,
  "password": null
}