{
  "id": "gen9championsvgc2026regma-2587228587",
  "format": "[Gen 9 Champions] VGC 2026 Reg M-A",
  "players": [
    "Ycatkit",
    "bear gamer 999"
  ],
  "log": "|j|\u2606Ycatkit\n|j|\u2606bear gamer 999\n|t:|1776511761\n|gametype|doubles\n|player|p1|Ycatkit|169|1084\n|player|p2|bear gamer 999|ninjaboy|1037\n|gen|9\n|tier|[Gen 9 Champions] VGC 2026 Reg M-A\n|rated|\n|rule|Species Clause: Limit one of each Pok\u00e9mon\n|rule|Item Clause: Limit 1 of each item\n|clearpoke\n|poke|p1|Gengar, L50, F|\n|poke|p1|Whimsicott, L50, F|\n|poke|p1|Incineroar, L50, M|\n|poke|p1|Basculegion, L50, M|\n|poke|p1|Politoed, L50, M|\n|poke|p1|Sneasler, L50, M|\n|poke|p2|Tyranitar, L50, F, shiny|\n|poke|p2|Excadrill, L50, M, shiny|\n|poke|p2|Aerodactyl, L50, F, shiny|\n|poke|p2|Arcanine-Hisui, L50, F, shiny|\n|poke|p2|Audino, L50, F, shiny|\n|poke|p2|Lycanroc, L50, M, shiny|\n|teampreview|4\n|inactive|Battle timer is ON: inactive players will automatically lose when time's up. (requested by bear gamer 999)\n|\n|t:|1776511780\n|teamsize|p1|4\n|teamsize|p2|4\n|start\n|switch|p1a: Politoed|Politoed, L50, M|100/100\n|switch|p1b: Basculegion|Basculegion, L50, M|100/100\n|switch|p2a: Aerodactyl|Aerodactyl, L50, F, shiny|100/100\n|switch|p2b: Mandrillone|Excadrill, L50, M, shiny|100/100\n|-ability|p2a: Aerodactyl|Unnerve\n|-ability|p2b: Mandrillone|Mold Breaker\n|-weather|RainDance|[from] ability: Drizzle|[of] p1a: Politoed\n|turn|1\n|\n|t:|1776511803\n|switch|p2a: Taytar|Tyranitar, L50, F, shiny|100/100\n|-weather|Sandstorm|[from] ability: Sand Stream|[of] p2a: Taytar\n|detailschange|p2b: Mandrillone|Excadrill-Mega, L50, M, shiny\n|-mega|p2b: Mandrillone|Excadrill|Excadrite\n|move|p2b: Mandrillone|Poison Jab|p1b: Basculegion\n|-resisted|p1b: Basculegion|1\n|-damage|p1b: Basculegion|82/100\n|move|p1b: Basculegion|Wave Crash|p2a: Taytar\n|-supereffective|p2a: Taytar|1\n|-damage|p2a: Taytar|0 fnt\n|faint|p2a: Taytar\n|-damage|p1b: Basculegion|50/100|[from] Recoil\n|move|p1a: Politoed|Weather Ball|p2b: Mandrillone\n|-resisted|p2b: Mandrillone|2\n|-damage|p2b: Mandrillone|95/100\n|\n|-weather|Sandstorm|[upkeep]\n|-damage|p1b: Basculegion|44/100|[from] Sandstorm\n|-damage|p1a: Politoed|94/100|[from] Sandstorm\n|-heal|p1a: Politoed|100/100|[from] item: Leftovers\n|upkeep\n|\n|t:|1776511825\n|switch|p2a: Aerodactyl|Aerodactyl, L50, F, shiny|100/100\n|-ability|p2a: Aerodactyl|Unnerve\n|turn|2\n|inactive|Ycatkit has 30 seconds left.\n|inactive|Ycatkit has 20 seconds left.\n|c|\u2606bear gamer 999|Yes the sandstorm is mine\n|inactive|Ycatkit has 15 seconds left.\n|inactive|Ycatkit has 10 seconds left.\n|\n|t:|1776511872\n|move|p1a: Politoed|Protect|p1a: Politoed\n|-singleturn|p1a: Politoed|Protect\n|move|p2b: Mandrillone|Drill Run|p1a: Politoed\n|-crit|p1a: Politoed\n|-ability|p2b: Mandrillone|Piercing Drill\n|-zbroken|p1a: Politoed\n|-damage|p1a: Politoed|85/100\n|move|p2a: Aerodactyl|Tailwind|p2a: Aerodactyl\n|-sidestart|p2: bear gamer 999|move: Tailwind\n|move|p1b: Basculegion|Wave Crash|p2b: Mandrillone\n|-supereffective|p2b: Mandrillone|1\n|-damage|p2b: Mandrillone|0 fnt\n|faint|p2b: Mandrillone\n|-damage|p1b: Basculegion|14/100|[from] Recoil\n|\n|-weather|Sandstorm|[upkeep]\n|-damage|p1b: Basculegion|8/100|[from] Sandstorm\n|-damage|p1a: Politoed|79/100|[from] Sandstorm\n|-heal|p1a: Politoed|85/100|[from] item: Leftovers\n|upkeep\n|\n|t:|1776511891\n|switch|p2b: Audino|Audino, L50, F, shiny|100/100\n|turn|3\n|\n|t:|1776511912\n|move|p1b: Basculegion|Aqua Jet|p2a: Aerodactyl\n|-supereffective|p2a: Aerodactyl|1\n|-damage|p2a: Aerodactyl|49/100\n|move|p2a: Aerodactyl|Stealth Rock|p1b: Basculegion\n|-sidestart|p1: Ycatkit|move: Stealth Rock\n|move|p2b: Audino|Encore|p1a: Politoed\n|-start|p1a: Politoed|Encore\n|move|p1a: Politoed|Protect||[still]\n|-fail|p1a: Politoed\n|\n|-weather|Sandstorm|[upkeep]\n|-damage|p2b: Audino|95/100|[from] Sandstorm\n|-damage|p1b: Basculegion|2/100|[from] Sandstorm\n|-damage|p1a: Politoed|79/100|[from] Sandstorm\n|-heal|p1a: Politoed|85/100|[from] item: Leftovers\n|upkeep\n|turn|4\n|\n|t:|1776511933\n|switch|p1a: Sneasler|Sneasler, L50, M|100/100\n|-damage|p1a: Sneasler|95/100|[from] Stealth Rock\n|move|p1b: Basculegion|Aqua Jet|p2a: Aerodactyl\n|-supereffective|p2a: Aerodactyl|1\n|-damage|p2a: Aerodactyl|0 fnt\n|faint|p2a: Aerodactyl\n|move|p2b: Audino|Wish|p2b: Audino\n|\n|-weather|Sandstorm|[upkeep]\n|-damage|p1a: Sneasler|89/100|[from] Sandstorm\n|-damage|p2b: Audino|89/100|[from] Sandstorm\n|-damage|p1b: Basculegion|0 fnt|[from] Sandstorm\n|faint|p1b: Basculegion\n|upkeep\n|\n|t:|1776511945\n|switch|p1b: Politoed|Politoed, L50, M|85/100\n|-damage|p1b: Politoed|73/100|[from] Stealth Rock\n|-weather|RainDance|[from] ability: Drizzle|[of] p1b: Politoed\n|turn|5\n|\n|t:|1776511957\n|move|p1a: Sneasler|Close Combat|p2b: Audino\n|-supereffective|p2b: Audino|1\n|-damage|p2b: Audino|0 fnt\n|-unboost|p1a: Sneasler|def|1\n|-unboost|p1a: Sneasler|spd|1\n|faint|p2b: Audino\n|\n|win|Ycatkit\n|raw|Ycatkit's rating: 1084 &rarr; <strong>1108</strong><br />(+24 for winning)\n|raw|bear gamer 999's rating: 1037 &rarr; <strong>1024</strong><br />(-13 for losing)\n|l|\u2606Ycatkit\n|player|p1|\n",
  "uploadtime": 1776512030,
  "views": 13,
  "formatid": "gen9championsvgc2026regma",
  "rating": 1024,
  "private": 0,
  "password": null
}