{
  "id": "gen9championsvgc2026regma-2584747333",
  "format": "[Gen 9 Champions] VGC 2026 Reg M-A",
  "players": [
    "Nomad3929",
    "Tempest Flute"
  ],
  "log": "|j|\u2606Nomad3929\n|j|\u2606Tempest Flute\n|t:|1776280815\n|gametype|doubles\n|player|p1|Nomad3929|101|1318\n|player|p2|Tempest Flute|youngster-gen1rb|1376\n|gen|9\n|tier|[Gen 9 Champions] VGC 2026 Reg M-A\n|rated|\n|rule|Species Clause: Limit one of each Pok\u00e9mon\n|rule|Item Clause: Limit 1 of each item\n|clearpoke\n|poke|p1|Starmie, L50|\n|poke|p1|Garchomp, L50, M|\n|poke|p1|Weavile, L50, M|\n|poke|p1|Vivillon-Modern, L50, F|\n|poke|p1|Sneasler, L50, F|\n|poke|p1|Cofagrigus, L50, F|\n|poke|p2|Glimmora, L50, M|\n|poke|p2|Talonflame, L50, M|\n|poke|p2|Farigiraf, L50, F|\n|poke|p2|Rotom-Frost, L50|\n|poke|p2|Ninetales-Alola, L50, F|\n|poke|p2|Garchomp, L50, F|\n|teampreview|4\n|inactive|Battle timer is ON: inactive players will automatically lose when time's up. (requested by Tempest Flute)\n|inactive|Nomad3929 also wants the timer to be on.\n|inactive|Tempest Flute has 60 seconds left.\n|inactive|Tempest Flute has 30 seconds left.\n|inactive|Tempest Flute has 20 seconds left.\n|inactive|Tempest Flute has 15 seconds left.\n|\n|t:|1776280891\n|teamsize|p1|4\n|teamsize|p2|4\n|start\n|switch|p1a: Vivillon|Vivillon-Modern, L50, F|100/100\n|switch|p1b: Weavile|Weavile, L50, M|100/100\n|switch|p2a: Gyro Zepelli|Talonflame, L50, M, shiny|100/100\n|switch|p2b: Slow Dancer|Ninetales-Alola, L50, F|100/100\n|-ability|p1b: Weavile|Pressure\n|-weather|Snowscape|[from] ability: Snow Warning|[of] p2b: Slow Dancer\n|turn|1\n|\n|t:|1776280907\n|move|p2a: Gyro Zepelli|Protect|p2a: Gyro Zepelli\n|-singleturn|p2a: Gyro Zepelli|Protect\n|move|p2b: Slow Dancer|Protect|p2b: Slow Dancer\n|-singleturn|p2b: Slow Dancer|Protect\n|move|p1b: Weavile|Fake Out|p2a: Gyro Zepelli\n|-activate|p2a: Gyro Zepelli|move: Protect\n|move|p1a: Vivillon|Tailwind|p1a: Vivillon\n|-sidestart|p1: Nomad3929|move: Tailwind\n|\n|-weather|Snowscape|[upkeep]\n|upkeep\n|turn|2\n|\n|t:|1776280927\n|move|p2a: Gyro Zepelli|Tailwind|p2a: Gyro Zepelli\n|-sidestart|p2: Tempest Flute|move: Tailwind\n|move|p1b: Weavile|Taunt|p2b: Slow Dancer\n|-start|p2b: Slow Dancer|move: Taunt\n|cant|p2b: Slow Dancer|move: Taunt|Encore\n|move|p1a: Vivillon|Sleep Powder|p2a: Gyro Zepelli\n|-status|p2a: Gyro Zepelli|slp|[from] move: Sleep Powder\n|\n|-weather|Snowscape|[upkeep]\n|upkeep\n|turn|3\n|\n|t:|1776280946\n|cant|p2a: Gyro Zepelli|slp\n|move|p1b: Weavile|Knock Off|p2a: Gyro Zepelli\n|-damage|p2a: Gyro Zepelli|31/100 slp\n|-enditem|p2a: Gyro Zepelli|Sharp Beak|[from] move: Knock Off|[of] p1b: Weavile\n|move|p2b: Slow Dancer|Blizzard|p1a: Vivillon|[spread] p1a,p1b\n|-supereffective|p1a: Vivillon|1\n|-resisted|p1b: Weavile|1\n|-enditem|p1a: Vivillon|Focus Sash\n|-damage|p1a: Vivillon|1/100\n|-damage|p1b: Weavile|78/100\n|move|p1a: Vivillon|Sleep Powder|p2b: Slow Dancer\n|-status|p2b: Slow Dancer|slp|[from] move: Sleep Powder\n|\n|-weather|Snowscape|[upkeep]\n|upkeep\n|turn|4\n|\n|t:|1776280967\n|cant|p2a: Gyro Zepelli|slp\n|move|p1b: Weavile|Triple Axel|p2a: Gyro Zepelli\n|-damage|p2a: Gyro Zepelli|15/100 slp\n|-damage|p2a: Gyro Zepelli|0 fnt\n|faint|p2a: Gyro Zepelli\n|-hitcount|p2: Gyro Zepelli|2\n|cant|p2b: Slow Dancer|slp\n|move|p1a: Vivillon|Rain Dance|p1a: Vivillon\n|-weather|RainDance\n|\n|-weather|RainDance|[upkeep]\n|-end|p2b: Slow Dancer|move: Taunt\n|-sideend|p1: Nomad3929|move: Tailwind\n|upkeep\n|\n|t:|1776280976\n|switch|p2a: Diego Brando|Rotom-Frost, L50|100/100\n|turn|5\n|inactive|Tempest Flute has 30 seconds left.\n|\n|t:|1776281004\n|move|p2a: Diego Brando|Thunderbolt|p1b: Weavile\n|-damage|p1b: Weavile|18/100\n|cant|p2b: Slow Dancer|slp\n|move|p1b: Weavile|Knock Off|p2a: Diego Brando\n|-damage|p2a: Diego Brando|39/100\n|-enditem|p2a: Diego Brando|Choice Scarf|[from] move: Knock Off|[of] p1b: Weavile\n|move|p1a: Vivillon|Tailwind|p1a: Vivillon\n|-sidestart|p1: Nomad3929|move: Tailwind\n|\n|-weather|RainDance|[upkeep]\n|-sideend|p2: Tempest Flute|move: Tailwind\n|upkeep\n|turn|6\n|-message|Tempest Flute forfeited.\n|\n|win|Nomad3929\n|raw|Nomad3929's rating: 1318 &rarr; <strong>1341</strong><br />(+23 for winning)\n|raw|Tempest Flute's rating: 1376 &rarr; <strong>1353</strong><br />(-23 for losing)\n|l|\u2606Tempest Flute\n|player|p2|\n",
  "uploadtime": 1776281018,
  "views": 46,
  "formatid": "gen9championsvgc2026regma",
  "rating": 1341,
  "private": 0,
  "password": null
}