{
  "id": "gen9championsvgc2026regma-2586272622",
  "format": "[Gen 9 Champions] VGC 2026 Reg M-A",
  "players": [
    "bmbrvr",
    "MARCK EVANS 13"
  ],
  "log": "|j|\u2606bmbrvr\n|j|\u2606MARCK EVANS 13\n|t:|1776419911\n|gametype|doubles\n|player|p1|bmbrvr|silver|1192\n|player|p2|MARCK EVANS 13|2|1136\n|gen|9\n|tier|[Gen 9 Champions] VGC 2026 Reg M-A\n|rated|\n|rule|Species Clause: Limit one of each Pok\u00e9mon\n|rule|Item Clause: Limit 1 of each item\n|clearpoke\n|poke|p1|Dragonite, L50, F|\n|poke|p1|Delphox, L50, M|\n|poke|p1|Garchomp, L50, F|\n|poke|p1|Talonflame, L50, F|\n|poke|p1|Zoroark-Hisui, L50, M|\n|poke|p1|Pelipper, L50, M|\n|poke|p2|Gardevoir, L50, M|\n|poke|p2|Aerodactyl, L50, M|\n|poke|p2|Incineroar, L50, M|\n|poke|p2|Kingambit, L50, F|\n|poke|p2|Sinistcha, L50|\n|poke|p2|Milotic, L50, F|\n|teampreview|4\n|inactive|Battle timer is ON: inactive players will automatically lose when time's up. (requested by bmbrvr)\n|inactive|MARCK EVANS 13 also wants the timer to be on.\n|\n|t:|1776419936\n|teamsize|p1|4\n|teamsize|p2|4\n|start\n|switch|p1a: Talonflame|Talonflame, L50, F|100/100\n|switch|p1b: Garchomp|Garchomp, L50, F|100/100\n|switch|p2a: Incineroar|Incineroar, L50, M|100/100\n|switch|p2b: Gardevoir|Gardevoir, L50, M, shiny|100/100\n|-ability|p2b: Gardevoir|Gale Wings|Trace|[from] ability: Trace|[of] p1a: Talonflame\n|-ability|p2a: Incineroar|Intimidate|boost\n|-unboost|p1a: Talonflame|atk|1\n|-unboost|p1b: Garchomp|atk|1\n|turn|1\n|\n|t:|1776419952\n|move|p1a: Talonflame|Quick Guard|p1a: Talonflame\n|-singleturn|p1a: Talonflame|Quick Guard\n|move|p2a: Incineroar|Fake Out|p1b: Garchomp\n|-activate|p1b: Garchomp|move: Quick Guard\n|move|p1b: Garchomp|Bitter Malice|p2b: Gardevoir\n|-supereffective|p2b: Gardevoir|1\n|-damage|p2b: Gardevoir|17/100\n|-unboost|p2b: Gardevoir|atk|1\n|move|p2b: Gardevoir|Trick Room|p2b: Gardevoir\n|-fieldstart|move: Trick Room|[of] p2b: Gardevoir\n|\n|upkeep\n|turn|2\n|inactive|bmbrvr has 30 seconds left.\n|\n|t:|1776419983\n|switch|p1b: Garchomp|Garchomp, L50, F|100/100\n|move|p2b: Gardevoir|Protect|p2b: Gardevoir\n|-singleturn|p2b: Gardevoir|Protect\n|move|p1a: Talonflame|Dual Wingbeat|p2b: Gardevoir\n|-activate|p2b: Gardevoir|move: Protect\n|move|p2a: Incineroar|Darkest Lariat|p1a: Talonflame\n|-damage|p1a: Talonflame|50/100\n|\n|upkeep\n|turn|3\n|\n|t:|1776419998\n|detailschange|p2b: Gardevoir|Gardevoir-Mega, L50, M, shiny\n|-mega|p2b: Gardevoir|Gardevoir|Gardevoirite\n|move|p1b: Garchomp|Protect|p1b: Garchomp\n|-singleturn|p1b: Garchomp|Protect\n|move|p2a: Incineroar|Parting Shot|p1b: Garchomp\n|-activate|p1b: Garchomp|move: Protect\n|move|p2b: Gardevoir|Hyper Voice|p1a: Talonflame|[spread] p1a\n|-activate|p1b: Garchomp|move: Protect\n|-resisted|p1a: Talonflame|1\n|-damage|p1a: Talonflame|11/100\n|move|p1a: Talonflame|Dual Wingbeat|p2b: Gardevoir\n|-damage|p2b: Gardevoir|2/100\n|-crit|p2b: Gardevoir\n|-damage|p2b: Gardevoir|0 fnt\n|faint|p2b: Gardevoir\n|-hitcount|p2: Gardevoir|2\n|\n|upkeep\n|\n|t:|1776420006\n|switch|p2b: Sinistcha|Sinistcha, L50|100/100\n|turn|4\n|\n|t:|1776420021\n|switch|p1b: Garchomp|Garchomp, L50, F|100/100\n|move|p2a: Incineroar|Parting Shot|p1b: Garchomp\n|-unboost|p1b: Garchomp|atk|1\n|-unboost|p1b: Garchomp|spa|1\n|\n|t:|1776420027\n|switch|p2a: Milotic|Milotic, L50, F|100/100|[from] Parting Shot\n|move|p2b: Sinistcha|Matcha Gotcha|p1a: Talonflame|[spread] p1a,p1b\n|-resisted|p1a: Talonflame|2\n|-damage|p1a: Talonflame|1/100\n|-damage|p1b: Garchomp|53/100\n|-status|p1b: Garchomp|brn\n|replace|p1b: Zoroark|Zoroark-Hisui, L50, M\n|-end|p1b: Zoroark|Illusion\n|move|p1a: Talonflame|Sunny Day|p1a: Talonflame\n|-weather|SunnyDay\n|\n|-weather|SunnyDay|[upkeep]\n|-damage|p1b: Zoroark|47/100 brn|[from] brn\n|upkeep\n|turn|5\n|\n|t:|1776420050\n|move|p2b: Sinistcha|Matcha Gotcha|p1b: Zoroark|[spread] p1a,p1b\n|-resisted|p1a: Talonflame|2\n|-damage|p1a: Talonflame|0 fnt\n|-damage|p1b: Zoroark|0 fnt\n|faint|p1a: Talonflame\n|faint|p1b: Zoroark\n|move|p2a: Milotic|Icy Wind|p1: Talonflame|[notarget]\n|-fail|p2a: Milotic\n|\n|-weather|SunnyDay|[upkeep]\n|-fieldend|move: Trick Room\n|upkeep\n|\n|t:|1776420054\n|switch|p1a: Delphox|Delphox, L50, M|100/100\n|switch|p1b: Garchomp|Garchomp, L50, F|100/100\n|turn|6\n|inactive|bmbrvr has 30 seconds left.\n|\n|t:|1776420086\n|switch|p2b: Incineroar|Incineroar, L50, M|100/100\n|-ability|p2b: Incineroar|Intimidate|boost\n|-unboost|p1a: Delphox|atk|1\n|-unboost|p1b: Garchomp|atk|1\n|-enditem|p1b: Garchomp|White Herb\n|-clearnegativeboost|p1b: Garchomp|[silent]\n|detailschange|p1a: Delphox|Delphox-Mega, L50, M\n|-mega|p1a: Delphox|Delphox|Delphoxite\n|move|p1a: Delphox|Heat Wave|p2a: Milotic|[spread] p2a,p2b\n|-resisted|p2a: Milotic|1\n|-resisted|p2b: Incineroar|1\n|-damage|p2a: Milotic|80/100\n|-damage|p2b: Incineroar|78/100\n|move|p1b: Garchomp|Earthquake|p2b: Incineroar|[spread] p2a,p2b\n|-immune|p1a: Delphox|[from] ability: Levitate\n|-supereffective|p2b: Incineroar|1\n|-damage|p2a: Milotic|45/100\n|-damage|p2b: Incineroar|0 fnt\n|faint|p2b: Incineroar\n|move|p2a: Milotic|Icy Wind|p1a: Delphox|[spread] p1a,p1b\n|-resisted|p1a: Delphox|1\n|-supereffective|p1b: Garchomp|2\n|-damage|p1a: Delphox|97/100\n|-damage|p1b: Garchomp|57/100\n|-unboost|p1a: Delphox|spe|1\n|-unboost|p1b: Garchomp|spe|1\n|\n|-weather|SunnyDay|[upkeep]\n|-heal|p2a: Milotic|51/100|[from] item: Leftovers\n|upkeep\n|\n|t:|1776420109\n|switch|p2b: Sinistcha|Sinistcha, L50|100/100\n|-heal|p2a: Milotic|76/100|[from] ability: Hospitality|[of] p2b: Sinistcha\n|turn|7\n|\n|t:|1776420131\n|move|p1a: Delphox|Heat Wave|p2a: Milotic|[spread] p2a,p2b\n|-resisted|p2a: Milotic|1\n|-supereffective|p2b: Sinistcha|1\n|-damage|p2a: Milotic|53/100\n|-damage|p2b: Sinistcha|0 fnt\n|faint|p2b: Sinistcha\n|move|p1b: Garchomp|Earthquake|p2a: Milotic|[spread] p2a\n|-immune|p1a: Delphox|[from] ability: Levitate\n|-damage|p2a: Milotic|19/100\n|move|p2a: Milotic|Icy Wind|p1b: Garchomp|[spread] p1a,p1b\n|-resisted|p1a: Delphox|1\n|-supereffective|p1b: Garchomp|2\n|-damage|p1a: Delphox|92/100\n|-damage|p1b: Garchomp|14/100\n|-unboost|p1a: Delphox|spe|1\n|-unboost|p1b: Garchomp|spe|1\n|\n|-weather|SunnyDay|[upkeep]\n|-heal|p2a: Milotic|25/100|[from] item: Leftovers\n|upkeep\n|turn|8\n|\n|t:|1776420142\n|move|p2a: Milotic|Protect|p2a: Milotic\n|-singleturn|p2a: Milotic|Protect\n|move|p1a: Delphox|Psychic|p2a: Milotic\n|-activate|p2a: Milotic|move: Protect\n|move|p1b: Garchomp|Earthquake|p2a: Milotic|[spread] \n|-activate|p2a: Milotic|move: Protect\n|-immune|p1a: Delphox|[from] ability: Levitate\n|\n|-weather|none\n|-heal|p2a: Milotic|31/100|[from] item: Leftovers\n|upkeep\n|turn|9\n|\n|t:|1776420158\n|move|p1a: Delphox|Psychic|p2a: Milotic\n|-damage|p2a: Milotic|0 fnt\n|faint|p2a: Milotic\n|\n|win|bmbrvr\n|raw|bmbrvr's rating: 1192 &rarr; <strong>1213</strong><br />(+21 for winning)\n|raw|MARCK EVANS 13's rating: 1136 &rarr; <strong>1115</strong><br />(-21 for losing)\n",
  "uploadtime": 1776420162,
  "views": 23,
  "formatid": "gen9championsvgc2026regma",
  "rating": 1115,
  "private": 0,
  "password": null
}