{
  "id": "gen9championsvgc2026regma-2580676574",
  "format": "[Gen 9 Champions] VGC 2026 Reg M-A",
  "players": [
    "2rffwd",
    "Toshinori4"
  ],
  "log": "|j|\u26062rffwd\n|j|\u2606Toshinori4\n|t:|1775923450\n|gametype|doubles\n|player|p1|2rffwd|kiawe|1125\n|player|p2|Toshinori4|caitlin|1147\n|gen|9\n|tier|[Gen 9 Champions] VGC 2026 Reg M-A\n|rated|\n|rule|Species Clause: Limit one of each Pok\u00e9mon\n|rule|Item Clause: Limit 1 of each item\n|clearpoke\n|poke|p1|Delphox, L50, M|\n|poke|p1|Torkoal, L50, M|\n|poke|p1|Venusaur, L50, M|\n|poke|p1|Sneasler, L50, F|\n|poke|p1|Hatterene, L50, F|\n|poke|p1|Golurk, L50|\n|poke|p2|Aerodactyl, L50, M|\n|poke|p2|Froslass, L50, F|\n|poke|p2|Incineroar, L50, F|\n|poke|p2|Sneasler, L50, M|\n|poke|p2|Kingambit, L50, M|\n|poke|p2|Palafin, L50, F|\n|teampreview|4\n|inactive|Battle timer is ON: inactive players will automatically lose when time's up. (requested by 2rffwd)\n2rffwd has agreed to open team sheets.\n|inactive|2rffwd has 60 seconds left.\n|inactive|Toshinori4 has 60 seconds left.\nToshinori4 rejected open team sheets.\n|\n|t:|1775923498\n|teamsize|p1|4\n|teamsize|p2|4\n|start\n|switch|p1a: Hatterene|Hatterene, L50, F|100/100\n|switch|p1b: Sneasler|Sneasler, L50, F|100/100\n|switch|p2a: Aerodactyl|Aerodactyl, L50, M|100/100\n|switch|p2b: Palafin|Palafin, L50, F|100/100\n|-ability|p2a: Aerodactyl|Unnerve\n|turn|1\n|inactive|Toshinori4 has 30 seconds left.\n|inactive|Toshinori4 has 20 seconds left.\n|inactive|Toshinori4 has 15 seconds left.\n|inactive|Toshinori4 has 10 seconds left.\n|\n|t:|1775923544\n|move|p1b: Sneasler|Fake Out|p2a: Aerodactyl\n|-resisted|p2a: Aerodactyl|1\n|-damage|p2a: Aerodactyl|90/100\n|move|p2b: Palafin|Jet Punch|p1a: Hatterene\n|-damage|p1a: Hatterene|68/100\n|cant|p2a: Aerodactyl|flinch\n|move|p1a: Hatterene|Trick Room|p1a: Hatterene\n|-fieldstart|move: Trick Room|[of] p1a: Hatterene\n|\n|upkeep\n|turn|2\n|\n|t:|1775923560\n|move|p2b: Palafin|Jet Punch|p1a: Hatterene\n|-damage|p1a: Hatterene|38/100\n|move|p1a: Hatterene|Draining Kiss|p2a: Aerodactyl\n|-damage|p2a: Aerodactyl|42/100\n|-heal|p1a: Hatterene|72/100|[from] drain|[of] p2a: Aerodactyl\n|move|p1b: Sneasler|Close Combat|p2a: Aerodactyl\n|-damage|p2a: Aerodactyl|0 fnt\n|-unboost|p1b: Sneasler|def|1\n|-unboost|p1b: Sneasler|spd|1\n|faint|p2a: Aerodactyl\n|-enditem|p1b: Sneasler|White Herb\n|-clearnegativeboost|p1b: Sneasler|[silent]\n|\n|upkeep\n|\n|t:|1775923566\n|switch|p2a: Froslass|Froslass, L50, F|100/100\n|turn|3\n|\n|t:|1775923578\n|detailschange|p2b: Palafin|Palafin-Hero, L50, F\n|switch|p2b: Sneasler|Sneasler, L50, M|100/100\n|switch|p1b: Torkoal|Torkoal, L50, M|100/100\n|-weather|SunnyDay|[from] ability: Drought|[of] p1b: Torkoal\n|detailschange|p2a: Froslass|Froslass-Mega, L50, F\n|-mega|p2a: Froslass|Froslass|Froslassite\n|-weather|Snowscape|[from] ability: Snow Warning|[of] p2a: Froslass\n|move|p1a: Hatterene|Draining Kiss|p2a: Froslass\n|-damage|p2a: Froslass|56/100\n|-heal|p1a: Hatterene|100/100|[from] drain|[of] p2a: Froslass\n|move|p2a: Froslass|Aurora Veil|p2a: Froslass\n|-sidestart|p2: Toshinori4|move: Aurora Veil\n|\n|-weather|Snowscape|[upkeep]\n|upkeep\n|turn|4\n|\n|t:|1775923595\n|move|p2b: Sneasler|Fake Out|p1b: Torkoal\n|-damage|p1b: Torkoal|88/100\n|cant|p1b: Torkoal|flinch\n|move|p1a: Hatterene|Psychic|p2b: Sneasler\n|-supereffective|p2b: Sneasler|2\n|-damage|p2b: Sneasler|0 fnt\n|faint|p2b: Sneasler\n|move|p2a: Froslass|Blizzard|p1b: Torkoal|[spread] p1a,p1b\n|-resisted|p1b: Torkoal|1\n|-damage|p1a: Hatterene|54/100\n|-damage|p1b: Torkoal|56/100\n|\n|-weather|Snowscape|[upkeep]\n|upkeep\n|\n|t:|1775923600\n|switch|p2b: Palafin|Palafin-Hero, L50, F|100/100\n|-activate|p2b: Palafin|ability: Zero to Hero\n|turn|5\n|\n|t:|1775923610\n|move|p2b: Palafin|Jet Punch|p1b: Torkoal\n|-supereffective|p1b: Torkoal|1\n|-damage|p1b: Torkoal|0 fnt\n|faint|p1b: Torkoal\n|move|p1a: Hatterene|Draining Kiss|p2b: Palafin\n|-damage|p2b: Palafin|79/100\n|-heal|p1a: Hatterene|75/100|[from] drain|[of] p2b: Palafin\n|move|p2a: Froslass|Shadow Ball|p1a: Hatterene\n|-supereffective|p1a: Hatterene|1\n|-damage|p1a: Hatterene|0 fnt\n|faint|p1a: Hatterene\n|\n|-weather|Snowscape|[upkeep]\n|-fieldend|move: Trick Room\n|upkeep\n|\n|t:|1775923619\n|switch|p1a: Sneasler|Sneasler, L50, F|100/100\n|switch|p1b: Delphox|Delphox, L50, M|100/100\n|turn|6\n|\n|t:|1775923633\n|detailschange|p1b: Delphox|Delphox-Mega, L50, M\n|-mega|p1b: Delphox|Delphox|Delphoxite\n|move|p2a: Froslass|Protect|p2a: Froslass\n|-singleturn|p2a: Froslass|Protect\n|move|p1a: Sneasler|Fake Out|p2b: Palafin\n|-damage|p2b: Palafin|71/100\n|cant|p2b: Palafin|flinch\n|move|p1b: Delphox|Heat Wave|p2b: Palafin|[spread] p2b\n|-activate|p2a: Froslass|move: Protect\n|-resisted|p2b: Palafin|1\n|-damage|p2b: Palafin|58/100\n|\n|-weather|Snowscape|[upkeep]\n|upkeep\n|turn|7\n|\n|t:|1775923647\n|move|p1b: Delphox|Protect|p1b: Delphox\n|-singleturn|p1b: Delphox|Protect\n|move|p1a: Sneasler|Protect|p1a: Sneasler\n|-singleturn|p1a: Sneasler|Protect\n|move|p2b: Palafin|Jet Punch|p1b: Delphox\n|-activate|p1b: Delphox|move: Protect\n|move|p2a: Froslass|Blizzard|p1b: Delphox|[spread] \n|-activate|p1a: Sneasler|move: Protect\n|-activate|p1b: Delphox|move: Protect\n|\n|-weather|none\n|-sideend|p2: Toshinori4|move: Aurora Veil\n|upkeep\n|turn|8\n|\n|t:|1775923653\n|move|p2b: Palafin|Jet Punch|p1b: Delphox\n|-supereffective|p1b: Delphox|1\n|-damage|p1b: Delphox|0 fnt\n|faint|p1b: Delphox\n|move|p2a: Froslass|Shadow Ball|p1a: Sneasler\n|-damage|p1a: Sneasler|35/100\n|move|p1a: Sneasler|Close Combat|p2b: Palafin\n|-damage|p2b: Palafin|0 fnt\n|-unboost|p1a: Sneasler|def|1\n|-unboost|p1a: Sneasler|spd|1\n|faint|p2b: Palafin\n|\n|upkeep\n|turn|9\n|\n|t:|1775923665\n|move|p2a: Froslass|Shadow Ball|p1a: Sneasler\n|-damage|p1a: Sneasler|0 fnt\n|faint|p1a: Sneasler\n|\n|win|Toshinori4\n|raw|2rffwd's rating: 1125 &rarr; <strong>1102</strong><br />(-23 for losing)\n|raw|Toshinori4's rating: 1147 &rarr; <strong>1170</strong><br />(+23 for winning)\n|c|\u26062rffwd|gg\n|c|\u2606Toshinori4|gg\n|c|\u2606Toshinori4|idk\n|c|\u2606Toshinori4|bring golurk imo\n|c|\u26062rffwd|yeah\n|c|\u2606Toshinori4|delphox kinda lost the plot to me\n|c|\u2606Toshinori4|but nice team\n|c|\u26062rffwd|thanks\n|c|\u2606Toshinori4|had to think hard on what to bring\n|c|\u26062rffwd|are you using mega aerodactly?\n|c|\u2606Toshinori4|nah its sash\n|c|\u26062rffwd|is aerodactyl for tailwind support\n|c|\u2606Toshinori4|yeah\n|c|\u26062rffwd|rihgt\n|c|\u2606Toshinori4|and zard y matchup\n|c|\u2606Toshinori4|rock slide goes broo\n|c|\u2606Toshinori4|brr\n|c|\u2606Toshinori4|dual wingbeat also beats whimsi+sneaslers with sash\n|c|\u26062rffwd|might have to copy that\n|c|\u26062rffwd|for another team\n|c|\u26062rffwd|even though i'm using sun, the weather wars pmo\n",
  "uploadtime": 1775923673,
  "views": 21,
  "formatid": "gen9championsvgc2026regma",
  "rating": 1102,
  "private": 0,
  "password": null
}