{
  "id": "gen9championsvgc2026regma-2585055784",
  "format": "[Gen 9 Champions] VGC 2026 Reg M-A",
  "players": [
    "dreadmaster70",
    "levi afla"
  ],
  "log": "|j|\u2606dreadmaster70\n|j|\u2606levi afla\n|t:|1776307300\n|gametype|doubles\n|player|p1|dreadmaster70|ethan|\n|player|p2|levi afla|jogger|\n|gen|9\n|tier|[Gen 9 Champions] VGC 2026 Reg M-A\n|rule|Species Clause: Limit one of each Pok\u00e9mon\n|rule|Item Clause: Limit 1 of each item\n|clearpoke\n|poke|p1|Camerupt, L50, M|\n|poke|p1|Ninetales, L50, M|\n|poke|p1|Avalugg-Hisui, L50, F|\n|poke|p1|Aromatisse, L50, F|\n|poke|p1|Hatterene, L50, F|\n|poke|p1|Aegislash, L50, F|\n|poke|p2|Aggron, L50, F|\n|poke|p2|Araquanid, L50, M|\n|poke|p2|Tyranitar, L50, M|\n|poke|p2|Excadrill, L50, M|\n|poke|p2|Sableye, L50, M|\n|poke|p2|Zoroark-Hisui, L50, M|\n|teampreview|4\n|\n|t:|1776307334\n|teamsize|p1|4\n|teamsize|p2|4\n|start\n|switch|p1a: Aegislash|Aegislash, L50, F|100/100\n|switch|p1b: Ninetales|Ninetales, L50, M|100/100\n|switch|p2a: Sableye|Sableye, L50, M|100/100\n|switch|p2b: Araquanid|Araquanid, L50, M|100/100\n|-weather|SunnyDay|[from] ability: Drought|[of] p1b: Ninetales\n|turn|1\n|\n|t:|1776307354\n|move|p2a: Sableye|Rain Dance|p2a: Sableye\n|-weather|RainDance\n|move|p1b: Ninetales|Fake Tears|p2a: Sableye\n|-unboost|p2a: Sableye|spd|2\n|-formechange|p1a: Aegislash|Aegislash-Blade|\n|move|p1a: Aegislash|Shadow Ball|p2a: Sableye\n|-damage|p2a: Sableye|0 fnt\n|faint|p2a: Sableye\n|move|p2b: Araquanid|Liquidation|p1a: Aegislash\n|-damage|p1a: Aegislash|0 fnt\n|faint|p1a: Aegislash\n|\n|-weather|RainDance|[upkeep]\n|upkeep\n|\n|t:|1776307374\n|switch|p1a: Aromatisse|Aromatisse, L50, F|100/100\n|switch|p2a: Excadrill|Excadrill, L50, M|100/100\n|-ability|p2a: Excadrill|Mold Breaker\n|turn|2\n|\n|t:|1776307384\n|move|p1a: Aromatisse|Protect|p1a: Aromatisse\n|-singleturn|p1a: Aromatisse|Protect\n|move|p2a: Excadrill|Iron Head|p1a: Aromatisse\n|-activate|p1a: Aromatisse|move: Protect\n|move|p1b: Ninetales|Weather Ball|p2a: Excadrill\n|-supereffective|p2a: Excadrill|1\n|-damage|p2a: Excadrill|0 fnt\n|faint|p2a: Excadrill\n|move|p2b: Araquanid|Liquidation|p1b: Ninetales\n|-supereffective|p1b: Ninetales|1\n|-damage|p1b: Ninetales|0 fnt\n|faint|p1b: Ninetales\n|\n|-weather|RainDance|[upkeep]\n|upkeep\n|\n|t:|1776307395\n|switch|p1b: Camerupt|Camerupt, L50, M|100/100\n|switch|p2a: Araquanid|Araquanid, L50, M|100/100\n|turn|3\n|\n|t:|1776307404\n|detailschange|p1b: Camerupt|Camerupt-Mega, L50, M\n|-mega|p1b: Camerupt|Camerupt|Cameruptite\n|move|p2a: Araquanid|Protect|p2a: Araquanid\n|-singleturn|p2a: Araquanid|Protect\n|move|p1b: Camerupt|Protect|p1b: Camerupt\n|-singleturn|p1b: Camerupt|Protect\n|move|p2b: Araquanid|Liquidation|p1b: Camerupt\n|-activate|p1b: Camerupt|move: Protect\n|move|p1a: Aromatisse|Trick Room|p1a: Aromatisse\n|-fieldstart|move: Trick Room|[of] p1a: Aromatisse\n|\n|-weather|RainDance|[upkeep]\n|upkeep\n|turn|4\n|\n|t:|1776307423\n|move|p1b: Camerupt|Rock Slide|p2a: Araquanid|[spread] p2a,p2b\n|-supereffective|p2b: Araquanid|1\n|-damage|p2a: Araquanid|63/100\n|-damage|p2b: Araquanid|67/100\n|replace|p2a: Zoroark|Zoroark-Hisui, L50, M\n|-end|p2a: Zoroark|Illusion\n|move|p1a: Aromatisse|Nasty Plot|p1a: Aromatisse\n|-boost|p1a: Aromatisse|spa|2\n|move|p2b: Araquanid|Liquidation|p1b: Camerupt\n|-supereffective|p1b: Camerupt|2\n|-damage|p1b: Camerupt|0 fnt\n|faint|p1b: Camerupt\n|move|p2a: Zoroark|Hyper Voice|p1a: Aromatisse\n|-damage|p1a: Aromatisse|61/100\n|\n|-weather|RainDance|[upkeep]\n|upkeep\n|turn|5\n|\n|t:|1776307442\n|move|p1a: Aromatisse|Moonblast|p2b: Araquanid\n|-damage|p2b: Araquanid|0 fnt\n|faint|p2b: Araquanid\n|move|p2a: Zoroark|Shadow Ball|p1a: Aromatisse\n|-damage|p1a: Aromatisse|25/100\n|-enditem|p1a: Aromatisse|Sitrus Berry|[eat]\n|-heal|p1a: Aromatisse|50/100|[from] item: Sitrus Berry\n|\n|-weather|none\n|upkeep\n|turn|6\n|\n|t:|1776307455\n|move|p2a: Zoroark|Protect|p2a: Zoroark\n|-singleturn|p2a: Zoroark|Protect\n|move|p1a: Aromatisse|Moonblast|p2a: Zoroark\n|-activate|p2a: Zoroark|move: Protect\n|\n|upkeep\n|turn|7\n|\n|t:|1776307471\n|move|p2a: Zoroark|Protect||[still]\n|-fail|p2a: Zoroark\n|move|p1a: Aromatisse|Moonblast|p2a: Zoroark\n|-damage|p2a: Zoroark|0 fnt\n|faint|p2a: Zoroark\n|\n|win|dreadmaster70\n",
  "uploadtime": 1776307476,
  "views": 25,
  "formatid": "gen9championsvgc2026regma",
  "rating": null,
  "private": 0,
  "password": null
}