{
  "id": "gen9championsvgc2026regma-2587674188",
  "format": "[Gen 9 Champions] VGC 2026 Reg M-A",
  "players": [
    "LUWITE",
    "nickzwr"
  ],
  "log": "|j|\u2606LUWITE\n|j|\u2606nickzwr\n|t:|1776552641\n|gametype|doubles\n|player|p1|LUWITE|ghetsis|1199\n|player|p2|nickzwr|gambler|1204\n|gen|9\n|tier|[Gen 9 Champions] VGC 2026 Reg M-A\n|rated|\n|rule|Species Clause: Limit one of each Pok\u00e9mon\n|rule|Item Clause: Limit 1 of each item\n|clearpoke\n|poke|p1|Starmie, L50|\n|poke|p1|Sneasler, L50, M|\n|poke|p1|Tsareena, L50, F|\n|poke|p1|Talonflame, L50, M|\n|poke|p1|Ninetales-Alola, L50, F|\n|poke|p1|Garchomp, L50, M|\n|poke|p2|Charizard, L50, M, shiny|\n|poke|p2|Venusaur, L50, F|\n|poke|p2|Incineroar, L50, M, shiny|\n|poke|p2|Garchomp, L50, M|\n|poke|p2|Sneasler, L50, M|\n|poke|p2|Tyranitar, L50, F|\n|teampreview|4\nLUWITE rejected open team sheets.\n|\n|t:|1776552670\n|teamsize|p1|4\n|teamsize|p2|4\n|start\n|switch|p1a: Talonflame|Talonflame, L50, M|100/100\n|switch|p1b: Tsareena|Tsareena, L50, F|100/100\n|switch|p2a: St.Chroma|Charizard, L50, M, shiny|100/100\n|switch|p2b: Falling Behind|Venusaur, L50, F|100/100\n|turn|1\n|\n|t:|1776552714\n|switch|p1b: Starmie|Starmie, L50|100/100\n|detailschange|p2a: St.Chroma|Charizard-Mega-Y, L50, M, shiny\n|-mega|p2a: St.Chroma|Charizard|Charizardite Y\n|-weather|SunnyDay|[from] ability: Drought|[of] p2a: St.Chroma\n|move|p1a: Talonflame|Tailwind|p1a: Talonflame\n|-sidestart|p1: LUWITE|move: Tailwind\n|move|p2b: Falling Behind|Sleep Powder|p1a: Talonflame\n|-status|p1a: Talonflame|slp|[from] move: Sleep Powder\n|move|p2a: St.Chroma|Air Slash|p1b: Starmie\n|-damage|p1b: Starmie|28/100\n|\n|-weather|SunnyDay|[upkeep]\n|upkeep\n|turn|2\n|\n|t:|1776552750\n|detailschange|p1b: Starmie|Starmie-Mega, L50\n|-mega|p1b: Starmie|Starmie|Starminite\n|cant|p1a: Talonflame|slp\n|move|p1b: Starmie|Liquidation|p2a: St.Chroma\n|-supereffective|p2a: St.Chroma|1\n|-damage|p2a: St.Chroma|0 fnt\n|faint|p2a: St.Chroma\n|move|p2b: Falling Behind|Sludge Bomb|p1a: Talonflame\n|-damage|p1a: Talonflame|40/100 slp\n|\n|-weather|SunnyDay|[upkeep]\n|upkeep\n|\n|t:|1776552783\n|switch|p2a: White Ferrari|Garchomp, L50, M|100/100\n|turn|3\n|\n|t:|1776552800\n|cant|p1a: Talonflame|slp\n|move|p1b: Starmie|Psycho Cut|p2a: White Ferrari\n|-crit|p2a: White Ferrari\n|-damage|p2a: White Ferrari|3/100\n|move|p2b: Falling Behind|Sludge Bomb|p1a: Talonflame\n|-damage|p1a: Talonflame|0 fnt\n|faint|p1a: Talonflame\n|move|p2a: White Ferrari|Rock Slide|p1b: Starmie\n|-damage|p1b: Starmie|0 fnt\n|faint|p1b: Starmie\n|\n|-weather|SunnyDay|[upkeep]\n|upkeep\n|\n|t:|1776552812\n|switch|p1a: Tsareena|Tsareena, L50, F|100/100\n|switch|p1b: Sneasler|Sneasler, L50, M|100/100\n|turn|4\n|inactive|Battle timer is ON: inactive players will automatically lose when time's up. (requested by LUWITE)\n|\n|t:|1776552863\n|move|p2a: White Ferrari|Protect|p2a: White Ferrari\n|-singleturn|p2a: White Ferrari|Protect\n|move|p1b: Sneasler|Close Combat|p2a: White Ferrari\n|-activate|p2a: White Ferrari|move: Protect\n|move|p2b: Falling Behind|Sludge Bomb|p1a: Tsareena\n|-supereffective|p1a: Tsareena|1\n|-crit|p1a: Tsareena\n|-damage|p1a: Tsareena|0 fnt\n|faint|p1a: Tsareena\n|\n|-weather|SunnyDay|[upkeep]\n|-sideend|p1: LUWITE|move: Tailwind\n|upkeep\n|turn|5\n|\n|t:|1776552884\n|move|p2b: Falling Behind|Sleep Powder|p1b: Sneasler|[miss]\n|-miss|p2b: Falling Behind|p1b: Sneasler\n|move|p1b: Sneasler|Close Combat|p2a: White Ferrari\n|-damage|p2a: White Ferrari|0 fnt\n|-unboost|p1b: Sneasler|def|1\n|-unboost|p1b: Sneasler|spd|1\n|faint|p2a: White Ferrari\n|-enditem|p1b: Sneasler|White Herb\n|-clearnegativeboost|p1b: Sneasler|[silent]\n|\n|-weather|none\n|upkeep\n|\n|t:|1776552894\n|switch|p2a: Last Fall|Tyranitar, L50, F|100/100\n|-weather|Sandstorm|[from] ability: Sand Stream|[of] p2a: Last Fall\n|turn|6\n|\n|t:|1776552907\n|move|p2a: Last Fall|Protect|p2a: Last Fall\n|-singleturn|p2a: Last Fall|Protect\n|move|p1b: Sneasler|Dire Claw|p2b: Falling Behind\n|-damage|p2b: Falling Behind|37/100\n|move|p2b: Falling Behind|Sludge Bomb|p1b: Sneasler\n|-resisted|p1b: Sneasler|1\n|-damage|p1b: Sneasler|70/100\n|\n|-weather|Sandstorm|[upkeep]\n|-damage|p1b: Sneasler|64/100|[from] Sandstorm\n|-damage|p2b: Falling Behind|31/100|[from] Sandstorm\n|upkeep\n|turn|7\n|\n|t:|1776552929\n|move|p1b: Sneasler|Close Combat|p2a: Last Fall\n|-supereffective|p2a: Last Fall|2\n|-enditem|p2a: Last Fall|Chople Berry|[eat]\n|-enditem|p2a: Last Fall|Chople Berry|[weaken]\n|-damage|p2a: Last Fall|0 fnt\n|-unboost|p1b: Sneasler|def|1\n|-unboost|p1b: Sneasler|spd|1\n|faint|p2a: Last Fall\n|move|p2b: Falling Behind|Sludge Bomb|p1b: Sneasler\n|-resisted|p1b: Sneasler|1\n|-damage|p1b: Sneasler|17/100\n|\n|-weather|Sandstorm|[upkeep]\n|-damage|p1b: Sneasler|11/100|[from] Sandstorm\n|-damage|p2b: Falling Behind|25/100|[from] Sandstorm\n|upkeep\n|turn|8\n|\n|t:|1776552940\n|move|p2b: Falling Behind|Protect|p2b: Falling Behind\n|-singleturn|p2b: Falling Behind|Protect\n|move|p1b: Sneasler|Dire Claw|p2b: Falling Behind\n|-activate|p2b: Falling Behind|move: Protect\n|\n|-weather|Sandstorm|[upkeep]\n|-damage|p1b: Sneasler|6/100|[from] Sandstorm\n|-damage|p2b: Falling Behind|20/100|[from] Sandstorm\n|upkeep\n|turn|9\n|\n|t:|1776552950\n|move|p2b: Falling Behind|Protect|p2b: Falling Behind\n|-singleturn|p2b: Falling Behind|Protect\n|move|p1b: Sneasler|Dire Claw|p2b: Falling Behind\n|-activate|p2b: Falling Behind|move: Protect\n|\n|-weather|Sandstorm|[upkeep]\n|-damage|p1b: Sneasler|0 fnt|[from] Sandstorm\n|-damage|p2b: Falling Behind|14/100|[from] Sandstorm\n|faint|p1b: Sneasler\n|\n|win|nickzwr\n|raw|LUWITE's rating: 1199 &rarr; <strong>1174</strong><br />(-25 for losing)\n|raw|nickzwr's rating: 1204 &rarr; <strong>1229</strong><br />(+25 for winning)\n|l|\u2606LUWITE\n|player|p1|\n",
  "uploadtime": 1776552964,
  "views": 24,
  "formatid": "gen9championsvgc2026regma",
  "rating": 1174,
  "private": 0,
  "password": null
}