{
  "id": "gen9championsvgc2026regma-2585670562",
  "format": "[Gen 9 Champions] VGC 2026 Reg M-A",
  "players": [
    "pokemon_oofer",
    "Ermurgok"
  ],
  "log": "|j|\u2606pokemon_oofer\n|j|\u2606Ermurgok\n|t:|1776362571\n|gametype|doubles\n|player|p1|pokemon_oofer|miku-ground|1134\n|player|p2|Ermurgok|gentleman-gen4dp|1035\n|gen|9\n|tier|[Gen 9 Champions] VGC 2026 Reg M-A\n|rated|\n|rule|Species Clause: Limit one of each Pok\u00e9mon\n|rule|Item Clause: Limit 1 of each item\n|clearpoke\n|poke|p1|Heliolisk, L50, F|\n|poke|p1|Incineroar, L50, M|\n|poke|p1|Scizor, L50, M|\n|poke|p1|Pelipper, L50, M|\n|poke|p1|Greninja-*, L50, F|\n|poke|p1|Mimikyu, L50, M|\n|poke|p2|Milotic, L50, F|\n|poke|p2|Garchomp, L50, M|\n|poke|p2|Incineroar, L50, M|\n|poke|p2|Sneasler, L50, M|\n|poke|p2|Charizard, L50, M|\n|poke|p2|Whimsicott, L50, F|\n|teampreview|4\n|\n|t:|1776362599\n|teamsize|p1|4\n|teamsize|p2|4\n|start\n|switch|p1a: Heliolisk|Heliolisk, L50, F|100/100\n|switch|p1b: Incineroar|Incineroar, L50, M|100/100\n|switch|p2a: Whimsicott|Whimsicott, L50, F|100/100\n|switch|p2b: Incineroar|Incineroar, L50, M|100/100\n|-ability|p2b: Incineroar|Intimidate|boost\n|-unboost|p1a: Heliolisk|atk|1\n|-unboost|p1b: Incineroar|atk|1\n|-ability|p1b: Incineroar|Intimidate|boost\n|-unboost|p2a: Whimsicott|atk|1\n|-unboost|p2b: Incineroar|atk|1\n|turn|1\n|\n|t:|1776362633\n|move|p2a: Whimsicott|Protect|p2a: Whimsicott\n|-singleturn|p2a: Whimsicott|Protect\n|move|p2b: Incineroar|Fake Out|p1a: Heliolisk\n|-damage|p1a: Heliolisk|87/100\n|move|p1b: Incineroar|Fake Out|p2b: Incineroar\n|-damage|p2b: Incineroar|95/100\n|cant|p1a: Heliolisk|flinch\n|\n|upkeep\n|turn|2\n|\n|t:|1776362664\n|move|p2a: Whimsicott|Tailwind|p2a: Whimsicott\n|-sidestart|p2: Ermurgok|move: Tailwind\n|move|p2b: Incineroar|Flare Blitz|p1a: Heliolisk\n|-damage|p1a: Heliolisk|22/100\n|-damage|p2b: Incineroar|77/100|[from] Recoil\n|move|p1a: Heliolisk|Light Screen|p1a: Heliolisk\n|-sidestart|p1: pokemon_oofer|move: Light Screen\n|move|p1b: Incineroar|Flare Blitz|p2a: Whimsicott\n|-supereffective|p2a: Whimsicott|1\n|-damage|p2a: Whimsicott|4/100\n|-damage|p1b: Incineroar|79/100|[from] Recoil\n|\n|upkeep\n|turn|3\n|\n|t:|1776362690\n|move|p2a: Whimsicott|Protect|p2a: Whimsicott\n|-singleturn|p2a: Whimsicott|Protect\n|move|p2b: Incineroar|Parting Shot|p1a: Heliolisk\n|-unboost|p1a: Heliolisk|atk|1\n|-unboost|p1a: Heliolisk|spa|1\n|\n|t:|1776362695\n|switch|p2b: Sneasler|Sneasler, L50, M|100/100|[from] Parting Shot\n|move|p1a: Heliolisk|Breaking Swipe|p2b: Sneasler|[spread] p2b\n|-activate|p2a: Whimsicott|move: Protect\n|-damage|p2b: Sneasler|95/100\n|-unboost|p2b: Sneasler|atk|1\n|-enditem|p2b: Sneasler|White Herb\n|-clearnegativeboost|p2b: Sneasler|[silent]\n|move|p1b: Incineroar|Parting Shot|p2b: Sneasler\n|-unboost|p2b: Sneasler|atk|1\n|-unboost|p2b: Sneasler|spa|1\n|\n|t:|1776362708\n|switch|p1b: Pelipper|Pelipper, L50, M|100/100|[from] Parting Shot\n|-weather|RainDance|[from] ability: Drizzle|[of] p1b: Pelipper\n|\n|-weather|RainDance|[upkeep]\n|-heal|p1a: Heliolisk|35/100|[from] ability: Dry Skin\n|upkeep\n|turn|4\n|\n|t:|1776362732\n|move|p2b: Sneasler|Fake Out|p1b: Pelipper\n|-crit|p1b: Pelipper\n|-damage|p1b: Pelipper|83/100\n|move|p2a: Whimsicott|Moonblast|p1a: Heliolisk\n|-damage|p1a: Heliolisk|8/100\n|move|p1a: Heliolisk|Volt Switch|p2b: Sneasler\n|-damage|p2b: Sneasler|72/100\n|\n|t:|1776362744\n|switch|p1a: Incineroar|Incineroar, L50, M|79/100|[from] Volt Switch\n|-ability|p1a: Incineroar|Intimidate|boost\n|-unboost|p2a: Whimsicott|atk|1\n|-unboost|p2b: Sneasler|atk|1\n|cant|p1b: Pelipper|flinch\n|\n|-weather|RainDance|[upkeep]\n|upkeep\n|turn|5\n|\n|t:|1776362755\n|switch|p2b: Incineroar|Incineroar, L50, M|77/100\n|-ability|p2b: Incineroar|Intimidate|boost\n|-unboost|p1a: Incineroar|atk|1\n|-unboost|p1b: Pelipper|atk|1\n|move|p2a: Whimsicott|Protect|p2a: Whimsicott\n|-singleturn|p2a: Whimsicott|Protect\n|move|p1a: Incineroar|Fake Out|p2a: Whimsicott\n|-activate|p2a: Whimsicott|move: Protect\n|move|p1b: Pelipper|Tailwind|p1b: Pelipper\n|-sidestart|p1: pokemon_oofer|move: Tailwind\n|\n|-weather|RainDance|[upkeep]\n|-sideend|p2: Ermurgok|move: Tailwind\n|upkeep\n|turn|6\n|\n|t:|1776362777\n|switch|p1a: Heliolisk|Heliolisk, L50, F|8/100\n|move|p2b: Incineroar|Fake Out|p1b: Pelipper\n|-damage|p1b: Pelipper|74/100\n|move|p2a: Whimsicott|Tailwind|p2a: Whimsicott\n|-sidestart|p2: Ermurgok|move: Tailwind\n|cant|p1b: Pelipper|flinch\n|\n|-weather|RainDance|[upkeep]\n|-heal|p1a: Heliolisk|21/100|[from] ability: Dry Skin\n|-sideend|p1: pokemon_oofer|move: Light Screen\n|upkeep\n|turn|7\n|\n|t:|1776362798\n|move|p2a: Whimsicott|Moonblast|p1a: Heliolisk\n|-damage|p1a: Heliolisk|0 fnt\n|faint|p1a: Heliolisk\n|move|p2b: Incineroar|Parting Shot|p1b: Pelipper\n|-unboost|p1b: Pelipper|atk|1\n|-unboost|p1b: Pelipper|spa|1\n|\n|t:|1776362806\n|switch|p2b: Charizard|Charizard, L50, M|100/100|[from] Parting Shot\n|move|p1b: Pelipper|Weather Ball|p2b: Charizard\n|-supereffective|p2b: Charizard|1\n|-damage|p2b: Charizard|8/100\n|\n|-weather|none\n|upkeep\n|\n|t:|1776362812\n|switch|p1a: Greninja|Greninja, L50, F|100/100\n|turn|8\n|\n|t:|1776362852\n|switch|p1a: Incineroar|Incineroar, L50, M|79/100\n|-ability|p1a: Incineroar|Intimidate|boost\n|-unboost|p2a: Whimsicott|atk|1\n|-unboost|p2b: Charizard|atk|1\n|detailschange|p2b: Charizard|Charizard-Mega-Y, L50, M\n|-mega|p2b: Charizard|Charizard|Charizardite Y\n|-weather|SunnyDay|[from] ability: Drought|[of] p2b: Charizard\n|move|p2b: Charizard|Protect|p2b: Charizard\n|-singleturn|p2b: Charizard|Protect\n|move|p2a: Whimsicott|Moonblast|p1a: Incineroar\n|-damage|p1a: Incineroar|43/100\n|-unboost|p1a: Incineroar|spa|1\n|-enditem|p1a: Incineroar|Sitrus Berry|[eat]\n|-heal|p1a: Incineroar|68/100|[from] item: Sitrus Berry\n|move|p1b: Pelipper|Weather Ball|p2b: Charizard\n|-activate|p2b: Charizard|move: Protect\n|\n|-weather|SunnyDay|[upkeep]\n|-sideend|p1: pokemon_oofer|move: Tailwind\n|upkeep\n|turn|9\n|\n|t:|1776362878\n|switch|p2b: Incineroar|Incineroar, L50, M|77/100\n|-ability|p2b: Incineroar|Intimidate|boost\n|-unboost|p1a: Incineroar|atk|1\n|-unboost|p1b: Pelipper|atk|1\n|move|p2a: Whimsicott|Protect|p2a: Whimsicott\n|-singleturn|p2a: Whimsicott|Protect\n|move|p1a: Incineroar|Fake Out|p2b: Incineroar\n|-damage|p2b: Incineroar|70/100\n|move|p1b: Pelipper|Tailwind|p1b: Pelipper\n|-sidestart|p1: pokemon_oofer|move: Tailwind\n|\n|-weather|SunnyDay|[upkeep]\n|-sideend|p2: Ermurgok|move: Tailwind\n|upkeep\n|turn|10\n|\n|t:|1776362899\n|switch|p1b: Greninja|Greninja, L50, F|100/100\n|move|p2b: Incineroar|Fake Out|p1b: Greninja\n|-damage|p1b: Greninja|81/100\n|move|p2a: Whimsicott|Tailwind|p2a: Whimsicott\n|-sidestart|p2: Ermurgok|move: Tailwind\n|move|p1a: Incineroar|Flare Blitz|p2a: Whimsicott\n|-supereffective|p2a: Whimsicott|1\n|-damage|p2a: Whimsicott|0 fnt\n|faint|p2a: Whimsicott\n|-damage|p1a: Incineroar|67/100|[from] Recoil\n|\n|-weather|SunnyDay|[upkeep]\n|upkeep\n|\n|t:|1776362914\n|switch|p2a: Sneasler|Sneasler, L50, M|72/100\n|turn|11\n|\n|t:|1776362946\n|move|p1b: Greninja|Protect|p1b: Greninja\n|-start|p1b: Greninja|typechange|Normal|[from] ability: Protean\n|-singleturn|p1b: Greninja|Protect\n|move|p2a: Sneasler|Close Combat|p1a: Incineroar\n|-supereffective|p1a: Incineroar|1\n|-damage|p1a: Incineroar|0 fnt\n|-unboost|p2a: Sneasler|def|1\n|-unboost|p2a: Sneasler|spd|1\n|faint|p1a: Incineroar\n|move|p2b: Incineroar|Flare Blitz|p1b: Greninja\n|-activate|p1b: Greninja|move: Protect\n|\n|-weather|SunnyDay|[upkeep]\n|upkeep\n|\n|t:|1776362953\n|switch|p1a: Pelipper|Pelipper, L50, M|74/100\n|-weather|RainDance|[from] ability: Drizzle|[of] p1a: Pelipper\n|turn|12\n|\n|t:|1776362973\n|detailschange|p1b: Greninja|Greninja-Mega, L50, F\n|-mega|p1b: Greninja|Greninja|Greninjite\n|move|p1b: Greninja|Hydro Cannon|p2b: Incineroar\n|-start|p1b: Greninja|typechange|Water|[from] ability: Protean\n|-supereffective|p2b: Incineroar|1\n|-damage|p2b: Incineroar|0 fnt\n|-mustrecharge|p1b: Greninja\n|faint|p2b: Incineroar\n|move|p2a: Sneasler|Close Combat|p1b: Greninja\n|-crit|p1b: Greninja\n|-damage|p1b: Greninja|0 fnt\n|-unboost|p2a: Sneasler|def|1\n|-unboost|p2a: Sneasler|spd|1\n|faint|p1b: Greninja\n|move|p1a: Pelipper|Hurricane|p2a: Sneasler\n|-supereffective|p2a: Sneasler|1\n|-damage|p2a: Sneasler|0 fnt\n|faint|p2a: Sneasler\n|\n|-weather|RainDance|[upkeep]\n|-sideend|p1: pokemon_oofer|move: Tailwind\n|upkeep\n|\n|t:|1776362990\n|switch|p2a: Charizard|Charizard-Mega-Y, L50, M|8/100\n|-weather|SunnyDay|[from] ability: Drought|[of] p2a: Charizard\n|turn|13\n|c|\u2606Ermurgok|gg\n|c|\u2606pokemon_oofer|ur sneasler wasnt unburden?\n|c|\u2606pokemon_oofer|gg\n|c|\u2606Ermurgok|It was\n|\n|t:|1776363019\n|move|p2a: Charizard|Solar Beam||[still]\n|-prepare|p2a: Charizard|Solar Beam\n|-anim|p2a: Charizard|Solar Beam|p1a: Pelipper\n|-damage|p1a: Pelipper|2/100\n|move|p1a: Pelipper|Weather Ball|p2a: Charizard\n|-resisted|p2a: Charizard|1\n|-damage|p2a: Charizard|0 fnt\n|faint|p2a: Charizard\n|\n|win|pokemon_oofer\n|raw|pokemon_oofer's rating: 1134 &rarr; <strong>1152</strong><br />(+18 for winning)\n|raw|Ermurgok's rating: 1035 &rarr; <strong>1024</strong><br />(-11 for losing)\n|c|\u2606pokemon_oofer|greninja still outsped it damn\n|c|\u2606Ermurgok|Yeah\n",
  "uploadtime": 1776363073,
  "views": 23,
  "formatid": "gen9championsvgc2026regma",
  "rating": 1024,
  "private": 0,
  "password": null
}