{
  "id": "gen9championsvgc2026regma-2583165483",
  "format": "[Gen 9 Champions] VGC 2026 Reg M-A",
  "players": [
    "magicalarcher57",
    "Jamstiffer"
  ],
  "log": "|j|\u2606magicalarcher57\n|j|\u2606Jamstiffer\n|t:|1776149983\n|gametype|doubles\n|player|p1|magicalarcher57|cynthia-masters4|\n|player|p2|Jamstiffer|1|\n|gen|9\n|tier|[Gen 9 Champions] VGC 2026 Reg M-A\n|rated|Tournament battle\n|rule|Species Clause: Limit one of each Pok\u00e9mon\n|rule|Item Clause: Limit 1 of each item\n|raw|<div class=\"infobox\"><details class=\"readmore\" open><summary><strong>1 custom rule:</strong></summary> Force Open Team Sheets</details></div>\n|clearpoke\n|poke|p1|Kangaskhan, L50, F|\n|poke|p1|Farigiraf, L50, F|\n|poke|p1|Basculegion, L50, M|\n|poke|p1|Talonflame, L50, M|\n|poke|p1|Sneasler, L50, F|\n|poke|p1|Charizard, L50, M|\n|poke|p2|Tyranitar, L50, M|\n|poke|p2|Sinistcha, L50|\n|poke|p2|Sneasler, L50, M|\n|poke|p2|Rotom-Wash, L50|\n|poke|p2|Garchomp, L50, F|\n|poke|p2|Corviknight, L50, M|\n|teampreview|4\n|showteam|p1|Kangaskhan||Kangaskhanite|Scrappy|FakeOut,HammerArm,DoubleEdge,Crunch|||F|||50|]Farigiraf||ColburBerry|ArmorTail|ShadowBall,HyperVoice,TrickRoom,Psychic|||F|||50|]Basculegion||MysticWater|Adaptability|WaveCrash,LastRespects,AquaJet,Protect|||M|||50|]Talonflame||SharpBeak|GaleWings|Tailwind,Taunt,BraveBird,FlareBlitz|||M|||50|]Sneasler||FocusSash|Unburden|FakeOut,CloseCombat,DireClaw,Protect|||F|||50|]Charizard||CharizarditeY|SolarPower|HeatWave,Protect,SolarBeam,Overheat|||M|||50|\n|showteam|p2|Tyranitar||Tyranitarite|SandStream|RockSlide,KnockOff,DragonDance,Protect|||M|||50|]Sinistcha||MentalHerb|Hospitality|RagePowder,TrickRoom,MatchaGotcha,StrengthSap||||||50|]Sneasler||WhiteHerb|Unburden|DireClaw,CloseCombat,Protect,FakeOut|||M|||50|]Rotom-Wash||SitrusBerry|Levitate|HydroPump,VoltSwitch,Protect,WillOWisp||||||50|]Garchomp||ChoiceScarf|SandVeil|Earthquake,RockSlide,DragonClaw,StompingTantrum|||F|||50|]Corviknight||Leftovers|MirrorArmor|BraveBird,BulkUp,Tailwind,Roost|||M|||50|\n|inactive|Battle timer is ON: inactive players will automatically lose when time's up. (requested by Jamstiffer)\n|j| OnToTheOther\n|j| sille rovert\n|j| mysticmarshtomp\n|j| SH0CKING BLUE\n|c|\u2606Jamstiffer|glhf\n|inactiveoff|Battle timer is now OFF.\n|c|\u2606magicalarcher57|the finals team switch up\n|j|%llefface\n|c|\u2606magicalarcher57|glhf\n|c|\u2606Jamstiffer|i said i brought the wrong team last game\n|c|\u2606Jamstiffer|smh\n|c| sille rovert|yea right\n|c| sille rovert|tell that to the judge\n|raw|<div class=\"broadcast-red\"><strong>Moderated chat was set to +!</strong><br />Only users of rank + and higher can talk.</div>\n|j|+chromate\n|c|%llefface|Gaming\n|\n|t:|1776150090\n|teamsize|p1|4\n|teamsize|p2|4\n|start\n|switch|p1a: Ryoiki Tenkai|Farigiraf, L50, F, shiny|100/100\n|switch|p1b: Kangaskhan|Kangaskhan, L50, F, shiny|100/100\n|switch|p2a: Corviknight|Corviknight, L50, M|100/100\n|switch|p2b: Tyranitar|Tyranitar, L50, M|100/100\n|-weather|Sandstorm|[from] ability: Sand Stream|[of] p2b: Tyranitar\n|turn|1\n|\n|t:|1776150105\n|detailschange|p1b: Kangaskhan|Kangaskhan-Mega, L50, F, shiny\n|-mega|p1b: Kangaskhan|Kangaskhan|Kangaskhanite\n|move|p2b: Tyranitar|Protect|p2b: Tyranitar\n|-singleturn|p2b: Tyranitar|Protect\n|move|p1b: Kangaskhan|Hammer Arm|p2b: Tyranitar\n|-activate|p2b: Tyranitar|move: Protect\n|move|p2a: Corviknight|Bulk Up|p2a: Corviknight\n|-boost|p2a: Corviknight|atk|1\n|-boost|p2a: Corviknight|def|1\n|move|p1a: Ryoiki Tenkai|Trick Room|p1a: Ryoiki Tenkai\n|-fieldstart|move: Trick Room|[of] p1a: Ryoiki Tenkai\n|\n|-weather|Sandstorm|[upkeep]\n|-damage|p1a: Ryoiki Tenkai|95/100|[from] Sandstorm\n|-damage|p1b: Kangaskhan|94/100|[from] Sandstorm\n|upkeep\n|turn|2\n|\n|t:|1776150127\n|detailschange|p2b: Tyranitar|Tyranitar-Mega, L50, M\n|-mega|p2b: Tyranitar|Tyranitar|Tyranitarite\n|move|p1a: Ryoiki Tenkai|Hyper Voice|p2a: Corviknight|[spread] p2a,p2b\n|-resisted|p2a: Corviknight|1\n|-resisted|p2b: Tyranitar|1\n|-crit|p2b: Tyranitar\n|-damage|p2a: Corviknight|85/100\n|-damage|p2b: Tyranitar|85/100\n|move|p2a: Corviknight|Brave Bird|p1b: Kangaskhan\n|-damage|p1b: Kangaskhan|39/100\n|-damage|p2a: Corviknight|63/100|[from] Recoil\n|move|p1b: Kangaskhan|Hammer Arm|p2a: Corviknight\n|-damage|p2a: Corviknight|40/100\n|-unboost|p1b: Kangaskhan|spe|1\n|-damage|p2a: Corviknight|34/100\n|-unboost|p1b: Kangaskhan|spe|1\n|-hitcount|p2a: Corviknight|2\n|move|p2b: Tyranitar|Rock Slide|p1a: Ryoiki Tenkai|[spread] p1a,p1b\n|-damage|p1a: Ryoiki Tenkai|56/100\n|-damage|p1b: Kangaskhan|9/100\n|\n|-weather|Sandstorm|[upkeep]\n|-damage|p1b: Kangaskhan|2/100|[from] Sandstorm\n|-damage|p1a: Ryoiki Tenkai|50/100|[from] Sandstorm\n|-heal|p2a: Corviknight|40/100|[from] item: Leftovers\n|upkeep\n|turn|3\n|\n|t:|1776150148\n|switch|p2b: Sinistcha|Sinistcha, L50|100/100\n|-heal|p2a: Corviknight|65/100|[from] ability: Hospitality|[of] p2b: Sinistcha\n|move|p1b: Kangaskhan|Hammer Arm|p2a: Corviknight\n|-damage|p2a: Corviknight|42/100\n|-unboost|p1b: Kangaskhan|spe|1\n|-damage|p2a: Corviknight|37/100\n|-unboost|p1b: Kangaskhan|spe|1\n|-hitcount|p2a: Corviknight|2\n|move|p1a: Ryoiki Tenkai|Hyper Voice|p2b: Sinistcha|[spread] p2a\n|-immune|p2b: Sinistcha\n|-resisted|p2a: Corviknight|1\n|-damage|p2a: Corviknight|20/100\n|move|p2a: Corviknight|Roost|p2a: Corviknight\n|-heal|p2a: Corviknight|70/100\n|-singleturn|p2a: Corviknight|move: Roost\n|\n|-weather|Sandstorm|[upkeep]\n|-damage|p1b: Kangaskhan|0 fnt|[from] Sandstorm\n|-damage|p1a: Ryoiki Tenkai|44/100|[from] Sandstorm\n|-damage|p2b: Sinistcha|94/100|[from] Sandstorm\n|faint|p1b: Kangaskhan\n|-heal|p2a: Corviknight|76/100|[from] item: Leftovers\n|upkeep\n|\n|t:|1776150163\n|switch|p1b: Basculegion|Basculegion, L50, M, shiny|100/100\n|turn|4\n|\n|t:|1776150175\n|move|p1a: Ryoiki Tenkai|Hyper Voice|p2b: Sinistcha|[spread] p2a\n|-immune|p2b: Sinistcha\n|-resisted|p2a: Corviknight|1\n|-damage|p2a: Corviknight|60/100\n|move|p2b: Sinistcha|Matcha Gotcha|p1a: Ryoiki Tenkai|[spread] p1a\n|-miss|p2b: Sinistcha|p1b: Basculegion\n|-damage|p1a: Ryoiki Tenkai|16/100\n|-heal|p2b: Sinistcha|100/100|[from] drain|[of] p1a: Ryoiki Tenkai\n|move|p1b: Basculegion|Last Respects|p2b: Sinistcha\n|-supereffective|p2b: Sinistcha|1\n|-damage|p2b: Sinistcha|0 fnt\n|faint|p2b: Sinistcha\n|move|p2a: Corviknight|Brave Bird|p1b: Basculegion\n|-damage|p1b: Basculegion|15/100\n|-damage|p2a: Corviknight|25/100|[from] Recoil\n|\n|-weather|Sandstorm|[upkeep]\n|-damage|p1a: Ryoiki Tenkai|11/100|[from] Sandstorm\n|-damage|p1b: Basculegion|9/100|[from] Sandstorm\n|-heal|p2a: Corviknight|31/100|[from] item: Leftovers\n|upkeep\n|\n|t:|1776150196\n|switch|p2b: Tyranitar|Tyranitar-Mega, L50, M|85/100\n|turn|5\n|\n|t:|1776150210\n|switch|p2a: Garchomp|Garchomp, L50, F|100/100\n|move|p2b: Tyranitar|Protect|p2b: Tyranitar\n|-singleturn|p2b: Tyranitar|Protect\n|move|p1a: Ryoiki Tenkai|Hyper Voice|p2a: Garchomp|[spread] \n|-activate|p2b: Tyranitar|move: Protect\n|-miss|p1a: Ryoiki Tenkai|p2a: Garchomp\n|move|p1b: Basculegion|Last Respects|p2a: Garchomp|[miss]\n|-miss|p1b: Basculegion|p2a: Garchomp\n|\n|-weather|none\n|-fieldend|move: Trick Room\n|upkeep\n|turn|6\n|\n|t:|1776150227\n|switch|p2b: Corviknight|Corviknight, L50, M|31/100\n|switch|p1a: Talonflame|Talonflame, L50, M, shiny|100/100\n|move|p1b: Basculegion|Protect|p1b: Basculegion\n|-singleturn|p1b: Basculegion|Protect\n|move|p2a: Garchomp|Earthquake|p1a: Talonflame|[spread] \n|-activate|p1b: Basculegion|move: Protect\n|-immune|p2b: Corviknight\n|-immune|p1a: Talonflame\n|\n|-heal|p2b: Corviknight|37/100|[from] item: Leftovers\n|upkeep\n|turn|7\n|\n|t:|1776150249\n|switch|p1b: Ryoiki Tenkai|Farigiraf, L50, F, shiny|11/100\n|move|p2a: Garchomp|Earthquake|p1b: Ryoiki Tenkai|[spread] p1b\n|-immune|p2b: Corviknight\n|-immune|p1a: Talonflame\n|-damage|p1b: Ryoiki Tenkai|0 fnt\n|faint|p1b: Ryoiki Tenkai\n|move|p1a: Talonflame|Flare Blitz|p2b: Corviknight\n|-supereffective|p2b: Corviknight|1\n|-damage|p2b: Corviknight|0 fnt\n|faint|p2b: Corviknight\n|-damage|p1a: Talonflame|86/100|[from] Recoil\n|\n|upkeep\n|\n|t:|1776150259\n|switch|p2b: Tyranitar|Tyranitar-Mega, L50, M|85/100\n|switch|p1b: Basculegion|Basculegion, L50, M, shiny|9/100\n|-weather|Sandstorm|[from] ability: Sand Stream|[of] p2b: Tyranitar\n|turn|8\n|\n|t:|1776150267\n|move|p1b: Basculegion|Protect|p1b: Basculegion\n|-singleturn|p1b: Basculegion|Protect\n|move|p2a: Garchomp|Earthquake|p1a: Talonflame|[spread] p2b\n|-activate|p1b: Basculegion|move: Protect\n|-immune|p1a: Talonflame\n|-supereffective|p2b: Tyranitar|1\n|-damage|p2b: Tyranitar|23/100\n|move|p1a: Talonflame|Tailwind|p1a: Talonflame\n|-sidestart|p1: magicalarcher57|move: Tailwind\n|move|p2b: Tyranitar|Knock Off|p1a: Talonflame\n|-damage|p1a: Talonflame|0 fnt\n|-enditem|p1a: Talonflame|Sharp Beak|[from] move: Knock Off|[of] p2b: Tyranitar\n|faint|p1a: Talonflame\n|\n|-weather|Sandstorm|[upkeep]\n|-damage|p1b: Basculegion|3/100|[from] Sandstorm\n|upkeep\n|turn|9\n|\n|t:|1776150277\n|move|p2b: Tyranitar|Protect|p2b: Tyranitar\n|-singleturn|p2b: Tyranitar|Protect\n|move|p2a: Garchomp|Earthquake|p1b: Basculegion|[spread] p1b\n|-activate|p2b: Tyranitar|move: Protect\n|-damage|p1b: Basculegion|0 fnt\n|faint|p1b: Basculegion\n|\n|win|Jamstiffer\n|n|\u2606magicalarcher57|magicalarcher57\n|n|\u2606Jamstiffer|jamstiffer\n",
  "uploadtime": 1776150277,
  "views": 16,
  "formatid": "gen9championsvgc2026regma",
  "rating": null,
  "private": 0,
  "password": null
}