{
  "id": "gen9championsvgc2026regma-2585065777",
  "format": "[Gen 9 Champions] VGC 2026 Reg M-A",
  "players": [
    "Meowha",
    "weaknoobano"
  ],
  "log": "|j|\u2606Meowha\n|j|\u2606weaknoobano\n|t:|1776308255\n|gametype|doubles\n|player|p1|Meowha|170|1291\n|player|p2|weaknoobano|101|1266\n|gen|9\n|tier|[Gen 9 Champions] VGC 2026 Reg M-A\n|rated|\n|rule|Species Clause: Limit one of each Pok\u00e9mon\n|rule|Item Clause: Limit 1 of each item\n|clearpoke\n|poke|p1|Sneasler, L50, M|\n|poke|p1|Corviknight, L50, M|\n|poke|p1|Politoed, L50, M|\n|poke|p1|Aerodactyl, L50, F|\n|poke|p1|Floette-Eternal, L50, F|\n|poke|p1|Kingambit, L50, F|\n|poke|p2|Venusaur, L50, M|\n|poke|p2|Charizard, L50, M|\n|poke|p2|Incineroar, L50, M|\n|poke|p2|Garchomp, L50, F|\n|poke|p2|Snorlax, L50, M|\n|poke|p2|Sinistcha, L50|\n|teampreview|4\n|inactive|Battle timer is ON: inactive players will automatically lose when time's up. (requested by Meowha)\n|inactive|weaknoobano also wants the timer to be on.\nweaknoobano rejected open team sheets.\n|inactive|Meowha has 60 seconds left.\n|\n|t:|1776308288\n|teamsize|p1|4\n|teamsize|p2|4\n|start\n|switch|p1a: Sneasler|Sneasler, L50, M|100/100\n|switch|p1b: Aerodactyl|Aerodactyl, L50, F|100/100\n|switch|p2a: Venusaur|Venusaur, L50, M|100/100\n|switch|p2b: Charizard|Charizard, L50, M|100/100\n|-ability|p1b: Aerodactyl|Unnerve\n|turn|1\n|inactive|weaknoobano has 30 seconds left.\n|\n|t:|1776308320\n|detailschange|p2b: Charizard|Charizard-Mega-Y, L50, M\n|-mega|p2b: Charizard|Charizard|Charizardite Y\n|-weather|SunnyDay|[from] ability: Drought|[of] p2b: Charizard\n|move|p1a: Sneasler|Fake Out|p2a: Venusaur\n|-damage|p2a: Venusaur|86/100\n|cant|p2a: Venusaur|flinch\n|move|p1b: Aerodactyl|Tailwind|p1b: Aerodactyl\n|-sidestart|p1: Meowha|move: Tailwind\n|move|p2b: Charizard|Heat Wave|p1a: Sneasler|[spread] p1a,p1b\n|-resisted|p1b: Aerodactyl|1\n|-damage|p1a: Sneasler|11/100\n|-damage|p1b: Aerodactyl|55/100\n|\n|-weather|SunnyDay|[upkeep]\n|upkeep\n|turn|2\n|inactive|weaknoobano has 30 seconds left.\n|\n|t:|1776308349\n|switch|p2a: Garchomp|Garchomp, L50, F|100/100\n|switch|p2b: Sinistcha|Sinistcha, L50|100/100\n|move|p1b: Aerodactyl|Rock Slide|p2a: Garchomp|[spread] p2b\n|-miss|p1b: Aerodactyl|p2a: Garchomp\n|-damage|p2b: Sinistcha|83/100\n|move|p1a: Sneasler|Dire Claw|p2a: Garchomp\n|-resisted|p2a: Garchomp|1\n|-damage|p2a: Garchomp|80/100\n|-damage|p1a: Sneasler|0 fnt|[from] ability: Rough Skin|[of] p2a: Garchomp\n|faint|p1a: Sneasler\n|\n|-weather|SunnyDay|[upkeep]\n|-heal|p2b: Sinistcha|89/100|[from] item: Leftovers\n|upkeep\n|\n|t:|1776308365\n|switch|p1a: Corviknight|Corviknight, L50, M|100/100\n|turn|3\n|\n|t:|1776308375\n|switch|p1b: Politoed|Politoed, L50, M|100/100\n|-weather|RainDance|[from] ability: Drizzle|[of] p1b: Politoed\n|move|p2a: Garchomp|Rock Slide|p1b: Politoed|[spread] p1a,p1b\n|-damage|p1a: Corviknight|87/100\n|-damage|p1b: Politoed|73/100\n|cant|p1a: Corviknight|flinch\n|move|p2b: Sinistcha|Trick Room|p2b: Sinistcha\n|-fieldstart|move: Trick Room|[of] p2b: Sinistcha\n|\n|-weather|RainDance|[upkeep]\n|-heal|p2b: Sinistcha|95/100|[from] item: Leftovers\n|-heal|p1a: Corviknight|93/100|[from] item: Leftovers\n|upkeep\n|turn|4\n|inactive|weaknoobano has 30 seconds left.\n|inactive|weaknoobano has 20 seconds left.\n|\n|t:|1776308411\n|switch|p2a: Charizard|Charizard-Mega-Y, L50, M|100/100\n|-weather|SunnyDay|[from] ability: Drought|[of] p2a: Charizard\n|move|p2b: Sinistcha|Rage Powder|p2b: Sinistcha\n|-singleturn|p2b: Sinistcha|move: Rage Powder\n|move|p1a: Corviknight|Iron Defense|p1a: Corviknight\n|-boost|p1a: Corviknight|def|2\n|move|p1b: Politoed|Muddy Water|p2a: Charizard|[spread] p2a,p2b\n|-supereffective|p2a: Charizard|1\n|-resisted|p2b: Sinistcha|1\n|-damage|p2a: Charizard|70/100\n|-damage|p2b: Sinistcha|89/100\n|\n|-weather|SunnyDay|[upkeep]\n|-heal|p2b: Sinistcha|95/100|[from] item: Leftovers\n|-heal|p1a: Corviknight|99/100|[from] item: Leftovers\n|-sideend|p1: Meowha|move: Tailwind\n|upkeep\n|turn|5\n|\n|t:|1776308435\n|move|p2b: Sinistcha|Life Dew|p2b: Sinistcha|[spread] p2a,p2b\n|-heal|p2a: Charizard|95/100\n|-heal|p2b: Sinistcha|100/100\n|move|p1a: Corviknight|Brave Bird|p2a: Charizard\n|-damage|p2a: Charizard|35/100\n|-damage|p1a: Corviknight|84/100|[from] Recoil\n|move|p2a: Charizard|Heat Wave|p1b: Politoed|[spread] p1b\n|-miss|p2a: Charizard|p1a: Corviknight\n|-resisted|p1b: Politoed|1\n|-damage|p1b: Politoed|41/100\n|move|p1b: Politoed|Muddy Water|p2a: Charizard|[spread] p2a,p2b\n|-supereffective|p2a: Charizard|1\n|-resisted|p2b: Sinistcha|1\n|-damage|p2a: Charizard|4/100\n|-damage|p2b: Sinistcha|94/100\n|-unboost|p2a: Charizard|accuracy|1\n|\n|-weather|SunnyDay|[upkeep]\n|-heal|p2b: Sinistcha|99/100|[from] item: Leftovers\n|-heal|p1a: Corviknight|90/100|[from] item: Leftovers\n|upkeep\n|turn|6\n|inactive|Meowha has 30 seconds left.\n|\n|t:|1776308466\n|switch|p1b: Aerodactyl|Aerodactyl, L50, F|55/100\n|-ability|p1b: Aerodactyl|Unnerve\n|move|p2a: Charizard|Protect|p2a: Charizard\n|-singleturn|p2a: Charizard|Protect\n|move|p2b: Sinistcha|Life Dew|p2b: Sinistcha|[spread] p2a,p2b\n|-heal|p2a: Charizard|29/100\n|-heal|p2b: Sinistcha|100/100\n|move|p1a: Corviknight|Brave Bird|p2a: Charizard\n|-activate|p2a: Charizard|move: Protect\n|\n|-weather|SunnyDay|[upkeep]\n|-heal|p1a: Corviknight|96/100|[from] item: Leftovers\n|upkeep\n|turn|7\n|inactive|Meowha has 30 seconds left.\n|\n|t:|1776308496\n|move|p1b: Aerodactyl|Protect|p1b: Aerodactyl\n|-singleturn|p1b: Aerodactyl|Protect\n|move|p2b: Sinistcha|Rage Powder|p2b: Sinistcha\n|-singleturn|p2b: Sinistcha|move: Rage Powder\n|move|p1a: Corviknight|Brave Bird|p2b: Sinistcha\n|-supereffective|p2b: Sinistcha|1\n|-damage|p2b: Sinistcha|42/100\n|-damage|p1a: Corviknight|79/100|[from] Recoil\n|move|p2a: Charizard|Weather Ball|p1a: Corviknight\n|-supereffective|p1a: Corviknight|1\n|-damage|p1a: Corviknight|0 fnt\n|faint|p1a: Corviknight\n|\n|-weather|SunnyDay|[upkeep]\n|-heal|p2b: Sinistcha|48/100|[from] item: Leftovers\n|-fieldend|move: Trick Room\n|upkeep\n|\n|t:|1776308506\n|switch|p1a: Politoed|Politoed, L50, M|41/100\n|-weather|RainDance|[from] ability: Drizzle|[of] p1a: Politoed\n|turn|8\n|\n|t:|1776308519\n|switch|p2a: Garchomp|Garchomp, L50, F|80/100\n|move|p1b: Aerodactyl|Rock Slide|p2a: Garchomp|[spread] p2a,p2b\n|-resisted|p2a: Garchomp|1\n|-damage|p2a: Garchomp|69/100\n|-damage|p2b: Sinistcha|31/100\n|move|p1a: Politoed|Icy Wind|p2b: Sinistcha|[spread] p2a,p2b\n|-supereffective|p2a: Garchomp|2\n|-supereffective|p2b: Sinistcha|1\n|-damage|p2a: Garchomp|15/100\n|-damage|p2b: Sinistcha|9/100\n|-unboost|p2a: Garchomp|spe|1\n|-unboost|p2b: Sinistcha|spe|1\n|move|p2b: Sinistcha|Trick Room|p2b: Sinistcha\n|-fieldstart|move: Trick Room|[of] p2b: Sinistcha\n|\n|-weather|RainDance|[upkeep]\n|-heal|p2b: Sinistcha|15/100|[from] item: Leftovers\n|upkeep\n|turn|9\n|-message|Meowha forfeited.\n|\n|win|weaknoobano\n|raw|Meowha's rating: 1291 &rarr; <strong>1264</strong><br />(-27 for losing)\n|raw|weaknoobano's rating: 1266 &rarr; <strong>1293</strong><br />(+27 for winning)\n|l|\u2606Meowha\n|player|p1|\n",
  "uploadtime": 1776308629,
  "views": 51,
  "formatid": "gen9championsvgc2026regma",
  "rating": 1264,
  "private": 0,
  "password": null
}