{
  "id": "gen9championsvgc2026regma-2586934823",
  "format": "[Gen 9 Champions] VGC 2026 Reg M-A",
  "players": [
    "boostedelo",
    "SleepyBadBoy"
  ],
  "log": "|j|\u2606boostedelo\n|j|\u2606SleepyBadBoy\n|t:|1776473320\n|gametype|doubles\n|player|p1|boostedelo|barry|1345\n|player|p2|SleepyBadBoy|102|1282\n|gen|9\n|tier|[Gen 9 Champions] VGC 2026 Reg M-A\n|rated|\n|rule|Species Clause: Limit one of each Pok\u00e9mon\n|rule|Item Clause: Limit 1 of each item\n|clearpoke\n|poke|p1|Delphox, L50, F|\n|poke|p1|Whimsicott, L50, F|\n|poke|p1|Garchomp, L50, M|\n|poke|p1|Kingambit, L50, M|\n|poke|p1|Sinistcha, L50|\n|poke|p1|Incineroar, L50, F|\n|poke|p2|Gengar, L50, M|\n|poke|p2|Politoed, L50, F|\n|poke|p2|Incineroar, L50, F|\n|poke|p2|Ninetales-Alola, L50, M|\n|poke|p2|Volcarona, L50, F|\n|poke|p2|Palafin, L50, F|\n|teampreview|4\n|inactive|Battle timer is ON: inactive players will automatically lose when time's up. (requested by SleepyBadBoy)\n|inactive|boostedelo also wants the timer to be on.\n|inactive|boostedelo has 60 seconds left.\n|inactive|SleepyBadBoy has 60 seconds left.\n|\n|t:|1776473379\n|teamsize|p1|4\n|teamsize|p2|4\n|start\n|switch|p1a: Kingambit|Kingambit, L50, M|100/100\n|switch|p1b: Garchomp|Garchomp, L50, M|100/100\n|switch|p2a: Ninetales|Ninetales-Alola, L50, M|100/100\n|switch|p2b: Gengar|Gengar, L50, M, shiny|100/100\n|-weather|Snowscape|[from] ability: Snow Warning|[of] p2a: Ninetales\n|turn|1\n|inactive|boostedelo has 30 seconds left.\n|\n|t:|1776473408\n|switch|p1b: Delphox|Delphox, L50, F|100/100\n|detailschange|p2b: Gengar|Gengar-Mega, L50, M, shiny\n|-mega|p2b: Gengar|Gengar|Gengarite\n|move|p2b: Gengar|Protect|p2b: Gengar\n|-singleturn|p2b: Gengar|Protect\n|move|p2a: Ninetales|Blizzard|p1a: Kingambit|[spread] p1a,p1b\n|-resisted|p1a: Kingambit|1\n|-resisted|p1b: Delphox|1\n|-damage|p1a: Kingambit|83/100\n|-damage|p1b: Delphox|83/100\n|-status|p1a: Kingambit|frz\n|-status|p1b: Delphox|frz\n|cant|p1a: Kingambit|frz\n|\n|-weather|Snowscape|[upkeep]\n|upkeep\n|turn|2\n|inactive|SleepyBadBoy has 30 seconds left.\n|inactive|boostedelo has 30 seconds left.\n|\n|t:|1776473439\n|detailschange|p1b: Delphox|Delphox-Mega, L50, F\n|-mega|p1b: Delphox|Delphox|Delphoxite\n|cant|p1a: Kingambit|frz\n|cant|p1b: Delphox|frz\n|move|p2b: Gengar|Shadow Ball|p1b: Delphox\n|-supereffective|p1b: Delphox|1\n|-damage|p1b: Delphox|0 fnt\n|faint|p1b: Delphox\n|move|p2a: Ninetales|Blizzard|p1a: Kingambit\n|-resisted|p1a: Kingambit|1\n|-damage|p1a: Kingambit|56/100 frz\n|\n|-weather|Snowscape|[upkeep]\n|upkeep\n|\n|t:|1776473458\n|switch|p1b: Whimsicott|Whimsicott, L50, F|100/100\n|turn|3\n|inactive|SleepyBadBoy has 30 seconds left.\n|\n|t:|1776473489\n|move|p2b: Gengar|Protect|p2b: Gengar\n|-singleturn|p2b: Gengar|Protect\n|move|p1b: Whimsicott|Tailwind|p1b: Whimsicott\n|-sidestart|p1: boostedelo|move: Tailwind\n|-curestatus|p1a: Kingambit|frz|[msg]\n|move|p1a: Kingambit|Iron Head|p2a: Ninetales\n|-supereffective|p2a: Ninetales|2\n|-enditem|p2a: Ninetales|Focus Sash\n|-damage|p2a: Ninetales|1/100\n|cant|p2a: Ninetales|flinch\n|\n|-weather|Snowscape|[upkeep]\n|upkeep\n|turn|4\n|inactive|SleepyBadBoy has 30 seconds left.\n|inactive|SleepyBadBoy has 20 seconds left.\n|\n|t:|1776473525\n|switch|p2b: Politoed|Politoed, L50, F|100/100\n|-weather|RainDance|[from] ability: Drizzle|[of] p2b: Politoed\n|move|p2a: Ninetales|Protect|p2a: Ninetales\n|-singleturn|p2a: Ninetales|Protect\n|move|p1b: Whimsicott|Moonblast|p2a: Ninetales\n|-activate|p2a: Ninetales|move: Protect\n|move|p1a: Kingambit|Kowtow Cleave|p2b: Politoed\n|-damage|p2b: Politoed|50/100\n|\n|-weather|RainDance|[upkeep]\n|-heal|p2b: Politoed|56/100|[from] item: Leftovers\n|upkeep\n|turn|5\n|inactive|boostedelo has 30 seconds left.\n|inactive|SleepyBadBoy has 30 seconds left.\n|inactive|boostedelo has 20 seconds left.\n|inactive|SleepyBadBoy has 20 seconds left.\n|inactive|SleepyBadBoy has 15 seconds left.\n|\n|t:|1776473575\n|switch|p1a: Garchomp|Garchomp, L50, M|100/100\n|move|p1b: Whimsicott|Encore|p2a: Ninetales\n|-start|p2a: Ninetales|Encore\n|move|p2a: Ninetales|Protect||[still]\n|-fail|p2a: Ninetales\n|move|p2b: Politoed|Weather Ball|p1b: Whimsicott\n|-resisted|p1b: Whimsicott|1\n|-damage|p1b: Whimsicott|64/100\n|\n|-weather|RainDance|[upkeep]\n|-heal|p2b: Politoed|62/100|[from] item: Leftovers\n|upkeep\n|turn|6\n|\n|t:|1776473595\n|switch|p2a: Incineroar|Incineroar, L50, F|100/100\n|-ability|p2a: Incineroar|Intimidate|boost\n|-unboost|p1a: Garchomp|atk|1\n|-unboost|p1b: Whimsicott|atk|1\n|move|p1a: Garchomp|Dragon Claw|p2b: Politoed\n|-damage|p2b: Politoed|38/100\n|move|p1b: Whimsicott|Moonblast|p2b: Politoed\n|-damage|p2b: Politoed|9/100\n|move|p2b: Politoed|Weather Ball|p1a: Garchomp\n|-damage|p1a: Garchomp|48/100\n|\n|-weather|RainDance|[upkeep]\n|-heal|p2b: Politoed|15/100|[from] item: Leftovers\n|-sideend|p1: boostedelo|move: Tailwind\n|upkeep\n|turn|7\n|inactive|boostedelo has 30 seconds left.\n|inactive|boostedelo has 20 seconds left.\n|\n|t:|1776473633\n|move|p2b: Politoed|Protect|p2b: Politoed\n|-singleturn|p2b: Politoed|Protect\n|move|p1a: Garchomp|Dragon Claw|p2b: Politoed\n|-activate|p2b: Politoed|move: Protect\n|move|p1b: Whimsicott|Moonblast|p2a: Incineroar\n|-crit|p2a: Incineroar\n|-damage|p2a: Incineroar|53/100\n|move|p2a: Incineroar|Parting Shot|p1a: Garchomp\n|-unboost|p1a: Garchomp|atk|1\n|-unboost|p1a: Garchomp|spa|1\n|\n|t:|1776473645\n|switch|p2a: Gengar|Gengar-Mega, L50, M, shiny|100/100|[from] Parting Shot\n|\n|-weather|RainDance|[upkeep]\n|-heal|p2b: Politoed|21/100|[from] item: Leftovers\n|upkeep\n|turn|8\n|\n|t:|1776473662\n|switch|p2b: Incineroar|Incineroar, L50, F|53/100\n|-ability|p2b: Incineroar|Intimidate|boost\n|-unboost|p1a: Garchomp|atk|1\n|-unboost|p1b: Whimsicott|atk|1\n|move|p1b: Whimsicott|Tailwind|p1b: Whimsicott\n|-sidestart|p1: boostedelo|move: Tailwind\n|move|p1a: Garchomp|Dragon Claw|p2b: Incineroar\n|-damage|p2b: Incineroar|40/100\n|move|p2a: Gengar|Shadow Ball|p1b: Whimsicott\n|-damage|p1b: Whimsicott|0 fnt\n|faint|p1b: Whimsicott\n|\n|-weather|none\n|upkeep\n|\n|t:|1776473672\n|switch|p1b: Kingambit|Kingambit, L50, M|56/100\n|turn|9\n|\n|t:|1776473684\n|move|p2a: Gengar|Protect|p2a: Gengar\n|-singleturn|p2a: Gengar|Protect\n|move|p1a: Garchomp|Dragon Claw|p2b: Incineroar\n|-damage|p2b: Incineroar|28/100\n|move|p1b: Kingambit|Kowtow Cleave|p2b: Incineroar\n|-resisted|p2b: Incineroar|1\n|-damage|p2b: Incineroar|5/100\n|move|p2b: Incineroar|Parting Shot|p1a: Garchomp\n|-unboost|p1a: Garchomp|atk|1\n|-unboost|p1a: Garchomp|spa|1\n|\n|t:|1776473700\n|switch|p2b: Politoed|Politoed, L50, F|21/100|[from] Parting Shot\n|-weather|RainDance|[from] ability: Drizzle|[of] p2b: Politoed\n|\n|-weather|RainDance|[upkeep]\n|-heal|p2b: Politoed|27/100|[from] item: Leftovers\n|upkeep\n|turn|10\n|\n|t:|1776473721\n|move|p1a: Garchomp|Dragon Claw|p2b: Politoed\n|-damage|p2b: Politoed|16/100\n|move|p1b: Kingambit|Kowtow Cleave|p2b: Politoed\n|-damage|p2b: Politoed|0 fnt\n|faint|p2b: Politoed\n|move|p2a: Gengar|Disable|p1b: Kingambit\n|-start|p1b: Kingambit|Disable|Kowtow Cleave\n|\n|-weather|RainDance|[upkeep]\n|upkeep\n|\n|t:|1776473733\n|switch|p2b: Ninetales|Ninetales-Alola, L50, M|1/100\n|-weather|Snowscape|[from] ability: Snow Warning|[of] p2b: Ninetales\n|turn|11\n|\n|t:|1776473744\n|move|p2a: Gengar|Protect|p2a: Gengar\n|-singleturn|p2a: Gengar|Protect\n|move|p2b: Ninetales|Protect|p2b: Ninetales\n|-singleturn|p2b: Ninetales|Protect\n|move|p1a: Garchomp|Dragon Claw|p2a: Gengar\n|-activate|p2a: Gengar|move: Protect\n|move|p1b: Kingambit|Iron Head|p2b: Ninetales\n|-activate|p2b: Ninetales|move: Protect\n|\n|-weather|Snowscape|[upkeep]\n|-sideend|p1: boostedelo|move: Tailwind\n|upkeep\n|turn|12\n|\n|t:|1776473754\n|move|p1b: Kingambit|Sucker Punch|p2a: Gengar\n|-supereffective|p2a: Gengar|1\n|-damage|p2a: Gengar|0 fnt\n|faint|p2a: Gengar\n|move|p1a: Garchomp|Dragon Claw|p2b: Ninetales\n|-immune|p2b: Ninetales\n|move|p2b: Ninetales|Encore|p1b: Kingambit\n|-start|p1b: Kingambit|Encore\n|\n|-weather|Snowscape|[upkeep]\n|upkeep\n|\n|t:|1776473763\n|switch|p2a: Incineroar|Incineroar, L50, F|5/100\n|-ability|p2a: Incineroar|Intimidate|boost\n|-unboost|p1a: Garchomp|atk|1\n|-unboost|p1b: Kingambit|atk|1\n|-ability|p1b: Kingambit|Defiant|boost\n|-boost|p1b: Kingambit|atk|2\n|turn|13\n|\n|t:|1776473778\n|move|p2a: Incineroar|Protect|p2a: Incineroar\n|-singleturn|p2a: Incineroar|Protect\n|move|p1b: Kingambit|Sucker Punch|p2b: Ninetales\n|-resisted|p2b: Ninetales|1\n|-damage|p2b: Ninetales|0 fnt\n|faint|p2b: Ninetales\n|move|p1a: Garchomp|Dragon Claw|p2a: Incineroar\n|-activate|p2a: Incineroar|move: Protect\n|\n|-weather|Snowscape|[upkeep]\n|upkeep\n|turn|14\n|-message|SleepyBadBoy forfeited.\n|\n|win|boostedelo\n|raw|boostedelo's rating: 1345 &rarr; <strong>1361</strong><br />(+16 for winning)\n|raw|SleepyBadBoy's rating: 1282 &rarr; <strong>1261</strong><br />(-21 for losing)\n|l|\u2606SleepyBadBoy\n|player|p2|\n",
  "uploadtime": 1776473790,
  "views": 36,
  "formatid": "gen9championsvgc2026regma",
  "rating": 1261,
  "private": 0,
  "password": null
}