{
  "id": "gen9championsvgc2026regma-2588450425",
  "format": "[Gen 9 Champions] VGC 2026 Reg M-A",
  "players": [
    "Jozai",
    "barbakhanysapin"
  ],
  "log": "|j|\u2606Jozai\n|j|\u2606barbakhanysapin\n|t:|1776634610\n|gametype|doubles\n|player|p1|Jozai|101|1127\n|player|p2|barbakhanysapin|266|1050\n|gen|9\n|tier|[Gen 9 Champions] VGC 2026 Reg M-A\n|rated|\n|rule|Species Clause: Limit one of each Pok\u00e9mon\n|rule|Item Clause: Limit 1 of each item\n|clearpoke\n|poke|p1|Dragapult, L50, F|\n|poke|p1|Archaludon, L50, M|\n|poke|p1|Pelipper, L50, M|\n|poke|p1|Tinkaton, L50, F|\n|poke|p1|Farigiraf, L50, M|\n|poke|p1|Blastoise, L50, F|\n|poke|p2|Charizard, L50, M|\n|poke|p2|Whimsicott, L50, F|\n|poke|p2|Incineroar, L50, M|\n|poke|p2|Kingambit, L50, M|\n|poke|p2|Farigiraf, L50, M|\n|poke|p2|Hydreigon, L50, M|\n|teampreview|4\n|inactive|Battle timer is ON: inactive players will automatically lose when time's up. (requested by Jozai)\n|inactive|Jozai has 60 seconds left.\n|\n|t:|1776634652\n|teamsize|p1|4\n|teamsize|p2|4\n|start\n|switch|p1a: Dragapult|Dragapult, L50, F|100/100\n|switch|p1b: Archaludon|Archaludon, L50, M|100/100\n|switch|p2a: Charizard|Charizard, L50, M|100/100\n|switch|p2b: Whimsicott|Whimsicott, L50, F|100/100\n|turn|1\n|\n|t:|1776634674\n|detailschange|p2a: Charizard|Charizard-Mega-Y, L50, M\n|-mega|p2a: Charizard|Charizard|Charizardite Y\n|-weather|SunnyDay|[from] ability: Drought|[of] p2a: Charizard\n|move|p1a: Dragapult|Protect|p1a: Dragapult\n|-singleturn|p1a: Dragapult|Protect\n|move|p1b: Archaludon|Protect|p1b: Archaludon\n|-singleturn|p1b: Archaludon|Protect\n|move|p2b: Whimsicott|Light Screen|p2b: Whimsicott\n|-sidestart|p2: barbakhanysapin|move: Light Screen\n|move|p2a: Charizard|Heat Wave|p1a: Dragapult|[spread] \n|-activate|p1a: Dragapult|move: Protect\n|-activate|p1b: Archaludon|move: Protect\n|\n|-weather|SunnyDay|[upkeep]\n|upkeep\n|turn|2\n|inactive|barbakhanysapin has 30 seconds left.\n|inactive|barbakhanysapin has 20 seconds left.\n|\n|t:|1776634709\n|switch|p1a: Pelipper|Pelipper, L50, M|100/100\n|-weather|RainDance|[from] ability: Drizzle|[of] p1a: Pelipper\n|switch|p2a: Hydreigon|Hydreigon, L50, M|100/100\n|move|p2b: Whimsicott|Encore|p1b: Archaludon\n|-start|p1b: Archaludon|Encore\n|move|p1b: Archaludon|Protect||[still]\n|-fail|p1b: Archaludon\n|\n|-weather|RainDance|[upkeep]\n|upkeep\n|turn|3\n|inactive|barbakhanysapin has 30 seconds left.\n|inactive|barbakhanysapin has 20 seconds left.\n|\n|t:|1776634749\n|switch|p2b: Farigiraf|Farigiraf, L50, M|100/100\n|switch|p1b: Tinkaton|Tinkaton, L50, F|100/100\n|move|p2a: Hydreigon|Draco Meteor|p1a: Pelipper\n|-enditem|p1a: Pelipper|Focus Sash\n|-damage|p1a: Pelipper|1/100\n|-unboost|p2a: Hydreigon|spa|2\n|move|p1a: Pelipper|Tailwind|p1a: Pelipper\n|-sidestart|p1: Jozai|move: Tailwind\n|\n|-weather|RainDance|[upkeep]\n|upkeep\n|turn|4\n|inactive|Jozai has 30 seconds left.\n|\n|t:|1776634774\n|switch|p2a: Charizard|Charizard-Mega-Y, L50, M|100/100\n|-weather|SunnyDay|[from] ability: Drought|[of] p2a: Charizard\n|move|p1a: Pelipper|Hurricane|p2b: Farigiraf\n|-damage|p2b: Farigiraf|69/100\n|move|p1b: Tinkaton|Ice Hammer|p2a: Charizard\n|-damage|p2a: Charizard|62/100\n|-unboost|p1b: Tinkaton|spe|1\n|move|p2b: Farigiraf|Hyper Voice|p1a: Pelipper|[spread] p1a,p1b\n|-resisted|p1b: Tinkaton|1\n|-damage|p1a: Pelipper|0 fnt\n|-damage|p1b: Tinkaton|86/100\n|faint|p1a: Pelipper\n|\n|-weather|SunnyDay|[upkeep]\n|upkeep\n|\n|t:|1776634790\n|switch|p1a: Dragapult|Dragapult, L50, F|100/100\n|turn|5\n|\n|t:|1776634815\n|move|p2b: Farigiraf|Ally Switch|p2b: Farigiraf\n|swap|p2b: Farigiraf|0|[from] move: Ally Switch\n|move|p1a: Dragapult|Dragon Darts|p2a: Farigiraf\n|-damage|p2a: Farigiraf|47/100\n|-enditem|p2a: Farigiraf|Sitrus Berry|[eat]\n|-heal|p2a: Farigiraf|72/100|[from] item: Sitrus Berry\n|-anim|p1a: Dragapult|Dragon Darts|p2b: Charizard\n|-damage|p2b: Charizard|25/100\n|move|p1b: Tinkaton|Ice Hammer|p2a: Farigiraf\n|-damage|p2a: Farigiraf|46/100\n|-unboost|p1b: Tinkaton|spe|1\n|-heal|p1b: Tinkaton|90/100|[from] item: Shell Bell|[of] p2a: Farigiraf\n|move|p2b: Charizard|Heat Wave|p1a: Dragapult|[spread] p1a,p1b\n|-resisted|p1a: Dragapult|1\n|-supereffective|p1b: Tinkaton|1\n|-damage|p1a: Dragapult|51/100\n|-damage|p1b: Tinkaton|0 fnt\n|faint|p1b: Tinkaton\n|\n|-weather|SunnyDay|[upkeep]\n|-sideend|p2: barbakhanysapin|move: Light Screen\n|upkeep\n|\n|t:|1776634830\n|switch|p1b: Archaludon|Archaludon, L50, M|100/100\n|turn|6\n|\n|t:|1776634853\n|switch|p2a: Whimsicott|Whimsicott, L50, F|100/100\n|move|p1b: Archaludon|Protect|p1b: Archaludon\n|-singleturn|p1b: Archaludon|Protect\n|move|p2b: Charizard|Protect|p2b: Charizard\n|-singleturn|p2b: Charizard|Protect\n|move|p1a: Dragapult|Dragon Darts|p2b: Charizard\n|-immune|p2a: Whimsicott\n|\n|-weather|SunnyDay|[upkeep]\n|-sideend|p1: Jozai|move: Tailwind\n|upkeep\n|turn|7\n|inactive|Jozai has 30 seconds left.\n|inactive|barbakhanysapin has 30 seconds left.\n|inactive|barbakhanysapin has 20 seconds left.\n|inactive|barbakhanysapin has 15 seconds left.\n|-message|Jozai forfeited.\n|\n|win|barbakhanysapin\n|raw|Jozai's rating: 1127 &rarr; <strong>1097</strong><br />(-30 for losing)\n|raw|barbakhanysapin's rating: 1050 &rarr; <strong>1090</strong><br />(+40 for winning)\n|l|\u2606Jozai\n|player|p1|\n",
  "uploadtime": 1776634914,
  "views": 10,
  "formatid": "gen9championsvgc2026regma",
  "rating": 1090,
  "private": 0,
  "password": null
}