{
  "id": "gen9championsvgc2026regma-2582900323",
  "format": "[Gen 9 Champions] VGC 2026 Reg M-A",
  "players": [
    "SavPass9",
    "isidrorf"
  ],
  "log": "|j|\u2606SavPass9\n|j|\u2606isidrorf\n|t:|1776123297\n|gametype|doubles\n|player|p1|SavPass9|266|1167\n|player|p2|isidrorf|265|1074\n|gen|9\n|tier|[Gen 9 Champions] VGC 2026 Reg M-A\n|rated|\n|rule|Species Clause: Limit one of each Pok\u00e9mon\n|rule|Item Clause: Limit 1 of each item\n|clearpoke\n|poke|p1|Incineroar, L50, M|\n|poke|p1|Gengar, L50, M|\n|poke|p1|Sinistcha, L50|\n|poke|p1|Tyranitar, L50, F|\n|poke|p1|Kingambit, L50, F|\n|poke|p1|Kommo-o, L50, F|\n|poke|p2|Charizard, L50, F|\n|poke|p2|Whimsicott, L50, M|\n|poke|p2|Farigiraf, L50, M|\n|poke|p2|Torkoal, L50, F|\n|poke|p2|Sneasler, L50, M|\n|poke|p2|Typhlosion-Hisui, L50, F|\n|teampreview|4\n|\n|t:|1776123309\n|teamsize|p1|4\n|teamsize|p2|4\n|start\n|switch|p1a: Incineroar|Incineroar, L50, M|100/100\n|switch|p1b: Gengar|Gengar, L50, M|100/100\n|switch|p2a: Whimsicott|Whimsicott, L50, M|100/100\n|switch|p2b: Typhlosion|Typhlosion-Hisui, L50, F|100/100\n|-item|p1a: Incineroar|Shuca Berry|[from] ability: Frisk|[of] p2b: Typhlosion\n|-item|p1b: Gengar|Gengarite|[from] ability: Frisk|[of] p2b: Typhlosion\n|-ability|p1a: Incineroar|Intimidate|boost\n|-unboost|p2a: Whimsicott|atk|1\n|-unboost|p2b: Typhlosion|atk|1\n|turn|1\n|inactive|Battle timer is ON: inactive players will automatically lose when time's up. (requested by isidrorf)\n|\n|t:|1776123318\n|detailschange|p1b: Gengar|Gengar-Mega, L50, M\n|-mega|p1b: Gengar|Gengar|Gengarite\n|move|p1a: Incineroar|Fake Out|p2a: Whimsicott\n|-damage|p2a: Whimsicott|84/100\n|cant|p2a: Whimsicott|flinch\n|move|p2b: Typhlosion|Eruption|p1a: Incineroar|[spread] p1a,p1b\n|-resisted|p1a: Incineroar|1\n|-damage|p1a: Incineroar|80/100\n|-damage|p1b: Gengar|28/100\n|move|p1b: Gengar|Shadow Ball|p2b: Typhlosion\n|-supereffective|p2b: Typhlosion|1\n|-damage|p2b: Typhlosion|0 fnt\n|faint|p2b: Typhlosion\n|\n|upkeep\n|\n|t:|1776123337\n|switch|p2b: Sneasler|Sneasler, L50, M|100/100\n|turn|2\n|inactive|isidrorf has 30 seconds left.\n|inactive|isidrorf has 20 seconds left.\n|\n|t:|1776123374\n|move|p1a: Incineroar|Protect|p1a: Incineroar\n|-singleturn|p1a: Incineroar|Protect\n|move|p2a: Whimsicott|Tailwind|p2a: Whimsicott\n|-sidestart|p2: isidrorf|move: Tailwind\n|move|p2b: Sneasler|Close Combat|p1a: Incineroar\n|-activate|p1a: Incineroar|move: Protect\n|move|p1b: Gengar|Perish Song|p1b: Gengar\n|-start|p1a: Incineroar|perish3|[silent]\n|-start|p1b: Gengar|perish3|[silent]\n|-start|p2a: Whimsicott|perish3|[silent]\n|-start|p2b: Sneasler|perish3|[silent]\n|-fieldactivate|move: Perish Song\n|\n|-start|p2a: Whimsicott|perish3\n|-start|p2b: Sneasler|perish3\n|-start|p1b: Gengar|perish3\n|-start|p1a: Incineroar|perish3\n|upkeep\n|turn|3\n|inactive|SavPass9 has 30 seconds left.\n|\n|t:|1776123407\n|move|p1b: Gengar|Protect|p1b: Gengar\n|-singleturn|p1b: Gengar|Protect\n|move|p1a: Incineroar|Protect||[still]\n|-fail|p1a: Incineroar\n|move|p2a: Whimsicott|Moonblast|p1a: Incineroar\n|-damage|p1a: Incineroar|54/100\n|move|p2b: Sneasler|Close Combat|p1a: Incineroar\n|-supereffective|p1a: Incineroar|1\n|-damage|p1a: Incineroar|0 fnt\n|-unboost|p2b: Sneasler|def|1\n|-unboost|p2b: Sneasler|spd|1\n|faint|p1a: Incineroar\n|-enditem|p2b: Sneasler|White Herb\n|-clearnegativeboost|p2b: Sneasler|[silent]\n|\n|-start|p2b: Sneasler|perish2\n|-start|p2a: Whimsicott|perish2\n|-start|p1b: Gengar|perish2\n|upkeep\n|\n|t:|1776123417\n|switch|p1a: Kommo-o|Kommo-o, L50, F|100/100\n|turn|4\n|\n|t:|1776123431\n|switch|p1b: Tyranitar|Tyranitar, L50, F|100/100\n|-weather|Sandstorm|[from] ability: Sand Stream|[of] p1b: Tyranitar\n|move|p1a: Kommo-o|Protect|p1a: Kommo-o\n|-singleturn|p1a: Kommo-o|Protect\n|move|p2b: Sneasler|Throat Chop|p1b: Tyranitar\n|-resisted|p1b: Tyranitar|1\n|-damage|p1b: Tyranitar|86/100\n|-start|p1b: Tyranitar|Throat Chop|[silent]\n|move|p2a: Whimsicott|Moonblast|p1a: Kommo-o\n|-activate|p1a: Kommo-o|move: Protect\n|\n|-weather|Sandstorm|[upkeep]\n|-damage|p2b: Sneasler|95/100|[from] Sandstorm\n|-damage|p2a: Whimsicott|79/100|[from] Sandstorm\n|-damage|p1a: Kommo-o|95/100|[from] Sandstorm\n|-heal|p1a: Kommo-o|100/100|[from] item: Leftovers\n|-start|p2b: Sneasler|perish1\n|-start|p2a: Whimsicott|perish1\n|upkeep\n|turn|5\n|inactive|SavPass9 has 30 seconds left.\n|inactive|isidrorf has 30 seconds left.\n|\n|t:|1776123464\n|switch|p1a: Gengar|Gengar-Mega, L50, M|28/100\n|move|p2a: Whimsicott|Sunny Day|p2a: Whimsicott\n|-weather|SunnyDay\n|move|p2b: Sneasler|Close Combat|p1b: Tyranitar\n|-supereffective|p1b: Tyranitar|2\n|-damage|p1b: Tyranitar|0 fnt\n|-unboost|p2b: Sneasler|def|1\n|-unboost|p2b: Sneasler|spd|1\n|faint|p1b: Tyranitar\n|\n|-weather|SunnyDay|[upkeep]\n|-start|p2b: Sneasler|perish0\n|-start|p2a: Whimsicott|perish0\n|-sideend|p2: isidrorf|move: Tailwind\n|upkeep\n|faint|p2b: Sneasler\n|faint|p2a: Whimsicott\n|inactive|isidrorf has 30 seconds left.\n|inactive|isidrorf has 20 seconds left.\n|\n|t:|1776123501\n|switch|p2b: Torkoal|Torkoal, L50, F|100/100\n|switch|p1b: Kommo-o|Kommo-o, L50, F|100/100\n|turn|6\n|\n|t:|1776123510\n|move|p1a: Gengar|Shadow Ball|p2b: Torkoal\n|-damage|p2b: Torkoal|42/100\n|move|p1b: Kommo-o|Clanging Scales|p2b: Torkoal\n|-damage|p2b: Torkoal|0 fnt\n|faint|p2b: Torkoal\n|\n|win|SavPass9\n|raw|SavPass9's rating: 1167 &rarr; <strong>1185</strong><br />(+18 for winning)\n|raw|isidrorf's rating: 1074 &rarr; <strong>1058</strong><br />(-16 for losing)\n|l|\u2606isidrorf\n|player|p2|\n",
  "uploadtime": 1776123519,
  "views": 18,
  "formatid": "gen9championsvgc2026regma",
  "rating": 1058,
  "private": 0,
  "password": null
}