{
  "id": "gen9championsvgc2026regma-2587992496",
  "format": "[Gen 9 Champions] VGC 2026 Reg M-A",
  "players": [
    "JSK JSR",
    "B. Farro"
  ],
  "log": "|j|\u2606JSK JSR\n|j|\u2606B. Farro\n|t:|1776589923\n|gametype|doubles\n|player|p1|JSK JSR|riley|1072\n|player|p2|B. Farro|ingo|1128\n|gen|9\n|tier|[Gen 9 Champions] VGC 2026 Reg M-A\n|rated|\n|rule|Species Clause: Limit one of each Pok\u00e9mon\n|rule|Item Clause: Limit 1 of each item\n|clearpoke\n|poke|p1|Alakazam, L50, M|\n|poke|p1|Drampa, L50, F|\n|poke|p1|Golurk, L50|\n|poke|p1|Incineroar, L50, F|\n|poke|p1|Oranguru, L50, M|\n|poke|p1|Milotic, L50, F|\n|poke|p2|Glimmora, L50, F|\n|poke|p2|Whimsicott, L50, F|\n|poke|p2|Altaria, L50, F|\n|poke|p2|Talonflame, L50, M|\n|poke|p2|Garchomp, L50, M|\n|poke|p2|Weavile, L50, M|\n|teampreview|4\n|inactive|Battle timer is ON: inactive players will automatically lose when time's up. (requested by JSK JSR)\n|inactive|B. Farro has 60 seconds left.\n|\n|t:|1776589999\n|teamsize|p1|4\n|teamsize|p2|4\n|start\n|switch|p1a: Oranguru|Oranguru, L50, M|100/100\n|switch|p1b: Drampa|Drampa, L50, F|100/100\n|switch|p2a: Weavile|Weavile, L50, M|100/100\n|switch|p2b: Whimsicott|Whimsicott, L50, F|100/100\n|-ability|p2a: Weavile|Pressure\n|-ability|p1b: Drampa|Cloud Nine\n|turn|1\n|\n|t:|1776590021\n|detailschange|p1b: Drampa|Drampa-Mega, L50, F\n|-mega|p1b: Drampa|Drampa|Drampanite\n|move|p2b: Whimsicott|Tailwind|p2b: Whimsicott\n|-sidestart|p2: B. Farro|move: Tailwind\n|move|p2a: Weavile|Knock Off|p1a: Oranguru\n|-supereffective|p1a: Oranguru|1\n|-damage|p1a: Oranguru|12/100\n|-enditem|p1a: Oranguru|Mental Herb|[from] move: Knock Off|[of] p2a: Weavile\n|move|p1b: Drampa|Hyper Voice|p2b: Whimsicott|[spread] p2a\n|-miss|p1b: Drampa|p2b: Whimsicott\n|-damage|p2a: Weavile|41/100\n|move|p1a: Oranguru|Trick Room|p1a: Oranguru\n|-fieldstart|move: Trick Room|[of] p1a: Oranguru\n|\n|upkeep\n|turn|2\n|inactive|B. Farro has 30 seconds left.\n|inactive|B. Farro has 20 seconds left.\n|\n|t:|1776590059\n|move|p1b: Drampa|Hyper Voice|p2b: Whimsicott|[spread] p2a,p2b\n|-crit|p2b: Whimsicott\n|-damage|p2a: Weavile|0 fnt\n|-damage|p2b: Whimsicott|0 fnt\n|faint|p2a: Weavile\n|faint|p2b: Whimsicott\n|move|p1a: Oranguru|Instruct|p1b: Drampa\n|-singleturn|p1b: Drampa|move: Instruct|[of] p1a: Oranguru\n|move|p1b: Drampa|Hyper Voice|p2: Weavile|[notarget]\n|-fail|p1b: Drampa\n|\n|upkeep\n|\n|t:|1776590063\n|switch|p2b: Glimmora|Glimmora, L50, F|100/100\n|switch|p2a: Altaria|Altaria, L50, F|100/100\n|-ability|p2a: Altaria|Cloud Nine\n|turn|3\n|\n|t:|1776590080\n|move|p2b: Glimmora|Spiky Shield|p2b: Glimmora\n|-singleturn|p2b: Glimmora|move: Protect\n|move|p1b: Drampa|Dragon Pulse|p2b: Glimmora\n|-activate|p2b: Glimmora|move: Protect\n|move|p1a: Oranguru|Instruct|p1b: Drampa\n|-singleturn|p1b: Drampa|move: Instruct|[of] p1a: Oranguru\n|move|p1b: Drampa|Dragon Pulse|p2b: Glimmora\n|-activate|p2b: Glimmora|move: Protect\n|move|p2a: Altaria|Ice Beam|p1b: Drampa\n|-supereffective|p1b: Drampa|1\n|-damage|p1b: Drampa|56/100\n|\n|upkeep\n|turn|4\n|inactive|B. Farro has 30 seconds left.\n|\n|t:|1776590114\n|move|p1b: Drampa|Dragon Pulse|p2b: Glimmora\n|-damage|p2b: Glimmora|22/100\n|move|p1a: Oranguru|Instruct|p1b: Drampa\n|-singleturn|p1b: Drampa|move: Instruct|[of] p1a: Oranguru\n|move|p1b: Drampa|Dragon Pulse|p2b: Glimmora\n|-damage|p2b: Glimmora|0 fnt\n|faint|p2b: Glimmora\n|move|p2a: Altaria|Ice Beam|p1b: Drampa\n|-supereffective|p1b: Drampa|1\n|-damage|p1b: Drampa|13/100\n|-ability|p1b: Drampa|Berserk|boost\n|-boost|p1b: Drampa|spa|1\n|\n|-sideend|p2: B. Farro|move: Tailwind\n|upkeep\n|turn|5\n|-message|B. Farro forfeited.\n|\n|win|JSK JSR\n|raw|JSK JSR's rating: 1072 &rarr; <strong>1106</strong><br />(+34 for winning)\n|raw|B. Farro's rating: 1128 &rarr; <strong>1099</strong><br />(-29 for losing)\n",
  "uploadtime": 1776590128,
  "views": 10,
  "formatid": "gen9championsvgc2026regma",
  "rating": 1099,
  "private": 0,
  "password": null
}