{
  "id": "gen9championsvgc2026regma-2582478654",
  "format": "[Gen 9 Champions] VGC 2026 Reg M-A",
  "players": [
    "M0hri",
    "Braute"
  ],
  "log": "|j|\u2606M0hri\n|j|\u2606Braute\n|t:|1776094298\n|gametype|doubles\n|player|p1|M0hri|266|1139\n|player|p2|Braute|miku-fire|1233\n|gen|9\n|tier|[Gen 9 Champions] VGC 2026 Reg M-A\n|rated|\n|rule|Species Clause: Limit one of each Pok\u00e9mon\n|rule|Item Clause: Limit 1 of each item\n|clearpoke\n|poke|p1|Floette-Eternal, L50, F|\n|poke|p1|Delphox, L50, F|\n|poke|p1|Incineroar, L50, M|\n|poke|p1|Aerodactyl, L50, M|\n|poke|p1|Maushold-Four, L50|\n|poke|p1|Garchomp, L50, M|\n|poke|p2|Beedrill, L50, M|\n|poke|p2|Incineroar, L50, M|\n|poke|p2|Talonflame, L50, M|\n|poke|p2|Kingambit, L50, F|\n|poke|p2|Tyranitar, L50, M|\n|poke|p2|Excadrill, L50, M|\n|teampreview|4\n|inactive|Battle timer is ON: inactive players will automatically lose when time's up. (requested by Braute)\n|inactive|M0hri has 60 seconds left.\n|\n|t:|1776094348\n|teamsize|p1|4\n|teamsize|p2|4\n|start\n|switch|p1a: Delphox|Delphox, L50, F|100/100\n|switch|p1b: Maushold|Maushold-Four, L50|100/100\n|switch|p2a: Beedrill|Beedrill, L50, M, shiny|100/100\n|switch|p2b: Kingambit|Kingambit, L50, F, shiny|100/100\n|turn|1\n|inactive|Braute has 30 seconds left.\n|\n|t:|1776094374\n|detailschange|p1a: Delphox|Delphox-Mega, L50, F\n|-mega|p1a: Delphox|Delphox|Delphoxite\n|detailschange|p2a: Beedrill|Beedrill-Mega, L50, M, shiny\n|-mega|p2a: Beedrill|Beedrill|Beedrillite\n|move|p2b: Kingambit|Protect|p2b: Kingambit\n|-singleturn|p2b: Kingambit|Protect\n|move|p1b: Maushold|Follow Me|p1b: Maushold\n|-singleturn|p1b: Maushold|move: Follow Me\n|move|p1a: Delphox|Substitute|p1a: Delphox\n|-start|p1a: Delphox|Substitute\n|-damage|p1a: Delphox|75/100\n|move|p2a: Beedrill|U-turn|p1b: Maushold\n|-damage|p1b: Maushold|24/100\n|\n|t:|1776094389\n|switch|p2a: Talonflame|Talonflame, L50, M|100/100|[from] U-turn\n|\n|upkeep\n|turn|2\n|\n|t:|1776094411\n|switch|p2b: Incineroar|Incineroar, L50, M, shiny|100/100\n|-ability|p2b: Incineroar|Intimidate|boost\n|-immune|p1a: Delphox\n|-unboost|p1b: Maushold|atk|1\n|move|p2a: Talonflame|Dual Wingbeat|p1a: Delphox\n|-activate|p1a: Delphox|move: Substitute|[damage]\n|-end|p1a: Delphox|Substitute\n|-hitcount|p1a: Delphox|2\n|move|p1a: Delphox|Heat Wave|p2a: Talonflame|[spread] p2a,p2b\n|-resisted|p2a: Talonflame|1\n|-resisted|p2b: Incineroar|1\n|-damage|p2a: Talonflame|68/100\n|-damage|p2b: Incineroar|83/100\n|move|p1b: Maushold|Super Fang|p2a: Talonflame\n|-damage|p2a: Talonflame|34/100\n|\n|upkeep\n|turn|3\n|inactive|Braute has 30 seconds left.\n|\n|t:|1776094437\n|switch|p1b: Garchomp|Garchomp, L50, M, shiny|100/100\n|move|p1a: Delphox|Protect|p1a: Delphox\n|-singleturn|p1a: Delphox|Protect\n|move|p2b: Incineroar|Fake Out|p1a: Delphox\n|-activate|p1a: Delphox|move: Protect\n|move|p2a: Talonflame|Tailwind|p2a: Talonflame\n|-sidestart|p2: Braute|move: Tailwind\n|\n|upkeep\n|turn|4\n|inactive|M0hri has 30 seconds left.\n|\n|t:|1776094466\n|move|p2a: Talonflame|Dual Wingbeat|p1b: Garchomp\n|-damage|p1b: Garchomp|84/100\n|-damage|p2a: Talonflame|22/100|[from] ability: Rough Skin|[of] p1b: Garchomp\n|-damage|p1b: Garchomp|66/100\n|-damage|p2a: Talonflame|10/100|[from] ability: Rough Skin|[of] p1b: Garchomp\n|-hitcount|p1b: Garchomp|2\n|move|p1a: Delphox|Heat Wave|p2a: Talonflame|[spread] p2a,p2b\n|-resisted|p2a: Talonflame|1\n|-resisted|p2b: Incineroar|1\n|-damage|p2a: Talonflame|0 fnt\n|-damage|p2b: Incineroar|65/100\n|faint|p2a: Talonflame\n|move|p2b: Incineroar|Darkest Lariat|p1a: Delphox\n|-supereffective|p1a: Delphox|1\n|-damage|p1a: Delphox|0 fnt\n|faint|p1a: Delphox\n|move|p1b: Garchomp|Earthquake|p2b: Incineroar\n|-supereffective|p2b: Incineroar|1\n|-damage|p2b: Incineroar|0 fnt\n|faint|p2b: Incineroar\n|\n|upkeep\n|\n|t:|1776094485\n|switch|p1a: Incineroar|Incineroar, L50, M, shiny|100/100\n|switch|p2a: Beedrill|Beedrill-Mega, L50, M, shiny|100/100\n|switch|p2b: Kingambit|Kingambit, L50, F, shiny|100/100\n|-ability|p1a: Incineroar|Intimidate|boost\n|-unboost|p2a: Beedrill|atk|1\n|-unboost|p2b: Kingambit|atk|1\n|-ability|p2b: Kingambit|Defiant|boost\n|-boost|p2b: Kingambit|atk|2\n|turn|5\n|\n|t:|1776094502\n|move|p2a: Beedrill|Protect|p2a: Beedrill\n|-singleturn|p2a: Beedrill|Protect\n|move|p2b: Kingambit|Protect|p2b: Kingambit\n|-singleturn|p2b: Kingambit|Protect\n|move|p1a: Incineroar|Fake Out|p2a: Beedrill\n|-activate|p2a: Beedrill|move: Protect\n|move|p1b: Garchomp|Earthquake|p2a: Beedrill|[spread] p1a\n|-activate|p2a: Beedrill|move: Protect\n|-activate|p2b: Kingambit|move: Protect\n|-supereffective|p1a: Incineroar|1\n|-damage|p1a: Incineroar|25/100\n|-enditem|p1a: Incineroar|Sitrus Berry|[eat]\n|-heal|p1a: Incineroar|50/100|[from] item: Sitrus Berry\n|\n|upkeep\n|turn|6\n|inactive|Braute has 30 seconds left.\n|\n|t:|1776094532\n|move|p2b: Kingambit|Sucker Punch|p1b: Garchomp\n|-damage|p1b: Garchomp|0 fnt\n|-damage|p2b: Kingambit|88/100|[from] ability: Rough Skin|[of] p1b: Garchomp\n|faint|p1b: Garchomp\n|move|p2a: Beedrill|Lunge|p1a: Incineroar\n|-damage|p1a: Incineroar|10/100\n|-unboost|p1a: Incineroar|atk|1\n|move|p1a: Incineroar|Parting Shot|p2a: Beedrill\n|-unboost|p2a: Beedrill|atk|1\n|-unboost|p2a: Beedrill|spa|1\n|-message|M0hri forfeited.\n|\n|win|Braute\n|raw|M0hri's rating: 1139 &rarr; <strong>1121</strong><br />(-18 for losing)\n|raw|Braute's rating: 1233 &rarr; <strong>1251</strong><br />(+18 for winning)\n",
  "uploadtime": 1776094537,
  "views": 39,
  "formatid": "gen9championsvgc2026regma",
  "rating": 1121,
  "private": 0,
  "password": null
}