{
  "id": "gen9championsvgc2026regma-2588192694",
  "format": "[Gen 9 Champions] VGC 2026 Reg M-A",
  "players": [
    "Geagle2",
    "StrengPengu"
  ],
  "log": "|j|\u2606Geagle2\n|j|\u2606StrengPengu\n|t:|1776613144\n|gametype|doubles\n|player|p1|Geagle2|101|1031\n|player|p2|StrengPengu|ivor|1116\n|gen|9\n|tier|[Gen 9 Champions] VGC 2026 Reg M-A\n|rated|\n|rule|Species Clause: Limit one of each Pok\u00e9mon\n|rule|Item Clause: Limit 1 of each item\n|clearpoke\n|poke|p1|Incineroar, L50, F|\n|poke|p1|Sneasler, L50, M|\n|poke|p1|Pelipper, L50, F|\n|poke|p1|Archaludon, L50, M|\n|poke|p1|Meganium, L50, M|\n|poke|p1|Basculegion, L50, M|\n|poke|p2|Torkoal, L50, M|\n|poke|p2|Farigiraf, L50, M|\n|poke|p2|Gardevoir, L50, F|\n|poke|p2|Golurk, L50|\n|poke|p2|Kingambit, L50, F|\n|poke|p2|Sneasler, L50, M|\n|teampreview|4\n|inactive|Battle timer is ON: inactive players will automatically lose when time's up. (requested by Geagle2)\n|inactive|StrengPengu has 60 seconds left.\n|\n|t:|1776613199\n|teamsize|p1|4\n|teamsize|p2|4\n|start\n|switch|p1a: Archaludon|Archaludon, L50, M|100/100\n|switch|p1b: Pelipper|Pelipper, L50, F|100/100\n|switch|p2a: Farigiraf|Farigiraf, L50, M|100/100\n|switch|p2b: Kingambit|Kingambit, L50, F|100/100\n|turn|1\n|inactive|Geagle2 has 30 seconds left.\n|inactive|Geagle2 has 20 seconds left.\n|inactive|Geagle2 has 15 seconds left.\n|inactive|Geagle2 has 10 seconds left.\n|inactive|Geagle2 has 5 seconds left.\n|\n|t:|1776613254\n|move|p1b: Pelipper|Hurricane|p2a: Farigiraf\n|-damage|p2a: Farigiraf|54/100\n|move|p1a: Archaludon|Draco Meteor|p2b: Kingambit\n|-resisted|p2b: Kingambit|1\n|-damage|p2b: Kingambit|64/100\n|-unboost|p1a: Archaludon|spa|2\n|move|p2b: Kingambit|Low Kick|p1a: Archaludon\n|-supereffective|p1a: Archaludon|1\n|-damage|p1a: Archaludon|58/100\n|-ability|p1a: Archaludon|Stamina|boost\n|-boost|p1a: Archaludon|def|1\n|move|p2a: Farigiraf|Trick Room|p2a: Farigiraf\n|-fieldstart|move: Trick Room|[of] p2a: Farigiraf\n|\n|-heal|p1a: Archaludon|64/100|[from] item: Leftovers\n|upkeep\n|turn|2\n|\n|t:|1776613274\n|move|p2b: Kingambit|Low Kick|p1a: Archaludon\n|-supereffective|p1a: Archaludon|1\n|-damage|p1a: Archaludon|29/100\n|-ability|p1a: Archaludon|Stamina|boost\n|-boost|p1a: Archaludon|def|1\n|move|p2a: Farigiraf|Hyper Voice|p1b: Pelipper|[spread] p1a,p1b\n|-resisted|p1a: Archaludon|1\n|-damage|p1a: Archaludon|11/100\n|-damage|p1b: Pelipper|50/100\n|-ability|p1a: Archaludon|Stamina|boost\n|-boost|p1a: Archaludon|def|1\n|move|p1a: Archaludon|Flash Cannon|p2a: Farigiraf\n|-damage|p2a: Farigiraf|34/100\n|-enditem|p2a: Farigiraf|Sitrus Berry|[eat]\n|-heal|p2a: Farigiraf|58/100|[from] item: Sitrus Berry\n|move|p1b: Pelipper|Hurricane|p2a: Farigiraf\n|-damage|p2a: Farigiraf|14/100\n|-start|p2a: Farigiraf|confusion\n|\n|-heal|p1a: Archaludon|17/100|[from] item: Leftovers\n|upkeep\n|turn|3\n|\n|t:|1776613293\n|move|p1b: Pelipper|Wide Guard|p1b: Pelipper\n|-singleturn|p1b: Pelipper|Wide Guard\n|move|p2b: Kingambit|Low Kick|p1a: Archaludon\n|-supereffective|p1a: Archaludon|1\n|-damage|p1a: Archaludon|0 fnt\n|faint|p1a: Archaludon\n|-activate|p2a: Farigiraf|confusion\n|move|p2a: Farigiraf|Twin Beam|p1b: Pelipper\n|-damage|p1b: Pelipper|17/100\n|-damage|p1b: Pelipper|0 fnt\n|faint|p1b: Pelipper\n|-hitcount|p1: Pelipper|2\n|\n|upkeep\n|\n|t:|1776613302\n|switch|p1a: Meganium|Meganium, L50, M|100/100\n|switch|p1b: Basculegion|Basculegion, L50, M|100/100\n|turn|4\n|inactive|StrengPengu has 30 seconds left.\n|inactive|StrengPengu has 20 seconds left.\n|\n|t:|1776613338\n|move|p1a: Meganium|Protect|p1a: Meganium\n|-singleturn|p1a: Meganium|Protect\n|move|p1b: Basculegion|Protect|p1b: Basculegion\n|-singleturn|p1b: Basculegion|Protect\n|move|p2b: Kingambit|Sucker Punch||[still]\n|-fail|p2b: Kingambit\n|-activate|p2a: Farigiraf|confusion\n|move|p2a: Farigiraf|Twin Beam|p1a: Meganium\n|-activate|p1a: Meganium|move: Protect\n|\n|upkeep\n|turn|5\n|\n|t:|1776613348\n|detailschange|p1a: Meganium|Meganium-Mega, L50, M\n|-mega|p1a: Meganium|Meganium|Meganiumite\n|move|p2b: Kingambit|Sucker Punch|p1b: Basculegion\n|-supereffective|p1b: Basculegion|1\n|-damage|p1b: Basculegion|0 fnt\n|faint|p1b: Basculegion\n|-activate|p2a: Farigiraf|confusion\n|move|p2a: Farigiraf|Twin Beam|p1a: Meganium\n|-damage|p1a: Meganium|86/100\n|-damage|p1a: Meganium|71/100\n|-hitcount|p1a: Meganium|2\n|move|p1a: Meganium|Dazzling Gleam|p2a: Farigiraf|[spread] p2a,p2b\n|-damage|p2a: Farigiraf|0 fnt\n|-damage|p2b: Kingambit|30/100\n|faint|p2a: Farigiraf\n|\n|-fieldend|move: Trick Room\n|upkeep\n|\n|t:|1776613364\n|switch|p2a: Torkoal|Torkoal, L50, M|100/100\n|-weather|SunnyDay|[from] ability: Drought|[of] p2a: Torkoal\n|turn|6\n|inactive|Geagle2 has 30 seconds left.\n|inactive|Geagle2 has 20 seconds left.\n|inactive|Geagle2 has 15 seconds left.\n|inactive|Geagle2 has 10 seconds left.\n|inactive|Geagle2 has 5 seconds left.\n|\n|t:|1776613419\n|move|p1a: Meganium|Solar Beam||[still]\n|-prepare|p1a: Meganium|Solar Beam\n|-anim|p1a: Meganium|Solar Beam|p2b: Kingambit\n|-resisted|p2b: Kingambit|1\n|-damage|p2b: Kingambit|0 fnt\n|faint|p2b: Kingambit\n|move|p2a: Torkoal|Weather Ball|p1a: Meganium\n|-supereffective|p1a: Meganium|1\n|-damage|p1a: Meganium|0 fnt\n|faint|p1a: Meganium\n|\n|win|StrengPengu\n|raw|Geagle2's rating: 1031 &rarr; <strong>1020</strong><br />(-11 for losing)\n|raw|StrengPengu's rating: 1116 &rarr; <strong>1135</strong><br />(+19 for winning)\n",
  "uploadtime": 1776613426,
  "views": 10,
  "formatid": "gen9championsvgc2026regma",
  "rating": 1020,
  "private": 0,
  "password": null
}