{
  "id": "gen9championsvgc2026regma-2584790696",
  "format": "[Gen 9 Champions] VGC 2026 Reg M-A",
  "players": [
    "jyotsha",
    "Nomad3929"
  ],
  "log": "|j|\u2606jyotsha\n|j|\u2606Nomad3929\n|t:|1776283881\n|gametype|doubles\n|player|p1|jyotsha|101|1278\n|player|p2|Nomad3929|101|1377\n|gen|9\n|tier|[Gen 9 Champions] VGC 2026 Reg M-A\n|rated|\n|rule|Species Clause: Limit one of each Pok\u00e9mon\n|rule|Item Clause: Limit 1 of each item\n|clearpoke\n|poke|p1|Floette-Eternal, L50, F|\n|poke|p1|Sinistcha, L50|\n|poke|p1|Sableye, L50, F|\n|poke|p1|Aegislash, L50, F|\n|poke|p1|Charizard, L50, M|\n|poke|p1|Incineroar, L50, F|\n|poke|p2|Blastoise, L50, F|\n|poke|p2|Pelipper, L50, M|\n|poke|p2|Sinistcha, L50|\n|poke|p2|Sneasler, L50, M|\n|poke|p2|Garchomp, L50, M|\n|poke|p2|Kingambit, L50, F|\n|teampreview|4\n|inactive|Battle timer is ON: inactive players will automatically lose when time's up. (requested by Nomad3929)\n|inactive|jyotsha has 60 seconds left.\n|inactive|Nomad3929 has 60 seconds left.\n|\n|t:|1776283924\n|teamsize|p1|4\n|teamsize|p2|4\n|start\n|switch|p1a: Charizard|Charizard, L50, M|100/100\n|switch|p1b: Sableye|Sableye, L50, F|100/100\n|switch|p2a: Sneasler|Sneasler, L50, M|100/100\n|switch|p2b: Pelipper|Pelipper, L50, M|100/100\n|-weather|RainDance|[from] ability: Drizzle|[of] p2b: Pelipper\n|turn|1\n|\n|t:|1776283942\n|switch|p2b: Garchomp|Garchomp, L50, M|100/100\n|move|p1a: Charizard|Protect|p1a: Charizard\n|-singleturn|p1a: Charizard|Protect\n|move|p1b: Sableye|Will-O-Wisp|p2a: Sneasler\n|-status|p2a: Sneasler|brn\n|move|p2a: Sneasler|Dire Claw|p1b: Sableye\n|-resisted|p1b: Sableye|1\n|-damage|p1b: Sableye|88/100\n|\n|-weather|RainDance|[upkeep]\n|-damage|p2a: Sneasler|95/100 brn|[from] brn\n|upkeep\n|turn|2\n|\n|t:|1776283962\n|detailschange|p1a: Charizard|Charizard-Mega-X, L50, M\n|-mega|p1a: Charizard|Charizard|Charizardite X\n|move|p2b: Garchomp|Protect|p2b: Garchomp\n|-singleturn|p2b: Garchomp|Protect\n|move|p1b: Sableye|Will-O-Wisp|p2b: Garchomp\n|-activate|p2b: Garchomp|move: Protect\n|move|p2a: Sneasler|Rock Slide|p1b: Sableye|[spread] p1a,p1b\n|-supereffective|p1a: Charizard|1\n|-damage|p1a: Charizard|85/100\n|-damage|p1b: Sableye|77/100\n|cant|p1a: Charizard|flinch\n|\n|-weather|RainDance|[upkeep]\n|-damage|p2a: Sneasler|89/100 brn|[from] brn\n|upkeep\n|turn|3\n|inactive|Nomad3929 has 30 seconds left.\n|\n|t:|1776283991\n|switch|p2b: Pelipper|Pelipper, L50, M|100/100\n|move|p1a: Charizard|Protect|p1a: Charizard\n|-singleturn|p1a: Charizard|Protect\n|move|p1b: Sableye|Will-O-Wisp|p2b: Pelipper\n|-status|p2b: Pelipper|brn\n|move|p2a: Sneasler|Dire Claw|p1a: Charizard\n|-activate|p1a: Charizard|move: Protect\n|\n|-weather|RainDance|[upkeep]\n|-damage|p2a: Sneasler|83/100 brn|[from] brn\n|-damage|p2b: Pelipper|95/100 brn|[from] brn\n|upkeep\n|turn|4\n|\n|t:|1776284006\n|move|p1b: Sableye|Light Screen|p1b: Sableye\n|-sidestart|p1: jyotsha|move: Light Screen\n|move|p2a: Sneasler|Dire Claw|p1a: Charizard\n|-damage|p1a: Charizard|66/100\n|-status|p1a: Charizard|psn\n|move|p1a: Charizard|Dragon Dance|p1a: Charizard\n|-boost|p1a: Charizard|atk|1\n|-boost|p1a: Charizard|spe|1\n|move|p2b: Pelipper|Weather Ball|p1b: Sableye|[miss]\n|-miss|p2b: Pelipper|p1b: Sableye\n|\n|-weather|RainDance|[upkeep]\n|-damage|p1a: Charizard|54/100 psn|[from] psn\n|-damage|p2a: Sneasler|77/100 brn|[from] brn\n|-damage|p2b: Pelipper|89/100 brn|[from] brn\n|upkeep\n|turn|5\n|\n|t:|1776284030\n|switch|p1b: Sinistcha|Sinistcha, L50|100/100\n|-heal|p1a: Charizard|79/100 psn|[from] ability: Hospitality|[of] p1b: Sinistcha\n|move|p1a: Charizard|Dragon Claw|p2b: Pelipper\n|-crit|p2b: Pelipper\n|-damage|p2b: Pelipper|0 fnt\n|faint|p2b: Pelipper\n|move|p2a: Sneasler|Dire Claw|p1b: Sinistcha\n|-damage|p1b: Sinistcha|80/100\n|-status|p1b: Sinistcha|psn|[from] ability: Poison Touch|[of] p2a: Sneasler\n|\n|-weather|none\n|-damage|p1a: Charizard|66/100 psn|[from] psn\n|-damage|p1b: Sinistcha|67/100 psn|[from] psn\n|-damage|p2a: Sneasler|72/100 brn|[from] brn\n|upkeep\n|\n|t:|1776284035\n|switch|p2b: Garchomp|Garchomp, L50, M|100/100\n|turn|6\n|-message|Nomad3929 forfeited.\n|\n|win|jyotsha\n|raw|jyotsha's rating: 1278 &rarr; <strong>1310</strong><br />(+32 for winning)\n|raw|Nomad3929's rating: 1377 &rarr; <strong>1351</strong><br />(-26 for losing)\n",
  "uploadtime": 1776284042,
  "views": 41,
  "formatid": "gen9championsvgc2026regma",
  "rating": 1310,
  "private": 0,
  "password": null
}