{
  "id": "gen9championsvgc2026regma-2582095446",
  "format": "[Gen 9 Champions] VGC 2026 Reg M-A",
  "players": [
    "trytrytryfafafaf",
    "VerySpethal"
  ],
  "log": "|j|\u2606trytrytryfafafaf\n|j|\u2606VerySpethal\n|t:|1776057271\n|gametype|doubles\n|player|p1|trytrytryfafafaf|beauty-gen1rb|1108\n|player|p2|VerySpethal|101|1148\n|gen|9\n|tier|[Gen 9 Champions] VGC 2026 Reg M-A\n|rated|\n|rule|Species Clause: Limit one of each Pok\u00e9mon\n|rule|Item Clause: Limit 1 of each item\n|clearpoke\n|poke|p1|Hawlucha, L50, M|\n|poke|p1|Tyranitar, L50, M|\n|poke|p1|Weavile, L50, F|\n|poke|p1|Whimsicott, L50, M|\n|poke|p1|Excadrill, L50, M|\n|poke|p1|Kingambit, L50, M|\n|poke|p2|Charizard, L50, F|\n|poke|p2|Sneasler, L50, M|\n|poke|p2|Garchomp, L50, F|\n|poke|p2|Venusaur, L50, M|\n|poke|p2|Incineroar, L50, F|\n|poke|p2|Rotom-Wash, L50|\n|teampreview|4\ntrytrytryfafafaf rejected open team sheets.\n|inactive|Battle timer is ON: inactive players will automatically lose when time's up. (requested by trytrytryfafafaf)\n|inactive|VerySpethal has 60 seconds left.\n|\n|t:|1776057331\n|teamsize|p1|4\n|teamsize|p2|4\n|start\n|switch|p1a: Hawlucha|Hawlucha, L50, M|100/100\n|switch|p1b: Excadrill|Excadrill, L50, M|100/100\n|switch|p2a: Garchomp|Garchomp, L50, F|100/100\n|switch|p2b: Incineroar|Incineroar, L50, F|100/100\n|-ability|p1b: Excadrill|Mold Breaker\n|-ability|p2b: Incineroar|Intimidate|boost\n|-unboost|p1a: Hawlucha|atk|1\n|-unboost|p1b: Excadrill|atk|1\n|turn|1\n|inactive|VerySpethal has 30 seconds left.\n|\n|t:|1776057361\n|move|p1a: Hawlucha|Protect|p1a: Hawlucha\n|-singleturn|p1a: Hawlucha|Protect\n|move|p1b: Excadrill|Protect|p1b: Excadrill\n|-singleturn|p1b: Excadrill|Protect\n|move|p2b: Incineroar|Fake Out|p1a: Hawlucha\n|-activate|p1a: Hawlucha|move: Protect\n|move|p2a: Garchomp|Rock Slide|p1a: Hawlucha|[spread] \n|-activate|p1a: Hawlucha|move: Protect\n|-activate|p1b: Excadrill|move: Protect\n|\n|upkeep\n|turn|2\n|\n|t:|1776057376\n|detailschange|p1a: Hawlucha|Hawlucha-Mega, L50, M\n|-mega|p1a: Hawlucha|Hawlucha|Hawluchanite\n|move|p2a: Garchomp|Rock Slide|p1a: Hawlucha|[spread] p1a,p1b\n|-resisted|p1b: Excadrill|2\n|-damage|p1a: Hawlucha|80/100\n|-damage|p1b: Excadrill|94/100\n|move|p1a: Hawlucha|Entrainment|p1b: Excadrill\n|-ability|p1b: Excadrill|No Guard|Mold Breaker|[from] move: Entrainment|[of] p1a: Hawlucha\n|move|p1b: Excadrill|Fissure|p2b: Incineroar\n|-damage|p2b: Incineroar|0 fnt\n|faint|p2b: Incineroar\n|-ohko\n|\n|upkeep\n|\n|t:|1776057389\n|switch|p2b: Sneasler|Sneasler, L50, M|100/100\n|turn|3\n|c|\u2606VerySpethal|rip no flinch\n|inactive|VerySpethal has 30 seconds left.\n|\n|t:|1776057414\n|move|p1b: Excadrill|Protect|p1b: Excadrill\n|-singleturn|p1b: Excadrill|Protect\n|move|p2a: Garchomp|Rock Slide|p1b: Excadrill|[spread] p1a\n|-activate|p1b: Excadrill|move: Protect\n|-damage|p1a: Hawlucha|60/100\n|move|p2b: Sneasler|Close Combat|p1b: Excadrill\n|-activate|p1b: Excadrill|move: Protect\n|move|p1a: Hawlucha|Brave Bird|p2b: Sneasler\n|-supereffective|p2b: Sneasler|1\n|-damage|p2b: Sneasler|0 fnt\n|faint|p2b: Sneasler\n|-damage|p1a: Hawlucha|32/100|[from] Recoil\n|\n|upkeep\n|\n|t:|1776057417\n|switch|p2b: Rotom|Rotom-Wash, L50|100/100\n|turn|4\n|c|\u2606VerySpethal|wtb a flinch?\n|inactive|trytrytryfafafaf has 30 seconds left.\n|\n|t:|1776057443\n|move|p1a: Hawlucha|Protect|p1a: Hawlucha\n|-singleturn|p1a: Hawlucha|Protect\n|move|p2a: Garchomp|Rock Slide|p1a: Hawlucha|[spread] p1b\n|-activate|p1a: Hawlucha|move: Protect\n|-resisted|p1b: Excadrill|2\n|-damage|p1b: Excadrill|88/100\n|move|p1b: Excadrill|Horn Drill|p2b: Rotom\n|-damage|p2b: Rotom|0 fnt\n|faint|p2b: Rotom\n|-ohko\n|\n|upkeep\n|turn|5\n|c|\u2606VerySpethal|bruh\n|-message|VerySpethal forfeited.\n|\n|win|trytrytryfafafaf\n|raw|trytrytryfafafaf's rating: 1108 &rarr; <strong>1136</strong><br />(+28 for winning)\n|raw|VerySpethal's rating: 1148 &rarr; <strong>1120</strong><br />(-28 for losing)\n|l|\u2606VerySpethal\n|player|p2|\n",
  "uploadtime": 1776057466,
  "views": 14,
  "formatid": "gen9championsvgc2026regma",
  "rating": 1120,
  "private": 0,
  "password": null
}