{
  "id": "gen9championsvgc2026regma-2583529278",
  "format": "[Gen 9 Champions] VGC 2026 Reg M-A",
  "players": [
    "pakooo",
    "LeParth"
  ],
  "log": "|j|\u2606pakooo\n|j|\u2606LeParth\n|t:|1776181401\n|gametype|doubles\n|player|p1|pakooo|170|1040\n|player|p2|LeParth|266|1084\n|gen|9\n|tier|[Gen 9 Champions] VGC 2026 Reg M-A\n|rated|\n|rule|Species Clause: Limit one of each Pok\u00e9mon\n|rule|Item Clause: Limit 1 of each item\n|clearpoke\n|poke|p1|Aggron, L50, M|\n|poke|p1|Sinistcha, L50|\n|poke|p1|Incineroar, L50, M|\n|poke|p1|Politoed, L50, M|\n|poke|p1|Farigiraf, L50, F|\n|poke|p1|Garganacl, L50, F|\n|poke|p2|Whimsicott, L50, M|\n|poke|p2|Typhlosion-Hisui, L50, M|\n|poke|p2|Sneasler, L50, F|\n|poke|p2|Charizard, L50, F|\n|poke|p2|Garchomp, L50, M|\n|poke|p2|Gardevoir, L50, M|\n|teampreview|4\n|\n|t:|1776181428\n|teamsize|p1|4\n|teamsize|p2|4\n|start\n|switch|p1a: Sinistcha|Sinistcha, L50|100/100\n|switch|p1b: Incineroar|Incineroar, L50, M|100/100\n|switch|p2a: Whimsicott|Whimsicott, L50, M|100/100\n|switch|p2b: Charizard|Charizard, L50, F|100/100\n|-ability|p1b: Incineroar|Intimidate|boost\n|-unboost|p2a: Whimsicott|atk|1\n|-unboost|p2b: Charizard|atk|1\n|turn|1\n|\n|t:|1776181481\n|detailschange|p2b: Charizard|Charizard-Mega-Y, L50, F\n|-mega|p2b: Charizard|Charizard|Charizardite Y\n|-weather|SunnyDay|[from] ability: Drought|[of] p2b: Charizard\n|move|p1b: Incineroar|Fake Out|p2b: Charizard\n|-damage|p2b: Charizard|82/100\n|move|p2a: Whimsicott|Tailwind|p2a: Whimsicott\n|-sidestart|p2: LeParth|move: Tailwind\n|cant|p2b: Charizard|flinch\n|move|p1a: Sinistcha|Trick Room|p1a: Sinistcha\n|-fieldstart|move: Trick Room|[of] p1a: Sinistcha\n|\n|-weather|SunnyDay|[upkeep]\n|upkeep\n|turn|2\n|inactive|Battle timer is ON: inactive players will automatically lose when time's up. (requested by pakooo)\n|\n|t:|1776181501\n|switch|p1a: Politoed|Politoed, L50, M|100/100\n|-weather|RainDance|[from] ability: Drizzle|[of] p1a: Politoed\n|move|p1b: Incineroar|Parting Shot|p2b: Charizard\n|-unboost|p2b: Charizard|atk|1\n|-unboost|p2b: Charizard|spa|1\n|\n|t:|1776181514\n|switch|p1b: Sinistcha|Sinistcha, L50|100/100|[from] Parting Shot\n|move|p2b: Charizard|Heat Wave|p1a: Politoed|[spread] p1b\n|-miss|p2b: Charizard|p1a: Politoed\n|-supereffective|p1b: Sinistcha|1\n|-damage|p1b: Sinistcha|74/100\n|move|p2a: Whimsicott|Moonblast|p1b: Sinistcha\n|-damage|p1b: Sinistcha|38/100\n|\n|-weather|RainDance|[upkeep]\n|-heal|p1b: Sinistcha|44/100|[from] item: Leftovers\n|upkeep\n|turn|3\n|inactive|pakooo has 30 seconds left.\n|inactive|LeParth has 30 seconds left.\n|\n|t:|1776181547\n|move|p2a: Whimsicott|Sunny Day|p2a: Whimsicott\n|-weather|SunnyDay\n|move|p1b: Sinistcha|Strength Sap|p2b: Charizard\n|-unboost|p2b: Charizard|atk|1\n|-heal|p1b: Sinistcha|75/100\n|move|p1a: Politoed|Muddy Water|p2b: Charizard|[spread] p2a,p2b\n|-resisted|p2a: Whimsicott|1\n|-supereffective|p2b: Charizard|1\n|-damage|p2a: Whimsicott|86/100\n|-damage|p2b: Charizard|47/100\n|move|p2b: Charizard|Heat Wave|p1a: Politoed|[spread] p1a,p1b\n|-resisted|p1a: Politoed|1\n|-supereffective|p1b: Sinistcha|1\n|-damage|p1a: Politoed|81/100\n|-damage|p1b: Sinistcha|0 fnt\n|faint|p1b: Sinistcha\n|\n|-weather|SunnyDay|[upkeep]\n|upkeep\n|\n|t:|1776181554\n|switch|p1b: Incineroar|Incineroar, L50, M|100/100\n|-ability|p1b: Incineroar|Intimidate|boost\n|-unboost|p2a: Whimsicott|atk|1\n|-unboost|p2b: Charizard|atk|1\n|turn|4\n|\n|t:|1776181581\n|move|p2a: Whimsicott|Protect|p2a: Whimsicott\n|-singleturn|p2a: Whimsicott|Protect\n|move|p1b: Incineroar|Fake Out|p2b: Charizard\n|-damage|p2b: Charizard|30/100\n|move|p1a: Politoed|Ice Beam|p2a: Whimsicott\n|-activate|p2a: Whimsicott|move: Protect\n|cant|p2b: Charizard|flinch\n|\n|-weather|SunnyDay|[upkeep]\n|-sideend|p2: LeParth|move: Tailwind\n|upkeep\n|turn|5\n|\n|t:|1776181606\n|switch|p2b: Sneasler|Sneasler, L50, F|100/100\n|move|p2a: Whimsicott|Tailwind|p2a: Whimsicott\n|-sidestart|p2: LeParth|move: Tailwind\n|move|p1b: Incineroar|Throat Chop|p2b: Sneasler\n|-resisted|p2b: Sneasler|1\n|-damage|p2b: Sneasler|68/100\n|-start|p2b: Sneasler|Throat Chop|[silent]\n|move|p1a: Politoed|Weather Ball|p2a: Whimsicott\n|-supereffective|p2a: Whimsicott|1\n|-damage|p2a: Whimsicott|0 fnt\n|faint|p2a: Whimsicott\n|\n|-weather|SunnyDay|[upkeep]\n|-fieldend|move: Trick Room\n|upkeep\n|\n|t:|1776181622\n|switch|p2a: Charizard|Charizard-Mega-Y, L50, F|30/100\n|turn|6\n|\n|t:|1776181636\n|switch|p1a: Aggron|Aggron, L50, M, shiny|100/100\n|move|p2b: Sneasler|Fake Out|p1b: Incineroar\n|-damage|p1b: Incineroar|87/100\n|move|p2a: Charizard|Solar Beam||[still]\n|-prepare|p2a: Charizard|Solar Beam\n|-anim|p2a: Charizard|Solar Beam|p1a: Aggron\n|-damage|p1a: Aggron|50/100\n|cant|p1b: Incineroar|flinch\n|\n|-weather|SunnyDay|[upkeep]\n|-end|p2b: Sneasler|Throat Chop|[silent]\n|upkeep\n|turn|7\n|inactive|LeParth has 30 seconds left.\n|\n|t:|1776181663\n|switch|p2a: Garchomp|Garchomp, L50, M|100/100\n|switch|p1b: Politoed|Politoed, L50, M|81/100\n|-weather|RainDance|[from] ability: Drizzle|[of] p1b: Politoed\n|detailschange|p1a: Aggron|Aggron-Mega, L50, M, shiny\n|-mega|p1a: Aggron|Aggron|Aggronite\n|move|p1a: Aggron|Protect|p1a: Aggron\n|-singleturn|p1a: Aggron|Protect\n|move|p2b: Sneasler|Close Combat|p1b: Politoed\n|-damage|p1b: Politoed|5/100\n|-unboost|p2b: Sneasler|def|1\n|-unboost|p2b: Sneasler|spd|1\n|-enditem|p2b: Sneasler|White Herb\n|-clearnegativeboost|p2b: Sneasler|[silent]\n|\n|-weather|RainDance|[upkeep]\n|upkeep\n|turn|8\n|\n|t:|1776181691\n|switch|p2b: Charizard|Charizard-Mega-Y, L50, F|30/100\n|-weather|SunnyDay|[from] ability: Drought|[of] p2b: Charizard\n|switch|p1b: Incineroar|Incineroar, L50, M|87/100\n|-ability|p1b: Incineroar|Intimidate|boost\n|-unboost|p2a: Garchomp|atk|1\n|-unboost|p2b: Charizard|atk|1\n|move|p2a: Garchomp|Earthquake|p1b: Incineroar|[spread] p1a,p1b\n|-immune|p2b: Charizard\n|-supereffective|p1a: Aggron|1\n|-supereffective|p1b: Incineroar|1\n|-damage|p1a: Aggron|32/100\n|-damage|p1b: Incineroar|39/100\n|-enditem|p1b: Incineroar|Sitrus Berry|[eat]\n|-heal|p1b: Incineroar|63/100|[from] item: Sitrus Berry\n|move|p1a: Aggron|Body Press|p2a: Garchomp\n|-damage|p2a: Garchomp|61/100\n|-damage|p1a: Aggron|19/100|[from] ability: Rough Skin|[of] p2a: Garchomp\n|\n|-weather|SunnyDay|[upkeep]\n|-sideend|p2: LeParth|move: Tailwind\n|upkeep\n|turn|9\n|inactive|LeParth has 30 seconds left.\n|\n|t:|1776181725\n|switch|p2a: Sneasler|Sneasler, L50, F|68/100\n|switch|p1a: Politoed|Politoed, L50, M|5/100\n|-weather|RainDance|[from] ability: Drizzle|[of] p1a: Politoed\n|move|p2b: Charizard|Protect|p2b: Charizard\n|-singleturn|p2b: Charizard|Protect\n|move|p1b: Incineroar|Fake Out|p2a: Sneasler\n|-damage|p2a: Sneasler|46/100\n|\n|-weather|RainDance|[upkeep]\n|upkeep\n|turn|10\n|\n|t:|1776181745\n|move|p1a: Politoed|Protect|p1a: Politoed\n|-singleturn|p1a: Politoed|Protect\n|move|p2a: Sneasler|Fake Out|p1a: Politoed\n|-activate|p1a: Politoed|move: Protect\n|move|p2b: Charizard|Weather Ball|p1b: Incineroar\n|-supereffective|p1b: Incineroar|1\n|-damage|p1b: Incineroar|0 fnt\n|faint|p1b: Incineroar\n|\n|-weather|RainDance|[upkeep]\n|upkeep\n|\n|t:|1776181753\n|switch|p1b: Aggron|Aggron-Mega, L50, M, shiny|19/100\n|turn|11\n|-message|pakooo forfeited.\n|\n|win|LeParth\n|raw|pakooo's rating: 1040 &rarr; <strong>1026</strong><br />(-14 for losing)\n|raw|LeParth's rating: 1084 &rarr; <strong>1108</strong><br />(+24 for winning)\n|l|\u2606pakooo\n|player|p1|\n",
  "uploadtime": 1776181817,
  "views": 15,
  "formatid": "gen9championsvgc2026regma",
  "rating": 1026,
  "private": 0,
  "password": null
}