{
  "id": "gen9championsvgc2026regma-2584465298",
  "format": "[Gen 9 Champions] VGC 2026 Reg M-A",
  "players": [
    "Paviskii",
    "Qloser"
  ],
  "log": "|j|\u203dPaviskii\n|j|\u2606Qloser\n|t:|1776262708\n|gametype|doubles\n|player|p1|Paviskii|medium|1351\n|player|p2|Qloser|norman|1330\n|gen|9\n|tier|[Gen 9 Champions] VGC 2026 Reg M-A\n|rated|\n|rule|Species Clause: Limit one of each Pok\u00e9mon\n|rule|Item Clause: Limit 1 of each item\n|clearpoke\n|poke|p1|Gengar, L50, M|\n|poke|p1|Kommo-o, L50, M|\n|poke|p1|Incineroar, L50, F|\n|poke|p1|Kingambit, L50, M|\n|poke|p1|Volcarona, L50, M|\n|poke|p1|Archaludon, L50, F|\n|poke|p2|Charizard, L50, M|\n|poke|p2|Kingambit, L50, M|\n|poke|p2|Rotom-Wash, L50|\n|poke|p2|Tyranitar, L50, F|\n|poke|p2|Sinistcha, L50|\n|poke|p2|Excadrill, L50, F|\n|teampreview|4\n|inactive|Battle timer is ON: inactive players will automatically lose when time's up. (requested by Qloser)\n|inactive|Paviskii also wants the timer to be on.\n|\n|t:|1776262730\n|teamsize|p1|4\n|teamsize|p2|4\n|start\n|switch|p1a: Kommo-o|Kommo-o, L50, M|100/100\n|switch|p1b: Incineroar|Incineroar, L50, F|100/100\n|switch|p2a: Kingambit|Kingambit, L50, M|100/100\n|switch|p2b: Charizard|Charizard, L50, M|100/100\n|-ability|p1b: Incineroar|Intimidate|boost\n|-unboost|p2a: Kingambit|atk|1\n|-ability|p2a: Kingambit|Defiant|boost\n|-boost|p2a: Kingambit|atk|2\n|-unboost|p2b: Charizard|atk|1\n|turn|1\n|\n|t:|1776262746\n|move|p1b: Incineroar|Fake Out|p2b: Charizard\n|-damage|p2b: Charizard|88/100\n|cant|p2b: Charizard|flinch\n|move|p1a: Kommo-o|Clangorous Soul|p1a: Kommo-o\n|-boost|p1a: Kommo-o|atk|1\n|-boost|p1a: Kommo-o|def|1\n|-boost|p1a: Kommo-o|spa|1\n|-boost|p1a: Kommo-o|spd|1\n|-boost|p1a: Kommo-o|spe|1\n|-damage|p1a: Kommo-o|68/100\n|move|p2a: Kingambit|Iron Head|p1a: Kommo-o\n|-damage|p1a: Kommo-o|25/100\n|-enditem|p1a: Kommo-o|Sitrus Berry|[eat]\n|-heal|p1a: Kommo-o|50/100|[from] item: Sitrus Berry\n|\n|upkeep\n|turn|2\n|\n|t:|1776262770\n|move|p1a: Kommo-o|Close Combat|p2a: Kingambit\n|-supereffective|p2a: Kingambit|2\n|-damage|p2a: Kingambit|0 fnt\n|-unboost|p1a: Kommo-o|def|1\n|-unboost|p1a: Kommo-o|spd|1\n|faint|p2a: Kingambit\n|move|p2b: Charizard|Dragon Dance|p2b: Charizard\n|-boost|p2b: Charizard|atk|1\n|-boost|p2b: Charizard|spe|1\n|move|p1b: Incineroar|Parting Shot|p2b: Charizard\n|-unboost|p2b: Charizard|atk|1\n|-unboost|p2b: Charizard|spa|1\n|\n|t:|1776262777\n|switch|p1b: Gengar|Gengar, L50, M|100/100|[from] Parting Shot\n|\n|upkeep\n|\n|t:|1776262781\n|switch|p2a: Tyranitar|Tyranitar, L50, F|100/100\n|-weather|Sandstorm|[from] ability: Sand Stream|[of] p2a: Tyranitar\n|turn|3\n|\n|t:|1776262793\n|switch|p1b: Incineroar|Incineroar, L50, F|100/100\n|-ability|p1b: Incineroar|Intimidate|boost\n|-unboost|p2a: Tyranitar|atk|1\n|-unboost|p2b: Charizard|atk|1\n|detailschange|p2b: Charizard|Charizard-Mega-X, L50, M\n|-mega|p2b: Charizard|Charizard|Charizardite X\n|move|p1a: Kommo-o|Protect|p1a: Kommo-o\n|-singleturn|p1a: Kommo-o|Protect\n|move|p2b: Charizard|Dragon Claw|p1a: Kommo-o\n|-activate|p1a: Kommo-o|move: Protect\n|move|p2a: Tyranitar|Knock Off|p1b: Incineroar\n|-resisted|p1b: Incineroar|1\n|-damage|p1b: Incineroar|88/100\n|-enditem|p1b: Incineroar|Chople Berry|[from] move: Knock Off|[of] p2a: Tyranitar\n|\n|-weather|Sandstorm|[upkeep]\n|-damage|p2b: Charizard|82/100|[from] Sandstorm\n|-damage|p1a: Kommo-o|44/100|[from] Sandstorm\n|-damage|p1b: Incineroar|82/100|[from] Sandstorm\n|upkeep\n|turn|4\n|inactive|Paviskii has 30 seconds left.\n|\n|t:|1776262819\n|switch|p2b: Excadrill|Excadrill, L50, F|100/100\n|move|p1b: Incineroar|Fake Out|p2b: Excadrill\n|-resisted|p2b: Excadrill|1\n|-damage|p2b: Excadrill|93/100\n|move|p1a: Kommo-o|Close Combat|p2a: Tyranitar\n|-supereffective|p2a: Tyranitar|2\n|-damage|p2a: Tyranitar|0 fnt\n|-unboost|p1a: Kommo-o|def|1\n|-unboost|p1a: Kommo-o|spd|1\n|faint|p2a: Tyranitar\n|\n|-weather|Sandstorm|[upkeep]\n|-damage|p1a: Kommo-o|38/100|[from] Sandstorm\n|-damage|p1b: Incineroar|76/100|[from] Sandstorm\n|upkeep\n|\n|t:|1776262826\n|switch|p2a: Charizard|Charizard-Mega-X, L50, M|82/100\n|turn|5\n|\n|t:|1776262847\n|move|p1a: Kommo-o|Protect|p1a: Kommo-o\n|-singleturn|p1a: Kommo-o|Protect\n|move|p2b: Excadrill|High Horsepower|p1a: Kommo-o\n|-activate|p1a: Kommo-o|move: Protect\n|move|p2a: Charizard|Dragon Dance|p2a: Charizard\n|-boost|p2a: Charizard|atk|1\n|-boost|p2a: Charizard|spe|1\n|move|p1b: Incineroar|Parting Shot|p2a: Charizard\n|-unboost|p2a: Charizard|atk|1\n|-unboost|p2a: Charizard|spa|1\n|\n|t:|1776262860\n|switch|p1b: Archaludon|Archaludon, L50, F|100/100|[from] Parting Shot\n|\n|-weather|Sandstorm|[upkeep]\n|-damage|p2a: Charizard|76/100|[from] Sandstorm\n|-damage|p1a: Kommo-o|32/100|[from] Sandstorm\n|upkeep\n|turn|6\n|\n|t:|1776262879\n|move|p2b: Excadrill|High Horsepower|p1b: Archaludon\n|-supereffective|p1b: Archaludon|1\n|-damage|p1b: Archaludon|3/100\n|move|p2a: Charizard|Dragon Claw|p1a: Kommo-o\n|-supereffective|p1a: Kommo-o|1\n|-damage|p1a: Kommo-o|0 fnt\n|faint|p1a: Kommo-o\n|move|p1b: Archaludon|Draco Meteor|p2a: Charizard\n|-supereffective|p2a: Charizard|1\n|-damage|p2a: Charizard|0 fnt\n|-unboost|p1b: Archaludon|spa|2\n|faint|p2a: Charizard\n|\n|-weather|Sandstorm|[upkeep]\n|upkeep\n|\n|t:|1776262886\n|switch|p1a: Incineroar|Incineroar, L50, F|76/100\n|-ability|p1a: Incineroar|Intimidate|boost\n|-unboost|p2b: Excadrill|atk|1\n|turn|7\n|\n|t:|1776262889\n|switch|p1b: Gengar|Gengar, L50, M|100/100\n|move|p2b: Excadrill|Protect|p2b: Excadrill\n|-singleturn|p2b: Excadrill|Protect\n|move|p1a: Incineroar|Fake Out|p2b: Excadrill\n|-activate|p2b: Excadrill|move: Protect\n|\n|-weather|none\n|upkeep\n|turn|8\n|\n|t:|1776262895\n|detailschange|p1b: Gengar|Gengar-Mega, L50, M\n|-mega|p1b: Gengar|Gengar|Gengarite\n|move|p1b: Gengar|Shadow Ball|p2b: Excadrill\n|-damage|p2b: Excadrill|23/100\n|move|p2b: Excadrill|Rock Slide|p1b: Gengar|[spread] p1a\n|-miss|p2b: Excadrill|p1b: Gengar\n|-supereffective|p1a: Incineroar|1\n|-damage|p1a: Incineroar|57/100\n|move|p1a: Incineroar|Flare Blitz|p2b: Excadrill\n|-supereffective|p2b: Excadrill|1\n|-damage|p2b: Excadrill|0 fnt\n|faint|p2b: Excadrill\n|-damage|p1a: Incineroar|49/100|[from] Recoil\n|\n|win|Paviskii\n|raw|Paviskii's rating: 1351 &rarr; <strong>1370</strong><br />(+19 for winning)\n|raw|Qloser's rating: 1330 &rarr; <strong>1311</strong><br />(-19 for losing)\n",
  "uploadtime": 1776262896,
  "views": 31,
  "formatid": "gen9championsvgc2026regma",
  "rating": 1311,
  "private": 0,
  "password": null
}