{
  "id": "gen9championsvgc2026regma-2586517604",
  "format": "[Gen 9 Champions] VGC 2026 Reg M-A",
  "players": [
    "KoalaQueenZoey",
    "SlashXYZ"
  ],
  "log": "|j|\u2606KoalaQueenZoey\n|j|\u2606SlashXYZ\n|t:|1776440104\n|gametype|doubles\n|player|p1|KoalaQueenZoey|guitarist|1000\n|player|p2|SlashXYZ|1|1083\n|gen|9\n|tier|[Gen 9 Champions] VGC 2026 Reg M-A\n|rated|\n|rule|Species Clause: Limit one of each Pok\u00e9mon\n|rule|Item Clause: Limit 1 of each item\n|clearpoke\n|poke|p1|Meganium, L50, M|\n|poke|p1|Pelipper, L50, F|\n|poke|p1|Heliolisk, L50, F|\n|poke|p1|Aegislash, L50, F|\n|poke|p1|Espathra, L50, F|\n|poke|p1|Tsareena, L50, F|\n|poke|p2|Froslass, L50, F|\n|poke|p2|Infernape, L50, M|\n|poke|p2|Rotom-Wash, L50|\n|poke|p2|Aerodactyl, L50, M|\n|poke|p2|Garchomp, L50, M|\n|poke|p2|Sinistcha, L50|\n|teampreview|4\n|\n|t:|1776440129\n|teamsize|p1|4\n|teamsize|p2|4\n|start\n|switch|p1a: Meganium|Meganium, L50, M|100/100\n|switch|p1b: Pelipper|Pelipper, L50, F|100/100\n|switch|p2a: Sora|Froslass, L50, F, shiny|100/100\n|switch|p2b: Waltt|Rotom-Wash, L50|100/100\n|-weather|RainDance|[from] ability: Drizzle|[of] p1b: Pelipper\n|turn|1\n|\n|t:|1776440149\n|detailschange|p2a: Sora|Froslass-Mega, L50, F, shiny\n|-mega|p2a: Sora|Froslass|Froslassite\n|-weather|Snowscape|[from] ability: Snow Warning|[of] p2a: Sora\n|detailschange|p1a: Meganium|Meganium-Mega, L50, M\n|-mega|p1a: Meganium|Meganium|Meganiumite\n|move|p2a: Sora|Protect|p2a: Sora\n|-singleturn|p2a: Sora|Protect\n|move|p1b: Pelipper|Tailwind|p1b: Pelipper\n|-sidestart|p1: KoalaQueenZoey|move: Tailwind\n|move|p1a: Meganium|Weather Ball|p2a: Sora\n|-activate|p2a: Sora|move: Protect\n|move|p2b: Waltt|Volt Switch|p1b: Pelipper\n|-supereffective|p1b: Pelipper|2\n|-damage|p1b: Pelipper|0 fnt\n|faint|p1b: Pelipper\n|\n|t:|1776440174\n|switch|p2b: Matt|Sinistcha, L50|100/100|[from] Volt Switch\n|\n|-weather|Snowscape|[upkeep]\n|upkeep\n|\n|t:|1776440182\n|switch|p1b: Tsareena|Tsareena, L50, F|100/100\n|turn|2\n|\n|t:|1776440198\n|switch|p2a: Waltt|Rotom-Wash, L50|100/100\n|move|p1b: Tsareena|Knock Off|p2b: Matt\n|-supereffective|p2b: Matt|1\n|-damage|p2b: Matt|31/100\n|-enditem|p2b: Matt|Sitrus Berry|[from] move: Knock Off|[of] p1b: Tsareena\n|move|p1a: Meganium|Weather Ball|p2a: Waltt\n|-resisted|p2a: Waltt|1\n|-damage|p2a: Waltt|68/100\n|move|p2b: Matt|Trick Room|p2b: Matt\n|-fieldstart|move: Trick Room|[of] p2b: Matt\n|\n|-weather|Snowscape|[upkeep]\n|-heal|p2a: Waltt|74/100|[from] item: Leftovers\n|upkeep\n|turn|3\n|\n|t:|1776440226\n|move|p2a: Waltt|Protect|p2a: Waltt\n|-singleturn|p2a: Waltt|Protect\n|move|p2b: Matt|Shadow Ball|p1b: Tsareena\n|-damage|p1b: Tsareena|49/100\n|-unboost|p1b: Tsareena|spd|1\n|-enditem|p1b: Tsareena|Sitrus Berry|[eat]\n|-heal|p1b: Tsareena|74/100|[from] item: Sitrus Berry\n|move|p1a: Meganium|Solar Beam||[still]\n|-prepare|p1a: Meganium|Solar Beam\n|-activate|p1a: Meganium|ability: Mega Sol\n|-anim|p1a: Meganium|Solar Beam|p2a: Waltt\n|-activate|p2a: Waltt|move: Protect\n|move|p1b: Tsareena|Triple Axel|p2b: Matt\n|-supereffective|p2b: Matt|1\n|-damage|p2b: Matt|16/100\n|-supereffective|p2b: Matt|1\n|-damage|p2b: Matt|0 fnt\n|faint|p2b: Matt\n|-hitcount|p2: Matt|2\n|\n|-weather|Snowscape|[upkeep]\n|-heal|p2a: Waltt|79/100|[from] item: Leftovers\n|upkeep\n|\n|t:|1776440251\n|switch|p2b: Sora|Froslass-Mega, L50, F, shiny|100/100\n|turn|4\n|\n|t:|1776440259\n|move|p2a: Waltt|Helping Hand|p2b: Sora\n|-singleturn|p2b: Sora|Helping Hand|[of] p2a: Waltt\n|move|p2b: Sora|Blizzard|p1b: Tsareena|[spread] p1a,p1b\n|-supereffective|p1a: Meganium|1\n|-supereffective|p1b: Tsareena|1\n|-damage|p1a: Meganium|0 fnt\n|-damage|p1b: Tsareena|0 fnt\n|faint|p1a: Meganium\n|faint|p1b: Tsareena\n|\n|-weather|Snowscape|[upkeep]\n|-heal|p2a: Waltt|85/100|[from] item: Leftovers\n|-sideend|p1: KoalaQueenZoey|move: Tailwind\n|upkeep\n|\n|t:|1776440284\n|switch|p1a: Espathra|Espathra, L50, F|100/100\n|turn|5\n|\n|t:|1776440295\n|move|p2a: Waltt|Helping Hand|p2b: Sora\n|-singleturn|p2b: Sora|Helping Hand|[of] p2a: Waltt\n|move|p1a: Espathra|Calm Mind|p1a: Espathra\n|-boost|p1a: Espathra|spa|1\n|-boost|p1a: Espathra|spd|1\n|move|p2b: Sora|Shadow Ball|p1a: Espathra\n|-supereffective|p1a: Espathra|1\n|-damage|p1a: Espathra|0 fnt\n|faint|p1a: Espathra\n|\n|win|SlashXYZ\n|raw|KoalaQueenZoey's rating: 1000 &rarr; <strong>1000</strong><br />(+0 for losing)\n|raw|SlashXYZ's rating: 1083 &rarr; <strong>1104</strong><br />(+21 for winning)\n|l|\u2606KoalaQueenZoey\n|player|p1|\n|l|\u2606SlashXYZ\n|player|p2|\n|j|\u2606SlashXYZ\n|player|p2|SlashXYZ|1|\n",
  "uploadtime": 1776440334,
  "views": 20,
  "formatid": "gen9championsvgc2026regma",
  "rating": 1000,
  "private": 0,
  "password": null
}