{
  "id": "gen9championsvgc2026regma-2588880446",
  "format": "[Gen 9 Champions] VGC 2026 Reg M-A",
  "players": [
    "Kao Liang",
    "suehhtam"
  ],
  "log": "|j|\u2606Kao Liang\n|j|\u2606suehhtam\n|t:|1776681829\n|gametype|doubles\n|player|p1|Kao Liang|kieran-champion|1382\n|player|p2|suehhtam|101|1333\n|gen|9\n|tier|[Gen 9 Champions] VGC 2026 Reg M-A\n|rated|\n|rule|Species Clause: Limit one of each Pok\u00e9mon\n|rule|Item Clause: Limit 1 of each item\n|clearpoke\n|poke|p1|Gengar, L50, M|\n|poke|p1|Incineroar, L50, F|\n|poke|p1|Politoed, L50, M|\n|poke|p1|Basculegion, L50, M|\n|poke|p1|Sinistcha, L50|\n|poke|p1|Kommo-o, L50, F|\n|poke|p2|Feraligatr, L50, F, shiny|\n|poke|p2|Gardevoir, L50, F, shiny|\n|poke|p2|Sneasler, L50, F|\n|poke|p2|Talonflame, L50, F|\n|poke|p2|Sinistcha, L50|\n|poke|p2|Kingambit, L50, F, shiny|\n|teampreview|4\n|inactive|Battle timer is ON: inactive players will automatically lose when time's up. (requested by Kao Liang)\n|\n|t:|1776681859\n|teamsize|p1|4\n|teamsize|p2|4\n|start\n|switch|p1a: Gengar|Gengar, L50, M|100/100\n|switch|p1b: Kommo-o|Kommo-o, L50, F|100/100\n|switch|p2a: Sneasler|Sneasler, L50, F|100/100\n|switch|p2b: Kingambit|Kingambit, L50, F, shiny|100/100\n|turn|1\n|\n|t:|1776681879\n|detailschange|p1a: Gengar|Gengar-Mega, L50, M\n|-mega|p1a: Gengar|Gengar|Gengarite\n|move|p1a: Gengar|Perish Song|p1a: Gengar\n|-start|p1a: Gengar|perish3|[silent]\n|-immune|p1b: Kommo-o|[from] ability: Soundproof\n|-start|p2a: Sneasler|perish3|[silent]\n|-start|p2b: Kingambit|perish3|[silent]\n|-fieldactivate|move: Perish Song\n|move|p2a: Sneasler|Coaching|p2b: Kingambit\n|-boost|p2b: Kingambit|atk|1\n|-boost|p2b: Kingambit|def|1\n|move|p1b: Kommo-o|Aura Sphere|p2b: Kingambit\n|-supereffective|p2b: Kingambit|2\n|-damage|p2b: Kingambit|0 fnt\n|faint|p2b: Kingambit\n|\n|-start|p1a: Gengar|perish3\n|-start|p2a: Sneasler|perish3\n|upkeep\n|\n|t:|1776681892\n|switch|p2b: Feraligatr|Feraligatr, L50, F, shiny|100/100\n|turn|2\n|\n|t:|1776681909\n|switch|p1b: Incineroar|Incineroar, L50, F|100/100\n|-ability|p1b: Incineroar|Intimidate|boost\n|-unboost|p2a: Sneasler|atk|1\n|-unboost|p2b: Feraligatr|atk|1\n|detailschange|p2b: Feraligatr|Feraligatr-Mega, L50, F, shiny\n|-mega|p2b: Feraligatr|Feraligatr|Feraligite\n|move|p1a: Gengar|Perish Song|p1a: Gengar\n|-start|p1b: Incineroar|perish3|[silent]\n|-start|p2b: Feraligatr|perish3|[silent]\n|-fieldactivate|move: Perish Song\n|move|p2a: Sneasler|Dire Claw|p1b: Incineroar\n|-damage|p1b: Incineroar|76/100\n|move|p2b: Feraligatr|Liquidation|p1a: Gengar\n|-damage|p1a: Gengar|57/100\n|\n|-start|p1a: Gengar|perish2\n|-start|p2a: Sneasler|perish2\n|-start|p2b: Feraligatr|perish3\n|-start|p1b: Incineroar|perish3\n|upkeep\n|turn|3\n|\n|t:|1776681930\n|move|p1a: Gengar|Protect|p1a: Gengar\n|-singleturn|p1a: Gengar|Protect\n|move|p2b: Feraligatr|Protect|p2b: Feraligatr\n|-singleturn|p2b: Feraligatr|Protect\n|move|p1b: Incineroar|Protect|p1b: Incineroar\n|-singleturn|p1b: Incineroar|Protect\n|move|p2a: Sneasler|Coaching|p2b: Feraligatr\n|-boost|p2b: Feraligatr|atk|1\n|-boost|p2b: Feraligatr|def|1\n|\n|-start|p1a: Gengar|perish1\n|-start|p2a: Sneasler|perish1\n|-start|p2b: Feraligatr|perish2\n|-start|p1b: Incineroar|perish2\n|upkeep\n|turn|4\n|\n|t:|1776681951\n|switch|p1a: Kommo-o|Kommo-o, L50, F|100/100\n|move|p2a: Sneasler|Close Combat|p1b: Incineroar\n|-supereffective|p1b: Incineroar|1\n|-damage|p1b: Incineroar|8/100\n|-unboost|p2a: Sneasler|def|1\n|-unboost|p2a: Sneasler|spd|1\n|-enditem|p1b: Incineroar|Sitrus Berry|[eat]\n|-heal|p1b: Incineroar|33/100|[from] item: Sitrus Berry\n|move|p2b: Feraligatr|Double-Edge|p1a: Kommo-o\n|-supereffective|p1a: Kommo-o|1\n|-enditem|p1a: Kommo-o|Focus Sash\n|-damage|p1a: Kommo-o|1/100\n|-damage|p2b: Feraligatr|74/100|[from] Recoil\n|move|p1b: Incineroar|Parting Shot|p2b: Feraligatr\n|-unboost|p2b: Feraligatr|atk|1\n|-unboost|p2b: Feraligatr|spa|1\n|\n|t:|1776681967\n|switch|p1b: Gengar|Gengar-Mega, L50, M|57/100|[from] Parting Shot\n|\n|-start|p2a: Sneasler|perish0\n|-start|p2b: Feraligatr|perish1\n|faint|p2a: Sneasler\n|upkeep\n|\n|t:|1776681970\n|switch|p2a: Talonflame|Talonflame, L50, F|100/100\n|turn|5\n|\n|t:|1776681988\n|move|p1b: Gengar|Protect|p1b: Gengar\n|-singleturn|p1b: Gengar|Protect\n|move|p1a: Kommo-o|Protect|p1a: Kommo-o\n|-singleturn|p1a: Kommo-o|Protect\n|move|p2a: Talonflame|Brave Bird|p1b: Gengar\n|-activate|p1b: Gengar|move: Protect\n|move|p2b: Feraligatr|Aqua Jet|p1a: Kommo-o\n|-activate|p1a: Kommo-o|move: Protect\n|\n|-start|p2b: Feraligatr|perish0\n|faint|p2b: Feraligatr\n|upkeep\n|turn|6\n|\n|t:|1776682000\n|switch|p1b: Politoed|Politoed, L50, M|100/100\n|-weather|RainDance|[from] ability: Drizzle|[of] p1b: Politoed\n|switch|p1a: Incineroar|Incineroar, L50, F|33/100\n|-ability|p1a: Incineroar|Intimidate|boost\n|-unboost|p2a: Talonflame|atk|1\n|-enditem|p2a: Talonflame|White Herb\n|-clearnegativeboost|p2a: Talonflame|[silent]\n|move|p2a: Talonflame|Brave Bird|p1b: Politoed\n|-damage|p1b: Politoed|47/100\n|-damage|p2a: Talonflame|78/100|[from] Recoil\n|\n|-weather|RainDance|[upkeep]\n|-heal|p1b: Politoed|53/100|[from] item: Leftovers\n|upkeep\n|turn|7\n|\n|t:|1776682016\n|move|p2a: Talonflame|Protect|p2a: Talonflame\n|-singleturn|p2a: Talonflame|Protect\n|move|p1a: Incineroar|Fake Out|p2a: Talonflame\n|-activate|p2a: Talonflame|move: Protect\n|move|p1b: Politoed|Perish Song|p1b: Politoed\n|-start|p1a: Incineroar|perish3|[silent]\n|-start|p1b: Politoed|perish3|[silent]\n|-start|p2a: Talonflame|perish3|[silent]\n|-fieldactivate|move: Perish Song\n|\n|-weather|RainDance|[upkeep]\n|-heal|p1b: Politoed|59/100|[from] item: Leftovers\n|-start|p2a: Talonflame|perish3\n|-start|p1b: Politoed|perish3\n|-start|p1a: Incineroar|perish3\n|upkeep\n|turn|8\n|\n|t:|1776682027\n|move|p1b: Politoed|Protect|p1b: Politoed\n|-singleturn|p1b: Politoed|Protect\n|move|p1a: Incineroar|Protect|p1a: Incineroar\n|-singleturn|p1a: Incineroar|Protect\n|move|p2a: Talonflame|Brave Bird|p1a: Incineroar\n|-activate|p1a: Incineroar|move: Protect\n|\n|-weather|RainDance|[upkeep]\n|-heal|p1b: Politoed|65/100|[from] item: Leftovers\n|-start|p2a: Talonflame|perish2\n|-start|p1b: Politoed|perish2\n|-start|p1a: Incineroar|perish2\n|upkeep\n|turn|9\n|\n|t:|1776682040\n|switch|p1b: Kommo-o|Kommo-o, L50, F|1/100\n|move|p2a: Talonflame|Brave Bird|p1a: Incineroar\n|-damage|p1a: Incineroar|0 fnt\n|faint|p1a: Incineroar\n|-damage|p2a: Talonflame|64/100|[from] Recoil\n|\n|-weather|RainDance|[upkeep]\n|-start|p2a: Talonflame|perish1\n|upkeep\n|\n|t:|1776682049\n|switch|p1a: Gengar|Gengar-Mega, L50, M|57/100\n|turn|10\n|inactive|suehhtam has 30 seconds left.\n|inactive|suehhtam has 20 seconds left.\n|inactive|suehhtam has 15 seconds left.\n|inactive|suehhtam has 10 seconds left.\n|inactive|suehhtam has 5 seconds left.\n|\n|t:|1776682104\n|move|p1a: Gengar|Protect|p1a: Gengar\n|-singleturn|p1a: Gengar|Protect\n|move|p1b: Kommo-o|Protect|p1b: Kommo-o\n|-singleturn|p1b: Kommo-o|Protect\n|move|p2a: Talonflame|Brave Bird|p1b: Kommo-o\n|-activate|p1b: Kommo-o|move: Protect\n|\n|-weather|none\n|-start|p2a: Talonflame|perish0\n|faint|p2a: Talonflame\n|\n|win|Kao Liang\n|raw|Kao Liang's rating: 1382 &rarr; <strong>1399</strong><br />(+17 for winning)\n|raw|suehhtam's rating: 1333 &rarr; <strong>1316</strong><br />(-17 for losing)\n",
  "uploadtime": 1776682115,
  "views": 16,
  "formatid": "gen9championsvgc2026regma",
  "rating": 1316,
  "private": 0,
  "password": null
}