{
  "id": "gen9championsvgc2026regma-2587608698",
  "format": "[Gen 9 Champions] VGC 2026 Reg M-A",
  "players": [
    "BadasShesho",
    "Hosley"
  ],
  "log": "|j|\u2606BadasShesho\n|j|\u2606Hosley\n|t:|1776546595\n|gametype|doubles\n|player|p1|BadasShesho|alain|1038\n|player|p2|Hosley|265|1000\n|gen|9\n|tier|[Gen 9 Champions] VGC 2026 Reg M-A\n|rated|\n|rule|Species Clause: Limit one of each Pok\u00e9mon\n|rule|Item Clause: Limit 1 of each item\n|clearpoke\n|poke|p1|Froslass, L50, F|\n|poke|p1|Whimsicott, L50, M|\n|poke|p1|Sneasler, L50, F|\n|poke|p1|Dragapult, L50, F|\n|poke|p1|Palafin, L50, F|\n|poke|p1|Maushold-Four, L50|\n|poke|p2|Starmie, L50|\n|poke|p2|Kommo-o, L50, F|\n|poke|p2|Sinistcha, L50|\n|poke|p2|Sylveon, L50, M|\n|poke|p2|Incineroar, L50, F|\n|poke|p2|Kingambit, L50, M|\n|teampreview|4\n|inactive|Battle timer is ON: inactive players will automatically lose when time's up. (requested by BadasShesho)\n|\n|t:|1776546630\n|teamsize|p1|4\n|teamsize|p2|4\n|start\n|switch|p1a: Froslass|Froslass, L50, F|100/100\n|switch|p1b: Palafin|Palafin, L50, F|100/100\n|switch|p2a: Incineroar|Incineroar, L50, F|100/100\n|switch|p2b: Kommo-o|Kommo-o, L50, F|100/100\n|-ability|p2a: Incineroar|Intimidate|boost\n|-unboost|p1a: Froslass|atk|1\n|-unboost|p1b: Palafin|atk|1\n|turn|1\n|\n|t:|1776546647\n|detailschange|p1b: Palafin|Palafin-Hero, L50, F\n|switch|p1b: Maushold|Maushold-Four, L50|100/100\n|detailschange|p1a: Froslass|Froslass-Mega, L50, F\n|-mega|p1a: Froslass|Froslass|Froslassite\n|-weather|Snowscape|[from] ability: Snow Warning|[of] p1a: Froslass\n|move|p2a: Incineroar|Fake Out|p1a: Froslass\n|-immune|p1a: Froslass\n|move|p1a: Froslass|Light Screen|p1a: Froslass\n|-sidestart|p1: BadasShesho|move: Light Screen\n|move|p2b: Kommo-o|Clangorous Soul|p2b: Kommo-o\n|-boost|p2b: Kommo-o|atk|1\n|-boost|p2b: Kommo-o|def|1\n|-boost|p2b: Kommo-o|spa|1\n|-boost|p2b: Kommo-o|spd|1\n|-boost|p2b: Kommo-o|spe|1\n|-damage|p2b: Kommo-o|68/100\n|\n|-weather|Snowscape|[upkeep]\n|upkeep\n|turn|2\n|inactive|Hosley has 30 seconds left.\n|\n|t:|1776546678\n|move|p2b: Kommo-o|Clanging Scales|p1b: Maushold|[spread] p1a,p1b\n|-damage|p1a: Froslass|61/100\n|-damage|p1b: Maushold|51/100\n|-unboost|p2b: Kommo-o|def|1\n|move|p1a: Froslass|Aurora Veil|p1a: Froslass\n|-sidestart|p1: BadasShesho|move: Aurora Veil\n|move|p1b: Maushold|Encore|p2a: Incineroar\n|-start|p2a: Incineroar|Encore\n|move|p2a: Incineroar|Fake Out||[still]\n|-hint|Fake Out only works on your first turn out.\n|-fail|p2a: Incineroar\n|\n|-weather|Snowscape|[upkeep]\n|upkeep\n|turn|3\n|\n|t:|1776546691\n|switch|p1a: Palafin|Palafin-Hero, L50, F|100/100\n|-activate|p1a: Palafin|ability: Zero to Hero\n|switch|p2a: Sinistcha|Sinistcha, L50|100/100\n|-heal|p2b: Kommo-o|93/100|[from] ability: Hospitality|[of] p2a: Sinistcha\n|move|p1b: Maushold|Follow Me|p1b: Maushold\n|-singleturn|p1b: Maushold|move: Follow Me\n|move|p2b: Kommo-o|Clanging Scales|p1b: Maushold|[spread] p1a,p1b\n|-damage|p1a: Palafin|60/100\n|-damage|p1b: Maushold|0 fnt\n|faint|p1b: Maushold\n|-unboost|p2b: Kommo-o|def|1\n|\n|-weather|Snowscape|[upkeep]\n|upkeep\n|\n|t:|1776546706\n|switch|p1b: Sneasler|Sneasler, L50, F|100/100\n|-ability|p1b: Sneasler|Pressure\n|turn|4\n|inactive|Hosley has 30 seconds left.\n|\n|t:|1776546735\n|move|p2b: Kommo-o|Protect|p2b: Kommo-o\n|-singleturn|p2b: Kommo-o|Protect\n|move|p1b: Sneasler|Fake Out|p2b: Kommo-o\n|-activate|p2b: Kommo-o|move: Protect\n|move|p1a: Palafin|Wave Crash|p2b: Kommo-o\n|-activate|p2b: Kommo-o|move: Protect\n|move|p2a: Sinistcha|Matcha Gotcha|p1a: Palafin|[spread] p1a,p1b\n|-supereffective|p1a: Palafin|1\n|-resisted|p1b: Sneasler|1\n|-damage|p1a: Palafin|21/100\n|-damage|p1b: Sneasler|90/100\n|\n|-weather|Snowscape|[upkeep]\n|upkeep\n|turn|5\n|\n|t:|1776546751\n|move|p2a: Sinistcha|Rage Powder|p2a: Sinistcha\n|-singleturn|p2a: Sinistcha|move: Rage Powder\n|move|p2b: Kommo-o|Clanging Scales|p1a: Palafin|[spread] p1a,p1b\n|-damage|p1a: Palafin|0 fnt\n|-damage|p1b: Sneasler|33/100\n|faint|p1a: Palafin\n|-unboost|p2b: Kommo-o|def|1\n|move|p1b: Sneasler|Dire Claw|p2a: Sinistcha\n|-damage|p2a: Sinistcha|63/100\n|\n|-weather|none\n|-heal|p2a: Sinistcha|69/100|[from] item: Leftovers\n|-sideend|p1: BadasShesho|move: Light Screen\n|upkeep\n|-message|BadasShesho forfeited.\n|\n|win|Hosley\n|raw|BadasShesho's rating: 1038 &rarr; <strong>1021</strong><br />(-17 for losing)\n|raw|Hosley's rating: 1000 &rarr; <strong>1044</strong><br />(+44 for winning)\n|l|\u2606BadasShesho\n|player|p1|\n",
  "uploadtime": 1776546764,
  "views": 12,
  "formatid": "gen9championsvgc2026regma",
  "rating": 1021,
  "private": 0,
  "password": null
}