{
  "id": "gen9championsvgc2026regma-2581414513",
  "format": "[Gen 9 Champions] VGC 2026 Reg M-A",
  "players": [
    "Floette_Umbrella",
    "Jah_08"
  ],
  "log": "|j|\u2606Floette_Umbrella\n|j|\u2606Jah_08\n|t:|1775998012\n|gametype|doubles\n|player|p1|Floette_Umbrella|aromalady|1097\n|player|p2|Jah_08|2|1152\n|gen|9\n|tier|[Gen 9 Champions] VGC 2026 Reg M-A\n|rated|\n|rule|Species Clause: Limit one of each Pok\u00e9mon\n|rule|Item Clause: Limit 1 of each item\n|clearpoke\n|poke|p1|Floette-Eternal, L50, F|\n|poke|p1|Sylveon, L50, F|\n|poke|p1|Primarina, L50, F|\n|poke|p1|Pelipper, L50, M|\n|poke|p1|Aegislash, L50, F|\n|poke|p1|Decidueye-Hisui, L50, F|\n|poke|p2|Basculegion, L50, M|\n|poke|p2|Zoroark-Hisui, L50, F|\n|poke|p2|Conkeldurr, L50, M|\n|poke|p2|Whimsicott, L50, M|\n|poke|p2|Chandelure, L50, F|\n|poke|p2|Vanilluxe, L50, M|\n|teampreview|4\nFloette_Umbrella has agreed to open team sheets.\n|\n|t:|1775998053\n|teamsize|p1|4\n|teamsize|p2|4\n|start\n|switch|p1a: Xerneas Lite|Floette-Eternal, L50, F|100/100\n|switch|p1b: Madeline Celeste|Sylveon, L50, F|100/100\n|switch|p2a: Basculegion|Basculegion, L50, M|100/100\n|switch|p2b: Chandelure|Chandelure, L50, F|100/100\n|turn|1\n|\n|t:|1775998072\n|detailschange|p1a: Xerneas Lite|Floette-Mega, L50, F\n|-mega|p1a: Xerneas Lite|Floette|Floettite\n|-ability|p1a: Xerneas Lite|Fairy Aura\n|move|p2a: Basculegion|Flip Turn|p1a: Xerneas Lite\n|-damage|p1a: Xerneas Lite|53/100\n|\n|t:|1775998086\n|switch|p2a: Chandelure|Chandelure, L50, F|100/100|[from] Flip Turn\n|move|p2b: Chandelure|Sludge Bomb|p1a: Xerneas Lite\n|-supereffective|p1a: Xerneas Lite|1\n|-damage|p1a: Xerneas Lite|11/100\n|-status|p1a: Xerneas Lite|psn\n|move|p1a: Xerneas Lite|Dazzling Gleam|p2a: Chandelure|[spread] p2a,p2b\n|-resisted|p2a: Chandelure|1\n|-crit|p2b: Chandelure\n|-damage|p2a: Chandelure|65/100\n|-enditem|p2b: Chandelure|Focus Sash\n|-damage|p2b: Chandelure|1/100\n|replace|p2b: Zoroark|Zoroark-Hisui, L50, F\n|-end|p2b: Zoroark|Illusion\n|move|p1b: Madeline Celeste|Hyper Voice|p2a: Chandelure|[spread] p2a,p2b\n|-resisted|p2a: Chandelure|1\n|-crit|p2b: Zoroark\n|-damage|p2a: Chandelure|17/100\n|-damage|p2b: Zoroark|0 fnt\n|faint|p2b: Zoroark\n|\n|-damage|p1a: Xerneas Lite|0 fnt|[from] psn\n|faint|p1a: Xerneas Lite\n|upkeep\n|\n|t:|1775998113\n|switch|p2b: Basculegion|Basculegion, L50, M|100/100\n|switch|p1a: Hornet Silksong|Decidueye-Hisui, L50, F|100/100\n|turn|2\n|\n|t:|1775998138\n|detailschange|p2a: Chandelure|Chandelure-Mega, L50, F\n|-mega|p2a: Chandelure|Chandelure|Chandelurite\n|move|p2b: Basculegion|Flip Turn|p1b: Madeline Celeste\n|-damage|p1b: Madeline Celeste|59/100\n|\n|t:|1775998144\n|switch|p2b: Vanilluxe|Vanilluxe, L50, M|100/100|[from] Flip Turn\n|-weather|Snowscape|[from] ability: Snow Warning|[of] p2b: Vanilluxe\n|move|p2a: Chandelure|Heat Wave|p1a: Hornet Silksong|[spread] p1a,p1b\n|-supereffective|p1a: Hornet Silksong|1\n|-damage|p1a: Hornet Silksong|4/100\n|-damage|p1b: Madeline Celeste|19/100\n|move|p1a: Hornet Silksong|Leaf Blade|p2b: Vanilluxe\n|-damage|p2b: Vanilluxe|67/100\n|move|p1b: Madeline Celeste|Hyper Voice|p2b: Vanilluxe|[spread] p2a,p2b\n|-resisted|p2a: Chandelure|1\n|-damage|p2a: Chandelure|0 fnt\n|-damage|p2b: Vanilluxe|11/100\n|faint|p2a: Chandelure\n|\n|-weather|Snowscape|[upkeep]\n|upkeep\n|\n|t:|1775998164\n|switch|p2a: Basculegion|Basculegion, L50, M|100/100\n|turn|3\n|\n|t:|1775998179\n|move|p1a: Hornet Silksong|Protect|p1a: Hornet Silksong\n|-singleturn|p1a: Hornet Silksong|Protect\n|move|p1b: Madeline Celeste|Protect|p1b: Madeline Celeste\n|-singleturn|p1b: Madeline Celeste|Protect\n|move|p2a: Basculegion|Last Respects|p1a: Hornet Silksong\n|-activate|p1a: Hornet Silksong|move: Protect\n|move|p2b: Vanilluxe|Blizzard|p1a: Hornet Silksong|[spread] \n|-activate|p1a: Hornet Silksong|move: Protect\n|-activate|p1b: Madeline Celeste|move: Protect\n|\n|-weather|Snowscape|[upkeep]\n|upkeep\n|turn|4\n|\n|t:|1775998199\n|move|p2a: Basculegion|Last Respects|p1a: Hornet Silksong\n|-damage|p1a: Hornet Silksong|0 fnt\n|faint|p1a: Hornet Silksong\n|move|p2b: Vanilluxe|Blizzard|p1b: Madeline Celeste\n|-damage|p1b: Madeline Celeste|0 fnt\n|faint|p1b: Madeline Celeste\n|\n|-weather|Snowscape|[upkeep]\n|upkeep\n|\n|t:|1775998210\n|switch|p1a: Sword Lesbain|Aegislash, L50, F|100/100\n|turn|5\n|\n|t:|1775998218\n|move|p1a: Sword Lesbain|King's Shield|p1a: Sword Lesbain\n|-singleturn|p1a: Sword Lesbain|Protect\n|move|p2a: Basculegion|Last Respects|p1a: Sword Lesbain\n|-activate|p1a: Sword Lesbain|move: Protect\n|move|p2b: Vanilluxe|Blizzard|p1a: Sword Lesbain\n|-activate|p1a: Sword Lesbain|move: Protect\n|\n|-weather|Snowscape|[upkeep]\n|upkeep\n|turn|6\n|\n|t:|1775998232\n|move|p2a: Basculegion|Last Respects|p1a: Sword Lesbain\n|-supereffective|p1a: Sword Lesbain|1\n|-damage|p1a: Sword Lesbain|0 fnt\n|faint|p1a: Sword Lesbain\n|\n|win|Jah_08\n|raw|Floette_Umbrella's rating: 1097 &rarr; <strong>1076</strong><br />(-21 for losing)\n|raw|Jah_08's rating: 1152 &rarr; <strong>1173</strong><br />(+21 for winning)\n",
  "uploadtime": 1775998238,
  "views": 16,
  "formatid": "gen9championsvgc2026regma",
  "rating": 1076,
  "private": 0,
  "password": null
}