{
  "id": "gen9championsvgc2026regma-2585779582",
  "format": "[Gen 9 Champions] VGC 2026 Reg M-A",
  "players": [
    "PierreBrg",
    "Not a sun"
  ],
  "log": "|j|\u2606PierreBrg\n|j|\u2606Not a sun\n|t:|1776370063\n|gametype|doubles\n|player|p1|PierreBrg|ninjaboy|1166\n|player|p2|Not a sun|101|1096\n|gen|9\n|tier|[Gen 9 Champions] VGC 2026 Reg M-A\n|rated|\n|rule|Species Clause: Limit one of each Pok\u00e9mon\n|rule|Item Clause: Limit 1 of each item\n|clearpoke\n|poke|p1|Pelipper, L50, M|\n|poke|p1|Basculegion, L50, M|\n|poke|p1|Incineroar, L50, M|\n|poke|p1|Sneasler, L50, M|\n|poke|p1|Dragonite, L50, M|\n|poke|p1|Sinistcha, L50|\n|poke|p2|Delphox, L50, F|\n|poke|p2|Froslass, L50, F|\n|poke|p2|Garchomp, L50, M|\n|poke|p2|Kingambit, L50, M|\n|poke|p2|Rotom-Mow, L50|\n|poke|p2|Primarina, L50, M|\n|teampreview|4\n|inactive|Battle timer is ON: inactive players will automatically lose when time's up. (requested by Not a sun)\n|inactive|PierreBrg has 60 seconds left.\n|inactive|Not a sun has 60 seconds left.\n|inactive|Not a sun has 30 seconds left.\n|\n|t:|1776370136\n|teamsize|p1|4\n|teamsize|p2|4\n|start\n|switch|p1a: Incineroar|Incineroar, L50, M|100/100\n|switch|p1b: Sneasler|Sneasler, L50, M|100/100\n|switch|p2a: SummerCash|Rotom-Mow, L50|100/100\n|switch|p2b: Garchomp|Garchomp, L50, M|100/100\n|-ability|p1a: Incineroar|Intimidate|boost\n|-unboost|p2a: SummerCash|atk|1\n|-unboost|p2b: Garchomp|atk|1\n|-enditem|p2b: Garchomp|White Herb\n|-clearnegativeboost|p2b: Garchomp|[silent]\n|turn|1\n|inactive|PierreBrg has 30 seconds left.\n|inactive|Not a sun has 30 seconds left.\n|\n|t:|1776370169\n|move|p1b: Sneasler|Fake Out|p2b: Garchomp\n|-damage|p2b: Garchomp|87/100\n|-damage|p1b: Sneasler|88/100|[from] ability: Rough Skin|[of] p2b: Garchomp\n|move|p2a: SummerCash|Volt Switch|p1a: Incineroar\n|-damage|p1a: Incineroar|77/100\n|\n|t:|1776370176\n|switch|p2a: Primarina|Primarina, L50, M|100/100|[from] Volt Switch\n|cant|p2b: Garchomp|flinch\n|move|p1a: Incineroar|Parting Shot|p2b: Garchomp\n|-unboost|p2b: Garchomp|atk|1\n|-unboost|p2b: Garchomp|spa|1\n|\n|t:|1776370179\n|switch|p1a: Pelipper|Pelipper, L50, M|100/100|[from] Parting Shot\n|-weather|RainDance|[from] ability: Drizzle|[of] p1a: Pelipper\n|\n|-weather|RainDance|[upkeep]\n|upkeep\n|turn|2\n|inactive|PierreBrg has 30 seconds left.\n|\n|t:|1776370210\n|move|p1b: Sneasler|Protect|p1b: Sneasler\n|-singleturn|p1b: Sneasler|Protect\n|move|p2b: Garchomp|Stomping Tantrum|p1b: Sneasler\n|-activate|p1b: Sneasler|move: Protect\n|move|p1a: Pelipper|Tailwind|p1a: Pelipper\n|-sidestart|p1: PierreBrg|move: Tailwind\n|move|p2a: Primarina|Moonblast|p1a: Pelipper\n|-damage|p1a: Pelipper|22/100\n|\n|-weather|RainDance|[upkeep]\n|upkeep\n|turn|3\n|\n|t:|1776370234\n|move|p2b: Garchomp|Protect|p2b: Garchomp\n|-singleturn|p2b: Garchomp|Protect\n|move|p1b: Sneasler|Dire Claw|p2a: Primarina\n|-supereffective|p2a: Primarina|1\n|-damage|p2a: Primarina|1/100\n|move|p1a: Pelipper|Hurricane|p2b: Garchomp\n|-activate|p2b: Garchomp|move: Protect\n|move|p2a: Primarina|Hyper Voice|p1a: Pelipper|[spread] p1a,p1b\n|-resisted|p1a: Pelipper|1\n|-damage|p1a: Pelipper|0 fnt\n|-damage|p1b: Sneasler|29/100\n|faint|p1a: Pelipper\n|\n|-weather|RainDance|[upkeep]\n|upkeep\n|\n|t:|1776370246\n|switch|p1a: Dragonite|Dragonite, L50, M|100/100\n|turn|4\n|c|\u2606PierreBrg|1hp is crazy\n|inactive|Not a sun has 30 seconds left.\n|\n|t:|1776370281\n|detailschange|p1a: Dragonite|Dragonite-Mega, L50, M\n|-mega|p1a: Dragonite|Dragonite|Dragoninite\n|move|p2a: Primarina|Aqua Jet|p1b: Sneasler\n|-damage|p1b: Sneasler|0 fnt\n|faint|p1b: Sneasler\n|move|p1a: Dragonite|Hurricane|p2b: Garchomp\n|-damage|p2b: Garchomp|16/100\n|-start|p2b: Garchomp|confusion\n|-activate|p2b: Garchomp|confusion\n|move|p2b: Garchomp|Dragon Claw|p1a: Dragonite\n|-supereffective|p1a: Dragonite|1\n|-damage|p1a: Dragonite|72/100\n|\n|-weather|RainDance|[upkeep]\n|upkeep\n|\n|t:|1776370291\n|switch|p1b: Incineroar|Incineroar, L50, M|77/100\n|-ability|p1b: Incineroar|Intimidate|boost\n|-unboost|p2a: Primarina|atk|1\n|-unboost|p2b: Garchomp|atk|1\n|turn|5\n|\n|t:|1776370297\n|-activate|p2b: Garchomp|confusion\n|move|p2b: Garchomp|Protect|p2b: Garchomp\n|-singleturn|p2b: Garchomp|Protect\n|move|p2a: Primarina|Protect|p2a: Primarina\n|-singleturn|p2a: Primarina|Protect\n|move|p1b: Incineroar|Fake Out|p2a: Primarina\n|-activate|p2a: Primarina|move: Protect\n|move|p1a: Dragonite|Hurricane|p2b: Garchomp\n|-activate|p2b: Garchomp|move: Protect\n|\n|-weather|none\n|-sideend|p1: PierreBrg|move: Tailwind\n|upkeep\n|turn|6\n|inactive|PierreBrg has 30 seconds left.\n|\n|t:|1776370322\n|-activate|p2b: Garchomp|confusion\n|move|p2b: Garchomp|Stomping Tantrum|p1b: Incineroar\n|-supereffective|p1b: Incineroar|1\n|-damage|p1b: Incineroar|43/100\n|-enditem|p1b: Incineroar|Sitrus Berry|[eat]\n|-heal|p1b: Incineroar|68/100|[from] item: Sitrus Berry\n|move|p1a: Dragonite|Thunder|p2a: Primarina\n|-supereffective|p2a: Primarina|1\n|-damage|p2a: Primarina|0 fnt\n|faint|p2a: Primarina\n|move|p1b: Incineroar|Darkest Lariat|p2b: Garchomp\n|-crit|p2b: Garchomp\n|-damage|p2b: Garchomp|0 fnt\n|-damage|p1b: Incineroar|55/100|[from] ability: Rough Skin|[of] p2b: Garchomp\n|faint|p2b: Garchomp\n|\n|upkeep\n|\n|t:|1776370334\n|switch|p2b: SummerCash|Rotom-Mow, L50|100/100\n|switch|p2a: Froslass|Froslass, L50, F|100/100\n|turn|7\n|\n|t:|1776370350\n|detailschange|p2a: Froslass|Froslass-Mega, L50, F\n|-mega|p2a: Froslass|Froslass|Froslassite\n|-weather|Snowscape|[from] ability: Snow Warning|[of] p2a: Froslass\n|move|p2b: SummerCash|Thunderbolt|p1b: Incineroar\n|-damage|p1b: Incineroar|24/100\n|move|p1a: Dragonite|Hurricane|p2b: SummerCash\n|-damage|p2b: SummerCash|14/100\n|-start|p2b: SummerCash|confusion\n|move|p2a: Froslass|Blizzard|p1b: Incineroar|[spread] p1a,p1b\n|-supereffective|p1a: Dragonite|2\n|-resisted|p1b: Incineroar|1\n|-damage|p1a: Dragonite|0 fnt\n|-damage|p1b: Incineroar|9/100\n|faint|p1a: Dragonite\n|move|p1b: Incineroar|Darkest Lariat|p2a: Froslass\n|-supereffective|p2a: Froslass|1\n|-damage|p2a: Froslass|58/100\n|\n|-weather|Snowscape|[upkeep]\n|upkeep\n|turn|8\n|-message|PierreBrg forfeited.\n|\n|win|Not a sun\n|raw|PierreBrg's rating: 1166 &rarr; <strong>1136</strong><br />(-30 for losing)\n|raw|Not a sun's rating: 1096 &rarr; <strong>1127</strong><br />(+31 for winning)\n|l|\u2606PierreBrg\n|player|p1|\n",
  "uploadtime": 1776370444,
  "views": 24,
  "formatid": "gen9championsvgc2026regma",
  "rating": 1127,
  "private": 0,
  "password": null
}