{
  "id": "gen9championsvgc2026regma-2587596439",
  "format": "[Gen 9 Champions] VGC 2026 Reg M-A",
  "players": [
    "Tunderboltz",
    "Miklosk"
  ],
  "log": "|j|\u2606Tunderboltz\n|j|\u2606Miklosk\n|t:|1776545501\n|gametype|doubles\n|player|p1|Tunderboltz|drayton|1160\n|player|p2|Miklosk|chuck|1166\n|gen|9\n|tier|[Gen 9 Champions] VGC 2026 Reg M-A\n|rated|\n|rule|Species Clause: Limit one of each Pok\u00e9mon\n|rule|Item Clause: Limit 1 of each item\n|clearpoke\n|poke|p1|Archaludon, L50, M|\n|poke|p1|Garchomp, L50, M|\n|poke|p1|Gardevoir, L50, F, shiny|\n|poke|p1|Tyranitar, L50, M|\n|poke|p1|Aegislash, L50, M, shiny|\n|poke|p1|Talonflame, L50, M|\n|poke|p2|Dragonite, L50, M|\n|poke|p2|Aggron, L50, F|\n|poke|p2|Politoed, L50, F|\n|poke|p2|Sinistcha, L50|\n|poke|p2|Arcanine-Hisui, L50, F|\n|poke|p2|Clefable, L50, F|\n|teampreview|4\n|inactive|Battle timer is ON: inactive players will automatically lose when time's up. (requested by Miklosk)\n|inactive|Tunderboltz also wants the timer to be on.\n|c|\u2606Tunderboltz|hf\n|inactive|Miklosk has 60 seconds left.\n|\n|t:|1776545549\n|teamsize|p1|4\n|teamsize|p2|4\n|start\n|switch|p1a: Fawkes|Talonflame, L50, M|100/100\n|switch|p1b: Mandy|Gardevoir, L50, F, shiny|100/100\n|switch|p2a: Arcanine|Arcanine-Hisui, L50, F|100/100\n|switch|p2b: Dragonite|Dragonite, L50, M|100/100\n|-ability|p2a: Arcanine|Intimidate|boost\n|-unboost|p1a: Fawkes|atk|1\n|-unboost|p1b: Mandy|atk|1\n|-ability|p1b: Mandy|Intimidate|Trace|[from] ability: Trace|[of] p2a: Arcanine\n|-ability|p1b: Mandy|Intimidate|boost\n|-unboost|p2a: Arcanine|atk|1\n|-unboost|p2b: Dragonite|atk|1\n|turn|1\n|\n|t:|1776545562\n|detailschange|p1b: Mandy|Gardevoir-Mega, L50, F, shiny\n|-mega|p1b: Mandy|Gardevoir|Gardevoirite\n|move|p2b: Dragonite|Protect|p2b: Dragonite\n|-singleturn|p2b: Dragonite|Protect\n|move|p1a: Fawkes|Tailwind|p1a: Fawkes\n|-sidestart|p1: Tunderboltz|move: Tailwind\n|move|p1b: Mandy|Focus Blast|p2a: Arcanine\n|-supereffective|p2a: Arcanine|1\n|-damage|p2a: Arcanine|0 fnt\n|faint|p2a: Arcanine\n|\n|upkeep\n|\n|t:|1776545572\n|switch|p2a: Politoed|Politoed, L50, F|100/100\n|-weather|RainDance|[from] ability: Drizzle|[of] p2a: Politoed\n|turn|2\n|\n|t:|1776545584\n|switch|p1a: Talwer|Archaludon, L50, M|100/100\n|detailschange|p2b: Dragonite|Dragonite-Mega, L50, M\n|-mega|p2b: Dragonite|Dragonite|Dragoninite\n|move|p1b: Mandy|Hyper Beam|p2b: Dragonite\n|-supereffective|p2b: Dragonite|1\n|-crit|p2b: Dragonite\n|-damage|p2b: Dragonite|0 fnt\n|-mustrecharge|p1b: Mandy\n|faint|p2b: Dragonite\n|move|p2a: Politoed|Muddy Water|p1a: Talwer|[spread] p1b\n|-miss|p2a: Politoed|p1a: Talwer\n|-damage|p1b: Mandy|56/100\n|\n|-weather|RainDance|[upkeep]\n|upkeep\n|c|\u2606Miklosk|Oh\n|c|\u2606Miklosk|Ok crit lol\n|\n|t:|1776545600\n|switch|p2b: Clefable|Clefable, L50, F|100/100\n|turn|3\n|c|\u2606Tunderboltz|dude\n|c|\u2606Tunderboltz|hyper beam\n|c|\u2606Tunderboltz|not hyper voice\n|\n|t:|1776545610\n|cant|p1b: Mandy|recharge\n|move|p1a: Talwer|Flash Cannon|p2b: Clefable\n|-supereffective|p2b: Clefable|1\n|-damage|p2b: Clefable|23/100\n|-enditem|p2b: Clefable|Sitrus Berry|[eat]\n|-heal|p2b: Clefable|48/100|[from] item: Sitrus Berry\n|move|p2a: Politoed|Icy Wind|p1b: Mandy|[spread] p1b\n|-miss|p2a: Politoed|p1a: Talwer\n|-damage|p1b: Mandy|45/100\n|-unboost|p1b: Mandy|spe|1\n|move|p2b: Clefable|Moonblast|p1a: Talwer\n|-damage|p1a: Talwer|56/100\n|-ability|p1a: Talwer|Stamina|boost\n|-boost|p1a: Talwer|def|1\n|\n|-weather|RainDance|[upkeep]\n|upkeep\n|turn|4\n|\n|t:|1776545622\n|move|p2b: Clefable|Protect|p2b: Clefable\n|-singleturn|p2b: Clefable|Protect\n|move|p1a: Talwer|Electro Shot||[still]\n|-prepare|p1a: Talwer|Electro Shot\n|-boost|p1a: Talwer|spa|1\n|-anim|p1a: Talwer|Electro Shot|p2a: Politoed\n|-supereffective|p2a: Politoed|1\n|-enditem|p2a: Politoed|Wacan Berry|[eat]\n|-enditem|p2a: Politoed|Wacan Berry|[weaken]\n|-damage|p2a: Politoed|35/100\n|move|p1b: Mandy|Hyper Beam|p2b: Clefable\n|-activate|p2b: Clefable|move: Protect\n|move|p2a: Politoed|Muddy Water|p1b: Mandy|[spread] p1a,p1b\n|-resisted|p1a: Talwer|1\n|-damage|p1a: Talwer|26/100\n|-damage|p1b: Mandy|2/100\n|-ability|p1a: Talwer|Stamina|boost\n|-boost|p1a: Talwer|def|1\n|\n|-weather|RainDance|[upkeep]\n|-sideend|p1: Tunderboltz|move: Tailwind\n|upkeep\n|turn|5\n|\n|t:|1776545633\n|move|p2b: Clefable|Protect|p2b: Clefable\n|-singleturn|p2b: Clefable|Protect\n|move|p1a: Talwer|Electro Shot||[still]\n|-prepare|p1a: Talwer|Electro Shot\n|-boost|p1a: Talwer|spa|1\n|-anim|p1a: Talwer|Electro Shot|p2a: Politoed\n|-supereffective|p2a: Politoed|1\n|-damage|p2a: Politoed|0 fnt\n|faint|p2a: Politoed\n|move|p1b: Mandy|Hyper Beam|p2b: Clefable\n|-activate|p2b: Clefable|move: Protect\n|\n|-weather|RainDance|[upkeep]\n|upkeep\n|turn|6\n|-message|Miklosk forfeited.\n|\n|win|Tunderboltz\n|raw|Tunderboltz's rating: 1160 &rarr; <strong>1185</strong><br />(+25 for winning)\n|raw|Miklosk's rating: 1166 &rarr; <strong>1141</strong><br />(-25 for losing)\n|l|\u2606Miklosk\n|player|p2|\n",
  "uploadtime": 1776545640,
  "views": 12,
  "formatid": "gen9championsvgc2026regma",
  "rating": 1141,
  "private": 0,
  "password": null
}