{
  "id": "gen9championsvgc2026regma-2584152081",
  "format": "[Gen 9 Champions] VGC 2026 Reg M-A",
  "players": [
    "peepeepowo",
    "iwin21"
  ],
  "log": "|j|\u2606peepeepowo\n|j|\u2606iwin21\n|t:|1776231317\n|gametype|doubles\n|player|p1|peepeepowo|iris-gen5bw2|1086\n|player|p2|iwin21|petrel|1009\n|gen|9\n|tier|[Gen 9 Champions] VGC 2026 Reg M-A\n|rated|\n|rule|Species Clause: Limit one of each Pok\u00e9mon\n|rule|Item Clause: Limit 1 of each item\n|clearpoke\n|poke|p1|Garchomp, L50, M|\n|poke|p1|Orthworm, L50, F|\n|poke|p1|Froslass, L50, F|\n|poke|p1|Tsareena, L50, F|\n|poke|p1|Arcanine-Hisui, L50, F|\n|poke|p1|Tyranitar, L50, F|\n|poke|p2|Starmie, L50|\n|poke|p2|Pelipper, L50, F|\n|poke|p2|Basculegion, L50, M|\n|poke|p2|Meganium, L50, M|\n|poke|p2|Aerodactyl, L50, F|\n|poke|p2|Raichu, L50, M|\n|teampreview|4\n|inactive|Battle timer is ON: inactive players will automatically lose when time's up. (requested by iwin21)\n|\n|t:|1776231355\n|teamsize|p1|4\n|teamsize|p2|4\n|start\n|switch|p1a: Orthworm|Orthworm, L50, F|100/100\n|switch|p1b: Arcanine|Arcanine-Hisui, L50, F|100/100\n|switch|p2a: Starmie|Starmie, L50|100/100\n|switch|p2b: Raichu|Raichu, L50, M|100/100\n|-ability|p1b: Arcanine|Intimidate|boost\n|-unboost|p2a: Starmie|atk|1\n|-unboost|p2b: Raichu|atk|1\n|turn|1\n|inactive|peepeepowo has 30 seconds left.\n|\n|t:|1776231382\n|switch|p1b: Tyranitar|Tyranitar, L50, F|100/100\n|-weather|Sandstorm|[from] ability: Sand Stream|[of] p1b: Tyranitar\n|detailschange|p2a: Starmie|Starmie-Mega, L50\n|-mega|p2a: Starmie|Starmie|Starminite\n|move|p1a: Orthworm|Protect|p1a: Orthworm\n|-singleturn|p1a: Orthworm|Protect\n|move|p2b: Raichu|Fake Out|p1a: Orthworm\n|-activate|p1a: Orthworm|move: Protect\n|move|p2a: Starmie|Liquidation|p1b: Tyranitar\n|-supereffective|p1b: Tyranitar|1\n|-damage|p1b: Tyranitar|30/100\n|\n|-weather|Sandstorm|[upkeep]\n|-damage|p2a: Starmie|95/100|[from] Sandstorm\n|-damage|p2b: Raichu|95/100|[from] Sandstorm\n|upkeep\n|turn|2\n|inactive|peepeepowo has 30 seconds left.\n|inactive|peepeepowo has 20 seconds left.\n|inactive|peepeepowo has 15 seconds left.\n|\n|t:|1776231423\n|switch|p2b: Pelipper|Pelipper, L50, F|100/100\n|-weather|RainDance|[from] ability: Drizzle|[of] p2b: Pelipper\n|move|p2a: Starmie|Liquidation|p1a: Orthworm\n|-damage|p1a: Orthworm|46/100\n|-enditem|p1a: Orthworm|Sitrus Berry|[eat]\n|-heal|p1a: Orthworm|71/100|[from] item: Sitrus Berry\n|move|p1b: Tyranitar|Rock Slide|p2a: Starmie|[spread] p2a,p2b\n|-supereffective|p2b: Pelipper|1\n|-damage|p2a: Starmie|60/100\n|-damage|p2b: Pelipper|57/100\n|move|p1a: Orthworm|Shed Tail|p1a: Orthworm\n|-start|p1a: Orthworm|Substitute|[from] move: Shed Tail\n|-damage|p1a: Orthworm|21/100\n|\n|t:|1776231436\n|switch|p1a: Garchomp|Garchomp, L50, M|100/100|[from] Shed Tail\n|\n|-weather|RainDance|[upkeep]\n|-heal|p2b: Pelipper|63/100|[from] item: Leftovers\n|upkeep\n|turn|3\n|inactive|peepeepowo has 30 seconds left.\n|\n|t:|1776231462\n|switch|p1b: Arcanine|Arcanine-Hisui, L50, F|100/100\n|-ability|p1b: Arcanine|Intimidate|boost\n|-unboost|p2a: Starmie|atk|1\n|-unboost|p2b: Pelipper|atk|1\n|move|p1a: Garchomp|Protect|p1a: Garchomp\n|-singleturn|p1a: Garchomp|Protect\n|move|p2a: Starmie|Liquidation|p1a: Garchomp\n|-activate|p1a: Garchomp|move: Protect\n|move|p2b: Pelipper|Hurricane|p1a: Garchomp\n|-activate|p1a: Garchomp|move: Protect\n|\n|-weather|RainDance|[upkeep]\n|-heal|p2b: Pelipper|69/100|[from] item: Leftovers\n|upkeep\n|turn|4\n|\n|t:|1776231482\n|switch|p1b: Tyranitar|Tyranitar, L50, F|30/100\n|-weather|Sandstorm|[from] ability: Sand Stream|[of] p1b: Tyranitar\n|detailschange|p1a: Garchomp|Garchomp-Mega, L50, M\n|-mega|p1a: Garchomp|Garchomp|Garchompite\n|move|p2a: Starmie|Liquidation|p1b: Tyranitar\n|-supereffective|p1b: Tyranitar|1\n|-damage|p1b: Tyranitar|0 fnt\n|faint|p1b: Tyranitar\n|move|p1a: Garchomp|Swords Dance|p1a: Garchomp\n|-boost|p1a: Garchomp|atk|2\n|move|p2b: Pelipper|Tailwind|p2b: Pelipper\n|-sidestart|p2: iwin21|move: Tailwind\n|\n|-weather|Sandstorm|[upkeep]\n|-damage|p2a: Starmie|55/100|[from] Sandstorm\n|-damage|p2b: Pelipper|63/100|[from] Sandstorm\n|-heal|p2b: Pelipper|69/100|[from] item: Leftovers\n|upkeep\n|\n|t:|1776231498\n|switch|p1b: Arcanine|Arcanine-Hisui, L50, F|100/100\n|-ability|p1b: Arcanine|Intimidate|boost\n|-unboost|p2a: Starmie|atk|1\n|-unboost|p2b: Pelipper|atk|1\n|turn|5\n|\n|t:|1776231519\n|switch|p2a: Raichu|Raichu, L50, M|95/100\n|move|p1b: Arcanine|Wild Charge|p2a: Raichu\n|-ability|p2a: Raichu|Lightning Rod|boost\n|-boost|p2a: Raichu|spa|1\n|move|p2b: Pelipper|U-turn|p1a: Garchomp\n|-activate|p1a: Garchomp|move: Substitute|[damage]\n|\n|t:|1776231527\n|switch|p2b: Aerodactyl|Aerodactyl, L50, F|100/100|[from] U-turn\n|-ability|p2b: Aerodactyl|Unnerve\n|move|p1a: Garchomp|Rock Slide|p2a: Raichu|[spread] p2b\n|-miss|p1a: Garchomp|p2a: Raichu\n|-supereffective|p2b: Aerodactyl|1\n|-enditem|p2b: Aerodactyl|Focus Sash\n|-damage|p2b: Aerodactyl|1/100\n|\n|-weather|Sandstorm|[upkeep]\n|-damage|p2a: Raichu|89/100|[from] Sandstorm\n|upkeep\n|turn|6\n|\n|t:|1776231545\n|switch|p1b: Orthworm|Orthworm, L50, F|21/100\n|move|p2a: Raichu|Fake Out|p1a: Garchomp\n|-activate|p1a: Garchomp|move: Substitute|[damage]\n|move|p2b: Aerodactyl|Rock Slide|p1b: Orthworm|[spread] p1a\n|-miss|p2b: Aerodactyl|p1b: Orthworm\n|-resisted|p1a: Garchomp|1\n|-activate|p1a: Garchomp|move: Substitute|[damage]\n|move|p1a: Garchomp|Rock Slide|p2a: Raichu|[spread] p2a,p2b\n|-supereffective|p2b: Aerodactyl|1\n|-damage|p2a: Raichu|0 fnt\n|-damage|p2b: Aerodactyl|0 fnt\n|faint|p2a: Raichu\n|faint|p2b: Aerodactyl\n|\n|-weather|Sandstorm|[upkeep]\n|upkeep\n|\n|t:|1776231557\n|switch|p2b: Pelipper|Pelipper, L50, F|69/100\n|switch|p2a: Starmie|Starmie-Mega, L50|55/100\n|-weather|RainDance|[from] ability: Drizzle|[of] p2b: Pelipper\n|turn|7\n|\n|t:|1776231573\n|move|p1a: Garchomp|Protect|p1a: Garchomp\n|-singleturn|p1a: Garchomp|Protect\n|move|p1b: Orthworm|Protect|p1b: Orthworm\n|-singleturn|p1b: Orthworm|Protect\n|move|p2a: Starmie|Liquidation|p1b: Orthworm\n|-activate|p1b: Orthworm|move: Protect\n|move|p2b: Pelipper|Hurricane|p1a: Garchomp\n|-activate|p1a: Garchomp|move: Protect\n|\n|-weather|RainDance|[upkeep]\n|-heal|p2b: Pelipper|75/100|[from] item: Leftovers\n|-sideend|p2: iwin21|move: Tailwind\n|upkeep\n|turn|8\n|\n|t:|1776231594\n|move|p1b: Orthworm|Helping Hand|p1a: Garchomp\n|-singleturn|p1a: Garchomp|Helping Hand|[of] p1b: Orthworm\n|move|p2a: Starmie|Liquidation|p1b: Orthworm\n|-damage|p1b: Orthworm|0 fnt\n|faint|p1b: Orthworm\n|move|p1a: Garchomp|Rock Slide|p2b: Pelipper|[spread] p2a,p2b\n|-supereffective|p2b: Pelipper|1\n|-damage|p2a: Starmie|0 fnt\n|-damage|p2b: Pelipper|0 fnt\n|faint|p2a: Starmie\n|faint|p2b: Pelipper\n|\n|win|peepeepowo\n|raw|peepeepowo's rating: 1086 &rarr; <strong>1107</strong><br />(+21 for winning)\n|raw|iwin21's rating: 1009 &rarr; <strong>1000</strong><br />(-9 for losing)\n|l|\u2606iwin21\n|player|p2|\n",
  "uploadtime": 1776231606,
  "views": 25,
  "formatid": "gen9championsvgc2026regma",
  "rating": 1000,
  "private": 0,
  "password": null
}