{
  "id": "gen9championsvgc2026regma-2589593218",
  "format": "[Gen 9 Champions] VGC 2026 Reg M-A",
  "players": [
    "Melon_Puffs94",
    "oscarroja"
  ],
  "log": "|init|battle\n|title|Melon_Puffs94 vs. oscarroja\n|j|\u2606Melon_Puffs94\n|j|\u2606oscarroja\n|t:|1776737267\n|gametype|doubles\n|player|p1|Melon_Puffs94|bianca|1227\n|player|p2|oscarroja|steven|1159\n|gen|9\n|tier|[Gen 9 Champions] VGC 2026 Reg M-A\n|rated|\n|rule|Species Clause: Limit one of each Pok\u00e9mon\n|rule|Item Clause: Limit 1 of each item\n|clearpoke\n|poke|p1|Archaludon, L50, F|\n|poke|p1|Weavile, L50, F|\n|poke|p1|Pelipper, L50, F|\n|poke|p1|Conkeldurr, L50, F|\n|poke|p1|Drampa, L50, F|\n|poke|p1|Mimikyu, L50, F, shiny|\n|poke|p2|Pelipper, L50, M|\n|poke|p2|Archaludon, L50, M|\n|poke|p2|Basculegion, L50, M|\n|poke|p2|Sneasler, L50, M|\n|poke|p2|Starmie, L50, shiny|\n|poke|p2|Incineroar, L50, M|\n|teampreview|4\n|inactive|Battle timer is ON: inactive players will automatically lose when time's up. (requested by Melon_Puffs94)\n|inactive|Melon_Puffs94 has 60 seconds left.\n|\n|t:|1776737307\n|teamsize|p1|4\n|teamsize|p2|4\n|start\n|switch|p1a: Weavile|Weavile, L50, F|100/100\n|switch|p1b: Mimikyu|Mimikyu, L50, F, shiny|100/100\n|switch|p2a: Sneasler|Sneasler, L50, M|100/100\n|switch|p2b: Starmie|Starmie, L50, shiny|100/100\n|turn|1\n|\n|t:|1776737328\n|move|p1a: Weavile|Fake Out|p2a: Sneasler\n|-damage|p2a: Sneasler|79/100\n|cant|p2a: Sneasler|flinch\n|move|p2b: Starmie|Aqua Jet|p1b: Mimikyu\n|-activate|p1b: Mimikyu|ability: Disguise\n|-damage|p1b: Mimikyu|100/100\n|detailschange|p1b: Mimikyu|Mimikyu-Busted, L50, F, shiny\n|-damage|p1b: Mimikyu|88/100|[from] pokemon: Mimikyu-Busted\n|move|p1b: Mimikyu|Shadow Claw|p2b: Starmie\n|-supereffective|p2b: Starmie|1\n|-damage|p2b: Starmie|8/100\n|\n|upkeep\n|turn|2\n|\n|t:|1776737352\n|detailschange|p2b: Starmie|Starmie-Mega, L50, shiny\n|-mega|p2b: Starmie|Starmie|Starminite\n|move|p2b: Starmie|Protect|p2b: Starmie\n|-singleturn|p2b: Starmie|Protect\n|move|p1a: Weavile|Psycho Cut|p2a: Sneasler\n|-supereffective|p2a: Sneasler|2\n|-damage|p2a: Sneasler|0 fnt\n|faint|p2a: Sneasler\n|move|p1b: Mimikyu|Shadow Claw|p2b: Starmie\n|-activate|p2b: Starmie|move: Protect\n|\n|upkeep\n|\n|t:|1776737363\n|switch|p2a: Archaludon|Archaludon, L50, M|100/100\n|turn|3\n|\n|t:|1776737375\n|move|p2b: Starmie|Aqua Jet|p1b: Mimikyu\n|-damage|p1b: Mimikyu|34/100\n|move|p1a: Weavile|Knock Off|p2b: Starmie\n|-supereffective|p2b: Starmie|1\n|-damage|p2b: Starmie|0 fnt\n|faint|p2b: Starmie\n|move|p2a: Archaludon|Flash Cannon|p1a: Weavile\n|-supereffective|p1a: Weavile|1\n|-enditem|p1a: Weavile|Focus Sash\n|-damage|p1a: Weavile|1/100\n|move|p1b: Mimikyu|Trick Room|p1b: Mimikyu\n|-fieldstart|move: Trick Room|[of] p1b: Mimikyu\n|\n|upkeep\n|\n|t:|1776737384\n|switch|p2b: Pelipardo|Pelipper, L50, M|100/100\n|-weather|RainDance|[from] ability: Drizzle|[of] p2b: Pelipardo\n|turn|4\n|\n|t:|1776737401\n|switch|p1a: Drampa|Drampa, L50, F|100/100\n|-ability|p1a: Drampa|Cloud Nine\n|move|p2a: Archaludon|Protect|p2a: Archaludon\n|-singleturn|p2a: Archaludon|Protect\n|move|p1b: Mimikyu|Play Rough|p2b: Pelipardo\n|-damage|p2b: Pelipardo|52/100\n|move|p2b: Pelipardo|Muddy Water|p1b: Mimikyu|[spread] p1a,p1b\n|-resisted|p1a: Drampa|1\n|-crit|p1a: Drampa\n|-damage|p1a: Drampa|79/100\n|-damage|p1b: Mimikyu|7/100\n|\n|-weather|RainDance|[upkeep]\n|upkeep\n|turn|5\n|\n|t:|1776737421\n|move|p1a: Drampa|Earth Power|p2a: Archaludon\n|-supereffective|p2a: Archaludon|1\n|-damage|p2a: Archaludon|9/100\n|-ability|p2a: Archaludon|Stamina|boost\n|-boost|p2a: Archaludon|def|1\n|move|p1b: Mimikyu|Play Rough|p2a: Archaludon\n|-damage|p2a: Archaludon|0 fnt\n|faint|p2a: Archaludon\n|move|p2b: Pelipardo|Hurricane|p1b: Mimikyu|[miss]\n|-miss|p2b: Pelipardo|p1b: Mimikyu\n|\n|-weather|RainDance|[upkeep]\n|upkeep\n|turn|6\n|-message|oscarroja forfeited.\n|\n|win|Melon_Puffs94",
  "uploadtime": 1776737432,
  "rating": 1227,
  "source": "spectated"
}