{
  "id": "gen9championsvgc2026regma-2584763493",
  "format": "[Gen 9 Champions] VGC 2026 Reg M-A",
  "players": [
    "sdlucas",
    "tastytjuice"
  ],
  "log": "|j|\u2606sdlucas\n|j|\u2606tastytjuice\n|t:|1776281950\n|gametype|doubles\n|player|p1|sdlucas|1|1200\n|player|p2|tastytjuice|ethan|1277\n|gen|9\n|tier|[Gen 9 Champions] VGC 2026 Reg M-A\n|rated|\n|rule|Species Clause: Limit one of each Pok\u00e9mon\n|rule|Item Clause: Limit 1 of each item\n|clearpoke\n|poke|p1|Froslass, L50, F|\n|poke|p1|Sneasler, L50, M|\n|poke|p1|Aerodactyl, L50, F|\n|poke|p1|Garchomp, L50, M|\n|poke|p1|Kingambit, L50, F|\n|poke|p1|Rotom-Wash, L50|\n|poke|p2|Tyranitar, L50, F|\n|poke|p2|Excadrill, L50, F|\n|poke|p2|Incineroar, L50, F|\n|poke|p2|Rotom-Wash, L50|\n|poke|p2|Basculegion, L50, M|\n|poke|p2|Aerodactyl, L50, M|\n|teampreview|4\n|\n|t:|1776281996\n|teamsize|p1|4\n|teamsize|p2|4\n|start\n|switch|p1a: Sneasler|Sneasler, L50, M|100/100\n|switch|p1b: Rotom|Rotom-Wash, L50|100/100\n|switch|p2a: Tyranitar|Tyranitar, L50, F, shiny|100/100\n|switch|p2b: Basculegion|Basculegion, L50, M|100/100\n|-weather|Sandstorm|[from] ability: Sand Stream|[of] p2a: Tyranitar\n|turn|1\n|\n|t:|1776282018\n|move|p2a: Tyranitar|Protect|p2a: Tyranitar\n|-singleturn|p2a: Tyranitar|Protect\n|move|p2b: Basculegion|Flip Turn|p1a: Sneasler\n|-damage|p1a: Sneasler|41/100\n|\n|t:|1776282025\n|switch|p2b: Rotom|Rotom-Wash, L50|100/100|[from] Flip Turn\n|move|p1b: Rotom|Thunderbolt|p2b: Rotom\n|-damage|p2b: Rotom|62/100\n|move|p1a: Sneasler|Close Combat|p2a: Tyranitar\n|-activate|p2a: Tyranitar|move: Protect\n|\n|-weather|Sandstorm|[upkeep]\n|-damage|p1b: Rotom|94/100|[from] Sandstorm\n|-damage|p1a: Sneasler|35/100|[from] Sandstorm\n|-damage|p2b: Rotom|56/100|[from] Sandstorm\n|-heal|p2b: Rotom|62/100|[from] item: Leftovers\n|upkeep\n|turn|2\n|\n|t:|1776282043\n|switch|p2a: Basculegion|Basculegion, L50, M|100/100\n|move|p1b: Rotom|Thunderbolt|p2b: Rotom\n|-damage|p2b: Rotom|25/100\n|move|p1a: Sneasler|Close Combat|p2a: Basculegion\n|-immune|p2a: Basculegion\n|move|p2b: Rotom|Volt Switch|p1a: Sneasler\n|-damage|p1a: Sneasler|2/100\n|\n|t:|1776282055\n|switch|p2b: Excadrill|Excadrill, L50, F|100/100|[from] Volt Switch\n|\n|-weather|Sandstorm|[upkeep]\n|-damage|p2a: Basculegion|94/100|[from] Sandstorm\n|-damage|p1b: Rotom|88/100|[from] Sandstorm\n|-damage|p1a: Sneasler|0 fnt|[from] Sandstorm\n|faint|p1a: Sneasler\n|upkeep\n|\n|t:|1776282060\n|switch|p1a: Garchomp|Garchomp, L50, M|100/100\n|turn|3\n|\n|t:|1776282094\n|switch|p2a: Rotom|Rotom-Wash, L50|25/100\n|move|p2b: Excadrill|Iron Head|p1a: Garchomp\n|-damage|p1a: Garchomp|55/100\n|-damage|p2b: Excadrill|88/100|[from] ability: Rough Skin|[of] p1a: Garchomp\n|move|p1b: Rotom|Thunderbolt|p2a: Rotom\n|-damage|p2a: Rotom|0 fnt\n|faint|p2a: Rotom\n|cant|p1a: Garchomp|flinch\n|\n|-weather|Sandstorm|[upkeep]\n|-damage|p1b: Rotom|82/100|[from] Sandstorm\n|upkeep\n|\n|t:|1776282118\n|switch|p2a: Tyranitar|Tyranitar, L50, F, shiny|100/100\n|turn|4\n|\n|t:|1776282128\n|switch|p1b: Froslass|Froslass, L50, F|100/100\n|move|p2a: Tyranitar|Protect|p2a: Tyranitar\n|-singleturn|p2a: Tyranitar|Protect\n|move|p2b: Excadrill|Iron Head|p1a: Garchomp\n|-damage|p1a: Garchomp|10/100\n|-damage|p2b: Excadrill|76/100|[from] ability: Rough Skin|[of] p1a: Garchomp\n|move|p1a: Garchomp|Earthquake|p2b: Excadrill|[spread] p1b,p2b\n|-activate|p2a: Tyranitar|move: Protect\n|-supereffective|p2b: Excadrill|1\n|-damage|p1b: Froslass|36/100\n|-damage|p2b: Excadrill|0 fnt\n|faint|p2b: Excadrill\n|\n|-weather|Sandstorm|[upkeep]\n|-damage|p1b: Froslass|30/100|[from] Sandstorm\n|upkeep\n|\n|t:|1776282143\n|switch|p2b: Basculegion|Basculegion, L50, M|94/100\n|turn|5\n|\n|t:|1776282156\n|detailschange|p1b: Froslass|Froslass-Mega, L50, F\n|-mega|p1b: Froslass|Froslass|Froslassite\n|-weather|Snowscape|[from] ability: Snow Warning|[of] p1b: Froslass\n|detailschange|p2a: Tyranitar|Tyranitar-Mega, L50, F, shiny\n|-mega|p2a: Tyranitar|Tyranitar|Tyranitarite\n|-weather|Sandstorm|[from] ability: Sand Stream|[of] p2a: Tyranitar\n|move|p2b: Basculegion|Last Respects|p1a: Garchomp\n|-damage|p1a: Garchomp|0 fnt\n|faint|p1a: Garchomp\n|move|p1b: Froslass|Blizzard|p2a: Tyranitar|[spread] p2a\n|-miss|p1b: Froslass|p2b: Basculegion\n|-damage|p2a: Tyranitar|76/100\n|move|p2a: Tyranitar|Rock Slide|p1b: Froslass|[miss]\n|-miss|p2a: Tyranitar|p1b: Froslass\n|\n|-weather|Sandstorm|[upkeep]\n|-damage|p2b: Basculegion|88/100|[from] Sandstorm\n|-damage|p1b: Froslass|24/100|[from] Sandstorm\n|upkeep\n|\n|t:|1776282170\n|switch|p1a: Rotom|Rotom-Wash, L50|82/100\n|turn|6\n|\n|t:|1776282187\n|move|p1b: Froslass|Protect|p1b: Froslass\n|-singleturn|p1b: Froslass|Protect\n|move|p2b: Basculegion|Last Respects|p1a: Rotom\n|-damage|p1a: Rotom|0 fnt\n|faint|p1a: Rotom\n|move|p2a: Tyranitar|Knock Off|p1b: Froslass\n|-activate|p1b: Froslass|move: Protect\n|\n|-weather|Sandstorm|[upkeep]\n|-damage|p2b: Basculegion|82/100|[from] Sandstorm\n|-damage|p1b: Froslass|18/100|[from] Sandstorm\n|upkeep\n|turn|7\n|-message|sdlucas forfeited.\n|\n|win|tastytjuice\n|raw|sdlucas's rating: 1200 &rarr; <strong>1180</strong><br />(-20 for losing)\n|raw|tastytjuice's rating: 1277 &rarr; <strong>1297</strong><br />(+20 for winning)\n|l|\u2606sdlucas\n|player|p1|\n",
  "uploadtime": 1776282201,
  "views": 17,
  "formatid": "gen9championsvgc2026regma",
  "rating": 1180,
  "private": 0,
  "password": null
}