{
  "id": "gen9championsvgc2026regma-2586078664",
  "format": "[Gen 9 Champions] VGC 2026 Reg M-A",
  "players": [
    "Spma13",
    "kuanyou"
  ],
  "log": "|j|\u2606Spma13\n|j|\u2606kuanyou\n|t:|1776396671\n|gametype|doubles\n|player|p1|Spma13|265|1260\n|player|p2|kuanyou|266|1260\n|gen|9\n|tier|[Gen 9 Champions] VGC 2026 Reg M-A\n|rated|\n|rule|Species Clause: Limit one of each Pok\u00e9mon\n|rule|Item Clause: Limit 1 of each item\n|clearpoke\n|poke|p1|Medicham, L50, M|\n|poke|p1|Kingambit, L50, M|\n|poke|p1|Arcanine-Hisui, L50, M|\n|poke|p1|Gengar, L50, F|\n|poke|p1|Ninetales-Alola, L50, F|\n|poke|p1|Dragonite, L50, F|\n|poke|p2|Sneasler, L50, M|\n|poke|p2|Scovillain, L50, M|\n|poke|p2|Primarina, L50, M|\n|poke|p2|Kingambit, L50, F|\n|poke|p2|Aerodactyl, L50, M|\n|poke|p2|Garchomp, L50, M|\n|teampreview|4\n|inactive|Battle timer is ON: inactive players will automatically lose when time's up. (requested by Spma13)\n|inactive|Spma13 has 60 seconds left.\n|inactive|kuanyou has 60 seconds left.\n|\n|t:|1776396725\n|teamsize|p1|4\n|teamsize|p2|4\n|start\n|switch|p1a: Medicham|Medicham, L50, M|100/100\n|switch|p1b: Gengar|Gengar, L50, F|100/100\n|switch|p2a: Scovillain|Scovillain, L50, M|100/100\n|switch|p2b: Kingambit|Kingambit, L50, F|100/100\n|turn|1\n|\n|t:|1776396737\n|detailschange|p1b: Gengar|Gengar-Mega, L50, F\n|-mega|p1b: Gengar|Gengar|Gengarite\n|move|p2a: Scovillain|Protect|p2a: Scovillain\n|-singleturn|p2a: Scovillain|Protect\n|move|p2b: Kingambit|Protect|p2b: Kingambit\n|-singleturn|p2b: Kingambit|Protect\n|move|p1a: Medicham|Fake Out|p2b: Kingambit\n|-activate|p2b: Kingambit|move: Protect\n|move|p1b: Gengar|Sludge Bomb|p2a: Scovillain\n|-activate|p2a: Scovillain|move: Protect\n|\n|-ability|p2a: Scovillain|Moody|boost\n|-boost|p2a: Scovillain|spa|2\n|-unboost|p2a: Scovillain|def|1\n|upkeep\n|turn|2\n|inactive|Spma13 has 30 seconds left.\n|inactive|Spma13 has 20 seconds left.\n|inactive|Spma13 has 15 seconds left.\n|\n|t:|1776396786\n|detailschange|p2a: Scovillain|Scovillain-Mega, L50, M\n|-mega|p2a: Scovillain|Scovillain|Scovillainite\n|move|p1b: Gengar|Protect|p1b: Gengar\n|-singleturn|p1b: Gengar|Protect\n|move|p2a: Scovillain|Rage Powder|p2a: Scovillain\n|-singleturn|p2a: Scovillain|move: Rage Powder\n|move|p1a: Medicham|Skill Swap|p2a: Scovillain\n|-activate|p1a: Medicham|Skill Swap|Spicy Spray|Pure Power|[of] p2a: Scovillain\n|move|p2b: Kingambit|Kowtow Cleave|p1b: Gengar\n|-activate|p1b: Gengar|move: Protect\n|\n|upkeep\n|turn|3\n|inactive|Spma13 has 30 seconds left.\n|\n|t:|1776396816\n|move|p2a: Scovillain|Rage Powder|p2a: Scovillain\n|-singleturn|p2a: Scovillain|move: Rage Powder\n|move|p1b: Gengar|Disable|p2a: Scovillain\n|-start|p2a: Scovillain|Disable|Rage Powder\n|move|p1a: Medicham|Close Combat|p2a: Scovillain\n|-damage|p2a: Scovillain|47/100\n|-unboost|p1a: Medicham|def|1\n|-unboost|p1a: Medicham|spd|1\n|move|p2b: Kingambit|Kowtow Cleave|p1b: Gengar\n|-supereffective|p1b: Gengar|1\n|-damage|p1b: Gengar|0 fnt\n|faint|p1b: Gengar\n|\n|upkeep\n|\n|t:|1776396825\n|switch|p1b: Arcanine|Arcanine-Hisui, L50, M|100/100\n|-ability|p1b: Arcanine|Intimidate|boost\n|-unboost|p2a: Scovillain|atk|1\n|-unboost|p2b: Kingambit|atk|1\n|-ability|p2b: Kingambit|Defiant|boost\n|-boost|p2b: Kingambit|atk|2\n|turn|4\n|\n|t:|1776396849\n|switch|p2a: Aerodactyl|Aerodactyl, L50, M|100/100\n|-ability|p2a: Aerodactyl|Unnerve\n|move|p2b: Kingambit|Protect|p2b: Kingambit\n|-singleturn|p2b: Kingambit|Protect\n|move|p1a: Medicham|Close Combat|p2b: Kingambit\n|-activate|p2b: Kingambit|move: Protect\n|move|p1b: Arcanine|Rock Slide|p2a: Aerodactyl|[spread] p2a\n|-activate|p2b: Kingambit|move: Protect\n|-supereffective|p2a: Aerodactyl|1\n|-damage|p2a: Aerodactyl|10/100\n|\n|upkeep\n|turn|5\n|\n|t:|1776396871\n|switch|p2b: Scovillain|Scovillain-Mega, L50, M|47/100\n|move|p1b: Arcanine|Extreme Speed|p2a: Aerodactyl\n|-resisted|p2a: Aerodactyl|1\n|-damage|p2a: Aerodactyl|0 fnt\n|faint|p2a: Aerodactyl\n|move|p1a: Medicham|Close Combat|p2b: Scovillain\n|-damage|p2b: Scovillain|10/100\n|-unboost|p1a: Medicham|def|1\n|-unboost|p1a: Medicham|spd|1\n|-status|p1a: Medicham|brn|[from] ability: Spicy Spray|[of] p2b: Scovillain\n|\n|-damage|p1a: Medicham|95/100 brn|[from] brn\n|upkeep\n|\n|t:|1776396885\n|switch|p2a: Garchomp|Garchomp, L50, M|100/100\n|turn|6\n|\n|t:|1776396904\n|move|p1b: Arcanine|Protect|p1b: Arcanine\n|-singleturn|p1b: Arcanine|Protect\n|move|p2b: Scovillain|Protect|p2b: Scovillain\n|-singleturn|p2b: Scovillain|Protect\n|move|p2a: Garchomp|Earthquake|p1a: Medicham|[spread] p1a\n|-activate|p2b: Scovillain|move: Protect\n|-activate|p1b: Arcanine|move: Protect\n|-damage|p1a: Medicham|0 fnt\n|-status|p2a: Garchomp|brn|[from] ability: Spicy Spray|[of] p1a: Medicham\n|faint|p1a: Medicham\n|\n|-damage|p2a: Garchomp|95/100 brn|[from] brn\n|upkeep\n|\n|t:|1776396906\n|switch|p1a: Dragonite|Dragonite, L50, F|100/100\n|turn|7\n|inactive|kuanyou has 30 seconds left.\n|\n|t:|1776396932\n|move|p1b: Arcanine|Extreme Speed|p2b: Scovillain\n|-damage|p2b: Scovillain|0 fnt\n|-immune|p1b: Arcanine\n|faint|p2b: Scovillain\n|move|p2a: Garchomp|Stomping Tantrum|p1b: Arcanine\n|-supereffective|p1b: Arcanine|2\n|-damage|p1b: Arcanine|9/100\n|move|p1a: Dragonite|Scale Shot|p2a: Garchomp\n|-supereffective|p2a: Garchomp|1\n|-enditem|p2a: Garchomp|Haban Berry|[eat]\n|-enditem|p2a: Garchomp|Haban Berry|[weaken]\n|-damage|p2a: Garchomp|78/100 brn\n|-supereffective|p2a: Garchomp|1\n|-damage|p2a: Garchomp|48/100 brn\n|-hitcount|p2a: Garchomp|2\n|-unboost|p1a: Dragonite|def|1\n|-boost|p1a: Dragonite|spe|1\n|\n|-damage|p2a: Garchomp|42/100 brn|[from] brn\n|upkeep\n|\n|t:|1776396949\n|switch|p2b: Kingambit|Kingambit, L50, F|100/100\n|turn|8\n|\n|t:|1776396973\n|move|p2b: Kingambit|Sucker Punch|p1b: Arcanine\n|-damage|p1b: Arcanine|0 fnt\n|faint|p1b: Arcanine\n|move|p1a: Dragonite|Scale Shot|p2a: Garchomp\n|-supereffective|p2a: Garchomp|1\n|-damage|p2a: Garchomp|8/100 brn\n|-supereffective|p2a: Garchomp|1\n|-damage|p2a: Garchomp|0 fnt\n|faint|p2a: Garchomp\n|-hitcount|p2: Garchomp|2\n|-unboost|p1a: Dragonite|def|1\n|-boost|p1a: Dragonite|spe|1\n|\n|upkeep\n|turn|9\n|-message|Spma13 forfeited.\n|\n|win|kuanyou\n|raw|Spma13's rating: 1260 &rarr; <strong>1235</strong><br />(-25 for losing)\n|raw|kuanyou's rating: 1260 &rarr; <strong>1285</strong><br />(+25 for winning)\n",
  "uploadtime": 1776396980,
  "views": 32,
  "formatid": "gen9championsvgc2026regma",
  "rating": 1235,
  "private": 0,
  "password": null
}