{
  "id": "gen9championsvgc2026regma-2587650683",
  "format": "[Gen 9 Champions] VGC 2026 Reg M-A",
  "players": [
    "YolkBloke",
    "anapankeisuwu"
  ],
  "log": "|j|\u2606YolkBloke\n|j|\u2606anapankeisuwu\n|t:|1776550442\n|gametype|doubles\n|player|p1|YolkBloke|hiker-gen4|1064\n|player|p2|anapankeisuwu|2|1000\n|gen|9\n|tier|[Gen 9 Champions] VGC 2026 Reg M-A\n|rated|\n|rule|Species Clause: Limit one of each Pok\u00e9mon\n|rule|Item Clause: Limit 1 of each item\n|clearpoke\n|poke|p1|Slowking, L50, F|\n|poke|p1|Crabominable, L50, F|\n|poke|p1|Incineroar, L50, M|\n|poke|p1|Sinistcha, L50|\n|poke|p1|Aerodactyl, L50, F|\n|poke|p1|Kommo-o, L50, F|\n|poke|p2|Aerodactyl, L50, M|\n|poke|p2|Floette-Eternal, L50, F|\n|poke|p2|Milotic, L50, F|\n|poke|p2|Garchomp, L50, F|\n|poke|p2|Incineroar, L50, M|\n|poke|p2|Scizor, L50, M|\n|teampreview|4\n|inactive|Battle timer is ON: inactive players will automatically lose when time's up. (requested by YolkBloke)\n|\n|t:|1776550472\n|teamsize|p1|4\n|teamsize|p2|4\n|start\n|switch|p1a: Sinistcha|Sinistcha, L50|100/100\n|switch|p1b: Slowking|Slowking, L50, F|100/100\n|switch|p2a: Aerodactyl|Aerodactyl, L50, M|100/100\n|switch|p2b: Milotic|Milotic, L50, F|100/100\n|-ability|p2a: Aerodactyl|Unnerve\n|turn|1\n|\n|t:|1776550489\n|move|p2a: Aerodactyl|Dual Wingbeat|p1a: Sinistcha\n|-supereffective|p1a: Sinistcha|1\n|-damage|p1a: Sinistcha|66/100\n|-supereffective|p1a: Sinistcha|1\n|-damage|p1a: Sinistcha|32/100\n|-hitcount|p1a: Sinistcha|2\n|move|p2b: Milotic|Icy Wind|p1b: Slowking|[spread] p1a,p1b\n|-supereffective|p1a: Sinistcha|1\n|-resisted|p1b: Slowking|1\n|-damage|p1a: Sinistcha|9/100\n|-damage|p1b: Slowking|96/100\n|-unboost|p1a: Sinistcha|spe|1\n|-unboost|p1b: Slowking|spe|1\n|move|p1a: Sinistcha|Matcha Gotcha|p2a: Aerodactyl|[spread] p2a,p2b\n|-supereffective|p2b: Milotic|1\n|-damage|p2a: Aerodactyl|56/100\n|-heal|p1a: Sinistcha|29/100|[from] drain|[of] p2a: Aerodactyl\n|-damage|p2b: Milotic|59/100\n|-heal|p1a: Sinistcha|53/100|[from] drain|[of] p2b: Milotic\n|-status|p2a: Aerodactyl|brn\n|move|p1b: Slowking|Trick Room|p1b: Slowking\n|-fieldstart|move: Trick Room|[of] p1b: Slowking\n|\n|-heal|p1a: Sinistcha|59/100|[from] item: Leftovers\n|-heal|p2b: Milotic|65/100|[from] item: Leftovers\n|-damage|p2a: Aerodactyl|50/100 brn|[from] brn\n|upkeep\n|turn|2\n|inactive|anapankeisuwu has 30 seconds left.\n|\n|t:|1776550518\n|move|p2b: Milotic|Protect|p2b: Milotic\n|-singleturn|p2b: Milotic|Protect\n|move|p2a: Aerodactyl|Protect|p2a: Aerodactyl\n|-singleturn|p2a: Aerodactyl|Protect\n|move|p1b: Slowking|Psychic|p2b: Milotic\n|-activate|p2b: Milotic|move: Protect\n|move|p1a: Sinistcha|Matcha Gotcha|p2a: Aerodactyl|[spread] \n|-activate|p2a: Aerodactyl|move: Protect\n|-activate|p2b: Milotic|move: Protect\n|\n|-heal|p1a: Sinistcha|65/100|[from] item: Leftovers\n|-heal|p2b: Milotic|71/100|[from] item: Leftovers\n|-damage|p2a: Aerodactyl|44/100 brn|[from] brn\n|upkeep\n|turn|3\n|\n|t:|1776550542\n|switch|p2a: Garchomp|Garchomp, L50, F|100/100\n|move|p1b: Slowking|Scald|p2b: Milotic\n|-resisted|p2b: Milotic|1\n|-damage|p2b: Milotic|59/100\n|-status|p2b: Milotic|brn\n|move|p1a: Sinistcha|Matcha Gotcha|p2b: Milotic|[spread] p2a,p2b\n|-supereffective|p2b: Milotic|1\n|-damage|p2a: Garchomp|64/100\n|-heal|p1a: Sinistcha|84/100|[from] drain|[of] p2a: Garchomp\n|-damage|p2b: Milotic|17/100 brn\n|-heal|p1a: Sinistcha|100/100|[from] drain|[of] p2b: Milotic\n|-status|p2a: Garchomp|brn\n|move|p2b: Milotic|Icy Wind|p1a: Sinistcha|[spread] p1a,p1b\n|-supereffective|p1a: Sinistcha|1\n|-resisted|p1b: Slowking|1\n|-damage|p1a: Sinistcha|77/100\n|-damage|p1b: Slowking|92/100\n|-unboost|p1a: Sinistcha|spe|1\n|-unboost|p1b: Slowking|spe|1\n|\n|-heal|p1a: Sinistcha|83/100|[from] item: Leftovers\n|-heal|p2b: Milotic|23/100 brn|[from] item: Leftovers\n|-damage|p2b: Milotic|17/100 brn|[from] brn\n|-damage|p2a: Garchomp|58/100 brn|[from] brn\n|upkeep\n|turn|4\n|inactive|anapankeisuwu has 30 seconds left.\n|\n|t:|1776550574\n|move|p2b: Milotic|Protect|p2b: Milotic\n|-singleturn|p2b: Milotic|Protect\n|move|p2a: Garchomp|Protect|p2a: Garchomp\n|-singleturn|p2a: Garchomp|Protect\n|move|p1b: Slowking|Psychic|p2a: Garchomp\n|-activate|p2a: Garchomp|move: Protect\n|move|p1a: Sinistcha|Matcha Gotcha|p2a: Garchomp|[spread] \n|-activate|p2a: Garchomp|move: Protect\n|-activate|p2b: Milotic|move: Protect\n|\n|-heal|p1a: Sinistcha|89/100|[from] item: Leftovers\n|-heal|p2b: Milotic|23/100 brn|[from] item: Leftovers\n|-damage|p2b: Milotic|17/100 brn|[from] brn\n|-damage|p2a: Garchomp|52/100 brn|[from] brn\n|upkeep\n|turn|5\n|\n|t:|1776550597\n|move|p2b: Milotic|Life Dew|p2b: Milotic|[spread] p2a,p2b\n|-heal|p2a: Garchomp|77/100 brn\n|-heal|p2b: Milotic|43/100 brn\n|move|p2a: Garchomp|Dragon Claw|p1a: Sinistcha\n|-damage|p1a: Sinistcha|67/100\n|move|p1b: Slowking|Trick Room|p1b: Slowking\n|-fieldend|move: Trick Room\n|move|p1a: Sinistcha|Trick Room|p1a: Sinistcha\n|-fieldstart|move: Trick Room|[of] p1a: Sinistcha\n|\n|-heal|p1a: Sinistcha|74/100|[from] item: Leftovers\n|-heal|p2b: Milotic|49/100 brn|[from] item: Leftovers\n|-damage|p2b: Milotic|43/100 brn|[from] brn\n|-damage|p2a: Garchomp|71/100 brn|[from] brn\n|upkeep\n|turn|6\n|\n|t:|1776550615\n|move|p2b: Milotic|Protect|p2b: Milotic\n|-singleturn|p2b: Milotic|Protect\n|move|p2a: Garchomp|Protect|p2a: Garchomp\n|-singleturn|p2a: Garchomp|Protect\n|move|p1b: Slowking|Psychic|p2a: Garchomp\n|-activate|p2a: Garchomp|move: Protect\n|move|p1a: Sinistcha|Matcha Gotcha|p2b: Milotic|[spread] \n|-activate|p2a: Garchomp|move: Protect\n|-activate|p2b: Milotic|move: Protect\n|\n|-heal|p1a: Sinistcha|80/100|[from] item: Leftovers\n|-heal|p2b: Milotic|49/100 brn|[from] item: Leftovers\n|-damage|p2b: Milotic|43/100 brn|[from] brn\n|-damage|p2a: Garchomp|65/100 brn|[from] brn\n|upkeep\n|turn|7\n|inactive|anapankeisuwu has 30 seconds left.\n|\n|t:|1776550641\n|move|p1b: Slowking|Psychic|p2a: Garchomp\n|-damage|p2a: Garchomp|15/100 brn\n|move|p1a: Sinistcha|Matcha Gotcha|p2a: Garchomp|[spread] p2a,p2b\n|-supereffective|p2b: Milotic|1\n|-damage|p2a: Garchomp|0 fnt\n|-heal|p1a: Sinistcha|88/100|[from] drain|[of] p2a: Garchomp\n|-damage|p2b: Milotic|3/100 brn\n|-heal|p1a: Sinistcha|100/100|[from] drain|[of] p2b: Milotic\n|faint|p2a: Garchomp\n|move|p2b: Milotic|Muddy Water|p1a: Sinistcha|[spread] p1a,p1b\n|-resisted|p1a: Sinistcha|1\n|-resisted|p1b: Slowking|1\n|-damage|p1a: Sinistcha|87/100\n|-damage|p1b: Slowking|81/100\n|-unboost|p1b: Slowking|accuracy|1\n|\n|-heal|p1a: Sinistcha|93/100|[from] item: Leftovers\n|-heal|p2b: Milotic|9/100 brn|[from] item: Leftovers\n|-damage|p2b: Milotic|3/100 brn|[from] brn\n|upkeep\n|-message|anapankeisuwu forfeited.\n|\n|win|YolkBloke\n|raw|YolkBloke's rating: 1064 &rarr; <strong>1089</strong><br />(+25 for winning)\n|raw|anapankeisuwu's rating: 1000 &rarr; <strong>1000</strong><br />(+0 for losing)\n|l|\u2606anapankeisuwu\n|player|p2|\n",
  "uploadtime": 1776550653,
  "views": 12,
  "formatid": "gen9championsvgc2026regma",
  "rating": 1000,
  "private": 0,
  "password": null
}