{
  "id": "gen9championsvgc2026regma-2587847441",
  "format": "[Gen 9 Champions] VGC 2026 Reg M-A",
  "players": [
    "Marspiter",
    "PlagueOfMinds"
  ],
  "log": "|j|\u2606Marspiter\n|j|\u2606PlagueOfMinds\n|t:|1776570190\n|gametype|doubles\n|player|p1|Marspiter|steven|1442\n|player|p2|PlagueOfMinds|265|1427\n|gen|9\n|tier|[Gen 9 Champions] VGC 2026 Reg M-A\n|rated|\n|rule|Species Clause: Limit one of each Pok\u00e9mon\n|rule|Item Clause: Limit 1 of each item\n|clearpoke\n|poke|p1|Scizor, L50, F|\n|poke|p1|Basculegion, L50, M|\n|poke|p1|Sneasler, L50, F|\n|poke|p1|Archaludon, L50, F|\n|poke|p1|Pelipper, L50, M|\n|poke|p1|Dragonite, L50, F|\n|poke|p2|Oranguru, L50, F|\n|poke|p2|Torkoal, L50, M|\n|poke|p2|Sylveon, L50, M|\n|poke|p2|Feraligatr, L50, M|\n|poke|p2|Sinistcha, L50|\n|poke|p2|Glimmora, L50, F|\n|teampreview|4\n|inactive|Battle timer is ON: inactive players will automatically lose when time's up. (requested by PlagueOfMinds)\n|\n|t:|1776570222\n|teamsize|p1|4\n|teamsize|p2|4\n|start\n|switch|p1a: Basculegion|Basculegion, L50, M|100/100\n|switch|p1b: Sneasler|Sneasler, L50, F|100/100\n|switch|p2a: Sylveon|Sylveon, L50, M|100/100\n|switch|p2b: Oranguru|Oranguru, L50, F|100/100\n|turn|1\n|\n|t:|1776570242\n|switch|p1b: Pelipper|Pelipper, L50, M|100/100\n|-weather|RainDance|[from] ability: Drizzle|[of] p1b: Pelipper\n|move|p2a: Sylveon|Protect|p2a: Sylveon\n|-singleturn|p2a: Sylveon|Protect\n|move|p1a: Basculegion|Wave Crash|p2b: Oranguru\n|-damage|p2b: Oranguru|15/100\n|-damage|p1a: Basculegion|73/100|[from] Recoil\n|move|p2b: Oranguru|Trick Room|p2b: Oranguru\n|-fieldstart|move: Trick Room|[of] p2b: Oranguru\n|\n|-weather|RainDance|[upkeep]\n|upkeep\n|turn|2\n|\n|t:|1776570260\n|switch|p1a: Scizor|Scizor, L50, F|100/100\n|move|p1b: Pelipper|Protect|p1b: Pelipper\n|-singleturn|p1b: Pelipper|Protect\n|move|p2a: Sylveon|Hyper Voice|p1b: Pelipper|[spread] p1a\n|-activate|p1b: Pelipper|move: Protect\n|-resisted|p1a: Scizor|1\n|-damage|p1a: Scizor|70/100\n|move|p2b: Oranguru|Instruct|p2a: Sylveon\n|-singleturn|p2a: Sylveon|move: Instruct|[of] p2b: Oranguru\n|move|p2a: Sylveon|Hyper Voice|p1b: Pelipper|[spread] p1a\n|-activate|p1b: Pelipper|move: Protect\n|-resisted|p1a: Scizor|1\n|-damage|p1a: Scizor|41/100\n|\n|-weather|RainDance|[upkeep]\n|upkeep\n|turn|3\n|inactive|Marspiter has 30 seconds left.\n|inactive|PlagueOfMinds has 30 seconds left.\n|\n|t:|1776570293\n|switch|p2a: Torkoal|Torkoal, L50, M|100/100\n|-weather|SunnyDay|[from] ability: Drought|[of] p2a: Torkoal\n|detailschange|p1a: Scizor|Scizor-Mega, L50, F\n|-mega|p1a: Scizor|Scizor|Scizorite\n|move|p1a: Scizor|Bullet Punch|p2b: Oranguru\n|-damage|p2b: Oranguru|0 fnt\n|faint|p2b: Oranguru\n|move|p1b: Pelipper|Weather Ball|p2a: Torkoal\n|-resisted|p2a: Torkoal|1\n|-damage|p2a: Torkoal|73/100\n|\n|-weather|SunnyDay|[upkeep]\n|upkeep\n|\n|t:|1776570305\n|switch|p2b: Sylveon|Sylveon, L50, M|100/100\n|turn|4\n|inactive|Marspiter has 30 seconds left.\n|inactive|PlagueOfMinds has 30 seconds left.\n|\n|t:|1776570339\n|switch|p2b: Feraligatr|Feraligatr, L50, M|100/100\n|switch|p1b: Sneasler|Sneasler, L50, F|100/100\n|move|p1a: Scizor|Protect|p1a: Scizor\n|-singleturn|p1a: Scizor|Protect\n|move|p2a: Torkoal|Flamethrower|p1a: Scizor\n|-activate|p1a: Scizor|move: Protect\n|\n|-weather|SunnyDay|[upkeep]\n|upkeep\n|turn|5\n|\n|t:|1776570362\n|detailschange|p2b: Feraligatr|Feraligatr-Mega, L50, M\n|-mega|p2b: Feraligatr|Feraligatr|Feraligite\n|move|p1b: Sneasler|Fake Out|p2a: Torkoal\n|-damage|p2a: Torkoal|60/100\n|cant|p2a: Torkoal|flinch\n|move|p2b: Feraligatr|Double-Edge|p1b: Sneasler\n|-damage|p1b: Sneasler|0 fnt\n|faint|p1b: Sneasler\n|-damage|p2b: Feraligatr|73/100|[from] Recoil\n|move|p1a: Scizor|Bug Bite|p2b: Feraligatr\n|-damage|p2b: Feraligatr|31/100\n|\n|-weather|SunnyDay|[upkeep]\n|-fieldend|move: Trick Room\n|upkeep\n|\n|t:|1776570378\n|switch|p1b: Pelipper|Pelipper, L50, M|100/100\n|-weather|RainDance|[from] ability: Drizzle|[of] p1b: Pelipper\n|turn|6\n|inactive|Marspiter has 30 seconds left.\n|\n|t:|1776570408\n|switch|p2a: Sylveon|Sylveon, L50, M|100/100\n|move|p2b: Feraligatr|Protect|p2b: Feraligatr\n|-singleturn|p2b: Feraligatr|Protect\n|move|p1a: Scizor|Bullet Punch|p2a: Sylveon\n|-supereffective|p2a: Sylveon|1\n|-damage|p2a: Sylveon|5/100\n|move|p1b: Pelipper|Hurricane|p2b: Feraligatr\n|-activate|p2b: Feraligatr|move: Protect\n|\n|-weather|RainDance|[upkeep]\n|upkeep\n|turn|7\n|\n|t:|1776570431\n|switch|p2a: Torkoal|Torkoal, L50, M|60/100\n|-weather|SunnyDay|[from] ability: Drought|[of] p2a: Torkoal\n|move|p1a: Scizor|Bullet Punch|p2a: Torkoal\n|-resisted|p2a: Torkoal|1\n|-crit|p2a: Torkoal\n|-damage|p2a: Torkoal|38/100\n|move|p1b: Pelipper|Hurricane|p2b: Feraligatr|[miss]\n|-miss|p1b: Pelipper|p2b: Feraligatr\n|move|p2b: Feraligatr|Double-Edge|p1b: Pelipper\n|-enditem|p1b: Pelipper|Focus Sash\n|-damage|p1b: Pelipper|1/100\n|-damage|p2b: Feraligatr|8/100|[from] Recoil\n|\n|-weather|SunnyDay|[upkeep]\n|upkeep\n|turn|8\n|inactive|Marspiter has 30 seconds left.\n|\n|t:|1776570463\n|move|p1b: Pelipper|Weather Ball|p2a: Torkoal\n|-resisted|p2a: Torkoal|1\n|-damage|p2a: Torkoal|11/100\n|move|p1a: Scizor|Bug Bite|p2b: Feraligatr\n|-damage|p2b: Feraligatr|0 fnt\n|faint|p2b: Feraligatr\n|move|p2a: Torkoal|Eruption|p1a: Scizor|[spread] p1a,p1b\n|-supereffective|p1a: Scizor|2\n|-resisted|p1b: Pelipper|1\n|-damage|p1a: Scizor|0 fnt\n|-damage|p1b: Pelipper|0 fnt\n|faint|p1a: Scizor\n|faint|p1b: Pelipper\n|\n|-weather|SunnyDay|[upkeep]\n|upkeep\n|\n|t:|1776570479\n|switch|p1a: Basculegion|Basculegion, L50, M|73/100\n|switch|p2b: Sylveon|Sylveon, L50, M|5/100\n|turn|9\n|\n|t:|1776570486\n|move|p1a: Basculegion|Last Respects|p2b: Sylveon\n|-damage|p2b: Sylveon|0 fnt\n|faint|p2b: Sylveon\n|move|p2a: Torkoal|Solar Beam||[still]\n|-prepare|p2a: Torkoal|Solar Beam\n|-anim|p2a: Torkoal|Solar Beam|p1a: Basculegion\n|-supereffective|p1a: Basculegion|1\n|-damage|p1a: Basculegion|0 fnt\n|faint|p1a: Basculegion\n|\n|win|PlagueOfMinds\n|raw|Marspiter's rating: 1442 &rarr; <strong>1421</strong><br />(-21 for losing)\n|raw|PlagueOfMinds's rating: 1427 &rarr; <strong>1448</strong><br />(+21 for winning)\n|c|\u2606PlagueOfMinds|gg\n|l|\u2606Marspiter\n|player|p1|\n",
  "uploadtime": 1776570522,
  "views": 16,
  "formatid": "gen9championsvgc2026regma",
  "rating": 1421,
  "private": 0,
  "password": null
}