{
  "id": "gen9championsvgc2026regma-2588567837",
  "format": "[Gen 9 Champions] VGC 2026 Reg M-A",
  "players": [
    "strogo273",
    "dalut"
  ],
  "log": "|j|\u2606strogo273\n|j|\u2606dalut\n|t:|1776645760\n|gametype|doubles\n|player|p1|strogo273|101|1070\n|player|p2|dalut|brock|1013\n|gen|9\n|tier|[Gen 9 Champions] VGC 2026 Reg M-A\n|rated|\n|rule|Species Clause: Limit one of each Pok\u00e9mon\n|rule|Item Clause: Limit 1 of each item\n|clearpoke\n|poke|p1|Aggron, L50, M|\n|poke|p1|Sinistcha, L50, shiny|\n|poke|p1|Incineroar, L50, M|\n|poke|p1|Glimmora, L50, F|\n|poke|p1|Mamoswine, L50, F|\n|poke|p1|Tyranitar, L50, M|\n|poke|p2|Floette-Eternal, L50, F|\n|poke|p2|Aerodactyl, L50, M|\n|poke|p2|Incineroar, L50, F|\n|poke|p2|Sneasler, L50, M|\n|poke|p2|Sinistcha, L50|\n|poke|p2|Rotom-Wash, L50|\n|teampreview|4\n|\n|t:|1776645794\n|teamsize|p1|4\n|teamsize|p2|4\n|start\n|switch|p1a: Aggron|Aggron, L50, M|100/100\n|switch|p1b: Incineroar|Incineroar, L50, M|100/100\n|switch|p2a: Floette|Floette-Eternal, L50, F|100/100\n|switch|p2b: Incineroar|Incineroar, L50, F|100/100\n|-ability|p1b: Incineroar|Intimidate|boost\n|-unboost|p2a: Floette|atk|1\n|-unboost|p2b: Incineroar|atk|1\n|-ability|p2b: Incineroar|Intimidate|boost\n|-unboost|p1a: Aggron|atk|1\n|-unboost|p1b: Incineroar|atk|1\n|turn|1\n|\n|t:|1776645825\n|switch|p2a: Rotom|Rotom-Wash, L50|100/100\n|detailschange|p1a: Aggron|Aggron-Mega, L50, M\n|-mega|p1a: Aggron|Aggron|Aggronite\n|move|p2b: Incineroar|Fake Out|p1a: Aggron\n|-resisted|p1a: Aggron|1\n|-damage|p1a: Aggron|99/100\n|move|p1b: Incineroar|Parting Shot|p2a: Rotom\n|-unboost|p2a: Rotom|atk|1\n|-unboost|p2a: Rotom|spa|1\n|\n|t:|1776645837\n|switch|p1b: Tyranitar|Tyranitar, L50, M|100/100|[from] Parting Shot\n|-weather|Sandstorm|[from] ability: Sand Stream|[of] p1b: Tyranitar\n|cant|p1a: Aggron|flinch\n|\n|-weather|Sandstorm|[upkeep]\n|-damage|p2a: Rotom|95/100|[from] Sandstorm\n|-damage|p2b: Incineroar|95/100|[from] Sandstorm\n|-heal|p2b: Incineroar|100/100|[from] item: Leftovers\n|upkeep\n|turn|2\n|\n|t:|1776645862\n|move|p2a: Rotom|Will-O-Wisp|p1b: Tyranitar\n|-status|p1b: Tyranitar|brn\n|move|p2b: Incineroar|Parting Shot|p1a: Aggron\n|-unboost|p1a: Aggron|atk|1\n|-unboost|p1a: Aggron|spa|1\n|\n|t:|1776645875\n|switch|p2b: Floette|Floette-Eternal, L50, F|100/100|[from] Parting Shot\n|move|p1b: Tyranitar|Rock Slide|p2b: Floette|[spread] p2a,p2b\n|-damage|p2a: Rotom|82/100\n|-damage|p2b: Floette|76/100\n|move|p1a: Aggron|Iron Defense|p1a: Aggron\n|-boost|p1a: Aggron|def|2\n|\n|-weather|Sandstorm|[upkeep]\n|-damage|p2b: Floette|70/100|[from] Sandstorm\n|-damage|p2a: Rotom|76/100|[from] Sandstorm\n|-damage|p1b: Tyranitar|95/100 brn|[from] brn\n|upkeep\n|turn|3\n|\n|t:|1776645912\n|switch|p2b: Incineroar|Incineroar, L50, F|100/100\n|-ability|p2b: Incineroar|Intimidate|boost\n|-unboost|p1a: Aggron|atk|1\n|-unboost|p1b: Tyranitar|atk|1\n|move|p2a: Rotom|Will-O-Wisp|p1a: Aggron\n|-status|p1a: Aggron|brn\n|move|p1a: Aggron|Heavy Slam|p2b: Incineroar\n|-resisted|p2b: Incineroar|1\n|-damage|p2b: Incineroar|97/100\n|move|p1b: Tyranitar|Roar|p2a: Rotom\n|drag|p2a: Sneasler|Sneasler, L50, M|100/100\n|\n|-weather|Sandstorm|[upkeep]\n|-damage|p2a: Sneasler|95/100|[from] Sandstorm\n|-damage|p2b: Incineroar|91/100|[from] Sandstorm\n|-heal|p2b: Incineroar|97/100|[from] item: Leftovers\n|-damage|p1b: Tyranitar|89/100 brn|[from] brn\n|-damage|p1a: Aggron|93/100 brn|[from] brn\n|upkeep\n|turn|4\n|\n|t:|1776645941\n|move|p2a: Sneasler|Close Combat|p1b: Tyranitar\n|-supereffective|p1b: Tyranitar|2\n|-damage|p1b: Tyranitar|0 fnt\n|-unboost|p2a: Sneasler|def|1\n|-unboost|p2a: Sneasler|spd|1\n|faint|p1b: Tyranitar\n|-enditem|p2a: Sneasler|White Herb\n|-clearnegativeboost|p2a: Sneasler|[silent]\n|move|p2b: Incineroar|Parting Shot|p1a: Aggron\n|-unboost|p1a: Aggron|atk|1\n|-unboost|p1a: Aggron|spa|1\n|\n|t:|1776645952\n|switch|p2b: Floette|Floette-Eternal, L50, F|70/100|[from] Parting Shot\n|move|p1a: Aggron|Body Press|p2b: Floette\n|-resisted|p2b: Floette|1\n|-damage|p2b: Floette|31/100\n|\n|-weather|Sandstorm|[upkeep]\n|-damage|p2a: Sneasler|89/100|[from] Sandstorm\n|-damage|p2b: Floette|25/100|[from] Sandstorm\n|-damage|p1a: Aggron|86/100 brn|[from] brn\n|upkeep\n|\n|t:|1776645964\n|switch|p1b: Incineroar|Incineroar, L50, M|100/100\n|-ability|p1b: Incineroar|Intimidate|boost\n|-unboost|p2a: Sneasler|atk|1\n|-unboost|p2b: Floette|atk|1\n|turn|5\n|\n|t:|1776645985\n|detailschange|p2b: Floette|Floette-Mega, L50, F\n|-mega|p2b: Floette|Floette|Floettite\n|-ability|p2b: Floette|Fairy Aura\n|move|p2b: Floette|Protect|p2b: Floette\n|-singleturn|p2b: Floette|Protect\n|move|p1b: Incineroar|Fake Out|p2b: Floette\n|-activate|p2b: Floette|move: Protect\n|move|p2a: Sneasler|Close Combat|p1b: Incineroar\n|-supereffective|p1b: Incineroar|1\n|-damage|p1b: Incineroar|0 fnt\n|-unboost|p2a: Sneasler|def|1\n|-unboost|p2a: Sneasler|spd|1\n|faint|p1b: Incineroar\n|move|p1a: Aggron|Body Press|p2b: Floette\n|-activate|p2b: Floette|move: Protect\n|\n|-weather|none\n|-damage|p1a: Aggron|80/100 brn|[from] brn\n|upkeep\n|\n|t:|1776646004\n|switch|p1b: Sinistcha|Sinistcha, L50, shiny|100/100\n|-heal|p1a: Aggron|100/100 brn|[from] ability: Hospitality|[of] p1b: Sinistcha\n|turn|6\n|\n|t:|1776646017\n|switch|p2b: Rotom|Rotom-Wash, L50|76/100\n|move|p1b: Sinistcha|Protect|p1b: Sinistcha\n|-singleturn|p1b: Sinistcha|Protect\n|move|p2a: Sneasler|Close Combat|p1a: Aggron\n|-supereffective|p1a: Aggron|1\n|-damage|p1a: Aggron|87/100 brn\n|-unboost|p2a: Sneasler|def|1\n|-unboost|p2a: Sneasler|spd|1\n|move|p1a: Aggron|Body Press|p2b: Rotom\n|-damage|p2b: Rotom|37/100\n|-enditem|p2b: Rotom|Sitrus Berry|[eat]\n|-heal|p2b: Rotom|62/100|[from] item: Sitrus Berry\n|\n|-damage|p1a: Aggron|81/100 brn|[from] brn\n|upkeep\n|turn|7\n|\n|t:|1776646044\n|move|p2a: Sneasler|Dire Claw|p1b: Sinistcha\n|-damage|p1b: Sinistcha|62/100\n|move|p1b: Sinistcha|Matcha Gotcha|p2b: Rotom|[spread] p2a\n|-miss|p1b: Sinistcha|p2b: Rotom\n|-resisted|p2a: Sneasler|1\n|-damage|p2a: Sneasler|44/100\n|-heal|p1b: Sinistcha|86/100|[from] drain|[of] p2a: Sneasler\n|move|p2b: Rotom|Hydro Pump|p1a: Aggron\n|-damage|p1a: Aggron|29/100 brn\n|move|p1a: Aggron|Iron Defense|p1a: Aggron\n|-boost|p1a: Aggron|def|2\n|\n|-damage|p1a: Aggron|23/100 brn|[from] brn\n|upkeep\n|turn|8\n|\n|t:|1776646069\n|switch|p2a: Incineroar|Incineroar, L50, F|97/100\n|-ability|p2a: Incineroar|Intimidate|boost\n|-unboost|p1a: Aggron|atk|1\n|-unboost|p1b: Sinistcha|atk|1\n|move|p1b: Sinistcha|Matcha Gotcha|p2a: Incineroar|[spread] p2a,p2b\n|-resisted|p2a: Incineroar|1\n|-supereffective|p2b: Rotom|1\n|-damage|p2a: Incineroar|83/100\n|-heal|p1b: Sinistcha|96/100|[from] drain|[of] p2a: Incineroar\n|-damage|p2b: Rotom|8/100\n|-heal|p1b: Sinistcha|100/100|[from] drain|[of] p2b: Rotom\n|-status|p2b: Rotom|brn\n|move|p2b: Rotom|Hydro Pump|p1a: Aggron\n|-damage|p1a: Aggron|0 fnt\n|faint|p1a: Aggron\n|\n|-heal|p2a: Incineroar|89/100|[from] item: Leftovers\n|-damage|p2b: Rotom|2/100 brn|[from] brn\n|upkeep\n|turn|9\n|inactive|Battle timer is ON: inactive players will automatically lose when time's up. (requested by dalut)\n|inactive|strogo273 has 60 seconds left.\n|inactive|strogo273 has 30 seconds left.\n|inactive|strogo273 has 20 seconds left.\n|inactive|strogo273 has 15 seconds left.\n|inactive|strogo273 has 10 seconds left.\n|inactive|strogo273 has 5 seconds left.\n|\n|t:|1776646227\n|move|p1b: Sinistcha|Reflect|p1b: Sinistcha\n|-sidestart|p1: strogo273|Reflect\n|move|p2b: Rotom|Thunderbolt|p1b: Sinistcha\n|-resisted|p1b: Sinistcha|1\n|-damage|p1b: Sinistcha|76/100\n|move|p2a: Incineroar|Darkest Lariat|p1b: Sinistcha\n|-supereffective|p1b: Sinistcha|1\n|-damage|p1b: Sinistcha|17/100\n|\n|-heal|p2a: Incineroar|95/100|[from] item: Leftovers\n|-damage|p2b: Rotom|0 fnt|[from] brn\n|faint|p2b: Rotom\n|upkeep\n|\n|t:|1776646238\n|switch|p2b: Floette|Floette-Mega, L50, F|25/100\n|-ability|p2b: Floette|Fairy Aura\n|turn|10\n|inactive|strogo273 has 30 seconds left.\n|l|\u2606strogo273\n|inactive|strogo273 disconnected and has a minute to reconnect!\n|player|p1|\n|inactive|strogo273 has 20 seconds left.\n|inactive|strogo273 has 15 seconds left.\n|inactive|strogo273 has 10 seconds left.\n|inactive|strogo273 has 5 seconds left.\n|-message|strogo273 lost due to inactivity.\n|\n|win|dalut\n|raw|strogo273's rating: 1099 &rarr; <strong>1068</strong><br />(-31 for losing)\n|raw|dalut's rating: 1013 &rarr; <strong>1060</strong><br />(+47 for winning)\n",
  "uploadtime": 1776646338,
  "views": 7,
  "formatid": "gen9championsvgc2026regma",
  "rating": 1060,
  "private": 0,
  "password": null
}