{
  "id": "gen9championsvgc2026regma-2581165748",
  "format": "[Gen 9 Champions] VGC 2026 Reg M-A",
  "players": [
    "miseria010",
    "chesgoat"
  ],
  "log": "|j|\u2606miseria010\n|j|\u2606chesgoat\n|t:|1775966278\n|gametype|doubles\n|player|p1|miseria010|unknown|1219\n|player|p2|chesgoat|veteran|1187\n|gen|9\n|tier|[Gen 9 Champions] VGC 2026 Reg M-A\n|rated|\n|rule|Species Clause: Limit one of each Pok\u00e9mon\n|rule|Item Clause: Limit 1 of each item\n|clearpoke\n|poke|p1|Charizard, L50, M|\n|poke|p1|Venusaur, L50, M|\n|poke|p1|Garchomp, L50, M|\n|poke|p1|Incineroar, L50, M|\n|poke|p1|Conkeldurr, L50, M|\n|poke|p1|Whimsicott, L50, F|\n|poke|p2|Chesnaught, L50, F|\n|poke|p2|Maushold, L50|\n|poke|p2|Pelipper, L50, M|\n|poke|p2|Archaludon, L50, F|\n|poke|p2|Basculegion, L50, M|\n|poke|p2|Incineroar, L50, M|\n|teampreview|4\n|inactive|Battle timer is ON: inactive players will automatically lose when time's up. (requested by chesgoat)\n|\n|t:|1775966332\n|teamsize|p1|4\n|teamsize|p2|4\n|start\n|switch|p1a: Charizard|Charizard, L50, M, shiny|100/100\n|switch|p1b: Whimsicott|Whimsicott, L50, F|100/100\n|switch|p2a: Incineroar|Incineroar, L50, M|100/100\n|switch|p2b: Basculegion|Basculegion, L50, M|100/100\n|-ability|p2a: Incineroar|Intimidate|boost\n|-unboost|p1a: Charizard|atk|1\n|-unboost|p1b: Whimsicott|atk|1\n|turn|1\n|\n|t:|1775966346\n|move|p1b: Whimsicott|Protect|p1b: Whimsicott\n|-singleturn|p1b: Whimsicott|Protect\n|move|p1a: Charizard|Protect|p1a: Charizard\n|-singleturn|p1a: Charizard|Protect\n|move|p2a: Incineroar|Fake Out|p1b: Whimsicott\n|-activate|p1b: Whimsicott|move: Protect\n|move|p2b: Basculegion|Flip Turn|p1a: Charizard\n|-activate|p1a: Charizard|move: Protect\n|\n|upkeep\n|turn|2\n|\n|t:|1775966369\n|switch|p1a: Conkeldurr|Conkeldurr, L50, M|100/100\n|move|p1b: Whimsicott|Tailwind|p1b: Whimsicott\n|-sidestart|p1: miseria010|move: Tailwind\n|move|p2b: Basculegion|Flip Turn|p1a: Conkeldurr\n|-damage|p1a: Conkeldurr|74/100\n|\n|t:|1775966378\n|switch|p2b: Chesnaught|Chesnaught, L50, F|100/100|[from] Flip Turn\n|move|p2a: Incineroar|Flare Blitz|p1b: Whimsicott\n|-supereffective|p1b: Whimsicott|1\n|-enditem|p1b: Whimsicott|Focus Sash\n|-damage|p1b: Whimsicott|1/100\n|-damage|p2a: Incineroar|78/100|[from] Recoil\n|\n|upkeep\n|turn|3\n|inactive|chesgoat has 30 seconds left.\n|\n|t:|1775966407\n|detailschange|p2b: Chesnaught|Chesnaught-Mega, L50, F\n|-mega|p2b: Chesnaught|Chesnaught|Chesnaughtite\n|move|p2b: Chesnaught|Spiky Shield|p2b: Chesnaught\n|-singleturn|p2b: Chesnaught|move: Protect\n|move|p1b: Whimsicott|Moonblast|p2b: Chesnaught\n|-activate|p2b: Chesnaught|move: Protect\n|move|p1a: Conkeldurr|Drain Punch|p2a: Incineroar\n|-supereffective|p2a: Incineroar|1\n|-damage|p2a: Incineroar|0 fnt\n|-heal|p1a: Conkeldurr|100/100|[from] drain|[of] p2a: Incineroar\n|faint|p2a: Incineroar\n|\n|upkeep\n|\n|t:|1775966421\n|switch|p2a: Basculegion|Basculegion, L50, M|100/100\n|turn|4\n|\n|t:|1775966435\n|switch|p1a: Incineroar|Incineroar, L50, M, shiny|100/100\n|-ability|p1a: Incineroar|Intimidate|boost\n|-unboost|p2a: Basculegion|atk|1\n|-unboost|p2b: Chesnaught|atk|1\n|move|p1b: Whimsicott|Moonblast|p2b: Chesnaught\n|-supereffective|p2b: Chesnaught|1\n|-damage|p2b: Chesnaught|37/100\n|move|p2a: Basculegion|Last Respects|p1b: Whimsicott\n|-damage|p1b: Whimsicott|0 fnt\n|faint|p1b: Whimsicott\n|move|p2b: Chesnaught|Leech Seed|p1a: Incineroar\n|-start|p1a: Incineroar|move: Leech Seed\n|\n|-damage|p1a: Incineroar|88/100|[from] Leech Seed|[of] p2b: Chesnaught\n|-heal|p2b: Chesnaught|52/100|[silent]\n|upkeep\n|\n|t:|1775966454\n|switch|p1b: Charizard|Charizard, L50, M, shiny|100/100\n|turn|5\n|\n|t:|1775966473\n|detailschange|p1b: Charizard|Charizard-Mega-Y, L50, M, shiny\n|-mega|p1b: Charizard|Charizard|Charizardite Y\n|-weather|SunnyDay|[from] ability: Drought|[of] p1b: Charizard\n|move|p2b: Chesnaught|Spiky Shield|p2b: Chesnaught\n|-singleturn|p2b: Chesnaught|move: Protect\n|move|p1b: Charizard|Flamethrower|p2a: Basculegion\n|-resisted|p2a: Basculegion|1\n|-damage|p2a: Basculegion|53/100\n|move|p2a: Basculegion|Last Respects|p1b: Charizard\n|-damage|p1b: Charizard|55/100\n|move|p1a: Incineroar|Throat Chop|p2a: Basculegion\n|-supereffective|p2a: Basculegion|1\n|-damage|p2a: Basculegion|0 fnt\n|faint|p2a: Basculegion\n|\n|-weather|SunnyDay|[upkeep]\n|-damage|p1a: Incineroar|76/100|[from] Leech Seed|[of] p2b: Chesnaught\n|-heal|p2b: Chesnaught|67/100|[silent]\n|-sideend|p1: miseria010|move: Tailwind\n|upkeep\n|\n|t:|1775966492\n|switch|p2a: Pelipper|Pelipper, L50, M|100/100\n|-weather|RainDance|[from] ability: Drizzle|[of] p2a: Pelipper\n|turn|6\n|\n|t:|1775966509\n|switch|p1b: Conkeldurr|Conkeldurr, L50, M|100/100\n|move|p2a: Pelipper|Weather Ball|p1a: Incineroar\n|-supereffective|p1a: Incineroar|1\n|-damage|p1a: Incineroar|0 fnt\n|faint|p1a: Incineroar\n|move|p2b: Chesnaught|Leech Seed|p1b: Conkeldurr\n|-start|p1b: Conkeldurr|move: Leech Seed\n|\n|-weather|RainDance|[upkeep]\n|-damage|p1b: Conkeldurr|88/100|[from] Leech Seed|[of] p2b: Chesnaught\n|-heal|p2b: Chesnaught|82/100|[silent]\n|upkeep\n|\n|t:|1775966519\n|switch|p1a: Charizard|Charizard-Mega-Y, L50, M, shiny|55/100\n|-weather|SunnyDay|[from] ability: Drought|[of] p1a: Charizard\n|turn|7\n|\n|t:|1775966532\n|move|p2a: Pelipper|Wide Guard|p2a: Pelipper\n|-singleturn|p2a: Pelipper|Wide Guard\n|move|p1b: Conkeldurr|Mach Punch|p2a: Pelipper\n|-resisted|p2a: Pelipper|1\n|-damage|p2a: Pelipper|81/100\n|move|p1a: Charizard|Solar Beam||[still]\n|-prepare|p1a: Charizard|Solar Beam\n|-anim|p1a: Charizard|Solar Beam|p2a: Pelipper\n|-damage|p2a: Pelipper|0 fnt\n|faint|p2a: Pelipper\n|move|p2b: Chesnaught|Leech Seed|p1a: Charizard\n|-start|p1a: Charizard|move: Leech Seed\n|\n|-weather|SunnyDay|[upkeep]\n|-damage|p1a: Charizard|43/100|[from] Leech Seed|[of] p2b: Chesnaught\n|-heal|p2b: Chesnaught|94/100|[silent]\n|-damage|p1b: Conkeldurr|76/100|[from] Leech Seed|[of] p2b: Chesnaught\n|-heal|p2b: Chesnaught|100/100|[silent]\n|upkeep\n|turn|8\n|\n|t:|1775966552\n|move|p2b: Chesnaught|Spiky Shield|p2b: Chesnaught\n|-singleturn|p2b: Chesnaught|move: Protect\n|move|p1a: Charizard|Flamethrower|p2b: Chesnaught\n|-activate|p2b: Chesnaught|move: Protect\n|move|p1b: Conkeldurr|Ice Punch|p2b: Chesnaught\n|-activate|p2b: Chesnaught|move: Protect\n|-damage|p1b: Conkeldurr|63/100|[from] Spiky Shield|[of] p2b: Chesnaught\n|\n|-weather|SunnyDay|[upkeep]\n|-damage|p1a: Charizard|30/100|[from] Leech Seed|[of] p2b: Chesnaught\n|-damage|p1b: Conkeldurr|51/100|[from] Leech Seed|[of] p2b: Chesnaught\n|upkeep\n|turn|9\n|\n|t:|1775966575\n|move|p2b: Chesnaught|Spiky Shield||[still]\n|-fail|p2b: Chesnaught\n|move|p1a: Charizard|Flamethrower|p2b: Chesnaught\n|-supereffective|p2b: Chesnaught|1\n|-damage|p2b: Chesnaught|0 fnt\n|faint|p2b: Chesnaught\n|\n|win|miseria010\n|raw|miseria010's rating: 1219 &rarr; <strong>1242</strong><br />(+23 for winning)\n|raw|chesgoat's rating: 1187 &rarr; <strong>1164</strong><br />(-23 for losing)\n",
  "uploadtime": 1775966590,
  "views": 27,
  "formatid": "gen9championsvgc2026regma",
  "rating": 1164,
  "private": 0,
  "password": null
}