{
  "id": "gen9championsvgc2026regma-2588306783",
  "format": "[Gen 9 Champions] VGC 2026 Reg M-A",
  "players": [
    "BossgodoraII",
    "Sethwell"
  ],
  "log": "|j|\u2606BossgodoraII\n|j|\u2606Sethwell\n|t:|1776622736\n|gametype|doubles\n|player|p1|BossgodoraII|gentleman-gen4|1473\n|player|p2|Sethwell|blue|1581\n|gen|9\n|tier|[Gen 9 Champions] VGC 2026 Reg M-A\n|rated|\n|rule|Species Clause: Limit one of each Pok\u00e9mon\n|rule|Item Clause: Limit 1 of each item\n|clearpoke\n|poke|p1|Delphox, L50, M|\n|poke|p1|Floette-Eternal, L50, F|\n|poke|p1|Sneasler, L50, F|\n|poke|p1|Aerodactyl, L50, M|\n|poke|p1|Garchomp, L50, M|\n|poke|p1|Kingambit, L50, M|\n|poke|p2|Blastoise, L50, M|\n|poke|p2|Whimsicott, L50, M|\n|poke|p2|Incineroar, L50, M|\n|poke|p2|Sneasler, L50, M|\n|poke|p2|Kingambit, L50, F|\n|poke|p2|Sinistcha, L50|\n|teampreview|4\n|inactive|Battle timer is ON: inactive players will automatically lose when time's up. (requested by Sethwell)\nBossgodoraII rejected open team sheets.\n|inactive|BossgodoraII has 60 seconds left.\n|inactive|Sethwell has 60 seconds left.\n|\n|t:|1776622791\n|teamsize|p1|4\n|teamsize|p2|4\n|start\n|switch|p1a: Kingambit|Kingambit, L50, M|100/100\n|switch|p1b: Sneasler|Sneasler, L50, F|100/100\n|switch|p2a: Whimsicott|Whimsicott, L50, M|100/100\n|switch|p2b: Blastoise|Blastoise, L50, M|100/100\n|turn|1\n|\n|t:|1776622803\n|switch|p1a: Aerodactyl|Aerodactyl, L50, M|100/100\n|-ability|p1a: Aerodactyl|Unnerve\n|move|p2a: Whimsicott|Protect|p2a: Whimsicott\n|-singleturn|p2a: Whimsicott|Protect\n|move|p2b: Blastoise|Protect|p2b: Blastoise\n|-singleturn|p2b: Blastoise|Protect\n|move|p1b: Sneasler|Fake Out|p2a: Whimsicott\n|-activate|p2a: Whimsicott|move: Protect\n|\n|upkeep\n|turn|2\n|\n|t:|1776622817\n|detailschange|p2b: Blastoise|Blastoise-Mega, L50, M\n|-mega|p2b: Blastoise|Blastoise|Blastoisinite\n|move|p2a: Whimsicott|Tailwind|p2a: Whimsicott\n|-sidestart|p2: Sethwell|move: Tailwind\n|move|p2b: Blastoise|Water Spout|p1a: Aerodactyl|[spread] p1a,p1b\n|-supereffective|p1a: Aerodactyl|1\n|-enditem|p1a: Aerodactyl|Focus Sash\n|-damage|p1a: Aerodactyl|1/100\n|-damage|p1b: Sneasler|23/100\n|move|p1a: Aerodactyl|Tailwind|p1a: Aerodactyl\n|-sidestart|p1: BossgodoraII|move: Tailwind\n|move|p1b: Sneasler|Close Combat|p2b: Blastoise\n|-damage|p2b: Blastoise|36/100\n|-unboost|p1b: Sneasler|def|1\n|-unboost|p1b: Sneasler|spd|1\n|-enditem|p1b: Sneasler|White Herb\n|-clearnegativeboost|p1b: Sneasler|[silent]\n|\n|upkeep\n|turn|3\n|\n|t:|1776622841\n|move|p2b: Blastoise|Protect|p2b: Blastoise\n|-singleturn|p2b: Blastoise|Protect\n|move|p2a: Whimsicott|Encore|p1a: Aerodactyl\n|-start|p1a: Aerodactyl|Encore\n|move|p1b: Sneasler|Dire Claw|p2a: Whimsicott\n|-supereffective|p2a: Whimsicott|2\n|-enditem|p2a: Whimsicott|Focus Sash\n|-damage|p2a: Whimsicott|1/100\n|-status|p2a: Whimsicott|par\n|move|p1a: Aerodactyl|Tailwind||[still]\n|-fail|p1a: Aerodactyl\n|\n|upkeep\n|turn|4\n|inactive|Sethwell has 30 seconds left.\n|\n|t:|1776622867\n|switch|p1a: Kingambit|Kingambit, L50, M|100/100\n|switch|p2a: Sinistcha|Sinistcha, L50|100/100\n|-heal|p2b: Blastoise|61/100|[from] ability: Hospitality|[of] p2a: Sinistcha\n|move|p1b: Sneasler|Close Combat|p2b: Blastoise\n|-crit|p2b: Blastoise\n|-damage|p2b: Blastoise|0 fnt\n|-unboost|p1b: Sneasler|def|1\n|-unboost|p1b: Sneasler|spd|1\n|faint|p2b: Blastoise\n|\n|upkeep\n|\n|t:|1776622883\n|switch|p2b: Sneasler|Sneasler, L50, M|100/100\n|turn|5\n|\n|t:|1776622902\n|move|p1a: Kingambit|Protect|p1a: Kingambit\n|-singleturn|p1a: Kingambit|Protect\n|move|p1b: Sneasler|Dire Claw|p2b: Sneasler\n|-resisted|p2b: Sneasler|1\n|-damage|p2b: Sneasler|62/100\n|move|p2b: Sneasler|Close Combat|p1a: Kingambit\n|-activate|p1a: Kingambit|move: Protect\n|move|p2a: Sinistcha|Matcha Gotcha|p1a: Kingambit|[spread] p1b\n|-activate|p1a: Kingambit|move: Protect\n|-resisted|p1b: Sneasler|1\n|-damage|p1b: Sneasler|0 fnt\n|faint|p1b: Sneasler\n|\n|-sideend|p2: Sethwell|move: Tailwind\n|-sideend|p1: BossgodoraII|move: Tailwind\n|upkeep\n|\n|t:|1776622910\n|switch|p1b: Aerodactyl|Aerodactyl, L50, M|1/100\n|-ability|p1b: Aerodactyl|Unnerve\n|turn|6\n|\n|t:|1776622934\n|switch|p1a: Floette|Floette-Eternal, L50, F|100/100\n|move|p2a: Sinistcha|Rage Powder|p2a: Sinistcha\n|-singleturn|p2a: Sinistcha|move: Rage Powder\n|move|p1b: Aerodactyl|Dual Wingbeat|p2a: Sinistcha\n|-supereffective|p2a: Sinistcha|1\n|-damage|p2a: Sinistcha|63/100\n|-supereffective|p2a: Sinistcha|1\n|-damage|p2a: Sinistcha|30/100\n|-hitcount|p2a: Sinistcha|2\n|move|p2b: Sneasler|Close Combat|p1a: Floette\n|-resisted|p1a: Floette|1\n|-damage|p1a: Floette|50/100\n|-unboost|p2b: Sneasler|def|1\n|-unboost|p2b: Sneasler|spd|1\n|-enditem|p2b: Sneasler|White Herb\n|-clearnegativeboost|p2b: Sneasler|[silent]\n|\n|upkeep\n|turn|7\n|inactive|Sethwell has 30 seconds left.\n|\n|t:|1776622960\n|move|p1a: Floette|Protect|p1a: Floette\n|-singleturn|p1a: Floette|Protect\n|move|p2a: Sinistcha|Rage Powder|p2a: Sinistcha\n|-singleturn|p2a: Sinistcha|move: Rage Powder\n|move|p2b: Sneasler|Dire Claw|p1b: Aerodactyl\n|-resisted|p1b: Aerodactyl|1\n|-damage|p1b: Aerodactyl|0 fnt\n|faint|p1b: Aerodactyl\n|\n|upkeep\n|\n|t:|1776622965\n|switch|p1b: Kingambit|Kingambit, L50, M|100/100\n|turn|8\n|\n|t:|1776622976\n|detailschange|p1a: Floette|Floette-Mega, L50, F\n|-mega|p1a: Floette|Floette|Floettite\n|-ability|p1a: Floette|Fairy Aura\n|move|p2a: Sinistcha|Rage Powder|p2a: Sinistcha\n|-singleturn|p2a: Sinistcha|move: Rage Powder\n|move|p2b: Sneasler|Dire Claw|p1a: Floette\n|-supereffective|p1a: Floette|1\n|-damage|p1a: Floette|0 fnt\n|faint|p1a: Floette\n|move|p1b: Kingambit|Kowtow Cleave|p2a: Sinistcha\n|-supereffective|p2a: Sinistcha|1\n|-damage|p2a: Sinistcha|0 fnt\n|faint|p2a: Sinistcha\n|\n|upkeep\n|\n|t:|1776622983\n|switch|p2a: Whimsicott|Whimsicott, L50, M|1/100 par\n|turn|9\n|-message|BossgodoraII forfeited.\n|\n|win|Sethwell\n|raw|BossgodoraII's rating: 1473 &rarr; <strong>1459</strong><br />(-14 for losing)\n|raw|Sethwell's rating: 1581 &rarr; <strong>1595</strong><br />(+14 for winning)\n",
  "uploadtime": 1776622991,
  "views": 22,
  "formatid": "gen9championsvgc2026regma",
  "rating": 1459,
  "private": 0,
  "password": null
}