{
  "id": "gen9championsvgc2026regma-2588885515",
  "format": "[Gen 9 Champions] VGC 2026 Reg M-A",
  "players": [
    "Dhorwack",
    "nainoi"
  ],
  "log": "|j|\u2606Dhorwack\n|j|\u2606nainoi\n|t:|1776682372\n|gametype|doubles\n|player|p1|Dhorwack|blackbelt-gen4dp|1080\n|player|p2|nainoi|ingo|1000\n|gen|9\n|tier|[Gen 9 Champions] VGC 2026 Reg M-A\n|rated|\n|rule|Species Clause: Limit one of each Pok\u00e9mon\n|rule|Item Clause: Limit 1 of each item\n|clearpoke\n|poke|p1|Garchomp, L50, M|\n|poke|p1|Kingambit, L50, F|\n|poke|p1|Froslass, L50, F|\n|poke|p1|Sneasler, L50, F|\n|poke|p1|Garganacl, L50, F|\n|poke|p1|Milotic, L50, F|\n|poke|p2|Gardevoir, L50, M, shiny|\n|poke|p2|Venusaur, L50, F|\n|poke|p2|Gyarados, L50, M|\n|poke|p2|Typhlosion-Hisui, L50, M|\n|poke|p2|Ninetales, L50, M|\n|poke|p2|Dragonite, L50, F|\n|teampreview|4\n|\n|t:|1776682394\n|teamsize|p1|4\n|teamsize|p2|4\n|start\n|switch|p1a: Garchomp|Garchomp, L50, M|100/100\n|switch|p1b: Sneasler|Sneasler, L50, F|100/100\n|switch|p2a: Ninetales|Ninetales, L50, M|100/100\n|switch|p2b: Venusaur|Venusaur, L50, F|100/100\n|-weather|SunnyDay|[from] ability: Drought|[of] p2a: Ninetales\n|turn|1\n|\n|t:|1776682436\n|move|p1b: Sneasler|Fake Out|p2b: Venusaur\n|-damage|p2b: Venusaur|84/100\n|move|p1a: Garchomp|Stomping Tantrum|p2a: Ninetales\n|-supereffective|p2a: Ninetales|1\n|-damage|p2a: Ninetales|0 fnt\n|faint|p2a: Ninetales\n|cant|p2b: Venusaur|flinch\n|\n|-weather|SunnyDay|[upkeep]\n|upkeep\n|\n|t:|1776682447\n|switch|p2a: Dragonite|Dragonite, L50, F|100/100\n|turn|2\n|\n|t:|1776682466\n|switch|p1a: Froslass|Froslass, L50, F|100/100\n|detailschange|p2a: Dragonite|Dragonite-Mega, L50, F\n|-mega|p2a: Dragonite|Dragonite|Dragoninite\n|move|p2b: Venusaur|Solar Beam||[still]\n|-prepare|p2b: Venusaur|Solar Beam\n|-anim|p2b: Venusaur|Solar Beam|p1b: Sneasler\n|-resisted|p1b: Sneasler|1\n|-damage|p1b: Sneasler|71/100\n|move|p1b: Sneasler|Dire Claw|p2b: Venusaur\n|-damage|p2b: Venusaur|33/100\n|-enditem|p2b: Venusaur|Sitrus Berry|[eat]\n|-heal|p2b: Venusaur|58/100|[from] item: Sitrus Berry\n|move|p2a: Dragonite|Draco Meteor|p1a: Froslass\n|-damage|p1a: Froslass|0 fnt\n|-unboost|p2a: Dragonite|spa|2\n|faint|p1a: Froslass\n|\n|-weather|SunnyDay|[upkeep]\n|upkeep\n|\n|t:|1776682484\n|switch|p1a: Garchomp|Garchomp, L50, M|100/100\n|turn|3\n|\n|t:|1776682507\n|move|p1a: Garchomp|Draco Meteor|p2a: Dragonite\n|-supereffective|p2a: Dragonite|1\n|-damage|p2a: Dragonite|72/100\n|-unboost|p1a: Garchomp|spa|2\n|move|p2b: Venusaur|Earthquake|p1b: Sneasler|[spread] p1a,p1b\n|-immune|p2a: Dragonite\n|-supereffective|p1b: Sneasler|1\n|-damage|p1a: Garchomp|86/100\n|-damage|p1b: Sneasler|25/100\n|move|p1b: Sneasler|Dire Claw|p2b: Venusaur\n|-crit|p2b: Venusaur\n|-damage|p2b: Venusaur|0 fnt\n|faint|p2b: Venusaur\n|move|p2a: Dragonite|Draco Meteor|p1a: Garchomp\n|-supereffective|p1a: Garchomp|1\n|-damage|p1a: Garchomp|17/100\n|-unboost|p2a: Dragonite|spa|2\n|\n|-weather|SunnyDay|[upkeep]\n|upkeep\n|\n|t:|1776682527\n|switch|p2b: Typhlosion|Typhlosion-Hisui, L50, M|100/100\n|-item|p1a: Garchomp|Choice Scarf|[from] ability: Frisk|[of] p2b: Typhlosion\n|-item|p1b: Sneasler|Focus Sash|[from] ability: Frisk|[of] p2b: Typhlosion\n|turn|4\n|\n|t:|1776682541\n|switch|p1b: Kingambit|Kingambit, L50, F|100/100\n|move|p2a: Dragonite|Aqua Jet|p1b: Kingambit\n|-damage|p1b: Kingambit|97/100\n|move|p1a: Garchomp|Draco Meteor|p2a: Dragonite\n|-supereffective|p2a: Dragonite|1\n|-damage|p2a: Dragonite|46/100\n|-unboost|p1a: Garchomp|spa|2\n|move|p2b: Typhlosion|Eruption|p1b: Kingambit|[spread] p1a,p1b\n|-resisted|p1a: Garchomp|1\n|-supereffective|p1b: Kingambit|1\n|-damage|p1a: Garchomp|0 fnt\n|-damage|p1b: Kingambit|0 fnt\n|faint|p1a: Garchomp\n|faint|p1b: Kingambit\n|\n|-weather|SunnyDay|[upkeep]\n|upkeep\n|\n|t:|1776682557\n|switch|p1b: Sneasler|Sneasler, L50, F|25/100\n|turn|5\n|\n|t:|1776682579\n|move|p1b: Sneasler|Fake Out|p2a: Dragonite\n|-damage|p2a: Dragonite|32/100\n|cant|p2a: Dragonite|flinch\n|move|p2b: Typhlosion|Eruption|p1b: Sneasler\n|-damage|p1b: Sneasler|0 fnt\n|faint|p1b: Sneasler\n|\n|win|nainoi\n|raw|Dhorwack's rating: 1080 &rarr; <strong>1053</strong><br />(-27 for losing)\n|raw|nainoi's rating: 1000 &rarr; <strong>1049</strong><br />(+49 for winning)\n",
  "uploadtime": 1776682662,
  "views": 15,
  "formatid": "gen9championsvgc2026regma",
  "rating": 1049,
  "private": 0,
  "password": null
}