{
  "id": "gen9championsvgc2026regma-2583630299",
  "format": "[Gen 9 Champions] VGC 2026 Reg M-A",
  "players": [
    "joanete00",
    "Arcato"
  ],
  "log": "|j|\u2606joanete00\n|j|\u2606Arcato\n|t:|1776187577\n|gametype|doubles\n|player|p1|joanete00|101|1189\n|player|p2|Arcato|102|1251\n|gen|9\n|tier|[Gen 9 Champions] VGC 2026 Reg M-A\n|rated|\n|rule|Species Clause: Limit one of each Pok\u00e9mon\n|rule|Item Clause: Limit 1 of each item\n|clearpoke\n|poke|p1|Hydrapple, L50, M|\n|poke|p1|Skeledirge, L50, M|\n|poke|p1|Sinistcha, L50|\n|poke|p1|Garganacl, L50, F|\n|poke|p1|Venusaur, L50, F|\n|poke|p1|Incineroar, L50, F|\n|poke|p2|Kleavor, L50, M|\n|poke|p2|Sneasler, L50, M|\n|poke|p2|Tyranitar, L50, F|\n|poke|p2|Sinistcha, L50|\n|poke|p2|Talonflame, L50, F|\n|poke|p2|Rotom-Wash, L50|\n|teampreview|4\n|c|\u2606Arcato|GLHF\n|\n|t:|1776187612\n|teamsize|p1|4\n|teamsize|p2|4\n|start\n|switch|p1a: Skeledirge|Skeledirge, L50, M|100/100\n|switch|p1b: Venusaur|Venusaur, L50, F|100/100\n|switch|p2a: Kleavor|Kleavor, L50, M|100/100\n|switch|p2b: Sneasler|Sneasler, L50, M|100/100\n|turn|1\n|\n|t:|1776187642\n|detailschange|p1b: Venusaur|Venusaur-Mega, L50, F\n|-mega|p1b: Venusaur|Venusaur|Venusaurite\n|move|p2b: Sneasler|Fake Out|p1b: Venusaur\n|-damage|p1b: Venusaur|90/100\n|move|p2a: Kleavor|Stone Axe|p1a: Skeledirge\n|-supereffective|p1a: Skeledirge|1\n|-damage|p1a: Skeledirge|18/100\n|-sidestart|p1: joanete00|move: Stealth Rock\n|-enditem|p1a: Skeledirge|Sitrus Berry|[eat]\n|-heal|p1a: Skeledirge|43/100|[from] item: Sitrus Berry\n|cant|p1b: Venusaur|flinch\n|move|p1a: Skeledirge|Torch Song|p2a: Kleavor\n|-damage|p2a: Kleavor|36/100\n|-boost|p1a: Skeledirge|spa|1\n|\n|upkeep\n|turn|2\n|\n|t:|1776187669\n|switch|p2b: Tyranitar|Tyranitar, L50, F|100/100\n|-weather|Sandstorm|[from] ability: Sand Stream|[of] p2b: Tyranitar\n|move|p1a: Skeledirge|Protect|p1a: Skeledirge\n|-singleturn|p1a: Skeledirge|Protect\n|move|p2a: Kleavor|Stone Axe|p1a: Skeledirge\n|-activate|p1a: Skeledirge|move: Protect\n|move|p1b: Venusaur|Energy Ball|p2a: Kleavor\n|-damage|p2a: Kleavor|0 fnt\n|faint|p2a: Kleavor\n|\n|-weather|Sandstorm|[upkeep]\n|-damage|p1b: Venusaur|84/100|[from] Sandstorm\n|-damage|p1a: Skeledirge|37/100|[from] Sandstorm\n|upkeep\n|\n|t:|1776187676\n|switch|p2a: Sneasler|Sneasler, L50, M|100/100\n|turn|3\n|\n|t:|1776187702\n|detailschange|p2b: Tyranitar|Tyranitar-Mega, L50, F\n|-mega|p2b: Tyranitar|Tyranitar|Tyranitarite\n|move|p2a: Sneasler|Fake Out|p1b: Venusaur\n|-damage|p1b: Venusaur|72/100\n|move|p2b: Tyranitar|Rock Slide|p1b: Venusaur|[spread] p1a,p1b\n|-supereffective|p1a: Skeledirge|1\n|-crit|p1a: Skeledirge\n|-damage|p1a: Skeledirge|0 fnt\n|-damage|p1b: Venusaur|45/100\n|faint|p1a: Skeledirge\n|cant|p1b: Venusaur|flinch\n|\n|-weather|Sandstorm|[upkeep]\n|-damage|p2a: Sneasler|95/100|[from] Sandstorm\n|-damage|p1b: Venusaur|39/100|[from] Sandstorm\n|upkeep\n|\n|t:|1776187721\n|switch|p1a: Sinistcha|Sinistcha, L50|100/100\n|-damage|p1a: Sinistcha|88/100|[from] Stealth Rock\n|-heal|p1b: Venusaur|64/100|[from] ability: Hospitality|[of] p1a: Sinistcha\n|turn|4\n|\n|t:|1776187739\n|move|p2a: Sneasler|Dire Claw|p1a: Sinistcha\n|-damage|p1a: Sinistcha|48/100\n|move|p2b: Tyranitar|Lash Out|p1a: Sinistcha\n|-supereffective|p1a: Sinistcha|1\n|-damage|p1a: Sinistcha|0 fnt\n|faint|p1a: Sinistcha\n|move|p1b: Venusaur|Energy Ball|p2b: Tyranitar\n|-supereffective|p2b: Tyranitar|1\n|-damage|p2b: Tyranitar|49/100\n|\n|-weather|Sandstorm|[upkeep]\n|-damage|p2a: Sneasler|89/100|[from] Sandstorm\n|-damage|p1b: Venusaur|58/100|[from] Sandstorm\n|upkeep\n|\n|t:|1776187750\n|switch|p1a: Hydrapple|Hydrapple, L50, M|100/100\n|-damage|p1a: Hydrapple|88/100|[from] Stealth Rock\n|turn|5\n|\n|t:|1776187763\n|move|p2a: Sneasler|Dire Claw|p1a: Hydrapple\n|-supereffective|p1a: Hydrapple|1\n|-damage|p1a: Hydrapple|15/100\n|move|p2b: Tyranitar|Rock Slide|p1b: Venusaur|[spread] p1a,p1b\n|-damage|p1a: Hydrapple|0 fnt\n|-damage|p1b: Venusaur|28/100\n|faint|p1a: Hydrapple\n|move|p1b: Venusaur|Energy Ball|p2b: Tyranitar\n|-supereffective|p2b: Tyranitar|1\n|-damage|p2b: Tyranitar|0 fnt\n|faint|p2b: Tyranitar\n|\n|-weather|Sandstorm|[upkeep]\n|-damage|p2a: Sneasler|83/100|[from] Sandstorm\n|-damage|p1b: Venusaur|22/100|[from] Sandstorm\n|upkeep\n|\n|t:|1776187770\n|switch|p2b: Rotom|Rotom-Wash, L50|100/100\n|turn|6\n|-message|joanete00 forfeited.\n|\n|win|Arcato\n|raw|joanete00's rating: 1189 &rarr; <strong>1168</strong><br />(-21 for losing)\n|raw|Arcato's rating: 1251 &rarr; <strong>1272</strong><br />(+21 for winning)\n|l|\u2606joanete00\n|player|p1|\n",
  "uploadtime": 1776187784,
  "views": 16,
  "formatid": "gen9championsvgc2026regma",
  "rating": 1168,
  "private": 0,
  "password": null
}