{
  "id": "gen9championsvgc2026regma-2582941959",
  "format": "[Gen 9 Champions] VGC 2026 Reg M-A",
  "players": [
    "Purplkat",
    "Gcross16"
  ],
  "log": "|j|\u2606Purplkat\n|j|\u2606Gcross16\n|t:|1776127016\n|gametype|doubles\n|player|p1|Purplkat|170|1000\n|player|p2|Gcross16|pryce|1091\n|gen|9\n|tier|[Gen 9 Champions] VGC 2026 Reg M-A\n|rated|\n|rule|Species Clause: Limit one of each Pok\u00e9mon\n|rule|Item Clause: Limit 1 of each item\n|clearpoke\n|poke|p1|Aggron, L50, M|\n|poke|p1|Drampa, L50, F|\n|poke|p1|Conkeldurr, L50, M|\n|poke|p1|Palafin, L50, M|\n|poke|p1|Oranguru, L50, F|\n|poke|p1|Armarouge, L50, F|\n|poke|p2|Froslass, L50, F|\n|poke|p2|Kingambit, L50, F|\n|poke|p2|Abomasnow, L50, M|\n|poke|p2|Arcanine-Hisui, L50, F|\n|poke|p2|Sneasler, L50, M|\n|poke|p2|Primarina, L50, M|\n|teampreview|4\n|\n|t:|1776127061\n|teamsize|p1|4\n|teamsize|p2|4\n|start\n|switch|p1a: Armarouge|Armarouge, L50, F|100/100\n|switch|p1b: Conkeldurr|Conkeldurr, L50, M|100/100\n|switch|p2a: Primarina|Primarina, L50, M|100/100\n|switch|p2b: Sneasler|Sneasler, L50, M|100/100\n|turn|1\n|\n|t:|1776127076\n|move|p1a: Armarouge|Protect|p1a: Armarouge\n|-singleturn|p1a: Armarouge|Protect\n|move|p1b: Conkeldurr|Protect|p1b: Conkeldurr\n|-singleturn|p1b: Conkeldurr|Protect\n|move|p2b: Sneasler|Fake Out|p1b: Conkeldurr\n|-activate|p1b: Conkeldurr|move: Protect\n|move|p2a: Primarina|Hyper Voice|p1a: Armarouge|[spread] \n|-activate|p1a: Armarouge|move: Protect\n|-activate|p1b: Conkeldurr|move: Protect\n|\n|upkeep\n|turn|2\n|\n|t:|1776127106\n|switch|p1b: Drampa|Drampa, L50, F|100/100\n|move|p2b: Sneasler|Acrobatics|p1b: Drampa\n|-damage|p1b: Drampa|80/100\n|move|p2a: Primarina|Hyper Voice|p1b: Drampa|[spread] p1a,p1b\n|-supereffective|p1a: Armarouge|1\n|-resisted|p1b: Drampa|1\n|-damage|p1a: Armarouge|21/100\n|-damage|p1b: Drampa|61/100\n|move|p1a: Armarouge|Trick Room|p1a: Armarouge\n|-fieldstart|move: Trick Room|[of] p1a: Armarouge\n|\n|upkeep\n|turn|3\n|\n|t:|1776127126\n|switch|p2b: Abomasnow|Abomasnow, L50, M|100/100\n|-weather|Snowscape|[from] ability: Snow Warning|[of] p2b: Abomasnow\n|move|p2a: Primarina|Aqua Jet|p1a: Armarouge\n|-supereffective|p1a: Armarouge|1\n|-damage|p1a: Armarouge|3/100\n|move|p1b: Drampa|Hyper Voice|p2a: Primarina|[spread] p2a,p2b\n|-damage|p2a: Primarina|67/100\n|-damage|p2b: Abomasnow|71/100\n|move|p1a: Armarouge|Psychic|p2b: Abomasnow\n|-damage|p2b: Abomasnow|34/100\n|\n|-weather|Snowscape|[upkeep]\n|upkeep\n|turn|4\n|\n|t:|1776127153\n|switch|p1b: Aggron|Aggron, L50, M|100/100\n|switch|p1a: Conkeldurr|Conkeldurr, L50, M|100/100\n|detailschange|p2b: Abomasnow|Abomasnow-Mega, L50, M\n|-mega|p2b: Abomasnow|Abomasnow|Abomasite\n|move|p2a: Primarina|Aqua Jet|p1a: Conkeldurr\n|-damage|p1a: Conkeldurr|91/100\n|move|p2b: Abomasnow|Blizzard|p1a: Conkeldurr|[spread] p1a,p1b\n|-resisted|p1b: Aggron|1\n|-damage|p1a: Conkeldurr|41/100\n|-damage|p1b: Aggron|73/100\n|-enditem|p1a: Conkeldurr|Sitrus Berry|[eat]\n|-heal|p1a: Conkeldurr|66/100|[from] item: Sitrus Berry\n|\n|-weather|Snowscape|[upkeep]\n|upkeep\n|turn|5\n|\n|t:|1776127193\n|detailschange|p1b: Aggron|Aggron-Mega, L50, M\n|-mega|p1b: Aggron|Aggron|Aggronite\n|move|p2b: Abomasnow|Earth Power|p1b: Aggron\n|-supereffective|p1b: Aggron|1\n|-damage|p1b: Aggron|24/100\n|move|p1a: Conkeldurr|Close Combat|p2b: Abomasnow\n|-supereffective|p2b: Abomasnow|1\n|-damage|p2b: Abomasnow|0 fnt\n|-unboost|p1a: Conkeldurr|def|1\n|-unboost|p1a: Conkeldurr|spd|1\n|faint|p2b: Abomasnow\n|move|p1b: Aggron|Heavy Slam|p2a: Primarina\n|-damage|p2a: Primarina|0 fnt\n|faint|p2a: Primarina\n|\n|-weather|Snowscape|[upkeep]\n|upkeep\n|\n|t:|1776127209\n|switch|p2b: Kingambit|Kingambit, L50, F|100/100\n|switch|p2a: Sneasler|Sneasler, L50, M|100/100\n|turn|6\n|\n|t:|1776127237\n|move|p1a: Conkeldurr|Protect|p1a: Conkeldurr\n|-singleturn|p1a: Conkeldurr|Protect\n|move|p1b: Aggron|Protect|p1b: Aggron\n|-singleturn|p1b: Aggron|Protect\n|move|p2a: Sneasler|Fake Out|p1a: Conkeldurr\n|-activate|p1a: Conkeldurr|move: Protect\n|move|p2b: Kingambit|Brick Break|p1b: Aggron\n|-activate|p1b: Aggron|move: Protect\n|\n|-weather|Snowscape|[upkeep]\n|-fieldend|move: Trick Room\n|upkeep\n|turn|7\n|\n|t:|1776127259\n|move|p2a: Sneasler|Dire Claw|p1a: Conkeldurr\n|-damage|p1a: Conkeldurr|14/100\n|-status|p1a: Conkeldurr|psn\n|move|p2b: Kingambit|Brick Break|p1b: Aggron\n|-supereffective|p1b: Aggron|1\n|-damage|p1b: Aggron|3/100\n|move|p1b: Aggron|Heavy Slam|p2a: Sneasler\n|-damage|p2a: Sneasler|0 fnt\n|faint|p2a: Sneasler\n|move|p1a: Conkeldurr|Close Combat|p2b: Kingambit\n|-supereffective|p2b: Kingambit|2\n|-damage|p2b: Kingambit|0 fnt\n|-unboost|p1a: Conkeldurr|def|1\n|-unboost|p1a: Conkeldurr|spd|1\n|faint|p2b: Kingambit\n|\n|win|Purplkat\n|raw|Purplkat's rating: 1000 &rarr; <strong>1050</strong><br />(+50 for winning)\n|raw|Gcross16's rating: 1091 &rarr; <strong>1061</strong><br />(-30 for losing)\n|l|\u2606Gcross16\n|player|p2|\n",
  "uploadtime": 1776127288,
  "views": 14,
  "formatid": "gen9championsvgc2026regma",
  "rating": 1050,
  "private": 0,
  "password": null
}