{
  "id": "gen9championsvgc2026regma-2583862022",
  "format": "[Gen 9 Champions] VGC 2026 Reg M-A",
  "players": [
    "Chaotic1856",
    "AidzPlayz"
  ],
  "log": "|j|\u2606Chaotic1856\n|j|\u2606AidzPlayz\n|t:|1776203516\n|gametype|doubles\n|player|p1|Chaotic1856|bugsy|1193\n|player|p2|AidzPlayz|ghetsis-gen5bw|1237\n|gen|9\n|tier|[Gen 9 Champions] VGC 2026 Reg M-A\n|rated|\n|rule|Species Clause: Limit one of each Pok\u00e9mon\n|rule|Item Clause: Limit 1 of each item\n|clearpoke\n|poke|p1|Arcanine-Hisui, L50, F|\n|poke|p1|Zoroark-Hisui, L50, M|\n|poke|p1|Araquanid, L50, M|\n|poke|p1|Aerodactyl, L50, F|\n|poke|p1|Tyranitar, L50, F|\n|poke|p1|Excadrill, L50, M|\n|poke|p2|Aerodactyl, L50, F|\n|poke|p2|Incineroar, L50, M|\n|poke|p2|Floette-Eternal, L50, F|\n|poke|p2|Basculegion, L50, M|\n|poke|p2|Garchomp, L50, M|\n|poke|p2|Sneasler, L50, F|\n|teampreview|4\n|\n|t:|1776203549\n|teamsize|p1|4\n|teamsize|p2|4\n|start\n|switch|p1a: Aerodactyl|Aerodactyl, L50, F|100/100\n|switch|p1b: Excadrill|Excadrill, L50, M, shiny|100/100\n|switch|p2a: Incineroar|Incineroar, L50, M|100/100\n|switch|p2b: Aerodactyl|Aerodactyl, L50, F|100/100\n|-ability|p1a: Aerodactyl|Unnerve\n|-ability|p2b: Aerodactyl|Unnerve\n|-ability|p2a: Incineroar|Intimidate|boost\n|-unboost|p1a: Aerodactyl|atk|1\n|-unboost|p1b: Excadrill|atk|1\n|turn|1\n|\n|t:|1776203579\n|move|p2a: Incineroar|Fake Out|p1a: Aerodactyl\n|-resisted|p1a: Aerodactyl|1\n|-damage|p1a: Aerodactyl|92/100\n|cant|p1a: Aerodactyl|flinch\n|move|p2b: Aerodactyl|Tailwind|p2b: Aerodactyl\n|-sidestart|p2: AidzPlayz|move: Tailwind\n|move|p1b: Excadrill|Nasty Plot|p1b: Excadrill\n|-boost|p1b: Excadrill|spa|2\n|\n|upkeep\n|turn|2\n|\n|t:|1776203598\n|move|p1b: Excadrill|Protect|p1b: Excadrill\n|-singleturn|p1b: Excadrill|Protect\n|move|p2b: Aerodactyl|Rock Slide|p1a: Aerodactyl|[spread] p1a\n|-activate|p1b: Excadrill|move: Protect\n|-supereffective|p1a: Aerodactyl|1\n|-damage|p1a: Aerodactyl|16/100\n|move|p1a: Aerodactyl|Tailwind|p1a: Aerodactyl\n|-sidestart|p1: Chaotic1856|move: Tailwind\n|move|p2a: Incineroar|Parting Shot|p1b: Excadrill\n|-activate|p1b: Excadrill|move: Protect\n|\n|upkeep\n|turn|3\n|\n|t:|1776203611\n|move|p2b: Aerodactyl|Rock Slide|p1a: Aerodactyl|[spread] p1a,p1b\n|-supereffective|p1a: Aerodactyl|1\n|-damage|p1a: Aerodactyl|0 fnt\n|-damage|p1b: Excadrill|50/100\n|replace|p1b: Zoroark|Zoroark-Hisui, L50, M, shiny\n|-end|p1b: Zoroark|Illusion\n|faint|p1a: Aerodactyl\n|move|p1b: Zoroark|Hyper Voice|p2b: Aerodactyl|[spread] p2a,p2b\n|-resisted|p2b: Aerodactyl|1\n|-damage|p2a: Incineroar|54/100\n|-damage|p2b: Aerodactyl|52/100\n|move|p2a: Incineroar|Parting Shot|p1b: Zoroark\n|-unboost|p1b: Zoroark|atk|1\n|-unboost|p1b: Zoroark|spa|1\n|\n|t:|1776203627\n|switch|p2a: Basculegion|Basculegion, L50, M|100/100|[from] Parting Shot\n|\n|upkeep\n|\n|t:|1776203630\n|switch|p1a: Tyranitar|Tyranitar, L50, F|100/100\n|-weather|Sandstorm|[from] ability: Sand Stream|[of] p1a: Tyranitar\n|turn|4\n|\n|t:|1776203662\n|detailschange|p1a: Tyranitar|Tyranitar-Mega, L50, F\n|-mega|p1a: Tyranitar|Tyranitar|Tyranitarite\n|move|p2b: Aerodactyl|Protect|p2b: Aerodactyl\n|-singleturn|p2b: Aerodactyl|Protect\n|move|p1b: Zoroark|Protect|p1b: Zoroark\n|-singleturn|p1b: Zoroark|Protect\n|move|p2a: Basculegion|Flip Turn|p1b: Zoroark\n|-activate|p1b: Zoroark|move: Protect\n|move|p1a: Tyranitar|Knock Off|p2a: Basculegion\n|-supereffective|p2a: Basculegion|1\n|-damage|p2a: Basculegion|0 fnt\n|-enditem|p2a: Basculegion|Choice Scarf|[from] move: Knock Off|[of] p1a: Tyranitar\n|faint|p2a: Basculegion\n|\n|-weather|Sandstorm|[upkeep]\n|-damage|p1b: Zoroark|44/100|[from] Sandstorm\n|-sideend|p2: AidzPlayz|move: Tailwind\n|upkeep\n|\n|t:|1776203678\n|switch|p2a: Incineroar|Incineroar, L50, M|54/100\n|-ability|p2a: Incineroar|Intimidate|boost\n|-unboost|p1a: Tyranitar|atk|1\n|-unboost|p1b: Zoroark|atk|1\n|turn|5\n|\n|t:|1776203684\n|move|p2a: Incineroar|Fake Out|p1a: Tyranitar\n|-resisted|p1a: Tyranitar|1\n|-damage|p1a: Tyranitar|97/100\n|move|p1b: Zoroark|Shadow Ball|p2b: Aerodactyl\n|-damage|p2b: Aerodactyl|0 fnt\n|faint|p2b: Aerodactyl\n|cant|p1a: Tyranitar|flinch\n|\n|-weather|Sandstorm|[upkeep]\n|-damage|p1b: Zoroark|38/100|[from] Sandstorm\n|-damage|p2a: Incineroar|48/100|[from] Sandstorm\n|-enditem|p2a: Incineroar|Sitrus Berry|[eat]\n|-heal|p2a: Incineroar|73/100|[from] item: Sitrus Berry\n|-sideend|p1: Chaotic1856|move: Tailwind\n|upkeep\n|\n|t:|1776203692\n|switch|p2b: Floette|Floette-Eternal, L50, F|100/100\n|turn|6\n|\n|t:|1776203703\n|detailschange|p2b: Floette|Floette-Mega, L50, F\n|-mega|p2b: Floette|Floette|Floettite\n|-ability|p2b: Floette|Fairy Aura\n|move|p1b: Zoroark|Hyper Voice|p2b: Floette|[spread] p2a,p2b\n|-damage|p2a: Incineroar|34/100\n|-damage|p2b: Floette|57/100\n|move|p2b: Floette|Dazzling Gleam|p1a: Tyranitar|[spread] p1a,p1b\n|-supereffective|p1a: Tyranitar|1\n|-damage|p1a: Tyranitar|50/100\n|-damage|p1b: Zoroark|0 fnt\n|faint|p1b: Zoroark\n|move|p1a: Tyranitar|Rock Slide|p2b: Floette|[spread] p2a,p2b\n|-supereffective|p2a: Incineroar|1\n|-damage|p2a: Incineroar|0 fnt\n|-damage|p2b: Floette|26/100\n|faint|p2a: Incineroar\n|\n|-weather|Sandstorm|[upkeep]\n|-damage|p2b: Floette|20/100|[from] Sandstorm\n|upkeep\n|\n|t:|1776203714\n|switch|p1b: Excadrill|Excadrill, L50, M, shiny|100/100\n|turn|7\n|\n|t:|1776203721\n|move|p1b: Excadrill|Iron Head|p2b: Floette\n|-supereffective|p2b: Floette|1\n|-damage|p2b: Floette|0 fnt\n|faint|p2b: Floette\n|\n|win|Chaotic1856\n|raw|Chaotic1856's rating: 1193 &rarr; <strong>1221</strong><br />(+28 for winning)\n|raw|AidzPlayz's rating: 1237 &rarr; <strong>1209</strong><br />(-28 for losing)\n",
  "uploadtime": 1776203721,
  "views": 24,
  "formatid": "gen9championsvgc2026regma",
  "rating": 1209,
  "private": 0,
  "password": null
}