{
  "id": "gen9championsvgc2026regma-2588918601",
  "format": "[Gen 9 Champions] VGC 2026 Reg M-A",
  "players": [
    "seteee",
    "SoftwareSuckers"
  ],
  "log": "|j|\u2606seteee\n|j|\u2606SoftwareSuckers\n|t:|1776685802\n|gametype|doubles\n|player|p1|seteee|swimmer-gen4|1141\n|player|p2|SoftwareSuckers|fisherman|1153\n|gen|9\n|tier|[Gen 9 Champions] VGC 2026 Reg M-A\n|rated|\n|rule|Species Clause: Limit one of each Pok\u00e9mon\n|rule|Item Clause: Limit 1 of each item\n|clearpoke\n|poke|p1|Politoed, L50, M|\n|poke|p1|Basculegion, L50, M|\n|poke|p1|Sneasler, L50, F|\n|poke|p1|Meganium, L50, F|\n|poke|p1|Talonflame, L50, M|\n|poke|p1|Garchomp, L50, M|\n|poke|p2|Feraligatr, L50, F, shiny|\n|poke|p2|Gengar, L50, M, shiny|\n|poke|p2|Sinistcha, L50|\n|poke|p2|Incineroar, L50, M|\n|poke|p2|Archaludon, L50, M|\n|poke|p2|Pelipper, L50, F, shiny|\n|teampreview|4\n|inactive|Battle timer is ON: inactive players will automatically lose when time's up. (requested by seteee)\n|inactive|SoftwareSuckers has 60 seconds left.\n|\n|t:|1776685893\n|teamsize|p1|4\n|teamsize|p2|4\n|start\n|switch|p1a: Talonflame|Talonflame, L50, M|100/100\n|switch|p1b: Meganium|Meganium, L50, F|100/100\n|switch|p2a: Deku-Chan|Feraligatr, L50, F, shiny|100/100\n|switch|p2b: KACCHAN|Pelipper, L50, F, shiny|100/100\n|-weather|RainDance|[from] ability: Drizzle|[of] p2b: KACCHAN\n|turn|1\n|inactive|seteee has 30 seconds left.\n|inactive|SoftwareSuckers has 30 seconds left.\n|inactive|SoftwareSuckers has 20 seconds left.\n|inactive|seteee has 20 seconds left.\n|inactive|SoftwareSuckers has 15 seconds left.\n|inactive|SoftwareSuckers has 10 seconds left.\n|inactive|SoftwareSuckers has 5 seconds left.\n|\n|t:|1776685948\n|detailschange|p1b: Meganium|Meganium-Mega, L50, F\n|-mega|p1b: Meganium|Meganium|Meganiumite\n|move|p1a: Talonflame|Tailwind|p1a: Talonflame\n|-sidestart|p1: seteee|move: Tailwind\n|move|p1b: Meganium|Dazzling Gleam|p2b: KACCHAN|[spread] p2a,p2b\n|-damage|p2a: Deku-Chan|57/100\n|-damage|p2b: KACCHAN|56/100\n|move|p2a: Deku-Chan|Liquidation|p1b: Meganium\n|-resisted|p1b: Meganium|1\n|-damage|p1b: Meganium|63/100\n|move|p2b: KACCHAN|Hurricane|p1a: Talonflame\n|-damage|p1a: Talonflame|41/100\n|-start|p1a: Talonflame|confusion\n|\n|-weather|RainDance|[upkeep]\n|upkeep\n|turn|2\n|inactive|seteee has 30 seconds left.\n|\n|t:|1776685975\n|switch|p1a: Basculegion|Basculegion, L50, M|100/100\n|move|p2b: KACCHAN|Wide Guard|p2b: KACCHAN\n|-singleturn|p2b: KACCHAN|Wide Guard\n|move|p1b: Meganium|Dazzling Gleam|p2b: KACCHAN|[spread] \n|-activate|p2a: Deku-Chan|move: Wide Guard\n|-activate|p2b: KACCHAN|move: Wide Guard\n|move|p2a: Deku-Chan|Dragon Dance|p2a: Deku-Chan\n|-boost|p2a: Deku-Chan|atk|1\n|-boost|p2a: Deku-Chan|spe|1\n|\n|-weather|RainDance|[upkeep]\n|upkeep\n|turn|3\n|\n|t:|1776685997\n|switch|p2b: Asuna|Sinistcha, L50|100/100\n|-heal|p2a: Deku-Chan|82/100|[from] ability: Hospitality|[of] p2b: Asuna\n|move|p1a: Basculegion|Wave Crash|p2a: Deku-Chan\n|-resisted|p2a: Deku-Chan|1\n|-damage|p2a: Deku-Chan|23/100\n|-damage|p1a: Basculegion|85/100|[from] Recoil\n|move|p1b: Meganium|Solar Beam||[still]\n|-prepare|p1b: Meganium|Solar Beam\n|-activate|p1b: Meganium|ability: Mega Sol\n|-anim|p1b: Meganium|Solar Beam|p2a: Deku-Chan\n|-supereffective|p2a: Deku-Chan|1\n|-damage|p2a: Deku-Chan|0 fnt\n|faint|p2a: Deku-Chan\n|\n|-weather|RainDance|[upkeep]\n|upkeep\n|\n|t:|1776686012\n|switch|p2a: Todoroki|Incineroar, L50, M|100/100\n|-ability|p2a: Todoroki|Intimidate|boost\n|-unboost|p1a: Basculegion|atk|1\n|-unboost|p1b: Meganium|atk|1\n|turn|4\n|inactive|seteee has 30 seconds left.\n|\n|t:|1776686044\n|move|p2a: Todoroki|Fake Out|p1b: Meganium\n|-damage|p1b: Meganium|52/100\n|move|p2b: Asuna|Rage Powder|p2b: Asuna\n|-singleturn|p2b: Asuna|move: Rage Powder\n|move|p1a: Basculegion|Wave Crash|p2b: Asuna\n|-resisted|p2b: Asuna|1\n|-damage|p2b: Asuna|64/100\n|-damage|p1a: Basculegion|75/100|[from] Recoil\n|cant|p1b: Meganium|flinch\n|\n|-weather|RainDance|[upkeep]\n|-sideend|p1: seteee|move: Tailwind\n|upkeep\n|turn|5\n|\n|t:|1776686069\n|move|p2b: Asuna|Rage Powder|p2b: Asuna\n|-singleturn|p2b: Asuna|move: Rage Powder\n|move|p1a: Basculegion|Wave Crash|p2b: Asuna\n|-resisted|p2b: Asuna|1\n|-damage|p2b: Asuna|31/100\n|-damage|p1a: Basculegion|65/100|[from] Recoil\n|move|p1b: Meganium|Weather Ball|p2b: Asuna\n|-supereffective|p2b: Asuna|1\n|-damage|p2b: Asuna|0 fnt\n|faint|p2b: Asuna\n|move|p2a: Todoroki|Parting Shot|p1b: Meganium\n|-unboost|p1b: Meganium|atk|1\n|-unboost|p1b: Meganium|spa|1\n|\n|t:|1776686079\n|switch|p2a: KACCHAN|Pelipper, L50, F, shiny|56/100|[from] Parting Shot\n|\n|-weather|none\n|upkeep\n|\n|t:|1776686081\n|switch|p2b: Todoroki|Incineroar, L50, M|100/100\n|-ability|p2b: Todoroki|Intimidate|boost\n|-unboost|p1a: Basculegion|atk|1\n|-unboost|p1b: Meganium|atk|1\n|turn|6\n|inactive|SoftwareSuckers has 30 seconds left.\n|inactive|SoftwareSuckers has 20 seconds left.\n|inactive|SoftwareSuckers has 15 seconds left.\n|inactive|SoftwareSuckers has 10 seconds left.\n|inactive|SoftwareSuckers has 5 seconds left.\n|\n|t:|1776686131\n|switch|p1a: Garchomp|Garchomp, L50, M|100/100\n|move|p1b: Meganium|Protect|p1b: Meganium\n|-singleturn|p1b: Meganium|Protect\n|move|p2b: Todoroki|Fake Out|p1b: Meganium\n|-activate|p1b: Meganium|move: Protect\n|move|p2a: KACCHAN|Tailwind|p2a: KACCHAN\n|-sidestart|p2: SoftwareSuckers|move: Tailwind\n|\n|upkeep\n|turn|7\n|\n|t:|1776686156\n|move|p2a: KACCHAN|Wide Guard|p2a: KACCHAN\n|-singleturn|p2a: KACCHAN|Wide Guard\n|move|p1a: Garchomp|Rock Slide|p2a: KACCHAN|[spread] \n|-activate|p2a: KACCHAN|move: Wide Guard\n|-activate|p2b: Todoroki|move: Wide Guard\n|move|p2b: Todoroki|Flare Blitz|p1b: Meganium\n|-supereffective|p1b: Meganium|1\n|-damage|p1b: Meganium|0 fnt\n|faint|p1b: Meganium\n|-damage|p2b: Todoroki|85/100|[from] Recoil\n|\n|upkeep\n|\n|t:|1776686170\n|switch|p1b: Basculegion|Basculegion, L50, M|65/100\n|turn|8\n|\n|t:|1776686187\n|move|p1b: Basculegion|Protect|p1b: Basculegion\n|-singleturn|p1b: Basculegion|Protect\n|move|p2a: KACCHAN|Wide Guard|p2a: KACCHAN\n|-singleturn|p2a: KACCHAN|Wide Guard\n|move|p1a: Garchomp|Rock Slide|p2b: Todoroki|[spread] \n|-activate|p2a: KACCHAN|move: Wide Guard\n|-activate|p2b: Todoroki|move: Wide Guard\n|move|p2b: Todoroki|Throat Chop|p1b: Basculegion\n|-activate|p1b: Basculegion|move: Protect\n|\n|upkeep\n|turn|9\n|\n|t:|1776686210\n|move|p2a: KACCHAN|Wide Guard|p2a: KACCHAN\n|-singleturn|p2a: KACCHAN|Wide Guard\n|move|p1b: Basculegion|Aqua Jet|p2b: Todoroki\n|-supereffective|p2b: Todoroki|1\n|-damage|p2b: Todoroki|35/100\n|-enditem|p2b: Todoroki|Sitrus Berry|[eat]\n|-heal|p2b: Todoroki|59/100|[from] item: Sitrus Berry\n|move|p1a: Garchomp|Rock Slide|p2a: KACCHAN|[spread] \n|-activate|p2a: KACCHAN|move: Wide Guard\n|-activate|p2b: Todoroki|move: Wide Guard\n|move|p2b: Todoroki|Throat Chop|p1b: Basculegion\n|-supereffective|p1b: Basculegion|1\n|-damage|p1b: Basculegion|0 fnt\n|faint|p1b: Basculegion\n|\n|-sideend|p2: SoftwareSuckers|move: Tailwind\n|upkeep\n|\n|t:|1776686217\n|switch|p1b: Talonflame|Talonflame, L50, M|41/100\n|turn|10\n|inactive|seteee has 30 seconds left.\n|\n|t:|1776686247\n|move|p1b: Talonflame|Protect|p1b: Talonflame\n|-singleturn|p1b: Talonflame|Protect\n|move|p2a: KACCHAN|Wide Guard|p2a: KACCHAN\n|-singleturn|p2a: KACCHAN|Wide Guard\n|move|p1a: Garchomp|Rock Slide|p2a: KACCHAN|[spread] \n|-activate|p2a: KACCHAN|move: Wide Guard\n|-activate|p2b: Todoroki|move: Wide Guard\n|move|p2b: Todoroki|Throat Chop|p1b: Talonflame\n|-activate|p1b: Talonflame|move: Protect\n|\n|upkeep\n|turn|11\n|inactive|seteee has 30 seconds left.\n|\n|t:|1776686273\n|move|p2a: KACCHAN|Wide Guard|p2a: KACCHAN\n|-singleturn|p2a: KACCHAN|Wide Guard\n|move|p1a: Garchomp|Rock Slide|p2b: Todoroki|[spread] \n|-activate|p2a: KACCHAN|move: Wide Guard\n|-activate|p2b: Todoroki|move: Wide Guard\n|move|p1b: Talonflame|Brave Bird|p2b: Todoroki\n|-damage|p2b: Todoroki|11/100\n|-damage|p1b: Talonflame|22/100|[from] Recoil\n|move|p2b: Todoroki|Throat Chop|p1b: Talonflame\n|-damage|p1b: Talonflame|0 fnt\n|faint|p1b: Talonflame\n|\n|upkeep\n|turn|12\n|\n|t:|1776686292\n|move|p2a: KACCHAN|Wide Guard|p2a: KACCHAN\n|-singleturn|p2a: KACCHAN|Wide Guard\n|move|p1a: Garchomp|Rock Slide|p2b: Todoroki|[spread] \n|-activate|p2a: KACCHAN|move: Wide Guard\n|-activate|p2b: Todoroki|move: Wide Guard\n|move|p2b: Todoroki|Parting Shot|p1a: Garchomp\n|-unboost|p1a: Garchomp|atk|1\n|-unboost|p1a: Garchomp|spa|1\n|\n|upkeep\n|turn|13\n|\n|t:|1776686299\n|move|p2a: KACCHAN|Wide Guard|p2a: KACCHAN\n|-singleturn|p2a: KACCHAN|Wide Guard\n|move|p1a: Garchomp|Rock Slide|p2b: Todoroki|[spread] \n|-activate|p2a: KACCHAN|move: Wide Guard\n|-activate|p2b: Todoroki|move: Wide Guard\n|move|p2b: Todoroki|Parting Shot|p1a: Garchomp\n|-unboost|p1a: Garchomp|atk|1\n|-unboost|p1a: Garchomp|spa|1\n|\n|upkeep\n|turn|14\n|\n|t:|1776686305\n|move|p2a: KACCHAN|Wide Guard|p2a: KACCHAN\n|-singleturn|p2a: KACCHAN|Wide Guard\n|move|p1a: Garchomp|Rock Slide|p2a: KACCHAN|[spread] \n|-activate|p2a: KACCHAN|move: Wide Guard\n|-activate|p2b: Todoroki|move: Wide Guard\n|move|p2b: Todoroki|Parting Shot|p1a: Garchomp\n|-unboost|p1a: Garchomp|atk|1\n|-unboost|p1a: Garchomp|spa|1\n|\n|upkeep\n|turn|15\n|\n|t:|1776686309\n|move|p2a: KACCHAN|Wide Guard|p2a: KACCHAN\n|-singleturn|p2a: KACCHAN|Wide Guard\n|move|p1a: Garchomp|Rock Slide|p2a: KACCHAN|[spread] \n|-activate|p2a: KACCHAN|move: Wide Guard\n|-activate|p2b: Todoroki|move: Wide Guard\n|move|p2b: Todoroki|Parting Shot|p1a: Garchomp\n|-unboost|p1a: Garchomp|atk|1\n|-unboost|p1a: Garchomp|spa|1\n|\n|upkeep\n|turn|16\n|\n|t:|1776686312\n|move|p2a: KACCHAN|Wide Guard|p2a: KACCHAN\n|-singleturn|p2a: KACCHAN|Wide Guard\n|move|p1a: Garchomp|Rock Slide|p2b: Todoroki|[spread] \n|-activate|p2a: KACCHAN|move: Wide Guard\n|-activate|p2b: Todoroki|move: Wide Guard\n|move|p2b: Todoroki|Parting Shot|p1a: Garchomp\n|-unboost|p1a: Garchomp|atk|1\n|-unboost|p1a: Garchomp|spa|1\n|\n|upkeep\n|turn|17\n|\n|t:|1776686318\n|move|p2a: KACCHAN|Wide Guard|p2a: KACCHAN\n|-singleturn|p2a: KACCHAN|Wide Guard\n|move|p1a: Garchomp|Rock Slide|p2a: KACCHAN|[spread] \n|-activate|p2a: KACCHAN|move: Wide Guard\n|-activate|p2b: Todoroki|move: Wide Guard\n|move|p2b: Todoroki|Parting Shot|p1a: Garchomp\n|-unboost|p1a: Garchomp|atk|1\n|-unboost|p1a: Garchomp|spa|1\n|\n|upkeep\n|turn|18\n|\n|t:|1776686328\n|move|p2a: KACCHAN|Helping Hand|p2b: Todoroki\n|-singleturn|p2b: Todoroki|Helping Hand|[of] p2a: KACCHAN\n|move|p1a: Garchomp|Rock Slide|p2a: KACCHAN|[spread] p2a,p2b\n|-supereffective|p2a: KACCHAN|1\n|-supereffective|p2b: Todoroki|1\n|-damage|p2a: KACCHAN|44/100\n|-damage|p2b: Todoroki|3/100\n|move|p2b: Todoroki|Throat Chop|p1a: Garchomp\n|-damage|p1a: Garchomp|51/100\n|-start|p1a: Garchomp|Throat Chop|[silent]\n|-damage|p2b: Todoroki|0 fnt|[from] ability: Rough Skin|[of] p1a: Garchomp\n|faint|p2b: Todoroki\n|\n|upkeep\n|turn|19\n|\n|t:|1776686339\n|-activate|p1a: Garchomp|move: Struggle\n|move|p1a: Garchomp|Struggle|p2a: KACCHAN\n|-damage|p2a: KACCHAN|38/100\n|-damage|p1a: Garchomp|26/100|[from] recoil\n|move|p2a: KACCHAN|Hurricane|p1a: Garchomp\n|-damage|p1a: Garchomp|0 fnt\n|faint|p1a: Garchomp\n|\n|win|SoftwareSuckers\n|raw|seteee's rating: 1141 &rarr; <strong>1117</strong><br />(-24 for losing)\n|raw|SoftwareSuckers's rating: 1153 &rarr; <strong>1177</strong><br />(+24 for winning)\n|l|\u2606seteee\n|player|p1|\n",
  "uploadtime": 1776686483,
  "views": 7,
  "formatid": "gen9championsvgc2026regma",
  "rating": 1117,
  "private": 0,
  "password": null
}