{
  "id": "gen9championsvgc2026regma-2582443643",
  "format": "[Gen 9 Champions] VGC 2026 Reg M-A",
  "players": [
    "Azure Resolution",
    "notcheetofingers"
  ],
  "log": "|j|\u2606Azure Resolution\n|j|\u2606notcheetofingers\n|t:|1776092044\n|gametype|doubles\n|player|p1|Azure Resolution|gentleman-gen4dp|1160\n|player|p2|notcheetofingers|pokemaniac|1198\n|gen|9\n|tier|[Gen 9 Champions] VGC 2026 Reg M-A\n|rated|\n|rule|Species Clause: Limit one of each Pok\u00e9mon\n|rule|Item Clause: Limit 1 of each item\n|clearpoke\n|poke|p1|Altaria, L50, F|\n|poke|p1|Whimsicott, L50, M|\n|poke|p1|Gardevoir, L50, F|\n|poke|p1|Kingambit, L50, F|\n|poke|p1|Basculegion, L50, M|\n|poke|p1|Rotom-Heat, L50|\n|poke|p2|Tyranitar, L50, F|\n|poke|p2|Gardevoir, L50, F|\n|poke|p2|Gyarados, L50, M|\n|poke|p2|Excadrill, L50, M|\n|poke|p2|Sinistcha, L50|\n|poke|p2|Rotom-Heat, L50|\n|teampreview|4\nnotcheetofingers has agreed to open team sheets.\nAzure Resolution has agreed to open team sheets.\n|showteam|p1|Altaria||Leftovers|CloudNine|BreakingSwipe,Tailwind,Protect,Defog|||F|||50|]Whimsicott||FocusSash|Prankster|HelpingHand,Tailwind,EnergyBall,Taunt|||M|||50|]Gardevoir||Gardevoirite|Trace|Protect,HyperVoice,Psyshock,Moonblast|||F|||50|]Kingambit||SitrusBerry|Defiant|KowtowCleave,SuckerPunch,SwordsDance,IronHead|||F|||50|]Basculegion||ChoiceScarf|Adaptability|LastRespects,FlipTurn,PsychicFangs,WaveCrash|||M|||50|]Rotom-Heat||WhiteHerb|Levitate|Overheat,Thunderbolt,NastyPlot,Protect||||||50|\n|showteam|p2|Tyranitar||Tyranitarite|SandStream|RockSlide,Crunch,Protect,DragonDance|||F|||50|]Gardevoir||Gardevoirite|Telepathy|Psyshock,HyperVoice,CalmMind,Protect|||F|||50|]Gyarados||Leftovers|Intimidate|Waterfall,ThunderWave,Taunt,Protect|||M|||50|]Excadrill||FocusSash|SandRush|IronHead,Earthquake,HighHorsepower,Protect|||M|||50|]Sinistcha||SitrusBerry|Hospitality|MatchaGotcha,ShadowBall,RagePowder,TrickRoom||||||50|]Rotom-Heat||ChoiceScarf|Levitate|Overheat,Thunderbolt,VoltSwitch,Discharge||||||50|\n|inactive|Battle timer is ON: inactive players will automatically lose when time's up. (requested by notcheetofingers)\n|\n|t:|1776092114\n|teamsize|p1|4\n|teamsize|p2|4\n|start\n|switch|p1a: Silly Goose|Altaria, L50, F|100/100\n|switch|p1b: Kingambit|Kingambit, L50, F|100/100\n|switch|p2a: Tyranitar|Tyranitar, L50, F|100/100\n|switch|p2b: Sinistcha|Sinistcha, L50|100/100\n|-weather|Sandstorm|[from] ability: Sand Stream|[of] p2a: Tyranitar\n|-ability|p1a: Silly Goose|Cloud Nine\n|turn|1\n|inactive|Azure Resolution has 30 seconds left.\n|inactive|notcheetofingers has 30 seconds left.\n|inactive|Azure Resolution has 20 seconds left.\n|inactive|notcheetofingers has 20 seconds left.\n|inactive|Azure Resolution has 15 seconds left.\n|inactive|notcheetofingers has 15 seconds left.\n|inactive|Azure Resolution has 10 seconds left.\n|inactive|notcheetofingers has 10 seconds left.\n|inactive|Azure Resolution has 5 seconds left.\n|\n|t:|1776092169\n|switch|p2a: Rotom|Rotom-Heat, L50|100/100\n|move|p1a: Silly Goose|Breaking Swipe|p2a: Rotom|[spread] p2a,p2b\n|-damage|p2a: Rotom|84/100\n|-damage|p2b: Sinistcha|90/100\n|-unboost|p2a: Rotom|atk|1\n|-unboost|p2b: Sinistcha|atk|1\n|move|p2b: Sinistcha|Matcha Gotcha|p1b: Kingambit|[spread] p1a,p1b\n|-resisted|p1a: Silly Goose|2\n|-resisted|p1b: Kingambit|1\n|-damage|p1a: Silly Goose|97/100\n|-heal|p2b: Sinistcha|93/100|[from] drain|[of] p1a: Silly Goose\n|-damage|p1b: Kingambit|87/100\n|-heal|p2b: Sinistcha|100/100|[from] drain|[of] p1b: Kingambit\n|move|p1b: Kingambit|Kowtow Cleave|p2b: Sinistcha\n|-supereffective|p2b: Sinistcha|1\n|-damage|p2b: Sinistcha|20/100\n|-enditem|p2b: Sinistcha|Sitrus Berry|[eat]\n|-heal|p2b: Sinistcha|44/100|[from] item: Sitrus Berry\n|\n|-weather|Sandstorm|[upkeep]\n|-heal|p1a: Silly Goose|100/100|[from] item: Leftovers\n|upkeep\n|turn|2\n|inactive|Azure Resolution has 30 seconds left.\n|inactive|notcheetofingers has 30 seconds left.\n|\n|t:|1776092196\n|switch|p2b: Tyranitar|Tyranitar, L50, F|100/100\n|move|p1b: Kingambit|Sucker Punch||[still]\n|-fail|p1b: Kingambit\n|move|p2a: Rotom|Overheat|p1b: Kingambit|[miss]\n|-miss|p2a: Rotom|p1b: Kingambit\n|move|p1a: Silly Goose|Tailwind|p1a: Silly Goose\n|-sidestart|p1: Azure Resolution|move: Tailwind\n|\n|-weather|Sandstorm|[upkeep]\n|upkeep\n|turn|3\n|c|\u2606Azure Resolution|damn\n|c|\u2606Azure Resolution|unlucky\n|c|\u2606Azure Resolution|sorry\n|inactive|Azure Resolution has 30 seconds left.\n|\n|t:|1776092230\n|switch|p1b: Basculegion|Basculegion, L50, M|100/100\n|move|p2a: Rotom|Overheat|p1b: Basculegion\n|-resisted|p1b: Basculegion|1\n|-damage|p1b: Basculegion|66/100\n|-unboost|p2a: Rotom|spa|2\n|move|p1a: Silly Goose|Breaking Swipe|p2b: Tyranitar|[spread] p2a,p2b\n|-damage|p2a: Rotom|70/100\n|-damage|p2b: Tyranitar|89/100\n|-unboost|p2a: Rotom|atk|1\n|-unboost|p2b: Tyranitar|atk|1\n|move|p2b: Tyranitar|Dragon Dance|p2b: Tyranitar\n|-boost|p2b: Tyranitar|atk|1\n|-boost|p2b: Tyranitar|spe|1\n|\n|-weather|Sandstorm|[upkeep]\n|upkeep\n|turn|4\n|inactive|Azure Resolution has 30 seconds left.\n|inactive|notcheetofingers has 30 seconds left.\n|inactive|notcheetofingers has 20 seconds left.\n|inactive|notcheetofingers has 15 seconds left.\n|inactive|notcheetofingers has 10 seconds left.\n|\n|t:|1776092277\n|switch|p2a: Gardevoir|Gardevoir, L50, F|100/100\n|move|p1b: Basculegion|Flip Turn|p2b: Tyranitar\n|-supereffective|p2b: Tyranitar|1\n|-damage|p2b: Tyranitar|16/100\n|\n|t:|1776092286\n|switch|p1b: Kingambit|Kingambit, L50, F|87/100|[from] Flip Turn\n|move|p1a: Silly Goose|Breaking Swipe|p2b: Tyranitar|[spread] p2b\n|-immune|p2a: Gardevoir\n|-damage|p2b: Tyranitar|4/100\n|-unboost|p2b: Tyranitar|atk|1\n|move|p2b: Tyranitar|Crunch|p1b: Kingambit\n|-resisted|p1b: Kingambit|1\n|-damage|p1b: Kingambit|76/100\n|\n|-weather|Sandstorm|[upkeep]\n|upkeep\n|turn|5\n|\n|t:|1776092309\n|switch|p2b: Rotom|Rotom-Heat, L50|70/100\n|move|p2a: Gardevoir|Protect|p2a: Gardevoir\n|-singleturn|p2a: Gardevoir|Protect\n|move|p1a: Silly Goose|Breaking Swipe|p2b: Rotom|[spread] p2b\n|-activate|p2a: Gardevoir|move: Protect\n|-damage|p2b: Rotom|54/100\n|-unboost|p2b: Rotom|atk|1\n|move|p1b: Kingambit|Iron Head|p2a: Gardevoir\n|-activate|p2a: Gardevoir|move: Protect\n|\n|-weather|none\n|-sideend|p1: Azure Resolution|move: Tailwind\n|upkeep\n|turn|6\n|inactive|Azure Resolution has 30 seconds left.\n|inactive|notcheetofingers has 30 seconds left.\n|inactive|notcheetofingers has 20 seconds left.\n|inactive|Azure Resolution has 20 seconds left.\n|inactive|notcheetofingers has 15 seconds left.\n|inactive|notcheetofingers has 10 seconds left.\n|\n|t:|1776092357\n|detailschange|p2a: Gardevoir|Gardevoir-Mega, L50, F\n|-mega|p2a: Gardevoir|Gardevoir|Gardevoirite\n|move|p1b: Kingambit|Sucker Punch|p2a: Gardevoir\n|-damage|p2a: Gardevoir|61/100\n|move|p2b: Rotom|Volt Switch|p1b: Kingambit\n|-damage|p1b: Kingambit|44/100\n|-enditem|p1b: Kingambit|Sitrus Berry|[eat]\n|-heal|p1b: Kingambit|69/100|[from] item: Sitrus Berry\n|\n|t:|1776092367\n|switch|p2b: Sinistcha|Sinistcha, L50|44/100|[from] Volt Switch\n|-heal|p2a: Gardevoir|86/100|[from] ability: Hospitality|[of] p2b: Sinistcha\n|move|p2a: Gardevoir|Hyper Voice|p1b: Kingambit|[spread] p1a,p1b\n|-supereffective|p1a: Silly Goose|1\n|-damage|p1a: Silly Goose|31/100\n|-damage|p1b: Kingambit|19/100\n|move|p1a: Silly Goose|Tailwind|p1a: Silly Goose\n|-sidestart|p1: Azure Resolution|move: Tailwind\n|\n|-heal|p1a: Silly Goose|37/100|[from] item: Leftovers\n|upkeep\n|turn|7\n|\n|t:|1776092386\n|move|p1a: Silly Goose|Protect|p1a: Silly Goose\n|-singleturn|p1a: Silly Goose|Protect\n|move|p1b: Kingambit|Kowtow Cleave|p2b: Sinistcha\n|-supereffective|p2b: Sinistcha|1\n|-damage|p2b: Sinistcha|0 fnt\n|faint|p2b: Sinistcha\n|move|p2a: Gardevoir|Hyper Voice|p1a: Silly Goose|[spread] p1b\n|-activate|p1a: Silly Goose|move: Protect\n|-damage|p1b: Kingambit|0 fnt\n|faint|p1b: Kingambit\n|\n|-heal|p1a: Silly Goose|43/100|[from] item: Leftovers\n|upkeep\n|\n|t:|1776092406\n|switch|p2b: Rotom|Rotom-Heat, L50|54/100\n|switch|p1b: Gardevoir|Gardevoir, L50, F, shiny|100/100\n|-ability|p1b: Gardevoir|Levitate|Trace|[from] ability: Trace|[of] p2b: Rotom\n|turn|8\n|inactive|Azure Resolution has 30 seconds left.\n|inactive|notcheetofingers has 30 seconds left.\n|\n|t:|1776092437\n|detailschange|p1b: Gardevoir|Gardevoir-Mega, L50, F, shiny\n|-mega|p1b: Gardevoir|Gardevoir|Gardevoirite\n|move|p1b: Gardevoir|Hyper Voice|p2b: Rotom|[spread] p2a,p2b\n|-resisted|p2b: Rotom|1\n|-crit|p2b: Rotom\n|-damage|p2a: Gardevoir|44/100\n|-damage|p2b: Rotom|0 fnt\n|faint|p2b: Rotom\n|move|p1a: Silly Goose|Breaking Swipe|p2a: Gardevoir\n|-immune|p2a: Gardevoir\n|move|p2a: Gardevoir|Hyper Voice|p1b: Gardevoir|[spread] p1a,p1b\n|-supereffective|p1a: Silly Goose|1\n|-damage|p1a: Silly Goose|0 fnt\n|-damage|p1b: Gardevoir|55/100\n|faint|p1a: Silly Goose\n|\n|upkeep\n|\n|t:|1776092448\n|switch|p2b: Tyranitar|Tyranitar, L50, F|4/100\n|switch|p1a: Basculegion|Basculegion, L50, M|66/100\n|-weather|Sandstorm|[from] ability: Sand Stream|[of] p2b: Tyranitar\n|turn|9\n|\n|t:|1776092468\n|move|p2b: Tyranitar|Protect|p2b: Tyranitar\n|-singleturn|p2b: Tyranitar|Protect\n|move|p2a: Gardevoir|Protect|p2a: Gardevoir\n|-singleturn|p2a: Gardevoir|Protect\n|move|p1a: Basculegion|Last Respects|p2a: Gardevoir\n|-activate|p2a: Gardevoir|move: Protect\n|move|p1b: Gardevoir|Hyper Voice|p2a: Gardevoir|[spread] \n|-activate|p2a: Gardevoir|move: Protect\n|-activate|p2b: Tyranitar|move: Protect\n|\n|-weather|Sandstorm|[upkeep]\n|-damage|p1a: Basculegion|60/100|[from] Sandstorm\n|-damage|p1b: Gardevoir|49/100|[from] Sandstorm\n|-damage|p2a: Gardevoir|39/100|[from] Sandstorm\n|-sideend|p1: Azure Resolution|move: Tailwind\n|upkeep\n|turn|10\n|inactive|notcheetofingers has 30 seconds left.\n|\n|t:|1776092493\n|move|p1b: Gardevoir|Protect|p1b: Gardevoir\n|-singleturn|p1b: Gardevoir|Protect\n|move|p1a: Basculegion|Last Respects|p2a: Gardevoir\n|-supereffective|p2a: Gardevoir|1\n|-damage|p2a: Gardevoir|0 fnt\n|faint|p2a: Gardevoir\n|move|p2b: Tyranitar|Crunch|p1a: Basculegion\n|-supereffective|p1a: Basculegion|1\n|-damage|p1a: Basculegion|0 fnt\n|faint|p1a: Basculegion\n|\n|-weather|Sandstorm|[upkeep]\n|-damage|p1b: Gardevoir|43/100|[from] Sandstorm\n|upkeep\n|turn|11\n|\n|t:|1776092508\n|move|p2b: Tyranitar|Protect|p2b: Tyranitar\n|-singleturn|p2b: Tyranitar|Protect\n|move|p1b: Gardevoir|Hyper Voice|p2b: Tyranitar\n|-activate|p2b: Tyranitar|move: Protect\n|\n|-weather|Sandstorm|[upkeep]\n|-damage|p1b: Gardevoir|36/100|[from] Sandstorm\n|upkeep\n|turn|12\n|\n|t:|1776092516\n|move|p2b: Tyranitar|Protect||[still]\n|-fail|p2b: Tyranitar\n|move|p1b: Gardevoir|Hyper Voice|p2b: Tyranitar\n|-supereffective|p2b: Tyranitar|1\n|-damage|p2b: Tyranitar|0 fnt\n|faint|p2b: Tyranitar\n|\n|win|Azure Resolution\n|raw|Azure Resolution's rating: 1160 &rarr; <strong>1188</strong><br />(+28 for winning)\n|raw|notcheetofingers's rating: 1198 &rarr; <strong>1170</strong><br />(-28 for losing)\n|c|\u2606Azure Resolution|ggwp\n|c|\u2606notcheetofingers|gg\n|l|\u2606notcheetofingers\n|player|p2|\n",
  "uploadtime": 1776092527,
  "views": 37,
  "formatid": "gen9championsvgc2026regma",
  "rating": 1170,
  "private": 0,
  "password": null
}