{
  "id": "gen9championsvgc2026regma-2582601699",
  "format": "[Gen 9 Champions] VGC 2026 Reg M-A",
  "players": [
    "Giftedyewsucks",
    "killapowa"
  ],
  "log": "|j|\u2606Giftedyewsucks\n|j|\u2606killapowa\n|t:|1776101959\n|gametype|doubles\n|player|p1|Giftedyewsucks|2|1573\n|player|p2|killapowa|2|1598\n|gen|9\n|tier|[Gen 9 Champions] VGC 2026 Reg M-A\n|rated|\n|rule|Species Clause: Limit one of each Pok\u00e9mon\n|rule|Item Clause: Limit 1 of each item\n|clearpoke\n|poke|p1|Kingambit, L50, F|\n|poke|p1|Sneasler, L50, M|\n|poke|p1|Delphox, L50, F|\n|poke|p1|Whimsicott, L50, F|\n|poke|p1|Garchomp, L50, M|\n|poke|p1|Rotom-Wash, L50|\n|poke|p2|Politoed, L50, F|\n|poke|p2|Archaludon, L50, M|\n|poke|p2|Scizor, L50, F|\n|poke|p2|Basculegion, L50, M|\n|poke|p2|Sneasler, L50, M|\n|poke|p2|Garchomp, L50, M|\n|teampreview|4\nkillapowa has agreed to open team sheets.\n|j| CARtu348rjf90\nGiftedyewsucks has agreed to open team sheets.\n|showteam|p1|Kingambit||BlackGlasses|Defiant|KowtowCleave,SuckerPunch,SwordsDance,Protect|||F|||50|]Sneasler||WhiteHerb|Unburden|DireClaw,CloseCombat,Protect,FakeOut|||M|||50|]Delphox||Delphoxite|Blaze|HeatWave,Psychic,Substitute,Protect|||F|||50|]Whimsicott||FocusSash|Prankster|Tailwind,SunnyDay,Moonblast,Protect|||F|||50|]Garchomp||ChoiceScarf|RoughSkin|Earthquake,StompingTantrum,RockSlide,DragonClaw|||M|||50|]Rotom-Wash||SitrusBerry|Levitate|Thunderbolt,HydroPump,WillOWisp,Protect||||||50|\n|showteam|p2|Politoed||WacanBerry|Drizzle|MuddyWater,IcyWind,HelpingHand,Protect|||F|||50|]Archaludon||ChopleBerry|Stamina|ElectroShot,DragonPulse,FlashCannon,Protect|||M|||50|]Scizor||Scizorite|Technician|Protect,BulletPunch,BugBite,SwordsDance|||F|||50|]Basculegion||ChoiceScarf|Adaptability|FlipTurn,WaveCrash,LastRespects,AquaJet|||M|||50|]Sneasler||WhiteHerb|Unburden|FakeOut,DireClaw,CloseCombat,Protect|||M|||50|]Garchomp||LumBerry|RoughSkin|RockSlide,StompingTantrum,DragonClaw,Protect|||M|||50|\n|j| Scotchthedoggo\n|j| Junglebolt\n|l| Junglebolt\n|c|\u2606killapowa|its my game for rank 1\n|c|\u2606killapowa|be gentle\n|c|\u2606killapowa|:)\n|c|\u2606Giftedyewsucks|Last game was mine\n|c|\u2606Giftedyewsucks|i lost ;-;\n|c|\u2606killapowa|unluckt\n|c|\u2606Giftedyewsucks|i was 1602\n|\n|t:|1776102054\n|teamsize|p1|4\n|teamsize|p2|4\n|start\n|switch|p1a: Rotom|Rotom-Wash, L50|100/100\n|switch|p1b: Whimsicott|Whimsicott, L50, F, shiny|100/100\n|switch|p2a: Politoed|Politoed, L50, F|100/100\n|switch|p2b: Archaludon|Archaludon, L50, M|100/100\n|-weather|RainDance|[from] ability: Drizzle|[of] p2a: Politoed\n|turn|1\n|j| HazelA7X\n|\n|t:|1776102067\n|move|p2a: Politoed|Protect|p2a: Politoed\n|-singleturn|p2a: Politoed|Protect\n|move|p1b: Whimsicott|Sunny Day|p1b: Whimsicott\n|-weather|SunnyDay\n|move|p1a: Rotom|Thunderbolt|p2a: Politoed\n|-activate|p2a: Politoed|move: Protect\n|move|p2b: Archaludon|Electro Shot||[still]\n|-prepare|p2b: Archaludon|Electro Shot\n|-boost|p2b: Archaludon|spa|1\n|\n|-weather|SunnyDay|[upkeep]\n|upkeep\n|turn|2\n|c|\u2606killapowa|nvm ima bot\n|\n|t:|1776102085\n|switch|p1a: Garchomp|Garchomp, L50, M|100/100\n|move|p1b: Whimsicott|Moonblast|p2b: Archaludon\n|-damage|p2b: Archaludon|67/100\n|-ability|p2b: Archaludon|Stamina|boost\n|-boost|p2b: Archaludon|def|1\n|move|p2b: Archaludon|Electro Shot|p1a: Garchomp|[from] lockedmove\n|-immune|p1a: Garchomp\n|move|p2a: Politoed|Icy Wind|p1b: Whimsicott|[spread] p1a,p1b\n|-supereffective|p1a: Garchomp|2\n|-supereffective|p1b: Whimsicott|1\n|-damage|p1a: Garchomp|59/100\n|-damage|p1b: Whimsicott|69/100\n|-unboost|p1a: Garchomp|spe|1\n|-unboost|p1b: Whimsicott|spe|1\n|\n|-weather|SunnyDay|[upkeep]\n|upkeep\n|turn|3\n|\n|t:|1776102116\n|move|p1b: Whimsicott|Tailwind|p1b: Whimsicott\n|-sidestart|p1: Giftedyewsucks|move: Tailwind\n|move|p1a: Garchomp|Stomping Tantrum|p2b: Archaludon\n|-supereffective|p2b: Archaludon|1\n|-damage|p2b: Archaludon|26/100\n|-ability|p2b: Archaludon|Stamina|boost\n|-boost|p2b: Archaludon|def|1\n|move|p2b: Archaludon|Dragon Pulse|p1a: Garchomp\n|-supereffective|p1a: Garchomp|1\n|-damage|p1a: Garchomp|0 fnt\n|faint|p1a: Garchomp\n|move|p2a: Politoed|Icy Wind|p1b: Whimsicott|[miss]\n|-miss|p2a: Politoed|p1b: Whimsicott\n|\n|-weather|SunnyDay|[upkeep]\n|upkeep\n|\n|t:|1776102124\n|switch|p1a: Delphox|Delphox, L50, F|100/100\n|turn|4\n|\n|t:|1776102149\n|switch|p2a: Garchomp|Garchomp, L50, M|100/100\n|detailschange|p1a: Delphox|Delphox-Mega, L50, F\n|-mega|p1a: Delphox|Delphox|Delphoxite\n|move|p1b: Whimsicott|Protect|p1b: Whimsicott\n|-singleturn|p1b: Whimsicott|Protect\n|move|p2b: Archaludon|Protect|p2b: Archaludon\n|-singleturn|p2b: Archaludon|Protect\n|move|p1a: Delphox|Substitute|p1a: Delphox\n|-start|p1a: Delphox|Substitute\n|-damage|p1a: Delphox|76/100\n|\n|-weather|SunnyDay|[upkeep]\n|upkeep\n|turn|5\n|j| liam.2025\n|j| scrambledegg6\n|l| liam.2025\n|\n|t:|1776102189\n|move|p1b: Whimsicott|Sunny Day||[still]\n|-fail|p1b: Whimsicott\n|move|p1a: Delphox|Heat Wave|p2a: Garchomp|[spread] p2a\n|-miss|p1a: Delphox|p2b: Archaludon\n|-resisted|p2a: Garchomp|1\n|-damage|p2a: Garchomp|64/100\n|move|p2a: Garchomp|Rock Slide|p1a: Delphox|[spread] p1a,p1b\n|-supereffective|p1a: Delphox|1\n|-end|p1a: Delphox|Substitute\n|-damage|p1b: Whimsicott|42/100\n|move|p2b: Archaludon|Flash Cannon|p1b: Whimsicott\n|-supereffective|p1b: Whimsicott|1\n|-damage|p1b: Whimsicott|0 fnt\n|faint|p1b: Whimsicott\n|\n|-weather|none\n|upkeep\n|\n|t:|1776102195\n|switch|p1b: Rotom|Rotom-Wash, L50|100/100\n|turn|6\n|c|\u2606killapowa|sorry\n|\n|t:|1776102213\n|move|p2a: Garchomp|Protect|p2a: Garchomp\n|-singleturn|p2a: Garchomp|Protect\n|move|p2b: Archaludon|Protect|p2b: Archaludon\n|-singleturn|p2b: Archaludon|Protect\n|move|p1a: Delphox|Heat Wave|p2a: Garchomp|[spread] \n|-activate|p2a: Garchomp|move: Protect\n|-activate|p2b: Archaludon|move: Protect\n|move|p1b: Rotom|Hydro Pump|p2a: Garchomp\n|-activate|p2a: Garchomp|move: Protect\n|\n|-sideend|p1: Giftedyewsucks|move: Tailwind\n|upkeep\n|turn|7\n|j| UltimatheoryPK\n|j| Junglebolt\n|c|\u2606Giftedyewsucks|Its alr\n|l| Junglebolt\n|\n|t:|1776102277\n|switch|p2a: Politoed|Politoed, L50, F|100/100\n|-weather|RainDance|[from] ability: Drizzle|[of] p2a: Politoed\n|move|p1a: Delphox|Protect|p1a: Delphox\n|-singleturn|p1a: Delphox|Protect\n|move|p1b: Rotom|Hydro Pump|p2b: Archaludon|[miss]\n|-miss|p1b: Rotom|p2b: Archaludon\n|move|p2b: Archaludon|Dragon Pulse|p1a: Delphox\n|-activate|p1a: Delphox|move: Protect\n|\n|-weather|RainDance|[upkeep]\n|upkeep\n|turn|8\n|\n|t:|1776102302\n|move|p1a: Delphox|Psychic|p2a: Politoed\n|-damage|p2a: Politoed|50/100\n|move|p1b: Rotom|Thunderbolt|p2a: Politoed\n|-supereffective|p2a: Politoed|1\n|-enditem|p2a: Politoed|Wacan Berry|[eat]\n|-enditem|p2a: Politoed|Wacan Berry|[weaken]\n|-damage|p2a: Politoed|13/100\n|move|p2b: Archaludon|Electro Shot||[still]\n|-prepare|p2b: Archaludon|Electro Shot\n|-boost|p2b: Archaludon|spa|1\n|-anim|p2b: Archaludon|Electro Shot|p1b: Rotom\n|-damage|p1b: Rotom|17/100\n|-enditem|p1b: Rotom|Sitrus Berry|[eat]\n|-heal|p1b: Rotom|42/100|[from] item: Sitrus Berry\n|move|p2a: Politoed|Muddy Water|p1a: Delphox|[spread] p1a,p1b\n|-supereffective|p1a: Delphox|1\n|-resisted|p1b: Rotom|1\n|-damage|p1a: Delphox|11/100\n|-damage|p1b: Rotom|19/100\n|\n|-weather|RainDance|[upkeep]\n|upkeep\n|turn|9\n|l| scrambledegg6\n|\n|t:|1776102323\n|move|p1a: Delphox|Psychic|p2b: Archaludon\n|-resisted|p2b: Archaludon|1\n|-damage|p2b: Archaludon|3/100\n|-unboost|p2b: Archaludon|spd|1\n|-ability|p2b: Archaludon|Stamina|boost\n|-boost|p2b: Archaludon|def|1\n|move|p1b: Rotom|Thunderbolt|p2b: Archaludon\n|-resisted|p2b: Archaludon|1\n|-damage|p2b: Archaludon|0 fnt\n|faint|p2b: Archaludon\n|move|p2a: Politoed|Muddy Water|p1b: Rotom|[spread] p1a,p1b\n|-supereffective|p1a: Delphox|1\n|-resisted|p1b: Rotom|1\n|-damage|p1a: Delphox|0 fnt\n|-damage|p1b: Rotom|0 fnt\n|faint|p1a: Delphox\n|faint|p1b: Rotom\n|\n|win|killapowa\n|raw|Giftedyewsucks's rating: 1573 &rarr; <strong>1554</strong><br />(-19 for losing)\n|raw|killapowa's rating: 1598 &rarr; <strong>1617</strong><br />(+19 for winning)\n|c|\u2606Giftedyewsucks|Gg\n|c|\u2606killapowa|gg\n|c|\u2606killapowa|sry for the luck\n|c|\u2606Giftedyewsucks|Its cool\n|c|\u2606Giftedyewsucks|Gz for top 1\n|c|\u2606killapowa|ty\n|l| HazelA7X\n|l| Scotchthedoggo\n|l|\u2606Giftedyewsucks\n|player|p1|\n|l|\u2606killapowa\n|player|p2|\n",
  "uploadtime": 1776102342,
  "views": 237,
  "formatid": "gen9championsvgc2026regma",
  "rating": 1554,
  "private": 0,
  "password": null
}