{
  "id": "gen9championsvgc2026regma-2588723343",
  "format": "[Gen 9 Champions] VGC 2026 Reg M-A",
  "players": [
    "Alleballs",
    "TorukVGC"
  ],
  "log": "|j|\u2606Alleballs\n|j|\u2606TorukVGC\n|t:|1776662184\n|gametype|doubles\n|player|p1|Alleballs|169|1212\n|player|p2|TorukVGC|supernerd|1289\n|gen|9\n|tier|[Gen 9 Champions] VGC 2026 Reg M-A\n|rated|\n|rule|Species Clause: Limit one of each Pok\u00e9mon\n|rule|Item Clause: Limit 1 of each item\n|clearpoke\n|poke|p1|Aegislash, L50, F|\n|poke|p1|Farigiraf, L50, F|\n|poke|p1|Chesnaught, L50, F|\n|poke|p1|Torkoal, L50, M|\n|poke|p1|Incineroar, L50, F|\n|poke|p1|Tyranitar, L50, M|\n|poke|p2|Froslass, L50, F|\n|poke|p2|Kingambit, L50, F|\n|poke|p2|Sneasler, L50, M|\n|poke|p2|Palafin, L50, M|\n|poke|p2|Sinistcha-Masterpiece, L50|\n|poke|p2|Incineroar, L50, M|\n|teampreview|4\n|inactive|Battle timer is ON: inactive players will automatically lose when time's up. (requested by Alleballs)\n|\n|t:|1776662231\n|teamsize|p1|4\n|teamsize|p2|4\n|start\n|switch|p1a: Farigiraf|Farigiraf, L50, F|100/100\n|switch|p1b: Incineroar|Incineroar, L50, F|100/100\n|switch|p2a: Palafin|Palafin, L50, M|100/100\n|switch|p2b: Sinistcha|Sinistcha-Masterpiece, L50|100/100\n|-ability|p1b: Incineroar|Intimidate|boost\n|-unboost|p2a: Palafin|atk|1\n|-unboost|p2b: Sinistcha|atk|1\n|turn|1\n|\n|t:|1776662251\n|detailschange|p2a: Palafin|Palafin-Hero, L50, M\n|switch|p2a: Incineroar|Incineroar, L50, M|100/100\n|-ability|p2a: Incineroar|Intimidate|boost\n|-unboost|p1a: Farigiraf|atk|1\n|-unboost|p1b: Incineroar|atk|1\n|move|p2b: Sinistcha|Imprison|p2b: Sinistcha\n|-start|p2b: Sinistcha|move: Imprison\n|move|p1b: Incineroar|Flare Blitz|p2b: Sinistcha\n|-supereffective|p2b: Sinistcha|1\n|-damage|p2b: Sinistcha|29/100\n|-enditem|p2b: Sinistcha|Sitrus Berry|[eat]\n|-heal|p2b: Sinistcha|54/100|[from] item: Sitrus Berry\n|-damage|p1b: Incineroar|80/100|[from] Recoil\n|cant|p1a: Farigiraf|move: Imprison|Trick Room\n|\n|-heal|p1b: Incineroar|86/100|[from] item: Leftovers\n|upkeep\n|turn|2\n|inactive|Alleballs has 30 seconds left.\n|inactive|Alleballs has 20 seconds left.\n|inactive|Alleballs has 15 seconds left.\n|inactive|Alleballs has 10 seconds left.\n|inactive|Alleballs has 5 seconds left.\n|\n|t:|1776662302\n|switch|p2b: Palafin|Palafin-Hero, L50, M|100/100\n|-activate|p2b: Palafin|ability: Zero to Hero\n|move|p2a: Incineroar|Darkest Lariat|p1a: Farigiraf\n|-supereffective|p1a: Farigiraf|1\n|-crit|p1a: Farigiraf\n|-damage|p1a: Farigiraf|17/100\n|-enditem|p1a: Farigiraf|Sitrus Berry|[eat]\n|-heal|p1a: Farigiraf|42/100|[from] item: Sitrus Berry\n|move|p1b: Incineroar|Parting Shot|p2a: Incineroar\n|-unboost|p2a: Incineroar|atk|1\n|-unboost|p2a: Incineroar|spa|1\n|\n|t:|1776662315\n|switch|p1b: Chesnaught|Chesnaught, L50, F|100/100|[from] Parting Shot\n|move|p1a: Farigiraf|Hyper Voice|p2a: Incineroar|[spread] p2a,p2b\n|-damage|p2a: Incineroar|77/100\n|-damage|p2b: Palafin|71/100\n|\n|upkeep\n|turn|3\n|inactive|TorukVGC has 30 seconds left.\n|inactive|Alleballs has 30 seconds left.\n|\n|t:|1776662364\n|detailschange|p1b: Chesnaught|Chesnaught-Mega, L50, F\n|-mega|p1b: Chesnaught|Chesnaught|Chesnaughtite\n|move|p2b: Palafin|Flip Turn|p1a: Farigiraf\n|-damage|p1a: Farigiraf|0 fnt\n|faint|p1a: Farigiraf\n|\n|t:|1776662375\n|switch|p2b: Sinistcha|Sinistcha-Masterpiece, L50|54/100|[from] Flip Turn\n|-heal|p2a: Incineroar|100/100|[from] ability: Hospitality|[of] p2b: Sinistcha\n|move|p2a: Incineroar|Parting Shot|p1b: Chesnaught\n|-unboost|p1b: Chesnaught|atk|1\n|-unboost|p1b: Chesnaught|spa|1\n|\n|t:|1776662382\n|switch|p2a: Froslass|Froslass, L50, F|100/100|[from] Parting Shot\n|move|p1b: Chesnaught|Body Press|p2a: Froslass\n|-immune|p2a: Froslass\n|\n|upkeep\n|\n|t:|1776662391\n|switch|p1a: Torkoal|Torkoal, L50, M|100/100\n|-weather|SunnyDay|[from] ability: Drought|[of] p1a: Torkoal\n|turn|4\n|inactive|Alleballs has 30 seconds left.\n|inactive|TorukVGC has 30 seconds left.\n|\n|t:|1776662423\n|switch|p2b: Incineroar|Incineroar, L50, M|100/100\n|-ability|p2b: Incineroar|Intimidate|boost\n|-unboost|p1a: Torkoal|atk|1\n|-unboost|p1b: Chesnaught|atk|1\n|detailschange|p2a: Froslass|Froslass-Mega, L50, F\n|-mega|p2a: Froslass|Froslass|Froslassite\n|-weather|Snowscape|[from] ability: Snow Warning|[of] p2a: Froslass\n|move|p2a: Froslass|Blizzard|p1a: Torkoal|[spread] p1a,p1b\n|-resisted|p1a: Torkoal|1\n|-supereffective|p1b: Chesnaught|1\n|-damage|p1a: Torkoal|71/100\n|-damage|p1b: Chesnaught|24/100\n|move|p1b: Chesnaught|Wood Hammer|p2a: Froslass\n|-damage|p2a: Froslass|72/100\n|-damage|p1b: Chesnaught|16/100|[from] Recoil\n|move|p1a: Torkoal|Weather Ball|p2a: Froslass\n|-resisted|p2a: Froslass|1\n|-damage|p2a: Froslass|56/100\n|\n|-weather|Snowscape|[upkeep]\n|upkeep\n|turn|5\n|\n|t:|1776662446\n|switch|p1a: Incineroar|Incineroar, L50, F|86/100\n|-ability|p1a: Incineroar|Intimidate|boost\n|-unboost|p2a: Froslass|atk|1\n|-unboost|p2b: Incineroar|atk|1\n|move|p1b: Chesnaught|Spiky Shield|p1b: Chesnaught\n|-singleturn|p1b: Chesnaught|move: Protect\n|move|p2a: Froslass|Blizzard|p1b: Chesnaught|[spread] p1a\n|-activate|p1b: Chesnaught|move: Protect\n|-resisted|p1a: Incineroar|1\n|-damage|p1a: Incineroar|61/100\n|move|p2b: Incineroar|Parting Shot|p1a: Incineroar\n|-unboost|p1a: Incineroar|atk|1\n|-unboost|p1a: Incineroar|spa|1\n|\n|t:|1776662458\n|switch|p2b: Palafin|Palafin-Hero, L50, M|71/100|[from] Parting Shot\n|\n|-weather|Snowscape|[upkeep]\n|-heal|p1a: Incineroar|67/100|[from] item: Leftovers\n|upkeep\n|turn|6\n|\n|t:|1776662485\n|switch|p1b: Torkoal|Torkoal, L50, M|71/100\n|-weather|SunnyDay|[from] ability: Drought|[of] p1b: Torkoal\n|move|p1a: Incineroar|Fake Out|p2b: Palafin\n|-damage|p2b: Palafin|62/100\n|move|p2a: Froslass|Shadow Ball|p1b: Torkoal\n|-damage|p1b: Torkoal|9/100\n|cant|p2b: Palafin|flinch\n|\n|-weather|SunnyDay|[upkeep]\n|-heal|p1a: Incineroar|73/100|[from] item: Leftovers\n|upkeep\n|turn|7\n|inactive|Alleballs has 30 seconds left.\n|inactive|TorukVGC has 30 seconds left.\n|inactive|Alleballs has 20 seconds left.\n|\n|t:|1776662533\n|switch|p2a: Incineroar|Incineroar, L50, M|100/100\n|-ability|p2a: Incineroar|Intimidate|boost\n|-unboost|p1a: Incineroar|atk|1\n|-unboost|p1b: Torkoal|atk|1\n|move|p2b: Palafin|Flip Turn|p1b: Torkoal\n|-supereffective|p1b: Torkoal|1\n|-damage|p1b: Torkoal|0 fnt\n|faint|p1b: Torkoal\n|\n|t:|1776662545\n|switch|p2b: Froslass|Froslass-Mega, L50, F|56/100|[from] Flip Turn\n|-weather|Snowscape|[from] ability: Snow Warning|[of] p2b: Froslass\n|move|p1a: Incineroar|Flare Blitz|p2a: Incineroar\n|-resisted|p2a: Incineroar|1\n|-damage|p2a: Incineroar|86/100\n|-damage|p1a: Incineroar|68/100|[from] Recoil\n|\n|-weather|Snowscape|[upkeep]\n|-heal|p1a: Incineroar|74/100|[from] item: Leftovers\n|upkeep\n|\n|t:|1776662553\n|switch|p1b: Chesnaught|Chesnaught-Mega, L50, F|16/100\n|turn|8\n|\n|t:|1776662564\n|move|p1b: Chesnaught|Spiky Shield|p1b: Chesnaught\n|-singleturn|p1b: Chesnaught|move: Protect\n|move|p2b: Froslass|Blizzard|p1b: Chesnaught|[spread] p1a\n|-activate|p1b: Chesnaught|move: Protect\n|-resisted|p1a: Incineroar|1\n|-damage|p1a: Incineroar|51/100\n|-status|p1a: Incineroar|frz\n|move|p2a: Incineroar|Parting Shot|p1a: Incineroar\n|-unboost|p1a: Incineroar|atk|1\n|-unboost|p1a: Incineroar|spa|1\n|\n|t:|1776662581\n|switch|p2a: Sinistcha|Sinistcha-Masterpiece, L50|54/100|[from] Parting Shot\n|-heal|p2b: Froslass|81/100|[from] ability: Hospitality|[of] p2a: Sinistcha\n|-curestatus|p1a: Incineroar|frz|[from] move: Flare Blitz\n|move|p1a: Incineroar|Flare Blitz|p2b: Froslass\n|-supereffective|p2b: Froslass|1\n|-damage|p2b: Froslass|27/100\n|-damage|p1a: Incineroar|39/100|[from] Recoil\n|\n|-weather|Snowscape|[upkeep]\n|-heal|p1a: Incineroar|45/100|[from] item: Leftovers\n|upkeep\n|turn|9\n|\n|t:|1776662598\n|switch|p2a: Incineroar|Incineroar, L50, M|86/100\n|-ability|p2a: Incineroar|Intimidate|boost\n|-unboost|p1a: Incineroar|atk|1\n|-unboost|p1b: Chesnaught|atk|1\n|move|p2b: Froslass|Protect|p2b: Froslass\n|-singleturn|p2b: Froslass|Protect\n|move|p1a: Incineroar|Flare Blitz|p2a: Incineroar\n|-resisted|p2a: Incineroar|1\n|-damage|p2a: Incineroar|76/100\n|-damage|p1a: Incineroar|42/100|[from] Recoil\n|move|p1b: Chesnaught|Wood Hammer|p2b: Froslass\n|-activate|p2b: Froslass|move: Protect\n|\n|-weather|Snowscape|[upkeep]\n|-heal|p1a: Incineroar|48/100|[from] item: Leftovers\n|upkeep\n|turn|10\n|-message|Alleballs forfeited.\n|\n|win|TorukVGC\n|raw|Alleballs's rating: 1212 &rarr; <strong>1192</strong><br />(-20 for losing)\n|raw|TorukVGC's rating: 1289 &rarr; <strong>1309</strong><br />(+20 for winning)\n|l|\u2606Alleballs\n|player|p1|\n",
  "uploadtime": 1776662611,
  "views": 8,
  "formatid": "gen9championsvgc2026regma",
  "rating": 1192,
  "private": 0,
  "password": null
}