{
  "id": "gen9championsvgc2026regma-2583352097",
  "format": "[Gen 9 Champions] VGC 2026 Reg M-A",
  "players": [
    "policho98",
    "actuary97"
  ],
  "log": "|j|\u2606policho98\n|j|\u2606actuary97\n|t:|1776169389\n|gametype|doubles\n|player|p1|policho98|pokemonranger|1438\n|player|p2|actuary97|sabrina-frlg|1481\n|gen|9\n|tier|[Gen 9 Champions] VGC 2026 Reg M-A\n|rated|\n|rule|Species Clause: Limit one of each Pok\u00e9mon\n|rule|Item Clause: Limit 1 of each item\n|clearpoke\n|poke|p1|Garchomp, L50, M|\n|poke|p1|Kingambit, L50, M|\n|poke|p1|Charizard, L50, M|\n|poke|p1|Sneasler, L50, M|\n|poke|p1|Maushold, L50|\n|poke|p1|Dragapult, L50, M|\n|poke|p2|Delphox, L50, M|\n|poke|p2|Tyranitar, L50, F|\n|poke|p2|Gallade, L50, M|\n|poke|p2|Sinistcha, L50|\n|poke|p2|Garchomp, L50, M|\n|poke|p2|Corviknight, L50, F|\n|teampreview|4\n|j| xjdqlem\n|l| xjdqlem\n|\n|t:|1776169441\n|teamsize|p1|4\n|teamsize|p2|4\n|start\n|switch|p1a: Dragapult|Dragapult, L50, M|100/100\n|switch|p1b: Garchomp|Garchomp, L50, M|100/100\n|switch|p2a: Corviknight|Corviknight, L50, F|100/100\n|switch|p2b: Tyranitar|Tyranitar, L50, F, shiny|100/100\n|-weather|Sandstorm|[from] ability: Sand Stream|[of] p2b: Tyranitar\n|turn|1\n|\n|t:|1776169470\n|switch|p1b: Kingambit|Kingambit, L50, M|100/100\n|move|p2b: Tyranitar|Protect|p2b: Tyranitar\n|-singleturn|p2b: Tyranitar|Protect\n|move|p1a: Dragapult|Will-O-Wisp|p2b: Tyranitar\n|-activate|p2b: Tyranitar|move: Protect\n|move|p2a: Corviknight|Bulk Up|p2a: Corviknight\n|-boost|p2a: Corviknight|atk|1\n|-boost|p2a: Corviknight|def|1\n|\n|-weather|Sandstorm|[upkeep]\n|-damage|p1a: Dragapult|94/100|[from] Sandstorm\n|upkeep\n|turn|2\n|\n|t:|1776169496\n|switch|p2b: Sinistcha|Sinistcha, L50, shiny|100/100\n|move|p1a: Dragapult|Will-O-Wisp|p2b: Sinistcha\n|-status|p2b: Sinistcha|brn\n|move|p2a: Corviknight|Body Press|p1b: Kingambit\n|-supereffective|p1b: Kingambit|2\n|-damage|p1b: Kingambit|9/100\n|move|p1b: Kingambit|Kowtow Cleave|p2b: Sinistcha\n|-supereffective|p2b: Sinistcha|1\n|-damage|p2b: Sinistcha|0 fnt\n|faint|p2b: Sinistcha\n|\n|-weather|Sandstorm|[upkeep]\n|-damage|p1a: Dragapult|88/100|[from] Sandstorm\n|upkeep\n|\n|t:|1776169508\n|switch|p2b: Tyranitar|Tyranitar, L50, F, shiny|100/100\n|turn|3\n|\n|t:|1776169516\n|move|p2b: Tyranitar|Protect|p2b: Tyranitar\n|-singleturn|p2b: Tyranitar|Protect\n|move|p1b: Kingambit|Protect|p1b: Kingambit\n|-singleturn|p1b: Kingambit|Protect\n|move|p1a: Dragapult|Will-O-Wisp|p2b: Tyranitar\n|-activate|p2b: Tyranitar|move: Protect\n|move|p2a: Corviknight|Tailwind|p2a: Corviknight\n|-sidestart|p2: actuary97|move: Tailwind\n|\n|-weather|Sandstorm|[upkeep]\n|-damage|p1a: Dragapult|82/100|[from] Sandstorm\n|upkeep\n|turn|4\n|\n|t:|1776169538\n|detailschange|p2b: Tyranitar|Tyranitar-Mega, L50, F, shiny\n|-mega|p2b: Tyranitar|Tyranitar|Tyranitarite\n|move|p2b: Tyranitar|Knock Off|p1a: Dragapult\n|-supereffective|p1a: Dragapult|1\n|-damage|p1a: Dragapult|0 fnt\n|-enditem|p1a: Dragapult|Lum Berry|[from] move: Knock Off|[of] p2b: Tyranitar\n|faint|p1a: Dragapult\n|move|p2a: Corviknight|Brave Bird|p1b: Kingambit\n|-resisted|p1b: Kingambit|1\n|-damage|p1b: Kingambit|0 fnt\n|faint|p1b: Kingambit\n|-damage|p2a: Corviknight|98/100|[from] Recoil\n|\n|-weather|Sandstorm|[upkeep]\n|-heal|p2a: Corviknight|100/100|[from] item: Leftovers\n|upkeep\n|\n|t:|1776169550\n|switch|p1a: Charizard|Charizard, L50, M|100/100\n|switch|p1b: Garchomp|Garchomp, L50, M|100/100\n|turn|5\n|\n|t:|1776169578\n|detailschange|p1a: Charizard|Charizard-Mega-Y, L50, M\n|-mega|p1a: Charizard|Charizard|Charizardite Y\n|-weather|SunnyDay|[from] ability: Drought|[of] p1a: Charizard\n|move|p1b: Garchomp|Rock Slide|p2b: Tyranitar|[spread] p2b\n|-miss|p1b: Garchomp|p2a: Corviknight\n|-damage|p2b: Tyranitar|88/100\n|move|p2b: Tyranitar|Knock Off|p1b: Garchomp\n|-crit|p1b: Garchomp\n|-damage|p1b: Garchomp|10/100\n|-damage|p2b: Tyranitar|76/100|[from] ability: Rough Skin|[of] p1b: Garchomp\n|-enditem|p1b: Garchomp|Choice Scarf|[from] move: Knock Off|[of] p2b: Tyranitar\n|move|p2a: Corviknight|Brave Bird|p1b: Garchomp\n|-damage|p1b: Garchomp|0 fnt\n|-damage|p2a: Corviknight|88/100|[from] ability: Rough Skin|[of] p1b: Garchomp\n|faint|p1b: Garchomp\n|-damage|p2a: Corviknight|85/100|[from] Recoil\n|move|p1a: Charizard|Heat Wave|p2b: Tyranitar|[spread] p2b\n|-miss|p1a: Charizard|p2a: Corviknight\n|-resisted|p2b: Tyranitar|1\n|-damage|p2b: Tyranitar|50/100\n|\n|-weather|SunnyDay|[upkeep]\n|-heal|p2a: Corviknight|91/100|[from] item: Leftovers\n|upkeep\n|turn|6\n|\n|t:|1776169604\n|move|p1a: Charizard|Protect|p1a: Charizard\n|-singleturn|p1a: Charizard|Protect\n|move|p2b: Tyranitar|Dragon Dance|p2b: Tyranitar\n|-boost|p2b: Tyranitar|atk|1\n|-boost|p2b: Tyranitar|spe|1\n|move|p2a: Corviknight|Brave Bird|p1a: Charizard\n|-activate|p1a: Charizard|move: Protect\n|\n|-weather|SunnyDay|[upkeep]\n|-heal|p2a: Corviknight|97/100|[from] item: Leftovers\n|-sideend|p2: actuary97|move: Tailwind\n|upkeep\n|turn|7\n|\n|t:|1776169615\n|move|p2b: Tyranitar|Rock Slide|p1a: Charizard|[miss]\n|-miss|p2b: Tyranitar|p1a: Charizard\n|move|p1a: Charizard|Heat Wave|p2b: Tyranitar|[spread] p2b\n|-miss|p1a: Charizard|p2a: Corviknight\n|-resisted|p2b: Tyranitar|1\n|-damage|p2b: Tyranitar|27/100\n|move|p2a: Corviknight|Tailwind|p2a: Corviknight\n|-sidestart|p2: actuary97|move: Tailwind\n|\n|-weather|SunnyDay|[upkeep]\n|-heal|p2a: Corviknight|100/100|[from] item: Leftovers\n|upkeep\n|turn|8\n|\n|t:|1776169627\n|move|p2b: Tyranitar|Rock Slide|p1a: Charizard\n|-supereffective|p1a: Charizard|2\n|-damage|p1a: Charizard|0 fnt\n|faint|p1a: Charizard\n|\n|win|actuary97\n|raw|policho98's rating: 1438 &rarr; <strong>1420</strong><br />(-18 for losing)\n|raw|actuary97's rating: 1481 &rarr; <strong>1499</strong><br />(+18 for winning)\n|l|\u2606actuary97\n|player|p2|\n|l|\u2606policho98\n|player|p1|\n|j|\u2606actuary97\n|player|p2|actuary97|sabrina-frlg|\n",
  "uploadtime": 1776169908,
  "views": 31,
  "formatid": "gen9championsvgc2026regma",
  "rating": 1420,
  "private": 0,
  "password": null
}