{
  "id": "gen9championsvgc2026regma-2587718804",
  "format": "[Gen 9 Champions] VGC 2026 Reg M-A",
  "players": [
    "wolffizin",
    "Stefinho"
  ],
  "log": "|j|\u2606wolffizin\n|j|\u2606Stefinho\n|t:|1776557063\n|gametype|doubles\n|player|p1|wolffizin|n|1107\n|player|p2|Stefinho|265|1036\n|gen|9\n|tier|[Gen 9 Champions] VGC 2026 Reg M-A\n|rated|\n|rule|Species Clause: Limit one of each Pok\u00e9mon\n|rule|Item Clause: Limit 1 of each item\n|clearpoke\n|poke|p1|Aggron, L50, F|\n|poke|p1|Tyranitar, L50, M|\n|poke|p1|Garchomp, L50, M|\n|poke|p1|Oranguru, L50, M|\n|poke|p1|Sinistcha, L50|\n|poke|p1|Typhlosion-Hisui, L50, M|\n|poke|p2|Charizard, L50, F|\n|poke|p2|Venusaur, L50, M|\n|poke|p2|Dragapult, L50, F|\n|poke|p2|Rotom-Wash, L50|\n|poke|p2|Whimsicott, L50, M|\n|poke|p2|Incineroar, L50, F|\n|teampreview|4\n|\n|t:|1776557110\n|teamsize|p1|4\n|teamsize|p2|4\n|start\n|switch|p1a: Oranguru|Oranguru, L50, M|100/100\n|switch|p1b: Typhlosion|Typhlosion-Hisui, L50, M|100/100\n|switch|p2a: Venusaur|Venusaur, L50, M|100/100\n|switch|p2b: Dragapult|Dragapult, L50, F|100/100\n|turn|1\n|\n|t:|1776557128\n|move|p2a: Venusaur|Protect|p2a: Venusaur\n|-singleturn|p2a: Venusaur|Protect\n|move|p1b: Typhlosion|Shadow Ball|p2b: Dragapult\n|-supereffective|p2b: Dragapult|1\n|-damage|p2b: Dragapult|0 fnt\n|faint|p2b: Dragapult\n|move|p1a: Oranguru|Instruct|p1b: Typhlosion\n|-singleturn|p1b: Typhlosion|move: Instruct|[of] p1a: Oranguru\n|move|p1b: Typhlosion|Shadow Ball|p2a: Venusaur\n|-activate|p2a: Venusaur|move: Protect\n|\n|upkeep\n|\n|t:|1776557147\n|switch|p2b: Rotom|Rotom-Wash, L50|100/100\n|turn|2\n|\n|t:|1776557165\n|switch|p1b: Aggron|Aggron, L50, F|100/100\n|move|p2b: Rotom|Hydro Pump|p1b: Aggron\n|-supereffective|p1b: Aggron|1\n|-damage|p1b: Aggron|1/100\n|move|p2a: Venusaur|Sleep Powder|p1b: Aggron\n|-status|p1b: Aggron|slp|[from] move: Sleep Powder\n|move|p1a: Oranguru|Trick Room|p1a: Oranguru\n|-fieldstart|move: Trick Room|[of] p1a: Oranguru\n|\n|upkeep\n|turn|3\n|\n|t:|1776557189\n|switch|p2a: Whimsicott|Whimsicott, L50, M|100/100\n|cant|p1b: Aggron|slp\n|move|p1a: Oranguru|Taunt|p2a: Whimsicott\n|-start|p2a: Whimsicott|move: Taunt\n|move|p2b: Rotom|Hydro Pump|p1a: Oranguru\n|-damage|p1a: Oranguru|59/100\n|\n|upkeep\n|turn|4\n|\n|t:|1776557211\n|-curestatus|p1b: Aggron|slp|[msg]\n|move|p1b: Aggron|Heavy Slam|p2a: Whimsicott\n|-supereffective|p2a: Whimsicott|1\n|-damage|p2a: Whimsicott|9/100\n|move|p1a: Oranguru|Instruct|p1b: Aggron\n|-singleturn|p1b: Aggron|move: Instruct|[of] p1a: Oranguru\n|move|p1b: Aggron|Heavy Slam|p2a: Whimsicott\n|-supereffective|p2a: Whimsicott|1\n|-damage|p2a: Whimsicott|0 fnt\n|faint|p2a: Whimsicott\n|move|p2b: Rotom|Hydro Pump|p1a: Oranguru|[miss]\n|-miss|p2b: Rotom|p1a: Oranguru\n|\n|upkeep\n|\n|t:|1776557216\n|switch|p2a: Venusaur|Venusaur, L50, M|100/100\n|turn|5\n|\n|t:|1776557244\n|move|p1b: Aggron|Body Press|p2b: Rotom\n|-damage|p2b: Rotom|57/100\n|move|p1a: Oranguru|Taunt|p2a: Venusaur\n|-start|p2a: Venusaur|move: Taunt\n|cant|p2a: Venusaur|move: Taunt|Sleep Powder\n|move|p2b: Rotom|Hydro Pump|p1b: Aggron|[miss]\n|-miss|p2b: Rotom|p1b: Aggron\n|\n|-heal|p2b: Rotom|63/100|[from] item: Leftovers\n|upkeep\n|turn|6\n|\n|t:|1776557269\n|move|p1b: Aggron|Body Press|p2b: Rotom\n|-damage|p2b: Rotom|23/100\n|move|p1a: Oranguru|Instruct|p1b: Aggron\n|-singleturn|p1b: Aggron|move: Instruct|[of] p1a: Oranguru\n|move|p1b: Aggron|Body Press|p2b: Rotom\n|-damage|p2b: Rotom|0 fnt\n|faint|p2b: Rotom\n|move|p2a: Venusaur|Sludge Bomb|p1a: Oranguru\n|-damage|p1a: Oranguru|32/100\n|\n|-fieldend|move: Trick Room\n|upkeep\n|turn|7\n|-message|Stefinho forfeited.\n|\n|win|wolffizin\n|raw|wolffizin's rating: 1107 &rarr; <strong>1127</strong><br />(+20 for winning)\n|raw|Stefinho's rating: 1036 &rarr; <strong>1024</strong><br />(-12 for losing)\n|l|\u2606Stefinho\n|player|p2|\n",
  "uploadtime": 1776557689,
  "views": 20,
  "formatid": "gen9championsvgc2026regma",
  "rating": 1024,
  "private": 0,
  "password": null
}