{
  "id": "gen9championsvgc2026regma-2584200881",
  "format": "[Gen 9 Champions] VGC 2026 Reg M-A",
  "players": [
    "Biffo Banana",
    "alibaba999"
  ],
  "log": "|j|\u2606Biffo Banana\n|j|\u2606alibaba999\n|t:|1776237492\n|gametype|doubles\n|player|p1|Biffo Banana|wattson|1078\n|player|p2|alibaba999|giovanni|1059\n|gen|9\n|tier|[Gen 9 Champions] VGC 2026 Reg M-A\n|rated|\n|rule|Species Clause: Limit one of each Pok\u00e9mon\n|rule|Item Clause: Limit 1 of each item\n|clearpoke\n|poke|p1|Tyranitar, L50, F|\n|poke|p1|Garchomp, L50, F|\n|poke|p1|Tyrantrum, L50, F|\n|poke|p1|Rotom-Wash, L50|\n|poke|p1|Whimsicott, L50, F|\n|poke|p1|Excadrill, L50, F|\n|poke|p2|Alakazam, L50, M|\n|poke|p2|Meganium, L50, M|\n|poke|p2|Pelipper, L50, M|\n|poke|p2|Basculegion, L50, M|\n|poke|p2|Blastoise, L50, M|\n|poke|p2|Drampa, L50, M|\n|teampreview|4\n|inactive|Battle timer is ON: inactive players will automatically lose when time's up. (requested by alibaba999)\n|\n|t:|1776237521\n|teamsize|p1|4\n|teamsize|p2|4\n|start\n|switch|p1a: Whimsicott|Whimsicott, L50, F|100/100\n|switch|p1b: Tyrantrum|Tyrantrum, L50, F|100/100\n|switch|p2a: Meganium|Meganium, L50, M, shiny|100/100\n|switch|p2b: Alakazam|Alakazam, L50, M, shiny|100/100\n|turn|1\n|\n|t:|1776237534\n|detailschange|p2a: Meganium|Meganium-Mega, L50, M, shiny\n|-mega|p2a: Meganium|Meganium|Meganiumite\n|move|p1a: Whimsicott|Tailwind|p1a: Whimsicott\n|-sidestart|p1: Biffo Banana|move: Tailwind\n|move|p1b: Tyrantrum|Rock Slide|p2a: Meganium|[spread] p2b\n|-miss|p1b: Tyrantrum|p2a: Meganium\n|-damage|p2b: Alakazam|7/100\n|move|p2b: Alakazam|Speed Swap|p2a: Meganium\n|-activate|p2b: Alakazam|move: Speed Swap|[of] p2a: Meganium\n|move|p2a: Meganium|Weather Ball|p1a: Whimsicott\n|-supereffective|p1a: Whimsicott|1\n|-enditem|p1a: Whimsicott|Focus Sash\n|-damage|p1a: Whimsicott|1/100\n|\n|upkeep\n|turn|2\n|inactive|Biffo Banana has 30 seconds left.\n|\n|t:|1776237564\n|switch|p1a: Tyranitar|Tyranitar, L50, F, shiny|100/100\n|-weather|Sandstorm|[from] ability: Sand Stream|[of] p1a: Tyranitar\n|move|p1b: Tyrantrum|Rock Slide|p2b: Alakazam|[spread] p2a,p2b\n|-damage|p2a: Meganium|66/100\n|-damage|p2b: Alakazam|0 fnt\n|faint|p2b: Alakazam\n|move|p2a: Meganium|Dazzling Gleam|p1a: Tyranitar|[spread] p1a,p1b\n|-supereffective|p1a: Tyranitar|1\n|-supereffective|p1b: Tyrantrum|1\n|-damage|p1a: Tyranitar|39/100\n|-damage|p1b: Tyrantrum|0 fnt\n|faint|p1b: Tyrantrum\n|\n|-weather|Sandstorm|[upkeep]\n|-damage|p2a: Meganium|60/100|[from] Sandstorm\n|upkeep\n|\n|t:|1776237577\n|switch|p2b: Pelipper|Pelipper, L50, M, shiny|100/100\n|switch|p1b: Excadrill|Excadrill, L50, F|100/100\n|-weather|RainDance|[from] ability: Drizzle|[of] p2b: Pelipper\n|turn|3\n|\n|t:|1776237591\n|detailschange|p1a: Tyranitar|Tyranitar-Mega, L50, F, shiny\n|-mega|p1a: Tyranitar|Tyranitar|Tyranitarite\n|-weather|Sandstorm|[from] ability: Sand Stream|[of] p1a: Tyranitar\n|move|p2b: Pelipper|Wide Guard|p2b: Pelipper\n|-singleturn|p2b: Pelipper|Wide Guard\n|move|p1b: Excadrill|Iron Head|p2a: Meganium\n|-supereffective|p2a: Meganium|1\n|-damage|p2a: Meganium|0 fnt\n|faint|p2a: Meganium\n|move|p1a: Tyranitar|Rock Slide|p2b: Pelipper\n|-activate|p2b: Pelipper|move: Wide Guard\n|\n|-weather|Sandstorm|[upkeep]\n|-damage|p2b: Pelipper|95/100|[from] Sandstorm\n|upkeep\n|\n|t:|1776237599\n|switch|p2a: Blastoise|Blastoise, L50, M, shiny|100/100\n|turn|4\n|\n|t:|1776237618\n|move|p2b: Pelipper|Wide Guard|p2b: Pelipper\n|-singleturn|p2b: Pelipper|Wide Guard\n|move|p1b: Excadrill|High Horsepower|p2a: Blastoise\n|-damage|p2a: Blastoise|46/100\n|move|p1a: Tyranitar|Knock Off|p2a: Blastoise\n|-damage|p2a: Blastoise|0 fnt\n|-enditem|p2a: Blastoise|White Herb|[from] move: Knock Off|[of] p1a: Tyranitar\n|faint|p2a: Blastoise\n|\n|-weather|Sandstorm|[upkeep]\n|-damage|p2b: Pelipper|89/100|[from] Sandstorm\n|-sideend|p1: Biffo Banana|move: Tailwind\n|upkeep\n|turn|5\n|-message|alibaba999 forfeited.\n|\n|win|Biffo Banana\n|raw|Biffo Banana's rating: 1078 &rarr; <strong>1105</strong><br />(+27 for winning)\n|raw|alibaba999's rating: 1059 &rarr; <strong>1041</strong><br />(-18 for losing)\n|l|\u2606alibaba999\n|player|p2|\n",
  "uploadtime": 1776237642,
  "views": 19,
  "formatid": "gen9championsvgc2026regma",
  "rating": 1041,
  "private": 0,
  "password": null
}