{
  "id": "gen9championsvgc2026regma-2587093776",
  "format": "[Gen 9 Champions] VGC 2026 Reg M-A",
  "players": [
    "PokeMooney",
    "jaggermanjansen"
  ],
  "log": "|j|\u2606PokeMooney\n|j|\u2606jaggermanjansen\n|t:|1776492476\n|gametype|doubles\n|player|p1|PokeMooney|giovanni|1256\n|player|p2|jaggermanjansen|102|1270\n|gen|9\n|tier|[Gen 9 Champions] VGC 2026 Reg M-A\n|rated|\n|rule|Species Clause: Limit one of each Pok\u00e9mon\n|rule|Item Clause: Limit 1 of each item\n|clearpoke\n|poke|p1|Golurk, L50|\n|poke|p1|Farigiraf, L50, M|\n|poke|p1|Incineroar, L50, F|\n|poke|p1|Torkoal, L50, F|\n|poke|p1|Sneasler, L50, M|\n|poke|p1|Venusaur, L50, F|\n|poke|p2|Skarmory, L50, M|\n|poke|p2|Dragapult, L50, F|\n|poke|p2|Clefable, L50, M|\n|poke|p2|Incineroar, L50, M|\n|poke|p2|Garchomp, L50, M|\n|poke|p2|Pelipper, L50, F|\n|teampreview|4\n|\n|t:|1776492519\n|teamsize|p1|4\n|teamsize|p2|4\n|start\n|switch|p1a: Farigiraf|Farigiraf, L50, M|100/100\n|switch|p1b: Incineroar|Incineroar, L50, F|100/100\n|switch|p2a: Skarmory|Skarmory, L50, M|100/100\n|switch|p2b: Dragapult|Dragapult, L50, F|100/100\n|-ability|p1b: Incineroar|Intimidate|boost\n|-unboost|p2a: Skarmory|atk|1\n|-fail|p2b: Dragapult|unboost|[from] ability: Clear Body|[of] p2b: Dragapult\n|turn|1\n|\n|t:|1776492544\n|move|p2b: Dragapult|Dragon Darts|p1a: Farigiraf\n|-damage|p1a: Farigiraf|81/100\n|-anim|p2b: Dragapult|Dragon Darts|p1b: Incineroar\n|-damage|p1b: Incineroar|81/100\n|move|p2a: Skarmory|Iron Head|p1a: Farigiraf\n|-damage|p1a: Farigiraf|61/100\n|move|p1b: Incineroar|Parting Shot|p2a: Skarmory\n|-unboost|p2a: Skarmory|atk|1\n|-unboost|p2a: Skarmory|spa|1\n|\n|t:|1776492554\n|switch|p1b: Golurk|Golurk, L50|100/100|[from] Parting Shot\n|move|p1a: Farigiraf|Trick Room|p1a: Farigiraf\n|-fieldstart|move: Trick Room|[of] p1a: Farigiraf\n|\n|upkeep\n|turn|2\n|\n|t:|1776492572\n|switch|p1a: Torkoal|Torkoal, L50, F|100/100\n|-weather|SunnyDay|[from] ability: Drought|[of] p1a: Torkoal\n|switch|p2a: Pelipper|Pelipper, L50, F|100/100\n|-weather|RainDance|[from] ability: Drizzle|[of] p2a: Pelipper\n|switch|p2b: Clefable|Clefable, L50, M|100/100\n|detailschange|p1b: Golurk|Golurk-Mega, L50\n|-mega|p1b: Golurk|Golurk|Golurkite\n|move|p1b: Golurk|Ice Punch|p2b: Clefable\n|-damage|p2b: Clefable|74/100\n|\n|-weather|RainDance|[upkeep]\n|upkeep\n|turn|3\n|\n|t:|1776492600\n|switch|p1a: Farigiraf|Farigiraf, L50, M|61/100\n|move|p2a: Pelipper|Wide Guard|p2a: Pelipper\n|-singleturn|p2a: Pelipper|Wide Guard\n|move|p2b: Clefable|Follow Me|p2b: Clefable\n|-singleturn|p2b: Clefable|move: Follow Me\n|move|p1b: Golurk|Poltergeist|p2b: Clefable\n|-activate|p2b: Clefable|move: Poltergeist|Sitrus Berry\n|-damage|p2b: Clefable|10/100\n|-enditem|p2b: Clefable|Sitrus Berry|[eat]\n|-heal|p2b: Clefable|35/100|[from] item: Sitrus Berry\n|\n|-weather|RainDance|[upkeep]\n|upkeep\n|turn|4\n|\n|t:|1776492620\n|switch|p1b: Torkoal|Torkoal, L50, F|100/100\n|-weather|SunnyDay|[from] ability: Drought|[of] p1b: Torkoal\n|move|p2b: Clefable|Follow Me|p2b: Clefable\n|-singleturn|p2b: Clefable|move: Follow Me\n|move|p1a: Farigiraf|Psychic|p2b: Clefable\n|-damage|p2b: Clefable|2/100\n|move|p2a: Pelipper|Weather Ball|p1a: Farigiraf\n|-damage|p1a: Farigiraf|19/100\n|-enditem|p1a: Farigiraf|Sitrus Berry|[eat]\n|-heal|p1a: Farigiraf|44/100|[from] item: Sitrus Berry\n|\n|-weather|SunnyDay|[upkeep]\n|upkeep\n|turn|5\n|\n|t:|1776492639\n|move|p2a: Pelipper|Wide Guard|p2a: Pelipper\n|-singleturn|p2a: Pelipper|Wide Guard\n|move|p1b: Torkoal|Weather Ball|p2a: Pelipper\n|-resisted|p2a: Pelipper|1\n|-damage|p2a: Pelipper|33/100\n|move|p2b: Clefable|Moonblast|p1a: Farigiraf\n|-damage|p1a: Farigiraf|16/100\n|move|p1a: Farigiraf|Hyper Voice|p2b: Clefable|[spread] \n|-activate|p2a: Pelipper|move: Wide Guard\n|-activate|p2b: Clefable|move: Wide Guard\n|\n|-weather|SunnyDay|[upkeep]\n|-fieldend|move: Trick Room\n|upkeep\n|turn|6\n|\n|t:|1776492666\n|switch|p2a: Dragapult|Dragapult, L50, F|100/100\n|switch|p1a: Incineroar|Incineroar, L50, F|81/100\n|-ability|p1a: Incineroar|Intimidate|boost\n|-fail|p2a: Dragapult|unboost|[from] ability: Clear Body|[of] p2a: Dragapult\n|-unboost|p2b: Clefable|atk|1\n|move|p1b: Torkoal|Protect|p1b: Torkoal\n|-singleturn|p1b: Torkoal|Protect\n|move|p2b: Clefable|Moonblast|p1a: Incineroar\n|-damage|p1a: Incineroar|52/100\n|\n|-weather|SunnyDay|[upkeep]\n|upkeep\n|turn|7\n|\n|t:|1776492694\n|move|p2a: Dragapult|Dragon Darts|p1a: Incineroar\n|-damage|p1a: Incineroar|31/100\n|-anim|p2a: Dragapult|Dragon Darts|p1b: Torkoal\n|-damage|p1b: Torkoal|80/100\n|move|p1a: Incineroar|Throat Chop|p2a: Dragapult\n|-supereffective|p2a: Dragapult|1\n|-damage|p2a: Dragapult|8/100\n|-start|p2a: Dragapult|Throat Chop|[silent]\n|move|p2b: Clefable|Moonblast|p1a: Incineroar\n|-damage|p1a: Incineroar|4/100\n|move|p1b: Torkoal|Heat Wave|p2b: Clefable|[spread] \n|-miss|p1b: Torkoal|p2a: Dragapult\n|-miss|p1b: Torkoal|p2b: Clefable\n|\n|-weather|SunnyDay|[upkeep]\n|upkeep\n|turn|8\n|c|\u2606PokeMooney|Oh my god\n|c|\u2606PokeMooney|My luck sucks today\n|\n|t:|1776492737\n|move|p2a: Dragapult|Dragon Darts|p1a: Incineroar\n|-damage|p1a: Incineroar|0 fnt\n|-anim|p2a: Dragapult|Dragon Darts|p1b: Torkoal\n|-damage|p1b: Torkoal|62/100\n|faint|p1a: Incineroar\n|move|p2b: Clefable|Moonblast|p1b: Torkoal\n|-resisted|p1b: Torkoal|1\n|-damage|p1b: Torkoal|43/100\n|move|p1b: Torkoal|Heat Wave|p2a: Dragapult|[spread] p2a,p2b\n|-resisted|p2a: Dragapult|1\n|-damage|p2a: Dragapult|0 fnt\n|-damage|p2b: Clefable|0 fnt\n|faint|p2a: Dragapult\n|faint|p2b: Clefable\n|\n|-weather|none\n|upkeep\n|\n|t:|1776492752\n|switch|p2a: Pelipper|Pelipper, L50, F|33/100\n|switch|p1a: Farigiraf|Farigiraf, L50, M|16/100\n|switch|p2b: Skarmory|Skarmory, L50, M|100/100\n|-weather|RainDance|[from] ability: Drizzle|[of] p2a: Pelipper\n|turn|9\n|\n|t:|1776492772\n|switch|p1b: Golurk|Golurk-Mega, L50|100/100\n|detailschange|p2b: Skarmory|Skarmory-Mega, L50, M\n|-mega|p2b: Skarmory|Skarmory|Skarmorite\n|move|p2b: Skarmory|Iron Head|p1a: Farigiraf\n|-damage|p1a: Farigiraf|0 fnt\n|faint|p1a: Farigiraf\n|move|p2a: Pelipper|Hurricane|p1b: Golurk\n|-damage|p1b: Golurk|56/100\n|\n|-weather|RainDance|[upkeep]\n|upkeep\n|\n|t:|1776492784\n|switch|p1a: Torkoal|Torkoal, L50, F|43/100\n|-weather|SunnyDay|[from] ability: Drought|[of] p1a: Torkoal\n|turn|10\n|\n|t:|1776492795\n|move|p2b: Skarmory|Drill Run|p1a: Torkoal|[miss]\n|-miss|p2b: Skarmory|p1a: Torkoal\n|move|p2a: Pelipper|Weather Ball|p1a: Torkoal\n|-resisted|p1a: Torkoal|1\n|-damage|p1a: Torkoal|17/100\n|move|p1b: Golurk|Poltergeist|p2a: Pelipper\n|-activate|p2a: Pelipper|move: Poltergeist|Charti Berry\n|-damage|p2a: Pelipper|0 fnt\n|faint|p2a: Pelipper\n|move|p1a: Torkoal|Weather Ball|p2b: Skarmory\n|-supereffective|p2b: Skarmory|1\n|-damage|p2b: Skarmory|0 fnt\n|faint|p2b: Skarmory\n|\n|win|PokeMooney\n|raw|PokeMooney's rating: 1256 &rarr; <strong>1282</strong><br />(+26 for winning)\n|raw|jaggermanjansen's rating: 1270 &rarr; <strong>1244</strong><br />(-26 for losing)\n|c|\u2606jaggermanjansen|Same\n|c|\u2606jaggermanjansen|Gg\n|c|\u2606PokeMooney|Lol gg\n|l|\u2606jaggermanjansen\n|player|p2|\n",
  "uploadtime": 1776492828,
  "views": 25,
  "formatid": "gen9championsvgc2026regma",
  "rating": 1244,
  "private": 0,
  "password": null
}