{
  "id": "gen9championsvgc2026regma-2587514500",
  "format": "[Gen 9 Champions] VGC 2026 Reg M-A",
  "players": [
    "aznkiri",
    "Killian.s.kay"
  ],
  "log": "|j|\u2606aznkiri\n|j|\u2606Killian.s.kay\n|t:|1776538335\n|gametype|doubles\n|player|p1|aznkiri|102|1073\n|player|p2|Killian.s.kay|2|1053\n|gen|9\n|tier|[Gen 9 Champions] VGC 2026 Reg M-A\n|rated|\n|rule|Species Clause: Limit one of each Pok\u00e9mon\n|rule|Item Clause: Limit 1 of each item\n|clearpoke\n|poke|p1|Heliolisk, L50, M|\n|poke|p1|Corviknight, L50, M|\n|poke|p1|Sneasler, L50, F|\n|poke|p1|Milotic, L50, F|\n|poke|p1|Chandelure, L50, F|\n|poke|p1|Whimsicott, L50, F|\n|poke|p2|Blastoise, L50, M|\n|poke|p2|Heliolisk, L50, F|\n|poke|p2|Sneasler, L50, F|\n|poke|p2|Basculegion, L50, M|\n|poke|p2|Aerodactyl, L50, M|\n|poke|p2|Manectric, L50, F|\n|teampreview|4\n|inactive|Battle timer is ON: inactive players will automatically lose when time's up. (requested by Killian.s.kay)\n|\n|t:|1776538378\n|teamsize|p1|4\n|teamsize|p2|4\n|start\n|switch|p1a: Whimsicott|Whimsicott, L50, F|100/100\n|switch|p1b: Heliolisk|Heliolisk, L50, M|100/100\n|switch|p2a: Heliolisk|Heliolisk, L50, F|100/100\n|switch|p2b: Basculegion|Basculegion, L50, M|100/100\n|turn|1\n|inactive|Killian.s.kay has 30 seconds left.\n|\n|t:|1776538408\n|move|p1a: Whimsicott|Tailwind|p1a: Whimsicott\n|-sidestart|p1: aznkiri|move: Tailwind\n|move|p1b: Heliolisk|Thunderbolt|p2b: Basculegion\n|-supereffective|p2b: Basculegion|1\n|-damage|p2b: Basculegion|6/100\n|move|p2b: Basculegion|Wave Crash|p1a: Whimsicott\n|-resisted|p1a: Whimsicott|1\n|-damage|p1a: Whimsicott|46/100\n|-damage|p2b: Basculegion|0 fnt|[from] Recoil\n|faint|p2b: Basculegion\n|move|p2a: Heliolisk|Shed Tail|p2a: Heliolisk\n|-start|p2a: Heliolisk|Substitute|[from] move: Shed Tail\n|-damage|p2a: Heliolisk|50/100\n|-enditem|p2a: Heliolisk|Sitrus Berry|[eat]\n|-heal|p2a: Heliolisk|75/100|[from] item: Sitrus Berry\n|\n|t:|1776538422\n|switch|p2a: Blastoise|Blastoise, L50, M|100/100|[from] Shed Tail\n|\n|upkeep\n|\n|t:|1776538426\n|switch|p2b: Manectric|Manectric, L50, F|100/100\n|turn|2\n|\n|t:|1776538443\n|detailschange|p2a: Blastoise|Blastoise-Mega, L50, M\n|-mega|p2a: Blastoise|Blastoise|Blastoisinite\n|move|p1a: Whimsicott|Protect|p1a: Whimsicott\n|-singleturn|p1a: Whimsicott|Protect\n|move|p1b: Heliolisk|Sunny Day|p1b: Heliolisk\n|-weather|SunnyDay\n|move|p2b: Manectric|Snarl|p1a: Whimsicott|[spread] p1b\n|-activate|p1a: Whimsicott|move: Protect\n|-crit|p1b: Heliolisk\n|-damage|p1b: Heliolisk|72/100\n|-unboost|p1b: Heliolisk|spa|1\n|move|p2a: Blastoise|Shell Smash|p2a: Blastoise\n|-unboost|p2a: Blastoise|def|1\n|-unboost|p2a: Blastoise|spd|1\n|-boost|p2a: Blastoise|atk|2\n|-boost|p2a: Blastoise|spa|2\n|-boost|p2a: Blastoise|spe|2\n|\n|-weather|SunnyDay|[upkeep]\n|-damage|p1b: Heliolisk|60/100|[from] ability: Dry Skin|[of] p1b: Heliolisk\n|upkeep\n|turn|3\n|inactive|aznkiri has 30 seconds left.\n|\n|t:|1776538470\n|switch|p1b: Chandelure|Chandelure, L50, F|100/100\n|move|p1a: Whimsicott|Encore|p2a: Blastoise\n|-start|p2a: Blastoise|Encore\n|move|p2a: Blastoise|Shell Smash|p2a: Blastoise\n|-unboost|p2a: Blastoise|def|1\n|-unboost|p2a: Blastoise|spd|1\n|-boost|p2a: Blastoise|atk|2\n|-boost|p2a: Blastoise|spa|2\n|-boost|p2a: Blastoise|spe|2\n|move|p2b: Manectric|Snarl|p1a: Whimsicott|[spread] p1a,p1b\n|-resisted|p1a: Whimsicott|1\n|-supereffective|p1b: Chandelure|1\n|-damage|p1a: Whimsicott|36/100\n|-damage|p1b: Chandelure|69/100\n|-unboost|p1a: Whimsicott|spa|1\n|-unboost|p1b: Chandelure|spa|1\n|\n|-weather|SunnyDay|[upkeep]\n|upkeep\n|turn|4\n|inactive|Killian.s.kay has 30 seconds left.\n|\n|t:|1776538498\n|detailschange|p1b: Chandelure|Chandelure-Mega, L50, F\n|-mega|p1b: Chandelure|Chandelure|Chandelurite\n|move|p1a: Whimsicott|Protect|p1a: Whimsicott\n|-singleturn|p1a: Whimsicott|Protect\n|move|p2a: Blastoise|Shell Smash|p2a: Blastoise\n|-unboost|p2a: Blastoise|def|1\n|-unboost|p2a: Blastoise|spd|1\n|-boost|p2a: Blastoise|atk|2\n|-boost|p2a: Blastoise|spa|2\n|-boost|p2a: Blastoise|spe|2\n|move|p1b: Chandelure|Energy Ball|p2a: Blastoise\n|-supereffective|p2a: Blastoise|1\n|-damage|p2a: Blastoise|0 fnt\n|faint|p2a: Blastoise\n|move|p2b: Manectric|Snarl|p1b: Chandelure|[spread] p1b\n|-activate|p1a: Whimsicott|move: Protect\n|-supereffective|p1b: Chandelure|1\n|-damage|p1b: Chandelure|45/100\n|-unboost|p1b: Chandelure|spa|1\n|\n|-weather|SunnyDay|[upkeep]\n|-sideend|p1: aznkiri|move: Tailwind\n|upkeep\n|\n|t:|1776538504\n|switch|p2a: Heliolisk|Heliolisk, L50, F|75/100\n|turn|5\n|\n|t:|1776538524\n|move|p1a: Whimsicott|Tailwind|p1a: Whimsicott\n|-sidestart|p1: aznkiri|move: Tailwind\n|move|p1b: Chandelure|Heat Wave|p2b: Manectric|[spread] p2a,p2b\n|-damage|p2a: Heliolisk|27/100\n|-damage|p2b: Manectric|26/100\n|move|p2b: Manectric|Snarl|p1b: Chandelure|[spread] p1a,p1b\n|-resisted|p1a: Whimsicott|1\n|-supereffective|p1b: Chandelure|1\n|-damage|p1a: Whimsicott|26/100\n|-damage|p1b: Chandelure|21/100\n|-unboost|p1a: Whimsicott|spa|1\n|-unboost|p1b: Chandelure|spa|1\n|move|p2a: Heliolisk|Eerie Impulse|p1b: Chandelure\n|-unboost|p1b: Chandelure|spa|2\n|\n|-weather|SunnyDay|[upkeep]\n|-damage|p2a: Heliolisk|14/100|[from] ability: Dry Skin|[of] p2a: Heliolisk\n|upkeep\n|turn|6\n|l|\u2606Killian.s.kay\n|inactive|Killian.s.kay disconnected and has a minute to reconnect!\n|player|p2|\n|inactive|Killian.s.kay has 30 seconds left.\n|j|\u2606Killian.s.kay\n|inactive|Killian.s.kay reconnected and has 30 seconds left.\n|player|p2|Killian.s.kay|2|\n|l|\u2606Killian.s.kay\n|inactive|Killian.s.kay disconnected and has a minute to reconnect!\n|player|p2|\n|inactive|Killian.s.kay has 20 seconds left.\n|inactive|Killian.s.kay has 15 seconds left.\n|inactive|Killian.s.kay has 10 seconds left.\n|inactive|Killian.s.kay has 5 seconds left.\n|-message|Killian.s.kay lost due to inactivity.\n|\n|win|aznkiri\n|raw|aznkiri's rating: 1073 &rarr; <strong>1100</strong><br />(+27 for winning)\n|raw|Killian.s.kay's rating: 1053 &rarr; <strong>1036</strong><br />(-17 for losing)\n",
  "uploadtime": 1776538583,
  "views": 23,
  "formatid": "gen9championsvgc2026regma",
  "rating": 1036,
  "private": 0,
  "password": null
}