{
  "id": "gen9championsvgc2026regma-2587013162",
  "format": "[Gen 9 Champions] VGC 2026 Reg M-A",
  "players": [
    "Achro 11",
    "EpicToxie"
  ],
  "log": "|j|\u2606Achro 11\n|j|\u2606EpicToxie\n|t:|1776481213\n|gametype|doubles\n|player|p1|Achro 11|cyrus|1326\n|player|p2|EpicToxie|caitlin|1317\n|gen|9\n|tier|[Gen 9 Champions] VGC 2026 Reg M-A\n|rated|\n|rule|Species Clause: Limit one of each Pok\u00e9mon\n|rule|Item Clause: Limit 1 of each item\n|clearpoke\n|poke|p1|Talonflame, L50, M|\n|poke|p1|Meowscarada, L50, M|\n|poke|p1|Gardevoir, L50, F|\n|poke|p1|Garchomp, L50, M|\n|poke|p1|Empoleon, L50, F|\n|poke|p1|Froslass, L50, F|\n|poke|p2|Floette-Eternal, L50, F|\n|poke|p2|Tyranitar, L50, M|\n|poke|p2|Maushold, L50|\n|poke|p2|Sinistcha, L50|\n|poke|p2|Sneasler, L50, F|\n|poke|p2|Aerodactyl, L50, F|\n|teampreview|4\n|inactive|Battle timer is ON: inactive players will automatically lose when time's up. (requested by EpicToxie)\n|inactive|Achro 11 has 60 seconds left.\n|\n|t:|1776481276\n|teamsize|p1|4\n|teamsize|p2|4\n|start\n|switch|p1a: Froslass|Froslass, L50, F|100/100\n|switch|p1b: Garchomp|Garchomp, L50, M|100/100\n|switch|p2a: Aerodactyl|Aerodactyl, L50, F|100/100\n|switch|p2b: Tyranitar|Tyranitar, L50, M|100/100\n|-ability|p2a: Aerodactyl|Unnerve\n|-weather|Sandstorm|[from] ability: Sand Stream|[of] p2b: Tyranitar\n|turn|1\n|\n|t:|1776481298\n|detailschange|p1a: Froslass|Froslass-Mega, L50, F\n|-mega|p1a: Froslass|Froslass|Froslassite\n|-weather|Snowscape|[from] ability: Snow Warning|[of] p1a: Froslass\n|move|p1a: Froslass|Protect|p1a: Froslass\n|-singleturn|p1a: Froslass|Protect\n|move|p2a: Aerodactyl|Wide Guard|p2a: Aerodactyl\n|-singleturn|p2a: Aerodactyl|Wide Guard\n|move|p1b: Garchomp|Rock Slide|p2a: Aerodactyl|[spread] \n|-activate|p2a: Aerodactyl|move: Wide Guard\n|-activate|p2b: Tyranitar|move: Wide Guard\n|move|p2b: Tyranitar|Rock Slide|p1a: Froslass|[spread] p1b\n|-activate|p1a: Froslass|move: Protect\n|-resisted|p1b: Garchomp|1\n|-damage|p1b: Garchomp|86/100\n|\n|-weather|Snowscape|[upkeep]\n|upkeep\n|turn|2\n|\n|t:|1776481319\n|switch|p1a: Empoleon|Empoleon, L50, F|100/100\n|detailschange|p2b: Tyranitar|Tyranitar-Mega, L50, M\n|-mega|p2b: Tyranitar|Tyranitar|Tyranitarite\n|-weather|Sandstorm|[from] ability: Sand Stream|[of] p2b: Tyranitar\n|move|p2a: Aerodactyl|Wide Guard|p2a: Aerodactyl\n|-singleturn|p2a: Aerodactyl|Wide Guard\n|move|p1b: Garchomp|Rock Slide|p2b: Tyranitar|[spread] \n|-activate|p2a: Aerodactyl|move: Wide Guard\n|-activate|p2b: Tyranitar|move: Wide Guard\n|move|p2b: Tyranitar|Dragon Dance|p2b: Tyranitar\n|-boost|p2b: Tyranitar|atk|1\n|-boost|p2b: Tyranitar|spe|1\n|\n|-weather|Sandstorm|[upkeep]\n|upkeep\n|turn|3\n|inactive|Achro 11 has 30 seconds left.\n|\n|t:|1776481350\n|move|p2b: Tyranitar|Protect|p2b: Tyranitar\n|-singleturn|p2b: Tyranitar|Protect\n|move|p2a: Aerodactyl|Tailwind|p2a: Aerodactyl\n|-sidestart|p2: EpicToxie|move: Tailwind\n|move|p1b: Garchomp|Dragon Claw|p2b: Tyranitar\n|-activate|p2b: Tyranitar|move: Protect\n|move|p1a: Empoleon|Flash Cannon|p2b: Tyranitar\n|-activate|p2b: Tyranitar|move: Protect\n|\n|-weather|Sandstorm|[upkeep]\n|upkeep\n|turn|4\n|\n|t:|1776481364\n|move|p1b: Garchomp|Protect|p1b: Garchomp\n|-singleturn|p1b: Garchomp|Protect\n|move|p2b: Tyranitar|Low Kick|p1a: Empoleon\n|-supereffective|p1a: Empoleon|1\n|-damage|p1a: Empoleon|25/100\n|move|p2a: Aerodactyl|Rock Slide|p1b: Garchomp|[spread] p1a\n|-activate|p1b: Garchomp|move: Protect\n|-resisted|p1a: Empoleon|1\n|-damage|p1a: Empoleon|15/100\n|cant|p1a: Empoleon|flinch\n|\n|-weather|Sandstorm|[upkeep]\n|-heal|p1a: Empoleon|21/100|[from] item: Leftovers\n|upkeep\n|turn|5\n|\n|t:|1776481386\n|switch|p1a: Froslass|Froslass-Mega, L50, F|100/100\n|-weather|Snowscape|[from] ability: Snow Warning|[of] p1a: Froslass\n|move|p2b: Tyranitar|Rock Slide|p1b: Garchomp|[spread] p1a,p1b\n|-supereffective|p1a: Froslass|1\n|-resisted|p1b: Garchomp|1\n|-damage|p1a: Froslass|7/100\n|-damage|p1b: Garchomp|62/100\n|move|p2a: Aerodactyl|Rock Slide|p1b: Garchomp|[spread] p1a,p1b\n|-supereffective|p1a: Froslass|1\n|-resisted|p1b: Garchomp|1\n|-damage|p1a: Froslass|0 fnt\n|-damage|p1b: Garchomp|51/100\n|faint|p1a: Froslass\n|move|p1b: Garchomp|Rock Slide|p2a: Aerodactyl|[spread] p2a,p2b\n|-supereffective|p2a: Aerodactyl|1\n|-damage|p2a: Aerodactyl|24/100\n|-damage|p2b: Tyranitar|86/100\n|\n|-weather|Snowscape|[upkeep]\n|upkeep\n|\n|t:|1776481404\n|switch|p1a: Empoleon|Empoleon, L50, F|21/100\n|turn|6\n|\n|t:|1776481416\n|move|p1a: Empoleon|Protect|p1a: Empoleon\n|-singleturn|p1a: Empoleon|Protect\n|move|p2b: Tyranitar|Rock Slide|p1b: Garchomp|[spread] p1b\n|-activate|p1a: Empoleon|move: Protect\n|-resisted|p1b: Garchomp|1\n|-damage|p1b: Garchomp|27/100\n|move|p2a: Aerodactyl|Rock Slide|p1a: Empoleon|[spread] p1b\n|-activate|p1a: Empoleon|move: Protect\n|-resisted|p1b: Garchomp|1\n|-damage|p1b: Garchomp|15/100\n|cant|p1b: Garchomp|flinch\n|\n|-weather|Snowscape|[upkeep]\n|-heal|p1a: Empoleon|27/100|[from] item: Leftovers\n|-sideend|p2: EpicToxie|move: Tailwind\n|upkeep\n|turn|7\n|inactive|EpicToxie has 30 seconds left.\n|\n|t:|1776481448\n|move|p1b: Garchomp|Protect|p1b: Garchomp\n|-singleturn|p1b: Garchomp|Protect\n|move|p2b: Tyranitar|Rock Slide|p1a: Empoleon|[spread] p1a\n|-activate|p1b: Garchomp|move: Protect\n|-resisted|p1a: Empoleon|1\n|-damage|p1a: Empoleon|6/100\n|move|p2a: Aerodactyl|Rock Slide|p1a: Empoleon|[spread] p1a\n|-activate|p1b: Garchomp|move: Protect\n|-resisted|p1a: Empoleon|1\n|-damage|p1a: Empoleon|0 fnt\n|faint|p1a: Empoleon\n|\n|-weather|Snowscape|[upkeep]\n|upkeep\n|\n|t:|1776481461\n|switch|p1a: Meowscarada|Meowscarada, L50, M|100/100\n|turn|8\n|-message|Achro 11 forfeited.\n|\n|win|EpicToxie\n|raw|Achro 11's rating: 1326 &rarr; <strong>1305</strong><br />(-21 for losing)\n|raw|EpicToxie's rating: 1317 &rarr; <strong>1338</strong><br />(+21 for winning)\n|l|\u2606Achro 11\n|player|p1|\n",
  "uploadtime": 1776481467,
  "views": 29,
  "formatid": "gen9championsvgc2026regma",
  "rating": 1305,
  "private": 0,
  "password": null
}