{
  "id": "gen9championsvgc2026regma-2583806492",
  "format": "[Gen 9 Champions] VGC 2026 Reg M-A",
  "players": [
    "Pyro.D.Mario",
    "pepitoito"
  ],
  "log": "|j|\u2606Pyro.D.Mario\n|j|\u2606pepitoito\n|t:|1776199074\n|gametype|doubles\n|player|p1|Pyro.D.Mario|265|1099\n|player|p2|pepitoito|miku-ghost|1185\n|gen|9\n|tier|[Gen 9 Champions] VGC 2026 Reg M-A\n|rated|\n|rule|Species Clause: Limit one of each Pok\u00e9mon\n|rule|Item Clause: Limit 1 of each item\n|clearpoke\n|poke|p1|Sableye, L50, M|\n|poke|p1|Garchomp, L50, M|\n|poke|p1|Espathra, L50, F|\n|poke|p1|Lucario, L50, M|\n|poke|p1|Gardevoir, L50, M|\n|poke|p1|Chandelure, L50, M|\n|poke|p2|Delphox, L50, F|\n|poke|p2|Mamoswine, L50, M|\n|poke|p2|Rotom-Wash, L50|\n|poke|p2|Sinistcha, L50|\n|poke|p2|Sneasler, L50, F|\n|poke|p2|Kingambit, L50, F|\n|teampreview|4\n|inactive|Battle timer is ON: inactive players will automatically lose when time's up. (requested by Pyro.D.Mario)\n|inactive|pepitoito has 60 seconds left.\n|\n|t:|1776199121\n|teamsize|p1|4\n|teamsize|p2|4\n|start\n|switch|p1a: Sableye|Sableye, L50, M, shiny|100/100\n|switch|p1b: Espathra|Espathra, L50, F|100/100\n|switch|p2a: Kingambit|Kingambit, L50, F|100/100\n|switch|p2b: Sneasler|Sneasler, L50, F|100/100\n|turn|1\n|\n|t:|1776199141\n|move|p1b: Espathra|Protect|p1b: Espathra\n|-singleturn|p1b: Espathra|Protect\n|move|p2b: Sneasler|Fake Out|p1b: Espathra\n|-activate|p1b: Espathra|move: Protect\n|move|p1a: Sableye|Fake Out|p2a: Kingambit\n|-resisted|p2a: Kingambit|1\n|-damage|p2a: Kingambit|98/100\n|cant|p2a: Kingambit|flinch\n|\n|-ability|p1b: Espathra|Speed Boost|boost\n|-boost|p1b: Espathra|spe|1\n|upkeep\n|turn|2\n|inactive|Pyro.D.Mario has 30 seconds left.\n|inactive|pepitoito has 30 seconds left.\n|inactive|pepitoito has 20 seconds left.\n|inactive|Pyro.D.Mario has 20 seconds left.\n|inactive|pepitoito has 15 seconds left.\n|\n|t:|1776199185\n|move|p2b: Sneasler|Protect|p2b: Sneasler\n|-singleturn|p2b: Sneasler|Protect\n|move|p1a: Sableye|Gravity|p1a: Sableye\n|-fieldstart|move: Gravity\n|move|p1b: Espathra|Hypnosis|p2a: Kingambit\n|-status|p2a: Kingambit|slp|[from] move: Hypnosis\n|cant|p2a: Kingambit|slp\n|\n|-ability|p1b: Espathra|Speed Boost|boost\n|-boost|p1b: Espathra|spe|1\n|upkeep\n|turn|3\n|\n|t:|1776199208\n|move|p1b: Espathra|Lumina Crash|p2b: Sneasler\n|-supereffective|p2b: Sneasler|2\n|-damage|p2b: Sneasler|0 fnt\n|faint|p2b: Sneasler\n|move|p1a: Sableye|Foul Play|p2a: Kingambit\n|-resisted|p2a: Kingambit|1\n|-damage|p2a: Kingambit|78/100 slp\n|cant|p2a: Kingambit|slp\n|\n|-ability|p1b: Espathra|Speed Boost|boost\n|-boost|p1b: Espathra|spe|1\n|upkeep\n|\n|t:|1776199218\n|switch|p2b: Delphox|Delphox, L50, F|100/100\n|turn|4\n|\n|t:|1776199235\n|detailschange|p2b: Delphox|Delphox-Mega, L50, F\n|-mega|p2b: Delphox|Delphox|Delphoxite\n|move|p1b: Espathra|Protect|p1b: Espathra\n|-singleturn|p1b: Espathra|Protect\n|-curestatus|p2a: Kingambit|slp|[msg]\n|move|p2a: Kingambit|Sucker Punch||[still]\n|-fail|p2a: Kingambit\n|move|p2b: Delphox|Heat Wave|p1b: Espathra|[spread] p1a\n|-activate|p1b: Espathra|move: Protect\n|-damage|p1a: Sableye|32/100\n|move|p1a: Sableye|Foul Play|p2b: Delphox\n|-supereffective|p2b: Delphox|1\n|-damage|p2b: Delphox|36/100\n|\n|-ability|p1b: Espathra|Speed Boost|boost\n|-boost|p1b: Espathra|spe|1\n|upkeep\n|turn|5\n|inactive|pepitoito has 30 seconds left.\n|inactive|pepitoito has 20 seconds left.\n|\n|t:|1776199275\n|switch|p2a: Sinistcha|Sinistcha, L50|100/100\n|-heal|p2b: Delphox|61/100|[from] ability: Hospitality|[of] p2a: Sinistcha\n|move|p1a: Sableye|Encore|p2b: Delphox\n|-start|p2b: Delphox|Encore\n|move|p1b: Espathra|Hypnosis|p2a: Sinistcha\n|-status|p2a: Sinistcha|slp|[from] move: Hypnosis\n|move|p2b: Delphox|Heat Wave|p1b: Espathra|[spread] p1a,p1b\n|-damage|p1a: Sableye|0 fnt\n|-damage|p1b: Espathra|32/100\n|faint|p1a: Sableye\n|\n|-ability|p1b: Espathra|Speed Boost|boost\n|-boost|p1b: Espathra|spe|1\n|upkeep\n|\n|t:|1776199287\n|switch|p1a: Chandelure|Chandelure, L50, M, shiny|100/100\n|turn|6\n|\n|t:|1776199309\n|switch|p2a: Kingambit|Kingambit, L50, F|78/100\n|detailschange|p1a: Chandelure|Chandelure-Mega, L50, M, shiny\n|-mega|p1a: Chandelure|Chandelure|Chandelurite\n|move|p1b: Espathra|Lumina Crash|p2a: Kingambit\n|-immune|p2a: Kingambit\n|move|p2b: Delphox|Heat Wave|p1a: Chandelure|[spread] p1a,p1b\n|-resisted|p1a: Chandelure|1\n|-crit|p1b: Espathra\n|-damage|p1a: Chandelure|76/100\n|-damage|p1b: Espathra|0 fnt\n|faint|p1b: Espathra\n|move|p1a: Chandelure|Shadow Ball|p2b: Delphox\n|-supereffective|p2b: Delphox|1\n|-damage|p2b: Delphox|0 fnt\n|faint|p2b: Delphox\n|\n|-fieldend|move: Gravity\n|upkeep\n|\n|t:|1776199325\n|switch|p2b: Sinistcha|Sinistcha, L50|100/100 slp\n|switch|p1b: Garchomp|Garchomp, L50, M|100/100\n|-heal|p2a: Kingambit|100/100|[from] ability: Hospitality|[of] p2b: Sinistcha\n|turn|7\n|\n|t:|1776199399\n|move|p1b: Garchomp|Dragon Claw|p2b: Sinistcha\n|-damage|p2b: Sinistcha|72/100 slp\n|move|p1a: Chandelure|Shadow Ball|p2b: Sinistcha\n|-supereffective|p2b: Sinistcha|1\n|-enditem|p2b: Sinistcha|Kasib Berry|[eat]\n|-enditem|p2b: Sinistcha|Kasib Berry|[weaken]\n|-damage|p2b: Sinistcha|18/100 slp\n|cant|p2b: Sinistcha|slp\n|move|p2a: Kingambit|Swords Dance|p2a: Kingambit\n|-boost|p2a: Kingambit|atk|2\n|\n|upkeep\n|turn|8\n|inactiveoff|Battle timer is now OFF.\n|l|\u2606Pyro.D.Mario\n|player|p1|\n|inactive|Battle timer is ON: inactive players will automatically lose when time's up. (requested by pepitoito)\n|j|\u2606Pyro.D.Mario\n|inactive|Pyro.D.Mario reconnected and has 45 seconds left.\n|player|p1|Pyro.D.Mario|265|\n|inactive|Pyro.D.Mario has 30 seconds left.\n|inactive|Pyro.D.Mario has 20 seconds left.\n|\n|t:|1776199488\n|cant|p2b: Sinistcha|slp\n|move|p1b: Garchomp|Earthquake|p2a: Kingambit|[spread] p1a,p2a,p2b\n|-supereffective|p1a: Chandelure|1\n|-supereffective|p2a: Kingambit|1\n|-resisted|p2b: Sinistcha|1\n|-damage|p1a: Chandelure|0 fnt\n|-damage|p2a: Kingambit|43/100\n|-damage|p2b: Sinistcha|3/100 slp\n|faint|p1a: Chandelure\n|move|p2a: Kingambit|Kowtow Cleave|p1b: Garchomp\n|-damage|p1b: Garchomp|0 fnt\n|-damage|p2a: Kingambit|30/100|[from] ability: Rough Skin|[of] p1b: Garchomp\n|faint|p1b: Garchomp\n|\n|win|pepitoito\n|raw|Pyro.D.Mario's rating: 1099 &rarr; <strong>1080</strong><br />(-19 for losing)\n|raw|pepitoito's rating: 1185 &rarr; <strong>1204</strong><br />(+19 for winning)\n|l|\u2606Pyro.D.Mario\n|player|p1|\n|l|\u2606pepitoito\n|player|p2|\n|j|\u2606pepitoito\n|player|p2|pepitoito|miku-ghost|\n|l|\u2606pepitoito\n|player|p2|\n",
  "uploadtime": 1776199528,
  "views": 24,
  "formatid": "gen9championsvgc2026regma",
  "rating": 1080,
  "private": 0,
  "password": null
}