{
  "id": "gen9championsvgc2026regma-2582267120",
  "format": "[Gen 9 Champions] VGC 2026 Reg M-A",
  "players": [
    "Cereales_Hacendado",
    "galbiazzoh"
  ],
  "log": "|j|\u2606Cereales_Hacendado\n|j|\u2606galbiazzoh\n|t:|1776077938\n|gametype|doubles\n|player|p1|Cereales_Hacendado|265|1321\n|player|p2|galbiazzoh|li|1329\n|gen|9\n|tier|[Gen 9 Champions] VGC 2026 Reg M-A\n|rated|\n|rule|Species Clause: Limit one of each Pok\u00e9mon\n|rule|Item Clause: Limit 1 of each item\n|clearpoke\n|poke|p1|Pinsir, L50, F|\n|poke|p1|Milotic, L50, M|\n|poke|p1|Corviknight, L50, M|\n|poke|p1|Rotom-Heat, L50|\n|poke|p1|Glimmora, L50, M|\n|poke|p1|Scovillain, L50, M|\n|poke|p2|Manectric, L50, F|\n|poke|p2|Incineroar, L50, F|\n|poke|p2|Politoed, L50, M|\n|poke|p2|Sinistcha, L50|\n|poke|p2|Garchomp, L50, M|\n|poke|p2|Corviknight, L50, F|\n|teampreview|4\ngalbiazzoh has agreed to open team sheets.\nCereales_Hacendado rejected open team sheets.\n|\n|t:|1776078007\n|teamsize|p1|4\n|teamsize|p2|4\n|start\n|switch|p1a: La Exploradora|Glimmora, L50, M, shiny|100/100\n|switch|p1b: Bipolar disorder|Scovillain, L50, M, shiny|100/100\n|switch|p2a: Corviknight|Corviknight, L50, F|100/100\n|switch|p2b: Manectric|Manectric, L50, F|100/100\n|turn|1\n|\n|t:|1776078025\n|detailschange|p1b: Bipolar disorder|Scovillain-Mega, L50, M, shiny\n|-mega|p1b: Bipolar disorder|Scovillain|Scovillainite\n|move|p2b: Manectric|Snarl|p1a: La Exploradora|[spread] p1a,p1b\n|-damage|p1a: La Exploradora|87/100\n|-damage|p1b: Bipolar disorder|90/100\n|-unboost|p1a: La Exploradora|spa|1\n|-unboost|p1b: Bipolar disorder|spa|1\n|-status|p2b: Manectric|brn|[from] ability: Spicy Spray|[of] p1b: Bipolar disorder\n|move|p1a: La Exploradora|Earth Power|p2b: Manectric\n|-supereffective|p2b: Manectric|1\n|-damage|p2b: Manectric|33/100 brn\n|move|p1b: Bipolar disorder|Flamethrower|p2a: Corviknight\n|-supereffective|p2a: Corviknight|1\n|-damage|p2a: Corviknight|57/100\n|move|p2a: Corviknight|Iron Defense|p2a: Corviknight\n|-boost|p2a: Corviknight|def|2\n|\n|-damage|p2b: Manectric|27/100 brn|[from] brn\n|upkeep\n|turn|2\n|\n|t:|1776078046\n|switch|p2b: Politoed|Politoed, L50, M|100/100\n|-weather|RainDance|[from] ability: Drizzle|[of] p2b: Politoed\n|move|p1a: La Exploradora|Power Gem|p2a: Corviknight\n|-damage|p2a: Corviknight|32/100\n|move|p1b: Bipolar disorder|Flamethrower|p2a: Corviknight\n|-supereffective|p2a: Corviknight|1\n|-damage|p2a: Corviknight|10/100\n|move|p2a: Corviknight|Iron Defense|p2a: Corviknight\n|-boost|p2a: Corviknight|def|2\n|\n|-weather|RainDance|[upkeep]\n|upkeep\n|turn|3\n|\n|t:|1776078063\n|move|p1a: La Exploradora|Spiky Shield|p1a: La Exploradora\n|-singleturn|p1a: La Exploradora|move: Protect\n|move|p1b: Bipolar disorder|Flamethrower|p2a: Corviknight\n|-supereffective|p2a: Corviknight|1\n|-damage|p2a: Corviknight|0 fnt\n|faint|p2a: Corviknight\n|move|p2b: Politoed|Muddy Water|p1a: La Exploradora|[spread] p1b\n|-activate|p1a: La Exploradora|move: Protect\n|-damage|p1b: Bipolar disorder|54/100\n|-unboost|p1b: Bipolar disorder|accuracy|1\n|-status|p2b: Politoed|brn|[from] ability: Spicy Spray|[of] p1b: Bipolar disorder\n|\n|-weather|RainDance|[upkeep]\n|-damage|p2b: Politoed|94/100 brn|[from] brn\n|upkeep\n|\n|t:|1776078071\n|switch|p2a: Incineroar|Incineroar, L50, F|100/100\n|-ability|p2a: Incineroar|Intimidate|boost\n|-unboost|p1a: La Exploradora|atk|1\n|-unboost|p1b: Bipolar disorder|atk|1\n|turn|4\n|\n|t:|1776078090\n|switch|p1a: Edgar Allan Poe|Corviknight, L50, M, shiny|100/100\n|move|p1b: Bipolar disorder|Protect|p1b: Bipolar disorder\n|-singleturn|p1b: Bipolar disorder|Protect\n|move|p2a: Incineroar|Fake Out|p1a: Edgar Allan Poe\n|-resisted|p1a: Edgar Allan Poe|1\n|-damage|p1a: Edgar Allan Poe|96/100\n|move|p2b: Politoed|Muddy Water|p1b: Bipolar disorder|[spread] \n|-activate|p1b: Bipolar disorder|move: Protect\n|-miss|p2b: Politoed|p1a: Edgar Allan Poe\n|\n|-weather|RainDance|[upkeep]\n|-damage|p2b: Politoed|88/100 brn|[from] brn\n|upkeep\n|turn|5\n|inactive|Battle timer is ON: inactive players will automatically lose when time's up. (requested by galbiazzoh)\n|\n|t:|1776078109\n|move|p1b: Bipolar disorder|Giga Drain|p2b: Politoed\n|-supereffective|p2b: Politoed|1\n|-damage|p2b: Politoed|52/100 brn\n|-heal|p1b: Bipolar disorder|75/100|[from] drain|[of] p2b: Politoed\n|move|p2b: Politoed|Muddy Water|p1a: Edgar Allan Poe|[spread] p1a,p1b\n|-damage|p1a: Edgar Allan Poe|72/100\n|-damage|p1b: Bipolar disorder|41/100\n|move|p1a: Edgar Allan Poe|Bulk Up|p1a: Edgar Allan Poe\n|-boost|p1a: Edgar Allan Poe|atk|1\n|-boost|p1a: Edgar Allan Poe|def|1\n|move|p2a: Incineroar|Parting Shot|p1b: Bipolar disorder\n|-unboost|p1b: Bipolar disorder|atk|1\n|-unboost|p1b: Bipolar disorder|spa|1\n|\n|t:|1776078120\n|switch|p2a: Manectric|Manectric, L50, F|27/100 brn|[from] Parting Shot\n|\n|-weather|RainDance|[upkeep]\n|-damage|p2a: Manectric|21/100 brn|[from] brn\n|-damage|p2b: Politoed|46/100 brn|[from] brn\n|upkeep\n|-enditem|p2b: Politoed|Sitrus Berry|[eat]\n|-heal|p2b: Politoed|71/100 brn|[from] item: Sitrus Berry\n|turn|6\n|\n|t:|1776078134\n|detailschange|p2a: Manectric|Manectric-Mega, L50, F\n|-mega|p2a: Manectric|Manectric|Manectite\n|-ability|p2a: Manectric|Intimidate|boost\n|-ability|p1a: Edgar Allan Poe|Mirror Armor\n|-unboost|p2a: Manectric|atk|1\n|-unboost|p1b: Bipolar disorder|atk|1\n|move|p1b: Bipolar disorder|Rage Powder|p1b: Bipolar disorder\n|-singleturn|p1b: Bipolar disorder|move: Rage Powder\n|move|p2a: Manectric|Volt Switch|p1b: Bipolar disorder\n|-resisted|p1b: Bipolar disorder|1\n|-damage|p1b: Bipolar disorder|25/100\n|\n|t:|1776078146\n|switch|p2a: Incineroar|Incineroar, L50, F|100/100|[from] Volt Switch\n|-ability|p2a: Incineroar|Intimidate|boost\n|-ability|p1a: Edgar Allan Poe|Mirror Armor\n|-unboost|p2a: Incineroar|atk|1\n|-unboost|p1b: Bipolar disorder|atk|1\n|move|p2b: Politoed|Muddy Water|p1a: Edgar Allan Poe|[spread] p1a,p1b\n|-damage|p1a: Edgar Allan Poe|45/100\n|-damage|p1b: Bipolar disorder|0 fnt\n|-enditem|p1a: Edgar Allan Poe|Sitrus Berry|[eat]\n|-heal|p1a: Edgar Allan Poe|70/100|[from] item: Sitrus Berry\n|faint|p1b: Bipolar disorder\n|move|p1a: Edgar Allan Poe|Roost|p1a: Edgar Allan Poe\n|-heal|p1a: Edgar Allan Poe|100/100\n|-singleturn|p1a: Edgar Allan Poe|move: Roost\n|\n|-weather|none\n|-damage|p2b: Politoed|64/100 brn|[from] brn\n|upkeep\n|\n|t:|1776078167\n|switch|p1b: La Exploradora|Glimmora, L50, M, shiny|87/100\n|turn|7\n|\n|t:|1776078178\n|switch|p2b: Manectric|Manectric-Mega, L50, F|21/100 brn\n|-ability|p2b: Manectric|Intimidate|boost\n|-ability|p1a: Edgar Allan Poe|Mirror Armor\n|-unboost|p2b: Manectric|atk|1\n|-unboost|p1b: La Exploradora|atk|1\n|move|p1b: La Exploradora|Spiky Shield|p1b: La Exploradora\n|-singleturn|p1b: La Exploradora|move: Protect\n|move|p1a: Edgar Allan Poe|Brave Bird|p2b: Manectric\n|-resisted|p2b: Manectric|1\n|-damage|p2b: Manectric|0 fnt\n|faint|p2b: Manectric\n|-damage|p1a: Edgar Allan Poe|95/100|[from] Recoil\n|move|p2a: Incineroar|Flare Blitz|p1a: Edgar Allan Poe\n|-supereffective|p1a: Edgar Allan Poe|1\n|-damage|p1a: Edgar Allan Poe|59/100\n|-damage|p2a: Incineroar|88/100|[from] Recoil\n|\n|upkeep\n|\n|t:|1776078189\n|switch|p2b: Politoed|Politoed, L50, M|64/100 brn\n|-weather|RainDance|[from] ability: Drizzle|[of] p2b: Politoed\n|turn|8\n|\n|t:|1776078204\n|move|p1b: La Exploradora|Sludge Wave|p2b: Politoed|[spread] p2a,p2b\n|-immune|p1a: Edgar Allan Poe\n|-damage|p2a: Incineroar|63/100\n|-damage|p2b: Politoed|39/100 brn\n|-status|p2a: Incineroar|psn\n|move|p2b: Politoed|Muddy Water|p1b: La Exploradora|[spread] p1a,p1b\n|-supereffective|p1b: La Exploradora|1\n|-damage|p1a: Edgar Allan Poe|33/100\n|-damage|p1b: La Exploradora|0 fnt\n|faint|p1b: La Exploradora\n|move|p1a: Edgar Allan Poe|Brave Bird|p2b: Politoed\n|-damage|p2b: Politoed|0 fnt\n|faint|p2b: Politoed\n|-damage|p1a: Edgar Allan Poe|21/100|[from] Recoil\n|move|p2a: Incineroar|Darkest Lariat|p1a: Edgar Allan Poe\n|-damage|p1a: Edgar Allan Poe|2/100\n|\n|-weather|RainDance|[upkeep]\n|-damage|p2a: Incineroar|51/100 psn|[from] psn\n|upkeep\n|j| jspe1212121\n|\n|t:|1776078221\n|switch|p1b: Happy Meal|Rotom-Heat, L50, shiny|100/100\n|turn|9\n|\n|t:|1776078228\n|move|p1b: Happy Meal|Electroweb|p2a: Incineroar\n|-damage|p2a: Incineroar|37/100 psn\n|-unboost|p2a: Incineroar|spe|1\n|move|p1a: Edgar Allan Poe|Roost|p1a: Edgar Allan Poe\n|-heal|p1a: Edgar Allan Poe|52/100\n|-singleturn|p1a: Edgar Allan Poe|move: Roost\n|move|p2a: Incineroar|Darkest Lariat|p1b: Happy Meal\n|-damage|p1b: Happy Meal|77/100\n|\n|-weather|RainDance|[upkeep]\n|-heal|p1b: Happy Meal|83/100|[from] item: Leftovers\n|-damage|p2a: Incineroar|25/100 psn|[from] psn\n|upkeep\n|turn|10\n|l| jspe1212121\n|\n|t:|1776078248\n|move|p1b: Happy Meal|Electroweb|p2a: Incineroar\n|-damage|p2a: Incineroar|9/100 psn\n|-unboost|p2a: Incineroar|spe|1\n|move|p1a: Edgar Allan Poe|Body Press|p2a: Incineroar\n|-supereffective|p2a: Incineroar|1\n|-crit|p2a: Incineroar\n|-enditem|p2a: Incineroar|Chople Berry|[eat]\n|-enditem|p2a: Incineroar|Chople Berry|[weaken]\n|-damage|p2a: Incineroar|0 fnt\n|faint|p2a: Incineroar\n|\n|win|Cereales_Hacendado\n|raw|Cereales_Hacendado's rating: 1321 &rarr; <strong>1341</strong><br />(+20 for winning)\n|raw|galbiazzoh's rating: 1329 &rarr; <strong>1309</strong><br />(-20 for losing)\n",
  "uploadtime": 1776078258,
  "views": 23,
  "formatid": "gen9championsvgc2026regma",
  "rating": 1309,
  "private": 0,
  "password": null
}