{
  "id": "gen9championsvgc2026regma-2588615583",
  "format": "[Gen 9 Champions] VGC 2026 Reg M-A",
  "players": [
    "Kibuj",
    "thicc latina lover"
  ],
  "log": "|j|\u2606Kibuj\n|j|\u2606thicc latina lover\n|t:|1776650368\n|gametype|doubles\n|player|p1|Kibuj|266|1453\n|player|p2|thicc latina lover|skyla|1479\n|gen|9\n|tier|[Gen 9 Champions] VGC 2026 Reg M-A\n|rated|\n|rule|Species Clause: Limit one of each Pok\u00e9mon\n|rule|Item Clause: Limit 1 of each item\n|clearpoke\n|poke|p1|Sinistcha, L50|\n|poke|p1|Charizard, L50, F|\n|poke|p1|Corviknight, L50, M|\n|poke|p1|Sneasler, L50, F|\n|poke|p1|Basculegion, L50, M|\n|poke|p1|Garchomp, L50, F|\n|poke|p2|Venusaur, L50, M, shiny|\n|poke|p2|Maushold, L50|\n|poke|p2|Basculegion, L50, M|\n|poke|p2|Sneasler, L50, M|\n|poke|p2|Kingambit, L50, F|\n|poke|p2|Gardevoir, L50, M|\n|teampreview|4\n|inactive|Battle timer is ON: inactive players will automatically lose when time's up. (requested by Kibuj)\n|inactive|Kibuj has 60 seconds left.\n|\n|t:|1776650416\n|teamsize|p1|4\n|teamsize|p2|4\n|start\n|switch|p1a: Charizard|Charizard, L50, F|100/100\n|switch|p1b: Garchomp|Garchomp, L50, F|100/100\n|switch|p2a: Venusaur|Venusaur, L50, M, shiny|100/100\n|switch|p2b: Maushold|Maushold, L50|100/100\n|turn|1\n|\n|t:|1776650430\n|detailschange|p1a: Charizard|Charizard-Mega-Y, L50, F\n|-mega|p1a: Charizard|Charizard|Charizardite Y\n|-weather|SunnyDay|[from] ability: Drought|[of] p1a: Charizard\n|detailschange|p2a: Venusaur|Venusaur-Mega, L50, M, shiny\n|-mega|p2a: Venusaur|Venusaur|Venusaurite\n|move|p2b: Maushold|Super Fang|p1a: Charizard\n|-damage|p1a: Charizard|50/100\n|move|p1a: Charizard|Heat Wave|p2b: Maushold|[spread] p2a,p2b\n|-supereffective|p2a: Venusaur|1\n|-damage|p2a: Venusaur|69/100\n|-damage|p2b: Maushold|0 fnt\n|faint|p2b: Maushold\n|move|p1b: Garchomp|Earthquake|p2a: Venusaur|[spread] p2a\n|-immune|p1a: Charizard\n|-damage|p2a: Venusaur|39/100\n|move|p2a: Venusaur|Sludge Bomb|p1a: Charizard\n|-damage|p1a: Charizard|15/100\n|-status|p1a: Charizard|psn\n|\n|-weather|SunnyDay|[upkeep]\n|-damage|p1a: Charizard|3/100 psn|[from] psn\n|upkeep\n|inactive|thicc latina lover has 30 seconds left.\n|\n|t:|1776650457\n|switch|p2b: Basculegion|Basculegion, L50, M|100/100\n|turn|2\n|\n|t:|1776650469\n|move|p2b: Basculegion|Aqua Jet|p1a: Charizard\n|-supereffective|p1a: Charizard|1\n|-damage|p1a: Charizard|0 fnt\n|faint|p1a: Charizard\n|move|p1b: Garchomp|Earthquake|p2a: Venusaur|[spread] p2a,p2b\n|-damage|p2a: Venusaur|7/100\n|-damage|p2b: Basculegion|57/100\n|move|p2a: Venusaur|Leech Seed|p1b: Garchomp\n|-start|p1b: Garchomp|move: Leech Seed\n|\n|-weather|SunnyDay|[upkeep]\n|-damage|p1b: Garchomp|88/100|[from] Leech Seed|[of] p2a: Venusaur\n|-heal|p2a: Venusaur|21/100|[silent]\n|upkeep\n|\n|t:|1776650480\n|switch|p1a: Basculegion|Basculegion, L50, M|100/100\n|turn|3\n|\n|t:|1776650492\n|switch|p1b: Sneasler|Sneasler, L50, F|100/100\n|move|p2a: Venusaur|Protect|p2a: Venusaur\n|-singleturn|p2a: Venusaur|Protect\n|move|p2b: Basculegion|Aqua Jet|p1b: Sneasler\n|-damage|p1b: Sneasler|76/100\n|move|p1a: Basculegion|Last Respects|p2b: Basculegion\n|-supereffective|p2b: Basculegion|1\n|-damage|p2b: Basculegion|0 fnt\n|faint|p2b: Basculegion\n|\n|-weather|SunnyDay|[upkeep]\n|upkeep\n|\n|t:|1776650495\n|switch|p2b: Kingambit|Kingambit, L50, F|100/100\n|turn|4\n|inactive|thicc latina lover has 30 seconds left.\n|\n|t:|1776650521\n|move|p2a: Venusaur|Protect||[still]\n|-fail|p2a: Venusaur\n|move|p2b: Kingambit|Protect|p2b: Kingambit\n|-singleturn|p2b: Kingambit|Protect\n|move|p1a: Basculegion|Last Respects|p2a: Venusaur\n|-damage|p2a: Venusaur|0 fnt\n|faint|p2a: Venusaur\n|move|p1b: Sneasler|Close Combat|p2b: Kingambit\n|-activate|p2b: Kingambit|move: Protect\n|\n|-weather|SunnyDay|[upkeep]\n|upkeep\n|turn|5\n|\n|t:|1776650531\n|move|p2b: Kingambit|Sucker Punch|p1b: Sneasler\n|-resisted|p1b: Sneasler|1\n|-damage|p1b: Sneasler|34/100\n|move|p1a: Basculegion|Last Respects|p2b: Kingambit\n|-resisted|p2b: Kingambit|1\n|-damage|p2b: Kingambit|75/100\n|move|p1b: Sneasler|Close Combat|p2b: Kingambit\n|-supereffective|p2b: Kingambit|2\n|-damage|p2b: Kingambit|0 fnt\n|-unboost|p1b: Sneasler|def|1\n|-unboost|p1b: Sneasler|spd|1\n|faint|p2b: Kingambit\n|\n|win|Kibuj\n|raw|Kibuj's rating: 1453 &rarr; <strong>1474</strong><br />(+21 for winning)\n|raw|thicc latina lover's rating: 1479 &rarr; <strong>1458</strong><br />(-21 for losing)\n",
  "uploadtime": 1776650532,
  "views": 12,
  "formatid": "gen9championsvgc2026regma",
  "rating": 1458,
  "private": 0,
  "password": null
}