{
  "id": "gen9championsvgc2026regma-2582844484",
  "format": "[Gen 9 Champions] VGC 2026 Reg M-A",
  "players": [
    "hallowhollow",
    "terratron"
  ],
  "log": "|j|\u2606hallowhollow\n|j|\u2606terratron\n|t:|1776118532\n|gametype|doubles\n|player|p1|hallowhollow|265|1000\n|player|p2|terratron|bruno|1045\n|gen|9\n|tier|[Gen 9 Champions] VGC 2026 Reg M-A\n|rated|\n|rule|Species Clause: Limit one of each Pok\u00e9mon\n|rule|Item Clause: Limit 1 of each item\n|clearpoke\n|poke|p1|Charizard, L50, F|\n|poke|p1|Typhlosion-Hisui, L50, F|\n|poke|p1|Whimsicott, L50, F|\n|poke|p1|Incineroar, L50, F|\n|poke|p1|Sneasler, L50, F|\n|poke|p1|Farigiraf, L50, F|\n|poke|p2|Gengar, L50, F|\n|poke|p2|Incineroar, L50, F|\n|poke|p2|Farigiraf, L50, M|\n|poke|p2|Sinistcha, L50|\n|poke|p2|Tyranitar, L50, F|\n|poke|p2|Excadrill, L50, F|\n|teampreview|4\n|inactive|Battle timer is ON: inactive players will automatically lose when time's up. (requested by terratron)\n|\n|t:|1776118543\n|teamsize|p1|4\n|teamsize|p2|4\n|start\n|switch|p1a: Typhlosion|Typhlosion-Hisui, L50, F|100/100\n|switch|p1b: Whimsicott|Whimsicott, L50, F|100/100\n|switch|p2a: Tyranitar|Tyranitar, L50, F|100/100\n|switch|p2b: Incineroar|Incineroar, L50, F|100/100\n|-item|p2a: Tyranitar|Sitrus Berry|[from] ability: Frisk|[of] p1a: Typhlosion\n|-weather|Sandstorm|[from] ability: Sand Stream|[of] p2a: Tyranitar\n|-ability|p2b: Incineroar|Intimidate|boost\n|-unboost|p1a: Typhlosion|atk|1\n|-unboost|p1b: Whimsicott|atk|1\n|turn|1\n|\n|t:|1776118566\n|switch|p1a: Sneasler|Sneasler, L50, F|100/100\n|move|p2b: Incineroar|Fake Out|p1b: Whimsicott\n|-damage|p1b: Whimsicott|87/100\n|cant|p1b: Whimsicott|flinch\n|move|p2a: Tyranitar|Rock Slide|p1b: Whimsicott|[spread] p1a,p1b\n|-resisted|p1a: Sneasler|1\n|-damage|p1a: Sneasler|74/100\n|-damage|p1b: Whimsicott|48/100\n|\n|-weather|Sandstorm|[upkeep]\n|-damage|p1a: Sneasler|68/100|[from] Sandstorm\n|-damage|p1b: Whimsicott|42/100|[from] Sandstorm\n|-damage|p2b: Incineroar|95/100|[from] Sandstorm\n|upkeep\n|turn|2\n|\n|t:|1776118584\n|switch|p2a: Gengar|Gengar, L50, F, shiny|100/100\n|move|p1b: Whimsicott|Tailwind|p1b: Whimsicott\n|-sidestart|p1: hallowhollow|move: Tailwind\n|move|p1a: Sneasler|Close Combat|p2b: Incineroar\n|-supereffective|p2b: Incineroar|1\n|-damage|p2b: Incineroar|0 fnt\n|-unboost|p1a: Sneasler|def|1\n|-unboost|p1a: Sneasler|spd|1\n|faint|p2b: Incineroar\n|-enditem|p1a: Sneasler|White Herb\n|-clearnegativeboost|p1a: Sneasler|[silent]\n|\n|-weather|Sandstorm|[upkeep]\n|-damage|p1a: Sneasler|63/100|[from] Sandstorm\n|-damage|p1b: Whimsicott|36/100|[from] Sandstorm\n|-damage|p2a: Gengar|95/100|[from] Sandstorm\n|upkeep\n|\n|t:|1776118592\n|switch|p2b: Excadrill|Excadrill, L50, F|100/100\n|turn|3\n|\n|t:|1776118606\n|detailschange|p2a: Gengar|Gengar-Mega, L50, F, shiny\n|-mega|p2a: Gengar|Gengar|Gengarite\n|move|p1a: Sneasler|Protect|p1a: Sneasler\n|-singleturn|p1a: Sneasler|Protect\n|move|p1b: Whimsicott|Moonblast|p2b: Excadrill\n|-resisted|p2b: Excadrill|1\n|-damage|p2b: Excadrill|83/100\n|move|p2b: Excadrill|Rock Slide|p1a: Sneasler|[spread] p1b\n|-activate|p1a: Sneasler|move: Protect\n|-damage|p1b: Whimsicott|7/100\n|move|p2a: Gengar|Sludge Bomb|p1b: Whimsicott\n|-supereffective|p1b: Whimsicott|2\n|-damage|p1b: Whimsicott|0 fnt\n|faint|p1b: Whimsicott\n|\n|-weather|Sandstorm|[upkeep]\n|-damage|p1a: Sneasler|57/100|[from] Sandstorm\n|-damage|p2a: Gengar|89/100|[from] Sandstorm\n|upkeep\n|\n|t:|1776118622\n|switch|p1b: Typhlosion|Typhlosion-Hisui, L50, F|100/100\n|-item|p2a: Gengar|Gengarite|[from] ability: Frisk|[of] p1b: Typhlosion\n|-item|p2b: Excadrill|Focus Sash|[from] ability: Frisk|[of] p1b: Typhlosion\n|turn|4\n|\n|t:|1776118635\n|move|p1a: Sneasler|Close Combat|p2b: Excadrill\n|-supereffective|p2b: Excadrill|1\n|-damage|p2b: Excadrill|0 fnt\n|-unboost|p1a: Sneasler|def|1\n|-unboost|p1a: Sneasler|spd|1\n|faint|p2b: Excadrill\n|move|p1b: Typhlosion|Eruption|p2a: Gengar\n|-damage|p2a: Gengar|0 fnt\n|faint|p2a: Gengar\n|\n|-weather|Sandstorm|[upkeep]\n|-damage|p1a: Sneasler|51/100|[from] Sandstorm\n|-damage|p1b: Typhlosion|94/100|[from] Sandstorm\n|upkeep\n|\n|t:|1776118639\n|switch|p2b: Tyranitar|Tyranitar, L50, F|100/100\n|turn|5\n|\n|t:|1776118650\n|move|p1a: Sneasler|Close Combat|p2b: Tyranitar\n|-supereffective|p2b: Tyranitar|2\n|-damage|p2b: Tyranitar|0 fnt\n|-unboost|p1a: Sneasler|def|1\n|-unboost|p1a: Sneasler|spd|1\n|faint|p2b: Tyranitar\n|\n|win|hallowhollow\n|raw|hallowhollow's rating: 1000 &rarr; <strong>1045</strong><br />(+45 for winning)\n|raw|terratron's rating: 1045 &rarr; <strong>1026</strong><br />(-19 for losing)\n",
  "uploadtime": 1776118667,
  "views": 20,
  "formatid": "gen9championsvgc2026regma",
  "rating": 1026,
  "private": 0,
  "password": null
}