{
  "id": "gen9championsvgc2026regma-2588183751",
  "format": "[Gen 9 Champions] VGC 2026 Reg M-A",
  "players": [
    "red1998poke",
    "MochiMoxth"
  ],
  "log": "|j|\u2606red1998poke\n|j|\u2606MochiMoxth\n|t:|1776612336\n|gametype|doubles\n|player|p1|red1998poke|2|1016\n|player|p2|MochiMoxth|265|1003\n|gen|9\n|tier|[Gen 9 Champions] VGC 2026 Reg M-A\n|rated|\n|rule|Species Clause: Limit one of each Pok\u00e9mon\n|rule|Item Clause: Limit 1 of each item\n|clearpoke\n|poke|p1|Hawlucha, L50, F|\n|poke|p1|Charizard, L50, M|\n|poke|p1|Venusaur, L50, F|\n|poke|p1|Mr. Rime, L50, F|\n|poke|p1|Aerodactyl, L50, M|\n|poke|p1|Vanilluxe, L50, M|\n|poke|p2|Rhyperior, L50, M|\n|poke|p2|Arcanine-Hisui, L50, M|\n|poke|p2|Aerodactyl, L50, F|\n|poke|p2|Gourgeist-Small, L50, M|\n|poke|p2|Chimecho, L50, F|\n|poke|p2|Excadrill, L50, M|\n|teampreview|4\n|\n|t:|1776612354\n|teamsize|p1|4\n|teamsize|p2|4\n|start\n|switch|p1a: Aerodactyl|Aerodactyl, L50, M|100/100\n|switch|p1b: Hawlucha|Hawlucha, L50, F|100/100\n|switch|p2a: Gourgeist|Gourgeist-Small, L50, M|100/100\n|switch|p2b: Chimecho|Chimecho, L50, F|100/100\n|-ability|p1a: Aerodactyl|Unnerve\n|-ability|p1b: Hawlucha|Mold Breaker\n|turn|1\n|\n|t:|1776612377\n|detailschange|p2b: Chimecho|Chimecho-Mega, L50, F\n|-mega|p2b: Chimecho|Chimecho|Chimechite\n|move|p1b: Hawlucha|Protect|p1b: Hawlucha\n|-singleturn|p1b: Hawlucha|Protect\n|move|p1a: Aerodactyl|Tailwind|p1a: Aerodactyl\n|-sidestart|p1: red1998poke|move: Tailwind\n|move|p2a: Gourgeist|Leech Seed|p1a: Aerodactyl|[miss]\n|-miss|p2a: Gourgeist|p1a: Aerodactyl\n|move|p2b: Chimecho|Calm Mind|p2b: Chimecho\n|-boost|p2b: Chimecho|spa|1\n|-boost|p2b: Chimecho|spd|1\n|\n|upkeep\n|turn|2\n|\n|t:|1776612403\n|switch|p1a: Vanilluxe|Vanilluxe, L50, M|100/100\n|-weather|Snowscape|[from] ability: Snow Warning|[of] p1a: Vanilluxe\n|switch|p2a: Excadrill|Excadrill, L50, M|100/100\n|detailschange|p1b: Hawlucha|Hawlucha-Mega, L50, F\n|-mega|p1b: Hawlucha|Hawlucha|Hawluchanite\n|move|p1b: Hawlucha|Entrainment|p1a: Vanilluxe\n|-ability|p1a: Vanilluxe|No Guard|Snow Warning|[from] move: Entrainment|[of] p1b: Hawlucha\n|move|p2b: Chimecho|Calm Mind|p2b: Chimecho\n|-boost|p2b: Chimecho|spa|1\n|-boost|p2b: Chimecho|spd|1\n|\n|-weather|Snowscape|[upkeep]\n|upkeep\n|turn|3\n|\n|t:|1776612437\n|move|p1b: Hawlucha|Dual Wingbeat|p2a: Excadrill\n|-resisted|p2a: Excadrill|1\n|-damage|p2a: Excadrill|86/100\n|-resisted|p2a: Excadrill|1\n|-damage|p2a: Excadrill|70/100\n|-hitcount|p2a: Excadrill|2\n|move|p1a: Vanilluxe|Sheer Cold|p2a: Excadrill\n|-damage|p2a: Excadrill|0 fnt\n|faint|p2a: Excadrill\n|-ohko\n|move|p2b: Chimecho|Encore|p1b: Hawlucha\n|-start|p1b: Hawlucha|Encore\n|\n|-weather|Snowscape|[upkeep]\n|upkeep\n|\n|t:|1776612453\n|switch|p2a: Arcanine|Arcanine-Hisui, L50, M|100/100\n|-ability|p2a: Arcanine|Intimidate|boost\n|-unboost|p1a: Vanilluxe|atk|1\n|-unboost|p1b: Hawlucha|atk|1\n|turn|4\n|\n|t:|1776612491\n|move|p1b: Hawlucha|Dual Wingbeat|p2a: Arcanine\n|-resisted|p2a: Arcanine|1\n|-damage|p2a: Arcanine|92/100\n|-resisted|p2a: Arcanine|1\n|-damage|p2a: Arcanine|84/100\n|-hitcount|p2a: Arcanine|2\n|move|p1a: Vanilluxe|Sheer Cold|p2a: Arcanine\n|-damage|p2a: Arcanine|0 fnt\n|faint|p2a: Arcanine\n|-ohko\n|move|p2b: Chimecho|Dazzling Gleam|p1a: Vanilluxe|[spread] p1a,p1b\n|-supereffective|p1b: Hawlucha|1\n|-damage|p1a: Vanilluxe|65/100\n|-damage|p1b: Hawlucha|28/100\n|\n|-weather|Snowscape|[upkeep]\n|-heal|p1a: Vanilluxe|71/100|[from] item: Leftovers\n|-sideend|p1: red1998poke|move: Tailwind\n|upkeep\n|\n|t:|1776612508\n|switch|p2a: Gourgeist|Gourgeist-Small, L50, M|100/100\n|turn|5\n|\n|t:|1776612525\n|move|p1b: Hawlucha|Dual Wingbeat|p2a: Gourgeist\n|-supereffective|p2a: Gourgeist|1\n|-damage|p2a: Gourgeist|75/100\n|-supereffective|p2a: Gourgeist|1\n|-damage|p2a: Gourgeist|47/100\n|-hitcount|p2a: Gourgeist|2\n|move|p2a: Gourgeist|Light Screen|p2a: Gourgeist\n|-sidestart|p2: MochiMoxth|move: Light Screen\n|move|p1a: Vanilluxe|Aurora Veil|p1a: Vanilluxe\n|-sidestart|p1: red1998poke|move: Aurora Veil\n|move|p2b: Chimecho|Dazzling Gleam|p1a: Vanilluxe|[spread] p1a,p1b\n|-supereffective|p1b: Hawlucha|1\n|-damage|p1a: Vanilluxe|47/100\n|-damage|p1b: Hawlucha|0 fnt\n|faint|p1b: Hawlucha\n|\n|-weather|Snowscape|[upkeep]\n|-heal|p1a: Vanilluxe|53/100|[from] item: Leftovers\n|upkeep\n|\n|t:|1776612544\n|switch|p1b: Aerodactyl|Aerodactyl, L50, M|100/100\n|-ability|p1b: Aerodactyl|Unnerve\n|turn|6\n|\n|t:|1776612564\n|move|p1b: Aerodactyl|Tailwind|p1b: Aerodactyl\n|-sidestart|p1: red1998poke|move: Tailwind\n|move|p1a: Vanilluxe|Sheer Cold|p2b: Chimecho\n|-damage|p2b: Chimecho|0 fnt\n|faint|p2b: Chimecho\n|-ohko\n|move|p2a: Gourgeist|Leech Seed|p1b: Aerodactyl\n|-start|p1b: Aerodactyl|move: Leech Seed\n|\n|-weather|none\n|-heal|p1a: Vanilluxe|59/100|[from] item: Leftovers\n|-damage|p1b: Aerodactyl|88/100|[from] Leech Seed|[of] p2a: Gourgeist\n|-heal|p2a: Gourgeist|59/100|[silent]\n|upkeep\n|turn|7\n|\n|t:|1776612582\n|switch|p1b: Mr. Rime|Mr. Rime, L50, F|100/100\n|move|p1a: Vanilluxe|Protect|p1a: Vanilluxe\n|-singleturn|p1a: Vanilluxe|Protect\n|move|p2a: Gourgeist|Moonblast|p1b: Mr. Rime\n|-damage|p1b: Mr. Rime|91/100\n|\n|-heal|p1a: Vanilluxe|66/100|[from] item: Leftovers\n|upkeep\n|turn|8\n|\n|t:|1776612595\n|move|p1a: Vanilluxe|Substitute|p1a: Vanilluxe\n|-start|p1a: Vanilluxe|Substitute\n|-damage|p1a: Vanilluxe|41/100\n|move|p1b: Mr. Rime|Role Play|p1a: Vanilluxe\n|-ability|p1b: Mr. Rime|No Guard|Ice Body|[from] move: Role Play|[of] p1a: Vanilluxe\n|move|p2a: Gourgeist|Light Screen||[still]\n|-fail|p2a: Gourgeist\n|\n|-heal|p1a: Vanilluxe|47/100|[from] item: Leftovers\n|upkeep\n|turn|9\n|\n|t:|1776612613\n|move|p1a: Vanilluxe|Protect|p1a: Vanilluxe\n|-singleturn|p1a: Vanilluxe|Protect\n|move|p1b: Mr. Rime|Protect|p1b: Mr. Rime\n|-singleturn|p1b: Mr. Rime|Protect\n|move|p2a: Gourgeist|Leech Seed|p1a: Vanilluxe\n|-activate|p1a: Vanilluxe|move: Protect\n|\n|-heal|p1a: Vanilluxe|53/100|[from] item: Leftovers\n|-sideend|p2: MochiMoxth|move: Light Screen\n|-sideend|p1: red1998poke|move: Tailwind\n|-sideend|p1: red1998poke|move: Aurora Veil\n|upkeep\n|turn|10\n|\n|t:|1776612628\n|move|p1a: Vanilluxe|Protect||[still]\n|-fail|p1a: Vanilluxe\n|move|p2a: Gourgeist|Leech Seed|p1b: Mr. Rime\n|-start|p1b: Mr. Rime|move: Leech Seed\n|move|p1b: Mr. Rime|Sheer Cold|p2a: Gourgeist\n|-damage|p2a: Gourgeist|0 fnt\n|faint|p2a: Gourgeist\n|-ohko\n|\n|win|red1998poke\n|raw|red1998poke's rating: 1016 &rarr; <strong>1052</strong><br />(+36 for winning)\n|raw|MochiMoxth's rating: 1003 &rarr; <strong>1000</strong><br />(-3 for losing)\n|l|\u2606MochiMoxth\n|player|p2|\n",
  "uploadtime": 1776612640,
  "views": 8,
  "formatid": "gen9championsvgc2026regma",
  "rating": 1000,
  "private": 0,
  "password": null
}