{
  "id": "gen9championsvgc2026regma-2582033360",
  "format": "[Gen 9 Champions] VGC 2026 Reg M-A",
  "players": [
    "Turnip7",
    "Rad_Jhin"
  ],
  "log": "|j|\u2606Turnip7\n|j|\u2606Rad_Jhin\n|t:|1776050291\n|gametype|doubles\n|player|p1|Turnip7|janitor|1084\n|player|p2|Rad_Jhin|169|1140\n|gen|9\n|tier|[Gen 9 Champions] VGC 2026 Reg M-A\n|rated|\n|rule|Species Clause: Limit one of each Pok\u00e9mon\n|rule|Item Clause: Limit 1 of each item\n|clearpoke\n|poke|p1|Skarmory, L50, M|\n|poke|p1|Sneasler, L50, F|\n|poke|p1|Rhyperior, L50, F|\n|poke|p1|Gyarados, L50, F|\n|poke|p1|Sinistcha-Masterpiece, L50|\n|poke|p1|Alcremie-Mint-Cream, L50, F|\n|poke|p2|Starmie, L50|\n|poke|p2|Sneasler, L50, F|\n|poke|p2|Archaludon, L50, F|\n|poke|p2|Pelipper, L50, F|\n|poke|p2|Basculegion, L50, M|\n|poke|p2|Sinistcha, L50|\n|teampreview|4\n|inactive|Battle timer is ON: inactive players will automatically lose when time's up. (requested by Turnip7)\n|\n|t:|1776050344\n|teamsize|p1|4\n|teamsize|p2|4\n|start\n|switch|p1a: Yuji Itadori|Skarmory, L50, M|100/100\n|switch|p1b: Alcremie|Alcremie-Mint-Cream, L50, F|100/100\n|switch|p2a: Sneasler|Sneasler, L50, F|100/100\n|switch|p2b: Basculegion|Basculegion, L50, M|100/100\n|turn|1\n|inactive|Rad_Jhin has 30 seconds left.\n|\n|t:|1776050379\n|switch|p2b: Archaludon|Archaludon, L50, F|100/100\n|switch|p1b: Rhyperior|Rhyperior, L50, F|100/100\n|move|p2a: Sneasler|Fake Out|p1a: Yuji Itadori\n|-resisted|p1a: Yuji Itadori|1\n|-damage|p1a: Yuji Itadori|93/100\n|-ability|p1a: Yuji Itadori|Weak Armor|boost\n|-unboost|p1a: Yuji Itadori|def|1\n|-boost|p1a: Yuji Itadori|spe|2\n|cant|p1a: Yuji Itadori|flinch\n|\n|upkeep\n|turn|2\n|\n|t:|1776050400\n|detailschange|p1a: Yuji Itadori|Skarmory-Mega, L50, M\n|-mega|p1a: Yuji Itadori|Skarmory|Skarmorite\n|move|p2b: Archaludon|Protect|p2b: Archaludon\n|-singleturn|p2b: Archaludon|Protect\n|move|p1a: Yuji Itadori|Tailwind|p1a: Yuji Itadori\n|-sidestart|p1: Turnip7|move: Tailwind\n|move|p2a: Sneasler|Close Combat|p1b: Rhyperior\n|-supereffective|p1b: Rhyperior|1\n|-damage|p1b: Rhyperior|19/100\n|-unboost|p2a: Sneasler|def|1\n|-unboost|p2a: Sneasler|spd|1\n|move|p1b: Rhyperior|Curse|p1b: Rhyperior\n|-unboost|p1b: Rhyperior|spe|1\n|-boost|p1b: Rhyperior|atk|1\n|-boost|p1b: Rhyperior|def|1\n|\n|-heal|p1b: Rhyperior|24/100|[from] item: Leftovers\n|upkeep\n|turn|3\n|inactive|Rad_Jhin has 30 seconds left.\n|inactive|Rad_Jhin has 20 seconds left.\n|\n|t:|1776050436\n|switch|p2a: Pelipper|Pelipper, L50, F|100/100\n|-weather|RainDance|[from] ability: Drizzle|[of] p2a: Pelipper\n|move|p1a: Yuji Itadori|Iron Head|p2a: Pelipper\n|-resisted|p2a: Pelipper|1\n|-damage|p2a: Pelipper|69/100\n|move|p2b: Archaludon|Electro Shot||[still]\n|-activate|p1b: Rhyperior|ability: Lightning Rod\n|-prepare|p2b: Archaludon|Electro Shot\n|-boost|p2b: Archaludon|spa|1\n|-anim|p2b: Archaludon|Electro Shot|p1b: Rhyperior\n|-ability|p1b: Rhyperior|Lightning Rod|boost\n|-boost|p1b: Rhyperior|spa|1\n|move|p1b: Rhyperior|Earthquake|p2a: Pelipper|[spread] p2b\n|-immune|p1a: Yuji Itadori\n|-immune|p2a: Pelipper\n|-supereffective|p2b: Archaludon|1\n|-damage|p2b: Archaludon|0 fnt\n|faint|p2b: Archaludon\n|\n|-weather|RainDance|[upkeep]\n|-heal|p1b: Rhyperior|30/100|[from] item: Leftovers\n|upkeep\n|\n|t:|1776050450\n|switch|p2b: Basculegion|Basculegion, L50, M|100/100\n|turn|4\n|\n|t:|1776050470\n|switch|p1b: Sinistcha|Sinistcha-Masterpiece, L50|100/100\n|-heal|p1a: Yuji Itadori|100/100|[from] ability: Hospitality|[of] p1b: Sinistcha\n|move|p2b: Basculegion|Aqua Jet|p1b: Sinistcha\n|-resisted|p1b: Sinistcha|1\n|-damage|p1b: Sinistcha|85/100\n|move|p1a: Yuji Itadori|Brave Bird|p2b: Basculegion\n|-crit|p2b: Basculegion\n|-damage|p2b: Basculegion|0 fnt\n|faint|p2b: Basculegion\n|-damage|p1a: Yuji Itadori|55/100|[from] Recoil\n|move|p2a: Pelipper|Tailwind|p2a: Pelipper\n|-sidestart|p2: Rad_Jhin|move: Tailwind\n|\n|-weather|RainDance|[upkeep]\n|upkeep\n|\n|t:|1776050479\n|switch|p2b: Sneasler|Sneasler, L50, F|100/100\n|turn|5\n|\n|t:|1776050502\n|switch|p1b: Rhyperior|Rhyperior, L50, F|30/100\n|move|p1a: Yuji Itadori|Protect|p1a: Yuji Itadori\n|-singleturn|p1a: Yuji Itadori|Protect\n|move|p2b: Sneasler|Fake Out|p1a: Yuji Itadori\n|-activate|p1a: Yuji Itadori|move: Protect\n|move|p2a: Pelipper|Weather Ball|p1a: Yuji Itadori\n|-activate|p1a: Yuji Itadori|move: Protect\n|\n|-weather|RainDance|[upkeep]\n|-heal|p1b: Rhyperior|36/100|[from] item: Leftovers\n|-sideend|p1: Turnip7|move: Tailwind\n|upkeep\n|turn|6\n|inactive|Turnip7 has 30 seconds left.\n|inactive|Turnip7 has 20 seconds left.\n|inactive|Turnip7 has 15 seconds left.\n|\n|t:|1776050543\n|switch|p1a: Sinistcha|Sinistcha-Masterpiece, L50|85/100\n|-heal|p1b: Rhyperior|61/100|[from] ability: Hospitality|[of] p1a: Sinistcha\n|move|p1b: Rhyperior|Protect|p1b: Rhyperior\n|-singleturn|p1b: Rhyperior|Protect\n|move|p2b: Sneasler|Close Combat|p1a: Sinistcha\n|-immune|p1a: Sinistcha\n|move|p2a: Pelipper|Weather Ball|p1b: Rhyperior\n|-activate|p1b: Rhyperior|move: Protect\n|\n|-weather|RainDance|[upkeep]\n|-heal|p1b: Rhyperior|67/100|[from] item: Leftovers\n|upkeep\n|turn|7\n|c|\u2606Rad_Jhin|aight gang, this is low ladder\n|c|\u2606Rad_Jhin|like take it easy on me\n|inactive|Rad_Jhin has 30 seconds left.\n|c|\u2606Turnip7|mb gang\n|inactive|Rad_Jhin has 20 seconds left.\n|inactive|Rad_Jhin has 15 seconds left.\n|inactive|Rad_Jhin has 10 seconds left.\n|\n|t:|1776050589\n|move|p1a: Sinistcha|Rage Powder|p1a: Sinistcha\n|-singleturn|p1a: Sinistcha|move: Rage Powder\n|move|p2b: Sneasler|Close Combat|p1a: Sinistcha\n|-immune|p1a: Sinistcha\n|move|p2a: Pelipper|Hurricane|p1a: Sinistcha\n|-supereffective|p1a: Sinistcha|1\n|-damage|p1a: Sinistcha|0 fnt\n|faint|p1a: Sinistcha\n|move|p1b: Rhyperior|Rock Slide|p2a: Pelipper|[spread] p2a,p2b\n|-supereffective|p2a: Pelipper|1\n|-resisted|p2b: Sneasler|1\n|-damage|p2a: Pelipper|0 fnt\n|-damage|p2b: Sneasler|72/100\n|faint|p2a: Pelipper\n|\n|-weather|none\n|-heal|p1b: Rhyperior|73/100|[from] item: Leftovers\n|-sideend|p2: Rad_Jhin|move: Tailwind\n|upkeep\n|c|\u2606Rad_Jhin|ggs\n|c|\u2606Turnip7|gg\n|-message|Rad_Jhin forfeited.\n|\n|win|Turnip7\n|raw|Turnip7's rating: 1084 &rarr; <strong>1116</strong><br />(+32 for winning)\n|raw|Rad_Jhin's rating: 1140 &rarr; <strong>1111</strong><br />(-29 for losing)\n|l|\u2606Rad_Jhin\n|player|p2|\n",
  "uploadtime": 1776050615,
  "views": 15,
  "formatid": "gen9championsvgc2026regma",
  "rating": 1111,
  "private": 0,
  "password": null
}