{
  "id": "gen9championsvgc2026regma-2580828552",
  "format": "[Gen 9 Champions] VGC 2026 Reg M-A",
  "players": [
    "MBrand",
    "OrugaVeluga"
  ],
  "log": "|j|\u2606MBrand\n|j|\u2606OrugaVeluga\n|t:|1775935815\n|gametype|doubles\n|player|p1|MBrand|102|1026\n|player|p2|OrugaVeluga|265|1118\n|gen|9\n|tier|[Gen 9 Champions] VGC 2026 Reg M-A\n|rated|\n|rule|Species Clause: Limit one of each Pok\u00e9mon\n|rule|Item Clause: Limit 1 of each item\n|clearpoke\n|poke|p1|Gardevoir, L50, M|\n|poke|p1|Garganacl, L50, F|\n|poke|p1|Meowscarada, L50, F|\n|poke|p1|Tyranitar, L50, F|\n|poke|p1|Sinistcha, L50|\n|poke|p1|Incineroar, L50, M|\n|poke|p2|Farigiraf, L50, M|\n|poke|p2|Hatterene, L50, F|\n|poke|p2|Kingambit, L50, M|\n|poke|p2|Chesnaught, L50, F|\n|poke|p2|Primarina, L50, F|\n|poke|p2|Torkoal, L50, M|\n|teampreview|4\n|\n|t:|1775935841\n|teamsize|p1|4\n|teamsize|p2|4\n|start\n|switch|p1a: Meowscarada|Meowscarada, L50, F|100/100\n|switch|p1b: Gardevoir|Gardevoir, L50, M|100/100\n|switch|p2a: Farigiraf|Farigiraf, L50, M|100/100\n|switch|p2b: Chesnaught|Chesnaught, L50, F|100/100\n|-ability|p1b: Gardevoir|Bulletproof|Trace|[from] ability: Trace|[of] p2b: Chesnaught\n|turn|1\n|inactive|Battle timer is ON: inactive players will automatically lose when time's up. (requested by OrugaVeluga)\n|inactive|MBrand has 60 seconds left.\n|\n|t:|1775935876\n|detailschange|p1b: Gardevoir|Gardevoir-Mega, L50, M\n|-mega|p1b: Gardevoir|Gardevoir|Gardevoirite\n|detailschange|p2b: Chesnaught|Chesnaught-Mega, L50, F\n|-mega|p2b: Chesnaught|Chesnaught|Chesnaughtite\n|move|p1a: Meowscarada|Acrobatics|p2b: Chesnaught\n|-start|p1a: Meowscarada|typechange|Flying|[from] ability: Protean\n|-supereffective|p2b: Chesnaught|2\n|-damage|p2b: Chesnaught|0 fnt\n|faint|p2b: Chesnaught\n|move|p1b: Gardevoir|Trick Room|p1b: Gardevoir\n|-fieldstart|move: Trick Room|[of] p1b: Gardevoir\n|move|p2a: Farigiraf|Trick Room|p2a: Farigiraf\n|-fieldend|move: Trick Room\n|\n|upkeep\n|\n|t:|1775935886\n|switch|p2b: Kingambit|Kingambit, L50, M|100/100\n|turn|2\n|\n|t:|1775935902\n|move|p1b: Gardevoir|Protect|p1b: Gardevoir\n|-singleturn|p1b: Gardevoir|Protect\n|move|p1a: Meowscarada|Low Kick|p2b: Kingambit\n|-supereffective|p2b: Kingambit|2\n|-enditem|p2b: Kingambit|Chople Berry|[eat]\n|-enditem|p2b: Kingambit|Chople Berry|[weaken]\n|-damage|p2b: Kingambit|54/100\n|move|p2b: Kingambit|Swords Dance|p2b: Kingambit\n|-boost|p2b: Kingambit|atk|2\n|move|p2a: Farigiraf|Trick Room|p2a: Farigiraf\n|-fieldstart|move: Trick Room|[of] p2a: Farigiraf\n|\n|upkeep\n|turn|3\n|inactive|MBrand has 30 seconds left.\n|inactive|OrugaVeluga has 30 seconds left.\n|inactive|MBrand has 20 seconds left.\n|\n|t:|1775935937\n|switch|p2a: Torkoal|Torkoal, L50, M|100/100\n|-weather|SunnyDay|[from] ability: Drought|[of] p2a: Torkoal\n|switch|p1b: Sinistcha|Sinistcha, L50|100/100\n|move|p2b: Kingambit|Kowtow Cleave|p1a: Meowscarada\n|-damage|p1a: Meowscarada|0 fnt\n|faint|p1a: Meowscarada\n|\n|-weather|SunnyDay|[upkeep]\n|upkeep\n|\n|t:|1775935950\n|switch|p1a: Garganacl|Garganacl, L50, F|100/100\n|turn|4\n|\n|t:|1775935973\n|move|p1b: Sinistcha|Rage Powder|p1b: Sinistcha\n|-singleturn|p1b: Sinistcha|move: Rage Powder\n|move|p2a: Torkoal|Eruption|p1a: Garganacl|[spread] p1a,p1b\n|-resisted|p1a: Garganacl|1\n|-supereffective|p1b: Sinistcha|1\n|-damage|p1a: Garganacl|62/100\n|-damage|p1b: Sinistcha|0 fnt\n|faint|p1b: Sinistcha\n|move|p1a: Garganacl|Body Press|p2b: Kingambit\n|-supereffective|p2b: Kingambit|2\n|-damage|p2b: Kingambit|0 fnt\n|faint|p2b: Kingambit\n|\n|-weather|SunnyDay|[upkeep]\n|-heal|p1a: Garganacl|68/100|[from] item: Leftovers\n|upkeep\n|\n|t:|1775935987\n|switch|p2b: Farigiraf|Farigiraf, L50, M|100/100\n|switch|p1b: Gardevoir|Gardevoir-Mega, L50, M|100/100\n|turn|5\n|inactive|MBrand has 30 seconds left.\n|inactive|OrugaVeluga has 30 seconds left.\n|\n|t:|1775936019\n|move|p2a: Torkoal|Eruption|p1b: Gardevoir|[spread] p1a,p1b\n|-resisted|p1a: Garganacl|1\n|-damage|p1a: Garganacl|32/100\n|-damage|p1b: Gardevoir|25/100\n|move|p1a: Garganacl|Salt Cure|p2b: Farigiraf\n|-damage|p2b: Farigiraf|88/100\n|-start|p2b: Farigiraf|Salt Cure\n|move|p2b: Farigiraf|Psychic|p1a: Garganacl\n|-damage|p1a: Garganacl|1/100\n|move|p1b: Gardevoir|Hyper Voice|p2a: Torkoal|[spread] p2a,p2b\n|-resisted|p2a: Torkoal|1\n|-damage|p2a: Torkoal|64/100\n|-damage|p2b: Farigiraf|33/100\n|\n|-weather|SunnyDay|[upkeep]\n|-heal|p1a: Garganacl|7/100|[from] item: Leftovers\n|-damage|p2b: Farigiraf|27/100|[from] Salt Cure\n|upkeep\n|turn|6\n|inactive|MBrand has 30 seconds left.\n|\n|t:|1775936047\n|move|p1a: Garganacl|Protect|p1a: Garganacl\n|-singleturn|p1a: Garganacl|Protect\n|move|p1b: Gardevoir|Protect|p1b: Gardevoir\n|-singleturn|p1b: Gardevoir|Protect\n|move|p2a: Torkoal|Eruption|p1b: Gardevoir|[spread] \n|-activate|p1a: Garganacl|move: Protect\n|-activate|p1b: Gardevoir|move: Protect\n|move|p2b: Farigiraf|Foul Play|p1a: Garganacl\n|-activate|p1a: Garganacl|move: Protect\n|\n|-weather|SunnyDay|[upkeep]\n|-heal|p1a: Garganacl|13/100|[from] item: Leftovers\n|-damage|p2b: Farigiraf|21/100|[from] Salt Cure\n|-fieldend|move: Trick Room\n|upkeep\n|turn|7\n|inactive|MBrand has 30 seconds left.\n|inactive|MBrand has 20 seconds left.\n|inactive|OrugaVeluga has 30 seconds left.\n|inactive|MBrand has 15 seconds left.\n|inactive|MBrand has 10 seconds left.\n|\n|t:|1775936094\n|move|p1b: Gardevoir|Psychic|p2a: Torkoal\n|-damage|p2a: Torkoal|0 fnt\n|faint|p2a: Torkoal\n|move|p1a: Garganacl|Salt Cure|p2b: Farigiraf\n|-damage|p2b: Farigiraf|10/100\n|move|p2b: Farigiraf|Trick Room|p2b: Farigiraf\n|-fieldstart|move: Trick Room|[of] p2b: Farigiraf\n|\n|-weather|none\n|-heal|p1a: Garganacl|19/100|[from] item: Leftovers\n|-damage|p2b: Farigiraf|4/100|[from] Salt Cure\n|upkeep\n|turn|8\n|-message|OrugaVeluga forfeited.\n|\n|win|MBrand\n|raw|MBrand's rating: 1026 &rarr; <strong>1071</strong><br />(+45 for winning)\n|raw|OrugaVeluga's rating: 1118 &rarr; <strong>1087</strong><br />(-31 for losing)\n",
  "uploadtime": 1775936104,
  "views": 12,
  "formatid": "gen9championsvgc2026regma",
  "rating": 1071,
  "private": 0,
  "password": null
}