{
  "id": "gen9championsvgc2026regma-2585647100",
  "format": "[Gen 9 Champions] VGC 2026 Reg M-A",
  "players": [
    "kolanion",
    "Marcio Lira"
  ],
  "log": "|j|\u2606kolanion\n|j|\u2606Marcio Lira\n|t:|1776361064\n|gametype|doubles\n|player|p1|kolanion|swimmer|1215\n|player|p2|Marcio Lira|bugcatcher-gen4dp|1202\n|gen|9\n|tier|[Gen 9 Champions] VGC 2026 Reg M-A\n|rated|\n|rule|Species Clause: Limit one of each Pok\u00e9mon\n|rule|Item Clause: Limit 1 of each item\n|clearpoke\n|poke|p1|Oranguru, L50, F|\n|poke|p1|Drampa, L50, F|\n|poke|p1|Pelipper, L50, M|\n|poke|p1|Farigiraf, L50, M|\n|poke|p1|Torkoal, L50, M|\n|poke|p1|Camerupt, L50, M|\n|poke|p2|Dragonite, L50, M|\n|poke|p2|Pelipper, L50, F|\n|poke|p2|Tinkaton, L50, F|\n|poke|p2|Archaludon, L50, M|\n|poke|p2|Basculegion, L50, M|\n|poke|p2|Gliscor, L50, M|\n|teampreview|4\n|inactive|Battle timer is ON: inactive players will automatically lose when time's up. (requested by kolanion)\n|inactive|Marcio Lira has 60 seconds left.\n|\n|t:|1776361115\n|teamsize|p1|4\n|teamsize|p2|4\n|start\n|switch|p1a: Oranguru|Oranguru, L50, F|100/100\n|switch|p1b: Drampa|Drampa, L50, F, shiny|100/100\n|switch|p2a: Tinkaton|Tinkaton, L50, F|100/100\n|switch|p2b: Basculegion|Basculegion, L50, M|100/100\n|-ability|p2a: Tinkaton|Mold Breaker\n|turn|1\n|\n|t:|1776361134\n|move|p1b: Drampa|Protect|p1b: Drampa\n|-singleturn|p1b: Drampa|Protect\n|move|p2a: Tinkaton|Fake Out|p1a: Oranguru\n|-damage|p1a: Oranguru|92/100\n|move|p2b: Basculegion|Flip Turn|p1a: Oranguru\n|-damage|p1a: Oranguru|59/100\n|\n|t:|1776361144\n|switch|p2b: Pelipper|Pelipper, L50, F|100/100|[from] Flip Turn\n|-weather|RainDance|[from] ability: Drizzle|[of] p2b: Pelipper\n|cant|p1a: Oranguru|flinch\n|\n|-weather|RainDance|[upkeep]\n|upkeep\n|turn|2\n|\n|t:|1776361157\n|detailschange|p1b: Drampa|Drampa-Mega, L50, F, shiny\n|-mega|p1b: Drampa|Drampa|Drampanite\n|move|p2a: Tinkaton|Gigaton Hammer|p1a: Oranguru\n|-damage|p1a: Oranguru|0 fnt\n|faint|p1a: Oranguru\n|move|p2b: Pelipper|Hurricane|p1b: Drampa\n|-damage|p1b: Drampa|57/100\n|-start|p1b: Drampa|confusion\n|-activate|p1b: Drampa|confusion\n|-damage|p1b: Drampa|50/100|[from] confusion\n|\n|-weather|RainDance|[upkeep]\n|upkeep\n|\n|t:|1776361162\n|switch|p1a: Farigiraf|Farigiraf, L50, M|100/100\n|turn|3\n|c|\u2606kolanion|berserk taking a field day\n|\n|t:|1776361179\n|-end|p1b: Drampa|confusion\n|move|p1b: Drampa|Protect|p1b: Drampa\n|-singleturn|p1b: Drampa|Protect\n|move|p2a: Tinkaton|Play Rough|p1a: Farigiraf\n|-damage|p1a: Farigiraf|65/100\n|move|p2b: Pelipper|Hurricane|p1a: Farigiraf\n|-damage|p1a: Farigiraf|12/100\n|move|p1a: Farigiraf|Trick Room|p1a: Farigiraf\n|-fieldstart|move: Trick Room|[of] p1a: Farigiraf\n|\n|-weather|RainDance|[upkeep]\n|upkeep\n|turn|4\n|inactive|Marcio Lira has 30 seconds left.\n|\n|t:|1776361208\n|move|p2b: Pelipper|Protect|p2b: Pelipper\n|-singleturn|p2b: Pelipper|Protect\n|move|p2a: Tinkaton|Protect|p2a: Tinkaton\n|-singleturn|p2a: Tinkaton|Protect\n|move|p1b: Drampa|Surf|p2a: Tinkaton|[spread] p1a\n|-activate|p2a: Tinkaton|move: Protect\n|-activate|p2b: Pelipper|move: Protect\n|-damage|p1a: Farigiraf|0 fnt\n|faint|p1a: Farigiraf\n|\n|-weather|RainDance|[upkeep]\n|upkeep\n|\n|t:|1776361212\n|switch|p1a: Pelipper|Pelipper, L50, M|100/100\n|turn|5\n|\n|t:|1776361228\n|move|p1b: Drampa|Surf|p2a: Tinkaton|[spread] p1a,p2a,p2b\n|-resisted|p1a: Pelipper|1\n|-resisted|p2b: Pelipper|1\n|-damage|p1a: Pelipper|75/100\n|-damage|p2a: Tinkaton|57/100\n|-damage|p2b: Pelipper|69/100\n|move|p1a: Pelipper|Weather Ball|p2a: Tinkaton\n|-damage|p2a: Tinkaton|4/100\n|move|p2b: Pelipper|Hurricane|p1b: Drampa\n|-damage|p1b: Drampa|0 fnt\n|faint|p1b: Drampa\n|move|p2a: Tinkaton|Gigaton Hammer|p1a: Pelipper\n|-resisted|p1a: Pelipper|1\n|-damage|p1a: Pelipper|29/100\n|-enditem|p1a: Pelipper|Sitrus Berry|[eat]\n|-heal|p1a: Pelipper|54/100|[from] item: Sitrus Berry\n|\n|-weather|none\n|upkeep\n|turn|6\n|-message|kolanion forfeited.\n|\n|win|Marcio Lira\n|raw|kolanion's rating: 1215 &rarr; <strong>1189</strong><br />(-26 for losing)\n|raw|Marcio Lira's rating: 1202 &rarr; <strong>1228</strong><br />(+26 for winning)\n|l|\u2606kolanion\n|player|p1|\n",
  "uploadtime": 1776361249,
  "views": 26,
  "formatid": "gen9championsvgc2026regma",
  "rating": 1189,
  "private": 0,
  "password": null
}