{
  "id": "gen9championsvgc2026regma-2581918241",
  "format": "[Gen 9 Champions] VGC 2026 Reg M-A",
  "players": [
    "sheikhswampert",
    "JeanPierre693"
  ],
  "log": "|j|\u2606sheikhswampert\n|j|\u2606JeanPierre693\n|t:|1776039652\n|gametype|doubles\n|player|p1|sheikhswampert|volkner|1150\n|player|p2|JeanPierre693|266|1058\n|gen|9\n|tier|[Gen 9 Champions] VGC 2026 Reg M-A\n|rated|\n|rule|Species Clause: Limit one of each Pok\u00e9mon\n|rule|Item Clause: Limit 1 of each item\n|clearpoke\n|poke|p1|Sneasler, L50, M|\n|poke|p1|Froslass, L50, F|\n|poke|p1|Kingambit, L50, M|\n|poke|p1|Dragonite, L50, F|\n|poke|p1|Hydreigon, L50, M|\n|poke|p1|Slowking-Galar, L50, F|\n|poke|p2|Glaceon, L50, M|\n|poke|p2|Starmie, L50|\n|poke|p2|Goodra, L50, M|\n|poke|p2|Abomasnow, L50, F|\n|poke|p2|Politoed, L50, F|\n|poke|p2|Tauros-Paldea-Aqua, L50, M|\n|teampreview|4\nsheikhswampert has agreed to open team sheets.\n|\n|t:|1776039689\n|teamsize|p1|4\n|teamsize|p2|4\n|start\n|switch|p1a: Sneasler|Sneasler, L50, M|100/100\n|switch|p1b: Froslass|Froslass, L50, F, shiny|100/100\n|switch|p2a: Abomasnow|Abomasnow, L50, F|100/100\n|switch|p2b: Tauros|Tauros-Paldea-Aqua, L50, M|100/100\n|-ability|p2b: Tauros|Intimidate|boost\n|-unboost|p1a: Sneasler|atk|1\n|-unboost|p1b: Froslass|atk|1\n|-weather|Snowscape|[from] ability: Snow Warning|[of] p2a: Abomasnow\n|turn|1\n|\n|t:|1776039723\n|detailschange|p1b: Froslass|Froslass-Mega, L50, F, shiny\n|-mega|p1b: Froslass|Froslass|Froslassite\n|move|p2a: Abomasnow|Protect|p2a: Abomasnow\n|-singleturn|p2a: Abomasnow|Protect\n|move|p1a: Sneasler|Fake Out|p2b: Tauros\n|-damage|p2b: Tauros|89/100\n|move|p1b: Froslass|Aurora Veil|p1b: Froslass\n|-sidestart|p1: sheikhswampert|move: Aurora Veil\n|cant|p2b: Tauros|flinch\n|\n|-weather|Snowscape|[upkeep]\n|upkeep\n|turn|2\n|\n|t:|1776039743\n|switch|p2b: Glaceon|Glaceon, L50, M|100/100\n|move|p1a: Sneasler|Dire Claw|p2a: Abomasnow\n|-supereffective|p2a: Abomasnow|1\n|-damage|p2a: Abomasnow|60/100\n|move|p1b: Froslass|Shadow Ball|p2b: Glaceon\n|-damage|p2b: Glaceon|52/100\n|move|p2a: Abomasnow|Aurora Veil|p2a: Abomasnow\n|-sidestart|p2: JeanPierre693|move: Aurora Veil\n|\n|-weather|Snowscape|[upkeep]\n|-heal|p2b: Glaceon|57/100|[from] ability: Ice Body\n|-heal|p2b: Glaceon|63/100|[from] item: Leftovers\n|upkeep\n|turn|3\n|\n|t:|1776039769\n|detailschange|p2a: Abomasnow|Abomasnow-Mega, L50, F\n|-mega|p2a: Abomasnow|Abomasnow|Abomasite\n|move|p1a: Sneasler|Dire Claw|p2a: Abomasnow\n|-supereffective|p2a: Abomasnow|1\n|-damage|p2a: Abomasnow|38/100\n|move|p1b: Froslass|Shadow Ball|p2b: Glaceon\n|-damage|p2b: Glaceon|31/100\n|move|p2b: Glaceon|Blizzard|p1b: Froslass|[spread] p1a,p1b\n|-resisted|p1b: Froslass|1\n|-damage|p1a: Sneasler|59/100\n|-damage|p1b: Froslass|82/100\n|move|p2a: Abomasnow|Giga Drain|p1b: Froslass\n|-damage|p1b: Froslass|54/100\n|-heal|p2a: Abomasnow|48/100|[from] drain|[of] p1b: Froslass\n|\n|-weather|Snowscape|[upkeep]\n|-heal|p2b: Glaceon|37/100|[from] ability: Ice Body\n|-heal|p2b: Glaceon|43/100|[from] item: Leftovers\n|upkeep\n|turn|4\n|\n|t:|1776039811\n|move|p2b: Glaceon|Protect|p2b: Glaceon\n|-singleturn|p2b: Glaceon|Protect\n|move|p2a: Abomasnow|Protect|p2a: Abomasnow\n|-singleturn|p2a: Abomasnow|Protect\n|move|p1b: Froslass|Blizzard|p2b: Glaceon|[spread] \n|-activate|p2a: Abomasnow|move: Protect\n|-activate|p2b: Glaceon|move: Protect\n|move|p1a: Sneasler|Close Combat|p2a: Abomasnow\n|-activate|p2a: Abomasnow|move: Protect\n|\n|-weather|Snowscape|[upkeep]\n|-heal|p2b: Glaceon|49/100|[from] ability: Ice Body\n|-heal|p2b: Glaceon|55/100|[from] item: Leftovers\n|upkeep\n|turn|5\n|\n|t:|1776039843\n|switch|p2a: Politoed|Politoed, L50, F|100/100\n|-weather|RainDance|[from] ability: Drizzle|[of] p2a: Politoed\n|move|p1b: Froslass|Shadow Ball|p2a: Politoed\n|-crit|p2a: Politoed\n|-damage|p2a: Politoed|42/100\n|move|p1a: Sneasler|Close Combat|p2a: Politoed\n|-damage|p2a: Politoed|19/100\n|-unboost|p1a: Sneasler|def|1\n|-unboost|p1a: Sneasler|spd|1\n|move|p2b: Glaceon|Weather Ball|p1b: Froslass\n|-damage|p1b: Froslass|3/100\n|\n|-weather|RainDance|[upkeep]\n|-heal|p2b: Glaceon|60/100|[from] item: Leftovers\n|-sideend|p1: sheikhswampert|move: Aurora Veil\n|upkeep\n|turn|6\n|\n|t:|1776039873\n|move|p1b: Froslass|Protect|p1b: Froslass\n|-singleturn|p1b: Froslass|Protect\n|move|p2a: Politoed|Protect|p2a: Politoed\n|-singleturn|p2a: Politoed|Protect\n|move|p1a: Sneasler|Dire Claw|p2a: Politoed\n|-activate|p2a: Politoed|move: Protect\n|move|p2b: Glaceon|Weather Ball|p1a: Sneasler\n|-damage|p1a: Sneasler|0 fnt\n|faint|p1a: Sneasler\n|\n|-weather|RainDance|[upkeep]\n|-heal|p2b: Glaceon|66/100|[from] item: Leftovers\n|-sideend|p2: JeanPierre693|move: Aurora Veil\n|upkeep\n|\n|t:|1776039890\n|switch|p1a: Hydreigon|Hydreigon, L50, M|100/100\n|turn|7\n|inactive|Battle timer is ON: inactive players will automatically lose when time's up. (requested by sheikhswampert)\n|\n|t:|1776039913\n|switch|p2a: Abomasnow|Abomasnow-Mega, L50, F|48/100\n|-weather|Snowscape|[from] ability: Snow Warning|[of] p2a: Abomasnow\n|move|p1b: Froslass|Shadow Ball|p2a: Abomasnow\n|-damage|p2a: Abomasnow|9/100\n|-unboost|p2a: Abomasnow|spd|1\n|move|p1a: Hydreigon|Flash Cannon|p2b: Glaceon\n|-supereffective|p2b: Glaceon|1\n|-damage|p2b: Glaceon|12/100\n|move|p2b: Glaceon|Blizzard|p1b: Froslass|[spread] p1a,p1b\n|-supereffective|p1a: Hydreigon|1\n|-resisted|p1b: Froslass|1\n|-damage|p1a: Hydreigon|0 fnt\n|-damage|p1b: Froslass|0 fnt\n|faint|p1a: Hydreigon\n|faint|p1b: Froslass\n|\n|-weather|Snowscape|[upkeep]\n|-heal|p2b: Glaceon|17/100|[from] ability: Ice Body\n|-heal|p2b: Glaceon|23/100|[from] item: Leftovers\n|upkeep\n|\n|t:|1776039938\n|switch|p1a: Kingambit|Kingambit, L50, M|100/100\n|turn|8\n|inactive|JeanPierre693 has 30 seconds left.\n|inactive|JeanPierre693 has 20 seconds left.\n|inactive|JeanPierre693 has 15 seconds left.\n|\n|t:|1776039978\n|switch|p2a: Politoed|Politoed, L50, F|19/100\n|-weather|RainDance|[from] ability: Drizzle|[of] p2a: Politoed\n|move|p2b: Glaceon|Weather Ball|p1a: Kingambit\n|-damage|p1a: Kingambit|39/100\n|move|p1a: Kingambit|Brick Break|p2a: Politoed\n|-damage|p2a: Politoed|0 fnt\n|faint|p2a: Politoed\n|\n|-weather|RainDance|[upkeep]\n|-heal|p2b: Glaceon|29/100|[from] item: Leftovers\n|upkeep\n|\n|t:|1776039993\n|switch|p2a: Tauros|Tauros-Paldea-Aqua, L50, M|89/100\n|-ability|p2a: Tauros|Intimidate|boost\n|-unboost|p1a: Kingambit|atk|1\n|-ability|p1a: Kingambit|Defiant|boost\n|-boost|p1a: Kingambit|atk|2\n|turn|9\n|\n|t:|1776040007\n|move|p1a: Kingambit|Sucker Punch|p2b: Glaceon\n|-damage|p2b: Glaceon|0 fnt\n|faint|p2b: Glaceon\n|move|p2a: Tauros|Liquidation|p1a: Kingambit\n|-damage|p1a: Kingambit|0 fnt\n|faint|p1a: Kingambit\n|\n|win|JeanPierre693\n|raw|sheikhswampert's rating: 1150 &rarr; <strong>1119</strong><br />(-31 for losing)\n|raw|JeanPierre693's rating: 1058 &rarr; <strong>1097</strong><br />(+39 for winning)\n|l|\u2606sheikhswampert\n|player|p1|\n",
  "uploadtime": 1776040036,
  "views": 13,
  "formatid": "gen9championsvgc2026regma",
  "rating": 1097,
  "private": 0,
  "password": null
}