{
  "id": "gen9championsvgc2026regma-2583458721",
  "format": "[Gen 9 Champions] VGC 2026 Reg M-A",
  "players": [
    "ferenainexi",
    "randomnetcom"
  ],
  "log": "|j|\u2606ferenainexi\n|j|\u2606randomnetcom\n|t:|1776176983\n|gametype|doubles\n|player|p1|ferenainexi|scientistf|1070\n|player|p2|randomnetcom|n|1121\n|gen|9\n|tier|[Gen 9 Champions] VGC 2026 Reg M-A\n|rated|\n|rule|Species Clause: Limit one of each Pok\u00e9mon\n|rule|Item Clause: Limit 1 of each item\n|clearpoke\n|poke|p1|Heracross, L50, F|\n|poke|p1|Vivillon, L50, F|\n|poke|p1|Kleavor, L50, M|\n|poke|p1|Clawitzer, L50, F|\n|poke|p1|Scizor, L50, M|\n|poke|p1|Ariados, L50, M|\n|poke|p2|Golurk, L50|\n|poke|p2|Farigiraf, L50, M|\n|poke|p2|Incineroar, L50, F|\n|poke|p2|Sylveon, L50, M|\n|poke|p2|Gengar, L50, F|\n|poke|p2|Palafin, L50, M|\n|teampreview|4\n|inactive|Battle timer is ON: inactive players will automatically lose when time's up. (requested by randomnetcom)\n|inactive|randomnetcom has 60 seconds left.\n|\n|t:|1776177022\n|teamsize|p1|4\n|teamsize|p2|4\n|start\n|switch|p1a: Vivillon|Vivillon, L50, F|100/100\n|switch|p1b: Kleavor|Kleavor, L50, M|100/100\n|switch|p2a: Farigiraf|Farigiraf, L50, M, shiny|100/100\n|switch|p2b: Palafin|Palafin, L50, M, shiny|100/100\n|turn|1\n|inactive|ferenainexi has 30 seconds left.\n|\n|t:|1776177052\n|move|p1a: Vivillon|Sleep Powder|p2a: Farigiraf\n|-status|p2a: Farigiraf|slp|[from] move: Sleep Powder\n|move|p1b: Kleavor|Stone Axe|p2a: Farigiraf\n|-damage|p2a: Farigiraf|42/100 slp\n|-sidestart|p2: randomnetcom|move: Stealth Rock\n|move|p2b: Palafin|Flip Turn|p1b: Kleavor\n|-supereffective|p1b: Kleavor|1\n|-damage|p1b: Kleavor|56/100\n|\n|t:|1776177055\n|detailschange|p2b: Palafin|Palafin-Hero, L50, M, shiny\n|switch|p2b: Incineroar|Incineroar, L50, F, shiny|100/100|[from] Flip Turn\n|-damage|p2b: Incineroar|76/100|[from] Stealth Rock\n|-ability|p2b: Incineroar|Intimidate|boost\n|-unboost|p1a: Vivillon|atk|1\n|-unboost|p1b: Kleavor|atk|1\n|cant|p2a: Farigiraf|slp\n|\n|-heal|p2a: Farigiraf|48/100 slp|[from] item: Leftovers\n|upkeep\n|turn|2\n|\n|t:|1776177072\n|move|p2b: Incineroar|Fake Out|p1a: Vivillon\n|-damage|p1a: Vivillon|79/100\n|cant|p1a: Vivillon|flinch\n|move|p1b: Kleavor|Stone Axe|p2a: Farigiraf\n|-damage|p2a: Farigiraf|11/100 slp\n|cant|p2a: Farigiraf|slp\n|\n|-heal|p2a: Farigiraf|17/100 slp|[from] item: Leftovers\n|upkeep\n|turn|3\n|\n|t:|1776177081\n|move|p1a: Vivillon|Tailwind|p1a: Vivillon\n|-sidestart|p1: ferenainexi|move: Tailwind\n|move|p1b: Kleavor|Rock Slide|p2b: Incineroar|[spread] p2a,p2b\n|-supereffective|p2b: Incineroar|1\n|-damage|p2a: Farigiraf|0 fnt\n|-damage|p2b: Incineroar|39/100\n|faint|p2a: Farigiraf\n|move|p2b: Incineroar|Flare Blitz|p1b: Kleavor\n|-damage|p1b: Kleavor|20/100\n|-damage|p2b: Incineroar|30/100|[from] Recoil\n|\n|upkeep\n|\n|t:|1776177085\n|switch|p2a: Palafin|Palafin-Hero, L50, M, shiny|100/100\n|-damage|p2a: Palafin|88/100|[from] Stealth Rock\n|-activate|p2a: Palafin|ability: Zero to Hero\n|turn|4\n|\n|t:|1776177096\n|move|p2a: Palafin|Jet Punch|p1b: Kleavor\n|-supereffective|p1b: Kleavor|1\n|-damage|p1b: Kleavor|0 fnt\n|faint|p1b: Kleavor\n|move|p1a: Vivillon|Sleep Powder|p2a: Palafin\n|-status|p2a: Palafin|slp|[from] move: Sleep Powder\n|move|p2b: Incineroar|Flare Blitz|p1a: Vivillon\n|-supereffective|p1a: Vivillon|1\n|-damage|p1a: Vivillon|0 fnt\n|faint|p1a: Vivillon\n|-damage|p2b: Incineroar|10/100|[from] Recoil\n|\n|upkeep\n|\n|t:|1776177105\n|switch|p1a: Clawitzer|Clawitzer, L50, F|100/100\n|switch|p1b: Heracross|Heracross, L50, F|100/100\n|turn|5\n|-activate|p1a: Clawitzer|item: Quick Claw\n|\n|t:|1776177119\n|move|p1a: Clawitzer|Dark Pulse|p2a: Palafin\n|-damage|p2a: Palafin|50/100 slp\n|move|p1b: Heracross|Close Combat|p2b: Incineroar\n|-supereffective|p2b: Incineroar|1\n|-enditem|p2b: Incineroar|Chople Berry|[eat]\n|-enditem|p2b: Incineroar|Chople Berry|[weaken]\n|-damage|p2b: Incineroar|0 fnt\n|-unboost|p1b: Heracross|def|1\n|-unboost|p1b: Heracross|spd|1\n|faint|p2b: Incineroar\n|-ability|p1b: Heracross|Moxie|boost\n|-boost|p1b: Heracross|atk|1\n|cant|p2a: Palafin|slp\n|\n|upkeep\n|\n|t:|1776177123\n|switch|p2b: Golurk|Golurk, L50, shiny|100/100\n|-damage|p2b: Golurk|94/100|[from] Stealth Rock\n|turn|6\n|-activate|p1a: Clawitzer|item: Quick Claw\n|\n|t:|1776177137\n|detailschange|p1b: Heracross|Heracross-Mega, L50, F\n|-mega|p1b: Heracross|Heracross|Heracronite\n|detailschange|p2b: Golurk|Golurk-Mega, L50, shiny\n|-mega|p2b: Golurk|Golurk|Golurkite\n|move|p1a: Clawitzer|Dark Pulse|p2b: Golurk\n|-supereffective|p2b: Golurk|1\n|-damage|p2b: Golurk|21/100\n|move|p1b: Heracross|Throat Chop|p2b: Golurk\n|-supereffective|p2b: Golurk|1\n|-damage|p2b: Golurk|0 fnt\n|faint|p2b: Golurk\n|cant|p2a: Palafin|slp\n|\n|-sideend|p1: ferenainexi|move: Tailwind\n|upkeep\n|turn|7\n|\n|t:|1776177155\n|-curestatus|p2a: Palafin|slp|[msg]\n|move|p2a: Palafin|Jet Punch|p1b: Heracross\n|-damage|p1b: Heracross|24/100\n|move|p1b: Heracross|Rock Blast|p2a: Palafin\n|-damage|p2a: Palafin|33/100\n|-damage|p2a: Palafin|15/100\n|-damage|p2a: Palafin|0 fnt\n|faint|p2a: Palafin\n|-hitcount|p2: Palafin|3\n|\n|win|ferenainexi\n|raw|ferenainexi's rating: 1070 &rarr; <strong>1104</strong><br />(+34 for winning)\n|raw|randomnetcom's rating: 1121 &rarr; <strong>1092</strong><br />(-29 for losing)\n|l|\u2606randomnetcom\n|player|p2|\n",
  "uploadtime": 1776177163,
  "views": 25,
  "formatid": "gen9championsvgc2026regma",
  "rating": 1092,
  "private": 0,
  "password": null
}