{
  "id": "gen9championsvgc2026regma-2583714291",
  "format": "[Gen 9 Champions] VGC 2026 Reg M-A",
  "players": [
    "MiifaVT",
    "nevenyahu"
  ],
  "log": "|j|\u2606MiifaVT\n|j|\u2606nevenyahu\n|t:|1776192739\n|gametype|doubles\n|player|p1|MiifaVT|169|1074\n|player|p2|nevenyahu|170|1073\n|gen|9\n|tier|[Gen 9 Champions] VGC 2026 Reg M-A\n|rated|\n|rule|Species Clause: Limit one of each Pok\u00e9mon\n|rule|Item Clause: Limit 1 of each item\n|clearpoke\n|poke|p1|Whimsicott, L50, F|\n|poke|p1|Venusaur, L50, M|\n|poke|p1|Charizard, L50, F|\n|poke|p1|Glimmora, L50, F|\n|poke|p1|Incineroar, L50, F|\n|poke|p1|Froslass, L50, F|\n|poke|p2|Espeon, L50, F|\n|poke|p2|Pelipper, L50, M|\n|poke|p2|Incineroar, L50, M|\n|poke|p2|Venusaur, L50, M|\n|poke|p2|Basculegion, L50, M|\n|poke|p2|Sneasler, L50, F|\n|teampreview|4\n|\n|t:|1776192769\n|teamsize|p1|4\n|teamsize|p2|4\n|start\n|switch|p1a: Glimmora|Glimmora, L50, F|100/100\n|switch|p1b: Incineroar|Incineroar, L50, F|100/100\n|switch|p2a: Sneasler|Sneasler, L50, F, shiny|100/100\n|switch|p2b: Basculegion|Basculegion, L50, M|100/100\n|-ability|p1b: Incineroar|Intimidate|boost\n|-unboost|p2a: Sneasler|atk|1\n|-unboost|p2b: Basculegion|atk|1\n|-enditem|p2a: Sneasler|White Herb\n|-clearnegativeboost|p2a: Sneasler|[silent]\n|turn|1\n|\n|t:|1776192798\n|switch|p1b: Venusaur|Venusaur, L50, M|100/100\n|move|p1a: Glimmora|Spiky Shield|p1a: Glimmora\n|-singleturn|p1a: Glimmora|move: Protect\n|move|p2a: Sneasler|Fake Out|p1b: Venusaur\n|-damage|p1b: Venusaur|88/100\n|move|p2b: Basculegion|Wave Crash|p1b: Venusaur\n|-resisted|p1b: Venusaur|1\n|-damage|p1b: Venusaur|58/100\n|-damage|p2b: Basculegion|91/100|[from] Recoil\n|\n|upkeep\n|turn|2\n|\n|t:|1776192819\n|switch|p1a: Incineroar|Incineroar, L50, F|100/100\n|-ability|p1a: Incineroar|Intimidate|boost\n|-unboost|p2a: Sneasler|atk|1\n|-unboost|p2b: Basculegion|atk|1\n|move|p2a: Sneasler|Protect|p2a: Sneasler\n|-singleturn|p2a: Sneasler|Protect\n|move|p2b: Basculegion|Wave Crash|p1a: Incineroar\n|-supereffective|p1a: Incineroar|1\n|-damage|p1a: Incineroar|27/100\n|-enditem|p1a: Incineroar|Sitrus Berry|[eat]\n|-heal|p1a: Incineroar|52/100|[from] item: Sitrus Berry\n|-damage|p2b: Basculegion|66/100|[from] Recoil\n|move|p1b: Venusaur|Leaf Storm|p2b: Basculegion\n|-supereffective|p2b: Basculegion|1\n|-damage|p2b: Basculegion|0 fnt\n|-unboost|p1b: Venusaur|spa|2\n|faint|p2b: Basculegion\n|-enditem|p1b: Venusaur|White Herb\n|-clearnegativeboost|p1b: Venusaur|[silent]\n|\n|upkeep\n|\n|t:|1776192849\n|switch|p2b: Espeon|Espeon, L50, F|100/100\n|turn|3\n|\n|t:|1776192874\n|switch|p1b: Glimmora|Glimmora, L50, F|100/100\n|move|p1a: Incineroar|Fake Out|p2b: Espeon\n|-damage|p2b: Espeon|79/100\n|move|p2a: Sneasler|Close Combat|p1a: Incineroar\n|-supereffective|p1a: Incineroar|1\n|-damage|p1a: Incineroar|0 fnt\n|-unboost|p2a: Sneasler|def|1\n|-unboost|p2a: Sneasler|spd|1\n|faint|p1a: Incineroar\n|cant|p2b: Espeon|flinch\n|\n|upkeep\n|\n|t:|1776192887\n|switch|p1a: Froslass|Froslass, L50, F|100/100\n|turn|4\n|\n|t:|1776192905\n|detailschange|p1a: Froslass|Froslass-Mega, L50, F\n|-mega|p1a: Froslass|Froslass|Froslassite\n|-weather|Snowscape|[from] ability: Snow Warning|[of] p1a: Froslass\n|move|p2a: Sneasler|Protect|p2a: Sneasler\n|-singleturn|p2a: Sneasler|Protect\n|move|p2b: Espeon|Light Screen|p2b: Espeon\n|-sidestart|p2: nevenyahu|move: Light Screen\n|move|p1a: Froslass|Blizzard|p2a: Sneasler|[spread] p2b\n|-activate|p2a: Sneasler|move: Protect\n|-damage|p2b: Espeon|35/100\n|move|p1b: Glimmora|Acid Spray|p2b: Espeon\n|-damage|p2b: Espeon|17/100\n|-unboost|p2b: Espeon|spd|2\n|\n|-weather|Snowscape|[upkeep]\n|upkeep\n|turn|5\n|\n|t:|1776192932\n|switch|p2a: Pelipper|Pelipper, L50, M|100/100\n|-weather|RainDance|[from] ability: Drizzle|[of] p2a: Pelipper\n|move|p2b: Espeon|Psychic|p1b: Glimmora\n|-supereffective|p1b: Glimmora|1\n|-enditem|p1b: Glimmora|Focus Sash\n|-damage|p1b: Glimmora|1/100\n|move|p1a: Froslass|Aurora Veil||[still]\n|-fail|p1a: Froslass\n|move|p1b: Glimmora|Sludge Bomb|p2b: Espeon\n|-damage|p2b: Espeon|0 fnt\n|faint|p2b: Espeon\n|\n|-weather|RainDance|[upkeep]\n|upkeep\n|\n|t:|1776192946\n|switch|p2b: Sneasler|Sneasler, L50, F, shiny|100/100\n|turn|6\n|\n|t:|1776192959\n|switch|p1a: Venusaur|Venusaur, L50, M|58/100\n|move|p1b: Glimmora|Spiky Shield|p1b: Glimmora\n|-singleturn|p1b: Glimmora|move: Protect\n|move|p2b: Sneasler|Dire Claw|p1b: Glimmora\n|-activate|p1b: Glimmora|move: Protect\n|-damage|p2b: Sneasler|88/100|[from] Spiky Shield|[of] p1b: Glimmora\n|move|p2a: Pelipper|Hurricane|p1a: Venusaur\n|-supereffective|p1a: Venusaur|1\n|-damage|p1a: Venusaur|0 fnt\n|faint|p1a: Venusaur\n|\n|-weather|RainDance|[upkeep]\n|upkeep\n|\n|t:|1776192971\n|switch|p1a: Froslass|Froslass-Mega, L50, F|100/100\n|-weather|Snowscape|[from] ability: Snow Warning|[of] p1a: Froslass\n|turn|7\n|\n|t:|1776192981\n|move|p2a: Pelipper|Wide Guard|p2a: Pelipper\n|-singleturn|p2a: Pelipper|Wide Guard\n|move|p2b: Sneasler|Dire Claw|p1b: Glimmora\n|-resisted|p1b: Glimmora|2\n|-damage|p1b: Glimmora|0 fnt\n|-activate|p1b: Glimmora|ability: Toxic Debris\n|-sidestart|p2: nevenyahu|move: Toxic Spikes\n|faint|p1b: Glimmora\n|move|p1a: Froslass|Aurora Veil|p1a: Froslass\n|-sidestart|p1: MiifaVT|move: Aurora Veil\n|\n|-weather|Snowscape|[upkeep]\n|upkeep\n|turn|8\n|\n|t:|1776193010\n|move|p2b: Sneasler|Protect|p2b: Sneasler\n|-singleturn|p2b: Sneasler|Protect\n|move|p1a: Froslass|Hex|p2a: Pelipper\n|-damage|p2a: Pelipper|59/100\n|move|p2a: Pelipper|Hurricane|p1a: Froslass\n|-damage|p1a: Froslass|65/100\n|\n|-weather|Snowscape|[upkeep]\n|-sideend|p2: nevenyahu|move: Light Screen\n|upkeep\n|turn|9\n|\n|t:|1776193024\n|move|p2b: Sneasler|Dire Claw|p1a: Froslass\n|-resisted|p1a: Froslass|1\n|-damage|p1a: Froslass|51/100\n|move|p1a: Froslass|Blizzard|p2b: Sneasler|[spread] p2a,p2b\n|-damage|p2a: Pelipper|0 fnt\n|-damage|p2b: Sneasler|25/100\n|faint|p2a: Pelipper\n|\n|-weather|Snowscape|[upkeep]\n|upkeep\n|turn|10\n|\n|t:|1776193037\n|move|p2b: Sneasler|Protect|p2b: Sneasler\n|-singleturn|p2b: Sneasler|Protect\n|move|p1a: Froslass|Blizzard|p2b: Sneasler\n|-activate|p2b: Sneasler|move: Protect\n|\n|-weather|Snowscape|[upkeep]\n|upkeep\n|turn|11\n|\n|t:|1776193048\n|move|p2b: Sneasler|Dire Claw|p1a: Froslass\n|-resisted|p1a: Froslass|1\n|-damage|p1a: Froslass|38/100\n|-status|p1a: Froslass|slp\n|cant|p1a: Froslass|slp\n|\n|-weather|none\n|-sideend|p1: MiifaVT|move: Aurora Veil\n|upkeep\n|turn|12\n|\n|t:|1776193058\n|move|p2b: Sneasler|Dire Claw|p1a: Froslass\n|-resisted|p1a: Froslass|1\n|-damage|p1a: Froslass|10/100 slp\n|-curestatus|p1a: Froslass|slp|[msg]\n|move|p1a: Froslass|Hex|p2b: Sneasler\n|-damage|p2b: Sneasler|0 fnt\n|faint|p2b: Sneasler\n|\n|win|MiifaVT\n|raw|MiifaVT's rating: 1074 &rarr; <strong>1103</strong><br />(+29 for winning)\n|raw|nevenyahu's rating: 1073 &rarr; <strong>1052</strong><br />(-21 for losing)\n|l|\u2606nevenyahu\n|player|p2|\n",
  "uploadtime": 1776193073,
  "views": 21,
  "formatid": "gen9championsvgc2026regma",
  "rating": 1052,
  "private": 0,
  "password": null
}