{
  "id": "gen9championsvgc2026regma-2584847135",
  "format": "[Gen 9 Champions] VGC 2026 Reg M-A",
  "players": [
    "i2n2nw",
    "astonished_25"
  ],
  "log": "|j|\u2606i2n2nw\n|j|\u2606astonished_25\n|t:|1776288294\n|gametype|doubles\n|player|p1|i2n2nw|101|1000\n|player|p2|astonished_25|caitlin|1000\n|gen|9\n|tier|[Gen 9 Champions] VGC 2026 Reg M-A\n|rated|\n|rule|Species Clause: Limit one of each Pok\u00e9mon\n|rule|Item Clause: Limit 1 of each item\n|clearpoke\n|poke|p1|Mudsdale, L50, F|\n|poke|p1|Maushold, L50|\n|poke|p1|Meganium, L50, M|\n|poke|p1|Aerodactyl, L50, F|\n|poke|p1|Incineroar, L50, F|\n|poke|p1|Mimikyu, L50, F|\n|poke|p2|Aerodactyl, L50, F|\n|poke|p2|Tyranitar, L50, F|\n|poke|p2|Farigiraf, L50, F|\n|poke|p2|Kingambit, L50, F|\n|poke|p2|Floette-Eternal, L50, F|\n|poke|p2|Dragapult, L50, M|\n|teampreview|4\n|inactive|Battle timer is ON: inactive players will automatically lose when time's up. (requested by astonished_25)\n|inactive|i2n2nw has 60 seconds left.\n|inactive|astonished_25 has 60 seconds left.\n|\n|t:|1776288342\n|teamsize|p1|4\n|teamsize|p2|4\n|start\n|switch|p1a: Incineroar|Incineroar, L50, F|100/100\n|switch|p1b: Mimikyu|Mimikyu, L50, F|100/100\n|switch|p2a: Kingambit|Kingambit, L50, F|100/100\n|switch|p2b: Floette|Floette-Eternal, L50, F|100/100\n|-ability|p1a: Incineroar|Intimidate|boost\n|-unboost|p2a: Kingambit|atk|1\n|-ability|p2a: Kingambit|Defiant|boost\n|-boost|p2a: Kingambit|atk|2\n|-unboost|p2b: Floette|atk|1\n|turn|1\n|\n|t:|1776288365\n|switch|p2a: Farigiraf|Farigiraf, L50, F|100/100\n|detailschange|p2b: Floette|Floette-Mega, L50, F\n|-mega|p2b: Floette|Floette|Floettite\n|-ability|p2b: Floette|Fairy Aura\n|move|p1a: Incineroar|Fake Out||[still]\n|cant|p2a: Farigiraf|ability: Armor Tail|Fake Out|[of] p1a: Incineroar\n|move|p2b: Floette|Calm Mind|p2b: Floette\n|-boost|p2b: Floette|spa|1\n|-boost|p2b: Floette|spd|1\n|move|p1b: Mimikyu|Trick Room|p1b: Mimikyu\n|-fieldstart|move: Trick Room|[of] p1b: Mimikyu\n|\n|upkeep\n|turn|2\n|\n|t:|1776288387\n|switch|p1b: Maushold|Maushold, L50|100/100\n|move|p1a: Incineroar|Parting Shot|p2b: Floette\n|-unboost|p2b: Floette|atk|1\n|-unboost|p2b: Floette|spa|1\n|\n|t:|1776288393\n|switch|p1a: Mudsdale|Mudsdale, L50, F|100/100|[from] Parting Shot\n|move|p2b: Floette|Dazzling Gleam|p1b: Maushold|[spread] p1a,p1b\n|-damage|p1a: Mudsdale|64/100\n|-damage|p1b: Maushold|30/100\n|-ability|p1a: Mudsdale|Stamina|boost\n|-boost|p1a: Mudsdale|def|1\n|move|p2a: Farigiraf|Trick Room|p2a: Farigiraf\n|-fieldend|move: Trick Room\n|\n|upkeep\n|turn|3\n|inactive|i2n2nw has 30 seconds left.\n|\n|t:|1776288418\n|move|p1b: Maushold|Population Bomb|p2b: Floette\n|-damage|p2b: Floette|92/100\n|-damage|p2b: Floette|84/100\n|-damage|p2b: Floette|76/100\n|-damage|p2b: Floette|68/100\n|-damage|p2b: Floette|60/100\n|-damage|p2b: Floette|53/100\n|-damage|p2b: Floette|45/100\n|-damage|p2b: Floette|37/100\n|-damage|p2b: Floette|29/100\n|-hitcount|p2b: Floette|9\n|move|p2b: Floette|Calm Mind|p2b: Floette\n|-boost|p2b: Floette|spa|1\n|-boost|p2b: Floette|spd|1\n|move|p2a: Farigiraf|Hyper Voice|p1a: Mudsdale|[spread] p1a,p1b\n|-damage|p1a: Mudsdale|48/100\n|-damage|p1b: Maushold|0 fnt\n|-ability|p1a: Mudsdale|Stamina|boost\n|-boost|p1a: Mudsdale|def|1\n|faint|p1b: Maushold\n|move|p1a: Mudsdale|Body Slam|p2b: Floette\n|-damage|p2b: Floette|2/100\n|\n|upkeep\n|inactive|i2n2nw has 30 seconds left.\n|\n|t:|1776288452\n|switch|p1b: Incineroar|Incineroar, L50, F|100/100\n|-ability|p1b: Incineroar|Intimidate|boost\n|-unboost|p2a: Farigiraf|atk|1\n|-unboost|p2b: Floette|atk|1\n|turn|4\n|\n|t:|1776288468\n|move|p2a: Farigiraf|Helping Hand|p2b: Floette\n|-singleturn|p2b: Floette|Helping Hand|[of] p2a: Farigiraf\n|move|p2b: Floette|Draining Kiss|p1b: Incineroar\n|-damage|p1b: Incineroar|19/100\n|-heal|p2b: Floette|80/100|[from] drain|[of] p1b: Incineroar\n|-enditem|p1b: Incineroar|Sitrus Berry|[eat]\n|-heal|p1b: Incineroar|44/100|[from] item: Sitrus Berry\n|move|p1b: Incineroar|Darkest Lariat|p2a: Farigiraf\n|-supereffective|p2a: Farigiraf|1\n|-damage|p2a: Farigiraf|39/100\n|-enditem|p2a: Farigiraf|Sitrus Berry|[eat]\n|-heal|p2a: Farigiraf|64/100|[from] item: Sitrus Berry\n|move|p1a: Mudsdale|High Horsepower|p2a: Farigiraf\n|-damage|p2a: Farigiraf|14/100\n|\n|upkeep\n|turn|5\n|-message|i2n2nw forfeited.\n|\n|win|astonished_25\n|raw|i2n2nw's rating: 1000 &rarr; <strong>1000</strong><br />(+0 for losing)\n|raw|astonished_25's rating: 1000 &rarr; <strong>1040</strong><br />(+40 for winning)\n|l|\u2606i2n2nw\n|player|p1|\n|l|\u2606astonished_25\n|player|p2|\n|j|\u2606astonished_25\n|player|p2|astonished_25|caitlin|\n",
  "uploadtime": 1776288520,
  "views": 21,
  "formatid": "gen9championsvgc2026regma",
  "rating": 1000,
  "private": 0,
  "password": null
}