{
  "id": "gen9championsvgc2026regma-2582086848",
  "format": "[Gen 9 Champions] VGC 2026 Reg M-A",
  "players": [
    "TTT x",
    "It'sJustKen VGC"
  ],
  "log": "|j|\u2606TTT x\n|j|\u2606It'sJustKen VGC\n|t:|1776056188\n|gametype|doubles\n|player|p1|TTT x|#smogonxnpa2025draftee|\n|player|p2|It'sJustKen VGC|265|\n|gen|9\n|tier|[Gen 9 Champions] VGC 2026 Reg M-A\n|rated|Tournament battle\n|rule|Species Clause: Limit one of each Pok\u00e9mon\n|rule|Item Clause: Limit 1 of each item\n|clearpoke\n|poke|p1|Manectric, L50, M|\n|poke|p1|Sneasler, L50, F|\n|poke|p1|Archaludon, L50, F|\n|poke|p1|Basculegion-F, L50, F|\n|poke|p1|Sinistcha, L50|\n|poke|p1|Politoed, L50, F|\n|poke|p2|Kingambit, L50, F|\n|poke|p2|Clefable, L50, F|\n|poke|p2|Chimecho, L50, F|\n|poke|p2|Golurk, L50|\n|poke|p2|Torkoal, L50, F|\n|poke|p2|Hawlucha, L50, M|\n|teampreview|4\n|inactive|Battle timer is ON: inactive players will automatically lose when time's up. (requested by It'sJustKen VGC)\n|j| eriksp\n|c|\u2606It'sJustKen VGC|glhf\n|inactive|It'sJustKen VGC has 60 seconds left.\n|j| Arksurit\n|j| Bman311\n|inactive|It'sJustKen VGC has 30 seconds left.\n|\n|t:|1776056255\n|teamsize|p1|4\n|teamsize|p2|4\n|start\n|switch|p1a: Archaludon|Archaludon, L50, F|100/100\n|switch|p1b: Manectric|Manectric, L50, M|100/100\n|switch|p2a: Chimecho|Chimecho, L50, F|100/100\n|switch|p2b: Clefable|Clefable, L50, F|100/100\n|turn|1\n|j| pr.iyanshu768500\n|j| Carrielis\n|\n|t:|1776056270\n|detailschange|p1b: Manectric|Manectric-Mega, L50, M\n|-mega|p1b: Manectric|Manectric|Manectite\n|-ability|p1b: Manectric|Intimidate|boost\n|-unboost|p2a: Chimecho|atk|1\n|-unboost|p2b: Clefable|atk|1\n|detailschange|p2a: Chimecho|Chimecho-Mega, L50, F\n|-mega|p2a: Chimecho|Chimecho|Chimechite\n|move|p1b: Manectric|Light Screen|p1b: Manectric\n|-sidestart|p1: TTT x|move: Light Screen\n|move|p1a: Archaludon|Electro Shot||[still]\n|-prepare|p1a: Archaludon|Electro Shot\n|-boost|p1a: Archaludon|spa|1\n|move|p2b: Clefable|Moonblast|p1b: Manectric\n|-damage|p1b: Manectric|76/100\n|move|p2a: Chimecho|Trick Room|p2a: Chimecho\n|-fieldstart|move: Trick Room|[of] p2a: Chimecho\n|\n|upkeep\n|turn|2\n|\n|t:|1776056284\n|switch|p2b: Golurk|Golurk, L50|100/100\n|move|p2a: Chimecho|Skill Swap|p2b: Golurk\n|-activate|p2a: Chimecho|Skill Swap|||[of] p2b: Golurk\n|move|p1a: Archaludon|Electro Shot|p2a: Chimecho|[from] lockedmove\n|-damage|p2a: Chimecho|59/100\n|move|p1b: Manectric|Volt Switch|p1a: Archaludon\n|-resisted|p1a: Archaludon|1\n|-damage|p1a: Archaludon|91/100\n|-ability|p1a: Archaludon|Stamina|boost\n|-boost|p1a: Archaludon|def|1\n|\n|t:|1776056296\n|switch|p1b: Politoed|Politoed, L50, F|100/100|[from] Volt Switch\n|-weather|RainDance|[from] ability: Drizzle|[of] p1b: Politoed\n|\n|-weather|RainDance|[upkeep]\n|-heal|p1a: Archaludon|97/100|[from] item: Leftovers\n|upkeep\n|turn|3\n|\n|t:|1776056303\n|switch|p1b: Manectric|Manectric-Mega, L50, M|76/100\n|-ability|p1b: Manectric|Intimidate|boost\n|-unboost|p2a: Chimecho|atk|1\n|-unboost|p2b: Golurk|atk|1\n|move|p2b: Golurk|Curse|p1b: Manectric\n|-start|p1b: Manectric|Curse|[of] p2b: Golurk\n|-damage|p2b: Golurk|50/100\n|move|p2a: Chimecho|Hypnosis|p1a: Archaludon\n|-status|p1a: Archaludon|slp|[from] move: Hypnosis\n|cant|p1a: Archaludon|slp\n|\n|-weather|RainDance|[upkeep]\n|-heal|p1a: Archaludon|100/100 slp|[from] item: Leftovers\n|-damage|p1b: Manectric|51/100|[from] Curse\n|upkeep\n|turn|4\n|j| snively3\n|j| mayheem\n|\n|t:|1776056322\n|switch|p1b: Politoed|Politoed, L50, F|100/100\n|move|p2b: Golurk|Curse|p1a: Archaludon\n|-start|p1a: Archaludon|Curse|[of] p2b: Golurk\n|-damage|p2b: Golurk|0 fnt\n|faint|p2b: Golurk\n|move|p2a: Chimecho|Hypnosis|p1b: Politoed\n|-status|p1b: Politoed|slp|[from] move: Hypnosis\n|cant|p1a: Archaludon|slp\n|\n|-weather|RainDance|[upkeep]\n|-damage|p1a: Archaludon|75/100 slp|[from] Curse\n|upkeep\n|\n|t:|1776056326\n|switch|p2b: Kingambit|Kingambit, L50, F|100/100\n|turn|5\n|\n|t:|1776056339\n|move|p2a: Chimecho|Skill Swap|p2b: Kingambit\n|-activate|p2a: Chimecho|Skill Swap|||[of] p2b: Kingambit\n|move|p2b: Kingambit|Guillotine|p1a: Archaludon\n|-damage|p1a: Archaludon|0 fnt\n|faint|p1a: Archaludon\n|-ohko\n|cant|p1b: Politoed|slp\n|\n|-weather|RainDance|[upkeep]\n|-sideend|p1: TTT x|move: Light Screen\n|-fieldend|move: Trick Room\n|upkeep\n|\n|t:|1776056348\n|switch|p1a: Sinistcha|Sinistcha, L50|100/100\n|turn|6\n|c| snively3|lol\n|j| tryson69\n|c| Carrielis|Wait basculegion F?\n|\n|t:|1776056357\n|move|p1a: Sinistcha|Rage Powder|p1a: Sinistcha\n|-singleturn|p1a: Sinistcha|move: Rage Powder\n|-curestatus|p1b: Politoed|slp|[msg]\n|move|p1b: Politoed|Encore|p2b: Kingambit\n|-start|p2b: Kingambit|Encore\n|move|p2b: Kingambit|Guillotine|p1a: Sinistcha\n|-immune|p1a: Sinistcha\n|move|p2a: Chimecho|Trick Room|p2a: Chimecho\n|-fieldstart|move: Trick Room|[of] p2a: Chimecho\n|\n|-weather|none\n|upkeep\n|turn|7\n|\n|t:|1776056367\n|move|p1a: Sinistcha|Rage Powder|p1a: Sinistcha\n|-singleturn|p1a: Sinistcha|move: Rage Powder\n|move|p2a: Chimecho|Hypnosis|p1a: Sinistcha|[miss]\n|-miss|p2a: Chimecho|p1a: Sinistcha\n|move|p2b: Kingambit|Guillotine|p1a: Sinistcha\n|-immune|p1a: Sinistcha\n|move|p1b: Politoed|Encore|p2a: Chimecho\n|-start|p2a: Chimecho|Encore\n|\n|upkeep\n|turn|8\n|\n|t:|1776056376\n|move|p1b: Politoed|Protect|p1b: Politoed\n|-singleturn|p1b: Politoed|Protect\n|move|p1a: Sinistcha|Protect|p1a: Sinistcha\n|-singleturn|p1a: Sinistcha|Protect\n|move|p2a: Chimecho|Hypnosis|p1a: Sinistcha\n|-activate|p1a: Sinistcha|move: Protect\n|move|p2b: Kingambit|Guillotine|p1b: Politoed\n|-activate|p1b: Politoed|move: Protect\n|\n|-end|p2b: Kingambit|Encore\n|upkeep\n|turn|9\n|\n|t:|1776056386\n|switch|p1b: Manectric|Manectric-Mega, L50, M|51/100\n|-ability|p1b: Manectric|Intimidate|boost\n|-unboost|p2a: Chimecho|atk|1\n|-ability|p2a: Chimecho|Defiant|boost\n|-boost|p2a: Chimecho|atk|2\n|-unboost|p2b: Kingambit|atk|1\n|move|p2b: Kingambit|Protect|p2b: Kingambit\n|-singleturn|p2b: Kingambit|Protect\n|move|p1a: Sinistcha|Rage Powder|p1a: Sinistcha\n|-singleturn|p1a: Sinistcha|move: Rage Powder\n|move|p2a: Chimecho|Hypnosis|p1a: Sinistcha|[miss]\n|-miss|p2a: Chimecho|p1a: Sinistcha\n|\n|upkeep\n|turn|10\n|\n|t:|1776056402\n|move|p1a: Sinistcha|Rage Powder|p1a: Sinistcha\n|-singleturn|p1a: Sinistcha|move: Rage Powder\n|move|p2a: Chimecho|Hypnosis|p1a: Sinistcha|[miss]\n|-miss|p2a: Chimecho|p1a: Sinistcha\n|move|p2b: Kingambit|Kowtow Cleave|p1a: Sinistcha\n|-supereffective|p1a: Sinistcha|1\n|-damage|p1a: Sinistcha|55/100\n|move|p1b: Manectric|Volt Switch|p2a: Chimecho\n|-damage|p2a: Chimecho|36/100\n|\n|t:|1776056410\n|switch|p1b: Politoed|Politoed, L50, F|100/100|[from] Volt Switch\n|-weather|RainDance|[from] ability: Drizzle|[of] p1b: Politoed\n|\n|-weather|RainDance|[upkeep]\n|-end|p2a: Chimecho|Encore\n|-fieldend|move: Trick Room\n|upkeep\n|turn|11\n|\n|t:|1776056415\n|switch|p1a: Manectric|Manectric-Mega, L50, M|51/100\n|-ability|p1a: Manectric|Intimidate|boost\n|-unboost|p2a: Chimecho|atk|1\n|-ability|p2a: Chimecho|Defiant|boost\n|-boost|p2a: Chimecho|atk|2\n|-unboost|p2b: Kingambit|atk|1\n|switch|p2a: Clefable|Clefable, L50, F|100/100\n|move|p1b: Politoed|Weather Ball|p2a: Clefable\n|-damage|p2a: Clefable|57/100\n|move|p2b: Kingambit|Kowtow Cleave|p1a: Manectric\n|-damage|p1a: Manectric|27/100\n|\n|-weather|RainDance|[upkeep]\n|-heal|p2a: Clefable|63/100|[from] item: Leftovers\n|upkeep\n|turn|12\n|\n|t:|1776056435\n|move|p1b: Politoed|Protect|p1b: Politoed\n|-singleturn|p1b: Politoed|Protect\n|move|p2a: Clefable|Follow Me|p2a: Clefable\n|-singleturn|p2a: Clefable|move: Follow Me\n|move|p1a: Manectric|Volt Switch|p2a: Clefable\n|-damage|p2a: Clefable|33/100\n|\n|t:|1776056441\n|switch|p1a: Sinistcha|Sinistcha, L50|55/100|[from] Volt Switch\n|move|p2b: Kingambit|Kowtow Cleave|p1a: Sinistcha\n|-supereffective|p1a: Sinistcha|1\n|-damage|p1a: Sinistcha|21/100\n|\n|-weather|RainDance|[upkeep]\n|-heal|p2a: Clefable|39/100|[from] item: Leftovers\n|upkeep\n|turn|13\n|\n|t:|1776056446\n|move|p1a: Sinistcha|Rage Powder|p1a: Sinistcha\n|-singleturn|p1a: Sinistcha|move: Rage Powder\n|move|p1b: Politoed|Weather Ball|p2a: Clefable\n|-crit|p2a: Clefable\n|-damage|p2a: Clefable|0 fnt\n|faint|p2a: Clefable\n|move|p2b: Kingambit|Guillotine|p1a: Sinistcha\n|-immune|p1a: Sinistcha\n|\n|-weather|RainDance|[upkeep]\n|upkeep\n|l| pr.iyanshu768500\n|\n|t:|1776056450\n|switch|p2a: Chimecho|Chimecho-Mega, L50, F|36/100\n|turn|14\n|\n|t:|1776056455\n|move|p2a: Chimecho|Protect|p2a: Chimecho\n|-singleturn|p2a: Chimecho|Protect\n|move|p1a: Sinistcha|Rage Powder|p1a: Sinistcha\n|-singleturn|p1a: Sinistcha|move: Rage Powder\n|move|p1b: Politoed|Weather Ball|p2a: Chimecho\n|-activate|p2a: Chimecho|move: Protect\n|move|p2b: Kingambit|Kowtow Cleave|p1a: Sinistcha\n|-supereffective|p1a: Sinistcha|1\n|-damage|p1a: Sinistcha|0 fnt\n|faint|p1a: Sinistcha\n|\n|-weather|none\n|upkeep\n|\n|t:|1776056458\n|switch|p1a: Manectric|Manectric-Mega, L50, M|27/100\n|-ability|p1a: Manectric|Intimidate|boost\n|-unboost|p2a: Chimecho|atk|1\n|-unboost|p2b: Kingambit|atk|1\n|turn|15\n|\n|t:|1776056467\n|move|p1a: Manectric|Protect|p1a: Manectric\n|-singleturn|p1a: Manectric|Protect\n|move|p1b: Politoed|Protect|p1b: Politoed\n|-singleturn|p1b: Politoed|Protect\n|move|p2b: Kingambit|Guillotine|p1b: Politoed\n|-activate|p1b: Politoed|move: Protect\n|move|p2a: Chimecho|Trick Room|p2a: Chimecho\n|-fieldstart|move: Trick Room|[of] p2a: Chimecho\n|\n|upkeep\n|turn|16\n|\n|t:|1776056476\n|move|p1b: Politoed|Protect||[still]\n|-fail|p1b: Politoed\n|move|p1a: Manectric|Protect||[still]\n|-fail|p1a: Manectric\n|move|p2a: Chimecho|Hypnosis|p1a: Manectric\n|-status|p1a: Manectric|slp|[from] move: Hypnosis\n|move|p2b: Kingambit|Guillotine|p1b: Politoed\n|-damage|p1b: Politoed|0 fnt\n|faint|p1b: Politoed\n|-ohko\n|\n|upkeep\n|turn|17\n|\n|t:|1776056484\n|cant|p1a: Manectric|slp\n|move|p2a: Chimecho|Hypnosis|p1a: Manectric\n|-fail|p1a: Manectric|slp\n|move|p2b: Kingambit|Guillotine|p1a: Manectric\n|-damage|p1a: Manectric|0 fnt\n|faint|p1a: Manectric\n|-ohko\n|\n|win|It'sJustKen VGC\n|n|\u2606TTT x|tttx\n|n|\u2606It'sJustKen VGC|itsjustkenvgc\n|n| eriksp|eriksp\n|n| Arksurit|arksurit\n|n| Bman311|bman311\n|n| Carrielis|carrielis\n|n| snively3|snively3\n|n| mayheem|mayheem\n|n| tryson69|tryson69\n|j| llefface\n|l|\u2606TTT x\n|player|p1|\n|c|\u2606It'sJustKen VGC|gg wp\n|l| tryson69\n|c| Carrielis|No fucking way\n|l| snively3\n|l| Arksurit\n|l| Bman311\n",
  "uploadtime": 1776056490,
  "views": 66,
  "formatid": "gen9championsvgc2026regma",
  "rating": null,
  "private": 0,
  "password": null
}