{
  "id": "gen9championsvgc2026regma-2587117519",
  "format": "[Gen 9 Champions] VGC 2026 Reg M-A",
  "players": [
    "zx7jsi",
    "FeyQueenZoom"
  ],
  "log": "|j|\u2606zx7jsi\n|j|\u2606FeyQueenZoom\n|t:|1776495873\n|gametype|doubles\n|player|p1|zx7jsi|169|1046\n|player|p2|FeyQueenZoom|bellelba|1112\n|gen|9\n|tier|[Gen 9 Champions] VGC 2026 Reg M-A\n|rated|\n|rule|Species Clause: Limit one of each Pok\u00e9mon\n|rule|Item Clause: Limit 1 of each item\n|clearpoke\n|poke|p1|Houndoom, L50, F|\n|poke|p1|Whimsicott, L50, M|\n|poke|p1|Venusaur, L50, F|\n|poke|p1|Rotom-Wash, L50|\n|poke|p1|Sneasler, L50, M|\n|poke|p1|Garchomp, L50, F|\n|poke|p2|Zoroark-Hisui, L50, F|\n|poke|p2|Lucario, L50, M|\n|poke|p2|Whimsicott, L50, M|\n|poke|p2|Dragapult, L50, M|\n|poke|p2|Incineroar, L50, F|\n|poke|p2|Starmie, L50|\n|teampreview|4\n|inactive|Battle timer is ON: inactive players will automatically lose when time's up. (requested by zx7jsi)\n|inactive|zx7jsi has 60 seconds left.\n|\n|t:|1776495920\n|teamsize|p1|4\n|teamsize|p2|4\n|start\n|switch|p1a: Sneasler|Sneasler, L50, M|100/100\n|switch|p1b: Houndoom|Houndoom, L50, F|100/100\n|switch|p2a: Lucario|Lucario, L50, M|100/100\n|switch|p2b: Whimsicott|Whimsicott, L50, M|100/100\n|turn|1\n|\n|t:|1776495939\n|detailschange|p1b: Houndoom|Houndoom-Mega, L50, F\n|-mega|p1b: Houndoom|Houndoom|Houndoominite\n|detailschange|p2a: Lucario|Lucario-Mega, L50, M\n|-mega|p2a: Lucario|Lucario|Lucarionite\n|move|p1a: Sneasler|Fake Out|p2a: Lucario\n|-resisted|p2a: Lucario|1\n|-damage|p2a: Lucario|91/100\n|move|p2b: Whimsicott|Tailwind|p2b: Whimsicott\n|-sidestart|p2: FeyQueenZoom|move: Tailwind\n|cant|p2a: Lucario|flinch\n|move|p1b: Houndoom|Heat Wave|p2b: Whimsicott|[spread] p2a\n|-miss|p1b: Houndoom|p2b: Whimsicott\n|-supereffective|p2a: Lucario|1\n|-damage|p2a: Lucario|0 fnt\n|faint|p2a: Lucario\n|\n|upkeep\n|\n|t:|1776495956\n|switch|p2a: Dragapult|Dragapult, L50, M|100/100\n|turn|2\n|\n|t:|1776495970\n|switch|p1a: Whimsicott|Whimsicott, L50, M|100/100\n|move|p1b: Houndoom|Protect|p1b: Houndoom\n|-singleturn|p1b: Houndoom|Protect\n|move|p2b: Whimsicott|Encore||[still]\n|-fail|p2b: Whimsicott\n|move|p2a: Dragapult|Draco Meteor|p1b: Houndoom\n|-activate|p1b: Houndoom|move: Protect\n|\n|upkeep\n|turn|3\n|\n|t:|1776495992\n|move|p2b: Whimsicott|Encore|p1b: Houndoom\n|-hint|Since gen 7, Dark is immune to Prankster moves.\n|-immune|p1b: Houndoom\n|move|p1a: Whimsicott|Tailwind|p1a: Whimsicott\n|-sidestart|p1: zx7jsi|move: Tailwind\n|move|p2a: Dragapult|Draco Meteor|p1b: Houndoom\n|-damage|p1b: Houndoom|18/100\n|-unboost|p2a: Dragapult|spa|2\n|-enditem|p2a: Dragapult|White Herb\n|-clearnegativeboost|p2a: Dragapult|[silent]\n|move|p1b: Houndoom|Heat Wave|p2b: Whimsicott|[spread] p2b\n|-miss|p1b: Houndoom|p2a: Dragapult\n|-supereffective|p2b: Whimsicott|1\n|-damage|p2b: Whimsicott|27/100\n|-status|p2b: Whimsicott|brn\n|\n|-damage|p2b: Whimsicott|21/100 brn|[from] brn\n|upkeep\n|turn|4\n|inactive|zx7jsi has 30 seconds left.\n|inactive|FeyQueenZoom has 30 seconds left.\n|inactive|zx7jsi has 20 seconds left.\n|\n|t:|1776496028\n|move|p1a: Whimsicott|Sunny Day|p1a: Whimsicott\n|-weather|SunnyDay\n|move|p2b: Whimsicott|Encore|p1a: Whimsicott\n|-start|p1a: Whimsicott|Encore\n|move|p2a: Dragapult|Shadow Ball|p1b: Houndoom\n|-resisted|p1b: Houndoom|1\n|-damage|p1b: Houndoom|0 fnt\n|faint|p1b: Houndoom\n|\n|-weather|SunnyDay|[upkeep]\n|-damage|p2b: Whimsicott|15/100 brn|[from] brn\n|-sideend|p2: FeyQueenZoom|move: Tailwind\n|upkeep\n|\n|t:|1776496040\n|switch|p1b: Sneasler|Sneasler, L50, M|100/100\n|turn|5\n|\n|t:|1776496052\n|switch|p1a: Venusaur|Venusaur, L50, F|100/100\n|move|p2a: Dragapult|Protect|p2a: Dragapult\n|-singleturn|p2a: Dragapult|Protect\n|move|p2b: Whimsicott|Tailwind|p2b: Whimsicott\n|-sidestart|p2: FeyQueenZoom|move: Tailwind\n|move|p1b: Sneasler|Dire Claw|p2a: Dragapult\n|-activate|p2a: Dragapult|move: Protect\n|\n|-weather|SunnyDay|[upkeep]\n|-damage|p2b: Whimsicott|9/100 brn|[from] brn\n|upkeep\n|turn|6\n|\n|t:|1776496074\n|move|p1a: Venusaur|Solar Beam||[still]\n|-prepare|p1a: Venusaur|Solar Beam\n|-anim|p1a: Venusaur|Solar Beam|p2a: Dragapult\n|-resisted|p2a: Dragapult|1\n|-damage|p2a: Dragapult|58/100\n|move|p2a: Dragapult|Flamethrower|p1a: Venusaur\n|-supereffective|p1a: Venusaur|1\n|-damage|p1a: Venusaur|0 fnt\n|faint|p1a: Venusaur\n|move|p1b: Sneasler|Dire Claw|p2a: Dragapult\n|-resisted|p2a: Dragapult|1\n|-damage|p2a: Dragapult|27/100\n|-status|p2a: Dragapult|par\n|move|p2b: Whimsicott|Moonblast|p1b: Sneasler\n|-damage|p1b: Sneasler|61/100\n|\n|-weather|SunnyDay|[upkeep]\n|-damage|p2b: Whimsicott|3/100 brn|[from] brn\n|-sideend|p1: zx7jsi|move: Tailwind\n|upkeep\n|\n|t:|1776496091\n|switch|p1a: Whimsicott|Whimsicott, L50, M|100/100\n|turn|7\n|\n|t:|1776496110\n|move|p2b: Whimsicott|Taunt|p1a: Whimsicott\n|-start|p1a: Whimsicott|move: Taunt\n|cant|p1a: Whimsicott|move: Taunt|Tailwind\n|move|p2a: Dragapult|Draco Meteor|p1b: Sneasler\n|-damage|p1b: Sneasler|0 fnt\n|-unboost|p2a: Dragapult|spa|2\n|faint|p1b: Sneasler\n|\n|-weather|SunnyDay|[upkeep]\n|-damage|p2b: Whimsicott|0 fnt|[from] brn\n|faint|p2b: Whimsicott\n|upkeep\n|\n|t:|1776496123\n|switch|p2b: Incineroar|Incineroar, L50, F|100/100\n|-ability|p2b: Incineroar|Intimidate|boost\n|-unboost|p1a: Whimsicott|atk|1\n|turn|8\n|\n|t:|1776496132\n|move|p2a: Dragapult|Flamethrower|p1a: Whimsicott\n|-supereffective|p1a: Whimsicott|1\n|-damage|p1a: Whimsicott|23/100\n|move|p1a: Whimsicott|Moonblast|p2a: Dragapult\n|-supereffective|p2a: Dragapult|1\n|-damage|p2a: Dragapult|0 fnt\n|faint|p2a: Dragapult\n|move|p2b: Incineroar|Flare Blitz|p1a: Whimsicott\n|-supereffective|p1a: Whimsicott|1\n|-damage|p1a: Whimsicott|0 fnt\n|faint|p1a: Whimsicott\n|-damage|p2b: Incineroar|96/100|[from] Recoil\n|\n|win|FeyQueenZoom\n|raw|zx7jsi's rating: 1046 &rarr; <strong>1032</strong><br />(-14 for losing)\n|raw|FeyQueenZoom's rating: 1112 &rarr; <strong>1132</strong><br />(+20 for winning)\n|l|\u2606zx7jsi\n|player|p1|\n",
  "uploadtime": 1776496149,
  "views": 20,
  "formatid": "gen9championsvgc2026regma",
  "rating": 1032,
  "private": 0,
  "password": null
}