{
  "id": "gen9championsvgc2026regma-2585442484",
  "format": "[Gen 9 Champions] VGC 2026 Reg M-A",
  "players": [
    "gafdhbafdwaWD",
    "Pazou<3"
  ],
  "log": "|j|\u2606gafdhbafdwaWD\n|j|\u2606Pazou<3\n|t:|1776347592\n|gametype|doubles\n|player|p1|gafdhbafdwaWD|2|1114\n|player|p2|Pazou<3|ninjaboy|1107\n|gen|9\n|tier|[Gen 9 Champions] VGC 2026 Reg M-A\n|rated|\n|rule|Species Clause: Limit one of each Pok\u00e9mon\n|rule|Item Clause: Limit 1 of each item\n|clearpoke\n|poke|p1|Charizard, L50, M|\n|poke|p1|Sneasler, L50, F|\n|poke|p1|Sinistcha, L50|\n|poke|p1|Rotom-Wash, L50|\n|poke|p1|Krookodile, L50, F|\n|poke|p1|Gardevoir, L50, F|\n|poke|p2|Hatterene, L50, F|\n|poke|p2|Camerupt, L50, M|\n|poke|p2|Trevenant, L50, F|\n|poke|p2|Crabominable, L50, F|\n|poke|p2|Excadrill, L50, M|\n|poke|p2|Sableye, L50, F|\n|teampreview|4\n|inactive|Battle timer is ON: inactive players will automatically lose when time's up. (requested by gafdhbafdwaWD)\n|c|\u2606Pazou<3|hf\n|\n|t:|1776347623\n|teamsize|p1|4\n|teamsize|p2|4\n|start\n|switch|p1a: Charizard|Charizard, L50, M|100/100\n|switch|p1b: Sinistcha|Sinistcha, L50|100/100\n|switch|p2a: Sylvain Granier|Trevenant, L50, F|100/100\n|switch|p2b: AAAAAAAAAAAAAAAAAA|Camerupt, L50, M|100/100\n|turn|1\n|\n|t:|1776347637\n|move|p2b: AAAAAAAAAAAAAAAAAA|Protect|p2b: AAAAAAAAAAAAAAAAAA\n|-singleturn|p2b: AAAAAAAAAAAAAAAAAA|Protect\n|move|p1a: Charizard|Dragon Dance|p1a: Charizard\n|-boost|p1a: Charizard|atk|1\n|-boost|p1a: Charizard|spe|1\n|move|p1b: Sinistcha|Trick Room|p1b: Sinistcha\n|-fieldstart|move: Trick Room|[of] p1b: Sinistcha\n|move|p2a: Sylvain Granier|Trick Room|p2a: Sylvain Granier\n|-fieldend|move: Trick Room\n|\n|upkeep\n|turn|2\n|\n|t:|1776347656\n|detailschange|p1a: Charizard|Charizard-Mega-X, L50, M\n|-mega|p1a: Charizard|Charizard|Charizardite X\n|detailschange|p2b: AAAAAAAAAAAAAAAAAA|Camerupt-Mega, L50, M\n|-mega|p2b: AAAAAAAAAAAAAAAAAA|Camerupt|Cameruptite\n|move|p1b: Sinistcha|Protect|p1b: Sinistcha\n|-singleturn|p1b: Sinistcha|Protect\n|move|p1a: Charizard|Flare Blitz|p2a: Sylvain Granier\n|-supereffective|p2a: Sylvain Granier|1\n|-damage|p2a: Sylvain Granier|0 fnt\n|faint|p2a: Sylvain Granier\n|-damage|p1a: Charizard|62/100|[from] Recoil\n|move|p2b: AAAAAAAAAAAAAAAAAA|Earth Power|p1a: Charizard\n|-supereffective|p1a: Charizard|1\n|-damage|p1a: Charizard|0 fnt\n|faint|p1a: Charizard\n|\n|upkeep\n|\n|t:|1776347665\n|switch|p1a: Rotom|Rotom-Wash, L50|100/100\n|switch|p2a: Jane Trick Room|Hatterene, L50, F|100/100\n|turn|3\n|inactive|Pazou<3 has 30 seconds left.\n|\n|t:|1776347690\n|move|p2b: AAAAAAAAAAAAAAAAAA|Protect|p2b: AAAAAAAAAAAAAAAAAA\n|-singleturn|p2b: AAAAAAAAAAAAAAAAAA|Protect\n|move|p1a: Rotom|Hydro Pump|p2b: AAAAAAAAAAAAAAAAAA\n|-activate|p2b: AAAAAAAAAAAAAAAAAA|move: Protect\n|move|p2a: Jane Trick Room|Psychic|p1a: Rotom\n|-damage|p1a: Rotom|51/100\n|move|p1b: Sinistcha|Trick Room|p1b: Sinistcha\n|-fieldstart|move: Trick Room|[of] p1b: Sinistcha\n|\n|upkeep\n|turn|4\n|c|\u2606Pazou<3|hehe\n|\n|t:|1776347708\n|move|p1b: Sinistcha|Rage Powder|p1b: Sinistcha\n|-singleturn|p1b: Sinistcha|move: Rage Powder\n|move|p2a: Jane Trick Room|Dazzling Gleam|p1a: Rotom|[spread] p1a,p1b\n|-damage|p1a: Rotom|16/100\n|-damage|p1b: Sinistcha|68/100\n|-enditem|p1a: Rotom|Sitrus Berry|[eat]\n|-heal|p1a: Rotom|41/100|[from] item: Sitrus Berry\n|move|p2b: AAAAAAAAAAAAAAAAAA|Eruption|p1b: Sinistcha|[spread] p1a,p1b\n|-resisted|p1a: Rotom|1\n|-supereffective|p1b: Sinistcha|1\n|-damage|p1a: Rotom|4/100\n|-damage|p1b: Sinistcha|0 fnt\n|faint|p1b: Sinistcha\n|move|p1a: Rotom|Hydro Pump|p2b: AAAAAAAAAAAAAAAAAA\n|-supereffective|p2b: AAAAAAAAAAAAAAAAAA|2\n|-damage|p2b: AAAAAAAAAAAAAAAAAA|0 fnt\n|faint|p2b: AAAAAAAAAAAAAAAAAA\n|\n|upkeep\n|\n|t:|1776347720\n|switch|p2b: John Trick Room|Crabominable, L50, F|100/100\n|switch|p1b: Krookodile|Krookodile, L50, F|100/100\n|-ability|p1b: Krookodile|Intimidate|boost\n|-unboost|p2a: Jane Trick Room|atk|1\n|-unboost|p2b: John Trick Room|atk|1\n|turn|5\n|\n|t:|1776347730\n|move|p2a: Jane Trick Room|Dazzling Gleam|p1b: Krookodile|[spread] p1a,p1b\n|-supereffective|p1b: Krookodile|1\n|-damage|p1a: Rotom|0 fnt\n|-damage|p1b: Krookodile|26/100\n|faint|p1a: Rotom\n|move|p2b: John Trick Room|Close Combat|p1b: Krookodile\n|-supereffective|p1b: Krookodile|1\n|-enditem|p1b: Krookodile|Chople Berry|[eat]\n|-enditem|p1b: Krookodile|Chople Berry|[weaken]\n|-damage|p1b: Krookodile|0 fnt\n|-unboost|p2b: John Trick Room|def|1\n|-unboost|p2b: John Trick Room|spd|1\n|faint|p1b: Krookodile\n|\n|win|Pazou<3\n|raw|gafdhbafdwaWD's rating: 1114 &rarr; <strong>1088</strong><br />(-26 for losing)\n|raw|Pazou&lt;3's rating: 1107 &rarr; <strong>1133</strong><br />(+26 for winning)\n|l|\u2606gafdhbafdwaWD\n|player|p1|\n",
  "uploadtime": 1776347746,
  "views": 25,
  "formatid": "gen9championsvgc2026regma",
  "rating": 1088,
  "private": 0,
  "password": null
}