{
  "id": "gen9championsvgc2026regma-2587980429",
  "format": "[Gen 9 Champions] VGC 2026 Reg M-A",
  "players": [
    "1#miraidonhater",
    "Yamh"
  ],
  "log": "|j|\u26061#miraidonhater\n|j|\u2606Yamh\n|t:|1776588132\n|gametype|doubles\n|player|p1|1#miraidonhater|volkner|1400\n|player|p2|Yamh|darach-caitlin|1344\n|gen|9\n|tier|[Gen 9 Champions] VGC 2026 Reg M-A\n|rated|\n|rule|Species Clause: Limit one of each Pok\u00e9mon\n|rule|Item Clause: Limit 1 of each item\n|clearpoke\n|poke|p1|Floette-Eternal, L50, F|\n|poke|p1|Basculegion, L50, M|\n|poke|p1|Tsareena, L50, F|\n|poke|p1|Incineroar, L50, F|\n|poke|p1|Pelipper, L50, F|\n|poke|p1|Archaludon, L50, F|\n|poke|p2|Sneasler, L50, F|\n|poke|p2|Kingambit, L50, F|\n|poke|p2|Whimsicott, L50, F|\n|poke|p2|Milotic, L50, F|\n|poke|p2|Gardevoir, L50, F|\n|poke|p2|Basculegion, L50, M|\n|teampreview|4\n|\n|t:|1776588175\n|teamsize|p1|4\n|teamsize|p2|4\n|start\n|switch|p1a: EVERY LAST DROP|Archaludon, L50, F|100/100\n|switch|p1b: Bohemian Rhapsody|Pelipper, L50, F|100/100\n|switch|p2a: Watame|Whimsicott, L50, F|100/100\n|switch|p2b: Snivel|Sneasler, L50, F|100/100\n|-weather|RainDance|[from] ability: Drizzle|[of] p1b: Bohemian Rhapsody\n|turn|1\n|\n|t:|1776588186\n|switch|p1b: Killer Queen|Tsareena, L50, F|100/100\n|move|p2b: Snivel|Fake Out||[still]\n|cant|p1b: Killer Queen|ability: Queenly Majesty|Fake Out|[of] p2b: Snivel\n|move|p2a: Watame|Tailwind|p2a: Watame\n|-sidestart|p2: Yamh|move: Tailwind\n|move|p1a: EVERY LAST DROP|Electro Shot||[still]\n|-prepare|p1a: EVERY LAST DROP|Electro Shot\n|-boost|p1a: EVERY LAST DROP|spa|1\n|-anim|p1a: EVERY LAST DROP|Electro Shot|p2b: Snivel\n|-damage|p2b: Snivel|0 fnt\n|faint|p2b: Snivel\n|\n|-weather|RainDance|[upkeep]\n|upkeep\n|\n|t:|1776588207\n|switch|p2b: Solid Snake|Milotic, L50, F|100/100\n|turn|2\n|\n|t:|1776588232\n|move|p2b: Solid Snake|Protect|p2b: Solid Snake\n|-singleturn|p2b: Solid Snake|Protect\n|move|p2a: Watame|Moonblast|p1b: Killer Queen\n|-damage|p1b: Killer Queen|66/100\n|move|p1a: EVERY LAST DROP|Electro Shot||[still]\n|-prepare|p1a: EVERY LAST DROP|Electro Shot\n|-boost|p1a: EVERY LAST DROP|spa|1\n|-anim|p1a: EVERY LAST DROP|Electro Shot|p2b: Solid Snake\n|-activate|p2b: Solid Snake|move: Protect\n|move|p1b: Killer Queen|Triple Axel|p2a: Watame|[miss]\n|-miss|p1b: Killer Queen|p2a: Watame\n|\n|-weather|RainDance|[upkeep]\n|upkeep\n|turn|3\n|\n|t:|1776588260\n|move|p2a: Watame|Moonblast|p1b: Killer Queen\n|-crit|p1b: Killer Queen\n|-damage|p1b: Killer Queen|16/100\n|-unboost|p1b: Killer Queen|spa|1\n|-enditem|p1b: Killer Queen|Sitrus Berry|[eat]\n|-heal|p1b: Killer Queen|41/100|[from] item: Sitrus Berry\n|move|p2b: Solid Snake|Ice Beam|p1b: Killer Queen\n|-supereffective|p1b: Killer Queen|1\n|-damage|p1b: Killer Queen|0 fnt\n|faint|p1b: Killer Queen\n|move|p1a: EVERY LAST DROP|Electro Shot||[still]\n|-prepare|p1a: EVERY LAST DROP|Electro Shot\n|-boost|p1a: EVERY LAST DROP|spa|1\n|-anim|p1a: EVERY LAST DROP|Electro Shot|p2b: Solid Snake\n|-supereffective|p2b: Solid Snake|1\n|-damage|p2b: Solid Snake|0 fnt\n|faint|p2b: Solid Snake\n|\n|-weather|RainDance|[upkeep]\n|upkeep\n|\n|t:|1776588290\n|switch|p1b: Bohemian Rhapsody|Pelipper, L50, F|100/100\n|switch|p2b: Greta|Basculegion, L50, M|100/100\n|turn|4\n|\n|t:|1776588301\n|move|p2b: Greta|Last Respects|p1a: EVERY LAST DROP\n|-damage|p1a: EVERY LAST DROP|13/100\n|move|p2a: Watame|Moonblast|p1a: EVERY LAST DROP\n|-damage|p1a: EVERY LAST DROP|0 fnt\n|faint|p1a: EVERY LAST DROP\n|move|p1b: Bohemian Rhapsody|Hurricane|p2a: Watame\n|-supereffective|p2a: Watame|1\n|-enditem|p2a: Watame|Focus Sash\n|-damage|p2a: Watame|1/100\n|-start|p2a: Watame|confusion\n|\n|-weather|RainDance|[upkeep]\n|-sideend|p2: Yamh|move: Tailwind\n|upkeep\n|\n|t:|1776588308\n|switch|p1a: Floette|Floette-Eternal, L50, F|100/100\n|turn|5\n|\n|t:|1776588320\n|detailschange|p1a: Floette|Floette-Mega, L50, F\n|-mega|p1a: Floette|Floette|Floettite\n|-ability|p1a: Floette|Fairy Aura\n|-activate|p2a: Watame|confusion\n|-damage|p2a: Watame|0 fnt|[from] confusion\n|faint|p2a: Watame\n|move|p2b: Greta|Last Respects|p1a: Floette\n|-damage|p1a: Floette|0 fnt\n|faint|p1a: Floette\n|move|p1b: Bohemian Rhapsody|Tailwind|p1b: Bohemian Rhapsody\n|-sidestart|p1: 1#miraidonhater|move: Tailwind\n|\n|-weather|none\n|upkeep\n|turn|6\n|-message|1#miraidonhater forfeited.\n|\n|win|Yamh\n",
  "uploadtime": 1776588134,
  "views": 14,
  "formatid": "gen9championsvgc2026regma",
  "rating": null,
  "private": 0,
  "password": null
}