{
  "id": "gen9championsvgc2026regma-2588184982",
  "format": "[Gen 9 Champions] VGC 2026 Reg M-A",
  "players": [
    "portj",
    "kelpwt"
  ],
  "log": "|j|\u2606portj\n|j|\u2606kelpwt\n|t:|1776612446\n|gametype|doubles\n|player|p1|portj|101|1059\n|player|p2|kelpwt|preschoolerf|1035\n|gen|9\n|tier|[Gen 9 Champions] VGC 2026 Reg M-A\n|rated|\n|rule|Species Clause: Limit one of each Pok\u00e9mon\n|rule|Item Clause: Limit 1 of each item\n|clearpoke\n|poke|p1|Lucario, L50, M|\n|poke|p1|Sneasler, L50, F|\n|poke|p1|Aerodactyl, L50, F|\n|poke|p1|Garchomp, L50, M|\n|poke|p1|Arcanine-Hisui, L50, F|\n|poke|p1|Rotom-Wash, L50|\n|poke|p2|Victreebel, L50, F|\n|poke|p2|Garchomp, L50, F|\n|poke|p2|Aerodactyl, L50, M|\n|poke|p2|Kingambit, L50, M|\n|poke|p2|Pelipper, L50, F|\n|poke|p2|Sneasler, L50, F|\n|teampreview|4\n|inactive|Battle timer is ON: inactive players will automatically lose when time's up. (requested by kelpwt)\n|\n|t:|1776612467\n|teamsize|p1|4\n|teamsize|p2|4\n|start\n|switch|p1a: Aerodactyl|Aerodactyl, L50, F|100/100\n|switch|p1b: Lucario|Lucario, L50, M|100/100\n|switch|p2a: Sneasler|Sneasler, L50, F|100/100\n|switch|p2b: Victreebel|Victreebel, L50, F|100/100\n|-ability|p1a: Aerodactyl|Unnerve\n|turn|1\n|inactive|kelpwt has 30 seconds left.\n|\n|t:|1776612495\n|detailschange|p1b: Lucario|Lucario-Mega, L50, M\n|-mega|p1b: Lucario|Lucario|Lucarionite\n|detailschange|p2b: Victreebel|Victreebel-Mega, L50, F\n|-mega|p2b: Victreebel|Victreebel|Victreebelite\n|move|p2a: Sneasler|Fake Out|p1b: Lucario\n|-resisted|p1b: Lucario|1\n|-damage|p1b: Lucario|90/100\n|move|p1a: Aerodactyl|Dual Wingbeat|p2a: Sneasler\n|-supereffective|p2a: Sneasler|1\n|-damage|p2a: Sneasler|32/100\n|-supereffective|p2a: Sneasler|1\n|-damage|p2a: Sneasler|0 fnt\n|faint|p2a: Sneasler\n|-hitcount|p2: Sneasler|2\n|cant|p1b: Lucario|flinch\n|move|p2b: Victreebel|Strength Sap|p1b: Lucario\n|-unboost|p1b: Lucario|atk|1\n|\n|upkeep\n|\n|t:|1776612519\n|switch|p2a: Garchomp|Garchomp, L50, F|100/100\n|turn|2\n|\n|t:|1776612529\n|switch|p1b: Rotom|Rotom-Wash, L50|100/100\n|move|p2a: Garchomp|Rock Slide|p1b: Rotom|[spread] p1a\n|-miss|p2a: Garchomp|p1b: Rotom\n|-supereffective|p1a: Aerodactyl|1\n|-damage|p1a: Aerodactyl|38/100\n|move|p1a: Aerodactyl|Dual Wingbeat|p2b: Victreebel\n|-supereffective|p2b: Victreebel|1\n|-damage|p2b: Victreebel|60/100\n|-supereffective|p2b: Victreebel|1\n|-damage|p2b: Victreebel|23/100\n|-hitcount|p2b: Victreebel|2\n|move|p2b: Victreebel|Strength Sap|p1b: Rotom\n|-unboost|p1b: Rotom|atk|1\n|-heal|p2b: Victreebel|66/100\n|\n|upkeep\n|turn|3\n|inactive|portj has 30 seconds left.\n|\n|t:|1776612558\n|move|p1b: Rotom|Protect|p1b: Rotom\n|-singleturn|p1b: Rotom|Protect\n|move|p2b: Victreebel|Protect|p2b: Victreebel\n|-singleturn|p2b: Victreebel|Protect\n|move|p2a: Garchomp|Rock Slide|p1b: Rotom|[spread] p1a\n|-activate|p1b: Rotom|move: Protect\n|-supereffective|p1a: Aerodactyl|1\n|-damage|p1a: Aerodactyl|0 fnt\n|faint|p1a: Aerodactyl\n|\n|upkeep\n|\n|t:|1776612566\n|switch|p1a: Garchomp|Garchomp, L50, M|100/100\n|turn|4\n|\n|t:|1776612575\n|switch|p2a: Pelipper|Pelipper, L50, F|100/100\n|-weather|RainDance|[from] ability: Drizzle|[of] p2a: Pelipper\n|move|p1a: Garchomp|Stomping Tantrum|p2b: Victreebel\n|-damage|p2b: Victreebel|22/100\n|move|p1b: Rotom|Hydro Pump|p2a: Pelipper\n|-resisted|p2a: Pelipper|1\n|-damage|p2a: Pelipper|53/100\n|move|p2b: Victreebel|Strength Sap|p1a: Garchomp\n|-unboost|p1a: Garchomp|atk|1\n|-heal|p2b: Victreebel|100/100\n|\n|-weather|RainDance|[upkeep]\n|upkeep\n|turn|5\n|inactive|kelpwt has 30 seconds left.\n|\n|t:|1776612602\n|switch|p1a: Lucario|Lucario-Mega, L50, M|90/100\n|switch|p2a: Garchomp|Garchomp, L50, F|100/100\n|move|p1b: Rotom|Volt Switch|p2a: Garchomp\n|-immune|p2a: Garchomp\n|move|p2b: Victreebel|Strength Sap|p1a: Lucario\n|-unboost|p1a: Lucario|atk|1\n|\n|-weather|RainDance|[upkeep]\n|upkeep\n|turn|6\n|\n|t:|1776612622\n|move|p2a: Garchomp|Stomping Tantrum|p1a: Lucario\n|-supereffective|p1a: Lucario|1\n|-damage|p1a: Lucario|0 fnt\n|faint|p1a: Lucario\n|move|p1b: Rotom|Hydro Pump|p2a: Garchomp\n|-damage|p2a: Garchomp|24/100\n|move|p2b: Victreebel|Strength Sap|p1b: Rotom\n|-unboost|p1b: Rotom|atk|1\n|\n|-weather|RainDance|[upkeep]\n|upkeep\n|\n|t:|1776612628\n|switch|p1a: Garchomp|Garchomp, L50, M|100/100\n|turn|7\n|\n|t:|1776612646\n|switch|p2a: Pelipper|Pelipper, L50, F|53/100\n|move|p1a: Garchomp|Dragon Claw|p2a: Pelipper\n|-damage|p2a: Pelipper|20/100\n|-enditem|p2a: Pelipper|Sitrus Berry|[eat]\n|-heal|p2a: Pelipper|45/100|[from] item: Sitrus Berry\n|move|p1b: Rotom|Thunderbolt|p2b: Victreebel\n|-resisted|p2b: Victreebel|1\n|-damage|p2b: Victreebel|77/100\n|move|p2b: Victreebel|Energy Ball|p1b: Rotom\n|-supereffective|p1b: Rotom|1\n|-damage|p1b: Rotom|0 fnt\n|faint|p1b: Rotom\n|\n|-weather|RainDance|[upkeep]\n|upkeep\n|turn|8\n|-message|portj forfeited.\n|\n|win|kelpwt\n|raw|portj's rating: 1059 &rarr; <strong>1039</strong><br />(-20 for losing)\n|raw|kelpwt's rating: 1035 &rarr; <strong>1072</strong><br />(+37 for winning)\n|l|\u2606portj\n|player|p1|\n",
  "uploadtime": 1776612662,
  "views": 11,
  "formatid": "gen9championsvgc2026regma",
  "rating": 1039,
  "private": 0,
  "password": null
}