{
  "id": "gen9championsvgc2026regma-2581300542",
  "format": "[Gen 9 Champions] VGC 2026 Reg M-A",
  "players": [
    "greeencross",
    "willkeeper"
  ],
  "log": "|j|\u2606greeencross\n|j|\u2606willkeeper\n|t:|1775983468\n|gametype|doubles\n|player|p1|greeencross|170|1323\n|player|p2|willkeeper|yellow|1463\n|gen|9\n|tier|[Gen 9 Champions] VGC 2026 Reg M-A\n|rated|\n|rule|Species Clause: Limit one of each Pok\u00e9mon\n|rule|Item Clause: Limit 1 of each item\n|clearpoke\n|poke|p1|Tyranitar, L50, M|\n|poke|p1|Rotom-Wash, L50|\n|poke|p1|Garchomp, L50, F|\n|poke|p1|Aerodactyl, L50, F|\n|poke|p1|Sinistcha, L50|\n|poke|p1|Sneasler, L50, F|\n|poke|p2|Charizard, L50, M|\n|poke|p2|Venusaur, L50, F|\n|poke|p2|Sneasler, L50, F|\n|poke|p2|Basculegion, L50, M|\n|poke|p2|Garchomp, L50, M|\n|poke|p2|Incineroar, L50, M|\n|teampreview|4\n|inactive|Battle timer is ON: inactive players will automatically lose when time's up. (requested by greeencross)\n|inactive|willkeeper also wants the timer to be on.\n|j| Furka58yy\n|j| gE1xjZRtuhW2DdT0AK\n|\n|t:|1775983497\n|teamsize|p1|4\n|teamsize|p2|4\n|start\n|switch|p1a: Aerodactyl|Aerodactyl, L50, F|100/100\n|switch|p1b: Garchomp|Garchomp, L50, F|100/100\n|switch|p2a: Sneasler|Sneasler, L50, F|100/100\n|switch|p2b: Basculegion|Basculegion, L50, M|100/100\n|-ability|p1a: Aerodactyl|Unnerve\n|turn|1\n|\n|t:|1775983520\n|move|p2b: Basculegion|Flip Turn|p1b: Garchomp\n|-damage|p1b: Garchomp|58/100\n|\n|t:|1775983525\n|switch|p2b: Incineroar|Incineroar, L50, M|100/100|[from] Flip Turn\n|-ability|p2b: Incineroar|Intimidate|boost\n|-unboost|p1a: Aerodactyl|atk|1\n|-unboost|p1b: Garchomp|atk|1\n|move|p1a: Aerodactyl|Tailwind|p1a: Aerodactyl\n|-sidestart|p1: greeencross|move: Tailwind\n|move|p1b: Garchomp|Earthquake|p2a: Sneasler|[spread] p2a,p2b\n|-immune|p1a: Aerodactyl\n|-supereffective|p2a: Sneasler|1\n|-supereffective|p2b: Incineroar|1\n|-damage|p2a: Sneasler|15/100\n|-damage|p2b: Incineroar|58/100\n|move|p2a: Sneasler|Close Combat|p1b: Garchomp\n|-damage|p1b: Garchomp|0 fnt\n|-unboost|p2a: Sneasler|def|1\n|-unboost|p2a: Sneasler|spd|1\n|faint|p1b: Garchomp\n|-enditem|p2a: Sneasler|White Herb\n|-clearnegativeboost|p2a: Sneasler|[silent]\n|\n|upkeep\n|l| Furka58yy\n|\n|t:|1775983545\n|switch|p1b: Rotom|Rotom-Wash, L50|100/100\n|turn|2\n|\n|t:|1775983557\n|move|p2b: Incineroar|Fake Out|p1a: Aerodactyl\n|-resisted|p1a: Aerodactyl|1\n|-damage|p1a: Aerodactyl|90/100\n|cant|p1a: Aerodactyl|flinch\n|move|p1b: Rotom|Electroweb|p2a: Sneasler|[spread] p2a,p2b\n|-crit|p2b: Incineroar\n|-damage|p2a: Sneasler|0 fnt\n|-damage|p2b: Incineroar|31/100\n|-unboost|p2b: Incineroar|spe|1\n|faint|p2a: Sneasler\n|\n|upkeep\n|j| DOKIBOKKI\n|\n|t:|1775983565\n|switch|p2a: Basculegion|Basculegion, L50, M|100/100\n|turn|3\n|l| DOKIBOKKI\n|\n|t:|1775983579\n|move|p1a: Aerodactyl|Rock Slide|p2b: Incineroar|[spread] p2a,p2b\n|-supereffective|p2b: Incineroar|1\n|-crit|p2b: Incineroar\n|-damage|p2a: Basculegion|80/100\n|-damage|p2b: Incineroar|0 fnt\n|faint|p2b: Incineroar\n|move|p1b: Rotom|Electroweb|p2a: Basculegion\n|-supereffective|p2a: Basculegion|1\n|-damage|p2a: Basculegion|12/100\n|-unboost|p2a: Basculegion|spe|1\n|move|p2a: Basculegion|Flip Turn|p1a: Aerodactyl\n|-supereffective|p1a: Aerodactyl|1\n|-damage|p1a: Aerodactyl|0 fnt\n|faint|p1a: Aerodactyl\n|\n|t:|1775983592\n|switch|p2a: Charizard|Charizard, L50, M, shiny|100/100|[from] Flip Turn\n|\n|upkeep\n|\n|t:|1775983596\n|switch|p1a: Tyranitar|Tyranitar, L50, M|100/100\n|switch|p2b: Basculegion|Basculegion, L50, M|12/100\n|-weather|Sandstorm|[from] ability: Sand Stream|[of] p1a: Tyranitar\n|turn|4\n|\n|t:|1775983609\n|move|p1a: Tyranitar|Protect|p1a: Tyranitar\n|-singleturn|p1a: Tyranitar|Protect\n|move|p2a: Charizard|Protect|p2a: Charizard\n|-singleturn|p2a: Charizard|Protect\n|move|p1b: Rotom|Electroweb|p2a: Charizard|[spread] p2b\n|-activate|p2a: Charizard|move: Protect\n|-supereffective|p2b: Basculegion|1\n|-damage|p2b: Basculegion|0 fnt\n|faint|p2b: Basculegion\n|\n|-weather|Sandstorm|[upkeep]\n|-damage|p1b: Rotom|95/100|[from] Sandstorm\n|-damage|p2a: Charizard|95/100|[from] Sandstorm\n|-sideend|p1: greeencross|move: Tailwind\n|upkeep\n|turn|5\n|j| Furka58yy\n|-message|willkeeper forfeited.\n|\n|win|greeencross\n|raw|greeencross's rating: 1323 &rarr; <strong>1351</strong><br />(+28 for winning)\n|raw|willkeeper's rating: 1463 &rarr; <strong>1435</strong><br />(-28 for losing)\n|l|\u2606willkeeper\n|player|p2|\n|l|\u2606greeencross\n|player|p1|\n",
  "uploadtime": 1775983639,
  "views": 41,
  "formatid": "gen9championsvgc2026regma",
  "rating": 1351,
  "private": 0,
  "password": null
}