{
  "id": "gen9championsvgc2026regma-2585149226",
  "format": "[Gen 9 Champions] VGC 2026 Reg M-A",
  "players": [
    "MangledGalah",
    "EXSA"
  ],
  "log": "|j|\u2606MangledGalah\n|j|\u2606EXSA\n|t:|1776317820\n|gametype|doubles\n|player|p1|MangledGalah|linebacker|1237\n|player|p2|EXSA|102|1157\n|gen|9\n|tier|[Gen 9 Champions] VGC 2026 Reg M-A\n|rated|\n|rule|Species Clause: Limit one of each Pok\u00e9mon\n|rule|Item Clause: Limit 1 of each item\n|clearpoke\n|poke|p1|Froslass, L50, F|\n|poke|p1|Milotic, L50, M|\n|poke|p1|Dragapult, L50, M|\n|poke|p1|Incineroar, L50, M|\n|poke|p1|Glimmora, L50, F|\n|poke|p1|Hydreigon, L50, F|\n|poke|p2|Orthworm, L50, M|\n|poke|p2|Garchomp, L50, M|\n|poke|p2|Tyranitar, L50, M|\n|poke|p2|Rotom-Wash, L50|\n|poke|p2|Sinistcha, L50|\n|poke|p2|Tinkaton, L50, F|\n|teampreview|4\n|inactive|Battle timer is ON: inactive players will automatically lose when time's up. (requested by MangledGalah)\n|inactive|EXSA has 60 seconds left.\n|inactive|EXSA has 30 seconds left.\n|\n|t:|1776317889\n|teamsize|p1|4\n|teamsize|p2|4\n|start\n|switch|p1a: Dragapult|Dragapult, L50, M|100/100\n|switch|p1b: Incineroar|Incineroar, L50, M|100/100\n|switch|p2a: Garchomp|Garchomp, L50, M|100/100\n|switch|p2b: Rotom|Rotom-Wash, L50, shiny|100/100\n|-ability|p1b: Incineroar|Intimidate|boost\n|-unboost|p2a: Garchomp|atk|1\n|-unboost|p2b: Rotom|atk|1\n|turn|1\n|\n|t:|1776317912\n|move|p2a: Garchomp|Protect|p2a: Garchomp\n|-singleturn|p2a: Garchomp|Protect\n|move|p1b: Incineroar|Fake Out|p2b: Rotom\n|-damage|p2b: Rotom|85/100\n|cant|p2b: Rotom|flinch\n|move|p1a: Dragapult|Will-O-Wisp|p2a: Garchomp\n|-activate|p2a: Garchomp|move: Protect\n|\n|upkeep\n|turn|2\n|\n|t:|1776317933\n|move|p2b: Rotom|Trick|p1b: Incineroar\n|-activate|p2b: Rotom|move: Trick|[of] p1b: Incineroar\n|-item|p1b: Incineroar|Choice Scarf|[from] move: Trick\n|-item|p2b: Rotom|Sitrus Berry|[from] move: Trick\n|move|p1a: Dragapult|Will-O-Wisp|p2a: Garchomp\n|-status|p2a: Garchomp|brn\n|move|p2a: Garchomp|Dragon Claw|p1a: Dragapult\n|-supereffective|p1a: Dragapult|1\n|-damage|p1a: Dragapult|64/100\n|move|p1b: Incineroar|Parting Shot|p2a: Garchomp\n|-unboost|p2a: Garchomp|atk|1\n|-unboost|p2a: Garchomp|spa|1\n|inactive|MangledGalah has 30 seconds left.\n|inactive|MangledGalah has 20 seconds left.\n|inactive|MangledGalah has 15 seconds left.\n|\n|t:|1776317978\n|switch|p1b: Hydreigon|Hydreigon, L50, F, shiny|100/100|[from] Parting Shot\n|\n|-damage|p2a: Garchomp|95/100 brn|[from] brn\n|upkeep\n|turn|3\n|\n|t:|1776317998\n|switch|p2a: Orthworm|Orthworm, L50, M, shiny|100/100\n|switch|p1b: Incineroar|Incineroar, L50, M|100/100\n|-ability|p1b: Incineroar|Intimidate|boost\n|-unboost|p2a: Orthworm|atk|1\n|-unboost|p2b: Rotom|atk|1\n|move|p1a: Dragapult|Dragon Darts|p2a: Orthworm\n|-resisted|p2a: Orthworm|1\n|-damage|p2a: Orthworm|94/100\n|-anim|p1a: Dragapult|Dragon Darts|p2b: Rotom\n|-damage|p2b: Rotom|51/100\n|move|p2b: Rotom|Volt Switch|p1a: Dragapult\n|-resisted|p1a: Dragapult|1\n|-damage|p1a: Dragapult|40/100\n|\n|t:|1776318013\n|switch|p2b: Tyranitar|Tyranitar, L50, M|100/100|[from] Volt Switch\n|-weather|Sandstorm|[from] ability: Sand Stream|[of] p2b: Tyranitar\n|\n|-weather|Sandstorm|[upkeep]\n|-damage|p1a: Dragapult|34/100|[from] Sandstorm\n|-damage|p1b: Incineroar|94/100|[from] Sandstorm\n|upkeep\n|turn|4\n|\n|t:|1776318023\n|move|p2a: Orthworm|Protect|p2a: Orthworm\n|-singleturn|p2a: Orthworm|Protect\n|move|p2b: Tyranitar|Protect|p2b: Tyranitar\n|-singleturn|p2b: Tyranitar|Protect\n|move|p1a: Dragapult|Will-O-Wisp|p2a: Orthworm\n|-activate|p2a: Orthworm|move: Protect\n|move|p1b: Incineroar|Flare Blitz|p2a: Orthworm\n|-activate|p2a: Orthworm|move: Protect\n|\n|-weather|Sandstorm|[upkeep]\n|-damage|p1a: Dragapult|28/100|[from] Sandstorm\n|-damage|p1b: Incineroar|88/100|[from] Sandstorm\n|upkeep\n|turn|5\n|\n|t:|1776318040\n|switch|p1b: Hydreigon|Hydreigon, L50, F, shiny|100/100\n|move|p1a: Dragapult|Will-O-Wisp|p2b: Tyranitar\n|-status|p2b: Tyranitar|brn\n|move|p2a: Orthworm|Shed Tail|p2a: Orthworm\n|-start|p2a: Orthworm|Substitute|[from] move: Shed Tail\n|-damage|p2a: Orthworm|43/100\n|-enditem|p2a: Orthworm|Sitrus Berry|[eat]\n|-heal|p2a: Orthworm|68/100|[from] item: Sitrus Berry\n|\n|t:|1776318053\n|switch|p2a: Garchomp|Garchomp, L50, M|95/100 brn|[from] Shed Tail\n|move|p2b: Tyranitar|Knock Off|p1a: Dragapult\n|-supereffective|p1a: Dragapult|1\n|-damage|p1a: Dragapult|0 fnt\n|-enditem|p1a: Dragapult|Focus Sash|[from] move: Knock Off|[of] p2b: Tyranitar\n|faint|p1a: Dragapult\n|\n|-weather|Sandstorm|[upkeep]\n|-damage|p1b: Hydreigon|95/100|[from] Sandstorm\n|-damage|p2a: Garchomp|89/100 brn|[from] brn\n|-damage|p2b: Tyranitar|95/100 brn|[from] brn\n|upkeep\n|\n|t:|1776318056\n|switch|p1a: Froslass|Froslass, L50, F|100/100\n|turn|6\n|\n|t:|1776318074\n|detailschange|p1a: Froslass|Froslass-Mega, L50, F\n|-mega|p1a: Froslass|Froslass|Froslassite\n|-weather|Snowscape|[from] ability: Snow Warning|[of] p1a: Froslass\n|detailschange|p2b: Tyranitar|Tyranitar-Mega, L50, M\n|-mega|p2b: Tyranitar|Tyranitar|Tyranitarite\n|-weather|Sandstorm|[from] ability: Sand Stream|[of] p2b: Tyranitar\n|move|p1a: Froslass|Blizzard|p2b: Tyranitar|[spread] p2a\n|-miss|p1a: Froslass|p2b: Tyranitar\n|-supereffective|p2a: Garchomp|2\n|-crit|p2a: Garchomp\n|-end|p2a: Garchomp|Substitute\n|move|p2a: Garchomp|Dragon Claw|p1b: Hydreigon\n|-supereffective|p1b: Hydreigon|1\n|-damage|p1b: Hydreigon|47/100\n|move|p1b: Hydreigon|Dark Pulse|p2a: Garchomp\n|-damage|p2a: Garchomp|45/100 brn\n|move|p2b: Tyranitar|Rock Slide|p1a: Froslass|[spread] p1a,p1b\n|-supereffective|p1a: Froslass|1\n|-damage|p1a: Froslass|45/100\n|-damage|p1b: Hydreigon|25/100\n|\n|-weather|Sandstorm|[upkeep]\n|-damage|p1a: Froslass|39/100|[from] Sandstorm\n|-damage|p1b: Hydreigon|19/100|[from] Sandstorm\n|-damage|p2a: Garchomp|39/100 brn|[from] brn\n|-damage|p2b: Tyranitar|89/100 brn|[from] brn\n|upkeep\n|turn|7\n|\n|t:|1776318094\n|switch|p1a: Incineroar|Incineroar, L50, M|88/100\n|-ability|p1a: Incineroar|Intimidate|boost\n|-unboost|p2a: Garchomp|atk|1\n|-unboost|p2b: Tyranitar|atk|1\n|move|p2a: Garchomp|Protect|p2a: Garchomp\n|-singleturn|p2a: Garchomp|Protect\n|move|p1b: Hydreigon|Tailwind|p1b: Hydreigon\n|-sidestart|p1: MangledGalah|move: Tailwind\n|move|p2b: Tyranitar|Rock Slide|p1b: Hydreigon|[spread] p1a,p1b\n|-supereffective|p1a: Incineroar|1\n|-damage|p1a: Incineroar|69/100\n|-damage|p1b: Hydreigon|4/100\n|\n|-weather|Sandstorm|[upkeep]\n|-damage|p1b: Hydreigon|0 fnt|[from] Sandstorm\n|-damage|p1a: Incineroar|63/100|[from] Sandstorm\n|faint|p1b: Hydreigon\n|-damage|p2a: Garchomp|33/100 brn|[from] brn\n|-damage|p2b: Tyranitar|83/100 brn|[from] brn\n|upkeep\n|\n|t:|1776318097\n|switch|p1b: Froslass|Froslass-Mega, L50, F|39/100\n|-weather|Snowscape|[from] ability: Snow Warning|[of] p1b: Froslass\n|turn|8\n|\n|t:|1776318110\n|switch|p2b: Orthworm|Orthworm, L50, M, shiny|68/100\n|move|p2a: Garchomp|Protect||[still]\n|-fail|p2a: Garchomp\n|move|p1b: Froslass|Blizzard|p2b: Orthworm|[spread] p2a,p2b\n|-supereffective|p2a: Garchomp|2\n|-resisted|p2b: Orthworm|1\n|-damage|p2a: Garchomp|0 fnt\n|-damage|p2b: Orthworm|29/100\n|faint|p2a: Garchomp\n|move|p1a: Incineroar|Darkest Lariat|p2b: Orthworm\n|-damage|p2b: Orthworm|10/100\n|\n|-weather|Snowscape|[upkeep]\n|upkeep\n|\n|t:|1776318115\n|switch|p2a: Tyranitar|Tyranitar-Mega, L50, M|83/100 brn\n|-weather|Sandstorm|[from] ability: Sand Stream|[of] p2a: Tyranitar\n|turn|9\n|\n|t:|1776318121\n|switch|p2b: Rotom|Rotom-Wash, L50, shiny|51/100\n|move|p1b: Froslass|Shadow Ball|p2a: Tyranitar\n|-resisted|p2a: Tyranitar|1\n|-damage|p2a: Tyranitar|72/100 brn\n|move|p1a: Incineroar|Darkest Lariat|p2a: Tyranitar\n|-resisted|p2a: Tyranitar|1\n|-damage|p2a: Tyranitar|60/100 brn\n|move|p2a: Tyranitar|Rock Slide|p1a: Incineroar|[spread] p1a,p1b\n|-supereffective|p1a: Incineroar|1\n|-supereffective|p1b: Froslass|1\n|-damage|p1a: Incineroar|31/100\n|-damage|p1b: Froslass|0 fnt\n|faint|p1b: Froslass\n|\n|-weather|Sandstorm|[upkeep]\n|-damage|p1a: Incineroar|25/100|[from] Sandstorm\n|-damage|p2b: Rotom|45/100|[from] Sandstorm\n|-enditem|p2b: Rotom|Sitrus Berry|[eat]\n|-heal|p2b: Rotom|70/100|[from] item: Sitrus Berry\n|-damage|p2a: Tyranitar|54/100 brn|[from] brn\n|upkeep\n|turn|10\n|-message|MangledGalah forfeited.\n|\n|win|EXSA\n|raw|MangledGalah's rating: 1237 &rarr; <strong>1206</strong><br />(-31 for losing)\n|raw|EXSA's rating: 1157 &rarr; <strong>1188</strong><br />(+31 for winning)\n|l|\u2606MangledGalah\n|player|p1|\n",
  "uploadtime": 1776318134,
  "views": 17,
  "formatid": "gen9championsvgc2026regma",
  "rating": 1188,
  "private": 0,
  "password": null
}