{
  "id": "gen9championsvgc2026regma-2585334013",
  "format": "[Gen 9 Champions] VGC 2026 Reg M-A",
  "players": [
    "nestimeow",
    "AidzPlayz"
  ],
  "log": "|j|\u2606nestimeow\n|j|\u2606AidzPlayz\n|t:|1776338817\n|gametype|doubles\n|player|p1|nestimeow|hilda-wonderlauncher|1048\n|player|p2|AidzPlayz|ghetsis-gen5bw|1120\n|gen|9\n|tier|[Gen 9 Champions] VGC 2026 Reg M-A\n|rated|\n|rule|Species Clause: Limit one of each Pok\u00e9mon\n|rule|Item Clause: Limit 1 of each item\n|clearpoke\n|poke|p1|Floette-Eternal, L50, F|\n|poke|p1|Charizard, L50, M|\n|poke|p1|Gyarados, L50, F|\n|poke|p1|Garchomp, L50, F|\n|poke|p1|Sneasler, L50, F|\n|poke|p1|Whimsicott, L50, M|\n|poke|p2|Aerodactyl, L50, F|\n|poke|p2|Incineroar, L50, M|\n|poke|p2|Floette-Eternal, L50, F|\n|poke|p2|Basculegion, L50, M|\n|poke|p2|Garchomp, L50, M|\n|poke|p2|Sneasler, L50, F|\n|teampreview|4\n|inactive|Battle timer is ON: inactive players will automatically lose when time's up. (requested by nestimeow)\n|\n|t:|1776338850\n|teamsize|p1|4\n|teamsize|p2|4\n|start\n|switch|p1a: Charizard|Charizard, L50, M, shiny|100/100\n|switch|p1b: Gyarados|Gyarados, L50, F, shiny|100/100\n|switch|p2a: Aerodactyl|Aerodactyl, L50, F|100/100\n|switch|p2b: Floette|Floette-Eternal, L50, F|100/100\n|-ability|p2a: Aerodactyl|Unnerve\n|-ability|p1b: Gyarados|Intimidate|boost\n|-unboost|p2a: Aerodactyl|atk|1\n|-unboost|p2b: Floette|atk|1\n|turn|1\n|inactive|AidzPlayz has 30 seconds left.\n|inactive|nestimeow has 30 seconds left.\n|\n|t:|1776338886\n|detailschange|p1a: Charizard|Charizard-Mega-Y, L50, M, shiny\n|-mega|p1a: Charizard|Charizard|Charizardite Y\n|-weather|SunnyDay|[from] ability: Drought|[of] p1a: Charizard\n|detailschange|p2b: Floette|Floette-Mega, L50, F\n|-mega|p2b: Floette|Floette|Floettite\n|-ability|p2b: Floette|Fairy Aura\n|move|p2a: Aerodactyl|Tailwind|p2a: Aerodactyl\n|-sidestart|p2: AidzPlayz|move: Tailwind\n|move|p2b: Floette|Moonblast|p1b: Gyarados\n|-damage|p1b: Gyarados|18/100\n|-unboost|p1b: Gyarados|spa|1\n|move|p1a: Charizard|Heat Wave|p2b: Floette|[spread] p2a,p2b\n|-resisted|p2a: Aerodactyl|1\n|-damage|p2a: Aerodactyl|53/100\n|-damage|p2b: Floette|43/100\n|move|p1b: Gyarados|Thunder Wave|p2a: Aerodactyl\n|-status|p2a: Aerodactyl|par\n|\n|-weather|SunnyDay|[upkeep]\n|upkeep\n|turn|2\n|inactive|nestimeow has 30 seconds left.\n|inactive|AidzPlayz has 30 seconds left.\n|\n|t:|1776338915\n|move|p2b: Floette|Light of Ruin|p1a: Charizard\n|-resisted|p1a: Charizard|1\n|-damage|p1a: Charizard|35/100\n|-damage|p2b: Floette|9/100|[from] Recoil\n|move|p2a: Aerodactyl|Rock Slide|p1a: Charizard|[spread] p1a\n|-miss|p2a: Aerodactyl|p1b: Gyarados\n|-supereffective|p1a: Charizard|2\n|-damage|p1a: Charizard|0 fnt\n|faint|p1a: Charizard\n|move|p1b: Gyarados|Icy Wind|p2b: Floette|[spread] p2a\n|-miss|p1b: Gyarados|p2b: Floette\n|-supereffective|p2a: Aerodactyl|1\n|-damage|p2a: Aerodactyl|40/100 par\n|-unboost|p2a: Aerodactyl|spe|1\n|\n|-weather|SunnyDay|[upkeep]\n|upkeep\n|\n|t:|1776338932\n|switch|p1a: Sneasler|Sneasler, L50, F|100/100\n|turn|3\n|\n|t:|1776338947\n|move|p2b: Floette|Dazzling Gleam|p1b: Gyarados|[spread] p1a,p1b\n|-damage|p1a: Sneasler|24/100\n|-damage|p1b: Gyarados|0 fnt\n|faint|p1b: Gyarados\n|move|p1a: Sneasler|Rock Slide|p2a: Aerodactyl|[spread] p2a,p2b\n|-supereffective|p2a: Aerodactyl|1\n|-damage|p2a: Aerodactyl|0 fnt\n|-damage|p2b: Floette|0 fnt\n|faint|p2a: Aerodactyl\n|faint|p2b: Floette\n|\n|-weather|SunnyDay|[upkeep]\n|upkeep\n|\n|t:|1776338958\n|switch|p2a: Incineroar|Incineroar, L50, M|100/100\n|switch|p2b: Sneasler|Sneasler, L50, F|100/100\n|switch|p1b: Whimsicott|Whimsicott, L50, M, shiny|100/100\n|-ability|p2a: Incineroar|Intimidate|boost\n|-unboost|p1a: Sneasler|atk|1\n|-unboost|p1b: Whimsicott|atk|1\n|-enditem|p1a: Sneasler|White Herb\n|-clearnegativeboost|p1a: Sneasler|[silent]\n|turn|4\n|\n|t:|1776338980\n|move|p2a: Incineroar|Fake Out|p1a: Sneasler\n|-damage|p1a: Sneasler|6/100\n|move|p2b: Sneasler|Dire Claw|p1b: Whimsicott\n|-supereffective|p1b: Whimsicott|2\n|-enditem|p1b: Whimsicott|Focus Sash\n|-damage|p1b: Whimsicott|1/100\n|-status|p1b: Whimsicott|psn\n|cant|p1a: Sneasler|flinch\n|move|p1b: Whimsicott|Moonblast|p2b: Sneasler\n|-damage|p2b: Sneasler|50/100\n|\n|-weather|SunnyDay|[upkeep]\n|-damage|p1b: Whimsicott|0 fnt|[from] psn\n|faint|p1b: Whimsicott\n|-sideend|p2: AidzPlayz|move: Tailwind\n|upkeep\n|turn|5\n|-message|nestimeow forfeited.\n|\n|win|AidzPlayz\n|raw|nestimeow's rating: 1048 &rarr; <strong>1034</strong><br />(-14 for losing)\n|raw|AidzPlayz's rating: 1120 &rarr; <strong>1140</strong><br />(+20 for winning)\n",
  "uploadtime": 1776338986,
  "views": 20,
  "formatid": "gen9championsvgc2026regma",
  "rating": 1034,
  "private": 0,
  "password": null
}