{
  "id": "gen9championsvgc2026regma-2583530437",
  "format": "[Gen 9 Champions] VGC 2026 Reg M-A",
  "players": [
    "Triple Goose",
    "Itotio"
  ],
  "log": "|j|\u2606Triple Goose\n|j|\u2606Itotio\n|html|<table width=\"100%\"><tr><td align=\"left\">Triple Goose</td><td align=\"right\">Itotio</tr><tr><td align=\"left\"><i class=\"fa fa-circle-o\"></i> <i class=\"fa fa-circle-o\"></i> </td><td align=\"right\"><i class=\"fa fa-circle-o\"></i> <i class=\"fa fa-circle-o\"></i> </tr></table>\n|uhtml|bestof|<h2><strong>Game 1</strong> of <a href=\"/game-bestof3-gen9championsvgc2026regma-2583530436\">a best-of-3</a></h2>\n|t:|1776181470\n|gametype|doubles\n|player|p1|Triple Goose|juggler|\n|player|p2|Itotio|lucas|\n|gen|9\n|tier|[Gen 9 Champions] VGC 2026 Reg M-A\n|rated|Tournament battle\n|rule|Species Clause: Limit one of each Pok\u00e9mon\n|rule|Item Clause: Limit 1 of each item\n|raw|<div class=\"infobox\"><details class=\"readmore\" open><summary><strong>2 custom rules:</strong></summary> Force Open Team Sheets, Best of = 3</details></div>\n|clearpoke\n|poke|p1|Whimsicott, L50, F|\n|poke|p1|Typhlosion-Hisui, L50, M|\n|poke|p1|Farigiraf, L50, F|\n|poke|p1|Incineroar, L50, M|\n|poke|p1|Sneasler, L50, F|\n|poke|p1|Floette-Eternal, L50, F|\n|poke|p2|Feraligatr, L50, F|\n|poke|p2|Aegislash, L50, F|\n|poke|p2|Sinistcha-Masterpiece, L50|\n|poke|p2|Pelipper, L50, F|\n|poke|p2|Avalugg-Hisui, L50, F|\n|poke|p2|Slowking-Galar, L50, F|\n|teampreview|4\n|showteam|p1|Whimsicott||FocusSash|Prankster|Moonblast,Tailwind,Encore,SunnyDay|||F|||50|]Typhlosion-Hisui||ChoiceScarf|Blaze|HeatWave,Eruption,Overheat,ShadowBall|||M|||50|]Farigiraf||SilkScarf|ArmorTail|Psychic,HyperVoice,TrickRoom,HelpingHand|||F|||50|]Incineroar||SitrusBerry|Intimidate|PartingShot,ThroatChop,FlareBlitz,FakeOut|||M|||50|]Sneasler||WhiteHerb|Unburden|DireClaw,CloseCombat,RockSlide,Protect|||F|||50|]Floette-Eternal||Floettite|FlowerVeil|Moonblast,DazzlingGleam,LightofRuin,Protect|||F|||50|\n|showteam|p2|Feraligatr||Feraligite|Torrent|Protect,DoubleEdge,Liquidation,AquaJet|||F|||50|]Aegislash||SpellTag|StanceChange|Poltergeist,SacredSword,KingsShield,SwordsDance|||F|||50|]Sinistcha-Masterpiece||SitrusBerry|Heatproof|ShadowBall,MatchaGotcha,TrickRoom,RagePowder||||||50|]Pelipper||FocusSash|Drizzle|WeatherBall,Hurricane,WideGuard,Protect|||F|||50|]Avalugg-Hisui||NeverMeltIce|Sturdy|RockSlide,HighHorsepower,MountainGale,Protect|||F|||50|]Slowking-Galar||ColburBerry|CuriousMedicine|TrickRoom,ChillyReception,SludgeBomb,Flamethrower|||F|||50|\n|inactive|Battle timer is ON: inactive players will automatically lose when time's up. (requested by Triple Goose)\n|inactive|Itotio also wants the timer to be on.\n|c|\u2606Triple Goose|glhf\n|j|%llefface\n|j| random1213\n|inactive|Itotio has 60 seconds left.\n|\n|t:|1776181504\n|teamsize|p1|4\n|teamsize|p2|4\n|start\n|switch|p1a: Typhlosion|Typhlosion-Hisui, L50, M|100/100\n|switch|p1b: Whimsicott|Whimsicott, L50, F|100/100\n|switch|p2a: Pelipper|Pelipper, L50, F|100/100\n|switch|p2b: Slowking|Slowking-Galar, L50, F|100/100\n|-weather|RainDance|[from] ability: Drizzle|[of] p2a: Pelipper\n|-clearboost|p2a: Pelipper|[from] ability: Curious Medicine|[of] p2b: Slowking\n|turn|1\n|inactive|Triple Goose has 30 seconds left.\n|\n|t:|1776181532\n|move|p1b: Whimsicott|Sunny Day|p1b: Whimsicott\n|-weather|SunnyDay\n|move|p1a: Typhlosion|Overheat|p2b: Slowking\n|-damage|p2b: Slowking|11/100\n|-unboost|p1a: Typhlosion|spa|2\n|move|p2a: Pelipper|Hurricane|p1b: Whimsicott|[miss]\n|-miss|p2a: Pelipper|p1b: Whimsicott\n|move|p2b: Slowking|Trick Room|p2b: Slowking\n|-fieldstart|move: Trick Room|[of] p2b: Slowking\n|\n|-weather|SunnyDay|[upkeep]\n|upkeep\n|turn|2\n|\n|t:|1776181546\n|switch|p1a: Incineroar|Incineroar, L50, M|100/100\n|-ability|p1a: Incineroar|Intimidate|boost\n|-unboost|p2a: Pelipper|atk|1\n|-unboost|p2b: Slowking|atk|1\n|move|p1b: Whimsicott|Encore|p2b: Slowking\n|-start|p2b: Slowking|Encore\n|move|p2a: Pelipper|Weather Ball|p1b: Whimsicott\n|-supereffective|p1b: Whimsicott|1\n|-enditem|p1b: Whimsicott|Focus Sash\n|-damage|p1b: Whimsicott|1/100\n|move|p2b: Slowking|Trick Room|p2b: Slowking\n|-fieldend|move: Trick Room\n|\n|-weather|SunnyDay|[upkeep]\n|upkeep\n|turn|3\n|j| ReZeroGrav1ty\n|\n|t:|1776181562\n|switch|p1b: Typhlosion|Typhlosion-Hisui, L50, M|100/100\n|switch|p2b: Feraligatr|Feraligatr, L50, F|100/100\n|move|p1a: Incineroar|Fake Out|p2b: Feraligatr\n|-damage|p2b: Feraligatr|88/100\n|move|p2a: Pelipper|Weather Ball|p1b: Typhlosion\n|-resisted|p1b: Typhlosion|1\n|-damage|p1b: Typhlosion|66/100\n|\n|-weather|SunnyDay|[upkeep]\n|upkeep\n|turn|4\n|\n|t:|1776181579\n|move|p2b: Feraligatr|Protect|p2b: Feraligatr\n|-singleturn|p2b: Feraligatr|Protect\n|move|p1b: Typhlosion|Heat Wave|p2a: Pelipper|[spread] p2a\n|-activate|p2b: Feraligatr|move: Protect\n|-resisted|p2a: Pelipper|1\n|-damage|p2a: Pelipper|64/100\n|move|p1a: Incineroar|Parting Shot|p2b: Feraligatr\n|-activate|p2b: Feraligatr|move: Protect\n|move|p2a: Pelipper|Weather Ball|p1b: Typhlosion\n|-resisted|p1b: Typhlosion|1\n|-damage|p1b: Typhlosion|33/100\n|\n|-weather|SunnyDay|[upkeep]\n|upkeep\n|turn|5\n|l| ReZeroGrav1ty\n|\n|t:|1776181595\n|switch|p2a: Slowking|Slowking-Galar, L50, F|11/100\n|-clearboost|p2b: Feraligatr|[from] ability: Curious Medicine|[of] p2a: Slowking\n|detailschange|p2b: Feraligatr|Feraligatr-Mega, L50, F\n|-mega|p2b: Feraligatr|Feraligatr|Feraligite\n|move|p2b: Feraligatr|Aqua Jet|p1b: Typhlosion\n|-supereffective|p1b: Typhlosion|1\n|-damage|p1b: Typhlosion|0 fnt\n|faint|p1b: Typhlosion\n|move|p1a: Incineroar|Parting Shot|p2b: Feraligatr\n|-unboost|p2b: Feraligatr|atk|1\n|-unboost|p2b: Feraligatr|spa|1\n|j| tomcheung22\n|\n|t:|1776181606\n|switch|p1a: Floette|Floette-Eternal, L50, F|100/100|[from] Parting Shot\n|\n|-weather|none\n|upkeep\n|\n|t:|1776181610\n|switch|p1b: Whimsicott|Whimsicott, L50, F|1/100\n|turn|6\n|j| MauseApe\n|\n|t:|1776181621\n|switch|p2b: Pelipper|Pelipper, L50, F|64/100\n|-weather|RainDance|[from] ability: Drizzle|[of] p2b: Pelipper\n|detailschange|p1a: Floette|Floette-Mega, L50, F\n|-mega|p1a: Floette|Floette|Floettite\n|-ability|p1a: Floette|Fairy Aura\n|move|p1b: Whimsicott|Sunny Day|p1b: Whimsicott\n|-weather|SunnyDay\n|move|p1a: Floette|Dazzling Gleam|p2a: Slowking|[spread] p2a,p2b\n|-resisted|p2a: Slowking|1\n|-damage|p2a: Slowking|0 fnt\n|-damage|p2b: Pelipper|0 fnt\n|faint|p2a: Slowking\n|faint|p2b: Pelipper\n|\n|-weather|SunnyDay|[upkeep]\n|upkeep\n|\n|t:|1776181625\n|switch|p2b: Avalugg|Avalugg-Hisui, L50, F|100/100\n|switch|p2a: Feraligatr|Feraligatr-Mega, L50, F|88/100\n|turn|7\n|\n|t:|1776181635\n|move|p1b: Whimsicott|Tailwind|p1b: Whimsicott\n|-sidestart|p1: Triple Goose|move: Tailwind\n|move|p2a: Feraligatr|Aqua Jet|p1b: Whimsicott\n|-resisted|p1b: Whimsicott|1\n|-damage|p1b: Whimsicott|0 fnt\n|faint|p1b: Whimsicott\n|move|p1a: Floette|Dazzling Gleam|p2b: Avalugg|[spread] p2a,p2b\n|-supereffective|p2a: Feraligatr|1\n|-damage|p2a: Feraligatr|0 fnt\n|-damage|p2b: Avalugg|15/100\n|faint|p2a: Feraligatr\n|move|p2b: Avalugg|Mountain Gale|p1a: Floette\n|-damage|p1a: Floette|5/100\n|\n|-weather|SunnyDay|[upkeep]\n|upkeep\n|\n|t:|1776181643\n|switch|p1b: Incineroar|Incineroar, L50, M|100/100\n|-ability|p1b: Incineroar|Intimidate|boost\n|-unboost|p2b: Avalugg|atk|1\n|turn|8\n|\n|t:|1776181649\n|move|p2b: Avalugg|Protect|p2b: Avalugg\n|-singleturn|p2b: Avalugg|Protect\n|move|p1b: Incineroar|Fake Out|p2b: Avalugg\n|-activate|p2b: Avalugg|move: Protect\n|move|p1a: Floette|Moonblast|p2b: Avalugg\n|-activate|p2b: Avalugg|move: Protect\n|\n|-weather|SunnyDay|[upkeep]\n|upkeep\n|turn|9\n|l| tomcheung22\n|\n|t:|1776181654\n|move|p1a: Floette|Moonblast|p2b: Avalugg\n|-damage|p2b: Avalugg|0 fnt\n|faint|p2b: Avalugg\n|\n|win|Triple Goose\n||Triple Goose is ready for game 2.\n|l|\u2606Itotio\n|player|p2|\n||Itotio is ready for game 2.\n|uhtml|next|Next: <a href=\"/battle-gen9championsvgc2026regma-2583533269\"><strong>Game 2 of 3</strong></a>\n|l| MauseApe\n|l|%llefface\n|l| random1213\n",
  "uploadtime": 1776182043,
  "views": 27,
  "formatid": "gen9championsvgc2026regma",
  "rating": null,
  "private": 0,
  "password": null
}