{
  "id": "gen9championsvgc2026regma-2587136761",
  "format": "[Gen 9 Champions] VGC 2026 Reg M-A",
  "players": [
    "zanyo18",
    "GatoLaranja"
  ],
  "log": "|j|\u2606zanyo18\n|j|\u2606GatoLaranja\n|t:|1776498729\n|gametype|doubles\n|player|p1|zanyo18|janine|1053\n|player|p2|GatoLaranja|265|1000\n|gen|9\n|tier|[Gen 9 Champions] VGC 2026 Reg M-A\n|rated|\n|rule|Species Clause: Limit one of each Pok\u00e9mon\n|rule|Item Clause: Limit 1 of each item\n|clearpoke\n|poke|p1|Gengar, L50, F|\n|poke|p1|Pelipper, L50, F|\n|poke|p1|Manectric, L50, M|\n|poke|p1|Sneasler, L50, M|\n|poke|p1|Incineroar, L50, M|\n|poke|p1|Whimsicott, L50, M|\n|poke|p2|Klefki, L50, M|\n|poke|p2|Garganacl, L50, F|\n|poke|p2|Scovillain, L50, F|\n|poke|p2|Sableye, L50, F|\n|poke|p2|Espeon, L50, F|\n|poke|p2|Goodra-Hisui, L50, F|\n|teampreview|4\n|inactive|Battle timer is ON: inactive players will automatically lose when time's up. (requested by zanyo18)\n|inactive|GatoLaranja has 60 seconds left.\nzanyo18 rejected open team sheets.\n|\n|t:|1776498766\n|teamsize|p1|4\n|teamsize|p2|4\n|start\n|switch|p1a: Gengar|Gengar, L50, F|100/100\n|switch|p1b: Whimsicott|Whimsicott, L50, M|100/100\n|switch|p2a: Klefki|Klefki, L50, M|100/100\n|switch|p2b: EL GOBLINO|Sableye, L50, F|100/100\n|turn|1\n|inactive|zanyo18 has 30 seconds left.\n|inactive|GatoLaranja has 30 seconds left.\n|inactive|GatoLaranja has 20 seconds left.\n|\n|t:|1776498806\n|detailschange|p1a: Gengar|Gengar-Mega, L50, F\n|-mega|p1a: Gengar|Gengar|Gengarite\n|move|p1a: Gengar|Protect|p1a: Gengar\n|-singleturn|p1a: Gengar|Protect\n|move|p2b: EL GOBLINO|Fake Out|p1b: Whimsicott\n|-damage|p1b: Whimsicott|90/100\n|cant|p1b: Whimsicott|flinch\n|move|p2a: Klefki|Switcheroo|p1a: Gengar\n|-activate|p1a: Gengar|move: Protect\n|\n|upkeep\n|turn|2\n|inactive|zanyo18 has 30 seconds left.\n|inactive|GatoLaranja has 30 seconds left.\n|inactive|zanyo18 has 20 seconds left.\n|\n|t:|1776498844\n|move|p1b: Whimsicott|Tailwind|p1b: Whimsicott\n|-sidestart|p1: zanyo18|move: Tailwind\n|move|p2a: Klefki|Switcheroo|p1b: Whimsicott\n|-activate|p2a: Klefki|move: Trick|[of] p1b: Whimsicott\n|-item|p1b: Whimsicott|Choice Scarf|[from] move: Switcheroo\n|-item|p2a: Klefki|Focus Sash|[from] move: Switcheroo\n|move|p2b: EL GOBLINO|Disable|p1b: Whimsicott\n|-start|p1b: Whimsicott|Disable|Tailwind\n|move|p1a: Gengar|Shadow Ball|p2b: EL GOBLINO\n|-damage|p2b: EL GOBLINO|35/100\n|\n|upkeep\n|turn|3\n|inactive|zanyo18 has 30 seconds left.\n|inactive|GatoLaranja has 30 seconds left.\n|\n|t:|1776498875\n|move|p1b: Whimsicott|Encore|p2a: Klefki\n|-start|p2a: Klefki|Encore\n|move|p2a: Klefki|Switcheroo||[still]\n|-fail|p2a: Klefki\n|move|p2b: EL GOBLINO|Pain Split|p1a: Gengar\n|-sethp|p1a: Gengar|70/100|[from] move: Pain Split|[silent]\n|-sethp|p2b: EL GOBLINO|60/100|[from] move: Pain Split\n|move|p1a: Gengar|Shadow Ball|p2b: EL GOBLINO\n|-damage|p2b: EL GOBLINO|0 fnt\n|faint|p2b: EL GOBLINO\n|\n|upkeep\n|\n|t:|1776498887\n|switch|p2b: Garganacl|Garganacl, L50, F|100/100\n|turn|4\n|c|\u2606zanyo18|What even is this strategy\n|inactive|zanyo18 has 30 seconds left.\n|\n|t:|1776498916\n|switch|p1b: Incineroar|Incineroar, L50, M|100/100\n|-ability|p1b: Incineroar|Intimidate|boost\n|-unboost|p2a: Klefki|atk|1\n|-unboost|p2b: Garganacl|atk|1\n|move|p2a: Klefki|Switcheroo|p2b: Garganacl\n|-activate|p2a: Klefki|move: Trick|[of] p2b: Garganacl\n|-item|p2b: Garganacl|Focus Sash|[from] move: Switcheroo\n|-item|p2a: Klefki|Chople Berry|[from] move: Switcheroo\n|move|p1a: Gengar|Shadow Ball|p2b: Garganacl\n|-damage|p2b: Garganacl|83/100\n|move|p2b: Garganacl|Salt Cure|p1a: Gengar\n|-crit|p1a: Gengar\n|-damage|p1a: Gengar|37/100\n|-start|p1a: Gengar|Salt Cure\n|\n|-damage|p1a: Gengar|31/100|[from] Salt Cure\n|upkeep\n|turn|5\n|inactive|zanyo18 has 30 seconds left.\n|inactive|GatoLaranja has 30 seconds left.\n|\n|t:|1776498947\n|move|p1a: Gengar|Protect|p1a: Gengar\n|-singleturn|p1a: Gengar|Protect\n|move|p1b: Incineroar|Fake Out|p2b: Garganacl\n|-resisted|p2b: Garganacl|1\n|-damage|p2b: Garganacl|78/100\n|move|p2a: Klefki|Switcheroo|p1b: Incineroar\n|-hint|Since gen 7, Dark is immune to Prankster moves.\n|-immune|p1b: Incineroar\n|cant|p2b: Garganacl|flinch\n|\n|-damage|p1a: Gengar|25/100|[from] Salt Cure\n|-end|p2a: Klefki|Encore\n|-sideend|p1: zanyo18|move: Tailwind\n|upkeep\n|turn|6\n|inactive|zanyo18 has 30 seconds left.\n|inactive|zanyo18 has 20 seconds left.\n|inactive|zanyo18 has 15 seconds left.\n|inactive|zanyo18 has 10 seconds left.\n|\n|t:|1776498994\n|move|p2a: Klefki|Fairy Lock|p2a: Klefki\n|-fieldactivate|move: Fairy Lock\n|move|p1a: Gengar|Shadow Ball|p2b: Garganacl\n|-damage|p2b: Garganacl|61/100\n|move|p1b: Incineroar|Darkest Lariat|p2b: Garganacl\n|-damage|p2b: Garganacl|31/100\n|move|p2b: Garganacl|Salt Cure|p1b: Incineroar\n|-supereffective|p1b: Incineroar|1\n|-damage|p1b: Incineroar|82/100\n|-start|p1b: Incineroar|Salt Cure\n|\n|-damage|p1a: Gengar|19/100|[from] Salt Cure\n|-damage|p1b: Incineroar|76/100|[from] Salt Cure\n|upkeep\n|turn|7\n|inactive|zanyo18 has 30 seconds left.\n|inactive|GatoLaranja has 30 seconds left.\n|inactive|GatoLaranja has 20 seconds left.\n|\n|t:|1776499029\n|move|p2a: Klefki|Protect|p2a: Klefki\n|-singleturn|p2a: Klefki|Protect\n|move|p1a: Gengar|Shadow Ball|p2a: Klefki\n|-activate|p2a: Klefki|move: Protect\n|move|p1b: Incineroar|Parting Shot|p2b: Garganacl\n|-unboost|p2b: Garganacl|atk|1\n|-unboost|p2b: Garganacl|spa|1\n|\n|t:|1776499040\n|switch|p1b: Whimsicott|Whimsicott, L50, M|90/100|[from] Parting Shot\n|move|p2b: Garganacl|Recover|p2b: Garganacl\n|-heal|p2b: Garganacl|82/100\n|\n|-damage|p1a: Gengar|13/100|[from] Salt Cure\n|upkeep\n|turn|8\n|inactive|GatoLaranja has 30 seconds left.\n|\n|t:|1776499066\n|switch|p1a: Pelipper|Pelipper, L50, F|100/100\n|-weather|RainDance|[from] ability: Drizzle|[of] p1a: Pelipper\n|move|p2a: Klefki|Protect||[still]\n|-fail|p2a: Klefki\n|move|p1b: Whimsicott|Encore|p2a: Klefki\n|-start|p2a: Klefki|Encore\n|move|p2b: Garganacl|Block|p1b: Whimsicott\n|-activate|p1b: Whimsicott|trapped\n|\n|-weather|RainDance|[upkeep]\n|upkeep\n|turn|9\n|inactive|zanyo18 has 30 seconds left.\n|\n|t:|1776499099\n|switch|p2a: Goodra|Goodra-Hisui, L50, F|100/100\n|move|p1b: Whimsicott|Encore|p2b: Garganacl\n|-start|p2b: Garganacl|Encore\n|move|p1a: Pelipper|Surf|p2a: Goodra|[spread] p1b,p2a,p2b\n|-resisted|p1b: Whimsicott|1\n|-resisted|p2a: Goodra|1\n|-supereffective|p2b: Garganacl|1\n|-damage|p1b: Whimsicott|57/100\n|-damage|p2a: Goodra|88/100\n|-damage|p2b: Garganacl|21/100\n|move|p2b: Garganacl|Block|p1a: Pelipper\n|-activate|p1a: Pelipper|trapped\n|\n|-weather|RainDance|[upkeep]\n|-heal|p2a: Goodra|94/100|[from] item: Leftovers\n|upkeep\n|turn|10\n|\n|t:|1776499117\n|move|p1b: Whimsicott|Encore||[still]\n|-fail|p1b: Whimsicott\n|move|p2a: Goodra|Life Dew|p2a: Goodra|[spread] p2a,p2b\n|-heal|p2a: Goodra|100/100\n|-heal|p2b: Garganacl|46/100\n|move|p1a: Pelipper|Surf|p2a: Goodra|[spread] p1b,p2a,p2b\n|-resisted|p1b: Whimsicott|1\n|-resisted|p2a: Goodra|1\n|-crit|p2a: Goodra\n|-supereffective|p2b: Garganacl|1\n|-damage|p1b: Whimsicott|22/100\n|-damage|p2a: Goodra|81/100\n|-damage|p2b: Garganacl|0 fnt\n|faint|p2b: Garganacl\n|\n|-weather|RainDance|[upkeep]\n|-heal|p2a: Goodra|87/100|[from] item: Leftovers\n|upkeep\n|\n|t:|1776499130\n|switch|p2b: Klefki|Klefki, L50, M|100/100\n|turn|11\n|inactive|zanyo18 has 30 seconds left.\n|\n|t:|1776499164\n|move|p1b: Whimsicott|Encore|p2a: Goodra\n|-start|p2a: Goodra|Encore\n|move|p2b: Klefki|Switcheroo|p1a: Pelipper\n|-activate|p2b: Klefki|move: Trick|[of] p1a: Pelipper\n|-item|p1a: Pelipper|Chople Berry|[from] move: Switcheroo\n|-item|p2b: Klefki|Leftovers|[from] move: Switcheroo\n|move|p2a: Goodra|Life Dew||[still]|[spread] p2a,p2b\n|-heal|p2a: Goodra|100/100\n|-fail|p2b: Klefki|heal\n|move|p1a: Pelipper|Ice Beam|p2a: Goodra\n|-damage|p2a: Goodra|87/100\n|\n|-weather|RainDance|[upkeep]\n|-heal|p2a: Goodra|93/100|[from] item: Leftovers\n|upkeep\n|turn|12\n|c|\u2606zanyo18|What is even happening\n|inactive|zanyo18 has 30 seconds left.\n|\n|t:|1776499199\n|switch|p1b: Gengar|Gengar-Mega, L50, F|13/100\n|move|p2b: Klefki|Foul Play|p1b: Gengar\n|-supereffective|p1b: Gengar|1\n|-damage|p1b: Gengar|0 fnt\n|faint|p1b: Gengar\n|move|p2a: Goodra|Life Dew||[still]|[spread] p2a,p2b\n|-heal|p2a: Goodra|100/100\n|-fail|p2b: Klefki|heal\n|move|p1a: Pelipper|Ice Beam|p2a: Goodra\n|-damage|p2a: Goodra|87/100\n|\n|-weather|none\n|-heal|p2a: Goodra|92/100|[from] item: Leftovers\n|upkeep\n|\n|t:|1776499212\n|switch|p1b: Whimsicott|Whimsicott, L50, M|22/100\n|turn|13\n|\n|t:|1776499223\n|move|p1b: Whimsicott|Memento|p2a: Goodra\n|-unboost|p2a: Goodra|atk|2\n|-unboost|p2a: Goodra|spa|2\n|faint|p1b: Whimsicott\n|move|p2b: Klefki|Foul Play|p1a: Pelipper\n|-damage|p1a: Pelipper|82/100\n|move|p2a: Goodra|Life Dew||[still]|[spread] p2a,p2b\n|-heal|p2a: Goodra|100/100\n|-fail|p2b: Klefki|heal\n|move|p1a: Pelipper|Surf|p2b: Klefki|[spread] p2a,p2b\n|-resisted|p2a: Goodra|1\n|-damage|p2a: Goodra|92/100\n|-damage|p2b: Klefki|71/100\n|\n|-heal|p2b: Klefki|77/100|[from] item: Leftovers\n|-heal|p2a: Goodra|98/100|[from] item: Leftovers\n|-end|p2a: Goodra|Encore\n|upkeep\n|\n|t:|1776499238\n|switch|p1b: Incineroar|Incineroar, L50, M|76/100\n|-ability|p1b: Incineroar|Intimidate|boost\n|-unboost|p2a: Goodra|atk|1\n|-unboost|p2b: Klefki|atk|1\n|turn|14\n|inactive|zanyo18 has 30 seconds left.\n|\n|t:|1776499264\n|move|p2b: Klefki|Protect|p2b: Klefki\n|-singleturn|p2b: Klefki|Protect\n|move|p1b: Incineroar|Fake Out|p2b: Klefki\n|-activate|p2b: Klefki|move: Protect\n|move|p2a: Goodra|Shelter|p2a: Goodra\n|-boost|p2a: Goodra|def|2\n|move|p1a: Pelipper|Ice Beam|p2a: Goodra\n|-damage|p2a: Goodra|83/100\n|-status|p2a: Goodra|frz\n|\n|-heal|p2b: Klefki|83/100|[from] item: Leftovers\n|-heal|p2a: Goodra|89/100 frz|[from] item: Leftovers\n|upkeep\n|turn|15\n|inactive|zanyo18 has 30 seconds left this turn.\n|inactive|zanyo18 has 20 seconds left.\n|inactive|zanyo18 has 15 seconds left.\n|inactive|zanyo18 has 10 seconds left.\n|\n|t:|1776499288\n|move|p2b: Klefki|Foul Play|p1b: Incineroar\n|-resisted|p1b: Incineroar|1\n|-damage|p1b: Incineroar|60/100\n|move|p1b: Incineroar|Darkest Lariat|p2a: Goodra\n|-damage|p2a: Goodra|46/100 frz\n|-ability|p2a: Goodra|Gooey\n|-unboost|p1b: Incineroar|spe|1\n|cant|p2a: Goodra|frz\n|move|p1a: Pelipper|Ice Beam|p2a: Goodra\n|-damage|p2a: Goodra|30/100 frz\n|\n|-heal|p2b: Klefki|90/100|[from] item: Leftovers\n|-heal|p2a: Goodra|36/100 frz|[from] item: Leftovers\n|upkeep\n|turn|16\n|inactive|zanyo18 has 10 seconds left this turn.\n|inactive|zanyo18 has 5 seconds left.\n|-message|zanyo18 lost due to inactivity.\n|\n|win|GatoLaranja\n|raw|zanyo18's rating: 1053 &rarr; <strong>1032</strong><br />(-21 for losing)\n|raw|GatoLaranja's rating: 1000 &rarr; <strong>1046</strong><br />(+46 for winning)\n|c|\u2606zanyo18|Wait what\n|c|\u2606zanyo18|I did my move\n|c|\u2606zanyo18|Bro what\n|l|\u2606zanyo18\n|player|p1|\n|c|\u2606GatoLaranja|I didn't understand the timer too\n|c|\u2606GatoLaranja|lol\n|j|\u2606zanyo18\n|player|p1|zanyo18|janine|\n",
  "uploadtime": 1776499332,
  "views": 21,
  "formatid": "gen9championsvgc2026regma",
  "rating": 1032,
  "private": 0,
  "password": null
}