{
  "id": "gen9championsvgc2026regma-2586576229",
  "format": "[Gen 9 Champions] VGC 2026 Reg M-A",
  "players": [
    "Striker-sama",
    "SpinosZER0"
  ],
  "log": "|j|\u2606Striker-sama\n|j|\u2606SpinosZER0\n|t:|1776444270\n|gametype|doubles\n|player|p1|Striker-sama|2|1039\n|player|p2|SpinosZER0|ghetsis-gen5bw|1000\n|gen|9\n|tier|[Gen 9 Champions] VGC 2026 Reg M-A\n|rated|\n|rule|Species Clause: Limit one of each Pok\u00e9mon\n|rule|Item Clause: Limit 1 of each item\n|clearpoke\n|poke|p1|Gallade, L50, M|\n|poke|p1|Whimsicott, L50, F|\n|poke|p1|Incineroar, L50, F|\n|poke|p1|Charizard, L50, F|\n|poke|p1|Garchomp, L50, F|\n|poke|p1|Sinistcha, L50|\n|poke|p2|Basculegion, L50, M|\n|poke|p2|Archaludon, L50, M|\n|poke|p2|Palafin, L50, M|\n|poke|p2|Pelipper, L50, F|\n|poke|p2|Incineroar, L50, F|\n|poke|p2|Lucario, L50, M|\n|teampreview|4\n|\n|t:|1776444329\n|teamsize|p1|4\n|teamsize|p2|4\n|start\n|switch|p1a: Charizard|Charizard, L50, F, shiny|100/100\n|switch|p1b: Sinistcha|Sinistcha, L50|100/100\n|switch|p2a: Basculegion|Basculegion, L50, M, shiny|100/100\n|switch|p2b: Pelipper|Pelipper, L50, F, shiny|100/100\n|-ability|p2a: Basculegion|Mold Breaker\n|-weather|RainDance|[from] ability: Drizzle|[of] p2b: Pelipper\n|turn|1\n|inactive|Battle timer is ON: inactive players will automatically lose when time's up. (requested by SpinosZER0)\n|\n|t:|1776444373\n|detailschange|p1a: Charizard|Charizard-Mega-Y, L50, F, shiny\n|-mega|p1a: Charizard|Charizard|Charizardite Y\n|-weather|SunnyDay|[from] ability: Drought|[of] p1a: Charizard\n|move|p2a: Basculegion|Flip Turn|p1a: Charizard\n|-supereffective|p1a: Charizard|1\n|-damage|p1a: Charizard|68/100\n|\n|t:|1776444383\n|switch|p2a: Incineroar|Incineroar, L50, F, shiny|100/100|[from] Flip Turn\n|-ability|p2a: Incineroar|Intimidate|boost\n|-unboost|p1a: Charizard|atk|1\n|-unboost|p1b: Sinistcha|atk|1\n|move|p1a: Charizard|Solar Beam||[still]\n|-prepare|p1a: Charizard|Solar Beam\n|-anim|p1a: Charizard|Solar Beam|p2a: Incineroar\n|-resisted|p2a: Incineroar|1\n|-damage|p2a: Incineroar|78/100\n|move|p2b: Pelipper|Tailwind|p2b: Pelipper\n|-sidestart|p2: SpinosZER0|move: Tailwind\n|move|p1b: Sinistcha|Matcha Gotcha|p2a: Incineroar|[spread] p2a,p2b\n|-resisted|p2a: Incineroar|1\n|-damage|p2a: Incineroar|65/100\n|-damage|p2b: Pelipper|69/100\n|\n|-weather|SunnyDay|[upkeep]\n|upkeep\n|turn|2\n|\n|t:|1776444406\n|switch|p1b: Garchomp|Garchomp, L50, F|100/100\n|move|p1a: Charizard|Protect|p1a: Charizard\n|-singleturn|p1a: Charizard|Protect\n|move|p2a: Incineroar|Fake Out|p1a: Charizard\n|-activate|p1a: Charizard|move: Protect\n|move|p2b: Pelipper|Rain Dance|p2b: Pelipper\n|-weather|RainDance\n|\n|-weather|RainDance|[upkeep]\n|upkeep\n|turn|3\n|\n|t:|1776444427\n|move|p2a: Incineroar|Parting Shot|p1b: Garchomp\n|-unboost|p1b: Garchomp|atk|1\n|-unboost|p1b: Garchomp|spa|1\n|\n|t:|1776444431\n|switch|p2a: Basculegion|Basculegion, L50, M, shiny|100/100|[from] Parting Shot\n|-ability|p2a: Basculegion|Mold Breaker\n|move|p1b: Garchomp|Rock Slide|p2a: Basculegion|[spread] p2b\n|-miss|p1b: Garchomp|p2a: Basculegion\n|-supereffective|p2b: Pelipper|1\n|-damage|p2b: Pelipper|38/100\n|move|p2b: Pelipper|Hurricane|p1b: Garchomp\n|-damage|p1b: Garchomp|60/100\n|move|p1a: Charizard|Weather Ball|p2a: Basculegion\n|-resisted|p2a: Basculegion|1\n|-damage|p2a: Basculegion|67/100\n|\n|-weather|RainDance|[upkeep]\n|upkeep\n|turn|4\n|inactive|SpinosZER0 has 30 seconds left.\n|\n|t:|1776444457\n|switch|p1a: Sinistcha|Sinistcha, L50|100/100\n|-heal|p1b: Garchomp|85/100|[from] ability: Hospitality|[of] p1a: Sinistcha\n|move|p2b: Pelipper|Protect|p2b: Pelipper\n|-singleturn|p2b: Pelipper|Protect\n|move|p2a: Basculegion|Wave Crash|p1b: Garchomp\n|-damage|p1b: Garchomp|5/100\n|-damage|p2a: Basculegion|54/100|[from] ability: Rough Skin|[of] p1b: Garchomp\n|-damage|p2a: Basculegion|31/100|[from] Recoil\n|move|p1b: Garchomp|Rock Slide|p2a: Basculegion|[spread] p2a\n|-activate|p2b: Pelipper|move: Protect\n|-damage|p2a: Basculegion|14/100\n|\n|-weather|RainDance|[upkeep]\n|-sideend|p2: SpinosZER0|move: Tailwind\n|upkeep\n|turn|5\n|inactive|SpinosZER0 has 30 seconds left.\n|inactive|Striker-sama has 30 seconds left.\n|\n|t:|1776444492\n|move|p1a: Sinistcha|Rage Powder|p1a: Sinistcha\n|-singleturn|p1a: Sinistcha|move: Rage Powder\n|move|p1b: Garchomp|Rock Slide|p2b: Pelipper|[spread] p2a,p2b\n|-supereffective|p2b: Pelipper|1\n|-damage|p2a: Basculegion|0 fnt\n|-damage|p2b: Pelipper|9/100\n|faint|p2a: Basculegion\n|move|p2b: Pelipper|Hurricane|p1a: Sinistcha\n|-supereffective|p1a: Sinistcha|1\n|-damage|p1a: Sinistcha|32/100\n|-enditem|p1a: Sinistcha|Sitrus Berry|[eat]\n|-heal|p1a: Sinistcha|56/100|[from] item: Sitrus Berry\n|\n|-weather|RainDance|[upkeep]\n|upkeep\n|\n|t:|1776444503\n|switch|p2a: Lucario|Lucario, L50, M, shiny|100/100\n|turn|6\n|inactive|Striker-sama has 30 seconds left.\n|\n|t:|1776444535\n|switch|p1a: Incineroar|Incineroar, L50, F|100/100\n|-ability|p1a: Incineroar|Intimidate|boost\n|-fail|p2a: Lucario|unboost|Attack|[from] ability: Inner Focus|[of] p2a: Lucario\n|-unboost|p2b: Pelipper|atk|1\n|detailschange|p2a: Lucario|Lucario-Mega, L50, M, shiny\n|-mega|p2a: Lucario|Lucario|Lucarionite\n|move|p2b: Pelipper|Protect|p2b: Pelipper\n|-singleturn|p2b: Pelipper|Protect\n|move|p1b: Garchomp|Rock Slide|p2a: Lucario|[spread] p2a\n|-activate|p2b: Pelipper|move: Protect\n|-resisted|p2a: Lucario|2\n|-damage|p2a: Lucario|96/100\n|move|p2a: Lucario|Swords Dance|p2a: Lucario\n|-boost|p2a: Lucario|atk|2\n|\n|-weather|none\n|upkeep\n|turn|7\n|inactive|SpinosZER0 has 30 seconds left.\n|inactive|Striker-sama has 30 seconds left.\n|inactive|Striker-sama has 20 seconds left.\n|\n|t:|1776444577\n|switch|p2b: Incineroar|Incineroar, L50, F, shiny|65/100\n|-ability|p2b: Incineroar|Intimidate|boost\n|-unboost|p1a: Incineroar|atk|1\n|-unboost|p1b: Garchomp|atk|1\n|switch|p1a: Charizard|Charizard-Mega-Y, L50, F, shiny|68/100\n|-weather|SunnyDay|[from] ability: Drought|[of] p1a: Charizard\n|move|p1b: Garchomp|Rock Slide|p2a: Lucario|[spread] \n|-miss|p1b: Garchomp|p2a: Lucario\n|-miss|p1b: Garchomp|p2b: Incineroar\n|move|p2a: Lucario|Meteor Mash|p1b: Garchomp\n|-damage|p1b: Garchomp|0 fnt\n|-damage|p2a: Lucario|83/100|[from] ability: Rough Skin|[of] p1b: Garchomp\n|faint|p1b: Garchomp\n|\n|-weather|SunnyDay|[upkeep]\n|upkeep\n|\n|t:|1776444598\n|switch|p1b: Sinistcha|Sinistcha, L50|56/100\n|-heal|p1a: Charizard|93/100|[from] ability: Hospitality|[of] p1b: Sinistcha\n|turn|8\n|\n|t:|1776444611\n|switch|p1a: Incineroar|Incineroar, L50, F|100/100\n|-ability|p1a: Incineroar|Intimidate|boost\n|-unboost|p2a: Lucario|atk|1\n|-unboost|p2b: Incineroar|atk|1\n|move|p2b: Incineroar|Fake Out|p1a: Incineroar\n|-damage|p1a: Incineroar|94/100\n|move|p2a: Lucario|Meteor Mash|p1b: Sinistcha\n|-damage|p1b: Sinistcha|0 fnt\n|faint|p1b: Sinistcha\n|\n|-weather|SunnyDay|[upkeep]\n|upkeep\n|\n|t:|1776444623\n|switch|p1b: Charizard|Charizard-Mega-Y, L50, F, shiny|93/100\n|turn|9\n|inactive|SpinosZER0 has 30 seconds left.\n|\n|t:|1776444651\n|move|p1a: Incineroar|Fake Out|p2a: Lucario\n|-resisted|p2a: Lucario|1\n|-damage|p2a: Lucario|76/100\n|cant|p2a: Lucario|flinch\n|move|p1b: Charizard|Heat Wave|p2b: Incineroar|[spread] p2a,p2b\n|-supereffective|p2a: Lucario|1\n|-resisted|p2b: Incineroar|1\n|-damage|p2a: Lucario|0 fnt\n|-damage|p2b: Incineroar|35/100\n|faint|p2a: Lucario\n|move|p2b: Incineroar|Parting Shot|p1b: Charizard\n|-unboost|p1b: Charizard|atk|1\n|-unboost|p1b: Charizard|spa|1\n|\n|t:|1776444662\n|switch|p2b: Pelipper|Pelipper, L50, F, shiny|9/100|[from] Parting Shot\n|-weather|RainDance|[from] ability: Drizzle|[of] p2b: Pelipper\n|\n|-weather|RainDance|[upkeep]\n|upkeep\n|\n|t:|1776444668\n|switch|p2a: Incineroar|Incineroar, L50, F, shiny|35/100\n|-ability|p2a: Incineroar|Intimidate|boost\n|-unboost|p1a: Incineroar|atk|1\n|-unboost|p1b: Charizard|atk|1\n|turn|10\n|-message|SpinosZER0 forfeited.\n|\n|win|Striker-sama\n|raw|Striker-sama's rating: 1039 &rarr; <strong>1069</strong><br />(+30 for winning)\n|raw|SpinosZER0's rating: 1000 &rarr; <strong>1000</strong><br />(+0 for losing)\n|l|\u2606SpinosZER0\n|player|p2|\n",
  "uploadtime": 1776444696,
  "views": 17,
  "formatid": "gen9championsvgc2026regma",
  "rating": 1000,
  "private": 0,
  "password": null
}