{
  "id": "gen9championsvgc2026regma-2582927822",
  "format": "[Gen 9 Champions] VGC 2026 Reg M-A",
  "players": [
    "ItzAlijah",
    "Cube Holder"
  ],
  "log": "|j|\u2606ItzAlijah\n|j|\u2606Cube Holder\n|t:|1776125746\n|gametype|doubles\n|player|p1|ItzAlijah|169|1041\n|player|p2|Cube Holder|102|1102\n|gen|9\n|tier|[Gen 9 Champions] VGC 2026 Reg M-A\n|rated|\n|rule|Species Clause: Limit one of each Pok\u00e9mon\n|rule|Item Clause: Limit 1 of each item\n|clearpoke\n|poke|p1|Ampharos, L50, M|\n|poke|p1|Farigiraf, L50, F|\n|poke|p1|Maushold-Four, L50|\n|poke|p1|Garbodor, L50, M|\n|poke|p1|Avalugg-Hisui, L50, F|\n|poke|p1|Chimecho, L50, M|\n|poke|p2|Aerodactyl, L50, F|\n|poke|p2|Greninja-*, L50, M|\n|poke|p2|Charizard, L50, M|\n|poke|p2|Sneasler, L50, M|\n|poke|p2|Kangaskhan, L50, F|\n|poke|p2|Venusaur, L50, M|\n|teampreview|4\nCube Holder has agreed to open team sheets.\n|c|\u2606Cube Holder|garbodor is my favorite mon\n|\n|t:|1776125783\n|teamsize|p1|4\n|teamsize|p2|4\n|start\n|switch|p1a: Farigiraf|Farigiraf, L50, F|100/100\n|switch|p1b: Maushold|Maushold-Four, L50|100/100\n|switch|p2a: Kangaskhan|Kangaskhan, L50, F|100/100\n|switch|p2b: Sneasler|Sneasler, L50, M|100/100\n|turn|1\n|\n|t:|1776125803\n|switch|p2a: Greninja|Greninja, L50, M|100/100\n|move|p1b: Maushold|Follow Me|p1b: Maushold\n|-singleturn|p1b: Maushold|move: Follow Me\n|move|p2b: Sneasler|Close Combat|p1b: Maushold\n|-supereffective|p1b: Maushold|1\n|-enditem|p1b: Maushold|Chople Berry|[eat]\n|-enditem|p1b: Maushold|Chople Berry|[weaken]\n|-damage|p1b: Maushold|1/100\n|-unboost|p2b: Sneasler|def|1\n|-unboost|p2b: Sneasler|spd|1\n|-enditem|p2b: Sneasler|White Herb\n|-clearnegativeboost|p2b: Sneasler|[silent]\n|move|p1a: Farigiraf|Trick Room|p1a: Farigiraf\n|-fieldstart|move: Trick Room|[of] p1a: Farigiraf\n|\n|upkeep\n|turn|2\n|\n|t:|1776125828\n|move|p1a: Farigiraf|Protect|p1a: Farigiraf\n|-singleturn|p1a: Farigiraf|Protect\n|move|p2a: Greninja|U-turn|p1b: Maushold\n|-start|p2a: Greninja|typechange|Bug|[from] ability: Protean\n|-damage|p1b: Maushold|0 fnt\n|faint|p1b: Maushold\n|\n|t:|1776125841\n|switch|p2a: Aerodactyl|Aerodactyl, L50, F, shiny|100/100|[from] U-turn\n|-ability|p2a: Aerodactyl|Pressure\n|move|p2b: Sneasler|Dire Claw|p1a: Farigiraf\n|-activate|p1a: Farigiraf|move: Protect\n|\n|upkeep\n|\n|t:|1776125848\n|switch|p1b: Avalugg|Avalugg-Hisui, L50, F|100/100\n|turn|3\n|\n|t:|1776125858\n|move|p1a: Farigiraf|Helping Hand|p1b: Avalugg\n|-singleturn|p1b: Avalugg|Helping Hand|[of] p1a: Farigiraf\n|move|p1b: Avalugg|Rock Slide|p2b: Sneasler|[spread] p2a,p2b\n|-supereffective|p2a: Aerodactyl|1\n|-resisted|p2b: Sneasler|1\n|-damage|p2a: Aerodactyl|0 fnt\n|-damage|p2b: Sneasler|62/100\n|faint|p2a: Aerodactyl\n|cant|p2b: Sneasler|flinch\n|\n|upkeep\n|\n|t:|1776125869\n|switch|p2a: Greninja|Greninja, L50, M|100/100\n|turn|4\n|\n|t:|1776125889\n|switch|p1b: Ampharos|Ampharos, L50, M, shiny|100/100\n|move|p1a: Farigiraf|Hyper Voice|p2a: Greninja|[spread] p2a,p2b\n|-damage|p2a: Greninja|58/100\n|-damage|p2b: Sneasler|25/100\n|move|p2a: Greninja|U-turn|p1a: Farigiraf\n|-start|p2a: Greninja|typechange|Bug|[from] ability: Protean\n|-supereffective|p1a: Farigiraf|1\n|-damage|p1a: Farigiraf|51/100\n|\n|t:|1776125899\n|switch|p2a: Kangaskhan|Kangaskhan, L50, F|100/100|[from] U-turn\n|move|p2b: Sneasler|Close Combat|p1b: Ampharos\n|-damage|p1b: Ampharos|32/100\n|-unboost|p2b: Sneasler|def|1\n|-unboost|p2b: Sneasler|spd|1\n|\n|upkeep\n|turn|5\n|\n|t:|1776125943\n|switch|p2b: Greninja|Greninja, L50, M|58/100\n|detailschange|p1b: Ampharos|Ampharos-Mega, L50, M, shiny\n|-mega|p1b: Ampharos|Ampharos|Ampharosite\n|-ability|p1b: Ampharos|Mold Breaker\n|detailschange|p2a: Kangaskhan|Kangaskhan-Mega, L50, F\n|-mega|p2a: Kangaskhan|Kangaskhan|Kangaskhanite\n|move|p1b: Ampharos|Thunderbolt|p2a: Kangaskhan\n|-crit|p2a: Kangaskhan\n|-damage|p2a: Kangaskhan|18/100\n|move|p1a: Farigiraf|Hyper Voice|p2a: Kangaskhan|[spread] p2a,p2b\n|-damage|p2a: Kangaskhan|0 fnt\n|-damage|p2b: Greninja|16/100\n|faint|p2a: Kangaskhan\n|\n|-fieldend|move: Trick Room\n|upkeep\n|\n|t:|1776125956\n|switch|p2a: Sneasler|Sneasler, L50, M|25/100\n|turn|6\n|\n|t:|1776125967\n|move|p1b: Ampharos|Protect|p1b: Ampharos\n|-singleturn|p1b: Ampharos|Protect\n|move|p2b: Greninja|Ice Beam|p1b: Ampharos\n|-start|p2b: Greninja|typechange|Ice|[from] ability: Protean\n|-activate|p1b: Ampharos|move: Protect\n|move|p2a: Sneasler|Close Combat|p1a: Farigiraf\n|-damage|p1a: Farigiraf|0 fnt\n|-unboost|p2a: Sneasler|def|1\n|-unboost|p2a: Sneasler|spd|1\n|faint|p1a: Farigiraf\n|\n|upkeep\n|\n|t:|1776125978\n|switch|p1a: Avalugg|Avalugg-Hisui, L50, F|100/100\n|turn|7\n|\n|t:|1776126002\n|move|p2b: Greninja|Ice Beam|p1b: Ampharos\n|-supereffective|p1b: Ampharos|1\n|-damage|p1b: Ampharos|0 fnt\n|faint|p1b: Ampharos\n|move|p2a: Sneasler|Close Combat|p1a: Avalugg\n|-supereffective|p1a: Avalugg|2\n|-damage|p1a: Avalugg|0 fnt\n|-unboost|p2a: Sneasler|def|1\n|-unboost|p2a: Sneasler|spd|1\n|faint|p1a: Avalugg\n|\n|win|Cube Holder\n|raw|ItzAlijah's rating: 1041 &rarr; <strong>1028</strong><br />(-13 for losing)\n|raw|Cube Holder's rating: 1102 &rarr; <strong>1123</strong><br />(+21 for winning)\n|l|\u2606ItzAlijah\n|player|p1|\n",
  "uploadtime": 1776126016,
  "views": 12,
  "formatid": "gen9championsvgc2026regma",
  "rating": 1028,
  "private": 0,
  "password": null
}