{
  "id": "gen9championsvgc2026regma-2581552812",
  "format": "[Gen 9 Champions] VGC 2026 Reg M-A",
  "players": [
    "zane121",
    "thecamback"
  ],
  "log": "|j|\u2606zane121\n|j|\u2606thecamback\n|t:|1776010414\n|gametype|doubles\n|player|p1|zane121|swimmerf-gen4dp|1056\n|player|p2|thecamback|marshal|1108\n|gen|9\n|tier|[Gen 9 Champions] VGC 2026 Reg M-A\n|rated|\n|rule|Species Clause: Limit one of each Pok\u00e9mon\n|rule|Item Clause: Limit 1 of each item\n|clearpoke\n|poke|p1|Zoroark-Hisui, L50, F|\n|poke|p1|Krookodile, L50, F|\n|poke|p1|Whimsicott, L50, M|\n|poke|p1|Sneasler, L50, F|\n|poke|p1|Tyranitar, L50, F|\n|poke|p1|Excadrill, L50, M|\n|poke|p2|Houndoom, L50, M|\n|poke|p2|Mudsdale, L50, M|\n|poke|p2|Whimsicott, L50, M|\n|poke|p2|Torkoal, L50, M|\n|poke|p2|Heliolisk, L50, F|\n|poke|p2|Archaludon, L50, M|\n|teampreview|4\n|inactive|Battle timer is ON: inactive players will automatically lose when time's up. (requested by thecamback)\n|\n|t:|1776010445\n|teamsize|p1|4\n|teamsize|p2|4\n|start\n|switch|p1a: Whimsicott|Whimsicott, L50, M|100/100\n|switch|p1b: Excadrill|Excadrill, L50, M|100/100\n|switch|p2a: Whimsicott|Whimsicott, L50, M|100/100\n|switch|p2b: Mudsdale|Mudsdale, L50, M|100/100\n|turn|1\n|c|\u2606thecamback|zoroark\n|inactive|zane121 has 30 seconds left.\n|inactive|zane121 has 20 seconds left.\n|\n|t:|1776010480\n|move|p1a: Whimsicott|Fake Tears|p2b: Mudsdale\n|-unboost|p2b: Mudsdale|spd|2\n|move|p1b: Excadrill|Bitter Malice|p2b: Mudsdale\n|-damage|p2b: Mudsdale|21/100\n|-unboost|p2b: Mudsdale|atk|1\n|-ability|p2b: Mudsdale|Stamina|boost\n|-boost|p2b: Mudsdale|def|1\n|move|p2b: Mudsdale|Curse|p2b: Mudsdale\n|-unboost|p2b: Mudsdale|spe|1\n|-boost|p2b: Mudsdale|atk|1\n|-boost|p2b: Mudsdale|def|1\n|move|p2a: Whimsicott|Trick Room|p2a: Whimsicott\n|-fieldstart|move: Trick Room|[of] p2a: Whimsicott\n|\n|upkeep\n|turn|2\n|inactive|zane121 has 30 seconds left.\n|\n|t:|1776010507\n|move|p1b: Excadrill|Protect|p1b: Excadrill\n|-singleturn|p1b: Excadrill|Protect\n|move|p2a: Whimsicott|Light Screen|p2a: Whimsicott\n|-sidestart|p2: thecamback|move: Light Screen\n|move|p2b: Mudsdale|High Horsepower|p1b: Excadrill\n|-activate|p1b: Excadrill|move: Protect\n|move|p1a: Whimsicott|Moonblast|p2b: Mudsdale\n|-damage|p2b: Mudsdale|0 fnt\n|faint|p2b: Mudsdale\n|\n|upkeep\n|\n|t:|1776010517\n|switch|p2b: Torkoal|Torkoal, L50, M|100/100\n|-weather|SunnyDay|[from] ability: Drought|[of] p2b: Torkoal\n|turn|3\n|inactive|thecamback has 30 seconds left.\n|inactive|zane121 has 30 seconds left.\n|\n|t:|1776010553\n|switch|p1b: Tyranitar|Tyranitar, L50, F|100/100\n|-weather|Sandstorm|[from] ability: Sand Stream|[of] p1b: Tyranitar\n|move|p1a: Whimsicott|Light Screen|p1a: Whimsicott\n|-sidestart|p1: zane121|move: Light Screen\n|move|p2b: Torkoal|Weather Ball|p1b: Tyranitar\n|-damage|p1b: Tyranitar|91/100\n|move|p2a: Whimsicott|Trick Room|p2a: Whimsicott\n|-fieldend|move: Trick Room\n|\n|-weather|Sandstorm|[upkeep]\n|-damage|p2a: Whimsicott|95/100|[from] Sandstorm\n|-damage|p1a: Whimsicott|95/100|[from] Sandstorm\n|-damage|p2b: Torkoal|95/100|[from] Sandstorm\n|-heal|p2b: Torkoal|100/100|[from] item: Leftovers\n|upkeep\n|turn|4\n|inactive|zane121 has 30 seconds left.\n|\n|t:|1776010579\n|move|p2b: Torkoal|Protect|p2b: Torkoal\n|-singleturn|p2b: Torkoal|Protect\n|move|p2a: Whimsicott|Tailwind|p2a: Whimsicott\n|-sidestart|p2: thecamback|move: Tailwind\n|move|p1a: Whimsicott|Tailwind|p1a: Whimsicott\n|-sidestart|p1: zane121|move: Tailwind\n|move|p1b: Tyranitar|Rock Slide|p2b: Torkoal|[spread] p2a\n|-activate|p2b: Torkoal|move: Protect\n|-damage|p2a: Whimsicott|61/100\n|\n|-weather|Sandstorm|[upkeep]\n|-damage|p2a: Whimsicott|55/100|[from] Sandstorm\n|-damage|p1a: Whimsicott|89/100|[from] Sandstorm\n|-damage|p2b: Torkoal|95/100|[from] Sandstorm\n|-heal|p2b: Torkoal|100/100|[from] item: Leftovers\n|upkeep\n|turn|5\n|inactive|thecamback has 30 seconds left.\n|\n|t:|1776010611\n|move|p2a: Whimsicott|Endeavor|p1b: Tyranitar\n|-damage|p1b: Tyranitar|43/100\n|move|p1a: Whimsicott|Moonblast|p2b: Torkoal\n|-resisted|p2b: Torkoal|1\n|-damage|p2b: Torkoal|88/100\n|move|p1b: Tyranitar|Rock Slide|p2b: Torkoal|[spread] p2a,p2b\n|-supereffective|p2b: Torkoal|1\n|-damage|p2a: Whimsicott|23/100\n|-damage|p2b: Torkoal|30/100\n|move|p2b: Torkoal|Weather Ball|p1b: Tyranitar\n|-damage|p1b: Tyranitar|33/100\n|\n|-weather|Sandstorm|[upkeep]\n|-damage|p2a: Whimsicott|17/100|[from] Sandstorm\n|-damage|p1a: Whimsicott|83/100|[from] Sandstorm\n|-damage|p2b: Torkoal|24/100|[from] Sandstorm\n|-heal|p2b: Torkoal|30/100|[from] item: Leftovers\n|upkeep\n|turn|6\n|inactive|thecamback has 30 seconds left.\n|inactive|zane121 has 30 seconds left.\n|\n|t:|1776010645\n|move|p2b: Torkoal|Protect|p2b: Torkoal\n|-singleturn|p2b: Torkoal|Protect\n|move|p2a: Whimsicott|Endeavor|p1a: Whimsicott\n|-damage|p1a: Whimsicott|16/100\n|move|p1a: Whimsicott|Moonblast|p2a: Whimsicott\n|-damage|p2a: Whimsicott|0 fnt\n|faint|p2a: Whimsicott\n|move|p1b: Tyranitar|Ice Fang|p2b: Torkoal\n|-activate|p2b: Torkoal|move: Protect\n|\n|-weather|Sandstorm|[upkeep]\n|-damage|p1a: Whimsicott|10/100|[from] Sandstorm\n|-damage|p2b: Torkoal|24/100|[from] Sandstorm\n|-heal|p2b: Torkoal|30/100|[from] item: Leftovers\n|-sideend|p2: thecamback|move: Light Screen\n|upkeep\n|\n|t:|1776010659\n|switch|p2a: Houndoom|Houndoom, L50, M|100/100\n|turn|7\n|\n|t:|1776010679\n|switch|p1a: Excadrill|Excadrill, L50, M|100/100\n|detailschange|p2a: Houndoom|Houndoom-Mega, L50, M\n|-mega|p2a: Houndoom|Houndoom|Houndoominite\n|move|p2b: Torkoal|Helping Hand|p2a: Houndoom\n|-singleturn|p2a: Houndoom|Helping Hand|[of] p2b: Torkoal\n|move|p2a: Houndoom|Heat Wave|p1b: Tyranitar|[spread] p1b\n|-miss|p2a: Houndoom|p1a: Excadrill\n|-resisted|p1b: Tyranitar|1\n|-damage|p1b: Tyranitar|22/100\n|move|p1b: Tyranitar|Rock Slide|p2a: Houndoom|[spread] p2a,p2b\n|-supereffective|p2a: Houndoom|1\n|-supereffective|p2b: Torkoal|1\n|-damage|p2a: Houndoom|28/100\n|-damage|p2b: Torkoal|0 fnt\n|faint|p2b: Torkoal\n|\n|-weather|none\n|-sideend|p1: zane121|move: Light Screen\n|-sideend|p1: zane121|move: Tailwind\n|-sideend|p2: thecamback|move: Tailwind\n|upkeep\n|turn|8\n|-message|thecamback forfeited.\n|\n|win|zane121\n|raw|zane121's rating: 1056 &rarr; <strong>1092</strong><br />(+36 for winning)\n|raw|thecamback's rating: 1108 &rarr; <strong>1079</strong><br />(-29 for losing)\n|l|\u2606thecamback\n|player|p2|\n|c|\u2606zane121|ggs\n",
  "uploadtime": 1776010702,
  "views": 20,
  "formatid": "gen9championsvgc2026regma",
  "rating": 1079,
  "private": 0,
  "password": null
}