{
  "id": "gen9championsvgc2026regma-2586476991",
  "format": "[Gen 9 Champions] VGC 2026 Reg M-A",
  "players": [
    "1#MiraidonHater",
    "Geli08"
  ],
  "log": "|j|\u26061#MiraidonHater\n|j|\u2606Geli08\n|t:|1776437350\n|gametype|doubles\n|player|p1|1#MiraidonHater|1|1200\n|player|p2|Geli08|colress|1261\n|gen|9\n|tier|[Gen 9 Champions] VGC 2026 Reg M-A\n|rated|\n|rule|Species Clause: Limit one of each Pok\u00e9mon\n|rule|Item Clause: Limit 1 of each item\n|clearpoke\n|poke|p1|Gardevoir, L50, M|\n|poke|p1|Basculegion, L50, M|\n|poke|p1|Tsareena, L50, F|\n|poke|p1|Incineroar, L50, M|\n|poke|p1|Pelipper, L50, M|\n|poke|p1|Archaludon, L50, M|\n|poke|p2|Gallade, L50, M|\n|poke|p2|Meganium, L50, M|\n|poke|p2|Palafin, L50, F|\n|poke|p2|Whimsicott, L50, F|\n|poke|p2|Pelipper, L50, F|\n|poke|p2|Kingambit, L50, F|\n|teampreview|4\n|\n|t:|1776437389\n|teamsize|p1|4\n|teamsize|p2|4\n|start\n|switch|p1a: Bishow|Gardevoir, L50, M|100/100\n|switch|p1b: Pelipper|Pelipper, L50, M|100/100\n|switch|p2a: Winged Fool|Whimsicott, L50, F|100/100\n|switch|p2b: Saiyaman 2|Palafin, L50, F|100/100\n|-weather|RainDance|[from] ability: Drizzle|[of] p1b: Pelipper\n|turn|1\n|\n|t:|1776437401\n|move|p1a: Bishow|Protect|p1a: Bishow\n|-singleturn|p1a: Bishow|Protect\n|move|p2a: Winged Fool|Tailwind|p2a: Winged Fool\n|-sidestart|p2: Geli08|move: Tailwind\n|move|p2b: Saiyaman 2|Flip Turn|p1a: Bishow\n|-activate|p1a: Bishow|move: Protect\n|move|p1b: Pelipper|Tailwind|p1b: Pelipper\n|-sidestart|p1: 1#MiraidonHater|move: Tailwind\n|\n|-weather|RainDance|[upkeep]\n|upkeep\n|turn|2\n|\n|t:|1776437419\n|switch|p1a: Tsareena|Tsareena, L50, F|100/100\n|move|p2a: Winged Fool|Encore||[still]\n|cant|p1a: Tsareena|ability: Queenly Majesty|Encore|[of] p2a: Winged Fool\n|move|p2b: Saiyaman 2|Flip Turn|p1b: Pelipper\n|-resisted|p1b: Pelipper|1\n|-damage|p1b: Pelipper|78/100\n|\n|t:|1776437440\n|detailschange|p2b: Saiyaman 2|Palafin-Hero, L50, F\n|switch|p2b: Narcis|Gallade, L50, M|100/100|[from] Flip Turn\n|move|p1b: Pelipper|Hurricane|p2a: Winged Fool\n|-supereffective|p2a: Winged Fool|1\n|-enditem|p2a: Winged Fool|Focus Sash\n|-damage|p2a: Winged Fool|1/100\n|-start|p2a: Winged Fool|confusion\n|\n|-weather|RainDance|[upkeep]\n|upkeep\n|turn|3\n|\n|t:|1776437484\n|-activate|p2a: Winged Fool|confusion\n|move|p2a: Winged Fool|Endeavor|p1a: Tsareena\n|-damage|p1a: Tsareena|1/100\n|-enditem|p1a: Tsareena|Sitrus Berry|[eat]\n|-heal|p1a: Tsareena|26/100|[from] item: Sitrus Berry\n|move|p1b: Pelipper|Hurricane|p2b: Narcis\n|-supereffective|p2b: Narcis|1\n|-damage|p2b: Narcis|0 fnt\n|faint|p2b: Narcis\n|move|p1a: Tsareena|Trop Kick|p2a: Winged Fool\n|-resisted|p2a: Winged Fool|1\n|-damage|p2a: Winged Fool|0 fnt\n|faint|p2a: Winged Fool\n|\n|-weather|RainDance|[upkeep]\n|upkeep\n|\n|t:|1776437498\n|switch|p2a: Saiyaman 2|Palafin-Hero, L50, F|100/100\n|switch|p2b: Bloom & Doom|Meganium, L50, M|100/100\n|-activate|p2a: Saiyaman 2|ability: Zero to Hero\n|turn|4\n|\n|t:|1776437510\n|detailschange|p2b: Bloom & Doom|Meganium-Mega, L50, M\n|-mega|p2b: Bloom & Doom|Meganium|Meganiumite\n|move|p2a: Saiyaman 2|Wave Crash|p1a: Tsareena\n|-resisted|p1a: Tsareena|1\n|-damage|p1a: Tsareena|0 fnt\n|faint|p1a: Tsareena\n|-damage|p2a: Saiyaman 2|92/100|[from] Recoil\n|move|p1b: Pelipper|Hurricane|p2b: Bloom & Doom\n|-supereffective|p2b: Bloom & Doom|1\n|-damage|p2b: Bloom & Doom|26/100\n|move|p2b: Bloom & Doom|Solar Beam||[still]\n|-prepare|p2b: Bloom & Doom|Solar Beam\n|-activate|p2b: Bloom & Doom|ability: Mega Sol\n|-anim|p2b: Bloom & Doom|Solar Beam|p1b: Pelipper\n|-damage|p1b: Pelipper|0 fnt\n|faint|p1b: Pelipper\n|\n|-weather|RainDance|[upkeep]\n|-sideend|p2: Geli08|move: Tailwind\n|-sideend|p1: 1#MiraidonHater|move: Tailwind\n|upkeep\n|\n|t:|1776437524\n|switch|p1b: Bishow|Gardevoir, L50, M|100/100\n|switch|p1a: Basculegion|Basculegion, L50, M|100/100\n|turn|5\n|\n|t:|1776437537\n|detailschange|p1b: Bishow|Gardevoir-Mega, L50, M\n|-mega|p1b: Bishow|Gardevoir|Gardevoirite\n|move|p2a: Saiyaman 2|Wave Crash|p1b: Bishow\n|-damage|p1b: Bishow|0 fnt\n|faint|p1b: Bishow\n|-damage|p2a: Saiyaman 2|62/100|[from] Recoil\n|move|p1a: Basculegion|Last Respects|p2a: Saiyaman 2\n|-damage|p2a: Saiyaman 2|0 fnt\n|faint|p2a: Saiyaman 2\n|move|p2b: Bloom & Doom|Synthesis|p2b: Bloom & Doom\n|-heal|p2b: Bloom & Doom|92/100\n|\n|-weather|none\n|upkeep\n|turn|6\n|\n|t:|1776437550\n|move|p1a: Basculegion|Last Respects|p2b: Bloom & Doom\n|-damage|p2b: Bloom & Doom|0 fnt\n|faint|p2b: Bloom & Doom\n|\n|win|1#MiraidonHater\n",
  "uploadtime": 1776437352,
  "views": 19,
  "formatid": "gen9championsvgc2026regma",
  "rating": null,
  "private": 0,
  "password": null
}