{
  "id": "gen9championsvgc2026regma-2586827929",
  "format": "[Gen 9 Champions] VGC 2026 Reg M-A",
  "players": [
    "everlol",
    "Forbranna"
  ],
  "log": "|j|\u2606everlol\n|j|\u2606Forbranna\n|t:|1776463260\n|gametype|doubles\n|player|p1|everlol|266|1447\n|player|p2|Forbranna|265|1539\n|gen|9\n|tier|[Gen 9 Champions] VGC 2026 Reg M-A\n|rated|\n|rule|Species Clause: Limit one of each Pok\u00e9mon\n|rule|Item Clause: Limit 1 of each item\n|clearpoke\n|poke|p1|Sneasler, L50, F|\n|poke|p1|Whimsicott, L50, F|\n|poke|p1|Floette-Eternal, L50, F|\n|poke|p1|Kingambit, L50, M|\n|poke|p1|Garchomp, L50, M|\n|poke|p1|Charizard, L50, M|\n|poke|p2|Meganium, L50, F|\n|poke|p2|Tyranitar, L50, M|\n|poke|p2|Excadrill, L50, M|\n|poke|p2|Aegislash, L50, M|\n|poke|p2|Sinistcha, L50|\n|poke|p2|Talonflame, L50, M|\n|teampreview|4\n|inactive|Battle timer is ON: inactive players will automatically lose when time's up. (requested by Forbranna)\n|inactive|everlol has 60 seconds left.\n|\n|t:|1776463295\n|teamsize|p1|4\n|teamsize|p2|4\n|start\n|switch|p1a: Whimsicott|Whimsicott, L50, F|100/100\n|switch|p1b: Garchomp|Garchomp, L50, M|100/100\n|switch|p2a: Ivan IV|Tyranitar, L50, M, shiny|100/100\n|switch|p2b: Charlemagne|Sinistcha, L50|100/100\n|-weather|Sandstorm|[from] ability: Sand Stream|[of] p2a: Ivan IV\n|turn|1\n|\n|t:|1776463316\n|move|p1a: Whimsicott|Protect|p1a: Whimsicott\n|-singleturn|p1a: Whimsicott|Protect\n|move|p1b: Garchomp|Earthquake|p2b: Charlemagne|[spread] p2a,p2b\n|-activate|p1a: Whimsicott|move: Protect\n|-supereffective|p2a: Ivan IV|1\n|-resisted|p2b: Charlemagne|1\n|-damage|p2a: Ivan IV|30/100\n|-damage|p2b: Charlemagne|83/100\n|move|p2a: Ivan IV|Knock Off|p1b: Garchomp\n|-damage|p1b: Garchomp|46/100\n|-damage|p2a: Ivan IV|18/100|[from] ability: Rough Skin|[of] p1b: Garchomp\n|-enditem|p1b: Garchomp|Choice Scarf|[from] move: Knock Off|[of] p2a: Ivan IV\n|move|p2b: Charlemagne|Trick Room|p2b: Charlemagne\n|-fieldstart|move: Trick Room|[of] p2b: Charlemagne\n|\n|-weather|Sandstorm|[upkeep]\n|-damage|p2b: Charlemagne|77/100|[from] Sandstorm\n|-damage|p1a: Whimsicott|95/100|[from] Sandstorm\n|upkeep\n|turn|2\n|\n|t:|1776463339\n|switch|p2b: Charles V|Aegislash, L50, M|100/100\n|move|p1a: Whimsicott|Encore||[still]\n|-fail|p1a: Whimsicott\n|move|p2a: Ivan IV|Knock Off|p1b: Garchomp\n|-damage|p1b: Garchomp|10/100\n|-damage|p2a: Ivan IV|6/100|[from] ability: Rough Skin|[of] p1b: Garchomp\n|move|p1b: Garchomp|Earthquake|p2a: Ivan IV|[spread] p1a,p2a,p2b\n|-resisted|p1a: Whimsicott|1\n|-supereffective|p2a: Ivan IV|1\n|-supereffective|p2b: Charles V|1\n|-damage|p1a: Whimsicott|62/100\n|-damage|p2a: Ivan IV|0 fnt\n|-damage|p2b: Charles V|33/100\n|-enditem|p2b: Charles V|Sitrus Berry|[eat]\n|-heal|p2b: Charles V|58/100|[from] item: Sitrus Berry\n|faint|p2a: Ivan IV\n|\n|-weather|Sandstorm|[upkeep]\n|-damage|p1a: Whimsicott|56/100|[from] Sandstorm\n|upkeep\n|\n|t:|1776463357\n|switch|p2a: Charlemagne|Sinistcha, L50|77/100\n|-heal|p2b: Charles V|83/100|[from] ability: Hospitality|[of] p2a: Charlemagne\n|turn|3\n|\n|t:|1776463373\n|move|p1a: Whimsicott|Protect|p1a: Whimsicott\n|-singleturn|p1a: Whimsicott|Protect\n|-formechange|p2b: Charles V|Aegislash-Blade|\n|move|p2b: Charles V|Flash Cannon|p1a: Whimsicott\n|-activate|p1a: Whimsicott|move: Protect\n|move|p2a: Charlemagne|Matcha Gotcha|p1a: Whimsicott|[spread] p1b\n|-activate|p1a: Whimsicott|move: Protect\n|-damage|p1b: Garchomp|0 fnt\n|-heal|p2a: Charlemagne|82/100|[from] drain|[of] p1b: Garchomp\n|faint|p1b: Garchomp\n|\n|-weather|Sandstorm|[upkeep]\n|-damage|p2a: Charlemagne|76/100|[from] Sandstorm\n|-damage|p1a: Whimsicott|50/100|[from] Sandstorm\n|upkeep\n|\n|t:|1776463382\n|switch|p1b: Kingambit|Kingambit, L50, M|100/100\n|turn|4\n|\n|t:|1776463399\n|-formechange|p2b: Charles V|Aegislash|\n|move|p2b: Charles V|King's Shield|p2b: Charles V\n|-singleturn|p2b: Charles V|Protect\n|move|p1a: Whimsicott|Encore|p2b: Charles V\n|-start|p2b: Charles V|Encore\n|move|p1b: Kingambit|Kowtow Cleave|p2a: Charlemagne\n|-supereffective|p2a: Charlemagne|1\n|-damage|p2a: Charlemagne|0 fnt\n|faint|p2a: Charlemagne\n|\n|-weather|Sandstorm|[upkeep]\n|-damage|p1a: Whimsicott|44/100|[from] Sandstorm\n|upkeep\n|\n|t:|1776463413\n|switch|p2a: Robespierre|Excadrill, L50, M, shiny|100/100\n|turn|5\n|inactive|everlol has 30 seconds left.\n|\n|t:|1776463440\n|move|p1a: Whimsicott|Protect|p1a: Whimsicott\n|-singleturn|p1a: Whimsicott|Protect\n|move|p2b: Charles V|King's Shield||[still]\n|-fail|p2b: Charles V\n|move|p1b: Kingambit|Kowtow Cleave|p2b: Charles V\n|-supereffective|p2b: Charles V|1\n|-damage|p2b: Charles V|3/100\n|move|p2a: Robespierre|Earthquake|p1a: Whimsicott|[spread] p2b,p1b\n|-activate|p1a: Whimsicott|move: Protect\n|-supereffective|p2b: Charles V|1\n|-supereffective|p1b: Kingambit|1\n|-damage|p2b: Charles V|0 fnt\n|-damage|p1b: Kingambit|39/100\n|faint|p2b: Charles V\n|\n|-weather|none\n|-fieldend|move: Trick Room\n|upkeep\n|turn|6\n|-message|Forbranna forfeited.\n|\n|win|everlol\n|raw|everlol's rating: 1447 &rarr; <strong>1472</strong><br />(+25 for winning)\n|raw|Forbranna's rating: 1539 &rarr; <strong>1514</strong><br />(-25 for losing)\n",
  "uploadtime": 1776463463,
  "views": 68,
  "formatid": "gen9championsvgc2026regma",
  "rating": 1472,
  "private": 0,
  "password": null
}