{
  "id": "gen9championsvgc2026regma-2585447453",
  "format": "[Gen 9 Champions] VGC 2026 Reg M-A",
  "players": [
    "mega_beedrill user",
    "SirFishWasTaken"
  ],
  "log": "|j|\u2606mega_beedrill user\n|j|\u2606SirFishWasTaken\n|t:|1776347930\n|gametype|doubles\n|player|p1|mega_beedrill user|lebanne|1156\n|player|p2|SirFishWasTaken|psychic|1123\n|gen|9\n|tier|[Gen 9 Champions] VGC 2026 Reg M-A\n|rated|\n|rule|Species Clause: Limit one of each Pok\u00e9mon\n|rule|Item Clause: Limit 1 of each item\n|clearpoke\n|poke|p1|Aerodactyl, L50, F|\n|poke|p1|Sinistcha, L50|\n|poke|p1|Chandelure, L50, M|\n|poke|p1|Incineroar, L50, M|\n|poke|p1|Sneasler, L50, F|\n|poke|p1|Meganium, L50, F|\n|poke|p2|Froslass, L50, F|\n|poke|p2|Meowstic, L50, M|\n|poke|p2|Rotom-Frost, L50|\n|poke|p2|Kingambit, L50, F|\n|poke|p2|Vanilluxe, L50, F|\n|poke|p2|Milotic, L50, M|\n|teampreview|4\n|inactive|Battle timer is ON: inactive players will automatically lose when time's up. (requested by mega_beedrill user)\nSirFishWasTaken has agreed to open team sheets.\nmega_beedrill user has agreed to open team sheets.\n|showteam|p1|Aerodactyl||FocusSash|Unnerve|RockSlide,DualWingbeat,Protect,Tailwind|||F|||50|]Sinistcha||MentalHerb|Hospitality|MatchaGotcha,RagePowder,Protect,LifeDew||||||50|]Chandelure||Chandelurite|Infiltrator|HeatWave,ShadowBall,Protect,CalmMind|||M|||50|]Incineroar||SitrusBerry|Intimidate|FakeOut,FlareBlitz,Protect,PartingShot|||M|||50|]Sneasler||WhiteHerb|Unburden|CloseCombat,DireClaw,FakeOut,RockSlide|||F|||50|]Meganium||Meganiumite|Overgrow|SolarBeam,DazzlingGleam,WeatherBall,Protect|||F|||50|\n|showteam|p2|Froslass||Froslassite|SnowCloak|Blizzard,ShadowBall,WeatherBall,Protect|||F|||50|]Meowstic||SitrusBerry|Prankster|PsychicTerrain,ExpandingForce,FakeOut,RainDance|||M|||50|]Rotom-Frost||ChoiceScarf|Levitate|Blizzard,VoltSwitch,Electroweb,Trick||||||50|]Kingambit||BlackGlasses|Defiant|KowtowCleave,SuckerPunch,IronHead,Protect|||F|||50|]Vanilluxe||NeverMeltIce|SnowWarning|WeatherBall,FlashCannon,AuroraVeil,Protect|||F|||50|]Milotic||Leftovers|Competitive|Scald,WeatherBall,Coil,Protect|||M|||50|\n|inactive|mega_beedrill user has 60 seconds left.\n|inactive|SirFishWasTaken has 60 seconds left.\n|\n|t:|1776347975\n|teamsize|p1|4\n|teamsize|p2|4\n|start\n|switch|p1a: Aerodactyl|Aerodactyl, L50, F, shiny|100/100\n|switch|p1b: Chandelure|Chandelure, L50, M, shiny|100/100\n|switch|p2a: Meowstic|Meowstic, L50, M|100/100\n|switch|p2b: Froslass|Froslass, L50, F|100/100\n|-ability|p1a: Aerodactyl|Unnerve\n|turn|1\n|\n|t:|1776347994\n|detailschange|p2b: Froslass|Froslass-Mega, L50, F\n|-mega|p2b: Froslass|Froslass|Froslassite\n|-weather|Snowscape|[from] ability: Snow Warning|[of] p2b: Froslass\n|move|p1a: Aerodactyl|Protect|p1a: Aerodactyl\n|-singleturn|p1a: Aerodactyl|Protect\n|move|p1b: Chandelure|Protect|p1b: Chandelure\n|-singleturn|p1b: Chandelure|Protect\n|move|p2a: Meowstic|Fake Out|p1a: Aerodactyl\n|-activate|p1a: Aerodactyl|move: Protect\n|move|p2b: Froslass|Shadow Ball|p1b: Chandelure\n|-activate|p1b: Chandelure|move: Protect\n|\n|-weather|Snowscape|[upkeep]\n|upkeep\n|turn|2\n|\n|t:|1776348010\n|detailschange|p1b: Chandelure|Chandelure-Mega, L50, M, shiny\n|-mega|p1b: Chandelure|Chandelure|Chandelurite\n|move|p2a: Meowstic|Psychic Terrain|p2a: Meowstic\n|-fieldstart|move: Psychic Terrain\n|move|p1a: Aerodactyl|Tailwind|p1a: Aerodactyl\n|-sidestart|p1: mega_beedrill user|move: Tailwind\n|move|p1b: Chandelure|Shadow Ball|p2b: Froslass\n|-supereffective|p2b: Froslass|1\n|-damage|p2b: Froslass|0 fnt\n|faint|p2b: Froslass\n|\n|-weather|Snowscape|[upkeep]\n|upkeep\n|\n|t:|1776348018\n|switch|p2b: Milotic|Milotic, L50, M|100/100\n|turn|3\n|\n|t:|1776348031\n|switch|p1a: Incineroar|Incineroar, L50, M, shiny|100/100\n|-ability|p1a: Incineroar|Intimidate|boost\n|-unboost|p2a: Meowstic|atk|1\n|-unboost|p2b: Milotic|atk|1\n|-ability|p2b: Milotic|Competitive|boost\n|-boost|p2b: Milotic|spa|2\n|move|p1b: Chandelure|Shadow Ball|p2a: Meowstic\n|-supereffective|p2a: Meowstic|1\n|-damage|p2a: Meowstic|0 fnt\n|faint|p2a: Meowstic\n|move|p2b: Milotic|Coil|p2b: Milotic\n|-boost|p2b: Milotic|atk|1\n|-boost|p2b: Milotic|def|1\n|-boost|p2b: Milotic|accuracy|1\n|\n|-weather|Snowscape|[upkeep]\n|upkeep\n|\n|t:|1776348036\n|switch|p2a: Vanilluxe|Vanilluxe, L50, F|100/100\n|turn|4\n|\n|t:|1776348045\n|move|p1b: Chandelure|Heat Wave|p2b: Milotic|[spread] p2a\n|-miss|p1b: Chandelure|p2b: Milotic\n|-supereffective|p2a: Vanilluxe|1\n|-damage|p2a: Vanilluxe|0 fnt\n|faint|p2a: Vanilluxe\n|move|p1a: Incineroar|Parting Shot|p2b: Milotic\n|-unboost|p2b: Milotic|atk|1\n|-ability|p2b: Milotic|Competitive|boost\n|-boost|p2b: Milotic|spa|2\n|-unboost|p2b: Milotic|spa|1\n|-ability|p2b: Milotic|Competitive|boost\n|-boost|p2b: Milotic|spa|2\n|\n|t:|1776348050\n|switch|p1a: Sneasler|Sneasler, L50, F, shiny|100/100|[from] Parting Shot\n|move|p2b: Milotic|Scald|p1a: Sneasler\n|-damage|p1a: Sneasler|0 fnt\n|faint|p1a: Sneasler\n|\n|-weather|Snowscape|[upkeep]\n|upkeep\n|\n|t:|1776348054\n|switch|p1a: Aerodactyl|Aerodactyl, L50, F, shiny|100/100\n|-ability|p1a: Aerodactyl|Unnerve\n|turn|5\n|\n|t:|1776348059\n|move|p1a: Aerodactyl|Rock Slide|p2b: Milotic\n|-damage|p2b: Milotic|75/100\n|move|p1b: Chandelure|Shadow Ball|p2b: Milotic\n|-damage|p2b: Milotic|30/100\n|move|p2b: Milotic|Scald|p1b: Chandelure\n|-supereffective|p1b: Chandelure|1\n|-damage|p1b: Chandelure|0 fnt\n|faint|p1b: Chandelure\n|\n|-weather|none\n|-heal|p2b: Milotic|36/100|[from] item: Leftovers\n|-sideend|p1: mega_beedrill user|move: Tailwind\n|upkeep\n|\n|t:|1776348064\n|switch|p1b: Incineroar|Incineroar, L50, M, shiny|100/100\n|-ability|p1b: Incineroar|Intimidate|boost\n|-unboost|p2b: Milotic|atk|1\n|-ability|p2b: Milotic|Competitive|boost\n|-boost|p2b: Milotic|spa|1\n|turn|6\n|\n|t:|1776348076\n|move|p2b: Milotic|Protect|p2b: Milotic\n|-singleturn|p2b: Milotic|Protect\n|move|p1a: Aerodactyl|Rock Slide|p2b: Milotic\n|-activate|p2b: Milotic|move: Protect\n|move|p1b: Incineroar|Flare Blitz|p2b: Milotic\n|-activate|p2b: Milotic|move: Protect\n|\n|-heal|p2b: Milotic|42/100|[from] item: Leftovers\n|-fieldend|move: Psychic Terrain\n|upkeep\n|turn|7\n|c|\u2606mega_beedrill user|Milo scary\n|c|\u2606SirFishWasTaken|haha yeah lowkey putting in the work\n|inactive|SirFishWasTaken has 30 seconds left.\n|inactive|SirFishWasTaken has 20 seconds left.\n|\n|t:|1776348113\n|move|p1a: Aerodactyl|Rock Slide|p2b: Milotic\n|-damage|p2b: Milotic|17/100\n|move|p2b: Milotic|Scald|p1a: Aerodactyl\n|-supereffective|p1a: Aerodactyl|1\n|-enditem|p1a: Aerodactyl|Focus Sash\n|-damage|p1a: Aerodactyl|1/100\n|-status|p1a: Aerodactyl|brn\n|move|p1b: Incineroar|Flare Blitz|p2b: Milotic\n|-resisted|p2b: Milotic|1\n|-damage|p2b: Milotic|2/100\n|-damage|p1b: Incineroar|96/100|[from] Recoil\n|\n|-heal|p2b: Milotic|8/100|[from] item: Leftovers\n|-damage|p1a: Aerodactyl|0 fnt|[from] brn\n|faint|p1a: Aerodactyl\n|upkeep\n|turn|8\n|\n|t:|1776348121\n|move|p2b: Milotic|Protect|p2b: Milotic\n|-singleturn|p2b: Milotic|Protect\n|move|p1b: Incineroar|Flare Blitz|p2b: Milotic\n|-activate|p2b: Milotic|move: Protect\n|\n|-heal|p2b: Milotic|14/100|[from] item: Leftovers\n|upkeep\n|turn|9\n|c|\u2606mega_beedrill user|Burn may have saved that game\n|c|\u2606SirFishWasTaken|Unfort I still think FB gets me\n|c|\u2606mega_beedrill user|Idk\n|inactive|SirFishWasTaken has 30 seconds left.\n|c|\u2606SirFishWasTaken|Only one option\n|c|\u2606mega_beedrill user|Its a roll\n|inactive|SirFishWasTaken has 20 seconds left.\n|inactive|SirFishWasTaken has 15 seconds left.\n|c|\u2606mega_beedrill user|Double protect or low roll and I lose\n|\n|t:|1776348165\n|move|p2b: Milotic|Protect|p2b: Milotic\n|-singleturn|p2b: Milotic|Protect\n|move|p1b: Incineroar|Flare Blitz|p2b: Milotic\n|-activate|p2b: Milotic|move: Protect\n|\n|-heal|p2b: Milotic|20/100|[from] item: Leftovers\n|upkeep\n|turn|10\n|c|\u2606SirFishWasTaken|CRAZY\n|\n|t:|1776348173\n|move|p2b: Milotic|Scald|p1b: Incineroar\n|-supereffective|p1b: Incineroar|1\n|-damage|p1b: Incineroar|0 fnt\n|faint|p1b: Incineroar\n|\n|win|SirFishWasTaken\n|raw|mega_beedrill user's rating: 1156 &rarr; <strong>1129</strong><br />(-27 for losing)\n|raw|SirFishWasTaken's rating: 1123 &rarr; <strong>1150</strong><br />(+27 for winning)\n|c|\u2606SirFishWasTaken|wait\n|c|\u2606SirFishWasTaken|im faster???\n|c|\u2606SirFishWasTaken|lmao\n|c|\u2606mega_beedrill user|Im min speed incin\n|c|\u2606SirFishWasTaken|Ohhhhhh\n|c|\u2606mega_beedrill user|Very bulky\n",
  "uploadtime": 1776348202,
  "views": 23,
  "formatid": "gen9championsvgc2026regma",
  "rating": 1129,
  "private": 0,
  "password": null
}