{
  "id": "gen9championsvgc2026regma-2588522504",
  "format": "[Gen 9 Champions] VGC 2026 Reg M-A",
  "players": [
    "thicc latina lover",
    "Palillosilva"
  ],
  "log": "|j|\u2606thicc latina lover\n|j|\u2606Palillosilva\n|t:|1776641333\n|gametype|doubles\n|player|p1|thicc latina lover|skyla|1405\n|player|p2|Palillosilva|101|1385\n|gen|9\n|tier|[Gen 9 Champions] VGC 2026 Reg M-A\n|rated|\n|rule|Species Clause: Limit one of each Pok\u00e9mon\n|rule|Item Clause: Limit 1 of each item\n|clearpoke\n|poke|p1|Venusaur, L50, M, shiny|\n|poke|p1|Pelipper, L50, M, shiny|\n|poke|p1|Basculegion, L50, M|\n|poke|p1|Archaludon, L50, M|\n|poke|p1|Sneasler, L50, F|\n|poke|p1|Incineroar, L50, F|\n|poke|p2|Blastoise, L50, M|\n|poke|p2|Sylveon, L50, F, shiny|\n|poke|p2|Garchomp, L50, F|\n|poke|p2|Aerodactyl, L50, F|\n|poke|p2|Sneasler, L50, M|\n|poke|p2|Sinistcha, L50|\n|teampreview|4\n|inactive|Battle timer is ON: inactive players will automatically lose when time's up. (requested by Palillosilva)\n|\n|t:|1776641375\n|teamsize|p1|4\n|teamsize|p2|4\n|start\n|switch|p1a: Venusaur|Venusaur, L50, M, shiny|100/100\n|switch|p1b: Sneasler|Sneasler, L50, F|100/100\n|switch|p2a: Sneasler|Sneasler, L50, M|100/100\n|switch|p2b: Blastoise|Blastoise, L50, M|100/100\n|turn|1\n|inactive|Palillosilva has 30 seconds left.\n|\n|t:|1776641403\n|switch|p2b: Sinistcha|Sinistcha, L50|100/100\n|detailschange|p1a: Venusaur|Venusaur-Mega, L50, M, shiny\n|-mega|p1a: Venusaur|Venusaur|Venusaurite\n|move|p1b: Sneasler|Coaching|p1a: Venusaur\n|-boost|p1a: Venusaur|atk|1\n|-boost|p1a: Venusaur|def|1\n|move|p2a: Sneasler|Close Combat|p1b: Sneasler\n|-resisted|p1b: Sneasler|1\n|-damage|p1b: Sneasler|54/100\n|-unboost|p2a: Sneasler|def|1\n|-unboost|p2a: Sneasler|spd|1\n|-enditem|p2a: Sneasler|White Herb\n|-clearnegativeboost|p2a: Sneasler|[silent]\n|move|p1a: Venusaur|Leech Seed|p2a: Sneasler\n|-start|p2a: Sneasler|move: Leech Seed\n|\n|-damage|p2a: Sneasler|88/100|[from] Leech Seed|[of] p1a: Venusaur\n|upkeep\n|turn|2\n|inactive|Palillosilva has 30 seconds left.\n|inactive|Palillosilva has 20 seconds left.\n|inactive|Palillosilva has 15 seconds left.\n|\n|t:|1776641444\n|switch|p2a: Garchomp|Garchomp, L50, F|100/100\n|move|p1b: Sneasler|Coaching|p1a: Venusaur\n|-boost|p1a: Venusaur|atk|1\n|-boost|p1a: Venusaur|def|1\n|move|p1a: Venusaur|Sludge Bomb|p2b: Sinistcha\n|-damage|p2b: Sinistcha|65/100\n|move|p2b: Sinistcha|Life Dew||[still]|[spread] p2a,p2b\n|-fail|p2a: Garchomp|heal\n|-heal|p2b: Sinistcha|90/100\n|\n|upkeep\n|turn|3\n|\n|t:|1776641465\n|move|p2b: Sinistcha|Rage Powder|p2b: Sinistcha\n|-singleturn|p2b: Sinistcha|move: Rage Powder\n|move|p2a: Garchomp|Earthquake|p1a: Venusaur|[spread] p2b,p1a,p1b\n|-resisted|p2b: Sinistcha|1\n|-supereffective|p1b: Sneasler|1\n|-crit|p1b: Sneasler\n|-damage|p2b: Sinistcha|73/100\n|-damage|p1a: Venusaur|84/100\n|-damage|p1b: Sneasler|0 fnt\n|faint|p1b: Sneasler\n|move|p1a: Venusaur|Leech Seed|p2a: Garchomp\n|-start|p2a: Garchomp|move: Leech Seed\n|\n|-damage|p2a: Garchomp|88/100|[from] Leech Seed|[of] p1a: Venusaur\n|-heal|p1a: Venusaur|97/100|[silent]\n|upkeep\n|\n|t:|1776641470\n|switch|p1b: Basculegion|Basculegion, L50, M|100/100\n|turn|4\n|\n|t:|1776641482\n|move|p2b: Sinistcha|Rage Powder|p2b: Sinistcha\n|-singleturn|p2b: Sinistcha|move: Rage Powder\n|move|p2a: Garchomp|Earthquake|p1b: Basculegion|[spread] p2b,p1a,p1b\n|-resisted|p2b: Sinistcha|1\n|-damage|p2b: Sinistcha|53/100\n|-damage|p1a: Venusaur|81/100\n|-damage|p1b: Basculegion|42/100\n|move|p1b: Basculegion|Last Respects|p2b: Sinistcha\n|-supereffective|p2b: Sinistcha|1\n|-damage|p2b: Sinistcha|0 fnt\n|faint|p2b: Sinistcha\n|move|p1a: Venusaur|Giga Drain|p2a: Garchomp\n|-damage|p2a: Garchomp|58/100\n|-heal|p1a: Venusaur|97/100|[from] drain|[of] p2a: Garchomp\n|\n|-damage|p2a: Garchomp|45/100|[from] Leech Seed|[of] p1a: Venusaur\n|-heal|p1a: Venusaur|100/100|[silent]\n|upkeep\n|\n|t:|1776641495\n|switch|p2b: Sneasler|Sneasler, L50, M|88/100\n|turn|5\n|\n|t:|1776641508\n|move|p2b: Sneasler|Protect|p2b: Sneasler\n|-singleturn|p2b: Sneasler|Protect\n|move|p2a: Garchomp|Earthquake|p1b: Basculegion|[spread] p1a,p1b\n|-activate|p2b: Sneasler|move: Protect\n|-damage|p1a: Venusaur|84/100\n|-damage|p1b: Basculegion|0 fnt\n|faint|p1b: Basculegion\n|move|p1a: Venusaur|Giga Drain|p2a: Garchomp\n|-damage|p2a: Garchomp|11/100\n|-heal|p1a: Venusaur|100/100|[from] drain|[of] p2a: Garchomp\n|\n|-damage|p2a: Garchomp|0 fnt|[from] Leech Seed|[of] p1a: Venusaur\n|faint|p2a: Garchomp\n|upkeep\n|\n|t:|1776641518\n|switch|p2a: Blastoise|Blastoise, L50, M|100/100\n|switch|p1b: Incineroar|Incineroar, L50, F|100/100\n|-ability|p1b: Incineroar|Intimidate|boost\n|-unboost|p2a: Blastoise|atk|1\n|-unboost|p2b: Sneasler|atk|1\n|turn|6\n|\n|t:|1776641530\n|detailschange|p2a: Blastoise|Blastoise-Mega, L50, M\n|-mega|p2a: Blastoise|Blastoise|Blastoisinite\n|move|p1b: Incineroar|Fake Out|p2a: Blastoise\n|-damage|p2a: Blastoise|92/100\n|move|p2b: Sneasler|Close Combat|p1b: Incineroar\n|-supereffective|p1b: Incineroar|1\n|-enditem|p1b: Incineroar|Chople Berry|[eat]\n|-enditem|p1b: Incineroar|Chople Berry|[weaken]\n|-damage|p1b: Incineroar|63/100\n|-unboost|p2b: Sneasler|def|1\n|-unboost|p2b: Sneasler|spd|1\n|cant|p2a: Blastoise|flinch\n|move|p1a: Venusaur|Leech Seed|p2b: Sneasler|[miss]\n|-miss|p1a: Venusaur|p2b: Sneasler\n|\n|upkeep\n|turn|7\n|inactive|thicc latina lover has 30 seconds left.\n|\n|t:|1776641556\n|move|p2b: Sneasler|Dire Claw|p1a: Venusaur\n|-damage|p1a: Venusaur|91/100\n|move|p2a: Blastoise|Water Spout|p1a: Venusaur|[spread] p1a,p1b\n|-resisted|p1a: Venusaur|1\n|-supereffective|p1b: Incineroar|1\n|-damage|p1a: Venusaur|72/100\n|-damage|p1b: Incineroar|0 fnt\n|faint|p1b: Incineroar\n|move|p1a: Venusaur|Giga Drain|p2a: Blastoise\n|-supereffective|p2a: Blastoise|1\n|-damage|p2a: Blastoise|32/100\n|-heal|p1a: Venusaur|99/100|[from] drain|[of] p2a: Blastoise\n|\n|upkeep\n|turn|8\n|\n|t:|1776641574\n|move|p2b: Sneasler|Dire Claw|p1a: Venusaur\n|-damage|p1a: Venusaur|90/100\n|move|p2a: Blastoise|Dark Pulse|p1a: Venusaur\n|-damage|p1a: Venusaur|61/100\n|move|p1a: Venusaur|Giga Drain|p2a: Blastoise\n|-supereffective|p2a: Blastoise|1\n|-damage|p2a: Blastoise|0 fnt\n|-heal|p1a: Venusaur|76/100|[from] drain|[of] p2a: Blastoise\n|faint|p2a: Blastoise\n|\n|upkeep\n|turn|9\n|\n|t:|1776641586\n|move|p2b: Sneasler|Dire Claw|p1a: Venusaur\n|-damage|p1a: Venusaur|65/100\n|move|p1a: Venusaur|Leech Seed|p2b: Sneasler\n|-start|p2b: Sneasler|move: Leech Seed\n|\n|-damage|p2b: Sneasler|76/100|[from] Leech Seed|[of] p1a: Venusaur\n|-heal|p1a: Venusaur|76/100|[silent]\n|upkeep\n|turn|10\n|-message|Palillosilva forfeited.\n|\n|win|thicc latina lover\n|raw|thicc latina lover's rating: 1405 &rarr; <strong>1424</strong><br />(+19 for winning)\n|raw|Palillosilva's rating: 1385 &rarr; <strong>1366</strong><br />(-19 for losing)\n",
  "uploadtime": 1776641593,
  "views": 9,
  "formatid": "gen9championsvgc2026regma",
  "rating": 1366,
  "private": 0,
  "password": null
}