{
  "id": "gen9championsvgc2026regma-2583832506",
  "format": "[Gen 9 Champions] VGC 2026 Reg M-A",
  "players": [
    "IamIsaiah",
    "Mirthinion"
  ],
  "log": "|j|\u2606IamIsaiah\n|j|\u2606Mirthinion\n|t:|1776201212\n|gametype|doubles\n|player|p1|IamIsaiah|265|1290\n|player|p2|Mirthinion|janitor|1410\n|gen|9\n|tier|[Gen 9 Champions] VGC 2026 Reg M-A\n|rated|\n|rule|Species Clause: Limit one of each Pok\u00e9mon\n|rule|Item Clause: Limit 1 of each item\n|clearpoke\n|poke|p1|Starmie, L50|\n|poke|p1|Sneasler, L50, M|\n|poke|p1|Clefable, L50, M|\n|poke|p1|Kingambit, L50, F|\n|poke|p1|Rotom-Wash, L50|\n|poke|p1|Dragonite, L50, F|\n|poke|p2|Tyranitar, L50, M|\n|poke|p2|Lycanroc, L50, M|\n|poke|p2|Primarina, L50, F|\n|poke|p2|Corviknight, L50, M|\n|poke|p2|Kommo-o, L50, M|\n|poke|p2|Incineroar, L50, M|\n|teampreview|4\n|inactive|Battle timer is ON: inactive players will automatically lose when time's up. (requested by Mirthinion)\nMirthinion rejected open team sheets.\n|inactive|IamIsaiah has 60 seconds left.\n|inactive|Mirthinion has 60 seconds left.\n|inactive|IamIsaiah has 30 seconds left.\n|inactive|Mirthinion has 30 seconds left.\n|inactive|Mirthinion has 20 seconds left.\n|\n|t:|1776201284\n|teamsize|p1|4\n|teamsize|p2|4\n|start\n|switch|p1a: Sneasler|Sneasler, L50, M|100/100\n|switch|p1b: Starmie|Starmie, L50|100/100\n|switch|p2a: Corviknight|Corviknight, L50, M|100/100\n|switch|p2b: Primarina|Primarina, L50, F|100/100\n|turn|1\n|\n|t:|1776201309\n|move|p1b: Starmie|Substitute|p1b: Starmie\n|-start|p1b: Starmie|Substitute\n|-damage|p1b: Starmie|76/100\n|move|p1a: Sneasler|Coaching|p1b: Starmie\n|-boost|p1b: Starmie|atk|1\n|-boost|p1b: Starmie|def|1\n|move|p2b: Primarina|Psychic|p1a: Sneasler\n|-supereffective|p1a: Sneasler|2\n|-enditem|p1a: Sneasler|Focus Sash\n|-damage|p1a: Sneasler|1/100\n|move|p2a: Corviknight|Tailwind|p2a: Corviknight\n|-sidestart|p2: Mirthinion|move: Tailwind\n|\n|upkeep\n|turn|2\n|inactive|IamIsaiah has 30 seconds left.\n|inactive|Mirthinion has 30 seconds left.\n|\n|t:|1776201344\n|switch|p1a: Rotom|Rotom-Wash, L50|100/100\n|detailschange|p1b: Starmie|Starmie-Mega, L50\n|-mega|p1b: Starmie|Starmie|Starminite\n|move|p2b: Primarina|Protect|p2b: Primarina\n|-singleturn|p2b: Primarina|Protect\n|move|p1b: Starmie|Liquidation|p2a: Corviknight\n|-damage|p2a: Corviknight|20/100\n|-enditem|p2a: Corviknight|Sitrus Berry|[eat]\n|-heal|p2a: Corviknight|45/100|[from] item: Sitrus Berry\n|move|p2a: Corviknight|Brave Bird|p1a: Rotom\n|-resisted|p1a: Rotom|1\n|-damage|p1a: Rotom|77/100\n|-damage|p2a: Corviknight|40/100|[from] Recoil\n|\n|upkeep\n|turn|3\n|inactive|IamIsaiah has 30 seconds left.\n|inactive|Mirthinion has 30 seconds left.\n|inactive|Mirthinion has 20 seconds left.\n|inactive|Mirthinion has 15 seconds left.\n|inactive|Mirthinion has 10 seconds left.\n|\n|t:|1776201390\n|move|p2b: Primarina|Moonblast|p1b: Starmie\n|-end|p1b: Starmie|Substitute\n|move|p1b: Starmie|Psycho Cut|p2b: Primarina\n|-crit|p2b: Primarina\n|-damage|p2b: Primarina|0 fnt\n|faint|p2b: Primarina\n|move|p2a: Corviknight|Roost|p2a: Corviknight\n|-heal|p2a: Corviknight|90/100\n|-singleturn|p2a: Corviknight|move: Roost\n|move|p1a: Rotom|Volt Switch|p2a: Corviknight\n|-damage|p2a: Corviknight|67/100\n|\n|t:|1776201401\n|switch|p1a: Sneasler|Sneasler, L50, M|1/100|[from] Volt Switch\n|\n|upkeep\n|\n|t:|1776201407\n|switch|p2b: Tyranitar|Tyranitar, L50, M|100/100\n|-weather|Sandstorm|[from] ability: Sand Stream|[of] p2b: Tyranitar\n|turn|4\n|inactive|Mirthinion has 30 seconds left.\n|\n|t:|1776201435\n|move|p2b: Tyranitar|Protect|p2b: Tyranitar\n|-singleturn|p2b: Tyranitar|Protect\n|move|p1a: Sneasler|Fake Out|p2b: Tyranitar\n|-activate|p2b: Tyranitar|move: Protect\n|move|p1b: Starmie|Substitute|p1b: Starmie\n|-start|p1b: Starmie|Substitute\n|-damage|p1b: Starmie|52/100\n|move|p2a: Corviknight|Roost|p2a: Corviknight\n|-heal|p2a: Corviknight|100/100\n|-singleturn|p2a: Corviknight|move: Roost\n|\n|-weather|Sandstorm|[upkeep]\n|-damage|p1b: Starmie|46/100|[from] Sandstorm\n|-damage|p1a: Sneasler|0 fnt|[from] Sandstorm\n|faint|p1a: Sneasler\n|-sideend|p2: Mirthinion|move: Tailwind\n|upkeep\n|\n|t:|1776201446\n|switch|p1a: Rotom|Rotom-Wash, L50|77/100\n|turn|5\n|\n|t:|1776201463\n|detailschange|p2b: Tyranitar|Tyranitar-Mega, L50, M\n|-mega|p2b: Tyranitar|Tyranitar|Tyranitarite\n|move|p1b: Starmie|Liquidation|p2b: Tyranitar\n|-supereffective|p2b: Tyranitar|1\n|-damage|p2b: Tyranitar|0 fnt\n|faint|p2b: Tyranitar\n|move|p1a: Rotom|Will-O-Wisp|p2a: Corviknight|[miss]\n|-miss|p1a: Rotom|p2a: Corviknight\n|move|p2a: Corviknight|Tailwind|p2a: Corviknight\n|-sidestart|p2: Mirthinion|move: Tailwind\n|\n|-weather|Sandstorm|[upkeep]\n|-damage|p1b: Starmie|40/100|[from] Sandstorm\n|-damage|p1a: Rotom|71/100|[from] Sandstorm\n|upkeep\n|\n|t:|1776201474\n|switch|p2b: Lycanroc|Lycanroc, L50, M|100/100\n|turn|6\n|\n|t:|1776201490\n|move|p2b: Lycanroc|Rock Slide|p1a: Rotom|[spread] p1b\n|-miss|p2b: Lycanroc|p1a: Rotom\n|-activate|p1b: Starmie|move: Substitute|[damage]\n|move|p1b: Starmie|Liquidation|p2b: Lycanroc\n|-supereffective|p2b: Lycanroc|1\n|-enditem|p2b: Lycanroc|Focus Sash\n|-damage|p2b: Lycanroc|1/100\n|move|p2a: Corviknight|Brave Bird|p1b: Starmie\n|-end|p1b: Starmie|Substitute\n|-damage|p2a: Corviknight|99/100|[from] Recoil|[of] p1b: Starmie\n|move|p1a: Rotom|Will-O-Wisp|p2a: Corviknight\n|-status|p2a: Corviknight|brn\n|\n|-weather|Sandstorm|[upkeep]\n|-damage|p1b: Starmie|34/100|[from] Sandstorm\n|-damage|p1a: Rotom|66/100|[from] Sandstorm\n|-damage|p2a: Corviknight|94/100 brn|[from] brn\n|upkeep\n|turn|7\n|inactive|IamIsaiah has 30 seconds left.\n|inactive|IamIsaiah has 20 seconds left.\n|inactive|IamIsaiah has 15 seconds left.\n|\n|t:|1776201531\n|move|p2b: Lycanroc|Rock Slide|p1a: Rotom|[spread] p1a,p1b\n|-damage|p1a: Rotom|23/100\n|-damage|p1b: Starmie|7/100\n|-enditem|p1a: Rotom|Sitrus Berry|[eat]\n|-heal|p1a: Rotom|48/100|[from] item: Sitrus Berry\n|move|p1b: Starmie|Liquidation|p2a: Corviknight\n|-damage|p2a: Corviknight|7/100 brn\n|-ability|p2a: Corviknight|Mirror Armor\n|-unboost|p1b: Starmie|def|1\n|move|p2a: Corviknight|Brave Bird|p1b: Starmie\n|-damage|p1b: Starmie|0 fnt\n|faint|p1b: Starmie\n|-damage|p2a: Corviknight|6/100 brn|[from] Recoil\n|move|p1a: Rotom|Volt Switch|p2b: Lycanroc\n|-damage|p2b: Lycanroc|0 fnt\n|faint|p2b: Lycanroc\n|\n|t:|1776201546\n|switch|p1a: Clefable|Clefable, L50, M|100/100|[from] Volt Switch\n|\n|-weather|Sandstorm|[upkeep]\n|-damage|p2a: Corviknight|0 fnt|[from] brn\n|faint|p2a: Corviknight\n|\n|win|IamIsaiah\n|raw|IamIsaiah's rating: 1290 &rarr; <strong>1323</strong><br />(+33 for winning)\n|raw|Mirthinion's rating: 1410 &rarr; <strong>1383</strong><br />(-27 for losing)\n",
  "uploadtime": 1776201554,
  "views": 42,
  "formatid": "gen9championsvgc2026regma",
  "rating": 1323,
  "private": 0,
  "password": null
}