{
  "id": "gen9championsvgc2026regma-2582084538",
  "format": "[Gen 9 Champions] VGC 2026 Reg M-A",
  "players": [
    "katecorvidoe",
    "dimby_69"
  ],
  "log": "|j|\u2606katecorvidoe\n|j|\u2606dimby_69\n|t:|1776055903\n|gametype|doubles\n|player|p1|katecorvidoe|acetrainerf-gen4dp|1058\n|player|p2|dimby_69|1|1010\n|gen|9\n|tier|[Gen 9 Champions] VGC 2026 Reg M-A\n|rated|\n|rule|Species Clause: Limit one of each Pok\u00e9mon\n|rule|Item Clause: Limit 1 of each item\n|clearpoke\n|poke|p1|Heracross, L50, M|\n|poke|p1|Maushold-Four, L50|\n|poke|p1|Orthworm, L50, F|\n|poke|p1|Politoed, L50, M|\n|poke|p1|Dragapult, L50, M|\n|poke|p1|Rotom-Wash, L50|\n|poke|p2|Dragonite, L50, M|\n|poke|p2|Mamoswine, L50, F|\n|poke|p2|Toxicroak, L50, M|\n|poke|p2|Pelipper, L50, M|\n|poke|p2|Venusaur, L50, F|\n|poke|p2|Basculegion, L50, M|\n|teampreview|4\n|c|\u2606katecorvidoe|hello o/\nkatecorvidoe rejected open team sheets.\n|c|\u2606dimby_69|yo\n|inactive|Battle timer is ON: inactive players will automatically lose when time's up. (requested by katecorvidoe)\n|inactive|katecorvidoe has 60 seconds left.\n|\n|t:|1776055999\n|teamsize|p1|4\n|teamsize|p2|4\n|start\n|switch|p1a: Cat|Dragapult, L50, M|100/100\n|switch|p1b: LG Front Loader|Rotom-Wash, L50|100/100\n|switch|p2a: Pelipper|Pelipper, L50, M|100/100\n|switch|p2b: Basculegion|Basculegion, L50, M|100/100\n|-weather|RainDance|[from] ability: Drizzle|[of] p2a: Pelipper\n|turn|1\n|inactive|katecorvidoe has 30 seconds left.\n|inactive|dimby_69 has 30 seconds left.\n|\n|t:|1776056027\n|move|p1a: Cat|Protect|p1a: Cat\n|-singleturn|p1a: Cat|Protect\n|move|p2b: Basculegion|Last Respects|p1a: Cat\n|-activate|p1a: Cat|move: Protect\n|move|p1b: LG Front Loader|Volt Switch|p2b: Basculegion\n|-supereffective|p2b: Basculegion|1\n|-damage|p2b: Basculegion|18/100\n|\n|t:|1776056036\n|switch|p1b: Happy Fabmily|Maushold-Four, L50|100/100|[from] Volt Switch\n|move|p2a: Pelipper|Tailwind|p2a: Pelipper\n|-sidestart|p2: dimby_69|move: Tailwind\n|\n|-weather|RainDance|[upkeep]\n|upkeep\n|turn|2\n|\n|t:|1776056051\n|move|p1b: Happy Fabmily|Follow Me|p1b: Happy Fabmily\n|-singleturn|p1b: Happy Fabmily|move: Follow Me\n|move|p2b: Basculegion|Last Respects|p1b: Happy Fabmily\n|-immune|p1b: Happy Fabmily\n|move|p2a: Pelipper|Hurricane|p1b: Happy Fabmily\n|-damage|p1b: Happy Fabmily|52/100\n|move|p1a: Cat|Dragon Dance|p1a: Cat\n|-boost|p1a: Cat|atk|1\n|-boost|p1a: Cat|spe|1\n|\n|-weather|RainDance|[upkeep]\n|upkeep\n|turn|3\n|\n|t:|1776056075\n|switch|p2b: Toxicroak|Toxicroak, L50, M, shiny|100/100\n|move|p1b: Happy Fabmily|Follow Me|p1b: Happy Fabmily\n|-singleturn|p1b: Happy Fabmily|move: Follow Me\n|move|p1a: Cat|Dragon Dance|p1a: Cat\n|-boost|p1a: Cat|atk|1\n|-boost|p1a: Cat|spe|1\n|move|p2a: Pelipper|Icy Wind|p1a: Cat|[spread] p1a,p1b\n|-supereffective|p1a: Cat|1\n|-damage|p1a: Cat|76/100\n|-damage|p1b: Happy Fabmily|40/100\n|-unboost|p1b: Happy Fabmily|spe|1\n|-enditem|p1b: Happy Fabmily|Sitrus Berry|[eat]\n|-heal|p1b: Happy Fabmily|65/100|[from] item: Sitrus Berry\n|-heal|p1b: Happy Fabmily|98/100|[from] ability: Cheek Pouch\n|\n|-weather|RainDance|[upkeep]\n|upkeep\n|turn|4\n|inactive|katecorvidoe has 30 seconds left.\n|inactive|dimby_69 has 30 seconds left.\n|inactive|dimby_69 has 20 seconds left.\n|\n|t:|1776056110\n|move|p1b: Happy Fabmily|Follow Me|p1b: Happy Fabmily\n|-singleturn|p1b: Happy Fabmily|move: Follow Me\n|move|p2b: Toxicroak|Sucker Punch||[still]\n|-fail|p2b: Toxicroak\n|move|p1a: Cat|Baton Pass|p1a: Cat\n|\n|t:|1776056116\n|switch|p1a: Prized Beetle|Heracross, L50, M|100/100|[from] Baton Pass\n|move|p2a: Pelipper|Icy Wind|p1b: Happy Fabmily|[spread] p1a,p1b\n|-damage|p1a: Prized Beetle|88/100\n|-damage|p1b: Happy Fabmily|86/100\n|-unboost|p1a: Prized Beetle|spe|1\n|-unboost|p1b: Happy Fabmily|spe|1\n|\n|-weather|RainDance|[upkeep]\n|-sideend|p2: dimby_69|move: Tailwind\n|upkeep\n|turn|5\n|inactive|katecorvidoe has 30 seconds left.\n|\n|t:|1776056144\n|detailschange|p1a: Prized Beetle|Heracross-Mega, L50, M\n|-mega|p1a: Prized Beetle|Heracross|Heracronite\n|move|p1b: Happy Fabmily|Helping Hand|p1a: Prized Beetle\n|-singleturn|p1a: Prized Beetle|Helping Hand|[of] p1b: Happy Fabmily\n|move|p1a: Prized Beetle|Bullet Seed|p2b: Toxicroak\n|-resisted|p2b: Toxicroak|1\n|-damage|p2b: Toxicroak|70/100\n|-resisted|p2b: Toxicroak|1\n|-damage|p2b: Toxicroak|40/100\n|-resisted|p2b: Toxicroak|1\n|-damage|p2b: Toxicroak|14/100\n|-resisted|p2b: Toxicroak|1\n|-damage|p2b: Toxicroak|0 fnt\n|faint|p2b: Toxicroak\n|-hitcount|p2: Toxicroak|4\n|move|p2a: Pelipper|Tailwind|p2a: Pelipper\n|-sidestart|p2: dimby_69|move: Tailwind\n|\n|-weather|none\n|upkeep\n|\n|t:|1776056157\n|switch|p2b: Dragonite|Dragonite, L50, M, shiny|100/100\n|turn|6\n|\n|t:|1776056172\n|detailschange|p2b: Dragonite|Dragonite-Mega, L50, M, shiny\n|-mega|p2b: Dragonite|Dragonite|Dragoninite\n|move|p1b: Happy Fabmily|Follow Me|p1b: Happy Fabmily\n|-singleturn|p1b: Happy Fabmily|move: Follow Me\n|move|p2a: Pelipper|Hurricane|p1b: Happy Fabmily\n|-damage|p1b: Happy Fabmily|42/100\n|-start|p1b: Happy Fabmily|confusion\n|move|p2b: Dragonite|Hurricane|p1b: Happy Fabmily|[miss]\n|-miss|p2b: Dragonite|p1b: Happy Fabmily\n|move|p1a: Prized Beetle|Pin Missile|p2b: Dragonite\n|-resisted|p2b: Dragonite|1\n|-damage|p2b: Dragonite|94/100\n|-resisted|p2b: Dragonite|1\n|-damage|p2b: Dragonite|79/100\n|-resisted|p2b: Dragonite|1\n|-damage|p2b: Dragonite|64/100\n|-resisted|p2b: Dragonite|1\n|-damage|p2b: Dragonite|49/100\n|-resisted|p2b: Dragonite|1\n|-crit|p2b: Dragonite\n|-damage|p2b: Dragonite|28/100\n|-hitcount|p2b: Dragonite|5\n|\n|upkeep\n|turn|7\n|inactive|katecorvidoe has 30 seconds left.\n|inactive|dimby_69 has 30 seconds left.\n|\n|t:|1776056201\n|switch|p2b: Basculegion|Basculegion, L50, M|18/100\n|-activate|p1b: Happy Fabmily|confusion\n|-damage|p1b: Happy Fabmily|33/100|[from] confusion\n|move|p2a: Pelipper|Icy Wind|p1a: Prized Beetle|[spread] p1a,p1b\n|-damage|p1a: Prized Beetle|79/100\n|-damage|p1b: Happy Fabmily|21/100\n|-unboost|p1a: Prized Beetle|spe|1\n|-unboost|p1b: Happy Fabmily|spe|1\n|move|p1a: Prized Beetle|Pin Missile|p2b: Basculegion\n|-resisted|p2b: Basculegion|1\n|-damage|p2b: Basculegion|0 fnt\n|faint|p2b: Basculegion\n|-hitcount|p2: Basculegion|1\n|\n|upkeep\n|\n|t:|1776056213\n|switch|p2b: Dragonite|Dragonite-Mega, L50, M, shiny|28/100\n|turn|8\n|\n|t:|1776056227\n|-activate|p1b: Happy Fabmily|confusion\n|move|p1b: Happy Fabmily|Follow Me|p1b: Happy Fabmily\n|-singleturn|p1b: Happy Fabmily|move: Follow Me\n|move|p2a: Pelipper|Chilling Water|p1b: Happy Fabmily\n|-damage|p1b: Happy Fabmily|0 fnt\n|faint|p1b: Happy Fabmily\n|move|p2b: Dragonite|Hurricane|p1a: Prized Beetle\n|-supereffective|p1a: Prized Beetle|2\n|-damage|p1a: Prized Beetle|0 fnt\n|faint|p1a: Prized Beetle\n|\n|-sideend|p2: dimby_69|move: Tailwind\n|upkeep\n|\n|t:|1776056237\n|switch|p1b: LG Front Loader|Rotom-Wash, L50|100/100\n|switch|p1a: Cat|Dragapult, L50, M|76/100\n|turn|9\n|\n|t:|1776056253\n|move|p1a: Cat|Dragon Darts|p2b: Dragonite\n|-supereffective|p2b: Dragonite|1\n|-damage|p2b: Dragonite|0 fnt\n|-anim|p1a: Cat|Dragon Darts|p2a: Pelipper\n|-damage|p2a: Pelipper|69/100\n|faint|p2b: Dragonite\n|move|p1b: LG Front Loader|Thunderbolt|p2a: Pelipper\n|-supereffective|p2a: Pelipper|2\n|-damage|p2a: Pelipper|0 fnt\n|faint|p2a: Pelipper\n|\n|win|katecorvidoe\n|raw|katecorvidoe's rating: 1058 &rarr; <strong>1085</strong><br />(+27 for winning)\n|raw|dimby_69's rating: 1010 &rarr; <strong>1000</strong><br />(-10 for losing)\n|l|\u2606dimby_69\n|player|p2|\n|c|\u2606katecorvidoe|gg\n",
  "uploadtime": 1776056280,
  "views": 15,
  "formatid": "gen9championsvgc2026regma",
  "rating": 1000,
  "private": 0,
  "password": null
}