{
  "id": "gen9championsvgc2026regma-2580317013",
  "format": "[Gen 9 Champions] VGC 2026 Reg M-A",
  "players": [
    "pengu",
    "swampizzoCARTI"
  ],
  "log": "|j|\u2606pengu\n|j|\u2606swampizzoCARTI\n|t:|1775879669\n|gametype|doubles\n|player|p1|pengu|rosa-masters|\n|player|p2|swampizzoCARTI|leon-masters2|\n|gen|9\n|tier|[Gen 9 Champions] VGC 2026 Reg M-A\n|rated|Tournament battle\n|rule|Species Clause: Limit one of each Pok\u00e9mon\n|rule|Item Clause: Limit 1 of each item\n|clearpoke\n|poke|p1|Gengar, L50, F|\n|poke|p1|Whimsicott, L50, F|\n|poke|p1|Incineroar, L50, F|\n|poke|p1|Ninetales-Alola, L50, M|\n|poke|p1|Sinistcha, L50|\n|poke|p1|Kommo-o, L50, M|\n|poke|p2|Kingambit, L50, F|\n|poke|p2|Sneasler, L50, M|\n|poke|p2|Primarina, L50, F|\n|poke|p2|Aerodactyl, L50, M|\n|poke|p2|Sinistcha-Masterpiece, L50|\n|poke|p2|Corviknight, L50, F|\n|teampreview|4\n|inactive|Battle timer is ON: inactive players will automatically lose when time's up. (requested by pengu)\n|inactive|swampizzoCARTI also wants the timer to be on.\n|j| Carrielis\n|j| KaiMVGC\n|j|@Bright Size\n|j| mynamegrassgreen\n|j| Tealnotsu\n|c|\u2606pengu|hf\n|j| SH0CKING BLUE\npengu has agreed to open team sheets.\n|j| DratiniKing10\n|c|\u2606swampizzoCARTI|u2\nswampizzoCARTI has agreed to open team sheets.\n|showteam|p1|Gengar||Gengarite|CursedBody|SludgeBomb,ShadowBall,Disable,Protect|||F|||50|]Whimsicott||FocusSash|Prankster|Tailwind,Moonblast,FakeTears,Encore|||F|||50|]Incineroar||ShucaBerry|Intimidate|FakeOut,FlareBlitz,DarkestLariat,PartingShot|||F|||50|]Ninetales-Alola||NeverMeltIce|SnowWarning|Blizzard,Moonblast,AuroraVeil,Protect|||M|||50|]Sinistcha||SitrusBerry|Hospitality|MatchaGotcha,LifeDew,RagePowder,StrengthSap||||||50|]Kommo-o||Leftovers|Overcoat|ClangingScales,ClangorousSoul,AuraSphere,Protect|||M|||50|\n|showteam|p2|Kingambit||BlackGlasses|Defiant|KowtowCleave,SuckerPunch,Protect,SwordsDance|||F|||50|]Sneasler||WhiteHerb|Unburden|FakeOut,CloseCombat,Coaching,DireClaw|||M|||50|]Primarina||MysticWater|LiquidVoice|HyperVoice,Moonblast,Haze,Protect|||F|||50|]Aerodactyl||Aerodactylite|Pressure|RockSlide,Protect,IceFang,DualWingbeat|||M|||50|]Sinistcha-Masterpiece||SitrusBerry|Hospitality|MatchaGotcha,LifeDew,TrickRoom,RagePowder||||||50|]Corviknight||Leftovers|MirrorArmor|BraveBird,Tailwind,BodyPress,Protect|||F|||50|\n|inactive|pengu has 60 seconds left.\n|inactive|swampizzoCARTI has 60 seconds left.\n|j| Avi 2007\n|j| Beada64\n|\n|t:|1775879726\n|teamsize|p1|4\n|teamsize|p2|4\n|start\n|switch|p1a: Whimsicott|Whimsicott, L50, F|100/100\n|switch|p1b: Ninetales|Ninetales-Alola, L50, M|100/100\n|switch|p2a: Corviknight|Corviknight, L50, F|100/100\n|switch|p2b: Sneasler|Sneasler, L50, M|100/100\n|-weather|Snowscape|[from] ability: Snow Warning|[of] p1b: Ninetales\n|turn|1\n|j| SharkVGC\n|\n|t:|1775879749\n|move|p2b: Sneasler|Fake Out|p1a: Whimsicott\n|-damage|p1a: Whimsicott|80/100\n|cant|p1a: Whimsicott|flinch\n|move|p1b: Ninetales|Aurora Veil|p1b: Ninetales\n|-sidestart|p1: pengu|move: Aurora Veil\n|move|p2a: Corviknight|Brave Bird|p1a: Whimsicott\n|-supereffective|p1a: Whimsicott|1\n|-damage|p1a: Whimsicott|0 fnt\n|faint|p1a: Whimsicott\n|-damage|p2a: Corviknight|83/100|[from] Recoil\n|\n|-weather|Snowscape|[upkeep]\n|-heal|p2a: Corviknight|89/100|[from] item: Leftovers\n|upkeep\n|j| Perhaps Perish?\n|inactive|pengu has 30 seconds left.\n|\n|t:|1775879777\n|switch|p1a: Gengar|Gengar, L50, F, shiny|100/100\n|turn|2\n|\n|t:|1775879784\n|switch|p2a: Kingambit|Kingambit, L50, F|100/100\n|detailschange|p1a: Gengar|Gengar-Mega, L50, F, shiny\n|-mega|p1a: Gengar|Gengar|Gengarite\n|move|p1a: Gengar|Shadow Ball|p2a: Kingambit\n|-resisted|p2a: Kingambit|1\n|-damage|p2a: Kingambit|74/100\n|move|p2b: Sneasler|Dire Claw|p1b: Ninetales\n|-supereffective|p1b: Ninetales|1\n|-damage|p1b: Ninetales|49/100\n|-status|p1b: Ninetales|par\n|move|p1b: Ninetales|Blizzard|p2b: Sneasler|[spread] p2a,p2b\n|-resisted|p2a: Kingambit|1\n|-damage|p2a: Kingambit|56/100\n|-damage|p2b: Sneasler|50/100\n|\n|-weather|Snowscape|[upkeep]\n|upkeep\n|turn|3\n|\n|t:|1775879801\n|switch|p1a: Kommo-o|Kommo-o, L50, M|100/100\n|move|p1b: Ninetales|Protect|p1b: Ninetales\n|-singleturn|p1b: Ninetales|Protect\n|move|p2b: Sneasler|Dire Claw|p1b: Ninetales\n|-activate|p1b: Ninetales|move: Protect\n|move|p2a: Kingambit|Kowtow Cleave|p1a: Kommo-o\n|-resisted|p1a: Kommo-o|1\n|-damage|p1a: Kommo-o|85/100\n|\n|-weather|Snowscape|[upkeep]\n|-heal|p1a: Kommo-o|91/100|[from] item: Leftovers\n|upkeep\n|turn|4\n|j| Obeahman\n|\n|t:|1775879826\n|switch|p2a: Aerodactyl|Aerodactyl, L50, M|100/100\n|-ability|p2a: Aerodactyl|Pressure\n|move|p2b: Sneasler|Dire Claw|p1b: Ninetales\n|-supereffective|p1b: Ninetales|1\n|-damage|p1b: Ninetales|0 fnt\n|faint|p1b: Ninetales\n|move|p1a: Kommo-o|Clangorous Soul|p1a: Kommo-o\n|-boost|p1a: Kommo-o|atk|1\n|-boost|p1a: Kommo-o|def|1\n|-boost|p1a: Kommo-o|spa|1\n|-boost|p1a: Kommo-o|spd|1\n|-boost|p1a: Kommo-o|spe|1\n|-damage|p1a: Kommo-o|58/100\n|\n|-weather|Snowscape|[upkeep]\n|-heal|p1a: Kommo-o|64/100|[from] item: Leftovers\n|upkeep\n|l| Avi 2007\n|j| tf2026\n|j| chumba03m\n|\n|t:|1775879832\n|switch|p1b: Gengar|Gengar-Mega, L50, F, shiny|100/100\n|turn|5\n|j|@verbatim\n|\n|t:|1775879856\n|detailschange|p2a: Aerodactyl|Aerodactyl-Mega, L50, M\n|-mega|p2a: Aerodactyl|Aerodactyl|Aerodactylite\n|move|p2a: Aerodactyl|Protect|p2a: Aerodactyl\n|-singleturn|p2a: Aerodactyl|Protect\n|move|p1b: Gengar|Shadow Ball|p2a: Aerodactyl\n|-activate|p2a: Aerodactyl|move: Protect\n|move|p2b: Sneasler|Coaching|p2a: Aerodactyl\n|-boost|p2a: Aerodactyl|atk|1\n|-boost|p2a: Aerodactyl|def|1\n|move|p1a: Kommo-o|Clanging Scales|p2a: Aerodactyl|[spread] p2b\n|-activate|p2a: Aerodactyl|move: Protect\n|-damage|p2b: Sneasler|0 fnt\n|faint|p2b: Sneasler\n|-unboost|p1a: Kommo-o|def|1\n|\n|-weather|none\n|-heal|p1a: Kommo-o|70/100|[from] item: Leftovers\n|-sideend|p1: pengu|move: Aurora Veil\n|upkeep\n|j| speedyturtle87\n|\n|t:|1775879865\n|switch|p2b: Kingambit|Kingambit, L50, F|56/100\n|turn|6\n|\n|t:|1775879871\n|move|p1a: Kommo-o|Protect|p1a: Kommo-o\n|-singleturn|p1a: Kommo-o|Protect\n|move|p2a: Aerodactyl|Dual Wingbeat|p1a: Kommo-o\n|-activate|p1a: Kommo-o|move: Protect\n|move|p1b: Gengar|Disable|p2a: Aerodactyl\n|-start|p2a: Aerodactyl|Disable|Dual Wingbeat\n|move|p2b: Kingambit|Kowtow Cleave|p1b: Gengar\n|-supereffective|p1b: Gengar|1\n|-damage|p1b: Gengar|0 fnt\n|faint|p1b: Gengar\n|\n|-heal|p1a: Kommo-o|77/100|[from] item: Leftovers\n|upkeep\n|turn|7\n|\n|t:|1775879886\n|move|p2b: Kingambit|Sucker Punch|p1a: Kommo-o\n|-resisted|p1a: Kommo-o|1\n|-damage|p1a: Kommo-o|56/100\n|move|p2a: Aerodactyl|Ice Fang|p1a: Kommo-o|[miss]\n|-miss|p2a: Aerodactyl|p1a: Kommo-o\n|move|p1a: Kommo-o|Aura Sphere|p2b: Kingambit\n|-supereffective|p2b: Kingambit|2\n|-damage|p2b: Kingambit|0 fnt\n|faint|p2b: Kingambit\n|\n|-heal|p1a: Kommo-o|62/100|[from] item: Leftovers\n|upkeep\n|l| Obeahman\n|\n|t:|1775879889\n|switch|p2b: Corviknight|Corviknight, L50, F|89/100\n|turn|8\n|\n|t:|1775879892\n|move|p2a: Aerodactyl|Ice Fang|p1a: Kommo-o\n|-supereffective|p1a: Kommo-o|1\n|-damage|p1a: Kommo-o|0 fnt\n|faint|p1a: Kommo-o\n|\n|win|swampizzoCARTI\n|n|\u2606pengu|pengu\n|n|\u2606swampizzoCARTI|swampizzocarti\n|n| Carrielis|carrielis\n|n| KaiMVGC|kaimvgc\n|n| Bright Size|brightsize\n|n| mynamegrassgreen|mynamegrassgreen\n|n| Tealnotsu|tealnotsu\n|n| SH0CKING BLUE|sh0ckingblue\n|n| DratiniKing10|dratiniking10\n|n| Beada64|beada64\n|n| SharkVGC|sharkvgc\n|n| Perhaps Perish?|perhapsperish\n|n| tf2026|tf2026\n|n| chumba03m|chumba03m\n|n|@verbatim|verbatim\n|n| speedyturtle87|speedyturtle87\n",
  "uploadtime": 1775879892,
  "views": 24,
  "formatid": "gen9championsvgc2026regma",
  "rating": null,
  "private": 0,
  "password": null
}