{
  "id": "gen9championsvgc2026regma-2588415687",
  "format": "[Gen 9 Champions] VGC 2026 Reg M-A",
  "players": [
    "AdnGG",
    "Guysmash"
  ],
  "log": "|j|\u2606AdnGG\n|j|\u2606Guysmash\n|t:|1776631621\n|gametype|doubles\n|player|p1|AdnGG|170|1099\n|player|p2|Guysmash|artist-gen9|1106\n|gen|9\n|tier|[Gen 9 Champions] VGC 2026 Reg M-A\n|rated|\n|rule|Species Clause: Limit one of each Pok\u00e9mon\n|rule|Item Clause: Limit 1 of each item\n|clearpoke\n|poke|p1|Sneasler, L50, M|\n|poke|p1|Feraligatr, L50, F|\n|poke|p1|Talonflame, L50, M|\n|poke|p1|Sinistcha, L50|\n|poke|p1|Kingambit, L50, M|\n|poke|p1|Gardevoir, L50, F|\n|poke|p2|Pelipper, L50, M|\n|poke|p2|Incineroar, L50, F|\n|poke|p2|Meganium, L50, M|\n|poke|p2|Archaludon, L50, F|\n|poke|p2|Basculegion, L50, M|\n|poke|p2|Sneasler, L50, F|\n|teampreview|4\n|inactive|Battle timer is ON: inactive players will automatically lose when time's up. (requested by Guysmash)\n|inactive|AdnGG also wants the timer to be on.\n|c|\u2606Guysmash|Hf\nGuysmash rejected open team sheets.\n|inactive|Guysmash has 60 seconds left.\n|\n|t:|1776631657\n|teamsize|p1|4\n|teamsize|p2|4\n|start\n|switch|p1a: Kingambit|Kingambit, L50, M|100/100\n|switch|p1b: Talonflame|Talonflame, L50, M|100/100\n|switch|p2a: Frankl1 (Bretagne)|Pelipper, L50, M|100/100\n|switch|p2b: Where's Body Press|Archaludon, L50, F|100/100\n|-weather|RainDance|[from] ability: Drizzle|[of] p2a: Frankl1 (Bretagne)\n|turn|1\n|\n|t:|1776631678\n|move|p1b: Talonflame|Tailwind|p1b: Talonflame\n|-sidestart|p1: AdnGG|move: Tailwind\n|move|p2b: Where's Body Press|Electro Shot||[still]\n|-prepare|p2b: Where's Body Press|Electro Shot\n|-boost|p2b: Where's Body Press|spa|1\n|-anim|p2b: Where's Body Press|Electro Shot|p1b: Talonflame\n|-supereffective|p1b: Talonflame|1\n|-damage|p1b: Talonflame|0 fnt\n|faint|p1b: Talonflame\n|move|p1a: Kingambit|Iron Head|p2a: Frankl1 (Bretagne)\n|-resisted|p2a: Frankl1 (Bretagne)|1\n|-damage|p2a: Frankl1 (Bretagne)|72/100\n|move|p2a: Frankl1 (Bretagne)|Tailwind|p2a: Frankl1 (Bretagne)\n|-sidestart|p2: Guysmash|move: Tailwind\n|\n|-weather|RainDance|[upkeep]\n|upkeep\n|\n|t:|1776631690\n|switch|p1b: Feraligatr|Feraligatr, L50, F|100/100\n|turn|2\n|inactive|Guysmash has 30 seconds left.\n|\n|t:|1776631721\n|switch|p2b: Coussin d\u2019t\u00eate|Meganium, L50, M|100/100\n|switch|p2a: Pyromaniac cat|Incineroar, L50, F|100/100\n|-ability|p2a: Pyromaniac cat|Intimidate|boost\n|-unboost|p1a: Kingambit|atk|1\n|-ability|p1a: Kingambit|Defiant|boost\n|-boost|p1a: Kingambit|atk|2\n|-unboost|p1b: Feraligatr|atk|1\n|detailschange|p1b: Feraligatr|Feraligatr-Mega, L50, F\n|-mega|p1b: Feraligatr|Feraligatr|Feraligite\n|move|p1a: Kingambit|Sucker Punch||[still]\n|-fail|p1a: Kingambit\n|move|p1b: Feraligatr|Double-Edge|p2b: Coussin d\u2019t\u00eate\n|-crit|p2b: Coussin d\u2019t\u00eate\n|-damage|p2b: Coussin d\u2019t\u00eate|0 fnt\n|faint|p2b: Coussin d\u2019t\u00eate\n|-damage|p1b: Feraligatr|73/100|[from] Recoil\n|\n|-weather|RainDance|[upkeep]\n|upkeep\n|\n|t:|1776631741\n|switch|p2b: Where's Body Press|Archaludon, L50, F|100/100\n|turn|3\n|\n|t:|1776631750\n|move|p1b: Feraligatr|Protect|p1b: Feraligatr\n|-singleturn|p1b: Feraligatr|Protect\n|move|p1a: Kingambit|Protect|p1a: Kingambit\n|-singleturn|p1a: Kingambit|Protect\n|move|p2a: Pyromaniac cat|Fake Out|p1a: Kingambit\n|-activate|p1a: Kingambit|move: Protect\n|move|p2b: Where's Body Press|Draco Meteor|p1b: Feraligatr\n|-activate|p1b: Feraligatr|move: Protect\n|\n|-weather|RainDance|[upkeep]\n|upkeep\n|turn|4\n|inactive|AdnGG has 30 seconds left.\n|inactive|Guysmash has 30 seconds left.\n|\n|t:|1776631782\n|switch|p1a: Sneasler|Sneasler, L50, M|100/100\n|move|p2b: Where's Body Press|Electro Shot||[still]\n|-prepare|p2b: Where's Body Press|Electro Shot\n|-boost|p2b: Where's Body Press|spa|1\n|-anim|p2b: Where's Body Press|Electro Shot|p1b: Feraligatr\n|-damage|p1b: Feraligatr|0 fnt\n|faint|p1b: Feraligatr\n|move|p2a: Pyromaniac cat|Parting Shot|p1a: Sneasler\n|-unboost|p1a: Sneasler|atk|1\n|-unboost|p1a: Sneasler|spa|1\n|\n|t:|1776631794\n|switch|p2a: Frankl1 (Bretagne)|Pelipper, L50, M|72/100|[from] Parting Shot\n|\n|-weather|RainDance|[upkeep]\n|-sideend|p1: AdnGG|move: Tailwind\n|-sideend|p2: Guysmash|move: Tailwind\n|upkeep\n|\n|t:|1776631799\n|switch|p1b: Kingambit|Kingambit, L50, M|100/100\n|turn|5\n|\n|t:|1776631812\n|move|p1a: Sneasler|Fake Out|p2a: Frankl1 (Bretagne)\n|-damage|p2a: Frankl1 (Bretagne)|59/100\n|move|p2b: Where's Body Press|Electro Shot||[still]\n|-prepare|p2b: Where's Body Press|Electro Shot\n|-boost|p2b: Where's Body Press|spa|1\n|-anim|p2b: Where's Body Press|Electro Shot|p1a: Sneasler\n|-enditem|p1a: Sneasler|Focus Sash\n|-damage|p1a: Sneasler|1/100\n|cant|p2a: Frankl1 (Bretagne)|flinch\n|move|p1b: Kingambit|Kowtow Cleave|p2b: Where's Body Press\n|-damage|p2b: Where's Body Press|59/100\n|\n|-weather|none\n|upkeep\n|turn|6\n|\n|t:|1776631834\n|move|p2b: Where's Body Press|Protect|p2b: Where's Body Press\n|-singleturn|p2b: Where's Body Press|Protect\n|move|p1a: Sneasler|Close Combat|p2b: Where's Body Press\n|-activate|p2b: Where's Body Press|move: Protect\n|move|p2a: Frankl1 (Bretagne)|Hurricane|p1a: Sneasler\n|-supereffective|p1a: Sneasler|1\n|-damage|p1a: Sneasler|0 fnt\n|faint|p1a: Sneasler\n|move|p1b: Kingambit|Kowtow Cleave|p2a: Frankl1 (Bretagne)\n|-damage|p2a: Frankl1 (Bretagne)|0 fnt\n|faint|p2a: Frankl1 (Bretagne)\n|\n|upkeep\n|\n|t:|1776631846\n|switch|p2a: Pyromaniac cat|Incineroar, L50, F|100/100\n|-ability|p2a: Pyromaniac cat|Intimidate|boost\n|-unboost|p1b: Kingambit|atk|1\n|-ability|p1b: Kingambit|Defiant|boost\n|-boost|p1b: Kingambit|atk|2\n|turn|7\n|\n|t:|1776631859\n|move|p1b: Kingambit|Protect|p1b: Kingambit\n|-singleturn|p1b: Kingambit|Protect\n|move|p2a: Pyromaniac cat|Fake Out|p1b: Kingambit\n|-activate|p1b: Kingambit|move: Protect\n|move|p2b: Where's Body Press|Draco Meteor|p1b: Kingambit\n|-activate|p1b: Kingambit|move: Protect\n|\n|upkeep\n|turn|8\n|\n|t:|1776631872\n|move|p2a: Pyromaniac cat|Protect|p2a: Pyromaniac cat\n|-singleturn|p2a: Pyromaniac cat|Protect\n|move|p2b: Where's Body Press|Electro Shot||[still]\n|-prepare|p2b: Where's Body Press|Electro Shot\n|-boost|p2b: Where's Body Press|spa|1\n|move|p1b: Kingambit|Kowtow Cleave|p2b: Where's Body Press\n|-damage|p2b: Where's Body Press|0 fnt\n|faint|p2b: Where's Body Press\n|\n|upkeep\n|turn|9\n|c|\u2606Guysmash|Ggwp\n|-message|Guysmash forfeited.\n|\n|win|AdnGG\n|raw|AdnGG's rating: 1099 &rarr; <strong>1125</strong><br />(+26 for winning)\n|raw|Guysmash's rating: 1106 &rarr; <strong>1080</strong><br />(-26 for losing)\n|l|\u2606AdnGG\n|player|p1|\n",
  "uploadtime": 1776631897,
  "views": 13,
  "formatid": "gen9championsvgc2026regma",
  "rating": 1080,
  "private": 0,
  "password": null
}