{
  "id": "gen9championsvgc2026regma-2587788029",
  "format": "[Gen 9 Champions] VGC 2026 Reg M-A",
  "players": [
    "Stundamba",
    "JellyBeanDeath"
  ],
  "log": "|j|\u2606Stundamba\n|j|\u2606JellyBeanDeath\n|t:|1776564049\n|gametype|doubles\n|player|p1|Stundamba|169|1397\n|player|p2|JellyBeanDeath|170|1453\n|gen|9\n|tier|[Gen 9 Champions] VGC 2026 Reg M-A\n|rated|\n|rule|Species Clause: Limit one of each Pok\u00e9mon\n|rule|Item Clause: Limit 1 of each item\n|clearpoke\n|poke|p1|Kingambit, L50, M|\n|poke|p1|Blastoise, L50, F|\n|poke|p1|Sinistcha, L50|\n|poke|p1|Farigiraf, L50, M|\n|poke|p1|Archaludon, L50, F|\n|poke|p1|Aerodactyl, L50, F|\n|poke|p2|Charizard, L50, F|\n|poke|p2|Heliolisk, L50, M|\n|poke|p2|Milotic, L50, F|\n|poke|p2|Leafeon, L50, M|\n|poke|p2|Farigiraf, L50, M|\n|poke|p2|Kommo-o, L50, F|\n|teampreview|4\n|inactive|Battle timer is ON: inactive players will automatically lose when time's up. (requested by JellyBeanDeath)\n|inactive|Stundamba has 60 seconds left.\n|\n|t:|1776564102\n|teamsize|p1|4\n|teamsize|p2|4\n|start\n|switch|p1a: Aerodactyl|Aerodactyl, L50, F|100/100\n|switch|p1b: Blastoise|Blastoise, L50, F|100/100\n|switch|p2a: Farigiraf|Farigiraf, L50, M|100/100\n|switch|p2b: Milotic|Milotic, L50, F|100/100\n|-ability|p1a: Aerodactyl|Unnerve\n|turn|1\n|\n|t:|1776564118\n|detailschange|p1b: Blastoise|Blastoise-Mega, L50, F\n|-mega|p1b: Blastoise|Blastoise|Blastoisinite\n|move|p1a: Aerodactyl|Protect|p1a: Aerodactyl\n|-singleturn|p1a: Aerodactyl|Protect\n|move|p2b: Milotic|Scald|p1a: Aerodactyl\n|-activate|p1a: Aerodactyl|move: Protect\n|move|p1b: Blastoise|Dark Pulse|p2a: Farigiraf\n|-supereffective|p2a: Farigiraf|1\n|-damage|p2a: Farigiraf|5/100\n|move|p2a: Farigiraf|Hyper Voice|p1b: Blastoise|[spread] p1b\n|-activate|p1a: Aerodactyl|move: Protect\n|-damage|p1b: Blastoise|74/100\n|\n|upkeep\n|turn|2\n|\n|t:|1776564135\n|switch|p1a: Farigiraf|Farigiraf, L50, M|100/100\n|-enditem|p2a: Farigiraf|Sitrus Berry|[eat]\n|-heal|p2a: Farigiraf|30/100|[from] item: Sitrus Berry\n|move|p2b: Milotic|Scald|p1a: Farigiraf\n|-crit|p1a: Farigiraf\n|-damage|p1a: Farigiraf|50/100\n|-status|p1a: Farigiraf|brn\n|-enditem|p1a: Farigiraf|Sitrus Berry|[eat]\n|-heal|p1a: Farigiraf|75/100 brn|[from] item: Sitrus Berry\n|move|p1b: Blastoise|Water Spout|p2b: Milotic|[spread] p2a,p2b\n|-resisted|p2b: Milotic|1\n|-damage|p2a: Farigiraf|0 fnt\n|-damage|p2b: Milotic|81/100\n|faint|p2a: Farigiraf\n|\n|-heal|p2b: Milotic|87/100|[from] item: Leftovers\n|-damage|p1a: Farigiraf|69/100 brn|[from] brn\n|upkeep\n|\n|t:|1776564153\n|switch|p2a: Kommo-o|Kommo-o, L50, F|100/100\n|turn|3\n|\n|t:|1776564162\n|move|p2a: Kommo-o|Clangorous Soul|p2a: Kommo-o\n|-boost|p2a: Kommo-o|atk|1\n|-boost|p2a: Kommo-o|def|1\n|-boost|p2a: Kommo-o|spa|1\n|-boost|p2a: Kommo-o|spd|1\n|-boost|p2a: Kommo-o|spe|1\n|-damage|p2a: Kommo-o|68/100\n|move|p1b: Blastoise|Dark Pulse|p2b: Milotic\n|-damage|p2b: Milotic|49/100\n|move|p1a: Farigiraf|Psychic|p2a: Kommo-o\n|-supereffective|p2a: Kommo-o|1\n|-damage|p2a: Kommo-o|18/100\n|cant|p2b: Milotic|flinch\n|\n|-heal|p2b: Milotic|55/100|[from] item: Leftovers\n|-damage|p1a: Farigiraf|63/100 brn|[from] brn\n|upkeep\n|turn|4\n|\n|t:|1776564182\n|move|p2a: Kommo-o|Clanging Scales|p1a: Farigiraf|[spread] p1a,p1b\n|-crit|p1a: Farigiraf\n|-damage|p1a: Farigiraf|0 fnt\n|-damage|p1b: Blastoise|29/100\n|faint|p1a: Farigiraf\n|-unboost|p2a: Kommo-o|def|1\n|move|p2b: Milotic|Scald|p1b: Blastoise\n|-resisted|p1b: Blastoise|1\n|-damage|p1b: Blastoise|15/100\n|-status|p1b: Blastoise|brn\n|move|p1b: Blastoise|Water Pulse|p2a: Kommo-o\n|-resisted|p2a: Kommo-o|1\n|-damage|p2a: Kommo-o|0 fnt\n|faint|p2a: Kommo-o\n|\n|-heal|p2b: Milotic|61/100|[from] item: Leftovers\n|-damage|p1b: Blastoise|9/100 brn|[from] brn\n|upkeep\n|\n|t:|1776564202\n|switch|p2a: Charizard|Charizard, L50, F|100/100\n|switch|p1a: Aerodactyl|Aerodactyl, L50, F|100/100\n|-ability|p1a: Aerodactyl|Unnerve\n|turn|5\n|\n|t:|1776564218\n|detailschange|p2a: Charizard|Charizard-Mega-Y, L50, F\n|-mega|p2a: Charizard|Charizard|Charizardite Y\n|-weather|SunnyDay|[from] ability: Drought|[of] p2a: Charizard\n|move|p1a: Aerodactyl|Protect|p1a: Aerodactyl\n|-singleturn|p1a: Aerodactyl|Protect\n|move|p2a: Charizard|Solar Beam||[still]\n|-prepare|p2a: Charizard|Solar Beam\n|-anim|p2a: Charizard|Solar Beam|p1b: Blastoise\n|-supereffective|p1b: Blastoise|1\n|-damage|p1b: Blastoise|0 fnt\n|faint|p1b: Blastoise\n|move|p2b: Milotic|Scald|p1a: Aerodactyl\n|-activate|p1a: Aerodactyl|move: Protect\n|\n|-weather|SunnyDay|[upkeep]\n|-heal|p2b: Milotic|67/100|[from] item: Leftovers\n|upkeep\n|\n|t:|1776564231\n|switch|p1b: Kingambit|Kingambit, L50, M|100/100\n|turn|6\n|\n|t:|1776564242\n|move|p2a: Charizard|Protect|p2a: Charizard\n|-singleturn|p2a: Charizard|Protect\n|move|p1a: Aerodactyl|Rock Slide|p2b: Milotic|[spread] p2b\n|-activate|p2a: Charizard|move: Protect\n|-damage|p2b: Milotic|38/100\n|move|p2b: Milotic|Scald|p1a: Aerodactyl\n|-supereffective|p1a: Aerodactyl|1\n|-crit|p1a: Aerodactyl\n|-damage|p1a: Aerodactyl|37/100\n|move|p1b: Kingambit|Kowtow Cleave|p2b: Milotic\n|-damage|p2b: Milotic|0 fnt\n|faint|p2b: Milotic\n|\n|-weather|SunnyDay|[upkeep]\n|upkeep\n|turn|7\n|\n|t:|1776564262\n|move|p1b: Kingambit|Sucker Punch|p2a: Charizard\n|-damage|p2a: Charizard|30/100\n|move|p1a: Aerodactyl|Rock Slide|p2a: Charizard\n|-supereffective|p2a: Charizard|2\n|-damage|p2a: Charizard|0 fnt\n|faint|p2a: Charizard\n|\n|win|Stundamba\n|raw|Stundamba's rating: 1397 &rarr; <strong>1420</strong><br />(+23 for winning)\n|raw|JellyBeanDeath's rating: 1453 &rarr; <strong>1430</strong><br />(-23 for losing)\n",
  "uploadtime": 1776564266,
  "views": 15,
  "formatid": "gen9championsvgc2026regma",
  "rating": 1420,
  "private": 0,
  "password": null
}