{
  "id": "gen9championsvgc2026regma-2584339259",
  "format": "[Gen 9 Champions] VGC 2026 Reg M-A",
  "players": [
    "maria montero",
    "zannara"
  ],
  "log": "|j|\u2606maria montero\n|j|\u2606zannara\n|t:|1776252824\n|gametype|doubles\n|player|p1|maria montero|backersf|1401\n|player|p2|zannara|101|1307\n|gen|9\n|tier|[Gen 9 Champions] VGC 2026 Reg M-A\n|rated|\n|rule|Species Clause: Limit one of each Pok\u00e9mon\n|rule|Item Clause: Limit 1 of each item\n|clearpoke\n|poke|p1|Houndoom, L50, M|\n|poke|p1|Sneasler, L50, M|\n|poke|p1|Whimsicott, L50, F|\n|poke|p1|Basculegion, L50, M|\n|poke|p1|Dragonite, L50, F|\n|poke|p1|Incineroar, L50, F|\n|poke|p2|Floette-Eternal, L50, F|\n|poke|p2|Aerodactyl, L50, F|\n|poke|p2|Sneasler, L50, M|\n|poke|p2|Rotom-Wash, L50|\n|poke|p2|Garchomp, L50, F|\n|poke|p2|Incineroar, L50, F|\n|teampreview|4\n|inactive|Battle timer is ON: inactive players will automatically lose when time's up. (requested by zannara)\n|inactive|zannara has 60 seconds left.\n|\n|t:|1776252868\n|teamsize|p1|4\n|teamsize|p2|4\n|start\n|switch|p1a: Basculegion|Basculegion, L50, M|100/100\n|switch|p1b: Whimsicott|Whimsicott, L50, F|100/100\n|switch|p2a: Rotom|Rotom-Wash, L50|100/100\n|switch|p2b: Aerodactyl|Aerodactyl, L50, F|100/100\n|-ability|p2b: Aerodactyl|Unnerve\n|turn|1\n|inactive|maria montero has 30 seconds left.\n|inactive|zannara has 30 seconds left.\n|inactive|zannara has 20 seconds left.\n|\n|t:|1776252914\n|move|p2b: Aerodactyl|Protect|p2b: Aerodactyl\n|-singleturn|p2b: Aerodactyl|Protect\n|move|p1b: Whimsicott|Tailwind|p1b: Whimsicott\n|-sidestart|p1: maria montero|move: Tailwind\n|move|p1a: Basculegion|Flip Turn|p2b: Aerodactyl\n|-activate|p2b: Aerodactyl|move: Protect\n|move|p2a: Rotom|Thunderbolt|p1a: Basculegion\n|-supereffective|p1a: Basculegion|1\n|-damage|p1a: Basculegion|18/100\n|\n|upkeep\n|turn|2\n|\n|t:|1776252931\n|move|p1a: Basculegion|Flip Turn|p2b: Aerodactyl\n|-supereffective|p2b: Aerodactyl|1\n|-enditem|p2b: Aerodactyl|Focus Sash\n|-damage|p2b: Aerodactyl|1/100\n|\n|t:|1776252944\n|switch|p1a: Houndoom|Houndoom, L50, M, shiny|100/100|[from] Flip Turn\n|move|p1b: Whimsicott|Moonblast|p2b: Aerodactyl\n|-damage|p2b: Aerodactyl|0 fnt\n|faint|p2b: Aerodactyl\n|move|p2a: Rotom|Thunderbolt|p1a: Houndoom\n|-damage|p1a: Houndoom|48/100\n|\n|upkeep\n|\n|t:|1776252959\n|switch|p2b: Sneasler|Sneasler, L50, M|100/100\n|turn|3\n|inactive|zannara has 30 seconds left.\n|\n|t:|1776252988\n|move|p1b: Whimsicott|Protect|p1b: Whimsicott\n|-singleturn|p1b: Whimsicott|Protect\n|move|p1a: Houndoom|Protect|p1a: Houndoom\n|-singleturn|p1a: Houndoom|Protect\n|move|p2a: Rotom|Thunderbolt|p1a: Houndoom\n|-activate|p1a: Houndoom|move: Protect\n|move|p2b: Sneasler|Dire Claw|p1b: Whimsicott\n|-activate|p1b: Whimsicott|move: Protect\n|\n|upkeep\n|turn|4\n|\n|t:|1776253005\n|detailschange|p1a: Houndoom|Houndoom-Mega, L50, M, shiny\n|-mega|p1a: Houndoom|Houndoom|Houndoominite\n|move|p1b: Whimsicott|Sunny Day|p1b: Whimsicott\n|-weather|SunnyDay\n|move|p1a: Houndoom|Heat Wave|p2a: Rotom|[spread] p2a,p2b\n|-resisted|p2a: Rotom|1\n|-damage|p2a: Rotom|52/100\n|-damage|p2b: Sneasler|0 fnt\n|faint|p2b: Sneasler\n|move|p2a: Rotom|Thunderbolt|p1a: Houndoom\n|-damage|p1a: Houndoom|0 fnt\n|faint|p1a: Houndoom\n|\n|-weather|SunnyDay|[upkeep]\n|-sideend|p1: maria montero|move: Tailwind\n|upkeep\n|\n|t:|1776253018\n|switch|p1a: Sneasler|Sneasler, L50, M|100/100\n|switch|p2b: Floette|Floette-Eternal, L50, F|100/100\n|turn|5\n|\n|t:|1776253036\n|detailschange|p2b: Floette|Floette-Mega, L50, F\n|-mega|p2b: Floette|Floette|Floettite\n|-ability|p2b: Floette|Fairy Aura\n|move|p1b: Whimsicott|Tailwind|p1b: Whimsicott\n|-sidestart|p1: maria montero|move: Tailwind\n|move|p1a: Sneasler|Close Combat|p2a: Rotom\n|-damage|p2a: Rotom|0 fnt\n|-unboost|p1a: Sneasler|def|1\n|-unboost|p1a: Sneasler|spd|1\n|faint|p2a: Rotom\n|-enditem|p1a: Sneasler|White Herb\n|-clearnegativeboost|p1a: Sneasler|[silent]\n|move|p2b: Floette|Moonblast|p1a: Sneasler\n|-damage|p1a: Sneasler|0 fnt\n|faint|p1a: Sneasler\n|\n|-weather|SunnyDay|[upkeep]\n|upkeep\n|\n|t:|1776253042\n|switch|p1a: Basculegion|Basculegion, L50, M|18/100\n|turn|6\n|\n|t:|1776253049\n|move|p1a: Basculegion|Last Respects|p2b: Floette\n|-damage|p2b: Floette|0 fnt\n|faint|p2b: Floette\n|\n|win|maria montero\n|raw|maria montero's rating: 1401 &rarr; <strong>1416</strong><br />(+15 for winning)\n|raw|zannara's rating: 1307 &rarr; <strong>1292</strong><br />(-15 for losing)\n|c|\u2606maria montero|gg\n|l|\u2606zannara\n|player|p2|\n",
  "uploadtime": 1776253082,
  "views": 34,
  "formatid": "gen9championsvgc2026regma",
  "rating": 1292,
  "private": 0,
  "password": null
}