{
  "id": "gen9championsvgc2026regma-2582156940",
  "format": "[Gen 9 Champions] VGC 2026 Reg M-A",
  "players": [
    "SAlexander05",
    "faric"
  ],
  "log": "|j|\u2606SAlexander05\n|j|\u2606faric\n|t:|1776065297\n|gametype|doubles\n|player|p1|SAlexander05|grimsley|1117\n|player|p2|faric|102|1088\n|gen|9\n|tier|[Gen 9 Champions] VGC 2026 Reg M-A\n|rated|\n|rule|Species Clause: Limit one of each Pok\u00e9mon\n|rule|Item Clause: Limit 1 of each item\n|clearpoke\n|poke|p1|Charizard, L50, M|\n|poke|p1|Kingambit, L50, M|\n|poke|p1|Sneasler, L50, F|\n|poke|p1|Maushold-Four, L50|\n|poke|p1|Incineroar, L50, M|\n|poke|p1|Venusaur, L50, M|\n|poke|p2|Charizard, L50, M|\n|poke|p2|Venusaur, L50, F|\n|poke|p2|Garchomp, L50, F|\n|poke|p2|Rotom-Wash, L50|\n|poke|p2|Incineroar, L50, M|\n|poke|p2|Sneasler, L50, M|\n|teampreview|4\n|inactive|Battle timer is ON: inactive players will automatically lose when time's up. (requested by faric)\n|\n|t:|1776065335\n|teamsize|p1|4\n|teamsize|p2|4\n|start\n|switch|p1a: Sneasler|Sneasler, L50, F, shiny|100/100\n|switch|p1b: Incineroar|Incineroar, L50, M, shiny|100/100\n|switch|p2a: Garchomp|Garchomp, L50, F|100/100\n|switch|p2b: Charizard|Charizard, L50, M|100/100\n|-ability|p1b: Incineroar|Intimidate|boost\n|-unboost|p2a: Garchomp|atk|1\n|-unboost|p2b: Charizard|atk|1\n|turn|1\n|\n|t:|1776065357\n|switch|p2b: Incineroar|Incineroar, L50, M|100/100\n|-ability|p2b: Incineroar|Intimidate|boost\n|-unboost|p1a: Sneasler|atk|1\n|-unboost|p1b: Incineroar|atk|1\n|-enditem|p1a: Sneasler|White Herb\n|-clearnegativeboost|p1a: Sneasler|[silent]\n|move|p1a: Sneasler|Fake Out|p2a: Garchomp\n|-damage|p2a: Garchomp|85/100\n|-damage|p1a: Sneasler|88/100|[from] ability: Rough Skin|[of] p2a: Garchomp\n|move|p1b: Incineroar|Fake Out|p2b: Incineroar\n|-damage|p2b: Incineroar|94/100\n|cant|p2a: Garchomp|flinch\n|\n|upkeep\n|turn|2\n|inactive|SAlexander05 has 30 seconds left.\n|\n|t:|1776065384\n|switch|p1a: Charizard|Charizard, L50, M, shiny|100/100\n|switch|p2b: Charizard|Charizard, L50, M|100/100\n|move|p2a: Garchomp|Earthquake|p1a: Charizard|[spread] p1b\n|-immune|p2b: Charizard\n|-immune|p1a: Charizard\n|-supereffective|p1b: Incineroar|1\n|-damage|p1b: Incineroar|49/100\n|-enditem|p1b: Incineroar|Sitrus Berry|[eat]\n|-heal|p1b: Incineroar|74/100|[from] item: Sitrus Berry\n|move|p1b: Incineroar|Parting Shot|p2a: Garchomp\n|-unboost|p2a: Garchomp|atk|1\n|-unboost|p2a: Garchomp|spa|1\n|inactive|SAlexander05 has 30 seconds left.\n|inactive|SAlexander05 has 20 seconds left.\n|\n|t:|1776065423\n|switch|p1b: Sneasler|Sneasler, L50, F, shiny|88/100|[from] Parting Shot\n|\n|upkeep\n|turn|3\n|inactive|SAlexander05 has 30 seconds left.\n|\n|t:|1776065451\n|switch|p2a: Incineroar|Incineroar, L50, M|94/100\n|-ability|p2a: Incineroar|Intimidate|boost\n|-unboost|p1a: Charizard|atk|1\n|-unboost|p1b: Sneasler|atk|1\n|detailschange|p1a: Charizard|Charizard-Mega-Y, L50, M, shiny\n|-mega|p1a: Charizard|Charizard|Charizardite Y\n|-weather|SunnyDay|[from] ability: Drought|[of] p1a: Charizard\n|move|p2b: Charizard|Protect|p2b: Charizard\n|-singleturn|p2b: Charizard|Protect\n|move|p1b: Sneasler|Dire Claw|p2a: Incineroar\n|-damage|p2a: Incineroar|63/100\n|-status|p2a: Incineroar|psn\n|move|p1a: Charizard|Heat Wave|p2a: Incineroar|[spread] p2a\n|-activate|p2b: Charizard|move: Protect\n|-resisted|p2a: Incineroar|1\n|-damage|p2a: Incineroar|35/100 psn\n|-enditem|p2a: Incineroar|Sitrus Berry|[eat]\n|-heal|p2a: Incineroar|59/100 psn|[from] item: Sitrus Berry\n|\n|-weather|SunnyDay|[upkeep]\n|-damage|p2a: Incineroar|47/100 psn|[from] psn\n|upkeep\n|turn|4\n|inactive|SAlexander05 has 30 seconds left.\n|inactive|faric has 30 seconds left.\n|inactive|faric has 20 seconds left.\n|\n|t:|1776065488\n|switch|p1b: Incineroar|Incineroar, L50, M, shiny|74/100\n|-ability|p1b: Incineroar|Intimidate|boost\n|-unboost|p2a: Incineroar|atk|1\n|-unboost|p2b: Charizard|atk|1\n|switch|p2b: Garchomp|Garchomp, L50, F|85/100\n|move|p2a: Incineroar|Fake Out|p1b: Incineroar\n|-damage|p1b: Incineroar|67/100\n|move|p1a: Charizard|Heat Wave|p2b: Garchomp|[spread] p2a,p2b\n|-resisted|p2a: Incineroar|1\n|-resisted|p2b: Garchomp|1\n|-damage|p2a: Incineroar|18/100 psn\n|-damage|p2b: Garchomp|56/100\n|\n|-weather|SunnyDay|[upkeep]\n|-damage|p2a: Incineroar|5/100 psn|[from] psn\n|upkeep\n|turn|5\n|inactive|SAlexander05 has 30 seconds left.\n|\n|t:|1776065516\n|move|p1b: Incineroar|Fake Out|p2b: Garchomp\n|-damage|p2b: Garchomp|45/100\n|-damage|p1b: Incineroar|54/100|[from] ability: Rough Skin|[of] p2b: Garchomp\n|cant|p2b: Garchomp|flinch\n|move|p1a: Charizard|Heat Wave|p2a: Incineroar|[spread] p2b\n|-miss|p1a: Charizard|p2a: Incineroar\n|-resisted|p2b: Garchomp|1\n|-crit|p2b: Garchomp\n|-damage|p2b: Garchomp|0 fnt\n|faint|p2b: Garchomp\n|move|p2a: Incineroar|Parting Shot|p1a: Charizard\n|-unboost|p1a: Charizard|atk|1\n|-unboost|p1a: Charizard|spa|1\n|\n|t:|1776065528\n|switch|p2a: Charizard|Charizard, L50, M|100/100|[from] Parting Shot\n|\n|-weather|SunnyDay|[upkeep]\n|upkeep\n|\n|t:|1776065532\n|switch|p2b: Sneasler|Sneasler, L50, M|100/100\n|turn|6\n|\n|t:|1776065557\n|switch|p1a: Sneasler|Sneasler, L50, F, shiny|88/100\n|detailschange|p2a: Charizard|Charizard-Mega-Y, L50, M\n|-mega|p2a: Charizard|Charizard|Charizardite Y\n|move|p2b: Sneasler|Close Combat|p1b: Incineroar\n|-supereffective|p1b: Incineroar|1\n|-damage|p1b: Incineroar|0 fnt\n|-unboost|p2b: Sneasler|def|1\n|-unboost|p2b: Sneasler|spd|1\n|faint|p1b: Incineroar\n|-enditem|p2b: Sneasler|White Herb\n|-clearnegativeboost|p2b: Sneasler|[silent]\n|move|p2a: Charizard|Heat Wave|p1a: Sneasler\n|-damage|p1a: Sneasler|0 fnt\n|faint|p1a: Sneasler\n|\n|-weather|SunnyDay|[upkeep]\n|upkeep\n|\n|t:|1776065577\n|switch|p1a: Charizard|Charizard-Mega-Y, L50, M, shiny|100/100\n|switch|p1b: Venusaur|Venusaur, L50, M, shiny|100/100\n|turn|7\n|\n|t:|1776065600\n|switch|p2b: Incineroar|Incineroar, L50, M|5/100 psn\n|-ability|p2b: Incineroar|Intimidate|boost\n|-unboost|p1a: Charizard|atk|1\n|-unboost|p1b: Venusaur|atk|1\n|move|p2a: Charizard|Protect|p2a: Charizard\n|-singleturn|p2a: Charizard|Protect\n|move|p1b: Venusaur|Sludge Bomb|p2a: Charizard\n|-activate|p2a: Charizard|move: Protect\n|move|p1a: Charizard|Air Slash|p2a: Charizard\n|-activate|p2a: Charizard|move: Protect\n|\n|-weather|none\n|-damage|p2b: Incineroar|0 fnt|[from] psn\n|faint|p2b: Incineroar\n|upkeep\n|\n|t:|1776065612\n|switch|p2b: Sneasler|Sneasler, L50, M|100/100\n|turn|8\n|\n|t:|1776065624\n|move|p2b: Sneasler|Fake Out|p1a: Charizard\n|-damage|p1a: Charizard|84/100\n|move|p2a: Charizard|Heat Wave|p1b: Venusaur|[spread] p1a,p1b\n|-resisted|p1a: Charizard|1\n|-supereffective|p1b: Venusaur|1\n|-damage|p1a: Charizard|63/100\n|-damage|p1b: Venusaur|1/100\n|cant|p1a: Charizard|flinch\n|move|p1b: Venusaur|Sludge Bomb|p2a: Charizard\n|-damage|p2a: Charizard|55/100\n|\n|upkeep\n|turn|9\n|\n|t:|1776065637\n|move|p1b: Venusaur|Protect|p1b: Venusaur\n|-singleturn|p1b: Venusaur|Protect\n|move|p2b: Sneasler|Dire Claw|p1a: Charizard\n|-damage|p1a: Charizard|10/100\n|move|p2a: Charizard|Heat Wave|p1b: Venusaur|[spread] \n|-activate|p1b: Venusaur|move: Protect\n|-miss|p2a: Charizard|p1a: Charizard\n|move|p1a: Charizard|Air Slash|p2b: Sneasler|[miss]\n|-miss|p1a: Charizard|p2b: Sneasler\n|\n|upkeep\n|turn|10\n|\n|t:|1776065652\n|move|p1a: Charizard|Protect|p1a: Charizard\n|-singleturn|p1a: Charizard|Protect\n|move|p2b: Sneasler|Dire Claw|p1a: Charizard\n|-activate|p1a: Charizard|move: Protect\n|move|p2a: Charizard|Heat Wave|p1a: Charizard|[spread] p1b\n|-activate|p1a: Charizard|move: Protect\n|-supereffective|p1b: Venusaur|1\n|-damage|p1b: Venusaur|0 fnt\n|faint|p1b: Venusaur\n|\n|upkeep\n|turn|11\n|\n|t:|1776065663\n|move|p2b: Sneasler|Dire Claw|p1a: Charizard\n|-damage|p1a: Charizard|0 fnt\n|faint|p1a: Charizard\n|\n|win|faric\n|raw|SAlexander05's rating: 1117 &rarr; <strong>1090</strong><br />(-27 for losing)\n|raw|faric's rating: 1088 &rarr; <strong>1117</strong><br />(+29 for winning)\n|l|\u2606SAlexander05\n|player|p1|\n",
  "uploadtime": 1776065682,
  "views": 49,
  "formatid": "gen9championsvgc2026regma",
  "rating": 1090,
  "private": 0,
  "password": null
}