{
  "id": "gen9championsvgc2026regma-2587157021",
  "format": "[Gen 9 Champions] VGC 2026 Reg M-A",
  "players": [
    "justthegold",
    "zanyduckliing"
  ],
  "log": "|j|\u2606justthegold\n|j|\u2606zanyduckliing\n|t:|1776501789\n|gametype|doubles\n|player|p1|justthegold|bugcatcher-gen4dp|1091\n|player|p2|zanyduckliing|266|1175\n|gen|9\n|tier|[Gen 9 Champions] VGC 2026 Reg M-A\n|rated|\n|rule|Species Clause: Limit one of each Pok\u00e9mon\n|rule|Item Clause: Limit 1 of each item\n|clearpoke\n|poke|p1|Floette-Eternal, L50, F|\n|poke|p1|Milotic, L50, M|\n|poke|p1|Whimsicott, L50, F|\n|poke|p1|Garchomp, L50, F|\n|poke|p1|Pelipper, L50, M|\n|poke|p1|Basculegion, L50, M|\n|poke|p2|Sneasler, L50, F|\n|poke|p2|Whimsicott, L50, M|\n|poke|p2|Garchomp, L50, M|\n|poke|p2|Politoed, L50, F|\n|poke|p2|Archaludon, L50, M|\n|poke|p2|Delphox, L50, M|\n|teampreview|4\n|inactive|Battle timer is ON: inactive players will automatically lose when time's up. (requested by zanyduckliing)\n|inactive|justthegold also wants the timer to be on.\n|\n|t:|1776501799\n|teamsize|p1|4\n|teamsize|p2|4\n|start\n|switch|p1a: Floette|Floette-Eternal, L50, F|100/100\n|switch|p1b: Whimsicott|Whimsicott, L50, F|100/100\n|switch|p2a: Sneasler|Sneasler, L50, F|100/100\n|switch|p2b: Whimsicott|Whimsicott, L50, M|100/100\n|turn|1\n|\n|t:|1776501816\n|detailschange|p1a: Floette|Floette-Mega, L50, F\n|-mega|p1a: Floette|Floette|Floettite\n|-ability|p1a: Floette|Fairy Aura\n|move|p1b: Whimsicott|Protect|p1b: Whimsicott\n|-singleturn|p1b: Whimsicott|Protect\n|move|p2a: Sneasler|Fake Out|p1b: Whimsicott\n|-activate|p1b: Whimsicott|move: Protect\n|move|p2b: Whimsicott|Stun Spore|p1a: Floette\n|-status|p1a: Floette|par\n|move|p1a: Floette|Dazzling Gleam|p2b: Whimsicott|[spread] p2a,p2b\n|-damage|p2a: Sneasler|26/100\n|-damage|p2b: Whimsicott|12/100\n|\n|upkeep\n|turn|2\n|\n|t:|1776501835\n|move|p1a: Floette|Protect|p1a: Floette\n|-singleturn|p1a: Floette|Protect\n|move|p2b: Whimsicott|Encore|p1b: Whimsicott\n|-start|p1b: Whimsicott|Encore\n|move|p1b: Whimsicott|Protect||[still]\n|-fail|p1b: Whimsicott\n|move|p2a: Sneasler|Dire Claw|p1a: Floette\n|-activate|p1a: Floette|move: Protect\n|\n|upkeep\n|turn|3\n|\n|t:|1776501856\n|switch|p1b: Basculegion|Basculegion, L50, M|100/100\n|switch|p1a: Garchomp|Garchomp, L50, F|100/100\n|move|p2b: Whimsicott|Tailwind|p2b: Whimsicott\n|-sidestart|p2: zanyduckliing|move: Tailwind\n|move|p2a: Sneasler|Dire Claw|p1a: Garchomp\n|-resisted|p1a: Garchomp|1\n|-damage|p1a: Garchomp|79/100\n|\n|upkeep\n|turn|4\n|inactive|justthegold has 30 seconds left.\n|\n|t:|1776501887\n|move|p2b: Whimsicott|Stun Spore|p1b: Basculegion\n|-status|p1b: Basculegion|par\n|move|p1b: Basculegion|Aqua Jet|p2b: Whimsicott\n|-resisted|p2b: Whimsicott|1\n|-damage|p2b: Whimsicott|0 fnt\n|faint|p2b: Whimsicott\n|move|p2a: Sneasler|Close Combat|p1a: Garchomp\n|-damage|p1a: Garchomp|4/100\n|-unboost|p2a: Sneasler|def|1\n|-unboost|p2a: Sneasler|spd|1\n|-enditem|p2a: Sneasler|White Herb\n|-clearnegativeboost|p2a: Sneasler|[silent]\n|move|p1a: Garchomp|Scale Shot|p2a: Sneasler|[miss]\n|-miss|p1a: Garchomp|p2a: Sneasler\n|\n|upkeep\n|\n|t:|1776501904\n|switch|p2b: Archaludon|Archaludon, L50, M|100/100\n|turn|5\n|\n|t:|1776501921\n|move|p1a: Garchomp|Protect|p1a: Garchomp\n|-singleturn|p1a: Garchomp|Protect\n|move|p1b: Basculegion|Aqua Jet|p2a: Sneasler\n|-damage|p2a: Sneasler|0 fnt\n|faint|p2a: Sneasler\n|move|p2b: Archaludon|Electro Shot||[still]\n|-prepare|p2b: Archaludon|Electro Shot\n|-boost|p2b: Archaludon|spa|1\n|\n|upkeep\n|\n|t:|1776501930\n|switch|p2a: Politoed|Politoed, L50, F|100/100\n|-weather|RainDance|[from] ability: Drizzle|[of] p2a: Politoed\n|turn|6\n|\n|t:|1776501945\n|switch|p1b: Whimsicott|Whimsicott, L50, F|100/100\n|move|p2b: Archaludon|Electro Shot|p1b: Whimsicott|[from] lockedmove\n|-resisted|p1b: Whimsicott|1\n|-damage|p1b: Whimsicott|39/100\n|move|p2a: Politoed|Weather Ball|p1a: Garchomp\n|-damage|p1a: Garchomp|0 fnt\n|faint|p1a: Garchomp\n|\n|-weather|RainDance|[upkeep]\n|-sideend|p2: zanyduckliing|move: Tailwind\n|upkeep\n|\n|t:|1776501958\n|switch|p1a: Floette|Floette-Mega, L50, F|100/100 par\n|-ability|p1a: Floette|Fairy Aura\n|turn|7\n|\n|t:|1776501970\n|move|p1b: Whimsicott|Tailwind|p1b: Whimsicott\n|-sidestart|p1: justthegold|move: Tailwind\n|move|p1a: Floette|Light of Ruin|p2b: Archaludon\n|-damage|p2b: Archaludon|0 fnt\n|faint|p2b: Archaludon\n|-damage|p1a: Floette|44/100 par|[from] Recoil\n|move|p2a: Politoed|Ice Beam|p1b: Whimsicott\n|-supereffective|p1b: Whimsicott|1\n|-damage|p1b: Whimsicott|0 fnt\n|faint|p1b: Whimsicott\n|\n|-weather|RainDance|[upkeep]\n|upkeep\n|\n|t:|1776501977\n|switch|p1b: Basculegion|Basculegion, L50, M|100/100 par\n|turn|8\n|\n|t:|1776501987\n|move|p1b: Basculegion|Last Respects|p2a: Politoed\n|-damage|p2a: Politoed|0 fnt\n|faint|p2a: Politoed\n|\n|win|justthegold\n|raw|justthegold's rating: 1091 &rarr; <strong>1124</strong><br />(+33 for winning)\n|raw|zanyduckliing's rating: 1175 &rarr; <strong>1144</strong><br />(-31 for losing)\n|l|\u2606zanyduckliing\n|player|p2|\n",
  "uploadtime": 1776501996,
  "views": 14,
  "formatid": "gen9championsvgc2026regma",
  "rating": 1124,
  "private": 0,
  "password": null
}