{
  "id": "gen9championsvgc2026regma-2585867734",
  "format": "[Gen 9 Champions] VGC 2026 Reg M-A",
  "players": [
    "DarkerJmanX31",
    "THE_Boykisser9"
  ],
  "log": "|j|\u2606DarkerJmanX31\n|j|\u2606THE_Boykisser9\n|t:|1776376865\n|gametype|doubles\n|player|p1|DarkerJmanX31|170|1078\n|player|p2|THE_Boykisser9|2|1174\n|gen|9\n|tier|[Gen 9 Champions] VGC 2026 Reg M-A\n|rated|\n|rule|Species Clause: Limit one of each Pok\u00e9mon\n|rule|Item Clause: Limit 1 of each item\n|clearpoke\n|poke|p1|Milotic, L50, F|\n|poke|p1|Dragonite, L50, M|\n|poke|p1|Gengar, L50, M|\n|poke|p1|Arcanine-Hisui, L50, M|\n|poke|p1|Zoroark-Hisui, L50, F|\n|poke|p1|Venusaur, L50, F|\n|poke|p2|Blastoise, L50, M|\n|poke|p2|Araquanid, L50, M|\n|poke|p2|Maushold-Four, L50|\n|poke|p2|Clefable, L50, M|\n|poke|p2|Basculegion, L50, M|\n|poke|p2|Pelipper, L50, M|\n|teampreview|4\n|\n|t:|1776376889\n|teamsize|p1|4\n|teamsize|p2|4\n|start\n|switch|p1a: Milotic|Milotic, L50, F|100/100\n|switch|p1b: Venusaur|Venusaur, L50, F|100/100\n|switch|p2a: Kyogre?|Blastoise, L50, M|100/100\n|switch|p2b: Pass the BUBBLE|Araquanid, L50, M|100/100\n|turn|1\n|\n|t:|1776376922\n|switch|p1a: Dragonite|Dragonite, L50, M|100/100\n|detailschange|p2a: Kyogre?|Blastoise-Mega, L50, M\n|-mega|p2a: Kyogre?|Blastoise|Blastoisinite\n|move|p2a: Kyogre?|Fake Out|p1b: Venusaur\n|-immune|p1b: Venusaur\n|move|p1b: Venusaur|Hyper Voice|p2a: Kyogre?|[spread] p2a,p2b\n|-damage|p2a: Kyogre?|74/100\n|-damage|p2b: Pass the BUBBLE|75/100\n|move|p2b: Pass the BUBBLE|Entrainment|p2a: Kyogre?\n|-ability|p2a: Kyogre?|Water Bubble|Mega Launcher|[from] move: Entrainment|[of] p2b: Pass the BUBBLE\n|\n|upkeep\n|turn|2\n|\n|t:|1776376952\n|detailschange|p1a: Dragonite|Dragonite-Mega, L50, M\n|-mega|p1a: Dragonite|Dragonite|Dragoninite\n|move|p2b: Pass the BUBBLE|Wide Guard|p2b: Pass the BUBBLE\n|-singleturn|p2b: Pass the BUBBLE|Wide Guard\n|move|p1b: Venusaur|Hyper Voice|p2a: Kyogre?|[spread] \n|-activate|p2a: Kyogre?|move: Wide Guard\n|-activate|p2b: Pass the BUBBLE|move: Wide Guard\n|move|p1a: Dragonite|Draco Meteor|p2a: Kyogre?\n|-damage|p2a: Kyogre?|24/100\n|-unboost|p1a: Dragonite|spa|2\n|move|p2a: Kyogre?|Water Spout|p1a: Dragonite|[spread] p1a,p1b\n|-resisted|p1a: Dragonite|1\n|-damage|p1a: Dragonite|96/100\n|-damage|p1b: Venusaur|53/100\n|replace|p1b: Zoroark|Zoroark-Hisui, L50, F\n|-end|p1b: Zoroark|Illusion\n|\n|upkeep\n|turn|3\n|\n|t:|1776376997\n|move|p1b: Zoroark|Hyper Voice|p2a: Kyogre?|[spread] p2a,p2b\n|-damage|p2a: Kyogre?|0 fnt\n|-damage|p2b: Pass the BUBBLE|51/100\n|faint|p2a: Kyogre?\n|move|p1a: Dragonite|Draco Meteor|p2b: Pass the BUBBLE\n|-damage|p2b: Pass the BUBBLE|24/100\n|-unboost|p1a: Dragonite|spa|2\n|move|p2b: Pass the BUBBLE|Liquidation|p1b: Zoroark\n|-damage|p1b: Zoroark|0 fnt\n|faint|p1b: Zoroark\n|\n|upkeep\n|\n|t:|1776377015\n|switch|p1b: Venusaur|Venusaur, L50, F|100/100\n|switch|p2a: Hit Me|Maushold-Four, L50|100/100\n|turn|4\n|\n|t:|1776377032\n|move|p2a: Hit Me|Population Bomb|p1b: Venusaur\n|-damage|p1b: Venusaur|95/100\n|-damage|p1b: Venusaur|88/100\n|-damage|p1b: Venusaur|81/100\n|-damage|p1b: Venusaur|73/100\n|-damage|p1b: Venusaur|66/100\n|-damage|p1b: Venusaur|60/100\n|-damage|p1b: Venusaur|53/100\n|-damage|p1b: Venusaur|47/100\n|-damage|p1b: Venusaur|41/100\n|-damage|p1b: Venusaur|36/100\n|-hitcount|p1b: Venusaur|10\n|move|p1a: Dragonite|Draco Meteor|p2a: Hit Me\n|-damage|p2a: Hit Me|73/100\n|-unboost|p1a: Dragonite|spa|2\n|move|p1b: Venusaur|Sleep Powder|p2b: Pass the BUBBLE\n|-status|p2b: Pass the BUBBLE|slp|[from] move: Sleep Powder\n|cant|p2b: Pass the BUBBLE|slp\n|\n|upkeep\n|turn|5\n|\n|t:|1776377071\n|move|p1a: Dragonite|Protect|p1a: Dragonite\n|-singleturn|p1a: Dragonite|Protect\n|move|p2a: Hit Me|Population Bomb|p1b: Venusaur\n|-damage|p1b: Venusaur|30/100\n|-damage|p1b: Venusaur|24/100\n|-hitcount|p1b: Venusaur|2\n|move|p1b: Venusaur|Sludge Wave|p2a: Hit Me|[spread] p2a,p2b\n|-activate|p1a: Dragonite|move: Protect\n|-damage|p2a: Hit Me|40/100\n|-damage|p2b: Pass the BUBBLE|9/100 slp\n|-curestatus|p2b: Pass the BUBBLE|slp|[msg]\n|move|p2b: Pass the BUBBLE|Liquidation|p1a: Dragonite\n|-activate|p1a: Dragonite|move: Protect\n|\n|upkeep\n|turn|6\n|\n|t:|1776377122\n|move|p2a: Hit Me|Population Bomb|p1b: Venusaur\n|-damage|p1b: Venusaur|17/100\n|-damage|p1b: Venusaur|10/100\n|-damage|p1b: Venusaur|4/100\n|-damage|p1b: Venusaur|0 fnt\n|faint|p1b: Venusaur\n|-hitcount|p1: Venusaur|4\n|move|p1a: Dragonite|Ice Beam|p2a: Hit Me\n|-damage|p2a: Hit Me|31/100\n|move|p2b: Pass the BUBBLE|Liquidation|p1a: Dragonite\n|-resisted|p1a: Dragonite|1\n|-damage|p1a: Dragonite|72/100\n|\n|upkeep\n|\n|t:|1776377137\n|switch|p1b: Milotic|Milotic, L50, F|100/100\n|turn|7\n|\n|t:|1776377165\n|move|p2a: Hit Me|Population Bomb|p1b: Milotic\n|-damage|p1b: Milotic|95/100\n|-hitcount|p1b: Milotic|1\n|move|p1a: Dragonite|Draco Meteor|p2a: Hit Me\n|-damage|p2a: Hit Me|13/100\n|move|p1b: Milotic|Scald|p2b: Pass the BUBBLE\n|-resisted|p2b: Pass the BUBBLE|1\n|-damage|p2b: Pass the BUBBLE|0 fnt\n|faint|p2b: Pass the BUBBLE\n|\n|-heal|p1b: Milotic|100/100|[from] item: Leftovers\n|upkeep\n|\n|t:|1776377176\n|switch|p2b: Right Here|Clefable, L50, M|100/100\n|turn|8\n|\n|t:|1776377196\n|move|p1a: Dragonite|Protect|p1a: Dragonite\n|-singleturn|p1a: Dragonite|Protect\n|move|p2a: Hit Me|Population Bomb|p1b: Milotic\n|-damage|p1b: Milotic|95/100\n|-damage|p1b: Milotic|90/100\n|-damage|p1b: Milotic|85/100\n|-damage|p1b: Milotic|79/100\n|-damage|p1b: Milotic|74/100\n|-damage|p1b: Milotic|68/100\n|-damage|p1b: Milotic|63/100\n|-damage|p1b: Milotic|57/100\n|-crit|p1b: Milotic\n|-damage|p1b: Milotic|49/100\n|-damage|p1b: Milotic|43/100\n|-hitcount|p1b: Milotic|10\n|move|p1b: Milotic|Scald|p2a: Hit Me\n|-damage|p2a: Hit Me|0 fnt\n|faint|p2a: Hit Me\n|move|p2b: Right Here|Moonblast|p1b: Milotic\n|-damage|p1b: Milotic|21/100\n|-unboost|p1b: Milotic|spa|1\n|-ability|p1b: Milotic|Competitive|boost\n|-boost|p1b: Milotic|spa|2\n|\n|-heal|p1b: Milotic|27/100|[from] item: Leftovers\n|upkeep\n|turn|9\n|\n|t:|1776377241\n|move|p1a: Dragonite|Dragon Dance|p1a: Dragonite\n|-boost|p1a: Dragonite|atk|1\n|-boost|p1a: Dragonite|spe|1\n|move|p1b: Milotic|Recover|p1b: Milotic\n|-heal|p1b: Milotic|77/100\n|move|p2b: Right Here|Moonblast|p1b: Milotic\n|-damage|p1b: Milotic|54/100\n|\n|-heal|p1b: Milotic|60/100|[from] item: Leftovers\n|upkeep\n|turn|10\n|\n|t:|1776377257\n|move|p1a: Dragonite|Ice Beam|p2b: Right Here\n|-crit|p2b: Right Here\n|-damage|p2b: Right Here|73/100\n|move|p1b: Milotic|Scald|p2b: Right Here\n|-damage|p2b: Right Here|44/100\n|move|p2b: Right Here|Moonblast|p1b: Milotic\n|-damage|p1b: Milotic|37/100\n|\n|-heal|p1b: Milotic|43/100|[from] item: Leftovers\n|-heal|p2b: Right Here|50/100|[from] item: Leftovers\n|upkeep\n|turn|11\n|\n|t:|1776377274\n|move|p1a: Dragonite|Ice Beam|p2b: Right Here\n|-damage|p2b: Right Here|45/100\n|move|p1b: Milotic|Recover|p1b: Milotic\n|-heal|p1b: Milotic|93/100\n|move|p2b: Right Here|Moonblast|p1a: Dragonite\n|-supereffective|p1a: Dragonite|1\n|-damage|p1a: Dragonite|26/100\n|\n|-heal|p1b: Milotic|99/100|[from] item: Leftovers\n|-heal|p2b: Right Here|50/100|[from] item: Leftovers\n|upkeep\n|turn|12\n|\n|t:|1776377291\n|move|p1a: Dragonite|Protect|p1a: Dragonite\n|-singleturn|p1a: Dragonite|Protect\n|move|p1b: Milotic|Scald|p2b: Right Here\n|-damage|p2b: Right Here|18/100\n|move|p2b: Right Here|Encore|p1b: Milotic\n|-start|p1b: Milotic|Encore\n|\n|-heal|p1b: Milotic|100/100|[from] item: Leftovers\n|-heal|p2b: Right Here|24/100|[from] item: Leftovers\n|upkeep\n|turn|13\n|-message|THE_Boykisser9 forfeited.\n|\n|win|DarkerJmanX31\n|raw|DarkerJmanX31's rating: 1078 &rarr; <strong>1114</strong><br />(+36 for winning)\n|raw|THE_Boykisser9's rating: 1174 &rarr; <strong>1142</strong><br />(-32 for losing)\n|l|\u2606THE_Boykisser9\n|player|p2|\n",
  "uploadtime": 1776377319,
  "views": 19,
  "formatid": "gen9championsvgc2026regma",
  "rating": 1114,
  "private": 0,
  "password": null
}