{
  "id": "gen9championsvgc2026regma-2586575905",
  "format": "[Gen 9 Champions] VGC 2026 Reg M-A",
  "players": [
    "fewvevokuruta",
    "ShadowWolf08"
  ],
  "log": "|j|\u2606fewvevokuruta\n|j|\u2606ShadowWolf08\n|t:|1776444248\n|gametype|doubles\n|player|p1|fewvevokuruta|101|1112\n|player|p2|ShadowWolf08|blue|1145\n|gen|9\n|tier|[Gen 9 Champions] VGC 2026 Reg M-A\n|rated|\n|rule|Species Clause: Limit one of each Pok\u00e9mon\n|rule|Item Clause: Limit 1 of each item\n|clearpoke\n|poke|p1|Whimsicott, L50, F|\n|poke|p1|Charizard, L50, M|\n|poke|p1|Basculegion, L50, M|\n|poke|p1|Floette-Eternal, L50, F|\n|poke|p1|Incineroar, L50, M|\n|poke|p1|Sneasler, L50, F|\n|poke|p2|Charizard, L50, F|\n|poke|p2|Gengar, L50, M|\n|poke|p2|Maushold-Four, L50|\n|poke|p2|Garchomp, L50, M|\n|poke|p2|Kingambit, L50, F|\n|poke|p2|Sneasler, L50, F|\n|teampreview|4\n|inactive|Battle timer is ON: inactive players will automatically lose when time's up. (requested by ShadowWolf08)\n|\n|t:|1776444304\n|teamsize|p1|4\n|teamsize|p2|4\n|start\n|switch|p1a: Basculegion|Basculegion, L50, M|100/100\n|switch|p1b: Incineroar|Incineroar, L50, M|100/100\n|switch|p2a: Gengar|Gengar, L50, M|100/100\n|switch|p2b: Sneasler|Sneasler, L50, F|100/100\n|-ability|p1b: Incineroar|Intimidate|boost\n|-unboost|p2a: Gengar|atk|1\n|-unboost|p2b: Sneasler|atk|1\n|turn|1\n|inactive|fewvevokuruta has 30 seconds left.\n|inactive|fewvevokuruta has 20 seconds left.\n|inactive|fewvevokuruta has 15 seconds left.\n|\n|t:|1776444348\n|switch|p2a: Kingambit|Kingambit, L50, F|100/100\n|switch|p1b: Floette|Floette-Eternal, L50, F|100/100\n|move|p2b: Sneasler|Fake Out|p1b: Floette\n|-damage|p1b: Floette|84/100\n|move|p1a: Basculegion|Flip Turn|p2a: Kingambit\n|-damage|p2a: Kingambit|67/100\n|\n|t:|1776444358\n|switch|p1a: Incineroar|Incineroar, L50, M|100/100|[from] Flip Turn\n|-ability|p1a: Incineroar|Intimidate|boost\n|-unboost|p2a: Kingambit|atk|1\n|-ability|p2a: Kingambit|Defiant|boost\n|-boost|p2a: Kingambit|atk|2\n|-unboost|p2b: Sneasler|atk|1\n|\n|upkeep\n|turn|2\n|\n|t:|1776444382\n|detailschange|p1b: Floette|Floette-Mega, L50, F\n|-mega|p1b: Floette|Floette|Floettite\n|-ability|p1b: Floette|Fairy Aura\n|move|p2b: Sneasler|Protect|p2b: Sneasler\n|-singleturn|p2b: Sneasler|Protect\n|move|p1a: Incineroar|Fake Out|p2a: Kingambit\n|-resisted|p2a: Kingambit|1\n|-damage|p2a: Kingambit|62/100\n|move|p1b: Floette|Dazzling Gleam|p2b: Sneasler|[spread] p2a\n|-activate|p2b: Sneasler|move: Protect\n|-damage|p2a: Kingambit|3/100\n|cant|p2a: Kingambit|flinch\n|\n|upkeep\n|turn|3\n|\n|t:|1776444403\n|move|p1b: Floette|Protect|p1b: Floette\n|-singleturn|p1b: Floette|Protect\n|move|p2a: Kingambit|Sucker Punch||[still]\n|-fail|p2a: Kingambit\n|move|p2b: Sneasler|Dire Claw|p1b: Floette\n|-activate|p1b: Floette|move: Protect\n|move|p1a: Incineroar|Parting Shot|p2b: Sneasler\n|-unboost|p2b: Sneasler|atk|1\n|-unboost|p2b: Sneasler|spa|1\n|\n|t:|1776444423\n|switch|p1a: Basculegion|Basculegion, L50, M|100/100|[from] Parting Shot\n|\n|upkeep\n|turn|4\n|\n|t:|1776444430\n|switch|p2b: Garchomp|Garchomp, L50, M|100/100\n|switch|p1b: Incineroar|Incineroar, L50, M|100/100\n|-ability|p1b: Incineroar|Intimidate|boost\n|-unboost|p2a: Kingambit|atk|1\n|-ability|p2a: Kingambit|Defiant|boost\n|-boost|p2a: Kingambit|atk|2\n|-unboost|p2b: Garchomp|atk|1\n|move|p1a: Basculegion|Aqua Jet|p2a: Kingambit\n|-damage|p2a: Kingambit|0 fnt\n|faint|p2a: Kingambit\n|\n|upkeep\n|\n|t:|1776444439\n|switch|p2a: Gengar|Gengar, L50, M|100/100\n|turn|5\n|\n|t:|1776444454\n|switch|p1a: Whimsicott|Whimsicott, L50, F|100/100\n|detailschange|p2a: Gengar|Gengar-Mega, L50, M\n|-mega|p2a: Gengar|Gengar|Gengarite\n|move|p1b: Incineroar|Fake Out|p2b: Garchomp\n|-damage|p2b: Garchomp|90/100\n|-damage|p1b: Incineroar|88/100|[from] ability: Rough Skin|[of] p2b: Garchomp\n|cant|p2b: Garchomp|flinch\n|move|p2a: Gengar|Shadow Ball|p1a: Whimsicott\n|-damage|p1a: Whimsicott|26/100\n|\n|upkeep\n|turn|6\n|\n|t:|1776444476\n|move|p1a: Whimsicott|Tailwind|p1a: Whimsicott\n|-sidestart|p1: fewvevokuruta|move: Tailwind\n|move|p2b: Garchomp|Rock Slide|p1a: Whimsicott|[spread] p1a,p1b\n|-supereffective|p1b: Incineroar|1\n|-damage|p1a: Whimsicott|4/100\n|-damage|p1b: Incineroar|62/100\n|move|p2a: Gengar|Shadow Ball|p1b: Incineroar\n|-resisted|p1b: Incineroar|1\n|-crit|p1b: Incineroar\n|-damage|p1b: Incineroar|35/100\n|-enditem|p1b: Incineroar|Sitrus Berry|[eat]\n|-heal|p1b: Incineroar|60/100|[from] item: Sitrus Berry\n|move|p1b: Incineroar|Parting Shot|p2b: Garchomp\n|-unboost|p2b: Garchomp|atk|1\n|-unboost|p2b: Garchomp|spa|1\n|\n|t:|1776444491\n|switch|p1b: Floette|Floette-Mega, L50, F|84/100|[from] Parting Shot\n|-ability|p1b: Floette|Fairy Aura\n|\n|upkeep\n|turn|7\n|\n|t:|1776444503\n|switch|p2b: Sneasler|Sneasler, L50, F|100/100\n|move|p2a: Gengar|Protect|p2a: Gengar\n|-singleturn|p2a: Gengar|Protect\n|move|p1a: Whimsicott|Dazzling Gleam|p2a: Gengar|[spread] p2b\n|-activate|p2a: Gengar|move: Protect\n|-damage|p2b: Sneasler|62/100\n|move|p1b: Floette|Dazzling Gleam|p2a: Gengar|[spread] p2b\n|-activate|p2a: Gengar|move: Protect\n|-damage|p2b: Sneasler|0 fnt\n|faint|p2b: Sneasler\n|\n|upkeep\n|\n|t:|1776444506\n|switch|p2b: Garchomp|Garchomp, L50, M|90/100\n|turn|8\n|\n|t:|1776444520\n|move|p1a: Whimsicott|Dazzling Gleam|p2a: Gengar|[spread] p2a,p2b\n|-resisted|p2a: Gengar|1\n|-supereffective|p2b: Garchomp|1\n|-damage|p2a: Gengar|81/100\n|-damage|p2b: Garchomp|27/100\n|move|p1b: Floette|Dazzling Gleam|p2b: Garchomp|[spread] p2a,p2b\n|-resisted|p2a: Gengar|1\n|-supereffective|p2b: Garchomp|1\n|-damage|p2a: Gengar|48/100\n|-damage|p2b: Garchomp|0 fnt\n|faint|p2b: Garchomp\n|move|p2a: Gengar|Shadow Ball|p1a: Whimsicott\n|-damage|p1a: Whimsicott|0 fnt\n|faint|p1a: Whimsicott\n|\n|upkeep\n|-message|ShadowWolf08 forfeited.\n|\n|win|fewvevokuruta\n|raw|fewvevokuruta's rating: 1112 &rarr; <strong>1139</strong><br />(+27 for winning)\n|raw|ShadowWolf08's rating: 1145 &rarr; <strong>1118</strong><br />(-27 for losing)\n|l|\u2606ShadowWolf08\n|player|p2|\n",
  "uploadtime": 1776444567,
  "views": 31,
  "formatid": "gen9championsvgc2026regma",
  "rating": 1118,
  "private": 0,
  "password": null
}