{
  "id": "gen9championsvgc2026regma-2585084155",
  "format": "[Gen 9 Champions] VGC 2026 Reg M-A",
  "players": [
    "dangerdude4427",
    "EpicDvD"
  ],
  "log": "|j|\u2606dangerdude4427\n|j|\u2606EpicDvD\n|t:|1776310070\n|gametype|doubles\n|player|p1|dangerdude4427|170|1192\n|player|p2|EpicDvD|preschooler|1169\n|gen|9\n|tier|[Gen 9 Champions] VGC 2026 Reg M-A\n|rated|\n|rule|Species Clause: Limit one of each Pok\u00e9mon\n|rule|Item Clause: Limit 1 of each item\n|clearpoke\n|poke|p1|Sharpedo, L50, F|\n|poke|p1|Pelipper, L50, F|\n|poke|p1|Kingambit, L50, M|\n|poke|p1|Archaludon, L50, M|\n|poke|p1|Sneasler, L50, F|\n|poke|p1|Castform, L50, F|\n|poke|p2|Incineroar, L50, F|\n|poke|p2|Charizard, L50, F|\n|poke|p2|Venusaur, L50, F|\n|poke|p2|Rotom-Wash, L50|\n|poke|p2|Whimsicott, L50, M|\n|poke|p2|Garchomp, L50, F|\n|teampreview|4\n|\n|t:|1776310121\n|teamsize|p1|4\n|teamsize|p2|4\n|start\n|switch|p1a: Sneasler|Sneasler, L50, F|100/100\n|switch|p1b: Castform|Castform, L50, F|100/100\n|switch|p2a: Incineroar|Incineroar, L50, F|100/100\n|switch|p2b: Whimsicott|Whimsicott, L50, M|100/100\n|-ability|p2a: Incineroar|Intimidate|boost\n|-unboost|p1a: Sneasler|atk|1\n|-unboost|p1b: Castform|atk|1\n|-enditem|p1a: Sneasler|White Herb\n|-clearnegativeboost|p1a: Sneasler|[silent]\n|turn|1\n|\n|t:|1776310153\n|move|p1a: Sneasler|Fake Out|p2a: Incineroar\n|-damage|p2a: Incineroar|88/100\n|cant|p2a: Incineroar|flinch\n|move|p2b: Whimsicott|Tailwind|p2b: Whimsicott\n|-sidestart|p2: EpicDvD|move: Tailwind\n|move|p1b: Castform|Weather Ball|p2b: Whimsicott\n|-damage|p2b: Whimsicott|67/100\n|\n|upkeep\n|turn|2\n|\n|t:|1776310181\n|switch|p1a: Pelipper|Pelipper, L50, F|100/100\n|-weather|RainDance|[from] ability: Drizzle|[of] p1a: Pelipper\n|-formechange|p1b: Castform|Castform-Rainy|[msg]|[from] ability: Forecast\n|move|p2b: Whimsicott|U-turn|p1a: Pelipper\n|-resisted|p1a: Pelipper|1\n|-damage|p1a: Pelipper|94/100\n|\n|t:|1776310192\n|switch|p2b: Charizard|Charizard, L50, F, shiny|100/100|[from] U-turn\n|move|p2a: Incineroar|Parting Shot|p1a: Pelipper\n|-unboost|p1a: Pelipper|atk|1\n|-unboost|p1a: Pelipper|spa|1\n|\n|t:|1776310199\n|switch|p2a: Venusaur|Venusaur, L50, F|100/100|[from] Parting Shot\n|move|p1b: Castform|Weather Ball|p2a: Venusaur\n|-resisted|p2a: Venusaur|1\n|-damage|p2a: Venusaur|69/100\n|\n|-weather|RainDance|[upkeep]\n|upkeep\n|turn|3\n|\n|t:|1776310223\n|detailschange|p2b: Charizard|Charizard-Mega-Y, L50, F, shiny\n|-mega|p2b: Charizard|Charizard|Charizardite Y\n|-weather|SunnyDay|[from] ability: Drought|[of] p2b: Charizard\n|-formechange|p1b: Castform|Castform-Sunny|[msg]|[from] ability: Forecast\n|move|p2a: Venusaur|Solar Beam||[still]\n|-prepare|p2a: Venusaur|Solar Beam\n|-anim|p2a: Venusaur|Solar Beam|p1b: Castform\n|-resisted|p1b: Castform|1\n|-damage|p1b: Castform|53/100\n|move|p2b: Charizard|Solar Beam||[still]\n|-prepare|p2b: Charizard|Solar Beam\n|-anim|p2b: Charizard|Solar Beam|p1a: Pelipper\n|-damage|p1a: Pelipper|4/100\n|move|p1a: Pelipper|Tailwind|p1a: Pelipper\n|-sidestart|p1: dangerdude4427|move: Tailwind\n|move|p1b: Castform|Weather Ball|p2a: Venusaur\n|-supereffective|p2a: Venusaur|1\n|-damage|p2a: Venusaur|0 fnt\n|faint|p2a: Venusaur\n|\n|-weather|SunnyDay|[upkeep]\n|upkeep\n|\n|t:|1776310254\n|switch|p2a: Whimsicott|Whimsicott, L50, M|67/100\n|turn|4\n|\n|t:|1776310277\n|switch|p1a: Sharpedo|Sharpedo, L50, F|100/100\n|move|p2a: Whimsicott|Helping Hand|p2b: Charizard\n|-singleturn|p2b: Charizard|Helping Hand|[of] p2a: Whimsicott\n|move|p1b: Castform|Protect|p1b: Castform\n|-singleturn|p1b: Castform|Protect\n|move|p2b: Charizard|Heat Wave|p1b: Castform|[spread] p1a\n|-activate|p1b: Castform|move: Protect\n|-resisted|p1a: Sharpedo|1\n|-damage|p1a: Sharpedo|0 fnt\n|faint|p1a: Sharpedo\n|\n|-weather|SunnyDay|[upkeep]\n|-sideend|p2: EpicDvD|move: Tailwind\n|upkeep\n|\n|t:|1776310288\n|switch|p1a: Sneasler|Sneasler, L50, F|100/100\n|turn|5\n|\n|t:|1776310330\n|switch|p2a: Incineroar|Incineroar, L50, F|88/100\n|-ability|p2a: Incineroar|Intimidate|boost\n|-unboost|p1a: Sneasler|atk|1\n|-unboost|p1b: Castform|atk|1\n|move|p1a: Sneasler|Fake Out|p2b: Charizard\n|-damage|p2b: Charizard|87/100\n|move|p1b: Castform|Weather Ball|p2a: Incineroar\n|-resisted|p2a: Incineroar|1\n|-damage|p2a: Incineroar|58/100\n|cant|p2b: Charizard|flinch\n|\n|-weather|SunnyDay|[upkeep]\n|upkeep\n|turn|6\n|\n|t:|1776310362\n|switch|p1a: Pelipper|Pelipper, L50, F|4/100\n|-weather|RainDance|[from] ability: Drizzle|[of] p1a: Pelipper\n|-formechange|p1b: Castform|Castform-Rainy|[msg]|[from] ability: Forecast\n|move|p2a: Incineroar|Fake Out|p1a: Pelipper\n|-damage|p1a: Pelipper|0 fnt\n|faint|p1a: Pelipper\n|move|p1b: Castform|Thunder|p2b: Charizard\n|-supereffective|p2b: Charizard|1\n|-crit|p2b: Charizard\n|-damage|p2b: Charizard|0 fnt\n|faint|p2b: Charizard\n|\n|-weather|RainDance|[upkeep]\n|-sideend|p1: dangerdude4427|move: Tailwind\n|upkeep\n|\n|t:|1776310372\n|switch|p2b: Whimsicott|Whimsicott, L50, M|67/100\n|switch|p1a: Sneasler|Sneasler, L50, F|100/100\n|turn|7\n|\n|t:|1776310388\n|move|p1a: Sneasler|Fake Out|p2b: Whimsicott\n|-damage|p2b: Whimsicott|53/100\n|cant|p2b: Whimsicott|flinch\n|move|p1b: Castform|Weather Ball|p2a: Incineroar\n|-supereffective|p2a: Incineroar|1\n|-damage|p2a: Incineroar|0 fnt\n|faint|p2a: Incineroar\n|\n|-weather|RainDance|[upkeep]\n|upkeep\n|turn|8\n|-message|EpicDvD forfeited.\n|\n|win|dangerdude4427\n|raw|dangerdude4427's rating: 1192 &rarr; <strong>1215</strong><br />(+23 for winning)\n|raw|EpicDvD's rating: 1169 &rarr; <strong>1146</strong><br />(-23 for losing)\n|c|\u2606dangerdude4427|Castform!\n|l|\u2606EpicDvD\n|player|p2|\n",
  "uploadtime": 1776310431,
  "views": 50,
  "formatid": "gen9championsvgc2026regma",
  "rating": 1146,
  "private": 0,
  "password": null
}