{
  "id": "gen9championsvgc2026regma-2584022614",
  "format": "[Gen 9 Champions] VGC 2026 Reg M-A",
  "players": [
    "minepear1",
    "KingOvershield"
  ],
  "log": "|j|\u2606minepear1\n|j|\u2606KingOvershield\n|t:|1776217621\n|gametype|doubles\n|player|p1|minepear1|red|1156\n|player|p2|KingOvershield|bugcatcher-gen4dp|1242\n|gen|9\n|tier|[Gen 9 Champions] VGC 2026 Reg M-A\n|rated|\n|rule|Species Clause: Limit one of each Pok\u00e9mon\n|rule|Item Clause: Limit 1 of each item\n|clearpoke\n|poke|p1|Blastoise, L50, F|\n|poke|p1|Sinistcha, L50|\n|poke|p1|Kingambit, L50, M|\n|poke|p1|Garchomp, L50, M|\n|poke|p1|Incineroar, L50, M|\n|poke|p1|Delphox, L50, M|\n|poke|p2|Farigiraf, L50, M|\n|poke|p2|Camerupt, L50, F|\n|poke|p2|Maushold-Four, L50|\n|poke|p2|Sylveon, L50, F|\n|poke|p2|Kingambit, L50, F|\n|poke|p2|Dragonite, L50, F|\n|teampreview|4\n|inactive|Battle timer is ON: inactive players will automatically lose when time's up. (requested by minepear1)\n|inactive|KingOvershield has 60 seconds left.\n|inactive|KingOvershield has 30 seconds left.\n|\n|t:|1776217703\n|teamsize|p1|4\n|teamsize|p2|4\n|start\n|switch|p1a: Blastoise|Blastoise, L50, F|100/100\n|switch|p1b: Incineroar|Incineroar, L50, M|100/100\n|switch|p2a: Farigiraf|Farigiraf, L50, M|100/100\n|switch|p2b: Kingambit|Kingambit, L50, F|100/100\n|-ability|p1b: Incineroar|Intimidate|boost\n|-unboost|p2a: Farigiraf|atk|1\n|-unboost|p2b: Kingambit|atk|1\n|-ability|p2b: Kingambit|Defiant|boost\n|-boost|p2b: Kingambit|atk|2\n|turn|1\n|inactive|KingOvershield has 30 seconds left.\n|\n|t:|1776217734\n|move|p1a: Blastoise|Aura Sphere|p2b: Kingambit\n|-supereffective|p2b: Kingambit|2\n|-enditem|p2b: Kingambit|Chople Berry|[eat]\n|-enditem|p2b: Kingambit|Chople Berry|[weaken]\n|-damage|p2b: Kingambit|56/100\n|move|p1b: Incineroar|Throat Chop|p2a: Farigiraf\n|-supereffective|p2a: Farigiraf|1\n|-damage|p2a: Farigiraf|43/100\n|-start|p2a: Farigiraf|Throat Chop|[silent]\n|-enditem|p2a: Farigiraf|Sitrus Berry|[eat]\n|-heal|p2a: Farigiraf|68/100|[from] item: Sitrus Berry\n|cant|p2a: Farigiraf|move: Throat Chop\n|move|p2b: Kingambit|Kowtow Cleave|p1a: Blastoise\n|-damage|p1a: Blastoise|28/100\n|\n|upkeep\n|turn|2\n|inactive|KingOvershield has 30 seconds left.\n|\n|t:|1776217767\n|switch|p1a: Kingambit|Kingambit, L50, M|100/100\n|move|p2b: Kingambit|Sucker Punch||[still]\n|-fail|p2b: Kingambit\n|move|p1b: Incineroar|Flare Blitz|p2b: Kingambit\n|-supereffective|p2b: Kingambit|1\n|-damage|p2b: Kingambit|0 fnt\n|faint|p2b: Kingambit\n|-damage|p1b: Incineroar|82/100|[from] Recoil\n|move|p2a: Farigiraf|Trick Room|p2a: Farigiraf\n|-fieldstart|move: Trick Room|[of] p2a: Farigiraf\n|\n|-end|p2a: Farigiraf|Throat Chop|[silent]\n|upkeep\n|\n|t:|1776217778\n|switch|p2b: Camerupt|Camerupt, L50, F|100/100\n|turn|3\n|\n|t:|1776217799\n|detailschange|p2b: Camerupt|Camerupt-Mega, L50, F\n|-mega|p2b: Camerupt|Camerupt|Cameruptite\n|move|p1a: Kingambit|Protect|p1a: Kingambit\n|-singleturn|p1a: Kingambit|Protect\n|move|p2b: Camerupt|Heat Wave|p1a: Kingambit|[spread] p1b\n|-activate|p1a: Kingambit|move: Protect\n|-resisted|p1b: Incineroar|1\n|-damage|p1b: Incineroar|57/100\n|move|p2a: Farigiraf|Hyper Voice|p1b: Incineroar|[spread] p1b\n|-activate|p1a: Kingambit|move: Protect\n|-damage|p1b: Incineroar|29/100\n|-enditem|p1b: Incineroar|Sitrus Berry|[eat]\n|-heal|p1b: Incineroar|54/100|[from] item: Sitrus Berry\n|move|p1b: Incineroar|Throat Chop|p2a: Farigiraf\n|-supereffective|p2a: Farigiraf|1\n|-damage|p2a: Farigiraf|5/100\n|-start|p2a: Farigiraf|Throat Chop|[silent]\n|\n|upkeep\n|turn|4\n|inactive|KingOvershield has 30 seconds left.\n|inactive|KingOvershield has 20 seconds left.\n|\n|t:|1776217837\n|switch|p1a: Blastoise|Blastoise, L50, F|28/100\n|move|p2a: Farigiraf|Protect|p2a: Farigiraf\n|-singleturn|p2a: Farigiraf|Protect\n|move|p2b: Camerupt|Earth Power|p1a: Blastoise\n|-damage|p1a: Blastoise|0 fnt\n|faint|p1a: Blastoise\n|move|p1b: Incineroar|Throat Chop|p2a: Farigiraf\n|-activate|p2a: Farigiraf|move: Protect\n|\n|-end|p2a: Farigiraf|Throat Chop|[silent]\n|upkeep\n|\n|t:|1776217845\n|switch|p1a: Sinistcha|Sinistcha, L50|100/100\n|-heal|p1b: Incineroar|79/100|[from] ability: Hospitality|[of] p1a: Sinistcha\n|turn|5\n|\n|t:|1776217857\n|switch|p2a: Dragonite|Dragonite, L50, F|100/100\n|move|p1a: Sinistcha|Protect|p1a: Sinistcha\n|-singleturn|p1a: Sinistcha|Protect\n|move|p2b: Camerupt|Eruption|p1b: Incineroar|[spread] p1b\n|-activate|p1a: Sinistcha|move: Protect\n|-resisted|p1b: Incineroar|1\n|-damage|p1b: Incineroar|51/100\n|move|p1b: Incineroar|Throat Chop|p2a: Dragonite\n|-damage|p2a: Dragonite|86/100\n|-start|p2a: Dragonite|Throat Chop|[silent]\n|\n|upkeep\n|turn|6\n|\n|t:|1776217882\n|move|p2b: Camerupt|Heat Wave|p1b: Incineroar|[spread] p1a,p1b\n|-supereffective|p1a: Sinistcha|1\n|-resisted|p1b: Incineroar|1\n|-damage|p1a: Sinistcha|0 fnt\n|-damage|p1b: Incineroar|27/100\n|faint|p1a: Sinistcha\n|move|p1b: Incineroar|Throat Chop|p2b: Camerupt\n|-damage|p2b: Camerupt|67/100\n|-start|p2b: Camerupt|Throat Chop|[silent]\n|move|p2a: Dragonite|Low Kick|p1b: Incineroar\n|-supereffective|p1b: Incineroar|1\n|-damage|p1b: Incineroar|0 fnt\n|faint|p1b: Incineroar\n|\n|-end|p2a: Dragonite|Throat Chop|[silent]\n|-fieldend|move: Trick Room\n|upkeep\n|-message|minepear1 forfeited.\n|\n|win|KingOvershield\n|raw|minepear1's rating: 1156 &rarr; <strong>1137</strong><br />(-19 for losing)\n|raw|KingOvershield's rating: 1242 &rarr; <strong>1261</strong><br />(+19 for winning)\n|l|\u2606minepear1\n|player|p1|\n",
  "uploadtime": 1776217895,
  "views": 17,
  "formatid": "gen9championsvgc2026regma",
  "rating": 1137,
  "private": 0,
  "password": null
}