{
  "id": "gen9championsvgc2026regma-2585925006",
  "format": "[Gen 9 Champions] VGC 2026 Reg M-A",
  "players": [
    "calicocalliope",
    "Edudus"
  ],
  "log": "|j|\u2606calicocalliope\n|j|\u2606Edudus\n|t:|1776381987\n|gametype|doubles\n|player|p1|calicocalliope|cowgirl|1000\n|player|p2|Edudus|shauntal|1071\n|gen|9\n|tier|[Gen 9 Champions] VGC 2026 Reg M-A\n|rated|\n|rule|Species Clause: Limit one of each Pok\u00e9mon\n|rule|Item Clause: Limit 1 of each item\n|clearpoke\n|poke|p1|Delphox, L50, F|\n|poke|p1|Serperior, L50, F|\n|poke|p1|Meowstic, L50, M|\n|poke|p1|Ninetales, L50, F|\n|poke|p1|Milotic, L50, F|\n|poke|p1|Clefable, L50, F|\n|poke|p2|Scovillain, L50, F|\n|poke|p2|Zoroark-Hisui, L50, F|\n|poke|p2|Sneasler, L50, M|\n|poke|p2|Rotom-Wash, L50|\n|poke|p2|Kingambit, L50, M|\n|poke|p2|Palafin, L50, M|\n|teampreview|4\n|inactive|Battle timer is ON: inactive players will automatically lose when time's up. (requested by Edudus)\n|inactive|Edudus has 60 seconds left.\ncalicocalliope has agreed to open team sheets.\n|inactive|Edudus has 30 seconds left.\n|\n|t:|1776382053\n|teamsize|p1|4\n|teamsize|p2|4\n|start\n|switch|p1a: Delphox|Delphox, L50, F|100/100\n|switch|p1b: Serperior|Serperior, L50, F|100/100\n|switch|p2a: Rotom|Rotom-Wash, L50|100/100\n|switch|p2b: Sneasler|Sneasler, L50, M|100/100\n|turn|1\n|\n|t:|1776382073\n|switch|p1a: Ninetales|Ninetales, L50, F|100/100\n|-weather|SunnyDay|[from] ability: Drought|[of] p1a: Ninetales\n|move|p2b: Sneasler|Fake Out|p1b: Serperior\n|-damage|p1b: Serperior|86/100\n|move|p2a: Rotom|Hydro Pump|p1a: Ninetales\n|-supereffective|p1a: Ninetales|1\n|-damage|p1a: Ninetales|43/100\n|cant|p1b: Serperior|flinch\n|\n|-weather|SunnyDay|[upkeep]\n|-heal|p1b: Serperior|92/100|[from] item: Leftovers\n|upkeep\n|turn|2\n|inactive|calicocalliope has 30 seconds left.\n|\n|t:|1776382099\n|move|p2a: Rotom|Hydro Pump|p1a: Ninetales\n|-supereffective|p1a: Ninetales|1\n|-damage|p1a: Ninetales|0 fnt\n|faint|p1a: Ninetales\n|move|p1b: Serperior|Leaf Blade|p2a: Rotom\n|-supereffective|p2a: Rotom|1\n|-damage|p2a: Rotom|28/100\n|move|p2b: Sneasler|Dire Claw|p1b: Serperior\n|-supereffective|p1b: Serperior|1\n|-damage|p1b: Serperior|7/100\n|-status|p1b: Serperior|par\n|\n|-weather|SunnyDay|[upkeep]\n|-heal|p1b: Serperior|13/100 par|[from] item: Leftovers\n|upkeep\n|\n|t:|1776382111\n|switch|p1a: Delphox|Delphox, L50, F|100/100\n|turn|3\n|\n|t:|1776382124\n|detailschange|p1a: Delphox|Delphox-Mega, L50, F\n|-mega|p1a: Delphox|Delphox|Delphoxite\n|move|p2b: Sneasler|Protect|p2b: Sneasler\n|-singleturn|p2b: Sneasler|Protect\n|move|p2a: Rotom|Hydro Pump|p1a: Delphox|[miss]\n|-miss|p2a: Rotom|p1a: Delphox\n|move|p1a: Delphox|Skill Swap|p1b: Serperior\n|-activate|p1a: Delphox|Skill Swap|||[of] p1b: Serperior\n|cant|p1b: Serperior|par\n|\n|-weather|SunnyDay|[upkeep]\n|-heal|p1b: Serperior|19/100 par|[from] item: Leftovers\n|upkeep\n|turn|4\n|inactive|calicocalliope has 30 seconds left.\n|\n|t:|1776382158\n|move|p2a: Rotom|Hydro Pump|p1a: Delphox\n|-supereffective|p1a: Delphox|1\n|-damage|p1a: Delphox|49/100\n|move|p1a: Delphox|Overheat|p2a: Rotom\n|-resisted|p2a: Rotom|1\n|-damage|p2a: Rotom|0 fnt\n|-boost|p1a: Delphox|spa|2\n|faint|p2a: Rotom\n|move|p2b: Sneasler|Close Combat|p1b: Serperior\n|-damage|p1b: Serperior|0 fnt\n|-unboost|p2b: Sneasler|def|1\n|-unboost|p2b: Sneasler|spd|1\n|faint|p1b: Serperior\n|-enditem|p2b: Sneasler|White Herb\n|-clearnegativeboost|p2b: Sneasler|[silent]\n|\n|-weather|SunnyDay|[upkeep]\n|upkeep\n|\n|t:|1776382168\n|switch|p1b: Meowstic|Meowstic, L50, M|100/100\n|switch|p2a: Kingambit|Kingambit, L50, M|100/100\n|turn|5\n|inactive|calicocalliope has 30 seconds left.\n|inactive|calicocalliope has 20 seconds left.\n|\n|t:|1776382206\n|switch|p2b: Sneasler|Sneasler, L50, M|100/100\n|move|p1b: Meowstic|Fake Out|p2a: Kingambit\n|-resisted|p2a: Kingambit|1\n|-damage|p2a: Kingambit|99/100\n|cant|p2a: Kingambit|flinch\n|move|p1a: Delphox|Overheat|p2b: Sneasler\n|-enditem|p2b: Sneasler|Focus Sash\n|-damage|p2b: Sneasler|1/100\n|-boost|p1a: Delphox|spa|2\n|replace|p2b: Zoroark|Zoroark-Hisui, L50, F\n|-end|p2b: Zoroark|Illusion\n|\n|-weather|none\n|upkeep\n|turn|6\n|\n|t:|1776382227\n|move|p1b: Meowstic|Psychic Terrain|p1b: Meowstic\n|-fieldstart|move: Psychic Terrain\n|move|p2a: Kingambit|Sucker Punch|p1a: Delphox\n|-activate|p1a: Delphox|move: Psychic Terrain\n|move|p1a: Delphox|Dazzling Gleam|p2b: Zoroark|[spread] p2a,p2b\n|-damage|p2a: Kingambit|32/100\n|-damage|p2b: Zoroark|0 fnt\n|faint|p2b: Zoroark\n|\n|upkeep\n|-message|Edudus forfeited.\n|\n|win|calicocalliope\n|raw|calicocalliope's rating: 1000 &rarr; <strong>1048</strong><br />(+48 for winning)\n|raw|Edudus's rating: 1071 &rarr; <strong>1046</strong><br />(-25 for losing)\n|l|\u2606Edudus\n|player|p2|\n",
  "uploadtime": 1776382241,
  "views": 14,
  "formatid": "gen9championsvgc2026regma",
  "rating": 1046,
  "private": 0,
  "password": null
}