{
  "id": "gen9championsvgc2026regma-2585730510",
  "format": "[Gen 9 Champions] VGC 2026 Reg M-A",
  "players": [
    "kcgturtle",
    "ericaikok"
  ],
  "log": "|j|\u2606kcgturtle\n|j|\u2606ericaikok\n|t:|1776366646\n|gametype|doubles\n|player|p1|kcgturtle|scientist-gen4|1233\n|player|p2|ericaikok|#ptplvidazzlingdiancies|1256\n|gen|9\n|tier|[Gen 9 Champions] VGC 2026 Reg M-A\n|rated|\n|rule|Species Clause: Limit one of each Pok\u00e9mon\n|rule|Item Clause: Limit 1 of each item\n|clearpoke\n|poke|p1|Sinistcha, L50|\n|poke|p1|Delphox, L50, M|\n|poke|p1|Torkoal, L50, F|\n|poke|p1|Garchomp, L50, F|\n|poke|p1|Talonflame, L50, F|\n|poke|p1|Milotic, L50, M|\n|poke|p2|Gengar, L50, F|\n|poke|p2|Whimsicott, L50, F|\n|poke|p2|Incineroar, L50, M|\n|poke|p2|Sneasler, L50, M|\n|poke|p2|Rotom-Wash, L50|\n|poke|p2|Arcanine-Hisui, L50, M|\n|teampreview|4\nericaikok has agreed to open team sheets.\n|\n|t:|1776366728\n|teamsize|p1|4\n|teamsize|p2|4\n|start\n|switch|p1a: Garchomp|Garchomp, L50, F|100/100\n|switch|p1b: Talonflame|Talonflame, L50, F|100/100\n|switch|p2a: Gengar|Gengar, L50, F|100/100\n|switch|p2b: Arcanine|Arcanine-Hisui, L50, M|100/100\n|turn|1\n|\n|t:|1776366744\n|switch|p2b: Rotom|Rotom-Wash, L50|100/100\n|move|p2a: Gengar|Protect|p2a: Gengar\n|-singleturn|p2a: Gengar|Protect\n|move|p1b: Talonflame|Tailwind|p1b: Talonflame\n|-sidestart|p1: kcgturtle|move: Tailwind\n|move|p1a: Garchomp|Earthquake|p2b: Rotom|[spread] \n|-activate|p2a: Gengar|move: Protect\n|-immune|p1b: Talonflame\n|-immune|p2b: Rotom|[from] ability: Levitate\n|\n|upkeep\n|turn|2\n|\n|t:|1776366766\n|detailschange|p2a: Gengar|Gengar-Mega, L50, F\n|-mega|p2a: Gengar|Gengar|Gengarite\n|move|p1b: Talonflame|Protect|p1b: Talonflame\n|-singleturn|p1b: Talonflame|Protect\n|move|p2a: Gengar|Protect||[still]\n|-fail|p2a: Gengar\n|move|p1a: Garchomp|Earthquake|p2b: Rotom|[spread] p2a\n|-activate|p1b: Talonflame|move: Protect\n|-immune|p2b: Rotom|[from] ability: Levitate\n|-supereffective|p2a: Gengar|1\n|-damage|p2a: Gengar|0 fnt\n|faint|p2a: Gengar\n|move|p2b: Rotom|Will-O-Wisp|p1a: Garchomp\n|-status|p1a: Garchomp|brn\n|\n|-damage|p1a: Garchomp|95/100 brn|[from] brn\n|upkeep\n|\n|t:|1776366784\n|switch|p2a: Sneasler|Sneasler, L50, M|100/100\n|turn|3\n|\n|t:|1776366804\n|move|p2a: Sneasler|Fake Out|p1a: Garchomp\n|-damage|p1a: Garchomp|80/100 brn\n|-damage|p2a: Sneasler|88/100|[from] ability: Rough Skin|[of] p1a: Garchomp\n|cant|p1a: Garchomp|flinch\n|move|p1b: Talonflame|Will-O-Wisp|p2a: Sneasler\n|-status|p2a: Sneasler|brn\n|move|p2b: Rotom|Hydro Pump|p1b: Talonflame|[miss]\n|-miss|p2b: Rotom|p1b: Talonflame\n|\n|-damage|p1a: Garchomp|74/100 brn|[from] brn\n|-damage|p2a: Sneasler|82/100 brn|[from] brn\n|upkeep\n|turn|4\n|\n|t:|1776366820\n|switch|p1a: Milotic|Milotic, L50, M, shiny|100/100\n|move|p2a: Sneasler|Protect|p2a: Sneasler\n|-singleturn|p2a: Sneasler|Protect\n|move|p1b: Talonflame|Dual Wingbeat|p2a: Sneasler\n|-activate|p2a: Sneasler|move: Protect\n|move|p2b: Rotom|Hydro Pump|p1b: Talonflame\n|-supereffective|p1b: Talonflame|1\n|-enditem|p1b: Talonflame|Focus Sash\n|-damage|p1b: Talonflame|1/100\n|\n|-damage|p2a: Sneasler|77/100 brn|[from] brn\n|-sideend|p1: kcgturtle|move: Tailwind\n|upkeep\n|turn|5\n|\n|t:|1776366838\n|move|p1b: Talonflame|Protect|p1b: Talonflame\n|-singleturn|p1b: Talonflame|Protect\n|move|p2a: Sneasler|Close Combat|p1b: Talonflame\n|-activate|p1b: Talonflame|move: Protect\n|move|p2b: Rotom|Volt Switch|p1a: Milotic\n|-supereffective|p1a: Milotic|1\n|-damage|p1a: Milotic|59/100\n|\n|t:|1776366847\n|switch|p2b: Arcanine|Arcanine-Hisui, L50, M|100/100|[from] Volt Switch\n|move|p1a: Milotic|Scald|p2a: Sneasler\n|-damage|p2a: Sneasler|36/100 brn\n|\n|-heal|p1a: Milotic|65/100|[from] item: Leftovers\n|-damage|p2a: Sneasler|30/100 brn|[from] brn\n|upkeep\n|turn|6\n|\n|t:|1776366861\n|move|p2b: Arcanine|Rock Slide|p1a: Milotic|[spread] p1a,p1b\n|-supereffective|p1b: Talonflame|2\n|-damage|p1a: Milotic|44/100\n|-damage|p1b: Talonflame|0 fnt\n|faint|p1b: Talonflame\n|move|p2a: Sneasler|Close Combat|p1a: Milotic\n|-damage|p1a: Milotic|16/100\n|-unboost|p2a: Sneasler|def|1\n|-unboost|p2a: Sneasler|spd|1\n|-enditem|p2a: Sneasler|White Herb\n|-clearnegativeboost|p2a: Sneasler|[silent]\n|move|p1a: Milotic|Scald|p2b: Arcanine\n|-supereffective|p2b: Arcanine|2\n|-damage|p2b: Arcanine|0 fnt\n|faint|p2b: Arcanine\n|\n|-heal|p1a: Milotic|22/100|[from] item: Leftovers\n|-damage|p2a: Sneasler|24/100 brn|[from] brn\n|upkeep\n|\n|t:|1776366874\n|switch|p1b: Garchomp|Garchomp, L50, F|74/100 brn\n|switch|p2b: Rotom|Rotom-Wash, L50|100/100\n|turn|7\n|\n|t:|1776366884\n|move|p2a: Sneasler|Protect|p2a: Sneasler\n|-singleturn|p2a: Sneasler|Protect\n|move|p1a: Milotic|Protect|p1a: Milotic\n|-singleturn|p1a: Milotic|Protect\n|move|p1b: Garchomp|Rock Slide|p2b: Rotom|[spread] p2b\n|-activate|p2a: Sneasler|move: Protect\n|-damage|p2b: Rotom|87/100\n|move|p2b: Rotom|Hydro Pump|p1b: Garchomp\n|-damage|p1b: Garchomp|27/100 brn\n|\n|-heal|p2b: Rotom|93/100|[from] item: Leftovers\n|-heal|p1a: Milotic|28/100|[from] item: Leftovers\n|-damage|p2a: Sneasler|19/100 brn|[from] brn\n|-damage|p1b: Garchomp|21/100 brn|[from] brn\n|upkeep\n|turn|8\n|\n|t:|1776366900\n|move|p2a: Sneasler|Close Combat|p1b: Garchomp\n|-damage|p1b: Garchomp|0 fnt\n|-unboost|p2a: Sneasler|def|1\n|-unboost|p2a: Sneasler|spd|1\n|-damage|p2a: Sneasler|6/100 brn|[from] ability: Rough Skin|[of] p1b: Garchomp\n|faint|p1b: Garchomp\n|move|p2b: Rotom|Volt Switch|p1a: Milotic\n|-supereffective|p1a: Milotic|1\n|-damage|p1a: Milotic|0 fnt\n|faint|p1a: Milotic\n|\n|-heal|p2b: Rotom|98/100|[from] item: Leftovers\n|-damage|p2a: Sneasler|0 fnt|[from] brn\n|faint|p2a: Sneasler\n|upkeep\n|\n|t:|1776366915\n|switch|p1a: Delphox|Delphox, L50, M|100/100\n|turn|9\n|\n|t:|1776366926\n|detailschange|p1a: Delphox|Delphox-Mega, L50, M\n|-mega|p1a: Delphox|Delphox|Delphoxite\n|move|p1a: Delphox|Encore|p2b: Rotom\n|-start|p2b: Rotom|Encore\n|move|p2b: Rotom|Volt Switch|p1a: Delphox\n|-damage|p1a: Delphox|71/100\n|\n|-heal|p2b: Rotom|100/100|[from] item: Leftovers\n|upkeep\n|turn|10\n|\n|t:|1776366940\n|move|p1a: Delphox|Psychic|p2b: Rotom\n|-damage|p2b: Rotom|45/100\n|move|p2b: Rotom|Volt Switch|p1a: Delphox\n|-damage|p1a: Delphox|39/100\n|\n|-heal|p2b: Rotom|51/100|[from] item: Leftovers\n|upkeep\n|turn|11\n|\n|t:|1776366948\n|move|p1a: Delphox|Psychic|p2b: Rotom\n|-damage|p2b: Rotom|1/100\n|move|p2b: Rotom|Volt Switch|p1a: Delphox\n|-damage|p1a: Delphox|6/100\n|\n|-heal|p2b: Rotom|7/100|[from] item: Leftovers\n|-end|p2b: Rotom|Encore\n|upkeep\n|turn|12\n|\n|t:|1776366954\n|move|p2b: Rotom|Protect|p2b: Rotom\n|-singleturn|p2b: Rotom|Protect\n|move|p1a: Delphox|Psychic|p2b: Rotom\n|-activate|p2b: Rotom|move: Protect\n|\n|-heal|p2b: Rotom|12/100|[from] item: Leftovers\n|upkeep\n|turn|13\n|c|\u2606kcgturtle|Gg\n|\n|t:|1776366970\n|move|p1a: Delphox|Psychic|p2b: Rotom\n|-damage|p2b: Rotom|0 fnt\n|faint|p2b: Rotom\n|\n|win|kcgturtle\n|raw|kcgturtle's rating: 1233 &rarr; <strong>1260</strong><br />(+27 for winning)\n|raw|ericaikok's rating: 1256 &rarr; <strong>1229</strong><br />(-27 for losing)\n|c|\u2606ericaikok|ggwp\n|c|\u2606kcgturtle|I thought you had me\n",
  "uploadtime": 1776366977,
  "views": 23,
  "formatid": "gen9championsvgc2026regma",
  "rating": 1229,
  "private": 0,
  "password": null
}