{
  "id": "gen9championsvgc2026regma-2583772893",
  "format": "[Gen 9 Champions] VGC 2026 Reg M-A",
  "players": [
    "washsh",
    "marco.antonio.08"
  ],
  "log": "|j|\u2606washsh\n|j|\u2606marco.antonio.08\n|t:|1776196698\n|gametype|doubles\n|player|p1|washsh|swimmer|1213\n|player|p2|marco.antonio.08|dragontamer|1209\n|gen|9\n|tier|[Gen 9 Champions] VGC 2026 Reg M-A\n|rated|\n|rule|Species Clause: Limit one of each Pok\u00e9mon\n|rule|Item Clause: Limit 1 of each item\n|clearpoke\n|poke|p1|Scizor, L50, M|\n|poke|p1|Dragonite, L50, M|\n|poke|p1|Pelipper, L50, M|\n|poke|p1|Garchomp, L50, M|\n|poke|p1|Rotom-Mow, L50|\n|poke|p1|Palafin, L50, M|\n|poke|p2|Scizor, L50, F|\n|poke|p2|Garchomp, L50, M|\n|poke|p2|Archaludon, L50, M|\n|poke|p2|Aerodactyl, L50, M|\n|poke|p2|Incineroar, L50, F|\n|poke|p2|Rotom-Wash, L50|\n|teampreview|4\n|inactive|Battle timer is ON: inactive players will automatically lose when time's up. (requested by marco.antonio.08)\n|inactive|washsh has 60 seconds left.\n|inactive|washsh has 30 seconds left.\n|inactive|washsh has 20 seconds left.\n|\n|t:|1776196769\n|teamsize|p1|4\n|teamsize|p2|4\n|start\n|switch|p1a: Pelipper|Pelipper, L50, M|100/100\n|switch|p1b: Rotom|Rotom-Mow, L50|100/100\n|switch|p2a: Rotom|Rotom-Wash, L50|100/100\n|switch|p2b: Aerodactyl|Aerodactyl, L50, M|100/100\n|-ability|p2b: Aerodactyl|Unnerve\n|-weather|RainDance|[from] ability: Drizzle|[of] p1a: Pelipper\n|turn|1\n|\n|t:|1776196786\n|move|p2b: Aerodactyl|Protect|p2b: Aerodactyl\n|-singleturn|p2b: Aerodactyl|Protect\n|move|p1b: Rotom|Thunder|p2b: Aerodactyl\n|-activate|p2b: Aerodactyl|move: Protect\n|move|p1a: Pelipper|Tailwind|p1a: Pelipper\n|-sidestart|p1: washsh|move: Tailwind\n|move|p2a: Rotom|Volt Switch|p1a: Pelipper\n|-supereffective|p1a: Pelipper|2\n|-enditem|p1a: Pelipper|Focus Sash\n|-damage|p1a: Pelipper|1/100\n|\n|t:|1776196802\n|switch|p2a: Archaludon|Archaludon, L50, M|100/100|[from] Volt Switch\n|\n|-weather|RainDance|[upkeep]\n|upkeep\n|turn|2\n|\n|t:|1776196815\n|switch|p2b: Rotom|Rotom-Wash, L50|100/100\n|move|p1b: Rotom|Thunder|p2b: Rotom\n|-damage|p2b: Rotom|54/100\n|move|p1a: Pelipper|Weather Ball|p2b: Rotom\n|-resisted|p2b: Rotom|1\n|-damage|p2b: Rotom|18/100\n|move|p2a: Archaludon|Aura Sphere|p1b: Rotom\n|-damage|p1b: Rotom|59/100\n|\n|-weather|RainDance|[upkeep]\n|upkeep\n|turn|3\n|inactive|washsh has 30 seconds left.\n|\n|t:|1776196842\n|switch|p1b: Garchomp|Garchomp, L50, M|100/100\n|move|p2b: Rotom|Protect|p2b: Rotom\n|-singleturn|p2b: Rotom|Protect\n|move|p2a: Archaludon|Protect|p2a: Archaludon\n|-singleturn|p2a: Archaludon|Protect\n|move|p1a: Pelipper|Hurricane|p2b: Rotom\n|-activate|p2b: Rotom|move: Protect\n|\n|-weather|RainDance|[upkeep]\n|upkeep\n|turn|4\n|inactive|washsh has 30 seconds left.\n|inactive|marco.antonio.08 has 30 seconds left.\n|\n|t:|1776196877\n|switch|p1a: Rotom|Rotom-Mow, L50|59/100\n|switch|p2a: Incineroar|Incineroar, L50, F|100/100\n|-ability|p2a: Incineroar|Intimidate|boost\n|-unboost|p1a: Rotom|atk|1\n|-unboost|p1b: Garchomp|atk|1\n|move|p1b: Garchomp|Stomping Tantrum|p2a: Incineroar\n|-supereffective|p2a: Incineroar|1\n|-damage|p2a: Incineroar|40/100\n|-enditem|p2a: Incineroar|Sitrus Berry|[eat]\n|-heal|p2a: Incineroar|65/100|[from] item: Sitrus Berry\n|move|p2b: Rotom|Will-O-Wisp|p1b: Garchomp\n|-status|p1b: Garchomp|brn\n|\n|-weather|RainDance|[upkeep]\n|-damage|p1b: Garchomp|95/100 brn|[from] brn\n|-sideend|p1: washsh|move: Tailwind\n|upkeep\n|turn|5\n|inactive|washsh has 30 seconds left.\n|inactive|marco.antonio.08 has 30 seconds left.\n|inactive|washsh has 20 seconds left.\n|inactive|washsh has 15 seconds left.\n|\n|t:|1776196918\n|move|p2a: Incineroar|Fake Out|p1a: Rotom\n|-damage|p1a: Rotom|42/100\n|cant|p1a: Rotom|flinch\n|move|p1b: Garchomp|Stomping Tantrum|p2a: Incineroar\n|-supereffective|p2a: Incineroar|1\n|-damage|p2a: Incineroar|35/100\n|move|p2b: Rotom|Volt Switch|p1a: Rotom\n|-resisted|p1a: Rotom|2\n|-crit|p1a: Rotom\n|-damage|p1a: Rotom|26/100\n|\n|t:|1776196936\n|switch|p2b: Aerodactyl|Aerodactyl, L50, M|100/100|[from] Volt Switch\n|-ability|p2b: Aerodactyl|Unnerve\n|\n|-weather|none\n|-damage|p1b: Garchomp|89/100 brn|[from] brn\n|upkeep\n|turn|6\n|\n|t:|1776196951\n|move|p1a: Rotom|Volt Switch|p2b: Aerodactyl\n|-supereffective|p2b: Aerodactyl|1\n|-damage|p2b: Aerodactyl|16/100\n|\n|t:|1776196962\n|switch|p1a: Dragonite|Dragonite, L50, M|100/100|[from] Volt Switch\n|move|p2b: Aerodactyl|Tailwind|p2b: Aerodactyl\n|-sidestart|p2: marco.antonio.08|move: Tailwind\n|move|p1b: Garchomp|Rock Slide|p2a: Incineroar|[spread] p2b\n|-miss|p1b: Garchomp|p2a: Incineroar\n|-supereffective|p2b: Aerodactyl|1\n|-damage|p2b: Aerodactyl|0 fnt\n|faint|p2b: Aerodactyl\n|move|p2a: Incineroar|Parting Shot|p1b: Garchomp\n|-unboost|p1b: Garchomp|atk|1\n|-unboost|p1b: Garchomp|spa|1\n|\n|t:|1776196978\n|switch|p2a: Archaludon|Archaludon, L50, M|100/100|[from] Parting Shot\n|\n|-damage|p1b: Garchomp|83/100 brn|[from] brn\n|upkeep\n|\n|t:|1776196985\n|switch|p2b: Incineroar|Incineroar, L50, F|35/100\n|-ability|p2b: Incineroar|Intimidate|boost\n|-unboost|p1a: Dragonite|atk|1\n|-unboost|p1b: Garchomp|atk|1\n|turn|7\n|inactive|washsh has 30 seconds left.\n|\n|t:|1776197017\n|switch|p1b: Pelipper|Pelipper, L50, M|1/100\n|-weather|RainDance|[from] ability: Drizzle|[of] p1b: Pelipper\n|move|p1a: Dragonite|Protect|p1a: Dragonite\n|-singleturn|p1a: Dragonite|Protect\n|move|p2b: Incineroar|Fake Out|p1a: Dragonite\n|-activate|p1a: Dragonite|move: Protect\n|move|p2a: Archaludon|Draco Meteor|p1b: Pelipper\n|-damage|p1b: Pelipper|0 fnt\n|-unboost|p2a: Archaludon|spa|2\n|faint|p1b: Pelipper\n|\n|-weather|RainDance|[upkeep]\n|upkeep\n|inactive|washsh has 30 seconds left.\n|\n|t:|1776197049\n|switch|p1b: Garchomp|Garchomp, L50, M|83/100 brn\n|turn|8\n|inactive|washsh has 30 seconds left.\n|\n|t:|1776197075\n|switch|p2a: Rotom|Rotom-Wash, L50|18/100\n|detailschange|p1a: Dragonite|Dragonite-Mega, L50, M\n|-mega|p1a: Dragonite|Dragonite|Dragoninite\n|move|p1b: Garchomp|Stomping Tantrum|p2a: Rotom\n|-immune|p2a: Rotom|[from] ability: Levitate\n|move|p2b: Incineroar|Throat Chop|p1a: Dragonite\n|-damage|p1a: Dragonite|85/100\n|-start|p1a: Dragonite|Throat Chop|[silent]\n|move|p1a: Dragonite|Draco Meteor|p2a: Rotom\n|-damage|p2a: Rotom|0 fnt\n|-unboost|p1a: Dragonite|spa|2\n|faint|p2a: Rotom\n|\n|-weather|RainDance|[upkeep]\n|-damage|p1b: Garchomp|77/100 brn|[from] brn\n|upkeep\n|\n|t:|1776197091\n|switch|p2a: Archaludon|Archaludon, L50, M|100/100\n|turn|9\n|\n|t:|1776197109\n|move|p1a: Dragonite|Protect|p1a: Dragonite\n|-singleturn|p1a: Dragonite|Protect\n|move|p2a: Archaludon|Aura Sphere|p1b: Garchomp\n|-damage|p1b: Garchomp|44/100 brn\n|move|p1b: Garchomp|Stomping Tantrum|p2b: Incineroar\n|-supereffective|p2b: Incineroar|1\n|-damage|p2b: Incineroar|0 fnt\n|faint|p2b: Incineroar\n|\n|-weather|RainDance|[upkeep]\n|-damage|p1b: Garchomp|38/100 brn|[from] brn\n|-end|p1a: Dragonite|Throat Chop|[silent]\n|-sideend|p2: marco.antonio.08|move: Tailwind\n|upkeep\n|turn|10\n|inactive|washsh has 30 seconds left.\n|\n|t:|1776197139\n|switch|p1a: Rotom|Rotom-Mow, L50|26/100\n|move|p1b: Garchomp|Earthquake|p2a: Archaludon|[spread] p2a\n|-immune|p1a: Rotom|[from] ability: Levitate\n|-supereffective|p2a: Archaludon|1\n|-damage|p2a: Archaludon|67/100\n|-ability|p2a: Archaludon|Stamina|boost\n|-boost|p2a: Archaludon|def|1\n|move|p2a: Archaludon|Aura Sphere|p1b: Garchomp\n|-damage|p1b: Garchomp|2/100 brn\n|\n|-weather|RainDance|[upkeep]\n|-heal|p2a: Archaludon|73/100|[from] item: Leftovers\n|-damage|p1b: Garchomp|0 fnt|[from] brn\n|faint|p1b: Garchomp\n|upkeep\n|\n|t:|1776197154\n|switch|p1b: Dragonite|Dragonite-Mega, L50, M|85/100\n|turn|11\n|\n|t:|1776197167\n|move|p1a: Rotom|Thunder|p2a: Archaludon\n|-resisted|p2a: Archaludon|1\n|-damage|p2a: Archaludon|45/100\n|-status|p2a: Archaludon|par\n|-ability|p2a: Archaludon|Stamina|boost\n|-boost|p2a: Archaludon|def|1\n|move|p1b: Dragonite|Draco Meteor|p2a: Archaludon\n|-damage|p2a: Archaludon|0 fnt\n|-unboost|p1b: Dragonite|spa|2\n|faint|p2a: Archaludon\n|\n|win|washsh\n|raw|washsh's rating: 1213 &rarr; <strong>1238</strong><br />(+25 for winning)\n|raw|marco.antonio.08's rating: 1209 &rarr; <strong>1184</strong><br />(-25 for losing)\n|l|\u2606marco.antonio.08\n|player|p2|\n",
  "uploadtime": 1776197201,
  "views": 17,
  "formatid": "gen9championsvgc2026regma",
  "rating": 1184,
  "private": 0,
  "password": null
}