{
  "id": "gen9championsvgc2026regma-2588102458",
  "format": "[Gen 9 Champions] VGC 2026 Reg M-A",
  "players": [
    "xjj553",
    "Sun and Moon Rock"
  ],
  "log": "|j|\u2606xjj553\n|j|\u2606Sun and Moon Rock\n|t:|1776604521\n|gametype|doubles\n|player|p1|xjj553|cynthia|1161\n|player|p2|Sun and Moon Rock|wallace|1245\n|gen|9\n|tier|[Gen 9 Champions] VGC 2026 Reg M-A\n|rated|\n|rule|Species Clause: Limit one of each Pok\u00e9mon\n|rule|Item Clause: Limit 1 of each item\n|clearpoke\n|poke|p1|Floette-Eternal, L50, F|\n|poke|p1|Aerodactyl, L50, F|\n|poke|p1|Garchomp, L50, M|\n|poke|p1|Maushold-Four, L50|\n|poke|p1|Delphox, L50, F|\n|poke|p1|Incineroar, L50, M|\n|poke|p2|Aerodactyl, L50, M|\n|poke|p2|Incineroar, L50, M|\n|poke|p2|Kommo-o, L50, M|\n|poke|p2|Starmie, L50|\n|poke|p2|Orthworm, L50, F|\n|poke|p2|Garchomp, L50, F|\n|teampreview|4\n|inactive|Battle timer is ON: inactive players will automatically lose when time's up. (requested by xjj553)\n|inactive|Sun and Moon Rock also wants the timer to be on.\n|inactive|xjj553 has 60 seconds left.\n|inactive|Sun and Moon Rock has 60 seconds left.\n|\n|t:|1776604562\n|teamsize|p1|4\n|teamsize|p2|4\n|start\n|switch|p1a: Aerodactyl|Aerodactyl, L50, F|100/100\n|switch|p1b: Maushold|Maushold-Four, L50|100/100\n|switch|p2a: Garchomp|Garchomp, L50, F|100/100\n|switch|p2b: Starmie|Starmie, L50|100/100\n|-ability|p1a: Aerodactyl|Unnerve\n|turn|1\n|inactive|xjj553 has 30 seconds left.\n|\n|t:|1776604588\n|detailschange|p2b: Starmie|Starmie-Mega, L50\n|-mega|p2b: Starmie|Starmie|Starminite\n|move|p1b: Maushold|Follow Me|p1b: Maushold\n|-singleturn|p1b: Maushold|move: Follow Me\n|move|p1a: Aerodactyl|Tailwind|p1a: Aerodactyl\n|-sidestart|p1: xjj553|move: Tailwind\n|move|p2b: Starmie|Skill Swap|p1b: Maushold\n|-activate|p2b: Starmie|Skill Swap|Friend Guard|Huge Power|[of] p1b: Maushold\n|move|p2a: Garchomp|Rock Slide|p1b: Maushold|[spread] p1a,p1b\n|-supereffective|p1a: Aerodactyl|1\n|-damage|p1a: Aerodactyl|34/100\n|-damage|p1b: Maushold|75/100\n|\n|upkeep\n|turn|2\n|inactive|xjj553 has 30 seconds left.\n|inactive|xjj553 has 20 seconds left.\n|inactive|xjj553 has 15 seconds left.\n|\n|t:|1776604629\n|move|p1a: Aerodactyl|Rock Slide|p2a: Garchomp|[spread] p2a,p2b\n|-resisted|p2a: Garchomp|1\n|-damage|p2a: Garchomp|91/100\n|-damage|p2b: Starmie|71/100\n|move|p1b: Maushold|Super Fang|p2b: Starmie\n|-damage|p2b: Starmie|36/100\n|cant|p2b: Starmie|flinch\n|move|p2a: Garchomp|Rock Slide|p1b: Maushold|[spread] p1a,p1b\n|-supereffective|p1a: Aerodactyl|1\n|-damage|p1a: Aerodactyl|0 fnt\n|-damage|p1b: Maushold|50/100\n|faint|p1a: Aerodactyl\n|\n|upkeep\n|\n|t:|1776604632\n|switch|p1a: Floette|Floette-Eternal, L50, F|100/100\n|turn|3\n|inactive|xjj553 has 30 seconds left.\n|inactive|Sun and Moon Rock has 30 seconds left.\n|\n|t:|1776604669\n|switch|p2b: Orthworm|Orthworm, L50, F|100/100\n|move|p1b: Maushold|Super Fang|p2b: Orthworm\n|-damage|p2b: Orthworm|51/100\n|move|p1a: Floette|Dazzling Gleam|p2b: Orthworm|[spread] p2a,p2b\n|-supereffective|p2a: Garchomp|1\n|-resisted|p2b: Orthworm|1\n|-damage|p2a: Garchomp|19/100\n|-damage|p2b: Orthworm|30/100\n|-enditem|p2b: Orthworm|Sitrus Berry|[eat]\n|-heal|p2b: Orthworm|55/100|[from] item: Sitrus Berry\n|move|p2a: Garchomp|Earthquake|p1b: Maushold|[spread] p1a,p1b\n|-heal|p2b: Orthworm|80/100|[from] ability: Earth Eater|[of] p2a: Garchomp\n|-damage|p1a: Floette|45/100\n|-damage|p1b: Maushold|0 fnt\n|faint|p1b: Maushold\n|\n|upkeep\n|\n|t:|1776604675\n|switch|p1b: Delphox|Delphox, L50, F|100/100\n|turn|4\n|\n|t:|1776604706\n|move|p2a: Garchomp|Protect|p2a: Garchomp\n|-singleturn|p2a: Garchomp|Protect\n|move|p1b: Delphox|Heat Wave|p2b: Orthworm|[spread] p2b\n|-activate|p2a: Garchomp|move: Protect\n|-supereffective|p2b: Orthworm|1\n|-damage|p2b: Orthworm|0 fnt\n|faint|p2b: Orthworm\n|move|p1a: Floette|Dazzling Gleam|p2a: Garchomp\n|-activate|p2a: Garchomp|move: Protect\n|\n|-sideend|p1: xjj553|move: Tailwind\n|upkeep\n|\n|t:|1776604720\n|switch|p2b: Starmie|Starmie-Mega, L50|36/100\n|turn|5\n|\n|t:|1776604744\n|detailschange|p1b: Delphox|Delphox-Mega, L50, F\n|-mega|p1b: Delphox|Delphox|Delphoxite\n|move|p1b: Delphox|Psychic|p2b: Starmie\n|-resisted|p2b: Starmie|1\n|-damage|p2b: Starmie|7/100\n|move|p2b: Starmie|Skill Swap|p2a: Garchomp\n|-activate|p2b: Starmie|Skill Swap|||[of] p2a: Garchomp\n|move|p2a: Garchomp|Rock Slide|p1a: Floette|[spread] p1b\n|-miss|p2a: Garchomp|p1a: Floette\n|-supereffective|p1b: Delphox|1\n|-damage|p1b: Delphox|14/100\n|move|p1a: Floette|Dazzling Gleam|p2b: Starmie|[spread] p2a,p2b\n|-supereffective|p2a: Garchomp|1\n|-damage|p2a: Garchomp|0 fnt\n|-damage|p2b: Starmie|0 fnt\n|faint|p2a: Garchomp\n|faint|p2b: Starmie\n|\n|upkeep\n|\n|t:|1776604757\n|switch|p2b: Aerodactyl|Aerodactyl, L50, M|100/100\n|-ability|p2b: Aerodactyl|Unnerve\n|turn|6\n|\n|t:|1776604771\n|move|p2b: Aerodactyl|Protect|p2b: Aerodactyl\n|-singleturn|p2b: Aerodactyl|Protect\n|move|p1b: Delphox|Psychic|p2b: Aerodactyl\n|-activate|p2b: Aerodactyl|move: Protect\n|move|p1a: Floette|Moonblast|p2b: Aerodactyl\n|-activate|p2b: Aerodactyl|move: Protect\n|\n|upkeep\n|turn|7\n|\n|t:|1776604786\n|move|p1b: Delphox|Psychic|p2b: Aerodactyl\n|-damage|p2b: Aerodactyl|49/100\n|move|p2b: Aerodactyl|Rock Slide|p1a: Floette|[spread] p1a,p1b\n|-supereffective|p1b: Delphox|1\n|-damage|p1a: Floette|12/100\n|-damage|p1b: Delphox|0 fnt\n|faint|p1b: Delphox\n|cant|p1a: Floette|flinch\n|\n|upkeep\n|turn|8\n|n|!xjj553|xjj553\n|-message|xjj553 forfeited.\n|\n|win|Sun and Moon Rock\n",
  "uploadtime": 1776604793,
  "views": 10,
  "formatid": "gen9championsvgc2026regma",
  "rating": null,
  "private": 0,
  "password": null
}