{
  "id": "gen9championsvgc2026regma-2587512778",
  "format": "[Gen 9 Champions] VGC 2026 Reg M-A",
  "players": [
    "uhhncertain",
    "ED_AMI<3"
  ],
  "log": "|j|\u2606uhhncertain\n|j|\u2606ED_AMI<3\n|t:|1776538184\n|gametype|doubles\n|player|p1|uhhncertain|plasmagrunt|1532\n|player|p2|ED_AMI<3|265|1486\n|gen|9\n|tier|[Gen 9 Champions] VGC 2026 Reg M-A\n|rated|\n|rule|Species Clause: Limit one of each Pok\u00e9mon\n|rule|Item Clause: Limit 1 of each item\n|clearpoke\n|poke|p1|Kingambit, L50, F, shiny|\n|poke|p1|Blastoise, L50, M|\n|poke|p1|Sinistcha, L50|\n|poke|p1|Farigiraf, L50, M|\n|poke|p1|Pelipper, L50, M|\n|poke|p1|Gallade, L50, M|\n|poke|p2|Farigiraf, L50, M|\n|poke|p2|Froslass, L50, F|\n|poke|p2|Incineroar, L50, F|\n|poke|p2|Sneasler, L50, M|\n|poke|p2|Milotic, L50, M|\n|poke|p2|Rotom-Wash, L50|\n|teampreview|4\n|inactive|Battle timer is ON: inactive players will automatically lose when time's up. (requested by ED_AMI<3)\n|inactive|uhhncertain has 60 seconds left.\n|inactive|ED_AMI<3 has 60 seconds left.\n|\n|t:|1776538239\n|teamsize|p1|4\n|teamsize|p2|4\n|start\n|switch|p1a: Kingambit|Kingambit, L50, F, shiny|100/100\n|switch|p1b: Gallade|Gallade, L50, M|100/100\n|switch|p2a: Sneasler|Sneasler, L50, M|100/100\n|switch|p2b: Rotom|Rotom-Wash, L50|100/100\n|turn|1\n|inactive|uhhncertain has 30 seconds left.\n|\n|t:|1776538267\n|switch|p1a: Farigiraf|Farigiraf, L50, M|100/100\n|detailschange|p1b: Gallade|Gallade-Mega, L50, M\n|-mega|p1b: Gallade|Gallade|Galladite\n|move|p2a: Sneasler|Protect|p2a: Sneasler\n|-singleturn|p2a: Sneasler|Protect\n|move|p2b: Rotom|Thunderbolt|p1b: Gallade\n|-damage|p1b: Gallade|60/100\n|move|p1b: Gallade|Psycho Cut|p2a: Sneasler\n|-activate|p2a: Sneasler|move: Protect\n|\n|upkeep\n|turn|2\n|inactive|uhhncertain has 30 seconds left.\n|inactive|uhhncertain has 20 seconds left.\n|inactive|ED_AMI<3 has 30 seconds left.\n|inactive|uhhncertain has 15 seconds left.\n|inactive|uhhncertain has 10 seconds left.\n|\n|t:|1776538316\n|switch|p2a: Incineroar|Incineroar, L50, F|100/100\n|-ability|p2a: Incineroar|Intimidate|boost\n|-unboost|p1a: Farigiraf|atk|1\n|-fail|p1b: Gallade|unboost|Attack|[from] ability: Inner Focus|[of] p1b: Gallade\n|move|p1b: Gallade|Protect|p1b: Gallade\n|-singleturn|p1b: Gallade|Protect\n|move|p2b: Rotom|Thunderbolt|p1a: Farigiraf\n|-damage|p1a: Farigiraf|62/100\n|move|p1a: Farigiraf|Psychic|p2a: Incineroar\n|-immune|p2a: Incineroar\n|\n|upkeep\n|turn|3\n|\n|t:|1776538329\n|switch|p1a: Sinistcha|Sinistcha, L50|100/100\n|-heal|p1b: Gallade|85/100|[from] ability: Hospitality|[of] p1a: Sinistcha\n|switch|p2a: Froslass|Froslass, L50, F|100/100\n|move|p2b: Rotom|Thunderbolt|p1b: Gallade\n|-damage|p1b: Gallade|51/100\n|move|p1b: Gallade|Sacred Sword|p2a: Froslass\n|-immune|p2a: Froslass\n|\n|upkeep\n|turn|4\n|\n|t:|1776538348\n|detailschange|p2a: Froslass|Froslass-Mega, L50, F\n|-mega|p2a: Froslass|Froslass|Froslassite\n|-weather|Snowscape|[from] ability: Snow Warning|[of] p2a: Froslass\n|move|p2b: Rotom|Thunderbolt|p1b: Gallade\n|-damage|p1b: Gallade|16/100\n|move|p2a: Froslass|Blizzard|p1a: Sinistcha|[spread] p1a,p1b\n|-supereffective|p1a: Sinistcha|1\n|-damage|p1a: Sinistcha|15/100\n|-damage|p1b: Gallade|0 fnt\n|faint|p1b: Gallade\n|move|p1a: Sinistcha|Life Dew|p1a: Sinistcha\n|-heal|p1a: Sinistcha|40/100\n|\n|-weather|Snowscape|[upkeep]\n|upkeep\n|\n|t:|1776538355\n|switch|p1b: Kingambit|Kingambit, L50, F, shiny|100/100\n|turn|5\n|\n|t:|1776538363\n|move|p2b: Rotom|Thunderbolt|p1b: Kingambit\n|-damage|p1b: Kingambit|59/100\n|move|p2a: Froslass|Blizzard|p1b: Kingambit|[spread] p1a,p1b\n|-supereffective|p1a: Sinistcha|1\n|-resisted|p1b: Kingambit|1\n|-damage|p1a: Sinistcha|0 fnt\n|-damage|p1b: Kingambit|36/100\n|faint|p1a: Sinistcha\n|move|p1b: Kingambit|Kowtow Cleave|p2a: Froslass\n|-supereffective|p2a: Froslass|1\n|-damage|p2a: Froslass|0 fnt\n|faint|p2a: Froslass\n|\n|-weather|Snowscape|[upkeep]\n|upkeep\n|\n|t:|1776538374\n|switch|p2a: Sneasler|Sneasler, L50, M|100/100\n|switch|p1a: Farigiraf|Farigiraf, L50, M|62/100\n|turn|6\n|-message|uhhncertain forfeited.\n|\n|win|ED_AMI<3\n|raw|uhhncertain's rating: 1532 &rarr; <strong>1509</strong><br />(-23 for losing)\n|raw|ED_AMI&lt;3's rating: 1486 &rarr; <strong>1509</strong><br />(+23 for winning)\n|l|\u2606ED_AMI<3\n|player|p2|\n|l|\u2606uhhncertain\n|player|p1|\n",
  "uploadtime": 1776538980,
  "views": 22,
  "formatid": "gen9championsvgc2026regma",
  "rating": 1509,
  "private": 0,
  "password": null
}