{
  "id": "gen9championsvgc2026regma-2582975031",
  "format": "[Gen 9 Champions] VGC 2026 Reg M-A",
  "players": [
    "LaVidaBoca",
    "savemelivie"
  ],
  "log": "|j|\u2606LaVidaBoca\n|j|\u2606savemelivie\n|t:|1776129943\n|gametype|doubles\n|player|p1|LaVidaBoca|265|1138\n|player|p2|savemelivie|swimmerf-gen4|1057\n|gen|9\n|tier|[Gen 9 Champions] VGC 2026 Reg M-A\n|rated|\n|rule|Species Clause: Limit one of each Pok\u00e9mon\n|rule|Item Clause: Limit 1 of each item\n|clearpoke\n|poke|p1|Pelipper, L50, F|\n|poke|p1|Garchomp, L50, F|\n|poke|p1|Meganium, L50, F|\n|poke|p1|Sinistcha, L50|\n|poke|p1|Archaludon, L50, M|\n|poke|p1|Basculegion, L50, M|\n|poke|p2|Gardevoir, L50, F|\n|poke|p2|Incineroar, L50, M|\n|poke|p2|Aegislash, L50, M|\n|poke|p2|Volcarona, L50, M|\n|poke|p2|Sinistcha, L50|\n|poke|p2|Maushold-Four, L50|\n|teampreview|4\nLaVidaBoca rejected open team sheets.\n|\n|t:|1776129979\n|teamsize|p1|4\n|teamsize|p2|4\n|start\n|switch|p1a: Garchomp|Garchomp, L50, F|100/100\n|switch|p1b: Meganium|Meganium, L50, F|100/100\n|switch|p2a: Duchess|Gardevoir, L50, F|100/100\n|switch|p2b: Volcarona|Volcarona, L50, M|100/100\n|turn|1\n|inactive|Battle timer is ON: inactive players will automatically lose when time's up. (requested by LaVidaBoca)\n|\n|t:|1776130025\n|detailschange|p2a: Duchess|Gardevoir-Mega, L50, F\n|-mega|p2a: Duchess|Gardevoir|Gardevoirite\n|move|p1b: Meganium|Protect|p1b: Meganium\n|-singleturn|p1b: Meganium|Protect\n|move|p2b: Volcarona|Fiery Dance|p1b: Meganium\n|-activate|p1b: Meganium|move: Protect\n|move|p1a: Garchomp|Rock Slide|p2a: Duchess|[spread] p2a\n|-miss|p1a: Garchomp|p2b: Volcarona\n|-damage|p2a: Duchess|64/100\n|move|p2a: Duchess|Hyper Voice|p1a: Garchomp|[spread] p1a\n|-activate|p1b: Meganium|move: Protect\n|-supereffective|p1a: Garchomp|1\n|-damage|p1a: Garchomp|0 fnt\n|faint|p1a: Garchomp\n|\n|upkeep\n|\n|t:|1776130040\n|switch|p1a: Pelipper|Pelipper, L50, F|100/100\n|-weather|RainDance|[from] ability: Drizzle|[of] p1a: Pelipper\n|turn|2\n|\n|t:|1776130049\n|detailschange|p1b: Meganium|Meganium-Mega, L50, F\n|-mega|p1b: Meganium|Meganium|Meganiumite\n|move|p2a: Duchess|Protect|p2a: Duchess\n|-singleturn|p2a: Duchess|Protect\n|move|p1a: Pelipper|Wide Guard|p1a: Pelipper\n|-singleturn|p1a: Pelipper|Wide Guard\n|move|p2b: Volcarona|Fiery Dance|p1b: Meganium\n|-supereffective|p1b: Meganium|1\n|-damage|p1b: Meganium|67/100\n|-boost|p2b: Volcarona|spa|1\n|move|p1b: Meganium|Solar Beam||[still]\n|-prepare|p1b: Meganium|Solar Beam\n|-activate|p1b: Meganium|ability: Mega Sol\n|-anim|p1b: Meganium|Solar Beam|p2a: Duchess\n|-activate|p2a: Duchess|move: Protect\n|\n|-weather|RainDance|[upkeep]\n|upkeep\n|turn|3\n|inactive|savemelivie has 30 seconds left.\n|\n|t:|1776130078\n|move|p1b: Meganium|Protect|p1b: Meganium\n|-singleturn|p1b: Meganium|Protect\n|move|p2b: Volcarona|Fiery Dance|p1b: Meganium\n|-activate|p1b: Meganium|move: Protect\n|move|p2a: Duchess|Psyshock|p1b: Meganium\n|-activate|p1b: Meganium|move: Protect\n|move|p1a: Pelipper|Hurricane|p2b: Volcarona\n|-supereffective|p2b: Volcarona|1\n|-damage|p2b: Volcarona|29/100\n|-start|p2b: Volcarona|confusion\n|\n|-weather|RainDance|[upkeep]\n|upkeep\n|turn|4\n|inactive|LaVidaBoca has 30 seconds left.\n|\n|t:|1776130104\n|-activate|p2b: Volcarona|confusion\n|move|p2b: Volcarona|Fiery Dance|p1b: Meganium\n|-supereffective|p1b: Meganium|1\n|-damage|p1b: Meganium|9/100\n|move|p2a: Duchess|Psyshock|p1b: Meganium\n|-damage|p1b: Meganium|0 fnt\n|faint|p1b: Meganium\n|move|p1a: Pelipper|Hurricane|p2b: Volcarona\n|-supereffective|p2b: Volcarona|1\n|-damage|p2b: Volcarona|0 fnt\n|faint|p2b: Volcarona\n|\n|-weather|RainDance|[upkeep]\n|upkeep\n|\n|t:|1776130116\n|switch|p2b: Aegislash|Aegislash, L50, M|100/100\n|switch|p1b: Basculegion|Basculegion, L50, M|100/100\n|turn|5\n|\n|t:|1776130133\n|move|p1b: Basculegion|Wave Crash|p2a: Duchess\n|-damage|p2a: Duchess|0 fnt\n|faint|p2a: Duchess\n|-damage|p1b: Basculegion|85/100|[from] Recoil\n|-formechange|p2b: Aegislash|Aegislash-Blade|\n|move|p2b: Aegislash|Shadow Ball|p1b: Basculegion\n|-supereffective|p1b: Basculegion|1\n|-damage|p1b: Basculegion|0 fnt\n|faint|p1b: Basculegion\n|move|p1a: Pelipper|Weather Ball|p2b: Aegislash\n|-damage|p2b: Aegislash|0 fnt\n|faint|p2b: Aegislash\n|\n|-weather|RainDance|[upkeep]\n|upkeep\n|\n|t:|1776130147\n|switch|p2b: Incineroar|Incineroar, L50, M|100/100\n|-ability|p2b: Incineroar|Intimidate|boost\n|-unboost|p1a: Pelipper|atk|1\n|turn|6\n|\n|t:|1776130152\n|move|p2b: Incineroar|Fake Out|p1a: Pelipper\n|-damage|p1a: Pelipper|90/100\n|cant|p1a: Pelipper|flinch\n|\n|-weather|none\n|upkeep\n|turn|7\n|\n|t:|1776130162\n|move|p1a: Pelipper|Hurricane|p2b: Incineroar\n|-damage|p2b: Incineroar|65/100\n|move|p2b: Incineroar|Darkest Lariat|p1a: Pelipper\n|-crit|p1a: Pelipper\n|-damage|p1a: Pelipper|38/100\n|\n|upkeep\n|turn|8\n|\n|t:|1776130169\n|move|p1a: Pelipper|Hurricane|p2b: Incineroar|[miss]\n|-miss|p1a: Pelipper|p2b: Incineroar\n|move|p2b: Incineroar|Darkest Lariat|p1a: Pelipper\n|-damage|p1a: Pelipper|1/100\n|\n|upkeep\n|turn|9\n|\n|t:|1776130177\n|move|p1a: Pelipper|Hurricane|p2b: Incineroar\n|-damage|p2b: Incineroar|31/100\n|-enditem|p2b: Incineroar|Sitrus Berry|[eat]\n|-heal|p2b: Incineroar|55/100|[from] item: Sitrus Berry\n|move|p2b: Incineroar|Darkest Lariat|p1a: Pelipper\n|-damage|p1a: Pelipper|0 fnt\n|faint|p1a: Pelipper\n|\n|win|savemelivie\n|raw|LaVidaBoca's rating: 1138 &rarr; <strong>1107</strong><br />(-31 for losing)\n|raw|savemelivie's rating: 1057 &rarr; <strong>1096</strong><br />(+39 for winning)\n|l|\u2606LaVidaBoca\n|player|p1|\n",
  "uploadtime": 1776130186,
  "views": 16,
  "formatid": "gen9championsvgc2026regma",
  "rating": 1096,
  "private": 0,
  "password": null
}