{
  "id": "gen9championsvgc2026regma-2582994468",
  "format": "[Gen 9 Champions] VGC 2026 Reg M-A",
  "players": [
    "kingflames",
    "muk_pegajoso"
  ],
  "log": "|j|\u2606kingflames\n|j|\u2606muk_pegajoso\n|t:|1776131662\n|gametype|doubles\n|player|p1|kingflames|170|\n|player|p2|muk_pegajoso|theroyal|\n|gen|9\n|tier|[Gen 9 Champions] VGC 2026 Reg M-A\n|rule|Species Clause: Limit one of each Pok\u00e9mon\n|rule|Item Clause: Limit 1 of each item\n|clearpoke\n|poke|p1|Tyranitar, L50, M|\n|poke|p1|Garchomp, L50, F|\n|poke|p1|Rotom-Wash, L50|\n|poke|p1|Whimsicott, L50, M|\n|poke|p1|Gengar, L50, M|\n|poke|p1|Sneasler, L50, M|\n|poke|p2|Ceruledge, L50, F|\n|poke|p2|Aerodactyl, L50, F|\n|poke|p2|Palafin, L50, M|\n|poke|p2|Empoleon, L50, M|\n|poke|p2|Raichu, L50, F|\n|poke|p2|Appletun, L50, M|\n|teampreview|4\n|\n|t:|1776131716\n|teamsize|p1|4\n|teamsize|p2|4\n|start\n|switch|p1a: Whimsicott|Whimsicott, L50, M|100/100\n|switch|p1b: Sneasler|Sneasler, L50, M|100/100\n|switch|p2a: Ceruledge|Ceruledge, L50, F|100/100\n|switch|p2b: Aerodactyl|Aerodactyl, L50, F|100/100\n|turn|1\n|\n|t:|1776131731\n|detailschange|p2b: Aerodactyl|Aerodactyl-Mega, L50, F\n|-mega|p2b: Aerodactyl|Aerodactyl|Aerodactylite\n|move|p1a: Whimsicott|Tailwind|p1a: Whimsicott\n|-sidestart|p1: kingflames|move: Tailwind\n|move|p1b: Sneasler|Close Combat|p2b: Aerodactyl\n|-damage|p2b: Aerodactyl|19/100\n|-unboost|p1b: Sneasler|def|1\n|-unboost|p1b: Sneasler|spd|1\n|-enditem|p1b: Sneasler|White Herb\n|-clearnegativeboost|p1b: Sneasler|[silent]\n|move|p2b: Aerodactyl|Rock Slide|p1b: Sneasler|[spread] p1a,p1b\n|-resisted|p1b: Sneasler|1\n|-damage|p1a: Whimsicott|77/100\n|-damage|p1b: Sneasler|72/100\n|move|p2a: Ceruledge|Flare Blitz|p1b: Sneasler\n|-damage|p1b: Sneasler|0 fnt\n|faint|p1b: Sneasler\n|-damage|p2a: Ceruledge|76/100|[from] Recoil\n|\n|upkeep\n|\n|t:|1776131748\n|switch|p1b: Tyranitar|Tyranitar, L50, M|100/100\n|-weather|Sandstorm|[from] ability: Sand Stream|[of] p1b: Tyranitar\n|turn|2\n|\n|t:|1776131762\n|switch|p2a: Appletun|Appletun, L50, M|100/100\n|move|p2b: Aerodactyl|Wide Guard|p2b: Aerodactyl\n|-singleturn|p2b: Aerodactyl|Wide Guard\n|move|p1a: Whimsicott|Moonblast|p2b: Aerodactyl\n|-damage|p2b: Aerodactyl|0 fnt\n|faint|p2b: Aerodactyl\n|move|p1b: Tyranitar|Rock Slide|p2a: Appletun\n|-activate|p2a: Appletun|move: Wide Guard\n|\n|-weather|Sandstorm|[upkeep]\n|-damage|p1a: Whimsicott|71/100|[from] Sandstorm\n|-damage|p2a: Appletun|95/100|[from] Sandstorm\n|-heal|p2a: Appletun|100/100|[from] item: Leftovers\n|upkeep\n|\n|t:|1776131777\n|switch|p2b: Ceruledge|Ceruledge, L50, F|76/100\n|turn|3\n|\n|t:|1776131801\n|switch|p1a: Garchomp|Garchomp, L50, F|100/100\n|move|p1b: Tyranitar|Rock Slide|p2b: Ceruledge|[spread] p2a,p2b\n|-supereffective|p2b: Ceruledge|1\n|-damage|p2a: Appletun|70/100\n|-damage|p2b: Ceruledge|0 fnt\n|faint|p2b: Ceruledge\n|move|p2a: Appletun|Reflect|p2a: Appletun\n|-sidestart|p2: muk_pegajoso|Reflect\n|\n|-weather|Sandstorm|[upkeep]\n|-damage|p2a: Appletun|64/100|[from] Sandstorm\n|-heal|p2a: Appletun|70/100|[from] item: Leftovers\n|upkeep\n|\n|t:|1776131810\n|switch|p2b: Raichu|Raichu, L50, F|100/100\n|turn|4\n|\n|t:|1776131822\n|move|p1a: Garchomp|Dragon Claw|p2a: Appletun\n|-supereffective|p2a: Appletun|1\n|-damage|p2a: Appletun|14/100\n|move|p1b: Tyranitar|Ice Punch|p2a: Appletun\n|-supereffective|p2a: Appletun|2\n|-damage|p2a: Appletun|0 fnt\n|faint|p2a: Appletun\n|move|p2b: Raichu|Surf|p1a: Garchomp|[spread] p1b\n|-miss|p2b: Raichu|p1a: Garchomp\n|-supereffective|p1b: Tyranitar|1\n|-damage|p1b: Tyranitar|78/100\n|\n|-weather|Sandstorm|[upkeep]\n|-damage|p2b: Raichu|95/100|[from] Sandstorm\n|-sideend|p1: kingflames|move: Tailwind\n|upkeep\n|turn|5\n|\n|t:|1776131833\n|move|p2b: Raichu|Alluring Voice|p1a: Garchomp\n|-supereffective|p1a: Garchomp|1\n|-damage|p1a: Garchomp|54/100\n|move|p1a: Garchomp|Earthquake|p2b: Raichu|[spread] p1b,p2b\n|-supereffective|p1b: Tyranitar|1\n|-enditem|p1b: Tyranitar|Shuca Berry|[eat]\n|-enditem|p1b: Tyranitar|Shuca Berry|[weaken]\n|-supereffective|p2b: Raichu|1\n|-damage|p1b: Tyranitar|42/100\n|-damage|p2b: Raichu|0 fnt\n|faint|p2b: Raichu\n|\n|win|kingflames\n|l|\u2606muk_pegajoso\n|player|p2|\n",
  "uploadtime": 1776131856,
  "views": 11,
  "formatid": "gen9championsvgc2026regma",
  "rating": null,
  "private": 0,
  "password": null
}