{
  "id": "gen9championsvgc2026regma-2587054158",
  "format": "[Gen 9 Champions] VGC 2026 Reg M-A",
  "players": [
    "TheBallistic1",
    "wheezsumbeez"
  ],
  "log": "|j|\u2606TheBallistic1\n|j|\u203dwheezsumbeez\n|t:|1776487367\n|gametype|doubles\n|player|p1|TheBallistic1|colress|1021\n|player|p2|wheezsumbeez|roxie|1063\n|gen|9\n|tier|[Gen 9 Champions] VGC 2026 Reg M-A\n|rated|\n|rule|Species Clause: Limit one of each Pok\u00e9mon\n|rule|Item Clause: Limit 1 of each item\n|clearpoke\n|poke|p1|Floette-Eternal, L50, F|\n|poke|p1|Sneasler, L50, M|\n|poke|p1|Milotic, L50, M|\n|poke|p1|Incineroar, L50, F|\n|poke|p1|Sinistcha, L50|\n|poke|p1|Garchomp, L50, M|\n|poke|p2|Klefki, L50, M|\n|poke|p2|Raichu, L50, M|\n|poke|p2|Dragonite, L50, F|\n|poke|p2|Rotom-Wash, L50|\n|poke|p2|Aegislash, L50, F|\n|poke|p2|Quaquaval, L50, M|\n|teampreview|4\n|inactive|Battle timer is ON: inactive players will automatically lose when time's up. (requested by TheBallistic1)\n|\n|t:|1776487424\n|teamsize|p1|4\n|teamsize|p2|4\n|start\n|switch|p1a: Garchomp|Garchomp, L50, M|100/100\n|switch|p1b: Sneasler|Sneasler, L50, M|100/100\n|switch|p2a: Klefki|Klefki, L50, M|100/100\n|switch|p2b: Quaquaval|Quaquaval, L50, M|100/100\n|turn|1\n|\n|t:|1776487440\n|move|p1b: Sneasler|Fake Out|p2b: Quaquaval\n|-crit|p2b: Quaquaval\n|-damage|p2b: Quaquaval|74/100\n|move|p2a: Klefki|Rain Dance|p2a: Klefki\n|-weather|RainDance\n|move|p1a: Garchomp|Stomping Tantrum|p2a: Klefki\n|-supereffective|p2a: Klefki|1\n|-damage|p2a: Klefki|16/100\n|-enditem|p2a: Klefki|Sitrus Berry|[eat]\n|-heal|p2a: Klefki|41/100|[from] item: Sitrus Berry\n|cant|p2b: Quaquaval|flinch\n|\n|-weather|RainDance|[upkeep]\n|upkeep\n|turn|2\n|\n|t:|1776487457\n|move|p2a: Klefki|Thunder Wave|p1b: Sneasler\n|-status|p1b: Sneasler|par\n|move|p1a: Garchomp|Stomping Tantrum|p2a: Klefki\n|-supereffective|p2a: Klefki|1\n|-damage|p2a: Klefki|0 fnt\n|faint|p2a: Klefki\n|move|p2b: Quaquaval|Triple Axel|p1a: Garchomp\n|-supereffective|p1a: Garchomp|2\n|-damage|p1a: Garchomp|72/100\n|-damage|p2b: Quaquaval|61/100|[from] ability: Rough Skin|[of] p1a: Garchomp\n|-supereffective|p1a: Garchomp|2\n|-damage|p1a: Garchomp|11/100\n|-damage|p2b: Quaquaval|49/100|[from] ability: Rough Skin|[of] p1a: Garchomp\n|-supereffective|p1a: Garchomp|2\n|-damage|p1a: Garchomp|0 fnt\n|-damage|p2b: Quaquaval|36/100|[from] ability: Rough Skin|[of] p1a: Garchomp\n|faint|p1a: Garchomp\n|-ability|p2b: Quaquaval|Moxie|boost\n|-boost|p2b: Quaquaval|atk|1\n|-hitcount|p1: Garchomp|3\n|move|p1b: Sneasler|Dire Claw|p2b: Quaquaval\n|-damage|p2b: Quaquaval|0 fnt\n|faint|p2b: Quaquaval\n|\n|-weather|RainDance|[upkeep]\n|upkeep\n|inactive|TheBallistic1 has 30 seconds left.\n|\n|t:|1776487483\n|switch|p1a: Floette|Floette-Eternal, L50, F|100/100\n|switch|p2b: Rotom|Rotom-Wash, L50|100/100\n|switch|p2a: Dragonite|Dragonite, L50, F|100/100\n|turn|3\n|\n|t:|1776487494\n|switch|p1b: Sinistcha|Sinistcha, L50|100/100\n|detailschange|p1a: Floette|Floette-Mega, L50, F\n|-mega|p1a: Floette|Floette|Floettite\n|-ability|p1a: Floette|Fairy Aura\n|detailschange|p2a: Dragonite|Dragonite-Mega, L50, F\n|-mega|p2a: Dragonite|Dragonite|Dragoninite\n|move|p1a: Floette|Dazzling Gleam|p2a: Dragonite|[spread] p2a,p2b\n|-supereffective|p2a: Dragonite|1\n|-damage|p2a: Dragonite|58/100\n|-damage|p2b: Rotom|42/100\n|move|p2a: Dragonite|Hurricane|p1a: Floette\n|-damage|p1a: Floette|48/100\n|move|p2b: Rotom|Hydro Pump|p1a: Floette\n|-crit|p1a: Floette\n|-damage|p1a: Floette|0 fnt\n|faint|p1a: Floette\n|\n|-weather|RainDance|[upkeep]\n|-heal|p2b: Rotom|48/100|[from] item: Leftovers\n|upkeep\n|\n|t:|1776487501\n|switch|p1a: Sneasler|Sneasler, L50, M|100/100 par\n|turn|4\n|\n|t:|1776487518\n|move|p2b: Rotom|Protect|p2b: Rotom\n|-singleturn|p2b: Rotom|Protect\n|move|p1a: Sneasler|Fake Out|p2a: Dragonite\n|-damage|p2a: Dragonite|43/100\n|cant|p2a: Dragonite|flinch\n|move|p1b: Sinistcha|Matcha Gotcha|p2b: Rotom|[spread] p2a\n|-activate|p2b: Rotom|move: Protect\n|-resisted|p2a: Dragonite|2\n|-damage|p2a: Dragonite|38/100\n|-status|p2a: Dragonite|brn\n|\n|-weather|RainDance|[upkeep]\n|-heal|p2b: Rotom|53/100|[from] item: Leftovers\n|-damage|p2a: Dragonite|32/100 brn|[from] brn\n|upkeep\n|turn|5\n|\n|t:|1776487537\n|move|p2a: Dragonite|Hurricane|p1a: Sneasler\n|-supereffective|p1a: Sneasler|1\n|-damage|p1a: Sneasler|0 fnt\n|faint|p1a: Sneasler\n|move|p2b: Rotom|Hydro Pump|p1b: Sinistcha|[miss]\n|-miss|p2b: Rotom|p1b: Sinistcha\n|move|p1b: Sinistcha|Matcha Gotcha|p2b: Rotom|[spread] p2a\n|-miss|p1b: Sinistcha|p2b: Rotom\n|-resisted|p2a: Dragonite|2\n|-damage|p2a: Dragonite|27/100 brn\n|\n|-weather|none\n|-heal|p2b: Rotom|59/100|[from] item: Leftovers\n|-damage|p2a: Dragonite|21/100 brn|[from] brn\n|upkeep\n|turn|6\n|\n|t:|1776487556\n|move|p2a: Dragonite|Hurricane|p1b: Sinistcha\n|-supereffective|p1b: Sinistcha|1\n|-damage|p1b: Sinistcha|0 fnt\n|faint|p1b: Sinistcha\n|\n|win|wheezsumbeez\n|raw|TheBallistic1's rating: 1021 &rarr; <strong>1009</strong><br />(-12 for losing)\n|raw|wheezsumbeez's rating: 1063 &rarr; <strong>1090</strong><br />(+27 for winning)\n",
  "uploadtime": 1776487561,
  "views": 20,
  "formatid": "gen9championsvgc2026regma",
  "rating": 1009,
  "private": 0,
  "password": null
}