{
  "id": "gen9championsvgc2026regma-2581925958",
  "format": "[Gen 9 Champions] VGC 2026 Reg M-A",
  "players": [
    "GaserTheEgyptain",
    "garchomp gaylord"
  ],
  "log": "|j|\u2606GaserTheEgyptain\n|j|\u2606garchomp gaylord\n|t:|1776040347\n|gametype|doubles\n|player|p1|GaserTheEgyptain|rood|1089\n|player|p2|garchomp gaylord|169|1000\n|gen|9\n|tier|[Gen 9 Champions] VGC 2026 Reg M-A\n|rated|\n|rule|Species Clause: Limit one of each Pok\u00e9mon\n|rule|Item Clause: Limit 1 of each item\n|clearpoke\n|poke|p1|Sableye, L50, F|\n|poke|p1|Typhlosion, L50, M|\n|poke|p1|Floette-Eternal, L50, F|\n|poke|p1|Sinistcha, L50|\n|poke|p1|Torkoal, L50, F|\n|poke|p1|Oranguru, L50, M|\n|poke|p2|Scovillain, L50, F|\n|poke|p2|Dragapult, L50, F|\n|poke|p2|Farigiraf, L50, M|\n|poke|p2|Sneasler, L50, F|\n|poke|p2|Incineroar, L50, F|\n|poke|p2|Kingambit, L50, M|\n|teampreview|4\n|inactive|Battle timer is ON: inactive players will automatically lose when time's up. (requested by garchomp gaylord)\ngarchomp gaylord rejected open team sheets.\n|inactive|GaserTheEgyptain has 60 seconds left.\n|l|\u2606garchomp gaylord\n|inactive|garchomp gaylord disconnected and has a minute to reconnect!\n|player|p2|\n|j|\u2606garchomp gaylord\n|inactive|garchomp gaylord reconnected.\n|player|p2|garchomp gaylord|169|\n|inactive|GaserTheEgyptain has 30 seconds left.\n|inactive|GaserTheEgyptain has 20 seconds left.\n|\n|t:|1776040420\n|teamsize|p1|4\n|teamsize|p2|4\n|start\n|switch|p1a: Sableye|Sableye, L50, F|100/100\n|switch|p1b: Typhlosion|Typhlosion, L50, M|100/100\n|switch|p2a: Scovillain|Scovillain, L50, F|100/100\n|switch|p2b: Sneasler|Sneasler, L50, F|100/100\n|turn|1\n|\n|t:|1776040447\n|detailschange|p2a: Scovillain|Scovillain-Mega, L50, F\n|-mega|p2a: Scovillain|Scovillain|Scovillainite\n|move|p1a: Sableye|Helping Hand|p1b: Typhlosion\n|-singleturn|p1b: Typhlosion|Helping Hand|[of] p1a: Sableye\n|move|p2b: Sneasler|Fake Out|p1b: Typhlosion\n|-damage|p1b: Typhlosion|80/100\n|cant|p1b: Typhlosion|flinch\n|move|p2a: Scovillain|Spicy Extract|p2b: Sneasler\n|-boost|p2b: Sneasler|atk|2\n|-unboost|p2b: Sneasler|def|2\n|-enditem|p2b: Sneasler|White Herb\n|-clearnegativeboost|p2b: Sneasler|[silent]\n|\n|upkeep\n|turn|2\n|inactive|garchomp gaylord has 30 seconds left.\n|\n|t:|1776040478\n|move|p2a: Scovillain|Rage Powder|p2a: Scovillain\n|-singleturn|p2a: Scovillain|move: Rage Powder\n|move|p1a: Sableye|Encore|p2a: Scovillain\n|-start|p2a: Scovillain|Encore\n|move|p2b: Sneasler|Dire Claw|p1b: Typhlosion\n|-damage|p1b: Typhlosion|0 fnt\n|faint|p1b: Typhlosion\n|\n|upkeep\n|\n|t:|1776040488\n|switch|p1b: Floette|Floette-Eternal, L50, F|100/100\n|turn|3\n|\n|t:|1776040506\n|detailschange|p1b: Floette|Floette-Mega, L50, F\n|-mega|p1b: Floette|Floette|Floettite\n|-ability|p1b: Floette|Fairy Aura\n|move|p2a: Scovillain|Rage Powder|p2a: Scovillain\n|-singleturn|p2a: Scovillain|move: Rage Powder\n|move|p1a: Sableye|Disable|p2a: Scovillain\n|-start|p2a: Scovillain|Disable|Rage Powder\n|move|p2b: Sneasler|Dire Claw|p1b: Floette\n|-supereffective|p1b: Floette|1\n|-damage|p1b: Floette|0 fnt\n|faint|p1b: Floette\n|\n|upkeep\n|\n|t:|1776040517\n|switch|p1b: Oranguru|Oranguru, L50, M|100/100\n|turn|4\n|\n|t:|1776040533\n|switch|p2a: Incineroar|Incineroar, L50, F|100/100\n|-ability|p2a: Incineroar|Intimidate|boost\n|-unboost|p1a: Sableye|atk|1\n|-unboost|p1b: Oranguru|atk|1\n|move|p1a: Sableye|Disable|p2b: Sneasler\n|-start|p2b: Sneasler|Disable|Dire Claw\n|cant|p2b: Sneasler|Disable|Dire Claw\n|move|p1b: Oranguru|Encore||[still]\n|-fail|p1b: Oranguru\n|\n|upkeep\n|turn|5\n|inactive|GaserTheEgyptain has 30 seconds left.\n|\n|t:|1776040559\n|move|p2a: Incineroar|Fake Out|p1b: Oranguru\n|-damage|p1b: Oranguru|93/100\n|move|p1a: Sableye|Quash|p2b: Sneasler\n|-activate|p2b: Sneasler|move: Quash\n|cant|p1b: Oranguru|flinch\n|move|p2b: Sneasler|Acrobatics|p1a: Sableye\n|-damage|p1a: Sableye|16/100\n|-enditem|p1a: Sableye|Sitrus Berry|[eat]\n|-heal|p1a: Sableye|41/100|[from] item: Sitrus Berry\n|-activate|p1b: Oranguru|ability: Symbiosis|Bright Powder|[of] p1a: Sableye\n|\n|upkeep\n|turn|6\n|\n|t:|1776040584\n|switch|p2b: Scovillain|Scovillain-Mega, L50, F|100/100\n|move|p1a: Sableye|Quash|p2a: Incineroar\n|-hint|Since gen 7, Dark is immune to Prankster moves.\n|-immune|p2a: Incineroar\n|move|p2a: Incineroar|Flare Blitz|p1a: Sableye\n|-damage|p1a: Sableye|0 fnt\n|faint|p1a: Sableye\n|-damage|p2a: Incineroar|90/100|[from] Recoil\n|move|p1b: Oranguru|Reflect|p1b: Oranguru\n|-sidestart|p1: GaserTheEgyptain|Reflect\n|\n|upkeep\n|turn|7\n|inactive|garchomp gaylord has 30 seconds left.\n|\n|t:|1776040609\n|move|p2a: Incineroar|Parting Shot|p1b: Oranguru\n|-unboost|p1b: Oranguru|atk|1\n|-unboost|p1b: Oranguru|spa|1\n|\n|t:|1776040614\n|switch|p2a: Dragapult|Dragapult, L50, F|100/100|[from] Parting Shot\n|move|p2b: Scovillain|Spicy Extract|p1b: Oranguru\n|-boost|p1b: Oranguru|atk|2\n|-unboost|p1b: Oranguru|def|2\n|move|p1b: Oranguru|Encore|p2b: Scovillain\n|-start|p2b: Scovillain|Encore\n|\n|upkeep\n|turn|8\n|\n|t:|1776040633\n|switch|p2b: Incineroar|Incineroar, L50, F|90/100\n|-ability|p2b: Incineroar|Intimidate|boost\n|-unboost|p1b: Oranguru|atk|1\n|move|p2a: Dragapult|Dragon Darts|p1b: Oranguru\n|-damage|p1b: Oranguru|70/100\n|-anim|p2a: Dragapult|Dragon Darts|p1b: Oranguru\n|-damage|p1b: Oranguru|46/100\n|move|p1b: Oranguru|Instruct|p2a: Dragapult\n|-singleturn|p2a: Dragapult|move: Instruct|[of] p1b: Oranguru\n|move|p2a: Dragapult|Dragon Darts|p1b: Oranguru\n|-damage|p1b: Oranguru|22/100\n|-anim|p2a: Dragapult|Dragon Darts|p1b: Oranguru\n|-damage|p1b: Oranguru|0 fnt\n|faint|p1b: Oranguru\n|\n|win|garchomp gaylord\n|raw|GaserTheEgyptain's rating: 1089 &rarr; <strong>1060</strong><br />(-29 for losing)\n|raw|garchomp gaylord's rating: 1000 &rarr; <strong>1050</strong><br />(+50 for winning)\n",
  "uploadtime": 1776040644,
  "views": 23,
  "formatid": "gen9championsvgc2026regma",
  "rating": 1050,
  "private": 0,
  "password": null
}