{
  "id": "gen9championsvgc2026regma-2583293243",
  "format": "[Gen 9 Champions] VGC 2026 Reg M-A",
  "players": [
    "KuroiRyu1122",
    "Totalito"
  ],
  "log": "|j|\u2606KuroiRyu1122\n|j|\u2606Totalito\n|t:|1776163969\n|gametype|doubles\n|player|p1|KuroiRyu1122|169|1123\n|player|p2|Totalito|169|1085\n|gen|9\n|tier|[Gen 9 Champions] VGC 2026 Reg M-A\n|rated|\n|rule|Species Clause: Limit one of each Pok\u00e9mon\n|rule|Item Clause: Limit 1 of each item\n|clearpoke\n|poke|p1|Gengar, L50, M|\n|poke|p1|Incineroar, L50, M|\n|poke|p1|Aerodactyl, L50, F|\n|poke|p1|Sinistcha, L50|\n|poke|p1|Garchomp, L50, M|\n|poke|p1|Sneasler, L50, M|\n|poke|p2|Charizard, L50, F|\n|poke|p2|Basculegion, L50, M|\n|poke|p2|Incineroar, L50, M|\n|poke|p2|Venusaur, L50, M|\n|poke|p2|Sneasler, L50, M|\n|poke|p2|Garchomp, L50, M|\n|teampreview|4\n|inactive|Battle timer is ON: inactive players will automatically lose when time's up. (requested by KuroiRyu1122)\n|inactive|Totalito has 60 seconds left.\n|\n|t:|1776164019\n|teamsize|p1|4\n|teamsize|p2|4\n|start\n|switch|p1a: Incineroar|Incineroar, L50, M, shiny|100/100\n|switch|p1b: Garchomp|Garchomp, L50, M, shiny|100/100\n|switch|p2a: Charizard|Charizard, L50, F, shiny|100/100\n|switch|p2b: Sneasler|Sneasler, L50, M, shiny|100/100\n|-ability|p1a: Incineroar|Intimidate|boost\n|-unboost|p2a: Charizard|atk|1\n|-unboost|p2b: Sneasler|atk|1\n|-enditem|p2b: Sneasler|White Herb\n|-clearnegativeboost|p2b: Sneasler|[silent]\n|turn|1\n|inactive|KuroiRyu1122 has 30 seconds left.\n|\n|t:|1776164048\n|switch|p1a: Aerodactyl|Aerodactyl, L50, F, shiny|100/100\n|-ability|p1a: Aerodactyl|Unnerve\n|detailschange|p2a: Charizard|Charizard-Mega-Y, L50, F, shiny\n|-mega|p2a: Charizard|Charizard|Charizardite Y\n|-weather|SunnyDay|[from] ability: Drought|[of] p2a: Charizard\n|move|p2a: Charizard|Protect|p2a: Charizard\n|-singleturn|p2a: Charizard|Protect\n|move|p2b: Sneasler|Fake Out|p1a: Aerodactyl\n|-resisted|p1a: Aerodactyl|1\n|-crit|p1a: Aerodactyl\n|-damage|p1a: Aerodactyl|83/100\n|move|p1b: Garchomp|Rock Slide|p2a: Charizard|[spread] p2b\n|-activate|p2a: Charizard|move: Protect\n|-resisted|p2b: Sneasler|1\n|-damage|p2b: Sneasler|84/100\n|\n|-weather|SunnyDay|[upkeep]\n|upkeep\n|turn|2\n|inactive|Totalito has 30 seconds left.\n|inactive|KuroiRyu1122 has 30 seconds left.\n|inactive|Totalito has 20 seconds left.\n|inactive|Totalito has 15 seconds left.\n|\n|t:|1776164091\n|switch|p2a: Garchomp|Garchomp, L50, M, shiny|100/100\n|move|p2b: Sneasler|Close Combat|p1a: Aerodactyl\n|-damage|p1a: Aerodactyl|0 fnt\n|-unboost|p2b: Sneasler|def|1\n|-unboost|p2b: Sneasler|spd|1\n|faint|p1a: Aerodactyl\n|move|p1b: Garchomp|Rock Slide|p2a: Garchomp|[spread] p2b\n|-miss|p1b: Garchomp|p2a: Garchomp\n|-resisted|p2b: Sneasler|1\n|-damage|p2b: Sneasler|58/100\n|\n|-weather|SunnyDay|[upkeep]\n|upkeep\n|\n|t:|1776164097\n|switch|p1a: Gengar|Gengar, L50, M, shiny|100/100\n|turn|3\n|\n|t:|1776164114\n|switch|p2b: Charizard|Charizard-Mega-Y, L50, F, shiny|100/100\n|detailschange|p1a: Gengar|Gengar-Mega, L50, M, shiny\n|-mega|p1a: Gengar|Gengar|Gengarite\n|move|p1b: Garchomp|Rock Slide|p2b: Charizard|[spread] p2a,p2b\n|-resisted|p2a: Garchomp|1\n|-supereffective|p2b: Charizard|2\n|-damage|p2a: Garchomp|90/100\n|-damage|p2b: Charizard|5/100\n|move|p1a: Gengar|Shadow Ball|p2a: Garchomp\n|-damage|p2a: Garchomp|45/100\n|cant|p2a: Garchomp|flinch\n|\n|-weather|SunnyDay|[upkeep]\n|upkeep\n|turn|4\n|inactive|Totalito has 30 seconds left.\n|inactive|Totalito has 20 seconds left.\n|inactive|Totalito has 15 seconds left.\n|inactive|Totalito has 10 seconds left.\n|\n|t:|1776164161\n|move|p1b: Garchomp|Rock Slide|p2b: Charizard|[spread] p2a,p2b\n|-resisted|p2a: Garchomp|1\n|-supereffective|p2b: Charizard|2\n|-damage|p2a: Garchomp|35/100\n|-damage|p2b: Charizard|0 fnt\n|faint|p2b: Charizard\n|move|p1a: Gengar|Shadow Ball|p2a: Garchomp\n|-damage|p2a: Garchomp|0 fnt\n|faint|p2a: Garchomp\n|\n|-weather|SunnyDay|[upkeep]\n|upkeep\n|\n|t:|1776164170\n|switch|p2a: Basculegion|Basculegion, L50, M, shiny|100/100\n|switch|p2b: Sneasler|Sneasler, L50, M, shiny|58/100\n|turn|5\n|inactive|KuroiRyu1122 has 30 seconds left.\n|inactive|KuroiRyu1122 has 20 seconds left.\n|\n|t:|1776164207\n|switch|p1b: Incineroar|Incineroar, L50, M, shiny|100/100\n|-ability|p1b: Incineroar|Intimidate|boost\n|-unboost|p2a: Basculegion|atk|1\n|-unboost|p2b: Sneasler|atk|1\n|move|p1a: Gengar|Protect|p1a: Gengar\n|-singleturn|p1a: Gengar|Protect\n|move|p2b: Sneasler|Fake Out|p1b: Incineroar\n|-damage|p1b: Incineroar|91/100\n|move|p2a: Basculegion|Last Respects|p1a: Gengar\n|-activate|p1a: Gengar|move: Protect\n|\n|-weather|none\n|upkeep\n|turn|6\n|l|\u2606Totalito\n|inactive|Totalito disconnected and has a minute to reconnect!\n|player|p2|\n|j|\u2606Totalito\n|inactive|Totalito reconnected and has 35 seconds left.\n|player|p2|Totalito|169|\n|inactive|KuroiRyu1122 has 30 seconds left.\n|inactive|Totalito has 30 seconds left.\n|\n|t:|1776164242\n|switch|p1a: Garchomp|Garchomp, L50, M, shiny|100/100\n|move|p2a: Basculegion|Last Respects|p1a: Garchomp\n|-damage|p1a: Garchomp|35/100\n|move|p2b: Sneasler|Close Combat|p1b: Incineroar\n|-supereffective|p1b: Incineroar|1\n|-damage|p1b: Incineroar|11/100\n|-unboost|p2b: Sneasler|def|1\n|-unboost|p2b: Sneasler|spd|1\n|move|p1b: Incineroar|Darkest Lariat|p2a: Basculegion\n|-supereffective|p2a: Basculegion|1\n|-damage|p2a: Basculegion|8/100\n|\n|upkeep\n|turn|7\n|\n|t:|1776164263\n|move|p1a: Garchomp|Earthquake|p2b: Sneasler|[spread] p1b,p2a,p2b\n|-supereffective|p1b: Incineroar|1\n|-enditem|p1b: Incineroar|Shuca Berry|[eat]\n|-enditem|p1b: Incineroar|Shuca Berry|[weaken]\n|-supereffective|p2b: Sneasler|1\n|-damage|p1b: Incineroar|0 fnt\n|-damage|p2a: Basculegion|0 fnt\n|-damage|p2b: Sneasler|0 fnt\n|faint|p1b: Incineroar\n|faint|p2a: Basculegion\n|faint|p2b: Sneasler\n|\n|win|KuroiRyu1122\n|raw|KuroiRyu1122's rating: 1123 &rarr; <strong>1145</strong><br />(+22 for winning)\n|raw|Totalito's rating: 1085 &rarr; <strong>1065</strong><br />(-20 for losing)\n|c|\u2606KuroiRyu1122|ggwp\n|l|\u2606Totalito\n|player|p2|\n",
  "uploadtime": 1776164275,
  "views": 27,
  "formatid": "gen9championsvgc2026regma",
  "rating": 1065,
  "private": 0,
  "password": null
}