{
  "id": "gen9championsvgc2026regma-2586421128",
  "format": "[Gen 9 Champions] VGC 2026 Reg M-A",
  "players": [
    "Ian the blue fish",
    "skymin<3"
  ],
  "log": "|j|\u2606Ian the blue fish\n|j|\u2606skymin<3\n|t:|1776433496\n|gametype|doubles\n|player|p1|Ian the blue fish|janitor|1502\n|player|p2|skymin<3|#skymin3|1648\n|gen|9\n|tier|[Gen 9 Champions] VGC 2026 Reg M-A\n|rated|\n|rule|Species Clause: Limit one of each Pok\u00e9mon\n|rule|Item Clause: Limit 1 of each item\n|clearpoke\n|poke|p1|Typhlosion-Hisui, L50, F|\n|poke|p1|Torkoal, L50, M|\n|poke|p1|Farigiraf, L50, F|\n|poke|p1|Floette-Eternal, L50, F|\n|poke|p1|Venusaur, L50, M|\n|poke|p1|Kommo-o, L50, F|\n|poke|p2|Delphox, L50, F|\n|poke|p2|Aegislash, L50, F|\n|poke|p2|Aerodactyl, L50, F|\n|poke|p2|Meowscarada, L50, M|\n|poke|p2|Primarina, L50, F|\n|poke|p2|Garchomp, L50, F|\n|teampreview|4\n|c|\u2606Ian the blue fish|Glhf\n|j| gomatyan\n|\n|t:|1776433553\n|teamsize|p1|4\n|teamsize|p2|4\n|start\n|switch|p1a: Typhlosion|Typhlosion-Hisui, L50, F, shiny|100/100\n|switch|p1b: Floette|Floette-Eternal, L50, F|100/100\n|switch|p2a: Eclipsa|Delphox, L50, F, shiny|100/100\n|switch|p2b: Diablos|Garchomp, L50, F, shiny|100/100\n|turn|1\n|\n|t:|1776433580\n|detailschange|p2a: Eclipsa|Delphox-Mega, L50, F, shiny\n|-mega|p2a: Eclipsa|Delphox|Delphoxite\n|detailschange|p1b: Floette|Floette-Mega, L50, F\n|-mega|p1b: Floette|Floette|Floettite\n|-ability|p1b: Floette|Fairy Aura\n|move|p2a: Eclipsa|Protect|p2a: Eclipsa\n|-singleturn|p2a: Eclipsa|Protect\n|move|p1a: Typhlosion|Shadow Ball|p2a: Eclipsa\n|-activate|p2a: Eclipsa|move: Protect\n|move|p1b: Floette|Dazzling Gleam|p2b: Diablos|[spread] p2b\n|-activate|p2a: Eclipsa|move: Protect\n|-supereffective|p2b: Diablos|1\n|-enditem|p2b: Diablos|Focus Sash\n|-damage|p2b: Diablos|1/100\n|move|p2b: Diablos|Earthquake|p1b: Floette|[spread] p1a,p1b\n|-activate|p2a: Eclipsa|move: Protect\n|-supereffective|p1a: Typhlosion|1\n|-damage|p1a: Typhlosion|0 fnt\n|-damage|p1b: Floette|47/100\n|faint|p1a: Typhlosion\n|\n|upkeep\n|\n|t:|1776433608\n|switch|p1a: Kommo-o|Kommo-o, L50, F|100/100\n|turn|2\n|\n|t:|1776433622\n|move|p1b: Floette|Protect|p1b: Floette\n|-singleturn|p1b: Floette|Protect\n|move|p2a: Eclipsa|Psychic|p1b: Floette\n|-activate|p1b: Floette|move: Protect\n|move|p2b: Diablos|Dragon Claw|p1a: Kommo-o\n|-supereffective|p1a: Kommo-o|1\n|-damage|p1a: Kommo-o|40/100\n|move|p1a: Kommo-o|Iron Defense|p1a: Kommo-o\n|-boost|p1a: Kommo-o|def|2\n|\n|-heal|p1a: Kommo-o|46/100|[from] item: Leftovers\n|upkeep\n|turn|3\n|c|\u2606skymin<3|ok then\n|\n|t:|1776433639\n|move|p2a: Eclipsa|Psychic|p1b: Floette\n|-damage|p1b: Floette|2/100\n|move|p1b: Floette|Dazzling Gleam|p2a: Eclipsa|[spread] p2a,p2b\n|-resisted|p2a: Eclipsa|1\n|-supereffective|p2b: Diablos|1\n|-damage|p2a: Eclipsa|77/100\n|-damage|p2b: Diablos|0 fnt\n|faint|p2b: Diablos\n|move|p1a: Kommo-o|Body Press|p2a: Eclipsa\n|-resisted|p2a: Eclipsa|1\n|-damage|p2a: Eclipsa|12/100\n|\n|-heal|p1a: Kommo-o|52/100|[from] item: Leftovers\n|upkeep\n|c|\u2606skymin<3|o\n|c|\u2606skymin<3|ow\n|\n|t:|1776433653\n|switch|p2b: Malos|Aegislash, L50, F|100/100\n|turn|4\n|\n|t:|1776433685\n|move|p1a: Kommo-o|Protect|p1a: Kommo-o\n|-singleturn|p1a: Kommo-o|Protect\n|-formechange|p2b: Malos|Aegislash-Blade|\n|move|p2b: Malos|Shadow Sneak|p1b: Floette\n|-damage|p1b: Floette|0 fnt\n|faint|p1b: Floette\n|move|p2a: Eclipsa|Psychic|p1a: Kommo-o\n|-activate|p1a: Kommo-o|move: Protect\n|\n|-heal|p1a: Kommo-o|58/100|[from] item: Leftovers\n|upkeep\n|\n|t:|1776433696\n|switch|p1b: Venusaur|Venusaur, L50, M|100/100\n|turn|5\n|\n|t:|1776433708\n|move|p1a: Kommo-o|Protect||[still]\n|-fail|p1a: Kommo-o\n|move|p2a: Eclipsa|Psychic|p1a: Kommo-o\n|-supereffective|p1a: Kommo-o|1\n|-damage|p1a: Kommo-o|0 fnt\n|faint|p1a: Kommo-o\n|move|p1b: Venusaur|Sludge Bomb|p2a: Eclipsa\n|-damage|p2a: Eclipsa|0 fnt\n|faint|p2a: Eclipsa\n|move|p2b: Malos|Poltergeist|p1b: Venusaur\n|-activate|p1b: Venusaur|move: Poltergeist|Focus Sash\n|-damage|p1b: Venusaur|18/100\n|\n|upkeep\n|\n|t:|1776433710\n|switch|p2a: Yunhae|Primarina, L50, F, shiny|100/100\n|turn|6\n|\n|t:|1776433714\n|move|p2b: Malos|Shadow Sneak|p1b: Venusaur\n|-damage|p1b: Venusaur|0 fnt\n|faint|p1b: Venusaur\n|\n|win|skymin<3\n|raw|Ian the blue fish's rating: 1502 &rarr; <strong>1490</strong><br />(-12 for losing)\n|raw|skymin&lt;3's rating: 1648 &rarr; <strong>1660</strong><br />(+12 for winning)\n|c|\u2606skymin<3|gg\n|c|\u2606Ian the blue fish|Gg\n|l|\u2606skymin<3\n|player|p2|\n|l|\u2606Ian the blue fish\n|player|p1|\n|j|\u2606skymin<3\n|player|p2|skymin<3|#skymin3|\n",
  "uploadtime": 1776433724,
  "views": 53,
  "formatid": "gen9championsvgc2026regma",
  "rating": 1490,
  "private": 0,
  "password": null
}