{
  "id": "gen9championsvgc2026regma-2584903579",
  "format": "[Gen 9 Champions] VGC 2026 Reg M-A",
  "players": [
    "Purplkat",
    "Mistah Boombastic"
  ],
  "log": "|j|\u2606Purplkat\n|j|\u2606Mistah Boombastic\n|t:|1776293091\n|gametype|doubles\n|player|p1|Purplkat|101|1099\n|player|p2|Mistah Boombastic|lusamine-nihilego|1050\n|gen|9\n|tier|[Gen 9 Champions] VGC 2026 Reg M-A\n|rated|\n|rule|Species Clause: Limit one of each Pok\u00e9mon\n|rule|Item Clause: Limit 1 of each item\n|clearpoke\n|poke|p1|Dragonite, L50, M|\n|poke|p1|Mudsdale, L50, M|\n|poke|p1|Pelipper, L50, F|\n|poke|p1|Scizor, L50, M|\n|poke|p1|Whimsicott, L50, M|\n|poke|p1|Rotom-Wash, L50|\n|poke|p2|Scovillain, L50, F|\n|poke|p2|Sinistcha-Masterpiece, L50|\n|poke|p2|Tauros-Paldea-Aqua, L50, M|\n|poke|p2|Kangaskhan, L50, F|\n|poke|p2|Incineroar, L50, M|\n|poke|p2|Typhlosion-Hisui, L50, F|\n|teampreview|4\n|inactive|Battle timer is ON: inactive players will automatically lose when time's up. (requested by Mistah Boombastic)\n|inactive|Purplkat has 60 seconds left.\n|\n|t:|1776293123\n|teamsize|p1|4\n|teamsize|p2|4\n|start\n|switch|p1a: Mudsdale|Mudsdale, L50, M|100/100\n|switch|p1b: Whimsicott|Whimsicott, L50, M|100/100\n|switch|p2a: Incineroar|Incineroar, L50, M|100/100\n|switch|p2b: Typhlosion|Typhlosion-Hisui, L50, F|100/100\n|-item|p1a: Mudsdale|Soft Sand|[from] ability: Frisk|[of] p2b: Typhlosion\n|-item|p1b: Whimsicott|Focus Sash|[from] ability: Frisk|[of] p2b: Typhlosion\n|-ability|p2a: Incineroar|Intimidate|boost\n|-fail|p1a: Mudsdale|unboost|Attack|[from] ability: Inner Focus|[of] p1a: Mudsdale\n|-unboost|p1b: Whimsicott|atk|1\n|turn|1\n|\n|t:|1776293140\n|switch|p1b: Pelipper|Pelipper, L50, F|100/100\n|-weather|RainDance|[from] ability: Drizzle|[of] p1b: Pelipper\n|move|p2a: Incineroar|Fake Out|p1b: Pelipper\n|-damage|p1b: Pelipper|91/100\n|move|p2b: Typhlosion|Eruption|p1b: Pelipper|[spread] p1a,p1b\n|-resisted|p1b: Pelipper|1\n|-damage|p1a: Mudsdale|76/100\n|-damage|p1b: Pelipper|76/100\n|move|p1a: Mudsdale|Earthquake|p2b: Typhlosion|[spread] p2a,p2b\n|-immune|p1b: Pelipper\n|-supereffective|p2a: Incineroar|1\n|-supereffective|p2b: Typhlosion|1\n|-damage|p2a: Incineroar|16/100\n|-damage|p2b: Typhlosion|0 fnt\n|faint|p2b: Typhlosion\n|\n|-weather|RainDance|[upkeep]\n|-heal|p2a: Incineroar|22/100|[from] item: Leftovers\n|upkeep\n|\n|t:|1776293150\n|switch|p2b: Tauros|Tauros-Paldea-Aqua, L50, M|100/100\n|-ability|p2b: Tauros|Intimidate|boost\n|-fail|p1a: Mudsdale|unboost|Attack|[from] ability: Inner Focus|[of] p1a: Mudsdale\n|-unboost|p1b: Pelipper|atk|1\n|turn|2\n|\n|t:|1776293170\n|move|p1a: Mudsdale|Protect|p1a: Mudsdale\n|-singleturn|p1a: Mudsdale|Protect\n|move|p2b: Tauros|Rock Slide|p1b: Pelipper|[spread] p1b\n|-activate|p1a: Mudsdale|move: Protect\n|-supereffective|p1b: Pelipper|1\n|-damage|p1b: Pelipper|42/100\n|move|p1b: Pelipper|Tailwind|p1b: Pelipper\n|-sidestart|p1: Purplkat|move: Tailwind\n|move|p2a: Incineroar|Parting Shot|p1b: Pelipper\n|-unboost|p1b: Pelipper|atk|1\n|-unboost|p1b: Pelipper|spa|1\n|\n|t:|1776293178\n|switch|p2a: Kangaskhan|Kangaskhan, L50, F|100/100|[from] Parting Shot\n|\n|-weather|RainDance|[upkeep]\n|upkeep\n|turn|3\n|inactive|Purplkat has 30 seconds left.\n|\n|t:|1776293204\n|switch|p1a: Whimsicott|Whimsicott, L50, M|100/100\n|detailschange|p2a: Kangaskhan|Kangaskhan-Mega, L50, F\n|-mega|p2a: Kangaskhan|Kangaskhan|Kangaskhanite\n|move|p2a: Kangaskhan|Fake Out|p1b: Pelipper\n|-crit|p1b: Pelipper\n|-damage|p1b: Pelipper|17/100\n|-damage|p1b: Pelipper|14/100\n|-hitcount|p1b: Pelipper|2\n|cant|p1b: Pelipper|flinch\n|move|p2b: Tauros|Wave Crash|p1a: Whimsicott\n|-resisted|p1a: Whimsicott|1\n|-damage|p1a: Whimsicott|21/100\n|-damage|p2b: Tauros|77/100|[from] Recoil\n|\n|-weather|RainDance|[upkeep]\n|upkeep\n|turn|4\n|\n|t:|1776293227\n|switch|p1b: Mudsdale|Mudsdale, L50, M|76/100\n|switch|p2b: Incineroar|Incineroar, L50, M|22/100\n|-ability|p2b: Incineroar|Intimidate|boost\n|-unboost|p1a: Whimsicott|atk|1\n|-fail|p1b: Mudsdale|unboost|Attack|[from] ability: Inner Focus|[of] p1b: Mudsdale\n|move|p1a: Whimsicott|Encore|p2a: Kangaskhan\n|-start|p2a: Kangaskhan|Encore\n|move|p2a: Kangaskhan|Fake Out||[still]\n|-hint|Fake Out only works on your first turn out.\n|-fail|p2a: Kangaskhan\n|\n|-weather|RainDance|[upkeep]\n|-heal|p2b: Incineroar|28/100|[from] item: Leftovers\n|upkeep\n|turn|5\n|inactive|Purplkat has 30 seconds left.\n|\n|t:|1776293253\n|switch|p2a: Tauros|Tauros-Paldea-Aqua, L50, M|77/100\n|-ability|p2a: Tauros|Intimidate|boost\n|-unboost|p1a: Whimsicott|atk|1\n|-fail|p1b: Mudsdale|unboost|Attack|[from] ability: Inner Focus|[of] p1b: Mudsdale\n|move|p2b: Incineroar|Fake Out|p1a: Whimsicott\n|-damage|p1a: Whimsicott|6/100\n|cant|p1a: Whimsicott|flinch\n|move|p1b: Mudsdale|Earthquake|p2b: Incineroar|[spread] p1a,p2a,p2b\n|-resisted|p1a: Whimsicott|1\n|-supereffective|p2b: Incineroar|1\n|-damage|p1a: Whimsicott|0 fnt\n|-damage|p2a: Tauros|17/100\n|-damage|p2b: Incineroar|0 fnt\n|faint|p1a: Whimsicott\n|faint|p2b: Incineroar\n|\n|-weather|none\n|-sideend|p1: Purplkat|move: Tailwind\n|upkeep\n|\n|t:|1776293269\n|switch|p1a: Pelipper|Pelipper, L50, F|14/100\n|switch|p2b: Kangaskhan|Kangaskhan-Mega, L50, F|100/100\n|-weather|RainDance|[from] ability: Drizzle|[of] p1a: Pelipper\n|turn|6\n|\n|t:|1776293277\n|move|p1a: Pelipper|Protect|p1a: Pelipper\n|-singleturn|p1a: Pelipper|Protect\n|move|p2b: Kangaskhan|Fake Out|p1a: Pelipper\n|-activate|p1a: Pelipper|move: Protect\n|move|p2a: Tauros|Wave Crash|p1b: Mudsdale\n|-supereffective|p1b: Mudsdale|1\n|-damage|p1b: Mudsdale|0 fnt\n|faint|p1b: Mudsdale\n|-damage|p2a: Tauros|0 fnt|[from] Recoil\n|faint|p2a: Tauros\n|\n|-weather|RainDance|[upkeep]\n|upkeep\n|\n|t:|1776293285\n|switch|p1b: Dragonite|Dragonite, L50, M|100/100\n|turn|7\n|\n|t:|1776293298\n|detailschange|p1b: Dragonite|Dragonite-Mega, L50, M\n|-mega|p1b: Dragonite|Dragonite|Dragoninite\n|move|p2b: Kangaskhan|Rock Slide|p1b: Dragonite|[spread] p1a,p1b\n|-supereffective|p1a: Pelipper|1\n|-supereffective|p1b: Dragonite|1\n|-damage|p1a: Pelipper|0 fnt\n|-damage|p1b: Dragonite|83/100\n|faint|p1a: Pelipper\n|cant|p1b: Dragonite|flinch\n|\n|-weather|RainDance|[upkeep]\n|upkeep\n|turn|8\n|\n|t:|1776293311\n|move|p2b: Kangaskhan|Body Slam|p1b: Dragonite\n|-damage|p1b: Dragonite|39/100\n|-status|p1b: Dragonite|par\n|-damage|p1b: Dragonite|29/100 par\n|-hitcount|p1b: Dragonite|2\n|move|p1b: Dragonite|Hurricane|p2b: Kangaskhan\n|-damage|p2b: Kangaskhan|38/100\n|-start|p2b: Kangaskhan|confusion\n|\n|-weather|RainDance|[upkeep]\n|upkeep\n|turn|9\n|inactive|Purplkat has 30 seconds left.\n|\n|t:|1776293339\n|-activate|p2b: Kangaskhan|confusion\n|move|p2b: Kangaskhan|Body Slam|p1b: Dragonite\n|-damage|p1b: Dragonite|0 fnt\n|faint|p1b: Dragonite\n|-hitcount|p1: Dragonite|1\n|\n|win|Mistah Boombastic\n|raw|Purplkat's rating: 1099 &rarr; <strong>1071</strong><br />(-28 for losing)\n|raw|Mistah Boombastic's rating: 1050 &rarr; <strong>1087</strong><br />(+37 for winning)\n",
  "uploadtime": 1776293343,
  "views": 18,
  "formatid": "gen9championsvgc2026regma",
  "rating": 1071,
  "private": 0,
  "password": null
}