{
  "id": "gen9championsvgc2026regma-2589403760",
  "format": "[Gen 9 Champions] VGC 2026 Reg M-A",
  "players": [
    "asuratvt",
    "LValt"
  ],
  "log": "|j|\u2606asuratvt\n|j|\u2606LValt\n|t:|1776720151\n|gametype|doubles\n|player|p1|asuratvt|maid|1234\n|player|p2|LValt|backpacker|1287\n|gen|9\n|tier|[Gen 9 Champions] VGC 2026 Reg M-A\n|rated|\n|rule|Species Clause: Limit one of each Pok\u00e9mon\n|rule|Item Clause: Limit 1 of each item\n|clearpoke\n|poke|p1|Aegislash, L50, F|\n|poke|p1|Farigiraf, L50, F|\n|poke|p1|Sneasler, L50, F|\n|poke|p1|Hydreigon, L50, M|\n|poke|p1|Lucario, L50, M|\n|poke|p1|Rotom-Wash, L50|\n|poke|p2|Blastoise, L50, M|\n|poke|p2|Talonflame, L50, F|\n|poke|p2|Sinistcha, L50|\n|poke|p2|Sneasler, L50, F|\n|poke|p2|Kingambit, L50, M|\n|poke|p2|Incineroar, L50, M|\n|teampreview|4\n|inactive|Battle timer is ON: inactive players will automatically lose when time's up. (requested by LValt)\n|inactive|asuratvt also wants the timer to be on.\n|inactive|asuratvt has 60 seconds left.\n|\n|t:|1776720193\n|teamsize|p1|4\n|teamsize|p2|4\n|start\n|switch|p1a: Farigiraf|Farigiraf, L50, F|100/100\n|switch|p1b: Rotom|Rotom-Wash, L50|100/100\n|switch|p2a: Blastoise|Blastoise, L50, M|100/100\n|switch|p2b: Sinistcha|Sinistcha, L50|100/100\n|turn|1\n|inactive|asuratvt has 30 seconds left.\n|inactive|asuratvt has 20 seconds left.\n|-activate|p1a: Farigiraf|item: Quick Claw\n|\n|t:|1776720233\n|detailschange|p2a: Blastoise|Blastoise-Mega, L50, M\n|-mega|p2a: Blastoise|Blastoise|Blastoisinite\n|move|p2b: Sinistcha|Rage Powder|p2b: Sinistcha\n|-singleturn|p2b: Sinistcha|move: Rage Powder\n|move|p1a: Farigiraf|Dazzling Gleam|p2a: Blastoise|[spread] p2a,p2b\n|-damage|p2a: Blastoise|78/100\n|-damage|p2b: Sinistcha|82/100\n|move|p2a: Blastoise|Dark Pulse|p1a: Farigiraf\n|-supereffective|p1a: Farigiraf|1\n|-damage|p1a: Farigiraf|0 fnt\n|faint|p1a: Farigiraf\n|move|p1b: Rotom|Electroweb|p2b: Sinistcha|[spread] p2a,p2b\n|-supereffective|p2a: Blastoise|1\n|-resisted|p2b: Sinistcha|1\n|-damage|p2a: Blastoise|50/100\n|-damage|p2b: Sinistcha|75/100\n|-unboost|p2a: Blastoise|spe|1\n|-unboost|p2b: Sinistcha|spe|1\n|\n|upkeep\n|\n|t:|1776720253\n|switch|p1a: Sneasler|Sneasler, L50, F|100/100\n|turn|2\n|inactive|LValt has 30 seconds left.\n|\n|t:|1776720285\n|switch|p2a: Kingambit|Kingambit, L50, M|100/100\n|move|p1a: Sneasler|Dire Claw|p2a: Kingambit\n|-immune|p2a: Kingambit\n|move|p1b: Rotom|Electroweb|p2b: Sinistcha|[spread] p2b\n|-miss|p1b: Rotom|p2a: Kingambit\n|-resisted|p2b: Sinistcha|1\n|-damage|p2b: Sinistcha|69/100\n|-unboost|p2b: Sinistcha|spe|1\n|move|p2b: Sinistcha|Trick Room|p2b: Sinistcha\n|-fieldstart|move: Trick Room|[of] p2b: Sinistcha\n|\n|upkeep\n|turn|3\n|inactive|asuratvt has 30 seconds left.\n|\n|t:|1776720310\n|move|p2b: Sinistcha|Rage Powder|p2b: Sinistcha\n|-singleturn|p2b: Sinistcha|move: Rage Powder\n|move|p2a: Kingambit|Iron Head|p1a: Sneasler\n|-damage|p1a: Sneasler|16/100\n|move|p1b: Rotom|Will-O-Wisp|p2b: Sinistcha|[miss]\n|-miss|p1b: Rotom|p2b: Sinistcha\n|cant|p1a: Sneasler|flinch\n|\n|upkeep\n|turn|4\n|inactive|asuratvt has 30 seconds left.\n|inactive|asuratvt has 20 seconds left.\n|inactive|asuratvt has 15 seconds left.\n|inactive|asuratvt has 10 seconds left.\n|inactive|asuratvt has 5 seconds left.\n|\n|t:|1776720365\n|move|p2b: Sinistcha|Matcha Gotcha|p1a: Sneasler|[spread] p1a\n|-miss|p2b: Sinistcha|p1b: Rotom\n|-resisted|p1a: Sneasler|1\n|-damage|p1a: Sneasler|0 fnt\n|-heal|p2b: Sinistcha|76/100|[from] drain|[of] p1a: Sneasler\n|faint|p1a: Sneasler\n|move|p2a: Kingambit|Kowtow Cleave|p1b: Rotom\n|-damage|p1b: Rotom|58/100\n|move|p1b: Rotom|Hydro Pump|p2b: Sinistcha\n|-resisted|p2b: Sinistcha|1\n|-damage|p2b: Sinistcha|56/100\n|\n|upkeep\n|inactive|asuratvt has 30 seconds left.\n|inactive|asuratvt has 20 seconds left.\n|inactive|asuratvt has 15 seconds left.\n|inactive|asuratvt has 10 seconds left.\n|inactive|asuratvt has 5 seconds left.\n|\n|t:|1776720420\n|switch|p1a: Lucario|Lucario, L50, M|100/100\n|turn|5\n|inactive|asuratvt has 30 seconds left.\n|inactive|asuratvt has 20 seconds left.\n|inactive|asuratvt has 15 seconds left.\n|inactive|asuratvt has 10 seconds left.\n|inactive|asuratvt has 5 seconds left.\n|\n|t:|1776720475\n|move|p2b: Sinistcha|Matcha Gotcha|p1a: Lucario|[spread] p1a,p1b\n|-resisted|p1a: Lucario|1\n|-supereffective|p1b: Rotom|1\n|-damage|p1a: Lucario|78/100\n|-heal|p2b: Sinistcha|66/100|[from] drain|[of] p1a: Lucario\n|-damage|p1b: Rotom|8/100\n|-heal|p2b: Sinistcha|89/100|[from] drain|[of] p1b: Rotom\n|-status|p1a: Lucario|brn\n|-enditem|p1b: Rotom|Sitrus Berry|[eat]\n|-heal|p1b: Rotom|33/100|[from] item: Sitrus Berry\n|move|p2a: Kingambit|Kowtow Cleave|p1b: Rotom\n|-crit|p1b: Rotom\n|-damage|p1b: Rotom|0 fnt\n|faint|p1b: Rotom\n|move|p1a: Lucario|Meteor Mash|p2a: Kingambit\n|-resisted|p2a: Kingambit|1\n|-crit|p2a: Kingambit\n|-damage|p2a: Kingambit|88/100\n|-boost|p1a: Lucario|atk|1\n|\n|-damage|p1a: Lucario|72/100 brn|[from] brn\n|upkeep\n|turn|6\n|inactive|asuratvt has 30 seconds left.\n|inactive|asuratvt has 20 seconds left.\n|inactive|asuratvt has 15 seconds left.\n|inactive|asuratvt has 10 seconds left.\n|inactive|asuratvt has 5 seconds left.\n|\n|t:|1776720530\n|move|p2b: Sinistcha|Rage Powder|p2b: Sinistcha\n|-singleturn|p2b: Sinistcha|move: Rage Powder\n|move|p2a: Kingambit|Iron Head|p1a: Lucario\n|-resisted|p1a: Lucario|1\n|-damage|p1a: Lucario|34/100 brn\n|move|p1a: Lucario|Meteor Mash|p2b: Sinistcha\n|-damage|p2b: Sinistcha|59/100\n|\n|-damage|p1a: Lucario|28/100 brn|[from] brn\n|-fieldend|move: Trick Room\n|upkeep\n|turn|7\n|inactive|asuratvt has 30 seconds left.\n|inactive|asuratvt has 20 seconds left.\n|inactive|asuratvt has 15 seconds left.\n|inactive|asuratvt has 10 seconds left.\n|inactive|asuratvt has 5 seconds left.\n|l|\u2606asuratvt\n|inactive|asuratvt disconnected and has a minute to reconnect!\n|player|p1|\n|-message|asuratvt lost due to inactivity.\n|\n|win|LValt\n|raw|asuratvt's rating: 1220 &rarr; <strong>1200</strong><br />(-20 for losing)\n|raw|LValt's rating: 1287 &rarr; <strong>1307</strong><br />(+20 for winning)\n",
  "uploadtime": 1776720588,
  "views": 23,
  "formatid": "gen9championsvgc2026regma",
  "rating": 1200,
  "private": 0,
  "password": null
}