{
  "id": "gen9championsvgc2026regma-2581722431",
  "format": "[Gen 9 Champions] VGC 2026 Reg M-A",
  "players": [
    "ChillDafuq0ut",
    "Missed Ledgedash"
  ],
  "log": "|j|\u2606ChillDafuq0ut\n|j|\u2606Missed Ledgedash\n|t:|1776023418\n|gametype|doubles\n|player|p1|ChillDafuq0ut|266|1025\n|player|p2|Missed Ledgedash|juan-gen3|1115\n|gen|9\n|tier|[Gen 9 Champions] VGC 2026 Reg M-A\n|rated|\n|rule|Species Clause: Limit one of each Pok\u00e9mon\n|rule|Item Clause: Limit 1 of each item\n|clearpoke\n|poke|p1|Kingambit, L50, M|\n|poke|p1|Golurk, L50|\n|poke|p1|Liepard, L50, M|\n|poke|p1|Reuniclus, L50, F|\n|poke|p1|Serperior, L50, F|\n|poke|p1|Volcarona, L50, F|\n|poke|p2|Incineroar, L50, M|\n|poke|p2|Gengar, L50, M|\n|poke|p2|Gyarados, L50, M|\n|poke|p2|Tyranitar, L50, F|\n|poke|p2|Sneasler, L50, F|\n|poke|p2|Excadrill, L50, F|\n|teampreview|4\n|\n|t:|1776023444\n|teamsize|p1|4\n|teamsize|p2|4\n|start\n|switch|p1a: Serperior|Serperior, L50, F|100/100\n|switch|p1b: Liepard|Liepard, L50, M|100/100\n|switch|p2a: Tyranitar|Tyranitar, L50, F|100/100\n|switch|p2b: Excadrill|Excadrill, L50, F|100/100\n|-weather|Sandstorm|[from] ability: Sand Stream|[of] p2a: Tyranitar\n|turn|1\n|\n|t:|1776023465\n|detailschange|p2a: Tyranitar|Tyranitar-Mega, L50, F\n|-mega|p2a: Tyranitar|Tyranitar|Tyranitarite\n|move|p1b: Liepard|Fake Out|p2b: Excadrill\n|-resisted|p2b: Excadrill|1\n|-damage|p2b: Excadrill|93/100\n|cant|p2b: Excadrill|flinch\n|move|p1a: Serperior|Leaf Storm|p2b: Excadrill\n|-damage|p2b: Excadrill|19/100\n|-boost|p1a: Serperior|spa|2\n|move|p2a: Tyranitar|Rock Slide|p1b: Liepard|[spread] \n|-miss|p2a: Tyranitar|p1a: Serperior\n|-miss|p2a: Tyranitar|p1b: Liepard\n|\n|-weather|Sandstorm|[upkeep]\n|-damage|p1a: Serperior|95/100|[from] Sandstorm\n|-damage|p1b: Liepard|95/100|[from] Sandstorm\n|upkeep\n|turn|2\n|\n|t:|1776023481\n|move|p1a: Serperior|Protect|p1a: Serperior\n|-singleturn|p1a: Serperior|Protect\n|move|p2b: Excadrill|Iron Head|p1a: Serperior\n|-activate|p1a: Serperior|move: Protect\n|move|p1b: Liepard|Knock Off|p2b: Excadrill\n|-damage|p2b: Excadrill|0 fnt\n|-enditem|p2b: Excadrill|Focus Sash|[from] move: Knock Off|[of] p1b: Liepard\n|faint|p2b: Excadrill\n|move|p2a: Tyranitar|Rock Slide|p1a: Serperior|[spread] p1b\n|-activate|p1a: Serperior|move: Protect\n|-damage|p1b: Liepard|9/100\n|\n|-weather|Sandstorm|[upkeep]\n|-damage|p1a: Serperior|89/100|[from] Sandstorm\n|-damage|p1b: Liepard|3/100|[from] Sandstorm\n|upkeep\n|\n|t:|1776023493\n|switch|p2b: Sneasler|Sneasler, L50, F|100/100\n|turn|3\n|\n|t:|1776023518\n|move|p2b: Sneasler|Fake Out|p1a: Serperior\n|-damage|p1a: Serperior|70/100\n|move|p1b: Liepard|Thunder Wave|p2b: Sneasler\n|-status|p2b: Sneasler|par\n|cant|p1a: Serperior|flinch\n|move|p2a: Tyranitar|Knock Off|p1a: Serperior\n|-damage|p1a: Serperior|0 fnt\n|-enditem|p1a: Serperior|Focus Sash|[from] move: Knock Off|[of] p2a: Tyranitar\n|faint|p1a: Serperior\n|\n|-weather|Sandstorm|[upkeep]\n|-damage|p1b: Liepard|0 fnt|[from] Sandstorm\n|-damage|p2b: Sneasler|95/100 par|[from] Sandstorm\n|faint|p1b: Liepard\n|upkeep\n|\n|t:|1776023531\n|switch|p1a: Golurk|Golurk, L50|100/100\n|switch|p1b: Volcarona|Volcarona, L50, F|100/100\n|turn|4\n|\n|t:|1776023554\n|switch|p2b: Gyarados|Gyarados, L50, M|100/100\n|-ability|p2b: Gyarados|Intimidate|boost\n|-unboost|p1a: Golurk|atk|1\n|-unboost|p1b: Volcarona|atk|1\n|detailschange|p1a: Golurk|Golurk-Mega, L50\n|-mega|p1a: Golurk|Golurk|Golurkite\n|move|p1a: Golurk|Protect|p1a: Golurk\n|-singleturn|p1a: Golurk|Protect\n|move|p1b: Volcarona|Tailwind|p1b: Volcarona\n|-sidestart|p1: ChillDafuq0ut|move: Tailwind\n|move|p2a: Tyranitar|Knock Off|p1a: Golurk\n|-activate|p1a: Golurk|move: Protect\n|\n|-weather|Sandstorm|[upkeep]\n|-damage|p1b: Volcarona|94/100|[from] Sandstorm\n|-damage|p2b: Gyarados|95/100|[from] Sandstorm\n|-heal|p1b: Volcarona|100/100|[from] item: Leftovers\n|upkeep\n|turn|5\n|\n|t:|1776023573\n|move|p1b: Volcarona|Protect|p1b: Volcarona\n|-singleturn|p1b: Volcarona|Protect\n|move|p1a: Golurk|High Horsepower|p2a: Tyranitar\n|-supereffective|p2a: Tyranitar|1\n|-damage|p2a: Tyranitar|45/100\n|move|p2b: Gyarados|Waterfall|p1a: Golurk\n|-supereffective|p1a: Golurk|1\n|-damage|p1a: Golurk|32/100\n|move|p2a: Tyranitar|Rock Slide|p1b: Volcarona|[spread] p1a\n|-activate|p1b: Volcarona|move: Protect\n|-resisted|p1a: Golurk|1\n|-damage|p1a: Golurk|14/100\n|\n|-weather|none\n|upkeep\n|turn|6\n|\n|t:|1776023594\n|move|p2a: Tyranitar|Protect|p2a: Tyranitar\n|-singleturn|p2a: Tyranitar|Protect\n|move|p1b: Volcarona|Rage Powder|p1b: Volcarona\n|-singleturn|p1b: Volcarona|move: Rage Powder\n|move|p1a: Golurk|Rock Slide|p2b: Gyarados|[spread] p2b\n|-activate|p2a: Tyranitar|move: Protect\n|-supereffective|p2b: Gyarados|1\n|-damage|p2b: Gyarados|52/100\n|move|p2b: Gyarados|Waterfall|p1b: Volcarona\n|-supereffective|p1b: Volcarona|1\n|-damage|p1b: Volcarona|31/100\n|\n|-heal|p1b: Volcarona|37/100|[from] item: Leftovers\n|upkeep\n|turn|7\n|\n|t:|1776023615\n|move|p1b: Volcarona|Rage Powder|p1b: Volcarona\n|-singleturn|p1b: Volcarona|move: Rage Powder\n|move|p1a: Golurk|Rock Slide|p2a: Tyranitar|[spread] p2a,p2b\n|-supereffective|p2b: Gyarados|1\n|-damage|p2a: Tyranitar|36/100\n|-damage|p2b: Gyarados|15/100\n|move|p2b: Gyarados|Waterfall|p1b: Volcarona\n|-supereffective|p1b: Volcarona|1\n|-damage|p1b: Volcarona|0 fnt\n|-status|p2b: Gyarados|brn|[from] ability: Flame Body|[of] p1b: Volcarona\n|-enditem|p2b: Gyarados|Lum Berry|[eat]\n|-curestatus|p2b: Gyarados|brn|[msg]\n|faint|p1b: Volcarona\n|cant|p2a: Tyranitar|flinch\n|\n|-sideend|p1: ChillDafuq0ut|move: Tailwind\n|upkeep\n|turn|8\n|\n|t:|1776023631\n|move|p2b: Gyarados|Waterfall|p1a: Golurk\n|-supereffective|p1a: Golurk|1\n|-damage|p1a: Golurk|0 fnt\n|faint|p1a: Golurk\n|\n|win|Missed Ledgedash\n|raw|ChillDafuq0ut's rating: 1025 &rarr; <strong>1015</strong><br />(-10 for losing)\n|raw|Missed Ledgedash's rating: 1115 &rarr; <strong>1134</strong><br />(+19 for winning)\n",
  "uploadtime": 1776023631,
  "views": 12,
  "formatid": "gen9championsvgc2026regma",
  "rating": 1015,
  "private": 0,
  "password": null
}