{
  "id": "gen9championsvgc2026regma-2586632711",
  "format": "[Gen 9 Champions] VGC 2026 Reg M-A",
  "players": [
    "fukan123",
    "meyownaze2"
  ],
  "log": "|j|\u2606fukan123\n|j|\u2606meyownaze2\n|t:|1776448228\n|gametype|doubles\n|player|p1|fukan123|steven|1270\n|player|p2|meyownaze2|preschooler|1361\n|gen|9\n|tier|[Gen 9 Champions] VGC 2026 Reg M-A\n|rated|\n|rule|Species Clause: Limit one of each Pok\u00e9mon\n|rule|Item Clause: Limit 1 of each item\n|clearpoke\n|poke|p1|Floette-Eternal, L50, F|\n|poke|p1|Incineroar, L50, M|\n|poke|p1|Aerodactyl, L50, F|\n|poke|p1|Garchomp, L50, M|\n|poke|p1|Sinistcha-Masterpiece, L50|\n|poke|p1|Kingambit, L50, F|\n|poke|p2|Pelipper, L50, M|\n|poke|p2|Archaludon, L50, F|\n|poke|p2|Sinistcha-Masterpiece, L50|\n|poke|p2|Basculegion, L50, M|\n|poke|p2|Sableye, L50, M|\n|poke|p2|Dragonite, L50, M|\n|teampreview|4\n|inactive|Battle timer is ON: inactive players will automatically lose when time's up. (requested by meyownaze2)\n|\n|t:|1776448257\n|teamsize|p1|4\n|teamsize|p2|4\n|start\n|switch|p1a: Floette|Floette-Eternal, L50, F|100/100\n|switch|p1b: Incineroar|Incineroar, L50, M, shiny|100/100\n|switch|p2a: Brandon Bas|Basculegion, L50, M, shiny|100/100\n|switch|p2b: ArchaluDoncic|Archaludon, L50, F, shiny|100/100\n|-ability|p1b: Incineroar|Intimidate|boost\n|-unboost|p2a: Brandon Bas|atk|1\n|-unboost|p2b: ArchaluDoncic|atk|1\n|turn|1\n|inactive|fukan123 has 30 seconds left.\n|\n|t:|1776448284\n|detailschange|p1a: Floette|Floette-Mega, L50, F\n|-mega|p1a: Floette|Floette|Floettite\n|-ability|p1a: Floette|Fairy Aura\n|move|p1a: Floette|Protect|p1a: Floette\n|-singleturn|p1a: Floette|Protect\n|move|p2a: Brandon Bas|Flip Turn|p1a: Floette\n|-activate|p1a: Floette|move: Protect\n|move|p2b: ArchaluDoncic|Flash Cannon|p1a: Floette\n|-activate|p1a: Floette|move: Protect\n|move|p1b: Incineroar|Parting Shot|p2a: Brandon Bas\n|-unboost|p2a: Brandon Bas|atk|1\n|-unboost|p2a: Brandon Bas|spa|1\n|\n|t:|1776448299\n|switch|p1b: Kingambit|Kingambit, L50, F|100/100|[from] Parting Shot\n|\n|upkeep\n|turn|2\n|\n|t:|1776448313\n|move|p2a: Brandon Bas|Flip Turn|p1b: Kingambit\n|-damage|p1b: Kingambit|86/100\n|\n|t:|1776448323\n|switch|p2a: M. SinisChalmers|Sinistcha-Masterpiece, L50|100/100|[from] Flip Turn\n|move|p1a: Floette|Calm Mind|p1a: Floette\n|-boost|p1a: Floette|spa|1\n|-boost|p1a: Floette|spd|1\n|move|p2b: ArchaluDoncic|Aura Sphere|p1b: Kingambit\n|-supereffective|p1b: Kingambit|2\n|-damage|p1b: Kingambit|0 fnt\n|faint|p1b: Kingambit\n|\n|upkeep\n|\n|t:|1776448336\n|switch|p1b: Incineroar|Incineroar, L50, M, shiny|100/100\n|-ability|p1b: Incineroar|Intimidate|boost\n|-unboost|p2a: M. SinisChalmers|atk|1\n|-unboost|p2b: ArchaluDoncic|atk|1\n|turn|3\n|inactive|meyownaze2 has 30 seconds left.\n|\n|t:|1776448363\n|move|p1a: Floette|Calm Mind|p1a: Floette\n|-boost|p1a: Floette|spa|1\n|-boost|p1a: Floette|spd|1\n|move|p2b: ArchaluDoncic|Flash Cannon|p1a: Floette\n|-supereffective|p1a: Floette|1\n|-damage|p1a: Floette|72/100\n|move|p2a: M. SinisChalmers|Matcha Gotcha|p1a: Floette|[spread] p1a,p1b\n|-resisted|p1b: Incineroar|1\n|-damage|p1a: Floette|62/100\n|-damage|p1b: Incineroar|92/100\n|move|p1b: Incineroar|Parting Shot|p2a: M. SinisChalmers\n|-unboost|p2a: M. SinisChalmers|atk|1\n|-unboost|p2a: M. SinisChalmers|spa|1\n|\n|t:|1776448376\n|switch|p1b: Sinistcha|Sinistcha-Masterpiece, L50|100/100|[from] Parting Shot\n|-heal|p1a: Floette|86/100|[from] ability: Hospitality|[of] p1b: Sinistcha\n|\n|upkeep\n|turn|4\n|\n|t:|1776448397\n|move|p1a: Floette|Dazzling Gleam|p2a: M. SinisChalmers|[spread] p2a,p2b\n|-damage|p2a: M. SinisChalmers|18/100\n|-damage|p2b: ArchaluDoncic|13/100\n|-enditem|p2a: M. SinisChalmers|Sitrus Berry|[eat]\n|-heal|p2a: M. SinisChalmers|43/100|[from] item: Sitrus Berry\n|move|p2b: ArchaluDoncic|Flash Cannon|p1a: Floette\n|-supereffective|p1a: Floette|1\n|-damage|p1a: Floette|57/100\n|move|p2a: M. SinisChalmers|Matcha Gotcha|p1b: Sinistcha|[spread] p1a,p1b\n|-resisted|p1b: Sinistcha|1\n|-damage|p1a: Floette|51/100\n|-heal|p2a: M. SinisChalmers|46/100|[from] drain|[of] p1a: Floette\n|-damage|p1b: Sinistcha|90/100\n|-heal|p2a: M. SinisChalmers|53/100|[from] drain|[of] p1b: Sinistcha\n|-status|p1b: Sinistcha|brn\n|move|p1b: Sinistcha|Matcha Gotcha|p2b: ArchaluDoncic|[spread] p2a\n|-miss|p1b: Sinistcha|p2b: ArchaluDoncic\n|-resisted|p2a: M. SinisChalmers|1\n|-damage|p2a: M. SinisChalmers|41/100\n|-heal|p1b: Sinistcha|95/100 brn|[from] drain|[of] p2a: M. SinisChalmers\n|\n|-damage|p1b: Sinistcha|89/100 brn|[from] brn\n|upkeep\n|turn|5\n|inactive|fukan123 has 30 seconds left.\n|inactive|meyownaze2 has 30 seconds left.\n|\n|t:|1776448424\n|move|p1b: Sinistcha|Protect|p1b: Sinistcha\n|-singleturn|p1b: Sinistcha|Protect\n|move|p2a: M. SinisChalmers|Rage Powder|p2a: M. SinisChalmers\n|-singleturn|p2a: M. SinisChalmers|move: Rage Powder\n|move|p1a: Floette|Dazzling Gleam|p2b: ArchaluDoncic|[spread] p2a,p2b\n|-damage|p2a: M. SinisChalmers|0 fnt\n|-damage|p2b: ArchaluDoncic|0 fnt\n|faint|p2a: M. SinisChalmers\n|faint|p2b: ArchaluDoncic\n|\n|-damage|p1b: Sinistcha|83/100 brn|[from] brn\n|upkeep\n|\n|t:|1776448432\n|switch|p2b: Dragon Bender|Dragonite, L50, M|100/100\n|switch|p2a: Brandon Bas|Basculegion, L50, M, shiny|100/100\n|turn|6\n|inactive|meyownaze2 has 30 seconds left.\n|\n|t:|1776448465\n|detailschange|p2b: Dragon Bender|Dragonite-Mega, L50, M\n|-mega|p2b: Dragon Bender|Dragonite|Dragoninite\n|move|p1b: Sinistcha|Rage Powder|p1b: Sinistcha\n|-singleturn|p1b: Sinistcha|move: Rage Powder\n|move|p2a: Brandon Bas|Last Respects|p1b: Sinistcha\n|-supereffective|p1b: Sinistcha|1\n|-damage|p1b: Sinistcha|0 fnt\n|faint|p1b: Sinistcha\n|move|p1a: Floette|Dazzling Gleam|p2a: Brandon Bas|[spread] p2a,p2b\n|-supereffective|p2b: Dragon Bender|1\n|-damage|p2a: Brandon Bas|15/100\n|-damage|p2b: Dragon Bender|41/100\n|move|p2b: Dragon Bender|Hurricane|p1a: Floette|[miss]\n|-miss|p2b: Dragon Bender|p1a: Floette\n|\n|upkeep\n|\n|t:|1776448479\n|switch|p1b: Incineroar|Incineroar, L50, M, shiny|92/100\n|-ability|p1b: Incineroar|Intimidate|boost\n|-unboost|p2a: Brandon Bas|atk|1\n|-unboost|p2b: Dragon Bender|atk|1\n|turn|7\n|\n|t:|1776448492\n|move|p1a: Floette|Protect|p1a: Floette\n|-singleturn|p1a: Floette|Protect\n|move|p2b: Dragon Bender|Extreme Speed|p1a: Floette\n|-activate|p1a: Floette|move: Protect\n|move|p2a: Brandon Bas|Last Respects|p1a: Floette\n|-activate|p1a: Floette|move: Protect\n|move|p1b: Incineroar|Darkest Lariat|p2a: Brandon Bas\n|-supereffective|p2a: Brandon Bas|1\n|-damage|p2a: Brandon Bas|0 fnt\n|faint|p2a: Brandon Bas\n|\n|upkeep\n|turn|8\n|-message|meyownaze2 forfeited.\n|\n|win|fukan123\n|raw|fukan123's rating: 1270 &rarr; <strong>1301</strong><br />(+31 for winning)\n|raw|meyownaze2's rating: 1361 &rarr; <strong>1336</strong><br />(-25 for losing)\n|l|\u2606meyownaze2\n|player|p2|\n",
  "uploadtime": 1776448506,
  "views": 38,
  "formatid": "gen9championsvgc2026regma",
  "rating": 1301,
  "private": 0,
  "password": null
}