{
  "id": "gen9championsvgc2026regma-2587720251",
  "format": "[Gen 9 Champions] VGC 2026 Reg M-A",
  "players": [
    "MonoDescarado",
    "Koolwraith"
  ],
  "log": "|j|\u2606MonoDescarado\n|j|\u2606Koolwraith\n|t:|1776557212\n|gametype|doubles\n|player|p1|MonoDescarado|ghetsis|1035\n|player|p2|Koolwraith|smasher|1101\n|gen|9\n|tier|[Gen 9 Champions] VGC 2026 Reg M-A\n|rated|\n|rule|Species Clause: Limit one of each Pok\u00e9mon\n|rule|Item Clause: Limit 1 of each item\n|clearpoke\n|poke|p1|Gardevoir, L50, M|\n|poke|p1|Kingambit, L50, F|\n|poke|p1|Garchomp, L50, M|\n|poke|p1|Basculegion, L50, M|\n|poke|p1|Maushold, L50|\n|poke|p1|Talonflame, L50, M|\n|poke|p2|Froslass, L50, F|\n|poke|p2|Tyranitar, L50, M|\n|poke|p2|Clefable, L50, M|\n|poke|p2|Espeon, L50, F|\n|poke|p2|Blastoise, L50, M|\n|poke|p2|Sinistcha-Masterpiece, L50|\n|teampreview|4\n|inactive|Battle timer is ON: inactive players will automatically lose when time's up. (requested by Koolwraith)\nKoolwraith rejected open team sheets.\n|\n|t:|1776557245\n|teamsize|p1|4\n|teamsize|p2|4\n|start\n|switch|p1a: Kingambit|Kingambit, L50, F|100/100\n|switch|p1b: Talonflame|Talonflame, L50, M|100/100\n|switch|p2a: Tyranitar|Tyranitar, L50, M|100/100\n|switch|p2b: Clefable|Clefable, L50, M|100/100\n|-ability|p2a: Tyranitar|Unnerve\n|turn|1\n|\n|t:|1776557268\n|move|p1b: Talonflame|Acrobatics|p2b: Clefable\n|-damage|p2b: Clefable|60/100\n|move|p2a: Tyranitar|Brick Break|p1a: Kingambit\n|-supereffective|p1a: Kingambit|2\n|-damage|p1a: Kingambit|15/100\n|move|p2b: Clefable|Life Dew||[still]|[spread] p2a,p2b\n|-fail|p2a: Tyranitar|heal\n|-heal|p2b: Clefable|85/100\n|move|p1a: Kingambit|Iron Head|p2b: Clefable\n|-supereffective|p2b: Clefable|1\n|-damage|p2b: Clefable|0 fnt\n|faint|p2b: Clefable\n|\n|upkeep\n|\n|t:|1776557284\n|switch|p2b: Sinistcha|Sinistcha-Masterpiece, L50|100/100\n|turn|2\n|inactive|MonoDescarado has 30 seconds left.\n|\n|t:|1776557311\n|move|p1b: Talonflame|Acrobatics|p2b: Sinistcha\n|-supereffective|p2b: Sinistcha|1\n|-damage|p2b: Sinistcha|3/100\n|move|p1a: Kingambit|Sucker Punch|p2b: Sinistcha\n|-supereffective|p2b: Sinistcha|1\n|-enditem|p2b: Sinistcha|Colbur Berry|[eat]\n|-enditem|p2b: Sinistcha|Colbur Berry|[weaken]\n|-damage|p2b: Sinistcha|0 fnt\n|faint|p2b: Sinistcha\n|move|p2a: Tyranitar|Rock Slide|p1a: Kingambit|[spread] p1a,p1b\n|-resisted|p1a: Kingambit|1\n|-supereffective|p1b: Talonflame|2\n|-damage|p1a: Kingambit|3/100\n|-damage|p1b: Talonflame|0 fnt\n|faint|p1b: Talonflame\n|\n|upkeep\n|\n|t:|1776557330\n|switch|p1b: Garchomp|Garchomp, L50, M|100/100\n|switch|p2b: Froslass|Froslass, L50, F|100/100\n|turn|3\n|inactive|MonoDescarado has 30 seconds left.\n|inactive|Koolwraith has 30 seconds left.\n|\n|t:|1776557365\n|detailschange|p2b: Froslass|Froslass-Mega, L50, F\n|-mega|p2b: Froslass|Froslass|Froslassite\n|-weather|Snowscape|[from] ability: Snow Warning|[of] p2b: Froslass\n|move|p1b: Garchomp|Protect|p1b: Garchomp\n|-singleturn|p1b: Garchomp|Protect\n|move|p1a: Kingambit|Sucker Punch|p2b: Froslass\n|-supereffective|p2b: Froslass|1\n|-damage|p2b: Froslass|14/100\n|move|p2b: Froslass|Draining Kiss|p1b: Garchomp\n|-activate|p1b: Garchomp|move: Protect\n|move|p2a: Tyranitar|Brick Break|p1a: Kingambit\n|-supereffective|p1a: Kingambit|2\n|-damage|p1a: Kingambit|0 fnt\n|faint|p1a: Kingambit\n|\n|-weather|Snowscape|[upkeep]\n|upkeep\n|\n|t:|1776557379\n|switch|p1a: Gardevoir|Gardevoir, L50, M|100/100\n|turn|4\n|\n|t:|1776557395\n|detailschange|p1a: Gardevoir|Gardevoir-Mega, L50, M\n|-mega|p1a: Gardevoir|Gardevoir|Gardevoirite\n|move|p1a: Gardevoir|Protect|p1a: Gardevoir\n|-singleturn|p1a: Gardevoir|Protect\n|move|p2b: Froslass|Blizzard|p1a: Gardevoir|[spread] p1b\n|-activate|p1a: Gardevoir|move: Protect\n|-supereffective|p1b: Garchomp|2\n|-damage|p1b: Garchomp|0 fnt\n|faint|p1b: Garchomp\n|move|p2a: Tyranitar|Dragon Dance|p2a: Tyranitar\n|-boost|p2a: Tyranitar|atk|1\n|-boost|p2a: Tyranitar|spe|1\n|\n|-weather|Snowscape|[upkeep]\n|upkeep\n|turn|5\n|\n|t:|1776557411\n|move|p2b: Froslass|Shadow Ball|p1a: Gardevoir\n|-supereffective|p1a: Gardevoir|1\n|-damage|p1a: Gardevoir|28/100\n|move|p2a: Tyranitar|Rock Slide|p1a: Gardevoir\n|-damage|p1a: Gardevoir|0 fnt\n|faint|p1a: Gardevoir\n|\n|win|Koolwraith\n|raw|MonoDescarado's rating: 1035 &rarr; <strong>1023</strong><br />(-12 for losing)\n|raw|Koolwraith's rating: 1101 &rarr; <strong>1121</strong><br />(+20 for winning)\n|l|\u2606MonoDescarado\n|player|p1|\n",
  "uploadtime": 1776557421,
  "views": 15,
  "formatid": "gen9championsvgc2026regma",
  "rating": 1023,
  "private": 0,
  "password": null
}