{
  "id": "gen9championsvgc2026regma-2582095150",
  "format": "[Gen 9 Champions] VGC 2026 Reg M-A",
  "players": [
    "ericgoated",
    "snively3"
  ],
  "log": "|j|\u2606ericgoated\n|j|\u2606snively3\n|t:|1776057235\n|gametype|doubles\n|player|p1|ericgoated|bruno-gen3|\n|player|p2|snively3|veteran|\n|gen|9\n|tier|[Gen 9 Champions] VGC 2026 Reg M-A\n|rated|Tournament battle\n|rule|Species Clause: Limit one of each Pok\u00e9mon\n|rule|Item Clause: Limit 1 of each item\n|clearpoke\n|poke|p1|Palafin, L50, M|\n|poke|p1|Pelipper, L50, F|\n|poke|p1|Whimsicott, L50, F|\n|poke|p1|Arcanine, L50, M|\n|poke|p1|Sneasler, L50, M|\n|poke|p1|Dragonite, L50, M|\n|poke|p2|Venusaur, L50, F|\n|poke|p2|Charizard, L50, M|\n|poke|p2|Sneasler, L50, F|\n|poke|p2|Garchomp, L50, M|\n|poke|p2|Rotom-Wash, L50|\n|poke|p2|Sylveon, L50, F|\n|teampreview|4\n|j| Arksurit\n|inactive|Battle timer is ON: inactive players will automatically lose when time's up. (requested by snively3)\n|c|\u2606snively3|glhf\nsnively3 has agreed to open team sheets.\n|c|\u2606ericgoated|glhf\nericgoated has agreed to open team sheets.\n|showteam|p1|Palafin||SitrusBerry|ZerotoHero|WaveCrash,CloseCombat,FlipTurn,JetPunch|||M|||50|]Pelipper||FocusSash|Drizzle|WeatherBall,Hurricane,Tailwind,Uturn|||F|||50|]Whimsicott||MentalHerb|Prankster|Moonblast,Tailwind,Protect,Encore|||F|||50|]Arcanine||Leftovers|Intimidate|FlareBlitz,PlayRough,Snarl,WillOWisp|||M|||50|]Sneasler||WhiteHerb|Pressure|CloseCombat,DireClaw,FakeOut,Protect|||M|||50|]Dragonite||Dragoninite|Multiscale|DragonPulse,Hurricane,Thunder,Protect|||M|||50|\n|showteam|p2|Venusaur||FocusSash|Chlorophyll|Protect,LeafStorm,AcidSpray,SleepPowder|||F|||50|]Charizard||CharizarditeY|Blaze|Protect,HeatWave,Overheat,SolarBeam|||M|||50|]Sneasler||WhiteHerb|Unburden|Protect,DireClaw,CloseCombat,FakeOut|||F|||50|]Garchomp||ChoiceScarf|RoughSkin|Earthquake,DragonClaw,StompingTantrum,RockSlide|||M|||50|]Rotom-Wash||SitrusBerry|Levitate|Protect,WillOWisp,Thunderbolt,HydroPump||||||50|]Sylveon||FairyFeather|Pixilate|Protect,HyperVoice,Yawn,HelpingHand|||F|||50|\n|j| crysisvgc\n|j| pipievgc103\n|j| Bman311\n|inactive|ericgoated has 60 seconds left.\n|inactive|snively3 has 60 seconds left.\n|\n|t:|1776057279\n|teamsize|p1|4\n|teamsize|p2|4\n|start\n|switch|p1a: Palafin|Palafin, L50, M, shiny|100/100\n|switch|p1b: Whimsicott|Whimsicott, L50, F, shiny|100/100\n|switch|p2a: Charizard|Charizard, L50, M, shiny|100/100\n|switch|p2b: Venusaur|Venusaur, L50, F|100/100\n|turn|1\n|j| 21Kieran\n|inactive|ericgoated has 30 seconds left.\n|\n|t:|1776057304\n|detailschange|p1a: Palafin|Palafin-Hero, L50, M, shiny\n|switch|p1a: Greg|Dragonite, L50, M|100/100\n|detailschange|p2a: Charizard|Charizard-Mega-Y, L50, M, shiny\n|-mega|p2a: Charizard|Charizard|Charizardite Y\n|-weather|SunnyDay|[from] ability: Drought|[of] p2a: Charizard\n|move|p1b: Whimsicott|Tailwind|p1b: Whimsicott\n|-sidestart|p1: ericgoated|move: Tailwind\n|move|p2b: Venusaur|Acid Spray|p1b: Whimsicott\n|-supereffective|p1b: Whimsicott|2\n|-damage|p1b: Whimsicott|0 fnt\n|faint|p1b: Whimsicott\n|move|p2a: Charizard|Solar Beam||[still]\n|-prepare|p2a: Charizard|Solar Beam\n|-anim|p2a: Charizard|Solar Beam|p1a: Greg\n|-resisted|p1a: Greg|2\n|-damage|p1a: Greg|95/100\n|\n|-weather|SunnyDay|[upkeep]\n|upkeep\n|\n|t:|1776057308\n|switch|p1b: Pelipper|Pelipper, L50, F|100/100\n|-weather|RainDance|[from] ability: Drizzle|[of] p1b: Pelipper\n|turn|2\n|j| Scapegoat11\n|\n|t:|1776057326\n|switch|p2a: Rotom|Rotom-Wash, L50|100/100\n|detailschange|p1a: Greg|Dragonite-Mega, L50, M\n|-mega|p1a: Greg|Dragonite|Dragoninite\n|move|p1a: Greg|Thunder|p2a: Rotom\n|-damage|p2a: Rotom|57/100\n|move|p1b: Pelipper|Hurricane|p2b: Venusaur\n|-supereffective|p2b: Venusaur|1\n|-enditem|p2b: Venusaur|Focus Sash\n|-damage|p2b: Venusaur|1/100\n|move|p2b: Venusaur|Sleep Powder|p1a: Greg|[miss]\n|-miss|p2b: Venusaur|p1a: Greg\n|\n|-weather|RainDance|[upkeep]\n|upkeep\n|turn|3\n|inactive|ericgoated has 30 seconds left.\n|inactive|snively3 has 30 seconds left.\n|\n|t:|1776057356\n|switch|p2a: Charizard|Charizard-Mega-Y, L50, M, shiny|100/100\n|-weather|SunnyDay|[from] ability: Drought|[of] p2a: Charizard\n|move|p1a: Greg|Thunder|p2a: Charizard\n|-supereffective|p2a: Charizard|1\n|-damage|p2a: Charizard|13/100\n|-status|p2a: Charizard|par\n|move|p2b: Venusaur|Sleep Powder|p1b: Pelipper|[miss]\n|-miss|p2b: Venusaur|p1b: Pelipper\n|move|p1b: Pelipper|Weather Ball|p2b: Venusaur\n|-supereffective|p2b: Venusaur|1\n|-damage|p2b: Venusaur|0 fnt\n|faint|p2b: Venusaur\n|\n|-weather|SunnyDay|[upkeep]\n|upkeep\n|\n|t:|1776057367\n|switch|p2b: Sylveon|Sylveon, L50, F, shiny|100/100\n|turn|4\n|j| speedyturtle87\n|\n|t:|1776057391\n|move|p1a: Greg|Protect|p1a: Greg\n|-singleturn|p1a: Greg|Protect\n|move|p1b: Pelipper|U-turn|p2b: Sylveon\n|-resisted|p2b: Sylveon|1\n|-damage|p2b: Sylveon|96/100\n|\n|t:|1776057395\n|switch|p1b: Palafin|Palafin-Hero, L50, M, shiny|100/100|[from] U-turn\n|-activate|p1b: Palafin|ability: Zero to Hero\n|cant|p2a: Charizard|par\n|move|p2b: Sylveon|Hyper Voice|p1a: Greg|[spread] p1b\n|-activate|p1a: Greg|move: Protect\n|-damage|p1b: Palafin|58/100\n|\n|-weather|SunnyDay|[upkeep]\n|-sideend|p1: ericgoated|move: Tailwind\n|upkeep\n|turn|5\n|j| elodealeaf\n|\n|t:|1776057414\n|switch|p1a: Pelipper|Pelipper, L50, F|100/100\n|-weather|RainDance|[from] ability: Drizzle|[of] p1a: Pelipper\n|move|p1b: Palafin|Jet Punch|p2a: Charizard\n|-supereffective|p2a: Charizard|1\n|-damage|p2a: Charizard|0 fnt\n|faint|p2a: Charizard\n|move|p2b: Sylveon|Hyper Voice|p1b: Palafin|[spread] p1a,p1b\n|-crit|p1b: Palafin\n|-damage|p1a: Pelipper|22/100\n|-damage|p1b: Palafin|1/100\n|-enditem|p1b: Palafin|Sitrus Berry|[eat]\n|-heal|p1b: Palafin|26/100|[from] item: Sitrus Berry\n|\n|-weather|RainDance|[upkeep]\n|upkeep\n|\n|t:|1776057423\n|switch|p2a: Rotom|Rotom-Wash, L50|57/100\n|turn|6\n|\n|t:|1776057447\n|move|p2b: Sylveon|Protect|p2b: Sylveon\n|-singleturn|p2b: Sylveon|Protect\n|move|p1b: Palafin|Jet Punch|p2a: Rotom\n|-resisted|p2a: Rotom|1\n|-damage|p2a: Rotom|29/100\n|-enditem|p2a: Rotom|Sitrus Berry|[eat]\n|-heal|p2a: Rotom|54/100|[from] item: Sitrus Berry\n|move|p1a: Pelipper|Tailwind|p1a: Pelipper\n|-sidestart|p1: ericgoated|move: Tailwind\n|move|p2a: Rotom|Thunderbolt|p1b: Palafin\n|-supereffective|p1b: Palafin|1\n|-damage|p1b: Palafin|0 fnt\n|faint|p1b: Palafin\n|\n|-weather|RainDance|[upkeep]\n|upkeep\n|j|%Tb0lt\n|j| Thogi_\n|\n|t:|1776057456\n|switch|p1b: Greg|Dragonite-Mega, L50, M|95/100\n|turn|7\n|j| Carrielis\n|c| Carrielis|Why is arcanine on my screen\n|\n|t:|1776057476\n|move|p1b: Greg|Hurricane|p2b: Sylveon\n|-damage|p2b: Sylveon|47/100\n|move|p1a: Pelipper|Hurricane|p2b: Sylveon\n|-damage|p2b: Sylveon|9/100\n|-start|p2b: Sylveon|confusion\n|move|p2a: Rotom|Thunderbolt|p1a: Pelipper\n|-supereffective|p1a: Pelipper|2\n|-damage|p1a: Pelipper|0 fnt\n|faint|p1a: Pelipper\n|-activate|p2b: Sylveon|confusion\n|-damage|p2b: Sylveon|3/100|[from] confusion\n|\n|-weather|RainDance|[upkeep]\n|upkeep\n|turn|8\n|c|\u2606ericgoated|he da goat\n|\n|t:|1776057495\n|move|p2a: Rotom|Protect|p2a: Rotom\n|-singleturn|p2a: Rotom|Protect\n|-activate|p2b: Sylveon|confusion\n|move|p2b: Sylveon|Protect|p2b: Sylveon\n|-singleturn|p2b: Sylveon|Protect\n|move|p1b: Greg|Hurricane|p2b: Sylveon\n|-activate|p2b: Sylveon|move: Protect\n|\n|-weather|RainDance|[upkeep]\n|upkeep\n|turn|9\n|\n|t:|1776057502\n|-activate|p2b: Sylveon|confusion\n|move|p2b: Sylveon|Protect||[still]\n|-fail|p2b: Sylveon\n|move|p1b: Greg|Thunder|p2b: Sylveon\n|-damage|p2b: Sylveon|0 fnt\n|faint|p2b: Sylveon\n|move|p2a: Rotom|Thunderbolt|p1b: Greg\n|-damage|p1b: Greg|64/100\n|\n|-weather|none\n|-sideend|p1: ericgoated|move: Tailwind\n|upkeep\n|turn|10\n|l| crysisvgc\n|\n|t:|1776057509\n|move|p1b: Greg|Dragon Pulse|p2a: Rotom\n|-damage|p2a: Rotom|6/100\n|move|p2a: Rotom|Thunderbolt|p1b: Greg\n|-damage|p1b: Greg|33/100\n|\n|upkeep\n|turn|11\n|c|\u2606snively3|damn\n|c|\u2606snively3|gg\n|c|\u2606ericgoated|gg\n|\n|t:|1776057516\n|move|p1b: Greg|Dragon Pulse|p2a: Rotom\n|-damage|p2a: Rotom|0 fnt\n|faint|p2a: Rotom\n|\n|win|ericgoated\n|n|\u2606ericgoated|ericgoated\n|n|\u2606snively3|snively3\n|n| Arksurit|arksurit\n|n| pipievgc103|pipievgc103\n|n| Bman311|bman311\n|n| 21Kieran|21kieran\n|n| Scapegoat11|scapegoat11\n|n| speedyturtle87|speedyturtle87\n|n| elodealeaf|elodealeaf\n|n|%Tb0lt|tb0lt\n|n| Thogi_|thogi\n|n| Carrielis|carrielis\n|l| speedyturtle87\n|c|\u2606ericgoated|well played\n|j| shocccco\u2764\n|c|\u2606snively3|u2\n|l| Thogi_\n|l| Bman311\n|l|\u2606snively3\n|player|p2|\n|j| crysisvgc\n|l| Arksurit\n|l| pipievgc103\n|l|%Tb0lt\n|l|\u2606ericgoated\n|player|p1|\n|l| Scapegoat11\n|l| elodealeaf\n|l| crysisvgc\n",
  "uploadtime": 1776057516,
  "views": 12,
  "formatid": "gen9championsvgc2026regma",
  "rating": null,
  "private": 0,
  "password": null
}