{
  "id": "gen9championsvgc2026regma-2584616618",
  "format": "[Gen 9 Champions] VGC 2026 Reg M-A",
  "players": [
    "APazaDeUva",
    "TheCryInCryptid"
  ],
  "log": "|j|\u2606APazaDeUva\n|j|\u2606TheCryInCryptid\n|t:|1776272349\n|gametype|doubles\n|player|p1|APazaDeUva|veteran|1009\n|player|p2|TheCryInCryptid|169|1012\n|gen|9\n|tier|[Gen 9 Champions] VGC 2026 Reg M-A\n|rated|\n|rule|Species Clause: Limit one of each Pok\u00e9mon\n|rule|Item Clause: Limit 1 of each item\n|clearpoke\n|poke|p1|Torkoal, L50, M|\n|poke|p1|Hatterene, L50, F|\n|poke|p1|Typhlosion-Hisui, L50, F|\n|poke|p1|Incineroar, L50, M|\n|poke|p1|Whimsicott, L50, M|\n|poke|p1|Maushold, L50|\n|poke|p2|Gardevoir, L50, F|\n|poke|p2|Garchomp, L50, M|\n|poke|p2|Kingambit, L50, F|\n|poke|p2|Whimsicott, L50, F|\n|poke|p2|Pelipper, L50, F|\n|poke|p2|Basculegion, L50, M|\n|teampreview|4\n|inactive|Battle timer is ON: inactive players will automatically lose when time's up. (requested by APazaDeUva)\n|\n|t:|1776272378\n|teamsize|p1|4\n|teamsize|p2|4\n|start\n|switch|p1a: Whimsicott|Whimsicott, L50, M|100/100\n|switch|p1b: Maushold|Maushold, L50|100/100\n|switch|p2a: Kingambit|Kingambit, L50, F|100/100\n|switch|p2b: Whimsicott|Whimsicott, L50, F|100/100\n|turn|1\n|\n|t:|1776272401\n|move|p1b: Maushold|Follow Me|p1b: Maushold\n|-singleturn|p1b: Maushold|move: Follow Me\n|move|p2b: Whimsicott|Tailwind|p2b: Whimsicott\n|-sidestart|p2: TheCryInCryptid|move: Tailwind\n|move|p2a: Kingambit|Low Kick|p1b: Maushold\n|-supereffective|p1b: Maushold|1\n|-enditem|p1b: Maushold|Chople Berry|[eat]\n|-enditem|p1b: Maushold|Chople Berry|[weaken]\n|-damage|p1b: Maushold|90/100\n|move|p1a: Whimsicott|Sunny Day|p1a: Whimsicott\n|-weather|SunnyDay\n|\n|-weather|SunnyDay|[upkeep]\n|upkeep\n|turn|2\n|\n|t:|1776272417\n|move|p1b: Maushold|Follow Me|p1b: Maushold\n|-singleturn|p1b: Maushold|move: Follow Me\n|move|p2b: Whimsicott|Encore|p1b: Maushold\n|-start|p1b: Maushold|Encore\n|move|p1a: Whimsicott|Tailwind|p1a: Whimsicott\n|-sidestart|p1: APazaDeUva|move: Tailwind\n|move|p2a: Kingambit|Low Kick|p1b: Maushold\n|-supereffective|p1b: Maushold|1\n|-damage|p1b: Maushold|69/100\n|\n|-weather|SunnyDay|[upkeep]\n|upkeep\n|turn|3\n|inactive|APazaDeUva has 30 seconds left.\n|inactive|TheCryInCryptid has 30 seconds left.\n|inactive|TheCryInCryptid has 20 seconds left.\n|\n|t:|1776272453\n|switch|p1a: Typhlosion|Typhlosion-Hisui, L50, F|100/100\n|switch|p2a: Gardevoir|Gardevoir, L50, F|100/100\n|move|p1b: Maushold|Follow Me|p1b: Maushold\n|-singleturn|p1b: Maushold|move: Follow Me\n|move|p2b: Whimsicott|Stun Spore|p1b: Maushold\n|-status|p1b: Maushold|par\n|\n|-weather|SunnyDay|[upkeep]\n|upkeep\n|turn|4\n|\n|t:|1776272476\n|switch|p1b: Whimsicott|Whimsicott, L50, M|100/100\n|detailschange|p2a: Gardevoir|Gardevoir-Mega, L50, F\n|-mega|p2a: Gardevoir|Gardevoir|Gardevoirite\n|move|p2b: Whimsicott|Protect|p2b: Whimsicott\n|-singleturn|p2b: Whimsicott|Protect\n|move|p1a: Typhlosion|Eruption|p2a: Gardevoir|[spread] p2a\n|-activate|p2b: Whimsicott|move: Protect\n|-damage|p2a: Gardevoir|12/100\n|move|p2a: Gardevoir|Hyper Voice|p1a: Typhlosion|[spread] p1a,p1b\n|-resisted|p1a: Typhlosion|1\n|-damage|p1a: Typhlosion|66/100\n|-damage|p1b: Whimsicott|28/100\n|\n|-weather|SunnyDay|[upkeep]\n|-sideend|p2: TheCryInCryptid|move: Tailwind\n|upkeep\n|turn|5\n|inactive|APazaDeUva has 30 seconds left.\n|\n|t:|1776272505\n|move|p2b: Whimsicott|Protect||[still]\n|-fail|p2b: Whimsicott\n|move|p2a: Gardevoir|Protect|p2a: Gardevoir\n|-singleturn|p2a: Gardevoir|Protect\n|move|p1b: Whimsicott|Dazzling Gleam|p2b: Whimsicott|[spread] p2b\n|-activate|p2a: Gardevoir|move: Protect\n|-damage|p2b: Whimsicott|67/100\n|move|p1a: Typhlosion|Eruption|p2a: Gardevoir|[spread] p2b\n|-activate|p2a: Gardevoir|move: Protect\n|-supereffective|p2b: Whimsicott|1\n|-damage|p2b: Whimsicott|0 fnt\n|faint|p2b: Whimsicott\n|\n|-weather|none\n|-sideend|p1: APazaDeUva|move: Tailwind\n|upkeep\n|\n|t:|1776272523\n|switch|p2b: Garchomp|Garchomp, L50, M|100/100\n|turn|6\n|\n|t:|1776272543\n|switch|p1a: Incineroar|Incineroar, L50, M|100/100\n|-ability|p1a: Incineroar|Intimidate|boost\n|-unboost|p2a: Gardevoir|atk|1\n|-unboost|p2b: Garchomp|atk|1\n|move|p2b: Garchomp|Earthquake|p1a: Incineroar|[spread] p2a,p1a,p1b\n|-supereffective|p1a: Incineroar|1\n|-resisted|p1b: Whimsicott|1\n|-damage|p2a: Gardevoir|0 fnt\n|-damage|p1a: Incineroar|53/100\n|-damage|p1b: Whimsicott|13/100\n|faint|p2a: Gardevoir\n|move|p1b: Whimsicott|Sunny Day|p1b: Whimsicott\n|-weather|SunnyDay\n|\n|-weather|SunnyDay|[upkeep]\n|upkeep\n|\n|t:|1776272555\n|switch|p2a: Kingambit|Kingambit, L50, F|100/100\n|turn|7\n|\n|t:|1776272564\n|move|p1b: Whimsicott|Tailwind|p1b: Whimsicott\n|-sidestart|p1: APazaDeUva|move: Tailwind\n|move|p2b: Garchomp|Earthquake|p1b: Whimsicott|[spread] p2a,p1a,p1b\n|-supereffective|p2a: Kingambit|1\n|-supereffective|p1a: Incineroar|1\n|-resisted|p1b: Whimsicott|1\n|-damage|p2a: Kingambit|52/100\n|-damage|p1a: Incineroar|7/100\n|-damage|p1b: Whimsicott|0 fnt\n|-enditem|p1a: Incineroar|Sitrus Berry|[eat]\n|-heal|p1a: Incineroar|32/100|[from] item: Sitrus Berry\n|faint|p1b: Whimsicott\n|move|p1a: Incineroar|Flare Blitz|p2a: Kingambit\n|-supereffective|p2a: Kingambit|1\n|-damage|p2a: Kingambit|0 fnt\n|faint|p2a: Kingambit\n|-damage|p1a: Incineroar|17/100|[from] Recoil\n|\n|-weather|SunnyDay|[upkeep]\n|upkeep\n|-message|TheCryInCryptid forfeited.\n|\n|win|APazaDeUva\n|raw|APazaDeUva's rating: 1009 &rarr; <strong>1048</strong><br />(+39 for winning)\n|raw|TheCryInCryptid's rating: 1012 &rarr; <strong>1000</strong><br />(-12 for losing)\n|l|\u2606TheCryInCryptid\n|player|p2|\n",
  "uploadtime": 1776272591,
  "views": 29,
  "formatid": "gen9championsvgc2026regma",
  "rating": 1000,
  "private": 0,
  "password": null
}