{
  "id": "gen9championsvgc2026regma-2582942753",
  "format": "[Gen 9 Champions] VGC 2026 Reg M-A",
  "players": [
    "MaxiSilv",
    "ilovemycharizard2"
  ],
  "log": "|j|\u2606MaxiSilv\n|j|\u2606ilovemycharizard2\n|t:|1776127085\n|gametype|doubles\n|player|p1|MaxiSilv|101|1260\n|player|p2|ilovemycharizard2|102|1244\n|gen|9\n|tier|[Gen 9 Champions] VGC 2026 Reg M-A\n|rated|\n|rule|Species Clause: Limit one of each Pok\u00e9mon\n|rule|Item Clause: Limit 1 of each item\n|clearpoke\n|poke|p1|Tyranitar, L50, F|\n|poke|p1|Excadrill, L50, M|\n|poke|p1|Delphox, L50, M|\n|poke|p1|Milotic, L50, M|\n|poke|p1|Sinistcha, L50|\n|poke|p1|Sylveon, L50, F|\n|poke|p2|Charizard, L50, F|\n|poke|p2|Venusaur, L50, F|\n|poke|p2|Incineroar, L50, F|\n|poke|p2|Rotom-Wash, L50|\n|poke|p2|Sneasler, L50, M|\n|poke|p2|Garchomp, L50, M|\n|teampreview|4\nMaxiSilv has agreed to open team sheets.\n|inactive|Battle timer is ON: inactive players will automatically lose when time's up. (requested by ilovemycharizard2)\n|\n|t:|1776127112\n|teamsize|p1|4\n|teamsize|p2|4\n|start\n|switch|p1a: Tyranitar|Tyranitar, L50, F|100/100\n|switch|p1b: Excadrill|Excadrill, L50, M|100/100\n|switch|p2a: Charizard|Charizard, L50, F, shiny|100/100\n|switch|p2b: Venusaur|Venusaur, L50, F, shiny|100/100\n|-weather|Sandstorm|[from] ability: Sand Stream|[of] p1a: Tyranitar\n|turn|1\n|inactive|MaxiSilv has 30 seconds left.\n|inactive|ilovemycharizard2 has 30 seconds left.\n|inactive|MaxiSilv has 20 seconds left.\n|\n|t:|1776127151\n|detailschange|p2a: Charizard|Charizard-Mega-Y, L50, F, shiny\n|-mega|p2a: Charizard|Charizard|Charizardite Y\n|-weather|SunnyDay|[from] ability: Drought|[of] p2a: Charizard\n|detailschange|p1a: Tyranitar|Tyranitar-Mega, L50, F\n|-mega|p1a: Tyranitar|Tyranitar|Tyranitarite\n|-weather|Sandstorm|[from] ability: Sand Stream|[of] p1a: Tyranitar\n|move|p2a: Charizard|Protect|p2a: Charizard\n|-singleturn|p2a: Charizard|Protect\n|move|p1b: Excadrill|Rock Slide|p2a: Charizard|[spread] p2b\n|-activate|p2a: Charizard|move: Protect\n|-damage|p2b: Venusaur|71/100\n|move|p2b: Venusaur|Sleep Powder|p1b: Excadrill\n|-status|p1b: Excadrill|slp|[from] move: Sleep Powder\n|move|p1a: Tyranitar|Rock Slide|p2a: Charizard|[spread] p2b\n|-activate|p2a: Charizard|move: Protect\n|-damage|p2b: Venusaur|28/100\n|\n|-weather|Sandstorm|[upkeep]\n|-damage|p2a: Charizard|95/100|[from] Sandstorm\n|-damage|p2b: Venusaur|22/100|[from] Sandstorm\n|upkeep\n|turn|2\n|inactive|MaxiSilv has 30 seconds left.\n|inactive|MaxiSilv has 20 seconds left.\n|inactive|MaxiSilv has 15 seconds left.\n|\n|t:|1776127195\n|switch|p2a: Garchomp|Garchomp, L50, M|100/100\n|move|p2b: Venusaur|Protect|p2b: Venusaur\n|-singleturn|p2b: Venusaur|Protect\n|move|p1a: Tyranitar|Protect|p1a: Tyranitar\n|-singleturn|p1a: Tyranitar|Protect\n|cant|p1b: Excadrill|slp\n|\n|-weather|Sandstorm|[upkeep]\n|-damage|p2b: Venusaur|17/100|[from] Sandstorm\n|upkeep\n|turn|3\n|c|\u2606ilovemycharizard2|nah should have know u would have mega evolve tyranitar\n|\n|t:|1776127215\n|switch|p1b: Sylveon|Sylveon, L50, F|100/100\n|switch|p2a: Charizard|Charizard-Mega-Y, L50, F, shiny|95/100\n|-weather|SunnyDay|[from] ability: Drought|[of] p2a: Charizard\n|switch|p1a: Milotic|Milotic, L50, M|100/100\n|move|p2b: Venusaur|Sleep Powder|p1a: Milotic|[miss]\n|-miss|p2b: Venusaur|p1a: Milotic\n|\n|-weather|SunnyDay|[upkeep]\n|upkeep\n|turn|4\n|\n|t:|1776127233\n|switch|p2a: Sneasler|Sneasler, L50, M, shiny|100/100\n|switch|p1b: Tyranitar|Tyranitar-Mega, L50, F|100/100\n|-weather|Sandstorm|[from] ability: Sand Stream|[of] p1b: Tyranitar\n|move|p2b: Venusaur|Leaf Storm|p1a: Milotic\n|-supereffective|p1a: Milotic|1\n|-damage|p1a: Milotic|16/100\n|-unboost|p2b: Venusaur|spa|2\n|move|p1a: Milotic|Icy Wind|p2b: Venusaur|[spread] p2a,p2b\n|-supereffective|p2b: Venusaur|1\n|-damage|p2a: Sneasler|88/100\n|-damage|p2b: Venusaur|0 fnt\n|-unboost|p2a: Sneasler|spe|1\n|faint|p2b: Venusaur\n|-enditem|p2a: Sneasler|White Herb\n|-clearnegativeboost|p2a: Sneasler|[silent]\n|\n|-weather|Sandstorm|[upkeep]\n|-damage|p2a: Sneasler|82/100|[from] Sandstorm\n|-damage|p1a: Milotic|10/100|[from] Sandstorm\n|-heal|p1a: Milotic|16/100|[from] item: Leftovers\n|upkeep\n|\n|t:|1776127253\n|switch|p2b: Charizard|Charizard-Mega-Y, L50, F, shiny|95/100\n|-weather|SunnyDay|[from] ability: Drought|[of] p2b: Charizard\n|turn|5\n|inactive|MaxiSilv has 30 seconds left.\n|\n|t:|1776127281\n|move|p1a: Milotic|Protect|p1a: Milotic\n|-singleturn|p1a: Milotic|Protect\n|move|p1b: Tyranitar|Protect|p1b: Tyranitar\n|-singleturn|p1b: Tyranitar|Protect\n|move|p2a: Sneasler|Close Combat|p1b: Tyranitar\n|-activate|p1b: Tyranitar|move: Protect\n|move|p2b: Charizard|Solar Beam||[still]\n|-prepare|p2b: Charizard|Solar Beam\n|-anim|p2b: Charizard|Solar Beam|p1a: Milotic\n|-activate|p1a: Milotic|move: Protect\n|\n|-weather|SunnyDay|[upkeep]\n|-heal|p1a: Milotic|22/100|[from] item: Leftovers\n|upkeep\n|turn|6\n|\n|t:|1776127301\n|switch|p1a: Excadrill|Excadrill, L50, M|100/100 slp\n|switch|p1b: Sylveon|Sylveon, L50, F|100/100\n|move|p2a: Sneasler|Dire Claw|p1b: Sylveon\n|-supereffective|p1b: Sylveon|1\n|-damage|p1b: Sylveon|8/100\n|move|p2b: Charizard|Solar Beam||[still]\n|-prepare|p2b: Charizard|Solar Beam\n|-anim|p2b: Charizard|Solar Beam|p1a: Excadrill\n|-damage|p1a: Excadrill|40/100 slp\n|\n|-weather|SunnyDay|[upkeep]\n|upkeep\n|turn|7\n|\n|t:|1776127318\n|switch|p2b: Garchomp|Garchomp, L50, M|100/100\n|switch|p1b: Tyranitar|Tyranitar-Mega, L50, F|100/100\n|-weather|Sandstorm|[from] ability: Sand Stream|[of] p1b: Tyranitar\n|move|p2a: Sneasler|Close Combat|p1a: Excadrill\n|-supereffective|p1a: Excadrill|1\n|-damage|p1a: Excadrill|0 fnt\n|-unboost|p2a: Sneasler|def|1\n|-unboost|p2a: Sneasler|spd|1\n|faint|p1a: Excadrill\n|\n|-weather|Sandstorm|[upkeep]\n|-damage|p2a: Sneasler|76/100|[from] Sandstorm\n|upkeep\n|\n|t:|1776127332\n|switch|p1a: Sylveon|Sylveon, L50, F|8/100\n|turn|8\n|\n|t:|1776127349\n|switch|p2a: Charizard|Charizard-Mega-Y, L50, F, shiny|95/100\n|-weather|SunnyDay|[from] ability: Drought|[of] p2a: Charizard\n|move|p2b: Garchomp|Earthquake|p1b: Tyranitar|[spread] p1a,p1b\n|-immune|p2a: Charizard\n|-supereffective|p1b: Tyranitar|1\n|-damage|p1a: Sylveon|0 fnt\n|-damage|p1b: Tyranitar|50/100\n|faint|p1a: Sylveon\n|move|p1b: Tyranitar|Rock Slide|p2b: Garchomp|[spread] p2a,p2b\n|-supereffective|p2a: Charizard|2\n|-resisted|p2b: Garchomp|1\n|-damage|p2a: Charizard|0 fnt\n|-damage|p2b: Garchomp|81/100\n|faint|p2a: Charizard\n|\n|-weather|SunnyDay|[upkeep]\n|upkeep\n|\n|t:|1776127364\n|switch|p2a: Sneasler|Sneasler, L50, M, shiny|76/100\n|switch|p1a: Milotic|Milotic, L50, M|22/100\n|turn|9\n|\n|t:|1776127376\n|move|p1b: Tyranitar|Protect|p1b: Tyranitar\n|-singleturn|p1b: Tyranitar|Protect\n|move|p2a: Sneasler|Fake Out|p1a: Milotic\n|-damage|p1a: Milotic|10/100\n|move|p2b: Garchomp|Earthquake|p1a: Milotic|[spread] p2a,p1a\n|-activate|p1b: Tyranitar|move: Protect\n|-supereffective|p2a: Sneasler|1\n|-damage|p2a: Sneasler|0 fnt\n|-damage|p1a: Milotic|0 fnt\n|faint|p2a: Sneasler\n|faint|p1a: Milotic\n|\n|-weather|SunnyDay|[upkeep]\n|upkeep\n|turn|10\n|\n|t:|1776127393\n|move|p2b: Garchomp|Earthquake|p1b: Tyranitar\n|-supereffective|p1b: Tyranitar|1\n|-damage|p1b: Tyranitar|0 fnt\n|faint|p1b: Tyranitar\n|\n|win|ilovemycharizard2\n|raw|MaxiSilv's rating: 1260 &rarr; <strong>1234</strong><br />(-26 for losing)\n|raw|ilovemycharizard2's rating: 1244 &rarr; <strong>1270</strong><br />(+26 for winning)\n|c|\u2606MaxiSilv|gg\n",
  "uploadtime": 1776127393,
  "views": 19,
  "formatid": "gen9championsvgc2026regma",
  "rating": 1234,
  "private": 0,
  "password": null
}