{
  "id": "gen9championsvgc2026regma-2581133339",
  "format": "[Gen 9 Champions] VGC 2026 Reg M-A",
  "players": [
    "TerraFunny",
    "L234S"
  ],
  "log": "|j|\u2606TerraFunny\n|j|\u2606L234S\n|t:|1775963073\n|gametype|doubles\n|player|p1|TerraFunny|265|1260\n|player|p2|L234S|265|1337\n|gen|9\n|tier|[Gen 9 Champions] VGC 2026 Reg M-A\n|rated|\n|rule|Species Clause: Limit one of each Pok\u00e9mon\n|rule|Item Clause: Limit 1 of each item\n|clearpoke\n|poke|p1|Glimmora, L50, M|\n|poke|p1|Froslass, L50, F|\n|poke|p1|Garchomp, L50, M|\n|poke|p1|Talonflame, L50, F|\n|poke|p1|Sneasler, L50, F|\n|poke|p1|Kingambit, L50, F|\n|poke|p2|Floette-Eternal, L50, F|\n|poke|p2|Aerodactyl, L50, M|\n|poke|p2|Incineroar, L50, M|\n|poke|p2|Milotic, L50, F|\n|poke|p2|Sinistcha, L50|\n|poke|p2|Garchomp, L50, F|\n|teampreview|4\n|inactive|Battle timer is ON: inactive players will automatically lose when time's up. (requested by TerraFunny)\n|\n|t:|1775963124\n|teamsize|p1|4\n|teamsize|p2|4\n|start\n|switch|p1a: Glimmora|Glimmora, L50, M|100/100\n|switch|p1b: Kingambit|Kingambit, L50, F|100/100\n|switch|p2a: Aerodactyl|Aerodactyl, L50, M|100/100\n|switch|p2b: Garchomp|Garchomp, L50, F|100/100\n|turn|1\n|inactive|TerraFunny has 30 seconds left.\n|inactive|TerraFunny has 20 seconds left.\n|inactive|TerraFunny has 15 seconds left.\n|inactive|TerraFunny has 10 seconds left.\n|\n|t:|1775963173\n|switch|p1a: Talonflame|Talonflame, L50, F|100/100\n|move|p2a: Aerodactyl|Tailwind|p2a: Aerodactyl\n|-sidestart|p2: L234S|move: Tailwind\n|move|p2b: Garchomp|Stomping Tantrum|p1b: Kingambit\n|-supereffective|p1b: Kingambit|1\n|-damage|p1b: Kingambit|34/100\n|move|p1b: Kingambit|Iron Head|p2a: Aerodactyl\n|-supereffective|p2a: Aerodactyl|1\n|-enditem|p2a: Aerodactyl|Focus Sash\n|-damage|p2a: Aerodactyl|1/100\n|\n|upkeep\n|turn|2\n|\n|t:|1775963192\n|move|p1a: Talonflame|Tailwind|p1a: Talonflame\n|-sidestart|p1: TerraFunny|move: Tailwind\n|move|p1b: Kingambit|Sucker Punch|p2a: Aerodactyl\n|-damage|p2a: Aerodactyl|0 fnt\n|faint|p2a: Aerodactyl\n|move|p2b: Garchomp|Stomping Tantrum|p1b: Kingambit\n|-supereffective|p1b: Kingambit|1\n|-damage|p1b: Kingambit|0 fnt\n|faint|p1b: Kingambit\n|\n|upkeep\n|\n|t:|1775963205\n|switch|p2a: Milotic|Milotic, L50, F|100/100\n|switch|p1b: Garchomp|Garchomp, L50, M|100/100\n|turn|3\n|\n|t:|1775963225\n|move|p1a: Talonflame|Brave Bird|p2a: Milotic\n|-damage|p2a: Milotic|49/100\n|-damage|p1a: Talonflame|78/100|[from] Recoil\n|move|p1b: Garchomp|Earthquake|p2a: Milotic|[spread] p2a,p2b\n|-immune|p1a: Talonflame\n|-damage|p2a: Milotic|8/100\n|-damage|p2b: Garchomp|49/100\n|move|p2b: Garchomp|Rock Slide|p1a: Talonflame|[spread] p1b\n|-miss|p2b: Garchomp|p1a: Talonflame\n|-resisted|p1b: Garchomp|1\n|-damage|p1b: Garchomp|91/100\n|move|p2a: Milotic|Icy Wind|p1a: Talonflame|[spread] p1a,p1b\n|-supereffective|p1b: Garchomp|2\n|-damage|p1a: Talonflame|59/100\n|-damage|p1b: Garchomp|37/100\n|-unboost|p1a: Talonflame|spe|1\n|-unboost|p1b: Garchomp|spe|1\n|\n|-heal|p2a: Milotic|14/100|[from] item: Leftovers\n|upkeep\n|turn|4\n|inactive|TerraFunny has 30 seconds left.\n|inactive|L234S has 30 seconds left.\n|inactive|TerraFunny has 20 seconds left.\n|inactive|TerraFunny has 15 seconds left.\n|inactive|TerraFunny has 10 seconds left.\n|inactive|TerraFunny has 5 seconds left.\n|\n|t:|1775963278\n|move|p1a: Talonflame|Protect|p1a: Talonflame\n|-singleturn|p1a: Talonflame|Protect\n|move|p1b: Garchomp|Protect|p1b: Garchomp\n|-singleturn|p1b: Garchomp|Protect\n|move|p2b: Garchomp|Rock Slide|p1a: Talonflame|[spread] \n|-activate|p1a: Talonflame|move: Protect\n|-activate|p1b: Garchomp|move: Protect\n|move|p2a: Milotic|Scald|p1a: Talonflame\n|-activate|p1a: Talonflame|move: Protect\n|\n|-heal|p2a: Milotic|20/100|[from] item: Leftovers\n|-sideend|p2: L234S|move: Tailwind\n|upkeep\n|turn|5\n|inactive|TerraFunny has 30 seconds left.\n|\n|t:|1775963309\n|switch|p1b: Glimmora|Glimmora, L50, M|100/100\n|move|p2b: Garchomp|Protect|p2b: Garchomp\n|-singleturn|p2b: Garchomp|Protect\n|move|p2a: Milotic|Protect|p2a: Milotic\n|-singleturn|p2a: Milotic|Protect\n|move|p1a: Talonflame|Brave Bird|p2a: Milotic\n|-activate|p2a: Milotic|move: Protect\n|\n|-heal|p2a: Milotic|26/100|[from] item: Leftovers\n|-sideend|p1: TerraFunny|move: Tailwind\n|upkeep\n|turn|6\n|inactive|L234S has 30 seconds left.\n|inactive|L234S has 20 seconds left.\n|\n|t:|1775963345\n|switch|p1a: Garchomp|Garchomp, L50, M|37/100\n|move|p1b: Glimmora|Spiky Shield|p1b: Glimmora\n|-singleturn|p1b: Glimmora|move: Protect\n|move|p2b: Garchomp|Rock Slide|p1a: Garchomp|[spread] p1a\n|-activate|p1b: Glimmora|move: Protect\n|-resisted|p1a: Garchomp|1\n|-damage|p1a: Garchomp|27/100\n|move|p2a: Milotic|Icy Wind|p1b: Glimmora|[spread] p1a\n|-activate|p1b: Glimmora|move: Protect\n|-supereffective|p1a: Garchomp|2\n|-damage|p1a: Garchomp|0 fnt\n|faint|p1a: Garchomp\n|\n|-heal|p2a: Milotic|32/100|[from] item: Leftovers\n|upkeep\n|\n|t:|1775963356\n|switch|p1a: Talonflame|Talonflame, L50, F|59/100\n|turn|7\n|inactive|TerraFunny has 30 seconds left.\n|inactive|TerraFunny has 20 seconds left.\n|\n|t:|1775963391\n|detailschange|p1b: Glimmora|Glimmora-Mega, L50, M\n|-mega|p1b: Glimmora|Glimmora|Glimmoranite\n|move|p1a: Talonflame|Brave Bird|p2b: Garchomp\n|-damage|p2b: Garchomp|0 fnt\n|-damage|p1a: Talonflame|46/100|[from] ability: Rough Skin|[of] p2b: Garchomp\n|faint|p2b: Garchomp\n|-damage|p1a: Talonflame|28/100|[from] Recoil\n|move|p1b: Glimmora|Sludge Wave|p2a: Milotic|[spread] p1a,p2a\n|-damage|p1a: Talonflame|0 fnt\n|-damage|p2a: Milotic|0 fnt\n|faint|p1a: Talonflame\n|faint|p2a: Milotic\n|\n|upkeep\n|\n|t:|1775963402\n|switch|p2b: Floette|Floette-Eternal, L50, F|100/100\n|turn|8\n|\n|t:|1775963407\n|detailschange|p2b: Floette|Floette-Mega, L50, F\n|-mega|p2b: Floette|Floette|Floettite\n|-ability|p2b: Floette|Fairy Aura\n|move|p1b: Glimmora|Sludge Wave|p2b: Floette\n|-supereffective|p2b: Floette|1\n|-damage|p2b: Floette|1/100\n|move|p2b: Floette|Moonblast|p1b: Glimmora\n|-resisted|p1b: Glimmora|1\n|-damage|p1b: Glimmora|55/100\n|\n|upkeep\n|turn|9\n|-message|L234S forfeited.\n|\n|win|TerraFunny\n|raw|TerraFunny's rating: 1260 &rarr; <strong>1290</strong><br />(+30 for winning)\n|raw|L234S's rating: 1337 &rarr; <strong>1313</strong><br />(-24 for losing)\n|l|\u2606L234S\n|player|p2|\n|l|\u2606TerraFunny\n|player|p1|\n",
  "uploadtime": 1775963460,
  "views": 18,
  "formatid": "gen9championsvgc2026regma",
  "rating": 1290,
  "private": 0,
  "password": null
}