{
  "id": "gen9championsvgc2026regma-2582965192",
  "format": "[Gen 9 Champions] VGC 2026 Reg M-A",
  "players": [
    "aguante colo",
    "superboy245"
  ],
  "log": "|j|\u2606aguante colo\n|j|\u2606superboy245\n|t:|1776129073\n|gametype|doubles\n|player|p1|aguante colo|101|1151\n|player|p2|superboy245|buck|1189\n|gen|9\n|tier|[Gen 9 Champions] VGC 2026 Reg M-A\n|rated|\n|rule|Species Clause: Limit one of each Pok\u00e9mon\n|rule|Item Clause: Limit 1 of each item\n|clearpoke\n|poke|p1|Charizard, L50, M|\n|poke|p1|Whimsicott, L50, M|\n|poke|p1|Kingambit, L50, F|\n|poke|p1|Garchomp, L50, M|\n|poke|p1|Dragonite, L50, M|\n|poke|p2|Greninja-*, L50, M|\n|poke|p2|Politoed, L50, M|\n|poke|p2|Basculegion, L50, M|\n|poke|p2|Lucario, L50, M|\n|poke|p2|Sinistcha, L50|\n|poke|p2|Toxicroak, L50, M|\n|teampreview|4\n|inactive|Battle timer is ON: inactive players will automatically lose when time's up. (requested by aguante colo)\nsuperboy245 rejected open team sheets.\n|inactive|superboy245 has 60 seconds left.\n|\n|t:|1776129130\n|teamsize|p1|4\n|teamsize|p2|4\n|start\n|switch|p1a: Charizard|Charizard, L50, M|100/100\n|switch|p1b: Whimsicott|Whimsicott, L50, M|100/100\n|switch|p2a: Greninja|Greninja, L50, M|100/100\n|switch|p2b: Toxicroak|Toxicroak, L50, M|100/100\n|turn|1\n|inactive|aguante colo has 30 seconds left.\n|inactive|superboy245 has 30 seconds left.\n|inactive|aguante colo has 20 seconds left.\n|inactive|superboy245 has 20 seconds left.\n|inactive|aguante colo has 15 seconds left.\n|inactive|superboy245 has 15 seconds left.\n|\n|t:|1776129173\n|detailschange|p2a: Greninja|Greninja-Mega, L50, M\n|-mega|p2a: Greninja|Greninja|Greninjite\n|detailschange|p1a: Charizard|Charizard-Mega-Y, L50, M\n|-mega|p1a: Charizard|Charizard|Charizardite Y\n|-weather|SunnyDay|[from] ability: Drought|[of] p1a: Charizard\n|move|p2a: Greninja|Surf|p1a: Charizard|[spread] p1a,p1b\n|-start|p2a: Greninja|typechange|Water|[from] ability: Protean\n|-immune|p2b: Toxicroak|[from] ability: Dry Skin\n|-supereffective|p1a: Charizard|1\n|-resisted|p1b: Whimsicott|1\n|-crit|p1b: Whimsicott\n|-damage|p1a: Charizard|70/100\n|-damage|p1b: Whimsicott|83/100\n|move|p2b: Toxicroak|Poison Jab|p1a: Charizard\n|-damage|p1a: Charizard|29/100\n|move|p1b: Whimsicott|Moonblast|p2a: Greninja\n|-damage|p2a: Greninja|62/100\n|move|p1a: Charizard|Scorching Sands|p2b: Toxicroak\n|-supereffective|p2b: Toxicroak|1\n|-enditem|p2b: Toxicroak|Focus Sash\n|-damage|p2b: Toxicroak|1/100\n|-status|p2b: Toxicroak|brn\n|\n|-weather|SunnyDay|[upkeep]\n|-damage|p2b: Toxicroak|0 fnt|[from] ability: Dry Skin|[of] p2b: Toxicroak\n|faint|p2b: Toxicroak\n|upkeep\n|\n|t:|1776129196\n|switch|p2b: Politoed|Politoed, L50, M|100/100\n|-weather|RainDance|[from] ability: Drizzle|[of] p2b: Politoed\n|turn|2\n|\n|t:|1776129211\n|switch|p1a: Kingambit|Kingambit, L50, F|100/100\n|move|p1b: Whimsicott|Tailwind|p1b: Whimsicott\n|-sidestart|p1: aguante colo|move: Tailwind\n|move|p2a: Greninja|Surf|p1b: Whimsicott|[spread] p2b,p1a,p1b\n|-resisted|p2b: Politoed|1\n|-resisted|p1b: Whimsicott|1\n|-damage|p2b: Politoed|84/100\n|-damage|p1a: Kingambit|52/100\n|-damage|p1b: Whimsicott|47/100\n|move|p2b: Politoed|Ice Beam|p1b: Whimsicott\n|-supereffective|p1b: Whimsicott|1\n|-damage|p1b: Whimsicott|0 fnt\n|faint|p1b: Whimsicott\n|\n|-weather|RainDance|[upkeep]\n|upkeep\n|\n|t:|1776129224\n|switch|p1b: Charizard|Charizard-Mega-Y, L50, M|29/100\n|-weather|SunnyDay|[from] ability: Drought|[of] p1b: Charizard\n|turn|3\n|\n|t:|1776129232\n|switch|p2b: Sinistcha|Sinistcha, L50|100/100\n|-heal|p2a: Greninja|86/100|[from] ability: Hospitality|[of] p2b: Sinistcha\n|move|p2a: Greninja|Protect|p2a: Greninja\n|-singleturn|p2a: Greninja|Protect\n|move|p1a: Kingambit|Sucker Punch||[still]\n|-fail|p1a: Kingambit\n|move|p1b: Charizard|Solar Beam||[still]\n|-prepare|p1b: Charizard|Solar Beam\n|-anim|p1b: Charizard|Solar Beam|p2b: Sinistcha\n|-resisted|p2b: Sinistcha|1\n|-damage|p2b: Sinistcha|70/100\n|\n|-weather|SunnyDay|[upkeep]\n|-heal|p2b: Sinistcha|76/100|[from] item: Leftovers\n|upkeep\n|turn|4\n|\n|t:|1776129253\n|switch|p1b: Dragonite|Dragonite, L50, M|100/100\n|move|p2b: Sinistcha|Rage Powder|p2b: Sinistcha\n|-singleturn|p2b: Sinistcha|move: Rage Powder\n|move|p1a: Kingambit|Sucker Punch||[still]\n|-fail|p1a: Kingambit\n|move|p2a: Greninja|Dark Pulse|p1b: Dragonite\n|-damage|p1b: Dragonite|75/100\n|\n|-weather|SunnyDay|[upkeep]\n|-heal|p1b: Dragonite|81/100|[from] item: Leftovers\n|-heal|p2b: Sinistcha|83/100|[from] item: Leftovers\n|upkeep\n|turn|5\n|\n|t:|1776129265\n|move|p1a: Kingambit|Protect|p1a: Kingambit\n|-singleturn|p1a: Kingambit|Protect\n|move|p2b: Sinistcha|Rage Powder|p2b: Sinistcha\n|-singleturn|p2b: Sinistcha|move: Rage Powder\n|move|p2a: Greninja|Ice Beam|p1b: Dragonite\n|-supereffective|p1b: Dragonite|2\n|-damage|p1b: Dragonite|0 fnt\n|faint|p1b: Dragonite\n|\n|-weather|SunnyDay|[upkeep]\n|-heal|p2b: Sinistcha|89/100|[from] item: Leftovers\n|-sideend|p1: aguante colo|move: Tailwind\n|upkeep\n|\n|t:|1776129272\n|switch|p1b: Charizard|Charizard-Mega-Y, L50, M|29/100\n|turn|6\n|\n|t:|1776129280\n|switch|p2b: Politoed|Politoed, L50, M|84/100\n|-weather|RainDance|[from] ability: Drizzle|[of] p2b: Politoed\n|move|p1a: Kingambit|Sucker Punch|p2a: Greninja\n|-damage|p2a: Greninja|27/100\n|move|p2a: Greninja|Surf|p1a: Kingambit|[spread] p2b,p1a,p1b\n|-resisted|p2b: Politoed|1\n|-supereffective|p1b: Charizard|1\n|-damage|p2b: Politoed|66/100\n|-damage|p1a: Kingambit|4/100\n|-damage|p1b: Charizard|0 fnt\n|faint|p1b: Charizard\n|\n|-weather|RainDance|[upkeep]\n|upkeep\n|turn|7\n|\n|t:|1776129299\n|switch|p2a: Sinistcha|Sinistcha, L50|89/100\n|-heal|p2b: Politoed|91/100|[from] ability: Hospitality|[of] p2a: Sinistcha\n|move|p1a: Kingambit|Sucker Punch||[still]\n|-fail|p1a: Kingambit\n|move|p2b: Politoed|Weather Ball|p1a: Kingambit\n|-damage|p1a: Kingambit|0 fnt\n|faint|p1a: Kingambit\n|\n|win|superboy245\n|raw|aguante colo's rating: 1151 &rarr; <strong>1129</strong><br />(-22 for losing)\n|raw|superboy245's rating: 1189 &rarr; <strong>1211</strong><br />(+22 for winning)\n",
  "uploadtime": 1776129305,
  "views": 14,
  "formatid": "gen9championsvgc2026regma",
  "rating": 1129,
  "private": 0,
  "password": null
}