{
  "id": "gen9championsvgc2026regma-2583194179",
  "format": "[Gen 9 Champions] VGC 2026 Reg M-A",
  "players": [
    "mangelpeirats",
    "Tamejo"
  ],
  "log": "|j|\u2606mangelpeirats\n|j|\u2606Tamejo\n|t:|1776153296\n|gametype|doubles\n|player|p1|mangelpeirats|102|1304\n|player|p2|Tamejo|caitlin|1373\n|gen|9\n|tier|[Gen 9 Champions] VGC 2026 Reg M-A\n|rated|\n|rule|Species Clause: Limit one of each Pok\u00e9mon\n|rule|Item Clause: Limit 1 of each item\n|clearpoke\n|poke|p1|Gallade, L50, M|\n|poke|p1|Maushold, L50|\n|poke|p1|Talonflame, L50, M|\n|poke|p1|Milotic, L50, F|\n|poke|p1|Garchomp, L50, M|\n|poke|p1|Aegislash, L50, M|\n|poke|p2|Dragapult, L50, M|\n|poke|p2|Farigiraf, L50, M|\n|poke|p2|Sylveon, L50, F|\n|poke|p2|Whimsicott, L50, M|\n|poke|p2|Glimmora, L50, M|\n|poke|p2|Crabominable, L50, F|\n|teampreview|4\n|c|\u2606mangelpeirats|could be the 3 time?\n|c|\u2606Tamejo|Yep\n|c|\u2606Tamejo|best of 3 I guess\n|c|\u2606Tamejo|gl hf\n|c|\u2606mangelpeirats|gl\n|\n|t:|1776153357\n|teamsize|p1|4\n|teamsize|p2|4\n|start\n|switch|p1a: Gallade|Gallade, L50, M|100/100\n|switch|p1b: Aegislash|Aegislash, L50, M|100/100\n|switch|p2a: Whimsicott|Whimsicott, L50, M|100/100\n|switch|p2b: Sylveon|Sylveon, L50, F|100/100\n|turn|1\n|\n|t:|1776153375\n|move|p1a: Gallade|Protect|p1a: Gallade\n|-singleturn|p1a: Gallade|Protect\n|move|p2a: Whimsicott|Sunny Day|p2a: Whimsicott\n|-weather|SunnyDay\n|move|p2b: Sylveon|Mystical Fire|p1b: Aegislash\n|-supereffective|p1b: Aegislash|1\n|-damage|p1b: Aegislash|47/100\n|-unboost|p1b: Aegislash|spa|1\n|-formechange|p1b: Aegislash|Aegislash-Blade|\n|move|p1b: Aegislash|Iron Head|p2a: Whimsicott\n|-supereffective|p2a: Whimsicott|1\n|-enditem|p2a: Whimsicott|Focus Sash\n|-damage|p2a: Whimsicott|1/100\n|\n|-weather|SunnyDay|[upkeep]\n|upkeep\n|turn|2\n|\n|t:|1776153404\n|switch|p1b: Maushold|Maushold, L50|100/100\n|detailschange|p1a: Gallade|Gallade-Mega, L50, M\n|-mega|p1a: Gallade|Gallade|Galladite\n|move|p2a: Whimsicott|Tailwind|p2a: Whimsicott\n|-sidestart|p2: Tamejo|move: Tailwind\n|move|p2b: Sylveon|Hyper Voice|p1a: Gallade|[spread] p1a,p1b\n|-supereffective|p1a: Gallade|1\n|-crit|p1a: Gallade\n|-damage|p1a: Gallade|30/100\n|-damage|p1b: Maushold|67/100\n|move|p1a: Gallade|Rock Slide|p2a: Whimsicott|[spread] p2a,p2b\n|-damage|p2a: Whimsicott|0 fnt\n|-damage|p2b: Sylveon|78/100\n|faint|p2a: Whimsicott\n|\n|-weather|SunnyDay|[upkeep]\n|-heal|p2b: Sylveon|84/100|[from] item: Leftovers\n|upkeep\n|\n|t:|1776153423\n|switch|p2a: Dragapult|Dragapult, L50, M|100/100\n|turn|3\n|\n|t:|1776153451\n|move|p1b: Maushold|Protect|p1b: Maushold\n|-singleturn|p1b: Maushold|Protect\n|move|p2a: Dragapult|Dragon Darts|p1a: Gallade\n|-damage|p1a: Gallade|12/100\n|-anim|p2a: Dragapult|Dragon Darts|p1a: Gallade\n|-damage|p1a: Gallade|0 fnt\n|faint|p1a: Gallade\n|move|p2b: Sylveon|Hyper Voice|p1b: Maushold\n|-activate|p1b: Maushold|move: Protect\n|\n|-weather|SunnyDay|[upkeep]\n|-heal|p2b: Sylveon|90/100|[from] item: Leftovers\n|upkeep\n|\n|t:|1776153465\n|switch|p1a: Aegislash|Aegislash, L50, M|47/100\n|turn|4\n|\n|t:|1776153478\n|move|p2b: Sylveon|Protect|p2b: Sylveon\n|-singleturn|p2b: Sylveon|Protect\n|move|p1b: Maushold|Follow Me|p1b: Maushold\n|-singleturn|p1b: Maushold|move: Follow Me\n|move|p2a: Dragapult|Dragon Darts|p1b: Maushold\n|-damage|p1b: Maushold|36/100\n|-anim|p2a: Dragapult|Dragon Darts|p1b: Maushold\n|-damage|p1b: Maushold|7/100\n|-formechange|p1a: Aegislash|Aegislash-Blade|\n|move|p1a: Aegislash|Iron Head|p2b: Sylveon\n|-activate|p2b: Sylveon|move: Protect\n|\n|-weather|SunnyDay|[upkeep]\n|-heal|p2b: Sylveon|96/100|[from] item: Leftovers\n|upkeep\n|turn|5\n|\n|t:|1776153490\n|move|p1b: Maushold|Protect|p1b: Maushold\n|-singleturn|p1b: Maushold|Protect\n|-formechange|p1a: Aegislash|Aegislash|\n|move|p1a: Aegislash|King's Shield|p1a: Aegislash\n|-singleturn|p1a: Aegislash|Protect\n|move|p2a: Dragapult|Dragon Darts|p1b: Maushold\n|-activate|p1a: Aegislash|move: Protect\n|move|p2b: Sylveon|Mystical Fire|p1a: Aegislash\n|-activate|p1a: Aegislash|move: Protect\n|\n|-weather|none\n|-heal|p2b: Sylveon|100/100|[from] item: Leftovers\n|-sideend|p2: Tamejo|move: Tailwind\n|upkeep\n|turn|6\n|\n|t:|1776153534\n|switch|p1b: Garchomp|Garchomp, L50, M|100/100\n|move|p2a: Dragapult|Dragon Darts|p1b: Garchomp\n|-supereffective|p1b: Garchomp|1\n|-damage|p1b: Garchomp|48/100\n|-anim|p2a: Dragapult|Dragon Darts|p1a: Aegislash\n|-resisted|p1a: Aegislash|1\n|-crit|p1a: Aegislash\n|-damage|p1a: Aegislash|32/100\n|move|p2b: Sylveon|Mystical Fire|p1a: Aegislash\n|-supereffective|p1a: Aegislash|1\n|-damage|p1a: Aegislash|0 fnt\n|faint|p1a: Aegislash\n|\n|upkeep\n|\n|t:|1776153543\n|switch|p1a: Maushold|Maushold, L50|7/100\n|turn|7\n|c|\u2606Tamejo|Ggs\n|\n|t:|1776153549\n|move|p1a: Maushold|Follow Me|p1a: Maushold\n|-singleturn|p1a: Maushold|move: Follow Me\n|move|p1b: Garchomp|Earthquake|p2a: Dragapult|[spread] p1a,p2a,p2b\n|-damage|p1a: Maushold|0 fnt\n|-damage|p2a: Dragapult|45/100\n|-damage|p2b: Sylveon|53/100\n|faint|p1a: Maushold\n|move|p2a: Dragapult|Dragon Darts|p1b: Garchomp\n|-supereffective|p1b: Garchomp|1\n|-damage|p1b: Garchomp|0 fnt\n|faint|p1b: Garchomp\n|\n|win|Tamejo\n|raw|mangelpeirats's rating: 1304 &rarr; <strong>1288</strong><br />(-16 for losing)\n|raw|Tamejo's rating: 1373 &rarr; <strong>1389</strong><br />(+16 for winning)\n|l|\u2606mangelpeirats\n|player|p1|\n",
  "uploadtime": 1776153557,
  "views": 43,
  "formatid": "gen9championsvgc2026regma",
  "rating": 1288,
  "private": 0,
  "password": null
}