{
  "id": "gen9championsvgc2026regma-2588653328",
  "format": "[Gen 9 Champions] VGC 2026 Reg M-A",
  "players": [
    "Kongojongo",
    "i8pooh"
  ],
  "log": "|j|\u2606Kongojongo\n|j|\u2606i8pooh\n|t:|1776654128\n|gametype|doubles\n|player|p1|Kongojongo|harlequin|1082\n|player|p2|i8pooh|265|1098\n|gen|9\n|tier|[Gen 9 Champions] VGC 2026 Reg M-A\n|rated|\n|rule|Species Clause: Limit one of each Pok\u00e9mon\n|rule|Item Clause: Limit 1 of each item\n|clearpoke\n|poke|p1|Sableye, L50, M|\n|poke|p1|Aerodactyl, L50, M|\n|poke|p1|Pelipper, L50, F|\n|poke|p1|Victreebel, L50, F|\n|poke|p1|Archaludon, L50, F|\n|poke|p1|Farigiraf, L50, F|\n|poke|p2|Maushold, L50, shiny|\n|poke|p2|Froslass, L50, F|\n|poke|p2|Araquanid, L50, F|\n|poke|p2|Slowking, L50, M, shiny|\n|poke|p2|Arcanine-Hisui, L50, F|\n|poke|p2|Farigiraf, L50, M|\n|teampreview|4\n|\n|t:|1776654177\n|teamsize|p1|4\n|teamsize|p2|4\n|start\n|switch|p1a: Fidget|Sableye, L50, M|100/100\n|switch|p1b: Plouper|Pelipper, L50, F|100/100\n|switch|p2a: Slowking|Slowking, L50, M, shiny|100/100\n|switch|p2b: Maushold|Maushold, L50, shiny|100/100\n|-weather|RainDance|[from] ability: Drizzle|[of] p1b: Plouper\n|turn|1\n|\n|t:|1776654196\n|switch|p2b: Farigiraf|Farigiraf, L50, M|100/100\n|move|p1a: Fidget|Fake Out||[still]\n|cant|p2b: Farigiraf|ability: Armor Tail|Fake Out|[of] p1a: Fidget\n|move|p1b: Plouper|Hurricane|p2b: Farigiraf\n|-damage|p2b: Farigiraf|63/100\n|move|p2a: Slowking|Scald|p1a: Fidget\n|-damage|p1a: Fidget|20/100\n|-status|p1a: Fidget|brn\n|\n|-weather|RainDance|[upkeep]\n|-damage|p1a: Fidget|15/100 brn|[from] brn\n|upkeep\n|turn|2\n|\n|t:|1776654227\n|move|p1a: Fidget|Light Screen|p1a: Fidget\n|-sidestart|p1: Kongojongo|move: Light Screen\n|move|p1b: Plouper|Tailwind|p1b: Plouper\n|-sidestart|p1: Kongojongo|move: Tailwind\n|move|p2a: Slowking|Psychic|p1b: Plouper\n|-damage|p1b: Plouper|65/100\n|move|p2b: Farigiraf|Trick Room|p2b: Farigiraf\n|-fieldstart|move: Trick Room|[of] p2b: Farigiraf\n|\n|-weather|RainDance|[upkeep]\n|-damage|p1a: Fidget|9/100 brn|[from] brn\n|upkeep\n|turn|3\n|\n|t:|1776654251\n|switch|p1a: Staples|Archaludon, L50, F|100/100\n|-prepare|p2a: Slowking|Chilly Reception|[premajor]\n|move|p2a: Slowking|Chilly Reception|p2a: Slowking\n|-weather|Snowscape\n|\n|t:|1776654258\n|switch|p2a: Froslass|Froslass, L50, F|100/100|[from] Chilly Reception\n|move|p2b: Farigiraf|Dazzling Gleam|p1a: Staples|[spread] p1a,p1b\n|-damage|p1a: Staples|85/100\n|-damage|p1b: Plouper|51/100\n|-ability|p1a: Staples|Stamina|boost\n|-boost|p1a: Staples|def|1\n|move|p1b: Plouper|Hurricane|p2a: Froslass\n|-damage|p2a: Froslass|43/100\n|\n|-weather|Snowscape|[upkeep]\n|-heal|p1a: Staples|91/100|[from] item: Leftovers\n|upkeep\n|turn|4\n|\n|t:|1776654279\n|switch|p1b: Fidget|Sableye, L50, M|9/100 brn\n|detailschange|p2a: Froslass|Froslass-Mega, L50, F\n|-mega|p2a: Froslass|Froslass|Froslassite\n|move|p2b: Farigiraf|Dazzling Gleam|p1b: Fidget|[spread] p1a,p1b\n|-supereffective|p1b: Fidget|1\n|-damage|p1a: Staples|76/100\n|-damage|p1b: Fidget|0 fnt\n|-ability|p1a: Staples|Stamina|boost\n|-boost|p1a: Staples|def|1\n|faint|p1b: Fidget\n|move|p2a: Froslass|Blizzard|p1a: Staples\n|-damage|p1a: Staples|33/100\n|-ability|p1a: Staples|Stamina|boost\n|-boost|p1a: Staples|def|1\n|move|p1a: Staples|Flash Cannon|p2a: Froslass\n|-supereffective|p2a: Froslass|1\n|-damage|p2a: Froslass|0 fnt\n|faint|p2a: Froslass\n|\n|-weather|Snowscape|[upkeep]\n|-heal|p1a: Staples|39/100|[from] item: Leftovers\n|upkeep\n|\n|t:|1776654298\n|switch|p1b: Plouper|Pelipper, L50, F|51/100\n|switch|p2a: Slowking|Slowking, L50, M, shiny|100/100\n|-weather|RainDance|[from] ability: Drizzle|[of] p1b: Plouper\n|turn|5\n|\n|t:|1776654324\n|move|p2a: Slowking|Blizzard|p1a: Staples|[spread] p1a,p1b\n|-damage|p1a: Staples|20/100\n|-damage|p1b: Plouper|31/100\n|-ability|p1a: Staples|Stamina|boost\n|-boost|p1a: Staples|def|1\n|-enditem|p1b: Plouper|Sitrus Berry|[eat]\n|-heal|p1b: Plouper|55/100|[from] item: Sitrus Berry\n|move|p2b: Farigiraf|Dazzling Gleam|p1b: Plouper|[spread] p1a,p1b\n|-damage|p1a: Staples|5/100\n|-damage|p1b: Plouper|41/100\n|-ability|p1a: Staples|Stamina|boost\n|-boost|p1a: Staples|def|1\n|move|p1b: Plouper|Hurricane|p2b: Farigiraf\n|-damage|p2b: Farigiraf|29/100\n|move|p1a: Staples|Electro Shot||[still]\n|-prepare|p1a: Staples|Electro Shot\n|-boost|p1a: Staples|spa|1\n|-anim|p1a: Staples|Electro Shot|p2a: Slowking\n|-supereffective|p2a: Slowking|1\n|-damage|p2a: Slowking|7/100\n|\n|-weather|RainDance|[upkeep]\n|-heal|p1a: Staples|11/100|[from] item: Leftovers\n|-sideend|p1: Kongojongo|move: Tailwind\n|upkeep\n|turn|6\n|\n|t:|1776654351\n|move|p1a: Staples|Protect|p1a: Staples\n|-singleturn|p1a: Staples|Protect\n|-prepare|p2a: Slowking|Chilly Reception|[premajor]\n|move|p2a: Slowking|Chilly Reception|p2a: Slowking\n|-weather|Snowscape\n|\n|t:|1776654359\n|switch|p2a: Maushold|Maushold, L50, shiny|100/100|[from] Chilly Reception\n|move|p2b: Farigiraf|Dazzling Gleam|p1a: Staples|[spread] p1b\n|-activate|p1a: Staples|move: Protect\n|-damage|p1b: Plouper|27/100\n|move|p1b: Plouper|Hurricane|p2b: Farigiraf\n|-damage|p2b: Farigiraf|2/100\n|\n|-weather|Snowscape|[upkeep]\n|-heal|p1a: Staples|17/100|[from] item: Leftovers\n|-sideend|p1: Kongojongo|move: Light Screen\n|-fieldend|move: Trick Room\n|upkeep\n|turn|7\n|\n|t:|1776654385\n|move|p2a: Maushold|Follow Me|p2a: Maushold\n|-singleturn|p2a: Maushold|move: Follow Me\n|move|p1a: Staples|Draco Meteor|p2a: Maushold\n|-enditem|p2a: Maushold|Focus Sash\n|-damage|p2a: Maushold|1/100\n|-unboost|p1a: Staples|spa|2\n|move|p1b: Plouper|Tailwind|p1b: Plouper\n|-sidestart|p1: Kongojongo|move: Tailwind\n|move|p2b: Farigiraf|Energy Ball|p1b: Plouper\n|-damage|p1b: Plouper|0 fnt\n|faint|p1b: Plouper\n|\n|-weather|Snowscape|[upkeep]\n|-heal|p1a: Staples|23/100|[from] item: Leftovers\n|upkeep\n|\n|t:|1776654398\n|switch|p1b: Dog|Farigiraf, L50, F|100/100\n|turn|8\n|\n|t:|1776654411\n|move|p1a: Staples|Protect|p1a: Staples\n|-singleturn|p1a: Staples|Protect\n|move|p2a: Maushold|Follow Me|p2a: Maushold\n|-singleturn|p2a: Maushold|move: Follow Me\n|move|p1b: Dog|Hyper Voice|p2a: Maushold|[spread] p2a,p2b\n|-damage|p2a: Maushold|0 fnt\n|-damage|p2b: Farigiraf|0 fnt\n|faint|p2a: Maushold\n|faint|p2b: Farigiraf\n|\n|-weather|Snowscape|[upkeep]\n|-heal|p1a: Staples|29/100|[from] item: Leftovers\n|upkeep\n|\n|t:|1776654418\n|switch|p2b: Slowking|Slowking, L50, M, shiny|41/100\n|turn|9\n|\n|t:|1776654430\n|move|p1a: Staples|Electro Shot||[still]\n|-prepare|p1a: Staples|Electro Shot\n|-boost|p1a: Staples|spa|1\n|move|p1b: Dog|Hyper Voice|p2b: Slowking\n|-damage|p2b: Slowking|6/100\n|move|p2b: Slowking|Blizzard|p1a: Staples|[spread] p1a,p1b\n|-damage|p1a: Staples|0 fnt\n|-damage|p1b: Dog|77/100\n|faint|p1a: Staples\n|\n|-weather|Snowscape|[upkeep]\n|upkeep\n|turn|10\n|\n|t:|1776654440\n|move|p1b: Dog|Hyper Voice|p2b: Slowking\n|-damage|p2b: Slowking|0 fnt\n|faint|p2b: Slowking\n|\n|win|Kongojongo\n|raw|Kongojongo's rating: 1082 &rarr; <strong>1111</strong><br />(+29 for winning)\n|raw|i8pooh's rating: 1098 &rarr; <strong>1072</strong><br />(-26 for losing)\n|c|\u2606Kongojongo|gg\n|l|\u2606i8pooh\n|player|p2|\n",
  "uploadtime": 1776654445,
  "views": 7,
  "formatid": "gen9championsvgc2026regma",
  "rating": 1072,
  "private": 0,
  "password": null
}