{
  "id": "gen9championsvgc2026regma-2585549481",
  "format": "[Gen 9 Champions] VGC 2026 Reg M-A",
  "players": [
    "Qwertyyy123",
    "jasonrfry"
  ],
  "log": "|j|\u2606Qwertyyy123\n|j|\u2606jasonrfry\n|t:|1776354859\n|gametype|doubles\n|player|p1|Qwertyyy123|morty|1248\n|player|p2|jasonrfry|102|1242\n|gen|9\n|tier|[Gen 9 Champions] VGC 2026 Reg M-A\n|rated|\n|rule|Species Clause: Limit one of each Pok\u00e9mon\n|rule|Item Clause: Limit 1 of each item\n|clearpoke\n|poke|p1|Jolteon, L50, M|\n|poke|p1|Froslass, L50, F|\n|poke|p1|Garchomp, L50, F|\n|poke|p1|Sneasler, L50, F|\n|poke|p1|Milotic, L50, F|\n|poke|p1|Talonflame, L50, M|\n|poke|p2|Mimikyu, L50, F|\n|poke|p2|Meganium, L50, F|\n|poke|p2|Primarina, L50, F|\n|poke|p2|Sneasler, L50, M|\n|poke|p2|Torkoal, L50, M|\n|poke|p2|Kingambit, L50, F|\n|teampreview|4\n|inactive|Battle timer is ON: inactive players will automatically lose when time's up. (requested by jasonrfry)\n|\n|t:|1776354906\n|teamsize|p1|4\n|teamsize|p2|4\n|start\n|switch|p1a: Froslass|Froslass, L50, F|100/100\n|switch|p1b: Milotic|Milotic, L50, F|100/100\n|switch|p2a: Mimikyu|Mimikyu, L50, F, shiny|100/100\n|switch|p2b: Primarina|Primarina, L50, F, shiny|100/100\n|turn|1\n|\n|t:|1776354921\n|detailschange|p1a: Froslass|Froslass-Mega, L50, F\n|-mega|p1a: Froslass|Froslass|Froslassite\n|-weather|Snowscape|[from] ability: Snow Warning|[of] p1a: Froslass\n|move|p1a: Froslass|Blizzard|p2b: Primarina|[spread] p2a,p2b\n|-resisted|p2b: Primarina|1\n|-activate|p2a: Mimikyu|ability: Disguise\n|-damage|p2a: Mimikyu|100/100\n|-damage|p2b: Primarina|81/100\n|detailschange|p2a: Mimikyu|Mimikyu-Busted, L50, F, shiny\n|-damage|p2a: Mimikyu|88/100|[from] pokemon: Mimikyu-Busted\n|move|p1b: Milotic|Coil|p1b: Milotic\n|-boost|p1b: Milotic|atk|1\n|-boost|p1b: Milotic|def|1\n|-boost|p1b: Milotic|accuracy|1\n|move|p2b: Primarina|Hyper Voice|p1a: Froslass|[spread] p1a,p1b\n|-resisted|p1b: Milotic|1\n|-damage|p1a: Froslass|49/100\n|-damage|p1b: Milotic|84/100\n|move|p2a: Mimikyu|Trick Room|p2a: Mimikyu\n|-fieldstart|move: Trick Room|[of] p2a: Mimikyu\n|\n|-weather|Snowscape|[upkeep]\n|-heal|p1b: Milotic|91/100|[from] item: Leftovers\n|upkeep\n|turn|2\n|inactive|Qwertyyy123 has 30 seconds left.\n|\n|t:|1776354949\n|move|p1a: Froslass|Protect|p1a: Froslass\n|-singleturn|p1a: Froslass|Protect\n|move|p2b: Primarina|Moonblast|p1a: Froslass\n|-activate|p1a: Froslass|move: Protect\n|move|p2a: Mimikyu|Curse|p1b: Milotic\n|-start|p1b: Milotic|Curse|[of] p2a: Mimikyu\n|-damage|p2a: Mimikyu|38/100\n|move|p1b: Milotic|Blizzard|p2a: Mimikyu|[spread] p2a,p2b\n|-resisted|p2b: Primarina|1\n|-damage|p2a: Mimikyu|23/100\n|-damage|p2b: Primarina|71/100\n|\n|-weather|Snowscape|[upkeep]\n|-heal|p1b: Milotic|97/100|[from] item: Leftovers\n|-damage|p1b: Milotic|72/100|[from] Curse\n|upkeep\n|turn|3\n|\n|t:|1776354973\n|switch|p1b: Sneasler|Sneasler, L50, F|100/100\n|move|p2b: Primarina|Hyper Voice|p1b: Sneasler|[spread] p1a,p1b\n|-damage|p1a: Froslass|0 fnt\n|-damage|p1b: Sneasler|45/100\n|faint|p1a: Froslass\n|move|p2a: Mimikyu|Curse|p1b: Sneasler\n|-start|p1b: Sneasler|Curse|[of] p2a: Mimikyu\n|-damage|p2a: Mimikyu|0 fnt\n|faint|p2a: Mimikyu\n|\n|-weather|Snowscape|[upkeep]\n|-damage|p1b: Sneasler|20/100|[from] Curse\n|upkeep\n|\n|t:|1776354988\n|switch|p2a: Torkoal|Torkoal, L50, M|100/100\n|switch|p1a: Talonflame|Talonflame, L50, M|100/100\n|-weather|SunnyDay|[from] ability: Drought|[of] p2a: Torkoal\n|turn|4\n|\n|t:|1776354996\n|switch|p1b: Milotic|Milotic, L50, F|72/100\n|move|p2a: Torkoal|Protect|p2a: Torkoal\n|-singleturn|p2a: Torkoal|Protect\n|move|p2b: Primarina|Protect|p2b: Primarina\n|-singleturn|p2b: Primarina|Protect\n|move|p1a: Talonflame|Protect||[still]\n|-fail|p1a: Talonflame\n|\n|-weather|SunnyDay|[upkeep]\n|-heal|p1b: Milotic|78/100|[from] item: Leftovers\n|upkeep\n|turn|5\n|\n|t:|1776355014\n|move|p1a: Talonflame|Dual Wingbeat|p2b: Primarina\n|-damage|p2b: Primarina|52/100\n|-damage|p2b: Primarina|32/100\n|-hitcount|p2b: Primarina|2\n|move|p2a: Torkoal|Weather Ball|p1a: Talonflame\n|-resisted|p1a: Talonflame|1\n|-damage|p1a: Talonflame|50/100\n|-enditem|p1a: Talonflame|Sitrus Berry|[eat]\n|-heal|p1a: Talonflame|75/100|[from] item: Sitrus Berry\n|move|p2b: Primarina|Hyper Voice|p1b: Milotic|[spread] p1a,p1b\n|-supereffective|p1a: Talonflame|1\n|-crit|p1a: Talonflame\n|-resisted|p1b: Milotic|1\n|-damage|p1a: Talonflame|0 fnt\n|-damage|p1b: Milotic|70/100\n|faint|p1a: Talonflame\n|move|p1b: Milotic|Recover|p1b: Milotic\n|-heal|p1b: Milotic|100/100\n|\n|-weather|SunnyDay|[upkeep]\n|-fieldend|move: Trick Room\n|upkeep\n|\n|t:|1776355033\n|switch|p1a: Sneasler|Sneasler, L50, F|20/100\n|turn|6\n|\n|t:|1776355045\n|move|p1a: Sneasler|Protect|p1a: Sneasler\n|-singleturn|p1a: Sneasler|Protect\n|move|p1b: Milotic|Scald|p2a: Torkoal\n|-supereffective|p2a: Torkoal|1\n|-damage|p2a: Torkoal|56/100\n|move|p2b: Primarina|Hyper Voice|p1b: Milotic|[spread] p1b\n|-activate|p1a: Sneasler|move: Protect\n|-resisted|p1b: Milotic|1\n|-damage|p1b: Milotic|93/100\n|move|p2a: Torkoal|Weather Ball|p1a: Sneasler\n|-activate|p1a: Sneasler|move: Protect\n|\n|-weather|SunnyDay|[upkeep]\n|-heal|p1b: Milotic|99/100|[from] item: Leftovers\n|upkeep\n|turn|7\n|\n|t:|1776355064\n|move|p1a: Sneasler|Dire Claw|p2a: Torkoal\n|-damage|p2a: Torkoal|20/100\n|move|p1b: Milotic|Scald|p2a: Torkoal\n|-supereffective|p2a: Torkoal|1\n|-damage|p2a: Torkoal|0 fnt\n|faint|p2a: Torkoal\n|move|p2b: Primarina|Hyper Voice|p1b: Milotic|[spread] p1a,p1b\n|-resisted|p1b: Milotic|1\n|-damage|p1a: Sneasler|0 fnt\n|-damage|p1b: Milotic|90/100\n|faint|p1a: Sneasler\n|\n|-weather|SunnyDay|[upkeep]\n|-heal|p1b: Milotic|96/100|[from] item: Leftovers\n|upkeep\n|\n|t:|1776355068\n|switch|p2a: Meganium|Meganium, L50, F|100/100\n|turn|8\n|\n|t:|1776355082\n|detailschange|p2a: Meganium|Meganium-Mega, L50, F\n|-mega|p2a: Meganium|Meganium|Meganiumite\n|move|p1b: Milotic|Blizzard|p2b: Primarina|[spread] \n|-miss|p1b: Milotic|p2a: Meganium\n|-miss|p1b: Milotic|p2b: Primarina\n|move|p2a: Meganium|Solar Beam||[still]\n|-prepare|p2a: Meganium|Solar Beam\n|-anim|p2a: Meganium|Solar Beam|p1b: Milotic\n|-supereffective|p1b: Milotic|1\n|-damage|p1b: Milotic|0 fnt\n|faint|p1b: Milotic\n|\n|win|jasonrfry\n|raw|Qwertyyy123's rating: 1248 &rarr; <strong>1223</strong><br />(-25 for losing)\n|raw|jasonrfry's rating: 1242 &rarr; <strong>1267</strong><br />(+25 for winning)\n|l|\u2606Qwertyyy123\n|player|p1|\n",
  "uploadtime": 1776355105,
  "views": 23,
  "formatid": "gen9championsvgc2026regma",
  "rating": 1223,
  "private": 0,
  "password": null
}