{
  "id": "gen9championsvgc2026regma-2580795364",
  "format": "[Gen 9 Champions] VGC 2026 Reg M-A",
  "players": [
    "Mr.Nidoom",
    "Terminnathan"
  ],
  "log": "|j|\u2606Mr.Nidoom\n|j|\u203dTerminnathan\n|t:|1775933110\n|gametype|doubles\n|player|p1|Mr.Nidoom|backpacker|1000\n|player|p2|Terminnathan|nate|1000\n|gen|9\n|tier|[Gen 9 Champions] VGC 2026 Reg M-A\n|rated|\n|rule|Species Clause: Limit one of each Pok\u00e9mon\n|rule|Item Clause: Limit 1 of each item\n|clearpoke\n|poke|p1|Pelipper, L50, F|\n|poke|p1|Archaludon, L50, F|\n|poke|p1|Basculegion, L50, M|\n|poke|p1|Meganium, L50, M|\n|poke|p1|Sinistcha, L50|\n|poke|p1|Sneasler, L50, F|\n|poke|p2|Camerupt, L50, M|\n|poke|p2|Farigiraf, L50, F|\n|poke|p2|Torkoal, L50, M|\n|poke|p2|Incineroar, L50, M|\n|poke|p2|Primarina, L50, F|\n|poke|p2|Crabominable, L50, M|\n|teampreview|4\n|\n|t:|1775933139\n|teamsize|p1|4\n|teamsize|p2|4\n|start\n|switch|p1a: Pelipper|Pelipper, L50, F|100/100\n|switch|p1b: Archaludon|Archaludon, L50, F|100/100\n|switch|p2a: Farigiraf|Farigiraf, L50, F|100/100\n|switch|p2b: Primarina|Primarina, L50, F|100/100\n|-weather|RainDance|[from] ability: Drizzle|[of] p1a: Pelipper\n|turn|1\n|\n|t:|1775933156\n|move|p2b: Primarina|Protect|p2b: Primarina\n|-singleturn|p2b: Primarina|Protect\n|move|p1b: Archaludon|Electro Shot||[still]\n|-prepare|p1b: Archaludon|Electro Shot\n|-boost|p1b: Archaludon|spa|1\n|-anim|p1b: Archaludon|Electro Shot|p2b: Primarina\n|-activate|p2b: Primarina|move: Protect\n|move|p1a: Pelipper|Tailwind|p1a: Pelipper\n|-sidestart|p1: Mr.Nidoom|move: Tailwind\n|move|p2a: Farigiraf|Trick Room|p2a: Farigiraf\n|-fieldstart|move: Trick Room|[of] p2a: Farigiraf\n|\n|-weather|RainDance|[upkeep]\n|upkeep\n|turn|2\n|\n|t:|1775933186\n|switch|p1a: Meganium|Meganium, L50, M|100/100\n|move|p2b: Primarina|Moonblast|p1b: Archaludon\n|-damage|p1b: Archaludon|24/100\n|-ability|p1b: Archaludon|Stamina|boost\n|-boost|p1b: Archaludon|def|1\n|move|p2a: Farigiraf|Psyshock|p1b: Archaludon\n|-resisted|p1b: Archaludon|1\n|-damage|p1b: Archaludon|13/100\n|-ability|p1b: Archaludon|Stamina|boost\n|-boost|p1b: Archaludon|def|1\n|move|p1b: Archaludon|Draco Meteor|p2a: Farigiraf\n|-damage|p2a: Farigiraf|0 fnt\n|-unboost|p1b: Archaludon|spa|2\n|faint|p2a: Farigiraf\n|\n|-weather|RainDance|[upkeep]\n|upkeep\n|\n|t:|1775933202\n|switch|p2a: Crabominable|Crabominable, L50, M|100/100\n|turn|3\n|\n|t:|1775933220\n|detailschange|p2a: Crabominable|Crabominable-Mega, L50, M\n|-mega|p2a: Crabominable|Crabominable|Crabominite\n|detailschange|p1a: Meganium|Meganium-Mega, L50, M\n|-mega|p1a: Meganium|Meganium|Meganiumite\n|move|p2a: Crabominable|Ice Hammer|p1a: Meganium\n|-supereffective|p1a: Meganium|1\n|-damage|p1a: Meganium|0 fnt\n|-unboost|p2a: Crabominable|spe|1\n|faint|p1a: Meganium\n|move|p2b: Primarina|Moonblast|p1b: Archaludon\n|-crit|p1b: Archaludon\n|-damage|p1b: Archaludon|0 fnt\n|faint|p1b: Archaludon\n|\n|-weather|RainDance|[upkeep]\n|upkeep\n|\n|t:|1775933230\n|switch|p1a: Pelipper|Pelipper, L50, F|100/100\n|switch|p1b: Basculegion|Basculegion, L50, M|100/100\n|turn|4\n|\n|t:|1775933243\n|move|p1a: Pelipper|Protect|p1a: Pelipper\n|-singleturn|p1a: Pelipper|Protect\n|move|p1b: Basculegion|Protect|p1b: Basculegion\n|-singleturn|p1b: Basculegion|Protect\n|move|p2a: Crabominable|Ice Hammer|p1a: Pelipper\n|-activate|p1a: Pelipper|move: Protect\n|move|p2b: Primarina|Flip Turn|p1b: Basculegion\n|-activate|p1b: Basculegion|move: Protect\n|\n|-weather|RainDance|[upkeep]\n|-sideend|p1: Mr.Nidoom|move: Tailwind\n|upkeep\n|turn|5\n|\n|t:|1775933265\n|move|p2a: Crabominable|Ice Hammer|p1a: Pelipper\n|-damage|p1a: Pelipper|3/100\n|-unboost|p2a: Crabominable|spe|1\n|move|p2b: Primarina|Hyper Voice|p1a: Pelipper|[spread] p1a,p1b\n|-resisted|p1a: Pelipper|1\n|-resisted|p1b: Basculegion|1\n|-damage|p1a: Pelipper|0 fnt\n|-damage|p1b: Basculegion|61/100\n|faint|p1a: Pelipper\n|move|p1b: Basculegion|Last Respects|p2b: Primarina\n|-damage|p2b: Primarina|0 fnt\n|faint|p2b: Primarina\n|\n|-weather|none\n|-fieldend|move: Trick Room\n|upkeep\n|\n|t:|1775933276\n|switch|p2b: Incineroar|Incineroar, L50, M|100/100\n|-ability|p2b: Incineroar|Intimidate|boost\n|-unboost|p1b: Basculegion|atk|1\n|turn|6\n|\n|t:|1775933291\n|move|p1b: Basculegion|Last Respects|p2a: Crabominable\n|-damage|p2a: Crabominable|46/100\n|move|p2b: Incineroar|Flare Blitz|p1b: Basculegion\n|-resisted|p1b: Basculegion|1\n|-damage|p1b: Basculegion|29/100\n|-damage|p2b: Incineroar|90/100|[from] Recoil\n|move|p2a: Crabominable|Ice Hammer|p1b: Basculegion|[miss]\n|-miss|p2a: Crabominable|p1b: Basculegion\n|\n|-heal|p2b: Incineroar|96/100|[from] item: Leftovers\n|upkeep\n|turn|7\n|\n|t:|1775933305\n|move|p1b: Basculegion|Last Respects|p2a: Crabominable\n|-damage|p2a: Crabominable|0 fnt\n|faint|p2a: Crabominable\n|move|p2b: Incineroar|Flare Blitz|p1b: Basculegion\n|-resisted|p1b: Basculegion|1\n|-damage|p1b: Basculegion|2/100\n|-status|p1b: Basculegion|brn\n|-damage|p2b: Incineroar|87/100|[from] Recoil\n|\n|-heal|p2b: Incineroar|93/100|[from] item: Leftovers\n|-damage|p1b: Basculegion|0 fnt|[from] brn\n|faint|p1b: Basculegion\n|\n|win|Terminnathan\n|raw|Mr.Nidoom's rating: 1000 &rarr; <strong>1000</strong><br />(+0 for losing)\n|raw|Terminnathan's rating: 1000 &rarr; <strong>1040</strong><br />(+40 for winning)\n|l|\u2606Mr.Nidoom\n|player|p1|\n",
  "uploadtime": 1775933314,
  "views": 25,
  "formatid": "gen9championsvgc2026regma",
  "rating": 1000,
  "private": 0,
  "password": null
}