{
  "id": "gen9championsvgc2026regma-2581717584",
  "format": "[Gen 9 Champions] VGC 2026 Reg M-A",
  "players": [
    "Morvith007",
    "nicknicola"
  ],
  "log": "|j|\u2606Morvith007\n|j|\u2606nicknicola\n|t:|1776023054\n|gametype|doubles\n|player|p1|Morvith007|169|1000\n|player|p2|nicknicola|266|1049\n|gen|9\n|tier|[Gen 9 Champions] VGC 2026 Reg M-A\n|rated|\n|rule|Species Clause: Limit one of each Pok\u00e9mon\n|rule|Item Clause: Limit 1 of each item\n|clearpoke\n|poke|p1|Pelipper, L50, M|\n|poke|p1|Archaludon, L50, M|\n|poke|p1|Basculegion, L50, M|\n|poke|p1|Dragonite, L50, F|\n|poke|p1|Sinistcha, L50|\n|poke|p1|Incineroar, L50, F|\n|poke|p2|Meganium, L50, F|\n|poke|p2|Pelipper, L50, M|\n|poke|p2|Incineroar, L50, F|\n|poke|p2|Basculegion, L50, M|\n|poke|p2|Sinistcha, L50|\n|poke|p2|Archaludon, L50, M|\n|teampreview|4\nnicknicola rejected open team sheets.\n|\n|t:|1776023092\n|teamsize|p1|4\n|teamsize|p2|4\n|start\n|switch|p1a: Archaludon|Archaludon, L50, M|100/100\n|switch|p1b: Pelipper|Pelipper, L50, M, shiny|100/100\n|switch|p2a: Meganium|Meganium, L50, F|100/100\n|switch|p2b: Pelipper|Pelipper, L50, M|100/100\n|-weather|RainDance|[from] ability: Drizzle|[of] p2b: Pelipper\n|turn|1\n|\n|t:|1776023117\n|detailschange|p2a: Meganium|Meganium-Mega, L50, F\n|-mega|p2a: Meganium|Meganium|Meganiumite\n|move|p1a: Archaludon|Electro Shot||[still]\n|-prepare|p1a: Archaludon|Electro Shot\n|-boost|p1a: Archaludon|spa|1\n|-anim|p1a: Archaludon|Electro Shot|p2b: Pelipper\n|-supereffective|p2b: Pelipper|2\n|-enditem|p2b: Pelipper|Focus Sash\n|-damage|p2b: Pelipper|1/100\n|move|p2b: Pelipper|Tailwind|p2b: Pelipper\n|-sidestart|p2: nicknicola|move: Tailwind\n|move|p2a: Meganium|Earth Power|p1a: Archaludon\n|-supereffective|p1a: Archaludon|1\n|-damage|p1a: Archaludon|1/100\n|-ability|p1a: Archaludon|Stamina|boost\n|-boost|p1a: Archaludon|def|1\n|move|p1b: Pelipper|Hurricane|p2a: Meganium\n|-supereffective|p2a: Meganium|1\n|-damage|p2a: Meganium|36/100\n|\n|-weather|RainDance|[upkeep]\n|upkeep\n|turn|2\n|\n|t:|1776023157\n|switch|p2a: Archaludon|Archaludon, L50, M|100/100\n|move|p2b: Pelipper|Weather Ball|p1a: Archaludon\n|-resisted|p1a: Archaludon|1\n|-damage|p1a: Archaludon|0 fnt\n|faint|p1a: Archaludon\n|move|p1b: Pelipper|Hurricane|p2a: Archaludon\n|-resisted|p2a: Archaludon|1\n|-damage|p2a: Archaludon|76/100\n|-ability|p2a: Archaludon|Stamina|boost\n|-boost|p2a: Archaludon|def|1\n|\n|-weather|RainDance|[upkeep]\n|-heal|p2a: Archaludon|82/100|[from] item: Leftovers\n|upkeep\n|\n|t:|1776023169\n|switch|p1a: Dragonite|Dragonite, L50, F, shiny|100/100\n|turn|3\n|\n|t:|1776023193\n|switch|p2b: Incineroar|Incineroar, L50, F|100/100\n|-ability|p2b: Incineroar|Intimidate|boost\n|-unboost|p1a: Dragonite|atk|1\n|-unboost|p1b: Pelipper|atk|1\n|detailschange|p1a: Dragonite|Dragonite-Mega, L50, F, shiny\n|-mega|p1a: Dragonite|Dragonite|Dragoninite\n|move|p1b: Pelipper|Protect|p1b: Pelipper\n|-singleturn|p1b: Pelipper|Protect\n|move|p2a: Archaludon|Snarl|p1a: Dragonite|[spread] p1a\n|-activate|p1b: Pelipper|move: Protect\n|-damage|p1a: Dragonite|95/100\n|-unboost|p1a: Dragonite|spa|1\n|move|p1a: Dragonite|Dragon Pulse|p2a: Archaludon\n|-damage|p2a: Archaludon|35/100\n|-ability|p2a: Archaludon|Stamina|boost\n|-boost|p2a: Archaludon|def|1\n|\n|-weather|RainDance|[upkeep]\n|-heal|p2a: Archaludon|41/100|[from] item: Leftovers\n|upkeep\n|turn|4\n|\n|t:|1776023222\n|move|p1a: Dragonite|Protect|p1a: Dragonite\n|-singleturn|p1a: Dragonite|Protect\n|move|p2b: Incineroar|Fake Out|p1b: Pelipper\n|-damage|p1b: Pelipper|92/100\n|move|p2a: Archaludon|Draco Meteor|p1a: Dragonite\n|-activate|p1a: Dragonite|move: Protect\n|cant|p1b: Pelipper|flinch\n|\n|-weather|RainDance|[upkeep]\n|-heal|p2a: Archaludon|47/100|[from] item: Leftovers\n|-heal|p1b: Pelipper|98/100|[from] item: Leftovers\n|-sideend|p2: nicknicola|move: Tailwind\n|upkeep\n|turn|5\n|\n|t:|1776023247\n|switch|p2a: Meganium|Meganium-Mega, L50, F|36/100\n|move|p1a: Dragonite|Dragon Pulse|p2a: Meganium\n|-immune|p2a: Meganium\n|move|p1b: Pelipper|Surf|p2b: Incineroar|[spread] p1a,p2a,p2b\n|-resisted|p1a: Dragonite|1\n|-resisted|p2a: Meganium|1\n|-supereffective|p2b: Incineroar|1\n|-damage|p1a: Dragonite|82/100\n|-damage|p2a: Meganium|23/100\n|-damage|p2b: Incineroar|47/100\n|move|p2b: Incineroar|Parting Shot|p1a: Dragonite\n|-unboost|p1a: Dragonite|atk|1\n|-unboost|p1a: Dragonite|spa|1\n|\n|t:|1776023261\n|switch|p2b: Pelipper|Pelipper, L50, M|1/100|[from] Parting Shot\n|\n|-weather|none\n|-heal|p1b: Pelipper|100/100|[from] item: Leftovers\n|upkeep\n|turn|6\n|inactive|Battle timer is ON: inactive players will automatically lose when time's up. (requested by nicknicola)\n|\n|t:|1776023315\n|move|p2b: Pelipper|Tailwind|p2b: Pelipper\n|-sidestart|p2: nicknicola|move: Tailwind\n|move|p2a: Meganium|Dazzling Gleam|p1a: Dragonite|[spread] p1a,p1b\n|-supereffective|p1a: Dragonite|1\n|-crit|p1a: Dragonite\n|-damage|p1a: Dragonite|0 fnt\n|-damage|p1b: Pelipper|46/100\n|faint|p1a: Dragonite\n|move|p1b: Pelipper|Surf|p2a: Meganium|[spread] p2a,p2b\n|-resisted|p2a: Meganium|1\n|-resisted|p2b: Pelipper|1\n|-damage|p2a: Meganium|13/100\n|-damage|p2b: Pelipper|0 fnt\n|faint|p2b: Pelipper\n|\n|-heal|p1b: Pelipper|52/100|[from] item: Leftovers\n|upkeep\n|\n|t:|1776023330\n|switch|p2b: Archaludon|Archaludon, L50, M|47/100\n|switch|p1a: Basculegion|Basculegion, L50, M, shiny|100/100\n|turn|7\n|\n|t:|1776023343\n|move|p2b: Archaludon|Electro Shot||[still]\n|-prepare|p2b: Archaludon|Electro Shot\n|-boost|p2b: Archaludon|spa|1\n|move|p2a: Meganium|Solar Beam||[still]\n|-prepare|p2a: Meganium|Solar Beam\n|-activate|p2a: Meganium|ability: Mega Sol\n|-anim|p2a: Meganium|Solar Beam|p1a: Basculegion\n|-supereffective|p1a: Basculegion|1\n|-damage|p1a: Basculegion|0 fnt\n|faint|p1a: Basculegion\n|move|p1b: Pelipper|Surf|p2a: Meganium|[spread] p2a,p2b\n|-resisted|p2a: Meganium|1\n|-resisted|p2b: Archaludon|1\n|-damage|p2a: Meganium|4/100\n|-damage|p2b: Archaludon|33/100\n|-ability|p2b: Archaludon|Stamina|boost\n|-boost|p2b: Archaludon|def|1\n|\n|-heal|p2b: Archaludon|40/100|[from] item: Leftovers\n|-heal|p1b: Pelipper|58/100|[from] item: Leftovers\n|upkeep\n|turn|8\n|\n|t:|1776023365\n|move|p1b: Pelipper|Protect|p1b: Pelipper\n|-singleturn|p1b: Pelipper|Protect\n|move|p2b: Archaludon|Electro Shot|p1b: Pelipper|[from] lockedmove\n|-activate|p1b: Pelipper|move: Protect\n|move|p2a: Meganium|Solar Beam||[still]\n|-prepare|p2a: Meganium|Solar Beam\n|-activate|p2a: Meganium|ability: Mega Sol\n|-anim|p2a: Meganium|Solar Beam|p1b: Pelipper\n|-activate|p1b: Pelipper|move: Protect\n|\n|-heal|p2b: Archaludon|46/100|[from] item: Leftovers\n|-heal|p1b: Pelipper|64/100|[from] item: Leftovers\n|upkeep\n|turn|9\n|\n|t:|1776023384\n|move|p2b: Archaludon|Draco Meteor|p1b: Pelipper\n|-damage|p1b: Pelipper|0 fnt\n|-unboost|p2b: Archaludon|spa|2\n|faint|p1b: Pelipper\n|\n|win|nicknicola\n|raw|Morvith007's rating: 1000 &rarr; <strong>1000</strong><br />(+0 for losing)\n|raw|nicknicola's rating: 1049 &rarr; <strong>1077</strong><br />(+28 for winning)\n|c|\u2606nicknicola|gg\n",
  "uploadtime": 1776023392,
  "views": 25,
  "formatid": "gen9championsvgc2026regma",
  "rating": 1000,
  "private": 0,
  "password": null
}