{
  "id": "gen9championsvgc2026regma-2588385847",
  "format": "[Gen 9 Champions] VGC 2026 Reg M-A",
  "players": [
    "Mag10",
    "craudus"
  ],
  "log": "|j|\u2606Mag10\n|j|\u2606craudus\n|t:|1776629143\n|gametype|doubles\n|player|p1|Mag10|170|1254\n|player|p2|craudus|ninjaboy|1165\n|gen|9\n|tier|[Gen 9 Champions] VGC 2026 Reg M-A\n|rated|\n|rule|Species Clause: Limit one of each Pok\u00e9mon\n|rule|Item Clause: Limit 1 of each item\n|clearpoke\n|poke|p1|Scovillain, L50, M|\n|poke|p1|Incineroar, L50, F|\n|poke|p1|Farigiraf, L50, M|\n|poke|p1|Gallade, L50, M|\n|poke|p1|Kingambit, L50, F|\n|poke|p1|Pelipper, L50, F|\n|poke|p2|Froslass, L50, F|\n|poke|p2|Aerodactyl, L50, M|\n|poke|p2|Incineroar, L50, F|\n|poke|p2|Garganacl, L50, F|\n|poke|p2|Sneasler, L50, M|\n|poke|p2|Araquanid, L50, M|\n|teampreview|4\n|inactive|Battle timer is ON: inactive players will automatically lose when time's up. (requested by Mag10)\n|inactive|craudus has 60 seconds left.\n|\n|t:|1776629187\n|teamsize|p1|4\n|teamsize|p2|4\n|start\n|switch|p1a: Scovillain|Scovillain, L50, M|100/100\n|switch|p1b: Farigiraf|Farigiraf, L50, M|100/100\n|switch|p2a: Incineroar|Incineroar, L50, F|100/100\n|switch|p2b: Sneasler|Sneasler, L50, M|100/100\n|-ability|p2a: Incineroar|Intimidate|boost\n|-unboost|p1a: Scovillain|atk|1\n|-unboost|p1b: Farigiraf|atk|1\n|turn|1\n|\n|t:|1776629205\n|detailschange|p1a: Scovillain|Scovillain-Mega, L50, M\n|-mega|p1a: Scovillain|Scovillain|Scovillainite\n|move|p1a: Scovillain|Rage Powder|p1a: Scovillain\n|-singleturn|p1a: Scovillain|move: Rage Powder\n|move|p2b: Sneasler|Close Combat|p1a: Scovillain\n|-crit|p1a: Scovillain\n|-damage|p1a: Scovillain|14/100\n|-unboost|p2b: Sneasler|def|1\n|-unboost|p2b: Sneasler|spd|1\n|-status|p2b: Sneasler|brn|[from] ability: Spicy Spray|[of] p1a: Scovillain\n|-enditem|p2b: Sneasler|White Herb\n|-clearnegativeboost|p2b: Sneasler|[silent]\n|move|p2a: Incineroar|Darkest Lariat|p1a: Scovillain\n|-damage|p1a: Scovillain|0 fnt\n|-immune|p2a: Incineroar\n|faint|p1a: Scovillain\n|move|p1b: Farigiraf|Trick Room|p1b: Farigiraf\n|-fieldstart|move: Trick Room|[of] p1b: Farigiraf\n|\n|-damage|p2b: Sneasler|95/100 brn|[from] brn\n|upkeep\n|\n|t:|1776629220\n|switch|p1a: Kingambit|Kingambit, L50, F|100/100\n|turn|2\n|\n|t:|1776629240\n|move|p1a: Kingambit|Kowtow Cleave|p2a: Incineroar\n|-resisted|p2a: Incineroar|1\n|-damage|p2a: Incineroar|72/100\n|move|p1b: Farigiraf|Psychic|p2b: Sneasler\n|-supereffective|p2b: Sneasler|2\n|-damage|p2b: Sneasler|0 fnt\n|faint|p2b: Sneasler\n|move|p2a: Incineroar|Flare Blitz|p1a: Kingambit\n|-supereffective|p1a: Kingambit|1\n|-damage|p1a: Kingambit|22/100\n|-damage|p2a: Incineroar|46/100|[from] Recoil\n|-enditem|p2a: Incineroar|Sitrus Berry|[eat]\n|-heal|p2a: Incineroar|71/100|[from] item: Sitrus Berry\n|\n|upkeep\n|\n|t:|1776629252\n|switch|p2b: Araquanid|Araquanid, L50, M|100/100\n|turn|3\n|\n|t:|1776629267\n|switch|p1a: Incineroar|Incineroar, L50, F|100/100\n|-ability|p1a: Incineroar|Intimidate|boost\n|-unboost|p2a: Incineroar|atk|1\n|-unboost|p2b: Araquanid|atk|1\n|move|p2b: Araquanid|Liquidation|p1b: Farigiraf\n|-damage|p1b: Farigiraf|47/100\n|-enditem|p1b: Farigiraf|Sitrus Berry|[eat]\n|-heal|p1b: Farigiraf|72/100|[from] item: Sitrus Berry\n|move|p1b: Farigiraf|Nasty Plot|p1b: Farigiraf\n|-boost|p1b: Farigiraf|spa|2\n|move|p2a: Incineroar|Flare Blitz|p1a: Incineroar\n|-resisted|p1a: Incineroar|1\n|-damage|p1a: Incineroar|85/100\n|-damage|p2a: Incineroar|65/100|[from] Recoil\n|\n|upkeep\n|turn|4\n|inactive|craudus has 30 seconds left.\n|\n|t:|1776629301\n|switch|p2a: Froslass|Froslass, L50, F|100/100\n|move|p1a: Incineroar|Fake Out|p2b: Araquanid\n|-damage|p2b: Araquanid|84/100\n|cant|p2b: Araquanid|flinch\n|move|p1b: Farigiraf|Hyper Voice|p2b: Araquanid|[spread] p2b\n|-immune|p2a: Froslass\n|-damage|p2b: Araquanid|36/100\n|\n|upkeep\n|turn|5\n|inactive|Mag10 has 30 seconds left.\n|inactive|Mag10 has 20 seconds left.\n|inactive|craudus has 30 seconds left.\n|\n|t:|1776629338\n|switch|p2b: Incineroar|Incineroar, L50, F|65/100\n|-ability|p2b: Incineroar|Intimidate|boost\n|-unboost|p1a: Incineroar|atk|1\n|-unboost|p1b: Farigiraf|atk|1\n|-enditem|p1a: Incineroar|White Herb\n|-clearnegativeboost|p1a: Incineroar|[silent]\n|detailschange|p2a: Froslass|Froslass-Mega, L50, F\n|-mega|p2a: Froslass|Froslass|Froslassite\n|-weather|Snowscape|[from] ability: Snow Warning|[of] p2a: Froslass\n|move|p2a: Froslass|Protect|p2a: Froslass\n|-singleturn|p2a: Froslass|Protect\n|move|p1b: Farigiraf|Hyper Voice|p2a: Froslass|[spread] p2b\n|-activate|p2a: Froslass|move: Protect\n|-damage|p2b: Incineroar|13/100\n|move|p1a: Incineroar|Darkest Lariat|p2a: Froslass\n|-activate|p2a: Froslass|move: Protect\n|\n|-weather|Snowscape|[upkeep]\n|-fieldend|move: Trick Room\n|upkeep\n|turn|6\n|inactive|Mag10 has 30 seconds left.\n|inactive|craudus has 30 seconds left.\n|inactive|craudus has 20 seconds left.\n|inactive|craudus has 15 seconds left.\n|\n|t:|1776629383\n|move|p2a: Froslass|Shadow Ball|p1b: Farigiraf\n|-immune|p1b: Farigiraf\n|move|p2b: Incineroar|Darkest Lariat|p1b: Farigiraf\n|-supereffective|p1b: Farigiraf|1\n|-damage|p1b: Farigiraf|1/100\n|move|p1a: Incineroar|Flare Blitz|p2a: Froslass\n|-supereffective|p2a: Froslass|1\n|-damage|p2a: Froslass|0 fnt\n|faint|p2a: Froslass\n|-damage|p1a: Incineroar|60/100|[from] Recoil\n|move|p1b: Farigiraf|Trick Room|p1b: Farigiraf\n|-fieldstart|move: Trick Room|[of] p1b: Farigiraf\n|\n|-weather|Snowscape|[upkeep]\n|upkeep\n|\n|t:|1776629395\n|switch|p2a: Araquanid|Araquanid, L50, M|36/100\n|turn|7\n|\n|t:|1776629408\n|switch|p1a: Kingambit|Kingambit, L50, F|22/100\n|move|p2a: Araquanid|Liquidation|p1b: Farigiraf\n|-damage|p1b: Farigiraf|0 fnt\n|faint|p1b: Farigiraf\n|move|p2b: Incineroar|Darkest Lariat|p1a: Kingambit\n|-resisted|p1a: Kingambit|1\n|-damage|p1a: Kingambit|8/100\n|\n|-weather|Snowscape|[upkeep]\n|upkeep\n|\n|t:|1776629414\n|switch|p1b: Incineroar|Incineroar, L50, F|60/100\n|-ability|p1b: Incineroar|Intimidate|boost\n|-unboost|p2a: Araquanid|atk|1\n|-unboost|p2b: Incineroar|atk|1\n|turn|8\n|inactive|craudus has 30 seconds left.\n|\n|t:|1776629441\n|move|p1b: Incineroar|Fake Out|p2b: Incineroar\n|-crit|p2b: Incineroar\n|-damage|p2b: Incineroar|0 fnt\n|faint|p2b: Incineroar\n|move|p1a: Kingambit|Sucker Punch|p2a: Araquanid\n|-damage|p2a: Araquanid|0 fnt\n|faint|p2a: Araquanid\n|\n|win|Mag10\n|raw|Mag10's rating: 1254 &rarr; <strong>1273</strong><br />(+19 for winning)\n|raw|craudus's rating: 1165 &rarr; <strong>1146</strong><br />(-19 for losing)\n|l|\u2606craudus\n|player|p2|\n",
  "uploadtime": 1776629456,
  "views": 12,
  "formatid": "gen9championsvgc2026regma",
  "rating": 1146,
  "private": 0,
  "password": null
}