{
  "id": "gen9championsvgc2026regma-2586156320",
  "format": "[Gen 9 Champions] VGC 2026 Reg M-A",
  "players": [
    "JCinn",
    "drake78976"
  ],
  "log": "|j|\u2606JCinn\n|j|\u2606drake78976\n|t:|1776406158\n|gametype|doubles\n|player|p1|JCinn|1|1363\n|player|p2|drake78976|li|1304\n|gen|9\n|tier|[Gen 9 Champions] VGC 2026 Reg M-A\n|rated|\n|rule|Species Clause: Limit one of each Pok\u00e9mon\n|rule|Item Clause: Limit 1 of each item\n|clearpoke\n|poke|p1|Aegislash, L50, F|\n|poke|p1|Milotic, L50, F|\n|poke|p1|Floette-Eternal, L50, F|\n|poke|p1|Incineroar, L50, M|\n|poke|p1|Sinistcha, L50|\n|poke|p1|Hydreigon, L50, F|\n|poke|p2|Aggron, L50, M|\n|poke|p2|Primarina, L50, F|\n|poke|p2|Hydreigon, L50, F|\n|poke|p2|Sinistcha, L50|\n|poke|p2|Glimmora, L50, F|\n|poke|p2|Farigiraf, L50, F|\n|teampreview|4\n|j| Dirt_W0man\n|inactive|Battle timer is ON: inactive players will automatically lose when time's up. (requested by JCinn)\n|\n|t:|1776406202\n|teamsize|p1|4\n|teamsize|p2|4\n|start\n|switch|p1a: Incineroar|Incineroar, L50, M|100/100\n|switch|p1b: Floette|Floette-Eternal, L50, F|100/100\n|switch|p2a: Farigiraf|Farigiraf, L50, F|100/100\n|switch|p2b: Glimmora|Glimmora, L50, F, shiny|100/100\n|-ability|p1a: Incineroar|Intimidate|boost\n|-unboost|p2a: Farigiraf|atk|1\n|-unboost|p2b: Glimmora|atk|1\n|turn|1\n|\n|t:|1776406220\n|detailschange|p1b: Floette|Floette-Mega, L50, F\n|-mega|p1b: Floette|Floette|Floettite\n|-ability|p1b: Floette|Fairy Aura\n|move|p2a: Farigiraf|Helping Hand|p2b: Glimmora\n|-singleturn|p2b: Glimmora|Helping Hand|[of] p2a: Farigiraf\n|move|p1b: Floette|Calm Mind|p1b: Floette\n|-boost|p1b: Floette|spa|1\n|-boost|p1b: Floette|spd|1\n|move|p2b: Glimmora|Sludge Wave|p1a: Incineroar|[spread] p2a,p1a,p1b\n|-supereffective|p1b: Floette|1\n|-damage|p2a: Farigiraf|55/100\n|-damage|p1a: Incineroar|52/100\n|-damage|p1b: Floette|43/100\n|move|p1a: Incineroar|Throat Chop|p2a: Farigiraf\n|-supereffective|p2a: Farigiraf|1\n|-damage|p2a: Farigiraf|0 fnt\n|faint|p2a: Farigiraf\n|\n|upkeep\n|inactive|drake78976 has 30 seconds left.\n|\n|t:|1776406245\n|switch|p2a: Primarina|Primarina, L50, F|100/100\n|turn|2\n|\n|t:|1776406263\n|move|p1b: Floette|Draining Kiss|p2b: Glimmora\n|-resisted|p2b: Glimmora|1\n|-damage|p2b: Glimmora|59/100\n|-heal|p1b: Floette|73/100|[from] drain|[of] p2b: Glimmora\n|move|p2b: Glimmora|Sludge Bomb|p1b: Floette\n|-supereffective|p1b: Floette|1\n|-damage|p1b: Floette|21/100\n|move|p1a: Incineroar|Parting Shot|p2b: Glimmora\n|-unboost|p2b: Glimmora|atk|1\n|-unboost|p2b: Glimmora|spa|1\n|\n|t:|1776406285\n|switch|p1a: Milotic|Milotic, L50, F|100/100|[from] Parting Shot\n|move|p2a: Primarina|Hyper Voice|p1b: Floette|[spread] p1a,p1b\n|-resisted|p1a: Milotic|1\n|-damage|p1a: Milotic|84/100\n|-damage|p1b: Floette|0 fnt\n|faint|p1b: Floette\n|\n|upkeep\n|\n|t:|1776406302\n|switch|p1b: Aegislash|Aegislash, L50, F|100/100\n|turn|3\n|\n|t:|1776406314\n|move|p2b: Glimmora|Spiky Shield|p2b: Glimmora\n|-singleturn|p2b: Glimmora|move: Protect\n|move|p1a: Milotic|Scald|p2b: Glimmora\n|-activate|p2b: Glimmora|move: Protect\n|-formechange|p1b: Aegislash|Aegislash-Blade|\n|move|p1b: Aegislash|Poltergeist|p2a: Primarina\n|-activate|p2a: Primarina|move: Poltergeist|Mystic Water\n|-damage|p2a: Primarina|14/100\n|move|p2a: Primarina|Shadow Ball|p1b: Aegislash\n|-supereffective|p1b: Aegislash|1\n|-damage|p1b: Aegislash|0 fnt\n|faint|p1b: Aegislash\n|\n|upkeep\n|\n|t:|1776406318\n|switch|p1b: Incineroar|Incineroar, L50, M|52/100\n|-ability|p1b: Incineroar|Intimidate|boost\n|-unboost|p2a: Primarina|atk|1\n|-unboost|p2b: Glimmora|atk|1\n|turn|4\n|\n|t:|1776406335\n|switch|p2b: Sinistcha|Sinistcha, L50|100/100\n|-heal|p2a: Primarina|38/100|[from] ability: Hospitality|[of] p2b: Sinistcha\n|move|p2a: Primarina|Protect|p2a: Primarina\n|-singleturn|p2a: Primarina|Protect\n|move|p1b: Incineroar|Fake Out|p2a: Primarina\n|-activate|p2a: Primarina|move: Protect\n|move|p1a: Milotic|Scald|p2b: Sinistcha\n|-resisted|p2b: Sinistcha|1\n|-damage|p2b: Sinistcha|80/100\n|-status|p2b: Sinistcha|brn\n|\n|-damage|p2b: Sinistcha|74/100 brn|[from] brn\n|upkeep\n|turn|5\n|\n|t:|1776406356\n|move|p2b: Sinistcha|Rage Powder|p2b: Sinistcha\n|-singleturn|p2b: Sinistcha|move: Rage Powder\n|move|p1a: Milotic|Ice Beam|p2b: Sinistcha\n|-supereffective|p2b: Sinistcha|1\n|-damage|p2b: Sinistcha|16/100 brn\n|move|p1b: Incineroar|Throat Chop|p2b: Sinistcha\n|-supereffective|p2b: Sinistcha|1\n|-damage|p2b: Sinistcha|0 fnt\n|faint|p2b: Sinistcha\n|move|p2a: Primarina|Hyper Voice|p1b: Incineroar|[spread] p1a,p1b\n|-resisted|p1a: Milotic|1\n|-supereffective|p1b: Incineroar|1\n|-damage|p1a: Milotic|67/100\n|-damage|p1b: Incineroar|0 fnt\n|faint|p1b: Incineroar\n|\n|upkeep\n|\n|t:|1776406370\n|switch|p2b: Glimmora|Glimmora, L50, F, shiny|59/100\n|turn|6\n|\n|t:|1776406379\n|move|p2b: Glimmora|Sludge Bomb|p1a: Milotic\n|-damage|p1a: Milotic|30/100\n|-enditem|p1a: Milotic|Sitrus Berry|[eat]\n|-heal|p1a: Milotic|55/100|[from] item: Sitrus Berry\n|move|p1a: Milotic|Scald|p2b: Glimmora\n|-supereffective|p2b: Glimmora|1\n|-damage|p2b: Glimmora|0 fnt\n|faint|p2b: Glimmora\n|move|p2a: Primarina|Moonblast|p1a: Milotic\n|-damage|p1a: Milotic|12/100\n|\n|upkeep\n|turn|7\n|\n|t:|1776406393\n|move|p1a: Milotic|Scald|p2a: Primarina\n|-resisted|p2a: Primarina|1\n|-damage|p2a: Primarina|24/100\n|-status|p2a: Primarina|brn\n|move|p2a: Primarina|Moonblast|p1a: Milotic\n|-damage|p1a: Milotic|0 fnt\n|faint|p1a: Milotic\n|\n|win|drake78976\n|raw|JCinn's rating: 1363 &rarr; <strong>1340</strong><br />(-23 for losing)\n|raw|drake78976's rating: 1304 &rarr; <strong>1327</strong><br />(+23 for winning)\n|l|\u2606JCinn\n|player|p1|\n|l| Dirt_W0man\n",
  "uploadtime": 1776406403,
  "views": 48,
  "formatid": "gen9championsvgc2026regma",
  "rating": 1327,
  "private": 0,
  "password": null
}