{
  "id": "gen9championsvgc2026regma-2582680806",
  "format": "[Gen 9 Champions] VGC 2026 Reg M-A",
  "players": [
    "j4ce",
    "Repths"
  ],
  "log": "|j|\u2606j4ce\n|j|\u2606Repths\n|t:|1776106891\n|gametype|doubles\n|player|p1|j4ce|265|1282\n|player|p2|Repths|hilbert|1284\n|gen|9\n|tier|[Gen 9 Champions] VGC 2026 Reg M-A\n|rated|\n|rule|Species Clause: Limit one of each Pok\u00e9mon\n|rule|Item Clause: Limit 1 of each item\n|clearpoke\n|poke|p1|Incineroar, L50, F|\n|poke|p1|Basculegion, L50, M|\n|poke|p1|Meowstic, L50, M|\n|poke|p1|Sneasler, L50, M|\n|poke|p1|Alakazam, L50, F|\n|poke|p1|Hatterene, L50, F|\n|poke|p2|Talonflame, L50, F|\n|poke|p2|Garchomp, L50, M|\n|poke|p2|Kingambit, L50, F|\n|poke|p2|Sinistcha, L50|\n|poke|p2|Sylveon, L50, F|\n|poke|p2|Blastoise, L50, M|\n|teampreview|4\n|\n|t:|1776106959\n|teamsize|p1|4\n|teamsize|p2|4\n|start\n|switch|p1a: Gatofuego|Incineroar, L50, F|100/100\n|switch|p1b: Gatops\u00edquica|Meowstic, L50, M|100/100\n|switch|p2a: Kingambit|Kingambit, L50, F|100/100\n|switch|p2b: Sinistcha|Sinistcha, L50|100/100\n|-ability|p1a: Gatofuego|Intimidate|boost\n|-unboost|p2a: Kingambit|atk|1\n|-ability|p2a: Kingambit|Defiant|boost\n|-boost|p2a: Kingambit|atk|2\n|-unboost|p2b: Sinistcha|atk|1\n|turn|1\n|\n|t:|1776106988\n|move|p2b: Sinistcha|Rage Powder|p2b: Sinistcha\n|-singleturn|p2b: Sinistcha|move: Rage Powder\n|move|p1b: Gatops\u00edquica|Psychic Terrain|p1b: Gatops\u00edquica\n|-fieldstart|move: Psychic Terrain\n|move|p1a: Gatofuego|Flare Blitz|p2b: Sinistcha\n|-supereffective|p2b: Sinistcha|1\n|-damage|p2b: Sinistcha|0 fnt\n|faint|p2b: Sinistcha\n|-damage|p1a: Gatofuego|76/100|[from] Recoil\n|move|p2a: Kingambit|Kowtow Cleave|p1b: Gatops\u00edquica\n|-supereffective|p1b: Gatops\u00edquica|1\n|-damage|p1b: Gatops\u00edquica|0 fnt\n|faint|p1b: Gatops\u00edquica\n|\n|upkeep\n|\n|t:|1776107042\n|switch|p1b: Gatot\u00f3xico|Sneasler, L50, M|100/100\n|switch|p2b: Blastoise|Blastoise, L50, M|100/100\n|turn|2\n|\n|t:|1776107073\n|detailschange|p2b: Blastoise|Blastoise-Mega, L50, M\n|-mega|p2b: Blastoise|Blastoise|Blastoisinite\n|move|p2a: Kingambit|Protect|p2a: Kingambit\n|-singleturn|p2a: Kingambit|Protect\n|move|p1b: Gatot\u00f3xico|Close Combat|p2a: Kingambit\n|-activate|p2a: Kingambit|move: Protect\n|move|p2b: Blastoise|Water Spout|p1a: Gatofuego|[spread] p1a,p1b\n|-supereffective|p1a: Gatofuego|1\n|-damage|p1a: Gatofuego|0 fnt\n|-damage|p1b: Gatot\u00f3xico|10/100\n|faint|p1a: Gatofuego\n|\n|upkeep\n|\n|t:|1776107082\n|switch|p1a: Gatocuchara|Alakazam, L50, F|100/100\n|turn|3\n|\n|t:|1776107113\n|switch|p2a: Talonflame|Talonflame, L50, F|100/100\n|detailschange|p1a: Gatocuchara|Alakazam-Mega, L50, F\n|-mega|p1a: Gatocuchara|Alakazam|Alakazite\n|-ability|p1a: Gatocuchara|Mega Launcher|Trace|[from] ability: Trace|[of] p2b: Blastoise\n|move|p1a: Gatocuchara|Focus Blast|p2a: Talonflame\n|-resisted|p2a: Talonflame|1\n|-damage|p2a: Talonflame|60/100\n|move|p1b: Gatot\u00f3xico|Close Combat|p2b: Blastoise\n|-damage|p2b: Blastoise|36/100\n|-unboost|p1b: Gatot\u00f3xico|def|1\n|-unboost|p1b: Gatot\u00f3xico|spd|1\n|-enditem|p1b: Gatot\u00f3xico|White Herb\n|-clearnegativeboost|p1b: Gatot\u00f3xico|[silent]\n|move|p2b: Blastoise|Water Spout|p1a: Gatocuchara|[spread] p1a,p1b\n|-damage|p1a: Gatocuchara|70/100\n|-damage|p1b: Gatot\u00f3xico|0 fnt\n|faint|p1b: Gatot\u00f3xico\n|\n|upkeep\n|turn|4\n|\n|t:|1776107149\n|move|p2a: Talonflame|Protect|p2a: Talonflame\n|-singleturn|p2a: Talonflame|Protect\n|move|p2b: Blastoise|Protect|p2b: Blastoise\n|-singleturn|p2b: Blastoise|Protect\n|move|p1a: Gatocuchara|Expanding Force|p2a: Talonflame|[spread] \n|-activate|p2a: Talonflame|move: Protect\n|-activate|p2b: Blastoise|move: Protect\n|\n|upkeep\n|turn|5\n|\n|t:|1776107169\n|move|p1a: Gatocuchara|Expanding Force|p2b: Blastoise|[spread] p2a,p2b\n|-damage|p2a: Talonflame|0 fnt\n|-damage|p2b: Blastoise|0 fnt\n|faint|p2a: Talonflame\n|faint|p2b: Blastoise\n|\n|-fieldend|move: Psychic Terrain\n|upkeep\n|\n|t:|1776107176\n|switch|p2a: Kingambit|Kingambit, L50, F|100/100\n|turn|6\n|\n|t:|1776107181\n|move|p1a: Gatocuchara|Protect|p1a: Gatocuchara\n|-singleturn|p1a: Gatocuchara|Protect\n|move|p2a: Kingambit|Sucker Punch||[still]\n|-fail|p2a: Kingambit\n|\n|upkeep\n|turn|7\n|\n|t:|1776107190\n|move|p2a: Kingambit|Protect|p2a: Kingambit\n|-singleturn|p2a: Kingambit|Protect\n|move|p1a: Gatocuchara|Encore|p2a: Kingambit\n|-activate|p2a: Kingambit|move: Protect\n|\n|upkeep\n|turn|8\n|\n|t:|1776107224\n|move|p2a: Kingambit|Sucker Punch||[still]\n|-fail|p2a: Kingambit\n|move|p1a: Gatocuchara|Encore|p2a: Kingambit\n|-start|p2a: Kingambit|Encore\n|\n|upkeep\n|turn|9\n|\n|t:|1776107231\n|move|p2a: Kingambit|Sucker Punch||[still]\n|-fail|p2a: Kingambit\n|move|p1a: Gatocuchara|Encore||[still]\n|-fail|p1a: Gatocuchara\n|\n|upkeep\n|turn|10\n|\n|t:|1776107236\n|move|p2a: Kingambit|Sucker Punch||[still]\n|-fail|p2a: Kingambit\n|move|p1a: Gatocuchara|Encore||[still]\n|-fail|p1a: Gatocuchara\n|\n|upkeep\n|turn|11\n|\n|t:|1776107241\n|move|p2a: Kingambit|Sucker Punch||[still]\n|-fail|p2a: Kingambit\n|move|p1a: Gatocuchara|Encore||[still]\n|-fail|p1a: Gatocuchara\n|\n|-end|p2a: Kingambit|Encore\n|upkeep\n|turn|12\n|\n|t:|1776107249\n|move|p1a: Gatocuchara|Encore|p2a: Kingambit\n|-start|p2a: Kingambit|Encore\n|move|p2a: Kingambit|Sucker Punch||[still]\n|-fail|p2a: Kingambit\n|\n|upkeep\n|turn|13\n|\n|t:|1776107255\n|move|p1a: Gatocuchara|Protect|p1a: Gatocuchara\n|-singleturn|p1a: Gatocuchara|Protect\n|move|p2a: Kingambit|Sucker Punch||[still]\n|-fail|p2a: Kingambit\n|\n|upkeep\n|turn|14\n|\n|t:|1776107261\n|move|p2a: Kingambit|Sucker Punch||[still]\n|-fail|p2a: Kingambit\n|move|p1a: Gatocuchara|Encore||[still]\n|-fail|p1a: Gatocuchara\n|\n|-end|p2a: Kingambit|Encore\n|upkeep\n|turn|15\n|\n|t:|1776107268\n|move|p1a: Gatocuchara|Protect|p1a: Gatocuchara\n|-singleturn|p1a: Gatocuchara|Protect\n|move|p2a: Kingambit|Protect||[still]\n|-fail|p2a: Kingambit\n|\n|upkeep\n|turn|16\n|\n|t:|1776107276\n|move|p1a: Gatocuchara|Encore|p2a: Kingambit\n|-start|p2a: Kingambit|Encore\n|move|p2a: Kingambit|Protect||[still]\n|-fail|p2a: Kingambit\n|\n|upkeep\n|turn|17\n|\n|t:|1776107281\n|move|p2a: Kingambit|Protect|p2a: Kingambit\n|-singleturn|p2a: Kingambit|Protect\n|move|p1a: Gatocuchara|Focus Blast|p2a: Kingambit\n|-activate|p2a: Kingambit|move: Protect\n|\n|upkeep\n|turn|18\n|\n|t:|1776107287\n|move|p2a: Kingambit|Protect||[still]\n|-fail|p2a: Kingambit\n|move|p1a: Gatocuchara|Focus Blast|p2a: Kingambit\n|-supereffective|p2a: Kingambit|2\n|-damage|p2a: Kingambit|0 fnt\n|faint|p2a: Kingambit\n|\n|win|j4ce\n|raw|j4ce's rating: 1282 &rarr; <strong>1307</strong><br />(+25 for winning)\n|raw|Repths's rating: 1284 &rarr; <strong>1259</strong><br />(-25 for losing)\n|c|\u2606j4ce|gg\n",
  "uploadtime": 1776107293,
  "views": 21,
  "formatid": "gen9championsvgc2026regma",
  "rating": 1259,
  "private": 0,
  "password": null
}