{
  "id": "gen9championsvgc2026regma-2587887657",
  "format": "[Gen 9 Champions] VGC 2026 Reg M-A",
  "players": [
    "asubircomolaespuma",
    "yumimoto"
  ],
  "log": "|j|\u203dasubircomolaespuma\n|j|\u203dyumimoto\n|t:|1776574855\n|gametype|doubles\n|player|p1|asubircomolaespuma|102|1506\n|player|p2|yumimoto|lucas|1560\n|gen|9\n|tier|[Gen 9 Champions] VGC 2026 Reg M-A\n|rated|\n|rule|Species Clause: Limit one of each Pok\u00e9mon\n|rule|Item Clause: Limit 1 of each item\n|clearpoke\n|poke|p1|Charizard, L50, F|\n|poke|p1|Basculegion, L50, M|\n|poke|p1|Garchomp, L50, M|\n|poke|p1|Whimsicott, L50, M|\n|poke|p1|Kingambit, L50, F|\n|poke|p1|Sneasler, L50, F|\n|poke|p2|Charizard, L50, F|\n|poke|p2|Scovillain, L50, M|\n|poke|p2|Aegislash, L50, M|\n|poke|p2|Kingambit, L50, F|\n|poke|p2|Basculegion-F, L50, F|\n|poke|p2|Sylveon, L50, M|\n|teampreview|4\n|j| huhyuhyuhyuh\n|inactive|Battle timer is ON: inactive players will automatically lose when time's up. (requested by asubircomolaespuma)\n|\n|t:|1776574887\n|teamsize|p1|4\n|teamsize|p2|4\n|start\n|switch|p1a: Garchomp|Garchomp, L50, M|100/100\n|switch|p1b: Whimsicott|Whimsicott, L50, M|100/100\n|switch|p2a: Scovillain|Scovillain, L50, M|100/100\n|switch|p2b: Sylveon|Sylveon, L50, M|100/100\n|turn|1\n|\n|t:|1776574905\n|switch|p1a: Charizard|Charizard, L50, F|100/100\n|detailschange|p2a: Scovillain|Scovillain-Mega, L50, M\n|-mega|p2a: Scovillain|Scovillain|Scovillainite\n|move|p1b: Whimsicott|Tailwind|p1b: Whimsicott\n|-sidestart|p1: asubircomolaespuma|move: Tailwind\n|move|p2a: Scovillain|Overheat|p1b: Whimsicott\n|-supereffective|p1b: Whimsicott|1\n|-damage|p1b: Whimsicott|0 fnt\n|-unboost|p2a: Scovillain|spa|2\n|faint|p1b: Whimsicott\n|move|p2b: Sylveon|Calm Mind|p2b: Sylveon\n|-boost|p2b: Sylveon|spa|1\n|-boost|p2b: Sylveon|spd|1\n|\n|upkeep\n|\n|t:|1776574917\n|switch|p1b: Basculegion|Basculegion, L50, M|100/100\n|turn|2\n|\n|t:|1776574926\n|switch|p1b: Garchomp|Garchomp, L50, M|100/100\n|detailschange|p1a: Charizard|Charizard-Mega-Y, L50, F\n|-mega|p1a: Charizard|Charizard|Charizardite Y\n|-weather|SunnyDay|[from] ability: Drought|[of] p1a: Charizard\n|move|p2a: Scovillain|Rage Powder|p2a: Scovillain\n|-singleturn|p2a: Scovillain|move: Rage Powder\n|move|p1a: Charizard|Heat Wave|p2b: Sylveon|[spread] p2a\n|-miss|p1a: Charizard|p2b: Sylveon\n|-damage|p2a: Scovillain|37/100\n|-immune|p1a: Charizard\n|move|p2b: Sylveon|Hyper Voice|p1a: Charizard|[spread] p1a,p1b\n|-resisted|p1a: Charizard|1\n|-supereffective|p1b: Garchomp|1\n|-damage|p1a: Charizard|71/100\n|-damage|p1b: Garchomp|0 fnt\n|faint|p1b: Garchomp\n|\n|-weather|SunnyDay|[upkeep]\n|upkeep\n|\n|t:|1776574939\n|switch|p1b: Basculegion|Basculegion, L50, M|100/100\n|turn|3\n|\n|t:|1776574945\n|move|p2a: Scovillain|Rage Powder|p2a: Scovillain\n|-singleturn|p2a: Scovillain|move: Rage Powder\n|move|p1b: Basculegion|Last Respects|p2a: Scovillain\n|-damage|p2a: Scovillain|0 fnt\n|-status|p1b: Basculegion|brn|[from] ability: Spicy Spray|[of] p2a: Scovillain\n|faint|p2a: Scovillain\n|move|p1a: Charizard|Heat Wave|p2b: Sylveon\n|-damage|p2b: Sylveon|62/100\n|move|p2b: Sylveon|Hyper Voice|p1b: Basculegion|[spread] p1a,p1b\n|-resisted|p1a: Charizard|1\n|-damage|p1a: Charizard|40/100\n|-damage|p1b: Basculegion|15/100 brn\n|\n|-weather|SunnyDay|[upkeep]\n|-damage|p1b: Basculegion|9/100 brn|[from] brn\n|upkeep\n|j| thanksatinkaton\n|\n|t:|1776574960\n|switch|p2a: Aegislash|Aegislash, L50, M|100/100\n|turn|4\n|l| thanksatinkaton\n|\n|t:|1776574973\n|-formechange|p2a: Aegislash|Aegislash-Blade|\n|move|p2a: Aegislash|Shadow Sneak|p1a: Charizard\n|-damage|p1a: Charizard|8/100\n|move|p2b: Sylveon|Quick Attack|p1b: Basculegion\n|-damage|p1b: Basculegion|0 fnt\n|faint|p1b: Basculegion\n|move|p1a: Charizard|Weather Ball|p2b: Sylveon\n|-damage|p2b: Sylveon|20/100\n|\n|-weather|SunnyDay|[upkeep]\n|-sideend|p1: asubircomolaespuma|move: Tailwind\n|upkeep\n|turn|5\n|\n|t:|1776574987\n|move|p2a: Aegislash|Shadow Sneak|p1a: Charizard\n|-damage|p1a: Charizard|0 fnt\n|faint|p1a: Charizard\n|\n|win|yumimoto\n|raw|asubircomolaespuma's rating: 1506 &rarr; <strong>1489</strong><br />(-17 for losing)\n|raw|yumimoto's rating: 1560 &rarr; <strong>1577</strong><br />(+17 for winning)\n",
  "uploadtime": 1776574998,
  "views": 20,
  "formatid": "gen9championsvgc2026regma",
  "rating": 1489,
  "private": 0,
  "password": null
}