{
  "id": "gen9championsvgc2026regma-2580749108",
  "format": "[Gen 9 Champions] VGC 2026 Reg M-A",
  "players": [
    "RookieHj",
    "debouls"
  ],
  "log": "|j|\u2606RookieHj\n|j|\u2606debouls\n|t:|1775929329\n|gametype|doubles\n|player|p1|RookieHj|266|1134\n|player|p2|debouls|266|1168\n|gen|9\n|tier|[Gen 9 Champions] VGC 2026 Reg M-A\n|rated|\n|rule|Species Clause: Limit one of each Pok\u00e9mon\n|rule|Item Clause: Limit 1 of each item\n|clearpoke\n|poke|p1|Gengar, L50, M|\n|poke|p1|Kingambit, L50, M|\n|poke|p1|Sinistcha-Masterpiece, L50|\n|poke|p1|Incineroar, L50, M|\n|poke|p1|Kommo-o, L50, M|\n|poke|p1|Tyranitar, L50, M|\n|poke|p2|Starmie, L50|\n|poke|p2|Sneasler, L50, F|\n|poke|p2|Sinistcha, L50|\n|poke|p2|Kingambit, L50, M|\n|poke|p2|Dragonite, L50, M|\n|poke|p2|Pelipper, L50, M|\n|teampreview|4\n|\n|t:|1775929357\n|teamsize|p1|4\n|teamsize|p2|4\n|start\n|switch|p1a: Gengar|Gengar, L50, M, shiny|100/100\n|switch|p1b: Kingambit|Kingambit, L50, M|100/100\n|switch|p2a: Sneasler|Sneasler, L50, F|100/100\n|switch|p2b: Kingambit|Kingambit, L50, M|100/100\n|turn|1\n|\n|t:|1775929430\n|detailschange|p1a: Gengar|Gengar-Mega, L50, M, shiny\n|-mega|p1a: Gengar|Gengar|Gengarite\n|move|p1b: Kingambit|Protect|p1b: Kingambit\n|-singleturn|p1b: Kingambit|Protect\n|move|p2b: Kingambit|Protect|p2b: Kingambit\n|-singleturn|p2b: Kingambit|Protect\n|move|p1a: Gengar|Substitute|p1a: Gengar\n|-start|p1a: Gengar|Substitute\n|-damage|p1a: Gengar|76/100\n|move|p2a: Sneasler|Coaching|p2b: Kingambit\n|-boost|p2b: Kingambit|atk|1\n|-boost|p2b: Kingambit|def|1\n|\n|upkeep\n|turn|2\n|\n|t:|1775929458\n|switch|p1b: Sinistcha|Sinistcha-Masterpiece, L50|100/100\n|-heal|p1a: Gengar|100/100|[from] ability: Hospitality|[of] p1b: Sinistcha\n|move|p1a: Gengar|Perish Song|p1a: Gengar\n|-start|p1a: Gengar|perish3|[silent]\n|-start|p1b: Sinistcha|perish3|[silent]\n|-start|p2a: Sneasler|perish3|[silent]\n|-start|p2b: Kingambit|perish3|[silent]\n|-fieldactivate|move: Perish Song\n|move|p2a: Sneasler|Close Combat|p1b: Sinistcha\n|-immune|p1b: Sinistcha\n|move|p2b: Kingambit|Kowtow Cleave|p1a: Gengar\n|-supereffective|p1a: Gengar|1\n|-end|p1a: Gengar|Substitute\n|\n|-start|p1a: Gengar|perish3\n|-start|p2a: Sneasler|perish3\n|-start|p1b: Sinistcha|perish3\n|-start|p2b: Kingambit|perish3\n|upkeep\n|turn|3\n|\n|t:|1775929498\n|switch|p1b: Incineroar|Incineroar, L50, M|100/100\n|-ability|p1b: Incineroar|Intimidate|boost\n|-unboost|p2a: Sneasler|atk|1\n|-unboost|p2b: Kingambit|atk|1\n|-ability|p2b: Kingambit|Defiant|boost\n|-boost|p2b: Kingambit|atk|2\n|move|p1a: Gengar|Protect|p1a: Gengar\n|-singleturn|p1a: Gengar|Protect\n|move|p2a: Sneasler|Dire Claw|p1b: Incineroar\n|-damage|p1b: Incineroar|78/100\n|move|p2b: Kingambit|Kowtow Cleave|p1b: Incineroar\n|-resisted|p1b: Incineroar|1\n|-damage|p1b: Incineroar|39/100\n|\n|-start|p1a: Gengar|perish2\n|-start|p2a: Sneasler|perish2\n|-start|p2b: Kingambit|perish2\n|upkeep\n|turn|4\n|\n|t:|1775929535\n|move|p1b: Incineroar|Fake Out|p2a: Sneasler\n|-damage|p2a: Sneasler|84/100\n|move|p1a: Gengar|Substitute|p1a: Gengar\n|-start|p1a: Gengar|Substitute\n|-damage|p1a: Gengar|76/100\n|cant|p2a: Sneasler|flinch\n|move|p2b: Kingambit|Kowtow Cleave|p1b: Incineroar\n|-resisted|p1b: Incineroar|1\n|-damage|p1b: Incineroar|1/100\n|\n|-start|p1a: Gengar|perish1\n|-start|p2a: Sneasler|perish1\n|-start|p2b: Kingambit|perish1\n|upkeep\n|turn|5\n|\n|t:|1775929577\n|switch|p1a: Kingambit|Kingambit, L50, M|100/100\n|move|p1b: Incineroar|Protect|p1b: Incineroar\n|-singleturn|p1b: Incineroar|Protect\n|move|p2a: Sneasler|Close Combat|p1b: Incineroar\n|-activate|p1b: Incineroar|move: Protect\n|move|p2b: Kingambit|Kowtow Cleave|p1a: Kingambit\n|-resisted|p1a: Kingambit|1\n|-damage|p1a: Kingambit|68/100\n|\n|-start|p2a: Sneasler|perish0\n|-start|p2b: Kingambit|perish0\n|faint|p2a: Sneasler\n|faint|p2b: Kingambit\n|upkeep\n|\n|t:|1775929591\n|switch|p2a: Sinistcha|Sinistcha, L50|100/100\n|switch|p2b: Pelipper|Pelipper, L50, M|100/100\n|-weather|RainDance|[from] ability: Drizzle|[of] p2b: Pelipper\n|turn|6\n|\n|t:|1775929609\n|move|p1a: Kingambit|Protect|p1a: Kingambit\n|-singleturn|p1a: Kingambit|Protect\n|move|p2b: Pelipper|Muddy Water|p1b: Incineroar|[spread] \n|-activate|p1a: Kingambit|move: Protect\n|-miss|p2b: Pelipper|p1b: Incineroar\n|move|p2a: Sinistcha|Matcha Gotcha|p1b: Incineroar|[spread] \n|-activate|p1a: Kingambit|move: Protect\n|-miss|p2a: Sinistcha|p1b: Incineroar\n|move|p1b: Incineroar|Parting Shot|p2b: Pelipper\n|-unboost|p2b: Pelipper|atk|1\n|-unboost|p2b: Pelipper|spa|1\n|\n|t:|1775929620\n|switch|p1b: Sinistcha|Sinistcha-Masterpiece, L50|100/100|[from] Parting Shot\n|-heal|p1a: Kingambit|93/100|[from] ability: Hospitality|[of] p1b: Sinistcha\n|\n|-weather|RainDance|[upkeep]\n|upkeep\n|turn|7\n|c|\u2606debouls|haha gg\n|c|\u2606RookieHj|gg\n|-message|debouls forfeited.\n|\n|win|RookieHj\n|raw|RookieHj's rating: 1134 &rarr; <strong>1161</strong><br />(+27 for winning)\n|raw|debouls's rating: 1168 &rarr; <strong>1141</strong><br />(-27 for losing)\n|l|\u2606RookieHj\n|player|p1|\n",
  "uploadtime": 1775929637,
  "views": 22,
  "formatid": "gen9championsvgc2026regma",
  "rating": 1141,
  "private": 0,
  "password": null
}