{
  "id": "gen9championsvgc2026regma-2584479882",
  "format": "[Gen 9 Champions] VGC 2026 Reg M-A",
  "players": [
    "Geargiano",
    "Ivyzinha089"
  ],
  "log": "|j|\u2606Geargiano\n|j|\u2606Ivyzinha089\n|t:|1776263645\n|gametype|doubles\n|player|p1|Geargiano|170|1110\n|player|p2|Ivyzinha089|dawn|1152\n|gen|9\n|tier|[Gen 9 Champions] VGC 2026 Reg M-A\n|rated|\n|rule|Species Clause: Limit one of each Pok\u00e9mon\n|rule|Item Clause: Limit 1 of each item\n|clearpoke\n|poke|p1|Politoed, L50, M|\n|poke|p1|Meganium, L50, F|\n|poke|p1|Basculegion, L50, M|\n|poke|p1|Klefki, L50, F|\n|poke|p1|Archaludon, L50, M|\n|poke|p1|Toxicroak, L50, M|\n|poke|p2|Froslass, L50, F|\n|poke|p2|Sneasler, L50, F|\n|poke|p2|Sinistcha, L50|\n|poke|p2|Garchomp, L50, M|\n|poke|p2|Kingambit, L50, F|\n|poke|p2|Rotom-Wash, L50|\n|teampreview|4\n|inactive|Battle timer is ON: inactive players will automatically lose when time's up. (requested by Ivyzinha089)\n|\n|t:|1776263669\n|teamsize|p1|4\n|teamsize|p2|4\n|start\n|switch|p1a: Vapore0n|Politoed, L50, M|100/100\n|switch|p1b: Basculegion|Basculegion, L50, M|100/100\n|switch|p2a: Froslass|Froslass, L50, F|100/100\n|switch|p2b: Sneasler|Sneasler, L50, F|100/100\n|-weather|RainDance|[from] ability: Drizzle|[of] p1a: Vapore0n\n|turn|1\n|\n|t:|1776263690\n|detailschange|p2a: Froslass|Froslass-Mega, L50, F\n|-mega|p2a: Froslass|Froslass|Froslassite\n|-weather|Snowscape|[from] ability: Snow Warning|[of] p2a: Froslass\n|move|p2a: Froslass|Shadow Ball|p1b: Basculegion\n|-supereffective|p1b: Basculegion|1\n|-damage|p1b: Basculegion|0 fnt\n|faint|p1b: Basculegion\n|move|p2b: Sneasler|Dire Claw|p1a: Vapore0n\n|-damage|p1a: Vapore0n|41/100\n|move|p1a: Vapore0n|Weather Ball|p2b: Sneasler\n|-damage|p2b: Sneasler|62/100\n|\n|-weather|Snowscape|[upkeep]\n|upkeep\n|\n|t:|1776263698\n|switch|p1b: Toxicroak|Toxicroak, L50, M|100/100\n|turn|2\n|inactive|Geargiano has 30 seconds left.\n|inactive|Geargiano has 20 seconds left.\n|\n|t:|1776263734\n|move|p1a: Vapore0n|Protect|p1a: Vapore0n\n|-singleturn|p1a: Vapore0n|Protect\n|move|p1b: Toxicroak|Sucker Punch|p2a: Froslass\n|-supereffective|p2a: Froslass|1\n|-damage|p2a: Froslass|47/100\n|move|p2a: Froslass|Blizzard|p1b: Toxicroak|[spread] p1b\n|-activate|p1a: Vapore0n|move: Protect\n|-damage|p1b: Toxicroak|33/100\n|move|p2b: Sneasler|Close Combat|p1a: Vapore0n\n|-activate|p1a: Vapore0n|move: Protect\n|\n|-weather|Snowscape|[upkeep]\n|upkeep\n|turn|3\n|\n|t:|1776263756\n|switch|p1a: Meganium|Meganium, L50, F|100/100\n|move|p1b: Toxicroak|Sucker Punch||[still]\n|-fail|p1b: Toxicroak\n|move|p2a: Froslass|Aurora Veil|p2a: Froslass\n|-sidestart|p2: Ivyzinha089|move: Aurora Veil\n|move|p2b: Sneasler|Close Combat|p1b: Toxicroak\n|-resisted|p1b: Toxicroak|1\n|-damage|p1b: Toxicroak|0 fnt\n|-unboost|p2b: Sneasler|def|1\n|-unboost|p2b: Sneasler|spd|1\n|faint|p1b: Toxicroak\n|-enditem|p2b: Sneasler|White Herb\n|-clearnegativeboost|p2b: Sneasler|[silent]\n|\n|-weather|Snowscape|[upkeep]\n|upkeep\n|\n|t:|1776263770\n|switch|p1b: Vapore0n|Politoed, L50, M|41/100\n|-weather|RainDance|[from] ability: Drizzle|[of] p1b: Vapore0n\n|turn|4\n|\n|t:|1776263780\n|switch|p2a: Rotom|Rotom-Wash, L50|100/100\n|detailschange|p1a: Meganium|Meganium-Mega, L50, F\n|-mega|p1a: Meganium|Meganium|Meganiumite\n|move|p2b: Sneasler|Protect|p2b: Sneasler\n|-singleturn|p2b: Sneasler|Protect\n|move|p1b: Vapore0n|Weather Ball|p2b: Sneasler\n|-activate|p2b: Sneasler|move: Protect\n|move|p1a: Meganium|Weather Ball|p2a: Rotom\n|-resisted|p2a: Rotom|1\n|-damage|p2a: Rotom|75/100\n|\n|-weather|RainDance|[upkeep]\n|upkeep\n|turn|5\n|\n|t:|1776263803\n|move|p2b: Sneasler|Dire Claw|p1a: Meganium\n|-supereffective|p1a: Meganium|2\n|-damage|p1a: Meganium|0 fnt\n|faint|p1a: Meganium\n|move|p2a: Rotom|Volt Switch|p1b: Vapore0n\n|-supereffective|p1b: Vapore0n|1\n|-damage|p1b: Vapore0n|0 fnt\n|faint|p1b: Vapore0n\n|\n|win|Ivyzinha089\n|raw|Geargiano's rating: 1110 &rarr; <strong>1088</strong><br />(-22 for losing)\n|raw|Ivyzinha089's rating: 1152 &rarr; <strong>1174</strong><br />(+22 for winning)\n|l|\u2606Geargiano\n|player|p1|\n|l|\u2606Ivyzinha089\n|player|p2|\n|j|\u2606Ivyzinha089\n|player|p2|Ivyzinha089|dawn|\n",
  "uploadtime": 1776263912,
  "views": 29,
  "formatid": "gen9championsvgc2026regma",
  "rating": 1088,
  "private": 0,
  "password": null
}