{
  "id": "gen9championsvgc2026regma-2582440233",
  "format": "[Gen 9 Champions] VGC 2026 Reg M-A",
  "players": [
    "Jadedragon61",
    "MystcX"
  ],
  "log": "|j|\u2606Jadedragon61\n|j|\u2606MystcX\n|t:|1776091824\n|gametype|doubles\n|player|p1|Jadedragon61|beni-ninja|1117\n|player|p2|MystcX|steven|1056\n|gen|9\n|tier|[Gen 9 Champions] VGC 2026 Reg M-A\n|rated|\n|rule|Species Clause: Limit one of each Pok\u00e9mon\n|rule|Item Clause: Limit 1 of each item\n|clearpoke\n|poke|p1|Talonflame, L50, F|\n|poke|p1|Tyranitar, L50, M|\n|poke|p1|Floette-Eternal, L50, F|\n|poke|p1|Garchomp, L50, F|\n|poke|p1|Rotom-Wash, L50|\n|poke|p1|Sneasler, L50, F|\n|poke|p2|Gengar, L50, M|\n|poke|p2|Incineroar, L50, M|\n|poke|p2|Palafin, L50, F|\n|poke|p2|Whimsicott, L50, F|\n|poke|p2|Garchomp, L50, F|\n|poke|p2|Raichu, L50, F|\n|teampreview|4\n|inactive|Battle timer is ON: inactive players will automatically lose when time's up. (requested by Jadedragon61)\n|inactive|MystcX also wants the timer to be on.\n|inactive|Jadedragon61 has 60 seconds left.\n|\n|t:|1776091868\n|teamsize|p1|4\n|teamsize|p2|4\n|start\n|switch|p1a: Sneasler|Sneasler, L50, F|100/100\n|switch|p1b: Rotom|Rotom-Wash, L50|100/100\n|switch|p2a: Palafin|Palafin, L50, F|100/100\n|switch|p2b: Garchomp|Garchomp, L50, F|100/100\n|turn|1\n|\n|t:|1776091893\n|detailschange|p2a: Palafin|Palafin-Hero, L50, F\n|switch|p2a: Gengar|Gengar, L50, M|100/100\n|move|p1a: Sneasler|Close Combat|p2b: Garchomp\n|-damage|p2b: Garchomp|36/100\n|-unboost|p1a: Sneasler|def|1\n|-unboost|p1a: Sneasler|spd|1\n|-damage|p1a: Sneasler|88/100|[from] ability: Rough Skin|[of] p2b: Garchomp\n|-enditem|p1a: Sneasler|White Herb\n|-clearnegativeboost|p1a: Sneasler|[silent]\n|move|p2b: Garchomp|Crunch|p1b: Rotom\n|-damage|p1b: Rotom|69/100\n|-unboost|p1b: Rotom|def|1\n|move|p1b: Rotom|Nasty Plot|p1b: Rotom\n|-boost|p1b: Rotom|spa|2\n|\n|-heal|p2b: Garchomp|42/100|[from] item: Leftovers\n|-heal|p1b: Rotom|74/100|[from] item: Leftovers\n|upkeep\n|turn|2\n|\n|t:|1776091914\n|switch|p2b: Raichu|Raichu, L50, F|100/100\n|detailschange|p2a: Gengar|Gengar-Mega, L50, M\n|-mega|p2a: Gengar|Gengar|Gengarite\n|move|p1a: Sneasler|Close Combat|p2b: Raichu\n|-enditem|p2b: Raichu|Focus Sash\n|-damage|p2b: Raichu|1/100\n|-unboost|p1a: Sneasler|def|1\n|-unboost|p1a: Sneasler|spd|1\n|move|p2a: Gengar|Sludge Bomb|p1b: Rotom\n|-damage|p1b: Rotom|11/100\n|-status|p1b: Rotom|psn\n|move|p1b: Rotom|Thunderbolt|p2b: Raichu\n|-activate|p2b: Raichu|ability: Lightning Rod\n|-ability|p2b: Raichu|Lightning Rod|boost\n|-boost|p2b: Raichu|spa|1\n|\n|-heal|p1b: Rotom|17/100 psn|[from] item: Leftovers\n|-damage|p1b: Rotom|5/100 psn|[from] psn\n|upkeep\n|turn|3\n|inactive|Jadedragon61 has 30 seconds left.\n|inactive|MystcX has 30 seconds left.\n|\n|t:|1776091941\n|move|p2a: Gengar|Protect|p2a: Gengar\n|-singleturn|p2a: Gengar|Protect\n|move|p1a: Sneasler|Dire Claw|p2b: Raichu\n|-damage|p2b: Raichu|0 fnt\n|faint|p2b: Raichu\n|move|p1b: Rotom|Thunderbolt|p2a: Gengar\n|-activate|p2a: Gengar|move: Protect\n|\n|-heal|p1b: Rotom|11/100 psn|[from] item: Leftovers\n|-damage|p1b: Rotom|0 fnt|[from] psn\n|faint|p1b: Rotom\n|upkeep\n|\n|t:|1776091952\n|switch|p2b: Palafin|Palafin-Hero, L50, F|100/100\n|switch|p1b: Garchomp|Garchomp, L50, F|100/100\n|-activate|p2b: Palafin|ability: Zero to Hero\n|turn|4\n|\n|t:|1776091963\n|move|p1a: Sneasler|Dire Claw|p2b: Palafin\n|-damage|p2b: Palafin|52/100\n|move|p1b: Garchomp|Stomping Tantrum|p2a: Gengar\n|-supereffective|p2a: Gengar|1\n|-damage|p2a: Gengar|0 fnt\n|faint|p2a: Gengar\n|move|p2b: Palafin|Outrage|p1a: Sneasler\n|-damage|p1a: Sneasler|0 fnt\n|faint|p1a: Sneasler\n|\n|upkeep\n|\n|t:|1776091976\n|switch|p1a: Tyranitar|Tyranitar, L50, M|100/100\n|switch|p2a: Garchomp|Garchomp, L50, F|42/100\n|-weather|Sandstorm|[from] ability: Sand Stream|[of] p1a: Tyranitar\n|turn|5\n|\n|t:|1776091989\n|detailschange|p1a: Tyranitar|Tyranitar-Mega, L50, M\n|-mega|p1a: Tyranitar|Tyranitar|Tyranitarite\n|move|p1b: Garchomp|Stomping Tantrum|p2a: Garchomp\n|-damage|p2a: Garchomp|0 fnt\n|-damage|p1b: Garchomp|88/100|[from] ability: Rough Skin|[of] p2a: Garchomp\n|faint|p2a: Garchomp\n|move|p2b: Palafin|Outrage|p1a: Tyranitar|[from] lockedmove\n|-damage|p1a: Tyranitar|65/100\n|-start|p2b: Palafin|confusion|[fatigue]\n|move|p1a: Tyranitar|Knock Off|p2b: Palafin\n|-damage|p2b: Palafin|0 fnt\n|-enditem|p2b: Palafin|Choice Scarf|[from] move: Knock Off|[of] p1a: Tyranitar\n|faint|p2b: Palafin\n|\n|win|Jadedragon61\n|raw|Jadedragon61's rating: 1117 &rarr; <strong>1138</strong><br />(+21 for winning)\n|raw|MystcX's rating: 1056 &rarr; <strong>1041</strong><br />(-15 for losing)\n|l|\u2606MystcX\n|player|p2|\n",
  "uploadtime": 1776092001,
  "views": 8,
  "formatid": "gen9championsvgc2026regma",
  "rating": 1041,
  "private": 0,
  "password": null
}