{
  "id": "gen9championsvgc2026regma-2588483941",
  "format": "[Gen 9 Champions] VGC 2026 Reg M-A",
  "players": [
    "Moo Moo Meta",
    "pod2007"
  ],
  "log": "|j|\u2606Moo Moo Meta\n|j|\u2606pod2007\n|t:|1776637640\n|gametype|doubles\n|player|p1|Moo Moo Meta|rancher|1075\n|player|p2|pod2007|266|1091\n|gen|9\n|tier|[Gen 9 Champions] VGC 2026 Reg M-A\n|rated|\n|rule|Species Clause: Limit one of each Pok\u00e9mon\n|rule|Item Clause: Limit 1 of each item\n|clearpoke\n|poke|p1|Blastoise, L50, F|\n|poke|p1|Vivillon, L50, M|\n|poke|p1|Politoed, L50, M|\n|poke|p1|Incineroar, L50, F|\n|poke|p1|Basculegion, L50, M|\n|poke|p1|Decidueye-Hisui, L50, F|\n|poke|p2|Aggron, L50, M, shiny|\n|poke|p2|Incineroar, L50, F|\n|poke|p2|Cofagrigus, L50, F|\n|poke|p2|Sinistcha, L50|\n|poke|p2|Basculegion, L50, M, shiny|\n|poke|p2|Pelipper, L50, F|\n|teampreview|4\n|j| GreenHag\n|inactive|Battle timer is ON: inactive players will automatically lose when time's up. (requested by pod2007)\n|\n|t:|1776637681\n|teamsize|p1|4\n|teamsize|p2|4\n|start\n|switch|p1a: Decidueye|Decidueye-Hisui, L50, F|100/100\n|switch|p1b: Blastoise|Blastoise, L50, F|100/100\n|switch|p2a: Incineroar|Incineroar, L50, F|100/100\n|switch|p2b: Cofagrigus|Cofagrigus, L50, F|100/100\n|-ability|p2a: Incineroar|Intimidate|boost\n|-fail|p1a: Decidueye|unboost|Attack|[from] ability: Scrappy|[of] p1a: Decidueye\n|-unboost|p1b: Blastoise|atk|1\n|turn|1\n|\n|t:|1776637694\n|detailschange|p1b: Blastoise|Blastoise-Mega, L50, F\n|-mega|p1b: Blastoise|Blastoise|Blastoisinite\n|move|p1b: Blastoise|Protect|p1b: Blastoise\n|-singleturn|p1b: Blastoise|Protect\n|move|p2a: Incineroar|Fake Out|p1b: Blastoise\n|-activate|p1b: Blastoise|move: Protect\n|move|p1a: Decidueye|Triple Arrows|p2a: Incineroar\n|-supereffective|p2a: Incineroar|1\n|-damage|p2a: Incineroar|19/100\n|-enditem|p2a: Incineroar|Sitrus Berry|[eat]\n|-heal|p2a: Incineroar|44/100|[from] item: Sitrus Berry\n|move|p2b: Cofagrigus|Psychic|p1a: Decidueye\n|-supereffective|p1a: Decidueye|1\n|-damage|p1a: Decidueye|33/100\n|\n|upkeep\n|turn|2\n|l| GreenHag\n|inactive|pod2007 has 30 seconds left.\n|\n|t:|1776637721\n|switch|p2a: Sinistcha|Sinistcha, L50|100/100\n|move|p1a: Decidueye|Triple Arrows|p2a: Sinistcha\n|-damage|p2a: Sinistcha|49/100\n|move|p1b: Blastoise|Muddy Water|p2b: Cofagrigus|[spread] p2a\n|-miss|p1b: Blastoise|p2b: Cofagrigus\n|-resisted|p2a: Sinistcha|1\n|-damage|p2a: Sinistcha|28/100\n|move|p2b: Cofagrigus|Psychic|p1a: Decidueye\n|-supereffective|p1a: Decidueye|1\n|-damage|p1a: Decidueye|0 fnt\n|faint|p1a: Decidueye\n|\n|upkeep\n|\n|t:|1776637733\n|switch|p1a: Vivillon|Vivillon, L50, M|100/100\n|turn|3\n|\n|t:|1776637751\n|move|p1a: Vivillon|Hurricane|p2b: Cofagrigus\n|-damage|p2b: Cofagrigus|52/100\n|move|p1b: Blastoise|Dragon Pulse|p2a: Sinistcha\n|-damage|p2a: Sinistcha|0 fnt\n|faint|p2a: Sinistcha\n|move|p2b: Cofagrigus|Shadow Ball|p1a: Vivillon\n|-damage|p1a: Vivillon|34/100\n|\n|upkeep\n|\n|t:|1776637761\n|switch|p2a: Aggron|Aggron, L50, M, shiny|100/100\n|turn|4\n|inactive|Moo Moo Meta has 30 seconds left.\n|\n|t:|1776637791\n|detailschange|p2a: Aggron|Aggron-Mega, L50, M, shiny\n|-mega|p2a: Aggron|Aggron|Aggronite\n|move|p1a: Vivillon|Rage Powder|p1a: Vivillon\n|-singleturn|p1a: Vivillon|move: Rage Powder\n|move|p1b: Blastoise|Muddy Water|p2a: Aggron|[spread] p2a,p2b\n|-damage|p2a: Aggron|69/100\n|-damage|p2b: Cofagrigus|7/100\n|move|p2a: Aggron|Rock Slide|p1b: Blastoise|[spread] p1a,p1b\n|-supereffective|p1a: Vivillon|2\n|-damage|p1a: Vivillon|0 fnt\n|-damage|p1b: Blastoise|88/100\n|faint|p1a: Vivillon\n|move|p2b: Cofagrigus|Shadow Ball|p1b: Blastoise\n|-damage|p1b: Blastoise|52/100\n|\n|upkeep\n|\n|t:|1776637799\n|switch|p1a: Basculegion|Basculegion, L50, M|100/100\n|turn|5\n|\n|t:|1776637813\n|move|p1a: Basculegion|Last Respects|p2b: Cofagrigus\n|-supereffective|p2b: Cofagrigus|1\n|-damage|p2b: Cofagrigus|0 fnt\n|faint|p2b: Cofagrigus\n|move|p1b: Blastoise|Muddy Water|p2a: Aggron\n|-crit|p2a: Aggron\n|-damage|p2a: Aggron|8/100\n|move|p2a: Aggron|Rock Slide|p1a: Basculegion|[spread] p1a,p1b\n|-damage|p1a: Basculegion|79/100\n|-damage|p1b: Blastoise|34/100\n|\n|upkeep\n|\n|t:|1776637823\n|switch|p2b: Incineroar|Incineroar, L50, F|44/100\n|-ability|p2b: Incineroar|Intimidate|boost\n|-unboost|p1a: Basculegion|atk|1\n|-unboost|p1b: Blastoise|atk|1\n|turn|6\n|\n|t:|1776637834\n|move|p1b: Blastoise|Protect|p1b: Blastoise\n|-singleturn|p1b: Blastoise|Protect\n|move|p2b: Incineroar|Fake Out|p1a: Basculegion\n|-immune|p1a: Basculegion\n|move|p1a: Basculegion|Wave Crash|p2b: Incineroar\n|-supereffective|p2b: Incineroar|1\n|-damage|p2b: Incineroar|0 fnt\n|faint|p2b: Incineroar\n|-damage|p1a: Basculegion|64/100|[from] Recoil\n|move|p2a: Aggron|Rock Slide|p1a: Basculegion|[spread] p1a\n|-activate|p1b: Blastoise|move: Protect\n|-damage|p1a: Basculegion|42/100\n|\n|upkeep\n|turn|7\n|\n|t:|1776637849\n|move|p2a: Aggron|Protect|p2a: Aggron\n|-singleturn|p2a: Aggron|Protect\n|move|p1b: Blastoise|Dragon Pulse|p2a: Aggron\n|-activate|p2a: Aggron|move: Protect\n|move|p1a: Basculegion|Last Respects|p2a: Aggron\n|-activate|p2a: Aggron|move: Protect\n|\n|upkeep\n|turn|8\n|c|\u2606Moo Moo Meta|gg\n|\n|t:|1776637858\n|move|p1b: Blastoise|Dragon Pulse|p2a: Aggron\n|-resisted|p2a: Aggron|1\n|-damage|p2a: Aggron|0 fnt\n|faint|p2a: Aggron\n|\n|win|Moo Moo Meta\n|raw|Moo Moo Meta's rating: 1075 &rarr; <strong>1105</strong><br />(+30 for winning)\n|raw|pod2007's rating: 1091 &rarr; <strong>1066</strong><br />(-25 for losing)\n|l|\u2606pod2007\n|player|p2|\n",
  "uploadtime": 1776637875,
  "views": 14,
  "formatid": "gen9championsvgc2026regma",
  "rating": 1066,
  "private": 0,
  "password": null
}