{
  "id": "gen9championsvgc2026regma-2586152995",
  "format": "[Gen 9 Champions] VGC 2026 Reg M-A",
  "players": [
    "nguyennico",
    "NoobishTrainerJoe"
  ],
  "log": "|j|\u2606nguyennico\n|j|\u2606NoobishTrainerJoe\n|t:|1776405724\n|gametype|doubles\n|player|p1|nguyennico|102|1181\n|player|p2|NoobishTrainerJoe|kurt|1263\n|gen|9\n|tier|[Gen 9 Champions] VGC 2026 Reg M-A\n|rated|\n|rule|Species Clause: Limit one of each Pok\u00e9mon\n|rule|Item Clause: Limit 1 of each item\n|clearpoke\n|poke|p1|Sneasler, L50, M|\n|poke|p1|Floette-Eternal, L50, F|\n|poke|p1|Aerodactyl, L50, F|\n|poke|p1|Kingambit, L50, M|\n|poke|p1|Delphox, L50, F|\n|poke|p1|Sinistcha, L50|\n|poke|p2|Audino, L50, F|\n|poke|p2|Kingambit, L50, M|\n|poke|p2|Sinistcha, L50|\n|poke|p2|Basculegion, L50, M|\n|poke|p2|Incineroar, L50, F|\n|poke|p2|Lucario, L50, F|\n|teampreview|4\n|\n|t:|1776405779\n|teamsize|p1|4\n|teamsize|p2|4\n|start\n|switch|p1a: Floette|Floette-Eternal, L50, F|100/100\n|switch|p1b: Sinistcha|Sinistcha, L50|100/100\n|switch|p2a: Sinistcha|Sinistcha, L50|100/100\n|switch|p2b: Basculegion|Basculegion, L50, M|100/100\n|turn|1\n|\n|t:|1776405804\n|detailschange|p1a: Floette|Floette-Mega, L50, F\n|-mega|p1a: Floette|Floette|Floettite\n|-ability|p1a: Floette|Fairy Aura\n|move|p2b: Basculegion|Flip Turn|p1a: Floette\n|-damage|p1a: Floette|57/100\n|\n|t:|1776405811\n|switch|p2b: Audino|Audino, L50, F|100/100|[from] Flip Turn\n|move|p1a: Floette|Calm Mind|p1a: Floette\n|-boost|p1a: Floette|spa|1\n|-boost|p1a: Floette|spd|1\n|move|p1b: Sinistcha|Shadow Ball|p2a: Sinistcha\n|-supereffective|p2a: Sinistcha|1\n|-damage|p2a: Sinistcha|42/100\n|-enditem|p2a: Sinistcha|Sitrus Berry|[eat]\n|-heal|p2a: Sinistcha|67/100|[from] item: Sitrus Berry\n|move|p2a: Sinistcha|Trick Room|p2a: Sinistcha\n|-fieldstart|move: Trick Room|[of] p2a: Sinistcha\n|\n|upkeep\n|turn|2\n|\n|t:|1776405852\n|switch|p2a: Kingambit|Kingambit, L50, M|100/100\n|detailschange|p2b: Audino|Audino-Mega, L50, F\n|-mega|p2b: Audino|Audino|Audinite\n|move|p2b: Audino|Encore|p1a: Floette\n|-start|p1a: Floette|Encore\n|move|p1b: Sinistcha|Shadow Ball|p2a: Kingambit\n|-resisted|p2a: Kingambit|1\n|-damage|p2a: Kingambit|86/100\n|-unboost|p2a: Kingambit|spd|1\n|-ability|p2a: Kingambit|Defiant|boost\n|-boost|p2a: Kingambit|atk|2\n|move|p1a: Floette|Calm Mind|p1a: Floette\n|-boost|p1a: Floette|spa|1\n|-boost|p1a: Floette|spd|1\n|\n|upkeep\n|turn|3\n|\n|t:|1776405891\n|switch|p1a: Sneasler|Sneasler, L50, M|100/100\n|move|p1b: Sinistcha|Protect|p1b: Sinistcha\n|-singleturn|p1b: Sinistcha|Protect\n|move|p2a: Kingambit|Low Kick|p1a: Sneasler\n|-resisted|p1a: Sneasler|1\n|-damage|p1a: Sneasler|59/100\n|move|p2b: Audino|Encore|p1b: Sinistcha\n|-activate|p1b: Sinistcha|move: Protect\n|\n|upkeep\n|turn|4\n|\n|t:|1776405932\n|move|p2a: Kingambit|Kowtow Cleave|p1a: Sneasler\n|-resisted|p1a: Sneasler|1\n|-damage|p1a: Sneasler|0 fnt\n|faint|p1a: Sneasler\n|move|p2b: Audino|Encore|p1b: Sinistcha\n|-start|p1b: Sinistcha|Encore\n|move|p1b: Sinistcha|Protect|p1b: Sinistcha\n|-singleturn|p1b: Sinistcha|Protect\n|\n|upkeep\n|\n|t:|1776405943\n|switch|p1a: Floette|Floette-Mega, L50, F|57/100\n|-ability|p1a: Floette|Fairy Aura\n|turn|5\n|\n|t:|1776405960\n|move|p1b: Sinistcha|Protect||[still]\n|-fail|p1b: Sinistcha\n|move|p2a: Kingambit|Kowtow Cleave|p1a: Floette\n|-resisted|p1a: Floette|1\n|-damage|p1a: Floette|0 fnt\n|faint|p1a: Floette\n|move|p2b: Audino|Life Dew||[still]|[spread] p2a,p2b\n|-heal|p2a: Kingambit|100/100\n|-fail|p2b: Audino|heal\n|\n|-fieldend|move: Trick Room\n|upkeep\n|-message|nguyennico forfeited.\n|\n|win|NoobishTrainerJoe\n|raw|nguyennico's rating: 1181 &rarr; <strong>1162</strong><br />(-19 for losing)\n|raw|NoobishTrainerJoe's rating: 1263 &rarr; <strong>1282</strong><br />(+19 for winning)\n|l|\u2606nguyennico\n|player|p1|\n",
  "uploadtime": 1776405974,
  "views": 22,
  "formatid": "gen9championsvgc2026regma",
  "rating": 1162,
  "private": 0,
  "password": null
}