{
  "id": "gen9championsvgc2026regma-2581989369",
  "format": "[Gen 9 Champions] VGC 2026 Reg M-A",
  "players": [
    "KangarooToodleloo",
    "fatedgabo"
  ],
  "log": "|j|\u2606KangarooToodleloo\n|j|\u2606fatedgabo\n|t:|1776046076\n|gametype|doubles\n|player|p1|KangarooToodleloo|blue-masters|1247\n|player|p2|fatedgabo|benga|1237\n|gen|9\n|tier|[Gen 9 Champions] VGC 2026 Reg M-A\n|rated|\n|rule|Species Clause: Limit one of each Pok\u00e9mon\n|rule|Item Clause: Limit 1 of each item\n|clearpoke\n|poke|p1|Gyarados, L50, M|\n|poke|p1|Incineroar, L50, M|\n|poke|p1|Gengar, L50, F|\n|poke|p1|Kommo-o, L50, M|\n|poke|p1|Sinistcha-Masterpiece, L50|\n|poke|p1|Kangaskhan, L50, F|\n|poke|p2|Tyranitar, L50, F|\n|poke|p2|Excadrill, L50, F|\n|poke|p2|Sinistcha, L50|\n|poke|p2|Sylveon, L50, F|\n|poke|p2|Tauros-Paldea-Aqua, L50, M|\n|poke|p2|Talonflame, L50, M|\n|teampreview|4\n|inactive|Battle timer is ON: inactive players will automatically lose when time's up. (requested by fatedgabo)\n|\n|t:|1776046109\n|teamsize|p1|4\n|teamsize|p2|4\n|start\n|switch|p1a: Kangaskhan|Kangaskhan, L50, F|100/100\n|switch|p1b: Sinistcha|Sinistcha-Masterpiece, L50|100/100\n|switch|p2a: Tauros|Tauros-Paldea-Aqua, L50, M|100/100\n|switch|p2b: Sinistcha|Sinistcha, L50|100/100\n|-ability|p2a: Tauros|Intimidate|boost\n|-fail|p1a: Kangaskhan|unboost|Attack|[from] ability: Scrappy|[of] p1a: Kangaskhan\n|-unboost|p1b: Sinistcha|atk|1\n|turn|1\n|\n|t:|1776046128\n|switch|p2b: Sylveon|Sylveon, L50, F|100/100\n|move|p1a: Kangaskhan|Fake Out|p2a: Tauros\n|-damage|p2a: Tauros|80/100\n|cant|p2a: Tauros|flinch\n|move|p1b: Sinistcha|Matcha Gotcha|p2b: Sylveon|[spread] p2a,p2b\n|-supereffective|p2a: Tauros|1\n|-damage|p2a: Tauros|0 fnt\n|-damage|p2b: Sylveon|82/100\n|faint|p2a: Tauros\n|\n|upkeep\n|\n|t:|1776046133\n|switch|p2a: Sinistcha|Sinistcha, L50|100/100\n|-heal|p2b: Sylveon|100/100|[from] ability: Hospitality|[of] p2a: Sinistcha\n|turn|2\n|\n|t:|1776046157\n|switch|p1b: Incineroar|Incineroar, L50, M|100/100\n|-ability|p1b: Incineroar|Intimidate|boost\n|-unboost|p2a: Sinistcha|atk|1\n|-unboost|p2b: Sylveon|atk|1\n|move|p1a: Kangaskhan|Double-Edge|p2a: Sinistcha\n|-damage|p2a: Sinistcha|48/100\n|-enditem|p2a: Sinistcha|Sitrus Berry|[eat]\n|-heal|p2a: Sinistcha|73/100|[from] item: Sitrus Berry\n|-damage|p1a: Kangaskhan|86/100|[from] Recoil\n|move|p2a: Sinistcha|Matcha Gotcha|p1b: Incineroar|[spread] p1b\n|-miss|p2a: Sinistcha|p1a: Kangaskhan\n|-resisted|p1b: Incineroar|1\n|-damage|p1b: Incineroar|89/100\n|-heal|p2a: Sinistcha|80/100|[from] drain|[of] p1b: Incineroar\n|move|p2b: Sylveon|Calm Mind|p2b: Sylveon\n|-boost|p2b: Sylveon|spa|1\n|-boost|p2b: Sylveon|spd|1\n|\n|upkeep\n|turn|3\n|\n|t:|1776046178\n|switch|p1a: Sinistcha|Sinistcha-Masterpiece, L50|100/100\n|-heal|p1b: Incineroar|100/100|[from] ability: Hospitality|[of] p1a: Sinistcha\n|switch|p2a: Tyranitar|Tyranitar, L50, F|100/100\n|-weather|Sandstorm|[from] ability: Sand Stream|[of] p2a: Tyranitar\n|move|p1b: Incineroar|Throat Chop|p2b: Sylveon\n|-resisted|p2b: Sylveon|1\n|-damage|p2b: Sylveon|75/100\n|-start|p2b: Sylveon|Throat Chop|[silent]\n|cant|p2b: Sylveon|move: Throat Chop\n|\n|-weather|Sandstorm|[upkeep]\n|-damage|p1a: Sinistcha|94/100|[from] Sandstorm\n|-damage|p1b: Incineroar|95/100|[from] Sandstorm\n|-damage|p2b: Sylveon|69/100|[from] Sandstorm\n|upkeep\n|turn|4\n|\n|t:|1776046196\n|detailschange|p2a: Tyranitar|Tyranitar-Mega, L50, F\n|-mega|p2a: Tyranitar|Tyranitar|Tyranitarite\n|move|p2a: Tyranitar|Rock Slide|p1a: Sinistcha|[spread] p1a,p1b\n|-crit|p1a: Sinistcha\n|-supereffective|p1b: Incineroar|1\n|-damage|p1a: Sinistcha|43/100\n|-damage|p1b: Incineroar|32/100\n|-enditem|p1b: Incineroar|Sitrus Berry|[eat]\n|-heal|p1b: Incineroar|57/100|[from] item: Sitrus Berry\n|move|p1a: Sinistcha|Matcha Gotcha|p2b: Sylveon|[spread] p2a\n|-miss|p1a: Sinistcha|p2b: Sylveon\n|-supereffective|p2a: Tyranitar|1\n|-crit|p2a: Tyranitar\n|-damage|p2a: Tyranitar|62/100\n|-heal|p1a: Sinistcha|66/100|[from] drain|[of] p2a: Tyranitar\n|-status|p2a: Tyranitar|brn\n|move|p1b: Incineroar|Parting Shot|p2b: Sylveon\n|-unboost|p2b: Sylveon|atk|1\n|-unboost|p2b: Sylveon|spa|1\n|\n|t:|1776046204\n|switch|p1b: Gyarados|Gyarados, L50, M|100/100|[from] Parting Shot\n|-ability|p1b: Gyarados|Intimidate|boost\n|-unboost|p2a: Tyranitar|atk|1\n|-unboost|p2b: Sylveon|atk|1\n|move|p2b: Sylveon|Moonblast|p1a: Sinistcha\n|-damage|p1a: Sinistcha|4/100\n|\n|-weather|Sandstorm|[upkeep]\n|-damage|p1b: Gyarados|95/100|[from] Sandstorm\n|-damage|p1a: Sinistcha|0 fnt|[from] Sandstorm\n|-damage|p2b: Sylveon|63/100|[from] Sandstorm\n|faint|p1a: Sinistcha\n|-damage|p2a: Tyranitar|56/100 brn|[from] brn\n|-end|p2b: Sylveon|Throat Chop|[silent]\n|upkeep\n|\n|t:|1776046207\n|switch|p1a: Kangaskhan|Kangaskhan, L50, F|86/100\n|turn|5\n|\n|t:|1776046218\n|switch|p1b: Incineroar|Incineroar, L50, M|57/100\n|-ability|p1b: Incineroar|Intimidate|boost\n|-unboost|p2a: Tyranitar|atk|1\n|-unboost|p2b: Sylveon|atk|1\n|switch|p2a: Sinistcha|Sinistcha, L50|80/100\n|-heal|p2b: Sylveon|88/100|[from] ability: Hospitality|[of] p2a: Sinistcha\n|move|p1a: Kangaskhan|Double-Edge|p2b: Sylveon\n|-damage|p2b: Sylveon|32/100\n|-damage|p1a: Kangaskhan|68/100|[from] Recoil\n|move|p2b: Sylveon|Hyper Voice|p1b: Incineroar|[spread] p1a,p1b\n|-damage|p1a: Kangaskhan|20/100\n|-damage|p1b: Incineroar|15/100\n|\n|-weather|Sandstorm|[upkeep]\n|-damage|p1a: Kangaskhan|14/100|[from] Sandstorm\n|-damage|p2a: Sinistcha|74/100|[from] Sandstorm\n|-damage|p1b: Incineroar|9/100|[from] Sandstorm\n|-damage|p2b: Sylveon|25/100|[from] Sandstorm\n|upkeep\n|turn|6\n|inactive|KangarooToodleloo has 30 seconds left.\n|\n|t:|1776046244\n|switch|p1a: Gyarados|Gyarados, L50, M|95/100\n|-ability|p1a: Gyarados|Intimidate|boost\n|-unboost|p2a: Sinistcha|atk|1\n|-unboost|p2b: Sylveon|atk|1\n|move|p2a: Sinistcha|Matcha Gotcha|p1a: Gyarados|[spread] p1a\n|-miss|p2a: Sinistcha|p1b: Incineroar\n|-damage|p1a: Gyarados|69/100\n|-heal|p2a: Sinistcha|88/100|[from] drain|[of] p1a: Gyarados\n|move|p1b: Incineroar|Flare Blitz|p2a: Sinistcha\n|-supereffective|p2a: Sinistcha|1\n|-damage|p2a: Sinistcha|0 fnt\n|faint|p2a: Sinistcha\n|-damage|p1b: Incineroar|0 fnt|[from] Recoil\n|faint|p1b: Incineroar\n|move|p2b: Sylveon|Hyper Voice|p1a: Gyarados\n|-damage|p1a: Gyarados|8/100\n|\n|-weather|Sandstorm|[upkeep]\n|-damage|p1a: Gyarados|2/100|[from] Sandstorm\n|-damage|p2b: Sylveon|19/100|[from] Sandstorm\n|upkeep\n|\n|t:|1776046262\n|switch|p2a: Tyranitar|Tyranitar-Mega, L50, F|56/100 brn\n|switch|p1b: Kangaskhan|Kangaskhan, L50, F|14/100\n|turn|7\n|\n|t:|1776046280\n|detailschange|p1b: Kangaskhan|Kangaskhan-Mega, L50, F\n|-mega|p1b: Kangaskhan|Kangaskhan|Kangaskhanite\n|move|p2a: Tyranitar|Protect|p2a: Tyranitar\n|-singleturn|p2a: Tyranitar|Protect\n|move|p2b: Sylveon|Detect|p2b: Sylveon\n|-singleturn|p2b: Sylveon|Protect\n|move|p1b: Kangaskhan|Low Kick|p2a: Tyranitar\n|-activate|p2a: Tyranitar|move: Protect\n|move|p1a: Gyarados|Waterfall|p2b: Sylveon\n|-activate|p2b: Sylveon|move: Protect\n|\n|-weather|none\n|-damage|p2a: Tyranitar|50/100 brn|[from] brn\n|upkeep\n|turn|8\n|\n|t:|1776046301\n|move|p1b: Kangaskhan|Low Kick|p2a: Tyranitar\n|-supereffective|p2a: Tyranitar|2\n|-damage|p2a: Tyranitar|0 fnt\n|faint|p2a: Tyranitar\n|-hitcount|p2: Tyranitar|1\n|move|p1a: Gyarados|Waterfall|p2b: Sylveon\n|-damage|p2b: Sylveon|0 fnt\n|faint|p2b: Sylveon\n|\n|win|KangarooToodleloo\n|raw|KangarooToodleloo's rating: 1247 &rarr; <strong>1271</strong><br />(+24 for winning)\n|raw|fatedgabo's rating: 1237 &rarr; <strong>1213</strong><br />(-24 for losing)\n",
  "uploadtime": 1776046303,
  "views": 15,
  "formatid": "gen9championsvgc2026regma",
  "rating": 1213,
  "private": 0,
  "password": null
}