{
  "id": "gen9championsvgc2026regma-2583114172",
  "format": "[Gen 9 Champions] VGC 2026 Reg M-A",
  "players": [
    "sanic123dx",
    "faric"
  ],
  "log": "|j|\u2606sanic123dx\n|j|\u2606faric\n|t:|1776143649\n|gametype|doubles\n|player|p1|sanic123dx|pilot|1219\n|player|p2|faric|2|1129\n|gen|9\n|tier|[Gen 9 Champions] VGC 2026 Reg M-A\n|rated|\n|rule|Species Clause: Limit one of each Pok\u00e9mon\n|rule|Item Clause: Limit 1 of each item\n|clearpoke\n|poke|p1|Primarina, L50, F|\n|poke|p1|Scizor, L50, M|\n|poke|p1|Slowbro, L50, M|\n|poke|p1|Farigiraf, L50, F|\n|poke|p1|Arcanine-Hisui, L50, M|\n|poke|p1|Abomasnow, L50, M|\n|poke|p2|Charizard, L50, M|\n|poke|p2|Garchomp, L50, F|\n|poke|p2|Rotom-Wash, L50|\n|poke|p2|Incineroar, L50, F|\n|poke|p2|Sneasler, L50, F|\n|poke|p2|Whimsicott, L50, F|\n|teampreview|4\n|inactive|Battle timer is ON: inactive players will automatically lose when time's up. (requested by sanic123dx)\n|inactive|faric has 60 seconds left.\n|inactive|sanic123dx has 60 seconds left.\n|\n|t:|1776143702\n|teamsize|p1|4\n|teamsize|p2|4\n|start\n|switch|p1a: Farigiraf|Farigiraf, L50, F|100/100\n|switch|p1b: Arcanine|Arcanine-Hisui, L50, M|100/100\n|switch|p2a: Rotom|Rotom-Wash, L50|100/100\n|switch|p2b: Charizard|Charizard, L50, M|100/100\n|turn|1\n|\n|t:|1776143726\n|switch|p2b: Incineroar|Incineroar, L50, F|100/100\n|-ability|p2b: Incineroar|Intimidate|boost\n|-unboost|p1a: Farigiraf|atk|1\n|-unboost|p1b: Arcanine|atk|1\n|move|p2a: Rotom|Hydro Pump|p1b: Arcanine\n|-supereffective|p1b: Arcanine|2\n|-damage|p1b: Arcanine|0 fnt\n|faint|p1b: Arcanine\n|move|p1a: Farigiraf|Trick Room|p1a: Farigiraf\n|-fieldstart|move: Trick Room|[of] p1a: Farigiraf\n|\n|upkeep\n|\n|t:|1776143739\n|switch|p1b: Primarina|Primarina, L50, F, shiny|100/100\n|turn|2\n|\n|t:|1776143753\n|move|p1a: Farigiraf|Hyper Voice|p2b: Incineroar|[spread] p2a,p2b\n|-damage|p2a: Rotom|65/100\n|-damage|p2b: Incineroar|72/100\n|move|p1b: Primarina|Hyper Voice|p2b: Incineroar|[spread] p2a,p2b\n|-resisted|p2a: Rotom|1\n|-supereffective|p2b: Incineroar|1\n|-damage|p2a: Rotom|43/100\n|-damage|p2b: Incineroar|0 fnt\n|faint|p2b: Incineroar\n|move|p2a: Rotom|Thunderbolt|p1b: Primarina\n|-supereffective|p1b: Primarina|1\n|-damage|p1b: Primarina|23/100\n|\n|-heal|p2a: Rotom|49/100|[from] item: Leftovers\n|upkeep\n|\n|t:|1776143768\n|switch|p2b: Charizard|Charizard, L50, M|100/100\n|turn|3\n|\n|t:|1776143772\n|move|p2a: Rotom|Protect|p2a: Rotom\n|-singleturn|p2a: Rotom|Protect\n|move|p2b: Charizard|Protect|p2b: Charizard\n|-singleturn|p2b: Charizard|Protect\n|move|p1a: Farigiraf|Hyper Voice|p2a: Rotom|[spread] \n|-activate|p2a: Rotom|move: Protect\n|-activate|p2b: Charizard|move: Protect\n|move|p1b: Primarina|Hyper Voice|p2a: Rotom|[spread] \n|-activate|p2a: Rotom|move: Protect\n|-activate|p2b: Charizard|move: Protect\n|\n|-heal|p2a: Rotom|55/100|[from] item: Leftovers\n|upkeep\n|turn|4\n|\n|t:|1776143788\n|switch|p2b: Whimsicott|Whimsicott, L50, F|100/100\n|move|p1a: Farigiraf|Hyper Voice|p2a: Rotom|[spread] p2a,p2b\n|-damage|p2a: Rotom|22/100\n|-damage|p2b: Whimsicott|49/100\n|move|p1b: Primarina|Hyper Voice|p2a: Rotom|[spread] p2a,p2b\n|-resisted|p2a: Rotom|1\n|-resisted|p2b: Whimsicott|1\n|-damage|p2a: Rotom|0 fnt\n|-damage|p2b: Whimsicott|10/100\n|faint|p2a: Rotom\n|\n|upkeep\n|\n|t:|1776143798\n|switch|p2a: Charizard|Charizard, L50, M|100/100\n|turn|5\n|\n|t:|1776143805\n|move|p2b: Whimsicott|Protect|p2b: Whimsicott\n|-singleturn|p2b: Whimsicott|Protect\n|move|p2a: Charizard|Protect|p2a: Charizard\n|-singleturn|p2a: Charizard|Protect\n|move|p1a: Farigiraf|Hyper Voice|p2b: Whimsicott|[spread] \n|-activate|p2a: Charizard|move: Protect\n|-activate|p2b: Whimsicott|move: Protect\n|move|p1b: Primarina|Hyper Voice|p2a: Charizard|[spread] \n|-activate|p2a: Charizard|move: Protect\n|-activate|p2b: Whimsicott|move: Protect\n|\n|-fieldend|move: Trick Room\n|upkeep\n|turn|6\n|\n|t:|1776143818\n|detailschange|p2a: Charizard|Charizard-Mega-Y, L50, M\n|-mega|p2a: Charizard|Charizard|Charizardite Y\n|-weather|SunnyDay|[from] ability: Drought|[of] p2a: Charizard\n|move|p2b: Whimsicott|Moonblast|p1a: Farigiraf\n|-damage|p1a: Farigiraf|67/100\n|move|p2a: Charizard|Heat Wave|p1a: Farigiraf|[spread] p1a,p1b\n|-resisted|p1b: Primarina|1\n|-damage|p1a: Farigiraf|5/100\n|-damage|p1b: Primarina|0 fnt\n|-enditem|p1a: Farigiraf|Sitrus Berry|[eat]\n|-heal|p1a: Farigiraf|30/100|[from] item: Sitrus Berry\n|faint|p1b: Primarina\n|move|p1a: Farigiraf|Trick Room|p1a: Farigiraf\n|-fieldstart|move: Trick Room|[of] p1a: Farigiraf\n|\n|-weather|SunnyDay|[upkeep]\n|upkeep\n|\n|t:|1776143832\n|switch|p1b: Abomasnow|Abomasnow, L50, M, shiny|100/100\n|-weather|Snowscape|[from] ability: Snow Warning|[of] p1b: Abomasnow\n|turn|7\n|\n|t:|1776143840\n|detailschange|p1b: Abomasnow|Abomasnow-Mega, L50, M, shiny\n|-mega|p1b: Abomasnow|Abomasnow|Abomasite\n|move|p2b: Whimsicott|Protect|p2b: Whimsicott\n|-singleturn|p2b: Whimsicott|Protect\n|move|p1b: Abomasnow|Blizzard|p2b: Whimsicott|[spread] p2a\n|-activate|p2b: Whimsicott|move: Protect\n|-damage|p2a: Charizard|54/100\n|move|p1a: Farigiraf|Hyper Voice|p2a: Charizard|[spread] p2a\n|-activate|p2b: Whimsicott|move: Protect\n|-damage|p2a: Charizard|21/100\n|move|p2a: Charizard|Heat Wave|p1a: Farigiraf|[spread] p1a\n|-miss|p2a: Charizard|p1b: Abomasnow\n|-damage|p1a: Farigiraf|0 fnt\n|faint|p1a: Farigiraf\n|\n|-weather|Snowscape|[upkeep]\n|upkeep\n|turn|8\n|\n|t:|1776143864\n|move|p2b: Whimsicott|Protect|p2b: Whimsicott\n|-singleturn|p2b: Whimsicott|Protect\n|move|p2a: Charizard|Protect|p2a: Charizard\n|-singleturn|p2a: Charizard|Protect\n|move|p1b: Abomasnow|Blizzard|p2a: Charizard|[spread] \n|-activate|p2a: Charizard|move: Protect\n|-activate|p2b: Whimsicott|move: Protect\n|\n|-weather|Snowscape|[upkeep]\n|upkeep\n|turn|9\n|\n|t:|1776143877\n|move|p2b: Whimsicott|Tailwind|p2b: Whimsicott\n|-sidestart|p2: faric|move: Tailwind\n|move|p1b: Abomasnow|Blizzard|p2a: Charizard|[spread] p2a,p2b\n|-supereffective|p2b: Whimsicott|1\n|-damage|p2a: Charizard|0 fnt\n|-damage|p2b: Whimsicott|0 fnt\n|faint|p2a: Charizard\n|faint|p2b: Whimsicott\n|\n|win|sanic123dx\n|raw|sanic123dx's rating: 1219 &rarr; <strong>1238</strong><br />(+19 for winning)\n|raw|faric's rating: 1129 &rarr; <strong>1110</strong><br />(-19 for losing)\n",
  "uploadtime": 1776143886,
  "views": 42,
  "formatid": "gen9championsvgc2026regma",
  "rating": 1110,
  "private": 0,
  "password": null
}