{
  "id": "gen9championsvgc2026regma-2586149981",
  "format": "[Gen 9 Champions] VGC 2026 Reg M-A",
  "players": [
    "sleepoligy",
    "be g 1000"
  ],
  "log": "|j|\u2606sleepoligy\n|j|\u203dbe g 1000\n|t:|1776405319\n|gametype|doubles\n|player|p1|sleepoligy|cheryl|1154\n|player|p2|be g 1000|cynthia|1088\n|gen|9\n|tier|[Gen 9 Champions] VGC 2026 Reg M-A\n|rated|\n|rule|Species Clause: Limit one of each Pok\u00e9mon\n|rule|Item Clause: Limit 1 of each item\n|clearpoke\n|poke|p1|Sylveon, L50, M|\n|poke|p1|Chimecho, L50, F|\n|poke|p1|Oranguru, L50, F|\n|poke|p1|Sableye, L50, F|\n|poke|p1|Pangoro, L50, F|\n|poke|p1|Arcanine, L50, M|\n|poke|p2|Lopunny, L50, F|\n|poke|p2|Farigiraf, L50, M|\n|poke|p2|Primarina, L50, F|\n|poke|p2|Incineroar, L50, F|\n|poke|p2|Aegislash, L50, M|\n|poke|p2|Dragonite, L50, M|\n|teampreview|4\n|\n|t:|1776405388\n|teamsize|p1|4\n|teamsize|p2|4\n|start\n|switch|p1a: Oranguru|Oranguru, L50, F|100/100\n|switch|p1b: Sableye|Sableye, L50, F|100/100\n|switch|p2a: Aegislash|Aegislash, L50, M|100/100\n|switch|p2b: Farigiraf|Farigiraf, L50, M|100/100\n|turn|1\n|l|\u203dbe g 1000\n|player|p2|\n|j|\u203dbe g 1000\n|player|p2|be g 1000|cynthia|\n|n|\u203dbe g 1000|beg1000\n|\n|t:|1776405429\n|switch|p1b: Pangoro|Pangoro, L50, F|100/100\n|move|p2b: Farigiraf|Dazzling Gleam|p1b: Pangoro|[spread] p1a,p1b\n|-supereffective|p1b: Pangoro|2\n|-damage|p1a: Oranguru|86/100\n|-damage|p1b: Pangoro|13/100\n|-formechange|p2a: Aegislash|Aegislash-Blade|\n|move|p2a: Aegislash|Shadow Ball|p1b: Pangoro\n|-resisted|p1b: Pangoro|1\n|-damage|p1b: Pangoro|0 fnt\n|faint|p1b: Pangoro\n|move|p1a: Oranguru|Trick Room|p1a: Oranguru\n|-fieldstart|move: Trick Room|[of] p1a: Oranguru\n|\n|upkeep\n|\n|t:|1776405440\n|switch|p1b: Chimecho|Chimecho, L50, F|100/100\n|turn|2\n|l|\u203dbe g 1000\n|player|p2|\n|j|\u203dbe g 1000\n|player|p2|be g 1000|cynthia|\n|n|\u203dbe g 1000|beg1000\n|\n|t:|1776405476\n|detailschange|p1b: Chimecho|Chimecho-Mega, L50, F\n|-mega|p1b: Chimecho|Chimecho|Chimechite\n|move|p2b: Farigiraf|Helping Hand|p2a: Aegislash\n|-singleturn|p2a: Aegislash|Helping Hand|[of] p2b: Farigiraf\n|move|p1a: Oranguru|Foul Play|p2a: Aegislash\n|-supereffective|p2a: Aegislash|1\n|-damage|p2a: Aegislash|0 fnt\n|faint|p2a: Aegislash\n|move|p1b: Chimecho|Calm Mind|p1b: Chimecho\n|-boost|p1b: Chimecho|spa|1\n|-boost|p1b: Chimecho|spd|1\n|\n|upkeep\n|\n|t:|1776405486\n|switch|p2a: Primarina|Primarina, L50, F|100/100\n|turn|3\n|inactive|Battle timer is ON: inactive players will automatically lose when time's up. (requested by sleepoligy)\n|\n|t:|1776405513\n|move|p2b: Farigiraf|Dazzling Gleam|p1b: Chimecho|[spread] p1a,p1b\n|-resisted|p1b: Chimecho|1\n|-damage|p1a: Oranguru|71/100\n|-damage|p1b: Chimecho|95/100\n|move|p1a: Oranguru|Instruct|p1b: Chimecho\n|-singleturn|p1b: Chimecho|move: Instruct|[of] p1a: Oranguru\n|move|p1b: Chimecho|Calm Mind|p1b: Chimecho\n|-boost|p1b: Chimecho|spa|1\n|-boost|p1b: Chimecho|spd|1\n|move|p1b: Chimecho|Boomburst|p2b: Farigiraf|[spread] p2a,p2b\n|-activate|p1a: Oranguru|ability: Telepathy\n|-damage|p2a: Primarina|41/100\n|-damage|p2b: Farigiraf|37/100\n|-enditem|p2a: Primarina|Sitrus Berry|[eat]\n|-heal|p2a: Primarina|65/100|[from] item: Sitrus Berry\n|move|p2a: Primarina|Calm Mind|p2a: Primarina\n|-boost|p2a: Primarina|spa|1\n|-boost|p2a: Primarina|spd|1\n|\n|upkeep\n|turn|4\n|\n|t:|1776405538\n|move|p2a: Primarina|Protect|p2a: Primarina\n|-singleturn|p2a: Primarina|Protect\n|move|p1a: Oranguru|Instruct|p1b: Chimecho\n|-singleturn|p1b: Chimecho|move: Instruct|[of] p1a: Oranguru\n|move|p1b: Chimecho|Boomburst|p2a: Primarina|[spread] p2b\n|-activate|p2a: Primarina|move: Protect\n|-activate|p1a: Oranguru|ability: Telepathy\n|-damage|p2b: Farigiraf|0 fnt\n|faint|p2b: Farigiraf\n|move|p1b: Chimecho|Boomburst|p2a: Primarina|[spread] \n|-activate|p2a: Primarina|move: Protect\n|-activate|p1a: Oranguru|ability: Telepathy\n|\n|upkeep\n|\n|t:|1776405540\n|switch|p2b: Lopunny|Lopunny, L50, F, shiny|100/100\n|turn|5\n|\n|t:|1776405555\n|move|p1b: Chimecho|Protect|p1b: Chimecho\n|-singleturn|p1b: Chimecho|Protect\n|move|p2b: Lopunny|Fake Out|p1b: Chimecho\n|-activate|p1b: Chimecho|move: Protect\n|move|p1a: Oranguru|Foul Play|p2b: Lopunny\n|-damage|p2b: Lopunny|67/100\n|move|p2a: Primarina|Calm Mind|p2a: Primarina\n|-boost|p2a: Primarina|spa|1\n|-boost|p2a: Primarina|spd|1\n|\n|-fieldend|move: Trick Room\n|upkeep\n|turn|6\n|inactive|be g 1000 has 30 seconds left.\n|inactive|be g 1000 has 20 seconds left.\n|l|\u203dbe g 1000\n|inactive|be g 1000 disconnected and has a minute to reconnect!\n|player|p2|\n|inactive|be g 1000 has 15 seconds left.\n|j|\u203dbe g 1000\n|inactive|be g 1000 reconnected and has 15 seconds left.\n|player|p2|be g 1000|cynthia|\n|n|\u203dbe g 1000|beg1000\n|inactive|be g 1000 has 10 seconds left.\n|inactive|be g 1000 has 5 seconds left.\n|\n|t:|1776405610\n|move|p2b: Lopunny|U-turn|p1a: Oranguru\n|-supereffective|p1a: Oranguru|1\n|-damage|p1a: Oranguru|43/100\n|move|p2a: Primarina|Moonblast|p1a: Oranguru\n|-damage|p1a: Oranguru|0 fnt\n|faint|p1a: Oranguru\n|move|p1b: Chimecho|Psychic|p2b: Lopunny\n|-damage|p2b: Lopunny|0 fnt\n|faint|p2b: Lopunny\n|\n|upkeep\n|\n|t:|1776405615\n|switch|p1a: Sableye|Sableye, L50, F|100/100\n|turn|7\n|\n|t:|1776405622\n|move|p1a: Sableye|Fake Out|p2a: Primarina\n|-damage|p2a: Primarina|59/100\n|cant|p2a: Primarina|flinch\n|move|p1b: Chimecho|Boomburst|p2a: Primarina|[spread] p2a\n|-immune|p1a: Sableye\n|-damage|p2a: Primarina|32/100\n|\n|upkeep\n|turn|8\n|\n|t:|1776405637\n|move|p1a: Sableye|Disable|p2a: Primarina\n|-start|p2a: Primarina|Disable|Moonblast\n|cant|p2a: Primarina|Disable|Moonblast\n|move|p1b: Chimecho|Psychic|p2a: Primarina\n|-damage|p2a: Primarina|0 fnt\n|faint|p2a: Primarina\n|\n|win|sleepoligy\n|raw|sleepoligy's rating: 1154 &rarr; <strong>1174</strong><br />(+20 for winning)\n|raw|be g 1000's rating: 1088 &rarr; <strong>1069</strong><br />(-19 for losing)\n|l|\u203dbe g 1000\n|player|p2|\n",
  "uploadtime": 1776405802,
  "views": 20,
  "formatid": "gen9championsvgc2026regma",
  "rating": 1069,
  "private": 0,
  "password": null
}