{
  "id": "gen9championsvgc2026regma-2582701544",
  "format": "[Gen 9 Champions] VGC 2026 Reg M-A",
  "players": [
    "MegaMathew2009",
    "debouls"
  ],
  "log": "|j|\u2606MegaMathew2009\n|j|\u2606debouls\n|t:|1776108247\n|gametype|doubles\n|player|p1|MegaMathew2009|bianca|1137\n|player|p2|debouls|1|1188\n|gen|9\n|tier|[Gen 9 Champions] VGC 2026 Reg M-A\n|rated|\n|rule|Species Clause: Limit one of each Pok\u00e9mon\n|rule|Item Clause: Limit 1 of each item\n|clearpoke\n|poke|p1|Beedrill, L50, M|\n|poke|p1|Farigiraf, L50, M|\n|poke|p1|Maushold, L50|\n|poke|p1|Sneasler, L50, F|\n|poke|p1|Pelipper, L50, M|\n|poke|p1|Basculegion, L50, M|\n|poke|p2|Arcanine, L50, F|\n|poke|p2|Rotom-Wash, L50|\n|poke|p2|Garchomp, L50, M|\n|poke|p2|Venusaur, L50, F|\n|poke|p2|Corviknight, L50, M|\n|poke|p2|Sneasler, L50, F|\n|teampreview|4\n|\n|t:|1776108292\n|teamsize|p1|4\n|teamsize|p2|4\n|start\n|switch|p1a: Beedrill|Beedrill, L50, M, shiny|100/100\n|switch|p1b: Farigiraf|Farigiraf, L50, M|100/100\n|switch|p2a: Rotom|Rotom-Wash, L50|100/100\n|switch|p2b: Garchomp|Garchomp, L50, M|100/100\n|turn|1\n|\n|t:|1776108329\n|detailschange|p1a: Beedrill|Beedrill-Mega, L50, M, shiny\n|-mega|p1a: Beedrill|Beedrill|Beedrillite\n|move|p1a: Beedrill|U-turn|p2b: Garchomp\n|-damage|p2b: Garchomp|50/100\n|-damage|p1a: Beedrill|88/100|[from] ability: Rough Skin|[of] p2b: Garchomp\n|\n|t:|1776108338\n|switch|p1a: Pelipper|Pelipper, L50, M, shiny|100/100|[from] U-turn\n|-weather|RainDance|[from] ability: Drizzle|[of] p1a: Pelipper\n|move|p2a: Rotom|Discharge|p1b: Farigiraf|[spread] p1a,p1b\n|-immune|p2b: Garchomp\n|-supereffective|p1a: Pelipper|2\n|-enditem|p1a: Pelipper|Focus Sash\n|-damage|p1a: Pelipper|1/100\n|-damage|p1b: Farigiraf|72/100\n|move|p2b: Garchomp|Earthquake|p1a: Pelipper|[spread] p1b\n|-immune|p2a: Rotom|[from] ability: Levitate\n|-immune|p1a: Pelipper\n|-damage|p1b: Farigiraf|35/100\n|move|p1b: Farigiraf|Hyper Voice|p2b: Garchomp|[spread] p2a,p2b\n|-damage|p2a: Rotom|62/100\n|-damage|p2b: Garchomp|20/100\n|\n|-weather|RainDance|[upkeep]\n|-heal|p1b: Farigiraf|41/100|[from] item: Leftovers\n|upkeep\n|turn|2\n|\n|t:|1776108368\n|move|p1a: Pelipper|Wide Guard|p1a: Pelipper\n|-singleturn|p1a: Pelipper|Wide Guard\n|move|p2a: Rotom|Discharge|p1b: Farigiraf|[spread] \n|-activate|p1a: Pelipper|move: Wide Guard\n|-activate|p1b: Farigiraf|move: Wide Guard\n|-immune|p2b: Garchomp\n|move|p2b: Garchomp|Earthquake|p1a: Pelipper|[spread] \n|-activate|p1a: Pelipper|move: Wide Guard\n|-activate|p1b: Farigiraf|move: Wide Guard\n|-immune|p2a: Rotom|[from] ability: Levitate\n|move|p1b: Farigiraf|Hyper Voice|p2b: Garchomp|[spread] p2a,p2b\n|-damage|p2a: Rotom|19/100\n|-damage|p2b: Garchomp|0 fnt\n|faint|p2b: Garchomp\n|\n|-weather|RainDance|[upkeep]\n|-heal|p1b: Farigiraf|48/100|[from] item: Leftovers\n|upkeep\n|\n|t:|1776108392\n|switch|p2b: Venusaur|Venusaur, L50, F|100/100\n|turn|3\n|\n|t:|1776108400\n|switch|p2a: Corviknight|Corviknight, L50, M|100/100\n|detailschange|p2b: Venusaur|Venusaur-Mega, L50, F\n|-mega|p2b: Venusaur|Venusaur|Venusaurite\n|move|p1a: Pelipper|Wide Guard|p1a: Pelipper\n|-singleturn|p1a: Pelipper|Wide Guard\n|move|p2b: Venusaur|Leech Seed|p1b: Farigiraf\n|-start|p1b: Farigiraf|move: Leech Seed\n|move|p1b: Farigiraf|Psychic|p2b: Venusaur\n|-supereffective|p2b: Venusaur|1\n|-damage|p2b: Venusaur|33/100\n|\n|-weather|RainDance|[upkeep]\n|-heal|p1b: Farigiraf|54/100|[from] item: Leftovers\n|-damage|p1b: Farigiraf|41/100|[from] Leech Seed|[of] p2b: Venusaur\n|-heal|p2b: Venusaur|48/100|[silent]\n|upkeep\n|turn|4\n|\n|t:|1776108443\n|move|p2b: Venusaur|Protect|p2b: Venusaur\n|-singleturn|p2b: Venusaur|Protect\n|move|p1a: Pelipper|Tailwind|p1a: Pelipper\n|-sidestart|p1: MegaMathew2009|move: Tailwind\n|move|p1b: Farigiraf|Psychic|p2b: Venusaur\n|-activate|p2b: Venusaur|move: Protect\n|move|p2a: Corviknight|Tailwind|p2a: Corviknight\n|-sidestart|p2: debouls|move: Tailwind\n|\n|-weather|RainDance|[upkeep]\n|-heal|p1b: Farigiraf|48/100|[from] item: Leftovers\n|-damage|p1b: Farigiraf|35/100|[from] Leech Seed|[of] p2b: Venusaur\n|-heal|p2b: Venusaur|63/100|[silent]\n|upkeep\n|turn|5\n|\n|t:|1776108469\n|move|p1b: Farigiraf|Helping Hand|p1a: Pelipper\n|-singleturn|p1a: Pelipper|Helping Hand|[of] p1b: Farigiraf\n|move|p1a: Pelipper|Hurricane|p2b: Venusaur\n|-supereffective|p2b: Venusaur|1\n|-damage|p2b: Venusaur|0 fnt\n|faint|p2b: Venusaur\n|move|p2a: Corviknight|Brave Bird|p1a: Pelipper\n|-damage|p1a: Pelipper|0 fnt\n|faint|p1a: Pelipper\n|-damage|p2a: Corviknight|99/100|[from] Recoil\n|\n|-weather|none\n|-heal|p2a: Corviknight|100/100|[from] item: Leftovers\n|-heal|p1b: Farigiraf|41/100|[from] item: Leftovers\n|upkeep\n|\n|t:|1776108487\n|switch|p1a: Beedrill|Beedrill-Mega, L50, M, shiny|88/100\n|switch|p2b: Rotom|Rotom-Wash, L50|19/100\n|turn|6\n|\n|t:|1776108524\n|move|p1a: Beedrill|Knock Off|p2a: Corviknight\n|-damage|p2a: Corviknight|71/100\n|-enditem|p2a: Corviknight|Leftovers|[from] move: Knock Off|[of] p1a: Beedrill\n|move|p2b: Rotom|Thunderbolt|p1b: Farigiraf\n|-damage|p1b: Farigiraf|0 fnt\n|faint|p1b: Farigiraf\n|move|p2a: Corviknight|Brave Bird|p1a: Beedrill\n|-supereffective|p1a: Beedrill|1\n|-damage|p1a: Beedrill|0 fnt\n|faint|p1a: Beedrill\n|-damage|p2a: Corviknight|51/100|[from] Recoil\n|\n|upkeep\n|\n|t:|1776108541\n|switch|p1a: Basculegion|Basculegion, L50, M|100/100\n|turn|7\n|\n|t:|1776108556\n|move|p2b: Rotom|Thunderbolt|p1a: Basculegion\n|-supereffective|p1a: Basculegion|1\n|-damage|p1a: Basculegion|0 fnt\n|faint|p1a: Basculegion\n|\n|win|debouls\n|raw|MegaMathew2009's rating: 1137 &rarr; <strong>1116</strong><br />(-21 for losing)\n|raw|debouls's rating: 1188 &rarr; <strong>1209</strong><br />(+21 for winning)\n",
  "uploadtime": 1776108560,
  "views": 13,
  "formatid": "gen9championsvgc2026regma",
  "rating": 1116,
  "private": 0,
  "password": null
}