{
  "id": "gen9championsvgc2026regma-2588633058",
  "format": "[Gen 9 Champions] VGC 2026 Reg M-A",
  "players": [
    "isayhiyousayhello",
    "notagreatrainer"
  ],
  "log": "|j|\u2606isayhiyousayhello\n|j|\u2606notagreatrainer\n|t:|1776652089\n|gametype|doubles\n|player|p1|isayhiyousayhello|101|1403\n|player|p2|notagreatrainer|siebold|1301\n|gen|9\n|tier|[Gen 9 Champions] VGC 2026 Reg M-A\n|rated|\n|rule|Species Clause: Limit one of each Pok\u00e9mon\n|rule|Item Clause: Limit 1 of each item\n|clearpoke\n|poke|p1|Espathra, L50, M|\n|poke|p1|Volcarona, L50, M|\n|poke|p1|Froslass, L50, F|\n|poke|p1|Whimsicott, L50, M|\n|poke|p1|Kingambit, L50, F|\n|poke|p1|Incineroar, L50, M|\n|poke|p2|Froslass, L50, F|\n|poke|p2|Glimmora, L50, M|\n|poke|p2|Tauros-Paldea-Aqua, L50, M|\n|poke|p2|Corviknight, L50, F|\n|poke|p2|Garchomp, L50, F|\n|poke|p2|Rotom-Wash, L50|\n|teampreview|4\nnotagreatrainer rejected open team sheets.\n|inactive|Battle timer is ON: inactive players will automatically lose when time's up. (requested by isayhiyousayhello)\n|inactive|notagreatrainer has 60 seconds left.\n|\n|t:|1776652183\n|teamsize|p1|4\n|teamsize|p2|4\n|start\n|switch|p1a: Incineroar|Incineroar, L50, M|100/100\n|switch|p1b: Espathra|Espathra, L50, M|100/100\n|switch|p2a: Glimmora|Glimmora, L50, M|100/100\n|switch|p2b: Rotom|Rotom-Wash, L50|100/100\n|-ability|p1a: Incineroar|Intimidate|boost\n|-unboost|p2a: Glimmora|atk|1\n|-unboost|p2b: Rotom|atk|1\n|turn|1\n|inactive|notagreatrainer has 30 seconds left.\n|\n|t:|1776652209\n|switch|p2b: Garchomp|Garchomp, L50, F|100/100\n|move|p1a: Incineroar|Fake Out|p2a: Glimmora\n|-resisted|p2a: Glimmora|1\n|-damage|p2a: Glimmora|94/100\n|-activate|p2a: Glimmora|ability: Toxic Debris\n|-sidestart|p1: isayhiyousayhello|move: Toxic Spikes\n|move|p1b: Espathra|Lumina Crash|p2b: Garchomp\n|-damage|p2b: Garchomp|61/100\n|-unboost|p2b: Garchomp|spd|2\n|-enditem|p2b: Garchomp|White Herb\n|-clearnegativeboost|p2b: Garchomp|[silent]\n|cant|p2a: Glimmora|flinch\n|\n|-ability|p1b: Espathra|Speed Boost|boost\n|-boost|p1b: Espathra|spe|1\n|upkeep\n|turn|2\n|\n|t:|1776652237\n|switch|p2a: Rotom|Rotom-Wash, L50|100/100\n|move|p1b: Espathra|Protect|p1b: Espathra\n|-singleturn|p1b: Espathra|Protect\n|move|p2b: Garchomp|Earthquake|p1a: Incineroar|[spread] p1a\n|-activate|p1b: Espathra|move: Protect\n|-immune|p2a: Rotom|[from] ability: Levitate\n|-supereffective|p1a: Incineroar|1\n|-damage|p1a: Incineroar|40/100\n|move|p1a: Incineroar|Parting Shot|p2a: Rotom\n|-unboost|p2a: Rotom|atk|1\n|-unboost|p2a: Rotom|spa|1\n|\n|t:|1776652240\n|switch|p1a: Froslass|Froslass, L50, F|100/100|[from] Parting Shot\n|-status|p1a: Froslass|psn\n|\n|-damage|p1a: Froslass|88/100 psn|[from] psn\n|-ability|p1b: Espathra|Speed Boost|boost\n|-boost|p1b: Espathra|spe|1\n|upkeep\n|turn|3\n|inactive|notagreatrainer has 30 seconds left.\n|inactive|notagreatrainer has 20 seconds left.\n|inactive|notagreatrainer has 15 seconds left.\n|\n|t:|1776652281\n|detailschange|p1a: Froslass|Froslass-Mega, L50, F\n|-mega|p1a: Froslass|Froslass|Froslassite\n|-weather|Snowscape|[from] ability: Snow Warning|[of] p1a: Froslass\n|move|p2b: Garchomp|Protect|p2b: Garchomp\n|-singleturn|p2b: Garchomp|Protect\n|move|p1b: Espathra|Lumina Crash|p2a: Rotom\n|-damage|p2a: Rotom|54/100\n|-unboost|p2a: Rotom|spd|2\n|move|p2a: Rotom|Electroweb|p1a: Froslass|[spread] p1a,p1b\n|-damage|p1a: Froslass|75/100 psn\n|-damage|p1b: Espathra|80/100\n|-unboost|p1a: Froslass|spe|1\n|-unboost|p1b: Espathra|spe|1\n|move|p1a: Froslass|Aurora Veil|p1a: Froslass\n|-sidestart|p1: isayhiyousayhello|move: Aurora Veil\n|\n|-weather|Snowscape|[upkeep]\n|-damage|p1a: Froslass|63/100 psn|[from] psn\n|-ability|p1b: Espathra|Speed Boost|boost\n|-boost|p1b: Espathra|spe|1\n|upkeep\n|turn|4\n|inactive|notagreatrainer has 30 seconds left.\n|\n|t:|1776652306\n|move|p1b: Espathra|Lumina Crash|p2a: Rotom\n|-damage|p2a: Rotom|0 fnt\n|faint|p2a: Rotom\n|move|p2b: Garchomp|Earthquake|p1b: Espathra|[spread] p1a,p1b\n|-damage|p1a: Froslass|38/100 psn\n|-damage|p1b: Espathra|39/100\n|move|p1a: Froslass|Blizzard|p2b: Garchomp\n|-supereffective|p2b: Garchomp|2\n|-damage|p2b: Garchomp|0 fnt\n|faint|p2b: Garchomp\n|\n|-weather|Snowscape|[upkeep]\n|-damage|p1a: Froslass|26/100 psn|[from] psn\n|-ability|p1b: Espathra|Speed Boost|boost\n|-boost|p1b: Espathra|spe|1\n|upkeep\n|\n|t:|1776652319\n|switch|p2b: Tauros|Tauros-Paldea-Aqua, L50, M|100/100\n|switch|p2a: Glimmora|Glimmora, L50, M|94/100\n|-ability|p2b: Tauros|Intimidate|boost\n|-unboost|p1a: Froslass|atk|1\n|-unboost|p1b: Espathra|atk|1\n|turn|5\n|inactive|notagreatrainer has 30 seconds left.\n|\n|t:|1776652345\n|move|p2a: Glimmora|Spiky Shield|p2a: Glimmora\n|-singleturn|p2a: Glimmora|move: Protect\n|move|p2b: Tauros|Protect|p2b: Tauros\n|-singleturn|p2b: Tauros|Protect\n|move|p1b: Espathra|Lumina Crash|p2a: Glimmora\n|-activate|p2a: Glimmora|move: Protect\n|move|p1a: Froslass|Shadow Ball|p2b: Tauros\n|-activate|p2b: Tauros|move: Protect\n|\n|-weather|Snowscape|[upkeep]\n|-damage|p1a: Froslass|13/100 psn|[from] psn\n|-ability|p1b: Espathra|Speed Boost|boost\n|-boost|p1b: Espathra|spe|1\n|upkeep\n|turn|6\n|\n|t:|1776652367\n|switch|p1a: Incineroar|Incineroar, L50, M|40/100\n|-status|p1a: Incineroar|psn\n|-ability|p1a: Incineroar|Intimidate|boost\n|-unboost|p2a: Glimmora|atk|1\n|-unboost|p2b: Tauros|atk|1\n|detailschange|p2a: Glimmora|Glimmora-Mega, L50, M\n|-mega|p2a: Glimmora|Glimmora|Glimmoranite\n|move|p2b: Tauros|Aqua Jet|p1a: Incineroar\n|-supereffective|p1a: Incineroar|1\n|-enditem|p1a: Incineroar|Passho Berry|[eat]\n|-enditem|p1a: Incineroar|Passho Berry|[weaken]\n|-damage|p1a: Incineroar|33/100 psn\n|move|p1b: Espathra|Lumina Crash|p2a: Glimmora\n|-supereffective|p2a: Glimmora|1\n|-damage|p2a: Glimmora|14/100\n|-unboost|p2a: Glimmora|spd|2\n|move|p2a: Glimmora|Sludge Bomb|p1b: Espathra\n|-damage|p1b: Espathra|0 fnt\n|faint|p1b: Espathra\n|\n|-weather|Snowscape|[upkeep]\n|-damage|p1a: Incineroar|20/100 psn|[from] psn\n|upkeep\n|\n|t:|1776652385\n|switch|p1b: Whimsicott|Whimsicott, L50, M|100/100\n|-status|p1b: Whimsicott|psn\n|turn|7\n|\n|t:|1776652410\n|move|p2a: Glimmora|Spiky Shield|p2a: Glimmora\n|-singleturn|p2a: Glimmora|move: Protect\n|move|p1a: Incineroar|Fake Out|p2a: Glimmora\n|-activate|p2a: Glimmora|move: Protect\n|-damage|p1a: Incineroar|8/100 psn|[from] Spiky Shield|[of] p2a: Glimmora\n|move|p1b: Whimsicott|Tailwind|p1b: Whimsicott\n|-sidestart|p1: isayhiyousayhello|move: Tailwind\n|move|p2b: Tauros|Wave Crash|p1a: Incineroar\n|-supereffective|p1a: Incineroar|1\n|-damage|p1a: Incineroar|0 fnt\n|faint|p1a: Incineroar\n|-damage|p2b: Tauros|98/100|[from] Recoil\n|\n|-weather|none\n|-damage|p1b: Whimsicott|88/100 psn|[from] psn\n|-sideend|p1: isayhiyousayhello|move: Aurora Veil\n|upkeep\n|\n|t:|1776652413\n|switch|p1a: Froslass|Froslass-Mega, L50, F|13/100 psn\n|-weather|Snowscape|[from] ability: Snow Warning|[of] p1a: Froslass\n|turn|8\n|\n|t:|1776652433\n|move|p1b: Whimsicott|Encore|p2a: Glimmora\n|-start|p2a: Glimmora|Encore\n|move|p2a: Glimmora|Spiky Shield||[still]\n|-fail|p2a: Glimmora\n|move|p2b: Tauros|Aqua Jet|p1a: Froslass\n|-damage|p1a: Froslass|0 fnt\n|faint|p1a: Froslass\n|\n|-weather|Snowscape|[upkeep]\n|-damage|p1b: Whimsicott|76/100 psn|[from] psn\n|upkeep\n|turn|9\n|\n|t:|1776652448\n|move|p2a: Glimmora|Spiky Shield|p2a: Glimmora\n|-singleturn|p2a: Glimmora|move: Protect\n|move|p2b: Tauros|Protect|p2b: Tauros\n|-singleturn|p2b: Tauros|Protect\n|move|p1b: Whimsicott|Moonblast|p2a: Glimmora\n|-activate|p2a: Glimmora|move: Protect\n|\n|-weather|Snowscape|[upkeep]\n|-damage|p1b: Whimsicott|63/100 psn|[from] psn\n|upkeep\n|turn|10\n|\n|t:|1776652461\n|move|p2a: Glimmora|Spiky Shield||[still]\n|-fail|p2a: Glimmora\n|move|p1b: Whimsicott|Encore|p2b: Tauros\n|-start|p2b: Tauros|Encore\n|move|p2b: Tauros|Protect||[still]\n|-fail|p2b: Tauros\n|\n|-weather|Snowscape|[upkeep]\n|-damage|p1b: Whimsicott|51/100 psn|[from] psn\n|-end|p2a: Glimmora|Encore\n|-sideend|p1: isayhiyousayhello|move: Tailwind\n|upkeep\n|turn|11\n|\n|t:|1776652472\n|move|p2b: Tauros|Protect|p2b: Tauros\n|-singleturn|p2b: Tauros|Protect\n|move|p1b: Whimsicott|Moonblast|p2a: Glimmora\n|-resisted|p2a: Glimmora|1\n|-damage|p2a: Glimmora|0 fnt\n|faint|p2a: Glimmora\n|\n|-weather|Snowscape|[upkeep]\n|-damage|p1b: Whimsicott|38/100 psn|[from] psn\n|upkeep\n|turn|12\n|\n|t:|1776652480\n|move|p2b: Tauros|Protect|p2b: Tauros\n|-singleturn|p2b: Tauros|Protect\n|move|p1b: Whimsicott|Moonblast|p2b: Tauros\n|-activate|p2b: Tauros|move: Protect\n|\n|-weather|none\n|-damage|p1b: Whimsicott|26/100 psn|[from] psn\n|-end|p2b: Tauros|Encore\n|upkeep\n|turn|13\n|\n|t:|1776652489\n|move|p1b: Whimsicott|Encore|p2b: Tauros\n|-start|p2b: Tauros|Encore\n|move|p2b: Tauros|Protect||[still]\n|-fail|p2b: Tauros\n|\n|-damage|p1b: Whimsicott|14/100 psn|[from] psn\n|upkeep\n|turn|14\n|\n|t:|1776652493\n|move|p2b: Tauros|Protect|p2b: Tauros\n|-singleturn|p2b: Tauros|Protect\n|move|p1b: Whimsicott|Moonblast|p2b: Tauros\n|-activate|p2b: Tauros|move: Protect\n|\n|-damage|p1b: Whimsicott|1/100 psn|[from] psn\n|upkeep\n|turn|15\n|\n|t:|1776652497\n|move|p2b: Tauros|Protect|p2b: Tauros\n|-singleturn|p2b: Tauros|Protect\n|move|p1b: Whimsicott|Moonblast|p2b: Tauros\n|-activate|p2b: Tauros|move: Protect\n|\n|-damage|p1b: Whimsicott|0 fnt|[from] psn\n|faint|p1b: Whimsicott\n|\n|win|notagreatrainer\n|raw|isayhiyousayhello's rating: 1403 &rarr; <strong>1377</strong><br />(-26 for losing)\n|raw|notagreatrainer's rating: 1301 &rarr; <strong>1327</strong><br />(+26 for winning)\n|l|\u2606isayhiyousayhello\n|player|p1|\n",
  "uploadtime": 1776652506,
  "views": 14,
  "formatid": "gen9championsvgc2026regma",
  "rating": 1327,
  "private": 0,
  "password": null
}