{
  "id": "gen9championsvgc2026regma-2585312777",
  "format": "[Gen 9 Champions] VGC 2026 Reg M-A",
  "players": [
    "BenniOVYalt",
    "Jkonek"
  ],
  "log": "|j|\u2606BenniOVYalt\n|j|\u2606Jkonek\n|t:|1776336684\n|gametype|doubles\n|player|p1|BenniOVYalt|psychic-gen4|1355\n|player|p2|Jkonek|bellelba|1242\n|gen|9\n|tier|[Gen 9 Champions] VGC 2026 Reg M-A\n|rated|\n|rule|Species Clause: Limit one of each Pok\u00e9mon\n|rule|Item Clause: Limit 1 of each item\n|clearpoke\n|poke|p1|Garchomp, L50, M|\n|poke|p1|Incineroar, L50, M|\n|poke|p1|Talonflame, L50, M|\n|poke|p1|Floette-Eternal, L50, F|\n|poke|p1|Maushold, L50|\n|poke|p1|Rotom-Wash, L50|\n|poke|p2|Froslass, L50, F|\n|poke|p2|Ninetales-Alola, L50, M|\n|poke|p2|Farigiraf, L50, M|\n|poke|p2|Whimsicott, L50, F|\n|poke|p2|Incineroar, L50, M|\n|poke|p2|Arcanine-Hisui, L50, M|\n|teampreview|4\n|inactive|Battle timer is ON: inactive players will automatically lose when time's up. (requested by Jkonek)\n|\n|t:|1776336710\n|teamsize|p1|4\n|teamsize|p2|4\n|start\n|switch|p1a: Floette|Floette-Eternal, L50, F|100/100\n|switch|p1b: Maushold|Maushold, L50|100/100\n|switch|p2a: Arcanine|Arcanine-Hisui, L50, M, shiny|100/100\n|switch|p2b: Whimsicott|Whimsicott, L50, F, shiny|100/100\n|-ability|p2a: Arcanine|Intimidate|boost\n|-unboost|p1a: Floette|atk|1\n|-unboost|p1b: Maushold|atk|1\n|turn|1\n|\n|t:|1776336731\n|detailschange|p1a: Floette|Floette-Mega, L50, F\n|-mega|p1a: Floette|Floette|Floettite\n|-ability|p1a: Floette|Fairy Aura\n|move|p1b: Maushold|Follow Me|p1b: Maushold\n|-singleturn|p1b: Maushold|move: Follow Me\n|move|p2a: Arcanine|Rock Slide|p1a: Floette|[spread] p1a\n|-miss|p2a: Arcanine|p1b: Maushold\n|-damage|p1a: Floette|85/100\n|move|p2b: Whimsicott|Moonblast|p1b: Maushold\n|-damage|p1b: Maushold|37/100\n|move|p1a: Floette|Calm Mind|p1a: Floette\n|-boost|p1a: Floette|spa|1\n|-boost|p1a: Floette|spd|1\n|\n|upkeep\n|turn|2\n|\n|t:|1776336755\n|switch|p1b: Incineroar|Incineroar, L50, M|100/100\n|-ability|p1b: Incineroar|Intimidate|boost\n|-unboost|p2a: Arcanine|atk|1\n|-unboost|p2b: Whimsicott|atk|1\n|move|p2a: Arcanine|Rock Slide|p1b: Incineroar|[spread] p1a,p1b\n|-supereffective|p1b: Incineroar|1\n|-damage|p1a: Floette|72/100\n|-damage|p1b: Incineroar|74/100\n|move|p2b: Whimsicott|Moonblast|p1a: Floette\n|-damage|p1a: Floette|47/100\n|cant|p1a: Floette|flinch\n|\n|upkeep\n|turn|3\n|\n|t:|1776336770\n|move|p1b: Incineroar|Fake Out|p2a: Arcanine\n|-resisted|p2a: Arcanine|1\n|-damage|p2a: Arcanine|93/100\n|move|p2b: Whimsicott|Encore|p1a: Floette\n|-start|p1a: Floette|Encore\n|cant|p2a: Arcanine|flinch\n|move|p1a: Floette|Calm Mind|p1a: Floette\n|-boost|p1a: Floette|spa|1\n|-boost|p1a: Floette|spd|1\n|\n|upkeep\n|turn|4\n|c|\u2606BenniOVYalt|rockslide is high key the most bs move in the game\n|c|\u2606BenniOVYalt|imma be real\n|\n|t:|1776336787\n|move|p2b: Whimsicott|Taunt|p1a: Floette\n|-start|p1a: Floette|move: Taunt\n|move|p2a: Arcanine|Rock Slide|p1b: Incineroar|[spread] p1a,p1b\n|-supereffective|p1b: Incineroar|1\n|-damage|p1a: Floette|32/100\n|-damage|p1b: Incineroar|46/100\n|-enditem|p1b: Incineroar|Sitrus Berry|[eat]\n|-heal|p1b: Incineroar|71/100|[from] item: Sitrus Berry\n|cant|p1a: Floette|move: Taunt|Calm Mind\n|move|p1b: Incineroar|Flare Blitz|p2b: Whimsicott\n|-supereffective|p2b: Whimsicott|1\n|-enditem|p2b: Whimsicott|Focus Sash\n|-damage|p2b: Whimsicott|1/100\n|-damage|p1b: Incineroar|49/100|[from] Recoil\n|\n|upkeep\n|turn|5\n|\n|t:|1776336801\n|switch|p1a: Rotom|Rotom-Wash, L50|100/100\n|move|p2a: Arcanine|Rock Slide|p1b: Incineroar|[spread] p1a,p1b\n|-supereffective|p1b: Incineroar|1\n|-damage|p1a: Rotom|83/100\n|-damage|p1b: Incineroar|16/100\n|move|p2b: Whimsicott|Moonblast|p1b: Incineroar\n|-damage|p1b: Incineroar|0 fnt\n|faint|p1b: Incineroar\n|\n|-heal|p1a: Rotom|89/100|[from] item: Leftovers\n|upkeep\n|c|\u2606BenniOVYalt|what in the actaul bo1 cheese is this\n|\n|t:|1776336812\n|switch|p1b: Floette|Floette-Mega, L50, F|32/100\n|-ability|p1b: Floette|Fairy Aura\n|turn|6\n|\n|t:|1776336817\n|move|p1b: Floette|Protect|p1b: Floette\n|-singleturn|p1b: Floette|Protect\n|move|p2a: Arcanine|Rock Slide|p1a: Rotom|[spread] p1a\n|-activate|p1b: Floette|move: Protect\n|-damage|p1a: Rotom|72/100\n|move|p2b: Whimsicott|Moonblast|p1b: Floette\n|-activate|p1b: Floette|move: Protect\n|move|p1a: Rotom|Electroweb|p2a: Arcanine|[spread] p2a,p2b\n|-resisted|p2b: Whimsicott|1\n|-damage|p2a: Arcanine|66/100\n|-damage|p2b: Whimsicott|0 fnt\n|-unboost|p2a: Arcanine|spe|1\n|faint|p2b: Whimsicott\n|\n|-heal|p1a: Rotom|78/100|[from] item: Leftovers\n|upkeep\n|\n|t:|1776336824\n|switch|p2b: Incineroar|Incineroar, L50, M, shiny|100/100\n|-ability|p2b: Incineroar|Intimidate|boost\n|-unboost|p1a: Rotom|atk|1\n|-unboost|p1b: Floette|atk|1\n|turn|7\n|\n|t:|1776336834\n|move|p2b: Incineroar|Fake Out|p1b: Floette\n|-damage|p1b: Floette|21/100\n|move|p2a: Arcanine|Rock Slide|p1a: Rotom|[spread] p1a,p1b\n|-damage|p1a: Rotom|60/100\n|-damage|p1b: Floette|7/100\n|cant|p1b: Floette|flinch\n|move|p1a: Rotom|Hydro Pump|p2b: Incineroar\n|-supereffective|p2b: Incineroar|1\n|-crit|p2b: Incineroar\n|-damage|p2b: Incineroar|0 fnt\n|faint|p2b: Incineroar\n|\n|-heal|p1a: Rotom|65/100|[from] item: Leftovers\n|upkeep\n|\n|t:|1776336843\n|switch|p2b: Froslass|Froslass, L50, F, shiny|100/100\n|turn|8\n|\n|t:|1776336848\n|switch|p1b: Maushold|Maushold, L50|37/100\n|detailschange|p2b: Froslass|Froslass-Mega, L50, F, shiny\n|-mega|p2b: Froslass|Froslass|Froslassite\n|-weather|Snowscape|[from] ability: Snow Warning|[of] p2b: Froslass\n|move|p2b: Froslass|Shadow Ball|p1a: Rotom\n|-crit|p1a: Rotom\n|-damage|p1a: Rotom|11/100\n|move|p2a: Arcanine|Rock Slide|p1b: Maushold|[spread] p1a,p1b\n|-damage|p1a: Rotom|0 fnt\n|-damage|p1b: Maushold|11/100\n|faint|p1a: Rotom\n|\n|-weather|Snowscape|[upkeep]\n|upkeep\n|c|\u2606BenniOVYalt|you cna not be real\n|c|\u2606BenniOVYalt|this is the most ive ever been scammed in my life lmao\n|inactive|BenniOVYalt has 30 seconds left.\n|inactive|BenniOVYalt has 20 seconds left.\n|inactive|BenniOVYalt has 15 seconds left.\n|-message|BenniOVYalt forfeited.\n|\n|win|Jkonek\n|raw|BenniOVYalt's rating: 1355 &rarr; <strong>1329</strong><br />(-26 for losing)\n|raw|Jkonek's rating: 1242 &rarr; <strong>1275</strong><br />(+33 for winning)\n|l|\u2606BenniOVYalt\n|player|p1|\n",
  "uploadtime": 1776336892,
  "views": 30,
  "formatid": "gen9championsvgc2026regma",
  "rating": 1275,
  "private": 0,
  "password": null
}