{
  "id": "gen9championsvgc2026regma-2582839707",
  "format": "[Gen 9 Champions] VGC 2026 Reg M-A",
  "players": [
    "yeanxy",
    "old and decrepit"
  ],
  "log": "|j|\u2606yeanxy\n|j|\u2606old and decrepit\n|t:|1776118141\n|gametype|doubles\n|player|p1|yeanxy|hugh|1106\n|player|p2|old and decrepit|mira|1082\n|gen|9\n|tier|[Gen 9 Champions] VGC 2026 Reg M-A\n|rated|\n|rule|Species Clause: Limit one of each Pok\u00e9mon\n|rule|Item Clause: Limit 1 of each item\n|clearpoke\n|poke|p1|Gallade, L50, M|\n|poke|p1|Whimsicott, L50, F|\n|poke|p1|Milotic, L50, F|\n|poke|p1|Charizard, L50, M|\n|poke|p1|Weavile, L50, F|\n|poke|p1|Mimikyu, L50, F|\n|poke|p2|Audino, L50, F|\n|poke|p2|Crabominable, L50, M|\n|poke|p2|Sinistcha, L50|\n|poke|p2|Torkoal, L50, M|\n|poke|p2|Tyranitar, L50, M|\n|poke|p2|Sableye, L50, F|\n|teampreview|4\n|inactive|Battle timer is ON: inactive players will automatically lose when time's up. (requested by old and decrepit)\n|inactive|yeanxy has 60 seconds left.\n|inactive|old and decrepit has 60 seconds left.\n|\n|t:|1776118181\n|teamsize|p1|4\n|teamsize|p2|4\n|start\n|switch|p1a: Charizard|Charizard, L50, M|100/100\n|switch|p1b: Gallade|Gallade, L50, M, shiny|100/100\n|switch|p2a: Audino|Audino, L50, F, shiny|100/100\n|switch|p2b: Sableye|Sableye, L50, F|100/100\n|turn|1\n|\n|t:|1776118205\n|detailschange|p1a: Charizard|Charizard-Mega-X, L50, M\n|-mega|p1a: Charizard|Charizard|Charizardite X\n|move|p2a: Audino|Protect|p2a: Audino\n|-singleturn|p2a: Audino|Protect\n|move|p2b: Sableye|Will-O-Wisp|p1b: Gallade\n|-status|p1b: Gallade|brn\n|move|p1a: Charizard|Dragon Dance|p1a: Charizard\n|-boost|p1a: Charizard|atk|1\n|-boost|p1a: Charizard|spe|1\n|move|p1b: Gallade|Sacred Sword|p2a: Audino\n|-activate|p2a: Audino|move: Protect\n|\n|-damage|p1b: Gallade|95/100 brn|[from] brn\n|upkeep\n|turn|2\n|inactive|yeanxy has 30 seconds left.\n|\n|t:|1776118231\n|move|p1a: Charizard|Protect|p1a: Charizard\n|-singleturn|p1a: Charizard|Protect\n|move|p2b: Sableye|Skill Swap|p2a: Audino\n|-activate|p2b: Sableye|Skill Swap|||[of] p2a: Audino\n|move|p2a: Audino|Encore|p1a: Charizard\n|-activate|p1a: Charizard|move: Protect\n|move|p1b: Gallade|Sacred Sword|p2a: Audino\n|-supereffective|p2a: Audino|1\n|-damage|p2a: Audino|40/100\n|\n|-heal|p2a: Audino|46/100|[from] item: Leftovers\n|-damage|p1b: Gallade|89/100 brn|[from] brn\n|upkeep\n|turn|3\n|inactive|yeanxy has 30 seconds left.\n|inactive|yeanxy has 20 seconds left.\n|\n|t:|1776118266\n|switch|p2b: Sinistcha|Sinistcha, L50|100/100\n|-heal|p2a: Audino|71/100|[from] ability: Hospitality|[of] p2b: Sinistcha\n|move|p2a: Audino|Encore|p1a: Charizard\n|-start|p1a: Charizard|Encore\n|move|p1a: Charizard|Protect|p1a: Charizard\n|-singleturn|p1a: Charizard|Protect\n|move|p1b: Gallade|Sacred Sword|p2a: Audino\n|-supereffective|p2a: Audino|1\n|-damage|p2a: Audino|4/100\n|\n|-heal|p2a: Audino|11/100|[from] item: Leftovers\n|-damage|p1b: Gallade|84/100 brn|[from] brn\n|upkeep\n|turn|4\n|inactive|yeanxy has 30 seconds left.\n|inactive|yeanxy has 20 seconds left.\n|\n|t:|1776118304\n|move|p2a: Audino|Protect|p2a: Audino\n|-singleturn|p2a: Audino|Protect\n|move|p1a: Charizard|Protect||[still]\n|-fail|p1a: Charizard\n|move|p1b: Gallade|Sacred Sword|p2a: Audino\n|-activate|p2a: Audino|move: Protect\n|move|p2b: Sinistcha|Trick Room|p2b: Sinistcha\n|-fieldstart|move: Trick Room|[of] p2b: Sinistcha\n|\n|-heal|p2a: Audino|17/100|[from] item: Leftovers\n|-damage|p1b: Gallade|78/100 brn|[from] brn\n|upkeep\n|turn|5\n|\n|t:|1776118326\n|move|p2a: Audino|Protect||[still]\n|-fail|p2a: Audino\n|move|p1a: Charizard|Protect|p1a: Charizard\n|-singleturn|p1a: Charizard|Protect\n|move|p2b: Sinistcha|Shadow Ball|p1b: Gallade\n|-supereffective|p1b: Gallade|1\n|-damage|p1b: Gallade|0 fnt\n|faint|p1b: Gallade\n|\n|-heal|p2a: Audino|23/100|[from] item: Leftovers\n|-end|p1a: Charizard|Encore\n|upkeep\n|\n|t:|1776118346\n|switch|p1b: Mimikyu|Mimikyu, L50, F|100/100\n|turn|6\n|inactive|yeanxy has 30 seconds left.\n|inactive|old and decrepit has 30 seconds left.\n|\n|t:|1776118380\n|move|p1a: Charizard|Protect||[still]\n|-fail|p1a: Charizard\n|move|p2a: Audino|Encore|p1a: Charizard\n|-start|p1a: Charizard|Encore\n|move|p2b: Sinistcha|Matcha Gotcha|p1a: Charizard|[spread] p1a,p1b\n|-resisted|p1a: Charizard|2\n|-damage|p1a: Charizard|91/100\n|-activate|p1b: Mimikyu|ability: Disguise\n|-damage|p1b: Mimikyu|100/100\n|detailschange|p1b: Mimikyu|Mimikyu-Busted, L50, F\n|-damage|p1b: Mimikyu|88/100|[from] pokemon: Mimikyu-Busted\n|move|p1b: Mimikyu|Drain Punch|p2a: Audino\n|-supereffective|p2a: Audino|1\n|-damage|p2a: Audino|0 fnt\n|-heal|p1b: Mimikyu|100/100|[from] drain|[of] p2a: Audino\n|faint|p2a: Audino\n|\n|upkeep\n|\n|t:|1776118396\n|switch|p2a: Crabominable|Crabominable, L50, M, shiny|100/100\n|turn|7\n|inactive|yeanxy has 30 seconds left.\n|inactive|old and decrepit has 30 seconds left.\n|inactive|yeanxy has 20 seconds left.\n|\n|t:|1776118434\n|switch|p1a: Milotic|Milotic, L50, F, shiny|100/100\n|detailschange|p2a: Crabominable|Crabominable-Mega, L50, M, shiny\n|-mega|p2a: Crabominable|Crabominable|Crabominite\n|move|p2a: Crabominable|Rock Slide|p1b: Mimikyu|[spread] p1b\n|-miss|p2a: Crabominable|p1a: Milotic\n|-damage|p1b: Mimikyu|60/100\n|move|p2b: Sinistcha|Shadow Ball|p1b: Mimikyu\n|-supereffective|p1b: Mimikyu|1\n|-damage|p1b: Mimikyu|0 fnt\n|faint|p1b: Mimikyu\n|\n|upkeep\n|\n|t:|1776118448\n|switch|p1b: Charizard|Charizard-Mega-X, L50, M|91/100\n|turn|8\n|\n|t:|1776118458\n|move|p1b: Charizard|Protect|p1b: Charizard\n|-singleturn|p1b: Charizard|Protect\n|move|p2a: Crabominable|Rock Slide|p1b: Charizard|[spread] p1a\n|-activate|p1b: Charizard|move: Protect\n|-damage|p1a: Milotic|73/100\n|move|p2b: Sinistcha|Matcha Gotcha|p1a: Milotic|[spread] p1a\n|-activate|p1b: Charizard|move: Protect\n|-supereffective|p1a: Milotic|1\n|-damage|p1a: Milotic|35/100\n|move|p1a: Milotic|Mirror Coat|p2b: Sinistcha\n|-damage|p2b: Sinistcha|13/100\n|-enditem|p2b: Sinistcha|Sitrus Berry|[eat]\n|-heal|p2b: Sinistcha|38/100|[from] item: Sitrus Berry\n|\n|-heal|p1a: Milotic|41/100|[from] item: Leftovers\n|-fieldend|move: Trick Room\n|upkeep\n|turn|9\n|inactive|yeanxy has 30 seconds left.\n|\n|t:|1776118487\n|switch|p2b: Sableye|Sableye, L50, F|100/100\n|move|p1b: Charizard|Flare Blitz|p2a: Crabominable\n|-supereffective|p2a: Crabominable|1\n|-damage|p2a: Crabominable|0 fnt\n|faint|p2a: Crabominable\n|-damage|p1b: Charizard|47/100|[from] Recoil\n|move|p1a: Milotic|Recover|p1a: Milotic\n|-heal|p1a: Milotic|91/100\n|\n|-heal|p1a: Milotic|97/100|[from] item: Leftovers\n|upkeep\n|\n|t:|1776118493\n|switch|p2a: Sinistcha|Sinistcha, L50|38/100\n|turn|10\n|\n|t:|1776118515\n|move|p2b: Sableye|Fake Out|p1b: Charizard\n|-damage|p1b: Charizard|39/100\n|cant|p1b: Charizard|flinch\n|move|p1a: Milotic|Scald|p2b: Sableye\n|-damage|p2b: Sableye|69/100\n|move|p2a: Sinistcha|Trick Room|p2a: Sinistcha\n|-fieldstart|move: Trick Room|[of] p2a: Sinistcha\n|\n|-heal|p1a: Milotic|100/100|[from] item: Leftovers\n|upkeep\n|turn|11\n|\n|t:|1776118537\n|move|p1b: Charizard|Protect|p1b: Charizard\n|-singleturn|p1b: Charizard|Protect\n|move|p2b: Sableye|Light Screen|p2b: Sableye\n|-sidestart|p2: old and decrepit|move: Light Screen\n|move|p2a: Sinistcha|Shadow Ball|p1b: Charizard\n|-activate|p1b: Charizard|move: Protect\n|move|p1a: Milotic|Mirror Coat||[still]\n|-fail|p1a: Milotic\n|\n|upkeep\n|turn|12\n|inactive|yeanxy has 30 seconds left.\n|\n|t:|1776118571\n|move|p2b: Sableye|Will-O-Wisp|p1a: Milotic\n|-status|p1a: Milotic|brn\n|move|p2a: Sinistcha|Shadow Ball|p1b: Charizard\n|-damage|p1b: Charizard|0 fnt\n|faint|p1b: Charizard\n|move|p1a: Milotic|Mirror Coat||[still]\n|-fail|p1a: Milotic\n|\n|-damage|p1a: Milotic|95/100 brn|[from] brn\n|upkeep\n|turn|13\n|\n|t:|1776118588\n|move|p2a: Sinistcha|Rage Powder|p2a: Sinistcha\n|-singleturn|p2a: Sinistcha|move: Rage Powder\n|move|p2b: Sableye|Skill Swap|p2a: Sinistcha\n|-activate|p2b: Sableye|Skill Swap|||[of] p2a: Sinistcha\n|-heal|p2a: Sinistcha|62/100|[from] ability: Hospitality|[of] p2b: Sableye\n|move|p1a: Milotic|Scald|p2a: Sinistcha\n|-resisted|p2a: Sinistcha|1\n|-damage|p2a: Sinistcha|49/100\n|-status|p2a: Sinistcha|brn\n|\n|-heal|p1a: Milotic|100/100 brn|[from] item: Leftovers\n|-damage|p2a: Sinistcha|43/100 brn|[from] brn\n|-damage|p1a: Milotic|95/100 brn|[from] brn\n|upkeep\n|turn|14\n|\n|t:|1776118612\n|move|p2b: Sableye|Skill Swap|p2a: Sinistcha\n|-activate|p2b: Sableye|Skill Swap|||[of] p2a: Sinistcha\n|-heal|p2b: Sableye|94/100|[from] ability: Hospitality|[of] p2a: Sinistcha\n|move|p1a: Milotic|Mirror Coat||[still]\n|-fail|p1a: Milotic\n|move|p2a: Sinistcha|Trick Room|p2a: Sinistcha\n|-fieldend|move: Trick Room\n|\n|-heal|p1a: Milotic|100/100 brn|[from] item: Leftovers\n|-damage|p1a: Milotic|95/100 brn|[from] brn\n|-damage|p2a: Sinistcha|37/100 brn|[from] brn\n|upkeep\n|turn|15\n|\n|t:|1776118627\n|move|p2b: Sableye|Skill Swap|p2a: Sinistcha\n|-activate|p2b: Sableye|Skill Swap|||[of] p2a: Sinistcha\n|-heal|p2a: Sinistcha|62/100 brn|[from] ability: Hospitality|[of] p2b: Sableye\n|move|p1a: Milotic|Scald|p2a: Sinistcha\n|-resisted|p2a: Sinistcha|1\n|-damage|p2a: Sinistcha|49/100 brn\n|move|p2a: Sinistcha|Trick Room|p2a: Sinistcha\n|-fieldstart|move: Trick Room|[of] p2a: Sinistcha\n|\n|-heal|p1a: Milotic|100/100 brn|[from] item: Leftovers\n|-damage|p2a: Sinistcha|43/100 brn|[from] brn\n|-damage|p1a: Milotic|95/100 brn|[from] brn\n|-sideend|p2: old and decrepit|move: Light Screen\n|upkeep\n|turn|16\n|\n|t:|1776118640\n|move|p2b: Sableye|Light Screen|p2b: Sableye\n|-sidestart|p2: old and decrepit|move: Light Screen\n|move|p2a: Sinistcha|Matcha Gotcha|p1a: Milotic|[miss]\n|-miss|p2a: Sinistcha|p1a: Milotic\n|move|p1a: Milotic|Mirror Coat||[still]\n|-fail|p1a: Milotic\n|\n|-heal|p1a: Milotic|100/100 brn|[from] item: Leftovers\n|-damage|p2a: Sinistcha|37/100 brn|[from] brn\n|-damage|p1a: Milotic|95/100 brn|[from] brn\n|upkeep\n|turn|17\n|\n|t:|1776118655\n|move|p2b: Sableye|Skill Swap|p2a: Sinistcha\n|-activate|p2b: Sableye|Skill Swap|||[of] p2a: Sinistcha\n|-heal|p2b: Sableye|100/100|[from] ability: Hospitality|[of] p2a: Sinistcha\n|move|p2a: Sinistcha|Matcha Gotcha|p1a: Milotic\n|-supereffective|p1a: Milotic|1\n|-damage|p1a: Milotic|38/100 brn\n|-heal|p2a: Sinistcha|69/100 brn|[from] drain|[of] p1a: Milotic\n|move|p1a: Milotic|Scald|p2a: Sinistcha\n|-resisted|p2a: Sinistcha|1\n|-damage|p2a: Sinistcha|58/100 brn\n|\n|-heal|p1a: Milotic|44/100 brn|[from] item: Leftovers\n|-damage|p2a: Sinistcha|52/100 brn|[from] brn\n|-damage|p1a: Milotic|38/100 brn|[from] brn\n|upkeep\n|turn|18\n|inactive|yeanxy has 30 seconds left.\n|inactive|yeanxy has 20 seconds left.\n|\n|t:|1776118672\n|move|p2b: Sableye|Skill Swap|p2a: Sinistcha\n|-activate|p2b: Sableye|Skill Swap|||[of] p2a: Sinistcha\n|-heal|p2a: Sinistcha|76/100 brn|[from] ability: Hospitality|[of] p2b: Sableye\n|move|p2a: Sinistcha|Matcha Gotcha|p1a: Milotic\n|-supereffective|p1a: Milotic|1\n|-damage|p1a: Milotic|0 fnt\n|-heal|p2a: Sinistcha|98/100 brn|[from] drain|[of] p1a: Milotic\n|faint|p1a: Milotic\n|\n|win|old and decrepit\n|raw|yeanxy's rating: 1106 &rarr; <strong>1079</strong><br />(-27 for losing)\n|raw|old and decrepit's rating: 1082 &rarr; <strong>1112</strong><br />(+30 for winning)\n",
  "uploadtime": 1776118679,
  "views": 25,
  "formatid": "gen9championsvgc2026regma",
  "rating": 1079,
  "private": 0,
  "password": null
}