{
  "id": "gen9championsvgc2026regma-2586135542",
  "format": "[Gen 9 Champions] VGC 2026 Reg M-A",
  "players": [
    "jamppa500",
    "rowlet_love"
  ],
  "log": "|j|\u2606jamppa500\n|j|\u2606rowlet_love\n|t:|1776403395\n|gametype|doubles\n|player|p1|jamppa500|hiker|1470\n|player|p2|rowlet_love|102|1526\n|gen|9\n|tier|[Gen 9 Champions] VGC 2026 Reg M-A\n|rated|\n|rule|Species Clause: Limit one of each Pok\u00e9mon\n|rule|Item Clause: Limit 1 of each item\n|clearpoke\n|poke|p1|Gardevoir, L50, M|\n|poke|p1|Kingambit, L50, F|\n|poke|p1|Milotic, L50, F|\n|poke|p1|Zoroark-Hisui, L50, M|\n|poke|p1|Machamp, L50, M|\n|poke|p1|Glimmora, L50, M|\n|poke|p2|Froslass, L50, F|\n|poke|p2|Glaceon, L50, M|\n|poke|p2|Garchomp, L50, F|\n|poke|p2|Sneasler, L50, F|\n|poke|p2|Kingambit, L50, F|\n|poke|p2|Gyarados, L50, F|\n|teampreview|4\n|inactive|Battle timer is ON: inactive players will automatically lose when time's up. (requested by rowlet_love)\n|inactive|jamppa500 has 60 seconds left.\n|inactive|rowlet_love has 60 seconds left.\n|\n|t:|1776403451\n|teamsize|p1|4\n|teamsize|p2|4\n|start\n|switch|p1a: Milotic|Milotic, L50, F|100/100\n|switch|p1b: Machamp|Machamp, L50, M|100/100\n|switch|p2a: Froslass|Froslass, L50, F|100/100\n|switch|p2b: Glaceon|Glaceon, L50, M|100/100\n|turn|1\n|\n|t:|1776403462\n|detailschange|p2a: Froslass|Froslass-Mega, L50, F\n|-mega|p2a: Froslass|Froslass|Froslassite\n|-weather|Snowscape|[from] ability: Snow Warning|[of] p2a: Froslass\n|move|p1b: Machamp|Shadow Ball|p2a: Froslass\n|-supereffective|p2a: Froslass|1\n|-damage|p2a: Froslass|8/100\n|-unboost|p2a: Froslass|spd|1\n|move|p2a: Froslass|Aurora Veil|p2a: Froslass\n|-sidestart|p2: rowlet_love|move: Aurora Veil\n|move|p1a: Milotic|Icy Wind|p2a: Froslass|[spread] p2a,p2b\n|-resisted|p2a: Froslass|1\n|-resisted|p2b: Glaceon|1\n|-damage|p2a: Froslass|2/100\n|-damage|p2b: Glaceon|96/100\n|-unboost|p2a: Froslass|spe|1\n|-unboost|p2b: Glaceon|spe|1\n|move|p2b: Glaceon|Blizzard|p1a: Milotic|[spread] p1a,p1b\n|-resisted|p1a: Milotic|1\n|-damage|p1a: Milotic|80/100\n|-damage|p1b: Machamp|0 fnt\n|replace|p1b: Zoroark|Zoroark-Hisui, L50, M\n|-end|p1b: Zoroark|Illusion\n|faint|p1b: Zoroark\n|\n|-weather|Snowscape|[upkeep]\n|-heal|p1a: Milotic|86/100|[from] item: Leftovers\n|upkeep\n|\n|t:|1776403476\n|switch|p1b: Machamp|Machamp, L50, M|100/100\n|turn|2\n|\n|t:|1776403489\n|move|p1b: Machamp|Wide Guard|p1b: Machamp\n|-singleturn|p1b: Machamp|Wide Guard\n|move|p2a: Froslass|Blizzard|p1b: Machamp|[spread] \n|-activate|p1a: Milotic|move: Wide Guard\n|-activate|p1b: Machamp|move: Wide Guard\n|move|p1a: Milotic|Icy Wind|p2a: Froslass|[spread] p2a,p2b\n|-resisted|p2a: Froslass|1\n|-resisted|p2b: Glaceon|1\n|-damage|p2a: Froslass|0 fnt\n|-damage|p2b: Glaceon|92/100\n|-unboost|p2b: Glaceon|spe|1\n|faint|p2a: Froslass\n|move|p2b: Glaceon|Freeze-Dry|p1a: Milotic\n|-supereffective|p1a: Milotic|1\n|-damage|p1a: Milotic|14/100\n|\n|-weather|Snowscape|[upkeep]\n|-heal|p1a: Milotic|19/100|[from] item: Leftovers\n|upkeep\n|\n|t:|1776403506\n|switch|p2a: Garchomp|Garchomp, L50, F|100/100\n|turn|3\n|\n|t:|1776403522\n|move|p2a: Garchomp|Dragon Claw|p1a: Milotic\n|-damage|p1a: Milotic|0 fnt\n|faint|p1a: Milotic\n|move|p1b: Machamp|Dynamic Punch|p2a: Garchomp\n|-damage|p2a: Garchomp|64/100\n|-start|p2a: Garchomp|confusion\n|-damage|p1b: Machamp|88/100|[from] ability: Rough Skin|[of] p2a: Garchomp\n|move|p2b: Glaceon|Freeze-Dry|p1b: Machamp\n|-damage|p1b: Machamp|40/100\n|\n|-weather|Snowscape|[upkeep]\n|upkeep\n|j| gokua2\n|\n|t:|1776403534\n|switch|p1a: Glimmora|Glimmora, L50, M|100/100\n|turn|4\n|inactive|rowlet_love has 30 seconds left.\n|inactive|rowlet_love has 20 seconds left.\n|inactive|rowlet_love has 15 seconds left.\n|inactive|rowlet_love has 10 seconds left.\n|\n|t:|1776403581\n|detailschange|p1a: Glimmora|Glimmora-Mega, L50, M\n|-mega|p1a: Glimmora|Glimmora|Glimmoranite\n|move|p1b: Machamp|Wide Guard|p1b: Machamp\n|-singleturn|p1b: Machamp|Wide Guard\n|-activate|p2a: Garchomp|confusion\n|-damage|p2a: Garchomp|51/100|[from] confusion\n|move|p1a: Glimmora|Sludge Bomb|p2a: Garchomp\n|-resisted|p2a: Garchomp|1\n|-damage|p2a: Garchomp|23/100\n|move|p2b: Glaceon|Freeze-Dry|p1b: Machamp\n|-damage|p1b: Machamp|0 fnt\n|faint|p1b: Machamp\n|\n|-weather|Snowscape|[upkeep]\n|upkeep\n|turn|5\n|\n|t:|1776403599\n|-activate|p2a: Garchomp|confusion\n|move|p2a: Garchomp|Earthquake|p1a: Glimmora|[spread] p1a\n|-miss|p2a: Garchomp|p2b: Glaceon\n|-supereffective|p1a: Glimmora|2\n|-damage|p1a: Glimmora|0 fnt\n|faint|p1a: Glimmora\n|\n|win|rowlet_love\n|raw|jamppa500's rating: 1470 &rarr; <strong>1453</strong><br />(-17 for losing)\n|raw|rowlet_love's rating: 1526 &rarr; <strong>1543</strong><br />(+17 for winning)\n|l|\u2606jamppa500\n|player|p1|\n|l|\u2606rowlet_love\n|player|p2|\n",
  "uploadtime": 1776403621,
  "views": 37,
  "formatid": "gen9championsvgc2026regma",
  "rating": 1453,
  "private": 0,
  "password": null
}