{
  "id": "gen9championsvgc2026regma-2586411644",
  "format": "[Gen 9 Champions] VGC 2026 Reg M-A",
  "players": [
    "kiwideterre",
    "Xalvadore"
  ],
  "log": "|j|\u2606kiwideterre\n|j|\u2606Xalvadore\n|t:|1776432811\n|gametype|doubles\n|player|p1|kiwideterre|266|1198\n|player|p2|Xalvadore|2|1227\n|gen|9\n|tier|[Gen 9 Champions] VGC 2026 Reg M-A\n|rated|\n|rule|Species Clause: Limit one of each Pok\u00e9mon\n|rule|Item Clause: Limit 1 of each item\n|clearpoke\n|poke|p1|Raichu-Alola, L50, F|\n|poke|p1|Camerupt, L50, M|\n|poke|p1|Sinistcha-Masterpiece, L50|\n|poke|p1|Tauros-Paldea-Aqua, L50, M|\n|poke|p1|Greninja-*, L50, F|\n|poke|p1|Glimmora, L50, M|\n|poke|p2|Meganium, L50, M|\n|poke|p2|Incineroar, L50, F|\n|poke|p2|Krookodile, L50, M|\n|poke|p2|Blastoise, L50, F|\n|poke|p2|Aerodactyl, L50, M|\n|poke|p2|Scizor, L50, M|\n|teampreview|4\n|inactive|Battle timer is ON: inactive players will automatically lose when time's up. (requested by kiwideterre)\n|\n|t:|1776432873\n|teamsize|p1|4\n|teamsize|p2|4\n|start\n|switch|p1a: Raichu|Raichu-Alola, L50, F|100/100\n|switch|p1b: Greninja|Greninja, L50, F|100/100\n|switch|p2a: Aerodactyl|Aerodactyl, L50, M|100/100\n|switch|p2b: Blastoise|Blastoise, L50, F|100/100\n|-ability|p2a: Aerodactyl|Unnerve\n|turn|1\n|\n|t:|1776432886\n|switch|p2b: Meganium|Meganium, L50, M|100/100\n|move|p1b: Greninja|Switcheroo||[still]\n|-start|p1b: Greninja|typechange|Dark|[from] ability: Protean\n|-fail|p1b: Greninja\n|move|p2a: Aerodactyl|Tailwind|p2a: Aerodactyl\n|-sidestart|p2: Xalvadore|move: Tailwind\n|move|p1a: Raichu|Electroweb|p2a: Aerodactyl|[spread] p2a\n|-miss|p1a: Raichu|p2b: Meganium\n|-supereffective|p2a: Aerodactyl|1\n|-damage|p2a: Aerodactyl|50/100\n|-unboost|p2a: Aerodactyl|spe|1\n|\n|upkeep\n|turn|2\n|\n|t:|1776432903\n|switch|p1b: Sinistcha|Sinistcha-Masterpiece, L50|100/100\n|detailschange|p2b: Meganium|Meganium-Mega, L50, M\n|-mega|p2b: Meganium|Meganium|Meganiumite\n|move|p2a: Aerodactyl|Rock Slide|p1a: Raichu|[spread] p1a,p1b\n|-crit|p1b: Sinistcha\n|-damage|p1a: Raichu|45/100\n|-damage|p1b: Sinistcha|63/100\n|move|p2b: Meganium|Solar Beam||[still]\n|-prepare|p2b: Meganium|Solar Beam\n|-activate|p2b: Meganium|ability: Mega Sol\n|-anim|p2b: Meganium|Solar Beam|p1b: Sinistcha\n|-resisted|p1b: Sinistcha|1\n|-damage|p1b: Sinistcha|33/100\n|move|p1a: Raichu|Electroweb|p2a: Aerodactyl|[spread] p2a,p2b\n|-supereffective|p2a: Aerodactyl|1\n|-resisted|p2b: Meganium|1\n|-damage|p2a: Aerodactyl|0 fnt\n|-damage|p2b: Meganium|94/100\n|-unboost|p2b: Meganium|spe|1\n|-enditem|p1b: Sinistcha|Sitrus Berry|[eat]\n|-heal|p1b: Sinistcha|57/100|[from] item: Sitrus Berry\n|faint|p2a: Aerodactyl\n|\n|upkeep\n|\n|t:|1776432910\n|switch|p2a: Krookodile|Krookodile, L50, M|100/100\n|-ability|p2a: Krookodile|Intimidate|boost\n|-unboost|p1a: Raichu|atk|1\n|-unboost|p1b: Sinistcha|atk|1\n|turn|3\n|\n|t:|1776432933\n|move|p2a: Krookodile|Knock Off|p1a: Raichu\n|-supereffective|p1a: Raichu|1\n|-damage|p1a: Raichu|0 fnt\n|-enditem|p1a: Raichu|Focus Sash|[from] move: Knock Off|[of] p2a: Krookodile\n|faint|p1a: Raichu\n|move|p2b: Meganium|Weather Ball|p1b: Sinistcha\n|-supereffective|p1b: Sinistcha|1\n|-damage|p1b: Sinistcha|0 fnt\n|faint|p1b: Sinistcha\n|\n|upkeep\n|\n|t:|1776432939\n|switch|p1a: Glimmora|Glimmora, L50, M|100/100\n|switch|p1b: Greninja|Greninja, L50, F|100/100\n|turn|4\n|\n|t:|1776432955\n|switch|p2a: Blastoise|Blastoise, L50, F|100/100\n|move|p1a: Glimmora|Spiky Shield|p1a: Glimmora\n|-singleturn|p1a: Glimmora|move: Protect\n|move|p1b: Greninja|Ice Beam|p2a: Blastoise\n|-start|p1b: Greninja|typechange|Ice|[from] ability: Protean\n|-resisted|p2a: Blastoise|1\n|-damage|p2a: Blastoise|77/100\n|move|p2b: Meganium|Solar Beam||[still]\n|-prepare|p2b: Meganium|Solar Beam\n|-activate|p2b: Meganium|ability: Mega Sol\n|-anim|p2b: Meganium|Solar Beam|p1a: Glimmora\n|-activate|p1a: Glimmora|move: Protect\n|\n|-sideend|p2: Xalvadore|move: Tailwind\n|upkeep\n|turn|5\n|\n|t:|1776432971\n|detailschange|p1a: Glimmora|Glimmora-Mega, L50, M\n|-mega|p1a: Glimmora|Glimmora|Glimmoranite\n|move|p1b: Greninja|Ice Beam|p2a: Blastoise\n|-resisted|p2a: Blastoise|1\n|-damage|p2a: Blastoise|56/100\n|move|p1a: Glimmora|Sludge Bomb|p2a: Blastoise\n|-damage|p2a: Blastoise|0 fnt\n|faint|p2a: Blastoise\n|move|p2b: Meganium|Weather Ball|p1b: Greninja\n|-supereffective|p1b: Greninja|1\n|-damage|p1b: Greninja|0 fnt\n|faint|p1b: Greninja\n|\n|upkeep\n|\n|t:|1776432980\n|switch|p2a: Krookodile|Krookodile, L50, M|100/100\n|-ability|p2a: Krookodile|Intimidate|boost\n|-unboost|p1a: Glimmora|atk|1\n|turn|6\n|\n|t:|1776432986\n|move|p2a: Krookodile|Earthquake|p1a: Glimmora|[spread] p2b,p1a\n|-resisted|p2b: Meganium|1\n|-supereffective|p1a: Glimmora|2\n|-damage|p2b: Meganium|79/100\n|-damage|p1a: Glimmora|0 fnt\n|faint|p1a: Glimmora\n|\n|win|Xalvadore\n|raw|kiwideterre's rating: 1198 &rarr; <strong>1175</strong><br />(-23 for losing)\n|raw|Xalvadore's rating: 1227 &rarr; <strong>1250</strong><br />(+23 for winning)\n|l|\u2606kiwideterre\n|player|p1|\n|c|\u2606Xalvadore|gg\n",
  "uploadtime": 1776432995,
  "views": 31,
  "formatid": "gen9championsvgc2026regma",
  "rating": 1175,
  "private": 0,
  "password": null
}