{
  "id": "gen9championsvgc2026regma-2582417030",
  "format": "[Gen 9 Champions] VGC 2026 Reg M-A",
  "players": [
    "flymax",
    "Ryukaen"
  ],
  "log": "|j|\u2606flymax\n|j|\u2606Ryukaen\n|t:|1776090308\n|gametype|doubles\n|player|p1|flymax|ghetsis|1178\n|player|p2|Ryukaen|2|1223\n|gen|9\n|tier|[Gen 9 Champions] VGC 2026 Reg M-A\n|rated|\n|rule|Species Clause: Limit one of each Pok\u00e9mon\n|rule|Item Clause: Limit 1 of each item\n|clearpoke\n|poke|p1|Victreebel, L50, F|\n|poke|p1|Incineroar, L50, F|\n|poke|p1|Zoroark-Hisui, L50, M|\n|poke|p1|Primarina, L50, F|\n|poke|p1|Whimsicott, L50, M|\n|poke|p1|Corviknight, L50, M|\n|poke|p2|Charizard, L50, M|\n|poke|p2|Whimsicott, L50, F|\n|poke|p2|Incineroar, L50, M|\n|poke|p2|Milotic, L50, F|\n|poke|p2|Garchomp, L50, F|\n|poke|p2|Sinistcha, L50|\n|teampreview|4\n|inactive|Battle timer is ON: inactive players will automatically lose when time's up. (requested by flymax)\n|\n|t:|1776090350\n|teamsize|p1|4\n|teamsize|p2|4\n|start\n|switch|p1a: Incineroar|Incineroar, L50, F|100/100\n|switch|p1b: Victreebel|Victreebel, L50, F, shiny|100/100\n|switch|p2a: Whimsicott|Whimsicott, L50, F, shiny|100/100\n|switch|p2b: Milotic|Milotic, L50, F|100/100\n|-ability|p1a: Incineroar|Intimidate|boost\n|-unboost|p2a: Whimsicott|atk|1\n|-unboost|p2b: Milotic|atk|1\n|-ability|p2b: Milotic|Competitive|boost\n|-boost|p2b: Milotic|spa|2\n|turn|1\n|\n|t:|1776090372\n|detailschange|p1b: Victreebel|Victreebel-Mega, L50, F, shiny\n|-mega|p1b: Victreebel|Victreebel|Victreebelite\n|move|p1a: Incineroar|Fake Out|p2b: Milotic\n|-damage|p2b: Milotic|88/100\n|move|p2a: Whimsicott|Tailwind|p2a: Whimsicott\n|-sidestart|p2: Ryukaen|move: Tailwind\n|cant|p2b: Milotic|flinch\n|move|p1b: Victreebel|Sleep Powder|p2b: Milotic\n|-status|p2b: Milotic|slp|[from] move: Sleep Powder\n|\n|-heal|p2b: Milotic|94/100 slp|[from] item: Leftovers\n|upkeep\n|turn|2\n|\n|t:|1776090392\n|move|p2a: Whimsicott|Taunt|p1b: Victreebel\n|-start|p1b: Victreebel|move: Taunt\n|cant|p2b: Milotic|slp\n|move|p1b: Victreebel|Energy Ball|p2b: Milotic\n|-supereffective|p2b: Milotic|1\n|-damage|p2b: Milotic|24/100 slp\n|move|p1a: Incineroar|Flare Blitz|p2a: Whimsicott\n|-supereffective|p2a: Whimsicott|1\n|-enditem|p2a: Whimsicott|Focus Sash\n|-damage|p2a: Whimsicott|1/100\n|-status|p2a: Whimsicott|brn\n|-damage|p1a: Incineroar|79/100|[from] Recoil\n|\n|-heal|p2b: Milotic|30/100 slp|[from] item: Leftovers\n|-damage|p2a: Whimsicott|0 fnt|[from] brn\n|faint|p2a: Whimsicott\n|upkeep\n|\n|t:|1776090409\n|switch|p2a: Sinistcha|Sinistcha, L50|100/100\n|-heal|p2b: Milotic|55/100 slp|[from] ability: Hospitality|[of] p2a: Sinistcha\n|turn|3\n|\n|t:|1776090421\n|move|p2a: Sinistcha|Rage Powder|p2a: Sinistcha\n|-singleturn|p2a: Sinistcha|move: Rage Powder\n|-curestatus|p2b: Milotic|slp|[msg]\n|move|p2b: Milotic|Scald|p1a: Incineroar\n|-supereffective|p1a: Incineroar|1\n|-damage|p1a: Incineroar|0 fnt\n|faint|p1a: Incineroar\n|move|p1b: Victreebel|Energy Ball|p2b: Milotic\n|-supereffective|p2b: Milotic|1\n|-crit|p2b: Milotic\n|-damage|p2b: Milotic|0 fnt\n|faint|p2b: Milotic\n|\n|upkeep\n|c|\u2606flymax|why didnt that redirect to sinis\n|inactive|flymax has 30 seconds left.\n|\n|t:|1776090451\n|switch|p2b: Charizard|Charizard, L50, M|100/100\n|switch|p1a: Whimsicott|Whimsicott, L50, M|100/100\n|turn|4\n|\n|t:|1776090463\n|detailschange|p2b: Charizard|Charizard-Mega-X, L50, M\n|-mega|p2b: Charizard|Charizard|Charizardite X\n|move|p1a: Whimsicott|Tailwind|p1a: Whimsicott\n|-sidestart|p1: flymax|move: Tailwind\n|move|p2b: Charizard|Flare Blitz|p1a: Whimsicott\n|-supereffective|p1a: Whimsicott|1\n|-damage|p1a: Whimsicott|0 fnt\n|faint|p1a: Whimsicott\n|-damage|p2b: Charizard|75/100|[from] Recoil\n|move|p1b: Victreebel|Sludge Bomb|p2a: Sinistcha\n|-damage|p2a: Sinistcha|53/100\n|move|p2a: Sinistcha|Shadow Ball|p1b: Victreebel\n|-damage|p1b: Victreebel|70/100\n|-unboost|p1b: Victreebel|spd|1\n|\n|-end|p1b: Victreebel|move: Taunt\n|-sideend|p2: Ryukaen|move: Tailwind\n|upkeep\n|\n|t:|1776090479\n|switch|p1a: Primarina|Primarina, L50, F|100/100\n|turn|5\n|\n|t:|1776090495\n|move|p2b: Charizard|Protect|p2b: Charizard\n|-singleturn|p2b: Charizard|Protect\n|move|p1b: Victreebel|Sludge Bomb|p2a: Sinistcha\n|-damage|p2a: Sinistcha|6/100\n|move|p1a: Primarina|Moonblast|p2a: Sinistcha\n|-damage|p2a: Sinistcha|0 fnt\n|faint|p2a: Sinistcha\n|\n|upkeep\n|turn|6\n|\n|t:|1776090517\n|move|p1b: Victreebel|Sludge Bomb|p2b: Charizard\n|-damage|p2b: Charizard|23/100\n|-status|p2b: Charizard|psn\n|move|p1a: Primarina|Hyper Voice|p2b: Charizard\n|-damage|p2b: Charizard|0 fnt\n|faint|p2b: Charizard\n|\n|win|flymax\n|raw|flymax's rating: 1178 &rarr; <strong>1206</strong><br />(+28 for winning)\n|raw|Ryukaen's rating: 1223 &rarr; <strong>1195</strong><br />(-28 for losing)\n|l|\u2606Ryukaen\n|player|p2|\n",
  "uploadtime": 1776090873,
  "views": 13,
  "formatid": "gen9championsvgc2026regma",
  "rating": 1195,
  "private": 0,
  "password": null
}