{
  "id": "gen9championsvgc2026regma-2580968597",
  "format": "[Gen 9 Champions] VGC 2026 Reg M-A",
  "players": [
    "Ferdford",
    "csnono"
  ],
  "log": "|j|\u2606Ferdford\n|j|\u2606csnono\n|t:|1775947605\n|gametype|doubles\n|player|p1|Ferdford|pilot|1082\n|player|p2|csnono|2|1167\n|gen|9\n|tier|[Gen 9 Champions] VGC 2026 Reg M-A\n|rated|\n|rule|Species Clause: Limit one of each Pok\u00e9mon\n|rule|Item Clause: Limit 1 of each item\n|clearpoke\n|poke|p1|Typhlosion-Hisui, L50, M|\n|poke|p1|Aerodactyl, L50, F|\n|poke|p1|Torkoal, L50, F|\n|poke|p1|Whimsicott, L50, M|\n|poke|p1|Sneasler, L50, M|\n|poke|p1|Azumarill, L50, M|\n|poke|p2|Charizard, L50, F|\n|poke|p2|Venusaur, L50, F|\n|poke|p2|Sneasler, L50, F|\n|poke|p2|Incineroar, L50, M|\n|poke|p2|Garchomp, L50, F|\n|poke|p2|Kingambit, L50, M|\n|teampreview|4\nFerdford rejected open team sheets.\n|\n|t:|1775947648\n|teamsize|p1|4\n|teamsize|p2|4\n|start\n|switch|p1a: Aerodactyl|Aerodactyl, L50, F|100/100\n|switch|p1b: Whimsicott|Whimsicott, L50, M|100/100\n|switch|p2a: First Wave|Sneasler, L50, F|100/100\n|switch|p2b: Spectrum|Incineroar, L50, M|100/100\n|-ability|p1a: Aerodactyl|Unnerve\n|-ability|p2b: Spectrum|Intimidate|boost\n|-unboost|p1a: Aerodactyl|atk|1\n|-unboost|p1b: Whimsicott|atk|1\n|turn|1\n|\n|t:|1775947664\n|move|p1b: Whimsicott|Protect|p1b: Whimsicott\n|-singleturn|p1b: Whimsicott|Protect\n|move|p1a: Aerodactyl|Protect|p1a: Aerodactyl\n|-singleturn|p1a: Aerodactyl|Protect\n|move|p2b: Spectrum|Fake Out|p1a: Aerodactyl\n|-activate|p1a: Aerodactyl|move: Protect\n|move|p2a: First Wave|Dire Claw|p1b: Whimsicott\n|-activate|p1b: Whimsicott|move: Protect\n|\n|upkeep\n|turn|2\n|\n|t:|1775947681\n|switch|p2b: Passing Dream|Garchomp, L50, F|100/100\n|detailschange|p1a: Aerodactyl|Aerodactyl-Mega, L50, F\n|-mega|p1a: Aerodactyl|Aerodactyl|Aerodactylite\n|move|p1b: Whimsicott|Tailwind|p1b: Whimsicott\n|-sidestart|p1: Ferdford|move: Tailwind\n|move|p1a: Aerodactyl|Dual Wingbeat|p2a: First Wave\n|-supereffective|p2a: First Wave|1\n|-damage|p2a: First Wave|36/100\n|-supereffective|p2a: First Wave|1\n|-damage|p2a: First Wave|0 fnt\n|faint|p2a: First Wave\n|-hitcount|p2: First Wave|2\n|\n|upkeep\n|\n|t:|1775947692\n|switch|p2a: Spectrum|Incineroar, L50, M|100/100\n|-ability|p2a: Spectrum|Intimidate|boost\n|-unboost|p1a: Aerodactyl|atk|1\n|-unboost|p1b: Whimsicott|atk|1\n|turn|3\n|\n|t:|1775947714\n|move|p1a: Aerodactyl|Rock Slide|p2a: Spectrum|[spread] p2a\n|-miss|p1a: Aerodactyl|p2b: Passing Dream\n|-supereffective|p2a: Spectrum|1\n|-damage|p2a: Spectrum|74/100\n|move|p1b: Whimsicott|Energy Ball|p2b: Passing Dream\n|-damage|p2b: Passing Dream|64/100\n|move|p2b: Passing Dream|Dragon Claw|p1a: Aerodactyl\n|-damage|p1a: Aerodactyl|43/100\n|move|p2a: Spectrum|Flare Blitz|p1b: Whimsicott\n|-supereffective|p1b: Whimsicott|1\n|-enditem|p1b: Whimsicott|Focus Sash\n|-damage|p1b: Whimsicott|1/100\n|-damage|p2a: Spectrum|50/100|[from] Recoil\n|\n|upkeep\n|turn|4\n|\n|t:|1775947740\n|switch|p1a: Azumarill|Azumarill, L50, M|100/100\n|move|p1b: Whimsicott|Protect|p1b: Whimsicott\n|-singleturn|p1b: Whimsicott|Protect\n|move|p2b: Passing Dream|Dragon Claw|p1a: Azumarill\n|-immune|p1a: Azumarill\n|move|p2a: Spectrum|Parting Shot|p1b: Whimsicott\n|-activate|p1b: Whimsicott|move: Protect\n|\n|upkeep\n|turn|5\n|\n|t:|1775947756\n|switch|p2b: Agaki|Charizard, L50, F|100/100\n|move|p1b: Whimsicott|Tailwind||[still]\n|-fail|p1b: Whimsicott\n|move|p1a: Azumarill|Play Rough|p2b: Agaki\n|-resisted|p2b: Agaki|1\n|-damage|p2b: Agaki|71/100\n|-unboost|p2b: Agaki|atk|1\n|move|p2a: Spectrum|Parting Shot|p1a: Azumarill\n|-unboost|p1a: Azumarill|atk|1\n|-unboost|p1a: Azumarill|spa|1\n|\n|t:|1775947766\n|switch|p2a: Passing Dream|Garchomp, L50, F|64/100|[from] Parting Shot\n|\n|-sideend|p1: Ferdford|move: Tailwind\n|upkeep\n|turn|6\n|\n|t:|1775947784\n|switch|p2a: Spectrum|Incineroar, L50, M|50/100\n|-ability|p2a: Spectrum|Intimidate|boost\n|-unboost|p1a: Azumarill|atk|1\n|-unboost|p1b: Whimsicott|atk|1\n|detailschange|p2b: Agaki|Charizard-Mega-Y, L50, F\n|-mega|p2b: Agaki|Charizard|Charizardite Y\n|-weather|SunnyDay|[from] ability: Drought|[of] p2b: Agaki\n|move|p1b: Whimsicott|Tailwind|p1b: Whimsicott\n|-sidestart|p1: Ferdford|move: Tailwind\n|move|p1a: Azumarill|Play Rough|p2a: Spectrum\n|-damage|p2a: Spectrum|27/100\n|move|p2b: Agaki|Heat Wave|p1a: Azumarill|[spread] p1b\n|-miss|p2b: Agaki|p1a: Azumarill\n|-supereffective|p1b: Whimsicott|1\n|-damage|p1b: Whimsicott|0 fnt\n|faint|p1b: Whimsicott\n|\n|-weather|SunnyDay|[upkeep]\n|upkeep\n|\n|t:|1775947800\n|switch|p1b: Aerodactyl|Aerodactyl-Mega, L50, F|43/100\n|turn|7\n|\n|t:|1775947812\n|move|p2a: Spectrum|Fake Out|p1b: Aerodactyl\n|-resisted|p1b: Aerodactyl|1\n|-damage|p1b: Aerodactyl|36/100\n|cant|p1b: Aerodactyl|flinch\n|move|p1a: Azumarill|Liquidation|p2b: Agaki\n|-supereffective|p2b: Agaki|1\n|-damage|p2b: Agaki|48/100\n|move|p2b: Agaki|Solar Beam||[still]\n|-prepare|p2b: Agaki|Solar Beam\n|-anim|p2b: Agaki|Solar Beam|p1a: Azumarill\n|-supereffective|p1a: Azumarill|1\n|-damage|p1a: Azumarill|0 fnt\n|faint|p1a: Azumarill\n|\n|-weather|SunnyDay|[upkeep]\n|upkeep\n|\n|t:|1775947825\n|switch|p1a: Typhlosion|Typhlosion-Hisui, L50, M|100/100\n|turn|8\n|\n|t:|1775947832\n|switch|p2b: Passing Dream|Garchomp, L50, F|64/100\n|move|p1a: Typhlosion|Protect|p1a: Typhlosion\n|-singleturn|p1a: Typhlosion|Protect\n|move|p1b: Aerodactyl|Rock Slide|p2a: Spectrum|[spread] p2a,p2b\n|-supereffective|p2a: Spectrum|1\n|-crit|p2a: Spectrum\n|-resisted|p2b: Passing Dream|1\n|-damage|p2a: Spectrum|0 fnt\n|-damage|p2b: Passing Dream|46/100\n|faint|p2a: Spectrum\n|\n|-weather|SunnyDay|[upkeep]\n|upkeep\n|\n|t:|1775947842\n|switch|p2a: Agaki|Charizard-Mega-Y, L50, F|48/100\n|turn|9\n|\n|t:|1775947852\n|move|p1b: Aerodactyl|Rock Slide|p2b: Passing Dream|[spread] p2a,p2b\n|-supereffective|p2a: Agaki|2\n|-resisted|p2b: Passing Dream|1\n|-damage|p2a: Agaki|0 fnt\n|-damage|p2b: Passing Dream|31/100\n|faint|p2a: Agaki\n|move|p1a: Typhlosion|Eruption|p2b: Passing Dream\n|-resisted|p2b: Passing Dream|1\n|-crit|p2b: Passing Dream\n|-damage|p2b: Passing Dream|0 fnt\n|faint|p2b: Passing Dream\n|\n|win|Ferdford\n|raw|Ferdford's rating: 1082 &rarr; <strong>1116</strong><br />(+34 for winning)\n|raw|csnono's rating: 1167 &rarr; <strong>1136</strong><br />(-31 for losing)\n|l|\u2606csnono\n|player|p2|\n",
  "uploadtime": 1775947866,
  "views": 16,
  "formatid": "gen9championsvgc2026regma",
  "rating": 1116,
  "private": 0,
  "password": null
}