{
  "id": "gen9championsvgc2026regma-2583748897",
  "format": "[Gen 9 Champions] VGC 2026 Reg M-A",
  "players": [
    "not name fren",
    "gurbederbeste"
  ],
  "log": "|j|\u2606not name fren\n|j|\u2606gurbederbeste\n|t:|1776195061\n|gametype|doubles\n|player|p1|not name fren|worker-gen6|1343\n|player|p2|gurbederbeste|pryce|1258\n|gen|9\n|tier|[Gen 9 Champions] VGC 2026 Reg M-A\n|rated|\n|rule|Species Clause: Limit one of each Pok\u00e9mon\n|rule|Item Clause: Limit 1 of each item\n|clearpoke\n|poke|p1|Goodra-Hisui, L50, F|\n|poke|p1|Volcarona, L50, F|\n|poke|p1|Banette, L50, M|\n|poke|p1|Garchomp, L50, M|\n|poke|p1|Ninetales-Alola, L50, M|\n|poke|p1|Aerodactyl, L50, F|\n|poke|p2|Aggron, L50, M|\n|poke|p2|Sinistcha, L50|\n|poke|p2|Incineroar, L50, F|\n|poke|p2|Pelipper, L50, F|\n|poke|p2|Alakazam, L50, F|\n|poke|p2|Glimmora, L50, F|\n|teampreview|4\n|inactive|Battle timer is ON: inactive players will automatically lose when time's up. (requested by not name fren)\n|inactive|gurbederbeste has 60 seconds left.\n|\n|t:|1776195113\n|teamsize|p1|4\n|teamsize|p2|4\n|start\n|switch|p1a: Goodra|Goodra-Hisui, L50, F|100/100\n|switch|p1b: Banette|Banette, L50, M, shiny|100/100\n|switch|p2a: Aggron|Aggron, L50, M|100/100\n|switch|p2b: Incineroar|Incineroar, L50, F|100/100\n|-ability|p2b: Incineroar|Intimidate|boost\n|-unboost|p1a: Goodra|atk|1\n|-unboost|p1b: Banette|atk|1\n|turn|1\n|\n|t:|1776195121\n|detailschange|p1b: Banette|Banette-Mega, L50, M, shiny\n|-mega|p1b: Banette|Banette|Banettite\n|detailschange|p2a: Aggron|Aggron-Mega, L50, M\n|-mega|p2a: Aggron|Aggron|Aggronite\n|move|p2b: Incineroar|Fake Out|p1a: Goodra\n|-resisted|p1a: Goodra|1\n|-damage|p1a: Goodra|96/100\n|move|p1b: Banette|Will-O-Wisp|p2a: Aggron\n|-status|p2a: Aggron|brn\n|cant|p1a: Goodra|flinch\n|move|p2a: Aggron|Iron Defense|p2a: Aggron\n|-boost|p2a: Aggron|def|2\n|\n|-heal|p1a: Goodra|100/100|[from] item: Leftovers\n|-damage|p2a: Aggron|94/100 brn|[from] brn\n|upkeep\n|turn|2\n|inactive|gurbederbeste has 30 seconds left.\n|\n|t:|1776195147\n|move|p1b: Banette|Encore|p2a: Aggron\n|-start|p2a: Aggron|Encore\n|move|p2b: Incineroar|Darkest Lariat|p1b: Banette\n|-supereffective|p1b: Banette|1\n|-damage|p1b: Banette|10/100\n|move|p1a: Goodra|Shelter|p1a: Goodra\n|-boost|p1a: Goodra|def|2\n|move|p2a: Aggron|Iron Defense|p2a: Aggron\n|-boost|p2a: Aggron|def|2\n|\n|-damage|p2a: Aggron|88/100 brn|[from] brn\n|upkeep\n|turn|3\n|\n|t:|1776195162\n|switch|p1b: Volcarona|Volcarona, L50, F, shiny|100/100\n|move|p2b: Incineroar|Darkest Lariat|p1b: Volcarona\n|-damage|p1b: Volcarona|67/100\n|move|p1a: Goodra|Body Press|p2b: Incineroar\n|-supereffective|p2b: Incineroar|1\n|-damage|p2b: Incineroar|26/100\n|move|p2a: Aggron|Iron Defense|p2a: Aggron\n|-boost|p2a: Aggron|def|2\n|\n|-damage|p2a: Aggron|82/100 brn|[from] brn\n|upkeep\n|turn|4\n|\n|t:|1776195179\n|switch|p2b: Pelipper|Pelipper, L50, F|100/100\n|-weather|RainDance|[from] ability: Drizzle|[of] p2b: Pelipper\n|move|p1b: Volcarona|Heat Wave|p2a: Aggron|[spread] p2a,p2b\n|-supereffective|p2a: Aggron|1\n|-resisted|p2b: Pelipper|1\n|-damage|p2a: Aggron|63/100 brn\n|-damage|p2b: Pelipper|87/100\n|move|p1a: Goodra|Body Press|p2a: Aggron\n|-supereffective|p2a: Aggron|1\n|-damage|p2a: Aggron|56/100 brn\n|move|p2a: Aggron|Iron Defense|p2a: Aggron\n|-boost|p2a: Aggron|def|0\n|\n|-weather|RainDance|[upkeep]\n|-damage|p2a: Aggron|50/100 brn|[from] brn\n|-end|p2a: Aggron|Encore\n|upkeep\n|turn|5\n|inactive|gurbederbeste has 30 seconds left.\n|\n|t:|1776195206\n|switch|p2b: Sinistcha|Sinistcha, L50|100/100\n|-heal|p2a: Aggron|75/100 brn|[from] ability: Hospitality|[of] p2b: Sinistcha\n|switch|p1a: Banette|Banette-Mega, L50, M, shiny|10/100\n|move|p1b: Volcarona|Protect|p1b: Volcarona\n|-singleturn|p1b: Volcarona|Protect\n|move|p2a: Aggron|Protect||[still]\n|-fail|p2a: Aggron\n|\n|-weather|RainDance|[upkeep]\n|-damage|p2a: Aggron|68/100 brn|[from] brn\n|upkeep\n|turn|6\n|\n|t:|1776195230\n|move|p2b: Sinistcha|Rage Powder|p2b: Sinistcha\n|-singleturn|p2b: Sinistcha|move: Rage Powder\n|move|p1b: Volcarona|Heat Wave|p2a: Aggron|[spread] p2a,p2b\n|-supereffective|p2a: Aggron|1\n|-supereffective|p2b: Sinistcha|1\n|-damage|p2a: Aggron|50/100 brn\n|-damage|p2b: Sinistcha|72/100\n|move|p1a: Banette|Poltergeist|p2b: Sinistcha\n|-activate|p2b: Sinistcha|move: Poltergeist|Colbur Berry\n|-supereffective|p2b: Sinistcha|1\n|-damage|p2b: Sinistcha|0 fnt\n|faint|p2b: Sinistcha\n|move|p2a: Aggron|Body Press|p1b: Volcarona\n|-resisted|p1b: Volcarona|1\n|-damage|p1b: Volcarona|29/100\n|\n|-weather|RainDance|[upkeep]\n|-damage|p2a: Aggron|43/100 brn|[from] brn\n|upkeep\n|\n|t:|1776195249\n|switch|p2b: Pelipper|Pelipper, L50, F|87/100\n|turn|7\n|\n|t:|1776195257\n|move|p1b: Volcarona|Heat Wave|p2a: Aggron|[spread] p2b\n|-miss|p1b: Volcarona|p2a: Aggron\n|-resisted|p2b: Pelipper|1\n|-damage|p2b: Pelipper|75/100\n|-status|p2b: Pelipper|brn\n|move|p2b: Pelipper|Tailwind|p2b: Pelipper\n|-sidestart|p2: gurbederbeste|move: Tailwind\n|move|p2a: Aggron|Body Press|p1b: Volcarona\n|-resisted|p1b: Volcarona|1\n|-damage|p1b: Volcarona|0 fnt\n|faint|p1b: Volcarona\n|move|p1a: Banette|Poltergeist|p2b: Pelipper\n|-activate|p2b: Pelipper|move: Poltergeist|Focus Sash\n|-crit|p2b: Pelipper\n|-damage|p2b: Pelipper|0 fnt\n|faint|p2b: Pelipper\n|\n|-weather|RainDance|[upkeep]\n|-damage|p2a: Aggron|37/100 brn|[from] brn\n|upkeep\n|\n|t:|1776195275\n|switch|p1b: Ninetales|Ninetales-Alola, L50, M, shiny|100/100\n|switch|p2b: Incineroar|Incineroar, L50, F|26/100\n|-weather|Snowscape|[from] ability: Snow Warning|[of] p1b: Ninetales\n|-ability|p2b: Incineroar|Intimidate|boost\n|-unboost|p1a: Banette|atk|1\n|-unboost|p1b: Ninetales|atk|1\n|turn|8\n|\n|t:|1776195287\n|move|p1b: Ninetales|Protect|p1b: Ninetales\n|-singleturn|p1b: Ninetales|Protect\n|move|p2b: Incineroar|Darkest Lariat|p1a: Banette\n|-supereffective|p1a: Banette|1\n|-damage|p1a: Banette|0 fnt\n|faint|p1a: Banette\n|move|p2a: Aggron|Heavy Slam|p1b: Ninetales\n|-activate|p1b: Ninetales|move: Protect\n|\n|-weather|Snowscape|[upkeep]\n|-damage|p2a: Aggron|31/100 brn|[from] brn\n|upkeep\n|\n|t:|1776195293\n|switch|p1a: Goodra|Goodra-Hisui, L50, F|100/100\n|turn|9\n|inactive|gurbederbeste has 30 seconds left.\n|inactive|gurbederbeste has 20 seconds left.\n|\n|t:|1776195331\n|move|p1b: Ninetales|Blizzard|p2a: Aggron|[spread] p2a,p2b\n|-resisted|p2a: Aggron|1\n|-resisted|p2b: Incineroar|1\n|-damage|p2a: Aggron|21/100 brn\n|-damage|p2b: Incineroar|16/100\n|move|p2b: Incineroar|Flare Blitz|p1b: Ninetales\n|-supereffective|p1b: Ninetales|1\n|-enditem|p1b: Ninetales|Occa Berry|[eat]\n|-enditem|p1b: Ninetales|Occa Berry|[weaken]\n|-damage|p1b: Ninetales|58/100\n|-damage|p2b: Incineroar|4/100|[from] Recoil\n|move|p2a: Aggron|Heavy Slam|p1b: Ninetales\n|-supereffective|p1b: Ninetales|2\n|-damage|p1b: Ninetales|0 fnt\n|faint|p1b: Ninetales\n|move|p1a: Goodra|Body Press|p2a: Aggron\n|-supereffective|p2a: Aggron|1\n|-damage|p2a: Aggron|17/100 brn\n|\n|-weather|Snowscape|[upkeep]\n|-damage|p2a: Aggron|11/100 brn|[from] brn\n|upkeep\n|turn|10\n|\n|t:|1776195347\n|move|p2b: Incineroar|Flare Blitz|p1a: Goodra\n|-damage|p1a: Goodra|59/100\n|-damage|p2b: Incineroar|0 fnt|[from] Recoil\n|faint|p2b: Incineroar\n|move|p2a: Aggron|Body Press|p1a: Goodra\n|-supereffective|p1a: Goodra|1\n|-damage|p1a: Goodra|0 fnt\n|faint|p1a: Goodra\n|\n|win|gurbederbeste\n|raw|not name fren's rating: 1343 &rarr; <strong>1318</strong><br />(-25 for losing)\n|raw|gurbederbeste's rating: 1258 &rarr; <strong>1289</strong><br />(+31 for winning)\n|l|\u2606not name fren\n|player|p1|\n",
  "uploadtime": 1776195364,
  "views": 38,
  "formatid": "gen9championsvgc2026regma",
  "rating": 1289,
  "private": 0,
  "password": null
}