{
  "id": "gen9championsvgc2026regma-2588511302",
  "format": "[Gen 9 Champions] VGC 2026 Reg M-A",
  "players": [
    "Nightfront",
    "CJG727_"
  ],
  "log": "|j|\u2606Nightfront\n|j|\u2606CJG727_\n|html|<table width=\"100%\"><tr><td align=\"left\">Nightfront</td><td align=\"right\">CJG727_</tr><tr><td align=\"left\"><i class=\"fa fa-circle\"></i> <i class=\"fa fa-circle-o\"></i> </td><td align=\"right\"><i class=\"fa fa-circle-o\"></i> <i class=\"fa fa-circle-o\"></i> </tr></table>\n|uhtml|bestof|<h2><strong>Game 2</strong> of <a href=\"/game-bestof3-gen9championsvgc2026regma-2588508221\">a best-of-3</a></h2>\n|t:|1776640245\n|gametype|doubles\n|player|p1|Nightfront|winona-gen6|\n|player|p2|CJG727_|acetrainerf-gen4|\n|gen|9\n|tier|[Gen 9 Champions] VGC 2026 Reg M-A\n|rule|Species Clause: Limit one of each Pok\u00e9mon\n|rule|Item Clause: Limit 1 of each item\n|raw|<div class=\"infobox\"><details class=\"readmore\" open><summary><strong>1 custom rule:</strong></summary> Best of = 3</details></div>\n|clearpoke\n|poke|p1|Sneasler, L50, M|\n|poke|p1|Meowstic, L50, M|\n|poke|p1|Rotom-Fan, L50|\n|poke|p1|Goodra-Hisui, L50, F|\n|poke|p1|Venusaur, L50, F|\n|poke|p1|Mamoswine, L50, M|\n|poke|p2|Archaludon, L50, F|\n|poke|p2|Pelipper, L50, F|\n|poke|p2|Basculegion, L50, M|\n|poke|p2|Kangaskhan, L50, F|\n|poke|p2|Gallade, L50, M|\n|poke|p2|Orthworm, L50, F|\n|teampreview|4\nNightfront rejected open team sheets.\n|\n|t:|1776640270\n|teamsize|p1|4\n|teamsize|p2|4\n|start\n|switch|p1a: Meowstic|Meowstic, L50, M|100/100\n|switch|p1b: Sneasler|Sneasler, L50, M|100/100\n|switch|p2a: Kangaskhan|Kangaskhan, L50, F|100/100\n|switch|p2b: Pelipper|Pelipper, L50, F|100/100\n|-weather|RainDance|[from] ability: Drizzle|[of] p2b: Pelipper\n|turn|1\n|\n|t:|1776640299\n|move|p1b: Sneasler|Fake Out|p2b: Pelipper\n|-crit|p2b: Pelipper\n|-damage|p2b: Pelipper|73/100\n|move|p2a: Kangaskhan|Fake Out|p1a: Meowstic\n|-damage|p1a: Meowstic|80/100\n|cant|p1a: Meowstic|flinch\n|cant|p2b: Pelipper|flinch\n|\n|-weather|RainDance|[upkeep]\n|upkeep\n|turn|2\n|\n|t:|1776640316\n|detailschange|p2a: Kangaskhan|Kangaskhan-Mega, L50, F\n|-mega|p2a: Kangaskhan|Kangaskhan|Kangaskhanite\n|move|p1a: Meowstic|Light Screen|p1a: Meowstic\n|-sidestart|p1: Nightfront|move: Light Screen\n|move|p1b: Sneasler|Close Combat|p2a: Kangaskhan\n|-supereffective|p2a: Kangaskhan|1\n|-damage|p2a: Kangaskhan|0 fnt\n|-unboost|p1b: Sneasler|def|1\n|-unboost|p1b: Sneasler|spd|1\n|faint|p2a: Kangaskhan\n|-enditem|p1b: Sneasler|White Herb\n|-clearnegativeboost|p1b: Sneasler|[silent]\n|move|p2b: Pelipper|Hurricane|p1b: Sneasler\n|-supereffective|p1b: Sneasler|1\n|-damage|p1b: Sneasler|26/100\n|-start|p1b: Sneasler|confusion\n|\n|-weather|RainDance|[upkeep]\n|upkeep\n|\n|t:|1776640330\n|switch|p2a: Basculegion|Basculegion, L50, M|100/100\n|turn|3\n|\n|t:|1776640342\n|move|p2a: Basculegion|Aqua Jet|p1b: Sneasler\n|-damage|p1b: Sneasler|0 fnt\n|faint|p1b: Sneasler\n|move|p1a: Meowstic|Reflect|p1a: Meowstic\n|-sidestart|p1: Nightfront|Reflect\n|move|p2b: Pelipper|Tailwind|p2b: Pelipper\n|-sidestart|p2: CJG727_|move: Tailwind\n|\n|-weather|RainDance|[upkeep]\n|upkeep\n|\n|t:|1776640350\n|switch|p1b: Rotom|Rotom-Fan, L50|100/100\n|turn|4\n|\n|t:|1776640368\n|move|p2b: Pelipper|Protect|p2b: Pelipper\n|-singleturn|p2b: Pelipper|Protect\n|move|p1a: Meowstic|Charm|p2a: Basculegion\n|-unboost|p2a: Basculegion|atk|2\n|move|p2a: Basculegion|Flip Turn|p1b: Rotom\n|-damage|p1b: Rotom|80/100\n|\n|t:|1776640376\n|switch|p2a: Archaludon|Archaludon, L50, F|100/100|[from] Flip Turn\n|move|p1b: Rotom|Thunderbolt|p2b: Pelipper\n|-activate|p2b: Pelipper|move: Protect\n|\n|-weather|RainDance|[upkeep]\n|upkeep\n|turn|5\n|\n|t:|1776640390\n|move|p2a: Archaludon|Electro Shot||[still]\n|-prepare|p2a: Archaludon|Electro Shot\n|-boost|p2a: Archaludon|spa|1\n|-anim|p2a: Archaludon|Electro Shot|p1b: Rotom\n|-damage|p1b: Rotom|36/100\n|move|p2b: Pelipper|Weather Ball|p1b: Rotom\n|-damage|p1b: Rotom|0 fnt\n|faint|p1b: Rotom\n|move|p1a: Meowstic|Psychic|p2b: Pelipper\n|-damage|p2b: Pelipper|28/100\n|\n|-weather|none\n|upkeep\n|\n|t:|1776640397\n|switch|p1b: Goodra|Goodra-Hisui, L50, F|100/100\n|turn|6\n|\n|t:|1776640408\n|switch|p2b: Basculegion|Basculegion, L50, M|100/100\n|move|p2a: Archaludon|Protect|p2a: Archaludon\n|-singleturn|p2a: Archaludon|Protect\n|move|p1a: Meowstic|Psychic|p2b: Basculegion\n|-damage|p2b: Basculegion|70/100\n|move|p1b: Goodra|Shelter|p1b: Goodra\n|-boost|p1b: Goodra|def|2\n|\n|-sideend|p1: Nightfront|move: Light Screen\n|-sideend|p2: CJG727_|move: Tailwind\n|upkeep\n|turn|7\n|\n|t:|1776640429\n|switch|p2b: Pelipper|Pelipper, L50, F|28/100\n|-weather|RainDance|[from] ability: Drizzle|[of] p2b: Pelipper\n|move|p1a: Meowstic|Light Screen|p1a: Meowstic\n|-sidestart|p1: Nightfront|move: Light Screen\n|move|p2a: Archaludon|Electro Shot||[still]\n|-prepare|p2a: Archaludon|Electro Shot\n|-boost|p2a: Archaludon|spa|1\n|-anim|p2a: Archaludon|Electro Shot|p1a: Meowstic\n|-damage|p1a: Meowstic|31/100\n|move|p1b: Goodra|Shelter|p1b: Goodra\n|-boost|p1b: Goodra|def|2\n|\n|-weather|RainDance|[upkeep]\n|-sideend|p1: Nightfront|Reflect\n|upkeep\n|turn|8\n|\n|t:|1776640452\n|move|p1a: Meowstic|Reflect|p1a: Meowstic\n|-sidestart|p1: Nightfront|Reflect\n|move|p2a: Archaludon|Electro Shot||[still]\n|-prepare|p2a: Archaludon|Electro Shot\n|-boost|p2a: Archaludon|spa|1\n|-anim|p2a: Archaludon|Electro Shot|p1a: Meowstic\n|-damage|p1a: Meowstic|0 fnt\n|faint|p1a: Meowstic\n|move|p2b: Pelipper|Hurricane|p1b: Goodra\n|-resisted|p1b: Goodra|1\n|-damage|p1b: Goodra|90/100\n|move|p1b: Goodra|Body Press|p2b: Pelipper\n|-resisted|p2b: Pelipper|1\n|-damage|p2b: Pelipper|0 fnt\n|faint|p2b: Pelipper\n|\n|-weather|RainDance|[upkeep]\n|-heal|p1b: Goodra|96/100|[from] item: Leftovers\n|upkeep\n|\n|t:|1776640465\n|switch|p2b: Basculegion|Basculegion, L50, M|70/100\n|turn|9\n|\n|t:|1776640484\n|move|p2a: Archaludon|Protect|p2a: Archaludon\n|-singleturn|p2a: Archaludon|Protect\n|move|p2b: Basculegion|Last Respects|p1b: Goodra\n|-damage|p1b: Goodra|84/100\n|move|p1b: Goodra|Body Press|p2a: Archaludon\n|-activate|p2a: Archaludon|move: Protect\n|\n|-weather|RainDance|[upkeep]\n|-heal|p1b: Goodra|90/100|[from] item: Leftovers\n|upkeep\n|turn|10\n|\n|t:|1776640500\n|move|p2b: Basculegion|Last Respects|p1b: Goodra\n|-damage|p1b: Goodra|78/100\n|move|p2a: Archaludon|Draco Meteor|p1b: Goodra\n|-damage|p1b: Goodra|21/100\n|-unboost|p2a: Archaludon|spa|2\n|move|p1b: Goodra|Body Press|p2a: Archaludon\n|-supereffective|p2a: Archaludon|1\n|-enditem|p2a: Archaludon|Chople Berry|[eat]\n|-enditem|p2a: Archaludon|Chople Berry|[weaken]\n|-damage|p2a: Archaludon|54/100\n|\n|-weather|RainDance|[upkeep]\n|-heal|p1b: Goodra|27/100|[from] item: Leftovers\n|upkeep\n|turn|11\n|\n|t:|1776640516\n|move|p2b: Basculegion|Last Respects|p1b: Goodra\n|-damage|p1b: Goodra|15/100\n|move|p2a: Archaludon|Draco Meteor|p1b: Goodra\n|-damage|p1b: Goodra|0 fnt\n|-unboost|p2a: Archaludon|spa|2\n|faint|p1b: Goodra\n|\n|win|CJG727_\n||Nightfront is ready for game 3.\n||CJG727_ is ready for game 3.\n|uhtml|next|Next: <a href=\"/battle-gen9championsvgc2026regma-2588514129\"><strong>Game 3 of 3</strong></a>\n",
  "uploadtime": 1776640935,
  "views": 7,
  "formatid": "gen9championsvgc2026regma",
  "rating": null,
  "private": 0,
  "password": null
}