{
  "id": "gen9championsvgc2026regma-2589574607",
  "format": "[Gen 9 Champions] VGC 2026 Reg M-A",
  "players": [
    "brand rats",
    "Whatupdog1"
  ],
  "log": "|j|\u2606brand rats\n|j|\u2606Whatupdog1\n|t:|1776735509\n|gametype|doubles\n|player|p1|brand rats|winona|1093\n|player|p2|Whatupdog1|2|1173\n|gen|9\n|tier|[Gen 9 Champions] VGC 2026 Reg M-A\n|rated|\n|rule|Species Clause: Limit one of each Pok\u00e9mon\n|rule|Item Clause: Limit 1 of each item\n|clearpoke\n|poke|p1|Tsareena, L50, F|\n|poke|p1|Zoroark-Hisui, L50, M|\n|poke|p1|Meowstic-F, L50, F|\n|poke|p1|Klefki, L50, M|\n|poke|p1|Blastoise, L50, M|\n|poke|p1|Incineroar, L50, F|\n|poke|p2|Palafin, L50, M, shiny|\n|poke|p2|Basculegion, L50, M, shiny|\n|poke|p2|Archaludon, L50, F, shiny|\n|poke|p2|Pelipper, L50, F, shiny|\n|poke|p2|Delphox, L50, M, shiny|\n|poke|p2|Meganium, L50, F, shiny|\n|teampreview|4\nWhatupdog1 rejected open team sheets.\n|inactive|Battle timer is ON: inactive players will automatically lose when time's up. (requested by Whatupdog1)\n|\n|t:|1776735551\n|teamsize|p1|4\n|teamsize|p2|4\n|start\n|switch|p1a: Meowstic|Meowstic-F, L50, F|100/100\n|switch|p1b: Klefki|Klefki, L50, M|100/100\n|switch|p2a: Palafin|Palafin, L50, M, shiny|100/100\n|switch|p2b: Archaludon|Archaludon, L50, F, shiny|100/100\n|turn|1\n|\n|t:|1776735575\n|move|p1b: Klefki|Light Screen|p1b: Klefki\n|-sidestart|p1: brand rats|move: Light Screen\n|move|p1a: Meowstic|Alluring Voice|p2b: Archaludon\n|-damage|p2b: Archaludon|66/100\n|-ability|p2b: Archaludon|Stamina|boost\n|-boost|p2b: Archaludon|def|1\n|move|p2a: Palafin|Flip Turn|p1b: Klefki\n|-damage|p1b: Klefki|78/100\n|\n|t:|1776735582\n|detailschange|p2a: Palafin|Palafin-Hero, L50, M, shiny\n|switch|p2a: Pelipper|Pelipper, L50, F, shiny|100/100|[from] Flip Turn\n|-weather|RainDance|[from] ability: Drizzle|[of] p2a: Pelipper\n|move|p2b: Archaludon|Electro Shot||[still]\n|-prepare|p2b: Archaludon|Electro Shot\n|-boost|p2b: Archaludon|spa|1\n|-anim|p2b: Archaludon|Electro Shot|p1a: Meowstic\n|-damage|p1a: Meowstic|41/100\n|\n|-weather|RainDance|[upkeep]\n|upkeep\n|turn|2\n|inactive|brand rats has 30 seconds left.\n|inactive|Whatupdog1 has 30 seconds left.\n|\n|t:|1776735613\n|move|p1a: Meowstic|Protect|p1a: Meowstic\n|-singleturn|p1a: Meowstic|Protect\n|move|p1b: Klefki|Thunder Wave|p2b: Archaludon\n|-status|p2b: Archaludon|par\n|move|p2a: Pelipper|Tailwind|p2a: Pelipper\n|-sidestart|p2: Whatupdog1|move: Tailwind\n|move|p2b: Archaludon|Electro Shot||[still]\n|-prepare|p2b: Archaludon|Electro Shot\n|-boost|p2b: Archaludon|spa|1\n|-anim|p2b: Archaludon|Electro Shot|p1b: Klefki\n|-damage|p1b: Klefki|8/100\n|\n|-weather|RainDance|[upkeep]\n|upkeep\n|turn|3\n|inactive|Whatupdog1 has 30 seconds left.\n|\n|t:|1776735639\n|move|p1b: Klefki|Thunder Wave|p2a: Pelipper\n|-status|p2a: Pelipper|par\n|move|p1a: Meowstic|Alluring Voice|p2b: Archaludon\n|-crit|p2b: Archaludon\n|-damage|p2b: Archaludon|17/100 par\n|-ability|p2b: Archaludon|Stamina|boost\n|-boost|p2b: Archaludon|def|1\n|move|p2b: Archaludon|Electro Shot||[still]\n|-prepare|p2b: Archaludon|Electro Shot\n|-boost|p2b: Archaludon|spa|1\n|-anim|p2b: Archaludon|Electro Shot|p1a: Meowstic\n|-damage|p1a: Meowstic|0 fnt\n|faint|p1a: Meowstic\n|move|p2a: Pelipper|Weather Ball|p1b: Klefki\n|-damage|p1b: Klefki|0 fnt\n|faint|p1b: Klefki\n|\n|-weather|RainDance|[upkeep]\n|upkeep\n|\n|t:|1776735650\n|switch|p1a: Blastoise|Blastoise, L50, M|100/100\n|switch|p1b: Tsareena|Tsareena, L50, F|100/100\n|turn|4\n|inactive|brand rats has 30 seconds left.\n|\n|t:|1776735683\n|detailschange|p1a: Blastoise|Blastoise-Mega, L50, M\n|-mega|p1a: Blastoise|Blastoise|Blastoisinite\n|cant|p2b: Archaludon|par\n|move|p1a: Blastoise|Aura Sphere|p2b: Archaludon\n|-supereffective|p2b: Archaludon|1\n|-damage|p2b: Archaludon|0 fnt\n|faint|p2b: Archaludon\n|cant|p2a: Pelipper|par\n|move|p1b: Tsareena|Trop Kick|p2a: Pelipper\n|-damage|p2a: Pelipper|46/100 par\n|-unboost|p2a: Pelipper|atk|1\n|\n|-weather|RainDance|[upkeep]\n|upkeep\n|\n|t:|1776735693\n|switch|p2b: Meganium|Meganium, L50, F, shiny|100/100\n|turn|5\n|\n|t:|1776735714\n|detailschange|p2b: Meganium|Meganium-Mega, L50, F, shiny\n|-mega|p2b: Meganium|Meganium|Meganiumite\n|move|p2b: Meganium|Solar Beam||[still]\n|-prepare|p2b: Meganium|Solar Beam\n|-activate|p2b: Meganium|ability: Mega Sol\n|-anim|p2b: Meganium|Solar Beam|p1a: Blastoise\n|-supereffective|p1a: Blastoise|1\n|-damage|p1a: Blastoise|10/100\n|move|p1a: Blastoise|Shell Smash|p1a: Blastoise\n|-unboost|p1a: Blastoise|def|1\n|-unboost|p1a: Blastoise|spd|1\n|-boost|p1a: Blastoise|atk|2\n|-boost|p1a: Blastoise|spa|2\n|-boost|p1a: Blastoise|spe|2\n|cant|p2a: Pelipper|par\n|move|p1b: Tsareena|Trop Kick|p2a: Pelipper\n|-damage|p2a: Pelipper|0 fnt\n|faint|p2a: Pelipper\n|\n|-weather|none\n|-sideend|p1: brand rats|move: Light Screen\n|-sideend|p2: Whatupdog1|move: Tailwind\n|upkeep\n|\n|t:|1776735729\n|switch|p2a: Palafin|Palafin-Hero, L50, M, shiny|100/100\n|-activate|p2a: Palafin|ability: Zero to Hero\n|turn|6\n|inactive|brand rats has 30 seconds left.\n|\n|t:|1776735763\n|move|p2a: Palafin|Jet Punch||[still]\n|cant|p1b: Tsareena|ability: Queenly Majesty|Jet Punch|[of] p2a: Palafin\n|move|p1a: Blastoise|Water Pulse|p2b: Meganium\n|-resisted|p2b: Meganium|1\n|-damage|p2b: Meganium|50/100\n|move|p2b: Meganium|Weather Ball|p1b: Tsareena\n|-supereffective|p1b: Tsareena|1\n|-enditem|p1b: Tsareena|Occa Berry|[eat]\n|-enditem|p1b: Tsareena|Occa Berry|[weaken]\n|-damage|p1b: Tsareena|46/100\n|move|p1b: Tsareena|U-turn|p2b: Meganium\n|-damage|p2b: Meganium|28/100\n|\n|upkeep\n|turn|7\n|inactive|Whatupdog1 has 30 seconds left.\n|\n|t:|1776735791\n|move|p2b: Meganium|Protect|p2b: Meganium\n|-singleturn|p2b: Meganium|Protect\n|move|p1a: Blastoise|Water Pulse|p2b: Meganium\n|-activate|p2b: Meganium|move: Protect\n|move|p2a: Palafin|Ice Punch|p1b: Tsareena\n|-supereffective|p1b: Tsareena|1\n|-damage|p1b: Tsareena|0 fnt\n|faint|p1b: Tsareena\n|\n|upkeep\n|turn|8\n|\n|t:|1776735807\n|move|p1a: Blastoise|Dark Pulse|p2a: Palafin\n|-damage|p2a: Palafin|0 fnt\n|faint|p2a: Palafin\n|move|p2b: Meganium|Solar Beam||[still]\n|-prepare|p2b: Meganium|Solar Beam\n|-activate|p2b: Meganium|ability: Mega Sol\n|-anim|p2b: Meganium|Solar Beam|p1a: Blastoise\n|-supereffective|p1a: Blastoise|1\n|-damage|p1a: Blastoise|0 fnt\n|faint|p1a: Blastoise\n|\n|win|Whatupdog1\n|raw|brand rats's rating: 1093 &rarr; <strong>1074</strong><br />(-19 for losing)\n|raw|Whatupdog1's rating: 1173 &rarr; <strong>1192</strong><br />(+19 for winning)\n|l|\u2606Whatupdog1\n|player|p2|\n",
  "uploadtime": 1776736058,
  "views": 3,
  "formatid": "gen9championsvgc2026regma",
  "rating": 1074,
  "private": 0,
  "password": null
}