{
  "id": "gen9championsvgc2026regma-2581664515",
  "format": "[Gen 9 Champions] VGC 2026 Reg M-A",
  "players": [
    "SimMikaze",
    "liiiiiiiiiiiiiii"
  ],
  "log": "|j|\u2606SimMikaze\n|j|\u2606liiiiiiiiiiiiiii\n|t:|1776019029\n|gametype|doubles\n|player|p1|SimMikaze|miku-ghost|1182\n|player|p2|liiiiiiiiiiiiiii|lusamine-nihilego|1230\n|gen|9\n|tier|[Gen 9 Champions] VGC 2026 Reg M-A\n|rated|\n|rule|Species Clause: Limit one of each Pok\u00e9mon\n|rule|Item Clause: Limit 1 of each item\n|clearpoke\n|poke|p1|Hawlucha, L50, M|\n|poke|p1|Snorlax, L50, M|\n|poke|p1|Excadrill, L50, M|\n|poke|p1|Tyranitar, L50, M|\n|poke|p1|Sinistcha, L50|\n|poke|p1|Basculegion, L50, M|\n|poke|p2|Aerodactyl, L50, F|\n|poke|p2|Lycanroc-Dusk, L50, M|\n|poke|p2|Sneasler, L50, M|\n|poke|p2|Farigiraf, L50, M|\n|poke|p2|Primarina, L50, M|\n|poke|p2|Sinistcha, L50|\n|teampreview|4\n|\n|t:|1776019066\n|teamsize|p1|4\n|teamsize|p2|4\n|start\n|switch|p1a: Hawlucha|Hawlucha, L50, M|100/100\n|switch|p1b: Snorlax|Snorlax, L50, M|100/100\n|switch|p2a: Lycanroc|Lycanroc-Dusk, L50, M|100/100\n|switch|p2b: Primarina|Primarina, L50, M|100/100\n|turn|1\n|\n|t:|1776019090\n|detailschange|p1a: Hawlucha|Hawlucha-Mega, L50, M\n|-mega|p1a: Hawlucha|Hawlucha|Hawluchanite\n|move|p2a: Lycanroc|Taunt|p1a: Hawlucha\n|-start|p1a: Hawlucha|move: Taunt\n|cant|p1a: Hawlucha|move: Taunt|Entrainment\n|move|p2b: Primarina|Calm Mind|p2b: Primarina\n|-boost|p2b: Primarina|spa|1\n|-boost|p2b: Primarina|spd|1\n|move|p1b: Snorlax|Fissure|p2b: Primarina\n|-damage|p2b: Primarina|0 fnt\n|faint|p2b: Primarina\n|-ohko\n|\n|upkeep\n|\n|t:|1776019104\n|switch|p2b: Sneasler|Sneasler, L50, M|100/100\n|turn|2\n|\n|t:|1776019127\n|switch|p1b: Basculegion|Basculegion, L50, M|100/100\n|move|p2b: Sneasler|Fake Out|p1a: Hawlucha\n|-damage|p1a: Hawlucha|84/100\n|move|p2a: Lycanroc|Close Combat|p1b: Basculegion\n|-immune|p1b: Basculegion\n|cant|p1a: Hawlucha|flinch\n|\n|upkeep\n|turn|3\n|\n|t:|1776019162\n|switch|p1a: Snorlax|Snorlax, L50, M|100/100\n|move|p1b: Basculegion|Flip Turn|p2a: Lycanroc\n|-supereffective|p2a: Lycanroc|1\n|-enditem|p2a: Lycanroc|Focus Sash\n|-damage|p2a: Lycanroc|1/100\n|\n|t:|1776019169\n|switch|p1b: Hawlucha|Hawlucha-Mega, L50, M|84/100|[from] Flip Turn\n|move|p2a: Lycanroc|Close Combat|p1a: Snorlax\n|-supereffective|p1a: Snorlax|1\n|-damage|p1a: Snorlax|32/100\n|-unboost|p2a: Lycanroc|def|1\n|-unboost|p2a: Lycanroc|spd|1\n|move|p2b: Sneasler|Dire Claw|p1a: Snorlax\n|-damage|p1a: Snorlax|2/100\n|\n|-heal|p1a: Snorlax|8/100|[from] item: Leftovers\n|upkeep\n|turn|4\n|\n|t:|1776019195\n|move|p2a: Lycanroc|Endeavor|p1b: Hawlucha\n|-damage|p1b: Hawlucha|1/100\n|move|p1b: Hawlucha|High Jump Kick|p2a: Lycanroc\n|-supereffective|p2a: Lycanroc|1\n|-damage|p2a: Lycanroc|0 fnt\n|faint|p2a: Lycanroc\n|move|p2b: Sneasler|Close Combat|p1a: Snorlax\n|-supereffective|p1a: Snorlax|1\n|-damage|p1a: Snorlax|0 fnt\n|-unboost|p2b: Sneasler|def|1\n|-unboost|p2b: Sneasler|spd|1\n|faint|p1a: Snorlax\n|-enditem|p2b: Sneasler|White Herb\n|-clearnegativeboost|p2b: Sneasler|[silent]\n|\n|upkeep\n|\n|t:|1776019206\n|switch|p2a: Sinistcha|Sinistcha, L50|100/100\n|switch|p1a: Sinistcha|Sinistcha, L50|100/100\n|-heal|p1b: Hawlucha|26/100|[from] ability: Hospitality|[of] p1a: Sinistcha\n|turn|5\n|\n|t:|1776019230\n|move|p2a: Sinistcha|Rage Powder|p2a: Sinistcha\n|-singleturn|p2a: Sinistcha|move: Rage Powder\n|move|p1a: Sinistcha|Rage Powder|p1a: Sinistcha\n|-singleturn|p1a: Sinistcha|move: Rage Powder\n|move|p2b: Sneasler|Dire Claw|p1a: Sinistcha\n|-damage|p1a: Sinistcha|59/100\n|move|p1b: Hawlucha|Dual Wingbeat|p2a: Sinistcha\n|-supereffective|p2a: Sinistcha|1\n|-damage|p2a: Sinistcha|69/100\n|-supereffective|p2a: Sinistcha|1\n|-damage|p2a: Sinistcha|38/100\n|-enditem|p2a: Sinistcha|Sitrus Berry|[eat]\n|-heal|p2a: Sinistcha|62/100|[from] item: Sitrus Berry\n|-hitcount|p2a: Sinistcha|2\n|\n|upkeep\n|turn|6\n|\n|t:|1776019246\n|move|p1a: Sinistcha|Rage Powder|p1a: Sinistcha\n|-singleturn|p1a: Sinistcha|move: Rage Powder\n|move|p2b: Sneasler|Dire Claw|p1a: Sinistcha\n|-damage|p1a: Sinistcha|17/100\n|-enditem|p1a: Sinistcha|Sitrus Berry|[eat]\n|-heal|p1a: Sinistcha|42/100|[from] item: Sitrus Berry\n|move|p1b: Hawlucha|Dual Wingbeat|p2b: Sneasler\n|-supereffective|p2b: Sneasler|1\n|-damage|p2b: Sneasler|33/100\n|-supereffective|p2b: Sneasler|1\n|-damage|p2b: Sneasler|0 fnt\n|faint|p2b: Sneasler\n|-hitcount|p2: Sneasler|2\n|move|p2a: Sinistcha|Strength Sap|p1b: Hawlucha\n|-unboost|p1b: Hawlucha|atk|1\n|-heal|p2a: Sinistcha|100/100\n|\n|upkeep\n|turn|7\n|\n|t:|1776019262\n|move|p1b: Hawlucha|Dual Wingbeat|p2a: Sinistcha\n|-supereffective|p2a: Sinistcha|1\n|-damage|p2a: Sinistcha|79/100\n|-supereffective|p2a: Sinistcha|1\n|-damage|p2a: Sinistcha|58/100\n|-hitcount|p2a: Sinistcha|2\n|move|p2a: Sinistcha|Matcha Gotcha|p1b: Hawlucha|[spread] p1b\n|-miss|p2a: Sinistcha|p1a: Sinistcha\n|-resisted|p1b: Hawlucha|1\n|-damage|p1b: Hawlucha|14/100\n|-heal|p2a: Sinistcha|64/100|[from] drain|[of] p1b: Hawlucha\n|-status|p1b: Hawlucha|brn\n|move|p1a: Sinistcha|Life Dew|p1a: Sinistcha|[spread] p1a,p1b\n|-heal|p1a: Sinistcha|67/100\n|-heal|p1b: Hawlucha|39/100 brn\n|\n|-damage|p1b: Hawlucha|33/100 brn|[from] brn\n|upkeep\n|turn|8\n|-message|liiiiiiiiiiiiiii forfeited.\n|\n|win|SimMikaze\n|raw|SimMikaze's rating: 1182 &rarr; <strong>1210</strong><br />(+28 for winning)\n|raw|liiiiiiiiiiiiiii's rating: 1230 &rarr; <strong>1202</strong><br />(-28 for losing)\n|l|\u2606liiiiiiiiiiiiiii\n|player|p2|\n",
  "uploadtime": 1776019275,
  "views": 21,
  "formatid": "gen9championsvgc2026regma",
  "rating": 1202,
  "private": 0,
  "password": null
}