{
  "id": "gen9championsvgc2026regma-2587830367",
  "format": "[Gen 9 Champions] VGC 2026 Reg M-A",
  "players": [
    "W0kMeDed",
    "Frostoren"
  ],
  "log": "|j|\u2606W0kMeDed\n|j|\u2606Frostoren\n|t:|1776568390\n|gametype|doubles\n|player|p1|W0kMeDed|palmer|1462\n|player|p2|Frostoren|265|1439\n|gen|9\n|tier|[Gen 9 Champions] VGC 2026 Reg M-A\n|rated|\n|rule|Species Clause: Limit one of each Pok\u00e9mon\n|rule|Item Clause: Limit 1 of each item\n|clearpoke\n|poke|p1|Hawlucha, L50, M|\n|poke|p1|Salazzle, L50, F, shiny|\n|poke|p1|Hydreigon, L50, M|\n|poke|p1|Rotom-Wash, L50|\n|poke|p1|Aegislash, L50, M, shiny|\n|poke|p1|Sinistcha, L50|\n|poke|p2|Mimikyu, L50, M|\n|poke|p2|Meganium, L50, M|\n|poke|p2|Politoed, L50, M|\n|poke|p2|Incineroar, L50, M|\n|poke|p2|Basculegion-F, L50, F|\n|poke|p2|Corviknight, L50, F|\n|teampreview|4\n|\n|t:|1776568428\n|teamsize|p1|4\n|teamsize|p2|4\n|start\n|switch|p1a: Cissia|Salazzle, L50, F, shiny|100/100\n|switch|p1b: Calamitas|Hydreigon, L50, M|100/100\n|switch|p2a: Mimikyu|Mimikyu, L50, M|100/100\n|switch|p2b: Basculegion|Basculegion-F, L50, F|100/100\n|turn|1\n|\n|t:|1776568446\n|move|p2b: Basculegion|Protect|p2b: Basculegion\n|-singleturn|p2b: Basculegion|Protect\n|move|p1a: Cissia|Sludge Bomb|p2a: Mimikyu\n|-activate|p2a: Mimikyu|ability: Disguise\n|-damage|p2a: Mimikyu|100/100\n|-status|p2a: Mimikyu|psn\n|-enditem|p2a: Mimikyu|Lum Berry|[eat]\n|-curestatus|p2a: Mimikyu|psn|[msg]\n|detailschange|p2a: Mimikyu|Mimikyu-Busted, L50, M\n|-damage|p2a: Mimikyu|88/100|[from] pokemon: Mimikyu-Busted\n|move|p1b: Calamitas|Dark Pulse|p2a: Mimikyu\n|-damage|p2a: Mimikyu|46/100\n|cant|p2a: Mimikyu|flinch\n|\n|upkeep\n|turn|2\n|\n|t:|1776568468\n|move|p2a: Mimikyu|Shadow Sneak|p1a: Cissia\n|-damage|p1a: Cissia|83/100\n|move|p1a: Cissia|Sludge Bomb|p2a: Mimikyu\n|-damage|p2a: Mimikyu|14/100\n|-status|p2a: Mimikyu|psn\n|move|p1b: Calamitas|Dark Pulse|p2a: Mimikyu\n|-damage|p2a: Mimikyu|0 fnt\n|faint|p2a: Mimikyu\n|move|p2b: Basculegion|Muddy Water|p1b: Calamitas|[spread] p1a,p1b\n|-supereffective|p1a: Cissia|1\n|-resisted|p1b: Calamitas|1\n|-damage|p1a: Cissia|0 fnt\n|-damage|p1b: Calamitas|71/100\n|faint|p1a: Cissia\n|\n|upkeep\n|\n|t:|1776568483\n|switch|p1a: BOOYAKA|Hawlucha, L50, M|100/100\n|switch|p2a: Meganium|Meganium, L50, M|100/100\n|turn|3\n|\n|t:|1776568494\n|switch|p2b: Incineroar|Incineroar, L50, M|100/100\n|-ability|p2b: Incineroar|Intimidate|boost\n|-unboost|p1a: BOOYAKA|atk|1\n|-unboost|p1b: Calamitas|atk|1\n|detailschange|p1a: BOOYAKA|Hawlucha-Mega, L50, M\n|-mega|p1a: BOOYAKA|Hawlucha|Hawluchanite\n|detailschange|p2a: Meganium|Meganium-Mega, L50, M\n|-mega|p2a: Meganium|Meganium|Meganiumite\n|move|p1a: BOOYAKA|Dual Wingbeat|p2a: Meganium\n|-supereffective|p2a: Meganium|1\n|-damage|p2a: Meganium|74/100\n|-supereffective|p2a: Meganium|1\n|-damage|p2a: Meganium|47/100\n|-hitcount|p2a: Meganium|2\n|move|p1b: Calamitas|Dark Pulse|p2b: Incineroar\n|-resisted|p2b: Incineroar|1\n|-damage|p2b: Incineroar|84/100\n|move|p2a: Meganium|Dazzling Gleam|p1b: Calamitas|[spread] p1a,p1b\n|-supereffective|p1a: BOOYAKA|1\n|-supereffective|p1b: Calamitas|2\n|-damage|p1a: BOOYAKA|10/100\n|-damage|p1b: Calamitas|0 fnt\n|faint|p1b: Calamitas\n|\n|upkeep\n|\n|t:|1776568508\n|switch|p1b: Hexcalibur|Aegislash, L50, M, shiny|100/100\n|turn|4\n|\n|t:|1776568533\n|move|p1a: BOOYAKA|Detect|p1a: BOOYAKA\n|-singleturn|p1a: BOOYAKA|Protect\n|move|p2a: Meganium|Weather Ball|p1b: Hexcalibur\n|-supereffective|p1b: Hexcalibur|1\n|-damage|p1b: Hexcalibur|0 fnt\n|faint|p1b: Hexcalibur\n|move|p2b: Incineroar|Parting Shot|p1a: BOOYAKA\n|-activate|p1a: BOOYAKA|move: Protect\n|\n|upkeep\n|turn|5\n|\n|t:|1776568542\n|move|p1a: BOOYAKA|Dual Wingbeat|p2a: Meganium\n|-supereffective|p2a: Meganium|1\n|-damage|p2a: Meganium|23/100\n|-supereffective|p2a: Meganium|1\n|-damage|p2a: Meganium|0 fnt\n|faint|p2a: Meganium\n|-hitcount|p2: Meganium|2\n|move|p2b: Incineroar|Flare Blitz|p1a: BOOYAKA\n|-damage|p1a: BOOYAKA|0 fnt\n|faint|p1a: BOOYAKA\n|-damage|p2b: Incineroar|82/100|[from] Recoil\n|\n|win|Frostoren\n|raw|W0kMeDed's rating: 1462 &rarr; <strong>1441</strong><br />(-21 for losing)\n|raw|Frostoren's rating: 1439 &rarr; <strong>1460</strong><br />(+21 for winning)\n|l|\u2606W0kMeDed\n|player|p1|\n|l|\u2606Frostoren\n|player|p2|\n",
  "uploadtime": 1776568556,
  "views": 15,
  "formatid": "gen9championsvgc2026regma",
  "rating": 1441,
  "private": 0,
  "password": null
}