{
  "id": "gen9championsvgc2026regma-2587687537",
  "format": "[Gen 9 Champions] VGC 2026 Reg M-A",
  "players": [
    "Jrmoore896",
    "frexkul"
  ],
  "log": "|j|\u2606Jrmoore896\n|j|\u2606frexkul\n|t:|1776553974\n|gametype|doubles\n|player|p1|Jrmoore896|red|1116\n|player|p2|frexkul|psychicf-gen4|1088\n|gen|9\n|tier|[Gen 9 Champions] VGC 2026 Reg M-A\n|rated|\n|rule|Species Clause: Limit one of each Pok\u00e9mon\n|rule|Item Clause: Limit 1 of each item\n|clearpoke\n|poke|p1|Pelipper, L50, M|\n|poke|p1|Dragonite, L50, M, shiny|\n|poke|p1|Basculegion, L50, M|\n|poke|p1|Rotom-Heat, L50, shiny|\n|poke|p1|Archaludon, L50, M, shiny|\n|poke|p1|Sneasler, L50, M|\n|poke|p2|Glimmora, L50, F|\n|poke|p2|Ninetales-Alola, L50, M|\n|poke|p2|Gyarados, L50, M, shiny|\n|poke|p2|Corviknight, L50, M|\n|poke|p2|Garchomp, L50, F|\n|poke|p2|Volcarona, L50, F|\n|teampreview|4\n|inactive|Battle timer is ON: inactive players will automatically lose when time's up. (requested by frexkul)\n|inactive|frexkul has 60 seconds left.\nJrmoore896 rejected open team sheets.\n|\n|t:|1776554030\n|teamsize|p1|4\n|teamsize|p2|4\n|start\n|switch|p1a: Basculegion|Basculegion, L50, M|100/100\n|switch|p1b: Rotom|Rotom-Heat, L50, shiny|100/100\n|switch|p2a: Ninetales|Ninetales-Alola, L50, M|100/100\n|switch|p2b: Garchomp|Garchomp, L50, F|100/100\n|-weather|Snowscape|[from] ability: Snow Warning|[of] p2a: Ninetales\n|turn|1\n|inactive|Jrmoore896 has 30 seconds left.\n|inactive|frexkul has 30 seconds left.\n|\n|t:|1776554061\n|move|p2b: Garchomp|Rock Slide|p1b: Rotom|[spread] p1a,p1b\n|-supereffective|p1b: Rotom|1\n|-damage|p1a: Basculegion|77/100\n|-damage|p1b: Rotom|46/100\n|move|p1b: Rotom|Overheat|p2a: Ninetales\n|-supereffective|p2a: Ninetales|1\n|-enditem|p2a: Ninetales|Focus Sash\n|-damage|p2a: Ninetales|1/100\n|-unboost|p1b: Rotom|spa|2\n|move|p2a: Ninetales|Aurora Veil|p2a: Ninetales\n|-sidestart|p2: frexkul|move: Aurora Veil\n|move|p1a: Basculegion|Flip Turn|p2b: Garchomp\n|-damage|p2b: Garchomp|77/100\n|-damage|p1a: Basculegion|65/100|[from] ability: Rough Skin|[of] p2b: Garchomp\n|\n|t:|1776554079\n|switch|p1a: Archaludon|Archaludon, L50, M, shiny|100/100|[from] Flip Turn\n|\n|-weather|Snowscape|[upkeep]\n|upkeep\n|turn|2\n|inactive|frexkul has 30 seconds left.\n|\n|t:|1776554106\n|switch|p2b: Gyarados|Gyarados, L50, M, shiny|100/100\n|-ability|p2b: Gyarados|Intimidate|boost\n|-unboost|p1a: Archaludon|atk|1\n|-unboost|p1b: Rotom|atk|1\n|move|p1b: Rotom|Overheat|p2a: Ninetales\n|-supereffective|p2a: Ninetales|1\n|-crit|p2a: Ninetales\n|-damage|p2a: Ninetales|0 fnt\n|-unboost|p1b: Rotom|spa|2\n|faint|p2a: Ninetales\n|move|p1a: Archaludon|Electro Shot||[still]\n|-prepare|p1a: Archaludon|Electro Shot\n|-boost|p1a: Archaludon|spa|1\n|\n|-weather|Snowscape|[upkeep]\n|upkeep\n|\n|t:|1776554114\n|switch|p2a: Garchomp|Garchomp, L50, F|77/100\n|turn|3\n|\n|t:|1776554133\n|switch|p1b: Basculegion|Basculegion, L50, M|65/100\n|detailschange|p2b: Gyarados|Gyarados-Mega, L50, M, shiny\n|-mega|p2b: Gyarados|Gyarados|Gyaradosite\n|-ability|p2b: Gyarados|Mold Breaker\n|move|p2b: Gyarados|Protect|p2b: Gyarados\n|-singleturn|p2b: Gyarados|Protect\n|move|p2a: Garchomp|Earthquake|p1b: Basculegion|[spread] p1a,p1b\n|-activate|p2b: Gyarados|move: Protect\n|-supereffective|p1a: Archaludon|1\n|-damage|p1a: Archaludon|49/100\n|-damage|p1b: Basculegion|18/100\n|-ability|p1a: Archaludon|Stamina|boost\n|-boost|p1a: Archaludon|def|1\n|move|p1a: Archaludon|Electro Shot|p2a: Garchomp|[from] lockedmove\n|-immune|p2a: Garchomp\n|\n|-weather|Snowscape|[upkeep]\n|-heal|p1a: Archaludon|55/100|[from] item: Leftovers\n|upkeep\n|turn|4\n|inactive|Jrmoore896 has 30 seconds left.\n|inactive|frexkul has 30 seconds left.\n|\n|t:|1776554165\n|switch|p1b: Rotom|Rotom-Heat, L50, shiny|46/100\n|move|p2a: Garchomp|Earthquake|p1b: Rotom|[spread] p2b,p1a\n|-immune|p1b: Rotom|[from] ability: Levitate\n|-supereffective|p1a: Archaludon|1\n|-damage|p2b: Gyarados|80/100\n|-damage|p1a: Archaludon|17/100\n|-ability|p1a: Archaludon|Stamina|boost\n|-boost|p1a: Archaludon|def|1\n|move|p2b: Gyarados|Dragon Dance|p2b: Gyarados\n|-boost|p2b: Gyarados|atk|1\n|-boost|p2b: Gyarados|spe|1\n|move|p1a: Archaludon|Dragon Pulse|p2a: Garchomp\n|-supereffective|p2a: Garchomp|1\n|-damage|p2a: Garchomp|0 fnt\n|faint|p2a: Garchomp\n|\n|-weather|Snowscape|[upkeep]\n|-heal|p1a: Archaludon|23/100|[from] item: Leftovers\n|upkeep\n|\n|t:|1776554182\n|switch|p2a: Glimmora|Glimmora, L50, F|100/100\n|turn|5\n|\n|t:|1776554198\n|move|p2a: Glimmora|Spiky Shield|p2a: Glimmora\n|-singleturn|p2a: Glimmora|move: Protect\n|move|p1a: Archaludon|Protect|p1a: Archaludon\n|-singleturn|p1a: Archaludon|Protect\n|move|p1b: Rotom|Thunderbolt|p2b: Gyarados\n|-supereffective|p2b: Gyarados|1\n|-damage|p2b: Gyarados|33/100\n|move|p2b: Gyarados|Crunch|p1a: Archaludon\n|-activate|p1a: Archaludon|move: Protect\n|\n|-weather|none\n|-heal|p1a: Archaludon|29/100|[from] item: Leftovers\n|-sideend|p2: frexkul|move: Aurora Veil\n|upkeep\n|turn|6\n|inactive|frexkul has 30 seconds left.\n|\n|t:|1776554226\n|move|p1b: Rotom|Thunderbolt|p2b: Gyarados\n|-supereffective|p2b: Gyarados|1\n|-damage|p2b: Gyarados|0 fnt\n|faint|p2b: Gyarados\n|move|p2a: Glimmora|Power Gem|p1b: Rotom\n|-supereffective|p1b: Rotom|1\n|-crit|p1b: Rotom\n|-damage|p1b: Rotom|0 fnt\n|faint|p1b: Rotom\n|move|p1a: Archaludon|Flash Cannon|p2a: Glimmora\n|-supereffective|p2a: Glimmora|1\n|-damage|p2a: Glimmora|0 fnt\n|faint|p2a: Glimmora\n|\n|win|Jrmoore896\n|raw|Jrmoore896's rating: 1116 &rarr; <strong>1139</strong><br />(+23 for winning)\n|raw|frexkul's rating: 1088 &rarr; <strong>1067</strong><br />(-21 for losing)\n|l|\u2606frexkul\n|player|p2|\n",
  "uploadtime": 1776554250,
  "views": 12,
  "formatid": "gen9championsvgc2026regma",
  "rating": 1067,
  "private": 0,
  "password": null
}