{
  "id": "gen9championsvgc2026regma-2587873947",
  "format": "[Gen 9 Champions] VGC 2026 Reg M-A",
  "players": [
    "asomebot",
    "Rem0raide"
  ],
  "log": "|j|\u2606asomebot\n|j|\u2606Rem0raide\n|t:|1776573202\n|gametype|doubles\n|player|p1|asomebot|102|1099\n|player|p2|Rem0raide|1|1103\n|gen|9\n|tier|[Gen 9 Champions] VGC 2026 Reg M-A\n|rated|\n|rule|Species Clause: Limit one of each Pok\u00e9mon\n|rule|Item Clause: Limit 1 of each item\n|clearpoke\n|poke|p1|Pelipper, L50, F|\n|poke|p1|Azumarill, L50, F|\n|poke|p1|Raichu, L50, M|\n|poke|p1|Basculegion, L50, M|\n|poke|p1|Gengar, L50, M, shiny|\n|poke|p1|Dragonite, L50, F|\n|poke|p2|Lucario, L50, M|\n|poke|p2|Garchomp, L50, M|\n|poke|p2|Clefable, L50, M|\n|poke|p2|Aerodactyl, L50, M|\n|poke|p2|Sinistcha, L50|\n|poke|p2|Basculegion, L50, M|\n|teampreview|4\n|inactive|Battle timer is ON: inactive players will automatically lose when time's up. (requested by asomebot)\n|\n|t:|1776573244\n|teamsize|p1|4\n|teamsize|p2|4\n|start\n|switch|p1a: Pelipper|Pelipper, L50, F|100/100\n|switch|p1b: Dragonite|Dragonite, L50, F|100/100\n|switch|p2a: Aerodactyl|Aerodactyl, L50, M|100/100\n|switch|p2b: Basculegion|Basculegion, L50, M|100/100\n|-ability|p2a: Aerodactyl|Unnerve\n|-weather|RainDance|[from] ability: Drizzle|[of] p1a: Pelipper\n|turn|1\n|\n|t:|1776573260\n|detailschange|p1b: Dragonite|Dragonite-Mega, L50, F\n|-mega|p1b: Dragonite|Dragonite|Dragoninite\n|move|p1a: Pelipper|Wide Guard|p1a: Pelipper\n|-singleturn|p1a: Pelipper|Wide Guard\n|move|p2a: Aerodactyl|Tailwind|p2a: Aerodactyl\n|-sidestart|p2: Rem0raide|move: Tailwind\n|move|p2b: Basculegion|Flip Turn|p1b: Dragonite\n|-resisted|p1b: Dragonite|1\n|-damage|p1b: Dragonite|85/100\n|\n|t:|1776573279\n|switch|p2b: Lucario|Lucario, L50, M|100/100|[from] Flip Turn\n|move|p1b: Dragonite|Weather Ball|p2a: Aerodactyl\n|-supereffective|p2a: Aerodactyl|1\n|-enditem|p2a: Aerodactyl|Focus Sash\n|-damage|p2a: Aerodactyl|1/100\n|\n|-weather|RainDance|[upkeep]\n|upkeep\n|turn|2\n|inactive|asomebot has 30 seconds left.\n|inactive|asomebot has 20 seconds left.\n|inactive|asomebot has 15 seconds left.\n|\n|t:|1776573321\n|detailschange|p2b: Lucario|Lucario-Mega, L50, M\n|-mega|p2b: Lucario|Lucario|Lucarionite\n|move|p2a: Aerodactyl|Rock Slide|p1a: Pelipper|[spread] p1b\n|-miss|p2a: Aerodactyl|p1a: Pelipper\n|-supereffective|p1b: Dragonite|1\n|-damage|p1b: Dragonite|41/100\n|move|p2b: Lucario|Steel Beam|p1b: Dragonite\n|-damage|p1b: Dragonite|0 fnt\n|-damage|p2b: Lucario|50/100|[from] steelbeam\n|faint|p1b: Dragonite\n|move|p1a: Pelipper|Hurricane|p2a: Aerodactyl\n|-resisted|p2a: Aerodactyl|1\n|-damage|p2a: Aerodactyl|0 fnt\n|faint|p2a: Aerodactyl\n|\n|-weather|RainDance|[upkeep]\n|upkeep\n|\n|t:|1776573343\n|switch|p2a: Sinistcha|Sinistcha, L50|100/100\n|switch|p1b: Azumarill|Azumarill, L50, F|100/100\n|-heal|p2b: Lucario|75/100|[from] ability: Hospitality|[of] p2a: Sinistcha\n|turn|3\n|\n|t:|1776573366\n|switch|p2b: Basculegion|Basculegion, L50, M|100/100\n|move|p2a: Sinistcha|Matcha Gotcha|p1a: Pelipper|[spread] p1a,p1b\n|-supereffective|p1b: Azumarill|1\n|-damage|p1a: Pelipper|58/100\n|-damage|p1b: Azumarill|48/100\n|-enditem|p1b: Azumarill|Sitrus Berry|[eat]\n|-heal|p1b: Azumarill|73/100|[from] item: Sitrus Berry\n|move|p1a: Pelipper|Hurricane|p2a: Sinistcha\n|-supereffective|p2a: Sinistcha|1\n|-damage|p2a: Sinistcha|0 fnt\n|faint|p2a: Sinistcha\n|move|p1b: Azumarill|Liquidation|p2b: Basculegion\n|-resisted|p2b: Basculegion|1\n|-damage|p2b: Basculegion|52/100\n|\n|-weather|RainDance|[upkeep]\n|-heal|p1a: Pelipper|64/100|[from] item: Leftovers\n|upkeep\n|\n|t:|1776573385\n|switch|p2a: Lucario|Lucario-Mega, L50, M|75/100\n|turn|4\n|inactive|asomebot has 30 seconds left.\n|inactive|Rem0raide has 30 seconds left.\n|\n|t:|1776573413\n|move|p2a: Lucario|Protect|p2a: Lucario\n|-singleturn|p2a: Lucario|Protect\n|move|p2b: Basculegion|Last Respects|p1b: Azumarill\n|-damage|p1b: Azumarill|0 fnt\n|faint|p1b: Azumarill\n|move|p1a: Pelipper|Hurricane|p2b: Basculegion\n|-damage|p2b: Basculegion|0 fnt\n|faint|p2b: Basculegion\n|\n|-weather|RainDance|[upkeep]\n|-heal|p1a: Pelipper|70/100|[from] item: Leftovers\n|-sideend|p2: Rem0raide|move: Tailwind\n|upkeep\n|\n|t:|1776573421\n|switch|p1b: Raichu|Raichu, L50, M|100/100\n|turn|5\n|\n|t:|1776573436\n|move|p2a: Lucario|Protect||[still]\n|-fail|p2a: Lucario\n|move|p1b: Raichu|Fake Out|p2a: Lucario\n|-resisted|p2a: Lucario|1\n|-damage|p2a: Lucario|70/100\n|move|p1a: Pelipper|Hurricane|p2a: Lucario\n|-damage|p2a: Lucario|0 fnt\n|faint|p2a: Lucario\n|\n|win|asomebot\n|raw|asomebot's rating: 1099 &rarr; <strong>1124</strong><br />(+25 for winning)\n|raw|Rem0raide's rating: 1103 &rarr; <strong>1078</strong><br />(-25 for losing)\n|l|\u2606asomebot\n|player|p1|\n",
  "uploadtime": 1776573454,
  "views": 9,
  "formatid": "gen9championsvgc2026regma",
  "rating": 1078,
  "private": 0,
  "password": null
}