{
  "id": "gen9championsvgc2026regma-2581036108",
  "format": "[Gen 9 Champions] VGC 2026 Reg M-A",
  "players": [
    "Galbitrix",
    "BiggerMonkey"
  ],
  "log": "|j|\u2606Galbitrix\n|j|\u2606BiggerMonkey\n|t:|1775953851\n|gametype|doubles\n|player|p1|Galbitrix|1|\n|player|p2|BiggerMonkey|clay|\n|gen|9\n|tier|[Gen 9 Champions] VGC 2026 Reg M-A\n|rule|Species Clause: Limit one of each Pok\u00e9mon\n|rule|Item Clause: Limit 1 of each item\n|clearpoke\n|poke|p1|Sneasler, L50, F|\n|poke|p1|Weavile, L50, M|\n|poke|p1|Garchomp, L50, F|\n|poke|p1|Delphox, L50, M|\n|poke|p1|Kingambit, L50, F|\n|poke|p1|Whimsicott, L50, M|\n|poke|p2|Emboar, L50, M|\n|poke|p2|Kingambit, L50, M|\n|poke|p2|Zoroark-Hisui, L50, M|\n|poke|p2|Decidueye-Hisui, L50, F|\n|poke|p2|Sinistcha-Masterpiece, L50|\n|poke|p2|Samurott-Hisui, L50, M|\n|teampreview|4\nGalbitrix rejected open team sheets.\n|\n|t:|1775953874\n|teamsize|p1|4\n|teamsize|p2|4\n|start\n|switch|p1a: GOAT|Whimsicott, L50, M|100/100\n|switch|p1b: Blow|Sneasler, L50, F|100/100\n|switch|p2a: Ronin|Samurott-Hisui, L50, M|100/100\n|switch|p2b: Tametomo|Decidueye-Hisui, L50, F|100/100\n|turn|1\n|\n|t:|1775953919\n|move|p2a: Ronin|Detect|p2a: Ronin\n|-singleturn|p2a: Ronin|Protect\n|move|p1b: Blow|Fake Out|p2b: Tametomo\n|-damage|p2b: Tametomo|86/100\n|move|p1a: GOAT|Tailwind|p1a: GOAT\n|-sidestart|p1: Galbitrix|move: Tailwind\n|cant|p2b: Tametomo|flinch\n|\n|upkeep\n|turn|2\n|\n|t:|1775953946\n|move|p1a: GOAT|Encore|p2a: Ronin\n|-hint|Since gen 7, Dark is immune to Prankster moves.\n|-immune|p2a: Ronin\n|move|p1b: Blow|Dire Claw|p2b: Tametomo\n|-supereffective|p2b: Tametomo|1\n|-damage|p2b: Tametomo|0 fnt\n|faint|p2b: Tametomo\n|move|p2a: Ronin|Ceaseless Edge|p1b: Blow\n|-resisted|p1b: Blow|1\n|-damage|p1b: Blow|56/100\n|-sidestart|p1: Galbitrix|Spikes\n|\n|upkeep\n|\n|t:|1775953963\n|switch|p2b: Nobunaga|Kingambit, L50, M|100/100\n|-activate|p2b: Nobunaga|ability: Supreme Overlord\n|-start|p2b: Nobunaga|fallen1|[silent]\n|turn|3\n|j| Hipphoppotas\n|\n|t:|1775954036\n|move|p1b: Blow|Protect|p1b: Blow\n|-singleturn|p1b: Blow|Protect\n|move|p2b: Nobunaga|Sucker Punch||[still]\n|-fail|p2b: Nobunaga\n|move|p1a: GOAT|Moonblast|p2a: Ronin\n|-supereffective|p2a: Ronin|1\n|-damage|p2a: Ronin|2/100\n|move|p2a: Ronin|Ceaseless Edge|p1b: Blow\n|-activate|p1b: Blow|move: Protect\n|\n|upkeep\n|turn|4\n|\n|t:|1775954055\n|move|p1a: GOAT|Protect|p1a: GOAT\n|-singleturn|p1a: GOAT|Protect\n|move|p1b: Blow|Protect||[still]\n|-fail|p1b: Blow\n|move|p2a: Ronin|Detect|p2a: Ronin\n|-singleturn|p2a: Ronin|Protect\n|move|p2b: Nobunaga|Sucker Punch||[still]\n|-fail|p2b: Nobunaga\n|\n|-sideend|p1: Galbitrix|move: Tailwind\n|upkeep\n|turn|5\n|\n|t:|1775954088\n|move|p1b: Blow|Protect|p1b: Blow\n|-singleturn|p1b: Blow|Protect\n|move|p1a: GOAT|Tailwind|p1a: GOAT\n|-sidestart|p1: Galbitrix|move: Tailwind\n|move|p2a: Ronin|Aqua Jet|p1b: Blow\n|-activate|p1b: Blow|move: Protect\n|move|p2b: Nobunaga|Iron Head|p1a: GOAT\n|-supereffective|p1a: GOAT|1\n|-enditem|p1a: GOAT|Focus Sash\n|-damage|p1a: GOAT|1/100\n|\n|upkeep\n|turn|6\n|\n|t:|1775954116\n|move|p2b: Nobunaga|Sucker Punch|p1b: Blow\n|-resisted|p1b: Blow|1\n|-damage|p1b: Blow|20/100\n|move|p1a: GOAT|Moonblast|p2a: Ronin\n|-supereffective|p2a: Ronin|1\n|-damage|p2a: Ronin|0 fnt\n|faint|p2a: Ronin\n|move|p1b: Blow|Close Combat|p2b: Nobunaga\n|-supereffective|p2b: Nobunaga|2\n|-damage|p2b: Nobunaga|0 fnt\n|-unboost|p1b: Blow|def|1\n|-unboost|p1b: Blow|spd|1\n|faint|p2b: Nobunaga\n|-end|p2b: Nobunaga|fallen1|[silent]\n|-enditem|p1b: Blow|White Herb\n|-clearnegativeboost|p1b: Blow|[silent]\n|\n|upkeep\n|\n|t:|1775954131\n|switch|p2b: Benkei|Emboar, L50, M|100/100\n|turn|7\n|\n|t:|1775954146\n|detailschange|p2b: Benkei|Emboar-Mega, L50, M\n|-mega|p2b: Benkei|Emboar|Emboarite\n|-ability|p2b: Benkei|Mold Breaker\n|move|p1b: Blow|Dire Claw|p2b: Benkei\n|-damage|p2b: Benkei|60/100\n|move|p1a: GOAT|Moonblast|p2b: Benkei\n|-damage|p2b: Benkei|28/100\n|move|p2b: Benkei|Earthquake|p1a: GOAT|[spread] p1a,p1b\n|-resisted|p1a: GOAT|1\n|-crit|p1a: GOAT\n|-supereffective|p1b: Blow|1\n|-damage|p1a: GOAT|0 fnt\n|-damage|p1b: Blow|0 fnt\n|faint|p1a: GOAT\n|faint|p1b: Blow\n|\n|upkeep\n|\n|t:|1775954159\n|switch|p1a: E621|Delphox, L50, M|100/100\n|switch|p1b: Justin|Kingambit, L50, F|100/100\n|-damage|p1a: E621|88/100|[from] Spikes\n|-damage|p1b: Justin|88/100|[from] Spikes\n|turn|8\n|\n|t:|1775954175\n|move|p1b: Justin|Sucker Punch|p2b: Benkei\n|-resisted|p2b: Benkei|1\n|-damage|p2b: Benkei|9/100\n|move|p1a: E621|Psychic|p2b: Benkei\n|-supereffective|p2b: Benkei|1\n|-damage|p2b: Benkei|0 fnt\n|faint|p2b: Benkei\n|\n|win|Galbitrix\n|l|\u2606BiggerMonkey\n|player|p2|\n",
  "uploadtime": 1775954204,
  "views": 10,
  "formatid": "gen9championsvgc2026regma",
  "rating": null,
  "private": 0,
  "password": null
}