{
  "id": "gen9championsvgc2026regma-2581664901",
  "format": "[Gen 9 Champions] VGC 2026 Reg M-A",
  "players": [
    "Raynobi",
    "realcomrade379"
  ],
  "log": "|j|\u2606Raynobi\n|j|\u2606realcomrade379\n|t:|1776019058\n|gametype|doubles\n|player|p1|Raynobi|red|\n|player|p2|realcomrade379|shadowtriad|\n|gen|9\n|tier|[Gen 9 Champions] VGC 2026 Reg M-A\n|rated|Tournament battle\n|rule|Species Clause: Limit one of each Pok\u00e9mon\n|rule|Item Clause: Limit 1 of each item\n|clearpoke\n|poke|p1|Charizard, L50, F|\n|poke|p1|Sneasler, L50, F|\n|poke|p1|Garchomp, L50, F|\n|poke|p1|Incineroar, L50, M|\n|poke|p1|Maushold-Four, L50|\n|poke|p1|Venusaur, L50, M|\n|poke|p2|Tyranitar, L50, F|\n|poke|p2|Floette-Eternal, L50, F|\n|poke|p2|Excadrill, L50, F|\n|poke|p2|Basculegion, L50, M|\n|poke|p2|Sinistcha, L50|\n|poke|p2|Incineroar, L50, F|\n|teampreview|4\n|inactive|Battle timer is ON: inactive players will automatically lose when time's up. (requested by realcomrade379)\n|c|\u2606Raynobi|bruh why did it select this team\n|inactive|Raynobi has 60 seconds left.\n|\n|t:|1776019105\n|teamsize|p1|4\n|teamsize|p2|4\n|start\n|switch|p1a: Charizard|Charizard, L50, F|100/100\n|switch|p1b: Venusaur|Venusaur, L50, M|100/100\n|switch|p2a: Incineroar|Incineroar, L50, F|100/100\n|switch|p2b: Basculegion|Basculegion, L50, M|100/100\n|-ability|p2a: Incineroar|Intimidate|boost\n|-unboost|p1a: Charizard|atk|1\n|-unboost|p1b: Venusaur|atk|1\n|turn|1\n|\n|t:|1776019114\n|move|p1a: Charizard|Protect|p1a: Charizard\n|-singleturn|p1a: Charizard|Protect\n|move|p1b: Venusaur|Protect|p1b: Venusaur\n|-singleturn|p1b: Venusaur|Protect\n|move|p2a: Incineroar|Fake Out|p1b: Venusaur\n|-activate|p1b: Venusaur|move: Protect\n|move|p2b: Basculegion|Flip Turn|p1a: Charizard\n|-activate|p1a: Charizard|move: Protect\n|\n|upkeep\n|turn|2\n|\n|t:|1776019132\n|detailschange|p1a: Charizard|Charizard-Mega-Y, L50, F\n|-mega|p1a: Charizard|Charizard|Charizardite Y\n|-weather|SunnyDay|[from] ability: Drought|[of] p1a: Charizard\n|move|p1b: Venusaur|Sleep Powder|p2a: Incineroar\n|-status|p2a: Incineroar|slp|[from] move: Sleep Powder\n|move|p2b: Basculegion|Flip Turn|p1a: Charizard\n|-supereffective|p1a: Charizard|1\n|-damage|p1a: Charizard|41/100\n|\n|t:|1776019139\n|switch|p2b: Tyranitar|Tyranitar, L50, F|100/100|[from] Flip Turn\n|-weather|Sandstorm|[from] ability: Sand Stream|[of] p2b: Tyranitar\n|move|p1a: Charizard|Solar Beam||[still]\n|-prepare|p1a: Charizard|Solar Beam\n|cant|p2a: Incineroar|slp\n|\n|-weather|Sandstorm|[upkeep]\n|-damage|p1a: Charizard|35/100|[from] Sandstorm\n|-damage|p1b: Venusaur|95/100|[from] Sandstorm\n|-damage|p2a: Incineroar|94/100 slp|[from] Sandstorm\n|-heal|p1b: Venusaur|100/100|[from] item: Leftovers\n|upkeep\n|turn|3\n|\n|t:|1776019158\n|move|p2b: Tyranitar|Protect|p2b: Tyranitar\n|-singleturn|p2b: Tyranitar|Protect\n|move|p1a: Charizard|Solar Beam|p2b: Tyranitar|[from] lockedmove\n|-activate|p2b: Tyranitar|move: Protect\n|move|p1b: Venusaur|Sludge Bomb|p2a: Incineroar\n|-damage|p2a: Incineroar|54/100 slp\n|-curestatus|p2a: Incineroar|slp|[msg]\n|move|p2a: Incineroar|Flare Blitz|p1b: Venusaur\n|-supereffective|p1b: Venusaur|1\n|-damage|p1b: Venusaur|0 fnt\n|faint|p1b: Venusaur\n|-damage|p2a: Incineroar|28/100|[from] Recoil\n|\n|-weather|Sandstorm|[upkeep]\n|-damage|p1a: Charizard|30/100|[from] Sandstorm\n|-damage|p2a: Incineroar|22/100|[from] Sandstorm\n|upkeep\n|j| TheCluelessEngi\n|l| TheCluelessEngi\n|\n|t:|1776019172\n|switch|p1b: Maushold|Maushold-Four, L50|100/100\n|turn|4\n|\n|t:|1776019193\n|switch|p1a: Garchomp|Garchomp, L50, F|100/100\n|move|p1b: Maushold|Protect|p1b: Maushold\n|-singleturn|p1b: Maushold|Protect\n|move|p2b: Tyranitar|Protect||[still]\n|-fail|p2b: Tyranitar\n|move|p2a: Incineroar|Parting Shot|p1b: Maushold\n|-activate|p1b: Maushold|move: Protect\n|\n|-weather|Sandstorm|[upkeep]\n|-damage|p1b: Maushold|94/100|[from] Sandstorm\n|-damage|p2a: Incineroar|16/100|[from] Sandstorm\n|upkeep\n|turn|5\n|inactive|Raynobi has 30 seconds left.\n|inactive|realcomrade379 has 30 seconds left.\n|inactive|Raynobi has 20 seconds left.\n|inactive|Raynobi has 15 seconds left.\n|\n|t:|1776019234\n|move|p2b: Tyranitar|Protect|p2b: Tyranitar\n|-singleturn|p2b: Tyranitar|Protect\n|move|p1b: Maushold|Follow Me|p1b: Maushold\n|-singleturn|p1b: Maushold|move: Follow Me\n|move|p1a: Garchomp|Swords Dance|p1a: Garchomp\n|-boost|p1a: Garchomp|atk|2\n|move|p2a: Incineroar|Parting Shot|p1b: Maushold\n|-unboost|p1b: Maushold|atk|1\n|-unboost|p1b: Maushold|spa|1\n|\n|t:|1776019249\n|switch|p2a: Excadrill|Excadrill, L50, F|100/100|[from] Parting Shot\n|\n|-weather|Sandstorm|[upkeep]\n|-damage|p1b: Maushold|88/100|[from] Sandstorm\n|upkeep\n|turn|6\n|\n|t:|1776019260\n|switch|p1b: Charizard|Charizard-Mega-Y, L50, F|30/100\n|-weather|SunnyDay|[from] ability: Drought|[of] p1b: Charizard\n|switch|p2b: Incineroar|Incineroar, L50, F|16/100\n|-ability|p2b: Incineroar|Intimidate|boost\n|-unboost|p1a: Garchomp|atk|1\n|-unboost|p1b: Charizard|atk|1\n|move|p1a: Garchomp|Earthquake|p2b: Incineroar|[spread] p2a,p2b\n|-immune|p1b: Charizard\n|-supereffective|p2a: Excadrill|1\n|-supereffective|p2b: Incineroar|1\n|-enditem|p2a: Excadrill|Focus Sash\n|-damage|p2a: Excadrill|1/100\n|-damage|p2b: Incineroar|0 fnt\n|faint|p2b: Incineroar\n|move|p2a: Excadrill|Earthquake|p1a: Garchomp|[spread] p1a\n|-immune|p1b: Charizard\n|-damage|p1a: Garchomp|53/100\n|\n|-weather|SunnyDay|[upkeep]\n|upkeep\n|j| islowerspeed\n|\n|t:|1776019280\n|switch|p2b: Tyranitar|Tyranitar, L50, F|100/100\n|-weather|Sandstorm|[from] ability: Sand Stream|[of] p2b: Tyranitar\n|turn|7\n|j| yuirs gsb\n|\n|t:|1776019291\n|switch|p1b: Maushold|Maushold-Four, L50|88/100\n|detailschange|p2b: Tyranitar|Tyranitar-Mega, L50, F\n|-mega|p2b: Tyranitar|Tyranitar|Tyranitarite\n|move|p2a: Excadrill|High Horsepower|p1a: Garchomp\n|-damage|p1a: Garchomp|8/100\n|-damage|p2a: Excadrill|0 fnt|[from] ability: Rough Skin|[of] p1a: Garchomp\n|faint|p2a: Excadrill\n|move|p1a: Garchomp|Earthquake|p2b: Tyranitar|[spread] p1b,p2b\n|-supereffective|p2b: Tyranitar|1\n|-damage|p1b: Maushold|15/100\n|-damage|p2b: Tyranitar|31/100\n|-enditem|p1b: Maushold|Sitrus Berry|[eat]\n|-heal|p1b: Maushold|40/100|[from] item: Sitrus Berry\n|move|p2b: Tyranitar|Rock Slide|p1b: Maushold|[spread] p1b\n|-miss|p2b: Tyranitar|p1a: Garchomp\n|-damage|p1b: Maushold|0 fnt\n|faint|p1b: Maushold\n|\n|-weather|Sandstorm|[upkeep]\n|upkeep\n|c|\u2606realcomrade379|:,)\n|\n|t:|1776019307\n|switch|p2a: Basculegion|Basculegion, L50, M|100/100\n|switch|p1b: Charizard|Charizard-Mega-Y, L50, F|30/100\n|-weather|SunnyDay|[from] ability: Drought|[of] p1b: Charizard\n|turn|8\n|l| islowerspeed\n|\n|t:|1776019326\n|move|p2a: Basculegion|Last Respects|p1b: Charizard\n|-damage|p1b: Charizard|0 fnt\n|faint|p1b: Charizard\n|move|p1a: Garchomp|Earthquake|p2b: Tyranitar|[spread] p2a,p2b\n|-supereffective|p2b: Tyranitar|1\n|-damage|p2a: Basculegion|29/100\n|-damage|p2b: Tyranitar|0 fnt\n|faint|p2b: Tyranitar\n|\n|-weather|SunnyDay|[upkeep]\n|upkeep\n|turn|9\n|\n|t:|1776019333\n|move|p2a: Basculegion|Last Respects|p1a: Garchomp\n|-damage|p1a: Garchomp|0 fnt\n|faint|p1a: Garchomp\n|\n|win|realcomrade379\n|n|\u2606Raynobi|raynobi\n|n|\u2606realcomrade379|realcomrade379\n|n| yuirs gsb|yuirsgsb\n",
  "uploadtime": 1776019338,
  "views": 9,
  "formatid": "gen9championsvgc2026regma",
  "rating": null,
  "private": 0,
  "password": null
}