{
  "id": "gen9championsvgc2026regma-2581503950",
  "format": "[Gen 9 Champions] VGC 2026 Reg M-A",
  "players": [
    "RazzvyBerry",
    "meepacman"
  ],
  "log": "|j|\u2606RazzvyBerry\n|j|\u2606meepacman\n|t:|1776006430\n|gametype|doubles\n|player|p1|RazzvyBerry|harlequin|1291\n|player|p2|meepacman|265|1407\n|gen|9\n|tier|[Gen 9 Champions] VGC 2026 Reg M-A\n|rated|\n|rule|Species Clause: Limit one of each Pok\u00e9mon\n|rule|Item Clause: Limit 1 of each item\n|clearpoke\n|poke|p1|Azumarill, L50, F|\n|poke|p1|Froslass, L50, F|\n|poke|p1|Sinistcha, L50|\n|poke|p1|Incineroar, L50, M|\n|poke|p1|Sneasler, L50, M|\n|poke|p1|Aerodactyl, L50, F|\n|poke|p2|Tyranitar, L50, F|\n|poke|p2|Kommo-o, L50, M|\n|poke|p2|Sableye, L50, M|\n|poke|p2|Sinistcha, L50|\n|poke|p2|Chimecho, L50, F|\n|poke|p2|Sneasler, L50, F|\n|teampreview|4\n|\n|t:|1776006490\n|teamsize|p1|4\n|teamsize|p2|4\n|start\n|switch|p1a: Aerodactyl|Aerodactyl, L50, F|100/100\n|switch|p1b: Incineroar|Incineroar, L50, M|100/100\n|switch|p2a: Chimecho|Chimecho, L50, F, shiny|100/100\n|switch|p2b: Sableye|Sableye, L50, M|100/100\n|-ability|p1a: Aerodactyl|Unnerve\n|-ability|p1b: Incineroar|Intimidate|boost\n|-unboost|p2a: Chimecho|atk|1\n|-unboost|p2b: Sableye|atk|1\n|turn|1\n|\n|t:|1776006519\n|switch|p2a: Tyranitar|Tyranitar, L50, F|100/100\n|-weather|Sandstorm|[from] ability: Sand Stream|[of] p2a: Tyranitar\n|move|p1a: Aerodactyl|Protect|p1a: Aerodactyl\n|-singleturn|p1a: Aerodactyl|Protect\n|move|p2b: Sableye|Reflect|p2b: Sableye\n|-sidestart|p2: meepacman|Reflect\n|move|p1b: Incineroar|Darkest Lariat|p2a: Tyranitar\n|-resisted|p2a: Tyranitar|1\n|-damage|p2a: Tyranitar|88/100\n|\n|-weather|Sandstorm|[upkeep]\n|-damage|p1b: Incineroar|95/100|[from] Sandstorm\n|-damage|p2b: Sableye|95/100|[from] Sandstorm\n|upkeep\n|turn|2\n|\n|t:|1776006575\n|detailschange|p1a: Aerodactyl|Aerodactyl-Mega, L50, F\n|-mega|p1a: Aerodactyl|Aerodactyl|Aerodactylite\n|move|p2b: Sableye|Encore|p1a: Aerodactyl\n|-start|p1a: Aerodactyl|Encore\n|move|p1a: Aerodactyl|Protect||[still]\n|-fail|p1a: Aerodactyl\n|move|p2a: Tyranitar|Rock Slide|p1a: Aerodactyl|[spread] p1a,p1b\n|-supereffective|p1a: Aerodactyl|1\n|-supereffective|p1b: Incineroar|1\n|-damage|p1a: Aerodactyl|11/100\n|-damage|p1b: Incineroar|26/100\n|move|p1b: Incineroar|Flare Blitz|p2b: Sableye\n|-damage|p2b: Sableye|34/100\n|-damage|p1b: Incineroar|10/100|[from] Recoil\n|\n|-weather|Sandstorm|[upkeep]\n|-damage|p1b: Incineroar|4/100|[from] Sandstorm\n|-damage|p2b: Sableye|28/100|[from] Sandstorm\n|upkeep\n|turn|3\n|\n|t:|1776006599\n|move|p1a: Aerodactyl|Protect|p1a: Aerodactyl\n|-singleturn|p1a: Aerodactyl|Protect\n|move|p2b: Sableye|Light Screen|p2b: Sableye\n|-sidestart|p2: meepacman|move: Light Screen\n|move|p2a: Tyranitar|Knock Off|p1b: Incineroar\n|-resisted|p1b: Incineroar|1\n|-damage|p1b: Incineroar|0 fnt\n|-enditem|p1b: Incineroar|Shuca Berry|[from] move: Knock Off|[of] p2a: Tyranitar\n|faint|p1b: Incineroar\n|\n|-weather|Sandstorm|[upkeep]\n|-damage|p2b: Sableye|22/100|[from] Sandstorm\n|upkeep\n|\n|t:|1776006610\n|switch|p1b: Azumarill|Azumarill, L50, F|100/100\n|turn|4\n|\n|t:|1776006638\n|switch|p1a: Sinistcha|Sinistcha, L50|100/100\n|move|p1b: Azumarill|Aqua Jet|p2b: Sableye\n|-damage|p2b: Sableye|0 fnt\n|faint|p2b: Sableye\n|move|p2a: Tyranitar|Knock Off|p1a: Sinistcha\n|-supereffective|p1a: Sinistcha|1\n|-enditem|p1a: Sinistcha|Focus Sash\n|-damage|p1a: Sinistcha|1/100\n|\n|-weather|Sandstorm|[upkeep]\n|-damage|p1a: Sinistcha|0 fnt|[from] Sandstorm\n|-damage|p1b: Azumarill|95/100|[from] Sandstorm\n|faint|p1a: Sinistcha\n|upkeep\n|\n|t:|1776006651\n|switch|p1a: Aerodactyl|Aerodactyl-Mega, L50, F|11/100\n|switch|p2b: Chimecho|Chimecho, L50, F, shiny|100/100\n|turn|5\n|\n|t:|1776006670\n|detailschange|p2b: Chimecho|Chimecho-Mega, L50, F, shiny\n|-mega|p2b: Chimecho|Chimecho|Chimechite\n|move|p1a: Aerodactyl|Rock Slide|p2a: Tyranitar|[spread] p2a,p2b\n|-resisted|p2b: Chimecho|1\n|-damage|p2a: Tyranitar|73/100\n|-damage|p2b: Chimecho|92/100\n|move|p2b: Chimecho|Boomburst|p1a: Aerodactyl|[spread] p2a,p1a,p1b\n|-resisted|p2a: Tyranitar|1\n|-resisted|p1a: Aerodactyl|1\n|-damage|p2a: Tyranitar|66/100\n|-damage|p1a: Aerodactyl|0 fnt\n|-damage|p1b: Azumarill|49/100\n|-enditem|p1b: Azumarill|Sitrus Berry|[eat]\n|-heal|p1b: Azumarill|73/100|[from] item: Sitrus Berry\n|faint|p1a: Aerodactyl\n|cant|p2a: Tyranitar|flinch\n|move|p1b: Azumarill|Belly Drum|p1b: Azumarill\n|-damage|p1b: Azumarill|23/100\n|-setboost|p1b: Azumarill|atk|6|[from] move: Belly Drum\n|\n|-weather|none\n|-sideend|p2: meepacman|Reflect\n|upkeep\n|turn|6\n|\n|t:|1776006695\n|move|p1b: Azumarill|Aqua Jet|p2a: Tyranitar\n|-supereffective|p2a: Tyranitar|1\n|-damage|p2a: Tyranitar|0 fnt\n|faint|p2a: Tyranitar\n|move|p2b: Chimecho|Flash Cannon|p1b: Azumarill\n|-damage|p1b: Azumarill|0 fnt\n|faint|p1b: Azumarill\n|\n|win|meepacman\n|raw|RazzvyBerry's rating: 1291 &rarr; <strong>1274</strong><br />(-17 for losing)\n|raw|meepacman's rating: 1407 &rarr; <strong>1421</strong><br />(+14 for winning)\n",
  "uploadtime": 1776006699,
  "views": 26,
  "formatid": "gen9championsvgc2026regma",
  "rating": 1274,
  "private": 0,
  "password": null
}