{
  "id": "gen9championsvgc2026regma-2581855450",
  "format": "[Gen 9 Champions] VGC 2026 Reg M-A",
  "players": [
    "BunyaminZ",
    "Sttuarrt"
  ],
  "log": "|j|\u2606BunyaminZ\n|j|\u2606Sttuarrt\n|t:|1776034035\n|gametype|doubles\n|player|p1|BunyaminZ|archer|\n|player|p2|Sttuarrt|1|\n|gen|9\n|tier|[Gen 9 Champions] VGC 2026 Reg M-A\n|rated|Tournament battle\n|rule|Species Clause: Limit one of each Pok\u00e9mon\n|rule|Item Clause: Limit 1 of each item\n|clearpoke\n|poke|p1|Froslass, L50, F|\n|poke|p1|Rotom-Wash, L50|\n|poke|p1|Garchomp, L50, M|\n|poke|p1|Incineroar, L50, F|\n|poke|p1|Sinistcha, L50|\n|poke|p1|Scizor, L50, F|\n|poke|p2|Kleavor, L50, M|\n|poke|p2|Farigiraf, L50, M|\n|poke|p2|Medicham, L50, M|\n|poke|p2|Torkoal, L50, M|\n|poke|p2|Incineroar, L50, F|\n|poke|p2|Camerupt, L50, F|\n|teampreview|4\n|inactive|Battle timer is ON: inactive players will automatically lose when time's up. (requested by Sttuarrt)\nBunyaminZ rejected open team sheets.\n|j| Rainpelt103\n|j| Madrugada123\n|\n|t:|1776034078\n|teamsize|p1|4\n|teamsize|p2|4\n|start\n|switch|p1a: Garchomp|Garchomp, L50, M|100/100\n|switch|p1b: Sinistcha|Sinistcha, L50|100/100\n|switch|p2a: Farigiraf|Farigiraf, L50, M|100/100\n|switch|p2b: Incineroar|Incineroar, L50, F|100/100\n|-ability|p2b: Incineroar|Intimidate|boost\n|-unboost|p1a: Garchomp|atk|1\n|-unboost|p1b: Sinistcha|atk|1\n|turn|1\n|\n|t:|1776034096\n|move|p2b: Incineroar|Fake Out|p1a: Garchomp\n|-damage|p1a: Garchomp|86/100\n|-damage|p2b: Incineroar|88/100|[from] ability: Rough Skin|[of] p1a: Garchomp\n|cant|p1a: Garchomp|flinch\n|move|p1b: Sinistcha|Trick Room|p1b: Sinistcha\n|-fieldstart|move: Trick Room|[of] p1b: Sinistcha\n|move|p2a: Farigiraf|Trick Room|p2a: Farigiraf\n|-fieldend|move: Trick Room\n|\n|upkeep\n|turn|2\n|\n|t:|1776034109\n|move|p1a: Garchomp|Earthquake|p2a: Farigiraf|[spread] p1b,p2a,p2b\n|-resisted|p1b: Sinistcha|1\n|-supereffective|p2b: Incineroar|1\n|-damage|p1b: Sinistcha|89/100\n|-damage|p2a: Farigiraf|74/100\n|-damage|p2b: Incineroar|41/100\n|-enditem|p2b: Incineroar|Sitrus Berry|[eat]\n|-heal|p2b: Incineroar|65/100|[from] item: Sitrus Berry\n|move|p1b: Sinistcha|Matcha Gotcha|p2b: Incineroar|[spread] p2a,p2b\n|-resisted|p2b: Incineroar|1\n|-damage|p2a: Farigiraf|46/100\n|-heal|p1b: Sinistcha|100/100|[from] drain|[of] p2a: Farigiraf\n|-damage|p2b: Incineroar|52/100\n|move|p2b: Incineroar|Flare Blitz|p1b: Sinistcha\n|-supereffective|p1b: Sinistcha|1\n|-damage|p1b: Sinistcha|0 fnt\n|faint|p1b: Sinistcha\n|-damage|p2b: Incineroar|23/100|[from] Recoil\n|move|p2a: Farigiraf|Trick Room|p2a: Farigiraf\n|-fieldstart|move: Trick Room|[of] p2a: Farigiraf\n|\n|upkeep\n|j| Narfidex\n|j| jongseobs 1 fanboy\n|\n|t:|1776034115\n|switch|p1b: Rotom|Rotom-Wash, L50|100/100\n|turn|3\n|\n|t:|1776034130\n|move|p1b: Rotom|Protect|p1b: Rotom\n|-singleturn|p1b: Rotom|Protect\n|move|p1a: Garchomp|Protect|p1a: Garchomp\n|-singleturn|p1a: Garchomp|Protect\n|move|p2b: Incineroar|Parting Shot|p1a: Garchomp\n|-activate|p1a: Garchomp|move: Protect\n|move|p2a: Farigiraf|Hyper Voice|p1a: Garchomp|[spread] \n|-activate|p1a: Garchomp|move: Protect\n|-activate|p1b: Rotom|move: Protect\n|\n|upkeep\n|turn|4\n|l| jongseobs 1 fanboy\n|\n|t:|1776034138\n|move|p2a: Farigiraf|Hyper Voice|p1b: Rotom|[spread] p1a,p1b\n|-damage|p1a: Garchomp|50/100\n|-damage|p1b: Rotom|67/100\n|move|p2b: Incineroar|Parting Shot|p1a: Garchomp\n|-unboost|p1a: Garchomp|atk|1\n|-unboost|p1a: Garchomp|spa|1\n|l| Narfidex\n|\n|t:|1776034151\n|switch|p2b: Torkoal|Torkoal, L50, M|100/100|[from] Parting Shot\n|-weather|SunnyDay|[from] ability: Drought|[of] p2b: Torkoal\n|move|p1b: Rotom|Discharge|p2b: Torkoal|[spread] p2a,p2b\n|-immune|p1a: Garchomp\n|-damage|p2a: Farigiraf|21/100\n|-damage|p2b: Torkoal|68/100\n|move|p1a: Garchomp|Earthquake|p2b: Torkoal|[spread] p2a,p2b\n|-immune|p1b: Rotom|[from] ability: Levitate\n|-supereffective|p2b: Torkoal|1\n|-damage|p2a: Farigiraf|2/100\n|-damage|p2b: Torkoal|47/100\n|\n|-weather|SunnyDay|[upkeep]\n|-heal|p1b: Rotom|73/100|[from] item: Leftovers\n|upkeep\n|turn|5\n|j| aurora ltd\n|inactive|Sttuarrt has 30 seconds left.\n|\n|t:|1776034182\n|switch|p2a: Incineroar|Incineroar, L50, F|23/100\n|-ability|p2a: Incineroar|Intimidate|boost\n|-unboost|p1a: Garchomp|atk|1\n|-unboost|p1b: Rotom|atk|1\n|switch|p1a: Incineroar|Incineroar, L50, F|100/100\n|-ability|p1a: Incineroar|Intimidate|boost\n|-unboost|p2a: Incineroar|atk|1\n|-unboost|p2b: Torkoal|atk|1\n|move|p1b: Rotom|Protect|p1b: Rotom\n|-singleturn|p1b: Rotom|Protect\n|move|p2b: Torkoal|Solar Beam||[still]\n|-prepare|p2b: Torkoal|Solar Beam\n|-anim|p2b: Torkoal|Solar Beam|p1b: Rotom\n|-activate|p1b: Rotom|move: Protect\n|\n|-weather|SunnyDay|[upkeep]\n|-heal|p1b: Rotom|79/100|[from] item: Leftovers\n|upkeep\n|turn|6\n|j| jongseobs 1 fanboy\n|l| jongseobs 1 fanboy\n|j| jongseobs 1 fanboy\n|inactive|Sttuarrt has 30 seconds left.\n|\n|t:|1776034209\n|switch|p2a: Farigiraf|Farigiraf, L50, M|2/100\n|switch|p1b: Garchomp|Garchomp, L50, M|50/100\n|move|p1a: Incineroar|Fake Out||[still]\n|cant|p2a: Farigiraf|ability: Armor Tail|Fake Out|[of] p1a: Incineroar\n|move|p2b: Torkoal|Solar Beam||[still]\n|-prepare|p2b: Torkoal|Solar Beam\n|-anim|p2b: Torkoal|Solar Beam|p1b: Garchomp\n|-damage|p1b: Garchomp|19/100\n|\n|-weather|SunnyDay|[upkeep]\n|-fieldend|move: Trick Room\n|upkeep\n|turn|7\n|inactive|Sttuarrt has 30 seconds left.\n|inactive|Sttuarrt has 20 seconds left.\n|\n|t:|1776034246\n|switch|p1a: Rotom|Rotom-Wash, L50|79/100\n|switch|p2b: Incineroar|Incineroar, L50, F|23/100\n|-ability|p2b: Incineroar|Intimidate|boost\n|-unboost|p1a: Rotom|atk|1\n|-unboost|p1b: Garchomp|atk|1\n|move|p1b: Garchomp|Earthquake|p2b: Incineroar|[spread] p2a,p2b\n|-immune|p1a: Rotom|[from] ability: Levitate\n|-supereffective|p2b: Incineroar|1\n|-damage|p2a: Farigiraf|0 fnt\n|-damage|p2b: Incineroar|0 fnt\n|faint|p2a: Farigiraf\n|faint|p2b: Incineroar\n|\n|-weather|SunnyDay|[upkeep]\n|-heal|p1a: Rotom|85/100|[from] item: Leftovers\n|upkeep\n|\n|t:|1776034256\n|switch|p2a: Torkoal|Torkoal, L50, M|47/100\n|switch|p2b: Camerupt|Camerupt, L50, F|100/100\n|turn|8\n|j| Carrielis\n|\n|t:|1776034266\n|detailschange|p2b: Camerupt|Camerupt-Mega, L50, F\n|-mega|p2b: Camerupt|Camerupt|Cameruptite\n|move|p1b: Garchomp|Protect|p1b: Garchomp\n|-singleturn|p1b: Garchomp|Protect\n|move|p1a: Rotom|Protect|p1a: Rotom\n|-singleturn|p1a: Rotom|Protect\n|move|p2b: Camerupt|Heat Wave|p1a: Rotom|[spread] \n|-activate|p1a: Rotom|move: Protect\n|-activate|p1b: Garchomp|move: Protect\n|move|p2a: Torkoal|Solar Beam||[still]\n|-prepare|p2a: Torkoal|Solar Beam\n|-anim|p2a: Torkoal|Solar Beam|p1a: Rotom\n|-activate|p1a: Rotom|move: Protect\n|\n|-weather|none\n|-heal|p1a: Rotom|90/100|[from] item: Leftovers\n|upkeep\n|turn|9\n|\n|t:|1776034275\n|move|p1b: Garchomp|Earthquake|p2b: Camerupt|[spread] p2a,p2b\n|-immune|p1a: Rotom|[from] ability: Levitate\n|-supereffective|p2a: Torkoal|1\n|-supereffective|p2b: Camerupt|1\n|-crit|p2b: Camerupt\n|-damage|p2a: Torkoal|15/100\n|-damage|p2b: Camerupt|0 fnt\n|faint|p2b: Camerupt\n|move|p1a: Rotom|Hydro Pump|p2a: Torkoal\n|-supereffective|p2a: Torkoal|1\n|-damage|p2a: Torkoal|0 fnt\n|faint|p2a: Torkoal\n|\n|win|BunyaminZ\n|n|\u2606BunyaminZ|bunyaminz\n|n|\u2606Sttuarrt|sttuarrt\n|n| Rainpelt103|rainpelt103\n|n| Madrugada123|madrugada123\n|n| aurora ltd|auroraltd\n|n| jongseobs 1 fanboy|jongseobs1fanboy\n|n| Carrielis|carrielis\n|l|\u2606BunyaminZ\n|player|p1|\n",
  "uploadtime": 1776034291,
  "views": 7,
  "formatid": "gen9championsvgc2026regma",
  "rating": null,
  "private": 0,
  "password": null
}