{
  "id": "gen9championsvgc2026regma-2589451848",
  "format": "[Gen 9 Champions] VGC 2026 Reg M-A",
  "players": [
    "underlinegui",
    "xRamii"
  ],
  "log": "|j|\u2606underlinegui\n|j|\u2606xRamii\n|t:|1776724157\n|gametype|doubles\n|player|p1|underlinegui|2|1513\n|player|p2|xRamii|veteran|1571\n|gen|9\n|tier|[Gen 9 Champions] VGC 2026 Reg M-A\n|rated|\n|rule|Species Clause: Limit one of each Pok\u00e9mon\n|rule|Item Clause: Limit 1 of each item\n|clearpoke\n|poke|p1|Meganium, L50, F, shiny|\n|poke|p1|Sableye, L50, F, shiny|\n|poke|p1|Archaludon, L50, M|\n|poke|p1|Basculegion, L50, M|\n|poke|p1|Pelipper, L50, M|\n|poke|p1|Sneasler, L50, F|\n|poke|p2|Incineroar, L50, F|\n|poke|p2|Whimsicott, L50, M, shiny|\n|poke|p2|Rotom-Wash, L50, shiny|\n|poke|p2|Sneasler, L50, F|\n|poke|p2|Garchomp, L50, M, shiny|\n|poke|p2|Charizard, L50, M, shiny|\n|teampreview|4\n|inactive|Battle timer is ON: inactive players will automatically lose when time's up. (requested by underlinegui)\n|inactive|underlinegui has 60 seconds left.\n|inactive|xRamii has 60 seconds left.\n|inactive|xRamii has 30 seconds left.\n|\n|t:|1776724225\n|teamsize|p1|4\n|teamsize|p2|4\n|start\n|switch|p1a: Basculegion|Basculegion, L50, M|100/100\n|switch|p1b: Sableye|Sableye, L50, F, shiny|100/100\n|switch|p2a: Whimsicott|Whimsicott, L50, M, shiny|100/100\n|switch|p2b: Rotom|Rotom-Wash, L50, shiny|100/100\n|turn|1\n|inactive|underlinegui has 30 seconds left.\n|\n|t:|1776724260\n|switch|p1a: Sneasler|Sneasler, L50, F|100/100\n|move|p1b: Sableye|Light Screen|p1b: Sableye\n|-sidestart|p1: underlinegui|move: Light Screen\n|move|p2a: Whimsicott|Moonblast|p1b: Sableye\n|-supereffective|p1b: Sableye|1\n|-damage|p1b: Sableye|47/100\n|move|p2b: Rotom|Will-O-Wisp|p1a: Sneasler\n|-status|p1a: Sneasler|brn\n|\n|-damage|p1a: Sneasler|95/100 brn|[from] brn\n|upkeep\n|turn|2\n|inactive|xRamii has 30 seconds left.\n|\n|t:|1776724293\n|move|p1b: Sableye|Encore|p2b: Rotom\n|-start|p2b: Rotom|Encore\n|move|p2a: Whimsicott|Moonblast|p1b: Sableye\n|-supereffective|p1b: Sableye|1\n|-damage|p1b: Sableye|0 fnt\n|faint|p1b: Sableye\n|move|p1a: Sneasler|Dire Claw|p2a: Whimsicott\n|-supereffective|p2a: Whimsicott|2\n|-enditem|p2a: Whimsicott|Focus Sash\n|-damage|p2a: Whimsicott|1/100\n|move|p2b: Rotom|Will-O-Wisp|p1a: Sneasler|[miss]\n|-miss|p2b: Rotom|p1a: Sneasler\n|\n|-damage|p1a: Sneasler|89/100 brn|[from] brn\n|upkeep\n|\n|t:|1776724310\n|switch|p1b: Basculegion|Basculegion, L50, M|100/100\n|turn|3\n|inactive|underlinegui has 30 seconds left.\n|inactive|underlinegui has 20 seconds left.\n|inactive|underlinegui has 15 seconds left.\n|inactive|underlinegui has 10 seconds left.\n|\n|t:|1776724355\n|switch|p2a: Sneasler|Sneasler, L50, F|100/100\n|move|p1b: Basculegion|Flip Turn|p2a: Sneasler\n|-damage|p2a: Sneasler|34/100\n|\n|t:|1776724361\n|switch|p1b: Pelipper|Pelipper, L50, M|100/100|[from] Flip Turn\n|-weather|RainDance|[from] ability: Drizzle|[of] p1b: Pelipper\n|move|p1a: Sneasler|Close Combat|p2b: Rotom\n|-damage|p2b: Rotom|71/100\n|-unboost|p1a: Sneasler|def|1\n|-unboost|p1a: Sneasler|spd|1\n|-enditem|p1a: Sneasler|White Herb\n|-clearnegativeboost|p1a: Sneasler|[silent]\n|move|p2b: Rotom|Will-O-Wisp|p1b: Pelipper|[miss]\n|-miss|p2b: Rotom|p1b: Pelipper\n|\n|-weather|RainDance|[upkeep]\n|-heal|p2b: Rotom|76/100|[from] item: Leftovers\n|-damage|p1a: Sneasler|83/100 brn|[from] brn\n|upkeep\n|turn|4\n|inactive|underlinegui has 30 seconds left.\n|\n|t:|1776724392\n|move|p2a: Sneasler|Protect|p2a: Sneasler\n|-singleturn|p2a: Sneasler|Protect\n|move|p1b: Pelipper|Protect|p1b: Pelipper\n|-singleturn|p1b: Pelipper|Protect\n|move|p1a: Sneasler|Dire Claw|p2b: Rotom\n|-damage|p2b: Rotom|53/100\n|move|p2b: Rotom|Will-O-Wisp|p1b: Pelipper\n|-activate|p1b: Pelipper|move: Protect\n|\n|-weather|RainDance|[upkeep]\n|-heal|p2b: Rotom|59/100|[from] item: Leftovers\n|-damage|p1a: Sneasler|78/100 brn|[from] brn\n|-end|p2b: Rotom|Encore\n|upkeep\n|turn|5\n|inactive|underlinegui has 30 seconds left.\n|inactive|underlinegui has 20 seconds left.\n|inactive|underlinegui has 15 seconds left.\n|\n|t:|1776724432\n|move|p1a: Sneasler|Dire Claw|p2b: Rotom\n|-damage|p2b: Rotom|37/100\n|move|p2a: Sneasler|Close Combat|p1a: Sneasler\n|-resisted|p1a: Sneasler|1\n|-damage|p1a: Sneasler|16/100 brn\n|-unboost|p2a: Sneasler|def|1\n|-unboost|p2a: Sneasler|spd|1\n|-enditem|p2a: Sneasler|White Herb\n|-clearnegativeboost|p2a: Sneasler|[silent]\n|move|p2b: Rotom|Thunderbolt|p1b: Pelipper\n|-supereffective|p1b: Pelipper|2\n|-enditem|p1b: Pelipper|Focus Sash\n|-damage|p1b: Pelipper|1/100\n|move|p1b: Pelipper|Tailwind|p1b: Pelipper\n|-sidestart|p1: underlinegui|move: Tailwind\n|\n|-weather|RainDance|[upkeep]\n|-heal|p2b: Rotom|43/100|[from] item: Leftovers\n|-damage|p1a: Sneasler|11/100 brn|[from] brn\n|-sideend|p1: underlinegui|move: Light Screen\n|upkeep\n|turn|6\n|inactive|underlinegui has 30 seconds left.\n|inactive|xRamii has 30 seconds left.\n|\n|t:|1776724462\n|move|p2a: Sneasler|Protect|p2a: Sneasler\n|-singleturn|p2a: Sneasler|Protect\n|move|p1b: Pelipper|Protect|p1b: Pelipper\n|-singleturn|p1b: Pelipper|Protect\n|move|p1a: Sneasler|Close Combat|p2a: Sneasler\n|-activate|p2a: Sneasler|move: Protect\n|move|p2b: Rotom|Thunderbolt|p1b: Pelipper\n|-activate|p1b: Pelipper|move: Protect\n|\n|-weather|RainDance|[upkeep]\n|-heal|p2b: Rotom|49/100|[from] item: Leftovers\n|-damage|p1a: Sneasler|5/100 brn|[from] brn\n|upkeep\n|turn|7\n|inactive|underlinegui has 30 seconds left.\n|\n|t:|1776724493\n|move|p1a: Sneasler|Dire Claw|p2b: Rotom\n|-damage|p2b: Rotom|27/100\n|move|p2a: Sneasler|Dire Claw|p1b: Pelipper\n|-damage|p1b: Pelipper|0 fnt\n|faint|p1b: Pelipper\n|move|p2b: Rotom|Thunderbolt|p1a: Sneasler\n|-damage|p1a: Sneasler|0 fnt\n|faint|p1a: Sneasler\n|\n|-weather|none\n|-heal|p2b: Rotom|33/100|[from] item: Leftovers\n|upkeep\n|\n|t:|1776724508\n|switch|p1b: Basculegion|Basculegion, L50, M|100/100\n|turn|8\n|\n|t:|1776724513\n|move|p2a: Sneasler|Protect|p2a: Sneasler\n|-singleturn|p2a: Sneasler|Protect\n|move|p2b: Rotom|Protect|p2b: Rotom\n|-singleturn|p2b: Rotom|Protect\n|move|p1b: Basculegion|Last Respects|p2b: Rotom\n|-activate|p2b: Rotom|move: Protect\n|\n|-heal|p2b: Rotom|39/100|[from] item: Leftovers\n|-sideend|p1: underlinegui|move: Tailwind\n|upkeep\n|turn|9\n|\n|t:|1776724529\n|move|p2a: Sneasler|Rock Tomb|p1b: Basculegion\n|-damage|p1b: Basculegion|69/100\n|-unboost|p1b: Basculegion|spe|1\n|move|p1b: Basculegion|Last Respects|p2b: Rotom\n|-damage|p2b: Rotom|0 fnt\n|faint|p2b: Rotom\n|\n|upkeep\n|\n|t:|1776724536\n|switch|p2b: Whimsicott|Whimsicott, L50, M, shiny|1/100\n|turn|10\n|\n|t:|1776724548\n|move|p2b: Whimsicott|Tailwind|p2b: Whimsicott\n|-sidestart|p2: xRamii|move: Tailwind\n|move|p2a: Sneasler|Dire Claw|p1b: Basculegion\n|-resisted|p1b: Basculegion|1\n|-damage|p1b: Basculegion|38/100\n|move|p1b: Basculegion|Last Respects|p2b: Whimsicott\n|-damage|p2b: Whimsicott|0 fnt\n|faint|p2b: Whimsicott\n|\n|upkeep\n|\n|t:|1776724555\n|switch|p2b: Charizard|Charizard, L50, M, shiny|100/100\n|turn|11\n|\n|t:|1776724565\n|detailschange|p2b: Charizard|Charizard-Mega-Y, L50, M, shiny\n|-mega|p2b: Charizard|Charizard|Charizardite Y\n|-weather|SunnyDay|[from] ability: Drought|[of] p2b: Charizard\n|move|p2a: Sneasler|Dire Claw|p1b: Basculegion\n|-resisted|p1b: Basculegion|1\n|-damage|p1b: Basculegion|11/100\n|-status|p1b: Basculegion|slp\n|move|p2b: Charizard|Solar Beam||[still]\n|-prepare|p2b: Charizard|Solar Beam\n|-anim|p2b: Charizard|Solar Beam|p1b: Basculegion\n|-supereffective|p1b: Basculegion|1\n|-damage|p1b: Basculegion|0 fnt\n|faint|p1b: Basculegion\n|\n|win|xRamii\n|raw|underlinegui's rating: 1513 &rarr; <strong>1496</strong><br />(-17 for losing)\n|raw|xRamii's rating: 1571 &rarr; <strong>1588</strong><br />(+17 for winning)\n",
  "uploadtime": 1776724579,
  "views": 9,
  "formatid": "gen9championsvgc2026regma",
  "rating": 1496,
  "private": 0,
  "password": null
}