{
  "id": "gen9championsvgc2026regma-2589427145",
  "format": "[Gen 9 Champions] VGC 2026 Reg M-A",
  "players": [
    "Mithozz",
    "NoMoreRegFAgain"
  ],
  "log": "|j|\u2606Mithozz\n|j|\u2606NoMoreRegFAgain\n|t:|1776722030\n|gametype|doubles\n|player|p1|Mithozz|hilbert|1180\n|player|p2|NoMoreRegFAgain|li|1253\n|gen|9\n|tier|[Gen 9 Champions] VGC 2026 Reg M-A\n|rated|\n|rule|Species Clause: Limit one of each Pok\u00e9mon\n|rule|Item Clause: Limit 1 of each item\n|clearpoke\n|poke|p1|Meowstic, L50, M|\n|poke|p1|Milotic, L50, F|\n|poke|p1|Venusaur, L50, F, shiny|\n|poke|p1|Charizard, L50, M, shiny|\n|poke|p1|Typhlosion, L50, F|\n|poke|p1|Torkoal, L50, M|\n|poke|p2|Delphox, L50, M, shiny|\n|poke|p2|Aerodactyl, L50, M, shiny|\n|poke|p2|Sneasler, L50, M|\n|poke|p2|Tsareena, L50, F, shiny|\n|poke|p2|Milotic, L50, F, shiny|\n|poke|p2|Garchomp, L50, M|\n|teampreview|4\n|inactive|Battle timer is ON: inactive players will automatically lose when time's up. (requested by NoMoreRegFAgain)\n|\n|t:|1776722052\n|teamsize|p1|4\n|teamsize|p2|4\n|start\n|switch|p1a: Meowstic|Meowstic, L50, M|100/100\n|switch|p1b: Milotic|Milotic, L50, F|100/100\n|switch|p2a: Aerodactyl|Aerodactyl, L50, M, shiny|100/100\n|switch|p2b: Sneasler|Sneasler, L50, M|100/100\n|-ability|p2a: Aerodactyl|Unnerve\n|turn|1\n|inactive|Mithozz has 30 seconds left.\n|\n|t:|1776722079\n|move|p2b: Sneasler|Fake Out|p1b: Milotic\n|-damage|p1b: Milotic|86/100\n|move|p1a: Meowstic|Fake Out|p2a: Aerodactyl\n|-resisted|p2a: Aerodactyl|1\n|-damage|p2a: Aerodactyl|97/100\n|cant|p2a: Aerodactyl|flinch\n|cant|p1b: Milotic|flinch\n|\n|upkeep\n|turn|2\n|inactive|NoMoreRegFAgain has 30 seconds left.\n|inactive|NoMoreRegFAgain has 20 seconds left.\n|inactive|NoMoreRegFAgain has 15 seconds left.\n|inactive|NoMoreRegFAgain has 10 seconds left.\n|\n|t:|1776722126\n|move|p1a: Meowstic|Psychic Terrain|p1a: Meowstic\n|-fieldstart|move: Psychic Terrain\n|move|p2a: Aerodactyl|Dual Wingbeat|p1b: Milotic\n|-damage|p1b: Milotic|66/100\n|-damage|p1b: Milotic|46/100\n|-hitcount|p1b: Milotic|2\n|move|p2b: Sneasler|Close Combat|p1b: Milotic\n|-damage|p1b: Milotic|0 fnt\n|-unboost|p2b: Sneasler|def|1\n|-unboost|p2b: Sneasler|spd|1\n|faint|p1b: Milotic\n|\n|upkeep\n|inactive|Mithozz has 30 seconds left.\n|\n|t:|1776722151\n|switch|p1b: Typhlosion|Typhlosion, L50, F|100/100\n|turn|3\n|\n|t:|1776722160\n|move|p2a: Aerodactyl|Protect|p2a: Aerodactyl\n|-singleturn|p2a: Aerodactyl|Protect\n|move|p1b: Typhlosion|Eruption|p2a: Aerodactyl|[spread] p2b\n|-activate|p2a: Aerodactyl|move: Protect\n|-enditem|p2b: Sneasler|Focus Sash\n|-damage|p2b: Sneasler|1/100\n|move|p2b: Sneasler|Close Combat|p1b: Typhlosion\n|-damage|p1b: Typhlosion|13/100\n|-unboost|p2b: Sneasler|def|1\n|-unboost|p2b: Sneasler|spd|1\n|move|p1a: Meowstic|Expanding Force|p2b: Sneasler|[spread] p2b\n|-activate|p2a: Aerodactyl|move: Protect\n|-supereffective|p2b: Sneasler|2\n|-damage|p2b: Sneasler|0 fnt\n|faint|p2b: Sneasler\n|\n|upkeep\n|\n|t:|1776722169\n|switch|p2b: Delphox|Delphox, L50, M, shiny|100/100\n|turn|4\n|\n|t:|1776722178\n|detailschange|p2b: Delphox|Delphox-Mega, L50, M, shiny\n|-mega|p2b: Delphox|Delphox|Delphoxite\n|move|p1b: Typhlosion|Eruption|p2a: Aerodactyl|[spread] p2a,p2b\n|-resisted|p2a: Aerodactyl|1\n|-resisted|p2b: Delphox|1\n|-damage|p2a: Aerodactyl|92/100\n|-damage|p2b: Delphox|98/100\n|move|p2b: Delphox|Substitute|p2b: Delphox\n|-start|p2b: Delphox|Substitute\n|-damage|p2b: Delphox|73/100\n|move|p2a: Aerodactyl|Tailwind|p2a: Aerodactyl\n|-sidestart|p2: NoMoreRegFAgain|move: Tailwind\n|move|p1a: Meowstic|Expanding Force|p2a: Aerodactyl|[spread] p2a,p2b\n|-resisted|p2b: Delphox|1\n|-activate|p2b: Delphox|move: Substitute|[damage]\n|-damage|p2a: Aerodactyl|30/100\n|\n|upkeep\n|turn|5\n|\n|t:|1776722196\n|move|p2b: Delphox|Psyshock|p1a: Meowstic\n|-resisted|p1a: Meowstic|1\n|-damage|p1a: Meowstic|66/100\n|move|p2a: Aerodactyl|Rock Slide|p1b: Typhlosion|[spread] p1a\n|-miss|p2a: Aerodactyl|p1b: Typhlosion\n|-crit|p1a: Meowstic\n|-damage|p1a: Meowstic|10/100\n|move|p1b: Typhlosion|Eruption|p2a: Aerodactyl|[spread] p2a,p2b\n|-resisted|p2b: Delphox|1\n|-end|p2b: Delphox|Substitute\n|-resisted|p2a: Aerodactyl|1\n|-damage|p2a: Aerodactyl|25/100\n|move|p1a: Meowstic|Expanding Force|p2a: Aerodactyl|[spread] p2a,p2b\n|-resisted|p2b: Delphox|1\n|-damage|p2a: Aerodactyl|0 fnt\n|-damage|p2b: Delphox|53/100\n|faint|p2a: Aerodactyl\n|\n|upkeep\n|\n|t:|1776722208\n|switch|p2a: Garchomp|Garchomp, L50, M|100/100\n|turn|6\n|\n|t:|1776722218\n|move|p2b: Delphox|Substitute|p2b: Delphox\n|-start|p2b: Delphox|Substitute\n|-damage|p2b: Delphox|29/100\n|move|p2a: Garchomp|Earthquake|p1b: Typhlosion|[spread] p1a,p1b\n|-immune|p2b: Delphox|[from] ability: Levitate\n|-supereffective|p1b: Typhlosion|1\n|-damage|p1a: Meowstic|0 fnt\n|-damage|p1b: Typhlosion|0 fnt\n|faint|p1a: Meowstic\n|faint|p1b: Typhlosion\n|\n|-fieldend|move: Psychic Terrain\n|upkeep\n|\n|t:|1776722235\n|switch|p1b: Charizard|Charizard, L50, M, shiny|100/100\n|turn|7\n|\n|t:|1776722240\n|detailschange|p1b: Charizard|Charizard-Mega-Y, L50, M, shiny\n|-mega|p1b: Charizard|Charizard|Charizardite Y\n|-weather|SunnyDay|[from] ability: Drought|[of] p1b: Charizard\n|move|p2b: Delphox|Psyshock|p1b: Charizard\n|-damage|p1b: Charizard|28/100\n|move|p2a: Garchomp|Dragon Claw|p1b: Charizard\n|-damage|p1b: Charizard|0 fnt\n|faint|p1b: Charizard\n|\n|win|NoMoreRegFAgain\n|raw|Mithozz's rating: 1180 &rarr; <strong>1158</strong><br />(-22 for losing)\n|raw|NoMoreRegFAgain's rating: 1222 &rarr; <strong>1244</strong><br />(+22 for winning)\n",
  "uploadtime": 1776722241,
  "views": 3,
  "formatid": "gen9championsvgc2026regma",
  "rating": 1158,
  "private": 0,
  "password": null
}