{
  "id": "gen9championsvgc2026regma-2584780464",
  "format": "[Gen 9 Champions] VGC 2026 Reg M-A",
  "players": [
    "shamal7ez",
    "oofmagoof"
  ],
  "log": "|j|\u2606shamal7ez\n|j|\u2606oofmagoof\n|t:|1776283148\n|gametype|doubles\n|player|p1|shamal7ez|red|1031\n|player|p2|oofmagoof|169|1088\n|gen|9\n|tier|[Gen 9 Champions] VGC 2026 Reg M-A\n|rated|\n|rule|Species Clause: Limit one of each Pok\u00e9mon\n|rule|Item Clause: Limit 1 of each item\n|clearpoke\n|poke|p1|Krookodile, L50, F|\n|poke|p1|Espathra, L50, F|\n|poke|p1|Pinsir, L50, M|\n|poke|p1|Sneasler, L50, F|\n|poke|p1|Alcremie, L50, F|\n|poke|p1|Sinistcha-Masterpiece, L50|\n|poke|p2|Venusaur, L50, M|\n|poke|p2|Incineroar, L50, M|\n|poke|p2|Aerodactyl, L50, M|\n|poke|p2|Basculegion, L50, M|\n|poke|p2|Alcremie, L50, F|\n|poke|p2|Kingambit, L50, M|\n|teampreview|4\n|\n|t:|1776283200\n|teamsize|p1|4\n|teamsize|p2|4\n|start\n|switch|p1a: Espathra|Espathra, L50, F|100/100\n|switch|p1b: Alcremie|Alcremie, L50, F|100/100\n|switch|p2a: Incineroar|Incineroar, L50, M|100/100\n|switch|p2b: Alcremie|Alcremie, L50, F|100/100\n|-ability|p2a: Incineroar|Intimidate|boost\n|-unboost|p1a: Espathra|atk|1\n|-unboost|p1b: Alcremie|atk|1\n|turn|1\n|\n|t:|1776283222\n|move|p2a: Incineroar|Fake Out|p1b: Alcremie\n|-damage|p1b: Alcremie|88/100\n|move|p1a: Espathra|Agility|p1a: Espathra\n|-boost|p1a: Espathra|spe|2\n|move|p2b: Alcremie|Light Screen|p2b: Alcremie\n|-sidestart|p2: oofmagoof|move: Light Screen\n|cant|p1b: Alcremie|flinch\n|\n|-heal|p1b: Alcremie|94/100|[from] item: Leftovers\n|-ability|p1a: Espathra|Speed Boost|boost\n|-boost|p1a: Espathra|spe|1\n|upkeep\n|turn|2\n|\n|t:|1776283269\n|switch|p2b: Aerodactyl|Aerodactyl, L50, M|100/100\n|-ability|p2b: Aerodactyl|Unnerve\n|move|p1a: Espathra|Protect|p1a: Espathra\n|-singleturn|p1a: Espathra|Protect\n|move|p2a: Incineroar|Darkest Lariat|p1a: Espathra\n|-activate|p1a: Espathra|move: Protect\n|move|p1b: Alcremie|Decorate|p1a: Espathra\n|-boost|p1a: Espathra|atk|2\n|-boost|p1a: Espathra|spa|2\n|\n|-heal|p1b: Alcremie|99/100|[from] item: Leftovers\n|-ability|p1a: Espathra|Speed Boost|boost\n|-boost|p1a: Espathra|spe|1\n|upkeep\n|turn|3\n|\n|t:|1776283301\n|move|p1a: Espathra|Baton Pass|p1a: Espathra\n|\n|t:|1776283302\n|switch|p1a: Krookodile|Krookodile, L50, F|100/100|[from] Baton Pass\n|move|p2b: Aerodactyl|Rock Slide|p1a: Krookodile|[spread] p1a,p1b\n|-resisted|p1a: Krookodile|1\n|-damage|p1a: Krookodile|84/100\n|-damage|p1b: Alcremie|75/100\n|move|p2a: Incineroar|Darkest Lariat|p1a: Krookodile\n|-resisted|p1a: Krookodile|1\n|-damage|p1a: Krookodile|57/100\n|move|p1b: Alcremie|Encore|p2a: Incineroar\n|-start|p2a: Incineroar|Encore\n|\n|-heal|p1b: Alcremie|81/100|[from] item: Leftovers\n|upkeep\n|turn|4\n|\n|t:|1776283326\n|switch|p2a: Alcremie|Alcremie, L50, F|100/100\n|move|p2b: Aerodactyl|Protect|p2b: Aerodactyl\n|-singleturn|p2b: Aerodactyl|Protect\n|move|p1a: Krookodile|Rock Slide|p2a: Alcremie|[spread] p2a\n|-activate|p2b: Aerodactyl|move: Protect\n|-damage|p2a: Alcremie|71/100\n|move|p1b: Alcremie|Decorate|p1a: Krookodile\n|-boost|p1a: Krookodile|atk|2\n|-boost|p1a: Krookodile|spa|2\n|\n|-heal|p1b: Alcremie|87/100|[from] item: Leftovers\n|-heal|p2a: Alcremie|77/100|[from] item: Leftovers\n|upkeep\n|turn|5\n|\n|t:|1776283352\n|switch|p1b: Sinistcha|Sinistcha-Masterpiece, L50|100/100\n|-heal|p1a: Krookodile|82/100|[from] ability: Hospitality|[of] p1b: Sinistcha\n|move|p1a: Krookodile|Rock Slide|p2a: Alcremie|[spread] p2b\n|-miss|p1a: Krookodile|p2a: Alcremie\n|-supereffective|p2b: Aerodactyl|1\n|-enditem|p2b: Aerodactyl|Focus Sash\n|-damage|p2b: Aerodactyl|1/100\n|move|p2b: Aerodactyl|Tailwind|p2b: Aerodactyl\n|-sidestart|p2: oofmagoof|move: Tailwind\n|move|p2a: Alcremie|Decorate|p2b: Aerodactyl\n|-boost|p2b: Aerodactyl|atk|2\n|-boost|p2b: Aerodactyl|spa|2\n|\n|-heal|p2a: Alcremie|83/100|[from] item: Leftovers\n|-sideend|p2: oofmagoof|move: Light Screen\n|upkeep\n|turn|6\n|\n|t:|1776283381\n|move|p1a: Krookodile|Rock Slide|p2a: Alcremie|[spread] p2a,p2b\n|-crit|p2a: Alcremie\n|-supereffective|p2b: Aerodactyl|1\n|-damage|p2a: Alcremie|12/100\n|-damage|p2b: Aerodactyl|0 fnt\n|faint|p2b: Aerodactyl\n|-ability|p1a: Krookodile|Moxie|boost\n|-boost|p1a: Krookodile|atk|1\n|move|p2a: Alcremie|Light Screen|p2a: Alcremie\n|-sidestart|p2: oofmagoof|move: Light Screen\n|move|p1b: Sinistcha|Life Dew||[still]|[spread] p1a,p1b\n|-heal|p1a: Krookodile|100/100\n|-fail|p1b: Sinistcha|heal\n|\n|-heal|p2a: Alcremie|18/100|[from] item: Leftovers\n|upkeep\n|-message|oofmagoof forfeited.\n|\n|win|shamal7ez\n|raw|shamal7ez's rating: 1031 &rarr; <strong>1072</strong><br />(+41 for winning)\n|raw|oofmagoof's rating: 1088 &rarr; <strong>1061</strong><br />(-27 for losing)\n|l|\u2606oofmagoof\n|player|p2|\n",
  "uploadtime": 1776283394,
  "views": 33,
  "formatid": "gen9championsvgc2026regma",
  "rating": 1061,
  "private": 0,
  "password": null
}