{
  "id": "gen9championsvgc2026regma-2581643033",
  "format": "[Gen 9 Champions] VGC 2026 Reg M-A",
  "players": [
    "thc_byakugan",
    "xBabis_"
  ],
  "log": "|j|\u2606thc_byakugan\n|j|\u2606xBabis_\n|t:|1776017413\n|gametype|doubles\n|player|p1|thc_byakugan|dancer|1133\n|player|p2|xBabis_|169|1066\n|gen|9\n|tier|[Gen 9 Champions] VGC 2026 Reg M-A\n|rated|\n|rule|Species Clause: Limit one of each Pok\u00e9mon\n|rule|Item Clause: Limit 1 of each item\n|clearpoke\n|poke|p1|Garchomp, L50, M|\n|poke|p1|Salazzle, L50, F|\n|poke|p1|Venusaur, L50, M|\n|poke|p1|Pangoro, L50, F|\n|poke|p1|Bellibolt, L50, F|\n|poke|p1|Mimikyu, L50, F|\n|poke|p2|Feraligatr, L50, F|\n|poke|p2|Empoleon, L50, F|\n|poke|p2|Rotom-Wash, L50|\n|poke|p2|Garchomp, L50, F|\n|poke|p2|Talonflame, L50, M|\n|poke|p2|Clefable, L50, F|\n|teampreview|4\n|\n|t:|1776017449\n|teamsize|p1|4\n|teamsize|p2|4\n|start\n|switch|p1a: Bellibolt|Bellibolt, L50, F|100/100\n|switch|p1b: Venusaur|Venusaur, L50, M|100/100\n|switch|p2a: Empoleon|Empoleon, L50, F|100/100\n|switch|p2b: Feraligatr|Feraligatr, L50, F|100/100\n|turn|1\n|\n|t:|1776017488\n|move|p2b: Feraligatr|Swords Dance|p2b: Feraligatr\n|-boost|p2b: Feraligatr|atk|2\n|move|p1b: Venusaur|Sleep Powder|p2b: Feraligatr\n|-status|p2b: Feraligatr|slp|[from] move: Sleep Powder\n|move|p2a: Empoleon|Icy Wind|p1b: Venusaur|[spread] p1b\n|-miss|p2a: Empoleon|p1a: Bellibolt\n|-supereffective|p1b: Venusaur|1\n|-damage|p1b: Venusaur|86/100\n|-unboost|p1b: Venusaur|spe|1\n|move|p1a: Bellibolt|Charge|p1a: Bellibolt\n|-boost|p1a: Bellibolt|spd|1\n|-start|p1a: Bellibolt|Charge\n|\n|-heal|p1b: Venusaur|91/100|[from] item: Leftovers\n|upkeep\n|turn|2\n|\n|t:|1776017535\n|detailschange|p2b: Feraligatr|Feraligatr-Mega, L50, F\n|-mega|p2b: Feraligatr|Feraligatr|Feraligite\n|move|p2a: Empoleon|Protect|p2a: Empoleon\n|-singleturn|p2a: Empoleon|Protect\n|cant|p2b: Feraligatr|slp\n|move|p1b: Venusaur|Leech Seed|p2a: Empoleon\n|-activate|p2a: Empoleon|move: Protect\n|move|p1a: Bellibolt|Thunderbolt|p2b: Feraligatr\n|-damage|p2b: Feraligatr|16/100 slp\n|-end|p1a: Bellibolt|Charge|[silent]\n|\n|-heal|p1b: Venusaur|97/100|[from] item: Leftovers\n|upkeep\n|turn|3\n|\n|t:|1776017591\n|switch|p2a: Garchomp|Garchomp, L50, F|100/100\n|cant|p2b: Feraligatr|slp\n|move|p1b: Venusaur|Sludge Bomb|p2b: Feraligatr\n|-damage|p2b: Feraligatr|0 fnt\n|faint|p2b: Feraligatr\n|move|p1a: Bellibolt|Thunderbolt|p2a: Garchomp\n|-immune|p2a: Garchomp\n|\n|-heal|p1b: Venusaur|100/100|[from] item: Leftovers\n|upkeep\n|\n|t:|1776017610\n|switch|p2b: Talonflame|Talonflame, L50, M|100/100\n|turn|4\n|\n|t:|1776017660\n|switch|p1a: Garchomp|Garchomp, L50, M|100/100\n|move|p1b: Venusaur|Protect|p1b: Venusaur\n|-singleturn|p1b: Venusaur|Protect\n|move|p2b: Talonflame|Brave Bird|p1b: Venusaur\n|-activate|p1b: Venusaur|move: Protect\n|move|p2a: Garchomp|Earthquake|p1a: Garchomp|[spread] p1a\n|-activate|p1b: Venusaur|move: Protect\n|-immune|p2b: Talonflame\n|-damage|p1a: Garchomp|64/100\n|\n|upkeep\n|turn|5\n|\n|t:|1776017706\n|switch|p1b: Bellibolt|Bellibolt, L50, F|100/100\n|detailschange|p1a: Garchomp|Garchomp-Mega, L50, M\n|-mega|p1a: Garchomp|Garchomp|Garchompite\n|move|p2b: Talonflame|Brave Bird|p1b: Bellibolt\n|-resisted|p1b: Bellibolt|1\n|-damage|p1b: Bellibolt|88/100\n|-start|p1b: Bellibolt|Charge|Brave Bird|[from] ability: Electromorphosis\n|-damage|p2b: Talonflame|96/100|[from] Recoil\n|move|p1a: Garchomp|Dragon Claw|p2a: Garchomp\n|-supereffective|p2a: Garchomp|1\n|-damage|p2a: Garchomp|7/100\n|-damage|p1a: Garchomp|52/100|[from] ability: Rough Skin|[of] p2a: Garchomp\n|move|p2a: Garchomp|Swords Dance|p2a: Garchomp\n|-boost|p2a: Garchomp|atk|2\n|\n|upkeep\n|turn|6\n|\n|t:|1776017739\n|move|p2a: Garchomp|Protect|p2a: Garchomp\n|-singleturn|p2a: Garchomp|Protect\n|move|p2b: Talonflame|Tailwind|p2b: Talonflame\n|-sidestart|p2: xBabis_|move: Tailwind\n|move|p1a: Garchomp|Rock Slide|p2a: Garchomp|[spread] \n|-activate|p2a: Garchomp|move: Protect\n|-miss|p1a: Garchomp|p2b: Talonflame\n|move|p1b: Bellibolt|Muddy Water|p2b: Talonflame|[spread] p2b\n|-activate|p2a: Garchomp|move: Protect\n|-supereffective|p2b: Talonflame|1\n|-damage|p2b: Talonflame|58/100\n|\n|upkeep\n|turn|7\n|\n|t:|1776017786\n|move|p2b: Talonflame|Protect|p2b: Talonflame\n|-singleturn|p2b: Talonflame|Protect\n|move|p2a: Garchomp|Dragon Claw|p1a: Garchomp\n|-supereffective|p1a: Garchomp|1\n|-damage|p1a: Garchomp|0 fnt\n|faint|p1a: Garchomp\n|move|p1b: Bellibolt|Slack Off|p1b: Bellibolt\n|-heal|p1b: Bellibolt|100/100\n|\n|upkeep\n|\n|t:|1776017805\n|switch|p1a: Venusaur|Venusaur, L50, M|100/100\n|turn|8\n|\n|t:|1776017857\n|switch|p1b: Pangoro|Pangoro, L50, F|100/100\n|move|p2b: Talonflame|Brave Bird|p1a: Venusaur\n|-supereffective|p1a: Venusaur|1\n|-damage|p1a: Venusaur|14/100\n|-damage|p2b: Talonflame|29/100|[from] Recoil\n|move|p2a: Garchomp|Earthquake|p1a: Venusaur|[spread] p1a,p1b\n|-immune|p2b: Talonflame\n|-damage|p1a: Venusaur|0 fnt\n|-damage|p1b: Pangoro|21/100\n|faint|p1a: Venusaur\n|\n|upkeep\n|\n|t:|1776017870\n|switch|p1a: Bellibolt|Bellibolt, L50, F|100/100\n|turn|9\n|\n|t:|1776017906\n|move|p2b: Talonflame|Brave Bird|p1a: Bellibolt\n|-resisted|p1a: Bellibolt|1\n|-damage|p1a: Bellibolt|89/100\n|-start|p1a: Bellibolt|Charge|Brave Bird|[from] ability: Electromorphosis\n|-damage|p2b: Talonflame|25/100|[from] Recoil\n|move|p2a: Garchomp|Earthquake|p1a: Bellibolt|[spread] p1a,p1b\n|-immune|p2b: Talonflame\n|-supereffective|p1a: Bellibolt|1\n|-damage|p1a: Bellibolt|0 fnt\n|-damage|p1b: Pangoro|0 fnt\n|faint|p1a: Bellibolt\n|faint|p1b: Pangoro\n|\n|win|xBabis_\n|raw|thc_byakugan's rating: 1133 &rarr; <strong>1103</strong><br />(-30 for losing)\n|raw|xBabis_'s rating: 1066 &rarr; <strong>1102</strong><br />(+36 for winning)\n|l|\u2606thc_byakugan\n|player|p1|\n",
  "uploadtime": 1776017937,
  "views": 19,
  "formatid": "gen9championsvgc2026regma",
  "rating": 1102,
  "private": 0,
  "password": null
}