{
  "id": "gen9championsvgc2026regma-2583699861",
  "format": "[Gen 9 Champions] VGC 2026 Reg M-A",
  "players": [
    "MRson777",
    "thecynikyt"
  ],
  "log": "|j|\u2606MRson777\n|j|\u2606thecynikyt\n|t:|1776191836\n|gametype|doubles\n|player|p1|MRson777|1|1101\n|player|p2|thecynikyt|alder|1103\n|gen|9\n|tier|[Gen 9 Champions] VGC 2026 Reg M-A\n|rated|\n|rule|Species Clause: Limit one of each Pok\u00e9mon\n|rule|Item Clause: Limit 1 of each item\n|clearpoke\n|poke|p1|Gardevoir, L50, M|\n|poke|p1|Corviknight, L50, M|\n|poke|p1|Garchomp, L50, F|\n|poke|p1|Milotic, L50, M|\n|poke|p1|Incineroar, L50, M|\n|poke|p1|Tyranitar, L50, F|\n|poke|p2|Gallade, L50, M|\n|poke|p2|Whimsicott, L50, F|\n|poke|p2|Garchomp, L50, F|\n|poke|p2|Archaludon, L50, M|\n|poke|p2|Froslass, L50, F|\n|poke|p2|Dragapult, L50, F|\n|teampreview|4\n|inactive|Battle timer is ON: inactive players will automatically lose when time's up. (requested by thecynikyt)\n|inactive|MRson777 also wants the timer to be on.\n|inactive|MRson777 has 60 seconds left.\n|\n|t:|1776191874\n|teamsize|p1|4\n|teamsize|p2|4\n|start\n|switch|p1a: Incineroar|Incineroar, L50, M, shiny|100/100\n|switch|p1b: Corviknight|Corviknight, L50, M|100/100\n|switch|p2a: Whimsicott|Whimsicott, L50, F|100/100\n|switch|p2b: Froslass|Froslass, L50, F|100/100\n|-ability|p1a: Incineroar|Intimidate|boost\n|-unboost|p2a: Whimsicott|atk|1\n|-unboost|p2b: Froslass|atk|1\n|turn|1\n|\n|t:|1776191895\n|switch|p2a: Archaludon|Archaludon, L50, M|100/100\n|move|p2b: Froslass|Protect|p2b: Froslass\n|-singleturn|p2b: Froslass|Protect\n|move|p1b: Corviknight|Iron Head|p2a: Archaludon\n|-resisted|p2a: Archaludon|1\n|-damage|p2a: Archaludon|89/100\n|-ability|p2a: Archaludon|Stamina|boost\n|-boost|p2a: Archaludon|def|1\n|move|p1a: Incineroar|Flare Blitz|p2b: Froslass\n|-activate|p2b: Froslass|move: Protect\n|\n|-heal|p2a: Archaludon|95/100|[from] item: Leftovers\n|upkeep\n|turn|2\n|inactive|MRson777 has 30 seconds left.\n|inactive|thecynikyt has 30 seconds left.\n|\n|t:|1776191926\n|switch|p2b: Gallade|Gallade, L50, M, shiny|100/100\n|move|p2a: Archaludon|Electro Shot||[still]\n|-prepare|p2a: Archaludon|Electro Shot\n|-boost|p2a: Archaludon|spa|1\n|move|p1b: Corviknight|Tailwind|p1b: Corviknight\n|-sidestart|p1: MRson777|move: Tailwind\n|move|p1a: Incineroar|Flare Blitz|p2b: Gallade\n|-damage|p2b: Gallade|14/100\n|-damage|p1a: Incineroar|80/100|[from] Recoil\n|\n|-heal|p2a: Archaludon|100/100|[from] item: Leftovers\n|upkeep\n|turn|3\n|\n|t:|1776191950\n|switch|p1b: Garchomp|Garchomp, L50, F|100/100\n|move|p1a: Incineroar|Parting Shot|p2a: Archaludon\n|-unboost|p2a: Archaludon|atk|1\n|-unboost|p2a: Archaludon|spa|1\n|\n|t:|1776191958\n|switch|p1a: Corviknight|Corviknight, L50, M|100/100|[from] Parting Shot\n|move|p2a: Archaludon|Electro Shot|p1a: Corviknight|[from] lockedmove\n|-supereffective|p1a: Corviknight|1\n|-damage|p1a: Corviknight|5/100\n|move|p2b: Gallade|Sacred Sword|p1a: Corviknight\n|-crit|p1a: Corviknight\n|-damage|p1a: Corviknight|0 fnt\n|faint|p1a: Corviknight\n|\n|upkeep\n|\n|t:|1776191969\n|switch|p1a: Incineroar|Incineroar, L50, M, shiny|80/100\n|-ability|p1a: Incineroar|Intimidate|boost\n|-unboost|p2a: Archaludon|atk|1\n|-unboost|p2b: Gallade|atk|1\n|turn|4\n|\n|t:|1776191989\n|switch|p1a: Gardevoir|Gardevoir, L50, M|100/100\n|switch|p2b: Whimsicott|Whimsicott, L50, F|100/100\n|move|p1b: Garchomp|Earthquake|p2a: Archaludon|[spread] p2a,p2b\n|-activate|p1a: Gardevoir|ability: Telepathy\n|-supereffective|p2a: Archaludon|1\n|-resisted|p2b: Whimsicott|1\n|-damage|p2a: Archaludon|54/100\n|-damage|p2b: Whimsicott|65/100\n|-ability|p2a: Archaludon|Stamina|boost\n|-boost|p2a: Archaludon|def|1\n|move|p2a: Archaludon|Dragon Pulse|p1b: Garchomp\n|-supereffective|p1b: Garchomp|1\n|-damage|p1b: Garchomp|0 fnt\n|faint|p1b: Garchomp\n|\n|-heal|p2a: Archaludon|60/100|[from] item: Leftovers\n|upkeep\n|\n|t:|1776192005\n|switch|p1b: Incineroar|Incineroar, L50, M, shiny|80/100\n|-ability|p1b: Incineroar|Intimidate|boost\n|-unboost|p2a: Archaludon|atk|1\n|-unboost|p2b: Whimsicott|atk|1\n|turn|5\n|\n|t:|1776192013\n|detailschange|p1a: Gardevoir|Gardevoir-Mega, L50, M\n|-mega|p1a: Gardevoir|Gardevoir|Gardevoirite\n|move|p2b: Whimsicott|Protect|p2b: Whimsicott\n|-singleturn|p2b: Whimsicott|Protect\n|move|p2a: Archaludon|Protect|p2a: Archaludon\n|-singleturn|p2a: Archaludon|Protect\n|move|p1b: Incineroar|Fake Out|p2b: Whimsicott\n|-activate|p2b: Whimsicott|move: Protect\n|move|p1a: Gardevoir|Hyper Voice|p2a: Archaludon|[spread] \n|-activate|p2a: Archaludon|move: Protect\n|-activate|p2b: Whimsicott|move: Protect\n|\n|-heal|p2a: Archaludon|66/100|[from] item: Leftovers\n|-sideend|p1: MRson777|move: Tailwind\n|upkeep\n|turn|6\n|\n|t:|1776192028\n|move|p1b: Incineroar|Helping Hand|p1a: Gardevoir\n|-singleturn|p1a: Gardevoir|Helping Hand|[of] p1b: Incineroar\n|move|p2b: Whimsicott|Tailwind|p2b: Whimsicott\n|-sidestart|p2: thecynikyt|move: Tailwind\n|move|p2a: Archaludon|Flash Cannon|p1a: Gardevoir\n|-supereffective|p1a: Gardevoir|1\n|-damage|p1a: Gardevoir|30/100\n|move|p1a: Gardevoir|Hyper Voice|p2b: Whimsicott|[spread] p2a,p2b\n|-damage|p2a: Archaludon|0 fnt\n|-damage|p2b: Whimsicott|0 fnt\n|faint|p2a: Archaludon\n|faint|p2b: Whimsicott\n|\n|upkeep\n|\n|t:|1776192034\n|switch|p2b: Froslass|Froslass, L50, F|100/100\n|switch|p2a: Gallade|Gallade, L50, M, shiny|14/100\n|turn|7\n|\n|t:|1776192053\n|detailschange|p2b: Froslass|Froslass-Mega, L50, F\n|-mega|p2b: Froslass|Froslass|Froslassite\n|-weather|Snowscape|[from] ability: Snow Warning|[of] p2b: Froslass\n|move|p1a: Gardevoir|Protect|p1a: Gardevoir\n|-singleturn|p1a: Gardevoir|Protect\n|move|p2b: Froslass|Blizzard|p1b: Incineroar|[spread] p1b\n|-activate|p1a: Gardevoir|move: Protect\n|-resisted|p1b: Incineroar|1\n|-crit|p1b: Incineroar\n|-damage|p1b: Incineroar|50/100\n|-enditem|p1b: Incineroar|Sitrus Berry|[eat]\n|-heal|p1b: Incineroar|75/100|[from] item: Sitrus Berry\n|move|p2a: Gallade|Sacred Sword|p1b: Incineroar\n|-supereffective|p1b: Incineroar|1\n|-damage|p1b: Incineroar|0 fnt\n|faint|p1b: Incineroar\n|\n|-weather|Snowscape|[upkeep]\n|upkeep\n|turn|8\n|\n|t:|1776192069\n|move|p2b: Froslass|Shadow Ball|p1a: Gardevoir\n|-supereffective|p1a: Gardevoir|1\n|-damage|p1a: Gardevoir|0 fnt\n|faint|p1a: Gardevoir\n|\n|win|thecynikyt\n|raw|MRson777's rating: 1101 &rarr; <strong>1076</strong><br />(-25 for losing)\n|raw|thecynikyt's rating: 1103 &rarr; <strong>1128</strong><br />(+25 for winning)\n",
  "uploadtime": 1776192075,
  "views": 26,
  "formatid": "gen9championsvgc2026regma",
  "rating": 1076,
  "private": 0,
  "password": null
}