{
  "id": "gen9championsvgc2026regma-2583297236",
  "format": "[Gen 9 Champions] VGC 2026 Reg M-A",
  "players": [
    "ciberpk",
    "Lacksatives"
  ],
  "log": "|j|\u2606ciberpk\n|j|\u2606Lacksatives\n|t:|1776164375\n|gametype|doubles\n|player|p1|ciberpk|266|1156\n|player|p2|Lacksatives|swimmer-masters|1166\n|gen|9\n|tier|[Gen 9 Champions] VGC 2026 Reg M-A\n|rated|\n|rule|Species Clause: Limit one of each Pok\u00e9mon\n|rule|Item Clause: Limit 1 of each item\n|clearpoke\n|poke|p1|Kingambit, L50, F|\n|poke|p1|Sinistcha, L50|\n|poke|p1|Primarina, L50, M|\n|poke|p1|Garchomp, L50, M|\n|poke|p1|Incineroar, L50, F|\n|poke|p1|Sneasler, L50, F|\n|poke|p2|Gengar, L50, M|\n|poke|p2|Kommo-o, L50, M|\n|poke|p2|Tyranitar, L50, F|\n|poke|p2|Scizor, L50, F|\n|poke|p2|Incineroar, L50, M|\n|poke|p2|Milotic, L50, M|\n|teampreview|4\n|\n|t:|1776164434\n|teamsize|p1|4\n|teamsize|p2|4\n|start\n|switch|p1a: Garchomp|Garchomp, L50, M|100/100\n|switch|p1b: Incineroar|Incineroar, L50, F|100/100\n|switch|p2a: Gengar|Gengar, L50, M|100/100\n|switch|p2b: Kommo-o|Kommo-o, L50, M|100/100\n|-ability|p1b: Incineroar|Intimidate|boost\n|-unboost|p2a: Gengar|atk|1\n|-unboost|p2b: Kommo-o|atk|1\n|turn|1\n|\n|t:|1776164448\n|detailschange|p2a: Gengar|Gengar-Mega, L50, M\n|-mega|p2a: Gengar|Gengar|Gengarite\n|move|p2a: Gengar|Protect|p2a: Gengar\n|-singleturn|p2a: Gengar|Protect\n|move|p2b: Kommo-o|Protect|p2b: Kommo-o\n|-singleturn|p2b: Kommo-o|Protect\n|move|p1b: Incineroar|Fake Out|p2b: Kommo-o\n|-activate|p2b: Kommo-o|move: Protect\n|move|p1a: Garchomp|Dragon Claw|p2b: Kommo-o\n|-activate|p2b: Kommo-o|move: Protect\n|\n|upkeep\n|turn|2\n|\n|t:|1776164467\n|detailschange|p1a: Garchomp|Garchomp-Mega, L50, M\n|-mega|p1a: Garchomp|Garchomp|Garchompite\n|move|p2a: Gengar|Icy Wind|p1a: Garchomp|[spread] p1a,p1b\n|-supereffective|p1a: Garchomp|2\n|-resisted|p1b: Incineroar|1\n|-damage|p1a: Garchomp|26/100\n|-damage|p1b: Incineroar|94/100\n|-unboost|p1a: Garchomp|spe|1\n|-unboost|p1b: Incineroar|spe|1\n|move|p2b: Kommo-o|Clanging Scales|p1a: Garchomp|[spread] p1a,p1b\n|-supereffective|p1a: Garchomp|1\n|-damage|p1a: Garchomp|0 fnt\n|-damage|p1b: Incineroar|61/100\n|faint|p1a: Garchomp\n|-unboost|p2b: Kommo-o|def|1\n|move|p1b: Incineroar|Parting Shot|p2a: Gengar\n|-unboost|p2a: Gengar|atk|1\n|-unboost|p2a: Gengar|spa|1\n|\n|t:|1776164481\n|switch|p1b: Sinistcha|Sinistcha, L50|100/100|[from] Parting Shot\n|\n|upkeep\n|\n|t:|1776164486\n|switch|p1a: Incineroar|Incineroar, L50, F|61/100\n|-ability|p1a: Incineroar|Intimidate|boost\n|-unboost|p2a: Gengar|atk|1\n|-unboost|p2b: Kommo-o|atk|1\n|turn|3\n|\n|t:|1776164540\n|move|p2a: Gengar|Protect|p2a: Gengar\n|-singleturn|p2a: Gengar|Protect\n|move|p2b: Kommo-o|Aura Sphere|p1a: Incineroar\n|-supereffective|p1a: Incineroar|1\n|-damage|p1a: Incineroar|1/100\n|-enditem|p1a: Incineroar|Sitrus Berry|[eat]\n|-heal|p1a: Incineroar|26/100|[from] item: Sitrus Berry\n|move|p1a: Incineroar|Parting Shot|p2b: Kommo-o\n|-immune|p2b: Kommo-o|[from] ability: Soundproof\n|move|p1b: Sinistcha|Trick Room|p1b: Sinistcha\n|-fieldstart|move: Trick Room|[of] p1b: Sinistcha\n|\n|upkeep\n|turn|4\n|\n|t:|1776164564\n|switch|p2a: Milotic|Milotic, L50, M|100/100\n|move|p1a: Incineroar|Darkest Lariat|p2a: Milotic\n|-damage|p2a: Milotic|72/100\n|move|p1b: Sinistcha|Matcha Gotcha|p2b: Kommo-o|[spread] p2a,p2b\n|-supereffective|p2a: Milotic|1\n|-resisted|p2b: Kommo-o|1\n|-crit|p2b: Kommo-o\n|-damage|p2a: Milotic|38/100\n|-damage|p2b: Kommo-o|84/100\n|move|p2b: Kommo-o|Clanging Scales|p1b: Sinistcha|[spread] p1a,p1b\n|-damage|p1a: Incineroar|0 fnt\n|-damage|p1b: Sinistcha|56/100\n|faint|p1a: Incineroar\n|-unboost|p2b: Kommo-o|def|1\n|\n|-heal|p2a: Milotic|44/100|[from] item: Leftovers\n|upkeep\n|\n|t:|1776164579\n|switch|p1a: Kingambit|Kingambit, L50, F|100/100\n|turn|5\n|\n|t:|1776164621\n|switch|p2b: Scizor|Scizor, L50, F|100/100\n|move|p2a: Milotic|Protect|p2a: Milotic\n|-singleturn|p2a: Milotic|Protect\n|move|p1a: Kingambit|Low Kick|p2b: Scizor\n|-damage|p2b: Scizor|63/100\n|move|p1b: Sinistcha|Matcha Gotcha|p2a: Milotic|[spread] p2b\n|-activate|p2a: Milotic|move: Protect\n|-resisted|p2b: Scizor|2\n|-damage|p2b: Scizor|55/100\n|-heal|p1b: Sinistcha|60/100|[from] drain|[of] p2b: Scizor\n|\n|-heal|p2a: Milotic|50/100|[from] item: Leftovers\n|upkeep\n|turn|6\n|\n|t:|1776164658\n|move|p2a: Milotic|Helping Hand|p2b: Scizor\n|-singleturn|p2b: Scizor|Helping Hand|[of] p2a: Milotic\n|move|p2b: Scizor|Bullet Punch|p1b: Sinistcha\n|-damage|p1b: Sinistcha|16/100\n|move|p1a: Kingambit|Kowtow Cleave|p2b: Scizor\n|-damage|p2b: Scizor|0 fnt\n|faint|p2b: Scizor\n|move|p1b: Sinistcha|Matcha Gotcha|p2a: Milotic\n|-supereffective|p2a: Milotic|1\n|-damage|p2a: Milotic|0 fnt\n|-heal|p1b: Sinistcha|44/100|[from] drain|[of] p2a: Milotic\n|faint|p2a: Milotic\n|\n|upkeep\n|\n|t:|1776164666\n|switch|p2b: Kommo-o|Kommo-o, L50, M|84/100\n|switch|p2a: Gengar|Gengar-Mega, L50, M|100/100\n|turn|7\n|\n|t:|1776164692\n|move|p2a: Gengar|Protect|p2a: Gengar\n|-singleturn|p2a: Gengar|Protect\n|move|p1a: Kingambit|Low Kick|p2b: Kommo-o\n|-damage|p2b: Kommo-o|59/100\n|move|p1b: Sinistcha|Matcha Gotcha|p2a: Gengar|[spread] p2b\n|-activate|p2a: Gengar|move: Protect\n|-resisted|p2b: Kommo-o|1\n|-damage|p2b: Kommo-o|46/100\n|-heal|p1b: Sinistcha|50/100|[from] drain|[of] p2b: Kommo-o\n|move|p2b: Kommo-o|Aura Sphere|p1a: Kingambit\n|-supereffective|p1a: Kingambit|2\n|-damage|p1a: Kingambit|0 fnt\n|faint|p1a: Kingambit\n|\n|-fieldend|move: Trick Room\n|upkeep\n|turn|8\n|\n|t:|1776164713\n|move|p2a: Gengar|Shadow Ball|p1b: Sinistcha\n|-supereffective|p1b: Sinistcha|1\n|-damage|p1b: Sinistcha|0 fnt\n|faint|p1b: Sinistcha\n|\n|win|Lacksatives\n|raw|ciberpk's rating: 1156 &rarr; <strong>1132</strong><br />(-24 for losing)\n|raw|Lacksatives's rating: 1166 &rarr; <strong>1190</strong><br />(+24 for winning)\n|l|\u2606ciberpk\n|player|p1|\n",
  "uploadtime": 1776164722,
  "views": 17,
  "formatid": "gen9championsvgc2026regma",
  "rating": 1132,
  "private": 0,
  "password": null
}