{
  "id": "gen9championsvgc2026regma-2584984914",
  "format": "[Gen 9 Champions] VGC 2026 Reg M-A",
  "players": [
    "Playinhdisgaem4fun",
    "shonems"
  ],
  "log": "|j|\u2606Playinhdisgaem4fun\n|j|\u2606shonems\n|t:|1776300665\n|gametype|doubles\n|player|p1|Playinhdisgaem4fun|maid-gen6|1153\n|player|p2|shonems|170|1233\n|gen|9\n|tier|[Gen 9 Champions] VGC 2026 Reg M-A\n|rated|\n|rule|Species Clause: Limit one of each Pok\u00e9mon\n|rule|Item Clause: Limit 1 of each item\n|clearpoke\n|poke|p1|Pelipper, L50, F|\n|poke|p1|Basculegion, L50, M|\n|poke|p1|Incineroar, L50, F|\n|poke|p1|Sneasler, L50, F|\n|poke|p1|Archaludon, L50, F|\n|poke|p1|Lucario, L50, F|\n|poke|p2|Kingambit, L50, F|\n|poke|p2|Froslass, L50, F|\n|poke|p2|Sneasler, L50, M|\n|poke|p2|Incineroar, L50, F|\n|poke|p2|Primarina, L50, F|\n|poke|p2|Typhlosion-Hisui, L50, F|\n|teampreview|4\n|inactive|Battle timer is ON: inactive players will automatically lose when time's up. (requested by Playinhdisgaem4fun)\nPlayinhdisgaem4fun rejected open team sheets.\n|inactive|Playinhdisgaem4fun has 60 seconds left.\n|\n|t:|1776300702\n|teamsize|p1|4\n|teamsize|p2|4\n|start\n|switch|p1a: Incineroar|Incineroar, L50, F|100/100\n|switch|p1b: Lucario|Lucario, L50, F|100/100\n|switch|p2a: Froslass|Froslass, L50, F|100/100\n|switch|p2b: Incineroar|Incineroar, L50, F|100/100\n|-ability|p1a: Incineroar|Intimidate|boost\n|-unboost|p2a: Froslass|atk|1\n|-unboost|p2b: Incineroar|atk|1\n|-ability|p2b: Incineroar|Intimidate|boost\n|-unboost|p1a: Incineroar|atk|1\n|-fail|p1b: Lucario|unboost|Attack|[from] ability: Inner Focus|[of] p1b: Lucario\n|turn|1\n|\n|t:|1776300720\n|detailschange|p2a: Froslass|Froslass-Mega, L50, F\n|-mega|p2a: Froslass|Froslass|Froslassite\n|-weather|Snowscape|[from] ability: Snow Warning|[of] p2a: Froslass\n|detailschange|p1b: Lucario|Lucario-Mega, L50, F\n|-mega|p1b: Lucario|Lucario|Lucarionite\n|move|p2a: Froslass|Protect|p2a: Froslass\n|-singleturn|p2a: Froslass|Protect\n|move|p1a: Incineroar|Fake Out|p2b: Incineroar\n|-damage|p2b: Incineroar|93/100\n|move|p1b: Lucario|Meteor Mash|p2a: Froslass\n|-activate|p2a: Froslass|move: Protect\n|cant|p2b: Incineroar|flinch\n|\n|-weather|Snowscape|[upkeep]\n|upkeep\n|turn|2\n|inactive|shonems has 30 seconds left.\n|inactive|Playinhdisgaem4fun has 30 seconds left.\n|inactive|shonems has 20 seconds left.\n|\n|t:|1776300758\n|switch|p2a: Typhlosion|Typhlosion-Hisui, L50, F|100/100\n|-item|p1a: Incineroar|Sitrus Berry|[from] ability: Frisk|[of] p2a: Typhlosion\n|-item|p1b: Lucario|Lucarionite|[from] ability: Frisk|[of] p2a: Typhlosion\n|move|p1b: Lucario|Meteor Mash|p2a: Typhlosion\n|-resisted|p2a: Typhlosion|1\n|-damage|p2a: Typhlosion|50/100\n|-boost|p1b: Lucario|atk|1\n|move|p1a: Incineroar|Parting Shot|p2a: Typhlosion\n|-unboost|p2a: Typhlosion|atk|1\n|-unboost|p2a: Typhlosion|spa|1\n|\n|t:|1776300763\n|switch|p1a: Pelipper|Pelipper, L50, F|100/100|[from] Parting Shot\n|-weather|RainDance|[from] ability: Drizzle|[of] p1a: Pelipper\n|move|p2b: Incineroar|Parting Shot|p1a: Pelipper\n|-unboost|p1a: Pelipper|atk|1\n|-unboost|p1a: Pelipper|spa|1\n|\n|t:|1776300776\n|switch|p2b: Froslass|Froslass-Mega, L50, F|100/100|[from] Parting Shot\n|-weather|Snowscape|[from] ability: Snow Warning|[of] p2b: Froslass\n|\n|-weather|Snowscape|[upkeep]\n|upkeep\n|turn|3\n|\n|t:|1776300800\n|move|p2b: Froslass|Protect|p2b: Froslass\n|-singleturn|p2b: Froslass|Protect\n|move|p1b: Lucario|Protect|p1b: Lucario\n|-singleturn|p1b: Lucario|Protect\n|move|p2a: Typhlosion|Heat Wave|p1b: Lucario|[spread] p1a\n|-activate|p1b: Lucario|move: Protect\n|-resisted|p1a: Pelipper|1\n|-damage|p1a: Pelipper|82/100\n|move|p1a: Pelipper|Weather Ball|p2a: Typhlosion\n|-resisted|p2a: Typhlosion|1\n|-damage|p2a: Typhlosion|38/100\n|\n|-weather|Snowscape|[upkeep]\n|upkeep\n|turn|4\n|\n|t:|1776300822\n|switch|p1b: Incineroar|Incineroar, L50, F|100/100\n|-ability|p1b: Incineroar|Intimidate|boost\n|-unboost|p2a: Typhlosion|atk|1\n|-unboost|p2b: Froslass|atk|1\n|move|p2a: Typhlosion|Heat Wave|p1a: Pelipper|[spread] p1b\n|-miss|p2a: Typhlosion|p1a: Pelipper\n|-resisted|p1b: Incineroar|1\n|-damage|p1b: Incineroar|92/100\n|move|p2b: Froslass|Aurora Veil|p2b: Froslass\n|-sidestart|p2: shonems|move: Aurora Veil\n|move|p1a: Pelipper|Tailwind|p1a: Pelipper\n|-sidestart|p1: Playinhdisgaem4fun|move: Tailwind\n|\n|-weather|Snowscape|[upkeep]\n|upkeep\n|turn|5\n|inactive|Playinhdisgaem4fun has 30 seconds left.\n|inactive|shonems has 30 seconds left.\n|\n|t:|1776300854\n|switch|p2a: Incineroar|Incineroar, L50, F|93/100\n|-ability|p2a: Incineroar|Intimidate|boost\n|-unboost|p1a: Pelipper|atk|1\n|-unboost|p1b: Incineroar|atk|1\n|switch|p1a: Basculegion|Basculegion, L50, M|100/100\n|move|p2b: Froslass|Blizzard|p1a: Basculegion|[spread] p1a,p1b\n|-resisted|p1a: Basculegion|1\n|-crit|p1a: Basculegion\n|-resisted|p1b: Incineroar|1\n|-damage|p1a: Basculegion|63/100\n|-damage|p1b: Incineroar|75/100\n|move|p1b: Incineroar|Parting Shot|p2b: Froslass\n|-unboost|p2b: Froslass|atk|1\n|-unboost|p2b: Froslass|spa|1\n|\n|t:|1776300868\n|switch|p1b: Lucario|Lucario-Mega, L50, F|100/100|[from] Parting Shot\n|\n|-weather|Snowscape|[upkeep]\n|upkeep\n|turn|6\n|\n|t:|1776300889\n|switch|p2b: Kingambit|Kingambit, L50, F|100/100\n|move|p1b: Lucario|Protect|p1b: Lucario\n|-singleturn|p1b: Lucario|Protect\n|move|p1a: Basculegion|Psychic Fangs|p2b: Kingambit\n|-immune|p2b: Kingambit\n|move|p2a: Incineroar|Flare Blitz|p1b: Lucario\n|-activate|p1b: Lucario|move: Protect\n|\n|-weather|none\n|upkeep\n|turn|7\n|c|\u2606Playinhdisgaem4fun|excellent read\n|\n|t:|1776300913\n|move|p1b: Lucario|Close Combat|p2b: Kingambit\n|-supereffective|p2b: Kingambit|2\n|-damage|p2b: Kingambit|0 fnt\n|-unboost|p1b: Lucario|def|1\n|-unboost|p1b: Lucario|spd|1\n|faint|p2b: Kingambit\n|move|p1a: Basculegion|Wave Crash|p2a: Incineroar\n|-supereffective|p2a: Incineroar|1\n|-damage|p2a: Incineroar|0 fnt\n|faint|p2a: Incineroar\n|-damage|p1a: Basculegion|31/100|[from] Recoil\n|\n|-sideend|p1: Playinhdisgaem4fun|move: Tailwind\n|upkeep\n|\n|t:|1776300927\n|switch|p2a: Typhlosion|Typhlosion-Hisui, L50, F|38/100\n|switch|p2b: Froslass|Froslass-Mega, L50, F|100/100\n|-item|p1a: Basculegion|Mystic Water|[from] ability: Frisk|[of] p2a: Typhlosion\n|-item|p1b: Lucario|Lucarionite|[from] ability: Frisk|[of] p2a: Typhlosion\n|-weather|Snowscape|[from] ability: Snow Warning|[of] p2b: Froslass\n|turn|8\n|\n|t:|1776300939\n|switch|p1a: Pelipper|Pelipper, L50, F|82/100\n|-weather|RainDance|[from] ability: Drizzle|[of] p1a: Pelipper\n|move|p1b: Lucario|Protect|p1b: Lucario\n|-singleturn|p1b: Lucario|Protect\n|move|p2a: Typhlosion|Heat Wave|p1b: Lucario|[spread] p1a\n|-activate|p1b: Lucario|move: Protect\n|-resisted|p1a: Pelipper|1\n|-damage|p1a: Pelipper|71/100\n|-status|p1a: Pelipper|brn\n|move|p2b: Froslass|Shadow Ball|p1a: Pelipper\n|-damage|p1a: Pelipper|5/100 brn\n|\n|-weather|RainDance|[upkeep]\n|-damage|p1a: Pelipper|0 fnt|[from] brn\n|faint|p1a: Pelipper\n|-sideend|p2: shonems|move: Aurora Veil\n|upkeep\n|\n|t:|1776300941\n|switch|p1a: Basculegion|Basculegion, L50, M|31/100\n|turn|9\n|\n|t:|1776300963\n|move|p1a: Basculegion|Wave Crash|p2a: Typhlosion\n|-supereffective|p2a: Typhlosion|1\n|-damage|p2a: Typhlosion|0 fnt\n|faint|p2a: Typhlosion\n|-damage|p1a: Basculegion|22/100|[from] Recoil\n|move|p2b: Froslass|Shadow Ball|p1a: Basculegion\n|-supereffective|p1a: Basculegion|1\n|-damage|p1a: Basculegion|0 fnt\n|faint|p1a: Basculegion\n|move|p1b: Lucario|Meteor Mash|p2b: Froslass\n|-supereffective|p2b: Froslass|1\n|-damage|p2b: Froslass|0 fnt\n|-boost|p1b: Lucario|atk|1\n|faint|p2b: Froslass\n|\n|win|Playinhdisgaem4fun\n|raw|Playinhdisgaem4fun's rating: 1153 &rarr; <strong>1184</strong><br />(+31 for winning)\n|raw|shonems's rating: 1233 &rarr; <strong>1202</strong><br />(-31 for losing)\n|c|\u2606Playinhdisgaem4fun|ggwp\n|l|\u2606shonems\n|player|p2|\n",
  "uploadtime": 1776300981,
  "views": 17,
  "formatid": "gen9championsvgc2026regma",
  "rating": 1184,
  "private": 0,
  "password": null
}