{
  "id": "gen9championsvgc2026regma-2583705315",
  "format": "[Gen 9 Champions] VGC 2026 Reg M-A",
  "players": [
    "42 s",
    "cabrino"
  ],
  "log": "|j|\u260642 s\n|j|\u2606cabrino\n|t:|1776192174\n|gametype|doubles\n|player|p1|42 s|266|1400\n|player|p2|cabrino|depotagent|1554\n|gen|9\n|tier|[Gen 9 Champions] VGC 2026 Reg M-A\n|rated|\n|rule|Species Clause: Limit one of each Pok\u00e9mon\n|rule|Item Clause: Limit 1 of each item\n|clearpoke\n|poke|p1|Corviknight, L50, F|\n|poke|p1|Incineroar, L50, F|\n|poke|p1|Basculegion, L50, M|\n|poke|p1|Sneasler, L50, F|\n|poke|p1|Garchomp, L50, M|\n|poke|p1|Floette-Eternal, L50, F|\n|poke|p2|Aerodactyl, L50, F|\n|poke|p2|Sneasler, L50, M|\n|poke|p2|Kingambit, L50, M|\n|poke|p2|Floette-Eternal, L50, F|\n|poke|p2|Sinistcha, L50|\n|poke|p2|Garchomp, L50, F|\n|teampreview|4\n|inactive|Battle timer is ON: inactive players will automatically lose when time's up. (requested by 42 s)\n|inactive|cabrino has 60 seconds left.\n|\n|t:|1776192228\n|teamsize|p1|4\n|teamsize|p2|4\n|start\n|switch|p1a: Sneasler|Sneasler, L50, F|100/100\n|switch|p1b: Basculegion|Basculegion, L50, M|100/100\n|switch|p2a: AeroNarfi|Aerodactyl, L50, F, shiny|100/100\n|switch|p2b: Garchalipe|Garchomp, L50, F|100/100\n|-ability|p2a: AeroNarfi|Unnerve\n|turn|1\n|\n|t:|1776192252\n|move|p2a: AeroNarfi|Protect|p2a: AeroNarfi\n|-singleturn|p2a: AeroNarfi|Protect\n|move|p1a: Sneasler|Fake Out|p2a: AeroNarfi\n|-activate|p2a: AeroNarfi|move: Protect\n|move|p2b: Garchalipe|Earthquake|p1b: Basculegion|[spread] p1a,p1b\n|-activate|p2a: AeroNarfi|move: Protect\n|-supereffective|p1a: Sneasler|1\n|-damage|p1a: Sneasler|0 fnt\n|-damage|p1b: Basculegion|49/100\n|faint|p1a: Sneasler\n|move|p1b: Basculegion|Flip Turn|p2a: AeroNarfi\n|-activate|p2a: AeroNarfi|move: Protect\n|\n|upkeep\n|\n|t:|1776192256\n|switch|p1a: Incineroar|Incineroar, L50, F|100/100\n|-ability|p1a: Incineroar|Intimidate|boost\n|-unboost|p2a: AeroNarfi|atk|1\n|-unboost|p2b: Garchalipe|atk|1\n|turn|2\n|\n|t:|1776192280\n|move|p2b: Garchalipe|Earthquake|p1a: Incineroar|[spread] p1a,p1b\n|-immune|p2a: AeroNarfi\n|-supereffective|p1a: Incineroar|1\n|-damage|p1a: Incineroar|43/100\n|-damage|p1b: Basculegion|14/100\n|move|p1b: Basculegion|Flip Turn|p2a: AeroNarfi\n|-supereffective|p2a: AeroNarfi|1\n|-damage|p2a: AeroNarfi|9/100\n|\n|t:|1776192287\n|switch|p1b: Floette|Floette-Eternal, L50, F|100/100|[from] Flip Turn\n|move|p2a: AeroNarfi|Rock Slide|p1a: Incineroar|[spread] p1a,p1b\n|-supereffective|p1a: Incineroar|1\n|-damage|p1a: Incineroar|9/100\n|-damage|p1b: Floette|82/100\n|move|p1a: Incineroar|Parting Shot|p2b: Garchalipe\n|-unboost|p2b: Garchalipe|atk|1\n|-unboost|p2b: Garchalipe|spa|1\n|\n|t:|1776192292\n|switch|p1a: Basculegion|Basculegion, L50, M|14/100|[from] Parting Shot\n|\n|upkeep\n|turn|3\n|\n|t:|1776192310\n|detailschange|p1b: Floette|Floette-Mega, L50, F\n|-mega|p1b: Floette|Floette|Floettite\n|-ability|p1b: Floette|Fairy Aura\n|move|p1a: Basculegion|Aqua Jet|p2a: AeroNarfi\n|-supereffective|p2a: AeroNarfi|1\n|-damage|p2a: AeroNarfi|0 fnt\n|faint|p2a: AeroNarfi\n|move|p2b: Garchalipe|Earthquake|p1b: Floette|[spread] p1a,p1b\n|-damage|p1a: Basculegion|0 fnt\n|-damage|p1b: Floette|63/100\n|faint|p1a: Basculegion\n|move|p1b: Floette|Calm Mind|p1b: Floette\n|-boost|p1b: Floette|spa|1\n|-boost|p1b: Floette|spd|1\n|\n|upkeep\n|inactive|cabrino has 30 seconds left.\n|inactive|cabrino has 20 seconds left.\n|\n|t:|1776192347\n|switch|p2a: PablitoGames|Kingambit, L50, M, shiny|100/100\n|switch|p1a: Incineroar|Incineroar, L50, F|9/100\n|-enditem|p1a: Incineroar|Sitrus Berry|[eat]\n|-heal|p1a: Incineroar|34/100|[from] item: Sitrus Berry\n|-ability|p1a: Incineroar|Intimidate|boost\n|-unboost|p2a: PablitoGames|atk|1\n|-ability|p2a: PablitoGames|Defiant|boost\n|-boost|p2a: PablitoGames|atk|2\n|-unboost|p2b: Garchalipe|atk|1\n|turn|4\n|inactive|42 s has 30 seconds left.\n|\n|t:|1776192373\n|switch|p2b: 7Cryo|Floette-Eternal, L50, F|100/100\n|move|p2a: PablitoGames|Protect|p2a: PablitoGames\n|-singleturn|p2a: PablitoGames|Protect\n|move|p1a: Incineroar|Fake Out|p2a: PablitoGames\n|-activate|p2a: PablitoGames|move: Protect\n|move|p1b: Floette|Dazzling Gleam|p2a: PablitoGames|[spread] p2b\n|-activate|p2a: PablitoGames|move: Protect\n|-damage|p2b: 7Cryo|34/100\n|\n|upkeep\n|turn|5\n|\n|t:|1776192398\n|detailschange|p2b: 7Cryo|Floette-Mega, L50, F\n|-mega|p2b: 7Cryo|Floette|Floettite\n|-ability|p2b: 7Cryo|Fairy Aura\n|move|p2b: 7Cryo|Dazzling Gleam|p1a: Incineroar|[spread] p1a,p1b\n|-damage|p1a: Incineroar|1/100\n|-damage|p1b: Floette|36/100\n|move|p1b: Floette|Dazzling Gleam|p2b: 7Cryo|[spread] p2a,p2b\n|-damage|p2a: PablitoGames|24/100\n|-damage|p2b: 7Cryo|0 fnt\n|faint|p2b: 7Cryo\n|move|p2a: PablitoGames|Kowtow Cleave|p1b: Floette\n|-resisted|p1b: Floette|1\n|-damage|p1b: Floette|0 fnt\n|faint|p1b: Floette\n|move|p1a: Incineroar|Flare Blitz|p2a: PablitoGames\n|-supereffective|p2a: PablitoGames|1\n|-damage|p2a: PablitoGames|0 fnt\n|faint|p2a: PablitoGames\n|-damage|p1a: Incineroar|0 fnt|[from] Recoil\n|faint|p1a: Incineroar\n|\n|win|cabrino\n|raw|42 s's rating: 1400 &rarr; <strong>1388</strong><br />(-12 for losing)\n|raw|cabrino's rating: 1554 &rarr; <strong>1566</strong><br />(+12 for winning)\n|l|\u260642 s\n|player|p1|\n",
  "uploadtime": 1776192427,
  "views": 32,
  "formatid": "gen9championsvgc2026regma",
  "rating": 1388,
  "private": 0,
  "password": null
}