{
  "id": "gen9championsvgc2026regma-2586271280",
  "format": "[Gen 9 Champions] VGC 2026 Reg M-A",
  "players": [
    "pro av0cad0",
    "Neolizer72"
  ],
  "log": "|j|\u2606pro av0cad0\n|j|\u2606Neolizer72\n|t:|1776419761\n|gametype|doubles\n|player|p1|pro av0cad0|unknown|1080\n|player|p2|Neolizer72|102|1149\n|gen|9\n|tier|[Gen 9 Champions] VGC 2026 Reg M-A\n|rated|\n|rule|Species Clause: Limit one of each Pok\u00e9mon\n|rule|Item Clause: Limit 1 of each item\n|clearpoke\n|poke|p1|Primarina, L50, F|\n|poke|p1|Pelipper, L50, F|\n|poke|p1|Kangaskhan, L50, F|\n|poke|p1|Dragonite, L50, F|\n|poke|p1|Venusaur, L50, F|\n|poke|p1|Espathra, L50, F|\n|poke|p2|Alakazam, L50, M|\n|poke|p2|Meowstic, L50, M|\n|poke|p2|Whimsicott, L50, M|\n|poke|p2|Quaquaval, L50, M|\n|poke|p2|Floette-Eternal, L50, F|\n|poke|p2|Maushold-Four, L50|\n|teampreview|4\n|\n|t:|1776419781\n|teamsize|p1|4\n|teamsize|p2|4\n|start\n|switch|p1a: Dragonite|Dragonite, L50, F|100/100\n|switch|p1b: Espathra|Espathra, L50, F|100/100\n|switch|p2a: Alakazam|Alakazam, L50, M, shiny|100/100\n|switch|p2b: Meowstic|Meowstic, L50, M, shiny|100/100\n|turn|1\n|inactive|Battle timer is ON: inactive players will automatically lose when time's up. (requested by Neolizer72)\n|inactive|pro av0cad0 has 60 seconds left.\n|inactive|pro av0cad0 has 30 seconds left.\n|inactive|pro av0cad0 has 20 seconds left.\n|\n|t:|1776419871\n|detailschange|p1a: Dragonite|Dragonite-Mega, L50, F\n|-mega|p1a: Dragonite|Dragonite|Dragoninite\n|move|p2b: Meowstic|Psychic Terrain|p2b: Meowstic\n|-fieldstart|move: Psychic Terrain\n|move|p2a: Alakazam|Nasty Plot|p2a: Alakazam\n|-boost|p2a: Alakazam|spa|2\n|-ability|p1b: Espathra|Opportunist|boost\n|-boost|p1b: Espathra|spa|2\n|move|p1a: Dragonite|Hurricane|p2a: Alakazam\n|-damage|p2a: Alakazam|16/100\n|move|p1b: Espathra|Calm Mind|p1b: Espathra\n|-boost|p1b: Espathra|spa|1\n|-boost|p1b: Espathra|spd|1\n|\n|upkeep\n|turn|2\n|inactive|Neolizer72 has 30 seconds left.\n|\n|t:|1776419897\n|detailschange|p2a: Alakazam|Alakazam-Mega, L50, M, shiny\n|-mega|p2a: Alakazam|Alakazam|Alakazite\n|-ability|p2a: Alakazam|Multiscale|Trace|[from] ability: Trace|[of] p1a: Dragonite\n|move|p2b: Meowstic|Helping Hand|p2a: Alakazam\n|-singleturn|p2a: Alakazam|Helping Hand|[of] p2b: Meowstic\n|move|p2a: Alakazam|Expanding Force|p1a: Dragonite|[spread] p1a,p1b\n|-resisted|p1b: Espathra|1\n|-damage|p1a: Dragonite|0 fnt\n|-damage|p1b: Espathra|7/100\n|faint|p1a: Dragonite\n|move|p1b: Espathra|Baton Pass|p1b: Espathra\n|\n|t:|1776419908\n|switch|p1b: Primarina|Primarina, L50, F|100/100|[from] Baton Pass\n|\n|upkeep\n|\n|t:|1776419912\n|switch|p1a: Pelipper|Pelipper, L50, F|100/100\n|-weather|RainDance|[from] ability: Drizzle|[of] p1a: Pelipper\n|turn|3\n|\n|t:|1776419918\n|move|p1a: Pelipper|Wide Guard|p1a: Pelipper\n|-singleturn|p1a: Pelipper|Wide Guard\n|move|p2a: Alakazam|Expanding Force|p1b: Primarina|[spread] \n|-activate|p1a: Pelipper|move: Wide Guard\n|-activate|p1b: Primarina|move: Wide Guard\n|move|p2b: Meowstic|Expanding Force|p1b: Primarina|[spread] \n|-activate|p1a: Pelipper|move: Wide Guard\n|-activate|p1b: Primarina|move: Wide Guard\n|move|p1b: Primarina|Sparkling Aria|p2a: Alakazam|[spread] p2a,p2b\n|-activate|p1a: Pelipper|move: Wide Guard\n|-damage|p2a: Alakazam|0 fnt\n|-damage|p2b: Meowstic|0 fnt\n|faint|p2a: Alakazam\n|faint|p2b: Meowstic\n|\n|-weather|RainDance|[upkeep]\n|upkeep\n|\n|t:|1776419926\n|switch|p2a: Quaquaval|Quaquaval, L50, M, shiny|100/100\n|switch|p2b: Whimsicott|Whimsicott, L50, M, shiny|100/100\n|turn|4\n|\n|t:|1776419947\n|move|p1a: Pelipper|Protect||[still]\n|-fail|p1a: Pelipper\n|move|p2b: Whimsicott|Encore|p1a: Pelipper\n|-start|p1a: Pelipper|Encore\n|move|p2a: Quaquaval|Aqua Step|p1b: Primarina\n|-resisted|p1b: Primarina|1\n|-damage|p1b: Primarina|52/100\n|-boost|p2a: Quaquaval|spe|1\n|move|p1b: Primarina|Ice Beam|p2b: Whimsicott\n|-supereffective|p2b: Whimsicott|1\n|-enditem|p2b: Whimsicott|Focus Sash\n|-damage|p2b: Whimsicott|1/100\n|\n|-weather|RainDance|[upkeep]\n|upkeep\n|turn|5\n|\n|t:|1776419972\n|move|p1a: Pelipper|Protect|p1a: Pelipper\n|-singleturn|p1a: Pelipper|Protect\n|move|p2a: Quaquaval|Aqua Step|p1b: Primarina\n|-resisted|p1b: Primarina|1\n|-crit|p1b: Primarina\n|-damage|p1b: Primarina|0 fnt\n|-boost|p2a: Quaquaval|spe|1\n|faint|p1b: Primarina\n|-ability|p2a: Quaquaval|Moxie|boost\n|-boost|p2a: Quaquaval|atk|1\n|move|p2b: Whimsicott|Moonblast|p1a: Pelipper\n|-activate|p1a: Pelipper|move: Protect\n|\n|-weather|RainDance|[upkeep]\n|-fieldend|move: Psychic Terrain\n|upkeep\n|\n|t:|1776419980\n|switch|p1b: Espathra|Espathra, L50, F|7/100\n|turn|6\n|\n|t:|1776419995\n|move|p1a: Pelipper|Protect||[still]\n|-fail|p1a: Pelipper\n|move|p2b: Whimsicott|Taunt|p1a: Pelipper\n|-start|p1a: Pelipper|move: Taunt\n|move|p2a: Quaquaval|Aqua Step|p1b: Espathra\n|-damage|p1b: Espathra|0 fnt\n|-boost|p2a: Quaquaval|spe|1\n|faint|p1b: Espathra\n|-ability|p2a: Quaquaval|Moxie|boost\n|-boost|p2a: Quaquaval|atk|1\n|\n|-weather|RainDance|[upkeep]\n|upkeep\n|turn|7\n|-message|pro av0cad0 forfeited.\n|\n|win|Neolizer72\n|raw|pro av0cad0's rating: 1080 &rarr; <strong>1062</strong><br />(-18 for losing)\n|raw|Neolizer72's rating: 1149 &rarr; <strong>1169</strong><br />(+20 for winning)\n|l|\u2606pro av0cad0\n|player|p1|\n",
  "uploadtime": 1776420044,
  "views": 20,
  "formatid": "gen9championsvgc2026regma",
  "rating": 1062,
  "private": 0,
  "password": null
}