{
  "id": "gen9championsvgc2026regma-2587952674",
  "format": "[Gen 9 Champions] VGC 2026 Reg M-A",
  "players": [
    "strami",
    "ruddyreboot"
  ],
  "log": "|j|\u2606strami\n|j|\u2606ruddyreboot\n|t:|1776583973\n|gametype|doubles\n|player|p1|strami|hoopster|1445\n|player|p2|ruddyreboot|crasherwake|1484\n|gen|9\n|tier|[Gen 9 Champions] VGC 2026 Reg M-A\n|rated|\n|rule|Species Clause: Limit one of each Pok\u00e9mon\n|rule|Item Clause: Limit 1 of each item\n|clearpoke\n|poke|p1|Crabominable, L50, F|\n|poke|p1|Incineroar, L50, F|\n|poke|p1|Sneasler, L50, M|\n|poke|p1|Farigiraf, L50, M, shiny|\n|poke|p1|Venusaur, L50, M, shiny|\n|poke|p1|Torkoal, L50, M|\n|poke|p2|Venusaur, L50, F|\n|poke|p2|Torkoal, L50, M|\n|poke|p2|Farigiraf, L50, F|\n|poke|p2|Chimecho, L50, M|\n|poke|p2|Garchomp, L50, M|\n|poke|p2|Incineroar, L50, F|\n|teampreview|4\n|inactive|Battle timer is ON: inactive players will automatically lose when time's up. (requested by ruddyreboot)\n|inactive|strami also wants the timer to be on.\n|inactive|strami has 60 seconds left.\n|\n|t:|1776584029\n|teamsize|p1|4\n|teamsize|p2|4\n|start\n|switch|p1a: Farigiraf|Farigiraf, L50, M, shiny|100/100\n|switch|p1b: Incineroar|Incineroar, L50, F|100/100\n|switch|p2a: Chimecho|Chimecho, L50, M|100/100\n|switch|p2b: Garchomp|Garchomp, L50, M|100/100\n|-ability|p1b: Incineroar|Intimidate|boost\n|-unboost|p2a: Chimecho|atk|1\n|-unboost|p2b: Garchomp|atk|1\n|turn|1\n|\n|t:|1776584051\n|detailschange|p2a: Chimecho|Chimecho-Mega, L50, M\n|-mega|p2a: Chimecho|Chimecho|Chimechite\n|move|p2b: Garchomp|Earthquake|p1b: Incineroar|[spread] p1a,p1b\n|-immune|p2a: Chimecho|[from] ability: Levitate\n|-supereffective|p1b: Incineroar|1\n|-damage|p1a: Farigiraf|74/100\n|-damage|p1b: Incineroar|56/100\n|move|p2a: Chimecho|Cosmic Power|p2a: Chimecho\n|-boost|p2a: Chimecho|def|1\n|-boost|p2a: Chimecho|spd|1\n|move|p1b: Incineroar|Parting Shot|p2b: Garchomp\n|-unboost|p2b: Garchomp|atk|1\n|-unboost|p2b: Garchomp|spa|1\n|\n|t:|1776584068\n|switch|p1b: Torkoal|Torkoal, L50, M|100/100|[from] Parting Shot\n|-weather|SunnyDay|[from] ability: Drought|[of] p1b: Torkoal\n|move|p1a: Farigiraf|Hyper Voice|p2b: Garchomp|[spread] p2a,p2b\n|-resisted|p2a: Chimecho|1\n|-damage|p2a: Chimecho|92/100\n|-damage|p2b: Garchomp|66/100\n|\n|-weather|SunnyDay|[upkeep]\n|upkeep\n|turn|2\n|\n|t:|1776584082\n|move|p1a: Farigiraf|Helping Hand|p1b: Torkoal\n|-singleturn|p1b: Torkoal|Helping Hand|[of] p1a: Farigiraf\n|move|p2b: Garchomp|Earthquake|p1a: Farigiraf|[spread] p1a,p1b\n|-immune|p2a: Chimecho|[from] ability: Levitate\n|-supereffective|p1b: Torkoal|1\n|-damage|p1a: Farigiraf|57/100\n|-damage|p1b: Torkoal|69/100\n|move|p2a: Chimecho|Stored Power|p1b: Torkoal\n|-damage|p1b: Torkoal|32/100\n|move|p1b: Torkoal|Heat Wave|p2b: Garchomp|[spread] p2a,p2b\n|-supereffective|p2a: Chimecho|1\n|-crit|p2a: Chimecho\n|-resisted|p2b: Garchomp|1\n|-damage|p2a: Chimecho|0 fnt\n|-damage|p2b: Garchomp|21/100\n|faint|p2a: Chimecho\n|\n|-weather|SunnyDay|[upkeep]\n|upkeep\n|\n|t:|1776584095\n|switch|p2a: Farigiraf|Farigiraf, L50, F|100/100\n|turn|3\n|\n|t:|1776584102\n|switch|p2b: Venusaur|Venusaur, L50, F|100/100\n|switch|p1b: Incineroar|Incineroar, L50, F|56/100\n|-ability|p1b: Incineroar|Intimidate|boost\n|-unboost|p2a: Farigiraf|atk|1\n|-unboost|p2b: Venusaur|atk|1\n|move|p1a: Farigiraf|Hyper Voice|p2b: Venusaur|[spread] p2a,p2b\n|-damage|p2a: Farigiraf|76/100\n|-damage|p2b: Venusaur|65/100\n|move|p2a: Farigiraf|Hyper Voice|p1b: Incineroar|[spread] p1a,p1b\n|-damage|p1a: Farigiraf|31/100\n|-damage|p1b: Incineroar|36/100\n|-enditem|p1b: Incineroar|Sitrus Berry|[eat]\n|-heal|p1b: Incineroar|61/100|[from] item: Sitrus Berry\n|\n|-weather|SunnyDay|[upkeep]\n|upkeep\n|turn|4\n|\n|t:|1776584118\n|move|p1b: Incineroar|Fake Out||[still]\n|cant|p2a: Farigiraf|ability: Armor Tail|Fake Out|[of] p1b: Incineroar\n|move|p2b: Venusaur|Sleep Powder|p1b: Incineroar\n|-status|p1b: Incineroar|slp|[from] move: Sleep Powder\n|move|p1a: Farigiraf|Twin Beam|p2b: Venusaur\n|-supereffective|p2b: Venusaur|1\n|-damage|p2b: Venusaur|23/100\n|-supereffective|p2b: Venusaur|1\n|-damage|p2b: Venusaur|0 fnt\n|faint|p2b: Venusaur\n|-hitcount|p2: Venusaur|2\n|move|p2a: Farigiraf|Hyper Voice|p1b: Incineroar|[spread] p1a,p1b\n|-damage|p1a: Farigiraf|6/100\n|-damage|p1b: Incineroar|40/100 slp\n|\n|-weather|SunnyDay|[upkeep]\n|upkeep\n|\n|t:|1776584125\n|switch|p2b: Garchomp|Garchomp, L50, M|21/100\n|turn|5\n|\n|t:|1776584138\n|switch|p1b: Torkoal|Torkoal, L50, M|32/100\n|move|p2b: Garchomp|Rock Slide|p1a: Farigiraf|[spread] p1a,p1b\n|-supereffective|p1b: Torkoal|1\n|-damage|p1a: Farigiraf|0 fnt\n|-damage|p1b: Torkoal|0 fnt\n|faint|p1a: Farigiraf\n|faint|p1b: Torkoal\n|move|p2a: Farigiraf|Hyper Voice|p1: Farigiraf|[notarget]\n|-fail|p2a: Farigiraf\n|\n|-weather|none\n|upkeep\n|\n|t:|1776584144\n|switch|p1a: Incineroar|Incineroar, L50, F|40/100 slp\n|switch|p1b: Crabominable|Crabominable, L50, F|100/100\n|-ability|p1a: Incineroar|Intimidate|boost\n|-unboost|p2a: Farigiraf|atk|1\n|-unboost|p2b: Garchomp|atk|1\n|turn|6\n|\n|t:|1776584158\n|detailschange|p1b: Crabominable|Crabominable-Mega, L50, F\n|-mega|p1b: Crabominable|Crabominable|Crabominite\n|cant|p1a: Incineroar|slp\n|move|p2b: Garchomp|Rock Slide|p1b: Crabominable|[spread] p1a\n|-miss|p2b: Garchomp|p1b: Crabominable\n|-supereffective|p1a: Incineroar|1\n|-damage|p1a: Incineroar|15/100 slp\n|move|p2a: Farigiraf|Twin Beam|p1b: Crabominable\n|-supereffective|p1b: Crabominable|1\n|-crit|p1b: Crabominable\n|-damage|p1b: Crabominable|64/100\n|-supereffective|p1b: Crabominable|1\n|-damage|p1b: Crabominable|40/100\n|-hitcount|p1b: Crabominable|2\n|move|p1b: Crabominable|Drain Punch|p2a: Farigiraf\n|-damage|p2a: Farigiraf|21/100\n|-heal|p1b: Crabominable|70/100|[from] drain|[of] p2a: Farigiraf\n|-enditem|p2a: Farigiraf|Sitrus Berry|[eat]\n|-heal|p2a: Farigiraf|46/100|[from] item: Sitrus Berry\n|\n|upkeep\n|turn|7\n|\n|t:|1776584178\n|move|p2b: Garchomp|Rock Slide|p1b: Crabominable|[spread] p1a,p1b\n|-supereffective|p1a: Incineroar|1\n|-damage|p1a: Incineroar|0 fnt\n|-damage|p1b: Crabominable|59/100\n|faint|p1a: Incineroar\n|move|p2a: Farigiraf|Twin Beam|p1b: Crabominable\n|-supereffective|p1b: Crabominable|1\n|-damage|p1b: Crabominable|34/100\n|-supereffective|p1b: Crabominable|1\n|-crit|p1b: Crabominable\n|-damage|p1b: Crabominable|0 fnt\n|faint|p1b: Crabominable\n|-hitcount|p1: Crabominable|2\n|\n|win|ruddyreboot\n|raw|strami's rating: 1445 &rarr; <strong>1427</strong><br />(-18 for losing)\n|raw|ruddyreboot's rating: 1484 &rarr; <strong>1502</strong><br />(+18 for winning)\n|l|\u2606strami\n|player|p1|\n|l|\u2606ruddyreboot\n|player|p2|\n",
  "uploadtime": 1776584845,
  "views": 14,
  "formatid": "gen9championsvgc2026regma",
  "rating": 1427,
  "private": 0,
  "password": null
}