{
  "id": "gen9championsvgc2026regma-2586659170",
  "format": "[Gen 9 Champions] VGC 2026 Reg M-A",
  "players": [
    "Woop1884",
    "ponnder"
  ],
  "log": "|j|\u2606Woop1884\n|j|\u2606ponnder\n|t:|1776450042\n|gametype|doubles\n|player|p1|Woop1884|102|1056\n|player|p2|ponnder|102|1000\n|gen|9\n|tier|[Gen 9 Champions] VGC 2026 Reg M-A\n|rated|\n|rule|Species Clause: Limit one of each Pok\u00e9mon\n|rule|Item Clause: Limit 1 of each item\n|clearpoke\n|poke|p1|Froslass, L50, F|\n|poke|p1|Rotom-Wash, L50|\n|poke|p1|Sableye, L50, M|\n|poke|p1|Sneasler, L50, F|\n|poke|p1|Garchomp, L50, M|\n|poke|p1|Arcanine, L50, M|\n|poke|p2|Hatterene, L50, F|\n|poke|p2|Crabominable, L50, F|\n|poke|p2|Appletun, L50, M|\n|poke|p2|Farigiraf, L50, F|\n|poke|p2|Slowbro, L50, M|\n|poke|p2|Goodra-Hisui, L50, F|\n|teampreview|4\n|inactive|Battle timer is ON: inactive players will automatically lose when time's up. (requested by ponnder)\n|\n|t:|1776450086\n|teamsize|p1|4\n|teamsize|p2|4\n|start\n|switch|p1a: Rotom|Rotom-Wash, L50|100/100\n|switch|p1b: Froslass|Froslass, L50, F|100/100\n|switch|p2a: Farigiraf|Farigiraf, L50, F, shiny|100/100\n|switch|p2b: Crabominable|Crabominable, L50, F|100/100\n|turn|1\n|inactive|Woop1884 has 30 seconds left.\n|inactive|ponnder has 30 seconds left.\n|\n|t:|1776450118\n|switch|p2b: Goodra|Goodra-Hisui, L50, F|100/100\n|detailschange|p1b: Froslass|Froslass-Mega, L50, F\n|-mega|p1b: Froslass|Froslass|Froslassite\n|-weather|Snowscape|[from] ability: Snow Warning|[of] p1b: Froslass\n|move|p1a: Rotom|Thunderbolt|p2a: Farigiraf\n|-damage|p2a: Farigiraf|56/100\n|move|p1b: Froslass|Blizzard|p2b: Goodra|[spread] p2a,p2b\n|-damage|p2a: Farigiraf|7/100\n|-damage|p2b: Goodra|68/100\n|move|p2a: Farigiraf|Trick Room|p2a: Farigiraf\n|-fieldstart|move: Trick Room|[of] p2a: Farigiraf\n|\n|-weather|Snowscape|[upkeep]\n|upkeep\n|turn|2\n|inactive|Woop1884 has 30 seconds left.\n|inactive|ponnder has 30 seconds left.\n|\n|t:|1776450154\n|switch|p1a: Sableye|Sableye, L50, M|100/100\n|move|p1b: Froslass|Protect|p1b: Froslass\n|-singleturn|p1b: Froslass|Protect\n|move|p2a: Farigiraf|Foul Play|p1b: Froslass\n|-activate|p1b: Froslass|move: Protect\n|move|p2b: Goodra|Flamethrower|p1b: Froslass\n|-activate|p1b: Froslass|move: Protect\n|\n|-weather|Snowscape|[upkeep]\n|upkeep\n|turn|3\n|\n|t:|1776450174\n|move|p1a: Sableye|Quash||[still]\n|cant|p2a: Farigiraf|ability: Armor Tail|Quash|[of] p1a: Sableye\n|move|p2a: Farigiraf|Foul Play|p1a: Sableye\n|-damage|p1a: Sableye|81/100\n|move|p2b: Goodra|Flamethrower|p1b: Froslass\n|-supereffective|p1b: Froslass|1\n|-damage|p1b: Froslass|27/100\n|move|p1b: Froslass|Blizzard|p2a: Farigiraf|[spread] p2a,p2b\n|-damage|p2a: Farigiraf|0 fnt\n|-damage|p2b: Goodra|34/100\n|-enditem|p2b: Goodra|Sitrus Berry|[eat]\n|-heal|p2b: Goodra|58/100|[from] item: Sitrus Berry\n|faint|p2a: Farigiraf\n|\n|-weather|Snowscape|[upkeep]\n|upkeep\n|\n|t:|1776450189\n|switch|p2a: Slowbro|Slowbro, L50, M|100/100\n|turn|4\n|inactive|ponnder has 30 seconds left.\n|\n|t:|1776450221\n|move|p1b: Froslass|Protect|p1b: Froslass\n|-singleturn|p1b: Froslass|Protect\n|move|p2a: Slowbro|Scald|p1a: Sableye\n|-damage|p1a: Sableye|40/100\n|-status|p1a: Sableye|brn\n|move|p1a: Sableye|Foul Play|p2a: Slowbro\n|-supereffective|p2a: Slowbro|1\n|-damage|p2a: Slowbro|87/100\n|move|p2b: Goodra|Flamethrower|p1b: Froslass\n|-activate|p1b: Froslass|move: Protect\n|\n|-weather|Snowscape|[upkeep]\n|-damage|p1a: Sableye|34/100 brn|[from] brn\n|upkeep\n|turn|5\n|\n|t:|1776450239\n|move|p1a: Sableye|Quash|p2b: Goodra\n|-activate|p2b: Goodra|move: Quash\n|move|p2a: Slowbro|Scald|p1a: Sableye\n|-damage|p1a: Sableye|0 fnt\n|faint|p1a: Sableye\n|-heal|p2a: Slowbro|90/100|[from] item: Shell Bell|[of] p1: Sableye\n|move|p1b: Froslass|Aurora Veil|p1b: Froslass\n|-sidestart|p1: Woop1884|move: Aurora Veil\n|move|p2b: Goodra|Flamethrower|p1b: Froslass\n|-supereffective|p1b: Froslass|1\n|-damage|p1b: Froslass|0 fnt\n|faint|p1b: Froslass\n|\n|-weather|none\n|-fieldend|move: Trick Room\n|upkeep\n|\n|t:|1776450252\n|switch|p1b: Sneasler|Sneasler, L50, F|100/100\n|switch|p1a: Rotom|Rotom-Wash, L50|100/100\n|turn|6\n|inactive|Woop1884 has 30 seconds left.\n|\n|t:|1776450285\n|move|p1a: Rotom|Thunderbolt|p2a: Slowbro\n|-supereffective|p2a: Slowbro|1\n|-damage|p2a: Slowbro|0 fnt\n|faint|p2a: Slowbro\n|move|p1b: Sneasler|Close Combat|p2b: Goodra\n|-supereffective|p2b: Goodra|1\n|-damage|p2b: Goodra|0 fnt\n|-unboost|p1b: Sneasler|def|1\n|-unboost|p1b: Sneasler|spd|1\n|faint|p2b: Goodra\n|-enditem|p1b: Sneasler|White Herb\n|-clearnegativeboost|p1b: Sneasler|[silent]\n|\n|upkeep\n|inactive|ponnder has 30 seconds left.\n|inactive|ponnder has 20 seconds left.\n|inactive|ponnder has 15 seconds left.\n|\n|t:|1776450328\n|switch|p2b: Crabominable|Crabominable, L50, F|100/100\n|turn|7\n|\n|t:|1776450340\n|move|p1b: Sneasler|Close Combat|p2b: Crabominable\n|-supereffective|p2b: Crabominable|1\n|-damage|p2b: Crabominable|0 fnt\n|-unboost|p1b: Sneasler|def|1\n|-unboost|p1b: Sneasler|spd|1\n|faint|p2b: Crabominable\n|\n|win|Woop1884\n|raw|Woop1884's rating: 1056 &rarr; <strong>1083</strong><br />(+27 for winning)\n|raw|ponnder's rating: 1000 &rarr; <strong>1000</strong><br />(+0 for losing)\n|l|\u2606ponnder\n|player|p2|\n",
  "uploadtime": 1776450735,
  "views": 33,
  "formatid": "gen9championsvgc2026regma",
  "rating": 1000,
  "private": 0,
  "password": null
}