{
  "id": "gen9championsvgc2026regma-2580847821",
  "format": "[Gen 9 Champions] VGC 2026 Reg M-A",
  "players": [
    "Serzxz",
    "Eliminathan"
  ],
  "log": "|j|\u2606Serzxz\n|j|\u2606Eliminathan\n|t:|1775937394\n|gametype|doubles\n|player|p1|Serzxz|101|1190\n|player|p2|Eliminathan|akari|1145\n|gen|9\n|tier|[Gen 9 Champions] VGC 2026 Reg M-A\n|rated|\n|rule|Species Clause: Limit one of each Pok\u00e9mon\n|rule|Item Clause: Limit 1 of each item\n|clearpoke\n|poke|p1|Charizard, L50, M|\n|poke|p1|Sneasler, L50, M|\n|poke|p1|Maushold-Four, L50|\n|poke|p1|Kingambit, L50, M|\n|poke|p1|Dragapult, L50, F|\n|poke|p1|Garchomp, L50, M|\n|poke|p2|Chandelure, L50, M|\n|poke|p2|Basculegion, L50, M|\n|poke|p2|Kingambit, L50, M|\n|poke|p2|Aerodactyl, L50, M|\n|poke|p2|Conkeldurr, L50, M|\n|poke|p2|Clefable, L50, F|\n|teampreview|4\nEliminathan rejected open team sheets.\n|inactive|Battle timer is ON: inactive players will automatically lose when time's up. (requested by Eliminathan)\n|\n|t:|1775937430\n|teamsize|p1|4\n|teamsize|p2|4\n|start\n|switch|p1a: Sneasler|Sneasler, L50, M, shiny|100/100\n|switch|p1b: Dragapult|Dragapult, L50, F, shiny|100/100\n|switch|p2a: Aerodactyl|Aerodactyl, L50, M|100/100\n|switch|p2b: Basculegion|Basculegion, L50, M|100/100\n|-ability|p2a: Aerodactyl|Unnerve\n|turn|1\n|\n|t:|1775937452\n|switch|p1b: Maushold|Maushold-Four, L50|100/100\n|switch|p2b: Clefable|Clefable, L50, F|100/100\n|detailschange|p2a: Aerodactyl|Aerodactyl-Mega, L50, M\n|-mega|p2a: Aerodactyl|Aerodactyl|Aerodactylite\n|move|p2a: Aerodactyl|Protect|p2a: Aerodactyl\n|-singleturn|p2a: Aerodactyl|Protect\n|move|p1a: Sneasler|Fake Out|p2a: Aerodactyl\n|-activate|p2a: Aerodactyl|move: Protect\n|\n|upkeep\n|turn|2\n|inactive|Serzxz has 30 seconds left.\n|\n|t:|1775937479\n|move|p2b: Clefable|Follow Me|p2b: Clefable\n|-singleturn|p2b: Clefable|move: Follow Me\n|move|p2a: Aerodactyl|Dual Wingbeat|p1a: Sneasler\n|-supereffective|p1a: Sneasler|1\n|-damage|p1a: Sneasler|31/100\n|-supereffective|p1a: Sneasler|1\n|-damage|p1a: Sneasler|0 fnt\n|faint|p1a: Sneasler\n|-hitcount|p1: Sneasler|2\n|move|p1b: Maushold|Encore|p2b: Clefable\n|-start|p2b: Clefable|Encore\n|\n|upkeep\n|\n|t:|1775937497\n|switch|p1a: Dragapult|Dragapult, L50, F, shiny|100/100\n|turn|3\n|\n|t:|1775937523\n|move|p2b: Clefable|Follow Me|p2b: Clefable\n|-singleturn|p2b: Clefable|move: Follow Me\n|move|p1a: Dragapult|Shadow Ball|p2b: Clefable\n|-crit|p2b: Clefable\n|-damage|p2b: Clefable|60/100\n|-unboost|p2b: Clefable|spd|1\n|move|p2a: Aerodactyl|Rock Slide|p1b: Maushold|[spread] p1a,p1b\n|-damage|p1a: Dragapult|71/100\n|-damage|p1b: Maushold|66/100\n|move|p1b: Maushold|Super Fang|p2b: Clefable\n|-damage|p2b: Clefable|31/100\n|-enditem|p2b: Clefable|Sitrus Berry|[eat]\n|-heal|p2b: Clefable|55/100|[from] item: Sitrus Berry\n|\n|upkeep\n|turn|4\n|inactive|Serzxz has 30 seconds left.\n|\n|t:|1775937557\n|switch|p2b: Kingambit|Kingambit, L50, M|100/100\n|move|p1b: Maushold|Protect|p1b: Maushold\n|-singleturn|p1b: Maushold|Protect\n|move|p1a: Dragapult|Shadow Ball|p2b: Kingambit\n|-resisted|p2b: Kingambit|1\n|-damage|p2b: Kingambit|82/100\n|move|p2a: Aerodactyl|Rock Slide|p1b: Maushold|[spread] \n|-activate|p1b: Maushold|move: Protect\n|-miss|p2a: Aerodactyl|p1a: Dragapult\n|\n|upkeep\n|turn|5\n|inactive|Serzxz has 30 seconds left.\n|inactive|Eliminathan has 30 seconds left.\n|\n|t:|1775937586\n|move|p2a: Aerodactyl|Protect|p2a: Aerodactyl\n|-singleturn|p2a: Aerodactyl|Protect\n|move|p1b: Maushold|Follow Me|p1b: Maushold\n|-singleturn|p1b: Maushold|move: Follow Me\n|move|p1a: Dragapult|Will-O-Wisp|p2a: Aerodactyl\n|-activate|p2a: Aerodactyl|move: Protect\n|move|p2b: Kingambit|Kowtow Cleave|p1b: Maushold\n|-damage|p1b: Maushold|0 fnt\n|faint|p1b: Maushold\n|\n|upkeep\n|\n|t:|1775937596\n|switch|p1b: Charizard|Charizard, L50, M, shiny|100/100\n|turn|6\n|\n|t:|1775937611\n|switch|p2a: Clefable|Clefable, L50, F|55/100\n|detailschange|p1b: Charizard|Charizard-Mega-Y, L50, M, shiny\n|-mega|p1b: Charizard|Charizard|Charizardite Y\n|-weather|SunnyDay|[from] ability: Drought|[of] p1b: Charizard\n|move|p1b: Charizard|Protect|p1b: Charizard\n|-singleturn|p1b: Charizard|Protect\n|move|p1a: Dragapult|Draco Meteor|p2a: Clefable\n|-immune|p2a: Clefable\n|move|p2b: Kingambit|Kowtow Cleave|p1a: Dragapult\n|-supereffective|p1a: Dragapult|1\n|-damage|p1a: Dragapult|0 fnt\n|faint|p1a: Dragapult\n|\n|-weather|SunnyDay|[upkeep]\n|upkeep\n|turn|7\n|-message|Serzxz forfeited.\n|\n|win|Eliminathan\n|raw|Serzxz's rating: 1190 &rarr; <strong>1162</strong><br />(-28 for losing)\n|raw|Eliminathan's rating: 1145 &rarr; <strong>1173</strong><br />(+28 for winning)\n|l|\u2606Serzxz\n|player|p1|\n",
  "uploadtime": 1775937622,
  "views": 35,
  "formatid": "gen9championsvgc2026regma",
  "rating": 1162,
  "private": 0,
  "password": null
}