{
  "id": "gen9championsvgc2026regma-2581743695",
  "format": "[Gen 9 Champions] VGC 2026 Reg M-A",
  "players": [
    "pokebizness",
    "oranguru91"
  ],
  "log": "|j|\u2606pokebizness\n|j|\u2606oranguru91\n|t:|1776025024\n|gametype|doubles\n|player|p1|pokebizness|firebreather|1360\n|player|p2|oranguru91|n|1403\n|gen|9\n|tier|[Gen 9 Champions] VGC 2026 Reg M-A\n|rated|\n|rule|Species Clause: Limit one of each Pok\u00e9mon\n|rule|Item Clause: Limit 1 of each item\n|clearpoke\n|poke|p1|Glimmora, L50, M|\n|poke|p1|Whimsicott, L50, F|\n|poke|p1|Volcarona, L50, F|\n|poke|p1|Tyranitar, L50, F|\n|poke|p1|Corviknight, L50, F|\n|poke|p1|Garchomp, L50, M|\n|poke|p2|Floette-Eternal, L50, F|\n|poke|p2|Milotic, L50, M|\n|poke|p2|Sableye, L50, F|\n|poke|p2|Whimsicott, L50, F|\n|poke|p2|Incineroar, L50, M|\n|poke|p2|Sinistcha, L50|\n|teampreview|4\n|inactive|Battle timer is ON: inactive players will automatically lose when time's up. (requested by pokebizness)\n|j| JimdaggertHuggert\n|j| danmca\n|l| danmca\n|inactive|pokebizness has 60 seconds left.\n|\n|t:|1776025058\n|teamsize|p1|4\n|teamsize|p2|4\n|start\n|switch|p1a: Whimsicott|Whimsicott, L50, F|100/100\n|switch|p1b: Glimmora|Glimmora, L50, M|100/100\n|switch|p2a: Sableye|Sableye, L50, F|100/100\n|switch|p2b: Milotic|Milotic, L50, M|100/100\n|turn|1\n|j| nkzin17\n|\n|t:|1776025082\n|detailschange|p1b: Glimmora|Glimmora-Mega, L50, M\n|-mega|p1b: Glimmora|Glimmora|Glimmoranite\n|move|p2a: Sableye|Will-O-Wisp|p1a: Whimsicott\n|-status|p1a: Whimsicott|brn\n|move|p1a: Whimsicott|Moonblast|p2a: Sableye\n|-supereffective|p2a: Sableye|1\n|-damage|p2a: Sableye|15/100\n|move|p1b: Glimmora|Sludge Bomb|p2b: Milotic\n|-damage|p2b: Milotic|60/100\n|-status|p2b: Milotic|psn\n|move|p2b: Milotic|Coil|p2b: Milotic\n|-boost|p2b: Milotic|atk|1\n|-boost|p2b: Milotic|def|1\n|-boost|p2b: Milotic|accuracy|1\n|\n|-heal|p2b: Milotic|66/100 psn|[from] item: Leftovers\n|-damage|p2b: Milotic|53/100 psn|[from] psn\n|-damage|p1a: Whimsicott|95/100 brn|[from] brn\n|upkeep\n|turn|2\n|l| JimdaggertHuggert\n|inactive|oranguru91 has 30 seconds left.\n|\n|t:|1776025107\n|move|p2b: Milotic|Protect|p2b: Milotic\n|-singleturn|p2b: Milotic|Protect\n|move|p1a: Whimsicott|Encore|p2b: Milotic\n|-activate|p2b: Milotic|move: Protect\n|move|p2a: Sableye|Disable|p1a: Whimsicott\n|-start|p1a: Whimsicott|Disable|Encore\n|move|p1b: Glimmora|Power Gem|p2a: Sableye\n|-damage|p2a: Sableye|0 fnt\n|faint|p2a: Sableye\n|\n|-heal|p2b: Milotic|59/100 psn|[from] item: Leftovers\n|-damage|p2b: Milotic|47/100 psn|[from] psn\n|-damage|p1a: Whimsicott|89/100 brn|[from] brn\n|upkeep\n|\n|t:|1776025117\n|switch|p2a: Incineroar|Incineroar, L50, M|100/100\n|-ability|p2a: Incineroar|Intimidate|boost\n|-unboost|p1a: Whimsicott|atk|1\n|-unboost|p1b: Glimmora|atk|1\n|turn|3\n|\n|t:|1776025128\n|move|p1b: Glimmora|Spiky Shield|p1b: Glimmora\n|-singleturn|p1b: Glimmora|move: Protect\n|move|p2a: Incineroar|Fake Out|p1b: Glimmora\n|-activate|p1b: Glimmora|move: Protect\n|-damage|p2a: Incineroar|88/100|[from] Spiky Shield|[of] p1b: Glimmora\n|move|p1a: Whimsicott|Tailwind|p1a: Whimsicott\n|-sidestart|p1: pokebizness|move: Tailwind\n|move|p2b: Milotic|Muddy Water|p1a: Whimsicott|[spread] p1a\n|-activate|p1b: Glimmora|move: Protect\n|-resisted|p1a: Whimsicott|1\n|-damage|p1a: Whimsicott|67/100 brn\n|\n|-heal|p2b: Milotic|53/100 psn|[from] item: Leftovers\n|-damage|p2b: Milotic|41/100 psn|[from] psn\n|-damage|p1a: Whimsicott|61/100 brn|[from] brn\n|upkeep\n|turn|4\n|\n|t:|1776025149\n|move|p2b: Milotic|Protect|p2b: Milotic\n|-singleturn|p2b: Milotic|Protect\n|move|p1a: Whimsicott|Endeavor|p2a: Incineroar\n|-damage|p2a: Incineroar|41/100\n|move|p1b: Glimmora|Sludge Bomb|p2b: Milotic\n|-activate|p2b: Milotic|move: Protect\n|move|p2a: Incineroar|Flare Blitz|p1a: Whimsicott\n|-supereffective|p1a: Whimsicott|1\n|-damage|p1a: Whimsicott|0 fnt\n|faint|p1a: Whimsicott\n|-damage|p2a: Incineroar|28/100|[from] Recoil\n|\n|-heal|p2b: Milotic|47/100 psn|[from] item: Leftovers\n|-damage|p2b: Milotic|34/100 psn|[from] psn\n|upkeep\n|\n|t:|1776025154\n|switch|p1a: Volcarona|Volcarona, L50, F|100/100\n|turn|5\n|inactive|oranguru91 has 30 seconds left.\n|\n|t:|1776025184\n|move|p1b: Glimmora|Sludge Bomb|p2b: Milotic\n|-damage|p2b: Milotic|0 fnt\n|faint|p2b: Milotic\n|move|p1a: Volcarona|Bug Buzz|p2a: Incineroar\n|-damage|p2a: Incineroar|0 fnt\n|faint|p2a: Incineroar\n|\n|upkeep\n|\n|t:|1776025187\n|switch|p2b: Floette|Floette-Eternal, L50, F|100/100\n|turn|6\n|j| SepeVGC\n|l| SepeVGC\n|\n|t:|1776025197\n|move|p2b: Floette|Protect|p2b: Floette\n|-singleturn|p2b: Floette|Protect\n|move|p1b: Glimmora|Sludge Bomb|p2b: Floette\n|-activate|p2b: Floette|move: Protect\n|move|p1a: Volcarona|Quiver Dance|p1a: Volcarona\n|-boost|p1a: Volcarona|spa|1\n|-boost|p1a: Volcarona|spd|1\n|-boost|p1a: Volcarona|spe|1\n|\n|-sideend|p1: pokebizness|move: Tailwind\n|upkeep\n|turn|7\n|\n|t:|1776025205\n|detailschange|p2b: Floette|Floette-Mega, L50, F\n|-mega|p2b: Floette|Floette|Floettite\n|-ability|p2b: Floette|Fairy Aura\n|move|p1a: Volcarona|Fiery Dance|p2b: Floette\n|-damage|p2b: Floette|49/100\n|move|p2b: Floette|Dazzling Gleam|p1a: Volcarona|[spread] p1a,p1b\n|-resisted|p1a: Volcarona|1\n|-resisted|p1b: Glimmora|1\n|-damage|p1a: Volcarona|86/100\n|-damage|p1b: Glimmora|76/100\n|move|p1b: Glimmora|Sludge Bomb|p2b: Floette\n|-supereffective|p2b: Floette|1\n|-damage|p2b: Floette|0 fnt\n|faint|p2b: Floette\n|\n|win|pokebizness\n|raw|pokebizness's rating: 1360 &rarr; <strong>1382</strong><br />(+22 for winning)\n|raw|oranguru91's rating: 1403 &rarr; <strong>1381</strong><br />(-22 for losing)\n|l|\u2606oranguru91\n|player|p2|\n",
  "uploadtime": 1776025223,
  "views": 39,
  "formatid": "gen9championsvgc2026regma",
  "rating": 1381,
  "private": 0,
  "password": null
}