{
  "id": "gen9championsvgc2026regma-2588949355",
  "format": "[Gen 9 Champions] VGC 2026 Reg M-A",
  "players": [
    "TheBallistic1",
    "eddi99"
  ],
  "log": "|j|\u2606TheBallistic1\n|j|\u2606eddi99\n|t:|1776688701\n|gametype|doubles\n|player|p1|TheBallistic1|colress|1152\n|player|p2|eddi99|burglar|1172\n|gen|9\n|tier|[Gen 9 Champions] VGC 2026 Reg M-A\n|rated|\n|rule|Species Clause: Limit one of each Pok\u00e9mon\n|rule|Item Clause: Limit 1 of each item\n|clearpoke\n|poke|p1|Floette-Eternal, L50, F|\n|poke|p1|Charizard, L50, M|\n|poke|p1|Sneasler, L50, F|\n|poke|p1|Milotic, L50, F|\n|poke|p1|Incineroar, L50, M|\n|poke|p1|Sinistcha, L50|\n|poke|p2|Aggron, L50, M|\n|poke|p2|Tyranitar, L50, M|\n|poke|p2|Sinistcha, L50|\n|poke|p2|Oranguru, L50, M|\n|poke|p2|Glimmora, L50, F|\n|poke|p2|Incineroar, L50, F|\n|teampreview|4\n|inactive|Battle timer is ON: inactive players will automatically lose when time's up. (requested by eddi99)\n|\n|t:|1776688725\n|teamsize|p1|4\n|teamsize|p2|4\n|start\n|switch|p1a: Sneasler|Sneasler, L50, F|100/100\n|switch|p1b: Milotic|Milotic, L50, F|100/100\n|switch|p2a: Tyranitar|Tyranitar, L50, M|100/100\n|switch|p2b: Oranguru|Oranguru, L50, M|100/100\n|-weather|Sandstorm|[from] ability: Sand Stream|[of] p2a: Tyranitar\n|turn|1\n|inactive|eddi99 has 30 seconds left.\n|\n|t:|1776688755\n|detailschange|p2a: Tyranitar|Tyranitar-Mega, L50, M\n|-mega|p2a: Tyranitar|Tyranitar|Tyranitarite\n|move|p1a: Sneasler|Fake Out|p2b: Oranguru\n|-damage|p2b: Oranguru|86/100\n|move|p1b: Milotic|Scald|p2a: Tyranitar\n|-supereffective|p2a: Tyranitar|1\n|-damage|p2a: Tyranitar|65/100\n|move|p2a: Tyranitar|Earthquake|p1b: Milotic|[spread] p2b,p1a,p1b\n|-supereffective|p1a: Sneasler|1\n|-damage|p2b: Oranguru|54/100\n|-damage|p1a: Sneasler|0 fnt\n|-damage|p1b: Milotic|60/100\n|faint|p1a: Sneasler\n|move|p2b: Oranguru|Instruct|p2a: Tyranitar\n|-singleturn|p2a: Tyranitar|move: Instruct|[of] p2b: Oranguru\n|move|p2a: Tyranitar|Earthquake|p1b: Milotic|[spread] p2b,p1b\n|-damage|p2b: Oranguru|26/100\n|-damage|p1b: Milotic|18/100\n|-enditem|p2b: Oranguru|Sitrus Berry|[eat]\n|-heal|p2b: Oranguru|50/100|[from] item: Sitrus Berry\n|\n|-weather|Sandstorm|[upkeep]\n|-damage|p1b: Milotic|12/100|[from] Sandstorm\n|-damage|p2b: Oranguru|44/100|[from] Sandstorm\n|-heal|p1b: Milotic|18/100|[from] item: Leftovers\n|upkeep\n|\n|t:|1776688770\n|switch|p1a: Floette|Floette-Eternal, L50, F|100/100\n|turn|2\n|\n|t:|1776688786\n|detailschange|p1a: Floette|Floette-Mega, L50, F\n|-mega|p1a: Floette|Floette|Floettite\n|-ability|p1a: Floette|Fairy Aura\n|move|p1a: Floette|Dazzling Gleam|p2a: Tyranitar|[spread] p2a,p2b\n|-supereffective|p2a: Tyranitar|1\n|-damage|p2a: Tyranitar|23/100\n|-damage|p2b: Oranguru|9/100\n|move|p1b: Milotic|Scald|p2b: Oranguru\n|-damage|p2b: Oranguru|0 fnt\n|faint|p2b: Oranguru\n|move|p2a: Tyranitar|Dragon Dance|p2a: Tyranitar\n|-boost|p2a: Tyranitar|atk|1\n|-boost|p2a: Tyranitar|spe|1\n|\n|-weather|Sandstorm|[upkeep]\n|-damage|p1a: Floette|94/100|[from] Sandstorm\n|-damage|p1b: Milotic|12/100|[from] Sandstorm\n|-heal|p1b: Milotic|18/100|[from] item: Leftovers\n|upkeep\n|\n|t:|1776688803\n|switch|p2b: Glimmora|Glimmora, L50, F|100/100\n|turn|3\n|\n|t:|1776688813\n|move|p2b: Glimmora|Protect|p2b: Glimmora\n|-singleturn|p2b: Glimmora|Protect\n|move|p1a: Floette|Psychic|p2b: Glimmora\n|-activate|p2b: Glimmora|move: Protect\n|move|p1b: Milotic|Scald|p2a: Tyranitar\n|-supereffective|p2a: Tyranitar|1\n|-damage|p2a: Tyranitar|0 fnt\n|faint|p2a: Tyranitar\n|\n|-weather|Sandstorm|[upkeep]\n|-damage|p1a: Floette|88/100|[from] Sandstorm\n|-damage|p1b: Milotic|12/100|[from] Sandstorm\n|-heal|p1b: Milotic|18/100|[from] item: Leftovers\n|upkeep\n|\n|t:|1776688826\n|switch|p2a: Incineroar|Incineroar, L50, F|100/100\n|-ability|p2a: Incineroar|Intimidate|boost\n|-unboost|p1a: Floette|atk|1\n|-unboost|p1b: Milotic|atk|1\n|-ability|p1b: Milotic|Competitive|boost\n|-boost|p1b: Milotic|spa|2\n|turn|4\n|\n|t:|1776688834\n|switch|p1a: Sinistcha|Sinistcha, L50|100/100\n|-heal|p1b: Milotic|42/100|[from] ability: Hospitality|[of] p1a: Sinistcha\n|move|p1b: Milotic|Protect|p1b: Milotic\n|-singleturn|p1b: Milotic|Protect\n|move|p2a: Incineroar|Fake Out|p1b: Milotic\n|-activate|p1b: Milotic|move: Protect\n|move|p2b: Glimmora|Sludge Wave|p1b: Milotic|[spread] p2a,p1a\n|-activate|p1b: Milotic|move: Protect\n|-damage|p2a: Incineroar|59/100\n|-damage|p1a: Sinistcha|57/100\n|\n|-weather|Sandstorm|[upkeep]\n|-damage|p1b: Milotic|36/100|[from] Sandstorm\n|-damage|p1a: Sinistcha|51/100|[from] Sandstorm\n|-damage|p2a: Incineroar|53/100|[from] Sandstorm\n|-heal|p1b: Milotic|42/100|[from] item: Leftovers\n|upkeep\n|turn|5\n|inactive|TheBallistic1 has 30 seconds left.\n|\n|t:|1776688863\n|switch|p1a: Floette|Floette-Mega, L50, F|88/100\n|-ability|p1a: Floette|Fairy Aura\n|move|p1b: Milotic|Scald|p2b: Glimmora\n|-supereffective|p2b: Glimmora|1\n|-damage|p2b: Glimmora|0 fnt\n|faint|p2b: Glimmora\n|move|p2a: Incineroar|Flare Blitz|p1a: Floette\n|-damage|p1a: Floette|0 fnt\n|faint|p1a: Floette\n|-damage|p2a: Incineroar|32/100|[from] Recoil\n|\n|-weather|none\n|-heal|p1b: Milotic|48/100|[from] item: Leftovers\n|upkeep\n|\n|t:|1776688869\n|switch|p1a: Sinistcha|Sinistcha, L50|51/100\n|-heal|p1b: Milotic|73/100|[from] ability: Hospitality|[of] p1a: Sinistcha\n|turn|6\n|\n|t:|1776688880\n|move|p2a: Incineroar|Protect|p2a: Incineroar\n|-singleturn|p2a: Incineroar|Protect\n|move|p1a: Sinistcha|Rage Powder|p1a: Sinistcha\n|-singleturn|p1a: Sinistcha|move: Rage Powder\n|move|p1b: Milotic|Scald|p2a: Incineroar\n|-activate|p2a: Incineroar|move: Protect\n|\n|-heal|p1b: Milotic|79/100|[from] item: Leftovers\n|upkeep\n|turn|7\n|\n|t:|1776688890\n|move|p1a: Sinistcha|Rage Powder|p1a: Sinistcha\n|-singleturn|p1a: Sinistcha|move: Rage Powder\n|move|p1b: Milotic|Scald|p2a: Incineroar\n|-supereffective|p2a: Incineroar|1\n|-damage|p2a: Incineroar|0 fnt\n|faint|p2a: Incineroar\n|\n|win|TheBallistic1\n|raw|TheBallistic1's rating: 1152 &rarr; <strong>1178</strong><br />(+26 for winning)\n|raw|eddi99's rating: 1172 &rarr; <strong>1146</strong><br />(-26 for losing)\n|l|\u2606eddi99\n|player|p2|\n",
  "uploadtime": 1776688904,
  "views": 8,
  "formatid": "gen9championsvgc2026regma",
  "rating": 1146,
  "private": 0,
  "password": null
}