{
  "id": "gen9championsvgc2026regma-2583879922",
  "format": "[Gen 9 Champions] VGC 2026 Reg M-A",
  "players": [
    "ubiquitous_udon",
    "slothgameplay"
  ],
  "log": "|j|\u2606ubiquitous_udon\n|j|\u2606slothgameplay\n|t:|1776204961\n|gametype|doubles\n|player|p1|ubiquitous_udon|266|1000\n|player|p2|slothgameplay|2|1076\n|gen|9\n|tier|[Gen 9 Champions] VGC 2026 Reg M-A\n|rated|\n|rule|Species Clause: Limit one of each Pok\u00e9mon\n|rule|Item Clause: Limit 1 of each item\n|clearpoke\n|poke|p1|Chandelure, L50, M|\n|poke|p1|Kingambit, L50, M|\n|poke|p1|Basculegion, L50, M|\n|poke|p1|Maushold, L50|\n|poke|p1|Whimsicott, L50, F|\n|poke|p1|Dragonite, L50, F|\n|poke|p2|Gengar, L50, M|\n|poke|p2|Incineroar, L50, F|\n|poke|p2|Sinistcha-Masterpiece, L50|\n|poke|p2|Kingambit, L50, M|\n|poke|p2|Tyranitar, L50, F|\n|poke|p2|Kommo-o, L50, F|\n|teampreview|4\n|inactive|Battle timer is ON: inactive players will automatically lose when time's up. (requested by slothgameplay)\n|\n|t:|1776205045\n|teamsize|p1|4\n|teamsize|p2|4\n|start\n|switch|p1a: Basculegion|Basculegion, L50, M|100/100\n|switch|p1b: Whimsicott|Whimsicott, L50, F|100/100\n|switch|p2a: Kingambit|Kingambit, L50, M|100/100\n|switch|p2b: Tyranitar|Tyranitar, L50, F|100/100\n|-weather|Sandstorm|[from] ability: Sand Stream|[of] p2b: Tyranitar\n|turn|1\n|inactive|ubiquitous_udon has 30 seconds left.\n|\n|t:|1776205074\n|move|p1b: Whimsicott|Protect|p1b: Whimsicott\n|-singleturn|p1b: Whimsicott|Protect\n|move|p2a: Kingambit|Sucker Punch|p1a: Basculegion\n|-supereffective|p1a: Basculegion|1\n|-damage|p1a: Basculegion|8/100\n|move|p1a: Basculegion|Flip Turn|p2b: Tyranitar\n|-supereffective|p2b: Tyranitar|1\n|-damage|p2b: Tyranitar|26/100\n|\n|t:|1776205090\n|switch|p1a: Maushold|Maushold, L50|100/100|[from] Flip Turn\n|move|p2b: Tyranitar|Rock Slide|p1b: Whimsicott|[spread] p1a\n|-activate|p1b: Whimsicott|move: Protect\n|-damage|p1a: Maushold|60/100\n|\n|-weather|Sandstorm|[upkeep]\n|-damage|p1b: Whimsicott|95/100|[from] Sandstorm\n|-damage|p1a: Maushold|54/100|[from] Sandstorm\n|upkeep\n|turn|2\n|inactive|ubiquitous_udon has 30 seconds left.\n|\n|t:|1776205121\n|move|p2b: Tyranitar|Rock Slide|p1a: Maushold|[spread] p1a,p1b\n|-damage|p1a: Maushold|15/100\n|-damage|p1b: Whimsicott|63/100\n|move|p1b: Whimsicott|Moonblast|p2b: Tyranitar\n|-supereffective|p2b: Tyranitar|1\n|-damage|p2b: Tyranitar|0 fnt\n|faint|p2b: Tyranitar\n|move|p1a: Maushold|Super Fang|p2a: Kingambit\n|-damage|p2a: Kingambit|51/100\n|move|p2a: Kingambit|Iron Head|p1b: Whimsicott\n|-supereffective|p1b: Whimsicott|1\n|-damage|p1b: Whimsicott|0 fnt\n|faint|p1b: Whimsicott\n|\n|-weather|Sandstorm|[upkeep]\n|-damage|p1a: Maushold|9/100|[from] Sandstorm\n|upkeep\n|\n|t:|1776205140\n|switch|p1b: Chandelure|Chandelure, L50, M|100/100\n|switch|p2b: Jigokudo|Gengar, L50, M, shiny|100/100\n|turn|3\n|inactive|slothgameplay has 30 seconds left.\n|\n|t:|1776205172\n|switch|p2a: Incineroar|Incineroar, L50, F|100/100\n|-ability|p2a: Incineroar|Intimidate|boost\n|-unboost|p1a: Maushold|atk|1\n|-unboost|p1b: Chandelure|atk|1\n|detailschange|p2b: Jigokudo|Gengar-Mega, L50, M, shiny\n|-mega|p2b: Jigokudo|Gengar|Gengarite\n|detailschange|p1b: Chandelure|Chandelure-Mega, L50, M\n|-mega|p1b: Chandelure|Chandelure|Chandelurite\n|move|p1a: Maushold|Follow Me|p1a: Maushold\n|-singleturn|p1a: Maushold|move: Follow Me\n|move|p2b: Jigokudo|Perish Song|p2b: Jigokudo\n|-start|p1a: Maushold|perish3|[silent]\n|-start|p1b: Chandelure|perish3|[silent]\n|-start|p2a: Incineroar|perish3|[silent]\n|-start|p2b: Jigokudo|perish3|[silent]\n|-fieldactivate|move: Perish Song\n|move|p1b: Chandelure|Heat Wave|p2b: Jigokudo|[spread] p2a,p2b\n|-resisted|p2a: Incineroar|1\n|-damage|p2a: Incineroar|83/100\n|-damage|p2b: Jigokudo|50/100\n|\n|-weather|Sandstorm|[upkeep]\n|-damage|p2b: Jigokudo|44/100|[from] Sandstorm\n|-damage|p1a: Maushold|3/100|[from] Sandstorm\n|-damage|p1b: Chandelure|95/100|[from] Sandstorm\n|-damage|p2a: Incineroar|77/100|[from] Sandstorm\n|-start|p2b: Jigokudo|perish3\n|-start|p1a: Maushold|perish3\n|-start|p1b: Chandelure|perish3\n|-start|p2a: Incineroar|perish3\n|upkeep\n|turn|4\n|inactive|ubiquitous_udon has 30 seconds left.\n|inactive|slothgameplay has 30 seconds left.\n|inactive|ubiquitous_udon has 20 seconds left.\n|inactive|slothgameplay has 20 seconds left.\n|inactive|ubiquitous_udon has 15 seconds left.\n|inactive|slothgameplay has 15 seconds left.\n|inactive|ubiquitous_udon has 10 seconds left.\n|inactive|slothgameplay has 10 seconds left.\n|\n|t:|1776205221\n|move|p2b: Jigokudo|Protect|p2b: Jigokudo\n|-singleturn|p2b: Jigokudo|Protect\n|move|p1b: Chandelure|Protect|p1b: Chandelure\n|-singleturn|p1b: Chandelure|Protect\n|move|p2a: Incineroar|Fake Out|p1a: Maushold\n|-damage|p1a: Maushold|0 fnt\n|faint|p1a: Maushold\n|\n|-weather|Sandstorm|[upkeep]\n|-damage|p2b: Jigokudo|38/100|[from] Sandstorm\n|-damage|p1b: Chandelure|89/100|[from] Sandstorm\n|-damage|p2a: Incineroar|71/100|[from] Sandstorm\n|-start|p2b: Jigokudo|perish2\n|-start|p1b: Chandelure|perish2\n|-start|p2a: Incineroar|perish2\n|upkeep\n|\n|t:|1776205233\n|switch|p1a: Basculegion|Basculegion, L50, M|8/100\n|turn|5\n|\n|t:|1776205246\n|move|p1a: Basculegion|Last Respects|p2a: Incineroar\n|-resisted|p2a: Incineroar|1\n|-crit|p2a: Incineroar\n|-damage|p2a: Incineroar|6/100\n|move|p2b: Jigokudo|Shadow Ball|p1a: Basculegion\n|-supereffective|p1a: Basculegion|1\n|-damage|p1a: Basculegion|0 fnt\n|faint|p1a: Basculegion\n|move|p1b: Chandelure|Calm Mind|p1b: Chandelure\n|-boost|p1b: Chandelure|spa|1\n|-boost|p1b: Chandelure|spd|1\n|move|p2a: Incineroar|Parting Shot|p1b: Chandelure\n|-unboost|p1b: Chandelure|atk|1\n|-unboost|p1b: Chandelure|spa|1\n|\n|t:|1776205258\n|switch|p2a: Kingambit|Kingambit, L50, M|51/100|[from] Parting Shot\n|\n|-weather|none\n|-start|p2b: Jigokudo|perish1\n|-start|p1b: Chandelure|perish1\n|upkeep\n|turn|6\n|\n|t:|1776205266\n|move|p2b: Jigokudo|Protect|p2b: Jigokudo\n|-singleturn|p2b: Jigokudo|Protect\n|move|p2a: Kingambit|Protect|p2a: Kingambit\n|-singleturn|p2a: Kingambit|Protect\n|move|p1b: Chandelure|Heat Wave|p2b: Jigokudo|[spread] \n|-activate|p2a: Kingambit|move: Protect\n|-activate|p2b: Jigokudo|move: Protect\n|\n|-start|p2b: Jigokudo|perish0\n|-start|p1b: Chandelure|perish0\n|faint|p2b: Jigokudo\n|faint|p1b: Chandelure\n|\n|win|slothgameplay\n|raw|ubiquitous_udon's rating: 1000 &rarr; <strong>1000</strong><br />(+0 for losing)\n|raw|slothgameplay's rating: 1076 &rarr; <strong>1098</strong><br />(+22 for winning)\n",
  "uploadtime": 1776205267,
  "views": 18,
  "formatid": "gen9championsvgc2026regma",
  "rating": 1000,
  "private": 0,
  "password": null
}