{
  "id": "gen9championsvgc2026regma-2580856875",
  "format": "[Gen 9 Champions] VGC 2026 Reg M-A",
  "players": [
    "nicecook5",
    "MrDeadly"
  ],
  "log": "|j|\u2606nicecook5\n|j|\u2606MrDeadly\n|t:|1775938147\n|gametype|doubles\n|player|p1|nicecook5|266|1126\n|player|p2|MrDeadly|266|1186\n|gen|9\n|tier|[Gen 9 Champions] VGC 2026 Reg M-A\n|rated|\n|rule|Species Clause: Limit one of each Pok\u00e9mon\n|rule|Item Clause: Limit 1 of each item\n|clearpoke\n|poke|p1|Froslass, L50, F|\n|poke|p1|Incineroar, L50, F|\n|poke|p1|Basculegion, L50, M|\n|poke|p1|Garchomp, L50, F|\n|poke|p1|Rotom-Frost, L50|\n|poke|p1|Orthworm, L50, F|\n|poke|p2|Kingambit, L50, F|\n|poke|p2|Sinistcha, L50|\n|poke|p2|Farigiraf, L50, F|\n|poke|p2|Torkoal, L50, M|\n|poke|p2|Starmie, L50|\n|poke|p2|Sneasler, L50, F|\n|teampreview|4\n|inactive|Battle timer is ON: inactive players will automatically lose when time's up. (requested by MrDeadly)\n|\n|t:|1775938174\n|teamsize|p1|4\n|teamsize|p2|4\n|start\n|switch|p1a: Incineroar|Incineroar, L50, F|100/100\n|switch|p1b: Basculegion|Basculegion, L50, M|100/100\n|switch|p2a: Kingambit|Kingambit, L50, F|100/100\n|switch|p2b: Starmie|Starmie, L50|100/100\n|-ability|p1a: Incineroar|Intimidate|boost\n|-unboost|p2a: Kingambit|atk|1\n|-ability|p2a: Kingambit|Defiant|boost\n|-boost|p2a: Kingambit|atk|2\n|-unboost|p2b: Starmie|atk|1\n|turn|1\n|inactive|nicecook5 has 30 seconds left.\n|inactive|MrDeadly has 30 seconds left.\n|inactive|MrDeadly has 20 seconds left.\n|\n|t:|1775938210\n|detailschange|p2b: Starmie|Starmie-Mega, L50\n|-mega|p2b: Starmie|Starmie|Starminite\n|move|p1a: Incineroar|Fake Out|p2a: Kingambit\n|-resisted|p2a: Kingambit|1\n|-damage|p2a: Kingambit|97/100\n|cant|p2a: Kingambit|flinch\n|move|p1b: Basculegion|Flip Turn|p2a: Kingambit\n|-damage|p2a: Kingambit|70/100\n|\n|t:|1775938219\n|switch|p1b: Garchomp|Garchomp, L50, F|100/100|[from] Flip Turn\n|move|p2b: Starmie|Skill Swap|p2a: Kingambit\n|-activate|p2b: Starmie|Skill Swap|||[of] p2a: Kingambit\n|\n|-heal|p2a: Kingambit|75/100|[from] item: Leftovers\n|upkeep\n|turn|2\n|inactive|MrDeadly has 30 seconds left.\n|inactive|MrDeadly has 20 seconds left.\n|inactive|MrDeadly has 15 seconds left.\n|inactive|MrDeadly has 10 seconds left.\n|inactive|MrDeadly has 5 seconds left.\n|\n|t:|1775938272\n|move|p2a: Kingambit|Sucker Punch||[still]\n|-fail|p2a: Kingambit\n|move|p2b: Starmie|Flip Turn|p1a: Incineroar\n|-supereffective|p1a: Incineroar|1\n|-enditem|p1a: Incineroar|Passho Berry|[eat]\n|-enditem|p1a: Incineroar|Passho Berry|[weaken]\n|-damage|p1a: Incineroar|87/100\n|\n|t:|1775938279\n|switch|p2b: Sinistcha|Sinistcha, L50|100/100|[from] Flip Turn\n|-heal|p2a: Kingambit|99/100|[from] ability: Hospitality|[of] p2b: Sinistcha\n|move|p1b: Garchomp|Stealth Rock|p2a: Kingambit\n|-sidestart|p2: MrDeadly|move: Stealth Rock\n|move|p1a: Incineroar|Overheat|p2a: Kingambit\n|-supereffective|p2a: Kingambit|1\n|-damage|p2a: Kingambit|36/100\n|-unboost|p1a: Incineroar|spa|2\n|\n|-heal|p2a: Kingambit|42/100|[from] item: Leftovers\n|upkeep\n|turn|3\n|inactive|nicecook5 has 30 seconds left.\n|\n|t:|1775938305\n|move|p2a: Kingambit|Sucker Punch|p1b: Garchomp\n|-damage|p1b: Garchomp|0 fnt\n|-damage|p2a: Kingambit|30/100|[from] ability: Rough Skin|[of] p1b: Garchomp\n|faint|p1b: Garchomp\n|move|p1a: Incineroar|Parting Shot|p2a: Kingambit\n|-unboost|p2a: Kingambit|atk|1\n|-unboost|p2a: Kingambit|spa|1\n|\n|t:|1775938314\n|switch|p1a: Basculegion|Basculegion, L50, M|100/100|[from] Parting Shot\n|move|p2b: Sinistcha|Trick Room|p2b: Sinistcha\n|-fieldstart|move: Trick Room|[of] p2b: Sinistcha\n|\n|-heal|p2a: Kingambit|36/100|[from] item: Leftovers\n|upkeep\n|\n|t:|1775938317\n|switch|p1b: Incineroar|Incineroar, L50, F|87/100\n|-ability|p1b: Incineroar|Intimidate|boost\n|-unboost|p2a: Kingambit|atk|1\n|-unboost|p2b: Sinistcha|atk|1\n|turn|4\n|\n|t:|1775938328\n|move|p1b: Incineroar|Fake Out|p2a: Kingambit\n|-resisted|p2a: Kingambit|1\n|-damage|p2a: Kingambit|32/100\n|move|p2b: Sinistcha|Rage Powder|p2b: Sinistcha\n|-singleturn|p2b: Sinistcha|move: Rage Powder\n|cant|p2a: Kingambit|flinch\n|move|p1a: Basculegion|Last Respects|p2b: Sinistcha\n|-supereffective|p2b: Sinistcha|1\n|-damage|p2b: Sinistcha|0 fnt\n|faint|p2b: Sinistcha\n|\n|-heal|p2a: Kingambit|38/100|[from] item: Leftovers\n|upkeep\n|\n|t:|1775938344\n|switch|p2b: Torkoal|Torkoal, L50, M|100/100\n|-damage|p2b: Torkoal|76/100|[from] Stealth Rock\n|-weather|SunnyDay|[from] ability: Drought|[of] p2b: Torkoal\n|turn|5\n|\n|t:|1775938362\n|switch|p1a: Froslass|Froslass, L50, F|100/100\n|move|p2b: Torkoal|Eruption|p1a: Froslass|[spread] p1a,p1b\n|-supereffective|p1a: Froslass|1\n|-resisted|p1b: Incineroar|1\n|-damage|p1a: Froslass|0 fnt\n|-damage|p1b: Incineroar|64/100\n|faint|p1a: Froslass\n|move|p2a: Kingambit|Kowtow Cleave|p1b: Incineroar\n|-resisted|p1b: Incineroar|1\n|-damage|p1b: Incineroar|32/100\n|move|p1b: Incineroar|Overheat|p2a: Kingambit\n|-supereffective|p2a: Kingambit|1\n|-damage|p2a: Kingambit|0 fnt\n|-unboost|p1b: Incineroar|spa|2\n|faint|p2a: Kingambit\n|\n|-weather|SunnyDay|[upkeep]\n|upkeep\n|\n|t:|1775938378\n|switch|p2a: Starmie|Starmie-Mega, L50|100/100\n|switch|p1a: Basculegion|Basculegion, L50, M|100/100\n|-damage|p2a: Starmie|89/100|[from] Stealth Rock\n|turn|6\n|\n|t:|1775938385\n|move|p2b: Torkoal|Eruption|p1a: Basculegion|[spread] p1a,p1b\n|-resisted|p1a: Basculegion|1\n|-resisted|p1b: Incineroar|1\n|-damage|p1a: Basculegion|62/100\n|-damage|p1b: Incineroar|9/100\n|move|p1b: Incineroar|Throat Chop|p2a: Starmie\n|-supereffective|p2a: Starmie|1\n|-damage|p2a: Starmie|20/100\n|-start|p2a: Starmie|Throat Chop|[silent]\n|move|p2a: Starmie|Psychic|p1a: Basculegion\n|-damage|p1a: Basculegion|18/100\n|move|p1a: Basculegion|Last Respects|p2a: Starmie\n|-supereffective|p2a: Starmie|1\n|-damage|p2a: Starmie|0 fnt\n|faint|p2a: Starmie\n|\n|-weather|SunnyDay|[upkeep]\n|upkeep\n|turn|7\n|\n|t:|1775938398\n|move|p2b: Torkoal|Eruption|p1b: Incineroar|[spread] p1a,p1b\n|-resisted|p1a: Basculegion|1\n|-resisted|p1b: Incineroar|1\n|-damage|p1a: Basculegion|0 fnt\n|-damage|p1b: Incineroar|0 fnt\n|faint|p1a: Basculegion\n|faint|p1b: Incineroar\n|\n|win|MrDeadly\n|raw|nicecook5's rating: 1126 &rarr; <strong>1105</strong><br />(-21 for losing)\n|raw|MrDeadly's rating: 1186 &rarr; <strong>1207</strong><br />(+21 for winning)\n|l|\u2606nicecook5\n|player|p1|\n",
  "uploadtime": 1775938410,
  "views": 23,
  "formatid": "gen9championsvgc2026regma",
  "rating": 1105,
  "private": 0,
  "password": null
}