{
  "id": "gen9championsvgc2026regma-2588931280",
  "format": "[Gen 9 Champions] VGC 2026 Reg M-A",
  "players": [
    "pokestrange",
    "Itz_Whiffy"
  ],
  "log": "|j|\u2606pokestrange\n|j|\u2606Itz_Whiffy\n|t:|1776687030\n|gametype|doubles\n|player|p1|pokestrange|266|1043\n|player|p2|Itz_Whiffy|janitor|1000\n|gen|9\n|tier|[Gen 9 Champions] VGC 2026 Reg M-A\n|rated|\n|rule|Species Clause: Limit one of each Pok\u00e9mon\n|rule|Item Clause: Limit 1 of each item\n|clearpoke\n|poke|p1|Aromatisse, L50, F|\n|poke|p1|Spiritomb, L50, F|\n|poke|p1|Torkoal, L50, M|\n|poke|p1|Toucannon, L50, F|\n|poke|p1|Abomasnow, L50, M|\n|poke|p1|Castform, L50, M|\n|poke|p2|Chimecho, L50, F, shiny|\n|poke|p2|Medicham, L50, F, shiny|\n|poke|p2|Kingambit, L50, M|\n|poke|p2|Appletun, L50, M, shiny|\n|poke|p2|Sinistcha, L50|\n|poke|p2|Golurk, L50|\n|teampreview|4\n|inactive|Battle timer is ON: inactive players will automatically lose when time's up. (requested by pokestrange)\n|inactive|Itz_Whiffy has 60 seconds left.\n|\n|t:|1776687068\n|teamsize|p1|4\n|teamsize|p2|4\n|start\n|switch|p1a: Spiritomb|Spiritomb, L50, F|100/100\n|switch|p1b: Abomasnow|Abomasnow, L50, M|100/100\n|switch|p2a: Medicham|Medicham, L50, F, shiny|100/100\n|switch|p2b: Kingambit|Kingambit, L50, M|100/100\n|turn|1\n|inactive|Itz_Whiffy has 30 seconds left.\n|\n|t:|1776687094\n|detailschange|p1b: Abomasnow|Abomasnow-Mega, L50, M\n|-mega|p1b: Abomasnow|Abomasnow|Abomasite\n|-weather|Snowscape|[from] ability: Snow Warning|[of] p1b: Abomasnow\n|move|p2a: Medicham|Fake Out|p1b: Abomasnow\n|-damage|p1b: Abomasnow|92/100\n|move|p2b: Kingambit|Iron Head|p1b: Abomasnow\n|-supereffective|p1b: Abomasnow|1\n|-damage|p1b: Abomasnow|42/100\n|cant|p1b: Abomasnow|flinch\n|move|p1a: Spiritomb|Trick Room|p1a: Spiritomb\n|-fieldstart|move: Trick Room|[of] p1a: Spiritomb\n|\n|-weather|Snowscape|[upkeep]\n|upkeep\n|turn|2\n|inactive|pokestrange has 30 seconds left.\n|\n|t:|1776687124\n|move|p1b: Abomasnow|Aurora Veil|p1b: Abomasnow\n|-sidestart|p1: pokestrange|move: Aurora Veil\n|move|p1a: Spiritomb|Will-O-Wisp|p2a: Medicham\n|-status|p2a: Medicham|brn\n|move|p2b: Kingambit|Iron Head|p1b: Abomasnow\n|-supereffective|p1b: Abomasnow|1\n|-damage|p1b: Abomasnow|5/100\n|move|p2a: Medicham|Skill Swap|p2b: Kingambit\n|-activate|p2a: Medicham|Skill Swap|||[of] p2b: Kingambit\n|\n|-weather|Snowscape|[upkeep]\n|-damage|p2a: Medicham|95/100 brn|[from] brn\n|upkeep\n|turn|3\n|inactive|Itz_Whiffy has 30 seconds left.\n|\n|t:|1776687156\n|move|p1a: Spiritomb|Helping Hand|p1b: Abomasnow\n|-singleturn|p1b: Abomasnow|Helping Hand|[of] p1a: Spiritomb\n|move|p1b: Abomasnow|Blizzard|p2b: Kingambit|[spread] p2a,p2b\n|-resisted|p2b: Kingambit|1\n|-damage|p2a: Medicham|12/100 brn\n|-damage|p2b: Kingambit|65/100\n|move|p2b: Kingambit|Kowtow Cleave|p1a: Spiritomb\n|-damage|p1a: Spiritomb|26/100\n|move|p2a: Medicham|Drain Punch|p1b: Abomasnow\n|-supereffective|p1b: Abomasnow|1\n|-damage|p1b: Abomasnow|0 fnt\n|-heal|p2a: Medicham|15/100 brn|[from] drain|[of] p1b: Abomasnow\n|faint|p1b: Abomasnow\n|\n|-weather|Snowscape|[upkeep]\n|-damage|p2a: Medicham|9/100 brn|[from] brn\n|upkeep\n|\n|t:|1776687170\n|switch|p1b: Torkoal|Torkoal, L50, M|100/100\n|-weather|SunnyDay|[from] ability: Drought|[of] p1b: Torkoal\n|turn|4\n|\n|t:|1776687188\n|move|p1a: Spiritomb|Helping Hand|p1b: Torkoal\n|-singleturn|p1b: Torkoal|Helping Hand|[of] p1a: Spiritomb\n|move|p2b: Kingambit|Protect|p2b: Kingambit\n|-singleturn|p2b: Kingambit|Protect\n|move|p1b: Torkoal|Eruption|p2a: Medicham|[spread] p2a\n|-activate|p2b: Kingambit|move: Protect\n|-damage|p2a: Medicham|0 fnt\n|faint|p2a: Medicham\n|\n|-weather|SunnyDay|[upkeep]\n|upkeep\n|\n|t:|1776687199\n|switch|p2a: Golurk|Golurk, L50|100/100\n|turn|5\n|\n|t:|1776687210\n|move|p1a: Spiritomb|Helping Hand|p1b: Torkoal\n|-singleturn|p1b: Torkoal|Helping Hand|[of] p1a: Spiritomb\n|move|p2b: Kingambit|Sucker Punch|p1b: Torkoal\n|-damage|p1b: Torkoal|40/100\n|move|p1b: Torkoal|Eruption|p2b: Kingambit|[spread] p2a,p2b\n|-supereffective|p2b: Kingambit|1\n|-damage|p2a: Golurk|48/100\n|-damage|p2b: Kingambit|0 fnt\n|faint|p2b: Kingambit\n|move|p2a: Golurk|Stone Edge|p1b: Torkoal\n|-supereffective|p1b: Torkoal|1\n|-damage|p1b: Torkoal|0 fnt\n|faint|p1b: Torkoal\n|\n|-weather|SunnyDay|[upkeep]\n|-fieldend|move: Trick Room\n|upkeep\n|\n|t:|1776687226\n|switch|p2b: Chimecho|Chimecho, L50, F, shiny|100/100\n|switch|p1b: Aromatisse|Aromatisse, L50, F|100/100\n|turn|6\n|\n|t:|1776687241\n|detailschange|p2b: Chimecho|Chimecho-Mega, L50, F, shiny\n|-mega|p2b: Chimecho|Chimecho|Chimechite\n|move|p2b: Chimecho|Psyshock|p1b: Aromatisse\n|-damage|p1b: Aromatisse|76/100\n|move|p2a: Golurk|Poltergeist|p1a: Spiritomb\n|-activate|p1a: Spiritomb|move: Poltergeist|Mental Herb\n|-damage|p1a: Spiritomb|0 fnt\n|faint|p1a: Spiritomb\n|move|p1b: Aromatisse|Trick Room|p1b: Aromatisse\n|-fieldstart|move: Trick Room|[of] p1b: Aromatisse\n|\n|-weather|SunnyDay|[upkeep]\n|-heal|p1b: Aromatisse|83/100|[from] item: Leftovers\n|-sideend|p1: pokestrange|move: Aurora Veil\n|upkeep\n|turn|7\n|\n|t:|1776687262\n|move|p1b: Aromatisse|Moonblast|p2a: Golurk\n|-damage|p2a: Golurk|14/100\n|move|p2a: Golurk|Poltergeist|p1b: Aromatisse\n|-activate|p1b: Aromatisse|move: Poltergeist|Leftovers\n|-damage|p1b: Aromatisse|30/100\n|move|p2b: Chimecho|Trick Room|p2b: Chimecho\n|-fieldend|move: Trick Room\n|\n|-weather|SunnyDay|[upkeep]\n|-heal|p1b: Aromatisse|37/100|[from] item: Leftovers\n|upkeep\n|turn|8\n|-message|pokestrange forfeited.\n|\n|win|Itz_Whiffy\n|raw|pokestrange's rating: 1043 &rarr; <strong>1025</strong><br />(-18 for losing)\n|raw|Itz_Whiffy's rating: 1000 &rarr; <strong>1045</strong><br />(+45 for winning)\n|l|\u2606pokestrange\n|player|p1|\n",
  "uploadtime": 1776687280,
  "views": 8,
  "formatid": "gen9championsvgc2026regma",
  "rating": 1025,
  "private": 0,
  "password": null
}