{
  "id": "gen9championsvgc2026regma-2581066040",
  "format": "[Gen 9 Champions] VGC 2026 Reg M-A",
  "players": [
    "null04",
    "Mikatt"
  ],
  "log": "|j|\u2606null04\n|j|\u2606Mikatt\n|t:|1775956639\n|gametype|doubles\n|player|p1|null04|102|1068\n|player|p2|Mikatt|102|1128\n|gen|9\n|tier|[Gen 9 Champions] VGC 2026 Reg M-A\n|rated|\n|rule|Species Clause: Limit one of each Pok\u00e9mon\n|rule|Item Clause: Limit 1 of each item\n|clearpoke\n|poke|p1|Froslass, L50, F|\n|poke|p1|Orthworm, L50, M|\n|poke|p1|Incineroar, L50, M|\n|poke|p1|Basculegion, L50, M|\n|poke|p1|Rotom-Frost, L50|\n|poke|p1|Garchomp, L50, F|\n|poke|p2|Arcanine, L50, M|\n|poke|p2|Aerodactyl, L50, F|\n|poke|p2|Zoroark-Hisui, L50, M|\n|poke|p2|Hydrapple, L50, F|\n|poke|p2|Clefable, L50, F|\n|poke|p2|Milotic, L50, F|\n|teampreview|4\n|inactive|Battle timer is ON: inactive players will automatically lose when time's up. (requested by null04)\n|\n|t:|1775956688\n|teamsize|p1|4\n|teamsize|p2|4\n|start\n|switch|p1a: Orthworm|Orthworm, L50, M|100/100\n|switch|p1b: Incineroar|Incineroar, L50, M|100/100\n|switch|p2a: Ignite|Arcanine, L50, M|100/100\n|switch|p2b: Dractyl|Aerodactyl, L50, F|100/100\n|-ability|p2a: Ignite|Intimidate|boost\n|-unboost|p1a: Orthworm|atk|1\n|-unboost|p1b: Incineroar|atk|1\n|-ability|p1b: Incineroar|Intimidate|boost\n|-unboost|p2a: Ignite|atk|1\n|-unboost|p2b: Dractyl|atk|1\n|turn|1\n|inactive|Mikatt has 30 seconds left.\n|\n|t:|1775956716\n|move|p1b: Incineroar|Fake Out|p2a: Ignite\n|-damage|p2a: Ignite|90/100\n|move|p2b: Dractyl|Focus Blast|p1b: Incineroar|[miss]\n|-miss|p2b: Dractyl|p1b: Incineroar\n|cant|p2a: Ignite|flinch\n|move|p1a: Orthworm|Shed Tail|p1a: Orthworm\n|-start|p1a: Orthworm|Substitute|[from] move: Shed Tail\n|-damage|p1a: Orthworm|50/100\n|-enditem|p1a: Orthworm|Sitrus Berry|[eat]\n|-heal|p1a: Orthworm|75/100|[from] item: Sitrus Berry\n|\n|t:|1775956729\n|switch|p1a: Froslass|Froslass, L50, F|100/100|[from] Shed Tail\n|\n|upkeep\n|turn|2\n|inactive|Mikatt has 30 seconds left.\n|\n|t:|1775956764\n|detailschange|p1a: Froslass|Froslass-Mega, L50, F\n|-mega|p1a: Froslass|Froslass|Froslassite\n|-weather|Snowscape|[from] ability: Snow Warning|[of] p1a: Froslass\n|move|p1a: Froslass|Aurora Veil|p1a: Froslass\n|-sidestart|p1: null04|move: Aurora Veil\n|move|p2b: Dractyl|Icy Wind|p1b: Incineroar|[spread] p1a,p1b\n|-resisted|p1a: Froslass|1\n|-activate|p1a: Froslass|move: Substitute|[damage]\n|-resisted|p1b: Incineroar|1\n|-damage|p1b: Incineroar|96/100\n|-unboost|p1b: Incineroar|spe|1\n|move|p2a: Ignite|Snarl|p1a: Froslass|[spread] p1a,p1b\n|-supereffective|p1a: Froslass|1\n|-resisted|p1b: Incineroar|1\n|-damage|p1a: Froslass|88/100\n|-damage|p1b: Incineroar|94/100\n|-unboost|p1a: Froslass|spa|1\n|-unboost|p1b: Incineroar|spa|1\n|move|p1b: Incineroar|Darkest Lariat|p2b: Dractyl\n|-supereffective|p2b: Dractyl|1\n|-enditem|p2b: Dractyl|Focus Sash\n|-damage|p2b: Dractyl|1/100\n|replace|p2b: Pekaboo|Zoroark-Hisui, L50, M\n|-end|p2b: Pekaboo|Illusion\n|\n|-weather|Snowscape|[upkeep]\n|upkeep\n|turn|3\n|inactive|null04 has 30 seconds left.\n|inactive|Mikatt has 30 seconds left.\n|\n|t:|1775956800\n|switch|p2b: Mery|Clefable, L50, F|100/100\n|move|p1a: Froslass|Blizzard|p2b: Mery|[spread] p2a,p2b\n|-resisted|p2a: Ignite|1\n|-damage|p2a: Ignite|74/100\n|-damage|p2b: Mery|69/100\n|move|p2a: Ignite|Snarl|p1a: Froslass|[spread] p1a,p1b\n|-supereffective|p1a: Froslass|1\n|-resisted|p1b: Incineroar|1\n|-damage|p1a: Froslass|74/100\n|-damage|p1b: Incineroar|91/100\n|-unboost|p1a: Froslass|spa|1\n|-unboost|p1b: Incineroar|spa|1\n|move|p1b: Incineroar|Parting Shot|p2a: Ignite\n|-unboost|p2a: Ignite|atk|1\n|-unboost|p2a: Ignite|spa|1\n|\n|t:|1775956812\n|switch|p1b: Orthworm|Orthworm, L50, M|75/100|[from] Parting Shot\n|\n|-weather|Snowscape|[upkeep]\n|upkeep\n|turn|4\n|inactive|null04 has 30 seconds left.\n|inactive|null04 has 20 seconds left.\n|\n|t:|1775956851\n|move|p1a: Froslass|Shadow Ball|p2b: Mery\n|-damage|p2b: Mery|49/100\n|move|p2a: Ignite|Overheat|p1b: Orthworm\n|-supereffective|p1b: Orthworm|1\n|-damage|p1b: Orthworm|20/100\n|-unboost|p2a: Ignite|spa|2\n|move|p1b: Orthworm|Heavy Slam|p2b: Mery\n|-supereffective|p2b: Mery|1\n|-damage|p2b: Mery|0 fnt\n|faint|p2b: Mery\n|\n|-weather|Snowscape|[upkeep]\n|upkeep\n|inactive|Mikatt has 30 seconds left.\n|\n|t:|1775956885\n|switch|p2b: Dractyl|Aerodactyl, L50, F|100/100\n|-ability|p2b: Dractyl|Unnerve\n|turn|5\n|inactive|Mikatt has 30 seconds left.\n|\n|t:|1775956914\n|switch|p1a: Incineroar|Incineroar, L50, M|91/100\n|-ability|p1a: Incineroar|Intimidate|boost\n|-unboost|p2a: Ignite|atk|1\n|-unboost|p2b: Dractyl|atk|1\n|move|p2b: Dractyl|Protect|p2b: Dractyl\n|-singleturn|p2b: Dractyl|Protect\n|move|p2a: Ignite|Snarl|p1a: Incineroar|[spread] p1b\n|-miss|p2a: Ignite|p1a: Incineroar\n|-damage|p1b: Orthworm|16/100\n|-unboost|p1b: Orthworm|spa|1\n|move|p1b: Orthworm|Heavy Slam|p2b: Dractyl\n|-activate|p2b: Dractyl|move: Protect\n|\n|-weather|Snowscape|[upkeep]\n|upkeep\n|turn|6\n|inactive|Mikatt has 30 seconds left.\n|inactive|null04 has 30 seconds left.\n|\n|t:|1775956946\n|switch|p2b: Dractyl|Aerodactyl, L50, F|1/100\n|move|p2a: Ignite|Overheat|p1b: Orthworm\n|-supereffective|p1b: Orthworm|1\n|-damage|p1b: Orthworm|0 fnt\n|-unboost|p2a: Ignite|spa|2\n|faint|p1b: Orthworm\n|move|p1a: Incineroar|Darkest Lariat|p2b: Dractyl\n|-supereffective|p2b: Dractyl|1\n|-damage|p2b: Dractyl|0 fnt\n|replace|p2b: Pekaboo|Zoroark-Hisui, L50, M\n|-end|p2b: Pekaboo|Illusion\n|faint|p2b: Pekaboo\n|\n|-weather|none\n|-sideend|p1: null04|move: Aurora Veil\n|upkeep\n|\n|t:|1775956959\n|switch|p2b: Dractyl|Aerodactyl, L50, F|100/100\n|switch|p1b: Froslass|Froslass-Mega, L50, F|74/100\n|-ability|p2b: Dractyl|Unnerve\n|-weather|Snowscape|[from] ability: Snow Warning|[of] p1b: Froslass\n|turn|7\n|inactive|Mikatt has 30 seconds left.\n|inactive|null04 has 30 seconds left.\n|\n|t:|1775956995\n|move|p2b: Dractyl|Rock Slide|p1b: Froslass|[spread] p1a,p1b\n|-supereffective|p1a: Incineroar|1\n|-supereffective|p1b: Froslass|1\n|-damage|p1a: Incineroar|36/100\n|-damage|p1b: Froslass|5/100\n|cant|p1b: Froslass|flinch\n|move|p2a: Ignite|Snarl|p1a: Incineroar|[spread] p1a,p1b\n|-resisted|p1a: Incineroar|1\n|-crit|p1a: Incineroar\n|-supereffective|p1b: Froslass|1\n|-damage|p1a: Incineroar|30/100\n|-damage|p1b: Froslass|0 fnt\n|-unboost|p1a: Incineroar|spa|1\n|faint|p1b: Froslass\n|cant|p1a: Incineroar|flinch\n|\n|-weather|Snowscape|[upkeep]\n|upkeep\n|\n|t:|1775957012\n|switch|p1b: Rotom|Rotom-Frost, L50|100/100\n|turn|8\n|\n|t:|1775957033\n|move|p2b: Dractyl|Rock Slide|p1b: Rotom|[spread] p1a,p1b\n|-supereffective|p1a: Incineroar|1\n|-supereffective|p1b: Rotom|1\n|-crit|p1b: Rotom\n|-damage|p1a: Incineroar|0 fnt\n|-damage|p1b: Rotom|15/100\n|faint|p1a: Incineroar\n|move|p2a: Ignite|Overheat|p1b: Rotom\n|-supereffective|p1b: Rotom|1\n|-damage|p1b: Rotom|0 fnt\n|-unboost|p2a: Ignite|spa|1\n|faint|p1b: Rotom\n|\n|win|Mikatt\n|raw|null04's rating: 1068 &rarr; <strong>1051</strong><br />(-17 for losing)\n|raw|Mikatt's rating: 1128 &rarr; <strong>1149</strong><br />(+21 for winning)\n|c|\u2606Mikatt|gg\n",
  "uploadtime": 1775957047,
  "views": 12,
  "formatid": "gen9championsvgc2026regma",
  "rating": 1051,
  "private": 0,
  "password": null
}