{
  "id": "gen9championsvgc2026regma-2588769833",
  "format": "[Gen 9 Champions] VGC 2026 Reg M-A",
  "players": [
    "gipsydanger5627",
    "princeharming187"
  ],
  "log": "|j|\u203dgipsydanger5627\n|j|\u203dprinceharming187\n|t:|1776668483\n|gametype|doubles\n|player|p1|gipsydanger5627|brycen|1055\n|player|p2|princeharming187|101|1026\n|gen|9\n|tier|[Gen 9 Champions] VGC 2026 Reg M-A\n|rated|\n|rule|Species Clause: Limit one of each Pok\u00e9mon\n|rule|Item Clause: Limit 1 of each item\n|clearpoke\n|poke|p1|Charizard, L50, M|\n|poke|p1|Sneasler, L50, M|\n|poke|p1|Gengar, L50, M|\n|poke|p1|Kingambit, L50, F|\n|poke|p1|Archaludon, L50, F|\n|poke|p1|Sableye, L50, F|\n|poke|p2|Gengar, L50, M, shiny|\n|poke|p2|Zoroark-Hisui, L50, M|\n|poke|p2|Blastoise, L50, F|\n|poke|p2|Armarouge, L50, F|\n|poke|p2|Mr. Rime, L50, M|\n|poke|p2|Jolteon, L50, F|\n|teampreview|4\n|inactive|Battle timer is ON: inactive players will automatically lose when time's up. (requested by gipsydanger5627)\n|\n|t:|1776668541\n|teamsize|p1|4\n|teamsize|p2|4\n|start\n|switch|p1a: Sneasler|Sneasler, L50, M|100/100\n|switch|p1b: Gengar|Gengar, L50, M|100/100\n|switch|p2a: Blastoise|Blastoise, L50, F|100/100\n|switch|p2b: Mr. Rime|Mr. Rime, L50, M|100/100\n|turn|1\n|inactive|gipsydanger5627 has 30 seconds left.\n|\n|t:|1776668572\n|detailschange|p2a: Blastoise|Blastoise-Mega, L50, F\n|-mega|p2a: Blastoise|Blastoise|Blastoisinite\n|move|p2b: Mr. Rime|Fake Out|p1a: Sneasler\n|-damage|p1a: Sneasler|85/100\n|move|p1b: Gengar|Trick||[still]\n|-fail|p1b: Gengar\n|cant|p1a: Sneasler|flinch\n|move|p2a: Blastoise|Water Spout|p1a: Sneasler|[spread] p1a,p1b\n|-damage|p1a: Sneasler|5/100\n|-damage|p1b: Gengar|8/100\n|-start|p2a: Blastoise|Disable|Water Spout|[from] ability: Cursed Body|[of] p1b: Gengar\n|\n|upkeep\n|turn|2\n|inactive|gipsydanger5627 has 30 seconds left.\n|inactive|princeharming187 has 30 seconds left.\n|inactive|princeharming187 has 20 seconds left.\n|inactive|princeharming187 has 15 seconds left.\n|inactive|princeharming187 has 10 seconds left.\n|\n|t:|1776668628\n|switch|p1b: Kingambit|Kingambit, L50, F|100/100\n|move|p2b: Mr. Rime|Protect|p2b: Mr. Rime\n|-singleturn|p2b: Mr. Rime|Protect\n|move|p1a: Sneasler|Close Combat|p2a: Blastoise\n|-damage|p2a: Blastoise|34/100\n|-unboost|p1a: Sneasler|def|1\n|-unboost|p1a: Sneasler|spd|1\n|move|p2a: Blastoise|Shell Smash|p2a: Blastoise\n|-unboost|p2a: Blastoise|def|1\n|-unboost|p2a: Blastoise|spd|1\n|-boost|p2a: Blastoise|atk|2\n|-boost|p2a: Blastoise|spa|2\n|-boost|p2a: Blastoise|spe|2\n|\n|upkeep\n|turn|3\n|inactive|gipsydanger5627 has 30 seconds left.\n|\n|t:|1776668654\n|move|p2a: Blastoise|Protect|p2a: Blastoise\n|-singleturn|p2a: Blastoise|Protect\n|move|p1b: Kingambit|Sucker Punch||[still]\n|-fail|p1b: Kingambit\n|move|p1a: Sneasler|Dire Claw|p2b: Mr. Rime\n|-damage|p2b: Mr. Rime|53/100\n|-status|p2b: Mr. Rime|par\n|move|p2b: Mr. Rime|Sheer Cold|p1b: Kingambit\n|-damage|p1b: Kingambit|0 fnt\n|faint|p1b: Kingambit\n|-ohko\n|\n|-heal|p2b: Mr. Rime|59/100 par|[from] item: Leftovers\n|upkeep\n|\n|t:|1776668671\n|switch|p1b: Gengar|Gengar, L50, M|8/100\n|turn|4\n|\n|t:|1776668684\n|switch|p2a: Jolteon|Jolteon, L50, F|100/100\n|move|p1b: Gengar|Shadow Ball|p2a: Jolteon\n|-damage|p2a: Jolteon|43/100\n|move|p1a: Sneasler|Close Combat|p2b: Mr. Rime\n|-damage|p2b: Mr. Rime|0 fnt\n|-unboost|p1a: Sneasler|def|1\n|-unboost|p1a: Sneasler|spd|1\n|faint|p2b: Mr. Rime\n|\n|upkeep\n|\n|t:|1776668696\n|switch|p2b: Armarouge|Armarouge, L50, F|100/100\n|turn|5\n|\n|t:|1776668721\n|move|p1b: Gengar|Shadow Ball|p2a: Jolteon\n|-damage|p2a: Jolteon|0 fnt\n|faint|p2a: Jolteon\n|move|p1a: Sneasler|Dire Claw|p2b: Armarouge\n|-damage|p2b: Armarouge|60/100\n|move|p2b: Armarouge|Armor Cannon|p1a: Sneasler\n|-damage|p1a: Sneasler|0 fnt\n|-unboost|p2b: Armarouge|def|1\n|-unboost|p2b: Armarouge|spd|1\n|faint|p1a: Sneasler\n|\n|upkeep\n|\n|t:|1776668732\n|switch|p1a: Charizard|Charizard, L50, M|100/100\n|switch|p2a: Blastoise|Blastoise-Mega, L50, F|34/100\n|turn|6\n|\n|t:|1776668748\n|detailschange|p1a: Charizard|Charizard-Mega-X, L50, M\n|-mega|p1a: Charizard|Charizard|Charizardite X\n|move|p2b: Armarouge|Protect|p2b: Armarouge\n|-singleturn|p2b: Armarouge|Protect\n|move|p1b: Gengar|Shadow Ball|p2b: Armarouge\n|-activate|p2b: Armarouge|move: Protect\n|move|p1a: Charizard|Dragon Claw|p2a: Blastoise\n|-damage|p2a: Blastoise|0 fnt\n|faint|p2a: Blastoise\n|\n|upkeep\n|turn|7\n|-message|princeharming187 forfeited.\n|\n|win|gipsydanger5627\n|raw|gipsydanger5627's rating: 1055 &rarr; <strong>1084</strong><br />(+29 for winning)\n|raw|princeharming187's rating: 1026 &rarr; <strong>1013</strong><br />(-13 for losing)\n|l|\u203dprinceharming187\n|player|p2|\n",
  "uploadtime": 1776668774,
  "views": 18,
  "formatid": "gen9championsvgc2026regma",
  "rating": 1013,
  "private": 0,
  "password": null
}