{
  "id": "gen9championsvgc2026regma-2582387449",
  "format": "[Gen 9 Champions] VGC 2026 Reg M-A",
  "players": [
    "hiddenchaos",
    "Mango404"
  ],
  "log": "|j|\u203dhiddenchaos\n|j|\u2606Mango404\n|t:|1776088296\n|gametype|doubles\n|player|p1|hiddenchaos|170|1018\n|player|p2|Mango404|harlequin|1000\n|gen|9\n|tier|[Gen 9 Champions] VGC 2026 Reg M-A\n|rated|\n|rule|Species Clause: Limit one of each Pok\u00e9mon\n|rule|Item Clause: Limit 1 of each item\n|clearpoke\n|poke|p1|Starmie, L50|\n|poke|p1|Sneasler, L50, F|\n|poke|p1|Sinistcha, L50|\n|poke|p1|Kingambit, L50, M|\n|poke|p1|Dragonite, L50, M|\n|poke|p1|Pelipper, L50, F|\n|poke|p2|Meganium, L50, M|\n|poke|p2|Incineroar, L50, F|\n|poke|p2|Slowking, L50, M|\n|poke|p2|Crabominable, L50, F|\n|poke|p2|Sinistcha, L50|\n|poke|p2|Basculegion, L50, M|\n|teampreview|4\n|inactive|Battle timer is ON: inactive players will automatically lose when time's up. (requested by hiddenchaos)\n|inactive|hiddenchaos has 60 seconds left.\n|inactive|Mango404 has 60 seconds left.\n|\n|t:|1776088357\n|teamsize|p1|4\n|teamsize|p2|4\n|start\n|switch|p1a: Pelipper|Pelipper, L50, F|100/100\n|switch|p1b: Dragonite|Dragonite, L50, M|100/100\n|switch|p2a: Incineroar|Incineroar, L50, F|100/100\n|switch|p2b: Slowking|Slowking, L50, M|100/100\n|-weather|RainDance|[from] ability: Drizzle|[of] p1a: Pelipper\n|-ability|p2a: Incineroar|Intimidate|boost\n|-unboost|p1a: Pelipper|atk|1\n|-fail|p1b: Dragonite|unboost|Attack|[from] ability: Inner Focus|[of] p1b: Dragonite\n|turn|1\n|inactive|hiddenchaos has 30 seconds left.\n|\n|t:|1776088383\n|move|p1b: Dragonite|Protect|p1b: Dragonite\n|-singleturn|p1b: Dragonite|Protect\n|move|p2a: Incineroar|Fake Out|p1b: Dragonite\n|-activate|p1b: Dragonite|move: Protect\n|move|p1a: Pelipper|Weather Ball|p2a: Incineroar\n|-supereffective|p2a: Incineroar|1\n|-damage|p2a: Incineroar|0 fnt\n|faint|p2a: Incineroar\n|move|p2b: Slowking|Trick Room|p2b: Slowking\n|-fieldstart|move: Trick Room|[of] p2b: Slowking\n|\n|-weather|RainDance|[upkeep]\n|upkeep\n|\n|t:|1776088395\n|switch|p2a: Crabominable|Crabominable, L50, F|100/100\n|turn|2\n|\n|t:|1776088406\n|switch|p1b: Sneasler|Sneasler, L50, F|100/100\n|switch|p1a: Kingambit|Kingambit, L50, M|100/100\n|detailschange|p2a: Crabominable|Crabominable-Mega, L50, F\n|-mega|p2a: Crabominable|Crabominable|Crabominite\n|-prepare|p2b: Slowking|Chilly Reception|[premajor]\n|move|p2b: Slowking|Chilly Reception|p2b: Slowking\n|-weather|Snowscape\n|\n|t:|1776088416\n|switch|p2b: Sinistcha|Sinistcha, L50|100/100|[from] Chilly Reception\n|move|p2a: Crabominable|Rock Slide|p1a: Kingambit|[spread] p1a,p1b\n|-resisted|p1a: Kingambit|1\n|-resisted|p1b: Sneasler|1\n|-crit|p1b: Sneasler\n|-damage|p1a: Kingambit|89/100\n|-damage|p1b: Sneasler|71/100\n|\n|-weather|Snowscape|[upkeep]\n|upkeep\n|turn|3\n|\n|t:|1776088435\n|move|p1b: Sneasler|Fake Out|p2a: Crabominable\n|-damage|p2a: Crabominable|95/100\n|move|p2b: Sinistcha|Rage Powder|p2b: Sinistcha\n|-singleturn|p2b: Sinistcha|move: Rage Powder\n|cant|p2a: Crabominable|flinch\n|move|p1a: Kingambit|Iron Head|p2b: Sinistcha\n|-damage|p2b: Sinistcha|56/100\n|\n|-weather|Snowscape|[upkeep]\n|upkeep\n|turn|4\n|\n|t:|1776088447\n|move|p2a: Crabominable|Close Combat|p1a: Kingambit\n|-supereffective|p1a: Kingambit|2\n|-damage|p1a: Kingambit|0 fnt\n|-unboost|p2a: Crabominable|def|1\n|-unboost|p2a: Crabominable|spd|1\n|faint|p1a: Kingambit\n|move|p2b: Sinistcha|Strength Sap|p1b: Sneasler\n|-unboost|p1b: Sneasler|atk|1\n|-heal|p2b: Sinistcha|100/100\n|move|p1b: Sneasler|Close Combat|p2a: Crabominable\n|-supereffective|p2a: Crabominable|1\n|-damage|p2a: Crabominable|45/100\n|-unboost|p1b: Sneasler|def|1\n|-unboost|p1b: Sneasler|spd|1\n|\n|-weather|Snowscape|[upkeep]\n|upkeep\n|\n|t:|1776088459\n|switch|p1a: Pelipper|Pelipper, L50, F|100/100\n|-weather|RainDance|[from] ability: Drizzle|[of] p1a: Pelipper\n|turn|5\n|\n|t:|1776088481\n|switch|p2a: Slowking|Slowking, L50, M|100/100\n|move|p2b: Sinistcha|Matcha Gotcha|p1b: Sneasler|[spread] p1a,p1b\n|-resisted|p1b: Sneasler|1\n|-damage|p1a: Pelipper|58/100\n|-damage|p1b: Sneasler|42/100\n|-status|p1b: Sneasler|brn\n|move|p1b: Sneasler|Close Combat|p2a: Slowking\n|-resisted|p2a: Slowking|1\n|-damage|p2a: Slowking|95/100\n|-unboost|p1b: Sneasler|def|1\n|-unboost|p1b: Sneasler|spd|1\n|move|p1a: Pelipper|Hurricane|p2b: Sinistcha\n|-supereffective|p2b: Sinistcha|1\n|-damage|p2b: Sinistcha|12/100\n|-enditem|p2b: Sinistcha|Sitrus Berry|[eat]\n|-heal|p2b: Sinistcha|36/100|[from] item: Sitrus Berry\n|\n|-weather|RainDance|[upkeep]\n|-damage|p1b: Sneasler|36/100 brn|[from] brn\n|-fieldend|move: Trick Room\n|upkeep\n|turn|6\n|inactive|Mango404 has 30 seconds left.\n|\n|t:|1776088508\n|switch|p1b: Dragonite|Dragonite, L50, M|100/100\n|move|p1a: Pelipper|Hurricane|p2b: Sinistcha\n|-supereffective|p2b: Sinistcha|1\n|-damage|p2b: Sinistcha|0 fnt\n|faint|p2b: Sinistcha\n|move|p2a: Slowking|Trick Room|p2a: Slowking\n|-fieldstart|move: Trick Room|[of] p2a: Slowking\n|\n|-weather|RainDance|[upkeep]\n|upkeep\n|\n|t:|1776088513\n|switch|p2b: Crabominable|Crabominable-Mega, L50, F|45/100\n|turn|7\n|\n|t:|1776088526\n|switch|p1b: Sneasler|Sneasler, L50, F|36/100 brn\n|move|p2a: Slowking|Yawn|p1a: Pelipper\n|-start|p1a: Pelipper|move: Yawn|[of] p2a: Slowking\n|move|p2b: Crabominable|Rock Slide|p1b: Sneasler|[spread] p1a,p1b\n|-supereffective|p1a: Pelipper|1\n|-resisted|p1b: Sneasler|1\n|-damage|p1a: Pelipper|0 fnt\n|-damage|p1b: Sneasler|15/100 brn\n|faint|p1a: Pelipper\n|\n|-weather|RainDance|[upkeep]\n|-damage|p1b: Sneasler|9/100 brn|[from] brn\n|upkeep\n|\n|t:|1776088534\n|switch|p1a: Dragonite|Dragonite, L50, M|100/100\n|turn|8\n|\n|t:|1776088545\n|detailschange|p1a: Dragonite|Dragonite-Mega, L50, M\n|-mega|p1a: Dragonite|Dragonite|Dragoninite\n|move|p1b: Sneasler|Fake Out|p2b: Crabominable\n|-damage|p2b: Crabominable|41/100\n|move|p2a: Slowking|Scald|p1a: Dragonite\n|-resisted|p1a: Dragonite|1\n|-damage|p1a: Dragonite|91/100\n|cant|p2b: Crabominable|flinch\n|move|p1a: Dragonite|Tailwind|p1a: Dragonite\n|-sidestart|p1: hiddenchaos|move: Tailwind\n|\n|-weather|RainDance|[upkeep]\n|-damage|p1b: Sneasler|3/100 brn|[from] brn\n|upkeep\n|turn|9\n|\n|t:|1776088565\n|move|p1a: Dragonite|Protect|p1a: Dragonite\n|-singleturn|p1a: Dragonite|Protect\n|-prepare|p2a: Slowking|Chilly Reception|[premajor]\n|move|p2a: Slowking|Chilly Reception|p2a: Slowking\n|-weather|Snowscape\n|move|p2b: Crabominable|Ice Hammer|p1a: Dragonite\n|-activate|p1a: Dragonite|move: Protect\n|move|p1b: Sneasler|Close Combat|p2b: Crabominable\n|-supereffective|p2b: Crabominable|1\n|-damage|p2b: Crabominable|16/100\n|-unboost|p1b: Sneasler|def|1\n|-unboost|p1b: Sneasler|spd|1\n|\n|-weather|Snowscape|[upkeep]\n|-damage|p1b: Sneasler|0 fnt|[from] brn\n|faint|p1b: Sneasler\n|upkeep\n|turn|10\n|\n|t:|1776088582\n|move|p1a: Dragonite|Protect||[still]\n|-fail|p1a: Dragonite\n|move|p2a: Slowking|Scald|p1a: Dragonite\n|-resisted|p1a: Dragonite|1\n|-damage|p1a: Dragonite|79/100\n|move|p2b: Crabominable|Ice Hammer|p1a: Dragonite\n|-supereffective|p1a: Dragonite|2\n|-damage|p1a: Dragonite|0 fnt\n|-unboost|p2b: Crabominable|spe|1\n|faint|p1a: Dragonite\n|\n|win|Mango404\n|raw|hiddenchaos's rating: 1018 &rarr; <strong>1005</strong><br />(-13 for losing)\n|raw|Mango404's rating: 1000 &rarr; <strong>1042</strong><br />(+42 for winning)\n|l|\u203dhiddenchaos\n|player|p1|\n",
  "uploadtime": 1776088595,
  "views": 17,
  "formatid": "gen9championsvgc2026regma",
  "rating": 1005,
  "private": 0,
  "password": null
}