{
  "id": "gen9championsvgc2026regma-2585804154",
  "format": "[Gen 9 Champions] VGC 2026 Reg M-A",
  "players": [
    "OldManBallin26",
    "D357"
  ],
  "log": "|j|\u2606OldManBallin26\n|j|\u2606D357\n|t:|1776371835\n|gametype|doubles\n|player|p1|OldManBallin26|hiker-gen4|1061\n|player|p2|D357|wallace|1086\n|gen|9\n|tier|[Gen 9 Champions] VGC 2026 Reg M-A\n|rated|\n|rule|Species Clause: Limit one of each Pok\u00e9mon\n|rule|Item Clause: Limit 1 of each item\n|clearpoke\n|poke|p1|Whimsicott, L50, F|\n|poke|p1|Glalie, L50, F|\n|poke|p1|Scizor, L50, M|\n|poke|p1|Sableye, L50, M|\n|poke|p1|Chandelure, L50, M|\n|poke|p1|Pelipper, L50, F|\n|poke|p2|Scizor, L50, F|\n|poke|p2|Clefable, L50, M|\n|poke|p2|Pelipper, L50, F|\n|poke|p2|Tyranitar, L50, M|\n|poke|p2|Dragonite, L50, M|\n|poke|p2|Incineroar, L50, M|\n|teampreview|4\n|inactive|Battle timer is ON: inactive players will automatically lose when time's up. (requested by OldManBallin26)\nOldManBallin26 rejected open team sheets.\n|inactive|OldManBallin26 has 60 seconds left.\n|\n|t:|1776371869\n|teamsize|p1|4\n|teamsize|p2|4\n|start\n|switch|p1a: Glalie|Glalie, L50, F|100/100\n|switch|p1b: Whimsicott|Whimsicott, L50, F|100/100\n|switch|p2a: Pelipper|Pelipper, L50, F|100/100\n|switch|p2b: Dragonite|Dragonite, L50, M|100/100\n|-weather|RainDance|[from] ability: Drizzle|[of] p2a: Pelipper\n|turn|1\n|inactive|OldManBallin26 has 30 seconds left.\n|\n|t:|1776371899\n|detailschange|p1a: Glalie|Glalie-Mega, L50, F\n|-mega|p1a: Glalie|Glalie|Glalitite\n|move|p2b: Dragonite|Protect|p2b: Dragonite\n|-singleturn|p2b: Dragonite|Protect\n|move|p1b: Whimsicott|Tailwind|p1b: Whimsicott\n|-sidestart|p1: OldManBallin26|move: Tailwind\n|move|p1a: Glalie|Explosion|p2b: Dragonite|[spread] p1b,p2a\n|-activate|p2b: Dragonite|move: Protect\n|-supereffective|p1b: Whimsicott|1\n|-enditem|p1b: Whimsicott|Focus Sash\n|-damage|p1b: Whimsicott|1/100\n|-enditem|p2a: Pelipper|Focus Sash\n|-damage|p2a: Pelipper|1/100\n|faint|p1a: Glalie\n|move|p2a: Pelipper|Tailwind|p2a: Pelipper\n|-sidestart|p2: D357|move: Tailwind\n|\n|-weather|RainDance|[upkeep]\n|upkeep\n|\n|t:|1776371916\n|switch|p1a: Scizor|Scizor, L50, M|100/100\n|turn|2\n|\n|t:|1776371931\n|switch|p2a: Incineroar|Incineroar, L50, M|100/100\n|-ability|p2a: Incineroar|Intimidate|boost\n|-unboost|p1a: Scizor|atk|1\n|-unboost|p1b: Whimsicott|atk|1\n|move|p1a: Scizor|Bullet Punch|p2b: Dragonite\n|-damage|p2b: Dragonite|89/100\n|move|p1b: Whimsicott|Moonblast|p2b: Dragonite\n|-supereffective|p2b: Dragonite|1\n|-crit|p2b: Dragonite\n|-damage|p2b: Dragonite|0 fnt\n|faint|p2b: Dragonite\n|\n|-weather|RainDance|[upkeep]\n|upkeep\n|\n|t:|1776371939\n|switch|p2b: Clefable|Clefable, L50, M|100/100\n|turn|3\n|\n|t:|1776371948\n|move|p1a: Scizor|Protect|p1a: Scizor\n|-singleturn|p1a: Scizor|Protect\n|move|p2a: Incineroar|Fake Out|p1a: Scizor\n|-activate|p1a: Scizor|move: Protect\n|move|p1b: Whimsicott|Endeavor|p2a: Incineroar\n|-damage|p2a: Incineroar|1/100\n|move|p2b: Clefable|Moonlight|p2b: Clefable\n|-fail|p2b: Clefable|heal\n|\n|-weather|RainDance|[upkeep]\n|upkeep\n|turn|4\n|\n|t:|1776371967\n|move|p1a: Scizor|Bullet Punch|p2a: Incineroar\n|-resisted|p2a: Incineroar|1\n|-damage|p2a: Incineroar|0 fnt\n|faint|p2a: Incineroar\n|move|p1b: Whimsicott|Endeavor|p2b: Clefable\n|-damage|p2b: Clefable|1/100\n|-enditem|p2b: Clefable|Sitrus Berry|[eat]\n|-heal|p2b: Clefable|26/100|[from] item: Sitrus Berry\n|move|p2b: Clefable|Moonblast|p1b: Whimsicott\n|-damage|p1b: Whimsicott|0 fnt\n|faint|p1b: Whimsicott\n|\n|-weather|RainDance|[upkeep]\n|-sideend|p1: OldManBallin26|move: Tailwind\n|-sideend|p2: D357|move: Tailwind\n|upkeep\n|\n|t:|1776371979\n|switch|p1b: Pelipper|Pelipper, L50, F|100/100\n|switch|p2a: Pelipper|Pelipper, L50, F|1/100\n|turn|5\n|\n|t:|1776371991\n|move|p2b: Clefable|Follow Me|p2b: Clefable\n|-singleturn|p2b: Clefable|move: Follow Me\n|move|p1a: Scizor|Bullet Punch|p2b: Clefable\n|-supereffective|p2b: Clefable|1\n|-damage|p2b: Clefable|0 fnt\n|faint|p2b: Clefable\n|move|p2a: Pelipper|Hurricane|p1b: Pelipper\n|-damage|p1b: Pelipper|43/100\n|move|p1b: Pelipper|Hurricane|p2a: Pelipper\n|-damage|p2a: Pelipper|0 fnt\n|faint|p2a: Pelipper\n|\n|win|OldManBallin26\n|raw|OldManBallin26's rating: 1061 &rarr; <strong>1094</strong><br />(+33 for winning)\n|raw|D357's rating: 1086 &rarr; <strong>1061</strong><br />(-25 for losing)\n|l|\u2606D357\n|player|p2|\n",
  "uploadtime": 1776372006,
  "views": 45,
  "formatid": "gen9championsvgc2026regma",
  "rating": 1061,
  "private": 0,
  "password": null
}