{
  "id": "gen9championsvgc2026regma-2585184156",
  "format": "[Gen 9 Champions] VGC 2026 Reg M-A",
  "players": [
    "eewrreds",
    "InYurFace"
  ],
  "log": "|j|\u2606eewrreds\n|j|\u2606InYurFace\n|t:|1776322246\n|gametype|doubles\n|player|p1|eewrreds|ghetsis-gen5bw|1058\n|player|p2|InYurFace|red|1000\n|gen|9\n|tier|[Gen 9 Champions] VGC 2026 Reg M-A\n|rated|\n|rule|Species Clause: Limit one of each Pok\u00e9mon\n|rule|Item Clause: Limit 1 of each item\n|clearpoke\n|poke|p1|Zoroark-Hisui, L50, M|\n|poke|p1|Milotic, L50, M|\n|poke|p1|Clefable, L50, F|\n|poke|p1|Kingambit, L50, F|\n|poke|p1|Delphox, L50, F|\n|poke|p1|Dragonite, L50, M|\n|poke|p2|Gengar, L50, M|\n|poke|p2|Alakazam, L50, M|\n|poke|p2|Meowstic, L50, M|\n|poke|p2|Ditto, L50|\n|poke|p2|Arcanine-Hisui, L50, M|\n|poke|p2|Whimsicott, L50, F|\n|teampreview|4\n|inactive|Battle timer is ON: inactive players will automatically lose when time's up. (requested by eewrreds)\n|\n|t:|1776322262\n|teamsize|p1|4\n|teamsize|p2|4\n|start\n|switch|p1a: Kingambit|Kingambit, L50, F|100/100\n|switch|p1b: Milotic|Milotic, L50, M|100/100\n|switch|p2a: Gengar|Gengar, L50, M|100/100\n|switch|p2b: Whimsicott|Whimsicott, L50, F, shiny|100/100\n|turn|1\n|inactive|eewrreds has 30 seconds left.\n|inactive|InYurFace has 30 seconds left.\n|\n|t:|1776322293\n|detailschange|p2a: Gengar|Gengar-Mega, L50, M\n|-mega|p2a: Gengar|Gengar|Gengarite\n|move|p1a: Kingambit|Protect|p1a: Kingambit\n|-singleturn|p1a: Kingambit|Protect\n|move|p2b: Whimsicott|Tailwind|p2b: Whimsicott\n|-sidestart|p2: InYurFace|move: Tailwind\n|move|p2a: Gengar|Perish Song|p2a: Gengar\n|-start|p1a: Kingambit|perish3|[silent]\n|-start|p1b: Milotic|perish3|[silent]\n|-start|p2a: Gengar|perish3|[silent]\n|-start|p2b: Whimsicott|perish3|[silent]\n|-fieldactivate|move: Perish Song\n|move|p1b: Milotic|Muddy Water|p2a: Gengar|[spread] p2a,p2b\n|-resisted|p2b: Whimsicott|1\n|-damage|p2a: Gengar|69/100\n|-damage|p2b: Whimsicott|86/100\n|\n|-start|p2a: Gengar|perish3\n|-start|p2b: Whimsicott|perish3\n|-start|p1a: Kingambit|perish3\n|-start|p1b: Milotic|perish3\n|upkeep\n|turn|2\n|\n|t:|1776322316\n|move|p2b: Whimsicott|Encore|p1b: Milotic\n|-start|p1b: Milotic|Encore\n|move|p2a: Gengar|Will-O-Wisp|p1a: Kingambit\n|-status|p1a: Kingambit|brn\n|move|p1a: Kingambit|Hyper Voice|p2a: Gengar|[spread] p2b\n|-immune|p2a: Gengar\n|-damage|p2b: Whimsicott|35/100\n|move|p1b: Milotic|Muddy Water|p2a: Gengar|[spread] p2a,p2b\n|-resisted|p2b: Whimsicott|1\n|-damage|p2a: Gengar|38/100\n|-damage|p2b: Whimsicott|21/100\n|\n|-damage|p1a: Kingambit|94/100 brn|[from] brn\n|-start|p2a: Gengar|perish2\n|-start|p2b: Whimsicott|perish2\n|-start|p1a: Kingambit|perish2\n|-start|p1b: Milotic|perish2\n|upkeep\n|turn|3\n|inactive|InYurFace has 30 seconds left.\n|inactive|InYurFace has 20 seconds left.\n|inactive|InYurFace has 15 seconds left.\n|inactive|InYurFace has 10 seconds left.\n|\n|t:|1776322365\n|move|p2b: Whimsicott|Encore|p1a: Kingambit\n|-start|p1a: Kingambit|Encore\n|move|p2a: Gengar|Shadow Ball|p1b: Milotic\n|-damage|p1b: Milotic|66/100\n|move|p1a: Kingambit|Hyper Voice|p2a: Gengar|[spread] p2b\n|-immune|p2a: Gengar\n|-damage|p2b: Whimsicott|0 fnt\n|faint|p2b: Whimsicott\n|move|p1b: Milotic|Muddy Water|p2a: Gengar\n|-damage|p2a: Gengar|0 fnt\n|faint|p2a: Gengar\n|\n|-heal|p1b: Milotic|72/100|[from] item: Leftovers\n|-damage|p1a: Kingambit|88/100 brn|[from] brn\n|-start|p1a: Kingambit|perish1\n|-start|p1b: Milotic|perish1\n|upkeep\n|\n|t:|1776322377\n|switch|p2a: Arcanine|Arcanine-Hisui, L50, M|100/100\n|switch|p2b: Ditto|Ditto, L50, shiny|100/100\n|-ability|p2a: Arcanine|Intimidate|boost\n|-unboost|p1a: Kingambit|atk|1\n|-unboost|p1b: Milotic|atk|1\n|-ability|p1b: Milotic|Competitive|boost\n|-boost|p1b: Milotic|spa|2\n|turn|4\n|inactive|eewrreds has 30 seconds left.\n|inactive|InYurFace has 30 seconds left.\n|inactive|InYurFace has 20 seconds left.\n|\n|t:|1776322419\n|switch|p1a: Delphox|Delphox, L50, F|100/100\n|switch|p1b: Kingambit|Kingambit, L50, F|100/100\n|move|p2b: Ditto|Transform|p1b: Kingambit\n|-transform|p2b: Ditto|p1b: Kingambit\n|move|p2a: Arcanine|Head Smash|p1b: Kingambit\n|-resisted|p1b: Kingambit|1\n|-damage|p1b: Kingambit|72/100\n|-damage|p2a: Arcanine|83/100|[from] Recoil\n|\n|-sideend|p2: InYurFace|move: Tailwind\n|upkeep\n|turn|5\n|\n|t:|1776322443\n|detailschange|p1a: Delphox|Delphox-Mega, L50, F\n|-mega|p1a: Delphox|Delphox|Delphoxite\n|move|p1a: Delphox|Heat Wave|p2b: Ditto|[spread] p2a,p2b\n|-resisted|p2a: Arcanine|2\n|-supereffective|p2b: Ditto|1\n|-damage|p2a: Arcanine|69/100\n|-damage|p2b: Ditto|0 fnt\n|faint|p2b: Ditto\n|move|p2a: Arcanine|Flare Blitz|p1b: Kingambit\n|-supereffective|p1b: Kingambit|1\n|-damage|p1b: Kingambit|0 fnt\n|faint|p1b: Kingambit\n|-damage|p2a: Arcanine|41/100|[from] Recoil\n|-enditem|p2a: Arcanine|Sitrus Berry|[eat]\n|-heal|p2a: Arcanine|66/100|[from] item: Sitrus Berry\n|\n|upkeep\n|-message|InYurFace forfeited.\n|\n|win|eewrreds\n|raw|eewrreds's rating: 1058 &rarr; <strong>1084</strong><br />(+26 for winning)\n|raw|InYurFace's rating: 1000 &rarr; <strong>1000</strong><br />(+0 for losing)\n|l|\u2606InYurFace\n|player|p2|\n",
  "uploadtime": 1776322460,
  "views": 18,
  "formatid": "gen9championsvgc2026regma",
  "rating": 1000,
  "private": 0,
  "password": null
}