{
  "id": "gen9championsvgc2026regma-2581178981",
  "format": "[Gen 9 Champions] VGC 2026 Reg M-A",
  "players": [
    "Novicebest",
    "hbee6902"
  ],
  "log": "|j|\u2606Novicebest\n|j|\u2606hbee6902\n|t:|1775967673\n|gametype|doubles\n|player|p1|Novicebest|dawn|1139\n|player|p2|hbee6902|dawn-gen4pt|1158\n|gen|9\n|tier|[Gen 9 Champions] VGC 2026 Reg M-A\n|rated|\n|rule|Species Clause: Limit one of each Pok\u00e9mon\n|rule|Item Clause: Limit 1 of each item\n|clearpoke\n|poke|p1|Charizard, L50, M|\n|poke|p1|Whimsicott, L50, M|\n|poke|p1|Farigiraf, L50, M|\n|poke|p1|Sneasler, L50, F|\n|poke|p1|Rotom-Wash, L50|\n|poke|p1|Incineroar, L50, F|\n|poke|p2|Incineroar, L50, F|\n|poke|p2|Drampa, L50, F|\n|poke|p2|Mimikyu, L50, F|\n|poke|p2|Kangaskhan, L50, F|\n|poke|p2|Empoleon, L50, M|\n|poke|p2|Chesnaught, L50, F|\n|teampreview|4\n|inactive|Battle timer is ON: inactive players will automatically lose when time's up. (requested by Novicebest)\n|\n|t:|1775967708\n|teamsize|p1|4\n|teamsize|p2|4\n|start\n|switch|p1a: Rotom|Rotom-Wash, L50|100/100\n|switch|p1b: Farigiraf|Farigiraf, L50, M|100/100\n|switch|p2a: Mimikyu|Mimikyu, L50, F|100/100\n|switch|p2b: Incineroar|Incineroar, L50, F|100/100\n|-ability|p2b: Incineroar|Intimidate|boost\n|-unboost|p1a: Rotom|atk|1\n|-unboost|p1b: Farigiraf|atk|1\n|turn|1\n|\n|t:|1775967723\n|move|p1a: Rotom|Nasty Plot|p1a: Rotom\n|-boost|p1a: Rotom|spa|2\n|move|p2a: Mimikyu|Light Screen|p2a: Mimikyu\n|-sidestart|p2: hbee6902|move: Light Screen\n|move|p1b: Farigiraf|Imprison|p1b: Farigiraf\n|-start|p1b: Farigiraf|move: Imprison\n|move|p2b: Incineroar|Parting Shot|p1a: Rotom\n|-unboost|p1a: Rotom|atk|1\n|-unboost|p1a: Rotom|spa|1\n|\n|t:|1775967729\n|switch|p2b: Drampa|Drampa, L50, F|100/100|[from] Parting Shot\n|-ability|p2b: Drampa|Cloud Nine\n|\n|upkeep\n|turn|2\n|\n|t:|1775967752\n|detailschange|p2b: Drampa|Drampa-Mega, L50, F\n|-mega|p2b: Drampa|Drampa|Drampanite\n|move|p1a: Rotom|Thunderbolt|p2a: Mimikyu\n|-activate|p2a: Mimikyu|ability: Disguise\n|-damage|p2a: Mimikyu|100/100\n|detailschange|p2a: Mimikyu|Mimikyu-Busted, L50, F\n|-damage|p2a: Mimikyu|88/100|[from] pokemon: Mimikyu-Busted\n|move|p2a: Mimikyu|Shadow Claw|p1a: Rotom\n|-damage|p1a: Rotom|79/100\n|move|p1b: Farigiraf|Hyper Voice|p2b: Drampa|[spread] p2b\n|-immune|p2a: Mimikyu\n|-damage|p2b: Drampa|80/100\n|move|p2b: Drampa|Draco Meteor|p1b: Farigiraf\n|-damage|p1b: Farigiraf|17/100\n|-unboost|p2b: Drampa|spa|2\n|\n|-heal|p1a: Rotom|85/100|[from] item: Leftovers\n|upkeep\n|turn|3\n|inactive|Novicebest has 30 seconds left.\n|inactive|hbee6902 has 30 seconds left.\n|\n|t:|1775967781\n|move|p1a: Rotom|Hydro Pump|p2a: Mimikyu\n|-damage|p2a: Mimikyu|45/100\n|move|p2a: Mimikyu|Shadow Claw|p1a: Rotom\n|-damage|p1a: Rotom|60/100\n|move|p1b: Farigiraf|Psychic|p2b: Drampa\n|-damage|p2b: Drampa|53/100\n|move|p2b: Drampa|Dragon Pulse|p1b: Farigiraf\n|-damage|p1b: Farigiraf|0 fnt\n|faint|p1b: Farigiraf\n|\n|-heal|p1a: Rotom|65/100|[from] item: Leftovers\n|upkeep\n|\n|t:|1775967801\n|switch|p1b: Incineroar|Incineroar, L50, F|100/100\n|-ability|p1b: Incineroar|Intimidate|boost\n|-unboost|p2a: Mimikyu|atk|1\n|-unboost|p2b: Drampa|atk|1\n|turn|4\n|\n|t:|1775967810\n|switch|p2b: Incineroar|Incineroar, L50, F|100/100\n|-ability|p2b: Incineroar|Intimidate|boost\n|-unboost|p1a: Rotom|atk|1\n|-unboost|p1b: Incineroar|atk|1\n|move|p1b: Incineroar|Helping Hand|p1a: Rotom\n|-singleturn|p1a: Rotom|Helping Hand|[of] p1b: Incineroar\n|move|p1a: Rotom|Thunderbolt|p2a: Mimikyu\n|-damage|p2a: Mimikyu|0 fnt\n|faint|p2a: Mimikyu\n|\n|-heal|p1a: Rotom|71/100|[from] item: Leftovers\n|upkeep\n|\n|t:|1775967816\n|switch|p2a: Drampa|Drampa-Mega, L50, F|53/100\n|turn|5\n|\n|t:|1775967828\n|switch|p2a: Empoleon|Empoleon, L50, M|100/100\n|move|p1a: Rotom|Protect|p1a: Rotom\n|-singleturn|p1a: Rotom|Protect\n|move|p2b: Incineroar|Fake Out|p1a: Rotom\n|-activate|p1a: Rotom|move: Protect\n|move|p1b: Incineroar|Parting Shot|p2a: Empoleon\n|-unboost|p2a: Empoleon|atk|1\n|-ability|p2a: Empoleon|Competitive|boost\n|-boost|p2a: Empoleon|spa|2\n|-unboost|p2a: Empoleon|spa|1\n|-ability|p2a: Empoleon|Competitive|boost\n|-boost|p2a: Empoleon|spa|2\n|\n|t:|1775967842\n|switch|p1b: Sneasler|Sneasler, L50, F|100/100|[from] Parting Shot\n|\n|-heal|p1a: Rotom|77/100|[from] item: Leftovers\n|-sideend|p2: hbee6902|move: Light Screen\n|upkeep\n|turn|6\n|\n|t:|1775967854\n|move|p2a: Empoleon|Protect|p2a: Empoleon\n|-singleturn|p2a: Empoleon|Protect\n|move|p1b: Sneasler|Close Combat|p2a: Empoleon\n|-activate|p2a: Empoleon|move: Protect\n|move|p1a: Rotom|Nasty Plot|p1a: Rotom\n|-boost|p1a: Rotom|spa|2\n|move|p2b: Incineroar|Parting Shot|p1a: Rotom\n|-unboost|p1a: Rotom|atk|1\n|-unboost|p1a: Rotom|spa|1\n|\n|t:|1775967858\n|switch|p2b: Drampa|Drampa-Mega, L50, F|53/100|[from] Parting Shot\n|\n|-heal|p1a: Rotom|83/100|[from] item: Leftovers\n|upkeep\n|turn|7\n|\n|t:|1775967881\n|switch|p2b: Incineroar|Incineroar, L50, F|100/100\n|-ability|p2b: Incineroar|Intimidate|boost\n|-unboost|p1a: Rotom|atk|1\n|-unboost|p1b: Sneasler|atk|1\n|-enditem|p1b: Sneasler|White Herb\n|-clearnegativeboost|p1b: Sneasler|[silent]\n|move|p1b: Sneasler|Close Combat|p2b: Incineroar\n|-supereffective|p2b: Incineroar|1\n|-damage|p2b: Incineroar|0 fnt\n|-unboost|p1b: Sneasler|def|1\n|-unboost|p1b: Sneasler|spd|1\n|faint|p2b: Incineroar\n|move|p1a: Rotom|Thunderbolt|p2a: Empoleon\n|-supereffective|p2a: Empoleon|1\n|-damage|p2a: Empoleon|0 fnt\n|faint|p2a: Empoleon\n|\n|-heal|p1a: Rotom|88/100|[from] item: Leftovers\n|upkeep\n|-message|hbee6902 forfeited.\n|\n|win|Novicebest\n|raw|Novicebest's rating: 1139 &rarr; <strong>1165</strong><br />(+26 for winning)\n|raw|hbee6902's rating: 1158 &rarr; <strong>1132</strong><br />(-26 for losing)\n|l|\u2606hbee6902\n|player|p2|\n",
  "uploadtime": 1775967901,
  "views": 15,
  "formatid": "gen9championsvgc2026regma",
  "rating": 1132,
  "private": 0,
  "password": null
}