{
  "id": "gen9championsvgc2026regma-2584756851",
  "format": "[Gen 9 Champions] VGC 2026 Reg M-A",
  "players": [
    "sinfuego",
    "bgc0"
  ],
  "log": "|j|\u2606sinfuego\n|j|\u2606bgc0\n|t:|1776281479\n|gametype|doubles\n|player|p1|sinfuego|1|1397\n|player|p2|bgc0|170|1319\n|gen|9\n|tier|[Gen 9 Champions] VGC 2026 Reg M-A\n|rated|\n|rule|Species Clause: Limit one of each Pok\u00e9mon\n|rule|Item Clause: Limit 1 of each item\n|clearpoke\n|poke|p1|Meganium, L50, F|\n|poke|p1|Incineroar, L50, F|\n|poke|p1|Ninetales-Alola, L50, M|\n|poke|p1|Rotom-Wash, L50|\n|poke|p1|Talonflame, L50, F|\n|poke|p1|Kingambit, L50, F|\n|poke|p2|Dragapult, L50, M|\n|poke|p2|Zoroark-Hisui, L50, M|\n|poke|p2|Skarmory, L50, F|\n|poke|p2|Salazzle, L50, F|\n|poke|p2|Hawlucha, L50, M|\n|poke|p2|Snorlax, L50, M|\n|teampreview|4\n|inactive|Battle timer is ON: inactive players will automatically lose when time's up. (requested by sinfuego)\n|\n|t:|1776281516\n|teamsize|p1|4\n|teamsize|p2|4\n|start\n|switch|p1a: Takeko|Kingambit, L50, F, shiny|100/100\n|switch|p1b: Asuka|Incineroar, L50, F|100/100\n|switch|p2a: Salazzle|Salazzle, L50, F|100/100\n|switch|p2b: Hawlucha|Hawlucha, L50, M|100/100\n|-ability|p1b: Asuka|Intimidate|boost\n|-unboost|p2a: Salazzle|atk|1\n|-unboost|p2b: Hawlucha|atk|1\n|turn|1\n|\n|t:|1776281539\n|move|p2a: Salazzle|Fake Out|p1a: Takeko\n|-resisted|p1a: Takeko|1\n|-damage|p1a: Takeko|99/100\n|move|p1b: Asuka|Fake Out|p2b: Hawlucha\n|-immune|p2b: Hawlucha\n|cant|p1a: Takeko|flinch\n|move|p2b: Hawlucha|Hyper Voice|p1a: Takeko|[spread] p1a,p1b\n|-resisted|p1a: Takeko|1\n|-damage|p1a: Takeko|80/100\n|-damage|p1b: Asuka|64/100\n|\n|upkeep\n|turn|2\n|inactive|sinfuego has 30 seconds left.\n|inactive|bgc0 has 30 seconds left.\n|\n|t:|1776281571\n|move|p1a: Takeko|Protect|p1a: Takeko\n|-singleturn|p1a: Takeko|Protect\n|move|p2a: Salazzle|Heat Wave|p1b: Asuka|[spread] p1b\n|-activate|p1a: Takeko|move: Protect\n|-resisted|p1b: Asuka|1\n|-damage|p1b: Asuka|51/100\n|move|p2b: Hawlucha|Hyper Beam|p1b: Asuka\n|-damage|p1b: Asuka|0 fnt\n|-mustrecharge|p2b: Hawlucha\n|faint|p1b: Asuka\n|\n|upkeep\n|\n|t:|1776281583\n|switch|p1b: Talonflame|Talonflame, L50, F|100/100\n|turn|3\n|\n|t:|1776281593\n|move|p1b: Talonflame|Dual Wingbeat|p2a: Salazzle\n|-damage|p2a: Salazzle|65/100\n|-damage|p2a: Salazzle|25/100\n|-hitcount|p2a: Salazzle|2\n|move|p1a: Takeko|Sucker Punch|p2a: Salazzle\n|-damage|p2a: Salazzle|0 fnt\n|faint|p2a: Salazzle\n|cant|p2b: Hawlucha|recharge\n|\n|upkeep\n|\n|t:|1776281607\n|switch|p2a: Hawlucha|Hawlucha, L50, M|100/100\n|turn|4\n|\n|t:|1776281625\n|switch|p2b: Snorlax|Snorlax, L50, M|100/100\n|detailschange|p2a: Hawlucha|Hawlucha-Mega, L50, M\n|-mega|p2a: Hawlucha|Hawlucha|Hawluchanite\n|move|p1a: Takeko|Protect|p1a: Takeko\n|-singleturn|p1a: Takeko|Protect\n|move|p1b: Talonflame|Will-O-Wisp|p2a: Hawlucha\n|-status|p2a: Hawlucha|brn\n|move|p2a: Hawlucha|Entrainment|p2b: Snorlax\n|-ability|p2b: Snorlax|No Guard|Gluttony|[from] move: Entrainment|[of] p2a: Hawlucha\n|\n|-damage|p2a: Hawlucha|95/100 brn|[from] brn\n|upkeep\n|turn|5\n|\n|t:|1776281649\n|switch|p1a: S\u00f3lara|Meganium, L50, F, shiny|100/100\n|move|p1b: Talonflame|Will-O-Wisp|p2b: Snorlax\n|-status|p2b: Snorlax|brn\n|move|p2a: Hawlucha|Brave Bird|p1b: Talonflame\n|-damage|p1b: Talonflame|59/100\n|-damage|p2a: Hawlucha|83/100 brn|[from] Recoil\n|move|p2b: Snorlax|Fissure|p1a: S\u00f3lara\n|-damage|p1a: S\u00f3lara|0 fnt\n|faint|p1a: S\u00f3lara\n|-ohko\n|\n|-damage|p2a: Hawlucha|77/100 brn|[from] brn\n|-damage|p2b: Snorlax|95/100 brn|[from] brn\n|upkeep\n|\n|t:|1776281662\n|switch|p1a: Takeko|Kingambit, L50, F, shiny|80/100\n|turn|6\n|\n|t:|1776281681\n|move|p2b: Snorlax|Protect|p2b: Snorlax\n|-singleturn|p2b: Snorlax|Protect\n|move|p1a: Takeko|Sucker Punch||[still]\n|-fail|p1a: Takeko\n|move|p1b: Talonflame|Dual Wingbeat|p2b: Snorlax\n|-activate|p2b: Snorlax|move: Protect\n|move|p2a: Hawlucha|Brave Bird|p1b: Talonflame\n|-damage|p1b: Talonflame|20/100\n|-damage|p2a: Hawlucha|66/100 brn|[from] Recoil\n|\n|-damage|p2a: Hawlucha|60/100 brn|[from] brn\n|-damage|p2b: Snorlax|89/100 brn|[from] brn\n|upkeep\n|turn|7\n|\n|t:|1776281698\n|move|p1a: Takeko|Sucker Punch|p2b: Snorlax\n|-damage|p2b: Snorlax|61/100 brn\n|move|p1b: Talonflame|Dual Wingbeat|p2b: Snorlax\n|-damage|p2b: Snorlax|48/100 brn\n|-enditem|p2b: Snorlax|Sitrus Berry|[eat]\n|-heal|p2b: Snorlax|73/100 brn|[from] item: Sitrus Berry\n|-damage|p2b: Snorlax|60/100 brn\n|-hitcount|p2b: Snorlax|2\n|move|p2a: Hawlucha|Brave Bird|p1b: Talonflame\n|-damage|p1b: Talonflame|0 fnt\n|faint|p1b: Talonflame\n|-damage|p2a: Hawlucha|55/100 brn|[from] Recoil\n|move|p2b: Snorlax|Fissure|p1a: Takeko\n|-damage|p1a: Takeko|0 fnt\n|faint|p1a: Takeko\n|-ohko\n|\n|win|bgc0\n|raw|sinfuego's rating: 1397 &rarr; <strong>1373</strong><br />(-24 for losing)\n|raw|bgc0's rating: 1319 &rarr; <strong>1343</strong><br />(+24 for winning)\n|c|\u2606bgc0|gg\n",
  "uploadtime": 1776281715,
  "views": 47,
  "formatid": "gen9championsvgc2026regma",
  "rating": 1343,
  "private": 0,
  "password": null
}