{
  "id": "gen9championsvgc2026regma-2585357704",
  "format": "[Gen 9 Champions] VGC 2026 Reg M-A",
  "players": [
    "yuuki angel",
    "f4r4w4y"
  ],
  "log": "|j|\u2606yuuki angel\n|j|\u2606f4r4w4y\n|t:|1776340992\n|gametype|doubles\n|player|p1|yuuki angel|miku-fairy|1122\n|player|p2|f4r4w4y|265|1120\n|gen|9\n|tier|[Gen 9 Champions] VGC 2026 Reg M-A\n|rated|\n|rule|Species Clause: Limit one of each Pok\u00e9mon\n|rule|Item Clause: Limit 1 of each item\n|clearpoke\n|poke|p1|Gengar, L50, M|\n|poke|p1|Kommo-o, L50, F|\n|poke|p1|Sinistcha, L50|\n|poke|p1|Politoed, L50, M|\n|poke|p1|Garchomp, L50, F|\n|poke|p1|Orthworm, L50, F|\n|poke|p2|Pelipper, L50, M|\n|poke|p2|Sableye, L50, M|\n|poke|p2|Scizor, L50, M|\n|poke|p2|Raichu, L50, F|\n|poke|p2|Basculegion, L50, M|\n|poke|p2|Arcanine, L50, M|\n|teampreview|4\n|\n|t:|1776341022\n|teamsize|p1|4\n|teamsize|p2|4\n|start\n|switch|p1a: Garchomp|Garchomp, L50, F|100/100\n|switch|p1b: Orthworm|Orthworm, L50, F|100/100\n|switch|p2a: Sableye|Sableye, L50, M|100/100\n|switch|p2b: Basculegion|Basculegion, L50, M|100/100\n|turn|1\n|\n|t:|1776341035\n|switch|p2b: Arcanine|Arcanine, L50, M|100/100\n|-ability|p2b: Arcanine|Intimidate|boost\n|-unboost|p1a: Garchomp|atk|1\n|-unboost|p1b: Orthworm|atk|1\n|move|p2a: Sableye|Will-O-Wisp|p1a: Garchomp\n|-status|p1a: Garchomp|brn\n|move|p1a: Garchomp|Earthquake|p2a: Sableye|[spread] p2a,p2b\n|-immune|p1b: Orthworm|[from] ability: Earth Eater\n|-supereffective|p2b: Arcanine|1\n|-damage|p2a: Sableye|85/100\n|-damage|p2b: Arcanine|75/100\n|move|p1b: Orthworm|Shed Tail|p1b: Orthworm\n|-start|p1b: Orthworm|Substitute|[from] move: Shed Tail\n|-damage|p1b: Orthworm|50/100\n|-enditem|p1b: Orthworm|Sitrus Berry|[eat]\n|-heal|p1b: Orthworm|75/100|[from] item: Sitrus Berry\n|\n|t:|1776341053\n|switch|p1b: Kommo-o|Kommo-o, L50, F|100/100|[from] Shed Tail\n|\n|-heal|p2b: Arcanine|81/100|[from] item: Leftovers\n|-damage|p1a: Garchomp|94/100 brn|[from] brn\n|upkeep\n|turn|2\n|\n|t:|1776341075\n|switch|p1a: Gengar|Gengar, L50, M|100/100\n|move|p1b: Kommo-o|Clangorous Soul|p1b: Kommo-o\n|-boost|p1b: Kommo-o|atk|1\n|-boost|p1b: Kommo-o|def|1\n|-boost|p1b: Kommo-o|spa|1\n|-boost|p1b: Kommo-o|spd|1\n|-boost|p1b: Kommo-o|spe|1\n|-damage|p1b: Kommo-o|68/100\n|move|p2b: Arcanine|Snarl|p1a: Gengar|[spread] p1a\n|-immune|p1b: Kommo-o|[from] ability: Soundproof\n|-supereffective|p1a: Gengar|1\n|-damage|p1a: Gengar|73/100\n|-unboost|p1a: Gengar|spa|1\n|move|p2a: Sableye|Foul Play|p1b: Kommo-o\n|-resisted|p1b: Kommo-o|1\n|-activate|p1b: Kommo-o|move: Substitute|[damage]\n|\n|-heal|p1b: Kommo-o|74/100|[from] item: Leftovers\n|-heal|p2b: Arcanine|87/100|[from] item: Leftovers\n|upkeep\n|turn|3\n|inactive|Battle timer is ON: inactive players will automatically lose when time's up. (requested by f4r4w4y)\n|inactive|yuuki angel has 60 seconds left.\n|\n|t:|1776341120\n|detailschange|p1a: Gengar|Gengar-Mega, L50, M\n|-mega|p1a: Gengar|Gengar|Gengarite\n|move|p2a: Sableye|Light Screen|p2a: Sableye\n|-sidestart|p2: f4r4w4y|move: Light Screen\n|move|p1b: Kommo-o|Dragon Pulse|p2b: Arcanine\n|-damage|p2b: Arcanine|65/100\n|move|p1a: Gengar|Shadow Ball|p2a: Sableye\n|-damage|p2a: Sableye|62/100\n|move|p2b: Arcanine|Heat Wave|p1b: Kommo-o|[spread] p1a,p1b\n|-resisted|p1b: Kommo-o|1\n|-activate|p1b: Kommo-o|move: Substitute|[damage]\n|-damage|p1a: Gengar|44/100\n|\n|-heal|p1b: Kommo-o|80/100|[from] item: Leftovers\n|-heal|p2b: Arcanine|71/100|[from] item: Leftovers\n|upkeep\n|turn|4\n|\n|t:|1776341141\n|move|p1b: Kommo-o|Clangorous Soul|p1b: Kommo-o\n|-boost|p1b: Kommo-o|atk|1\n|-boost|p1b: Kommo-o|def|1\n|-boost|p1b: Kommo-o|spa|1\n|-boost|p1b: Kommo-o|spd|1\n|-boost|p1b: Kommo-o|spe|1\n|-damage|p1b: Kommo-o|47/100\n|move|p1a: Gengar|Perish Song|p1a: Gengar\n|-start|p1a: Gengar|perish3|[silent]\n|-immune|p1b: Kommo-o|[from] ability: Soundproof\n|-start|p2a: Sableye|perish3|[silent]\n|-start|p2b: Arcanine|perish3|[silent]\n|-fieldactivate|move: Perish Song\n|move|p2b: Arcanine|Heat Wave|p1a: Gengar|[spread] p1a,p1b\n|-resisted|p1b: Kommo-o|1\n|-end|p1b: Kommo-o|Substitute\n|-damage|p1a: Gengar|16/100\n|move|p2a: Sableye|Foul Play|p1a: Gengar\n|-supereffective|p1a: Gengar|1\n|-damage|p1a: Gengar|0 fnt\n|faint|p1a: Gengar\n|\n|-heal|p1b: Kommo-o|54/100|[from] item: Leftovers\n|-heal|p2b: Arcanine|77/100|[from] item: Leftovers\n|-start|p2b: Arcanine|perish3\n|-start|p2a: Sableye|perish3\n|upkeep\n|\n|t:|1776341157\n|switch|p1a: Orthworm|Orthworm, L50, F|75/100\n|turn|5\n|\n|t:|1776341171\n|switch|p2b: Scizor|Scizor, L50, M|100/100\n|move|p1b: Kommo-o|Body Press|p2b: Scizor\n|-crit|p2b: Scizor\n|-damage|p2b: Scizor|6/100\n|move|p1a: Orthworm|Shed Tail|p1a: Orthworm\n|-start|p1a: Orthworm|Substitute|[from] move: Shed Tail\n|-damage|p1a: Orthworm|25/100\n|\n|t:|1776341180\n|switch|p1a: Garchomp|Garchomp, L50, F|94/100 brn|[from] Shed Tail\n|move|p2a: Sableye|Foul Play|p1b: Kommo-o\n|-resisted|p1b: Kommo-o|1\n|-damage|p1b: Kommo-o|41/100\n|\n|-heal|p1b: Kommo-o|47/100|[from] item: Leftovers\n|-damage|p1a: Garchomp|88/100 brn|[from] brn\n|-start|p2a: Sableye|perish2\n|upkeep\n|turn|6\n|\n|t:|1776341200\n|move|p1b: Kommo-o|Protect|p1b: Kommo-o\n|-singleturn|p1b: Kommo-o|Protect\n|move|p2a: Sableye|Will-O-Wisp|p1b: Kommo-o\n|-activate|p1b: Kommo-o|move: Protect\n|move|p1a: Garchomp|Rock Slide|p2a: Sableye|[spread] p2a,p2b\n|-damage|p2a: Sableye|50/100\n|-damage|p2b: Scizor|0 fnt\n|-enditem|p2a: Sableye|Sitrus Berry|[eat]\n|-heal|p2a: Sableye|74/100|[from] item: Sitrus Berry\n|faint|p2b: Scizor\n|\n|-heal|p1b: Kommo-o|54/100|[from] item: Leftovers\n|-damage|p1a: Garchomp|82/100 brn|[from] brn\n|-start|p2a: Sableye|perish1\n|upkeep\n|\n|t:|1776341210\n|switch|p2b: Basculegion|Basculegion, L50, M|100/100\n|turn|7\n|\n|t:|1776341229\n|switch|p2a: Arcanine|Arcanine, L50, M|77/100\n|-ability|p2a: Arcanine|Intimidate|boost\n|-immune|p1a: Garchomp\n|-unboost|p1b: Kommo-o|atk|1\n|move|p1b: Kommo-o|Dragon Pulse|p2b: Basculegion\n|-damage|p2b: Basculegion|54/100\n|move|p1a: Garchomp|Rock Slide|p2b: Basculegion|[spread] p2a,p2b\n|-supereffective|p2a: Arcanine|1\n|-damage|p2a: Arcanine|57/100\n|-damage|p2b: Basculegion|43/100\n|move|p2b: Basculegion|Last Respects|p1b: Kommo-o\n|-damage|p1b: Kommo-o|36/100\n|\n|-heal|p1b: Kommo-o|42/100|[from] item: Leftovers\n|-heal|p2a: Arcanine|63/100|[from] item: Leftovers\n|-damage|p1a: Garchomp|76/100 brn|[from] brn\n|-sideend|p2: f4r4w4y|move: Light Screen\n|upkeep\n|turn|8\n|inactive|f4r4w4y has 30 seconds left.\n|\n|t:|1776341257\n|move|p1b: Kommo-o|Dragon Pulse|p2b: Basculegion\n|-damage|p2b: Basculegion|0 fnt\n|faint|p2b: Basculegion\n|move|p1a: Garchomp|Rock Slide|p2a: Arcanine\n|-supereffective|p2a: Arcanine|1\n|-damage|p2a: Arcanine|32/100\n|move|p2a: Arcanine|Heat Wave|p1a: Garchomp|[spread] p1b\n|-miss|p2a: Arcanine|p1a: Garchomp\n|-resisted|p1b: Kommo-o|1\n|-damage|p1b: Kommo-o|37/100\n|\n|-heal|p1b: Kommo-o|43/100|[from] item: Leftovers\n|-heal|p2a: Arcanine|39/100|[from] item: Leftovers\n|-damage|p1a: Garchomp|70/100 brn|[from] brn\n|upkeep\n|-message|f4r4w4y forfeited.\n|\n|win|yuuki angel\n|raw|yuuki angel's rating: 1122 &rarr; <strong>1147</strong><br />(+25 for winning)\n|raw|f4r4w4y's rating: 1120 &rarr; <strong>1095</strong><br />(-25 for losing)\n|l|\u2606f4r4w4y\n|player|p2|\n",
  "uploadtime": 1776341272,
  "views": 23,
  "formatid": "gen9championsvgc2026regma",
  "rating": 1095,
  "private": 0,
  "password": null
}