{
  "id": "gen9championsvgc2026regma-2586815095",
  "format": "[Gen 9 Champions] VGC 2026 Reg M-A",
  "players": [
    "ClutchTecco",
    "foureand"
  ],
  "log": "|j|\u2606ClutchTecco\n|j|\u2606foureand\n|t:|1776462161\n|gametype|doubles\n|player|p1|ClutchTecco|gentleman-gen4|1154\n|player|p2|foureand|scientist|1235\n|gen|9\n|tier|[Gen 9 Champions] VGC 2026 Reg M-A\n|rated|\n|rule|Species Clause: Limit one of each Pok\u00e9mon\n|rule|Item Clause: Limit 1 of each item\n|clearpoke\n|poke|p1|Delphox, L50, F|\n|poke|p1|Garchomp, L50, F|\n|poke|p1|Incineroar, L50, F|\n|poke|p1|Sneasler, L50, M|\n|poke|p1|Floette-Eternal, L50, F|\n|poke|p1|Kingambit, L50, F|\n|poke|p2|Milotic, L50, F|\n|poke|p2|Incineroar, L50, F|\n|poke|p2|Sinistcha, L50|\n|poke|p2|Aerodactyl, L50, M|\n|poke|p2|Froslass, L50, F|\n|poke|p2|Zoroark-Hisui, L50, F|\n|teampreview|4\n|inactive|Battle timer is ON: inactive players will automatically lose when time's up. (requested by foureand)\n|inactive|ClutchTecco also wants the timer to be on.\n|inactive|foureand has 60 seconds left.\n|\n|t:|1776462205\n|teamsize|p1|4\n|teamsize|p2|4\n|start\n|switch|p1a: Delphox|Delphox, L50, F, shiny|100/100\n|switch|p1b: Incineroar|Incineroar, L50, F|100/100\n|switch|p2a: Milotic|Milotic, L50, F|100/100\n|switch|p2b: Aerodactyl|Aerodactyl, L50, M|100/100\n|turn|1\n|inactive|foureand has 30 seconds left.\n|\n|t:|1776462232\n|detailschange|p1a: Delphox|Delphox-Mega, L50, F, shiny\n|-mega|p1a: Delphox|Delphox|Delphoxite\n|move|p1b: Incineroar|Fake Out|p2a: Milotic\n|-damage|p2a: Milotic|91/100\n|move|p1a: Delphox|Psychic|p2a: Milotic\n|-damage|p2a: Milotic|54/100\n|move|p2b: Aerodactyl|Bitter Malice|p1a: Delphox\n|-supereffective|p1a: Delphox|1\n|-damage|p1a: Delphox|31/100\n|-unboost|p1a: Delphox|atk|1\n|cant|p2a: Milotic|flinch\n|\n|-heal|p2a: Milotic|60/100|[from] item: Leftovers\n|upkeep\n|turn|2\n|inactive|ClutchTecco has 30 seconds left.\n|inactive|foureand has 30 seconds left.\n|\n|t:|1776462267\n|move|p1a: Delphox|Psychic|p2a: Milotic\n|-damage|p2a: Milotic|27/100\n|move|p2b: Aerodactyl|Taunt|p1b: Incineroar\n|-start|p1b: Incineroar|move: Taunt\n|move|p2a: Milotic|Scald|p1a: Delphox\n|-supereffective|p1a: Delphox|1\n|-damage|p1a: Delphox|0 fnt\n|faint|p1a: Delphox\n|cant|p1b: Incineroar|move: Taunt|Parting Shot\n|\n|-heal|p2a: Milotic|33/100|[from] item: Leftovers\n|upkeep\n|\n|t:|1776462281\n|switch|p1a: Sneasler|Sneasler, L50, M|100/100\n|-ability|p1a: Sneasler|Pressure\n|turn|3\n|\n|t:|1776462297\n|move|p2a: Milotic|Protect|p2a: Milotic\n|-singleturn|p2a: Milotic|Protect\n|move|p1a: Sneasler|Fake Out|p2b: Aerodactyl\n|-immune|p2b: Aerodactyl\n|move|p2b: Aerodactyl|Icy Wind|p1a: Sneasler|[spread] p1a,p1b\n|-crit|p1a: Sneasler\n|-resisted|p1b: Incineroar|1\n|-damage|p1a: Sneasler|74/100\n|-damage|p1b: Incineroar|94/100\n|-unboost|p1a: Sneasler|spe|1\n|-unboost|p1b: Incineroar|spe|1\n|-enditem|p1a: Sneasler|White Herb\n|-clearnegativeboost|p1a: Sneasler|[silent]\n|move|p1b: Incineroar|Flare Blitz|p2a: Milotic\n|-activate|p2a: Milotic|move: Protect\n|\n|-heal|p2a: Milotic|39/100|[from] item: Leftovers\n|-heal|p1b: Incineroar|99/100|[from] item: Leftovers\n|upkeep\n|turn|4\n|inactive|foureand has 30 seconds left.\n|\n|t:|1776462323\n|switch|p2a: Froslass|Froslass, L50, F|100/100\n|move|p2b: Aerodactyl|Icy Wind|p1a: Sneasler|[spread] p1a,p1b\n|-resisted|p1b: Incineroar|1\n|-damage|p1a: Sneasler|54/100\n|-damage|p1b: Incineroar|93/100\n|-unboost|p1a: Sneasler|spe|1\n|-unboost|p1b: Incineroar|spe|1\n|move|p1a: Sneasler|Dire Claw|p2a: Froslass\n|-resisted|p2a: Froslass|1\n|-damage|p2a: Froslass|66/100\n|-start|p1a: Sneasler|Disable|Dire Claw|[from] ability: Cursed Body|[of] p2a: Froslass\n|move|p1b: Incineroar|Throat Chop|p2a: Froslass\n|-supereffective|p2a: Froslass|1\n|-damage|p2a: Froslass|0 fnt\n|-start|p1b: Incineroar|Disable|Throat Chop|[from] ability: Cursed Body|[of] p2a: Froslass\n|faint|p2a: Froslass\n|\n|-heal|p1b: Incineroar|99/100|[from] item: Leftovers\n|-end|p1b: Incineroar|move: Taunt\n|upkeep\n|\n|t:|1776462345\n|switch|p2a: Aerodactyl|Aerodactyl, L50, M|100/100\n|-ability|p2a: Aerodactyl|Unnerve\n|turn|5\n|\n|t:|1776462364\n|move|p2a: Aerodactyl|Rock Slide|p1b: Incineroar|[spread] p1a,p1b\n|-resisted|p1a: Sneasler|1\n|-supereffective|p1b: Incineroar|1\n|-damage|p1a: Sneasler|33/100\n|-damage|p1b: Incineroar|53/100\n|move|p2b: Aerodactyl|Bitter Malice|p1a: Sneasler\n|-damage|p1a: Sneasler|0 fnt\n|faint|p1a: Sneasler\n|move|p1b: Incineroar|Flare Blitz|p2a: Aerodactyl\n|-resisted|p2a: Aerodactyl|1\n|-damage|p2a: Aerodactyl|65/100\n|-damage|p1b: Incineroar|44/100|[from] Recoil\n|\n|-heal|p1b: Incineroar|50/100|[from] item: Leftovers\n|upkeep\n|\n|t:|1776462380\n|switch|p1a: Kingambit|Kingambit, L50, F, shiny|100/100\n|turn|6\n|\n|t:|1776462397\n|move|p2a: Aerodactyl|Rock Slide|p1a: Kingambit|[spread] p1a,p1b\n|-resisted|p1a: Kingambit|1\n|-supereffective|p1b: Incineroar|1\n|-damage|p1a: Kingambit|92/100\n|-damage|p1b: Incineroar|7/100\n|move|p2b: Aerodactyl|Bitter Malice|p1b: Incineroar\n|-resisted|p1b: Incineroar|1\n|-damage|p1b: Incineroar|0 fnt\n|faint|p1b: Incineroar\n|move|p1a: Kingambit|Iron Head|p2a: Aerodactyl\n|-supereffective|p2a: Aerodactyl|1\n|-damage|p2a: Aerodactyl|0 fnt\n|faint|p2a: Aerodactyl\n|\n|upkeep\n|\n|t:|1776462411\n|switch|p2a: Milotic|Milotic, L50, F|39/100\n|turn|7\n|\n|t:|1776462420\n|move|p2a: Milotic|Protect|p2a: Milotic\n|-singleturn|p2a: Milotic|Protect\n|move|p2b: Aerodactyl|Taunt|p1a: Kingambit\n|-start|p1a: Kingambit|move: Taunt\n|move|p1a: Kingambit|Low Kick|p2a: Milotic\n|-activate|p2a: Milotic|move: Protect\n|\n|-heal|p2a: Milotic|45/100|[from] item: Leftovers\n|upkeep\n|turn|8\n|\n|t:|1776462444\n|move|p2b: Aerodactyl|Icy Wind|p1a: Kingambit\n|-resisted|p1a: Kingambit|1\n|-damage|p1a: Kingambit|82/100\n|-unboost|p1a: Kingambit|spe|1\n|-ability|p1a: Kingambit|Defiant|boost\n|-boost|p1a: Kingambit|atk|2\n|move|p2a: Milotic|Scald|p1a: Kingambit\n|-damage|p1a: Kingambit|47/100\n|move|p1a: Kingambit|Low Kick|p2a: Milotic\n|-damage|p2a: Milotic|0 fnt\n|faint|p2a: Milotic\n|\n|upkeep\n|turn|9\n|\n|t:|1776462459\n|move|p2b: Aerodactyl|Bitter Malice|p1a: Kingambit\n|-resisted|p1a: Kingambit|1\n|-crit|p1a: Kingambit\n|-damage|p1a: Kingambit|18/100\n|-unboost|p1a: Kingambit|atk|1\n|-ability|p1a: Kingambit|Defiant|boost\n|-boost|p1a: Kingambit|atk|2\n|move|p1a: Kingambit|Iron Head|p2b: Aerodactyl\n|-damage|p2b: Aerodactyl|0 fnt\n|replace|p2b: Zoroark|Zoroark-Hisui, L50, F\n|-end|p2b: Zoroark|Illusion\n|faint|p2b: Zoroark\n|\n|win|ClutchTecco\n|raw|ClutchTecco's rating: 1154 &rarr; <strong>1185</strong><br />(+31 for winning)\n|raw|foureand's rating: 1235 &rarr; <strong>1204</strong><br />(-31 for losing)\n|c|\u2606ClutchTecco|GG\n",
  "uploadtime": 1776462473,
  "views": 22,
  "formatid": "gen9championsvgc2026regma",
  "rating": 1185,
  "private": 0,
  "password": null
}