{
  "id": "gen9championsvgc2026regma-2589447250",
  "format": "[Gen 9 Champions] VGC 2026 Reg M-A",
  "players": [
    "SteeMcGee",
    "alerr16"
  ],
  "log": "|j|\u2606SteeMcGee\n|j|\u2606alerr16\n|t:|1776723746\n|gametype|doubles\n|player|p1|SteeMcGee|youngster-gen4dp|1232\n|player|p2|alerr16|wallace|1310\n|gen|9\n|tier|[Gen 9 Champions] VGC 2026 Reg M-A\n|rated|\n|rule|Species Clause: Limit one of each Pok\u00e9mon\n|rule|Item Clause: Limit 1 of each item\n|clearpoke\n|poke|p1|Floette-Eternal, L50, F|\n|poke|p1|Farigiraf, L50, M|\n|poke|p1|Blastoise, L50, F|\n|poke|p1|Basculegion, L50, M|\n|poke|p1|Archaludon, L50, M|\n|poke|p1|Sinistcha, L50|\n|poke|p2|Tyranitar, L50, F|\n|poke|p2|Whimsicott, L50, M|\n|poke|p2|Lucario, L50, M|\n|poke|p2|Rotom-Heat, L50|\n|poke|p2|Basculegion, L50, M|\n|poke|p2|Garchomp, L50, F|\n|teampreview|4\n|inactive|Battle timer is ON: inactive players will automatically lose when time's up. (requested by SteeMcGee)\n|inactive|alerr16 has 60 seconds left.\n|\n|t:|1776723784\n|teamsize|p1|4\n|teamsize|p2|4\n|start\n|switch|p1a: Floette|Floette-Eternal, L50, F|100/100\n|switch|p1b: Blastoise|Blastoise, L50, F|100/100\n|switch|p2a: Tyranitar|Tyranitar, L50, F|100/100\n|switch|p2b: Garchomp|Garchomp, L50, F|100/100\n|-weather|Sandstorm|[from] ability: Sand Stream|[of] p2a: Tyranitar\n|turn|1\n|inactive|alerr16 has 30 seconds left.\n|\n|t:|1776723810\n|detailschange|p1a: Floette|Floette-Mega, L50, F\n|-mega|p1a: Floette|Floette|Floettite\n|-ability|p1a: Floette|Fairy Aura\n|detailschange|p2a: Tyranitar|Tyranitar-Mega, L50, F\n|-mega|p2a: Tyranitar|Tyranitar|Tyranitarite\n|move|p1a: Floette|Dazzling Gleam|p2b: Garchomp|[spread] p2a,p2b\n|-supereffective|p2a: Tyranitar|1\n|-supereffective|p2b: Garchomp|1\n|-damage|p2a: Tyranitar|52/100\n|-damage|p2b: Garchomp|6/100\n|move|p2b: Garchomp|Stomping Tantrum|p1a: Floette\n|-damage|p1a: Floette|34/100\n|move|p2a: Tyranitar|Rock Slide|p1b: Blastoise|[spread] p1a,p1b\n|-damage|p1a: Floette|0 fnt\n|-damage|p1b: Blastoise|66/100\n|faint|p1a: Floette\n|cant|p1b: Blastoise|flinch\n|\n|-weather|Sandstorm|[upkeep]\n|-damage|p1b: Blastoise|60/100|[from] Sandstorm\n|upkeep\n|\n|t:|1776723828\n|switch|p1a: Farigiraf|Farigiraf, L50, M|100/100\n|turn|2\n|\n|t:|1776723837\n|move|p2b: Garchomp|Stomping Tantrum|p1a: Farigiraf\n|-damage|p1a: Farigiraf|63/100\n|move|p2a: Tyranitar|Rock Slide|p1a: Farigiraf|[spread] p1a,p1b\n|-damage|p1a: Farigiraf|37/100\n|-damage|p1b: Blastoise|22/100\n|-enditem|p1a: Farigiraf|Sitrus Berry|[eat]\n|-heal|p1a: Farigiraf|61/100|[from] item: Sitrus Berry\n|cant|p1b: Blastoise|flinch\n|cant|p1a: Farigiraf|flinch\n|\n|-weather|Sandstorm|[upkeep]\n|-damage|p1b: Blastoise|16/100|[from] Sandstorm\n|-damage|p1a: Farigiraf|55/100|[from] Sandstorm\n|upkeep\n|turn|3\n|c|\u2606SteeMcGee|bro\n|c|\u2606alerr16|sry\n|\n|t:|1776723855\n|move|p2b: Garchomp|Stomping Tantrum|p1a: Farigiraf\n|-damage|p1a: Farigiraf|16/100\n|move|p1b: Blastoise|Water Spout|p2a: Tyranitar|[spread] p2a,p2b\n|-supereffective|p2a: Tyranitar|1\n|-damage|p2a: Tyranitar|43/100\n|-damage|p2b: Garchomp|0 fnt\n|faint|p2b: Garchomp\n|move|p2a: Tyranitar|Rock Slide|p1a: Farigiraf|[spread] p1b\n|-miss|p2a: Tyranitar|p1a: Farigiraf\n|-damage|p1b: Blastoise|0 fnt\n|faint|p1b: Blastoise\n|move|p1a: Farigiraf|Trick Room|p1a: Farigiraf\n|-fieldstart|move: Trick Room|[of] p1a: Farigiraf\n|\n|-weather|Sandstorm|[upkeep]\n|-damage|p1a: Farigiraf|10/100|[from] Sandstorm\n|upkeep\n|\n|t:|1776723875\n|switch|p1b: Sinistcha|Sinistcha, L50|100/100\n|switch|p2b: Basculegion|Basculegion, L50, M|100/100\n|-heal|p1a: Farigiraf|35/100|[from] ability: Hospitality|[of] p1b: Sinistcha\n|turn|4\n|\n|t:|1776723893\n|move|p1a: Farigiraf|Helping Hand|p1b: Sinistcha\n|-singleturn|p1b: Sinistcha|Helping Hand|[of] p1a: Farigiraf\n|move|p2b: Basculegion|Protect|p2b: Basculegion\n|-singleturn|p2b: Basculegion|Protect\n|move|p1b: Sinistcha|Matcha Gotcha|p2b: Basculegion|[spread] p2a\n|-activate|p2b: Basculegion|move: Protect\n|-supereffective|p2a: Tyranitar|1\n|-damage|p2a: Tyranitar|4/100\n|move|p2a: Tyranitar|Knock Off|p1b: Sinistcha\n|-supereffective|p1b: Sinistcha|1\n|-damage|p1b: Sinistcha|5/100\n|-enditem|p1b: Sinistcha|Leftovers|[from] move: Knock Off|[of] p2a: Tyranitar\n|\n|-weather|Sandstorm|[upkeep]\n|-damage|p1a: Farigiraf|29/100|[from] Sandstorm\n|-damage|p1b: Sinistcha|0 fnt|[from] Sandstorm\n|-damage|p2b: Basculegion|95/100|[from] Sandstorm\n|faint|p1b: Sinistcha\n|upkeep\n|turn|5\n|-message|SteeMcGee forfeited.\n|\n|win|alerr16\n|raw|SteeMcGee's rating: 1232 &rarr; <strong>1213</strong><br />(-19 for losing)\n|raw|alerr16's rating: 1310 &rarr; <strong>1326</strong><br />(+16 for winning)\n",
  "uploadtime": 1776723915,
  "views": 6,
  "formatid": "gen9championsvgc2026regma",
  "rating": 1213,
  "private": 0,
  "password": null
}