{
  "id": "gen9championsvgc2026regma-2588679949",
  "format": "[Gen 9 Champions] VGC 2026 Reg M-A",
  "players": [
    "Kibuj",
    "Sublamb"
  ],
  "log": "|j|\u2606Kibuj\n|j|\u2606Sublamb\n|t:|1776656970\n|gametype|doubles\n|player|p1|Kibuj|266|1479\n|player|p2|Sublamb|266|1452\n|gen|9\n|tier|[Gen 9 Champions] VGC 2026 Reg M-A\n|rated|\n|rule|Species Clause: Limit one of each Pok\u00e9mon\n|rule|Item Clause: Limit 1 of each item\n|clearpoke\n|poke|p1|Sinistcha, L50|\n|poke|p1|Charizard, L50, F|\n|poke|p1|Corviknight, L50, F|\n|poke|p1|Sneasler, L50, F|\n|poke|p1|Basculegion, L50, M|\n|poke|p1|Garchomp, L50, F|\n|poke|p2|Basculegion, L50, M|\n|poke|p2|Gyarados, L50, M|\n|poke|p2|Archaludon, L50, F|\n|poke|p2|Milotic, L50, F|\n|poke|p2|Banette, L50, M|\n|poke|p2|Sinistcha, L50|\n|teampreview|4\n|inactive|Battle timer is ON: inactive players will automatically lose when time's up. (requested by Kibuj)\n|inactive|Kibuj has 60 seconds left.\n|\n|t:|1776657012\n|teamsize|p1|4\n|teamsize|p2|4\n|start\n|switch|p1a: Charizard|Charizard, L50, F|100/100\n|switch|p1b: Sneasler|Sneasler, L50, F|100/100\n|switch|p2a: Archaludon|Archaludon, L50, F|100/100\n|switch|p2b: Banette|Banette, L50, M|100/100\n|-item|p1a: Charizard|Charizardite Y|[from] ability: Frisk|[of] p2b: Banette\n|-item|p1b: Sneasler|White Herb|[from] ability: Frisk|[of] p2b: Banette\n|turn|1\n|\n|t:|1776657031\n|detailschange|p2b: Banette|Banette-Mega, L50, M\n|-mega|p2b: Banette|Banette|Banettite\n|detailschange|p1a: Charizard|Charizard-Mega-Y, L50, F\n|-mega|p1a: Charizard|Charizard|Charizardite Y\n|-weather|SunnyDay|[from] ability: Drought|[of] p1a: Charizard\n|move|p2b: Banette|Rain Dance|p2b: Banette\n|-weather|RainDance\n|move|p1b: Sneasler|Dire Claw|p2b: Banette\n|-resisted|p2b: Banette|1\n|-damage|p2b: Banette|64/100\n|move|p1a: Charizard|Heat Wave|p2b: Banette|[spread] p2a,p2b\n|-damage|p2a: Archaludon|77/100\n|-damage|p2b: Banette|28/100\n|-ability|p2a: Archaludon|Stamina|boost\n|-boost|p2a: Archaludon|def|1\n|move|p2a: Archaludon|Electro Shot||[still]\n|-prepare|p2a: Archaludon|Electro Shot\n|-boost|p2a: Archaludon|spa|1\n|-anim|p2a: Archaludon|Electro Shot|p1a: Charizard\n|-supereffective|p1a: Charizard|1\n|-damage|p1a: Charizard|0 fnt\n|faint|p1a: Charizard\n|\n|-weather|RainDance|[upkeep]\n|-heal|p2a: Archaludon|83/100|[from] item: Leftovers\n|upkeep\n|\n|t:|1776657050\n|switch|p1a: Garchomp|Garchomp, L50, F|100/100\n|turn|2\n|\n|t:|1776657058\n|move|p1a: Garchomp|Protect|p1a: Garchomp\n|-singleturn|p1a: Garchomp|Protect\n|move|p2a: Archaludon|Protect|p2a: Archaludon\n|-singleturn|p2a: Archaludon|Protect\n|move|p2b: Banette|Destiny Bond|p2b: Banette\n|-singlemove|p2b: Banette|Destiny Bond\n|move|p1b: Sneasler|Close Combat|p2a: Archaludon\n|-activate|p2a: Archaludon|move: Protect\n|\n|-weather|RainDance|[upkeep]\n|-heal|p2a: Archaludon|89/100|[from] item: Leftovers\n|upkeep\n|turn|3\n|\n|t:|1776657082\n|move|p1b: Sneasler|Close Combat|p2a: Archaludon\n|-supereffective|p2a: Archaludon|1\n|-damage|p2a: Archaludon|2/100\n|-unboost|p1b: Sneasler|def|1\n|-unboost|p1b: Sneasler|spd|1\n|-ability|p2a: Archaludon|Stamina|boost\n|-boost|p2a: Archaludon|def|1\n|-enditem|p1b: Sneasler|White Herb\n|-clearnegativeboost|p1b: Sneasler|[silent]\n|move|p2b: Banette|Poltergeist||[still]\n|-fail|p2b: Banette\n|move|p1a: Garchomp|Rock Slide|p2b: Banette|[spread] p2a,p2b\n|-resisted|p2a: Archaludon|1\n|-damage|p2a: Archaludon|0 fnt\n|-damage|p2b: Banette|0 fnt\n|faint|p2a: Archaludon\n|faint|p2b: Banette\n|\n|-weather|RainDance|[upkeep]\n|upkeep\n|\n|t:|1776657104\n|switch|p2b: Sinistcha|Sinistcha, L50|100/100\n|switch|p2a: Basculegion|Basculegion, L50, M|100/100\n|turn|4\n|inactive|Kibuj has 30 seconds left.\n|\n|t:|1776657130\n|move|p1b: Sneasler|Dire Claw|p2b: Sinistcha|[miss]\n|-miss|p1b: Sneasler|p2b: Sinistcha\n|move|p2a: Basculegion|Wave Crash|p1a: Garchomp\n|-damage|p1a: Garchomp|0 fnt\n|-damage|p2a: Basculegion|88/100|[from] ability: Rough Skin|[of] p1a: Garchomp\n|faint|p1a: Garchomp\n|-damage|p2a: Basculegion|52/100|[from] Recoil\n|move|p2b: Sinistcha|Trick Room|p2b: Sinistcha\n|-fieldstart|move: Trick Room|[of] p2b: Sinistcha\n|\n|-weather|RainDance|[upkeep]\n|upkeep\n|\n|t:|1776657141\n|switch|p1a: Basculegion|Basculegion, L50, M|100/100\n|turn|5\n|\n|t:|1776657151\n|move|p2b: Sinistcha|Matcha Gotcha|p1b: Sneasler|[spread] p1a,p1b\n|-supereffective|p1a: Basculegion|1\n|-resisted|p1b: Sneasler|1\n|-damage|p1a: Basculegion|48/100\n|-damage|p1b: Sneasler|85/100\n|move|p2a: Basculegion|Last Respects|p1b: Sneasler\n|-damage|p1b: Sneasler|0 fnt\n|faint|p1b: Sneasler\n|move|p1a: Basculegion|Last Respects|p2a: Basculegion\n|-supereffective|p2a: Basculegion|1\n|-damage|p2a: Basculegion|0 fnt\n|faint|p2a: Basculegion\n|\n|-weather|none\n|upkeep\n|turn|6\n|\n|t:|1776657166\n|move|p2b: Sinistcha|Shadow Ball|p1a: Basculegion\n|-supereffective|p1a: Basculegion|1\n|-damage|p1a: Basculegion|0 fnt\n|faint|p1a: Basculegion\n|\n|win|Sublamb\n|raw|Kibuj's rating: 1479 &rarr; <strong>1457</strong><br />(-22 for losing)\n|raw|Sublamb's rating: 1452 &rarr; <strong>1474</strong><br />(+22 for winning)\n|l|\u2606Sublamb\n|player|p2|\n|l|\u2606Kibuj\n|player|p1|\n",
  "uploadtime": 1776657856,
  "views": 12,
  "formatid": "gen9championsvgc2026regma",
  "rating": 1457,
  "private": 0,
  "password": null
}