{
  "id": "gen9championsvgc2026regma-2586786777",
  "format": "[Gen 9 Champions] VGC 2026 Reg M-A",
  "players": [
    "no'tsolrack",
    "CoolTrainerBu"
  ],
  "log": "|j|\u2606no'tsolrack\n|j|\u2606CoolTrainerBu\n|t:|1776459837\n|gametype|doubles\n|player|p1|no'tsolrack|gambler|1299\n|player|p2|CoolTrainerBu|102|1272\n|gen|9\n|tier|[Gen 9 Champions] VGC 2026 Reg M-A\n|rated|\n|rule|Species Clause: Limit one of each Pok\u00e9mon\n|rule|Item Clause: Limit 1 of each item\n|clearpoke\n|poke|p1|Charizard, L50, M|\n|poke|p1|Venusaur, L50, M|\n|poke|p1|Garchomp, L50, M|\n|poke|p1|Gardevoir, L50, F|\n|poke|p1|Milotic, L50, F|\n|poke|p1|Incineroar, L50, M|\n|poke|p2|Charizard, L50, F|\n|poke|p2|Whimsicott, L50, F|\n|poke|p2|Garchomp, L50, F|\n|poke|p2|Sneasler, L50, M|\n|poke|p2|Maushold, L50|\n|poke|p2|Incineroar, L50, F|\n|teampreview|4\n|inactive|Battle timer is ON: inactive players will automatically lose when time's up. (requested by no'tsolrack)\n|inactive|no'tsolrack has 60 seconds left.\n|inactive|CoolTrainerBu has 60 seconds left.\n|\n|t:|1776459891\n|teamsize|p1|4\n|teamsize|p2|4\n|start\n|switch|p1a: Charizard|Charizard, L50, M, shiny|100/100\n|switch|p1b: Venusaur|Venusaur, L50, M|100/100\n|switch|p2a: Garchomp|Garchomp, L50, F|100/100\n|switch|p2b: Incineroar|Incineroar, L50, F|100/100\n|-ability|p2b: Incineroar|Intimidate|boost\n|-unboost|p1a: Charizard|atk|1\n|-unboost|p1b: Venusaur|atk|1\n|turn|1\n|\n|t:|1776459914\n|detailschange|p1a: Charizard|Charizard-Mega-Y, L50, M, shiny\n|-mega|p1a: Charizard|Charizard|Charizardite Y\n|-weather|SunnyDay|[from] ability: Drought|[of] p1a: Charizard\n|move|p2b: Incineroar|Fake Out|p1b: Venusaur\n|-damage|p1b: Venusaur|83/100\n|cant|p1b: Venusaur|flinch\n|move|p2a: Garchomp|Rock Slide|p1b: Venusaur|[spread] p1a,p1b\n|-supereffective|p1a: Charizard|2\n|-damage|p1a: Charizard|0 fnt\n|-damage|p1b: Venusaur|55/100\n|faint|p1a: Charizard\n|\n|-weather|SunnyDay|[upkeep]\n|-heal|p1b: Venusaur|61/100|[from] item: Leftovers\n|upkeep\n|\n|t:|1776459925\n|switch|p1a: Garchomp|Garchomp, L50, M|100/100\n|turn|2\n|\n|t:|1776459938\n|move|p1b: Venusaur|Protect|p1b: Venusaur\n|-singleturn|p1b: Venusaur|Protect\n|move|p2a: Garchomp|Protect|p2a: Garchomp\n|-singleturn|p2a: Garchomp|Protect\n|move|p1a: Garchomp|Earthquake|p2a: Garchomp|[spread] p2b\n|-activate|p1b: Venusaur|move: Protect\n|-activate|p2a: Garchomp|move: Protect\n|-supereffective|p2b: Incineroar|1\n|-enditem|p2b: Incineroar|Shuca Berry|[eat]\n|-enditem|p2b: Incineroar|Shuca Berry|[weaken]\n|-damage|p2b: Incineroar|58/100\n|move|p2b: Incineroar|Parting Shot|p1a: Garchomp\n|-unboost|p1a: Garchomp|atk|1\n|-unboost|p1a: Garchomp|spa|1\n|\n|t:|1776459955\n|switch|p2b: Whimsicott|Whimsicott, L50, F|100/100|[from] Parting Shot\n|\n|-weather|SunnyDay|[upkeep]\n|-heal|p1b: Venusaur|67/100|[from] item: Leftovers\n|upkeep\n|turn|3\n|\n|t:|1776459966\n|switch|p1a: Incineroar|Incineroar, L50, M|100/100\n|-ability|p1a: Incineroar|Intimidate|boost\n|-unboost|p2a: Garchomp|atk|1\n|-unboost|p2b: Whimsicott|atk|1\n|move|p2b: Whimsicott|Tailwind|p2b: Whimsicott\n|-sidestart|p2: CoolTrainerBu|move: Tailwind\n|move|p2a: Garchomp|Dragon Claw|p1a: Incineroar\n|-damage|p1a: Incineroar|70/100\n|move|p1b: Venusaur|Sleep Powder|p2a: Garchomp\n|-status|p2a: Garchomp|slp|[from] move: Sleep Powder\n|\n|-weather|SunnyDay|[upkeep]\n|-heal|p1b: Venusaur|72/100|[from] item: Leftovers\n|upkeep\n|turn|4\n|\n|t:|1776459988\n|move|p1a: Incineroar|Fake Out|p2b: Whimsicott\n|-damage|p2b: Whimsicott|79/100\n|cant|p2b: Whimsicott|flinch\n|cant|p2a: Garchomp|slp\n|move|p1b: Venusaur|Sludge Bomb|p2b: Whimsicott\n|-supereffective|p2b: Whimsicott|2\n|-damage|p2b: Whimsicott|0 fnt\n|faint|p2b: Whimsicott\n|\n|-weather|SunnyDay|[upkeep]\n|-heal|p1b: Venusaur|78/100|[from] item: Leftovers\n|upkeep\n|\n|t:|1776460004\n|switch|p2b: Sneasler|Sneasler, L50, M|100/100\n|turn|5\n|\n|t:|1776460015\n|move|p2b: Sneasler|Close Combat|p1a: Incineroar\n|-supereffective|p1a: Incineroar|1\n|-damage|p1a: Incineroar|0 fnt\n|-unboost|p2b: Sneasler|def|1\n|-unboost|p2b: Sneasler|spd|1\n|faint|p1a: Incineroar\n|-enditem|p2b: Sneasler|White Herb\n|-clearnegativeboost|p2b: Sneasler|[silent]\n|cant|p2a: Garchomp|slp\n|move|p1b: Venusaur|Sleep Powder|p2b: Sneasler\n|-status|p2b: Sneasler|slp|[from] move: Sleep Powder\n|\n|-weather|none\n|-heal|p1b: Venusaur|84/100|[from] item: Leftovers\n|upkeep\n|\n|t:|1776460028\n|switch|p1a: Garchomp|Garchomp, L50, M|100/100\n|turn|6\n|\n|t:|1776460043\n|switch|p2b: Incineroar|Incineroar, L50, F|58/100\n|-ability|p2b: Incineroar|Intimidate|boost\n|-unboost|p1a: Garchomp|atk|1\n|-unboost|p1b: Venusaur|atk|1\n|-curestatus|p2a: Garchomp|slp|[msg]\n|move|p2a: Garchomp|Dragon Claw|p1a: Garchomp\n|-supereffective|p1a: Garchomp|1\n|-damage|p1a: Garchomp|37/100\n|-damage|p2a: Garchomp|88/100|[from] ability: Rough Skin|[of] p1a: Garchomp\n|move|p1a: Garchomp|Dragon Claw|p2a: Garchomp\n|-supereffective|p2a: Garchomp|1\n|-damage|p2a: Garchomp|29/100\n|-damage|p1a: Garchomp|25/100|[from] ability: Rough Skin|[of] p2a: Garchomp\n|move|p1b: Venusaur|Sludge Bomb|p2a: Garchomp\n|-resisted|p2a: Garchomp|1\n|-damage|p2a: Garchomp|9/100\n|\n|-heal|p1b: Venusaur|90/100|[from] item: Leftovers\n|-sideend|p2: CoolTrainerBu|move: Tailwind\n|upkeep\n|turn|7\n|inactive|CoolTrainerBu has 30 seconds left.\n|\n|t:|1776460073\n|move|p1b: Venusaur|Protect|p1b: Venusaur\n|-singleturn|p1b: Venusaur|Protect\n|move|p2b: Incineroar|Fake Out|p1a: Garchomp\n|-damage|p1a: Garchomp|13/100\n|-damage|p2b: Incineroar|46/100|[from] ability: Rough Skin|[of] p1a: Garchomp\n|cant|p1a: Garchomp|flinch\n|move|p2a: Garchomp|Earthquake|p1a: Garchomp|[spread] p2b,p1a\n|-activate|p1b: Venusaur|move: Protect\n|-supereffective|p2b: Incineroar|1\n|-damage|p2b: Incineroar|0 fnt\n|-damage|p1a: Garchomp|0 fnt\n|faint|p2b: Incineroar\n|faint|p1a: Garchomp\n|\n|-heal|p1b: Venusaur|95/100|[from] item: Leftovers\n|upkeep\n|\n|t:|1776460086\n|switch|p2b: Sneasler|Sneasler, L50, M|100/100 slp\n|turn|8\n|\n|t:|1776460097\n|move|p2a: Garchomp|Protect|p2a: Garchomp\n|-singleturn|p2a: Garchomp|Protect\n|cant|p2b: Sneasler|slp\n|move|p1b: Venusaur|Sludge Bomb|p2a: Garchomp\n|-activate|p2a: Garchomp|move: Protect\n|\n|-heal|p1b: Venusaur|100/100|[from] item: Leftovers\n|upkeep\n|turn|9\n|\n|t:|1776460111\n|cant|p2b: Sneasler|slp\n|move|p2a: Garchomp|Rock Slide|p1b: Venusaur|[miss]\n|-miss|p2a: Garchomp|p1b: Venusaur\n|move|p1b: Venusaur|Sludge Bomb|p2b: Sneasler\n|-resisted|p2b: Sneasler|1\n|-damage|p2b: Sneasler|72/100 slp\n|\n|upkeep\n|turn|10\n|\n|t:|1776460127\n|-curestatus|p2b: Sneasler|slp|[msg]\n|move|p2b: Sneasler|Dire Claw|p1b: Venusaur\n|-damage|p1b: Venusaur|43/100\n|move|p2a: Garchomp|Rock Slide|p1b: Venusaur\n|-damage|p1b: Venusaur|19/100\n|move|p1b: Venusaur|Leaf Storm|p2b: Sneasler|[miss]\n|-miss|p1b: Venusaur|p2b: Sneasler\n|\n|-heal|p1b: Venusaur|25/100|[from] item: Leftovers\n|upkeep\n|turn|11\n|\n|t:|1776460141\n|move|p2b: Sneasler|Dire Claw|p1b: Venusaur\n|-damage|p1b: Venusaur|0 fnt\n|faint|p1b: Venusaur\n|\n|win|CoolTrainerBu\n|raw|no&apos;tsolrack's rating: 1299 &rarr; <strong>1272</strong><br />(-27 for losing)\n|raw|CoolTrainerBu's rating: 1272 &rarr; <strong>1299</strong><br />(+27 for winning)\n|l|\u2606no'tsolrack\n|player|p1|\n",
  "uploadtime": 1776460143,
  "views": 44,
  "formatid": "gen9championsvgc2026regma",
  "rating": 1272,
  "private": 0,
  "password": null
}