{
  "id": "gen9championsvgc2026regma-2582690009",
  "format": "[Gen 9 Champions] VGC 2026 Reg M-A",
  "players": [
    "1#MiraidonHater",
    "elitesun"
  ],
  "log": "|j|\u26061#MiraidonHater\n|j|\u2606elitesun\n|t:|1776107490\n|gametype|doubles\n|player|p1|1#MiraidonHater|170|1169\n|player|p2|elitesun|2|1107\n|gen|9\n|tier|[Gen 9 Champions] VGC 2026 Reg M-A\n|rated|\n|rule|Species Clause: Limit one of each Pok\u00e9mon\n|rule|Item Clause: Limit 1 of each item\n|clearpoke\n|poke|p1|Kommo-o, L50, F|\n|poke|p1|Incineroar, L50, M|\n|poke|p1|Glimmora, L50, F|\n|poke|p1|Sinistcha, L50|\n|poke|p1|Talonflame, L50, M|\n|poke|p1|Palafin, L50, M|\n|poke|p2|Floette-Eternal, L50, F|\n|poke|p2|Kingambit, L50, F|\n|poke|p2|Garchomp, L50, M|\n|poke|p2|Sinistcha, L50|\n|poke|p2|Maushold, L50|\n|poke|p2|Whimsicott, L50, F|\n|teampreview|4\n|\n|t:|1776107544\n|teamsize|p1|4\n|teamsize|p2|4\n|start\n|switch|p1a: Kommo-o|Kommo-o, L50, F|100/100\n|switch|p1b: Sinistcha|Sinistcha, L50|100/100\n|switch|p2a: Maushold|Maushold, L50|100/100\n|switch|p2b: Floette|Floette-Eternal, L50, F|100/100\n|turn|1\n|\n|t:|1776107592\n|switch|p1b: Talonflame|Talonflame, L50, M|100/100\n|detailschange|p2b: Floette|Floette-Mega, L50, F\n|-mega|p2b: Floette|Floette|Floettite\n|-ability|p2b: Floette|Fairy Aura\n|move|p1a: Kommo-o|Protect|p1a: Kommo-o\n|-singleturn|p1a: Kommo-o|Protect\n|move|p2a: Maushold|Follow Me|p2a: Maushold\n|-singleturn|p2a: Maushold|move: Follow Me\n|move|p2b: Floette|Dazzling Gleam|p1a: Kommo-o|[spread] p1b\n|-activate|p1a: Kommo-o|move: Protect\n|-resisted|p1b: Talonflame|1\n|-damage|p1b: Talonflame|67/100\n|\n|upkeep\n|turn|2\n|\n|t:|1776107638\n|move|p1b: Talonflame|Tailwind|p1b: Talonflame\n|-sidestart|p1: 1#MiraidonHater|move: Tailwind\n|move|p1a: Kommo-o|Aura Sphere|p2a: Maushold\n|-supereffective|p2a: Maushold|1\n|-crit|p2a: Maushold\n|-enditem|p2a: Maushold|Chople Berry|[eat]\n|-enditem|p2a: Maushold|Chople Berry|[weaken]\n|-damage|p2a: Maushold|46/100\n|move|p2a: Maushold|Encore|p1a: Kommo-o\n|-start|p1a: Kommo-o|Encore\n|move|p2b: Floette|Calm Mind|p2b: Floette\n|-boost|p2b: Floette|spa|1\n|-boost|p2b: Floette|spd|1\n|\n|upkeep\n|turn|3\n|\n|t:|1776107675\n|move|p1b: Talonflame|Protect|p1b: Talonflame\n|-singleturn|p1b: Talonflame|Protect\n|move|p2a: Maushold|Follow Me|p2a: Maushold\n|-singleturn|p2a: Maushold|move: Follow Me\n|move|p1a: Kommo-o|Aura Sphere|p2a: Maushold\n|-supereffective|p2a: Maushold|1\n|-damage|p2a: Maushold|0 fnt\n|faint|p2a: Maushold\n|move|p2b: Floette|Dazzling Gleam|p1b: Talonflame|[spread] p1a\n|-activate|p1b: Talonflame|move: Protect\n|-supereffective|p1a: Kommo-o|2\n|-damage|p1a: Kommo-o|0 fnt\n|faint|p1a: Kommo-o\n|\n|upkeep\n|\n|t:|1776107688\n|switch|p2a: Garchomp|Garchomp, L50, M|100/100\n|switch|p1a: Glimmora|Glimmora, L50, F|100/100\n|turn|4\n|\n|t:|1776107698\n|switch|p1b: Sinistcha|Sinistcha, L50|100/100\n|move|p1a: Glimmora|Spiky Shield|p1a: Glimmora\n|-singleturn|p1a: Glimmora|move: Protect\n|move|p2b: Floette|Protect|p2b: Floette\n|-singleturn|p2b: Floette|Protect\n|move|p2a: Garchomp|Earthquake|p1b: Sinistcha|[spread] p1b\n|-activate|p2b: Floette|move: Protect\n|-activate|p1a: Glimmora|move: Protect\n|-resisted|p1b: Sinistcha|1\n|-damage|p1b: Sinistcha|84/100\n|\n|upkeep\n|turn|5\n|\n|t:|1776107717\n|detailschange|p1a: Glimmora|Glimmora-Mega, L50, F\n|-mega|p1a: Glimmora|Glimmora|Glimmoranite\n|move|p1b: Sinistcha|Rage Powder|p1b: Sinistcha\n|-singleturn|p1b: Sinistcha|move: Rage Powder\n|move|p1a: Glimmora|Sludge Bomb|p2b: Floette\n|-supereffective|p2b: Floette|1\n|-damage|p2b: Floette|30/100\n|move|p2a: Garchomp|Swords Dance|p2a: Garchomp\n|-boost|p2a: Garchomp|atk|2\n|move|p2b: Floette|Moonblast|p1b: Sinistcha\n|-damage|p1b: Sinistcha|0 fnt\n|faint|p1b: Sinistcha\n|\n|-sideend|p1: 1#MiraidonHater|move: Tailwind\n|upkeep\n|\n|t:|1776107728\n|switch|p1b: Talonflame|Talonflame, L50, M|67/100\n|turn|6\n|\n|t:|1776107738\n|move|p1a: Glimmora|Spiky Shield|p1a: Glimmora\n|-singleturn|p1a: Glimmora|move: Protect\n|move|p2b: Floette|Protect|p2b: Floette\n|-singleturn|p2b: Floette|Protect\n|move|p1b: Talonflame|Dual Wingbeat|p2b: Floette\n|-activate|p2b: Floette|move: Protect\n|move|p2a: Garchomp|Dragon Claw|p1b: Talonflame\n|-damage|p1b: Talonflame|0 fnt\n|faint|p1b: Talonflame\n|\n|upkeep\n|turn|7\n|-message|1#MiraidonHater forfeited.\n|\n|win|elitesun\n",
  "uploadtime": 1776107493,
  "views": 37,
  "formatid": "gen9championsvgc2026regma",
  "rating": null,
  "private": 0,
  "password": null
}