{
  "id": "gen9championsvgc2026regma-2581511149",
  "format": "[Gen 9 Champions] VGC 2026 Reg M-A",
  "players": [
    "Origin Burned",
    "MrPpingu"
  ],
  "log": "|j|\u2606Origin Burned\n|j|\u2606MrPpingu\n|t:|1776007033\n|gametype|doubles\n|player|p1|Origin Burned|red|1059\n|player|p2|MrPpingu|jogger|1074\n|gen|9\n|tier|[Gen 9 Champions] VGC 2026 Reg M-A\n|rated|\n|rule|Species Clause: Limit one of each Pok\u00e9mon\n|rule|Item Clause: Limit 1 of each item\n|clearpoke\n|poke|p1|Charizard, L50, M|\n|poke|p1|Typhlosion-Hisui, L50, M|\n|poke|p1|Venusaur, L50, M|\n|poke|p1|Pikachu, L50, F|\n|poke|p1|Absol, L50, F|\n|poke|p1|Audino, L50, F|\n|poke|p2|Raichu, L50, F|\n|poke|p2|Gardevoir, L50, F|\n|poke|p2|Incineroar, L50, M|\n|poke|p2|Whimsicott, L50, F|\n|poke|p2|Rotom-Wash, L50|\n|poke|p2|Dragonite, L50, F|\n|teampreview|4\n|\n|t:|1776007072\n|teamsize|p1|4\n|teamsize|p2|4\n|start\n|switch|p1a: Charizard|Charizard, L50, M, shiny|100/100\n|switch|p1b: Typhlosion|Typhlosion-Hisui, L50, M, shiny|100/100\n|switch|p2a: Raichu|Raichu, L50, F|100/100\n|switch|p2b: Incineroar|Incineroar, L50, M|100/100\n|-item|p2a: Raichu|Mental Herb|[from] ability: Frisk|[of] p1b: Typhlosion\n|-item|p2b: Incineroar|Sitrus Berry|[from] ability: Frisk|[of] p1b: Typhlosion\n|-ability|p2b: Incineroar|Intimidate|boost\n|-unboost|p1a: Charizard|atk|1\n|-unboost|p1b: Typhlosion|atk|1\n|turn|1\n|\n|t:|1776007095\n|detailschange|p1a: Charizard|Charizard-Mega-Y, L50, M, shiny\n|-mega|p1a: Charizard|Charizard|Charizardite Y\n|-weather|SunnyDay|[from] ability: Drought|[of] p1a: Charizard\n|move|p2a: Raichu|Nuzzle|p1a: Charizard\n|-supereffective|p1a: Charizard|1\n|-damage|p1a: Charizard|77/100\n|-status|p1a: Charizard|par\n|move|p1b: Typhlosion|Eruption|p2a: Raichu|[spread] p2a,p2b\n|-resisted|p2b: Incineroar|1\n|-damage|p2a: Raichu|0 fnt\n|-damage|p2b: Incineroar|54/100\n|faint|p2a: Raichu\n|move|p1a: Charizard|Weather Ball|p2b: Incineroar\n|-resisted|p2b: Incineroar|1\n|-damage|p2b: Incineroar|13/100\n|-enditem|p2b: Incineroar|Sitrus Berry|[eat]\n|-heal|p2b: Incineroar|38/100|[from] item: Sitrus Berry\n|move|p2b: Incineroar|Parting Shot|p1b: Typhlosion\n|-unboost|p1b: Typhlosion|atk|1\n|-unboost|p1b: Typhlosion|spa|1\n|\n|t:|1776007132\n|switch|p2b: Gardevoir|Gardevoir, L50, F|100/100|[from] Parting Shot\n|\n|-weather|SunnyDay|[upkeep]\n|upkeep\n|c|\u2606Origin Burned|Are you my dessert?!\n|\n|t:|1776007141\n|switch|p2a: Dragonite|Dragonite, L50, F|100/100\n|turn|2\n|\n|t:|1776007156\n|switch|p1b: Pikachu|Pikachu, L50, F, shiny|100/100\n|detailschange|p2b: Gardevoir|Gardevoir-Mega, L50, F\n|-mega|p2b: Gardevoir|Gardevoir|Gardevoirite\n|move|p2b: Gardevoir|Psychic|p1a: Charizard\n|-damage|p1a: Charizard|11/100 par\n|move|p2a: Dragonite|Dragon Claw|p1b: Pikachu\n|-damage|p1b: Pikachu|0 fnt\n|faint|p1b: Pikachu\n|move|p1a: Charizard|Weather Ball|p2b: Gardevoir\n|-damage|p2b: Gardevoir|31/100\n|\n|-weather|SunnyDay|[upkeep]\n|upkeep\n|\n|t:|1776007171\n|switch|p1b: Venusaur|Venusaur, L50, M, shiny|100/100\n|turn|3\n|\n|t:|1776007189\n|move|p2b: Gardevoir|Protect|p2b: Gardevoir\n|-singleturn|p2b: Gardevoir|Protect\n|move|p1a: Charizard|Protect|p1a: Charizard\n|-singleturn|p1a: Charizard|Protect\n|move|p1b: Venusaur|Sludge Bomb|p2b: Gardevoir\n|-activate|p2b: Gardevoir|move: Protect\n|move|p2a: Dragonite|Rock Slide|p1a: Charizard|[spread] p1b\n|-activate|p1a: Charizard|move: Protect\n|-damage|p1b: Venusaur|74/100\n|\n|-weather|SunnyDay|[upkeep]\n|upkeep\n|turn|4\n|\n|t:|1776007209\n|switch|p2b: Incineroar|Incineroar, L50, M|38/100\n|-ability|p2b: Incineroar|Intimidate|boost\n|-unboost|p1a: Charizard|atk|1\n|-unboost|p1b: Venusaur|atk|1\n|move|p1b: Venusaur|Sludge Bomb|p2b: Incineroar\n|-damage|p2b: Incineroar|0 fnt\n|faint|p2b: Incineroar\n|move|p2a: Dragonite|Rock Slide|p1b: Venusaur|[spread] p1a,p1b\n|-supereffective|p1a: Charizard|2\n|-damage|p1a: Charizard|0 fnt\n|-damage|p1b: Venusaur|46/100\n|-enditem|p1b: Venusaur|Sitrus Berry|[eat]\n|-heal|p1b: Venusaur|71/100|[from] item: Sitrus Berry\n|faint|p1a: Charizard\n|\n|-weather|SunnyDay|[upkeep]\n|upkeep\n|\n|t:|1776007223\n|switch|p1a: Typhlosion|Typhlosion-Hisui, L50, M, shiny|100/100\n|switch|p2b: Gardevoir|Gardevoir-Mega, L50, F|31/100\n|-item|p2a: Dragonite|Dragon Fang|[from] ability: Frisk|[of] p1a: Typhlosion\n|-item|p2b: Gardevoir|Gardevoirite|[from] ability: Frisk|[of] p1a: Typhlosion\n|turn|5\n|\n|t:|1776007238\n|move|p2b: Gardevoir|Protect|p2b: Gardevoir\n|-singleturn|p2b: Gardevoir|Protect\n|move|p1b: Venusaur|Giga Drain|p2a: Dragonite\n|-resisted|p2a: Dragonite|2\n|-damage|p2a: Dragonite|96/100\n|-heal|p1b: Venusaur|73/100|[from] drain|[of] p2a: Dragonite\n|move|p1a: Typhlosion|Eruption|p2b: Gardevoir|[spread] p2a\n|-activate|p2b: Gardevoir|move: Protect\n|-resisted|p2a: Dragonite|1\n|-damage|p2a: Dragonite|49/100\n|move|p2a: Dragonite|Dragon Claw|p1a: Typhlosion\n|-damage|p1a: Typhlosion|16/100\n|\n|-weather|none\n|upkeep\n|turn|6\n|\n|t:|1776007267\n|move|p1a: Typhlosion|Hyper Beam|p2a: Dragonite\n|-damage|p2a: Dragonite|4/100\n|-mustrecharge|p1a: Typhlosion\n|move|p2b: Gardevoir|Hyper Voice|p1a: Typhlosion|[spread] p1a,p1b\n|-resisted|p1a: Typhlosion|1\n|-resisted|p1b: Venusaur|1\n|-damage|p1a: Typhlosion|0 fnt\n|-damage|p1b: Venusaur|45/100\n|faint|p1a: Typhlosion\n|move|p1b: Venusaur|Sludge Bomb|p2b: Gardevoir\n|-supereffective|p2b: Gardevoir|1\n|-damage|p2b: Gardevoir|0 fnt\n|faint|p2b: Gardevoir\n|move|p2a: Dragonite|Dragon Claw|p1b: Venusaur\n|-damage|p1b: Venusaur|0 fnt\n|faint|p1b: Venusaur\n|\n|win|MrPpingu\n|raw|Origin Burned's rating: 1059 &rarr; <strong>1041</strong><br />(-18 for losing)\n|raw|MrPpingu's rating: 1074 &rarr; <strong>1102</strong><br />(+28 for winning)\n",
  "uploadtime": 1776007282,
  "views": 12,
  "formatid": "gen9championsvgc2026regma",
  "rating": 1041,
  "private": 0,
  "password": null
}