{
  "id": "gen9championsvgc2026regma-2587153778",
  "format": "[Gen 9 Champions] VGC 2026 Reg M-A",
  "players": [
    "Spgdd",
    "Fafalex"
  ],
  "log": "|j|\u2606Spgdd\n|j|\u2606Fafalex\n|t:|1776501312\n|gametype|doubles\n|player|p1|Spgdd|miku-water|1048\n|player|p2|Fafalex|1|1001\n|gen|9\n|tier|[Gen 9 Champions] VGC 2026 Reg M-A\n|rated|\n|rule|Species Clause: Limit one of each Pok\u00e9mon\n|rule|Item Clause: Limit 1 of each item\n|clearpoke\n|poke|p1|Starmie, L50, shiny|\n|poke|p1|Meganium, L50, F, shiny|\n|poke|p1|Pelipper, L50, M, shiny|\n|poke|p1|Sableye, L50, M, shiny|\n|poke|p1|Garchomp, L50, M, shiny|\n|poke|p1|Archaludon, L50, M, shiny|\n|poke|p2|Corviknight, L50, M, shiny|\n|poke|p2|Volcarona, L50, M, shiny|\n|poke|p2|Spiritomb, L50, F, shiny|\n|poke|p2|Zoroark, L50, M, shiny|\n|poke|p2|Umbreon, L50, M, shiny|\n|poke|p2|Gengar, L50, M, shiny|\n|teampreview|4\n|inactive|Battle timer is ON: inactive players will automatically lose when time's up. (requested by Spgdd)\n|inactive|Spgdd has 60 seconds left.\nFafalex has agreed to open team sheets.\n|\n|t:|1776501371\n|teamsize|p1|4\n|teamsize|p2|4\n|start\n|switch|p1a: Pelipper|Pelipper, L50, M, shiny|100/100\n|switch|p1b: Meganium|Meganium, L50, F, shiny|100/100\n|switch|p2a: Spiritomb|Spiritomb, L50, F, shiny|100/100\n|switch|p2b: Umbreon|Umbreon, L50, M, shiny|100/100\n|-weather|RainDance|[from] ability: Drizzle|[of] p1a: Pelipper\n|turn|1\n|\n|t:|1776501393\n|detailschange|p1b: Meganium|Meganium-Mega, L50, F, shiny\n|-mega|p1b: Meganium|Meganium|Meganiumite\n|move|p1b: Meganium|Dazzling Gleam|p2b: Umbreon|[spread] p2a,p2b\n|-supereffective|p2a: Spiritomb|1\n|-supereffective|p2b: Umbreon|1\n|-damage|p2a: Spiritomb|33/100\n|-damage|p2b: Umbreon|54/100\n|move|p2b: Umbreon|Toxic|p1b: Meganium|[miss]\n|-miss|p2b: Umbreon|p1b: Meganium\n|move|p1a: Pelipper|Tailwind|p1a: Pelipper\n|-sidestart|p1: Spgdd|move: Tailwind\n|move|p2a: Spiritomb|Pain Split|p1b: Meganium\n|-sethp|p1b: Meganium|61/100|[from] move: Pain Split|[silent]\n|-sethp|p2a: Spiritomb|90/100|[from] move: Pain Split\n|\n|-weather|RainDance|[upkeep]\n|-heal|p2a: Spiritomb|96/100|[from] item: Leftovers\n|upkeep\n|turn|2\n|inactive|Fafalex has 30 seconds left.\n|\n|t:|1776501422\n|move|p1b: Meganium|Dazzling Gleam|p2a: Spiritomb|[spread] p2a,p2b\n|-supereffective|p2a: Spiritomb|1\n|-supereffective|p2b: Umbreon|1\n|-damage|p2a: Spiritomb|28/100\n|-damage|p2b: Umbreon|12/100\n|move|p1a: Pelipper|U-turn|p2a: Spiritomb\n|-damage|p2a: Spiritomb|18/100\n|\n|t:|1776501430\n|switch|p1a: Archaludon|Archaludon, L50, M, shiny|100/100|[from] U-turn\n|move|p2b: Umbreon|Toxic|p1a: Archaludon\n|-immune|p1a: Archaludon\n|move|p2a: Spiritomb|Pain Split|p1b: Meganium\n|-sethp|p1b: Meganium|37/100|[from] move: Pain Split|[silent]\n|-sethp|p2a: Spiritomb|54/100|[from] move: Pain Split\n|\n|-weather|RainDance|[upkeep]\n|-heal|p2a: Spiritomb|60/100|[from] item: Leftovers\n|upkeep\n|turn|3\n|\n|t:|1776501452\n|move|p1b: Meganium|Dazzling Gleam|p2b: Umbreon|[spread] p2a,p2b\n|-supereffective|p2a: Spiritomb|1\n|-supereffective|p2b: Umbreon|1\n|-damage|p2a: Spiritomb|0 fnt\n|-damage|p2b: Umbreon|0 fnt\n|faint|p2a: Spiritomb\n|faint|p2b: Umbreon\n|move|p1a: Archaludon|Electro Shot||[still]\n|-prepare|p1a: Archaludon|Electro Shot\n|-boost|p1a: Archaludon|spa|1\n|-anim|p1a: Archaludon|Electro Shot|p2: Spiritomb|[notarget]\n|-fail|p1a: Archaludon\n|\n|-weather|RainDance|[upkeep]\n|upkeep\n|\n|t:|1776501469\n|switch|p2b: Volcarona|Volcarona, L50, M, shiny|100/100\n|switch|p2a: Gengar|Gengar, L50, M, shiny|100/100\n|turn|4\n|\n|t:|1776501493\n|detailschange|p2a: Gengar|Gengar-Mega, L50, M, shiny\n|-mega|p2a: Gengar|Gengar|Gengarite\n|move|p1b: Meganium|Weather Ball|p2a: Gengar\n|-damage|p2a: Gengar|28/100\n|move|p1a: Archaludon|Electro Shot||[still]\n|-prepare|p1a: Archaludon|Electro Shot\n|-boost|p1a: Archaludon|spa|1\n|-anim|p1a: Archaludon|Electro Shot|p2b: Volcarona\n|-damage|p2b: Volcarona|21/100\n|move|p2a: Gengar|Sludge Wave|p1b: Meganium|[spread] p2b,p1b\n|-immune|p1a: Archaludon\n|-supereffective|p1b: Meganium|2\n|-damage|p2b: Volcarona|0 fnt\n|-damage|p1b: Meganium|0 fnt\n|faint|p2b: Volcarona\n|faint|p1b: Meganium\n|\n|-weather|RainDance|[upkeep]\n|-sideend|p1: Spgdd|move: Tailwind\n|upkeep\n|\n|t:|1776501513\n|switch|p1b: Garchomp|Garchomp, L50, M, shiny|100/100\n|turn|5\n|\n|t:|1776501524\n|move|p2a: Gengar|Destiny Bond|p2a: Gengar\n|-singlemove|p2a: Gengar|Destiny Bond\n|move|p1b: Garchomp|Dig||[still]\n|-prepare|p1b: Garchomp|Dig\n|move|p1a: Archaludon|Electro Shot||[still]\n|-prepare|p1a: Archaludon|Electro Shot\n|-boost|p1a: Archaludon|spa|1\n|-anim|p1a: Archaludon|Electro Shot|p2a: Gengar\n|-damage|p2a: Gengar|0 fnt\n|faint|p2a: Gengar\n|-activate|p2a: Gengar|move: Destiny Bond\n|faint|p1a: Archaludon\n|\n|win|Spgdd\n|raw|Spgdd's rating: 1048 &rarr; <strong>1076</strong><br />(+28 for winning)\n|raw|Fafalex's rating: 1001 &rarr; <strong>1000</strong><br />(-1 for losing)\n",
  "uploadtime": 1776501537,
  "views": 16,
  "formatid": "gen9championsvgc2026regma",
  "rating": 1000,
  "private": 0,
  "password": null
}