{
  "id": "gen9championsvgc2026regma-2586913103",
  "format": "[Gen 9 Champions] VGC 2026 Reg M-A",
  "players": [
    "Rumham24",
    "Wo-Chien<3"
  ],
  "log": "|j|\u2606Rumham24\n|j|\u2606Wo-Chien<3\n|t:|1776471194\n|gametype|doubles\n|player|p1|Rumham24|infielder|1090\n|player|p2|Wo-Chien<3|miku-ground|1112\n|gen|9\n|tier|[Gen 9 Champions] VGC 2026 Reg M-A\n|rated|\n|rule|Species Clause: Limit one of each Pok\u00e9mon\n|rule|Item Clause: Limit 1 of each item\n|clearpoke\n|poke|p1|Weavile, L50, F|\n|poke|p1|Aerodactyl, L50, F|\n|poke|p1|Sinistcha-Masterpiece, L50|\n|poke|p1|Slowking-Galar, L50, M|\n|poke|p1|Krookodile, L50, F|\n|poke|p1|Glimmora, L50, F|\n|poke|p2|Froslass, L50, F|\n|poke|p2|Rotom-Frost, L50|\n|poke|p2|Sneasler, L50, F|\n|poke|p2|Kingambit, L50, M|\n|poke|p2|Garchomp, L50, M|\n|poke|p2|Aerodactyl, L50, F|\n|teampreview|4\n|inactive|Battle timer is ON: inactive players will automatically lose when time's up. (requested by Rumham24)\n|\n|t:|1776471212\n|teamsize|p1|4\n|teamsize|p2|4\n|start\n|switch|p1a: Weavile|Weavile, L50, F|100/100\n|switch|p1b: Glimmora|Glimmora, L50, F|100/100\n|switch|p2a: Rotom|Rotom-Frost, L50|100/100\n|switch|p2b: Froslass|Froslass, L50, F|100/100\n|-ability|p1a: Weavile|Pressure\n|turn|1\n|\n|t:|1776471236\n|move|p2b: Froslass|Protect|p2b: Froslass\n|-singleturn|p2b: Froslass|Protect\n|move|p2a: Rotom|Electroweb|p1b: Glimmora|[spread] p1a,p1b\n|-crit|p1a: Weavile\n|-damage|p1a: Weavile|62/100\n|-damage|p1b: Glimmora|78/100\n|-unboost|p1a: Weavile|spe|1\n|-unboost|p1b: Glimmora|spe|1\n|move|p1a: Weavile|Substitute|p1a: Weavile\n|-start|p1a: Weavile|Substitute\n|-damage|p1a: Weavile|37/100\n|move|p1b: Glimmora|Mortal Spin|p2b: Froslass|[spread] p2a\n|-activate|p2b: Froslass|move: Protect\n|-damage|p2a: Rotom|93/100\n|-status|p2a: Rotom|psn\n|\n|-heal|p1a: Weavile|43/100|[from] item: Leftovers\n|-damage|p2a: Rotom|82/100 psn|[from] psn\n|upkeep\n|turn|2\n|inactive|Rumham24 has 30 seconds left.\n|inactive|Rumham24 has 20 seconds left.\n|inactive|Rumham24 has 15 seconds left.\n|\n|t:|1776471276\n|detailschange|p2b: Froslass|Froslass-Mega, L50, F\n|-mega|p2b: Froslass|Froslass|Froslassite\n|-weather|Snowscape|[from] ability: Snow Warning|[of] p2b: Froslass\n|move|p1a: Weavile|Protect|p1a: Weavile\n|-singleturn|p1a: Weavile|Protect\n|move|p2a: Rotom|Electroweb|p1a: Weavile|[spread] p1b\n|-activate|p1a: Weavile|move: Protect\n|-damage|p1b: Glimmora|59/100\n|-unboost|p1b: Glimmora|spe|1\n|move|p2b: Froslass|Blizzard|p1a: Weavile|[spread] p1b\n|-activate|p1a: Weavile|move: Protect\n|-damage|p1b: Glimmora|5/100\n|move|p1b: Glimmora|Light Screen|p1b: Glimmora\n|-sidestart|p1: Rumham24|move: Light Screen\n|\n|-weather|Snowscape|[upkeep]\n|-heal|p1a: Weavile|49/100|[from] item: Leftovers\n|-damage|p2a: Rotom|70/100 psn|[from] psn\n|upkeep\n|turn|3\n|inactive|Rumham24 has 30 seconds left.\n|\n|t:|1776471311\n|move|p1b: Glimmora|Spiky Shield|p1b: Glimmora\n|-singleturn|p1b: Glimmora|move: Protect\n|move|p2a: Rotom|Electroweb|p1b: Glimmora|[spread] p1a\n|-activate|p1b: Glimmora|move: Protect\n|-crit|p1a: Weavile\n|-end|p1a: Weavile|Substitute\n|move|p2b: Froslass|Blizzard|p1b: Glimmora|[spread] p1a\n|-activate|p1b: Glimmora|move: Protect\n|-resisted|p1a: Weavile|1\n|-damage|p1a: Weavile|28/100\n|move|p1a: Weavile|Substitute|p1a: Weavile\n|-start|p1a: Weavile|Substitute\n|-damage|p1a: Weavile|3/100\n|\n|-weather|Snowscape|[upkeep]\n|-heal|p1a: Weavile|9/100|[from] item: Leftovers\n|-damage|p2a: Rotom|58/100 psn|[from] psn\n|upkeep\n|turn|4\n|\n|t:|1776471330\n|move|p1a: Weavile|Protect|p1a: Weavile\n|-singleturn|p1a: Weavile|Protect\n|move|p2a: Rotom|Electroweb|p1a: Weavile|[spread] p1b\n|-activate|p1a: Weavile|move: Protect\n|-damage|p1b: Glimmora|0 fnt\n|faint|p1b: Glimmora\n|move|p2b: Froslass|Shadow Ball|p1a: Weavile\n|-activate|p1a: Weavile|move: Protect\n|\n|-weather|Snowscape|[upkeep]\n|-heal|p1a: Weavile|15/100|[from] item: Leftovers\n|-damage|p2a: Rotom|46/100 psn|[from] psn\n|upkeep\n|\n|t:|1776471340\n|switch|p1b: Sinistcha|Sinistcha-Masterpiece, L50|100/100\n|-heal|p1a: Weavile|40/100|[from] ability: Hospitality|[of] p1b: Sinistcha\n|turn|5\n|\n|t:|1776471357\n|move|p1b: Sinistcha|Protect|p1b: Sinistcha\n|-singleturn|p1b: Sinistcha|Protect\n|move|p2a: Rotom|Electroweb|p1b: Sinistcha|[spread] p1a\n|-activate|p1b: Sinistcha|move: Protect\n|-activate|p1a: Weavile|move: Substitute|[damage]\n|move|p2b: Froslass|Blizzard|p1a: Weavile|[spread] p1a\n|-activate|p1b: Sinistcha|move: Protect\n|-resisted|p1a: Weavile|1\n|-end|p1a: Weavile|Substitute\n|move|p1a: Weavile|Spite|p2b: Froslass\n|-activate|p2b: Froslass|move: Spite|Blizzard|2\n|\n|-weather|Snowscape|[upkeep]\n|-heal|p1a: Weavile|46/100|[from] item: Leftovers\n|-damage|p2a: Rotom|34/100 psn|[from] psn\n|upkeep\n|turn|6\n|\n|t:|1776471378\n|move|p2a: Rotom|Electroweb|p1a: Weavile|[spread] p1a,p1b\n|-resisted|p1b: Sinistcha|1\n|-damage|p1a: Weavile|29/100\n|-damage|p1b: Sinistcha|93/100\n|-unboost|p1a: Weavile|spe|1\n|-unboost|p1b: Sinistcha|spe|1\n|move|p2b: Froslass|Shadow Ball|p1b: Sinistcha\n|-supereffective|p1b: Sinistcha|1\n|-damage|p1b: Sinistcha|16/100\n|-enditem|p1b: Sinistcha|Sitrus Berry|[eat]\n|-heal|p1b: Sinistcha|41/100|[from] item: Sitrus Berry\n|move|p1a: Weavile|Substitute|p1a: Weavile\n|-start|p1a: Weavile|Substitute\n|-damage|p1a: Weavile|5/100\n|move|p1b: Sinistcha|Life Dew|p1b: Sinistcha|[spread] p1a,p1b\n|-heal|p1a: Weavile|30/100\n|-heal|p1b: Sinistcha|66/100\n|\n|-weather|none\n|-heal|p1a: Weavile|36/100|[from] item: Leftovers\n|-damage|p2a: Rotom|23/100 psn|[from] psn\n|-sideend|p1: Rumham24|move: Light Screen\n|upkeep\n|turn|7\n|\n|t:|1776471403\n|move|p1a: Weavile|Protect|p1a: Weavile\n|-singleturn|p1a: Weavile|Protect\n|move|p2a: Rotom|Electroweb|p1b: Sinistcha|[spread] p1b\n|-activate|p1a: Weavile|move: Protect\n|-resisted|p1b: Sinistcha|1\n|-damage|p1b: Sinistcha|54/100\n|-unboost|p1b: Sinistcha|spe|1\n|move|p2b: Froslass|Shadow Ball|p1a: Weavile\n|-activate|p1a: Weavile|move: Protect\n|move|p1b: Sinistcha|Spite|p2b: Froslass\n|-activate|p2b: Froslass|move: Spite|Shadow Ball|4\n|\n|-heal|p1a: Weavile|42/100|[from] item: Leftovers\n|-damage|p2a: Rotom|11/100 psn|[from] psn\n|upkeep\n|turn|8\n|inactive|Rumham24 has 30 seconds left.\n|\n|t:|1776471435\n|switch|p2a: Sneasler|Sneasler, L50, F|100/100\n|move|p1b: Sinistcha|Protect|p1b: Sinistcha\n|-singleturn|p1b: Sinistcha|Protect\n|move|p2b: Froslass|Shadow Ball|p1b: Sinistcha\n|-activate|p1b: Sinistcha|move: Protect\n|move|p1a: Weavile|Substitute|p1a: Weavile\n|-fail|p1a: Weavile|move: Substitute\n|\n|-heal|p1a: Weavile|48/100|[from] item: Leftovers\n|upkeep\n|turn|9\n|\n|t:|1776471455\n|move|p1a: Weavile|Protect|p1a: Weavile\n|-singleturn|p1a: Weavile|Protect\n|move|p2b: Froslass|Shadow Ball|p1b: Sinistcha\n|-supereffective|p1b: Sinistcha|1\n|-damage|p1b: Sinistcha|0 fnt\n|faint|p1b: Sinistcha\n|move|p2a: Sneasler|Dire Claw|p1a: Weavile\n|-activate|p1a: Weavile|move: Protect\n|\n|-heal|p1a: Weavile|54/100|[from] item: Leftovers\n|upkeep\n|\n|t:|1776471465\n|switch|p1b: Aerodactyl|Aerodactyl, L50, F|100/100\n|-ability|p1b: Aerodactyl|Pressure\n|turn|10\n|\n|t:|1776471483\n|switch|p2b: Garchomp|Garchomp, L50, M|100/100\n|move|p2a: Sneasler|Protect|p2a: Sneasler\n|-singleturn|p2a: Sneasler|Protect\n|move|p1b: Aerodactyl|Substitute|p1b: Aerodactyl\n|-start|p1b: Aerodactyl|Substitute\n|-damage|p1b: Aerodactyl|76/100\n|move|p1a: Weavile|Substitute|p1a: Weavile\n|-fail|p1a: Weavile|move: Substitute\n|\n|-heal|p1a: Weavile|60/100|[from] item: Leftovers\n|upkeep\n|turn|11\n|\n|t:|1776471502\n|switch|p2a: Froslass|Froslass-Mega, L50, F|100/100\n|-weather|Snowscape|[from] ability: Snow Warning|[of] p2a: Froslass\n|move|p1a: Weavile|Protect|p1a: Weavile\n|-singleturn|p1a: Weavile|Protect\n|move|p1b: Aerodactyl|Wide Guard|p1b: Aerodactyl\n|-singleturn|p1b: Aerodactyl|Wide Guard\n|move|p2b: Garchomp|Rock Slide|p1a: Weavile|[spread] \n|-activate|p1a: Weavile|move: Wide Guard\n|-activate|p1b: Aerodactyl|move: Wide Guard\n|\n|-weather|Snowscape|[upkeep]\n|-heal|p1a: Weavile|66/100|[from] item: Leftovers\n|upkeep\n|turn|12\n|inactive|Rumham24 has 30 seconds left.\n|\n|t:|1776471534\n|move|p1b: Aerodactyl|Protect||[still]\n|-fail|p1b: Aerodactyl\n|move|p2a: Froslass|Shadow Ball|p1b: Aerodactyl\n|-end|p1b: Aerodactyl|Substitute\n|move|p2b: Garchomp|Rock Slide|p1b: Aerodactyl|[spread] p1a,p1b\n|-supereffective|p1a: Weavile|1\n|-end|p1a: Weavile|Substitute\n|-supereffective|p1b: Aerodactyl|1\n|-damage|p1b: Aerodactyl|25/100\n|move|p1a: Weavile|Substitute|p1a: Weavile\n|-start|p1a: Weavile|Substitute\n|-damage|p1a: Weavile|42/100\n|\n|-weather|Snowscape|[upkeep]\n|-heal|p1a: Weavile|48/100|[from] item: Leftovers\n|upkeep\n|turn|13\n|inactive|Rumham24 has 30 seconds left.\n|inactive|Wo-Chien<3 has 30 seconds left.\n|\n|t:|1776471563\n|move|p1a: Weavile|Protect|p1a: Weavile\n|-singleturn|p1a: Weavile|Protect\n|move|p1b: Aerodactyl|Wide Guard|p1b: Aerodactyl\n|-singleturn|p1b: Aerodactyl|Wide Guard\n|move|p2a: Froslass|Shadow Ball|p1b: Aerodactyl\n|-damage|p1b: Aerodactyl|0 fnt\n|faint|p1b: Aerodactyl\n|move|p2b: Garchomp|Dragon Claw|p1a: Weavile\n|-activate|p1a: Weavile|move: Protect\n|\n|-weather|Snowscape|[upkeep]\n|-heal|p1a: Weavile|54/100|[from] item: Leftovers\n|upkeep\n|turn|14\n|\n|t:|1776471578\n|move|p2a: Froslass|Shadow Ball|p1a: Weavile\n|-resisted|p1a: Weavile|1\n|-end|p1a: Weavile|Substitute\n|move|p2b: Garchomp|Dragon Claw|p1a: Weavile\n|-damage|p1a: Weavile|13/100\n|move|p1a: Weavile|Substitute|p1a: Weavile\n|-fail|p1a: Weavile|move: Substitute|[weak]\n|\n|-weather|Snowscape|[upkeep]\n|-heal|p1a: Weavile|19/100|[from] item: Leftovers\n|upkeep\n|turn|15\n|\n|t:|1776471587\n|switch|p2a: Rotom|Rotom-Frost, L50|11/100 psn\n|move|p1a: Weavile|Protect|p1a: Weavile\n|-singleturn|p1a: Weavile|Protect\n|move|p2b: Garchomp|Dragon Claw|p1a: Weavile\n|-activate|p1a: Weavile|move: Protect\n|\n|-weather|none\n|-heal|p1a: Weavile|25/100|[from] item: Leftovers\n|-damage|p2a: Rotom|0 fnt|[from] psn\n|faint|p2a: Rotom\n|upkeep\n|-message|Rumham24 forfeited.\n|\n|win|Wo-Chien<3\n|raw|Rumham24's rating: 1090 &rarr; <strong>1068</strong><br />(-22 for losing)\n|raw|Wo-Chien&lt;3's rating: 1112 &rarr; <strong>1135</strong><br />(+23 for winning)\n|l|\u2606Rumham24\n|player|p1|\n",
  "uploadtime": 1776471591,
  "views": 18,
  "formatid": "gen9championsvgc2026regma",
  "rating": 1068,
  "private": 0,
  "password": null
}