{
  "id": "gen9championsvgc2026regma-2586641483",
  "format": "[Gen 9 Champions] VGC 2026 Reg M-A",
  "players": [
    "Rworwo",
    "muzinVGC"
  ],
  "log": "|j|\u2606Rworwo\n|j|\u2606muzinVGC\n|t:|1776448831\n|gametype|doubles\n|player|p1|Rworwo|pokefan|1473\n|player|p2|muzinVGC|iris-gen5bw2|1442\n|gen|9\n|tier|[Gen 9 Champions] VGC 2026 Reg M-A\n|rated|\n|rule|Species Clause: Limit one of each Pok\u00e9mon\n|rule|Item Clause: Limit 1 of each item\n|clearpoke\n|poke|p1|Ampharos, L50, F|\n|poke|p1|Farigiraf, L50, M|\n|poke|p1|Basculegion, L50, M|\n|poke|p1|Lucario, L50, M|\n|poke|p1|Pelipper, L50, M|\n|poke|p1|Clefable, L50, F|\n|poke|p2|Primarina, L50, M|\n|poke|p2|Sinistcha, L50|\n|poke|p2|Incineroar, L50, F|\n|poke|p2|Aerodactyl, L50, M|\n|poke|p2|Garchomp, L50, F|\n|poke|p2|Kangaskhan, L50, F|\n|teampreview|4\n|inactive|Battle timer is ON: inactive players will automatically lose when time's up. (requested by muzinVGC)\n|inactive|Rworwo also wants the timer to be on.\n|j| ZodiacSheep\n|inactive|Rworwo has 60 seconds left.\n|c| ZodiacSheep|yo Rworwo I'm a huge Ampharos fan can I get a Pokepaste after the battle so I can try this out\n|inactive|Rworwo has 30 seconds left.\n|inactive|Rworwo has 20 seconds left.\n|\n|t:|1776448906\n|teamsize|p1|4\n|teamsize|p2|4\n|start\n|switch|p1a: Lucario|Lucario, L50, M, shiny|100/100\n|switch|p1b: Basculegion|Basculegion, L50, M, shiny|100/100\n|switch|p2a: Garchomp|Garchomp, L50, F|100/100\n|switch|p2b: Kangaskhan|Kangaskhan, L50, F|100/100\n|turn|1\n|inactive|Rworwo has 30 seconds left.\n|inactive|muzinVGC has 30 seconds left.\n|inactive|muzinVGC has 20 seconds left.\n|\n|t:|1776448953\n|switch|p1b: Pelipper|Pelipper, L50, M, shiny|100/100\n|-weather|RainDance|[from] ability: Drizzle|[of] p1b: Pelipper\n|detailschange|p2b: Kangaskhan|Kangaskhan-Mega, L50, F\n|-mega|p2b: Kangaskhan|Kangaskhan|Kangaskhanite\n|move|p1a: Lucario|Protect|p1a: Lucario\n|-singleturn|p1a: Lucario|Protect\n|move|p2a: Garchomp|Breaking Swipe|p1b: Pelipper|[spread] p1b\n|-activate|p1a: Lucario|move: Protect\n|-damage|p1b: Pelipper|81/100\n|-unboost|p1b: Pelipper|atk|1\n|move|p2b: Kangaskhan|Drain Punch|p1a: Lucario\n|-activate|p1a: Lucario|move: Protect\n|\n|-weather|RainDance|[upkeep]\n|upkeep\n|turn|2\n|\n|t:|1776448977\n|switch|p2b: Primarina|Primarina, L50, M|100/100\n|detailschange|p1a: Lucario|Lucario-Mega, L50, M, shiny\n|-mega|p1a: Lucario|Lucario|Lucarionite\n|move|p2a: Garchomp|Breaking Swipe|p1a: Lucario|[spread] p1a,p1b\n|-resisted|p1a: Lucario|1\n|-damage|p1a: Lucario|84/100\n|-damage|p1b: Pelipper|59/100\n|-unboost|p1a: Lucario|atk|1\n|-unboost|p1b: Pelipper|atk|1\n|move|p1a: Lucario|Aura Sphere|p2b: Primarina\n|-resisted|p2b: Primarina|1\n|-damage|p2b: Primarina|75/100\n|move|p1b: Pelipper|Tailwind|p1b: Pelipper\n|-sidestart|p1: Rworwo|move: Tailwind\n|\n|-weather|RainDance|[upkeep]\n|-heal|p2b: Primarina|81/100|[from] item: Leftovers\n|upkeep\n|turn|3\n|inactive|muzinVGC has 30 seconds left.\n|\n|t:|1776449005\n|switch|p2a: Sinistcha|Sinistcha, L50|100/100\n|-heal|p2b: Primarina|100/100|[from] ability: Hospitality|[of] p2a: Sinistcha\n|switch|p2b: Kangaskhan|Kangaskhan-Mega, L50, F|100/100\n|move|p1a: Lucario|Flash Cannon|p2b: Kangaskhan\n|-damage|p2b: Kangaskhan|54/100\n|move|p1b: Pelipper|Hurricane|p2b: Kangaskhan\n|-damage|p2b: Kangaskhan|21/100\n|\n|-weather|RainDance|[upkeep]\n|upkeep\n|turn|4\n|\n|t:|1776449020\n|move|p2b: Kangaskhan|Fake Out|p1a: Lucario\n|-resisted|p1a: Lucario|1\n|-damage|p1a: Lucario|68/100\n|-resisted|p1a: Lucario|1\n|-crit|p1a: Lucario\n|-damage|p1a: Lucario|62/100\n|-hitcount|p1a: Lucario|2\n|cant|p1a: Lucario|flinch\n|move|p1b: Pelipper|Hurricane|p2a: Sinistcha\n|-supereffective|p2a: Sinistcha|1\n|-damage|p2a: Sinistcha|12/100\n|-start|p2a: Sinistcha|confusion\n|-enditem|p2a: Sinistcha|Sitrus Berry|[eat]\n|-heal|p2a: Sinistcha|36/100|[from] item: Sitrus Berry\n|-activate|p2a: Sinistcha|confusion\n|move|p2a: Sinistcha|Trick Room|p2a: Sinistcha\n|-fieldstart|move: Trick Room|[of] p2a: Sinistcha\n|\n|-weather|RainDance|[upkeep]\n|upkeep\n|turn|5\n|\n|t:|1776449035\n|move|p1b: Pelipper|Protect|p1b: Pelipper\n|-singleturn|p1b: Pelipper|Protect\n|move|p1a: Lucario|Protect|p1a: Lucario\n|-singleturn|p1a: Lucario|Protect\n|-activate|p2a: Sinistcha|confusion\n|-damage|p2a: Sinistcha|31/100|[from] confusion\n|move|p2b: Kangaskhan|Drain Punch|p1a: Lucario\n|-activate|p1a: Lucario|move: Protect\n|\n|-weather|none\n|-sideend|p1: Rworwo|move: Tailwind\n|upkeep\n|turn|6\n|inactive|Rworwo has 30 seconds left.\n|inactive|Rworwo has 20 seconds left.\n|j| driminary\n|\n|t:|1776449077\n|move|p1a: Lucario|Vacuum Wave|p2b: Kangaskhan\n|-supereffective|p2b: Kangaskhan|1\n|-damage|p2b: Kangaskhan|0 fnt\n|faint|p2b: Kangaskhan\n|-end|p2a: Sinistcha|confusion\n|move|p2a: Sinistcha|Matcha Gotcha|p1b: Pelipper|[spread] p1a\n|-miss|p2a: Sinistcha|p1b: Pelipper\n|-resisted|p1a: Lucario|1\n|-damage|p1a: Lucario|44/100\n|-heal|p2a: Sinistcha|39/100|[from] drain|[of] p1a: Lucario\n|move|p1b: Pelipper|Hurricane|p2a: Sinistcha\n|-supereffective|p2a: Sinistcha|1\n|-damage|p2a: Sinistcha|0 fnt\n|faint|p2a: Sinistcha\n|\n|upkeep\n|\n|t:|1776449085\n|switch|p2a: Primarina|Primarina, L50, M|100/100\n|switch|p2b: Garchomp|Garchomp, L50, F|100/100\n|turn|7\n|\n|t:|1776449102\n|move|p1b: Pelipper|Protect|p1b: Pelipper\n|-singleturn|p1b: Pelipper|Protect\n|move|p1a: Lucario|Protect|p1a: Lucario\n|-singleturn|p1a: Lucario|Protect\n|move|p2a: Primarina|Hyper Voice|p1b: Pelipper|[spread] \n|-activate|p1a: Lucario|move: Protect\n|-activate|p1b: Pelipper|move: Protect\n|move|p2b: Garchomp|Rock Slide|p1a: Lucario|[spread] \n|-activate|p1a: Lucario|move: Protect\n|-activate|p1b: Pelipper|move: Protect\n|\n|upkeep\n|turn|8\n|\n|t:|1776449115\n|move|p1b: Pelipper|Wide Guard|p1b: Pelipper\n|-singleturn|p1b: Pelipper|Wide Guard\n|move|p2a: Primarina|Calm Mind|p2a: Primarina\n|-boost|p2a: Primarina|spa|1\n|-boost|p2a: Primarina|spd|1\n|move|p1a: Lucario|Flash Cannon|p2a: Primarina\n|-damage|p2a: Primarina|67/100\n|move|p2b: Garchomp|Rock Slide|p1a: Lucario|[spread] \n|-activate|p1a: Lucario|move: Wide Guard\n|-activate|p1b: Pelipper|move: Wide Guard\n|\n|-heal|p2a: Primarina|73/100|[from] item: Leftovers\n|-fieldend|move: Trick Room\n|upkeep\n|turn|9\n|\n|t:|1776449134\n|move|p1b: Pelipper|Wide Guard|p1b: Pelipper\n|-singleturn|p1b: Pelipper|Wide Guard\n|move|p2b: Garchomp|Rock Slide|p1b: Pelipper|[spread] \n|-activate|p1a: Lucario|move: Wide Guard\n|-activate|p1b: Pelipper|move: Wide Guard\n|move|p1a: Lucario|Flash Cannon|p2a: Primarina\n|-damage|p2a: Primarina|40/100\n|move|p2a: Primarina|Moonblast|p1b: Pelipper\n|-damage|p1b: Pelipper|0 fnt\n|faint|p1b: Pelipper\n|\n|-heal|p2a: Primarina|46/100|[from] item: Leftovers\n|upkeep\n|inactive|Rworwo has 30 seconds left.\n|\n|t:|1776449160\n|switch|p1b: Clefable|Clefable, L50, F, shiny|100/100\n|turn|10\n|\n|t:|1776449170\n|move|p2b: Garchomp|Rock Slide|p1a: Lucario|[spread] p1a,p1b\n|-resisted|p1a: Lucario|2\n|-damage|p1a: Lucario|37/100\n|-damage|p1b: Clefable|84/100\n|move|p1a: Lucario|Flash Cannon|p2a: Primarina\n|-crit|p2a: Primarina\n|-damage|p2a: Primarina|0 fnt\n|faint|p2a: Primarina\n|move|p1b: Clefable|Moonblast|p2b: Garchomp\n|-supereffective|p2b: Garchomp|1\n|-damage|p2b: Garchomp|31/100\n|\n|-heal|p1b: Clefable|90/100|[from] item: Leftovers\n|upkeep\n|turn|11\n|c| ZodiacSheep|sorry Rworwo if you already saw but after the match can i get a Pokepaste\n|-message|muzinVGC forfeited.\n|\n|win|Rworwo\n|raw|Rworwo's rating: 1473 &rarr; <strong>1491</strong><br />(+18 for winning)\n|raw|muzinVGC's rating: 1442 &rarr; <strong>1424</strong><br />(-18 for losing)\n|l|\u2606muzinVGC\n|player|p2|\n",
  "uploadtime": 1776449218,
  "views": 49,
  "formatid": "gen9championsvgc2026regma",
  "rating": 1424,
  "private": 0,
  "password": null
}