{
  "id": "gen9championsvgc2026regma-2588752065",
  "format": "[Gen 9 Champions] VGC 2026 Reg M-A",
  "players": [
    "EXSA",
    "the_kadu"
  ],
  "log": "|j|\u2606EXSA\n|j|\u2606the_kadu\n|t:|1776666116\n|gametype|doubles\n|player|p1|EXSA|1|1236\n|player|p2|the_kadu|palmer|1134\n|gen|9\n|tier|[Gen 9 Champions] VGC 2026 Reg M-A\n|rated|\n|rule|Species Clause: Limit one of each Pok\u00e9mon\n|rule|Item Clause: Limit 1 of each item\n|clearpoke\n|poke|p1|Oranguru, L50, F|\n|poke|p1|Incineroar, L50, M|\n|poke|p1|Torkoal, L50, M|\n|poke|p1|Venusaur, L50, M|\n|poke|p1|Aerodactyl, L50, F|\n|poke|p1|Gallade, L50, M|\n|poke|p2|Sinistcha, L50|\n|poke|p2|Drampa, L50, M, shiny|\n|poke|p2|Pelipper, L50, M|\n|poke|p2|Farigiraf, L50, F|\n|poke|p2|Kingambit, L50, F|\n|poke|p2|Torkoal, L50, M, shiny|\n|teampreview|4\n|inactive|Battle timer is ON: inactive players will automatically lose when time's up. (requested by the_kadu)\n|\n|t:|1776666140\n|teamsize|p1|4\n|teamsize|p2|4\n|start\n|switch|p1a: Aerodactyl|Aerodactyl, L50, F|100/100\n|switch|p1b: Incineroar|Incineroar, L50, M|100/100\n|switch|p2a: Drampa|Drampa, L50, M, shiny|100/100\n|switch|p2b: Kingambit|Kingambit, L50, F|100/100\n|-ability|p1b: Incineroar|Intimidate|boost\n|-unboost|p2a: Drampa|atk|1\n|-unboost|p2b: Kingambit|atk|1\n|-ability|p2b: Kingambit|Defiant|boost\n|-boost|p2b: Kingambit|atk|2\n|turn|1\n|\n|t:|1776666165\n|detailschange|p2a: Drampa|Drampa-Mega, L50, M, shiny\n|-mega|p2a: Drampa|Drampa|Drampanite\n|move|p1b: Incineroar|Fake Out|p2b: Kingambit\n|-resisted|p2b: Kingambit|1\n|-damage|p2b: Kingambit|95/100\n|move|p1a: Aerodactyl|Rock Slide|p2a: Drampa|[spread] p2a,p2b\n|-resisted|p2b: Kingambit|1\n|-damage|p2a: Drampa|79/100\n|-damage|p2b: Kingambit|86/100\n|cant|p2b: Kingambit|flinch\n|move|p2a: Drampa|Dragon Pulse|p1a: Aerodactyl\n|-damage|p1a: Aerodactyl|18/100\n|\n|upkeep\n|turn|2\n|\n|t:|1776666186\n|move|p1a: Aerodactyl|Rock Slide|p2a: Drampa|[spread] p2a,p2b\n|-resisted|p2b: Kingambit|1\n|-crit|p2b: Kingambit\n|-damage|p2a: Drampa|56/100\n|-damage|p2b: Kingambit|73/100\n|move|p1b: Incineroar|Flare Blitz|p2b: Kingambit\n|-supereffective|p2b: Kingambit|1\n|-damage|p2b: Kingambit|0 fnt\n|faint|p2b: Kingambit\n|-damage|p1b: Incineroar|74/100|[from] Recoil\n|move|p2a: Drampa|Hyper Voice|p1a: Aerodactyl|[spread] p1a,p1b\n|-resisted|p1a: Aerodactyl|1\n|-damage|p1a: Aerodactyl|0 fnt\n|-damage|p1b: Incineroar|35/100\n|-enditem|p1b: Incineroar|Sitrus Berry|[eat]\n|-heal|p1b: Incineroar|60/100|[from] item: Sitrus Berry\n|faint|p1a: Aerodactyl\n|\n|upkeep\n|\n|t:|1776666205\n|switch|p1a: Gallade|Gallade, L50, M|100/100\n|switch|p2b: Sinistcha|Sinistcha, L50|100/100\n|-heal|p2a: Drampa|81/100|[from] ability: Hospitality|[of] p2b: Sinistcha\n|turn|3\n|\n|t:|1776666221\n|move|p2b: Sinistcha|Rage Powder|p2b: Sinistcha\n|-singleturn|p2b: Sinistcha|move: Rage Powder\n|move|p1a: Gallade|Psycho Cut|p2b: Sinistcha\n|-damage|p2b: Sinistcha|51/100\n|move|p1b: Incineroar|Flare Blitz|p2b: Sinistcha\n|-supereffective|p2b: Sinistcha|1\n|-damage|p2b: Sinistcha|0 fnt\n|faint|p2b: Sinistcha\n|-damage|p1b: Incineroar|47/100|[from] Recoil\n|move|p2a: Drampa|Hyper Voice|p1b: Incineroar|[spread] p1a,p1b\n|-damage|p1a: Gallade|60/100\n|-damage|p1b: Incineroar|7/100\n|\n|upkeep\n|\n|t:|1776666235\n|switch|p2b: Pelipper|Pelipper, L50, M|100/100\n|-weather|RainDance|[from] ability: Drizzle|[of] p2b: Pelipper\n|turn|4\n|\n|t:|1776666245\n|switch|p1a: Torkoal|Torkoal, L50, M|100/100\n|-weather|SunnyDay|[from] ability: Drought|[of] p1a: Torkoal\n|move|p2a: Drampa|Protect|p2a: Drampa\n|-singleturn|p2a: Drampa|Protect\n|move|p2b: Pelipper|Muddy Water|p1a: Torkoal|[spread] p1a,p1b\n|-supereffective|p1a: Torkoal|1\n|-supereffective|p1b: Incineroar|1\n|-damage|p1a: Torkoal|48/100\n|-damage|p1b: Incineroar|0 fnt\n|faint|p1b: Incineroar\n|\n|-weather|SunnyDay|[upkeep]\n|upkeep\n|\n|t:|1776666251\n|switch|p1b: Gallade|Gallade, L50, M|60/100\n|turn|5\n|\n|t:|1776666266\n|move|p1b: Gallade|Sacred Sword|p2a: Drampa\n|-supereffective|p2a: Drampa|1\n|-damage|p2a: Drampa|0 fnt\n|faint|p2a: Drampa\n|move|p2b: Pelipper|Muddy Water|p1b: Gallade|[spread] p1a,p1b\n|-supereffective|p1a: Torkoal|1\n|-damage|p1a: Torkoal|0 fnt\n|-damage|p1b: Gallade|45/100\n|faint|p1a: Torkoal\n|\n|-weather|SunnyDay|[upkeep]\n|upkeep\n|turn|6\n|\n|t:|1776666277\n|move|p1b: Gallade|Psycho Cut|p2b: Pelipper\n|-damage|p2b: Pelipper|41/100\n|move|p2b: Pelipper|Muddy Water|p1b: Gallade\n|-damage|p1b: Gallade|21/100\n|-unboost|p1b: Gallade|accuracy|1\n|\n|-weather|SunnyDay|[upkeep]\n|upkeep\n|turn|7\n|\n|t:|1776666286\n|move|p1b: Gallade|Psycho Cut|p2b: Pelipper\n|-damage|p2b: Pelipper|0 fnt\n|faint|p2b: Pelipper\n|\n|win|EXSA\n|raw|EXSA's rating: 1236 &rarr; <strong>1254</strong><br />(+18 for winning)\n|raw|the_kadu's rating: 1134 &rarr; <strong>1116</strong><br />(-18 for losing)\n",
  "uploadtime": 1776666288,
  "views": 9,
  "formatid": "gen9championsvgc2026regma",
  "rating": 1116,
  "private": 0,
  "password": null
}