{
  "id": "gen9championsvgc2026regma-2581403215",
  "format": "[Gen 9 Champions] VGC 2026 Reg M-A",
  "players": [
    "AAAlba97!",
    "Jah_08"
  ],
  "log": "|j|\u2606AAAlba97!\n|j|\u2606Jah_08\n|t:|1775996773\n|gametype|doubles\n|player|p1|AAAlba97!|169|1031\n|player|p2|Jah_08|2|1105\n|gen|9\n|tier|[Gen 9 Champions] VGC 2026 Reg M-A\n|rated|\n|rule|Species Clause: Limit one of each Pok\u00e9mon\n|rule|Item Clause: Limit 1 of each item\n|clearpoke\n|poke|p1|Milotic, L50, F|\n|poke|p1|Sylveon, L50, M|\n|poke|p1|Sinistcha, L50|\n|poke|p1|Sneasler, L50, F|\n|poke|p1|Garchomp, L50, M|\n|poke|p1|Froslass, L50, F|\n|poke|p2|Basculegion, L50, M|\n|poke|p2|Zoroark-Hisui, L50, M|\n|poke|p2|Conkeldurr, L50, M|\n|poke|p2|Whimsicott, L50, F|\n|poke|p2|Chandelure, L50, F|\n|poke|p2|Vanilluxe, L50, M|\n|teampreview|4\n|\n|t:|1775996818\n|teamsize|p1|4\n|teamsize|p2|4\n|start\n|switch|p1a: Sneasler|Sneasler, L50, F|100/100\n|switch|p1b: Sylveon|Sylveon, L50, M|100/100\n|switch|p2a: Basculegion|Basculegion, L50, M|100/100\n|switch|p2b: Chandelure|Chandelure, L50, F|100/100\n|turn|1\n|inactive|Battle timer is ON: inactive players will automatically lose when time's up. (requested by Jah_08)\n|\n|t:|1775996858\n|move|p2a: Basculegion|Flip Turn|p1b: Sylveon\n|-damage|p1b: Sylveon|49/100\n|\n|t:|1775996864\n|switch|p2a: Vanilluxe|Vanilluxe, L50, M|100/100|[from] Flip Turn\n|move|p1a: Sneasler|U-turn|p2a: Vanilluxe\n|-damage|p2a: Vanilluxe|74/100\n|\n|t:|1775996871\n|switch|p1a: Milotic|Milotic, L50, F|100/100|[from] U-turn\n|move|p2b: Chandelure|Will-O-Wisp|p1a: Milotic\n|-status|p1a: Milotic|brn\n|move|p1b: Sylveon|Hyper Voice|p2a: Vanilluxe|[spread] p2a,p2b\n|-crit|p2b: Chandelure\n|-damage|p2a: Vanilluxe|25/100\n|-enditem|p2b: Chandelure|Focus Sash\n|-damage|p2b: Chandelure|1/100\n|replace|p2b: Zoroark|Zoroark-Hisui, L50, M\n|-end|p2b: Zoroark|Illusion\n|\n|-damage|p1a: Milotic|95/100 brn|[from] brn\n|upkeep\n|turn|2\n|\n|t:|1775996893\n|move|p2b: Zoroark|Sludge Bomb|p1b: Sylveon\n|-supereffective|p1b: Sylveon|1\n|-damage|p1b: Sylveon|3/100\n|-status|p1b: Sylveon|psn\n|move|p1a: Milotic|Coil|p1a: Milotic\n|-boost|p1a: Milotic|atk|1\n|-boost|p1a: Milotic|def|1\n|-boost|p1a: Milotic|accuracy|1\n|move|p2a: Vanilluxe|Freeze-Dry|p1a: Milotic\n|-supereffective|p1a: Milotic|1\n|-damage|p1a: Milotic|37/100 brn\n|move|p1b: Sylveon|Hyper Voice|p2a: Vanilluxe|[spread] p2a,p2b\n|-damage|p2a: Vanilluxe|0 fnt\n|-damage|p2b: Zoroark|0 fnt\n|faint|p2a: Vanilluxe\n|faint|p2b: Zoroark\n|\n|-heal|p1a: Milotic|43/100 brn|[from] item: Leftovers\n|-damage|p1b: Sylveon|0 fnt|[from] psn\n|faint|p1b: Sylveon\n|-damage|p1a: Milotic|37/100 brn|[from] brn\n|upkeep\n|inactive|Jah_08 has 30 seconds left.\n|\n|t:|1775996921\n|switch|p2b: Chandelure|Chandelure, L50, F|100/100\n|switch|p2a: Basculegion|Basculegion, L50, M|100/100\n|switch|p1b: Froslass|Froslass, L50, F|100/100\n|turn|3\n|\n|t:|1775996937\n|detailschange|p1b: Froslass|Froslass-Mega, L50, F\n|-mega|p1b: Froslass|Froslass|Froslassite\n|-weather|Snowscape|[from] ability: Snow Warning|[of] p1b: Froslass\n|detailschange|p2b: Chandelure|Chandelure-Mega, L50, F\n|-mega|p2b: Chandelure|Chandelure|Chandelurite\n|move|p1b: Froslass|Protect|p1b: Froslass\n|-singleturn|p1b: Froslass|Protect\n|move|p2a: Basculegion|Last Respects|p1b: Froslass\n|-activate|p1b: Froslass|move: Protect\n|move|p2b: Chandelure|Energy Ball|p1a: Milotic\n|-supereffective|p1a: Milotic|1\n|-damage|p1a: Milotic|0 fnt\n|faint|p1a: Milotic\n|\n|-weather|Snowscape|[upkeep]\n|upkeep\n|\n|t:|1775996950\n|switch|p1a: Sneasler|Sneasler, L50, F|100/100\n|turn|4\n|inactive|Jah_08 has 30 seconds left.\n|\n|t:|1775996976\n|move|p2a: Basculegion|Last Respects|p1b: Froslass\n|-supereffective|p1b: Froslass|1\n|-damage|p1b: Froslass|0 fnt\n|faint|p1b: Froslass\n|move|p1a: Sneasler|Dire Claw|p2a: Basculegion\n|-resisted|p2a: Basculegion|1\n|-damage|p2a: Basculegion|73/100\n|move|p2b: Chandelure|Overheat|p1a: Sneasler\n|-enditem|p1a: Sneasler|Focus Sash\n|-damage|p1a: Sneasler|1/100\n|-unboost|p2b: Chandelure|spa|2\n|\n|-weather|Snowscape|[upkeep]\n|upkeep\n|turn|5\n|-message|AAAlba97! forfeited.\n|\n|win|Jah_08\n|raw|AAAlba97!'s rating: 1031 &rarr; <strong>1019</strong><br />(-12 for losing)\n|raw|Jah_08's rating: 1105 &rarr; <strong>1125</strong><br />(+20 for winning)\n|l|\u2606AAAlba97!\n|player|p1|\n",
  "uploadtime": 1775996994,
  "views": 17,
  "formatid": "gen9championsvgc2026regma",
  "rating": 1019,
  "private": 0,
  "password": null
}