{
  "id": "gen9championsvgc2026regma-2587874500",
  "format": "[Gen 9 Champions] VGC 2026 Reg M-A",
  "players": [
    "TheGamingMammoth",
    "tyler12321"
  ],
  "log": "|j|\u2606TheGamingMammoth\n|j|\u2606tyler12321\n|t:|1776573270\n|gametype|doubles\n|player|p1|TheGamingMammoth|1|1043\n|player|p2|tyler12321|265|1096\n|gen|9\n|tier|[Gen 9 Champions] VGC 2026 Reg M-A\n|rated|\n|rule|Species Clause: Limit one of each Pok\u00e9mon\n|rule|Item Clause: Limit 1 of each item\n|clearpoke\n|poke|p1|Politoed, L50, F|\n|poke|p1|Abomasnow, L50, F|\n|poke|p1|Basculegion, L50, M|\n|poke|p1|Archaludon, L50, M|\n|poke|p1|Aerodactyl, L50, F|\n|poke|p1|Venusaur, L50, M|\n|poke|p2|Scovillain, L50, M|\n|poke|p2|Kingambit, L50, M|\n|poke|p2|Sneasler, L50, F|\n|poke|p2|Ninetales-Alola, L50, F|\n|poke|p2|Basculegion, L50, M|\n|poke|p2|Aerodactyl, L50, M|\n|teampreview|4\n|\n|t:|1776573310\n|teamsize|p1|4\n|teamsize|p2|4\n|start\n|switch|p1a: Venusaur|Venusaur, L50, M|100/100\n|switch|p1b: Aerodactyl|Aerodactyl, L50, F|100/100\n|switch|p2a: Scovillain|Scovillain, L50, M|100/100\n|switch|p2b: Sneasler|Sneasler, L50, F|100/100\n|-ability|p1b: Aerodactyl|Unnerve\n|turn|1\n|\n|t:|1776573332\n|switch|p1b: Politoed|Politoed, L50, F|100/100\n|-weather|RainDance|[from] ability: Drizzle|[of] p1b: Politoed\n|detailschange|p1a: Venusaur|Venusaur-Mega, L50, M\n|-mega|p1a: Venusaur|Venusaur|Venusaurite\n|detailschange|p2a: Scovillain|Scovillain-Mega, L50, M\n|-mega|p2a: Scovillain|Scovillain|Scovillainite\n|move|p2b: Sneasler|Fake Out|p1b: Politoed\n|-damage|p1b: Politoed|80/100\n|move|p1a: Venusaur|Sleep Powder|p2b: Sneasler\n|-status|p2b: Sneasler|slp|[from] move: Sleep Powder\n|move|p2a: Scovillain|Flamethrower|p1a: Venusaur\n|-supereffective|p1a: Venusaur|1\n|-damage|p1a: Venusaur|86/100\n|-status|p1a: Venusaur|brn\n|\n|-weather|RainDance|[upkeep]\n|-damage|p1a: Venusaur|80/100 brn|[from] brn\n|upkeep\n|turn|2\n|\n|t:|1776573364\n|move|p2a: Scovillain|Rage Powder|p2a: Scovillain\n|-singleturn|p2a: Scovillain|move: Rage Powder\n|move|p1b: Politoed|Muddy Water|p2b: Sneasler|[spread] p2a,p2b\n|-damage|p2a: Scovillain|55/100\n|-damage|p2b: Sneasler|45/100 slp\n|-unboost|p2b: Sneasler|accuracy|1\n|-status|p1b: Politoed|brn|[from] ability: Spicy Spray|[of] p2a: Scovillain\n|-enditem|p2b: Sneasler|White Herb\n|-clearnegativeboost|p2b: Sneasler|[silent]\n|cant|p2b: Sneasler|slp\n|move|p1a: Venusaur|Sludge Bomb|p2a: Scovillain\n|-supereffective|p2a: Scovillain|1\n|-damage|p2a: Scovillain|0 fnt\n|faint|p2a: Scovillain\n|\n|-weather|RainDance|[upkeep]\n|-damage|p1b: Politoed|74/100 brn|[from] brn\n|-damage|p1a: Venusaur|74/100 brn|[from] brn\n|upkeep\n|\n|t:|1776573379\n|switch|p2a: Ninetales|Ninetales-Alola, L50, F|100/100\n|-weather|Snowscape|[from] ability: Snow Warning|[of] p2a: Ninetales\n|turn|3\n|\n|t:|1776573394\n|switch|p1b: Abomasnow|Abomasnow, L50, F|100/100\n|cant|p2b: Sneasler|slp\n|move|p2a: Ninetales|Blizzard|p1a: Venusaur|[spread] p1a,p1b\n|-supereffective|p1a: Venusaur|1\n|-damage|p1a: Venusaur|49/100 brn\n|-damage|p1b: Abomasnow|71/100\n|move|p1a: Venusaur|Sleep Powder|p2a: Ninetales\n|-status|p2a: Ninetales|slp|[from] move: Sleep Powder\n|\n|-weather|Snowscape|[upkeep]\n|-damage|p1a: Venusaur|43/100 brn|[from] brn\n|upkeep\n|turn|4\n|\n|t:|1776573417\n|-curestatus|p2b: Sneasler|slp|[msg]\n|move|p2b: Sneasler|Close Combat|p1b: Abomasnow\n|-supereffective|p1b: Abomasnow|1\n|-damage|p1b: Abomasnow|0 fnt\n|-unboost|p2b: Sneasler|def|1\n|-unboost|p2b: Sneasler|spd|1\n|faint|p1b: Abomasnow\n|cant|p2a: Ninetales|slp\n|move|p1a: Venusaur|Sludge Bomb|p2b: Sneasler\n|-resisted|p2b: Sneasler|1\n|-damage|p2b: Sneasler|0 fnt\n|faint|p2b: Sneasler\n|\n|-weather|Snowscape|[upkeep]\n|-damage|p1a: Venusaur|36/100 brn|[from] brn\n|upkeep\n|\n|t:|1776573433\n|switch|p2b: Kingambit|Kingambit, L50, M|100/100\n|switch|p1b: Politoed|Politoed, L50, F|74/100 brn\n|-weather|RainDance|[from] ability: Drizzle|[of] p1b: Politoed\n|turn|5\n|\n|t:|1776573457\n|move|p2b: Kingambit|Protect|p2b: Kingambit\n|-singleturn|p2b: Kingambit|Protect\n|move|p1b: Politoed|Muddy Water|p2a: Ninetales|[spread] p2a\n|-activate|p2b: Kingambit|move: Protect\n|-damage|p2a: Ninetales|48/100 slp\n|cant|p2a: Ninetales|slp\n|move|p1a: Venusaur|Sleep Powder|p2b: Kingambit\n|-activate|p2b: Kingambit|move: Protect\n|\n|-weather|RainDance|[upkeep]\n|-damage|p1b: Politoed|68/100 brn|[from] brn\n|-damage|p1a: Venusaur|30/100 brn|[from] brn\n|upkeep\n|turn|6\n|\n|t:|1776573473\n|move|p2b: Kingambit|Sucker Punch||[still]\n|-fail|p2b: Kingambit\n|move|p1b: Politoed|Muddy Water|p2b: Kingambit|[spread] p2a,p2b\n|-damage|p2a: Ninetales|0 fnt\n|-damage|p2b: Kingambit|58/100\n|faint|p2a: Ninetales\n|move|p1a: Venusaur|Sleep Powder|p2b: Kingambit\n|-status|p2b: Kingambit|slp|[from] move: Sleep Powder\n|\n|-weather|RainDance|[upkeep]\n|-damage|p1b: Politoed|62/100 brn|[from] brn\n|-damage|p1a: Venusaur|24/100 brn|[from] brn\n|upkeep\n|turn|7\n|-message|tyler12321 forfeited.\n|\n|win|TheGamingMammoth\n|raw|TheGamingMammoth's rating: 1043 &rarr; <strong>1082</strong><br />(+39 for winning)\n|raw|tyler12321's rating: 1096 &rarr; <strong>1068</strong><br />(-28 for losing)\n",
  "uploadtime": 1776573481,
  "views": 9,
  "formatid": "gen9championsvgc2026regma",
  "rating": 1068,
  "private": 0,
  "password": null
}