{
  "id": "gen9championsvgc2026regma-2581312756",
  "format": "[Gen 9 Champions] VGC 2026 Reg M-A",
  "players": [
    "PPYYY",
    "JackTG"
  ],
  "log": "|j|\u2606PPYYY\n|j|\u2606JackTG\n|t:|1775985164\n|gametype|doubles\n|player|p1|PPYYY|miku-water|\n|player|p2|JackTG|palmer|\n|gen|9\n|tier|[Gen 9 Champions] VGC 2026 Reg M-A\n|rated|Tournament battle\n|rule|Species Clause: Limit one of each Pok\u00e9mon\n|rule|Item Clause: Limit 1 of each item\n|clearpoke\n|poke|p1|Floette-Eternal, L50, F|\n|poke|p1|Hydreigon, L50, M|\n|poke|p1|Corviknight, L50, F|\n|poke|p1|Typhlosion-Hisui, L50, M|\n|poke|p1|Milotic, L50, M|\n|poke|p1|Rotom-Heat, L50|\n|poke|p2|Tyranitar, L50, M|\n|poke|p2|Garchomp, L50, M|\n|poke|p2|Slowbro, L50, M|\n|poke|p2|Venusaur, L50, M|\n|poke|p2|Incineroar, L50, M|\n|poke|p2|Corviknight, L50, F|\n|teampreview|4\n|c|\u2606JackTG|glhf\nJackTG has agreed to open team sheets.\nPPYYY rejected open team sheets.\n|c|\u2606PPYYY|u2\n|inactive|Battle timer is ON: inactive players will automatically lose when time's up. (requested by JackTG)\n|\n|t:|1775985210\n|teamsize|p1|4\n|teamsize|p2|4\n|start\n|switch|p1a: llal|Corviknight, L50, F|100/100\n|switch|p1b: Rotom|Rotom-Heat, L50|100/100\n|switch|p2a: Glenn|Venusaur, L50, M|100/100\n|switch|p2b: Quick Silver|Corviknight, L50, F, shiny|100/100\n|turn|1\n|c|\u2606JackTG|I'm VERY new to VGC\n|c|\u2606PPYYY|don't worry\n|inactive|PPYYY has 30 seconds left.\n|\n|t:|1775985236\n|switch|p2b: ChainChomp|Garchomp, L50, M|100/100\n|detailschange|p2a: Glenn|Venusaur-Mega, L50, M\n|-mega|p2a: Glenn|Venusaur|Venusaurite\n|move|p2a: Glenn|Leaf Storm|p1b: Rotom\n|-resisted|p1b: Rotom|1\n|-damage|p1b: Rotom|68/100\n|-unboost|p2a: Glenn|spa|2\n|move|p1b: Rotom|Overheat|p2a: Glenn\n|-supereffective|p2a: Glenn|1\n|-damage|p2a: Glenn|51/100\n|-unboost|p1b: Rotom|spa|2\n|move|p1a: llal|Iron Defense|p1a: llal\n|-boost|p1a: llal|def|2\n|\n|upkeep\n|turn|2\n|inactive|JackTG has 30 seconds left.\n|\n|t:|1775985262\n|switch|p2a: Fastbro|Slowbro, L50, M|100/100\n|move|p2b: ChainChomp|Rock Slide|p1a: llal|[spread] p1a,p1b\n|-supereffective|p1b: Rotom|1\n|-damage|p1a: llal|93/100\n|-damage|p1b: Rotom|27/100\n|-enditem|p1b: Rotom|Sitrus Berry|[eat]\n|-heal|p1b: Rotom|52/100|[from] item: Sitrus Berry\n|move|p1b: Rotom|Will-O-Wisp|p2b: ChainChomp\n|-status|p2b: ChainChomp|brn\n|move|p1a: llal|Iron Defense|p1a: llal\n|-boost|p1a: llal|def|2\n|\n|-damage|p2b: ChainChomp|95/100 brn|[from] brn\n|upkeep\n|turn|3\n|c|\u2606JackTG|im worried lol\n|inactive|JackTG has 30 seconds left.\n|\n|t:|1775985288\n|switch|p1b: lal|Hydreigon, L50, M|100/100\n|move|p2b: ChainChomp|Rock Slide|p1a: llal|[spread] p1b\n|-miss|p2b: ChainChomp|p1a: llal\n|-damage|p1b: lal|87/100\n|move|p1a: llal|Body Press|p2b: ChainChomp\n|-damage|p2b: ChainChomp|28/100 brn\n|move|p2a: Fastbro|Scald|p1a: llal\n|-damage|p1a: llal|63/100\n|-status|p1a: llal|brn\n|\n|-damage|p2b: ChainChomp|22/100 brn|[from] brn\n|-damage|p1a: llal|57/100 brn|[from] brn\n|upkeep\n|turn|4\n|j| kyon233\n|\n|t:|1775985310\n|switch|p2b: Quick Silver|Corviknight, L50, F, shiny|100/100\n|move|p1b: lal|Protect|p1b: lal\n|-singleturn|p1b: lal|Protect\n|move|p2a: Fastbro|Protect|p2a: Fastbro\n|-singleturn|p2a: Fastbro|Protect\n|move|p1a: llal|Roost|p1a: llal\n|-heal|p1a: llal|100/100 brn\n|-singleturn|p1a: llal|move: Roost\n|\n|-damage|p1a: llal|95/100 brn|[from] brn\n|upkeep\n|turn|5\n|\n|t:|1775985327\n|switch|p1b: Rotom|Rotom-Heat, L50|52/100\n|switch|p2a: Glenn|Venusaur-Mega, L50, M|51/100\n|move|p2b: Quick Silver|Taunt|p1a: llal\n|-start|p1a: llal|move: Taunt\n|-enditem|p1a: llal|Mental Herb\n|-end|p1a: llal|move: Taunt\n|move|p1a: llal|Iron Defense|p1a: llal\n|-boost|p1a: llal|def|2\n|\n|-damage|p1a: llal|89/100 brn|[from] brn\n|upkeep\n|turn|6\n|c|\u2606JackTG|oh wow. nice\n|inactive|JackTG has 30 seconds left.\n|\n|t:|1775985362\n|move|p2a: Glenn|Sleep Powder|p1b: Rotom\n|-status|p1b: Rotom|slp|[from] move: Sleep Powder\n|move|p2b: Quick Silver|Tailwind|p2b: Quick Silver\n|-sidestart|p2: JackTG|move: Tailwind\n|cant|p1b: Rotom|slp\n|move|p1a: llal|Body Press|p2b: Quick Silver\n|-damage|p2b: Quick Silver|65/100\n|\n|-heal|p2b: Quick Silver|71/100|[from] item: Leftovers\n|-damage|p1a: llal|83/100 brn|[from] brn\n|upkeep\n|turn|7\n|\n|t:|1775985380\n|-curestatus|p1b: Rotom|slp|[msg]\n|move|p1b: Rotom|Protect|p1b: Rotom\n|-singleturn|p1b: Rotom|Protect\n|move|p2a: Glenn|Leaf Storm|p1b: Rotom\n|-activate|p1b: Rotom|move: Protect\n|move|p2b: Quick Silver|Taunt|p1a: llal\n|-start|p1a: llal|move: Taunt\n|move|p1a: llal|Body Press|p2b: Quick Silver\n|-damage|p2b: Quick Silver|34/100\n|\n|-heal|p2b: Quick Silver|40/100|[from] item: Leftovers\n|-damage|p1a: llal|77/100 brn|[from] brn\n|upkeep\n|turn|8\n|\n|t:|1775985403\n|switch|p2a: ChainChomp|Garchomp, L50, M|22/100 brn\n|move|p2b: Quick Silver|U-turn|p1a: llal\n|-resisted|p1a: llal|2\n|-damage|p1a: llal|77/100 brn\n|\n|t:|1775985408\n|switch|p2b: Glenn|Venusaur-Mega, L50, M|51/100|[from] U-turn\n|move|p1b: Rotom|Overheat|p2a: ChainChomp\n|-resisted|p2a: ChainChomp|1\n|-damage|p2a: ChainChomp|0 fnt\n|-unboost|p1b: Rotom|spa|2\n|faint|p2a: ChainChomp\n|move|p1a: llal|Body Press|p2b: Glenn\n|-resisted|p2b: Glenn|1\n|-damage|p2b: Glenn|31/100\n|\n|-damage|p1a: llal|71/100 brn|[from] brn\n|upkeep\n|j| VC824\n|\n|t:|1775985422\n|switch|p2a: Fastbro|Slowbro, L50, M|100/100\n|turn|9\n|\n|t:|1775985438\n|switch|p2b: Quick Silver|Corviknight, L50, F, shiny|40/100\n|switch|p1b: lal|Hydreigon, L50, M|87/100\n|move|p2a: Fastbro|Scald|p1b: lal\n|-resisted|p1b: lal|1\n|-damage|p1b: lal|65/100\n|-status|p1b: lal|brn\n|move|p1a: llal|Brave Bird|p2b: Quick Silver\n|-resisted|p2b: Quick Silver|1\n|-damage|p2b: Quick Silver|32/100\n|-damage|p1a: llal|68/100 brn|[from] Recoil\n|\n|-heal|p2b: Quick Silver|38/100|[from] item: Leftovers\n|-damage|p1b: lal|59/100 brn|[from] brn\n|-damage|p1a: llal|62/100 brn|[from] brn\n|-end|p1a: llal|move: Taunt\n|-sideend|p2: JackTG|move: Tailwind\n|upkeep\n|turn|10\n|\n|t:|1775985461\n|switch|p2a: Glenn|Venusaur-Mega, L50, M|31/100\n|move|p1b: lal|Snarl|p2a: Glenn|[spread] p2a,p2b\n|-damage|p2a: Glenn|9/100\n|-damage|p2b: Quick Silver|17/100\n|-unboost|p2a: Glenn|spa|1\n|-ability|p2b: Quick Silver|Mirror Armor\n|-unboost|p1b: lal|spa|1\n|move|p2b: Quick Silver|Taunt|p1a: llal\n|-start|p1a: llal|move: Taunt\n|move|p1a: llal|Body Press|p2b: Quick Silver\n|-damage|p2b: Quick Silver|0 fnt\n|faint|p2b: Quick Silver\n|\n|-damage|p1b: lal|53/100 brn|[from] brn\n|-damage|p1a: llal|57/100 brn|[from] brn\n|upkeep\n|j| MegaGardevoirVgc\n|c|\u2606JackTG|gg\n|\n|t:|1775985477\n|switch|p2b: Fastbro|Slowbro, L50, M|100/100\n|turn|11\n|c|\u2606PPYYY|gg\n|c|\u2606PPYYY|u played well\n|\n|t:|1775985490\n|move|p1b: lal|Snarl|p2a: Glenn|[spread] p2a,p2b\n|-supereffective|p2b: Fastbro|1\n|-crit|p2b: Fastbro\n|-damage|p2a: Glenn|0 fnt\n|-damage|p2b: Fastbro|34/100\n|-unboost|p2b: Fastbro|spa|1\n|faint|p2a: Glenn\n|move|p1a: llal|Body Press|p2b: Fastbro\n|-resisted|p2b: Fastbro|1\n|-damage|p2b: Fastbro|16/100\n|move|p2b: Fastbro|Scald|p1a: llal\n|-damage|p1a: llal|35/100 brn\n|\n|-damage|p1b: lal|47/100 brn|[from] brn\n|-damage|p1a: llal|29/100 brn|[from] brn\n|upkeep\n|turn|12\n|l| VC824\n|\n|t:|1775985504\n|move|p2b: Fastbro|Protect|p2b: Fastbro\n|-singleturn|p2b: Fastbro|Protect\n|move|p1b: lal|Snarl|p2b: Fastbro\n|-activate|p2b: Fastbro|move: Protect\n|move|p1a: llal|Body Press|p2b: Fastbro\n|-activate|p2b: Fastbro|move: Protect\n|\n|-damage|p1b: lal|41/100 brn|[from] brn\n|-damage|p1a: llal|23/100 brn|[from] brn\n|-end|p1a: llal|move: Taunt\n|upkeep\n|turn|13\n|\n|t:|1775985516\n|move|p1b: lal|Snarl|p2b: Fastbro\n|-supereffective|p2b: Fastbro|1\n|-crit|p2b: Fastbro\n|-damage|p2b: Fastbro|0 fnt\n|faint|p2b: Fastbro\n|\n|win|PPYYY\n|n|\u2606PPYYY|ppyyy\n|n|\u2606JackTG|jacktg\n|n| kyon233|kyon233\n|n| MegaGardevoirVgc|megagardevoirvgc\n",
  "uploadtime": 1775985520,
  "views": 13,
  "formatid": "gen9championsvgc2026regma",
  "rating": null,
  "private": 0,
  "password": null
}