{
  "id": "gen9championsvgc2026regma-2581315442",
  "format": "[Gen 9 Champions] VGC 2026 Reg M-A",
  "players": [
    "PPYYY",
    "sudzoof"
  ],
  "log": "|j|\u2606PPYYY\n|j|\u2606sudzoof\n|t:|1775985526\n|gametype|doubles\n|player|p1|PPYYY|miku-water|\n|player|p2|sudzoof|265|\n|gen|9\n|tier|[Gen 9 Champions] VGC 2026 Reg M-A\n|rated|Tournament battle\n|rule|Species Clause: Limit one of each Pok\u00e9mon\n|rule|Item Clause: Limit 1 of each item\n|clearpoke\n|poke|p1|Floette-Eternal, L50, F|\n|poke|p1|Hydreigon, L50, M|\n|poke|p1|Corviknight, L50, M|\n|poke|p1|Typhlosion-Hisui, L50, F|\n|poke|p1|Milotic, L50, F|\n|poke|p1|Rotom-Heat, L50|\n|poke|p2|Glimmora, L50, F|\n|poke|p2|Whimsicott, L50, M|\n|poke|p2|Incineroar, L50, M|\n|poke|p2|Hippowdon, L50, M|\n|poke|p2|Primarina, L50, M|\n|poke|p2|Scizor, L50, F|\n|teampreview|4\n|j| MegaGardevoirVgc\n|j| JackTG\n|j| VC824\n|\n|t:|1775985587\n|teamsize|p1|4\n|teamsize|p2|4\n|start\n|switch|p1a: lal|Hydreigon, L50, M|100/100\n|switch|p1b: lll|Typhlosion-Hisui, L50, F|100/100\n|switch|p2a: Glimmora|Glimmora, L50, F|100/100\n|switch|p2b: Primarina|Primarina, L50, M|100/100\n|-item|p2a: Glimmora|Glimmoranite|[from] ability: Frisk|[of] p1b: lll\n|-item|p2b: Primarina|Mystic Water|[from] ability: Frisk|[of] p1b: lll\n|turn|1\n|j| divra7\n|l| divra7\n|\n|t:|1775985622\n|detailschange|p2a: Glimmora|Glimmora-Mega, L50, F\n|-mega|p2a: Glimmora|Glimmora|Glimmoranite\n|move|p1b: lll|Shadow Ball|p2a: Glimmora\n|-damage|p2a: Glimmora|58/100\n|move|p2a: Glimmora|Power Gem|p1b: lll\n|-supereffective|p1b: lll|1\n|-damage|p1b: lll|0 fnt\n|faint|p1b: lll\n|move|p1a: lal|Snarl|p2b: Primarina|[spread] p2a,p2b\n|-resisted|p2b: Primarina|1\n|-damage|p2a: Glimmora|36/100\n|-damage|p2b: Primarina|92/100\n|-unboost|p2a: Glimmora|spa|1\n|-unboost|p2b: Primarina|spa|1\n|move|p2b: Primarina|Calm Mind|p2b: Primarina\n|-boost|p2b: Primarina|spa|1\n|-boost|p2b: Primarina|spd|1\n|\n|upkeep\n|\n|t:|1775985654\n|switch|p1b: Floette|Floette-Eternal, L50, F|100/100\n|turn|2\n|\n|t:|1775985680\n|detailschange|p1b: Floette|Floette-Mega, L50, F\n|-mega|p1b: Floette|Floette|Floettite\n|-ability|p1b: Floette|Fairy Aura\n|move|p2a: Glimmora|Sludge Bomb|p1b: Floette\n|-supereffective|p1b: Floette|1\n|-damage|p1b: Floette|43/100\n|move|p1a: lal|Snarl|p2b: Primarina|[spread] p2a,p2b\n|-resisted|p2b: Primarina|1\n|-damage|p2a: Glimmora|16/100\n|-damage|p2b: Primarina|88/100\n|-unboost|p2a: Glimmora|spa|1\n|-unboost|p2b: Primarina|spa|1\n|move|p1b: Floette|Dazzling Gleam|p2a: Glimmora|[spread] p2a,p2b\n|-resisted|p2a: Glimmora|1\n|-crit|p2a: Glimmora\n|-damage|p2a: Glimmora|0 fnt\n|-damage|p2b: Primarina|62/100\n|faint|p2a: Glimmora\n|move|p2b: Primarina|Moonblast|p1a: lal\n|-supereffective|p1a: lal|2\n|-enditem|p1a: lal|Focus Sash\n|-damage|p1a: lal|1/100\n|\n|upkeep\n|\n|t:|1775985710\n|switch|p2a: Whimsicott|Whimsicott, L50, M|100/100\n|turn|3\n|\n|t:|1775985740\n|switch|p1a: ll|Milotic, L50, F|100/100\n|move|p2a: Whimsicott|Tailwind|p2a: Whimsicott\n|-sidestart|p2: sudzoof|move: Tailwind\n|move|p2b: Primarina|Hyper Voice|p1a: ll|[spread] p1a,p1b\n|-resisted|p1a: ll|1\n|-damage|p1a: ll|92/100\n|-damage|p1b: Floette|24/100\n|move|p1b: Floette|Moonblast|p2a: Whimsicott\n|-enditem|p2a: Whimsicott|Focus Sash\n|-damage|p2a: Whimsicott|1/100\n|\n|-heal|p1a: ll|98/100|[from] item: Leftovers\n|upkeep\n|turn|4\n|\n|t:|1775985775\n|move|p1b: Floette|Protect|p1b: Floette\n|-singleturn|p1b: Floette|Protect\n|move|p2a: Whimsicott|Moonblast|p1b: Floette\n|-activate|p1b: Floette|move: Protect\n|move|p2b: Primarina|Calm Mind|p2b: Primarina\n|-boost|p2b: Primarina|spa|1\n|-boost|p2b: Primarina|spd|1\n|move|p1a: ll|Muddy Water|p2b: Primarina|[spread] p2a,p2b\n|-resisted|p2a: Whimsicott|1\n|-resisted|p2b: Primarina|1\n|-damage|p2a: Whimsicott|0 fnt\n|-damage|p2b: Primarina|57/100\n|-unboost|p2b: Primarina|accuracy|1\n|faint|p2a: Whimsicott\n|\n|-heal|p1a: ll|100/100|[from] item: Leftovers\n|upkeep\n|\n|t:|1775985782\n|switch|p2a: Incineroar|Incineroar, L50, M|100/100\n|-ability|p2a: Incineroar|Intimidate|boost\n|-unboost|p1a: ll|atk|1\n|-ability|p1a: ll|Competitive|boost\n|-boost|p1a: ll|spa|2\n|-unboost|p1b: Floette|atk|1\n|turn|5\n|\n|t:|1775985796\n|switch|p1b: lal|Hydreigon, L50, M|1/100\n|move|p2a: Incineroar|Fake Out|p1a: ll\n|-damage|p1a: ll|91/100\n|move|p2b: Primarina|Moonblast|p1b: lal\n|-supereffective|p1b: lal|2\n|-damage|p1b: lal|0 fnt\n|faint|p1b: lal\n|cant|p1a: ll|flinch\n|\n|-heal|p1a: ll|97/100|[from] item: Leftovers\n|upkeep\n|\n|t:|1775985804\n|switch|p1b: Floette|Floette-Mega, L50, F|24/100\n|-ability|p1b: Floette|Fairy Aura\n|turn|6\n|\n|t:|1775985826\n|move|p1b: Floette|Protect|p1b: Floette\n|-singleturn|p1b: Floette|Protect\n|move|p1a: ll|Protect|p1a: ll\n|-singleturn|p1a: ll|Protect\n|move|p2b: Primarina|Calm Mind|p2b: Primarina\n|-boost|p2b: Primarina|spa|1\n|-boost|p2b: Primarina|spd|1\n|move|p2a: Incineroar|Flare Blitz|p1b: Floette\n|-activate|p1b: Floette|move: Protect\n|\n|-heal|p1a: ll|100/100|[from] item: Leftovers\n|-sideend|p2: sudzoof|move: Tailwind\n|upkeep\n|turn|7\n|\n|t:|1775985848\n|move|p2a: Incineroar|Protect|p2a: Incineroar\n|-singleturn|p2a: Incineroar|Protect\n|move|p1b: Floette|Dazzling Gleam|p2a: Incineroar|[spread] p2b\n|-activate|p2a: Incineroar|move: Protect\n|-damage|p2b: Primarina|40/100\n|move|p1a: ll|Muddy Water|p2b: Primarina|[spread] \n|-activate|p2a: Incineroar|move: Protect\n|-miss|p1a: ll|p2b: Primarina\n|move|p2b: Primarina|Hyper Voice|p1a: ll|[spread] p1b\n|-miss|p2b: Primarina|p1a: ll\n|-damage|p1b: Floette|0 fnt\n|faint|p1b: Floette\n|\n|upkeep\n|turn|8\n|\n|t:|1775985862\n|move|p1a: ll|Muddy Water|p2b: Primarina|[spread] p2a\n|-miss|p1a: ll|p2b: Primarina\n|-supereffective|p2a: Incineroar|1\n|-damage|p2a: Incineroar|21/100\n|-unboost|p2a: Incineroar|accuracy|1\n|-enditem|p2a: Incineroar|Sitrus Berry|[eat]\n|-heal|p2a: Incineroar|46/100|[from] item: Sitrus Berry\n|move|p2a: Incineroar|Flare Blitz|p1a: ll\n|-resisted|p1a: ll|1\n|-damage|p1a: ll|81/100\n|-damage|p2a: Incineroar|39/100|[from] Recoil\n|move|p2b: Primarina|Moonblast|p1a: ll|[miss]\n|-miss|p2b: Primarina|p1a: ll\n|\n|-heal|p1a: ll|87/100|[from] item: Leftovers\n|upkeep\n|turn|9\n|\n|t:|1775985884\n|move|p2a: Incineroar|Protect|p2a: Incineroar\n|-singleturn|p2a: Incineroar|Protect\n|move|p2b: Primarina|Protect|p2b: Primarina\n|-singleturn|p2b: Primarina|Protect\n|move|p1a: ll|Coil|p1a: ll\n|-boost|p1a: ll|atk|1\n|-boost|p1a: ll|def|1\n|-boost|p1a: ll|accuracy|1\n|\n|-heal|p1a: ll|93/100|[from] item: Leftovers\n|upkeep\n|turn|10\n|\n|t:|1775985893\n|move|p1a: ll|Muddy Water|p2b: Primarina|[spread] p2a,p2b\n|-supereffective|p2a: Incineroar|1\n|-resisted|p2b: Primarina|1\n|-damage|p2a: Incineroar|0 fnt\n|-damage|p2b: Primarina|32/100\n|faint|p2a: Incineroar\n|move|p2b: Primarina|Moonblast|p1a: ll\n|-damage|p1a: ll|41/100\n|\n|-heal|p1a: ll|47/100|[from] item: Leftovers\n|upkeep\n|turn|11\n|\n|t:|1775985899\n|move|p1a: ll|Protect|p1a: ll\n|-singleturn|p1a: ll|Protect\n|move|p2b: Primarina|Moonblast|p1a: ll\n|-activate|p1a: ll|move: Protect\n|\n|-heal|p1a: ll|52/100|[from] item: Leftovers\n|upkeep\n|turn|12\n|\n|t:|1775985902\n|move|p1a: ll|Hypnosis|p2b: Primarina\n|-status|p2b: Primarina|slp|[from] move: Hypnosis\n|cant|p2b: Primarina|slp\n|\n|-heal|p1a: ll|58/100|[from] item: Leftovers\n|upkeep\n|turn|13\n|\n|t:|1775985908\n|move|p1a: ll|Muddy Water|p2b: Primarina\n|-resisted|p2b: Primarina|1\n|-damage|p2b: Primarina|21/100 slp\n|-curestatus|p2b: Primarina|slp|[msg]\n|move|p2b: Primarina|Moonblast|p1a: ll\n|-damage|p1a: ll|9/100\n|\n|-heal|p1a: ll|15/100|[from] item: Leftovers\n|upkeep\n|turn|14\n|\n|t:|1775985916\n|move|p1a: ll|Protect|p1a: ll\n|-singleturn|p1a: ll|Protect\n|move|p2b: Primarina|Moonblast|p1a: ll\n|-activate|p1a: ll|move: Protect\n|\n|-heal|p1a: ll|21/100|[from] item: Leftovers\n|upkeep\n|turn|15\n|\n|t:|1775985920\n|move|p1a: ll|Hypnosis|p2b: Primarina\n|-status|p2b: Primarina|slp|[from] move: Hypnosis\n|cant|p2b: Primarina|slp\n|\n|-heal|p1a: ll|27/100|[from] item: Leftovers\n|upkeep\n|turn|16\n|\n|t:|1775985923\n|move|p1a: ll|Muddy Water|p2b: Primarina\n|-resisted|p2b: Primarina|1\n|-damage|p2b: Primarina|9/100 slp\n|-unboost|p2b: Primarina|accuracy|1\n|cant|p2b: Primarina|slp\n|\n|-heal|p1a: ll|33/100|[from] item: Leftovers\n|upkeep\n|turn|17\n|\n|t:|1775985930\n|move|p1a: ll|Muddy Water|p2b: Primarina\n|-resisted|p2b: Primarina|1\n|-damage|p2b: Primarina|0 fnt\n|faint|p2b: Primarina\n|\n|win|PPYYY\n|n|\u2606PPYYY|ppyyy\n|n|\u2606sudzoof|sudzoof\n|n| MegaGardevoirVgc|megagardevoirvgc\n|n| JackTG|jacktg\n|n| VC824|vc824\n",
  "uploadtime": 1775985933,
  "views": 27,
  "formatid": "gen9championsvgc2026regma",
  "rating": null,
  "private": 0,
  "password": null
}