{
  "id": "gen9championsvgc2026regma-2581021449",
  "format": "[Gen 9 Champions] VGC 2026 Reg M-A",
  "players": [
    "balzzzzz",
    "lwgr34"
  ],
  "log": "|j|\u2606balzzzzz\n|j|\u2606lwgr34\n|t:|1775952484\n|gametype|doubles\n|player|p1|balzzzzz|ballguy|1074\n|player|p2|lwgr34|pokemonranger-gen4|1000\n|gen|9\n|tier|[Gen 9 Champions] VGC 2026 Reg M-A\n|rated|\n|rule|Species Clause: Limit one of each Pok\u00e9mon\n|rule|Item Clause: Limit 1 of each item\n|clearpoke\n|poke|p1|Incineroar, L50, M|\n|poke|p1|Gengar, L50, F|\n|poke|p1|Floette-Eternal, L50, F|\n|poke|p1|Politoed, L50, F|\n|poke|p1|Whimsicott, L50, F|\n|poke|p1|Kommo-o, L50, F|\n|poke|p2|Feraligatr, L50, M|\n|poke|p2|Pelipper, L50, M|\n|poke|p2|Archaludon, L50, F|\n|poke|p2|Incineroar, L50, M|\n|poke|p2|Sneasler, L50, F|\n|poke|p2|Sinistcha, L50|\n|teampreview|4\n|inactive|Battle timer is ON: inactive players will automatically lose when time's up. (requested by balzzzzz)\n|inactive|balzzzzz has 60 seconds left.\n|inactive|lwgr34 has 60 seconds left.\n|\n|t:|1775952521\n|teamsize|p1|4\n|teamsize|p2|4\n|start\n|switch|p1a: Gengar|Gengar, L50, F, shiny|100/100\n|switch|p1b: Incineroar|Incineroar, L50, M, shiny|100/100\n|switch|p2a: Incineroar|Incineroar, L50, M|100/100\n|switch|p2b: Sinistcha|Sinistcha, L50|100/100\n|-ability|p1b: Incineroar|Intimidate|boost\n|-unboost|p2a: Incineroar|atk|1\n|-unboost|p2b: Sinistcha|atk|1\n|-ability|p2a: Incineroar|Intimidate|boost\n|-unboost|p1a: Gengar|atk|1\n|-unboost|p1b: Incineroar|atk|1\n|turn|1\n|inactive|balzzzzz has 30 seconds left.\n|\n|t:|1775952546\n|detailschange|p1a: Gengar|Gengar-Mega, L50, F, shiny\n|-mega|p1a: Gengar|Gengar|Gengarite\n|move|p1b: Incineroar|Fake Out|p2a: Incineroar\n|-damage|p2a: Incineroar|94/100\n|move|p1a: Gengar|Perish Song|p1a: Gengar\n|-start|p1a: Gengar|perish3|[silent]\n|-start|p1b: Incineroar|perish3|[silent]\n|-start|p2a: Incineroar|perish3|[silent]\n|-start|p2b: Sinistcha|perish3|[silent]\n|-fieldactivate|move: Perish Song\n|cant|p2a: Incineroar|flinch\n|move|p2b: Sinistcha|Trick Room|p2b: Sinistcha\n|-fieldstart|move: Trick Room|[of] p2b: Sinistcha\n|\n|-start|p2a: Incineroar|perish3\n|-start|p1b: Incineroar|perish3\n|-start|p2b: Sinistcha|perish3\n|-start|p1a: Gengar|perish3\n|upkeep\n|turn|2\n|\n|t:|1775952566\n|switch|p2b: Sneasler|Sneasler, L50, F|100/100\n|move|p1b: Incineroar|Protect|p1b: Incineroar\n|-singleturn|p1b: Incineroar|Protect\n|move|p1a: Gengar|Protect|p1a: Gengar\n|-singleturn|p1a: Gengar|Protect\n|move|p2a: Incineroar|Parting Shot|p1a: Gengar\n|-activate|p1a: Gengar|move: Protect\n|\n|-start|p2a: Incineroar|perish2\n|-start|p1b: Incineroar|perish2\n|-start|p1a: Gengar|perish2\n|upkeep\n|turn|3\n|\n|t:|1775952585\n|move|p1b: Incineroar|Parting Shot|p2b: Sneasler\n|-unboost|p2b: Sneasler|atk|1\n|-unboost|p2b: Sneasler|spa|1\n|\n|t:|1775952592\n|switch|p1b: Kommo-o|Kommo-o, L50, F, shiny|100/100|[from] Parting Shot\n|-enditem|p2b: Sneasler|White Herb\n|-clearnegativeboost|p2b: Sneasler|[silent]\n|move|p2a: Incineroar|Parting Shot|p1a: Gengar\n|-unboost|p1a: Gengar|atk|1\n|-unboost|p1a: Gengar|spa|1\n|\n|t:|1775952608\n|switch|p2a: Sinistcha|Sinistcha, L50|100/100|[from] Parting Shot\n|move|p1a: Gengar|Perish Song|p1a: Gengar\n|-start|p1b: Kommo-o|perish3|[silent]\n|-start|p2a: Sinistcha|perish3|[silent]\n|-start|p2b: Sneasler|perish3|[silent]\n|-fieldactivate|move: Perish Song\n|move|p2b: Sneasler|Close Combat|p1b: Kommo-o\n|-damage|p1b: Kommo-o|26/100\n|-unboost|p2b: Sneasler|def|1\n|-unboost|p2b: Sneasler|spd|1\n|\n|-start|p2a: Sinistcha|perish3\n|-start|p1b: Kommo-o|perish3\n|-start|p1a: Gengar|perish1\n|-start|p2b: Sneasler|perish3\n|upkeep\n|turn|4\n|\n|t:|1775952629\n|switch|p1a: Incineroar|Incineroar, L50, M, shiny|100/100\n|-ability|p1a: Incineroar|Intimidate|boost\n|-unboost|p2a: Sinistcha|atk|1\n|-unboost|p2b: Sneasler|atk|1\n|move|p2a: Sinistcha|Rage Powder|p2a: Sinistcha\n|-singleturn|p2a: Sinistcha|move: Rage Powder\n|move|p1b: Kommo-o|Clanging Scales|p2b: Sneasler|[spread] p2a,p2b\n|-damage|p2a: Sinistcha|59/100\n|-damage|p2b: Sneasler|15/100\n|-unboost|p1b: Kommo-o|def|1\n|move|p2b: Sneasler|Close Combat|p1b: Kommo-o\n|-damage|p1b: Kommo-o|0 fnt\n|-unboost|p2b: Sneasler|def|1\n|-unboost|p2b: Sneasler|spd|1\n|faint|p1b: Kommo-o\n|\n|-heal|p2a: Sinistcha|65/100|[from] item: Leftovers\n|-start|p2a: Sinistcha|perish2\n|-start|p2b: Sneasler|perish2\n|upkeep\n|c|\u2606balzzzzz|I didnt know parting shot went thru\n|\n|t:|1775952643\n|switch|p1b: Floette|Floette-Eternal, L50, F|100/100\n|turn|5\n|\n|t:|1775952650\n|move|p2a: Sinistcha|Rage Powder|p2a: Sinistcha\n|-singleturn|p2a: Sinistcha|move: Rage Powder\n|move|p1a: Incineroar|Throat Chop|p2a: Sinistcha\n|-supereffective|p2a: Sinistcha|1\n|-damage|p2a: Sinistcha|0 fnt\n|faint|p2a: Sinistcha\n|move|p1b: Floette|Dazzling Gleam|p2b: Sneasler\n|-damage|p2b: Sneasler|0 fnt\n|faint|p2b: Sneasler\n|\n|-fieldend|move: Trick Room\n|upkeep\n|\n|t:|1775952660\n|switch|p2b: Archaludon|Archaludon, L50, F|100/100\n|switch|p2a: Incineroar|Incineroar, L50, M|94/100\n|-ability|p2a: Incineroar|Intimidate|boost\n|-unboost|p1a: Incineroar|atk|1\n|-unboost|p1b: Floette|atk|1\n|turn|6\n|inactive|lwgr34 has 30 seconds left.\n|\n|t:|1775952689\n|switch|p1b: Gengar|Gengar-Mega, L50, F, shiny|100/100\n|move|p2a: Incineroar|Fake Out|p1b: Gengar\n|-immune|p1b: Gengar\n|move|p2b: Archaludon|Electro Shot||[still]\n|-prepare|p2b: Archaludon|Electro Shot\n|-boost|p2b: Archaludon|spa|1\n|move|p1a: Incineroar|Parting Shot|p2b: Archaludon\n|-unboost|p2b: Archaludon|atk|1\n|-unboost|p2b: Archaludon|spa|1\n|\n|t:|1775952699\n|switch|p1a: Floette|Floette-Eternal, L50, F|100/100|[from] Parting Shot\n|\n|upkeep\n|turn|7\n|\n|t:|1775952709\n|move|p2a: Incineroar|Helping Hand|p2b: Archaludon\n|-singleturn|p2b: Archaludon|Helping Hand|[of] p2a: Incineroar\n|move|p1a: Floette|Protect|p1a: Floette\n|-singleturn|p1a: Floette|Protect\n|move|p1b: Gengar|Perish Song|p1b: Gengar\n|-start|p1a: Floette|perish3|[silent]\n|-start|p1b: Gengar|perish3|[silent]\n|-start|p2a: Incineroar|perish3|[silent]\n|-start|p2b: Archaludon|perish3|[silent]\n|-fieldactivate|move: Perish Song\n|move|p2b: Archaludon|Electro Shot|p1b: Gengar|[from] lockedmove\n|-damage|p1b: Gengar|15/100\n|\n|-start|p1b: Gengar|perish3\n|-start|p1a: Floette|perish3\n|-start|p2b: Archaludon|perish3\n|-start|p2a: Incineroar|perish3\n|upkeep\n|turn|8\n|inactive|balzzzzz has 30 seconds left.\n|inactive|balzzzzz has 20 seconds left.\n|\n|t:|1775952745\n|switch|p1a: Incineroar|Incineroar, L50, M, shiny|100/100\n|-ability|p1a: Incineroar|Intimidate|boost\n|-unboost|p2a: Incineroar|atk|1\n|-unboost|p2b: Archaludon|atk|1\n|move|p1b: Gengar|Protect|p1b: Gengar\n|-singleturn|p1b: Gengar|Protect\n|move|p2b: Archaludon|Electro Shot||[still]\n|-prepare|p2b: Archaludon|Electro Shot\n|-boost|p2b: Archaludon|spa|1\n|move|p2a: Incineroar|Darkest Lariat|p1b: Gengar\n|-activate|p1b: Gengar|move: Protect\n|\n|-start|p1b: Gengar|perish2\n|-start|p2b: Archaludon|perish2\n|-start|p2a: Incineroar|perish2\n|upkeep\n|turn|9\n|c|\u2606lwgr34|I was expecting you to bring politoed\n|c|\u2606balzzzzz|fair\n|c|\u2606lwgr34|guess not\n|c|\u2606balzzzzz|I saw arch and didnt wanna\n|inactive|balzzzzz has 30 seconds left.\n|c|\u2606lwgr34|lol\n|\n|t:|1775952776\n|switch|p1b: Floette|Floette-Eternal, L50, F|100/100\n|move|p2b: Archaludon|Electro Shot|p1a: Incineroar|[from] lockedmove\n|-damage|p1a: Incineroar|45/100\n|move|p1a: Incineroar|Parting Shot|p2b: Archaludon\n|-unboost|p2b: Archaludon|atk|1\n|-unboost|p2b: Archaludon|spa|1\n|\n|t:|1775952783\n|switch|p1a: Gengar|Gengar-Mega, L50, F, shiny|15/100|[from] Parting Shot\n|move|p2a: Incineroar|Darkest Lariat|p1b: Floette\n|-resisted|p1b: Floette|1\n|-damage|p1b: Floette|81/100\n|\n|-start|p2b: Archaludon|perish1\n|-start|p2a: Incineroar|perish1\n|upkeep\n|turn|10\n|c|\u2606balzzzzz|gg\n|c|\u2606lwgr34|gg\n|\n|t:|1775952803\n|move|p1a: Gengar|Protect|p1a: Gengar\n|-singleturn|p1a: Gengar|Protect\n|move|p1b: Floette|Protect|p1b: Floette\n|-singleturn|p1b: Floette|Protect\n|move|p2b: Archaludon|Electro Shot||[still]\n|-prepare|p2b: Archaludon|Electro Shot\n|-boost|p2b: Archaludon|spa|1\n|move|p2a: Incineroar|Darkest Lariat|p1a: Gengar\n|-activate|p1a: Gengar|move: Protect\n|\n|-start|p2b: Archaludon|perish0\n|-start|p2a: Incineroar|perish0\n|faint|p2b: Archaludon\n|faint|p2a: Incineroar\n|\n|win|balzzzzz\n|raw|balzzzzz's rating: 1074 &rarr; <strong>1097</strong><br />(+23 for winning)\n|raw|lwgr34's rating: 1000 &rarr; <strong>1000</strong><br />(+0 for losing)\n|l|\u2606lwgr34\n|player|p2|\n",
  "uploadtime": 1775952815,
  "views": 11,
  "formatid": "gen9championsvgc2026regma",
  "rating": 1000,
  "private": 0,
  "password": null
}