{
  "id": "gen9championsvgc2026regma-2586669122",
  "format": "[Gen 9 Champions] VGC 2026 Reg M-A",
  "players": [
    "BladeeLover33",
    "Caracemento"
  ],
  "log": "|j|\u2606BladeeLover33\n|j|\u2606Caracemento\n|t:|1776450731\n|gametype|doubles\n|player|p1|BladeeLover33|rood|1210\n|player|p2|Caracemento|2|1213\n|gen|9\n|tier|[Gen 9 Champions] VGC 2026 Reg M-A\n|rated|\n|rule|Species Clause: Limit one of each Pok\u00e9mon\n|rule|Item Clause: Limit 1 of each item\n|clearpoke\n|poke|p1|Floette-Eternal, L50, F|\n|poke|p1|Incineroar, L50, M|\n|poke|p1|Aerodactyl, L50, F|\n|poke|p1|Basculegion, L50, M|\n|poke|p1|Sinistcha, L50|\n|poke|p1|Garchomp, L50, M|\n|poke|p2|Delphox, L50, F|\n|poke|p2|Milotic, L50, F|\n|poke|p2|Garchomp, L50, F|\n|poke|p2|Floette-Eternal, L50, F|\n|poke|p2|Incineroar, L50, F|\n|poke|p2|Whimsicott, L50, M|\n|teampreview|4\nCaracemento has agreed to open team sheets.\nBladeeLover33 has agreed to open team sheets.\n|showteam|p1|Floette-Eternal||Floettite|FlowerVeil|DazzlingGleam,LightofRuin,Psychic,Protect|||F|||50|]Incineroar||SitrusBerry|Intimidate|PartingShot,FakeOut,Protect,FlareBlitz|||M|||50|]Aerodactyl||FocusSash|Unnerve|RockSlide,DualWingbeat,Tailwind,Protect|||F|||50|]Basculegion||ChoiceScarf|Adaptability|WaveCrash,HeadSmash,FlipTurn,LastRespects|||M|||50|]Sinistcha||MiracleSeed|Hospitality|MatchaGotcha,ShadowBall,TrickRoom,Protect||||||50|]Garchomp||WhiteHerb|RoughSkin|Earthquake,RockSlide,DragonClaw,Protect|||M|||50|\n|showteam|p2|Delphox||Delphoxite|Blaze|HeatWave,Psychic,Encore,Protect|||F|||50|]Milotic||Leftovers|Competitive|Scald,IcyWind,Protect,Recover|||F|||50|]Garchomp||LumBerry|RoughSkin|RockSlide,Earthquake,DragonClaw,Protect|||F|||50|]Floette-Eternal||Floettite|FlowerVeil|Moonblast,DrainingKiss,CalmMind,Protect|||F|||50|]Incineroar||ChopleBerry|Intimidate|FakeOut,PartingShot,FlareBlitz,DarkestLariat|||F|||50|]Whimsicott||FocusSash|Prankster|Moonblast,Tailwind,Taunt,SunnyDay|||M|||50|\n|\n|t:|1776450781\n|teamsize|p1|4\n|teamsize|p2|4\n|start\n|switch|p1a: Incineroar|Incineroar, L50, M|100/100\n|switch|p1b: Aerodactyl|Aerodactyl, L50, F|100/100\n|switch|p2a: Milotic|Milotic, L50, F, shiny|100/100\n|switch|p2b: Incineroar|Incineroar, L50, F|100/100\n|-ability|p1b: Aerodactyl|Unnerve\n|-ability|p2b: Incineroar|Intimidate|boost\n|-unboost|p1a: Incineroar|atk|1\n|-unboost|p1b: Aerodactyl|atk|1\n|-ability|p1a: Incineroar|Intimidate|boost\n|-unboost|p2a: Milotic|atk|1\n|-ability|p2a: Milotic|Competitive|boost\n|-boost|p2a: Milotic|spa|2\n|-unboost|p2b: Incineroar|atk|1\n|turn|1\n|\n|t:|1776450804\n|move|p2a: Milotic|Protect|p2a: Milotic\n|-singleturn|p2a: Milotic|Protect\n|move|p1a: Incineroar|Fake Out|p2a: Milotic\n|-activate|p2a: Milotic|move: Protect\n|move|p2b: Incineroar|Fake Out|p1b: Aerodactyl\n|-resisted|p1b: Aerodactyl|1\n|-damage|p1b: Aerodactyl|95/100\n|cant|p1b: Aerodactyl|flinch\n|\n|upkeep\n|turn|2\n|\n|t:|1776450834\n|move|p1b: Aerodactyl|Tailwind|p1b: Aerodactyl\n|-sidestart|p1: BladeeLover33|move: Tailwind\n|move|p1a: Incineroar|Parting Shot|p2b: Incineroar\n|-unboost|p2b: Incineroar|atk|1\n|-unboost|p2b: Incineroar|spa|1\n|\n|t:|1776450840\n|switch|p1a: Floette|Floette-Eternal, L50, F|100/100|[from] Parting Shot\n|move|p2a: Milotic|Scald|p1b: Aerodactyl\n|-supereffective|p1b: Aerodactyl|1\n|-damage|p1b: Aerodactyl|0 fnt\n|faint|p1b: Aerodactyl\n|move|p2b: Incineroar|Parting Shot|p1a: Floette\n|-unboost|p1a: Floette|atk|1\n|-unboost|p1a: Floette|spa|1\n|\n|t:|1776450858\n|switch|p2b: Garchomp|Garchomp, L50, F|100/100|[from] Parting Shot\n|\n|upkeep\n|\n|t:|1776450866\n|switch|p1b: Basculegion|Basculegion, L50, M|100/100\n|turn|3\n|\n|t:|1776450880\n|switch|p2b: Incineroar|Incineroar, L50, F|100/100\n|-ability|p2b: Incineroar|Intimidate|boost\n|-unboost|p1a: Floette|atk|1\n|-unboost|p1b: Basculegion|atk|1\n|detailschange|p1a: Floette|Floette-Mega, L50, F\n|-mega|p1a: Floette|Floette|Floettite\n|-ability|p1a: Floette|Fairy Aura\n|move|p1b: Basculegion|Last Respects|p2a: Milotic\n|-damage|p2a: Milotic|59/100\n|move|p1a: Floette|Light of Ruin|p2b: Incineroar\n|-damage|p2b: Incineroar|44/100\n|-damage|p1a: Floette|62/100|[from] Recoil\n|move|p2a: Milotic|Scald|p1a: Floette\n|-damage|p1a: Floette|14/100\n|\n|-heal|p2a: Milotic|65/100|[from] item: Leftovers\n|upkeep\n|turn|4\n|\n|t:|1776450904\n|move|p2b: Incineroar|Fake Out|p1a: Floette\n|-damage|p1a: Floette|0 fnt\n|faint|p1a: Floette\n|move|p1b: Basculegion|Last Respects|p2a: Milotic\n|-damage|p2a: Milotic|3/100\n|move|p2a: Milotic|Recover|p2a: Milotic\n|-heal|p2a: Milotic|53/100\n|\n|-heal|p2a: Milotic|59/100|[from] item: Leftovers\n|upkeep\n|\n|t:|1776450912\n|switch|p1a: Incineroar|Incineroar, L50, M|100/100\n|-ability|p1a: Incineroar|Intimidate|boost\n|-unboost|p2a: Milotic|atk|1\n|-ability|p2a: Milotic|Competitive|boost\n|-boost|p2a: Milotic|spa|2\n|-unboost|p2b: Incineroar|atk|1\n|turn|5\n|\n|t:|1776450927\n|move|p2a: Milotic|Protect|p2a: Milotic\n|-singleturn|p2a: Milotic|Protect\n|move|p1a: Incineroar|Fake Out|p2b: Incineroar\n|-damage|p2b: Incineroar|33/100\n|move|p1b: Basculegion|Last Respects|p2a: Milotic\n|-activate|p2a: Milotic|move: Protect\n|cant|p2b: Incineroar|flinch\n|\n|-heal|p2a: Milotic|65/100|[from] item: Leftovers\n|-sideend|p1: BladeeLover33|move: Tailwind\n|upkeep\n|turn|6\n|\n|t:|1776450951\n|move|p1a: Incineroar|Protect|p1a: Incineroar\n|-singleturn|p1a: Incineroar|Protect\n|move|p1b: Basculegion|Last Respects|p2b: Incineroar\n|-resisted|p2b: Incineroar|1\n|-damage|p2b: Incineroar|3/100\n|move|p2a: Milotic|Recover|p2a: Milotic\n|-heal|p2a: Milotic|100/100\n|move|p2b: Incineroar|Parting Shot|p1b: Basculegion\n|-unboost|p1b: Basculegion|atk|1\n|-unboost|p1b: Basculegion|spa|1\n|-message|BladeeLover33 forfeited.\n|\n|win|Caracemento\n|raw|BladeeLover33's rating: 1210 &rarr; <strong>1185</strong><br />(-25 for losing)\n|raw|Caracemento's rating: 1213 &rarr; <strong>1238</strong><br />(+25 for winning)\n|l|\u2606BladeeLover33\n|player|p1|\n|c|\u2606Caracemento|gg\n",
  "uploadtime": 1776450977,
  "views": 36,
  "formatid": "gen9championsvgc2026regma",
  "rating": 1185,
  "private": 0,
  "password": null
}