{
  "id": "gen9championsvgc2026regma-2584449638",
  "format": "[Gen 9 Champions] VGC 2026 Reg M-A",
  "players": [
    "Specter05",
    "SorcererBadgerTG"
  ],
  "log": "|j|\u2606Specter05\n|j|\u2606SorcererBadgerTG\n|t:|1776261670\n|gametype|doubles\n|player|p1|Specter05|lance|1058\n|player|p2|SorcererBadgerTG|102|1063\n|gen|9\n|tier|[Gen 9 Champions] VGC 2026 Reg M-A\n|rated|\n|rule|Species Clause: Limit one of each Pok\u00e9mon\n|rule|Item Clause: Limit 1 of each item\n|clearpoke\n|poke|p1|Starmie, L50|\n|poke|p1|Tyranitar, L50, F|\n|poke|p1|Garchomp, L50, F|\n|poke|p1|Aerodactyl, L50, F|\n|poke|p1|Rotom-Heat, L50|\n|poke|p1|Aegislash, L50, F|\n|poke|p2|Rotom-Wash, L50|\n|poke|p2|Tyranitar, L50, M|\n|poke|p2|Corviknight, L50, F|\n|poke|p2|Glimmora, L50, M|\n|poke|p2|Gliscor, L50, F|\n|poke|p2|Runerigus, L50, F|\n|teampreview|4\n|inactive|Battle timer is ON: inactive players will automatically lose when time's up. (requested by Specter05)\n|inactive|SorcererBadgerTG has 60 seconds left.\n|inactive|SorcererBadgerTG has 30 seconds left.\n|inactive|SorcererBadgerTG has 20 seconds left.\n|\n|t:|1776261749\n|teamsize|p1|4\n|teamsize|p2|4\n|start\n|switch|p1a: Starmie|Starmie, L50|100/100\n|switch|p1b: Garchomp|Garchomp, L50, F|100/100\n|switch|p2a: Runerigus|Runerigus, L50, F|100/100\n|switch|p2b: Gliscor|Gliscor, L50, F|100/100\n|turn|1\n|\n|t:|1776261767\n|detailschange|p1a: Starmie|Starmie-Mega, L50\n|-mega|p1a: Starmie|Starmie|Starminite\n|move|p1a: Starmie|Liquidation|p2b: Gliscor\n|-supereffective|p2b: Gliscor|1\n|-enditem|p2b: Gliscor|Focus Sash\n|-damage|p2b: Gliscor|1/100\n|-unboost|p2b: Gliscor|def|1\n|move|p1b: Garchomp|Dragon Claw|p2a: Runerigus\n|-damage|p2a: Runerigus|66/100\n|-activate|p1b: Garchomp|Skill Swap|Wandering Spirit|Sand Veil|[of] p2a: Runerigus\n|move|p2b: Gliscor|Ice Fang|p1b: Garchomp\n|-supereffective|p1b: Garchomp|2\n|-damage|p1b: Garchomp|16/100\n|-activate|p2b: Gliscor|Skill Swap|Wandering Spirit|Hyper Cutter|[of] p1b: Garchomp\n|move|p2a: Runerigus|Trick Room|p2a: Runerigus\n|-fieldstart|move: Trick Room|[of] p2a: Runerigus\n|\n|-heal|p2a: Runerigus|72/100|[from] item: Leftovers\n|upkeep\n|turn|2\n|inactive|Specter05 has 30 seconds left.\n|inactive|SorcererBadgerTG has 30 seconds left.\n|inactive|Specter05 has 20 seconds left.\n|inactive|SorcererBadgerTG has 20 seconds left.\n|\n|t:|1776261804\n|move|p1b: Garchomp|Protect|p1b: Garchomp\n|-singleturn|p1b: Garchomp|Protect\n|move|p2a: Runerigus|Phantom Force||[still]\n|-prepare|p2a: Runerigus|Phantom Force\n|move|p2b: Gliscor|Ice Fang|p1b: Garchomp\n|-activate|p1b: Garchomp|move: Protect\n|move|p1a: Starmie|Liquidation|p2a: Runerigus|[miss]\n|-miss|p1a: Starmie|p2a: Runerigus\n|\n|-heal|p2a: Runerigus|78/100|[from] item: Leftovers\n|upkeep\n|turn|3\n|\n|t:|1776261826\n|switch|p1a: Tyranitar|Tyranitar, L50, F|100/100\n|-weather|Sandstorm|[from] ability: Sand Stream|[of] p1a: Tyranitar\n|move|p2a: Runerigus|Phantom Force|p1a: Tyranitar|[from] lockedmove\n|-resisted|p1a: Tyranitar|1\n|-damage|p1a: Tyranitar|84/100\n|move|p2b: Gliscor|Ice Fang|p1b: Garchomp\n|-supereffective|p1b: Garchomp|2\n|-damage|p1b: Garchomp|0 fnt\n|faint|p1b: Garchomp\n|\n|-weather|Sandstorm|[upkeep]\n|-heal|p2a: Runerigus|84/100|[from] item: Leftovers\n|upkeep\n|\n|t:|1776261840\n|switch|p1b: Starmie|Starmie-Mega, L50|100/100\n|turn|4\n|inactive|SorcererBadgerTG has 30 seconds left.\n|\n|t:|1776261873\n|move|p2b: Gliscor|Protect|p2b: Gliscor\n|-singleturn|p2b: Gliscor|Protect\n|move|p2a: Runerigus|Body Press|p1a: Tyranitar\n|-supereffective|p1a: Tyranitar|2\n|-damage|p1a: Tyranitar|0 fnt\n|faint|p1a: Tyranitar\n|move|p1b: Starmie|Skill Swap|p1: Tyranitar|[notarget]\n|-fail|p1b: Starmie\n|\n|-weather|Sandstorm|[upkeep]\n|-damage|p1b: Starmie|95/100|[from] Sandstorm\n|-heal|p2a: Runerigus|90/100|[from] item: Leftovers\n|upkeep\n|\n|t:|1776261885\n|switch|p1a: Aerodactyl|Aerodactyl, L50, F|100/100\n|-ability|p1a: Aerodactyl|Unnerve\n|turn|5\n|\n|t:|1776261906\n|move|p1b: Starmie|Protect|p1b: Starmie\n|-singleturn|p1b: Starmie|Protect\n|move|p2a: Runerigus|Phantom Force||[still]\n|-prepare|p2a: Runerigus|Phantom Force\n|move|p2b: Gliscor|Psychic Fangs|p1a: Aerodactyl\n|-damage|p1a: Aerodactyl|68/100\n|move|p1a: Aerodactyl|Rock Slide|p2a: Runerigus|[spread] p2b\n|-miss|p1a: Aerodactyl|p2a: Runerigus\n|-damage|p2b: Gliscor|0 fnt\n|faint|p2b: Gliscor\n|\n|-weather|Sandstorm|[upkeep]\n|-damage|p1b: Starmie|89/100|[from] Sandstorm\n|-heal|p2a: Runerigus|96/100|[from] item: Leftovers\n|-fieldend|move: Trick Room\n|upkeep\n|\n|t:|1776261922\n|switch|p2b: Glimmora|Glimmora, L50, M|100/100\n|turn|6\n|inactive|SorcererBadgerTG has 30 seconds left.\n|\n|t:|1776261950\n|move|p2b: Glimmora|Spiky Shield|p2b: Glimmora\n|-singleturn|p2b: Glimmora|move: Protect\n|move|p1a: Aerodactyl|Rock Slide|p2a: Runerigus|[spread] \n|-miss|p1a: Aerodactyl|p2a: Runerigus\n|-activate|p2b: Glimmora|move: Protect\n|move|p1b: Starmie|Zen Headbutt|p2b: Glimmora\n|-activate|p2b: Glimmora|move: Protect\n|-damage|p1b: Starmie|77/100|[from] Spiky Shield|[of] p2b: Glimmora\n|move|p2a: Runerigus|Phantom Force|p1b: Starmie|[from] lockedmove\n|-supereffective|p1b: Starmie|1\n|-damage|p1b: Starmie|7/100\n|\n|-weather|Sandstorm|[upkeep]\n|-damage|p1b: Starmie|1/100|[from] Sandstorm\n|-heal|p2a: Runerigus|100/100|[from] item: Leftovers\n|upkeep\n|turn|7\n|\n|t:|1776261975\n|move|p1a: Aerodactyl|Rock Slide|p2a: Runerigus|[spread] p2a,p2b\n|-resisted|p2a: Runerigus|1\n|-damage|p2a: Runerigus|92/100\n|-damage|p2b: Glimmora|80/100\n|-activate|p2b: Glimmora|ability: Toxic Debris\n|-sidestart|p1: Specter05|move: Toxic Spikes\n|move|p1b: Starmie|Zen Headbutt|p2b: Glimmora\n|-supereffective|p2b: Glimmora|1\n|-damage|p2b: Glimmora|0 fnt\n|-activate|p2b: Glimmora|ability: Toxic Debris\n|-sidestart|p1: Specter05|move: Toxic Spikes\n|faint|p2b: Glimmora\n|move|p2a: Runerigus|Trick Room|p2a: Runerigus\n|-fieldstart|move: Trick Room|[of] p2a: Runerigus\n|\n|-weather|none\n|-heal|p2a: Runerigus|98/100|[from] item: Leftovers\n|upkeep\n|\n|t:|1776261987\n|switch|p2b: Tyranitar|Tyranitar, L50, M|100/100\n|-weather|Sandstorm|[from] ability: Sand Stream|[of] p2b: Tyranitar\n|turn|8\n|\n|t:|1776262006\n|move|p1b: Starmie|Protect|p1b: Starmie\n|-singleturn|p1b: Starmie|Protect\n|move|p2a: Runerigus|Phantom Force||[still]\n|-prepare|p2a: Runerigus|Phantom Force\n|move|p2b: Tyranitar|Rock Slide|p1b: Starmie|[spread] p1a\n|-activate|p1b: Starmie|move: Protect\n|-supereffective|p1a: Aerodactyl|1\n|-damage|p1a: Aerodactyl|0 fnt\n|faint|p1a: Aerodactyl\n|\n|-weather|Sandstorm|[upkeep]\n|-damage|p1b: Starmie|0 fnt|[from] Sandstorm\n|faint|p1b: Starmie\n|\n|win|SorcererBadgerTG\n|raw|Specter05's rating: 1058 &rarr; <strong>1040</strong><br />(-18 for losing)\n|raw|SorcererBadgerTG's rating: 1063 &rarr; <strong>1093</strong><br />(+30 for winning)\n",
  "uploadtime": 1776262017,
  "views": 37,
  "formatid": "gen9championsvgc2026regma",
  "rating": 1040,
  "private": 0,
  "password": null
}