{
  "id": "gen9championsvgc2026regma-2583256837",
  "format": "[Gen 9 Champions] VGC 2026 Reg M-A",
  "players": [
    "Genius au",
    "Leopipoo"
  ],
  "log": "|j|\u2606Genius au\n|j|\u2606Leopipoo\n|t:|1776160197\n|gametype|doubles\n|player|p1|Genius au|youngster-gen4dp|1003\n|player|p2|Leopipoo|n|1000\n|gen|9\n|tier|[Gen 9 Champions] VGC 2026 Reg M-A\n|rated|\n|rule|Species Clause: Limit one of each Pok\u00e9mon\n|rule|Item Clause: Limit 1 of each item\n|clearpoke\n|poke|p1|Incineroar, L50, M|\n|poke|p1|Politoed, L50, M|\n|poke|p1|Gengar, L50, F|\n|poke|p1|Archaludon, L50, F|\n|poke|p1|Basculegion, L50, M|\n|poke|p1|Sinistcha-Masterpiece, L50|\n|poke|p2|Gardevoir, L50, F|\n|poke|p2|Incineroar, L50, M|\n|poke|p2|Sinistcha, L50|\n|poke|p2|Garchomp, L50, M|\n|poke|p2|Aerodactyl, L50, F|\n|poke|p2|Kingambit, L50, M|\n|teampreview|4\n|\n|t:|1776160268\n|teamsize|p1|4\n|teamsize|p2|4\n|start\n|switch|p1a: Incineroar|Incineroar, L50, M, shiny|100/100\n|switch|p1b: Gengar|Gengar, L50, F, shiny|100/100\n|switch|p2a: Gardevoir|Gardevoir, L50, F|100/100\n|switch|p2b: Kingambit|Kingambit, L50, M|100/100\n|-ability|p1a: Incineroar|Intimidate|boost\n|-unboost|p2a: Gardevoir|atk|1\n|-unboost|p2b: Kingambit|atk|1\n|-ability|p2b: Kingambit|Defiant|boost\n|-boost|p2b: Kingambit|atk|2\n|turn|1\n|\n|t:|1776160306\n|detailschange|p1b: Gengar|Gengar-Mega, L50, F, shiny\n|-mega|p1b: Gengar|Gengar|Gengarite\n|detailschange|p2a: Gardevoir|Gardevoir-Mega, L50, F\n|-mega|p2a: Gardevoir|Gardevoir|Gardevoirite\n|move|p2b: Kingambit|Protect|p2b: Kingambit\n|-singleturn|p2b: Kingambit|Protect\n|move|p1a: Incineroar|Fake Out|p2b: Kingambit\n|-activate|p2b: Kingambit|move: Protect\n|move|p1b: Gengar|Shadow Ball|p2a: Gardevoir\n|-supereffective|p2a: Gardevoir|1\n|-damage|p2a: Gardevoir|35/100\n|move|p2a: Gardevoir|Hyper Voice|p1a: Incineroar|[spread] p1a,p1b\n|-resisted|p1b: Gengar|1\n|-damage|p1a: Incineroar|49/100\n|-damage|p1b: Gengar|71/100\n|\n|upkeep\n|turn|2\n|\n|t:|1776160329\n|switch|p1b: Politoed|Politoed, L50, M|100/100\n|-weather|RainDance|[from] ability: Drizzle|[of] p1b: Politoed\n|move|p2a: Gardevoir|Protect|p2a: Gardevoir\n|-singleturn|p2a: Gardevoir|Protect\n|move|p2b: Kingambit|Sucker Punch||[still]\n|-fail|p2b: Kingambit\n|move|p1a: Incineroar|Darkest Lariat|p2a: Gardevoir\n|-activate|p2a: Gardevoir|move: Protect\n|\n|-weather|RainDance|[upkeep]\n|upkeep\n|turn|3\n|\n|t:|1776160350\n|switch|p2b: Sinistcha|Sinistcha, L50|100/100\n|-heal|p2a: Gardevoir|60/100|[from] ability: Hospitality|[of] p2b: Sinistcha\n|move|p1b: Politoed|Perish Song|p1b: Politoed\n|-start|p1a: Incineroar|perish3|[silent]\n|-start|p1b: Politoed|perish3|[silent]\n|-start|p2a: Gardevoir|perish3|[silent]\n|-start|p2b: Sinistcha|perish3|[silent]\n|-fieldactivate|move: Perish Song\n|move|p2a: Gardevoir|Hyper Voice|p1b: Politoed|[spread] p1a,p1b\n|-damage|p1a: Incineroar|0 fnt\n|-damage|p1b: Politoed|48/100\n|faint|p1a: Incineroar\n|\n|-weather|RainDance|[upkeep]\n|-heal|p1b: Politoed|54/100|[from] item: Leftovers\n|-start|p1b: Politoed|perish3\n|-start|p2a: Gardevoir|perish3\n|-start|p2b: Sinistcha|perish3\n|upkeep\n|\n|t:|1776160363\n|switch|p1a: Gengar|Gengar-Mega, L50, F, shiny|71/100\n|turn|4\n|\n|t:|1776160395\n|move|p1a: Gengar|Protect|p1a: Gengar\n|-singleturn|p1a: Gengar|Protect\n|move|p1b: Politoed|Protect|p1b: Politoed\n|-singleturn|p1b: Politoed|Protect\n|move|p2a: Gardevoir|Protect|p2a: Gardevoir\n|-singleturn|p2a: Gardevoir|Protect\n|move|p2b: Sinistcha|Trick Room|p2b: Sinistcha\n|-fieldstart|move: Trick Room|[of] p2b: Sinistcha\n|\n|-weather|RainDance|[upkeep]\n|-heal|p1b: Politoed|60/100|[from] item: Leftovers\n|-start|p2b: Sinistcha|perish2\n|-start|p2a: Gardevoir|perish2\n|-start|p1b: Politoed|perish2\n|upkeep\n|turn|5\n|\n|t:|1776160436\n|move|p1a: Gengar|Protect||[still]\n|-fail|p1a: Gengar\n|move|p2b: Sinistcha|Matcha Gotcha|p1a: Gengar|[spread] p1a\n|-miss|p2b: Sinistcha|p1b: Politoed\n|-resisted|p1a: Gengar|1\n|-damage|p1a: Gengar|59/100\n|move|p2a: Gardevoir|Hyper Voice|p1a: Gengar|[spread] p1a,p1b\n|-resisted|p1a: Gengar|1\n|-damage|p1a: Gengar|27/100\n|-damage|p1b: Politoed|5/100\n|move|p1b: Politoed|Encore|p2b: Sinistcha\n|-start|p2b: Sinistcha|Encore\n|\n|-weather|RainDance|[upkeep]\n|-heal|p1b: Politoed|11/100|[from] item: Leftovers\n|-start|p2b: Sinistcha|perish1\n|-start|p2a: Gardevoir|perish1\n|-start|p1b: Politoed|perish1\n|upkeep\n|turn|6\n|\n|t:|1776160460\n|switch|p1b: Sinistcha|Sinistcha-Masterpiece, L50|100/100\n|-heal|p1a: Gengar|52/100|[from] ability: Hospitality|[of] p1b: Sinistcha\n|move|p1a: Gengar|Protect|p1a: Gengar\n|-singleturn|p1a: Gengar|Protect\n|move|p2b: Sinistcha|Matcha Gotcha|p1b: Sinistcha|[spread] p1b\n|-activate|p1a: Gengar|move: Protect\n|-resisted|p1b: Sinistcha|1\n|-damage|p1b: Sinistcha|90/100\n|move|p2a: Gardevoir|Psychic|p1a: Gengar\n|-activate|p1a: Gengar|move: Protect\n|\n|-weather|none\n|-start|p2b: Sinistcha|perish0\n|-start|p2a: Gardevoir|perish0\n|faint|p2b: Sinistcha\n|faint|p2a: Gardevoir\n|upkeep\n|\n|t:|1776160478\n|switch|p2b: Kingambit|Kingambit, L50, M|100/100\n|switch|p2a: Incineroar|Incineroar, L50, M|100/100\n|-ability|p2a: Incineroar|Intimidate|boost\n|-unboost|p1a: Gengar|atk|1\n|-unboost|p1b: Sinistcha|atk|1\n|turn|7\n|\n|t:|1776160501\n|move|p1b: Sinistcha|Rage Powder|p1b: Sinistcha\n|-singleturn|p1b: Sinistcha|move: Rage Powder\n|move|p2b: Kingambit|Sucker Punch||[still]\n|-fail|p2b: Kingambit\n|move|p2a: Incineroar|Flare Blitz|p1b: Sinistcha\n|-supereffective|p1b: Sinistcha|1\n|-damage|p1b: Sinistcha|6/100\n|-damage|p2a: Incineroar|76/100|[from] Recoil\n|move|p1a: Gengar|Perish Song|p1a: Gengar\n|-start|p1a: Gengar|perish3|[silent]\n|-start|p1b: Sinistcha|perish3|[silent]\n|-start|p2a: Incineroar|perish3|[silent]\n|-start|p2b: Kingambit|perish3|[silent]\n|-fieldactivate|move: Perish Song\n|\n|-start|p2b: Kingambit|perish3\n|-start|p2a: Incineroar|perish3\n|-start|p1b: Sinistcha|perish3\n|-start|p1a: Gengar|perish3\n|upkeep\n|turn|8\n|\n|t:|1776160539\n|move|p1b: Sinistcha|Rage Powder|p1b: Sinistcha\n|-singleturn|p1b: Sinistcha|move: Rage Powder\n|move|p2b: Kingambit|Kowtow Cleave|p1b: Sinistcha\n|-supereffective|p1b: Sinistcha|1\n|-damage|p1b: Sinistcha|0 fnt\n|faint|p1b: Sinistcha\n|move|p2a: Incineroar|Flare Blitz|p1a: Gengar\n|-damage|p1a: Gengar|0 fnt\n|faint|p1a: Gengar\n|-damage|p2a: Incineroar|62/100|[from] Recoil\n|\n|-start|p2b: Kingambit|perish2\n|-start|p2a: Incineroar|perish2\n|-fieldend|move: Trick Room\n|upkeep\n|\n|t:|1776160548\n|switch|p1b: Politoed|Politoed, L50, M|11/100\n|-weather|RainDance|[from] ability: Drizzle|[of] p1b: Politoed\n|turn|9\n|\n|t:|1776160565\n|move|p1b: Politoed|Protect|p1b: Politoed\n|-singleturn|p1b: Politoed|Protect\n|move|p2a: Incineroar|Throat Chop|p1b: Politoed\n|-activate|p1b: Politoed|move: Protect\n|move|p2b: Kingambit|Kowtow Cleave|p1b: Politoed\n|-activate|p1b: Politoed|move: Protect\n|\n|-weather|RainDance|[upkeep]\n|-heal|p1b: Politoed|17/100|[from] item: Leftovers\n|-start|p2a: Incineroar|perish1\n|-start|p2b: Kingambit|perish1\n|upkeep\n|turn|10\n|\n|t:|1776160583\n|move|p1b: Politoed|Protect|p1b: Politoed\n|-singleturn|p1b: Politoed|Protect\n|move|p2a: Incineroar|Throat Chop|p1b: Politoed\n|-activate|p1b: Politoed|move: Protect\n|move|p2b: Kingambit|Kowtow Cleave|p1b: Politoed\n|-activate|p1b: Politoed|move: Protect\n|\n|-weather|RainDance|[upkeep]\n|-heal|p1b: Politoed|23/100|[from] item: Leftovers\n|-start|p2a: Incineroar|perish0\n|-start|p2b: Kingambit|perish0\n|faint|p2a: Incineroar\n|faint|p2b: Kingambit\n|\n|win|Genius au\n|raw|Genius au's rating: 1003 &rarr; <strong>1042</strong><br />(+39 for winning)\n|raw|Leopipoo's rating: 1000 &rarr; <strong>1000</strong><br />(+0 for losing)\n|l|\u2606Leopipoo\n|player|p2|\n",
  "uploadtime": 1776160603,
  "views": 32,
  "formatid": "gen9championsvgc2026regma",
  "rating": 1000,
  "private": 0,
  "password": null
}