{
  "id": "gen9championsvgc2026regma-2583430232",
  "format": "[Gen 9 Champions] VGC 2026 Reg M-A",
  "players": [
    "Jose_L_42",
    "lufox2.0"
  ],
  "log": "|j|\u2606Jose_L_42\n|j|\u2606lufox2.0\n|t:|1776175133\n|gametype|doubles\n|player|p1|Jose_L_42|265|\n|player|p2|lufox2.0|n|\n|gen|9\n|tier|[Gen 9 Champions] VGC 2026 Reg M-A\n|rule|Species Clause: Limit one of each Pok\u00e9mon\n|rule|Item Clause: Limit 1 of each item\n|clearpoke\n|poke|p1|Meganium, L50, F|\n|poke|p1|Charizard, L50, M|\n|poke|p1|Politoed, L50, F|\n|poke|p1|Feraligatr, L50, M|\n|poke|p1|Azumarill, L50, M|\n|poke|p1|Drampa, L50, M|\n|poke|p2|Chandelure, L50, M|\n|poke|p2|Torkoal, L50, M|\n|poke|p2|Incineroar, L50, M|\n|poke|p2|Venusaur, L50, M|\n|poke|p2|Espathra, L50, F|\n|poke|p2|Sableye, L50, F|\n|teampreview|4\n|inactive|Battle timer is ON: inactive players will automatically lose when time's up. (requested by lufox2.0)\n|c|\u2606Jose_L_42|T\u00f4 pensando em mudar umas coisas\n|c|\u2606lufox2.0|tem alguns bicho q funciona melhor com outros itens\n|inactive|Jose_L_42 has 60 seconds left.\n|inactive|lufox2.0 has 60 seconds left.\n|\n|t:|1776175166\n|teamsize|p1|4\n|teamsize|p2|4\n|start\n|switch|p1a: Seu Claudio|Drampa, L50, M|100/100\n|switch|p1b: Jar\u00e9|Feraligatr, L50, M|100/100\n|switch|p2a: Sableye|Sableye, L50, F, shiny|100/100\n|switch|p2b: Espathra|Espathra, L50, F, shiny|100/100\n|turn|1\n|\n|t:|1776175182\n|move|p2a: Sableye|Protect|p2a: Sableye\n|-singleturn|p2a: Sableye|Protect\n|move|p2b: Espathra|Calm Mind|p2b: Espathra\n|-boost|p2b: Espathra|spa|1\n|-boost|p2b: Espathra|spd|1\n|move|p1b: Jar\u00e9|Swords Dance|p1b: Jar\u00e9\n|-boost|p1b: Jar\u00e9|atk|2\n|move|p1a: Seu Claudio|Draco Meteor|p2b: Espathra\n|-damage|p2b: Espathra|24/100\n|-unboost|p1a: Seu Claudio|spa|2\n|\n|-ability|p2b: Espathra|Speed Boost|boost\n|-boost|p2b: Espathra|spe|1\n|upkeep\n|turn|2\n|\n|t:|1776175202\n|move|p2a: Sableye|Gravity|p2a: Sableye\n|-fieldstart|move: Gravity\n|move|p2b: Espathra|Hypnosis|p1b: Jar\u00e9\n|-status|p1b: Jar\u00e9|slp|[from] move: Hypnosis\n|cant|p1b: Jar\u00e9|slp\n|move|p1a: Seu Claudio|Draco Meteor|p2b: Espathra\n|-damage|p2b: Espathra|0 fnt\n|-unboost|p1a: Seu Claudio|spa|2\n|faint|p2b: Espathra\n|\n|upkeep\n|\n|t:|1776175213\n|switch|p2b: Torkoal|Torkoal, L50, M, shiny|100/100\n|-weather|SunnyDay|[from] ability: Drought|[of] p2b: Torkoal\n|turn|3\n|c|\u2606Jose_L_42|N\u00e3o caio na do seu Berry Allen de novo\n|inactive|Jose_L_42 has 30 seconds left.\n|inactive|Jose_L_42 has 20 seconds left.\n|c|\u2606lufox2.0|a cada partida minha estrategia fica pior\n|inactive|Jose_L_42 has 15 seconds left.\n|\n|t:|1776175254\n|switch|p2a: Chandelure|Chandelure, L50, M, shiny|100/100\n|-curestatus|p1b: Jar\u00e9|slp|[msg]\n|move|p1b: Jar\u00e9|Hydro Pump|p2b: Torkoal\n|-supereffective|p2b: Torkoal|1\n|-damage|p2b: Torkoal|55/100\n|move|p1a: Seu Claudio|Solar Beam||[still]\n|-prepare|p1a: Seu Claudio|Solar Beam\n|-anim|p1a: Seu Claudio|Solar Beam|p2a: Chandelure\n|-resisted|p2a: Chandelure|1\n|-damage|p2a: Chandelure|90/100\n|move|p2b: Torkoal|Body Press|p1a: Seu Claudio\n|-supereffective|p1a: Seu Claudio|1\n|-damage|p1a: Seu Claudio|40/100\n|-ability|p1a: Seu Claudio|Berserk|boost\n|-boost|p1a: Seu Claudio|spa|1\n|\n|-weather|SunnyDay|[upkeep]\n|upkeep\n|turn|4\n|inactive|Jose_L_42 has 30 seconds left.\n|inactive|Jose_L_42 has 20 seconds left.\n|\n|t:|1776175292\n|detailschange|p2a: Chandelure|Chandelure-Mega, L50, M, shiny\n|-mega|p2a: Chandelure|Chandelure|Chandelurite\n|detailschange|p1b: Jar\u00e9|Feraligatr-Mega, L50, M\n|-mega|p1b: Jar\u00e9|Feraligatr|Feraligite\n|move|p2a: Chandelure|Energy Ball|p1b: Jar\u00e9\n|-damage|p1b: Jar\u00e9|55/100\n|move|p1b: Jar\u00e9|Hydro Pump|p2a: Chandelure\n|-supereffective|p2a: Chandelure|1\n|-damage|p2a: Chandelure|55/100\n|move|p1a: Seu Claudio|Draco Meteor|p2a: Chandelure\n|-damage|p2a: Chandelure|18/100\n|-unboost|p1a: Seu Claudio|spa|2\n|move|p2b: Torkoal|Body Press|p1a: Seu Claudio\n|-supereffective|p1a: Seu Claudio|1\n|-damage|p1a: Seu Claudio|0 fnt\n|faint|p1a: Seu Claudio\n|\n|-weather|SunnyDay|[upkeep]\n|upkeep\n|c|\u2606lufox2.0|ali\u00e1s\n|\n|t:|1776175311\n|switch|p1a: Dona R\u00e3|Politoed, L50, F|100/100\n|-weather|RainDance|[from] ability: Drizzle|[of] p1a: Dona R\u00e3\n|turn|5\n|c|\u2606lufox2.0|pq tu ta usando um golpe especial num feraligatr?\n|c|\u2606Jose_L_42|Esqueci de trocar\n|inactive|Jose_L_42 has 30 seconds left.\n|inactive|Jose_L_42 has 20 seconds left.\n|\n|t:|1776175348\n|move|p1b: Jar\u00e9|Protect|p1b: Jar\u00e9\n|-singleturn|p1b: Jar\u00e9|Protect\n|move|p2a: Chandelure|Energy Ball|p1a: Dona R\u00e3\n|-supereffective|p1a: Dona R\u00e3|1\n|-damage|p1a: Dona R\u00e3|51/100\n|move|p1a: Dona R\u00e3|Chilling Water|p2a: Chandelure\n|-supereffective|p2a: Chandelure|1\n|-damage|p2a: Chandelure|0 fnt\n|faint|p2a: Chandelure\n|move|p2b: Torkoal|Solar Beam||[still]\n|-prepare|p2b: Torkoal|Solar Beam\n|\n|-weather|RainDance|[upkeep]\n|upkeep\n|\n|t:|1776175361\n|switch|p2a: Sableye|Sableye, L50, F, shiny|100/100\n|turn|6\n|\n|t:|1776175376\n|move|p2a: Sableye|Fake Out|p1a: Dona R\u00e3\n|-damage|p1a: Dona R\u00e3|42/100\n|cant|p1a: Dona R\u00e3|flinch\n|move|p1b: Jar\u00e9|Double-Edge|p2a: Sableye\n|-damage|p2a: Sableye|0 fnt\n|faint|p2a: Sableye\n|-damage|p1b: Jar\u00e9|27/100|[from] Recoil\n|move|p2b: Torkoal|Solar Beam|p1a: Dona R\u00e3|[from] lockedmove\n|-supereffective|p1a: Dona R\u00e3|1\n|-damage|p1a: Dona R\u00e3|19/100\n|\n|-weather|RainDance|[upkeep]\n|-fieldend|move: Gravity\n|upkeep\n|turn|7\n|c|\u2606lufox2.0|gg\n|\n|t:|1776175393\n|move|p1a: Dona R\u00e3|Perish Song|p1a: Dona R\u00e3\n|-start|p1a: Dona R\u00e3|perish3|[silent]\n|-start|p1b: Jar\u00e9|perish3|[silent]\n|-start|p2b: Torkoal|perish3|[silent]\n|-fieldactivate|move: Perish Song\n|move|p1b: Jar\u00e9|Hydro Pump|p2b: Torkoal|[miss]\n|-miss|p1b: Jar\u00e9|p2b: Torkoal\n|move|p2b: Torkoal|Body Press|p1a: Dona R\u00e3\n|-damage|p1a: Dona R\u00e3|0 fnt\n|faint|p1a: Dona R\u00e3\n|\n|-weather|RainDance|[upkeep]\n|-start|p1b: Jar\u00e9|perish3\n|-start|p2b: Torkoal|perish3\n|upkeep\n|\n|t:|1776175407\n|switch|p1a: Calango|Charizard, L50, M, shiny|100/100\n|turn|8\n|\n|t:|1776175420\n|move|p1a: Calango|Weather Ball|p2b: Torkoal\n|-supereffective|p2b: Torkoal|1\n|-damage|p2b: Torkoal|0 fnt\n|faint|p2b: Torkoal\n|\n|win|Jose_L_42\n|c|\u2606Jose_L_42|gg\n",
  "uploadtime": 1776175429,
  "views": 16,
  "formatid": "gen9championsvgc2026regma",
  "rating": null,
  "private": 0,
  "password": null
}