{
  "id": "gen9championsvgc2026regma-2588683396",
  "format": "[Gen 9 Champions] VGC 2026 Reg M-A",
  "players": [
    "mimicrey",
    "Amukhan"
  ],
  "log": "|j|\u2606mimicrey\n|j|\u2606Amukhan\n|t:|1776657350\n|gametype|doubles\n|player|p1|mimicrey|boarder|1111\n|player|p2|Amukhan|ingo|1172\n|gen|9\n|tier|[Gen 9 Champions] VGC 2026 Reg M-A\n|rated|\n|rule|Species Clause: Limit one of each Pok\u00e9mon\n|rule|Item Clause: Limit 1 of each item\n|clearpoke\n|poke|p1|Gengar, L50, F, shiny|\n|poke|p1|Dragapult, L50, M|\n|poke|p1|Ceruledge, L50, M|\n|poke|p1|Mimikyu, L50, M|\n|poke|p1|Sinistcha, L50|\n|poke|p1|Sableye, L50, M|\n|poke|p2|Sneasler, L50, F, shiny|\n|poke|p2|Garchomp, L50, M|\n|poke|p2|Arcanine, L50, F|\n|poke|p2|Tyranitar, L50, F|\n|poke|p2|Gyarados, L50, F|\n|poke|p2|Rotom-Mow, L50|\n|teampreview|4\nmimicrey rejected open team sheets.\n|inactive|Battle timer is ON: inactive players will automatically lose when time's up. (requested by mimicrey)\n|inactive|Amukhan has 60 seconds left.\n|\n|t:|1776657410\n|teamsize|p1|4\n|teamsize|p2|4\n|start\n|switch|p1a: Sableye|Sableye, L50, M|100/100\n|switch|p1b: Ceruledge|Ceruledge, L50, M|100/100\n|switch|p2a: Sneasler|Sneasler, L50, F, shiny|100/100\n|switch|p2b: Gyarados|Gyarados, L50, F|100/100\n|-ability|p2b: Gyarados|Intimidate|boost\n|-unboost|p1a: Sableye|atk|1\n|-unboost|p1b: Ceruledge|atk|1\n|turn|1\n|inactive|Amukhan has 30 seconds left.\n|\n|t:|1776657435\n|move|p2b: Gyarados|Protect|p2b: Gyarados\n|-singleturn|p2b: Gyarados|Protect\n|move|p1a: Sableye|Fake Out|p2b: Gyarados\n|-activate|p2b: Gyarados|move: Protect\n|move|p2a: Sneasler|Coaching|p2b: Gyarados\n|-boost|p2b: Gyarados|atk|1\n|-boost|p2b: Gyarados|def|1\n|move|p1b: Ceruledge|Bitter Blade|p2a: Sneasler\n|-damage|p2a: Sneasler|42/100\n|\n|upkeep\n|turn|2\n|\n|t:|1776657454\n|detailschange|p2b: Gyarados|Gyarados-Mega, L50, F\n|-mega|p2b: Gyarados|Gyarados|Gyaradosite\n|-ability|p2b: Gyarados|Mold Breaker\n|move|p1a: Sableye|Encore|p2b: Gyarados\n|-hint|Since gen 7, Dark is immune to Prankster moves.\n|-immune|p2b: Gyarados\n|move|p2a: Sneasler|Coaching|p2b: Gyarados\n|-boost|p2b: Gyarados|atk|1\n|-boost|p2b: Gyarados|def|1\n|move|p1b: Ceruledge|Bitter Blade|p2a: Sneasler\n|-damage|p2a: Sneasler|0 fnt\n|faint|p2a: Sneasler\n|move|p2b: Gyarados|Dragon Dance|p2b: Gyarados\n|-boost|p2b: Gyarados|atk|1\n|-boost|p2b: Gyarados|spe|1\n|\n|upkeep\n|\n|t:|1776657473\n|switch|p2a: Arcanine|Arcanine, L50, F|100/100\n|-ability|p2a: Arcanine|Intimidate|boost\n|-unboost|p1a: Sableye|atk|1\n|-unboost|p1b: Ceruledge|atk|1\n|turn|3\n|\n|t:|1776657496\n|switch|p1a: Dragapult|Dragapult, L50, M|100/100\n|move|p1b: Ceruledge|Shadow Sneak|p2a: Arcanine\n|-damage|p2a: Arcanine|87/100\n|move|p2b: Gyarados|Crunch|p1a: Dragapult\n|-supereffective|p1a: Dragapult|1\n|-damage|p1a: Dragapult|0 fnt\n|faint|p1a: Dragapult\n|move|p2a: Arcanine|Howl|p2a: Arcanine|[spread] p2a,p2b\n|-boost|p2a: Arcanine|atk|1\n|-boost|p2b: Gyarados|atk|1\n|\n|upkeep\n|\n|t:|1776657506\n|switch|p1a: Sableye|Sableye, L50, M|100/100\n|turn|4\n|\n|t:|1776657515\n|move|p2b: Gyarados|Protect|p2b: Gyarados\n|-singleturn|p2b: Gyarados|Protect\n|move|p2a: Arcanine|Protect|p2a: Arcanine\n|-singleturn|p2a: Arcanine|Protect\n|move|p1a: Sableye|Fake Out|p2b: Gyarados\n|-activate|p2b: Gyarados|move: Protect\n|move|p1b: Ceruledge|Close Combat|p2b: Gyarados\n|-activate|p2b: Gyarados|move: Protect\n|\n|upkeep\n|turn|5\n|\n|t:|1776657531\n|move|p1a: Sableye|Encore|p2a: Arcanine\n|-start|p2a: Arcanine|Encore\n|move|p2a: Arcanine|Protect||[still]\n|-fail|p2a: Arcanine\n|move|p2b: Gyarados|Waterfall|p1b: Ceruledge\n|-supereffective|p1b: Ceruledge|1\n|-enditem|p1b: Ceruledge|Focus Sash\n|-damage|p1b: Ceruledge|1/100\n|cant|p1b: Ceruledge|flinch\n|\n|upkeep\n|turn|6\n|inactive|Amukhan has 30 seconds left.\n|\n|t:|1776657558\n|switch|p2a: Tyranitar|Tyranitar, L50, F|100/100\n|-weather|Sandstorm|[from] ability: Sand Stream|[of] p2a: Tyranitar\n|switch|p1a: Mimikyu|Mimikyu, L50, M|100/100\n|move|p1b: Ceruledge|Protect|p1b: Ceruledge\n|-singleturn|p1b: Ceruledge|Protect\n|move|p2b: Gyarados|Crunch|p1b: Ceruledge\n|-activate|p1b: Ceruledge|move: Protect\n|\n|-weather|Sandstorm|[upkeep]\n|-damage|p2b: Gyarados|94/100|[from] Sandstorm\n|-damage|p1b: Ceruledge|0 fnt|[from] Sandstorm\n|-damage|p1a: Mimikyu|94/100|[from] Sandstorm\n|faint|p1b: Ceruledge\n|upkeep\n|\n|t:|1776657571\n|switch|p1b: Sableye|Sableye, L50, M|100/100\n|turn|7\n|\n|t:|1776657592\n|move|p1b: Sableye|Protect|p1b: Sableye\n|-singleturn|p1b: Sableye|Protect\n|move|p2b: Gyarados|Crunch|p1b: Sableye\n|-activate|p1b: Sableye|move: Protect\n|move|p2a: Tyranitar|Knock Off|p1b: Sableye\n|-activate|p1b: Sableye|move: Protect\n|move|p1a: Mimikyu|Trick Room|p1a: Mimikyu\n|-fieldstart|move: Trick Room|[of] p1a: Mimikyu\n|\n|-weather|Sandstorm|[upkeep]\n|-damage|p1b: Sableye|95/100|[from] Sandstorm\n|-damage|p1a: Mimikyu|88/100|[from] Sandstorm\n|-damage|p2b: Gyarados|88/100|[from] Sandstorm\n|upkeep\n|turn|8\n|\n|t:|1776657611\n|move|p1b: Sableye|Disable|p2a: Tyranitar\n|-hint|Since gen 7, Dark is immune to Prankster moves.\n|-immune|p2a: Tyranitar\n|move|p1a: Mimikyu|Play Rough|p2b: Gyarados\n|-supereffective|p2b: Gyarados|1\n|-damage|p2b: Gyarados|43/100\n|move|p2a: Tyranitar|Knock Off|p1b: Sableye\n|-damage|p1b: Sableye|30/100\n|-enditem|p1b: Sableye|Mental Herb|[from] move: Knock Off|[of] p2a: Tyranitar\n|move|p2b: Gyarados|Crunch|p1b: Sableye\n|-damage|p1b: Sableye|0 fnt\n|faint|p1b: Sableye\n|\n|-weather|Sandstorm|[upkeep]\n|-damage|p1a: Mimikyu|82/100|[from] Sandstorm\n|-damage|p2b: Gyarados|37/100|[from] Sandstorm\n|upkeep\n|turn|9\n|\n|t:|1776657636\n|move|p2b: Gyarados|Protect|p2b: Gyarados\n|-singleturn|p2b: Gyarados|Protect\n|move|p1a: Mimikyu|Play Rough|p2a: Tyranitar\n|-supereffective|p2a: Tyranitar|1\n|-damage|p2a: Tyranitar|4/100\n|move|p2a: Tyranitar|Knock Off|p1a: Mimikyu\n|-activate|p1a: Mimikyu|ability: Disguise\n|-damage|p1a: Mimikyu|82/100\n|-enditem|p1a: Mimikyu|Fairy Feather|[from] move: Knock Off|[of] p2a: Tyranitar\n|detailschange|p1a: Mimikyu|Mimikyu-Busted, L50, M\n|-damage|p1a: Mimikyu|70/100|[from] pokemon: Mimikyu-Busted\n|\n|-weather|Sandstorm|[upkeep]\n|-damage|p1a: Mimikyu|63/100|[from] Sandstorm\n|-damage|p2b: Gyarados|31/100|[from] Sandstorm\n|upkeep\n|turn|10\n|\n|t:|1776657653\n|move|p1a: Mimikyu|Play Rough|p2b: Gyarados\n|-supereffective|p2b: Gyarados|1\n|-damage|p2b: Gyarados|0 fnt\n|faint|p2b: Gyarados\n|move|p2a: Tyranitar|Knock Off|p1a: Mimikyu\n|-damage|p1a: Mimikyu|15/100\n|\n|-weather|none\n|upkeep\n|\n|t:|1776657657\n|switch|p2b: Arcanine|Arcanine, L50, F|87/100\n|-ability|p2b: Arcanine|Intimidate|boost\n|-unboost|p1a: Mimikyu|atk|1\n|turn|11\n|\n|t:|1776657668\n|move|p1a: Mimikyu|Shadow Sneak|p2a: Tyranitar\n|-resisted|p2a: Tyranitar|1\n|-damage|p2a: Tyranitar|0 fnt\n|faint|p2a: Tyranitar\n|move|p2b: Arcanine|Flare Blitz|p1a: Mimikyu\n|-damage|p1a: Mimikyu|0 fnt\n|faint|p1a: Mimikyu\n|-damage|p2b: Arcanine|83/100|[from] Recoil\n|\n|win|Amukhan\n|raw|mimicrey's rating: 1111 &rarr; <strong>1090</strong><br />(-21 for losing)\n|raw|Amukhan's rating: 1172 &rarr; <strong>1193</strong><br />(+21 for winning)\n|l|\u2606mimicrey\n|player|p1|\n|c|\u2606Amukhan|Ggwp\n",
  "uploadtime": 1776657682,
  "views": 7,
  "formatid": "gen9championsvgc2026regma",
  "rating": 1090,
  "private": 0,
  "password": null
}