{
  "id": "gen9championsvgc2026regma-2583442640",
  "format": "[Gen 9 Champions] VGC 2026 Reg M-A",
  "players": [
    "galbiazzoh",
    "Zapdos79"
  ],
  "log": "|j|\u2606galbiazzoh\n|j|\u2606Zapdos79\n|t:|1776175951\n|gametype|doubles\n|player|p1|galbiazzoh|li|1247\n|player|p2|Zapdos79|flannery|1207\n|gen|9\n|tier|[Gen 9 Champions] VGC 2026 Reg M-A\n|rated|\n|rule|Species Clause: Limit one of each Pok\u00e9mon\n|rule|Item Clause: Limit 1 of each item\n|clearpoke\n|poke|p1|Manectric, L50, M|\n|poke|p1|Incineroar, L50, M|\n|poke|p1|Politoed, L50, F|\n|poke|p1|Sinistcha, L50|\n|poke|p1|Dragonite, L50, F|\n|poke|p1|Corviknight, L50, M|\n|poke|p2|Tyranitar, L50, F|\n|poke|p2|Basculegion, L50, M|\n|poke|p2|Excadrill, L50, M|\n|poke|p2|Meganium, L50, M|\n|poke|p2|Farigiraf, L50, M|\n|poke|p2|Incineroar, L50, F|\n|teampreview|4\ngalbiazzoh has agreed to open team sheets.\n|inactive|Battle timer is ON: inactive players will automatically lose when time's up. (requested by galbiazzoh)\n|inactive|Zapdos79 has 60 seconds left.\n|inactive|Zapdos79 has 30 seconds left.\n|\n|t:|1776176036\n|teamsize|p1|4\n|teamsize|p2|4\n|start\n|switch|p1a: Incineroar|Incineroar, L50, M|100/100\n|switch|p1b: Manectric|Manectric, L50, M|100/100\n|switch|p2a: Basculegion|Basculegion, L50, M|100/100\n|switch|p2b: Excadrill|Excadrill, L50, M|100/100\n|-ability|p1a: Incineroar|Intimidate|boost\n|-unboost|p2a: Basculegion|atk|1\n|-unboost|p2b: Excadrill|atk|1\n|-enditem|p2b: Excadrill|White Herb\n|-clearnegativeboost|p2b: Excadrill|[silent]\n|turn|1\n|inactive|galbiazzoh has 30 seconds left.\n|inactive|galbiazzoh has 20 seconds left.\n|\n|t:|1776176074\n|switch|p2a: Tyranitar|Tyranitar, L50, F|100/100\n|-weather|Sandstorm|[from] ability: Sand Stream|[of] p2a: Tyranitar\n|switch|p1a: Sinistcha|Sinistcha, L50|100/100\n|detailschange|p1b: Manectric|Manectric-Mega, L50, M\n|-mega|p1b: Manectric|Manectric|Manectite\n|-ability|p1b: Manectric|Intimidate|boost\n|-unboost|p2a: Tyranitar|atk|1\n|-unboost|p2b: Excadrill|atk|1\n|move|p2b: Excadrill|Protect|p2b: Excadrill\n|-singleturn|p2b: Excadrill|Protect\n|move|p1b: Manectric|Volt Switch|p2a: Tyranitar\n|-damage|p2a: Tyranitar|80/100\n|\n|t:|1776176085\n|switch|p1b: Incineroar|Incineroar, L50, M|100/100|[from] Volt Switch\n|-ability|p1b: Incineroar|Intimidate|boost\n|-unboost|p2a: Tyranitar|atk|1\n|-unboost|p2b: Excadrill|atk|1\n|\n|-weather|Sandstorm|[upkeep]\n|-damage|p1b: Incineroar|94/100|[from] Sandstorm\n|-damage|p1a: Sinistcha|94/100|[from] Sandstorm\n|-heal|p1a: Sinistcha|100/100|[from] item: Leftovers\n|upkeep\n|turn|2\n|\n|t:|1776176101\n|switch|p2b: Basculegion|Basculegion, L50, M|100/100\n|switch|p1a: Manectric|Manectric-Mega, L50, M|100/100\n|-ability|p1a: Manectric|Intimidate|boost\n|-unboost|p2a: Tyranitar|atk|1\n|-unboost|p2b: Basculegion|atk|1\n|move|p1b: Incineroar|Fake Out|p2b: Basculegion\n|-immune|p2b: Basculegion\n|move|p2a: Tyranitar|Rock Slide|p1b: Incineroar|[spread] p1a,p1b\n|-supereffective|p1b: Incineroar|1\n|-damage|p1a: Manectric|85/100\n|-damage|p1b: Incineroar|70/100\n|\n|-weather|Sandstorm|[upkeep]\n|-damage|p2b: Basculegion|94/100|[from] Sandstorm\n|-damage|p1a: Manectric|79/100|[from] Sandstorm\n|-damage|p1b: Incineroar|64/100|[from] Sandstorm\n|upkeep\n|turn|3\n|inactive|galbiazzoh has 30 seconds left.\n|inactive|Zapdos79 has 30 seconds left.\n|inactive|galbiazzoh has 20 seconds left.\n|inactive|Zapdos79 has 20 seconds left.\n|\n|t:|1776176138\n|switch|p2b: Excadrill|Excadrill, L50, M|100/100\n|switch|p1b: Sinistcha|Sinistcha, L50|100/100\n|-heal|p1a: Manectric|100/100|[from] ability: Hospitality|[of] p1b: Sinistcha\n|move|p1a: Manectric|Volt Switch|p2a: Tyranitar\n|-damage|p2a: Tyranitar|57/100\n|\n|t:|1776176146\n|switch|p1a: Politoed|Politoed, L50, F|100/100|[from] Volt Switch\n|-weather|RainDance|[from] ability: Drizzle|[of] p1a: Politoed\n|move|p2a: Tyranitar|Breaking Swipe|p1a: Politoed|[spread] p1a,p1b\n|-damage|p1a: Politoed|94/100\n|-damage|p1b: Sinistcha|95/100\n|-unboost|p1a: Politoed|atk|1\n|-unboost|p1b: Sinistcha|atk|1\n|\n|-weather|RainDance|[upkeep]\n|-heal|p1b: Sinistcha|100/100|[from] item: Leftovers\n|upkeep\n|turn|4\n|\n|t:|1776176163\n|switch|p2a: Basculegion|Basculegion, L50, M|94/100\n|move|p2b: Excadrill|Protect|p2b: Excadrill\n|-singleturn|p2b: Excadrill|Protect\n|move|p1a: Politoed|Muddy Water|p2a: Basculegion|[spread] p2a\n|-activate|p2b: Excadrill|move: Protect\n|-resisted|p2a: Basculegion|1\n|-damage|p2a: Basculegion|73/100\n|move|p1b: Sinistcha|Matcha Gotcha|p2b: Excadrill|[spread] p2a\n|-activate|p2b: Excadrill|move: Protect\n|-supereffective|p2a: Basculegion|1\n|-damage|p2a: Basculegion|21/100\n|\n|-weather|RainDance|[upkeep]\n|upkeep\n|turn|5\n|inactive|galbiazzoh has 30 seconds left.\n|inactive|Zapdos79 has 30 seconds left.\n|\n|t:|1776176190\n|move|p2a: Basculegion|Flip Turn|p1a: Politoed\n|-resisted|p1a: Politoed|1\n|-damage|p1a: Politoed|63/100\n|\n|t:|1776176200\n|switch|p2a: Tyranitar|Tyranitar, L50, F|57/100|[from] Flip Turn\n|-weather|Sandstorm|[from] ability: Sand Stream|[of] p2a: Tyranitar\n|move|p2b: Excadrill|High Horsepower|p1a: Politoed\n|-damage|p1a: Politoed|10/100\n|-enditem|p1a: Politoed|Sitrus Berry|[eat]\n|-heal|p1a: Politoed|35/100|[from] item: Sitrus Berry\n|move|p1a: Politoed|Muddy Water|p2a: Tyranitar|[spread] p2a\n|-miss|p1a: Politoed|p2b: Excadrill\n|-supereffective|p2a: Tyranitar|1\n|-enditem|p2a: Tyranitar|Passho Berry|[eat]\n|-enditem|p2a: Tyranitar|Passho Berry|[weaken]\n|-damage|p2a: Tyranitar|42/100\n|move|p1b: Sinistcha|Matcha Gotcha|p2b: Excadrill|[spread] p2a,p2b\n|-supereffective|p2a: Tyranitar|1\n|-damage|p2a: Tyranitar|4/100\n|-damage|p2b: Excadrill|69/100\n|\n|-weather|Sandstorm|[upkeep]\n|-damage|p1a: Politoed|29/100|[from] Sandstorm\n|-damage|p1b: Sinistcha|94/100|[from] Sandstorm\n|-heal|p1b: Sinistcha|100/100|[from] item: Leftovers\n|upkeep\n|turn|6\n|\n|t:|1776176225\n|move|p1a: Politoed|Protect|p1a: Politoed\n|-singleturn|p1a: Politoed|Protect\n|move|p2b: Excadrill|Rock Slide|p1a: Politoed|[spread] p1b\n|-activate|p1a: Politoed|move: Protect\n|-damage|p1b: Sinistcha|85/100\n|move|p2a: Tyranitar|Rock Slide|p1b: Sinistcha|[spread] p1b\n|-activate|p1a: Politoed|move: Protect\n|-damage|p1b: Sinistcha|59/100\n|cant|p1b: Sinistcha|flinch\n|\n|-weather|Sandstorm|[upkeep]\n|-damage|p1a: Politoed|23/100|[from] Sandstorm\n|-damage|p1b: Sinistcha|53/100|[from] Sandstorm\n|-heal|p1b: Sinistcha|59/100|[from] item: Leftovers\n|upkeep\n|turn|7\n|inactive|Zapdos79 has 30 seconds left.\n|inactive|galbiazzoh has 30 seconds left.\n|inactive|Zapdos79 has 20 seconds left.\n|\n|t:|1776176262\n|switch|p1a: Incineroar|Incineroar, L50, M|64/100\n|-ability|p1a: Incineroar|Intimidate|boost\n|-unboost|p2a: Tyranitar|atk|1\n|-unboost|p2b: Excadrill|atk|1\n|move|p2b: Excadrill|Protect|p2b: Excadrill\n|-singleturn|p2b: Excadrill|Protect\n|move|p2a: Tyranitar|Rock Slide|p1b: Sinistcha|[spread] p1a,p1b\n|-supereffective|p1a: Incineroar|1\n|-crit|p1a: Incineroar\n|-damage|p1a: Incineroar|0 fnt\n|-damage|p1b: Sinistcha|43/100\n|faint|p1a: Incineroar\n|move|p1b: Sinistcha|Trick Room|p1b: Sinistcha\n|-fieldstart|move: Trick Room|[of] p1b: Sinistcha\n|\n|-weather|Sandstorm|[upkeep]\n|-damage|p1b: Sinistcha|37/100|[from] Sandstorm\n|-heal|p1b: Sinistcha|43/100|[from] item: Leftovers\n|upkeep\n|\n|t:|1776176271\n|switch|p1a: Politoed|Politoed, L50, F|23/100\n|-weather|RainDance|[from] ability: Drizzle|[of] p1a: Politoed\n|turn|8\n|inactive|Zapdos79 has 30 seconds left.\n|inactive|Zapdos79 has 20 seconds left.\n|\n|t:|1776176312\n|switch|p2a: Meganium|Meganium, L50, M|100/100\n|move|p2b: Excadrill|Protect||[still]\n|-fail|p2b: Excadrill\n|move|p1b: Sinistcha|Life Dew|p1b: Sinistcha|[spread] p1a,p1b\n|-heal|p1a: Politoed|48/100\n|-heal|p1b: Sinistcha|68/100\n|move|p1a: Politoed|Muddy Water|p2a: Meganium|[spread] p2a,p2b\n|-resisted|p2a: Meganium|1\n|-supereffective|p2b: Excadrill|1\n|-damage|p2a: Meganium|80/100\n|-damage|p2b: Excadrill|0 fnt\n|faint|p2b: Excadrill\n|\n|-weather|RainDance|[upkeep]\n|-heal|p1b: Sinistcha|75/100|[from] item: Leftovers\n|upkeep\n|\n|t:|1776176332\n|switch|p2b: Tyranitar|Tyranitar, L50, F|4/100\n|-weather|Sandstorm|[from] ability: Sand Stream|[of] p2b: Tyranitar\n|turn|9\n|\n|t:|1776176348\n|detailschange|p2a: Meganium|Meganium-Mega, L50, M\n|-mega|p2a: Meganium|Meganium|Meganiumite\n|move|p1a: Politoed|Protect|p1a: Politoed\n|-singleturn|p1a: Politoed|Protect\n|move|p1b: Sinistcha|Matcha Gotcha|p2a: Meganium|[spread] p2a,p2b\n|-resisted|p2a: Meganium|1\n|-supereffective|p2b: Tyranitar|1\n|-damage|p2a: Meganium|67/100\n|-heal|p1b: Sinistcha|80/100|[from] drain|[of] p2a: Meganium\n|-damage|p2b: Tyranitar|0 fnt\n|-heal|p1b: Sinistcha|82/100|[from] drain|[of] p2b: Tyranitar\n|faint|p2b: Tyranitar\n|move|p2a: Meganium|Weather Ball|p1b: Sinistcha\n|-supereffective|p1b: Sinistcha|1\n|-damage|p1b: Sinistcha|0 fnt\n|faint|p1b: Sinistcha\n|\n|-weather|Sandstorm|[upkeep]\n|-damage|p1a: Politoed|42/100|[from] Sandstorm\n|-damage|p2a: Meganium|62/100|[from] Sandstorm\n|upkeep\n|\n|t:|1776176366\n|switch|p1b: Manectric|Manectric-Mega, L50, M|100/100\n|switch|p2b: Basculegion|Basculegion, L50, M|21/100\n|-ability|p1b: Manectric|Intimidate|boost\n|-unboost|p2a: Meganium|atk|1\n|-unboost|p2b: Basculegion|atk|1\n|turn|10\n|\n|t:|1776176384\n|move|p1a: Politoed|Protect||[still]\n|-fail|p1a: Politoed\n|move|p2a: Meganium|Solar Beam||[still]\n|-prepare|p2a: Meganium|Solar Beam\n|-activate|p2a: Meganium|ability: Mega Sol\n|-anim|p2a: Meganium|Solar Beam|p1a: Politoed\n|-supereffective|p1a: Politoed|1\n|-damage|p1a: Politoed|0 fnt\n|faint|p1a: Politoed\n|move|p1b: Manectric|Snarl|p2b: Basculegion|[spread] p2a,p2b\n|-resisted|p2a: Meganium|1\n|-supereffective|p2b: Basculegion|1\n|-damage|p2a: Meganium|56/100\n|-damage|p2b: Basculegion|0 fnt\n|-unboost|p2a: Meganium|spa|1\n|faint|p2b: Basculegion\n|\n|-weather|Sandstorm|[upkeep]\n|-damage|p2a: Meganium|50/100|[from] Sandstorm\n|-damage|p1b: Manectric|94/100|[from] Sandstorm\n|upkeep\n|turn|11\n|\n|t:|1776176403\n|move|p1b: Manectric|Protect|p1b: Manectric\n|-singleturn|p1b: Manectric|Protect\n|move|p2a: Meganium|Solar Beam||[still]\n|-prepare|p2a: Meganium|Solar Beam\n|-activate|p2a: Meganium|ability: Mega Sol\n|-anim|p2a: Meganium|Solar Beam|p1b: Manectric\n|-activate|p1b: Manectric|move: Protect\n|\n|-weather|Sandstorm|[upkeep]\n|-damage|p2a: Meganium|44/100|[from] Sandstorm\n|-damage|p1b: Manectric|88/100|[from] Sandstorm\n|-fieldend|move: Trick Room\n|upkeep\n|turn|12\n|\n|t:|1776176409\n|move|p1b: Manectric|Snarl|p2a: Meganium\n|-resisted|p2a: Meganium|1\n|-damage|p2a: Meganium|36/100\n|-unboost|p2a: Meganium|spa|1\n|move|p2a: Meganium|Solar Beam||[still]\n|-prepare|p2a: Meganium|Solar Beam\n|-activate|p2a: Meganium|ability: Mega Sol\n|-anim|p2a: Meganium|Solar Beam|p1b: Manectric\n|-damage|p1b: Manectric|41/100\n|\n|-weather|Sandstorm|[upkeep]\n|-damage|p1b: Manectric|34/100|[from] Sandstorm\n|-damage|p2a: Meganium|30/100|[from] Sandstorm\n|upkeep\n|turn|13\n|\n|t:|1776176426\n|move|p1b: Manectric|Protect|p1b: Manectric\n|-singleturn|p1b: Manectric|Protect\n|move|p2a: Meganium|Solar Beam||[still]\n|-prepare|p2a: Meganium|Solar Beam\n|-activate|p2a: Meganium|ability: Mega Sol\n|-anim|p2a: Meganium|Solar Beam|p1b: Manectric\n|-activate|p1b: Manectric|move: Protect\n|\n|-weather|none\n|upkeep\n|turn|14\n|\n|t:|1776176435\n|move|p1b: Manectric|Thunderbolt|p2a: Meganium\n|-resisted|p2a: Meganium|1\n|-damage|p2a: Meganium|8/100\n|move|p2a: Meganium|Solar Beam||[still]\n|-prepare|p2a: Meganium|Solar Beam\n|-activate|p2a: Meganium|ability: Mega Sol\n|-anim|p2a: Meganium|Solar Beam|p1b: Manectric\n|-damage|p1b: Manectric|0 fnt\n|faint|p1b: Manectric\n|\n|win|Zapdos79\n|raw|galbiazzoh's rating: 1247 &rarr; <strong>1219</strong><br />(-28 for losing)\n|raw|Zapdos79's rating: 1207 &rarr; <strong>1235</strong><br />(+28 for winning)\n|l|\u2606galbiazzoh\n|player|p1|\n",
  "uploadtime": 1776176454,
  "views": 16,
  "formatid": "gen9championsvgc2026regma",
  "rating": 1219,
  "private": 0,
  "password": null
}