{
  "id": "gen9championsvgc2026regma-2584470434",
  "format": "[Gen 9 Champions] VGC 2026 Reg M-A",
  "players": [
    "Tygroclaw",
    "Underclass_Zero"
  ],
  "log": "|j|\u2606Tygroclaw\n|j|\u2606Underclass_Zero\n|t:|1776263040\n|gametype|doubles\n|player|p1|Tygroclaw|biker-gen4|1080\n|player|p2|Underclass_Zero|roxie|1120\n|gen|9\n|tier|[Gen 9 Champions] VGC 2026 Reg M-A\n|rated|\n|rule|Species Clause: Limit one of each Pok\u00e9mon\n|rule|Item Clause: Limit 1 of each item\n|clearpoke\n|poke|p1|Sneasler, L50, M|\n|poke|p1|Hawlucha, L50, M|\n|poke|p1|Kingambit, L50, F|\n|poke|p1|Garchomp, L50, F|\n|poke|p1|Primarina, L50, F|\n|poke|p1|Sableye, L50, F|\n|poke|p2|Castform, L50, M|\n|poke|p2|Pelipper, L50, M|\n|poke|p2|Torkoal, L50, F|\n|poke|p2|Abomasnow, L50, F|\n|poke|p2|Tyranitar, L50, F|\n|poke|p2|Scizor, L50, F|\n|teampreview|4\n|inactive|Battle timer is ON: inactive players will automatically lose when time's up. (requested by Tygroclaw)\n|inactive|Tygroclaw has 60 seconds left.\n|inactive|Underclass_Zero has 60 seconds left.\n|\n|t:|1776263078\n|teamsize|p1|4\n|teamsize|p2|4\n|start\n|switch|p1a: Hawlucha|Hawlucha, L50, M|100/100\n|switch|p1b: Sableye|Sableye, L50, F|100/100\n|switch|p2a: Skittles|Castform, L50, M|100/100\n|switch|p2b: Yart|Torkoal, L50, F|100/100\n|-weather|SunnyDay|[from] ability: Drought|[of] p2b: Yart\n|-formechange|p2a: Skittles|Castform-Sunny|[msg]|[from] ability: Forecast\n|turn|1\n|inactive|Underclass_Zero has 30 seconds left.\n|\n|t:|1776263105\n|detailschange|p1a: Hawlucha|Hawlucha-Mega, L50, M\n|-mega|p1a: Hawlucha|Hawlucha|Hawluchanite\n|move|p1b: Sableye|Fake Out|p2a: Skittles\n|-damage|p2a: Skittles|81/100\n|move|p1a: Hawlucha|Stone Edge|p2b: Yart\n|-supereffective|p2b: Yart|1\n|-damage|p2b: Yart|54/100\n|cant|p2a: Skittles|flinch\n|move|p2b: Yart|Yawn|p1a: Hawlucha\n|-start|p1a: Hawlucha|move: Yawn|[of] p2b: Yart\n|\n|-weather|SunnyDay|[upkeep]\n|upkeep\n|turn|2\n|inactive|Tygroclaw has 30 seconds left.\n|\n|t:|1776263134\n|move|p1b: Sableye|Light Screen|p1b: Sableye\n|-sidestart|p1: Tygroclaw|move: Light Screen\n|move|p1a: Hawlucha|Stone Edge|p2b: Yart\n|-supereffective|p2b: Yart|1\n|-damage|p2b: Yart|7/100\n|move|p2a: Skittles|Weather Ball|p1a: Hawlucha\n|-damage|p1a: Hawlucha|55/100\n|move|p2b: Yart|Stealth Rock|p1b: Sableye\n|-sidestart|p1: Tygroclaw|move: Stealth Rock\n|\n|-weather|SunnyDay|[upkeep]\n|-end|p1a: Hawlucha|move: Yawn|[silent]\n|-status|p1a: Hawlucha|slp\n|upkeep\n|turn|3\n|\n|t:|1776263154\n|switch|p1a: Primarina|Primarina, L50, F|100/100\n|-damage|p1a: Primarina|88/100|[from] Stealth Rock\n|move|p1b: Sableye|Reflect|p1b: Sableye\n|-sidestart|p1: Tygroclaw|Reflect\n|move|p2a: Skittles|Weather Ball|p1b: Sableye\n|-damage|p1b: Sableye|21/100\n|move|p2b: Yart|Lava Plume|p1a: Primarina|[spread] p2a,p1a,p1b\n|-resisted|p2a: Skittles|1\n|-resisted|p1a: Primarina|1\n|-damage|p2a: Skittles|58/100\n|-damage|p1a: Primarina|81/100\n|-damage|p1b: Sableye|0 fnt\n|faint|p1b: Sableye\n|\n|-weather|SunnyDay|[upkeep]\n|-heal|p1a: Primarina|87/100|[from] item: Leftovers\n|upkeep\n|\n|t:|1776263175\n|switch|p1b: Hawlucha|Hawlucha-Mega, L50, M|55/100 slp\n|-damage|p1b: Hawlucha|42/100 slp|[from] Stealth Rock\n|turn|4\n|\n|t:|1776263194\n|switch|p2a: Red 40|Scizor, L50, F|100/100\n|cant|p1b: Hawlucha|slp\n|move|p1a: Primarina|Hyper Voice|p2b: Yart|[spread] p2a,p2b\n|-supereffective|p2b: Yart|1\n|-damage|p2a: Red 40|78/100\n|-damage|p2b: Yart|0 fnt\n|faint|p2b: Yart\n|\n|-weather|SunnyDay|[upkeep]\n|-heal|p1a: Primarina|92/100|[from] item: Leftovers\n|upkeep\n|\n|t:|1776263205\n|switch|p2b: Toilet|Pelipper, L50, M|100/100\n|-weather|RainDance|[from] ability: Drizzle|[of] p2b: Toilet\n|turn|5\n|\n|t:|1776263227\n|switch|p1a: Sneasler|Sneasler, L50, M|100/100\n|-damage|p1a: Sneasler|95/100|[from] Stealth Rock\n|detailschange|p2a: Red 40|Scizor-Mega, L50, F\n|-mega|p2a: Red 40|Scizor|Scizorite\n|cant|p1b: Hawlucha|slp\n|move|p2a: Red 40|Swords Dance|p2a: Red 40\n|-boost|p2a: Red 40|atk|2\n|move|p2b: Toilet|Tailwind|p2b: Toilet\n|-sidestart|p2: Underclass_Zero|move: Tailwind\n|\n|-weather|RainDance|[upkeep]\n|upkeep\n|turn|6\n|\n|t:|1776263248\n|move|p1a: Sneasler|Fake Out|p2a: Red 40\n|-resisted|p2a: Red 40|1\n|-damage|p2a: Red 40|71/100\n|cant|p2a: Red 40|flinch\n|-curestatus|p1b: Hawlucha|slp|[msg]\n|move|p1b: Hawlucha|Stone Edge|p2b: Toilet\n|-supereffective|p2b: Toilet|1\n|-damage|p2b: Toilet|31/100\n|move|p2b: Toilet|Hurricane|p1a: Sneasler\n|-supereffective|p1a: Sneasler|1\n|-damage|p1a: Sneasler|27/100\n|\n|-weather|RainDance|[upkeep]\n|-sideend|p1: Tygroclaw|move: Light Screen\n|upkeep\n|turn|7\n|\n|t:|1776263272\n|move|p2a: Red 40|Dual Wingbeat|p1b: Hawlucha\n|-supereffective|p1b: Hawlucha|1\n|-damage|p1b: Hawlucha|0 fnt\n|faint|p1b: Hawlucha\n|-hitcount|p1: Hawlucha|1\n|move|p1a: Sneasler|Close Combat|p2a: Red 40\n|-damage|p2a: Red 40|9/100\n|-unboost|p1a: Sneasler|def|1\n|-unboost|p1a: Sneasler|spd|1\n|-enditem|p1a: Sneasler|White Herb\n|-clearnegativeboost|p1a: Sneasler|[silent]\n|move|p2b: Toilet|Hurricane|p1a: Sneasler\n|-supereffective|p1a: Sneasler|1\n|-damage|p1a: Sneasler|0 fnt\n|faint|p1a: Sneasler\n|\n|-weather|RainDance|[upkeep]\n|-sideend|p1: Tygroclaw|Reflect\n|upkeep\n|\n|t:|1776263291\n|switch|p1b: Primarina|Primarina, L50, F|92/100\n|-damage|p1b: Primarina|80/100|[from] Stealth Rock\n|turn|8\n|\n|t:|1776263301\n|move|p2b: Toilet|Wide Guard|p2b: Toilet\n|-singleturn|p2b: Toilet|Wide Guard\n|move|p2a: Red 40|U-turn|p1b: Primarina\n|-resisted|p1b: Primarina|1\n|-damage|p1b: Primarina|26/100\n|\n|t:|1776263306\n|switch|p2a: Skittles|Castform, L50, M|58/100|[from] U-turn\n|-formechange|p2a: Skittles|Castform-Rainy|[msg]|[from] ability: Forecast\n|move|p1b: Primarina|Hyper Voice|p2a: Skittles|[spread] \n|-activate|p2a: Skittles|move: Wide Guard\n|-activate|p2b: Toilet|move: Wide Guard\n|\n|-weather|RainDance|[upkeep]\n|-heal|p1b: Primarina|32/100|[from] item: Leftovers\n|-sideend|p2: Underclass_Zero|move: Tailwind\n|upkeep\n|turn|9\n|\n|t:|1776263327\n|move|p2a: Skittles|Thunder|p1b: Primarina\n|-supereffective|p1b: Primarina|1\n|-damage|p1b: Primarina|0 fnt\n|faint|p1b: Primarina\n|\n|win|Underclass_Zero\n|raw|Tygroclaw's rating: 1080 &rarr; <strong>1061</strong><br />(-19 for losing)\n|raw|Underclass_Zero's rating: 1120 &rarr; <strong>1142</strong><br />(+22 for winning)\n",
  "uploadtime": 1776263341,
  "views": 30,
  "formatid": "gen9championsvgc2026regma",
  "rating": 1061,
  "private": 0,
  "password": null
}