{
  "id": "gen9championsvgc2026regma-2589538642",
  "format": "[Gen 9 Champions] VGC 2026 Reg M-A",
  "players": [
    "everyone (bob)",
    "mithology2467"
  ],
  "log": "|j|\u2606everyone (bob)\n|j|\u2606mithology2467\n|t:|1776732167\n|gametype|doubles\n|player|p1|everyone (bob)|cynthia-gen4|1152\n|player|p2|mithology2467|caitlin|1134\n|gen|9\n|tier|[Gen 9 Champions] VGC 2026 Reg M-A\n|rated|\n|rule|Species Clause: Limit one of each Pok\u00e9mon\n|rule|Item Clause: Limit 1 of each item\n|clearpoke\n|poke|p1|Aggron, L50, M, shiny|\n|poke|p1|Tyranitar, L50, M, shiny|\n|poke|p1|Incineroar, L50, M, shiny|\n|poke|p1|Sinistcha-Masterpiece, L50, shiny|\n|poke|p1|Aerodactyl, L50, F, shiny|\n|poke|p1|Meganium, L50, F|\n|poke|p2|Drampa, L50, M|\n|poke|p2|Zoroark-Hisui, L50, F|\n|poke|p2|Heliolisk, L50, F|\n|poke|p2|Sylveon, L50, M|\n|poke|p2|Hydreigon, L50, F|\n|poke|p2|Noivern, L50, M|\n|teampreview|4\n|inactive|Battle timer is ON: inactive players will automatically lose when time's up. (requested by mithology2467)\n|inactive|everyone (bob) has 60 seconds left.\nmithology2467 rejected open team sheets.\n|inactive|everyone (bob) has 30 seconds left.\n|\n|t:|1776732233\n|teamsize|p1|4\n|teamsize|p2|4\n|start\n|switch|p1a: Incineroar|Incineroar, L50, M, shiny|100/100\n|switch|p1b: Aerodactyl|Aerodactyl, L50, F, shiny|100/100\n|switch|p2a: Heliolisk|Heliolisk, L50, F|100/100\n|switch|p2b: Hydreigon|Hydreigon, L50, F|100/100\n|-ability|p1b: Aerodactyl|Unnerve\n|-ability|p1a: Incineroar|Intimidate|boost\n|-unboost|p2a: Heliolisk|atk|1\n|-unboost|p2b: Hydreigon|atk|1\n|turn|1\n|inactive|mithology2467 has 30 seconds left.\n|inactive|mithology2467 has 20 seconds left.\n|\n|t:|1776732269\n|move|p2a: Heliolisk|Surf|p1a: Incineroar|[spread] p2b,p1a,p1b\n|-supereffective|p1a: Incineroar|1\n|-supereffective|p1b: Aerodactyl|1\n|-damage|p2b: Hydreigon|57/100\n|-damage|p1a: Incineroar|68/100\n|-damage|p1b: Aerodactyl|32/100\n|replace|p2b: Zoroark|Zoroark-Hisui, L50, F\n|-end|p2b: Zoroark|Illusion\n|move|p1b: Aerodactyl|Rock Slide|p2a: Heliolisk|[spread] p2a,p2b\n|-damage|p2a: Heliolisk|44/100\n|-damage|p2b: Zoroark|7/100\n|move|p2b: Zoroark|Bitter Malice|p1b: Aerodactyl\n|-damage|p1b: Aerodactyl|0 fnt\n|faint|p1b: Aerodactyl\n|move|p1a: Incineroar|Darkest Lariat|p2a: Heliolisk\n|-damage|p2a: Heliolisk|0 fnt\n|faint|p2a: Heliolisk\n|\n|upkeep\n|inactive|mithology2467 has 30 seconds left.\n|\n|t:|1776732304\n|switch|p1b: Tyranitar|Tyranitar, L50, M, shiny|100/100\n|switch|p2a: Drampa|Drampa, L50, M|100/100\n|-weather|Sandstorm|[from] ability: Sand Stream|[of] p1b: Tyranitar\n|-ability|p2a: Drampa|Cloud Nine\n|turn|2\n|\n|t:|1776732318\n|detailschange|p2a: Drampa|Drampa-Mega, L50, M\n|-mega|p2a: Drampa|Drampa|Drampanite\n|move|p1b: Tyranitar|Protect|p1b: Tyranitar\n|-singleturn|p1b: Tyranitar|Protect\n|move|p2b: Zoroark|Round|p1a: Incineroar\n|-damage|p1a: Incineroar|41/100\n|-enditem|p1a: Incineroar|Sitrus Berry|[eat]\n|-heal|p1a: Incineroar|66/100|[from] item: Sitrus Berry\n|move|p2a: Drampa|Round|p1a: Incineroar|[from] move: Round\n|-damage|p1a: Incineroar|0 fnt\n|faint|p1a: Incineroar\n|\n|-weather|Sandstorm|[upkeep]\n|-damage|p2b: Zoroark|1/100|[from] Sandstorm\n|-damage|p2a: Drampa|95/100|[from] Sandstorm\n|upkeep\n|\n|t:|1776732333\n|switch|p1a: Meganium|Meganium, L50, F|100/100\n|turn|3\n|\n|t:|1776732356\n|detailschange|p1a: Meganium|Meganium-Mega, L50, F\n|-mega|p1a: Meganium|Meganium|Meganiumite\n|move|p1a: Meganium|Protect|p1a: Meganium\n|-singleturn|p1a: Meganium|Protect\n|move|p2b: Zoroark|Sludge Bomb|p1a: Meganium\n|-activate|p1a: Meganium|move: Protect\n|move|p1b: Tyranitar|Rock Slide|p2b: Zoroark|[spread] \n|-miss|p1b: Tyranitar|p2a: Drampa\n|-miss|p1b: Tyranitar|p2b: Zoroark\n|move|p2a: Drampa|Dragon Pulse|p1b: Tyranitar\n|-damage|p1b: Tyranitar|67/100\n|\n|-weather|Sandstorm|[upkeep]\n|-damage|p2b: Zoroark|0 fnt|[from] Sandstorm\n|-damage|p1a: Meganium|95/100|[from] Sandstorm\n|-damage|p2a: Drampa|89/100|[from] Sandstorm\n|faint|p2b: Zoroark\n|upkeep\n|\n|t:|1776732370\n|switch|p2b: Hydreigon|Hydreigon, L50, F|100/100\n|turn|4\n|\n|t:|1776732386\n|move|p2b: Hydreigon|Round|p1a: Meganium\n|-damage|p1a: Meganium|73/100\n|move|p2a: Drampa|Round|p1a: Meganium|[from] move: Round\n|-damage|p1a: Meganium|0 fnt\n|faint|p1a: Meganium\n|move|p1b: Tyranitar|Rock Slide|p2b: Hydreigon|[spread] p2a,p2b\n|-damage|p2a: Drampa|58/100\n|-damage|p2b: Hydreigon|61/100\n|\n|-weather|Sandstorm|[upkeep]\n|-damage|p2b: Hydreigon|55/100|[from] Sandstorm\n|-damage|p2a: Drampa|52/100|[from] Sandstorm\n|upkeep\n|turn|5\n|\n|t:|1776732403\n|move|p2b: Hydreigon|Draco Meteor|p1b: Tyranitar\n|-damage|p1b: Tyranitar|30/100\n|-unboost|p2b: Hydreigon|spa|2\n|move|p1b: Tyranitar|Rock Slide|p2a: Drampa|[spread] p2a,p2b\n|-damage|p2a: Drampa|24/100\n|-damage|p2b: Hydreigon|15/100\n|-ability|p2a: Drampa|Berserk|boost\n|-boost|p2a: Drampa|spa|1\n|move|p2a: Drampa|Dragon Pulse|p1b: Tyranitar\n|-damage|p1b: Tyranitar|0 fnt\n|faint|p1b: Tyranitar\n|\n|win|mithology2467\n|raw|everyone (bob)'s rating: 1152 &rarr; <strong>1126</strong><br />(-26 for losing)\n|raw|mithology2467's rating: 1134 &rarr; <strong>1160</strong><br />(+26 for winning)\n|l|\u2606everyone (bob)\n|player|p1|\n",
  "uploadtime": 1776732417,
  "views": 7,
  "formatid": "gen9championsvgc2026regma",
  "rating": 1126,
  "private": 0,
  "password": null
}