{
  "id": "gen9championsvgc2026regma-2583510663",
  "format": "[Gen 9 Champions] VGC 2026 Reg M-A",
  "players": [
    "11inh0",
    "Disfrazdetigre"
  ],
  "log": "|j|\u260611inh0\n|j|\u2606Disfrazdetigre\n|t:|1776180231\n|gametype|doubles\n|player|p1|11inh0|101|1176\n|player|p2|Disfrazdetigre|102|1225\n|gen|9\n|tier|[Gen 9 Champions] VGC 2026 Reg M-A\n|rated|\n|rule|Species Clause: Limit one of each Pok\u00e9mon\n|rule|Item Clause: Limit 1 of each item\n|clearpoke\n|poke|p1|Incineroar, L50, M|\n|poke|p1|Rotom-Wash, L50|\n|poke|p1|Sinistcha, L50|\n|poke|p1|Floette-Eternal, L50, F|\n|poke|p1|Tyranitar, L50, F|\n|poke|p1|Excadrill, L50, F|\n|poke|p2|Sableye, L50, F|\n|poke|p2|Dragonite, L50, F|\n|poke|p2|Medicham, L50, F|\n|poke|p2|Vanilluxe, L50, M|\n|poke|p2|Milotic, L50, M|\n|poke|p2|Runerigus, L50, M|\n|teampreview|4\n|inactive|Battle timer is ON: inactive players will automatically lose when time's up. (requested by Disfrazdetigre)\n|\n|t:|1776180255\n|teamsize|p1|4\n|teamsize|p2|4\n|start\n|switch|p1a: Incineroar|Incineroar, L50, M|100/100\n|switch|p1b: Rotom|Rotom-Wash, L50|100/100\n|switch|p2a: Runerigus|Runerigus, L50, M|100/100\n|switch|p2b: Dragonite|Dragonite, L50, F|100/100\n|-ability|p1a: Incineroar|Intimidate|boost\n|-unboost|p2a: Runerigus|atk|1\n|-fail|p2b: Dragonite|unboost|Attack|[from] ability: Inner Focus|[of] p2b: Dragonite\n|turn|1\n|\n|t:|1776180270\n|switch|p2a: Medicham|Medicham, L50, F|100/100\n|move|p2b: Dragonite|Protect|p2b: Dragonite\n|-singleturn|p2b: Dragonite|Protect\n|move|p1b: Rotom|Will-O-Wisp|p2b: Dragonite\n|-activate|p2b: Dragonite|move: Protect\n|move|p1a: Incineroar|Throat Chop|p2a: Medicham\n|-damage|p2a: Medicham|49/100\n|-start|p2a: Medicham|Throat Chop|[silent]\n|\n|upkeep\n|turn|2\n|inactive|11inh0 has 30 seconds left.\n|inactive|11inh0 has 20 seconds left.\n|inactive|11inh0 has 15 seconds left.\n|\n|t:|1776180315\n|switch|p1a: Sinistcha|Sinistcha, L50|100/100\n|detailschange|p2a: Medicham|Medicham-Mega, L50, F\n|-mega|p2a: Medicham|Medicham|Medichamite\n|move|p2a: Medicham|Close Combat|p1b: Rotom\n|-damage|p1b: Rotom|0 fnt\n|-unboost|p2a: Medicham|def|1\n|-unboost|p2a: Medicham|spd|1\n|faint|p1b: Rotom\n|move|p2b: Dragonite|Dragon Dance|p2b: Dragonite\n|-boost|p2b: Dragonite|atk|1\n|-boost|p2b: Dragonite|spe|1\n|\n|-end|p2a: Medicham|Throat Chop|[silent]\n|upkeep\n|\n|t:|1776180320\n|switch|p1b: Incineroar|Incineroar, L50, M|100/100\n|-ability|p1b: Incineroar|Intimidate|boost\n|-unboost|p2a: Medicham|atk|1\n|-fail|p2b: Dragonite|unboost|Attack|[from] ability: Inner Focus|[of] p2b: Dragonite\n|turn|3\n|inactive|Disfrazdetigre has 30 seconds left.\n|\n|t:|1776180347\n|switch|p2a: Runerigus|Runerigus, L50, M|100/100\n|move|p1b: Incineroar|Fake Out|p2a: Runerigus\n|-immune|p2a: Runerigus\n|move|p2b: Dragonite|Rock Slide|p1a: Sinistcha|[spread] p1a,p1b\n|-supereffective|p1b: Incineroar|1\n|-damage|p1a: Sinistcha|76/100\n|-damage|p1b: Incineroar|48/100\n|move|p1a: Sinistcha|Matcha Gotcha|p2a: Runerigus|[spread] p2a,p2b\n|-supereffective|p2a: Runerigus|1\n|-resisted|p2b: Dragonite|2\n|-damage|p2a: Runerigus|50/100\n|-heal|p1a: Sinistcha|99/100|[from] drain|[of] p2a: Runerigus\n|-damage|p2b: Dragonite|95/100\n|-heal|p1a: Sinistcha|100/100|[from] drain|[of] p2b: Dragonite\n|-status|p2b: Dragonite|brn\n|-enditem|p2b: Dragonite|Lum Berry|[eat]\n|-curestatus|p2b: Dragonite|brn|[msg]\n|\n|upkeep\n|turn|4\n|inactive|11inh0 has 30 seconds left.\n|inactive|Disfrazdetigre has 30 seconds left.\n|\n|t:|1776180377\n|move|p2b: Dragonite|Rock Slide|p1a: Sinistcha|[spread] p1a,p1b\n|-supereffective|p1b: Incineroar|1\n|-damage|p1a: Sinistcha|75/100\n|-damage|p1b: Incineroar|0 fnt\n|faint|p1b: Incineroar\n|move|p2a: Runerigus|Poltergeist|p1a: Sinistcha|[miss]\n|-miss|p2a: Runerigus|p1a: Sinistcha\n|move|p1a: Sinistcha|Trick Room|p1a: Sinistcha\n|-fieldstart|move: Trick Room|[of] p1a: Sinistcha\n|\n|upkeep\n|\n|t:|1776180386\n|switch|p1b: Floette|Floette-Eternal, L50, F|100/100\n|turn|5\n|\n|t:|1776180399\n|detailschange|p1b: Floette|Floette-Mega, L50, F\n|-mega|p1b: Floette|Floette|Floettite\n|-ability|p1b: Floette|Fairy Aura\n|move|p2b: Dragonite|Protect|p2b: Dragonite\n|-singleturn|p2b: Dragonite|Protect\n|move|p2a: Runerigus|Poltergeist|p1a: Sinistcha|[miss]\n|-miss|p2a: Runerigus|p1a: Sinistcha\n|move|p1a: Sinistcha|Matcha Gotcha|p2a: Runerigus|[spread] p2a\n|-activate|p2b: Dragonite|move: Protect\n|-supereffective|p2a: Runerigus|1\n|-damage|p2a: Runerigus|1/100\n|-heal|p1a: Sinistcha|98/100|[from] drain|[of] p2a: Runerigus\n|move|p1b: Floette|Moonblast|p2b: Dragonite\n|-activate|p2b: Dragonite|move: Protect\n|\n|upkeep\n|turn|6\n|c|\u2606Disfrazdetigre|:/\n|inactive|11inh0 has 30 seconds left.\n|\n|t:|1776180425\n|switch|p2b: Vanilluxe|Vanilluxe, L50, M|100/100\n|-weather|Snowscape|[from] ability: Snow Warning|[of] p2b: Vanilluxe\n|move|p2a: Runerigus|Poltergeist|p1a: Sinistcha\n|-activate|p1a: Sinistcha|move: Poltergeist|Sitrus Berry\n|-supereffective|p1a: Sinistcha|1\n|-damage|p1a: Sinistcha|12/100\n|-enditem|p1a: Sinistcha|Sitrus Berry|[eat]\n|-heal|p1a: Sinistcha|37/100|[from] item: Sitrus Berry\n|move|p1a: Sinistcha|Matcha Gotcha|p2a: Runerigus|[spread] p2a,p2b\n|-supereffective|p2a: Runerigus|1\n|-damage|p2a: Runerigus|0 fnt\n|-heal|p1a: Sinistcha|38/100|[from] drain|[of] p2a: Runerigus\n|-damage|p2b: Vanilluxe|69/100\n|-heal|p1a: Sinistcha|50/100|[from] drain|[of] p2b: Vanilluxe\n|faint|p2a: Runerigus\n|move|p1b: Floette|Draining Kiss|p2b: Vanilluxe\n|-damage|p2b: Vanilluxe|22/100\n|\n|-weather|Snowscape|[upkeep]\n|upkeep\n|\n|t:|1776180438\n|switch|p2a: Dragonite|Dragonite, L50, F|95/100\n|turn|7\n|c|\u2606Disfrazdetigre|2 poltergeist misses\n|c|\u2606Disfrazdetigre|crazy\n|\n|t:|1776180458\n|move|p2a: Dragonite|Protect|p2a: Dragonite\n|-singleturn|p2a: Dragonite|Protect\n|move|p1a: Sinistcha|Matcha Gotcha|p2b: Vanilluxe|[spread] p2b\n|-activate|p2a: Dragonite|move: Protect\n|-damage|p2b: Vanilluxe|0 fnt\n|-heal|p1a: Sinistcha|59/100|[from] drain|[of] p2b: Vanilluxe\n|faint|p2b: Vanilluxe\n|move|p1b: Floette|Moonblast|p2a: Dragonite\n|-activate|p2a: Dragonite|move: Protect\n|\n|-weather|Snowscape|[upkeep]\n|upkeep\n|\n|t:|1776180464\n|switch|p2b: Medicham|Medicham-Mega, L50, F|49/100\n|turn|8\n|\n|t:|1776180489\n|move|p2b: Medicham|Fake Out|p1b: Floette\n|-damage|p1b: Floette|73/100\n|move|p1a: Sinistcha|Rage Powder|p1a: Sinistcha\n|-singleturn|p1a: Sinistcha|move: Rage Powder\n|move|p2a: Dragonite|Dragon Dance|p2a: Dragonite\n|-boost|p2a: Dragonite|atk|1\n|-boost|p2a: Dragonite|spe|1\n|cant|p1b: Floette|flinch\n|\n|-weather|Snowscape|[upkeep]\n|-fieldend|move: Trick Room\n|upkeep\n|turn|9\n|\n|t:|1776180516\n|move|p2a: Dragonite|Dragon Claw|p1a: Sinistcha\n|-damage|p1a: Sinistcha|0 fnt\n|faint|p1a: Sinistcha\n|move|p2b: Medicham|Zen Headbutt|p1b: Floette\n|-damage|p1b: Floette|0 fnt\n|faint|p1b: Floette\n|\n|win|Disfrazdetigre\n|raw|11inh0's rating: 1176 &rarr; <strong>1155</strong><br />(-21 for losing)\n|raw|Disfrazdetigre's rating: 1225 &rarr; <strong>1246</strong><br />(+21 for winning)\n|l|\u260611inh0\n|player|p1|\n",
  "uploadtime": 1776180530,
  "views": 15,
  "formatid": "gen9championsvgc2026regma",
  "rating": 1155,
  "private": 0,
  "password": null
}