{
  "id": "gen9championsvgc2026regma-2587937636",
  "format": "[Gen 9 Champions] VGC 2026 Reg M-A",
  "players": [
    "KV959SUPER",
    "Evil Yarrack"
  ],
  "log": "|j|\u2606KV959SUPER\n|j|\u2606Evil Yarrack\n|t:|1776581724\n|gametype|doubles\n|player|p1|KV959SUPER|wallace|1422\n|player|p2|Evil Yarrack|youngster-gen4dp|1481\n|gen|9\n|tier|[Gen 9 Champions] VGC 2026 Reg M-A\n|rated|\n|rule|Species Clause: Limit one of each Pok\u00e9mon\n|rule|Item Clause: Limit 1 of each item\n|clearpoke\n|poke|p1|Delphox, L50, F, shiny|\n|poke|p1|Incineroar, L50, M, shiny|\n|poke|p1|Garchomp, L50, M|\n|poke|p1|Floette-Eternal, L50, F, shiny|\n|poke|p1|Kingambit, L50, M, shiny|\n|poke|p1|Sneasler, L50, M, shiny|\n|poke|p2|Whimsicott, L50, F|\n|poke|p2|Armarouge, L50, F|\n|poke|p2|Tsareena, L50, F|\n|poke|p2|Tyranitar, L50, F|\n|poke|p2|Basculegion, L50, M|\n|poke|p2|Excadrill, L50, F|\n|teampreview|4\n|inactive|Battle timer is ON: inactive players will automatically lose when time's up. (requested by Evil Yarrack)\n|\n|t:|1776581746\n|teamsize|p1|4\n|teamsize|p2|4\n|start\n|switch|p1a: Delphox|Delphox, L50, F, shiny|100/100\n|switch|p1b: Garchomp|Garchomp, L50, M|100/100\n|switch|p2a: Whimsicott|Whimsicott, L50, F|100/100\n|switch|p2b: Tyranitar|Tyranitar, L50, F|100/100\n|-weather|Sandstorm|[from] ability: Sand Stream|[of] p2b: Tyranitar\n|turn|1\n|\n|t:|1776581764\n|detailschange|p1a: Delphox|Delphox-Mega, L50, F, shiny\n|-mega|p1a: Delphox|Delphox|Delphoxite\n|detailschange|p2b: Tyranitar|Tyranitar-Mega, L50, F\n|-mega|p2b: Tyranitar|Tyranitar|Tyranitarite\n|move|p1a: Delphox|Protect|p1a: Delphox\n|-singleturn|p1a: Delphox|Protect\n|move|p2a: Whimsicott|Tailwind|p2a: Whimsicott\n|-sidestart|p2: Evil Yarrack|move: Tailwind\n|move|p2b: Tyranitar|Ice Punch|p1b: Garchomp\n|-supereffective|p1b: Garchomp|2\n|-damage|p1b: Garchomp|0 fnt\n|-damage|p2b: Tyranitar|88/100|[from] ability: Rough Skin|[of] p1b: Garchomp\n|faint|p1b: Garchomp\n|\n|-weather|Sandstorm|[upkeep]\n|-damage|p2a: Whimsicott|95/100|[from] Sandstorm\n|-damage|p1a: Delphox|95/100|[from] Sandstorm\n|upkeep\n|\n|t:|1776581775\n|switch|p1b: Incineroar|Incineroar, L50, M, shiny|100/100\n|-ability|p1b: Incineroar|Intimidate|boost\n|-unboost|p2a: Whimsicott|atk|1\n|-unboost|p2b: Tyranitar|atk|1\n|turn|2\n|\n|t:|1776581796\n|move|p1b: Incineroar|Fake Out|p2b: Tyranitar\n|-resisted|p2b: Tyranitar|1\n|-damage|p2b: Tyranitar|85/100\n|move|p2a: Whimsicott|Encore|p1a: Delphox\n|-start|p1a: Delphox|Encore\n|move|p1a: Delphox|Protect|p1a: Delphox\n|-singleturn|p1a: Delphox|Protect\n|cant|p2b: Tyranitar|flinch\n|\n|-weather|Sandstorm|[upkeep]\n|-damage|p2a: Whimsicott|89/100|[from] Sandstorm\n|-damage|p1a: Delphox|89/100|[from] Sandstorm\n|-damage|p1b: Incineroar|95/100|[from] Sandstorm\n|-heal|p1b: Incineroar|100/100|[from] item: Leftovers\n|upkeep\n|turn|3\n|\n|t:|1776581820\n|switch|p1a: Sneasler|Sneasler, L50, M, shiny|100/100\n|move|p2a: Whimsicott|Moonblast|p1b: Incineroar\n|-damage|p1b: Incineroar|79/100\n|move|p2b: Tyranitar|Rock Slide|p1b: Incineroar|[spread] p1a,p1b\n|-resisted|p1a: Sneasler|1\n|-supereffective|p1b: Incineroar|1\n|-damage|p1a: Sneasler|80/100\n|-damage|p1b: Incineroar|45/100\n|move|p1b: Incineroar|Parting Shot|p2b: Tyranitar\n|-unboost|p2b: Tyranitar|atk|1\n|-unboost|p2b: Tyranitar|spa|1\n|\n|t:|1776581833\n|switch|p1b: Delphox|Delphox-Mega, L50, F, shiny|89/100|[from] Parting Shot\n|\n|-weather|Sandstorm|[upkeep]\n|-damage|p2a: Whimsicott|83/100|[from] Sandstorm\n|-damage|p1b: Delphox|84/100|[from] Sandstorm\n|-damage|p1a: Sneasler|74/100|[from] Sandstorm\n|upkeep\n|turn|4\n|\n|t:|1776581850\n|move|p2a: Whimsicott|Protect|p2a: Whimsicott\n|-singleturn|p2a: Whimsicott|Protect\n|move|p2b: Tyranitar|Protect|p2b: Tyranitar\n|-singleturn|p2b: Tyranitar|Protect\n|move|p1a: Sneasler|Fake Out|p2b: Tyranitar\n|-activate|p2b: Tyranitar|move: Protect\n|move|p1b: Delphox|Heat Wave|p2b: Tyranitar|[spread] \n|-activate|p2a: Whimsicott|move: Protect\n|-activate|p2b: Tyranitar|move: Protect\n|\n|-weather|Sandstorm|[upkeep]\n|-damage|p2a: Whimsicott|77/100|[from] Sandstorm\n|-damage|p1b: Delphox|78/100|[from] Sandstorm\n|-damage|p1a: Sneasler|69/100|[from] Sandstorm\n|-sideend|p2: Evil Yarrack|move: Tailwind\n|upkeep\n|turn|5\n|\n|t:|1776581871\n|switch|p1a: Incineroar|Incineroar, L50, M, shiny|45/100\n|-ability|p1a: Incineroar|Intimidate|boost\n|-unboost|p2a: Whimsicott|atk|1\n|-unboost|p2b: Tyranitar|atk|1\n|move|p2a: Whimsicott|Tailwind|p2a: Whimsicott\n|-sidestart|p2: Evil Yarrack|move: Tailwind\n|move|p2b: Tyranitar|Rock Slide|p1b: Delphox|[spread] p1a,p1b\n|-supereffective|p1a: Incineroar|1\n|-crit|p1a: Incineroar\n|-supereffective|p1b: Delphox|1\n|-damage|p1a: Incineroar|0 fnt\n|-damage|p1b: Delphox|44/100\n|faint|p1a: Incineroar\n|move|p1b: Delphox|Encore|p2a: Whimsicott\n|-start|p2a: Whimsicott|Encore\n|\n|-weather|none\n|upkeep\n|\n|t:|1776581882\n|switch|p1a: Sneasler|Sneasler, L50, M, shiny|69/100\n|turn|6\n|inactive|Evil Yarrack has 30 seconds left.\n|inactive|Evil Yarrack has 20 seconds left.\n|\n|t:|1776581921\n|switch|p2a: Tsareena|Tsareena, L50, F|100/100\n|move|p2b: Tyranitar|Rock Slide|p1b: Delphox|[spread] p1a,p1b\n|-resisted|p1a: Sneasler|1\n|-supereffective|p1b: Delphox|1\n|-damage|p1a: Sneasler|57/100\n|-damage|p1b: Delphox|10/100\n|cant|p1b: Delphox|flinch\n|cant|p1a: Sneasler|flinch\n|\n|upkeep\n|turn|7\n|c|\u2606KV959SUPER|?\n|j| VegitoSKBEST\n|\n|t:|1776581942\n|move|p1b: Delphox|Protect|p1b: Delphox\n|-singleturn|p1b: Delphox|Protect\n|move|p1a: Sneasler|Protect|p1a: Sneasler\n|-singleturn|p1a: Sneasler|Protect\n|move|p2a: Tsareena|Trop Kick|p1a: Sneasler\n|-activate|p1a: Sneasler|move: Protect\n|move|p2b: Tyranitar|Rock Slide|p1a: Sneasler|[spread] \n|-activate|p1a: Sneasler|move: Protect\n|-activate|p1b: Delphox|move: Protect\n|\n|upkeep\n|turn|8\n|inactive|Evil Yarrack has 30 seconds left.\n|\n|t:|1776581972\n|move|p2a: Tsareena|Trop Kick|p1b: Delphox\n|-resisted|p1b: Delphox|1\n|-damage|p1b: Delphox|0 fnt\n|faint|p1b: Delphox\n|move|p2b: Tyranitar|Rock Slide|p1a: Sneasler\n|-resisted|p1a: Sneasler|1\n|-damage|p1a: Sneasler|41/100\n|move|p1a: Sneasler|Close Combat|p2b: Tyranitar\n|-supereffective|p2b: Tyranitar|2\n|-damage|p2b: Tyranitar|0 fnt\n|-unboost|p1a: Sneasler|def|1\n|-unboost|p1a: Sneasler|spd|1\n|faint|p2b: Tyranitar\n|-enditem|p1a: Sneasler|White Herb\n|-clearnegativeboost|p1a: Sneasler|[silent]\n|\n|-sideend|p2: Evil Yarrack|move: Tailwind\n|upkeep\n|\n|t:|1776581976\n|switch|p2b: Whimsicott|Whimsicott, L50, F|77/100\n|turn|9\n|\n|t:|1776581985\n|move|p2b: Whimsicott|Tailwind|p2b: Whimsicott\n|-sidestart|p2: Evil Yarrack|move: Tailwind\n|move|p1a: Sneasler|Dire Claw|p2a: Tsareena\n|-supereffective|p2a: Tsareena|1\n|-crit|p2a: Tsareena\n|-damage|p2a: Tsareena|0 fnt\n|faint|p2a: Tsareena\n|\n|upkeep\n|\n|t:|1776581988\n|switch|p2a: Excadrill|Excadrill, L50, F|100/100\n|turn|10\n|\n|t:|1776581998\n|move|p2b: Whimsicott|Encore|p1a: Sneasler\n|-start|p1a: Sneasler|Encore\n|move|p1a: Sneasler|Dire Claw|p2a: Excadrill\n|-immune|p2a: Excadrill\n|move|p2a: Excadrill|High Horsepower|p1a: Sneasler\n|-supereffective|p1a: Sneasler|1\n|-damage|p1a: Sneasler|0 fnt\n|faint|p1a: Sneasler\n|\n|win|Evil Yarrack\n|raw|KV959SUPER's rating: 1422 &rarr; <strong>1408</strong><br />(-14 for losing)\n|raw|Evil Yarrack's rating: 1535 &rarr; <strong>1549</strong><br />(+14 for winning)\n|l|\u2606KV959SUPER\n|player|p1|\n|l|\u2606Evil Yarrack\n|player|p2|\n",
  "uploadtime": 1776582017,
  "views": 14,
  "formatid": "gen9championsvgc2026regma",
  "rating": 1408,
  "private": 0,
  "password": null
}