{
  "id": "gen9championsvgc2026regma-2585402362",
  "format": "[Gen 9 Champions] VGC 2026 Reg M-A",
  "players": [
    "turo's assistant",
    "SparkelzVGC"
  ],
  "log": "|j|\u2606turo's assistant\n|j|\u2606SparkelzVGC\n|t:|1776344706\n|gametype|doubles\n|player|p1|turo's assistant|scientistf-gen6|\n|player|p2|SparkelzVGC|n-masters|\n|gen|9\n|tier|[Gen 9 Champions] VGC 2026 Reg M-A\n|rule|Species Clause: Limit one of each Pok\u00e9mon\n|rule|Item Clause: Limit 1 of each item\n|clearpoke\n|poke|p1|Hatterene, L50, F|\n|poke|p1|Sinistcha, L50|\n|poke|p1|Farigiraf, L50, M|\n|poke|p1|Golurk, L50|\n|poke|p1|Crabominable, L50, F|\n|poke|p1|Araquanid, L50, F|\n|poke|p2|Aggron, L50, M|\n|poke|p2|Sinistcha, L50|\n|poke|p2|Farigiraf, L50, F|\n|poke|p2|Incineroar, L50, F|\n|poke|p2|Tyranitar, L50, M|\n|poke|p2|Garchomp, L50, F|\n|teampreview|4\n|inactive|Battle timer is ON: inactive players will automatically lose when time's up. (requested by turo's assistant)\n|inactive|SparkelzVGC also wants the timer to be on.\n|c|\u2606SparkelzVGC|Gl\n|c|\u2606turo's assistant|Glhf\n|inactive|SparkelzVGC has 60 seconds left.\n|\n|t:|1776344738\n|teamsize|p1|4\n|teamsize|p2|4\n|start\n|switch|p1a: Marissa|Hatterene, L50, F|100/100\n|switch|p1b: Sinistcha|Sinistcha, L50|100/100\n|switch|p2a: Aggron|Aggron, L50, M, shiny|100/100\n|switch|p2b: Farigiraf|Farigiraf, L50, F|100/100\n|turn|1\n|j| poliwagging\n|\n|t:|1776344753\n|detailschange|p2a: Aggron|Aggron-Mega, L50, M, shiny\n|-mega|p2a: Aggron|Aggron|Aggronite\n|move|p1b: Sinistcha|Matcha Gotcha|p2a: Aggron|[spread] p2a,p2b\n|-resisted|p2a: Aggron|1\n|-damage|p2a: Aggron|91/100\n|-damage|p2b: Farigiraf|75/100\n|-status|p2a: Aggron|brn\n|move|p2a: Aggron|Iron Defense|p2a: Aggron\n|-boost|p2a: Aggron|def|2\n|move|p1a: Marissa|Swords Dance|p1a: Marissa\n|-boost|p1a: Marissa|atk|2\n|move|p2b: Farigiraf|Trick Room|p2b: Farigiraf\n|-fieldstart|move: Trick Room|[of] p2b: Farigiraf\n|\n|-heal|p2b: Farigiraf|82/100|[from] item: Leftovers\n|-damage|p2a: Aggron|85/100 brn|[from] brn\n|upkeep\n|turn|2\n|c|\u2606SparkelzVGC|...\n|c|\u2606SparkelzVGC|Meant to counter your own trickroom\n|c|\u2606turo's assistant|I know\n|\n|t:|1776344777\n|move|p1b: Sinistcha|Rage Powder|p1b: Sinistcha\n|-singleturn|p1b: Sinistcha|move: Rage Powder\n|move|p1a: Marissa|Play Rough|p2b: Farigiraf\n|-damage|p2b: Farigiraf|0 fnt\n|faint|p2b: Farigiraf\n|move|p2a: Aggron|Heavy Slam|p1b: Sinistcha\n|-damage|p1b: Sinistcha|79/100\n|\n|-damage|p2a: Aggron|78/100 brn|[from] brn\n|upkeep\n|\n|t:|1776344785\n|switch|p2b: Incineroar|Incineroar, L50, F|100/100\n|-ability|p2b: Incineroar|Intimidate|boost\n|-unboost|p1a: Marissa|atk|1\n|-unboost|p1b: Sinistcha|atk|1\n|turn|3\n|c|\u2606SparkelzVGC|ARE WE SERIOUS\n|\n|t:|1776344800\n|move|p1b: Sinistcha|Rage Powder|p1b: Sinistcha\n|-singleturn|p1b: Sinistcha|move: Rage Powder\n|move|p1a: Marissa|Play Rough|p2b: Incineroar\n|-damage|p2b: Incineroar|43/100\n|-unboost|p2b: Incineroar|atk|1\n|-enditem|p2b: Incineroar|Sitrus Berry|[eat]\n|-heal|p2b: Incineroar|67/100|[from] item: Sitrus Berry\n|move|p2a: Aggron|Heavy Slam|p1b: Sinistcha\n|-damage|p1b: Sinistcha|61/100\n|move|p2b: Incineroar|Flare Blitz|p1b: Sinistcha\n|-supereffective|p1b: Sinistcha|1\n|-damage|p1b: Sinistcha|13/100\n|-enditem|p1b: Sinistcha|Sitrus Berry|[eat]\n|-heal|p1b: Sinistcha|38/100|[from] item: Sitrus Berry\n|-damage|p2b: Incineroar|53/100|[from] Recoil\n|\n|-damage|p2a: Aggron|72/100 brn|[from] brn\n|upkeep\n|turn|4\n|c|\u2606SparkelzVGC|INCI PLSSS\n|\n|t:|1776344817\n|move|p1b: Sinistcha|Rage Powder|p1b: Sinistcha\n|-singleturn|p1b: Sinistcha|move: Rage Powder\n|move|p1a: Marissa|Play Rough|p2b: Incineroar\n|-damage|p2b: Incineroar|0 fnt\n|faint|p2b: Incineroar\n|move|p2a: Aggron|Heavy Slam|p1b: Sinistcha\n|-damage|p1b: Sinistcha|18/100\n|\n|-damage|p2a: Aggron|66/100 brn|[from] brn\n|upkeep\n|\n|t:|1776344819\n|switch|p2b: Sinistcha|Sinistcha, L50|100/100\n|-heal|p2a: Aggron|91/100 brn|[from] ability: Hospitality|[of] p2b: Sinistcha\n|turn|5\n|\n|t:|1776344826\n|move|p1a: Marissa|Play Rough|p2b: Sinistcha\n|-damage|p2b: Sinistcha|47/100\n|move|p2a: Aggron|Heavy Slam|p1a: Marissa\n|-supereffective|p1a: Marissa|1\n|-enditem|p1a: Marissa|Babiri Berry|[eat]\n|-enditem|p1a: Marissa|Babiri Berry|[weaken]\n|-damage|p1a: Marissa|71/100\n|move|p1b: Sinistcha|Matcha Gotcha|p2b: Sinistcha|[spread] p2a,p2b\n|-resisted|p2a: Aggron|1\n|-resisted|p2b: Sinistcha|1\n|-damage|p2a: Aggron|81/100 brn\n|-heal|p1b: Sinistcha|24/100|[from] drain|[of] p2a: Aggron\n|-damage|p2b: Sinistcha|37/100\n|-heal|p1b: Sinistcha|29/100|[from] drain|[of] p2b: Sinistcha\n|move|p2b: Sinistcha|Matcha Gotcha|p1a: Marissa|[spread] p1b\n|-miss|p2b: Sinistcha|p1a: Marissa\n|-resisted|p1b: Sinistcha|1\n|-damage|p1b: Sinistcha|13/100\n|-heal|p2b: Sinistcha|45/100|[from] drain|[of] p1b: Sinistcha\n|\n|-damage|p2a: Aggron|74/100 brn|[from] brn\n|-fieldend|move: Trick Room\n|upkeep\n|turn|6\n|\n|t:|1776344842\n|move|p1b: Sinistcha|Rage Powder|p1b: Sinistcha\n|-singleturn|p1b: Sinistcha|move: Rage Powder\n|move|p2b: Sinistcha|Life Dew|p2b: Sinistcha|[spread] p2a,p2b\n|-heal|p2a: Aggron|99/100 brn\n|-heal|p2b: Sinistcha|70/100\n|move|p2a: Aggron|Heavy Slam|p1b: Sinistcha\n|-damage|p1b: Sinistcha|0 fnt\n|faint|p1b: Sinistcha\n|move|p1a: Marissa|Play Rough|p2b: Sinistcha\n|-crit|p2b: Sinistcha\n|-damage|p2b: Sinistcha|0 fnt\n|faint|p2b: Sinistcha\n|\n|-damage|p2a: Aggron|93/100 brn|[from] brn\n|upkeep\n|\n|t:|1776344847\n|switch|p1b: Crabominable|Crabominable, L50, F|100/100\n|turn|7\n|\n|t:|1776344856\n|detailschange|p1b: Crabominable|Crabominable-Mega, L50, F\n|-mega|p1b: Crabominable|Crabominable|Crabominite\n|move|p2a: Aggron|Body Press|p1b: Crabominable\n|-supereffective|p1b: Crabominable|1\n|-damage|p1b: Crabominable|44/100\n|move|p1b: Crabominable|Close Combat|p2a: Aggron\n|-supereffective|p2a: Aggron|1\n|-damage|p2a: Aggron|62/100 brn\n|-unboost|p1b: Crabominable|def|1\n|-unboost|p1b: Crabominable|spd|1\n|move|p1a: Marissa|Play Rough|p2a: Aggron\n|-resisted|p2a: Aggron|1\n|-damage|p2a: Aggron|54/100 brn\n|\n|-damage|p2a: Aggron|48/100 brn|[from] brn\n|upkeep\n|turn|8\n|c| poliwagging|Damn\n|\n|t:|1776344865\n|move|p2a: Aggron|Protect|p2a: Aggron\n|-singleturn|p2a: Aggron|Protect\n|move|p1b: Crabominable|Protect|p1b: Crabominable\n|-singleturn|p1b: Crabominable|Protect\n|move|p1a: Marissa|Play Rough|p2a: Aggron\n|-activate|p2a: Aggron|move: Protect\n|\n|-damage|p2a: Aggron|42/100 brn|[from] brn\n|upkeep\n|turn|9\n|\n|t:|1776344872\n|move|p1b: Crabominable|Mach Punch|p2a: Aggron\n|-supereffective|p2a: Aggron|1\n|-damage|p2a: Aggron|31/100 brn\n|move|p2a: Aggron|Body Press|p1b: Crabominable\n|-supereffective|p1b: Crabominable|1\n|-damage|p1b: Crabominable|0 fnt\n|faint|p1b: Crabominable\n|move|p1a: Marissa|Play Rough|p2a: Aggron\n|-resisted|p2a: Aggron|1\n|-damage|p2a: Aggron|23/100 brn\n|\n|-damage|p2a: Aggron|17/100 brn|[from] brn\n|upkeep\n|\n|t:|1776344874\n|switch|p1b: Farigiraf|Farigiraf, L50, M|100/100\n|turn|10\n|\n|t:|1776344882\n|move|p1b: Farigiraf|Hyper Voice|p2a: Aggron\n|-resisted|p2a: Aggron|1\n|-damage|p2a: Aggron|0 fnt\n|faint|p2a: Aggron\n|\n|win|turo's assistant\n|c|\u2606SparkelzVGC|Im retiring for life\n|c|\u2606turo's assistant|LMAO\n|c|\u2606SparkelzVGC|I hate my chud life\n|c|\u2606SparkelzVGC|RUN THIS SHIT BACK\n|c|\u2606turo's assistant|Nuh uh i've got revision to do\n|c|\u2606SparkelzVGC|Gl\n|l|\u2606turo's assistant\n|player|p1|\n|l|\u2606SparkelzVGC\n|player|p2|\n|c| poliwagging|The wall got cooked\n|l| poliwagging\n|j| poliwagging\n|l| poliwagging\n|j| Professor Turo\n",
  "uploadtime": 1776345127,
  "views": 26,
  "formatid": "gen9championsvgc2026regma",
  "rating": null,
  "private": 0,
  "password": null
}