{
  "id": "gen9championsvgc2026regma-2583596986",
  "format": "[Gen 9 Champions] VGC 2026 Reg M-A",
  "players": [
    "MilkTeaWayGalaxy",
    "ElMacoJr"
  ],
  "log": "|j|\u2606MilkTeaWayGalaxy\n|j|\u2606ElMacoJr\n|t:|1776185578\n|gametype|doubles\n|player|p1|MilkTeaWayGalaxy|rosa-pokestar3|1190\n|player|p2|ElMacoJr|fisherman-gen4|1149\n|gen|9\n|tier|[Gen 9 Champions] VGC 2026 Reg M-A\n|rated|\n|rule|Species Clause: Limit one of each Pok\u00e9mon\n|rule|Item Clause: Limit 1 of each item\n|clearpoke\n|poke|p1|Froslass, L50, F|\n|poke|p1|Sinistcha, L50|\n|poke|p1|Kingambit, L50, M|\n|poke|p1|Sneasler, L50, F|\n|poke|p1|Incineroar, L50, F|\n|poke|p1|Basculegion, L50, M|\n|poke|p2|Starmie, L50|\n|poke|p2|Aegislash, L50, M|\n|poke|p2|Sneasler, L50, F|\n|poke|p2|Pelipper, L50, M|\n|poke|p2|Archaludon, L50, F|\n|poke|p2|Maushold, L50|\n|teampreview|4\n|\n|t:|1776185635\n|teamsize|p1|4\n|teamsize|p2|4\n|start\n|switch|p1a: Froslass|Froslass, L50, F, shiny|100/100\n|switch|p1b: Incineroar|Incineroar, L50, F, shiny|100/100\n|switch|p2a: Archaludon|Archaludon, L50, F|100/100\n|switch|p2b: Pelipper|Pelipper, L50, M|100/100\n|-weather|RainDance|[from] ability: Drizzle|[of] p2b: Pelipper\n|-ability|p1b: Incineroar|Intimidate|boost\n|-unboost|p2a: Archaludon|atk|1\n|-unboost|p2b: Pelipper|atk|1\n|turn|1\n|\n|t:|1776185651\n|detailschange|p1a: Froslass|Froslass-Mega, L50, F, shiny\n|-mega|p1a: Froslass|Froslass|Froslassite\n|-weather|Snowscape|[from] ability: Snow Warning|[of] p1a: Froslass\n|move|p2b: Pelipper|Protect|p2b: Pelipper\n|-singleturn|p2b: Pelipper|Protect\n|move|p1b: Incineroar|Fake Out|p2b: Pelipper\n|-activate|p2b: Pelipper|move: Protect\n|move|p1a: Froslass|Aurora Veil|p1a: Froslass\n|-sidestart|p1: MilkTeaWayGalaxy|move: Aurora Veil\n|move|p2a: Archaludon|Flash Cannon|p1a: Froslass\n|-supereffective|p1a: Froslass|1\n|-damage|p1a: Froslass|44/100\n|\n|-weather|Snowscape|[upkeep]\n|upkeep\n|turn|2\n|\n|t:|1776185683\n|switch|p1a: Kingambit|Kingambit, L50, M|100/100\n|switch|p2b: Starmie|Starmie, L50|100/100\n|move|p2a: Archaludon|Flash Cannon|p1a: Kingambit\n|-resisted|p1a: Kingambit|1\n|-damage|p1a: Kingambit|89/100\n|move|p1b: Incineroar|Parting Shot|p2a: Archaludon\n|-unboost|p2a: Archaludon|atk|1\n|-unboost|p2a: Archaludon|spa|1\n|\n|t:|1776185694\n|switch|p1b: Basculegion|Basculegion, L50, M|100/100|[from] Parting Shot\n|\n|-weather|Snowscape|[upkeep]\n|upkeep\n|turn|3\n|\n|t:|1776185708\n|switch|p2b: Pelipper|Pelipper, L50, M|100/100\n|-weather|RainDance|[from] ability: Drizzle|[of] p2b: Pelipper\n|switch|p1b: Incineroar|Incineroar, L50, F, shiny|100/100\n|-ability|p1b: Incineroar|Intimidate|boost\n|-unboost|p2a: Archaludon|atk|1\n|-unboost|p2b: Pelipper|atk|1\n|move|p2a: Archaludon|Electro Shot||[still]\n|-prepare|p2a: Archaludon|Electro Shot\n|-boost|p2a: Archaludon|spa|1\n|-anim|p2a: Archaludon|Electro Shot|p1b: Incineroar\n|-damage|p1b: Incineroar|78/100\n|move|p1a: Kingambit|Kowtow Cleave|p2b: Pelipper\n|-damage|p2b: Pelipper|33/100\n|\n|-weather|RainDance|[upkeep]\n|-heal|p1b: Incineroar|84/100|[from] item: Leftovers\n|upkeep\n|turn|4\n|\n|t:|1776185728\n|switch|p2a: Sneasler|Sneasler, L50, F|100/100\n|switch|p1a: Froslass|Froslass-Mega, L50, F, shiny|44/100\n|-weather|Snowscape|[from] ability: Snow Warning|[of] p1a: Froslass\n|move|p2b: Pelipper|Protect|p2b: Pelipper\n|-singleturn|p2b: Pelipper|Protect\n|move|p1b: Incineroar|Parting Shot|p2a: Sneasler\n|-unboost|p2a: Sneasler|atk|1\n|-unboost|p2a: Sneasler|spa|1\n|\n|t:|1776185741\n|switch|p1b: Basculegion|Basculegion, L50, M|100/100|[from] Parting Shot\n|-enditem|p2a: Sneasler|White Herb\n|-clearnegativeboost|p2a: Sneasler|[silent]\n|\n|-weather|Snowscape|[upkeep]\n|upkeep\n|turn|5\n|j| Krishna2412V\n|\n|t:|1776185771\n|switch|p2a: Archaludon|Archaludon, L50, F|100/100\n|switch|p2b: Starmie|Starmie, L50|100/100\n|move|p1a: Froslass|Blizzard|p2a: Archaludon|[spread] p2a,p2b\n|-resisted|p2b: Starmie|1\n|-damage|p2a: Archaludon|62/100\n|-damage|p2b: Starmie|72/100\n|-status|p2b: Starmie|frz\n|-ability|p2a: Archaludon|Stamina|boost\n|-boost|p2a: Archaludon|def|1\n|move|p1b: Basculegion|Wave Crash|p2a: Archaludon\n|-resisted|p2a: Archaludon|1\n|-damage|p2a: Archaludon|40/100\n|-ability|p2a: Archaludon|Stamina|boost\n|-boost|p2a: Archaludon|def|1\n|-damage|p1b: Basculegion|94/100|[from] Recoil\n|\n|-weather|Snowscape|[upkeep]\n|-heal|p2a: Archaludon|46/100|[from] item: Leftovers\n|-sideend|p1: MilkTeaWayGalaxy|move: Aurora Veil\n|upkeep\n|turn|6\n|c|\u2606ElMacoJr|sick\n|c|\u2606MilkTeaWayGalaxy|sorry...\n|\n|t:|1776185826\n|switch|p1a: Kingambit|Kingambit, L50, M|89/100\n|-curestatus|p2b: Starmie|frz|[from] ability: Natural Cure\n|switch|p2b: Sneasler|Sneasler, L50, F|100/100\n|switch|p1b: Incineroar|Incineroar, L50, F, shiny|84/100\n|-ability|p1b: Incineroar|Intimidate|boost\n|-unboost|p2a: Archaludon|atk|1\n|-unboost|p2b: Sneasler|atk|1\n|move|p2a: Archaludon|Flash Cannon|p1a: Kingambit\n|-resisted|p1a: Kingambit|1\n|-damage|p1a: Kingambit|73/100\n|\n|-weather|Snowscape|[upkeep]\n|-heal|p2a: Archaludon|52/100|[from] item: Leftovers\n|-heal|p1b: Incineroar|90/100|[from] item: Leftovers\n|upkeep\n|turn|7\n|\n|t:|1776185873\n|switch|p2a: Pelipper|Pelipper, L50, M|33/100\n|-weather|RainDance|[from] ability: Drizzle|[of] p2a: Pelipper\n|move|p2b: Sneasler|Fake Out|p1a: Kingambit\n|-resisted|p1a: Kingambit|1\n|-damage|p1a: Kingambit|69/100\n|move|p1b: Incineroar|Fake Out|p2b: Sneasler\n|-damage|p2b: Sneasler|81/100\n|cant|p1a: Kingambit|flinch\n|\n|-weather|RainDance|[upkeep]\n|-heal|p1b: Incineroar|96/100|[from] item: Leftovers\n|upkeep\n|turn|8\n|\n|t:|1776185899\n|switch|p1b: Basculegion|Basculegion, L50, M|94/100\n|switch|p1a: Froslass|Froslass-Mega, L50, F, shiny|44/100\n|-weather|Snowscape|[from] ability: Snow Warning|[of] p1a: Froslass\n|move|p2b: Sneasler|Close Combat|p1b: Basculegion\n|-immune|p1b: Basculegion\n|move|p2a: Pelipper|Tailwind|p2a: Pelipper\n|-sidestart|p2: ElMacoJr|move: Tailwind\n|\n|-weather|Snowscape|[upkeep]\n|upkeep\n|turn|9\n|\n|t:|1776185920\n|move|p2b: Sneasler|Dire Claw|p1a: Froslass\n|-resisted|p1a: Froslass|1\n|-damage|p1a: Froslass|30/100\n|-status|p1a: Froslass|slp\n|move|p2a: Pelipper|Weather Ball|p1a: Froslass\n|-resisted|p1a: Froslass|1\n|-damage|p1a: Froslass|15/100 slp\n|cant|p1a: Froslass|slp\n|move|p1b: Basculegion|Wave Crash|p2b: Sneasler\n|-damage|p2b: Sneasler|0 fnt\n|faint|p2b: Sneasler\n|-damage|p1b: Basculegion|74/100|[from] Recoil\n|\n|-weather|Snowscape|[upkeep]\n|upkeep\n|\n|t:|1776185936\n|switch|p2b: Starmie|Starmie, L50|72/100\n|turn|10\n|\n|t:|1776185959\n|switch|p1a: Incineroar|Incineroar, L50, F, shiny|96/100\n|-ability|p1a: Incineroar|Intimidate|boost\n|-unboost|p2a: Pelipper|atk|1\n|-unboost|p2b: Starmie|atk|1\n|detailschange|p2b: Starmie|Starmie-Mega, L50\n|-mega|p2b: Starmie|Starmie|Starminite\n|move|p2b: Starmie|Protect|p2b: Starmie\n|-singleturn|p2b: Starmie|Protect\n|move|p2a: Pelipper|Hurricane|p1a: Incineroar\n|-damage|p1a: Incineroar|56/100\n|move|p1b: Basculegion|Last Respects|p2b: Starmie\n|-activate|p2b: Starmie|move: Protect\n|\n|-weather|Snowscape|[upkeep]\n|-heal|p1a: Incineroar|62/100|[from] item: Leftovers\n|upkeep\n|turn|11\n|inactive|Battle timer is ON: inactive players will automatically lose when time's up. (requested by ElMacoJr)\n|\n|t:|1776185982\n|switch|p2b: Archaludon|Archaludon, L50, F|52/100\n|move|p2a: Pelipper|Weather Ball|p1a: Incineroar\n|-resisted|p1a: Incineroar|1\n|-damage|p1a: Incineroar|51/100\n|move|p1b: Basculegion|Last Respects|p2b: Archaludon\n|-damage|p2b: Archaludon|27/100\n|-ability|p2b: Archaludon|Stamina|boost\n|-boost|p2b: Archaludon|def|1\n|move|p1a: Incineroar|Parting Shot|p2b: Archaludon\n|-unboost|p2b: Archaludon|atk|1\n|-unboost|p2b: Archaludon|spa|1\n|\n|t:|1776185993\n|switch|p1a: Kingambit|Kingambit, L50, M|69/100|[from] Parting Shot\n|\n|-weather|Snowscape|[upkeep]\n|-heal|p2b: Archaludon|33/100|[from] item: Leftovers\n|-sideend|p2: ElMacoJr|move: Tailwind\n|upkeep\n|turn|12\n|\n|t:|1776186007\n|switch|p1b: Incineroar|Incineroar, L50, F, shiny|51/100\n|-ability|p1b: Incineroar|Intimidate|boost\n|-unboost|p2a: Pelipper|atk|1\n|-unboost|p2b: Archaludon|atk|1\n|move|p2a: Pelipper|Protect|p2a: Pelipper\n|-singleturn|p2a: Pelipper|Protect\n|move|p2b: Archaludon|Draco Meteor|p1b: Incineroar\n|-damage|p1b: Incineroar|16/100\n|-unboost|p2b: Archaludon|spa|2\n|move|p1a: Kingambit|Kowtow Cleave|p2a: Pelipper\n|-activate|p2a: Pelipper|move: Protect\n|\n|-weather|none\n|-heal|p2b: Archaludon|40/100|[from] item: Leftovers\n|-heal|p1b: Incineroar|22/100|[from] item: Leftovers\n|upkeep\n|turn|13\n|\n|t:|1776186031\n|move|p2b: Archaludon|Protect|p2b: Archaludon\n|-singleturn|p2b: Archaludon|Protect\n|move|p2a: Pelipper|Hurricane|p1b: Incineroar|[miss]\n|-miss|p2a: Pelipper|p1b: Incineroar\n|move|p1b: Incineroar|Parting Shot|p2b: Archaludon\n|-activate|p2b: Archaludon|move: Protect\n|move|p1a: Kingambit|Kowtow Cleave|p2a: Pelipper\n|-damage|p2a: Pelipper|0 fnt\n|faint|p2a: Pelipper\n|\n|-heal|p2b: Archaludon|46/100|[from] item: Leftovers\n|-heal|p1b: Incineroar|28/100|[from] item: Leftovers\n|upkeep\n|\n|t:|1776186044\n|switch|p2a: Starmie|Starmie-Mega, L50|72/100\n|turn|14\n|\n|t:|1776186066\n|move|p2a: Starmie|Protect|p2a: Starmie\n|-singleturn|p2a: Starmie|Protect\n|move|p1a: Kingambit|Sucker Punch||[still]\n|-fail|p1a: Kingambit\n|move|p2b: Archaludon|Flash Cannon|p1b: Incineroar\n|-resisted|p1b: Incineroar|1\n|-damage|p1b: Incineroar|22/100\n|move|p1b: Incineroar|Parting Shot|p2b: Archaludon\n|-unboost|p2b: Archaludon|atk|1\n|-unboost|p2b: Archaludon|spa|1\n|\n|t:|1776186075\n|switch|p1b: Froslass|Froslass-Mega, L50, F, shiny|15/100 slp|[from] Parting Shot\n|-weather|Snowscape|[from] ability: Snow Warning|[of] p1b: Froslass\n|\n|-weather|Snowscape|[upkeep]\n|-heal|p2b: Archaludon|52/100|[from] item: Leftovers\n|upkeep\n|turn|15\n|-message|ElMacoJr forfeited.\n|\n|win|MilkTeaWayGalaxy\n|raw|MilkTeaWayGalaxy's rating: 1190 &rarr; <strong>1212</strong><br />(+22 for winning)\n|raw|ElMacoJr's rating: 1149 &rarr; <strong>1127</strong><br />(-22 for losing)\n|l|\u2606ElMacoJr\n|player|p2|\n",
  "uploadtime": 1776186080,
  "views": 23,
  "formatid": "gen9championsvgc2026regma",
  "rating": 1127,
  "private": 0,
  "password": null
}