{
  "id": "gen9championsvgc2026regma-2584744865",
  "format": "[Gen 9 Champions] VGC 2026 Reg M-A",
  "players": [
    "weblewoble",
    "Leimari"
  ],
  "log": "|j|\u2606weblewoble\n|j|\u2606Leimari\n|t:|1776280641\n|gametype|doubles\n|player|p1|weblewoble|ghetsis|\n|player|p2|Leimari|pokekid|\n|gen|9\n|tier|[Gen 9 Champions] VGC 2026 Reg M-A\n|rule|Species Clause: Limit one of each Pok\u00e9mon\n|rule|Item Clause: Limit 1 of each item\n|clearpoke\n|poke|p1|Hatterene, L50, F|\n|poke|p1|Oranguru, L50, M|\n|poke|p1|Golurk, L50|\n|poke|p1|Clefable, L50, M|\n|poke|p1|Hydreigon, L50, F|\n|poke|p1|Torkoal, L50, M|\n|poke|p2|Floette-Eternal, L50, F|\n|poke|p2|Sylveon, L50, F|\n|poke|p2|Incineroar, L50, F|\n|poke|p2|Whimsicott, L50, M|\n|poke|p2|Palafin, L50, F|\n|poke|p2|Ninetales-Alola, L50, M|\n|teampreview|4\n|j| Chafemillr\n|j| Kimoto Warfire\n|\n|t:|1776280669\n|teamsize|p1|4\n|teamsize|p2|4\n|start\n|switch|p1a: Oranguru|Oranguru, L50, M|100/100\n|switch|p1b: Torkoal|Torkoal, L50, M|100/100\n|switch|p2a: Incineroar|Incineroar, L50, F|100/100\n|switch|p2b: Ninetales|Ninetales-Alola, L50, M|100/100\n|-weather|Snowscape|[from] ability: Snow Warning|[of] p2b: Ninetales\n|-ability|p2a: Incineroar|Intimidate|boost\n|-fail|p1a: Oranguru|unboost|Attack|[from] ability: Inner Focus|[of] p1a: Oranguru\n|-unboost|p1b: Torkoal|atk|1\n|-weather|SunnyDay|[from] ability: Drought|[of] p1b: Torkoal\n|turn|1\n|\n|t:|1776280686\n|move|p1b: Torkoal|Protect|p1b: Torkoal\n|-singleturn|p1b: Torkoal|Protect\n|move|p2a: Incineroar|Fake Out|p1b: Torkoal\n|-activate|p1b: Torkoal|move: Protect\n|move|p2b: Ninetales|Aurora Veil||[still]\n|-fail|p2b: Ninetales\n|move|p1a: Oranguru|Trick Room|p1a: Oranguru\n|-fieldstart|move: Trick Room|[of] p1a: Oranguru\n|\n|-weather|SunnyDay|[upkeep]\n|upkeep\n|turn|2\n|\n|t:|1776280720\n|move|p1b: Torkoal|Eruption|p2a: Incineroar|[spread] p2a,p2b\n|-resisted|p2a: Incineroar|1\n|-supereffective|p2b: Ninetales|1\n|-damage|p2a: Incineroar|60/100\n|-damage|p2b: Ninetales|0 fnt\n|faint|p2b: Ninetales\n|move|p1a: Oranguru|Instruct|p1b: Torkoal\n|-singleturn|p1b: Torkoal|move: Instruct|[of] p1a: Oranguru\n|move|p1b: Torkoal|Eruption|p2a: Incineroar\n|-resisted|p2a: Incineroar|1\n|-damage|p2a: Incineroar|5/100\n|move|p2a: Incineroar|Parting Shot|p1b: Torkoal\n|-unboost|p1b: Torkoal|atk|1\n|-unboost|p1b: Torkoal|spa|1\n|\n|t:|1776280732\n|switch|p2a: Sylveon|Sylveon, L50, F|100/100|[from] Parting Shot\n|\n|-weather|SunnyDay|[upkeep]\n|upkeep\n|\n|t:|1776280737\n|switch|p2b: Floette|Floette-Eternal, L50, F, shiny|100/100\n|turn|3\n|\n|t:|1776280763\n|detailschange|p2b: Floette|Floette-Mega, L50, F, shiny\n|-mega|p2b: Floette|Floette|Floettite\n|-ability|p2b: Floette|Fairy Aura\n|move|p1b: Torkoal|Eruption|p2b: Floette|[spread] p2a,p2b\n|-damage|p2a: Sylveon|55/100\n|-damage|p2b: Floette|45/100\n|move|p1a: Oranguru|Instruct|p1b: Torkoal\n|-singleturn|p1b: Torkoal|move: Instruct|[of] p1a: Oranguru\n|move|p1b: Torkoal|Eruption|p2b: Floette|[spread] p2a,p2b\n|-damage|p2a: Sylveon|9/100\n|-damage|p2b: Floette|0 fnt\n|faint|p2b: Floette\n|move|p2a: Sylveon|Hyper Voice|p1b: Torkoal|[spread] p1a,p1b\n|-resisted|p1b: Torkoal|1\n|-crit|p1b: Torkoal\n|-damage|p1a: Oranguru|67/100\n|-damage|p1b: Torkoal|58/100\n|\n|-weather|SunnyDay|[upkeep]\n|upkeep\n|\n|t:|1776280778\n|switch|p2b: Incineroar|Incineroar, L50, F|5/100\n|-ability|p2b: Incineroar|Intimidate|boost\n|-fail|p1a: Oranguru|unboost|Attack|[from] ability: Inner Focus|[of] p1a: Oranguru\n|-unboost|p1b: Torkoal|atk|1\n|turn|4\n|\n|t:|1776280788\n|move|p2a: Sylveon|Protect|p2a: Sylveon\n|-singleturn|p2a: Sylveon|Protect\n|move|p2b: Incineroar|Fake Out|p1a: Oranguru\n|-damage|p1a: Oranguru|57/100\n|move|p1b: Torkoal|Eruption|p2a: Sylveon|[spread] p2b\n|-activate|p2a: Sylveon|move: Protect\n|-resisted|p2b: Incineroar|1\n|-damage|p2b: Incineroar|0 fnt\n|faint|p2b: Incineroar\n|move|p1a: Oranguru|Instruct|p1b: Torkoal\n|-singleturn|p1b: Torkoal|move: Instruct|[of] p1a: Oranguru\n|move|p1b: Torkoal|Eruption|p2a: Sylveon\n|-activate|p2a: Sylveon|move: Protect\n|\n|-weather|SunnyDay|[upkeep]\n|upkeep\n|turn|5\n|-message|Leimari forfeited.\n|\n|win|weblewoble\n|l|\u2606Leimari\n|player|p2|\n",
  "uploadtime": 1776280933,
  "views": 15,
  "formatid": "gen9championsvgc2026regma",
  "rating": null,
  "private": 0,
  "password": null
}