{
  "id": "gen9championsvgc2026regma-2585816616",
  "format": "[Gen 9 Champions] VGC 2026 Reg M-A",
  "players": [
    "Hyjack",
    "edenborn"
  ],
  "log": "|j|\u2606Hyjack\n|j|\u2606edenborn\n|t:|1776372770\n|gametype|doubles\n|player|p1|Hyjack|cynthia-gen4|1113\n|player|p2|edenborn|unknown|1176\n|gen|9\n|tier|[Gen 9 Champions] VGC 2026 Reg M-A\n|rated|\n|rule|Species Clause: Limit one of each Pok\u00e9mon\n|rule|Item Clause: Limit 1 of each item\n|clearpoke\n|poke|p1|Tyranitar, L50, M|\n|poke|p1|Excadrill, L50, F|\n|poke|p1|Heliolisk, L50, F|\n|poke|p1|Gourgeist-*, L50, F|\n|poke|p1|Hydrapple, L50, F|\n|poke|p1|Lycanroc, L50, M|\n|poke|p2|Palafin, L50, M|\n|poke|p2|Pelipper, L50, F|\n|poke|p2|Archaludon, L50, M|\n|poke|p2|Sinistcha, L50|\n|poke|p2|Incineroar, L50, F|\n|poke|p2|Aerodactyl, L50, M|\n|teampreview|4\n|inactive|Battle timer is ON: inactive players will automatically lose when time's up. (requested by edenborn)\n|\n|t:|1776372797\n|teamsize|p1|4\n|teamsize|p2|4\n|start\n|switch|p1a: Sonny|Tyranitar, L50, M|100/100\n|switch|p1b: Felicity|Heliolisk, L50, F|100/100\n|switch|p2a: Herc|Palafin, L50, M|100/100\n|switch|p2b: Weather Breaker|Aerodactyl, L50, M|100/100\n|-ability|p2b: Weather Breaker|Unnerve\n|-weather|Sandstorm|[from] ability: Sand Stream|[of] p1a: Sonny\n|turn|1\n|inactive|edenborn has 30 seconds left.\n|\n|t:|1776372822\n|detailschange|p2b: Weather Breaker|Aerodactyl-Mega, L50, M\n|-mega|p2b: Weather Breaker|Aerodactyl|Aerodactylite\n|move|p2b: Weather Breaker|Tailwind|p2b: Weather Breaker\n|-sidestart|p2: edenborn|move: Tailwind\n|move|p2a: Herc|Flip Turn|p1a: Sonny\n|-supereffective|p1a: Sonny|1\n|-damage|p1a: Sonny|56/100\n|\n|t:|1776372838\n|detailschange|p2a: Herc|Palafin-Hero, L50, M\n|switch|p2a: Archie Manning|Archaludon, L50, M|100/100|[from] Flip Turn\n|move|p1b: Felicity|Volt Switch|p2a: Archie Manning\n|-resisted|p2a: Archie Manning|1\n|-damage|p2a: Archie Manning|84/100\n|-ability|p2a: Archie Manning|Stamina|boost\n|-boost|p2a: Archie Manning|def|1\n|\n|t:|1776372847\n|switch|p1b: Louis the Blind|Gourgeist-Super, L50, F|100/100|[from] Volt Switch\n|-item|p2a: Archie Manning|White Herb|[from] ability: Frisk|[of] p1b: Louis the Blind\n|-item|p2b: Weather Breaker|Aerodactylite|[from] ability: Frisk|[of] p1b: Louis the Blind\n|move|p1a: Sonny|Stone Edge|p2b: Weather Breaker\n|-supereffective|p2b: Weather Breaker|1\n|-damage|p2b: Weather Breaker|0 fnt\n|faint|p2b: Weather Breaker\n|\n|-weather|Sandstorm|[upkeep]\n|-damage|p1b: Louis the Blind|94/100|[from] Sandstorm\n|upkeep\n|\n|t:|1776372869\n|switch|p2b: Herc|Palafin-Hero, L50, M|100/100\n|-activate|p2b: Herc|ability: Zero to Hero\n|turn|2\n|inactive|edenborn has 30 seconds left.\n|\n|t:|1776372902\n|move|p1a: Sonny|Protect|p1a: Sonny\n|-singleturn|p1a: Sonny|Protect\n|move|p2b: Herc|Wave Crash|p1a: Sonny\n|-activate|p1a: Sonny|move: Protect\n|move|p2a: Archie Manning|Flash Cannon|p1b: Louis the Blind\n|-damage|p1b: Louis the Blind|64/100\n|move|p1b: Louis the Blind|Trick Room|p1b: Louis the Blind\n|-fieldstart|move: Trick Room|[of] p1b: Louis the Blind\n|\n|-weather|Sandstorm|[upkeep]\n|-damage|p1b: Louis the Blind|58/100|[from] Sandstorm\n|-damage|p2b: Herc|95/100|[from] Sandstorm\n|upkeep\n|turn|3\n|\n|t:|1776372924\n|switch|p1a: Veradux|Hydrapple, L50, F|100/100\n|-ability|p1a: Veradux|Supersweet Syrup\n|-unboost|p2a: Archie Manning|evasion|1\n|-unboost|p2b: Herc|evasion|1\n|-enditem|p2a: Archie Manning|White Herb\n|-clearnegativeboost|p2a: Archie Manning|[silent]\n|move|p2b: Herc|Protect|p2b: Herc\n|-singleturn|p2b: Herc|Protect\n|move|p1b: Louis the Blind|Will-O-Wisp|p2b: Herc\n|-activate|p2b: Herc|move: Protect\n|move|p2a: Archie Manning|Aura Sphere|p1a: Veradux\n|-damage|p1a: Veradux|70/100\n|\n|-weather|Sandstorm|[upkeep]\n|-damage|p1a: Veradux|63/100|[from] Sandstorm\n|-damage|p1b: Louis the Blind|52/100|[from] Sandstorm\n|-damage|p2b: Herc|89/100|[from] Sandstorm\n|upkeep\n|turn|4\n|inactive|Hyjack has 30 seconds left.\n|inactive|edenborn has 30 seconds left.\n|inactive|edenborn has 20 seconds left.\n|inactive|edenborn has 15 seconds left.\n|inactive|edenborn has 10 seconds left.\n|inactive|edenborn has 5 seconds left.\n|\n|t:|1776372974\n|switch|p2b: Drizz Lord|Pelipper, L50, F|100/100\n|-weather|RainDance|[from] ability: Drizzle|[of] p2b: Drizz Lord\n|move|p1a: Veradux|Draco Meteor|p2a: Archie Manning\n|-damage|p2a: Archie Manning|12/100\n|-unboost|p1a: Veradux|spa|2\n|-ability|p2a: Archie Manning|Stamina|boost\n|-boost|p2a: Archie Manning|def|1\n|move|p1b: Louis the Blind|Curse|p2b: Drizz Lord\n|-start|p2b: Drizz Lord|Curse|[of] p1b: Louis the Blind\n|-damage|p1b: Louis the Blind|2/100\n|move|p2a: Archie Manning|Draco Meteor|p1b: Louis the Blind\n|-damage|p1b: Louis the Blind|0 fnt\n|-unboost|p2a: Archie Manning|spa|2\n|faint|p1b: Louis the Blind\n|\n|-weather|RainDance|[upkeep]\n|-damage|p2b: Drizz Lord|76/100|[from] Curse\n|-sideend|p2: edenborn|move: Tailwind\n|upkeep\n|\n|t:|1776372991\n|switch|p1b: Felicity|Heliolisk, L50, F|100/100\n|turn|5\n|inactive|edenborn has 30 seconds left.\n|\n|t:|1776373025\n|move|p1a: Veradux|Body Press|p2a: Archie Manning\n|-supereffective|p2a: Archie Manning|1\n|-damage|p2a: Archie Manning|0 fnt\n|faint|p2a: Archie Manning\n|move|p2b: Drizz Lord|Hurricane|p1b: Felicity\n|-resisted|p1b: Felicity|1\n|-crit|p1b: Felicity\n|-damage|p1b: Felicity|60/100\n|move|p1b: Felicity|Volt Switch|p2b: Drizz Lord\n|-supereffective|p2b: Drizz Lord|2\n|-damage|p2b: Drizz Lord|0 fnt\n|faint|p2b: Drizz Lord\n|\n|t:|1776373035\n|switch|p1b: Sonny|Tyranitar, L50, M|56/100|[from] Volt Switch\n|-weather|Sandstorm|[from] ability: Sand Stream|[of] p1b: Sonny\n|\n|-weather|Sandstorm|[upkeep]\n|-damage|p1a: Veradux|57/100|[from] Sandstorm\n|upkeep\n|\n|t:|1776373045\n|switch|p2a: Herc|Palafin-Hero, L50, M|89/100\n|turn|6\n|\n|t:|1776373062\n|detailschange|p1b: Sonny|Tyranitar-Mega, L50, M\n|-mega|p1b: Sonny|Tyranitar|Tyranitarite\n|move|p2a: Herc|Jet Punch|p1b: Sonny\n|-supereffective|p1b: Sonny|1\n|-damage|p1b: Sonny|0 fnt\n|faint|p1b: Sonny\n|move|p1a: Veradux|Giga Drain|p2a: Herc\n|-supereffective|p2a: Herc|1\n|-damage|p2a: Herc|48/100\n|-heal|p1a: Veradux|81/100|[from] drain|[of] p2a: Herc\n|\n|-weather|Sandstorm|[upkeep]\n|-damage|p1a: Veradux|75/100|[from] Sandstorm\n|-damage|p2a: Herc|43/100|[from] Sandstorm\n|-fieldend|move: Trick Room\n|upkeep\n|\n|t:|1776373070\n|switch|p1b: Felicity|Heliolisk, L50, F|60/100\n|turn|7\n|\n|t:|1776373079\n|move|p1b: Felicity|Ally Switch|p1b: Felicity\n|swap|p1b: Felicity|0|[from] move: Ally Switch\n|move|p2a: Herc|Jet Punch|p1b: Veradux\n|-resisted|p1b: Veradux|2\n|-damage|p1b: Veradux|66/100\n|move|p1b: Veradux|Giga Drain|p2a: Herc\n|-supereffective|p2a: Herc|1\n|-damage|p2a: Herc|5/100\n|-heal|p1b: Veradux|87/100|[from] drain|[of] p2a: Herc\n|\n|-weather|Sandstorm|[upkeep]\n|-damage|p2a: Herc|0 fnt|[from] Sandstorm\n|-damage|p1b: Veradux|81/100|[from] Sandstorm\n|faint|p2a: Herc\n|\n|win|Hyjack\n|raw|Hyjack's rating: 1113 &rarr; <strong>1142</strong><br />(+29 for winning)\n|raw|edenborn's rating: 1176 &rarr; <strong>1147</strong><br />(-29 for losing)\n|l|\u2606Hyjack\n|player|p1|\n",
  "uploadtime": 1776373094,
  "views": 29,
  "formatid": "gen9championsvgc2026regma",
  "rating": 1142,
  "private": 0,
  "password": null
}