{
  "id": "gen9championsvgc2026regma-2584033653",
  "format": "[Gen 9 Champions] VGC 2026 Reg M-A",
  "players": [
    "icecoai09",
    "Hiimoliver"
  ],
  "log": "|j|\u2606icecoai09\n|j|\u2606Hiimoliver\n|t:|1776218645\n|gametype|doubles\n|player|p1|icecoai09|bruno|1122\n|player|p2|Hiimoliver|lance|1128\n|gen|9\n|tier|[Gen 9 Champions] VGC 2026 Reg M-A\n|rated|\n|rule|Species Clause: Limit one of each Pok\u00e9mon\n|rule|Item Clause: Limit 1 of each item\n|clearpoke\n|poke|p1|Aggron, L50, F|\n|poke|p1|Farigiraf, L50, F|\n|poke|p1|Primarina, L50, F|\n|poke|p1|Rotom-Wash, L50|\n|poke|p1|Sableye, L50, M|\n|poke|p1|Camerupt, L50, F|\n|poke|p2|Ceruledge, L50, F|\n|poke|p2|Corviknight, L50, M|\n|poke|p2|Raichu, L50, F|\n|poke|p2|Garchomp, L50, M|\n|poke|p2|Basculegion, L50, M|\n|poke|p2|Floette-Eternal, L50, F|\n|teampreview|4\n|\n|t:|1776218704\n|teamsize|p1|4\n|teamsize|p2|4\n|start\n|switch|p1a: Farigiraf|Farigiraf, L50, F|100/100\n|switch|p1b: Sableye|Sableye, L50, M|100/100\n|switch|p2a: Floette|Floette-Eternal, L50, F|100/100\n|switch|p2b: Garchomp|Garchomp, L50, M|100/100\n|turn|1\n|\n|t:|1776218720\n|detailschange|p2a: Floette|Floette-Mega, L50, F\n|-mega|p2a: Floette|Floette|Floettite\n|-ability|p2a: Floette|Fairy Aura\n|move|p1b: Sableye|Fake Out|p2a: Floette\n|-damage|p2a: Floette|90/100\n|move|p2b: Garchomp|Stomping Tantrum|p1a: Farigiraf\n|-damage|p1a: Farigiraf|54/100\n|cant|p2a: Floette|flinch\n|move|p1a: Farigiraf|Trick Room|p1a: Farigiraf\n|-fieldstart|move: Trick Room|[of] p1a: Farigiraf\n|\n|upkeep\n|turn|2\n|\n|t:|1776218745\n|switch|p1b: Aggron|Aggron, L50, F|100/100\n|switch|p1a: Rotom|Rotom-Wash, L50, shiny|100/100\n|move|p2a: Floette|Calm Mind|p2a: Floette\n|-boost|p2a: Floette|spa|1\n|-boost|p2a: Floette|spd|1\n|move|p2b: Garchomp|Stomping Tantrum|p1b: Aggron\n|-supereffective|p1b: Aggron|2\n|-ability|p1b: Aggron|Sturdy\n|-damage|p1b: Aggron|1/100\n|\n|upkeep\n|turn|3\n|\n|t:|1776218768\n|detailschange|p1b: Aggron|Aggron-Mega, L50, F\n|-mega|p1b: Aggron|Aggron|Aggronite\n|move|p1b: Aggron|Heavy Slam|p2a: Floette\n|-supereffective|p2a: Floette|1\n|-damage|p2a: Floette|0 fnt\n|faint|p2a: Floette\n|move|p1a: Rotom|Nasty Plot|p1a: Rotom\n|-boost|p1a: Rotom|spa|2\n|move|p2b: Garchomp|Rock Slide|p1b: Aggron|[spread] p1a,p1b\n|-resisted|p1b: Aggron|1\n|-damage|p1a: Rotom|74/100\n|-damage|p1b: Aggron|0 fnt\n|faint|p1b: Aggron\n|\n|upkeep\n|\n|t:|1776218782\n|switch|p1b: Sableye|Sableye, L50, M|100/100\n|switch|p2a: Corviknight|Corviknight, L50, M|100/100\n|turn|4\n|\n|t:|1776218813\n|move|p2b: Garchomp|Protect|p2b: Garchomp\n|-singleturn|p2b: Garchomp|Protect\n|move|p1b: Sableye|Fake Out|p2b: Garchomp\n|-activate|p2b: Garchomp|move: Protect\n|move|p2a: Corviknight|Brave Bird|p1a: Rotom\n|-resisted|p1a: Rotom|1\n|-damage|p1a: Rotom|43/100\n|-enditem|p1a: Rotom|Sitrus Berry|[eat]\n|-heal|p1a: Rotom|68/100|[from] item: Sitrus Berry\n|-damage|p2a: Corviknight|93/100|[from] Recoil\n|move|p1a: Rotom|Hydro Pump|p2b: Garchomp\n|-activate|p2b: Garchomp|move: Protect\n|\n|-heal|p2a: Corviknight|99/100|[from] item: Leftovers\n|upkeep\n|turn|5\n|\n|t:|1776218836\n|move|p2b: Garchomp|Protect|p2b: Garchomp\n|-singleturn|p2b: Garchomp|Protect\n|move|p1b: Sableye|Encore|p2b: Garchomp\n|-activate|p2b: Garchomp|move: Protect\n|move|p2a: Corviknight|Tailwind|p2a: Corviknight\n|-sidestart|p2: Hiimoliver|move: Tailwind\n|move|p1a: Rotom|Volt Switch|p2a: Corviknight\n|-supereffective|p2a: Corviknight|1\n|-damage|p2a: Corviknight|0 fnt\n|faint|p2a: Corviknight\n|\n|t:|1776218847\n|switch|p1a: Farigiraf|Farigiraf, L50, F|54/100|[from] Volt Switch\n|\n|-fieldend|move: Trick Room\n|upkeep\n|\n|t:|1776218850\n|switch|p2a: Basculegion|Basculegion, L50, M|100/100\n|turn|6\n|\n|t:|1776218863\n|move|p1a: Farigiraf|Protect|p1a: Farigiraf\n|-singleturn|p1a: Farigiraf|Protect\n|move|p1b: Sableye|Encore|p2b: Garchomp\n|-start|p2b: Garchomp|Encore\n|move|p2b: Garchomp|Protect||[still]\n|-fail|p2b: Garchomp\n|move|p2a: Basculegion|Wave Crash|p1a: Farigiraf\n|-activate|p1a: Farigiraf|move: Protect\n|\n|upkeep\n|turn|7\n|\n|t:|1776218876\n|move|p2b: Garchomp|Protect|p2b: Garchomp\n|-singleturn|p2b: Garchomp|Protect\n|move|p1b: Sableye|Disable|p2a: Basculegion\n|-start|p2a: Basculegion|Disable|Wave Crash\n|cant|p2a: Basculegion|Disable|Wave Crash\n|move|p1a: Farigiraf|Trick Room|p1a: Farigiraf\n|-fieldstart|move: Trick Room|[of] p1a: Farigiraf\n|\n|upkeep\n|turn|8\n|\n|t:|1776218906\n|move|p2b: Garchomp|Protect||[still]\n|-fail|p2b: Garchomp\n|move|p1b: Sableye|Knock Off|p2a: Basculegion\n|-supereffective|p2a: Basculegion|1\n|-damage|p2a: Basculegion|16/100\n|-enditem|p2a: Basculegion|Choice Scarf|[from] move: Knock Off|[of] p1b: Sableye\n|move|p1a: Farigiraf|Energy Ball|p2a: Basculegion\n|-supereffective|p2a: Basculegion|1\n|-damage|p2a: Basculegion|0 fnt\n|faint|p2a: Basculegion\n|\n|-end|p2b: Garchomp|Encore\n|-sideend|p2: Hiimoliver|move: Tailwind\n|upkeep\n|turn|9\n|c|\u2606Hiimoliver|cancer\n|-message|Hiimoliver forfeited.\n|\n|win|icecoai09\n|raw|icecoai09's rating: 1122 &rarr; <strong>1147</strong><br />(+25 for winning)\n|raw|Hiimoliver's rating: 1128 &rarr; <strong>1103</strong><br />(-25 for losing)\n|l|\u2606Hiimoliver\n|player|p2|\n|c|\u2606icecoai09|lol\n",
  "uploadtime": 1776218936,
  "views": 28,
  "formatid": "gen9championsvgc2026regma",
  "rating": 1103,
  "private": 0,
  "password": null
}