{
  "id": "gen9championsvgc2026regma-2587642217",
  "format": "[Gen 9 Champions] VGC 2026 Reg M-A",
  "players": [
    "dynameow",
    "appatheboppa"
  ],
  "log": "|j|\u2606dynameow\n|j|\u2606appatheboppa\n|t:|1776549662\n|gametype|doubles\n|player|p1|dynameow|265|1235\n|player|p2|appatheboppa|rocketgrunt|1151\n|gen|9\n|tier|[Gen 9 Champions] VGC 2026 Reg M-A\n|rated|\n|rule|Species Clause: Limit one of each Pok\u00e9mon\n|rule|Item Clause: Limit 1 of each item\n|clearpoke\n|poke|p1|Lopunny, L50, M|\n|poke|p1|Sneasler, L50, M|\n|poke|p1|Skeledirge, L50, F|\n|poke|p1|Whimsicott, L50, M|\n|poke|p1|Tyranitar, L50, M|\n|poke|p1|Farigiraf, L50, F|\n|poke|p2|Blastoise, L50, F|\n|poke|p2|Talonflame, L50, M, shiny|\n|poke|p2|Garchomp, L50, M|\n|poke|p2|Sinistcha, L50, shiny|\n|poke|p2|Sylveon, L50, F, shiny|\n|poke|p2|Kingambit, L50, M, shiny|\n|teampreview|4\n|\n|t:|1776549675\n|teamsize|p1|4\n|teamsize|p2|4\n|start\n|switch|p1a: Lopunny|Lopunny, L50, M|100/100\n|switch|p1b: Sneasler|Sneasler, L50, M|100/100\n|switch|p2a: Blastoise|Blastoise, L50, F|100/100\n|switch|p2b: Talonflame|Talonflame, L50, M, shiny|100/100\n|-ability|p1b: Sneasler|Pressure\n|turn|1\n|\n|t:|1776549692\n|detailschange|p1a: Lopunny|Lopunny-Mega, L50, M\n|-mega|p1a: Lopunny|Lopunny|Lopunnite\n|detailschange|p2a: Blastoise|Blastoise-Mega, L50, F\n|-mega|p2a: Blastoise|Blastoise|Blastoisinite\n|move|p1a: Lopunny|Fake Out|p2b: Talonflame\n|-damage|p2b: Talonflame|73/100\n|-status|p1a: Lopunny|brn|[from] ability: Flame Body|[of] p2b: Talonflame\n|move|p1b: Sneasler|Fake Out|p2a: Blastoise\n|-damage|p2a: Blastoise|86/100\n|cant|p2b: Talonflame|flinch\n|cant|p2a: Blastoise|flinch\n|\n|-damage|p1a: Lopunny|95/100 brn|[from] brn\n|upkeep\n|turn|2\n|\n|t:|1776549714\n|switch|p1a: Whimsicott|Whimsicott, L50, M|100/100\n|move|p2b: Talonflame|Rain Dance|p2b: Talonflame\n|-weather|RainDance\n|move|p1b: Sneasler|Rock Slide|p2a: Blastoise|[spread] p2b\n|-miss|p1b: Sneasler|p2a: Blastoise\n|-supereffective|p2b: Talonflame|2\n|-damage|p2b: Talonflame|0 fnt\n|faint|p2b: Talonflame\n|move|p2a: Blastoise|Water Spout|p1b: Sneasler|[spread] p1a,p1b\n|-resisted|p1a: Whimsicott|1\n|-damage|p1a: Whimsicott|43/100\n|-damage|p1b: Sneasler|0 fnt\n|-enditem|p1a: Whimsicott|Sitrus Berry|[eat]\n|-heal|p1a: Whimsicott|68/100|[from] item: Sitrus Berry\n|faint|p1b: Sneasler\n|\n|-weather|RainDance|[upkeep]\n|upkeep\n|\n|t:|1776549729\n|switch|p2b: Sylveon|Sylveon, L50, F, shiny|100/100\n|switch|p1b: Lopunny|Lopunny-Mega, L50, M|95/100 brn\n|turn|3\n|\n|t:|1776549739\n|move|p1a: Whimsicott|Tailwind|p1a: Whimsicott\n|-sidestart|p1: dynameow|move: Tailwind\n|move|p1b: Lopunny|Facade|p2a: Blastoise\n|-damage|p2a: Blastoise|12/100\n|move|p2a: Blastoise|Water Spout|p1b: Lopunny|[spread] p1a,p1b\n|-resisted|p1a: Whimsicott|1\n|-damage|p1a: Whimsicott|60/100\n|-damage|p1b: Lopunny|81/100 brn\n|move|p2b: Sylveon|Mystical Fire|p1a: Whimsicott\n|-supereffective|p1a: Whimsicott|1\n|-damage|p1a: Whimsicott|29/100\n|-unboost|p1a: Whimsicott|spa|1\n|\n|-weather|RainDance|[upkeep]\n|-damage|p1b: Lopunny|75/100 brn|[from] brn\n|upkeep\n|turn|4\n|\n|t:|1776549764\n|switch|p2a: Garchomp|Garchomp, L50, M|100/100\n|move|p1a: Whimsicott|Encore||[still]\n|-fail|p1a: Whimsicott\n|move|p1b: Lopunny|Facade|p2b: Sylveon\n|-damage|p2b: Sylveon|0 fnt\n|-start|p1b: Lopunny|Attract|[from] ability: Cute Charm|[of] p2b: Sylveon\n|faint|p2b: Sylveon\n|-end|p1b: Lopunny|Attract|[silent]\n|\n|-weather|RainDance|[upkeep]\n|-damage|p1b: Lopunny|70/100 brn|[from] brn\n|upkeep\n|\n|t:|1776549775\n|switch|p2b: Blastoise|Blastoise-Mega, L50, F|12/100\n|turn|5\n|\n|t:|1776549789\n|move|p2b: Blastoise|Fake Out|p1b: Lopunny\n|-damage|p1b: Lopunny|56/100 brn\n|cant|p1b: Lopunny|flinch\n|move|p1a: Whimsicott|Moonblast|p2b: Blastoise\n|-damage|p2b: Blastoise|0 fnt\n|faint|p2b: Blastoise\n|move|p2a: Garchomp|Rock Slide|p1b: Lopunny|[spread] p1a,p1b\n|-resisted|p1b: Lopunny|1\n|-damage|p1a: Whimsicott|3/100\n|-damage|p1b: Lopunny|43/100 brn\n|\n|-weather|RainDance|[upkeep]\n|-damage|p1b: Lopunny|37/100 brn|[from] brn\n|upkeep\n|turn|6\n|\n|t:|1776549815\n|move|p1b: Lopunny|Facade|p2a: Garchomp\n|-damage|p2a: Garchomp|19/100\n|move|p1a: Whimsicott|Moonblast|p2a: Garchomp\n|-supereffective|p2a: Garchomp|1\n|-damage|p2a: Garchomp|0 fnt\n|faint|p2a: Garchomp\n|\n|win|dynameow\n|raw|dynameow's rating: 1235 &rarr; <strong>1254</strong><br />(+19 for winning)\n|raw|appatheboppa's rating: 1151 &rarr; <strong>1132</strong><br />(-19 for losing)\n",
  "uploadtime": 1776549825,
  "views": 14,
  "formatid": "gen9championsvgc2026regma",
  "rating": 1132,
  "private": 0,
  "password": null
}