{
  "id": "gen9championsvgc2026regma-2584524308",
  "format": "[Gen 9 Champions] VGC 2026 Reg M-A",
  "players": [
    "rugshaker",
    "tarakan"
  ],
  "log": "|j|\u2606rugshaker\n|j|\u203dtarakan\n|t:|1776266510\n|gametype|doubles\n|player|p1|rugshaker|lillie-z|1076\n|player|p2|tarakan|roxie|1127\n|gen|9\n|tier|[Gen 9 Champions] VGC 2026 Reg M-A\n|rated|\n|rule|Species Clause: Limit one of each Pok\u00e9mon\n|rule|Item Clause: Limit 1 of each item\n|clearpoke\n|poke|p1|Meganium, L50, M|\n|poke|p1|Aerodactyl, L50, F|\n|poke|p1|Archaludon, L50, M|\n|poke|p1|Typhlosion-Hisui, L50, M|\n|poke|p1|Kangaskhan, L50, F|\n|poke|p1|Tauros-Paldea-Aqua, L50, M|\n|poke|p2|Blastoise, L50, M|\n|poke|p2|Toxicroak, L50, M|\n|poke|p2|Gengar, L50, M|\n|poke|p2|Ninetales-Alola, L50, F|\n|poke|p2|Pelipper, L50, F|\n|poke|p2|Liepard, L50, F|\n|teampreview|4\n|\n|t:|1776266538\n|teamsize|p1|4\n|teamsize|p2|4\n|start\n|switch|p1a: Meganium|Meganium, L50, M|100/100\n|switch|p1b: Kangaskhan|Kangaskhan, L50, F|100/100\n|switch|p2a: Liepard|Liepard, L50, F|100/100\n|switch|p2b: Gengar|Gengar, L50, M|100/100\n|turn|1\n|\n|t:|1776266562\n|move|p2a: Liepard|Protect|p2a: Liepard\n|-singleturn|p2a: Liepard|Protect\n|move|p2b: Gengar|Protect|p2b: Gengar\n|-singleturn|p2b: Gengar|Protect\n|move|p1a: Meganium|Protect|p1a: Meganium\n|-singleturn|p1a: Meganium|Protect\n|move|p1b: Kangaskhan|Fake Out|p2a: Liepard\n|-activate|p2a: Liepard|move: Protect\n|\n|upkeep\n|turn|2\n|\n|t:|1776266579\n|switch|p1a: Aerodactyl|Aerodactyl, L50, F|100/100\n|-ability|p1a: Aerodactyl|Unnerve\n|detailschange|p2b: Gengar|Gengar-Mega, L50, M\n|-mega|p2b: Gengar|Gengar|Gengarite\n|move|p2a: Liepard|Encore|p1b: Kangaskhan\n|-start|p1b: Kangaskhan|Encore\n|move|p1b: Kangaskhan|Fake Out||[still]\n|-hint|Fake Out only works on your first turn out.\n|-fail|p1b: Kangaskhan\n|move|p2b: Gengar|Nasty Plot|p2b: Gengar\n|-boost|p2b: Gengar|spa|2\n|\n|upkeep\n|turn|3\n|\n|t:|1776266594\n|move|p2b: Gengar|Dazzling Gleam|p1a: Aerodactyl|[spread] p1a,p1b\n|-damage|p1a: Aerodactyl|26/100\n|-damage|p1b: Kangaskhan|47/100\n|move|p1a: Aerodactyl|Rock Slide|p2a: Liepard|[spread] p2a,p2b\n|-damage|p2a: Liepard|49/100\n|-damage|p2b: Gengar|60/100\n|move|p2a: Liepard|Knock Off|p1a: Aerodactyl\n|-damage|p1a: Aerodactyl|0 fnt\n|-enditem|p1a: Aerodactyl|Focus Sash|[from] move: Knock Off|[of] p2a: Liepard\n|faint|p1a: Aerodactyl\n|-activate|p1b: Kangaskhan|move: Struggle\n|move|p1b: Kangaskhan|Struggle|p2a: Liepard\n|-damage|p2a: Liepard|17/100\n|-damage|p1b: Kangaskhan|22/100|[from] recoil\n|\n|upkeep\n|\n|t:|1776266609\n|switch|p1a: Archaludon|Archaludon, L50, M|100/100\n|turn|4\n|\n|t:|1776266621\n|move|p2b: Gengar|Protect|p2b: Gengar\n|-singleturn|p2b: Gengar|Protect\n|move|p2a: Liepard|Yawn|p1a: Archaludon\n|-start|p1a: Archaludon|move: Yawn|[of] p2a: Liepard\n|-activate|p1b: Kangaskhan|move: Struggle\n|move|p1b: Kangaskhan|Struggle|p2b: Gengar\n|-activate|p2b: Gengar|move: Protect\n|move|p1a: Archaludon|Flash Cannon|p2b: Gengar\n|-activate|p2b: Gengar|move: Protect\n|\n|-end|p1b: Kangaskhan|Encore\n|upkeep\n|turn|5\n|\n|t:|1776266654\n|move|p2a: Liepard|Encore||[still]\n|-fail|p2a: Liepard\n|move|p1b: Kangaskhan|Sucker Punch||[still]\n|-fail|p1b: Kangaskhan\n|move|p2b: Gengar|Substitute|p2b: Gengar\n|-start|p2b: Gengar|Substitute\n|-damage|p2b: Gengar|35/100\n|move|p1a: Archaludon|Flash Cannon|p2b: Gengar\n|-end|p2b: Gengar|Substitute\n|\n|-end|p1a: Archaludon|move: Yawn|[silent]\n|-status|p1a: Archaludon|slp\n|upkeep\n|turn|6\n|\n|t:|1776266676\n|move|p2b: Gengar|Substitute|p2b: Gengar\n|-start|p2b: Gengar|Substitute\n|-damage|p2b: Gengar|11/100\n|move|p2a: Liepard|Knock Off|p1b: Kangaskhan\n|-damage|p1b: Kangaskhan|0 fnt\n|faint|p1b: Kangaskhan\n|cant|p1a: Archaludon|slp\n|\n|upkeep\n|\n|t:|1776266681\n|switch|p1b: Meganium|Meganium, L50, M|100/100\n|turn|7\n|\n|t:|1776266691\n|move|p1b: Meganium|Protect|p1b: Meganium\n|-singleturn|p1b: Meganium|Protect\n|move|p2a: Liepard|Yawn|p1b: Meganium\n|-activate|p1b: Meganium|move: Protect\n|move|p2b: Gengar|Nasty Plot|p2b: Gengar\n|-boost|p2b: Gengar|spa|2\n|-curestatus|p1a: Archaludon|slp|[msg]\n|move|p1a: Archaludon|Flash Cannon|p2a: Liepard\n|-damage|p2a: Liepard|0 fnt\n|faint|p2a: Liepard\n|\n|upkeep\n|\n|t:|1776266695\n|switch|p2a: Toxicroak|Toxicroak, L50, M|100/100\n|turn|8\n|\n|t:|1776266709\n|detailschange|p1b: Meganium|Meganium-Mega, L50, M\n|-mega|p1b: Meganium|Meganium|Meganiumite\n|move|p2a: Toxicroak|Close Combat|p1a: Archaludon\n|-supereffective|p1a: Archaludon|1\n|-damage|p1a: Archaludon|29/100\n|-unboost|p2a: Toxicroak|def|1\n|-unboost|p2a: Toxicroak|spd|1\n|-ability|p1a: Archaludon|Stamina|boost\n|-boost|p1a: Archaludon|def|1\n|move|p2b: Gengar|Dazzling Gleam|p1a: Archaludon|[spread] p1a,p1b\n|-damage|p1a: Archaludon|0 fnt\n|-damage|p1b: Meganium|22/100\n|faint|p1a: Archaludon\n|move|p1b: Meganium|Dazzling Gleam|p2b: Gengar|[spread] p2a,p2b\n|-resisted|p2b: Gengar|1\n|-activate|p2b: Gengar|move: Substitute|[damage]\n|-damage|p2a: Toxicroak|25/100\n|\n|upkeep\n|turn|9\n|-message|rugshaker forfeited.\n|\n|win|tarakan\n|raw|rugshaker's rating: 1076 &rarr; <strong>1058</strong><br />(-18 for losing)\n|raw|tarakan's rating: 1127 &rarr; <strong>1148</strong><br />(+21 for winning)\n|l|\u2606rugshaker\n|player|p1|\n|l|\u203dtarakan\n|player|p2|\n|j|\u203dtarakan\n|player|p2|tarakan|roxie|\n|n|\u203dtarakan|tarakan\n",
  "uploadtime": 1776266800,
  "views": 26,
  "formatid": "gen9championsvgc2026regma",
  "rating": 1058,
  "private": 0,
  "password": null
}