{
  "id": "gen9championsvgc2026regma-2586135007",
  "format": "[Gen 9 Champions] VGC 2026 Reg M-A",
  "players": [
    "tung0616",
    "Neutralzr"
  ],
  "log": "|j|\u2606tung0616\n|j|\u2606Neutralzr\n|t:|1776403326\n|gametype|doubles\n|player|p1|tung0616|2|1107\n|player|p2|Neutralzr|lance|1176\n|gen|9\n|tier|[Gen 9 Champions] VGC 2026 Reg M-A\n|rated|\n|rule|Species Clause: Limit one of each Pok\u00e9mon\n|rule|Item Clause: Limit 1 of each item\n|clearpoke\n|poke|p1|Tyranitar, L50, M|\n|poke|p1|Excadrill, L50, M|\n|poke|p1|Gardevoir, L50, F|\n|poke|p1|Sinistcha-Masterpiece, L50|\n|poke|p1|Sneasler, L50, F|\n|poke|p1|Corviknight, L50, M|\n|poke|p2|Mimikyu, L50, M|\n|poke|p2|Milotic, L50, F|\n|poke|p2|Charizard, L50, F|\n|poke|p2|Aerodactyl, L50, M|\n|poke|p2|Incineroar, L50, F|\n|poke|p2|Sinistcha-Masterpiece, L50|\n|teampreview|4\n|inactive|Battle timer is ON: inactive players will automatically lose when time's up. (requested by Neutralzr)\n|inactive|tung0616 has 60 seconds left.\n|inactive|Neutralzr has 60 seconds left.\n|\n|t:|1776403380\n|teamsize|p1|4\n|teamsize|p2|4\n|start\n|switch|p1a: \u92c1\u92fc\u6a4b\u9d09|Corviknight, L50, M, shiny|100/100\n|switch|p1b: \u5927\u72c3\u62c9|Sneasler, L50, F|100/100\n|switch|p2a: Milotic|Milotic, L50, F, shiny|100/100\n|switch|p2b: Aerodactyl|Aerodactyl, L50, M|100/100\n|-ability|p2b: Aerodactyl|Unnerve\n|turn|1\n|inactive|tung0616 has 30 seconds left.\n|\n|t:|1776403407\n|move|p2b: Aerodactyl|Protect|p2b: Aerodactyl\n|-singleturn|p2b: Aerodactyl|Protect\n|move|p1b: \u5927\u72c3\u62c9|Dire Claw|p2a: Milotic\n|-damage|p2a: Milotic|63/100\n|move|p2a: Milotic|Scald|p1b: \u5927\u72c3\u62c9\n|-damage|p1b: \u5927\u72c3\u62c9|59/100\n|move|p1a: \u92c1\u92fc\u6a4b\u9d09|Iron Defense|p1a: \u92c1\u92fc\u6a4b\u9d09\n|-boost|p1a: \u92c1\u92fc\u6a4b\u9d09|def|2\n|\n|-heal|p2a: Milotic|69/100|[from] item: Leftovers\n|upkeep\n|turn|2\n|inactive|Neutralzr has 30 seconds left.\n|\n|t:|1776403434\n|move|p2b: Aerodactyl|Dual Wingbeat|p1b: \u5927\u72c3\u62c9\n|-supereffective|p1b: \u5927\u72c3\u62c9|1\n|-damage|p1b: \u5927\u72c3\u62c9|4/100\n|-supereffective|p1b: \u5927\u72c3\u62c9|1\n|-damage|p1b: \u5927\u72c3\u62c9|0 fnt\n|faint|p1b: \u5927\u72c3\u62c9\n|-hitcount|p1: \u5927\u72c3\u62c9|2\n|move|p2a: Milotic|Scald|p1a: \u92c1\u92fc\u6a4b\u9d09\n|-damage|p1a: \u92c1\u92fc\u6a4b\u9d09|69/100\n|move|p1a: \u92c1\u92fc\u6a4b\u9d09|Iron Defense|p1a: \u92c1\u92fc\u6a4b\u9d09\n|-boost|p1a: \u92c1\u92fc\u6a4b\u9d09|def|2\n|\n|-heal|p2a: Milotic|75/100|[from] item: Leftovers\n|-heal|p1a: \u92c1\u92fc\u6a4b\u9d09|75/100|[from] item: Leftovers\n|upkeep\n|\n|t:|1776403456\n|switch|p1b: \u73ed\u57fa\u62c9\u65af|Tyranitar, L50, M, shiny|100/100\n|-weather|Sandstorm|[from] ability: Sand Stream|[of] p1b: \u73ed\u57fa\u62c9\u65af\n|turn|3\n|\n|t:|1776403473\n|move|p2b: Aerodactyl|Tailwind|p2b: Aerodactyl\n|-sidestart|p2: Neutralzr|move: Tailwind\n|move|p2a: Milotic|Scald|p1a: \u92c1\u92fc\u6a4b\u9d09\n|-damage|p1a: \u92c1\u92fc\u6a4b\u9d09|44/100\n|-status|p1a: \u92c1\u92fc\u6a4b\u9d09|brn\n|move|p1a: \u92c1\u92fc\u6a4b\u9d09|Body Press|p2a: Milotic\n|-crit|p2a: Milotic\n|-damage|p2a: Milotic|21/100\n|move|p1b: \u73ed\u57fa\u62c9\u65af|Ice Punch|p2b: Aerodactyl\n|-supereffective|p2b: Aerodactyl|1\n|-damage|p2b: Aerodactyl|15/100\n|\n|-weather|Sandstorm|[upkeep]\n|-damage|p2a: Milotic|15/100|[from] Sandstorm\n|-heal|p2a: Milotic|21/100|[from] item: Leftovers\n|-heal|p1a: \u92c1\u92fc\u6a4b\u9d09|50/100 brn|[from] item: Leftovers\n|-damage|p1a: \u92c1\u92fc\u6a4b\u9d09|44/100 brn|[from] brn\n|upkeep\n|turn|4\n|inactive|tung0616 has 30 seconds left.\n|inactive|Neutralzr has 30 seconds left.\n|\n|t:|1776403506\n|move|p2b: Aerodactyl|Protect|p2b: Aerodactyl\n|-singleturn|p2b: Aerodactyl|Protect\n|move|p2a: Milotic|Life Dew|p2a: Milotic|[spread] p2a,p2b\n|-heal|p2a: Milotic|47/100\n|-heal|p2b: Aerodactyl|40/100\n|move|p1a: \u92c1\u92fc\u6a4b\u9d09|Roost|p1a: \u92c1\u92fc\u6a4b\u9d09\n|-heal|p1a: \u92c1\u92fc\u6a4b\u9d09|94/100 brn\n|-singleturn|p1a: \u92c1\u92fc\u6a4b\u9d09|move: Roost\n|move|p1b: \u73ed\u57fa\u62c9\u65af|Rock Slide|p2b: Aerodactyl|[spread] p2a\n|-activate|p2b: Aerodactyl|move: Protect\n|-crit|p2a: Milotic\n|-damage|p2a: Milotic|5/100\n|\n|-weather|Sandstorm|[upkeep]\n|-damage|p2a: Milotic|0 fnt|[from] Sandstorm\n|faint|p2a: Milotic\n|-heal|p1a: \u92c1\u92fc\u6a4b\u9d09|99/100 brn|[from] item: Leftovers\n|-damage|p1a: \u92c1\u92fc\u6a4b\u9d09|94/100 brn|[from] brn\n|upkeep\n|inactive|Neutralzr has 30 seconds left.\n|\n|t:|1776403537\n|switch|p2a: Sinistcha|Sinistcha-Masterpiece, L50|100/100\n|-heal|p2b: Aerodactyl|65/100|[from] ability: Hospitality|[of] p2a: Sinistcha\n|turn|5\n|\n|t:|1776403553\n|move|p2b: Aerodactyl|Rock Slide|p1a: \u92c1\u92fc\u6a4b\u9d09|[spread] p1a,p1b\n|-damage|p1a: \u92c1\u92fc\u6a4b\u9d09|88/100 brn\n|-damage|p1b: \u73ed\u57fa\u62c9\u65af|81/100\n|move|p2a: Sinistcha|Matcha Gotcha|p1b: \u73ed\u57fa\u62c9\u65af|[spread] p1a,p1b\n|-resisted|p1a: \u92c1\u92fc\u6a4b\u9d09|2\n|-supereffective|p1b: \u73ed\u57fa\u62c9\u65af|1\n|-damage|p1a: \u92c1\u92fc\u6a4b\u9d09|81/100 brn\n|-damage|p1b: \u73ed\u57fa\u62c9\u65af|51/100\n|move|p1a: \u92c1\u92fc\u6a4b\u9d09|Iron Defense|p1a: \u92c1\u92fc\u6a4b\u9d09\n|-boost|p1a: \u92c1\u92fc\u6a4b\u9d09|def|2\n|move|p1b: \u73ed\u57fa\u62c9\u65af|Knock Off|p2a: Sinistcha\n|-supereffective|p2a: Sinistcha|1\n|-damage|p2a: Sinistcha|8/100\n|-enditem|p2a: Sinistcha|Sitrus Berry|[from] move: Knock Off|[of] p1b: \u73ed\u57fa\u62c9\u65af\n|\n|-weather|Sandstorm|[upkeep]\n|-damage|p2a: Sinistcha|2/100|[from] Sandstorm\n|-heal|p1a: \u92c1\u92fc\u6a4b\u9d09|87/100 brn|[from] item: Leftovers\n|-damage|p1a: \u92c1\u92fc\u6a4b\u9d09|81/100 brn|[from] brn\n|upkeep\n|turn|6\n|inactive|tung0616 has 30 seconds left.\n|\n|t:|1776403581\n|move|p1b: \u73ed\u57fa\u62c9\u65af|Protect|p1b: \u73ed\u57fa\u62c9\u65af\n|-singleturn|p1b: \u73ed\u57fa\u62c9\u65af|Protect\n|move|p2b: Aerodactyl|Rock Slide|p1a: \u92c1\u92fc\u6a4b\u9d09|[spread] p1a\n|-activate|p1b: \u73ed\u57fa\u62c9\u65af|move: Protect\n|-damage|p1a: \u92c1\u92fc\u6a4b\u9d09|77/100 brn\n|move|p2a: Sinistcha|Matcha Gotcha|p1a: \u92c1\u92fc\u6a4b\u9d09|[spread] p1a\n|-activate|p1b: \u73ed\u57fa\u62c9\u65af|move: Protect\n|-resisted|p1a: \u92c1\u92fc\u6a4b\u9d09|2\n|-damage|p1a: \u92c1\u92fc\u6a4b\u9d09|71/100 brn\n|-heal|p2a: Sinistcha|6/100|[from] drain|[of] p1a: \u92c1\u92fc\u6a4b\u9d09\n|cant|p1a: \u92c1\u92fc\u6a4b\u9d09|flinch\n|\n|-weather|Sandstorm|[upkeep]\n|-damage|p2a: Sinistcha|0 fnt|[from] Sandstorm\n|faint|p2a: Sinistcha\n|-heal|p1a: \u92c1\u92fc\u6a4b\u9d09|77/100 brn|[from] item: Leftovers\n|-damage|p1a: \u92c1\u92fc\u6a4b\u9d09|71/100 brn|[from] brn\n|-sideend|p2: Neutralzr|move: Tailwind\n|upkeep\n|\n|t:|1776403606\n|switch|p2a: Charizard|Charizard, L50, F|100/100\n|turn|7\n|inactive|Neutralzr has 30 seconds left.\n|inactive|Neutralzr has 20 seconds left.\n|inactive|Neutralzr has 15 seconds left.\n|inactive|Neutralzr has 10 seconds left.\n|\n|t:|1776403651\n|detailschange|p2a: Charizard|Charizard-Mega-X, L50, F\n|-mega|p2a: Charizard|Charizard|Charizardite X\n|detailschange|p1b: \u73ed\u57fa\u62c9\u65af|Tyranitar-Mega, L50, M, shiny\n|-mega|p1b: \u73ed\u57fa\u62c9\u65af|Tyranitar|Tyranitarite\n|move|p2b: Aerodactyl|Rock Slide|p1b: \u73ed\u57fa\u62c9\u65af|[spread] p1b\n|-miss|p2b: Aerodactyl|p1a: \u92c1\u92fc\u6a4b\u9d09\n|-damage|p1b: \u73ed\u57fa\u62c9\u65af|38/100\n|move|p2a: Charizard|Dragon Claw|p1b: \u73ed\u57fa\u62c9\u65af\n|-damage|p1b: \u73ed\u57fa\u62c9\u65af|7/100\n|cant|p1b: \u73ed\u57fa\u62c9\u65af|flinch\n|move|p1a: \u92c1\u92fc\u6a4b\u9d09|Brave Bird|p2b: Aerodactyl\n|-resisted|p2b: Aerodactyl|1\n|-damage|p2b: Aerodactyl|51/100\n|-damage|p1a: \u92c1\u92fc\u6a4b\u9d09|68/100 brn|[from] Recoil\n|\n|-weather|none\n|-heal|p1a: \u92c1\u92fc\u6a4b\u9d09|74/100 brn|[from] item: Leftovers\n|-damage|p1a: \u92c1\u92fc\u6a4b\u9d09|68/100 brn|[from] brn\n|upkeep\n|turn|8\n|\n|t:|1776403676\n|move|p1b: \u73ed\u57fa\u62c9\u65af|Protect|p1b: \u73ed\u57fa\u62c9\u65af\n|-singleturn|p1b: \u73ed\u57fa\u62c9\u65af|Protect\n|move|p2b: Aerodactyl|Rock Slide|p1a: \u92c1\u92fc\u6a4b\u9d09|[spread] p1a\n|-activate|p1b: \u73ed\u57fa\u62c9\u65af|move: Protect\n|-crit|p1a: \u92c1\u92fc\u6a4b\u9d09\n|-damage|p1a: \u92c1\u92fc\u6a4b\u9d09|45/100 brn\n|move|p2a: Charizard|Dragon Dance|p2a: Charizard\n|-boost|p2a: Charizard|atk|1\n|-boost|p2a: Charizard|spe|1\n|move|p1a: \u92c1\u92fc\u6a4b\u9d09|Body Press|p2a: Charizard\n|-damage|p2a: Charizard|53/100\n|\n|-heal|p1a: \u92c1\u92fc\u6a4b\u9d09|51/100 brn|[from] item: Leftovers\n|-damage|p1a: \u92c1\u92fc\u6a4b\u9d09|45/100 brn|[from] brn\n|upkeep\n|turn|9\n|inactive|Neutralzr has 30 seconds left.\n|inactive|Neutralzr has 20 seconds left.\n|inactive|Neutralzr has 15 seconds left.\n|inactive|Neutralzr has 10 seconds left.\n|\n|t:|1776403722\n|switch|p1b: \u88d9\u5152\u5c0f\u59d0|Gardevoir, L50, F, shiny|100/100\n|move|p2a: Charizard|Flare Blitz|p1a: \u92c1\u92fc\u6a4b\u9d09\n|-supereffective|p1a: \u92c1\u92fc\u6a4b\u9d09|1\n|-damage|p1a: \u92c1\u92fc\u6a4b\u9d09|10/100 brn\n|-damage|p2a: Charizard|40/100|[from] Recoil\n|move|p2b: Aerodactyl|Tailwind|p2b: Aerodactyl\n|-sidestart|p2: Neutralzr|move: Tailwind\n|move|p1a: \u92c1\u92fc\u6a4b\u9d09|Roost|p1a: \u92c1\u92fc\u6a4b\u9d09\n|-heal|p1a: \u92c1\u92fc\u6a4b\u9d09|60/100 brn\n|-singleturn|p1a: \u92c1\u92fc\u6a4b\u9d09|move: Roost\n|\n|-heal|p1a: \u92c1\u92fc\u6a4b\u9d09|66/100 brn|[from] item: Leftovers\n|-damage|p1a: \u92c1\u92fc\u6a4b\u9d09|60/100 brn|[from] brn\n|upkeep\n|turn|10\n|\n|t:|1776403747\n|move|p2a: Charizard|Flare Blitz|p1b: \u88d9\u5152\u5c0f\u59d0\n|-damage|p1b: \u88d9\u5152\u5c0f\u59d0|0 fnt\n|faint|p1b: \u88d9\u5152\u5c0f\u59d0\n|-damage|p2a: Charizard|9/100|[from] Recoil\n|move|p2b: Aerodactyl|Rock Slide|p1a: \u92c1\u92fc\u6a4b\u9d09\n|-damage|p1a: \u92c1\u92fc\u6a4b\u9d09|55/100 brn\n|move|p1a: \u92c1\u92fc\u6a4b\u9d09|Roost|p1a: \u92c1\u92fc\u6a4b\u9d09\n|-heal|p1a: \u92c1\u92fc\u6a4b\u9d09|100/100 brn\n|-singleturn|p1a: \u92c1\u92fc\u6a4b\u9d09|move: Roost\n|\n|-damage|p1a: \u92c1\u92fc\u6a4b\u9d09|95/100 brn|[from] brn\n|upkeep\n|\n|t:|1776403751\n|switch|p1b: \u73ed\u57fa\u62c9\u65af|Tyranitar-Mega, L50, M, shiny|7/100\n|-weather|Sandstorm|[from] ability: Sand Stream|[of] p1b: \u73ed\u57fa\u62c9\u65af\n|turn|11\n|\n|t:|1776403769\n|move|p1b: \u73ed\u57fa\u62c9\u65af|Protect|p1b: \u73ed\u57fa\u62c9\u65af\n|-singleturn|p1b: \u73ed\u57fa\u62c9\u65af|Protect\n|move|p2a: Charizard|Flare Blitz|p1a: \u92c1\u92fc\u6a4b\u9d09\n|-supereffective|p1a: \u92c1\u92fc\u6a4b\u9d09|1\n|-crit|p1a: \u92c1\u92fc\u6a4b\u9d09\n|-damage|p1a: \u92c1\u92fc\u6a4b\u9d09|0 fnt\n|faint|p1a: \u92c1\u92fc\u6a4b\u9d09\n|-damage|p2a: Charizard|0 fnt|[from] Recoil\n|faint|p2a: Charizard\n|move|p2b: Aerodactyl|Rock Slide|p1b: \u73ed\u57fa\u62c9\u65af\n|-activate|p1b: \u73ed\u57fa\u62c9\u65af|move: Protect\n|\n|-weather|Sandstorm|[upkeep]\n|upkeep\n|turn|12\n|\n|t:|1776403783\n|move|p2b: Aerodactyl|Rock Slide|p1b: \u73ed\u57fa\u62c9\u65af\n|-damage|p1b: \u73ed\u57fa\u62c9\u65af|0 fnt\n|faint|p1b: \u73ed\u57fa\u62c9\u65af\n|\n|win|Neutralzr\n|raw|tung0616's rating: 1107 &rarr; <strong>1087</strong><br />(-20 for losing)\n|raw|Neutralzr's rating: 1176 &rarr; <strong>1196</strong><br />(+20 for winning)\n|l|\u2606tung0616\n|player|p1|\n",
  "uploadtime": 1776403792,
  "views": 17,
  "formatid": "gen9championsvgc2026regma",
  "rating": 1087,
  "private": 0,
  "password": null
}