{
  "id": "gen9championsvgc2026regma-2580700110",
  "format": "[Gen 9 Champions] VGC 2026 Reg M-A",
  "players": [
    "sadmvldd",
    "Vaneado"
  ],
  "log": "|j|\u2606sadmvldd\n|j|\u2606Vaneado\n|t:|1775925342\n|gametype|doubles\n|player|p1|sadmvldd|266|1145\n|player|p2|Vaneado|102|1143\n|gen|9\n|tier|[Gen 9 Champions] VGC 2026 Reg M-A\n|rated|\n|rule|Species Clause: Limit one of each Pok\u00e9mon\n|rule|Item Clause: Limit 1 of each item\n|clearpoke\n|poke|p1|Scizor, L50, F|\n|poke|p1|Incineroar, L50, M|\n|poke|p1|Sinistcha-Masterpiece, L50|\n|poke|p1|Kommo-o, L50, F|\n|poke|p1|Politoed, L50, F|\n|poke|p1|Basculegion, L50, M|\n|poke|p2|Tyranitar, L50, M|\n|poke|p2|Excadrill, L50, F|\n|poke|p2|Corviknight, L50, F|\n|poke|p2|Incineroar, L50, M|\n|poke|p2|Kingambit, L50, F|\n|poke|p2|Sinistcha, L50|\n|teampreview|4\n|inactive|Battle timer is ON: inactive players will automatically lose when time's up. (requested by Vaneado)\n|inactive|sadmvldd has 60 seconds left.\n|inactive|sadmvldd has 30 seconds left.\n|inactive|sadmvldd has 20 seconds left.\n|inactive|sadmvldd has 15 seconds left.\n|inactive|sadmvldd has 10 seconds left.\n|inactive|sadmvldd has 5 seconds left.\n|\n|t:|1775925456\n|teamsize|p1|4\n|teamsize|p2|4\n|start\n|switch|p1a: Incineroar|Incineroar, L50, M|100/100\n|switch|p1b: Kommo-o|Kommo-o, L50, F|100/100\n|switch|p2a: Tyranitar|Tyranitar, L50, M|100/100\n|switch|p2b: Incineroar|Incineroar, L50, M|100/100\n|-weather|Sandstorm|[from] ability: Sand Stream|[of] p2a: Tyranitar\n|-ability|p2b: Incineroar|Intimidate|boost\n|-unboost|p1a: Incineroar|atk|1\n|-unboost|p1b: Kommo-o|atk|1\n|-ability|p1a: Incineroar|Intimidate|boost\n|-unboost|p2a: Tyranitar|atk|1\n|-unboost|p2b: Incineroar|atk|1\n|turn|1\n|\n|t:|1775925477\n|detailschange|p2a: Tyranitar|Tyranitar-Mega, L50, M\n|-mega|p2a: Tyranitar|Tyranitar|Tyranitarite\n|move|p2b: Incineroar|Fake Out|p1b: Kommo-o\n|-damage|p1b: Kommo-o|91/100\n|move|p1a: Incineroar|Fake Out|p2b: Incineroar\n|-damage|p2b: Incineroar|95/100\n|cant|p1b: Kommo-o|flinch\n|move|p2a: Tyranitar|Rock Slide|p1b: Kommo-o|[spread] p1a,p1b\n|-supereffective|p1a: Incineroar|1\n|-resisted|p1b: Kommo-o|1\n|-damage|p1a: Incineroar|67/100\n|-damage|p1b: Kommo-o|81/100\n|\n|-weather|Sandstorm|[upkeep]\n|-damage|p1b: Kommo-o|75/100|[from] Sandstorm\n|-damage|p2b: Incineroar|89/100|[from] Sandstorm\n|-damage|p1a: Incineroar|61/100|[from] Sandstorm\n|upkeep\n|turn|2\n|inactive|Vaneado has 30 seconds left.\n|\n|t:|1775925503\n|switch|p2b: Excadrill|Excadrill, L50, F|100/100\n|switch|p1a: Politoed|Politoed, L50, F|100/100\n|-weather|RainDance|[from] ability: Drizzle|[of] p1a: Politoed\n|move|p1b: Kommo-o|Aura Sphere|p2a: Tyranitar\n|-supereffective|p2a: Tyranitar|2\n|-damage|p2a: Tyranitar|0 fnt\n|faint|p2a: Tyranitar\n|\n|-weather|RainDance|[upkeep]\n|upkeep\n|\n|t:|1775925515\n|switch|p2a: Incineroar|Incineroar, L50, M|89/100\n|-ability|p2a: Incineroar|Intimidate|boost\n|-unboost|p1a: Politoed|atk|1\n|-unboost|p1b: Kommo-o|atk|1\n|turn|3\n|\n|t:|1775925529\n|move|p1b: Kommo-o|Protect|p1b: Kommo-o\n|-singleturn|p1b: Kommo-o|Protect\n|move|p2a: Incineroar|Fake Out|p1a: Politoed\n|-damage|p1a: Politoed|88/100\n|move|p2b: Excadrill|Iron Head|p1b: Kommo-o\n|-activate|p1b: Kommo-o|move: Protect\n|cant|p1a: Politoed|flinch\n|\n|-weather|RainDance|[upkeep]\n|-heal|p1a: Politoed|94/100|[from] item: Leftovers\n|upkeep\n|turn|4\n|\n|t:|1775925545\n|move|p1b: Kommo-o|Clangorous Soul|p1b: Kommo-o\n|-boost|p1b: Kommo-o|atk|1\n|-boost|p1b: Kommo-o|def|1\n|-boost|p1b: Kommo-o|spa|1\n|-boost|p1b: Kommo-o|spd|1\n|-boost|p1b: Kommo-o|spe|1\n|-damage|p1b: Kommo-o|42/100\n|-enditem|p1b: Kommo-o|Sitrus Berry|[eat]\n|-heal|p1b: Kommo-o|67/100|[from] item: Sitrus Berry\n|move|p2b: Excadrill|Rock Slide|p1a: Politoed|[spread] \n|-miss|p2b: Excadrill|p1a: Politoed\n|-miss|p2b: Excadrill|p1b: Kommo-o\n|move|p1a: Politoed|Weather Ball|p2b: Excadrill\n|-supereffective|p2b: Excadrill|1\n|-enditem|p2b: Excadrill|Focus Sash\n|-damage|p2b: Excadrill|1/100\n|move|p2a: Incineroar|Parting Shot|p1b: Kommo-o\n|-immune|p1b: Kommo-o|[from] ability: Soundproof\n|\n|-weather|RainDance|[upkeep]\n|-heal|p1a: Politoed|100/100|[from] item: Leftovers\n|upkeep\n|turn|5\n|-message|Vaneado forfeited.\n|\n|win|sadmvldd\n|raw|sadmvldd's rating: 1145 &rarr; <strong>1170</strong><br />(+25 for winning)\n|raw|Vaneado's rating: 1143 &rarr; <strong>1118</strong><br />(-25 for losing)\n|l|\u2606Vaneado\n|player|p2|\n",
  "uploadtime": 1775925566,
  "views": 14,
  "formatid": "gen9championsvgc2026regma",
  "rating": 1118,
  "private": 0,
  "password": null
}