{
  "id": "gen9championsvgc2026regma-2582415413",
  "format": "[Gen 9 Champions] VGC 2026 Reg M-A",
  "players": [
    "lllllluis",
    "jokicbesthorse"
  ],
  "log": "|j|\u2606lllllluis\n|j|\u2606jokicbesthorse\n|t:|1776090201\n|gametype|doubles\n|player|p1|lllllluis|101|1131\n|player|p2|jokicbesthorse|169|1177\n|gen|9\n|tier|[Gen 9 Champions] VGC 2026 Reg M-A\n|rated|\n|rule|Species Clause: Limit one of each Pok\u00e9mon\n|rule|Item Clause: Limit 1 of each item\n|clearpoke\n|poke|p1|Charizard, L50, F|\n|poke|p1|Venusaur, L50, F|\n|poke|p1|Mamoswine, L50, F|\n|poke|p1|Gengar, L50, M|\n|poke|p1|Raichu, L50, F|\n|poke|p1|Primarina, L50, M|\n|poke|p2|Aerodactyl, L50, M|\n|poke|p2|Medicham, L50, F|\n|poke|p2|Sneasler, L50, M|\n|poke|p2|Tyranitar, L50, F|\n|poke|p2|Rotom-Wash, L50|\n|poke|p2|Gyarados, L50, M|\n|teampreview|4\nlllllluis has agreed to open team sheets.\n|inactive|Battle timer is ON: inactive players will automatically lose when time's up. (requested by jokicbesthorse)\n|\n|t:|1776090256\n|teamsize|p1|4\n|teamsize|p2|4\n|start\n|switch|p1a: Charizard|Charizard, L50, F|100/100\n|switch|p1b: Raichu|Raichu, L50, F, shiny|100/100\n|switch|p2a: Aerodactyl|Aerodactyl, L50, M|100/100\n|switch|p2b: Prime Shaq|Medicham, L50, F|100/100\n|-ability|p2a: Aerodactyl|Unnerve\n|turn|1\n|\n|t:|1776090278\n|switch|p2b: Rotom|Rotom-Wash, L50|100/100\n|detailschange|p1a: Charizard|Charizard-Mega-Y, L50, F\n|-mega|p1a: Charizard|Charizard|Charizardite Y\n|-weather|SunnyDay|[from] ability: Drought|[of] p1a: Charizard\n|move|p2a: Aerodactyl|Protect|p2a: Aerodactyl\n|-singleturn|p2a: Aerodactyl|Protect\n|move|p1b: Raichu|Fake Out|p2a: Aerodactyl\n|-activate|p2a: Aerodactyl|move: Protect\n|move|p1a: Charizard|Heat Wave|p2b: Rotom|[spread] \n|-activate|p2a: Aerodactyl|move: Protect\n|-miss|p1a: Charizard|p2b: Rotom\n|\n|-weather|SunnyDay|[upkeep]\n|upkeep\n|turn|2\n|\n|t:|1776090301\n|switch|p2b: Prime Shaq|Medicham, L50, F|100/100\n|move|p1a: Charizard|Protect|p1a: Charizard\n|-singleturn|p1a: Charizard|Protect\n|move|p2a: Aerodactyl|Rock Slide|p1a: Charizard|[spread] p1b\n|-activate|p1a: Charizard|move: Protect\n|-damage|p1b: Raichu|51/100\n|cant|p1b: Raichu|flinch\n|\n|-weather|SunnyDay|[upkeep]\n|upkeep\n|turn|3\n|c|\u2606lllllluis|man.\n|\n|t:|1776090323\n|switch|p1a: Venusaur|Venusaur, L50, F|100/100\n|detailschange|p2b: Prime Shaq|Medicham-Mega, L50, F\n|-mega|p2b: Prime Shaq|Medicham|Medichamite\n|move|p2a: Aerodactyl|Rock Slide|p1a: Venusaur|[spread] p1a,p1b\n|-damage|p1a: Venusaur|73/100\n|-damage|p1b: Raichu|3/100\n|move|p1b: Raichu|Thunderbolt|p2a: Aerodactyl\n|-supereffective|p2a: Aerodactyl|1\n|-enditem|p2a: Aerodactyl|Focus Sash\n|-damage|p2a: Aerodactyl|1/100\n|move|p2b: Prime Shaq|Zen Headbutt|p1a: Venusaur|[miss]\n|-miss|p2b: Prime Shaq|p1a: Venusaur\n|\n|-weather|SunnyDay|[upkeep]\n|upkeep\n|turn|4\n|c|\u2606jokicbesthorse|man.\n|inactive|jokicbesthorse has 30 seconds left.\n|\n|t:|1776090352\n|move|p1a: Venusaur|Sleep Powder|p2b: Prime Shaq\n|-status|p2b: Prime Shaq|slp|[from] move: Sleep Powder\n|move|p2a: Aerodactyl|Tailwind|p2a: Aerodactyl\n|-sidestart|p2: jokicbesthorse|move: Tailwind\n|cant|p2b: Prime Shaq|slp\n|move|p1b: Raichu|Volt Switch|p2a: Aerodactyl\n|-supereffective|p2a: Aerodactyl|1\n|-damage|p2a: Aerodactyl|0 fnt\n|faint|p2a: Aerodactyl\n|\n|t:|1776090366\n|switch|p1b: Gengar|Gengar, L50, M|100/100|[from] Volt Switch\n|\n|-weather|SunnyDay|[upkeep]\n|upkeep\n|\n|t:|1776090372\n|switch|p2a: Sneasler|Sneasler, L50, M, shiny|100/100\n|turn|5\n|\n|t:|1776090385\n|move|p2a: Sneasler|Fake Out|p1a: Venusaur\n|-damage|p1a: Venusaur|56/100\n|-curestatus|p2b: Prime Shaq|slp|[msg]\n|move|p2b: Prime Shaq|Zen Headbutt|p1b: Gengar\n|-supereffective|p1b: Gengar|1\n|-enditem|p1b: Gengar|Focus Sash\n|-damage|p1b: Gengar|1/100\n|-start|p2b: Prime Shaq|Disable|Zen Headbutt|[from] ability: Cursed Body|[of] p1b: Gengar\n|cant|p1a: Venusaur|flinch\n|move|p1b: Gengar|Shadow Ball|p2b: Prime Shaq\n|-supereffective|p2b: Prime Shaq|1\n|-damage|p2b: Prime Shaq|0 fnt\n|faint|p2b: Prime Shaq\n|\n|-weather|none\n|upkeep\n|\n|t:|1776090399\n|switch|p2b: Rotom|Rotom-Wash, L50|100/100\n|turn|6\n|\n|t:|1776090413\n|switch|p1a: Raichu|Raichu, L50, F, shiny|3/100\n|move|p2b: Rotom|Electroweb|p1a: Raichu|[spread] p1b\n|-ability|p1a: Raichu|Lightning Rod|boost\n|-boost|p1a: Raichu|spa|1\n|-damage|p1b: Gengar|0 fnt\n|-start|p2b: Rotom|Disable|Electroweb|[from] ability: Cursed Body|[of] p1b: Gengar\n|faint|p1b: Gengar\n|move|p2a: Sneasler|Dire Claw|p1a: Raichu\n|-damage|p1a: Raichu|0 fnt\n|faint|p1a: Raichu\n|\n|upkeep\n|\n|t:|1776090423\n|switch|p1b: Venusaur|Venusaur, L50, F|56/100\n|switch|p1a: Charizard|Charizard-Mega-Y, L50, F|100/100\n|-weather|SunnyDay|[from] ability: Drought|[of] p1a: Charizard\n|turn|7\n|c|\u2606jokicbesthorse|MAN.\n|\n|t:|1776090448\n|move|p1a: Charizard|Protect|p1a: Charizard\n|-singleturn|p1a: Charizard|Protect\n|-activate|p2b: Rotom|move: Struggle\n|move|p2b: Rotom|Struggle|p1b: Venusaur\n|-damage|p1b: Venusaur|47/100\n|-enditem|p1b: Venusaur|Sitrus Berry|[eat]\n|-heal|p1b: Venusaur|72/100|[from] item: Sitrus Berry\n|-damage|p2b: Rotom|76/100|[from] recoil\n|move|p2a: Sneasler|Dire Claw|p1a: Charizard\n|-activate|p1a: Charizard|move: Protect\n|move|p1b: Venusaur|Sleep Powder|p2a: Sneasler\n|-status|p2a: Sneasler|slp|[from] move: Sleep Powder\n|\n|-weather|SunnyDay|[upkeep]\n|-sideend|p2: jokicbesthorse|move: Tailwind\n|upkeep\n|turn|8\n|-message|jokicbesthorse forfeited.\n|\n|win|lllllluis\n|raw|lllllluis's rating: 1131 &rarr; <strong>1159</strong><br />(+28 for winning)\n|raw|jokicbesthorse's rating: 1177 &rarr; <strong>1149</strong><br />(-28 for losing)\n|l|\u2606jokicbesthorse\n|player|p2|\n",
  "uploadtime": 1776090466,
  "views": 11,
  "formatid": "gen9championsvgc2026regma",
  "rating": 1149,
  "private": 0,
  "password": null
}