{
  "id": "gen9championsvgc2026regma-2582374429",
  "format": "[Gen 9 Champions] VGC 2026 Reg M-A",
  "players": [
    "tsukifrombilllie",
    "allstarsprogamers"
  ],
  "log": "|j|\u2606tsukifrombilllie\n|j|\u2606allstarsprogamers\n|t:|1776087367\n|gametype|doubles\n|player|p1|tsukifrombilllie|lyra|1157\n|player|p2|allstarsprogamers|n|1162\n|gen|9\n|tier|[Gen 9 Champions] VGC 2026 Reg M-A\n|rated|\n|rule|Species Clause: Limit one of each Pok\u00e9mon\n|rule|Item Clause: Limit 1 of each item\n|clearpoke\n|poke|p1|Charizard, L50, F|\n|poke|p1|Venusaur, L50, M|\n|poke|p1|Garchomp, L50, M|\n|poke|p1|Rotom-Wash, L50|\n|poke|p1|Sneasler, L50, F|\n|poke|p1|Incineroar, L50, F|\n|poke|p2|Garchomp, L50, M|\n|poke|p2|Politoed, L50, M|\n|poke|p2|Archaludon, L50, F|\n|poke|p2|Incineroar, L50, F|\n|poke|p2|Froslass, L50, F|\n|poke|p2|Orthworm, L50, M|\n|teampreview|4\n|inactive|Battle timer is ON: inactive players will automatically lose when time's up. (requested by allstarsprogamers)\n|\n|t:|1776087381\n|teamsize|p1|4\n|teamsize|p2|4\n|start\n|switch|p1a: Sneasler|Sneasler, L50, F|100/100\n|switch|p1b: Charizard|Charizard, L50, F, shiny|100/100\n|switch|p2a: Orthworm|Orthworm, L50, M|100/100\n|switch|p2b: Garchomp|Garchomp, L50, M|100/100\n|turn|1\n|\n|t:|1776087397\n|detailschange|p1b: Charizard|Charizard-Mega-Y, L50, F, shiny\n|-mega|p1b: Charizard|Charizard|Charizardite Y\n|-weather|SunnyDay|[from] ability: Drought|[of] p1b: Charizard\n|move|p1a: Sneasler|Fake Out|p2b: Garchomp\n|-damage|p2b: Garchomp|88/100\n|-damage|p1a: Sneasler|88/100|[from] ability: Rough Skin|[of] p2b: Garchomp\n|move|p1b: Charizard|Heat Wave|p2b: Garchomp|[spread] p2b\n|-miss|p1b: Charizard|p2a: Orthworm\n|-resisted|p2b: Garchomp|1\n|-damage|p2b: Garchomp|51/100\n|cant|p2b: Garchomp|flinch\n|move|p2a: Orthworm|Shed Tail|p2a: Orthworm\n|-start|p2a: Orthworm|Substitute|[from] move: Shed Tail\n|-damage|p2a: Orthworm|50/100\n|inactive|allstarsprogamers has 30 seconds left.\n|\n|t:|1776087425\n|switch|p2a: Froslass|Froslass, L50, F|100/100|[from] Shed Tail\n|\n|-weather|SunnyDay|[upkeep]\n|upkeep\n|turn|2\n|\n|t:|1776087440\n|detailschange|p2a: Froslass|Froslass-Mega, L50, F\n|-mega|p2a: Froslass|Froslass|Froslassite\n|-weather|Snowscape|[from] ability: Snow Warning|[of] p2a: Froslass\n|move|p1a: Sneasler|Rock Tomb|p2a: Froslass\n|-supereffective|p2a: Froslass|1\n|-end|p2a: Froslass|Substitute\n|move|p2a: Froslass|Nasty Plot|p2a: Froslass\n|-boost|p2a: Froslass|spa|2\n|move|p1b: Charizard|Heat Wave|p2a: Froslass|[spread] p2b\n|-miss|p1b: Charizard|p2a: Froslass\n|-resisted|p2b: Garchomp|1\n|-damage|p2b: Garchomp|27/100\n|move|p2b: Garchomp|Outrage|p1b: Charizard\n|-damage|p1b: Charizard|6/100\n|\n|-weather|Snowscape|[upkeep]\n|upkeep\n|turn|3\n|\n|t:|1776087461\n|move|p1a: Sneasler|Rock Tomb|p2a: Froslass\n|-supereffective|p2a: Froslass|1\n|-damage|p2a: Froslass|64/100\n|-unboost|p2a: Froslass|spe|1\n|move|p1b: Charizard|Heat Wave|p2b: Garchomp|[spread] p2a\n|-miss|p1b: Charizard|p2b: Garchomp\n|-supereffective|p2a: Froslass|1\n|-damage|p2a: Froslass|0 fnt\n|faint|p2a: Froslass\n|move|p2b: Garchomp|Outrage|p1b: Charizard|[from] lockedmove\n|-damage|p1b: Charizard|0 fnt\n|faint|p1b: Charizard\n|\n|-weather|Snowscape|[upkeep]\n|upkeep\n|\n|t:|1776087476\n|switch|p2a: Politoed|Politoed, L50, M|100/100\n|switch|p1b: Garchomp|Garchomp, L50, M|100/100\n|-weather|RainDance|[from] ability: Drizzle|[of] p2a: Politoed\n|turn|4\n|\n|t:|1776087492\n|move|p1b: Garchomp|Dragon Claw|p2b: Garchomp\n|-supereffective|p2b: Garchomp|1\n|-damage|p2b: Garchomp|0 fnt\n|-damage|p1b: Garchomp|88/100|[from] ability: Rough Skin|[of] p2b: Garchomp\n|faint|p2b: Garchomp\n|move|p1a: Sneasler|Dire Claw|p2a: Politoed\n|-crit|p2a: Politoed\n|-damage|p2a: Politoed|25/100\n|-status|p2a: Politoed|par\n|-enditem|p2a: Politoed|Sitrus Berry|[eat]\n|-heal|p2a: Politoed|50/100 par|[from] item: Sitrus Berry\n|move|p2a: Politoed|Weather Ball|p1b: Garchomp\n|-damage|p1b: Garchomp|35/100\n|\n|-weather|RainDance|[upkeep]\n|upkeep\n|\n|t:|1776087500\n|switch|p2b: Orthworm|Orthworm, L50, M|50/100\n|turn|5\n|l|\u2606allstarsprogamers\n|inactive|allstarsprogamers disconnected and has a minute to reconnect!\n|player|p2|\n|inactive|allstarsprogamers has 30 seconds left.\n|inactive|allstarsprogamers has 20 seconds left.\n|inactive|allstarsprogamers has 15 seconds left.\n|inactive|allstarsprogamers has 10 seconds left.\n|inactive|allstarsprogamers has 5 seconds left.\n|-message|allstarsprogamers lost due to inactivity.\n|\n|win|tsukifrombilllie\n|raw|tsukifrombilllie's rating: 1157 &rarr; <strong>1182</strong><br />(+25 for winning)\n|raw|allstarsprogamers's rating: 1162 &rarr; <strong>1137</strong><br />(-25 for losing)\n",
  "uploadtime": 1776087560,
  "views": 22,
  "formatid": "gen9championsvgc2026regma",
  "rating": 1137,
  "private": 0,
  "password": null
}