{
  "id": "gen9championsvgc2026regma-2581610324",
  "format": "[Gen 9 Champions] VGC 2026 Reg M-A",
  "players": [
    "Brasegalishiny",
    "ohaimiles"
  ],
  "log": "|j|\u2606Brasegalishiny\n|j|\u2606ohaimiles\n|t:|1776014923\n|gametype|doubles\n|player|p1|Brasegalishiny|1|1157\n|player|p2|ohaimiles|102|1227\n|gen|9\n|tier|[Gen 9 Champions] VGC 2026 Reg M-A\n|rated|\n|rule|Species Clause: Limit one of each Pok\u00e9mon\n|rule|Item Clause: Limit 1 of each item\n|clearpoke\n|poke|p1|Garchomp, L50, F|\n|poke|p1|Noivern, L50, F|\n|poke|p1|Sinistcha, L50|\n|poke|p1|Starmie, L50|\n|poke|p1|Incineroar, L50, M|\n|poke|p1|Farigiraf, L50, F|\n|poke|p2|Froslass, L50, F|\n|poke|p2|Maushold-Four, L50|\n|poke|p2|Rotom-Frost, L50|\n|poke|p2|Garchomp, L50, F|\n|poke|p2|Sneasler, L50, M|\n|poke|p2|Incineroar, L50, M|\n|teampreview|4\n|inactive|Battle timer is ON: inactive players will automatically lose when time's up. (requested by Brasegalishiny)\nohaimiles has agreed to open team sheets.\n|inactive|ohaimiles has 60 seconds left.\n|\n|t:|1776014956\n|teamsize|p1|4\n|teamsize|p2|4\n|start\n|switch|p1a: Noivern|Noivern, L50, F, shiny|100/100\n|switch|p1b: Garchomp|Garchomp, L50, F, shiny|100/100\n|switch|p2a: Incineroar|Incineroar, L50, M|100/100\n|switch|p2b: Maushold|Maushold-Four, L50|100/100\n|-item|p2a: Incineroar|Sitrus Berry|[from] ability: Frisk|[of] p1a: Noivern\n|-item|p2b: Maushold|Focus Sash|[from] ability: Frisk|[of] p1a: Noivern\n|-ability|p2a: Incineroar|Intimidate|boost\n|-unboost|p1a: Noivern|atk|1\n|-unboost|p1b: Garchomp|atk|1\n|turn|1\n|\n|t:|1776014978\n|switch|p2b: Froslass|Froslass, L50, F|100/100\n|move|p1a: Noivern|Protect|p1a: Noivern\n|-singleturn|p1a: Noivern|Protect\n|move|p2a: Incineroar|Fake Out|p1a: Noivern\n|-activate|p1a: Noivern|move: Protect\n|move|p1b: Garchomp|Earthquake|p2a: Incineroar|[spread] p2a,p2b\n|-activate|p1a: Noivern|move: Protect\n|-supereffective|p2a: Incineroar|1\n|-damage|p2a: Incineroar|50/100\n|-damage|p2b: Froslass|56/100\n|-enditem|p2a: Incineroar|Sitrus Berry|[eat]\n|-heal|p2a: Incineroar|75/100|[from] item: Sitrus Berry\n|\n|upkeep\n|turn|2\n|\n|t:|1776014997\n|move|p2b: Froslass|Protect|p2b: Froslass\n|-singleturn|p2b: Froslass|Protect\n|move|p1a: Noivern|Tailwind|p1a: Noivern\n|-sidestart|p1: Brasegalishiny|move: Tailwind\n|move|p1b: Garchomp|Rock Slide|p2a: Incineroar|[spread] \n|-activate|p2b: Froslass|move: Protect\n|-miss|p1b: Garchomp|p2a: Incineroar\n|move|p2a: Incineroar|Parting Shot|p1b: Garchomp\n|-unboost|p1b: Garchomp|atk|1\n|-unboost|p1b: Garchomp|spa|1\n|\n|t:|1776015006\n|switch|p2a: Rotom|Rotom-Frost, L50|100/100|[from] Parting Shot\n|\n|upkeep\n|turn|3\n|\n|t:|1776015014\n|detailschange|p2b: Froslass|Froslass-Mega, L50, F\n|-mega|p2b: Froslass|Froslass|Froslassite\n|-weather|Snowscape|[from] ability: Snow Warning|[of] p2b: Froslass\n|move|p1a: Noivern|Dragon Cheer|p1b: Garchomp\n|-start|p1b: Garchomp|move: Dragon Cheer\n|move|p1b: Garchomp|Rock Slide|p2a: Rotom|[spread] p2a\n|-miss|p1b: Garchomp|p2b: Froslass\n|-supereffective|p2a: Rotom|1\n|-crit|p2a: Rotom\n|-damage|p2a: Rotom|47/100\n|move|p2a: Rotom|Blizzard|p1a: Noivern|[spread] p1a,p1b\n|-supereffective|p1a: Noivern|2\n|-supereffective|p1b: Garchomp|2\n|-enditem|p1a: Noivern|Focus Sash\n|-damage|p1a: Noivern|1/100\n|-damage|p1b: Garchomp|0 fnt\n|faint|p1b: Garchomp\n|move|p2b: Froslass|Blizzard|p1a: Noivern\n|-supereffective|p1a: Noivern|2\n|-damage|p1a: Noivern|0 fnt\n|faint|p1a: Noivern\n|\n|-weather|Snowscape|[upkeep]\n|upkeep\n|\n|t:|1776015030\n|switch|p1a: Incineroar|Incineroar, L50, M, shiny|100/100\n|switch|p1b: Starmie|Starmie, L50, shiny|100/100\n|-ability|p1a: Incineroar|Intimidate|boost\n|-unboost|p2a: Rotom|atk|1\n|-unboost|p2b: Froslass|atk|1\n|turn|4\n|\n|t:|1776015042\n|switch|p2a: Incineroar|Incineroar, L50, M|75/100\n|-ability|p2a: Incineroar|Intimidate|boost\n|-unboost|p1a: Incineroar|atk|1\n|-unboost|p1b: Starmie|atk|1\n|detailschange|p1b: Starmie|Starmie-Mega, L50, shiny\n|-mega|p1b: Starmie|Starmie|Starminite\n|move|p2b: Froslass|Protect|p2b: Froslass\n|-singleturn|p2b: Froslass|Protect\n|move|p1b: Starmie|Waterfall|p2b: Froslass\n|-activate|p2b: Froslass|move: Protect\n|move|p1a: Incineroar|Flare Blitz|p2a: Incineroar\n|-resisted|p2a: Incineroar|1\n|-damage|p2a: Incineroar|60/100\n|-damage|p1a: Incineroar|96/100|[from] Recoil\n|\n|-weather|Snowscape|[upkeep]\n|upkeep\n|turn|5\n|\n|t:|1776015052\n|switch|p2b: Maushold|Maushold-Four, L50|100/100\n|move|p2a: Incineroar|Fake Out|p1b: Starmie\n|-damage|p1b: Starmie|81/100\n|cant|p1b: Starmie|flinch\n|move|p1a: Incineroar|Flare Blitz|p2b: Maushold\n|-damage|p2b: Maushold|62/100\n|-damage|p1a: Incineroar|84/100|[from] Recoil\n|\n|-weather|Snowscape|[upkeep]\n|-sideend|p1: Brasegalishiny|move: Tailwind\n|upkeep\n|turn|6\n|\n|t:|1776015075\n|move|p2b: Maushold|Follow Me|p2b: Maushold\n|-singleturn|p2b: Maushold|move: Follow Me\n|move|p1b: Starmie|Waterfall|p2b: Maushold\n|-damage|p2b: Maushold|0 fnt\n|faint|p2b: Maushold\n|move|p1a: Incineroar|Throat Chop|p2a: Incineroar\n|-resisted|p2a: Incineroar|1\n|-damage|p2a: Incineroar|51/100\n|-start|p2a: Incineroar|Throat Chop|[silent]\n|cant|p2a: Incineroar|move: Throat Chop\n|\n|-weather|Snowscape|[upkeep]\n|upkeep\n|\n|t:|1776015085\n|switch|p2b: Rotom|Rotom-Frost, L50|47/100\n|turn|7\n|\n|t:|1776015090\n|move|p1b: Starmie|Protect|p1b: Starmie\n|-singleturn|p1b: Starmie|Protect\n|move|p2b: Rotom|Electroweb|p1a: Incineroar|[spread] p1a\n|-activate|p1b: Starmie|move: Protect\n|-damage|p1a: Incineroar|66/100\n|-unboost|p1a: Incineroar|spe|1\n|move|p2a: Incineroar|Darkest Lariat|p1b: Starmie\n|-activate|p1b: Starmie|move: Protect\n|move|p1a: Incineroar|Flare Blitz|p2b: Rotom\n|-supereffective|p2b: Rotom|1\n|-damage|p2b: Rotom|0 fnt\n|faint|p2b: Rotom\n|-damage|p1a: Incineroar|56/100|[from] Recoil\n|\n|-weather|none\n|-end|p2a: Incineroar|Throat Chop|[silent]\n|upkeep\n|\n|t:|1776015092\n|switch|p2b: Froslass|Froslass-Mega, L50, F|56/100\n|-weather|Snowscape|[from] ability: Snow Warning|[of] p2b: Froslass\n|turn|8\n|inactive|ohaimiles has 30 seconds left.\n|\n|t:|1776015126\n|move|p2b: Froslass|Shadow Ball|p1b: Starmie\n|-supereffective|p1b: Starmie|1\n|-damage|p1b: Starmie|0 fnt\n|faint|p1b: Starmie\n|move|p2a: Incineroar|Darkest Lariat|p1a: Incineroar\n|-resisted|p1a: Incineroar|1\n|-damage|p1a: Incineroar|39/100\n|move|p1a: Incineroar|Throat Chop|p2b: Froslass\n|-supereffective|p2b: Froslass|1\n|-damage|p2b: Froslass|9/100\n|-start|p2b: Froslass|Throat Chop|[silent]\n|\n|-weather|Snowscape|[upkeep]\n|upkeep\n|turn|9\n|inactive|Brasegalishiny has 30 seconds left.\n|\n|t:|1776015161\n|move|p2b: Froslass|Protect|p2b: Froslass\n|-singleturn|p2b: Froslass|Protect\n|move|p2a: Incineroar|Flare Blitz|p1a: Incineroar\n|-resisted|p1a: Incineroar|1\n|-damage|p1a: Incineroar|12/100\n|-damage|p2a: Incineroar|42/100|[from] Recoil\n|move|p1a: Incineroar|Flare Blitz|p2a: Incineroar\n|-resisted|p2a: Incineroar|1\n|-damage|p2a: Incineroar|28/100\n|-damage|p1a: Incineroar|7/100|[from] Recoil\n|\n|-weather|Snowscape|[upkeep]\n|-end|p2b: Froslass|Throat Chop|[silent]\n|upkeep\n|turn|10\n|-message|Brasegalishiny forfeited.\n|\n|win|ohaimiles\n|raw|Brasegalishiny's rating: 1157 &rarr; <strong>1137</strong><br />(-20 for losing)\n|raw|ohaimiles's rating: 1227 &rarr; <strong>1247</strong><br />(+20 for winning)\n",
  "uploadtime": 1776015170,
  "views": 27,
  "formatid": "gen9championsvgc2026regma",
  "rating": 1137,
  "private": 0,
  "password": null
}