{
  "id": "gen9championsvgc2026regma-2583379753",
  "format": "[Gen 9 Champions] VGC 2026 Reg M-A",
  "players": [
    "darktypedave2!",
    "Pitin16"
  ],
  "log": "|j|\u2606darktypedave2!\n|j|\u2606Pitin16\n|t:|1776171565\n|gametype|doubles\n|player|p1|darktypedave2!|skierf|1104\n|player|p2|Pitin16|2|1055\n|gen|9\n|tier|[Gen 9 Champions] VGC 2026 Reg M-A\n|rated|\n|rule|Species Clause: Limit one of each Pok\u00e9mon\n|rule|Item Clause: Limit 1 of each item\n|clearpoke\n|poke|p1|Charizard, L50, F|\n|poke|p1|Venusaur, L50, F|\n|poke|p1|Whimsicott, L50, F|\n|poke|p1|Heliolisk, L50, M|\n|poke|p1|Incineroar, L50, F|\n|poke|p1|Infernape, L50, M|\n|poke|p2|Sneasler, L50, M|\n|poke|p2|Incineroar, L50, F|\n|poke|p2|Excadrill, L50, M|\n|poke|p2|Tyranitar, L50, M|\n|poke|p2|Rotom-Wash, L50|\n|poke|p2|Corviknight, L50, M|\n|teampreview|4\n|inactive|Battle timer is ON: inactive players will automatically lose when time's up. (requested by darktypedave2!)\n|inactive|darktypedave2! has 60 seconds left.\n|\n|t:|1776171611\n|teamsize|p1|4\n|teamsize|p2|4\n|start\n|switch|p1a: Whimsicott|Whimsicott, L50, F|100/100\n|switch|p1b: Charizard|Charizard, L50, F|100/100\n|switch|p2a: Incineroar|Incineroar, L50, F, shiny|100/100\n|switch|p2b: Rotom|Rotom-Wash, L50, shiny|100/100\n|-ability|p2a: Incineroar|Intimidate|boost\n|-unboost|p1a: Whimsicott|atk|1\n|-unboost|p1b: Charizard|atk|1\n|turn|1\n|inactive|Pitin16 has 30 seconds left.\n|\n|t:|1776171639\n|detailschange|p1b: Charizard|Charizard-Mega-Y, L50, F\n|-mega|p1b: Charizard|Charizard|Charizardite Y\n|-weather|SunnyDay|[from] ability: Drought|[of] p1b: Charizard\n|move|p1b: Charizard|Protect|p1b: Charizard\n|-singleturn|p1b: Charizard|Protect\n|move|p2a: Incineroar|Fake Out|p1b: Charizard\n|-activate|p1b: Charizard|move: Protect\n|move|p1a: Whimsicott|Tailwind|p1a: Whimsicott\n|-sidestart|p1: darktypedave2!|move: Tailwind\n|move|p2b: Rotom|Hydro Pump|p1b: Charizard\n|-activate|p1b: Charizard|move: Protect\n|\n|-weather|SunnyDay|[upkeep]\n|upkeep\n|turn|2\n|inactive|darktypedave2! has 30 seconds left.\n|inactive|Pitin16 has 30 seconds left.\n|\n|t:|1776171669\n|switch|p2b: Tyranitar|Tyranitar, L50, M, shiny|100/100\n|-weather|Sandstorm|[from] ability: Sand Stream|[of] p2b: Tyranitar\n|move|p1a: Whimsicott|U-turn|p2a: Incineroar\n|-crit|p2a: Incineroar\n|-damage|p2a: Incineroar|88/100\n|\n|t:|1776171681\n|switch|p1a: Infernape|Infernape, L50, M|100/100|[from] U-turn\n|move|p1b: Charizard|Thunder Punch|p2b: Tyranitar\n|-damage|p2b: Tyranitar|90/100\n|move|p2a: Incineroar|Parting Shot|p1b: Charizard\n|-unboost|p1b: Charizard|atk|1\n|-unboost|p1b: Charizard|spa|1\n|\n|t:|1776171693\n|switch|p2a: Excadrill|Excadrill, L50, M, shiny|100/100|[from] Parting Shot\n|\n|-weather|Sandstorm|[upkeep]\n|-damage|p1a: Infernape|95/100|[from] Sandstorm\n|-damage|p1b: Charizard|95/100|[from] Sandstorm\n|upkeep\n|turn|3\n|\n|t:|1776171707\n|switch|p1b: Whimsicott|Whimsicott, L50, F|100/100\n|detailschange|p2b: Tyranitar|Tyranitar-Mega, L50, M, shiny\n|-mega|p2b: Tyranitar|Tyranitar|Tyranitarite\n|move|p2b: Tyranitar|Protect|p2b: Tyranitar\n|-singleturn|p2b: Tyranitar|Protect\n|move|p1a: Infernape|Mach Punch|p2b: Tyranitar\n|-activate|p2b: Tyranitar|move: Protect\n|move|p2a: Excadrill|Rock Slide|p1a: Infernape|[spread] p1a,p1b\n|-damage|p1a: Infernape|57/100\n|-damage|p1b: Whimsicott|66/100\n|\n|-weather|Sandstorm|[upkeep]\n|-damage|p1a: Infernape|51/100|[from] Sandstorm\n|-damage|p1b: Whimsicott|60/100|[from] Sandstorm\n|upkeep\n|turn|4\n|inactive|darktypedave2! has 30 seconds left.\n|\n|t:|1776171733\n|switch|p2b: Incineroar|Incineroar, L50, F, shiny|88/100\n|-ability|p2b: Incineroar|Intimidate|boost\n|-unboost|p1a: Infernape|atk|1\n|-unboost|p1b: Whimsicott|atk|1\n|move|p1a: Infernape|Mach Punch|p2b: Incineroar\n|-supereffective|p2b: Incineroar|1\n|-damage|p2b: Incineroar|63/100\n|move|p1b: Whimsicott|Dazzling Gleam|p2b: Incineroar|[spread] p2a,p2b\n|-resisted|p2a: Excadrill|1\n|-damage|p2a: Excadrill|83/100\n|-damage|p2b: Incineroar|41/100\n|move|p2a: Excadrill|Rock Slide|p1a: Infernape|[spread] p1a,p1b\n|-damage|p1a: Infernape|16/100\n|-damage|p1b: Whimsicott|27/100\n|\n|-weather|Sandstorm|[upkeep]\n|-damage|p1a: Infernape|10/100|[from] Sandstorm\n|-damage|p1b: Whimsicott|21/100|[from] Sandstorm\n|-damage|p2b: Incineroar|35/100|[from] Sandstorm\n|-sideend|p1: darktypedave2!|move: Tailwind\n|upkeep\n|turn|5\n|\n|t:|1776171754\n|switch|p1a: Charizard|Charizard-Mega-Y, L50, F|95/100\n|-weather|SunnyDay|[from] ability: Drought|[of] p1a: Charizard\n|move|p2b: Incineroar|Fake Out|p1a: Charizard\n|-damage|p1a: Charizard|79/100\n|move|p1b: Whimsicott|Tailwind|p1b: Whimsicott\n|-sidestart|p1: darktypedave2!|move: Tailwind\n|move|p2a: Excadrill|Earthquake|p1b: Whimsicott|[spread] p2b,p1b\n|-immune|p1a: Charizard\n|-supereffective|p2b: Incineroar|1\n|-enditem|p2b: Incineroar|Shuca Berry|[eat]\n|-enditem|p2b: Incineroar|Shuca Berry|[weaken]\n|-resisted|p1b: Whimsicott|1\n|-damage|p2b: Incineroar|5/100\n|-damage|p1b: Whimsicott|0 fnt\n|faint|p1b: Whimsicott\n|\n|-weather|SunnyDay|[upkeep]\n|upkeep\n|\n|t:|1776171768\n|switch|p1b: Venusaur|Venusaur, L50, F|100/100\n|turn|6\n|\n|t:|1776171786\n|switch|p2b: Tyranitar|Tyranitar-Mega, L50, M, shiny|90/100\n|-weather|Sandstorm|[from] ability: Sand Stream|[of] p2b: Tyranitar\n|move|p1a: Charizard|Heat Wave|p2b: Tyranitar|[spread] p2a,p2b\n|-supereffective|p2a: Excadrill|1\n|-resisted|p2b: Tyranitar|1\n|-damage|p2a: Excadrill|0 fnt\n|-damage|p2b: Tyranitar|79/100\n|faint|p2a: Excadrill\n|move|p1b: Venusaur|Solar Beam||[still]\n|-prepare|p1b: Venusaur|Solar Beam\n|\n|-weather|Sandstorm|[upkeep]\n|-damage|p1a: Charizard|73/100|[from] Sandstorm\n|-damage|p1b: Venusaur|94/100|[from] Sandstorm\n|-heal|p1b: Venusaur|100/100|[from] item: Leftovers\n|upkeep\n|\n|t:|1776171803\n|switch|p2a: Rotom|Rotom-Wash, L50, shiny|100/100\n|turn|7\n|\n|t:|1776171812\n|move|p1a: Charizard|Protect|p1a: Charizard\n|-singleturn|p1a: Charizard|Protect\n|move|p2a: Rotom|Protect|p2a: Rotom\n|-singleturn|p2a: Rotom|Protect\n|move|p2b: Tyranitar|Protect|p2b: Tyranitar\n|-singleturn|p2b: Tyranitar|Protect\n|move|p1b: Venusaur|Solar Beam|p2b: Tyranitar|[from] lockedmove\n|-activate|p2b: Tyranitar|move: Protect\n|\n|-weather|Sandstorm|[upkeep]\n|-damage|p1a: Charizard|67/100|[from] Sandstorm\n|-damage|p1b: Venusaur|94/100|[from] Sandstorm\n|-damage|p2a: Rotom|95/100|[from] Sandstorm\n|-heal|p1b: Venusaur|100/100|[from] item: Leftovers\n|upkeep\n|turn|8\n|inactive|darktypedave2! has 30 seconds left.\n|\n|t:|1776171846\n|switch|p1a: Infernape|Infernape, L50, M|10/100\n|move|p1b: Venusaur|Giga Drain|p2b: Tyranitar\n|-supereffective|p2b: Tyranitar|1\n|-damage|p2b: Tyranitar|42/100\n|move|p2a: Rotom|Thunderbolt|p1a: Infernape\n|-damage|p1a: Infernape|0 fnt\n|faint|p1a: Infernape\n|move|p2b: Tyranitar|Knock Off|p1b: Venusaur\n|-damage|p1b: Venusaur|27/100\n|-enditem|p1b: Venusaur|Leftovers|[from] move: Knock Off|[of] p2b: Tyranitar\n|\n|-weather|Sandstorm|[upkeep]\n|-damage|p1b: Venusaur|21/100|[from] Sandstorm\n|-damage|p2a: Rotom|89/100|[from] Sandstorm\n|-sideend|p1: darktypedave2!|move: Tailwind\n|upkeep\n|\n|t:|1776171859\n|switch|p1a: Charizard|Charizard-Mega-Y, L50, F|67/100\n|-weather|SunnyDay|[from] ability: Drought|[of] p1a: Charizard\n|turn|9\n|\n|t:|1776171872\n|switch|p2b: Incineroar|Incineroar, L50, F, shiny|5/100\n|-ability|p2b: Incineroar|Intimidate|boost\n|-unboost|p1a: Charizard|atk|1\n|-unboost|p1b: Venusaur|atk|1\n|move|p1b: Venusaur|Giga Drain|p2b: Incineroar\n|-resisted|p2b: Incineroar|1\n|-damage|p2b: Incineroar|0 fnt\n|-heal|p1b: Venusaur|24/100|[from] drain|[of] p2b: Incineroar\n|faint|p2b: Incineroar\n|move|p1a: Charizard|Heat Wave|p2a: Rotom\n|-resisted|p2a: Rotom|1\n|-damage|p2a: Rotom|49/100\n|-enditem|p2a: Rotom|Sitrus Berry|[eat]\n|-heal|p2a: Rotom|74/100|[from] item: Sitrus Berry\n|move|p2a: Rotom|Thunderbolt|p1a: Charizard\n|-supereffective|p1a: Charizard|1\n|-damage|p1a: Charizard|4/100\n|-status|p1a: Charizard|par\n|\n|-weather|SunnyDay|[upkeep]\n|upkeep\n|\n|t:|1776171891\n|switch|p2b: Tyranitar|Tyranitar-Mega, L50, M, shiny|42/100\n|-weather|Sandstorm|[from] ability: Sand Stream|[of] p2b: Tyranitar\n|turn|10\n|inactive|Pitin16 has 30 seconds left.\n|\n|t:|1776171916\n|move|p1a: Charizard|Protect|p1a: Charizard\n|-singleturn|p1a: Charizard|Protect\n|move|p1b: Venusaur|Giga Drain|p2b: Tyranitar\n|-supereffective|p2b: Tyranitar|1\n|-damage|p2b: Tyranitar|0 fnt\n|-heal|p1b: Venusaur|46/100|[from] drain|[of] p2b: Tyranitar\n|faint|p2b: Tyranitar\n|move|p2a: Rotom|Thunderbolt|p1b: Venusaur\n|-resisted|p1b: Venusaur|1\n|-damage|p1b: Venusaur|29/100\n|\n|-weather|Sandstorm|[upkeep]\n|-damage|p1b: Venusaur|23/100|[from] Sandstorm\n|-damage|p2a: Rotom|68/100|[from] Sandstorm\n|-damage|p1a: Charizard|0 fnt|[from] Sandstorm\n|faint|p1a: Charizard\n|upkeep\n|turn|11\n|\n|t:|1776171936\n|move|p1b: Venusaur|Giga Drain|p2a: Rotom\n|-supereffective|p2a: Rotom|1\n|-damage|p2a: Rotom|6/100\n|-heal|p1b: Venusaur|53/100|[from] drain|[of] p2a: Rotom\n|move|p2a: Rotom|Thunderbolt|p1b: Venusaur\n|-resisted|p1b: Venusaur|1\n|-damage|p1b: Venusaur|35/100\n|\n|-weather|Sandstorm|[upkeep]\n|-damage|p1b: Venusaur|29/100|[from] Sandstorm\n|-damage|p2a: Rotom|0 fnt|[from] Sandstorm\n|faint|p2a: Rotom\n|\n|win|darktypedave2!\n|raw|darktypedave2!'s rating: 1104 &rarr; <strong>1125</strong><br />(+21 for winning)\n|raw|Pitin16's rating: 1055 &rarr; <strong>1039</strong><br />(-16 for losing)\n|l|\u2606Pitin16\n|player|p2|\n",
  "uploadtime": 1776171951,
  "views": 19,
  "formatid": "gen9championsvgc2026regma",
  "rating": 1039,
  "private": 0,
  "password": null
}