{
  "id": "gen9championsvgc2026regma-2586712601",
  "format": "[Gen 9 Champions] VGC 2026 Reg M-A",
  "players": [
    "wholer",
    "Juya"
  ],
  "log": "|j|\u2606wholer\n|j|\u2606Juya\n|t:|1776454120\n|gametype|doubles\n|player|p1|wholer|caitlin|1330\n|player|p2|Juya|2|1374\n|gen|9\n|tier|[Gen 9 Champions] VGC 2026 Reg M-A\n|rated|\n|rule|Species Clause: Limit one of each Pok\u00e9mon\n|rule|Item Clause: Limit 1 of each item\n|clearpoke\n|poke|p1|Tyranitar, L50, M|\n|poke|p1|Garchomp, L50, M|\n|poke|p1|Rotom-Wash, L50|\n|poke|p1|Sneasler, L50, F|\n|poke|p1|Incineroar, L50, F|\n|poke|p1|Farigiraf, L50, F|\n|poke|p2|Glimmora, L50, M|\n|poke|p2|Gyarados, L50, F|\n|poke|p2|Corviknight, L50, F|\n|poke|p2|Garchomp, L50, M|\n|poke|p2|Volcarona, L50, M|\n|poke|p2|Ninetales-Alola, L50, F|\n|teampreview|4\n|inactive|Battle timer is ON: inactive players will automatically lose when time's up. (requested by Juya)\n|inactive|wholer also wants the timer to be on.\n|\n|t:|1776454138\n|teamsize|p1|4\n|teamsize|p2|4\n|start\n|switch|p1a: Farigiraf|Farigiraf, L50, F|100/100\n|switch|p1b: Rotom|Rotom-Wash, L50|100/100\n|switch|p2a: Ninetales|Ninetales-Alola, L50, F|100/100\n|switch|p2b: Gyarados|Gyarados, L50, F|100/100\n|-weather|Snowscape|[from] ability: Snow Warning|[of] p2a: Ninetales\n|-ability|p2b: Gyarados|Intimidate|boost\n|-unboost|p1a: Farigiraf|atk|1\n|-unboost|p1b: Rotom|atk|1\n|turn|1\n|\n|t:|1776454159\n|switch|p1a: Tyranitar|Tyranitar, L50, M|100/100\n|-weather|Sandstorm|[from] ability: Sand Stream|[of] p1a: Tyranitar\n|detailschange|p2b: Gyarados|Gyarados-Mega, L50, F\n|-mega|p2b: Gyarados|Gyarados|Gyaradosite\n|-ability|p2b: Gyarados|Mold Breaker\n|move|p2b: Gyarados|Protect|p2b: Gyarados\n|-singleturn|p2b: Gyarados|Protect\n|move|p2a: Ninetales|Aurora Veil||[still]\n|-fail|p2a: Ninetales\n|move|p1b: Rotom|Electroweb|p2b: Gyarados|[spread] p2a\n|-activate|p2b: Gyarados|move: Protect\n|-damage|p2a: Ninetales|79/100\n|-unboost|p2a: Ninetales|spe|1\n|\n|-weather|Sandstorm|[upkeep]\n|-damage|p2b: Gyarados|94/100|[from] Sandstorm\n|-damage|p2a: Ninetales|73/100|[from] Sandstorm\n|-damage|p1b: Rotom|95/100|[from] Sandstorm\n|upkeep\n|turn|2\n|\n|t:|1776454182\n|switch|p2b: Garchomp|Garchomp, L50, M|100/100\n|detailschange|p1a: Tyranitar|Tyranitar-Mega, L50, M\n|-mega|p1a: Tyranitar|Tyranitar|Tyranitarite\n|move|p2a: Ninetales|Encore|p1b: Rotom\n|-start|p1b: Rotom|Encore\n|move|p1b: Rotom|Electroweb|p2a: Ninetales|[spread] p2a\n|-immune|p2b: Garchomp\n|-damage|p2a: Ninetales|53/100\n|-unboost|p2a: Ninetales|spe|1\n|move|p1a: Tyranitar|Rock Slide|p2b: Garchomp|[spread] p2b\n|-miss|p1a: Tyranitar|p2a: Ninetales\n|-resisted|p2b: Garchomp|1\n|-damage|p2b: Garchomp|81/100\n|\n|-weather|Sandstorm|[upkeep]\n|-damage|p1b: Rotom|89/100|[from] Sandstorm\n|-damage|p2a: Ninetales|46/100|[from] Sandstorm\n|upkeep\n|turn|3\n|inactive|Juya has 30 seconds left.\n|\n|t:|1776454209\n|switch|p1b: Farigiraf|Farigiraf, L50, F|100/100\n|move|p1a: Tyranitar|Protect|p1a: Tyranitar\n|-singleturn|p1a: Tyranitar|Protect\n|move|p2a: Ninetales|Protect|p2a: Ninetales\n|-singleturn|p2a: Ninetales|Protect\n|move|p2b: Garchomp|Earthquake|p1b: Farigiraf|[spread] p1b\n|-activate|p2a: Ninetales|move: Protect\n|-activate|p1a: Tyranitar|move: Protect\n|-damage|p1b: Farigiraf|50/100\n|\n|-weather|Sandstorm|[upkeep]\n|-damage|p2a: Ninetales|40/100|[from] Sandstorm\n|-damage|p1b: Farigiraf|44/100|[from] Sandstorm\n|upkeep\n|turn|4\n|\n|t:|1776454223\n|switch|p2a: Corviknight|Corviknight, L50, F, shiny|100/100\n|switch|p1b: Rotom|Rotom-Wash, L50|89/100\n|move|p2b: Garchomp|Earthquake|p1a: Tyranitar|[spread] p1a\n|-immune|p2a: Corviknight\n|-immune|p1b: Rotom|[from] ability: Levitate\n|-supereffective|p1a: Tyranitar|1\n|-damage|p1a: Tyranitar|49/100\n|move|p1a: Tyranitar|Rock Slide|p2b: Garchomp|[spread] p2a,p2b\n|-resisted|p2b: Garchomp|1\n|-damage|p2a: Corviknight|71/100\n|-damage|p2b: Garchomp|62/100\n|\n|-weather|Sandstorm|[upkeep]\n|-damage|p1b: Rotom|84/100|[from] Sandstorm\n|upkeep\n|turn|5\n|inactive|Juya has 30 seconds left.\n|\n|t:|1776454252\n|switch|p1a: Farigiraf|Farigiraf, L50, F|44/100\n|switch|p2a: Ninetales|Ninetales-Alola, L50, F|40/100\n|-weather|Snowscape|[from] ability: Snow Warning|[of] p2a: Ninetales\n|move|p2b: Garchomp|Earthquake|p1b: Rotom|[spread] p2a,p1a\n|-immune|p1b: Rotom|[from] ability: Levitate\n|-damage|p2a: Ninetales|5/100\n|-damage|p1a: Farigiraf|0 fnt\n|faint|p1a: Farigiraf\n|move|p1b: Rotom|Thunderbolt|p2a: Ninetales\n|-damage|p2a: Ninetales|0 fnt\n|faint|p2a: Ninetales\n|\n|-weather|Snowscape|[upkeep]\n|upkeep\n|\n|t:|1776454267\n|switch|p2a: Gyarados|Gyarados-Mega, L50, F|94/100\n|switch|p1a: Tyranitar|Tyranitar-Mega, L50, M|49/100\n|-ability|p2a: Gyarados|Mold Breaker\n|-weather|Sandstorm|[from] ability: Sand Stream|[of] p1a: Tyranitar\n|turn|6\n|\n|t:|1776454280\n|switch|p2b: Corviknight|Corviknight, L50, F, shiny|71/100\n|move|p1a: Tyranitar|Protect|p1a: Tyranitar\n|-singleturn|p1a: Tyranitar|Protect\n|move|p2a: Gyarados|Dragon Dance|p2a: Gyarados\n|-boost|p2a: Gyarados|atk|1\n|-boost|p2a: Gyarados|spe|1\n|move|p1b: Rotom|Hydro Pump|p2b: Corviknight\n|-damage|p2b: Corviknight|25/100\n|-enditem|p2b: Corviknight|Sitrus Berry|[eat]\n|-heal|p2b: Corviknight|50/100|[from] item: Sitrus Berry\n|\n|-weather|Sandstorm|[upkeep]\n|-damage|p2a: Gyarados|88/100|[from] Sandstorm\n|-damage|p1b: Rotom|78/100|[from] Sandstorm\n|upkeep\n|turn|7\n|\n|t:|1776454296\n|move|p2a: Gyarados|Earthquake|p1b: Rotom|[spread] p1a,p1b\n|-immune|p2b: Corviknight\n|-supereffective|p1a: Tyranitar|1\n|-supereffective|p1b: Rotom|1\n|-crit|p1b: Rotom\n|-damage|p1a: Tyranitar|0 fnt\n|-damage|p1b: Rotom|0 fnt\n|faint|p1a: Tyranitar\n|faint|p1b: Rotom\n|move|p2b: Corviknight|Roost|p2b: Corviknight\n|-heal|p2b: Corviknight|100/100\n|-singleturn|p2b: Corviknight|move: Roost\n|\n|-weather|Sandstorm|[upkeep]\n|-damage|p2a: Gyarados|82/100|[from] Sandstorm\n|upkeep\n|-message|wholer forfeited.\n|\n|win|Juya\n|raw|wholer's rating: 1330 &rarr; <strong>1313</strong><br />(-17 for losing)\n|raw|Juya's rating: 1374 &rarr; <strong>1391</strong><br />(+17 for winning)\n|l|\u2606wholer\n|player|p1|\n",
  "uploadtime": 1776454310,
  "views": 39,
  "formatid": "gen9championsvgc2026regma",
  "rating": 1313,
  "private": 0,
  "password": null
}