{
  "id": "gen9championsvgc2026regma-2584621356",
  "format": "[Gen 9 Champions] VGC 2026 Reg M-A",
  "players": [
    "Flakenz",
    "jermaine malobious"
  ],
  "log": "|j|\u2606Flakenz\n|j|\u2606jermaine malobious\n|t:|1776272648\n|gametype|doubles\n|player|p1|Flakenz|266|1195\n|player|p2|jermaine malobious|cynthia|1164\n|gen|9\n|tier|[Gen 9 Champions] VGC 2026 Reg M-A\n|rated|\n|rule|Species Clause: Limit one of each Pok\u00e9mon\n|rule|Item Clause: Limit 1 of each item\n|clearpoke\n|poke|p1|Aerodactyl, L50, M|\n|poke|p1|Typhlosion-Hisui, L50, M|\n|poke|p1|Sneasler, L50, M|\n|poke|p1|Starmie, L50|\n|poke|p1|Incineroar, L50, M|\n|poke|p1|Sableye, L50, F|\n|poke|p2|Pelipper, L50, F|\n|poke|p2|Starmie, L50|\n|poke|p2|Incineroar, L50, M|\n|poke|p2|Aegislash, L50, F|\n|poke|p2|Meganium, L50, F|\n|poke|p2|Manectric, L50, M|\n|teampreview|4\nFlakenz has agreed to open team sheets.\n|\n|t:|1776272711\n|teamsize|p1|4\n|teamsize|p2|4\n|start\n|switch|p1a: Sneasler|Sneasler, L50, M|100/100\n|switch|p1b: Sableye|Sableye, L50, F|100/100\n|switch|p2a: Pelipper|Pelipper, L50, F|100/100\n|switch|p2b: Incineroar|Incineroar, L50, M|100/100\n|-weather|RainDance|[from] ability: Drizzle|[of] p2a: Pelipper\n|-ability|p2b: Incineroar|Intimidate|boost\n|-unboost|p1a: Sneasler|atk|1\n|-unboost|p1b: Sableye|atk|1\n|-enditem|p1a: Sneasler|White Herb\n|-clearnegativeboost|p1a: Sneasler|[silent]\n|turn|1\n|\n|t:|1776272745\n|move|p1a: Sneasler|Fake Out|p2b: Incineroar\n|-damage|p2b: Incineroar|85/100\n|cant|p2b: Incineroar|flinch\n|move|p1b: Sableye|Fake Out|p2a: Pelipper\n|-damage|p2a: Pelipper|93/100\n|cant|p2a: Pelipper|flinch\n|\n|-weather|RainDance|[upkeep]\n|upkeep\n|turn|2\n|\n|t:|1776272771\n|move|p1a: Sneasler|Close Combat|p2b: Incineroar\n|-supereffective|p2b: Incineroar|1\n|-enditem|p2b: Incineroar|Chople Berry|[eat]\n|-enditem|p2b: Incineroar|Chople Berry|[weaken]\n|-damage|p2b: Incineroar|20/100\n|-unboost|p1a: Sneasler|def|1\n|-unboost|p1a: Sneasler|spd|1\n|move|p2a: Pelipper|Tailwind|p2a: Pelipper\n|-sidestart|p2: jermaine malobious|move: Tailwind\n|move|p2b: Incineroar|Will-O-Wisp|p1a: Sneasler\n|-status|p1a: Sneasler|brn\n|move|p1b: Sableye|Foul Play|p2a: Pelipper\n|-damage|p2a: Pelipper|72/100\n|\n|-weather|RainDance|[upkeep]\n|-damage|p1a: Sneasler|95/100 brn|[from] brn\n|upkeep\n|turn|3\n|\n|t:|1776272805\n|move|p1b: Sableye|Thunder Wave|p2a: Pelipper\n|-status|p2a: Pelipper|par\n|move|p1a: Sneasler|Close Combat|p2b: Incineroar\n|-supereffective|p2b: Incineroar|1\n|-damage|p2b: Incineroar|0 fnt\n|-unboost|p1a: Sneasler|def|1\n|-unboost|p1a: Sneasler|spd|1\n|faint|p2b: Incineroar\n|move|p2a: Pelipper|Muddy Water|p1a: Sneasler|[spread] p1a,p1b\n|-damage|p1a: Sneasler|0 fnt\n|-damage|p1b: Sableye|26/100\n|faint|p1a: Sneasler\n|\n|-weather|RainDance|[upkeep]\n|upkeep\n|\n|t:|1776272818\n|switch|p1a: Starmie|Starmie, L50|100/100\n|switch|p2b: Starmie|Starmie, L50|100/100\n|turn|4\n|\n|t:|1776272846\n|detailschange|p2b: Starmie|Starmie-Mega, L50\n|-mega|p2b: Starmie|Starmie|Starminite\n|detailschange|p1a: Starmie|Starmie-Mega, L50\n|-mega|p1a: Starmie|Starmie|Starminite\n|move|p1a: Starmie|Protect|p1a: Starmie\n|-singleturn|p1a: Starmie|Protect\n|move|p2b: Starmie|Aqua Jet|p1b: Sableye\n|-damage|p1b: Sableye|0 fnt\n|faint|p1b: Sableye\n|move|p2a: Pelipper|Hurricane|p1a: Starmie\n|-activate|p1a: Starmie|move: Protect\n|\n|-weather|RainDance|[upkeep]\n|upkeep\n|\n|t:|1776272857\n|switch|p1b: Incineroar|Incineroar, L50, M|100/100\n|-ability|p1b: Incineroar|Intimidate|boost\n|-unboost|p2a: Pelipper|atk|1\n|-unboost|p2b: Starmie|atk|1\n|turn|5\n|\n|t:|1776272868\n|move|p1b: Incineroar|Fake Out|p2b: Starmie\n|-damage|p2b: Starmie|83/100\n|cant|p2b: Starmie|flinch\n|move|p1a: Starmie|Liquidation|p2b: Starmie\n|-resisted|p2b: Starmie|1\n|-damage|p2b: Starmie|3/100\n|-unboost|p2b: Starmie|def|1\n|move|p2a: Pelipper|Muddy Water|p1a: Starmie|[spread] p1a,p1b\n|-resisted|p1a: Starmie|1\n|-supereffective|p1b: Incineroar|1\n|-damage|p1a: Starmie|63/100\n|-damage|p1b: Incineroar|0 fnt\n|faint|p1b: Incineroar\n|\n|-weather|none\n|-sideend|p2: jermaine malobious|move: Tailwind\n|upkeep\n|turn|6\n|\n|t:|1776272892\n|move|p2b: Starmie|Aqua Jet|p1a: Starmie\n|-resisted|p1a: Starmie|1\n|-damage|p1a: Starmie|47/100\n|move|p1a: Starmie|Liquidation|p2b: Starmie\n|-resisted|p2b: Starmie|1\n|-damage|p2b: Starmie|0 fnt\n|faint|p2b: Starmie\n|move|p2a: Pelipper|Tailwind|p2a: Pelipper\n|-sidestart|p2: jermaine malobious|move: Tailwind\n|\n|upkeep\n|\n|t:|1776272894\n|switch|p2b: Manectric|Manectric, L50, M|100/100\n|turn|7\n|\n|t:|1776272902\n|move|p2b: Manectric|Thunderbolt|p1a: Starmie\n|-supereffective|p1a: Starmie|1\n|-damage|p1a: Starmie|0 fnt\n|faint|p1a: Starmie\n|\n|win|jermaine malobious\n|raw|Flakenz's rating: 1195 &rarr; <strong>1168</strong><br />(-27 for losing)\n|raw|jermaine malobious's rating: 1164 &rarr; <strong>1191</strong><br />(+27 for winning)\n",
  "uploadtime": 1776272903,
  "views": 19,
  "formatid": "gen9championsvgc2026regma",
  "rating": 1168,
  "private": 0,
  "password": null
}