{
  "id": "gen9championsvgc2026regma-2584385578",
  "format": "[Gen 9 Champions] VGC 2026 Reg M-A",
  "players": [
    "soten soten",
    "KogaAF1219"
  ],
  "log": "|j|\u2606soten soten\n|j|\u2606KogaAF1219\n|t:|1776256930\n|gametype|doubles\n|player|p1|soten soten|hilbert|1414\n|player|p2|KogaAF1219|koga|1339\n|gen|9\n|tier|[Gen 9 Champions] VGC 2026 Reg M-A\n|rated|\n|rule|Species Clause: Limit one of each Pok\u00e9mon\n|rule|Item Clause: Limit 1 of each item\n|clearpoke\n|poke|p1|Gallade, L50, M|\n|poke|p1|Floette-Eternal, L50, F|\n|poke|p1|Incineroar, L50, F|\n|poke|p1|Sinistcha, L50|\n|poke|p1|Aegislash, L50, M|\n|poke|p1|Palafin, L50, F|\n|poke|p2|Torkoal, L50, F|\n|poke|p2|Venusaur, L50, M|\n|poke|p2|Incineroar, L50, M|\n|poke|p2|Farigiraf, L50, F|\n|poke|p2|Rotom-Fan, L50|\n|poke|p2|Excadrill, L50, M|\n|teampreview|4\n|inactive|Battle timer is ON: inactive players will automatically lose when time's up. (requested by soten soten)\n|\n|t:|1776256943\n|teamsize|p1|4\n|teamsize|p2|4\n|start\n|switch|p1a: Gallade|Gallade, L50, M|100/100\n|switch|p1b: Palafin|Palafin, L50, F|100/100\n|switch|p2a: Rotom|Rotom-Fan, L50|100/100\n|switch|p2b: Excadrill|Excadrill, L50, M|100/100\n|-ability|p2b: Excadrill|Mold Breaker\n|turn|1\n|\n|t:|1776256951\n|detailschange|p1a: Gallade|Gallade-Mega, L50, M\n|-mega|p1a: Gallade|Gallade|Galladite\n|move|p2a: Rotom|Discharge|p1a: Gallade|[spread] p1a,p1b\n|-immune|p2b: Excadrill\n|-supereffective|p1b: Palafin|1\n|-damage|p1a: Gallade|76/100\n|-damage|p1b: Palafin|48/100\n|-status|p1b: Palafin|par\n|move|p1a: Gallade|Close Combat|p2b: Excadrill\n|-supereffective|p2b: Excadrill|1\n|-enditem|p2b: Excadrill|Focus Sash\n|-damage|p2b: Excadrill|1/100\n|-unboost|p1a: Gallade|def|1\n|-unboost|p1a: Gallade|spd|1\n|move|p2b: Excadrill|Earthquake|p1a: Gallade|[spread] p1a,p1b\n|-immune|p2a: Rotom\n|-damage|p1a: Gallade|8/100\n|-damage|p1b: Palafin|2/100 par\n|move|p1b: Palafin|Flip Turn|p2a: Rotom\n|-damage|p2a: Rotom|71/100\n|\n|t:|1776256960\n|detailschange|p1b: Palafin|Palafin-Hero, L50, F\n|switch|p1b: Incineroar|Incineroar, L50, F|100/100|[from] Flip Turn\n|-ability|p1b: Incineroar|Intimidate|boost\n|-unboost|p2a: Rotom|atk|1\n|-unboost|p2b: Excadrill|atk|1\n|\n|upkeep\n|turn|2\n|\n|t:|1776256972\n|move|p1b: Incineroar|Fake Out|p2a: Rotom\n|-damage|p2a: Rotom|60/100\n|cant|p2a: Rotom|flinch\n|move|p1a: Gallade|Zen Headbutt|p2a: Rotom\n|-damage|p2a: Rotom|6/100\n|move|p2b: Excadrill|Earthquake|p1a: Gallade|[spread] p1a,p1b\n|-immune|p2a: Rotom\n|-supereffective|p1b: Incineroar|1\n|-damage|p1a: Gallade|0 fnt\n|-damage|p1b: Incineroar|62/100\n|faint|p1a: Gallade\n|\n|upkeep\n|\n|t:|1776256977\n|switch|p1a: Palafin|Palafin-Hero, L50, F|2/100 par\n|-activate|p1a: Palafin|ability: Zero to Hero\n|turn|3\n|\n|t:|1776256982\n|move|p1a: Palafin|Jet Punch|p2b: Excadrill\n|-supereffective|p2b: Excadrill|1\n|-damage|p2b: Excadrill|0 fnt\n|faint|p2b: Excadrill\n|move|p2a: Rotom|Discharge|p1b: Incineroar|[spread] p1a,p1b\n|-supereffective|p1a: Palafin|1\n|-damage|p1a: Palafin|0 fnt\n|-damage|p1b: Incineroar|45/100\n|-status|p1b: Incineroar|par\n|-enditem|p1b: Incineroar|Sitrus Berry|[eat]\n|-heal|p1b: Incineroar|70/100 par|[from] item: Sitrus Berry\n|faint|p1a: Palafin\n|move|p1b: Incineroar|Parting Shot|p2a: Rotom\n|-unboost|p2a: Rotom|atk|1\n|-unboost|p2a: Rotom|spa|1\n|\n|t:|1776256985\n|switch|p1b: Aegislash|Aegislash, L50, M|100/100|[from] Parting Shot\n|\n|upkeep\n|\n|t:|1776256994\n|switch|p2b: Venusaur|Venusaur, L50, M|100/100\n|switch|p1a: Incineroar|Incineroar, L50, F|70/100 par\n|-ability|p1a: Incineroar|Intimidate|boost\n|-unboost|p2a: Rotom|atk|1\n|-unboost|p2b: Venusaur|atk|1\n|turn|4\n|\n|t:|1776257000\n|move|p2b: Venusaur|Protect|p2b: Venusaur\n|-singleturn|p2b: Venusaur|Protect\n|cant|p1a: Incineroar|par\n|-formechange|p1b: Aegislash|Aegislash-Blade|\n|move|p1b: Aegislash|Shadow Sneak|p2a: Rotom\n|-damage|p2a: Rotom|0 fnt\n|faint|p2a: Rotom\n|\n|upkeep\n|\n|t:|1776257006\n|switch|p2a: Torkoal|Torkoal, L50, F|100/100\n|-weather|SunnyDay|[from] ability: Drought|[of] p2a: Torkoal\n|turn|5\n|\n|t:|1776257015\n|detailschange|p2b: Venusaur|Venusaur-Mega, L50, M\n|-mega|p2b: Venusaur|Venusaur|Venusaurite\n|-formechange|p1b: Aegislash|Aegislash|\n|move|p1b: Aegislash|King's Shield|p1b: Aegislash\n|-singleturn|p1b: Aegislash|Protect\n|move|p2b: Venusaur|Sludge Bomb|p1a: Incineroar\n|-damage|p1a: Incineroar|28/100 par\n|cant|p1a: Incineroar|par\n|move|p2a: Torkoal|Eruption|p1b: Aegislash|[spread] p1a\n|-activate|p1b: Aegislash|move: Protect\n|-resisted|p1a: Incineroar|1\n|-crit|p1a: Incineroar\n|-damage|p1a: Incineroar|0 fnt\n|faint|p1a: Incineroar\n|\n|-weather|SunnyDay|[upkeep]\n|upkeep\n|turn|6\n|-message|soten soten forfeited.\n|\n|win|KogaAF1219\n|raw|soten soten's rating: 1414 &rarr; <strong>1390</strong><br />(-24 for losing)\n|raw|KogaAF1219's rating: 1339 &rarr; <strong>1363</strong><br />(+24 for winning)\n|l|\u2606soten soten\n|player|p1|\n",
  "uploadtime": 1776257024,
  "views": 32,
  "formatid": "gen9championsvgc2026regma",
  "rating": 1363,
  "private": 0,
  "password": null
}