{
  "id": "gen9championsvgc2026regma-2582250872",
  "format": "[Gen 9 Champions] VGC 2026 Reg M-A",
  "players": [
    "maziugarc",
    "lolgz"
  ],
  "log": "|j|\u2606maziugarc\n|j|\u2606lolgz\n|t:|1776076197\n|gametype|doubles\n|player|p1|maziugarc|169|1326\n|player|p2|lolgz|266|1393\n|gen|9\n|tier|[Gen 9 Champions] VGC 2026 Reg M-A\n|rated|\n|rule|Species Clause: Limit one of each Pok\u00e9mon\n|rule|Item Clause: Limit 1 of each item\n|clearpoke\n|poke|p1|Tyranitar, L50, F|\n|poke|p1|Excadrill, L50, M|\n|poke|p1|Dragonite, L50, M|\n|poke|p1|Milotic, L50, F|\n|poke|p1|Tauros-Paldea-Blaze, L50, M|\n|poke|p1|Venusaur, L50, M|\n|poke|p2|Charizard, L50, F|\n|poke|p2|Whimsicott, L50, M|\n|poke|p2|Garchomp, L50, F|\n|poke|p2|Farigiraf, L50, M|\n|poke|p2|Sneasler, L50, M|\n|poke|p2|Floette-Eternal, L50, F|\n|teampreview|4\n|\n|t:|1776076237\n|teamsize|p1|4\n|teamsize|p2|4\n|start\n|switch|p1a: Venusaur|Venusaur, L50, M|100/100\n|switch|p1b: Dragonite|Dragonite, L50, M|100/100\n|switch|p2a: Whimsicott|Whimsicott, L50, M|100/100\n|switch|p2b: Floette|Floette-Eternal, L50, F|100/100\n|turn|1\n|\n|t:|1776076253\n|detailschange|p1a: Venusaur|Venusaur-Mega, L50, M\n|-mega|p1a: Venusaur|Venusaur|Venusaurite\n|move|p2b: Floette|Protect|p2b: Floette\n|-singleturn|p2b: Floette|Protect\n|move|p2a: Whimsicott|Tailwind|p2a: Whimsicott\n|-sidestart|p2: lolgz|move: Tailwind\n|move|p1b: Dragonite|Tailwind|p1b: Dragonite\n|-sidestart|p1: maziugarc|move: Tailwind\n|move|p1a: Venusaur|Sludge Bomb|p2b: Floette\n|-activate|p2b: Floette|move: Protect\n|\n|upkeep\n|turn|2\n|\n|t:|1776076273\n|switch|p2b: Garchomp|Garchomp, L50, F|100/100\n|switch|p1b: Tauros|Tauros-Paldea-Blaze, L50, M|100/100\n|-ability|p1b: Tauros|Intimidate|boost\n|-unboost|p2a: Whimsicott|atk|1\n|-unboost|p2b: Garchomp|atk|1\n|move|p2a: Whimsicott|Encore||[still]\n|-fail|p2a: Whimsicott\n|move|p1a: Venusaur|Sludge Bomb|p2b: Garchomp\n|-resisted|p2b: Garchomp|1\n|-damage|p2b: Garchomp|78/100\n|\n|upkeep\n|turn|3\n|\n|t:|1776076286\n|switch|p1b: Milotic|Milotic, L50, F|100/100\n|move|p2a: Whimsicott|Encore|p1a: Venusaur\n|-start|p1a: Venusaur|Encore\n|move|p2b: Garchomp|Stomping Tantrum|p1b: Milotic\n|-damage|p1b: Milotic|78/100\n|move|p1a: Venusaur|Sludge Bomb|p2b: Garchomp\n|-resisted|p2b: Garchomp|1\n|-damage|p2b: Garchomp|53/100\n|\n|-heal|p1b: Milotic|84/100|[from] item: Leftovers\n|upkeep\n|turn|4\n|\n|t:|1776076304\n|switch|p2b: Sneasler|Sneasler, L50, M|100/100\n|move|p2a: Whimsicott|Moonblast|p1b: Milotic\n|-damage|p1b: Milotic|58/100\n|move|p1a: Venusaur|Sludge Bomb|p2a: Whimsicott\n|-supereffective|p2a: Whimsicott|2\n|-enditem|p2a: Whimsicott|Focus Sash\n|-damage|p2a: Whimsicott|1/100\n|-status|p2a: Whimsicott|psn\n|move|p1b: Milotic|Icy Wind|p2a: Whimsicott|[spread] p2a\n|-miss|p1b: Milotic|p2b: Sneasler\n|-supereffective|p2a: Whimsicott|1\n|-damage|p2a: Whimsicott|0 fnt\n|faint|p2a: Whimsicott\n|\n|-heal|p1b: Milotic|64/100|[from] item: Leftovers\n|-sideend|p1: maziugarc|move: Tailwind\n|-sideend|p2: lolgz|move: Tailwind\n|upkeep\n|\n|t:|1776076309\n|switch|p2a: Garchomp|Garchomp, L50, F|53/100\n|turn|5\n|\n|t:|1776076325\n|switch|p1a: Tauros|Tauros-Paldea-Blaze, L50, M|100/100\n|-ability|p1a: Tauros|Intimidate|boost\n|-unboost|p2a: Garchomp|atk|1\n|-unboost|p2b: Sneasler|atk|1\n|-enditem|p2b: Sneasler|White Herb\n|-clearnegativeboost|p2b: Sneasler|[silent]\n|move|p2b: Sneasler|Close Combat|p1a: Tauros\n|-damage|p1a: Tauros|30/100\n|-unboost|p2b: Sneasler|def|1\n|-unboost|p2b: Sneasler|spd|1\n|-enditem|p1a: Tauros|Sitrus Berry|[eat]\n|-heal|p1a: Tauros|55/100|[from] item: Sitrus Berry\n|move|p2a: Garchomp|Dragon Claw|p1a: Tauros\n|-damage|p1a: Tauros|28/100\n|move|p1b: Milotic|Life Dew|p1b: Milotic|[spread] p1a,p1b\n|-heal|p1a: Tauros|53/100\n|-heal|p1b: Milotic|90/100\n|\n|-heal|p1b: Milotic|96/100|[from] item: Leftovers\n|upkeep\n|turn|6\n|\n|t:|1776076341\n|move|p1a: Tauros|Protect|p1a: Tauros\n|-singleturn|p1a: Tauros|Protect\n|move|p2b: Sneasler|Close Combat|p1b: Milotic\n|-damage|p1b: Milotic|33/100\n|-unboost|p2b: Sneasler|def|1\n|-unboost|p2b: Sneasler|spd|1\n|move|p2a: Garchomp|Dragon Claw|p1b: Milotic\n|-damage|p1b: Milotic|9/100\n|move|p1b: Milotic|Icy Wind|p2b: Sneasler|[spread] p2b\n|-miss|p1b: Milotic|p2a: Garchomp\n|-damage|p2b: Sneasler|68/100\n|-unboost|p2b: Sneasler|spe|1\n|\n|-heal|p1b: Milotic|15/100|[from] item: Leftovers\n|upkeep\n|turn|7\n|\n|t:|1776076351\n|switch|p2b: Floette|Floette-Eternal, L50, F|100/100\n|move|p2a: Garchomp|Dragon Claw|p1b: Milotic\n|-damage|p1b: Milotic|0 fnt\n|faint|p1b: Milotic\n|move|p1a: Tauros|Raging Bull|p2b: Floette\n|-crit|p2b: Floette\n|-damage|p2b: Floette|0 fnt\n|faint|p2b: Floette\n|\n|upkeep\n|\n|t:|1776076360\n|switch|p2b: Sneasler|Sneasler, L50, M|68/100\n|switch|p1b: Dragonite|Dragonite, L50, M|100/100\n|turn|8\n|-message|lolgz forfeited.\n|\n|win|maziugarc\n|raw|maziugarc's rating: 1326 &rarr; <strong>1350</strong><br />(+24 for winning)\n|raw|lolgz's rating: 1393 &rarr; <strong>1369</strong><br />(-24 for losing)\n",
  "uploadtime": 1776076365,
  "views": 38,
  "formatid": "gen9championsvgc2026regma",
  "rating": 1350,
  "private": 0,
  "password": null
}