{
  "id": "gen9championsvgc2026regma-2587193152",
  "format": "[Gen 9 Champions] VGC 2026 Reg M-A",
  "players": [
    "Carlceus",
    "test66669999"
  ],
  "log": "|j|\u2606Carlceus\n|j|\u2606test66669999\n|t:|1776506998\n|gametype|doubles\n|player|p1|Carlceus|riley|1443\n|player|p2|test66669999|170|1475\n|gen|9\n|tier|[Gen 9 Champions] VGC 2026 Reg M-A\n|rated|\n|rule|Species Clause: Limit one of each Pok\u00e9mon\n|rule|Item Clause: Limit 1 of each item\n|clearpoke\n|poke|p1|Charizard, L50, F, shiny|\n|poke|p1|Aegislash, L50, M, shiny|\n|poke|p1|Milotic, L50, F, shiny|\n|poke|p1|Basculegion, L50, M, shiny|\n|poke|p1|Garchomp, L50, F, shiny|\n|poke|p1|Sneasler, L50, M, shiny|\n|poke|p2|Floette-Eternal, L50, F|\n|poke|p2|Sinistcha, L50|\n|poke|p2|Archaludon, L50, M|\n|poke|p2|Sableye, L50, F|\n|poke|p2|Aerodactyl, L50, M|\n|poke|p2|Gengar, L50, F|\n|teampreview|4\n|inactive|Battle timer is ON: inactive players will automatically lose when time's up. (requested by test66669999)\n|inactive|Carlceus has 60 seconds left.\n|\n|t:|1776507035\n|teamsize|p1|4\n|teamsize|p2|4\n|start\n|switch|p1a: Milotic|Milotic, L50, F, shiny|100/100\n|switch|p1b: Sneasler|Sneasler, L50, M, shiny|100/100\n|switch|p2a: Sableye|Sableye, L50, F|100/100\n|switch|p2b: Archaludon|Archaludon, L50, M|100/100\n|turn|1\n|inactive|Carlceus has 30 seconds left.\n|\n|t:|1776507067\n|move|p2b: Archaludon|Protect|p2b: Archaludon\n|-singleturn|p2b: Archaludon|Protect\n|move|p2a: Sableye|Will-O-Wisp|p1b: Sneasler\n|-status|p1b: Sneasler|brn\n|move|p1b: Sneasler|Close Combat|p2b: Archaludon\n|-activate|p2b: Archaludon|move: Protect\n|move|p1a: Milotic|Scald|p2a: Sableye\n|-damage|p2a: Sableye|68/100\n|\n|-damage|p1b: Sneasler|94/100 brn|[from] brn\n|upkeep\n|turn|2\n|\n|t:|1776507088\n|switch|p1b: Charizard|Charizard, L50, F, shiny|100/100\n|move|p2a: Sableye|Rain Dance|p2a: Sableye\n|-weather|RainDance\n|move|p1a: Milotic|Scald|p2a: Sableye\n|-damage|p2a: Sableye|22/100\n|-status|p2a: Sableye|brn\n|-enditem|p2a: Sableye|Sitrus Berry|[eat]\n|-heal|p2a: Sableye|47/100 brn|[from] item: Sitrus Berry\n|move|p2b: Archaludon|Electro Shot||[still]\n|-prepare|p2b: Archaludon|Electro Shot\n|-boost|p2b: Archaludon|spa|1\n|-anim|p2b: Archaludon|Electro Shot|p1a: Milotic\n|-supereffective|p1a: Milotic|1\n|-damage|p1a: Milotic|6/100\n|\n|-weather|RainDance|[upkeep]\n|-heal|p1a: Milotic|12/100|[from] item: Leftovers\n|-damage|p2a: Sableye|41/100 brn|[from] brn\n|upkeep\n|turn|3\n|inactive|Carlceus has 30 seconds left.\n|inactive|test66669999 has 30 seconds left.\n|inactive|test66669999 has 20 seconds left.\n|inactive|test66669999 has 15 seconds left.\n|inactive|Carlceus has 20 seconds left.\n|\n|t:|1776507139\n|detailschange|p1b: Charizard|Charizard-Mega-Y, L50, F, shiny\n|-mega|p1b: Charizard|Charizard|Charizardite Y\n|-weather|SunnyDay|[from] ability: Drought|[of] p1b: Charizard\n|move|p1b: Charizard|Protect|p1b: Charizard\n|-singleturn|p1b: Charizard|Protect\n|move|p2a: Sableye|Rain Dance|p2a: Sableye\n|-weather|RainDance\n|move|p1a: Milotic|Scald|p2a: Sableye\n|-damage|p2a: Sableye|0 fnt\n|faint|p2a: Sableye\n|move|p2b: Archaludon|Electro Shot||[still]\n|-prepare|p2b: Archaludon|Electro Shot\n|-boost|p2b: Archaludon|spa|1\n|-anim|p2b: Archaludon|Electro Shot|p1b: Charizard\n|-activate|p1b: Charizard|move: Protect\n|\n|-weather|RainDance|[upkeep]\n|-heal|p1a: Milotic|18/100|[from] item: Leftovers\n|upkeep\n|j| fulimba\n|\n|t:|1776507158\n|switch|p2a: Aerodactyl|Aerodactyl, L50, M|100/100\n|-ability|p2a: Aerodactyl|Unnerve\n|turn|4\n|\n|t:|1776507177\n|switch|p2a: Sinistcha|Sinistcha, L50|100/100\n|switch|p1b: Sneasler|Sneasler, L50, M, shiny|94/100 brn\n|move|p1a: Milotic|Recover|p1a: Milotic\n|-heal|p1a: Milotic|68/100\n|move|p2b: Archaludon|Electro Shot||[still]\n|-prepare|p2b: Archaludon|Electro Shot\n|-boost|p2b: Archaludon|spa|1\n|-anim|p2b: Archaludon|Electro Shot|p1a: Milotic\n|-supereffective|p1a: Milotic|1\n|-crit|p1a: Milotic\n|-damage|p1a: Milotic|0 fnt\n|faint|p1a: Milotic\n|\n|-weather|RainDance|[upkeep]\n|-damage|p1b: Sneasler|88/100 brn|[from] brn\n|upkeep\n|\n|t:|1776507195\n|switch|p1a: Charizard|Charizard-Mega-Y, L50, F, shiny|100/100\n|-weather|SunnyDay|[from] ability: Drought|[of] p1a: Charizard\n|turn|5\n|\n|t:|1776507208\n|move|p2b: Archaludon|Protect|p2b: Archaludon\n|-singleturn|p2b: Archaludon|Protect\n|move|p1b: Sneasler|Dire Claw|p2a: Sinistcha\n|-damage|p2a: Sinistcha|85/100\n|move|p1a: Charizard|Heat Wave|p2a: Sinistcha|[spread] p2a\n|-activate|p2b: Archaludon|move: Protect\n|-supereffective|p2a: Sinistcha|1\n|-damage|p2a: Sinistcha|0 fnt\n|faint|p2a: Sinistcha\n|\n|-weather|SunnyDay|[upkeep]\n|-damage|p1b: Sneasler|82/100 brn|[from] brn\n|upkeep\n|\n|t:|1776507222\n|switch|p2a: Aerodactyl|Aerodactyl, L50, M|100/100\n|-ability|p2a: Aerodactyl|Unnerve\n|turn|6\n|\n|t:|1776507233\n|detailschange|p2a: Aerodactyl|Aerodactyl-Mega, L50, M\n|-mega|p2a: Aerodactyl|Aerodactyl|Aerodactylite\n|move|p1a: Charizard|Protect|p1a: Charizard\n|-singleturn|p1a: Charizard|Protect\n|move|p2a: Aerodactyl|Dual Wingbeat|p1b: Sneasler\n|-supereffective|p1b: Sneasler|1\n|-damage|p1b: Sneasler|0 fnt\n|faint|p1b: Sneasler\n|-hitcount|p1: Sneasler|1\n|move|p2b: Archaludon|Dragon Pulse|p1a: Charizard\n|-activate|p1a: Charizard|move: Protect\n|\n|-weather|SunnyDay|[upkeep]\n|upkeep\n|\n|t:|1776507246\n|switch|p1b: Aegislash|Aegislash, L50, M, shiny|100/100\n|turn|7\n|j| miinhumc\n|\n|t:|1776507258\n|move|p1a: Charizard|Protect||[still]\n|-fail|p1a: Charizard\n|move|p2a: Aerodactyl|Rock Slide|p1b: Aegislash|[spread] p1a,p1b\n|-supereffective|p1a: Charizard|2\n|-resisted|p1b: Aegislash|1\n|-damage|p1a: Charizard|0 fnt\n|-damage|p1b: Aegislash|88/100\n|faint|p1a: Charizard\n|move|p2b: Archaludon|Dragon Pulse|p1b: Aegislash\n|-resisted|p1b: Aegislash|1\n|-damage|p1b: Aegislash|47/100\n|cant|p1b: Aegislash|flinch\n|\n|-weather|SunnyDay|[upkeep]\n|upkeep\n|turn|8\n|-message|Carlceus forfeited.\n|\n|win|test66669999\n|raw|Carlceus's rating: 1443 &rarr; <strong>1425</strong><br />(-18 for losing)\n|raw|test66669999's rating: 1475 &rarr; <strong>1493</strong><br />(+18 for winning)\n|l|\u2606Carlceus\n|player|p1|\n|l|\u2606test66669999\n|player|p2|\n",
  "uploadtime": 1776507311,
  "views": 28,
  "formatid": "gen9championsvgc2026regma",
  "rating": 1425,
  "private": 0,
  "password": null
}