{
  "id": "gen9championsvgc2026regma-2585436050",
  "format": "[Gen 9 Champions] VGC 2026 Reg M-A",
  "players": [
    "Smirkc_01",
    "Chrispepe69"
  ],
  "log": "|j|\u2606Smirkc_01\n|j|\u2606Chrispepe69\n|t:|1776347157\n|gametype|doubles\n|player|p1|Smirkc_01|veteran|1213\n|player|p2|Chrispepe69|benga|1131\n|gen|9\n|tier|[Gen 9 Champions] VGC 2026 Reg M-A\n|rated|\n|rule|Species Clause: Limit one of each Pok\u00e9mon\n|rule|Item Clause: Limit 1 of each item\n|clearpoke\n|poke|p1|Gardevoir, L50, M|\n|poke|p1|Kingambit, L50, M|\n|poke|p1|Sneasler, L50, F|\n|poke|p1|Aerodactyl, L50, M|\n|poke|p1|Incineroar, L50, M|\n|poke|p1|Sinistcha, L50|\n|poke|p2|Aerodactyl, L50, M|\n|poke|p2|Garchomp, L50, M|\n|poke|p2|Floette-Eternal, L50, F|\n|poke|p2|Milotic, L50, F|\n|poke|p2|Scizor, L50, M|\n|poke|p2|Incineroar, L50, F|\n|teampreview|4\n|inactive|Battle timer is ON: inactive players will automatically lose when time's up. (requested by Smirkc_01)\n|\n|t:|1776347182\n|teamsize|p1|4\n|teamsize|p2|4\n|start\n|switch|p1a: Aerodactyl|Aerodactyl, L50, M|100/100\n|switch|p1b: Sneasler|Sneasler, L50, F|100/100\n|switch|p2a: Milotic|Milotic, L50, F|100/100\n|switch|p2b: Scizor|Scizor, L50, M|100/100\n|-ability|p1a: Aerodactyl|Unnerve\n|turn|1\n|\n|t:|1776347199\n|move|p1b: Sneasler|Fake Out|p2a: Milotic\n|-damage|p2a: Milotic|87/100\n|move|p2b: Scizor|Bullet Punch|p1a: Aerodactyl\n|-supereffective|p1a: Aerodactyl|1\n|-enditem|p1a: Aerodactyl|Focus Sash\n|-damage|p1a: Aerodactyl|1/100\n|move|p1a: Aerodactyl|Dual Wingbeat|p2b: Scizor\n|-damage|p2b: Scizor|82/100\n|-damage|p2b: Scizor|63/100\n|-hitcount|p2b: Scizor|2\n|cant|p2a: Milotic|flinch\n|\n|-heal|p2a: Milotic|93/100|[from] item: Leftovers\n|upkeep\n|turn|2\n|\n|t:|1776347218\n|move|p1a: Aerodactyl|Protect|p1a: Aerodactyl\n|-singleturn|p1a: Aerodactyl|Protect\n|move|p2b: Scizor|Bullet Punch|p1a: Aerodactyl\n|-activate|p1a: Aerodactyl|move: Protect\n|move|p1b: Sneasler|Dire Claw|p2a: Milotic\n|-damage|p2a: Milotic|54/100\n|move|p2a: Milotic|Icy Wind|p1a: Aerodactyl|[spread] p1b\n|-activate|p1a: Aerodactyl|move: Protect\n|-damage|p1b: Sneasler|87/100\n|-unboost|p1b: Sneasler|spe|1\n|-enditem|p1b: Sneasler|White Herb\n|-clearnegativeboost|p1b: Sneasler|[silent]\n|\n|-heal|p2a: Milotic|60/100|[from] item: Leftovers\n|upkeep\n|turn|3\n|inactive|Smirkc_01 has 30 seconds left.\n|\n|t:|1776347251\n|switch|p1a: Incineroar|Incineroar, L50, M|100/100\n|-ability|p1a: Incineroar|Intimidate|boost\n|-unboost|p2a: Milotic|atk|1\n|-ability|p2a: Milotic|Competitive|boost\n|-boost|p2a: Milotic|spa|2\n|-unboost|p2b: Scizor|atk|1\n|move|p2b: Scizor|Bullet Punch|p1a: Incineroar\n|-resisted|p1a: Incineroar|1\n|-damage|p1a: Incineroar|90/100\n|move|p1b: Sneasler|Close Combat|p2a: Milotic\n|-damage|p2a: Milotic|4/100\n|-unboost|p1b: Sneasler|def|1\n|-unboost|p1b: Sneasler|spd|1\n|move|p2a: Milotic|Life Dew|p2a: Milotic|[spread] p2a,p2b\n|-heal|p2a: Milotic|29/100\n|-heal|p2b: Scizor|88/100\n|\n|-heal|p2a: Milotic|35/100|[from] item: Leftovers\n|upkeep\n|turn|4\n|inactive|Smirkc_01 has 30 seconds left.\n|\n|t:|1776347281\n|switch|p2b: Incineroar|Incineroar, L50, F|100/100\n|-ability|p2b: Incineroar|Intimidate|boost\n|-unboost|p1a: Incineroar|atk|1\n|-unboost|p1b: Sneasler|atk|1\n|move|p2a: Milotic|Protect|p2a: Milotic\n|-singleturn|p2a: Milotic|Protect\n|move|p1b: Sneasler|Dire Claw|p2a: Milotic\n|-activate|p2a: Milotic|move: Protect\n|move|p1a: Incineroar|Parting Shot|p2b: Incineroar\n|-unboost|p2b: Incineroar|atk|1\n|-unboost|p2b: Incineroar|spa|1\n|\n|t:|1776347294\n|switch|p1a: Gardevoir|Gardevoir, L50, M, shiny|100/100|[from] Parting Shot\n|\n|-heal|p2a: Milotic|41/100|[from] item: Leftovers\n|upkeep\n|turn|5\n|\n|t:|1776347311\n|detailschange|p1a: Gardevoir|Gardevoir-Mega, L50, M, shiny\n|-mega|p1a: Gardevoir|Gardevoir|Gardevoirite\n|move|p2b: Incineroar|Fake Out|p1a: Gardevoir\n|-damage|p1a: Gardevoir|90/100\n|move|p1b: Sneasler|Close Combat|p2a: Milotic\n|-damage|p2a: Milotic|6/100\n|-unboost|p1b: Sneasler|def|1\n|-unboost|p1b: Sneasler|spd|1\n|cant|p1a: Gardevoir|flinch\n|move|p2a: Milotic|Icy Wind|p1b: Sneasler|[spread] p1a,p1b\n|-damage|p1a: Gardevoir|74/100\n|-damage|p1b: Sneasler|33/100\n|-unboost|p1a: Gardevoir|spe|1\n|-unboost|p1b: Sneasler|spe|1\n|\n|-heal|p2a: Milotic|12/100|[from] item: Leftovers\n|upkeep\n|turn|6\n|\n|t:|1776347329\n|move|p2a: Milotic|Protect|p2a: Milotic\n|-singleturn|p2a: Milotic|Protect\n|move|p1b: Sneasler|Close Combat|p2b: Incineroar\n|-supereffective|p2b: Incineroar|1\n|-damage|p2b: Incineroar|26/100\n|-unboost|p1b: Sneasler|def|1\n|-unboost|p1b: Sneasler|spd|1\n|-enditem|p2b: Incineroar|Sitrus Berry|[eat]\n|-heal|p2b: Incineroar|51/100|[from] item: Sitrus Berry\n|move|p1a: Gardevoir|Hyper Voice|p2b: Incineroar|[spread] p2b\n|-activate|p2a: Milotic|move: Protect\n|-damage|p2b: Incineroar|14/100\n|move|p2b: Incineroar|Parting Shot|p1a: Gardevoir\n|-unboost|p1a: Gardevoir|atk|1\n|-unboost|p1a: Gardevoir|spa|1\n|\n|t:|1776347337\n|switch|p2b: Scizor|Scizor, L50, M|88/100|[from] Parting Shot\n|\n|-heal|p2a: Milotic|18/100|[from] item: Leftovers\n|upkeep\n|turn|7\n|\n|t:|1776347351\n|switch|p1a: Incineroar|Incineroar, L50, M|90/100\n|-ability|p1a: Incineroar|Intimidate|boost\n|-unboost|p2a: Milotic|atk|1\n|-ability|p2a: Milotic|Competitive|boost\n|-boost|p2a: Milotic|spa|2\n|-unboost|p2b: Scizor|atk|1\n|move|p2b: Scizor|Bullet Punch|p1a: Incineroar\n|-resisted|p1a: Incineroar|1\n|-damage|p1a: Incineroar|80/100\n|move|p1b: Sneasler|Dire Claw|p2a: Milotic\n|-damage|p2a: Milotic|0 fnt\n|faint|p2a: Milotic\n|\n|upkeep\n|\n|t:|1776347362\n|switch|p2a: Incineroar|Incineroar, L50, F|14/100\n|-ability|p2a: Incineroar|Intimidate|boost\n|-unboost|p1a: Incineroar|atk|1\n|-unboost|p1b: Sneasler|atk|1\n|turn|8\n|inactive|Smirkc_01 has 30 seconds left.\n|\n|t:|1776347396\n|switch|p1b: Aerodactyl|Aerodactyl, L50, M|1/100\n|-ability|p1b: Aerodactyl|Unnerve\n|move|p1a: Incineroar|Fake Out|p2a: Incineroar\n|-damage|p2a: Incineroar|8/100\n|cant|p2a: Incineroar|flinch\n|move|p2b: Scizor|Swords Dance|p2b: Scizor\n|-boost|p2b: Scizor|atk|2\n|\n|upkeep\n|turn|9\n|inactive|Chrispepe69 has 30 seconds left.\n|\n|t:|1776347427\n|move|p1b: Aerodactyl|Dual Wingbeat|p2a: Incineroar\n|-damage|p2a: Incineroar|0 fnt\n|faint|p2a: Incineroar\n|-hitcount|p2: Incineroar|1\n|move|p2b: Scizor|Bug Bite|p1a: Incineroar\n|-damage|p1a: Incineroar|22/100\n|-enditem|p1a: Incineroar|Sitrus Berry|[from] stealeat|[move] Bug Bite|[of] p2b: Scizor\n|-heal|p2b: Scizor|100/100|[from] item: Sitrus Berry\n|move|p1a: Incineroar|Flare Blitz|p2b: Scizor\n|-supereffective|p2b: Scizor|2\n|-damage|p2b: Scizor|0 fnt\n|faint|p2b: Scizor\n|-damage|p1a: Incineroar|0 fnt|[from] Recoil\n|faint|p1a: Incineroar\n|\n|upkeep\n|\n|t:|1776347447\n|switch|p1a: Sneasler|Sneasler, L50, F|33/100\n|switch|p2a: Floette|Floette-Eternal, L50, F|100/100\n|turn|10\n|\n|t:|1776347457\n|detailschange|p2a: Floette|Floette-Mega, L50, F\n|-mega|p2a: Floette|Floette|Floettite\n|-ability|p2a: Floette|Fairy Aura\n|move|p2a: Floette|Protect|p2a: Floette\n|-singleturn|p2a: Floette|Protect\n|move|p1a: Sneasler|Fake Out|p2a: Floette\n|-activate|p2a: Floette|move: Protect\n|move|p1b: Aerodactyl|Tailwind|p1b: Aerodactyl\n|-sidestart|p1: Smirkc_01|move: Tailwind\n|\n|upkeep\n|turn|11\n|\n|t:|1776347477\n|move|p1b: Aerodactyl|Rock Slide|p2a: Floette\n|-damage|p2a: Floette|61/100\n|move|p1a: Sneasler|Dire Claw|p2a: Floette\n|-supereffective|p2a: Floette|1\n|-damage|p2a: Floette|0 fnt\n|faint|p2a: Floette\n|\n|win|Smirkc_01\n|raw|Smirkc_01's rating: 1213 &rarr; <strong>1232</strong><br />(+19 for winning)\n|raw|Chrispepe69's rating: 1131 &rarr; <strong>1112</strong><br />(-19 for losing)\n|l|\u2606Chrispepe69\n|player|p2|\n",
  "uploadtime": 1776347497,
  "views": 30,
  "formatid": "gen9championsvgc2026regma",
  "rating": 1112,
  "private": 0,
  "password": null
}