{
  "id": "gen9championsvgc2026regma-2581307365",
  "format": "[Gen 9 Champions] VGC 2026 Reg M-A",
  "players": [
    "lemond",
    "bmartdaking"
  ],
  "log": "|j|\u2606lemond\n|j|\u2606bmartdaking\n|t:|1775984413\n|gametype|doubles\n|player|p1|lemond|102|1224\n|player|p2|bmartdaking|265|1288\n|gen|9\n|tier|[Gen 9 Champions] VGC 2026 Reg M-A\n|rated|\n|rule|Species Clause: Limit one of each Pok\u00e9mon\n|rule|Item Clause: Limit 1 of each item\n|clearpoke\n|poke|p1|Tyranitar, L50, F|\n|poke|p1|Excadrill, L50, M|\n|poke|p1|Gyarados, L50, F|\n|poke|p1|Gardevoir, L50, M|\n|poke|p1|Sinistcha, L50|\n|poke|p1|Rotom-Heat, L50|\n|poke|p2|Oranguru, L50, M|\n|poke|p2|Gardevoir, L50, F|\n|poke|p2|Incineroar, L50, F|\n|poke|p2|Sinistcha, L50|\n|poke|p2|Venusaur, L50, F|\n|poke|p2|Torkoal, L50, F|\n|teampreview|4\n|inactive|Battle timer is ON: inactive players will automatically lose when time's up. (requested by lemond)\n|inactive|bmartdaking has 60 seconds left.\n|\n|t:|1775984450\n|teamsize|p1|4\n|teamsize|p2|4\n|start\n|switch|p1a: Excadrill|Excadrill, L50, M|100/100\n|switch|p1b: Tyranitar|Tyranitar, L50, F|100/100\n|switch|p2a: Gardevoir|Gardevoir, L50, F|100/100\n|switch|p2b: Oranguru|Oranguru, L50, M|100/100\n|-weather|Sandstorm|[from] ability: Sand Stream|[of] p1b: Tyranitar\n|-ability|p2a: Gardevoir|Sand Rush|Trace|[from] ability: Trace|[of] p1a: Excadrill\n|turn|1\n|inactive|lemond has 30 seconds left.\n|inactive|bmartdaking has 30 seconds left.\n|inactive|bmartdaking has 20 seconds left.\n|\n|t:|1775984487\n|detailschange|p1b: Tyranitar|Tyranitar-Mega, L50, F\n|-mega|p1b: Tyranitar|Tyranitar|Tyranitarite\n|move|p2a: Gardevoir|Protect|p2a: Gardevoir\n|-singleturn|p2a: Gardevoir|Protect\n|move|p1a: Excadrill|Iron Head|p2a: Gardevoir\n|-activate|p2a: Gardevoir|move: Protect\n|move|p1b: Tyranitar|Crunch|p2b: Oranguru\n|-supereffective|p2b: Oranguru|1\n|-damage|p2b: Oranguru|26/100\n|-unboost|p2b: Oranguru|def|1\n|move|p2b: Oranguru|Trick Room|p2b: Oranguru\n|-fieldstart|move: Trick Room|[of] p2b: Oranguru\n|\n|-weather|Sandstorm|[upkeep]\n|-damage|p2b: Oranguru|20/100|[from] Sandstorm\n|upkeep\n|turn|2\n|inactive|bmartdaking has 30 seconds left.\n|j| gE1xjZRtuhW2DdT0AK\n|inactive|bmartdaking has 20 seconds left.\n|\n|t:|1775984524\n|switch|p2b: Sinistcha|Sinistcha, L50|100/100\n|switch|p2a: Incineroar|Incineroar, L50, F|100/100\n|-ability|p2a: Incineroar|Intimidate|boost\n|-unboost|p1a: Excadrill|atk|1\n|-unboost|p1b: Tyranitar|atk|1\n|move|p1b: Tyranitar|Protect|p1b: Tyranitar\n|-singleturn|p1b: Tyranitar|Protect\n|move|p1a: Excadrill|Iron Head|p2a: Incineroar\n|-resisted|p2a: Incineroar|1\n|-damage|p2a: Incineroar|88/100\n|\n|-weather|Sandstorm|[upkeep]\n|-damage|p2a: Incineroar|82/100|[from] Sandstorm\n|-damage|p2b: Sinistcha|94/100|[from] Sandstorm\n|upkeep\n|turn|3\n|\n|t:|1775984543\n|switch|p1a: Gyarados|Gyarados, L50, F|100/100\n|-ability|p1a: Gyarados|Intimidate|boost\n|-unboost|p2a: Incineroar|atk|1\n|-unboost|p2b: Sinistcha|atk|1\n|move|p2a: Incineroar|Fake Out|p1a: Gyarados\n|-damage|p1a: Gyarados|94/100\n|move|p2b: Sinistcha|Strength Sap|p1b: Tyranitar\n|-unboost|p1b: Tyranitar|atk|1\n|-heal|p2b: Sinistcha|100/100\n|move|p1b: Tyranitar|Crunch|p2b: Sinistcha\n|-supereffective|p2b: Sinistcha|1\n|-damage|p2b: Sinistcha|60/100\n|\n|-weather|Sandstorm|[upkeep]\n|-damage|p2a: Incineroar|76/100|[from] Sandstorm\n|-damage|p2b: Sinistcha|54/100|[from] Sandstorm\n|-damage|p1a: Gyarados|88/100|[from] Sandstorm\n|-heal|p1a: Gyarados|94/100|[from] item: Leftovers\n|upkeep\n|turn|4\n|inactive|lemond has 30 seconds left.\n|\n|t:|1775984576\n|switch|p1b: Rotom|Rotom-Heat, L50|100/100\n|move|p2a: Incineroar|Parting Shot|p1a: Gyarados\n|-unboost|p1a: Gyarados|atk|1\n|-unboost|p1a: Gyarados|spa|1\n|\n|t:|1775984596\n|switch|p2a: Gardevoir|Gardevoir, L50, F|100/100|[from] Parting Shot\n|-ability|p2a: Gardevoir|Intimidate|Trace|[from] ability: Trace|[of] p1a: Gyarados\n|-ability|p2a: Gardevoir|Intimidate|boost\n|-unboost|p1a: Gyarados|atk|1\n|-unboost|p1b: Rotom|atk|1\n|move|p2b: Sinistcha|Strength Sap|p1a: Gyarados\n|-unboost|p1a: Gyarados|atk|1\n|-heal|p2b: Sinistcha|95/100\n|move|p1a: Gyarados|Waterfall|p2a: Gardevoir\n|-damage|p2a: Gardevoir|84/100\n|\n|-weather|Sandstorm|[upkeep]\n|-damage|p2b: Sinistcha|89/100|[from] Sandstorm\n|-damage|p2a: Gardevoir|78/100|[from] Sandstorm\n|-damage|p1a: Gyarados|88/100|[from] Sandstorm\n|-damage|p1b: Rotom|95/100|[from] Sandstorm\n|-heal|p1a: Gyarados|94/100|[from] item: Leftovers\n|upkeep\n|turn|5\n|inactive|lemond has 30 seconds left.\n|\n|t:|1775984625\n|detailschange|p2a: Gardevoir|Gardevoir-Mega, L50, F\n|-mega|p2a: Gardevoir|Gardevoir|Gardevoirite\n|move|p2b: Sinistcha|Matcha Gotcha|p1a: Gyarados|[spread] p1a,p1b\n|-resisted|p1b: Rotom|1\n|-damage|p1a: Gyarados|76/100\n|-heal|p2b: Sinistcha|99/100|[from] drain|[of] p1a: Gyarados\n|-damage|p1b: Rotom|80/100\n|-heal|p2b: Sinistcha|100/100|[from] drain|[of] p1b: Rotom\n|-status|p1a: Gyarados|brn\n|move|p1a: Gyarados|Thunder Wave|p2a: Gardevoir\n|-status|p2a: Gardevoir|par\n|move|p2a: Gardevoir|Hyper Voice|p1b: Rotom|[spread] p1a,p1b\n|-resisted|p1b: Rotom|1\n|-damage|p1a: Gyarados|38/100 brn\n|-damage|p1b: Rotom|47/100\n|move|p1b: Rotom|Volt Switch|p2a: Gardevoir\n|-damage|p2a: Gardevoir|49/100 par\n|\n|t:|1775984644\n|switch|p1b: Excadrill|Excadrill, L50, M|100/100|[from] Volt Switch\n|\n|-weather|none\n|-heal|p1a: Gyarados|44/100 brn|[from] item: Leftovers\n|-damage|p1a: Gyarados|38/100 brn|[from] brn\n|-fieldend|move: Trick Room\n|upkeep\n|turn|6\n|\n|t:|1775984660\n|switch|p1a: Tyranitar|Tyranitar-Mega, L50, F|100/100\n|-weather|Sandstorm|[from] ability: Sand Stream|[of] p1a: Tyranitar\n|switch|p2a: Incineroar|Incineroar, L50, F|76/100\n|-ability|p2a: Incineroar|Intimidate|boost\n|-unboost|p1a: Tyranitar|atk|1\n|-unboost|p1b: Excadrill|atk|1\n|move|p1b: Excadrill|Iron Head|p2a: Incineroar\n|-resisted|p2a: Incineroar|1\n|-damage|p2a: Incineroar|63/100\n|move|p2b: Sinistcha|Strength Sap|p1b: Excadrill\n|-unboost|p1b: Excadrill|atk|1\n|\n|-weather|Sandstorm|[upkeep]\n|-damage|p2b: Sinistcha|94/100|[from] Sandstorm\n|-damage|p2a: Incineroar|57/100|[from] Sandstorm\n|upkeep\n|turn|7\n|inactive|lemond has 30 seconds left.\n|inactive|lemond has 20 seconds left.\n|\n|t:|1775984697\n|switch|p1b: Rotom|Rotom-Heat, L50|47/100\n|switch|p1a: Gyarados|Gyarados, L50, F|38/100 brn\n|-ability|p1a: Gyarados|Intimidate|boost\n|-unboost|p2a: Incineroar|atk|1\n|-unboost|p2b: Sinistcha|atk|1\n|move|p2a: Incineroar|Fake Out|p1a: Gyarados\n|-damage|p1a: Gyarados|31/100 brn\n|move|p2b: Sinistcha|Strength Sap|p1b: Rotom\n|-unboost|p1b: Rotom|atk|1\n|-heal|p2b: Sinistcha|100/100\n|\n|-weather|Sandstorm|[upkeep]\n|-damage|p1b: Rotom|41/100|[from] Sandstorm\n|-damage|p1a: Gyarados|25/100 brn|[from] Sandstorm\n|-damage|p2b: Sinistcha|94/100|[from] Sandstorm\n|-damage|p2a: Incineroar|51/100|[from] Sandstorm\n|-heal|p1a: Gyarados|31/100 brn|[from] item: Leftovers\n|-damage|p1a: Gyarados|25/100 brn|[from] brn\n|upkeep\n|turn|8\n|\n|t:|1775984717\n|move|p1b: Rotom|Overheat|p2b: Sinistcha\n|-supereffective|p2b: Sinistcha|1\n|-damage|p2b: Sinistcha|0 fnt\n|-unboost|p1b: Rotom|spa|2\n|faint|p2b: Sinistcha\n|move|p1a: Gyarados|Waterfall|p2a: Incineroar\n|-supereffective|p2a: Incineroar|1\n|-damage|p2a: Incineroar|19/100\n|move|p2a: Incineroar|Parting Shot|p1b: Rotom\n|-unboost|p1b: Rotom|atk|1\n|-unboost|p1b: Rotom|spa|1\n|\n|t:|1775984722\n|switch|p2a: Gardevoir|Gardevoir-Mega, L50, F|49/100 par|[from] Parting Shot\n|\n|-weather|Sandstorm|[upkeep]\n|-damage|p1b: Rotom|35/100|[from] Sandstorm\n|-damage|p1a: Gyarados|19/100 brn|[from] Sandstorm\n|-damage|p2a: Gardevoir|43/100 par|[from] Sandstorm\n|-heal|p1a: Gyarados|25/100 brn|[from] item: Leftovers\n|-damage|p1a: Gyarados|19/100 brn|[from] brn\n|upkeep\n|\n|t:|1775984726\n|switch|p2b: Oranguru|Oranguru, L50, M|20/100\n|turn|9\n|\n|t:|1775984739\n|move|p2a: Gardevoir|Protect|p2a: Gardevoir\n|-singleturn|p2a: Gardevoir|Protect\n|move|p1b: Rotom|Overheat|p2a: Gardevoir\n|-activate|p2a: Gardevoir|move: Protect\n|move|p1a: Gyarados|Waterfall|p2a: Gardevoir\n|-activate|p2a: Gardevoir|move: Protect\n|move|p2b: Oranguru|Trick Room|p2b: Oranguru\n|-fieldstart|move: Trick Room|[of] p2b: Oranguru\n|\n|-weather|Sandstorm|[upkeep]\n|-damage|p2a: Gardevoir|37/100 par|[from] Sandstorm\n|-damage|p2b: Oranguru|14/100|[from] Sandstorm\n|-damage|p1a: Gyarados|13/100 brn|[from] Sandstorm\n|-damage|p1b: Rotom|29/100|[from] Sandstorm\n|-heal|p1a: Gyarados|19/100 brn|[from] item: Leftovers\n|-damage|p1a: Gyarados|13/100 brn|[from] brn\n|upkeep\n|turn|10\n|\n|t:|1775984762\n|cant|p2a: Gardevoir|par\n|move|p2b: Oranguru|Foul Play|p1b: Rotom\n|-damage|p1b: Rotom|19/100\n|move|p1a: Gyarados|Waterfall|p2a: Gardevoir\n|-damage|p2a: Gardevoir|14/100 par\n|move|p1b: Rotom|Overheat|p2a: Gardevoir\n|-damage|p2a: Gardevoir|0 fnt\n|-unboost|p1b: Rotom|spa|2\n|faint|p2a: Gardevoir\n|\n|-weather|none\n|-heal|p1a: Gyarados|19/100 brn|[from] item: Leftovers\n|-damage|p1a: Gyarados|13/100 brn|[from] brn\n|upkeep\n|-message|bmartdaking forfeited.\n|\n|win|lemond\n|raw|lemond's rating: 1224 &rarr; <strong>1254</strong><br />(+30 for winning)\n|raw|bmartdaking's rating: 1288 &rarr; <strong>1258</strong><br />(-30 for losing)\n|l|\u2606bmartdaking\n|player|p2|\n",
  "uploadtime": 1775984776,
  "views": 20,
  "formatid": "gen9championsvgc2026regma",
  "rating": 1254,
  "private": 0,
  "password": null
}