{
  "id": "gen9championsvgc2026regma-2586586936",
  "format": "[Gen 9 Champions] VGC 2026 Reg M-A",
  "players": [
    "minus123123123",
    "Sammias"
  ],
  "log": "|j|\u2606minus123123123\n|j|\u2606Sammias\n|t:|1776445028\n|gametype|doubles\n|player|p1|minus123123123|rocketgrunt|1232\n|player|p2|Sammias|miku-ground|1181\n|gen|9\n|tier|[Gen 9 Champions] VGC 2026 Reg M-A\n|rated|\n|rule|Species Clause: Limit one of each Pok\u00e9mon\n|rule|Item Clause: Limit 1 of each item\n|clearpoke\n|poke|p1|Jolteon, L50, M|\n|poke|p1|Froslass, L50, F|\n|poke|p1|Arcanine-Hisui, L50, F|\n|poke|p1|Sneasler, L50, M|\n|poke|p1|Hydreigon, L50, F|\n|poke|p1|Garchomp, L50, F|\n|poke|p2|Typhlosion-Hisui, L50, M|\n|poke|p2|Whimsicott, L50, F|\n|poke|p2|Floette-Eternal, L50, F|\n|poke|p2|Sinistcha, L50|\n|poke|p2|Aerodactyl, L50, F|\n|poke|p2|Garchomp, L50, F|\n|teampreview|4\n|inactive|Battle timer is ON: inactive players will automatically lose when time's up. (requested by Sammias)\n|inactive|minus123123123 has 60 seconds left.\n|inactive|Sammias has 60 seconds left.\n|inactive|Sammias has 30 seconds left.\n|\n|t:|1776445094\n|teamsize|p1|4\n|teamsize|p2|4\n|start\n|switch|p1a: Jolteon|Jolteon, L50, M, shiny|100/100\n|switch|p1b: Froslass|Froslass, L50, F, shiny|100/100\n|switch|p2a: Whimsicott|Whimsicott, L50, F, shiny|100/100\n|switch|p2b: Garchomp|Garchomp, L50, F|100/100\n|turn|1\n|inactive|minus123123123 has 30 seconds left.\n|inactive|minus123123123 has 20 seconds left.\n|inactive|minus123123123 has 15 seconds left.\n|\n|t:|1776445137\n|switch|p1a: Hydreigon|Hydreigon, L50, F|100/100\n|detailschange|p1b: Froslass|Froslass-Mega, L50, F, shiny\n|-mega|p1b: Froslass|Froslass|Froslassite\n|-weather|Snowscape|[from] ability: Snow Warning|[of] p1b: Froslass\n|move|p2b: Garchomp|Protect|p2b: Garchomp\n|-singleturn|p2b: Garchomp|Protect\n|move|p2a: Whimsicott|Tailwind|p2a: Whimsicott\n|-sidestart|p2: Sammias|move: Tailwind\n|move|p1b: Froslass|Blizzard|p2b: Garchomp|[spread] p2a\n|-activate|p2b: Garchomp|move: Protect\n|-supereffective|p2a: Whimsicott|1\n|-enditem|p2a: Whimsicott|Focus Sash\n|-damage|p2a: Whimsicott|1/100\n|\n|-weather|Snowscape|[upkeep]\n|upkeep\n|turn|2\n|inactive|minus123123123 has 30 seconds left.\n|inactive|minus123123123 has 20 seconds left.\n|\n|t:|1776445177\n|move|p1a: Hydreigon|Protect|p1a: Hydreigon\n|-singleturn|p1a: Hydreigon|Protect\n|move|p2a: Whimsicott|Moonblast|p1a: Hydreigon\n|-activate|p1a: Hydreigon|move: Protect\n|move|p2b: Garchomp|Rock Slide|p1a: Hydreigon|[spread] p1b\n|-activate|p1a: Hydreigon|move: Protect\n|-supereffective|p1b: Froslass|1\n|-damage|p1b: Froslass|55/100\n|move|p1b: Froslass|Blizzard|p2a: Whimsicott|[spread] p2a,p2b\n|-supereffective|p2a: Whimsicott|1\n|-crit|p2a: Whimsicott\n|-supereffective|p2b: Garchomp|2\n|-damage|p2a: Whimsicott|0 fnt\n|-damage|p2b: Garchomp|0 fnt\n|faint|p2a: Whimsicott\n|faint|p2b: Garchomp\n|\n|-weather|Snowscape|[upkeep]\n|upkeep\n|\n|t:|1776445191\n|switch|p2a: Typhlosion|Typhlosion-Hisui, L50, M|100/100\n|switch|p2b: Floette|Floette-Eternal, L50, F|100/100\n|turn|3\n|inactive|minus123123123 has 30 seconds left.\n|inactive|minus123123123 has 20 seconds left.\n|inactive|minus123123123 has 15 seconds left.\n|\n|t:|1776445238\n|detailschange|p2b: Floette|Floette-Mega, L50, F\n|-mega|p2b: Floette|Floette|Floettite\n|-ability|p2b: Floette|Fairy Aura\n|move|p1b: Froslass|Protect|p1b: Froslass\n|-singleturn|p1b: Froslass|Protect\n|move|p2a: Typhlosion|Eruption|p1b: Froslass|[spread] p1a\n|-activate|p1b: Froslass|move: Protect\n|-resisted|p1a: Hydreigon|1\n|-damage|p1a: Hydreigon|66/100\n|move|p2b: Floette|Dazzling Gleam|p1b: Froslass|[spread] p1a\n|-activate|p1b: Froslass|move: Protect\n|-supereffective|p1a: Hydreigon|2\n|-damage|p1a: Hydreigon|0 fnt\n|faint|p1a: Hydreigon\n|\n|-weather|Snowscape|[upkeep]\n|upkeep\n|inactive|minus123123123 has 30 seconds left.\n|inactive|minus123123123 has 20 seconds left.\n|inactive|minus123123123 has 15 seconds left.\n|inactive|minus123123123 has 10 seconds left.\n|inactive|minus123123123 has 5 seconds left.\n|\n|t:|1776445289\n|switch|p1a: Sneasler|Sneasler, L50, M|100/100\n|turn|4\n|inactive|minus123123123 has 30 seconds left.\n|\n|t:|1776445319\n|move|p1a: Sneasler|Protect|p1a: Sneasler\n|-singleturn|p1a: Sneasler|Protect\n|move|p2a: Typhlosion|Eruption|p1b: Froslass|[spread] p1b\n|-activate|p1a: Sneasler|move: Protect\n|-supereffective|p1b: Froslass|1\n|-damage|p1b: Froslass|0 fnt\n|faint|p1b: Froslass\n|move|p2b: Floette|Dazzling Gleam|p1a: Sneasler\n|-activate|p1a: Sneasler|move: Protect\n|\n|-weather|Snowscape|[upkeep]\n|-sideend|p2: Sammias|move: Tailwind\n|upkeep\n|\n|t:|1776445326\n|switch|p1b: Jolteon|Jolteon, L50, M, shiny|100/100\n|turn|5\n|\n|t:|1776445351\n|move|p2b: Floette|Protect|p2b: Floette\n|-singleturn|p2b: Floette|Protect\n|move|p2a: Typhlosion|Eruption|p1b: Jolteon|[spread] p1a,p1b\n|-damage|p1a: Sneasler|15/100\n|-damage|p1b: Jolteon|27/100\n|move|p1b: Jolteon|Fake Tears|p2a: Typhlosion\n|-unboost|p2a: Typhlosion|spd|2\n|move|p1a: Sneasler|Dire Claw|p2b: Floette\n|-activate|p2b: Floette|move: Protect\n|\n|-weather|none\n|upkeep\n|turn|6\n|\n|t:|1776445368\n|move|p2a: Typhlosion|Eruption|p1a: Sneasler|[spread] p1a,p1b\n|-damage|p1a: Sneasler|0 fnt\n|-damage|p1b: Jolteon|0 fnt\n|faint|p1a: Sneasler\n|faint|p1b: Jolteon\n|\n|win|Sammias\n|raw|minus123123123's rating: 1232 &rarr; <strong>1203</strong><br />(-29 for losing)\n|raw|Sammias's rating: 1181 &rarr; <strong>1210</strong><br />(+29 for winning)\n",
  "uploadtime": 1776445388,
  "views": 33,
  "formatid": "gen9championsvgc2026regma",
  "rating": 1203,
  "private": 0,
  "password": null
}