{
  "id": "gen9championsvgc2026regma-2582841305",
  "format": "[Gen 9 Champions] VGC 2026 Reg M-A",
  "players": [
    "Mentalsyndrome",
    "zeroaryami"
  ],
  "log": "|j|\u2606Mentalsyndrome\n|j|\u2606zeroaryami\n|t:|1776118270\n|gametype|doubles\n|player|p1|Mentalsyndrome|101|1210\n|player|p2|zeroaryami|dawn|1268\n|gen|9\n|tier|[Gen 9 Champions] VGC 2026 Reg M-A\n|rated|\n|rule|Species Clause: Limit one of each Pok\u00e9mon\n|rule|Item Clause: Limit 1 of each item\n|clearpoke\n|poke|p1|Bastiodon, L50, M|\n|poke|p1|Hawlucha, L50, F|\n|poke|p1|Milotic, L50, M|\n|poke|p1|Excadrill, L50, M|\n|poke|p1|Farigiraf, L50, F|\n|poke|p1|Tyranitar, L50, F|\n|poke|p2|Floette-Eternal, L50, F|\n|poke|p2|Sinistcha, L50|\n|poke|p2|Garchomp, L50, M|\n|poke|p2|Rotom-Wash, L50|\n|poke|p2|Orthworm, L50, M|\n|poke|p2|Incineroar, L50, F|\n|teampreview|4\n|inactive|Battle timer is ON: inactive players will automatically lose when time's up. (requested by Mentalsyndrome)\n|\n|t:|1776118299\n|teamsize|p1|4\n|teamsize|p2|4\n|start\n|switch|p1a: Milotic|Milotic, L50, M|100/100\n|switch|p1b: Tyranitar|Tyranitar, L50, F|100/100\n|switch|p2a: Floette|Floette-Eternal, L50, F|100/100\n|switch|p2b: Sinistcha|Sinistcha, L50|100/100\n|-weather|Sandstorm|[from] ability: Sand Stream|[of] p1b: Tyranitar\n|turn|1\n|inactive|zeroaryami has 30 seconds left.\n|inactive|Mentalsyndrome has 30 seconds left.\n|\n|t:|1776118334\n|detailschange|p2a: Floette|Floette-Mega, L50, F\n|-mega|p2a: Floette|Floette|Floettite\n|-ability|p2a: Floette|Fairy Aura\n|detailschange|p1b: Tyranitar|Tyranitar-Mega, L50, F\n|-mega|p1b: Tyranitar|Tyranitar|Tyranitarite\n|move|p2a: Floette|Moonblast|p1a: Milotic\n|-damage|p1a: Milotic|46/100\n|move|p1b: Tyranitar|Crunch|p2b: Sinistcha\n|-supereffective|p2b: Sinistcha|1\n|-damage|p2b: Sinistcha|29/100\n|move|p1a: Milotic|Coil|p1a: Milotic\n|-boost|p1a: Milotic|atk|1\n|-boost|p1a: Milotic|def|1\n|-boost|p1a: Milotic|accuracy|1\n|move|p2b: Sinistcha|Matcha Gotcha|p1b: Tyranitar|[spread] p1a\n|-miss|p2b: Sinistcha|p1b: Tyranitar\n|-supereffective|p1a: Milotic|1\n|-damage|p1a: Milotic|15/100\n|-heal|p2b: Sinistcha|46/100|[from] drain|[of] p1a: Milotic\n|-status|p1a: Milotic|brn\n|\n|-weather|Sandstorm|[upkeep]\n|-damage|p2a: Floette|94/100|[from] Sandstorm\n|-damage|p1a: Milotic|9/100 brn|[from] Sandstorm\n|-damage|p2b: Sinistcha|40/100|[from] Sandstorm\n|-heal|p1a: Milotic|15/100 brn|[from] item: Leftovers\n|-heal|p2b: Sinistcha|46/100|[from] item: Leftovers\n|-damage|p1a: Milotic|9/100 brn|[from] brn\n|upkeep\n|turn|2\n|inactive|zeroaryami has 30 seconds left.\n|\n|t:|1776118369\n|move|p1b: Tyranitar|Protect|p1b: Tyranitar\n|-singleturn|p1b: Tyranitar|Protect\n|move|p2a: Floette|Moonblast|p1b: Tyranitar\n|-activate|p1b: Tyranitar|move: Protect\n|move|p1a: Milotic|Hypnosis|p2a: Floette\n|-status|p2a: Floette|slp|[from] move: Hypnosis\n|move|p2b: Sinistcha|Matcha Gotcha|p1a: Milotic|[spread] p1a\n|-activate|p1b: Tyranitar|move: Protect\n|-supereffective|p1a: Milotic|1\n|-damage|p1a: Milotic|0 fnt\n|-heal|p2b: Sinistcha|51/100|[from] drain|[of] p1a: Milotic\n|faint|p1a: Milotic\n|\n|-weather|Sandstorm|[upkeep]\n|-damage|p2a: Floette|88/100 slp|[from] Sandstorm\n|-damage|p2b: Sinistcha|45/100|[from] Sandstorm\n|-heal|p2b: Sinistcha|51/100|[from] item: Leftovers\n|upkeep\n|\n|t:|1776118374\n|switch|p1a: Excadrill|Excadrill, L50, M|100/100\n|turn|3\n|\n|t:|1776118385\n|move|p2b: Sinistcha|Rage Powder|p2b: Sinistcha\n|-singleturn|p2b: Sinistcha|move: Rage Powder\n|move|p1a: Excadrill|Iron Head|p2b: Sinistcha\n|-damage|p2b: Sinistcha|15/100\n|cant|p2a: Floette|slp\n|move|p1b: Tyranitar|Dragon Dance|p1b: Tyranitar\n|-boost|p1b: Tyranitar|atk|1\n|-boost|p1b: Tyranitar|spe|1\n|\n|-weather|Sandstorm|[upkeep]\n|-damage|p2a: Floette|82/100 slp|[from] Sandstorm\n|-damage|p2b: Sinistcha|9/100|[from] Sandstorm\n|-heal|p2b: Sinistcha|15/100|[from] item: Leftovers\n|upkeep\n|turn|4\n|\n|t:|1776118398\n|switch|p2a: Orthworm|Orthworm, L50, M|100/100\n|move|p1a: Excadrill|Rock Slide|p2b: Sinistcha|[spread] p2a,p2b\n|-resisted|p2a: Orthworm|1\n|-damage|p2a: Orthworm|94/100\n|-damage|p2b: Sinistcha|0 fnt\n|faint|p2b: Sinistcha\n|move|p1b: Tyranitar|Rock Slide|p2a: Orthworm\n|-resisted|p2a: Orthworm|1\n|-damage|p2a: Orthworm|71/100\n|\n|-weather|Sandstorm|[upkeep]\n|upkeep\n|\n|t:|1776118407\n|switch|p2b: Rotom|Rotom-Wash, L50|100/100\n|turn|5\n|\n|t:|1776118418\n|move|p1a: Excadrill|Rock Slide|p2a: Orthworm|[spread] p2a,p2b\n|-resisted|p2a: Orthworm|1\n|-damage|p2a: Orthworm|63/100\n|-damage|p2b: Rotom|77/100\n|move|p1b: Tyranitar|Rock Slide|p2b: Rotom|[spread] p2a,p2b\n|-resisted|p2a: Orthworm|1\n|-damage|p2a: Orthworm|48/100\n|-damage|p2b: Rotom|27/100\n|-enditem|p2a: Orthworm|Sitrus Berry|[eat]\n|-heal|p2a: Orthworm|73/100|[from] item: Sitrus Berry\n|move|p2b: Rotom|Hydro Pump|p1b: Tyranitar|[miss]\n|-miss|p2b: Rotom|p1b: Tyranitar\n|move|p2a: Orthworm|Iron Defense|p2a: Orthworm\n|-boost|p2a: Orthworm|def|2\n|\n|-weather|none\n|upkeep\n|turn|6\n|\n|t:|1776118441\n|move|p1b: Tyranitar|Rock Slide|p2a: Orthworm|[spread] p2a,p2b\n|-resisted|p2a: Orthworm|1\n|-damage|p2a: Orthworm|65/100\n|-damage|p2b: Rotom|0 fnt\n|faint|p2b: Rotom\n|move|p1a: Excadrill|Rock Slide|p2a: Orthworm\n|-resisted|p2a: Orthworm|1\n|-damage|p2a: Orthworm|61/100\n|cant|p2a: Orthworm|flinch\n|\n|upkeep\n|\n|t:|1776118449\n|switch|p2b: Floette|Floette-Mega, L50, F|82/100 slp\n|-ability|p2b: Floette|Fairy Aura\n|turn|7\n|\n|t:|1776118453\n|move|p1b: Tyranitar|Protect|p1b: Tyranitar\n|-singleturn|p1b: Tyranitar|Protect\n|cant|p2b: Floette|slp\n|move|p1a: Excadrill|Iron Head|p2b: Floette\n|-supereffective|p2b: Floette|1\n|-damage|p2b: Floette|0 fnt\n|faint|p2b: Floette\n|move|p2a: Orthworm|Body Press|p1b: Tyranitar\n|-activate|p1b: Tyranitar|move: Protect\n|\n|upkeep\n|turn|8\n|\n|t:|1776118459\n|move|p1b: Tyranitar|Rock Slide|p2a: Orthworm\n|-resisted|p2a: Orthworm|1\n|-damage|p2a: Orthworm|50/100\n|move|p1a: Excadrill|Rock Slide|p2a: Orthworm\n|-resisted|p2a: Orthworm|1\n|-damage|p2a: Orthworm|45/100\n|move|p2a: Orthworm|Body Press|p1b: Tyranitar\n|-supereffective|p1b: Tyranitar|2\n|-damage|p1b: Tyranitar|0 fnt\n|faint|p1b: Tyranitar\n|\n|upkeep\n|\n|t:|1776118462\n|switch|p1b: Farigiraf|Farigiraf, L50, F|100/100\n|turn|9\n|\n|t:|1776118471\n|move|p1b: Farigiraf|Ally Switch|p1b: Farigiraf\n|swap|p1b: Farigiraf|0|[from] move: Ally Switch\n|move|p1b: Excadrill|Rock Slide|p2a: Orthworm\n|-resisted|p2a: Orthworm|1\n|-damage|p2a: Orthworm|41/100\n|move|p2a: Orthworm|Body Press|p1b: Excadrill\n|-supereffective|p1b: Excadrill|1\n|-crit|p1b: Excadrill\n|-enditem|p1b: Excadrill|Focus Sash\n|-damage|p1b: Excadrill|1/100\n|\n|upkeep\n|turn|10\n|\n|t:|1776118481\n|move|p1a: Farigiraf|Helping Hand|p1b: Excadrill\n|-singleturn|p1b: Excadrill|Helping Hand|[of] p1a: Farigiraf\n|move|p1b: Excadrill|Rock Slide|p2a: Orthworm\n|-resisted|p2a: Orthworm|1\n|-damage|p2a: Orthworm|34/100\n|cant|p2a: Orthworm|flinch\n|\n|upkeep\n|turn|11\n|\n|t:|1776118488\n|move|p1a: Farigiraf|Helping Hand|p1b: Excadrill\n|-singleturn|p1b: Excadrill|Helping Hand|[of] p1a: Farigiraf\n|move|p1b: Excadrill|Rock Slide|p2a: Orthworm\n|-resisted|p2a: Orthworm|1\n|-damage|p2a: Orthworm|27/100\n|move|p2a: Orthworm|Body Press|p1a: Farigiraf\n|-damage|p1a: Farigiraf|43/100\n|\n|upkeep\n|turn|12\n|\n|t:|1776118493\n|move|p1b: Excadrill|Protect|p1b: Excadrill\n|-singleturn|p1b: Excadrill|Protect\n|move|p2a: Orthworm|Body Press|p1b: Excadrill\n|-activate|p1b: Excadrill|move: Protect\n|move|p1a: Farigiraf|Twin Beam|p2a: Orthworm\n|-resisted|p2a: Orthworm|1\n|-damage|p2a: Orthworm|17/100\n|-resisted|p2a: Orthworm|1\n|-damage|p2a: Orthworm|7/100\n|-hitcount|p2a: Orthworm|2\n|\n|upkeep\n|turn|13\n|\n|t:|1776118497\n|move|p1b: Excadrill|Rock Slide|p2a: Orthworm\n|-resisted|p2a: Orthworm|1\n|-damage|p2a: Orthworm|3/100\n|cant|p2a: Orthworm|flinch\n|move|p1a: Farigiraf|Twin Beam|p2a: Orthworm\n|-resisted|p2a: Orthworm|1\n|-damage|p2a: Orthworm|0 fnt\n|faint|p2a: Orthworm\n|-hitcount|p2: Orthworm|1\n|\n|win|Mentalsyndrome\n|raw|Mentalsyndrome's rating: 1210 &rarr; <strong>1239</strong><br />(+29 for winning)\n|raw|zeroaryami's rating: 1268 &rarr; <strong>1239</strong><br />(-29 for losing)\n",
  "uploadtime": 1776118499,
  "views": 29,
  "formatid": "gen9championsvgc2026regma",
  "rating": 1239,
  "private": 0,
  "password": null
}