{
  "id": "gen9championsvgc2026regma-2583380947",
  "format": "[Gen 9 Champions] VGC 2026 Reg M-A",
  "players": [
    "rocci",
    "lambjun"
  ],
  "log": "|j|\u2606rocci\n|j|\u2606lambjun\n|t:|1776171659\n|gametype|doubles\n|player|p1|rocci|beauty-gen4dp|1077\n|player|p2|lambjun|skierf-gen4dp|1129\n|gen|9\n|tier|[Gen 9 Champions] VGC 2026 Reg M-A\n|rated|\n|rule|Species Clause: Limit one of each Pok\u00e9mon\n|rule|Item Clause: Limit 1 of each item\n|clearpoke\n|poke|p1|Sylveon, L50, M|\n|poke|p1|Slowbro, L50, F|\n|poke|p1|Tyranitar, L50, F|\n|poke|p1|Farigiraf, L50, M|\n|poke|p1|Clefable, L50, F|\n|poke|p1|Conkeldurr, L50, M|\n|poke|p2|Charizard, L50, F|\n|poke|p2|Incineroar, L50, M|\n|poke|p2|Golurk, L50|\n|poke|p2|Torkoal, L50, M|\n|poke|p2|Maushold-Four, L50|\n|poke|p2|Oranguru, L50, M|\n|teampreview|4\n|\n|t:|1776171727\n|teamsize|p1|4\n|teamsize|p2|4\n|start\n|switch|p1a: Slowbro|Slowbro, L50, F|100/100\n|switch|p1b: Conkeldurr|Conkeldurr, L50, M|100/100\n|switch|p2a: Charizard|Charizard, L50, F|100/100\n|switch|p2b: Torkoal|Torkoal, L50, M|100/100\n|-weather|SunnyDay|[from] ability: Drought|[of] p2b: Torkoal\n|turn|1\n|\n|t:|1776171780\n|switch|p1b: Tyranitar|Tyranitar, L50, F|100/100\n|-weather|Sandstorm|[from] ability: Sand Stream|[of] p1b: Tyranitar\n|detailschange|p1a: Slowbro|Slowbro-Mega, L50, F\n|-mega|p1a: Slowbro|Slowbro|Slowbronite\n|move|p2b: Torkoal|Helping Hand|p2a: Charizard\n|-singleturn|p2a: Charizard|Helping Hand|[of] p2b: Torkoal\n|move|p2a: Charizard|Heat Wave|p1a: Slowbro|[spread] p1a,p1b\n|-resisted|p1a: Slowbro|1\n|-resisted|p1b: Tyranitar|1\n|-damage|p1a: Slowbro|75/100\n|-damage|p1b: Tyranitar|86/100\n|move|p1a: Slowbro|Scald|p2a: Charizard\n|-supereffective|p2a: Charizard|1\n|-damage|p2a: Charizard|6/100\n|\n|-weather|Sandstorm|[upkeep]\n|-damage|p2a: Charizard|0 fnt|[from] Sandstorm\n|-damage|p1a: Slowbro|69/100|[from] Sandstorm\n|-damage|p2b: Torkoal|94/100|[from] Sandstorm\n|faint|p2a: Charizard\n|upkeep\n|\n|t:|1776171801\n|switch|p2a: Oranguru|Oranguru, L50, M|100/100\n|turn|2\n|\n|t:|1776171812\n|move|p1b: Tyranitar|Crunch|p2a: Oranguru\n|-supereffective|p2a: Oranguru|1\n|-damage|p2a: Oranguru|9/100\n|move|p1a: Slowbro|Scald|p2b: Torkoal\n|-supereffective|p2b: Torkoal|1\n|-damage|p2b: Torkoal|2/100\n|move|p2b: Torkoal|Earth Power|p1b: Tyranitar\n|-supereffective|p1b: Tyranitar|1\n|-damage|p1b: Tyranitar|53/100\n|move|p2a: Oranguru|Trick Room|p2a: Oranguru\n|-fieldstart|move: Trick Room|[of] p2a: Oranguru\n|\n|-weather|Sandstorm|[upkeep]\n|-damage|p2b: Torkoal|0 fnt|[from] Sandstorm\n|-damage|p1a: Slowbro|63/100|[from] Sandstorm\n|-damage|p2a: Oranguru|3/100|[from] Sandstorm\n|faint|p2b: Torkoal\n|upkeep\n|\n|t:|1776171828\n|switch|p2b: Golurk|Golurk, L50|100/100\n|turn|3\n|\n|t:|1776171868\n|switch|p1b: Conkeldurr|Conkeldurr, L50, M|100/100\n|detailschange|p2b: Golurk|Golurk-Mega, L50\n|-mega|p2b: Golurk|Golurk|Golurkite\n|move|p1a: Slowbro|Scald|p2a: Oranguru\n|-damage|p2a: Oranguru|0 fnt\n|faint|p2a: Oranguru\n|move|p2b: Golurk|Headlong Rush|p1b: Conkeldurr\n|-damage|p1b: Conkeldurr|16/100\n|-unboost|p2b: Golurk|def|1\n|-unboost|p2b: Golurk|spd|1\n|\n|-weather|Sandstorm|[upkeep]\n|-damage|p1a: Slowbro|57/100|[from] Sandstorm\n|-damage|p1b: Conkeldurr|10/100|[from] Sandstorm\n|upkeep\n|turn|4\n|\n|t:|1776171889\n|move|p1a: Slowbro|Slack Off|p1a: Slowbro\n|-heal|p1a: Slowbro|100/100\n|move|p1b: Conkeldurr|Rock Slide|p2b: Golurk\n|-resisted|p2b: Golurk|1\n|-damage|p2b: Golurk|80/100\n|move|p2b: Golurk|Thunder Punch|p1a: Slowbro\n|-supereffective|p1a: Slowbro|1\n|-damage|p1a: Slowbro|70/100\n|\n|-weather|Sandstorm|[upkeep]\n|-damage|p1a: Slowbro|64/100|[from] Sandstorm\n|-damage|p1b: Conkeldurr|4/100|[from] Sandstorm\n|upkeep\n|turn|5\n|\n|t:|1776171905\n|move|p1a: Slowbro|Slack Off|p1a: Slowbro\n|-heal|p1a: Slowbro|100/100\n|move|p1b: Conkeldurr|Poison Jab|p2b: Golurk\n|-resisted|p2b: Golurk|2\n|-damage|p2b: Golurk|70/100\n|-status|p2b: Golurk|psn\n|move|p2b: Golurk|Poltergeist|p1a: Slowbro\n|-activate|p1a: Slowbro|move: Poltergeist|Slowbronite\n|-supereffective|p1a: Slowbro|1\n|-damage|p1a: Slowbro|37/100\n|\n|-weather|none\n|-damage|p2b: Golurk|58/100 psn|[from] psn\n|upkeep\n|turn|6\n|\n|t:|1776171926\n|move|p1a: Slowbro|Scald|p2b: Golurk\n|-supereffective|p2b: Golurk|1\n|-damage|p2b: Golurk|0 fnt\n|faint|p2b: Golurk\n|\n|win|rocci\n|raw|rocci's rating: 1077 &rarr; <strong>1110</strong><br />(+33 for winning)\n|raw|lambjun's rating: 1129 &rarr; <strong>1100</strong><br />(-29 for losing)\n",
  "uploadtime": 1776171929,
  "views": 29,
  "formatid": "gen9championsvgc2026regma",
  "rating": 1100,
  "private": 0,
  "password": null
}