{
  "id": "gen9championsvgc2026regma-2581048250",
  "format": "[Gen 9 Champions] VGC 2026 Reg M-A",
  "players": [
    "shockingwiz",
    "loklastaji"
  ],
  "log": "|j|\u2606shockingwiz\n|j|\u2606loklastaji\n|t:|1775954984\n|gametype|doubles\n|player|p1|shockingwiz|101|1000\n|player|p2|loklastaji|101|1022\n|gen|9\n|tier|[Gen 9 Champions] VGC 2026 Reg M-A\n|rated|\n|rule|Species Clause: Limit one of each Pok\u00e9mon\n|rule|Item Clause: Limit 1 of each item\n|clearpoke\n|poke|p1|Excadrill, L50, M|\n|poke|p1|Basculegion, L50, M|\n|poke|p1|Pelipper, L50, M|\n|poke|p1|Toxapex, L50, F|\n|poke|p1|Feraligatr, L50, F|\n|poke|p1|Jolteon, L50, M|\n|poke|p2|Samurott-Hisui, L50, F|\n|poke|p2|Mamoswine, L50, F|\n|poke|p2|Delphox, L50, F|\n|poke|p2|Clefable, L50, F|\n|poke|p2|Corviknight, L50, M|\n|poke|p2|Dragonite, L50, F|\n|teampreview|4\n|\n|t:|1775955018\n|teamsize|p1|4\n|teamsize|p2|4\n|start\n|switch|p1a: Pelipper|Pelipper, L50, M|100/100\n|switch|p1b: Basculegion|Basculegion, L50, M|100/100\n|switch|p2a: Samurott|Samurott-Hisui, L50, F|100/100\n|switch|p2b: Mamoswine|Mamoswine, L50, F|100/100\n|turn|1\n|c|\u2606shockingwiz|I may be stupid\n|\n|t:|1775955054\n|move|p2a: Samurott|Sucker Punch|p1b: Basculegion\n|-supereffective|p1b: Basculegion|1\n|-damage|p1b: Basculegion|15/100\n|move|p1b: Basculegion|Flip Turn|p2b: Mamoswine\n|-supereffective|p2b: Mamoswine|1\n|-damage|p2b: Mamoswine|14/100\n|\n|t:|1775955062\n|switch|p1b: Feraligatr|Feraligatr, L50, F|100/100|[from] Flip Turn\n|move|p2b: Mamoswine|Knock Off|p1b: Feraligatr\n|-damage|p1b: Feraligatr|76/100\n|move|p1a: Pelipper|Knock Off|p2b: Mamoswine\n|-damage|p2b: Mamoswine|0 fnt\n|-enditem|p2b: Mamoswine|Choice Scarf|[from] move: Knock Off|[of] p1a: Pelipper\n|faint|p2b: Mamoswine\n|\n|upkeep\n|\n|t:|1775955074\n|switch|p2b: Dragonite|Dragonite, L50, F|100/100\n|turn|2\n|\n|t:|1775955093\n|detailschange|p1b: Feraligatr|Feraligatr-Mega, L50, F\n|-mega|p1b: Feraligatr|Feraligatr|Feraligite\n|move|p2b: Dragonite|Protect|p2b: Dragonite\n|-singleturn|p2b: Dragonite|Protect\n|move|p2a: Samurott|Ceaseless Edge|p1a: Pelipper|[miss]\n|-miss|p2a: Samurott|p1a: Pelipper\n|move|p1b: Feraligatr|Body Slam|p2b: Dragonite\n|-activate|p2b: Dragonite|move: Protect\n|move|p1a: Pelipper|Knock Off|p2b: Dragonite\n|-activate|p2b: Dragonite|move: Protect\n|\n|upkeep\n|turn|3\n|\n|t:|1775955119\n|switch|p2b: Clefable|Clefable, L50, F|100/100\n|move|p2a: Samurott|Ceaseless Edge|p1a: Pelipper\n|-damage|p1a: Pelipper|64/100\n|-sidestart|p1: shockingwiz|Spikes\n|move|p1b: Feraligatr|Body Slam|p2b: Clefable\n|-immune|p2b: Clefable\n|move|p1a: Pelipper|Knock Off|p2b: Clefable\n|-resisted|p2b: Clefable|1\n|-damage|p2b: Clefable|93/100\n|-enditem|p2b: Clefable|Lum Berry|[from] move: Knock Off|[of] p1a: Pelipper\n|\n|upkeep\n|turn|4\n|\n|t:|1775955141\n|move|p2b: Clefable|Follow Me|p2b: Clefable\n|-singleturn|p2b: Clefable|move: Follow Me\n|move|p2a: Samurott|Sacred Sword|p1b: Feraligatr\n|-damage|p1b: Feraligatr|30/100\n|move|p1b: Feraligatr|Flip Turn|p2b: Clefable\n|-damage|p2b: Clefable|44/100\n|\n|t:|1775955152\n|switch|p1b: Basculegion|Basculegion, L50, M|15/100|[from] Flip Turn\n|-damage|p1b: Basculegion|3/100|[from] Spikes\n|move|p1a: Pelipper|Knock Off|p2b: Clefable\n|-resisted|p2b: Clefable|1\n|-damage|p2b: Clefable|39/100\n|\n|upkeep\n|turn|5\n|\n|t:|1775955179\n|move|p1b: Basculegion|Wave Crash|p2b: Clefable\n|-damage|p2b: Clefable|0 fnt\n|faint|p2b: Clefable\n|-damage|p1b: Basculegion|0 fnt|[from] Recoil\n|faint|p1b: Basculegion\n|move|p2a: Samurott|Ceaseless Edge|p1a: Pelipper\n|-damage|p1a: Pelipper|24/100\n|-sidestart|p1: shockingwiz|Spikes\n|move|p1a: Pelipper|Knock Off|p2a: Samurott\n|-resisted|p2a: Samurott|1\n|-damage|p2a: Samurott|93/100\n|-enditem|p2a: Samurott|White Herb|[from] move: Knock Off|[of] p1a: Pelipper\n|\n|upkeep\n|\n|t:|1775955194\n|switch|p1b: Jolteon|Jolteon, L50, M|100/100\n|switch|p2b: Dragonite|Dragonite, L50, F|100/100\n|-damage|p1b: Jolteon|84/100|[from] Spikes\n|turn|6\n|\n|t:|1775955230\n|detailschange|p2b: Dragonite|Dragonite-Mega, L50, F\n|-mega|p2b: Dragonite|Dragonite|Dragoninite\n|move|p2a: Samurott|Sucker Punch|p1b: Jolteon\n|-crit|p1b: Jolteon\n|-damage|p1b: Jolteon|0 fnt\n|faint|p1b: Jolteon\n|move|p2b: Dragonite|Air Slash|p1a: Pelipper\n|-damage|p1a: Pelipper|0 fnt\n|faint|p1a: Pelipper\n|\n|upkeep\n|\n|t:|1775955255\n|switch|p1b: Feraligatr|Feraligatr-Mega, L50, F|30/100\n|-damage|p1b: Feraligatr|13/100|[from] Spikes\n|turn|7\n|c|\u2606shockingwiz|gg\n|\n|t:|1775955273\n|move|p2a: Samurott|Sucker Punch|p1b: Feraligatr\n|-damage|p1b: Feraligatr|0 fnt\n|faint|p1b: Feraligatr\n|\n|win|loklastaji\n|raw|shockingwiz's rating: 1000 &rarr; <strong>1000</strong><br />(+0 for losing)\n|raw|loklastaji's rating: 1022 &rarr; <strong>1056</strong><br />(+34 for winning)\n|l|\u2606shockingwiz\n|player|p1|\n",
  "uploadtime": 1775955278,
  "views": 15,
  "formatid": "gen9championsvgc2026regma",
  "rating": 1000,
  "private": 0,
  "password": null
}