{
  "id": "gen9championsvgc2026regma-2588604389",
  "format": "[Gen 9 Champions] VGC 2026 Reg M-A",
  "players": [
    "abhilash meher",
    "blue schucle"
  ],
  "log": "|j|\u2606abhilash meher\n|j|\u2606blue schucle\n|t:|1776649303\n|gametype|doubles\n|player|p1|abhilash meher|blackbelt-gen4dp|1222\n|player|p2|blue schucle|lance|1266\n|gen|9\n|tier|[Gen 9 Champions] VGC 2026 Reg M-A\n|rated|\n|rule|Species Clause: Limit one of each Pok\u00e9mon\n|rule|Item Clause: Limit 1 of each item\n|clearpoke\n|poke|p1|Crabominable, L50, M|\n|poke|p1|Farigiraf, L50, M, shiny|\n|poke|p1|Hatterene, L50, F|\n|poke|p1|Kingambit, L50, M|\n|poke|p1|Incineroar, L50, M, shiny|\n|poke|p1|Drampa, L50, M|\n|poke|p2|Tauros-Paldea-Aqua, L50, M, shiny|\n|poke|p2|Incineroar, L50, F|\n|poke|p2|Snorlax, L50, M, shiny|\n|poke|p2|Scovillain, L50, F|\n|poke|p2|Sneasler, L50, F|\n|poke|p2|Garchomp, L50, M|\n|teampreview|4\n|inactive|Battle timer is ON: inactive players will automatically lose when time's up. (requested by abhilash meher)\n|inactive|abhilash meher has 60 seconds left.\n|inactive|abhilash meher has 30 seconds left.\n|\n|t:|1776649371\n|teamsize|p1|4\n|teamsize|p2|4\n|start\n|switch|p1a: Incineroar|Incineroar, L50, M, shiny|100/100\n|switch|p1b: Farigiraf|Farigiraf, L50, M, shiny|100/100\n|switch|p2a: Montezuma|Snorlax, L50, M, shiny|100/100\n|switch|p2b: Boi da cara preta|Tauros-Paldea-Aqua, L50, M, shiny|100/100\n|-ability|p2b: Boi da cara preta|Intimidate|boost\n|-unboost|p1a: Incineroar|atk|1\n|-unboost|p1b: Farigiraf|atk|1\n|-ability|p1a: Incineroar|Intimidate|boost\n|-unboost|p2a: Montezuma|atk|1\n|-unboost|p2b: Boi da cara preta|atk|1\n|-enditem|p2b: Boi da cara preta|White Herb\n|-clearnegativeboost|p2b: Boi da cara preta|[silent]\n|turn|1\n|\n|t:|1776649393\n|move|p1a: Incineroar|Fake Out|p2b: Boi da cara preta\n|-damage|p2b: Boi da cara preta|91/100\n|cant|p2b: Boi da cara preta|flinch\n|move|p2a: Montezuma|Stockpile|p2a: Montezuma\n|-start|p2a: Montezuma|stockpile1\n|-boost|p2a: Montezuma|def|1\n|-boost|p2a: Montezuma|spd|1\n|move|p1b: Farigiraf|Trick Room|p1b: Farigiraf\n|-fieldstart|move: Trick Room|[of] p1b: Farigiraf\n|\n|upkeep\n|turn|2\n|\n|t:|1776649413\n|move|p2a: Montezuma|Stockpile|p2a: Montezuma\n|-start|p2a: Montezuma|stockpile2\n|-boost|p2a: Montezuma|def|1\n|-boost|p2a: Montezuma|spd|1\n|move|p1b: Farigiraf|Psychic|p2b: Boi da cara preta\n|-supereffective|p2b: Boi da cara preta|1\n|-damage|p2b: Boi da cara preta|0 fnt\n|faint|p2b: Boi da cara preta\n|move|p1a: Incineroar|Parting Shot|p2a: Montezuma\n|-unboost|p2a: Montezuma|atk|1\n|-unboost|p2a: Montezuma|spa|1\n|\n|t:|1776649424\n|switch|p1a: Crabominable|Crabominable, L50, M|100/100|[from] Parting Shot\n|\n|upkeep\n|\n|t:|1776649431\n|switch|p2b: Spicy girls|Scovillain, L50, F|100/100\n|turn|3\n|\n|t:|1776649448\n|detailschange|p1a: Crabominable|Crabominable-Mega, L50, M\n|-mega|p1a: Crabominable|Crabominable|Crabominite\n|move|p1b: Farigiraf|Helping Hand|p1a: Crabominable\n|-singleturn|p1a: Crabominable|Helping Hand|[of] p1b: Farigiraf\n|move|p2b: Spicy girls|Protect|p2b: Spicy girls\n|-singleturn|p2b: Spicy girls|Protect\n|move|p2a: Montezuma|Yawn|p1a: Crabominable\n|-start|p1a: Crabominable|move: Yawn|[of] p2a: Montezuma\n|move|p1a: Crabominable|Close Combat|p2a: Montezuma\n|-supereffective|p2a: Montezuma|1\n|-damage|p2a: Montezuma|23/100\n|-unboost|p1a: Crabominable|def|1\n|-unboost|p1a: Crabominable|spd|1\n|\n|-heal|p2a: Montezuma|29/100|[from] item: Leftovers\n|-ability|p2b: Spicy girls|Moody|boost\n|-boost|p2b: Spicy girls|spa|2\n|-unboost|p2b: Spicy girls|spd|1\n|upkeep\n|turn|4\n|inactive|abhilash meher has 30 seconds left.\n|inactive|blue schucle has 30 seconds left.\n|\n|t:|1776649481\n|switch|p1a: Incineroar|Incineroar, L50, M, shiny|100/100\n|-ability|p1a: Incineroar|Intimidate|boost\n|-unboost|p2a: Montezuma|atk|1\n|-unboost|p2b: Spicy girls|atk|1\n|detailschange|p2b: Spicy girls|Scovillain-Mega, L50, F\n|-mega|p2b: Spicy girls|Scovillain|Scovillainite\n|move|p2a: Montezuma|Protect|p2a: Montezuma\n|-singleturn|p2a: Montezuma|Protect\n|move|p1b: Farigiraf|Psychic|p2a: Montezuma\n|-activate|p2a: Montezuma|move: Protect\n|move|p2b: Spicy girls|Leech Seed|p1b: Farigiraf\n|-start|p1b: Farigiraf|move: Leech Seed\n|\n|-heal|p2a: Montezuma|35/100|[from] item: Leftovers\n|-damage|p1b: Farigiraf|88/100|[from] Leech Seed|[of] p2b: Spicy girls\n|upkeep\n|turn|5\n|inactive|abhilash meher has 30 seconds left.\n|inactive|blue schucle has 30 seconds left.\n|inactive|abhilash meher has 20 seconds left.\n|\n|t:|1776649517\n|move|p2a: Montezuma|Stockpile|p2a: Montezuma\n|-start|p2a: Montezuma|stockpile3\n|-boost|p2a: Montezuma|def|1\n|-boost|p2a: Montezuma|spd|1\n|move|p1b: Farigiraf|Psychic|p2a: Montezuma\n|-damage|p2a: Montezuma|27/100\n|move|p1a: Incineroar|Flare Blitz|p2b: Spicy girls\n|-damage|p2b: Spicy girls|49/100\n|-immune|p1a: Incineroar\n|-damage|p1a: Incineroar|88/100|[from] Recoil\n|move|p2b: Spicy girls|Flamethrower|p1b: Farigiraf\n|-damage|p1b: Farigiraf|31/100\n|\n|-heal|p2a: Montezuma|33/100|[from] item: Leftovers\n|-damage|p1b: Farigiraf|19/100|[from] Leech Seed|[of] p2b: Spicy girls\n|-heal|p2b: Spicy girls|68/100|[silent]\n|-fieldend|move: Trick Room\n|upkeep\n|turn|6\n|inactive|abhilash meher has 30 seconds left.\n|inactive|blue schucle has 30 seconds left.\n|\n|t:|1776649552\n|move|p1b: Farigiraf|Helping Hand|p1a: Incineroar\n|-singleturn|p1a: Incineroar|Helping Hand|[of] p1b: Farigiraf\n|move|p2b: Spicy girls|Giga Drain|p1a: Incineroar\n|-resisted|p1a: Incineroar|1\n|-damage|p1a: Incineroar|62/100\n|-heal|p2b: Spicy girls|86/100|[from] drain|[of] p1a: Incineroar\n|move|p1a: Incineroar|Darkest Lariat|p2a: Montezuma\n|-damage|p2a: Montezuma|1/100\n|move|p2a: Montezuma|Body Press|p1a: Incineroar\n|-supereffective|p1a: Incineroar|1\n|-damage|p1a: Incineroar|0 fnt\n|faint|p1a: Incineroar\n|\n|-heal|p2a: Montezuma|7/100|[from] item: Leftovers\n|-damage|p1b: Farigiraf|7/100|[from] Leech Seed|[of] p2b: Spicy girls\n|-heal|p2b: Spicy girls|100/100|[silent]\n|upkeep\n|\n|t:|1776649571\n|switch|p1a: Crabominable|Crabominable-Mega, L50, M|100/100\n|turn|7\n|\n|t:|1776649586\n|move|p1b: Farigiraf|Helping Hand|p1a: Crabominable\n|-singleturn|p1a: Crabominable|Helping Hand|[of] p1b: Farigiraf\n|move|p2b: Spicy girls|Protect|p2b: Spicy girls\n|-singleturn|p2b: Spicy girls|Protect\n|move|p2a: Montezuma|Protect|p2a: Montezuma\n|-singleturn|p2a: Montezuma|Protect\n|move|p1a: Crabominable|Ice Hammer|p2b: Spicy girls\n|-activate|p2b: Spicy girls|move: Protect\n|\n|-heal|p2a: Montezuma|13/100|[from] item: Leftovers\n|-damage|p1b: Farigiraf|0 fnt|[from] Leech Seed|[of] p2b: Spicy girls\n|faint|p1b: Farigiraf\n|upkeep\n|\n|t:|1776649601\n|switch|p1b: Kingambit|Kingambit, L50, M|100/100\n|turn|8\n|inactive|blue schucle has 30 seconds left.\n|\n|t:|1776649628\n|move|p2b: Spicy girls|Flamethrower|p1a: Crabominable\n|-supereffective|p1a: Crabominable|1\n|-damage|p1a: Crabominable|0 fnt\n|faint|p1a: Crabominable\n|move|p1b: Kingambit|Kowtow Cleave|p2a: Montezuma\n|-damage|p2a: Montezuma|0 fnt\n|faint|p2a: Montezuma\n|\n|upkeep\n|\n|t:|1776649637\n|switch|p2a: Destructo|Garchomp, L50, M|100/100\n|turn|9\n|\n|t:|1776649647\n|move|p1b: Kingambit|Sucker Punch|p2a: Destructo\n|-damage|p2a: Destructo|52/100\n|-damage|p1b: Kingambit|88/100|[from] ability: Rough Skin|[of] p2a: Destructo\n|move|p2a: Destructo|Stomping Tantrum|p1b: Kingambit\n|-supereffective|p1b: Kingambit|1\n|-damage|p1b: Kingambit|35/100\n|move|p2b: Spicy girls|Flamethrower|p1b: Kingambit\n|-supereffective|p1b: Kingambit|1\n|-damage|p1b: Kingambit|0 fnt\n|faint|p1b: Kingambit\n|\n|win|blue schucle\n|raw|abhilash meher's rating: 1222 &rarr; <strong>1200</strong><br />(-22 for losing)\n|raw|blue schucle's rating: 1266 &rarr; <strong>1288</strong><br />(+22 for winning)\n|l|\u2606abhilash meher\n|player|p1|\n",
  "uploadtime": 1776649660,
  "views": 9,
  "formatid": "gen9championsvgc2026regma",
  "rating": 1200,
  "private": 0,
  "password": null
}