{
  "id": "gen9championsvgc2026regma-2580651054",
  "format": "[Gen 9 Champions] VGC 2026 Reg M-A",
  "players": [
    "123Sanpei",
    "KingX200109"
  ],
  "log": "|j|\u2606123Sanpei\n|j|\u2606KingX200109\n|t:|1775921378\n|gametype|doubles\n|player|p1|123Sanpei|170|1055\n|player|p2|KingX200109|ethan-masters|1000\n|gen|9\n|tier|[Gen 9 Champions] VGC 2026 Reg M-A\n|rated|\n|rule|Species Clause: Limit one of each Pok\u00e9mon\n|rule|Item Clause: Limit 1 of each item\n|clearpoke\n|poke|p1|Tyranitar, L50, M|\n|poke|p1|Steelix, L50, M|\n|poke|p1|Heliolisk, L50, M|\n|poke|p1|Runerigus, L50, F|\n|poke|p1|Hippowdon, L50, F|\n|poke|p1|Golurk, L50|\n|poke|p2|Gengar, L50, M|\n|poke|p2|Sinistcha, L50|\n|poke|p2|Politoed, L50, F|\n|poke|p2|Incineroar, L50, F|\n|poke|p2|Basculegion, L50, M|\n|poke|p2|Meganium, L50, M|\n|teampreview|4\n|\n|t:|1775921420\n|teamsize|p1|4\n|teamsize|p2|4\n|start\n|switch|p1a: Heliolisk|Heliolisk, L50, M|100/100\n|switch|p1b: Hippowdon|Hippowdon, L50, F|100/100\n|switch|p2a: Meganium|Meganium, L50, M|100/100\n|switch|p2b: Incineroar|Incineroar, L50, F|100/100\n|-ability|p2b: Incineroar|Intimidate|boost\n|-unboost|p1a: Heliolisk|atk|1\n|-unboost|p1b: Hippowdon|atk|1\n|-weather|Sandstorm|[from] ability: Sand Stream|[of] p1b: Hippowdon\n|turn|1\n|\n|t:|1775921447\n|switch|p2b: Politoed|Politoed, L50, F|100/100\n|-weather|RainDance|[from] ability: Drizzle|[of] p2b: Politoed\n|detailschange|p2a: Meganium|Meganium-Mega, L50, M\n|-mega|p2a: Meganium|Meganium|Meganiumite\n|move|p1a: Heliolisk|Shed Tail|p1a: Heliolisk\n|-start|p1a: Heliolisk|Substitute|[from] move: Shed Tail\n|-damage|p1a: Heliolisk|50/100\n|\n|t:|1775921464\n|switch|p1a: Steelix|Steelix, L50, M|100/100|[from] Shed Tail\n|move|p2a: Meganium|Solar Beam||[still]\n|-prepare|p2a: Meganium|Solar Beam\n|-activate|p2a: Meganium|ability: Mega Sol\n|-anim|p2a: Meganium|Solar Beam|p1b: Hippowdon\n|-supereffective|p1b: Hippowdon|1\n|-damage|p1b: Hippowdon|0 fnt\n|faint|p1b: Hippowdon\n|\n|-weather|RainDance|[upkeep]\n|upkeep\n|\n|t:|1775921497\n|switch|p1b: Heliolisk|Heliolisk, L50, M|50/100\n|turn|2\n|\n|t:|1775921519\n|switch|p2a: Incineroar|Incineroar, L50, F|100/100\n|-ability|p2a: Incineroar|Intimidate|boost\n|-immune|p1a: Steelix\n|-unboost|p1b: Heliolisk|atk|1\n|detailschange|p1a: Steelix|Steelix-Mega, L50, M\n|-mega|p1a: Steelix|Steelix|Steelixite\n|move|p1b: Heliolisk|Thunder|p2b: Politoed\n|-supereffective|p2b: Politoed|1\n|-damage|p2b: Politoed|11/100\n|move|p2b: Politoed|Perish Song|p2b: Politoed\n|-start|p1a: Steelix|perish3|[silent]\n|-start|p1b: Heliolisk|perish3|[silent]\n|-start|p2a: Incineroar|perish3|[silent]\n|-start|p2b: Politoed|perish3|[silent]\n|-fieldactivate|move: Perish Song\n|move|p1a: Steelix|Heavy Slam|p2a: Incineroar\n|-resisted|p2a: Incineroar|1\n|-damage|p2a: Incineroar|70/100\n|\n|-weather|RainDance|[upkeep]\n|-heal|p2b: Politoed|17/100|[from] item: Leftovers\n|-start|p1b: Heliolisk|perish3\n|-start|p2a: Incineroar|perish3\n|-start|p2b: Politoed|perish3\n|-start|p1a: Steelix|perish3\n|upkeep\n|turn|3\n|\n|t:|1775921555\n|move|p2b: Politoed|Protect|p2b: Politoed\n|-singleturn|p2b: Politoed|Protect\n|move|p2a: Incineroar|Fake Out|p1b: Heliolisk\n|-damage|p1b: Heliolisk|20/100\n|cant|p1b: Heliolisk|flinch\n|move|p1a: Steelix|Earthquake|p2b: Politoed|[spread] p1b,p2a\n|-activate|p2b: Politoed|move: Protect\n|-supereffective|p1b: Heliolisk|1\n|-supereffective|p2a: Incineroar|1\n|-damage|p1b: Heliolisk|0 fnt\n|-damage|p2a: Incineroar|0 fnt\n|faint|p1b: Heliolisk\n|faint|p2a: Incineroar\n|\n|-weather|RainDance|[upkeep]\n|-heal|p2b: Politoed|23/100|[from] item: Leftovers\n|-start|p2b: Politoed|perish2\n|-start|p1a: Steelix|perish2\n|upkeep\n|\n|t:|1775921571\n|switch|p1b: Tyranitar|Tyranitar, L50, M|100/100\n|switch|p2a: Basculegion|Basculegion, L50, M|100/100\n|-weather|Sandstorm|[from] ability: Sand Stream|[of] p1b: Tyranitar\n|turn|4\n|\n|t:|1775921587\n|switch|p2b: Meganium|Meganium-Mega, L50, M|100/100\n|move|p2a: Basculegion|Flip Turn|p1b: Tyranitar\n|-supereffective|p1b: Tyranitar|1\n|-damage|p1b: Tyranitar|43/100\n|\n|t:|1775921592\n|switch|p2a: Politoed|Politoed, L50, F|23/100|[from] Flip Turn\n|-weather|RainDance|[from] ability: Drizzle|[of] p2a: Politoed\n|move|p1b: Tyranitar|Knock Off|p2a: Politoed\n|-damage|p2a: Politoed|0 fnt\n|-enditem|p2a: Politoed|Leftovers|[from] move: Knock Off|[of] p1b: Tyranitar\n|faint|p2a: Politoed\n|move|p1a: Steelix|Rock Slide|p2b: Meganium|[miss]\n|-miss|p1a: Steelix|p2b: Meganium\n|\n|-weather|RainDance|[upkeep]\n|-start|p1a: Steelix|perish1\n|upkeep\n|\n|t:|1775921594\n|switch|p2a: Basculegion|Basculegion, L50, M|100/100\n|turn|5\n|\n|t:|1775921624\n|move|p2a: Basculegion|Wave Crash|p1b: Tyranitar\n|-supereffective|p1b: Tyranitar|1\n|-damage|p1b: Tyranitar|0 fnt\n|faint|p1b: Tyranitar\n|-damage|p2a: Basculegion|86/100|[from] Recoil\n|move|p2b: Meganium|Dazzling Gleam|p1a: Steelix\n|-resisted|p1a: Steelix|1\n|-end|p1a: Steelix|Substitute\n|move|p1a: Steelix|Heavy Slam|p2b: Meganium\n|-supereffective|p2b: Meganium|1\n|-damage|p2b: Meganium|11/100\n|\n|-weather|RainDance|[upkeep]\n|-start|p1a: Steelix|perish0\n|upkeep\n|faint|p1a: Steelix\n|\n|win|KingX200109\n|raw|123Sanpei's rating: 1055 &rarr; <strong>1034</strong><br />(-21 for losing)\n|raw|KingX200109's rating: 1000 &rarr; <strong>1046</strong><br />(+46 for winning)\n|l|\u2606123Sanpei\n|player|p1|\n",
  "uploadtime": 1775921641,
  "views": 11,
  "formatid": "gen9championsvgc2026regma",
  "rating": 1034,
  "private": 0,
  "password": null
}