{
  "id": "gen9championsvgc2026regma-2581560405",
  "format": "[Gen 9 Champions] VGC 2026 Reg M-A",
  "players": [
    "emma grande",
    "nikolasnaiz"
  ],
  "log": "|j|\u2606emma grande\n|j|\u2606nikolasnaiz\n|t:|1776011017\n|gametype|doubles\n|player|p1|emma grande|ninjaboy|1316\n|player|p2|nikolasnaiz|170|1412\n|gen|9\n|tier|[Gen 9 Champions] VGC 2026 Reg M-A\n|rated|\n|rule|Species Clause: Limit one of each Pok\u00e9mon\n|rule|Item Clause: Limit 1 of each item\n|clearpoke\n|poke|p1|Delphox, L50, F|\n|poke|p1|Primarina, L50, M|\n|poke|p1|Krookodile, L50, F|\n|poke|p1|Ninetales-Alola, L50, M|\n|poke|p1|Dragonite, L50, F|\n|poke|p1|Sneasler, L50, M|\n|poke|p2|Floette-Eternal, L50, F|\n|poke|p2|Aerodactyl, L50, F|\n|poke|p2|Aegislash, L50, M|\n|poke|p2|Sinistcha, L50|\n|poke|p2|Milotic, L50, M|\n|poke|p2|Incineroar, L50, F|\n|teampreview|4\n|j| Junglebolt\n|l| Junglebolt\n|inactive|Battle timer is ON: inactive players will automatically lose when time's up. (requested by nikolasnaiz)\n|\n|t:|1776011038\n|teamsize|p1|4\n|teamsize|p2|4\n|start\n|switch|p1a: Sneasler|Sneasler, L50, M|100/100\n|switch|p1b: Primarina|Primarina, L50, M|100/100\n|switch|p2a: Aerodactyl|Aerodactyl, L50, F|100/100\n|switch|p2b: Incineroar|Incineroar, L50, F|100/100\n|-ability|p2a: Aerodactyl|Unnerve\n|-ability|p2b: Incineroar|Intimidate|boost\n|-unboost|p1a: Sneasler|atk|1\n|-unboost|p1b: Primarina|atk|1\n|-enditem|p1a: Sneasler|White Herb\n|-clearnegativeboost|p1a: Sneasler|[silent]\n|turn|1\n|\n|t:|1776011054\n|move|p1a: Sneasler|Fake Out|p2a: Aerodactyl\n|-resisted|p2a: Aerodactyl|1\n|-damage|p2a: Aerodactyl|90/100\n|move|p2b: Incineroar|Fake Out|p1b: Primarina\n|-damage|p1b: Primarina|90/100\n|cant|p2a: Aerodactyl|flinch\n|cant|p1b: Primarina|flinch\n|\n|-heal|p1b: Primarina|96/100|[from] item: Leftovers\n|upkeep\n|turn|2\n|\n|t:|1776011064\n|move|p1a: Sneasler|Close Combat|p2b: Incineroar\n|-supereffective|p2b: Incineroar|1\n|-damage|p2b: Incineroar|5/100\n|-unboost|p1a: Sneasler|def|1\n|-unboost|p1a: Sneasler|spd|1\n|move|p2a: Aerodactyl|Dual Wingbeat|p1a: Sneasler\n|-supereffective|p1a: Sneasler|1\n|-damage|p1a: Sneasler|0 fnt\n|faint|p1a: Sneasler\n|-hitcount|p1: Sneasler|1\n|move|p1b: Primarina|Calm Mind|p1b: Primarina\n|-boost|p1b: Primarina|spa|1\n|-boost|p1b: Primarina|spd|1\n|move|p2b: Incineroar|Parting Shot|p1b: Primarina\n|-unboost|p1b: Primarina|atk|1\n|-unboost|p1b: Primarina|spa|1\n|inactive|nikolasnaiz has 30 seconds left.\n|inactive|nikolasnaiz has 20 seconds left.\n|inactive|nikolasnaiz has 15 seconds left.\n|\n|t:|1776011108\n|switch|p2b: Floette|Floette-Eternal, L50, F|100/100|[from] Parting Shot\n|\n|-heal|p1b: Primarina|100/100|[from] item: Leftovers\n|upkeep\n|\n|t:|1776011117\n|switch|p1a: Delphox|Delphox, L50, F|100/100\n|turn|3\n|\n|t:|1776011122\n|detailschange|p1a: Delphox|Delphox-Mega, L50, F\n|-mega|p1a: Delphox|Delphox|Delphoxite\n|detailschange|p2b: Floette|Floette-Mega, L50, F\n|-mega|p2b: Floette|Floette|Floettite\n|-ability|p2b: Floette|Fairy Aura\n|move|p1a: Delphox|Psychic|p2a: Aerodactyl\n|-damage|p2a: Aerodactyl|17/100\n|move|p2a: Aerodactyl|Rock Slide|p1a: Delphox|[spread] p1a\n|-miss|p2a: Aerodactyl|p1b: Primarina\n|-supereffective|p1a: Delphox|1\n|-damage|p1a: Delphox|24/100\n|move|p2b: Floette|Calm Mind|p2b: Floette\n|-boost|p2b: Floette|spa|1\n|-boost|p2b: Floette|spd|1\n|move|p1b: Primarina|Calm Mind|p1b: Primarina\n|-boost|p1b: Primarina|spa|1\n|-boost|p1b: Primarina|spd|1\n|\n|upkeep\n|turn|4\n|inactive|nikolasnaiz has 30 seconds left.\n|\n|t:|1776011150\n|move|p2a: Aerodactyl|Protect|p2a: Aerodactyl\n|-singleturn|p2a: Aerodactyl|Protect\n|move|p1a: Delphox|Heat Wave|p2a: Aerodactyl|[spread] p2b\n|-activate|p2a: Aerodactyl|move: Protect\n|-damage|p2b: Floette|82/100\n|move|p2b: Floette|Dazzling Gleam|p1b: Primarina|[spread] p1a,p1b\n|-resisted|p1a: Delphox|1\n|-damage|p1a: Delphox|0 fnt\n|-damage|p1b: Primarina|70/100\n|faint|p1a: Delphox\n|move|p1b: Primarina|Moonblast|p2b: Floette\n|-damage|p2b: Floette|37/100\n|\n|-heal|p1b: Primarina|76/100|[from] item: Leftovers\n|upkeep\n|\n|t:|1776011155\n|switch|p1a: Krookodile|Krookodile, L50, F|100/100\n|-ability|p1a: Krookodile|Intimidate|boost\n|-unboost|p2a: Aerodactyl|atk|1\n|-unboost|p2b: Floette|atk|1\n|turn|5\n|\n|t:|1776011160\n|move|p1a: Krookodile|Rock Slide|p2a: Aerodactyl|[spread] p2a,p2b\n|-supereffective|p2a: Aerodactyl|1\n|-damage|p2a: Aerodactyl|0 fnt\n|-damage|p2b: Floette|13/100\n|faint|p2a: Aerodactyl\n|move|p2b: Floette|Dazzling Gleam|p1b: Primarina|[spread] p1a,p1b\n|-supereffective|p1a: Krookodile|1\n|-damage|p1a: Krookodile|0 fnt\n|-damage|p1b: Primarina|47/100\n|faint|p1a: Krookodile\n|move|p1b: Primarina|Moonblast|p2b: Floette\n|-damage|p2b: Floette|0 fnt\n|faint|p2b: Floette\n|\n|-heal|p1b: Primarina|53/100|[from] item: Leftovers\n|upkeep\n|\n|t:|1776011167\n|switch|p2a: Aegislash|Aegislash, L50, M|100/100\n|switch|p2b: Incineroar|Incineroar, L50, F|5/100\n|-ability|p2b: Incineroar|Intimidate|boost\n|-unboost|p1b: Primarina|atk|1\n|turn|6\n|\n|t:|1776011173\n|move|p1b: Primarina|Protect|p1b: Primarina\n|-singleturn|p1b: Primarina|Protect\n|move|p2b: Incineroar|Fake Out|p1b: Primarina\n|-activate|p1b: Primarina|move: Protect\n|-formechange|p2a: Aegislash|Aegislash-Blade|\n|move|p2a: Aegislash|Flash Cannon|p1b: Primarina\n|-activate|p1b: Primarina|move: Protect\n|\n|-heal|p1b: Primarina|59/100|[from] item: Leftovers\n|upkeep\n|turn|7\n|j| azurejay\n|\n|t:|1776011179\n|move|p1b: Primarina|Hyper Voice|p2a: Aegislash|[spread] p2a,p2b\n|-supereffective|p2b: Incineroar|1\n|-damage|p2a: Aegislash|36/100\n|-damage|p2b: Incineroar|0 fnt\n|faint|p2b: Incineroar\n|move|p2a: Aegislash|Flash Cannon|p1b: Primarina\n|-damage|p1b: Primarina|42/100\n|\n|-heal|p1b: Primarina|48/100|[from] item: Leftovers\n|-heal|p2a: Aegislash|42/100|[from] item: Leftovers\n|upkeep\n|turn|8\n|\n|t:|1776011183\n|move|p1b: Primarina|Hyper Voice|p2a: Aegislash\n|-damage|p2a: Aegislash|0 fnt\n|faint|p2a: Aegislash\n|\n|win|emma grande\n|raw|emma grande's rating: 1316 &rarr; <strong>1341</strong><br />(+25 for winning)\n|raw|nikolasnaiz's rating: 1412 &rarr; <strong>1387</strong><br />(-25 for losing)\n|l| azurejay\n|l|\u2606nikolasnaiz\n|player|p2|\n",
  "uploadtime": 1776011186,
  "views": 27,
  "formatid": "gen9championsvgc2026regma",
  "rating": 1341,
  "private": 0,
  "password": null
}