{
  "id": "gen9championsvgc2026regma-2581367433",
  "format": "[Gen 9 Champions] VGC 2026 Reg M-A",
  "players": [
    "viperino7",
    "scinxv"
  ],
  "log": "|j|\u2606viperino7\n|j|\u2606scinxv\n|t:|1775992469\n|gametype|doubles\n|player|p1|viperino7|102|1114\n|player|p2|scinxv|clerkf|1188\n|gen|9\n|tier|[Gen 9 Champions] VGC 2026 Reg M-A\n|rated|\n|rule|Species Clause: Limit one of each Pok\u00e9mon\n|rule|Item Clause: Limit 1 of each item\n|clearpoke\n|poke|p1|Garchomp, L50, F|\n|poke|p1|Sneasler, L50, F|\n|poke|p1|Floette-Eternal, L50, F|\n|poke|p1|Rotom-Wash, L50|\n|poke|p1|Incineroar, L50, F|\n|poke|p1|Aerodactyl, L50, F|\n|poke|p2|Manectric, L50, M|\n|poke|p2|Garchomp, L50, F|\n|poke|p2|Volcarona, L50, M|\n|poke|p2|Basculegion, L50, M|\n|poke|p2|Corviknight, L50, M|\n|poke|p2|Snorlax, L50, M|\n|teampreview|4\n|inactive|Battle timer is ON: inactive players will automatically lose when time's up. (requested by scinxv)\nviperino7 rejected open team sheets.\n|inactive|viperino7 has 60 seconds left.\n|inactive|scinxv has 60 seconds left.\n|\n|t:|1775992512\n|teamsize|p1|4\n|teamsize|p2|4\n|start\n|switch|p1a: Aerodactyl|Aerodactyl, L50, F|100/100\n|switch|p1b: Garchomp|Garchomp, L50, F, shiny|100/100\n|switch|p2a: Manectric|Manectric, L50, M|100/100\n|switch|p2b: Garchomp|Garchomp, L50, F|100/100\n|-ability|p1a: Aerodactyl|Unnerve\n|turn|1\n|\n|t:|1775992533\n|detailschange|p2a: Manectric|Manectric-Mega, L50, M\n|-mega|p2a: Manectric|Manectric|Manectite\n|-ability|p2a: Manectric|Intimidate|boost\n|-unboost|p1a: Aerodactyl|atk|1\n|-unboost|p1b: Garchomp|atk|1\n|move|p2a: Manectric|Volt Switch|p1a: Aerodactyl\n|-supereffective|p1a: Aerodactyl|1\n|-damage|p1a: Aerodactyl|18/100\n|\n|t:|1775992539\n|switch|p2a: Corviknight|Corviknight, L50, M|100/100|[from] Volt Switch\n|move|p1a: Aerodactyl|Tailwind|p1a: Aerodactyl\n|-sidestart|p1: viperino7|move: Tailwind\n|move|p1b: Garchomp|Earthquake|p2a: Corviknight|[spread] p2b\n|-immune|p1a: Aerodactyl\n|-immune|p2a: Corviknight\n|-damage|p2b: Garchomp|67/100\n|move|p2b: Garchomp|Rock Slide|p1a: Aerodactyl|[spread] p1a,p1b\n|-supereffective|p1a: Aerodactyl|1\n|-resisted|p1b: Garchomp|1\n|-damage|p1a: Aerodactyl|0 fnt\n|-damage|p1b: Garchomp|91/100\n|faint|p1a: Aerodactyl\n|\n|upkeep\n|\n|t:|1775992554\n|switch|p1a: Floette|Floette-Eternal, L50, F|100/100\n|turn|2\n|\n|t:|1775992570\n|switch|p1b: Incineroar|Incineroar, L50, F, shiny|100/100\n|-ability|p1b: Incineroar|Intimidate|boost\n|-ability|p2a: Corviknight|Mirror Armor\n|-unboost|p1b: Incineroar|atk|1\n|-unboost|p2b: Garchomp|atk|1\n|detailschange|p1a: Floette|Floette-Mega, L50, F\n|-mega|p1a: Floette|Floette|Floettite\n|-ability|p1a: Floette|Fairy Aura\n|move|p1a: Floette|Calm Mind|p1a: Floette\n|-boost|p1a: Floette|spa|1\n|-boost|p1a: Floette|spd|1\n|move|p2b: Garchomp|Earthquake|p1b: Incineroar|[spread] p1a,p1b\n|-immune|p2a: Corviknight\n|-supereffective|p1b: Incineroar|1\n|-damage|p1a: Floette|71/100\n|-damage|p1b: Incineroar|59/100\n|move|p2a: Corviknight|Brave Bird|p1a: Floette\n|-damage|p1a: Floette|29/100\n|-damage|p2a: Corviknight|88/100|[from] Recoil\n|\n|-heal|p2a: Corviknight|94/100|[from] item: Leftovers\n|upkeep\n|turn|3\n|inactive|scinxv has 30 seconds left.\n|inactive|scinxv has 20 seconds left.\n|inactive|scinxv has 15 seconds left.\n|\n|t:|1775992612\n|move|p1b: Incineroar|Fake Out|p2a: Corviknight\n|-resisted|p2a: Corviknight|1\n|-damage|p2a: Corviknight|91/100\n|move|p1a: Floette|Dazzling Gleam|p2b: Garchomp|[spread] p2a,p2b\n|-resisted|p2a: Corviknight|1\n|-supereffective|p2b: Garchomp|1\n|-enditem|p2b: Garchomp|Roseli Berry|[eat]\n|-enditem|p2b: Garchomp|Roseli Berry|[weaken]\n|-damage|p2a: Corviknight|59/100\n|-damage|p2b: Garchomp|0 fnt\n|faint|p2b: Garchomp\n|cant|p2a: Corviknight|flinch\n|\n|-heal|p2a: Corviknight|65/100|[from] item: Leftovers\n|upkeep\n|\n|t:|1775992625\n|switch|p2b: Manectric|Manectric-Mega, L50, M|100/100\n|-ability|p2b: Manectric|Intimidate|boost\n|-unboost|p1a: Floette|atk|1\n|-unboost|p1b: Incineroar|atk|1\n|turn|4\n|\n|t:|1775992636\n|move|p1b: Incineroar|Helping Hand|p1a: Floette\n|-singleturn|p1a: Floette|Helping Hand|[of] p1b: Incineroar\n|move|p1a: Floette|Moonblast|p2a: Corviknight\n|-resisted|p2a: Corviknight|1\n|-damage|p2a: Corviknight|0 fnt\n|faint|p2a: Corviknight\n|move|p2b: Manectric|Snarl|p1b: Incineroar|[spread] p1a,p1b\n|-resisted|p1a: Floette|1\n|-resisted|p1b: Incineroar|1\n|-damage|p1a: Floette|26/100\n|-damage|p1b: Incineroar|54/100\n|-unboost|p1a: Floette|spa|1\n|-unboost|p1b: Incineroar|spa|1\n|\n|-sideend|p1: viperino7|move: Tailwind\n|upkeep\n|\n|t:|1775992648\n|switch|p2a: Volcarona|Volcarona, L50, M|100/100\n|turn|5\n|\n|t:|1775992665\n|move|p1a: Floette|Protect|p1a: Floette\n|-singleturn|p1a: Floette|Protect\n|move|p2b: Manectric|Volt Switch|p1b: Incineroar\n|-damage|p1b: Incineroar|28/100\n|move|p2a: Volcarona|Overheat|p1a: Floette\n|-activate|p1a: Floette|move: Protect\n|move|p1b: Incineroar|Parting Shot|p2b: Manectric\n|-unboost|p2b: Manectric|atk|1\n|-unboost|p2b: Manectric|spa|1\n|\n|t:|1775992675\n|switch|p1b: Garchomp|Garchomp, L50, F, shiny|91/100|[from] Parting Shot\n|\n|upkeep\n|turn|6\n|-message|scinxv forfeited.\n|\n|win|viperino7\n|raw|viperino7's rating: 1114 &rarr; <strong>1144</strong><br />(+30 for winning)\n|raw|scinxv's rating: 1188 &rarr; <strong>1158</strong><br />(-30 for losing)\n|l|\u2606scinxv\n|player|p2|\n",
  "uploadtime": 1775992687,
  "views": 23,
  "formatid": "gen9championsvgc2026regma",
  "rating": 1144,
  "private": 0,
  "password": null
}