{
  "id": "gen9championsvgc2026regma-2584976303",
  "format": "[Gen 9 Champions] VGC 2026 Reg M-A",
  "players": [
    "Mechromatt",
    "rocci"
  ],
  "log": "|j|\u2606Mechromatt\n|j|\u2606rocci\n|t:|1776299856\n|gametype|doubles\n|player|p1|Mechromatt|1|1130\n|player|p2|rocci|beauty-gen4dp|1223\n|gen|9\n|tier|[Gen 9 Champions] VGC 2026 Reg M-A\n|rated|\n|rule|Species Clause: Limit one of each Pok\u00e9mon\n|rule|Item Clause: Limit 1 of each item\n|clearpoke\n|poke|p1|Sableye, L50, F|\n|poke|p1|Venusaur, L50, F|\n|poke|p1|Aerodactyl, L50, M|\n|poke|p1|Tyrantrum, L50, M|\n|poke|p1|Hydreigon, L50, M|\n|poke|p1|Charizard, L50, M|\n|poke|p2|Sylveon, L50, M|\n|poke|p2|Slowbro, L50, F|\n|poke|p2|Tyranitar, L50, M|\n|poke|p2|Farigiraf, L50, M|\n|poke|p2|Clefable, L50, F|\n|poke|p2|Conkeldurr, L50, M|\n|teampreview|4\n|\n|t:|1776299930\n|teamsize|p1|4\n|teamsize|p2|4\n|start\n|switch|p1a: Aerodactyl|Aerodactyl, L50, M, shiny|100/100\n|switch|p1b: Hydreigon|Hydreigon, L50, M|100/100\n|switch|p2a: Slowbro|Slowbro, L50, F|100/100\n|switch|p2b: Sylveon|Sylveon, L50, M|100/100\n|-ability|p1a: Aerodactyl|Unnerve\n|turn|1\n|inactive|Battle timer is ON: inactive players will automatically lose when time's up. (requested by Mechromatt)\n|\n|t:|1776299959\n|move|p2b: Sylveon|Protect|p2b: Sylveon\n|-singleturn|p2b: Sylveon|Protect\n|move|p1a: Aerodactyl|Rock Slide|p2a: Slowbro|[spread] p2a\n|-activate|p2b: Sylveon|move: Protect\n|-damage|p2a: Slowbro|85/100\n|move|p1b: Hydreigon|Dark Pulse|p2a: Slowbro\n|-supereffective|p2a: Slowbro|1\n|-damage|p2a: Slowbro|0 fnt\n|faint|p2a: Slowbro\n|\n|upkeep\n|\n|t:|1776299967\n|switch|p2a: Tyranitar|Tyranitar, L50, M|100/100\n|-weather|Sandstorm|[from] ability: Sand Stream|[of] p2a: Tyranitar\n|turn|2\n|inactive|Mechromatt has 30 seconds left.\n|inactive|Mechromatt has 20 seconds left.\n|\n|t:|1776300004\n|move|p1a: Aerodactyl|Rock Slide|p2a: Tyranitar|[spread] p2a,p2b\n|-damage|p2a: Tyranitar|82/100\n|-damage|p2b: Sylveon|68/100\n|move|p1b: Hydreigon|Draco Meteor|p2a: Tyranitar\n|-damage|p2a: Tyranitar|41/100\n|-unboost|p1b: Hydreigon|spa|2\n|cant|p2b: Sylveon|flinch\n|move|p2a: Tyranitar|Rock Slide|p1b: Hydreigon|[spread] p1a,p1b\n|-supereffective|p1a: Aerodactyl|1\n|-enditem|p1a: Aerodactyl|Focus Sash\n|-damage|p1a: Aerodactyl|1/100\n|-damage|p1b: Hydreigon|61/100\n|\n|-weather|Sandstorm|[upkeep]\n|-damage|p1b: Hydreigon|55/100|[from] Sandstorm\n|-damage|p2b: Sylveon|62/100|[from] Sandstorm\n|upkeep\n|turn|3\n|\n|t:|1776300025\n|move|p1a: Aerodactyl|Rock Slide|p2b: Sylveon|[spread] p2a\n|-miss|p1a: Aerodactyl|p2b: Sylveon\n|-damage|p2a: Tyranitar|22/100\n|move|p1b: Hydreigon|Dark Pulse|p2b: Sylveon\n|-resisted|p2b: Sylveon|1\n|-damage|p2b: Sylveon|54/100\n|move|p2b: Sylveon|Hyper Voice|p1a: Aerodactyl|[spread] p1a,p1b\n|-supereffective|p1b: Hydreigon|2\n|-damage|p1a: Aerodactyl|0 fnt\n|-damage|p1b: Hydreigon|0 fnt\n|faint|p1a: Aerodactyl\n|faint|p1b: Hydreigon\n|move|p2a: Tyranitar|Rock Slide|p1: Aerodactyl|[notarget]\n|-fail|p2a: Tyranitar\n|\n|-weather|Sandstorm|[upkeep]\n|-damage|p2b: Sylveon|49/100|[from] Sandstorm\n|upkeep\n|\n|t:|1776300049\n|switch|p1a: Tyrantrum|Tyrantrum, L50, M, shiny|100/100\n|switch|p1b: Charizard|Charizard, L50, M|100/100\n|turn|4\n|\n|t:|1776300069\n|detailschange|p1b: Charizard|Charizard-Mega-Y, L50, M\n|-mega|p1b: Charizard|Charizard|Charizardite Y\n|-weather|SunnyDay|[from] ability: Drought|[of] p1b: Charizard\n|move|p2a: Tyranitar|Protect|p2a: Tyranitar\n|-singleturn|p2a: Tyranitar|Protect\n|move|p1a: Tyrantrum|Head Smash|p2b: Sylveon\n|-damage|p2b: Sylveon|0 fnt\n|faint|p2b: Sylveon\n|move|p1b: Charizard|Solar Beam||[still]\n|-prepare|p1b: Charizard|Solar Beam\n|-anim|p1b: Charizard|Solar Beam|p2a: Tyranitar\n|-activate|p2a: Tyranitar|move: Protect\n|\n|-weather|SunnyDay|[upkeep]\n|upkeep\n|\n|t:|1776300077\n|switch|p2b: Farigiraf|Farigiraf, L50, M|100/100\n|turn|5\n|\n|t:|1776300098\n|detailschange|p2a: Tyranitar|Tyranitar-Mega, L50, M\n|-mega|p2a: Tyranitar|Tyranitar|Tyranitarite\n|-weather|Sandstorm|[from] ability: Sand Stream|[of] p2a: Tyranitar\n|move|p2a: Tyranitar|Protect||[still]\n|-fail|p2a: Tyranitar\n|move|p1a: Tyrantrum|Head Smash|p2b: Farigiraf|[miss]\n|-miss|p1a: Tyrantrum|p2b: Farigiraf\n|move|p1b: Charizard|Solar Beam||[still]\n|-prepare|p1b: Charizard|Solar Beam\n|move|p2b: Farigiraf|Trick Room|p2b: Farigiraf\n|-fieldstart|move: Trick Room|[of] p2b: Farigiraf\n|\n|-weather|Sandstorm|[upkeep]\n|-damage|p2b: Farigiraf|94/100|[from] Sandstorm\n|-damage|p1b: Charizard|95/100|[from] Sandstorm\n|upkeep\n|turn|6\n|\n|t:|1776300113\n|move|p2b: Farigiraf|Foul Play|p1a: Tyrantrum\n|-damage|p1a: Tyrantrum|69/100\n|move|p2a: Tyranitar|Rock Slide|p1b: Charizard|[spread] p1a,p1b\n|-supereffective|p1b: Charizard|2\n|-damage|p1a: Tyrantrum|33/100\n|-damage|p1b: Charizard|0 fnt\n|faint|p1b: Charizard\n|move|p1a: Tyrantrum|Head Smash|p2a: Tyranitar|[miss]\n|-miss|p1a: Tyrantrum|p2a: Tyranitar\n|\n|-weather|Sandstorm|[upkeep]\n|-damage|p2b: Farigiraf|88/100|[from] Sandstorm\n|upkeep\n|turn|7\n|\n|t:|1776300124\n|move|p2b: Farigiraf|Psychic|p1a: Tyrantrum\n|-damage|p1a: Tyrantrum|0 fnt\n|faint|p1a: Tyrantrum\n|\n|win|rocci\n|raw|Mechromatt's rating: 1130 &rarr; <strong>1112</strong><br />(-18 for losing)\n|raw|rocci's rating: 1223 &rarr; <strong>1241</strong><br />(+18 for winning)\n|l|\u2606Mechromatt\n|player|p1|\n|c|\u2606rocci|sry about the luck\n",
  "uploadtime": 1776300130,
  "views": 28,
  "formatid": "gen9championsvgc2026regma",
  "rating": 1112,
  "private": 0,
  "password": null
}