{
  "id": "gen9championsvgc2026regma-2586214489",
  "format": "[Gen 9 Champions] VGC 2026 Reg M-A",
  "players": [
    "25528989d",
    "smokeroftheweed"
  ],
  "log": "|j|\u260625528989d\n|j|\u2606smokeroftheweed\n|t:|1776413282\n|gametype|doubles\n|player|p1|25528989d|roxie-masters|1085\n|player|p2|smokeroftheweed|giovanni|1078\n|gen|9\n|tier|[Gen 9 Champions] VGC 2026 Reg M-A\n|rated|\n|rule|Species Clause: Limit one of each Pok\u00e9mon\n|rule|Item Clause: Limit 1 of each item\n|clearpoke\n|poke|p1|Charizard, L50, F|\n|poke|p1|Tyranitar, L50, M|\n|poke|p1|Gyarados, L50, F|\n|poke|p1|Garchomp, L50, F|\n|poke|p1|Rotom-Mow, L50|\n|poke|p1|Lucario, L50, M|\n|poke|p2|Whimsicott, L50, F|\n|poke|p2|Incineroar, L50, F|\n|poke|p2|Sneasler, L50, M|\n|poke|p2|Sinistcha, L50|\n|poke|p2|Venusaur, L50, M|\n|poke|p2|Charizard, L50, F|\n|teampreview|4\n|\n|t:|1776413321\n|teamsize|p1|4\n|teamsize|p2|4\n|start\n|switch|p1a: Tyranitar|Tyranitar, L50, M|100/100\n|switch|p1b: Rotom|Rotom-Mow, L50|100/100\n|switch|p2a: Whimsicott|Whimsicott, L50, F|100/100\n|switch|p2b: Incineroar|Incineroar, L50, F|100/100\n|-ability|p2b: Incineroar|Intimidate|boost\n|-unboost|p1a: Tyranitar|atk|1\n|-unboost|p1b: Rotom|atk|1\n|-weather|Sandstorm|[from] ability: Sand Stream|[of] p1a: Tyranitar\n|turn|1\n|\n|t:|1776413344\n|switch|p1a: Charizard|Charizard, L50, F|100/100\n|move|p2b: Incineroar|Fake Out|p1a: Charizard\n|-damage|p1a: Charizard|85/100\n|move|p2a: Whimsicott|Tailwind|p2a: Whimsicott\n|-sidestart|p2: smokeroftheweed|move: Tailwind\n|move|p1b: Rotom|Thunderbolt|p2a: Whimsicott\n|-resisted|p2a: Whimsicott|1\n|-crit|p2a: Whimsicott\n|-damage|p2a: Whimsicott|65/100\n|\n|-weather|Sandstorm|[upkeep]\n|-damage|p2a: Whimsicott|59/100|[from] Sandstorm\n|-damage|p2b: Incineroar|94/100|[from] Sandstorm\n|-damage|p1a: Charizard|79/100|[from] Sandstorm\n|-damage|p1b: Rotom|95/100|[from] Sandstorm\n|-heal|p2a: Whimsicott|65/100|[from] item: Leftovers\n|upkeep\n|turn|2\n|\n|t:|1776413378\n|switch|p2a: Charizard|Charizard, L50, F|100/100\n|move|p2b: Incineroar|Parting Shot|p1a: Charizard\n|-unboost|p1a: Charizard|atk|1\n|-unboost|p1a: Charizard|spa|1\n|inactive|Battle timer is ON: inactive players will automatically lose when time's up. (requested by 25528989d)\n|\n|t:|1776413386\n|switch|p2b: Whimsicott|Whimsicott, L50, F|65/100|[from] Parting Shot\n|move|p1a: Charizard|Weather Ball|p2b: Whimsicott\n|-damage|p2b: Whimsicott|37/100\n|move|p1b: Rotom|Thunderbolt|p2b: Whimsicott\n|-resisted|p2b: Whimsicott|1\n|-damage|p2b: Whimsicott|14/100\n|-status|p2b: Whimsicott|par\n|\n|-weather|Sandstorm|[upkeep]\n|-damage|p2a: Charizard|94/100|[from] Sandstorm\n|-damage|p2b: Whimsicott|8/100 par|[from] Sandstorm\n|-damage|p1a: Charizard|72/100|[from] Sandstorm\n|-damage|p1b: Rotom|89/100|[from] Sandstorm\n|-heal|p2b: Whimsicott|14/100 par|[from] item: Leftovers\n|upkeep\n|turn|3\n|inactive|smokeroftheweed has 30 seconds left.\n|\n|t:|1776413415\n|switch|p1b: Garchomp|Garchomp, L50, F|100/100\n|detailschange|p2a: Charizard|Charizard-Mega-Y, L50, F\n|-mega|p2a: Charizard|Charizard|Charizardite Y\n|-weather|SunnyDay|[from] ability: Drought|[of] p2a: Charizard\n|move|p1a: Charizard|Protect|p1a: Charizard\n|-singleturn|p1a: Charizard|Protect\n|move|p2a: Charizard|Heat Wave|p1a: Charizard|[spread] p1b\n|-activate|p1a: Charizard|move: Protect\n|-resisted|p1b: Garchomp|1\n|-damage|p1b: Garchomp|66/100\n|move|p2b: Whimsicott|Moonblast|p1b: Garchomp\n|-supereffective|p1b: Garchomp|1\n|-damage|p1b: Garchomp|0 fnt\n|faint|p1b: Garchomp\n|\n|-weather|SunnyDay|[upkeep]\n|-heal|p2b: Whimsicott|21/100 par|[from] item: Leftovers\n|upkeep\n|\n|t:|1776413425\n|switch|p1b: Tyranitar|Tyranitar, L50, M|100/100\n|-weather|Sandstorm|[from] ability: Sand Stream|[of] p1b: Tyranitar\n|turn|4\n|inactive|25528989d has 30 seconds left.\n|inactive|smokeroftheweed has 30 seconds left.\n|inactive|smokeroftheweed has 20 seconds left.\n|\n|t:|1776413464\n|switch|p2a: Sinistcha|Sinistcha, L50|100/100\n|-heal|p2b: Whimsicott|46/100 par|[from] ability: Hospitality|[of] p2a: Sinistcha\n|cant|p2b: Whimsicott|par\n|move|p1a: Charizard|Heat Wave|p2a: Sinistcha|[spread] p2a,p2b\n|-supereffective|p2a: Sinistcha|1\n|-supereffective|p2b: Whimsicott|1\n|-damage|p2a: Sinistcha|47/100\n|-damage|p2b: Whimsicott|0 fnt\n|faint|p2b: Whimsicott\n|move|p1b: Tyranitar|Rock Slide|p2a: Sinistcha\n|-damage|p2a: Sinistcha|11/100\n|\n|-weather|Sandstorm|[upkeep]\n|-damage|p2a: Sinistcha|5/100|[from] Sandstorm\n|-damage|p1a: Charizard|66/100|[from] Sandstorm\n|-sideend|p2: smokeroftheweed|move: Tailwind\n|upkeep\n|\n|t:|1776413481\n|switch|p2b: Incineroar|Incineroar, L50, F|94/100\n|-ability|p2b: Incineroar|Intimidate|boost\n|-unboost|p1a: Charizard|atk|1\n|-unboost|p1b: Tyranitar|atk|1\n|turn|5\n|inactive|25528989d has 30 seconds left.\n|inactive|smokeroftheweed has 30 seconds left.\n|inactive|25528989d has 20 seconds left.\n|\n|t:|1776413519\n|switch|p1b: Rotom|Rotom-Mow, L50|89/100\n|move|p2b: Incineroar|Fake Out|p1a: Charizard\n|-damage|p1a: Charizard|50/100\n|cant|p1a: Charizard|flinch\n|move|p2a: Sinistcha|Matcha Gotcha|p1b: Rotom|[spread] p1a\n|-miss|p2a: Sinistcha|p1b: Rotom\n|-resisted|p1a: Charizard|2\n|-damage|p1a: Charizard|42/100\n|-heal|p2a: Sinistcha|10/100|[from] drain|[of] p1a: Charizard\n|\n|-weather|Sandstorm|[upkeep]\n|-damage|p1a: Charizard|36/100|[from] Sandstorm\n|-damage|p1b: Rotom|83/100|[from] Sandstorm\n|-damage|p2b: Incineroar|88/100|[from] Sandstorm\n|-damage|p2a: Sinistcha|4/100|[from] Sandstorm\n|upkeep\n|turn|6\n|inactive|smokeroftheweed has 30 seconds left.\n|\n|t:|1776413548\n|move|p2a: Sinistcha|Protect|p2a: Sinistcha\n|-singleturn|p2a: Sinistcha|Protect\n|move|p1a: Charizard|Weather Ball|p2b: Incineroar\n|-supereffective|p2b: Incineroar|1\n|-damage|p2b: Incineroar|47/100\n|-enditem|p2b: Incineroar|Sitrus Berry|[eat]\n|-heal|p2b: Incineroar|71/100|[from] item: Sitrus Berry\n|move|p1b: Rotom|Thunderbolt|p2b: Incineroar\n|-damage|p2b: Incineroar|40/100\n|move|p2b: Incineroar|Darkest Lariat|p1a: Charizard\n|-damage|p1a: Charizard|0 fnt\n|faint|p1a: Charizard\n|\n|-weather|Sandstorm|[upkeep]\n|-damage|p1b: Rotom|78/100|[from] Sandstorm\n|-damage|p2b: Incineroar|33/100|[from] Sandstorm\n|-damage|p2a: Sinistcha|0 fnt|[from] Sandstorm\n|faint|p2a: Sinistcha\n|upkeep\n|\n|t:|1776413566\n|switch|p1a: Tyranitar|Tyranitar, L50, M|100/100\n|switch|p2a: Charizard|Charizard-Mega-Y, L50, F|94/100\n|-weather|SunnyDay|[from] ability: Drought|[of] p2a: Charizard\n|-weather|Sandstorm|[from] ability: Sand Stream|[of] p1a: Tyranitar\n|turn|7\n|inactive|smokeroftheweed has 30 seconds left.\n|inactive|smokeroftheweed has 20 seconds left.\n|inactive|smokeroftheweed has 15 seconds left.\n|inactive|smokeroftheweed has 10 seconds left.\n|l|\u2606smokeroftheweed\n|inactive|smokeroftheweed disconnected and has a minute to reconnect!\n|player|p2|\n|inactive|smokeroftheweed has 5 seconds left.\n|-message|smokeroftheweed lost due to inactivity.\n|\n|win|25528989d\n|raw|25528989d's rating: 1085 &rarr; <strong>1112</strong><br />(+27 for winning)\n|raw|smokeroftheweed's rating: 1078 &rarr; <strong>1057</strong><br />(-21 for losing)\n",
  "uploadtime": 1776413621,
  "views": 19,
  "formatid": "gen9championsvgc2026regma",
  "rating": 1057,
  "private": 0,
  "password": null
}