{
  "id": "gen9championsvgc2026regma-2587794601",
  "format": "[Gen 9 Champions] VGC 2026 Reg M-A",
  "players": [
    "zhz2021",
    "manofcream"
  ],
  "log": "|j|\u2606zhz2021\n|j|\u2606manofcream\n|t:|1776564711\n|gametype|doubles\n|player|p1|zhz2021|marley|1490\n|player|p2|manofcream|swimmer|1401\n|gen|9\n|tier|[Gen 9 Champions] VGC 2026 Reg M-A\n|rated|\n|rule|Species Clause: Limit one of each Pok\u00e9mon\n|rule|Item Clause: Limit 1 of each item\n|clearpoke\n|poke|p1|Sableye, L50, F|\n|poke|p1|Archaludon, L50, M|\n|poke|p1|Scovillain, L50, M, shiny|\n|poke|p1|Basculegion-F, L50, F, shiny|\n|poke|p1|Pelipper, L50, F|\n|poke|p1|Mamoswine, L50, M|\n|poke|p2|Sinistcha, L50|\n|poke|p2|Gyarados, L50, M|\n|poke|p2|Rotom-Heat, L50|\n|poke|p2|Gliscor, L50, F|\n|poke|p2|Sneasler, L50, M|\n|poke|p2|Sylveon, L50, F|\n|teampreview|4\n|\n|t:|1776564743\n|teamsize|p1|4\n|teamsize|p2|4\n|start\n|switch|p1a: Sableye|Sableye, L50, F|100/100\n|switch|p1b: Basculegion|Basculegion-F, L50, F, shiny|100/100\n|switch|p2a: Sneasler|Sneasler, L50, M|100/100\n|switch|p2b: Sinistcha|Sinistcha, L50|100/100\n|turn|1\n|\n|t:|1776564765\n|move|p2a: Sneasler|Protect|p2a: Sneasler\n|-singleturn|p2a: Sneasler|Protect\n|move|p1b: Basculegion|Protect|p1b: Basculegion\n|-singleturn|p1b: Basculegion|Protect\n|move|p1a: Sableye|Foul Play|p2b: Sinistcha\n|-supereffective|p2b: Sinistcha|1\n|-damage|p2b: Sinistcha|56/100\n|move|p2b: Sinistcha|Trick Room|p2b: Sinistcha\n|-fieldstart|move: Trick Room|[of] p2b: Sinistcha\n|\n|upkeep\n|turn|2\n|\n|t:|1776564774\n|switch|p2a: Sylveon|Sylveon, L50, F|100/100\n|move|p1a: Sableye|Encore|p2b: Sinistcha\n|-start|p2b: Sinistcha|Encore\n|move|p1b: Basculegion|Muddy Water|p2b: Sinistcha|[spread] p2a,p2b\n|-resisted|p2b: Sinistcha|1\n|-damage|p2a: Sylveon|75/100\n|-damage|p2b: Sinistcha|42/100\n|move|p2b: Sinistcha|Trick Room|p2b: Sinistcha\n|-fieldend|move: Trick Room\n|\n|upkeep\n|turn|3\n|\n|t:|1776564785\n|move|p1a: Sableye|Rain Dance|p1a: Sableye\n|-weather|RainDance\n|move|p1b: Basculegion|Muddy Water|p2b: Sinistcha|[spread] p2a,p2b\n|-resisted|p2b: Sinistcha|1\n|-damage|p2a: Sylveon|38/100\n|-damage|p2b: Sinistcha|21/100\n|move|p2a: Sylveon|Hyper Voice|p1a: Sableye|[spread] p1a,p1b\n|-supereffective|p1a: Sableye|1\n|-enditem|p1a: Sableye|Roseli Berry|[eat]\n|-enditem|p1a: Sableye|Roseli Berry|[weaken]\n|-damage|p1a: Sableye|43/100\n|-damage|p1b: Basculegion|45/100\n|move|p2b: Sinistcha|Trick Room|p2b: Sinistcha\n|-fieldstart|move: Trick Room|[of] p2b: Sinistcha\n|\n|-weather|RainDance|[upkeep]\n|upkeep\n|turn|4\n|c|\u2606manofcream|button clicking I swear\n|\n|t:|1776564802\n|switch|p2b: Gyarados|Gyarados, L50, M|100/100\n|-ability|p2b: Gyarados|Intimidate|boost\n|-unboost|p1a: Sableye|atk|1\n|-unboost|p1b: Basculegion|atk|1\n|move|p1a: Sableye|Disable|p2a: Sylveon\n|-start|p2a: Sylveon|Disable|Hyper Voice\n|cant|p2a: Sylveon|Disable|Hyper Voice\n|move|p1b: Basculegion|Muddy Water|p2a: Sylveon|[spread] p2a,p2b\n|-resisted|p2b: Gyarados|1\n|-damage|p2a: Sylveon|0 fnt\n|-damage|p2b: Gyarados|77/100\n|faint|p2a: Sylveon\n|\n|-weather|RainDance|[upkeep]\n|upkeep\n|\n|t:|1776564807\n|switch|p2a: Sinistcha|Sinistcha, L50|21/100\n|-heal|p2b: Gyarados|100/100|[from] ability: Hospitality|[of] p2a: Sinistcha\n|turn|5\n|\n|t:|1776564820\n|detailschange|p2b: Gyarados|Gyarados-Mega, L50, M\n|-mega|p2b: Gyarados|Gyarados|Gyaradosite\n|-ability|p2b: Gyarados|Mold Breaker\n|move|p1a: Sableye|Foul Play|p2a: Sinistcha\n|-supereffective|p2a: Sinistcha|1\n|-damage|p2a: Sinistcha|0 fnt\n|faint|p2a: Sinistcha\n|move|p2b: Gyarados|Lash Out|p1b: Basculegion\n|-supereffective|p1b: Basculegion|1\n|-enditem|p1b: Basculegion|Colbur Berry|[eat]\n|-enditem|p1b: Basculegion|Colbur Berry|[weaken]\n|-damage|p1b: Basculegion|0 fnt\n|faint|p1b: Basculegion\n|\n|-weather|RainDance|[upkeep]\n|upkeep\n|\n|t:|1776564824\n|switch|p2a: Sneasler|Sneasler, L50, M|100/100\n|switch|p1b: Scovillain|Scovillain, L50, M, shiny|100/100\n|turn|6\n|\n|t:|1776564845\n|move|p1b: Scovillain|Protect|p1b: Scovillain\n|-singleturn|p1b: Scovillain|Protect\n|move|p2a: Sneasler|Fake Out|p1b: Scovillain\n|-activate|p1b: Scovillain|move: Protect\n|move|p1a: Sableye|Foul Play|p2a: Sneasler\n|-resisted|p2a: Sneasler|1\n|-damage|p2a: Sneasler|54/100\n|move|p2b: Gyarados|Waterfall|p1a: Sableye\n|-damage|p1a: Sableye|0 fnt\n|faint|p1a: Sableye\n|\n|-weather|RainDance|[upkeep]\n|-ability|p1b: Scovillain|Moody|boost\n|-boost|p1b: Scovillain|atk|2\n|-unboost|p1b: Scovillain|spd|1\n|upkeep\n|\n|t:|1776564847\n|switch|p1a: Archaludon|Archaludon, L50, M|100/100\n|turn|7\n|\n|t:|1776564854\n|detailschange|p1b: Scovillain|Scovillain-Mega, L50, M, shiny\n|-mega|p1b: Scovillain|Scovillain|Scovillainite\n|move|p2a: Sneasler|Protect|p2a: Sneasler\n|-singleturn|p2a: Sneasler|Protect\n|move|p1b: Scovillain|Giga Drain|p2b: Gyarados\n|-supereffective|p2b: Gyarados|1\n|-crit|p2b: Gyarados\n|-damage|p2b: Gyarados|2/100\n|move|p1a: Archaludon|Electro Shot||[still]\n|-prepare|p1a: Archaludon|Electro Shot\n|-boost|p1a: Archaludon|spa|1\n|-anim|p1a: Archaludon|Electro Shot|p2a: Sneasler\n|-activate|p2a: Sneasler|move: Protect\n|move|p2b: Gyarados|Waterfall|p1b: Scovillain\n|-damage|p1b: Scovillain|25/100\n|-status|p2b: Gyarados|brn|[from] ability: Spicy Spray|[of] p1b: Scovillain\n|\n|-weather|none\n|-damage|p2b: Gyarados|0 fnt|[from] brn\n|faint|p2b: Gyarados\n|-fieldend|move: Trick Room\n|upkeep\n|turn|8\n|c|\u2606manofcream|ok\n|\n|t:|1776564870\n|move|p1b: Scovillain|Rage Powder|p1b: Scovillain\n|-singleturn|p1b: Scovillain|move: Rage Powder\n|move|p2a: Sneasler|Close Combat|p1b: Scovillain\n|-damage|p1b: Scovillain|0 fnt\n|-unboost|p2a: Sneasler|def|1\n|-unboost|p2a: Sneasler|spd|1\n|-status|p2a: Sneasler|brn|[from] ability: Spicy Spray|[of] p1b: Scovillain\n|faint|p1b: Scovillain\n|move|p1a: Archaludon|Flash Cannon|p2a: Sneasler\n|-damage|p2a: Sneasler|0 fnt\n|faint|p2a: Sneasler\n|\n|win|zhz2021\n|raw|zhz2021's rating: 1490 &rarr; <strong>1505</strong><br />(+15 for winning)\n|raw|manofcream's rating: 1401 &rarr; <strong>1386</strong><br />(-15 for losing)\n|l|\u2606manofcream\n|player|p2|\n",
  "uploadtime": 1776564881,
  "views": 16,
  "formatid": "gen9championsvgc2026regma",
  "rating": 1386,
  "private": 0,
  "password": null
}