{
  "id": "gen9championsvgc2026regma-2587907371",
  "format": "[Gen 9 Champions] VGC 2026 Reg M-A",
  "players": [
    "EyYePkm",
    "choko1"
  ],
  "log": "|j|\u2606EyYePkm\n|j|\u2606choko1\n|t:|1776577414\n|gametype|doubles\n|player|p1|EyYePkm|102|1109\n|player|p2|choko1|clown|1097\n|gen|9\n|tier|[Gen 9 Champions] VGC 2026 Reg M-A\n|rated|\n|rule|Species Clause: Limit one of each Pok\u00e9mon\n|rule|Item Clause: Limit 1 of each item\n|clearpoke\n|poke|p1|Beedrill, L50, F|\n|poke|p1|Basculegion, L50, M|\n|poke|p1|Pelipper, L50, F|\n|poke|p1|Sneasler, L50, F|\n|poke|p1|Milotic, L50, F|\n|poke|p1|Dragonite, L50, M|\n|poke|p2|Tyranitar, L50, M|\n|poke|p2|Tinkaton, L50, F|\n|poke|p2|Gengar, L50, M, shiny|\n|poke|p2|Arcanine, L50, M, shiny|\n|poke|p2|Rotom-Wash, L50|\n|poke|p2|Mamoswine, L50, F|\n|teampreview|4\n|inactive|Battle timer is ON: inactive players will automatically lose when time's up. (requested by EyYePkm)\n|inactive|EyYePkm has 60 seconds left.\n|\n|t:|1776577457\n|teamsize|p1|4\n|teamsize|p2|4\n|start\n|switch|p1a: Sneasler|Sneasler, L50, F|100/100\n|switch|p1b: Milotic|Milotic, L50, F|100/100\n|switch|p2a: Rotom|Rotom-Wash, L50|100/100\n|switch|p2b: Gengar|Gengar, L50, M, shiny|100/100\n|turn|1\n|inactive|choko1 has 30 seconds left.\n|\n|t:|1776577490\n|detailschange|p2b: Gengar|Gengar-Mega, L50, M, shiny\n|-mega|p2b: Gengar|Gengar|Gengarite\n|move|p1a: Sneasler|Fake Out|p2a: Rotom\n|-damage|p2a: Rotom|85/100\n|cant|p2a: Rotom|flinch\n|move|p2b: Gengar|Shadow Ball|p1a: Sneasler\n|-damage|p1a: Sneasler|33/100\n|move|p1b: Milotic|Coil|p1b: Milotic\n|-boost|p1b: Milotic|atk|1\n|-boost|p1b: Milotic|def|1\n|-boost|p1b: Milotic|accuracy|1\n|\n|upkeep\n|turn|2\n|\n|t:|1776577507\n|move|p1b: Milotic|Protect|p1b: Milotic\n|-singleturn|p1b: Milotic|Protect\n|move|p2a: Rotom|Thunderbolt|p1b: Milotic\n|-activate|p1b: Milotic|move: Protect\n|move|p2b: Gengar|Shadow Ball|p1a: Sneasler\n|-damage|p1a: Sneasler|0 fnt\n|faint|p1a: Sneasler\n|\n|upkeep\n|\n|t:|1776577519\n|switch|p1a: Pelipper|Pelipper, L50, F|100/100\n|-weather|RainDance|[from] ability: Drizzle|[of] p1a: Pelipper\n|turn|3\n|\n|t:|1776577538\n|move|p2b: Gengar|Protect|p2b: Gengar\n|-singleturn|p2b: Gengar|Protect\n|move|p2a: Rotom|Thunderbolt|p1a: Pelipper\n|-supereffective|p1a: Pelipper|2\n|-damage|p1a: Pelipper|0 fnt\n|faint|p1a: Pelipper\n|move|p1b: Milotic|Muddy Water|p2b: Gengar|[spread] p2a\n|-activate|p2b: Gengar|move: Protect\n|-resisted|p2a: Rotom|1\n|-damage|p2a: Rotom|64/100\n|\n|-weather|RainDance|[upkeep]\n|upkeep\n|\n|t:|1776577545\n|switch|p1a: Basculegion|Basculegion, L50, M|100/100\n|turn|4\n|\n|t:|1776577562\n|switch|p2b: Tyranitar|Tyranitar, L50, M|100/100\n|-weather|Sandstorm|[from] ability: Sand Stream|[of] p2b: Tyranitar\n|move|p2a: Rotom|Thunderbolt|p1a: Basculegion\n|-supereffective|p1a: Basculegion|1\n|-damage|p1a: Basculegion|9/100\n|move|p1a: Basculegion|Last Respects|p2b: Tyranitar\n|-resisted|p2b: Tyranitar|1\n|-damage|p2b: Tyranitar|66/100\n|move|p1b: Milotic|Muddy Water|p2b: Tyranitar|[spread] p2a,p2b\n|-resisted|p2a: Rotom|1\n|-supereffective|p2b: Tyranitar|1\n|-damage|p2a: Rotom|48/100\n|-damage|p2b: Tyranitar|35/100\n|-unboost|p2a: Rotom|accuracy|1\n|\n|-weather|Sandstorm|[upkeep]\n|-damage|p2a: Rotom|43/100|[from] Sandstorm\n|-damage|p1a: Basculegion|3/100|[from] Sandstorm\n|-damage|p1b: Milotic|94/100|[from] Sandstorm\n|-heal|p1b: Milotic|100/100|[from] item: Leftovers\n|upkeep\n|turn|5\n|\n|t:|1776577590\n|move|p2b: Tyranitar|Protect|p2b: Tyranitar\n|-singleturn|p2b: Tyranitar|Protect\n|move|p1a: Basculegion|Aqua Jet|p2a: Rotom\n|-resisted|p2a: Rotom|1\n|-damage|p2a: Rotom|29/100\n|move|p2a: Rotom|Thunderbolt|p1a: Basculegion|[miss]\n|-miss|p2a: Rotom|p1a: Basculegion\n|move|p1b: Milotic|Muddy Water|p2b: Tyranitar|[spread] p2a\n|-activate|p2b: Tyranitar|move: Protect\n|-resisted|p2a: Rotom|1\n|-damage|p2a: Rotom|14/100\n|\n|-weather|Sandstorm|[upkeep]\n|-damage|p2a: Rotom|8/100|[from] Sandstorm\n|-damage|p1a: Basculegion|0 fnt|[from] Sandstorm\n|-damage|p1b: Milotic|94/100|[from] Sandstorm\n|faint|p1a: Basculegion\n|-heal|p1b: Milotic|100/100|[from] item: Leftovers\n|upkeep\n|turn|6\n|\n|t:|1776577605\n|move|p2a: Rotom|Thunderbolt|p1b: Milotic\n|-supereffective|p1b: Milotic|1\n|-damage|p1b: Milotic|44/100\n|move|p1b: Milotic|Muddy Water|p2b: Tyranitar|[spread] p2a,p2b\n|-resisted|p2a: Rotom|1\n|-supereffective|p2b: Tyranitar|1\n|-damage|p2a: Rotom|0 fnt\n|-damage|p2b: Tyranitar|3/100\n|-unboost|p2b: Tyranitar|accuracy|1\n|faint|p2a: Rotom\n|move|p2b: Tyranitar|Rock Slide|p1b: Milotic\n|-damage|p1b: Milotic|22/100\n|\n|-weather|Sandstorm|[upkeep]\n|-damage|p1b: Milotic|16/100|[from] Sandstorm\n|-heal|p1b: Milotic|22/100|[from] item: Leftovers\n|upkeep\n|\n|t:|1776577624\n|switch|p2a: Gengar|Gengar-Mega, L50, M, shiny|100/100\n|turn|7\n|\n|t:|1776577636\n|move|p1b: Milotic|Protect|p1b: Milotic\n|-singleturn|p1b: Milotic|Protect\n|move|p2a: Gengar|Sludge Bomb|p1b: Milotic\n|-activate|p1b: Milotic|move: Protect\n|move|p2b: Tyranitar|Rock Slide|p1b: Milotic\n|-activate|p1b: Milotic|move: Protect\n|\n|-weather|Sandstorm|[upkeep]\n|-damage|p2a: Gengar|95/100|[from] Sandstorm\n|-damage|p1b: Milotic|16/100|[from] Sandstorm\n|-heal|p1b: Milotic|22/100|[from] item: Leftovers\n|upkeep\n|turn|8\n|\n|t:|1776577647\n|move|p2a: Gengar|Sludge Bomb|p1b: Milotic\n|-crit|p1b: Milotic\n|-damage|p1b: Milotic|0 fnt\n|faint|p1b: Milotic\n|\n|win|choko1\n|raw|EyYePkm's rating: 1109 &rarr; <strong>1083</strong><br />(-26 for losing)\n|raw|choko1's rating: 1097 &rarr; <strong>1123</strong><br />(+26 for winning)\n|l|\u2606EyYePkm\n|player|p1|\n",
  "uploadtime": 1776577652,
  "views": 8,
  "formatid": "gen9championsvgc2026regma",
  "rating": 1083,
  "private": 0,
  "password": null
}