{
  "id": "gen9championsvgc2026regma-2582165978",
  "format": "[Gen 9 Champions] VGC 2026 Reg M-A",
  "players": [
    "DavidSilesPardillo",
    "skyhigh1234"
  ],
  "log": "|j|\u2606DavidSilesPardillo\n|j|\u2606skyhigh1234\n|t:|1776066403\n|gametype|doubles\n|player|p1|DavidSilesPardillo|cynthia|1085\n|player|p2|skyhigh1234|265|1134\n|gen|9\n|tier|[Gen 9 Champions] VGC 2026 Reg M-A\n|rated|\n|rule|Species Clause: Limit one of each Pok\u00e9mon\n|rule|Item Clause: Limit 1 of each item\n|clearpoke\n|poke|p1|Farigiraf, L50, M|\n|poke|p1|Charizard, L50, M|\n|poke|p1|Basculegion, L50, M|\n|poke|p1|Dragapult, L50, M|\n|poke|p1|Sneasler, L50, M|\n|poke|p1|Whimsicott, L50, F|\n|poke|p2|Slowbro, L50, F|\n|poke|p2|Sinistcha, L50|\n|poke|p2|Volcarona, L50, F|\n|poke|p2|Basculegion, L50, M|\n|poke|p2|Pelipper, L50, F|\n|poke|p2|Incineroar, L50, M|\n|teampreview|4\n|inactive|Battle timer is ON: inactive players will automatically lose when time's up. (requested by skyhigh1234)\n|inactive|DavidSilesPardillo has 60 seconds left.\n|\n|t:|1776066437\n|teamsize|p1|4\n|teamsize|p2|4\n|start\n|switch|p1a: Basculegion|Basculegion, L50, M|100/100\n|switch|p1b: Farigiraf|Farigiraf, L50, M, shiny|100/100\n|switch|p2a: Volcarona|Volcarona, L50, F, shiny|100/100\n|switch|p2b: Basculegion|Basculegion, L50, M, shiny|100/100\n|turn|1\n|inactive|DavidSilesPardillo has 30 seconds left.\n|inactive|skyhigh1234 has 30 seconds left.\n|\n|t:|1776066468\n|move|p2a: Volcarona|Protect|p2a: Volcarona\n|-singleturn|p2a: Volcarona|Protect\n|move|p1a: Basculegion|Wave Crash|p2a: Volcarona\n|-activate|p2a: Volcarona|move: Protect\n|move|p2b: Basculegion|Last Respects|p1a: Basculegion\n|-supereffective|p1a: Basculegion|1\n|-damage|p1a: Basculegion|15/100\n|move|p1b: Farigiraf|Energy Ball|p2b: Basculegion\n|-supereffective|p2b: Basculegion|1\n|-damage|p2b: Basculegion|53/100\n|\n|upkeep\n|turn|2\n|\n|t:|1776066488\n|switch|p2a: Fastbro|Slowbro, L50, F, shiny|100/100\n|move|p1a: Basculegion|Wave Crash|p2a: Fastbro\n|-resisted|p2a: Fastbro|1\n|-damage|p2a: Fastbro|68/100\n|-damage|p1a: Basculegion|4/100|[from] Recoil\n|move|p2b: Basculegion|Last Respects|p1a: Basculegion\n|-supereffective|p1a: Basculegion|1\n|-damage|p1a: Basculegion|0 fnt\n|faint|p1a: Basculegion\n|move|p1b: Farigiraf|Energy Ball|p2b: Basculegion\n|-supereffective|p2b: Basculegion|1\n|-damage|p2b: Basculegion|6/100\n|\n|upkeep\n|\n|t:|1776066503\n|switch|p1a: Charizard|Charizard, L50, M, shiny|100/100\n|turn|3\n|inactive|skyhigh1234 has 30 seconds left.\n|\n|t:|1776066531\n|switch|p2b: Sinistcha|Sinistcha, L50|100/100\n|-heal|p2a: Fastbro|93/100|[from] ability: Hospitality|[of] p2b: Sinistcha\n|move|p1a: Charizard|Protect|p1a: Charizard\n|-singleturn|p1a: Charizard|Protect\n|move|p2a: Fastbro|Protect|p2a: Fastbro\n|-singleturn|p2a: Fastbro|Protect\n|move|p1b: Farigiraf|Imprison|p1b: Farigiraf\n|-start|p1b: Farigiraf|move: Imprison\n|\n|upkeep\n|turn|4\n|inactive|skyhigh1234 has 30 seconds left.\n|inactive|skyhigh1234 has 20 seconds left.\n|inactive|skyhigh1234 has 15 seconds left.\n|inactive|skyhigh1234 has 10 seconds left.\n|inactive|skyhigh1234 has 5 seconds left.\n|\n|t:|1776066581\n|switch|p2a: Volcarona|Volcarona, L50, F, shiny|100/100\n|detailschange|p1a: Charizard|Charizard-Mega-Y, L50, M, shiny\n|-mega|p1a: Charizard|Charizard|Charizardite Y\n|-weather|SunnyDay|[from] ability: Drought|[of] p1a: Charizard\n|move|p2b: Sinistcha|Rage Powder|p2b: Sinistcha\n|-singleturn|p2b: Sinistcha|move: Rage Powder\n|move|p1a: Charizard|Heat Wave|p2b: Sinistcha|[spread] p2a,p2b\n|-supereffective|p2b: Sinistcha|1\n|-enditem|p2b: Sinistcha|Occa Berry|[eat]\n|-enditem|p2b: Sinistcha|Occa Berry|[weaken]\n|-damage|p2a: Volcarona|23/100\n|-damage|p2b: Sinistcha|18/100\n|move|p1b: Farigiraf|Energy Ball|p2b: Sinistcha\n|-resisted|p2b: Sinistcha|1\n|-damage|p2b: Sinistcha|5/100\n|\n|-weather|SunnyDay|[upkeep]\n|-heal|p2a: Volcarona|29/100|[from] item: Leftovers\n|upkeep\n|turn|5\n|\n|t:|1776066606\n|move|p1a: Charizard|Heat Wave|p2a: Volcarona|[spread] p2a,p2b\n|-supereffective|p2b: Sinistcha|1\n|-damage|p2a: Volcarona|0 fnt\n|-damage|p2b: Sinistcha|0 fnt\n|faint|p2a: Volcarona\n|faint|p2b: Sinistcha\n|move|p1b: Farigiraf|Energy Ball|p2: Volcarona|[notarget]\n|-fail|p1b: Farigiraf\n|\n|-weather|SunnyDay|[upkeep]\n|upkeep\n|\n|t:|1776066615\n|switch|p2a: Fastbro|Slowbro, L50, F, shiny|100/100\n|switch|p2b: Basculegion|Basculegion, L50, M, shiny|6/100\n|turn|6\n|\n|t:|1776066628\n|detailschange|p2a: Fastbro|Slowbro-Mega, L50, F, shiny\n|-mega|p2a: Fastbro|Slowbro|Slowbronite\n|move|p1a: Charizard|Protect|p1a: Charizard\n|-singleturn|p1a: Charizard|Protect\n|move|p2b: Basculegion|Wave Crash|p1a: Charizard\n|-activate|p1a: Charizard|move: Protect\n|move|p1b: Farigiraf|Energy Ball|p2b: Basculegion\n|-supereffective|p2b: Basculegion|1\n|-damage|p2b: Basculegion|0 fnt\n|faint|p2b: Basculegion\n|move|p2a: Fastbro|Calm Mind|p2a: Fastbro\n|-boost|p2a: Fastbro|spa|1\n|-boost|p2a: Fastbro|spd|1\n|\n|-weather|SunnyDay|[upkeep]\n|upkeep\n|turn|7\n|\n|t:|1776066644\n|move|p1a: Charizard|Overheat|p2a: Fastbro\n|-resisted|p2a: Fastbro|1\n|-damage|p2a: Fastbro|59/100\n|-unboost|p1a: Charizard|spa|2\n|move|p1b: Farigiraf|Energy Ball|p2a: Fastbro\n|-supereffective|p2a: Fastbro|1\n|-damage|p2a: Fastbro|29/100\n|move|p2a: Fastbro|Psychic|p1a: Charizard\n|-damage|p1a: Charizard|23/100\n|\n|-weather|SunnyDay|[upkeep]\n|upkeep\n|turn|8\n|\n|t:|1776066655\n|move|p1a: Charizard|Overheat|p2a: Fastbro\n|-resisted|p2a: Fastbro|1\n|-damage|p2a: Fastbro|7/100\n|-unboost|p1a: Charizard|spa|2\n|move|p1b: Farigiraf|Energy Ball|p2a: Fastbro\n|-supereffective|p2a: Fastbro|1\n|-damage|p2a: Fastbro|0 fnt\n|faint|p2a: Fastbro\n|\n|win|DavidSilesPardillo\n|raw|DavidSilesPardillo's rating: 1085 &rarr; <strong>1116</strong><br />(+31 for winning)\n|raw|skyhigh1234's rating: 1134 &rarr; <strong>1105</strong><br />(-29 for losing)\n|l|\u2606DavidSilesPardillo\n|player|p1|\n",
  "uploadtime": 1776066666,
  "views": 15,
  "formatid": "gen9championsvgc2026regma",
  "rating": 1105,
  "private": 0,
  "password": null
}