{
  "id": "gen9championsvgc2026regma-2582612343",
  "format": "[Gen 9 Champions] VGC 2026 Reg M-A",
  "players": [
    "CaptainSmokah",
    "SimMikaze"
  ],
  "log": "|j|\u2606CaptainSmokah\n|j|\u2606SimMikaze\n|t:|1776102605\n|gametype|doubles\n|player|p1|CaptainSmokah|palmer|1318\n|player|p2|SimMikaze|miku-ghost|1441\n|gen|9\n|tier|[Gen 9 Champions] VGC 2026 Reg M-A\n|rated|\n|rule|Species Clause: Limit one of each Pok\u00e9mon\n|rule|Item Clause: Limit 1 of each item\n|clearpoke\n|poke|p1|Tyranitar, L50, M|\n|poke|p1|Gyarados, L50, M|\n|poke|p1|Sinistcha, L50|\n|poke|p1|Garchomp, L50, F|\n|poke|p1|Sneasler, L50, M|\n|poke|p1|Aegislash, L50, F|\n|poke|p2|Gardevoir, L50, F|\n|poke|p2|Incineroar, L50, M|\n|poke|p2|Rotom-Wash, L50|\n|poke|p2|Garchomp, L50, F|\n|poke|p2|Excadrill, L50, M|\n|poke|p2|Tyranitar, L50, M|\n|teampreview|4\n|inactive|Battle timer is ON: inactive players will automatically lose when time's up. (requested by CaptainSmokah)\n|j| H4irashi\n|j| Counteranomaly\n|inactive|SimMikaze has 60 seconds left.\n|\n|t:|1776102666\n|teamsize|p1|4\n|teamsize|p2|4\n|start\n|switch|p1a: Sneasler|Sneasler, L50, M|100/100\n|switch|p1b: Tyranitar|Tyranitar, L50, M|100/100\n|switch|p2a: Gardevoir|Gardevoir, L50, F, shiny|100/100\n|switch|p2b: Incineroar|Incineroar, L50, M, shiny|100/100\n|-ability|p2a: Gardevoir|Sand Stream|Trace|[from] ability: Trace|[of] p1b: Tyranitar\n|-weather|Sandstorm|[from] ability: Sand Stream|[of] p2a: Gardevoir\n|-ability|p2b: Incineroar|Intimidate|boost\n|-unboost|p1a: Sneasler|atk|1\n|-unboost|p1b: Tyranitar|atk|1\n|-enditem|p1a: Sneasler|White Herb\n|-clearnegativeboost|p1a: Sneasler|[silent]\n|turn|1\n|\n|t:|1776102691\n|detailschange|p2a: Gardevoir|Gardevoir-Mega, L50, F, shiny\n|-mega|p2a: Gardevoir|Gardevoir|Gardevoirite\n|move|p1a: Sneasler|Fake Out|p2a: Gardevoir\n|-damage|p2a: Gardevoir|86/100\n|move|p2b: Incineroar|Fake Out|p1a: Sneasler\n|-crit|p1a: Sneasler\n|-damage|p1a: Sneasler|69/100\n|cant|p2a: Gardevoir|flinch\n|move|p1b: Tyranitar|Rock Slide|p2a: Gardevoir|[spread] p2a,p2b\n|-supereffective|p2b: Incineroar|1\n|-damage|p2a: Gardevoir|62/100\n|-damage|p2b: Incineroar|70/100\n|\n|-weather|Sandstorm|[upkeep]\n|-damage|p1a: Sneasler|64/100|[from] Sandstorm\n|-damage|p2a: Gardevoir|56/100|[from] Sandstorm\n|-damage|p2b: Incineroar|64/100|[from] Sandstorm\n|upkeep\n|turn|2\n|inactive|SimMikaze has 30 seconds left.\n|inactive|SimMikaze has 20 seconds left.\n|inactive|SimMikaze has 15 seconds left.\n|inactive|SimMikaze has 10 seconds left.\n|\n|t:|1776102736\n|detailschange|p1b: Tyranitar|Tyranitar-Mega, L50, M\n|-mega|p1b: Tyranitar|Tyranitar|Tyranitarite\n|move|p2a: Gardevoir|Protect|p2a: Gardevoir\n|-singleturn|p2a: Gardevoir|Protect\n|move|p1a: Sneasler|Close Combat|p2b: Incineroar\n|-supereffective|p2b: Incineroar|1\n|-damage|p2b: Incineroar|0 fnt\n|-unboost|p1a: Sneasler|def|1\n|-unboost|p1a: Sneasler|spd|1\n|faint|p2b: Incineroar\n|move|p1b: Tyranitar|Knock Off|p2a: Gardevoir\n|-activate|p2a: Gardevoir|move: Protect\n|\n|-weather|Sandstorm|[upkeep]\n|-damage|p1a: Sneasler|58/100|[from] Sandstorm\n|-damage|p2a: Gardevoir|50/100|[from] Sandstorm\n|upkeep\n|j| CARtu348rjf90\n|l| CARtu348rjf90\n|\n|t:|1776102751\n|switch|p2b: Garchomp|Garchomp, L50, F|100/100\n|turn|3\n|\n|t:|1776102765\n|switch|p2a: Rotom|Rotom-Wash, L50|100/100\n|move|p1a: Sneasler|Dire Claw|p2a: Rotom\n|-damage|p2a: Rotom|46/100\n|move|p2b: Garchomp|Earthquake|p1a: Sneasler|[spread] p1a,p1b\n|-immune|p2a: Rotom|[from] ability: Levitate\n|-supereffective|p1a: Sneasler|1\n|-supereffective|p1b: Tyranitar|1\n|-damage|p1a: Sneasler|0 fnt\n|-damage|p1b: Tyranitar|48/100\n|faint|p1a: Sneasler\n|move|p1b: Tyranitar|Knock Off|p2b: Garchomp\n|-damage|p2b: Garchomp|61/100\n|-enditem|p2b: Garchomp|Bright Powder|[from] move: Knock Off|[of] p1b: Tyranitar\n|\n|-weather|Sandstorm|[upkeep]\n|-damage|p2a: Rotom|40/100|[from] Sandstorm\n|upkeep\n|\n|t:|1776102779\n|switch|p1a: Sinistcha|Sinistcha, L50|100/100\n|-heal|p1b: Tyranitar|73/100|[from] ability: Hospitality|[of] p1a: Sinistcha\n|turn|4\n|j| Junglebolt\n|inactive|SimMikaze has 30 seconds left.\n|l| Junglebolt\n|\n|t:|1776102809\n|move|p1b: Tyranitar|Protect|p1b: Tyranitar\n|-singleturn|p1b: Tyranitar|Protect\n|move|p2a: Rotom|Hydro Pump|p1b: Tyranitar\n|-activate|p1b: Tyranitar|move: Protect\n|move|p2b: Garchomp|Earthquake|p1b: Tyranitar|[spread] p1a\n|-activate|p1b: Tyranitar|move: Protect\n|-immune|p2a: Rotom|[from] ability: Levitate\n|-resisted|p1a: Sinistcha|1\n|-damage|p1a: Sinistcha|80/100\n|move|p1a: Sinistcha|Matcha Gotcha|p2a: Rotom|[spread] p2a,p2b\n|-supereffective|p2a: Rotom|1\n|-damage|p2a: Rotom|0 fnt\n|-heal|p1a: Sinistcha|95/100|[from] drain|[of] p2a: Rotom\n|-damage|p2b: Garchomp|37/100\n|-heal|p1a: Sinistcha|100/100|[from] drain|[of] p2b: Garchomp\n|faint|p2a: Rotom\n|\n|-weather|Sandstorm|[upkeep]\n|-damage|p1a: Sinistcha|94/100|[from] Sandstorm\n|-heal|p1a: Sinistcha|100/100|[from] item: Leftovers\n|upkeep\n|\n|t:|1776102812\n|switch|p2a: Gardevoir|Gardevoir-Mega, L50, F, shiny|50/100\n|turn|5\n|inactive|CaptainSmokah has 30 seconds left.\n|\n|t:|1776102838\n|switch|p1b: Garchomp|Garchomp, L50, F|100/100\n|move|p2a: Gardevoir|Protect|p2a: Gardevoir\n|-singleturn|p2a: Gardevoir|Protect\n|move|p2b: Garchomp|Earthquake|p1b: Garchomp|[spread] p1a,p1b\n|-activate|p2a: Gardevoir|move: Protect\n|-resisted|p1a: Sinistcha|1\n|-damage|p1a: Sinistcha|81/100\n|-damage|p1b: Garchomp|59/100\n|move|p1a: Sinistcha|Matcha Gotcha|p2a: Gardevoir|[spread] p2b\n|-activate|p2a: Gardevoir|move: Protect\n|-damage|p2b: Garchomp|15/100\n|-heal|p1a: Sinistcha|94/100|[from] drain|[of] p2b: Garchomp\n|\n|-weather|none\n|-heal|p1a: Sinistcha|100/100|[from] item: Leftovers\n|upkeep\n|turn|6\n|\n|t:|1776102860\n|move|p1b: Garchomp|Rock Slide|p2a: Gardevoir|[spread] p2a,p2b\n|-resisted|p2b: Garchomp|1\n|-damage|p2a: Gardevoir|28/100\n|-damage|p2b: Garchomp|6/100\n|move|p2b: Garchomp|Rock Slide|p1b: Garchomp|[spread] p1b\n|-miss|p2b: Garchomp|p1a: Sinistcha\n|-resisted|p1b: Garchomp|1\n|-damage|p1b: Garchomp|48/100\n|move|p2a: Gardevoir|Hyper Voice|p1a: Sinistcha|[spread] p1a,p1b\n|-supereffective|p1b: Garchomp|1\n|-damage|p1a: Sinistcha|59/100\n|-damage|p1b: Garchomp|0 fnt\n|faint|p1b: Garchomp\n|move|p1a: Sinistcha|Matcha Gotcha|p2a: Gardevoir|[spread] p2a,p2b\n|-damage|p2a: Gardevoir|8/100\n|-heal|p1a: Sinistcha|70/100|[from] drain|[of] p2a: Gardevoir\n|-damage|p2b: Garchomp|0 fnt\n|-heal|p1a: Sinistcha|73/100|[from] drain|[of] p2b: Garchomp\n|faint|p2b: Garchomp\n|\n|-heal|p1a: Sinistcha|79/100|[from] item: Leftovers\n|upkeep\n|\n|t:|1776102871\n|switch|p1b: Tyranitar|Tyranitar-Mega, L50, M|73/100\n|-weather|Sandstorm|[from] ability: Sand Stream|[of] p1b: Tyranitar\n|turn|7\n|\n|t:|1776102882\n|move|p1b: Tyranitar|Protect|p1b: Tyranitar\n|-singleturn|p1b: Tyranitar|Protect\n|move|p2a: Gardevoir|Hyper Voice|p1a: Sinistcha|[spread] p1a\n|-activate|p1b: Tyranitar|move: Protect\n|-damage|p1a: Sinistcha|32/100\n|move|p1a: Sinistcha|Life Dew|p1a: Sinistcha|[spread] p1a,p1b\n|-heal|p1a: Sinistcha|57/100\n|-heal|p1b: Tyranitar|98/100\n|\n|-weather|Sandstorm|[upkeep]\n|-damage|p2a: Gardevoir|2/100|[from] Sandstorm\n|-damage|p1a: Sinistcha|51/100|[from] Sandstorm\n|-heal|p1a: Sinistcha|57/100|[from] item: Leftovers\n|upkeep\n|turn|8\n|\n|t:|1776102897\n|move|p2a: Gardevoir|Hyper Voice|p1b: Tyranitar|[spread] p1a,p1b\n|-supereffective|p1b: Tyranitar|1\n|-damage|p1a: Sinistcha|17/100\n|-damage|p1b: Tyranitar|54/100\n|move|p1b: Tyranitar|Knock Off|p2a: Gardevoir\n|-damage|p2a: Gardevoir|0 fnt\n|faint|p2a: Gardevoir\n|\n|win|CaptainSmokah\n|raw|CaptainSmokah's rating: 1318 &rarr; <strong>1345</strong><br />(+27 for winning)\n|raw|SimMikaze's rating: 1441 &rarr; <strong>1414</strong><br />(-27 for losing)\n|l|\u2606CaptainSmokah\n|player|p1|\n",
  "uploadtime": 1776102901,
  "views": 27,
  "formatid": "gen9championsvgc2026regma",
  "rating": 1345,
  "private": 0,
  "password": null
}