{
  "id": "gen9championsvgc2026regma-2586781310",
  "format": "[Gen 9 Champions] VGC 2026 Reg M-A",
  "players": [
    "1zzet_Muzzy",
    "CoolTrainerBu"
  ],
  "log": "|j|\u26061zzet_Muzzy\n|j|\u2606CoolTrainerBu\n|t:|1776459404\n|gametype|doubles\n|player|p1|1zzet_Muzzy|101|1254\n|player|p2|CoolTrainerBu|102|1246\n|gen|9\n|tier|[Gen 9 Champions] VGC 2026 Reg M-A\n|rated|\n|rule|Species Clause: Limit one of each Pok\u00e9mon\n|rule|Item Clause: Limit 1 of each item\n|clearpoke\n|poke|p1|Sneasler, L50, F|\n|poke|p1|Archaludon, L50, F|\n|poke|p1|Basculegion, L50, M|\n|poke|p1|Scovillain, L50, F|\n|poke|p1|Aerodactyl, L50, F|\n|poke|p1|Pelipper, L50, F|\n|poke|p2|Charizard, L50, M|\n|poke|p2|Whimsicott, L50, F|\n|poke|p2|Garchomp, L50, F|\n|poke|p2|Sneasler, L50, F|\n|poke|p2|Maushold, L50|\n|poke|p2|Incineroar, L50, M|\n|teampreview|4\n|\n|t:|1776459451\n|teamsize|p1|4\n|teamsize|p2|4\n|start\n|switch|p1a: Aerodactyl|Aerodactyl, L50, F|100/100\n|switch|p1b: Pelipper|Pelipper, L50, F|100/100\n|switch|p2a: Whimsicott|Whimsicott, L50, F|100/100\n|switch|p2b: Garchomp|Garchomp, L50, F|100/100\n|-ability|p1a: Aerodactyl|Unnerve\n|-weather|RainDance|[from] ability: Drizzle|[of] p1b: Pelipper\n|turn|1\n|inactive|Battle timer is ON: inactive players will automatically lose when time's up. (requested by CoolTrainerBu)\n|\n|t:|1776459474\n|detailschange|p1a: Aerodactyl|Aerodactyl-Mega, L50, F\n|-mega|p1a: Aerodactyl|Aerodactyl|Aerodactylite\n|move|p1b: Pelipper|Wide Guard|p1b: Pelipper\n|-singleturn|p1b: Pelipper|Wide Guard\n|move|p2a: Whimsicott|Tailwind|p2a: Whimsicott\n|-sidestart|p2: CoolTrainerBu|move: Tailwind\n|move|p2b: Garchomp|Rock Slide|p1a: Aerodactyl|[spread] \n|-activate|p1a: Aerodactyl|move: Wide Guard\n|-activate|p1b: Pelipper|move: Wide Guard\n|move|p1a: Aerodactyl|Dual Wingbeat|p2a: Whimsicott\n|-supereffective|p2a: Whimsicott|1\n|-damage|p2a: Whimsicott|22/100\n|-supereffective|p2a: Whimsicott|1\n|-damage|p2a: Whimsicott|0 fnt\n|faint|p2a: Whimsicott\n|-hitcount|p2: Whimsicott|2\n|\n|-weather|RainDance|[upkeep]\n|upkeep\n|\n|t:|1776459493\n|switch|p2a: Charizard|Charizard, L50, M|100/100\n|turn|2\n|\n|t:|1776459516\n|switch|p1b: Basculegion|Basculegion, L50, M, shiny|100/100\n|move|p1a: Aerodactyl|Protect|p1a: Aerodactyl\n|-singleturn|p1a: Aerodactyl|Protect\n|move|p2b: Garchomp|Dragon Claw|p1b: Basculegion\n|-damage|p1b: Basculegion|45/100\n|move|p2a: Charizard|Weather Ball|p1a: Aerodactyl\n|-activate|p1a: Aerodactyl|move: Protect\n|\n|-weather|RainDance|[upkeep]\n|upkeep\n|turn|3\n|inactive|1zzet_Muzzy has 30 seconds left.\n|inactive|CoolTrainerBu has 30 seconds left.\n|\n|t:|1776459547\n|detailschange|p2a: Charizard|Charizard-Mega-Y, L50, M\n|-mega|p2a: Charizard|Charizard|Charizardite Y\n|-weather|SunnyDay|[from] ability: Drought|[of] p2a: Charizard\n|move|p2a: Charizard|Protect|p2a: Charizard\n|-singleturn|p2a: Charizard|Protect\n|move|p2b: Garchomp|Rock Slide|p1b: Basculegion|[spread] p1a,p1b\n|-supereffective|p1a: Aerodactyl|1\n|-damage|p1a: Aerodactyl|60/100\n|-damage|p1b: Basculegion|21/100\n|move|p1a: Aerodactyl|Tailwind|p1a: Aerodactyl\n|-sidestart|p1: 1zzet_Muzzy|move: Tailwind\n|move|p1b: Basculegion|Liquidation|p2a: Charizard\n|-activate|p2a: Charizard|move: Protect\n|\n|-weather|SunnyDay|[upkeep]\n|upkeep\n|turn|4\n|inactive|1zzet_Muzzy has 30 seconds left.\n|\n|t:|1776459574\n|switch|p2a: Incineroar|Incineroar, L50, M|100/100\n|-ability|p2a: Incineroar|Intimidate|boost\n|-unboost|p1a: Aerodactyl|atk|1\n|-unboost|p1b: Basculegion|atk|1\n|move|p1b: Basculegion|Protect|p1b: Basculegion\n|-singleturn|p1b: Basculegion|Protect\n|move|p1a: Aerodactyl|Rock Slide|p2a: Incineroar|[spread] p2a,p2b\n|-supereffective|p2a: Incineroar|1\n|-resisted|p2b: Garchomp|1\n|-damage|p2a: Incineroar|71/100\n|-damage|p2b: Garchomp|92/100\n|move|p2b: Garchomp|Rock Slide|p1a: Aerodactyl|[spread] p1a\n|-activate|p1b: Basculegion|move: Protect\n|-supereffective|p1a: Aerodactyl|1\n|-crit|p1a: Aerodactyl\n|-damage|p1a: Aerodactyl|0 fnt\n|faint|p1a: Aerodactyl\n|\n|-weather|SunnyDay|[upkeep]\n|-sideend|p2: CoolTrainerBu|move: Tailwind\n|upkeep\n|\n|t:|1776459598\n|switch|p1a: Archaludon|Archaludon, L50, F|100/100\n|turn|5\n|\n|t:|1776459621\n|switch|p1b: Pelipper|Pelipper, L50, F|100/100\n|-weather|RainDance|[from] ability: Drizzle|[of] p1b: Pelipper\n|move|p2a: Incineroar|Fake Out|p1a: Archaludon\n|-resisted|p1a: Archaludon|1\n|-damage|p1a: Archaludon|95/100\n|cant|p1a: Archaludon|flinch\n|move|p2b: Garchomp|Rock Slide|p1b: Pelipper|[spread] p1a,p1b\n|-resisted|p1a: Archaludon|1\n|-supereffective|p1b: Pelipper|1\n|-damage|p1a: Archaludon|86/100\n|-damage|p1b: Pelipper|66/100\n|\n|-weather|RainDance|[upkeep]\n|upkeep\n|turn|6\n|inactive|CoolTrainerBu has 30 seconds left.\n|inactive|1zzet_Muzzy has 30 seconds left.\n|inactive|CoolTrainerBu has 20 seconds left.\n|\n|t:|1776459659\n|switch|p2a: Charizard|Charizard-Mega-Y, L50, M|100/100\n|-weather|SunnyDay|[from] ability: Drought|[of] p2a: Charizard\n|move|p1b: Pelipper|Wide Guard|p1b: Pelipper\n|-singleturn|p1b: Pelipper|Wide Guard\n|move|p1a: Archaludon|Draco Meteor|p2a: Charizard\n|-damage|p2a: Charizard|35/100\n|-unboost|p1a: Archaludon|spa|2\n|move|p2b: Garchomp|Rock Slide|p1b: Pelipper|[spread] \n|-activate|p1a: Archaludon|move: Wide Guard\n|-activate|p1b: Pelipper|move: Wide Guard\n|\n|-weather|SunnyDay|[upkeep]\n|-sideend|p1: 1zzet_Muzzy|move: Tailwind\n|upkeep\n|turn|7\n|inactive|CoolTrainerBu has 30 seconds left.\n|inactive|CoolTrainerBu has 20 seconds left.\n|inactive|CoolTrainerBu has 15 seconds left.\n|inactive|CoolTrainerBu has 10 seconds left.\n|\n|t:|1776459705\n|switch|p1b: Basculegion|Basculegion, L50, M, shiny|21/100\n|move|p1a: Archaludon|Draco Meteor|p2a: Charizard\n|-damage|p2a: Charizard|3/100\n|-unboost|p1a: Archaludon|spa|2\n|move|p2b: Garchomp|Dragon Claw|p1a: Archaludon\n|-damage|p1a: Archaludon|47/100\n|move|p2a: Charizard|Solar Beam||[still]\n|-prepare|p2a: Charizard|Solar Beam\n|-anim|p2a: Charizard|Solar Beam|p1b: Basculegion\n|-supereffective|p1b: Basculegion|1\n|-damage|p1b: Basculegion|0 fnt\n|faint|p1b: Basculegion\n|\n|-weather|SunnyDay|[upkeep]\n|upkeep\n|\n|t:|1776459719\n|switch|p1b: Pelipper|Pelipper, L50, F|66/100\n|-weather|RainDance|[from] ability: Drizzle|[of] p1b: Pelipper\n|turn|8\n|\n|t:|1776459735\n|switch|p2a: Incineroar|Incineroar, L50, M|71/100\n|-ability|p2a: Incineroar|Intimidate|boost\n|-unboost|p1a: Archaludon|atk|1\n|-unboost|p1b: Pelipper|atk|1\n|move|p1a: Archaludon|Draco Meteor|p2b: Garchomp|[miss]\n|-miss|p1a: Archaludon|p2b: Garchomp\n|move|p2b: Garchomp|Dragon Claw|p1a: Archaludon\n|-damage|p1a: Archaludon|12/100\n|move|p1b: Pelipper|Weather Ball|p2a: Incineroar\n|-supereffective|p2a: Incineroar|1\n|-damage|p2a: Incineroar|0 fnt\n|faint|p2a: Incineroar\n|\n|-weather|RainDance|[upkeep]\n|upkeep\n|\n|t:|1776459748\n|switch|p2a: Charizard|Charizard-Mega-Y, L50, M|3/100\n|-weather|SunnyDay|[from] ability: Drought|[of] p2a: Charizard\n|turn|9\n|\n|t:|1776459763\n|move|p1a: Archaludon|Draco Meteor|p2a: Charizard\n|-damage|p2a: Charizard|0 fnt\n|-unboost|p1a: Archaludon|spa|2\n|faint|p2a: Charizard\n|move|p2b: Garchomp|Dragon Claw|p1a: Archaludon\n|-damage|p1a: Archaludon|0 fnt\n|faint|p1a: Archaludon\n|move|p1b: Pelipper|Weather Ball|p2b: Garchomp\n|-resisted|p2b: Garchomp|1\n|-crit|p2b: Garchomp\n|-damage|p2b: Garchomp|64/100\n|\n|-weather|SunnyDay|[upkeep]\n|upkeep\n|turn|10\n|\n|t:|1776459777\n|move|p1b: Pelipper|Protect|p1b: Pelipper\n|-singleturn|p1b: Pelipper|Protect\n|move|p2b: Garchomp|Dragon Claw|p1b: Pelipper\n|-activate|p1b: Pelipper|move: Protect\n|\n|-weather|SunnyDay|[upkeep]\n|upkeep\n|turn|11\n|\n|t:|1776459788\n|move|p2b: Garchomp|Dragon Claw|p1b: Pelipper\n|-damage|p1b: Pelipper|27/100\n|-enditem|p1b: Pelipper|Sitrus Berry|[eat]\n|-heal|p1b: Pelipper|52/100|[from] item: Sitrus Berry\n|move|p1b: Pelipper|Hurricane|p2b: Garchomp\n|-damage|p2b: Garchomp|23/100\n|-start|p2b: Garchomp|confusion\n|\n|-weather|SunnyDay|[upkeep]\n|upkeep\n|turn|12\n|\n|t:|1776459808\n|-activate|p2b: Garchomp|confusion\n|move|p2b: Garchomp|Rock Slide|p1b: Pelipper\n|-supereffective|p1b: Pelipper|1\n|-damage|p1b: Pelipper|4/100\n|cant|p1b: Pelipper|flinch\n|\n|-weather|SunnyDay|[upkeep]\n|upkeep\n|turn|13\n|\n|t:|1776459822\n|-activate|p2b: Garchomp|confusion\n|move|p2b: Garchomp|Dragon Claw|p1b: Pelipper\n|-damage|p1b: Pelipper|0 fnt\n|faint|p1b: Pelipper\n|\n|win|CoolTrainerBu\n|raw|1zzet_Muzzy's rating: 1254 &rarr; <strong>1228</strong><br />(-26 for losing)\n|raw|CoolTrainerBu's rating: 1246 &rarr; <strong>1272</strong><br />(+26 for winning)\n|l|\u26061zzet_Muzzy\n|player|p1|\n",
  "uploadtime": 1776459827,
  "views": 31,
  "formatid": "gen9championsvgc2026regma",
  "rating": 1228,
  "private": 0,
  "password": null
}