{
  "id": "gen9championsvgc2026regma-2586687357",
  "format": "[Gen 9 Champions] VGC 2026 Reg M-A",
  "players": [
    "LampCollection",
    "henitusec"
  ],
  "log": "|j|\u2606LampCollection\n|j|\u2606henitusec\n|t:|1776452223\n|gametype|doubles\n|player|p1|LampCollection|102|1155\n|player|p2|henitusec|steven-masters|1131\n|gen|9\n|tier|[Gen 9 Champions] VGC 2026 Reg M-A\n|rated|\n|rule|Species Clause: Limit one of each Pok\u00e9mon\n|rule|Item Clause: Limit 1 of each item\n|clearpoke\n|poke|p1|Toxicroak, L50, F|\n|poke|p1|Ampharos, L50, M|\n|poke|p1|Pelipper, L50, F|\n|poke|p1|Sinistcha, L50|\n|poke|p1|Incineroar, L50, M|\n|poke|p1|Basculegion-F, L50, F|\n|poke|p2|Gardevoir, L50, F|\n|poke|p2|Aegislash, L50, M|\n|poke|p2|Incineroar, L50, F|\n|poke|p2|Vivillon-Polar, L50, F|\n|poke|p2|Whimsicott, L50, F|\n|poke|p2|Tauros-Paldea-Aqua, L50, M|\n|teampreview|4\n|inactive|Battle timer is ON: inactive players will automatically lose when time's up. (requested by henitusec)\n|\n|t:|1776452246\n|teamsize|p1|4\n|teamsize|p2|4\n|start\n|switch|p1a: Toxicroak|Toxicroak, L50, F, shiny|100/100\n|switch|p1b: Pelipper|Pelipper, L50, F|100/100\n|switch|p2a: Whimsicott|Whimsicott, L50, F|100/100\n|switch|p2b: Gardevoir|Gardevoir, L50, F, shiny|100/100\n|-weather|RainDance|[from] ability: Drizzle|[of] p1b: Pelipper\n|-ability|p2b: Gardevoir|Drizzle|Trace|[from] ability: Trace|[of] p1b: Pelipper\n|turn|1\n|\n|t:|1776452268\n|detailschange|p2b: Gardevoir|Gardevoir-Mega, L50, F, shiny\n|-mega|p2b: Gardevoir|Gardevoir|Gardevoirite\n|move|p1a: Toxicroak|Protect|p1a: Toxicroak\n|-singleturn|p1a: Toxicroak|Protect\n|move|p2a: Whimsicott|Tailwind|p2a: Whimsicott\n|-sidestart|p2: henitusec|move: Tailwind\n|move|p2b: Gardevoir|Psychic|p1a: Toxicroak\n|-activate|p1a: Toxicroak|move: Protect\n|move|p1b: Pelipper|Tailwind|p1b: Pelipper\n|-sidestart|p1: LampCollection|move: Tailwind\n|\n|-weather|RainDance|[upkeep]\n|upkeep\n|turn|2\n|\n|t:|1776452290\n|switch|p1b: Ampharos|Ampharos, L50, M|100/100\n|switch|p1a: Basculegion|Basculegion-F, L50, F, shiny|100/100\n|move|p2a: Whimsicott|Encore||[still]\n|-fail|p2a: Whimsicott\n|move|p2b: Gardevoir|Hyper Voice|p1b: Ampharos|[spread] p1a,p1b\n|-damage|p1a: Basculegion|44/100\n|-damage|p1b: Ampharos|48/100\n|\n|-weather|RainDance|[upkeep]\n|upkeep\n|turn|3\n|inactive|LampCollection has 30 seconds left.\n|\n|t:|1776452317\n|detailschange|p1b: Ampharos|Ampharos-Mega, L50, M\n|-mega|p1b: Ampharos|Ampharos|Ampharosite\n|-ability|p1b: Ampharos|Mold Breaker\n|move|p2a: Whimsicott|Light Screen|p2a: Whimsicott\n|-sidestart|p2: henitusec|move: Light Screen\n|move|p1a: Basculegion|Shadow Ball|p2b: Gardevoir\n|-supereffective|p2b: Gardevoir|1\n|-damage|p2b: Gardevoir|50/100\n|-unboost|p2b: Gardevoir|spd|1\n|move|p2b: Gardevoir|Destiny Bond|p2b: Gardevoir\n|-singlemove|p2b: Gardevoir|Destiny Bond\n|move|p1b: Ampharos|Power Gem|p2a: Whimsicott\n|-damage|p2a: Whimsicott|71/100\n|\n|-weather|RainDance|[upkeep]\n|upkeep\n|turn|4\n|inactive|LampCollection has 30 seconds left.\n|\n|t:|1776452348\n|move|p2a: Whimsicott|Encore|p1b: Ampharos\n|-start|p1b: Ampharos|Encore\n|move|p1a: Basculegion|Shadow Ball|p2a: Whimsicott\n|-damage|p2a: Whimsicott|35/100\n|move|p2b: Gardevoir|Hyper Voice|p1b: Ampharos|[spread] p1a,p1b\n|-supereffective|p1b: Ampharos|1\n|-damage|p1a: Basculegion|0 fnt\n|-damage|p1b: Ampharos|0 fnt\n|faint|p1a: Basculegion\n|faint|p1b: Ampharos\n|\n|-weather|RainDance|[upkeep]\n|-sideend|p1: LampCollection|move: Tailwind\n|-sideend|p2: henitusec|move: Tailwind\n|upkeep\n|\n|t:|1776452359\n|switch|p1a: Pelipper|Pelipper, L50, F|100/100\n|switch|p1b: Toxicroak|Toxicroak, L50, F, shiny|100/100\n|turn|5\n|\n|t:|1776452377\n|move|p1b: Toxicroak|Protect|p1b: Toxicroak\n|-singleturn|p1b: Toxicroak|Protect\n|move|p2a: Whimsicott|Tailwind|p2a: Whimsicott\n|-sidestart|p2: henitusec|move: Tailwind\n|move|p2b: Gardevoir|Hyper Voice|p1b: Toxicroak|[spread] p1a\n|-activate|p1b: Toxicroak|move: Protect\n|-damage|p1a: Pelipper|21/100\n|move|p1a: Pelipper|Hurricane|p2b: Gardevoir\n|-damage|p2b: Gardevoir|10/100\n|\n|-weather|none\n|upkeep\n|turn|6\n|inactive|LampCollection has 30 seconds left.\n|inactive|henitusec has 30 seconds left.\n|inactive|henitusec has 20 seconds left.\n|inactive|henitusec has 15 seconds left.\n|\n|t:|1776452418\n|move|p2a: Whimsicott|Fake Tears|p1b: Toxicroak\n|-unboost|p1b: Toxicroak|spd|2\n|move|p2b: Gardevoir|Hyper Voice|p1b: Toxicroak|[spread] p1a,p1b\n|-damage|p1a: Pelipper|0 fnt\n|-damage|p1b: Toxicroak|12/100\n|faint|p1a: Pelipper\n|move|p1b: Toxicroak|Poison Jab|p2b: Gardevoir\n|-supereffective|p2b: Gardevoir|1\n|-damage|p2b: Gardevoir|0 fnt\n|faint|p2b: Gardevoir\n|\n|-heal|p1b: Toxicroak|17/100|[from] item: Leftovers\n|upkeep\n|\n|t:|1776452426\n|switch|p2b: Incineroar|Incineroar, L50, F|100/100\n|-ability|p2b: Incineroar|Intimidate|boost\n|-unboost|p1b: Toxicroak|atk|1\n|turn|7\n|\n|t:|1776452439\n|move|p2a: Whimsicott|Encore|p1b: Toxicroak\n|-start|p1b: Toxicroak|Encore\n|move|p2b: Incineroar|Flare Blitz|p1b: Toxicroak\n|-damage|p1b: Toxicroak|0 fnt\n|faint|p1b: Toxicroak\n|-damage|p2b: Incineroar|95/100|[from] Recoil\n|\n|win|henitusec\n|raw|LampCollection's rating: 1155 &rarr; <strong>1128</strong><br />(-27 for losing)\n|raw|henitusec's rating: 1131 &rarr; <strong>1158</strong><br />(+27 for winning)\n|l|\u2606LampCollection\n|player|p1|\n",
  "uploadtime": 1776452443,
  "views": 30,
  "formatid": "gen9championsvgc2026regma",
  "rating": 1128,
  "private": 0,
  "password": null
}