{
  "id": "gen9championsvgc2026regma-2585827389",
  "format": "[Gen 9 Champions] VGC 2026 Reg M-A",
  "players": [
    "chubi25",
    "takemikawuchi"
  ],
  "log": "|j|\u2606chubi25\n|j|\u2606takemikawuchi\n|t:|1776373601\n|gametype|doubles\n|player|p1|chubi25|chuck|1100\n|player|p2|takemikawuchi|gambler|1192\n|gen|9\n|tier|[Gen 9 Champions] VGC 2026 Reg M-A\n|rated|\n|rule|Species Clause: Limit one of each Pok\u00e9mon\n|rule|Item Clause: Limit 1 of each item\n|clearpoke\n|poke|p1|Whimsicott, L50, F|\n|poke|p1|Scizor, L50, M|\n|poke|p1|Zoroark-Hisui, L50, M|\n|poke|p1|Milotic, L50, F|\n|poke|p1|Garchomp, L50, F|\n|poke|p1|Incineroar, L50, M|\n|poke|p2|Charizard, L50, F|\n|poke|p2|Venusaur, L50, M|\n|poke|p2|Whimsicott, L50, F|\n|poke|p2|Incineroar, L50, M|\n|poke|p2|Farigiraf, L50, M|\n|poke|p2|Torkoal, L50, M|\n|teampreview|4\n|inactive|Battle timer is ON: inactive players will automatically lose when time's up. (requested by takemikawuchi)\n|\n|t:|1776373632\n|teamsize|p1|4\n|teamsize|p2|4\n|start\n|switch|p1a: Kenny Omega|Incineroar, L50, M|100/100\n|switch|p1b: Chompiras|Garchomp, L50, F|100/100\n|switch|p2a: Charizard|Charizard, L50, F|100/100\n|switch|p2b: Whimsicott|Whimsicott, L50, F|100/100\n|-ability|p1a: Kenny Omega|Intimidate|boost\n|-unboost|p2a: Charizard|atk|1\n|-unboost|p2b: Whimsicott|atk|1\n|turn|1\n|inactive|chubi25 has 30 seconds left.\n|\n|t:|1776373666\n|detailschange|p2a: Charizard|Charizard-Mega-Y, L50, F\n|-mega|p2a: Charizard|Charizard|Charizardite Y\n|-weather|SunnyDay|[from] ability: Drought|[of] p2a: Charizard\n|move|p2a: Charizard|Protect|p2a: Charizard\n|-singleturn|p2a: Charizard|Protect\n|move|p1a: Kenny Omega|Fake Out|p2a: Charizard\n|-activate|p2a: Charizard|move: Protect\n|move|p2b: Whimsicott|Tailwind|p2b: Whimsicott\n|-sidestart|p2: takemikawuchi|move: Tailwind\n|move|p1b: Chompiras|Will-O-Wisp|p2b: Whimsicott\n|-status|p2b: Whimsicott|brn\n|\n|-weather|SunnyDay|[upkeep]\n|-damage|p2b: Whimsicott|95/100 brn|[from] brn\n|upkeep\n|turn|2\n|inactive|chubi25 has 30 seconds left.\n|inactive|takemikawuchi has 30 seconds left.\n|\n|t:|1776373698\n|switch|p2b: Incineroar|Incineroar, L50, M|100/100\n|-ability|p2b: Incineroar|Intimidate|boost\n|-unboost|p1a: Kenny Omega|atk|1\n|-unboost|p1b: Chompiras|atk|1\n|switch|p1a: Milonga|Milotic, L50, F|100/100\n|move|p2a: Charizard|Heat Wave|p1a: Milonga|[spread] p1a,p1b\n|-resisted|p1a: Milonga|1\n|-damage|p1a: Milonga|80/100\n|-damage|p1b: Chompiras|0 fnt\n|replace|p1b: Alfredo|Zoroark-Hisui, L50, M\n|-end|p1b: Alfredo|Illusion\n|faint|p1b: Alfredo\n|\n|-weather|SunnyDay|[upkeep]\n|-heal|p1a: Milonga|86/100|[from] item: Leftovers\n|upkeep\n|\n|t:|1776373715\n|switch|p1b: Kenny Omega|Incineroar, L50, M|100/100\n|-ability|p1b: Kenny Omega|Intimidate|boost\n|-unboost|p2a: Charizard|atk|1\n|-unboost|p2b: Incineroar|atk|1\n|turn|3\n|\n|t:|1776373729\n|move|p2b: Incineroar|Fake Out|p1a: Milonga\n|-damage|p1a: Milonga|76/100\n|move|p1b: Kenny Omega|Fake Out|p2b: Incineroar\n|-damage|p2b: Incineroar|87/100\n|move|p2a: Charizard|Solar Beam||[still]\n|-prepare|p2a: Charizard|Solar Beam\n|-anim|p2a: Charizard|Solar Beam|p1a: Milonga\n|-supereffective|p1a: Milonga|1\n|-damage|p1a: Milonga|10/100\n|cant|p1a: Milonga|flinch\n|\n|-weather|SunnyDay|[upkeep]\n|-heal|p1a: Milonga|16/100|[from] item: Leftovers\n|upkeep\n|turn|4\n|\n|t:|1776373740\n|move|p1a: Milonga|Protect|p1a: Milonga\n|-singleturn|p1a: Milonga|Protect\n|move|p2a: Charizard|Solar Beam||[still]\n|-prepare|p2a: Charizard|Solar Beam\n|-anim|p2a: Charizard|Solar Beam|p1a: Milonga\n|-activate|p1a: Milonga|move: Protect\n|move|p2b: Incineroar|Parting Shot|p1b: Kenny Omega\n|-unboost|p1b: Kenny Omega|atk|1\n|-unboost|p1b: Kenny Omega|spa|1\n|\n|t:|1776373751\n|switch|p2b: Whimsicott|Whimsicott, L50, F|95/100 brn|[from] Parting Shot\n|move|p1b: Kenny Omega|Parting Shot|p2a: Charizard\n|-unboost|p2a: Charizard|atk|1\n|-unboost|p2a: Charizard|spa|1\n|\n|t:|1776373754\n|switch|p1b: Chompiras|Garchomp, L50, F|100/100|[from] Parting Shot\n|\n|-weather|SunnyDay|[upkeep]\n|-heal|p1a: Milonga|21/100|[from] item: Leftovers\n|-damage|p2b: Whimsicott|89/100 brn|[from] brn\n|-sideend|p2: takemikawuchi|move: Tailwind\n|upkeep\n|turn|5\n|\n|t:|1776373762\n|move|p1b: Chompiras|Rock Slide|p2b: Whimsicott|[spread] p2a,p2b\n|-supereffective|p2a: Charizard|2\n|-damage|p2a: Charizard|0 fnt\n|-damage|p2b: Whimsicott|58/100 brn\n|faint|p2a: Charizard\n|move|p2b: Whimsicott|Moonblast|p1b: Chompiras\n|-supereffective|p1b: Chompiras|1\n|-damage|p1b: Chompiras|40/100\n|-unboost|p1b: Chompiras|spa|1\n|move|p1a: Milonga|Recover|p1a: Milonga\n|-heal|p1a: Milonga|71/100\n|\n|-weather|none\n|-heal|p1a: Milonga|77/100|[from] item: Leftovers\n|-damage|p2b: Whimsicott|52/100 brn|[from] brn\n|upkeep\n|\n|t:|1776373770\n|switch|p2a: Venusaur|Venusaur, L50, M|100/100\n|turn|6\n|\n|t:|1776373779\n|move|p1a: Milonga|Protect|p1a: Milonga\n|-singleturn|p1a: Milonga|Protect\n|move|p1b: Chompiras|Rock Slide|p2b: Whimsicott|[spread] p2a,p2b\n|-damage|p2a: Venusaur|72/100\n|-damage|p2b: Whimsicott|24/100 brn\n|cant|p2b: Whimsicott|flinch\n|move|p2a: Venusaur|Solar Beam||[still]\n|-prepare|p2a: Venusaur|Solar Beam\n|\n|-heal|p1a: Milonga|83/100|[from] item: Leftovers\n|-damage|p2b: Whimsicott|18/100 brn|[from] brn\n|upkeep\n|turn|7\n|\n|t:|1776373798\n|switch|p1a: Kenny Omega|Incineroar, L50, M|100/100\n|-ability|p1a: Kenny Omega|Intimidate|boost\n|-unboost|p2a: Venusaur|atk|1\n|-unboost|p2b: Whimsicott|atk|1\n|move|p1b: Chompiras|Rock Slide|p2a: Venusaur|[spread] p2a,p2b\n|-damage|p2a: Venusaur|46/100\n|-damage|p2b: Whimsicott|0 fnt\n|faint|p2b: Whimsicott\n|cant|p2a: Venusaur|flinch\n|\n|upkeep\n|\n|t:|1776373801\n|switch|p2b: Incineroar|Incineroar, L50, M|87/100\n|-ability|p2b: Incineroar|Intimidate|boost\n|-unboost|p1a: Kenny Omega|atk|1\n|-unboost|p1b: Chompiras|atk|1\n|turn|8\n|\n|t:|1776373820\n|move|p1a: Kenny Omega|Fake Out|p2a: Venusaur\n|-damage|p2a: Venusaur|32/100\n|move|p2b: Incineroar|Fake Out|p1a: Kenny Omega\n|-damage|p1a: Kenny Omega|88/100\n|move|p1b: Chompiras|Rock Slide|p2a: Venusaur|[spread] p2a,p2b\n|-crit|p2a: Venusaur\n|-supereffective|p2b: Incineroar|1\n|-damage|p2a: Venusaur|0 fnt\n|-damage|p2b: Incineroar|62/100\n|faint|p2a: Venusaur\n|\n|upkeep\n|turn|9\n|-message|takemikawuchi forfeited.\n|\n|win|chubi25\n|raw|chubi25's rating: 1100 &rarr; <strong>1131</strong><br />(+31 for winning)\n|raw|takemikawuchi's rating: 1192 &rarr; <strong>1161</strong><br />(-31 for losing)\n|l|\u2606takemikawuchi\n|player|p2|\n",
  "uploadtime": 1776373832,
  "views": 21,
  "formatid": "gen9championsvgc2026regma",
  "rating": 1131,
  "private": 0,
  "password": null
}