{
  "id": "gen9championsvgc2026regma-2584926345",
  "format": "[Gen 9 Champions] VGC 2026 Reg M-A",
  "players": [
    "honkhonkhon",
    "JarlomenVGC"
  ],
  "log": "|j|\u2606honkhonkhon\n|j|\u2606JarlomenVGC\n|t:|1776295180\n|gametype|doubles\n|player|p1|honkhonkhon|skyla|1074\n|player|p2|JarlomenVGC|hiker-gen4|1119\n|gen|9\n|tier|[Gen 9 Champions] VGC 2026 Reg M-A\n|rated|\n|rule|Species Clause: Limit one of each Pok\u00e9mon\n|rule|Item Clause: Limit 1 of each item\n|clearpoke\n|poke|p1|Meganium, L50, F|\n|poke|p1|Aerodactyl, L50, F|\n|poke|p1|Tauros-Paldea-Aqua, L50, M|\n|poke|p1|Archaludon, L50, F|\n|poke|p1|Typhlosion-Hisui, L50, F|\n|poke|p1|Kangaskhan, L50, F|\n|poke|p2|Pinsir, L50, F|\n|poke|p2|Garchomp, L50, M|\n|poke|p2|Orthworm, L50, F|\n|poke|p2|Rotom-Wash, L50|\n|poke|p2|Clefable, L50, M|\n|poke|p2|Incineroar, L50, F|\n|teampreview|4\n|inactive|Battle timer is ON: inactive players will automatically lose when time's up. (requested by JarlomenVGC)\n|inactive|JarlomenVGC has 60 seconds left.\n|\n|t:|1776295211\n|teamsize|p1|4\n|teamsize|p2|4\n|start\n|switch|p1a: Typhlosion|Typhlosion-Hisui, L50, F|100/100\n|switch|p1b: Kangaskhan|Kangaskhan, L50, F|100/100\n|switch|p2a: Garchomp|Garchomp, L50, M|100/100\n|switch|p2b: Orthworm|Orthworm, L50, F|100/100\n|-item|p2a: Garchomp|Yache Berry|[from] ability: Frisk|[of] p1a: Typhlosion\n|-item|p2b: Orthworm|Sitrus Berry|[from] ability: Frisk|[of] p1a: Typhlosion\n|turn|1\n|\n|t:|1776295230\n|switch|p2b: Incineroar|Incineroar, L50, F|100/100\n|-ability|p2b: Incineroar|Intimidate|boost\n|-unboost|p1a: Typhlosion|atk|1\n|-fail|p1b: Kangaskhan|unboost|Attack|[from] ability: Inner Focus|[of] p1b: Kangaskhan\n|detailschange|p1b: Kangaskhan|Kangaskhan-Mega, L50, F\n|-mega|p1b: Kangaskhan|Kangaskhan|Kangaskhanite\n|move|p2a: Garchomp|Protect|p2a: Garchomp\n|-singleturn|p2a: Garchomp|Protect\n|move|p1b: Kangaskhan|Fake Out|p2a: Garchomp\n|-activate|p2a: Garchomp|move: Protect\n|move|p1a: Typhlosion|Eruption|p2a: Garchomp|[spread] p2b\n|-activate|p2a: Garchomp|move: Protect\n|-resisted|p2b: Incineroar|1\n|-damage|p2b: Incineroar|73/100\n|\n|-heal|p2b: Incineroar|79/100|[from] item: Leftovers\n|upkeep\n|turn|2\n|\n|t:|1776295254\n|move|p2b: Incineroar|Fake Out|p1b: Kangaskhan\n|-damage|p1b: Kangaskhan|91/100\n|move|p1a: Typhlosion|Eruption|p2a: Garchomp|[spread] p2a,p2b\n|-resisted|p2a: Garchomp|1\n|-resisted|p2b: Incineroar|1\n|-damage|p2a: Garchomp|69/100\n|-damage|p2b: Incineroar|54/100\n|move|p2a: Garchomp|Rock Slide|p1a: Typhlosion|[spread] p1a,p1b\n|-supereffective|p1a: Typhlosion|1\n|-damage|p1a: Typhlosion|38/100\n|-damage|p1b: Kangaskhan|72/100\n|cant|p1b: Kangaskhan|flinch\n|\n|-heal|p2b: Incineroar|60/100|[from] item: Leftovers\n|upkeep\n|turn|3\n|inactive|JarlomenVGC has 30 seconds left.\n|\n|t:|1776295282\n|switch|p1a: Archaludon|Archaludon, L50, F|100/100\n|move|p2a: Garchomp|Protect|p2a: Garchomp\n|-singleturn|p2a: Garchomp|Protect\n|move|p1b: Kangaskhan|Drain Punch|p2b: Incineroar\n|-supereffective|p2b: Incineroar|1\n|-damage|p2b: Incineroar|19/100\n|-heal|p1b: Kangaskhan|93/100|[from] drain|[of] p2b: Incineroar\n|-supereffective|p2b: Incineroar|1\n|-damage|p2b: Incineroar|9/100\n|-heal|p1b: Kangaskhan|98/100|[from] drain|[of] p2b: Incineroar\n|-hitcount|p2b: Incineroar|2\n|move|p2b: Incineroar|Parting Shot|p1b: Kangaskhan\n|-unboost|p1b: Kangaskhan|atk|1\n|-unboost|p1b: Kangaskhan|spa|1\n|\n|t:|1776295297\n|switch|p2b: Orthworm|Orthworm, L50, F|100/100|[from] Parting Shot\n|\n|upkeep\n|turn|4\n|\n|t:|1776295307\n|switch|p1b: Aerodactyl|Aerodactyl, L50, F|100/100\n|-ability|p1b: Aerodactyl|Unnerve\n|move|p1a: Archaludon|Protect|p1a: Archaludon\n|-singleturn|p1a: Archaludon|Protect\n|move|p2a: Garchomp|Earthquake|p1b: Aerodactyl|[spread] \n|-activate|p1a: Archaludon|move: Protect\n|-immune|p2b: Orthworm|[from] ability: Earth Eater\n|-immune|p1b: Aerodactyl\n|move|p2b: Orthworm|Shed Tail|p2b: Orthworm\n|-start|p2b: Orthworm|Substitute|[from] move: Shed Tail\n|-damage|p2b: Orthworm|50/100\n|\n|t:|1776295325\n|switch|p2b: Pinsir|Pinsir, L50, F|100/100|[from] Shed Tail\n|\n|upkeep\n|turn|5\n|\n|t:|1776295333\n|move|p1b: Aerodactyl|Tailwind|p1b: Aerodactyl\n|-sidestart|p1: honkhonkhon|move: Tailwind\n|move|p1a: Archaludon|Draco Meteor|p2a: Garchomp\n|-supereffective|p2a: Garchomp|1\n|-damage|p2a: Garchomp|0 fnt\n|-unboost|p1a: Archaludon|spa|2\n|faint|p2a: Garchomp\n|move|p2b: Pinsir|Swords Dance|p2b: Pinsir\n|-boost|p2b: Pinsir|atk|2\n|\n|upkeep\n|\n|t:|1776295343\n|switch|p2a: Incineroar|Incineroar, L50, F|9/100\n|-ability|p2a: Incineroar|Intimidate|boost\n|-unboost|p1a: Archaludon|atk|1\n|-unboost|p1b: Aerodactyl|atk|1\n|turn|6\n|\n|t:|1776295359\n|move|p1a: Archaludon|Protect|p1a: Archaludon\n|-singleturn|p1a: Archaludon|Protect\n|move|p2a: Incineroar|Fake Out|p1b: Aerodactyl\n|-resisted|p1b: Aerodactyl|1\n|-damage|p1b: Aerodactyl|92/100\n|cant|p1b: Aerodactyl|flinch\n|move|p2b: Pinsir|Swords Dance|p2b: Pinsir\n|-boost|p2b: Pinsir|atk|2\n|\n|-heal|p2a: Incineroar|15/100|[from] item: Leftovers\n|upkeep\n|turn|7\n|\n|t:|1776295381\n|switch|p1a: Typhlosion|Typhlosion-Hisui, L50, F|38/100\n|-item|p2a: Incineroar|Leftovers|[from] ability: Frisk|[of] p1a: Typhlosion\n|-item|p2b: Pinsir|Pinsirite|[from] ability: Frisk|[of] p1a: Typhlosion\n|switch|p2a: Orthworm|Orthworm, L50, F|50/100\n|move|p2b: Pinsir|Protect|p2b: Pinsir\n|-singleturn|p2b: Pinsir|Protect\n|move|p1b: Aerodactyl|Dual Wingbeat|p2b: Pinsir\n|-activate|p2b: Pinsir|move: Protect\n|\n|upkeep\n|turn|8\n|\n|t:|1776295405\n|detailschange|p2b: Pinsir|Pinsir-Mega, L50, F\n|-mega|p2b: Pinsir|Pinsir|Pinsirite\n|move|p2a: Orthworm|Helping Hand|p2b: Pinsir\n|-singleturn|p2b: Pinsir|Helping Hand|[of] p2a: Orthworm\n|move|p2b: Pinsir|Feint|p1a: Typhlosion\n|-damage|p1a: Typhlosion|0 fnt\n|faint|p1a: Typhlosion\n|move|p1b: Aerodactyl|Dual Wingbeat|p2b: Pinsir|[miss]\n|-miss|p1b: Aerodactyl|p2b: Pinsir\n|\n|-sideend|p1: honkhonkhon|move: Tailwind\n|upkeep\n|inactive|honkhonkhon has 30 seconds left.\n|\n|t:|1776295433\n|switch|p1a: Kangaskhan|Kangaskhan-Mega, L50, F|98/100\n|turn|9\n|\n|t:|1776295448\n|switch|p2a: Incineroar|Incineroar, L50, F|15/100\n|-ability|p2a: Incineroar|Intimidate|boost\n|-unboost|p1a: Kangaskhan|atk|1\n|-unboost|p1b: Aerodactyl|atk|1\n|move|p1a: Kangaskhan|Fake Out|p2b: Pinsir\n|-activate|p2b: Pinsir|move: Substitute|[damage]\n|-activate|p2b: Pinsir|move: Substitute|[damage]\n|-hitcount|p2b: Pinsir|2\n|move|p1b: Aerodactyl|Dual Wingbeat|p2b: Pinsir\n|-supereffective|p2b: Pinsir|1\n|-end|p2b: Pinsir|Substitute\n|-supereffective|p2b: Pinsir|1\n|-damage|p2b: Pinsir|79/100\n|-hitcount|p2b: Pinsir|2\n|move|p2b: Pinsir|Body Slam|p1a: Kangaskhan\n|-damage|p1a: Kangaskhan|0 fnt\n|faint|p1a: Kangaskhan\n|\n|-heal|p2a: Incineroar|21/100|[from] item: Leftovers\n|upkeep\n|\n|t:|1776295465\n|switch|p1a: Archaludon|Archaludon, L50, F|100/100\n|turn|10\n|-message|honkhonkhon forfeited.\n|\n|win|JarlomenVGC\n|raw|honkhonkhon's rating: 1074 &rarr; <strong>1056</strong><br />(-18 for losing)\n|raw|JarlomenVGC's rating: 1119 &rarr; <strong>1141</strong><br />(+22 for winning)\n",
  "uploadtime": 1776295469,
  "views": 18,
  "formatid": "gen9championsvgc2026regma",
  "rating": 1056,
  "private": 0,
  "password": null
}