{
  "id": "gen9championsvgc2026regma-2582936250",
  "format": "[Gen 9 Champions] VGC 2026 Reg M-A",
  "players": [
    "slapface522",
    "69ingIncineroar"
  ],
  "log": "|j|\u2606slapface522\n|j|\u260669ingIncineroar\n|t:|1776126506\n|gametype|doubles\n|player|p1|slapface522|ethan|1076\n|player|p2|69ingIncineroar|266|1092\n|gen|9\n|tier|[Gen 9 Champions] VGC 2026 Reg M-A\n|rated|\n|rule|Species Clause: Limit one of each Pok\u00e9mon\n|rule|Item Clause: Limit 1 of each item\n|clearpoke\n|poke|p1|Drampa, L50, M|\n|poke|p1|Pelipper, L50, F|\n|poke|p1|Basculegion, L50, M|\n|poke|p1|Sinistcha, L50|\n|poke|p1|Sneasler, L50, M|\n|poke|p1|Alakazam, L50, F|\n|poke|p2|Sneasler, L50, F|\n|poke|p2|Kingambit, L50, F|\n|poke|p2|Garchomp, L50, F|\n|poke|p2|Basculegion, L50, M|\n|poke|p2|Delphox, L50, F|\n|poke|p2|Aerodactyl, L50, F|\n|teampreview|4\n|inactive|Battle timer is ON: inactive players will automatically lose when time's up. (requested by 69ingIncineroar)\n|inactive|slapface522 has 60 seconds left.\n|\n|t:|1776126541\n|teamsize|p1|4\n|teamsize|p2|4\n|start\n|switch|p1a: fihh|Basculegion, L50, M|100/100\n|switch|p1b: toe|Pelipper, L50, F|100/100\n|switch|p2a: Garchomp|Garchomp, L50, F|100/100\n|switch|p2b: Aerodactyl|Aerodactyl, L50, F|100/100\n|-ability|p2b: Aerodactyl|Unnerve\n|-weather|RainDance|[from] ability: Drizzle|[of] p1b: toe\n|turn|1\n|inactive|slapface522 has 30 seconds left.\n|\n|t:|1776126572\n|switch|p2b: Basculegion|Basculegion, L50, M|100/100\n|move|p1a: fihh|Outrage|p2b: Basculegion\n|-damage|p2b: Basculegion|55/100\n|move|p2a: Garchomp|Stomping Tantrum|p1a: fihh\n|-damage|p1a: fihh|46/100\n|move|p1b: toe|Tailwind|p1b: toe\n|-sidestart|p1: slapface522|move: Tailwind\n|\n|-weather|RainDance|[upkeep]\n|upkeep\n|turn|2\n|inactive|slapface522 has 30 seconds left.\n|inactive|69ingIncineroar has 30 seconds left.\n|inactive|slapface522 has 20 seconds left.\n|\n|t:|1776126608\n|move|p2b: Basculegion|Last Respects|p1a: fihh\n|-supereffective|p1a: fihh|1\n|-damage|p1a: fihh|0 fnt\n|faint|p1a: fihh\n|move|p1b: toe|Weather Ball|p2a: Garchomp\n|-damage|p2a: Garchomp|43/100\n|move|p2a: Garchomp|Dragon Claw|p1b: toe\n|-damage|p1b: toe|47/100\n|\n|-weather|RainDance|[upkeep]\n|upkeep\n|\n|t:|1776126621\n|switch|p1a: OG-San|Drampa, L50, M, shiny|100/100\n|turn|3\n|inactive|slapface522 has 30 seconds left.\n|inactive|slapface522 has 20 seconds left.\n|inactive|slapface522 has 15 seconds left.\n|\n|t:|1776126661\n|switch|p2a: Kingambit|Kingambit, L50, F|100/100\n|switch|p1a: sandwihh|Sinistcha, L50|100/100\n|-heal|p1b: toe|71/100|[from] ability: Hospitality|[of] p1a: sandwihh\n|move|p2b: Basculegion|Last Respects|p1b: toe\n|-damage|p1b: toe|48/100\n|move|p1b: toe|Weather Ball|p2a: Kingambit\n|-damage|p2a: Kingambit|28/100\n|\n|-weather|RainDance|[upkeep]\n|upkeep\n|turn|4\n|inactive|slapface522 has 30 seconds left.\n|inactive|slapface522 has 20 seconds left.\n|\n|t:|1776126699\n|move|p2a: Kingambit|Protect|p2a: Kingambit\n|-singleturn|p2a: Kingambit|Protect\n|move|p2b: Basculegion|Last Respects|p1a: sandwihh\n|-supereffective|p1a: sandwihh|1\n|-damage|p1a: sandwihh|66/100\n|move|p1b: toe|Hurricane|p2b: Basculegion\n|-damage|p2b: Basculegion|10/100\n|move|p1a: sandwihh|Matcha Gotcha|p2a: Kingambit|[spread] p2b\n|-activate|p2a: Kingambit|move: Protect\n|-supereffective|p2b: Basculegion|1\n|-damage|p2b: Basculegion|0 fnt\n|-heal|p1a: sandwihh|71/100|[from] drain|[of] p2b: Basculegion\n|faint|p2b: Basculegion\n|\n|-weather|RainDance|[upkeep]\n|-sideend|p1: slapface522|move: Tailwind\n|upkeep\n|\n|t:|1776126717\n|switch|p2b: Aerodactyl|Aerodactyl, L50, F|100/100\n|-ability|p2b: Aerodactyl|Unnerve\n|turn|5\n|inactive|slapface522 has 30 seconds left.\n|inactive|slapface522 has 20 seconds left.\n|\n|t:|1776126754\n|move|p2a: Kingambit|Sucker Punch||[still]\n|-fail|p2a: Kingambit\n|move|p2b: Aerodactyl|Tailwind|p2b: Aerodactyl\n|-sidestart|p2: 69ingIncineroar|move: Tailwind\n|move|p1b: toe|Weather Ball|p2a: Kingambit\n|-damage|p2a: Kingambit|0 fnt\n|faint|p2a: Kingambit\n|move|p1a: sandwihh|Trick Room|p1a: sandwihh\n|-fieldstart|move: Trick Room|[of] p1a: sandwihh\n|\n|-weather|none\n|upkeep\n|c|\u260669ingIncineroar|shit\n|c|\u260669ingIncineroar|hell of a play gg\n|c|\u2606slapface522|huge\n|-message|69ingIncineroar forfeited.\n|\n|win|slapface522\n|raw|slapface522's rating: 1076 &rarr; <strong>1106</strong><br />(+30 for winning)\n|raw|69ingIncineroar's rating: 1092 &rarr; <strong>1067</strong><br />(-25 for losing)\n|l|\u260669ingIncineroar\n|player|p2|\n|c|\u2606slapface522|ggs\n",
  "uploadtime": 1776126792,
  "views": 18,
  "formatid": "gen9championsvgc2026regma",
  "rating": 1067,
  "private": 0,
  "password": null
}