{
  "id": "gen9championsvgc2026regma-2589418063",
  "format": "[Gen 9 Champions] VGC 2026 Reg M-A",
  "players": [
    "STNKYJ",
    "Destormy"
  ],
  "log": "|j|\u2606STNKYJ\n|j|\u2606Destormy\n|t:|1776721284\n|gametype|doubles\n|player|p1|STNKYJ|1|1252\n|player|p2|Destormy|101|1346\n|gen|9\n|tier|[Gen 9 Champions] VGC 2026 Reg M-A\n|rated|\n|rule|Species Clause: Limit one of each Pok\u00e9mon\n|rule|Item Clause: Limit 1 of each item\n|clearpoke\n|poke|p1|Blastoise, L50, M|\n|poke|p1|Farigiraf, L50, F|\n|poke|p1|Goodra-Hisui, L50, F|\n|poke|p1|Kingambit, L50, F|\n|poke|p1|Meowscarada, L50, M|\n|poke|p1|Aegislash, L50, F|\n|poke|p2|Blastoise, L50, F|\n|poke|p2|Farigiraf, L50, M|\n|poke|p2|Basculegion, L50, M|\n|poke|p2|Sinistcha, L50|\n|poke|p2|Whimsicott, L50, M|\n|poke|p2|Sneasler, L50, M|\n|teampreview|4\n|\n|t:|1776721301\n|teamsize|p1|4\n|teamsize|p2|4\n|start\n|switch|p1a: Meowscarada|Meowscarada, L50, M|100/100\n|switch|p1b: Blastoise|Blastoise, L50, M|100/100\n|switch|p2a: Blastoise|Blastoise, L50, F|100/100\n|switch|p2b: Farigiraf|Farigiraf, L50, M|100/100\n|turn|1\n|\n|t:|1776721337\n|switch|p1b: Farigiraf|Farigiraf, L50, F|100/100\n|detailschange|p2a: Blastoise|Blastoise-Mega, L50, F\n|-mega|p2a: Blastoise|Blastoise|Blastoisinite\n|move|p2b: Farigiraf|Helping Hand|p2a: Blastoise\n|-singleturn|p2a: Blastoise|Helping Hand|[of] p2b: Farigiraf\n|move|p1a: Meowscarada|Knock Off|p2b: Farigiraf\n|-start|p1a: Meowscarada|typechange|Dark|[from] ability: Protean\n|-supereffective|p2b: Farigiraf|1\n|-damage|p2b: Farigiraf|31/100\n|-enditem|p2b: Farigiraf|Lum Berry|[from] move: Knock Off|[of] p1a: Meowscarada\n|move|p2a: Blastoise|Water Spout|p1b: Farigiraf|[spread] p1a,p1b\n|-enditem|p1a: Meowscarada|Focus Sash\n|-damage|p1a: Meowscarada|1/100\n|-damage|p1b: Farigiraf|18/100\n|-enditem|p1b: Farigiraf|Sitrus Berry|[eat]\n|-heal|p1b: Farigiraf|43/100|[from] item: Sitrus Berry\n|\n|upkeep\n|turn|2\n|\n|t:|1776721360\n|move|p1b: Farigiraf|Helping Hand|p1a: Meowscarada\n|-singleturn|p1a: Meowscarada|Helping Hand|[of] p1b: Farigiraf\n|move|p1a: Meowscarada|Flower Trick|p2a: Blastoise\n|-supereffective|p2a: Blastoise|1\n|-crit|p2a: Blastoise\n|-damage|p2a: Blastoise|0 fnt\n|faint|p2a: Blastoise\n|move|p2b: Farigiraf|Imprison|p2b: Farigiraf\n|-start|p2b: Farigiraf|move: Imprison\n|\n|upkeep\n|\n|t:|1776721370\n|switch|p2a: Basculegion|Basculegion, L50, M|100/100\n|turn|3\n|\n|t:|1776721392\n|switch|p2b: Sinistcha|Sinistcha, L50|100/100\n|switch|p1b: Kingambit|Kingambit, L50, F|100/100\n|move|p2a: Basculegion|Flip Turn|p1b: Kingambit\n|-damage|p1b: Kingambit|74/100\n|\n|t:|1776721400\n|switch|p2a: Farigiraf|Farigiraf, L50, M|31/100|[from] Flip Turn\n|move|p1a: Meowscarada|Knock Off|p2a: Farigiraf\n|-supereffective|p2a: Farigiraf|1\n|-damage|p2a: Farigiraf|0 fnt\n|faint|p2a: Farigiraf\n|\n|upkeep\n|\n|t:|1776721407\n|switch|p2a: Basculegion|Basculegion, L50, M|100/100\n|turn|4\n|\n|t:|1776721428\n|move|p2b: Sinistcha|Rage Powder|p2b: Sinistcha\n|-singleturn|p2b: Sinistcha|move: Rage Powder\n|move|p2a: Basculegion|Wave Crash|p1b: Kingambit\n|-damage|p1b: Kingambit|15/100\n|-damage|p2a: Basculegion|80/100|[from] Recoil\n|move|p1a: Meowscarada|Knock Off|p2b: Sinistcha\n|-supereffective|p2b: Sinistcha|1\n|-damage|p2b: Sinistcha|30/100\n|-enditem|p2b: Sinistcha|Sitrus Berry|[from] move: Knock Off|[of] p1a: Meowscarada\n|move|p1b: Kingambit|Kowtow Cleave|p2b: Sinistcha\n|-supereffective|p2b: Sinistcha|1\n|-damage|p2b: Sinistcha|0 fnt\n|faint|p2b: Sinistcha\n|\n|upkeep\n|turn|5\n|-message|Destormy forfeited.\n|\n|win|STNKYJ\n|raw|STNKYJ's rating: 1252 &rarr; <strong>1284</strong><br />(+32 for winning)\n|raw|Destormy's rating: 1346 &rarr; <strong>1321</strong><br />(-25 for losing)\n|l|\u2606Destormy\n|player|p2|\n",
  "uploadtime": 1776721452,
  "views": 11,
  "formatid": "gen9championsvgc2026regma",
  "rating": 1284,
  "private": 0,
  "password": null
}