{
  "id": "gen9championsvgc2026regma-2586737884",
  "format": "[Gen 9 Champions] VGC 2026 Reg M-A",
  "players": [
    "Thomper",
    "TwinkDeBolsillo"
  ],
  "log": "|j|\u2606Thomper\n|j|\u2606TwinkDeBolsillo\n|t:|1776456016\n|gametype|doubles\n|player|p1|Thomper|102|1049\n|player|p2|TwinkDeBolsillo|miku-ghost|1072\n|gen|9\n|tier|[Gen 9 Champions] VGC 2026 Reg M-A\n|rated|\n|rule|Species Clause: Limit one of each Pok\u00e9mon\n|rule|Item Clause: Limit 1 of each item\n|clearpoke\n|poke|p1|Sableye, L50, M|\n|poke|p1|Flapple, L50, M|\n|poke|p1|Maushold, L50|\n|poke|p1|Incineroar, L50, F|\n|poke|p1|Milotic, L50, M|\n|poke|p1|Gengar, L50, F|\n|poke|p2|Crabominable, L50, M|\n|poke|p2|Incineroar, L50, F|\n|poke|p2|Torkoal, L50, M|\n|poke|p2|Gyarados, L50, M|\n|poke|p2|Farigiraf, L50, M|\n|poke|p2|Drampa, L50, F|\n|teampreview|4\n|inactive|Battle timer is ON: inactive players will automatically lose when time's up. (requested by TwinkDeBolsillo)\n|inactive|Thomper has 60 seconds left.\nTwinkDeBolsillo has agreed to open team sheets.\n|\n|t:|1776456076\n|teamsize|p1|4\n|teamsize|p2|4\n|start\n|switch|p1a: Sableye|Sableye, L50, M|100/100\n|switch|p1b: Maushold|Maushold, L50, shiny|100/100\n|switch|p2a: Farigiraf|Farigiraf, L50, M|100/100\n|switch|p2b: Gyarados|Gyarados, L50, M|100/100\n|-ability|p2b: Gyarados|Intimidate|boost\n|-unboost|p1a: Sableye|atk|1\n|-unboost|p1b: Maushold|atk|1\n|turn|1\n|inactive|Thomper has 30 seconds left.\n|\n|t:|1776456104\n|switch|p2b: Drampa|Drampa, L50, F|100/100\n|move|p1a: Sableye|Gravity|p1a: Sableye\n|-fieldstart|move: Gravity\n|move|p1b: Maushold|Population Bomb|p2b: Drampa\n|-damage|p2b: Drampa|92/100\n|-damage|p2b: Drampa|83/100\n|-damage|p2b: Drampa|74/100\n|-damage|p2b: Drampa|65/100\n|-damage|p2b: Drampa|57/100\n|-damage|p2b: Drampa|48/100\n|-damage|p2b: Drampa|39/100\n|-damage|p2b: Drampa|30/100\n|-damage|p2b: Drampa|22/100\n|-damage|p2b: Drampa|13/100\n|-hitcount|p2b: Drampa|10\n|-ability|p2b: Drampa|Berserk|boost\n|-boost|p2b: Drampa|spa|1\n|move|p2a: Farigiraf|Trick Room|p2a: Farigiraf\n|-fieldstart|move: Trick Room|[of] p2a: Farigiraf\n|\n|upkeep\n|turn|2\n|inactive|Thomper has 30 seconds left.\n|inactive|Thomper has 20 seconds left.\n|inactive|Thomper has 15 seconds left.\n|inactive|Thomper has 10 seconds left.\n|\n|t:|1776456150\n|detailschange|p2b: Drampa|Drampa-Mega, L50, F\n|-mega|p2b: Drampa|Drampa|Drampanite\n|move|p2b: Drampa|Dragon Pulse|p1b: Maushold\n|-damage|p1b: Maushold|0 fnt\n|faint|p1b: Maushold\n|move|p1a: Sableye|Foul Play|p2b: Drampa\n|-damage|p2b: Drampa|0 fnt\n|faint|p2b: Drampa\n|move|p2a: Farigiraf|Twin Beam|p1a: Sableye\n|-immune|p1a: Sableye\n|\n|upkeep\n|\n|t:|1776456163\n|switch|p2b: Incineroar|Incineroar, L50, F|100/100\n|switch|p1b: Milotic|Milotic, L50, M|100/100\n|-ability|p2b: Incineroar|Intimidate|boost\n|-unboost|p1a: Sableye|atk|1\n|-unboost|p1b: Milotic|atk|1\n|-ability|p1b: Milotic|Competitive|boost\n|-boost|p1b: Milotic|spa|2\n|turn|3\n|inactive|Thomper has 30 seconds left.\n|inactive|Thomper has 20 seconds left.\n|\n|t:|1776456199\n|move|p2b: Incineroar|Fake Out|p1b: Milotic\n|-damage|p1b: Milotic|88/100\n|move|p1a: Sableye|Encore||[still]\n|cant|p2a: Farigiraf|ability: Armor Tail|Encore|[of] p1a: Sableye\n|move|p2a: Farigiraf|Dazzling Gleam|p1a: Sableye|[spread] p1a,p1b\n|-supereffective|p1a: Sableye|1\n|-damage|p1a: Sableye|38/100\n|-damage|p1b: Milotic|73/100\n|-enditem|p1a: Sableye|Sitrus Berry|[eat]\n|-heal|p1a: Sableye|63/100|[from] item: Sitrus Berry\n|cant|p1b: Milotic|flinch\n|\n|-heal|p1b: Milotic|79/100|[from] item: Leftovers\n|upkeep\n|turn|4\n|\n|t:|1776456226\n|move|p1a: Sableye|Foul Play|p2a: Farigiraf\n|-supereffective|p2a: Farigiraf|1\n|-damage|p2a: Farigiraf|45/100\n|move|p2a: Farigiraf|Dazzling Gleam|p1b: Milotic|[spread] p1a,p1b\n|-supereffective|p1a: Sableye|1\n|-damage|p1a: Sableye|6/100\n|-damage|p1b: Milotic|66/100\n|move|p2b: Incineroar|Parting Shot|p1a: Sableye\n|-unboost|p1a: Sableye|atk|1\n|-unboost|p1a: Sableye|spa|1\n|\n|t:|1776456234\n|switch|p2b: Gyarados|Gyarados, L50, M|100/100|[from] Parting Shot\n|-ability|p2b: Gyarados|Intimidate|boost\n|-unboost|p1a: Sableye|atk|1\n|-unboost|p1b: Milotic|atk|1\n|-ability|p1b: Milotic|Competitive|boost\n|-boost|p1b: Milotic|spa|2\n|move|p1b: Milotic|Hypnosis|p2a: Farigiraf\n|-status|p2a: Farigiraf|slp|[from] move: Hypnosis\n|\n|-heal|p1b: Milotic|72/100|[from] item: Leftovers\n|upkeep\n|turn|5\n|\n|t:|1776456247\n|move|p1a: Sableye|Foul Play|p2a: Farigiraf\n|-supereffective|p2a: Farigiraf|1\n|-damage|p2a: Farigiraf|0 fnt\n|faint|p2a: Farigiraf\n|move|p1b: Milotic|Ice Beam|p2b: Gyarados\n|-damage|p2b: Gyarados|12/100\n|move|p2b: Gyarados|Power Whip|p1b: Milotic\n|-supereffective|p1b: Milotic|1\n|-damage|p1b: Milotic|0 fnt\n|faint|p1b: Milotic\n|\n|-fieldend|move: Trick Room\n|-fieldend|move: Gravity\n|upkeep\n|\n|t:|1776456262\n|switch|p1b: Gengar|Gengar, L50, F|100/100\n|switch|p2a: Incineroar|Incineroar, L50, F|100/100\n|-ability|p2a: Incineroar|Intimidate|boost\n|-unboost|p1a: Sableye|atk|1\n|-unboost|p1b: Gengar|atk|1\n|turn|6\n|inactive|Thomper has 30 seconds left.\n|\n|t:|1776456290\n|detailschange|p1b: Gengar|Gengar-Mega, L50, F\n|-mega|p1b: Gengar|Gengar|Gengarite\n|move|p2b: Gyarados|Protect|p2b: Gyarados\n|-singleturn|p2b: Gyarados|Protect\n|move|p1b: Gengar|Sludge Bomb|p2a: Incineroar\n|-damage|p2a: Incineroar|59/100\n|-status|p2a: Incineroar|psn\n|move|p2a: Incineroar|Flare Blitz|p1b: Gengar\n|-damage|p1b: Gengar|24/100\n|-damage|p2a: Incineroar|40/100 psn|[from] Recoil\n|-enditem|p2a: Incineroar|Sitrus Berry|[eat]\n|-heal|p2a: Incineroar|65/100 psn|[from] item: Sitrus Berry\n|move|p1a: Sableye|Foul Play|p2b: Gyarados\n|-activate|p2b: Gyarados|move: Protect\n|\n|-damage|p2a: Incineroar|53/100 psn|[from] psn\n|upkeep\n|turn|7\n|\n|t:|1776456315\n|move|p1a: Sableye|Encore|p2b: Gyarados\n|-start|p2b: Gyarados|Encore\n|move|p2b: Gyarados|Protect|p2b: Gyarados\n|-singleturn|p2b: Gyarados|Protect\n|move|p1b: Gengar|Sludge Bomb|p2a: Incineroar\n|-damage|p2a: Incineroar|12/100 psn\n|move|p2a: Incineroar|Flare Blitz|p1b: Gengar\n|-damage|p1b: Gengar|0 fnt\n|faint|p1b: Gengar\n|-damage|p2a: Incineroar|6/100 psn|[from] Recoil\n|\n|-damage|p2a: Incineroar|0 fnt|[from] psn\n|faint|p2a: Incineroar\n|upkeep\n|turn|8\n|-message|TwinkDeBolsillo forfeited.\n|\n|win|Thomper\n|raw|Thomper's rating: 1049 &rarr; <strong>1084</strong><br />(+35 for winning)\n|raw|TwinkDeBolsillo's rating: 1072 &rarr; <strong>1050</strong><br />(-22 for losing)\n|l|\u2606TwinkDeBolsillo\n|player|p2|\n",
  "uploadtime": 1776456334,
  "views": 38,
  "formatid": "gen9championsvgc2026regma",
  "rating": 1050,
  "private": 0,
  "password": null
}