{
  "id": "gen9championsvgc2026regma-2583982915",
  "format": "[Gen 9 Champions] VGC 2026 Reg M-A",
  "players": [
    "TruongNgo",
    "Drcheems19"
  ],
  "log": "|j|\u2606TruongNgo\n|j|\u2606Drcheems19\n|t:|1776214031\n|gametype|doubles\n|player|p1|TruongNgo|cynthia-gen4|1075\n|player|p2|Drcheems19|169|1049\n|gen|9\n|tier|[Gen 9 Champions] VGC 2026 Reg M-A\n|rated|\n|rule|Species Clause: Limit one of each Pok\u00e9mon\n|rule|Item Clause: Limit 1 of each item\n|clearpoke\n|poke|p1|Archaludon, L50, F|\n|poke|p1|Meganium, L50, M|\n|poke|p1|Pelipper, L50, M|\n|poke|p1|Basculegion, L50, M|\n|poke|p1|Dragonite, L50, F|\n|poke|p1|Hawlucha, L50, M|\n|poke|p2|Sableye, L50, M|\n|poke|p2|Feraligatr, L50, M|\n|poke|p2|Maushold-Four, L50|\n|poke|p2|Whimsicott, L50, M|\n|poke|p2|Kingambit, L50, M|\n|poke|p2|Incineroar, L50, M|\n|teampreview|4\n|\n|t:|1776214067\n|teamsize|p1|4\n|teamsize|p2|4\n|start\n|switch|p1a: Basculegion|Basculegion, L50, M|100/100\n|switch|p1b: Archaludon|Archaludon, L50, F|100/100\n|switch|p2a: Sableye|Sableye, L50, M|100/100\n|switch|p2b: Feraligatr|Feraligatr, L50, M|100/100\n|turn|1\n|\n|t:|1776214098\n|move|p1b: Archaludon|Protect|p1b: Archaludon\n|-singleturn|p1b: Archaludon|Protect\n|move|p2a: Sableye|Will-O-Wisp|p1a: Basculegion|[miss]\n|-miss|p2a: Sableye|p1a: Basculegion\n|move|p1a: Basculegion|Flip Turn|p2a: Sableye\n|-damage|p2a: Sableye|50/100\n|c|\u2606Drcheems19|mmm bad bad luck\n|\n|t:|1776214107\n|switch|p1a: Pelipper|Pelipper, L50, M|100/100|[from] Flip Turn\n|-weather|RainDance|[from] ability: Drizzle|[of] p1a: Pelipper\n|move|p2b: Feraligatr|Low Kick|p1b: Archaludon\n|-activate|p1b: Archaludon|move: Protect\n|\n|-weather|RainDance|[upkeep]\n|upkeep\n|turn|2\n|c|\u2606Drcheems19|hahah\n|inactive|Battle timer is ON: inactive players will automatically lose when time's up. (requested by Drcheems19)\n|\n|t:|1776214125\n|detailschange|p2b: Feraligatr|Feraligatr-Mega, L50, M\n|-mega|p2b: Feraligatr|Feraligatr|Feraligite\n|move|p2a: Sableye|Will-O-Wisp|p2b: Feraligatr\n|-status|p2b: Feraligatr|brn\n|move|p2b: Feraligatr|Facade|p1b: Archaludon\n|-damage|p1b: Archaludon|21/100\n|-ability|p1b: Archaludon|Stamina|boost\n|-boost|p1b: Archaludon|def|1\n|-enditem|p1b: Archaludon|Sitrus Berry|[eat]\n|-heal|p1b: Archaludon|46/100|[from] item: Sitrus Berry\n|move|p1b: Archaludon|Electro Shot||[still]\n|-prepare|p1b: Archaludon|Electro Shot\n|-boost|p1b: Archaludon|spa|1\n|-anim|p1b: Archaludon|Electro Shot|p2b: Feraligatr\n|-damage|p2b: Feraligatr|24/100 brn\n|move|p1a: Pelipper|Hurricane|p2a: Sableye\n|-damage|p2a: Sableye|0 fnt\n|faint|p2a: Sableye\n|\n|-weather|RainDance|[upkeep]\n|-damage|p2b: Feraligatr|18/100 brn|[from] brn\n|upkeep\n|\n|t:|1776214132\n|switch|p2a: Whimsicott|Whimsicott, L50, M|100/100\n|turn|3\n|\n|t:|1776214156\n|move|p1b: Archaludon|Protect|p1b: Archaludon\n|-singleturn|p1b: Archaludon|Protect\n|move|p2a: Whimsicott|Sunny Day|p2a: Whimsicott\n|-weather|SunnyDay\n|move|p2b: Feraligatr|Facade|p1a: Pelipper\n|-damage|p1a: Pelipper|13/100\n|move|p1a: Pelipper|Hurricane|p2a: Whimsicott|[miss]\n|-miss|p1a: Pelipper|p2a: Whimsicott\n|\n|-weather|SunnyDay|[upkeep]\n|-heal|p1a: Pelipper|20/100|[from] item: Leftovers\n|-damage|p2b: Feraligatr|12/100 brn|[from] brn\n|upkeep\n|turn|4\n|\n|t:|1776214179\n|switch|p1b: Meganium|Meganium, L50, M|100/100\n|switch|p1a: Basculegion|Basculegion, L50, M|100/100\n|move|p2a: Whimsicott|Tailwind|p2a: Whimsicott\n|-sidestart|p2: Drcheems19|move: Tailwind\n|move|p2b: Feraligatr|Facade|p1b: Meganium\n|-damage|p1b: Meganium|25/100\n|\n|-weather|SunnyDay|[upkeep]\n|-damage|p2b: Feraligatr|5/100 brn|[from] brn\n|upkeep\n|turn|5\n|\n|t:|1776214201\n|detailschange|p1b: Meganium|Meganium-Mega, L50, M\n|-mega|p1b: Meganium|Meganium|Meganiumite\n|move|p1b: Meganium|Protect|p1b: Meganium\n|-singleturn|p1b: Meganium|Protect\n|move|p2a: Whimsicott|Sunny Day||[still]\n|-fail|p2a: Whimsicott\n|move|p2b: Feraligatr|Facade|p1a: Basculegion\n|-damage|p1a: Basculegion|0 fnt\n|faint|p1a: Basculegion\n|\n|-weather|SunnyDay|[upkeep]\n|-damage|p2b: Feraligatr|0 fnt|[from] brn\n|faint|p2b: Feraligatr\n|upkeep\n|\n|t:|1776214216\n|switch|p2b: Kingambit|Kingambit, L50, M|100/100\n|switch|p1a: Pelipper|Pelipper, L50, M|20/100\n|-weather|RainDance|[from] ability: Drizzle|[of] p1a: Pelipper\n|turn|6\n|\n|t:|1776214238\n|move|p2a: Whimsicott|Moonblast|p1a: Pelipper\n|-damage|p1a: Pelipper|0 fnt\n|faint|p1a: Pelipper\n|move|p2b: Kingambit|Swords Dance|p2b: Kingambit\n|-boost|p2b: Kingambit|atk|2\n|move|p1b: Meganium|Weather Ball|p2b: Kingambit\n|-supereffective|p2b: Kingambit|1\n|-damage|p2b: Kingambit|7/100\n|\n|-weather|RainDance|[upkeep]\n|upkeep\n|\n|t:|1776214251\n|switch|p1a: Archaludon|Archaludon, L50, F|46/100\n|turn|7\n|\n|t:|1776214259\n|move|p2b: Kingambit|Protect|p2b: Kingambit\n|-singleturn|p2b: Kingambit|Protect\n|move|p2a: Whimsicott|Moonblast|p1b: Meganium\n|-damage|p1b: Meganium|0 fnt\n|faint|p1b: Meganium\n|move|p1a: Archaludon|Electro Shot||[still]\n|-prepare|p1a: Archaludon|Electro Shot\n|-boost|p1a: Archaludon|spa|1\n|-anim|p1a: Archaludon|Electro Shot|p2b: Kingambit\n|-activate|p2b: Kingambit|move: Protect\n|\n|-weather|RainDance|[upkeep]\n|-sideend|p2: Drcheems19|move: Tailwind\n|upkeep\n|turn|8\n|-message|TruongNgo forfeited.\n|\n|win|Drcheems19\n|raw|TruongNgo's rating: 1075 &rarr; <strong>1052</strong><br />(-23 for losing)\n|raw|Drcheems19's rating: 1049 &rarr; <strong>1084</strong><br />(+35 for winning)\n|l|\u2606TruongNgo\n|player|p1|\n|c|\u2606Drcheems19|ez\n",
  "uploadtime": 1776214274,
  "views": 21,
  "formatid": "gen9championsvgc2026regma",
  "rating": 1052,
  "private": 0,
  "password": null
}