{
  "id": "gen9championsvgc2026regma-2583532353",
  "format": "[Gen 9 Champions] VGC 2026 Reg M-A",
  "players": [
    "Zino735",
    "reggie1000"
  ],
  "log": "|j|\u2606Zino735\n|j|\u2606reggie1000\n|t:|1776181602\n|gametype|doubles\n|player|p1|Zino735|lucas|\n|player|p2|reggie1000|101|\n|gen|9\n|tier|[Gen 9 Champions] VGC 2026 Reg M-A\n|rule|Species Clause: Limit one of each Pok\u00e9mon\n|rule|Item Clause: Limit 1 of each item\n|clearpoke\n|poke|p1|Tyranitar, L50, F|\n|poke|p1|Garchomp, L50, M|\n|poke|p1|Excadrill, L50, M|\n|poke|p1|Sinistcha, L50|\n|poke|p1|Incineroar, L50, M|\n|poke|p1|Rotom-Wash, L50|\n|poke|p2|Starmie, L50|\n|poke|p2|Alakazam, L50, M|\n|poke|p2|Arcanine, L50, M|\n|poke|p2|Aerodactyl, L50, F|\n|poke|p2|Rotom-Mow, L50|\n|poke|p2|Sinistcha, L50|\n|teampreview|4\n|\n|t:|1776181624\n|teamsize|p1|4\n|teamsize|p2|4\n|start\n|switch|p1a: Tyranitar|Tyranitar, L50, F|100/100\n|switch|p1b: Excadrill|Excadrill, L50, M|100/100\n|switch|p2a: Arcanine|Arcanine, L50, M|100/100\n|switch|p2b: Aerodactyl|Aerodactyl, L50, F|100/100\n|-ability|p2b: Aerodactyl|Unnerve\n|-ability|p2a: Arcanine|Intimidate|boost\n|-unboost|p1a: Tyranitar|atk|1\n|-unboost|p1b: Excadrill|atk|1\n|-weather|Sandstorm|[from] ability: Sand Stream|[of] p1a: Tyranitar\n|turn|1\n|\n|t:|1776181662\n|detailschange|p1a: Tyranitar|Tyranitar-Mega, L50, F\n|-mega|p1a: Tyranitar|Tyranitar|Tyranitarite\n|move|p1a: Tyranitar|Protect|p1a: Tyranitar\n|-singleturn|p1a: Tyranitar|Protect\n|move|p2b: Aerodactyl|Wide Guard|p2b: Aerodactyl\n|-singleturn|p2b: Aerodactyl|Wide Guard\n|move|p1b: Excadrill|Earthquake|p2a: Arcanine|[spread] \n|-activate|p2a: Arcanine|move: Wide Guard\n|-activate|p2b: Aerodactyl|move: Wide Guard\n|-activate|p1a: Tyranitar|move: Protect\n|move|p2a: Arcanine|Flare Blitz|p1b: Excadrill\n|-supereffective|p1b: Excadrill|1\n|-enditem|p1b: Excadrill|Focus Sash\n|-damage|p1b: Excadrill|1/100\n|-damage|p2a: Arcanine|64/100|[from] Recoil\n|\n|-weather|Sandstorm|[upkeep]\n|-damage|p2a: Arcanine|58/100|[from] Sandstorm\n|upkeep\n|turn|2\n|c|\u2606Zino735|nice read\n|c|\u2606reggie1000|thanks\n|\n|t:|1776181689\n|switch|p2a: Rotom|Rotom-Mow, L50|100/100\n|move|p1b: Excadrill|High Horsepower|p2a: Rotom\n|-immune|p2a: Rotom|[from] ability: Levitate\n|move|p2b: Aerodactyl|Rock Slide|p1b: Excadrill|[spread] p1a,p1b\n|-resisted|p1b: Excadrill|2\n|-damage|p1a: Tyranitar|85/100\n|-damage|p1b: Excadrill|0 fnt\n|faint|p1b: Excadrill\n|cant|p1a: Tyranitar|flinch\n|\n|-weather|Sandstorm|[upkeep]\n|-damage|p2a: Rotom|95/100|[from] Sandstorm\n|upkeep\n|c|\u2606reggie1000|oh\n|\n|t:|1776181702\n|switch|p1b: Incineroar|Incineroar, L50, M|100/100\n|-ability|p1b: Incineroar|Intimidate|boost\n|-unboost|p2a: Rotom|atk|1\n|-unboost|p2b: Aerodactyl|atk|1\n|turn|3\n|c|\u2606reggie1000|wasn't expecting a flinch\n|\n|t:|1776181717\n|move|p1b: Incineroar|Fake Out|p2b: Aerodactyl\n|-resisted|p2b: Aerodactyl|1\n|-damage|p2b: Aerodactyl|90/100\n|cant|p2b: Aerodactyl|flinch\n|move|p2a: Rotom|Leaf Storm|p1a: Tyranitar\n|-supereffective|p1a: Tyranitar|1\n|-damage|p1a: Tyranitar|38/100\n|-unboost|p2a: Rotom|spa|2\n|move|p1a: Tyranitar|Rock Slide|p2a: Rotom|[spread] p2a\n|-miss|p1a: Tyranitar|p2b: Aerodactyl\n|-damage|p2a: Rotom|69/100\n|\n|-weather|Sandstorm|[upkeep]\n|-damage|p1b: Incineroar|95/100|[from] Sandstorm\n|-damage|p2a: Rotom|64/100|[from] Sandstorm\n|upkeep\n|turn|4\n|\n|t:|1776181753\n|switch|p2a: Arcanine|Arcanine, L50, M|58/100\n|-ability|p2a: Arcanine|Intimidate|boost\n|-unboost|p1a: Tyranitar|atk|1\n|-unboost|p1b: Incineroar|atk|1\n|switch|p1a: Rotom|Rotom-Wash, L50|100/100\n|move|p2b: Aerodactyl|Wide Guard|p2b: Aerodactyl\n|-singleturn|p2b: Aerodactyl|Wide Guard\n|move|p1b: Incineroar|Flare Blitz|p2a: Arcanine\n|-resisted|p2a: Arcanine|1\n|-damage|p2a: Arcanine|38/100\n|-damage|p1b: Incineroar|89/100|[from] Recoil\n|\n|-weather|Sandstorm|[upkeep]\n|-damage|p2a: Arcanine|32/100|[from] Sandstorm\n|-damage|p1a: Rotom|95/100|[from] Sandstorm\n|-damage|p1b: Incineroar|83/100|[from] Sandstorm\n|-heal|p1a: Rotom|100/100|[from] item: Leftovers\n|upkeep\n|turn|5\n|\n|t:|1776181783\n|switch|p2a: Rotom|Rotom-Mow, L50|64/100\n|move|p2b: Aerodactyl|Tailwind|p2b: Aerodactyl\n|-sidestart|p2: reggie1000|move: Tailwind\n|move|p1a: Rotom|Hydro Pump|p2b: Aerodactyl\n|-supereffective|p2b: Aerodactyl|1\n|-damage|p2b: Aerodactyl|5/100\n|move|p1b: Incineroar|Parting Shot|p2a: Rotom\n|-unboost|p2a: Rotom|atk|1\n|-unboost|p2a: Rotom|spa|1\n|\n|t:|1776181794\n|switch|p1b: Tyranitar|Tyranitar-Mega, L50, F|38/100|[from] Parting Shot\n|\n|-weather|none\n|upkeep\n|turn|6\n|\n|t:|1776181825\n|move|p2b: Aerodactyl|Rock Slide|p1a: Rotom|[spread] p1a,p1b\n|-damage|p1a: Rotom|83/100\n|-damage|p1b: Tyranitar|28/100\n|move|p2a: Rotom|Thunderbolt|p1a: Rotom\n|-damage|p1a: Rotom|60/100\n|move|p1a: Rotom|Will-O-Wisp|p2b: Aerodactyl\n|-status|p2b: Aerodactyl|brn\n|move|p1b: Tyranitar|Ice Punch|p2a: Rotom\n|-supereffective|p2a: Rotom|1\n|-damage|p2a: Rotom|0 fnt\n|faint|p2a: Rotom\n|\n|-heal|p1a: Rotom|66/100|[from] item: Leftovers\n|-damage|p2b: Aerodactyl|0 fnt|[from] brn\n|faint|p2b: Aerodactyl\n|upkeep\n|\n|t:|1776181836\n|switch|p2b: Starmie|Starmie, L50|100/100\n|switch|p2a: Arcanine|Arcanine, L50, M|32/100\n|-ability|p2a: Arcanine|Intimidate|boost\n|-unboost|p1a: Rotom|atk|1\n|-unboost|p1b: Tyranitar|atk|1\n|turn|7\n|\n|t:|1776181853\n|switch|p1a: Incineroar|Incineroar, L50, M|83/100\n|-ability|p1a: Incineroar|Intimidate|boost\n|-unboost|p2a: Arcanine|atk|1\n|-unboost|p2b: Starmie|atk|1\n|-enditem|p2a: Arcanine|White Herb\n|-clearnegativeboost|p2a: Arcanine|[silent]\n|detailschange|p2b: Starmie|Starmie-Mega, L50\n|-mega|p2b: Starmie|Starmie|Starminite\n|move|p1b: Tyranitar|Protect|p1b: Tyranitar\n|-singleturn|p1b: Tyranitar|Protect\n|move|p2a: Arcanine|Howl|p2a: Arcanine|[spread] p2a,p2b\n|-boost|p2a: Arcanine|atk|1\n|-boost|p2b: Starmie|atk|1\n|move|p2b: Starmie|Liquidation|p1b: Tyranitar\n|-activate|p1b: Tyranitar|move: Protect\n|\n|upkeep\n|turn|8\n|\n|t:|1776181880\n|move|p1a: Incineroar|Fake Out|p2b: Starmie\n|-damage|p2b: Starmie|92/100\n|move|p2a: Arcanine|Morning Sun|p2a: Arcanine\n|-heal|p2a: Arcanine|82/100\n|cant|p2b: Starmie|flinch\n|move|p1b: Tyranitar|Knock Off|p2b: Starmie\n|-supereffective|p2b: Starmie|1\n|-damage|p2b: Starmie|45/100\n|\n|-sideend|p2: reggie1000|move: Tailwind\n|upkeep\n|turn|9\n|\n|t:|1776181902\n|switch|p1b: Rotom|Rotom-Wash, L50|66/100\n|move|p2a: Arcanine|Flare Blitz|p1b: Rotom\n|-resisted|p1b: Rotom|1\n|-damage|p1b: Rotom|22/100\n|-damage|p2a: Arcanine|68/100|[from] Recoil\n|move|p2b: Starmie|Recover|p2b: Starmie\n|-heal|p2b: Starmie|95/100\n|move|p1a: Incineroar|Parting Shot|p2a: Arcanine\n|-unboost|p2a: Arcanine|atk|1\n|-unboost|p2a: Arcanine|spa|1\n|\n|t:|1776181912\n|switch|p1a: Tyranitar|Tyranitar-Mega, L50, F|28/100|[from] Parting Shot\n|-weather|Sandstorm|[from] ability: Sand Stream|[of] p1a: Tyranitar\n|\n|-weather|Sandstorm|[upkeep]\n|-damage|p2a: Arcanine|62/100|[from] Sandstorm\n|-damage|p2b: Starmie|89/100|[from] Sandstorm\n|-damage|p1b: Rotom|16/100|[from] Sandstorm\n|-heal|p1b: Rotom|22/100|[from] item: Leftovers\n|upkeep\n|turn|10\n|\n|t:|1776181930\n|switch|p1b: Incineroar|Incineroar, L50, M|83/100\n|-ability|p1b: Incineroar|Intimidate|boost\n|-unboost|p2a: Arcanine|atk|1\n|-unboost|p2b: Starmie|atk|1\n|move|p2a: Arcanine|Extreme Speed|p1b: Incineroar\n|-damage|p1b: Incineroar|67/100\n|move|p2b: Starmie|Liquidation|p1a: Tyranitar\n|-supereffective|p1a: Tyranitar|1\n|-damage|p1a: Tyranitar|0 fnt\n|faint|p1a: Tyranitar\n|\n|-weather|Sandstorm|[upkeep]\n|-damage|p2a: Arcanine|56/100|[from] Sandstorm\n|-damage|p2b: Starmie|83/100|[from] Sandstorm\n|-damage|p1b: Incineroar|61/100|[from] Sandstorm\n|upkeep\n|\n|t:|1776181943\n|switch|p1a: Rotom|Rotom-Wash, L50|22/100\n|turn|11\n|\n|t:|1776181957\n|move|p1b: Incineroar|Fake Out|p2b: Starmie\n|-damage|p2b: Starmie|74/100\n|move|p2a: Arcanine|Extreme Speed|p1a: Rotom\n|-damage|p1a: Rotom|6/100\n|cant|p2b: Starmie|flinch\n|move|p1a: Rotom|Hydro Pump|p2a: Arcanine\n|-supereffective|p2a: Arcanine|1\n|-damage|p2a: Arcanine|0 fnt\n|faint|p2a: Arcanine\n|\n|-weather|Sandstorm|[upkeep]\n|-damage|p2b: Starmie|68/100|[from] Sandstorm\n|-damage|p1a: Rotom|0 fnt|[from] Sandstorm\n|-damage|p1b: Incineroar|55/100|[from] Sandstorm\n|faint|p1a: Rotom\n|upkeep\n|turn|12\n|\n|t:|1776181982\n|move|p2b: Starmie|Liquidation|p1b: Incineroar\n|-supereffective|p1b: Incineroar|1\n|-damage|p1b: Incineroar|0 fnt\n|faint|p1b: Incineroar\n|\n|win|reggie1000\n|c|\u2606reggie1000|gg :)\n|c|\u2606Zino735|gg\n",
  "uploadtime": 1776181989,
  "views": 13,
  "formatid": "gen9championsvgc2026regma",
  "rating": null,
  "private": 0,
  "password": null
}