{
  "id": "gen9championsvgc2026regma-2582003779",
  "format": "[Gen 9 Champions] VGC 2026 Reg M-A",
  "players": [
    "21Kieran",
    "Rose Gastrodon"
  ],
  "log": "|j|\u260621Kieran\n|j|\u2606Rose Gastrodon\n|t:|1776047443\n|gametype|doubles\n|player|p1|21Kieran|taunie|\n|player|p2|Rose Gastrodon|barry|\n|gen|9\n|tier|[Gen 9 Champions] VGC 2026 Reg M-A\n|rated|Tournament battle\n|rule|Species Clause: Limit one of each Pok\u00e9mon\n|rule|Item Clause: Limit 1 of each item\n|clearpoke\n|poke|p1|Floette-Eternal, L50, F|\n|poke|p1|Kingambit, L50, M|\n|poke|p1|Garchomp, L50, F|\n|poke|p1|Delphox, L50, F|\n|poke|p1|Basculegion, L50, M|\n|poke|p1|Sneasler, L50, M|\n|poke|p2|Incineroar, L50, M|\n|poke|p2|Sinistcha, L50|\n|poke|p2|Floette-Eternal, L50, F|\n|poke|p2|Pelipper, L50, F|\n|poke|p2|Basculegion, L50, M|\n|poke|p2|Archaludon, L50, M|\n|teampreview|4\n|inactive|Battle timer is ON: inactive players will automatically lose when time's up. (requested by 21Kieran)\n|\n|t:|1776047478\n|teamsize|p1|4\n|teamsize|p2|4\n|start\n|switch|p1a: Floette|Floette-Eternal, L50, F|100/100\n|switch|p1b: Sneasler|Sneasler, L50, M|100/100\n|switch|p2a: Pelipper|Pelipper, L50, F|100/100\n|switch|p2b: Basculegion|Basculegion, L50, M|100/100\n|-weather|RainDance|[from] ability: Drizzle|[of] p2a: Pelipper\n|turn|1\n|j| FlowerGirl2\n|j| hesolk\n|\n|t:|1776047497\n|switch|p1a: Basculegion|Basculegion, L50, M|100/100\n|move|p1b: Sneasler|Fake Out|p2a: Pelipper\n|-damage|p2a: Pelipper|81/100\n|move|p2b: Basculegion|Wave Crash|p1b: Sneasler\n|-damage|p1b: Sneasler|0 fnt\n|faint|p1b: Sneasler\n|-damage|p2b: Basculegion|78/100|[from] Recoil\n|-heal|p2b: Basculegion|86/100|[from] item: Shell Bell|[of] p1: Sneasler\n|cant|p2a: Pelipper|flinch\n|\n|-weather|RainDance|[upkeep]\n|upkeep\n|\n|t:|1776047505\n|switch|p1b: Kingambit|Kingambit, L50, M|100/100\n|turn|2\n|inactive|Rose Gastrodon has 30 seconds left.\n|inactive|21Kieran has 30 seconds left.\n|\n|t:|1776047540\n|switch|p2b: Sinistcha|Sinistcha, L50|100/100\n|-heal|p2a: Pelipper|100/100|[from] ability: Hospitality|[of] p2b: Sinistcha\n|move|p1b: Kingambit|Sucker Punch||[still]\n|-fail|p1b: Kingambit\n|move|p1a: Basculegion|Last Respects|p2a: Pelipper\n|-damage|p2a: Pelipper|13/100\n|move|p2a: Pelipper|Tailwind|p2a: Pelipper\n|-sidestart|p2: Rose Gastrodon|move: Tailwind\n|\n|-weather|RainDance|[upkeep]\n|upkeep\n|turn|3\n|inactive|Rose Gastrodon has 30 seconds left.\n|\n|t:|1776047567\n|switch|p1a: Floette|Floette-Eternal, L50, F|100/100\n|move|p2b: Sinistcha|Rage Powder|p2b: Sinistcha\n|-singleturn|p2b: Sinistcha|move: Rage Powder\n|move|p2a: Pelipper|Weather Ball|p1b: Kingambit\n|-damage|p1b: Kingambit|41/100\n|move|p1b: Kingambit|Kowtow Cleave|p2b: Sinistcha\n|-supereffective|p2b: Sinistcha|1\n|-damage|p2b: Sinistcha|0 fnt\n|faint|p2b: Sinistcha\n|\n|-weather|RainDance|[upkeep]\n|upkeep\n|\n|t:|1776047570\n|switch|p2b: Floette|Floette-Eternal, L50, F|100/100\n|turn|4\n|l| hesolk\n|\n|t:|1776047591\n|switch|p1b: Basculegion|Basculegion, L50, M|100/100\n|detailschange|p2b: Floette|Floette-Mega, L50, F\n|-mega|p2b: Floette|Floette|Floettite\n|-ability|p2b: Floette|Fairy Aura\n|detailschange|p1a: Floette|Floette-Mega, L50, F\n|-mega|p1a: Floette|Floette|Floettite\n|-ability|p1a: Floette|Fairy Aura\n|move|p2a: Pelipper|Protect|p2a: Pelipper\n|-singleturn|p2a: Pelipper|Protect\n|move|p2b: Floette|Dazzling Gleam|p1b: Basculegion|[spread] p1a,p1b\n|-damage|p1a: Floette|63/100\n|-damage|p1b: Basculegion|47/100\n|move|p1a: Floette|Calm Mind|p1a: Floette\n|-boost|p1a: Floette|spa|1\n|-boost|p1a: Floette|spd|1\n|\n|-weather|RainDance|[upkeep]\n|upkeep\n|turn|5\n|j| hesolk\n|\n|t:|1776047609\n|move|p1b: Basculegion|Aqua Jet|p2a: Pelipper\n|-resisted|p2a: Pelipper|1\n|-damage|p2a: Pelipper|0 fnt\n|faint|p2a: Pelipper\n|move|p2b: Floette|Light of Ruin|p1a: Floette\n|-damage|p1a: Floette|1/100\n|-damage|p2b: Floette|71/100|[from] Recoil\n|move|p1a: Floette|Draining Kiss|p2b: Floette\n|-damage|p2b: Floette|23/100\n|-heal|p1a: Floette|39/100|[from] drain|[of] p2b: Floette\n|\n|-weather|none\n|-sideend|p2: Rose Gastrodon|move: Tailwind\n|upkeep\n|\n|t:|1776047613\n|switch|p2a: Basculegion|Basculegion, L50, M|86/100\n|turn|6\n|\n|t:|1776047641\n|move|p1b: Basculegion|Aqua Jet|p2b: Floette\n|-damage|p2b: Floette|0 fnt\n|faint|p2b: Floette\n|move|p1a: Floette|Draining Kiss|p2a: Basculegion\n|-damage|p2a: Basculegion|20/100\n|-heal|p1a: Floette|100/100|[from] drain|[of] p2a: Basculegion\n|move|p2a: Basculegion|Last Respects|p1b: Basculegion\n|-supereffective|p1b: Basculegion|1\n|-damage|p1b: Basculegion|0 fnt\n|faint|p1b: Basculegion\n|-heal|p2a: Basculegion|25/100|[from] item: Shell Bell|[of] p1: Basculegion\n|\n|upkeep\n|-message|Rose Gastrodon forfeited.\n|\n|win|21Kieran\n|n|\u260621Kieran|21kieran\n|n|\u2606Rose Gastrodon|rosegastrodon\n|n| FlowerGirl2|flowergirl2\n|n| hesolk|hesolk\n",
  "uploadtime": 1776047648,
  "views": 10,
  "formatid": "gen9championsvgc2026regma",
  "rating": null,
  "private": 0,
  "password": null
}