{
  "id": "gen9championsvgc2026regma-2585240874",
  "format": "[Gen 9 Champions] VGC 2026 Reg M-A",
  "players": [
    "targos14",
    "lolnezan78"
  ],
  "log": "|j|\u2606targos14\n|j|\u2606lolnezan78\n|t:|1776328897\n|gametype|doubles\n|player|p1|targos14|169|1146\n|player|p2|lolnezan78|brycen|1242\n|gen|9\n|tier|[Gen 9 Champions] VGC 2026 Reg M-A\n|rated|\n|rule|Species Clause: Limit one of each Pok\u00e9mon\n|rule|Item Clause: Limit 1 of each item\n|clearpoke\n|poke|p1|Arcanine, L50, F|\n|poke|p1|Rotom-Wash, L50|\n|poke|p1|Garchomp, L50, M|\n|poke|p1|Venusaur, L50, F|\n|poke|p1|Corviknight, L50, M|\n|poke|p1|Sneasler, L50, F|\n|poke|p2|Floette-Eternal, L50, F|\n|poke|p2|Incineroar, L50, F|\n|poke|p2|Garchomp, L50, F|\n|poke|p2|Sneasler, L50, F|\n|poke|p2|Aerodactyl, L50, F|\n|poke|p2|Rotom-Wash, L50|\n|teampreview|4\n|inactive|Battle timer is ON: inactive players will automatically lose when time's up. (requested by lolnezan78)\n|\n|t:|1776328939\n|teamsize|p1|4\n|teamsize|p2|4\n|start\n|switch|p1a: Rotom|Rotom-Wash, L50|100/100\n|switch|p1b: Garchomp|Garchomp, L50, M|100/100\n|switch|p2a: Rotom|Rotom-Wash, L50|100/100\n|switch|p2b: Sneasler|Sneasler, L50, F|100/100\n|turn|1\n|inactive|targos14 has 30 seconds left.\n|\n|t:|1776328965\n|move|p2b: Sneasler|Fake Out|p1a: Rotom\n|-damage|p1a: Rotom|82/100\n|move|p2a: Rotom|Will-O-Wisp|p1b: Garchomp\n|-status|p1b: Garchomp|brn\n|cant|p1a: Rotom|flinch\n|move|p1b: Garchomp|Earthquake|p2b: Sneasler|[spread] p2b\n|-immune|p1a: Rotom|[from] ability: Levitate\n|-immune|p2a: Rotom|[from] ability: Levitate\n|-supereffective|p2b: Sneasler|1\n|-crit|p2b: Sneasler\n|-damage|p2b: Sneasler|16/100\n|\n|-damage|p1b: Garchomp|95/100 brn|[from] brn\n|upkeep\n|turn|2\n|inactive|targos14 has 30 seconds left.\n|\n|t:|1776328992\n|switch|p2a: Incineroar|Incineroar, L50, F|100/100\n|-ability|p2a: Incineroar|Intimidate|boost\n|-unboost|p1a: Rotom|atk|1\n|-unboost|p1b: Garchomp|atk|1\n|-enditem|p1b: Garchomp|White Herb\n|-clearnegativeboost|p1b: Garchomp|[silent]\n|switch|p1b: Venusaur|Venusaur, L50, F|100/100\n|move|p1a: Rotom|Discharge|p2a: Incineroar|[spread] p1b,p2a,p2b\n|-resisted|p1b: Venusaur|1\n|-damage|p1b: Venusaur|88/100\n|-damage|p2a: Incineroar|75/100\n|-damage|p2b: Sneasler|0 fnt\n|faint|p2b: Sneasler\n|\n|upkeep\n|\n|t:|1776329012\n|switch|p2b: Garchomp|Garchomp, L50, F|100/100\n|turn|3\n|inactive|targos14 has 30 seconds left.\n|inactive|targos14 has 20 seconds left.\n|inactive|targos14 has 15 seconds left.\n|inactive|targos14 has 10 seconds left.\n|inactive|targos14 has 5 seconds left.\n|\n|t:|1776329066\n|switch|p1a: Garchomp|Garchomp, L50, M|95/100 brn\n|detailschange|p1b: Venusaur|Venusaur-Mega, L50, F\n|-mega|p1b: Venusaur|Venusaur|Venusaurite\n|move|p2b: Garchomp|Stomping Tantrum|p1b: Venusaur\n|-damage|p1b: Venusaur|49/100\n|move|p1b: Venusaur|Leech Seed|p2b: Garchomp\n|-start|p2b: Garchomp|move: Leech Seed\n|move|p2a: Incineroar|Parting Shot|p1a: Garchomp\n|-unboost|p1a: Garchomp|atk|1\n|-unboost|p1a: Garchomp|spa|1\n|\n|t:|1776329076\n|switch|p2a: Rotom|Rotom-Wash, L50|100/100|[from] Parting Shot\n|\n|-damage|p2b: Garchomp|88/100|[from] Leech Seed|[of] p1b: Venusaur\n|-heal|p1b: Venusaur|61/100|[silent]\n|-damage|p1a: Garchomp|89/100 brn|[from] brn\n|upkeep\n|turn|4\n|\n|t:|1776329092\n|switch|p1a: Arcanine|Arcanine, L50, F|100/100\n|-ability|p1a: Arcanine|Intimidate|boost\n|-unboost|p2a: Rotom|atk|1\n|-unboost|p2b: Garchomp|atk|1\n|move|p1b: Venusaur|Protect|p1b: Venusaur\n|-singleturn|p1b: Venusaur|Protect\n|move|p2a: Rotom|Electroweb|p1b: Venusaur|[spread] p1a\n|-activate|p1b: Venusaur|move: Protect\n|-crit|p1a: Arcanine\n|-damage|p1a: Arcanine|76/100\n|-unboost|p1a: Arcanine|spe|1\n|move|p2b: Garchomp|Dragon Claw|p1a: Arcanine\n|-damage|p1a: Arcanine|43/100\n|-enditem|p1a: Arcanine|Sitrus Berry|[eat]\n|-heal|p1a: Arcanine|68/100|[from] item: Sitrus Berry\n|\n|-damage|p2b: Garchomp|76/100|[from] Leech Seed|[of] p1b: Venusaur\n|-heal|p1b: Venusaur|74/100|[silent]\n|upkeep\n|turn|5\n|inactive|targos14 has 30 seconds left.\n|\n|t:|1776329122\n|switch|p2b: Incineroar|Incineroar, L50, F|75/100\n|-ability|p2b: Incineroar|Intimidate|boost\n|-unboost|p1a: Arcanine|atk|1\n|-unboost|p1b: Venusaur|atk|1\n|move|p2a: Rotom|Electroweb|p1a: Arcanine|[spread] p1b\n|-miss|p2a: Rotom|p1a: Arcanine\n|-resisted|p1b: Venusaur|1\n|-damage|p1b: Venusaur|67/100\n|-unboost|p1b: Venusaur|spe|1\n|move|p1a: Arcanine|Will-O-Wisp|p2b: Incineroar\n|-immune|p2b: Incineroar\n|move|p1b: Venusaur|Giga Drain|p2a: Rotom\n|-supereffective|p2a: Rotom|1\n|-damage|p2a: Rotom|27/100\n|-heal|p1b: Venusaur|98/100|[from] drain|[of] p2a: Rotom\n|\n|upkeep\n|turn|6\n|inactive|targos14 has 30 seconds left.\n|inactive|targos14 has 20 seconds left.\n|inactive|targos14 has 15 seconds left.\n|inactive|targos14 has 10 seconds left.\n|\n|t:|1776329167\n|switch|p1a: Rotom|Rotom-Wash, L50|82/100\n|switch|p1b: Garchomp|Garchomp, L50, M|89/100 brn\n|move|p2a: Rotom|Electroweb|p1b: Garchomp|[spread] p1a\n|-immune|p1b: Garchomp\n|-damage|p1a: Rotom|62/100\n|-unboost|p1a: Rotom|spe|1\n|move|p2b: Incineroar|Flare Blitz|p1b: Garchomp\n|-resisted|p1b: Garchomp|1\n|-damage|p1b: Garchomp|65/100 brn\n|-damage|p2b: Incineroar|63/100|[from] ability: Rough Skin|[of] p1b: Garchomp\n|-damage|p2b: Incineroar|55/100|[from] Recoil\n|\n|-damage|p1b: Garchomp|60/100 brn|[from] brn\n|upkeep\n|turn|7\n|inactive|targos14 has 30 seconds left.\n|inactive|targos14 has 20 seconds left.\n|inactive|targos14 has 15 seconds left.\n|\n|t:|1776329208\n|move|p2a: Rotom|Electroweb|p1a: Rotom|[spread] p1a\n|-immune|p1b: Garchomp\n|-damage|p1a: Rotom|42/100\n|-unboost|p1a: Rotom|spe|1\n|move|p1b: Garchomp|Dragon Claw|p2a: Rotom\n|-damage|p2a: Rotom|4/100\n|move|p1a: Rotom|Hydro Pump|p2a: Rotom\n|-resisted|p2a: Rotom|1\n|-damage|p2a: Rotom|0 fnt\n|faint|p2a: Rotom\n|move|p2b: Incineroar|Parting Shot|p1a: Rotom\n|-unboost|p1a: Rotom|atk|1\n|-unboost|p1a: Rotom|spa|1\n|\n|t:|1776329218\n|switch|p2b: Garchomp|Garchomp, L50, F|76/100|[from] Parting Shot\n|\n|-damage|p1b: Garchomp|54/100 brn|[from] brn\n|upkeep\n|\n|t:|1776329219\n|switch|p2a: Incineroar|Incineroar, L50, F|55/100\n|-ability|p2a: Incineroar|Intimidate|boost\n|-unboost|p1a: Rotom|atk|1\n|-unboost|p1b: Garchomp|atk|1\n|turn|8\n|inactive|targos14 has 30 seconds left.\n|\n|t:|1776329245\n|move|p2a: Incineroar|Fake Out|p1b: Garchomp\n|-damage|p1b: Garchomp|43/100 brn\n|-damage|p2a: Incineroar|43/100|[from] ability: Rough Skin|[of] p1b: Garchomp\n|-enditem|p2a: Incineroar|Sitrus Berry|[eat]\n|-heal|p2a: Incineroar|68/100|[from] item: Sitrus Berry\n|move|p2b: Garchomp|Dragon Claw|p1a: Rotom\n|-damage|p1a: Rotom|0 fnt\n|faint|p1a: Rotom\n|cant|p1b: Garchomp|flinch\n|\n|-damage|p1b: Garchomp|37/100 brn|[from] brn\n|upkeep\n|\n|t:|1776329259\n|switch|p1a: Venusaur|Venusaur-Mega, L50, F|98/100\n|turn|9\n|inactive|targos14 has 30 seconds left.\n|\n|t:|1776329289\n|move|p1b: Garchomp|Stone Edge|p2a: Incineroar\n|-supereffective|p2a: Incineroar|1\n|-damage|p2a: Incineroar|50/100\n|move|p2b: Garchomp|Stomping Tantrum|p1a: Venusaur\n|-damage|p1a: Venusaur|60/100\n|move|p1a: Venusaur|Leech Seed|p2b: Garchomp\n|-start|p2b: Garchomp|move: Leech Seed\n|move|p2a: Incineroar|Flare Blitz|p1a: Venusaur\n|-supereffective|p1a: Venusaur|1\n|-damage|p1a: Venusaur|27/100\n|-damage|p2a: Incineroar|40/100|[from] Recoil\n|\n|-damage|p2b: Garchomp|64/100|[from] Leech Seed|[of] p1a: Venusaur\n|-heal|p1a: Venusaur|40/100|[silent]\n|-damage|p1b: Garchomp|31/100 brn|[from] brn\n|upkeep\n|turn|10\n|\n|t:|1776329308\n|switch|p1b: Arcanine|Arcanine, L50, F|68/100\n|-ability|p1b: Arcanine|Intimidate|boost\n|-unboost|p2a: Incineroar|atk|1\n|-unboost|p2b: Garchomp|atk|1\n|move|p1a: Venusaur|Protect|p1a: Venusaur\n|-singleturn|p1a: Venusaur|Protect\n|move|p2b: Garchomp|Stomping Tantrum|p1b: Arcanine\n|-supereffective|p1b: Arcanine|1\n|-damage|p1b: Arcanine|4/100\n|move|p2a: Incineroar|Flare Blitz|p1a: Venusaur\n|-activate|p1a: Venusaur|move: Protect\n|\n|-damage|p2b: Garchomp|51/100|[from] Leech Seed|[of] p1a: Venusaur\n|-heal|p1a: Venusaur|52/100|[silent]\n|upkeep\n|turn|11\n|inactive|targos14 has 30 seconds left.\n|\n|t:|1776329334\n|move|p2b: Garchomp|Stomping Tantrum|p1a: Venusaur\n|-damage|p1a: Venusaur|26/100\n|move|p1b: Arcanine|Will-O-Wisp|p2b: Garchomp\n|-status|p2b: Garchomp|brn\n|move|p1a: Venusaur|Leech Seed|p2a: Incineroar\n|-start|p2a: Incineroar|move: Leech Seed\n|move|p2a: Incineroar|Flare Blitz|p1a: Venusaur\n|-supereffective|p1a: Venusaur|1\n|-damage|p1a: Venusaur|0 fnt\n|faint|p1a: Venusaur\n|-damage|p2a: Incineroar|32/100|[from] Recoil\n|\n|-damage|p2b: Garchomp|45/100 brn|[from] brn\n|upkeep\n|\n|t:|1776329350\n|switch|p1a: Garchomp|Garchomp, L50, M|31/100 brn\n|turn|12\n|\n|t:|1776329360\n|move|p1a: Garchomp|Protect|p1a: Garchomp\n|-singleturn|p1a: Garchomp|Protect\n|move|p1b: Arcanine|Protect|p1b: Arcanine\n|-singleturn|p1b: Arcanine|Protect\n|move|p2b: Garchomp|Dragon Claw|p1a: Garchomp\n|-activate|p1a: Garchomp|move: Protect\n|move|p2a: Incineroar|Throat Chop|p1b: Arcanine\n|-activate|p1b: Arcanine|move: Protect\n|\n|-damage|p2b: Garchomp|33/100 brn|[from] Leech Seed|[of] p1a: Garchomp\n|-heal|p1a: Garchomp|43/100 brn|[silent]\n|-damage|p2a: Incineroar|19/100|[from] Leech Seed|[of] p1a: Garchomp\n|-heal|p1a: Garchomp|56/100 brn|[silent]\n|-damage|p1a: Garchomp|50/100 brn|[from] brn\n|-damage|p2b: Garchomp|27/100 brn|[from] brn\n|upkeep\n|turn|13\n|inactive|targos14 has 30 seconds left.\n|\n|t:|1776329390\n|move|p2b: Garchomp|Dragon Claw|p1a: Garchomp\n|-supereffective|p1a: Garchomp|1\n|-damage|p1a: Garchomp|22/100 brn\n|-damage|p2b: Garchomp|15/100 brn|[from] ability: Rough Skin|[of] p1a: Garchomp\n|move|p1a: Garchomp|Dragon Claw|p2b: Garchomp\n|-supereffective|p2b: Garchomp|1\n|-damage|p2b: Garchomp|0 fnt\n|-damage|p1a: Garchomp|10/100 brn|[from] ability: Rough Skin|[of] p2b: Garchomp\n|faint|p2b: Garchomp\n|move|p1b: Arcanine|Flare Blitz|p2a: Incineroar\n|-resisted|p2a: Incineroar|1\n|-damage|p2a: Incineroar|2/100\n|-damage|p1b: Arcanine|0 fnt|[from] Recoil\n|faint|p1b: Arcanine\n|move|p2a: Incineroar|Throat Chop|p1a: Garchomp\n|-damage|p1a: Garchomp|0 fnt\n|-damage|p2a: Incineroar|0 fnt|[from] ability: Rough Skin|[of] p1a: Garchomp\n|faint|p1a: Garchomp\n|faint|p2a: Incineroar\n|\n|win|lolnezan78\n|raw|targos14's rating: 1146 &rarr; <strong>1128</strong><br />(-18 for losing)\n|raw|lolnezan78's rating: 1242 &rarr; <strong>1260</strong><br />(+18 for winning)\n",
  "uploadtime": 1776329408,
  "views": 33,
  "formatid": "gen9championsvgc2026regma",
  "rating": 1128,
  "private": 0,
  "password": null
}