{
  "id": "gen9championsvgc2026regma-2581013828",
  "format": "[Gen 9 Champions] VGC 2026 Reg M-A",
  "players": [
    "wnailuj",
    "ToTo rabach"
  ],
  "log": "|j|\u2606wnailuj\n|j|\u2606ToTo rabach\n|t:|1775951759\n|gametype|doubles\n|player|p1|wnailuj|skyla|1072\n|player|p2|ToTo rabach|drayden|1061\n|gen|9\n|tier|[Gen 9 Champions] VGC 2026 Reg M-A\n|rated|\n|rule|Species Clause: Limit one of each Pok\u00e9mon\n|rule|Item Clause: Limit 1 of each item\n|clearpoke\n|poke|p1|Kingambit, L50, F|\n|poke|p1|Charizard, L50, M|\n|poke|p1|Maushold-Four, L50|\n|poke|p1|Sneasler, L50, M|\n|poke|p1|Whimsicott, L50, M|\n|poke|p1|Garchomp, L50, F|\n|poke|p2|Charizard, L50, F|\n|poke|p2|Medicham, L50, M|\n|poke|p2|Talonflame, L50, F|\n|poke|p2|Meowscarada, L50, M|\n|poke|p2|Gardevoir, L50, M|\n|poke|p2|Rhyperior, L50, M|\n|teampreview|4\nwnailuj has agreed to open team sheets.\n|\n|t:|1775951794\n|teamsize|p1|4\n|teamsize|p2|4\n|start\n|switch|p1a: Garchomp|Garchomp, L50, F|100/100\n|switch|p1b: Maushold|Maushold-Four, L50|100/100\n|switch|p2a: Gardevoir|Gardevoir, L50, M|100/100\n|switch|p2b: Rhyperior|Rhyperior, L50, M|100/100\n|-ability|p2a: Gardevoir|Rough Skin|Trace|[from] ability: Trace|[of] p1a: Garchomp\n|turn|1\n|\n|t:|1775951843\n|move|p2a: Gardevoir|Protect|p2a: Gardevoir\n|-singleturn|p2a: Gardevoir|Protect\n|move|p1b: Maushold|Follow Me|p1b: Maushold\n|-singleturn|p1b: Maushold|move: Follow Me\n|move|p1a: Garchomp|Stomping Tantrum|p2a: Gardevoir\n|-activate|p2a: Gardevoir|move: Protect\n|move|p2b: Rhyperior|High Horsepower|p1b: Maushold\n|-damage|p1b: Maushold|5/100\n|\n|upkeep\n|turn|2\n|\n|t:|1775951858\n|switch|p2a: Charizard|Charizard, L50, F|100/100\n|move|p1a: Garchomp|Stomping Tantrum|p2b: Rhyperior\n|-supereffective|p2b: Rhyperior|1\n|-damage|p2b: Rhyperior|57/100\n|move|p1b: Maushold|Super Fang|p2a: Charizard|[miss]\n|-miss|p1b: Maushold|p2a: Charizard\n|move|p2b: Rhyperior|Rock Slide|p1a: Garchomp|[spread] p1a,p1b\n|-resisted|p1a: Garchomp|1\n|-damage|p1a: Garchomp|87/100\n|-damage|p1b: Maushold|0 fnt\n|faint|p1b: Maushold\n|\n|-heal|p2b: Rhyperior|63/100|[from] item: Leftovers\n|upkeep\n|\n|t:|1775951876\n|switch|p1b: Charizard|Charizard, L50, M, shiny|100/100\n|turn|3\n|\n|t:|1775951897\n|switch|p1a: Whimsicott|Whimsicott, L50, M, shiny|100/100\n|switch|p2b: Meowscarada|Meowscarada, L50, M|100/100\n|move|p1b: Charizard|Protect|p1b: Charizard\n|-singleturn|p1b: Charizard|Protect\n|move|p2a: Charizard|Air Slash|p1b: Charizard\n|-activate|p1b: Charizard|move: Protect\n|\n|upkeep\n|turn|4\n|\n|t:|1775951921\n|switch|p2b: Gardevoir|Gardevoir, L50, M|100/100\n|-ability|p2b: Gardevoir|Prankster|Trace|[from] ability: Trace|[of] p1a: Whimsicott\n|detailschange|p1b: Charizard|Charizard-Mega-Y, L50, M, shiny\n|-mega|p1b: Charizard|Charizard|Charizardite Y\n|-weather|SunnyDay|[from] ability: Drought|[of] p1b: Charizard\n|detailschange|p2a: Charizard|Charizard-Mega-Y, L50, F\n|-mega|p2a: Charizard|Charizard|Charizardite Y\n|move|p1a: Whimsicott|Tailwind|p1a: Whimsicott\n|-sidestart|p1: wnailuj|move: Tailwind\n|move|p1b: Charizard|Heat Wave|p2a: Charizard|[spread] p2a,p2b\n|-resisted|p2a: Charizard|1\n|-damage|p2a: Charizard|71/100\n|-damage|p2b: Gardevoir|44/100\n|move|p2a: Charizard|Heat Wave|p1a: Whimsicott|[spread] p1a\n|-miss|p2a: Charizard|p1b: Charizard\n|-supereffective|p1a: Whimsicott|1\n|-enditem|p1a: Whimsicott|Focus Sash\n|-damage|p1a: Whimsicott|1/100\n|\n|-weather|SunnyDay|[upkeep]\n|upkeep\n|turn|5\n|\n|t:|1775951964\n|switch|p1a: Garchomp|Garchomp, L50, F|87/100\n|move|p2b: Gardevoir|Protect|p2b: Gardevoir\n|-singleturn|p2b: Gardevoir|Protect\n|move|p1b: Charizard|Heat Wave|p2b: Gardevoir|[spread] p2a\n|-activate|p2b: Gardevoir|move: Protect\n|-resisted|p2a: Charizard|1\n|-damage|p2a: Charizard|41/100\n|move|p2a: Charizard|Heat Wave|p1a: Garchomp|[spread] p1a,p1b\n|-resisted|p1a: Garchomp|1\n|-resisted|p1b: Charizard|1\n|-crit|p1b: Charizard\n|-damage|p1a: Garchomp|47/100\n|-damage|p1b: Charizard|55/100\n|\n|-weather|SunnyDay|[upkeep]\n|upkeep\n|turn|6\n|\n|t:|1775951982\n|switch|p2b: Rhyperior|Rhyperior, L50, M|63/100\n|move|p2a: Charizard|Protect|p2a: Charizard\n|-singleturn|p2a: Charizard|Protect\n|move|p1a: Garchomp|Rock Slide|p2a: Charizard|[spread] p2b\n|-activate|p2a: Charizard|move: Protect\n|-resisted|p2b: Rhyperior|1\n|-damage|p2b: Rhyperior|57/100\n|move|p1b: Charizard|Heat Wave|p2b: Rhyperior|[spread] p2b\n|-activate|p2a: Charizard|move: Protect\n|-resisted|p2b: Rhyperior|1\n|-damage|p2b: Rhyperior|15/100\n|\n|-weather|SunnyDay|[upkeep]\n|-heal|p2b: Rhyperior|22/100|[from] item: Leftovers\n|upkeep\n|turn|7\n|\n|t:|1775952016\n|move|p2b: Rhyperior|Protect|p2b: Rhyperior\n|-singleturn|p2b: Rhyperior|Protect\n|move|p1a: Garchomp|Rock Slide|p2b: Rhyperior|[spread] p2a\n|-activate|p2b: Rhyperior|move: Protect\n|-supereffective|p2a: Charizard|2\n|-damage|p2a: Charizard|0 fnt\n|faint|p2a: Charizard\n|move|p1b: Charizard|Heat Wave|p2b: Rhyperior\n|-activate|p2b: Rhyperior|move: Protect\n|\n|-weather|SunnyDay|[upkeep]\n|-heal|p2b: Rhyperior|28/100|[from] item: Leftovers\n|-sideend|p1: wnailuj|move: Tailwind\n|upkeep\n|\n|t:|1775952035\n|switch|p2a: Meowscarada|Meowscarada, L50, M|100/100\n|turn|8\n|\n|t:|1775952046\n|move|p2a: Meowscarada|Triple Axel|p1b: Charizard\n|-start|p2a: Meowscarada|typechange|Ice|[from] ability: Protean\n|-damage|p1b: Charizard|41/100\n|-damage|p1b: Charizard|16/100\n|-hitcount|p1b: Charizard|2\n|move|p1a: Garchomp|Rock Slide|p2a: Meowscarada|[spread] p2a,p2b\n|-supereffective|p2a: Meowscarada|1\n|-crit|p2a: Meowscarada\n|-resisted|p2b: Rhyperior|1\n|-damage|p2a: Meowscarada|0 fnt\n|-damage|p2b: Rhyperior|21/100\n|faint|p2a: Meowscarada\n|move|p1b: Charizard|Heat Wave|p2b: Rhyperior\n|-resisted|p2b: Rhyperior|1\n|-crit|p2b: Rhyperior\n|-damage|p2b: Rhyperior|0 fnt\n|faint|p2b: Rhyperior\n|\n|-weather|none\n|upkeep\n|-message|ToTo rabach forfeited.\n|\n|win|wnailuj\n|raw|wnailuj's rating: 1072 &rarr; <strong>1100</strong><br />(+28 for winning)\n|raw|ToTo rabach's rating: 1061 &rarr; <strong>1042</strong><br />(-19 for losing)\n|l|\u2606ToTo rabach\n|player|p2|\n|c|\u2606wnailuj|gg\n",
  "uploadtime": 1775952073,
  "views": 16,
  "formatid": "gen9championsvgc2026regma",
  "rating": 1042,
  "private": 0,
  "password": null
}