{
  "id": "gen9championsvgc2026regma-2585481627",
  "format": "[Gen 9 Champions] VGC 2026 Reg M-A",
  "players": [
    "ToallyNotAutistic",
    "carrodelacompra"
  ],
  "log": "|j|\u2606ToallyNotAutistic\n|j|\u2606carrodelacompra\n|t:|1776350423\n|gametype|doubles\n|player|p1|ToallyNotAutistic|n|1222\n|player|p2|carrodelacompra|worker|1228\n|gen|9\n|tier|[Gen 9 Champions] VGC 2026 Reg M-A\n|rated|\n|rule|Species Clause: Limit one of each Pok\u00e9mon\n|rule|Item Clause: Limit 1 of each item\n|clearpoke\n|poke|p1|Camerupt, L50, M|\n|poke|p1|Oranguru, L50, M|\n|poke|p1|Alcremie, L50, F|\n|poke|p1|Vanilluxe, L50, M|\n|poke|p1|Torkoal, L50, M|\n|poke|p1|Hawlucha, L50, M|\n|poke|p2|Floette-Eternal, L50, F|\n|poke|p2|Aegislash, L50, M|\n|poke|p2|Talonflame, L50, M|\n|poke|p2|Incineroar, L50, M|\n|poke|p2|Garchomp, L50, M|\n|poke|p2|Rotom-Wash, L50|\n|teampreview|4\n|\n|t:|1776350468\n|teamsize|p1|4\n|teamsize|p2|4\n|start\n|switch|p1a: Oranguru|Oranguru, L50, M|100/100\n|switch|p1b: Hawlucha|Hawlucha, L50, M|100/100\n|switch|p2a: Talonflame|Talonflame, L50, M|100/100\n|switch|p2b: Garchomp|Garchomp, L50, M|100/100\n|turn|1\n|\n|t:|1776350489\n|move|p1b: Hawlucha|Protect|p1b: Hawlucha\n|-singleturn|p1b: Hawlucha|Protect\n|move|p2a: Talonflame|Tailwind|p2a: Talonflame\n|-sidestart|p2: carrodelacompra|move: Tailwind\n|move|p2b: Garchomp|Rock Slide|p1a: Oranguru|[spread] p1a\n|-activate|p1b: Hawlucha|move: Protect\n|-damage|p1a: Oranguru|83/100\n|move|p1a: Oranguru|Trick Room|p1a: Oranguru\n|-fieldstart|move: Trick Room|[of] p1a: Oranguru\n|\n|upkeep\n|turn|2\n|\n|t:|1776350511\n|switch|p1a: Vanilluxe|Vanilluxe, L50, M|100/100\n|-weather|Snowscape|[from] ability: Snow Warning|[of] p1a: Vanilluxe\n|detailschange|p1b: Hawlucha|Hawlucha-Mega, L50, M\n|-mega|p1b: Hawlucha|Hawlucha|Hawluchanite\n|move|p2a: Talonflame|Acrobatics|p1b: Hawlucha\n|-supereffective|p1b: Hawlucha|1\n|-damage|p1b: Hawlucha|19/100\n|move|p1b: Hawlucha|Entrainment|p1a: Vanilluxe\n|-ability|p1a: Vanilluxe|No Guard|Snow Warning|[from] move: Entrainment|[of] p1b: Hawlucha\n|move|p2b: Garchomp|Rock Slide|p1a: Vanilluxe|[spread] p1a,p1b\n|-supereffective|p1a: Vanilluxe|1\n|-damage|p1a: Vanilluxe|71/100\n|-damage|p1b: Hawlucha|0 fnt\n|faint|p1b: Hawlucha\n|\n|-weather|Snowscape|[upkeep]\n|upkeep\n|\n|t:|1776350525\n|switch|p1b: Oranguru|Oranguru, L50, M|83/100\n|turn|3\n|c|\u2606ToallyNotAutistic|if this works\n|\n|t:|1776350554\n|move|p1a: Vanilluxe|Sheer Cold|p2b: Garchomp\n|-damage|p2b: Garchomp|0 fnt\n|faint|p2b: Garchomp\n|-ohko\n|move|p1b: Oranguru|Instruct|p1a: Vanilluxe\n|-singleturn|p1a: Vanilluxe|move: Instruct|[of] p1b: Oranguru\n|move|p1a: Vanilluxe|Sheer Cold|p2a: Talonflame\n|-damage|p2a: Talonflame|0 fnt\n|faint|p2a: Talonflame\n|-ohko\n|\n|-weather|Snowscape|[upkeep]\n|upkeep\n|c|\u2606ToallyNotAutistic|Sin\n|c|\u2606carrodelacompra|NICE\n|\n|t:|1776350570\n|switch|p2b: Rotom|Rotom-Wash, L50|100/100\n|switch|p2a: Floette|Floette-Eternal, L50, F|100/100\n|turn|4\n|\n|t:|1776350581\n|detailschange|p2a: Floette|Floette-Mega, L50, F\n|-mega|p2a: Floette|Floette|Floettite\n|-ability|p2a: Floette|Fairy Aura\n|move|p2b: Rotom|Protect|p2b: Rotom\n|-singleturn|p2b: Rotom|Protect\n|move|p2a: Floette|Protect|p2a: Floette\n|-singleturn|p2a: Floette|Protect\n|move|p1a: Vanilluxe|Sheer Cold|p2b: Rotom\n|-activate|p2b: Rotom|move: Protect\n|move|p1b: Oranguru|Instruct|p1a: Vanilluxe\n|-singleturn|p1a: Vanilluxe|move: Instruct|[of] p1b: Oranguru\n|move|p1a: Vanilluxe|Sheer Cold|p2b: Rotom\n|-activate|p2b: Rotom|move: Protect\n|\n|-weather|Snowscape|[upkeep]\n|-sideend|p2: carrodelacompra|move: Tailwind\n|upkeep\n|turn|5\n|c|\u2606carrodelacompra|u sucks u know right?\n|c|\u2606carrodelacompra|is it fuuny?\n|c|\u2606carrodelacompra|play like this\n|inactive|Battle timer is ON: inactive players will automatically lose when time's up. (requested by carrodelacompra)\n|c|\u2606ToallyNotAutistic|The ice cream of doom and despair\n|\n|t:|1776350637\n|move|p2b: Rotom|Protect||[still]\n|-fail|p2b: Rotom\n|move|p2a: Floette|Protect||[still]\n|-fail|p2a: Floette\n|move|p1a: Vanilluxe|Sheer Cold|p2b: Rotom\n|-damage|p2b: Rotom|0 fnt\n|faint|p2b: Rotom\n|-ohko\n|move|p1b: Oranguru|Instruct|p1a: Vanilluxe\n|-singleturn|p1a: Vanilluxe|move: Instruct|[of] p1b: Oranguru\n|move|p1a: Vanilluxe|Sheer Cold|p2a: Floette\n|-damage|p2a: Floette|0 fnt\n|faint|p2a: Floette\n|-ohko\n|\n|win|ToallyNotAutistic\n|raw|ToallyNotAutistic's rating: 1222 &rarr; <strong>1247</strong><br />(+25 for winning)\n|raw|carrodelacompra's rating: 1228 &rarr; <strong>1203</strong><br />(-25 for losing)\n|l|\u2606carrodelacompra\n|player|p2|\n",
  "uploadtime": 1776350663,
  "views": 47,
  "formatid": "gen9championsvgc2026regma",
  "rating": 1203,
  "private": 0,
  "password": null
}