{
  "id": "gen9championsvgc2026regma-2582143962",
  "format": "[Gen 9 Champions] VGC 2026 Reg M-A",
  "players": [
    "LarpLarpSahoor",
    "ray_game0"
  ],
  "log": "|j|\u2606LarpLarpSahoor\n|j|\u2606ray_game0\n|t:|1776063653\n|gametype|doubles\n|player|p1|LarpLarpSahoor|1|1083\n|player|p2|ray_game0|hiker-gen4|1057\n|gen|9\n|tier|[Gen 9 Champions] VGC 2026 Reg M-A\n|rated|\n|rule|Species Clause: Limit one of each Pok\u00e9mon\n|rule|Item Clause: Limit 1 of each item\n|clearpoke\n|poke|p1|Gengar, L50, M|\n|poke|p1|Incineroar, L50, M|\n|poke|p1|Sinistcha, L50|\n|poke|p1|Ninetales-Alola, L50, F|\n|poke|p1|Volcarona, L50, F|\n|poke|p1|Palafin, L50, M|\n|poke|p2|Whimsicott, L50, F|\n|poke|p2|Archaludon, L50, M|\n|poke|p2|Pelipper, L50, M|\n|poke|p2|Gourgeist-*, L50, F|\n|poke|p2|Charizard, L50, F|\n|poke|p2|Garchomp, L50, M|\n|teampreview|4\n|\n|t:|1776063666\n|teamsize|p1|4\n|teamsize|p2|4\n|start\n|switch|p1a: Gengar|Gengar, L50, M|100/100\n|switch|p1b: Palafin|Palafin, L50, M|100/100\n|switch|p2a: Whimsicott|Whimsicott, L50, F|100/100\n|switch|p2b: Gourgeist|Gourgeist, L50, F|100/100\n|-item|p1a: Gengar|Gengarite|[from] ability: Frisk|[of] p2b: Gourgeist\n|-item|p1b: Palafin|Choice Scarf|[from] ability: Frisk|[of] p2b: Gourgeist\n|turn|1\n|\n|t:|1776063710\n|detailschange|p1a: Gengar|Gengar-Mega, L50, M\n|-mega|p1a: Gengar|Gengar|Gengarite\n|move|p1a: Gengar|Protect|p1a: Gengar\n|-singleturn|p1a: Gengar|Protect\n|move|p2a: Whimsicott|Taunt|p1a: Gengar\n|-activate|p1a: Gengar|move: Protect\n|move|p1b: Palafin|Flip Turn|p2b: Gourgeist\n|-resisted|p2b: Gourgeist|1\n|-crit|p2b: Gourgeist\n|-damage|p2b: Gourgeist|84/100\n|inactive|Battle timer is ON: inactive players will automatically lose when time's up. (requested by ray_game0)\n|\n|t:|1776063743\n|detailschange|p1b: Palafin|Palafin-Hero, L50, M\n|switch|p1b: Ninetales|Ninetales-Alola, L50, F|100/100|[from] Flip Turn\n|-weather|Snowscape|[from] ability: Snow Warning|[of] p1b: Ninetales\n|move|p2b: Gourgeist|Will-O-Wisp|p1b: Ninetales\n|-status|p1b: Ninetales|brn\n|\n|-weather|Snowscape|[upkeep]\n|-damage|p1b: Ninetales|94/100 brn|[from] brn\n|upkeep\n|turn|2\n|\n|t:|1776063757\n|move|p2b: Gourgeist|Protect|p2b: Gourgeist\n|-singleturn|p2b: Gourgeist|Protect\n|move|p2a: Whimsicott|Taunt|p1b: Ninetales\n|-start|p1b: Ninetales|move: Taunt\n|move|p1a: Gengar|Shadow Ball|p2b: Gourgeist\n|-activate|p2b: Gourgeist|move: Protect\n|cant|p1b: Ninetales|move: Taunt|Aurora Veil\n|\n|-weather|Snowscape|[upkeep]\n|-damage|p1b: Ninetales|88/100 brn|[from] brn\n|upkeep\n|turn|3\n|\n|t:|1776063781\n|move|p2a: Whimsicott|Encore||[still]\n|-fail|p2a: Whimsicott\n|move|p1a: Gengar|Shadow Ball|p2b: Gourgeist\n|-supereffective|p2b: Gourgeist|1\n|-damage|p2b: Gourgeist|0 fnt\n|faint|p2b: Gourgeist\n|move|p1b: Ninetales|Blizzard|p2a: Whimsicott\n|-supereffective|p2a: Whimsicott|1\n|-damage|p2a: Whimsicott|0 fnt\n|faint|p2a: Whimsicott\n|\n|-weather|Snowscape|[upkeep]\n|-damage|p1b: Ninetales|82/100 brn|[from] brn\n|upkeep\n|\n|t:|1776063793\n|switch|p2a: Charizard|Charizard, L50, F|100/100\n|switch|p2b: Garchomp|Garchomp, L50, M|100/100\n|turn|4\n|\n|t:|1776063814\n|switch|p1b: Palafin|Palafin-Hero, L50, M|100/100\n|-activate|p1b: Palafin|ability: Zero to Hero\n|detailschange|p2a: Charizard|Charizard-Mega-Y, L50, F\n|-mega|p2a: Charizard|Charizard|Charizardite Y\n|-weather|SunnyDay|[from] ability: Drought|[of] p2a: Charizard\n|move|p1a: Gengar|Protect|p1a: Gengar\n|-singleturn|p1a: Gengar|Protect\n|move|p2b: Garchomp|Rock Slide|p1a: Gengar|[spread] p1b\n|-activate|p1a: Gengar|move: Protect\n|-damage|p1b: Palafin|81/100\n|move|p2a: Charizard|Heat Wave|p1a: Gengar|[spread] p1b\n|-activate|p1a: Gengar|move: Protect\n|-resisted|p1b: Palafin|1\n|-damage|p1b: Palafin|43/100\n|\n|-weather|SunnyDay|[upkeep]\n|upkeep\n|turn|5\n|\n|t:|1776063834\n|switch|p1b: Ninetales|Ninetales-Alola, L50, F|82/100 brn\n|-weather|Snowscape|[from] ability: Snow Warning|[of] p1b: Ninetales\n|move|p2a: Charizard|Protect|p2a: Charizard\n|-singleturn|p2a: Charizard|Protect\n|move|p1a: Gengar|Disable|p2a: Charizard\n|-activate|p2a: Charizard|move: Protect\n|move|p2b: Garchomp|Earthquake|p1b: Ninetales|[spread] p1a,p1b\n|-activate|p2a: Charizard|move: Protect\n|-supereffective|p1a: Gengar|1\n|-damage|p1a: Gengar|0 fnt\n|-damage|p1b: Ninetales|43/100 brn\n|faint|p1a: Gengar\n|\n|-weather|Snowscape|[upkeep]\n|-damage|p1b: Ninetales|37/100 brn|[from] brn\n|upkeep\n|\n|t:|1776063847\n|switch|p1a: Sinistcha|Sinistcha, L50|100/100\n|-heal|p1b: Ninetales|62/100 brn|[from] ability: Hospitality|[of] p1a: Sinistcha\n|turn|6\n|\n|t:|1776063870\n|move|p1b: Ninetales|Encore|p2a: Charizard\n|-start|p2a: Charizard|Encore\n|move|p2a: Charizard|Protect||[still]\n|-fail|p2a: Charizard\n|move|p2b: Garchomp|Rock Slide|p1a: Sinistcha|[spread] p1a,p1b\n|-supereffective|p1b: Ninetales|1\n|-damage|p1a: Sinistcha|81/100\n|-damage|p1b: Ninetales|23/100 brn\n|cant|p1a: Sinistcha|flinch\n|\n|-weather|Snowscape|[upkeep]\n|-damage|p1b: Ninetales|17/100 brn|[from] brn\n|upkeep\n|turn|7\n|\n|t:|1776063887\n|move|p2a: Charizard|Protect|p2a: Charizard\n|-singleturn|p2a: Charizard|Protect\n|move|p1b: Ninetales|Blizzard|p2b: Garchomp|[spread] p2b\n|-activate|p2a: Charizard|move: Protect\n|-supereffective|p2b: Garchomp|2\n|-enditem|p2b: Garchomp|Focus Sash\n|-damage|p2b: Garchomp|1/100\n|move|p2b: Garchomp|Rock Slide|p1a: Sinistcha|[spread] p1a,p1b\n|-supereffective|p1b: Ninetales|1\n|-damage|p1a: Sinistcha|64/100\n|-damage|p1b: Ninetales|0 fnt\n|faint|p1b: Ninetales\n|move|p1a: Sinistcha|Matcha Gotcha|p2a: Charizard|[spread] p2b\n|-activate|p2a: Charizard|move: Protect\n|-damage|p2b: Garchomp|0 fnt\n|-heal|p1a: Sinistcha|64/100|[from] drain|[of] p2b: Garchomp\n|faint|p2b: Garchomp\n|\n|-weather|Snowscape|[upkeep]\n|upkeep\n|\n|t:|1776063893\n|switch|p1b: Palafin|Palafin-Hero, L50, M|43/100\n|turn|8\n|\n|t:|1776063908\n|move|p2a: Charizard|Protect||[still]\n|-fail|p2a: Charizard\n|move|p1b: Palafin|Wave Crash|p2a: Charizard\n|-supereffective|p2a: Charizard|1\n|-damage|p2a: Charizard|0 fnt\n|faint|p2a: Charizard\n|-damage|p1b: Palafin|15/100|[from] Recoil\n|\n|win|LarpLarpSahoor\n",
  "uploadtime": 1776063655,
  "views": 15,
  "formatid": "gen9championsvgc2026regma",
  "rating": null,
  "private": 0,
  "password": null
}