{
  "id": "gen9championsvgc2026regma-2584009048",
  "format": "[Gen 9 Champions] VGC 2026 Reg M-A",
  "players": [
    "kelibaa",
    "coberdt"
  ],
  "log": "|j|\u2606kelibaa\n|j|\u2606coberdt\n|t:|1776216381\n|gametype|doubles\n|player|p1|kelibaa|brock|1037\n|player|p2|coberdt|roxie|1129\n|gen|9\n|tier|[Gen 9 Champions] VGC 2026 Reg M-A\n|rated|\n|rule|Species Clause: Limit one of each Pok\u00e9mon\n|rule|Item Clause: Limit 1 of each item\n|clearpoke\n|poke|p1|Torkoal, L50, F|\n|poke|p1|Typhlosion-Hisui, L50, F|\n|poke|p1|Venusaur, L50, M|\n|poke|p1|Whimsicott, L50, F|\n|poke|p1|Garchomp, L50, F|\n|poke|p1|Incineroar, L50, M|\n|poke|p2|Pelipper, L50, F|\n|poke|p2|Archaludon, L50, M|\n|poke|p2|Incineroar, L50, F|\n|poke|p2|Sinistcha, L50|\n|poke|p2|Palafin, L50, F|\n|poke|p2|Gengar, L50, F|\n|teampreview|4\n|inactive|Battle timer is ON: inactive players will automatically lose when time's up. (requested by kelibaa)\ncoberdt has agreed to open team sheets.\n|inactive|coberdt has 60 seconds left.\n|\n|t:|1776216419\n|teamsize|p1|4\n|teamsize|p2|4\n|start\n|switch|p1a: Whimsicott|Whimsicott, L50, F|100/100\n|switch|p1b: Typhlosion|Typhlosion-Hisui, L50, F|100/100\n|switch|p2a: Palafin|Palafin, L50, F|100/100\n|switch|p2b: Incineroar|Incineroar, L50, F|100/100\n|-item|p2a: Palafin|Mystic Water|[from] ability: Frisk|[of] p1b: Typhlosion\n|-item|p2b: Incineroar|Sitrus Berry|[from] ability: Frisk|[of] p1b: Typhlosion\n|-ability|p2b: Incineroar|Intimidate|boost\n|-unboost|p1a: Whimsicott|atk|1\n|-unboost|p1b: Typhlosion|atk|1\n|turn|1\n|inactive|kelibaa has 30 seconds left.\n|inactive|kelibaa has 20 seconds left.\n|inactive|kelibaa has 15 seconds left.\n|inactive|kelibaa has 10 seconds left.\n|\n|t:|1776216465\n|switch|p1b: Venusaur|Venusaur, L50, M|100/100\n|switch|p1a: Garchomp|Garchomp, L50, F|100/100\n|move|p2a: Palafin|Jet Punch|p1b: Venusaur\n|-resisted|p1b: Venusaur|1\n|-damage|p1b: Venusaur|85/100\n|move|p2b: Incineroar|Throat Chop|p1b: Venusaur\n|-damage|p1b: Venusaur|43/100\n|-start|p1b: Venusaur|Throat Chop|[silent]\n|\n|upkeep\n|turn|2\n|\n|t:|1776216486\n|detailschange|p2a: Palafin|Palafin-Hero, L50, F\n|switch|p2a: Pelipper|Pelipper, L50, F|100/100\n|-weather|RainDance|[from] ability: Drizzle|[of] p2a: Pelipper\n|move|p1b: Venusaur|Protect|p1b: Venusaur\n|-singleturn|p1b: Venusaur|Protect\n|move|p1a: Garchomp|Swords Dance|p1a: Garchomp\n|-boost|p1a: Garchomp|atk|2\n|move|p2b: Incineroar|Parting Shot|p1a: Garchomp\n|-unboost|p1a: Garchomp|atk|1\n|-unboost|p1a: Garchomp|spa|1\n|\n|t:|1776216502\n|switch|p2b: Palafin|Palafin-Hero, L50, F|100/100|[from] Parting Shot\n|-activate|p2b: Palafin|ability: Zero to Hero\n|\n|-weather|RainDance|[upkeep]\n|-end|p1b: Venusaur|Throat Chop|[silent]\n|upkeep\n|turn|3\n|\n|t:|1776216511\n|switch|p1b: Whimsicott|Whimsicott, L50, F|100/100\n|move|p1a: Garchomp|Protect|p1a: Garchomp\n|-singleturn|p1a: Garchomp|Protect\n|move|p2b: Palafin|Wave Crash|p1a: Garchomp\n|-activate|p1a: Garchomp|move: Protect\n|move|p2a: Pelipper|Hurricane|p1b: Whimsicott\n|-supereffective|p1b: Whimsicott|1\n|-enditem|p1b: Whimsicott|Focus Sash\n|-damage|p1b: Whimsicott|1/100\n|-start|p1b: Whimsicott|confusion\n|\n|-weather|RainDance|[upkeep]\n|upkeep\n|turn|4\n|inactive|kelibaa has 30 seconds left.\n|inactive|kelibaa has 20 seconds left.\n|inactive|kelibaa has 15 seconds left.\n|\n|t:|1776216552\n|switch|p2a: Incineroar|Incineroar, L50, F|100/100\n|-ability|p2a: Incineroar|Intimidate|boost\n|-unboost|p1a: Garchomp|atk|1\n|-unboost|p1b: Whimsicott|atk|1\n|-activate|p1b: Whimsicott|confusion\n|move|p1b: Whimsicott|Tailwind|p1b: Whimsicott\n|-sidestart|p1: kelibaa|move: Tailwind\n|move|p2b: Palafin|Jet Punch|p1b: Whimsicott\n|-resisted|p1b: Whimsicott|1\n|-damage|p1b: Whimsicott|0 fnt\n|faint|p1b: Whimsicott\n|move|p1a: Garchomp|Dragon Claw|p2a: Incineroar\n|-damage|p2a: Incineroar|66/100\n|\n|-weather|RainDance|[upkeep]\n|upkeep\n|\n|t:|1776216568\n|switch|p1b: Venusaur|Venusaur, L50, M|43/100\n|turn|5\n|\n|t:|1776216582\n|move|p1a: Garchomp|Protect|p1a: Garchomp\n|-singleturn|p1a: Garchomp|Protect\n|move|p1b: Venusaur|Protect|p1b: Venusaur\n|-singleturn|p1b: Venusaur|Protect\n|move|p2a: Incineroar|Fake Out|p1a: Garchomp\n|-activate|p1a: Garchomp|move: Protect\n|move|p2b: Palafin|Wave Crash|p1b: Venusaur\n|-activate|p1b: Venusaur|move: Protect\n|\n|-weather|RainDance|[upkeep]\n|upkeep\n|turn|6\n|inactive|kelibaa has 30 seconds left.\n|\n|t:|1776216608\n|move|p2b: Palafin|Protect|p2b: Palafin\n|-singleturn|p2b: Palafin|Protect\n|move|p1a: Garchomp|Stomping Tantrum|p2a: Incineroar\n|-supereffective|p2a: Incineroar|1\n|-damage|p2a: Incineroar|0 fnt\n|faint|p2a: Incineroar\n|move|p1b: Venusaur|Sleep Powder|p2b: Palafin\n|-activate|p2b: Palafin|move: Protect\n|\n|-weather|none\n|upkeep\n|\n|t:|1776216615\n|switch|p2a: Pelipper|Pelipper, L50, F|100/100\n|-weather|RainDance|[from] ability: Drizzle|[of] p2a: Pelipper\n|turn|7\n|\n|t:|1776216628\n|move|p1b: Venusaur|Protect|p1b: Venusaur\n|-singleturn|p1b: Venusaur|Protect\n|move|p1a: Garchomp|Swords Dance|p1a: Garchomp\n|-boost|p1a: Garchomp|atk|2\n|move|p2b: Palafin|Wave Crash|p1b: Venusaur\n|-activate|p1b: Venusaur|move: Protect\n|move|p2a: Pelipper|Tailwind|p2a: Pelipper\n|-sidestart|p2: coberdt|move: Tailwind\n|\n|-weather|RainDance|[upkeep]\n|-sideend|p1: kelibaa|move: Tailwind\n|upkeep\n|turn|8\n|inactive|kelibaa has 30 seconds left.\n|\n|t:|1776216654\n|move|p2b: Palafin|Wave Crash|p1a: Garchomp\n|-damage|p1a: Garchomp|0 fnt\n|-damage|p2b: Palafin|88/100|[from] ability: Rough Skin|[of] p1a: Garchomp\n|faint|p1a: Garchomp\n|-damage|p2b: Palafin|50/100|[from] Recoil\n|move|p2a: Pelipper|Hurricane|p1b: Venusaur\n|-supereffective|p1b: Venusaur|1\n|-damage|p1b: Venusaur|0 fnt\n|faint|p1b: Venusaur\n|\n|-weather|RainDance|[upkeep]\n|upkeep\n|\n|t:|1776216669\n|switch|p1b: Typhlosion|Typhlosion-Hisui, L50, F|100/100\n|-item|p2a: Pelipper|Focus Sash|[from] ability: Frisk|[of] p1b: Typhlosion\n|-item|p2b: Palafin|Mystic Water|[from] ability: Frisk|[of] p1b: Typhlosion\n|turn|9\n|\n|t:|1776216676\n|move|p2b: Palafin|Jet Punch|p1b: Typhlosion\n|-supereffective|p1b: Typhlosion|1\n|-damage|p1b: Typhlosion|0 fnt\n|faint|p1b: Typhlosion\n|\n|win|coberdt\n|raw|kelibaa's rating: 1037 &rarr; <strong>1025</strong><br />(-12 for losing)\n|raw|coberdt's rating: 1129 &rarr; <strong>1148</strong><br />(+19 for winning)\n|l|\u2606kelibaa\n|player|p1|\n",
  "uploadtime": 1776216679,
  "views": 92,
  "formatid": "gen9championsvgc2026regma",
  "rating": 1025,
  "private": 0,
  "password": null
}