{
  "id": "gen9championsvgc2026regma-2586474050",
  "format": "[Gen 9 Champions] VGC 2026 Reg M-A",
  "players": [
    "TTT x",
    "forkuser222"
  ],
  "log": "|j|\u2606TTT x\n|j|\u2606forkuser222\n|html|<table width=\"100%\"><tr><td align=\"left\">TTT x</td><td align=\"right\">forkuser222</tr><tr><td align=\"left\"><i class=\"fa fa-circle\"></i> <i class=\"fa fa-circle-o\"></i> </td><td align=\"right\"><i class=\"fa fa-circle-o\"></i> <i class=\"fa fa-circle\"></i> </tr></table>\n|uhtml|bestof|<h2><strong>Game 3</strong> of <a href=\"/game-bestof3-gen9championsvgc2026regma-2586468887\">a best-of-3</a></h2>\n|t:|1776437157\n|gametype|doubles\n|player|p1|TTT x|#smogonxnpa2025draftee|\n|player|p2|forkuser222|dancer|\n|gen|9\n|tier|[Gen 9 Champions] VGC 2026 Reg M-A\n|rated|Tournament battle\n|rule|Species Clause: Limit one of each Pok\u00e9mon\n|rule|Item Clause: Limit 1 of each item\n|raw|<div class=\"infobox\"><details class=\"readmore\" open><summary><strong>2 custom rules:</strong></summary> Force Open Team Sheets, Best of = 3</details></div>\n|clearpoke\n|poke|p1|Manectric, L50, F|\n|poke|p1|Archaludon, L50, F|\n|poke|p1|Sinistcha, L50|\n|poke|p1|Politoed, L50, M|\n|poke|p1|Scizor, L50, F|\n|poke|p1|Incineroar, L50, F|\n|poke|p2|Charizard, L50, F|\n|poke|p2|Kingambit, L50, F|\n|poke|p2|Incineroar, L50, M|\n|poke|p2|Floette-Eternal, L50, F|\n|poke|p2|Aerodactyl, L50, M|\n|poke|p2|Sneasler, L50, M|\n|teampreview|4\n|showteam|p1|Manectric||Manectite|LightningRod|VoltSwitch,Snarl,LightScreen,Protect|||F|||50|]Archaludon||Leftovers|Stamina|ElectroShot,DragonPulse,FlashCannon,Protect|||F|||50|]Sinistcha||KasibBerry|Hospitality|ShadowBall,LifeDew,RagePowder,Protect||||||50|]Politoed||SitrusBerry|Drizzle|WeatherBall,RainDance,Encore,Protect|||M|||50|]Scizor||Scizorite|Technician|BulletPunch,BugBite,SwordsDance,Protect|||F|||50|]Incineroar||ChopleBerry|Intimidate|FakeOut,FlareBlitz,WillOWisp,PartingShot|||F|||50|\n|showteam|p2|Charizard||CharizarditeY|Blaze|HeatWave,WeatherBall,SolarBeam,Protect|||F|||50|]Kingambit||BlackGlasses|Defiant|KowtowCleave,SuckerPunch,IronHead,Protect|||F|||50|]Incineroar||ShucaBerry|Intimidate|FakeOut,FlareBlitz,ThroatChop,PartingShot|||M|||50|]Floette-Eternal||Floettite|FlowerVeil|Moonblast,DazzlingGleam,CalmMind,Protect|||F|||50|]Aerodactyl||FocusSash|Unnerve|RockSlide,DualWingbeat,Tailwind,Protect|||M|||50|]Sneasler||WhiteHerb|Unburden|FakeOut,CloseCombat,DireClaw,Protect|||M|||50|\n|j| Sylver PKMN\n|j| whizz whoosh\n|j| Champions is tuff\n|j| X2Muz\n|l| X2Muz\n|c|\u2606forkuser222|good luck, have fun\n|\n|t:|1776437177\n|teamsize|p1|4\n|teamsize|p2|4\n|start\n|switch|p1a: Incineroar|Incineroar, L50, F|100/100\n|switch|p1b: Archaludon|Archaludon, L50, F|100/100\n|switch|p2a: Kingambit|Kingambit, L50, F|100/100\n|switch|p2b: Sneasler|Sneasler, L50, M|100/100\n|-ability|p1a: Incineroar|Intimidate|boost\n|-unboost|p2a: Kingambit|atk|1\n|-ability|p2a: Kingambit|Defiant|boost\n|-boost|p2a: Kingambit|atk|2\n|-unboost|p2b: Sneasler|atk|1\n|-enditem|p2b: Sneasler|White Herb\n|-clearnegativeboost|p2b: Sneasler|[silent]\n|turn|1\n|j|@Therazer456\n|j| X2Muz\n|\n|t:|1776437187\n|move|p2b: Sneasler|Fake Out|p1a: Incineroar\n|-damage|p1a: Incineroar|86/100\n|cant|p1a: Incineroar|flinch\n|move|p1b: Archaludon|Dragon Pulse|p2b: Sneasler\n|-damage|p2b: Sneasler|54/100\n|move|p2a: Kingambit|Kowtow Cleave|p1b: Archaludon\n|-damage|p1b: Archaludon|29/100\n|-ability|p1b: Archaludon|Stamina|boost\n|-boost|p1b: Archaludon|def|1\n|\n|-heal|p1b: Archaludon|35/100|[from] item: Leftovers\n|upkeep\n|turn|2\n|\n|t:|1776437198\n|move|p2b: Sneasler|Close Combat|p1a: Incineroar\n|-supereffective|p1a: Incineroar|1\n|-enditem|p1a: Incineroar|Chople Berry|[eat]\n|-enditem|p1a: Incineroar|Chople Berry|[weaken]\n|-damage|p1a: Incineroar|24/100\n|-unboost|p2b: Sneasler|def|1\n|-unboost|p2b: Sneasler|spd|1\n|move|p1b: Archaludon|Dragon Pulse|p2b: Sneasler\n|-damage|p2b: Sneasler|0 fnt\n|faint|p2b: Sneasler\n|move|p1a: Incineroar|Will-O-Wisp|p2a: Kingambit\n|-status|p2a: Kingambit|brn\n|move|p2a: Kingambit|Kowtow Cleave|p1b: Archaludon\n|-damage|p1b: Archaludon|15/100\n|-ability|p1b: Archaludon|Stamina|boost\n|-boost|p1b: Archaludon|def|1\n|\n|-heal|p1b: Archaludon|21/100|[from] item: Leftovers\n|-damage|p2a: Kingambit|95/100 brn|[from] brn\n|upkeep\n|\n|t:|1776437209\n|switch|p2b: Charizard|Charizard, L50, F|100/100\n|turn|3\n|\n|t:|1776437224\n|move|p1b: Archaludon|Protect|p1b: Archaludon\n|-singleturn|p1b: Archaludon|Protect\n|move|p2b: Charizard|Heat Wave|p1b: Archaludon|[spread] \n|-activate|p1b: Archaludon|move: Protect\n|-miss|p2b: Charizard|p1a: Incineroar\n|move|p1a: Incineroar|Parting Shot|p2b: Charizard\n|-unboost|p2b: Charizard|atk|1\n|-unboost|p2b: Charizard|spa|1\n|\n|t:|1776437238\n|switch|p1a: Scizor|Scizor, L50, F|100/100|[from] Parting Shot\n|move|p2a: Kingambit|Kowtow Cleave|p1a: Scizor\n|-damage|p1a: Scizor|53/100\n|\n|-heal|p1b: Archaludon|27/100|[from] item: Leftovers\n|-damage|p2a: Kingambit|89/100 brn|[from] brn\n|upkeep\n|turn|4\n|\n|t:|1776437252\n|detailschange|p1a: Scizor|Scizor-Mega, L50, F\n|-mega|p1a: Scizor|Scizor|Scizorite\n|move|p1a: Scizor|Protect|p1a: Scizor\n|-singleturn|p1a: Scizor|Protect\n|move|p2b: Charizard|Heat Wave|p1b: Archaludon|[spread] p1b\n|-activate|p1a: Scizor|move: Protect\n|-damage|p1b: Archaludon|7/100\n|-ability|p1b: Archaludon|Stamina|boost\n|-boost|p1b: Archaludon|def|1\n|move|p1b: Archaludon|Dragon Pulse|p2b: Charizard\n|-damage|p2b: Charizard|53/100\n|move|p2a: Kingambit|Kowtow Cleave|p1a: Scizor\n|-activate|p1a: Scizor|move: Protect\n|\n|-heal|p1b: Archaludon|13/100|[from] item: Leftovers\n|-damage|p2a: Kingambit|83/100 brn|[from] brn\n|upkeep\n|turn|5\n|j| Level 5 Espurr\n|j| GKun1999\n|\n|t:|1776437277\n|switch|p1a: Politoed|Politoed, L50, M|100/100\n|-weather|RainDance|[from] ability: Drizzle|[of] p1a: Politoed\n|move|p2b: Charizard|Heat Wave|p1a: Politoed|[spread] p1a,p1b\n|-resisted|p1a: Politoed|1\n|-damage|p1a: Politoed|96/100\n|-damage|p1b: Archaludon|3/100\n|-status|p1a: Politoed|brn\n|-ability|p1b: Archaludon|Stamina|boost\n|-boost|p1b: Archaludon|def|1\n|move|p1b: Archaludon|Electro Shot||[still]\n|-prepare|p1b: Archaludon|Electro Shot\n|-boost|p1b: Archaludon|spa|1\n|-anim|p1b: Archaludon|Electro Shot|p2b: Charizard\n|-supereffective|p2b: Charizard|1\n|-damage|p2b: Charizard|0 fnt\n|faint|p2b: Charizard\n|move|p2a: Kingambit|Kowtow Cleave|p1b: Archaludon\n|-damage|p1b: Archaludon|0 fnt\n|faint|p1b: Archaludon\n|\n|-weather|RainDance|[upkeep]\n|-damage|p1a: Politoed|90/100 brn|[from] brn\n|-damage|p2a: Kingambit|77/100 brn|[from] brn\n|upkeep\n|l| GKun1999\n|l| Sylver PKMN\n|\n|t:|1776437292\n|switch|p2b: Incineroar|Incineroar, L50, M|100/100\n|switch|p1b: Incineroar|Incineroar, L50, F|24/100\n|-ability|p1b: Incineroar|Intimidate|boost\n|-unboost|p2a: Kingambit|atk|1\n|-ability|p2a: Kingambit|Defiant|boost\n|-boost|p2a: Kingambit|atk|2\n|-unboost|p2b: Incineroar|atk|1\n|-ability|p2b: Incineroar|Intimidate|boost\n|-unboost|p1a: Politoed|atk|1\n|-unboost|p1b: Incineroar|atk|1\n|turn|6\n|l| X2Muz\n|j| X2Muz\n|\n|t:|1776437307\n|move|p1b: Incineroar|Fake Out|p2a: Kingambit\n|-resisted|p2a: Kingambit|1\n|-damage|p2a: Kingambit|75/100 brn\n|move|p2b: Incineroar|Fake Out|p1a: Politoed\n|-damage|p1a: Politoed|84/100 brn\n|cant|p1a: Politoed|flinch\n|cant|p2a: Kingambit|flinch\n|\n|-weather|RainDance|[upkeep]\n|-damage|p1a: Politoed|78/100 brn|[from] brn\n|-damage|p2a: Kingambit|69/100 brn|[from] brn\n|upkeep\n|turn|7\n|j| GKun1999\n|\n|t:|1776437321\n|move|p1a: Politoed|Weather Ball|p2b: Incineroar\n|-supereffective|p2b: Incineroar|1\n|-damage|p2b: Incineroar|17/100\n|move|p1b: Incineroar|Flare Blitz|p2a: Kingambit\n|-supereffective|p2a: Kingambit|1\n|-damage|p2a: Kingambit|49/100 brn\n|-damage|p1b: Incineroar|17/100|[from] Recoil\n|move|p2b: Incineroar|Throat Chop|p1a: Politoed\n|-crit|p1a: Politoed\n|-damage|p1a: Politoed|39/100 brn\n|-start|p1a: Politoed|Throat Chop|[silent]\n|-enditem|p1a: Politoed|Sitrus Berry|[eat]\n|-heal|p1a: Politoed|64/100 brn|[from] item: Sitrus Berry\n|move|p2a: Kingambit|Kowtow Cleave|p1a: Politoed\n|-damage|p1a: Politoed|10/100 brn\n|\n|-weather|RainDance|[upkeep]\n|-damage|p1a: Politoed|4/100 brn|[from] brn\n|-damage|p2a: Kingambit|43/100 brn|[from] brn\n|upkeep\n|turn|8\n|\n|t:|1776437347\n|move|p2a: Kingambit|Sucker Punch||[still]\n|-fail|p2a: Kingambit\n|move|p1a: Politoed|Encore|p2a: Kingambit\n|-start|p2a: Kingambit|Encore\n|move|p1b: Incineroar|Parting Shot|p2b: Incineroar\n|-unboost|p2b: Incineroar|atk|1\n|-unboost|p2b: Incineroar|spa|1\n|\n|t:|1776437354\n|switch|p1b: Scizor|Scizor-Mega, L50, F|53/100|[from] Parting Shot\n|move|p2b: Incineroar|Throat Chop|p1b: Scizor\n|-damage|p1b: Scizor|41/100\n|-start|p1b: Scizor|Throat Chop|[silent]\n|\n|-weather|RainDance|[upkeep]\n|-damage|p1a: Politoed|0 fnt|[from] brn\n|faint|p1a: Politoed\n|-damage|p2a: Kingambit|37/100 brn|[from] brn\n|upkeep\n|\n|t:|1776437360\n|switch|p1a: Incineroar|Incineroar, L50, F|17/100\n|-ability|p1a: Incineroar|Intimidate|boost\n|-unboost|p2a: Kingambit|atk|1\n|-ability|p2a: Kingambit|Defiant|boost\n|-boost|p2a: Kingambit|atk|2\n|-unboost|p2b: Incineroar|atk|1\n|turn|9\n|j| clrCARLOSclr\n|\n|t:|1776437374\n|move|p1a: Incineroar|Fake Out|p2b: Incineroar\n|-damage|p2b: Incineroar|10/100\n|move|p1b: Scizor|Bullet Punch|p2b: Incineroar\n|-resisted|p2b: Incineroar|1\n|-damage|p2b: Incineroar|0 fnt\n|faint|p2b: Incineroar\n|move|p2a: Kingambit|Sucker Punch||[still]\n|-fail|p2a: Kingambit\n|\n|-weather|none\n|-damage|p2a: Kingambit|31/100 brn|[from] brn\n|-end|p1b: Scizor|Throat Chop|[silent]\n|upkeep\n|turn|10\n|\n|t:|1776437380\n|move|p1b: Scizor|Bullet Punch|p2a: Kingambit\n|-resisted|p2a: Kingambit|1\n|-damage|p2a: Kingambit|20/100 brn\n|move|p2a: Kingambit|Sucker Punch||[still]\n|-fail|p2a: Kingambit\n|move|p1a: Incineroar|Will-O-Wisp|p2a: Kingambit\n|-fail|p2a: Kingambit|brn\n|\n|-damage|p2a: Kingambit|15/100 brn|[from] brn\n|upkeep\n|turn|11\n|\n|t:|1776437387\n|move|p1b: Scizor|Bullet Punch|p2a: Kingambit\n|-resisted|p2a: Kingambit|1\n|-damage|p2a: Kingambit|2/100 brn\n|move|p2a: Kingambit|Sucker Punch||[still]\n|-fail|p2a: Kingambit\n|move|p1a: Incineroar|Will-O-Wisp|p2a: Kingambit\n|-fail|p2a: Kingambit|brn\n|\n|-damage|p2a: Kingambit|0 fnt|[from] brn\n|faint|p2a: Kingambit\n|\n|win|TTT x\n|c|\u2606TTT x|Gg\n|c|\u2606forkuser222|ggs wp\n|l| Therazer456\n|l|\u2606TTT x\n|player|p1|\n|l|\u2606forkuser222\n|player|p2|\n|l| GKun1999\n|l| Champions is tuff\n|l| clrCARLOSclr\n|l| Level 5 Espurr\n|j|\u2606forkuser222\n|player|p2|forkuser222|dancer|\n|l| X2Muz\n",
  "uploadtime": 1776437444,
  "views": 56,
  "formatid": "gen9championsvgc2026regma",
  "rating": null,
  "private": 0,
  "password": null
}