{
  "id": "gen9championsvgc2026regma-2583684836",
  "format": "[Gen 9 Champions] VGC 2026 Reg M-A",
  "players": [
    "Blackbeard_78x",
    "jljlnlnll"
  ],
  "log": "|j|\u2606Blackbeard_78x\n|j|\u2606jljlnlnll\n|t:|1776190906\n|gametype|doubles\n|player|p1|Blackbeard_78x|az|1050\n|player|p2|jljlnlnll|266|1000\n|gen|9\n|tier|[Gen 9 Champions] VGC 2026 Reg M-A\n|rated|\n|rule|Species Clause: Limit one of each Pok\u00e9mon\n|rule|Item Clause: Limit 1 of each item\n|clearpoke\n|poke|p1|Charizard, L50, M|\n|poke|p1|Jolteon, L50, F|\n|poke|p1|Arcanine-Hisui, L50, M|\n|poke|p1|Venusaur, L50, M|\n|poke|p1|Whimsicott, L50, F|\n|poke|p1|Maushold, L50|\n|poke|p2|Palafin, L50, M|\n|poke|p2|Pelipper, L50, M|\n|poke|p2|Charizard, L50, F|\n|poke|p2|Venusaur, L50, M|\n|poke|p2|Sylveon, L50, M|\n|poke|p2|Kingambit, L50, M|\n|teampreview|4\n|inactive|Battle timer is ON: inactive players will automatically lose when time's up. (requested by Blackbeard_78x)\n|inactive|jljlnlnll has 60 seconds left.\n|\n|t:|1776190954\n|teamsize|p1|4\n|teamsize|p2|4\n|start\n|switch|p1a: Charizard|Charizard, L50, M, shiny|100/100\n|switch|p1b: Maushold|Maushold, L50|100/100\n|switch|p2a: Pelipper|Pelipper, L50, M|100/100\n|switch|p2b: Palafin|Palafin, L50, M|100/100\n|-weather|RainDance|[from] ability: Drizzle|[of] p2a: Pelipper\n|turn|1\n|\n|t:|1776190971\n|detailschange|p2b: Palafin|Palafin-Hero, L50, M\n|switch|p2b: Venusaur|Venusaur, L50, M|100/100\n|move|p1a: Charizard|Protect|p1a: Charizard\n|-singleturn|p1a: Charizard|Protect\n|move|p1b: Maushold|Sunny Day|p1b: Maushold\n|-weather|SunnyDay\n|move|p2a: Pelipper|Tailwind|p2a: Pelipper\n|-sidestart|p2: jljlnlnll|move: Tailwind\n|\n|-weather|SunnyDay|[upkeep]\n|-damage|p1a: Charizard|88/100|[from] ability: Solar Power|[of] p1a: Charizard\n|upkeep\n|turn|2\n|\n|t:|1776190993\n|switch|p2b: Palafin|Palafin-Hero, L50, M|100/100\n|-activate|p2b: Palafin|ability: Zero to Hero\n|switch|p1a: Venusaur|Venusaur, L50, M|100/100\n|move|p1b: Maushold|Population Bomb|p2a: Pelipper\n|-damage|p2a: Pelipper|95/100\n|-damage|p2a: Pelipper|89/100\n|-damage|p2a: Pelipper|83/100\n|-damage|p2a: Pelipper|77/100\n|-damage|p2a: Pelipper|71/100\n|-damage|p2a: Pelipper|65/100\n|-damage|p2a: Pelipper|59/100\n|-damage|p2a: Pelipper|53/100\n|-damage|p2a: Pelipper|47/100\n|-damage|p2a: Pelipper|41/100\n|-hitcount|p2a: Pelipper|10\n|move|p2a: Pelipper|Knock Off|p1a: Venusaur\n|-damage|p1a: Venusaur|92/100\n|\n|-weather|SunnyDay|[upkeep]\n|upkeep\n|turn|3\n|inactive|Blackbeard_78x has 30 seconds left.\n|inactive|jljlnlnll has 30 seconds left.\n|\n|t:|1776191028\n|switch|p2a: Charizard|Charizard, L50, F|100/100\n|move|p1b: Maushold|Follow Me|p1b: Maushold\n|-singleturn|p1b: Maushold|move: Follow Me\n|move|p2b: Palafin|Close Combat|p1b: Maushold\n|-supereffective|p1b: Maushold|1\n|-damage|p1b: Maushold|0 fnt\n|-unboost|p2b: Palafin|def|1\n|-unboost|p2b: Palafin|spd|1\n|faint|p1b: Maushold\n|move|p1a: Venusaur|Solar Beam||[still]\n|-prepare|p1a: Venusaur|Solar Beam\n|-anim|p1a: Venusaur|Solar Beam|p2b: Palafin\n|-supereffective|p2b: Palafin|1\n|-damage|p2b: Palafin|0 fnt\n|faint|p2b: Palafin\n|\n|-weather|SunnyDay|[upkeep]\n|upkeep\n|\n|t:|1776191048\n|switch|p1b: Arcanine|Arcanine-Hisui, L50, M|100/100\n|switch|p2b: Pelipper|Pelipper, L50, M|41/100\n|-weather|RainDance|[from] ability: Drizzle|[of] p2b: Pelipper\n|-ability|p1b: Arcanine|Intimidate|boost\n|-unboost|p2a: Charizard|atk|1\n|-unboost|p2b: Pelipper|atk|1\n|turn|4\n|\n|t:|1776191065\n|detailschange|p2a: Charizard|Charizard-Mega-X, L50, F\n|-mega|p2a: Charizard|Charizard|Charizardite X\n|move|p2a: Charizard|Swords Dance|p2a: Charizard\n|-boost|p2a: Charizard|atk|2\n|move|p2b: Pelipper|Hurricane|p1a: Venusaur\n|-supereffective|p1a: Venusaur|1\n|-damage|p1a: Venusaur|21/100\n|move|p1b: Arcanine|Rock Slide|p2a: Charizard|[spread] p2a\n|-miss|p1b: Arcanine|p2b: Pelipper\n|-supereffective|p2a: Charizard|1\n|-damage|p2a: Charizard|49/100\n|move|p1a: Venusaur|Sludge Bomb|p2a: Charizard\n|-damage|p2a: Charizard|14/100\n|-status|p2a: Charizard|psn\n|\n|-weather|RainDance|[upkeep]\n|-damage|p2a: Charizard|2/100 psn|[from] psn\n|-sideend|p2: jljlnlnll|move: Tailwind\n|upkeep\n|turn|5\n|\n|t:|1776191087\n|move|p1b: Arcanine|Extreme Speed|p2b: Pelipper\n|-damage|p2b: Pelipper|20/100\n|move|p2a: Charizard|Dragon Claw|p1b: Arcanine\n|-damage|p1b: Arcanine|21/100\n|move|p1a: Venusaur|Sludge Bomb|p2b: Pelipper\n|-damage|p2b: Pelipper|0 fnt\n|faint|p2b: Pelipper\n|\n|-weather|RainDance|[upkeep]\n|-damage|p2a: Charizard|0 fnt|[from] psn\n|faint|p2a: Charizard\n|upkeep\n|\n|t:|1776191098\n|switch|p2b: Venusaur|Venusaur, L50, M|100/100\n|turn|6\n|\n|t:|1776191110\n|move|p1b: Arcanine|Flare Blitz|p2b: Venusaur\n|-supereffective|p2b: Venusaur|1\n|-damage|p2b: Venusaur|22/100\n|-damage|p1b: Arcanine|0 fnt|[from] Recoil\n|faint|p1b: Arcanine\n|move|p1a: Venusaur|Sludge Bomb|p2b: Venusaur\n|-damage|p2b: Venusaur|0 fnt\n|faint|p2b: Venusaur\n|\n|win|Blackbeard_78x\n|raw|Blackbeard_78x's rating: 1050 &rarr; <strong>1078</strong><br />(+28 for winning)\n|raw|jljlnlnll's rating: 1000 &rarr; <strong>1000</strong><br />(+0 for losing)\n|l|\u2606jljlnlnll\n|player|p2|\n",
  "uploadtime": 1776191120,
  "views": 19,
  "formatid": "gen9championsvgc2026regma",
  "rating": 1000,
  "private": 0,
  "password": null
}