{
  "id": "gen9championsvgc2026regma-2588854076",
  "format": "[Gen 9 Champions] VGC 2026 Reg M-A",
  "players": [
    "barry 718",
    "Chiahk"
  ],
  "log": "|j|\u2606barry 718\n|j|\u2606Chiahk\n|t:|1776678835\n|gametype|doubles\n|player|p1|barry 718|266|1139\n|player|p2|Chiahk|102|1210\n|gen|9\n|tier|[Gen 9 Champions] VGC 2026 Reg M-A\n|rated|\n|rule|Species Clause: Limit one of each Pok\u00e9mon\n|rule|Item Clause: Limit 1 of each item\n|clearpoke\n|poke|p1|Crabominable, L50, M|\n|poke|p1|Sneasler, L50, F|\n|poke|p1|Farigiraf, L50, F|\n|poke|p1|Incineroar, L50, M|\n|poke|p1|Venusaur, L50, F|\n|poke|p1|Torkoal, L50, M|\n|poke|p2|Beedrill, L50, M|\n|poke|p2|Sylveon, L50, F|\n|poke|p2|Kommo-o, L50, M|\n|poke|p2|Incineroar, L50, F|\n|poke|p2|Garchomp, L50, M|\n|poke|p2|Sinistcha, L50|\n|teampreview|4\n|inactive|Battle timer is ON: inactive players will automatically lose when time's up. (requested by Chiahk)\n|inactiveoff|Battle timer is now OFF.\nChiahk rejected open team sheets.\n|\n|t:|1776678904\n|teamsize|p1|4\n|teamsize|p2|4\n|start\n|switch|p1a: Farigiraf|Farigiraf, L50, F|100/100\n|switch|p1b: Incineroar|Incineroar, L50, M|100/100\n|switch|p2a: Beedrill|Beedrill, L50, M|100/100\n|switch|p2b: Sylveon|Sylveon, L50, F|100/100\n|-ability|p1b: Incineroar|Intimidate|boost\n|-unboost|p2a: Beedrill|atk|1\n|-unboost|p2b: Sylveon|atk|1\n|turn|1\n|inactive|Battle timer is ON: inactive players will automatically lose when time's up. (requested by Chiahk)\n|\n|t:|1776678923\n|detailschange|p2a: Beedrill|Beedrill-Mega, L50, M\n|-mega|p2a: Beedrill|Beedrill|Beedrillite\n|move|p1b: Incineroar|Fake Out|p2a: Beedrill\n|-damage|p2a: Beedrill|73/100\n|cant|p2a: Beedrill|flinch\n|move|p2b: Sylveon|Hyper Voice|p1a: Farigiraf|[spread] p1a,p1b\n|-damage|p1a: Farigiraf|53/100\n|-damage|p1b: Incineroar|58/100\n|move|p1a: Farigiraf|Trick Room|p1a: Farigiraf\n|-fieldstart|move: Trick Room|[of] p1a: Farigiraf\n|\n|upkeep\n|turn|2\n|inactive|Chiahk has 30 seconds left.\n|\n|t:|1776678954\n|switch|p2a: Incineroar|Incineroar, L50, F|100/100\n|-ability|p2a: Incineroar|Intimidate|boost\n|-unboost|p1a: Farigiraf|atk|1\n|-unboost|p1b: Incineroar|atk|1\n|move|p1a: Farigiraf|Psychic|p2a: Incineroar\n|-immune|p2a: Incineroar\n|move|p1b: Incineroar|Parting Shot|p2b: Sylveon\n|-unboost|p2b: Sylveon|atk|1\n|-unboost|p2b: Sylveon|spa|1\n|\n|t:|1776678964\n|switch|p1b: Crabominable|Crabominable, L50, M|100/100|[from] Parting Shot\n|move|p2b: Sylveon|Hyper Voice|p1a: Farigiraf|[spread] p1a,p1b\n|-supereffective|p1b: Crabominable|1\n|-damage|p1a: Farigiraf|24/100\n|-damage|p1b: Crabominable|17/100\n|-enditem|p1a: Farigiraf|Sitrus Berry|[eat]\n|-heal|p1a: Farigiraf|49/100|[from] item: Sitrus Berry\n|\n|upkeep\n|turn|3\n|\n|t:|1776678988\n|switch|p1a: Torkoal|Torkoal, L50, M|100/100\n|-weather|SunnyDay|[from] ability: Drought|[of] p1a: Torkoal\n|detailschange|p1b: Crabominable|Crabominable-Mega, L50, M\n|-mega|p1b: Crabominable|Crabominable|Crabominite\n|move|p1b: Crabominable|Drain Punch|p2a: Incineroar\n|-supereffective|p2a: Incineroar|1\n|-damage|p2a: Incineroar|0 fnt\n|-heal|p1b: Crabominable|67/100|[from] drain|[of] p2a: Incineroar\n|faint|p2a: Incineroar\n|move|p2b: Sylveon|Hyper Voice|p1a: Torkoal|[spread] p1a,p1b\n|-resisted|p1a: Torkoal|1\n|-supereffective|p1b: Crabominable|1\n|-damage|p1a: Torkoal|80/100\n|-damage|p1b: Crabominable|17/100\n|\n|-weather|SunnyDay|[upkeep]\n|upkeep\n|\n|t:|1776679012\n|switch|p2a: Kommo-o|Kommo-o, L50, M|100/100\n|turn|4\n|\n|t:|1776679044\n|move|p2b: Sylveon|Protect|p2b: Sylveon\n|-singleturn|p2b: Sylveon|Protect\n|move|p1a: Torkoal|Eruption|p2a: Kommo-o|[spread] p2a\n|-activate|p2b: Sylveon|move: Protect\n|-resisted|p2a: Kommo-o|1\n|-damage|p2a: Kommo-o|65/100\n|move|p1b: Crabominable|Crabhammer|p2b: Sylveon\n|-activate|p2b: Sylveon|move: Protect\n|move|p2a: Kommo-o|Clangorous Soul|p2a: Kommo-o\n|-boost|p2a: Kommo-o|atk|1\n|-boost|p2a: Kommo-o|def|1\n|-boost|p2a: Kommo-o|spa|1\n|-boost|p2a: Kommo-o|spd|1\n|-boost|p2a: Kommo-o|spe|1\n|-damage|p2a: Kommo-o|32/100\n|\n|-weather|SunnyDay|[upkeep]\n|-heal|p2a: Kommo-o|38/100|[from] item: Leftovers\n|upkeep\n|turn|5\n|inactive|barry 718 has 30 seconds left.\n|inactive|Chiahk has 30 seconds left.\n|\n|t:|1776679078\n|move|p2a: Kommo-o|Protect|p2a: Kommo-o\n|-singleturn|p2a: Kommo-o|Protect\n|move|p1a: Torkoal|Eruption|p2a: Kommo-o|[spread] p2b\n|-activate|p2a: Kommo-o|move: Protect\n|-damage|p2b: Sylveon|49/100\n|move|p1b: Crabominable|Crabhammer|p2b: Sylveon\n|-damage|p2b: Sylveon|21/100\n|move|p2b: Sylveon|Hyper Voice|p1b: Crabominable|[spread] p1a,p1b\n|-resisted|p1a: Torkoal|1\n|-supereffective|p1b: Crabominable|1\n|-damage|p1a: Torkoal|58/100\n|-damage|p1b: Crabominable|0 fnt\n|faint|p1b: Crabominable\n|\n|-weather|SunnyDay|[upkeep]\n|-heal|p2a: Kommo-o|44/100|[from] item: Leftovers\n|-fieldend|move: Trick Room\n|upkeep\n|\n|t:|1776679094\n|switch|p1b: Incineroar|Incineroar, L50, M|58/100\n|-ability|p1b: Incineroar|Intimidate|boost\n|-unboost|p2a: Kommo-o|atk|1\n|-unboost|p2b: Sylveon|atk|1\n|turn|6\n|\n|t:|1776679115\n|move|p1a: Torkoal|Protect|p1a: Torkoal\n|-singleturn|p1a: Torkoal|Protect\n|move|p2a: Kommo-o|Clanging Scales|p1a: Torkoal|[spread] p1b\n|-activate|p1a: Torkoal|move: Protect\n|-damage|p1b: Incineroar|8/100\n|-unboost|p2a: Kommo-o|def|1\n|move|p2b: Sylveon|Hyper Voice|p1b: Incineroar|[spread] p1b\n|-activate|p1a: Torkoal|move: Protect\n|-damage|p1b: Incineroar|0 fnt\n|faint|p1b: Incineroar\n|\n|-weather|SunnyDay|[upkeep]\n|-heal|p2a: Kommo-o|50/100|[from] item: Leftovers\n|upkeep\n|\n|t:|1776679127\n|switch|p1b: Farigiraf|Farigiraf, L50, F|49/100\n|turn|7\n|\n|t:|1776679140\n|move|p2a: Kommo-o|Clanging Scales|p1b: Farigiraf|[spread] p1a,p1b\n|-damage|p1a: Torkoal|0 fnt\n|-damage|p1b: Farigiraf|0 fnt\n|faint|p1a: Torkoal\n|faint|p1b: Farigiraf\n|\n|win|Chiahk\n|raw|barry 718's rating: 1139 &rarr; <strong>1119</strong><br />(-20 for losing)\n|raw|Chiahk's rating: 1210 &rarr; <strong>1230</strong><br />(+20 for winning)\n|l|\u2606barry 718\n|player|p1|\n",
  "uploadtime": 1776679150,
  "views": 13,
  "formatid": "gen9championsvgc2026regma",
  "rating": 1119,
  "private": 0,
  "password": null
}