{
  "id": "gen9championsvgc2026regma-2586131455",
  "format": "[Gen 9 Champions] VGC 2026 Reg M-A",
  "players": [
    "gimwepaw",
    "Jackalope11"
  ],
  "log": "|j|\u2606gimwepaw\n|j|\u2606Jackalope11\n|html|<table width=\"100%\"><tr><td align=\"left\">gimwepaw</td><td align=\"right\">Jackalope11</tr><tr><td align=\"left\"><i class=\"fa fa-circle-o\"></i> <i class=\"fa fa-circle-o\"></i> </td><td align=\"right\"><i class=\"fa fa-circle-o\"></i> <i class=\"fa fa-circle-o\"></i> </tr></table>\n|uhtml|bestof|<h2><strong>Game 1</strong> of <a href=\"/game-bestof3-gen9championsvgc2026regma-2586131454\">a best-of-3</a></h2>\n|t:|1776402864\n|gametype|doubles\n|player|p1|gimwepaw|170|\n|player|p2|Jackalope11|265|\n|gen|9\n|tier|[Gen 9 Champions] VGC 2026 Reg M-A\n|rule|Species Clause: Limit one of each Pok\u00e9mon\n|rule|Item Clause: Limit 1 of each item\n|raw|<div class=\"infobox\"><details class=\"readmore\" open><summary><strong>1 custom rule:</strong></summary> Best of = 3</details></div>\n|clearpoke\n|poke|p1|Charizard, L50, F|\n|poke|p1|Milotic, L50, F|\n|poke|p1|Aegislash, L50, M|\n|poke|p1|Sneasler, L50, F|\n|poke|p1|Aerodactyl, L50, M|\n|poke|p1|Sylveon, L50, F|\n|poke|p2|Milotic, L50, M|\n|poke|p2|Excadrill, L50, M|\n|poke|p2|Tyranitar, L50, F|\n|poke|p2|Sinistcha, L50|\n|poke|p2|Aerodactyl, L50, F|\n|poke|p2|Volcarona, L50, M|\n|teampreview|4\n|c|\u2606gimwepaw|heets\n|c|\u2606gimwepaw|sheets\n|c|\u2606gimwepaw|or nah\n|c|\u2606Jackalope11|nah ima do my own thing\n|c|\u2606gimwepaw|alr\n|inactive|Battle timer is ON: inactive players will automatically lose when time's up. (requested by gimwepaw)\n|\n|t:|1776402951\n|teamsize|p1|4\n|teamsize|p2|4\n|start\n|switch|p1a: Charizard|Charizard, L50, F|100/100\n|switch|p1b: Sneasler|Sneasler, L50, F|100/100\n|switch|p2a: Sinistcha|Sinistcha, L50|100/100\n|switch|p2b: Volcarona|Volcarona, L50, M|100/100\n|turn|1\n|\n|t:|1776402968\n|detailschange|p1a: Charizard|Charizard-Mega-X, L50, F\n|-mega|p1a: Charizard|Charizard|Charizardite X\n|move|p2b: Volcarona|Protect|p2b: Volcarona\n|-singleturn|p2b: Volcarona|Protect\n|move|p2a: Sinistcha|Protect|p2a: Sinistcha\n|-singleturn|p2a: Sinistcha|Protect\n|move|p1b: Sneasler|Dire Claw|p2a: Sinistcha\n|-activate|p2a: Sinistcha|move: Protect\n|move|p1a: Charizard|Dragon Dance|p1a: Charizard\n|-boost|p1a: Charizard|atk|1\n|-boost|p1a: Charizard|spe|1\n|\n|upkeep\n|turn|2\n|c|\u2606gimwepaw|ur done buddy\n|c|\u2606Jackalope11|naughty naughty\n|c|\u2606gimwepaw|i got mega charizard X\n|c|\u2606gimwepaw|THOSE WHO KNOW\n|inactive|gimwepaw has 30 seconds left.\n|inactive|Jackalope11 has 30 seconds left.\n|c|\u2606gimwepaw|nobody expects the x bro\n|inactive|Jackalope11 has 20 seconds left.\n|\n|t:|1776403006\n|switch|p2b: Tyranitar|Tyranitar, L50, F|100/100\n|-weather|Sandstorm|[from] ability: Sand Stream|[of] p2b: Tyranitar\n|move|p1a: Charizard|Dragon Dance|p1a: Charizard\n|-boost|p1a: Charizard|atk|1\n|-boost|p1a: Charizard|spe|1\n|move|p1b: Sneasler|Dire Claw|p2a: Sinistcha\n|-crit|p2a: Sinistcha\n|-damage|p2a: Sinistcha|46/100\n|-status|p2a: Sinistcha|par\n|-enditem|p2a: Sinistcha|Sitrus Berry|[eat]\n|-heal|p2a: Sinistcha|70/100 par|[from] item: Sitrus Berry\n|move|p2a: Sinistcha|Trick Room|p2a: Sinistcha\n|-fieldstart|move: Trick Room|[of] p2a: Sinistcha\n|\n|-weather|Sandstorm|[upkeep]\n|-damage|p2a: Sinistcha|64/100 par|[from] Sandstorm\n|-damage|p1b: Sneasler|95/100|[from] Sandstorm\n|-damage|p1a: Charizard|95/100|[from] Sandstorm\n|upkeep\n|turn|3\n|c|\u2606gimwepaw|imma put u on x videos\n|c|\u2606gimwepaw|OH CRAP\n|inactive|Jackalope11 has 30 seconds left.\n|inactive|Jackalope11 has 20 seconds left.\n|\n|t:|1776403042\n|detailschange|p2b: Tyranitar|Tyranitar-Mega, L50, F\n|-mega|p2b: Tyranitar|Tyranitar|Tyranitarite\n|move|p1a: Charizard|Protect|p1a: Charizard\n|-singleturn|p1a: Charizard|Protect\n|move|p2a: Sinistcha|Rage Powder|p2a: Sinistcha\n|-singleturn|p2a: Sinistcha|move: Rage Powder\n|move|p2b: Tyranitar|Rock Slide|p1a: Charizard|[spread] \n|-activate|p1a: Charizard|move: Protect\n|-miss|p2b: Tyranitar|p1b: Sneasler\n|move|p1b: Sneasler|Close Combat|p2a: Sinistcha\n|-immune|p2a: Sinistcha\n|\n|-weather|Sandstorm|[upkeep]\n|-damage|p2a: Sinistcha|58/100 par|[from] Sandstorm\n|-damage|p1b: Sneasler|89/100|[from] Sandstorm\n|-damage|p1a: Charizard|89/100|[from] Sandstorm\n|upkeep\n|turn|4\n|\n|t:|1776403058\n|move|p2a: Sinistcha|Rage Powder|p2a: Sinistcha\n|-singleturn|p2a: Sinistcha|move: Rage Powder\n|move|p2b: Tyranitar|Rock Slide|p1b: Sneasler|[spread] p1a,p1b\n|-supereffective|p1a: Charizard|1\n|-resisted|p1b: Sneasler|1\n|-damage|p1a: Charizard|20/100\n|-damage|p1b: Sneasler|55/100\n|move|p1b: Sneasler|Close Combat|p2a: Sinistcha\n|-immune|p2a: Sinistcha\n|cant|p1a: Charizard|flinch\n|\n|-weather|Sandstorm|[upkeep]\n|-damage|p2a: Sinistcha|53/100 par|[from] Sandstorm\n|-damage|p1b: Sneasler|49/100|[from] Sandstorm\n|-damage|p1a: Charizard|15/100|[from] Sandstorm\n|upkeep\n|turn|5\n|\n|t:|1776403071\n|move|p1a: Charizard|Protect|p1a: Charizard\n|-singleturn|p1a: Charizard|Protect\n|cant|p2a: Sinistcha|par\n|move|p2b: Tyranitar|Rock Slide|p1b: Sneasler|[spread] p1b\n|-activate|p1a: Charizard|move: Protect\n|-resisted|p1b: Sneasler|1\n|-damage|p1b: Sneasler|15/100\n|move|p1b: Sneasler|Dire Claw|p2a: Sinistcha\n|-damage|p2a: Sinistcha|12/100 par\n|\n|-weather|Sandstorm|[upkeep]\n|-damage|p2a: Sinistcha|6/100 par|[from] Sandstorm\n|-damage|p1b: Sneasler|9/100|[from] Sandstorm\n|-damage|p1a: Charizard|9/100|[from] Sandstorm\n|upkeep\n|turn|6\n|c|\u2606gimwepaw|NO UNCLE NO\n|\n|t:|1776403088\n|switch|p2a: Excadrill|Excadrill, L50, M|100/100\n|move|p1b: Sneasler|Protect|p1b: Sneasler\n|-singleturn|p1b: Sneasler|Protect\n|move|p2b: Tyranitar|Rock Slide|p1a: Charizard|[spread] p1a\n|-activate|p1b: Sneasler|move: Protect\n|-supereffective|p1a: Charizard|1\n|-damage|p1a: Charizard|0 fnt\n|faint|p1a: Charizard\n|\n|-weather|none\n|-fieldend|move: Trick Room\n|upkeep\n|c|\u2606Jackalope11|whered my room go uh oh\n|\n|t:|1776403107\n|switch|p1a: Milotic|Milotic, L50, F|100/100\n|turn|7\n|inactive|gimwepaw has 30 seconds left.\n|inactive|Jackalope11 has 30 seconds left.\n|c|\u2606gimwepaw|bro im in trouble\n|\n|t:|1776403141\n|switch|p2b: Sinistcha|Sinistcha, L50|6/100 par\n|move|p2a: Excadrill|Protect|p2a: Excadrill\n|-singleturn|p2a: Excadrill|Protect\n|move|p1b: Sneasler|Close Combat|p2a: Excadrill\n|-activate|p2a: Excadrill|move: Protect\n|move|p1a: Milotic|Scald|p2b: Sinistcha\n|-resisted|p2b: Sinistcha|1\n|-damage|p2b: Sinistcha|0 fnt\n|faint|p2b: Sinistcha\n|\n|upkeep\n|\n|t:|1776403152\n|switch|p2b: Tyranitar|Tyranitar-Mega, L50, F|100/100\n|-weather|Sandstorm|[from] ability: Sand Stream|[of] p2b: Tyranitar\n|turn|8\n|\n|t:|1776403172\n|move|p1b: Sneasler|Protect|p1b: Sneasler\n|-singleturn|p1b: Sneasler|Protect\n|move|p2a: Excadrill|Rock Slide|p1b: Sneasler|[spread] p1a\n|-activate|p1b: Sneasler|move: Protect\n|-damage|p1a: Milotic|80/100\n|cant|p1a: Milotic|flinch\n|move|p2b: Tyranitar|Crunch|p1a: Milotic\n|-damage|p1a: Milotic|29/100\n|\n|-weather|Sandstorm|[upkeep]\n|-damage|p1b: Sneasler|4/100|[from] Sandstorm\n|-damage|p1a: Milotic|23/100|[from] Sandstorm\n|-heal|p1a: Milotic|29/100|[from] item: Leftovers\n|upkeep\n|turn|9\n|\n|t:|1776403188\n|move|p2a: Excadrill|Earthquake|p1a: Milotic|[spread] p2b,p1a,p1b\n|-supereffective|p2b: Tyranitar|1\n|-supereffective|p1b: Sneasler|1\n|-damage|p2b: Tyranitar|46/100\n|-damage|p1a: Milotic|0 fnt\n|-damage|p1b: Sneasler|0 fnt\n|faint|p1a: Milotic\n|faint|p1b: Sneasler\n|move|p2b: Tyranitar|Rock Slide|p1: Milotic|[notarget]\n|-fail|p2b: Tyranitar\n|\n|-weather|Sandstorm|[upkeep]\n|upkeep\n|\n|t:|1776403192\n|switch|p1b: Aegislash|Aegislash, L50, M|100/100\n|turn|10\n|\n|t:|1776403203\n|switch|p2b: Volcarona|Volcarona, L50, M|100/100\n|move|p1b: Aegislash|King's Shield|p1b: Aegislash\n|-singleturn|p1b: Aegislash|Protect\n|move|p2a: Excadrill|Earthquake|p1b: Aegislash|[spread] p2b\n|-activate|p1b: Aegislash|move: Protect\n|-damage|p2b: Volcarona|49/100\n|\n|-weather|Sandstorm|[upkeep]\n|-damage|p2b: Volcarona|43/100|[from] Sandstorm\n|upkeep\n|turn|11\n|c|\u2606gimwepaw|no uncle no\n|\n|t:|1776403217\n|move|p2b: Volcarona|Protect|p2b: Volcarona\n|-singleturn|p2b: Volcarona|Protect\n|move|p2a: Excadrill|Earthquake|p1b: Aegislash|[spread] p1b\n|-activate|p2b: Volcarona|move: Protect\n|-supereffective|p1b: Aegislash|1\n|-damage|p1b: Aegislash|24/100\n|-formechange|p1b: Aegislash|Aegislash-Blade|\n|move|p1b: Aegislash|Poltergeist|p2a: Excadrill\n|-activate|p2a: Excadrill|move: Poltergeist|Focus Sash\n|-enditem|p2a: Excadrill|Focus Sash\n|-damage|p2a: Excadrill|1/100\n|\n|-weather|Sandstorm|[upkeep]\n|-damage|p2b: Volcarona|37/100|[from] Sandstorm\n|upkeep\n|turn|12\n|\n|t:|1776403233\n|-formechange|p1b: Aegislash|Aegislash|\n|move|p1b: Aegislash|King's Shield|p1b: Aegislash\n|-singleturn|p1b: Aegislash|Protect\n|move|p2a: Excadrill|Iron Head|p1b: Aegislash\n|-activate|p1b: Aegislash|move: Protect\n|-unboost|p2a: Excadrill|atk|1\n|move|p2b: Volcarona|Quiver Dance|p2b: Volcarona\n|-boost|p2b: Volcarona|spa|1\n|-boost|p2b: Volcarona|spd|1\n|-boost|p2b: Volcarona|spe|1\n|\n|-weather|none\n|upkeep\n|turn|13\n|\n|t:|1776403252\n|-formechange|p1b: Aegislash|Aegislash-Blade|\n|move|p1b: Aegislash|Shadow Sneak|p2b: Volcarona\n|-damage|p2b: Volcarona|6/100\n|move|p2b: Volcarona|Fiery Dance|p1b: Aegislash\n|-supereffective|p1b: Aegislash|1\n|-damage|p1b: Aegislash|0 fnt\n|-boost|p2b: Volcarona|spa|1\n|faint|p1b: Aegislash\n|\n|win|Jackalope11\n||Jackalope11 is ready for game 2.\n|c|\u2606gimwepaw|NO UNCLE\n|inactive|gimwepaw has 30 seconds to confirm battle start!\n|c|\u2606gimwepaw|its okay\n||gimwepaw is ready for game 2.\n|uhtml|next|Next: <a href=\"/battle-gen9championsvgc2026regma-2586134525\"><strong>Game 2 of 3</strong></a>\n",
  "uploadtime": 1776403890,
  "views": 19,
  "formatid": "gen9championsvgc2026regma",
  "rating": null,
  "private": 0,
  "password": null
}