{
  "id": "gen9championsvgc2026regma-2588261984",
  "format": "[Gen 9 Champions] VGC 2026 Reg M-A",
  "players": [
    "gorbyjorby",
    "LatomBenne"
  ],
  "log": "|j|\u2606gorbyjorby\n|j|\u2606LatomBenne\n|t:|1776619041\n|gametype|doubles\n|player|p1|gorbyjorby|101|1158\n|player|p2|LatomBenne|101|1200\n|gen|9\n|tier|[Gen 9 Champions] VGC 2026 Reg M-A\n|rated|\n|rule|Species Clause: Limit one of each Pok\u00e9mon\n|rule|Item Clause: Limit 1 of each item\n|clearpoke\n|poke|p1|Aggron, L50, M|\n|poke|p1|Farigiraf, L50, M|\n|poke|p1|Pelipper, L50, F|\n|poke|p1|Camerupt, L50, F|\n|poke|p1|Araquanid, L50, F|\n|poke|p1|Starmie, L50|\n|poke|p2|Froslass, L50, F|\n|poke|p2|Aerodactyl, L50, F|\n|poke|p2|Sneasler, L50, F|\n|poke|p2|Incineroar, L50, M|\n|poke|p2|Slowking, L50, F|\n|poke|p2|Aggron, L50, M|\n|teampreview|4\n|\n|t:|1776619072\n|teamsize|p1|4\n|teamsize|p2|4\n|start\n|switch|p1a: Farigiraf|Farigiraf, L50, M|100/100\n|switch|p1b: Araquanid|Araquanid, L50, F|100/100\n|switch|p2a: Froslass|Froslass, L50, F|100/100\n|switch|p2b: Aerodactyl|Aerodactyl, L50, F|100/100\n|-ability|p2b: Aerodactyl|Unnerve\n|turn|1\n|\n|t:|1776619102\n|switch|p2b: Incineroar|Incineroar, L50, M|100/100\n|-ability|p2b: Incineroar|Intimidate|boost\n|-unboost|p1a: Farigiraf|atk|1\n|-unboost|p1b: Araquanid|atk|1\n|detailschange|p2a: Froslass|Froslass-Mega, L50, F\n|-mega|p2a: Froslass|Froslass|Froslassite\n|-weather|Snowscape|[from] ability: Snow Warning|[of] p2a: Froslass\n|move|p1b: Araquanid|Wide Guard|p1b: Araquanid\n|-singleturn|p1b: Araquanid|Wide Guard\n|move|p2a: Froslass|Blizzard|p1b: Araquanid|[spread] \n|-activate|p1a: Farigiraf|move: Wide Guard\n|-activate|p1b: Araquanid|move: Wide Guard\n|move|p1a: Farigiraf|Trick Room|p1a: Farigiraf\n|-fieldstart|move: Trick Room|[of] p1a: Farigiraf\n|\n|-weather|Snowscape|[upkeep]\n|upkeep\n|turn|2\n|\n|t:|1776619124\n|switch|p2a: Aerodactyl|Aerodactyl, L50, F|100/100\n|-ability|p2a: Aerodactyl|Unnerve\n|move|p1a: Farigiraf|Helping Hand|p1b: Araquanid\n|-singleturn|p1b: Araquanid|Helping Hand|[of] p1a: Farigiraf\n|move|p1b: Araquanid|Liquidation|p2a: Aerodactyl\n|-supereffective|p2a: Aerodactyl|1\n|-enditem|p2a: Aerodactyl|Focus Sash\n|-damage|p2a: Aerodactyl|1/100\n|move|p2b: Incineroar|Darkest Lariat|p1a: Farigiraf\n|-supereffective|p1a: Farigiraf|1\n|-damage|p1a: Farigiraf|37/100\n|\n|-weather|Snowscape|[upkeep]\n|upkeep\n|turn|3\n|\n|t:|1776619158\n|move|p2b: Incineroar|Protect|p2b: Incineroar\n|-singleturn|p2b: Incineroar|Protect\n|move|p2a: Aerodactyl|Protect|p2a: Aerodactyl\n|-singleturn|p2a: Aerodactyl|Protect\n|move|p1b: Araquanid|Liquidation|p2b: Incineroar\n|-activate|p2b: Incineroar|move: Protect\n|move|p1a: Farigiraf|Hyper Voice|p2a: Aerodactyl|[spread] \n|-activate|p2a: Aerodactyl|move: Protect\n|-activate|p2b: Incineroar|move: Protect\n|\n|-weather|Snowscape|[upkeep]\n|upkeep\n|turn|4\n|\n|t:|1776619178\n|move|p2b: Incineroar|Protect||[still]\n|-fail|p2b: Incineroar\n|move|p2a: Aerodactyl|Protect||[still]\n|-fail|p2a: Aerodactyl\n|move|p1b: Araquanid|Liquidation|p2b: Incineroar\n|-supereffective|p2b: Incineroar|1\n|-damage|p2b: Incineroar|0 fnt\n|faint|p2b: Incineroar\n|move|p1a: Farigiraf|Hyper Voice|p2a: Aerodactyl\n|-resisted|p2a: Aerodactyl|1\n|-damage|p2a: Aerodactyl|0 fnt\n|faint|p2a: Aerodactyl\n|\n|-weather|Snowscape|[upkeep]\n|upkeep\n|c|\u2606gorbyjorby|double protecc\n|\n|t:|1776619190\n|switch|p2b: Froslass|Froslass-Mega, L50, F|100/100\n|switch|p2a: Sneasler|Sneasler, L50, F|100/100\n|turn|5\n|c|\u2606gorbyjorby|down bad son\n|\n|t:|1776619200\n|move|p2b: Froslass|Protect|p2b: Froslass\n|-singleturn|p2b: Froslass|Protect\n|move|p2a: Sneasler|Protect|p2a: Sneasler\n|-singleturn|p2a: Sneasler|Protect\n|move|p1b: Araquanid|Liquidation|p2b: Froslass\n|-activate|p2b: Froslass|move: Protect\n|move|p1a: Farigiraf|Psychic Noise|p2a: Sneasler\n|-activate|p2a: Sneasler|move: Protect\n|\n|-weather|none\n|-fieldend|move: Trick Room\n|upkeep\n|turn|6\n|\n|t:|1776619224\n|move|p1b: Araquanid|Wide Guard|p1b: Araquanid\n|-singleturn|p1b: Araquanid|Wide Guard\n|move|p2a: Sneasler|Dire Claw|p1b: Araquanid\n|-damage|p1b: Araquanid|52/100\n|move|p2b: Froslass|Blizzard|p1a: Farigiraf|[spread] \n|-activate|p1a: Farigiraf|move: Wide Guard\n|-activate|p1b: Araquanid|move: Wide Guard\n|move|p1a: Farigiraf|Trick Room|p1a: Farigiraf\n|-fieldstart|move: Trick Room|[of] p1a: Farigiraf\n|\n|upkeep\n|turn|7\n|-message|LatomBenne forfeited.\n|\n|win|gorbyjorby\n|raw|gorbyjorby's rating: 1158 &rarr; <strong>1186</strong><br />(+28 for winning)\n|raw|LatomBenne's rating: 1200 &rarr; <strong>1172</strong><br />(-28 for losing)\n|l|\u2606LatomBenne\n|player|p2|\n",
  "uploadtime": 1776619247,
  "views": 16,
  "formatid": "gen9championsvgc2026regma",
  "rating": 1172,
  "private": 0,
  "password": null
}