{
  "id": "gen9championsvgc2026regma-2588363583",
  "format": "[Gen 9 Champions] VGC 2026 Reg M-A",
  "players": [
    "GinMare",
    "BoysenOrange"
  ],
  "log": "|j|\u2606GinMare\n|j|\u2606BoysenOrange\n|t:|1776627331\n|gametype|doubles\n|player|p1|GinMare|1|1281\n|player|p2|BoysenOrange|turo|1269\n|gen|9\n|tier|[Gen 9 Champions] VGC 2026 Reg M-A\n|rated|\n|rule|Species Clause: Limit one of each Pok\u00e9mon\n|rule|Item Clause: Limit 1 of each item\n|clearpoke\n|poke|p1|Kingambit, L50, M, shiny|\n|poke|p1|Froslass, L50, F|\n|poke|p1|Basculegion, L50, M|\n|poke|p1|Sneasler, L50, M, shiny|\n|poke|p1|Garchomp, L50, F|\n|poke|p1|Sylveon, L50, M, shiny|\n|poke|p2|Farigiraf, L50, F|\n|poke|p2|Gardevoir, L50, F|\n|poke|p2|Kangaskhan, L50, F|\n|poke|p2|Camerupt, L50, F|\n|poke|p2|Conkeldurr, L50, F|\n|poke|p2|Tinkaton, L50, F|\n|teampreview|4\n|inactive|Battle timer is ON: inactive players will automatically lose when time's up. (requested by BoysenOrange)\n|\n|t:|1776627379\n|teamsize|p1|4\n|teamsize|p2|4\n|start\n|switch|p1a: Froslass|Froslass, L50, F|100/100\n|switch|p1b: Basculegion|Basculegion, L50, M|100/100\n|switch|p2a: Kangaskhan|Kangaskhan, L50, F|100/100\n|switch|p2b: Farigiraf|Farigiraf, L50, F|100/100\n|turn|1\n|inactive|GinMare has 30 seconds left.\n|inactive|GinMare has 20 seconds left.\n|inactive|GinMare has 15 seconds left.\n|\n|t:|1776627421\n|switch|p1b: Sylveon|Sylveon, L50, M, shiny|100/100\n|detailschange|p1a: Froslass|Froslass-Mega, L50, F\n|-mega|p1a: Froslass|Froslass|Froslassite\n|-weather|Snowscape|[from] ability: Snow Warning|[of] p1a: Froslass\n|move|p2a: Kangaskhan|Fake Out|p1a: Froslass\n|-damage|p1a: Froslass|77/100\n|cant|p1a: Froslass|flinch\n|move|p2b: Farigiraf|Trick Room|p2b: Farigiraf\n|-fieldstart|move: Trick Room|[of] p2b: Farigiraf\n|\n|-weather|Snowscape|[upkeep]\n|upkeep\n|turn|2\n|inactive|BoysenOrange has 30 seconds left.\n|\n|t:|1776627446\n|move|p2b: Farigiraf|Psychic|p1a: Froslass\n|-damage|p1a: Froslass|31/100\n|move|p1b: Sylveon|Hyper Voice|p2a: Kangaskhan|[spread] p2a,p2b\n|-damage|p2a: Kangaskhan|52/100\n|-damage|p2b: Farigiraf|62/100\n|move|p2a: Kangaskhan|Last Resort|p1b: Sylveon\n|-damage|p1b: Sylveon|3/100\n|move|p1a: Froslass|Aurora Veil|p1a: Froslass\n|-sidestart|p1: GinMare|move: Aurora Veil\n|\n|-weather|Snowscape|[upkeep]\n|upkeep\n|turn|3\n|inactive|GinMare has 30 seconds left.\n|inactive|GinMare has 20 seconds left.\n|inactive|GinMare has 15 seconds left.\n|inactive|GinMare has 10 seconds left.\n|\n|t:|1776627491\n|move|p1a: Froslass|Protect|p1a: Froslass\n|-singleturn|p1a: Froslass|Protect\n|move|p2b: Farigiraf|Hyper Voice|p1b: Sylveon|[spread] p1b\n|-activate|p1a: Froslass|move: Protect\n|-damage|p1b: Sylveon|0 fnt\n|faint|p1b: Sylveon\n|move|p2a: Kangaskhan|Last Resort|p1a: Froslass\n|-activate|p1a: Froslass|move: Protect\n|\n|-weather|Snowscape|[upkeep]\n|upkeep\n|\n|t:|1776627504\n|switch|p1b: Garchomp|Garchomp, L50, F|100/100\n|turn|4\n|\n|t:|1776627522\n|move|p2b: Farigiraf|Psychic|p1b: Garchomp\n|-damage|p1b: Garchomp|76/100\n|move|p2a: Kangaskhan|Last Resort|p1a: Froslass\n|-damage|p1a: Froslass|0 fnt\n|faint|p1a: Froslass\n|move|p1b: Garchomp|Earthquake|p2a: Kangaskhan|[spread] p2a,p2b\n|-damage|p2a: Kangaskhan|13/100\n|-damage|p2b: Farigiraf|31/100\n|\n|-weather|Snowscape|[upkeep]\n|upkeep\n|\n|t:|1776627533\n|switch|p1a: Basculegion|Basculegion, L50, M|100/100\n|turn|5\n|\n|t:|1776627556\n|switch|p2a: Conkeldurr|Conkeldurr, L50, F|100/100\n|move|p1a: Basculegion|Protect|p1a: Basculegion\n|-singleturn|p1a: Basculegion|Protect\n|move|p2b: Farigiraf|Psychic|p1b: Garchomp\n|-damage|p1b: Garchomp|48/100\n|move|p1b: Garchomp|Earthquake|p2b: Farigiraf|[spread] p2a,p2b\n|-activate|p1a: Basculegion|move: Protect\n|-damage|p2a: Conkeldurr|68/100\n|-damage|p2b: Farigiraf|0 fnt\n|faint|p2b: Farigiraf\n|\n|-weather|none\n|-fieldend|move: Trick Room\n|upkeep\n|\n|t:|1776627576\n|switch|p2b: Gardevoir|Gardevoir, L50, F|100/100\n|-ability|p2b: Gardevoir|Adaptability|Trace|[from] ability: Trace|[of] p1a: Basculegion\n|turn|6\n|inactive|GinMare has 30 seconds left.\n|inactive|BoysenOrange has 30 seconds left.\n|\n|t:|1776627606\n|detailschange|p2b: Gardevoir|Gardevoir-Mega, L50, F\n|-mega|p2b: Gardevoir|Gardevoir|Gardevoirite\n|move|p2a: Conkeldurr|Mach Punch|p1b: Garchomp\n|-damage|p1b: Garchomp|28/100\n|-damage|p2a: Conkeldurr|56/100|[from] ability: Rough Skin|[of] p1b: Garchomp\n|move|p1b: Garchomp|Rock Slide|p2b: Gardevoir|[spread] p2a,p2b\n|-resisted|p2a: Conkeldurr|1\n|-damage|p2a: Conkeldurr|48/100\n|-damage|p2b: Gardevoir|72/100\n|move|p1a: Basculegion|Last Respects|p2b: Gardevoir\n|-supereffective|p2b: Gardevoir|1\n|-damage|p2b: Gardevoir|0 fnt\n|faint|p2b: Gardevoir\n|\n|-sideend|p1: GinMare|move: Aurora Veil\n|upkeep\n|\n|t:|1776627616\n|switch|p2b: Kangaskhan|Kangaskhan, L50, F|13/100\n|turn|7\n|\n|t:|1776627633\n|move|p1a: Basculegion|Protect|p1a: Basculegion\n|-singleturn|p1a: Basculegion|Protect\n|move|p2b: Kangaskhan|Fake Out|p1a: Basculegion\n|-activate|p1a: Basculegion|move: Protect\n|move|p2a: Conkeldurr|Mach Punch|p1b: Garchomp\n|-damage|p1b: Garchomp|0 fnt\n|-damage|p2a: Conkeldurr|35/100|[from] ability: Rough Skin|[of] p1b: Garchomp\n|faint|p1b: Garchomp\n|\n|upkeep\n|turn|8\n|\n|t:|1776627653\n|move|p1a: Basculegion|Aqua Jet|p2b: Kangaskhan\n|-damage|p2b: Kangaskhan|0 fnt\n|faint|p2b: Kangaskhan\n|move|p2a: Conkeldurr|Thunder Punch|p1a: Basculegion\n|-supereffective|p1a: Basculegion|1\n|-damage|p1a: Basculegion|17/100\n|-enditem|p1a: Basculegion|Sitrus Berry|[eat]\n|-heal|p1a: Basculegion|41/100|[from] item: Sitrus Berry\n|\n|upkeep\n|turn|9\n|c|\u2606BoysenOrange|gg\n|\n|t:|1776627666\n|move|p1a: Basculegion|Last Respects|p2a: Conkeldurr\n|-damage|p2a: Conkeldurr|0 fnt\n|faint|p2a: Conkeldurr\n|\n|win|GinMare\n|raw|GinMare's rating: 1281 &rarr; <strong>1305</strong><br />(+24 for winning)\n|raw|BoysenOrange's rating: 1269 &rarr; <strong>1245</strong><br />(-24 for losing)\n",
  "uploadtime": 1776627672,
  "views": 14,
  "formatid": "gen9championsvgc2026regma",
  "rating": 1245,
  "private": 0,
  "password": null
}