{
  "id": "gen9championsvgc2026regma-2587515004",
  "format": "[Gen 9 Champions] VGC 2026 Reg M-A",
  "players": [
    "campeondelfitness",
    "pokemanwomanman"
  ],
  "log": "|j|\u2606campeondelfitness\n|j|\u2606pokemanwomanman\n|t:|1776538377\n|gametype|doubles\n|player|p1|campeondelfitness|swimmer|1203\n|player|p2|pokemanwomanman|265|1265\n|gen|9\n|tier|[Gen 9 Champions] VGC 2026 Reg M-A\n|rated|\n|rule|Species Clause: Limit one of each Pok\u00e9mon\n|rule|Item Clause: Limit 1 of each item\n|clearpoke\n|poke|p1|Tyranitar, L50, M|\n|poke|p1|Garchomp, L50, M|\n|poke|p1|Heliolisk, L50, M|\n|poke|p1|Rotom-Heat, L50|\n|poke|p1|Orthworm, L50, M|\n|poke|p1|Aerodactyl, L50, F|\n|poke|p2|Primarina, L50, M, shiny|\n|poke|p2|Talonflame, L50, M, shiny|\n|poke|p2|Sinistcha, L50|\n|poke|p2|Garchomp, L50, M, shiny|\n|poke|p2|Camerupt, L50, F, shiny|\n|poke|p2|Lucario, L50, M|\n|teampreview|4\n|inactive|Battle timer is ON: inactive players will automatically lose when time's up. (requested by campeondelfitness)\n|inactive|campeondelfitness has 60 seconds left.\n|inactive|pokemanwomanman has 60 seconds left.\n|\n|t:|1776538410\n|teamsize|p1|4\n|teamsize|p2|4\n|start\n|switch|p1a: Aerodactyl|Aerodactyl, L50, F|100/100\n|switch|p1b: Rotom|Rotom-Heat, L50|100/100\n|switch|p2a: Talonflame|Talonflame, L50, M, shiny|100/100\n|switch|p2b: Garchomp|Garchomp, L50, M, shiny|100/100\n|-ability|p1a: Aerodactyl|Unnerve\n|turn|1\n|inactive|campeondelfitness has 30 seconds left.\n|\n|t:|1776538440\n|move|p2a: Talonflame|Tailwind|p2a: Talonflame\n|-sidestart|p2: pokemanwomanman|move: Tailwind\n|move|p2b: Garchomp|Rock Slide|p1a: Aerodactyl|[spread] p1a,p1b\n|-supereffective|p1a: Aerodactyl|1\n|-supereffective|p1b: Rotom|1\n|-damage|p1a: Aerodactyl|42/100\n|-damage|p1b: Rotom|52/100\n|move|p1a: Aerodactyl|Rock Slide|p2a: Talonflame|[spread] p2a,p2b\n|-supereffective|p2a: Talonflame|2\n|-resisted|p2b: Garchomp|1\n|-enditem|p2a: Talonflame|Focus Sash\n|-damage|p2a: Talonflame|1/100\n|-damage|p2b: Garchomp|88/100\n|move|p1b: Rotom|Will-O-Wisp|p2b: Garchomp\n|-status|p2b: Garchomp|brn\n|\n|-damage|p2b: Garchomp|82/100 brn|[from] brn\n|upkeep\n|turn|2\n|\n|t:|1776538462\n|move|p1a: Aerodactyl|Wide Guard|p1a: Aerodactyl\n|-singleturn|p1a: Aerodactyl|Wide Guard\n|move|p2b: Garchomp|Rock Slide|p1a: Aerodactyl|[spread] \n|-activate|p1a: Aerodactyl|move: Wide Guard\n|-activate|p1b: Rotom|move: Wide Guard\n|move|p2a: Talonflame|Flare Blitz|p1b: Rotom\n|-resisted|p1b: Rotom|1\n|-damage|p1b: Rotom|29/100\n|-damage|p2a: Talonflame|0 fnt|[from] Recoil\n|faint|p2a: Talonflame\n|move|p1b: Rotom|Volt Switch|p2b: Garchomp\n|-immune|p2b: Garchomp\n|\n|-damage|p2b: Garchomp|76/100 brn|[from] brn\n|upkeep\n|\n|t:|1776538472\n|switch|p2a: Lucario|Lucario, L50, M|100/100\n|turn|3\n|\n|t:|1776538495\n|detailschange|p2a: Lucario|Lucario-Mega, L50, M\n|-mega|p2a: Lucario|Lucario|Lucarionite\n|move|p2b: Garchomp|Rock Slide|p1b: Rotom|[spread] p1a,p1b\n|-supereffective|p1a: Aerodactyl|1\n|-supereffective|p1b: Rotom|1\n|-damage|p1a: Aerodactyl|11/100\n|-damage|p1b: Rotom|8/100\n|move|p2a: Lucario|Aura Sphere|p1a: Aerodactyl\n|-damage|p1a: Aerodactyl|0 fnt\n|faint|p1a: Aerodactyl\n|move|p1b: Rotom|Overheat|p2a: Lucario|[miss]\n|-miss|p1b: Rotom|p2a: Lucario\n|\n|-damage|p2b: Garchomp|70/100 brn|[from] brn\n|upkeep\n|\n|t:|1776538509\n|switch|p1a: Garchomp|Garchomp, L50, M|100/100\n|turn|4\n|\n|t:|1776538520\n|switch|p2a: Primarina|Primarina, L50, M, shiny|100/100\n|switch|p1b: Tyranitar|Tyranitar, L50, M|100/100\n|-weather|Sandstorm|[from] ability: Sand Stream|[of] p1b: Tyranitar\n|move|p1a: Garchomp|Protect|p1a: Garchomp\n|-singleturn|p1a: Garchomp|Protect\n|move|p2b: Garchomp|Rock Slide|p1a: Garchomp|[spread] p1b\n|-activate|p1a: Garchomp|move: Protect\n|-damage|p1b: Tyranitar|94/100\n|\n|-weather|Sandstorm|[upkeep]\n|-damage|p2a: Primarina|95/100|[from] Sandstorm\n|-damage|p2b: Garchomp|64/100 brn|[from] brn\n|-sideend|p2: pokemanwomanman|move: Tailwind\n|upkeep\n|turn|5\n|inactive|campeondelfitness has 30 seconds left.\n|\n|t:|1776538546\n|detailschange|p1a: Garchomp|Garchomp-Mega, L50, M\n|-mega|p1a: Garchomp|Garchomp|Garchompite\n|move|p1b: Tyranitar|Protect|p1b: Tyranitar\n|-singleturn|p1b: Tyranitar|Protect\n|move|p2b: Garchomp|Rock Slide|p1a: Garchomp|[spread] p1a\n|-activate|p1b: Tyranitar|move: Protect\n|-resisted|p1a: Garchomp|1\n|-damage|p1a: Garchomp|97/100\n|move|p1a: Garchomp|Earthquake|p2a: Primarina|[spread] p2a,p2b\n|-activate|p1b: Tyranitar|move: Protect\n|-damage|p2a: Primarina|16/100\n|-damage|p2b: Garchomp|2/100 brn\n|move|p2a: Primarina|Hyper Voice|p1a: Garchomp|[spread] p1a\n|-activate|p1b: Tyranitar|move: Protect\n|-damage|p1a: Garchomp|49/100\n|\n|-weather|Sandstorm|[upkeep]\n|-damage|p2a: Primarina|10/100|[from] Sandstorm\n|-damage|p2b: Garchomp|0 fnt|[from] brn\n|faint|p2b: Garchomp\n|upkeep\n|\n|t:|1776538557\n|switch|p2b: Lucario|Lucario-Mega, L50, M|100/100\n|turn|6\n|\n|t:|1776538577\n|move|p1a: Garchomp|Protect|p1a: Garchomp\n|-singleturn|p1a: Garchomp|Protect\n|move|p2b: Lucario|Aura Sphere|p1b: Tyranitar\n|-supereffective|p1b: Tyranitar|2\n|-damage|p1b: Tyranitar|0 fnt\n|faint|p1b: Tyranitar\n|move|p2a: Primarina|Hyper Voice|p1a: Garchomp\n|-activate|p1a: Garchomp|move: Protect\n|\n|-weather|Sandstorm|[upkeep]\n|-damage|p2a: Primarina|4/100|[from] Sandstorm\n|upkeep\n|\n|t:|1776538588\n|switch|p1b: Rotom|Rotom-Heat, L50|8/100\n|turn|7\n|\n|t:|1776538597\n|move|p2b: Lucario|Protect|p2b: Lucario\n|-singleturn|p2b: Lucario|Protect\n|move|p1a: Garchomp|Earthquake|p2b: Lucario|[spread] p2a\n|-activate|p2b: Lucario|move: Protect\n|-immune|p1b: Rotom|[from] ability: Levitate\n|-damage|p2a: Primarina|0 fnt\n|faint|p2a: Primarina\n|move|p1b: Rotom|Overheat|p2b: Lucario\n|-activate|p2b: Lucario|move: Protect\n|\n|-weather|Sandstorm|[upkeep]\n|-damage|p1b: Rotom|2/100|[from] Sandstorm\n|upkeep\n|turn|8\n|\n|t:|1776538614\n|move|p2b: Lucario|Aura Sphere|p1a: Garchomp\n|-damage|p1a: Garchomp|0 fnt\n|faint|p1a: Garchomp\n|move|p1b: Rotom|Overheat|p2b: Lucario\n|-supereffective|p2b: Lucario|1\n|-damage|p2b: Lucario|0 fnt\n|-unboost|p1b: Rotom|spa|2\n|faint|p2b: Lucario\n|\n|win|campeondelfitness\n|raw|campeondelfitness's rating: 1203 &rarr; <strong>1232</strong><br />(+29 for winning)\n|raw|pokemanwomanman's rating: 1265 &rarr; <strong>1236</strong><br />(-29 for losing)\n|l|\u2606pokemanwomanman\n|player|p2|\n",
  "uploadtime": 1776538707,
  "views": 26,
  "formatid": "gen9championsvgc2026regma",
  "rating": 1232,
  "private": 0,
  "password": null
}