{
  "id": "gen9championsvgc2026regma-2585064335",
  "format": "[Gen 9 Champions] VGC 2026 Reg M-A",
  "players": [
    "foxgirlmoony",
    "chatonbrutal"
  ],
  "log": "|j|\u2606foxgirlmoony\n|j|\u2606chatonbrutal\n|t:|1776308115\n|gametype|doubles\n|player|p1|foxgirlmoony|rocketgruntf|1407\n|player|p2|chatonbrutal|colress|1364\n|gen|9\n|tier|[Gen 9 Champions] VGC 2026 Reg M-A\n|rated|\n|rule|Species Clause: Limit one of each Pok\u00e9mon\n|rule|Item Clause: Limit 1 of each item\n|clearpoke\n|poke|p1|Gengar, L50, M|\n|poke|p1|Incineroar, L50, M|\n|poke|p1|Sinistcha, L50|\n|poke|p1|Floette-Eternal, L50, F|\n|poke|p1|Politoed, L50, M|\n|poke|p1|Basculegion-F, L50, F|\n|poke|p2|Aegislash, L50, M|\n|poke|p2|Pelipper, L50, M|\n|poke|p2|Basculegion, L50, M|\n|poke|p2|Floette-Eternal, L50, F|\n|poke|p2|Whimsicott, L50, F|\n|poke|p2|Kingambit, L50, M|\n|teampreview|4\n|inactive|Battle timer is ON: inactive players will automatically lose when time's up. (requested by foxgirlmoony)\n|inactive|chatonbrutal has 60 seconds left.\n|\n|t:|1776308155\n|teamsize|p1|4\n|teamsize|p2|4\n|start\n|switch|p1a: Incineroar|Incineroar, L50, M|100/100\n|switch|p1b: Sinistcha|Sinistcha, L50|100/100\n|switch|p2a: Whimsicott|Whimsicott, L50, F|100/100\n|switch|p2b: Kingambit|Kingambit, L50, M|100/100\n|-ability|p1a: Incineroar|Intimidate|boost\n|-unboost|p2a: Whimsicott|atk|1\n|-unboost|p2b: Kingambit|atk|1\n|-ability|p2b: Kingambit|Defiant|boost\n|-boost|p2b: Kingambit|atk|2\n|turn|1\n|inactive|chatonbrutal has 30 seconds left.\n|\n|t:|1776308183\n|move|p1b: Sinistcha|Protect|p1b: Sinistcha\n|-singleturn|p1b: Sinistcha|Protect\n|move|p2a: Whimsicott|Tailwind|p2a: Whimsicott\n|-sidestart|p2: chatonbrutal|move: Tailwind\n|move|p2b: Kingambit|Low Kick|p1a: Incineroar\n|-supereffective|p1a: Incineroar|1\n|-damage|p1a: Incineroar|2/100\n|-enditem|p1a: Incineroar|Sitrus Berry|[eat]\n|-heal|p1a: Incineroar|27/100|[from] item: Sitrus Berry\n|move|p1a: Incineroar|Close Combat|p2b: Kingambit\n|-supereffective|p2b: Kingambit|2\n|-damage|p2b: Kingambit|8/100\n|-unboost|p1a: Incineroar|def|1\n|-unboost|p1a: Incineroar|spd|1\n|-enditem|p2b: Kingambit|Sitrus Berry|[eat]\n|-heal|p2b: Kingambit|33/100|[from] item: Sitrus Berry\n|\n|upkeep\n|turn|2\n|\n|t:|1776308206\n|move|p2a: Whimsicott|Moonblast|p1a: Incineroar\n|-damage|p1a: Incineroar|0 fnt\n|faint|p1a: Incineroar\n|move|p2b: Kingambit|Kowtow Cleave|p1b: Sinistcha\n|-supereffective|p1b: Sinistcha|1\n|-enditem|p1b: Sinistcha|Colbur Berry|[eat]\n|-enditem|p1b: Sinistcha|Colbur Berry|[weaken]\n|-damage|p1b: Sinistcha|25/100\n|move|p1b: Sinistcha|Trick Room|p1b: Sinistcha\n|-fieldstart|move: Trick Room|[of] p1b: Sinistcha\n|\n|upkeep\n|\n|t:|1776308217\n|switch|p1a: Politoed|Politoed, L50, M|100/100\n|-weather|RainDance|[from] ability: Drizzle|[of] p1a: Politoed\n|turn|3\n|\n|t:|1776308231\n|switch|p1b: Floette|Floette-Eternal, L50, F|100/100\n|move|p2b: Kingambit|Protect|p2b: Kingambit\n|-singleturn|p2b: Kingambit|Protect\n|move|p2a: Whimsicott|Encore||[still]\n|-fail|p2a: Whimsicott\n|move|p1a: Politoed|Weather Ball|p2b: Kingambit\n|-activate|p2b: Kingambit|move: Protect\n|\n|-weather|RainDance|[upkeep]\n|upkeep\n|turn|4\n|inactive|chatonbrutal has 30 seconds left.\n|inactive|chatonbrutal has 20 seconds left.\n|\n|t:|1776308268\n|detailschange|p1b: Floette|Floette-Mega, L50, F\n|-mega|p1b: Floette|Floette|Floettite\n|-ability|p1b: Floette|Fairy Aura\n|move|p2b: Kingambit|Sucker Punch|p1a: Politoed\n|-damage|p1a: Politoed|26/100\n|move|p2a: Whimsicott|Taunt|p1b: Floette\n|-start|p1b: Floette|move: Taunt\n|move|p1a: Politoed|Ice Beam|p2a: Whimsicott\n|-supereffective|p2a: Whimsicott|1\n|-damage|p2a: Whimsicott|32/100\n|move|p1b: Floette|Dazzling Gleam|p2b: Kingambit|[spread] p2a,p2b\n|-damage|p2a: Whimsicott|0 fnt\n|-damage|p2b: Kingambit|0 fnt\n|faint|p2a: Whimsicott\n|faint|p2b: Kingambit\n|\n|-weather|RainDance|[upkeep]\n|-sideend|p2: chatonbrutal|move: Tailwind\n|upkeep\n|\n|t:|1776308284\n|switch|p2b: Aegislash|Aegislash, L50, M|100/100\n|switch|p2a: Floette|Floette-Eternal, L50, F|100/100\n|turn|5\n|\n|t:|1776308294\n|switch|p1b: Sinistcha|Sinistcha, L50|25/100\n|-heal|p1a: Politoed|51/100|[from] ability: Hospitality|[of] p1b: Sinistcha\n|detailschange|p2a: Floette|Floette-Mega, L50, F\n|-mega|p2a: Floette|Floette|Floettite\n|-ability|p2a: Floette|Fairy Aura\n|move|p2b: Aegislash|Wide Guard|p2b: Aegislash\n|-singleturn|p2b: Aegislash|Wide Guard\n|move|p1a: Politoed|Perish Song|p1a: Politoed\n|-start|p1a: Politoed|perish3|[silent]\n|-start|p1b: Sinistcha|perish3|[silent]\n|-start|p2a: Floette|perish3|[silent]\n|-start|p2b: Aegislash|perish3|[silent]\n|-fieldactivate|move: Perish Song\n|move|p2a: Floette|Dazzling Gleam|p1a: Politoed|[spread] p1a,p1b\n|-damage|p1a: Politoed|7/100\n|-damage|p1b: Sinistcha|0 fnt\n|faint|p1b: Sinistcha\n|\n|-weather|RainDance|[upkeep]\n|-start|p2b: Aegislash|perish3\n|-start|p1a: Politoed|perish3\n|-start|p2a: Floette|perish3\n|upkeep\n|\n|t:|1776308318\n|switch|p1b: Floette|Floette-Mega, L50, F|100/100\n|-ability|p1b: Floette|Fairy Aura\n|turn|6\n|\n|t:|1776308331\n|-formechange|p2b: Aegislash|Aegislash-Blade|\n|move|p2b: Aegislash|Poltergeist|p1b: Floette\n|-activate|p1b: Floette|move: Poltergeist|Floettite\n|-damage|p1b: Floette|49/100\n|move|p1a: Politoed|Weather Ball|p2b: Aegislash\n|-damage|p2b: Aegislash|21/100\n|move|p1b: Floette|Calm Mind|p1b: Floette\n|-boost|p1b: Floette|spa|1\n|-boost|p1b: Floette|spd|1\n|move|p2a: Floette|Dazzling Gleam|p1b: Floette|[spread] p1a,p1b\n|-damage|p1a: Politoed|0 fnt\n|-damage|p1b: Floette|31/100\n|faint|p1a: Politoed\n|\n|-weather|RainDance|[upkeep]\n|-heal|p2b: Aegislash|27/100|[from] item: Leftovers\n|-start|p2b: Aegislash|perish2\n|-start|p2a: Floette|perish2\n|-fieldend|move: Trick Room\n|upkeep\n|turn|7\n|\n|t:|1776308356\n|move|p2a: Floette|Moonblast|p1b: Floette\n|-damage|p1b: Floette|1/100\n|move|p1b: Floette|Moonblast|p2b: Aegislash\n|-resisted|p2b: Aegislash|1\n|-damage|p2b: Aegislash|0 fnt\n|faint|p2b: Aegislash\n|\n|-weather|none\n|-start|p2a: Floette|perish1\n|upkeep\n|turn|8\n|\n|t:|1776308367\n|move|p1b: Floette|Protect|p1b: Floette\n|-singleturn|p1b: Floette|Protect\n|move|p2a: Floette|Moonblast|p1b: Floette\n|-activate|p1b: Floette|move: Protect\n|\n|-start|p2a: Floette|perish0\n|faint|p2a: Floette\n|\n|win|foxgirlmoony\n|raw|foxgirlmoony's rating: 1407 &rarr; <strong>1425</strong><br />(+18 for winning)\n|raw|chatonbrutal's rating: 1364 &rarr; <strong>1346</strong><br />(-18 for losing)\n|l|\u2606chatonbrutal\n|player|p2|\n",
  "uploadtime": 1776308512,
  "views": 36,
  "formatid": "gen9championsvgc2026regma",
  "rating": 1346,
  "private": 0,
  "password": null
}