{
  "id": "gen9championsvgc2026regma-2588535476",
  "format": "[Gen 9 Champions] VGC 2026 Reg M-A",
  "players": [
    "julian 92",
    "Better Luck VGC"
  ],
  "log": "|j|\u2606julian 92\n|j|\u2606Better Luck VGC\n|t:|1776642593\n|gametype|doubles\n|player|p1|julian 92|blaine|1157\n|player|p2|Better Luck VGC|caitlin|1108\n|gen|9\n|tier|[Gen 9 Champions] VGC 2026 Reg M-A\n|rated|\n|rule|Species Clause: Limit one of each Pok\u00e9mon\n|rule|Item Clause: Limit 1 of each item\n|clearpoke\n|poke|p1|Primarina, L50, F|\n|poke|p1|Scovillain, L50, F|\n|poke|p1|Garchomp, L50, F|\n|poke|p1|Kingambit, L50, M|\n|poke|p1|Dragapult, L50, F|\n|poke|p1|Sneasler, L50, M|\n|poke|p2|Meganium, L50, M|\n|poke|p2|Tyranitar, L50, M|\n|poke|p2|Sinistcha, L50|\n|poke|p2|Basculegion, L50, M|\n|poke|p2|Incineroar, L50, M|\n|poke|p2|Aerodactyl, L50, M|\n|teampreview|4\n|inactive|Battle timer is ON: inactive players will automatically lose when time's up. (requested by julian 92)\n|inactive|julian 92 has 60 seconds left.\n|inactive|Better Luck VGC has 60 seconds left.\n|inactive|Better Luck VGC has 30 seconds left.\n|inactive|Better Luck VGC has 20 seconds left.\n|\n|t:|1776642664\n|teamsize|p1|4\n|teamsize|p2|4\n|start\n|switch|p1a: Primarina|Primarina, L50, F|100/100\n|switch|p1b: Scovillain|Scovillain, L50, F|100/100\n|switch|p2a: Cecilily|Meganium, L50, M|100/100\n|switch|p2b: Aerodactyl|Aerodactyl, L50, M|100/100\n|-ability|p2b: Aerodactyl|Unnerve\n|turn|1\n|inactive|Better Luck VGC has 30 seconds left.\n|inactive|julian 92 has 30 seconds left.\n|\n|t:|1776642700\n|switch|p1a: Sneasler|Sneasler, L50, M|100/100\n|move|p2a: Cecilily|Protect|p2a: Cecilily\n|-singleturn|p2a: Cecilily|Protect\n|move|p1b: Scovillain|Protect|p1b: Scovillain\n|-singleturn|p1b: Scovillain|Protect\n|move|p2b: Aerodactyl|Dual Wingbeat|p1b: Scovillain\n|-activate|p1b: Scovillain|move: Protect\n|\n|upkeep\n|turn|2\n|inactive|Better Luck VGC has 30 seconds left.\n|\n|t:|1776642729\n|switch|p2a: Basculegion|Basculegion, L50, M|100/100\n|detailschange|p1b: Scovillain|Scovillain-Mega, L50, F\n|-mega|p1b: Scovillain|Scovillain|Scovillainite\n|move|p1a: Sneasler|Fake Out|p2a: Basculegion\n|-immune|p2a: Basculegion\n|move|p2b: Aerodactyl|Dual Wingbeat|p1a: Sneasler\n|-supereffective|p1a: Sneasler|1\n|-damage|p1a: Sneasler|38/100\n|-supereffective|p1a: Sneasler|1\n|-damage|p1a: Sneasler|0 fnt\n|faint|p1a: Sneasler\n|-hitcount|p1: Sneasler|2\n|move|p1b: Scovillain|Flamethrower|p2a: Basculegion\n|-resisted|p2a: Basculegion|1\n|-damage|p2a: Basculegion|79/100\n|\n|upkeep\n|\n|t:|1776642740\n|switch|p1a: Primarina|Primarina, L50, F|100/100\n|turn|3\n|inactive|Better Luck VGC has 30 seconds left.\n|inactive|Better Luck VGC has 20 seconds left.\n|inactive|Better Luck VGC has 15 seconds left.\n|\n|t:|1776642783\n|switch|p2a: Cecilily|Meganium, L50, M|100/100\n|switch|p1b: Kingambit|Kingambit, L50, M|100/100\n|move|p2b: Aerodactyl|Tailwind|p2b: Aerodactyl\n|-sidestart|p2: Better Luck VGC|move: Tailwind\n|move|p1a: Primarina|Hyper Voice|p2b: Aerodactyl|[spread] p2a,p2b\n|-resisted|p2a: Cecilily|1\n|-supereffective|p2b: Aerodactyl|1\n|-damage|p2a: Cecilily|84/100\n|-enditem|p2b: Aerodactyl|Focus Sash\n|-damage|p2b: Aerodactyl|1/100\n|\n|upkeep\n|turn|4\n|\n|t:|1776642802\n|detailschange|p2a: Cecilily|Meganium-Mega, L50, M\n|-mega|p2a: Cecilily|Meganium|Meganiumite\n|move|p2b: Aerodactyl|Dual Wingbeat|p1a: Primarina\n|-damage|p1a: Primarina|81/100\n|-damage|p1a: Primarina|61/100\n|-hitcount|p1a: Primarina|2\n|move|p2a: Cecilily|Weather Ball|p1b: Kingambit\n|-supereffective|p1b: Kingambit|1\n|-damage|p1b: Kingambit|0 fnt\n|faint|p1b: Kingambit\n|move|p1a: Primarina|Hyper Voice|p2a: Cecilily|[spread] p2a,p2b\n|-resisted|p2a: Cecilily|1\n|-supereffective|p2b: Aerodactyl|1\n|-damage|p2a: Cecilily|66/100\n|-damage|p2b: Aerodactyl|0 fnt\n|faint|p2b: Aerodactyl\n|\n|-heal|p1a: Primarina|67/100|[from] item: Leftovers\n|upkeep\n|\n|t:|1776642819\n|switch|p2b: Basculegion|Basculegion, L50, M|79/100\n|switch|p1b: Scovillain|Scovillain-Mega, L50, F|100/100\n|turn|5\n|\n|t:|1776642835\n|move|p1a: Primarina|Protect|p1a: Primarina\n|-singleturn|p1a: Primarina|Protect\n|move|p2b: Basculegion|Wave Crash|p1b: Scovillain\n|-damage|p1b: Scovillain|4/100\n|-status|p2b: Basculegion|brn|[from] ability: Spicy Spray|[of] p1b: Scovillain\n|-damage|p2b: Basculegion|51/100 brn|[from] Recoil\n|move|p2a: Cecilily|Weather Ball|p1b: Scovillain\n|-damage|p1b: Scovillain|0 fnt\n|-status|p2a: Cecilily|brn|[from] ability: Spicy Spray|[of] p1b: Scovillain\n|faint|p1b: Scovillain\n|\n|-heal|p1a: Primarina|73/100|[from] item: Leftovers\n|-damage|p2b: Basculegion|45/100 brn|[from] brn\n|-damage|p2a: Cecilily|60/100 brn|[from] brn\n|upkeep\n|turn|6\n|\n|t:|1776642847\n|move|p2b: Basculegion|Last Respects|p1a: Primarina\n|-crit|p1a: Primarina\n|-damage|p1a: Primarina|17/100\n|move|p2a: Cecilily|Solar Beam||[still]\n|-prepare|p2a: Cecilily|Solar Beam\n|-activate|p2a: Cecilily|ability: Mega Sol\n|-anim|p2a: Cecilily|Solar Beam|p1a: Primarina\n|-supereffective|p1a: Primarina|1\n|-damage|p1a: Primarina|0 fnt\n|faint|p1a: Primarina\n|\n|win|Better Luck VGC\n|raw|julian 92's rating: 1157 &rarr; <strong>1128</strong><br />(-29 for losing)\n|raw|Better Luck VGC's rating: 1108 &rarr; <strong>1137</strong><br />(+29 for winning)\n",
  "uploadtime": 1776642848,
  "views": 10,
  "formatid": "gen9championsvgc2026regma",
  "rating": 1128,
  "private": 0,
  "password": null
}