{
  "id": "gen9championsvgc2026regma-2586268191",
  "format": "[Gen 9 Champions] VGC 2026 Reg M-A",
  "players": [
    "the b0nk",
    "antinn"
  ],
  "log": "|j|\u2606the b0nk\n|j|\u2606antinn\n|t:|1776419416\n|gametype|doubles\n|player|p1|the b0nk|266|1074\n|player|p2|antinn|shadowtriad|1081\n|gen|9\n|tier|[Gen 9 Champions] VGC 2026 Reg M-A\n|rated|\n|rule|Species Clause: Limit one of each Pok\u00e9mon\n|rule|Item Clause: Limit 1 of each item\n|clearpoke\n|poke|p1|Garchomp, L50, M|\n|poke|p1|Gengar, L50, F|\n|poke|p1|Orthworm, L50, F|\n|poke|p1|Sneasler, L50, F|\n|poke|p1|Incineroar, L50, F|\n|poke|p1|Rotom-Wash, L50|\n|poke|p2|Zoroark-Hisui, L50, M|\n|poke|p2|Sableye, L50, M|\n|poke|p2|Gourgeist-*, L50, F|\n|poke|p2|Ceruledge, L50, F|\n|poke|p2|Gengar, L50, F|\n|poke|p2|Froslass, L50, F|\n|teampreview|4\n|inactive|Battle timer is ON: inactive players will automatically lose when time's up. (requested by antinn)\nantinn rejected open team sheets.\n|\n|t:|1776419494\n|teamsize|p1|4\n|teamsize|p2|4\n|start\n|switch|p1a: Incineroar|Incineroar, L50, F|100/100\n|switch|p1b: Gengar|Gengar, L50, F|100/100\n|switch|p2a: Froslass|Froslass, L50, F|100/100\n|switch|p2b: Sableye|Sableye, L50, M|100/100\n|-ability|p1a: Incineroar|Intimidate|boost\n|-unboost|p2a: Froslass|atk|1\n|-unboost|p2b: Sableye|atk|1\n|turn|1\n|inactive|the b0nk has 30 seconds left.\n|\n|t:|1776419528\n|detailschange|p1b: Gengar|Gengar-Mega, L50, F\n|-mega|p1b: Gengar|Gengar|Gengarite\n|move|p2b: Sableye|Fake Out|p1a: Incineroar\n|-damage|p1a: Incineroar|96/100\n|move|p1b: Gengar|Shadow Ball|p2b: Sableye\n|-crit|p2b: Sableye\n|-damage|p2b: Sableye|6/100\n|-unboost|p2b: Sableye|spd|1\n|move|p2a: Froslass|Shadow Ball|p1b: Gengar\n|-supereffective|p1b: Gengar|1\n|-crit|p1b: Gengar\n|-damage|p1b: Gengar|0 fnt\n|faint|p1b: Gengar\n|cant|p1a: Incineroar|flinch\n|\n|upkeep\n|\n|t:|1776419543\n|switch|p1b: Orthworm|Orthworm, L50, F|100/100\n|turn|2\n|\n|t:|1776419561\n|move|p2b: Sableye|Gravity|p2b: Sableye\n|-fieldstart|move: Gravity\n|move|p2a: Froslass|Focus Blast|p1b: Orthworm\n|-supereffective|p1b: Orthworm|1\n|-damage|p1b: Orthworm|8/100\n|-enditem|p1b: Orthworm|Sitrus Berry|[eat]\n|-heal|p1b: Orthworm|33/100|[from] item: Sitrus Berry\n|move|p1a: Incineroar|Darkest Lariat|p2b: Sableye\n|-damage|p2b: Sableye|0 fnt\n|faint|p2b: Sableye\n|move|p1b: Orthworm|Heavy Slam|p2a: Froslass\n|-damage|p2a: Froslass|40/100\n|replace|p2a: Zoroark|Zoroark-Hisui, L50, M\n|-end|p2a: Zoroark|Illusion\n|\n|upkeep\n|\n|t:|1776419581\n|switch|p2b: Gourgeist|Gourgeist, L50, F|100/100\n|-item|p1a: Incineroar|Chople Berry|[from] ability: Frisk|[of] p2b: Gourgeist\n|turn|3\n|inactive|the b0nk has 30 seconds left.\n|inactive|the b0nk has 20 seconds left.\n|inactive|the b0nk has 15 seconds left.\n|inactive|the b0nk has 10 seconds left.\n|inactive|the b0nk has 5 seconds left.\n|\n|t:|1776419633\n|move|p2b: Gourgeist|Rock Slide|p1a: Incineroar|[spread] p1a,p1b\n|-supereffective|p1a: Incineroar|1\n|-resisted|p1b: Orthworm|1\n|-damage|p1a: Incineroar|70/100\n|-damage|p1b: Orthworm|27/100\n|move|p2a: Zoroark|Focus Blast|p1a: Incineroar\n|-supereffective|p1a: Incineroar|1\n|-enditem|p1a: Incineroar|Chople Berry|[eat]\n|-enditem|p1a: Incineroar|Chople Berry|[weaken]\n|-damage|p1a: Incineroar|32/100\n|move|p1a: Incineroar|Darkest Lariat|p2b: Gourgeist\n|-supereffective|p2b: Gourgeist|1\n|-damage|p2b: Gourgeist|22/100\n|move|p1b: Orthworm|Heavy Slam|p2a: Zoroark\n|-damage|p2a: Zoroark|0 fnt\n|faint|p2a: Zoroark\n|\n|upkeep\n|\n|t:|1776419650\n|switch|p2a: Froslass|Froslass, L50, F|100/100\n|turn|4\n|\n|t:|1776419671\n|move|p2b: Gourgeist|Rock Slide|p1a: Incineroar|[spread] p1a,p1b\n|-supereffective|p1a: Incineroar|1\n|-resisted|p1b: Orthworm|1\n|-damage|p1a: Incineroar|7/100\n|-damage|p1b: Orthworm|22/100\n|move|p2a: Froslass|Thunderbolt|p1b: Orthworm\n|-damage|p1b: Orthworm|0 fnt\n|faint|p1b: Orthworm\n|cant|p1a: Incineroar|flinch\n|\n|upkeep\n|\n|t:|1776419681\n|switch|p1b: Garchomp|Garchomp, L50, M|100/100\n|turn|5\n|\n|t:|1776419693\n|move|p2b: Gourgeist|Rock Slide|p1a: Incineroar|[spread] p1a,p1b\n|-supereffective|p1a: Incineroar|1\n|-resisted|p1b: Garchomp|1\n|-damage|p1a: Incineroar|0 fnt\n|-damage|p1b: Garchomp|93/100\n|faint|p1a: Incineroar\n|move|p2a: Froslass|Ice Beam|p1b: Garchomp\n|-supereffective|p1b: Garchomp|2\n|-damage|p1b: Garchomp|0 fnt\n|faint|p1b: Garchomp\n|\n|win|antinn\n|raw|the b0nk's rating: 1074 &rarr; <strong>1053</strong><br />(-21 for losing)\n|raw|antinn's rating: 1081 &rarr; <strong>1108</strong><br />(+27 for winning)\n|l|\u2606the b0nk\n|player|p1|\n",
  "uploadtime": 1776419704,
  "views": 24,
  "formatid": "gen9championsvgc2026regma",
  "rating": 1053,
  "private": 0,
  "password": null
}