{
  "id": "gen9championsvgc2026regma-2584045844",
  "format": "[Gen 9 Champions] VGC 2026 Reg M-A",
  "players": [
    "buildtheansia",
    "lilyflows"
  ],
  "log": "|j|\u2606buildtheansia\n|j|\u2606lilyflows\n|t:|1776219781\n|gametype|doubles\n|player|p1|buildtheansia|169|1227\n|player|p2|lilyflows|n|1176\n|gen|9\n|tier|[Gen 9 Champions] VGC 2026 Reg M-A\n|rated|\n|rule|Species Clause: Limit one of each Pok\u00e9mon\n|rule|Item Clause: Limit 1 of each item\n|clearpoke\n|poke|p1|Charizard, L50, M|\n|poke|p1|Venusaur, L50, F|\n|poke|p1|Whimsicott, L50, F|\n|poke|p1|Weavile, L50, F|\n|poke|p1|Garchomp, L50, F|\n|poke|p1|Milotic, L50, F|\n|poke|p2|Pelipper, L50, F|\n|poke|p2|Aerodactyl, L50, M|\n|poke|p2|Archaludon, L50, M|\n|poke|p2|Sneasler, L50, M|\n|poke|p2|Meganium, L50, M|\n|poke|p2|Basculegion, L50, M|\n|teampreview|4\n|inactive|Battle timer is ON: inactive players will automatically lose when time's up. (requested by lilyflows)\n|inactive|buildtheansia has 60 seconds left.\n|\n|t:|1776219814\n|teamsize|p1|4\n|teamsize|p2|4\n|start\n|switch|p1a: Charizard|Charizard, L50, M|100/100\n|switch|p1b: Venusaur|Venusaur, L50, F|100/100\n|switch|p2a: Aerodactyl|Aerodactyl, L50, M|100/100\n|switch|p2b: Sneasler|Sneasler, L50, M|100/100\n|turn|1\n|\n|t:|1776219835\n|detailschange|p1a: Charizard|Charizard-Mega-Y, L50, M\n|-mega|p1a: Charizard|Charizard|Charizardite Y\n|-weather|SunnyDay|[from] ability: Drought|[of] p1a: Charizard\n|move|p1a: Charizard|Protect|p1a: Charizard\n|-singleturn|p1a: Charizard|Protect\n|move|p2b: Sneasler|Fake Out|p1b: Venusaur\n|-damage|p1b: Venusaur|82/100\n|cant|p1b: Venusaur|flinch\n|move|p2a: Aerodactyl|Tailwind|p2a: Aerodactyl\n|-sidestart|p2: lilyflows|move: Tailwind\n|\n|-weather|SunnyDay|[upkeep]\n|-heal|p1b: Venusaur|88/100|[from] item: Leftovers\n|upkeep\n|turn|2\n|inactive|buildtheansia has 30 seconds left.\n|\n|t:|1776219865\n|move|p2a: Aerodactyl|Rock Slide|p1a: Charizard|[spread] p1a\n|-miss|p2a: Aerodactyl|p1b: Venusaur\n|-supereffective|p1a: Charizard|2\n|-damage|p1a: Charizard|0 fnt\n|faint|p1a: Charizard\n|move|p2b: Sneasler|Close Combat|p1b: Venusaur\n|-resisted|p1b: Venusaur|1\n|-damage|p1b: Venusaur|46/100\n|-unboost|p2b: Sneasler|def|1\n|-unboost|p2b: Sneasler|spd|1\n|-enditem|p2b: Sneasler|White Herb\n|-clearnegativeboost|p2b: Sneasler|[silent]\n|move|p1b: Venusaur|Sleep Powder|p2a: Aerodactyl|[miss]\n|-miss|p1b: Venusaur|p2a: Aerodactyl\n|\n|-weather|SunnyDay|[upkeep]\n|-heal|p1b: Venusaur|51/100|[from] item: Leftovers\n|upkeep\n|\n|t:|1776219874\n|switch|p1a: Whimsicott|Whimsicott, L50, F|100/100\n|turn|3\n|inactive|buildtheansia has 30 seconds left.\n|c|\u2606buildtheansia|impossible that in 4 games i've never hitted a sleep powder\n|inactive|buildtheansia has 20 seconds left.\n|\n|t:|1776219914\n|move|p1a: Whimsicott|Tailwind|p1a: Whimsicott\n|-sidestart|p1: buildtheansia|move: Tailwind\n|move|p2b: Sneasler|Dire Claw|p1a: Whimsicott\n|-supereffective|p1a: Whimsicott|2\n|-damage|p1a: Whimsicott|0 fnt\n|faint|p1a: Whimsicott\n|move|p1b: Venusaur|Sleep Powder|p2a: Aerodactyl\n|-status|p2a: Aerodactyl|slp|[from] move: Sleep Powder\n|cant|p2a: Aerodactyl|slp\n|\n|-weather|SunnyDay|[upkeep]\n|-heal|p1b: Venusaur|57/100|[from] item: Leftovers\n|upkeep\n|\n|t:|1776219922\n|switch|p1a: Weavile|Weavile, L50, F|100/100\n|turn|4\n|\n|t:|1776219934\n|move|p1a: Weavile|Fake Out|p2b: Sneasler\n|-crit|p2b: Sneasler\n|-damage|p2b: Sneasler|65/100\n|cant|p2b: Sneasler|flinch\n|move|p1b: Venusaur|Energy Ball|p2a: Aerodactyl\n|-damage|p2a: Aerodactyl|41/100 slp\n|-unboost|p2a: Aerodactyl|spd|1\n|cant|p2a: Aerodactyl|slp\n|\n|-weather|SunnyDay|[upkeep]\n|-heal|p1b: Venusaur|63/100|[from] item: Leftovers\n|-sideend|p2: lilyflows|move: Tailwind\n|upkeep\n|turn|5\n|\n|t:|1776219951\n|move|p1a: Weavile|Ice Shard|p2a: Aerodactyl\n|-supereffective|p2a: Aerodactyl|1\n|-damage|p2a: Aerodactyl|0 fnt\n|faint|p2a: Aerodactyl\n|move|p1b: Venusaur|Sleep Powder|p2b: Sneasler\n|-status|p2b: Sneasler|slp|[from] move: Sleep Powder\n|cant|p2b: Sneasler|slp\n|\n|-weather|none\n|-heal|p1b: Venusaur|69/100|[from] item: Leftovers\n|upkeep\n|\n|t:|1776219961\n|switch|p2a: Meganium|Meganium, L50, M|100/100\n|turn|6\n|\n|t:|1776219982\n|detailschange|p2a: Meganium|Meganium-Mega, L50, M\n|-mega|p2a: Meganium|Meganium|Meganiumite\n|move|p1b: Venusaur|Protect|p1b: Venusaur\n|-singleturn|p1b: Venusaur|Protect\n|move|p1a: Weavile|Triple Axel|p2a: Meganium\n|-supereffective|p2a: Meganium|1\n|-damage|p2a: Meganium|79/100\n|-supereffective|p2a: Meganium|1\n|-damage|p2a: Meganium|36/100\n|-supereffective|p2a: Meganium|1\n|-damage|p2a: Meganium|0 fnt\n|faint|p2a: Meganium\n|-hitcount|p2: Meganium|3\n|-curestatus|p2b: Sneasler|slp|[msg]\n|move|p2b: Sneasler|Dire Claw|p1b: Venusaur\n|-activate|p1b: Venusaur|move: Protect\n|\n|-heal|p1b: Venusaur|74/100|[from] item: Leftovers\n|-sideend|p1: buildtheansia|move: Tailwind\n|upkeep\n|\n|t:|1776219998\n|switch|p2a: Basculegion|Basculegion, L50, M|100/100\n|turn|7\n|\n|t:|1776220014\n|move|p2b: Sneasler|Close Combat|p1a: Weavile\n|-supereffective|p1a: Weavile|2\n|-enditem|p1a: Weavile|Focus Sash\n|-damage|p1a: Weavile|1/100\n|-unboost|p2b: Sneasler|def|1\n|-unboost|p2b: Sneasler|spd|1\n|move|p2a: Basculegion|Last Respects|p1b: Venusaur\n|-damage|p1b: Venusaur|0 fnt\n|faint|p1b: Venusaur\n|move|p1a: Weavile|Throat Chop|p2a: Basculegion\n|-supereffective|p2a: Basculegion|1\n|-damage|p2a: Basculegion|0 fnt\n|faint|p2a: Basculegion\n|\n|upkeep\n|turn|8\n|\n|t:|1776220033\n|move|p1a: Weavile|Ice Shard|p2b: Sneasler\n|-damage|p2b: Sneasler|12/100\n|move|p2b: Sneasler|Close Combat|p1a: Weavile\n|-supereffective|p1a: Weavile|2\n|-crit|p1a: Weavile\n|-damage|p1a: Weavile|0 fnt\n|-unboost|p2b: Sneasler|def|1\n|-unboost|p2b: Sneasler|spd|1\n|faint|p1a: Weavile\n|\n|win|lilyflows\n|raw|buildtheansia's rating: 1227 &rarr; <strong>1198</strong><br />(-29 for losing)\n|raw|lilyflows's rating: 1176 &rarr; <strong>1205</strong><br />(+29 for winning)\n|l|\u2606buildtheansia\n|player|p1|\n",
  "uploadtime": 1776220049,
  "views": 30,
  "formatid": "gen9championsvgc2026regma",
  "rating": 1198,
  "private": 0,
  "password": null
}