{
  "id": "gen9championsvgc2026regma-2587569359",
  "format": "[Gen 9 Champions] VGC 2026 Reg M-A",
  "players": [
    "AustinMcballs",
    "apswamp"
  ],
  "log": "|j|\u2606AustinMcballs\n|j|\u2606apswamp\n|t:|1776543100\n|gametype|doubles\n|player|p1|AustinMcballs|ortega|1105\n|player|p2|apswamp|266|1145\n|gen|9\n|tier|[Gen 9 Champions] VGC 2026 Reg M-A\n|rated|\n|rule|Species Clause: Limit one of each Pok\u00e9mon\n|rule|Item Clause: Limit 1 of each item\n|clearpoke\n|poke|p1|Incineroar, L50, M|\n|poke|p1|Basculegion, L50, M|\n|poke|p1|Froslass, L50, F|\n|poke|p1|Sneasler, L50, F|\n|poke|p1|Corviknight, L50, F|\n|poke|p1|Rotom-Wash, L50|\n|poke|p2|Golurk, L50|\n|poke|p2|Farigiraf, L50, M|\n|poke|p2|Incineroar, L50, F|\n|poke|p2|Torkoal, L50, F|\n|poke|p2|Sneasler, L50, F|\n|poke|p2|Aegislash, L50, F|\n|teampreview|4\n|inactive|Battle timer is ON: inactive players will automatically lose when time's up. (requested by AustinMcballs)\n|inactive|AustinMcballs has 60 seconds left.\n|inactive|apswamp has 60 seconds left.\n|\n|t:|1776543146\n|teamsize|p1|4\n|teamsize|p2|4\n|start\n|switch|p1a: Basculegion|Basculegion, L50, M|100/100\n|switch|p1b: Froslass|Froslass, L50, F|100/100\n|switch|p2a: Sneasler|Sneasler, L50, F|100/100\n|switch|p2b: Farigiraf|Farigiraf, L50, M|100/100\n|turn|1\n|inactive|apswamp has 30 seconds left.\n|inactive|apswamp has 20 seconds left.\n|inactive|apswamp has 15 seconds left.\n|\n|t:|1776543187\n|detailschange|p1b: Froslass|Froslass-Mega, L50, F\n|-mega|p1b: Froslass|Froslass|Froslassite\n|-weather|Snowscape|[from] ability: Snow Warning|[of] p1b: Froslass\n|move|p1a: Basculegion|Wave Crash|p2b: Farigiraf\n|-damage|p2b: Farigiraf|43/100\n|-enditem|p2b: Farigiraf|Sitrus Berry|[eat]\n|-heal|p2b: Farigiraf|68/100|[from] item: Sitrus Berry\n|-damage|p1a: Basculegion|78/100|[from] Recoil\n|move|p1b: Froslass|Blizzard|p2b: Farigiraf|[spread] p2a,p2b\n|-damage|p2a: Sneasler|43/100\n|-damage|p2b: Farigiraf|24/100\n|move|p2a: Sneasler|U-turn|p1a: Basculegion\n|-resisted|p1a: Basculegion|1\n|-damage|p1a: Basculegion|62/100\n|\n|t:|1776543204\n|switch|p2a: Golurk|Golurk, L50|100/100|[from] U-turn\n|move|p2b: Farigiraf|Trick Room|p2b: Farigiraf\n|-fieldstart|move: Trick Room|[of] p2b: Farigiraf\n|\n|-weather|Snowscape|[upkeep]\n|upkeep\n|turn|2\n|inactive|apswamp has 30 seconds left.\n|inactive|apswamp has 20 seconds left.\n|inactive|apswamp has 15 seconds left.\n|inactive|apswamp has 10 seconds left.\n|inactive|apswamp has 5 seconds left.\n|\n|t:|1776543257\n|detailschange|p2a: Golurk|Golurk-Mega, L50\n|-mega|p2a: Golurk|Golurk|Golurkite\n|move|p2b: Farigiraf|Psychic|p1a: Basculegion\n|-damage|p1a: Basculegion|17/100\n|move|p2a: Golurk|Headlong Rush|p1b: Froslass\n|-damage|p1b: Froslass|11/100\n|-unboost|p2a: Golurk|def|1\n|-unboost|p2a: Golurk|spd|1\n|move|p1b: Froslass|Blizzard|p2b: Farigiraf|[spread] p2a,p2b\n|-supereffective|p2a: Golurk|1\n|-damage|p2a: Golurk|0 fnt\n|-damage|p2b: Farigiraf|0 fnt\n|faint|p2a: Golurk\n|faint|p2b: Farigiraf\n|move|p1a: Basculegion|Wave Crash|p2: Golurk|[notarget]\n|-fail|p1a: Basculegion\n|\n|-weather|Snowscape|[upkeep]\n|upkeep\n|\n|t:|1776543272\n|switch|p2b: Sneasler|Sneasler, L50, F|43/100\n|switch|p2a: Aegislash|Aegislash, L50, F|100/100\n|turn|3\n|inactive|apswamp has 30 seconds left.\n|inactive|apswamp has 20 seconds left.\n|\n|t:|1776543309\n|-formechange|p2a: Aegislash|Aegislash-Blade|\n|move|p2a: Aegislash|Shadow Sneak|p1a: Basculegion\n|-supereffective|p1a: Basculegion|1\n|-damage|p1a: Basculegion|0 fnt\n|faint|p1a: Basculegion\n|move|p2b: Sneasler|U-turn|p1b: Froslass\n|-resisted|p1b: Froslass|1\n|-damage|p1b: Froslass|0 fnt\n|faint|p1b: Froslass\n|\n|-weather|Snowscape|[upkeep]\n|upkeep\n|\n|t:|1776543317\n|switch|p1a: Corviknight|Corviknight, L50, F|100/100\n|switch|p1b: Rotom|Rotom-Wash, L50|100/100\n|turn|4\n|inactive|apswamp has 30 seconds left.\n|inactive|apswamp has 20 seconds left.\n|inactive|apswamp has 15 seconds left.\n|inactive|apswamp has 10 seconds left.\n|\n|t:|1776543367\n|move|p2a: Aegislash|Shadow Sneak|p1b: Rotom\n|-damage|p1b: Rotom|83/100\n|move|p1a: Corviknight|Bulk Up|p1a: Corviknight\n|-boost|p1a: Corviknight|atk|1\n|-boost|p1a: Corviknight|def|1\n|move|p1b: Rotom|Will-O-Wisp|p2a: Aegislash\n|-status|p2a: Aegislash|brn\n|move|p2b: Sneasler|Close Combat|p1b: Rotom\n|-damage|p1b: Rotom|25/100\n|-unboost|p2b: Sneasler|def|1\n|-unboost|p2b: Sneasler|spd|1\n|\n|-weather|Snowscape|[upkeep]\n|-damage|p2a: Aegislash|95/100 brn|[from] brn\n|upkeep\n|turn|5\n|inactive|apswamp has 30 seconds left.\n|\n|t:|1776543395\n|move|p2a: Aegislash|Shadow Sneak|p1b: Rotom\n|-damage|p1b: Rotom|16/100\n|move|p1a: Corviknight|Brave Bird|p2b: Sneasler\n|-supereffective|p2b: Sneasler|1\n|-damage|p2b: Sneasler|0 fnt\n|faint|p2b: Sneasler\n|-damage|p1a: Corviknight|89/100|[from] Recoil\n|move|p1b: Rotom|Electroweb|p2a: Aegislash\n|-damage|p2a: Aegislash|57/100 brn\n|-unboost|p2a: Aegislash|spe|1\n|\n|-weather|none\n|-heal|p2a: Aegislash|63/100 brn|[from] item: Leftovers\n|-heal|p1a: Corviknight|95/100|[from] item: Leftovers\n|-damage|p2a: Aegislash|57/100 brn|[from] brn\n|-fieldend|move: Trick Room\n|upkeep\n|turn|6\n|-message|apswamp forfeited.\n|\n|win|AustinMcballs\n|raw|AustinMcballs's rating: 1105 &rarr; <strong>1133</strong><br />(+28 for winning)\n|raw|apswamp's rating: 1145 &rarr; <strong>1117</strong><br />(-28 for losing)\n|l|\u2606apswamp\n|player|p2|\n",
  "uploadtime": 1776543406,
  "views": 15,
  "formatid": "gen9championsvgc2026regma",
  "rating": 1117,
  "private": 0,
  "password": null
}