{
  "id": "gen9championsvgc2026regma-2588274422",
  "format": "[Gen 9 Champions] VGC 2026 Reg M-A",
  "players": [
    "Annie4U",
    "Blazeblast711"
  ],
  "log": "|j|\u2606Annie4U\n|j|\u2606Blazeblast711\n|t:|1776620084\n|gametype|doubles\n|player|p1|Annie4U|miku-water|1382\n|player|p2|Blazeblast711|1|1419\n|gen|9\n|tier|[Gen 9 Champions] VGC 2026 Reg M-A\n|rated|\n|rule|Species Clause: Limit one of each Pok\u00e9mon\n|rule|Item Clause: Limit 1 of each item\n|clearpoke\n|poke|p1|Kangaskhan, L50, F, shiny|\n|poke|p1|Torkoal, L50, F, shiny|\n|poke|p1|Araquanid, L50, F|\n|poke|p1|Farigiraf, L50, F, shiny|\n|poke|p1|Decidueye-Hisui, L50, F|\n|poke|p1|Kingambit, L50, F, shiny|\n|poke|p2|Floette-Eternal, L50, F|\n|poke|p2|Garchomp, L50, F|\n|poke|p2|Kingambit, L50, M|\n|poke|p2|Basculegion, L50, M|\n|poke|p2|Sneasler, L50, F|\n|poke|p2|Froslass, L50, F|\n|teampreview|4\n|inactive|Battle timer is ON: inactive players will automatically lose when time's up. (requested by Annie4U)\n|\n|t:|1776620109\n|teamsize|p1|4\n|teamsize|p2|4\n|start\n|switch|p1a: Kangaskhan|Kangaskhan, L50, F, shiny|100/100\n|switch|p1b: Farigiraf|Farigiraf, L50, F, shiny|100/100\n|switch|p2a: Basculegion|Basculegion, L50, M|100/100\n|switch|p2b: Sneasler|Sneasler, L50, F|100/100\n|turn|1\n|\n|t:|1776620119\n|detailschange|p1a: Kangaskhan|Kangaskhan-Mega, L50, F, shiny\n|-mega|p1a: Kangaskhan|Kangaskhan|Kangaskhanite\n|move|p2b: Sneasler|Fake Out||[still]\n|cant|p1b: Farigiraf|ability: Armor Tail|Fake Out|[of] p2b: Sneasler\n|move|p1a: Kangaskhan|Crunch|p2a: Basculegion\n|-supereffective|p2a: Basculegion|1\n|-damage|p2a: Basculegion|33/100\n|-enditem|p2a: Basculegion|Sitrus Berry|[eat]\n|-heal|p2a: Basculegion|57/100|[from] item: Sitrus Berry\n|-supereffective|p2a: Basculegion|1\n|-damage|p2a: Basculegion|40/100\n|-hitcount|p2a: Basculegion|2\n|move|p2a: Basculegion|Wave Crash|p1b: Farigiraf\n|-damage|p1b: Farigiraf|37/100\n|-damage|p2a: Basculegion|18/100|[from] Recoil\n|move|p1b: Farigiraf|Trick Room|p1b: Farigiraf\n|-fieldstart|move: Trick Room|[of] p1b: Farigiraf\n|\n|upkeep\n|turn|2\n|\n|t:|1776620143\n|move|p2a: Basculegion|Protect|p2a: Basculegion\n|-singleturn|p2a: Basculegion|Protect\n|move|p1b: Farigiraf|Psychic|p2a: Basculegion\n|-activate|p2a: Basculegion|move: Protect\n|move|p1a: Kangaskhan|Double-Edge|p2b: Sneasler\n|-enditem|p2b: Sneasler|Focus Sash\n|-damage|p2b: Sneasler|1/100\n|-damage|p2b: Sneasler|0 fnt\n|faint|p2b: Sneasler\n|-hitcount|p2: Sneasler|2\n|-damage|p1a: Kangaskhan|76/100|[from] Recoil\n|\n|upkeep\n|\n|t:|1776620163\n|switch|p2b: Garchomp|Garchomp, L50, F|100/100\n|turn|3\n|\n|t:|1776620178\n|move|p1b: Farigiraf|Psychic|p2a: Basculegion\n|-damage|p2a: Basculegion|0 fnt\n|faint|p2a: Basculegion\n|move|p1a: Kangaskhan|Double-Edge|p2b: Garchomp\n|-damage|p2b: Garchomp|46/100\n|-damage|p1a: Kangaskhan|64/100|[from] ability: Rough Skin|[of] p2b: Garchomp\n|-damage|p2b: Garchomp|33/100\n|-damage|p1a: Kangaskhan|52/100|[from] ability: Rough Skin|[of] p2b: Garchomp\n|-hitcount|p2b: Garchomp|2\n|-damage|p1a: Kangaskhan|29/100|[from] Recoil\n|move|p2b: Garchomp|Earthquake|p1a: Kangaskhan|[spread] p1a,p1b\n|-damage|p1a: Kangaskhan|0 fnt\n|-damage|p1b: Farigiraf|6/100\n|faint|p1a: Kangaskhan\n|\n|upkeep\n|\n|t:|1776620193\n|switch|p2a: Floette|Floette-Eternal, L50, F|100/100\n|switch|p1a: Torkoal|Torkoal, L50, F, shiny|100/100\n|-weather|SunnyDay|[from] ability: Drought|[of] p1a: Torkoal\n|turn|4\n|inactive|Blazeblast711 has 30 seconds left.\n|\n|t:|1776620223\n|detailschange|p2a: Floette|Floette-Mega, L50, F\n|-mega|p2a: Floette|Floette|Floettite\n|-ability|p2a: Floette|Fairy Aura\n|move|p1a: Torkoal|Eruption|p2b: Garchomp|[spread] p2a,p2b\n|-resisted|p2b: Garchomp|1\n|-crit|p2b: Garchomp\n|-damage|p2a: Floette|32/100\n|-damage|p2b: Garchomp|0 fnt\n|faint|p2b: Garchomp\n|move|p1b: Farigiraf|Hyper Voice|p2a: Floette\n|-damage|p2a: Floette|5/100\n|move|p2a: Floette|Dazzling Gleam|p1a: Torkoal|[spread] p1a,p1b\n|-resisted|p1a: Torkoal|1\n|-damage|p1a: Torkoal|68/100\n|-damage|p1b: Farigiraf|0 fnt\n|faint|p1b: Farigiraf\n|\n|-weather|SunnyDay|[upkeep]\n|upkeep\n|\n|t:|1776620230\n|switch|p1b: Araquanid|Araquanid, L50, F|100/100\n|turn|5\n|l|\u2606Blazeblast711\n|inactive|Blazeblast711 disconnected and has a minute to reconnect!\n|player|p2|\n|inactive|Blazeblast711 has 30 seconds left.\n|inactive|Blazeblast711 has 20 seconds left.\n|inactive|Blazeblast711 has 15 seconds left.\n|inactive|Blazeblast711 has 10 seconds left.\n|inactive|Blazeblast711 has 5 seconds left.\n|-message|Blazeblast711 lost due to inactivity.\n|\n|win|Annie4U\n|raw|Annie4U's rating: 1382 &rarr; <strong>1404</strong><br />(+22 for winning)\n|raw|Blazeblast711's rating: 1419 &rarr; <strong>1397</strong><br />(-22 for losing)\n",
  "uploadtime": 1776620289,
  "views": 12,
  "formatid": "gen9championsvgc2026regma",
  "rating": 1397,
  "private": 0,
  "password": null
}