{
  "id": "gen9championsvgc2026regma-2588222900",
  "format": "[Gen 9 Champions] VGC 2026 Reg M-A",
  "players": [
    "ballafjong",
    "MesjaszOlgierd"
  ],
  "log": "|j|\u2606ballafjong\n|j|\u2606MesjaszOlgierd\n|t:|1776615765\n|gametype|doubles\n|player|p1|ballafjong|169|1147\n|player|p2|MesjaszOlgierd|riley|1151\n|gen|9\n|tier|[Gen 9 Champions] VGC 2026 Reg M-A\n|rated|\n|rule|Species Clause: Limit one of each Pok\u00e9mon\n|rule|Item Clause: Limit 1 of each item\n|clearpoke\n|poke|p1|Torkoal, L50, M|\n|poke|p1|Sableye, L50, M|\n|poke|p1|Farigiraf, L50, M, shiny|\n|poke|p1|Charizard, L50, F|\n|poke|p1|Volcarona, L50, M|\n|poke|p1|Incineroar, L50, M|\n|poke|p2|Charizard, L50, F|\n|poke|p2|Farigiraf, L50, M|\n|poke|p2|Venusaur, L50, M|\n|poke|p2|Whimsicott, L50, M|\n|poke|p2|Garchomp, L50, M|\n|poke|p2|Tyranitar, L50, F|\n|teampreview|4\nMesjaszOlgierd has agreed to open team sheets.\n|inactive|Battle timer is ON: inactive players will automatically lose when time's up. (requested by MesjaszOlgierd)\n|\n|t:|1776615799\n|teamsize|p1|4\n|teamsize|p2|4\n|start\n|switch|p1a: Salusa|Incineroar, L50, M|100/100\n|switch|p1b: Kaitain|Farigiraf, L50, M, shiny|100/100\n|switch|p2a: Garchomp|Garchomp, L50, M|100/100\n|switch|p2b: Tyranitar|Tyranitar, L50, F|100/100\n|-ability|p1a: Salusa|Intimidate|boost\n|-unboost|p2a: Garchomp|atk|1\n|-unboost|p2b: Tyranitar|atk|1\n|-weather|Sandstorm|[from] ability: Sand Stream|[of] p2b: Tyranitar\n|turn|1\n|\n|t:|1776615819\n|switch|p2a: Farigiraf|Farigiraf, L50, M|100/100\n|move|p1a: Salusa|Low Kick|p2b: Tyranitar\n|-supereffective|p2b: Tyranitar|2\n|-damage|p2b: Tyranitar|0 fnt\n|faint|p2b: Tyranitar\n|move|p1b: Kaitain|Trick Room|p1b: Kaitain\n|-fieldstart|move: Trick Room|[of] p1b: Kaitain\n|\n|-weather|Sandstorm|[upkeep]\n|-damage|p1b: Kaitain|94/100|[from] Sandstorm\n|-damage|p2a: Farigiraf|95/100|[from] Sandstorm\n|-damage|p1a: Salusa|94/100|[from] Sandstorm\n|upkeep\n|\n|t:|1776615830\n|switch|p2b: Garchomp|Garchomp, L50, M|100/100\n|turn|2\n|\n|t:|1776615836\n|move|p2a: Farigiraf|Helping Hand|p2b: Garchomp\n|-singleturn|p2b: Garchomp|Helping Hand|[of] p2a: Farigiraf\n|move|p1b: Kaitain|Hyper Voice|p2b: Garchomp|[spread] p2a,p2b\n|-damage|p2a: Farigiraf|62/100\n|-damage|p2b: Garchomp|69/100\n|move|p1a: Salusa|Parting Shot|p2b: Garchomp\n|-unboost|p2b: Garchomp|atk|1\n|-unboost|p2b: Garchomp|spa|1\n|\n|t:|1776615845\n|switch|p1a: Arrakis|Torkoal, L50, M|100/100|[from] Parting Shot\n|-weather|SunnyDay|[from] ability: Drought|[of] p1a: Arrakis\n|move|p2b: Garchomp|Earthquake|p1a: Arrakis|[spread] p2a,p1a,p1b\n|-supereffective|p1a: Arrakis|1\n|-damage|p2a: Farigiraf|22/100\n|-damage|p1a: Arrakis|40/100\n|-damage|p1b: Kaitain|59/100\n|\n|-weather|SunnyDay|[upkeep]\n|upkeep\n|turn|3\n|\n|t:|1776615857\n|move|p2b: Garchomp|Protect|p2b: Garchomp\n|-singleturn|p2b: Garchomp|Protect\n|move|p1a: Arrakis|Body Press|p2b: Garchomp\n|-activate|p2b: Garchomp|move: Protect\n|move|p1b: Kaitain|Hyper Voice|p2b: Garchomp|[spread] p2a\n|-activate|p2b: Garchomp|move: Protect\n|-damage|p2a: Farigiraf|0 fnt\n|faint|p2a: Farigiraf\n|\n|-weather|SunnyDay|[upkeep]\n|upkeep\n|\n|t:|1776615866\n|switch|p2a: Charizard|Charizard, L50, F|100/100\n|turn|4\n|\n|t:|1776615879\n|detailschange|p2a: Charizard|Charizard-Mega-Y, L50, F\n|-mega|p2a: Charizard|Charizard|Charizardite Y\n|move|p1a: Arrakis|Body Press|p2b: Garchomp\n|-damage|p2b: Garchomp|41/100\n|move|p1b: Kaitain|Hyper Voice|p2b: Garchomp|[spread] p2a,p2b\n|-damage|p2a: Charizard|69/100\n|-damage|p2b: Garchomp|10/100\n|move|p2a: Charizard|Solar Beam||[still]\n|-prepare|p2a: Charizard|Solar Beam\n|-anim|p2a: Charizard|Solar Beam|p1b: Kaitain\n|-damage|p1b: Kaitain|10/100\n|move|p2b: Garchomp|Stomping Tantrum|p1a: Arrakis\n|-supereffective|p1a: Arrakis|1\n|-damage|p1a: Arrakis|1/100\n|\n|-weather|SunnyDay|[upkeep]\n|upkeep\n|turn|5\n|c|\u2606MesjaszOlgierd|what kind of luck is this\n|inactive|MesjaszOlgierd has 30 seconds left.\n|\n|t:|1776615905\n|switch|p1b: Salusa|Incineroar, L50, M|94/100\n|-ability|p1b: Salusa|Intimidate|boost\n|-unboost|p2a: Charizard|atk|1\n|-unboost|p2b: Garchomp|atk|1\n|move|p2a: Charizard|Protect|p2a: Charizard\n|-singleturn|p2a: Charizard|Protect\n|move|p2b: Garchomp|Protect|p2b: Garchomp\n|-singleturn|p2b: Garchomp|Protect\n|move|p1a: Arrakis|Weather Ball|p2b: Garchomp\n|-activate|p2b: Garchomp|move: Protect\n|\n|-weather|SunnyDay|[upkeep]\n|-fieldend|move: Trick Room\n|upkeep\n|turn|6\n|c|\u2606ballafjong|what do you mean\n|c|\u2606ballafjong|was that a roll?\n|c|\u2606MesjaszOlgierd|two really low rolls\n|c|\u2606ballafjong|unlucky\n|inactive|MesjaszOlgierd has 30 seconds left.\n|c|\u2606MesjaszOlgierd|ig\n|inactive|MesjaszOlgierd has 20 seconds left.\n|\n|t:|1776615942\n|move|p1b: Salusa|Fake Out|p2b: Garchomp\n|-damage|p2b: Garchomp|0 fnt\n|faint|p2b: Garchomp\n|move|p2a: Charizard|Air Slash|p1b: Salusa\n|-damage|p1b: Salusa|54/100\n|move|p1a: Arrakis|Weather Ball|p2a: Charizard\n|-resisted|p2a: Charizard|1\n|-damage|p2a: Charizard|30/100\n|\n|-weather|none\n|upkeep\n|turn|7\n|c|\u2606ballafjong|but why solar beam on farig instead of fire move?\n|inactive|MesjaszOlgierd has 30 seconds left.\n|c|\u2606MesjaszOlgierd|wouldve done less or bout the same + couldve been a switch\n|-message|MesjaszOlgierd forfeited.\n|\n|win|ballafjong\n|raw|ballafjong's rating: 1147 &rarr; <strong>1172</strong><br />(+25 for winning)\n|raw|MesjaszOlgierd's rating: 1151 &rarr; <strong>1126</strong><br />(-25 for losing)\n|l|\u2606MesjaszOlgierd\n|player|p2|\n|c|\u2606ballafjong|but nothing on my team is weak to grass\n",
  "uploadtime": 1776615989,
  "views": 8,
  "formatid": "gen9championsvgc2026regma",
  "rating": 1126,
  "private": 0,
  "password": null
}