{
  "id": "gen9championsvgc2026regma-2581024624",
  "format": "[Gen 9 Champions] VGC 2026 Reg M-A",
  "players": [
    "1vwl",
    "airi love"
  ],
  "log": "|j|\u26061vwl\n|j|\u2606airi love\n|t:|1775952787\n|gametype|doubles\n|player|p1|1vwl|crasherwake|1000\n|player|p2|airi love|lyra|1041\n|gen|9\n|tier|[Gen 9 Champions] VGC 2026 Reg M-A\n|rated|\n|rule|Species Clause: Limit one of each Pok\u00e9mon\n|rule|Item Clause: Limit 1 of each item\n|clearpoke\n|poke|p1|Hydreigon, L50, M|\n|poke|p1|Aegislash, L50, F|\n|poke|p1|Floette-Eternal, L50, F|\n|poke|p1|Tsareena, L50, F|\n|poke|p1|Primarina, L50, F|\n|poke|p1|Arcanine-Hisui, L50, M|\n|poke|p2|Reuniclus, L50, M|\n|poke|p2|Kangaskhan, L50, F|\n|poke|p2|Incineroar, L50, F|\n|poke|p2|Chandelure, L50, F|\n|poke|p2|Sylveon, L50, M|\n|poke|p2|Pelipper, L50, F|\n|teampreview|4\n|\n|t:|1775952813\n|teamsize|p1|4\n|teamsize|p2|4\n|start\n|switch|p1a: Hydreigon|Hydreigon, L50, M|100/100\n|switch|p1b: Arcanine|Arcanine-Hisui, L50, M|100/100\n|switch|p2a: Reuniclus|Reuniclus, L50, M|100/100\n|switch|p2b: Kangaskhan|Kangaskhan, L50, F|100/100\n|-ability|p1b: Arcanine|Intimidate|boost\n|-unboost|p2a: Reuniclus|atk|1\n|-fail|p2b: Kangaskhan|unboost|Attack|[from] ability: Scrappy|[of] p2b: Kangaskhan\n|turn|1\n|\n|t:|1775952833\n|detailschange|p2b: Kangaskhan|Kangaskhan-Mega, L50, F\n|-mega|p2b: Kangaskhan|Kangaskhan|Kangaskhanite\n|move|p2b: Kangaskhan|Fake Out|p1a: Hydreigon\n|-damage|p1a: Hydreigon|74/100\n|-crit|p1a: Hydreigon\n|-damage|p1a: Hydreigon|64/100\n|-hitcount|p1a: Hydreigon|2\n|move|p1b: Arcanine|Close Combat|p2b: Kangaskhan\n|-supereffective|p2b: Kangaskhan|1\n|-damage|p2b: Kangaskhan|32/100\n|-unboost|p1b: Arcanine|def|1\n|-unboost|p1b: Arcanine|spd|1\n|cant|p1a: Hydreigon|flinch\n|move|p2a: Reuniclus|Trick Room|p2a: Reuniclus\n|-fieldstart|move: Trick Room|[of] p2a: Reuniclus\n|\n|upkeep\n|turn|2\n|\n|t:|1775952855\n|move|p2a: Reuniclus|Focus Blast|p1a: Hydreigon\n|-supereffective|p1a: Hydreigon|1\n|-damage|p1a: Hydreigon|0 fnt\n|faint|p1a: Hydreigon\n|move|p2b: Kangaskhan|Hammer Arm|p1b: Arcanine\n|-supereffective|p1b: Arcanine|1\n|-damage|p1b: Arcanine|0 fnt\n|-unboost|p2b: Kangaskhan|spe|1\n|faint|p1b: Arcanine\n|-hitcount|p1: Arcanine|1\n|\n|upkeep\n|\n|t:|1775952863\n|switch|p1b: Aegislash|Aegislash, L50, F|100/100\n|switch|p1a: Floette|Floette-Eternal, L50, F|100/100\n|turn|3\n|\n|t:|1775952896\n|detailschange|p1a: Floette|Floette-Mega, L50, F\n|-mega|p1a: Floette|Floette|Floettite\n|-ability|p1a: Floette|Fairy Aura\n|move|p2a: Reuniclus|Psychic|p1a: Floette\n|-damage|p1a: Floette|59/100\n|move|p2b: Kangaskhan|Double-Edge|p1a: Floette\n|-damage|p1a: Floette|0 fnt\n|faint|p1a: Floette\n|-hitcount|p1: Floette|1\n|-damage|p2b: Kangaskhan|18/100|[from] Recoil\n|-formechange|p1b: Aegislash|Aegislash-Blade|\n|move|p1b: Aegislash|Shadow Ball|p2a: Reuniclus\n|-supereffective|p2a: Reuniclus|1\n|-crit|p2a: Reuniclus\n|-damage|p2a: Reuniclus|0 fnt\n|faint|p2a: Reuniclus\n|\n|upkeep\n|\n|t:|1775952906\n|switch|p2a: Sylveon|Sylveon, L50, M|100/100\n|turn|4\n|\n|t:|1775952912\n|-formechange|p1b: Aegislash|Aegislash|\n|move|p1b: Aegislash|King's Shield|p1b: Aegislash\n|-singleturn|p1b: Aegislash|Protect\n|move|p2b: Kangaskhan|Rock Slide|p1b: Aegislash\n|-activate|p1b: Aegislash|move: Protect\n|move|p2a: Sylveon|Mystical Fire|p1b: Aegislash\n|-activate|p1b: Aegislash|move: Protect\n|\n|upkeep\n|turn|5\n|\n|t:|1775952932\n|-formechange|p1b: Aegislash|Aegislash-Blade|\n|move|p1b: Aegislash|Flash Cannon|p2a: Sylveon\n|-supereffective|p2a: Sylveon|1\n|-damage|p2a: Sylveon|31/100\n|-unboost|p2a: Sylveon|spd|1\n|move|p2a: Sylveon|Mystical Fire|p1b: Aegislash\n|-supereffective|p1b: Aegislash|1\n|-damage|p1b: Aegislash|3/100\n|-unboost|p1b: Aegislash|spa|1\n|move|p2b: Kangaskhan|Rock Slide|p1b: Aegislash\n|-resisted|p1b: Aegislash|1\n|-damage|p1b: Aegislash|0 fnt\n|faint|p1b: Aegislash\n|-hitcount|p1: Aegislash|1\n|\n|win|airi love\n|raw|1vwl's rating: 1000 &rarr; <strong>1000</strong><br />(+0 for losing)\n|raw|airi love's rating: 1041 &rarr; <strong>1071</strong><br />(+30 for winning)\n|l|\u26061vwl\n|player|p1|\n",
  "uploadtime": 1775952944,
  "views": 12,
  "formatid": "gen9championsvgc2026regma",
  "rating": 1000,
  "private": 0,
  "password": null
}