{
  "id": "gen9championsvgc2026regma-2583918342",
  "format": "[Gen 9 Champions] VGC 2026 Reg M-A",
  "players": [
    "rfrfrfrff",
    "Paviskii"
  ],
  "log": "|j|\u2606rfrfrfrff\n|j|\u203dPaviskii\n|t:|1776208220\n|gametype|doubles\n|player|p1|rfrfrfrff|burglar|1284\n|player|p2|Paviskii|medium|1357\n|gen|9\n|tier|[Gen 9 Champions] VGC 2026 Reg M-A\n|rated|\n|rule|Species Clause: Limit one of each Pok\u00e9mon\n|rule|Item Clause: Limit 1 of each item\n|clearpoke\n|poke|p1|Blastoise, L50, F|\n|poke|p1|Talonflame, L50, F|\n|poke|p1|Excadrill, L50, F|\n|poke|p1|Chandelure, L50, F|\n|poke|p1|Sneasler, L50, M|\n|poke|p1|Gardevoir, L50, M|\n|poke|p2|Gengar, L50, F|\n|poke|p2|Kommo-o, L50, F|\n|poke|p2|Incineroar, L50, M|\n|poke|p2|Kingambit, L50, M|\n|poke|p2|Volcarona, L50, M|\n|poke|p2|Archaludon, L50, M|\n|teampreview|4\n|inactive|Battle timer is ON: inactive players will automatically lose when time's up. (requested by Paviskii)\n|inactive|Paviskii has 60 seconds left.\n|\n|t:|1776208255\n|teamsize|p1|4\n|teamsize|p2|4\n|start\n|switch|p1a: Talonflame|Talonflame, L50, F, shiny|100/100\n|switch|p1b: Chandelure|Chandelure, L50, F, shiny|100/100\n|switch|p2a: Kommo-o|Kommo-o, L50, F|100/100\n|switch|p2b: Incineroar|Incineroar, L50, M|100/100\n|-ability|p2b: Incineroar|Intimidate|boost\n|-unboost|p1a: Talonflame|atk|1\n|-unboost|p1b: Chandelure|atk|1\n|turn|1\n|\n|t:|1776208276\n|move|p1a: Talonflame|Protect|p1a: Talonflame\n|-singleturn|p1a: Talonflame|Protect\n|move|p1b: Chandelure|Protect|p1b: Chandelure\n|-singleturn|p1b: Chandelure|Protect\n|move|p2b: Incineroar|Fake Out|p1a: Talonflame\n|-activate|p1a: Talonflame|move: Protect\n|move|p2a: Kommo-o|Clangorous Soul|p2a: Kommo-o\n|-boost|p2a: Kommo-o|atk|1\n|-boost|p2a: Kommo-o|def|1\n|-boost|p2a: Kommo-o|spa|1\n|-boost|p2a: Kommo-o|spd|1\n|-boost|p2a: Kommo-o|spe|1\n|-damage|p2a: Kommo-o|68/100\n|\n|upkeep\n|turn|2\n|\n|t:|1776208300\n|detailschange|p1b: Chandelure|Chandelure-Mega, L50, F, shiny\n|-mega|p1b: Chandelure|Chandelure|Chandelurite\n|move|p1a: Talonflame|Brave Bird|p2a: Kommo-o\n|-supereffective|p2a: Kommo-o|1\n|-damage|p2a: Kommo-o|22/100\n|-enditem|p2a: Kommo-o|Sitrus Berry|[eat]\n|-heal|p2a: Kommo-o|47/100|[from] item: Sitrus Berry\n|-damage|p1a: Talonflame|85/100|[from] Recoil\n|move|p2a: Kommo-o|Clanging Scales|p1b: Chandelure|[spread] p1a,p1b\n|-damage|p1a: Talonflame|2/100\n|-damage|p1b: Chandelure|42/100\n|-unboost|p2a: Kommo-o|def|1\n|move|p1b: Chandelure|Shadow Ball|p2a: Kommo-o\n|-damage|p2a: Kommo-o|8/100\n|move|p2b: Incineroar|Parting Shot|p1b: Chandelure\n|-unboost|p1b: Chandelure|atk|1\n|-unboost|p1b: Chandelure|spa|1\n|\n|t:|1776208312\n|switch|p2b: Gengar|Gengar, L50, F|100/100|[from] Parting Shot\n|\n|upkeep\n|turn|3\n|\n|t:|1776208328\n|detailschange|p2b: Gengar|Gengar-Mega, L50, F\n|-mega|p2b: Gengar|Gengar|Gengarite\n|move|p2b: Gengar|Psych Up|p2a: Kommo-o\n|-copyboost|p2b: Gengar|p2a: Kommo-o|[from] move: Psych Up\n|move|p2a: Kommo-o|Clanging Scales|p1a: Talonflame|[spread] p1a,p1b\n|-damage|p1a: Talonflame|0 fnt\n|-damage|p1b: Chandelure|0 fnt\n|faint|p1a: Talonflame\n|faint|p1b: Chandelure\n|-unboost|p2a: Kommo-o|def|1\n|\n|upkeep\n|\n|t:|1776208334\n|switch|p1a: Gardevoir|Gardevoir, L50, M, shiny|100/100\n|switch|p1b: Sneasler|Sneasler, L50, M, shiny|100/100\n|-ability|p1a: Gardevoir|Soundproof|Trace|[from] ability: Trace|[of] p2a: Kommo-o\n|turn|4\n|\n|t:|1776208341\n|move|p2b: Gengar|Protect|p2b: Gengar\n|-singleturn|p2b: Gengar|Protect\n|move|p2a: Kommo-o|Protect|p2a: Kommo-o\n|-singleturn|p2a: Kommo-o|Protect\n|move|p1b: Sneasler|Fake Out|p2a: Kommo-o\n|-activate|p2a: Kommo-o|move: Protect\n|move|p1a: Gardevoir|Psyshock|p2b: Gengar\n|-activate|p2b: Gengar|move: Protect\n|\n|upkeep\n|turn|5\n|\n|t:|1776208356\n|move|p2b: Gengar|Sludge Bomb|p1a: Gardevoir\n|-supereffective|p1a: Gardevoir|1\n|-damage|p1a: Gardevoir|0 fnt\n|faint|p1a: Gardevoir\n|move|p2a: Kommo-o|Clanging Scales|p1b: Sneasler\n|-damage|p1b: Sneasler|0 fnt\n|faint|p1b: Sneasler\n|\n|win|Paviskii\n|raw|rfrfrfrff's rating: 1284 &rarr; <strong>1264</strong><br />(-20 for losing)\n|raw|Paviskii's rating: 1357 &rarr; <strong>1373</strong><br />(+16 for winning)\n|l|\u2606rfrfrfrff\n|player|p1|\n",
  "uploadtime": 1776208367,
  "views": 34,
  "formatid": "gen9championsvgc2026regma",
  "rating": 1264,
  "private": 0,
  "password": null
}