{
  "id": "gen9championsvgc2026regma-2583887479",
  "format": "[Gen 9 Champions] VGC 2026 Reg M-A",
  "players": [
    "AidzPlayz",
    "lgarc260"
  ],
  "log": "|j|\u2606AidzPlayz\n|j|\u2606lgarc260\n|t:|1776205596\n|gametype|doubles\n|player|p1|AidzPlayz|ghetsis-gen5bw|1177\n|player|p2|lgarc260|266|1099\n|gen|9\n|tier|[Gen 9 Champions] VGC 2026 Reg M-A\n|rated|\n|rule|Species Clause: Limit one of each Pok\u00e9mon\n|rule|Item Clause: Limit 1 of each item\n|clearpoke\n|poke|p1|Aerodactyl, L50, M|\n|poke|p1|Incineroar, L50, F|\n|poke|p1|Floette-Eternal, L50, F|\n|poke|p1|Basculegion, L50, M|\n|poke|p1|Garchomp, L50, F|\n|poke|p1|Sneasler, L50, F|\n|poke|p2|Sneasler, L50, M|\n|poke|p2|Tyranitar, L50, M|\n|poke|p2|Corviknight, L50, F|\n|poke|p2|Rotom-Wash, L50|\n|poke|p2|Garchomp, L50, M|\n|poke|p2|Basculegion, L50, M|\n|teampreview|4\n|\n|t:|1776205649\n|teamsize|p1|4\n|teamsize|p2|4\n|start\n|switch|p1a: Incineroar|Incineroar, L50, F|100/100\n|switch|p1b: Aerodactyl|Aerodactyl, L50, M|100/100\n|switch|p2a: Garchomp|Garchomp, L50, M|100/100\n|switch|p2b: Rotom|Rotom-Wash, L50|100/100\n|-ability|p1b: Aerodactyl|Unnerve\n|-ability|p1a: Incineroar|Intimidate|boost\n|-unboost|p2a: Garchomp|atk|1\n|-unboost|p2b: Rotom|atk|1\n|turn|1\n|\n|t:|1776205671\n|move|p2a: Garchomp|Protect|p2a: Garchomp\n|-singleturn|p2a: Garchomp|Protect\n|move|p1a: Incineroar|Fake Out|p2a: Garchomp\n|-activate|p2a: Garchomp|move: Protect\n|move|p1b: Aerodactyl|Tailwind|p1b: Aerodactyl\n|-sidestart|p1: AidzPlayz|move: Tailwind\n|move|p2b: Rotom|Will-O-Wisp|p1b: Aerodactyl\n|-status|p1b: Aerodactyl|brn\n|\n|-damage|p1b: Aerodactyl|95/100 brn|[from] brn\n|upkeep\n|turn|2\n|\n|t:|1776205700\n|switch|p1b: Floette|Floette-Eternal, L50, F|100/100\n|move|p2a: Garchomp|Rock Slide|p1a: Incineroar|[spread] p1a,p1b\n|-supereffective|p1a: Incineroar|1\n|-damage|p1a: Incineroar|76/100\n|-damage|p1b: Floette|79/100\n|move|p1a: Incineroar|Parting Shot|p2a: Garchomp\n|-unboost|p2a: Garchomp|atk|1\n|-unboost|p2a: Garchomp|spa|1\n|\n|t:|1776205713\n|switch|p1a: Sneasler|Sneasler, L50, F|100/100|[from] Parting Shot\n|move|p2b: Rotom|Hydro Pump|p1a: Sneasler\n|-damage|p1a: Sneasler|44/100\n|\n|upkeep\n|turn|3\n|\n|t:|1776205731\n|switch|p2a: Corviknight|Corviknight, L50, F|100/100\n|detailschange|p1b: Floette|Floette-Mega, L50, F\n|-mega|p1b: Floette|Floette|Floettite\n|-ability|p1b: Floette|Fairy Aura\n|move|p1a: Sneasler|Close Combat|p2b: Rotom\n|-damage|p2b: Rotom|37/100\n|-unboost|p1a: Sneasler|def|1\n|-unboost|p1a: Sneasler|spd|1\n|-enditem|p2b: Rotom|Sitrus Berry|[eat]\n|-heal|p2b: Rotom|62/100|[from] item: Sitrus Berry\n|-enditem|p1a: Sneasler|White Herb\n|-clearnegativeboost|p1a: Sneasler|[silent]\n|move|p1b: Floette|Dazzling Gleam|p2b: Rotom|[spread] p2a,p2b\n|-resisted|p2a: Corviknight|1\n|-damage|p2a: Corviknight|73/100\n|-damage|p2b: Rotom|18/100\n|move|p2b: Rotom|Will-O-Wisp|p1a: Sneasler\n|-status|p1a: Sneasler|brn\n|\n|-heal|p2a: Corviknight|79/100|[from] item: Leftovers\n|-damage|p1a: Sneasler|39/100 brn|[from] brn\n|upkeep\n|turn|4\n|\n|t:|1776205772\n|move|p2b: Rotom|Protect|p2b: Rotom\n|-singleturn|p2b: Rotom|Protect\n|move|p1a: Sneasler|Close Combat|p2b: Rotom\n|-activate|p2b: Rotom|move: Protect\n|move|p1b: Floette|Light of Ruin|p2a: Corviknight\n|-resisted|p2a: Corviknight|1\n|-damage|p2a: Corviknight|21/100\n|-damage|p1b: Floette|40/100|[from] Recoil\n|move|p2a: Corviknight|Iron Head|p1b: Floette\n|-supereffective|p1b: Floette|1\n|-damage|p1b: Floette|0 fnt\n|faint|p1b: Floette\n|\n|-heal|p2a: Corviknight|27/100|[from] item: Leftovers\n|-damage|p1a: Sneasler|33/100 brn|[from] brn\n|-sideend|p1: AidzPlayz|move: Tailwind\n|upkeep\n|\n|t:|1776205788\n|switch|p1b: Aerodactyl|Aerodactyl, L50, M|95/100 brn\n|-ability|p1b: Aerodactyl|Unnerve\n|turn|5\n|\n|t:|1776205801\n|move|p1a: Sneasler|Close Combat|p2b: Rotom\n|-damage|p2b: Rotom|0 fnt\n|-unboost|p1a: Sneasler|def|1\n|-unboost|p1a: Sneasler|spd|1\n|faint|p2b: Rotom\n|move|p1b: Aerodactyl|Tailwind|p1b: Aerodactyl\n|-sidestart|p1: AidzPlayz|move: Tailwind\n|move|p2a: Corviknight|Tailwind|p2a: Corviknight\n|-sidestart|p2: lgarc260|move: Tailwind\n|\n|-heal|p2a: Corviknight|33/100|[from] item: Leftovers\n|-damage|p1a: Sneasler|27/100 brn|[from] brn\n|-damage|p1b: Aerodactyl|89/100 brn|[from] brn\n|upkeep\n|\n|t:|1776205818\n|switch|p2b: Tyranitar|Tyranitar, L50, M|100/100\n|-weather|Sandstorm|[from] ability: Sand Stream|[of] p2b: Tyranitar\n|turn|6\n|\n|t:|1776205830\n|detailschange|p2b: Tyranitar|Tyranitar-Mega, L50, M\n|-mega|p2b: Tyranitar|Tyranitar|Tyranitarite\n|move|p1a: Sneasler|Close Combat|p2b: Tyranitar\n|-supereffective|p2b: Tyranitar|2\n|-damage|p2b: Tyranitar|30/100\n|-unboost|p1a: Sneasler|def|1\n|-unboost|p1a: Sneasler|spd|1\n|move|p1b: Aerodactyl|Rock Slide|p2b: Tyranitar|[spread] p2a,p2b\n|-damage|p2a: Corviknight|25/100\n|-damage|p2b: Tyranitar|22/100\n|cant|p2b: Tyranitar|flinch\n|move|p2a: Corviknight|Roost|p2a: Corviknight\n|-heal|p2a: Corviknight|75/100\n|-singleturn|p2a: Corviknight|move: Roost\n|\n|-weather|Sandstorm|[upkeep]\n|-damage|p1a: Sneasler|21/100 brn|[from] Sandstorm\n|-heal|p2a: Corviknight|81/100|[from] item: Leftovers\n|-damage|p1a: Sneasler|15/100 brn|[from] brn\n|-damage|p1b: Aerodactyl|83/100 brn|[from] brn\n|upkeep\n|turn|7\n|\n|t:|1776205865\n|move|p2b: Tyranitar|Protect|p2b: Tyranitar\n|-singleturn|p2b: Tyranitar|Protect\n|move|p1a: Sneasler|Close Combat|p2a: Corviknight\n|-damage|p2a: Corviknight|64/100\n|-unboost|p1a: Sneasler|def|1\n|-unboost|p1a: Sneasler|spd|1\n|move|p1b: Aerodactyl|Rock Slide|p2a: Corviknight|[spread] p2a\n|-activate|p2b: Tyranitar|move: Protect\n|-damage|p2a: Corviknight|56/100\n|move|p2a: Corviknight|Brave Bird|p1a: Sneasler\n|-supereffective|p1a: Sneasler|1\n|-damage|p1a: Sneasler|0 fnt\n|faint|p1a: Sneasler\n|-damage|p2a: Corviknight|52/100|[from] Recoil\n|\n|-weather|Sandstorm|[upkeep]\n|-heal|p2a: Corviknight|58/100|[from] item: Leftovers\n|-damage|p1b: Aerodactyl|77/100 brn|[from] brn\n|upkeep\n|\n|t:|1776205877\n|switch|p1a: Incineroar|Incineroar, L50, F|76/100\n|-ability|p1a: Incineroar|Intimidate|boost\n|-ability|p2a: Corviknight|Mirror Armor\n|-unboost|p1a: Incineroar|atk|1\n|-unboost|p2b: Tyranitar|atk|1\n|turn|8\n|\n|t:|1776205913\n|switch|p2b: Garchomp|Garchomp, L50, M|100/100\n|move|p1b: Aerodactyl|Rock Slide|p2a: Corviknight|[spread] p2a,p2b\n|-resisted|p2b: Garchomp|1\n|-crit|p2b: Garchomp\n|-damage|p2a: Corviknight|50/100\n|-damage|p2b: Garchomp|91/100\n|cant|p2a: Corviknight|flinch\n|move|p1a: Incineroar|Flare Blitz|p2a: Corviknight\n|-supereffective|p2a: Corviknight|1\n|-damage|p2a: Corviknight|12/100\n|-damage|p1a: Incineroar|63/100|[from] Recoil\n|\n|-weather|Sandstorm|[upkeep]\n|-damage|p1a: Incineroar|57/100|[from] Sandstorm\n|-heal|p2a: Corviknight|18/100|[from] item: Leftovers\n|-damage|p1b: Aerodactyl|71/100 brn|[from] brn\n|-sideend|p1: AidzPlayz|move: Tailwind\n|-sideend|p2: lgarc260|move: Tailwind\n|upkeep\n|turn|9\n|\n|t:|1776205937\n|move|p1b: Aerodactyl|Tailwind|p1b: Aerodactyl\n|-sidestart|p1: AidzPlayz|move: Tailwind\n|move|p2b: Garchomp|Rock Slide|p1a: Incineroar|[spread] p1a,p1b\n|-supereffective|p1a: Incineroar|1\n|-supereffective|p1b: Aerodactyl|1\n|-damage|p1a: Incineroar|21/100\n|-damage|p1b: Aerodactyl|10/100 brn\n|-enditem|p1a: Incineroar|Sitrus Berry|[eat]\n|-heal|p1a: Incineroar|46/100|[from] item: Sitrus Berry\n|move|p1a: Incineroar|Flare Blitz|p2a: Corviknight\n|-supereffective|p2a: Corviknight|1\n|-damage|p2a: Corviknight|0 fnt\n|faint|p2a: Corviknight\n|-damage|p1a: Incineroar|40/100|[from] Recoil\n|\n|-weather|Sandstorm|[upkeep]\n|-damage|p1a: Incineroar|34/100|[from] Sandstorm\n|-damage|p1b: Aerodactyl|4/100 brn|[from] brn\n|upkeep\n|c|\u2606AidzPlayz|gg\n|\n|t:|1776205949\n|switch|p2a: Tyranitar|Tyranitar-Mega, L50, M|22/100\n|turn|10\n|\n|t:|1776205960\n|move|p2a: Tyranitar|Protect|p2a: Tyranitar\n|-singleturn|p2a: Tyranitar|Protect\n|move|p1b: Aerodactyl|Rock Slide|p2b: Garchomp|[spread] p2b\n|-activate|p2a: Tyranitar|move: Protect\n|-resisted|p2b: Garchomp|1\n|-damage|p2b: Garchomp|85/100\n|cant|p2b: Garchomp|flinch\n|move|p1a: Incineroar|Flare Blitz|p2a: Tyranitar\n|-activate|p2a: Tyranitar|move: Protect\n|\n|-weather|none\n|-damage|p1b: Aerodactyl|0 fnt|[from] brn\n|faint|p1b: Aerodactyl\n|upkeep\n|turn|11\n|\n|t:|1776205977\n|move|p2b: Garchomp|Rock Slide|p1a: Incineroar\n|-supereffective|p1a: Incineroar|1\n|-damage|p1a: Incineroar|0 fnt\n|faint|p1a: Incineroar\n|\n|win|lgarc260\n|raw|AidzPlayz's rating: 1177 &rarr; <strong>1146</strong><br />(-31 for losing)\n|raw|lgarc260's rating: 1099 &rarr; <strong>1130</strong><br />(+31 for winning)\n",
  "uploadtime": 1776205977,
  "views": 22,
  "formatid": "gen9championsvgc2026regma",
  "rating": 1130,
  "private": 0,
  "password": null
}