{
  "id": "gen9championsvgc2026regma-2581602410",
  "format": "[Gen 9 Champions] VGC 2026 Reg M-A",
  "players": [
    "ohaimiles",
    "enbi"
  ],
  "log": "|j|\u2606ohaimiles\n|j|\u2606enbi\n|t:|1776014319\n|gametype|doubles\n|player|p1|ohaimiles|102|1226\n|player|p2|enbi|riley|1288\n|gen|9\n|tier|[Gen 9 Champions] VGC 2026 Reg M-A\n|rated|\n|rule|Species Clause: Limit one of each Pok\u00e9mon\n|rule|Item Clause: Limit 1 of each item\n|clearpoke\n|poke|p1|Froslass, L50, F|\n|poke|p1|Maushold-Four, L50|\n|poke|p1|Rotom-Frost, L50|\n|poke|p1|Garchomp, L50, F|\n|poke|p1|Sneasler, L50, M|\n|poke|p1|Incineroar, L50, M|\n|poke|p2|Froslass, L50, F|\n|poke|p2|Incineroar, L50, M|\n|poke|p2|Basculegion, L50, M|\n|poke|p2|Archaludon, L50, M|\n|poke|p2|Pelipper, L50, M|\n|poke|p2|Sneasler, L50, F|\n|teampreview|4\n|inactive|Battle timer is ON: inactive players will automatically lose when time's up. (requested by enbi)\n|inactive|ohaimiles has 60 seconds left.\n|inactive|ohaimiles has 30 seconds left.\n|inactive|ohaimiles has 20 seconds left.\n|\n|t:|1776014392\n|teamsize|p1|4\n|teamsize|p2|4\n|start\n|switch|p1a: Incineroar|Incineroar, L50, M|100/100\n|switch|p1b: Garchomp|Garchomp, L50, F|100/100\n|switch|p2a: Sneasler|Sneasler, L50, F, shiny|100/100\n|switch|p2b: Incineroar|Incineroar, L50, M|100/100\n|-ability|p2b: Incineroar|Intimidate|boost\n|-unboost|p1a: Incineroar|atk|1\n|-unboost|p1b: Garchomp|atk|1\n|-ability|p1a: Incineroar|Intimidate|boost\n|-unboost|p2a: Sneasler|atk|1\n|-unboost|p2b: Incineroar|atk|1\n|-enditem|p2a: Sneasler|White Herb\n|-clearnegativeboost|p2a: Sneasler|[silent]\n|turn|1\n|inactive|ohaimiles has 30 seconds left.\n|inactive|enbi has 30 seconds left.\n|inactive|ohaimiles has 20 seconds left.\n|inactive|enbi has 20 seconds left.\n|inactive|ohaimiles has 15 seconds left.\n|\n|t:|1776014434\n|move|p1b: Garchomp|Protect|p1b: Garchomp\n|-singleturn|p1b: Garchomp|Protect\n|move|p2a: Sneasler|Fake Out|p1b: Garchomp\n|-activate|p1b: Garchomp|move: Protect\n|move|p2b: Incineroar|Fake Out|p1a: Incineroar\n|-damage|p1a: Incineroar|94/100\n|cant|p1a: Incineroar|flinch\n|\n|upkeep\n|turn|2\n|inactive|enbi has 30 seconds left.\n|\n|t:|1776014468\n|switch|p2a: Froslass|Froslass, L50, F|100/100\n|switch|p1a: Rotom|Rotom-Frost, L50|100/100\n|move|p1b: Garchomp|Earthquake|p2b: Incineroar|[spread] p2a,p2b\n|-immune|p1a: Rotom|[from] ability: Levitate\n|-supereffective|p2b: Incineroar|1\n|-damage|p2a: Froslass|45/100\n|-damage|p2b: Incineroar|50/100\n|-enditem|p2b: Incineroar|Sitrus Berry|[eat]\n|-heal|p2b: Incineroar|75/100|[from] item: Sitrus Berry\n|move|p2b: Incineroar|Parting Shot|p1b: Garchomp\n|-unboost|p1b: Garchomp|atk|1\n|-unboost|p1b: Garchomp|spa|1\n|\n|t:|1776014488\n|switch|p2b: Basculegion|Basculegion, L50, M|100/100|[from] Parting Shot\n|\n|upkeep\n|turn|3\n|\n|t:|1776014512\n|switch|p1b: Incineroar|Incineroar, L50, M|94/100\n|-ability|p1b: Incineroar|Intimidate|boost\n|-unboost|p2a: Froslass|atk|1\n|-unboost|p2b: Basculegion|atk|1\n|detailschange|p2a: Froslass|Froslass-Mega, L50, F\n|-mega|p2a: Froslass|Froslass|Froslassite\n|-weather|Snowscape|[from] ability: Snow Warning|[of] p2a: Froslass\n|move|p2b: Basculegion|Flip Turn|p1b: Incineroar\n|-supereffective|p1b: Incineroar|1\n|-damage|p1b: Incineroar|38/100\n|-enditem|p1b: Incineroar|Sitrus Berry|[eat]\n|-heal|p1b: Incineroar|63/100|[from] item: Sitrus Berry\n|\n|t:|1776014526\n|switch|p2b: Sneasler|Sneasler, L50, F, shiny|100/100|[from] Flip Turn\n|move|p1a: Rotom|Thunderbolt|p2b: Sneasler\n|-damage|p2b: Sneasler|39/100\n|move|p2a: Froslass|Blizzard|p1a: Rotom|[spread] p1a,p1b\n|-resisted|p1a: Rotom|1\n|-resisted|p1b: Incineroar|1\n|-damage|p1a: Rotom|69/100\n|-damage|p1b: Incineroar|45/100\n|\n|-weather|Snowscape|[upkeep]\n|upkeep\n|turn|4\n|inactive|ohaimiles has 30 seconds left.\n|\n|t:|1776014556\n|move|p2a: Froslass|Protect|p2a: Froslass\n|-singleturn|p2a: Froslass|Protect\n|move|p1a: Rotom|Thunderbolt|p2b: Sneasler\n|-damage|p2b: Sneasler|0 fnt\n|faint|p2b: Sneasler\n|move|p1b: Incineroar|Flare Blitz|p2a: Froslass\n|-activate|p2a: Froslass|move: Protect\n|\n|-weather|Snowscape|[upkeep]\n|upkeep\n|\n|t:|1776014570\n|switch|p2b: Incineroar|Incineroar, L50, M|75/100\n|-ability|p2b: Incineroar|Intimidate|boost\n|-unboost|p1a: Rotom|atk|1\n|-unboost|p1b: Incineroar|atk|1\n|turn|5\n|\n|t:|1776014591\n|move|p1a: Rotom|Thunderbolt|p2a: Froslass\n|-crit|p2a: Froslass\n|-damage|p2a: Froslass|0 fnt\n|faint|p2a: Froslass\n|move|p2b: Incineroar|Flare Blitz|p1a: Rotom\n|-supereffective|p1a: Rotom|1\n|-damage|p1a: Rotom|0 fnt\n|faint|p1a: Rotom\n|-damage|p2b: Incineroar|60/100|[from] Recoil\n|move|p1b: Incineroar|Flare Blitz|p2b: Incineroar\n|-resisted|p2b: Incineroar|1\n|-damage|p2b: Incineroar|46/100\n|-damage|p1b: Incineroar|40/100|[from] Recoil\n|\n|-weather|Snowscape|[upkeep]\n|upkeep\n|\n|t:|1776014604\n|switch|p2a: Basculegion|Basculegion, L50, M|100/100\n|switch|p1a: Garchomp|Garchomp, L50, F|100/100\n|turn|6\n|\n|t:|1776014625\n|move|p2a: Basculegion|Last Respects|p1a: Garchomp\n|-damage|p1a: Garchomp|12/100\n|move|p1a: Garchomp|Earthquake|p2a: Basculegion|[spread] p1b,p2a,p2b\n|-supereffective|p1b: Incineroar|1\n|-supereffective|p2b: Incineroar|1\n|-damage|p1b: Incineroar|0 fnt\n|-damage|p2a: Basculegion|32/100\n|-damage|p2b: Incineroar|0 fnt\n|faint|p1b: Incineroar\n|faint|p2b: Incineroar\n|\n|-weather|Snowscape|[upkeep]\n|upkeep\n|\n|t:|1776014630\n|switch|p1b: Froslass|Froslass, L50, F|100/100\n|turn|7\n|\n|t:|1776014639\n|detailschange|p1b: Froslass|Froslass-Mega, L50, F\n|-mega|p1b: Froslass|Froslass|Froslassite\n|move|p2a: Basculegion|Last Respects|p1b: Froslass\n|-supereffective|p1b: Froslass|1\n|-damage|p1b: Froslass|0 fnt\n|faint|p1b: Froslass\n|move|p1a: Garchomp|Dragon Claw|p2a: Basculegion\n|-crit|p2a: Basculegion\n|-damage|p2a: Basculegion|0 fnt\n|faint|p2a: Basculegion\n|\n|win|ohaimiles\n|raw|ohaimiles's rating: 1226 &rarr; <strong>1255</strong><br />(+29 for winning)\n|raw|enbi's rating: 1288 &rarr; <strong>1259</strong><br />(-29 for losing)\n",
  "uploadtime": 1776014648,
  "views": 24,
  "formatid": "gen9championsvgc2026regma",
  "rating": 1255,
  "private": 0,
  "password": null
}