{
  "id": "gen9championsvgc2026regma-2582862575",
  "format": "[Gen 9 Champions] VGC 2026 Reg M-A",
  "players": [
    "kuo0628",
    "scozan08"
  ],
  "log": "|j|\u2606kuo0628\n|j|\u2606scozan08\n|t:|1776120037\n|gametype|doubles\n|player|p1|kuo0628|2|1083\n|player|p2|scozan08|cynthia-gen4|1153\n|gen|9\n|tier|[Gen 9 Champions] VGC 2026 Reg M-A\n|rated|\n|rule|Species Clause: Limit one of each Pok\u00e9mon\n|rule|Item Clause: Limit 1 of each item\n|clearpoke\n|poke|p1|Dragonite, L50, F|\n|poke|p1|Pelipper, L50, M|\n|poke|p1|Basculegion, L50, M|\n|poke|p1|Archaludon, L50, M|\n|poke|p1|Sneasler, L50, F|\n|poke|p1|Sinistcha-Masterpiece, L50|\n|poke|p2|Aerodactyl, L50, M|\n|poke|p2|Garchomp, L50, F|\n|poke|p2|Floette-Eternal, L50, F|\n|poke|p2|Milotic, L50, M|\n|poke|p2|Scizor, L50, M|\n|poke|p2|Incineroar, L50, F|\n|teampreview|4\n|inactive|Battle timer is ON: inactive players will automatically lose when time's up. (requested by kuo0628)\n|inactive|scozan08 has 60 seconds left.\n|\n|t:|1776120173\n|teamsize|p1|4\n|teamsize|p2|4\n|start\n|switch|p1a: Sneasler|Sneasler, L50, F|100/100\n|switch|p1b: Dragonite|Dragonite, L50, F|100/100\n|switch|p2a: Garchomp|Garchomp, L50, F|100/100\n|switch|p2b: Milotic|Milotic, L50, M, shiny|100/100\n|turn|1\n|inactive|kuo0628 has 30 seconds left.\n|\n|t:|1776120198\n|detailschange|p1b: Dragonite|Dragonite-Mega, L50, F\n|-mega|p1b: Dragonite|Dragonite|Dragoninite\n|move|p2a: Garchomp|Protect|p2a: Garchomp\n|-singleturn|p2a: Garchomp|Protect\n|move|p1a: Sneasler|Fake Out|p2b: Milotic\n|-damage|p2b: Milotic|87/100\n|move|p1b: Dragonite|Dragon Pulse|p2a: Garchomp\n|-activate|p2a: Garchomp|move: Protect\n|cant|p2b: Milotic|flinch\n|\n|-heal|p2b: Milotic|93/100|[from] item: Leftovers\n|upkeep\n|turn|2\n|inactive|kuo0628 has 30 seconds left.\n|inactive|scozan08 has 30 seconds left.\n|inactive|scozan08 has 20 seconds left.\n|inactive|scozan08 has 15 seconds left.\n|inactive|kuo0628 has 20 seconds left.\n|\n|t:|1776120247\n|switch|p2a: Floette|Floette-Eternal, L50, F|100/100\n|move|p1a: Sneasler|Dire Claw|p2b: Milotic\n|-damage|p2b: Milotic|49/100\n|-status|p2b: Milotic|par\n|move|p1b: Dragonite|Dragon Pulse|p2a: Floette\n|-immune|p2a: Floette\n|move|p2b: Milotic|Icy Wind|p1a: Sneasler|[spread] p1a,p1b\n|-supereffective|p1b: Dragonite|2\n|-damage|p1a: Sneasler|88/100\n|-damage|p1b: Dragonite|84/100\n|-unboost|p1a: Sneasler|spe|1\n|-unboost|p1b: Dragonite|spe|1\n|-enditem|p1a: Sneasler|White Herb\n|-clearnegativeboost|p1a: Sneasler|[silent]\n|\n|-heal|p2b: Milotic|54/100 par|[from] item: Leftovers\n|upkeep\n|turn|3\n|inactive|kuo0628 has 30 seconds left.\n|inactive|scozan08 has 30 seconds left.\n|inactive|scozan08 has 20 seconds left.\n|\n|t:|1776120283\n|move|p2a: Floette|Protect|p2a: Floette\n|-singleturn|p2a: Floette|Protect\n|move|p1b: Dragonite|Protect|p1b: Dragonite\n|-singleturn|p1b: Dragonite|Protect\n|move|p1a: Sneasler|Dire Claw|p2a: Floette\n|-activate|p2a: Floette|move: Protect\n|move|p2b: Milotic|Muddy Water|p1a: Sneasler|[spread] \n|-activate|p1b: Dragonite|move: Protect\n|-miss|p2b: Milotic|p1a: Sneasler\n|\n|-heal|p2b: Milotic|60/100 par|[from] item: Leftovers\n|upkeep\n|turn|4\n|inactive|kuo0628 has 30 seconds left.\n|inactive|scozan08 has 30 seconds left.\n|inactive|scozan08 has 20 seconds left.\n|inactive|scozan08 has 15 seconds left.\n|inactive|scozan08 has 10 seconds left.\n|\n|t:|1776120328\n|switch|p2b: Incineroar|Incineroar, L50, F|100/100\n|-ability|p2b: Incineroar|Intimidate|boost\n|-unboost|p1a: Sneasler|atk|1\n|-unboost|p1b: Dragonite|atk|1\n|detailschange|p2a: Floette|Floette-Mega, L50, F\n|-mega|p2a: Floette|Floette|Floettite\n|-ability|p2a: Floette|Fairy Aura\n|move|p1a: Sneasler|Dire Claw|p2a: Floette\n|-supereffective|p2a: Floette|1\n|-damage|p2a: Floette|32/100\n|move|p2a: Floette|Dazzling Gleam|p1a: Sneasler|[spread] p1a,p1b\n|-supereffective|p1b: Dragonite|1\n|-damage|p1a: Sneasler|32/100\n|-damage|p1b: Dragonite|10/100\n|move|p1b: Dragonite|Hurricane|p2a: Floette\n|-damage|p2a: Floette|0 fnt\n|faint|p2a: Floette\n|\n|upkeep\n|\n|t:|1776120344\n|switch|p2a: Garchomp|Garchomp, L50, F|100/100\n|turn|5\n|\n|t:|1776120364\n|move|p1b: Dragonite|Protect|p1b: Dragonite\n|-singleturn|p1b: Dragonite|Protect\n|move|p2b: Incineroar|Protect|p2b: Incineroar\n|-singleturn|p2b: Incineroar|Protect\n|move|p1a: Sneasler|Close Combat|p2b: Incineroar\n|-activate|p2b: Incineroar|move: Protect\n|move|p2a: Garchomp|Rock Slide|p1a: Sneasler|[spread] p1a\n|-activate|p1b: Dragonite|move: Protect\n|-resisted|p1a: Sneasler|1\n|-damage|p1a: Sneasler|13/100\n|\n|upkeep\n|turn|6\n|inactive|scozan08 has 30 seconds left.\n|inactive|scozan08 has 20 seconds left.\n|inactive|scozan08 has 15 seconds left.\n|\n|t:|1776120406\n|move|p1a: Sneasler|Close Combat|p2b: Incineroar\n|-supereffective|p2b: Incineroar|1\n|-damage|p2b: Incineroar|17/100\n|-unboost|p1a: Sneasler|def|1\n|-unboost|p1a: Sneasler|spd|1\n|-enditem|p2b: Incineroar|Sitrus Berry|[eat]\n|-heal|p2b: Incineroar|42/100|[from] item: Sitrus Berry\n|move|p2a: Garchomp|Rock Slide|p1b: Dragonite|[spread] p1a,p1b\n|-resisted|p1a: Sneasler|1\n|-supereffective|p1b: Dragonite|1\n|-damage|p1a: Sneasler|0 fnt\n|-damage|p1b: Dragonite|0 fnt\n|faint|p1a: Sneasler\n|faint|p1b: Dragonite\n|move|p2b: Incineroar|Darkest Lariat|p1: Sneasler|[notarget]\n|-fail|p2b: Incineroar\n|\n|upkeep\n|\n|t:|1776120422\n|switch|p1a: Pelipper|Pelipper, L50, M|100/100\n|switch|p1b: Basculegion|Basculegion, L50, M|100/100\n|-weather|RainDance|[from] ability: Drizzle|[of] p1a: Pelipper\n|turn|7\n|inactive|kuo0628 has 30 seconds left.\n|inactive|scozan08 has 30 seconds left.\n|inactive|kuo0628 has 20 seconds left.\n|inactive|scozan08 has 20 seconds left.\n|inactive|kuo0628 has 15 seconds left.\n|inactive|scozan08 has 15 seconds left.\n|inactive|scozan08 has 10 seconds left.\n|\n|t:|1776120469\n|move|p2b: Incineroar|Protect|p2b: Incineroar\n|-singleturn|p2b: Incineroar|Protect\n|move|p1b: Basculegion|Last Respects|p2a: Garchomp\n|-damage|p2a: Garchomp|16/100\n|move|p2a: Garchomp|Rock Slide|p1b: Basculegion|[spread] p1a,p1b\n|-supereffective|p1a: Pelipper|1\n|-damage|p1a: Pelipper|52/100\n|-damage|p1b: Basculegion|76/100\n|cant|p1a: Pelipper|flinch\n|\n|-weather|RainDance|[upkeep]\n|upkeep\n|turn|8\n|\n|t:|1776120494\n|move|p2a: Garchomp|Protect|p2a: Garchomp\n|-singleturn|p2a: Garchomp|Protect\n|move|p1b: Basculegion|Last Respects|p2a: Garchomp\n|-activate|p2a: Garchomp|move: Protect\n|move|p1a: Pelipper|Weather Ball|p2b: Incineroar\n|-supereffective|p2b: Incineroar|1\n|-damage|p2b: Incineroar|0 fnt\n|faint|p2b: Incineroar\n|\n|-weather|RainDance|[upkeep]\n|upkeep\n|\n|t:|1776120502\n|switch|p2b: Milotic|Milotic, L50, M, shiny|60/100 par\n|turn|9\n|\n|t:|1776120515\n|move|p1b: Basculegion|Last Respects|p2b: Milotic\n|-damage|p2b: Milotic|0 fnt\n|faint|p2b: Milotic\n|move|p2a: Garchomp|Dragon Claw|p1b: Basculegion\n|-damage|p1b: Basculegion|21/100\n|move|p1a: Pelipper|Weather Ball|p2a: Garchomp\n|-damage|p2a: Garchomp|0 fnt\n|faint|p2a: Garchomp\n|\n|win|kuo0628\n|raw|kuo0628's rating: 1083 &rarr; <strong>1116</strong><br />(+33 for winning)\n|raw|scozan08's rating: 1153 &rarr; <strong>1123</strong><br />(-30 for losing)\n|l|\u2606scozan08\n|player|p2|\n",
  "uploadtime": 1776120527,
  "views": 13,
  "formatid": "gen9championsvgc2026regma",
  "rating": 1116,
  "private": 0,
  "password": null
}