{
  "id": "gen9championsvgc2026regma-2581094803",
  "format": "[Gen 9 Champions] VGC 2026 Reg M-A",
  "players": [
    "Treeckoguy1",
    "TheRealKenKaniff"
  ],
  "log": "|j|\u2606Treeckoguy1\n|j|\u2606TheRealKenKaniff\n|t:|1775959342\n|gametype|doubles\n|player|p1|Treeckoguy1|2|1049\n|player|p2|TheRealKenKaniff|cynthia-gen4|1072\n|gen|9\n|tier|[Gen 9 Champions] VGC 2026 Reg M-A\n|rated|\n|rule|Species Clause: Limit one of each Pok\u00e9mon\n|rule|Item Clause: Limit 1 of each item\n|clearpoke\n|poke|p1|Politoed, L50, M|\n|poke|p1|Dragonite, L50, F|\n|poke|p1|Zoroark, L50, F|\n|poke|p1|Mimikyu, L50, M|\n|poke|p1|Avalugg-Hisui, L50, F|\n|poke|p1|Chesnaught, L50, M|\n|poke|p2|Charizard, L50, M|\n|poke|p2|Gengar, L50, M|\n|poke|p2|Garchomp, L50, F|\n|poke|p2|Rotom-Wash, L50|\n|poke|p2|Sneasler, L50, F|\n|poke|p2|Incineroar, L50, F|\n|teampreview|4\n|inactive|Battle timer is ON: inactive players will automatically lose when time's up. (requested by TheRealKenKaniff)\n|inactive|TheRealKenKaniff has 60 seconds left.\n|inactive|Treeckoguy1 has 60 seconds left.\n|inactive|TheRealKenKaniff has 30 seconds left.\n|inactive|TheRealKenKaniff has 20 seconds left.\n|inactive|TheRealKenKaniff has 15 seconds left.\n|inactive|TheRealKenKaniff has 10 seconds left.\n|inactive|TheRealKenKaniff has 5 seconds left.\n|\n|t:|1775959428\n|teamsize|p1|4\n|teamsize|p2|4\n|start\n|switch|p1a: Mimikyu|Mimikyu, L50, M|100/100\n|switch|p1b: Dragonite|Dragonite, L50, F|100/100\n|switch|p2a: Charizard|Charizard, L50, M|100/100\n|switch|p2b: Sneasler|Sneasler, L50, F|100/100\n|turn|1\n|\n|t:|1775959450\n|detailschange|p2a: Charizard|Charizard-Mega-Y, L50, M\n|-mega|p2a: Charizard|Charizard|Charizardite Y\n|-weather|SunnyDay|[from] ability: Drought|[of] p2a: Charizard\n|move|p1a: Mimikyu|Psychic|p2b: Sneasler\n|-supereffective|p2b: Sneasler|2\n|-damage|p2b: Sneasler|0 fnt\n|faint|p2b: Sneasler\n|move|p2a: Charizard|Weather Ball|p1a: Mimikyu\n|-damage|p1a: Mimikyu|0 fnt\n|replace|p1a: Zoroark|Zoroark, L50, F\n|-end|p1a: Zoroark|Illusion\n|faint|p1a: Zoroark\n|move|p1b: Dragonite|Tailwind|p1b: Dragonite\n|-sidestart|p1: Treeckoguy1|move: Tailwind\n|\n|-weather|SunnyDay|[upkeep]\n|upkeep\n|\n|t:|1775959473\n|switch|p2b: Rotom|Rotom-Wash, L50|100/100\n|switch|p1a: Politoed|Politoed, L50, M|100/100\n|-weather|RainDance|[from] ability: Drizzle|[of] p1a: Politoed\n|turn|2\n|\n|t:|1775959494\n|switch|p2a: Incineroar|Incineroar, L50, F|100/100\n|-ability|p2a: Incineroar|Intimidate|boost\n|-unboost|p1a: Politoed|atk|1\n|-fail|p1b: Dragonite|unboost|Attack|[from] ability: Inner Focus|[of] p1b: Dragonite\n|detailschange|p1b: Dragonite|Dragonite-Mega, L50, F\n|-mega|p1b: Dragonite|Dragonite|Dragoninite\n|move|p1a: Politoed|Protect|p1a: Politoed\n|-singleturn|p1a: Politoed|Protect\n|move|p1b: Dragonite|Hurricane|p2a: Incineroar\n|-damage|p2a: Incineroar|38/100\n|-start|p2a: Incineroar|confusion\n|-enditem|p2a: Incineroar|Sitrus Berry|[eat]\n|-heal|p2a: Incineroar|63/100|[from] item: Sitrus Berry\n|move|p2b: Rotom|Thunderbolt|p1a: Politoed\n|-activate|p1a: Politoed|move: Protect\n|\n|-weather|RainDance|[upkeep]\n|upkeep\n|turn|3\n|inactive|TheRealKenKaniff has 30 seconds left.\n|inactive|Treeckoguy1 has 30 seconds left.\n|\n|t:|1775959529\n|switch|p1a: Mimikyu|Mimikyu, L50, M|100/100\n|-activate|p2a: Incineroar|confusion\n|move|p2a: Incineroar|Fake Out|p1b: Dragonite\n|-damage|p1b: Dragonite|94/100\n|cant|p1b: Dragonite|flinch\n|move|p2b: Rotom|Thunderbolt|p1a: Mimikyu\n|-activate|p1a: Mimikyu|ability: Disguise\n|-damage|p1a: Mimikyu|100/100\n|detailschange|p1a: Mimikyu|Mimikyu-Busted, L50, M\n|-damage|p1a: Mimikyu|88/100|[from] pokemon: Mimikyu-Busted\n|\n|-weather|RainDance|[upkeep]\n|upkeep\n|turn|4\n|inactive|Treeckoguy1 has 30 seconds left.\n|inactive|TheRealKenKaniff has 30 seconds left.\n|inactive|Treeckoguy1 has 20 seconds left.\n|\n|t:|1775959564\n|move|p1a: Mimikyu|Play Rough|p2b: Rotom\n|-damage|p2b: Rotom|55/100\n|move|p1b: Dragonite|Hurricane|p2a: Incineroar\n|-damage|p2a: Incineroar|0 fnt\n|faint|p2a: Incineroar\n|move|p2b: Rotom|Thunderbolt|p1a: Mimikyu\n|-damage|p1a: Mimikyu|29/100\n|-status|p1a: Mimikyu|par\n|-enditem|p1a: Mimikyu|Lum Berry|[eat]\n|-curestatus|p1a: Mimikyu|par|[msg]\n|\n|-weather|RainDance|[upkeep]\n|-heal|p2b: Rotom|61/100|[from] item: Leftovers\n|-sideend|p1: Treeckoguy1|move: Tailwind\n|upkeep\n|\n|t:|1775959582\n|switch|p2a: Charizard|Charizard-Mega-Y, L50, M|100/100\n|-weather|SunnyDay|[from] ability: Drought|[of] p2a: Charizard\n|turn|5\n|\n|t:|1775959597\n|switch|p1a: Politoed|Politoed, L50, M|100/100\n|-weather|RainDance|[from] ability: Drizzle|[of] p1a: Politoed\n|move|p1b: Dragonite|Protect|p1b: Dragonite\n|-singleturn|p1b: Dragonite|Protect\n|move|p2a: Charizard|Heat Wave|p1a: Politoed|[spread] \n|-activate|p1b: Dragonite|move: Protect\n|-miss|p2a: Charizard|p1a: Politoed\n|move|p2b: Rotom|Thunderbolt|p1b: Dragonite\n|-activate|p1b: Dragonite|move: Protect\n|\n|-weather|RainDance|[upkeep]\n|-heal|p2b: Rotom|67/100|[from] item: Leftovers\n|upkeep\n|turn|6\n|inactive|TheRealKenKaniff has 30 seconds left.\n|inactive|TheRealKenKaniff has 20 seconds left.\n|\n|t:|1775959632\n|move|p1a: Politoed|Helping Hand|p1b: Dragonite\n|-singleturn|p1b: Dragonite|Helping Hand|[of] p1a: Politoed\n|move|p2a: Charizard|Protect|p2a: Charizard\n|-singleturn|p2a: Charizard|Protect\n|move|p1b: Dragonite|Hurricane|p2b: Rotom\n|-resisted|p2b: Rotom|1\n|-damage|p2b: Rotom|10/100\n|move|p2b: Rotom|Thunderbolt|p1b: Dragonite\n|-damage|p1b: Dragonite|61/100\n|\n|-weather|RainDance|[upkeep]\n|-heal|p2b: Rotom|16/100|[from] item: Leftovers\n|upkeep\n|turn|7\n|inactive|TheRealKenKaniff has 30 seconds left.\n|\n|t:|1775959661\n|move|p2b: Rotom|Protect|p2b: Rotom\n|-singleturn|p2b: Rotom|Protect\n|move|p2a: Charizard|Solar Beam||[still]\n|-prepare|p2a: Charizard|Solar Beam\n|move|p1b: Dragonite|Hurricane|p2b: Rotom\n|-activate|p2b: Rotom|move: Protect\n|move|p1a: Politoed|Muddy Water|p2a: Charizard|[spread] p2a\n|-activate|p2b: Rotom|move: Protect\n|-supereffective|p2a: Charizard|1\n|-damage|p2a: Charizard|26/100\n|-unboost|p2a: Charizard|accuracy|1\n|\n|-weather|RainDance|[upkeep]\n|-heal|p2b: Rotom|22/100|[from] item: Leftovers\n|upkeep\n|turn|8\n|\n|t:|1775959681\n|move|p1a: Politoed|Protect|p1a: Politoed\n|-singleturn|p1a: Politoed|Protect\n|move|p2a: Charizard|Solar Beam|p1a: Politoed|[from] lockedmove\n|-activate|p1a: Politoed|move: Protect\n|move|p2b: Rotom|Thunderbolt|p1a: Politoed\n|-activate|p1a: Politoed|move: Protect\n|move|p1b: Dragonite|Thunderbolt|p2b: Rotom\n|-damage|p2b: Rotom|0 fnt\n|faint|p2b: Rotom\n|\n|-weather|RainDance|[upkeep]\n|upkeep\n|turn|9\n|\n|t:|1775959695\n|move|p2a: Charizard|Weather Ball|p2: Rotom|[notarget]\n|-fail|p2a: Charizard\n|move|p1b: Dragonite|Thunderbolt|p2a: Charizard\n|-supereffective|p2a: Charizard|1\n|-damage|p2a: Charizard|0 fnt\n|faint|p2a: Charizard\n|\n|win|Treeckoguy1\n|raw|Treeckoguy1's rating: 1049 &rarr; <strong>1084</strong><br />(+35 for winning)\n|raw|TheRealKenKaniff's rating: 1072 &rarr; <strong>1050</strong><br />(-22 for losing)\n",
  "uploadtime": 1775959713,
  "views": 20,
  "formatid": "gen9championsvgc2026regma",
  "rating": 1050,
  "private": 0,
  "password": null
}