{
  "id": "gen9championsvgc2026regma-2585278120",
  "format": "[Gen 9 Champions] VGC 2026 Reg M-A",
  "players": [
    "Shogaro",
    "bob0976"
  ],
  "log": "|j|\u2606Shogaro\n|j|\u2606bob0976\n|t:|1776333038\n|gametype|doubles\n|player|p1|Shogaro|red|1024\n|player|p2|bob0976|2|1000\n|gen|9\n|tier|[Gen 9 Champions] VGC 2026 Reg M-A\n|rated|\n|rule|Species Clause: Limit one of each Pok\u00e9mon\n|rule|Item Clause: Limit 1 of each item\n|clearpoke\n|poke|p1|Charizard, L50, F|\n|poke|p1|Maushold-Four, L50|\n|poke|p1|Sneasler, L50, F|\n|poke|p1|Dragapult, L50, F|\n|poke|p1|Kingambit, L50, F|\n|poke|p1|Garchomp, L50, M|\n|poke|p2|Meganium, L50, M|\n|poke|p2|Greninja-*, L50, M|\n|poke|p2|Pelipper, L50, M|\n|poke|p2|Archaludon, L50, F|\n|poke|p2|Sneasler, L50, F|\n|poke|p2|Incineroar, L50, M|\n|teampreview|4\n|inactive|Battle timer is ON: inactive players will automatically lose when time's up. (requested by bob0976)\n|inactive|bob0976 has 60 seconds left.\n|\n|t:|1776333095\n|teamsize|p1|4\n|teamsize|p2|4\n|start\n|switch|p1a: Maushold|Maushold-Four, L50|100/100\n|switch|p1b: Garchomp|Garchomp, L50, M|100/100\n|switch|p2a: Incineroar|Incineroar, L50, M|100/100\n|switch|p2b: Pelipper|Pelipper, L50, M|100/100\n|-weather|RainDance|[from] ability: Drizzle|[of] p2b: Pelipper\n|-ability|p2a: Incineroar|Intimidate|boost\n|-unboost|p1a: Maushold|atk|1\n|-unboost|p1b: Garchomp|atk|1\n|turn|1\n|inactive|Shogaro has 30 seconds left.\n|inactive|bob0976 has 30 seconds left.\n|inactive|bob0976 has 20 seconds left.\n|\n|t:|1776333133\n|move|p2a: Incineroar|Fake Out|p1b: Garchomp\n|-damage|p1b: Garchomp|93/100\n|-damage|p2a: Incineroar|88/100|[from] ability: Rough Skin|[of] p1b: Garchomp\n|cant|p1b: Garchomp|flinch\n|move|p1a: Maushold|Encore||[still]\n|-fail|p1a: Maushold\n|move|p2b: Pelipper|Tailwind|p2b: Pelipper\n|-sidestart|p2: bob0976|move: Tailwind\n|\n|-weather|RainDance|[upkeep]\n|upkeep\n|turn|2\n|\n|t:|1776333155\n|move|p2b: Pelipper|Hurricane|p1b: Garchomp\n|-damage|p1b: Garchomp|64/100\n|move|p1b: Garchomp|Rock Slide|p2b: Pelipper|[spread] p2a\n|-miss|p1b: Garchomp|p2b: Pelipper\n|-supereffective|p2a: Incineroar|1\n|-damage|p2a: Incineroar|65/100\n|move|p1a: Maushold|Super Fang|p2a: Incineroar|[miss]\n|-miss|p1a: Maushold|p2a: Incineroar\n|cant|p2a: Incineroar|flinch\n|\n|-weather|RainDance|[upkeep]\n|upkeep\n|turn|3\n|inactive|bob0976 has 30 seconds left.\n|inactive|bob0976 has 20 seconds left.\n|\n|t:|1776333192\n|move|p1a: Maushold|Follow Me|p1a: Maushold\n|-singleturn|p1a: Maushold|move: Follow Me\n|move|p2b: Pelipper|Hurricane|p1a: Maushold\n|-damage|p1a: Maushold|54/100\n|move|p1b: Garchomp|Rock Slide|p2b: Pelipper|[spread] p2a,p2b\n|-supereffective|p2a: Incineroar|1\n|-supereffective|p2b: Pelipper|1\n|-damage|p2a: Incineroar|43/100\n|-damage|p2b: Pelipper|73/100\n|-enditem|p2a: Incineroar|Sitrus Berry|[eat]\n|-heal|p2a: Incineroar|67/100|[from] item: Sitrus Berry\n|cant|p2a: Incineroar|flinch\n|\n|-weather|RainDance|[upkeep]\n|upkeep\n|turn|4\n|inactive|bob0976 has 30 seconds left.\n|\n|t:|1776333218\n|switch|p1b: Charizard|Charizard, L50, F, shiny|100/100\n|move|p2b: Pelipper|Protect|p2b: Pelipper\n|-singleturn|p2b: Pelipper|Protect\n|move|p1a: Maushold|Follow Me|p1a: Maushold\n|-singleturn|p1a: Maushold|move: Follow Me\n|move|p2a: Incineroar|Will-O-Wisp|p1a: Maushold\n|-status|p1a: Maushold|brn\n|\n|-weather|RainDance|[upkeep]\n|-damage|p1a: Maushold|47/100 brn|[from] brn\n|-sideend|p2: bob0976|move: Tailwind\n|upkeep\n|turn|5\n|\n|t:|1776333242\n|detailschange|p1b: Charizard|Charizard-Mega-Y, L50, F, shiny\n|-mega|p1b: Charizard|Charizard|Charizardite Y\n|-weather|SunnyDay|[from] ability: Drought|[of] p1b: Charizard\n|move|p1b: Charizard|Protect|p1b: Charizard\n|-singleturn|p1b: Charizard|Protect\n|move|p1a: Maushold|Encore|p2a: Incineroar\n|-start|p2a: Incineroar|Encore\n|move|p2b: Pelipper|Tailwind|p2b: Pelipper\n|-sidestart|p2: bob0976|move: Tailwind\n|move|p2a: Incineroar|Will-O-Wisp|p1a: Maushold\n|-fail|p1a: Maushold|brn\n|\n|-weather|SunnyDay|[upkeep]\n|-damage|p1a: Maushold|41/100 brn|[from] brn\n|upkeep\n|turn|6\n|inactive|bob0976 has 30 seconds left.\n|\n|t:|1776333276\n|switch|p1a: Dragapult|Dragapult, L50, F|100/100\n|switch|p2a: Greninja|Greninja, L50, M|100/100\n|move|p2b: Pelipper|Protect|p2b: Pelipper\n|-singleturn|p2b: Pelipper|Protect\n|move|p1b: Charizard|Solar Beam||[still]\n|-prepare|p1b: Charizard|Solar Beam\n|-anim|p1b: Charizard|Solar Beam|p2b: Pelipper\n|-activate|p2b: Pelipper|move: Protect\n|\n|-weather|SunnyDay|[upkeep]\n|upkeep\n|turn|7\n|inactive|Shogaro has 30 seconds left.\n|inactive|Shogaro has 20 seconds left.\n|inactive|Shogaro has 15 seconds left.\n|\n|t:|1776333319\n|switch|p2b: Incineroar|Incineroar, L50, M|67/100\n|-ability|p2b: Incineroar|Intimidate|boost\n|-unboost|p1a: Dragapult|atk|1\n|-unboost|p1b: Charizard|atk|1\n|detailschange|p2a: Greninja|Greninja-Mega, L50, M\n|-mega|p2a: Greninja|Greninja|Greninjite\n|move|p2a: Greninja|Dark Pulse|p1a: Dragapult\n|-start|p2a: Greninja|typechange|Dark|[from] ability: Protean\n|-supereffective|p1a: Dragapult|1\n|-damage|p1a: Dragapult|0 fnt\n|faint|p1a: Dragapult\n|move|p1b: Charizard|Solar Beam||[still]\n|-prepare|p1b: Charizard|Solar Beam\n|-anim|p1b: Charizard|Solar Beam|p2a: Greninja\n|-damage|p2a: Greninja|35/100\n|\n|-weather|SunnyDay|[upkeep]\n|upkeep\n|\n|t:|1776333334\n|switch|p1a: Garchomp|Garchomp, L50, M|64/100\n|turn|8\n|\n|t:|1776333350\n|move|p1b: Charizard|Protect|p1b: Charizard\n|-singleturn|p1b: Charizard|Protect\n|move|p2b: Incineroar|Fake Out|p1b: Charizard\n|-activate|p1b: Charizard|move: Protect\n|move|p2a: Greninja|Dark Pulse|p1a: Garchomp\n|-damage|p1a: Garchomp|16/100\n|move|p1a: Garchomp|Stomping Tantrum|p2b: Incineroar\n|-supereffective|p2b: Incineroar|1\n|-damage|p2b: Incineroar|0 fnt\n|faint|p2b: Incineroar\n|\n|-weather|SunnyDay|[upkeep]\n|-sideend|p2: bob0976|move: Tailwind\n|upkeep\n|\n|t:|1776333365\n|switch|p2b: Pelipper|Pelipper, L50, M|73/100\n|-weather|RainDance|[from] ability: Drizzle|[of] p2b: Pelipper\n|turn|9\n|inactive|bob0976 has 30 seconds left.\n|inactive|bob0976 has 20 seconds left.\n|inactive|bob0976 has 15 seconds left.\n|\n|t:|1776333405\n|switch|p1b: Maushold|Maushold-Four, L50|41/100 brn\n|move|p1a: Garchomp|Stomping Tantrum|p2a: Greninja\n|-damage|p2a: Greninja|0 fnt\n|faint|p2a: Greninja\n|move|p2b: Pelipper|Tailwind|p2b: Pelipper\n|-sidestart|p2: bob0976|move: Tailwind\n|\n|-weather|RainDance|[upkeep]\n|-damage|p1b: Maushold|35/100 brn|[from] brn\n|upkeep\n|\n|t:|1776333416\n|switch|p2a: Sneasler|Sneasler, L50, F|100/100\n|turn|10\n|\n|t:|1776333440\n|move|p2a: Sneasler|Fake Out|p1b: Maushold\n|-damage|p1b: Maushold|15/100 brn\n|cant|p1b: Maushold|flinch\n|move|p2b: Pelipper|Hurricane|p1a: Garchomp\n|-damage|p1a: Garchomp|0 fnt\n|faint|p1a: Garchomp\n|\n|-weather|RainDance|[upkeep]\n|-damage|p1b: Maushold|9/100 brn|[from] brn\n|upkeep\n|\n|t:|1776333449\n|switch|p1a: Charizard|Charizard-Mega-Y, L50, F, shiny|100/100\n|-weather|SunnyDay|[from] ability: Drought|[of] p1a: Charizard\n|turn|11\n|\n|t:|1776333462\n|move|p1b: Maushold|Follow Me|p1b: Maushold\n|-singleturn|p1b: Maushold|move: Follow Me\n|move|p2a: Sneasler|Dire Claw|p1b: Maushold\n|-damage|p1b: Maushold|0 fnt\n|faint|p1b: Maushold\n|move|p2b: Pelipper|Hydro Pump|p1a: Charizard|[miss]\n|-miss|p2b: Pelipper|p1a: Charizard\n|move|p1a: Charizard|Air Slash|p2a: Sneasler\n|-supereffective|p2a: Sneasler|1\n|-damage|p2a: Sneasler|0 fnt\n|faint|p2a: Sneasler\n|\n|-weather|SunnyDay|[upkeep]\n|upkeep\n|turn|12\n|\n|t:|1776333477\n|move|p2b: Pelipper|Hydro Pump|p1a: Charizard\n|-supereffective|p1a: Charizard|1\n|-damage|p1a: Charizard|67/100\n|move|p1a: Charizard|Solar Beam||[still]\n|-prepare|p1a: Charizard|Solar Beam\n|-anim|p1a: Charizard|Solar Beam|p2b: Pelipper\n|-damage|p2b: Pelipper|1/100\n|\n|-weather|SunnyDay|[upkeep]\n|-sideend|p2: bob0976|move: Tailwind\n|upkeep\n|turn|13\n|\n|t:|1776333488\n|move|p1a: Charizard|Air Slash|p2b: Pelipper\n|-damage|p2b: Pelipper|0 fnt\n|faint|p2b: Pelipper\n|\n|win|Shogaro\n|raw|Shogaro's rating: 1024 &rarr; <strong>1058</strong><br />(+34 for winning)\n|raw|bob0976's rating: 1000 &rarr; <strong>1000</strong><br />(+0 for losing)\n",
  "uploadtime": 1776333494,
  "views": 27,
  "formatid": "gen9championsvgc2026regma",
  "rating": 1000,
  "private": 0,
  "password": null
}