{
  "id": "gen9championsvgc2026regma-2588538385",
  "format": "[Gen 9 Champions] VGC 2026 Reg M-A",
  "players": [
    "windowc",
    "gustavoadolfo71"
  ],
  "log": "|j|\u2606windowc\n|j|\u2606gustavoadolfo71\n|t:|1776642875\n|gametype|doubles\n|player|p1|windowc|rosa-pokestar2|1114\n|player|p2|gustavoadolfo71|shadowtriad|1131\n|gen|9\n|tier|[Gen 9 Champions] VGC 2026 Reg M-A\n|rated|\n|rule|Species Clause: Limit one of each Pok\u00e9mon\n|rule|Item Clause: Limit 1 of each item\n|clearpoke\n|poke|p1|Aerodactyl, L50, M|\n|poke|p1|Chimecho, L50, M|\n|poke|p1|Garchomp, L50, M|\n|poke|p1|Gardevoir, L50, M|\n|poke|p1|Rotom-Wash, L50|\n|poke|p1|Tsareena, L50, F|\n|poke|p2|Venusaur, L50, F, shiny|\n|poke|p2|Arcanine, L50, F|\n|poke|p2|Rotom-Wash, L50, shiny|\n|poke|p2|Corviknight, L50, F, shiny|\n|poke|p2|Garchomp, L50, F|\n|poke|p2|Sneasler, L50, M, shiny|\n|teampreview|4\n|inactive|Battle timer is ON: inactive players will automatically lose when time's up. (requested by gustavoadolfo71)\n|inactive|gustavoadolfo71 has 60 seconds left.\n|inactive|gustavoadolfo71 has 30 seconds left.\n|inactive|gustavoadolfo71 has 20 seconds left.\n|inactive|gustavoadolfo71 has 15 seconds left.\n|\n|t:|1776642953\n|teamsize|p1|4\n|teamsize|p2|4\n|start\n|switch|p1a: Choker|Aerodactyl, L50, M|100/100\n|switch|p1b: Boymoder Hoodie|Rotom-Wash, L50|100/100\n|switch|p2a: Garchomp|Garchomp, L50, F|100/100\n|switch|p2b: Rotom|Rotom-Wash, L50, shiny|100/100\n|-ability|p1a: Choker|Unnerve\n|turn|1\n|\n|t:|1776642972\n|move|p1a: Choker|Protect|p1a: Choker\n|-singleturn|p1a: Choker|Protect\n|move|p2b: Rotom|Discharge|p1b: Boymoder Hoodie|[spread] p1b\n|-activate|p1a: Choker|move: Protect\n|-immune|p2a: Garchomp\n|-damage|p1b: Boymoder Hoodie|69/100\n|move|p2a: Garchomp|Stone Edge|p1a: Choker\n|-activate|p1a: Choker|move: Protect\n|move|p1b: Boymoder Hoodie|Will-O-Wisp|p2a: Garchomp\n|-status|p2a: Garchomp|brn\n|\n|-damage|p2a: Garchomp|94/100 brn|[from] brn\n|upkeep\n|turn|2\n|\n|t:|1776642990\n|move|p2b: Rotom|Discharge|p1a: Choker|[spread] p1a,p1b\n|-immune|p2a: Garchomp\n|-supereffective|p1a: Choker|1\n|-damage|p1a: Choker|23/100\n|-damage|p1b: Boymoder Hoodie|38/100\n|-status|p1a: Choker|par\n|-enditem|p1a: Choker|Lum Berry|[eat]\n|-curestatus|p1a: Choker|par|[msg]\n|-enditem|p1b: Boymoder Hoodie|Sitrus Berry|[eat]\n|-heal|p1b: Boymoder Hoodie|63/100|[from] item: Sitrus Berry\n|move|p1a: Choker|Tailwind|p1a: Choker\n|-sidestart|p1: windowc|move: Tailwind\n|move|p1b: Boymoder Hoodie|Volt Switch|p2b: Rotom\n|-damage|p2b: Rotom|57/100\n|\n|t:|1776643005\n|switch|p1b: Monster Energy|Chimecho, L50, M|100/100|[from] Volt Switch\n|move|p2a: Garchomp|Stone Edge|p1a: Choker\n|-supereffective|p1a: Choker|1\n|-damage|p1a: Choker|0 fnt\n|faint|p1a: Choker\n|\n|-damage|p2a: Garchomp|88/100 brn|[from] brn\n|upkeep\n|\n|t:|1776643025\n|switch|p1a: Boymoder Hoodie|Rotom-Wash, L50|63/100\n|turn|3\n|inactive|gustavoadolfo71 has 30 seconds left.\n|\n|t:|1776643055\n|switch|p2b: Sneasler|Sneasler, L50, M, shiny|100/100\n|switch|p2a: Venusaur|Venusaur, L50, F, shiny|100/100\n|detailschange|p1b: Monster Energy|Chimecho-Mega, L50, M\n|-mega|p1b: Monster Energy|Chimecho|Chimechite\n|move|p1a: Boymoder Hoodie|Will-O-Wisp|p2b: Sneasler\n|-status|p2b: Sneasler|brn\n|move|p1b: Monster Energy|Calm Mind|p1b: Monster Energy\n|-boost|p1b: Monster Energy|spa|1\n|-boost|p1b: Monster Energy|spd|1\n|\n|-damage|p2b: Sneasler|95/100 brn|[from] brn\n|upkeep\n|turn|4\n|inactive|windowc has 30 seconds left.\n|inactive|gustavoadolfo71 has 30 seconds left.\n|inactive|windowc has 20 seconds left.\n|inactive|gustavoadolfo71 has 20 seconds left.\n|inactive|windowc has 15 seconds left.\n|inactive|gustavoadolfo71 has 15 seconds left.\n|inactive|windowc has 10 seconds left.\n|inactive|windowc has 5 seconds left.\n|\n|t:|1776643105\n|switch|p1a: Skater Skirt|Gardevoir, L50, M|100/100\n|detailschange|p2a: Venusaur|Venusaur-Mega, L50, F, shiny\n|-mega|p2a: Venusaur|Venusaur|Venusaurite\n|move|p2b: Sneasler|Fake Out|p1a: Skater Skirt\n|-damage|p1a: Skater Skirt|88/100\n|move|p1b: Monster Energy|Psychic|p2b: Sneasler\n|-supereffective|p2b: Sneasler|2\n|-damage|p2b: Sneasler|0 fnt\n|faint|p2b: Sneasler\n|move|p2a: Venusaur|Leech Seed|p1b: Monster Energy\n|-start|p1b: Monster Energy|move: Leech Seed\n|\n|-damage|p1b: Monster Energy|88/100|[from] Leech Seed|[of] p2a: Venusaur\n|upkeep\n|\n|t:|1776643128\n|switch|p2b: Rotom|Rotom-Wash, L50, shiny|57/100\n|turn|5\n|\n|t:|1776643147\n|move|p1a: Skater Skirt|Psyshock|p2b: Rotom\n|-damage|p2b: Rotom|9/100\n|move|p2b: Rotom|Hydro Pump|p1b: Monster Energy|[miss]\n|-miss|p2b: Rotom|p1b: Monster Energy\n|move|p1b: Monster Energy|Psychic|p2a: Venusaur\n|-supereffective|p2a: Venusaur|1\n|-damage|p2a: Venusaur|7/100\n|move|p2a: Venusaur|Leech Seed|p1a: Skater Skirt\n|-start|p1a: Skater Skirt|move: Leech Seed\n|\n|-damage|p1a: Skater Skirt|76/100|[from] Leech Seed|[of] p2a: Venusaur\n|-heal|p2a: Venusaur|17/100|[silent]\n|-damage|p1b: Monster Energy|76/100|[from] Leech Seed|[of] p2a: Venusaur\n|-heal|p2a: Venusaur|28/100|[silent]\n|-sideend|p1: windowc|move: Tailwind\n|upkeep\n|turn|6\n|\n|t:|1776643171\n|move|p2a: Venusaur|Protect|p2a: Venusaur\n|-singleturn|p2a: Venusaur|Protect\n|move|p2b: Rotom|Hydro Pump|p1b: Monster Energy\n|-damage|p1b: Monster Energy|46/100\n|move|p1a: Skater Skirt|Psyshock|p2b: Rotom\n|-damage|p2b: Rotom|0 fnt\n|faint|p2b: Rotom\n|move|p1b: Monster Energy|Psychic|p2a: Venusaur\n|-activate|p2a: Venusaur|move: Protect\n|\n|-damage|p1a: Skater Skirt|64/100|[from] Leech Seed|[of] p2a: Venusaur\n|-heal|p2a: Venusaur|37/100|[silent]\n|-damage|p1b: Monster Energy|34/100|[from] Leech Seed|[of] p2a: Venusaur\n|-heal|p2a: Venusaur|49/100|[silent]\n|upkeep\n|\n|t:|1776643187\n|switch|p2b: Garchomp|Garchomp, L50, F|88/100 brn\n|turn|7\n|\n|t:|1776643211\n|move|p1a: Skater Skirt|Psyshock|p2a: Venusaur\n|-supereffective|p2a: Venusaur|1\n|-damage|p2a: Venusaur|0 fnt\n|faint|p2a: Venusaur\n|move|p2b: Garchomp|Stone Edge|p1a: Skater Skirt\n|-damage|p1a: Skater Skirt|33/100\n|move|p1b: Monster Energy|Recover|p1b: Monster Energy\n|-heal|p1b: Monster Energy|84/100\n|\n|-damage|p2b: Garchomp|82/100 brn|[from] brn\n|upkeep\n|turn|8\n|-message|gustavoadolfo71 forfeited.\n|\n|win|windowc\n|raw|windowc's rating: 1114 &rarr; <strong>1140</strong><br />(+26 for winning)\n|raw|gustavoadolfo71's rating: 1131 &rarr; <strong>1105</strong><br />(-26 for losing)\n|l|\u2606gustavoadolfo71\n|player|p2|\n",
  "uploadtime": 1776643217,
  "views": 9,
  "formatid": "gen9championsvgc2026regma",
  "rating": 1105,
  "private": 0,
  "password": null
}