{
  "id": "gen9championsvgc2026regma-2584084391",
  "format": "[Gen 9 Champions] VGC 2026 Reg M-A",
  "players": [
    "NIGHT_REZER",
    "flamingoboi"
  ],
  "log": "|j|\u2606NIGHT_REZER\n|j|\u2606flamingoboi\n|t:|1776223499\n|gametype|doubles\n|player|p1|NIGHT_REZER|n|1000\n|player|p2|flamingoboi|harlequin|1000\n|gen|9\n|tier|[Gen 9 Champions] VGC 2026 Reg M-A\n|rated|\n|rule|Species Clause: Limit one of each Pok\u00e9mon\n|rule|Item Clause: Limit 1 of each item\n|clearpoke\n|poke|p1|Dragonite, L50, F|\n|poke|p1|Pelipper, L50, F|\n|poke|p1|Basculegion, L50, M|\n|poke|p1|Incineroar, L50, F|\n|poke|p1|Simisage, L50, M|\n|poke|p1|Maushold-Four, L50|\n|poke|p2|Hawlucha, L50, M|\n|poke|p2|Milotic, L50, F|\n|poke|p2|Whimsicott, L50, F|\n|poke|p2|Volcarona, L50, F|\n|poke|p2|Sneasler, L50, M|\n|poke|p2|Kingambit, L50, F|\n|teampreview|4\n|\n|t:|1776223544\n|teamsize|p1|4\n|teamsize|p2|4\n|start\n|switch|p1a: Incineroar|Incineroar, L50, F|100/100\n|switch|p1b: Basculegion|Basculegion, L50, M|100/100\n|switch|p2a: Hawlucha|Hawlucha, L50, M|100/100\n|switch|p2b: Whimsicott|Whimsicott, L50, F|100/100\n|-ability|p1b: Basculegion|Mold Breaker\n|-ability|p2a: Hawlucha|Mold Breaker\n|-ability|p1a: Incineroar|Intimidate|boost\n|-unboost|p2a: Hawlucha|atk|1\n|-unboost|p2b: Whimsicott|atk|1\n|turn|1\n|\n|t:|1776223574\n|detailschange|p2a: Hawlucha|Hawlucha-Mega, L50, M\n|-mega|p2a: Hawlucha|Hawlucha|Hawluchanite\n|move|p1a: Incineroar|Fake Out|p2a: Hawlucha\n|-damage|p2a: Hawlucha|89/100\n|move|p2b: Whimsicott|Tailwind|p2b: Whimsicott\n|-sidestart|p2: flamingoboi|move: Tailwind\n|cant|p2a: Hawlucha|flinch\n|move|p1b: Basculegion|Flip Turn|p2b: Whimsicott\n|-resisted|p2b: Whimsicott|1\n|-damage|p2b: Whimsicott|76/100\n|\n|t:|1776223588\n|switch|p1b: Maushold|Maushold-Four, L50|100/100|[from] Flip Turn\n|\n|upkeep\n|turn|2\n|-activate|p1a: Incineroar|item: Quick Claw\n|\n|t:|1776223618\n|move|p1a: Incineroar|Parting Shot|p2a: Hawlucha\n|-unboost|p2a: Hawlucha|atk|1\n|-unboost|p2a: Hawlucha|spa|1\n|\n|t:|1776223623\n|switch|p1a: Pelipper|Pelipper, L50, F|100/100|[from] Parting Shot\n|-weather|RainDance|[from] ability: Drizzle|[of] p1a: Pelipper\n|move|p2b: Whimsicott|U-turn|p1b: Maushold\n|-damage|p1b: Maushold|90/100\n|\n|t:|1776223630\n|switch|p2b: Milotic|Milotic, L50, F|100/100|[from] U-turn\n|move|p2a: Hawlucha|High Jump Kick|p1b: Maushold\n|-supereffective|p1b: Maushold|1\n|-enditem|p1b: Maushold|Chople Berry|[eat]\n|-enditem|p1b: Maushold|Chople Berry|[weaken]\n|-damage|p1b: Maushold|47/100\n|move|p1b: Maushold|Tidy Up|p1b: Maushold\n|-boost|p1b: Maushold|atk|1\n|-boost|p1b: Maushold|spe|1\n|\n|-weather|RainDance|[upkeep]\n|upkeep\n|turn|3\n|\n|t:|1776223656\n|move|p2a: Hawlucha|Entrainment|p2b: Milotic\n|-ability|p2b: Milotic|No Guard|Competitive|[from] move: Entrainment|[of] p2a: Hawlucha\n|move|p2b: Milotic|Hypnosis|p1b: Maushold\n|-status|p1b: Maushold|slp|[from] move: Hypnosis\n|cant|p1b: Maushold|slp\n|move|p1a: Pelipper|Tailwind|p1a: Pelipper\n|-sidestart|p1: NIGHT_REZER|move: Tailwind\n|\n|-weather|RainDance|[upkeep]\n|upkeep\n|turn|4\n|\n|t:|1776223674\n|cant|p1b: Maushold|slp\n|move|p1a: Pelipper|Protect|p1a: Pelipper\n|-singleturn|p1a: Pelipper|Protect\n|move|p2a: Hawlucha|High Jump Kick|p1b: Maushold\n|-supereffective|p1b: Maushold|1\n|-damage|p1b: Maushold|0 fnt\n|faint|p1b: Maushold\n|move|p2b: Milotic|Blizzard|p1a: Pelipper\n|-activate|p1a: Pelipper|move: Protect\n|\n|-weather|RainDance|[upkeep]\n|-sideend|p2: flamingoboi|move: Tailwind\n|upkeep\n|\n|t:|1776223690\n|switch|p1b: Basculegion|Basculegion, L50, M|100/100\n|-ability|p1b: Basculegion|Mold Breaker\n|turn|5\n|\n|t:|1776223712\n|move|p1b: Basculegion|Last Respects|p2b: Milotic\n|-damage|p2b: Milotic|36/100\n|move|p1a: Pelipper|Hurricane|p2b: Milotic\n|-damage|p2b: Milotic|3/100\n|-start|p2b: Milotic|confusion\n|move|p2a: Hawlucha|U-turn|p1a: Pelipper\n|-resisted|p1a: Pelipper|1\n|-damage|p1a: Pelipper|95/100\n|\n|t:|1776223724\n|switch|p2a: Whimsicott|Whimsicott, L50, F|76/100|[from] U-turn\n|-activate|p2b: Milotic|confusion\n|move|p2b: Milotic|Hypnosis|p1b: Basculegion\n|-status|p1b: Basculegion|slp|[from] move: Hypnosis\n|\n|-weather|RainDance|[upkeep]\n|-heal|p1a: Pelipper|100/100|[from] item: Leftovers\n|upkeep\n|turn|6\n|inactive|Battle timer is ON: inactive players will automatically lose when time's up. (requested by NIGHT_REZER)\n|\n|t:|1776223757\n|cant|p1b: Basculegion|slp\n|move|p2a: Whimsicott|Dazzling Gleam|p1a: Pelipper|[spread] p1a,p1b\n|-damage|p1a: Pelipper|67/100\n|-damage|p1b: Basculegion|71/100 slp\n|move|p1a: Pelipper|Hurricane|p2b: Milotic\n|-damage|p2b: Milotic|0 fnt\n|faint|p2b: Milotic\n|\n|-weather|none\n|-heal|p1a: Pelipper|73/100|[from] item: Leftovers\n|-sideend|p1: NIGHT_REZER|move: Tailwind\n|upkeep\n|inactive|flamingoboi has 30 seconds left.\n|\n|t:|1776223782\n|switch|p2b: Hawlucha|Hawlucha-Mega, L50, M|89/100\n|turn|7\n|\n|t:|1776223797\n|switch|p1b: Incineroar|Incineroar, L50, F|100/100\n|-ability|p1b: Incineroar|Intimidate|boost\n|-unboost|p2a: Whimsicott|atk|1\n|-unboost|p2b: Hawlucha|atk|1\n|move|p2a: Whimsicott|Tailwind|p2a: Whimsicott\n|-sidestart|p2: flamingoboi|move: Tailwind\n|move|p2b: Hawlucha|High Jump Kick|p1b: Incineroar\n|-supereffective|p1b: Incineroar|1\n|-damage|p1b: Incineroar|21/100\n|move|p1a: Pelipper|U-turn|p2a: Whimsicott\n|-damage|p2a: Whimsicott|64/100\n|\n|t:|1776223811\n|switch|p1a: Basculegion|Basculegion, L50, M|71/100 slp|[from] U-turn\n|-ability|p1a: Basculegion|Mold Breaker\n|\n|upkeep\n|turn|8\n|inactive|flamingoboi has 30 seconds left.\n|\n|t:|1776223846\n|move|p2a: Whimsicott|Dazzling Gleam|p1b: Incineroar|[spread] p1a,p1b\n|-damage|p1a: Basculegion|42/100 slp\n|-damage|p1b: Incineroar|0 fnt\n|faint|p1b: Incineroar\n|move|p2b: Hawlucha|High Jump Kick|p1a: Basculegion\n|-immune|p1a: Basculegion\n|-damage|p2b: Hawlucha|39/100|[from] highjumpkick\n|cant|p1a: Basculegion|slp\n|\n|upkeep\n|\n|t:|1776223856\n|switch|p1b: Pelipper|Pelipper, L50, F|73/100\n|-weather|RainDance|[from] ability: Drizzle|[of] p1b: Pelipper\n|turn|9\n|\n|t:|1776223877\n|move|p2a: Whimsicott|Dazzling Gleam|p1b: Pelipper|[spread] p1a,p1b\n|-crit|p1a: Basculegion\n|-damage|p1a: Basculegion|0 fnt\n|-damage|p1b: Pelipper|43/100\n|faint|p1a: Basculegion\n|move|p2b: Hawlucha|High Jump Kick|p1b: Pelipper\n|-resisted|p1b: Pelipper|1\n|-damage|p1b: Pelipper|21/100\n|move|p1b: Pelipper|Hurricane|p2b: Hawlucha\n|-supereffective|p2b: Hawlucha|1\n|-damage|p2b: Hawlucha|0 fnt\n|faint|p2b: Hawlucha\n|\n|-weather|RainDance|[upkeep]\n|-heal|p1b: Pelipper|27/100|[from] item: Leftovers\n|upkeep\n|\n|t:|1776223889\n|switch|p2b: Sneasler|Sneasler, L50, M|100/100\n|turn|10\n|\n|t:|1776223903\n|move|p1b: Pelipper|Protect|p1b: Pelipper\n|-singleturn|p1b: Pelipper|Protect\n|move|p2a: Whimsicott|Dazzling Gleam|p1b: Pelipper\n|-activate|p1b: Pelipper|move: Protect\n|move|p2b: Sneasler|Dire Claw|p1b: Pelipper\n|-activate|p1b: Pelipper|move: Protect\n|\n|-weather|RainDance|[upkeep]\n|-heal|p1b: Pelipper|33/100|[from] item: Leftovers\n|-sideend|p2: flamingoboi|move: Tailwind\n|upkeep\n|turn|11\n|\n|t:|1776223923\n|move|p2a: Whimsicott|Dazzling Gleam|p1b: Pelipper\n|-damage|p1b: Pelipper|0 fnt\n|faint|p1b: Pelipper\n|\n|win|flamingoboi\n|raw|NIGHT_REZER's rating: 1000 &rarr; <strong>1000</strong><br />(+0 for losing)\n|raw|flamingoboi's rating: 1000 &rarr; <strong>1040</strong><br />(+40 for winning)\n|l|\u2606NIGHT_REZER\n|player|p1|\n",
  "uploadtime": 1776224237,
  "views": 37,
  "formatid": "gen9championsvgc2026regma",
  "rating": 1000,
  "private": 0,
  "password": null
}