{
  "id": "gen9championsvgc2026regma-2586564013",
  "format": "[Gen 9 Champions] VGC 2026 Reg M-A",
  "players": [
    "Striker-sama",
    "KalosKiller"
  ],
  "log": "|j|\u2606Striker-sama\n|j|\u2606KalosKiller\n|t:|1776443327\n|gametype|doubles\n|player|p1|Striker-sama|2|1027\n|player|p2|KalosKiller|hilbert|1067\n|gen|9\n|tier|[Gen 9 Champions] VGC 2026 Reg M-A\n|rated|\n|rule|Species Clause: Limit one of each Pok\u00e9mon\n|rule|Item Clause: Limit 1 of each item\n|clearpoke\n|poke|p1|Garchomp, L50, M|\n|poke|p1|Tyranitar, L50, M|\n|poke|p1|Incineroar, L50, M|\n|poke|p1|Corviknight, L50, F|\n|poke|p1|Milotic, L50, M|\n|poke|p1|Sinistcha, L50|\n|poke|p2|Sneasler, L50, F|\n|poke|p2|Clawitzer, L50, F|\n|poke|p2|Archaludon, L50, M|\n|poke|p2|Pelipper, L50, F|\n|poke|p2|Incineroar, L50, F|\n|poke|p2|Starmie, L50|\n|teampreview|4\nStriker-sama has agreed to open team sheets.\n|inactive|Battle timer is ON: inactive players will automatically lose when time's up. (requested by KalosKiller)\n|inactive|Striker-sama has 60 seconds left.\n|\n|t:|1776443380\n|teamsize|p1|4\n|teamsize|p2|4\n|start\n|switch|p1a: Milotic|Milotic, L50, M|100/100\n|switch|p1b: Incineroar|Incineroar, L50, M|100/100\n|switch|p2a: Pelipper|Pelipper, L50, F|100/100\n|switch|p2b: Starmie|Starmie, L50|100/100\n|-ability|p1b: Incineroar|Intimidate|boost\n|-unboost|p2a: Pelipper|atk|1\n|-unboost|p2b: Starmie|atk|1\n|-weather|RainDance|[from] ability: Drizzle|[of] p2a: Pelipper\n|turn|1\n|inactive|Striker-sama has 30 seconds left.\n|\n|t:|1776443412\n|switch|p2a: Clawitzer|Clawitzer, L50, F|100/100\n|detailschange|p2b: Starmie|Starmie-Mega, L50\n|-mega|p2b: Starmie|Starmie|Starminite\n|move|p1b: Incineroar|Fake Out|p2a: Clawitzer\n|-damage|p2a: Clawitzer|86/100\n|move|p2b: Starmie|Liquidation|p1b: Incineroar\n|-supereffective|p1b: Incineroar|1\n|-damage|p1b: Incineroar|0 fnt\n|faint|p1b: Incineroar\n|move|p1a: Milotic|Icy Wind|p2b: Starmie|[spread] p2a,p2b\n|-resisted|p2a: Clawitzer|1\n|-resisted|p2b: Starmie|1\n|-damage|p2a: Clawitzer|79/100\n|-damage|p2b: Starmie|94/100\n|-unboost|p2a: Clawitzer|spe|1\n|-unboost|p2b: Starmie|spe|1\n|\n|-weather|RainDance|[upkeep]\n|upkeep\n|\n|t:|1776443432\n|switch|p1b: Sinistcha|Sinistcha, L50|100/100\n|turn|2\n|\n|t:|1776443447\n|switch|p2b: Pelipper|Pelipper, L50, F|100/100\n|switch|p1a: Tyranitar|Tyranitar, L50, M|100/100\n|-weather|Sandstorm|[from] ability: Sand Stream|[of] p1a: Tyranitar\n|move|p2a: Clawitzer|Dark Pulse|p1b: Sinistcha\n|-supereffective|p1b: Sinistcha|1\n|-damage|p1b: Sinistcha|33/100\n|-enditem|p1b: Sinistcha|Sitrus Berry|[eat]\n|-heal|p1b: Sinistcha|58/100|[from] item: Sitrus Berry\n|move|p1b: Sinistcha|Matcha Gotcha|p2b: Pelipper|[spread] p2a,p2b\n|-supereffective|p2a: Clawitzer|1\n|-damage|p2a: Clawitzer|12/100\n|-heal|p1b: Sinistcha|85/100|[from] drain|[of] p2a: Clawitzer\n|-damage|p2b: Pelipper|69/100\n|-heal|p1b: Sinistcha|98/100|[from] drain|[of] p2b: Pelipper\n|\n|-weather|Sandstorm|[upkeep]\n|-damage|p2a: Clawitzer|6/100|[from] Sandstorm\n|-damage|p1b: Sinistcha|91/100|[from] Sandstorm\n|-damage|p2b: Pelipper|63/100|[from] Sandstorm\n|upkeep\n|turn|3\n|inactive|Striker-sama has 30 seconds left.\n|inactive|KalosKiller has 30 seconds left.\n|inactive|KalosKiller has 20 seconds left.\n|\n|t:|1776443486\n|switch|p2a: Incineroar|Incineroar, L50, F|100/100\n|-ability|p2a: Incineroar|Intimidate|boost\n|-unboost|p1a: Tyranitar|atk|1\n|-unboost|p1b: Sinistcha|atk|1\n|move|p1a: Tyranitar|Dragon Dance|p1a: Tyranitar\n|-boost|p1a: Tyranitar|atk|1\n|-boost|p1a: Tyranitar|spe|1\n|move|p1b: Sinistcha|Matcha Gotcha|p2b: Pelipper|[spread] p2b\n|-miss|p1b: Sinistcha|p2a: Incineroar\n|-damage|p2b: Pelipper|36/100\n|-heal|p1b: Sinistcha|100/100|[from] drain|[of] p2b: Pelipper\n|move|p2b: Pelipper|Ice Beam|p1b: Sinistcha\n|-supereffective|p1b: Sinistcha|1\n|-damage|p1b: Sinistcha|56/100\n|\n|-weather|Sandstorm|[upkeep]\n|-damage|p1b: Sinistcha|50/100|[from] Sandstorm\n|-damage|p2a: Incineroar|95/100|[from] Sandstorm\n|-damage|p2b: Pelipper|30/100|[from] Sandstorm\n|upkeep\n|turn|4\n|inactive|Striker-sama has 30 seconds left.\n|inactive|KalosKiller has 30 seconds left.\n|\n|t:|1776443521\n|switch|p1b: Milotic|Milotic, L50, M|100/100\n|switch|p2b: Clawitzer|Clawitzer, L50, F|6/100\n|move|p1a: Tyranitar|Protect|p1a: Tyranitar\n|-singleturn|p1a: Tyranitar|Protect\n|move|p2a: Incineroar|Fake Out|p1a: Tyranitar\n|-activate|p1a: Tyranitar|move: Protect\n|\n|-weather|Sandstorm|[upkeep]\n|-damage|p2b: Clawitzer|0 fnt|[from] Sandstorm\n|-damage|p1b: Milotic|95/100|[from] Sandstorm\n|-damage|p2a: Incineroar|89/100|[from] Sandstorm\n|faint|p2b: Clawitzer\n|upkeep\n|\n|t:|1776443535\n|switch|p2b: Pelipper|Pelipper, L50, F|30/100\n|-weather|RainDance|[from] ability: Drizzle|[of] p2b: Pelipper\n|turn|5\n|\n|t:|1776443551\n|switch|p2a: Starmie|Starmie-Mega, L50|94/100\n|detailschange|p1a: Tyranitar|Tyranitar-Mega, L50, M\n|-mega|p1a: Tyranitar|Tyranitar|Tyranitarite\n|-weather|Sandstorm|[from] ability: Sand Stream|[of] p1a: Tyranitar\n|move|p1a: Tyranitar|Rock Slide|p2a: Starmie|[spread] p2a,p2b\n|-supereffective|p2b: Pelipper|1\n|-damage|p2a: Starmie|50/100\n|-damage|p2b: Pelipper|0 fnt\n|faint|p2b: Pelipper\n|move|p1b: Milotic|Scald|p2a: Starmie\n|-resisted|p2a: Starmie|1\n|-damage|p2a: Starmie|33/100\n|\n|-weather|Sandstorm|[upkeep]\n|-damage|p2a: Starmie|28/100|[from] Sandstorm\n|-damage|p1b: Milotic|89/100|[from] Sandstorm\n|upkeep\n|\n|t:|1776443565\n|switch|p2b: Incineroar|Incineroar, L50, F|89/100\n|-ability|p2b: Incineroar|Intimidate|boost\n|-unboost|p1a: Tyranitar|atk|1\n|-unboost|p1b: Milotic|atk|1\n|-ability|p1b: Milotic|Competitive|boost\n|-boost|p1b: Milotic|spa|2\n|turn|6\n|inactive|Striker-sama has 30 seconds left.\n|inactive|Striker-sama has 20 seconds left.\n|\n|t:|1776443601\n|move|p2b: Incineroar|Helping Hand|p2a: Starmie\n|-singleturn|p2a: Starmie|Helping Hand|[of] p2b: Incineroar\n|move|p2a: Starmie|Zen Headbutt|p1b: Milotic\n|-damage|p1b: Milotic|4/100\n|move|p1a: Tyranitar|Rock Slide|p2b: Incineroar|[spread] p2b\n|-miss|p1a: Tyranitar|p2a: Starmie\n|-supereffective|p2b: Incineroar|1\n|-damage|p2b: Incineroar|50/100\n|-enditem|p2b: Incineroar|Sitrus Berry|[eat]\n|-heal|p2b: Incineroar|75/100|[from] item: Sitrus Berry\n|cant|p1b: Milotic|flinch\n|\n|-weather|Sandstorm|[upkeep]\n|-damage|p2a: Starmie|22/100|[from] Sandstorm\n|-damage|p1b: Milotic|0 fnt|[from] Sandstorm\n|-damage|p2b: Incineroar|69/100|[from] Sandstorm\n|faint|p1b: Milotic\n|upkeep\n|\n|t:|1776443616\n|switch|p1b: Sinistcha|Sinistcha, L50|50/100\n|turn|7\n|\n|t:|1776443630\n|move|p2b: Incineroar|Helping Hand|p2a: Starmie\n|-singleturn|p2a: Starmie|Helping Hand|[of] p2b: Incineroar\n|move|p1b: Sinistcha|Rage Powder|p1b: Sinistcha\n|-singleturn|p1b: Sinistcha|move: Rage Powder\n|move|p2a: Starmie|Liquidation|p1b: Sinistcha\n|-resisted|p1b: Sinistcha|1\n|-damage|p1b: Sinistcha|0 fnt\n|faint|p1b: Sinistcha\n|move|p1a: Tyranitar|Dragon Dance|p1a: Tyranitar\n|-boost|p1a: Tyranitar|atk|1\n|-boost|p1a: Tyranitar|spe|1\n|\n|-weather|Sandstorm|[upkeep]\n|-damage|p2a: Starmie|16/100|[from] Sandstorm\n|-damage|p2b: Incineroar|63/100|[from] Sandstorm\n|upkeep\n|turn|8\n|\n|t:|1776443655\n|move|p1a: Tyranitar|Rock Slide|p2a: Starmie|[spread] p2a,p2b\n|-supereffective|p2b: Incineroar|1\n|-damage|p2a: Starmie|0 fnt\n|-damage|p2b: Incineroar|0 fnt\n|faint|p2a: Starmie\n|faint|p2b: Incineroar\n|\n|win|Striker-sama\n|raw|Striker-sama's rating: 1027 &rarr; <strong>1067</strong><br />(+40 for winning)\n|raw|KalosKiller's rating: 1067 &rarr; <strong>1045</strong><br />(-22 for losing)\n|c|\u2606KalosKiller|gg\n|l|\u2606KalosKiller\n|player|p2|\n",
  "uploadtime": 1776443663,
  "views": 19,
  "formatid": "gen9championsvgc2026regma",
  "rating": 1045,
  "private": 0,
  "password": null
}