{
  "id": "gen9championsvgc2026regma-2589450638",
  "format": "[Gen 9 Champions] VGC 2026 Reg M-A",
  "players": [
    "Mandelvrott",
    "64t"
  ],
  "log": "|j|\u2606Mandelvrott\n|j|\u260664t\n|t:|1776724049\n|gametype|doubles\n|player|p1|Mandelvrott|n|1096\n|player|p2|64t|1|1033\n|gen|9\n|tier|[Gen 9 Champions] VGC 2026 Reg M-A\n|rated|\n|rule|Species Clause: Limit one of each Pok\u00e9mon\n|rule|Item Clause: Limit 1 of each item\n|clearpoke\n|poke|p1|Alcremie, L50, F|\n|poke|p1|Sharpedo, L50, M|\n|poke|p1|Liepard, L50, F|\n|poke|p1|Alakazam, L50, F|\n|poke|p1|Orthworm, L50, F|\n|poke|p1|Dragapult, L50, M|\n|poke|p2|Floette-Eternal, L50, F|\n|poke|p2|Aerodactyl, L50, F|\n|poke|p2|Aegislash, L50, M|\n|poke|p2|Garchomp, L50, F|\n|poke|p2|Rotom-Wash, L50|\n|poke|p2|Kangaskhan, L50, F|\n|teampreview|4\n|inactive|Battle timer is ON: inactive players will automatically lose when time's up. (requested by Mandelvrott)\n|\n|t:|1776724065\n|teamsize|p1|4\n|teamsize|p2|4\n|start\n|switch|p1a: Alcremie|Alcremie, L50, F|100/100\n|switch|p1b: Liepard|Liepard, L50, F|100/100\n|switch|p2a: Aerodactyl|Aerodactyl, L50, F|100/100\n|switch|p2b: Floette|Floette-Eternal, L50, F|100/100\n|-ability|p2a: Aerodactyl|Unnerve\n|turn|1\n|inactive|64t has 30 seconds left.\n|\n|t:|1776724091\n|switch|p1b: Alakazam|Alakazam, L50, F|100/100\n|detailschange|p2b: Floette|Floette-Mega, L50, F\n|-mega|p2b: Floette|Floette|Floettite\n|-ability|p2b: Floette|Fairy Aura\n|move|p2a: Aerodactyl|Tailwind|p2a: Aerodactyl\n|-sidestart|p2: 64t|move: Tailwind\n|move|p2b: Floette|Dazzling Gleam|p1a: Alcremie|[spread] p1a,p1b\n|-damage|p1a: Alcremie|62/100\n|-damage|p1b: Alakazam|35/100\n|move|p1a: Alcremie|Decorate|p1b: Alakazam\n|-boost|p1b: Alakazam|atk|2\n|-boost|p1b: Alakazam|spa|2\n|\n|-heal|p1a: Alcremie|68/100|[from] item: Leftovers\n|upkeep\n|turn|2\n|inactive|Mandelvrott has 30 seconds left.\n|inactive|64t has 30 seconds left.\n|\n|t:|1776724125\n|move|p2a: Aerodactyl|Rock Slide|p1a: Alcremie|[spread] p1a,p1b\n|-crit|p1a: Alcremie\n|-damage|p1a: Alcremie|34/100\n|-damage|p1b: Alakazam|0 fnt\n|faint|p1b: Alakazam\n|move|p2b: Floette|Light of Ruin|p1a: Alcremie|[miss]\n|-miss|p2b: Floette|p1a: Alcremie\n|move|p1a: Alcremie|Psyshock|p2a: Aerodactyl\n|-damage|p2a: Aerodactyl|70/100\n|\n|-heal|p1a: Alcremie|40/100|[from] item: Leftovers\n|upkeep\n|\n|t:|1776724131\n|switch|p1b: Sharpedo|Sharpedo, L50, M|100/100\n|turn|3\n|\n|t:|1776724142\n|move|p2a: Aerodactyl|Protect|p2a: Aerodactyl\n|-singleturn|p2a: Aerodactyl|Protect\n|move|p1b: Sharpedo|Protect|p1b: Sharpedo\n|-singleturn|p1b: Sharpedo|Protect\n|move|p2b: Floette|Light of Ruin|p1b: Sharpedo\n|-activate|p1b: Sharpedo|move: Protect\n|move|p1a: Alcremie|Decorate|p1b: Sharpedo\n|-boost|p1b: Sharpedo|atk|2\n|-boost|p1b: Sharpedo|spa|2\n|\n|-heal|p1a: Alcremie|46/100|[from] item: Leftovers\n|-ability|p1b: Sharpedo|Speed Boost|boost\n|-boost|p1b: Sharpedo|spe|1\n|upkeep\n|turn|4\n|\n|t:|1776724163\n|switch|p2a: Rotom|Rotom-Wash, L50|100/100\n|move|p1b: Sharpedo|Protect||[still]\n|-fail|p1b: Sharpedo\n|move|p2b: Floette|Light of Ruin|p1b: Sharpedo\n|-supereffective|p1b: Sharpedo|1\n|-damage|p1b: Sharpedo|0 fnt\n|faint|p1b: Sharpedo\n|-damage|p2b: Floette|41/100|[from] Recoil\n|move|p1a: Alcremie|Decorate|p1: Sharpedo|[notarget]\n|-fail|p1a: Alcremie\n|\n|-heal|p1a: Alcremie|52/100|[from] item: Leftovers\n|-sideend|p2: 64t|move: Tailwind\n|upkeep\n|\n|t:|1776724170\n|switch|p1b: Liepard|Liepard, L50, F|100/100\n|turn|5\n|-message|Mandelvrott forfeited.\n|\n|win|64t\n|raw|Mandelvrott's rating: 1096 &rarr; <strong>1067</strong><br />(-29 for losing)\n|raw|64t's rating: 1033 &rarr; <strong>1074</strong><br />(+41 for winning)\n|l|\u2606Mandelvrott\n|player|p1|\n",
  "uploadtime": 1776724180,
  "views": 5,
  "formatid": "gen9championsvgc2026regma",
  "rating": 1067,
  "private": 0,
  "password": null
}