{
  "id": "gen9championsvgc2026regma-2583409111",
  "format": "[Gen 9 Champions] VGC 2026 Reg M-A",
  "players": [
    "Jah_08",
    "Otterz"
  ],
  "log": "|j|\u2606Jah_08\n|j|\u2606Otterz\n|t:|1776173706\n|gametype|doubles\n|player|p1|Jah_08|alder|1362\n|player|p2|Otterz|wattson|1270\n|gen|9\n|tier|[Gen 9 Champions] VGC 2026 Reg M-A\n|rated|\n|rule|Species Clause: Limit one of each Pok\u00e9mon\n|rule|Item Clause: Limit 1 of each item\n|clearpoke\n|poke|p1|Excadrill, L50, M|\n|poke|p1|Whimsicott, L50, M|\n|poke|p1|Chandelure, L50, M|\n|poke|p1|Zoroark-Hisui, L50, M|\n|poke|p1|Basculegion, L50, M|\n|poke|p1|Conkeldurr, L50, M|\n|poke|p2|Meganium, L50, F|\n|poke|p2|Aegislash, L50, M|\n|poke|p2|Incineroar, L50, F|\n|poke|p2|Aerodactyl, L50, M|\n|poke|p2|Sneasler, L50, F|\n|poke|p2|Rotom-Wash, L50|\n|teampreview|4\n|\n|t:|1776173760\n|teamsize|p1|4\n|teamsize|p2|4\n|start\n|switch|p1a: Excadrill|Excadrill, L50, M|100/100\n|switch|p1b: Basculegion|Basculegion, L50, M|100/100\n|switch|p2a: Rotom|Rotom-Wash, L50|100/100\n|switch|p2b: Incineroar|Incineroar, L50, F|100/100\n|-ability|p2b: Incineroar|Intimidate|boost\n|-unboost|p1a: Excadrill|atk|1\n|-unboost|p1b: Basculegion|atk|1\n|turn|1\n|\n|t:|1776173806\n|move|p1b: Basculegion|Flip Turn|p2b: Incineroar\n|-supereffective|p2b: Incineroar|1\n|-damage|p2b: Incineroar|65/100\n|\n|t:|1776173810\n|switch|p1b: Whimsicott|Whimsicott, L50, M, shiny|100/100|[from] Flip Turn\n|move|p2a: Rotom|Electroweb|p1a: Excadrill|[spread] p1a,p1b\n|-resisted|p1b: Whimsicott|1\n|-damage|p1a: Excadrill|69/100\n|-damage|p1b: Whimsicott|90/100\n|-unboost|p1a: Excadrill|spe|1\n|-unboost|p1b: Whimsicott|spe|1\n|replace|p1a: Zoroark|Zoroark-Hisui, L50, M\n|-end|p1a: Zoroark|Illusion\n|move|p1a: Zoroark|Shadow Ball|p2a: Rotom\n|-damage|p2a: Rotom|43/100\n|move|p2b: Incineroar|Darkest Lariat|p1b: Whimsicott\n|-resisted|p1b: Whimsicott|1\n|-damage|p1b: Whimsicott|68/100\n|\n|upkeep\n|turn|2\n|\n|t:|1776173841\n|switch|p2a: Meganium|Meganium, L50, F|100/100\n|move|p1b: Whimsicott|Tailwind|p1b: Whimsicott\n|-sidestart|p1: Jah_08|move: Tailwind\n|move|p1a: Zoroark|Shadow Ball|p2a: Meganium\n|-damage|p2a: Meganium|48/100\n|move|p2b: Incineroar|Parting Shot|p1a: Zoroark\n|-unboost|p1a: Zoroark|atk|1\n|-unboost|p1a: Zoroark|spa|1\n|\n|t:|1776173851\n|switch|p2b: Aegislash|Aegislash, L50, M|100/100|[from] Parting Shot\n|\n|upkeep\n|turn|3\n|\n|t:|1776173872\n|detailschange|p2a: Meganium|Meganium-Mega, L50, F\n|-mega|p2a: Meganium|Meganium|Meganiumite\n|move|p1b: Whimsicott|Protect|p1b: Whimsicott\n|-singleturn|p1b: Whimsicott|Protect\n|move|p1a: Zoroark|Sludge Bomb|p2a: Meganium\n|-supereffective|p2a: Meganium|2\n|-damage|p2a: Meganium|0 fnt\n|faint|p2a: Meganium\n|move|p2b: Aegislash|Substitute|p2b: Aegislash\n|-start|p2b: Aegislash|Substitute\n|-damage|p2b: Aegislash|75/100\n|\n|-heal|p2b: Aegislash|82/100|[from] item: Leftovers\n|upkeep\n|\n|t:|1776173880\n|switch|p2a: Incineroar|Incineroar, L50, F|65/100\n|-ability|p2a: Incineroar|Intimidate|boost\n|-unboost|p1a: Zoroark|atk|1\n|-unboost|p1b: Whimsicott|atk|1\n|turn|4\n|\n|t:|1776173898\n|move|p1a: Zoroark|Shadow Ball|p2b: Aegislash\n|-supereffective|p2b: Aegislash|1\n|-crit|p2b: Aegislash\n|-end|p2b: Aegislash|Substitute\n|move|p1b: Whimsicott|Moonblast|p2a: Incineroar\n|-damage|p2a: Incineroar|27/100\n|-enditem|p2a: Incineroar|Sitrus Berry|[eat]\n|-heal|p2a: Incineroar|52/100|[from] item: Sitrus Berry\n|move|p2a: Incineroar|Parting Shot|p1a: Zoroark\n|-unboost|p1a: Zoroark|atk|1\n|-unboost|p1a: Zoroark|spa|1\n|\n|t:|1776173909\n|switch|p2a: Rotom|Rotom-Wash, L50|43/100|[from] Parting Shot\n|-formechange|p2b: Aegislash|Aegislash-Blade|\n|move|p2b: Aegislash|Iron Head|p1b: Whimsicott\n|-supereffective|p1b: Whimsicott|1\n|-damage|p1b: Whimsicott|0 fnt\n|faint|p1b: Whimsicott\n|\n|-heal|p2b: Aegislash|88/100|[from] item: Leftovers\n|upkeep\n|\n|t:|1776173921\n|switch|p1b: Basculegion|Basculegion, L50, M|100/100\n|turn|5\n|\n|t:|1776173934\n|switch|p2a: Incineroar|Incineroar, L50, F|52/100\n|-ability|p2a: Incineroar|Intimidate|boost\n|-unboost|p1a: Zoroark|atk|1\n|-unboost|p1b: Basculegion|atk|1\n|-formechange|p2b: Aegislash|Aegislash|\n|move|p2b: Aegislash|King's Shield|p2b: Aegislash\n|-singleturn|p2b: Aegislash|Protect\n|move|p1b: Basculegion|Wave Crash|p2a: Incineroar\n|-supereffective|p2a: Incineroar|1\n|-damage|p2a: Incineroar|0 fnt\n|faint|p2a: Incineroar\n|-damage|p1b: Basculegion|84/100|[from] Recoil\n|move|p1a: Zoroark|Shadow Ball|p2b: Aegislash\n|-activate|p2b: Aegislash|move: Protect\n|\n|-heal|p2b: Aegislash|94/100|[from] item: Leftovers\n|-sideend|p1: Jah_08|move: Tailwind\n|upkeep\n|\n|t:|1776173947\n|switch|p2a: Rotom|Rotom-Wash, L50|43/100\n|turn|6\n|\n|t:|1776173959\n|move|p1b: Basculegion|Wave Crash|p2a: Rotom\n|-resisted|p2a: Rotom|1\n|-damage|p2a: Rotom|16/100\n|-damage|p1b: Basculegion|77/100|[from] Recoil\n|move|p2a: Rotom|Will-O-Wisp|p1b: Basculegion\n|-status|p1b: Basculegion|brn\n|move|p1a: Zoroark|Shadow Ball|p2b: Aegislash\n|-supereffective|p2b: Aegislash|1\n|-damage|p2b: Aegislash|54/100\n|-unboost|p2b: Aegislash|spd|1\n|-formechange|p2b: Aegislash|Aegislash-Blade|\n|move|p2b: Aegislash|Poltergeist|p1b: Basculegion\n|-activate|p1b: Basculegion|move: Poltergeist|Choice Scarf\n|-supereffective|p1b: Basculegion|1\n|-damage|p1b: Basculegion|0 fnt\n|faint|p1b: Basculegion\n|\n|-heal|p2b: Aegislash|60/100|[from] item: Leftovers\n|upkeep\n|\n|t:|1776173980\n|switch|p1b: Excadrill|Excadrill, L50, M|100/100\n|-ability|p1b: Excadrill|Mold Breaker\n|turn|7\n|\n|t:|1776173988\n|-formechange|p2b: Aegislash|Aegislash|\n|move|p2b: Aegislash|King's Shield|p2b: Aegislash\n|-singleturn|p2b: Aegislash|Protect\n|move|p2a: Rotom|Will-O-Wisp|p1b: Excadrill\n|-status|p1b: Excadrill|brn\n|move|p1b: Excadrill|High Horsepower|p2a: Rotom\n|-supereffective|p2a: Rotom|1\n|-damage|p2a: Rotom|0 fnt\n|faint|p2a: Rotom\n|move|p1a: Zoroark|Shadow Ball|p2b: Aegislash\n|-activate|p2b: Aegislash|move: Protect\n|\n|-heal|p2b: Aegislash|66/100|[from] item: Leftovers\n|-damage|p1b: Excadrill|95/100 brn|[from] brn\n|upkeep\n|turn|8\n|\n|t:|1776174012\n|move|p1b: Excadrill|High Horsepower|p2b: Aegislash\n|-supereffective|p2b: Aegislash|1\n|-damage|p2b: Aegislash|25/100\n|move|p1a: Zoroark|Shadow Ball|p2b: Aegislash\n|-supereffective|p2b: Aegislash|1\n|-damage|p2b: Aegislash|0 fnt\n|faint|p2b: Aegislash\n|\n|win|Jah_08\n|raw|Jah_08's rating: 1362 &rarr; <strong>1377</strong><br />(+15 for winning)\n|raw|Otterz's rating: 1270 &rarr; <strong>1251</strong><br />(-19 for losing)\n",
  "uploadtime": 1776174022,
  "views": 32,
  "formatid": "gen9championsvgc2026regma",
  "rating": 1251,
  "private": 0,
  "password": null
}