{
  "id": "gen9championsvgc2026regma-2582496809",
  "format": "[Gen 9 Champions] VGC 2026 Reg M-A",
  "players": [
    "Motogikarp",
    "rusbi"
  ],
  "log": "|j|\u2606Motogikarp\n|j|\u2606rusbi\n|t:|1776095433\n|gametype|doubles\n|player|p1|Motogikarp|alec-anime|1114\n|player|p2|rusbi|ghetsis|1111\n|gen|9\n|tier|[Gen 9 Champions] VGC 2026 Reg M-A\n|rated|\n|rule|Species Clause: Limit one of each Pok\u00e9mon\n|rule|Item Clause: Limit 1 of each item\n|clearpoke\n|poke|p1|Rotom-Heat, L50|\n|poke|p1|Aegislash, L50, M|\n|poke|p1|Tyranitar, L50, M|\n|poke|p1|Starmie, L50|\n|poke|p1|Aerodactyl, L50, M|\n|poke|p1|Garchomp, L50, M|\n|poke|p2|Charizard, L50, F|\n|poke|p2|Venusaur, L50, M|\n|poke|p2|Incineroar, L50, F|\n|poke|p2|Rotom-Wash, L50|\n|poke|p2|Corviknight, L50, M|\n|poke|p2|Garchomp, L50, F|\n|teampreview|4\n|inactive|Battle timer is ON: inactive players will automatically lose when time's up. (requested by rusbi)\n|c|\u2606Motogikarp|hf\nMotogikarp rejected open team sheets.\n|\n|t:|1776095456\n|teamsize|p1|4\n|teamsize|p2|4\n|start\n|switch|p1a: Rotom|Rotom-Heat, L50, shiny|100/100\n|switch|p1b: Aegislash|Aegislash, L50, M, shiny|100/100\n|switch|p2a: Coseno|Incineroar, L50, F|100/100\n|switch|p2b: Triangulo|Garchomp, L50, F|100/100\n|-ability|p2a: Coseno|Intimidate|boost\n|-unboost|p1a: Rotom|atk|1\n|-unboost|p1b: Aegislash|atk|1\n|turn|1\n|\n|t:|1776095467\n|move|p1a: Rotom|Protect|p1a: Rotom\n|-singleturn|p1a: Rotom|Protect\n|move|p1b: Aegislash|King's Shield|p1b: Aegislash\n|-singleturn|p1b: Aegislash|Protect\n|move|p2a: Coseno|Fake Out|p1a: Rotom\n|-activate|p1a: Rotom|move: Protect\n|move|p2b: Triangulo|Rock Slide|p1a: Rotom|[spread] \n|-activate|p1a: Rotom|move: Protect\n|-activate|p1b: Aegislash|move: Protect\n|\n|upkeep\n|turn|2\n|\n|t:|1776095485\n|switch|p1a: Starmie|Starmie, L50|100/100\n|move|p1b: Aegislash|Wide Guard|p1b: Aegislash\n|-singleturn|p1b: Aegislash|Wide Guard\n|move|p2b: Triangulo|Rock Slide|p1b: Aegislash|[spread] \n|-activate|p1a: Starmie|move: Wide Guard\n|-activate|p1b: Aegislash|move: Wide Guard\n|move|p2a: Coseno|Throat Chop|p1b: Aegislash\n|-supereffective|p1b: Aegislash|1\n|-damage|p1b: Aegislash|38/100\n|-start|p1b: Aegislash|Throat Chop|[silent]\n|\n|-heal|p1b: Aegislash|44/100|[from] item: Leftovers\n|upkeep\n|turn|3\n|\n|t:|1776095508\n|switch|p2b: Rotom|Rotom-Wash, L50|100/100\n|detailschange|p1a: Starmie|Starmie-Mega, L50\n|-mega|p1a: Starmie|Starmie|Starminite\n|move|p1a: Starmie|Liquidation|p2a: Coseno\n|-supereffective|p2a: Coseno|1\n|-damage|p2a: Coseno|0 fnt\n|faint|p2a: Coseno\n|-formechange|p1b: Aegislash|Aegislash-Blade|\n|move|p1b: Aegislash|Flash Cannon|p2b: Rotom\n|-resisted|p2b: Rotom|2\n|-damage|p2b: Rotom|90/100\n|\n|-heal|p1b: Aegislash|50/100|[from] item: Leftovers\n|-end|p1b: Aegislash|Throat Chop|[silent]\n|upkeep\n|\n|t:|1776095525\n|switch|p2a: Charizard|Charizard, L50, F, shiny|100/100\n|turn|4\n|\n|t:|1776095538\n|switch|p1a: Rotom|Rotom-Heat, L50, shiny|100/100\n|move|p2a: Charizard|Protect|p2a: Charizard\n|-singleturn|p2a: Charizard|Protect\n|-formechange|p1b: Aegislash|Aegislash|\n|move|p1b: Aegislash|King's Shield|p1b: Aegislash\n|-singleturn|p1b: Aegislash|Protect\n|move|p2b: Rotom|Hydro Pump|p1b: Aegislash\n|-activate|p1b: Aegislash|move: Protect\n|\n|-heal|p1b: Aegislash|56/100|[from] item: Leftovers\n|upkeep\n|turn|5\n|inactive|rusbi has 30 seconds left.\n|\n|t:|1776095564\n|switch|p2a: Triangulo|Garchomp, L50, F|100/100\n|move|p2b: Rotom|Hydro Pump|p1b: Aegislash\n|-damage|p1b: Aegislash|22/100\n|move|p1a: Rotom|Thunderbolt|p2a: Triangulo\n|-immune|p2a: Triangulo\n|-formechange|p1b: Aegislash|Aegislash-Blade|\n|move|p1b: Aegislash|Shadow Ball|p2b: Rotom\n|-damage|p2b: Rotom|42/100\n|-enditem|p2b: Rotom|Sitrus Berry|[eat]\n|-heal|p2b: Rotom|66/100|[from] item: Sitrus Berry\n|\n|-heal|p1b: Aegislash|28/100|[from] item: Leftovers\n|upkeep\n|turn|6\n|inactive|rusbi has 30 seconds left.\n|\n|t:|1776095590\n|move|p1b: Aegislash|Wide Guard|p1b: Aegislash\n|-singleturn|p1b: Aegislash|Wide Guard\n|move|p2a: Triangulo|Rock Slide|p1a: Rotom|[spread] \n|-activate|p1a: Rotom|move: Wide Guard\n|-activate|p1b: Aegislash|move: Wide Guard\n|move|p2b: Rotom|Hydro Pump|p1b: Aegislash\n|-damage|p1b: Aegislash|0 fnt\n|faint|p1b: Aegislash\n|move|p1a: Rotom|Thunderbolt|p2b: Rotom\n|-damage|p2b: Rotom|22/100\n|\n|upkeep\n|\n|t:|1776095601\n|switch|p1b: Starmie|Starmie-Mega, L50|100/100\n|turn|7\n|\n|t:|1776095610\n|move|p2a: Triangulo|Rock Slide|p1b: Starmie|[spread] p1a,p1b\n|-supereffective|p1a: Rotom|1\n|-damage|p1a: Rotom|52/100\n|-damage|p1b: Starmie|73/100\n|move|p1b: Starmie|Liquidation|p2a: Triangulo\n|-crit|p2a: Triangulo\n|-damage|p2a: Triangulo|0 fnt\n|-damage|p1b: Starmie|60/100|[from] ability: Rough Skin|[of] p2a: Triangulo\n|faint|p2a: Triangulo\n|move|p2b: Rotom|Will-O-Wisp|p1b: Starmie\n|-status|p1b: Starmie|brn\n|cant|p1a: Rotom|flinch\n|\n|-damage|p1b: Starmie|55/100 brn|[from] brn\n|upkeep\n|\n|t:|1776095618\n|switch|p2a: Charizard|Charizard, L50, F, shiny|100/100\n|turn|8\n|\n|t:|1776095625\n|switch|p1a: Aerodactyl|Aerodactyl, L50, M, shiny|100/100\n|-ability|p1a: Aerodactyl|Unnerve\n|move|p2a: Charizard|Protect|p2a: Charizard\n|-singleturn|p2a: Charizard|Protect\n|move|p1b: Starmie|Skill Swap|p1a: Aerodactyl\n|-activate|p1b: Starmie|Skill Swap|||[of] p1a: Aerodactyl\n|-ability|p1b: Starmie|Unnerve\n|move|p2b: Rotom|Hydro Pump|p1a: Aerodactyl\n|-supereffective|p1a: Aerodactyl|1\n|-enditem|p1a: Aerodactyl|Focus Sash\n|-damage|p1a: Aerodactyl|1/100\n|\n|-damage|p1b: Starmie|49/100 brn|[from] brn\n|upkeep\n|turn|9\n|\n|t:|1776095649\n|switch|p1b: Rotom|Rotom-Heat, L50, shiny|52/100\n|detailschange|p2a: Charizard|Charizard-Mega-Y, L50, F, shiny\n|-mega|p2a: Charizard|Charizard|Charizardite Y\n|-weather|SunnyDay|[from] ability: Drought|[of] p2a: Charizard\n|move|p1a: Aerodactyl|Rock Slide|p2a: Charizard|[spread] p2a,p2b\n|-supereffective|p2a: Charizard|2\n|-damage|p2a: Charizard|0 fnt\n|-damage|p2b: Rotom|0 fnt\n|faint|p2a: Charizard\n|faint|p2b: Rotom\n|\n|win|Motogikarp\n|raw|Motogikarp's rating: 1114 &rarr; <strong>1139</strong><br />(+25 for winning)\n|raw|rusbi's rating: 1111 &rarr; <strong>1086</strong><br />(-25 for losing)\n|c|\u2606Motogikarp|gg\n|c|\u2606rusbi|Gg\n|l|\u2606rusbi\n|player|p2|\n",
  "uploadtime": 1776095663,
  "views": 20,
  "formatid": "gen9championsvgc2026regma",
  "rating": 1086,
  "private": 0,
  "password": null
}