{
  "id": "gen9championsvgc2026regma-2585713097",
  "format": "[Gen 9 Champions] VGC 2026 Reg M-A",
  "players": [
    "miredsvgc",
    "Vonneumannalgebra"
  ],
  "log": "|j|\u2606miredsvgc\n|j|\u2606Vonneumannalgebra\n|t:|1776365464\n|gametype|doubles\n|player|p1|miredsvgc|265|1411\n|player|p2|Vonneumannalgebra|lucas|1415\n|gen|9\n|tier|[Gen 9 Champions] VGC 2026 Reg M-A\n|rated|\n|rule|Species Clause: Limit one of each Pok\u00e9mon\n|rule|Item Clause: Limit 1 of each item\n|clearpoke\n|poke|p1|Sneasler, L50, M|\n|poke|p1|Kingambit, L50, F|\n|poke|p1|Garchomp, L50, F|\n|poke|p1|Basculegion, L50, M|\n|poke|p1|Floette-Eternal, L50, F|\n|poke|p1|Froslass, L50, F|\n|poke|p2|Sneasler, L50, F|\n|poke|p2|Kingambit, L50, F|\n|poke|p2|Vivillon-Fancy, L50, F|\n|poke|p2|Charizard, L50, F|\n|poke|p2|Excadrill, L50, F|\n|poke|p2|Tsareena, L50, F|\n|teampreview|4\n|inactive|Battle timer is ON: inactive players will automatically lose when time's up. (requested by Vonneumannalgebra)\n|inactive|miredsvgc has 60 seconds left.\n|inactive|miredsvgc has 30 seconds left.\n|\n|t:|1776365530\n|teamsize|p1|4\n|teamsize|p2|4\n|start\n|switch|p1a: Garchomp|Garchomp, L50, F|100/100\n|switch|p1b: Froslass|Froslass, L50, F|100/100\n|switch|p2a: Excadrill|Excadrill, L50, F|100/100\n|switch|p2b: Tsareena|Tsareena, L50, F|100/100\n|-ability|p2a: Excadrill|Mold Breaker\n|turn|1\n|inactive|Vonneumannalgebra has 30 seconds left.\n|inactive|miredsvgc has 30 seconds left.\n|inactive|Vonneumannalgebra has 20 seconds left.\n|inactive|Vonneumannalgebra has 15 seconds left.\n|inactive|Vonneumannalgebra has 10 seconds left.\n|inactive|Vonneumannalgebra has 5 seconds left.\n|\n|t:|1776365581\n|switch|p1a: Basculegion|Basculegion, L50, M|100/100\n|detailschange|p1b: Froslass|Froslass-Mega, L50, F\n|-mega|p1b: Froslass|Froslass|Froslassite\n|-weather|Snowscape|[from] ability: Snow Warning|[of] p1b: Froslass\n|move|p2a: Excadrill|Iron Head|p1b: Froslass\n|-supereffective|p1b: Froslass|1\n|-damage|p1b: Froslass|14/100\n|move|p1b: Froslass|Blizzard|p2b: Tsareena|[spread] p2a,p2b\n|-supereffective|p2b: Tsareena|1\n|-damage|p2a: Excadrill|47/100\n|-damage|p2b: Tsareena|22/100\n|move|p2b: Tsareena|Power Whip|p1a: Basculegion\n|-supereffective|p1a: Basculegion|1\n|-damage|p1a: Basculegion|0 fnt\n|faint|p1a: Basculegion\n|\n|-weather|Snowscape|[upkeep]\n|upkeep\n|\n|t:|1776365605\n|switch|p1a: Garchomp|Garchomp, L50, F|100/100\n|turn|2\n|inactive|Vonneumannalgebra has 30 seconds left.\n|\n|t:|1776365636\n|move|p1b: Froslass|Protect|p1b: Froslass\n|-singleturn|p1b: Froslass|Protect\n|move|p2a: Excadrill|Iron Head|p1b: Froslass\n|-activate|p1b: Froslass|move: Protect\n|move|p1a: Garchomp|Earthquake|p2b: Tsareena|[spread] p2a,p2b\n|-activate|p1b: Froslass|move: Protect\n|-supereffective|p2a: Excadrill|1\n|-resisted|p2b: Tsareena|1\n|-damage|p2a: Excadrill|0 fnt\n|-damage|p2b: Tsareena|3/100\n|faint|p2a: Excadrill\n|move|p2b: Tsareena|Endeavor|p1a: Garchomp\n|-damage|p1a: Garchomp|2/100\n|-damage|p2b: Tsareena|0 fnt|[from] ability: Rough Skin|[of] p1a: Garchomp\n|faint|p2b: Tsareena\n|\n|-weather|Snowscape|[upkeep]\n|upkeep\n|\n|t:|1776365650\n|switch|p2a: Charizard|Charizard, L50, F|100/100\n|switch|p2b: Vivillon|Vivillon-Fancy, L50, F|100/100\n|turn|3\n|\n|t:|1776365671\n|detailschange|p2a: Charizard|Charizard-Mega-Y, L50, F\n|-mega|p2a: Charizard|Charizard|Charizardite Y\n|-weather|SunnyDay|[from] ability: Drought|[of] p2a: Charizard\n|move|p1b: Froslass|Shadow Ball|p2b: Vivillon\n|-damage|p2b: Vivillon|24/100\n|-unboost|p2b: Vivillon|spd|1\n|move|p2b: Vivillon|Tailwind|p2b: Vivillon\n|-sidestart|p2: Vonneumannalgebra|move: Tailwind\n|move|p2a: Charizard|Heat Wave|p1b: Froslass|[spread] p1a\n|-miss|p2a: Charizard|p1b: Froslass\n|-resisted|p1a: Garchomp|1\n|-damage|p1a: Garchomp|0 fnt\n|faint|p1a: Garchomp\n|\n|-weather|SunnyDay|[upkeep]\n|upkeep\n|\n|t:|1776365683\n|switch|p1a: Sneasler|Sneasler, L50, M|100/100\n|turn|4\n|inactive|miredsvgc has 30 seconds left.\n|inactive|Vonneumannalgebra has 30 seconds left.\n|inactive|miredsvgc has 20 seconds left.\n|inactive|Vonneumannalgebra has 20 seconds left.\n|inactive|miredsvgc has 15 seconds left.\n|\n|t:|1776365728\n|move|p1a: Sneasler|Fake Out|p2a: Charizard\n|-damage|p2a: Charizard|83/100\n|move|p2b: Vivillon|Sleep Powder|p1a: Sneasler\n|-status|p1a: Sneasler|slp|[from] move: Sleep Powder\n|cant|p2a: Charizard|flinch\n|move|p1b: Froslass|Shadow Ball|p2b: Vivillon\n|-damage|p2b: Vivillon|0 fnt\n|faint|p2b: Vivillon\n|\n|-weather|SunnyDay|[upkeep]\n|upkeep\n|turn|5\n|\n|t:|1776365747\n|cant|p1a: Sneasler|slp\n|move|p1b: Froslass|Protect|p1b: Froslass\n|-singleturn|p1b: Froslass|Protect\n|move|p2a: Charizard|Heat Wave|p1b: Froslass|[spread] p1a\n|-activate|p1b: Froslass|move: Protect\n|-damage|p1a: Sneasler|2/100 slp\n|\n|-weather|SunnyDay|[upkeep]\n|upkeep\n|turn|6\n|\n|t:|1776365762\n|cant|p1a: Sneasler|slp\n|move|p2a: Charizard|Heat Wave|p1b: Froslass|[spread] p1a,p1b\n|-supereffective|p1b: Froslass|1\n|-damage|p1a: Sneasler|0 fnt\n|-damage|p1b: Froslass|0 fnt\n|faint|p1a: Sneasler\n|faint|p1b: Froslass\n|\n|win|Vonneumannalgebra\n|raw|miredsvgc's rating: 1411 &rarr; <strong>1390</strong><br />(-21 for losing)\n|raw|Vonneumannalgebra's rating: 1400 &rarr; <strong>1421</strong><br />(+21 for winning)\n",
  "uploadtime": 1776365772,
  "views": 31,
  "formatid": "gen9championsvgc2026regma",
  "rating": 1390,
  "private": 0,
  "password": null
}