{
  "id": "gen9championsvgc2026regma-2584564555",
  "format": "[Gen 9 Champions] VGC 2026 Reg M-A",
  "players": [
    "Terry From HR",
    "mobmasher99"
  ],
  "log": "|j|\u2606Terry From HR\n|j|\u2606mobmasher99\n|t:|1776269067\n|gametype|doubles\n|player|p1|Terry From HR|hilbert|1094\n|player|p2|mobmasher99|teamrocket|1000\n|gen|9\n|tier|[Gen 9 Champions] VGC 2026 Reg M-A\n|rated|\n|rule|Species Clause: Limit one of each Pok\u00e9mon\n|rule|Item Clause: Limit 1 of each item\n|clearpoke\n|poke|p1|Meganium, L50, F|\n|poke|p1|Aerodactyl, L50, F|\n|poke|p1|Ninetales-Alola, L50, F|\n|poke|p1|Stunfisk, L50, M|\n|poke|p1|Incineroar, L50, F|\n|poke|p1|Lucario, L50, M|\n|poke|p2|Froslass, L50, F|\n|poke|p2|Beartic, L50, F|\n|poke|p2|Incineroar, L50, F|\n|poke|p2|Aerodactyl, L50, M|\n|poke|p2|Sinistcha, L50|\n|poke|p2|Empoleon, L50, M|\n|teampreview|4\n|inactive|Battle timer is ON: inactive players will automatically lose when time's up. (requested by mobmasher99)\n|inactive|mobmasher99 has 60 seconds left.\n|\n|t:|1776269100\n|teamsize|p1|4\n|teamsize|p2|4\n|start\n|switch|p1a: Aerodactyl|Aerodactyl, L50, F|100/100\n|switch|p1b: Meganium|Meganium, L50, F|100/100\n|switch|p2a: Incineroar|Incineroar, L50, F|100/100\n|switch|p2b: Aerodactyl|Aerodactyl, L50, M|100/100\n|-ability|p1a: Aerodactyl|Unnerve\n|-ability|p2b: Aerodactyl|Unnerve\n|-ability|p2a: Incineroar|Intimidate|boost\n|-unboost|p1a: Aerodactyl|atk|1\n|-unboost|p1b: Meganium|atk|1\n|turn|1\n|\n|t:|1776269110\n|move|p1b: Meganium|Protect|p1b: Meganium\n|-singleturn|p1b: Meganium|Protect\n|move|p2a: Incineroar|Fake Out|p1a: Aerodactyl\n|-resisted|p1a: Aerodactyl|1\n|-damage|p1a: Aerodactyl|90/100\n|cant|p1a: Aerodactyl|flinch\n|move|p2b: Aerodactyl|Dual Wingbeat|p1b: Meganium\n|-activate|p1b: Meganium|move: Protect\n|\n|upkeep\n|turn|2\n|\n|t:|1776269122\n|switch|p1b: Incineroar|Incineroar, L50, F|100/100\n|-ability|p1b: Incineroar|Intimidate|boost\n|-unboost|p2a: Incineroar|atk|1\n|-unboost|p2b: Aerodactyl|atk|1\n|move|p1a: Aerodactyl|Tailwind|p1a: Aerodactyl\n|-sidestart|p1: Terry From HR|move: Tailwind\n|move|p2b: Aerodactyl|Dual Wingbeat|p1b: Incineroar\n|-damage|p1b: Incineroar|87/100\n|-damage|p1b: Incineroar|73/100\n|-hitcount|p1b: Incineroar|2\n|move|p2a: Incineroar|Flare Blitz|p1b: Incineroar\n|-resisted|p1b: Incineroar|1\n|-damage|p1b: Incineroar|52/100\n|-damage|p2a: Incineroar|94/100|[from] Recoil\n|\n|upkeep\n|turn|3\n|\n|t:|1776269139\n|move|p2b: Aerodactyl|Protect|p2b: Aerodactyl\n|-singleturn|p2b: Aerodactyl|Protect\n|move|p1b: Incineroar|Fake Out|p2b: Aerodactyl\n|-activate|p2b: Aerodactyl|move: Protect\n|move|p1a: Aerodactyl|Rock Slide|p2a: Incineroar|[spread] p2a\n|-activate|p2b: Aerodactyl|move: Protect\n|-supereffective|p2a: Incineroar|1\n|-damage|p2a: Incineroar|60/100\n|move|p2a: Incineroar|Parting Shot|p1a: Aerodactyl\n|-unboost|p1a: Aerodactyl|atk|1\n|-unboost|p1a: Aerodactyl|spa|1\n|\n|t:|1776269143\n|switch|p2a: Beartic|Beartic, L50, F|100/100|[from] Parting Shot\n|\n|upkeep\n|turn|4\n|\n|t:|1776269155\n|move|p1a: Aerodactyl|Protect|p1a: Aerodactyl\n|-singleturn|p1a: Aerodactyl|Protect\n|move|p2b: Aerodactyl|Rock Slide|p1b: Incineroar|[spread] p1b\n|-activate|p1a: Aerodactyl|move: Protect\n|-supereffective|p1b: Incineroar|1\n|-damage|p1b: Incineroar|8/100\n|move|p1b: Incineroar|Flare Blitz|p2a: Beartic\n|-supereffective|p2a: Beartic|1\n|-enditem|p2a: Beartic|Focus Sash\n|-damage|p2a: Beartic|1/100\n|-status|p2a: Beartic|brn\n|-damage|p1b: Incineroar|0 fnt|[from] Recoil\n|faint|p1b: Incineroar\n|move|p2a: Beartic|Earthquake|p1a: Aerodactyl|[spread] \n|-activate|p1a: Aerodactyl|move: Protect\n|-immune|p2b: Aerodactyl\n|\n|-damage|p2a: Beartic|0 fnt|[from] brn\n|faint|p2a: Beartic\n|upkeep\n|\n|t:|1776269162\n|switch|p2a: Incineroar|Incineroar, L50, F|60/100\n|switch|p1b: Meganium|Meganium, L50, F|100/100\n|-ability|p2a: Incineroar|Intimidate|boost\n|-unboost|p1a: Aerodactyl|atk|1\n|-unboost|p1b: Meganium|atk|1\n|turn|5\n|\n|t:|1776269179\n|switch|p1a: Stunfisk|Stunfisk, L50, M|100/100\n|move|p1b: Meganium|Protect|p1b: Meganium\n|-singleturn|p1b: Meganium|Protect\n|move|p2a: Incineroar|Fake Out|p1a: Stunfisk\n|-damage|p1a: Stunfisk|84/100\n|move|p2b: Aerodactyl|Rock Slide|p1b: Meganium|[spread] p1a\n|-activate|p1b: Meganium|move: Protect\n|-resisted|p1a: Stunfisk|1\n|-damage|p1a: Stunfisk|71/100\n|\n|-sideend|p1: Terry From HR|move: Tailwind\n|upkeep\n|turn|6\n|inactive|Terry From HR has 30 seconds left.\n|inactive|Terry From HR has 20 seconds left.\n|inactive|Terry From HR has 15 seconds left.\n|\n|t:|1776269219\n|switch|p2b: Sinistcha|Sinistcha, L50|100/100\n|-heal|p2a: Incineroar|85/100|[from] ability: Hospitality|[of] p2b: Sinistcha\n|detailschange|p1b: Meganium|Meganium-Mega, L50, F\n|-mega|p1b: Meganium|Meganium|Meganiumite\n|move|p1b: Meganium|Solar Beam||[still]\n|-prepare|p1b: Meganium|Solar Beam\n|-activate|p1b: Meganium|ability: Mega Sol\n|-anim|p1b: Meganium|Solar Beam|p2b: Sinistcha\n|-resisted|p2b: Sinistcha|1\n|-damage|p2b: Sinistcha|74/100\n|move|p1a: Stunfisk|Earth Power|p2a: Incineroar\n|-supereffective|p2a: Incineroar|1\n|-damage|p2a: Incineroar|19/100\n|-enditem|p2a: Incineroar|Sitrus Berry|[eat]\n|-heal|p2a: Incineroar|44/100|[from] item: Sitrus Berry\n|move|p2a: Incineroar|Flare Blitz|p1b: Meganium\n|-supereffective|p1b: Meganium|1\n|-damage|p1b: Meganium|0 fnt\n|faint|p1b: Meganium\n|-damage|p2a: Incineroar|18/100|[from] Recoil\n|\n|upkeep\n|\n|t:|1776269222\n|switch|p1b: Aerodactyl|Aerodactyl, L50, F|90/100\n|-ability|p1b: Aerodactyl|Unnerve\n|turn|7\n|\n|t:|1776269241\n|switch|p2a: Aerodactyl|Aerodactyl, L50, M|100/100\n|-ability|p2a: Aerodactyl|Unnerve\n|move|p1b: Aerodactyl|Dual Wingbeat|p2b: Sinistcha\n|-supereffective|p2b: Sinistcha|1\n|-damage|p2b: Sinistcha|36/100\n|-supereffective|p2b: Sinistcha|1\n|-damage|p2b: Sinistcha|2/100\n|-hitcount|p2b: Sinistcha|2\n|move|p1a: Stunfisk|Earth Power|p2a: Aerodactyl\n|-immune|p2a: Aerodactyl\n|move|p2b: Sinistcha|Strength Sap|p1b: Aerodactyl\n|-unboost|p1b: Aerodactyl|atk|1\n|-heal|p2b: Sinistcha|90/100\n|\n|upkeep\n|turn|8\n|inactive|Terry From HR has 30 seconds left.\n|\n|t:|1776269267\n|move|p2b: Sinistcha|Rage Powder|p2b: Sinistcha\n|-singleturn|p2b: Sinistcha|move: Rage Powder\n|move|p1b: Aerodactyl|Tailwind|p1b: Aerodactyl\n|-sidestart|p1: Terry From HR|move: Tailwind\n|move|p1a: Stunfisk|Earth Power|p2b: Sinistcha\n|-resisted|p2b: Sinistcha|1\n|-damage|p2b: Sinistcha|76/100\n|move|p2a: Aerodactyl|Rock Slide|p1b: Aerodactyl|[spread] p1a,p1b\n|-resisted|p1a: Stunfisk|1\n|-supereffective|p1b: Aerodactyl|1\n|-damage|p1a: Stunfisk|54/100\n|-damage|p1b: Aerodactyl|0 fnt\n|faint|p1b: Aerodactyl\n|\n|upkeep\n|turn|9\n|-message|Terry From HR forfeited.\n|\n|win|mobmasher99\n|raw|Terry From HR's rating: 1094 &rarr; <strong>1064</strong><br />(-30 for losing)\n|raw|mobmasher99's rating: 1000 &rarr; <strong>1051</strong><br />(+51 for winning)\n|l|\u2606Terry From HR\n|player|p1|\n",
  "uploadtime": 1776269279,
  "views": 27,
  "formatid": "gen9championsvgc2026regma",
  "rating": 1051,
  "private": 0,
  "password": null
}