{
  "id": "gen9championsvgc2026regma-2588803854",
  "format": "[Gen 9 Champions] VGC 2026 Reg M-A",
  "players": [
    "summermayflower",
    "flarrium"
  ],
  "log": "|j|\u2606summermayflower\n|j|\u2606flarrium\n|t:|1776672870\n|gametype|doubles\n|player|p1|summermayflower|flannery|1058\n|player|p2|flarrium|169|1009\n|gen|9\n|tier|[Gen 9 Champions] VGC 2026 Reg M-A\n|rated|\n|rule|Species Clause: Limit one of each Pok\u00e9mon\n|rule|Item Clause: Limit 1 of each item\n|clearpoke\n|poke|p1|Abomasnow, L50, M|\n|poke|p1|Oranguru, L50, M|\n|poke|p1|Blastoise, L50, M|\n|poke|p1|Kingambit, L50, M|\n|poke|p1|Aerodactyl, L50, M|\n|poke|p1|Incineroar, L50, M|\n|poke|p2|Beedrill, L50, M|\n|poke|p2|Decidueye, L50, F|\n|poke|p2|Snorlax, L50, M|\n|poke|p2|Sableye, L50, M|\n|poke|p2|Goodra-Hisui, L50, M|\n|poke|p2|Arcanine, L50, M|\n|teampreview|4\n|inactive|Battle timer is ON: inactive players will automatically lose when time's up. (requested by summermayflower)\n|inactive|summermayflower has 60 seconds left.\n|\n|t:|1776672909\n|teamsize|p1|4\n|teamsize|p2|4\n|start\n|switch|p1a: Nestle|Aerodactyl, L50, M|100/100\n|switch|p1b: Garfield|Incineroar, L50, M|100/100\n|switch|p2a: Beedrill|Beedrill, L50, M|100/100\n|switch|p2b: Arcanine|Arcanine, L50, M|100/100\n|-ability|p1a: Nestle|Unnerve\n|-ability|p2b: Arcanine|Intimidate|boost\n|-unboost|p1a: Nestle|atk|1\n|-unboost|p1b: Garfield|atk|1\n|-ability|p1b: Garfield|Intimidate|boost\n|-unboost|p2a: Beedrill|atk|1\n|-unboost|p2b: Arcanine|atk|1\n|turn|1\n|inactive|summermayflower has 30 seconds left.\n|inactive|summermayflower has 20 seconds left.\n|\n|t:|1776672945\n|detailschange|p2a: Beedrill|Beedrill-Mega, L50, M\n|-mega|p2a: Beedrill|Beedrill|Beedrillite\n|move|p2a: Beedrill|Protect|p2a: Beedrill\n|-singleturn|p2a: Beedrill|Protect\n|move|p1a: Nestle|Rock Slide|p2a: Beedrill|[spread] p2b\n|-activate|p2a: Beedrill|move: Protect\n|-supereffective|p2b: Arcanine|1\n|-damage|p2b: Arcanine|70/100\n|move|p2b: Arcanine|Will-O-Wisp|p1a: Nestle\n|-status|p1a: Nestle|brn\n|move|p1b: Garfield|Throat Chop|p2b: Arcanine\n|-damage|p2b: Arcanine|50/100\n|-start|p2b: Arcanine|Throat Chop|[silent]\n|\n|-damage|p1a: Nestle|95/100 brn|[from] brn\n|upkeep\n|turn|2\n|inactive|summermayflower has 30 seconds left.\n|inactive|summermayflower has 20 seconds left.\n|\n|t:|1776672981\n|move|p2b: Arcanine|Extreme Speed|p1b: Garfield\n|-damage|p1b: Garfield|91/100\n|move|p2a: Beedrill|U-turn|p1a: Nestle\n|-resisted|p1a: Nestle|1\n|-damage|p1a: Nestle|63/100 brn\n|\n|t:|1776672998\n|switch|p2a: Snorlax|Snorlax, L50, M|100/100|[from] U-turn\n|move|p1a: Nestle|Tailwind|p1a: Nestle\n|-sidestart|p1: summermayflower|move: Tailwind\n|move|p1b: Garfield|Flare Blitz|p2a: Snorlax\n|-damage|p2a: Snorlax|88/100\n|-damage|p1b: Garfield|86/100|[from] Recoil\n|\n|-damage|p1a: Nestle|57/100 brn|[from] brn\n|-end|p2b: Arcanine|Throat Chop|[silent]\n|upkeep\n|turn|3\n|inactive|summermayflower has 30 seconds left.\n|inactive|summermayflower has 20 seconds left.\n|inactive|summermayflower has 15 seconds left.\n|inactive|summermayflower has 10 seconds left.\n|\n|t:|1776673045\n|switch|p1b: Harambe|Oranguru, L50, M|100/100\n|move|p2b: Arcanine|Extreme Speed|p1b: Harambe\n|-damage|p1b: Harambe|85/100\n|move|p1a: Nestle|Rock Slide|p2b: Arcanine|[spread] p2a\n|-miss|p1a: Nestle|p2b: Arcanine\n|-damage|p2a: Snorlax|81/100\n|move|p2a: Snorlax|Belly Drum|p2a: Snorlax\n|-damage|p2a: Snorlax|31/100\n|-setboost|p2a: Snorlax|atk|6|[from] move: Belly Drum\n|\n|-damage|p1a: Nestle|51/100 brn|[from] brn\n|upkeep\n|turn|4\n|\n|t:|1776673068\n|move|p1a: Nestle|Rock Slide|p2b: Arcanine|[spread] p2a,p2b\n|-supereffective|p2b: Arcanine|1\n|-crit|p2b: Arcanine\n|-damage|p2a: Snorlax|26/100\n|-damage|p2b: Arcanine|12/100\n|move|p1b: Harambe|Psychic|p2a: Snorlax\n|-damage|p2a: Snorlax|8/100\n|cant|p2b: Arcanine|flinch\n|move|p2a: Snorlax|Ice Punch|p1a: Nestle\n|-supereffective|p1a: Nestle|1\n|-damage|p1a: Nestle|0 fnt\n|-enditem|p2a: Snorlax|Sitrus Berry|[eat]\n|-heal|p2a: Snorlax|33/100|[from] item: Sitrus Berry\n|faint|p1a: Nestle\n|\n|upkeep\n|\n|t:|1776673081\n|switch|p1a: Garfield|Incineroar, L50, M|86/100\n|-ability|p1a: Garfield|Intimidate|boost\n|-unboost|p2a: Snorlax|atk|1\n|-unboost|p2b: Arcanine|atk|1\n|turn|5\n|\n|t:|1776673101\n|move|p1a: Garfield|Fake Out|p2a: Snorlax\n|-damage|p2a: Snorlax|25/100\n|move|p1b: Harambe|Psychic|p2a: Snorlax\n|-damage|p2a: Snorlax|6/100\n|move|p2b: Arcanine|Flare Blitz|p1b: Harambe\n|-damage|p1b: Harambe|56/100\n|-damage|p2b: Arcanine|2/100|[from] Recoil\n|cant|p2a: Snorlax|flinch\n|\n|-sideend|p1: summermayflower|move: Tailwind\n|upkeep\n|turn|6\n|\n|t:|1776673125\n|move|p2b: Arcanine|Extreme Speed|p1b: Harambe\n|-damage|p1b: Harambe|44/100\n|move|p1b: Harambe|Psychic|p2b: Arcanine\n|-damage|p2b: Arcanine|0 fnt\n|faint|p2b: Arcanine\n|move|p1a: Garfield|Throat Chop|p2a: Snorlax\n|-damage|p2a: Snorlax|0 fnt\n|faint|p2a: Snorlax\n|\n|upkeep\n|\n|t:|1776673135\n|switch|p2b: Beedrill|Beedrill-Mega, L50, M|100/100\n|switch|p2a: Sableye|Sableye, L50, M|100/100\n|turn|7\n|\n|t:|1776673149\n|move|p2a: Sableye|Fake Out|p1b: Harambe\n|-damage|p1b: Harambe|36/100\n|move|p2b: Beedrill|Drill Run|p1a: Garfield\n|-supereffective|p1a: Garfield|1\n|-damage|p1a: Garfield|44/100\n|-enditem|p1a: Garfield|Sitrus Berry|[eat]\n|-heal|p1a: Garfield|69/100|[from] item: Sitrus Berry\n|move|p1a: Garfield|Flare Blitz|p2b: Beedrill\n|-supereffective|p2b: Beedrill|1\n|-damage|p2b: Beedrill|0 fnt\n|faint|p2b: Beedrill\n|-damage|p1a: Garfield|45/100|[from] Recoil\n|move|p1b: Harambe|Trick Room|p1b: Harambe\n|-fieldstart|move: Trick Room|[of] p1b: Harambe\n|\n|upkeep\n|turn|8\n|-message|flarrium forfeited.\n|\n|win|summermayflower\n|raw|summermayflower's rating: 1058 &rarr; <strong>1085</strong><br />(+27 for winning)\n|raw|flarrium's rating: 1009 &rarr; <strong>1000</strong><br />(-9 for losing)\n|l|\u2606flarrium\n|player|p2|\n",
  "uploadtime": 1776673169,
  "views": 21,
  "formatid": "gen9championsvgc2026regma",
  "rating": 1000,
  "private": 0,
  "password": null
}