{
  "id": "gen9championsvgc2026regma-2582366714",
  "format": "[Gen 9 Champions] VGC 2026 Reg M-A",
  "players": [
    "aghostdf",
    "iccr"
  ],
  "log": "|j|\u2606aghostdf\n|j|\u2606iccr\n|t:|1776086802\n|gametype|doubles\n|player|p1|aghostdf|170|1051\n|player|p2|iccr|1|1000\n|gen|9\n|tier|[Gen 9 Champions] VGC 2026 Reg M-A\n|rated|\n|rule|Species Clause: Limit one of each Pok\u00e9mon\n|rule|Item Clause: Limit 1 of each item\n|clearpoke\n|poke|p1|Alakazam, L50, F|\n|poke|p1|Rotom-Wash, L50|\n|poke|p1|Skarmory, L50, M|\n|poke|p1|Scizor, L50, M|\n|poke|p1|Gengar, L50, M|\n|poke|p1|Arcanine, L50, M|\n|poke|p2|Pelipper, L50, F|\n|poke|p2|Basculegion-F, L50, F|\n|poke|p2|Starmie, L50|\n|poke|p2|Dragonite, L50, M|\n|poke|p2|Archaludon, L50, M|\n|poke|p2|Sneasler, L50, M|\n|teampreview|4\n|inactive|Battle timer is ON: inactive players will automatically lose when time's up. (requested by iccr)\n|\n|t:|1776086830\n|teamsize|p1|4\n|teamsize|p2|4\n|start\n|switch|p1a: Rotom|Rotom-Wash, L50|100/100\n|switch|p1b: Skarmory|Skarmory, L50, M|100/100\n|switch|p2a: Pelipper|Pelipper, L50, F|100/100\n|switch|p2b: Basculegion|Basculegion-F, L50, F, shiny|100/100\n|-weather|RainDance|[from] ability: Drizzle|[of] p2a: Pelipper\n|turn|1\n|inactive|aghostdf has 30 seconds left.\n|\n|t:|1776086859\n|move|p2b: Basculegion|Shadow Ball|p1a: Rotom\n|-damage|p1a: Rotom|65/100\n|move|p2a: Pelipper|Hurricane|p1a: Rotom\n|-resisted|p1a: Rotom|1\n|-damage|p1a: Rotom|44/100\n|move|p1a: Rotom|Volt Switch|p2b: Basculegion\n|-supereffective|p2b: Basculegion|1\n|-damage|p2b: Basculegion|38/100\n|\n|t:|1776086869\n|switch|p1a: Scizor|Scizor, L50, M|100/100|[from] Volt Switch\n|move|p1b: Skarmory|Spikes|p2b: Basculegion\n|-sidestart|p2: iccr|Spikes\n|\n|-weather|RainDance|[upkeep]\n|upkeep\n|turn|2\n|\n|t:|1776086894\n|move|p2b: Basculegion|Shadow Ball|p1a: Scizor\n|-damage|p1a: Scizor|51/100\n|move|p2a: Pelipper|Hurricane|p1a: Scizor\n|-damage|p1a: Scizor|0 fnt\n|faint|p1a: Scizor\n|move|p1b: Skarmory|Rock Slide|p2a: Pelipper|[spread] p2a,p2b\n|-supereffective|p2a: Pelipper|1\n|-crit|p2a: Pelipper\n|-damage|p2a: Pelipper|58/100\n|-damage|p2b: Basculegion|23/100\n|\n|-weather|RainDance|[upkeep]\n|upkeep\n|\n|t:|1776086902\n|switch|p1a: Rotom|Rotom-Wash, L50|44/100\n|turn|3\n|\n|t:|1776086914\n|move|p2b: Basculegion|Shadow Ball|p1a: Rotom\n|-damage|p1a: Rotom|6/100\n|-unboost|p1a: Rotom|spd|1\n|move|p2a: Pelipper|Hurricane|p1a: Rotom\n|-resisted|p1a: Rotom|1\n|-damage|p1a: Rotom|0 fnt\n|faint|p1a: Rotom\n|move|p1b: Skarmory|Rock Slide|p2b: Basculegion|[spread] p2a,p2b\n|-supereffective|p2a: Pelipper|1\n|-damage|p2a: Pelipper|28/100\n|-damage|p2b: Basculegion|9/100\n|\n|-weather|RainDance|[upkeep]\n|upkeep\n|\n|t:|1776086921\n|switch|p1a: Alakazam|Alakazam, L50, F|100/100\n|turn|4\n|\n|t:|1776086927\n|detailschange|p1a: Alakazam|Alakazam-Mega, L50, F\n|-mega|p1a: Alakazam|Alakazam|Alakazite\n|-ability|p1a: Alakazam|Drizzle|Trace|[from] ability: Trace|[of] p2a: Pelipper\n|move|p2b: Basculegion|Icy Wind|p1b: Skarmory|[spread] p1a,p1b\n|-damage|p1a: Alakazam|83/100\n|-damage|p1b: Skarmory|84/100\n|-unboost|p1a: Alakazam|spe|1\n|-unboost|p1b: Skarmory|spe|1\n|move|p1a: Alakazam|Shadow Ball|p2b: Basculegion\n|-supereffective|p2b: Basculegion|1\n|-damage|p2b: Basculegion|0 fnt\n|faint|p2b: Basculegion\n|move|p2a: Pelipper|Tailwind|p2a: Pelipper\n|-sidestart|p2: iccr|move: Tailwind\n|move|p1b: Skarmory|Rock Slide|p2a: Pelipper\n|-supereffective|p2a: Pelipper|1\n|-damage|p2a: Pelipper|0 fnt\n|faint|p2a: Pelipper\n|\n|-weather|RainDance|[upkeep]\n|upkeep\n|\n|t:|1776086944\n|switch|p2b: Archaludon|Archaludon, L50, M|100/100\n|switch|p2a: Dragonite|Dragonite, L50, M, shiny|100/100\n|-damage|p2b: Archaludon|89/100|[from] Spikes\n|turn|5\n|\n|t:|1776086956\n|detailschange|p2a: Dragonite|Dragonite-Mega, L50, M, shiny\n|-mega|p2a: Dragonite|Dragonite|Dragoninite\n|move|p2a: Dragonite|Draco Meteor|p1a: Alakazam\n|-damage|p1a: Alakazam|0 fnt\n|-unboost|p2a: Dragonite|spa|2\n|faint|p1a: Alakazam\n|move|p2b: Archaludon|Electro Shot||[still]\n|-prepare|p2b: Archaludon|Electro Shot\n|-boost|p2b: Archaludon|spa|1\n|-anim|p2b: Archaludon|Electro Shot|p1b: Skarmory\n|-supereffective|p1b: Skarmory|1\n|-damage|p1b: Skarmory|0 fnt\n|faint|p1b: Skarmory\n|\n|win|iccr\n|raw|aghostdf's rating: 1051 &rarr; <strong>1031</strong><br />(-20 for losing)\n|raw|iccr's rating: 1000 &rarr; <strong>1046</strong><br />(+46 for winning)\n|l|\u2606aghostdf\n|player|p1|\n",
  "uploadtime": 1776086970,
  "views": 19,
  "formatid": "gen9championsvgc2026regma",
  "rating": 1031,
  "private": 0,
  "password": null
}