{
  "id": "gen9championsvgc2026regma-2581868361",
  "format": "[Gen 9 Champions] VGC 2026 Reg M-A",
  "players": [
    "Teik",
    "pandahsal"
  ],
  "log": "|j|\u2606Teik\n|j|\u2606pandahsal\n|t:|1776035170\n|gametype|doubles\n|player|p1|Teik|byron|1361\n|player|p2|pandahsal|morty|1320\n|gen|9\n|tier|[Gen 9 Champions] VGC 2026 Reg M-A\n|rated|\n|rule|Species Clause: Limit one of each Pok\u00e9mon\n|rule|Item Clause: Limit 1 of each item\n|clearpoke\n|poke|p1|Aggron, L50, F|\n|poke|p1|Pelipper, L50, M|\n|poke|p1|Decidueye-Hisui, L50, F|\n|poke|p1|Farigiraf, L50, F|\n|poke|p1|Bellibolt, L50, M|\n|poke|p1|Kingambit, L50, M|\n|poke|p2|Charizard, L50, F|\n|poke|p2|Sneasler, L50, M|\n|poke|p2|Rotom-Wash, L50|\n|poke|p2|Kingambit, L50, M|\n|poke|p2|Garchomp, L50, F|\n|poke|p2|Whimsicott, L50, F|\n|teampreview|4\n|j| brady gaga 3.7\n|l| brady gaga 3.7\n|\n|t:|1776035217\n|teamsize|p1|4\n|teamsize|p2|4\n|start\n|switch|p1a: capucho|Farigiraf, L50, F|100/100\n|switch|p1b: Magen|Bellibolt, L50, M|100/100\n|switch|p2a: Charizard|Charizard, L50, F, shiny|100/100\n|switch|p2b: Rotom|Rotom-Wash, L50|100/100\n|turn|1\n|\n|t:|1776035235\n|detailschange|p2a: Charizard|Charizard-Mega-Y, L50, F, shiny\n|-mega|p2a: Charizard|Charizard|Charizardite Y\n|-weather|SunnyDay|[from] ability: Drought|[of] p2a: Charizard\n|move|p1b: Magen|Protect|p1b: Magen\n|-singleturn|p1b: Magen|Protect\n|move|p2a: Charizard|Heat Wave|p1a: capucho|[spread] p1a\n|-activate|p1b: Magen|move: Protect\n|-damage|p1a: capucho|48/100\n|move|p2b: Rotom|Volt Switch|p1a: capucho\n|-damage|p1a: capucho|21/100\n|\n|t:|1776035249\n|switch|p2b: Garchomp|Garchomp, L50, F|100/100|[from] Volt Switch\n|move|p1a: capucho|Trick Room|p1a: capucho\n|-fieldstart|move: Trick Room|[of] p1a: capucho\n|\n|-weather|SunnyDay|[upkeep]\n|upkeep\n|turn|2\n|\n|t:|1776035285\n|switch|p1b: Zapote|Pelipper, L50, M|100/100\n|-weather|RainDance|[from] ability: Drizzle|[of] p1b: Zapote\n|move|p1a: capucho|Protect|p1a: capucho\n|-singleturn|p1a: capucho|Protect\n|move|p2a: Charizard|Protect|p2a: Charizard\n|-singleturn|p2a: Charizard|Protect\n|move|p2b: Garchomp|Earthquake|p1b: Zapote|[spread] \n|-activate|p2a: Charizard|move: Protect\n|-activate|p1a: capucho|move: Protect\n|-immune|p1b: Zapote\n|\n|-weather|RainDance|[upkeep]\n|upkeep\n|turn|3\n|\n|t:|1776035311\n|switch|p2a: Rotom|Rotom-Wash, L50|100/100\n|switch|p2b: Whimsicott|Whimsicott, L50, F|100/100\n|move|p1a: capucho|Hyper Voice|p2b: Whimsicott|[spread] p2a,p2b\n|-damage|p2a: Rotom|73/100\n|-damage|p2b: Whimsicott|69/100\n|move|p1b: Zapote|Weather Ball|p2b: Whimsicott\n|-resisted|p2b: Whimsicott|1\n|-damage|p2b: Whimsicott|21/100\n|\n|-weather|RainDance|[upkeep]\n|-heal|p2a: Rotom|79/100|[from] item: Leftovers\n|upkeep\n|turn|4\n|\n|t:|1776035334\n|move|p1b: Zapote|Protect|p1b: Zapote\n|-singleturn|p1b: Zapote|Protect\n|move|p2b: Whimsicott|Sunny Day|p2b: Whimsicott\n|-weather|SunnyDay\n|move|p1a: capucho|Hyper Voice|p2a: Rotom|[spread] p2a,p2b\n|-damage|p2a: Rotom|50/100\n|-damage|p2b: Whimsicott|0 fnt\n|faint|p2b: Whimsicott\n|move|p2a: Rotom|Discharge|p1b: Zapote|[spread] p1a\n|-activate|p1b: Zapote|move: Protect\n|-damage|p1a: capucho|0 fnt\n|faint|p1a: capucho\n|\n|-weather|SunnyDay|[upkeep]\n|-heal|p2a: Rotom|56/100|[from] item: Leftovers\n|upkeep\n|\n|t:|1776035357\n|switch|p1a: Ronin|Decidueye-Hisui, L50, F|100/100\n|switch|p2b: Charizard|Charizard-Mega-Y, L50, F, shiny|100/100\n|turn|5\n|\n|t:|1776035375\n|switch|p2a: Garchomp|Garchomp, L50, F|100/100\n|move|p2b: Charizard|Protect|p2b: Charizard\n|-singleturn|p2b: Charizard|Protect\n|move|p1b: Zapote|Wide Guard|p1b: Zapote\n|-singleturn|p1b: Zapote|Wide Guard\n|move|p1a: Ronin|Leaf Blade|p2a: Garchomp\n|-damage|p2a: Garchomp|59/100\n|-damage|p1a: Ronin|88/100|[from] ability: Rough Skin|[of] p2a: Garchomp\n|\n|-weather|SunnyDay|[upkeep]\n|-fieldend|move: Trick Room\n|upkeep\n|turn|6\n|\n|t:|1776035405\n|move|p1b: Zapote|Protect||[still]\n|-fail|p1b: Zapote\n|move|p1a: Ronin|Protect|p1a: Ronin\n|-singleturn|p1a: Ronin|Protect\n|move|p2a: Garchomp|Dragon Claw|p1a: Ronin\n|-activate|p1a: Ronin|move: Protect\n|move|p2b: Charizard|Heat Wave|p1b: Zapote|[spread] p1b\n|-activate|p1a: Ronin|move: Protect\n|-resisted|p1b: Zapote|1\n|-damage|p1b: Zapote|51/100\n|\n|-weather|SunnyDay|[upkeep]\n|upkeep\n|turn|7\n|\n|t:|1776035426\n|move|p1b: Zapote|Wide Guard|p1b: Zapote\n|-singleturn|p1b: Zapote|Wide Guard\n|move|p2a: Garchomp|Dragon Claw|p1a: Ronin\n|-damage|p1a: Ronin|38/100\n|move|p2b: Charizard|Heat Wave|p1b: Zapote|[spread] \n|-activate|p1a: Ronin|move: Wide Guard\n|-activate|p1b: Zapote|move: Wide Guard\n|move|p1a: Ronin|Leaf Blade|p2a: Garchomp\n|-damage|p2a: Garchomp|16/100\n|-damage|p1a: Ronin|26/100|[from] ability: Rough Skin|[of] p2a: Garchomp\n|\n|-weather|SunnyDay|[upkeep]\n|upkeep\n|turn|8\n|\n|t:|1776035446\n|move|p1a: Ronin|Protect|p1a: Ronin\n|-singleturn|p1a: Ronin|Protect\n|move|p2a: Garchomp|Dragon Claw|p1a: Ronin\n|-activate|p1a: Ronin|move: Protect\n|move|p2b: Charizard|Heat Wave|p1a: Ronin|[spread] p1b\n|-activate|p1a: Ronin|move: Protect\n|-resisted|p1b: Zapote|1\n|-damage|p1b: Zapote|3/100\n|-enditem|p1b: Zapote|Sitrus Berry|[eat]\n|-heal|p1b: Zapote|27/100|[from] item: Sitrus Berry\n|move|p1b: Zapote|Weather Ball|p2a: Garchomp\n|-resisted|p2a: Garchomp|1\n|-damage|p2a: Garchomp|0 fnt\n|faint|p2a: Garchomp\n|\n|-weather|none\n|upkeep\n|\n|t:|1776035461\n|switch|p2a: Rotom|Rotom-Wash, L50|56/100\n|turn|9\n|\n|t:|1776035493\n|switch|p1b: Magen|Bellibolt, L50, M|100/100\n|move|p2b: Charizard|Weather Ball|p1a: Ronin\n|-damage|p1a: Ronin|4/100\n|move|p2a: Rotom|Volt Switch|p1b: Magen\n|-resisted|p1b: Magen|1\n|-damage|p1b: Magen|84/100\n|-start|p1b: Magen|Charge|Volt Switch|[from] ability: Electromorphosis\n|move|p1a: Ronin|Leaf Blade|p2a: Rotom\n|-supereffective|p2a: Rotom|1\n|-damage|p2a: Rotom|0 fnt\n|faint|p2a: Rotom\n|\n|upkeep\n|turn|10\n|\n|t:|1776035506\n|move|p1a: Ronin|Protect|p1a: Ronin\n|-singleturn|p1a: Ronin|Protect\n|move|p2b: Charizard|Heat Wave|p1a: Ronin|[spread] p1b\n|-activate|p1a: Ronin|move: Protect\n|-damage|p1b: Magen|41/100\n|-start|p1b: Magen|Charge|Heat Wave|[from] ability: Electromorphosis\n|move|p1b: Magen|Discharge|p2b: Charizard|[spread] p2b\n|-activate|p1a: Ronin|move: Protect\n|-supereffective|p2b: Charizard|1\n|-damage|p2b: Charizard|0 fnt\n|faint|p2b: Charizard\n|-end|p1b: Magen|Charge|[silent]\n|\n|win|Teik\n|raw|Teik's rating: 1361 &rarr; <strong>1379</strong><br />(+18 for winning)\n|raw|pandahsal's rating: 1320 &rarr; <strong>1302</strong><br />(-18 for losing)\n|l|\u2606pandahsal\n|player|p2|\n|l|\u2606Teik\n|player|p1|\n",
  "uploadtime": 1776035604,
  "views": 36,
  "formatid": "gen9championsvgc2026regma",
  "rating": 1302,
  "private": 0,
  "password": null
}