{
  "id": "gen9championsvgc2026regma-2586021809",
  "format": "[Gen 9 Champions] VGC 2026 Reg M-A",
  "players": [
    "Noobilio",
    "LebronFanClub"
  ],
  "log": "|j|\u2606Noobilio\n|j|\u2606LebronFanClub\n|t:|1776391076\n|gametype|doubles\n|player|p1|Noobilio|nurse|1223\n|player|p2|LebronFanClub|parasollady|1230\n|gen|9\n|tier|[Gen 9 Champions] VGC 2026 Reg M-A\n|rated|\n|rule|Species Clause: Limit one of each Pok\u00e9mon\n|rule|Item Clause: Limit 1 of each item\n|clearpoke\n|poke|p1|Archaludon, L50, F|\n|poke|p1|Pelipper, L50, F|\n|poke|p1|Sneasler, L50, F|\n|poke|p1|Incineroar, L50, F|\n|poke|p1|Basculegion, L50, M|\n|poke|p1|Gengar, L50, F|\n|poke|p2|Volcarona, L50, F|\n|poke|p2|Chandelure, L50, M|\n|poke|p2|Whimsicott, L50, M|\n|poke|p2|Garchomp, L50, F|\n|poke|p2|Politoed, L50, M|\n|poke|p2|Basculegion, L50, M|\n|teampreview|4\n|\n|t:|1776391101\n|teamsize|p1|4\n|teamsize|p2|4\n|start\n|switch|p1a: Gengar|Gengar, L50, F, shiny|100/100\n|switch|p1b: Basculegion|Basculegion, L50, M|100/100\n|switch|p2a: Chandelure|Chandelure, L50, M|100/100\n|switch|p2b: Basculegion|Basculegion, L50, M|100/100\n|turn|1\n|\n|t:|1776391123\n|detailschange|p1a: Gengar|Gengar-Mega, L50, F, shiny\n|-mega|p1a: Gengar|Gengar|Gengarite\n|detailschange|p2a: Chandelure|Chandelure-Mega, L50, M\n|-mega|p2a: Chandelure|Chandelure|Chandelurite\n|move|p1a: Gengar|Protect|p1a: Gengar\n|-singleturn|p1a: Gengar|Protect\n|move|p2a: Chandelure|Protect|p2a: Chandelure\n|-singleturn|p2a: Chandelure|Protect\n|move|p2b: Basculegion|Flip Turn|p1a: Gengar\n|-activate|p1a: Gengar|move: Protect\n|move|p1b: Basculegion|Wave Crash|p2a: Chandelure\n|-activate|p2a: Chandelure|move: Protect\n|\n|upkeep\n|turn|2\n|\n|t:|1776391149\n|switch|p2a: Politoed|Politoed, L50, M|100/100\n|-weather|RainDance|[from] ability: Drizzle|[of] p2a: Politoed\n|move|p2b: Basculegion|Flip Turn|p1a: Gengar\n|-damage|p1a: Gengar|11/100\n|\n|t:|1776391155\n|switch|p2b: Whimsicott|Whimsicott, L50, M|100/100|[from] Flip Turn\n|move|p1a: Gengar|Shadow Ball|p2a: Politoed\n|-damage|p2a: Politoed|53/100\n|move|p1b: Basculegion|Wave Crash|p2b: Whimsicott\n|-resisted|p2b: Whimsicott|1\n|-damage|p2b: Whimsicott|5/100\n|-damage|p1b: Basculegion|79/100|[from] Recoil\n|\n|-weather|RainDance|[upkeep]\n|upkeep\n|turn|3\n|\n|t:|1776391169\n|move|p2b: Whimsicott|Tailwind|p2b: Whimsicott\n|-sidestart|p2: LebronFanClub|move: Tailwind\n|move|p1a: Gengar|Icy Wind|p2a: Politoed|[spread] p2a,p2b\n|-resisted|p2a: Politoed|1\n|-supereffective|p2b: Whimsicott|1\n|-enditem|p2b: Whimsicott|Yache Berry|[eat]\n|-enditem|p2b: Whimsicott|Yache Berry|[weaken]\n|-damage|p2a: Politoed|46/100\n|-damage|p2b: Whimsicott|0 fnt\n|-unboost|p2a: Politoed|spe|1\n|-enditem|p2a: Politoed|Sitrus Berry|[eat]\n|-heal|p2a: Politoed|71/100|[from] item: Sitrus Berry\n|faint|p2b: Whimsicott\n|move|p1b: Basculegion|Wave Crash|p2a: Politoed\n|-resisted|p2a: Politoed|1\n|-damage|p2a: Politoed|0 fnt\n|faint|p2a: Politoed\n|-damage|p1b: Basculegion|59/100|[from] Recoil\n|\n|-weather|RainDance|[upkeep]\n|upkeep\n|\n|t:|1776391184\n|switch|p2b: Basculegion|Basculegion, L50, M|100/100\n|switch|p2a: Chandelure|Chandelure-Mega, L50, M|100/100\n|turn|4\n|\n|t:|1776391195\n|move|p1a: Gengar|Protect|p1a: Gengar\n|-singleturn|p1a: Gengar|Protect\n|move|p2b: Basculegion|Last Respects|p1a: Gengar\n|-activate|p1a: Gengar|move: Protect\n|move|p2a: Chandelure|Shadow Ball|p1b: Basculegion\n|-supereffective|p1b: Basculegion|1\n|-damage|p1b: Basculegion|0 fnt\n|faint|p1b: Basculegion\n|\n|-weather|RainDance|[upkeep]\n|upkeep\n|\n|t:|1776391206\n|switch|p1b: Archaludon|Archaludon, L50, F|100/100\n|turn|5\n|\n|t:|1776391221\n|switch|p1a: Sneasler|Sneasler, L50, F|100/100\n|move|p2b: Basculegion|Last Respects|p1b: Archaludon\n|-damage|p1b: Archaludon|28/100\n|-ability|p1b: Archaludon|Stamina|boost\n|-boost|p1b: Archaludon|def|1\n|move|p2a: Chandelure|Heat Wave|p1b: Archaludon|[spread] p1a,p1b\n|-damage|p1a: Sneasler|68/100\n|-damage|p1b: Archaludon|5/100\n|-ability|p1b: Archaludon|Stamina|boost\n|-boost|p1b: Archaludon|def|1\n|move|p1b: Archaludon|Electro Shot||[still]\n|-prepare|p1b: Archaludon|Electro Shot\n|-boost|p1b: Archaludon|spa|1\n|-anim|p1b: Archaludon|Electro Shot|p2b: Basculegion\n|-supereffective|p2b: Basculegion|1\n|-damage|p2b: Basculegion|0 fnt\n|faint|p2b: Basculegion\n|\n|-weather|RainDance|[upkeep]\n|-heal|p1b: Archaludon|11/100|[from] item: Leftovers\n|upkeep\n|turn|6\n|\n|t:|1776391240\n|move|p1a: Sneasler|Protect|p1a: Sneasler\n|-singleturn|p1a: Sneasler|Protect\n|move|p1b: Archaludon|Protect|p1b: Archaludon\n|-singleturn|p1b: Archaludon|Protect\n|move|p2a: Chandelure|Heat Wave|p1a: Sneasler|[spread] \n|-activate|p1a: Sneasler|move: Protect\n|-activate|p1b: Archaludon|move: Protect\n|\n|-weather|none\n|-heal|p1b: Archaludon|17/100|[from] item: Leftovers\n|-sideend|p2: LebronFanClub|move: Tailwind\n|upkeep\n|turn|7\n|\n|t:|1776391251\n|move|p1a: Sneasler|Dire Claw|p2a: Chandelure\n|-resisted|p2a: Chandelure|1\n|-damage|p2a: Chandelure|71/100\n|-status|p2a: Chandelure|psn\n|move|p2a: Chandelure|Heat Wave|p1b: Archaludon|[spread] p1a,p1b\n|-damage|p1a: Sneasler|2/100\n|-damage|p1b: Archaludon|0 fnt\n|faint|p1b: Archaludon\n|\n|-damage|p2a: Chandelure|59/100 psn|[from] psn\n|upkeep\n|\n|t:|1776391257\n|switch|p1b: Gengar|Gengar-Mega, L50, F, shiny|11/100\n|turn|8\n|\n|t:|1776391263\n|move|p1b: Gengar|Shadow Ball|p2a: Chandelure\n|-supereffective|p2a: Chandelure|1\n|-damage|p2a: Chandelure|0 fnt\n|faint|p2a: Chandelure\n|\n|win|Noobilio\n|raw|Noobilio's rating: 1223 &rarr; <strong>1249</strong><br />(+26 for winning)\n|raw|LebronFanClub's rating: 1230 &rarr; <strong>1204</strong><br />(-26 for losing)\n",
  "uploadtime": 1776391265,
  "views": 25,
  "formatid": "gen9championsvgc2026regma",
  "rating": 1204,
  "private": 0,
  "password": null
}