{
  "id": "gen9championsvgc2026regma-2585749932",
  "format": "[Gen 9 Champions] VGC 2026 Reg M-A",
  "players": [
    "pits fiend",
    "Gigithegyarados"
  ],
  "log": "|j|\u2606pits fiend\n|j|\u2606Gigithegyarados\n|t:|1776367978\n|gametype|doubles\n|player|p1|pits fiend|gwynn|\n|player|p2|Gigithegyarados|266|\n|gen|9\n|tier|[Gen 9 Champions] VGC 2026 Reg M-A\n|rated|Tournament battle\n|rule|Species Clause: Limit one of each Pok\u00e9mon\n|rule|Item Clause: Limit 1 of each item\n|raw|<div class=\"infobox\"><details class=\"readmore\" open><summary><strong>1 custom rule:</strong></summary> !open team sheets</details></div>\n|clearpoke\n|poke|p1|Gardevoir, L50, F|\n|poke|p1|Garchomp, L50, F|\n|poke|p1|Rotom-Wash, L50|\n|poke|p1|Tsareena, L50, F|\n|poke|p1|Incineroar, L50, M|\n|poke|p1|Corviknight, L50, M|\n|poke|p2|Espathra, L50, F|\n|poke|p2|Sinistcha, L50|\n|poke|p2|Incineroar, L50, M|\n|poke|p2|Gyarados, L50, M|\n|poke|p2|Gardevoir, L50, M|\n|poke|p2|Delphox, L50, F|\n|teampreview|4\n|c|\u2606Gigithegyarados|glhf\n|c|\u2606pits fiend|glhf\n|\n|t:|1776368022\n|teamsize|p1|4\n|teamsize|p2|4\n|start\n|switch|p1a: Rotom|Rotom-Wash, L50|100/100\n|switch|p1b: Gardevoir|Gardevoir, L50, F, shiny|100/100\n|switch|p2a: Delphox|Delphox, L50, F|100/100\n|switch|p2b: Limu Emu|Espathra, L50, F|100/100\n|-ability|p1b: Gardevoir|Blaze|Trace|[from] ability: Trace|[of] p2a: Delphox\n|turn|1\n|\n|t:|1776368073\n|switch|p1a: Incineroar|Incineroar, L50, M|100/100\n|-ability|p1a: Incineroar|Intimidate|boost\n|-unboost|p2a: Delphox|atk|1\n|-unboost|p2b: Limu Emu|atk|1\n|move|p2a: Delphox|Protect|p2a: Delphox\n|-singleturn|p2a: Delphox|Protect\n|move|p2b: Limu Emu|Lumina Crash|p1b: Gardevoir\n|-resisted|p1b: Gardevoir|1\n|-damage|p1b: Gardevoir|81/100\n|-unboost|p1b: Gardevoir|spd|2\n|move|p1b: Gardevoir|Trick Room|p1b: Gardevoir\n|-fieldstart|move: Trick Room|[of] p1b: Gardevoir\n|\n|-ability|p2b: Limu Emu|Speed Boost|boost\n|-boost|p2b: Limu Emu|spe|1\n|upkeep\n|turn|2\n|\n|t:|1776368111\n|switch|p2a: Wallace|Incineroar, L50, M|100/100\n|-ability|p2a: Wallace|Intimidate|boost\n|-unboost|p1a: Incineroar|atk|1\n|-unboost|p1b: Gardevoir|atk|1\n|detailschange|p1b: Gardevoir|Gardevoir-Mega, L50, F, shiny\n|-mega|p1b: Gardevoir|Gardevoir|Gardevoirite\n|move|p1a: Incineroar|Throat Chop|p2a: Wallace\n|-resisted|p2a: Wallace|1\n|-damage|p2a: Wallace|92/100\n|-start|p2a: Wallace|Throat Chop|[silent]\n|move|p1b: Gardevoir|Hyper Voice|p2a: Wallace|[spread] p2a,p2b\n|-damage|p2a: Wallace|50/100\n|-damage|p2b: Limu Emu|13/100\n|move|p2b: Limu Emu|Dazzling Gleam|p1a: Incineroar|[spread] p1a,p1b\n|-damage|p1a: Incineroar|87/100\n|-damage|p1b: Gardevoir|47/100\n|\n|-ability|p2b: Limu Emu|Speed Boost|boost\n|-boost|p2b: Limu Emu|spe|1\n|upkeep\n|turn|3\n|\n|t:|1776368149\n|switch|p1b: Rotom|Rotom-Wash, L50|100/100\n|move|p2b: Limu Emu|Helping Hand|p2a: Wallace\n|-singleturn|p2a: Wallace|Helping Hand|[of] p2b: Limu Emu\n|move|p2a: Wallace|Fake Out|p1b: Rotom\n|-damage|p1b: Rotom|84/100\n|move|p1a: Incineroar|Flare Blitz|p2b: Limu Emu\n|-damage|p2b: Limu Emu|0 fnt\n|faint|p2b: Limu Emu\n|-damage|p1a: Incineroar|84/100|[from] Recoil\n|\n|-end|p2a: Wallace|Throat Chop|[silent]\n|upkeep\n|\n|t:|1776368160\n|switch|p2b: Gigi|Gyarados, L50, M|100/100\n|-ability|p2b: Gigi|Intimidate|boost\n|-unboost|p1a: Incineroar|atk|1\n|-unboost|p1b: Rotom|atk|1\n|turn|4\n|\n|t:|1776368184\n|switch|p1a: Corviknight|Corviknight, L50, M|100/100\n|move|p2a: Wallace|Parting Shot|p1b: Rotom\n|-unboost|p1b: Rotom|atk|1\n|-unboost|p1b: Rotom|spa|1\n|\n|t:|1776368190\n|switch|p2a: Delphox|Delphox, L50, F|100/100|[from] Parting Shot\n|move|p2b: Gigi|Thunder Wave|p1b: Rotom\n|-immune|p1b: Rotom\n|move|p1b: Rotom|Hydro Pump|p2a: Delphox\n|-supereffective|p2a: Delphox|1\n|-damage|p2a: Delphox|40/100\n|\n|upkeep\n|turn|5\n|\n|t:|1776368214\n|switch|p1b: Incineroar|Incineroar, L50, M|84/100\n|-ability|p1b: Incineroar|Intimidate|boost\n|-unboost|p2a: Delphox|atk|1\n|-unboost|p2b: Gigi|atk|1\n|move|p2a: Delphox|Protect|p2a: Delphox\n|-singleturn|p2a: Delphox|Protect\n|move|p1a: Corviknight|Tailwind|p1a: Corviknight\n|-sidestart|p1: pits fiend|move: Tailwind\n|move|p2b: Gigi|Taunt|p1a: Corviknight\n|-start|p1a: Corviknight|move: Taunt\n|\n|-fieldend|move: Trick Room\n|upkeep\n|turn|6\n|\n|t:|1776368237\n|switch|p1a: Rotom|Rotom-Wash, L50|84/100\n|detailschange|p2a: Delphox|Delphox-Mega, L50, F\n|-mega|p2a: Delphox|Delphox|Delphoxite\n|move|p2a: Delphox|Heat Wave|p1a: Rotom|[spread] p1a,p1b\n|-resisted|p1a: Rotom|1\n|-resisted|p1b: Incineroar|1\n|-damage|p1a: Rotom|61/100\n|-damage|p1b: Incineroar|66/100\n|move|p1b: Incineroar|Parting Shot|p2b: Gigi\n|-unboost|p2b: Gigi|atk|1\n|-unboost|p2b: Gigi|spa|1\n|\n|t:|1776368249\n|switch|p1b: Gardevoir|Gardevoir-Mega, L50, F, shiny|47/100|[from] Parting Shot\n|move|p2b: Gigi|Waterfall|p1b: Gardevoir\n|-damage|p1b: Gardevoir|19/100\n|\n|upkeep\n|turn|7\n|j| Dragoninite Stone\n|\n|t:|1776368274\n|move|p1a: Rotom|Thunderbolt|p2b: Gigi\n|-supereffective|p2b: Gigi|2\n|-damage|p2b: Gigi|0 fnt\n|faint|p2b: Gigi\n|move|p1b: Gardevoir|Hyper Voice|p2a: Delphox\n|-resisted|p2a: Delphox|1\n|-damage|p2a: Delphox|2/100\n|move|p2a: Delphox|Psychic|p1a: Rotom\n|-damage|p1a: Rotom|4/100\n|\n|upkeep\n|\n|t:|1776368283\n|switch|p2b: Wallace|Incineroar, L50, M|50/100\n|-ability|p2b: Wallace|Intimidate|boost\n|-unboost|p1a: Rotom|atk|1\n|-unboost|p1b: Gardevoir|atk|1\n|turn|8\n|\n|t:|1776368293\n|move|p2a: Delphox|Protect|p2a: Delphox\n|-singleturn|p2a: Delphox|Protect\n|move|p2b: Wallace|Fake Out|p1b: Gardevoir\n|-damage|p1b: Gardevoir|2/100\n|move|p1a: Rotom|Thunderbolt|p2b: Wallace\n|-damage|p2b: Wallace|25/100\n|cant|p1b: Gardevoir|flinch\n|\n|-sideend|p1: pits fiend|move: Tailwind\n|upkeep\n|turn|9\n|\n|t:|1776368310\n|move|p1a: Rotom|Thunderbolt|p2a: Delphox\n|-damage|p2a: Delphox|0 fnt\n|faint|p2a: Delphox\n|move|p1b: Gardevoir|Hyper Voice|p2b: Wallace\n|-damage|p2b: Wallace|0 fnt\n|faint|p2b: Wallace\n|\n|win|pits fiend\n|n|\u2606pits fiend|pitsfiend\n|n|\u2606Gigithegyarados|gigithegyarados\n|n| Dragoninite Stone|dragoninitestone\n",
  "uploadtime": 1776368311,
  "views": 19,
  "formatid": "gen9championsvgc2026regma",
  "rating": null,
  "private": 0,
  "password": null
}