{
  "id": "gen9championsvgc2026regma-2580721250",
  "format": "[Gen 9 Champions] VGC 2026 Reg M-A",
  "players": [
    "lSuis",
    "lolgz"
  ],
  "log": "|j|\u2606lSuis\n|j|\u2606lolgz\n|t:|1775927065\n|gametype|doubles\n|player|p1|lSuis|clerk|1060\n|player|p2|lolgz|265|1151\n|gen|9\n|tier|[Gen 9 Champions] VGC 2026 Reg M-A\n|rated|\n|rule|Species Clause: Limit one of each Pok\u00e9mon\n|rule|Item Clause: Limit 1 of each item\n|clearpoke\n|poke|p1|Gallade, L50, M|\n|poke|p1|Whimsicott, L50, F|\n|poke|p1|Incineroar, L50, M|\n|poke|p1|Garchomp, L50, M|\n|poke|p1|Ninetales-Alola, L50, F|\n|poke|p1|Sinistcha-Masterpiece, L50|\n|poke|p2|Charizard, L50, F|\n|poke|p2|Whimsicott, L50, F|\n|poke|p2|Dragonite, L50, M|\n|poke|p2|Farigiraf, L50, F|\n|poke|p2|Sneasler, L50, F|\n|poke|p2|Floette-Eternal, L50, F|\n|teampreview|4\n|inactive|Battle timer is ON: inactive players will automatically lose when time's up. (requested by lSuis)\n|inactive|lSuis has 60 seconds left.\n|\n|t:|1775927109\n|teamsize|p1|4\n|teamsize|p2|4\n|start\n|switch|p1a: Incineroar|Incineroar, L50, M, shiny|100/100\n|switch|p1b: Sinistcha|Sinistcha-Masterpiece, L50|100/100\n|switch|p2a: Whimsicott|Whimsicott, L50, F|100/100\n|switch|p2b: Charizard|Charizard, L50, F|100/100\n|-ability|p1a: Incineroar|Intimidate|boost\n|-unboost|p2a: Whimsicott|atk|1\n|-unboost|p2b: Charizard|atk|1\n|turn|1\n|\n|t:|1775927131\n|detailschange|p2b: Charizard|Charizard-Mega-Y, L50, F\n|-mega|p2b: Charizard|Charizard|Charizardite Y\n|-weather|SunnyDay|[from] ability: Drought|[of] p2b: Charizard\n|move|p1b: Sinistcha|Protect|p1b: Sinistcha\n|-singleturn|p1b: Sinistcha|Protect\n|move|p1a: Incineroar|Fake Out|p2b: Charizard\n|-damage|p2b: Charizard|86/100\n|move|p2a: Whimsicott|Moonblast|p1b: Sinistcha\n|-activate|p1b: Sinistcha|move: Protect\n|cant|p2b: Charizard|flinch\n|\n|-weather|SunnyDay|[upkeep]\n|upkeep\n|turn|2\n|\n|t:|1775927154\n|move|p2a: Whimsicott|Moonblast|p1a: Incineroar\n|-damage|p1a: Incineroar|60/100\n|move|p2b: Charizard|Heat Wave|p1a: Incineroar|[spread] p1a,p1b\n|-resisted|p1a: Incineroar|1\n|-supereffective|p1b: Sinistcha|1\n|-damage|p1a: Incineroar|20/100\n|-damage|p1b: Sinistcha|0 fnt\n|faint|p1b: Sinistcha\n|move|p1a: Incineroar|Parting Shot|p2b: Charizard\n|-unboost|p2b: Charizard|atk|1\n|-unboost|p2b: Charizard|spa|1\n|\n|t:|1775927162\n|switch|p1a: Erureido|Gallade, L50, M, shiny|100/100|[from] Parting Shot\n|\n|-weather|SunnyDay|[upkeep]\n|upkeep\n|\n|t:|1775927166\n|switch|p1b: Whimsicott|Whimsicott, L50, F|100/100\n|turn|3\n|\n|t:|1775927172\n|detailschange|p1a: Erureido|Gallade-Mega, L50, M, shiny\n|-mega|p1a: Erureido|Gallade|Galladite\n|move|p2a: Whimsicott|Tailwind|p2a: Whimsicott\n|-sidestart|p2: lolgz|move: Tailwind\n|move|p1b: Whimsicott|Tailwind|p1b: Whimsicott\n|-sidestart|p1: lSuis|move: Tailwind\n|move|p2b: Charizard|Weather Ball|p1a: Erureido\n|-damage|p1a: Erureido|33/100\n|move|p1a: Erureido|Psycho Cut|p2b: Charizard\n|-crit|p2b: Charizard\n|-damage|p2b: Charizard|0 fnt\n|faint|p2b: Charizard\n|\n|-weather|SunnyDay|[upkeep]\n|upkeep\n|\n|t:|1775927177\n|switch|p2b: Dragonite|Dragonite, L50, M|100/100\n|turn|4\n|\n|t:|1775927194\n|move|p2b: Dragonite|Aerial Ace|p1b: Whimsicott\n|-supereffective|p1b: Whimsicott|1\n|-damage|p1b: Whimsicott|3/100\n|move|p2a: Whimsicott|Moonblast|p1a: Erureido\n|-supereffective|p1a: Erureido|1\n|-damage|p1a: Erureido|0 fnt\n|faint|p1a: Erureido\n|move|p1b: Whimsicott|Moonblast|p2b: Dragonite\n|-supereffective|p2b: Dragonite|1\n|-damage|p2b: Dragonite|45/100\n|\n|-weather|SunnyDay|[upkeep]\n|upkeep\n|\n|t:|1775927199\n|switch|p1a: Incineroar|Incineroar, L50, M, shiny|20/100\n|-ability|p1a: Incineroar|Intimidate|boost\n|-unboost|p2a: Whimsicott|atk|1\n|-fail|p2b: Dragonite|unboost|Attack|[from] ability: Inner Focus|[of] p2b: Dragonite\n|turn|5\n|\n|t:|1775927210\n|move|p1a: Incineroar|Fake Out|p2a: Whimsicott\n|-damage|p2a: Whimsicott|86/100\n|move|p2b: Dragonite|Aerial Ace|p1a: Incineroar\n|-damage|p1a: Incineroar|0 fnt\n|faint|p1a: Incineroar\n|cant|p2a: Whimsicott|flinch\n|move|p1b: Whimsicott|Moonblast|p2b: Dragonite\n|-supereffective|p2b: Dragonite|1\n|-damage|p2b: Dragonite|0 fnt\n|faint|p2b: Dragonite\n|\n|-weather|none\n|upkeep\n|\n|t:|1775927212\n|switch|p2b: Sneasler|Sneasler, L50, F|100/100\n|turn|6\n|-message|lSuis forfeited.\n|\n|win|lolgz\n|raw|lSuis's rating: 1060 &rarr; <strong>1046</strong><br />(-14 for losing)\n|raw|lolgz's rating: 1151 &rarr; <strong>1170</strong><br />(+19 for winning)\n",
  "uploadtime": 1775927220,
  "views": 12,
  "formatid": "gen9championsvgc2026regma",
  "rating": 1046,
  "private": 0,
  "password": null
}