{
  "id": "gen9championsvgc2026regma-2580430762",
  "format": "[Gen 9 Champions] VGC 2026 Reg M-A",
  "players": [
    "jamira!?",
    "waiseng"
  ],
  "log": "|j|\u2606jamira!?\n|j|\u2606waiseng\n|t:|1775895423\n|gametype|doubles\n|player|p1|jamira!?|170|1295\n|player|p2|waiseng|giovanni|1198\n|gen|9\n|tier|[Gen 9 Champions] VGC 2026 Reg M-A\n|rated|\n|rule|Species Clause: Limit one of each Pok\u00e9mon\n|rule|Item Clause: Limit 1 of each item\n|clearpoke\n|poke|p1|Charizard, L50, F|\n|poke|p1|Whimsicott, L50, F|\n|poke|p1|Raichu, L50, M|\n|poke|p1|Gyarados, L50, M|\n|poke|p1|Sneasler, L50, F|\n|poke|p1|Garchomp, L50, F|\n|poke|p2|Incineroar, L50, M|\n|poke|p2|Kingambit, L50, M|\n|poke|p2|Sinistcha, L50|\n|poke|p2|Sneasler, L50, F|\n|poke|p2|Starmie, L50|\n|poke|p2|Sylveon, L50, F|\n|teampreview|4\n|j| wixlee\n|\n|t:|1775895499\n|teamsize|p1|4\n|teamsize|p2|4\n|start\n|switch|p1a: Sneasler|Sneasler, L50, F|100/100\n|switch|p1b: Gyarados|Gyarados, L50, M|100/100\n|switch|p2a: Incineroar|Incineroar, L50, M|100/100\n|switch|p2b: Starmie|Starmie, L50|100/100\n|-ability|p1b: Gyarados|Intimidate|boost\n|-unboost|p2a: Incineroar|atk|1\n|-unboost|p2b: Starmie|atk|1\n|-ability|p2a: Incineroar|Intimidate|boost\n|-unboost|p1a: Sneasler|atk|1\n|-unboost|p1b: Gyarados|atk|1\n|-enditem|p1a: Sneasler|White Herb\n|-clearnegativeboost|p1a: Sneasler|[silent]\n|turn|1\n|\n|t:|1775895530\n|detailschange|p1b: Gyarados|Gyarados-Mega, L50, M\n|-mega|p1b: Gyarados|Gyarados|Gyaradosite\n|-ability|p1b: Gyarados|Mold Breaker\n|move|p2a: Incineroar|Fake Out|p1a: Sneasler\n|-damage|p1a: Sneasler|86/100\n|cant|p1a: Sneasler|flinch\n|move|p2b: Starmie|Zen Headbutt|p1a: Sneasler\n|-supereffective|p1a: Sneasler|2\n|-damage|p1a: Sneasler|0 fnt\n|faint|p1a: Sneasler\n|move|p1b: Gyarados|Dragon Dance|p1b: Gyarados\n|-boost|p1b: Gyarados|atk|1\n|-boost|p1b: Gyarados|spe|1\n|\n|upkeep\n|\n|t:|1775895541\n|switch|p1a: Raichu|Raichu, L50, M|100/100\n|turn|2\n|\n|t:|1775895582\n|switch|p2b: Sinistcha|Sinistcha, L50|100/100\n|move|p1a: Raichu|Fake Out|p2a: Incineroar\n|-damage|p2a: Incineroar|93/100\n|move|p1b: Gyarados|Dragon Dance|p1b: Gyarados\n|-boost|p1b: Gyarados|atk|1\n|-boost|p1b: Gyarados|spe|1\n|cant|p2a: Incineroar|flinch\n|\n|upkeep\n|turn|3\n|\n|t:|1775895604\n|move|p1b: Gyarados|Crunch|p2b: Sinistcha\n|-supereffective|p2b: Sinistcha|1\n|-damage|p2b: Sinistcha|0 fnt\n|faint|p2b: Sinistcha\n|move|p1a: Raichu|Encore|p2a: Incineroar\n|-start|p2a: Incineroar|Encore\n|move|p2a: Incineroar|Fake Out||[still]\n|-hint|Fake Out only works on your first turn out.\n|-fail|p2a: Incineroar\n|\n|upkeep\n|\n|t:|1775895614\n|switch|p2b: Sylveon|Sylveon, L50, F|100/100\n|turn|4\n|\n|t:|1775895629\n|move|p1b: Gyarados|Waterfall|p2b: Sylveon\n|-damage|p2b: Sylveon|33/100\n|move|p1a: Raichu|Nuzzle|p2b: Sylveon\n|-damage|p2b: Sylveon|26/100\n|-status|p2b: Sylveon|par\n|-activate|p2a: Incineroar|move: Struggle\n|move|p2a: Incineroar|Struggle|p1b: Gyarados\n|-damage|p1b: Gyarados|92/100\n|-damage|p2a: Incineroar|68/100|[from] recoil\n|cant|p2b: Sylveon|flinch\n|\n|upkeep\n|turn|5\n|\n|t:|1775895651\n|switch|p2a: Starmie|Starmie, L50|100/100\n|move|p2b: Sylveon|Detect|p2b: Sylveon\n|-singleturn|p2b: Sylveon|Protect\n|move|p1b: Gyarados|Waterfall|p2b: Sylveon\n|-activate|p2b: Sylveon|move: Protect\n|move|p1a: Raichu|Volt Switch|p2a: Starmie\n|-supereffective|p2a: Starmie|1\n|-damage|p2a: Starmie|28/100\n|\n|t:|1775895656\n|switch|p1a: Garchomp|Garchomp, L50, F|100/100|[from] Volt Switch\n|\n|upkeep\n|turn|6\n|\n|t:|1775895687\n|switch|p2b: Incineroar|Incineroar, L50, M|68/100\n|-ability|p2b: Incineroar|Intimidate|boost\n|-unboost|p1a: Garchomp|atk|1\n|-unboost|p1b: Gyarados|atk|1\n|detailschange|p2a: Starmie|Starmie-Mega, L50\n|-mega|p2a: Starmie|Starmie|Starminite\n|move|p1b: Gyarados|Waterfall|p2a: Starmie\n|-resisted|p2a: Starmie|1\n|-damage|p2a: Starmie|2/100\n|move|p2a: Starmie|Liquidation|p1a: Garchomp\n|-damage|p1a: Garchomp|21/100\n|-damage|p2a: Starmie|0 fnt|[from] ability: Rough Skin|[of] p1a: Garchomp\n|faint|p2a: Starmie\n|move|p1a: Garchomp|Stomping Tantrum|p2b: Incineroar\n|-supereffective|p2b: Incineroar|1\n|-damage|p2b: Incineroar|20/100\n|-enditem|p2b: Incineroar|Sitrus Berry|[eat]\n|-heal|p2b: Incineroar|45/100|[from] item: Sitrus Berry\n|\n|upkeep\n|\n|t:|1775895702\n|switch|p2a: Sylveon|Sylveon, L50, F|26/100 par\n|turn|7\n|\n|t:|1775895723\n|move|p1b: Gyarados|Protect|p1b: Gyarados\n|-singleturn|p1b: Gyarados|Protect\n|move|p1a: Garchomp|Protect|p1a: Garchomp\n|-singleturn|p1a: Garchomp|Protect\n|move|p2b: Incineroar|Fake Out|p1b: Gyarados\n|-activate|p1b: Gyarados|move: Protect\n|cant|p2a: Sylveon|par\n|\n|upkeep\n|turn|8\n|\n|t:|1775895742\n|move|p1b: Gyarados|Waterfall|p2a: Sylveon\n|-damage|p2a: Sylveon|0 fnt\n|faint|p2a: Sylveon\n|move|p1a: Garchomp|Stomping Tantrum|p2b: Incineroar\n|-supereffective|p2b: Incineroar|1\n|-damage|p2b: Incineroar|0 fnt\n|faint|p2b: Incineroar\n|\n|win|jamira!?\n|raw|jamira!?'s rating: 1295 &rarr; <strong>1313</strong><br />(+18 for winning)\n|raw|waiseng's rating: 1198 &rarr; <strong>1180</strong><br />(-18 for losing)\n|l|\u2606waiseng\n|player|p2|\n",
  "uploadtime": 1775895752,
  "views": 22,
  "formatid": "gen9championsvgc2026regma",
  "rating": 1180,
  "private": 0,
  "password": null
}