{
  "id": "gen9championsvgc2026regma-2584576441",
  "format": "[Gen 9 Champions] VGC 2026 Reg M-A",
  "players": [
    "labaladecos",
    "korinn"
  ],
  "log": "|j|\u2606labaladecos\n|j|\u2606korinn\n|t:|1776269828\n|gametype|doubles\n|player|p1|labaladecos|hugh|1299\n|player|p2|korinn|265|1303\n|gen|9\n|tier|[Gen 9 Champions] VGC 2026 Reg M-A\n|rated|\n|rule|Species Clause: Limit one of each Pok\u00e9mon\n|rule|Item Clause: Limit 1 of each item\n|clearpoke\n|poke|p1|Chesnaught, L50, F|\n|poke|p1|Sinistcha, L50|\n|poke|p1|Whimsicott, L50, F|\n|poke|p1|Clefable, L50, F|\n|poke|p1|Pelipper, L50, M|\n|poke|p1|Dragonite, L50, F|\n|poke|p2|Blastoise, L50, M|\n|poke|p2|Talonflame, L50, F|\n|poke|p2|Sinistcha, L50|\n|poke|p2|Garchomp, L50, M|\n|poke|p2|Sylveon, L50, F|\n|poke|p2|Skarmory, L50, F|\n|teampreview|4\n|inactive|Battle timer is ON: inactive players will automatically lose when time's up. (requested by labaladecos)\n|\n|t:|1776269885\n|teamsize|p1|4\n|teamsize|p2|4\n|start\n|switch|p1a: Chesnaught|Chesnaught, L50, F, shiny|100/100\n|switch|p1b: Sinistcha|Sinistcha, L50|100/100\n|switch|p2a: Talonflame|Talonflame, L50, F|100/100\n|switch|p2b: Garchomp|Garchomp, L50, M|100/100\n|turn|1\n|inactive|korinn has 30 seconds left.\n|\n|t:|1776269917\n|move|p1a: Chesnaught|Spiky Shield|p1a: Chesnaught\n|-singleturn|p1a: Chesnaught|move: Protect\n|move|p2a: Talonflame|Dual Wingbeat|p1a: Chesnaught\n|-activate|p1a: Chesnaught|move: Protect\n|-damage|p2a: Talonflame|88/100|[from] Spiky Shield|[of] p1a: Chesnaught\n|move|p2b: Garchomp|Rock Slide|p1a: Chesnaught|[spread] p1b\n|-activate|p1a: Chesnaught|move: Protect\n|-damage|p1b: Sinistcha|80/100\n|move|p1b: Sinistcha|Trick Room|p1b: Sinistcha\n|-fieldstart|move: Trick Room|[of] p1b: Sinistcha\n|\n|upkeep\n|turn|2\n|\n|t:|1776269936\n|switch|p2b: Skarmory|Skarmory, L50, F|100/100\n|move|p1b: Sinistcha|Rage Powder|p1b: Sinistcha\n|-singleturn|p1b: Sinistcha|move: Rage Powder\n|move|p1a: Chesnaught|Belly Drum|p1a: Chesnaught\n|-damage|p1a: Chesnaught|51/100\n|-setboost|p1a: Chesnaught|atk|6|[from] move: Belly Drum\n|move|p2a: Talonflame|Dual Wingbeat|p1b: Sinistcha\n|-supereffective|p1b: Sinistcha|1\n|-damage|p1b: Sinistcha|50/100\n|-enditem|p1b: Sinistcha|Sitrus Berry|[eat]\n|-heal|p1b: Sinistcha|75/100|[from] item: Sitrus Berry\n|-supereffective|p1b: Sinistcha|1\n|-damage|p1b: Sinistcha|41/100\n|-hitcount|p1b: Sinistcha|2\n|\n|upkeep\n|turn|3\n|inactive|labaladecos has 30 seconds left.\n|inactive|korinn has 30 seconds left.\n|inactive|labaladecos has 20 seconds left.\n|\n|t:|1776269974\n|detailschange|p2b: Skarmory|Skarmory-Mega, L50, F\n|-mega|p2b: Skarmory|Skarmory|Skarmorite\n|move|p1b: Sinistcha|Rage Powder|p1b: Sinistcha\n|-singleturn|p1b: Sinistcha|move: Rage Powder\n|move|p1a: Chesnaught|Drain Punch|p2b: Skarmory\n|-damage|p2b: Skarmory|0 fnt\n|-heal|p1a: Chesnaught|95/100|[from] drain|[of] p2b: Skarmory\n|faint|p2b: Skarmory\n|move|p2a: Talonflame|Dual Wingbeat|p1b: Sinistcha\n|-supereffective|p1b: Sinistcha|1\n|-damage|p1b: Sinistcha|9/100\n|-supereffective|p1b: Sinistcha|1\n|-damage|p1b: Sinistcha|0 fnt\n|faint|p1b: Sinistcha\n|-hitcount|p1: Sinistcha|2\n|\n|upkeep\n|\n|t:|1776269987\n|switch|p1b: Clefable|Clefable, L50, F|100/100\n|switch|p2b: Sylveon|Sylveon, L50, F|100/100\n|turn|4\n|\n|t:|1776269999\n|switch|p2a: Garchomp|Garchomp, L50, M|100/100\n|detailschange|p1a: Chesnaught|Chesnaught-Mega, L50, F, shiny\n|-mega|p1a: Chesnaught|Chesnaught|Chesnaughtite\n|move|p1b: Clefable|Follow Me|p1b: Clefable\n|-singleturn|p1b: Clefable|move: Follow Me\n|move|p1a: Chesnaught|Grassy Glide|p2b: Sylveon\n|-damage|p2b: Sylveon|0 fnt\n|faint|p2b: Sylveon\n|\n|upkeep\n|\n|t:|1776270009\n|switch|p2b: Talonflame|Talonflame, L50, F|88/100\n|turn|5\n|\n|t:|1776270028\n|move|p2b: Talonflame|Quick Guard|p2b: Talonflame\n|-singleturn|p2b: Talonflame|Quick Guard\n|move|p1b: Clefable|Follow Me|p1b: Clefable\n|-singleturn|p1b: Clefable|move: Follow Me\n|move|p1a: Chesnaught|Drain Punch|p2b: Talonflame\n|-resisted|p2b: Talonflame|1\n|-damage|p2b: Talonflame|0 fnt\n|-heal|p1a: Chesnaught|100/100|[from] drain|[of] p2b: Talonflame\n|faint|p2b: Talonflame\n|move|p2a: Garchomp|Rock Slide|p1b: Clefable|[spread] \n|-miss|p2a: Garchomp|p1a: Chesnaught\n|-miss|p2a: Garchomp|p1b: Clefable\n|\n|-fieldend|move: Trick Room\n|upkeep\n|turn|6\n|-message|korinn forfeited.\n|\n|win|labaladecos\n|raw|labaladecos's rating: 1299 &rarr; <strong>1324</strong><br />(+25 for winning)\n|raw|korinn's rating: 1303 &rarr; <strong>1283</strong><br />(-20 for losing)\n|l|\u2606korinn\n|player|p2|\n",
  "uploadtime": 1776270044,
  "views": 31,
  "formatid": "gen9championsvgc2026regma",
  "rating": 1283,
  "private": 0,
  "password": null
}