{
  "id": "gen9championsvgc2026regma-2588344097",
  "format": "[Gen 9 Champions] VGC 2026 Reg M-A",
  "players": [
    "testingtesting101",
    "the76wave"
  ],
  "log": "|j|\u2606testingtesting101\n|j|\u2606the76wave\n|t:|1776625774\n|gametype|doubles\n|player|p1|testingtesting101|buck|1318\n|player|p2|the76wave|az|1358\n|gen|9\n|tier|[Gen 9 Champions] VGC 2026 Reg M-A\n|rated|\n|rule|Species Clause: Limit one of each Pok\u00e9mon\n|rule|Item Clause: Limit 1 of each item\n|clearpoke\n|poke|p1|Delphox, L50, F|\n|poke|p1|Hydrapple, L50, M|\n|poke|p1|Garchomp, L50, M|\n|poke|p1|Torkoal, L50, M|\n|poke|p1|Mimikyu, L50, F|\n|poke|p1|Pidgeot, L50, F|\n|poke|p2|Gengar, L50, F|\n|poke|p2|Whimsicott, L50, M|\n|poke|p2|Ninetales-Alola, L50, M|\n|poke|p2|Lopunny, L50, F|\n|poke|p2|Sneasler, L50, M|\n|poke|p2|Aegislash, L50, M|\n|teampreview|4\n|inactive|Battle timer is ON: inactive players will automatically lose when time's up. (requested by the76wave)\ntestingtesting101 rejected open team sheets.\n|\n|t:|1776625799\n|teamsize|p1|4\n|teamsize|p2|4\n|start\n|switch|p1a: Hehehehe...|Mimikyu, L50, F|100/100\n|switch|p1b: Garchomp|Garchomp, L50, M|100/100\n|switch|p2a: Ninetales|Ninetales-Alola, L50, M|100/100\n|switch|p2b: Aegislash|Aegislash, L50, M|100/100\n|-weather|Snowscape|[from] ability: Snow Warning|[of] p2a: Ninetales\n|turn|1\n|\n|t:|1776625808\n|switch|p1b: Torkoal|Torkoal, L50, M|100/100\n|-weather|SunnyDay|[from] ability: Drought|[of] p1b: Torkoal\n|move|p2a: Ninetales|Blizzard|p1b: Torkoal|[spread] p1a,p1b\n|-resisted|p1b: Torkoal|1\n|-activate|p1a: Hehehehe...|ability: Disguise\n|-damage|p1a: Hehehehe...|100/100\n|-damage|p1b: Torkoal|75/100\n|detailschange|p1a: Hehehehe...|Mimikyu-Busted, L50, F\n|-damage|p1a: Hehehehe...|88/100|[from] pokemon: Mimikyu-Busted\n|-formechange|p2b: Aegislash|Aegislash-Blade|\n|move|p2b: Aegislash|Shadow Ball|p1a: Hehehehe...\n|-supereffective|p1a: Hehehehe...|1\n|-damage|p1a: Hehehehe...|0 fnt\n|faint|p1a: Hehehehe...\n|\n|-weather|SunnyDay|[upkeep]\n|upkeep\n|\n|t:|1776625815\n|switch|p1a: Kamik|Delphox, L50, F|100/100\n|turn|2\n|\n|t:|1776625826\n|switch|p2a: Lopunny|Lopunny, L50, F|100/100\n|switch|p1b: Garchomp|Garchomp, L50, M|100/100\n|detailschange|p1a: Kamik|Delphox-Mega, L50, F\n|-mega|p1a: Kamik|Delphox|Delphoxite\n|move|p2b: Aegislash|Wide Guard|p2b: Aegislash\n|-singleturn|p2b: Aegislash|Wide Guard\n|move|p1a: Kamik|Heat Wave|p2b: Aegislash|[spread] \n|-activate|p2a: Lopunny|move: Wide Guard\n|-activate|p2b: Aegislash|move: Wide Guard\n|\n|-weather|SunnyDay|[upkeep]\n|upkeep\n|turn|3\n|\n|t:|1776625845\n|switch|p2b: Ninetales|Ninetales-Alola, L50, M|100/100\n|-weather|Snowscape|[from] ability: Snow Warning|[of] p2b: Ninetales\n|move|p1a: Kamik|Protect|p1a: Kamik\n|-singleturn|p1a: Kamik|Protect\n|move|p2a: Lopunny|Fake Out|p1a: Kamik\n|-activate|p1a: Kamik|move: Protect\n|move|p1b: Garchomp|Stomping Tantrum|p2b: Ninetales\n|-damage|p2b: Ninetales|64/100\n|\n|-weather|Snowscape|[upkeep]\n|upkeep\n|turn|4\n|\n|t:|1776625866\n|switch|p1b: Torkoal|Torkoal, L50, M|75/100\n|-weather|SunnyDay|[from] ability: Drought|[of] p1b: Torkoal\n|detailschange|p2a: Lopunny|Lopunny-Mega, L50, F\n|-mega|p2a: Lopunny|Lopunny|Lopunnite\n|move|p1a: Kamik|Psyshock|p2a: Lopunny\n|-supereffective|p2a: Lopunny|1\n|-damage|p2a: Lopunny|0 fnt\n|faint|p2a: Lopunny\n|move|p2b: Ninetales|Icy Wind|p1b: Torkoal|[spread] p1a,p1b\n|-resisted|p1a: Kamik|1\n|-resisted|p1b: Torkoal|1\n|-damage|p1a: Kamik|91/100\n|-damage|p1b: Torkoal|61/100\n|-unboost|p1a: Kamik|spe|1\n|-unboost|p1b: Torkoal|spe|1\n|\n|-weather|SunnyDay|[upkeep]\n|upkeep\n|\n|t:|1776625875\n|switch|p2a: Sneasler|Sneasler, L50, M|100/100\n|turn|5\n|\n|t:|1776625893\n|switch|p2b: Aegislash|Aegislash, L50, M|100/100\n|move|p1a: Kamik|Protect|p1a: Kamik\n|-singleturn|p1a: Kamik|Protect\n|move|p2a: Sneasler|Dire Claw|p1b: Torkoal\n|-crit|p1b: Torkoal\n|-damage|p1b: Torkoal|8/100\n|move|p1b: Torkoal|Heat Wave|p2a: Sneasler|[spread] p2a,p2b\n|-supereffective|p2b: Aegislash|1\n|-damage|p2a: Sneasler|24/100\n|-damage|p2b: Aegislash|9/100\n|\n|-weather|SunnyDay|[upkeep]\n|-heal|p2b: Aegislash|15/100|[from] item: Leftovers\n|upkeep\n|turn|6\n|inactive|the76wave has 30 seconds left.\n|inactive|the76wave has 20 seconds left.\n|\n|t:|1776625930\n|switch|p1b: Garchomp|Garchomp, L50, M|100/100\n|move|p2a: Sneasler|Dire Claw|p1b: Garchomp\n|-resisted|p1b: Garchomp|1\n|-damage|p1b: Garchomp|79/100\n|-damage|p2a: Sneasler|12/100|[from] ability: Rough Skin|[of] p1b: Garchomp\n|move|p1a: Kamik|Heat Wave|p2a: Sneasler|[spread] p2a,p2b\n|-supereffective|p2b: Aegislash|1\n|-damage|p2a: Sneasler|0 fnt\n|-damage|p2b: Aegislash|0 fnt\n|faint|p2a: Sneasler\n|faint|p2b: Aegislash\n|\n|-weather|SunnyDay|[upkeep]\n|upkeep\n|c|\u2606testingtesting101|Gg\n|\n|t:|1776625939\n|switch|p2a: Ninetales|Ninetales-Alola, L50, M|64/100\n|-weather|Snowscape|[from] ability: Snow Warning|[of] p2a: Ninetales\n|turn|7\n|c|\u2606testingtesting101|Sorry bud\n|-message|the76wave forfeited.\n|\n|win|testingtesting101\n|raw|testingtesting101's rating: 1318 &rarr; <strong>1340</strong><br />(+22 for winning)\n|raw|the76wave's rating: 1358 &rarr; <strong>1336</strong><br />(-22 for losing)\n",
  "uploadtime": 1776625945,
  "views": 13,
  "formatid": "gen9championsvgc2026regma",
  "rating": 1336,
  "private": 0,
  "password": null
}