{
  "id": "gen9championsvgc2026regma-2586263149",
  "format": "[Gen 9 Champions] VGC 2026 Reg M-A",
  "players": [
    "Itotio",
    "AceeeVGC"
  ],
  "log": "|j|\u2606Itotio\n|j|\u2606AceeeVGC\n|t:|1776418853\n|gametype|doubles\n|player|p1|Itotio|lucas|\n|player|p2|AceeeVGC|170|\n|gen|9\n|tier|[Gen 9 Champions] VGC 2026 Reg M-A\n|rated|Tournament battle\n|rule|Species Clause: Limit one of each Pok\u00e9mon\n|rule|Item Clause: Limit 1 of each item\n|raw|<div class=\"infobox\"><details class=\"readmore\" open><summary><strong>1 custom rule:</strong></summary> Force Open Team Sheets</details></div>\n|clearpoke\n|poke|p1|Blastoise, L50, F|\n|poke|p1|Talonflame, L50, F|\n|poke|p1|Sinistcha-Masterpiece, L50|\n|poke|p1|Sneasler, L50, F|\n|poke|p1|Incineroar, L50, F|\n|poke|p1|Excadrill, L50, F|\n|poke|p2|Maushold-Four, L50|\n|poke|p2|Whimsicott, L50, F|\n|poke|p2|Floette-Eternal, L50, F|\n|poke|p2|Charizard, L50, M|\n|poke|p2|Farigiraf, L50, M|\n|poke|p2|Garchomp, L50, M|\n|teampreview|4\n|showteam|p1|Blastoise||Blastoisinite|Torrent|Protect,WaterSpout,DarkPulse,DragonPulse|||F|||50|]Talonflame||FocusSash|GaleWings|Tailwind,WillOWisp,BraveBird,Taunt|||F|||50|]Sinistcha-Masterpiece||SitrusBerry|Hospitality|RagePowder,MatchaGotcha,TrickRoom,ShadowBall||||||50|]Sneasler||WhiteHerb|Unburden|DireClaw,CloseCombat,Protect,Acrobatics|||F|||50|]Incineroar||ShucaBerry|Intimidate|FakeOut,FlareBlitz,PartingShot,Snarl|||F|||50|]Excadrill||SoftSand|MoldBreaker|Protect,Earthquake,IronHead,RockSlide|||F|||50|\n|showteam|p2|Maushold-Four||ChopleBerry|FriendGuard|SuperFang,HelpingHand,FollowMe,Taunt||||||50|]Whimsicott||FocusSash|Prankster|Moonblast,Encore,Tailwind,Protect|||F|||50|]Floette-Eternal||Floettite|FlowerVeil|DazzlingGleam,DrainingKiss,CalmMind,Protect|||F|||50|]Charizard||CharizarditeY|Blaze|HeatWave,DragonPulse,SolarBeam,Protect|||M|||50|]Farigiraf||ColburBerry|ArmorTail|Psychic,TrickRoom,Imprison,Protect|||M|||50|]Garchomp||ChoiceScarf|RoughSkin|Earthquake,RockSlide,DragonClaw,IronHead|||M|||50|\n|inactive|Battle timer is ON: inactive players will automatically lose when time's up. (requested by Itotio)\n|j| Hy3ll0\n|j|+Yuichi\n|j| lapemaya\n|inactive|Itotio has 60 seconds left.\n|inactive|AceeeVGC has 60 seconds left.\n|\n|t:|1776418892\n|teamsize|p1|4\n|teamsize|p2|4\n|start\n|switch|p1a: Talonflame|Talonflame, L50, F|100/100\n|switch|p1b: Blastoise|Blastoise, L50, F|100/100\n|switch|p2a: Whimsicott|Whimsicott, L50, F|100/100\n|switch|p2b: Charizard|Charizard, L50, M|100/100\n|turn|1\n|\n|t:|1776418905\n|detailschange|p2b: Charizard|Charizard-Mega-Y, L50, M\n|-mega|p2b: Charizard|Charizard|Charizardite Y\n|-weather|SunnyDay|[from] ability: Drought|[of] p2b: Charizard\n|detailschange|p1b: Blastoise|Blastoise-Mega, L50, F\n|-mega|p1b: Blastoise|Blastoise|Blastoisinite\n|move|p1a: Talonflame|Tailwind|p1a: Talonflame\n|-sidestart|p1: Itotio|move: Tailwind\n|move|p2a: Whimsicott|Tailwind|p2a: Whimsicott\n|-sidestart|p2: AceeeVGC|move: Tailwind\n|move|p2b: Charizard|Solar Beam||[still]\n|-prepare|p2b: Charizard|Solar Beam\n|-anim|p2b: Charizard|Solar Beam|p1b: Blastoise\n|-supereffective|p1b: Blastoise|1\n|-crit|p1b: Blastoise\n|-damage|p1b: Blastoise|0 fnt\n|faint|p1b: Blastoise\n|\n|-weather|SunnyDay|[upkeep]\n|upkeep\n|j| z123z\n|\n|t:|1776418921\n|switch|p1b: Incineroar|Incineroar, L50, F|100/100\n|-ability|p1b: Incineroar|Intimidate|boost\n|-unboost|p2a: Whimsicott|atk|1\n|-unboost|p2b: Charizard|atk|1\n|turn|2\n|\n|t:|1776418940\n|switch|p1a: Sneasler|Sneasler, L50, F|100/100\n|move|p2a: Whimsicott|Protect|p2a: Whimsicott\n|-singleturn|p2a: Whimsicott|Protect\n|move|p2b: Charizard|Protect|p2b: Charizard\n|-singleturn|p2b: Charizard|Protect\n|move|p1b: Incineroar|Fake Out|p2b: Charizard\n|-activate|p2b: Charizard|move: Protect\n|\n|-weather|SunnyDay|[upkeep]\n|upkeep\n|turn|3\n|j| yukki0207\n|\n|t:|1776418960\n|switch|p2a: Garchomp|Garchomp, L50, M|100/100\n|move|p1a: Sneasler|Protect|p1a: Sneasler\n|-singleturn|p1a: Sneasler|Protect\n|move|p2b: Charizard|Heat Wave|p1a: Sneasler|[spread] p1b\n|-activate|p1a: Sneasler|move: Protect\n|-resisted|p1b: Incineroar|1\n|-damage|p1b: Incineroar|74/100\n|move|p1b: Incineroar|Snarl|p2b: Charizard|[spread] p2a,p2b\n|-damage|p2a: Garchomp|89/100\n|-damage|p2b: Charizard|90/100\n|-unboost|p2a: Garchomp|spa|1\n|-unboost|p2b: Charizard|spa|1\n|\n|-weather|SunnyDay|[upkeep]\n|upkeep\n|turn|4\n|\n|t:|1776418984\n|switch|p1a: Talonflame|Talonflame, L50, F|100/100\n|move|p2b: Charizard|Protect|p2b: Charizard\n|-singleturn|p2b: Charizard|Protect\n|move|p2a: Garchomp|Earthquake|p1b: Incineroar|[spread] p1b\n|-activate|p2b: Charizard|move: Protect\n|-immune|p1a: Talonflame\n|-supereffective|p1b: Incineroar|1\n|-crit|p1b: Incineroar\n|-enditem|p1b: Incineroar|Shuca Berry|[eat]\n|-enditem|p1b: Incineroar|Shuca Berry|[weaken]\n|-damage|p1b: Incineroar|22/100\n|move|p1b: Incineroar|Parting Shot|p2b: Charizard\n|-activate|p2b: Charizard|move: Protect\n|\n|-weather|SunnyDay|[upkeep]\n|-sideend|p1: Itotio|move: Tailwind\n|-sideend|p2: AceeeVGC|move: Tailwind\n|upkeep\n|turn|5\n|l| z123z\n|inactive|AceeeVGC has 30 seconds left.\n|\n|t:|1776419014\n|switch|p2a: Maushold|Maushold-Four, L50|100/100\n|switch|p1b: Sneasler|Sneasler, L50, F|100/100\n|move|p1a: Talonflame|Will-O-Wisp|p2a: Maushold\n|-status|p2a: Maushold|brn\n|move|p2b: Charizard|Heat Wave|p1a: Talonflame|[spread] p1a,p1b\n|-resisted|p1a: Talonflame|1\n|-damage|p1a: Talonflame|65/100\n|-damage|p1b: Sneasler|45/100\n|\n|-weather|none\n|-damage|p2a: Maushold|94/100 brn|[from] brn\n|upkeep\n|turn|6\n|n| vgrx|yuichi\n|inactive|AceeeVGC has 30 seconds left.\n|n| vrgx|vgrx\n|\n|t:|1776419047\n|switch|p2b: Garchomp|Garchomp, L50, M|89/100\n|move|p2a: Maushold|Follow Me|p2a: Maushold\n|-singleturn|p2a: Maushold|move: Follow Me\n|move|p1a: Talonflame|Tailwind|p1a: Talonflame\n|-sidestart|p1: Itotio|move: Tailwind\n|move|p1b: Sneasler|Close Combat|p2a: Maushold\n|-supereffective|p2a: Maushold|1\n|-enditem|p2a: Maushold|Chople Berry|[eat]\n|-enditem|p2a: Maushold|Chople Berry|[weaken]\n|-damage|p2a: Maushold|22/100 brn\n|-unboost|p1b: Sneasler|def|1\n|-unboost|p1b: Sneasler|spd|1\n|-enditem|p1b: Sneasler|White Herb\n|-clearnegativeboost|p1b: Sneasler|[silent]\n|\n|-damage|p2a: Maushold|16/100 brn|[from] brn\n|upkeep\n|turn|7\n|inactive|AceeeVGC has 30 seconds left.\n|\n|t:|1776419079\n|switch|p2a: Charizard|Charizard-Mega-Y, L50, M|90/100\n|-weather|SunnyDay|[from] ability: Drought|[of] p2a: Charizard\n|move|p1b: Sneasler|Close Combat|p2b: Garchomp\n|-damage|p2b: Garchomp|14/100\n|-unboost|p1b: Sneasler|def|1\n|-unboost|p1b: Sneasler|spd|1\n|-damage|p1b: Sneasler|33/100|[from] ability: Rough Skin|[of] p2b: Garchomp\n|move|p1a: Talonflame|Brave Bird|p2a: Charizard\n|-damage|p2a: Charizard|22/100\n|-damage|p1a: Talonflame|42/100|[from] Recoil\n|move|p2b: Garchomp|Rock Slide|p1a: Talonflame|[spread] p1a,p1b\n|-supereffective|p1a: Talonflame|2\n|-resisted|p1b: Sneasler|1\n|-damage|p1a: Talonflame|0 fnt\n|-damage|p1b: Sneasler|9/100\n|faint|p1a: Talonflame\n|\n|-weather|SunnyDay|[upkeep]\n|upkeep\n|\n|t:|1776419095\n|switch|p1a: Incineroar|Incineroar, L50, F|22/100\n|-ability|p1a: Incineroar|Intimidate|boost\n|-unboost|p2a: Charizard|atk|1\n|-unboost|p2b: Garchomp|atk|1\n|turn|8\n|\n|t:|1776419122\n|switch|p2b: Whimsicott|Whimsicott, L50, F|100/100\n|move|p2a: Charizard|Protect|p2a: Charizard\n|-singleturn|p2a: Charizard|Protect\n|move|p1b: Sneasler|Dire Claw|p2b: Whimsicott\n|-supereffective|p2b: Whimsicott|2\n|-crit|p2b: Whimsicott\n|-enditem|p2b: Whimsicott|Focus Sash\n|-damage|p2b: Whimsicott|1/100\n|move|p1a: Incineroar|Flare Blitz|p2a: Charizard\n|-activate|p2a: Charizard|move: Protect\n|\n|-weather|SunnyDay|[upkeep]\n|upkeep\n|turn|9\n|\n|t:|1776419140\n|switch|p2a: Maushold|Maushold-Four, L50|16/100 brn\n|move|p2b: Whimsicott|Tailwind|p2b: Whimsicott\n|-sidestart|p2: AceeeVGC|move: Tailwind\n|move|p1b: Sneasler|Dire Claw|p2a: Maushold\n|-damage|p2a: Maushold|0 fnt\n|faint|p2a: Maushold\n|move|p1a: Incineroar|Snarl|p2b: Whimsicott\n|-resisted|p2b: Whimsicott|1\n|-damage|p2b: Whimsicott|0 fnt\n|faint|p2b: Whimsicott\n|\n|-weather|SunnyDay|[upkeep]\n|-sideend|p1: Itotio|move: Tailwind\n|upkeep\n|\n|t:|1776419152\n|switch|p2b: Charizard|Charizard-Mega-Y, L50, M|22/100\n|switch|p2a: Garchomp|Garchomp, L50, M|14/100\n|turn|10\n|\n|t:|1776419168\n|move|p1b: Sneasler|Protect|p1b: Sneasler\n|-singleturn|p1b: Sneasler|Protect\n|move|p2a: Garchomp|Earthquake|p1a: Incineroar|[spread] p1a\n|-activate|p1b: Sneasler|move: Protect\n|-immune|p2b: Charizard\n|-supereffective|p1a: Incineroar|1\n|-damage|p1a: Incineroar|0 fnt\n|faint|p1a: Incineroar\n|move|p2b: Charizard|Heat Wave|p1b: Sneasler\n|-activate|p1b: Sneasler|move: Protect\n|\n|-weather|SunnyDay|[upkeep]\n|upkeep\n|turn|11\n|\n|t:|1776419182\n|move|p2a: Garchomp|Earthquake|p1b: Sneasler|[spread] p1b\n|-immune|p2b: Charizard\n|-supereffective|p1b: Sneasler|1\n|-crit|p1b: Sneasler\n|-damage|p1b: Sneasler|0 fnt\n|faint|p1b: Sneasler\n|\n|win|AceeeVGC\n|n|\u2606Itotio|itotio\n|n|\u2606AceeeVGC|aceeevgc\n|n| Hy3ll0|hy3ll0\n|n| lapemaya|lapemaya\n|n| yukki0207|yukki0207\n|n| vrgx|vrgx\n|l|\u2606Itotio\n|player|p1|\n",
  "uploadtime": 1776419189,
  "views": 17,
  "formatid": "gen9championsvgc2026regma",
  "rating": null,
  "private": 0,
  "password": null
}