{
  "id": "gen9championsvgc2026regma-2588219454",
  "format": "[Gen 9 Champions] VGC 2026 Reg M-A",
  "players": [
    "vnunesp12",
    "Fyrialle"
  ],
  "log": "|j|\u2606vnunesp12\n|j|\u2606Fyrialle\n|t:|1776615474\n|gametype|doubles\n|player|p1|vnunesp12|red|1146\n|player|p2|Fyrialle|102|1058\n|gen|9\n|tier|[Gen 9 Champions] VGC 2026 Reg M-A\n|rated|\n|rule|Species Clause: Limit one of each Pok\u00e9mon\n|rule|Item Clause: Limit 1 of each item\n|clearpoke\n|poke|p1|Manectric, L50, M|\n|poke|p1|Pelipper, L50, M|\n|poke|p1|Basculegion, L50, M|\n|poke|p1|Sneasler, L50, M|\n|poke|p1|Kingambit, L50, M|\n|poke|p1|Archaludon, L50, M|\n|poke|p2|Garchomp, L50, F|\n|poke|p2|Tyranitar, L50, M|\n|poke|p2|Gengar, L50, F|\n|poke|p2|Whimsicott, L50, M|\n|poke|p2|Rotom-Wash, L50|\n|poke|p2|Sneasler, L50, M|\n|teampreview|4\n|inactive|Battle timer is ON: inactive players will automatically lose when time's up. (requested by vnunesp12)\nFyrialle has agreed to open team sheets.\n|\n|t:|1776615509\n|teamsize|p1|4\n|teamsize|p2|4\n|start\n|switch|p1a: Pulga|Sneasler, L50, M|100/100\n|switch|p1b: Jean Lucas|Basculegion, L50, M|100/100\n|switch|p2a: Rotom|Rotom-Wash, L50|100/100\n|switch|p2b: Garchomp|Garchomp, L50, F|100/100\n|turn|1\n|inactive|vnunesp12 has 30 seconds left.\n|\n|t:|1776615540\n|move|p2b: Garchomp|Protect|p2b: Garchomp\n|-singleturn|p2b: Garchomp|Protect\n|move|p1a: Pulga|Fake Out|p2b: Garchomp\n|-activate|p2b: Garchomp|move: Protect\n|move|p1b: Jean Lucas|Ice Fang|p2b: Garchomp\n|-activate|p2b: Garchomp|move: Protect\n|move|p2a: Rotom|Volt Switch|p1b: Jean Lucas\n|-supereffective|p1b: Jean Lucas|1\n|-damage|p1b: Jean Lucas|47/100\n|\n|t:|1776615550\n|switch|p2a: Gengar|Gengar, L50, F|100/100|[from] Volt Switch\n|\n|upkeep\n|turn|2\n|\n|t:|1776615571\n|detailschange|p2a: Gengar|Gengar-Mega, L50, F\n|-mega|p2a: Gengar|Gengar|Gengarite\n|move|p1a: Pulga|Protect|p1a: Pulga\n|-singleturn|p1a: Pulga|Protect\n|move|p1b: Jean Lucas|Ice Fang|p2b: Garchomp\n|-supereffective|p2b: Garchomp|2\n|-damage|p2b: Garchomp|12/100\n|move|p2a: Gengar|Shadow Ball|p1b: Jean Lucas\n|-supereffective|p1b: Jean Lucas|1\n|-damage|p1b: Jean Lucas|0 fnt\n|faint|p1b: Jean Lucas\n|move|p2b: Garchomp|Dragon Claw|p1a: Pulga\n|-activate|p1a: Pulga|move: Protect\n|\n|upkeep\n|\n|t:|1776615592\n|switch|p1b: Erick|Kingambit, L50, M|100/100\n|turn|3\n|\n|t:|1776615608\n|switch|p2b: Rotom|Rotom-Wash, L50|100/100\n|move|p1b: Erick|Sucker Punch|p2a: Gengar\n|-supereffective|p2a: Gengar|1\n|-damage|p2a: Gengar|0 fnt\n|faint|p2a: Gengar\n|move|p1a: Pulga|Close Combat|p2b: Rotom\n|-damage|p2b: Rotom|45/100\n|-unboost|p1a: Pulga|def|1\n|-unboost|p1a: Pulga|spd|1\n|-enditem|p1a: Pulga|White Herb\n|-clearnegativeboost|p1a: Pulga|[silent]\n|\n|-heal|p2b: Rotom|51/100|[from] item: Leftovers\n|upkeep\n|\n|t:|1776615628\n|switch|p2a: Garchomp|Garchomp, L50, F|12/100\n|turn|4\n|\n|t:|1776615641\n|move|p2a: Garchomp|Protect|p2a: Garchomp\n|-singleturn|p2a: Garchomp|Protect\n|move|p1b: Erick|Sucker Punch||[still]\n|-fail|p1b: Erick\n|move|p1a: Pulga|Close Combat|p2b: Rotom\n|-crit|p2b: Rotom\n|-damage|p2b: Rotom|0 fnt\n|-unboost|p1a: Pulga|def|1\n|-unboost|p1a: Pulga|spd|1\n|faint|p2b: Rotom\n|\n|upkeep\n|\n|t:|1776615650\n|switch|p2b: Sneasler|Sneasler, L50, M|100/100\n|turn|5\n|\n|t:|1776615660\n|move|p1a: Pulga|Protect|p1a: Pulga\n|-singleturn|p1a: Pulga|Protect\n|move|p1b: Erick|Protect|p1b: Erick\n|-singleturn|p1b: Erick|Protect\n|move|p2b: Sneasler|Fake Out|p1b: Erick\n|-activate|p1b: Erick|move: Protect\n|move|p2a: Garchomp|Earthquake|p1b: Erick|[spread] p2b\n|-activate|p1a: Pulga|move: Protect\n|-activate|p1b: Erick|move: Protect\n|-supereffective|p2b: Sneasler|1\n|-crit|p2b: Sneasler\n|-damage|p2b: Sneasler|0 fnt\n|faint|p2b: Sneasler\n|\n|upkeep\n|turn|6\n|\n|t:|1776615683\n|move|p1b: Erick|Sucker Punch|p2a: Garchomp\n|-damage|p2a: Garchomp|0 fnt\n|faint|p2a: Garchomp\n|\n|win|vnunesp12\n|raw|vnunesp12's rating: 1146 &rarr; <strong>1165</strong><br />(+19 for winning)\n|raw|Fyrialle's rating: 1058 &rarr; <strong>1044</strong><br />(-14 for losing)\n|l|\u2606Fyrialle\n|player|p2|\n",
  "uploadtime": 1776615693,
  "views": 15,
  "formatid": "gen9championsvgc2026regma",
  "rating": 1044,
  "private": 0,
  "password": null
}