{
  "id": "gen9championsvgc2026regma-2584480699",
  "format": "[Gen 9 Champions] VGC 2026 Reg M-A",
  "players": [
    "EmperorGoose",
    "DanTheMackGaming"
  ],
  "log": "|j|\u2606EmperorGoose\n|j|\u2606DanTheMackGaming\n|t:|1776263698\n|gametype|doubles\n|player|p1|EmperorGoose|veteran|1048\n|player|p2|DanTheMackGaming|2|1119\n|gen|9\n|tier|[Gen 9 Champions] VGC 2026 Reg M-A\n|rated|\n|rule|Species Clause: Limit one of each Pok\u00e9mon\n|rule|Item Clause: Limit 1 of each item\n|clearpoke\n|poke|p1|Meganium, L50, M|\n|poke|p1|Archaludon, L50, F|\n|poke|p1|Typhlosion-Hisui, L50, F|\n|poke|p1|Aerodactyl, L50, F|\n|poke|p1|Tauros-Paldea-Aqua, L50, M|\n|poke|p1|Kangaskhan, L50, F|\n|poke|p2|Basculegion, L50, M|\n|poke|p2|Pelipper, L50, M|\n|poke|p2|Sableye, L50, M|\n|poke|p2|Incineroar, L50, M|\n|poke|p2|Chimecho, L50, M|\n|poke|p2|Sinistcha, L50|\n|teampreview|4\n|\n|t:|1776263728\n|teamsize|p1|4\n|teamsize|p2|4\n|start\n|switch|p1a: Kangaskhan|Kangaskhan, L50, F|100/100\n|switch|p1b: Aerodactyl|Aerodactyl, L50, F|100/100\n|switch|p2a: Chimecho|Chimecho, L50, M|100/100\n|switch|p2b: Sableye|Sableye, L50, M|100/100\n|-ability|p1b: Aerodactyl|Unnerve\n|turn|1\n|\n|t:|1776263748\n|detailschange|p1a: Kangaskhan|Kangaskhan-Mega, L50, F\n|-mega|p1a: Kangaskhan|Kangaskhan|Kangaskhanite\n|detailschange|p2a: Chimecho|Chimecho-Mega, L50, M\n|-mega|p2a: Chimecho|Chimecho|Chimechite\n|move|p1a: Kangaskhan|Fake Out|p2a: Chimecho\n|-resisted|p2a: Chimecho|1\n|-damage|p2a: Chimecho|92/100\n|-resisted|p2a: Chimecho|1\n|-damage|p2a: Chimecho|91/100\n|-hitcount|p2a: Chimecho|2\n|move|p2b: Sableye|Reflect|p2b: Sableye\n|-sidestart|p2: DanTheMackGaming|Reflect\n|move|p1b: Aerodactyl|Tailwind|p1b: Aerodactyl\n|-sidestart|p1: EmperorGoose|move: Tailwind\n|cant|p2a: Chimecho|flinch\n|\n|upkeep\n|turn|2\n|\n|t:|1776263768\n|move|p1a: Kangaskhan|Sucker Punch||[still]\n|-fail|p1a: Kangaskhan\n|move|p2b: Sableye|Encore|p1a: Kangaskhan\n|-start|p1a: Kangaskhan|Encore\n|move|p1b: Aerodactyl|Rock Slide|p2b: Sableye|[spread] p2a,p2b\n|-resisted|p2a: Chimecho|1\n|-damage|p2a: Chimecho|84/100\n|-damage|p2b: Sableye|83/100\n|move|p2a: Chimecho|Trick Room|p2a: Chimecho\n|-fieldstart|move: Trick Room|[of] p2a: Chimecho\n|\n|upkeep\n|turn|3\n|\n|t:|1776263791\n|move|p2b: Sableye|Disable|p1a: Kangaskhan\n|-start|p1a: Kangaskhan|Disable|Sucker Punch\n|cant|p1a: Kangaskhan|Disable|Sucker Punch\n|move|p2a: Chimecho|Imprison|p2a: Chimecho\n|-start|p2a: Chimecho|move: Imprison\n|move|p1b: Aerodactyl|Dual Wingbeat|p2b: Sableye\n|-damage|p2b: Sableye|71/100\n|-damage|p2b: Sableye|58/100\n|-hitcount|p2b: Sableye|2\n|\n|upkeep\n|turn|4\n|\n|t:|1776263814\n|switch|p1a: Tauros|Tauros-Paldea-Aqua, L50, M|100/100\n|-ability|p1a: Tauros|Intimidate|boost\n|-unboost|p2a: Chimecho|atk|1\n|-unboost|p2b: Sableye|atk|1\n|switch|p1b: Archaludon|Archaludon, L50, F|100/100\n|move|p2b: Sableye|Disable||[still]\n|-fail|p2b: Sableye\n|move|p2a: Chimecho|Psychic|p1a: Tauros\n|-supereffective|p1a: Tauros|1\n|-damage|p1a: Tauros|0 fnt\n|faint|p1a: Tauros\n|\n|-sideend|p1: EmperorGoose|move: Tailwind\n|upkeep\n|\n|t:|1776263826\n|switch|p1a: Aerodactyl|Aerodactyl, L50, F|100/100\n|-ability|p1a: Aerodactyl|Unnerve\n|turn|5\n|\n|t:|1776263837\n|move|p1a: Aerodactyl|Protect|p1a: Aerodactyl\n|-singleturn|p1a: Aerodactyl|Protect\n|move|p2b: Sableye|Light Screen|p2b: Sableye\n|-sidestart|p2: DanTheMackGaming|move: Light Screen\n|move|p2a: Chimecho|Psychic|p1a: Aerodactyl\n|-activate|p1a: Aerodactyl|move: Protect\n|move|p1b: Archaludon|Steel Beam|p2b: Sableye\n|-damage|p2b: Sableye|0 fnt\n|-damage|p1b: Archaludon|50/100|[from] steelbeam\n|faint|p2b: Sableye\n|\n|-sideend|p2: DanTheMackGaming|Reflect\n|upkeep\n|\n|t:|1776263846\n|switch|p2b: Pelipper|Pelipper, L50, M|100/100\n|-weather|RainDance|[from] ability: Drizzle|[of] p2b: Pelipper\n|turn|6\n|\n|t:|1776263874\n|move|p1b: Archaludon|Protect|p1b: Archaludon\n|-singleturn|p1b: Archaludon|Protect\n|move|p2a: Chimecho|Psychic|p1b: Archaludon\n|-activate|p1b: Archaludon|move: Protect\n|move|p2b: Pelipper|Hydro Pump|p1a: Aerodactyl\n|-supereffective|p1a: Aerodactyl|1\n|-enditem|p1a: Aerodactyl|Focus Sash\n|-damage|p1a: Aerodactyl|1/100\n|move|p1a: Aerodactyl|Rock Slide|p2a: Chimecho|[spread] p2a,p2b\n|-resisted|p2a: Chimecho|1\n|-supereffective|p2b: Pelipper|1\n|-damage|p2a: Chimecho|75/100\n|-damage|p2b: Pelipper|39/100\n|\n|-weather|RainDance|[upkeep]\n|-fieldend|move: Trick Room\n|upkeep\n|turn|7\n|\n|t:|1776263890\n|switch|p1b: Kangaskhan|Kangaskhan-Mega, L50, F|100/100\n|move|p1a: Aerodactyl|Rock Slide|p2a: Chimecho|[spread] p2a\n|-miss|p1a: Aerodactyl|p2b: Pelipper\n|-resisted|p2a: Chimecho|1\n|-damage|p2a: Chimecho|65/100\n|move|p2b: Pelipper|Tailwind|p2b: Pelipper\n|-sidestart|p2: DanTheMackGaming|move: Tailwind\n|move|p2a: Chimecho|Dazzling Gleam|p1b: Kangaskhan|[spread] p1a,p1b\n|-crit|p1b: Kangaskhan\n|-damage|p1a: Aerodactyl|0 fnt\n|-damage|p1b: Kangaskhan|73/100\n|faint|p1a: Aerodactyl\n|\n|-weather|RainDance|[upkeep]\n|upkeep\n|\n|t:|1776263900\n|switch|p1a: Archaludon|Archaludon, L50, F|50/100\n|turn|8\n|\n|t:|1776263910\n|move|p1b: Kangaskhan|Sucker Punch|p2a: Chimecho\n|-supereffective|p2a: Chimecho|1\n|-damage|p2a: Chimecho|27/100\n|-supereffective|p2a: Chimecho|1\n|-damage|p2a: Chimecho|17/100\n|-hitcount|p2a: Chimecho|2\n|move|p2b: Pelipper|Hydro Pump|p1a: Archaludon\n|-resisted|p1a: Archaludon|1\n|-damage|p1a: Archaludon|0 fnt\n|faint|p1a: Archaludon\n|move|p2a: Chimecho|Dazzling Gleam|p1b: Kangaskhan\n|-damage|p1b: Kangaskhan|48/100\n|\n|-weather|RainDance|[upkeep]\n|upkeep\n|turn|9\n|\n|t:|1776263925\n|move|p1b: Kangaskhan|Sucker Punch|p2a: Chimecho\n|-supereffective|p2a: Chimecho|1\n|-damage|p2a: Chimecho|0 fnt\n|faint|p2a: Chimecho\n|-hitcount|p2: Chimecho|1\n|move|p2b: Pelipper|Hydro Pump|p1b: Kangaskhan\n|-damage|p1b: Kangaskhan|0 fnt\n|faint|p1b: Kangaskhan\n|\n|win|DanTheMackGaming\n|raw|EmperorGoose's rating: 1048 &rarr; <strong>1034</strong><br />(-14 for losing)\n|raw|DanTheMackGaming's rating: 1119 &rarr; <strong>1139</strong><br />(+20 for winning)\n|l|\u2606EmperorGoose\n|player|p1|\n",
  "uploadtime": 1776263931,
  "views": 25,
  "formatid": "gen9championsvgc2026regma",
  "rating": 1034,
  "private": 0,
  "password": null
}