{
  "id": "gen9championsvgc2026regma-2581597942",
  "format": "[Gen 9 Champions] VGC 2026 Reg M-A",
  "players": [
    "beykinzmon",
    "Sndidojdnf"
  ],
  "log": "|j|\u2606beykinzmon\n|j|\u2606Sndidojdnf\n|t:|1776013955\n|gametype|doubles\n|player|p1|beykinzmon|benga|1000\n|player|p2|Sndidojdnf|1|1000\n|gen|9\n|tier|[Gen 9 Champions] VGC 2026 Reg M-A\n|rated|\n|rule|Species Clause: Limit one of each Pok\u00e9mon\n|rule|Item Clause: Limit 1 of each item\n|clearpoke\n|poke|p1|Gallade, L50, M|\n|poke|p1|Arcanine-Hisui, L50, M|\n|poke|p1|Kingambit, L50, F|\n|poke|p1|Rotom-Wash, L50|\n|poke|p1|Farigiraf, L50, F|\n|poke|p1|Whimsicott, L50, F|\n|poke|p2|Starmie, L50|\n|poke|p2|Rampardos, L50, F|\n|poke|p2|Rotom-Heat, L50|\n|poke|p2|Aegislash, L50, F|\n|poke|p2|Aerodactyl, L50, F|\n|poke|p2|Garchomp, L50, F|\n|teampreview|4\nbeykinzmon has agreed to open team sheets.\n|\n|t:|1776014014\n|teamsize|p1|4\n|teamsize|p2|4\n|start\n|switch|p1a: Gallade|Gallade, L50, M, shiny|100/100\n|switch|p1b: Whimsicott|Whimsicott, L50, F, shiny|100/100\n|switch|p2a: Aerodactyl|Aerodactyl, L50, F|100/100\n|switch|p2b: Aegislash|Aegislash, L50, F|100/100\n|-ability|p2a: Aerodactyl|Unnerve\n|turn|1\n|\n|t:|1776014044\n|detailschange|p1a: Gallade|Gallade-Mega, L50, M, shiny\n|-mega|p1a: Gallade|Gallade|Galladite\n|move|p1a: Gallade|Protect|p1a: Gallade\n|-singleturn|p1a: Gallade|Protect\n|move|p1b: Whimsicott|Tailwind|p1b: Whimsicott\n|-sidestart|p1: beykinzmon|move: Tailwind\n|move|p2a: Aerodactyl|Tailwind|p2a: Aerodactyl\n|-sidestart|p2: Sndidojdnf|move: Tailwind\n|-formechange|p2b: Aegislash|Aegislash-Blade|\n|move|p2b: Aegislash|Shadow Ball|p1a: Gallade\n|-activate|p1a: Gallade|move: Protect\n|\n|upkeep\n|turn|2\n|\n|t:|1776014081\n|-formechange|p2b: Aegislash|Aegislash|\n|move|p2b: Aegislash|King's Shield|p2b: Aegislash\n|-singleturn|p2b: Aegislash|Protect\n|move|p2a: Aerodactyl|Dual Wingbeat|p1a: Gallade\n|-supereffective|p1a: Gallade|1\n|-damage|p1a: Gallade|57/100\n|-supereffective|p1a: Gallade|1\n|-crit|p1a: Gallade\n|-damage|p1a: Gallade|0 fnt\n|faint|p1a: Gallade\n|-hitcount|p1: Gallade|2\n|move|p1b: Whimsicott|Moonblast|p2a: Aerodactyl\n|-damage|p2a: Aerodactyl|58/100\n|-unboost|p2a: Aerodactyl|spa|1\n|\n|upkeep\n|\n|t:|1776014100\n|switch|p1a: Rotom|Rotom-Wash, L50|100/100\n|turn|3\n|\n|t:|1776014123\n|move|p1b: Whimsicott|Encore|p2b: Aegislash\n|-start|p2b: Aegislash|Encore\n|move|p2b: Aegislash|King's Shield||[still]\n|-fail|p2b: Aegislash\n|move|p2a: Aerodactyl|Dual Wingbeat|p1b: Whimsicott\n|-supereffective|p1b: Whimsicott|1\n|-damage|p1b: Whimsicott|51/100\n|-supereffective|p1b: Whimsicott|1\n|-damage|p1b: Whimsicott|5/100\n|-hitcount|p1b: Whimsicott|2\n|move|p1a: Rotom|Electroweb|p2a: Aerodactyl|[spread] p2a,p2b\n|-supereffective|p2a: Aerodactyl|1\n|-damage|p2a: Aerodactyl|8/100\n|-damage|p2b: Aegislash|87/100\n|-unboost|p2a: Aerodactyl|spe|1\n|-unboost|p2b: Aegislash|spe|1\n|\n|-heal|p2b: Aegislash|93/100|[from] item: Leftovers\n|upkeep\n|turn|4\n|\n|t:|1776014171\n|move|p2b: Aegislash|King's Shield|p2b: Aegislash\n|-singleturn|p2b: Aegislash|Protect\n|move|p1b: Whimsicott|Moonblast|p2b: Aegislash\n|-activate|p2b: Aegislash|move: Protect\n|move|p1a: Rotom|Volt Switch|p2a: Aerodactyl\n|-supereffective|p2a: Aerodactyl|1\n|-damage|p2a: Aerodactyl|0 fnt\n|faint|p2a: Aerodactyl\n|\n|t:|1776014181\n|switch|p1a: Kingambit|Kingambit, L50, F|100/100|[from] Volt Switch\n|\n|-heal|p2b: Aegislash|99/100|[from] item: Leftovers\n|-sideend|p2: Sndidojdnf|move: Tailwind\n|-sideend|p1: beykinzmon|move: Tailwind\n|upkeep\n|\n|t:|1776014190\n|switch|p2a: Starmie|Starmie, L50|100/100\n|turn|5\n|\n|t:|1776014223\n|switch|p2b: Rampardos|Rampardos, L50, F|100/100\n|move|p1a: Kingambit|Protect|p1a: Kingambit\n|-singleturn|p1a: Kingambit|Protect\n|move|p1b: Whimsicott|Tailwind|p1b: Whimsicott\n|-sidestart|p1: beykinzmon|move: Tailwind\n|move|p2a: Starmie|Skill Swap|p2b: Rampardos\n|-activate|p2a: Starmie|Skill Swap|||[of] p2b: Rampardos\n|\n|upkeep\n|turn|6\n|\n|t:|1776014260\n|detailschange|p2a: Starmie|Starmie-Mega, L50\n|-mega|p2a: Starmie|Starmie|Starminite\n|move|p1b: Whimsicott|Encore|p2a: Starmie\n|-start|p2a: Starmie|Encore\n|move|p2a: Starmie|Skill Swap|p1a: Kingambit\n|-activate|p2a: Starmie|Skill Swap|Defiant|Huge Power|[of] p1a: Kingambit\n|move|p2b: Rampardos|Earthquake|p1b: Whimsicott|[spread] p2a,p1a,p1b\n|-supereffective|p1a: Kingambit|1\n|-resisted|p1b: Whimsicott|1\n|-damage|p2a: Starmie|62/100\n|-damage|p1a: Kingambit|57/100\n|-damage|p1b: Whimsicott|0 fnt\n|faint|p1b: Whimsicott\n|move|p1a: Kingambit|Iron Head|p2b: Rampardos\n|-supereffective|p2b: Rampardos|1\n|-crit|p2b: Rampardos\n|-damage|p2b: Rampardos|0 fnt\n|faint|p2b: Rampardos\n|\n|upkeep\n|\n|t:|1776014278\n|switch|p1b: Rotom|Rotom-Wash, L50|100/100\n|switch|p2b: Aegislash|Aegislash, L50, F|99/100\n|turn|7\n|-message|Sndidojdnf forfeited.\n|\n|win|beykinzmon\n|raw|beykinzmon's rating: 1000 &rarr; <strong>1040</strong><br />(+40 for winning)\n|raw|Sndidojdnf's rating: 1000 &rarr; <strong>1000</strong><br />(+0 for losing)\n|l|\u2606Sndidojdnf\n|player|p2|\n",
  "uploadtime": 1776014291,
  "views": 40,
  "formatid": "gen9championsvgc2026regma",
  "rating": 1000,
  "private": 0,
  "password": null
}