{
  "id": "gen9championsvgc2026regma-2587855722",
  "format": "[Gen 9 Champions] VGC 2026 Reg M-A",
  "players": [
    "Anicredible",
    "mroesing"
  ],
  "log": "|j|\u2606Anicredible\n|j|\u2606mroesing\n|t:|1776571099\n|gametype|doubles\n|player|p1|Anicredible|schoolkid-gen4|1091\n|player|p2|mroesing|102|1175\n|gen|9\n|tier|[Gen 9 Champions] VGC 2026 Reg M-A\n|rated|\n|rule|Species Clause: Limit one of each Pok\u00e9mon\n|rule|Item Clause: Limit 1 of each item\n|clearpoke\n|poke|p1|Kangaskhan, L50, F|\n|poke|p1|Sinistcha, L50|\n|poke|p1|Sneasler, L50, F|\n|poke|p1|Whimsicott, L50, F|\n|poke|p1|Corviknight, L50, F|\n|poke|p1|Primarina, L50, F|\n|poke|p2|Mamoswine, L50, M|\n|poke|p2|Rotom-Wash, L50|\n|poke|p2|Talonflame, L50, M|\n|poke|p2|Sneasler, L50, M|\n|poke|p2|Venusaur, L50, F|\n|poke|p2|Tyranitar, L50, M|\n|teampreview|4\n|inactive|Battle timer is ON: inactive players will automatically lose when time's up. (requested by Anicredible)\nAnicredible rejected open team sheets.\n|inactive|Anicredible has 60 seconds left.\n|\n|t:|1776571158\n|teamsize|p1|4\n|teamsize|p2|4\n|start\n|switch|p1a: Kangaskhan|Kangaskhan, L50, F|100/100\n|switch|p1b: Sneasler|Sneasler, L50, F|100/100\n|switch|p2a: Talonflame|Talonflame, L50, M|100/100\n|switch|p2b: Sneasler|Sneasler, L50, M|100/100\n|turn|1\n|inactive|Anicredible has 30 seconds left.\n|\n|t:|1776571192\n|move|p2a: Talonflame|Protect|p2a: Talonflame\n|-singleturn|p2a: Talonflame|Protect\n|move|p2b: Sneasler|Fake Out|p1a: Kangaskhan\n|-damage|p1a: Kangaskhan|87/100\n|move|p1a: Kangaskhan|Fake Out|p2a: Talonflame\n|-activate|p2a: Talonflame|move: Protect\n|move|p1b: Sneasler|Coaching|p1a: Kangaskhan\n|-boost|p1a: Kangaskhan|atk|1\n|-boost|p1a: Kangaskhan|def|1\n|\n|upkeep\n|turn|2\n|inactive|Anicredible has 30 seconds left.\n|inactive|mroesing has 30 seconds left.\n|inactive|Anicredible has 20 seconds left.\n|inactive|Anicredible has 15 seconds left.\n|\n|t:|1776571232\n|move|p1a: Kangaskhan|Protect|p1a: Kangaskhan\n|-singleturn|p1a: Kangaskhan|Protect\n|move|p2a: Talonflame|Dual Wingbeat|p1a: Kangaskhan\n|-activate|p1a: Kangaskhan|move: Protect\n|move|p2b: Sneasler|Close Combat|p1a: Kangaskhan\n|-activate|p1a: Kangaskhan|move: Protect\n|move|p1b: Sneasler|Coaching|p1a: Kangaskhan\n|-boost|p1a: Kangaskhan|atk|1\n|-boost|p1a: Kangaskhan|def|1\n|\n|upkeep\n|turn|3\n|inactive|Anicredible has 30 seconds left.\n|inactive|mroesing has 30 seconds left.\n|inactive|Anicredible has 20 seconds left.\n|\n|t:|1776571271\n|detailschange|p1a: Kangaskhan|Kangaskhan-Mega, L50, F\n|-mega|p1a: Kangaskhan|Kangaskhan|Kangaskhanite\n|move|p2a: Talonflame|Dual Wingbeat|p1b: Sneasler\n|-supereffective|p1b: Sneasler|1\n|-damage|p1b: Sneasler|42/100\n|-supereffective|p1b: Sneasler|1\n|-damage|p1b: Sneasler|0 fnt\n|faint|p1b: Sneasler\n|-hitcount|p1: Sneasler|2\n|move|p2b: Sneasler|Close Combat|p1a: Kangaskhan\n|-supereffective|p1a: Kangaskhan|1\n|-damage|p1a: Kangaskhan|33/100\n|-unboost|p2b: Sneasler|def|1\n|-unboost|p2b: Sneasler|spd|1\n|-enditem|p2b: Sneasler|White Herb\n|-clearnegativeboost|p2b: Sneasler|[silent]\n|move|p1a: Kangaskhan|Double-Edge|p2b: Sneasler\n|-damage|p2b: Sneasler|0 fnt\n|faint|p2b: Sneasler\n|-hitcount|p2: Sneasler|1\n|-damage|p1a: Kangaskhan|8/100|[from] Recoil\n|\n|upkeep\n|inactive|mroesing has 30 seconds left.\n|\n|t:|1776571303\n|switch|p2b: Mamoswine|Mamoswine, L50, M|100/100\n|switch|p1b: Whimsicott|Whimsicott, L50, F|100/100\n|turn|4\n|\n|t:|1776571315\n|move|p1a: Kangaskhan|Protect|p1a: Kangaskhan\n|-singleturn|p1a: Kangaskhan|Protect\n|move|p2a: Talonflame|Dual Wingbeat|p1b: Whimsicott\n|-supereffective|p1b: Whimsicott|1\n|-damage|p1b: Whimsicott|55/100\n|-supereffective|p1b: Whimsicott|1\n|-damage|p1b: Whimsicott|10/100\n|-hitcount|p1b: Whimsicott|2\n|move|p1b: Whimsicott|Tailwind|p1b: Whimsicott\n|-sidestart|p1: Anicredible|move: Tailwind\n|move|p2b: Mamoswine|Ice Shard|p1a: Kangaskhan\n|-activate|p1a: Kangaskhan|move: Protect\n|\n|upkeep\n|turn|5\n|inactive|Anicredible has 30 seconds left.\n|\n|t:|1776571344\n|move|p2a: Talonflame|Protect|p2a: Talonflame\n|-singleturn|p2a: Talonflame|Protect\n|move|p1a: Kangaskhan|Sucker Punch|p2b: Mamoswine\n|-damage|p2b: Mamoswine|48/100\n|-enditem|p2b: Mamoswine|Sitrus Berry|[eat]\n|-heal|p2b: Mamoswine|73/100|[from] item: Sitrus Berry\n|-damage|p2b: Mamoswine|62/100\n|-hitcount|p2b: Mamoswine|2\n|move|p2b: Mamoswine|Ice Shard|p1a: Kangaskhan\n|-damage|p1a: Kangaskhan|0 fnt\n|faint|p1a: Kangaskhan\n|move|p1b: Whimsicott|Moonblast|p2a: Talonflame\n|-activate|p2a: Talonflame|move: Protect\n|\n|upkeep\n|\n|t:|1776571353\n|switch|p1a: Corviknight|Corviknight, L50, F|100/100\n|turn|6\n|\n|t:|1776571368\n|move|p1b: Whimsicott|Taunt|p2a: Talonflame\n|-start|p2a: Talonflame|move: Taunt\n|cant|p2a: Talonflame|move: Taunt|Tailwind\n|move|p2b: Mamoswine|Ice Shard|p1b: Whimsicott\n|-supereffective|p1b: Whimsicott|1\n|-damage|p1b: Whimsicott|0 fnt\n|faint|p1b: Whimsicott\n|move|p1a: Corviknight|Body Press|p2b: Mamoswine\n|-supereffective|p2b: Mamoswine|1\n|-damage|p2b: Mamoswine|2/100\n|\n|upkeep\n|turn|7\n|\n|t:|1776571390\n|move|p2b: Mamoswine|Ice Shard|p1a: Corviknight\n|-damage|p1a: Corviknight|85/100\n|move|p2a: Talonflame|Flare Blitz|p1a: Corviknight\n|-supereffective|p1a: Corviknight|1\n|-crit|p1a: Corviknight\n|-damage|p1a: Corviknight|0 fnt\n|faint|p1a: Corviknight\n|-damage|p2a: Talonflame|69/100|[from] Recoil\n|\n|win|mroesing\n|raw|Anicredible's rating: 1091 &rarr; <strong>1073</strong><br />(-18 for losing)\n|raw|mroesing's rating: 1175 &rarr; <strong>1194</strong><br />(+19 for winning)\n",
  "uploadtime": 1776571398,
  "views": 8,
  "formatid": "gen9championsvgc2026regma",
  "rating": 1073,
  "private": 0,
  "password": null
}