{
  "id": "gen9championsvgc2026regma-2582047920",
  "format": "[Gen 9 Champions] VGC 2026 Reg M-A",
  "players": [
    "somerandomcat451",
    "StreamOtter"
  ],
  "log": "|j|\u2606somerandomcat451\n|j|\u2606StreamOtter\n|t:|1776051755\n|gametype|doubles\n|player|p1|somerandomcat451|ingo|1185\n|player|p2|StreamOtter|n|1280\n|gen|9\n|tier|[Gen 9 Champions] VGC 2026 Reg M-A\n|rated|\n|rule|Species Clause: Limit one of each Pok\u00e9mon\n|rule|Item Clause: Limit 1 of each item\n|clearpoke\n|poke|p1|Pelipper, L50, M|\n|poke|p1|Archaludon, L50, M|\n|poke|p1|Glimmora, L50, F|\n|poke|p1|Meganium, L50, M|\n|poke|p1|Incineroar, L50, F|\n|poke|p1|Palafin, L50, F|\n|poke|p2|Gallade, L50, M|\n|poke|p2|Sneasler, L50, F|\n|poke|p2|Milotic, L50, M|\n|poke|p2|Sinistcha, L50|\n|poke|p2|Torkoal, L50, M|\n|poke|p2|Conkeldurr, L50, M|\n|teampreview|4\n|inactive|Battle timer is ON: inactive players will automatically lose when time's up. (requested by somerandomcat451)\n|inactive|somerandomcat451 has 60 seconds left.\n|\n|t:|1776051792\n|teamsize|p1|4\n|teamsize|p2|4\n|start\n|switch|p1a: Glimmora|Glimmora, L50, F, shiny|100/100\n|switch|p1b: Incineroar|Incineroar, L50, F|100/100\n|switch|p2a: Torkoal|Torkoal, L50, M|100/100\n|switch|p2b: Gallade|Gallade, L50, M|100/100\n|-ability|p1b: Incineroar|Intimidate|boost\n|-unboost|p2a: Torkoal|atk|1\n|-unboost|p2b: Gallade|atk|1\n|-weather|SunnyDay|[from] ability: Drought|[of] p2a: Torkoal\n|turn|1\n|inactive|StreamOtter has 30 seconds left.\n|\n|t:|1776051819\n|detailschange|p1a: Glimmora|Glimmora-Mega, L50, F, shiny\n|-mega|p1a: Glimmora|Glimmora|Glimmoranite\n|detailschange|p2b: Gallade|Gallade-Mega, L50, M\n|-mega|p2b: Gallade|Gallade|Galladite\n|move|p1b: Incineroar|Fake Out|p2b: Gallade\n|-damage|p2b: Gallade|83/100\n|move|p1a: Glimmora|Power Gem|p2a: Torkoal\n|-supereffective|p2a: Torkoal|1\n|-damage|p2a: Torkoal|0 fnt\n|faint|p2a: Torkoal\n|move|p2b: Gallade|Psycho Cut|p1a: Glimmora\n|-supereffective|p1a: Glimmora|1\n|-damage|p1a: Glimmora|32/100\n|\n|-weather|SunnyDay|[upkeep]\n|upkeep\n|\n|t:|1776051833\n|switch|p2a: Sneasler|Sneasler, L50, F|100/100\n|turn|2\n|inactive|somerandomcat451 has 30 seconds left.\n|\n|t:|1776051858\n|move|p1a: Glimmora|Spiky Shield|p1a: Glimmora\n|-singleturn|p1a: Glimmora|move: Protect\n|move|p2a: Sneasler|Close Combat|p1a: Glimmora\n|-activate|p1a: Glimmora|move: Protect\n|-damage|p2a: Sneasler|88/100|[from] Spiky Shield|[of] p1a: Glimmora\n|move|p2b: Gallade|Sacred Sword|p1b: Incineroar\n|-supereffective|p1b: Incineroar|1\n|-damage|p1b: Incineroar|5/100\n|-enditem|p1b: Incineroar|Sitrus Berry|[eat]\n|-heal|p1b: Incineroar|30/100|[from] item: Sitrus Berry\n|move|p1b: Incineroar|Will-O-Wisp|p2a: Sneasler\n|-status|p2a: Sneasler|brn\n|\n|-weather|SunnyDay|[upkeep]\n|-damage|p2a: Sneasler|82/100 brn|[from] brn\n|upkeep\n|turn|3\n|inactive|somerandomcat451 has 30 seconds left.\n|inactive|somerandomcat451 has 20 seconds left.\n|inactive|somerandomcat451 has 15 seconds left.\n|\n|t:|1776051901\n|switch|p1a: Archaludon|Archaludon, L50, M|100/100\n|move|p2a: Sneasler|Coaching|p2b: Gallade\n|-boost|p2b: Gallade|atk|1\n|-boost|p2b: Gallade|def|1\n|move|p2b: Gallade|Psycho Cut|p1a: Archaludon\n|-resisted|p1a: Archaludon|1\n|-damage|p1a: Archaludon|80/100\n|-ability|p1a: Archaludon|Stamina|boost\n|-boost|p1a: Archaludon|def|1\n|move|p1b: Incineroar|Parting Shot|p2b: Gallade\n|-unboost|p2b: Gallade|atk|1\n|-unboost|p2b: Gallade|spa|1\n|\n|t:|1776051914\n|switch|p1b: Pelipper|Pelipper, L50, M|100/100|[from] Parting Shot\n|-weather|RainDance|[from] ability: Drizzle|[of] p1b: Pelipper\n|\n|-weather|RainDance|[upkeep]\n|-heal|p1a: Archaludon|87/100|[from] item: Leftovers\n|-damage|p2a: Sneasler|77/100 brn|[from] brn\n|upkeep\n|turn|4\n|\n|t:|1776051930\n|move|p1a: Archaludon|Protect|p1a: Archaludon\n|-singleturn|p1a: Archaludon|Protect\n|move|p2a: Sneasler|Coaching|p2b: Gallade\n|-boost|p2b: Gallade|atk|1\n|-boost|p2b: Gallade|def|1\n|move|p2b: Gallade|Sacred Sword|p1a: Archaludon\n|-activate|p1a: Archaludon|move: Protect\n|move|p1b: Pelipper|Tailwind|p1b: Pelipper\n|-sidestart|p1: somerandomcat451|move: Tailwind\n|\n|-weather|RainDance|[upkeep]\n|-heal|p1a: Archaludon|93/100|[from] item: Leftovers\n|-damage|p2a: Sneasler|71/100 brn|[from] brn\n|upkeep\n|turn|5\n|\n|t:|1776051951\n|switch|p2a: Sinistcha|Sinistcha, L50|100/100\n|-heal|p2b: Gallade|100/100|[from] ability: Hospitality|[of] p2a: Sinistcha\n|move|p1b: Pelipper|Hurricane|p2b: Gallade\n|-supereffective|p2b: Gallade|1\n|-damage|p2b: Gallade|0 fnt\n|faint|p2b: Gallade\n|move|p1a: Archaludon|Electro Shot||[still]\n|-prepare|p1a: Archaludon|Electro Shot\n|-boost|p1a: Archaludon|spa|1\n|-anim|p1a: Archaludon|Electro Shot|p2a: Sinistcha\n|-resisted|p2a: Sinistcha|1\n|-damage|p2a: Sinistcha|59/100\n|\n|-weather|RainDance|[upkeep]\n|-heal|p1a: Archaludon|99/100|[from] item: Leftovers\n|upkeep\n|-message|StreamOtter forfeited.\n|\n|win|somerandomcat451\n|raw|somerandomcat451's rating: 1185 &rarr; <strong>1217</strong><br />(+32 for winning)\n|raw|StreamOtter's rating: 1280 &rarr; <strong>1248</strong><br />(-32 for losing)\n|l|\u2606StreamOtter\n|player|p2|\n",
  "uploadtime": 1776052050,
  "views": 17,
  "formatid": "gen9championsvgc2026regma",
  "rating": 1217,
  "private": 0,
  "password": null
}