{
  "id": "gen9championsvgc2026regma-2581100677",
  "format": "[Gen 9 Champions] VGC 2026 Reg M-A",
  "players": [
    "rookiee777",
    "Gallon of poo"
  ],
  "log": "|j|\u2606rookiee777\n|j|\u2606Gallon of poo\n|t:|1775959901\n|gametype|doubles\n|player|p1|rookiee777|unknown|1088\n|player|p2|Gallon of poo|ghetsis|1174\n|gen|9\n|tier|[Gen 9 Champions] VGC 2026 Reg M-A\n|rated|\n|rule|Species Clause: Limit one of each Pok\u00e9mon\n|rule|Item Clause: Limit 1 of each item\n|clearpoke\n|poke|p1|Froslass, L50, F|\n|poke|p1|Arcanine-Hisui, L50, M|\n|poke|p1|Kingambit, L50, F|\n|poke|p1|Palafin, L50, F|\n|poke|p1|Clefable, L50, M|\n|poke|p1|Kommo-o, L50, F|\n|poke|p2|Drampa, L50, F|\n|poke|p2|Oranguru, L50, M|\n|poke|p2|Palafin, L50, M|\n|poke|p2|Talonflame, L50, M|\n|poke|p2|Vanilluxe, L50, F|\n|poke|p2|Aggron, L50, M|\n|teampreview|4\n|\n|t:|1775959934\n|teamsize|p1|4\n|teamsize|p2|4\n|start\n|switch|p1a: Arcanine|Arcanine-Hisui, L50, M|100/100\n|switch|p1b: Froslass|Froslass, L50, F|100/100\n|switch|p2a: Talonflame|Talonflame, L50, M|100/100\n|switch|p2b: Pavillion|Vanilluxe, L50, F|100/100\n|-weather|Snowscape|[from] ability: Snow Warning|[of] p2b: Pavillion\n|-ability|p1a: Arcanine|Intimidate|boost\n|-unboost|p2a: Talonflame|atk|1\n|-unboost|p2b: Pavillion|atk|1\n|turn|1\n|inactive|Battle timer is ON: inactive players will automatically lose when time's up. (requested by rookiee777)\n|\n|t:|1775959951\n|move|p1b: Froslass|Protect|p1b: Froslass\n|-singleturn|p1b: Froslass|Protect\n|move|p2a: Talonflame|Tailwind|p2a: Talonflame\n|-sidestart|p2: Gallon of poo|move: Tailwind\n|move|p2b: Pavillion|Aurora Veil|p2b: Pavillion\n|-sidestart|p2: Gallon of poo|move: Aurora Veil\n|move|p1a: Arcanine|Rock Slide|p2a: Talonflame|[spread] p2a,p2b\n|-supereffective|p2a: Talonflame|2\n|-supereffective|p2b: Pavillion|1\n|-damage|p2a: Talonflame|0 fnt\n|-damage|p2b: Pavillion|68/100\n|faint|p2a: Talonflame\n|\n|-weather|Snowscape|[upkeep]\n|upkeep\n|\n|t:|1775959956\n|switch|p2a: Roro|Aggron, L50, M|100/100\n|turn|2\n|\n|t:|1775959977\n|switch|p1a: Kommo-o|Kommo-o, L50, F|100/100\n|detailschange|p1b: Froslass|Froslass-Mega, L50, F\n|-mega|p1b: Froslass|Froslass|Froslassite\n|detailschange|p2a: Roro|Aggron-Mega, L50, M\n|-mega|p2a: Roro|Aggron|Aggronite\n|move|p2b: Pavillion|Blizzard|p1b: Froslass|[spread] p1a,p1b\n|-supereffective|p1a: Kommo-o|1\n|-resisted|p1b: Froslass|1\n|-damage|p1a: Kommo-o|32/100\n|-damage|p1b: Froslass|76/100\n|move|p1b: Froslass|Aurora Veil|p1b: Froslass\n|-sidestart|p1: rookiee777|move: Aurora Veil\n|move|p2a: Roro|Heavy Slam|p1b: Froslass\n|-supereffective|p1b: Froslass|1\n|-damage|p1b: Froslass|0 fnt\n|faint|p1b: Froslass\n|\n|-weather|Snowscape|[upkeep]\n|-heal|p1a: Kommo-o|39/100|[from] item: Leftovers\n|upkeep\n|\n|t:|1775959992\n|switch|p1b: Clefable|Clefable, L50, M|100/100\n|turn|3\n|\n|t:|1775960003\n|move|p1b: Clefable|Follow Me|p1b: Clefable\n|-singleturn|p1b: Clefable|move: Follow Me\n|move|p2b: Pavillion|Blizzard|p1b: Clefable|[spread] p1a,p1b\n|-supereffective|p1a: Kommo-o|1\n|-damage|p1a: Kommo-o|0 fnt\n|-damage|p1b: Clefable|78/100\n|faint|p1a: Kommo-o\n|move|p2a: Roro|Heavy Slam|p1b: Clefable\n|-supereffective|p1b: Clefable|1\n|-damage|p1b: Clefable|19/100\n|-enditem|p1b: Clefable|Sitrus Berry|[eat]\n|-heal|p1b: Clefable|44/100|[from] item: Sitrus Berry\n|\n|-weather|Snowscape|[upkeep]\n|upkeep\n|\n|t:|1775960011\n|switch|p1a: Arcanine|Arcanine-Hisui, L50, M|100/100\n|-ability|p1a: Arcanine|Intimidate|boost\n|-unboost|p2a: Roro|atk|1\n|-unboost|p2b: Pavillion|atk|1\n|turn|4\n|\n|t:|1775960021\n|move|p2b: Pavillion|Blizzard|p1b: Clefable|[spread] p1a,p1b\n|-resisted|p1a: Arcanine|1\n|-damage|p1a: Arcanine|88/100\n|-damage|p1b: Clefable|21/100\n|move|p2a: Roro|Body Press|p1a: Arcanine\n|-supereffective|p1a: Arcanine|1\n|-damage|p1a: Arcanine|17/100\n|move|p1a: Arcanine|Flare Blitz|p2a: Roro\n|-supereffective|p2a: Roro|1\n|-damage|p2a: Roro|75/100\n|-damage|p1a: Arcanine|10/100|[from] Recoil\n|move|p1b: Clefable|Thunder Wave|p2a: Roro\n|-status|p2a: Roro|par\n|\n|-weather|Snowscape|[upkeep]\n|-sideend|p2: Gallon of poo|move: Tailwind\n|upkeep\n|turn|5\n|\n|t:|1775960040\n|move|p2b: Pavillion|Blizzard|p1b: Clefable|[spread] p1a,p1b\n|-resisted|p1a: Arcanine|1\n|-damage|p1a: Arcanine|0 fnt\n|-damage|p1b: Clefable|0 fnt\n|faint|p1a: Arcanine\n|faint|p1b: Clefable\n|\n|win|Gallon of poo\n|raw|rookiee777's rating: 1088 &rarr; <strong>1070</strong><br />(-18 for losing)\n|raw|Gallon of poo's rating: 1174 &rarr; <strong>1193</strong><br />(+19 for winning)\n|l|\u2606rookiee777\n|player|p1|\n",
  "uploadtime": 1775960044,
  "views": 12,
  "formatid": "gen9championsvgc2026regma",
  "rating": 1070,
  "private": 0,
  "password": null
}