{
  "id": "gen9championsvgc2026regma-2582877381",
  "format": "[Gen 9 Champions] VGC 2026 Reg M-A",
  "players": [
    "mkugmrs_guest",
    "DarkSterbt"
  ],
  "log": "|j|\u2606mkugmrs_guest\n|j|\u2606DarkSterbt\n|t:|1776121307\n|gametype|doubles\n|player|p1|mkugmrs_guest|265|1030\n|player|p2|DarkSterbt|170|1044\n|gen|9\n|tier|[Gen 9 Champions] VGC 2026 Reg M-A\n|rated|\n|rule|Species Clause: Limit one of each Pok\u00e9mon\n|rule|Item Clause: Limit 1 of each item\n|clearpoke\n|poke|p1|Alakazam, L50, F|\n|poke|p1|Crabominable, L50, M|\n|poke|p1|Pelipper, L50, M|\n|poke|p1|Scizor, L50, F|\n|poke|p1|Basculegion, L50, M|\n|poke|p1|Snorlax, L50, F|\n|poke|p2|Sinistcha, L50|\n|poke|p2|Avalugg, L50, F|\n|poke|p2|Froslass, L50, F|\n|poke|p2|Sneasler, L50, F|\n|poke|p2|Talonflame, L50, F|\n|poke|p2|Slowking, L50, F|\n|teampreview|4\nmkugmrs_guest rejected open team sheets.\n|j| SH1MM3R\n|\n|t:|1776121358\n|teamsize|p1|4\n|teamsize|p2|4\n|start\n|switch|p1a: Alakazam|Alakazam, L50, F|100/100\n|switch|p1b: Snorlax|Snorlax, L50, F|100/100\n|switch|p2a: Slowking|Slowking, L50, F, shiny|100/100\n|switch|p2b: Froslass|Froslass, L50, F, shiny|100/100\n|turn|1\n|c|\u2606mkugmrs_guest|i got this trust twin\n|c|\u2606DarkSterbt|ok\n|c| SH1MM3R|mhhmmmm....\n|c|\u2606DarkSterbt|i trust\n|\n|t:|1776121399\n|switch|p1b: Crabominable|Crabominable, L50, M, shiny|100/100\n|detailschange|p2b: Froslass|Froslass-Mega, L50, F, shiny\n|-mega|p2b: Froslass|Froslass|Froslassite\n|-weather|Snowscape|[from] ability: Snow Warning|[of] p2b: Froslass\n|move|p1a: Alakazam|Light Screen|p1a: Alakazam\n|-sidestart|p1: mkugmrs_guest|move: Light Screen\n|move|p2b: Froslass|Aurora Veil|p2b: Froslass\n|-sidestart|p2: DarkSterbt|move: Aurora Veil\n|move|p2a: Slowking|Light Screen|p2a: Slowking\n|-sidestart|p2: DarkSterbt|move: Light Screen\n|\n|-weather|Snowscape|[upkeep]\n|upkeep\n|turn|2\n|c| SH1MM3R|WE trust\n|\n|t:|1776121424\n|detailschange|p1b: Crabominable|Crabominable-Mega, L50, M, shiny\n|-mega|p1b: Crabominable|Crabominable|Crabominite\n|move|p2a: Slowking|Helping Hand|p2b: Froslass\n|-singleturn|p2b: Froslass|Helping Hand|[of] p2a: Slowking\n|move|p1a: Alakazam|Speed Swap|p1b: Crabominable\n|-activate|p1a: Alakazam|move: Speed Swap|[of] p1b: Crabominable\n|move|p1b: Crabominable|Knock Off|p2b: Froslass\n|-supereffective|p2b: Froslass|1\n|-crit|p2b: Froslass\n|-damage|p2b: Froslass|14/100\n|move|p2b: Froslass|Blizzard|p1b: Crabominable|[spread] p1a,p1b\n|-resisted|p1b: Crabominable|1\n|-damage|p1a: Alakazam|34/100\n|-damage|p1b: Crabominable|80/100\n|\n|-weather|Snowscape|[upkeep]\n|upkeep\n|turn|3\n|\n|t:|1776121450\n|switch|p2b: Avalugg|Avalugg, L50, F, shiny|100/100\n|switch|p1a: Basculegion|Basculegion, L50, M, shiny|100/100\n|move|p1b: Crabominable|Knock Off|p2b: Avalugg\n|-damage|p2b: Avalugg|90/100\n|-enditem|p2b: Avalugg|Leftovers|[from] move: Knock Off|[of] p1b: Crabominable\n|move|p2a: Slowking|Blizzard|p1b: Crabominable|[spread] p1a,p1b\n|-resisted|p1a: Basculegion|1\n|-resisted|p1b: Crabominable|1\n|-damage|p1a: Basculegion|95/100\n|-damage|p1b: Crabominable|75/100\n|\n|-weather|Snowscape|[upkeep]\n|-heal|p2b: Avalugg|96/100|[from] ability: Ice Body\n|upkeep\n|turn|4\n|c|\u2606mkugmrs_guest|believe in the power of crab\n|c| SH1MM3R|twin cvmon\n|\n|t:|1776121494\n|move|p1b: Crabominable|Protect|p1b: Crabominable\n|-singleturn|p1b: Crabominable|Protect\n|move|p1a: Basculegion|Flip Turn|p2b: Avalugg\n|-damage|p2b: Avalugg|88/100\n|\n|t:|1776121513\n|switch|p1a: Alakazam|Alakazam, L50, F|34/100|[from] Flip Turn\n|move|p2a: Slowking|Psychic Noise|p1a: Alakazam\n|-resisted|p1a: Alakazam|1\n|-damage|p1a: Alakazam|21/100\n|-start|p1a: Alakazam|move: Heal Block\n|move|p2b: Avalugg|Substitute|p2b: Avalugg\n|-start|p2b: Avalugg|Substitute\n|-damage|p2b: Avalugg|63/100\n|\n|-weather|Snowscape|[upkeep]\n|-heal|p2b: Avalugg|69/100|[from] ability: Ice Body\n|upkeep\n|turn|5\n|c| SH1MM3R|but i dont l;ike crab\n|c|\u2606DarkSterbt|i like snow\n|c| SH1MM3R|me too\n|\n|t:|1776121547\n|switch|p2a: Sinistcha|Sinistcha, L50, shiny|100/100\n|-heal|p2b: Avalugg|94/100|[from] ability: Hospitality|[of] p2a: Sinistcha\n|move|p1b: Crabominable|Knock Off|p2a: Sinistcha\n|-supereffective|p2a: Sinistcha|1\n|-damage|p2a: Sinistcha|44/100\n|-enditem|p2a: Sinistcha|Focus Sash|[from] move: Knock Off|[of] p1b: Crabominable\n|move|p1a: Alakazam|Psychic|p2b: Avalugg\n|-end|p2b: Avalugg|Substitute\n|move|p2b: Avalugg|Earthquake|p1b: Crabominable|[spread] p2a,p1a,p1b\n|-resisted|p2a: Sinistcha|1\n|-damage|p2a: Sinistcha|36/100\n|-damage|p1a: Alakazam|0 fnt\n|-damage|p1b: Crabominable|64/100\n|faint|p1a: Alakazam\n|\n|-weather|none\n|-sideend|p2: DarkSterbt|move: Light Screen\n|-sideend|p1: mkugmrs_guest|move: Light Screen\n|-sideend|p2: DarkSterbt|move: Aurora Veil\n|upkeep\n|\n|t:|1776121569\n|switch|p1a: Basculegion|Basculegion, L50, M, shiny|95/100\n|turn|6\n|\n|t:|1776121580\n|switch|p2a: Slowking|Slowking, L50, F, shiny|100/100\n|switch|p1a: Snorlax|Snorlax, L50, F|100/100\n|switch|p2b: Froslass|Froslass-Mega, L50, F, shiny|14/100\n|-weather|Snowscape|[from] ability: Snow Warning|[of] p2b: Froslass\n|move|p1b: Crabominable|Protect||[still]\n|-fail|p1b: Crabominable\n|\n|-weather|Snowscape|[upkeep]\n|upkeep\n|turn|7\n|\n|t:|1776121626\n|move|p1a: Snorlax|Helping Hand|p1b: Crabominable\n|-singleturn|p1b: Crabominable|Helping Hand|[of] p1a: Snorlax\n|move|p2b: Froslass|Protect|p2b: Froslass\n|-singleturn|p2b: Froslass|Protect\n|move|p1b: Crabominable|Knock Off|p2a: Slowking\n|-supereffective|p2a: Slowking|1\n|-damage|p2a: Slowking|0 fnt\n|-enditem|p2a: Slowking|Sitrus Berry|[from] move: Knock Off|[of] p1b: Crabominable\n|faint|p2a: Slowking\n|\n|-weather|Snowscape|[upkeep]\n|upkeep\n|\n|t:|1776121637\n|switch|p2a: Sinistcha|Sinistcha, L50, shiny|36/100\n|-heal|p2b: Froslass|38/100|[from] ability: Hospitality|[of] p2a: Sinistcha\n|turn|8\n|c|\u2606mkugmrs_guest|hahahahhaha\n|c|\u2606mkugmrs_guest|CRAB POWER\n|\n|t:|1776121692\n|switch|p2b: Avalugg|Avalugg, L50, F, shiny|94/100\n|move|p1b: Crabominable|Knock Off|p2a: Sinistcha\n|-supereffective|p2a: Sinistcha|1\n|-damage|p2a: Sinistcha|0 fnt\n|faint|p2a: Sinistcha\n|move|p1a: Snorlax|Rock Slide|p2b: Avalugg\n|-supereffective|p2b: Avalugg|1\n|-damage|p2b: Avalugg|81/100\n|\n|-weather|Snowscape|[upkeep]\n|-heal|p2b: Avalugg|87/100|[from] ability: Ice Body\n|upkeep\n|\n|t:|1776121703\n|switch|p2a: Froslass|Froslass-Mega, L50, F, shiny|38/100\n|turn|9\n|\n|t:|1776121737\n|switch|p1a: Basculegion|Basculegion, L50, M, shiny|95/100\n|move|p1b: Crabominable|Protect|p1b: Crabominable\n|-singleturn|p1b: Crabominable|Protect\n|move|p2a: Froslass|Blizzard|p1b: Crabominable|[spread] p1a\n|-activate|p1b: Crabominable|move: Protect\n|-resisted|p1a: Basculegion|1\n|-damage|p1a: Basculegion|70/100\n|move|p2b: Avalugg|Body Press|p1b: Crabominable\n|-activate|p1b: Crabominable|move: Protect\n|\n|-weather|Snowscape|[upkeep]\n|-heal|p2b: Avalugg|93/100|[from] ability: Ice Body\n|upkeep\n|turn|10\n|c| SH1MM3R|twin lock in\n|c| SH1MM3R|please.\n|c|\u2606mkugmrs_guest|i am\n|\n|t:|1776121774\n|move|p2a: Froslass|Protect|p2a: Froslass\n|-singleturn|p2a: Froslass|Protect\n|move|p1b: Crabominable|Knock Off|p2a: Froslass\n|-activate|p2a: Froslass|move: Protect\n|move|p1a: Basculegion|Last Respects|p2b: Avalugg\n|-crit|p2b: Avalugg\n|-damage|p2b: Avalugg|68/100\n|move|p2b: Avalugg|Body Press|p1b: Crabominable\n|-supereffective|p1b: Crabominable|1\n|-damage|p1b: Crabominable|25/100\n|\n|-weather|none\n|upkeep\n|turn|11\n|c| SH1MM3R|hmnmmmm\n|c| SH1MM3R|u better be or else i will slime ur crab\n|c| SH1MM3R|and eat it\\\n|\n|t:|1776121834\n|move|p1b: Crabominable|Knock Off|p2a: Froslass\n|-supereffective|p2a: Froslass|1\n|-damage|p2a: Froslass|0 fnt\n|faint|p2a: Froslass\n|move|p1a: Basculegion|Last Respects|p2b: Avalugg\n|-damage|p2b: Avalugg|42/100\n|move|p2b: Avalugg|Body Press|p1b: Crabominable\n|-supereffective|p1b: Crabominable|1\n|-damage|p1b: Crabominable|0 fnt\n|faint|p1b: Crabominable\n|\n|upkeep\n|\n|t:|1776121856\n|switch|p1b: Snorlax|Snorlax, L50, F|100/100\n|turn|12\n|\n|t:|1776121865\n|move|p1b: Snorlax|Helping Hand|p1a: Basculegion\n|-singleturn|p1a: Basculegion|Helping Hand|[of] p1b: Snorlax\n|move|p1a: Basculegion|Last Respects|p2b: Avalugg\n|-damage|p2b: Avalugg|0 fnt\n|faint|p2b: Avalugg\n|\n|win|mkugmrs_guest\n|raw|mkugmrs_guest's rating: 1030 &rarr; <strong>1067</strong><br />(+37 for winning)\n|raw|DarkSterbt's rating: 1044 &rarr; <strong>1027</strong><br />(-17 for losing)\n|c|\u2606mkugmrs_guest|gg\n|c|\u2606DarkSterbt|gg\n|l|\u2606DarkSterbt\n|player|p2|\n|c|\u2606mkugmrs_guest|with the power of crab\n|c| SH1MM3R|wow\n|l| SH1MM3R\n",
  "uploadtime": 1776121901,
  "views": 17,
  "formatid": "gen9championsvgc2026regma",
  "rating": 1027,
  "private": 0,
  "password": null
}