{
  "id": "gen9championsvgc2026regma-2586593277",
  "format": "[Gen 9 Champions] VGC 2026 Reg M-A",
  "players": [
    "blazke",
    "axelpogi13"
  ],
  "log": "|j|\u2606blazke\n|j|\u2606axelpogi13\n|t:|1776445463\n|gametype|doubles\n|player|p1|blazke|riley|\n|player|p2|axelpogi13|youngster-gen4dp|\n|gen|9\n|tier|[Gen 9 Champions] VGC 2026 Reg M-A\n|rule|Species Clause: Limit one of each Pok\u00e9mon\n|rule|Item Clause: Limit 1 of each item\n|clearpoke\n|poke|p1|Glimmora, L50, F|\n|poke|p1|Whimsicott, L50, M|\n|poke|p1|Farigiraf, L50, M|\n|poke|p1|Golurk, L50|\n|poke|p1|Basculegion, L50, M|\n|poke|p1|Incineroar, L50, M|\n|poke|p2|Basculegion, L50, M|\n|poke|p2|Hatterene, L50, F|\n|poke|p2|Rhyperior, L50, F|\n|poke|p2|Oranguru, L50, M|\n|poke|p2|Venusaur, L50, F|\n|poke|p2|Charizard, L50, M|\n|teampreview|4\n|inactive|Battle timer is ON: inactive players will automatically lose when time's up. (requested by blazke)\n|inactive|blazke has 60 seconds left.\n|inactive|axelpogi13 has 60 seconds left.\n|\n|t:|1776445512\n|teamsize|p1|4\n|teamsize|p2|4\n|start\n|switch|p1a: Whimsicott|Whimsicott, L50, M|100/100\n|switch|p1b: Glimmora|Glimmora, L50, F|100/100\n|switch|p2a: Basculegion|Basculegion, L50, M|100/100\n|switch|p2b: Hatterene|Hatterene, L50, F|100/100\n|turn|1\n|\n|t:|1776445529\n|detailschange|p1b: Glimmora|Glimmora-Mega, L50, F\n|-mega|p1b: Glimmora|Glimmora|Glimmoranite\n|move|p1a: Whimsicott|Sunny Day|p1a: Whimsicott\n|-weather|SunnyDay\n|move|p1b: Glimmora|Sludge Bomb|p2b: Hatterene\n|-supereffective|p2b: Hatterene|1\n|-damage|p2b: Hatterene|0 fnt\n|faint|p2b: Hatterene\n|move|p2a: Basculegion|Wave Crash|p1b: Glimmora\n|-supereffective|p1b: Glimmora|1\n|-damage|p1b: Glimmora|33/100\n|-damage|p2a: Basculegion|83/100|[from] Recoil\n|\n|-weather|SunnyDay|[upkeep]\n|upkeep\n|\n|t:|1776445546\n|switch|p2b: Venusaur|Venusaur, L50, F|100/100\n|turn|2\n|\n|t:|1776445570\n|switch|p1a: Incineroar|Incineroar, L50, M|100/100\n|-ability|p1a: Incineroar|Intimidate|boost\n|-unboost|p2a: Basculegion|atk|1\n|-unboost|p2b: Venusaur|atk|1\n|detailschange|p2b: Venusaur|Venusaur-Mega, L50, F\n|-mega|p2b: Venusaur|Venusaur|Venusaurite\n|move|p1b: Glimmora|Spiky Shield|p1b: Glimmora\n|-singleturn|p1b: Glimmora|move: Protect\n|move|p2a: Basculegion|Wave Crash|p1b: Glimmora\n|-activate|p1b: Glimmora|move: Protect\n|-damage|p2a: Basculegion|70/100|[from] Spiky Shield|[of] p1b: Glimmora\n|move|p2b: Venusaur|Sludge Bomb|p1a: Incineroar\n|-damage|p1a: Incineroar|66/100\n|-status|p1a: Incineroar|psn\n|\n|-weather|SunnyDay|[upkeep]\n|-damage|p1a: Incineroar|54/100 psn|[from] psn\n|upkeep\n|turn|3\n|\n|t:|1776445595\n|move|p1a: Incineroar|Fake Out|p2b: Venusaur\n|-damage|p2b: Venusaur|91/100\n|move|p1b: Glimmora|Power Gem|p2a: Basculegion\n|-damage|p2a: Basculegion|6/100\n|move|p2a: Basculegion|Wave Crash|p1a: Incineroar\n|-supereffective|p1a: Incineroar|1\n|-damage|p1a: Incineroar|20/100 psn\n|-enditem|p1a: Incineroar|Sitrus Berry|[eat]\n|-heal|p1a: Incineroar|45/100 psn|[from] item: Sitrus Berry\n|-damage|p2a: Basculegion|0 fnt|[from] Recoil\n|faint|p2a: Basculegion\n|cant|p2b: Venusaur|flinch\n|\n|-weather|SunnyDay|[upkeep]\n|-damage|p1a: Incineroar|32/100 psn|[from] psn\n|upkeep\n|\n|t:|1776445612\n|switch|p2a: Rhyperior|Rhyperior, L50, F|100/100\n|turn|4\n|\n|t:|1776445636\n|move|p1b: Glimmora|Earth Power|p2a: Rhyperior\n|-supereffective|p2a: Rhyperior|1\n|-damage|p2a: Rhyperior|33/100\n|move|p2b: Venusaur|Earth Power|p1b: Glimmora\n|-supereffective|p1b: Glimmora|2\n|-damage|p1b: Glimmora|0 fnt\n|faint|p1b: Glimmora\n|move|p1a: Incineroar|Parting Shot|p2a: Rhyperior\n|-unboost|p2a: Rhyperior|atk|1\n|-unboost|p2a: Rhyperior|spa|1\n|\n|t:|1776445648\n|switch|p1a: Basculegion|Basculegion, L50, M|100/100|[from] Parting Shot\n|move|p2a: Rhyperior|Rock Slide|p1a: Basculegion\n|-damage|p1a: Basculegion|69/100\n|\n|-weather|SunnyDay|[upkeep]\n|upkeep\n|\n|t:|1776445653\n|switch|p1b: Incineroar|Incineroar, L50, M|32/100 psn\n|-ability|p1b: Incineroar|Intimidate|boost\n|-unboost|p2a: Rhyperior|atk|1\n|-unboost|p2b: Venusaur|atk|1\n|turn|5\n|\n|t:|1776445673\n|move|p1b: Incineroar|Fake Out|p2b: Venusaur\n|-damage|p2b: Venusaur|83/100\n|move|p1a: Basculegion|Flip Turn|p2a: Rhyperior\n|-supereffective|p2a: Rhyperior|2\n|-enditem|p2a: Rhyperior|Passho Berry|[eat]\n|-enditem|p2a: Rhyperior|Passho Berry|[weaken]\n|-damage|p2a: Rhyperior|16/100\n|\n|t:|1776445680\n|switch|p1a: Whimsicott|Whimsicott, L50, M|100/100|[from] Flip Turn\n|cant|p2b: Venusaur|flinch\n|move|p2a: Rhyperior|Rock Slide|p1b: Incineroar|[spread] p1a,p1b\n|-supereffective|p1b: Incineroar|1\n|-crit|p1b: Incineroar\n|-damage|p1a: Whimsicott|79/100\n|-damage|p1b: Incineroar|0 fnt\n|faint|p1b: Incineroar\n|\n|-weather|none\n|upkeep\n|\n|t:|1776445683\n|switch|p1b: Basculegion|Basculegion, L50, M|69/100\n|turn|6\n|\n|t:|1776445703\n|move|p1b: Basculegion|Last Respects|p2b: Venusaur\n|-damage|p2b: Venusaur|3/100\n|move|p1a: Whimsicott|Moonblast|p2a: Rhyperior\n|-damage|p2a: Rhyperior|0 fnt\n|faint|p2a: Rhyperior\n|move|p2b: Venusaur|Giga Drain|p1b: Basculegion\n|-supereffective|p1b: Basculegion|1\n|-damage|p1b: Basculegion|0 fnt\n|-heal|p2b: Venusaur|44/100|[from] drain|[of] p1b: Basculegion\n|faint|p1b: Basculegion\n|\n|upkeep\n|turn|7\n|\n|t:|1776445718\n|move|p1a: Whimsicott|Encore|p2b: Venusaur\n|-start|p2b: Venusaur|Encore\n|move|p2b: Venusaur|Giga Drain|p1a: Whimsicott\n|-resisted|p1a: Whimsicott|1\n|-damage|p1a: Whimsicott|52/100\n|-heal|p2b: Venusaur|54/100|[from] drain|[of] p1a: Whimsicott\n|\n|upkeep\n|turn|8\n|\n|t:|1776445729\n|move|p1a: Whimsicott|Moonblast|p2b: Venusaur\n|-resisted|p2b: Venusaur|1\n|-damage|p2b: Venusaur|41/100\n|-unboost|p2b: Venusaur|spa|1\n|move|p2b: Venusaur|Giga Drain|p1a: Whimsicott\n|-resisted|p1a: Whimsicott|1\n|-damage|p1a: Whimsicott|33/100\n|-heal|p2b: Venusaur|50/100|[from] drain|[of] p1a: Whimsicott\n|\n|upkeep\n|turn|9\n|\n|t:|1776445739\n|move|p1a: Whimsicott|Moonblast|p2b: Venusaur\n|-resisted|p2b: Venusaur|1\n|-damage|p2b: Venusaur|35/100\n|move|p2b: Venusaur|Giga Drain|p1a: Whimsicott\n|-resisted|p1a: Whimsicott|1\n|-damage|p1a: Whimsicott|13/100\n|-heal|p2b: Venusaur|44/100|[from] drain|[of] p1a: Whimsicott\n|\n|-end|p2b: Venusaur|Encore\n|upkeep\n|turn|10\n|\n|t:|1776445752\n|move|p1a: Whimsicott|Moonblast|p2b: Venusaur\n|-resisted|p2b: Venusaur|1\n|-damage|p2b: Venusaur|30/100\n|move|p2b: Venusaur|Sludge Bomb|p1a: Whimsicott\n|-supereffective|p1a: Whimsicott|2\n|-damage|p1a: Whimsicott|0 fnt\n|faint|p1a: Whimsicott\n|\n|win|axelpogi13\n",
  "uploadtime": 1776445760,
  "views": 18,
  "formatid": "gen9championsvgc2026regma",
  "rating": null,
  "private": 0,
  "password": null
}