{
  "id": "gen9championsvgc2026regma-2588425030",
  "format": "[Gen 9 Champions] VGC 2026 Reg M-A",
  "players": [
    "Jim Leader Adam",
    "slypig"
  ],
  "log": "|j|\u2606Jim Leader Adam\n|j|\u2606slypig\n|t:|1776632412\n|gametype|doubles\n|player|p1|Jim Leader Adam|blue|1095\n|player|p2|slypig|guitarist-gen4|1114\n|gen|9\n|tier|[Gen 9 Champions] VGC 2026 Reg M-A\n|rated|\n|rule|Species Clause: Limit one of each Pok\u00e9mon\n|rule|Item Clause: Limit 1 of each item\n|clearpoke\n|poke|p1|Lucario, L50, M|\n|poke|p1|Volcarona, L50, F, shiny|\n|poke|p1|Ampharos, L50, F, shiny|\n|poke|p1|Corviknight, L50, M|\n|poke|p1|Tauros-Paldea-Aqua, L50, M, shiny|\n|poke|p1|Weavile, L50, F, shiny|\n|poke|p2|Tyranitar, L50, F|\n|poke|p2|Rotom-Wash, L50|\n|poke|p2|Garchomp, L50, M|\n|poke|p2|Aerodactyl, L50, M|\n|poke|p2|Sinistcha, L50|\n|poke|p2|Sneasler, L50, M|\n|teampreview|4\n|inactive|Battle timer is ON: inactive players will automatically lose when time's up. (requested by Jim Leader Adam)\nJim Leader Adam rejected open team sheets.\n|inactive|Jim Leader Adam has 60 seconds left.\n|inactive|slypig has 60 seconds left.\n|\n|t:|1776632468\n|teamsize|p1|4\n|teamsize|p2|4\n|start\n|switch|p1a: Views|Tauros-Paldea-Aqua, L50, M, shiny|100/100\n|switch|p1b: Without Warning|Lucario, L50, M|100/100\n|switch|p2a: Rotom|Rotom-Wash, L50|100/100\n|switch|p2b: Tyranitar|Tyranitar, L50, F|100/100\n|-ability|p1a: Views|Intimidate|boost\n|-unboost|p2a: Rotom|atk|1\n|-unboost|p2b: Tyranitar|atk|1\n|-weather|Sandstorm|[from] ability: Sand Stream|[of] p2b: Tyranitar\n|turn|1\n|\n|t:|1776632487\n|detailschange|p2b: Tyranitar|Tyranitar-Mega, L50, F\n|-mega|p2b: Tyranitar|Tyranitar|Tyranitarite\n|move|p1b: Without Warning|Protect|p1b: Without Warning\n|-singleturn|p1b: Without Warning|Protect\n|move|p2b: Tyranitar|Protect|p2b: Tyranitar\n|-singleturn|p2b: Tyranitar|Protect\n|move|p2a: Rotom|Discharge|p1a: Views|[spread] p1a\n|-activate|p2b: Tyranitar|move: Protect\n|-activate|p1b: Without Warning|move: Protect\n|-supereffective|p1a: Views|1\n|-damage|p1a: Views|20/100\n|-status|p1a: Views|par\n|move|p1a: Views|Close Combat|p2a: Rotom\n|-damage|p2a: Rotom|11/100\n|-unboost|p1a: Views|def|1\n|-unboost|p1a: Views|spd|1\n|-enditem|p1a: Views|White Herb\n|-clearnegativeboost|p1a: Views|[silent]\n|\n|-weather|Sandstorm|[upkeep]\n|-damage|p2a: Rotom|5/100|[from] Sandstorm\n|-damage|p1a: Views|14/100 par|[from] Sandstorm\n|upkeep\n|turn|2\n|inactive|slypig has 30 seconds left.\n|inactive|Jim Leader Adam has 30 seconds left.\n|inactive|slypig has 20 seconds left.\n|inactive|slypig has 15 seconds left.\n|inactive|Jim Leader Adam has 20 seconds left.\n|inactive|slypig has 10 seconds left.\n|\n|t:|1776632534\n|switch|p2a: Garchomp|Garchomp, L50, M|100/100\n|switch|p2b: Sinistcha|Sinistcha, L50|100/100\n|switch|p1a: TPAB|Volcarona, L50, F, shiny|100/100\n|detailschange|p1b: Without Warning|Lucario-Mega, L50, M\n|-mega|p1b: Without Warning|Lucario|Lucarionite\n|move|p1b: Without Warning|Aura Sphere|p2b: Sinistcha\n|-immune|p2b: Sinistcha\n|\n|-weather|Sandstorm|[upkeep]\n|-damage|p1a: TPAB|95/100|[from] Sandstorm\n|-damage|p2b: Sinistcha|94/100|[from] Sandstorm\n|-heal|p2b: Sinistcha|100/100|[from] item: Leftovers\n|upkeep\n|turn|3\n|inactive|Jim Leader Adam has 30 seconds left.\n|inactive|slypig has 30 seconds left.\n|inactive|slypig has 20 seconds left.\n|inactive|slypig has 15 seconds left.\n|\n|t:|1776632577\n|switch|p2b: Tyranitar|Tyranitar-Mega, L50, F|100/100\n|move|p1b: Without Warning|Protect|p1b: Without Warning\n|-singleturn|p1b: Without Warning|Protect\n|move|p2a: Garchomp|Earthquake|p1b: Without Warning|[spread] p2b,p1a\n|-activate|p1b: Without Warning|move: Protect\n|-supereffective|p2b: Tyranitar|1\n|-damage|p2b: Tyranitar|50/100\n|-damage|p1a: TPAB|45/100\n|move|p1a: TPAB|Quiver Dance|p1a: TPAB\n|-boost|p1a: TPAB|spa|1\n|-boost|p1a: TPAB|spd|1\n|-boost|p1a: TPAB|spe|1\n|\n|-weather|Sandstorm|[upkeep]\n|-damage|p1a: TPAB|39/100|[from] Sandstorm\n|upkeep\n|turn|4\n|inactive|Jim Leader Adam has 30 seconds left.\n|\n|t:|1776632604\n|switch|p2b: Rotom|Rotom-Wash, L50|5/100\n|move|p1a: TPAB|Bug Buzz|p2a: Garchomp\n|-damage|p2a: Garchomp|33/100\n|move|p1b: Without Warning|Aura Sphere|p2b: Rotom\n|-damage|p2b: Rotom|0 fnt\n|faint|p2b: Rotom\n|move|p2a: Garchomp|Earthquake|p1a: TPAB|[spread] p1a,p1b\n|-supereffective|p1b: Without Warning|1\n|-damage|p1a: TPAB|0 fnt\n|-damage|p1b: Without Warning|1/100\n|faint|p1a: TPAB\n|\n|-weather|Sandstorm|[upkeep]\n|upkeep\n|\n|t:|1776632621\n|switch|p2b: Sinistcha|Sinistcha, L50|100/100\n|switch|p1a: Brian McKnight|Corviknight, L50, M|100/100\n|-heal|p2a: Garchomp|57/100|[from] ability: Hospitality|[of] p2b: Sinistcha\n|turn|5\n|\n|t:|1776632641\n|move|p1b: Without Warning|Protect|p1b: Without Warning\n|-singleturn|p1b: Without Warning|Protect\n|move|p2a: Garchomp|Protect|p2a: Garchomp\n|-singleturn|p2a: Garchomp|Protect\n|move|p2b: Sinistcha|Matcha Gotcha|p1b: Without Warning|[spread] p1a\n|-activate|p1b: Without Warning|move: Protect\n|-resisted|p1a: Brian McKnight|2\n|-damage|p1a: Brian McKnight|95/100\n|move|p1a: Brian McKnight|Iron Defense|p1a: Brian McKnight\n|-boost|p1a: Brian McKnight|def|2\n|\n|-weather|none\n|-heal|p1a: Brian McKnight|100/100|[from] item: Leftovers\n|upkeep\n|turn|6\n|inactive|slypig has 30 seconds left.\n|\n|t:|1776632674\n|move|p1b: Without Warning|Aura Sphere|p2a: Garchomp\n|-damage|p2a: Garchomp|0 fnt\n|faint|p2a: Garchomp\n|move|p2b: Sinistcha|Life Dew||[still]\n|-fail|p2b: Sinistcha|heal\n|move|p1a: Brian McKnight|Brave Bird|p2b: Sinistcha\n|-supereffective|p2b: Sinistcha|1\n|-damage|p2b: Sinistcha|42/100\n|-damage|p1a: Brian McKnight|84/100|[from] Recoil\n|\n|-heal|p2b: Sinistcha|48/100|[from] item: Leftovers\n|-heal|p1a: Brian McKnight|90/100|[from] item: Leftovers\n|upkeep\n|-message|slypig forfeited.\n|\n|win|Jim Leader Adam\n|raw|Jim Leader Adam's rating: 1095 &rarr; <strong>1122</strong><br />(+27 for winning)\n|raw|slypig's rating: 1114 &rarr; <strong>1088</strong><br />(-26 for losing)\n|l|\u2606Jim Leader Adam\n|player|p1|\n",
  "uploadtime": 1776632704,
  "views": 11,
  "formatid": "gen9championsvgc2026regma",
  "rating": 1088,
  "private": 0,
  "password": null
}