{
  "id": "gen9championsvgc2026regma-2586227688",
  "format": "[Gen 9 Champions] VGC 2026 Reg M-A",
  "players": [
    "SparkelzVGC",
    "Noobilio"
  ],
  "log": "|j|\u2606SparkelzVGC\n|j|\u2606Noobilio\n|t:|1776414807\n|gametype|doubles\n|player|p1|SparkelzVGC|n-masters|1212\n|player|p2|Noobilio|nurse|1238\n|gen|9\n|tier|[Gen 9 Champions] VGC 2026 Reg M-A\n|rated|\n|rule|Species Clause: Limit one of each Pok\u00e9mon\n|rule|Item Clause: Limit 1 of each item\n|clearpoke\n|poke|p1|Aggron, L50, M|\n|poke|p1|Sinistcha, L50|\n|poke|p1|Farigiraf, L50, M|\n|poke|p1|Rotom-Wash, L50|\n|poke|p1|Tyranitar, L50, F|\n|poke|p1|Dragapult, L50, F|\n|poke|p2|Froslass, L50, F|\n|poke|p2|Floette-Eternal, L50, F|\n|poke|p2|Sneasler, L50, M|\n|poke|p2|Basculegion, L50, M|\n|poke|p2|Garchomp, L50, F|\n|poke|p2|Kingambit, L50, F|\n|teampreview|4\n|inactive|Battle timer is ON: inactive players will automatically lose when time's up. (requested by SparkelzVGC)\n|\n|t:|1776414838\n|teamsize|p1|4\n|teamsize|p2|4\n|start\n|switch|p1a: Dragapult|Dragapult, L50, F|100/100\n|switch|p1b: Aggron|Aggron, L50, M, shiny|100/100\n|switch|p2a: Froslass|Froslass, L50, F|100/100\n|switch|p2b: Sneasler|Sneasler, L50, M|100/100\n|turn|1\n|\n|t:|1776414854\n|detailschange|p2a: Froslass|Froslass-Mega, L50, F\n|-mega|p2a: Froslass|Froslass|Froslassite\n|-weather|Snowscape|[from] ability: Snow Warning|[of] p2a: Froslass\n|detailschange|p1b: Aggron|Aggron-Mega, L50, M, shiny\n|-mega|p1b: Aggron|Aggron|Aggronite\n|move|p1a: Dragapult|Phantom Force||[still]\n|-prepare|p1a: Dragapult|Phantom Force\n|move|p2b: Sneasler|Close Combat|p1b: Aggron\n|-supereffective|p1b: Aggron|1\n|-damage|p1b: Aggron|55/100\n|-unboost|p2b: Sneasler|def|1\n|-unboost|p2b: Sneasler|spd|1\n|move|p2a: Froslass|Blizzard|p1b: Aggron|[spread] p1b\n|-miss|p2a: Froslass|p1a: Dragapult\n|-resisted|p1b: Aggron|1\n|-damage|p1b: Aggron|38/100\n|move|p1b: Aggron|Iron Defense|p1b: Aggron\n|-boost|p1b: Aggron|def|2\n|\n|-weather|Snowscape|[upkeep]\n|upkeep\n|turn|2\n|\n|t:|1776414875\n|move|p2a: Froslass|Protect|p2a: Froslass\n|-singleturn|p2a: Froslass|Protect\n|move|p1a: Dragapult|Phantom Force|p2a: Froslass|[from] lockedmove\n|-activate|p2a: Froslass|move: Phantom Force|[broken]\n|-supereffective|p2a: Froslass|1\n|-damage|p2a: Froslass|14/100\n|move|p2b: Sneasler|Close Combat|p1b: Aggron\n|-supereffective|p1b: Aggron|1\n|-damage|p1b: Aggron|15/100\n|-unboost|p2b: Sneasler|def|1\n|-unboost|p2b: Sneasler|spd|1\n|move|p1b: Aggron|Body Press|p2b: Sneasler\n|-resisted|p2b: Sneasler|1\n|-enditem|p2b: Sneasler|Focus Sash\n|-damage|p2b: Sneasler|1/100\n|\n|-weather|Snowscape|[upkeep]\n|upkeep\n|turn|3\n|inactive|Noobilio has 30 seconds left.\n|\n|t:|1776414908\n|switch|p2a: Kingambit|Kingambit, L50, F|100/100\n|move|p2b: Sneasler|Close Combat|p1b: Aggron\n|-supereffective|p1b: Aggron|1\n|-crit|p1b: Aggron\n|-damage|p1b: Aggron|0 fnt\n|-unboost|p2b: Sneasler|def|1\n|-unboost|p2b: Sneasler|spd|1\n|faint|p1b: Aggron\n|move|p1a: Dragapult|Phantom Force||[still]\n|-prepare|p1a: Dragapult|Phantom Force\n|\n|-weather|Snowscape|[upkeep]\n|upkeep\n|\n|t:|1776414918\n|switch|p1b: Rotom|Rotom-Wash, L50|100/100\n|turn|4\n|\n|t:|1776414924\n|move|p2b: Sneasler|Close Combat|p1b: Rotom\n|-damage|p1b: Rotom|30/100\n|-unboost|p2b: Sneasler|def|1\n|-unboost|p2b: Sneasler|spd|1\n|-enditem|p1b: Rotom|Sitrus Berry|[eat]\n|-heal|p1b: Rotom|55/100|[from] item: Sitrus Berry\n|move|p1a: Dragapult|Phantom Force|p2a: Kingambit|[from] lockedmove\n|-resisted|p2a: Kingambit|1\n|-damage|p2a: Kingambit|83/100\n|move|p1b: Rotom|Thunderbolt|p2b: Sneasler\n|-damage|p2b: Sneasler|0 fnt\n|faint|p2b: Sneasler\n|move|p2a: Kingambit|Kowtow Cleave|p1b: Rotom\n|-damage|p1b: Rotom|3/100\n|\n|-weather|Snowscape|[upkeep]\n|upkeep\n|\n|t:|1776414940\n|switch|p2b: Froslass|Froslass-Mega, L50, F|14/100\n|turn|5\n|\n|t:|1776414958\n|move|p2a: Kingambit|Sucker Punch|p1a: Dragapult\n|-supereffective|p1a: Dragapult|1\n|-enditem|p1a: Dragapult|Focus Sash\n|-damage|p1a: Dragapult|1/100\n|move|p1a: Dragapult|Dragon Darts|p2b: Froslass\n|-damage|p2b: Froslass|0 fnt\n|-anim|p1a: Dragapult|Dragon Darts|p2a: Kingambit\n|-resisted|p2a: Kingambit|1\n|-damage|p2a: Kingambit|73/100\n|faint|p2b: Froslass\n|move|p1b: Rotom|Hydro Pump|p2a: Kingambit\n|-damage|p2a: Kingambit|23/100\n|\n|-weather|none\n|upkeep\n|\n|t:|1776414968\n|switch|p2b: Garchomp|Garchomp, L50, F|100/100\n|turn|6\n|\n|t:|1776414987\n|move|p2b: Garchomp|Protect|p2b: Garchomp\n|-singleturn|p2b: Garchomp|Protect\n|move|p1a: Dragapult|Will-O-Wisp|p2a: Kingambit\n|-status|p2a: Kingambit|brn\n|move|p1b: Rotom|Hydro Pump|p2b: Garchomp\n|-activate|p2b: Garchomp|move: Protect\n|move|p2a: Kingambit|Kowtow Cleave|p1a: Dragapult\n|-supereffective|p1a: Dragapult|1\n|-damage|p1a: Dragapult|0 fnt\n|faint|p1a: Dragapult\n|\n|-damage|p2a: Kingambit|17/100 brn|[from] brn\n|upkeep\n|\n|t:|1776414998\n|switch|p1a: Farigiraf|Farigiraf, L50, M|100/100\n|turn|7\n|\n|t:|1776415015\n|move|p1b: Rotom|Protect|p1b: Rotom\n|-singleturn|p1b: Rotom|Protect\n|move|p1a: Farigiraf|Protect|p1a: Farigiraf\n|-singleturn|p1a: Farigiraf|Protect\n|move|p2a: Kingambit|Sucker Punch||[still]\n|cant|p1a: Farigiraf|ability: Armor Tail|Sucker Punch|[of] p2a: Kingambit\n|move|p2b: Garchomp|Dragon Claw|p1a: Farigiraf\n|-activate|p1a: Farigiraf|move: Protect\n|\n|-damage|p2a: Kingambit|11/100 brn|[from] brn\n|upkeep\n|turn|8\n|\n|t:|1776415035\n|move|p2b: Garchomp|Rock Slide|p1a: Farigiraf|[spread] p1a,p1b\n|-damage|p1a: Farigiraf|81/100\n|-damage|p1b: Rotom|0 fnt\n|faint|p1b: Rotom\n|move|p2a: Kingambit|Kowtow Cleave|p1a: Farigiraf\n|-supereffective|p1a: Farigiraf|1\n|-damage|p1a: Farigiraf|29/100\n|move|p1a: Farigiraf|Hyper Voice|p2a: Kingambit|[spread] p2a,p2b\n|-resisted|p2a: Kingambit|1\n|-damage|p2a: Kingambit|0 fnt\n|-damage|p2b: Garchomp|69/100\n|faint|p2a: Kingambit\n|\n|-heal|p1a: Farigiraf|35/100|[from] item: Leftovers\n|upkeep\n|turn|9\n|\n|t:|1776415045\n|move|p2b: Garchomp|Earthquake|p1a: Farigiraf\n|-damage|p1a: Farigiraf|0 fnt\n|faint|p1a: Farigiraf\n|\n|win|Noobilio\n|raw|SparkelzVGC's rating: 1212 &rarr; <strong>1189</strong><br />(-23 for losing)\n|raw|Noobilio's rating: 1238 &rarr; <strong>1261</strong><br />(+23 for winning)\n",
  "uploadtime": 1776415048,
  "views": 24,
  "formatid": "gen9championsvgc2026regma",
  "rating": 1189,
  "private": 0,
  "password": null
}