{
  "id": "gen9championsvgc2026regma-2583140267",
  "format": "[Gen 9 Champions] VGC 2026 Reg M-A",
  "players": [
    "JarvisTypeGGEZ",
    "Tripleaxel duro"
  ],
  "log": "|j|\u2606JarvisTypeGGEZ\n|j|\u2606Tripleaxel duro\n|t:|1776146901\n|gametype|doubles\n|player|p1|JarvisTypeGGEZ|lucas|1095\n|player|p2|Tripleaxel duro|2|1000\n|gen|9\n|tier|[Gen 9 Champions] VGC 2026 Reg M-A\n|rated|\n|rule|Species Clause: Limit one of each Pok\u00e9mon\n|rule|Item Clause: Limit 1 of each item\n|clearpoke\n|poke|p1|Pelipper, L50, M|\n|poke|p1|Incineroar, L50, M|\n|poke|p1|Sneasler, L50, M|\n|poke|p1|Archaludon, L50, M|\n|poke|p1|Basculegion, L50, M|\n|poke|p1|Meganium, L50, M|\n|poke|p2|Floette-Eternal, L50, F|\n|poke|p2|Incineroar, L50, M|\n|poke|p2|Sinistcha, L50|\n|poke|p2|Archaludon, L50, M|\n|poke|p2|Pelipper, L50, F|\n|poke|p2|Basculegion, L50, M|\n|teampreview|4\n|\n|t:|1776146959\n|teamsize|p1|4\n|teamsize|p2|4\n|start\n|switch|p1a: Sneasler|Sneasler, L50, M|100/100\n|switch|p1b: Incineroar|Incineroar, L50, M|100/100\n|switch|p2a: Incineroar|Incineroar, L50, M|100/100\n|switch|p2b: Archaludon|Archaludon, L50, M|100/100\n|-ability|p2a: Incineroar|Intimidate|boost\n|-unboost|p1a: Sneasler|atk|1\n|-unboost|p1b: Incineroar|atk|1\n|-ability|p1b: Incineroar|Intimidate|boost\n|-unboost|p2a: Incineroar|atk|1\n|-unboost|p2b: Archaludon|atk|1\n|-enditem|p1a: Sneasler|White Herb\n|-clearnegativeboost|p1a: Sneasler|[silent]\n|turn|1\n|\n|t:|1776146985\n|move|p2b: Archaludon|Protect|p2b: Archaludon\n|-singleturn|p2b: Archaludon|Protect\n|move|p1a: Sneasler|Fake Out|p2a: Incineroar\n|-damage|p2a: Incineroar|87/100\n|cant|p2a: Incineroar|flinch\n|move|p1b: Incineroar|Fake Out|p2b: Archaludon\n|-activate|p2b: Archaludon|move: Protect\n|\n|upkeep\n|turn|2\n|\n|t:|1776147030\n|move|p1a: Sneasler|Close Combat|p2b: Archaludon\n|-supereffective|p2b: Archaludon|1\n|-damage|p2b: Archaludon|14/100\n|-unboost|p1a: Sneasler|def|1\n|-unboost|p1a: Sneasler|spd|1\n|-ability|p2b: Archaludon|Stamina|boost\n|-boost|p2b: Archaludon|def|1\n|move|p2b: Archaludon|Electro Shot||[still]\n|-prepare|p2b: Archaludon|Electro Shot\n|-boost|p2b: Archaludon|spa|1\n|move|p2a: Incineroar|Parting Shot|p1a: Sneasler\n|-unboost|p1a: Sneasler|atk|1\n|-unboost|p1a: Sneasler|spa|1\n|\n|t:|1776147058\n|switch|p2a: Floette|Floette-Eternal, L50, F|100/100|[from] Parting Shot\n|move|p1b: Incineroar|Parting Shot|p2a: Floette\n|-unboost|p2a: Floette|atk|1\n|-unboost|p2a: Floette|spa|1\n|\n|t:|1776147075\n|switch|p1b: Meganium|Meganium, L50, M|100/100|[from] Parting Shot\n|\n|-heal|p2b: Archaludon|20/100|[from] item: Leftovers\n|upkeep\n|turn|3\n|\n|t:|1776147093\n|detailschange|p2a: Floette|Floette-Mega, L50, F\n|-mega|p2a: Floette|Floette|Floettite\n|-ability|p2a: Floette|Fairy Aura\n|move|p1a: Sneasler|Protect|p1a: Sneasler\n|-singleturn|p1a: Sneasler|Protect\n|move|p1b: Meganium|Protect|p1b: Meganium\n|-singleturn|p1b: Meganium|Protect\n|move|p2a: Floette|Calm Mind|p2a: Floette\n|-boost|p2a: Floette|spa|1\n|-boost|p2a: Floette|spd|1\n|move|p2b: Archaludon|Electro Shot|p1a: Sneasler|[from] lockedmove\n|-activate|p1a: Sneasler|move: Protect\n|\n|-heal|p2b: Archaludon|26/100|[from] item: Leftovers\n|upkeep\n|turn|4\n|\n|t:|1776147115\n|detailschange|p1b: Meganium|Meganium-Mega, L50, M\n|-mega|p1b: Meganium|Meganium|Meganiumite\n|move|p2a: Floette|Protect|p2a: Floette\n|-singleturn|p2a: Floette|Protect\n|move|p2b: Archaludon|Protect|p2b: Archaludon\n|-singleturn|p2b: Archaludon|Protect\n|move|p1a: Sneasler|Dire Claw|p2a: Floette\n|-activate|p2a: Floette|move: Protect\n|move|p1b: Meganium|Dazzling Gleam|p2a: Floette|[spread] \n|-activate|p2a: Floette|move: Protect\n|-activate|p2b: Archaludon|move: Protect\n|\n|-heal|p2b: Archaludon|32/100|[from] item: Leftovers\n|upkeep\n|turn|5\n|inactive|Battle timer is ON: inactive players will automatically lose when time's up. (requested by JarvisTypeGGEZ)\n|\n|t:|1776147142\n|move|p1a: Sneasler|Dire Claw|p2a: Floette\n|-supereffective|p2a: Floette|1\n|-crit|p2a: Floette\n|-damage|p2a: Floette|0 fnt\n|faint|p2a: Floette\n|move|p2b: Archaludon|Snarl|p1b: Meganium|[spread] p1a,p1b\n|-resisted|p1a: Sneasler|1\n|-resisted|p1b: Meganium|1\n|-damage|p1a: Sneasler|79/100\n|-damage|p1b: Meganium|92/100\n|-unboost|p1a: Sneasler|spa|1\n|-unboost|p1b: Meganium|spa|1\n|move|p1b: Meganium|Dazzling Gleam|p2b: Archaludon\n|-damage|p2b: Archaludon|0 fnt\n|faint|p2b: Archaludon\n|\n|upkeep\n|\n|t:|1776147158\n|switch|p2a: Incineroar|Incineroar, L50, M|87/100\n|switch|p2b: Sinistcha|Sinistcha, L50|100/100\n|-ability|p2a: Incineroar|Intimidate|boost\n|-unboost|p1a: Sneasler|atk|1\n|-unboost|p1b: Meganium|atk|1\n|-heal|p2a: Incineroar|100/100|[from] ability: Hospitality|[of] p2b: Sinistcha\n|turn|6\n|\n|t:|1776147177\n|move|p1a: Sneasler|Protect|p1a: Sneasler\n|-singleturn|p1a: Sneasler|Protect\n|move|p1b: Meganium|Protect|p1b: Meganium\n|-singleturn|p1b: Meganium|Protect\n|move|p2a: Incineroar|Fake Out|p1a: Sneasler\n|-activate|p1a: Sneasler|move: Protect\n|move|p2b: Sinistcha|Trick Room|p2b: Sinistcha\n|-fieldstart|move: Trick Room|[of] p2b: Sinistcha\n|\n|upkeep\n|turn|7\n|\n|t:|1776147200\n|switch|p1b: Pelipper|Pelipper, L50, M|100/100\n|-weather|RainDance|[from] ability: Drizzle|[of] p1b: Pelipper\n|switch|p1a: Incineroar|Incineroar, L50, M|100/100\n|-ability|p1a: Incineroar|Intimidate|boost\n|-unboost|p2a: Incineroar|atk|1\n|-unboost|p2b: Sinistcha|atk|1\n|move|p2b: Sinistcha|Rage Powder|p2b: Sinistcha\n|-singleturn|p2b: Sinistcha|move: Rage Powder\n|move|p2a: Incineroar|Flare Blitz|p1b: Pelipper\n|-resisted|p1b: Pelipper|1\n|-damage|p1b: Pelipper|91/100\n|-damage|p2a: Incineroar|99/100|[from] Recoil\n|\n|-weather|RainDance|[upkeep]\n|upkeep\n|turn|8\n|inactive|Tripleaxel duro has 30 seconds left.\n|\n|t:|1776147230\n|move|p1a: Incineroar|Fake Out|p2a: Incineroar\n|-damage|p2a: Incineroar|88/100\n|move|p2b: Sinistcha|Matcha Gotcha|p1b: Pelipper|[spread] p1a,p1b\n|-resisted|p1a: Incineroar|1\n|-damage|p1a: Incineroar|90/100\n|-damage|p1b: Pelipper|46/100\n|cant|p2a: Incineroar|flinch\n|move|p1b: Pelipper|Hurricane|p2b: Sinistcha\n|-supereffective|p2b: Sinistcha|1\n|-damage|p2b: Sinistcha|13/100\n|\n|-weather|RainDance|[upkeep]\n|upkeep\n|turn|9\n|inactive|JarvisTypeGGEZ has 30 seconds left.\n|inactive|Tripleaxel duro has 30 seconds left.\n|inactive|JarvisTypeGGEZ has 20 seconds left.\n|inactive|Tripleaxel duro has 20 seconds left.\n|\n|t:|1776147269\n|move|p1a: Incineroar|Parting Shot|p2a: Incineroar\n|-unboost|p2a: Incineroar|atk|1\n|-unboost|p2a: Incineroar|spa|1\n|\n|t:|1776147276\n|switch|p1a: Meganium|Meganium-Mega, L50, M|92/100|[from] Parting Shot\n|move|p2b: Sinistcha|Matcha Gotcha|p1b: Pelipper|[spread] p1a,p1b\n|-resisted|p1a: Meganium|1\n|-damage|p1a: Meganium|83/100\n|-heal|p2b: Sinistcha|18/100|[from] drain|[of] p1a: Meganium\n|-damage|p1b: Pelipper|7/100\n|-heal|p2b: Sinistcha|33/100|[from] drain|[of] p1b: Pelipper\n|move|p2a: Incineroar|Throat Chop|p1a: Meganium\n|-resisted|p1a: Meganium|1\n|-damage|p1a: Meganium|76/100\n|-start|p1a: Meganium|Throat Chop|[silent]\n|move|p1b: Pelipper|Tailwind|p1b: Pelipper\n|-sidestart|p1: JarvisTypeGGEZ|move: Tailwind\n|\n|-weather|RainDance|[upkeep]\n|upkeep\n|turn|10\n|inactive|Tripleaxel duro has 30 seconds left.\n|\n|t:|1776147304\n|move|p1a: Meganium|Protect|p1a: Meganium\n|-singleturn|p1a: Meganium|Protect\n|move|p1b: Pelipper|Protect|p1b: Pelipper\n|-singleturn|p1b: Pelipper|Protect\n|move|p2b: Sinistcha|Matcha Gotcha|p1a: Meganium|[spread] \n|-activate|p1a: Meganium|move: Protect\n|-activate|p1b: Pelipper|move: Protect\n|move|p2a: Incineroar|Flare Blitz|p1a: Meganium\n|-activate|p1a: Meganium|move: Protect\n|\n|-weather|RainDance|[upkeep]\n|-end|p1a: Meganium|Throat Chop|[silent]\n|-fieldend|move: Trick Room\n|upkeep\n|turn|11\n|inactive|JarvisTypeGGEZ has 30 seconds left.\n|\n|t:|1776147333\n|move|p1b: Pelipper|Weather Ball|p2a: Incineroar\n|-supereffective|p2a: Incineroar|1\n|-damage|p2a: Incineroar|0 fnt\n|faint|p2a: Incineroar\n|move|p1a: Meganium|Dazzling Gleam|p2b: Sinistcha\n|-damage|p2b: Sinistcha|0 fnt\n|faint|p2b: Sinistcha\n|\n|win|JarvisTypeGGEZ\n|raw|JarvisTypeGGEZ's rating: 1095 &rarr; <strong>1114</strong><br />(+19 for winning)\n|raw|Tripleaxel duro's rating: 1000 &rarr; <strong>1000</strong><br />(+0 for losing)\n|l|\u2606Tripleaxel duro\n|player|p2|\n",
  "uploadtime": 1776147353,
  "views": 29,
  "formatid": "gen9championsvgc2026regma",
  "rating": 1000,
  "private": 0,
  "password": null
}