{
  "id": "gen9championsvgc2026regma-2581019287",
  "format": "[Gen 9 Champions] VGC 2026 Reg M-A",
  "players": [
    "MajorStar",
    "bluedriver14"
  ],
  "log": "|j|\u2606MajorStar\n|j|\u2606bluedriver14\n|t:|1775952280\n|gametype|doubles\n|player|p1|MajorStar|brawly|\n|player|p2|bluedriver14|infielder|\n|gen|9\n|tier|[Gen 9 Champions] VGC 2026 Reg M-A\n|rated|Tournament battle\n|rule|Species Clause: Limit one of each Pok\u00e9mon\n|rule|Item Clause: Limit 1 of each item\n|raw|<div class=\"infobox\"><details class=\"readmore\" open><summary><strong>1 custom rule:</strong></summary> Force Open Team Sheets</details></div>\n|clearpoke\n|poke|p1|Kangaskhan, L50, F|\n|poke|p1|Incineroar, L50, F|\n|poke|p1|Sinistcha, L50|\n|poke|p1|Aegislash, L50, F|\n|poke|p1|Rotom-Wash, L50|\n|poke|p1|Garchomp, L50, F|\n|poke|p2|Arcanine-Hisui, L50, F|\n|poke|p2|Basculegion, L50, M|\n|poke|p2|Hydreigon, L50, M|\n|poke|p2|Clefable, L50, F|\n|poke|p2|Corviknight, L50, M|\n|poke|p2|Gallade, L50, M|\n|teampreview|4\n|showteam|p1|Kangaskhan||Kangaskhanite|Scrappy|BodySlam,SuckerPunch,Crunch,Protect|||F|||50|]Incineroar||ChopleBerry|Intimidate|FlareBlitz,FakeOut,PartingShot,ThroatChop|||F|||50|]Sinistcha||SitrusBerry|Hospitality|MatchaGotcha,RagePowder,LifeDew,Protect||||||50|]Aegislash||SpellTag|StanceChange|ShadowBall,FlashCannon,ShadowSneak,KingsShield|||F|||50|]Rotom-Wash||ChoiceScarf|Levitate|HydroPump,VoltSwitch,Electroweb,Discharge||||||50|]Garchomp||FocusSash|RoughSkin|Earthquake,StompingTantrum,DragonClaw,Protect|||F|||50|\n|showteam|p2|Arcanine-Hisui||ShucaBerry|RockHead|FlareBlitz,HeadSmash,ExtremeSpeed,Protect|||F|||50|]Basculegion||ChoiceScarf|Adaptability|WaveCrash,LastRespects,FlipTurn,AquaJet|||M|||50|]Hydreigon||RoseliBerry|Levitate|Snarl,Tailwind,DracoMeteor,Protect|||M|||50|]Clefable||MentalHerb|Unaware|FollowMe,LifeDew,Protect,Moonblast|||F|||50|]Corviknight||SitrusBerry|MirrorArmor|BraveBird,BodyPress,BulkUp,Roost|||M|||50|]Gallade||Galladite|Steadfast|PsychoCut,SacredSword,IcePunch,Protect|||M|||50|\n|c|\u2606MajorStar|glhf\n|j| jfro\n|\n|t:|1775952350\n|teamsize|p1|4\n|teamsize|p2|4\n|start\n|switch|p1a: Rotom|Rotom-Wash, L50|100/100\n|switch|p1b: Garchomp|Garchomp, L50, F|100/100\n|switch|p2a: Basculegion|Basculegion, L50, M|100/100\n|switch|p2b: Corviknight|Corviknight, L50, M|100/100\n|turn|1\n|inactive|Battle timer is ON: inactive players will automatically lose when time's up. (requested by bluedriver14)\n|\n|t:|1775952383\n|switch|p2a: Hydreigon|Hydreigon, L50, M|100/100\n|switch|p2b: Gallade|Gallade, L50, M|100/100\n|move|p1a: Rotom|Discharge|p2a: Hydreigon|[spread] p2a,p2b\n|-immune|p1b: Garchomp\n|-resisted|p2a: Hydreigon|1\n|-damage|p2a: Hydreigon|88/100\n|-damage|p2b: Gallade|77/100\n|-status|p2a: Hydreigon|par\n|-status|p2b: Gallade|par\n|move|p1b: Garchomp|Dragon Claw|p2a: Hydreigon\n|-supereffective|p2a: Hydreigon|1\n|-damage|p2a: Hydreigon|5/100 par\n|\n|upkeep\n|turn|2\n|inactive|bluedriver14 has 30 seconds left.\n|\n|t:|1775952409\n|detailschange|p2b: Gallade|Gallade-Mega, L50, M\n|-mega|p2b: Gallade|Gallade|Galladite\n|move|p1a: Rotom|Discharge|p2b: Gallade|[spread] p2a,p2b\n|-immune|p1b: Garchomp\n|-resisted|p2a: Hydreigon|1\n|-damage|p2a: Hydreigon|0 fnt\n|-damage|p2b: Gallade|54/100 par\n|faint|p2a: Hydreigon\n|move|p1b: Garchomp|Earthquake|p2b: Gallade|[spread] p2b\n|-immune|p1a: Rotom|[from] ability: Levitate\n|-damage|p2b: Gallade|11/100 par\n|move|p2b: Gallade|Ice Punch|p1b: Garchomp\n|-supereffective|p1b: Garchomp|2\n|-enditem|p1b: Garchomp|Focus Sash\n|-damage|p1b: Garchomp|1/100\n|-damage|p2b: Gallade|0 fnt|[from] ability: Rough Skin|[of] p1b: Garchomp\n|faint|p2b: Gallade\n|\n|upkeep\n|\n|t:|1775952428\n|switch|p2b: Corviknight|Corviknight, L50, M|100/100\n|switch|p2a: Basculegion|Basculegion, L50, M|100/100\n|turn|3\n|\n|t:|1775952446\n|move|p1a: Rotom|Discharge|p2a: Basculegion|[spread] p2a,p2b\n|-immune|p1b: Garchomp\n|-supereffective|p2a: Basculegion|1\n|-supereffective|p2b: Corviknight|1\n|-damage|p2a: Basculegion|36/100\n|-damage|p2b: Corviknight|60/100\n|move|p2a: Basculegion|Last Respects|p1a: Rotom\n|-damage|p1a: Rotom|0 fnt\n|faint|p1a: Rotom\n|move|p1b: Garchomp|Earthquake|p2b: Corviknight|[spread] p2a\n|-immune|p2b: Corviknight\n|-damage|p2a: Basculegion|0 fnt\n|faint|p2a: Basculegion\n|move|p2b: Corviknight|Bulk Up|p2b: Corviknight\n|-boost|p2b: Corviknight|atk|1\n|-boost|p2b: Corviknight|def|1\n|\n|upkeep\n|\n|t:|1775952459\n|switch|p1a: Aegislash|Aegislash, L50, F|100/100\n|turn|4\n|j| itonia\n|\n|t:|1775952468\n|move|p1b: Garchomp|Dragon Claw|p2b: Corviknight\n|-resisted|p2b: Corviknight|1\n|-damage|p2b: Corviknight|46/100\n|-enditem|p2b: Corviknight|Sitrus Berry|[eat]\n|-heal|p2b: Corviknight|71/100|[from] item: Sitrus Berry\n|move|p2b: Corviknight|Bulk Up|p2b: Corviknight\n|-boost|p2b: Corviknight|atk|1\n|-boost|p2b: Corviknight|def|1\n|-formechange|p1a: Aegislash|Aegislash-Blade|\n|move|p1a: Aegislash|Shadow Ball|p2b: Corviknight\n|-damage|p2b: Corviknight|32/100\n|\n|upkeep\n|turn|5\n|\n|t:|1775952482\n|move|p1b: Garchomp|Dragon Claw|p2b: Corviknight\n|-resisted|p2b: Corviknight|1\n|-damage|p2b: Corviknight|23/100\n|move|p2b: Corviknight|Roost|p2b: Corviknight\n|-heal|p2b: Corviknight|73/100\n|-singleturn|p2b: Corviknight|move: Roost\n|move|p1a: Aegislash|Shadow Ball|p2b: Corviknight\n|-damage|p2b: Corviknight|36/100\n|\n|upkeep\n|turn|6\n|\n|t:|1775952495\n|move|p1b: Garchomp|Dragon Claw|p2b: Corviknight\n|-resisted|p2b: Corviknight|1\n|-damage|p2b: Corviknight|27/100\n|move|p2b: Corviknight|Roost|p2b: Corviknight\n|-heal|p2b: Corviknight|77/100\n|-singleturn|p2b: Corviknight|move: Roost\n|move|p1a: Aegislash|Shadow Ball|p2b: Corviknight\n|-damage|p2b: Corviknight|37/100\n|\n|upkeep\n|turn|7\n|\n|t:|1775952513\n|move|p1b: Garchomp|Dragon Claw|p2b: Corviknight\n|-resisted|p2b: Corviknight|1\n|-damage|p2b: Corviknight|28/100\n|move|p2b: Corviknight|Roost|p2b: Corviknight\n|-heal|p2b: Corviknight|78/100\n|-singleturn|p2b: Corviknight|move: Roost\n|move|p1a: Aegislash|Shadow Ball|p2b: Corviknight\n|-damage|p2b: Corviknight|36/100\n|-ability|p2b: Corviknight|Mirror Armor\n|-unboost|p1a: Aegislash|spd|1\n|\n|upkeep\n|turn|8\n|\n|t:|1775952532\n|move|p1b: Garchomp|Dragon Claw|p2b: Corviknight\n|-resisted|p2b: Corviknight|1\n|-damage|p2b: Corviknight|25/100\n|move|p2b: Corviknight|Brave Bird|p1a: Aegislash\n|-resisted|p1a: Aegislash|1\n|-damage|p1a: Aegislash|44/100\n|-damage|p2b: Corviknight|9/100|[from] Recoil\n|move|p1a: Aegislash|Shadow Ball|p2b: Corviknight\n|-damage|p2b: Corviknight|0 fnt\n|faint|p2b: Corviknight\n|\n|win|MajorStar\n|n|\u2606MajorStar|majorstar\n|n|\u2606bluedriver14|bluedriver14\n|n| jfro|jfro\n|n| itonia|itonia\n|c|\u2606MajorStar|ggs wp\n",
  "uploadtime": 1775952544,
  "views": 18,
  "formatid": "gen9championsvgc2026regma",
  "rating": null,
  "private": 0,
  "password": null
}