{
  "id": "gen9championsvgc2026regma-2587098131",
  "format": "[Gen 9 Champions] VGC 2026 Reg M-A",
  "players": [
    "Daehkcarc420",
    "CalmLeaf"
  ],
  "log": "|j|\u2606Daehkcarc420\n|j|\u2606CalmLeaf\n|t:|1776493090\n|gametype|doubles\n|player|p1|Daehkcarc420|101|1149\n|player|p2|CalmLeaf|leaf-masters|1119\n|gen|9\n|tier|[Gen 9 Champions] VGC 2026 Reg M-A\n|rated|\n|rule|Species Clause: Limit one of each Pok\u00e9mon\n|rule|Item Clause: Limit 1 of each item\n|clearpoke\n|poke|p1|Heracross, L50, M|\n|poke|p1|Sinistcha-Masterpiece, L50|\n|poke|p1|Slowking-Galar, L50, F|\n|poke|p1|Drampa, L50, M|\n|poke|p1|Mudsdale, L50, M|\n|poke|p1|Avalugg, L50, M|\n|poke|p2|Meganium, L50, F|\n|poke|p2|Hatterene, L50, F|\n|poke|p2|Rampardos, L50, F|\n|poke|p2|Clefable, L50, M|\n|poke|p2|Aerodactyl, L50, F|\n|poke|p2|Excadrill, L50, F|\n|teampreview|4\n|inactive|Battle timer is ON: inactive players will automatically lose when time's up. (requested by Daehkcarc420)\n|\n|t:|1776493107\n|teamsize|p1|4\n|teamsize|p2|4\n|start\n|switch|p1a: Slowking|Slowking-Galar, L50, F|100/100\n|switch|p1b: Heracross|Heracross, L50, M|100/100\n|switch|p2a: Wanda|Hatterene, L50, F|100/100\n|switch|p2b: MissSofia|Clefable, L50, M|100/100\n|-clearboost|p1b: Heracross|[from] ability: Curious Medicine|[of] p1a: Slowking\n|turn|1\n|inactive|CalmLeaf has 30 seconds left.\n|\n|t:|1776493134\n|detailschange|p1b: Heracross|Heracross-Mega, L50, M\n|-mega|p1b: Heracross|Heracross|Heracronite\n|move|p1b: Heracross|Bullet Seed|p2a: Wanda\n|-damage|p2a: Wanda|89/100\n|-damage|p2a: Wanda|79/100\n|-damage|p2a: Wanda|68/100\n|-damage|p2a: Wanda|58/100\n|-crit|p2a: Wanda\n|-damage|p2a: Wanda|43/100\n|-hitcount|p2a: Wanda|5\n|move|p2b: MissSofia|Cosmic Power|p2b: MissSofia\n|-boost|p2b: MissSofia|def|1\n|-boost|p2b: MissSofia|spd|1\n|move|p2a: Wanda|Agility|p2a: Wanda\n|-boost|p2a: Wanda|spe|2\n|move|p1a: Slowking|Trick Room|p1a: Slowking\n|-fieldstart|move: Trick Room|[of] p1a: Slowking\n|\n|-heal|p2a: Wanda|49/100|[from] item: Leftovers\n|upkeep\n|turn|2\n|inactive|Daehkcarc420 has 30 seconds left.\n|inactive|CalmLeaf has 30 seconds left.\n|inactive|CalmLeaf has 20 seconds left.\n|inactive|CalmLeaf has 15 seconds left.\n|\n|t:|1776493176\n|move|p2b: MissSofia|Follow Me|p2b: MissSofia\n|-singleturn|p2b: MissSofia|move: Follow Me\n|move|p1a: Slowking|Swagger|p2b: MissSofia\n|-boost|p2b: MissSofia|atk|2\n|-start|p2b: MissSofia|confusion\n|move|p1b: Heracross|Bullet Seed|p2b: MissSofia\n|-damage|p2b: MissSofia|93/100\n|-damage|p2b: MissSofia|85/100\n|-damage|p2b: MissSofia|77/100\n|-damage|p2b: MissSofia|69/100\n|-damage|p2b: MissSofia|62/100\n|-hitcount|p2b: MissSofia|5\n|move|p2a: Wanda|Swords Dance|p2a: Wanda\n|-boost|p2a: Wanda|atk|2\n|\n|-heal|p2a: Wanda|55/100|[from] item: Leftovers\n|upkeep\n|turn|3\n|inactive|CalmLeaf has 30 seconds left.\n|inactive|Daehkcarc420 has 30 seconds left.\n|\n|t:|1776493212\n|-activate|p2b: MissSofia|confusion\n|move|p2b: MissSofia|Follow Me|p2b: MissSofia\n|-singleturn|p2b: MissSofia|move: Follow Me\n|move|p1a: Slowking|Sludge Bomb|p2b: MissSofia\n|-supereffective|p2b: MissSofia|1\n|-damage|p2b: MissSofia|11/100\n|-status|p2b: MissSofia|psn\n|-enditem|p2b: MissSofia|Sitrus Berry|[eat]\n|-heal|p2b: MissSofia|36/100 psn|[from] item: Sitrus Berry\n|move|p1b: Heracross|Bullet Seed|p2b: MissSofia\n|-damage|p2b: MissSofia|29/100 psn\n|-damage|p2b: MissSofia|22/100 psn\n|-damage|p2b: MissSofia|15/100 psn\n|-damage|p2b: MissSofia|7/100 psn\n|-damage|p2b: MissSofia|0 fnt\n|faint|p2b: MissSofia\n|-hitcount|p2: MissSofia|5\n|move|p2a: Wanda|Calm Mind|p2a: Wanda\n|-boost|p2a: Wanda|spa|1\n|-boost|p2a: Wanda|spd|1\n|\n|-heal|p2a: Wanda|61/100|[from] item: Leftovers\n|upkeep\n|inactive|CalmLeaf has 30 seconds left.\n|\n|t:|1776493240\n|switch|p2b: Rampage|Rampardos, L50, F|100/100\n|turn|4\n|\n|t:|1776493259\n|move|p2b: Rampage|Protect|p2b: Rampage\n|-singleturn|p2b: Rampage|Protect\n|move|p1a: Slowking|Swagger|p1b: Heracross\n|-boost|p1b: Heracross|atk|2\n|-start|p1b: Heracross|confusion\n|-activate|p1b: Heracross|confusion\n|-damage|p1b: Heracross|66/100|[from] confusion\n|move|p2a: Wanda|Calm Mind|p2a: Wanda\n|-boost|p2a: Wanda|spa|1\n|-boost|p2a: Wanda|spd|1\n|\n|-heal|p2a: Wanda|68/100|[from] item: Leftovers\n|upkeep\n|turn|5\n|inactive|CalmLeaf has 30 seconds left.\n|inactive|CalmLeaf has 20 seconds left.\n|inactive|CalmLeaf has 15 seconds left.\n|\n|t:|1776493300\n|switch|p2b: Megumin|Meganium, L50, F|100/100\n|-prepare|p1a: Slowking|Chilly Reception|[premajor]\n|move|p1a: Slowking|Chilly Reception|p1a: Slowking\n|-weather|Snowscape\n|\n|t:|1776493306\n|switch|p1a: Avalugg|Avalugg, L50, M|100/100|[from] Chilly Reception\n|-end|p1b: Heracross|confusion\n|move|p1b: Heracross|Bullet Seed|p2b: Megumin\n|-resisted|p2b: Megumin|1\n|-damage|p2b: Megumin|88/100\n|-resisted|p2b: Megumin|1\n|-damage|p2b: Megumin|75/100\n|-resisted|p2b: Megumin|1\n|-damage|p2b: Megumin|62/100\n|-resisted|p2b: Megumin|1\n|-crit|p2b: Megumin\n|-damage|p2b: Megumin|42/100\n|-resisted|p2b: Megumin|1\n|-damage|p2b: Megumin|28/100\n|-hitcount|p2b: Megumin|5\n|move|p2a: Wanda|Baton Pass|p2a: Wanda\n|\n|t:|1776493320\n|switch|p2a: Rampage|Rampardos, L50, F|100/100|[from] Baton Pass\n|\n|-weather|Snowscape|[upkeep]\n|-fieldend|move: Trick Room\n|upkeep\n|turn|6\n|inactive|CalmLeaf has 30 seconds left.\n|\n|t:|1776493349\n|detailschange|p2b: Megumin|Meganium-Mega, L50, F\n|-mega|p2b: Megumin|Meganium|Meganiumite\n|move|p2a: Rampage|Rock Slide|p1b: Heracross|[spread] p1a,p1b\n|-supereffective|p1a: Avalugg|1\n|-damage|p1a: Avalugg|33/100\n|-damage|p1b: Heracross|0 fnt\n|faint|p1b: Heracross\n|move|p2b: Megumin|Dazzling Gleam|p1a: Avalugg\n|-damage|p1a: Avalugg|0 fnt\n|faint|p1a: Avalugg\n|\n|-weather|Snowscape|[upkeep]\n|upkeep\n|\n|t:|1776493357\n|switch|p1b: Mudsdale|Mudsdale, L50, M|100/100\n|switch|p1a: Slowking|Slowking-Galar, L50, F|100/100\n|-clearboost|p1b: Mudsdale|[from] ability: Curious Medicine|[of] p1a: Slowking\n|turn|7\n|inactive|CalmLeaf has 30 seconds left.\n|\n|t:|1776493386\n|switch|p2b: Wanda|Hatterene, L50, F|68/100\n|move|p2a: Rampage|Earthquake|p1a: Slowking|[spread] p2b,p1a,p1b\n|-supereffective|p1a: Slowking|1\n|-damage|p2b: Wanda|13/100\n|-damage|p1a: Slowking|0 fnt\n|-damage|p1b: Mudsdale|54/100\n|faint|p1a: Slowking\n|move|p1b: Mudsdale|High Horsepower|p2a: Rampage\n|-supereffective|p2a: Rampage|1\n|-enditem|p2a: Rampage|Focus Sash\n|-damage|p2a: Rampage|1/100\n|\n|-weather|Snowscape|[upkeep]\n|-heal|p2b: Wanda|19/100|[from] item: Leftovers\n|upkeep\n|turn|8\n|c|\u2606Daehkcarc420|ggs\n|\n|t:|1776493410\n|move|p2a: Rampage|Fire Punch|p1b: Mudsdale\n|-damage|p1b: Mudsdale|0 fnt\n|faint|p1b: Mudsdale\n|\n|win|CalmLeaf\n|raw|Daehkcarc420's rating: 1149 &rarr; <strong>1122</strong><br />(-27 for losing)\n|raw|CalmLeaf's rating: 1119 &rarr; <strong>1146</strong><br />(+27 for winning)\n|c|\u2606CalmLeaf|gg\n|l|\u2606Daehkcarc420\n|player|p1|\n",
  "uploadtime": 1776493418,
  "views": 18,
  "formatid": "gen9championsvgc2026regma",
  "rating": 1122,
  "private": 0,
  "password": null
}