{
  "id": "gen9championsvgc2026regma-2588954181",
  "format": "[Gen 9 Champions] VGC 2026 Reg M-A",
  "players": [
    "miyagi is waifu",
    "Tamejo"
  ],
  "log": "|j|\u2606miyagi is waifu\n|j|\u2606Tamejo\n|t:|1776689123\n|gametype|doubles\n|player|p1|miyagi is waifu|101|1348\n|player|p2|Tamejo|caitlin|1446\n|gen|9\n|tier|[Gen 9 Champions] VGC 2026 Reg M-A\n|rated|\n|rule|Species Clause: Limit one of each Pok\u00e9mon\n|rule|Item Clause: Limit 1 of each item\n|clearpoke\n|poke|p1|Gengar, L50, F|\n|poke|p1|Incineroar, L50, F|\n|poke|p1|Kingambit, L50, M|\n|poke|p1|Palafin, L50, F|\n|poke|p1|Politoed, L50, F|\n|poke|p1|Sableye, L50, M|\n|poke|p2|Dragapult, L50, M|\n|poke|p2|Sylveon, L50, F|\n|poke|p2|Whimsicott, L50, M|\n|poke|p2|Glimmora, L50, M|\n|poke|p2|Charizard, L50, F|\n|poke|p2|Kingambit, L50, M|\n|teampreview|4\n|inactive|Battle timer is ON: inactive players will automatically lose when time's up. (requested by miyagi is waifu)\n|\n|t:|1776689162\n|teamsize|p1|4\n|teamsize|p2|4\n|start\n|switch|p1a: Gengar|Gengar, L50, F|100/100\n|switch|p1b: Palafin|Palafin, L50, F|100/100\n|switch|p2a: Kingambit|Kingambit, L50, M|100/100\n|switch|p2b: Dragapult|Dragapult, L50, M|100/100\n|turn|1\n|\n|t:|1776689181\n|detailschange|p1b: Palafin|Palafin-Hero, L50, F\n|switch|p1b: Politoed|Politoed, L50, F|100/100\n|-weather|RainDance|[from] ability: Drizzle|[of] p1b: Politoed\n|detailschange|p1a: Gengar|Gengar-Mega, L50, F\n|-mega|p1a: Gengar|Gengar|Gengarite\n|move|p1a: Gengar|Protect|p1a: Gengar\n|-singleturn|p1a: Gengar|Protect\n|move|p2b: Dragapult|Phantom Force||[still]\n|-prepare|p2b: Dragapult|Phantom Force\n|move|p2a: Kingambit|Low Kick|p1b: Politoed\n|-damage|p1b: Politoed|74/100\n|\n|-weather|RainDance|[upkeep]\n|upkeep\n|turn|2\n|inactive|miyagi is waifu has 30 seconds left.\n|\n|t:|1776689206\n|switch|p1a: Palafin|Palafin-Hero, L50, F|100/100\n|-activate|p1a: Palafin|ability: Zero to Hero\n|move|p2b: Dragapult|Phantom Force|p1a: Palafin|[from] lockedmove\n|-damage|p1a: Palafin|52/100\n|move|p1b: Politoed|Weather Ball|p2a: Kingambit\n|-damage|p2a: Kingambit|48/100\n|move|p2a: Kingambit|Low Kick|p1a: Palafin\n|-damage|p1a: Palafin|20/100\n|\n|-weather|RainDance|[upkeep]\n|upkeep\n|turn|3\n|inactive|Tamejo has 30 seconds left.\n|\n|t:|1776689233\n|switch|p2a: Whimsicott|Whimsicott, L50, M|100/100\n|move|p1a: Palafin|Protect|p1a: Palafin\n|-singleturn|p1a: Palafin|Protect\n|move|p2b: Dragapult|Dragon Darts|p1b: Politoed\n|-damage|p1b: Politoed|47/100\n|-enditem|p1b: Politoed|Sitrus Berry|[eat]\n|-heal|p1b: Politoed|72/100|[from] item: Sitrus Berry\n|-anim|p2b: Dragapult|Dragon Darts|p1b: Politoed\n|-damage|p1b: Politoed|47/100\n|move|p1b: Politoed|Icy Wind|p2b: Dragapult|[spread] p2a,p2b\n|-supereffective|p2a: Whimsicott|1\n|-supereffective|p2b: Dragapult|1\n|-crit|p2b: Dragapult\n|-damage|p2a: Whimsicott|73/100\n|-damage|p2b: Dragapult|60/100\n|-unboost|p2a: Whimsicott|spe|1\n|\n|-weather|RainDance|[upkeep]\n|upkeep\n|turn|4\n|inactive|miyagi is waifu has 30 seconds left.\n|inactive|Tamejo has 30 seconds left.\n|\n|t:|1776689271\n|move|p1a: Palafin|Jet Punch|p2b: Dragapult\n|-resisted|p2b: Dragapult|1\n|-damage|p2b: Dragapult|13/100\n|move|p2a: Whimsicott|Encore|p1a: Palafin\n|-start|p1a: Palafin|Encore\n|move|p2b: Dragapult|Phantom Force||[still]\n|-prepare|p2b: Dragapult|Phantom Force\n|move|p1b: Politoed|Icy Wind|p2a: Whimsicott|[spread] p2a\n|-miss|p1b: Politoed|p2b: Dragapult\n|-supereffective|p2a: Whimsicott|1\n|-damage|p2a: Whimsicott|45/100\n|-unboost|p2a: Whimsicott|spe|1\n|\n|-weather|RainDance|[upkeep]\n|upkeep\n|turn|5\n|inactive|Tamejo has 30 seconds left.\n|\n|t:|1776689304\n|move|p1a: Palafin|Jet Punch|p2a: Whimsicott\n|-resisted|p2a: Whimsicott|1\n|-damage|p2a: Whimsicott|4/100\n|move|p2b: Dragapult|Phantom Force|p1b: Politoed|[from] lockedmove\n|-damage|p1b: Politoed|5/100\n|move|p2a: Whimsicott|Moonblast|p1a: Palafin\n|-damage|p1a: Palafin|0 fnt\n|faint|p1a: Palafin\n|move|p1b: Politoed|Icy Wind|p2a: Whimsicott|[spread] p2a,p2b\n|-supereffective|p2a: Whimsicott|1\n|-crit|p2a: Whimsicott\n|-supereffective|p2b: Dragapult|1\n|-damage|p2a: Whimsicott|0 fnt\n|-damage|p2b: Dragapult|0 fnt\n|faint|p2a: Whimsicott\n|faint|p2b: Dragapult\n|\n|-weather|none\n|upkeep\n|\n|t:|1776689322\n|switch|p2b: Kingambit|Kingambit, L50, M|48/100\n|switch|p2a: Charizard|Charizard, L50, F|100/100\n|switch|p1a: Gengar|Gengar-Mega, L50, F|100/100\n|turn|6\n|\n|t:|1776689343\n|move|p1a: Gengar|Protect|p1a: Gengar\n|-singleturn|p1a: Gengar|Protect\n|move|p2b: Kingambit|Sucker Punch||[still]\n|-fail|p2b: Kingambit\n|move|p2a: Charizard|Heat Wave|p1b: Politoed|[spread] p1b\n|-activate|p1a: Gengar|move: Protect\n|-resisted|p1b: Politoed|1\n|-damage|p1b: Politoed|0 fnt\n|faint|p1b: Politoed\n|\n|upkeep\n|\n|t:|1776689351\n|switch|p1b: Sableye|Sableye, L50, M|100/100\n|turn|7\n|\n|t:|1776689371\n|detailschange|p2a: Charizard|Charizard-Mega-Y, L50, F\n|-mega|p2a: Charizard|Charizard|Charizardite Y\n|-weather|SunnyDay|[from] ability: Drought|[of] p2a: Charizard\n|move|p1b: Sableye|Fake Out|p2b: Kingambit\n|-resisted|p2b: Kingambit|1\n|-damage|p2b: Kingambit|45/100\n|cant|p2b: Kingambit|flinch\n|move|p1a: Gengar|Shadow Ball|p2a: Charizard\n|-damage|p2a: Charizard|54/100\n|-unboost|p2a: Charizard|spd|1\n|move|p2a: Charizard|Weather Ball|p1a: Gengar\n|-damage|p1a: Gengar|0 fnt\n|faint|p1a: Gengar\n|\n|-weather|SunnyDay|[upkeep]\n|upkeep\n|turn|8\n|-message|miyagi is waifu forfeited.\n|\n|win|Tamejo\n|raw|miyagi is waifu's rating: 1348 &rarr; <strong>1333</strong><br />(-15 for losing)\n|raw|Tamejo's rating: 1446 &rarr; <strong>1461</strong><br />(+15 for winning)\n|l|\u2606miyagi is waifu\n|player|p1|\n",
  "uploadtime": 1776689398,
  "views": 5,
  "formatid": "gen9championsvgc2026regma",
  "rating": 1333,
  "private": 0,
  "password": null
}