{
  "id": "gen9championsvgc2026regma-2581721920",
  "format": "[Gen 9 Champions] VGC 2026 Reg M-A",
  "players": [
    "SunTufo",
    "pmsa20132"
  ],
  "log": "|j|\u2606SunTufo\n|j|\u2606pmsa20132\n|t:|1776023379\n|gametype|doubles\n|player|p1|SunTufo|li|1193\n|player|p2|pmsa20132|265|1132\n|gen|9\n|tier|[Gen 9 Champions] VGC 2026 Reg M-A\n|rated|\n|rule|Species Clause: Limit one of each Pok\u00e9mon\n|rule|Item Clause: Limit 1 of each item\n|clearpoke\n|poke|p1|Basculegion, L50, M|\n|poke|p1|Pelipper, L50, F|\n|poke|p1|Floette-Eternal, L50, F|\n|poke|p1|Archaludon, L50, F|\n|poke|p1|Sinistcha, L50|\n|poke|p1|Talonflame, L50, M|\n|poke|p2|Hawlucha, L50, M|\n|poke|p2|Excadrill, L50, F|\n|poke|p2|Golurk, L50|\n|poke|p2|Rotom-Wash, L50|\n|poke|p2|Sneasler, L50, M|\n|poke|p2|Tyranitar, L50, F|\n|teampreview|4\n|inactive|Battle timer is ON: inactive players will automatically lose when time's up. (requested by SunTufo)\n|inactive|pmsa20132 has 60 seconds left.\n|\n|t:|1776023417\n|teamsize|p1|4\n|teamsize|p2|4\n|start\n|switch|p1a: Basculegion|Basculegion, L50, M|100/100\n|switch|p1b: Talonflame|Talonflame, L50, M|100/100\n|switch|p2a: Sneasler|Sneasler, L50, M|100/100\n|switch|p2b: Golurk|Golurk, L50|100/100\n|turn|1\n|inactive|pmsa20132 has 30 seconds left.\n|\n|t:|1776023448\n|move|p2a: Sneasler|Fake Out|p1b: Talonflame\n|-crit|p1b: Talonflame\n|-damage|p1b: Talonflame|68/100\n|move|p1a: Basculegion|Wave Crash|p2b: Golurk\n|-supereffective|p2b: Golurk|1\n|-damage|p2b: Golurk|0 fnt\n|faint|p2b: Golurk\n|-damage|p1a: Basculegion|70/100|[from] Recoil\n|cant|p1b: Talonflame|flinch\n|\n|upkeep\n|\n|t:|1776023462\n|switch|p2b: Rotom|Rotom-Wash, L50|100/100\n|turn|2\n|\n|t:|1776023480\n|move|p1a: Basculegion|Wave Crash|p2a: Sneasler\n|-damage|p2a: Sneasler|0 fnt\n|faint|p2a: Sneasler\n|-damage|p1a: Basculegion|43/100|[from] Recoil\n|move|p1b: Talonflame|Tailwind|p1b: Talonflame\n|-sidestart|p1: SunTufo|move: Tailwind\n|move|p2b: Rotom|Electroweb|p1b: Talonflame|[spread] p1a,p1b\n|-supereffective|p1a: Basculegion|1\n|-supereffective|p1b: Talonflame|1\n|-damage|p1a: Basculegion|0 fnt\n|-damage|p1b: Talonflame|9/100\n|-unboost|p1b: Talonflame|spe|1\n|faint|p1a: Basculegion\n|\n|upkeep\n|\n|t:|1776023495\n|switch|p2a: Tyranitar|Tyranitar, L50, F|100/100\n|switch|p1a: Archaludon|Archaludon, L50, F|100/100\n|-weather|Sandstorm|[from] ability: Sand Stream|[of] p2a: Tyranitar\n|turn|3\n|\n|t:|1776023513\n|move|p1b: Talonflame|Dual Wingbeat|p1a: Archaludon\n|-resisted|p1a: Archaludon|1\n|-damage|p1a: Archaludon|95/100\n|-ability|p1a: Archaludon|Stamina|boost\n|-boost|p1a: Archaludon|def|1\n|-resisted|p1a: Archaludon|1\n|-damage|p1a: Archaludon|92/100\n|-ability|p1a: Archaludon|Stamina|boost\n|-boost|p1a: Archaludon|def|1\n|-hitcount|p1a: Archaludon|2\n|move|p1a: Archaludon|Flash Cannon|p2a: Tyranitar\n|-supereffective|p2a: Tyranitar|1\n|-damage|p2a: Tyranitar|62/100\n|move|p2b: Rotom|Thunder Wave|p1a: Archaludon\n|-status|p1a: Archaludon|par\n|move|p2a: Tyranitar|Rock Slide|p1a: Archaludon|[spread] p1a,p1b\n|-resisted|p1a: Archaludon|1\n|-supereffective|p1b: Talonflame|2\n|-damage|p1a: Archaludon|87/100 par\n|-damage|p1b: Talonflame|0 fnt\n|-ability|p1a: Archaludon|Stamina|boost\n|-boost|p1a: Archaludon|def|1\n|faint|p1b: Talonflame\n|\n|-weather|Sandstorm|[upkeep]\n|-damage|p2b: Rotom|95/100|[from] Sandstorm\n|-heal|p2a: Tyranitar|68/100|[from] item: Leftovers\n|upkeep\n|\n|t:|1776023519\n|switch|p1b: Pelipper|Pelipper, L50, F|100/100\n|-weather|RainDance|[from] ability: Drizzle|[of] p1b: Pelipper\n|turn|4\n|inactive|pmsa20132 has 30 seconds left.\n|\n|t:|1776023550\n|move|p1b: Pelipper|Protect|p1b: Pelipper\n|-singleturn|p1b: Pelipper|Protect\n|move|p2b: Rotom|Electroweb|p1a: Archaludon|[spread] p1a\n|-activate|p1b: Pelipper|move: Protect\n|-resisted|p1a: Archaludon|1\n|-damage|p1a: Archaludon|76/100 par\n|-unboost|p1a: Archaludon|spe|1\n|-ability|p1a: Archaludon|Stamina|boost\n|-boost|p1a: Archaludon|def|1\n|move|p2a: Tyranitar|Rock Slide|p1a: Archaludon|[spread] p1a\n|-activate|p1b: Pelipper|move: Protect\n|-resisted|p1a: Archaludon|1\n|-damage|p1a: Archaludon|73/100 par\n|-ability|p1a: Archaludon|Stamina|boost\n|-boost|p1a: Archaludon|def|1\n|cant|p1a: Archaludon|par\n|\n|-weather|RainDance|[upkeep]\n|-heal|p2a: Tyranitar|73/100|[from] item: Leftovers\n|upkeep\n|turn|5\n|inactive|pmsa20132 has 30 seconds left.\n|\n|t:|1776023577\n|move|p1b: Pelipper|Weather Ball|p2a: Tyranitar\n|-supereffective|p2a: Tyranitar|1\n|-damage|p2a: Tyranitar|0 fnt\n|faint|p2a: Tyranitar\n|move|p2b: Rotom|Electroweb|p1b: Pelipper|[spread] p1a,p1b\n|-resisted|p1a: Archaludon|1\n|-supereffective|p1b: Pelipper|2\n|-damage|p1a: Archaludon|62/100 par\n|-enditem|p1b: Pelipper|Focus Sash\n|-damage|p1b: Pelipper|1/100\n|-unboost|p1a: Archaludon|spe|1\n|-unboost|p1b: Pelipper|spe|1\n|-ability|p1a: Archaludon|Stamina|boost\n|-boost|p1a: Archaludon|def|1\n|move|p1a: Archaludon|Electro Shot||[still]\n|-prepare|p1a: Archaludon|Electro Shot\n|-boost|p1a: Archaludon|spa|1\n|-anim|p1a: Archaludon|Electro Shot|p2b: Rotom\n|-damage|p2b: Rotom|14/100\n|-enditem|p2b: Rotom|Sitrus Berry|[eat]\n|-heal|p2b: Rotom|38/100|[from] item: Sitrus Berry\n|\n|-weather|RainDance|[upkeep]\n|-sideend|p1: SunTufo|move: Tailwind\n|upkeep\n|turn|6\n|inactive|pmsa20132 has 30 seconds left.\n|\n|t:|1776023607\n|move|p1b: Pelipper|Protect|p1b: Pelipper\n|-singleturn|p1b: Pelipper|Protect\n|move|p2b: Rotom|Electroweb|p1a: Archaludon|[spread] p1a\n|-activate|p1b: Pelipper|move: Protect\n|-resisted|p1a: Archaludon|1\n|-damage|p1a: Archaludon|53/100 par\n|-unboost|p1a: Archaludon|spe|1\n|move|p1a: Archaludon|Electro Shot||[still]\n|-prepare|p1a: Archaludon|Electro Shot\n|-boost|p1a: Archaludon|spa|1\n|-anim|p1a: Archaludon|Electro Shot|p2b: Rotom\n|-damage|p2b: Rotom|0 fnt\n|faint|p2b: Rotom\n|\n|win|SunTufo\n|raw|SunTufo's rating: 1193 &rarr; <strong>1214</strong><br />(+21 for winning)\n|raw|pmsa20132's rating: 1132 &rarr; <strong>1111</strong><br />(-21 for losing)\n",
  "uploadtime": 1776023607,
  "views": 15,
  "formatid": "gen9championsvgc2026regma",
  "rating": 1111,
  "private": 0,
  "password": null
}