{
  "id": "gen9championsvgc2026regma-2584718044",
  "format": "[Gen 9 Champions] VGC 2026 Reg M-A",
  "players": [
    "bolachoris3",
    "evagas"
  ],
  "log": "|j|\u2606bolachoris3\n|j|\u2606evagas\n|t:|1776278811\n|gametype|doubles\n|player|p1|bolachoris3|n|1093\n|player|p2|evagas|preschooler|1019\n|gen|9\n|tier|[Gen 9 Champions] VGC 2026 Reg M-A\n|rated|\n|rule|Species Clause: Limit one of each Pok\u00e9mon\n|rule|Item Clause: Limit 1 of each item\n|clearpoke\n|poke|p1|Scizor, L50, F|\n|poke|p1|Mimikyu, L50, F|\n|poke|p1|Drampa, L50, F|\n|poke|p1|Pelipper, L50, F|\n|poke|p1|Basculegion, L50, M|\n|poke|p1|Incineroar, L50, M|\n|poke|p2|Starmie, L50|\n|poke|p2|Sableye, L50, F|\n|poke|p2|Incineroar, L50, M|\n|poke|p2|Corviknight, L50, F|\n|poke|p2|Garchomp, L50, F|\n|poke|p2|Ampharos, L50, M|\n|teampreview|4\n|inactive|Battle timer is ON: inactive players will automatically lose when time's up. (requested by bolachoris3)\n|inactive|bolachoris3 has 30 seconds left.\n|\n|t:|1776278884\n|teamsize|p1|4\n|teamsize|p2|4\n|start\n|switch|p1a: Mimikyu|Mimikyu, L50, F|100/100\n|switch|p1b: Drampa|Drampa, L50, F|100/100\n|switch|p2a: Starmie|Starmie, L50, shiny|100/100\n|switch|p2b: Sableye|Sableye, L50, F|100/100\n|-ability|p1b: Drampa|Cloud Nine\n|turn|1\n|inactive|bolachoris3 has 30 seconds left.\n|\n|t:|1776278909\n|detailschange|p2a: Starmie|Starmie-Mega, L50, shiny\n|-mega|p2a: Starmie|Starmie|Starminite\n|detailschange|p1b: Drampa|Drampa-Mega, L50, F\n|-mega|p1b: Drampa|Drampa|Drampanite\n|move|p2b: Sableye|Fake Out|p1b: Drampa\n|-damage|p1b: Drampa|93/100\n|move|p2a: Starmie|Liquidation|p1a: Mimikyu\n|-activate|p1a: Mimikyu|ability: Disguise\n|-damage|p1a: Mimikyu|100/100\n|-unboost|p1a: Mimikyu|def|1\n|detailschange|p1a: Mimikyu|Mimikyu-Busted, L50, F\n|-damage|p1a: Mimikyu|88/100|[from] pokemon: Mimikyu-Busted\n|cant|p1b: Drampa|flinch\n|move|p1a: Mimikyu|Trick Room|p1a: Mimikyu\n|-fieldstart|move: Trick Room|[of] p1a: Mimikyu\n|\n|upkeep\n|turn|2\n|inactive|bolachoris3 has 30 seconds left.\n|\n|t:|1776278944\n|move|p2a: Starmie|Protect|p2a: Starmie\n|-singleturn|p2a: Starmie|Protect\n|move|p1b: Drampa|Calm Mind|p1b: Drampa\n|-boost|p1b: Drampa|spa|1\n|-boost|p1b: Drampa|spd|1\n|move|p2b: Sableye|Knock Off|p1a: Mimikyu\n|-damage|p1a: Mimikyu|34/100\n|-enditem|p1a: Mimikyu|Quick Claw|[from] move: Knock Off|[of] p2b: Sableye\n|move|p1a: Mimikyu|Play Rough|p2b: Sableye\n|-supereffective|p2b: Sableye|1\n|-damage|p2b: Sableye|11/100\n|\n|upkeep\n|turn|3\n|inactive|bolachoris3 has 30 seconds left.\n|\n|t:|1776278972\n|switch|p1b: Incineroar|Incineroar, L50, M|100/100\n|-ability|p1b: Incineroar|Intimidate|boost\n|-unboost|p2a: Starmie|atk|1\n|-unboost|p2b: Sableye|atk|1\n|switch|p2a: Ampharos|Ampharos, L50, M|100/100\n|move|p1a: Mimikyu|Protect|p1a: Mimikyu\n|-singleturn|p1a: Mimikyu|Protect\n|move|p2b: Sableye|Knock Off|p1a: Mimikyu\n|-activate|p1a: Mimikyu|move: Protect\n|\n|upkeep\n|turn|4\n|\n|t:|1776278986\n|switch|p2b: Corviknight|Corviknight, L50, F|100/100\n|-ability|p2b: Corviknight|Unnerve\n|move|p1b: Incineroar|Fake Out|p2a: Ampharos\n|-damage|p2a: Ampharos|87/100\n|cant|p2a: Ampharos|flinch\n|move|p1a: Mimikyu|Play Rough|p2b: Corviknight\n|-resisted|p2b: Corviknight|1\n|-damage|p2b: Corviknight|87/100\n|\n|upkeep\n|turn|5\n|\n|t:|1776278998\n|switch|p1a: Scizor|Scizor, L50, F|100/100\n|move|p2a: Ampharos|Volt Switch|p1a: Scizor\n|-damage|p1a: Scizor|48/100\n|inactive|evagas has 30 seconds left.\n|\n|t:|1776279024\n|switch|p2a: Starmie|Starmie-Mega, L50, shiny|100/100|[from] Volt Switch\n|move|p1b: Incineroar|Flare Blitz|p2b: Corviknight\n|-supereffective|p2b: Corviknight|1\n|-damage|p2b: Corviknight|0 fnt\n|faint|p2b: Corviknight\n|-damage|p1b: Incineroar|66/100|[from] Recoil\n|\n|-fieldend|move: Trick Room\n|upkeep\n|\n|t:|1776279031\n|switch|p2b: Sableye|Sableye, L50, F|11/100\n|turn|6\n|\n|t:|1776279041\n|move|p2b: Sableye|Fake Out|p1a: Scizor\n|-resisted|p1a: Scizor|1\n|-damage|p1a: Scizor|43/100\n|cant|p1a: Scizor|flinch\n|move|p2a: Starmie|Liquidation|p1b: Incineroar\n|-supereffective|p1b: Incineroar|1\n|-damage|p1b: Incineroar|0 fnt\n|faint|p1b: Incineroar\n|\n|upkeep\n|\n|t:|1776279050\n|switch|p1b: Mimikyu|Mimikyu-Busted, L50, F|34/100\n|turn|7\n|\n|t:|1776279060\n|move|p1a: Scizor|Bullet Punch|p2b: Sableye\n|-damage|p2b: Sableye|0 fnt\n|faint|p2b: Sableye\n|move|p2a: Starmie|Liquidation|p1b: Mimikyu\n|-damage|p1b: Mimikyu|0 fnt\n|faint|p1b: Mimikyu\n|\n|upkeep\n|\n|t:|1776279064\n|switch|p1b: Drampa|Drampa-Mega, L50, F|93/100\n|switch|p2b: Ampharos|Ampharos, L50, M|87/100\n|turn|8\n|\n|t:|1776279075\n|move|p1a: Scizor|Protect|p1a: Scizor\n|-singleturn|p1a: Scizor|Protect\n|move|p2a: Starmie|Liquidation|p1a: Scizor\n|-activate|p1a: Scizor|move: Protect\n|move|p2b: Ampharos|Dazzling Gleam|p1b: Drampa|[spread] p1b\n|-activate|p1a: Scizor|move: Protect\n|-supereffective|p1b: Drampa|1\n|-damage|p1b: Drampa|54/100\n|move|p1b: Drampa|Calm Mind|p1b: Drampa\n|-boost|p1b: Drampa|spa|1\n|-boost|p1b: Drampa|spd|1\n|\n|upkeep\n|turn|9\n|inactive|bolachoris3 has 30 seconds left.\n|inactive|evagas has 30 seconds left.\n|\n|t:|1776279108\n|move|p1a: Scizor|Bullet Punch|p2b: Ampharos\n|-resisted|p2b: Ampharos|1\n|-damage|p2b: Ampharos|70/100\n|move|p2a: Starmie|Liquidation|p1b: Drampa\n|-resisted|p1b: Drampa|1\n|-damage|p1b: Drampa|21/100\n|-ability|p1b: Drampa|Berserk|boost\n|-boost|p1b: Drampa|spa|1\n|move|p2b: Ampharos|Thunderbolt|p1a: Scizor\n|-damage|p1a: Scizor|0 fnt\n|faint|p1a: Scizor\n|move|p1b: Drampa|Hyper Voice|p2a: Starmie|[spread] p2a,p2b\n|-damage|p2a: Starmie|0 fnt\n|-damage|p2b: Ampharos|0 fnt\n|faint|p2a: Starmie\n|faint|p2b: Ampharos\n|\n|win|bolachoris3\n|raw|bolachoris3's rating: 1093 &rarr; <strong>1114</strong><br />(+21 for winning)\n|raw|evagas's rating: 1019 &rarr; <strong>1009</strong><br />(-10 for losing)\n|l|\u2606evagas\n|player|p2|\n",
  "uploadtime": 1776279130,
  "views": 25,
  "formatid": "gen9championsvgc2026regma",
  "rating": 1009,
  "private": 0,
  "password": null
}