{
  "id": "gen9championsvgc2026regma-2583217217",
  "format": "[Gen 9 Champions] VGC 2026 Reg M-A",
  "players": [
    "k3ksmann",
    "AlmondsVGC"
  ],
  "log": "|j|\u2606k3ksmann\n|j|\u2606AlmondsVGC\n|html|<table width=\"100%\"><tr><td align=\"left\">k3ksmann</td><td align=\"right\">AlmondsVGC</tr><tr><td align=\"left\"><i class=\"fa fa-circle-o\"></i> <i class=\"fa fa-circle-o\"></i> </td><td align=\"right\"><i class=\"fa fa-circle-o\"></i> <i class=\"fa fa-circle-o\"></i> </tr></table>\n|uhtml|bestof|<h2><strong>Game 1</strong> of <a href=\"/game-bestof3-gen9championsvgc2026regma-2583217216\">a best-of-3</a></h2>\n|t:|1776155892\n|gametype|doubles\n|player|p1|k3ksmann|whitney|\n|player|p2|AlmondsVGC|1|\n|gen|9\n|tier|[Gen 9 Champions] VGC 2026 Reg M-A\n|rule|Species Clause: Limit one of each Pok\u00e9mon\n|rule|Item Clause: Limit 1 of each item\n|raw|<div class=\"infobox\"><details class=\"readmore\" open><summary><strong>1 custom rule:</strong></summary> Best of = 3</details></div>\n|clearpoke\n|poke|p1|Delphox, L50, M|\n|poke|p1|Tinkaton, L50, F|\n|poke|p1|Araquanid, L50, F|\n|poke|p1|Garchomp, L50, M|\n|poke|p1|Aerodactyl, L50, F|\n|poke|p1|Pangoro, L50, F|\n|poke|p2|Gengar, L50, F|\n|poke|p2|Hydreigon, L50, F|\n|poke|p2|Primarina, L50, F|\n|poke|p2|Incineroar, L50, M|\n|poke|p2|Snorlax, L50, M|\n|poke|p2|Farigiraf, L50, F|\n|teampreview|4\nk3ksmann rejected open team sheets.\n|c|\u2606k3ksmann|glhf\n|c|\u2606AlmondsVGC|glhf\n|\n|t:|1776155946\n|teamsize|p1|4\n|teamsize|p2|4\n|start\n|switch|p1a: Aerodactyl|Aerodactyl, L50, F|100/100\n|switch|p1b: Garchomp|Garchomp, L50, M|100/100\n|switch|p2a: Incineroar|Incineroar, L50, M|100/100\n|switch|p2b: Primarina|Primarina, L50, F|100/100\n|-ability|p1a: Aerodactyl|Unnerve\n|-ability|p2a: Incineroar|Intimidate|boost\n|-unboost|p1a: Aerodactyl|atk|1\n|-unboost|p1b: Garchomp|atk|1\n|-enditem|p1b: Garchomp|White Herb\n|-clearnegativeboost|p1b: Garchomp|[silent]\n|turn|1\n|\n|t:|1776155983\n|move|p1a: Aerodactyl|Wide Guard|p1a: Aerodactyl\n|-singleturn|p1a: Aerodactyl|Wide Guard\n|move|p2a: Incineroar|Fake Out|p1b: Garchomp\n|-damage|p1b: Garchomp|88/100\n|-damage|p2a: Incineroar|88/100|[from] ability: Rough Skin|[of] p1b: Garchomp\n|cant|p1b: Garchomp|flinch\n|move|p2b: Primarina|Calm Mind|p2b: Primarina\n|-boost|p2b: Primarina|spa|1\n|-boost|p2b: Primarina|spd|1\n|\n|upkeep\n|turn|2\n|\n|t:|1776156003\n|switch|p2a: Hydreigon|Hydreigon, L50, F|100/100\n|move|p1a: Aerodactyl|Rock Slide|p2b: Primarina|[spread] p2a\n|-miss|p1a: Aerodactyl|p2b: Primarina\n|-damage|p2a: Hydreigon|79/100\n|move|p1b: Garchomp|Earthquake|p2a: Hydreigon|[spread] p2b\n|-immune|p1a: Aerodactyl\n|-immune|p2a: Hydreigon|[from] ability: Levitate\n|-damage|p2b: Primarina|53/100\n|move|p2b: Primarina|Moonblast|p1b: Garchomp\n|-supereffective|p1b: Garchomp|1\n|-damage|p1b: Garchomp|0 fnt\n|faint|p1b: Garchomp\n|\n|upkeep\n|\n|t:|1776156020\n|switch|p1b: Araquanid|Araquanid, L50, F|100/100\n|turn|3\n|\n|t:|1776156041\n|switch|p2a: Incineroar|Incineroar, L50, M|88/100\n|-ability|p2a: Incineroar|Intimidate|boost\n|-unboost|p1a: Aerodactyl|atk|1\n|-unboost|p1b: Araquanid|atk|1\n|move|p1a: Aerodactyl|Stone Edge|p2b: Primarina\n|-damage|p2b: Primarina|28/100\n|move|p2b: Primarina|Moonblast|p1b: Araquanid\n|-damage|p1b: Araquanid|42/100\n|move|p1b: Araquanid|Lunge|p2a: Incineroar\n|-damage|p2a: Incineroar|73/100\n|-unboost|p2a: Incineroar|atk|1\n|\n|upkeep\n|turn|4\n|\n|t:|1776156072\n|switch|p2a: Hydreigon|Hydreigon, L50, F|79/100\n|switch|p1b: Tinkaton|Tinkaton, L50, F|100/100\n|-ability|p1b: Tinkaton|Mold Breaker\n|move|p1a: Aerodactyl|Rock Slide|p2b: Primarina|[spread] p2a,p2b\n|-damage|p2a: Hydreigon|63/100\n|-damage|p2b: Primarina|11/100\n|move|p2b: Primarina|Moonblast|p1b: Tinkaton\n|-resisted|p1b: Tinkaton|1\n|-damage|p1b: Tinkaton|62/100\n|\n|upkeep\n|turn|5\n|\n|t:|1776156100\n|switch|p2a: Incineroar|Incineroar, L50, M|73/100\n|-ability|p2a: Incineroar|Intimidate|boost\n|-unboost|p1a: Aerodactyl|atk|1\n|-unboost|p1b: Tinkaton|atk|1\n|move|p2b: Primarina|Protect|p2b: Primarina\n|-singleturn|p2b: Primarina|Protect\n|move|p1a: Aerodactyl|Rock Slide|p2b: Primarina|[spread] p2a\n|-activate|p2b: Primarina|move: Protect\n|-supereffective|p2a: Incineroar|1\n|-damage|p2a: Incineroar|60/100\n|move|p1b: Tinkaton|Play Rough|p2a: Incineroar\n|-damage|p2a: Incineroar|43/100\n|-unboost|p2a: Incineroar|atk|1\n|\n|upkeep\n|turn|6\n|\n|t:|1776156128\n|switch|p1a: Araquanid|Araquanid, L50, F|42/100\n|move|p2a: Incineroar|Fake Out|p1a: Araquanid\n|-damage|p1a: Araquanid|34/100\n|move|p1b: Tinkaton|Play Rough|p2b: Primarina\n|-damage|p2b: Primarina|0 fnt\n|faint|p2b: Primarina\n|\n|upkeep\n|\n|t:|1776156146\n|switch|p2b: Gengar|Gengar, L50, F|100/100\n|turn|7\n|\n|t:|1776156171\n|detailschange|p2b: Gengar|Gengar-Mega, L50, F\n|-mega|p2b: Gengar|Gengar|Gengarite\n|move|p2b: Gengar|Shadow Ball|p1a: Araquanid\n|-damage|p1a: Araquanid|0 fnt\n|faint|p1a: Araquanid\n|move|p1b: Tinkaton|Gigaton Hammer|p2b: Gengar\n|-damage|p2b: Gengar|29/100\n|move|p2a: Incineroar|Parting Shot|p1b: Tinkaton\n|-unboost|p1b: Tinkaton|atk|1\n|-unboost|p1b: Tinkaton|spa|1\n|\n|t:|1776156180\n|switch|p2a: Hydreigon|Hydreigon, L50, F|63/100|[from] Parting Shot\n|\n|upkeep\n|\n|t:|1776156182\n|switch|p1a: Aerodactyl|Aerodactyl, L50, F|100/100\n|-ability|p1a: Aerodactyl|Unnerve\n|turn|8\n|\n|t:|1776156195\n|move|p2a: Hydreigon|Head Smash|p1a: Aerodactyl\n|-supereffective|p1a: Aerodactyl|1\n|-enditem|p1a: Aerodactyl|Focus Sash\n|-damage|p1a: Aerodactyl|1/100\n|-damage|p2a: Hydreigon|16/100|[from] Recoil\n|move|p1a: Aerodactyl|Tailwind|p1a: Aerodactyl\n|-sidestart|p1: k3ksmann|move: Tailwind\n|move|p1b: Tinkaton|Play Rough|p2a: Hydreigon\n|-supereffective|p2a: Hydreigon|2\n|-damage|p2a: Hydreigon|0 fnt\n|faint|p2a: Hydreigon\n|move|p2b: Gengar|Destiny Bond|p2b: Gengar\n|-singlemove|p2b: Gengar|Destiny Bond\n|\n|upkeep\n|\n|t:|1776156199\n|switch|p2a: Incineroar|Incineroar, L50, M|43/100\n|-ability|p2a: Incineroar|Intimidate|boost\n|-unboost|p1a: Aerodactyl|atk|1\n|-unboost|p1b: Tinkaton|atk|1\n|turn|9\n|\n|t:|1776156223\n|move|p2a: Incineroar|Fake Out|p1a: Aerodactyl\n|-resisted|p1a: Aerodactyl|1\n|-damage|p1a: Aerodactyl|0 fnt\n|faint|p1a: Aerodactyl\n|move|p1b: Tinkaton|Gigaton Hammer|p2b: Gengar\n|-damage|p2b: Gengar|0 fnt\n|faint|p2b: Gengar\n|-activate|p2b: Gengar|move: Destiny Bond\n|faint|p1b: Tinkaton\n|\n|win|AlmondsVGC\n||k3ksmann is ready for game 2.\n|inactive|AlmondsVGC has 30 seconds to confirm battle start!\n||AlmondsVGC is ready for game 2.\n|uhtml|next|Next: <a href=\"/battle-gen9championsvgc2026regma-2583220384\"><strong>Game 2 of 3</strong></a>\n",
  "uploadtime": 1776156461,
  "views": 59,
  "formatid": "gen9championsvgc2026regma",
  "rating": null,
  "private": 0,
  "password": null
}