{
  "id": "gen9championsvgc2026regma-2584869903",
  "format": "[Gen 9 Champions] VGC 2026 Reg M-A",
  "players": [
    "0TX - Zenith",
    "TiccingTimeBomb"
  ],
  "log": "|j|\u26060TX - Zenith\n|j|\u2606TiccingTimeBomb\n|t:|1776290172\n|gametype|doubles\n|player|p1|0TX - Zenith|gambler|1172\n|player|p2|TiccingTimeBomb|102|1193\n|gen|9\n|tier|[Gen 9 Champions] VGC 2026 Reg M-A\n|rated|\n|rule|Species Clause: Limit one of each Pok\u00e9mon\n|rule|Item Clause: Limit 1 of each item\n|clearpoke\n|poke|p1|Aerodactyl, L50, F|\n|poke|p1|Rotom-Wash, L50|\n|poke|p1|Volcarona, L50, F|\n|poke|p1|Kangaskhan, L50, F|\n|poke|p1|Garchomp, L50, M|\n|poke|p1|Aegislash, L50, F|\n|poke|p2|Gengar, L50, M|\n|poke|p2|Incineroar, L50, F|\n|poke|p2|Sinistcha, L50|\n|poke|p2|Tyranitar, L50, M|\n|poke|p2|Kommo-o, L50, F|\n|poke|p2|Kingambit, L50, M|\n|teampreview|4\n|inactive|Battle timer is ON: inactive players will automatically lose when time's up. (requested by TiccingTimeBomb)\n0TX - Zenith rejected open team sheets.\n|\n|t:|1776290198\n|teamsize|p1|4\n|teamsize|p2|4\n|start\n|switch|p1a: Aerodactyl|Aerodactyl, L50, F|100/100\n|switch|p1b: Garchomp|Garchomp, L50, M|100/100\n|switch|p2a: Gengar|Gengar, L50, M|100/100\n|switch|p2b: Incineroar|Incineroar, L50, F|100/100\n|-ability|p1a: Aerodactyl|Unnerve\n|-ability|p2b: Incineroar|Intimidate|boost\n|-unboost|p1a: Aerodactyl|atk|1\n|-unboost|p1b: Garchomp|atk|1\n|-enditem|p1b: Garchomp|White Herb\n|-clearnegativeboost|p1b: Garchomp|[silent]\n|turn|1\n|\n|t:|1776290213\n|detailschange|p2a: Gengar|Gengar-Mega, L50, M\n|-mega|p2a: Gengar|Gengar|Gengarite\n|move|p2b: Incineroar|Fake Out|p1b: Garchomp\n|-crit|p1b: Garchomp\n|-damage|p1b: Garchomp|85/100\n|move|p1a: Aerodactyl|Tailwind|p1a: Aerodactyl\n|-sidestart|p1: 0TX - Zenith|move: Tailwind\n|cant|p1b: Garchomp|flinch\n|move|p2a: Gengar|Perish Song|p2a: Gengar\n|-start|p1a: Aerodactyl|perish3|[silent]\n|-start|p1b: Garchomp|perish3|[silent]\n|-start|p2a: Gengar|perish3|[silent]\n|-start|p2b: Incineroar|perish3|[silent]\n|-fieldactivate|move: Perish Song\n|\n|-start|p1a: Aerodactyl|perish3\n|-start|p1b: Garchomp|perish3\n|-start|p2a: Gengar|perish3\n|-start|p2b: Incineroar|perish3\n|upkeep\n|turn|2\n|\n|t:|1776290229\n|move|p2a: Gengar|Protect|p2a: Gengar\n|-singleturn|p2a: Gengar|Protect\n|move|p2b: Incineroar|Protect|p2b: Incineroar\n|-singleturn|p2b: Incineroar|Protect\n|move|p1a: Aerodactyl|Rock Slide|p2a: Gengar|[spread] \n|-activate|p2a: Gengar|move: Protect\n|-activate|p2b: Incineroar|move: Protect\n|move|p1b: Garchomp|Earthquake|p2a: Gengar|[spread] \n|-activate|p2a: Gengar|move: Protect\n|-activate|p2b: Incineroar|move: Protect\n|-immune|p1a: Aerodactyl\n|\n|-start|p1a: Aerodactyl|perish2\n|-start|p1b: Garchomp|perish2\n|-start|p2a: Gengar|perish2\n|-start|p2b: Incineroar|perish2\n|upkeep\n|turn|3\n|\n|t:|1776290247\n|switch|p2a: Sinistcha|Sinistcha, L50|100/100\n|move|p1a: Aerodactyl|Rock Slide|p2a: Sinistcha|[spread] p2a,p2b\n|-supereffective|p2b: Incineroar|1\n|-damage|p2a: Sinistcha|86/100\n|-damage|p2b: Incineroar|68/100\n|move|p1b: Garchomp|Earthquake|p2b: Incineroar|[spread] p2a,p2b\n|-immune|p1a: Aerodactyl\n|-resisted|p2a: Sinistcha|1\n|-supereffective|p2b: Incineroar|1\n|-damage|p2a: Sinistcha|71/100\n|-damage|p2b: Incineroar|0 fnt\n|faint|p2b: Incineroar\n|\n|-start|p1a: Aerodactyl|perish1\n|-start|p1b: Garchomp|perish1\n|upkeep\n|\n|t:|1776290257\n|switch|p2b: Gengar|Gengar-Mega, L50, M|100/100\n|turn|4\n|\n|t:|1776290280\n|move|p2b: Gengar|Protect|p2b: Gengar\n|-singleturn|p2b: Gengar|Protect\n|move|p2a: Sinistcha|Protect|p2a: Sinistcha\n|-singleturn|p2a: Sinistcha|Protect\n|move|p1a: Aerodactyl|Dual Wingbeat|p2a: Sinistcha\n|-activate|p2a: Sinistcha|move: Protect\n|move|p1b: Garchomp|Earthquake|p2b: Gengar|[spread] \n|-activate|p2a: Sinistcha|move: Protect\n|-activate|p2b: Gengar|move: Protect\n|-immune|p1a: Aerodactyl\n|\n|-start|p1a: Aerodactyl|perish0\n|-start|p1b: Garchomp|perish0\n|-sideend|p1: 0TX - Zenith|move: Tailwind\n|faint|p1a: Aerodactyl\n|faint|p1b: Garchomp\n|upkeep\n|\n|t:|1776290287\n|switch|p1a: Kangaskhan|Kangaskhan, L50, F|100/100\n|switch|p1b: Volcarona|Volcarona, L50, F|100/100\n|turn|5\n|\n|t:|1776290297\n|move|p1a: Kangaskhan|Fake Out|p2b: Gengar\n|-damage|p2b: Gengar|81/100\n|move|p2a: Sinistcha|Rage Powder|p2a: Sinistcha\n|-singleturn|p2a: Sinistcha|move: Rage Powder\n|cant|p2b: Gengar|flinch\n|move|p1b: Volcarona|Heat Wave|p2b: Gengar|[spread] p2a,p2b\n|-supereffective|p2a: Sinistcha|1\n|-damage|p2a: Sinistcha|10/100\n|-damage|p2b: Gengar|45/100\n|-enditem|p2a: Sinistcha|Sitrus Berry|[eat]\n|-heal|p2a: Sinistcha|35/100|[from] item: Sitrus Berry\n|\n|upkeep\n|turn|6\n|inactive|0TX - Zenith has 30 seconds left.\n|inactive|0TX - Zenith has 20 seconds left.\n|\n|t:|1776290336\n|move|p2b: Gengar|Protect|p2b: Gengar\n|-singleturn|p2b: Gengar|Protect\n|move|p1a: Kangaskhan|Double-Edge|p2b: Gengar\n|-activate|p2b: Gengar|move: Protect\n|move|p1b: Volcarona|Heat Wave|p2a: Sinistcha|[spread] p2a\n|-activate|p2b: Gengar|move: Protect\n|-supereffective|p2a: Sinistcha|1\n|-damage|p2a: Sinistcha|0 fnt\n|faint|p2a: Sinistcha\n|\n|upkeep\n|\n|t:|1776290344\n|switch|p2a: Tyranitar|Tyranitar, L50, M|100/100\n|-weather|Sandstorm|[from] ability: Sand Stream|[of] p2a: Tyranitar\n|turn|7\n|\n|t:|1776290369\n|detailschange|p1a: Kangaskhan|Kangaskhan-Mega, L50, F\n|-mega|p1a: Kangaskhan|Kangaskhan|Kangaskhanite\n|move|p2b: Gengar|Shadow Ball|p1b: Volcarona\n|-damage|p1b: Volcarona|61/100\n|move|p2a: Tyranitar|Low Kick|p1a: Kangaskhan\n|-supereffective|p1a: Kangaskhan|1\n|-damage|p1a: Kangaskhan|32/100\n|move|p1a: Kangaskhan|Drain Punch|p2a: Tyranitar\n|-supereffective|p2a: Tyranitar|2\n|-damage|p2a: Tyranitar|0 fnt\n|-heal|p1a: Kangaskhan|81/100|[from] drain|[of] p2a: Tyranitar\n|faint|p2a: Tyranitar\n|-hitcount|p2: Tyranitar|1\n|move|p1b: Volcarona|Heat Wave|p2b: Gengar\n|-damage|p2b: Gengar|0 fnt\n|faint|p2b: Gengar\n|\n|win|0TX - Zenith\n|raw|0TX - Zenith's rating: 1172 &rarr; <strong>1199</strong><br />(+27 for winning)\n|raw|TiccingTimeBomb's rating: 1193 &rarr; <strong>1166</strong><br />(-27 for losing)\n|l|\u2606TiccingTimeBomb\n|player|p2|\n",
  "uploadtime": 1776290390,
  "views": 23,
  "formatid": "gen9championsvgc2026regma",
  "rating": 1166,
  "private": 0,
  "password": null
}