{
  "id": "gen9championsvgc2026regma-2585998445",
  "format": "[Gen 9 Champions] VGC 2026 Reg M-A",
  "players": [
    "SirNeru",
    "Blacksrcool"
  ],
  "log": "|j|\u2606SirNeru\n|j|\u2606Blacksrcool\n|t:|1776388855\n|gametype|doubles\n|player|p1|SirNeru|265|1165\n|player|p2|Blacksrcool|170|1102\n|gen|9\n|tier|[Gen 9 Champions] VGC 2026 Reg M-A\n|rated|\n|rule|Species Clause: Limit one of each Pok\u00e9mon\n|rule|Item Clause: Limit 1 of each item\n|clearpoke\n|poke|p1|Beedrill, L50, M|\n|poke|p1|Whimsicott, L50, M|\n|poke|p1|Incineroar, L50, F|\n|poke|p1|Medicham, L50, F|\n|poke|p1|Sinistcha, L50|\n|poke|p1|Weavile, L50, M|\n|poke|p2|Tyranitar, L50, M|\n|poke|p2|Excadrill, L50, M|\n|poke|p2|Steelix, L50, M|\n|poke|p2|Incineroar, L50, F|\n|poke|p2|Blastoise, L50, F|\n|poke|p2|Sinistcha, L50|\n|teampreview|4\n|\n|t:|1776388890\n|teamsize|p1|4\n|teamsize|p2|4\n|start\n|switch|p1a: Sinistcha|Sinistcha, L50|100/100\n|switch|p1b: Incineroar|Incineroar, L50, F|100/100\n|switch|p2a: Incineroar|Incineroar, L50, F|100/100\n|switch|p2b: Sinistcha|Sinistcha, L50|100/100\n|-ability|p1b: Incineroar|Intimidate|boost\n|-unboost|p2a: Incineroar|atk|1\n|-unboost|p2b: Sinistcha|atk|1\n|-ability|p2a: Incineroar|Intimidate|boost\n|-unboost|p1a: Sinistcha|atk|1\n|-unboost|p1b: Incineroar|atk|1\n|turn|1\n|c|\u2606Blacksrcool|wow\n|c|\u2606Blacksrcool|lmao\n|\n|t:|1776388906\n|move|p2a: Incineroar|Fake Out|p1b: Incineroar\n|-damage|p1b: Incineroar|93/100\n|cant|p1b: Incineroar|flinch\n|move|p1a: Sinistcha|Imprison|p1a: Sinistcha\n|-start|p1a: Sinistcha|move: Imprison\n|cant|p2b: Sinistcha|move: Imprison|Trick Room\n|\n|upkeep\n|turn|2\n|\n|t:|1776388931\n|move|p1a: Sinistcha|Protect|p1a: Sinistcha\n|-singleturn|p1a: Sinistcha|Protect\n|move|p2b: Sinistcha|Rage Powder|p2b: Sinistcha\n|-singleturn|p2b: Sinistcha|move: Rage Powder\n|move|p1b: Incineroar|Flare Blitz|p2b: Sinistcha\n|-supereffective|p2b: Sinistcha|1\n|-enditem|p2b: Sinistcha|Occa Berry|[eat]\n|-enditem|p2b: Sinistcha|Occa Berry|[weaken]\n|-damage|p2b: Sinistcha|67/100\n|-damage|p1b: Incineroar|83/100|[from] Recoil\n|move|p2a: Incineroar|Darkest Lariat|p1a: Sinistcha\n|-activate|p1a: Sinistcha|move: Protect\n|\n|upkeep\n|turn|3\n|c|\u2606SirNeru|I kept losing to TR so firgured this was the next best option lol\n|\n|t:|1776388982\n|switch|p2b: Tyranitar|Tyranitar, L50, M|100/100\n|-weather|Sandstorm|[from] ability: Sand Stream|[of] p2b: Tyranitar\n|switch|p1a: Whimsicott|Whimsicott, L50, M, shiny|100/100\n|move|p1b: Incineroar|Flare Blitz|p2b: Tyranitar\n|-resisted|p2b: Tyranitar|1\n|-damage|p2b: Tyranitar|80/100\n|-damage|p1b: Incineroar|77/100|[from] Recoil\n|move|p2a: Incineroar|Parting Shot|p1b: Incineroar\n|-unboost|p1b: Incineroar|atk|1\n|-unboost|p1b: Incineroar|spa|1\n|\n|t:|1776388994\n|switch|p2a: Sinistcha|Sinistcha, L50|67/100|[from] Parting Shot\n|-heal|p2b: Tyranitar|100/100|[from] ability: Hospitality|[of] p2a: Sinistcha\n|\n|-weather|Sandstorm|[upkeep]\n|-damage|p1a: Whimsicott|95/100|[from] Sandstorm\n|-damage|p2a: Sinistcha|60/100|[from] Sandstorm\n|-damage|p1b: Incineroar|71/100|[from] Sandstorm\n|upkeep\n|turn|4\n|\n|t:|1776389003\n|move|p1a: Whimsicott|Tailwind|p1a: Whimsicott\n|-sidestart|p1: SirNeru|move: Tailwind\n|move|p1b: Incineroar|Flare Blitz|p2a: Sinistcha\n|-supereffective|p2a: Sinistcha|1\n|-damage|p2a: Sinistcha|8/100\n|-damage|p1b: Incineroar|56/100|[from] Recoil\n|move|p2b: Tyranitar|Rock Slide|p1a: Whimsicott|[spread] p1a,p1b\n|-crit|p1a: Whimsicott\n|-supereffective|p1b: Incineroar|1\n|-damage|p1a: Whimsicott|27/100\n|-damage|p1b: Incineroar|0 fnt\n|faint|p1b: Incineroar\n|move|p2a: Sinistcha|Trick Room|p2a: Sinistcha\n|-fieldstart|move: Trick Room|[of] p2a: Sinistcha\n|\n|-weather|Sandstorm|[upkeep]\n|-damage|p2a: Sinistcha|2/100|[from] Sandstorm\n|-damage|p1a: Whimsicott|21/100|[from] Sandstorm\n|upkeep\n|\n|t:|1776389015\n|switch|p1b: Medicham|Medicham, L50, F, shiny|100/100\n|turn|5\n|inactive|Battle timer is ON: inactive players will automatically lose when time's up. (requested by SirNeru)\n|\n|t:|1776389032\n|move|p2b: Tyranitar|Protect|p2b: Tyranitar\n|-singleturn|p2b: Tyranitar|Protect\n|move|p1b: Medicham|Protect|p1b: Medicham\n|-singleturn|p1b: Medicham|Protect\n|move|p1a: Whimsicott|Encore|p2a: Sinistcha\n|-start|p2a: Sinistcha|Encore\n|move|p2a: Sinistcha|Trick Room|p2a: Sinistcha\n|-fieldend|move: Trick Room\n|\n|-weather|Sandstorm|[upkeep]\n|-damage|p1a: Whimsicott|15/100|[from] Sandstorm\n|-damage|p1b: Medicham|95/100|[from] Sandstorm\n|-damage|p2a: Sinistcha|0 fnt|[from] Sandstorm\n|faint|p2a: Sinistcha\n|upkeep\n|\n|t:|1776389043\n|switch|p2a: Incineroar|Incineroar, L50, F|100/100\n|-ability|p2a: Incineroar|Intimidate|boost\n|-unboost|p1a: Whimsicott|atk|1\n|-unboost|p1b: Medicham|atk|1\n|turn|6\n|\n|t:|1776389058\n|switch|p1b: Sinistcha|Sinistcha, L50|100/100\n|-heal|p1a: Whimsicott|40/100|[from] ability: Hospitality|[of] p1b: Sinistcha\n|move|p2a: Incineroar|Fake Out|p1b: Sinistcha\n|-immune|p1b: Sinistcha\n|move|p1a: Whimsicott|Moonblast|p2b: Tyranitar\n|-supereffective|p2b: Tyranitar|1\n|-damage|p2b: Tyranitar|60/100\n|move|p2b: Tyranitar|Rock Slide|p1a: Whimsicott|[spread] p1a\n|-miss|p2b: Tyranitar|p1b: Sinistcha\n|-damage|p1a: Whimsicott|0 fnt\n|faint|p1a: Whimsicott\n|\n|-weather|Sandstorm|[upkeep]\n|-damage|p1b: Sinistcha|95/100|[from] Sandstorm\n|-damage|p2a: Incineroar|94/100|[from] Sandstorm\n|-heal|p2a: Incineroar|100/100|[from] item: Leftovers\n|upkeep\n|\n|t:|1776389060\n|switch|p1a: Medicham|Medicham, L50, F, shiny|95/100\n|turn|7\n|\n|t:|1776389084\n|detailschange|p1a: Medicham|Medicham-Mega, L50, F, shiny\n|-mega|p1a: Medicham|Medicham|Medichamite\n|move|p2b: Tyranitar|Protect|p2b: Tyranitar\n|-singleturn|p2b: Tyranitar|Protect\n|move|p1a: Medicham|Close Combat|p2a: Incineroar\n|-supereffective|p2a: Incineroar|1\n|-damage|p2a: Incineroar|0 fnt\n|-unboost|p1a: Medicham|def|1\n|-unboost|p1a: Medicham|spd|1\n|faint|p2a: Incineroar\n|move|p1b: Sinistcha|Matcha Gotcha|p2b: Tyranitar\n|-activate|p2b: Tyranitar|move: Protect\n|\n|-weather|none\n|-sideend|p1: SirNeru|move: Tailwind\n|upkeep\n|\n|t:|1776389095\n|switch|p2a: Steelix|Steelix, L50, M|100/100\n|turn|8\n|\n|t:|1776389116\n|detailschange|p2b: Tyranitar|Tyranitar-Mega, L50, M\n|-mega|p2b: Tyranitar|Tyranitar|Tyranitarite\n|-weather|Sandstorm|[from] ability: Sand Stream|[of] p2b: Tyranitar\n|move|p1a: Medicham|Close Combat|p2a: Steelix\n|-supereffective|p2a: Steelix|1\n|-damage|p2a: Steelix|0 fnt\n|-unboost|p1a: Medicham|def|1\n|-unboost|p1a: Medicham|spd|1\n|faint|p2a: Steelix\n|move|p2b: Tyranitar|High Horsepower|p1a: Medicham\n|-damage|p1a: Medicham|0 fnt\n|faint|p1a: Medicham\n|move|p1b: Sinistcha|Matcha Gotcha|p2b: Tyranitar\n|-supereffective|p2b: Tyranitar|1\n|-damage|p2b: Tyranitar|18/100\n|-heal|p1b: Sinistcha|100/100|[from] drain|[of] p2b: Tyranitar\n|-status|p2b: Tyranitar|brn\n|\n|-weather|Sandstorm|[upkeep]\n|-damage|p1b: Sinistcha|95/100|[from] Sandstorm\n|-damage|p2b: Tyranitar|11/100 brn|[from] brn\n|upkeep\n|turn|9\n|\n|t:|1776389135\n|move|p2b: Tyranitar|Knock Off|p1b: Sinistcha\n|-supereffective|p1b: Sinistcha|1\n|-damage|p1b: Sinistcha|34/100\n|-enditem|p1b: Sinistcha|Mental Herb|[from] move: Knock Off|[of] p2b: Tyranitar\n|move|p1b: Sinistcha|Matcha Gotcha|p2b: Tyranitar\n|-supereffective|p2b: Tyranitar|1\n|-damage|p2b: Tyranitar|0 fnt\n|-heal|p1b: Sinistcha|40/100|[from] drain|[of] p2b: Tyranitar\n|faint|p2b: Tyranitar\n|\n|win|SirNeru\n|raw|SirNeru's rating: 1165 &rarr; <strong>1186</strong><br />(+21 for winning)\n|raw|Blacksrcool's rating: 1102 &rarr; <strong>1081</strong><br />(-21 for losing)\n|c|\u2606Blacksrcool|gg\n|c|\u2606SirNeru|Gg\n",
  "uploadtime": 1776389156,
  "views": 31,
  "formatid": "gen9championsvgc2026regma",
  "rating": 1081,
  "private": 0,
  "password": null
}