{
  "id": "gen9championsvgc2026regma-2587428168",
  "format": "[Gen 9 Champions] VGC 2026 Reg M-A",
  "players": [
    "Johten",
    "sidlol"
  ],
  "log": "|j|\u2606Johten\n|j|\u2606sidlol\n|t:|1776530968\n|gametype|doubles\n|player|p1|Johten|veteran|1276\n|player|p2|sidlol|hilbert|1184\n|gen|9\n|tier|[Gen 9 Champions] VGC 2026 Reg M-A\n|rated|\n|rule|Species Clause: Limit one of each Pok\u00e9mon\n|rule|Item Clause: Limit 1 of each item\n|clearpoke\n|poke|p1|Aggron, L50, F|\n|poke|p1|Farigiraf, L50, M|\n|poke|p1|Aerodactyl, L50, F|\n|poke|p1|Gallade, L50, M|\n|poke|p1|Luxray, L50, F|\n|poke|p1|Primarina, L50, M|\n|poke|p2|Charizard, L50, M|\n|poke|p2|Venusaur, L50, F|\n|poke|p2|Garchomp, L50, M|\n|poke|p2|Whimsicott, L50, F|\n|poke|p2|Kingambit, L50, M|\n|poke|p2|Milotic, L50, F|\n|teampreview|4\n|inactive|Battle timer is ON: inactive players will automatically lose when time's up. (requested by Johten)\n|inactive|Johten has 60 seconds left.\n|inactive|Johten has 30 seconds left.\n|\n|t:|1776531038\n|teamsize|p1|4\n|teamsize|p2|4\n|start\n|switch|p1a: Farigiraf|Farigiraf, L50, M|100/100\n|switch|p1b: Aerodactyl|Aerodactyl, L50, F|100/100\n|switch|p2a: Whimsicott|Whimsicott, L50, F|100/100\n|switch|p2b: Kingambit|Kingambit, L50, M|100/100\n|-ability|p1b: Aerodactyl|Unnerve\n|turn|1\n|\n|t:|1776531055\n|switch|p1a: Primarina|Primarina, L50, M|100/100\n|move|p2a: Whimsicott|Tailwind|p2a: Whimsicott\n|-sidestart|p2: sidlol|move: Tailwind\n|move|p2b: Kingambit|Iron Head|p1b: Aerodactyl\n|-supereffective|p1b: Aerodactyl|1\n|-damage|p1b: Aerodactyl|0 fnt\n|faint|p1b: Aerodactyl\n|\n|upkeep\n|inactive|Johten has 30 seconds left.\n|\n|t:|1776531089\n|switch|p1b: Gallade|Gallade, L50, M|100/100\n|turn|2\n|\n|t:|1776531108\n|move|p1b: Gallade|Protect|p1b: Gallade\n|-singleturn|p1b: Gallade|Protect\n|move|p2a: Whimsicott|Moonblast|p1b: Gallade\n|-activate|p1b: Gallade|move: Protect\n|move|p2b: Kingambit|Iron Head|p1a: Primarina\n|-damage|p1a: Primarina|42/100\n|move|p1a: Primarina|Hyper Voice|p2a: Whimsicott|[spread] p2a,p2b\n|-resisted|p2a: Whimsicott|1\n|-damage|p2a: Whimsicott|71/100\n|-damage|p2b: Kingambit|58/100\n|\n|upkeep\n|turn|3\n|\n|t:|1776531124\n|switch|p1a: Farigiraf|Farigiraf, L50, M|100/100\n|move|p2a: Whimsicott|Encore||[still]\n|cant|p1a: Farigiraf|ability: Armor Tail|Encore|[of] p2a: Whimsicott\n|move|p2b: Kingambit|Iron Head|p1a: Farigiraf\n|-damage|p1a: Farigiraf|58/100\n|move|p1b: Gallade|Drain Punch|p2b: Kingambit\n|-supereffective|p2b: Kingambit|2\n|-damage|p2b: Kingambit|0 fnt\n|faint|p2b: Kingambit\n|\n|upkeep\n|\n|t:|1776531135\n|switch|p2b: Charizard|Charizard, L50, M|100/100\n|turn|4\n|\n|t:|1776531155\n|detailschange|p1b: Gallade|Gallade-Mega, L50, M\n|-mega|p1b: Gallade|Gallade|Galladite\n|move|p2a: Whimsicott|Protect|p2a: Whimsicott\n|-singleturn|p2a: Whimsicott|Protect\n|move|p2b: Charizard|Protect|p2b: Charizard\n|-singleturn|p2b: Charizard|Protect\n|move|p1b: Gallade|Ice Punch|p2a: Whimsicott\n|-activate|p2a: Whimsicott|move: Protect\n|move|p1a: Farigiraf|Thunder Wave|p2b: Charizard\n|-activate|p2b: Charizard|move: Protect\n|\n|-sideend|p2: sidlol|move: Tailwind\n|upkeep\n|turn|5\n|inactive|Johten has 30 seconds left.\n|\n|t:|1776531184\n|detailschange|p2b: Charizard|Charizard-Mega-Y, L50, M\n|-mega|p2b: Charizard|Charizard|Charizardite Y\n|-weather|SunnyDay|[from] ability: Drought|[of] p2b: Charizard\n|move|p1a: Farigiraf|Helping Hand|p1b: Gallade\n|-singleturn|p1b: Gallade|Helping Hand|[of] p1a: Farigiraf\n|move|p2a: Whimsicott|Tailwind|p2a: Whimsicott\n|-sidestart|p2: sidlol|move: Tailwind\n|move|p2b: Charizard|Weather Ball|p1b: Gallade\n|-damage|p1b: Gallade|9/100\n|move|p1b: Gallade|Psycho Cut|p2b: Charizard\n|-damage|p2b: Charizard|13/100\n|\n|-weather|SunnyDay|[upkeep]\n|upkeep\n|turn|6\n|\n|t:|1776531209\n|switch|p1b: Primarina|Primarina, L50, M|42/100\n|move|p2a: Whimsicott|Moonblast|p1a: Farigiraf\n|-damage|p1a: Farigiraf|27/100\n|move|p2b: Charizard|Heat Wave|p1b: Primarina|[spread] p1a,p1b\n|-crit|p1a: Farigiraf\n|-resisted|p1b: Primarina|1\n|-damage|p1a: Farigiraf|0 fnt\n|-damage|p1b: Primarina|17/100\n|faint|p1a: Farigiraf\n|\n|-weather|SunnyDay|[upkeep]\n|upkeep\n|\n|t:|1776531219\n|switch|p1a: Gallade|Gallade-Mega, L50, M|9/100\n|turn|7\n|\n|t:|1776531232\n|move|p1a: Gallade|Protect|p1a: Gallade\n|-singleturn|p1a: Gallade|Protect\n|move|p2a: Whimsicott|Moonblast|p1a: Gallade\n|-activate|p1a: Gallade|move: Protect\n|move|p2b: Charizard|Heat Wave|p1a: Gallade|[spread] p1b\n|-activate|p1a: Gallade|move: Protect\n|-resisted|p1b: Primarina|1\n|-damage|p1b: Primarina|0 fnt\n|faint|p1b: Primarina\n|\n|-weather|SunnyDay|[upkeep]\n|upkeep\n|turn|8\n|\n|t:|1776531247\n|move|p2a: Whimsicott|Encore|p1a: Gallade\n|-start|p1a: Gallade|Encore\n|move|p1a: Gallade|Protect|p1a: Gallade\n|-singleturn|p1a: Gallade|Protect\n|move|p2b: Charizard|Weather Ball|p1a: Gallade\n|-activate|p1a: Gallade|move: Protect\n|\n|-weather|SunnyDay|[upkeep]\n|-sideend|p2: sidlol|move: Tailwind\n|upkeep\n|turn|9\n|\n|t:|1776531262\n|move|p1a: Gallade|Protect||[still]\n|-fail|p1a: Gallade\n|move|p2a: Whimsicott|Moonblast|p1a: Gallade\n|-supereffective|p1a: Gallade|1\n|-damage|p1a: Gallade|0 fnt\n|faint|p1a: Gallade\n|\n|win|sidlol\n|raw|Johten's rating: 1276 &rarr; <strong>1245</strong><br />(-31 for losing)\n|raw|sidlol's rating: 1184 &rarr; <strong>1215</strong><br />(+31 for winning)\n",
  "uploadtime": 1776531269,
  "views": 24,
  "formatid": "gen9championsvgc2026regma",
  "rating": 1215,
  "private": 0,
  "password": null
}