{
  "id": "gen9championsvgc2026regma-2588214633",
  "format": "[Gen 9 Champions] VGC 2026 Reg M-A",
  "players": [
    "p1xelboi69",
    "StrengPengu"
  ],
  "log": "|j|\u2606p1xelboi69\n|j|\u2606StrengPengu\n|t:|1776615066\n|gametype|doubles\n|player|p1|p1xelboi69|2|1182\n|player|p2|StrengPengu|ivor|1209\n|gen|9\n|tier|[Gen 9 Champions] VGC 2026 Reg M-A\n|rated|\n|rule|Species Clause: Limit one of each Pok\u00e9mon\n|rule|Item Clause: Limit 1 of each item\n|clearpoke\n|poke|p1|Dragonite, L50, F|\n|poke|p1|Pelipper, L50, F|\n|poke|p1|Basculegion, L50, M|\n|poke|p1|Incineroar, L50, F|\n|poke|p1|Sneasler, L50, F|\n|poke|p1|Kingambit, L50, F|\n|poke|p2|Torkoal, L50, F|\n|poke|p2|Farigiraf, L50, F|\n|poke|p2|Gardevoir, L50, F|\n|poke|p2|Golurk, L50|\n|poke|p2|Kingambit, L50, F|\n|poke|p2|Sneasler, L50, M|\n|teampreview|4\n|\n|t:|1776615090\n|teamsize|p1|4\n|teamsize|p2|4\n|start\n|switch|p1a: Pelipper|Pelipper, L50, F|100/100\n|switch|p1b: Dragonite|Dragonite, L50, F|100/100\n|switch|p2a: Farigiraf|Farigiraf, L50, F|100/100\n|switch|p2b: Kingambit|Kingambit, L50, F|100/100\n|-weather|RainDance|[from] ability: Drizzle|[of] p1a: Pelipper\n|turn|1\n|\n|t:|1776615115\n|switch|p1a: Sneasler|Sneasler, L50, F|100/100\n|detailschange|p1b: Dragonite|Dragonite-Mega, L50, F\n|-mega|p1b: Dragonite|Dragonite|Dragoninite\n|move|p1b: Dragonite|Hurricane|p2a: Farigiraf\n|-damage|p2a: Farigiraf|38/100\n|-enditem|p2a: Farigiraf|Sitrus Berry|[eat]\n|-heal|p2a: Farigiraf|63/100|[from] item: Sitrus Berry\n|move|p2b: Kingambit|Iron Head|p1b: Dragonite\n|-damage|p1b: Dragonite|75/100\n|move|p2a: Farigiraf|Trick Room|p2a: Farigiraf\n|-fieldstart|move: Trick Room|[of] p2a: Farigiraf\n|\n|-weather|RainDance|[upkeep]\n|upkeep\n|turn|2\n|\n|t:|1776615139\n|move|p1b: Dragonite|Protect|p1b: Dragonite\n|-singleturn|p1b: Dragonite|Protect\n|move|p1a: Sneasler|Fake Out||[still]\n|cant|p2a: Farigiraf|ability: Armor Tail|Fake Out|[of] p1a: Sneasler\n|move|p2b: Kingambit|Iron Head|p1b: Dragonite\n|-activate|p1b: Dragonite|move: Protect\n|move|p2a: Farigiraf|Twin Beam|p1a: Sneasler\n|-supereffective|p1a: Sneasler|2\n|-damage|p1a: Sneasler|5/100\n|-supereffective|p1a: Sneasler|2\n|-damage|p1a: Sneasler|0 fnt\n|faint|p1a: Sneasler\n|-hitcount|p1: Sneasler|2\n|\n|-weather|RainDance|[upkeep]\n|upkeep\n|\n|t:|1776615150\n|switch|p1a: Kingambit|Kingambit, L50, F|100/100\n|turn|3\n|\n|t:|1776615174\n|move|p2b: Kingambit|Low Kick|p1a: Kingambit\n|-supereffective|p1a: Kingambit|2\n|-enditem|p1a: Kingambit|Focus Sash\n|-damage|p1a: Kingambit|1/100\n|move|p2a: Farigiraf|Twin Beam|p1b: Dragonite\n|-damage|p1b: Dragonite|59/100\n|-damage|p1b: Dragonite|44/100\n|-hitcount|p1b: Dragonite|2\n|move|p1a: Kingambit|Kowtow Cleave|p2a: Farigiraf\n|-supereffective|p2a: Farigiraf|1\n|-damage|p2a: Farigiraf|0 fnt\n|faint|p2a: Farigiraf\n|move|p1b: Dragonite|Hurricane|p2b: Kingambit\n|-resisted|p2b: Kingambit|1\n|-damage|p2b: Kingambit|70/100\n|\n|-weather|RainDance|[upkeep]\n|upkeep\n|\n|t:|1776615184\n|switch|p2a: Torkoal|Torkoal, L50, F|100/100\n|-weather|SunnyDay|[from] ability: Drought|[of] p2a: Torkoal\n|turn|4\n|\n|t:|1776615193\n|switch|p1a: Pelipper|Pelipper, L50, F|100/100\n|-weather|RainDance|[from] ability: Drizzle|[of] p1a: Pelipper\n|move|p2a: Torkoal|Eruption|p1b: Dragonite|[spread] p1a,p1b\n|-resisted|p1a: Pelipper|1\n|-resisted|p1b: Dragonite|1\n|-crit|p1b: Dragonite\n|-damage|p1a: Pelipper|75/100\n|-damage|p1b: Dragonite|29/100\n|move|p2b: Kingambit|Iron Head|p1b: Dragonite\n|-damage|p1b: Dragonite|0 fnt\n|faint|p1b: Dragonite\n|\n|-weather|RainDance|[upkeep]\n|-heal|p1a: Pelipper|80/100|[from] item: Leftovers\n|upkeep\n|\n|t:|1776615204\n|switch|p1b: Kingambit|Kingambit, L50, F|1/100\n|turn|5\n|\n|t:|1776615223\n|move|p1b: Kingambit|Protect|p1b: Kingambit\n|-singleturn|p1b: Kingambit|Protect\n|move|p2b: Kingambit|Sucker Punch|p1a: Pelipper\n|-damage|p1a: Pelipper|25/100\n|move|p2a: Torkoal|Earth Power|p1b: Kingambit\n|-activate|p1b: Kingambit|move: Protect\n|move|p1a: Pelipper|Weather Ball|p2a: Torkoal\n|-supereffective|p2a: Torkoal|1\n|-damage|p2a: Torkoal|0 fnt\n|faint|p2a: Torkoal\n|\n|-weather|RainDance|[upkeep]\n|-heal|p1a: Pelipper|31/100|[from] item: Leftovers\n|-fieldend|move: Trick Room\n|upkeep\n|\n|t:|1776615229\n|switch|p2a: Gardevoir|Gardevoir, L50, F|100/100\n|-ability|p2a: Gardevoir|Defiant|Trace|[from] ability: Trace|[of] p1b: Kingambit\n|turn|6\n|\n|t:|1776615246\n|detailschange|p2a: Gardevoir|Gardevoir-Mega, L50, F\n|-mega|p2a: Gardevoir|Gardevoir|Gardevoirite\n|move|p2b: Kingambit|Sucker Punch|p1a: Pelipper\n|-damage|p1a: Pelipper|0 fnt\n|faint|p1a: Pelipper\n|move|p2a: Gardevoir|Hyper Voice|p1b: Kingambit\n|-damage|p1b: Kingambit|0 fnt\n|faint|p1b: Kingambit\n|\n|win|StrengPengu\n|raw|p1xelboi69's rating: 1182 &rarr; <strong>1159</strong><br />(-23 for losing)\n|raw|StrengPengu's rating: 1209 &rarr; <strong>1232</strong><br />(+23 for winning)\n",
  "uploadtime": 1776615254,
  "views": 10,
  "formatid": "gen9championsvgc2026regma",
  "rating": 1159,
  "private": 0,
  "password": null
}