{
  "id": "gen9championsvgc2026regma-2584729537",
  "format": "[Gen 9 Champions] VGC 2026 Reg M-A",
  "players": [
    "sonicutopia",
    "All-StarVGC"
  ],
  "log": "|j|\u2606sonicutopia\n|j|\u2606All-StarVGC\n|t:|1776279563\n|gametype|doubles\n|player|p1|sonicutopia|cynthia-gen4|\n|player|p2|All-StarVGC|red|\n|gen|9\n|tier|[Gen 9 Champions] VGC 2026 Reg M-A\n|rated|Tournament battle\n|rule|Species Clause: Limit one of each Pok\u00e9mon\n|rule|Item Clause: Limit 1 of each item\n|raw|<div class=\"infobox\"><details class=\"readmore\" open><summary><strong>1 custom rule:</strong></summary> Force Open Team Sheets</details></div>\n|clearpoke\n|poke|p1|Basculegion, L50, M|\n|poke|p1|Pelipper, L50, M|\n|poke|p1|Primarina, L50, F|\n|poke|p1|Archaludon, L50, M|\n|poke|p1|Sinistcha, L50|\n|poke|p1|Dragonite, L50, M|\n|poke|p2|Incineroar, L50, M|\n|poke|p2|Archaludon, L50, M|\n|poke|p2|Pelipper, L50, M|\n|poke|p2|Floette-Eternal, L50, F|\n|poke|p2|Meganium, L50, M|\n|poke|p2|Sinistcha, L50|\n|teampreview|4\n|showteam|p1|Basculegion||KasibBerry|SwiftSwim|FlipTurn,AquaJet,LastRespects,Protect|||M|||50|]Pelipper||FocusSash|Drizzle|IcyWind,Tailwind,Protect,WeatherBall|||M|||50|]Primarina||MysticWater|Torrent|DazzlingGleam,Moonblast,WaterPulse,HydroPump|||F|||50|]Archaludon||Leftovers|Stalwart|ElectroShot,DragonPulse,Protect,SteelBeam|||M|||50|]Sinistcha||MentalHerb|Hospitality|MatchaGotcha,ShadowBall,RagePowder,StunSpore||||||50|]Dragonite||Dragoninite|Multiscale|Thunder,Protect,DragonPulse,IceBeam|||M|||50|\n|showteam|p2|Incineroar||SitrusBerry|Intimidate|PartingShot,FakeOut,Snarl,FlareBlitz|||M|||50|]Archaludon||WhiteHerb|Stamina|ElectroShot,AuraSphere,DracoMeteor,FlashCannon|||M|||50|]Pelipper||FocusSash|Drizzle|Uturn,Hurricane,Roost,Protect|||M|||50|]Floette-Eternal||Floettite|FlowerVeil|Moonblast,DazzlingGleam,Psychic,CalmMind|||F|||50|]Meganium||Meganiumite|Overgrow|SolarBeam,DazzlingGleam,WeatherBall,Protect|||M|||50|]Sinistcha||MentalHerb|Hospitality|MatchaGotcha,TrickRoom,RagePowder,Imprison||||||50|\n|c|\u2606All-StarVGC|I may not be able to finish this battle.\n|c|\u2606sonicutopia|Thats fair\n|\n|t:|1776279590\n|teamsize|p1|4\n|teamsize|p2|4\n|start\n|switch|p1a: Archaludon|Archaludon, L50, M|100/100\n|switch|p1b: Sinistcha|Sinistcha, L50|100/100\n|switch|p2a: Incineroar|Incineroar, L50, M|100/100\n|switch|p2b: Floette|Floette-Eternal, L50, F|100/100\n|-ability|p2a: Incineroar|Intimidate|boost\n|-unboost|p1a: Archaludon|atk|1\n|-unboost|p1b: Sinistcha|atk|1\n|turn|1\n|\n|t:|1776279622\n|detailschange|p2b: Floette|Floette-Mega, L50, F\n|-mega|p2b: Floette|Floette|Floettite\n|-ability|p2b: Floette|Fairy Aura\n|move|p2a: Incineroar|Fake Out|p1a: Archaludon\n|-resisted|p1a: Archaludon|1\n|-damage|p1a: Archaludon|95/100\n|move|p1b: Sinistcha|Rage Powder|p1b: Sinistcha\n|-singleturn|p1b: Sinistcha|move: Rage Powder\n|move|p2b: Floette|Psychic|p1b: Sinistcha\n|-damage|p1b: Sinistcha|53/100\n|-unboost|p1b: Sinistcha|spd|1\n|cant|p1a: Archaludon|flinch\n|\n|-heal|p1a: Archaludon|100/100|[from] item: Leftovers\n|upkeep\n|turn|2\n|\n|t:|1776279640\n|switch|p1b: Basculegion|Basculegion, L50, M|100/100\n|move|p2b: Floette|Moonblast|p1a: Archaludon\n|-damage|p1a: Archaludon|4/100\n|move|p1a: Archaludon|Steel Beam|p2b: Floette\n|-supereffective|p2b: Floette|1\n|-damage|p2b: Floette|0 fnt\n|-damage|p1a: Archaludon|0 fnt|[from] steelbeam\n|faint|p1a: Archaludon\n|faint|p2b: Floette\n|move|p2a: Incineroar|Flare Blitz|p1b: Basculegion\n|-resisted|p1b: Basculegion|1\n|-damage|p1b: Basculegion|63/100\n|-damage|p2a: Incineroar|89/100|[from] Recoil\n|\n|upkeep\n|\n|t:|1776279655\n|switch|p2b: Pelipper|Pelipper, L50, M|100/100\n|switch|p1a: Sinistcha|Sinistcha, L50|53/100\n|-weather|RainDance|[from] ability: Drizzle|[of] p2b: Pelipper\n|-heal|p1b: Basculegion|88/100|[from] ability: Hospitality|[of] p1a: Sinistcha\n|turn|3\n|\n|t:|1776279672\n|move|p2b: Pelipper|Protect|p2b: Pelipper\n|-singleturn|p2b: Pelipper|Protect\n|move|p1b: Basculegion|Flip Turn|p2a: Incineroar\n|-supereffective|p2a: Incineroar|1\n|-damage|p2a: Incineroar|5/100\n|-enditem|p2a: Incineroar|Sitrus Berry|[eat]\n|-heal|p2a: Incineroar|30/100|[from] item: Sitrus Berry\n|\n|t:|1776279680\n|switch|p1b: Dragonite|Dragonite, L50, M|100/100|[from] Flip Turn\n|move|p1a: Sinistcha|Matcha Gotcha|p2b: Pelipper|[spread] \n|-activate|p2b: Pelipper|move: Protect\n|-miss|p1a: Sinistcha|p2a: Incineroar\n|move|p2a: Incineroar|Flare Blitz|p1a: Sinistcha\n|-supereffective|p1a: Sinistcha|1\n|-damage|p1a: Sinistcha|0 fnt\n|faint|p1a: Sinistcha\n|-damage|p2a: Incineroar|18/100|[from] Recoil\n|\n|-weather|RainDance|[upkeep]\n|upkeep\n|\n|t:|1776279689\n|switch|p1a: Basculegion|Basculegion, L50, M|88/100\n|turn|4\n|\n|t:|1776279699\n|detailschange|p1b: Dragonite|Dragonite-Mega, L50, M\n|-mega|p1b: Dragonite|Dragonite|Dragoninite\n|move|p1a: Basculegion|Aqua Jet|p2a: Incineroar\n|-supereffective|p2a: Incineroar|1\n|-damage|p2a: Incineroar|0 fnt\n|faint|p2a: Incineroar\n|move|p1b: Dragonite|Thunder|p2b: Pelipper\n|-supereffective|p2b: Pelipper|2\n|-enditem|p2b: Pelipper|Focus Sash\n|-damage|p2b: Pelipper|1/100\n|-status|p2b: Pelipper|par\n|move|p2b: Pelipper|Hurricane|p1a: Basculegion\n|-damage|p1a: Basculegion|35/100\n|\n|-weather|RainDance|[upkeep]\n|upkeep\n|\n|t:|1776279712\n|switch|p2a: Archaludon|Archaludon, L50, M|100/100\n|turn|5\n|\n|t:|1776279723\n|move|p1a: Basculegion|Last Respects|p2a: Archaludon\n|-damage|p2a: Archaludon|33/100\n|-ability|p2a: Archaludon|Stamina|boost\n|-boost|p2a: Archaludon|def|1\n|move|p1b: Dragonite|Dragon Pulse|p2a: Archaludon\n|-damage|p2a: Archaludon|0 fnt\n|faint|p2a: Archaludon\n|move|p2b: Pelipper|Hurricane|p1b: Dragonite\n|-damage|p1b: Dragonite|81/100\n|-start|p1b: Dragonite|confusion\n|\n|-weather|RainDance|[upkeep]\n|upkeep\n|turn|6\n|c|\u2606All-StarVGC|Good game.\n|\n|t:|1776279739\n|-activate|p1b: Dragonite|confusion\n|move|p1b: Dragonite|Protect|p1b: Dragonite\n|-singleturn|p1b: Dragonite|Protect\n|move|p2b: Pelipper|Protect|p2b: Pelipper\n|-singleturn|p2b: Pelipper|Protect\n|move|p1a: Basculegion|Aqua Jet|p2b: Pelipper\n|-activate|p2b: Pelipper|move: Protect\n|\n|-weather|RainDance|[upkeep]\n|upkeep\n|turn|7\n|\n|t:|1776279749\n|move|p1a: Basculegion|Aqua Jet|p2b: Pelipper\n|-resisted|p2b: Pelipper|1\n|-damage|p2b: Pelipper|0 fnt\n|faint|p2b: Pelipper\n|\n|win|sonicutopia\n|n|\u2606sonicutopia|sonicutopia\n|n|\u2606All-StarVGC|allstarvgc\n|c|\u2606sonicutopia|ggs\n|c|\u2606All-StarVGC|Ggs.\n|l|\u2606All-StarVGC\n|player|p2|\n",
  "uploadtime": 1776279771,
  "views": 16,
  "formatid": "gen9championsvgc2026regma",
  "rating": null,
  "private": 0,
  "password": null
}