{
  "id": "gen9championsvgc2026regma-2584509640",
  "format": "[Gen 9 Champions] VGC 2026 Reg M-A",
  "players": [
    "cautiousninja",
    "hyunbelievable"
  ],
  "log": "|j|\u2606cautiousninja\n|j|\u2606hyunbelievable\n|t:|1776265572\n|gametype|doubles\n|player|p1|cautiousninja|170|1117\n|player|p2|hyunbelievable|guzma|1160\n|gen|9\n|tier|[Gen 9 Champions] VGC 2026 Reg M-A\n|rated|\n|rule|Species Clause: Limit one of each Pok\u00e9mon\n|rule|Item Clause: Limit 1 of each item\n|clearpoke\n|poke|p1|Altaria, L50, M|\n|poke|p1|Milotic, L50, M|\n|poke|p1|Volcarona, L50, F|\n|poke|p1|Aegislash, L50, F|\n|poke|p1|Sharpedo, L50, M|\n|poke|p1|Runerigus, L50, M|\n|poke|p2|Blastoise, L50, F|\n|poke|p2|Sinistcha, L50|\n|poke|p2|Sableye, L50, M|\n|poke|p2|Excadrill, L50, M|\n|poke|p2|Sneasler, L50, M|\n|poke|p2|Farigiraf, L50, F|\n|teampreview|4\n|\n|t:|1776265602\n|teamsize|p1|4\n|teamsize|p2|4\n|start\n|switch|p1a: Aegislash|Aegislash, L50, F|100/100\n|switch|p1b: Volcarona|Volcarona, L50, F|100/100\n|switch|p2a: the drink|Blastoise, L50, F|100/100\n|switch|p2b: the parfait|Sneasler, L50, M|100/100\n|turn|1\n|\n|t:|1776265646\n|detailschange|p2a: the drink|Blastoise-Mega, L50, F\n|-mega|p2a: the drink|Blastoise|Blastoisinite\n|move|p2b: the parfait|Fake Out|p1b: Volcarona\n|-damage|p1b: Volcarona|87/100\n|move|p1a: Aegislash|Wide Guard|p1a: Aegislash\n|-singleturn|p1a: Aegislash|Wide Guard\n|cant|p1b: Volcarona|flinch\n|move|p2a: the drink|Water Spout|p1a: Aegislash|[spread] \n|-activate|p1a: Aegislash|move: Wide Guard\n|-activate|p1b: Volcarona|move: Wide Guard\n|\n|upkeep\n|turn|2\n|\n|t:|1776265668\n|switch|p2b: beverage of sorts|Excadrill, L50, M|100/100\n|-ability|p2b: beverage of sorts|Mold Breaker\n|move|p1a: Aegislash|Wide Guard|p1a: Aegislash\n|-singleturn|p1a: Aegislash|Wide Guard\n|move|p1b: Volcarona|Psychic|p2b: beverage of sorts\n|-resisted|p2b: beverage of sorts|1\n|-damage|p2b: beverage of sorts|81/100\n|move|p2a: the drink|Water Spout|p1b: Volcarona|[spread] \n|-activate|p1a: Aegislash|move: Wide Guard\n|-activate|p1b: Volcarona|move: Wide Guard\n|\n|upkeep\n|turn|3\n|\n|t:|1776265687\n|switch|p2a: the cup|Sinistcha, L50|100/100\n|-heal|p2b: beverage of sorts|100/100|[from] ability: Hospitality|[of] p2a: the cup\n|move|p1a: Aegislash|Wide Guard|p1a: Aegislash\n|-singleturn|p1a: Aegislash|Wide Guard\n|move|p2b: beverage of sorts|High Horsepower|p1a: Aegislash\n|-supereffective|p1a: Aegislash|1\n|-damage|p1a: Aegislash|14/100\n|move|p1b: Volcarona|Overheat|p2b: beverage of sorts\n|-supereffective|p2b: beverage of sorts|1\n|-crit|p2b: beverage of sorts\n|-damage|p2b: beverage of sorts|0 fnt\n|-unboost|p1b: Volcarona|spa|2\n|faint|p2b: beverage of sorts\n|\n|-heal|p1a: Aegislash|20/100|[from] item: Leftovers\n|upkeep\n|\n|t:|1776265697\n|switch|p2b: the drink|Blastoise-Mega, L50, F|100/100\n|turn|4\n|\n|t:|1776265719\n|move|p1a: Aegislash|Wide Guard|p1a: Aegislash\n|-singleturn|p1a: Aegislash|Wide Guard\n|move|p1b: Volcarona|Tailwind|p1b: Volcarona\n|-sidestart|p1: cautiousninja|move: Tailwind\n|move|p2b: the drink|Shell Smash|p2b: the drink\n|-unboost|p2b: the drink|def|1\n|-unboost|p2b: the drink|spd|1\n|-boost|p2b: the drink|atk|2\n|-boost|p2b: the drink|spa|2\n|-boost|p2b: the drink|spe|2\n|move|p2a: the cup|Matcha Gotcha|p1a: Aegislash|[spread] \n|-activate|p1a: Aegislash|move: Wide Guard\n|-activate|p1b: Volcarona|move: Wide Guard\n|\n|-heal|p1a: Aegislash|26/100|[from] item: Leftovers\n|upkeep\n|turn|5\n|\n|t:|1776265742\n|switch|p1b: Sharpedo|Sharpedo, L50, M|100/100\n|move|p1a: Aegislash|Wide Guard|p1a: Aegislash\n|-singleturn|p1a: Aegislash|Wide Guard\n|move|p2b: the drink|Ice Beam|p1b: Sharpedo\n|-resisted|p1b: Sharpedo|1\n|-damage|p1b: Sharpedo|13/100\n|move|p2a: the cup|Shadow Ball|p1a: Aegislash\n|-supereffective|p1a: Aegislash|1\n|-damage|p1a: Aegislash|0 fnt\n|faint|p1a: Aegislash\n|\n|upkeep\n|\n|t:|1776265754\n|switch|p1a: Runerigus|Runerigus, L50, M|100/100\n|turn|6\n|\n|t:|1776265781\n|detailschange|p1b: Sharpedo|Sharpedo-Mega, L50, M\n|-mega|p1b: Sharpedo|Sharpedo|Sharpedonite\n|move|p2a: the cup|Rage Powder|p2a: the cup\n|-singleturn|p2a: the cup|move: Rage Powder\n|move|p1b: Sharpedo|Crunch|p2a: the cup\n|-supereffective|p2a: the cup|1\n|-damage|p2a: the cup|0 fnt\n|faint|p2a: the cup\n|move|p2b: the drink|Water Spout|p1a: Runerigus|[spread] p1a,p1b\n|-supereffective|p1a: Runerigus|1\n|-resisted|p1b: Sharpedo|1\n|-damage|p1a: Runerigus|0 fnt\n|-damage|p1b: Sharpedo|0 fnt\n|faint|p1a: Runerigus\n|faint|p1b: Sharpedo\n|\n|upkeep\n|\n|t:|1776265795\n|switch|p2a: the parfait|Sneasler, L50, M|100/100\n|switch|p1a: Volcarona|Volcarona, L50, F|87/100\n|turn|7\n|\n|t:|1776265801\n|move|p2a: the parfait|Fake Out|p1a: Volcarona\n|-damage|p1a: Volcarona|74/100\n|-status|p2a: the parfait|brn|[from] ability: Flame Body|[of] p1a: Volcarona\n|cant|p1a: Volcarona|flinch\n|move|p2b: the drink|Water Spout|p1a: Volcarona\n|-supereffective|p1a: Volcarona|1\n|-enditem|p1a: Volcarona|Passho Berry|[eat]\n|-enditem|p1a: Volcarona|Passho Berry|[weaken]\n|-damage|p1a: Volcarona|0 fnt\n|faint|p1a: Volcarona\n|\n|win|hyunbelievable\n|raw|cautiousninja's rating: 1117 &rarr; <strong>1095</strong><br />(-22 for losing)\n|raw|hyunbelievable's rating: 1160 &rarr; <strong>1182</strong><br />(+22 for winning)\n",
  "uploadtime": 1776265810,
  "views": 17,
  "formatid": "gen9championsvgc2026regma",
  "rating": 1095,
  "private": 0,
  "password": null
}