{
  "id": "gen9championsvgc2026regma-2588626338",
  "format": "[Gen 9 Champions] VGC 2026 Reg M-A",
  "players": [
    "GenericEdgeLrd",
    "petercastf14"
  ],
  "log": "|j|\u2606GenericEdgeLrd\n|j|\u2606petercastf14\n|t:|1776651428\n|gametype|doubles\n|player|p1|GenericEdgeLrd|gentleman-gen4|1127\n|player|p2|petercastf14|169|1100\n|gen|9\n|tier|[Gen 9 Champions] VGC 2026 Reg M-A\n|rated|\n|rule|Species Clause: Limit one of each Pok\u00e9mon\n|rule|Item Clause: Limit 1 of each item\n|clearpoke\n|poke|p1|Glimmora, L50, M, shiny|\n|poke|p1|Orthworm, L50, M|\n|poke|p1|Garchomp, L50, F|\n|poke|p1|Sinistcha, L50|\n|poke|p1|Farigiraf, L50, M|\n|poke|p1|Avalugg, L50, F|\n|poke|p2|Charizard, L50, M, shiny|\n|poke|p2|Venusaur, L50, F|\n|poke|p2|Garchomp, L50, M|\n|poke|p2|Gardevoir, L50, F|\n|poke|p2|Milotic, L50, F, shiny|\n|poke|p2|Incineroar, L50, F, shiny|\n|teampreview|4\n|inactive|Battle timer is ON: inactive players will automatically lose when time's up. (requested by GenericEdgeLrd)\n|\n|t:|1776651437\n|teamsize|p1|4\n|teamsize|p2|4\n|start\n|switch|p1a: Garchomp|Garchomp, L50, F|100/100\n|switch|p1b: Orthworm|Orthworm, L50, M|100/100\n|switch|p2a: PITEI|Incineroar, L50, F, shiny|100/100\n|switch|p2b: ARANDONIA|Gardevoir, L50, F|100/100\n|-ability|p2b: ARANDONIA|Sand Veil|Trace|[from] ability: Trace|[of] p1a: Garchomp\n|-ability|p2a: PITEI|Intimidate|boost\n|-unboost|p1a: Garchomp|atk|1\n|-unboost|p1b: Orthworm|atk|1\n|turn|1\n|\n|t:|1776651455\n|move|p2a: PITEI|Fake Out|p1a: Garchomp\n|-damage|p1a: Garchomp|87/100\n|move|p2b: ARANDONIA|Icy Wind|p1b: Orthworm|[spread] p1a,p1b\n|-supereffective|p1a: Garchomp|2\n|-resisted|p1b: Orthworm|1\n|-damage|p1a: Garchomp|19/100\n|-damage|p1b: Orthworm|89/100\n|-unboost|p1a: Garchomp|spe|1\n|-unboost|p1b: Orthworm|spe|1\n|cant|p1a: Garchomp|flinch\n|move|p1b: Orthworm|Shed Tail|p1b: Orthworm\n|-start|p1b: Orthworm|Substitute|[from] move: Shed Tail\n|-damage|p1b: Orthworm|39/100\n|\n|t:|1776651461\n|switch|p1b: Glimmora|Glimmora, L50, M, shiny|100/100|[from] Shed Tail\n|\n|upkeep\n|turn|2\n|\n|t:|1776651480\n|switch|p1a: Orthworm|Orthworm, L50, M|39/100\n|detailschange|p1b: Glimmora|Glimmora-Mega, L50, M, shiny\n|-mega|p1b: Glimmora|Glimmora|Glimmoranite\n|move|p2b: ARANDONIA|Icy Wind|p1b: Glimmora|[spread] p1a,p1b\n|-activate|p1b: Glimmora|move: Substitute|[damage]\n|-resisted|p1a: Orthworm|1\n|-damage|p1a: Orthworm|29/100\n|-unboost|p1a: Orthworm|spe|1\n|move|p1b: Glimmora|Sludge Wave|p2a: PITEI|[spread] p2a,p2b\n|-immune|p1a: Orthworm\n|-supereffective|p2b: ARANDONIA|1\n|-damage|p2a: PITEI|52/100\n|-damage|p2b: ARANDONIA|0 fnt\n|faint|p2b: ARANDONIA\n|move|p2a: PITEI|Throat Chop|p1b: Glimmora\n|-end|p1b: Glimmora|Substitute\n|\n|-heal|p2a: PITEI|58/100|[from] item: Leftovers\n|-heal|p1a: Orthworm|35/100|[from] item: Leftovers\n|upkeep\n|inactive|petercastf14 has 30 seconds left.\n|\n|t:|1776651508\n|switch|p2b: KAKAROT|Charizard, L50, M, shiny|100/100\n|turn|3\n|\n|t:|1776651527\n|detailschange|p2b: KAKAROT|Charizard-Mega-Y, L50, M, shiny\n|-mega|p2b: KAKAROT|Charizard|Charizardite Y\n|-weather|SunnyDay|[from] ability: Drought|[of] p2b: KAKAROT\n|move|p1a: Orthworm|Helping Hand|p1b: Glimmora\n|-singleturn|p1b: Glimmora|Helping Hand|[of] p1a: Orthworm\n|move|p2b: KAKAROT|Protect|p2b: KAKAROT\n|-singleturn|p2b: KAKAROT|Protect\n|move|p1b: Glimmora|Power Gem|p2b: KAKAROT\n|-activate|p2b: KAKAROT|move: Protect\n|move|p2a: PITEI|Flare Blitz|p1a: Orthworm\n|-supereffective|p1a: Orthworm|1\n|-damage|p1a: Orthworm|0 fnt\n|faint|p1a: Orthworm\n|-damage|p2a: PITEI|48/100|[from] Recoil\n|\n|-weather|SunnyDay|[upkeep]\n|-heal|p2a: PITEI|54/100|[from] item: Leftovers\n|upkeep\n|\n|t:|1776651536\n|switch|p1a: Garchomp|Garchomp, L50, F|19/100\n|turn|4\n|\n|t:|1776651553\n|switch|p2b: FARROLITO|Venusaur, L50, F|100/100\n|move|p1a: Garchomp|Protect|p1a: Garchomp\n|-singleturn|p1a: Garchomp|Protect\n|move|p1b: Glimmora|Power Gem|p2b: FARROLITO\n|-damage|p2b: FARROLITO|33/100\n|move|p2a: PITEI|Flare Blitz|p1a: Garchomp\n|-activate|p1a: Garchomp|move: Protect\n|\n|-weather|SunnyDay|[upkeep]\n|-heal|p2a: PITEI|60/100|[from] item: Leftovers\n|upkeep\n|turn|5\n|\n|t:|1776651570\n|switch|p1b: Sinistcha|Sinistcha, L50|100/100\n|-heal|p1a: Garchomp|44/100|[from] ability: Hospitality|[of] p1b: Sinistcha\n|move|p2b: FARROLITO|Sleep Powder|p1b: Sinistcha\n|-immune|p1b: Sinistcha\n|move|p1a: Garchomp|Earthquake|p2b: FARROLITO|[spread] p1b,p2a,p2b\n|-resisted|p1b: Sinistcha|1\n|-supereffective|p2a: PITEI|1\n|-damage|p1b: Sinistcha|87/100\n|-damage|p2a: PITEI|0 fnt\n|-damage|p2b: FARROLITO|0 fnt\n|faint|p2a: PITEI\n|faint|p2b: FARROLITO\n|\n|-weather|SunnyDay|[upkeep]\n|upkeep\n|\n|t:|1776651579\n|switch|p2b: KAKAROT|Charizard-Mega-Y, L50, M, shiny|100/100\n|turn|6\n|\n|t:|1776651598\n|switch|p1a: Glimmora|Glimmora-Mega, L50, M, shiny|100/100\n|move|p2b: KAKAROT|Solar Beam||[still]\n|-prepare|p2b: KAKAROT|Solar Beam\n|-anim|p2b: KAKAROT|Solar Beam|p1a: Glimmora\n|-damage|p1a: Glimmora|42/100\n|move|p1b: Sinistcha|Shadow Ball|p2b: KAKAROT\n|-damage|p2b: KAKAROT|65/100\n|\n|-weather|SunnyDay|[upkeep]\n|upkeep\n|turn|7\n|\n|t:|1776651609\n|switch|p1b: Garchomp|Garchomp, L50, F|44/100\n|move|p1a: Glimmora|Protect|p1a: Glimmora\n|-singleturn|p1a: Glimmora|Protect\n|move|p2b: KAKAROT|Heat Wave|p1b: Garchomp|[spread] p1b\n|-activate|p1a: Glimmora|move: Protect\n|-resisted|p1b: Garchomp|1\n|-damage|p1b: Garchomp|6/100\n|\n|-weather|none\n|upkeep\n|turn|8\n|\n|t:|1776651623\n|move|p2b: KAKAROT|Protect|p2b: KAKAROT\n|-singleturn|p2b: KAKAROT|Protect\n|move|p1b: Garchomp|Dragon Claw|p2b: KAKAROT\n|-activate|p2b: KAKAROT|move: Protect\n|move|p1a: Glimmora|Power Gem|p2b: KAKAROT\n|-activate|p2b: KAKAROT|move: Protect\n|\n|upkeep\n|turn|9\n|\n|t:|1776651631\n|switch|p1b: Sinistcha|Sinistcha, L50|87/100\n|-heal|p1a: Glimmora|67/100|[from] ability: Hospitality|[of] p1b: Sinistcha\n|move|p1a: Glimmora|Power Gem|p2b: KAKAROT\n|-supereffective|p2b: KAKAROT|2\n|-damage|p2b: KAKAROT|0 fnt\n|faint|p2b: KAKAROT\n|\n|win|GenericEdgeLrd\n|raw|GenericEdgeLrd's rating: 1127 &rarr; <strong>1150</strong><br />(+23 for winning)\n|raw|petercastf14's rating: 1100 &rarr; <strong>1077</strong><br />(-23 for losing)\n",
  "uploadtime": 1776651637,
  "views": 2,
  "formatid": "gen9championsvgc2026regma",
  "rating": 1077,
  "private": 0,
  "password": null
}