{
  "id": "gen9championsvgc2026regma-2583786012",
  "format": "[Gen 9 Champions] VGC 2026 Reg M-A",
  "players": [
    "Mask4M",
    "Tmh golden"
  ],
  "log": "|j|\u2606Mask4M\n|j|\u2606Tmh golden\n|t:|1776197589\n|gametype|doubles\n|player|p1|Mask4M|101|1117\n|player|p2|Tmh golden|102|1160\n|gen|9\n|tier|[Gen 9 Champions] VGC 2026 Reg M-A\n|rated|\n|rule|Species Clause: Limit one of each Pok\u00e9mon\n|rule|Item Clause: Limit 1 of each item\n|clearpoke\n|poke|p1|Glimmora, L50, M|\n|poke|p1|Dragonite, L50, M|\n|poke|p1|Sneasler, L50, M|\n|poke|p1|Incineroar, L50, F|\n|poke|p1|Whimsicott, L50, M|\n|poke|p1|Rotom-Wash, L50|\n|poke|p2|Gengar, L50, M|\n|poke|p2|Incineroar, L50, M|\n|poke|p2|Sinistcha, L50|\n|poke|p2|Kingambit, L50, F|\n|poke|p2|Tyranitar, L50, F|\n|poke|p2|Kommo-o, L50, M|\n|teampreview|4\n|inactive|Battle timer is ON: inactive players will automatically lose when time's up. (requested by Mask4M)\n|inactive|Mask4M has 60 seconds left.\n|inactive|Tmh golden has 60 seconds left.\n|\n|t:|1776197631\n|teamsize|p1|4\n|teamsize|p2|4\n|start\n|switch|p1a: Glimmora|Glimmora, L50, M|100/100\n|switch|p1b: Whimsicott|Whimsicott, L50, M|100/100\n|switch|p2a: Gengar|Gengar, L50, M|100/100\n|switch|p2b: Incineroar|Incineroar, L50, M|100/100\n|-ability|p2b: Incineroar|Intimidate|boost\n|-unboost|p1a: Glimmora|atk|1\n|-unboost|p1b: Whimsicott|atk|1\n|turn|1\n|inactive|Mask4M has 30 seconds left.\n|inactive|Mask4M has 20 seconds left.\n|inactive|Mask4M has 15 seconds left.\n|inactive|Mask4M has 10 seconds left.\n|\n|t:|1776197677\n|switch|p1b: Sneasler|Sneasler, L50, M|100/100\n|detailschange|p2a: Gengar|Gengar-Mega, L50, M\n|-mega|p2a: Gengar|Gengar|Gengarite\n|detailschange|p1a: Glimmora|Glimmora-Mega, L50, M\n|-mega|p1a: Glimmora|Glimmora|Glimmoranite\n|move|p2b: Incineroar|Fake Out|p1a: Glimmora\n|-resisted|p1a: Glimmora|1\n|-damage|p1a: Glimmora|95/100\n|move|p2a: Gengar|Perish Song|p2a: Gengar\n|-start|p1a: Glimmora|perish3|[silent]\n|-start|p1b: Sneasler|perish3|[silent]\n|-start|p2a: Gengar|perish3|[silent]\n|-start|p2b: Incineroar|perish3|[silent]\n|-fieldactivate|move: Perish Song\n|cant|p1a: Glimmora|flinch\n|\n|-start|p2a: Gengar|perish3\n|-start|p1b: Sneasler|perish3\n|-start|p1a: Glimmora|perish3\n|-start|p2b: Incineroar|perish3\n|upkeep\n|turn|2\n|inactive|Mask4M has 30 seconds left.\n|inactive|Tmh golden has 30 seconds left.\n|inactive|Mask4M has 20 seconds left.\n|\n|t:|1776197715\n|move|p2a: Gengar|Protect|p2a: Gengar\n|-singleturn|p2a: Gengar|Protect\n|move|p2b: Incineroar|Protect|p2b: Incineroar\n|-singleturn|p2b: Incineroar|Protect\n|move|p1b: Sneasler|Dire Claw|p2b: Incineroar\n|-activate|p2b: Incineroar|move: Protect\n|move|p1a: Glimmora|Earth Power|p2a: Gengar\n|-activate|p2a: Gengar|move: Protect\n|\n|-start|p2a: Gengar|perish2\n|-start|p1b: Sneasler|perish2\n|-start|p1a: Glimmora|perish2\n|-start|p2b: Incineroar|perish2\n|upkeep\n|turn|3\n|inactive|Tmh golden has 30 seconds left.\n|\n|t:|1776197745\n|switch|p2a: Sinistcha|Sinistcha, L50|100/100\n|move|p1b: Sneasler|Close Combat|p2b: Incineroar\n|-supereffective|p2b: Incineroar|1\n|-damage|p2b: Incineroar|0 fnt\n|-unboost|p1b: Sneasler|def|1\n|-unboost|p1b: Sneasler|spd|1\n|faint|p2b: Incineroar\n|-enditem|p1b: Sneasler|White Herb\n|-clearnegativeboost|p1b: Sneasler|[silent]\n|move|p1a: Glimmora|Earth Power|p2a: Sinistcha\n|-resisted|p2a: Sinistcha|1\n|-damage|p2a: Sinistcha|82/100\n|\n|-start|p1b: Sneasler|perish1\n|-start|p1a: Glimmora|perish1\n|upkeep\n|\n|t:|1776197763\n|switch|p2b: Gengar|Gengar-Mega, L50, M|100/100\n|turn|4\n|\n|t:|1776197784\n|move|p2b: Gengar|Protect|p2b: Gengar\n|-singleturn|p2b: Gengar|Protect\n|move|p2a: Sinistcha|Protect|p2a: Sinistcha\n|-singleturn|p2a: Sinistcha|Protect\n|move|p1b: Sneasler|Dire Claw|p2a: Sinistcha\n|-activate|p2a: Sinistcha|move: Protect\n|move|p1a: Glimmora|Power Gem|p2a: Sinistcha\n|-activate|p2a: Sinistcha|move: Protect\n|\n|-start|p1b: Sneasler|perish0\n|-start|p1a: Glimmora|perish0\n|faint|p1b: Sneasler\n|faint|p1a: Glimmora\n|upkeep\n|\n|t:|1776197788\n|switch|p1b: Dragonite|Dragonite, L50, M|100/100\n|switch|p1a: Whimsicott|Whimsicott, L50, M|100/100\n|turn|5\n|\n|t:|1776197807\n|move|p2a: Sinistcha|Rage Powder|p2a: Sinistcha\n|-singleturn|p2a: Sinistcha|move: Rage Powder\n|move|p1a: Whimsicott|Encore|p2b: Gengar\n|-start|p2b: Gengar|Encore\n|move|p2b: Gengar|Protect||[still]\n|-fail|p2b: Gengar\n|move|p1b: Dragonite|Ice Spinner|p2a: Sinistcha\n|-supereffective|p2a: Sinistcha|1\n|-damage|p2a: Sinistcha|29/100\n|-enditem|p2a: Sinistcha|Sitrus Berry|[eat]\n|-heal|p2a: Sinistcha|54/100|[from] item: Sitrus Berry\n|\n|upkeep\n|turn|6\n|inactive|Mask4M has 30 seconds left.\n|inactive|Mask4M has 20 seconds left.\n|inactive|Mask4M has 15 seconds left.\n|\n|t:|1776197852\n|switch|p2b: Kingambit|Kingambit, L50, F|100/100\n|move|p1a: Whimsicott|Moonblast|p2a: Sinistcha\n|-damage|p2a: Sinistcha|12/100\n|move|p1b: Dragonite|Dragon Claw|p2b: Kingambit\n|-resisted|p2b: Kingambit|1\n|-damage|p2b: Kingambit|85/100\n|move|p2a: Sinistcha|Life Dew|p2a: Sinistcha|[spread] p2a,p2b\n|-heal|p2a: Sinistcha|37/100\n|-heal|p2b: Kingambit|100/100\n|\n|upkeep\n|turn|7\n|inactive|Mask4M has 30 seconds left.\n|\n|t:|1776197877\n|move|p1b: Dragonite|Protect|p1b: Dragonite\n|-singleturn|p1b: Dragonite|Protect\n|move|p2a: Sinistcha|Rage Powder|p2a: Sinistcha\n|-singleturn|p2a: Sinistcha|move: Rage Powder\n|move|p1a: Whimsicott|Taunt|p2a: Sinistcha\n|-start|p2a: Sinistcha|move: Taunt\n|move|p2b: Kingambit|Iron Head|p1a: Whimsicott\n|-supereffective|p1a: Whimsicott|1\n|-enditem|p1a: Whimsicott|Focus Sash\n|-damage|p1a: Whimsicott|1/100\n|\n|upkeep\n|turn|8\n|inactive|Mask4M has 30 seconds left.\n|inactive|Tmh golden has 30 seconds left.\n|inactive|Tmh golden has 20 seconds left.\n|inactive|Tmh golden has 15 seconds left.\n|\n|t:|1776197920\n|move|p1a: Whimsicott|Moonblast|p2b: Kingambit\n|-damage|p2b: Kingambit|63/100\n|move|p1b: Dragonite|Ice Spinner|p2a: Sinistcha\n|-supereffective|p2a: Sinistcha|1\n|-damage|p2a: Sinistcha|0 fnt\n|faint|p2a: Sinistcha\n|move|p2b: Kingambit|Iron Head|p1a: Whimsicott\n|-supereffective|p1a: Whimsicott|1\n|-damage|p1a: Whimsicott|0 fnt\n|faint|p1a: Whimsicott\n|\n|upkeep\n|\n|t:|1776197931\n|switch|p2a: Gengar|Gengar-Mega, L50, M|100/100\n|turn|9\n|\n|t:|1776197949\n|move|p2b: Kingambit|Sucker Punch|p1b: Dragonite\n|-damage|p1b: Dragonite|61/100\n|move|p2a: Gengar|Will-O-Wisp|p1b: Dragonite\n|-status|p1b: Dragonite|brn\n|move|p1b: Dragonite|Dragon Claw|p2a: Gengar\n|-damage|p2a: Gengar|74/100\n|\n|-damage|p1b: Dragonite|55/100 brn|[from] brn\n|upkeep\n|turn|10\n|-message|Mask4M forfeited.\n|\n|win|Tmh golden\n|raw|Mask4M's rating: 1117 &rarr; <strong>1095</strong><br />(-22 for losing)\n|raw|Tmh golden's rating: 1160 &rarr; <strong>1182</strong><br />(+22 for winning)\n",
  "uploadtime": 1776197961,
  "views": 27,
  "formatid": "gen9championsvgc2026regma",
  "rating": 1095,
  "private": 0,
  "password": null
}