{
  "id": "gen9championsvgc2026regma-2582188270",
  "format": "[Gen 9 Champions] VGC 2026 Reg M-A",
  "players": [
    "shnowyy",
    "PerrymonVGC"
  ],
  "log": "|j|\u2606shnowyy\n|j|\u2606PerrymonVGC\n|t:|1776069101\n|gametype|doubles\n|player|p1|shnowyy|clerkf|1187\n|player|p2|PerrymonVGC|170|1144\n|gen|9\n|tier|[Gen 9 Champions] VGC 2026 Reg M-A\n|rated|\n|rule|Species Clause: Limit one of each Pok\u00e9mon\n|rule|Item Clause: Limit 1 of each item\n|clearpoke\n|poke|p1|Garchomp, L50, M|\n|poke|p1|Ninetales-Alola, L50, M|\n|poke|p1|Ceruledge, L50, F|\n|poke|p1|Emolga, L50, F|\n|poke|p1|Corviknight, L50, M|\n|poke|p1|Starmie, L50|\n|poke|p2|Floette-Eternal, L50, F|\n|poke|p2|Kingambit, L50, F|\n|poke|p2|Aerodactyl, L50, M|\n|poke|p2|Incineroar, L50, F|\n|poke|p2|Sneasler, L50, M|\n|poke|p2|Basculegion, L50, M|\n|teampreview|4\n|inactive|Battle timer is ON: inactive players will automatically lose when time's up. (requested by shnowyy)\n|l|\u2606shnowyy\n|inactive|shnowyy disconnected and has a minute to reconnect!\n|player|p1|\n|j|\u2606shnowyy\n|inactive|shnowyy reconnected and has 75 seconds left.\n|player|p1|shnowyy|clerkf|\n|inactive|shnowyy has 60 seconds left.\n|\n|t:|1776069142\n|teamsize|p1|4\n|teamsize|p2|4\n|start\n|switch|p1a: Corviknight|Corviknight, L50, M|100/100\n|switch|p1b: Starmie|Starmie, L50|100/100\n|switch|p2a: Aerodactyl|Aerodactyl, L50, M|100/100\n|switch|p2b: Sneasler|Sneasler, L50, M|100/100\n|-ability|p2a: Aerodactyl|Unnerve\n|turn|1\n|\n|t:|1776069160\n|move|p2b: Sneasler|Fake Out|p1b: Starmie\n|-damage|p1b: Starmie|83/100\n|move|p2a: Aerodactyl|Tailwind|p2a: Aerodactyl\n|-sidestart|p2: PerrymonVGC|move: Tailwind\n|cant|p1b: Starmie|flinch\n|move|p1a: Corviknight|Tailwind|p1a: Corviknight\n|-sidestart|p1: shnowyy|move: Tailwind\n|\n|-heal|p1b: Starmie|89/100|[from] item: Leftovers\n|upkeep\n|turn|2\n|inactive|PerrymonVGC has 30 seconds left.\n|\n|t:|1776069186\n|move|p2a: Aerodactyl|Rock Slide|p1b: Starmie|[spread] p1a,p1b\n|-damage|p1a: Corviknight|83/100\n|-damage|p1b: Starmie|60/100\n|move|p2b: Sneasler|Close Combat|p1a: Corviknight\n|-damage|p1a: Corviknight|43/100\n|-unboost|p2b: Sneasler|def|1\n|-unboost|p2b: Sneasler|spd|1\n|-enditem|p2b: Sneasler|White Herb\n|-clearnegativeboost|p2b: Sneasler|[silent]\n|cant|p1b: Starmie|flinch\n|move|p1a: Corviknight|Iron Defense|p1a: Corviknight\n|-boost|p1a: Corviknight|def|2\n|\n|-heal|p1b: Starmie|66/100|[from] item: Leftovers\n|upkeep\n|turn|3\n|\n|t:|1776069204\n|move|p2b: Sneasler|Dire Claw|p1b: Starmie\n|-crit|p1b: Starmie\n|-damage|p1b: Starmie|0 fnt\n|faint|p1b: Starmie\n|move|p2a: Aerodactyl|Rock Slide|p1a: Corviknight\n|-damage|p1a: Corviknight|32/100\n|move|p1a: Corviknight|Body Press|p2a: Aerodactyl\n|-damage|p2a: Aerodactyl|14/100\n|\n|upkeep\n|\n|t:|1776069212\n|switch|p1b: Garchomp|Garchomp, L50, M|100/100\n|turn|4\n|\n|t:|1776069226\n|move|p2a: Aerodactyl|Protect|p2a: Aerodactyl\n|-singleturn|p2a: Aerodactyl|Protect\n|move|p2b: Sneasler|Dire Claw|p1b: Garchomp\n|-resisted|p1b: Garchomp|1\n|-damage|p1b: Garchomp|76/100\n|-damage|p2b: Sneasler|88/100|[from] ability: Rough Skin|[of] p1b: Garchomp\n|move|p1b: Garchomp|Swords Dance|p1b: Garchomp\n|-boost|p1b: Garchomp|atk|2\n|move|p1a: Corviknight|Body Press|p2a: Aerodactyl\n|-activate|p2a: Aerodactyl|move: Protect\n|\n|-sideend|p2: PerrymonVGC|move: Tailwind\n|-sideend|p1: shnowyy|move: Tailwind\n|upkeep\n|turn|5\n|\n|t:|1776069239\n|move|p2b: Sneasler|Close Combat|p1b: Garchomp\n|-crit|p1b: Garchomp\n|-damage|p1b: Garchomp|0 fnt\n|-unboost|p2b: Sneasler|def|1\n|-unboost|p2b: Sneasler|spd|1\n|-damage|p2b: Sneasler|76/100|[from] ability: Rough Skin|[of] p1b: Garchomp\n|faint|p1b: Garchomp\n|move|p2a: Aerodactyl|Tailwind|p2a: Aerodactyl\n|-sidestart|p2: PerrymonVGC|move: Tailwind\n|move|p1a: Corviknight|Tailwind|p1a: Corviknight\n|-sidestart|p1: shnowyy|move: Tailwind\n|\n|upkeep\n|\n|t:|1776069246\n|switch|p1b: Ceruledge|Ceruledge, L50, F|100/100\n|turn|6\n|\n|t:|1776069265\n|move|p2b: Sneasler|Dire Claw|p1b: Ceruledge\n|-resisted|p1b: Ceruledge|1\n|-damage|p1b: Ceruledge|72/100\n|-status|p1b: Ceruledge|par\n|move|p2a: Aerodactyl|Rock Slide|p1a: Corviknight|[spread] p1a,p1b\n|-supereffective|p1b: Ceruledge|1\n|-damage|p1a: Corviknight|24/100\n|-damage|p1b: Ceruledge|12/100 par\n|move|p1a: Corviknight|Body Press|p2a: Aerodactyl\n|-damage|p2a: Aerodactyl|0 fnt\n|-enditem|p1a: Corviknight|Sitrus Berry|[eat]\n|-heal|p1a: Corviknight|49/100|[from] item: Sitrus Berry\n|faint|p2a: Aerodactyl\n|cant|p1b: Ceruledge|par\n|\n|upkeep\n|\n|t:|1776069281\n|switch|p2a: Kingambit|Kingambit, L50, F|100/100\n|turn|7\n|\n|t:|1776069286\n|move|p1b: Ceruledge|Protect|p1b: Ceruledge\n|-singleturn|p1b: Ceruledge|Protect\n|move|p2a: Kingambit|Sucker Punch||[still]\n|-fail|p2a: Kingambit\n|move|p2b: Sneasler|Close Combat|p1a: Corviknight\n|-damage|p1a: Corviknight|27/100\n|-unboost|p2b: Sneasler|def|1\n|-unboost|p2b: Sneasler|spd|1\n|move|p1a: Corviknight|Body Press|p2a: Kingambit\n|-supereffective|p2a: Kingambit|2\n|-damage|p2a: Kingambit|0 fnt\n|faint|p2a: Kingambit\n|\n|upkeep\n|\n|t:|1776069289\n|switch|p2a: Basculegion|Basculegion, L50, M|100/100\n|turn|8\n|\n|t:|1776069307\n|move|p1b: Ceruledge|Shadow Sneak|p2a: Basculegion\n|-supereffective|p2a: Basculegion|1\n|-damage|p2a: Basculegion|39/100\n|move|p2b: Sneasler|Close Combat|p1a: Corviknight\n|-damage|p1a: Corviknight|4/100\n|-unboost|p2b: Sneasler|def|1\n|-unboost|p2b: Sneasler|spd|1\n|move|p2a: Basculegion|Last Respects|p1b: Ceruledge\n|-supereffective|p1b: Ceruledge|1\n|-enditem|p1b: Ceruledge|Kasib Berry|[eat]\n|-enditem|p1b: Ceruledge|Kasib Berry|[weaken]\n|-damage|p1b: Ceruledge|0 fnt\n|faint|p1b: Ceruledge\n|move|p1a: Corviknight|Brave Bird|p2b: Sneasler\n|-supereffective|p2b: Sneasler|1\n|-damage|p2b: Sneasler|0 fnt\n|faint|p2b: Sneasler\n|-damage|p1a: Corviknight|0 fnt|[from] Recoil\n|faint|p1a: Corviknight\n|\n|win|PerrymonVGC\n|raw|shnowyy's rating: 1187 &rarr; <strong>1159</strong><br />(-28 for losing)\n|raw|PerrymonVGC's rating: 1144 &rarr; <strong>1172</strong><br />(+28 for winning)\n",
  "uploadtime": 1776069331,
  "views": 13,
  "formatid": "gen9championsvgc2026regma",
  "rating": 1159,
  "private": 0,
  "password": null
}