{
  "id": "gen9championsvgc2026regma-2583005141",
  "format": "[Gen 9 Champions] VGC 2026 Reg M-A",
  "players": [
    "boysenorange",
    "frostbyte01"
  ],
  "log": "|j|\u2606boysenorange\n|j|\u2606frostbyte01\n|t:|1776132613\n|gametype|doubles\n|player|p1|boysenorange|turo|1113\n|player|p2|frostbyte01|2|1040\n|gen|9\n|tier|[Gen 9 Champions] VGC 2026 Reg M-A\n|rated|\n|rule|Species Clause: Limit one of each Pok\u00e9mon\n|rule|Item Clause: Limit 1 of each item\n|clearpoke\n|poke|p1|Farigiraf, L50, F|\n|poke|p1|Drampa, L50, F|\n|poke|p1|Sinistcha, L50|\n|poke|p1|Hatterene, L50, F|\n|poke|p1|Slowbro, L50, M|\n|poke|p1|Ninetales-Alola, L50, F|\n|poke|p2|Chesnaught, L50, F|\n|poke|p2|Basculegion, L50, M|\n|poke|p2|Dragonite, L50, M|\n|poke|p2|Sinistcha, L50|\n|poke|p2|Goodra-Hisui, L50, M|\n|poke|p2|Pelipper, L50, M|\n|teampreview|4\n|inactive|Battle timer is ON: inactive players will automatically lose when time's up. (requested by boysenorange)\n|inactive|frostbyte01 has 60 seconds left.\n|\n|t:|1776132682\n|teamsize|p1|4\n|teamsize|p2|4\n|start\n|switch|p1a: Farigiraf|Farigiraf, L50, F|100/100\n|switch|p1b: Ninetales|Ninetales-Alola, L50, F|100/100\n|switch|p2a: Pelipper|Pelipper, L50, M|100/100\n|switch|p2b: Dragonite|Dragonite, L50, M|100/100\n|-weather|Snowscape|[from] ability: Snow Warning|[of] p1b: Ninetales\n|-weather|RainDance|[from] ability: Drizzle|[of] p2a: Pelipper\n|turn|1\n|inactive|frostbyte01 has 30 seconds left.\n|inactive|frostbyte01 has 20 seconds left.\n|\n|t:|1776132718\n|detailschange|p2b: Dragonite|Dragonite-Mega, L50, M\n|-mega|p2b: Dragonite|Dragonite|Dragoninite\n|move|p1b: Ninetales|Moonblast|p2b: Dragonite\n|-supereffective|p2b: Dragonite|1\n|-damage|p2b: Dragonite|72/100\n|move|p2a: Pelipper|U-turn|p1a: Farigiraf\n|-supereffective|p1a: Farigiraf|1\n|-damage|p1a: Farigiraf|85/100\n|\n|t:|1776132725\n|switch|p2a: Sinistcha|Sinistcha, L50|100/100|[from] U-turn\n|-heal|p2b: Dragonite|96/100|[from] ability: Hospitality|[of] p2a: Sinistcha\n|move|p2b: Dragonite|Tailwind|p2b: Dragonite\n|-sidestart|p2: frostbyte01|move: Tailwind\n|move|p1a: Farigiraf|Trick Room|p1a: Farigiraf\n|-fieldstart|move: Trick Room|[of] p1a: Farigiraf\n|\n|-weather|RainDance|[upkeep]\n|upkeep\n|turn|2\n|inactive|frostbyte01 has 30 seconds left.\n|\n|t:|1776132758\n|switch|p1b: Hatterene|Hatterene, L50, F|100/100\n|move|p1a: Farigiraf|Hyper Voice|p2b: Dragonite|[spread] p2b\n|-immune|p2a: Sinistcha\n|-damage|p2b: Dragonite|76/100\n|move|p2b: Dragonite|Thunder|p1b: Hatterene\n|-damage|p1b: Hatterene|54/100\n|move|p2a: Sinistcha|Life Dew||[still]|[spread] p2a,p2b\n|-fail|p2a: Sinistcha|heal\n|-heal|p2b: Dragonite|100/100\n|\n|-weather|RainDance|[upkeep]\n|upkeep\n|turn|3\n|inactive|frostbyte01 has 30 seconds left.\n|inactive|frostbyte01 has 20 seconds left.\n|\n|t:|1776132795\n|switch|p1a: Drampa|Drampa, L50, F|100/100\n|move|p2a: Sinistcha|Rage Powder|p2a: Sinistcha\n|-singleturn|p2a: Sinistcha|move: Rage Powder\n|move|p1b: Hatterene|Dazzling Gleam|p2b: Dragonite|[spread] p2a,p2b\n|-supereffective|p2b: Dragonite|1\n|-damage|p2a: Sinistcha|47/100\n|-damage|p2b: Dragonite|70/100\n|move|p2b: Dragonite|Thunder|p1a: Drampa\n|-resisted|p1a: Drampa|1\n|-damage|p1a: Drampa|78/100\n|\n|-weather|RainDance|[upkeep]\n|-heal|p2a: Sinistcha|53/100|[from] item: Leftovers\n|upkeep\n|turn|4\n|inactive|frostbyte01 has 30 seconds left.\n|\n|t:|1776132827\n|detailschange|p1a: Drampa|Drampa-Mega, L50, F\n|-mega|p1a: Drampa|Drampa|Drampanite\n|move|p1b: Hatterene|Dazzling Gleam|p2a: Sinistcha|[spread] p2a,p2b\n|-supereffective|p2b: Dragonite|1\n|-damage|p2a: Sinistcha|6/100\n|-damage|p2b: Dragonite|7/100\n|move|p1a: Drampa|Shadow Ball|p2a: Sinistcha\n|-supereffective|p2a: Sinistcha|1\n|-damage|p2a: Sinistcha|0 fnt\n|faint|p2a: Sinistcha\n|move|p2b: Dragonite|Hurricane|p1a: Drampa\n|-damage|p1a: Drampa|23/100\n|-ability|p1a: Drampa|Berserk|boost\n|-boost|p1a: Drampa|spa|1\n|\n|-weather|RainDance|[upkeep]\n|-sideend|p2: frostbyte01|move: Tailwind\n|upkeep\n|\n|t:|1776132845\n|switch|p2a: Pelipper|Pelipper, L50, M|100/100\n|turn|5\n|\n|t:|1776132866\n|move|p1b: Hatterene|Heal Pulse|p1a: Drampa\n|-heal|p1a: Drampa|73/100\n|move|p1a: Drampa|Shadow Ball|p2b: Dragonite\n|-damage|p2b: Dragonite|0 fnt\n|faint|p2b: Dragonite\n|move|p2a: Pelipper|Hurricane|p1a: Drampa\n|-damage|p1a: Drampa|40/100\n|-ability|p1a: Drampa|Berserk|boost\n|-boost|p1a: Drampa|spa|1\n|\n|-weather|none\n|-fieldend|move: Trick Room\n|upkeep\n|\n|t:|1776132885\n|switch|p2b: Basculegion|Basculegion, L50, M|100/100\n|turn|6\n|inactive|boysenorange has 30 seconds left.\n|inactive|boysenorange has 20 seconds left.\n|inactive|boysenorange has 15 seconds left.\n|\n|t:|1776132925\n|switch|p1b: Farigiraf|Farigiraf, L50, F|85/100\n|move|p1a: Drampa|Protect|p1a: Drampa\n|-singleturn|p1a: Drampa|Protect\n|move|p2b: Basculegion|Wave Crash|p1a: Drampa\n|-activate|p1a: Drampa|move: Protect\n|move|p2a: Pelipper|Tailwind|p2a: Pelipper\n|-sidestart|p2: frostbyte01|move: Tailwind\n|\n|upkeep\n|turn|7\n|\n|t:|1776132945\n|switch|p1a: Ninetales|Ninetales-Alola, L50, F|100/100\n|-weather|Snowscape|[from] ability: Snow Warning|[of] p1a: Ninetales\n|move|p2a: Pelipper|Wide Guard|p2a: Pelipper\n|-singleturn|p2a: Pelipper|Wide Guard\n|move|p2b: Basculegion|Wave Crash|p1a: Ninetales\n|-damage|p1a: Ninetales|23/100\n|-damage|p2b: Basculegion|81/100|[from] Recoil\n|move|p1b: Farigiraf|Trick Room|p1b: Farigiraf\n|-fieldstart|move: Trick Room|[of] p1b: Farigiraf\n|\n|-weather|Snowscape|[upkeep]\n|upkeep\n|turn|8\n|\n|t:|1776132968\n|switch|p1a: Hatterene|Hatterene, L50, F|54/100\n|move|p1b: Farigiraf|Psyshock|p2b: Basculegion\n|-damage|p2b: Basculegion|44/100\n|move|p2a: Pelipper|Hurricane|p1a: Hatterene\n|-damage|p1a: Hatterene|12/100\n|move|p2b: Basculegion|Wave Crash|p1a: Hatterene\n|-damage|p1a: Hatterene|0 fnt\n|faint|p1a: Hatterene\n|-damage|p2b: Basculegion|41/100|[from] Recoil\n|\n|-weather|Snowscape|[upkeep]\n|upkeep\n|\n|t:|1776132978\n|switch|p1a: Drampa|Drampa-Mega, L50, F|40/100\n|turn|9\n|\n|t:|1776132989\n|move|p1a: Drampa|Shadow Ball|p2b: Basculegion\n|-supereffective|p2b: Basculegion|1\n|-damage|p2b: Basculegion|0 fnt\n|faint|p2b: Basculegion\n|move|p1b: Farigiraf|Psyshock|p2a: Pelipper\n|-damage|p2a: Pelipper|66/100\n|move|p2a: Pelipper|Hurricane|p1b: Farigiraf\n|-damage|p1b: Farigiraf|54/100\n|-start|p1b: Farigiraf|confusion\n|\n|-weather|Snowscape|[upkeep]\n|-sideend|p2: frostbyte01|move: Tailwind\n|upkeep\n|turn|10\n|-message|frostbyte01 forfeited.\n|\n|win|boysenorange\n|raw|boysenorange's rating: 1113 &rarr; <strong>1133</strong><br />(+20 for winning)\n|raw|frostbyte01's rating: 1040 &rarr; <strong>1027</strong><br />(-13 for losing)\n|l|\u2606frostbyte01\n|player|p2|\n",
  "uploadtime": 1776133004,
  "views": 13,
  "formatid": "gen9championsvgc2026regma",
  "rating": 1027,
  "private": 0,
  "password": null
}