{
  "id": "gen9championsvgc2026regma-2589422272",
  "format": "[Gen 9 Champions] VGC 2026 Reg M-A",
  "players": [
    "miujao4",
    "SDLT LucaIaria63"
  ],
  "log": "|raw|<div class=\"broadcast-blue\"><strong>This battle is required to be public due to a player having a name starting with 'sdlt'.</div>\n|j|\u2606miujao4\n|j|\u2606SDLT LucaIaria63\n|t:|1776721629\n|gametype|doubles\n|player|p1|miujao4|kukui|1107\n|player|p2|SDLT LucaIaria63|colress|1121\n|gen|9\n|tier|[Gen 9 Champions] VGC 2026 Reg M-A\n|rated|\n|rule|Species Clause: Limit one of each Pok\u00e9mon\n|rule|Item Clause: Limit 1 of each item\n|clearpoke\n|poke|p1|Reuniclus, L50, M, shiny|\n|poke|p1|Gengar, L50, M, shiny|\n|poke|p1|Chandelure, L50, M|\n|poke|p1|Whimsicott, L50, M, shiny|\n|poke|p1|Farigiraf, L50, M|\n|poke|p1|Blastoise, L50, F, shiny|\n|poke|p2|Gardevoir, L50, M|\n|poke|p2|Sinistcha, L50|\n|poke|p2|Politoed, L50, F|\n|poke|p2|Noivern, L50, F|\n|poke|p2|Garchomp, L50, F|\n|poke|p2|Rotom-Wash, L50|\n|teampreview|4\n|inactive|Battle timer is ON: inactive players will automatically lose when time's up. (requested by miujao4)\nmiujao4 rejected open team sheets.\n|inactive|SDLT LucaIaria63 has 60 seconds left.\n|\n|t:|1776721696\n|teamsize|p1|4\n|teamsize|p2|4\n|start\n|switch|p1a: Farigiraf|Farigiraf, L50, M|100/100\n|switch|p1b: Blastoise|Blastoise, L50, F, shiny|100/100\n|switch|p2a: Gardevoir|Gardevoir, L50, M|100/100\n|switch|p2b: Sinistcha|Sinistcha, L50|100/100\n|-ability|p2a: Gardevoir|Armor Tail|Trace|[from] ability: Trace|[of] p1a: Farigiraf\n|turn|1\n|\n|t:|1776721718\n|move|p1b: Blastoise|Muddy Water|p2b: Sinistcha|[spread] p2a,p2b\n|-resisted|p2b: Sinistcha|1\n|-damage|p2a: Gardevoir|66/100\n|-damage|p2b: Sinistcha|80/100\n|move|p2a: Gardevoir|Calm Mind|p2a: Gardevoir\n|-boost|p2a: Gardevoir|spa|1\n|-boost|p2a: Gardevoir|spd|1\n|move|p2b: Sinistcha|Matcha Gotcha|p1a: Farigiraf|[spread] p1a,p1b\n|-supereffective|p1b: Blastoise|1\n|-damage|p1a: Farigiraf|77/100\n|-heal|p2b: Sinistcha|94/100|[from] drain|[of] p1a: Farigiraf\n|-damage|p1b: Blastoise|46/100\n|-heal|p2b: Sinistcha|100/100|[from] drain|[of] p1b: Blastoise\n|move|p1a: Farigiraf|Hyper Voice|p2b: Sinistcha|[spread] p2a\n|-immune|p2b: Sinistcha\n|-damage|p2a: Gardevoir|41/100\n|\n|upkeep\n|turn|2\n|inactive|miujao4 has 30 seconds left.\n|\n|t:|1776721749\n|switch|p2b: Rotom|Rotom-Wash, L50|100/100\n|detailschange|p2a: Gardevoir|Gardevoir-Mega, L50, M\n|-mega|p2a: Gardevoir|Gardevoir|Gardevoirite\n|move|p2a: Gardevoir|Hyper Voice|p1a: Farigiraf|[spread] p1a,p1b\n|-damage|p1a: Farigiraf|3/100\n|-damage|p1b: Blastoise|0 fnt\n|faint|p1b: Blastoise\n|move|p1a: Farigiraf|Trick Room|p1a: Farigiraf\n|-fieldstart|move: Trick Room|[of] p1a: Farigiraf\n|\n|upkeep\n|\n|t:|1776721760\n|switch|p1b: Chandelure|Chandelure, L50, M|100/100\n|turn|3\n|\n|t:|1776721782\n|detailschange|p1b: Chandelure|Chandelure-Mega, L50, M\n|-mega|p1b: Chandelure|Chandelure|Chandelurite\n|move|p2a: Gardevoir|Protect|p2a: Gardevoir\n|-singleturn|p2a: Gardevoir|Protect\n|move|p1a: Farigiraf|Psychic|p2b: Rotom\n|-damage|p2b: Rotom|60/100\n|move|p1b: Chandelure|Shadow Ball|p2b: Rotom\n|-damage|p2b: Rotom|6/100\n|move|p2b: Rotom|Hydro Pump|p1b: Chandelure\n|-supereffective|p1b: Chandelure|1\n|-damage|p1b: Chandelure|19/100\n|\n|-heal|p2b: Rotom|11/100|[from] item: Leftovers\n|upkeep\n|turn|4\n|inactive|SDLT LucaIaria63 has 30 seconds left.\n|\n|t:|1776721810\n|move|p2b: Rotom|Protect|p2b: Rotom\n|-singleturn|p2b: Rotom|Protect\n|move|p1a: Farigiraf|Hyper Voice|p2b: Rotom|[spread] p2a\n|-activate|p2b: Rotom|move: Protect\n|-damage|p2a: Gardevoir|19/100\n|move|p1b: Chandelure|Flamethrower|p2a: Gardevoir\n|-damage|p2a: Gardevoir|0 fnt\n|faint|p2a: Gardevoir\n|\n|-heal|p2b: Rotom|17/100|[from] item: Leftovers\n|upkeep\n|\n|t:|1776721812\n|switch|p2a: Sinistcha|Sinistcha, L50|100/100\n|-heal|p2b: Rotom|42/100|[from] ability: Hospitality|[of] p2a: Sinistcha\n|turn|5\n|\n|t:|1776721822\n|move|p2a: Sinistcha|Rage Powder|p2a: Sinistcha\n|-singleturn|p2a: Sinistcha|move: Rage Powder\n|move|p1a: Farigiraf|Psychic|p2a: Sinistcha\n|-damage|p2a: Sinistcha|53/100\n|move|p1b: Chandelure|Flamethrower|p2a: Sinistcha\n|-supereffective|p2a: Sinistcha|1\n|-damage|p2a: Sinistcha|0 fnt\n|faint|p2a: Sinistcha\n|move|p2b: Rotom|Thunderbolt|p1a: Farigiraf\n|-damage|p1a: Farigiraf|0 fnt\n|faint|p1a: Farigiraf\n|\n|-heal|p2b: Rotom|48/100|[from] item: Leftovers\n|upkeep\n|\n|t:|1776721828\n|switch|p1a: Reuniclus|Reuniclus, L50, M, shiny|100/100\n|switch|p2a: Garchomp|Garchomp, L50, F|100/100\n|turn|6\n|\n|t:|1776721848\n|move|p2b: Rotom|Protect|p2b: Rotom\n|-singleturn|p2b: Rotom|Protect\n|move|p1a: Reuniclus|Psychic|p2a: Garchomp\n|-damage|p2a: Garchomp|51/100\n|move|p1b: Chandelure|Shadow Ball|p2b: Rotom\n|-activate|p2b: Rotom|move: Protect\n|move|p2a: Garchomp|Earthquake|p1b: Chandelure|[spread] p1a,p1b\n|-activate|p2b: Rotom|move: Protect\n|-supereffective|p1b: Chandelure|1\n|-damage|p1a: Reuniclus|63/100\n|-damage|p1b: Chandelure|0 fnt\n|faint|p1b: Chandelure\n|\n|-heal|p2b: Rotom|53/100|[from] item: Leftovers\n|-fieldend|move: Trick Room\n|upkeep\n|turn|7\n|\n|t:|1776721862\n|move|p2a: Garchomp|Dragon Claw|p1a: Reuniclus\n|-damage|p1a: Reuniclus|23/100\n|move|p2b: Rotom|Hydro Pump|p1a: Reuniclus|[miss]\n|-miss|p2b: Rotom|p1a: Reuniclus\n|move|p1a: Reuniclus|Psychic|p2a: Garchomp\n|-damage|p2a: Garchomp|2/100\n|-enditem|p2a: Garchomp|Sitrus Berry|[eat]\n|-heal|p2a: Garchomp|27/100|[from] item: Sitrus Berry\n|\n|-heal|p2b: Rotom|59/100|[from] item: Leftovers\n|upkeep\n|turn|8\n|\n|t:|1776721867\n|move|p2a: Garchomp|Dragon Claw|p1a: Reuniclus\n|-damage|p1a: Reuniclus|0 fnt\n|faint|p1a: Reuniclus\n|\n|win|SDLT LucaIaria63\n|raw|miujao4's rating: 1107 &rarr; <strong>1083</strong><br />(-24 for losing)\n|raw|SDLT LucaIaria63's rating: 1121 &rarr; <strong>1145</strong><br />(+24 for winning)\n|l|\u2606miujao4\n|player|p1|\n",
  "uploadtime": 1776721872,
  "views": 3,
  "formatid": "gen9championsvgc2026regma",
  "rating": 1083,
  "private": 0,
  "password": null
}