{
  "id": "gen9championsvgc2026regma-2581725467",
  "format": "[Gen 9 Champions] VGC 2026 Reg M-A",
  "players": [
    "Missed Ledgedash",
    "ewfh"
  ],
  "log": "|j|\u2606Missed Ledgedash\n|j|\u2606ewfh\n|t:|1776023646\n|gametype|doubles\n|player|p1|Missed Ledgedash|juan-gen3|1134\n|player|p2|ewfh|hilbert-masters|1166\n|gen|9\n|tier|[Gen 9 Champions] VGC 2026 Reg M-A\n|rated|\n|rule|Species Clause: Limit one of each Pok\u00e9mon\n|rule|Item Clause: Limit 1 of each item\n|clearpoke\n|poke|p1|Incineroar, L50, M|\n|poke|p1|Gengar, L50, M|\n|poke|p1|Gyarados, L50, M|\n|poke|p1|Tyranitar, L50, M|\n|poke|p1|Sneasler, L50, F|\n|poke|p1|Excadrill, L50, F|\n|poke|p2|Clefable, L50, F|\n|poke|p2|Typhlosion-Hisui, L50, M|\n|poke|p2|Aerodactyl, L50, F|\n|poke|p2|Mamoswine, L50, M|\n|poke|p2|Rotom-Wash, L50|\n|poke|p2|Hawlucha, L50, M|\n|teampreview|4\n|\n|t:|1776023665\n|teamsize|p1|4\n|teamsize|p2|4\n|start\n|switch|p1a: Gengar|Gengar, L50, M|100/100\n|switch|p1b: Incineroar|Incineroar, L50, M|100/100\n|switch|p2a: Typhlosion|Typhlosion-Hisui, L50, M, shiny|100/100\n|switch|p2b: Aerodactyl|Aerodactyl, L50, F|100/100\n|-item|p1a: Gengar|Gengarite|[from] ability: Frisk|[of] p2a: Typhlosion\n|-item|p1b: Incineroar|Sitrus Berry|[from] ability: Frisk|[of] p2a: Typhlosion\n|-ability|p1b: Incineroar|Intimidate|boost\n|-unboost|p2a: Typhlosion|atk|1\n|-unboost|p2b: Aerodactyl|atk|1\n|turn|1\n|\n|t:|1776023689\n|detailschange|p2b: Aerodactyl|Aerodactyl-Mega, L50, F\n|-mega|p2b: Aerodactyl|Aerodactyl|Aerodactylite\n|detailschange|p1a: Gengar|Gengar-Mega, L50, M\n|-mega|p1a: Gengar|Gengar|Gengarite\n|move|p1b: Incineroar|Fake Out|p2b: Aerodactyl\n|-resisted|p2b: Aerodactyl|1\n|-damage|p2b: Aerodactyl|93/100\n|cant|p2b: Aerodactyl|flinch\n|move|p1a: Gengar|Shadow Ball|p2a: Typhlosion\n|-supereffective|p2a: Typhlosion|1\n|-enditem|p2a: Typhlosion|Focus Sash\n|-damage|p2a: Typhlosion|1/100\n|move|p2a: Typhlosion|Burn Up|p1a: Gengar\n|-damage|p1a: Gengar|24/100\n|-start|p2a: Typhlosion|typechange|???/Ghost|[from] move: Burn Up\n|\n|upkeep\n|turn|2\n|\n|t:|1776023709\n|move|p1a: Gengar|Protect|p1a: Gengar\n|-singleturn|p1a: Gengar|Protect\n|move|p2b: Aerodactyl|Tailwind|p2b: Aerodactyl\n|-sidestart|p2: ewfh|move: Tailwind\n|move|p2a: Typhlosion|Endeavor|p1b: Incineroar\n|-damage|p1b: Incineroar|1/100\n|-enditem|p1b: Incineroar|Sitrus Berry|[eat]\n|-heal|p1b: Incineroar|26/100|[from] item: Sitrus Berry\n|move|p1b: Incineroar|Throat Chop|p2a: Typhlosion\n|-supereffective|p2a: Typhlosion|1\n|-damage|p2a: Typhlosion|0 fnt\n|faint|p2a: Typhlosion\n|\n|upkeep\n|\n|t:|1776023722\n|switch|p2a: Rotom|Rotom-Wash, L50|100/100\n|turn|3\n|inactive|Battle timer is ON: inactive players will automatically lose when time's up. (requested by ewfh)\n|\n|t:|1776023762\n|switch|p1b: Sneasler|Sneasler, L50, F|100/100\n|move|p1a: Gengar|Protect|p1a: Gengar\n|-singleturn|p1a: Gengar|Protect\n|move|p2b: Aerodactyl|Rock Slide|p1a: Gengar|[spread] p1b\n|-activate|p1a: Gengar|move: Protect\n|-resisted|p1b: Sneasler|1\n|-damage|p1b: Sneasler|83/100\n|move|p2a: Rotom|Reflect|p2a: Rotom\n|-sidestart|p2: ewfh|Reflect\n|\n|upkeep\n|turn|4\n|\n|t:|1776023782\n|move|p1b: Sneasler|Fake Out|p2b: Aerodactyl\n|-resisted|p2b: Aerodactyl|1\n|-damage|p2b: Aerodactyl|86/100\n|cant|p2b: Aerodactyl|flinch\n|move|p2a: Rotom|Thunder Wave|p1b: Sneasler\n|-status|p1b: Sneasler|par\n|move|p1a: Gengar|Perish Song|p1a: Gengar\n|-start|p1a: Gengar|perish3|[silent]\n|-start|p1b: Sneasler|perish3|[silent]\n|-start|p2a: Rotom|perish3|[silent]\n|-start|p2b: Aerodactyl|perish3|[silent]\n|-fieldactivate|move: Perish Song\n|\n|-start|p2b: Aerodactyl|perish3\n|-start|p2a: Rotom|perish3\n|-start|p1a: Gengar|perish3\n|-start|p1b: Sneasler|perish3\n|upkeep\n|turn|5\n|\n|t:|1776023800\n|move|p1a: Gengar|Protect|p1a: Gengar\n|-singleturn|p1a: Gengar|Protect\n|move|p1b: Sneasler|Protect|p1b: Sneasler\n|-singleturn|p1b: Sneasler|Protect\n|move|p2b: Aerodactyl|Rock Slide|p1b: Sneasler|[spread] \n|-activate|p1a: Gengar|move: Protect\n|-activate|p1b: Sneasler|move: Protect\n|move|p2a: Rotom|Thunder Wave|p1a: Gengar\n|-activate|p1a: Gengar|move: Protect\n|\n|-start|p2b: Aerodactyl|perish2\n|-start|p2a: Rotom|perish2\n|-start|p1a: Gengar|perish2\n|-start|p1b: Sneasler|perish2\n|-sideend|p2: ewfh|move: Tailwind\n|upkeep\n|turn|6\n|inactive|ewfh has 30 seconds left.\n|\n|t:|1776023826\n|switch|p1a: Incineroar|Incineroar, L50, M|26/100\n|-ability|p1a: Incineroar|Intimidate|boost\n|-unboost|p2a: Rotom|atk|1\n|-unboost|p2b: Aerodactyl|atk|1\n|move|p2b: Aerodactyl|Rock Slide|p1a: Incineroar|[spread] p1a,p1b\n|-supereffective|p1a: Incineroar|1\n|-crit|p1a: Incineroar\n|-resisted|p1b: Sneasler|1\n|-damage|p1a: Incineroar|0 fnt\n|-damage|p1b: Sneasler|70/100 par\n|faint|p1a: Incineroar\n|move|p2a: Rotom|Discharge|p1b: Sneasler|[spread] p2b,p1b\n|-supereffective|p2b: Aerodactyl|1\n|-damage|p2b: Aerodactyl|28/100\n|-damage|p1b: Sneasler|37/100 par\n|-status|p2b: Aerodactyl|par\n|move|p1b: Sneasler|U-turn|p2b: Aerodactyl\n|-resisted|p2b: Aerodactyl|1\n|-damage|p2b: Aerodactyl|19/100 par\n|\n|t:|1776023845\n|switch|p1b: Gengar|Gengar-Mega, L50, M|24/100|[from] U-turn\n|\n|-start|p2b: Aerodactyl|perish1\n|-start|p2a: Rotom|perish1\n|upkeep\n|\n|t:|1776023848\n|switch|p1a: Gyarados|Gyarados, L50, M|100/100\n|-ability|p1a: Gyarados|Intimidate|boost\n|-unboost|p2a: Rotom|atk|1\n|-unboost|p2b: Aerodactyl|atk|1\n|turn|7\n|\n|t:|1776023863\n|move|p1b: Gengar|Protect|p1b: Gengar\n|-singleturn|p1b: Gengar|Protect\n|move|p1a: Gyarados|Protect|p1a: Gyarados\n|-singleturn|p1a: Gyarados|Protect\n|move|p2b: Aerodactyl|Tailwind|p2b: Aerodactyl\n|-sidestart|p2: ewfh|move: Tailwind\n|move|p2a: Rotom|Discharge|p1a: Gyarados|[spread] p2b\n|-activate|p1a: Gyarados|move: Protect\n|-activate|p1b: Gengar|move: Protect\n|-supereffective|p2b: Aerodactyl|1\n|-damage|p2b: Aerodactyl|0 fnt\n|faint|p2b: Aerodactyl\n|\n|-start|p2a: Rotom|perish0\n|-sideend|p2: ewfh|Reflect\n|faint|p2a: Rotom\n|upkeep\n|\n|t:|1776023878\n|switch|p2b: Mamoswine|Mamoswine, L50, M|100/100\n|turn|8\n|inactive|Missed Ledgedash has 30 seconds left.\n|\n|t:|1776023908\n|move|p2b: Mamoswine|Earthquake|p1a: Gyarados|[spread] p1b\n|-immune|p1a: Gyarados\n|-supereffective|p1b: Gengar|1\n|-damage|p1b: Gengar|0 fnt\n|faint|p1b: Gengar\n|move|p1a: Gyarados|Waterfall|p2b: Mamoswine\n|-supereffective|p2b: Mamoswine|1\n|-damage|p2b: Mamoswine|10/100\n|\n|upkeep\n|inactive|Missed Ledgedash has 30 seconds left.\n|inactive|Missed Ledgedash has 20 seconds left.\n|\n|t:|1776023946\n|switch|p1b: Sneasler|Sneasler, L50, F|37/100 par\n|turn|9\n|inactive|Missed Ledgedash has 30 seconds left.\n|\n|t:|1776023976\n|move|p2b: Mamoswine|Icicle Crash|p1a: Gyarados\n|-damage|p1a: Gyarados|41/100\n|move|p1a: Gyarados|Waterfall|p2b: Mamoswine\n|-supereffective|p2b: Mamoswine|1\n|-damage|p2b: Mamoswine|0 fnt\n|faint|p2b: Mamoswine\n|\n|win|Missed Ledgedash\n|raw|Missed Ledgedash's rating: 1134 &rarr; <strong>1161</strong><br />(+27 for winning)\n|raw|ewfh's rating: 1166 &rarr; <strong>1139</strong><br />(-27 for losing)\n",
  "uploadtime": 1776023976,
  "views": 20,
  "formatid": "gen9championsvgc2026regma",
  "rating": 1139,
  "private": 0,
  "password": null
}