{
  "id": "gen9championsvgc2026regma-2586380068",
  "format": "[Gen 9 Champions] VGC 2026 Reg M-A",
  "players": [
    "catapulta_109",
    "impassw"
  ],
  "log": "|j|\u2606catapulta_109\n|j|\u2606impassw\n|t:|1776430381\n|gametype|doubles\n|player|p1|catapulta_109|byron|1086\n|player|p2|impassw|roark|1113\n|gen|9\n|tier|[Gen 9 Champions] VGC 2026 Reg M-A\n|rated|\n|rule|Species Clause: Limit one of each Pok\u00e9mon\n|rule|Item Clause: Limit 1 of each item\n|clearpoke\n|poke|p1|Aerodactyl, L50, F|\n|poke|p1|Farigiraf, L50, F|\n|poke|p1|Crabominable, L50, F|\n|poke|p1|Sinistcha, L50|\n|poke|p1|Incineroar, L50, M|\n|poke|p1|Chesnaught, L50, F|\n|poke|p2|Charizard, L50, F|\n|poke|p2|Gengar, L50, F|\n|poke|p2|Whimsicott, L50, F|\n|poke|p2|Garchomp, L50, M|\n|poke|p2|Incineroar, L50, F|\n|poke|p2|Milotic, L50, M|\n|teampreview|4\n|inactive|Battle timer is ON: inactive players will automatically lose when time's up. (requested by catapulta_109)\nimpassw has agreed to open team sheets.\ncatapulta_109 rejected open team sheets.\n|inactive|impassw has 60 seconds left.\n|\n|t:|1776430431\n|teamsize|p1|4\n|teamsize|p2|4\n|start\n|switch|p1a: Farigiraf|Farigiraf, L50, F|100/100\n|switch|p1b: Aerodactyl|Aerodactyl, L50, F|100/100\n|switch|p2a: Milotic|Milotic, L50, M|100/100\n|switch|p2b: Incineroar|Incineroar, L50, F|100/100\n|-ability|p1b: Aerodactyl|Unnerve\n|-ability|p2b: Incineroar|Intimidate|boost\n|-unboost|p1a: Farigiraf|atk|1\n|-unboost|p1b: Aerodactyl|atk|1\n|turn|1\n|\n|t:|1776430447\n|move|p1b: Aerodactyl|Stone Edge|p2b: Incineroar\n|-supereffective|p2b: Incineroar|1\n|-damage|p2b: Incineroar|50/100\n|move|p2a: Milotic|Icy Wind|p1a: Farigiraf|[spread] p1a,p1b\n|-supereffective|p1b: Aerodactyl|1\n|-damage|p1a: Farigiraf|88/100\n|-damage|p1b: Aerodactyl|69/100\n|-unboost|p1a: Farigiraf|spe|1\n|-unboost|p1b: Aerodactyl|spe|1\n|move|p2b: Incineroar|Darkest Lariat|p1a: Farigiraf\n|-supereffective|p1a: Farigiraf|1\n|-enditem|p1a: Farigiraf|Colbur Berry|[eat]\n|-enditem|p1a: Farigiraf|Colbur Berry|[weaken]\n|-damage|p1a: Farigiraf|65/100\n|move|p1a: Farigiraf|Trick Room|p1a: Farigiraf\n|-fieldstart|move: Trick Room|[of] p1a: Farigiraf\n|\n|upkeep\n|turn|2\n|inactive|impassw has 30 seconds left.\n|inactive|impassw has 20 seconds left.\n|\n|t:|1776430486\n|switch|p2b: Whimsicott|Whimsicott, L50, F|100/100\n|switch|p1b: Crabominable|Crabominable, L50, F|100/100\n|move|p1a: Farigiraf|Protect|p1a: Farigiraf\n|-singleturn|p1a: Farigiraf|Protect\n|move|p2a: Milotic|Scald|p1b: Crabominable\n|-damage|p1b: Crabominable|63/100\n|\n|upkeep\n|turn|3\n|inactive|impassw has 30 seconds left.\n|\n|t:|1776430520\n|detailschange|p1b: Crabominable|Crabominable-Mega, L50, F\n|-mega|p1b: Crabominable|Crabominable|Crabominite\n|move|p2a: Milotic|Protect|p2a: Milotic\n|-singleturn|p2a: Milotic|Protect\n|move|p2b: Whimsicott|Encore||[still]\n|cant|p1a: Farigiraf|ability: Armor Tail|Encore|[of] p2b: Whimsicott\n|move|p1b: Crabominable|Ice Hammer|p2b: Whimsicott\n|-supereffective|p2b: Whimsicott|1\n|-enditem|p2b: Whimsicott|Focus Sash\n|-damage|p2b: Whimsicott|1/100\n|-unboost|p1b: Crabominable|spe|1\n|move|p1a: Farigiraf|Hyper Voice|p2a: Milotic|[spread] p2b\n|-activate|p2a: Milotic|move: Protect\n|-damage|p2b: Whimsicott|0 fnt\n|faint|p2b: Whimsicott\n|\n|upkeep\n|\n|t:|1776430536\n|switch|p2b: Charizard|Charizard, L50, F|100/100\n|turn|4\n|\n|t:|1776430554\n|detailschange|p2b: Charizard|Charizard-Mega-Y, L50, F\n|-mega|p2b: Charizard|Charizard|Charizardite Y\n|-weather|SunnyDay|[from] ability: Drought|[of] p2b: Charizard\n|move|p2b: Charizard|Protect|p2b: Charizard\n|-singleturn|p2b: Charizard|Protect\n|move|p1b: Crabominable|Thunder Punch|p2b: Charizard\n|-activate|p2b: Charizard|move: Protect\n|move|p1a: Farigiraf|Hyper Voice|p2a: Milotic|[spread] p2a\n|-activate|p2b: Charizard|move: Protect\n|-damage|p2a: Milotic|82/100\n|move|p2a: Milotic|Icy Wind|p1b: Crabominable|[spread] p1a,p1b\n|-resisted|p1b: Crabominable|1\n|-damage|p1a: Farigiraf|52/100\n|-damage|p1b: Crabominable|58/100\n|-unboost|p1a: Farigiraf|spe|1\n|-unboost|p1b: Crabominable|spe|1\n|\n|-weather|SunnyDay|[upkeep]\n|-heal|p2a: Milotic|88/100|[from] item: Leftovers\n|upkeep\n|turn|5\n|inactive|catapulta_109 has 30 seconds left.\n|inactive|impassw has 30 seconds left.\n|\n|t:|1776430588\n|switch|p2b: Incineroar|Incineroar, L50, F|50/100\n|-enditem|p2b: Incineroar|Sitrus Berry|[eat]\n|-heal|p2b: Incineroar|75/100|[from] item: Sitrus Berry\n|-ability|p2b: Incineroar|Intimidate|boost\n|-unboost|p1a: Farigiraf|atk|1\n|-unboost|p1b: Crabominable|atk|1\n|move|p1b: Crabominable|Thunder Punch|p2b: Incineroar\n|-damage|p2b: Incineroar|54/100\n|move|p1a: Farigiraf|Twin Beam|p2a: Milotic\n|-damage|p2a: Milotic|75/100\n|-damage|p2a: Milotic|62/100\n|-hitcount|p2a: Milotic|2\n|move|p2a: Milotic|Icy Wind|p1a: Farigiraf|[spread] p1a,p1b\n|-resisted|p1b: Crabominable|1\n|-damage|p1a: Farigiraf|40/100\n|-damage|p1b: Crabominable|54/100\n|-unboost|p1a: Farigiraf|spe|1\n|-unboost|p1b: Crabominable|spe|1\n|\n|-weather|SunnyDay|[upkeep]\n|-heal|p2a: Milotic|68/100|[from] item: Leftovers\n|-fieldend|move: Trick Room\n|upkeep\n|turn|6\n|inactive|impassw has 30 seconds left.\n|inactive|impassw has 20 seconds left.\n|inactive|impassw has 15 seconds left.\n|inactive|impassw has 10 seconds left.\n|\n|t:|1776430635\n|move|p2a: Milotic|Protect|p2a: Milotic\n|-singleturn|p2a: Milotic|Protect\n|move|p1a: Farigiraf|Protect|p1a: Farigiraf\n|-singleturn|p1a: Farigiraf|Protect\n|move|p2b: Incineroar|Darkest Lariat|p1a: Farigiraf\n|-activate|p1a: Farigiraf|move: Protect\n|move|p1b: Crabominable|Drain Punch|p2b: Incineroar\n|-supereffective|p2b: Incineroar|1\n|-damage|p2b: Incineroar|0 fnt\n|-heal|p1b: Crabominable|83/100|[from] drain|[of] p2b: Incineroar\n|faint|p2b: Incineroar\n|\n|-weather|SunnyDay|[upkeep]\n|-heal|p2a: Milotic|74/100|[from] item: Leftovers\n|upkeep\n|\n|t:|1776430648\n|switch|p2b: Charizard|Charizard-Mega-Y, L50, F|100/100\n|turn|7\n|\n|t:|1776430658\n|move|p2b: Charizard|Heat Wave|p1b: Crabominable|[spread] p1a,p1b\n|-supereffective|p1b: Crabominable|1\n|-damage|p1a: Farigiraf|0 fnt\n|-damage|p1b: Crabominable|0 fnt\n|faint|p1a: Farigiraf\n|faint|p1b: Crabominable\n|move|p2a: Milotic|Scald|p1: Farigiraf|[notarget]\n|-fail|p2a: Milotic\n|\n|-weather|SunnyDay|[upkeep]\n|-heal|p2a: Milotic|80/100|[from] item: Leftovers\n|upkeep\n|\n|t:|1776430663\n|switch|p1a: Aerodactyl|Aerodactyl, L50, F|69/100\n|switch|p1b: Sinistcha|Sinistcha, L50|100/100\n|-ability|p1a: Aerodactyl|Unnerve\n|-heal|p1a: Aerodactyl|93/100|[from] ability: Hospitality|[of] p1b: Sinistcha\n|turn|8\n|inactive|impassw has 30 seconds left.\n|\n|t:|1776430692\n|move|p1a: Aerodactyl|Protect|p1a: Aerodactyl\n|-singleturn|p1a: Aerodactyl|Protect\n|move|p2b: Charizard|Protect|p2b: Charizard\n|-singleturn|p2b: Charizard|Protect\n|move|p2a: Milotic|Ice Beam|p1a: Aerodactyl\n|-activate|p1a: Aerodactyl|move: Protect\n|move|p1b: Sinistcha|Life Dew||[still]|[spread] p1a,p1b\n|-heal|p1a: Aerodactyl|100/100\n|-fail|p1b: Sinistcha|heal\n|\n|-weather|none\n|-heal|p2a: Milotic|86/100|[from] item: Leftovers\n|upkeep\n|turn|9\n|\n|t:|1776430711\n|move|p1a: Aerodactyl|Stone Edge|p2b: Charizard\n|-supereffective|p2b: Charizard|2\n|-damage|p2b: Charizard|0 fnt\n|faint|p2b: Charizard\n|move|p2a: Milotic|Ice Beam|p1a: Aerodactyl\n|-supereffective|p1a: Aerodactyl|1\n|-damage|p1a: Aerodactyl|23/100\n|move|p1b: Sinistcha|Matcha Gotcha|p2a: Milotic\n|-supereffective|p2a: Milotic|1\n|-damage|p2a: Milotic|38/100\n|-status|p2a: Milotic|brn\n|\n|-heal|p2a: Milotic|44/100 brn|[from] item: Leftovers\n|-damage|p2a: Milotic|38/100 brn|[from] brn\n|upkeep\n|turn|10\n|\n|t:|1776430733\n|move|p1a: Aerodactyl|Dual Wingbeat|p2a: Milotic\n|-damage|p2a: Milotic|22/100 brn\n|-damage|p2a: Milotic|7/100 brn\n|-hitcount|p2a: Milotic|2\n|move|p2a: Milotic|Ice Beam|p1a: Aerodactyl\n|-supereffective|p1a: Aerodactyl|1\n|-damage|p1a: Aerodactyl|0 fnt\n|faint|p1a: Aerodactyl\n|move|p1b: Sinistcha|Matcha Gotcha|p2a: Milotic\n|-supereffective|p2a: Milotic|1\n|-damage|p2a: Milotic|0 fnt\n|faint|p2a: Milotic\n|\n|win|catapulta_109\n|raw|catapulta_109's rating: 1086 &rarr; <strong>1115</strong><br />(+29 for winning)\n|raw|impassw's rating: 1113 &rarr; <strong>1086</strong><br />(-27 for losing)\n|l|\u2606impassw\n|player|p2|\n",
  "uploadtime": 1776430919,
  "views": 28,
  "formatid": "gen9championsvgc2026regma",
  "rating": 1086,
  "private": 0,
  "password": null
}