{
  "id": "gen9championsvgc2026regma-2585701082",
  "format": "[Gen 9 Champions] VGC 2026 Reg M-A",
  "players": [
    "SomeRandoms",
    "LvisTempest"
  ],
  "log": "|j|\u2606SomeRandoms\n|j|\u2606LvisTempest\n|t:|1776364674\n|gametype|doubles\n|player|p1|SomeRandoms|burglar|1013\n|player|p2|LvisTempest|silver|1000\n|gen|9\n|tier|[Gen 9 Champions] VGC 2026 Reg M-A\n|rated|\n|rule|Species Clause: Limit one of each Pok\u00e9mon\n|rule|Item Clause: Limit 1 of each item\n|clearpoke\n|poke|p1|Sinistcha-Masterpiece, L50|\n|poke|p1|Incineroar, L50, M|\n|poke|p1|Froslass, L50, F|\n|poke|p1|Aegislash, L50, F|\n|poke|p1|Dragapult, L50, F|\n|poke|p1|Rotom-Wash, L50|\n|poke|p2|Pelipper, L50, M|\n|poke|p2|Feraligatr, L50, M|\n|poke|p2|Rotom-Wash, L50|\n|poke|p2|Archaludon, L50, M|\n|poke|p2|Meganium, L50, F|\n|poke|p2|Aerodactyl, L50, F|\n|teampreview|4\nSomeRandoms rejected open team sheets.\n|inactive|Battle timer is ON: inactive players will automatically lose when time's up. (requested by SomeRandoms)\n|inactive|SomeRandoms has 60 seconds left.\n|\n|t:|1776364720\n|teamsize|p1|4\n|teamsize|p2|4\n|start\n|switch|p1a: Sinistcha|Sinistcha-Masterpiece, L50, shiny|100/100\n|switch|p1b: Rotom|Rotom-Wash, L50, shiny|100/100\n|switch|p2a: Pelipper|Pelipper, L50, M|100/100\n|switch|p2b: Archaludon|Archaludon, L50, M|100/100\n|-weather|RainDance|[from] ability: Drizzle|[of] p2a: Pelipper\n|turn|1\n|inactive|LvisTempest has 30 seconds left.\n|inactive|SomeRandoms has 30 seconds left.\n|\n|t:|1776364756\n|move|p1a: Sinistcha|Protect|p1a: Sinistcha\n|-singleturn|p1a: Sinistcha|Protect\n|move|p1b: Rotom|Volt Switch|p2a: Pelipper\n|-supereffective|p2a: Pelipper|2\n|-enditem|p2a: Pelipper|Focus Sash\n|-damage|p2a: Pelipper|1/100\n|\n|t:|1776364766\n|switch|p1b: Aegislash|Aegislash, L50, F, shiny|100/100|[from] Volt Switch\n|move|p2b: Archaludon|Draco Meteor|p1a: Sinistcha\n|-activate|p1a: Sinistcha|move: Protect\n|move|p2a: Pelipper|Tailwind|p2a: Pelipper\n|-sidestart|p2: LvisTempest|move: Tailwind\n|\n|-weather|RainDance|[upkeep]\n|upkeep\n|turn|2\n|inactive|LvisTempest has 30 seconds left.\n|\n|t:|1776364793\n|move|p2b: Archaludon|Electro Shot||[still]\n|-prepare|p2b: Archaludon|Electro Shot\n|-boost|p2b: Archaludon|spa|1\n|-anim|p2b: Archaludon|Electro Shot|p1b: Aegislash\n|-damage|p1b: Aegislash|40/100\n|move|p2a: Pelipper|Hurricane|p1a: Sinistcha\n|-supereffective|p1a: Sinistcha|1\n|-damage|p1a: Sinistcha|19/100\n|move|p1a: Sinistcha|Scald|p2a: Pelipper\n|-resisted|p2a: Pelipper|1\n|-damage|p2a: Pelipper|0 fnt\n|faint|p2a: Pelipper\n|-formechange|p1b: Aegislash|Aegislash-Blade|\n|move|p1b: Aegislash|Sacred Sword|p2b: Archaludon\n|-supereffective|p2b: Archaludon|1\n|-enditem|p2b: Archaludon|Chople Berry|[eat]\n|-enditem|p2b: Archaludon|Chople Berry|[weaken]\n|-damage|p2b: Archaludon|69/100\n|-ability|p2b: Archaludon|Stamina|boost\n|-boost|p2b: Archaludon|def|1\n|\n|-weather|RainDance|[upkeep]\n|-heal|p1a: Sinistcha|25/100|[from] item: Leftovers\n|upkeep\n|\n|t:|1776364804\n|switch|p2a: Feraligatr|Feraligatr, L50, M, shiny|100/100\n|turn|3\n|-activate|p1b: Aegislash|item: Quick Claw\n|\n|t:|1776364824\n|detailschange|p2a: Feraligatr|Feraligatr-Mega, L50, M, shiny\n|-mega|p2a: Feraligatr|Feraligatr|Feraligite\n|move|p2b: Archaludon|Protect|p2b: Archaludon\n|-singleturn|p2b: Archaludon|Protect\n|move|p1b: Aegislash|Sacred Sword|p2b: Archaludon\n|-activate|p2b: Archaludon|move: Protect\n|move|p2a: Feraligatr|Earthquake|p1b: Aegislash|[spread] p1a,p1b\n|-activate|p2b: Archaludon|move: Protect\n|-resisted|p1a: Sinistcha|1\n|-supereffective|p1b: Aegislash|1\n|-damage|p1a: Sinistcha|9/100\n|-damage|p1b: Aegislash|0 fnt\n|faint|p1b: Aegislash\n|move|p1a: Sinistcha|Matcha Gotcha|p2a: Feraligatr|[spread] p2a\n|-activate|p2b: Archaludon|move: Protect\n|-damage|p2a: Feraligatr|63/100\n|-heal|p1a: Sinistcha|30/100|[from] drain|[of] p2a: Feraligatr\n|\n|-weather|RainDance|[upkeep]\n|-heal|p1a: Sinistcha|36/100|[from] item: Leftovers\n|upkeep\n|inactive|SomeRandoms has 30 seconds left.\n|\n|t:|1776364852\n|switch|p1b: Froslass|Froslass, L50, F, shiny|100/100\n|turn|4\n|\n|t:|1776364869\n|detailschange|p1b: Froslass|Froslass-Mega, L50, F, shiny\n|-mega|p1b: Froslass|Froslass|Froslassite\n|-weather|Snowscape|[from] ability: Snow Warning|[of] p1b: Froslass\n|move|p2b: Archaludon|Electro Shot||[still]\n|-prepare|p2b: Archaludon|Electro Shot\n|-boost|p2b: Archaludon|spa|1\n|move|p2a: Feraligatr|Double-Edge|p1b: Froslass\n|-damage|p1b: Froslass|10/100\n|-damage|p2a: Feraligatr|35/100|[from] Recoil\n|move|p1b: Froslass|Aurora Veil|p1b: Froslass\n|-sidestart|p1: SomeRandoms|move: Aurora Veil\n|move|p1a: Sinistcha|Matcha Gotcha|p2a: Feraligatr|[spread] p2b\n|-miss|p1a: Sinistcha|p2a: Feraligatr\n|-resisted|p2b: Archaludon|2\n|-damage|p2b: Archaludon|58/100\n|-heal|p1a: Sinistcha|42/100|[from] drain|[of] p2b: Archaludon\n|-status|p2b: Archaludon|brn\n|-ability|p2b: Archaludon|Stamina|boost\n|-boost|p2b: Archaludon|def|1\n|\n|-weather|Snowscape|[upkeep]\n|-heal|p1a: Sinistcha|48/100|[from] item: Leftovers\n|-damage|p2b: Archaludon|52/100 brn|[from] brn\n|-sideend|p2: LvisTempest|move: Tailwind\n|upkeep\n|turn|5\n|\n|t:|1776364893\n|switch|p1a: Rotom|Rotom-Wash, L50, shiny|100/100\n|move|p1b: Froslass|Protect|p1b: Froslass\n|-singleturn|p1b: Froslass|Protect\n|move|p2b: Archaludon|Electro Shot|p1a: Rotom|[from] lockedmove\n|-damage|p1a: Rotom|17/100\n|move|p2a: Feraligatr|Earthquake|p1b: Froslass|[spread] p2b\n|-activate|p1b: Froslass|move: Protect\n|-immune|p1a: Rotom|[from] ability: Levitate\n|-supereffective|p2b: Archaludon|1\n|-damage|p2b: Archaludon|24/100 brn\n|-ability|p2b: Archaludon|Stamina|boost\n|-boost|p2b: Archaludon|def|1\n|\n|-weather|Snowscape|[upkeep]\n|-damage|p2b: Archaludon|18/100 brn|[from] brn\n|upkeep\n|turn|6\n|\n|t:|1776364911\n|move|p2a: Feraligatr|Protect|p2a: Feraligatr\n|-singleturn|p2a: Feraligatr|Protect\n|move|p1a: Rotom|Volt Switch|p2b: Archaludon\n|-resisted|p2b: Archaludon|1\n|-damage|p2b: Archaludon|0 fnt\n|faint|p2b: Archaludon\n|\n|t:|1776364917\n|switch|p1a: Sinistcha|Sinistcha-Masterpiece, L50, shiny|48/100|[from] Volt Switch\n|-heal|p1b: Froslass|35/100|[from] ability: Hospitality|[of] p1a: Sinistcha\n|move|p1b: Froslass|Aurora Veil||[still]\n|-fail|p1b: Froslass\n|\n|-weather|Snowscape|[upkeep]\n|-heal|p1a: Sinistcha|54/100|[from] item: Leftovers\n|upkeep\n|\n|t:|1776364919\n|switch|p2b: Rotom|Rotom-Wash, L50|100/100\n|turn|7\n|\n|t:|1776364936\n|move|p1b: Froslass|Blizzard|p2b: Rotom|[spread] p2a,p2b\n|-resisted|p2b: Rotom|1\n|-damage|p2a: Feraligatr|0 fnt\n|-damage|p2b: Rotom|82/100\n|faint|p2a: Feraligatr\n|move|p2b: Rotom|Electroweb|p1a: Sinistcha|[spread] p1a,p1b\n|-resisted|p1a: Sinistcha|1\n|-damage|p1a: Sinistcha|49/100\n|-damage|p1b: Froslass|22/100\n|-unboost|p1a: Sinistcha|spe|1\n|-unboost|p1b: Froslass|spe|1\n|move|p1a: Sinistcha|Matcha Gotcha|p2b: Rotom\n|-supereffective|p2b: Rotom|1\n|-crit|p2b: Rotom\n|-damage|p2b: Rotom|0 fnt\n|-heal|p1a: Sinistcha|92/100|[from] drain|[of] p2b: Rotom\n|faint|p2b: Rotom\n|\n|win|SomeRandoms\n|raw|SomeRandoms's rating: 1013 &rarr; <strong>1050</strong><br />(+37 for winning)\n|raw|LvisTempest's rating: 1000 &rarr; <strong>1000</strong><br />(+0 for losing)\n|l|\u2606LvisTempest\n|player|p2|\n",
  "uploadtime": 1776364960,
  "views": 16,
  "formatid": "gen9championsvgc2026regma",
  "rating": 1000,
  "private": 0,
  "password": null
}