{
  "id": "gen9championsvgc2026regma-2582306377",
  "format": "[Gen 9 Champions] VGC 2026 Reg M-A",
  "players": [
    "ray_game0",
    "Smashworth Gaming"
  ],
  "log": "|j|\u2606ray_game0\n|j|\u2606Smashworth Gaming\n|t:|1776081797\n|gametype|doubles\n|player|p1|ray_game0|hiker-gen4|1054\n|player|p2|Smashworth Gaming|colress|1102\n|gen|9\n|tier|[Gen 9 Champions] VGC 2026 Reg M-A\n|rated|\n|rule|Species Clause: Limit one of each Pok\u00e9mon\n|rule|Item Clause: Limit 1 of each item\n|clearpoke\n|poke|p1|Pelipper, L50, F|\n|poke|p1|Azumarill, L50, F|\n|poke|p1|Charizard, L50, F|\n|poke|p1|Garchomp, L50, M|\n|poke|p2|Gallade, L50, M|\n|poke|p2|Machamp, L50, F|\n|poke|p2|Chandelure, L50, M|\n|poke|p2|Torkoal, L50, M|\n|poke|p2|Delphox, L50, F|\n|poke|p2|Raichu, L50, M|\n|teampreview|4\n|\n|t:|1776081810\n|teamsize|p1|4\n|teamsize|p2|4\n|start\n|switch|p1a: Pelipper|Pelipper, L50, F|100/100\n|switch|p1b: Azumarill|Azumarill, L50, F|100/100\n|switch|p2a: Chandelure|Chandelure, L50, M|100/100\n|switch|p2b: Gallade|Gallade, L50, M|100/100\n|-weather|RainDance|[from] ability: Drizzle|[of] p1a: Pelipper\n|turn|1\n|\n|t:|1776081829\n|switch|p2b: Torkoal|Torkoal, L50, M|100/100\n|-weather|SunnyDay|[from] ability: Drought|[of] p2b: Torkoal\n|move|p1a: Pelipper|Weather Ball|p2a: Chandelure\n|-resisted|p2a: Chandelure|1\n|-damage|p2a: Chandelure|76/100\n|move|p1b: Azumarill|Belly Drum|p1b: Azumarill\n|-damage|p1b: Azumarill|51/100\n|-setboost|p1b: Azumarill|atk|6|[from] move: Belly Drum\n|move|p2a: Chandelure|Trick Room|p2a: Chandelure\n|-fieldstart|move: Trick Room|[of] p2a: Chandelure\n|\n|-weather|SunnyDay|[upkeep]\n|upkeep\n|turn|2\n|\n|t:|1776081849\n|move|p1b: Azumarill|Aqua Jet|p2b: Torkoal\n|-supereffective|p2b: Torkoal|1\n|-damage|p2b: Torkoal|34/100\n|move|p2b: Torkoal|Eruption|p1a: Pelipper|[spread] p1a,p1b\n|-resisted|p1a: Pelipper|1\n|-crit|p1a: Pelipper\n|-resisted|p1b: Azumarill|1\n|-damage|p1a: Pelipper|79/100\n|-damage|p1b: Azumarill|40/100\n|-enditem|p1b: Azumarill|Sitrus Berry|[eat]\n|-heal|p1b: Azumarill|64/100|[from] item: Sitrus Berry\n|move|p1a: Pelipper|Hurricane|p2b: Torkoal|[miss]\n|-miss|p1a: Pelipper|p2b: Torkoal\n|move|p2a: Chandelure|Shadow Ball|p1b: Azumarill\n|-damage|p1b: Azumarill|23/100\n|\n|-weather|SunnyDay|[upkeep]\n|upkeep\n|turn|3\n|\n|t:|1776081880\n|move|p1b: Azumarill|Aqua Jet|p2a: Chandelure\n|-supereffective|p2a: Chandelure|1\n|-damage|p2a: Chandelure|0 fnt\n|faint|p2a: Chandelure\n|move|p2b: Torkoal|Solar Beam||[still]\n|-prepare|p2b: Torkoal|Solar Beam\n|-anim|p2b: Torkoal|Solar Beam|p1b: Azumarill\n|-supereffective|p1b: Azumarill|1\n|-damage|p1b: Azumarill|0 fnt\n|faint|p1b: Azumarill\n|move|p1a: Pelipper|Weather Ball|p2b: Torkoal\n|-resisted|p2b: Torkoal|1\n|-damage|p2b: Torkoal|4/100\n|\n|-weather|SunnyDay|[upkeep]\n|upkeep\n|\n|t:|1776081897\n|switch|p1b: Charizard|Charizard, L50, F|100/100\n|switch|p2a: Machamp|Machamp, L50, F|100/100\n|turn|4\n|\n|t:|1776081910\n|move|p1b: Charizard|Protect|p1b: Charizard\n|-singleturn|p1b: Charizard|Protect\n|move|p2b: Torkoal|Solar Beam||[still]\n|-prepare|p2b: Torkoal|Solar Beam\n|-anim|p2b: Torkoal|Solar Beam|p1a: Pelipper\n|-damage|p1a: Pelipper|46/100\n|move|p2a: Machamp|Stone Edge|p1b: Charizard\n|-activate|p1b: Charizard|move: Protect\n|move|p1a: Pelipper|U-turn|p2b: Torkoal\n|-resisted|p2b: Torkoal|1\n|-damage|p2b: Torkoal|1/100\n|\n|t:|1776081920\n|switch|p1a: Garchomp|Garchomp, L50, M|100/100|[from] U-turn\n|\n|-weather|SunnyDay|[upkeep]\n|-damage|p1b: Charizard|88/100|[from] ability: Solar Power|[of] p1b: Charizard\n|upkeep\n|turn|5\n|\n|t:|1776081940\n|switch|p1b: Pelipper|Pelipper, L50, F|46/100\n|-weather|RainDance|[from] ability: Drizzle|[of] p1b: Pelipper\n|move|p2b: Torkoal|Heat Wave|p1a: Garchomp|[spread] p1a,p1b\n|-resisted|p1a: Garchomp|1\n|-resisted|p1b: Pelipper|1\n|-damage|p1a: Garchomp|93/100\n|-damage|p1b: Pelipper|36/100\n|move|p2a: Machamp|Stone Edge|p1b: Pelipper\n|-supereffective|p1b: Pelipper|1\n|-damage|p1b: Pelipper|0 fnt\n|faint|p1b: Pelipper\n|move|p1a: Garchomp|Earthquake|p2a: Machamp|[spread] p2a,p2b\n|-supereffective|p2b: Torkoal|1\n|-damage|p2a: Machamp|50/100\n|-damage|p2b: Torkoal|0 fnt\n|faint|p2b: Torkoal\n|\n|-weather|RainDance|[upkeep]\n|-fieldend|move: Trick Room\n|upkeep\n|\n|t:|1776081955\n|switch|p1b: Charizard|Charizard, L50, F|88/100\n|switch|p2b: Gallade|Gallade, L50, M|100/100\n|turn|6\n|\n|t:|1776081963\n|detailschange|p1b: Charizard|Charizard-Mega-Y, L50, F\n|-mega|p1b: Charizard|Charizard|Charizardite Y\n|-weather|SunnyDay|[from] ability: Drought|[of] p1b: Charizard\n|move|p2b: Gallade|Wide Guard|p2b: Gallade\n|-singleturn|p2b: Gallade|Wide Guard\n|move|p1a: Garchomp|Earthquake|p2a: Machamp|[spread] \n|-activate|p2a: Machamp|move: Wide Guard\n|-activate|p2b: Gallade|move: Wide Guard\n|-immune|p1b: Charizard\n|move|p1b: Charizard|Heat Wave|p2b: Gallade|[spread] \n|-activate|p2a: Machamp|move: Wide Guard\n|-activate|p2b: Gallade|move: Wide Guard\n|move|p2a: Machamp|Stone Edge|p1b: Charizard\n|-supereffective|p1b: Charizard|2\n|-damage|p1b: Charizard|0 fnt\n|faint|p1b: Charizard\n|\n|-weather|SunnyDay|[upkeep]\n|upkeep\n|turn|7\n|\n|t:|1776081983\n|move|p1a: Garchomp|Dragon Claw|p2a: Machamp\n|-damage|p2a: Machamp|5/100\n|move|p2b: Gallade|Sacred Sword|p1a: Garchomp\n|-damage|p1a: Garchomp|15/100\n|-damage|p2b: Gallade|88/100|[from] ability: Rough Skin|[of] p1a: Garchomp\n|move|p2a: Machamp|Dynamic Punch|p1a: Garchomp\n|-damage|p1a: Garchomp|0 fnt\n|-damage|p2a: Machamp|0 fnt|[from] ability: Rough Skin|[of] p1a: Garchomp\n|faint|p1a: Garchomp\n|faint|p2a: Machamp\n|\n|win|Smashworth Gaming\n",
  "uploadtime": 1776081800,
  "views": 11,
  "formatid": "gen9championsvgc2026regma",
  "rating": null,
  "private": 0,
  "password": null
}