{
  "id": "gen9championsvgc2026regma-2584303872",
  "format": "[Gen 9 Champions] VGC 2026 Reg M-A",
  "players": [
    "bacow",
    "smp on whimsicott"
  ],
  "log": "|j|\u2606bacow\n|j|\u2606smp on whimsicott\n|t:|1776249166\n|gametype|doubles\n|player|p1|bacow|cynthia|1069\n|player|p2|smp on whimsicott|artist-gen4|1023\n|gen|9\n|tier|[Gen 9 Champions] VGC 2026 Reg M-A\n|rated|\n|rule|Species Clause: Limit one of each Pok\u00e9mon\n|rule|Item Clause: Limit 1 of each item\n|clearpoke\n|poke|p1|Tinkaton, L50, F|\n|poke|p1|Abomasnow, L50, F|\n|poke|p1|Ninetales-Alola, L50, M|\n|poke|p1|Dragonite, L50, M|\n|poke|p1|Azumarill, L50, M|\n|poke|p1|Gardevoir, L50, M|\n|poke|p2|Floette-Eternal, L50, F|\n|poke|p2|Aegislash, L50, M|\n|poke|p2|Talonflame, L50, F|\n|poke|p2|Basculegion, L50, M|\n|poke|p2|Milotic, L50, M|\n|poke|p2|Garchomp, L50, M|\n|teampreview|4\n|inactive|Battle timer is ON: inactive players will automatically lose when time's up. (requested by bacow)\n|\n|t:|1776249190\n|teamsize|p1|4\n|teamsize|p2|4\n|start\n|switch|p1a: Azumarill|Azumarill, L50, M|100/100\n|switch|p1b: Tinkaton|Tinkaton, L50, F|100/100\n|switch|p2a: Aegislash|Aegislash, L50, M|100/100\n|switch|p2b: Floette|Floette-Eternal, L50, F|100/100\n|turn|1\n|inactive|bacow has 30 seconds left.\n|\n|t:|1776249216\n|switch|p2b: Basculegion|Basculegion, L50, M|100/100\n|move|p1b: Tinkaton|Fake Out|p2b: Basculegion\n|-immune|p2b: Basculegion\n|-formechange|p2a: Aegislash|Aegislash-Blade|\n|move|p2a: Aegislash|Poltergeist|p1a: Azumarill\n|-activate|p1a: Azumarill|move: Poltergeist|Sitrus Berry\n|-damage|p1a: Azumarill|39/100\n|-enditem|p1a: Azumarill|Sitrus Berry|[eat]\n|-heal|p1a: Azumarill|64/100|[from] item: Sitrus Berry\n|move|p1a: Azumarill|Belly Drum|p1a: Azumarill\n|-damage|p1a: Azumarill|14/100\n|-setboost|p1a: Azumarill|atk|6|[from] move: Belly Drum\n|\n|upkeep\n|turn|2\n|\n|t:|1776249241\n|move|p2a: Aegislash|Shadow Sneak|p1a: Azumarill\n|-damage|p1a: Azumarill|0 fnt\n|faint|p1a: Azumarill\n|move|p2b: Basculegion|Wave Crash|p1b: Tinkaton\n|-damage|p1b: Tinkaton|5/100\n|-damage|p2b: Basculegion|74/100|[from] Recoil\n|move|p1b: Tinkaton|Play Rough|p2b: Basculegion\n|-damage|p2b: Basculegion|34/100\n|\n|upkeep\n|\n|t:|1776249245\n|switch|p1a: Dragonite|Dragonite, L50, M|100/100\n|turn|3\n|\n|t:|1776249255\n|move|p2a: Aegislash|Shadow Sneak|p1b: Tinkaton\n|-damage|p1b: Tinkaton|0 fnt\n|faint|p1b: Tinkaton\n|move|p2b: Basculegion|Wave Crash|p1a: Dragonite\n|-resisted|p1a: Dragonite|1\n|-damage|p1a: Dragonite|80/100\n|-damage|p2b: Basculegion|28/100|[from] Recoil\n|move|p1a: Dragonite|Dragon Dance|p1a: Dragonite\n|-boost|p1a: Dragonite|atk|1\n|-boost|p1a: Dragonite|spe|1\n|\n|upkeep\n|\n|t:|1776249265\n|switch|p1b: Gardevoir|Gardevoir, L50, M|100/100\n|turn|4\n|\n|t:|1776249286\n|detailschange|p1b: Gardevoir|Gardevoir-Mega, L50, M\n|-mega|p1b: Gardevoir|Gardevoir|Gardevoirite\n|move|p1b: Gardevoir|Protect|p1b: Gardevoir\n|-singleturn|p1b: Gardevoir|Protect\n|move|p2b: Basculegion|Wave Crash|p1b: Gardevoir\n|-activate|p1b: Gardevoir|move: Protect\n|move|p1a: Dragonite|Earthquake|p2b: Basculegion|[spread] p2a,p2b\n|-activate|p1b: Gardevoir|move: Protect\n|-supereffective|p2a: Aegislash|1\n|-enditem|p2a: Aegislash|Focus Sash\n|-damage|p2a: Aegislash|1/100\n|-damage|p2b: Basculegion|0 fnt\n|faint|p2b: Basculegion\n|move|p2a: Aegislash|Poltergeist|p1a: Dragonite\n|-activate|p1a: Dragonite|move: Poltergeist|Mental Herb\n|-damage|p1a: Dragonite|8/100\n|\n|upkeep\n|\n|t:|1776249302\n|switch|p2b: Floette|Floette-Eternal, L50, F|100/100\n|turn|5\n|\n|t:|1776249316\n|detailschange|p2b: Floette|Floette-Mega, L50, F\n|-mega|p2b: Floette|Floette|Floettite\n|-ability|p2b: Floette|Fairy Aura\n|move|p1a: Dragonite|Extreme Speed|p2b: Floette\n|-damage|p2b: Floette|54/100\n|move|p2a: Aegislash|Shadow Sneak|p1a: Dragonite\n|-damage|p1a: Dragonite|0 fnt\n|faint|p1a: Dragonite\n|move|p1b: Gardevoir|Hyper Voice|p2a: Aegislash|[spread] p2a,p2b\n|-resisted|p2a: Aegislash|1\n|-damage|p2a: Aegislash|0 fnt\n|-damage|p2b: Floette|4/100\n|faint|p2a: Aegislash\n|move|p2b: Floette|Moonblast|p1b: Gardevoir\n|-damage|p1b: Gardevoir|30/100\n|\n|upkeep\n|\n|t:|1776249329\n|switch|p2a: Talonflame|Talonflame, L50, F|100/100\n|turn|6\n|\n|t:|1776249342\n|move|p2a: Talonflame|Tailwind|p2a: Talonflame\n|-sidestart|p2: smp on whimsicott|move: Tailwind\n|move|p2b: Floette|Moonblast|p1b: Gardevoir\n|-damage|p1b: Gardevoir|0 fnt\n|faint|p1b: Gardevoir\n|\n|win|smp on whimsicott\n|raw|bacow's rating: 1069 &rarr; <strong>1046</strong><br />(-23 for losing)\n|raw|smp on whimsicott's rating: 1023 &rarr; <strong>1064</strong><br />(+41 for winning)\n",
  "uploadtime": 1776249342,
  "views": 27,
  "formatid": "gen9championsvgc2026regma",
  "rating": 1046,
  "private": 0,
  "password": null
}