{
  "id": "gen9championsvgc2026regma-2583594442",
  "format": "[Gen 9 Champions] VGC 2026 Reg M-A",
  "players": [
    "pokemon17777",
    "gumballego"
  ],
  "log": "|j|\u2606pokemon17777\n|j|\u2606gumballego\n|t:|1776185432\n|gametype|doubles\n|player|p1|pokemon17777|steven|1045\n|player|p2|gumballego|skier|1098\n|gen|9\n|tier|[Gen 9 Champions] VGC 2026 Reg M-A\n|rated|\n|rule|Species Clause: Limit one of each Pok\u00e9mon\n|rule|Item Clause: Limit 1 of each item\n|clearpoke\n|poke|p1|Meganium, L50, M|\n|poke|p1|Aerodactyl, L50, M|\n|poke|p1|Tauros-Paldea-Aqua, L50, M|\n|poke|p1|Typhlosion-Hisui, L50, F|\n|poke|p1|Archaludon, L50, M|\n|poke|p1|Kangaskhan, L50, F|\n|poke|p2|Meganium, L50, M|\n|poke|p2|Archaludon, L50, F|\n|poke|p2|Palafin, L50, F|\n|poke|p2|Rotom-Wash, L50|\n|poke|p2|Sinistcha, L50|\n|poke|p2|Pelipper, L50, F|\n|teampreview|4\npokemon17777 has agreed to open team sheets.\n|\n|t:|1776185481\n|teamsize|p1|4\n|teamsize|p2|4\n|start\n|switch|p1a: Aerodactyl|Aerodactyl, L50, M|100/100\n|switch|p1b: Kangaskhan|Kangaskhan, L50, F|100/100\n|switch|p2a: Fhish|Palafin, L50, F|100/100\n|switch|p2b: Kenmore|Rotom-Wash, L50|100/100\n|-ability|p1a: Aerodactyl|Unnerve\n|turn|1\n|inactive|Battle timer is ON: inactive players will automatically lose when time's up. (requested by pokemon17777)\n|\n|t:|1776185498\n|move|p1b: Kangaskhan|Fake Out|p2a: Fhish\n|-damage|p2a: Fhish|78/100\n|cant|p2a: Fhish|flinch\n|move|p1a: Aerodactyl|Tailwind|p1a: Aerodactyl\n|-sidestart|p1: pokemon17777|move: Tailwind\n|move|p2b: Kenmore|Electroweb|p1b: Kangaskhan|[spread] p1a,p1b\n|-supereffective|p1a: Aerodactyl|1\n|-damage|p1a: Aerodactyl|45/100\n|-damage|p1b: Kangaskhan|77/100\n|-unboost|p1a: Aerodactyl|spe|1\n|-unboost|p1b: Kangaskhan|spe|1\n|\n|upkeep\n|turn|2\n|inactive|gumballego has 30 seconds left.\n|inactive|gumballego has 20 seconds left.\n|\n|t:|1776185534\n|switch|p1a: Meganium|Meganium, L50, M|100/100\n|switch|p2b: phishin|Pelipper, L50, F|100/100\n|-weather|RainDance|[from] ability: Drizzle|[of] p2b: phishin\n|move|p2a: Fhish|Flip Turn|p1a: Meganium\n|-resisted|p1a: Meganium|1\n|-damage|p1a: Meganium|81/100\n|\n|t:|1776185542\n|detailschange|p2a: Fhish|Palafin-Hero, L50, F\n|switch|p2a: bildin|Archaludon, L50, F|100/100|[from] Flip Turn\n|move|p1b: Kangaskhan|Double-Edge|p2a: bildin\n|-resisted|p2a: bildin|1\n|-damage|p2a: bildin|81/100\n|-damage|p1b: Kangaskhan|71/100|[from] Recoil\n|\n|-weather|RainDance|[upkeep]\n|upkeep\n|turn|3\n|inactive|pokemon17777 has 30 seconds left.\n|\n|t:|1776185567\n|detailschange|p1a: Meganium|Meganium-Mega, L50, M\n|-mega|p1a: Meganium|Meganium|Meganiumite\n|move|p1a: Meganium|Dazzling Gleam|p2b: phishin|[spread] p2a,p2b\n|-damage|p2a: bildin|30/100\n|-damage|p2b: phishin|53/100\n|-enditem|p2a: bildin|Sitrus Berry|[eat]\n|-heal|p2a: bildin|54/100|[from] item: Sitrus Berry\n|move|p1b: Kangaskhan|Low Kick|p2a: bildin\n|-supereffective|p2a: bildin|1\n|-damage|p2a: bildin|12/100\n|move|p2a: bildin|Electro Shot||[still]\n|-prepare|p2a: bildin|Electro Shot\n|-boost|p2a: bildin|spa|1\n|-anim|p2a: bildin|Electro Shot|p1b: Kangaskhan\n|-damage|p1b: Kangaskhan|0 fnt\n|faint|p1b: Kangaskhan\n|move|p2b: phishin|Tailwind|p2b: phishin\n|-sidestart|p2: gumballego|move: Tailwind\n|\n|-weather|RainDance|[upkeep]\n|upkeep\n|\n|t:|1776185584\n|switch|p1b: Typhlosion|Typhlosion-Hisui, L50, F|100/100\n|turn|4\n|\n|t:|1776185600\n|move|p2a: bildin|Protect|p2a: bildin\n|-singleturn|p2a: bildin|Protect\n|move|p1b: Typhlosion|Shadow Ball|p2a: bildin\n|-activate|p2a: bildin|move: Protect\n|move|p1a: Meganium|Solar Beam||[still]\n|-prepare|p1a: Meganium|Solar Beam\n|-activate|p1a: Meganium|ability: Mega Sol\n|-anim|p1a: Meganium|Solar Beam|p2b: phishin\n|-damage|p2b: phishin|0 fnt\n|faint|p2b: phishin\n|\n|-weather|RainDance|[upkeep]\n|-sideend|p1: pokemon17777|move: Tailwind\n|upkeep\n|\n|t:|1776185616\n|switch|p2b: Fhish|Palafin-Hero, L50, F|78/100\n|-activate|p2b: Fhish|ability: Zero to Hero\n|turn|5\n|\n|t:|1776185630\n|switch|p1b: Aerodactyl|Aerodactyl, L50, M|45/100\n|-ability|p1b: Aerodactyl|Unnerve\n|move|p2b: Fhish|Flip Turn|p1b: Aerodactyl\n|-supereffective|p1b: Aerodactyl|1\n|-damage|p1b: Aerodactyl|0 fnt\n|faint|p1b: Aerodactyl\n|\n|t:|1776185632\n|switch|p2b: Kenmore|Rotom-Wash, L50|100/100|[from] Flip Turn\n|move|p2a: bildin|Flash Cannon|p1a: Meganium\n|-supereffective|p1a: Meganium|1\n|-damage|p1a: Meganium|0 fnt\n|faint|p1a: Meganium\n|\n|-weather|RainDance|[upkeep]\n|upkeep\n|\n|t:|1776185647\n|switch|p1b: Typhlosion|Typhlosion-Hisui, L50, F|100/100\n|turn|6\n|\n|t:|1776185655\n|move|p2a: bildin|Draco Meteor|p1b: Typhlosion\n|-damage|p1b: Typhlosion|0 fnt\n|-unboost|p2a: bildin|spa|2\n|faint|p1b: Typhlosion\n|\n|win|gumballego\n|raw|pokemon17777's rating: 1045 &rarr; <strong>1031</strong><br />(-14 for losing)\n|raw|gumballego's rating: 1098 &rarr; <strong>1119</strong><br />(+21 for winning)\n|c|\u2606pokemon17777|gg\n|l|\u2606pokemon17777\n|player|p1|\n",
  "uploadtime": 1776185660,
  "views": 11,
  "formatid": "gen9championsvgc2026regma",
  "rating": 1031,
  "private": 0,
  "password": null
}