{
  "id": "gen9championsvgc2026regma-2589534885",
  "format": "[Gen 9 Champions] VGC 2026 Reg M-A",
  "players": [
    "dragondog13",
    "guioguoguo"
  ],
  "log": "|j|\u2606dragondog13\n|j|\u2606guioguoguo\n|t:|1776731816\n|gametype|doubles\n|player|p1|dragondog13|169|1226\n|player|p2|guioguoguo|266|1243\n|gen|9\n|tier|[Gen 9 Champions] VGC 2026 Reg M-A\n|rated|\n|rule|Species Clause: Limit one of each Pok\u00e9mon\n|rule|Item Clause: Limit 1 of each item\n|clearpoke\n|poke|p1|Lucario, L50, M|\n|poke|p1|Gengar, L50, M|\n|poke|p1|Whimsicott, L50, M|\n|poke|p1|Incineroar, L50, M|\n|poke|p1|Rotom-Wash, L50|\n|poke|p1|Garchomp, L50, M|\n|poke|p2|Excadrill, L50, M, shiny|\n|poke|p2|Hawlucha, L50, M, shiny|\n|poke|p2|Tyranitar, L50, F, shiny|\n|poke|p2|Espathra, L50, F, shiny|\n|poke|p2|Sinistcha, L50, shiny|\n|poke|p2|Incineroar, L50, F, shiny|\n|teampreview|4\n|inactive|Battle timer is ON: inactive players will automatically lose when time's up. (requested by guioguoguo)\n|\n|t:|1776731839\n|teamsize|p1|4\n|teamsize|p2|4\n|start\n|switch|p1a: Lucario|Lucario, L50, M|100/100\n|switch|p1b: Incineroar|Incineroar, L50, M|100/100\n|switch|p2a: Excadrill|Excadrill, L50, M, shiny|100/100\n|switch|p2b: Hawlucha|Hawlucha, L50, M, shiny|100/100\n|-ability|p2b: Hawlucha|Mold Breaker\n|-ability|p1b: Incineroar|Intimidate|boost\n|-unboost|p2a: Excadrill|atk|1\n|-unboost|p2b: Hawlucha|atk|1\n|turn|1\n|\n|t:|1776731861\n|detailschange|p2b: Hawlucha|Hawlucha-Mega, L50, M, shiny\n|-mega|p2b: Hawlucha|Hawlucha|Hawluchanite\n|move|p2a: Excadrill|Protect|p2a: Excadrill\n|-singleturn|p2a: Excadrill|Protect\n|move|p1b: Incineroar|Fake Out|p2b: Hawlucha\n|-damage|p2b: Hawlucha|85/100\n|cant|p2b: Hawlucha|flinch\n|move|p1a: Lucario|Close Combat|p2a: Excadrill\n|-activate|p2a: Excadrill|move: Protect\n|\n|upkeep\n|turn|2\n|inactive|dragondog13 has 30 seconds left.\n|inactive|guioguoguo has 30 seconds left.\n|inactive|guioguoguo has 20 seconds left.\n|\n|t:|1776731899\n|detailschange|p1a: Lucario|Lucario-Mega, L50, M\n|-mega|p1a: Lucario|Lucario|Lucarionite\n|move|p2b: Hawlucha|Entrainment|p2a: Excadrill\n|-ability|p2a: Excadrill|No Guard|Sand Rush|[from] move: Entrainment|[of] p2b: Hawlucha\n|move|p1a: Lucario|Close Combat|p2a: Excadrill\n|-supereffective|p2a: Excadrill|1\n|-enditem|p2a: Excadrill|Focus Sash\n|-damage|p2a: Excadrill|1/100\n|-unboost|p1a: Lucario|def|1\n|-unboost|p1a: Lucario|spd|1\n|move|p1b: Incineroar|Flare Blitz|p2a: Excadrill\n|-supereffective|p2a: Excadrill|1\n|-damage|p2a: Excadrill|0 fnt\n|faint|p2a: Excadrill\n|-damage|p1b: Incineroar|99/100|[from] Recoil\n|\n|-heal|p1b: Incineroar|100/100|[from] item: Leftovers\n|upkeep\n|\n|t:|1776731917\n|switch|p2a: Espathra|Espathra, L50, F, shiny|100/100\n|turn|3\n|\n|t:|1776731924\n|move|p1a: Lucario|Protect|p1a: Lucario\n|-singleturn|p1a: Lucario|Protect\n|move|p2a: Espathra|Protect|p2a: Espathra\n|-singleturn|p2a: Espathra|Protect\n|move|p2b: Hawlucha|Cross Chop|p1a: Lucario\n|-activate|p1a: Lucario|move: Protect\n|move|p1b: Incineroar|Throat Chop|p2a: Espathra\n|-activate|p2a: Espathra|move: Protect\n|\n|-ability|p2a: Espathra|Speed Boost|boost\n|-boost|p2a: Espathra|spe|1\n|upkeep\n|turn|4\n|\n|t:|1776731948\n|switch|p1a: Whimsicott|Whimsicott, L50, M|100/100\n|move|p2a: Espathra|Calm Mind|p2a: Espathra\n|-boost|p2a: Espathra|spa|1\n|-boost|p2a: Espathra|spd|1\n|move|p2b: Hawlucha|Rock Slide|p1a: Whimsicott|[spread] p1a,p1b\n|-supereffective|p1b: Incineroar|1\n|-damage|p1a: Whimsicott|85/100\n|-damage|p1b: Incineroar|71/100\n|cant|p1b: Incineroar|flinch\n|\n|-heal|p1b: Incineroar|77/100|[from] item: Leftovers\n|-ability|p2a: Espathra|Speed Boost|boost\n|-boost|p2a: Espathra|spe|1\n|upkeep\n|turn|5\n|inactive|dragondog13 has 30 seconds left.\n|inactive|guioguoguo has 30 seconds left.\n|\n|t:|1776731975\n|move|p1a: Whimsicott|Protect|p1a: Whimsicott\n|-singleturn|p1a: Whimsicott|Protect\n|move|p2a: Espathra|Protect|p2a: Espathra\n|-singleturn|p2a: Espathra|Protect\n|move|p2b: Hawlucha|Rock Slide|p1a: Whimsicott|[spread] p1b\n|-activate|p1a: Whimsicott|move: Protect\n|-supereffective|p1b: Incineroar|1\n|-damage|p1b: Incineroar|46/100\n|cant|p1b: Incineroar|flinch\n|\n|-heal|p1b: Incineroar|52/100|[from] item: Leftovers\n|-ability|p2a: Espathra|Speed Boost|boost\n|-boost|p2a: Espathra|spe|1\n|upkeep\n|turn|6\n|\n|t:|1776731989\n|move|p1a: Whimsicott|Tailwind|p1a: Whimsicott\n|-sidestart|p1: dragondog13|move: Tailwind\n|move|p2a: Espathra|Dazzling Gleam|p1b: Incineroar|[spread] p1a,p1b\n|-damage|p1a: Whimsicott|49/100\n|-damage|p1b: Incineroar|24/100\n|move|p1b: Incineroar|Throat Chop|p2a: Espathra\n|-supereffective|p2a: Espathra|1\n|-damage|p2a: Espathra|0 fnt\n|faint|p2a: Espathra\n|move|p2b: Hawlucha|Rock Slide|p1b: Incineroar|[spread] p1a,p1b\n|-supereffective|p1b: Incineroar|1\n|-damage|p1a: Whimsicott|33/100\n|-damage|p1b: Incineroar|0 fnt\n|faint|p1b: Incineroar\n|\n|upkeep\n|\n|t:|1776732001\n|switch|p2a: Sinistcha|Sinistcha, L50, shiny|100/100\n|switch|p1b: Rotom|Rotom-Wash, L50|100/100\n|-heal|p2b: Hawlucha|100/100|[from] ability: Hospitality|[of] p2a: Sinistcha\n|turn|7\n|\n|t:|1776732013\n|move|p1a: Whimsicott|Protect|p1a: Whimsicott\n|-singleturn|p1a: Whimsicott|Protect\n|move|p1b: Rotom|Volt Switch|p2b: Hawlucha\n|-supereffective|p2b: Hawlucha|1\n|-damage|p2b: Hawlucha|20/100\n|\n|t:|1776732019\n|switch|p1b: Lucario|Lucario-Mega, L50, M|100/100|[from] Volt Switch\n|move|p2a: Sinistcha|Matcha Gotcha|p1a: Whimsicott|[spread] p1b\n|-activate|p1a: Whimsicott|move: Protect\n|-resisted|p1b: Lucario|1\n|-damage|p1b: Lucario|78/100\n|move|p2b: Hawlucha|Rock Slide|p1b: Lucario|[spread] p1b\n|-activate|p1a: Whimsicott|move: Protect\n|-resisted|p1b: Lucario|2\n|-damage|p1b: Lucario|73/100\n|\n|upkeep\n|turn|8\n|\n|t:|1776732033\n|move|p1b: Lucario|Bullet Punch|p2a: Sinistcha\n|-damage|p2a: Sinistcha|63/100\n|move|p1a: Whimsicott|Dazzling Gleam|p2b: Hawlucha|[spread] p2a,p2b\n|-supereffective|p2b: Hawlucha|1\n|-damage|p2a: Sinistcha|40/100\n|-damage|p2b: Hawlucha|0 fnt\n|faint|p2b: Hawlucha\n|move|p2a: Sinistcha|Matcha Gotcha|p1a: Whimsicott|[spread] p1a,p1b\n|-resisted|p1a: Whimsicott|1\n|-resisted|p1b: Lucario|1\n|-damage|p1a: Whimsicott|14/100\n|-heal|p2a: Sinistcha|50/100|[from] drain|[of] p1a: Whimsicott\n|-damage|p1b: Lucario|49/100\n|-heal|p2a: Sinistcha|63/100|[from] drain|[of] p1b: Lucario\n|\n|upkeep\n|turn|9\n|-message|guioguoguo forfeited.\n|\n|win|dragondog13\n|raw|dragondog13's rating: 1226 &rarr; <strong>1252</strong><br />(+26 for winning)\n|raw|guioguoguo's rating: 1243 &rarr; <strong>1217</strong><br />(-26 for losing)\n|l|\u2606guioguoguo\n|player|p2|\n|j|\u2606guioguoguo\n|player|p2|guioguoguo|266|\n|l|\u2606dragondog13\n|player|p1|\n",
  "uploadtime": 1776732054,
  "views": 4,
  "formatid": "gen9championsvgc2026regma",
  "rating": 1217,
  "private": 0,
  "password": null
}