{
  "id": "gen9championsvgc2026regma-2586845758",
  "format": "[Gen 9 Champions] VGC 2026 Reg M-A",
  "players": [
    "lukelby",
    "Tomsie23"
  ],
  "log": "|j|\u2606lukelby\n|j|\u2606Tomsie23\n|t:|1776464817\n|gametype|doubles\n|player|p1|lukelby|hiker-gen4|1190\n|player|p2|Tomsie23|1|1137\n|gen|9\n|tier|[Gen 9 Champions] VGC 2026 Reg M-A\n|rated|\n|rule|Species Clause: Limit one of each Pok\u00e9mon\n|rule|Item Clause: Limit 1 of each item\n|clearpoke\n|poke|p1|Ninetales-Alola, L50, F|\n|poke|p1|Crabominable, L50, F|\n|poke|p1|Incineroar, L50, M|\n|poke|p1|Farigiraf, L50, F|\n|poke|p1|Glimmora, L50, M|\n|poke|p1|Decidueye-Hisui, L50, M|\n|poke|p2|Garchomp, L50, F|\n|poke|p2|Sneasler, L50, M|\n|poke|p2|Aerodactyl, L50, F|\n|poke|p2|Froslass, L50, F|\n|poke|p2|Kingambit, L50, F|\n|poke|p2|Rotom-Wash, L50|\n|teampreview|4\n|\n|t:|1776464866\n|teamsize|p1|4\n|teamsize|p2|4\n|start\n|switch|p1a: minnie|Ninetales-Alola, L50, F|100/100\n|switch|p1b: Broly|Crabominable, L50, F|100/100\n|switch|p2a: Sneasler|Sneasler, L50, M|100/100\n|switch|p2b: Froslass|Froslass, L50, F|100/100\n|-weather|Snowscape|[from] ability: Snow Warning|[of] p1a: minnie\n|turn|1\n|\n|t:|1776464893\n|switch|p1a: nuh uh|Farigiraf, L50, F|100/100\n|detailschange|p2b: Froslass|Froslass-Mega, L50, F\n|-mega|p2b: Froslass|Froslass|Froslassite\n|detailschange|p1b: Broly|Crabominable-Mega, L50, F\n|-mega|p1b: Broly|Crabominable|Crabominite\n|move|p2a: Sneasler|Fake Out||[still]\n|cant|p1a: nuh uh|ability: Armor Tail|Fake Out|[of] p2a: Sneasler\n|move|p2b: Froslass|Aurora Veil|p2b: Froslass\n|-sidestart|p2: Tomsie23|move: Aurora Veil\n|move|p1b: Broly|Ice Hammer|p2a: Sneasler\n|-damage|p2a: Sneasler|9/100\n|-unboost|p1b: Broly|spe|1\n|\n|-weather|Snowscape|[upkeep]\n|upkeep\n|turn|2\n|\n|t:|1776464920\n|move|p1b: Broly|Mach Punch|p2a: Sneasler\n|-resisted|p2a: Sneasler|1\n|-damage|p2a: Sneasler|0 fnt\n|faint|p2a: Sneasler\n|move|p2b: Froslass|Blizzard|p1a: nuh uh|[spread] p1a,p1b\n|-resisted|p1b: Broly|1\n|-damage|p1a: nuh uh|73/100\n|-damage|p1b: Broly|84/100\n|move|p1a: nuh uh|Trick Room|p1a: nuh uh\n|-fieldstart|move: Trick Room|[of] p1a: nuh uh\n|\n|-weather|Snowscape|[upkeep]\n|upkeep\n|\n|t:|1776464942\n|switch|p2a: Rotom|Rotom-Wash, L50|100/100\n|turn|3\n|\n|t:|1776464959\n|switch|p1a: Cambiasso|Decidueye-Hisui, L50, M|100/100\n|move|p1b: Broly|Drain Punch|p2a: Rotom\n|-damage|p2a: Rotom|51/100\n|-heal|p1b: Broly|99/100|[from] drain|[of] p2a: Rotom\n|move|p2b: Froslass|Shadow Ball|p1b: Broly\n|-damage|p1b: Broly|70/100\n|move|p2a: Rotom|Hydro Pump|p1b: Broly\n|-damage|p1b: Broly|27/100\n|\n|-weather|Snowscape|[upkeep]\n|upkeep\n|turn|4\n|\n|t:|1776464988\n|move|p1b: Broly|Protect|p1b: Broly\n|-singleturn|p1b: Broly|Protect\n|move|p2b: Froslass|Protect|p2b: Froslass\n|-singleturn|p2b: Froslass|Protect\n|move|p1a: Cambiasso|Close Combat|p2b: Froslass\n|-activate|p2b: Froslass|move: Protect\n|move|p2a: Rotom|Hydro Pump|p1b: Broly\n|-activate|p1b: Broly|move: Protect\n|\n|-weather|Snowscape|[upkeep]\n|upkeep\n|turn|5\n|\n|t:|1776465012\n|switch|p2a: Kingambit|Kingambit, L50, F|100/100\n|-activate|p2a: Kingambit|ability: Supreme Overlord\n|-start|p2a: Kingambit|fallen1|[silent]\n|move|p1b: Broly|Drain Punch|p2a: Kingambit\n|-supereffective|p2a: Kingambit|2\n|-damage|p2a: Kingambit|0 fnt\n|-heal|p1b: Broly|78/100|[from] drain|[of] p2a: Kingambit\n|faint|p2a: Kingambit\n|-end|p2a: Kingambit|fallen1|[silent]\n|move|p1a: Cambiasso|Close Combat|p2b: Froslass\n|-supereffective|p2b: Froslass|1\n|-damage|p2b: Froslass|21/100\n|-unboost|p1a: Cambiasso|def|1\n|-unboost|p1a: Cambiasso|spd|1\n|move|p2b: Froslass|Blizzard|p1b: Broly|[spread] p1a,p1b\n|-supereffective|p1a: Cambiasso|1\n|-resisted|p1b: Broly|1\n|-damage|p1a: Cambiasso|2/100\n|-damage|p1b: Broly|62/100\n|\n|-weather|none\n|-sideend|p2: Tomsie23|move: Aurora Veil\n|upkeep\n|\n|t:|1776465037\n|switch|p2a: Rotom|Rotom-Wash, L50|51/100\n|turn|6\n|\n|t:|1776465055\n|move|p2b: Froslass|Protect|p2b: Froslass\n|-singleturn|p2b: Froslass|Protect\n|move|p1b: Broly|Drain Punch|p2a: Rotom\n|-damage|p2a: Rotom|0 fnt\n|-heal|p1b: Broly|78/100|[from] drain|[of] p2a: Rotom\n|faint|p2a: Rotom\n|move|p1a: Cambiasso|Coaching|p1b: Broly\n|-boost|p1b: Broly|atk|1\n|-boost|p1b: Broly|def|1\n|\n|-fieldend|move: Trick Room\n|upkeep\n|turn|7\n|\n|t:|1776465068\n|move|p1a: Cambiasso|Protect|p1a: Cambiasso\n|-singleturn|p1a: Cambiasso|Protect\n|move|p2b: Froslass|Blizzard|p1a: Cambiasso|[spread] p1b\n|-activate|p1a: Cambiasso|move: Protect\n|-resisted|p1b: Broly|1\n|-damage|p1b: Broly|62/100\n|move|p1b: Broly|Ice Hammer|p2b: Froslass\n|-resisted|p2b: Froslass|1\n|-damage|p2b: Froslass|0 fnt\n|-unboost|p1b: Broly|spe|1\n|faint|p2b: Froslass\n|\n|win|lukelby\n|raw|lukelby's rating: 1190 &rarr; <strong>1211</strong><br />(+21 for winning)\n|raw|Tomsie23's rating: 1137 &rarr; <strong>1116</strong><br />(-21 for losing)\n",
  "uploadtime": 1776465083,
  "views": 23,
  "formatid": "gen9championsvgc2026regma",
  "rating": 1116,
  "private": 0,
  "password": null
}