{
  "id": "gen9championsvgc2026regma-2588676998",
  "format": "[Gen 9 Champions] VGC 2026 Reg M-A",
  "players": [
    "Graves Wu",
    "KDB007"
  ],
  "log": "|j|\u2606Graves Wu\n|j|\u2606KDB007\n|t:|1776656643\n|gametype|doubles\n|player|p1|Graves Wu|steven|1477\n|player|p2|KDB007|266|1507\n|gen|9\n|tier|[Gen 9 Champions] VGC 2026 Reg M-A\n|rated|\n|rule|Species Clause: Limit one of each Pok\u00e9mon\n|rule|Item Clause: Limit 1 of each item\n|clearpoke\n|poke|p1|Charizard, L50, F|\n|poke|p1|Garchomp, L50, M, shiny|\n|poke|p1|Sneasler, L50, M|\n|poke|p1|Aerodactyl, L50, M|\n|poke|p1|Floette-Eternal, L50, F|\n|poke|p1|Kingambit, L50, F|\n|poke|p2|Delphox, L50, M|\n|poke|p2|Basculegion, L50, M|\n|poke|p2|Maushold-Four, L50|\n|poke|p2|Garchomp, L50, F|\n|poke|p2|Kingambit, L50, M|\n|poke|p2|Floette-Eternal, L50, F|\n|teampreview|4\n|inactive|Battle timer is ON: inactive players will automatically lose when time's up. (requested by Graves Wu)\n|\n|t:|1776656665\n|teamsize|p1|4\n|teamsize|p2|4\n|start\n|switch|p1a: Sneasler|Sneasler, L50, M|100/100\n|switch|p1b: Kingambit|Kingambit, L50, F|100/100\n|switch|p2a: Maushold|Maushold-Four, L50|100/100\n|switch|p2b: Floette|Floette-Eternal, L50, F|100/100\n|turn|1\n|\n|t:|1776656682\n|detailschange|p2b: Floette|Floette-Mega, L50, F\n|-mega|p2b: Floette|Floette|Floettite\n|-ability|p2b: Floette|Fairy Aura\n|move|p2b: Floette|Protect|p2b: Floette\n|-singleturn|p2b: Floette|Protect\n|move|p1a: Sneasler|Fake Out|p2b: Floette\n|-activate|p2b: Floette|move: Protect\n|move|p2a: Maushold|Super Fang|p1b: Kingambit\n|-damage|p1b: Kingambit|51/100\n|move|p1b: Kingambit|Swords Dance|p1b: Kingambit\n|-boost|p1b: Kingambit|atk|2\n|\n|upkeep\n|turn|2\n|\n|t:|1776656704\n|move|p2a: Maushold|Follow Me|p2a: Maushold\n|-singleturn|p2a: Maushold|move: Follow Me\n|move|p1a: Sneasler|Close Combat|p2a: Maushold\n|-supereffective|p2a: Maushold|1\n|-enditem|p2a: Maushold|Chople Berry|[eat]\n|-enditem|p2a: Maushold|Chople Berry|[weaken]\n|-damage|p2a: Maushold|21/100\n|-unboost|p1a: Sneasler|def|1\n|-unboost|p1a: Sneasler|spd|1\n|-enditem|p1a: Sneasler|White Herb\n|-clearnegativeboost|p1a: Sneasler|[silent]\n|move|p2b: Floette|Dazzling Gleam|p1b: Kingambit|[spread] p1a,p1b\n|-damage|p1a: Sneasler|41/100\n|-damage|p1b: Kingambit|3/100\n|move|p1b: Kingambit|Iron Head|p2a: Maushold\n|-crit|p2a: Maushold\n|-damage|p2a: Maushold|0 fnt\n|faint|p2a: Maushold\n|\n|upkeep\n|\n|t:|1776656723\n|switch|p2a: Basculegion|Basculegion, L50, M|100/100\n|turn|3\n|\n|t:|1776656735\n|move|p2a: Basculegion|Aqua Jet|p1b: Kingambit\n|-damage|p1b: Kingambit|0 fnt\n|faint|p1b: Kingambit\n|move|p1a: Sneasler|Dire Claw|p2b: Floette\n|-supereffective|p2b: Floette|1\n|-damage|p2b: Floette|0 fnt\n|faint|p2b: Floette\n|\n|upkeep\n|\n|t:|1776656743\n|switch|p2b: Kingambit|Kingambit, L50, M|100/100\n|switch|p1b: Garchomp|Garchomp, L50, M, shiny|100/100\n|turn|4\n|\n|t:|1776656761\n|move|p2a: Basculegion|Protect|p2a: Basculegion\n|-singleturn|p2a: Basculegion|Protect\n|move|p2b: Kingambit|Protect|p2b: Kingambit\n|-singleturn|p2b: Kingambit|Protect\n|move|p1a: Sneasler|Close Combat|p2b: Kingambit\n|-activate|p2b: Kingambit|move: Protect\n|move|p1b: Garchomp|Stomping Tantrum|p2b: Kingambit\n|-activate|p2b: Kingambit|move: Protect\n|\n|upkeep\n|turn|5\n|\n|t:|1776656771\n|move|p2a: Basculegion|Aqua Jet|p1a: Sneasler\n|-damage|p1a: Sneasler|0 fnt\n|faint|p1a: Sneasler\n|move|p2b: Kingambit|Sucker Punch|p1b: Garchomp\n|-damage|p1b: Garchomp|55/100\n|-damage|p2b: Kingambit|88/100|[from] ability: Rough Skin|[of] p1b: Garchomp\n|move|p1b: Garchomp|Stomping Tantrum|p2b: Kingambit\n|-supereffective|p2b: Kingambit|1\n|-damage|p2b: Kingambit|32/100\n|\n|upkeep\n|\n|t:|1776656789\n|switch|p1a: Floette|Floette-Eternal, L50, F|100/100\n|turn|6\n|\n|t:|1776656808\n|detailschange|p1a: Floette|Floette-Mega, L50, F\n|-mega|p1a: Floette|Floette|Floettite\n|-ability|p1a: Floette|Fairy Aura\n|move|p2b: Kingambit|Sucker Punch|p1b: Garchomp\n|-damage|p1b: Garchomp|6/100\n|-damage|p2b: Kingambit|20/100|[from] ability: Rough Skin|[of] p1b: Garchomp\n|-enditem|p1b: Garchomp|Sitrus Berry|[eat]\n|-heal|p1b: Garchomp|31/100|[from] item: Sitrus Berry\n|move|p1b: Garchomp|Dragon Claw|p2a: Basculegion\n|-damage|p2a: Basculegion|50/100\n|move|p2a: Basculegion|Last Respects|p1a: Floette\n|-damage|p1a: Floette|0 fnt\n|faint|p1a: Floette\n|\n|upkeep\n|turn|7\n|inactive|Graves Wu has 30 seconds left.\n|inactive|Graves Wu has 20 seconds left.\n|inactive|Graves Wu has 15 seconds left.\n|-message|Graves Wu forfeited.\n|\n|win|KDB007\n|raw|Graves Wu's rating: 1477 &rarr; <strong>1459</strong><br />(-18 for losing)\n|raw|KDB007's rating: 1507 &rarr; <strong>1525</strong><br />(+18 for winning)\n|l|\u2606Graves Wu\n|player|p1|\n|l|\u2606KDB007\n|player|p2|\n",
  "uploadtime": 1776657136,
  "views": 7,
  "formatid": "gen9championsvgc2026regma",
  "rating": 1459,
  "private": 0,
  "password": null
}