{
  "id": "gen9championsvgc2026regma-2586859043",
  "format": "[Gen 9 Champions] VGC 2026 Reg M-A",
  "players": [
    "TioT0xXI",
    "LordLaxy"
  ],
  "log": "|j|\u2606TioT0xXI\n|j|\u2606LordLaxy\n|t:|1776466006\n|gametype|doubles\n|player|p1|TioT0xXI|265|1014\n|player|p2|LordLaxy|alec-anime|1067\n|gen|9\n|tier|[Gen 9 Champions] VGC 2026 Reg M-A\n|rated|\n|rule|Species Clause: Limit one of each Pok\u00e9mon\n|rule|Item Clause: Limit 1 of each item\n|clearpoke\n|poke|p1|Espathra, L50, F|\n|poke|p1|Venusaur, L50, F|\n|poke|p1|Sneasler, L50, F|\n|poke|p1|Incineroar, L50, M|\n|poke|p1|Milotic, L50, M|\n|poke|p1|Dragonite, L50, M|\n|poke|p2|Garchomp, L50, M|\n|poke|p2|Delphox, L50, F|\n|poke|p2|Sinistcha, L50|\n|poke|p2|Meowstic, L50, M|\n|poke|p2|Ninetales, L50, F|\n|poke|p2|Sylveon, L50, F|\n|teampreview|4\n|\n|t:|1776466042\n|teamsize|p1|4\n|teamsize|p2|4\n|start\n|switch|p1a: Espathra|Espathra, L50, F|100/100\n|switch|p1b: Sneasler|Sneasler, L50, F|100/100\n|switch|p2a: Delphox|Delphox, L50, F|100/100\n|switch|p2b: Garchomp|Garchomp, L50, M|100/100\n|turn|1\n|\n|t:|1776466058\n|detailschange|p2a: Delphox|Delphox-Mega, L50, F\n|-mega|p2a: Delphox|Delphox|Delphoxite\n|move|p1b: Sneasler|Fake Out|p2b: Garchomp\n|-damage|p2b: Garchomp|88/100\n|-damage|p1b: Sneasler|88/100|[from] ability: Rough Skin|[of] p2b: Garchomp\n|move|p2a: Delphox|Nasty Plot|p2a: Delphox\n|-boost|p2a: Delphox|spa|2\n|move|p1a: Espathra|Calm Mind|p1a: Espathra\n|-boost|p1a: Espathra|spa|1\n|-boost|p1a: Espathra|spd|1\n|cant|p2b: Garchomp|flinch\n|\n|-ability|p1a: Espathra|Speed Boost|boost\n|-boost|p1a: Espathra|spe|1\n|upkeep\n|turn|2\n|\n|t:|1776466082\n|move|p1a: Espathra|Protect|p1a: Espathra\n|-singleturn|p1a: Espathra|Protect\n|move|p1b: Sneasler|Protect|p1b: Sneasler\n|-singleturn|p1b: Sneasler|Protect\n|move|p2a: Delphox|Heat Wave|p1b: Sneasler|[spread] \n|-activate|p1a: Espathra|move: Protect\n|-activate|p1b: Sneasler|move: Protect\n|move|p2b: Garchomp|Breaking Swipe|p1b: Sneasler|[spread] \n|-activate|p1a: Espathra|move: Protect\n|-activate|p1b: Sneasler|move: Protect\n|\n|-ability|p1a: Espathra|Speed Boost|boost\n|-boost|p1a: Espathra|spe|1\n|upkeep\n|turn|3\n|\n|t:|1776466104\n|move|p1a: Espathra|Baton Pass|p1a: Espathra\n|\n|t:|1776466107\n|switch|p1a: Milotic|Milotic, L50, M|100/100|[from] Baton Pass\n|move|p2a: Delphox|Heat Wave|p1b: Sneasler|[spread] p1a,p1b\n|-resisted|p1a: Milotic|1\n|-damage|p1a: Milotic|84/100\n|-damage|p1b: Sneasler|0 fnt\n|faint|p1b: Sneasler\n|move|p2b: Garchomp|Breaking Swipe|p1a: Milotic\n|-damage|p1a: Milotic|58/100\n|-unboost|p1a: Milotic|atk|1\n|-ability|p1a: Milotic|Competitive|boost\n|-boost|p1a: Milotic|spa|2\n|\n|-heal|p1a: Milotic|64/100|[from] item: Leftovers\n|upkeep\n|\n|t:|1776466122\n|switch|p1b: Espathra|Espathra, L50, F|100/100\n|turn|4\n|\n|t:|1776466136\n|switch|p2b: Ninetales|Ninetales, L50, F|100/100\n|-weather|SunnyDay|[from] ability: Drought|[of] p2b: Ninetales\n|move|p1a: Milotic|Scald|p2a: Delphox\n|-supereffective|p2a: Delphox|1\n|-damage|p2a: Delphox|35/100\n|move|p2a: Delphox|Psychic|p1a: Milotic\n|-damage|p1a: Milotic|22/100\n|move|p1b: Espathra|Calm Mind|p1b: Espathra\n|-boost|p1b: Espathra|spa|1\n|-boost|p1b: Espathra|spd|1\n|\n|-weather|SunnyDay|[upkeep]\n|-heal|p1a: Milotic|28/100|[from] item: Leftovers\n|-ability|p1b: Espathra|Speed Boost|boost\n|-boost|p1b: Espathra|spe|1\n|upkeep\n|turn|5\n|\n|t:|1776466170\n|move|p1b: Espathra|Protect|p1b: Espathra\n|-singleturn|p1b: Espathra|Protect\n|move|p1a: Milotic|Protect|p1a: Milotic\n|-singleturn|p1a: Milotic|Protect\n|move|p2a: Delphox|Protect|p2a: Delphox\n|-singleturn|p2a: Delphox|Protect\n|move|p2b: Ninetales|Solar Beam||[still]\n|-prepare|p2b: Ninetales|Solar Beam\n|-anim|p2b: Ninetales|Solar Beam|p1a: Milotic\n|-activate|p1a: Milotic|move: Protect\n|\n|-weather|SunnyDay|[upkeep]\n|-heal|p1a: Milotic|34/100|[from] item: Leftovers\n|-ability|p1b: Espathra|Speed Boost|boost\n|-boost|p1b: Espathra|spe|1\n|upkeep\n|turn|6\n|\n|t:|1776466192\n|move|p2a: Delphox|Protect||[still]\n|-fail|p2a: Delphox\n|move|p1b: Espathra|Lumina Crash|p2a: Delphox\n|-resisted|p2a: Delphox|1\n|-damage|p2a: Delphox|9/100\n|-unboost|p2a: Delphox|spd|2\n|move|p2b: Ninetales|Solar Beam||[still]\n|-prepare|p2b: Ninetales|Solar Beam\n|-anim|p2b: Ninetales|Solar Beam|p1a: Milotic\n|-supereffective|p1a: Milotic|1\n|-damage|p1a: Milotic|6/100\n|move|p1a: Milotic|Scald|p2b: Ninetales\n|-supereffective|p2b: Ninetales|1\n|-damage|p2b: Ninetales|14/100\n|\n|-weather|SunnyDay|[upkeep]\n|-heal|p1a: Milotic|12/100|[from] item: Leftovers\n|-ability|p1b: Espathra|Speed Boost|boost\n|-boost|p1b: Espathra|spe|1\n|upkeep\n|turn|7\n|\n|t:|1776466234\n|move|p1b: Espathra|Lumina Crash|p2b: Ninetales\n|-damage|p2b: Ninetales|0 fnt\n|faint|p2b: Ninetales\n|move|p1a: Milotic|Scald|p2a: Delphox\n|-supereffective|p2a: Delphox|1\n|-crit|p2a: Delphox\n|-damage|p2a: Delphox|0 fnt\n|faint|p2a: Delphox\n|\n|-weather|SunnyDay|[upkeep]\n|-heal|p1a: Milotic|18/100|[from] item: Leftovers\n|-ability|p1b: Espathra|Speed Boost|boost\n|-boost|p1b: Espathra|spe|1\n|upkeep\n|\n|t:|1776466239\n|switch|p2a: Sylveon|Sylveon, L50, F|100/100\n|switch|p2b: Garchomp|Garchomp, L50, M|88/100\n|turn|8\n|\n|t:|1776466270\n|move|p1a: Milotic|Protect|p1a: Milotic\n|-singleturn|p1a: Milotic|Protect\n|move|p2a: Sylveon|Quick Attack|p1a: Milotic\n|-activate|p1a: Milotic|move: Protect\n|move|p1b: Espathra|Baton Pass|p1b: Espathra\n|\n|t:|1776466276\n|switch|p1b: Venusaur|Venusaur, L50, F|100/100|[from] Baton Pass\n|move|p2b: Garchomp|Stomping Tantrum|p1b: Venusaur\n|-damage|p1b: Venusaur|58/100\n|\n|-weather|none\n|-heal|p1a: Milotic|24/100|[from] item: Leftovers\n|upkeep\n|turn|9\n|\n|t:|1776466304\n|move|p1b: Venusaur|Sludge Bomb|p2a: Sylveon\n|-supereffective|p2a: Sylveon|1\n|-damage|p2a: Sylveon|11/100\n|move|p1a: Milotic|Icy Wind|p2a: Sylveon|[spread] p2a,p2b\n|-supereffective|p2b: Garchomp|2\n|-damage|p2a: Sylveon|0 fnt\n|-damage|p2b: Garchomp|5/100\n|-unboost|p2b: Garchomp|spe|1\n|faint|p2a: Sylveon\n|-enditem|p2b: Garchomp|White Herb\n|-clearnegativeboost|p2b: Garchomp|[silent]\n|move|p2b: Garchomp|Breaking Swipe|p1b: Venusaur|[spread] p1a,p1b\n|-damage|p1a: Milotic|6/100\n|-damage|p1b: Venusaur|32/100\n|-unboost|p1a: Milotic|atk|1\n|-ability|p1a: Milotic|Competitive|boost\n|-boost|p1a: Milotic|spa|2\n|-unboost|p1b: Venusaur|atk|1\n|\n|-heal|p1a: Milotic|12/100|[from] item: Leftovers\n|upkeep\n|turn|10\n|c|\u2606LordLaxy|gg\n|\n|t:|1776466324\n|move|p1b: Venusaur|Giga Drain|p2b: Garchomp\n|-damage|p2b: Garchomp|0 fnt\n|-heal|p1b: Venusaur|35/100|[from] drain|[of] p2b: Garchomp\n|faint|p2b: Garchomp\n|\n|win|TioT0xXI\n|raw|TioT0xXI's rating: 1014 &rarr; <strong>1058</strong><br />(+44 for winning)\n|raw|LordLaxy's rating: 1067 &rarr; <strong>1044</strong><br />(-23 for losing)\n|n|\u2606TioT0xXI|tiot0xxi\n|c|\u2606TioT0xXI|Gg\n|l|\u2606TioT0xXI\n|player|p1|\n|l|\u2606LordLaxy\n|player|p2|\n|j|\u2606TioT0xXI\n|player|p1|TioT0xXI|265|\n|l|\u2606TioT0xXI\n|player|p1|\n|j|\u2606TioT0xXI\n|player|p1|TioT0xXI|ethan|\n",
  "uploadtime": 1776467320,
  "views": 20,
  "formatid": "gen9championsvgc2026regma",
  "rating": 1044,
  "private": 0,
  "password": null
}