{
  "id": "gen9championsvgc2026regma-2587903487",
  "format": "[Gen 9 Champions] VGC 2026 Reg M-A",
  "players": [
    "r.l steins gate",
    "caustic soda"
  ],
  "log": "|j|\u2606r.l steins gate\n|j|\u2606caustic soda\n|t:|1776576891\n|gametype|doubles\n|player|p1|r.l steins gate|170|1074\n|player|p2|caustic soda|102|1153\n|gen|9\n|tier|[Gen 9 Champions] VGC 2026 Reg M-A\n|rated|\n|rule|Species Clause: Limit one of each Pok\u00e9mon\n|rule|Item Clause: Limit 1 of each item\n|clearpoke\n|poke|p1|Chimecho, L50, F|\n|poke|p1|Cofagrigus, L50, M|\n|poke|p1|Garganacl, L50, F|\n|poke|p1|Incineroar, L50, M|\n|poke|p1|Kingambit, L50, F|\n|poke|p1|Mudsdale, L50, M|\n|poke|p2|Greninja, L50, M|\n|poke|p2|Aerodactyl, L50, M|\n|poke|p2|Floette-Eternal, L50, F|\n|poke|p2|Garchomp, L50, F|\n|poke|p2|Sinistcha, L50|\n|poke|p2|Incineroar, L50, F|\n|teampreview|4\n|inactive|Battle timer is ON: inactive players will automatically lose when time's up. (requested by r.l steins gate)\n|\n|t:|1776576926\n|teamsize|p1|4\n|teamsize|p2|4\n|start\n|switch|p1a: Chimecho|Chimecho, L50, F|100/100\n|switch|p1b: Garganacl|Garganacl, L50, F|100/100\n|switch|p2a: Greninja|Greninja, L50, M|100/100\n|switch|p2b: Garchomp|Garchomp, L50, F|100/100\n|turn|1\n|inactive|caustic soda has 30 seconds left.\n|\n|t:|1776576953\n|detailschange|p2a: Greninja|Greninja-Mega, L50, M\n|-mega|p2a: Greninja|Greninja|Greninjite\n|detailschange|p1a: Chimecho|Chimecho-Mega, L50, F\n|-mega|p1a: Chimecho|Chimecho|Chimechite\n|move|p2b: Garchomp|Stomping Tantrum|p1b: Garganacl\n|-supereffective|p1b: Garganacl|1\n|-damage|p1b: Garganacl|41/100\n|-enditem|p1b: Garganacl|Sitrus Berry|[eat]\n|-heal|p1b: Garganacl|66/100|[from] item: Sitrus Berry\n|move|p2a: Greninja|Dark Pulse|p1a: Chimecho\n|-start|p2a: Greninja|typechange|Dark|[from] ability: Protean\n|-supereffective|p1a: Chimecho|1\n|-damage|p1a: Chimecho|32/100\n|move|p1b: Garganacl|Ice Punch|p2b: Garchomp\n|-supereffective|p2b: Garchomp|2\n|-damage|p2b: Garchomp|11/100\n|-status|p2b: Garchomp|frz\n|-damage|p1b: Garganacl|54/100|[from] ability: Rough Skin|[of] p2b: Garchomp\n|move|p1a: Chimecho|Trick Room|p1a: Chimecho\n|-fieldstart|move: Trick Room|[of] p1a: Chimecho\n|\n|upkeep\n|turn|2\n|inactive|r.l steins gate has 30 seconds left.\n|inactive|caustic soda has 30 seconds left.\n|\n|t:|1776576982\n|move|p1b: Garganacl|Hammer Arm|p2a: Greninja\n|-supereffective|p2a: Greninja|1\n|-damage|p2a: Greninja|1/100\n|-unboost|p1b: Garganacl|spe|1\n|move|p1a: Chimecho|Dazzling Gleam|p2b: Garchomp|[spread] p2a,p2b\n|-supereffective|p2a: Greninja|1\n|-supereffective|p2b: Garchomp|1\n|-damage|p2a: Greninja|0 fnt\n|-damage|p2b: Garchomp|0 fnt\n|faint|p2a: Greninja\n|faint|p2b: Garchomp\n|\n|upkeep\n|\n|t:|1776576987\n|switch|p2b: Incineroar|Incineroar, L50, F|100/100\n|switch|p2a: Sinistcha|Sinistcha, L50|100/100\n|-ability|p2b: Incineroar|Intimidate|boost\n|-unboost|p1a: Chimecho|atk|1\n|-unboost|p1b: Garganacl|atk|1\n|turn|3\n|\n|t:|1776577003\n|switch|p1b: Cofagrigus|Cofagrigus, L50, M|100/100\n|switch|p1a: Kingambit|Kingambit, L50, F|100/100\n|move|p2b: Incineroar|Fake Out|p1a: Kingambit\n|-resisted|p1a: Kingambit|1\n|-damage|p1a: Kingambit|96/100\n|move|p2a: Sinistcha|Matcha Gotcha|p1b: Cofagrigus|[spread] p1b\n|-miss|p2a: Sinistcha|p1a: Kingambit\n|-damage|p1b: Cofagrigus|76/100\n|\n|-heal|p1b: Cofagrigus|82/100|[from] item: Leftovers\n|upkeep\n|turn|4\n|\n|t:|1776577027\n|move|p1b: Cofagrigus|Shadow Ball|p2a: Sinistcha\n|-supereffective|p2a: Sinistcha|1\n|-damage|p2a: Sinistcha|33/100\n|-unboost|p2a: Sinistcha|spd|1\n|-enditem|p2a: Sinistcha|Sitrus Berry|[eat]\n|-heal|p2a: Sinistcha|58/100|[from] item: Sitrus Berry\n|move|p1a: Kingambit|Brick Break|p2b: Incineroar\n|-supereffective|p2b: Incineroar|1\n|-enditem|p2b: Incineroar|Chople Berry|[eat]\n|-enditem|p2b: Incineroar|Chople Berry|[weaken]\n|-damage|p2b: Incineroar|77/100\n|move|p2b: Incineroar|Flare Blitz|p1a: Kingambit\n|-supereffective|p1a: Kingambit|1\n|-damage|p1a: Kingambit|20/100\n|-status|p1a: Kingambit|brn\n|-damage|p2b: Incineroar|55/100|[from] Recoil\n|move|p2a: Sinistcha|Matcha Gotcha|p1a: Kingambit|[spread] p1a,p1b\n|-resisted|p1a: Kingambit|1\n|-damage|p1a: Kingambit|9/100 brn\n|-heal|p2a: Sinistcha|63/100|[from] drain|[of] p1a: Kingambit\n|-damage|p1b: Cofagrigus|57/100\n|-heal|p2a: Sinistcha|73/100|[from] drain|[of] p1b: Cofagrigus\n|\n|-heal|p1b: Cofagrigus|63/100|[from] item: Leftovers\n|-damage|p1a: Kingambit|3/100 brn|[from] brn\n|upkeep\n|turn|5\n|\n|t:|1776577046\n|move|p2a: Sinistcha|Protect|p2a: Sinistcha\n|-singleturn|p2a: Sinistcha|Protect\n|move|p1b: Cofagrigus|Shadow Ball|p2a: Sinistcha\n|-activate|p2a: Sinistcha|move: Protect\n|move|p1a: Kingambit|Brick Break|p2b: Incineroar\n|-supereffective|p2b: Incineroar|1\n|-damage|p2b: Incineroar|29/100\n|move|p2b: Incineroar|Throat Chop|p1b: Cofagrigus\n|-supereffective|p1b: Cofagrigus|1\n|-damage|p1b: Cofagrigus|4/100\n|-start|p1b: Cofagrigus|Throat Chop|[silent]\n|-activate|p1b: Cofagrigus|ability: Mummy|p2b: Incineroar|[ability] Intimidate\n|\n|-heal|p1b: Cofagrigus|10/100|[from] item: Leftovers\n|-damage|p1a: Kingambit|0 fnt|[from] brn\n|faint|p1a: Kingambit\n|-fieldend|move: Trick Room\n|upkeep\n|\n|t:|1776577055\n|switch|p1a: Garganacl|Garganacl, L50, F|54/100\n|turn|6\n|\n|t:|1776577067\n|move|p1b: Cofagrigus|Protect|p1b: Cofagrigus\n|-singleturn|p1b: Cofagrigus|Protect\n|move|p2a: Sinistcha|Matcha Gotcha|p1a: Garganacl|[spread] p1a\n|-activate|p1b: Cofagrigus|move: Protect\n|-supereffective|p1a: Garganacl|1\n|-damage|p1a: Garganacl|11/100\n|-heal|p2a: Sinistcha|94/100|[from] drain|[of] p1a: Garganacl\n|move|p2b: Incineroar|Throat Chop|p1a: Garganacl\n|-damage|p1a: Garganacl|0 fnt\n|faint|p1a: Garganacl\n|\n|-heal|p1b: Cofagrigus|16/100|[from] item: Leftovers\n|-end|p1b: Cofagrigus|Throat Chop|[silent]\n|upkeep\n|\n|t:|1776577076\n|switch|p1a: Chimecho|Chimecho-Mega, L50, F|32/100\n|turn|7\n|\n|t:|1776577086\n|move|p2a: Sinistcha|Matcha Gotcha|p1a: Chimecho|[spread] p1b\n|-miss|p2a: Sinistcha|p1a: Chimecho\n|-damage|p1b: Cofagrigus|0 fnt\n|-heal|p2a: Sinistcha|99/100|[from] drain|[of] p1b: Cofagrigus\n|faint|p1b: Cofagrigus\n|move|p2b: Incineroar|Throat Chop|p1a: Chimecho\n|-supereffective|p1a: Chimecho|1\n|-damage|p1a: Chimecho|0 fnt\n|faint|p1a: Chimecho\n|\n|win|caustic soda\n|raw|r.l steins gate's rating: 1074 &rarr; <strong>1058</strong><br />(-16 for losing)\n|raw|caustic soda's rating: 1153 &rarr; <strong>1172</strong><br />(+19 for winning)\n|l|\u2606r.l steins gate\n|player|p1|\n",
  "uploadtime": 1776577110,
  "views": 8,
  "formatid": "gen9championsvgc2026regma",
  "rating": 1058,
  "private": 0,
  "password": null
}