{
  "id": "gen9championsvgc2026regma-2586494014",
  "format": "[Gen 9 Champions] VGC 2026 Reg M-A",
  "players": [
    "sunnysleepy",
    "Dux-El52"
  ],
  "log": "|j|\u2606sunnysleepy\n|j|\u2606Dux-El52\n|t:|1776438540\n|gametype|doubles\n|player|p1|sunnysleepy|170|1352\n|player|p2|Dux-El52|170|1427\n|gen|9\n|tier|[Gen 9 Champions] VGC 2026 Reg M-A\n|rated|\n|rule|Species Clause: Limit one of each Pok\u00e9mon\n|rule|Item Clause: Limit 1 of each item\n|clearpoke\n|poke|p1|Kingambit, L50, F|\n|poke|p1|Camerupt, L50, M|\n|poke|p1|Tyranitar, L50, M|\n|poke|p1|Primarina, L50, M|\n|poke|p1|Sinistcha, L50|\n|poke|p1|Oranguru, L50, M|\n|poke|p2|Floette-Eternal, L50, F|\n|poke|p2|Incineroar, L50, M|\n|poke|p2|Sinistcha-Masterpiece, L50|\n|poke|p2|Garchomp, L50, M|\n|poke|p2|Aerodactyl, L50, M|\n|poke|p2|Milotic, L50, F|\n|teampreview|4\nDux-El52 has agreed to open team sheets.\n|inactive|Battle timer is ON: inactive players will automatically lose when time's up. (requested by Dux-El52)\n|\n|t:|1776438576\n|teamsize|p1|4\n|teamsize|p2|4\n|start\n|switch|p1a: Sinistcha|Sinistcha, L50|100/100\n|switch|p1b: Oranguru|Oranguru, L50, M|100/100\n|switch|p2a: Milotic|Milotic, L50, F, shiny|100/100\n|switch|p2b: Incineroar|Incineroar, L50, M, shiny|100/100\n|-ability|p2b: Incineroar|Intimidate|boost\n|-unboost|p1a: Sinistcha|atk|1\n|-fail|p1b: Oranguru|unboost|Attack|[from] ability: Inner Focus|[of] p1b: Oranguru\n|turn|1\n|inactive|Dux-El52 has 30 seconds left.\n|inactive|Dux-El52 has 20 seconds left.\n|inactive|Dux-El52 has 15 seconds left.\n|inactive|Dux-El52 has 10 seconds left.\n|\n|t:|1776438623\n|move|p2a: Milotic|Ice Beam|p1a: Sinistcha\n|-supereffective|p1a: Sinistcha|1\n|-damage|p1a: Sinistcha|31/100\n|move|p2b: Incineroar|Darkest Lariat|p1a: Sinistcha\n|-supereffective|p1a: Sinistcha|1\n|-crit|p1a: Sinistcha\n|-damage|p1a: Sinistcha|0 fnt\n|faint|p1a: Sinistcha\n|move|p1b: Oranguru|Trick Room|p1b: Oranguru\n|-fieldstart|move: Trick Room|[of] p1b: Oranguru\n|\n|upkeep\n|\n|t:|1776438633\n|switch|p1a: Camerupt|Camerupt, L50, M|100/100\n|turn|2\n|\n|t:|1776438645\n|detailschange|p1a: Camerupt|Camerupt-Mega, L50, M\n|-mega|p1a: Camerupt|Camerupt|Cameruptite\n|move|p1a: Camerupt|Earth Power|p2a: Milotic\n|-damage|p2a: Milotic|46/100\n|move|p1b: Oranguru|Instruct|p1a: Camerupt\n|-singleturn|p1a: Camerupt|move: Instruct|[of] p1b: Oranguru\n|move|p1a: Camerupt|Earth Power|p2a: Milotic\n|-damage|p2a: Milotic|0 fnt\n|faint|p2a: Milotic\n|move|p2b: Incineroar|Parting Shot|p1a: Camerupt\n|-unboost|p1a: Camerupt|atk|1\n|-unboost|p1a: Camerupt|spa|1\n|\n|t:|1776438658\n|switch|p2b: Garchomp|Garchomp, L50, M, shiny|100/100|[from] Parting Shot\n|\n|upkeep\n|\n|t:|1776438662\n|switch|p2a: Floette|Floette-Eternal, L50, F|100/100\n|turn|3\n|\n|t:|1776438679\n|detailschange|p2a: Floette|Floette-Mega, L50, F\n|-mega|p2a: Floette|Floette|Floettite\n|-ability|p2a: Floette|Fairy Aura\n|move|p1a: Camerupt|Earth Power|p2a: Floette\n|-damage|p2a: Floette|57/100\n|move|p1b: Oranguru|Instruct|p1a: Camerupt\n|-singleturn|p1a: Camerupt|move: Instruct|[of] p1b: Oranguru\n|move|p1a: Camerupt|Earth Power|p2a: Floette\n|-damage|p2a: Floette|12/100\n|move|p2a: Floette|Moonblast|p1b: Oranguru\n|-damage|p1b: Oranguru|36/100\n|move|p2b: Garchomp|Rock Slide|p1b: Oranguru|[spread] p1b\n|-miss|p2b: Garchomp|p1a: Camerupt\n|-damage|p1b: Oranguru|17/100\n|\n|upkeep\n|turn|4\n|inactive|sunnysleepy has 30 seconds left.\n|\n|t:|1776438706\n|switch|p1a: Kingambit|Kingambit, L50, F|100/100\n|move|p2a: Floette|Protect|p2a: Floette\n|-singleturn|p2a: Floette|Protect\n|move|p1b: Oranguru|Psychic|p2a: Floette\n|-activate|p2a: Floette|move: Protect\n|move|p2b: Garchomp|Earthquake|p1a: Kingambit|[spread] p1a,p1b\n|-activate|p2a: Floette|move: Protect\n|-supereffective|p1a: Kingambit|1\n|-damage|p1a: Kingambit|42/100\n|-damage|p1b: Oranguru|0 fnt\n|faint|p1b: Oranguru\n|\n|upkeep\n|\n|t:|1776438718\n|switch|p1b: Camerupt|Camerupt-Mega, L50, M|100/100\n|turn|5\n|\n|t:|1776438727\n|move|p1a: Kingambit|Sucker Punch|p2b: Garchomp\n|-crit|p2b: Garchomp\n|-damage|p2b: Garchomp|27/100\n|-damage|p1a: Kingambit|29/100|[from] ability: Rough Skin|[of] p2b: Garchomp\n|move|p1b: Camerupt|Eruption|p2a: Floette|[spread] p2a,p2b\n|-resisted|p2b: Garchomp|1\n|-damage|p2a: Floette|0 fnt\n|-damage|p2b: Garchomp|0 fnt\n|faint|p2a: Floette\n|faint|p2b: Garchomp\n|\n|-fieldend|move: Trick Room\n|upkeep\n|-message|Dux-El52 forfeited.\n|\n|win|sunnysleepy\n|raw|sunnysleepy's rating: 1352 &rarr; <strong>1376</strong><br />(+24 for winning)\n|raw|Dux-El52's rating: 1427 &rarr; <strong>1403</strong><br />(-24 for losing)\n|l|\u2606Dux-El52\n|player|p2|\n",
  "uploadtime": 1776438768,
  "views": 42,
  "formatid": "gen9championsvgc2026regma",
  "rating": 1376,
  "private": 0,
  "password": null
}