{
  "id": "gen9championsvgc2026regma-2588331718",
  "format": "[Gen 9 Champions] VGC 2026 Reg M-A",
  "players": [
    "ScrewBrexit",
    "driumip"
  ],
  "log": "|j|\u2606ScrewBrexit\n|j|\u2606driumip\n|t:|1776624765\n|gametype|doubles\n|player|p1|ScrewBrexit|102|1114\n|player|p2|driumip|102|1083\n|gen|9\n|tier|[Gen 9 Champions] VGC 2026 Reg M-A\n|rated|\n|rule|Species Clause: Limit one of each Pok\u00e9mon\n|rule|Item Clause: Limit 1 of each item\n|clearpoke\n|poke|p1|Aggron, L50, F|\n|poke|p1|Typhlosion-Hisui, L50, F|\n|poke|p1|Sableye, L50, M|\n|poke|p1|Sneasler, L50, F|\n|poke|p1|Tauros-Paldea-Aqua, L50, M|\n|poke|p1|Ninetales-Alola, L50, M|\n|poke|p2|Pelipper, L50, M|\n|poke|p2|Basculegion, L50, M|\n|poke|p2|Dragonite, L50, F|\n|poke|p2|Archaludon, L50, F|\n|poke|p2|Incineroar, L50, M|\n|poke|p2|Garchomp, L50, M|\n|teampreview|4\n|\n|t:|1776624801\n|teamsize|p1|4\n|teamsize|p2|4\n|start\n|switch|p1a: Sableye|Sableye, L50, M|100/100\n|switch|p1b: Typhlosion|Typhlosion-Hisui, L50, F|100/100\n|switch|p2a: Garchomp|Garchomp, L50, M|100/100\n|switch|p2b: Pelipper|Pelipper, L50, M|100/100\n|-item|p2a: Garchomp|Soft Sand|[from] ability: Frisk|[of] p1b: Typhlosion\n|-item|p2b: Pelipper|Focus Sash|[from] ability: Frisk|[of] p1b: Typhlosion\n|-weather|RainDance|[from] ability: Drizzle|[of] p2b: Pelipper\n|turn|1\n|\n|t:|1776624831\n|move|p1a: Sableye|Sunny Day|p1a: Sableye\n|-weather|SunnyDay\n|move|p1b: Typhlosion|Eruption|p2b: Pelipper|[spread] p2a,p2b\n|-resisted|p2a: Garchomp|1\n|-resisted|p2b: Pelipper|1\n|-damage|p2a: Garchomp|50/100\n|-damage|p2b: Pelipper|24/100\n|move|p2a: Garchomp|Earthquake|p1a: Sableye|[spread] p1a,p1b\n|-immune|p2b: Pelipper\n|-supereffective|p1b: Typhlosion|1\n|-damage|p1a: Sableye|35/100\n|-damage|p1b: Typhlosion|0 fnt\n|faint|p1b: Typhlosion\n|move|p2b: Pelipper|Tailwind|p2b: Pelipper\n|-sidestart|p2: driumip|move: Tailwind\n|\n|-weather|SunnyDay|[upkeep]\n|upkeep\n|\n|t:|1776624847\n|switch|p1b: Ninetales|Ninetales-Alola, L50, M|100/100\n|-weather|Snowscape|[from] ability: Snow Warning|[of] p1b: Ninetales\n|turn|2\n|\n|t:|1776624861\n|switch|p2b: Archaludon|Archaludon, L50, F|100/100\n|move|p1a: Sableye|Quash|p2a: Garchomp\n|-activate|p2a: Garchomp|move: Quash\n|move|p1b: Ninetales|Blizzard|p2a: Garchomp|[spread] p2a,p2b\n|-supereffective|p2a: Garchomp|2\n|-damage|p2a: Garchomp|0 fnt\n|-damage|p2b: Archaludon|69/100\n|-ability|p2b: Archaludon|Stamina|boost\n|-boost|p2b: Archaludon|def|1\n|faint|p2a: Garchomp\n|\n|-weather|Snowscape|[upkeep]\n|-heal|p2b: Archaludon|75/100|[from] item: Leftovers\n|upkeep\n|\n|t:|1776624876\n|switch|p2a: Pelipper|Pelipper, L50, M|24/100\n|-weather|RainDance|[from] ability: Drizzle|[of] p2a: Pelipper\n|turn|3\n|\n|t:|1776624902\n|move|p1a: Sableye|Sunny Day|p1a: Sableye\n|-weather|SunnyDay\n|move|p2a: Pelipper|Hurricane|p1b: Ninetales|[miss]\n|-miss|p2a: Pelipper|p1b: Ninetales\n|move|p2b: Archaludon|Flash Cannon|p1b: Ninetales\n|-supereffective|p1b: Ninetales|2\n|-enditem|p1b: Ninetales|Focus Sash\n|-damage|p1b: Ninetales|1/100\n|move|p1b: Ninetales|Freeze-Dry|p2a: Pelipper\n|-supereffective|p2a: Pelipper|2\n|-damage|p2a: Pelipper|0 fnt\n|faint|p2a: Pelipper\n|\n|-weather|SunnyDay|[upkeep]\n|-heal|p2b: Archaludon|81/100|[from] item: Leftovers\n|upkeep\n|\n|t:|1776624920\n|switch|p2a: Basculegion|Basculegion, L50, M|100/100\n|turn|4\n|\n|t:|1776624938\n|move|p1b: Ninetales|Protect|p1b: Ninetales\n|-singleturn|p1b: Ninetales|Protect\n|move|p2a: Basculegion|Aqua Jet|p1b: Ninetales\n|-activate|p1b: Ninetales|move: Protect\n|move|p2b: Archaludon|Flash Cannon|p1a: Sableye\n|-damage|p1a: Sableye|0 fnt\n|faint|p1a: Sableye\n|\n|-weather|SunnyDay|[upkeep]\n|-heal|p2b: Archaludon|87/100|[from] item: Leftovers\n|-sideend|p2: driumip|move: Tailwind\n|upkeep\n|\n|t:|1776624946\n|switch|p1a: Aggron|Aggron, L50, F|100/100\n|turn|5\n|\n|t:|1776624965\n|detailschange|p1a: Aggron|Aggron-Mega, L50, F\n|-mega|p1a: Aggron|Aggron|Aggronite\n|move|p2b: Archaludon|Protect|p2b: Archaludon\n|-singleturn|p2b: Archaludon|Protect\n|move|p2a: Basculegion|Aqua Jet|p1b: Ninetales\n|-damage|p1b: Ninetales|0 fnt\n|faint|p1b: Ninetales\n|move|p1a: Aggron|Iron Defense|p1a: Aggron\n|-boost|p1a: Aggron|def|2\n|\n|-weather|SunnyDay|[upkeep]\n|-heal|p2b: Archaludon|93/100|[from] item: Leftovers\n|upkeep\n|turn|6\n|\n|t:|1776624986\n|move|p2a: Basculegion|Wave Crash|p1a: Aggron\n|-damage|p1a: Aggron|93/100\n|-damage|p2a: Basculegion|98/100|[from] Recoil\n|move|p2b: Archaludon|Flash Cannon|p1a: Aggron\n|-resisted|p1a: Aggron|1\n|-damage|p1a: Aggron|78/100\n|move|p1a: Aggron|Iron Defense|p1a: Aggron\n|-boost|p1a: Aggron|def|2\n|\n|-weather|SunnyDay|[upkeep]\n|-heal|p2b: Archaludon|99/100|[from] item: Leftovers\n|upkeep\n|turn|7\n|\n|t:|1776625009\n|move|p2a: Basculegion|Wave Crash|p1a: Aggron\n|-damage|p1a: Aggron|73/100\n|-damage|p2a: Basculegion|97/100|[from] Recoil\n|move|p2b: Archaludon|Flash Cannon|p1a: Aggron\n|-resisted|p1a: Aggron|1\n|-damage|p1a: Aggron|59/100\n|move|p1a: Aggron|Body Press|p2b: Archaludon\n|-supereffective|p2b: Archaludon|1\n|-damage|p2b: Archaludon|11/100\n|-ability|p2b: Archaludon|Stamina|boost\n|-boost|p2b: Archaludon|def|1\n|\n|-weather|none\n|-heal|p2b: Archaludon|17/100|[from] item: Leftovers\n|upkeep\n|turn|8\n|\n|t:|1776625029\n|move|p2b: Archaludon|Protect|p2b: Archaludon\n|-singleturn|p2b: Archaludon|Protect\n|move|p2a: Basculegion|Wave Crash|p1a: Aggron\n|-damage|p1a: Aggron|48/100\n|-damage|p2a: Basculegion|94/100|[from] Recoil\n|move|p1a: Aggron|Body Press|p2b: Archaludon\n|-activate|p2b: Archaludon|move: Protect\n|\n|-heal|p2b: Archaludon|23/100|[from] item: Leftovers\n|upkeep\n|turn|9\n|\n|t:|1776625050\n|move|p2b: Archaludon|Protect|p2b: Archaludon\n|-singleturn|p2b: Archaludon|Protect\n|move|p2a: Basculegion|Wave Crash|p1a: Aggron\n|-damage|p1a: Aggron|36/100\n|-damage|p2a: Basculegion|90/100|[from] Recoil\n|move|p1a: Aggron|Body Press|p2b: Archaludon\n|-activate|p2b: Archaludon|move: Protect\n|\n|-heal|p2b: Archaludon|29/100|[from] item: Leftovers\n|upkeep\n|turn|10\n|inactive|Battle timer is ON: inactive players will automatically lose when time's up. (requested by ScrewBrexit)\n|\n|t:|1776625080\n|move|p2b: Archaludon|Protect||[still]\n|-fail|p2b: Archaludon\n|move|p2a: Basculegion|Wave Crash|p1a: Aggron\n|-damage|p1a: Aggron|25/100\n|-damage|p2a: Basculegion|87/100|[from] Recoil\n|move|p1a: Aggron|Body Press|p2b: Archaludon\n|-supereffective|p2b: Archaludon|1\n|-damage|p2b: Archaludon|0 fnt\n|faint|p2b: Archaludon\n|\n|upkeep\n|turn|11\n|\n|t:|1776625094\n|move|p2a: Basculegion|Wave Crash|p1a: Aggron\n|-damage|p1a: Aggron|13/100\n|-damage|p2a: Basculegion|84/100|[from] Recoil\n|move|p1a: Aggron|Heavy Slam|p2a: Basculegion\n|-resisted|p2a: Basculegion|1\n|-damage|p2a: Basculegion|60/100\n|\n|upkeep\n|turn|12\n|\n|t:|1776625104\n|move|p2a: Basculegion|Wave Crash|p1a: Aggron\n|-damage|p1a: Aggron|3/100\n|-damage|p2a: Basculegion|57/100|[from] Recoil\n|move|p1a: Aggron|Heavy Slam|p2a: Basculegion\n|-resisted|p2a: Basculegion|1\n|-damage|p2a: Basculegion|33/100\n|\n|upkeep\n|turn|13\n|\n|t:|1776625114\n|move|p2a: Basculegion|Wave Crash|p1a: Aggron\n|-damage|p1a: Aggron|0 fnt\n|faint|p1a: Aggron\n|-damage|p2a: Basculegion|32/100|[from] Recoil\n|\n|win|driumip\n|raw|ScrewBrexit's rating: 1114 &rarr; <strong>1087</strong><br />(-27 for losing)\n|raw|driumip's rating: 1083 &rarr; <strong>1113</strong><br />(+30 for winning)\n",
  "uploadtime": 1776625123,
  "views": 11,
  "formatid": "gen9championsvgc2026regma",
  "rating": 1087,
  "private": 0,
  "password": null
}