{
  "id": "gen9championsvgc2026regma-2580641916",
  "format": "[Gen 9 Champions] VGC 2026 Reg M-A",
  "players": [
    "BattleBeedrill",
    "alpharax127"
  ],
  "log": "|j|\u2606BattleBeedrill\n|j|\u2606alpharax127\n|t:|1775920622\n|gametype|doubles\n|player|p1|BattleBeedrill|266|1000\n|player|p2|alpharax127|akari|1081\n|gen|9\n|tier|[Gen 9 Champions] VGC 2026 Reg M-A\n|rated|\n|rule|Species Clause: Limit one of each Pok\u00e9mon\n|rule|Item Clause: Limit 1 of each item\n|clearpoke\n|poke|p1|Meowstic, L50, M|\n|poke|p1|Delphox, L50, F|\n|poke|p1|Excadrill, L50, M|\n|poke|p1|Talonflame, L50, F|\n|poke|p1|Typhlosion-Hisui, L50, F|\n|poke|p1|Torkoal, L50, F|\n|poke|p2|Floette-Eternal, L50, F|\n|poke|p2|Aerodactyl, L50, F|\n|poke|p2|Incineroar, L50, F|\n|poke|p2|Garchomp, L50, F|\n|poke|p2|Sneasler, L50, F|\n|poke|p2|Basculegion, L50, M|\n|teampreview|4\n|inactive|Battle timer is ON: inactive players will automatically lose when time's up. (requested by alpharax127)\n|inactive|alpharax127 has 60 seconds left.\n|\n|t:|1775920675\n|teamsize|p1|4\n|teamsize|p2|4\n|start\n|switch|p1a: Meowstic|Meowstic, L50, M|100/100\n|switch|p1b: Delphox|Delphox, L50, F|100/100\n|switch|p2a: Floette|Floette-Eternal, L50, F|100/100\n|switch|p2b: Aerodactyl|Aerodactyl, L50, F|100/100\n|-ability|p2b: Aerodactyl|Unnerve\n|turn|1\n|\n|t:|1775920693\n|detailschange|p1b: Delphox|Delphox-Mega, L50, F\n|-mega|p1b: Delphox|Delphox|Delphoxite\n|detailschange|p2a: Floette|Floette-Mega, L50, F\n|-mega|p2a: Floette|Floette|Floettite\n|-ability|p2a: Floette|Fairy Aura\n|move|p1a: Meowstic|Psychic Terrain|p1a: Meowstic\n|-fieldstart|move: Psychic Terrain\n|move|p1b: Delphox|Expanding Force|p2b: Aerodactyl\n|-damage|p2b: Aerodactyl|25/100\n|move|p2b: Aerodactyl|Tailwind|p2b: Aerodactyl\n|-sidestart|p2: alpharax127|move: Tailwind\n|move|p2a: Floette|Light of Ruin|p1b: Delphox\n|-resisted|p1b: Delphox|1\n|-damage|p1b: Delphox|44/100\n|-damage|p2a: Floette|72/100|[from] Recoil\n|\n|upkeep\n|turn|2\n|inactive|alpharax127 has 30 seconds left.\n|inactive|alpharax127 has 20 seconds left.\n|inactive|alpharax127 has 15 seconds left.\n|inactive|alpharax127 has 10 seconds left.\n|\n|t:|1775920743\n|move|p1b: Delphox|Protect|p1b: Delphox\n|-singleturn|p1b: Delphox|Protect\n|move|p1a: Meowstic|Thunder Wave|p2a: Floette\n|-activate|p2a: Floette|move: Psychic Terrain\n|move|p2b: Aerodactyl|Rock Slide|p1b: Delphox|[spread] \n|-activate|p1b: Delphox|move: Protect\n|-miss|p2b: Aerodactyl|p1a: Meowstic\n|move|p2a: Floette|Moonblast|p1a: Meowstic\n|-damage|p1a: Meowstic|30/100\n|\n|upkeep\n|turn|3\n|\n|t:|1775920760\n|move|p1a: Meowstic|Protect|p1a: Meowstic\n|-singleturn|p1a: Meowstic|Protect\n|move|p2b: Aerodactyl|Rock Slide|p1b: Delphox|[spread] p1b\n|-activate|p1a: Meowstic|move: Protect\n|-supereffective|p1b: Delphox|1\n|-damage|p1b: Delphox|0 fnt\n|faint|p1b: Delphox\n|move|p2a: Floette|Dazzling Gleam|p1a: Meowstic\n|-activate|p1a: Meowstic|move: Protect\n|\n|upkeep\n|\n|t:|1775920768\n|switch|p1b: Excadrill|Excadrill, L50, M|100/100\n|turn|4\n|\n|t:|1775920791\n|switch|p2a: Garchomp|Garchomp, L50, F|100/100\n|move|p2b: Aerodactyl|Protect|p2b: Aerodactyl\n|-singleturn|p2b: Aerodactyl|Protect\n|move|p1a: Meowstic|Thunder Wave|p2a: Garchomp\n|-activate|p2a: Garchomp|move: Psychic Terrain\n|move|p1b: Excadrill|Iron Head|p2b: Aerodactyl\n|-activate|p2b: Aerodactyl|move: Protect\n|\n|-sideend|p2: alpharax127|move: Tailwind\n|upkeep\n|turn|5\n|inactive|BattleBeedrill has 30 seconds left.\n|inactive|BattleBeedrill has 20 seconds left.\n|inactive|BattleBeedrill has 15 seconds left.\n|inactive|BattleBeedrill has 10 seconds left.\n|\n|t:|1775920836\n|move|p1a: Meowstic|Protect|p1a: Meowstic\n|-singleturn|p1a: Meowstic|Protect\n|move|p2b: Aerodactyl|Tailwind|p2b: Aerodactyl\n|-sidestart|p2: alpharax127|move: Tailwind\n|move|p2a: Garchomp|Earthquake|p1b: Excadrill|[spread] p1b\n|-activate|p1a: Meowstic|move: Protect\n|-immune|p2b: Aerodactyl\n|-supereffective|p1b: Excadrill|1\n|-damage|p1b: Excadrill|0 fnt\n|faint|p1b: Excadrill\n|\n|-fieldend|move: Psychic Terrain\n|upkeep\n|\n|t:|1775920840\n|switch|p1b: Talonflame|Talonflame, L50, F|100/100\n|turn|6\n|\n|t:|1775920860\n|move|p2b: Aerodactyl|Protect|p2b: Aerodactyl\n|-singleturn|p2b: Aerodactyl|Protect\n|move|p1b: Talonflame|Dual Wingbeat|p2a: Garchomp\n|-damage|p2a: Garchomp|89/100\n|-damage|p1b: Talonflame|88/100|[from] ability: Rough Skin|[of] p2a: Garchomp\n|-damage|p2a: Garchomp|78/100\n|-damage|p1b: Talonflame|76/100|[from] ability: Rough Skin|[of] p2a: Garchomp\n|-hitcount|p2a: Garchomp|2\n|move|p1a: Meowstic|Psychic Terrain|p1a: Meowstic\n|-fieldstart|move: Psychic Terrain\n|move|p2a: Garchomp|Rock Slide|p1a: Meowstic|[spread] p1a,p1b\n|-supereffective|p1b: Talonflame|2\n|-damage|p1a: Meowstic|8/100\n|-damage|p1b: Talonflame|0 fnt\n|faint|p1b: Talonflame\n|\n|upkeep\n|turn|7\n|\n|t:|1775920882\n|move|p2b: Aerodactyl|Protect||[still]\n|-fail|p2b: Aerodactyl\n|move|p1a: Meowstic|Thunder Wave|p2a: Garchomp\n|-activate|p2a: Garchomp|move: Psychic Terrain\n|move|p2a: Garchomp|Earthquake|p1a: Meowstic|[spread] p1a\n|-immune|p2b: Aerodactyl\n|-damage|p1a: Meowstic|0 fnt\n|faint|p1a: Meowstic\n|\n|win|alpharax127\n|raw|BattleBeedrill's rating: 1000 &rarr; <strong>1000</strong><br />(+0 for losing)\n|raw|alpharax127's rating: 1081 &rarr; <strong>1102</strong><br />(+21 for winning)\n",
  "uploadtime": 1775920896,
  "views": 10,
  "formatid": "gen9championsvgc2026regma",
  "rating": 1000,
  "private": 0,
  "password": null
}