{
  "id": "gen9championsvgc2026regma-2589583920",
  "format": "[Gen 9 Champions] VGC 2026 Reg M-A",
  "players": [
    "tigasww",
    "brand rats"
  ],
  "log": "|j|\u2606tigasww\n|j|\u2606brand rats\n|t:|1776736374\n|gametype|doubles\n|player|p1|tigasww|170|1020\n|player|p2|brand rats|winona|1052\n|gen|9\n|tier|[Gen 9 Champions] VGC 2026 Reg M-A\n|rated|\n|rule|Species Clause: Limit one of each Pok\u00e9mon\n|rule|Item Clause: Limit 1 of each item\n|clearpoke\n|poke|p1|Tyranitar, L50, M|\n|poke|p1|Sandaconda, L50, F|\n|poke|p1|Palafin, L50, M|\n|poke|p1|Starmie, L50|\n|poke|p1|Absol, L50, F|\n|poke|p1|Abomasnow, L50, F|\n|poke|p2|Tsareena, L50, F|\n|poke|p2|Zoroark-Hisui, L50, M|\n|poke|p2|Meowstic-F, L50, F|\n|poke|p2|Klefki, L50, F|\n|poke|p2|Blastoise, L50, M|\n|poke|p2|Incineroar, L50, F|\n|teampreview|4\n|\n|t:|1776736404\n|teamsize|p1|4\n|teamsize|p2|4\n|start\n|switch|p1a: Tyranitar|Tyranitar, L50, M|100/100\n|switch|p1b: Sandaconda|Sandaconda, L50, F|100/100\n|switch|p2a: Incineroar|Incineroar, L50, F|100/100\n|switch|p2b: Klefki|Klefki, L50, F|100/100\n|-weather|Sandstorm|[from] ability: Sand Stream|[of] p1a: Tyranitar\n|-ability|p2a: Incineroar|Intimidate|boost\n|-unboost|p1a: Tyranitar|atk|1\n|-unboost|p1b: Sandaconda|atk|1\n|turn|1\n|\n|t:|1776736419\n|detailschange|p1a: Tyranitar|Tyranitar-Mega, L50, M\n|-mega|p1a: Tyranitar|Tyranitar|Tyranitarite\n|move|p2a: Incineroar|Fake Out|p1a: Tyranitar\n|-resisted|p1a: Tyranitar|1\n|-damage|p1a: Tyranitar|97/100\n|move|p2b: Klefki|Reflect|p2b: Klefki\n|-sidestart|p2: brand rats|Reflect\n|move|p1b: Sandaconda|Substitute|p1b: Sandaconda\n|-start|p1b: Sandaconda|Substitute\n|-damage|p1b: Sandaconda|76/100\n|cant|p1a: Tyranitar|flinch\n|\n|-weather|Sandstorm|[upkeep]\n|-damage|p2a: Incineroar|94/100|[from] Sandstorm\n|upkeep\n|turn|2\n|\n|t:|1776736440\n|move|p1b: Sandaconda|Minimize|p1b: Sandaconda\n|-boost|p1b: Sandaconda|evasion|2\n|move|p2b: Klefki|Foul Play|p1b: Sandaconda\n|-activate|p1b: Sandaconda|move: Substitute|[damage]\n|move|p1a: Tyranitar|Rock Slide|p2a: Incineroar|[spread] p2a,p2b\n|-supereffective|p2a: Incineroar|1\n|-resisted|p2b: Klefki|1\n|-damage|p2a: Incineroar|59/100\n|-damage|p2b: Klefki|94/100\n|move|p2a: Incineroar|Parting Shot|p1a: Tyranitar\n|-unboost|p1a: Tyranitar|atk|1\n|-unboost|p1a: Tyranitar|spa|1\n|\n|t:|1776736465\n|switch|p2a: Blastoise|Blastoise, L50, M|100/100|[from] Parting Shot\n|\n|-weather|Sandstorm|[upkeep]\n|-damage|p2a: Blastoise|95/100|[from] Sandstorm\n|upkeep\n|turn|3\n|\n|t:|1776736479\n|detailschange|p2a: Blastoise|Blastoise-Mega, L50, M\n|-mega|p2a: Blastoise|Blastoise|Blastoisinite\n|move|p2b: Klefki|Light Screen|p2b: Klefki\n|-sidestart|p2: brand rats|move: Light Screen\n|move|p2a: Blastoise|Shell Smash|p2a: Blastoise\n|-unboost|p2a: Blastoise|def|1\n|-unboost|p2a: Blastoise|spd|1\n|-boost|p2a: Blastoise|atk|2\n|-boost|p2a: Blastoise|spa|2\n|-boost|p2a: Blastoise|spe|2\n|move|p1b: Sandaconda|Minimize|p1b: Sandaconda\n|-boost|p1b: Sandaconda|evasion|2\n|move|p1a: Tyranitar|Rock Slide|p2a: Blastoise|[spread] p2a,p2b\n|-resisted|p2b: Klefki|1\n|-damage|p2a: Blastoise|77/100\n|-damage|p2b: Klefki|90/100\n|\n|-weather|Sandstorm|[upkeep]\n|-damage|p2a: Blastoise|71/100|[from] Sandstorm\n|upkeep\n|turn|4\n|\n|t:|1776736497\n|switch|p2b: Incineroar|Incineroar, L50, F|59/100\n|-ability|p2b: Incineroar|Intimidate|boost\n|-unboost|p1a: Tyranitar|atk|1\n|-immune|p1b: Sandaconda\n|switch|p1a: Absol|Absol, L50, F|100/100\n|-ability|p1a: Absol|Pressure\n|move|p2a: Blastoise|Aura Sphere|p1a: Absol\n|-supereffective|p1a: Absol|1\n|-damage|p1a: Absol|0 fnt\n|faint|p1a: Absol\n|move|p1b: Sandaconda|Minimize|p1b: Sandaconda\n|-boost|p1b: Sandaconda|evasion|2\n|\n|-weather|Sandstorm|[upkeep]\n|-damage|p2a: Blastoise|65/100|[from] Sandstorm\n|-damage|p2b: Incineroar|53/100|[from] Sandstorm\n|upkeep\n|\n|t:|1776736510\n|switch|p1a: Starmie|Starmie, L50|100/100\n|turn|5\n|\n|t:|1776736519\n|move|p2b: Incineroar|Fake Out|p1a: Starmie\n|-damage|p1a: Starmie|84/100\n|move|p2a: Blastoise|Dark Pulse|p1a: Starmie\n|-supereffective|p1a: Starmie|1\n|-damage|p1a: Starmie|0 fnt\n|faint|p1a: Starmie\n|move|p1b: Sandaconda|Coil|p1b: Sandaconda\n|-boost|p1b: Sandaconda|atk|1\n|-boost|p1b: Sandaconda|def|1\n|-boost|p1b: Sandaconda|accuracy|1\n|\n|-weather|none\n|-sideend|p2: brand rats|Reflect\n|upkeep\n|\n|t:|1776736529\n|switch|p1a: Tyranitar|Tyranitar-Mega, L50, M|97/100\n|-weather|Sandstorm|[from] ability: Sand Stream|[of] p1a: Tyranitar\n|turn|6\n|\n|t:|1776736538\n|move|p2a: Blastoise|Aura Sphere|p1a: Tyranitar\n|-supereffective|p1a: Tyranitar|2\n|-damage|p1a: Tyranitar|0 fnt\n|faint|p1a: Tyranitar\n|move|p1b: Sandaconda|Coil|p1b: Sandaconda\n|-boost|p1b: Sandaconda|atk|1\n|-boost|p1b: Sandaconda|def|1\n|-boost|p1b: Sandaconda|accuracy|1\n|move|p2b: Incineroar|Darkest Lariat|p1b: Sandaconda|[miss]\n|-miss|p2b: Incineroar|p1b: Sandaconda\n|\n|-weather|Sandstorm|[upkeep]\n|-damage|p2a: Blastoise|60/100|[from] Sandstorm\n|-damage|p2b: Incineroar|47/100|[from] Sandstorm\n|upkeep\n|turn|7\n|\n|t:|1776736550\n|move|p2a: Blastoise|Aura Sphere|p1b: Sandaconda\n|-end|p1b: Sandaconda|Substitute\n|move|p1b: Sandaconda|Coil|p1b: Sandaconda\n|-boost|p1b: Sandaconda|atk|1\n|-boost|p1b: Sandaconda|def|1\n|-boost|p1b: Sandaconda|accuracy|1\n|move|p2b: Incineroar|Darkest Lariat|p1b: Sandaconda\n|-damage|p1b: Sandaconda|24/100\n|\n|-weather|Sandstorm|[upkeep]\n|-damage|p2a: Blastoise|54/100|[from] Sandstorm\n|-damage|p2b: Incineroar|41/100|[from] Sandstorm\n|-sideend|p2: brand rats|move: Light Screen\n|upkeep\n|turn|8\n|\n|t:|1776736559\n|move|p2a: Blastoise|Aura Sphere|p1b: Sandaconda\n|-damage|p1b: Sandaconda|0 fnt\n|faint|p1b: Sandaconda\n|\n|win|brand rats\n|raw|tigasww's rating: 1020 &rarr; <strong>1008</strong><br />(-12 for losing)\n|raw|brand rats's rating: 1052 &rarr; <strong>1081</strong><br />(+29 for winning)\n",
  "uploadtime": 1776736562,
  "views": 3,
  "formatid": "gen9championsvgc2026regma",
  "rating": 1008,
  "private": 0,
  "password": null
}