{
  "id": "gen9championsvgc2026regma-2581230347",
  "format": "[Gen 9 Champions] VGC 2026 Reg M-A",
  "players": [
    "Dagonkip",
    "boopdoop34"
  ],
  "log": "|j|\u2606Dagonkip\n|j|\u2606boopdoop34\n|t:|1775973659\n|gametype|doubles\n|player|p1|Dagonkip|2|\n|player|p2|boopdoop34|2|\n|gen|9\n|tier|[Gen 9 Champions] VGC 2026 Reg M-A\n|rule|Species Clause: Limit one of each Pok\u00e9mon\n|rule|Item Clause: Limit 1 of each item\n|clearpoke\n|poke|p1|Beedrill, L50, M|\n|poke|p1|Araquanid, L50, F|\n|poke|p1|Zoroark, L50, M|\n|poke|p1|Froslass, L50, F|\n|poke|p1|Talonflame, L50, M|\n|poke|p1|Ditto, L50|\n|poke|p2|Hatterene, L50, F|\n|poke|p2|Torkoal, L50, M|\n|poke|p2|Whimsicott, L50, F|\n|poke|p2|Conkeldurr, L50, F|\n|poke|p2|Tyranitar, L50, F|\n|poke|p2|Trevenant, L50, F|\n|teampreview|4\n|\n|t:|1775973682\n|teamsize|p1|4\n|teamsize|p2|4\n|start\n|switch|p1a: Adino!|Beedrill, L50, M|100/100\n|switch|p1b: ItzyBitzy|Araquanid, L50, F|100/100\n|switch|p2a: Tyranitar|Tyranitar, L50, F|100/100\n|switch|p2b: Hatterene|Hatterene, L50, F, shiny|100/100\n|-weather|Sandstorm|[from] ability: Sand Stream|[of] p2a: Tyranitar\n|turn|1\n|\n|t:|1775973706\n|move|p2a: Tyranitar|Protect|p2a: Tyranitar\n|-singleturn|p2a: Tyranitar|Protect\n|move|p1a: Adino!|Foul Play|p2b: Hatterene\n|-damage|p2b: Hatterene|68/100\n|move|p1b: ItzyBitzy|Magic Room|p1b: ItzyBitzy\n|-fieldstart|move: Magic Room|[of] p1b: ItzyBitzy\n|move|p2b: Hatterene|Trick Room|p2b: Hatterene\n|-fieldstart|move: Trick Room|[of] p2b: Hatterene\n|\n|-weather|Sandstorm|[upkeep]\n|-damage|p2b: Hatterene|61/100|[from] Sandstorm\n|-damage|p1b: ItzyBitzy|95/100|[from] Sandstorm\n|-damage|p1a: Adino!|95/100|[from] Sandstorm\n|upkeep\n|turn|2\n|\n|t:|1775973732\n|detailschange|p2a: Tyranitar|Tyranitar-Mega, L50, F\n|-mega|p2a: Tyranitar|Tyranitar|Tyranitarite\n|move|p2b: Hatterene|Psychic Terrain|p2b: Hatterene\n|-fieldstart|move: Psychic Terrain\n|move|p1b: ItzyBitzy|Liquidation|p2a: Tyranitar\n|-supereffective|p2a: Tyranitar|1\n|-damage|p2a: Tyranitar|25/100\n|move|p2a: Tyranitar|Curse|p2a: Tyranitar\n|-unboost|p2a: Tyranitar|spe|1\n|-boost|p2a: Tyranitar|atk|1\n|-boost|p2a: Tyranitar|def|1\n|move|p1a: Adino!|Hex|p2b: Hatterene\n|-supereffective|p2b: Hatterene|1\n|-damage|p2b: Hatterene|14/100\n|\n|-weather|Sandstorm|[upkeep]\n|-damage|p2b: Hatterene|8/100|[from] Sandstorm\n|-damage|p1b: ItzyBitzy|89/100|[from] Sandstorm\n|-damage|p1a: Adino!|89/100|[from] Sandstorm\n|upkeep\n|turn|3\n|\n|t:|1775973757\n|move|p1b: ItzyBitzy|Protect|p1b: ItzyBitzy\n|-singleturn|p1b: ItzyBitzy|Protect\n|move|p1a: Adino!|Protect|p1a: Adino!\n|-singleturn|p1a: Adino!|Protect\n|move|p2b: Hatterene|Expanding Force|p1b: ItzyBitzy|[spread] \n|-activate|p1a: Adino!|move: Protect\n|-activate|p1b: ItzyBitzy|move: Protect\n|move|p2a: Tyranitar|Rock Slide|p1a: Adino!|[spread] \n|-activate|p1a: Adino!|move: Protect\n|-activate|p1b: ItzyBitzy|move: Protect\n|\n|-weather|Sandstorm|[upkeep]\n|-damage|p2b: Hatterene|2/100|[from] Sandstorm\n|-damage|p1b: ItzyBitzy|83/100|[from] Sandstorm\n|-damage|p1a: Adino!|83/100|[from] Sandstorm\n|upkeep\n|turn|4\n|\n|t:|1775973778\n|move|p2b: Hatterene|Expanding Force|p1b: ItzyBitzy|[spread] p1b\n|-immune|p1a: Adino!\n|-crit|p1b: ItzyBitzy\n|-damage|p1b: ItzyBitzy|0 fnt\n|faint|p1b: ItzyBitzy\n|move|p2a: Tyranitar|Rock Slide|p1a: Adino!\n|-crit|p1a: Adino!\n|-damage|p1a: Adino!|0 fnt\n|replace|p1a: Waldo|Zoroark, L50, M\n|-end|p1a: Waldo|Illusion\n|faint|p1a: Waldo\n|\n|-weather|Sandstorm|[upkeep]\n|-damage|p2b: Hatterene|0 fnt|[from] Sandstorm\n|faint|p2b: Hatterene\n|upkeep\n|\n|t:|1775973799\n|switch|p2b: Torkoal|Torkoal, L50, M|100/100\n|switch|p1b: Adino!|Beedrill, L50, M|100/100\n|switch|p1a: Who'sthatPokemon?|Talonflame, L50, M|100/100\n|-weather|SunnyDay|[from] ability: Drought|[of] p2b: Torkoal\n|turn|5\n|\n|t:|1775973837\n|detailschange|p1b: Adino!|Beedrill-Mega, L50, M\n|-mega|p1b: Adino!|Beedrill|Beedrillite\n|move|p1a: Who'sthatPokemon?|Tailwind|p1a: Who'sthatPokemon?\n|-sidestart|p1: Dagonkip|move: Tailwind\n|move|p2b: Torkoal|Eruption|p1b: Adino!|[spread] p1a,p1b\n|-resisted|p1a: Who'sthatPokemon?|1\n|-supereffective|p1b: Adino!|1\n|-damage|p1a: Who'sthatPokemon?|49/100\n|-damage|p1b: Adino!|0 fnt\n|faint|p1b: Adino!\n|move|p2a: Tyranitar|Rock Slide|p1a: Who'sthatPokemon?\n|-supereffective|p1a: Who'sthatPokemon?|2\n|-damage|p1a: Who'sthatPokemon?|0 fnt\n|faint|p1a: Who'sthatPokemon?\n|\n|win|boopdoop34\n|l|\u2606boopdoop34\n|player|p2|\n",
  "uploadtime": 1775973861,
  "views": 10,
  "formatid": "gen9championsvgc2026regma",
  "rating": null,
  "private": 0,
  "password": null
}