{
  "id": "gen9championsvgc2026regma-2585607012",
  "format": "[Gen 9 Champions] VGC 2026 Reg M-A",
  "players": [
    "Jamstiffer ALt",
    "Buftzi"
  ],
  "log": "|j|\u2606Jamstiffer ALt\n|j|\u2606Buftzi\n|t:|1776358519\n|gametype|doubles\n|player|p1|Jamstiffer ALt|aaron|1095\n|player|p2|Buftzi|ghetsis|1064\n|gen|9\n|tier|[Gen 9 Champions] VGC 2026 Reg M-A\n|rated|\n|rule|Species Clause: Limit one of each Pok\u00e9mon\n|rule|Item Clause: Limit 1 of each item\n|clearpoke\n|poke|p1|Tyranitar, L50, M|\n|poke|p1|Garchomp, L50, F|\n|poke|p1|Sneasler, L50, F|\n|poke|p1|Corviknight, L50, M|\n|poke|p1|Sinistcha, L50|\n|poke|p1|Rotom-Wash, L50|\n|poke|p2|Charizard, L50, M|\n|poke|p2|Venusaur, L50, M|\n|poke|p2|Milotic, L50, M|\n|poke|p2|Garchomp, L50, M|\n|poke|p2|Whimsicott, L50, F|\n|poke|p2|Kingambit, L50, F|\n|teampreview|4\n|inactive|Battle timer is ON: inactive players will automatically lose when time's up. (requested by Buftzi)\n|inactive|Jamstiffer ALt also wants the timer to be on.\n|\n|t:|1776358546\n|teamsize|p1|4\n|teamsize|p2|4\n|start\n|switch|p1a: Rotom|Rotom-Wash, L50|100/100\n|switch|p1b: Corviknight|Corviknight, L50, M|100/100\n|switch|p2a: Charizard|Charizard, L50, M, shiny|100/100\n|switch|p2b: Garchomp|Garchomp, L50, M, shiny|100/100\n|turn|1\n|\n|t:|1776358566\n|switch|p1b: Tyranitar|Tyranitar, L50, M|100/100\n|-weather|Sandstorm|[from] ability: Sand Stream|[of] p1b: Tyranitar\n|detailschange|p2a: Charizard|Charizard-Mega-Y, L50, M, shiny\n|-mega|p2a: Charizard|Charizard|Charizardite Y\n|-weather|SunnyDay|[from] ability: Drought|[of] p2a: Charizard\n|move|p1a: Rotom|Protect|p1a: Rotom\n|-singleturn|p1a: Rotom|Protect\n|move|p2b: Garchomp|Rock Slide|p1a: Rotom|[spread] p1b\n|-activate|p1a: Rotom|move: Protect\n|-damage|p1b: Tyranitar|83/100\n|move|p2a: Charizard|Heat Wave|p1a: Rotom|[spread] p1b\n|-activate|p1a: Rotom|move: Protect\n|-resisted|p1b: Tyranitar|1\n|-damage|p1b: Tyranitar|52/100\n|-status|p1b: Tyranitar|brn\n|\n|-weather|SunnyDay|[upkeep]\n|-damage|p1b: Tyranitar|46/100 brn|[from] brn\n|upkeep\n|turn|2\n|c|\u2606Jamstiffer ALt|niceee\n|inactive|Buftzi has 30 seconds left.\n|\n|t:|1776358598\n|switch|p2a: Kingambit|Kingambit, L50, F, shiny|100/100\n|detailschange|p1b: Tyranitar|Tyranitar-Mega, L50, M\n|-mega|p1b: Tyranitar|Tyranitar|Tyranitarite\n|-weather|Sandstorm|[from] ability: Sand Stream|[of] p1b: Tyranitar\n|move|p2b: Garchomp|Rock Slide|p1b: Tyranitar|[spread] p1b\n|-miss|p2b: Garchomp|p1a: Rotom\n|-damage|p1b: Tyranitar|32/100 brn\n|move|p1a: Rotom|Hydro Pump|p2b: Garchomp\n|-damage|p2b: Garchomp|45/100\n|move|p1b: Tyranitar|Knock Off|p2b: Garchomp\n|-damage|p2b: Garchomp|10/100\n|-damage|p1b: Tyranitar|19/100 brn|[from] ability: Rough Skin|[of] p2b: Garchomp\n|-enditem|p2b: Garchomp|Choice Scarf|[from] move: Knock Off|[of] p1b: Tyranitar\n|\n|-weather|Sandstorm|[upkeep]\n|-damage|p1a: Rotom|94/100|[from] Sandstorm\n|-damage|p1b: Tyranitar|13/100 brn|[from] brn\n|upkeep\n|turn|3\n|inactive|Buftzi has 30 seconds left.\n|\n|t:|1776358623\n|switch|p1b: Corviknight|Corviknight, L50, M|100/100\n|move|p2a: Kingambit|Sucker Punch||[still]\n|-fail|p2a: Kingambit\n|move|p2b: Garchomp|Scale Shot|p1a: Rotom|[miss]\n|-miss|p2b: Garchomp|p1a: Rotom\n|move|p1a: Rotom|Volt Switch|p2a: Kingambit\n|-damage|p2a: Kingambit|63/100\n|\n|t:|1776358632\n|switch|p1a: Sneasler|Sneasler, L50, F|100/100|[from] Volt Switch\n|\n|-weather|Sandstorm|[upkeep]\n|-damage|p1a: Sneasler|95/100|[from] Sandstorm\n|upkeep\n|turn|4\n|\n|t:|1776358647\n|move|p1a: Sneasler|Fake Out|p2b: Garchomp\n|-damage|p2b: Garchomp|0 fnt\n|-damage|p1a: Sneasler|83/100|[from] ability: Rough Skin|[of] p2b: Garchomp\n|faint|p2b: Garchomp\n|move|p1b: Corviknight|Tailwind|p1b: Corviknight\n|-sidestart|p1: Jamstiffer ALt|move: Tailwind\n|move|p2a: Kingambit|Iron Head|p1a: Sneasler\n|-damage|p1a: Sneasler|6/100\n|\n|-weather|Sandstorm|[upkeep]\n|-damage|p1a: Sneasler|0 fnt|[from] Sandstorm\n|faint|p1a: Sneasler\n|upkeep\n|\n|t:|1776358658\n|switch|p1a: Rotom|Rotom-Wash, L50|94/100\n|switch|p2b: Milotic|Milotic, L50, M, shiny|100/100\n|turn|5\n|\n|t:|1776358664\n|move|p2a: Kingambit|Protect|p2a: Kingambit\n|-singleturn|p2a: Kingambit|Protect\n|move|p1a: Rotom|Volt Switch|p2b: Milotic\n|-supereffective|p2b: Milotic|1\n|-damage|p2b: Milotic|50/100\n|\n|t:|1776358669\n|switch|p1a: Tyranitar|Tyranitar-Mega, L50, M|13/100 brn|[from] Volt Switch\n|move|p1b: Corviknight|Brave Bird|p2b: Milotic\n|-crit|p2b: Milotic\n|-damage|p2b: Milotic|0 fnt\n|faint|p2b: Milotic\n|-damage|p1b: Corviknight|83/100|[from] Recoil\n|\n|-weather|Sandstorm|[upkeep]\n|-heal|p1b: Corviknight|90/100|[from] item: Leftovers\n|-damage|p1a: Tyranitar|7/100 brn|[from] brn\n|upkeep\n|\n|t:|1776358679\n|switch|p2b: Charizard|Charizard-Mega-Y, L50, M, shiny|100/100\n|-weather|SunnyDay|[from] ability: Drought|[of] p2b: Charizard\n|turn|6\n|\n|t:|1776358696\n|move|p2b: Charizard|Protect|p2b: Charizard\n|-singleturn|p2b: Charizard|Protect\n|move|p1a: Tyranitar|Dragon Dance|p1a: Tyranitar\n|-boost|p1a: Tyranitar|atk|1\n|-boost|p1a: Tyranitar|spe|1\n|move|p1b: Corviknight|Brave Bird|p2b: Charizard\n|-activate|p2b: Charizard|move: Protect\n|move|p2a: Kingambit|Kowtow Cleave|p1b: Corviknight\n|-damage|p1b: Corviknight|35/100\n|\n|-weather|SunnyDay|[upkeep]\n|-heal|p1b: Corviknight|41/100|[from] item: Leftovers\n|-damage|p1a: Tyranitar|2/100 brn|[from] brn\n|upkeep\n|turn|7\n|\n|t:|1776358711\n|switch|p1a: Rotom|Rotom-Wash, L50|94/100\n|move|p2a: Kingambit|Sucker Punch||[still]\n|-fail|p2a: Kingambit\n|move|p1b: Corviknight|Roost|p1b: Corviknight\n|-heal|p1b: Corviknight|92/100\n|-singleturn|p1b: Corviknight|move: Roost\n|move|p2b: Charizard|Heat Wave|p1b: Corviknight|[spread] p1b\n|-miss|p2b: Charizard|p1a: Rotom\n|-supereffective|p1b: Corviknight|1\n|-damage|p1b: Corviknight|0 fnt\n|faint|p1b: Corviknight\n|\n|-weather|SunnyDay|[upkeep]\n|-sideend|p1: Jamstiffer ALt|move: Tailwind\n|upkeep\n|\n|t:|1776358716\n|switch|p1b: Tyranitar|Tyranitar-Mega, L50, M|2/100 brn\n|-weather|Sandstorm|[from] ability: Sand Stream|[of] p1b: Tyranitar\n|turn|8\n|\n|t:|1776358732\n|move|p2b: Charizard|Protect|p2b: Charizard\n|-singleturn|p2b: Charizard|Protect\n|move|p1a: Rotom|Hydro Pump|p2a: Kingambit\n|-crit|p2a: Kingambit\n|-damage|p2a: Kingambit|0 fnt\n|faint|p2a: Kingambit\n|move|p1b: Tyranitar|Rock Slide|p2b: Charizard\n|-activate|p2b: Charizard|move: Protect\n|\n|-weather|Sandstorm|[upkeep]\n|-damage|p2b: Charizard|95/100|[from] Sandstorm\n|-damage|p1a: Rotom|88/100|[from] Sandstorm\n|-damage|p1b: Tyranitar|0 fnt|[from] brn\n|faint|p1b: Tyranitar\n|upkeep\n|turn|9\n|\n|t:|1776358748\n|move|p2b: Charizard|Weather Ball|p1a: Rotom\n|-damage|p1a: Rotom|45/100\n|-enditem|p1a: Rotom|Sitrus Berry|[eat]\n|-heal|p1a: Rotom|69/100|[from] item: Sitrus Berry\n|move|p1a: Rotom|Hydro Pump|p2b: Charizard|[miss]\n|-miss|p1a: Rotom|p2b: Charizard\n|\n|-weather|Sandstorm|[upkeep]\n|-damage|p2b: Charizard|89/100|[from] Sandstorm\n|-damage|p1a: Rotom|63/100|[from] Sandstorm\n|upkeep\n|turn|10\n|\n|t:|1776358758\n|move|p2b: Charizard|Solar Beam||[still]\n|-prepare|p2b: Charizard|Solar Beam\n|move|p1a: Rotom|Hydro Pump|p2b: Charizard\n|-supereffective|p2b: Charizard|1\n|-damage|p2b: Charizard|0 fnt\n|faint|p2b: Charizard\n|\n|win|Jamstiffer ALt\n|raw|Jamstiffer ALt's rating: 1095 &rarr; <strong>1118</strong><br />(+23 for winning)\n|raw|Buftzi's rating: 1064 &rarr; <strong>1046</strong><br />(-18 for losing)\n|l|\u2606Buftzi\n|player|p2|\n",
  "uploadtime": 1776358767,
  "views": 25,
  "formatid": "gen9championsvgc2026regma",
  "rating": 1046,
  "private": 0,
  "password": null
}