{
  "id": "gen9championsvgc2026regma-2581930592",
  "format": "[Gen 9 Champions] VGC 2026 Reg M-A",
  "players": [
    "johnkharkiv",
    "StonerXVIII"
  ],
  "log": "|j|\u2606johnkharkiv\n|j|\u2606StonerXVIII\n|t:|1776040770\n|gametype|doubles\n|player|p1|johnkharkiv|swimmerf-gen4dp|1088\n|player|p2|StonerXVIII|lucas-gen4pt|1060\n|gen|9\n|tier|[Gen 9 Champions] VGC 2026 Reg M-A\n|rated|\n|rule|Species Clause: Limit one of each Pok\u00e9mon\n|rule|Item Clause: Limit 1 of each item\n|clearpoke\n|poke|p1|Politoed, L50, F|\n|poke|p1|Chesnaught, L50, F|\n|poke|p1|Sinistcha-Masterpiece, L50|\n|poke|p1|Slowbro, L50, F|\n|poke|p1|Incineroar, L50, F|\n|poke|p1|Kleavor, L50, M|\n|poke|p2|Quaquaval, L50, M|\n|poke|p2|Archaludon, L50, M|\n|poke|p2|Pelipper, L50, M|\n|poke|p2|Meganium, L50, F|\n|poke|p2|Basculegion, L50, M|\n|poke|p2|Empoleon, L50, F|\n|teampreview|4\n|l|\u2606johnkharkiv\n|player|p1|\n|j|\u2606johnkharkiv\n|player|p1|johnkharkiv|swimmerf-gen4dp|\n|\n|t:|1776040805\n|teamsize|p1|4\n|teamsize|p2|4\n|start\n|switch|p1a: Kleavor|Kleavor, L50, M|100/100\n|switch|p1b: Tea Girl|Sinistcha-Masterpiece, L50|100/100\n|switch|p2a: Empoleon|Empoleon, L50, F|100/100\n|switch|p2b: Archaludon|Archaludon, L50, M|100/100\n|turn|1\n|inactive|Battle timer is ON: inactive players will automatically lose when time's up. (requested by johnkharkiv)\n|\n|t:|1776040851\n|move|p1a: Kleavor|Stone Axe|p2a: Empoleon\n|-resisted|p2a: Empoleon|1\n|-damage|p2a: Empoleon|71/100\n|-sidestart|p2: StonerXVIII|move: Stealth Rock\n|move|p2b: Archaludon|Flash Cannon|p1a: Kleavor\n|-supereffective|p1a: Kleavor|1\n|-enditem|p1a: Kleavor|Focus Sash\n|-damage|p1a: Kleavor|1/100\n|move|p2a: Empoleon|Surf|p1b: Tea Girl|[spread] p2b,p1a,p1b\n|-resisted|p2b: Archaludon|1\n|-supereffective|p1a: Kleavor|1\n|-resisted|p1b: Tea Girl|1\n|-damage|p2b: Archaludon|84/100\n|-damage|p1a: Kleavor|0 fnt\n|-damage|p1b: Tea Girl|87/100\n|-ability|p2b: Archaludon|Stamina|boost\n|-boost|p2b: Archaludon|def|1\n|faint|p1a: Kleavor\n|move|p1b: Tea Girl|Trick Room|p1b: Tea Girl\n|-fieldstart|move: Trick Room|[of] p1b: Tea Girl\n|\n|-heal|p2b: Archaludon|90/100|[from] item: Leftovers\n|upkeep\n|\n|t:|1776040863\n|switch|p1a: Chesnutty|Chesnaught, L50, F|100/100\n|turn|2\n|inactive|StonerXVIII has 30 seconds left.\n|inactive|StonerXVIII has 20 seconds left.\n|inactive|StonerXVIII has 15 seconds left.\n|\n|t:|1776040905\n|detailschange|p1a: Chesnutty|Chesnaught-Mega, L50, F\n|-mega|p1a: Chesnutty|Chesnaught|Chesnaughtite\n|move|p1a: Chesnutty|Belly Drum|p1a: Chesnutty\n|-damage|p1a: Chesnutty|51/100\n|-setboost|p1a: Chesnutty|atk|6|[from] move: Belly Drum\n|move|p2a: Empoleon|Ice Beam|p1b: Tea Girl\n|-supereffective|p1b: Tea Girl|1\n|-damage|p1b: Tea Girl|36/100\n|-enditem|p1b: Tea Girl|Sitrus Berry|[eat]\n|-heal|p1b: Tea Girl|61/100|[from] item: Sitrus Berry\n|move|p1b: Tea Girl|Grassy Terrain|p1b: Tea Girl\n|-fieldstart|move: Grassy Terrain\n|move|p2b: Archaludon|Dragon Pulse|p1a: Chesnutty\n|-damage|p1a: Chesnutty|22/100\n|\n|-heal|p1a: Chesnutty|28/100|[from] Grassy Terrain\n|-heal|p2a: Empoleon|76/100|[from] Grassy Terrain\n|-heal|p1b: Tea Girl|67/100|[from] Grassy Terrain\n|-heal|p2b: Archaludon|96/100|[from] Grassy Terrain\n|-heal|p2b: Archaludon|100/100|[from] item: Leftovers\n|upkeep\n|turn|3\n|inactive|StonerXVIII has 30 seconds left.\n|\n|t:|1776040935\n|move|p1a: Chesnutty|Drain Punch|p2b: Archaludon\n|-supereffective|p2b: Archaludon|1\n|-crit|p2b: Archaludon\n|-damage|p2b: Archaludon|0 fnt\n|-heal|p1a: Chesnutty|88/100|[from] drain|[of] p2b: Archaludon\n|faint|p2b: Archaludon\n|move|p2a: Empoleon|Ice Beam|p1b: Tea Girl\n|-supereffective|p1b: Tea Girl|1\n|-damage|p1b: Tea Girl|12/100\n|move|p1b: Tea Girl|Life Dew|p1b: Tea Girl|[spread] p1a,p1b\n|-heal|p1a: Chesnutty|100/100\n|-heal|p1b: Tea Girl|37/100\n|\n|-heal|p2a: Empoleon|82/100|[from] Grassy Terrain\n|-heal|p1b: Tea Girl|43/100|[from] Grassy Terrain\n|upkeep\n|\n|t:|1776040954\n|switch|p2b: Pelipper|Pelipper, L50, M|100/100\n|-damage|p2b: Pelipper|76/100|[from] Stealth Rock\n|-weather|RainDance|[from] ability: Drizzle|[of] p2b: Pelipper\n|turn|4\n|\n|t:|1776040973\n|move|p1a: Chesnutty|Grassy Glide|p2b: Pelipper\n|-damage|p2b: Pelipper|0 fnt\n|faint|p2b: Pelipper\n|move|p2a: Empoleon|Ice Beam|p1a: Chesnutty\n|-supereffective|p1a: Chesnutty|1\n|-damage|p1a: Chesnutty|54/100\n|move|p1b: Tea Girl|Matcha Gotcha|p2a: Empoleon|[miss]\n|-miss|p1b: Tea Girl|p2a: Empoleon\n|\n|-weather|RainDance|[upkeep]\n|-heal|p1a: Chesnutty|60/100|[from] Grassy Terrain\n|-heal|p2a: Empoleon|88/100|[from] Grassy Terrain\n|-heal|p1b: Tea Girl|49/100|[from] Grassy Terrain\n|upkeep\n|\n|t:|1776040983\n|switch|p2b: Meganium|Meganium, L50, F|100/100\n|-damage|p2b: Meganium|88/100|[from] Stealth Rock\n|turn|5\n|\n|t:|1776040993\n|detailschange|p2b: Meganium|Meganium-Mega, L50, F\n|-mega|p2b: Meganium|Meganium|Meganiumite\n|move|p1a: Chesnutty|Drain Punch|p2a: Empoleon\n|-supereffective|p2a: Empoleon|1\n|-damage|p2a: Empoleon|0 fnt\n|-heal|p1a: Chesnutty|100/100|[from] drain|[of] p2a: Empoleon\n|faint|p2a: Empoleon\n|move|p1b: Tea Girl|Life Dew||[still]|[spread] p1a,p1b\n|-fail|p1a: Chesnutty|heal\n|-heal|p1b: Tea Girl|74/100\n|move|p2b: Meganium|Weather Ball|p1a: Chesnutty\n|-immune|p1a: Chesnutty|[from] ability: Bulletproof\n|\n|-weather|RainDance|[upkeep]\n|-heal|p1b: Tea Girl|80/100|[from] Grassy Terrain\n|-heal|p2b: Meganium|94/100|[from] Grassy Terrain\n|-fieldend|move: Trick Room\n|upkeep\n|turn|6\n|-message|StonerXVIII forfeited.\n|\n|win|johnkharkiv\n|raw|johnkharkiv's rating: 1088 &rarr; <strong>1113</strong><br />(+25 for winning)\n|raw|StonerXVIII's rating: 1060 &rarr; <strong>1043</strong><br />(-17 for losing)\n|l|\u2606StonerXVIII\n|player|p2|\n",
  "uploadtime": 1776041152,
  "views": 17,
  "formatid": "gen9championsvgc2026regma",
  "rating": 1043,
  "private": 0,
  "password": null
}