{
  "id": "gen9championsvgc2026regma-2580499184",
  "format": "[Gen 9 Champions] VGC 2026 Reg M-A",
  "players": [
    "alpharax127",
    "ev_evan"
  ],
  "log": "|j|\u2606alpharax127\n|j|\u2606ev_evan\n|t:|1775905341\n|gametype|doubles\n|player|p1|alpharax127|akari|1034\n|player|p2|ev_evan|169|1000\n|gen|9\n|tier|[Gen 9 Champions] VGC 2026 Reg M-A\n|rated|\n|rule|Species Clause: Limit one of each Pok\u00e9mon\n|rule|Item Clause: Limit 1 of each item\n|clearpoke\n|poke|p1|Hawlucha, L50, F|\n|poke|p1|Snorlax, L50, M|\n|poke|p1|Sinistcha, L50|\n|poke|p1|Rotom-Wash, L50|\n|poke|p1|Incineroar, L50, M|\n|poke|p1|Glimmora, L50, F|\n|poke|p2|Excadrill, L50, F|\n|poke|p2|Delphox, L50, M|\n|poke|p2|Sneasler, L50, F|\n|poke|p2|Kingambit, L50, F|\n|poke|p2|Tyranitar, L50, F|\n|poke|p2|Sableye, L50, M|\n|teampreview|4\n|inactive|Battle timer is ON: inactive players will automatically lose when time's up. (requested by alpharax127)\n|inactive|alpharax127 has 60 seconds left.\n|\n|t:|1775905391\n|teamsize|p1|4\n|teamsize|p2|4\n|start\n|switch|p1a: Hawlucha|Hawlucha, L50, F|100/100\n|switch|p1b: Snorlax|Snorlax, L50, M|100/100\n|switch|p2a: Kingambit|Kingambit, L50, F|100/100\n|switch|p2b: Sneasler|Sneasler, L50, F|100/100\n|turn|1\n|\n|t:|1775905409\n|switch|p2a: Sableye|Sableye, L50, M|100/100\n|move|p1a: Hawlucha|Protect|p1a: Hawlucha\n|-singleturn|p1a: Hawlucha|Protect\n|move|p1b: Snorlax|Protect|p1b: Snorlax\n|-singleturn|p1b: Snorlax|Protect\n|move|p2b: Sneasler|Close Combat|p1b: Snorlax\n|-activate|p1b: Snorlax|move: Protect\n|\n|upkeep\n|turn|2\n|\n|t:|1775905425\n|switch|p1b: Sinistcha|Sinistcha, L50|100/100\n|detailschange|p1a: Hawlucha|Hawlucha-Mega, L50, F\n|-mega|p1a: Hawlucha|Hawlucha|Hawluchanite\n|move|p2a: Sableye|Fake Out|p1a: Hawlucha\n|-damage|p1a: Hawlucha|93/100\n|cant|p1a: Hawlucha|flinch\n|move|p2b: Sneasler|Close Combat|p1b: Sinistcha\n|-immune|p1b: Sinistcha\n|\n|upkeep\n|turn|3\n|\n|t:|1775905443\n|move|p2b: Sneasler|Protect|p2b: Sneasler\n|-singleturn|p2b: Sneasler|Protect\n|move|p2a: Sableye|Will-O-Wisp|p1a: Hawlucha\n|-status|p1a: Hawlucha|brn\n|move|p1a: Hawlucha|Brave Bird|p2b: Sneasler\n|-activate|p2b: Sneasler|move: Protect\n|move|p1b: Sinistcha|Strength Sap|p2b: Sneasler\n|-activate|p2b: Sneasler|move: Protect\n|\n|-damage|p1a: Hawlucha|86/100 brn|[from] brn\n|upkeep\n|turn|4\n|inactive|alpharax127 has 30 seconds left.\n|\n|t:|1775905471\n|switch|p2b: Kingambit|Kingambit, L50, F|100/100\n|move|p1a: Hawlucha|Protect|p1a: Hawlucha\n|-singleturn|p1a: Hawlucha|Protect\n|move|p2a: Sableye|Foul Play|p1b: Sinistcha\n|-supereffective|p1b: Sinistcha|1\n|-damage|p1b: Sinistcha|67/100\n|move|p1b: Sinistcha|Trick Room|p1b: Sinistcha\n|-fieldstart|move: Trick Room|[of] p1b: Sinistcha\n|\n|-damage|p1a: Hawlucha|80/100 brn|[from] brn\n|upkeep\n|turn|5\n|inactive|ev_evan has 30 seconds left.\n|\n|t:|1775905503\n|switch|p1b: Snorlax|Snorlax, L50, M|100/100\n|move|p2b: Kingambit|Protect|p2b: Kingambit\n|-singleturn|p2b: Kingambit|Protect\n|move|p2a: Sableye|Foul Play|p1a: Hawlucha\n|-resisted|p1a: Hawlucha|1\n|-damage|p1a: Hawlucha|57/100 brn\n|move|p1a: Hawlucha|Entrainment|p1b: Snorlax\n|-ability|p1b: Snorlax|No Guard|Thick Fat|[from] move: Entrainment|[of] p1a: Hawlucha\n|\n|-damage|p1a: Hawlucha|50/100 brn|[from] brn\n|upkeep\n|turn|6\n|\n|t:|1775905527\n|move|p1a: Hawlucha|Protect|p1a: Hawlucha\n|-singleturn|p1a: Hawlucha|Protect\n|move|p1b: Snorlax|Fissure|p2b: Kingambit\n|-damage|p2b: Kingambit|0 fnt\n|faint|p2b: Kingambit\n|-ohko\n|move|p2a: Sableye|Foul Play|p1a: Hawlucha\n|-activate|p1a: Hawlucha|move: Protect\n|\n|-damage|p1a: Hawlucha|44/100 brn|[from] brn\n|upkeep\n|\n|t:|1775905530\n|switch|p2b: Delphox|Delphox, L50, M|100/100\n|turn|7\n|inactive|alpharax127 has 30 seconds left.\n|\n|t:|1775905560\n|switch|p1a: Rotom|Rotom-Wash, L50|100/100\n|detailschange|p2b: Delphox|Delphox-Mega, L50, M\n|-mega|p2b: Delphox|Delphox|Delphoxite\n|move|p1b: Snorlax|Smack Down|p2b: Delphox\n|-supereffective|p2b: Delphox|1\n|-damage|p2b: Delphox|62/100\n|-start|p2b: Delphox|Smack Down\n|move|p2a: Sableye|Foul Play|p1b: Snorlax\n|-damage|p1b: Snorlax|80/100\n|move|p2b: Delphox|Overheat|p1b: Snorlax\n|-damage|p1b: Snorlax|35/100\n|-unboost|p2b: Delphox|spa|2\n|\n|-heal|p1b: Snorlax|41/100|[from] item: Leftovers\n|upkeep\n|turn|8\n|inactive|ev_evan has 30 seconds left.\n|inactive|ev_evan has 20 seconds left.\n|inactive|ev_evan has 15 seconds left.\n|inactive|ev_evan has 10 seconds left.\n|\n|t:|1775905607\n|switch|p1a: Sinistcha|Sinistcha, L50|67/100\n|-heal|p1b: Snorlax|66/100|[from] ability: Hospitality|[of] p1a: Sinistcha\n|move|p2b: Delphox|Protect|p2b: Delphox\n|-singleturn|p2b: Delphox|Protect\n|move|p1b: Snorlax|Fissure|p2b: Delphox\n|-activate|p2b: Delphox|move: Protect\n|move|p2a: Sableye|Foul Play|p1b: Snorlax\n|-damage|p1b: Snorlax|44/100\n|\n|-heal|p1b: Snorlax|50/100|[from] item: Leftovers\n|-fieldend|move: Trick Room\n|upkeep\n|turn|9\n|\n|t:|1775905630\n|move|p1a: Sinistcha|Rage Powder|p1a: Sinistcha\n|-singleturn|p1a: Sinistcha|move: Rage Powder\n|move|p2b: Delphox|Overheat|p1a: Sinistcha\n|-supereffective|p1a: Sinistcha|1\n|-damage|p1a: Sinistcha|0 fnt\n|-unboost|p2b: Delphox|spa|2\n|faint|p1a: Sinistcha\n|move|p2a: Sableye|Foul Play|p1b: Snorlax\n|-damage|p1b: Snorlax|29/100\n|move|p1b: Snorlax|Fissure|p2a: Sableye\n|-damage|p2a: Sableye|0 fnt\n|faint|p2a: Sableye\n|-ohko\n|\n|-heal|p1b: Snorlax|35/100|[from] item: Leftovers\n|upkeep\n|\n|t:|1775905641\n|switch|p1a: Rotom|Rotom-Wash, L50|100/100\n|switch|p2a: Sneasler|Sneasler, L50, F|100/100\n|turn|10\n|\n|t:|1775905656\n|move|p1b: Snorlax|Protect|p1b: Snorlax\n|-singleturn|p1b: Snorlax|Protect\n|move|p2a: Sneasler|Fake Out|p1a: Rotom\n|-damage|p1a: Rotom|80/100\n|cant|p1a: Rotom|flinch\n|move|p2b: Delphox|Overheat|p1b: Snorlax\n|-activate|p1b: Snorlax|move: Protect\n|\n|-heal|p1b: Snorlax|41/100|[from] item: Leftovers\n|upkeep\n|turn|11\n|\n|t:|1775905675\n|switch|p1b: Hawlucha|Hawlucha-Mega, L50, F|44/100 brn\n|move|p1a: Rotom|Hydro Pump|p2b: Delphox\n|-supereffective|p2b: Delphox|1\n|-damage|p2b: Delphox|0 fnt\n|faint|p2b: Delphox\n|move|p2a: Sneasler|Close Combat|p1b: Hawlucha\n|-resisted|p1b: Hawlucha|1\n|-damage|p1b: Hawlucha|9/100 brn\n|-unboost|p2a: Sneasler|def|1\n|-unboost|p2a: Sneasler|spd|1\n|-enditem|p2a: Sneasler|White Herb\n|-clearnegativeboost|p2a: Sneasler|[silent]\n|\n|-damage|p1b: Hawlucha|3/100 brn|[from] brn\n|upkeep\n|turn|12\n|inactive|alpharax127 has 30 seconds left.\n|inactive|alpharax127 has 20 seconds left.\n|inactive|alpharax127 has 15 seconds left.\n|\n|t:|1775905716\n|switch|p1a: Snorlax|Snorlax, L50, M|41/100\n|move|p1b: Hawlucha|Protect|p1b: Hawlucha\n|-singleturn|p1b: Hawlucha|Protect\n|move|p2a: Sneasler|Rock Slide|p1b: Hawlucha|[spread] p1a\n|-activate|p1b: Hawlucha|move: Protect\n|-damage|p1a: Snorlax|28/100\n|\n|-heal|p1a: Snorlax|34/100|[from] item: Leftovers\n|-damage|p1b: Hawlucha|0 fnt|[from] brn\n|faint|p1b: Hawlucha\n|upkeep\n|\n|t:|1775905725\n|switch|p1b: Rotom|Rotom-Wash, L50|80/100\n|turn|13\n|\n|t:|1775905734\n|move|p2a: Sneasler|Close Combat|p1b: Rotom\n|-damage|p1b: Rotom|0 fnt\n|-unboost|p2a: Sneasler|def|1\n|-unboost|p2a: Sneasler|spd|1\n|faint|p1b: Rotom\n|move|p1a: Snorlax|Body Slam|p2a: Sneasler\n|-damage|p2a: Sneasler|13/100\n|-status|p2a: Sneasler|par\n|\n|-heal|p1a: Snorlax|40/100|[from] item: Leftovers\n|upkeep\n|turn|14\n|\n|t:|1775905747\n|move|p1a: Snorlax|Protect|p1a: Snorlax\n|-singleturn|p1a: Snorlax|Protect\n|move|p2a: Sneasler|Close Combat|p1a: Snorlax\n|-activate|p1a: Snorlax|move: Protect\n|\n|-heal|p1a: Snorlax|46/100|[from] item: Leftovers\n|upkeep\n|turn|15\n|\n|t:|1775905755\n|move|p2a: Sneasler|Close Combat|p1a: Snorlax\n|-supereffective|p1a: Snorlax|1\n|-damage|p1a: Snorlax|0 fnt\n|-unboost|p2a: Sneasler|def|1\n|-unboost|p2a: Sneasler|spd|1\n|faint|p1a: Snorlax\n|\n|win|ev_evan\n|raw|alpharax127's rating: 1034 &rarr; <strong>1017</strong><br />(-17 for losing)\n|raw|ev_evan's rating: 1000 &rarr; <strong>1044</strong><br />(+44 for winning)\n|c|\u2606alpharax127|gg\n",
  "uploadtime": 1775905765,
  "views": 12,
  "formatid": "gen9championsvgc2026regma",
  "rating": 1017,
  "private": 0,
  "password": null
}