{
  "id": "gen9championsvgc2026regma-2583667840",
  "format": "[Gen 9 Champions] VGC 2026 Reg M-A",
  "players": [
    "mr0ffline",
    "Ahelo"
  ],
  "log": "|j|\u2606mr0ffline\n|j|\u2606Ahelo\n|t:|1776189860\n|gametype|doubles\n|player|p1|mr0ffline|2|1024\n|player|p2|Ahelo|red|1028\n|gen|9\n|tier|[Gen 9 Champions] VGC 2026 Reg M-A\n|rated|\n|rule|Species Clause: Limit one of each Pok\u00e9mon\n|rule|Item Clause: Limit 1 of each item\n|clearpoke\n|poke|p1|Sinistcha, L50|\n|poke|p1|Incineroar, L50, F|\n|poke|p1|Kommo-o, L50, M|\n|poke|p1|Pelipper, L50, F|\n|poke|p1|Aggron, L50, F|\n|poke|p1|Floette-Eternal, L50, F|\n|poke|p2|Pelipper, L50, M|\n|poke|p2|Sinistcha-Masterpiece, L50|\n|poke|p2|Milotic, L50, F|\n|poke|p2|Dragonite, L50, M|\n|poke|p2|Basculegion, L50, M|\n|poke|p2|Incineroar, L50, M|\n|teampreview|4\n|inactive|Battle timer is ON: inactive players will automatically lose when time's up. (requested by Ahelo)\n|\n|t:|1776189924\n|teamsize|p1|4\n|teamsize|p2|4\n|start\n|switch|p1a: Aggron|Aggron, L50, F|100/100\n|switch|p1b: Kommo-o|Kommo-o, L50, M|100/100\n|switch|p2a: Pelipper|Pelipper, L50, M|100/100\n|switch|p2b: Milotic|Milotic, L50, F|100/100\n|-weather|RainDance|[from] ability: Drizzle|[of] p2a: Pelipper\n|turn|1\n|\n|t:|1776189947\n|detailschange|p1a: Aggron|Aggron-Mega, L50, F\n|-mega|p1a: Aggron|Aggron|Aggronite\n|move|p2a: Pelipper|Hurricane|p1b: Kommo-o\n|-supereffective|p1b: Kommo-o|1\n|-damage|p1b: Kommo-o|28/100\n|move|p1b: Kommo-o|Clanging Scales|p2b: Milotic|[spread] p2a,p2b\n|-damage|p2a: Pelipper|49/100\n|-damage|p2b: Milotic|80/100\n|-unboost|p1b: Kommo-o|def|1\n|move|p2b: Milotic|Muddy Water|p1a: Aggron|[spread] p1a,p1b\n|-resisted|p1b: Kommo-o|1\n|-damage|p1a: Aggron|64/100\n|-damage|p1b: Kommo-o|12/100\n|-unboost|p1a: Aggron|accuracy|1\n|-unboost|p1b: Kommo-o|accuracy|1\n|move|p1a: Aggron|Heavy Slam|p2a: Pelipper|[miss]\n|-miss|p1a: Aggron|p2a: Pelipper\n|\n|-weather|RainDance|[upkeep]\n|-heal|p1b: Kommo-o|18/100|[from] item: Leftovers\n|-heal|p2b: Milotic|86/100|[from] item: Leftovers\n|upkeep\n|turn|2\n|inactive|Ahelo has 30 seconds left.\n|inactive|mr0ffline has 30 seconds left.\n|inactive|mr0ffline has 20 seconds left.\n|inactive|mr0ffline has 15 seconds left.\n|\n|t:|1776189994\n|switch|p1a: Sinistcha|Sinistcha, L50|100/100\n|-heal|p1b: Kommo-o|43/100|[from] ability: Hospitality|[of] p1a: Sinistcha\n|move|p1b: Kommo-o|Protect|p1b: Kommo-o\n|-singleturn|p1b: Kommo-o|Protect\n|move|p2a: Pelipper|Wide Guard|p2a: Pelipper\n|-singleturn|p2a: Pelipper|Wide Guard\n|move|p2b: Milotic|Muddy Water|p1b: Kommo-o|[spread] p1a\n|-activate|p1b: Kommo-o|move: Protect\n|-resisted|p1a: Sinistcha|1\n|-damage|p1a: Sinistcha|81/100\n|\n|-weather|RainDance|[upkeep]\n|-heal|p1b: Kommo-o|49/100|[from] item: Leftovers\n|-heal|p2b: Milotic|92/100|[from] item: Leftovers\n|upkeep\n|turn|3\n|inactive|Ahelo has 30 seconds left.\n|\n|t:|1776190019\n|switch|p1b: Aggron|Aggron-Mega, L50, F|64/100\n|move|p2a: Pelipper|Hurricane|p1a: Sinistcha\n|-supereffective|p1a: Sinistcha|1\n|-damage|p1a: Sinistcha|0 fnt\n|faint|p1a: Sinistcha\n|move|p2b: Milotic|Icy Wind|p1b: Aggron\n|-resisted|p1b: Aggron|1\n|-damage|p1b: Aggron|58/100\n|-unboost|p1b: Aggron|spe|1\n|\n|-weather|RainDance|[upkeep]\n|-heal|p2b: Milotic|98/100|[from] item: Leftovers\n|upkeep\n|\n|t:|1776190029\n|switch|p1a: Kommo-o|Kommo-o, L50, M|49/100\n|turn|4\n|\n|t:|1776190041\n|move|p1a: Kommo-o|Protect|p1a: Kommo-o\n|-singleturn|p1a: Kommo-o|Protect\n|move|p2a: Pelipper|Hurricane|p1a: Kommo-o\n|-activate|p1a: Kommo-o|move: Protect\n|move|p2b: Milotic|Muddy Water|p1a: Kommo-o|[spread] p1b\n|-activate|p1a: Kommo-o|move: Protect\n|-crit|p1b: Aggron\n|-damage|p1b: Aggron|4/100\n|-unboost|p1b: Aggron|accuracy|1\n|move|p1b: Aggron|Heavy Slam|p2a: Pelipper\n|-resisted|p2a: Pelipper|1\n|-damage|p2a: Pelipper|15/100\n|\n|-weather|RainDance|[upkeep]\n|-heal|p1a: Kommo-o|55/100|[from] item: Leftovers\n|-heal|p2b: Milotic|100/100|[from] item: Leftovers\n|upkeep\n|turn|5\n|\n|t:|1776190064\n|move|p1a: Kommo-o|Protect||[still]\n|-fail|p1a: Kommo-o\n|move|p1b: Aggron|Protect|p1b: Aggron\n|-singleturn|p1b: Aggron|Protect\n|move|p2a: Pelipper|Wide Guard|p2a: Pelipper\n|-singleturn|p2a: Pelipper|Wide Guard\n|move|p2b: Milotic|Muddy Water|p1b: Aggron|[spread] p1a\n|-activate|p1b: Aggron|move: Protect\n|-resisted|p1a: Kommo-o|1\n|-damage|p1a: Kommo-o|40/100\n|\n|-weather|none\n|-heal|p1a: Kommo-o|46/100|[from] item: Leftovers\n|upkeep\n|turn|6\n|\n|t:|1776190086\n|switch|p2a: Basculegion|Basculegion, L50, M|100/100\n|move|p1a: Kommo-o|Clanging Scales|p2a: Basculegion|[spread] p2a,p2b\n|-damage|p2a: Basculegion|68/100\n|-damage|p2b: Milotic|81/100\n|-unboost|p1a: Kommo-o|def|1\n|move|p2b: Milotic|Muddy Water|p1a: Kommo-o|[spread] p1a,p1b\n|-resisted|p1a: Kommo-o|1\n|-damage|p1a: Kommo-o|36/100\n|-damage|p1b: Aggron|0 fnt\n|faint|p1b: Aggron\n|\n|-heal|p1a: Kommo-o|42/100|[from] item: Leftovers\n|-heal|p2b: Milotic|87/100|[from] item: Leftovers\n|upkeep\n|\n|t:|1776190094\n|switch|p1b: Floette|Floette-Eternal, L50, F|100/100\n|turn|7\n|\n|t:|1776190109\n|switch|p2a: Pelipper|Pelipper, L50, M|15/100\n|-weather|RainDance|[from] ability: Drizzle|[of] p2a: Pelipper\n|move|p1a: Kommo-o|Protect|p1a: Kommo-o\n|-singleturn|p1a: Kommo-o|Protect\n|move|p2b: Milotic|Protect|p2b: Milotic\n|-singleturn|p2b: Milotic|Protect\n|move|p1b: Floette|Moonblast|p2a: Pelipper\n|-damage|p2a: Pelipper|0 fnt\n|faint|p2a: Pelipper\n|\n|-weather|RainDance|[upkeep]\n|-heal|p1a: Kommo-o|48/100|[from] item: Leftovers\n|-heal|p2b: Milotic|93/100|[from] item: Leftovers\n|upkeep\n|\n|t:|1776190127\n|switch|p2a: Basculegion|Basculegion, L50, M|68/100\n|turn|8\n|\n|t:|1776190145\n|move|p1a: Kommo-o|Protect||[still]\n|-fail|p1a: Kommo-o\n|move|p2a: Basculegion|Wave Crash|p1b: Floette\n|-damage|p1b: Floette|0 fnt\n|faint|p1b: Floette\n|-damage|p2a: Basculegion|38/100|[from] Recoil\n|move|p2b: Milotic|Icy Wind|p1a: Kommo-o\n|-supereffective|p1a: Kommo-o|1\n|-damage|p1a: Kommo-o|24/100\n|-unboost|p1a: Kommo-o|spe|1\n|\n|-weather|RainDance|[upkeep]\n|-heal|p2b: Milotic|99/100|[from] item: Leftovers\n|-heal|p1a: Kommo-o|30/100|[from] item: Leftovers\n|upkeep\n|turn|9\n|\n|t:|1776190164\n|move|p2a: Basculegion|Last Respects|p1a: Kommo-o\n|-damage|p1a: Kommo-o|0 fnt\n|faint|p1a: Kommo-o\n|\n|win|Ahelo\n|raw|mr0ffline's rating: 1024 &rarr; <strong>1011</strong><br />(-13 for losing)\n|raw|Ahelo's rating: 1028 &rarr; <strong>1063</strong><br />(+35 for winning)\n|l|\u2606mr0ffline\n|player|p1|\n",
  "uploadtime": 1776190174,
  "views": 16,
  "formatid": "gen9championsvgc2026regma",
  "rating": 1011,
  "private": 0,
  "password": null
}