{
  "id": "gen9championsvgc2026regma-2587179924",
  "format": "[Gen 9 Champions] VGC 2026 Reg M-A",
  "players": [
    "Psicopatic",
    "nanismo"
  ],
  "log": "|j|\u2606Psicopatic\n|j|\u2606nanismo\n|t:|1776505113\n|gametype|doubles\n|player|p1|Psicopatic|266|1418\n|player|p2|nanismo|265|1455\n|gen|9\n|tier|[Gen 9 Champions] VGC 2026 Reg M-A\n|rated|\n|rule|Species Clause: Limit one of each Pok\u00e9mon\n|rule|Item Clause: Limit 1 of each item\n|clearpoke\n|poke|p1|Politoed, L50, M|\n|poke|p1|Incineroar, L50, M|\n|poke|p1|Gengar, L50, M|\n|poke|p1|Palafin, L50, M|\n|poke|p1|Sableye, L50, F|\n|poke|p1|Kingambit, L50, M|\n|poke|p2|Garchomp, L50, M|\n|poke|p2|Archaludon, L50, F|\n|poke|p2|Pelipper, L50, F|\n|poke|p2|Sneasler, L50, F|\n|poke|p2|Basculegion, L50, M|\n|poke|p2|Scizor, L50, M|\n|teampreview|4\n|\n|t:|1776505147\n|teamsize|p1|4\n|teamsize|p2|4\n|start\n|switch|p1a: Sableye|Sableye, L50, F|100/100\n|switch|p1b: Gengar|Gengar, L50, M|100/100\n|switch|p2a: Pelipper|Pelipper, L50, F|100/100\n|switch|p2b: Archaludon|Archaludon, L50, F|100/100\n|-weather|RainDance|[from] ability: Drizzle|[of] p2a: Pelipper\n|turn|1\n|\n|t:|1776505159\n|detailschange|p1b: Gengar|Gengar-Mega, L50, M\n|-mega|p1b: Gengar|Gengar|Gengarite\n|move|p1a: Sableye|Fake Out|p2b: Archaludon\n|-resisted|p2b: Archaludon|1\n|-damage|p2b: Archaludon|98/100\n|-ability|p2b: Archaludon|Stamina|boost\n|-boost|p2b: Archaludon|def|1\n|move|p1b: Gengar|Perish Song|p1b: Gengar\n|-start|p1a: Sableye|perish3|[silent]\n|-start|p1b: Gengar|perish3|[silent]\n|-start|p2a: Pelipper|perish3|[silent]\n|-start|p2b: Archaludon|perish3|[silent]\n|-fieldactivate|move: Perish Song\n|move|p2a: Pelipper|Weather Ball|p1b: Gengar\n|-damage|p1b: Gengar|4/100\n|cant|p2b: Archaludon|flinch\n|\n|-weather|RainDance|[upkeep]\n|-start|p1b: Gengar|perish3\n|-start|p2a: Pelipper|perish3\n|-start|p2b: Archaludon|perish3\n|-start|p1a: Sableye|perish3\n|upkeep\n|turn|2\n|\n|t:|1776505190\n|move|p1b: Gengar|Protect|p1b: Gengar\n|-singleturn|p1b: Gengar|Protect\n|move|p1a: Sableye|Disable|p2a: Pelipper\n|-start|p2a: Pelipper|Disable|Weather Ball\n|move|p2a: Pelipper|Tailwind|p2a: Pelipper\n|-sidestart|p2: nanismo|move: Tailwind\n|move|p2b: Archaludon|Electro Shot||[still]\n|-prepare|p2b: Archaludon|Electro Shot\n|-boost|p2b: Archaludon|spa|1\n|-anim|p2b: Archaludon|Electro Shot|p1a: Sableye\n|-damage|p1a: Sableye|16/100\n|\n|-weather|RainDance|[upkeep]\n|-start|p2a: Pelipper|perish2\n|-start|p2b: Archaludon|perish2\n|-start|p1b: Gengar|perish2\n|-start|p1a: Sableye|perish2\n|upkeep\n|turn|3\n|\n|t:|1776505237\n|switch|p1b: Incineroar|Incineroar, L50, M|100/100\n|-ability|p1b: Incineroar|Intimidate|boost\n|-unboost|p2a: Pelipper|atk|1\n|-unboost|p2b: Archaludon|atk|1\n|move|p1a: Sableye|Encore|p2a: Pelipper\n|-start|p2a: Pelipper|Encore\n|move|p2a: Pelipper|Tailwind||[still]\n|-fail|p2a: Pelipper\n|move|p2b: Archaludon|Electro Shot||[still]\n|-prepare|p2b: Archaludon|Electro Shot\n|-boost|p2b: Archaludon|spa|1\n|-anim|p2b: Archaludon|Electro Shot|p1a: Sableye\n|-damage|p1a: Sableye|0 fnt\n|faint|p1a: Sableye\n|\n|-weather|RainDance|[upkeep]\n|-start|p2a: Pelipper|perish1\n|-start|p2b: Archaludon|perish1\n|upkeep\n|\n|t:|1776505249\n|switch|p1a: Gengar|Gengar-Mega, L50, M|4/100\n|turn|4\n|\n|t:|1776505260\n|move|p1a: Gengar|Protect|p1a: Gengar\n|-singleturn|p1a: Gengar|Protect\n|move|p1b: Incineroar|Protect|p1b: Incineroar\n|-singleturn|p1b: Incineroar|Protect\n|move|p2a: Pelipper|Tailwind||[still]\n|-fail|p2a: Pelipper\n|move|p2b: Archaludon|Dragon Pulse|p1b: Incineroar\n|-activate|p1b: Incineroar|move: Protect\n|\n|-weather|RainDance|[upkeep]\n|-start|p2a: Pelipper|perish0\n|-start|p2b: Archaludon|perish0\n|faint|p2a: Pelipper\n|faint|p2b: Archaludon\n|upkeep\n|\n|t:|1776505262\n|switch|p2a: Garchomp|Garchomp, L50, M|100/100\n|switch|p2b: Basculegion|Basculegion, L50, M|100/100\n|turn|5\n|inactive|Battle timer is ON: inactive players will automatically lose when time's up. (requested by nanismo)\n|\n|t:|1776505306\n|switch|p1a: Kingambit|Kingambit, L50, M|100/100\n|move|p2b: Basculegion|Wave Crash|p1b: Incineroar\n|-supereffective|p1b: Incineroar|1\n|-damage|p1b: Incineroar|0 fnt\n|faint|p1b: Incineroar\n|-damage|p2b: Basculegion|66/100|[from] Recoil\n|move|p2a: Garchomp|Rock Slide|p1a: Kingambit\n|-resisted|p1a: Kingambit|1\n|-damage|p1a: Kingambit|92/100\n|\n|-weather|none\n|-sideend|p2: nanismo|move: Tailwind\n|upkeep\n|\n|t:|1776505314\n|switch|p1b: Gengar|Gengar-Mega, L50, M|4/100\n|turn|6\n|\n|t:|1776505338\n|move|p1a: Kingambit|Sucker Punch|p2a: Garchomp\n|-damage|p2a: Garchomp|59/100\n|-damage|p1a: Kingambit|80/100|[from] ability: Rough Skin|[of] p2a: Garchomp\n|move|p2b: Basculegion|Wave Crash|p1a: Kingambit\n|-damage|p1a: Kingambit|25/100\n|-damage|p2b: Basculegion|48/100|[from] Recoil\n|move|p1b: Gengar|Shadow Ball|p2a: Garchomp\n|-damage|p2a: Garchomp|3/100\n|move|p2a: Garchomp|Bulldoze|p1a: Kingambit|[spread] p2b,p1a,p1b\n|-supereffective|p1a: Kingambit|1\n|-supereffective|p1b: Gengar|1\n|-damage|p2b: Basculegion|9/100\n|-damage|p1a: Kingambit|0 fnt\n|-damage|p1b: Gengar|0 fnt\n|-unboost|p2b: Basculegion|spe|1\n|faint|p1a: Kingambit\n|faint|p1b: Gengar\n|\n|win|nanismo\n|raw|Psicopatic's rating: 1418 &rarr; <strong>1400</strong><br />(-18 for losing)\n|raw|nanismo's rating: 1455 &rarr; <strong>1473</strong><br />(+18 for winning)\n|l|\u2606Psicopatic\n|player|p1|\n|l|\u2606nanismo\n|player|p2|\n",
  "uploadtime": 1776505392,
  "views": 37,
  "formatid": "gen9championsvgc2026regma",
  "rating": 1400,
  "private": 0,
  "password": null
}