{
  "id": "gen9championsvgc2026regma-2586340252",
  "format": "[Gen 9 Champions] VGC 2026 Reg M-A",
  "players": [
    "BlackWu",
    "Elpirulas666"
  ],
  "log": "|j|\u2606BlackWu\n|j|\u2606Elpirulas666\n|t:|1776426864\n|gametype|doubles\n|player|p1|BlackWu|102|1219\n|player|p2|Elpirulas666|265|1151\n|gen|9\n|tier|[Gen 9 Champions] VGC 2026 Reg M-A\n|rated|\n|rule|Species Clause: Limit one of each Pok\u00e9mon\n|rule|Item Clause: Limit 1 of each item\n|clearpoke\n|poke|p1|Tyranitar, L50, F|\n|poke|p1|Gyarados, L50, M|\n|poke|p1|Sneasler, L50, M|\n|poke|p1|Goodra-Hisui, L50, F|\n|poke|p1|Sinistcha, L50|\n|poke|p1|Farigiraf, L50, M|\n|poke|p2|Tyranitar, L50, M|\n|poke|p2|Excadrill, L50, M|\n|poke|p2|Incineroar, L50, F|\n|poke|p2|Rotom-Wash, L50|\n|poke|p2|Sinistcha, L50|\n|poke|p2|Corviknight, L50, F|\n|teampreview|4\n|inactive|Battle timer is ON: inactive players will automatically lose when time's up. (requested by Elpirulas666)\n|\n|t:|1776426888\n|teamsize|p1|4\n|teamsize|p2|4\n|start\n|switch|p1a: Gyarados|Gyarados, L50, M|100/100\n|switch|p1b: Farigiraf|Farigiraf, L50, M|100/100\n|switch|p2a: Tyranitar|Tyranitar, L50, M|100/100\n|switch|p2b: Excadrill|Excadrill, L50, M|100/100\n|-weather|Sandstorm|[from] ability: Sand Stream|[of] p2a: Tyranitar\n|-ability|p1a: Gyarados|Intimidate|boost\n|-unboost|p2a: Tyranitar|atk|1\n|-unboost|p2b: Excadrill|atk|1\n|turn|1\n|\n|t:|1776426903\n|switch|p1a: Goodra|Goodra-Hisui, L50, F|100/100\n|detailschange|p2a: Tyranitar|Tyranitar-Mega, L50, M\n|-mega|p2a: Tyranitar|Tyranitar|Tyranitarite\n|move|p2b: Excadrill|Rock Slide|p1b: Farigiraf|[spread] p1a,p1b\n|-resisted|p1a: Goodra|1\n|-damage|p1a: Goodra|96/100\n|-damage|p1b: Farigiraf|88/100\n|move|p2a: Tyranitar|Rock Slide|p1b: Farigiraf|[spread] p1a,p1b\n|-resisted|p1a: Goodra|1\n|-damage|p1a: Goodra|88/100\n|-damage|p1b: Farigiraf|70/100\n|move|p1b: Farigiraf|Trick Room|p1b: Farigiraf\n|-fieldstart|move: Trick Room|[of] p1b: Farigiraf\n|\n|-weather|Sandstorm|[upkeep]\n|-damage|p1b: Farigiraf|64/100|[from] Sandstorm\n|-heal|p1a: Goodra|94/100|[from] item: Leftovers\n|upkeep\n|turn|2\n|inactive|BlackWu has 30 seconds left.\n|\n|t:|1776426934\n|switch|p1b: Sinistcha|Sinistcha, L50|100/100\n|-heal|p1a: Goodra|100/100|[from] ability: Hospitality|[of] p1b: Sinistcha\n|switch|p2b: Corviknight|Corviknight, L50, F|100/100\n|move|p2a: Tyranitar|Protect|p2a: Tyranitar\n|-singleturn|p2a: Tyranitar|Protect\n|move|p1a: Goodra|Shelter|p1a: Goodra\n|-boost|p1a: Goodra|def|2\n|\n|-weather|Sandstorm|[upkeep]\n|-damage|p1b: Sinistcha|94/100|[from] Sandstorm\n|upkeep\n|turn|3\n|\n|t:|1776426948\n|move|p1a: Goodra|Body Press|p2a: Tyranitar\n|-supereffective|p2a: Tyranitar|2\n|-damage|p2a: Tyranitar|0 fnt\n|faint|p2a: Tyranitar\n|move|p2b: Corviknight|Iron Defense|p2b: Corviknight\n|-boost|p2b: Corviknight|def|2\n|move|p1b: Sinistcha|Matcha Gotcha|p2b: Corviknight\n|-resisted|p2b: Corviknight|2\n|-damage|p2b: Corviknight|93/100\n|-heal|p1b: Sinistcha|98/100|[from] drain|[of] p2b: Corviknight\n|\n|-weather|Sandstorm|[upkeep]\n|-damage|p1b: Sinistcha|92/100|[from] Sandstorm\n|upkeep\n|\n|t:|1776426956\n|switch|p2a: Sinistcha|Sinistcha, L50|100/100\n|-heal|p2b: Corviknight|100/100|[from] ability: Hospitality|[of] p2a: Sinistcha\n|turn|4\n|\n|t:|1776426965\n|move|p2a: Sinistcha|Rage Powder|p2a: Sinistcha\n|-singleturn|p2a: Sinistcha|move: Rage Powder\n|move|p1a: Goodra|Flash Cannon|p2a: Sinistcha\n|-damage|p2a: Sinistcha|70/100\n|move|p2b: Corviknight|Body Press|p1a: Goodra\n|-supereffective|p1a: Goodra|1\n|-damage|p1a: Goodra|64/100\n|move|p1b: Sinistcha|Matcha Gotcha|p2a: Sinistcha|[spread] p2a\n|-miss|p1b: Sinistcha|p2b: Corviknight\n|-resisted|p2a: Sinistcha|1\n|-damage|p2a: Sinistcha|58/100\n|-heal|p1b: Sinistcha|98/100|[from] drain|[of] p2a: Sinistcha\n|\n|-weather|Sandstorm|[upkeep]\n|-damage|p2a: Sinistcha|52/100|[from] Sandstorm\n|-damage|p1b: Sinistcha|92/100|[from] Sandstorm\n|-heal|p1a: Goodra|70/100|[from] item: Leftovers\n|-heal|p2a: Sinistcha|58/100|[from] item: Leftovers\n|upkeep\n|turn|5\n|\n|t:|1776426988\n|move|p2a: Sinistcha|Rage Powder|p2a: Sinistcha\n|-singleturn|p2a: Sinistcha|move: Rage Powder\n|move|p1a: Goodra|Flash Cannon|p2a: Sinistcha\n|-damage|p2a: Sinistcha|24/100\n|move|p2b: Corviknight|Iron Defense|p2b: Corviknight\n|-boost|p2b: Corviknight|def|2\n|move|p1b: Sinistcha|Life Dew|p1b: Sinistcha|[spread] p1a,p1b\n|-heal|p1a: Goodra|95/100\n|-heal|p1b: Sinistcha|100/100\n|\n|-weather|none\n|-heal|p1a: Goodra|100/100|[from] item: Leftovers\n|-heal|p2a: Sinistcha|30/100|[from] item: Leftovers\n|-fieldend|move: Trick Room\n|upkeep\n|turn|6\n|\n|t:|1776427005\n|move|p2a: Sinistcha|Rage Powder|p2a: Sinistcha\n|-singleturn|p2a: Sinistcha|move: Rage Powder\n|move|p1b: Sinistcha|Rage Powder|p1b: Sinistcha\n|-singleturn|p1b: Sinistcha|move: Rage Powder\n|move|p2b: Corviknight|Body Press|p1b: Sinistcha\n|-immune|p1b: Sinistcha\n|move|p1a: Goodra|Flash Cannon|p2a: Sinistcha\n|-damage|p2a: Sinistcha|0 fnt\n|faint|p2a: Sinistcha\n|\n|upkeep\n|-message|Elpirulas666 forfeited.\n|\n|win|BlackWu\n|raw|BlackWu's rating: 1219 &rarr; <strong>1239</strong><br />(+20 for winning)\n|raw|Elpirulas666's rating: 1151 &rarr; <strong>1131</strong><br />(-20 for losing)\n|l|\u2606Elpirulas666\n|player|p2|\n",
  "uploadtime": 1776427013,
  "views": 29,
  "formatid": "gen9championsvgc2026regma",
  "rating": 1131,
  "private": 0,
  "password": null
}